|badge|p1|silver|gen9uu|30-6
|uhtml|medal-msg|<div class="broadcast-blue">Curious what those medals under the avatar are? PS now has Ladder Seasons! For more information, check out the <a href="https://www.smogon.com/forums/threads/3740067/">thread on Smogon.</a></div>
|j|☆FP.//06
|j|☆rivertet
|t:|1759024219
|gametype|singles
|player|p1|FP.//06|swimmerf2-gen6|
|player|p2|rivertet|cynthia-masters3|
|gen|9
|tier|[Gen 9] OU
|rule|HP Percentage Mod: HP is shown in percentages
|rule|Endless Battle Clause: Forcing endless battles is banned
|rule|Species Clause: Limit one of each Pokémon
|rule|OHKO Clause: OHKO moves are banned
|rule|Evasion Items Clause: Evasion items are banned
|rule|Evasion Moves Clause: Evasion moves are banned
|rule|Evasion Abilities Clause: Evasion abilities are banned
|rule|Sleep Moves Clause: Sleep-inducing moves are banned
|clearpoke
|poke|p1|Ting-Lu|
|poke|p1|Weezing-Galar, F|
|poke|p1|Alomomola, M|
|poke|p1|Tornadus-Therian, M|
|poke|p1|Gholdengo|
|poke|p1|Zamazenta-*|
|poke|p2|Landorus-Therian, M|
|poke|p2|Samurott-Hisui, F|
|poke|p2|Pecharunt|
|poke|p2|Scizor, M|
|poke|p2|Latios, M|
|poke|p2|Zamazenta-*|
|teampreview
|c|☆FP.//06|Pinkacross hazard stack
|c|☆FP.//06|wow
|
|t:|1759024243
|teamsize|p1|6
|teamsize|p2|6
|start
|switch|p1a: G-Wheezy|Weezing-Galar, F|100/100
|switch|p2a: Samurott|Samurott-Hisui, F|100/100
|-ability|p1a: G-Wheezy|Neutralizing Gas
|turn|1
|inactive|Battle timer is ON: inactive players will automatically lose when time's up. (requested by FP.//06)
|
|t:|1759024269
|move|p2a: Samurott|Ceaseless Edge|p1a: G-Wheezy
|-resisted|p1a: G-Wheezy
|-damage|p1a: G-Wheezy|89/100
|-sidestart|p1: FP.//06|Spikes
|move|p1a: G-Wheezy|Will-O-Wisp|p2a: Samurott|[miss]
|-miss|p1a: G-Wheezy|p2a: Samurott
|
|upkeep
|turn|2
|
|t:|1759024283
|move|p2a: Samurott|Knock Off|p1a: G-Wheezy
|-resisted|p1a: G-Wheezy
|-damage|p1a: G-Wheezy|74/100
|-enditem|p1a: G-Wheezy|Heavy-Duty Boots|[from] move: Knock Off|[of] p2a: Samurott
|move|p1a: G-Wheezy|Will-O-Wisp|p2a: Samurott
|-status|p2a: Samurott|brn
|
|-damage|p2a: Samurott|94/100 brn|[from] brn
|upkeep
|turn|3
|inactive|rivertet has 270 seconds left.
|
|t:|1759024320
|move|p2a: Samurott|Razor Shell|p1a: G-Wheezy
|-damage|p1a: G-Wheezy|61/100
|-unboost|p1a: G-Wheezy|def|1
|move|p1a: G-Wheezy|Defog|p2a: Samurott
|-unboost|p2a: Samurott|evasion|1
|-sideend|p1: FP.//06|Spikes|[from] move: Defog|[of] p1a: G-Wheezy
|
|-damage|p2a: Samurott|88/100 brn|[from] brn
|upkeep
|turn|4
|inactive|rivertet has 270 seconds left.
|
|t:|1759024332
|-end|p1a: G-Wheezy|ability: Neutralizing Gas
|switch|p1a: HP Hoe|Alomomola, M|100/100
|move|p2a: Samurott|Ceaseless Edge|p1a: HP Hoe
|-damage|p1a: HP Hoe|85/100
|-damage|p2a: Samurott|72/100 brn|[from] item: Rocky Helmet|[of] p1a: HP Hoe
|-sidestart|p1: FP.//06|Spikes
|
|-damage|p2a: Samurott|65/100 brn|[from] brn
|upkeep
|turn|5
|
|t:|1759024340
|move|p2a: Samurott|Knock Off|p1a: HP Hoe
|-damage|p1a: HP Hoe|71/100
|-damage|p2a: Samurott|49/100 brn|[from] item: Rocky Helmet|[of] p1a: HP Hoe
|-enditem|p1a: HP Hoe|Rocky Helmet|[from] move: Knock Off|[of] p2a: Samurott
|move|p1a: HP Hoe|Wish|p1a: HP Hoe
|
|-damage|p2a: Samurott|43/100 brn|[from] brn
|upkeep
|turn|6
|inactive|rivertet has 270 seconds left.
|
|t:|1759024356
|move|p2a: Samurott|Ceaseless Edge|p1a: HP Hoe
|-damage|p1a: HP Hoe|55/100
|-sidestart|p1: FP.//06|Spikes
|move|p1a: HP Hoe|Flip Turn|p2a: Samurott
|-resisted|p2a: Samurott
|-damage|p2a: Samurott|32/100 brn
|
|t:|1759024359
|switch|p1a: G-Wheezy|Weezing-Galar, F|61/100|[from] Flip Turn
|-ability|p1a: G-Wheezy|Neutralizing Gas
|-damage|p1a: G-Wheezy|45/100|[from] Spikes
|
|-heal|p1a: G-Wheezy|100/100|[from] move: Wish|[wisher] HP Hoe
|-damage|p2a: Samurott|26/100 brn|[from] brn
|upkeep
|turn|7
|inactive|rivertet has 270 seconds left.
|
|t:|1759024375
|switch|p2a: Landorus|Landorus-Therian, M|100/100
|move|p1a: G-Wheezy|Defog|p2a: Landorus
|-unboost|p2a: Landorus|evasion|1
|-sideend|p1: FP.//06|Spikes|[from] move: Defog|[of] p1a: G-Wheezy
|
|upkeep
|turn|8
|
|t:|1759024385
|move|p2a: Landorus|U-turn|p1a: G-Wheezy
|-resisted|p1a: G-Wheezy
|-damage|p1a: G-Wheezy|97/100
|
|t:|1759024390
|switch|p2a: Latios|Latios, M|100/100|[from] U-turn
|move|p1a: G-Wheezy|Will-O-Wisp|p2a: Latios
|-status|p2a: Latios|brn
|
|-damage|p2a: Latios|95/100 brn|[from] brn
|upkeep
|turn|9
|
|t:|1759024407
|switch|p2a: Samurott|Samurott-Hisui, F|26/100 brn
|-end|p1a: G-Wheezy|ability: Neutralizing Gas
|switch|p1a: Djengo Unrained|Gholdengo|100/100
|
|-damage|p2a: Samurott|20/100 brn|[from] brn
|upkeep
|turn|10
|
|t:|1759024416
|move|p1a: Djengo Unrained|Make It Rain|p2a: Samurott
|-resisted|p2a: Samurott
|-damage|p2a: Samurott|0 fnt
|-unboost|p1a: Djengo Unrained|spa|1
|faint|p2a: Samurott
|
|upkeep
|inactive|rivertet has 270 seconds left.
|
|t:|1759024460
|switch|p2a: Landorus|Landorus-Therian, M|100/100
|-ability|p2a: Landorus|Intimidate|boost
|-unboost|p1a: Djengo Unrained|atk|1
|turn|11
|
|t:|1759024466
|switch|p1a: Therry Christmas|Tornadus-Therian, M|100/100
|move|p2a: Landorus|U-turn|p1a: Therry Christmas
|-resisted|p1a: Therry Christmas
|-damage|p1a: Therry Christmas|89/100
|
|t:|1759024476
|switch|p2a: Pecharunt|Pecharunt|100/100|[from] U-turn
|
|upkeep
|turn|12
|
|t:|1759024490
|switch|p1a: Djengo Unrained|Gholdengo|100/100
|move|p2a: Pecharunt|Parting Shot|p1a: Djengo Unrained
|-immune|p1a: Djengo Unrained|[from] ability: Good as Gold
|
|upkeep
|turn|13
|
|t:|1759024497
|move|p1a: Djengo Unrained|Shadow Ball|p2a: Pecharunt
|-supereffective|p2a: Pecharunt
|-damage|p2a: Pecharunt|12/100
|move|p2a: Pecharunt|Shadow Ball|p1a: Djengo Unrained
|-supereffective|p1a: Djengo Unrained
|-damage|p1a: Djengo Unrained|40/100
|-unboost|p1a: Djengo Unrained|spd|1
|
|upkeep
|turn|14
|inactive|rivertet has 270 seconds left.
|
|t:|1759024508
|switch|p2a: Zamazenta|Zamazenta|100/100
|-ability|p2a: Zamazenta|Dauntless Shield|boost
|-boost|p2a: Zamazenta|def|1
|move|p1a: Djengo Unrained|Shadow Ball|p2a: Zamazenta
|-damage|p2a: Zamazenta|60/100
|-unboost|p2a: Zamazenta|spd|1
|
|-heal|p2a: Zamazenta|66/100|[from] item: Leftovers
|upkeep
|turn|15
|inactive|rivertet has 270 seconds left.
|
|t:|1759024540
|switch|p1a: G-Wheezy|Weezing-Galar, F|97/100
|-ability|p1a: G-Wheezy|Neutralizing Gas
|switch|p2a: Pecharunt|Pecharunt|12/100
|
|upkeep
|turn|16
|
|t:|1759024544
|move|p2a: Pecharunt|Recover|p2a: Pecharunt
|-heal|p2a: Pecharunt|62/100
|move|p1a: G-Wheezy|Will-O-Wisp|p2a: Pecharunt|[miss]
|-miss|p1a: G-Wheezy|p2a: Pecharunt
|
|upkeep
|turn|17
|
|t:|1759024554
|move|p2a: Pecharunt|Shadow Ball|p1a: G-Wheezy
|-damage|p1a: G-Wheezy|64/100
|move|p1a: G-Wheezy|Will-O-Wisp|p2a: Pecharunt
|-status|p2a: Pecharunt|brn
|
|-damage|p2a: Pecharunt|56/100 brn|[from] brn
|upkeep
|turn|18
|
|t:|1759024564
|-end|p1a: G-Wheezy|ability: Neutralizing Gas
|switch|p1a: HP Hoe|Alomomola, M|89/100
|move|p2a: Pecharunt|Recover|p2a: Pecharunt
|-heal|p2a: Pecharunt|100/100 brn
|
|-damage|p2a: Pecharunt|94/100 brn|[from] brn
|upkeep
|turn|19
|
|t:|1759024570
|move|p1a: HP Hoe|Protect|p1a: HP Hoe
|-singleturn|p1a: HP Hoe|Protect
|move|p2a: Pecharunt|Malignant Chain|p1a: HP Hoe
|-activate|p1a: HP Hoe|move: Protect
|
|-damage|p2a: Pecharunt|88/100 brn|[from] brn
|upkeep
|turn|20
|
|t:|1759024572
|move|p2a: Pecharunt|Malignant Chain|p1a: HP Hoe
|-damage|p1a: HP Hoe|63/100
|-status|p1a: HP Hoe|tox
|-start|p1a: HP Hoe|confusion|[from] ability: Poison Puppeteer|[of] p2a: Pecharunt
|-activate|p1a: HP Hoe|confusion
|move|p1a: HP Hoe|Wish|p1a: HP Hoe
|
|-damage|p1a: HP Hoe|56/100 tox|[from] psn
|-damage|p2a: Pecharunt|82/100 brn|[from] brn
|upkeep
|turn|21
|
|t:|1759024587
|move|p2a: Pecharunt|Shadow Ball|p1a: HP Hoe
|-damage|p1a: HP Hoe|35/100 tox
|-end|p1a: HP Hoe|confusion
|move|p1a: HP Hoe|Flip Turn|p2a: Pecharunt
|-damage|p2a: Pecharunt|72/100 brn
|
|t:|1759024590
|switch|p1a: Djengo Unrained|Gholdengo|40/100|[from] Flip Turn
|
|-heal|p1a: Djengo Unrained|100/100|[from] move: Wish|[wisher] HP Hoe
|-damage|p2a: Pecharunt|66/100 brn|[from] brn
|upkeep
|turn|22
|
|t:|1759024596
|switch|p2a: Zamazenta|Zamazenta|66/100
|move|p1a: Djengo Unrained|Shadow Ball|p2a: Zamazenta
|-damage|p2a: Zamazenta|31/100
|
|-heal|p2a: Zamazenta|37/100|[from] item: Leftovers
|upkeep
|turn|23
|
|t:|1759024601
|move|p1a: Djengo Unrained|Shadow Ball|p2a: Zamazenta
|-damage|p2a: Zamazenta|0 fnt
|faint|p2a: Zamazenta
|
|upkeep
|c|☆rivertet|yeah ggs i lost
|-message|rivertet forfeited.
|
|win|FP.//06
|c|☆FP.//06|gg
