|j|☆Azunail
|j|☆Hauntly31
|t:|1759048866
|gametype|singles
|player|p1|Azunail|yellow|1483
|player|p2|Hauntly31|n|1533
|gen|9
|tier|[Gen 9] OU
|rated|
|rule|HP Percentage Mod: HP is shown in percentages
|rule|Endless Battle Clause: Forcing endless battles is banned
|rule|Species Clause: Limit one of each Pokémon
|rule|OHKO Clause: OHKO moves are banned
|rule|Evasion Items Clause: Evasion items are banned
|rule|Evasion Moves Clause: Evasion moves are banned
|rule|Evasion Abilities Clause: Evasion abilities are banned
|rule|Sleep Moves Clause: Sleep-inducing moves are banned
|clearpoke
|poke|p1|Snorlax, M|
|poke|p1|Gholdengo|
|poke|p1|Landorus-Therian, M|
|poke|p1|Zamazenta-*|
|poke|p1|Rillaboom, M|
|poke|p1|Dragonite, F|
|poke|p2|Tyranitar, M|
|poke|p2|Excadrill, M|
|poke|p2|Tornadus-Therian, M|
|poke|p2|Tinkaton, F|
|poke|p2|Sinistcha|
|poke|p2|Toxapex, M|
|teampreview
|inactive|Battle timer is ON: inactive players will automatically lose when time's up. (requested by Azunail)
|
|t:|1759048883
|teamsize|p1|6
|teamsize|p2|6
|start
|switch|p1a: Landorus|Landorus-Therian, M|100/100
|switch|p2a: Tyranitar|Tyranitar, M, shiny|100/100
|-ability|p1a: Landorus|Intimidate|boost
|-unboost|p2a: Tyranitar|atk|1
|-weather|Sandstorm|[from] ability: Sand Stream|[of] p2a: Tyranitar
|turn|1
|
|t:|1759048893
|switch|p2a: Tornadus|Tornadus-Therian, M, shiny|100/100
|move|p1a: Landorus|Taunt|p2a: Tornadus
|-start|p2a: Tornadus|move: Taunt
|
|-weather|Sandstorm|[upkeep]
|-damage|p2a: Tornadus|94/100|[from] Sandstorm
|upkeep
|turn|2
|
|t:|1759048900
|move|p2a: Tornadus|Bleakwind Storm|p1a: Landorus
|-crit|p1a: Landorus
|-damage|p1a: Landorus|0 fnt
|faint|p1a: Landorus
|
|-weather|Sandstorm|[upkeep]
|-damage|p2a: Tornadus|88/100|[from] Sandstorm
|upkeep
|
|t:|1759048909
|switch|p1a: Snorlax|Snorlax, M, shiny|100/100
|turn|3
|
|t:|1759048919
|switch|p2a: Toxapex|Toxapex, M, shiny|100/100
|move|p1a: Snorlax|Curse|p1a: Snorlax
|-unboost|p1a: Snorlax|spe|1
|-boost|p1a: Snorlax|atk|1
|-boost|p1a: Snorlax|def|1
|
|-weather|Sandstorm|[upkeep]
|-damage|p2a: Toxapex|95/100|[from] Sandstorm
|-damage|p1a: Snorlax|94/100|[from] Sandstorm
|-heal|p1a: Snorlax|100/100|[from] item: Leftovers
|upkeep
|turn|4
|
|t:|1759048936
|move|p2a: Toxapex|Haze|p2a: Toxapex
|-clearallboost
|move|p1a: Snorlax|Crunch|p2a: Toxapex
|-damage|p2a: Toxapex|81/100
|-enditem|p2a: Toxapex|Eject Button
|
|t:|1759048942
|switch|p2a: Tyranitar|Tyranitar, M, shiny|100/100
|
|-weather|Sandstorm|[upkeep]
|-damage|p1a: Snorlax|94/100|[from] Sandstorm
|-heal|p1a: Snorlax|100/100|[from] item: Leftovers
|upkeep
|turn|5
|
|t:|1759048963
|switch|p1a: Zamazenta|Zamazenta|100/100
|-ability|p1a: Zamazenta|Dauntless Shield|boost
|-boost|p1a: Zamazenta|def|1
|move|p2a: Tyranitar|Knock Off|p1a: Zamazenta
|-resisted|p1a: Zamazenta
|-crit|p1a: Zamazenta
|-damage|p1a: Zamazenta|49/100
|-enditem|p1a: Zamazenta|Leftovers|[from] move: Knock Off|[of] p2a: Tyranitar
|
|-weather|none
|upkeep
|turn|6
|
|t:|1759048973
|switch|p2a: Sinistcha|Sinistcha, shiny|100/100
|move|p1a: Zamazenta|Iron Defense|p1a: Zamazenta
|-boost|p1a: Zamazenta|def|2
|
|upkeep
|turn|7
|
|t:|1759048979
|move|p1a: Zamazenta|Crunch|p2a: Sinistcha
|-supereffective|p2a: Sinistcha
|-crit|p2a: Sinistcha
|-damage|p2a: Sinistcha|55/100
|-unboost|p2a: Sinistcha|def|1
|move|p2a: Sinistcha|Shadow Ball|p1a: Zamazenta
|-damage|p1a: Zamazenta|24/100
|
|-heal|p2a: Sinistcha|61/100|[from] item: Leftovers
|upkeep
|turn|8
|
|t:|1759048993
|switch|p1a: Snorlax|Snorlax, M, shiny|100/100
|switch|p2a: Toxapex|Toxapex, M, shiny|100/100
|
|upkeep
|turn|9
|
|t:|1759049001
|switch|p1a: Gholdengo|Gholdengo|100/100
|move|p2a: Toxapex|Toxic|p1a: Gholdengo
|-immune|p1a: Gholdengo|[from] ability: Good as Gold
|
|upkeep
|turn|10
|
|t:|1759049013
|switch|p2a: Tyranitar|Tyranitar, M, shiny|100/100
|-weather|Sandstorm|[from] ability: Sand Stream|[of] p2a: Tyranitar
|move|p1a: Gholdengo|Shadow Ball|p2a: Tyranitar
|-resisted|p2a: Tyranitar
|-damage|p2a: Tyranitar|85/100
|
|-weather|Sandstorm|[upkeep]
|upkeep
|turn|11
|
|t:|1759049018
|switch|p1a: Zamazenta|Zamazenta|24/100
|move|p2a: Tyranitar|Knock Off|p1a: Zamazenta
|-resisted|p1a: Zamazenta
|-damage|p1a: Zamazenta|2/100
|
|-weather|Sandstorm|[upkeep]
|-damage|p1a: Zamazenta|0 fnt|[from] Sandstorm
|faint|p1a: Zamazenta
|upkeep
|
|t:|1759049022
|switch|p1a: Dragonite|Dragonite, F|100/100
|turn|12
|
|t:|1759049026
|move|p1a: Dragonite|Dragon Dance|p1a: Dragonite
|-boost|p1a: Dragonite|atk|1
|-boost|p1a: Dragonite|spe|1
|move|p2a: Tyranitar|Knock Off|p1a: Dragonite
|-damage|p1a: Dragonite|50/100
|-enditem|p1a: Dragonite|Heavy-Duty Boots|[from] move: Knock Off|[of] p2a: Tyranitar
|
|-weather|Sandstorm|[upkeep]
|-damage|p1a: Dragonite|44/100|[from] Sandstorm
|upkeep
|turn|13
|
|t:|1759049031
|switch|p2a: Tinkaton|Tinkaton, F, shiny|100/100
|-item|p2a: Tinkaton|Air Balloon
|move|p1a: Dragonite|Earthquake|p2a: Tinkaton
|-immune|p2a: Tinkaton
|
|-weather|Sandstorm|[upkeep]
|-damage|p1a: Dragonite|38/100|[from] Sandstorm
|upkeep
|turn|14
|
|t:|1759049039
|move|p1a: Dragonite|Extreme Speed|p2a: Tinkaton
|-resisted|p2a: Tinkaton
|-damage|p2a: Tinkaton|70/100
|-enditem|p2a: Tinkaton|Air Balloon
|move|p2a: Tinkaton|Gigaton Hammer|p1a: Dragonite
|-damage|p1a: Dragonite|0 fnt
|faint|p1a: Dragonite
|
|-weather|none
|upkeep
|
|t:|1759049045
|switch|p1a: Snorlax|Snorlax, M, shiny|100/100
|turn|15
|
|t:|1759049051
|switch|p1a: Rillaboom|Rillaboom, M|100/100
|-fieldstart|move: Grassy Terrain|[from] ability: Grassy Surge|[of] p1a: Rillaboom
|move|p2a: Tinkaton|Stealth Rock|p1a: Rillaboom
|-sidestart|p1: Azunail|move: Stealth Rock
|
|-heal|p2a: Tinkaton|76/100|[from] Grassy Terrain
|upkeep
|turn|16
|
|t:|1759049058
|move|p2a: Tinkaton|Gigaton Hammer|p1a: Rillaboom
|-damage|p1a: Rillaboom|32/100
|move|p1a: Rillaboom|Wood Hammer|p2a: Tinkaton
|-resisted|p2a: Tinkaton
|-damage|p2a: Tinkaton|0 fnt
|faint|p2a: Tinkaton
|-damage|p1a: Rillaboom|9/100|[from] Recoil
|
|-heal|p1a: Rillaboom|15/100|[from] Grassy Terrain
|upkeep
|
|t:|1759049070
|switch|p2a: Tornadus|Tornadus-Therian, M, shiny|100/100
|turn|17
|
|t:|1759049078
|move|p2a: Tornadus|Bleakwind Storm|p1a: Rillaboom
|-supereffective|p1a: Rillaboom
|-damage|p1a: Rillaboom|0 fnt
|faint|p1a: Rillaboom
|
|upkeep
|
|t:|1759049084
|switch|p1a: Snorlax|Snorlax, M, shiny|100/100
|-damage|p1a: Snorlax|88/100|[from] Stealth Rock
|turn|18
|
|t:|1759049096
|switch|p2a: Tyranitar|Tyranitar, M, shiny|85/100
|-weather|Sandstorm|[from] ability: Sand Stream|[of] p2a: Tyranitar
|move|p1a: Snorlax|Curse|p1a: Snorlax
|-unboost|p1a: Snorlax|spe|1
|-boost|p1a: Snorlax|atk|1
|-boost|p1a: Snorlax|def|1
|
|-weather|Sandstorm|[upkeep]
|-damage|p1a: Snorlax|82/100|[from] Sandstorm
|-heal|p2a: Tyranitar|91/100|[from] Grassy Terrain
|-heal|p1a: Snorlax|88/100|[from] Grassy Terrain
|-heal|p1a: Snorlax|94/100|[from] item: Leftovers
|upkeep
|turn|19
|
|t:|1759049115
|move|p2a: Tyranitar|Low Kick|p1a: Snorlax
|-supereffective|p1a: Snorlax
|-damage|p1a: Snorlax|13/100
|move|p1a: Snorlax|Crunch|p2a: Tyranitar
|-resisted|p2a: Tyranitar
|-damage|p2a: Tyranitar|77/100
|-unboost|p2a: Tyranitar|def|1
|
|-weather|Sandstorm|[upkeep]
|-damage|p1a: Snorlax|7/100|[from] Sandstorm
|-heal|p2a: Tyranitar|83/100|[from] Grassy Terrain
|-heal|p1a: Snorlax|13/100|[from] Grassy Terrain
|-heal|p1a: Snorlax|19/100|[from] item: Leftovers
|-fieldend|move: Grassy Terrain
|upkeep
|turn|20
|
|t:|1759049121
|-terastallize|p1a: Snorlax|Ghost
|move|p2a: Tyranitar|Low Kick|p1a: Snorlax
|-immune|p1a: Snorlax
|move|p1a: Snorlax|Rest|p1a: Snorlax
|-status|p1a: Snorlax|slp|[from] move: Rest
|-heal|p1a: Snorlax|100/100 slp|[silent]
|
|-weather|Sandstorm|[upkeep]
|-damage|p1a: Snorlax|94/100 slp|[from] Sandstorm
|-heal|p1a: Snorlax|100/100 slp|[from] item: Leftovers
|upkeep
|turn|21
|-message|Azunail forfeited.
|
|win|Hauntly31
|raw|Azunail's rating: 1483 &rarr; <strong>1466</strong><br />(-17 for losing)
|raw|Hauntly31's rating: 1533 &rarr; <strong>1550</strong><br />(+17 for winning)
|l|☆Azunail
|player|p1|
|l|☆Hauntly31
|player|p2|
