|j|☆polo4569
|j|☆maackia=w=
|t:|1758955779
|gametype|singles
|player|p1|polo4569|169|1291
|player|p2|maackia=w=|miku-ghost|1299
|gen|9
|tier|[Gen 9] OU
|rated|
|rule|HP Percentage Mod: HP is shown in percentages
|rule|Endless Battle Clause: Forcing endless battles is banned
|rule|Species Clause: Limit one of each Pokémon
|rule|OHKO Clause: OHKO moves are banned
|rule|Evasion Items Clause: Evasion items are banned
|rule|Evasion Moves Clause: Evasion moves are banned
|rule|Evasion Abilities Clause: Evasion abilities are banned
|rule|Sleep Moves Clause: Sleep-inducing moves are banned
|clearpoke
|poke|p1|Ceruledge, M|
|poke|p1|Ogerpon-Cornerstone, F|
|poke|p1|Enamorus, F|
|poke|p1|Sandy Shocks|
|poke|p1|Dragalge, M|
|poke|p1|Ambipom, F|
|poke|p2|Clefable, F|
|poke|p2|Mandibuzz, F|
|poke|p2|Gliscor, F|
|poke|p2|Ogerpon-Wellspring, F|
|poke|p2|Heatran, M|
|poke|p2|Iron Valiant|
|teampreview
|inactive|Battle timer is ON: inactive players will automatically lose when time's up. (requested by polo4569)
|inactive|maackia=w= also wants the timer to be on.
|
|t:|1758955812
|teamsize|p1|6
|teamsize|p2|6
|start
|switch|p1a: Ambipom|Ambipom, F|100/100
|switch|p2a: Heatran|Heatran, M|100/100
|turn|1
|
|t:|1758955820
|move|p1a: Ambipom|Fake Out|p2a: Heatran
|-resisted|p2a: Heatran
|-damage|p2a: Heatran|86/100
|-damage|p1a: Ambipom|91/100|[from] item: Life Orb
|cant|p2a: Heatran|flinch
|
|-heal|p2a: Heatran|92/100|[from] item: Leftovers
|upkeep
|turn|2
|
|t:|1758955827
|move|p1a: Ambipom|U-turn|p2a: Heatran
|-resisted|p2a: Heatran
|-damage|p2a: Heatran|87/100
|-damage|p1a: Ambipom|81/100|[from] item: Life Orb
|
|t:|1758955832
|switch|p1a: Sandy Shocks|Sandy Shocks|100/100|[from] U-turn
|move|p2a: Heatran|Stealth Rock|p1a: Sandy Shocks
|-sidestart|p1: polo4569|move: Stealth Rock
|
|-heal|p2a: Heatran|93/100|[from] item: Leftovers
|upkeep
|turn|3
|
|t:|1758955845
|switch|p2a: Ogerpon|Ogerpon-Wellspring, F|100/100
|move|p1a: Sandy Shocks|Stealth Rock|p2a: Ogerpon
|-sidestart|p2: maackia=w=|move: Stealth Rock
|
|upkeep
|turn|4
|
|t:|1758955863
|move|p2a: Ogerpon|Ivy Cudgel|p1a: Sandy Shocks|[anim] Ivy Cudgel Water
|-supereffective|p1a: Sandy Shocks
|-damage|p1a: Sandy Shocks|0 fnt
|faint|p1a: Sandy Shocks
|-end|p1a: Sandy Shocks|Protosynthesis|[silent]
|
|upkeep
|
|t:|1758955871
|switch|p1a: Dragalge|Dragalge, M|100/100
|-damage|p1a: Dragalge|88/100|[from] Stealth Rock
|turn|5
|
|t:|1758955900
|move|p2a: Ogerpon|U-turn|p1a: Dragalge
|-resisted|p1a: Dragalge
|-damage|p1a: Dragalge|73/100
|
|t:|1758955908
|switch|p2a: Gliscor|Gliscor, F|100/100|[from] U-turn
|-damage|p2a: Gliscor|88/100|[from] Stealth Rock
|move|p1a: Dragalge|Sludge Bomb|p2a: Gliscor
|-resisted|p2a: Gliscor
|-damage|p2a: Gliscor|60/100
|-status|p2a: Gliscor|psn
|
|-heal|p2a: Gliscor|73/100 psn|[from] ability: Poison Heal
|upkeep
|turn|6
|inactive|maackia=w= has 120 seconds left.
|
|t:|1758955927
|move|p2a: Gliscor|Knock Off|p1a: Dragalge
|-damage|p1a: Dragalge|44/100
|-enditem|p1a: Dragalge|Assault Vest|[from] move: Knock Off|[of] p2a: Gliscor
|move|p1a: Dragalge|Scald|p2a: Gliscor
|-supereffective|p2a: Gliscor
|-damage|p2a: Gliscor|22/100 psn
|
|-heal|p2a: Gliscor|35/100 psn|[from] ability: Poison Heal
|upkeep
|turn|7
|
|t:|1758955936
|move|p2a: Gliscor|Protect|p2a: Gliscor
|-singleturn|p2a: Gliscor|Protect
|move|p1a: Dragalge|Scald|p2a: Gliscor
|-activate|p2a: Gliscor|move: Protect
|
|-heal|p2a: Gliscor|47/100 psn|[from] ability: Poison Heal
|upkeep
|turn|8
|
|t:|1758955948
|switch|p2a: Ogerpon|Ogerpon-Wellspring, F|100/100
|-damage|p2a: Ogerpon|88/100|[from] Stealth Rock
|move|p1a: Dragalge|Scald|p2a: Ogerpon
|-heal|p2a: Ogerpon|100/100|[from] ability: Water Absorb|[of] p1a: Dragalge
|
|upkeep
|turn|9
|
|t:|1758955962
|move|p2a: Ogerpon|U-turn|p1a: Dragalge
|-resisted|p1a: Dragalge
|-damage|p1a: Dragalge|28/100
|inactive|maackia=w= has 120 seconds left.
|
|t:|1758955977
|switch|p2a: Heatran|Heatran, M|93/100|[from] U-turn
|-damage|p2a: Heatran|81/100|[from] Stealth Rock
|move|p1a: Dragalge|Sludge Bomb|p2a: Heatran
|-immune|p2a: Heatran
|
|-heal|p2a: Heatran|87/100|[from] item: Leftovers
|upkeep
|turn|10
|inactive|maackia=w= has 120 seconds left.
|
|t:|1758955993
|move|p2a: Heatran|Earth Power|p1a: Dragalge
|-supereffective|p1a: Dragalge
|-damage|p1a: Dragalge|0 fnt
|faint|p1a: Dragalge
|
|-heal|p2a: Heatran|93/100|[from] item: Leftovers
|upkeep
|
|t:|1758955999
|switch|p1a: Enamorus|Enamorus, F|100/100
|-damage|p1a: Enamorus|76/100|[from] Stealth Rock
|turn|11
|inactive|maackia=w= has 120 seconds left.
|
|t:|1758956023
|move|p2a: Heatran|Protect|p2a: Heatran
|-singleturn|p2a: Heatran|Protect
|move|p1a: Enamorus|Superpower|p2a: Heatran
|-activate|p2a: Heatran|move: Protect
|
|-heal|p1a: Enamorus|82/100|[from] item: Leftovers
|-heal|p2a: Heatran|99/100|[from] item: Leftovers
|upkeep
|turn|12
|
|t:|1758956036
|switch|p2a: Clefable|Clefable, F|100/100
|move|p1a: Enamorus|Superpower|p2a: Clefable
|-resisted|p2a: Clefable
|-damage|p2a: Clefable|86/100
|-boost|p1a: Enamorus|atk|1
|-boost|p1a: Enamorus|def|1
|
|-heal|p1a: Enamorus|88/100|[from] item: Leftovers
|-heal|p2a: Clefable|92/100|[from] item: Leftovers
|upkeep
|turn|13
|
|t:|1758956050
|move|p1a: Enamorus|Taunt|p2a: Clefable
|-start|p2a: Clefable|move: Taunt
|cant|p2a: Clefable|move: Taunt|Thunder Wave
|
|-heal|p1a: Enamorus|94/100|[from] item: Leftovers
|-heal|p2a: Clefable|98/100|[from] item: Leftovers
|upkeep
|turn|14
|
|t:|1758956057
|move|p1a: Enamorus|Play Rough|p2a: Clefable
|-damage|p2a: Clefable|54/100
|move|p2a: Clefable|Moonblast|p1a: Enamorus
|-damage|p1a: Enamorus|57/100
|
|-heal|p1a: Enamorus|63/100|[from] item: Leftovers
|-heal|p2a: Clefable|60/100|[from] item: Leftovers
|upkeep
|turn|15
|inactive|maackia=w= has 120 seconds left.
|
|t:|1758956071
|move|p1a: Enamorus|Play Rough|p2a: Clefable
|-damage|p2a: Clefable|11/100
|move|p2a: Clefable|Moonblast|p1a: Enamorus
|-damage|p1a: Enamorus|25/100
|
|-heal|p1a: Enamorus|32/100|[from] item: Leftovers
|-heal|p2a: Clefable|17/100|[from] item: Leftovers
|-end|p2a: Clefable|move: Taunt
|upkeep
|turn|16
|inactive|maackia=w= has 120 seconds left.
|
|t:|1758956083
|move|p1a: Enamorus|Play Rough|p2a: Clefable
|-damage|p2a: Clefable|0 fnt
|faint|p2a: Clefable
|
|-heal|p1a: Enamorus|38/100|[from] item: Leftovers
|upkeep
|inactive|maackia=w= has 90 seconds left.
|
|t:|1758956125
|switch|p2a: Iron Valiant|Iron Valiant|100/100
|-damage|p2a: Iron Valiant|94/100|[from] Stealth Rock
|-enditem|p2a: Iron Valiant|Booster Energy
|-activate|p2a: Iron Valiant|ability: Quark Drive|[fromitem]
|-start|p2a: Iron Valiant|quarkdrivespe
|turn|17
|
|t:|1758956133
|move|p2a: Iron Valiant|Moonblast|p1a: Enamorus
|-damage|p1a: Enamorus|0 fnt
|faint|p1a: Enamorus
|
|upkeep
|
|t:|1758956143
|switch|p1a: Ambipom|Ambipom, F|81/100
|-damage|p1a: Ambipom|68/100|[from] Stealth Rock
|turn|18
|inactive|maackia=w= has 90 seconds left.
|
|t:|1758956158
|move|p1a: Ambipom|Fake Out|p2a: Iron Valiant
|-damage|p2a: Iron Valiant|43/100
|-damage|p1a: Ambipom|58/100|[from] item: Life Orb
|cant|p2a: Iron Valiant|flinch
|
|upkeep
|turn|19
|
|t:|1758956170
|switch|p1a: Ceruledge|Ceruledge, M|100/100
|-damage|p1a: Ceruledge|76/100|[from] Stealth Rock
|move|p2a: Iron Valiant|Encore||[still]
|-fail|p2a: Iron Valiant
|
|upkeep
|turn|20
|
|t:|1758956188
|move|p2a: Iron Valiant|Knock Off|p1a: Ceruledge
|-supereffective|p1a: Ceruledge
|-damage|p1a: Ceruledge|0 fnt
|-enditem|p1a: Ceruledge|Choice Scarf|[from] move: Knock Off|[of] p2a: Iron Valiant
|faint|p1a: Ceruledge
|
|upkeep
|
|t:|1758956192
|switch|p1a: Ogerpon|Ogerpon-Cornerstone, F|100/100
|-damage|p1a: Ogerpon|88/100|[from] Stealth Rock
|turn|21
|
|t:|1758956208
|move|p2a: Iron Valiant|Close Combat|p1a: Ogerpon
|-supereffective|p1a: Ogerpon
|-damage|p1a: Ogerpon|0 fnt
|-unboost|p2a: Iron Valiant|def|1
|-unboost|p2a: Iron Valiant|spd|1
|faint|p1a: Ogerpon
|
|upkeep
|-message|polo4569 forfeited.
|
|win|maackia=w=
|raw|polo4569's rating: 1291 &rarr; <strong>1267</strong><br />(-24 for losing)
|raw|maackia=w='s rating: 1299 &rarr; <strong>1323</strong><br />(+24 for winning)
|l|☆polo4569
|player|p1|
