|j|☆Awesomem2005
|j|☆Paper_Falconv2
|t:|1758994267
|gametype|singles
|player|p1|Awesomem2005|266|1100
|player|p2|Paper_Falconv2|sage|1070
|gen|9
|tier|[Gen 9] OU
|rated|
|rule|HP Percentage Mod: HP is shown in percentages
|rule|Endless Battle Clause: Forcing endless battles is banned
|rule|Species Clause: Limit one of each Pokémon
|rule|OHKO Clause: OHKO moves are banned
|rule|Evasion Items Clause: Evasion items are banned
|rule|Evasion Moves Clause: Evasion moves are banned
|rule|Evasion Abilities Clause: Evasion abilities are banned
|rule|Sleep Moves Clause: Sleep-inducing moves are banned
|clearpoke
|poke|p1|Raging Bolt|
|poke|p1|Kyurem|
|poke|p1|Metagross|
|poke|p1|Ogerpon-Wellspring, F|
|poke|p1|Salamence, M|
|poke|p1|Iron Leaves|
|poke|p2|Regice|
|poke|p2|Ninetales-Alola, M|
|poke|p2|Sableye, F|
|poke|p2|Duraludon, M|
|poke|p2|Dondozo, F|
|poke|p2|Quaquaval, F|
|teampreview
|inactive|Battle timer is ON: inactive players will automatically lose when time's up. (requested by Awesomem2005)
|
|t:|1758994323
|teamsize|p1|6
|teamsize|p2|6
|start
|switch|p1a: Metagross|Metagross|100/100
|switch|p2a: Ninetales|Ninetales-Alola, M|100/100
|-weather|Snowscape|[from] ability: Snow Warning|[of] p2a: Ninetales
|turn|1
|
|t:|1758994344
|move|p2a: Ninetales|Aurora Veil|p2a: Ninetales
|-sidestart|p2: Paper_Falconv2|move: Aurora Veil
|move|p1a: Metagross|Earthquake|p2a: Ninetales
|-damage|p2a: Ninetales|82/100
|
|-weather|Snowscape|[upkeep]
|upkeep
|turn|2
|inactive|Paper_Falconv2 has 120 seconds left.
|
|t:|1758994381
|switch|p2a: Sableye|Sableye, F|100/100
|move|p1a: Metagross|Stealth Rock|p2a: Sableye
|-sidestart|p2: Paper_Falconv2|move: Stealth Rock
|
|-weather|Snowscape|[upkeep]
|upkeep
|turn|3
|inactive|Paper_Falconv2 has 120 seconds left.
|
|t:|1758994399
|move|p1a: Metagross|Heavy Slam|p2a: Sableye
|-damage|p2a: Sableye|67/100
|move|p2a: Sableye|Foul Play|p1a: Metagross
|-supereffective|p1a: Metagross
|-enditem|p1a: Metagross|Focus Sash
|-damage|p1a: Metagross|1/100
|
|-weather|Snowscape|[upkeep]
|upkeep
|turn|4
|
|t:|1758994408
|move|p1a: Metagross|Explosion|p2a: Sableye
|-immune|p2a: Sableye
|faint|p1a: Metagross
|move|p2a: Sableye|Foul Play|p1: Metagross|[notarget]
|-fail|p2a: Sableye
|
|-weather|Snowscape|[upkeep]
|upkeep
|
|t:|1758994423
|switch|p1a: Iron Leaves|Iron Leaves|100/100
|-enditem|p1a: Iron Leaves|Booster Energy
|-activate|p1a: Iron Leaves|ability: Quark Drive|[fromitem]
|-start|p1a: Iron Leaves|quarkdrivespe
|turn|5
|
|t:|1758994430
|move|p1a: Iron Leaves|Swords Dance|p1a: Iron Leaves
|-boost|p1a: Iron Leaves|atk|2
|move|p2a: Sableye|Foul Play|p1a: Iron Leaves
|-supereffective|p1a: Iron Leaves
|-damage|p1a: Iron Leaves|0 fnt
|faint|p1a: Iron Leaves
|-end|p1a: Iron Leaves|Quark Drive|[silent]
|
|-weather|Snowscape|[upkeep]
|-sideend|p2: Paper_Falconv2|move: Aurora Veil
|upkeep
|inactive|Awesomem2005 has 120 seconds left.
|
|t:|1758994470
|switch|p1a: Salamence|Salamence, M|100/100
|turn|6
|
|t:|1758994480
|switch|p2a: Dondozo|Dondozo, F|100/100
|-damage|p2a: Dondozo|88/100|[from] Stealth Rock
|move|p1a: Salamence|Earthquake|p2a: Dondozo
|-crit|p2a: Dondozo
|-damage|p2a: Dondozo|65/100
|
|-weather|Snowscape|[upkeep]
|upkeep
|turn|7
|
|t:|1758994495
|move|p1a: Salamence|Draco Meteor|p2a: Dondozo
|-damage|p2a: Dondozo|9/100
|-unboost|p1a: Salamence|spa|2
|move|p2a: Dondozo|Liquidation|p1a: Salamence
|-resisted|p1a: Salamence
|-damage|p1a: Salamence|78/100
|-unboost|p1a: Salamence|def|1
|
|-weather|Snowscape|[upkeep]
|upkeep
|turn|8
|
|t:|1758994504
|move|p1a: Salamence|Draco Meteor|p2a: Dondozo
|-damage|p2a: Dondozo|0 fnt
|-unboost|p1a: Salamence|spa|2
|faint|p2a: Dondozo
|-ability|p1a: Salamence|Moxie|boost
|-boost|p1a: Salamence|atk|1
|
|-weather|none
|upkeep
|
|t:|1758994513
|switch|p2a: Quaquaval|Quaquaval, F|100/100
|-damage|p2a: Quaquaval|94/100|[from] Stealth Rock
|turn|9
|
|t:|1758994521
|move|p1a: Salamence|Earthquake|p2a: Quaquaval
|-damage|p2a: Quaquaval|45/100
|move|p2a: Quaquaval|Triple Axel|p1a: Salamence
|-supereffective|p1a: Salamence
|-damage|p1a: Salamence|22/100
|-supereffective|p1a: Salamence
|-damage|p1a: Salamence|0 fnt
|faint|p1a: Salamence
|-ability|p2a: Quaquaval|Moxie|boost
|-boost|p2a: Quaquaval|atk|1
|-hitcount|p1: Salamence|2
|
|upkeep
|inactive|Awesomem2005 has 120 seconds left.
|
|t:|1758994533
|switch|p1a: Raging Bolt|Raging Bolt|100/100
|turn|10
|
|t:|1758994537
|move|p1a: Raging Bolt|Thunderclap|p2a: Quaquaval
|-supereffective|p2a: Quaquaval
|-damage|p2a: Quaquaval|0 fnt
|faint|p2a: Quaquaval
|
|upkeep
|
|t:|1758994545
|switch|p2a: Ninetales|Ninetales-Alola, M|82/100
|-damage|p2a: Ninetales|58/100|[from] Stealth Rock
|-weather|Snowscape|[from] ability: Snow Warning|[of] p2a: Ninetales
|turn|11
|
|t:|1758994557
|move|p1a: Raging Bolt|Thunderclap|p2a: Ninetales
|-damage|p2a: Ninetales|0 fnt
|faint|p2a: Ninetales
|
|-weather|Snowscape|[upkeep]
|upkeep
|
|t:|1758994565
|switch|p2a: Regice|Regice|100/100
|-damage|p2a: Regice|75/100|[from] Stealth Rock
|turn|12
|
|t:|1758994569
|move|p1a: Raging Bolt|Thunderclap||[still]
|-fail|p1a: Raging Bolt
|move|p2a: Regice|Curse|p2a: Regice
|-unboost|p2a: Regice|spe|1
|-boost|p2a: Regice|atk|1
|-boost|p2a: Regice|def|1
|
|-weather|Snowscape|[upkeep]
|-heal|p2a: Regice|82/100|[from] ability: Ice Body
|-heal|p2a: Regice|88/100|[from] item: Leftovers
|upkeep
|turn|13
|
|t:|1758994580
|move|p1a: Raging Bolt|Thunderclap||[still]
|-fail|p1a: Raging Bolt
|move|p2a: Regice|Curse|p2a: Regice
|-unboost|p2a: Regice|spe|1
|-boost|p2a: Regice|atk|1
|-boost|p2a: Regice|def|1
|
|-weather|Snowscape|[upkeep]
|-heal|p2a: Regice|94/100|[from] ability: Ice Body
|-heal|p2a: Regice|99/100|[from] item: Leftovers
|upkeep
|turn|14
|
|t:|1758994595
|-terastallize|p1a: Raging Bolt|Fairy
|move|p1a: Raging Bolt|Thunderclap|p2a: Regice
|-damage|p2a: Regice|75/100
|move|p2a: Regice|Avalanche|p1a: Raging Bolt
|-damage|p1a: Raging Bolt|58/100
|
|-weather|Snowscape|[upkeep]
|-heal|p2a: Regice|81/100|[from] ability: Ice Body
|-heal|p2a: Regice|87/100|[from] item: Leftovers
|upkeep
|turn|15
|
|t:|1758994611
|-end|p1a: Raging Bolt|Protosynthesis|[silent]
|switch|p1a: Kyurem|Kyurem|100/100
|-ability|p1a: Kyurem|Pressure
|move|p2a: Regice|Curse|p2a: Regice
|-unboost|p2a: Regice|spe|1
|-boost|p2a: Regice|atk|1
|-boost|p2a: Regice|def|1
|
|-weather|Snowscape|[upkeep]
|-heal|p2a: Regice|93/100|[from] ability: Ice Body
|-heal|p2a: Regice|99/100|[from] item: Leftovers
|upkeep
|turn|16
|
|t:|1758994630
|move|p1a: Kyurem|Tera Blast|p2a: Regice
|-damage|p2a: Regice|90/100
|move|p2a: Regice|Hammer Arm|p1a: Kyurem
|-supereffective|p1a: Kyurem
|-crit|p1a: Kyurem
|-damage|p1a: Kyurem|42/100
|-unboost|p2a: Regice|spe|1
|
|-weather|Snowscape|[upkeep]
|-heal|p2a: Regice|96/100|[from] ability: Ice Body
|-heal|p2a: Regice|100/100|[from] item: Leftovers
|upkeep
|turn|17
|inactive|Awesomem2005 has 120 seconds left.
|
|t:|1758994663
|move|p1a: Kyurem|Scale Shot|p2a: Regice
|-damage|p2a: Regice|97/100
|-damage|p2a: Regice|94/100
|-damage|p2a: Regice|90/100
|-damage|p2a: Regice|87/100
|-hitcount|p2a: Regice|4
|-unboost|p1a: Kyurem|def|1
|-boost|p1a: Kyurem|spe|1
|move|p2a: Regice|Hammer Arm|p1a: Kyurem
|-supereffective|p1a: Kyurem
|-damage|p1a: Kyurem|0 fnt
|-unboost|p2a: Regice|spe|1
|faint|p1a: Kyurem
|
|-weather|Snowscape|[upkeep]
|-heal|p2a: Regice|93/100|[from] ability: Ice Body
|-heal|p2a: Regice|99/100|[from] item: Leftovers
|upkeep
|
|t:|1758994682
|switch|p1a: Raging Bolt|Raging Bolt, tera:Fairy|58/100
|turn|18
|
|t:|1758994689
|move|p1a: Raging Bolt|Thunderbolt|p2a: Regice
|-damage|p2a: Regice|67/100
|move|p2a: Regice|Avalanche|p1a: Raging Bolt
|-damage|p1a: Raging Bolt|0 fnt
|faint|p1a: Raging Bolt
|-end|p1a: Raging Bolt|Protosynthesis|[silent]
|
|-weather|none
|-heal|p2a: Regice|73/100|[from] item: Leftovers
|upkeep
|
|t:|1758994699
|switch|p1a: Ogerpon|Ogerpon-Wellspring, F|100/100
|turn|19
|
|t:|1758994707
|move|p1a: Ogerpon|Ivy Cudgel|p2a: Regice|[anim] Ivy Cudgel Water
|-damage|p2a: Regice|53/100
|move|p2a: Regice|Avalanche|p1a: Ogerpon
|-damage|p1a: Ogerpon|18/100
|
|-heal|p2a: Regice|59/100|[from] item: Leftovers
|upkeep
|turn|20
|
|t:|1758994714
|move|p1a: Ogerpon|Synthesis|p1a: Ogerpon
|-heal|p1a: Ogerpon|68/100
|move|p2a: Regice|Hammer Arm|p1a: Ogerpon
|-damage|p1a: Ogerpon|23/100
|-unboost|p2a: Regice|spe|1
|
|-heal|p2a: Regice|65/100|[from] item: Leftovers
|upkeep
|turn|21
|
|t:|1758994723
|move|p1a: Ogerpon|Synthesis|p1a: Ogerpon
|-heal|p1a: Ogerpon|73/100
|move|p2a: Regice|Hammer Arm|p1a: Ogerpon
|-crit|p1a: Ogerpon
|-damage|p1a: Ogerpon|5/100
|
|-heal|p2a: Regice|71/100|[from] item: Leftovers
|upkeep
|turn|22
|inactive|Awesomem2005 has 120 seconds left.
|
|t:|1758994752
|move|p1a: Ogerpon|U-turn|p2a: Regice
|-damage|p2a: Regice|60/100
|move|p2a: Regice|Hammer Arm|p1a: Ogerpon
|-damage|p1a: Ogerpon|0 fnt
|faint|p1a: Ogerpon
|
|win|Paper_Falconv2
|raw|Awesomem2005's rating: 1100 &rarr; <strong>1073</strong><br />(-27 for losing)
|raw|Paper_Falconv2's rating: 1070 &rarr; <strong>1102</strong><br />(+32 for winning)
|l|☆Paper_Falconv2
|player|p2|
|l|☆Awesomem2005
|player|p1|
