|j|☆FamiliarShores
|j|☆TEATRERO MUGROSO
|t:|1758939246
|gametype|singles
|player|p1|FamiliarShores|youngster-gen4dp|1325
|player|p2|TEATRERO MUGROSO|cynthia-gen4|1365
|gen|9
|tier|[Gen 9] OU
|rated|
|rule|HP Percentage Mod: HP is shown in percentages
|rule|Endless Battle Clause: Forcing endless battles is banned
|rule|Species Clause: Limit one of each Pokémon
|rule|OHKO Clause: OHKO moves are banned
|rule|Evasion Items Clause: Evasion items are banned
|rule|Evasion Moves Clause: Evasion moves are banned
|rule|Evasion Abilities Clause: Evasion abilities are banned
|rule|Sleep Moves Clause: Sleep-inducing moves are banned
|clearpoke
|poke|p1|Zapdos|
|poke|p1|Slowking-Galar, F|
|poke|p1|Jirachi|
|poke|p1|Landorus-Therian, M|
|poke|p1|Alomomola, M|
|poke|p1|Kingambit, M|
|poke|p2|Orthworm, M|
|poke|p2|Clodsire, F|
|poke|p2|Sinistcha-Masterpiece|
|poke|p2|Tyranitar, M|
|poke|p2|Cryogonal|
|poke|p2|Clefable, F|
|teampreview
|inactive|Battle timer is ON: inactive players will automatically lose when time's up. (requested by TEATRERO MUGROSO)
|inactive|TEATRERO MUGROSO has 120 seconds left.
|
|t:|1758939282
|teamsize|p1|6
|teamsize|p2|6
|start
|switch|p1a: Landorus|Landorus-Therian, M|100/100
|switch|p2a: Orthworm|Orthworm, M|100/100
|-ability|p1a: Landorus|Intimidate|boost
|-unboost|p2a: Orthworm|atk|1
|turn|1
|
|t:|1758939288
|move|p1a: Landorus|Stealth Rock|p2a: Orthworm
|-sidestart|p2: TEATRERO MUGROSO|move: Stealth Rock
|move|p2a: Orthworm|Iron Defense|p2a: Orthworm
|-boost|p2a: Orthworm|def|2
|
|upkeep
|turn|2
|
|t:|1758939293
|move|p1a: Landorus|U-turn|p2a: Orthworm
|-resisted|p2a: Orthworm
|-damage|p2a: Orthworm|98/100
|
|t:|1758939300
|switch|p1a: Zapdos|Zapdos|100/100|[from] U-turn
|move|p2a: Orthworm|Stealth Rock|p1a: Zapdos
|-sidestart|p1: FamiliarShores|move: Stealth Rock
|
|-heal|p2a: Orthworm|100/100|[from] item: Leftovers
|upkeep
|turn|3
|
|t:|1758939310
|switch|p2a: Cryogonal|Cryogonal|100/100
|move|p1a: Zapdos|Substitute|p1a: Zapdos
|-start|p1a: Zapdos|Substitute
|-damage|p1a: Zapdos|76/100
|
|upkeep
|turn|4
|
|t:|1758939317
|move|p2a: Cryogonal|Rapid Spin|p1a: Zapdos
|-activate|p1a: Zapdos|move: Substitute|[damage]
|-sideend|p2: TEATRERO MUGROSO|Stealth Rock|[from] move: Rapid Spin|[of] p2a: Cryogonal
|-boost|p2a: Cryogonal|spe|1
|move|p1a: Zapdos|Discharge|p2a: Cryogonal
|-damage|p2a: Cryogonal|83/100
|
|upkeep
|turn|5
|
|t:|1758939325
|move|p2a: Cryogonal|Freeze-Dry|p1a: Zapdos
|-supereffective|p1a: Zapdos
|-end|p1a: Zapdos|Substitute
|move|p1a: Zapdos|Discharge|p2a: Cryogonal
|-damage|p2a: Cryogonal|63/100
|
|upkeep
|turn|6
|
|t:|1758939331
|switch|p1a: Slowking|Slowking-Galar, F|100/100
|move|p2a: Cryogonal|Freeze-Dry|p1a: Slowking
|-damage|p1a: Slowking|88/100
|
|upkeep
|turn|7
|
|t:|1758939337
|switch|p2a: Tyranitar|Tyranitar, M|100/100
|-weather|Sandstorm|[from] ability: Sand Stream|[of] p2a: Tyranitar
|move|p1a: Slowking|Future Sight|p2a: Tyranitar
|-start|p1a: Slowking|move: Future Sight
|
|-weather|Sandstorm|[upkeep]
|-damage|p1a: Slowking|81/100|[from] Sandstorm
|upkeep
|turn|8
|inactive|TEATRERO MUGROSO has 120 seconds left.
|
|t:|1758939384
|switch|p1a: Alomomola|Alomomola, M|100/100
|move|p2a: Tyranitar|Substitute|p2a: Tyranitar
|-start|p2a: Tyranitar|Substitute
|-damage|p2a: Tyranitar|76/100
|
|-weather|Sandstorm|[upkeep]
|-damage|p1a: Alomomola|94/100|[from] Sandstorm
|-heal|p2a: Tyranitar|82/100|[from] item: Leftovers
|upkeep
|turn|9
|
|t:|1758939393
|move|p2a: Tyranitar|Stone Edge|p1a: Alomomola
|-damage|p1a: Alomomola|69/100
|move|p1a: Alomomola|Flip Turn|p2a: Tyranitar
|-supereffective|p2a: Tyranitar
|-end|p2a: Tyranitar|Substitute
|
|t:|1758939398
|switch|p1a: Landorus|Landorus-Therian, M|100/100|[from] Flip Turn
|-damage|p1a: Landorus|88/100|[from] Stealth Rock
|-ability|p1a: Landorus|Intimidate|boost
|-unboost|p2a: Tyranitar|atk|1
|
|-weather|Sandstorm|[upkeep]
|-end|p2a: Tyranitar|move: Future Sight
|-immune|p2a: Tyranitar
|-heal|p2a: Tyranitar|88/100|[from] item: Leftovers
|upkeep
|turn|10
|inactive|TEATRERO MUGROSO has 120 seconds left.
|
|t:|1758939418
|switch|p1a: Alomomola|Alomomola, M|100/100
|switch|p2a: Sinistcha|Sinistcha-Masterpiece|100/100
|
|-weather|Sandstorm|[upkeep]
|-damage|p2a: Sinistcha|94/100|[from] Sandstorm
|-damage|p1a: Alomomola|94/100|[from] Sandstorm
|-heal|p2a: Sinistcha|100/100|[from] item: Leftovers
|upkeep
|turn|11
|
|t:|1758939428
|switch|p1a: Slowking|Slowking-Galar, F|100/100
|move|p2a: Sinistcha|Calm Mind|p2a: Sinistcha
|-boost|p2a: Sinistcha|spa|1
|-boost|p2a: Sinistcha|spd|1
|
|-weather|none
|upkeep
|turn|12
|
|t:|1758939436
|move|p2a: Sinistcha|Calm Mind|p2a: Sinistcha
|-boost|p2a: Sinistcha|spa|1
|-boost|p2a: Sinistcha|spd|1
|move|p1a: Slowking|Thunder Wave|p2a: Sinistcha
|-status|p2a: Sinistcha|par
|
|upkeep
|turn|13
|inactive|TEATRERO MUGROSO has 120 seconds left.
|
|t:|1758939442
|move|p2a: Sinistcha|Shadow Ball|p1a: Slowking
|-supereffective|p1a: Slowking
|-damage|p1a: Slowking|30/100
|-prepare|p1a: Slowking|Chilly Reception|[premajor]
|move|p1a: Slowking|Chilly Reception|p1a: Slowking
|-weather|Snowscape
|
|t:|1758939457
|switch|p1a: Zapdos|Zapdos|76/100|[from] Chilly Reception
|
|-weather|Snowscape|[upkeep]
|upkeep
|turn|14
|inactive|TEATRERO MUGROSO has 120 seconds left.
|
|t:|1758939479
|move|p1a: Zapdos|Substitute|p1a: Zapdos
|-start|p1a: Zapdos|Substitute
|-damage|p1a: Zapdos|51/100
|move|p2a: Sinistcha|Shadow Ball|p1a: Zapdos
|-end|p1a: Zapdos|Substitute
|
|-weather|Snowscape|[upkeep]
|upkeep
|turn|15
|inactive|TEATRERO MUGROSO has 120 seconds left.
|
|t:|1758939494
|move|p1a: Zapdos|Roost|p1a: Zapdos
|-heal|p1a: Zapdos|100/100
|-singleturn|p1a: Zapdos|move: Roost
|move|p2a: Sinistcha|Shadow Ball|p1a: Zapdos
|-damage|p1a: Zapdos|35/100
|
|-weather|Snowscape|[upkeep]
|upkeep
|turn|16
|
|t:|1758939502
|move|p1a: Zapdos|Substitute|p1a: Zapdos
|-start|p1a: Zapdos|Substitute
|-damage|p1a: Zapdos|10/100
|cant|p2a: Sinistcha|par
|
|-weather|Snowscape|[upkeep]
|upkeep
|turn|17
|inactive|TEATRERO MUGROSO has 120 seconds left.
|
|t:|1758939507
|move|p1a: Zapdos|Roost|p1a: Zapdos
|-heal|p1a: Zapdos|60/100
|-singleturn|p1a: Zapdos|move: Roost
|cant|p2a: Sinistcha|par
|
|-weather|none
|upkeep
|turn|18
|
|t:|1758939514
|move|p1a: Zapdos|Hurricane|p2a: Sinistcha|[miss]
|-miss|p1a: Zapdos|p2a: Sinistcha
|cant|p2a: Sinistcha|par
|
|upkeep
|turn|19
|
|t:|1758939521
|switch|p2a: Tyranitar|Tyranitar, M|88/100
|-weather|Sandstorm|[from] ability: Sand Stream|[of] p2a: Tyranitar
|move|p1a: Zapdos|Hurricane|p2a: Tyranitar
|-resisted|p2a: Tyranitar
|-damage|p2a: Tyranitar|78/100
|
|-weather|Sandstorm|[upkeep]
|-damage|p1a: Zapdos|54/100|[from] Sandstorm
|-heal|p2a: Tyranitar|84/100|[from] item: Leftovers
|upkeep
|turn|20
|
|t:|1758939532
|move|p1a: Zapdos|Roost|p1a: Zapdos
|-heal|p1a: Zapdos|100/100
|-singleturn|p1a: Zapdos|move: Roost
|move|p2a: Tyranitar|Roar|p1a: Zapdos
|drag|p1a: Slowking|Slowking-Galar, F|63/100
|
|-weather|Sandstorm|[upkeep]
|-damage|p1a: Slowking|57/100|[from] Sandstorm
|-heal|p2a: Tyranitar|90/100|[from] item: Leftovers
|upkeep
|turn|21
|
|t:|1758939544
|switch|p1a: Alomomola|Alomomola, M|100/100
|move|p2a: Tyranitar|Stone Edge|p1a: Alomomola
|-damage|p1a: Alomomola|77/100
|
|-weather|Sandstorm|[upkeep]
|-damage|p1a: Alomomola|71/100|[from] Sandstorm
|-heal|p2a: Tyranitar|97/100|[from] item: Leftovers
|upkeep
|turn|22
|inactive|TEATRERO MUGROSO has 120 seconds left.
|
|t:|1758939585
|switch|p2a: Clodsire|Clodsire, F|100/100
|move|p1a: Alomomola|Wish|p1a: Alomomola
|
|-weather|Sandstorm|[upkeep]
|-damage|p1a: Alomomola|64/100|[from] Sandstorm
|upkeep
|turn|23
|
|t:|1758939605
|switch|p1a: Jirachi|Jirachi|100/100
|-damage|p1a: Jirachi|94/100|[from] Stealth Rock
|move|p2a: Clodsire|Spikes|p1a: Jirachi
|-sidestart|p1: FamiliarShores|Spikes
|
|-weather|none
|-heal|p1a: Jirachi|100/100|[from] move: Wish|[wisher] Alomomola
|upkeep
|turn|24
|
|t:|1758939618
|switch|p2a: Orthworm|Orthworm, M|100/100
|move|p1a: Jirachi|Substitute|p1a: Jirachi
|-start|p1a: Jirachi|Substitute
|-damage|p1a: Jirachi|76/100
|
|-heal|p1a: Jirachi|82/100|[from] item: Leftovers
|upkeep
|turn|25
|
|t:|1758939626
|move|p1a: Jirachi|Body Slam|p2a: Orthworm
|-resisted|p2a: Orthworm
|-damage|p2a: Orthworm|95/100
|-status|p2a: Orthworm|par
|move|p2a: Orthworm|Iron Defense|p2a: Orthworm
|-boost|p2a: Orthworm|def|2
|
|-heal|p1a: Jirachi|88/100|[from] item: Leftovers
|-heal|p2a: Orthworm|100/100 par|[from] item: Leftovers
|upkeep
|turn|26
|
|t:|1758939634
|move|p1a: Jirachi|Psychic Noise|p2a: Orthworm
|-resisted|p2a: Orthworm
|-damage|p2a: Orthworm|82/100 par
|-start|p2a: Orthworm|move: Heal Block
|move|p2a: Orthworm|Iron Defense|p2a: Orthworm
|-boost|p2a: Orthworm|def|2
|
|-heal|p1a: Jirachi|94/100|[from] item: Leftovers
|upkeep
|turn|27
|inactive|TEATRERO MUGROSO has 120 seconds left.
|
|t:|1758939644
|move|p1a: Jirachi|Iron Head|p2a: Orthworm
|-resisted|p2a: Orthworm
|-damage|p2a: Orthworm|79/100 par
|move|p2a: Orthworm|Body Press|p1a: Jirachi
|-end|p1a: Jirachi|Substitute
|
|-heal|p1a: Jirachi|100/100|[from] item: Leftovers
|-end|p2a: Orthworm|move: Heal Block
|upkeep
|turn|28
|
|t:|1758939653
|move|p1a: Jirachi|Substitute|p1a: Jirachi
|-start|p1a: Jirachi|Substitute
|-damage|p1a: Jirachi|76/100
|cant|p2a: Orthworm|par
|
|-heal|p1a: Jirachi|82/100|[from] item: Leftovers
|-heal|p2a: Orthworm|85/100 par|[from] item: Leftovers
|upkeep
|turn|29
|
|t:|1758939660
|move|p1a: Jirachi|Iron Head|p2a: Orthworm
|-resisted|p2a: Orthworm
|-damage|p2a: Orthworm|82/100 par
|move|p2a: Orthworm|Body Press|p1a: Jirachi
|-end|p1a: Jirachi|Substitute
|
|-heal|p1a: Jirachi|88/100|[from] item: Leftovers
|-heal|p2a: Orthworm|89/100 par|[from] item: Leftovers
|upkeep
|turn|30
|
|t:|1758939670
|move|p1a: Jirachi|Substitute|p1a: Jirachi
|-start|p1a: Jirachi|Substitute
|-damage|p1a: Jirachi|63/100
|cant|p2a: Orthworm|par
|
|-heal|p1a: Jirachi|69/100|[from] item: Leftovers
|-heal|p2a: Orthworm|95/100 par|[from] item: Leftovers
|upkeep
|turn|31
|
|t:|1758939677
|move|p1a: Jirachi|Iron Head|p2a: Orthworm
|-resisted|p2a: Orthworm
|-crit|p2a: Orthworm
|-damage|p2a: Orthworm|83/100 par
|move|p2a: Orthworm|Body Press|p1a: Jirachi
|-end|p1a: Jirachi|Substitute
|
|-heal|p1a: Jirachi|76/100|[from] item: Leftovers
|-heal|p2a: Orthworm|89/100 par|[from] item: Leftovers
|upkeep
|turn|32
|
|t:|1758939686
|move|p1a: Jirachi|Substitute|p1a: Jirachi
|-start|p1a: Jirachi|Substitute
|-damage|p1a: Jirachi|51/100
|move|p2a: Orthworm|Body Press|p1a: Jirachi
|-end|p1a: Jirachi|Substitute
|
|-heal|p1a: Jirachi|57/100|[from] item: Leftovers
|-heal|p2a: Orthworm|96/100 par|[from] item: Leftovers
|upkeep
|turn|33
|
|t:|1758939695
|switch|p1a: Alomomola|Alomomola, M|98/100
|move|p2a: Orthworm|Body Press|p1a: Alomomola
|-damage|p1a: Alomomola|47/100
|
|-heal|p2a: Orthworm|100/100 par|[from] item: Leftovers
|upkeep
|turn|34
|
|t:|1758939701
|move|p1a: Alomomola|Protect|p1a: Alomomola
|-singleturn|p1a: Alomomola|Protect
|move|p2a: Orthworm|Body Press|p1a: Alomomola
|-activate|p1a: Alomomola|move: Protect
|
|upkeep
|turn|35
|
|t:|1758939708
|move|p1a: Alomomola|Flip Turn|p2a: Orthworm
|-damage|p2a: Orthworm|97/100 par
|
|t:|1758939711
|switch|p1a: Zapdos|Zapdos|100/100|[from] Flip Turn
|cant|p2a: Orthworm|par
|
|-heal|p2a: Orthworm|100/100 par|[from] item: Leftovers
|upkeep
|turn|36
|
|t:|1758939731
|switch|p2a: Tyranitar|Tyranitar, M|97/100
|-weather|Sandstorm|[from] ability: Sand Stream|[of] p2a: Tyranitar
|move|p1a: Zapdos|Substitute|p1a: Zapdos
|-start|p1a: Zapdos|Substitute
|-damage|p1a: Zapdos|76/100
|
|-weather|Sandstorm|[upkeep]
|-damage|p1a: Zapdos|70/100|[from] Sandstorm
|-heal|p2a: Tyranitar|100/100|[from] item: Leftovers
|upkeep
|turn|37
|
|t:|1758939748
|move|p1a: Zapdos|Discharge|p2a: Tyranitar
|-damage|p2a: Tyranitar|86/100
|move|p2a: Tyranitar|Substitute|p2a: Tyranitar
|-start|p2a: Tyranitar|Substitute
|-damage|p2a: Tyranitar|62/100
|
|-weather|Sandstorm|[upkeep]
|-damage|p1a: Zapdos|64/100|[from] Sandstorm
|-heal|p2a: Tyranitar|68/100|[from] item: Leftovers
|upkeep
|turn|38
|
|t:|1758939757
|move|p1a: Zapdos|Roost|p1a: Zapdos
|-heal|p1a: Zapdos|100/100
|-singleturn|p1a: Zapdos|move: Roost
|move|p2a: Tyranitar|Stone Edge|p1a: Zapdos|[miss]
|-miss|p2a: Tyranitar|p1a: Zapdos
|
|-weather|Sandstorm|[upkeep]
|-damage|p1a: Zapdos|94/100|[from] Sandstorm
|-heal|p2a: Tyranitar|74/100|[from] item: Leftovers
|upkeep
|turn|39
|
|t:|1758939767
|move|p1a: Zapdos|Discharge|p2a: Tyranitar
|-activate|p2a: Tyranitar|move: Substitute|[damage]
|move|p2a: Tyranitar|Stone Edge|p1a: Zapdos
|-supereffective|p1a: Zapdos
|-end|p1a: Zapdos|Substitute
|
|-weather|Sandstorm|[upkeep]
|-damage|p1a: Zapdos|88/100|[from] Sandstorm
|-heal|p2a: Tyranitar|80/100|[from] item: Leftovers
|upkeep
|turn|40
|
|t:|1758939777
|move|p1a: Zapdos|Substitute|p1a: Zapdos
|-start|p1a: Zapdos|Substitute
|-damage|p1a: Zapdos|64/100
|move|p2a: Tyranitar|Stone Edge|p1a: Zapdos
|-supereffective|p1a: Zapdos
|-end|p1a: Zapdos|Substitute
|
|-weather|none
|-heal|p2a: Tyranitar|86/100|[from] item: Leftovers
|upkeep
|turn|41
|
|t:|1758939785
|move|p1a: Zapdos|Substitute|p1a: Zapdos
|-start|p1a: Zapdos|Substitute
|-damage|p1a: Zapdos|39/100
|move|p2a: Tyranitar|Stone Edge|p1a: Zapdos
|-supereffective|p1a: Zapdos
|-end|p1a: Zapdos|Substitute
|
|-heal|p2a: Tyranitar|93/100|[from] item: Leftovers
|upkeep
|turn|42
|
|t:|1758939794
|-singleturn|p2a: Tyranitar|move: Focus Punch
|move|p1a: Zapdos|Roost|p1a: Zapdos
|-heal|p1a: Zapdos|89/100
|-singleturn|p1a: Zapdos|move: Roost
|move|p2a: Tyranitar|Focus Punch|p1a: Zapdos
|-damage|p1a: Zapdos|56/100
|
|-heal|p2a: Tyranitar|99/100|[from] item: Leftovers
|upkeep
|turn|43
|
|t:|1758939806
|move|p1a: Zapdos|Roost|p1a: Zapdos
|-heal|p1a: Zapdos|100/100
|-singleturn|p1a: Zapdos|move: Roost
|move|p2a: Tyranitar|Roar|p1a: Zapdos
|drag|p1a: Slowking|Slowking-Galar, F|90/100
|
|-heal|p2a: Tyranitar|100/100|[from] item: Leftovers
|upkeep
|turn|44
|
|t:|1758939815
|move|p2a: Tyranitar|Stone Edge|p1a: Slowking
|-damage|p1a: Slowking|43/100
|move|p1a: Slowking|Sludge Bomb|p2a: Tyranitar
|-resisted|p2a: Tyranitar
|-end|p2a: Tyranitar|Substitute
|
|upkeep
|turn|45
|-message|TEATRERO MUGROSO forfeited.
|
|win|FamiliarShores
|raw|FamiliarShores's rating: 1325 &rarr; <strong>1347</strong><br />(+22 for winning)
|raw|TEATRERO MUGROSO's rating: 1365 &rarr; <strong>1343</strong><br />(-22 for losing)
|l|☆TEATRERO MUGROSO
|player|p2|
