|j|☆bitter herbert
|j|☆dragon de hilos
|t:|1758921366
|gametype|singles
|player|p1|bitter herbert|gentleman-gen4dp|1382
|player|p2|dragon de hilos|riley|1356
|gen|9
|tier|[Gen 9] OU
|rated|
|rule|HP Percentage Mod: HP is shown in percentages
|rule|Endless Battle Clause: Forcing endless battles is banned
|rule|Species Clause: Limit one of each Pokémon
|rule|OHKO Clause: OHKO moves are banned
|rule|Evasion Items Clause: Evasion items are banned
|rule|Evasion Moves Clause: Evasion moves are banned
|rule|Evasion Abilities Clause: Evasion abilities are banned
|rule|Sleep Moves Clause: Sleep-inducing moves are banned
|clearpoke
|poke|p1|Politoed, M|
|poke|p1|Drednaw, F|
|poke|p1|Poliwrath, F|
|poke|p1|Dragonite, F|
|poke|p1|Clodsire, M|
|poke|p1|Hatterene, F|
|poke|p2|Darkrai|
|poke|p2|Cinderace, M|
|poke|p2|Garganacl, F|
|poke|p2|Zapdos|
|poke|p2|Landorus-Therian, M|
|poke|p2|Chansey, F|
|teampreview
|inactive|Battle timer is ON: inactive players will automatically lose when time's up. (requested by bitter herbert)
|
|t:|1758921393
|teamsize|p1|6
|teamsize|p2|6
|start
|switch|p1a: CROAK CROAK|Politoed, M|100/100
|switch|p2a: Zapdos|Zapdos|100/100
|-weather|RainDance|[from] ability: Drizzle|[of] p1a: CROAK CROAK
|turn|1
|
|t:|1758921396
|switch|p1a: MUDFISH|Clodsire, M|100/100
|move|p2a: Zapdos|Discharge|p1a: MUDFISH
|-immune|p1a: MUDFISH
|
|-weather|RainDance|[upkeep]
|upkeep
|turn|2
|
|t:|1758921400
|switch|p2a: Landorus|Landorus-Therian, M|100/100
|-ability|p2a: Landorus|Intimidate|boost
|-unboost|p1a: MUDFISH|atk|1
|move|p1a: MUDFISH|Poison Jab|p2a: Landorus
|-resisted|p2a: Landorus
|-damage|p2a: Landorus|92/100
|-status|p2a: Landorus|psn
|
|-weather|RainDance|[upkeep]
|-heal|p2a: Landorus|98/100 psn|[from] item: Leftovers
|-damage|p2a: Landorus|86/100 psn|[from] psn
|upkeep
|turn|3
|
|t:|1758921407
|switch|p1a: SEA WITCH|Hatterene, F|100/100
|move|p2a: Landorus|U-turn|p1a: SEA WITCH
|-damage|p1a: SEA WITCH|80/100
|-enditem|p1a: SEA WITCH|Eject Button
|
|t:|1758921413
|switch|p1a: FUCK GAMBIT|Poliwrath, F|100/100
|
|-weather|RainDance|[upkeep]
|-heal|p2a: Landorus|92/100 psn|[from] item: Leftovers
|-damage|p2a: Landorus|79/100 psn|[from] psn
|upkeep
|turn|4
|
|t:|1758921426
|switch|p2a: Zapdos|Zapdos|100/100
|move|p1a: FUCK GAMBIT|Belly Drum|p1a: FUCK GAMBIT
|-damage|p1a: FUCK GAMBIT|50/100
|-setboost|p1a: FUCK GAMBIT|atk|6|[from] move: Belly Drum
|-enditem|p1a: FUCK GAMBIT|Sitrus Berry|[eat]
|-heal|p1a: FUCK GAMBIT|75/100|[from] item: Sitrus Berry
|
|-weather|RainDance|[upkeep]
|upkeep
|turn|5
|
|t:|1758921431
|move|p1a: FUCK GAMBIT|Liquidation|p2a: Zapdos
|-damage|p2a: Zapdos|0 fnt
|faint|p2a: Zapdos
|
|-weather|RainDance|[upkeep]
|upkeep
|
|t:|1758921441
|switch|p2a: Garganacl|Garganacl, F|100/100
|turn|6
|
|t:|1758921446
|-terastallize|p2a: Garganacl|Ghost
|move|p1a: FUCK GAMBIT|Drain Punch|p2a: Garganacl
|-immune|p2a: Garganacl
|move|p2a: Garganacl|Salt Cure|p1a: FUCK GAMBIT
|-resisted|p1a: FUCK GAMBIT
|-damage|p1a: FUCK GAMBIT|67/100
|-start|p1a: FUCK GAMBIT|Salt Cure
|
|-weather|RainDance|[upkeep]
|-damage|p1a: FUCK GAMBIT|42/100|[from] Salt Cure
|upkeep
|turn|7
|
|t:|1758921451
|move|p1a: FUCK GAMBIT|Liquidation|p2a: Garganacl
|-damage|p2a: Garganacl|0 fnt
|-damage|p1a: FUCK GAMBIT|26/100|[from] item: Rocky Helmet|[of] p2a: Garganacl
|faint|p2a: Garganacl
|
|-weather|RainDance|[upkeep]
|-damage|p1a: FUCK GAMBIT|1/100|[from] Salt Cure
|upkeep
|
|t:|1758921458
|switch|p2a: Cinderace|Cinderace, M|100/100
|turn|8
|
|t:|1758921467
|move|p2a: Cinderace|Sucker Punch|p1a: FUCK GAMBIT
|-start|p2a: Cinderace|typechange|Dark|[from] ability: Libero
|-resisted|p1a: FUCK GAMBIT
|-damage|p1a: FUCK GAMBIT|0 fnt
|faint|p1a: FUCK GAMBIT
|
|-weather|none
|upkeep
|
|t:|1758921470
|switch|p1a: CROAK CROAK|Politoed, M|100/100
|-weather|RainDance|[from] ability: Drizzle|[of] p1a: CROAK CROAK
|turn|9
|
|t:|1758921475
|switch|p2a: Chansey|Chansey, F|100/100
|move|p1a: CROAK CROAK|Weather Ball|p2a: Chansey
|-damage|p2a: Chansey|86/100
|
|-weather|RainDance|[upkeep]
|upkeep
|turn|10
|
|t:|1758921491
|switch|p1a: LEMME SMASH|Drednaw, F|100/100
|move|p2a: Chansey|Thunder Wave|p1a: LEMME SMASH
|-status|p1a: LEMME SMASH|par
|
|-weather|RainDance|[upkeep]
|upkeep
|turn|11
|
|t:|1758921496
|move|p1a: LEMME SMASH|Shell Smash|p1a: LEMME SMASH
|-unboost|p1a: LEMME SMASH|def|1
|-unboost|p1a: LEMME SMASH|spd|1
|-boost|p1a: LEMME SMASH|atk|2
|-boost|p1a: LEMME SMASH|spa|2
|-boost|p1a: LEMME SMASH|spe|2
|move|p2a: Chansey|Seismic Toss|p1a: LEMME SMASH
|-damage|p1a: LEMME SMASH|69/100 par
|
|-weather|RainDance|[upkeep]
|upkeep
|turn|12
|
|t:|1758921500
|move|p1a: LEMME SMASH|Shell Smash|p1a: LEMME SMASH
|-unboost|p1a: LEMME SMASH|def|1
|-unboost|p1a: LEMME SMASH|spd|1
|-boost|p1a: LEMME SMASH|atk|2
|-boost|p1a: LEMME SMASH|spa|2
|-boost|p1a: LEMME SMASH|spe|2
|move|p2a: Chansey|Seismic Toss|p1a: LEMME SMASH
|-damage|p1a: LEMME SMASH|38/100 par
|
|-weather|RainDance|[upkeep]
|upkeep
|turn|13
|
|t:|1758921507
|move|p1a: LEMME SMASH|Liquidation|p2a: Chansey
|-damage|p2a: Chansey|0 fnt
|faint|p2a: Chansey
|
|-weather|RainDance|[upkeep]
|upkeep
|
|t:|1758921513
|switch|p2a: Cinderace|Cinderace, M|100/100
|turn|14
|
|t:|1758921515
|move|p2a: Cinderace|Sucker Punch|p1a: LEMME SMASH
|-start|p2a: Cinderace|typechange|Dark|[from] ability: Libero
|-crit|p1a: LEMME SMASH
|-damage|p1a: LEMME SMASH|0 fnt
|faint|p1a: LEMME SMASH
|
|-weather|RainDance|[upkeep]
|upkeep
|
|t:|1758921520
|switch|p1a: SEA WITCH|Hatterene, F|80/100
|turn|15
|
|t:|1758921533
|switch|p2a: Landorus|Landorus-Therian, M|79/100 psn
|-ability|p2a: Landorus|Intimidate|boost
|-unboost|p1a: SEA WITCH|atk|1
|move|p1a: SEA WITCH|Dazzling Gleam|p2a: Landorus
|-damage|p2a: Landorus|32/100 psn
|
|-weather|RainDance|[upkeep]
|-heal|p2a: Landorus|38/100 psn|[from] item: Leftovers
|-damage|p2a: Landorus|26/100 psn|[from] psn
|upkeep
|turn|16
|
|t:|1758921538
|move|p2a: Landorus|Earthquake|p1a: SEA WITCH
|-damage|p1a: SEA WITCH|37/100
|move|p1a: SEA WITCH|Dazzling Gleam|p2a: Landorus
|-damage|p2a: Landorus|0 fnt
|faint|p2a: Landorus
|
|-weather|none
|upkeep
|
|t:|1758921546
|switch|p2a: Darkrai|Darkrai|100/100
|turn|17
|
|t:|1758921571
|move|p2a: Darkrai|Trick|p1a: SEA WITCH
|-activate|p2a: Darkrai|move: Trick|[of] p1a: SEA WITCH
|-item|p1a: SEA WITCH|Choice Specs|[from] move: Trick
|-enditem|p2a: Darkrai|Choice Specs|[silent]|[from] move: Trick
|move|p1a: SEA WITCH|Healing Wish|p1a: SEA WITCH
|faint|p1a: SEA WITCH
|
|upkeep
|
|t:|1758921580
|switch|p1a: CROAK CROAK|Politoed, M|100/100
|-weather|RainDance|[from] ability: Drizzle|[of] p1a: CROAK CROAK
|turn|18
|
|t:|1758921585
|move|p2a: Darkrai|Dark Pulse|p1a: CROAK CROAK
|-damage|p1a: CROAK CROAK|59/100
|move|p1a: CROAK CROAK|Weather Ball|p2a: Darkrai
|-damage|p2a: Darkrai|35/100
|
|-weather|RainDance|[upkeep]
|upkeep
|turn|19
|
|t:|1758921593
|move|p2a: Darkrai|Dark Pulse|p1a: CROAK CROAK
|-damage|p1a: CROAK CROAK|22/100
|move|p1a: CROAK CROAK|Weather Ball|p2a: Darkrai
|-damage|p2a: Darkrai|0 fnt
|faint|p2a: Darkrai
|
|-weather|RainDance|[upkeep]
|upkeep
|
|t:|1758921597
|switch|p2a: Cinderace|Cinderace, M|100/100
|turn|20
|-message|dragon de hilos forfeited.
|
|win|bitter herbert
|raw|bitter herbert's rating: 1382 &rarr; <strong>1401</strong><br />(+19 for winning)
|raw|dragon de hilos's rating: 1356 &rarr; <strong>1337</strong><br />(-19 for losing)
|l|☆dragon de hilos
|player|p2|
