|j|☆KingWhacka
|j|☆Golem Rising
|t:|1758951341
|gametype|singles
|player|p1|KingWhacka|101|1563
|player|p2|Golem Rising|bruno|1638
|gen|9
|tier|[Gen 9] OU
|rated|
|rule|HP Percentage Mod: HP is shown in percentages
|rule|Endless Battle Clause: Forcing endless battles is banned
|rule|Species Clause: Limit one of each Pokémon
|rule|OHKO Clause: OHKO moves are banned
|rule|Evasion Items Clause: Evasion items are banned
|rule|Evasion Moves Clause: Evasion moves are banned
|rule|Evasion Abilities Clause: Evasion abilities are banned
|rule|Sleep Moves Clause: Sleep-inducing moves are banned
|clearpoke
|poke|p1|Pelipper, F|
|poke|p1|Overqwil, M|
|poke|p1|Barraskewda, F|
|poke|p1|Iron Treads|
|poke|p1|Iron Jugulis|
|poke|p1|Scizor, M|
|poke|p2|Torkoal, M|
|poke|p2|Walking Wake|
|poke|p2|Venusaur, F|
|poke|p2|Great Tusk|
|poke|p2|Goodra-Hisui, F|
|poke|p2|Slither Wing|
|teampreview
|
|t:|1758951346
|teamsize|p1|6
|teamsize|p2|6
|start
|switch|p1a: Barraskewda|Barraskewda, F|100/100
|switch|p2a: Torkoal|Torkoal, M|100/100
|-weather|SunnyDay|[from] ability: Drought|[of] p2a: Torkoal
|turn|1
|
|t:|1758951351
|move|p1a: Barraskewda|Flip Turn|p2a: Torkoal
|-supereffective|p2a: Torkoal
|-damage|p2a: Torkoal|74/100
|
|t:|1758951354
|switch|p1a: Pelipper|Pelipper, F|100/100|[from] Flip Turn
|-weather|RainDance|[from] ability: Drizzle|[of] p1a: Pelipper
|move|p2a: Torkoal|Stealth Rock|p1a: Pelipper
|-sidestart|p1: KingWhacka|move: Stealth Rock
|
|-weather|RainDance|[upkeep]
|upkeep
|turn|2
|
|t:|1758951362
|switch|p2a: Goodra|Goodra-Hisui, F|100/100
|move|p1a: Pelipper|U-turn|p2a: Goodra
|-resisted|p2a: Goodra
|-damage|p2a: Goodra|96/100
|-ability|p2a: Goodra|Gooey
|-unboost|p1a: Pelipper|spe|1
|
|t:|1758951368
|switch|p1a: Scizor|Scizor, M|100/100|[from] U-turn
|-damage|p1a: Scizor|88/100|[from] Stealth Rock
|
|-weather|RainDance|[upkeep]
|upkeep
|turn|3
|
|t:|1758951376
|move|p1a: Scizor|Knock Off|p2a: Goodra
|-damage|p2a: Goodra|43/100
|-ability|p2a: Goodra|Gooey
|-unboost|p1a: Scizor|spe|1
|-enditem|p2a: Goodra|Assault Vest|[from] move: Knock Off|[of] p1a: Scizor
|move|p2a: Goodra|Fire Blast|p1a: Scizor
|-supereffective|p1a: Scizor
|-damage|p1a: Scizor|7/100
|
|-weather|RainDance|[upkeep]
|upkeep
|turn|4
|
|t:|1758951387
|switch|p1a: Iron Treads|Iron Treads|100/100
|-damage|p1a: Iron Treads|97/100|[from] Stealth Rock
|move|p2a: Goodra|Dragon Pulse|p1a: Iron Treads
|-resisted|p1a: Iron Treads
|-damage|p1a: Iron Treads|77/100
|
|-weather|RainDance|[upkeep]
|upkeep
|turn|5
|
|t:|1758951394
|move|p1a: Iron Treads|Rapid Spin|p2a: Goodra
|-resisted|p2a: Goodra
|-damage|p2a: Goodra|38/100
|-boost|p1a: Iron Treads|spe|1
|-ability|p2a: Goodra|Gooey
|-unboost|p1a: Iron Treads|spe|1
|-sideend|p1: KingWhacka|Stealth Rock|[from] move: Rapid Spin|[of] p1a: Iron Treads
|move|p2a: Goodra|Earthquake|p1a: Iron Treads
|-supereffective|p1a: Iron Treads
|-damage|p1a: Iron Treads|39/100
|
|-weather|RainDance|[upkeep]
|upkeep
|turn|6
|
|t:|1758951404
|move|p1a: Iron Treads|Earth Power|p2a: Goodra
|-supereffective|p2a: Goodra
|-damage|p2a: Goodra|0 fnt
|faint|p2a: Goodra
|
|-weather|RainDance|[upkeep]
|upkeep
|
|t:|1758951411
|switch|p2a: Walking Wake|Walking Wake|100/100
|turn|7
|
|t:|1758951423
|move|p2a: Walking Wake|Hydro Steam|p1a: Iron Treads
|-supereffective|p1a: Iron Treads
|-damage|p1a: Iron Treads|0 fnt
|faint|p1a: Iron Treads
|-end|p1a: Iron Treads|Quark Drive|[silent]
|
|-weather|RainDance|[upkeep]
|upkeep
|
|t:|1758951428
|switch|p1a: Barraskewda|Barraskewda, F|100/100
|turn|8
|
|t:|1758951436
|move|p1a: Barraskewda|Flip Turn|p2a: Walking Wake
|-resisted|p2a: Walking Wake
|-damage|p2a: Walking Wake|79/100
|
|t:|1758951444
|switch|p1a: Scizor|Scizor, M|7/100|[from] Flip Turn
|move|p2a: Walking Wake|Hydro Steam|p1a: Scizor
|-damage|p1a: Scizor|0 fnt
|faint|p1a: Scizor
|
|-weather|none
|upkeep
|
|t:|1758951447
|switch|p1a: Pelipper|Pelipper, F|100/100
|-weather|RainDance|[from] ability: Drizzle|[of] p1a: Pelipper
|turn|9
|
|t:|1758951454
|move|p2a: Walking Wake|Hydro Steam|p1a: Pelipper
|-resisted|p1a: Pelipper
|-damage|p1a: Pelipper|56/100
|move|p1a: Pelipper|U-turn|p2a: Walking Wake
|-damage|p2a: Walking Wake|71/100
|
|t:|1758951457
|switch|p1a: Overqwil|Overqwil, M, shiny|100/100|[from] U-turn
|
|-weather|RainDance|[upkeep]
|upkeep
|turn|10
|
|t:|1758951463
|-end|p2a: Walking Wake|Protosynthesis|[silent]
|switch|p2a: Torkoal|Torkoal, M|74/100
|-weather|SunnyDay|[from] ability: Drought|[of] p2a: Torkoal
|-terastallize|p1a: Overqwil|Water
|move|p1a: Overqwil|Swords Dance|p1a: Overqwil
|-boost|p1a: Overqwil|atk|2
|
|-weather|SunnyDay|[upkeep]
|upkeep
|turn|11
|
|t:|1758951474
|-terastallize|p2a: Torkoal|Grass
|move|p1a: Overqwil|Gunk Shot|p2a: Torkoal
|-supereffective|p2a: Torkoal
|-damage|p2a: Torkoal|0 fnt
|faint|p2a: Torkoal
|-damage|p1a: Overqwil|91/100|[from] item: Life Orb
|
|-weather|SunnyDay|[upkeep]
|upkeep
|
|t:|1758951484
|switch|p2a: Venusaur|Venusaur, F|100/100
|turn|12
|
|t:|1758951486
|switch|p1a: Pelipper|Pelipper, F|56/100
|-weather|RainDance|[from] ability: Drizzle|[of] p1a: Pelipper
|move|p2a: Venusaur|Giga Drain|p1a: Pelipper
|-damage|p1a: Pelipper|16/100
|-damage|p2a: Venusaur|91/100|[from] item: Life Orb
|
|-weather|RainDance|[upkeep]
|upkeep
|turn|13
|
|t:|1758951494
|move|p2a: Venusaur|Giga Drain|p1a: Pelipper
|-damage|p1a: Pelipper|0 fnt
|-heal|p2a: Venusaur|98/100|[from] drain|[of] p1a: Pelipper
|faint|p1a: Pelipper
|-damage|p2a: Venusaur|88/100|[from] item: Life Orb
|
|-weather|RainDance|[upkeep]
|upkeep
|
|t:|1758951499
|switch|p1a: Iron Jugulis|Iron Jugulis|100/100
|turn|14
|
|t:|1758951510
|switch|p2a: Great Tusk|Great Tusk|100/100
|move|p1a: Iron Jugulis|Hurricane|p2a: Great Tusk
|-supereffective|p2a: Great Tusk
|-damage|p2a: Great Tusk|0 fnt
|faint|p2a: Great Tusk
|-end|p2a: Great Tusk|Protosynthesis|[silent]
|
|-weather|RainDance|[upkeep]
|upkeep
|
|t:|1758951517
|switch|p2a: Walking Wake|Walking Wake|71/100
|turn|15
|
|t:|1758951523
|move|p2a: Walking Wake|Hydro Steam|p1a: Iron Jugulis
|-damage|p1a: Iron Jugulis|0 fnt
|faint|p1a: Iron Jugulis
|-end|p1a: Iron Jugulis|Quark Drive|[silent]
|
|-weather|RainDance|[upkeep]
|upkeep
|
|t:|1758951526
|switch|p1a: Overqwil|Overqwil, M, shiny, tera:Water|91/100
|turn|16
|
|t:|1758951534
|move|p1a: Overqwil|Gunk Shot|p2a: Walking Wake
|-damage|p2a: Walking Wake|0 fnt
|faint|p2a: Walking Wake
|-end|p2a: Walking Wake|Protosynthesis|[silent]
|-damage|p1a: Overqwil|81/100|[from] item: Life Orb
|
|-weather|RainDance|[upkeep]
|upkeep
|
|t:|1758951540
|switch|p2a: Slither Wing|Slither Wing|100/100
|turn|17
|
|t:|1758951543
|move|p2a: Slither Wing|First Impression|p1a: Overqwil
|-damage|p1a: Overqwil|0 fnt
|faint|p1a: Overqwil
|
|-weather|RainDance|[upkeep]
|upkeep
|
|t:|1758951546
|switch|p1a: Barraskewda|Barraskewda, F|100/100
|turn|18
|
|t:|1758951550
|-end|p2a: Slither Wing|Protosynthesis|[silent]
|switch|p2a: Venusaur|Venusaur, F|88/100
|move|p1a: Barraskewda|Liquidation|p2a: Venusaur
|-resisted|p2a: Venusaur
|-crit|p2a: Venusaur
|-damage|p2a: Venusaur|0 fnt
|faint|p2a: Venusaur
|
|-weather|RainDance|[upkeep]
|upkeep
|
|t:|1758951557
|switch|p2a: Slither Wing|Slither Wing|100/100
|turn|19
|
|t:|1758951559
|move|p2a: Slither Wing|First Impression|p1a: Barraskewda
|-damage|p1a: Barraskewda|0 fnt
|faint|p1a: Barraskewda
|
|win|Golem Rising
|raw|KingWhacka's rating: 1563 &rarr; <strong>1547</strong><br />(-16 for losing)
|raw|Golem Rising's rating: 1638 &rarr; <strong>1654</strong><br />(+16 for winning)
|l|☆KingWhacka
|player|p1|
|l|☆Golem Rising
|player|p2|
