|j|☆xiaoqian123
|j|☆blublablablub
|t:|1759058696
|gametype|singles
|player|p1|xiaoqian123|265|1346
|player|p2|blublablablub|wallace|1311
|gen|9
|tier|[Gen 9] OU
|rated|
|rule|HP Percentage Mod: HP is shown in percentages
|rule|Endless Battle Clause: Forcing endless battles is banned
|rule|Species Clause: Limit one of each Pokémon
|rule|OHKO Clause: OHKO moves are banned
|rule|Evasion Items Clause: Evasion items are banned
|rule|Evasion Moves Clause: Evasion moves are banned
|rule|Evasion Abilities Clause: Evasion abilities are banned
|rule|Sleep Moves Clause: Sleep-inducing moves are banned
|clearpoke
|poke|p1|Suicune|
|poke|p1|Scream Tail|
|poke|p1|Amoonguss, M|
|poke|p1|Dragonite, F|
|poke|p1|Tyranitar, M|
|poke|p1|Skeledirge, F|
|poke|p2|Zarude-Dada|
|poke|p2|Moltres|
|poke|p2|Primarina, M|
|poke|p2|Ceruledge, M|
|poke|p2|Gliscor, M|
|poke|p2|Great Tusk|
|teampreview
|inactive|Battle timer is ON: inactive players will automatically lose when time's up. (requested by xiaoqian123)
|
|t:|1759058708
|teamsize|p1|6
|teamsize|p2|6
|start
|switch|p1a: Tyranitar|Tyranitar, M, shiny|100/100
|switch|p2a: Gliscor|Gliscor, M|100/100
|-weather|Sandstorm|[from] ability: Sand Stream|[of] p1a: Tyranitar
|turn|1
|
|t:|1759058722
|switch|p1a: Suicune|Suicune|100/100
|-ability|p1a: Suicune|Pressure
|move|p2a: Gliscor|Protect||[still]
|-fail|p2a: Gliscor
|
|-weather|Sandstorm|[upkeep]
|-damage|p1a: Suicune|94/100|[from] Sandstorm
|-heal|p1a: Suicune|100/100|[from] item: Leftovers
|-status|p2a: Gliscor|tox|[from] item: Toxic Orb
|upkeep
|turn|2
|
|t:|1759058733
|switch|p2a: Primarina|Primarina, M|100/100
|move|p1a: Suicune|Calm Mind|p1a: Suicune
|-boost|p1a: Suicune|spa|1
|-boost|p1a: Suicune|spd|1
|
|-weather|Sandstorm|[upkeep]
|-damage|p1a: Suicune|94/100|[from] Sandstorm
|-damage|p2a: Primarina|94/100|[from] Sandstorm
|-heal|p1a: Suicune|100/100|[from] item: Leftovers
|-heal|p2a: Primarina|100/100|[from] item: Leftovers
|upkeep
|turn|3
|
|t:|1759058739
|move|p1a: Suicune|Calm Mind|p1a: Suicune
|-boost|p1a: Suicune|spa|1
|-boost|p1a: Suicune|spd|1
|move|p2a: Primarina|Whirlpool|p1a: Suicune|[miss]
|-miss|p2a: Primarina|p1a: Suicune
|
|-weather|Sandstorm|[upkeep]
|-damage|p1a: Suicune|94/100|[from] Sandstorm
|-damage|p2a: Primarina|94/100|[from] Sandstorm
|-heal|p1a: Suicune|100/100|[from] item: Leftovers
|-heal|p2a: Primarina|100/100|[from] item: Leftovers
|upkeep
|turn|4
|
|t:|1759058745
|move|p1a: Suicune|Calm Mind|p1a: Suicune
|-boost|p1a: Suicune|spa|1
|-boost|p1a: Suicune|spd|1
|move|p2a: Primarina|Whirlpool|p1a: Suicune
|-resisted|p1a: Suicune
|-damage|p1a: Suicune|97/100
|-activate|p1a: Suicune|move: Whirlpool|[of] p2a: Primarina
|
|-weather|Sandstorm|[upkeep]
|-damage|p1a: Suicune|91/100|[from] Sandstorm
|-damage|p2a: Primarina|94/100|[from] Sandstorm
|-heal|p1a: Suicune|97/100|[from] item: Leftovers
|-heal|p2a: Primarina|100/100|[from] item: Leftovers
|-damage|p1a: Suicune|85/100|[from] move: Whirlpool|[partiallytrapped]
|upkeep
|turn|5
|
|t:|1759058755
|switch|p2a: Zarude|Zarude-Dada|100/100
|move|p1a: Suicune|Scald|p2a: Zarude
|-resisted|p2a: Zarude
|-damage|p2a: Zarude|68/100
|
|-weather|none
|-heal|p1a: Suicune|91/100|[from] item: Leftovers
|-end|p1a: Suicune|Whirlpool|[partiallytrapped]|[silent]
|upkeep
|turn|6
|
|t:|1759058779
|move|p2a: Zarude|Knock Off|p1a: Suicune
|-damage|p1a: Suicune|65/100
|-enditem|p1a: Suicune|Leftovers|[from] move: Knock Off|[of] p2a: Zarude
|move|p1a: Suicune|Scald|p2a: Zarude
|-resisted|p2a: Zarude
|-damage|p2a: Zarude|38/100
|-status|p2a: Zarude|brn
|
|-damage|p2a: Zarude|32/100 brn|[from] brn
|upkeep
|turn|7
|
|t:|1759058784
|switch|p2a: Primarina|Primarina, M|100/100
|move|p1a: Suicune|Scald|p2a: Primarina
|-resisted|p2a: Primarina
|-damage|p2a: Primarina|74/100
|
|-heal|p2a: Primarina|80/100|[from] item: Leftovers
|upkeep
|turn|8
|
|t:|1759058791
|move|p1a: Suicune|Scald|p2a: Primarina
|-resisted|p2a: Primarina
|-damage|p2a: Primarina|53/100
|move|p2a: Primarina|Whirlpool|p1a: Suicune|[miss]
|-miss|p2a: Primarina|p1a: Suicune
|
|-heal|p2a: Primarina|59/100|[from] item: Leftovers
|upkeep
|turn|9
|
|t:|1759058802
|move|p1a: Suicune|Scald|p2a: Primarina
|-resisted|p2a: Primarina
|-damage|p2a: Primarina|33/100
|-status|p2a: Primarina|brn
|move|p2a: Primarina|Whirlpool|p1a: Suicune
|-resisted|p1a: Suicune
|-damage|p1a: Suicune|62/100
|-activate|p1a: Suicune|move: Whirlpool|[of] p2a: Primarina
|
|-heal|p2a: Primarina|39/100 brn|[from] item: Leftovers
|-damage|p2a: Primarina|33/100 brn|[from] brn
|-damage|p1a: Suicune|50/100|[from] move: Whirlpool|[partiallytrapped]
|upkeep
|turn|10
|
|t:|1759058809
|move|p1a: Suicune|Calm Mind|p1a: Suicune
|-boost|p1a: Suicune|spa|1
|-boost|p1a: Suicune|spd|1
|move|p2a: Primarina|Substitute|p2a: Primarina
|-start|p2a: Primarina|Substitute
|-damage|p2a: Primarina|8/100 brn
|
|-heal|p2a: Primarina|14/100 brn|[from] item: Leftovers
|-damage|p2a: Primarina|8/100 brn|[from] brn
|-damage|p1a: Suicune|37/100|[from] move: Whirlpool|[partiallytrapped]
|upkeep
|turn|11
|
|t:|1759058817
|move|p1a: Suicune|Rest|p1a: Suicune
|-status|p1a: Suicune|slp|[from] move: Rest
|-heal|p1a: Suicune|100/100 slp|[silent]
|move|p2a: Primarina|Psychic Noise|p1a: Suicune
|-resisted|p1a: Suicune
|-damage|p1a: Suicune|95/100 slp
|-start|p1a: Suicune|move: Heal Block
|
|-heal|p2a: Primarina|14/100 brn|[from] item: Leftovers
|-damage|p2a: Primarina|8/100 brn|[from] brn
|-damage|p1a: Suicune|83/100 slp|[from] move: Whirlpool|[partiallytrapped]
|upkeep
|turn|12
|
|t:|1759058824
|cant|p1a: Suicune|slp
|move|p1a: Suicune|Sleep Talk|p1a: Suicune
|cant|p1a: Suicune|move: Heal Block|Rest
|move|p2a: Primarina|Moonblast|p1a: Suicune
|-damage|p1a: Suicune|70/100 slp
|-unboost|p1a: Suicune|spa|1
|
|-heal|p2a: Primarina|14/100 brn|[from] item: Leftovers
|-damage|p2a: Primarina|8/100 brn|[from] brn
|-damage|p1a: Suicune|58/100 slp|[from] move: Whirlpool|[partiallytrapped]
|-end|p1a: Suicune|move: Heal Block
|upkeep
|turn|13
|
|t:|1759058831
|cant|p1a: Suicune|slp
|move|p1a: Suicune|Sleep Talk|p1a: Suicune
|move|p1a: Suicune|Calm Mind|p1a: Suicune|[from] move: Sleep Talk
|-boost|p1a: Suicune|spa|1
|-boost|p1a: Suicune|spd|1
|move|p2a: Primarina|Psychic Noise|p1a: Suicune
|-resisted|p1a: Suicune
|-damage|p1a: Suicune|53/100 slp
|-start|p1a: Suicune|move: Heal Block
|
|-heal|p2a: Primarina|14/100 brn|[from] item: Leftovers
|-damage|p2a: Primarina|8/100 brn|[from] brn
|-damage|p1a: Suicune|41/100 slp|[from] move: Whirlpool|[partiallytrapped]
|upkeep
|turn|14
|
|t:|1759058837
|-curestatus|p1a: Suicune|slp|[msg]
|move|p1a: Suicune|Scald|p2a: Primarina
|-resisted|p2a: Primarina
|-end|p2a: Primarina|Substitute
|move|p2a: Primarina|Moonblast|p1a: Suicune
|-damage|p1a: Suicune|29/100
|
|-heal|p2a: Primarina|14/100 brn|[from] item: Leftovers
|-damage|p2a: Primarina|8/100 brn|[from] brn
|-end|p1a: Suicune|Whirlpool|[partiallytrapped]
|-end|p1a: Suicune|move: Heal Block
|upkeep
|turn|15
|-message|blublablablub forfeited.
|
|win|xiaoqian123
|raw|xiaoqian123's rating: 1346 &rarr; <strong>1364</strong><br />(+18 for winning)
|raw|blublablablub's rating: 1311 &rarr; <strong>1293</strong><br />(-18 for losing)
|l|☆blublablablub
|player|p2|
|l|☆xiaoqian123
|player|p1|
