|j|☆harc
|j|☆mucino
|t:|1759051391
|gametype|singles
|player|p1|harc|ninjaboy|1269
|player|p2|mucino|265|1334
|gen|9
|tier|[Gen 9] OU
|rated|
|rule|HP Percentage Mod: HP is shown in percentages
|rule|Endless Battle Clause: Forcing endless battles is banned
|rule|Species Clause: Limit one of each Pokémon
|rule|OHKO Clause: OHKO moves are banned
|rule|Evasion Items Clause: Evasion items are banned
|rule|Evasion Moves Clause: Evasion moves are banned
|rule|Evasion Abilities Clause: Evasion abilities are banned
|rule|Sleep Moves Clause: Sleep-inducing moves are banned
|clearpoke
|poke|p1|Corviknight, F|
|poke|p1|Clefable, F|
|poke|p1|Tyranitar, M|
|poke|p1|Hippowdon, M|
|poke|p1|Excadrill, F|
|poke|p1|Reuniclus, F|
|poke|p2|Clodsire, M|
|poke|p2|Kingambit, F|
|poke|p2|Porygon-Z|
|poke|p2|Chandelure, F|
|poke|p2|Primarina, F|
|poke|p2|Grimmsnarl, M|
|teampreview
|inactive|Battle timer is ON: inactive players will automatically lose when time's up. (requested by mucino)
|
|t:|1759051425
|teamsize|p1|6
|teamsize|p2|6
|start
|switch|p1a: Hippowdon|Hippowdon, M|100/100
|switch|p2a: Grimmsnarl|Grimmsnarl, M|100/100
|-weather|Sandstorm|[from] ability: Sand Stream|[of] p1a: Hippowdon
|turn|1
|inactive|harc has 120 seconds left.
|
|t:|1759051465
|move|p2a: Grimmsnarl|Taunt|p1a: Hippowdon
|-start|p1a: Hippowdon|move: Taunt
|cant|p1a: Hippowdon|move: Taunt|Stealth Rock
|
|-weather|Sandstorm|[upkeep]
|-damage|p2a: Grimmsnarl|94/100|[from] Sandstorm
|upkeep
|turn|2
|
|t:|1759051472
|switch|p1a: Excadrill|Excadrill, F|100/100
|move|p2a: Grimmsnarl|Reflect|p2a: Grimmsnarl
|-sidestart|p2: mucino|Reflect
|
|-weather|Sandstorm|[upkeep]
|-damage|p2a: Grimmsnarl|88/100|[from] Sandstorm
|upkeep
|turn|3
|inactive|harc has 120 seconds left.
|
|t:|1759051482
|move|p2a: Grimmsnarl|Taunt|p1a: Excadrill
|-start|p1a: Excadrill|move: Taunt
|move|p1a: Excadrill|Iron Head|p2a: Grimmsnarl
|-supereffective|p2a: Grimmsnarl
|-damage|p2a: Grimmsnarl|15/100
|
|-weather|Sandstorm|[upkeep]
|-damage|p2a: Grimmsnarl|9/100|[from] Sandstorm
|upkeep
|turn|4
|inactive|harc has 120 seconds left.
|
|t:|1759051493
|move|p2a: Grimmsnarl|Light Screen|p2a: Grimmsnarl
|-sidestart|p2: mucino|move: Light Screen
|move|p1a: Excadrill|Earthquake|p2a: Grimmsnarl
|-damage|p2a: Grimmsnarl|0 fnt
|faint|p2a: Grimmsnarl
|
|-weather|Sandstorm|[upkeep]
|upkeep
|
|t:|1759051502
|switch|p2a: Primarina|Primarina, F|100/100
|turn|5
|inactive|harc has 120 seconds left.
|
|t:|1759051517
|switch|p1a: Tyranitar|Tyranitar, M|100/100
|move|p2a: Primarina|Hyper Voice|p1a: Tyranitar
|-supereffective|p1a: Tyranitar
|-damage|p1a: Tyranitar|75/100
|
|-weather|Sandstorm|[upkeep]
|-damage|p2a: Primarina|94/100|[from] Sandstorm
|upkeep
|turn|6
|
|t:|1759051527
|move|p1a: Tyranitar|Knock Off|p2a: Primarina
|-resisted|p2a: Primarina
|-damage|p2a: Primarina|81/100
|-enditem|p2a: Primarina|Assault Vest|[from] move: Knock Off|[of] p1a: Tyranitar
|move|p2a: Primarina|Moonblast|p1a: Tyranitar
|-supereffective|p1a: Tyranitar
|-damage|p1a: Tyranitar|46/100
|
|-weather|Sandstorm|[upkeep]
|-damage|p2a: Primarina|75/100|[from] Sandstorm
|upkeep
|turn|7
|
|t:|1759051541
|move|p1a: Tyranitar|Stone Edge|p2a: Primarina|[miss]
|-miss|p1a: Tyranitar|p2a: Primarina
|move|p2a: Primarina|Moonblast|p1a: Tyranitar
|-supereffective|p1a: Tyranitar
|-damage|p1a: Tyranitar|19/100
|
|-weather|Sandstorm|[upkeep]
|-damage|p2a: Primarina|69/100|[from] Sandstorm
|upkeep
|turn|8
|
|t:|1759051551
|move|p1a: Tyranitar|Stone Edge|p2a: Primarina
|-crit|p2a: Primarina
|-damage|p2a: Primarina|0 fnt
|faint|p2a: Primarina
|
|-weather|none
|upkeep
|
|t:|1759051556
|switch|p2a: Chandelure|Chandelure, F|100/100
|turn|9
|inactive|harc has 120 seconds left.
|
|t:|1759051581
|switch|p1a: Hippowdon|Hippowdon, M|100/100
|-weather|Sandstorm|[from] ability: Sand Stream|[of] p1a: Hippowdon
|move|p2a: Chandelure|Trick|p1a: Hippowdon
|-activate|p2a: Chandelure|move: Trick|[of] p1a: Hippowdon
|-item|p1a: Hippowdon|Choice Scarf|[from] move: Trick
|-item|p2a: Chandelure|Smooth Rock|[from] move: Trick
|
|-weather|Sandstorm|[upkeep]
|-damage|p2a: Chandelure|94/100|[from] Sandstorm
|-sideend|p2: mucino|Reflect
|upkeep
|turn|10
|inactive|harc has 120 seconds left.
|
|t:|1759051599
|-terastallize|p2a: Chandelure|Grass
|move|p2a: Chandelure|Energy Ball|p1a: Hippowdon
|-supereffective|p1a: Hippowdon
|-damage|p1a: Hippowdon|0 fnt
|faint|p1a: Hippowdon
|
|-weather|Sandstorm|[upkeep]
|-damage|p2a: Chandelure|88/100|[from] Sandstorm
|upkeep
|
|t:|1759051624
|switch|p1a: Excadrill|Excadrill, F|100/100
|turn|11
|
|t:|1759051634
|-terastallize|p1a: Excadrill|Flying
|move|p1a: Excadrill|Tera Blast|p2a: Chandelure|[anim] Tera Blast Flying
|-supereffective|p2a: Chandelure
|-damage|p2a: Chandelure|0 fnt
|faint|p2a: Chandelure
|
|-weather|Sandstorm|[upkeep]
|-sideend|p2: mucino|move: Light Screen
|upkeep
|
|t:|1759051640
|switch|p2a: Kingambit|Kingambit, F|100/100
|-activate|p2a: Kingambit|ability: Supreme Overlord
|-start|p2a: Kingambit|fallen3|[silent]
|turn|12
|
|t:|1759051646
|move|p1a: Excadrill|Earthquake|p2a: Kingambit
|-supereffective|p2a: Kingambit
|-damage|p2a: Kingambit|7/100
|move|p2a: Kingambit|Swords Dance|p2a: Kingambit
|-boost|p2a: Kingambit|atk|2
|
|-weather|Sandstorm|[upkeep]
|upkeep
|turn|13
|
|t:|1759051656
|switch|p1a: Tyranitar|Tyranitar, M|19/100
|move|p2a: Kingambit|Sucker Punch||[still]
|-fail|p2a: Kingambit
|
|-weather|Sandstorm|[upkeep]
|upkeep
|turn|14
|
|t:|1759051665
|move|p2a: Kingambit|Sucker Punch|p1a: Tyranitar
|-resisted|p1a: Tyranitar
|-damage|p1a: Tyranitar|0 fnt
|faint|p1a: Tyranitar
|
|-weather|Sandstorm|[upkeep]
|upkeep
|
|t:|1759051678
|switch|p1a: Clefable|Clefable, F|100/100
|turn|15
|
|t:|1759051684
|move|p1a: Clefable|Moonblast|p2a: Kingambit
|-damage|p2a: Kingambit|0 fnt
|faint|p2a: Kingambit
|-end|p2a: Kingambit|fallen3|[silent]
|
|-weather|Sandstorm|[upkeep]
|-damage|p1a: Clefable|94/100|[from] Sandstorm
|-heal|p1a: Clefable|100/100|[from] item: Leftovers
|upkeep
|
|t:|1759051687
|switch|p2a: Porygon-Z|Porygon-Z|100/100
|turn|16
|
|t:|1759051694
|move|p2a: Porygon-Z|Tri Attack|p1a: Clefable
|-damage|p1a: Clefable|18/100
|move|p1a: Clefable|Thunder Wave|p2a: Porygon-Z
|-status|p2a: Porygon-Z|par
|
|-weather|none
|-heal|p1a: Clefable|24/100|[from] item: Leftovers
|upkeep
|turn|17
|
|t:|1759051703
|move|p1a: Clefable|Protect|p1a: Clefable
|-singleturn|p1a: Clefable|Protect
|move|p2a: Porygon-Z|Tri Attack|p1a: Clefable
|-activate|p1a: Clefable|move: Protect
|
|-heal|p1a: Clefable|30/100|[from] item: Leftovers
|upkeep
|turn|18
|inactive|harc has 120 seconds left.
|
|t:|1759051726
|move|p1a: Clefable|Wish|p1a: Clefable
|move|p2a: Porygon-Z|Tri Attack|p1a: Clefable
|-damage|p1a: Clefable|0 fnt
|faint|p1a: Clefable
|
|upkeep
|inactive|harc has 120 seconds left.
|
|t:|1759051741
|switch|p1a: Reuniclus|Reuniclus, F|100/100
|turn|19
|
|t:|1759051744
|cant|p2a: Porygon-Z|par
|move|p1a: Reuniclus|Calm Mind|p1a: Reuniclus
|-boost|p1a: Reuniclus|spa|1
|-boost|p1a: Reuniclus|spd|1
|
|upkeep
|turn|20
|
|t:|1759051751
|move|p2a: Porygon-Z|Tri Attack|p1a: Reuniclus
|-damage|p1a: Reuniclus|52/100
|move|p1a: Reuniclus|Calm Mind|p1a: Reuniclus
|-boost|p1a: Reuniclus|spa|1
|-boost|p1a: Reuniclus|spd|1
|
|upkeep
|turn|21
|
|t:|1759051758
|move|p2a: Porygon-Z|Tri Attack|p1a: Reuniclus
|-damage|p1a: Reuniclus|10/100
|move|p1a: Reuniclus|Recover|p1a: Reuniclus
|-heal|p1a: Reuniclus|60/100
|
|upkeep
|turn|22
|
|t:|1759051766
|move|p2a: Porygon-Z|Tri Attack|p1a: Reuniclus
|-damage|p1a: Reuniclus|21/100
|move|p1a: Reuniclus|Psychic Noise|p2a: Porygon-Z
|-damage|p2a: Porygon-Z|0 fnt
|faint|p2a: Porygon-Z
|
|upkeep
|
|t:|1759051769
|switch|p2a: Clodsire|Clodsire, M|100/100
|turn|23
|
|t:|1759051776
|move|p1a: Reuniclus|Psychic Noise|p2a: Clodsire
|-supereffective|p2a: Clodsire
|-damage|p2a: Clodsire|45/100
|-start|p2a: Clodsire|move: Heal Block
|move|p2a: Clodsire|Earthquake|p1a: Reuniclus
|-damage|p1a: Reuniclus|2/100
|
|upkeep
|turn|24
|-message|mucino forfeited.
|
|win|harc
|raw|harc's rating: 1269 &rarr; <strong>1297</strong><br />(+28 for winning)
|raw|mucino's rating: 1313 &rarr; <strong>1290</strong><br />(-23 for losing)
|l|☆mucino
|player|p2|
