|j|☆melonscarada
|j|☆huzzrepellent
|t:|1758919131
|gametype|singles
|player|p1|melonscarada|steven|
|player|p2|huzzrepellent|ash-kalos|
|gen|9
|tier|[Gen 9] OU
|rule|HP Percentage Mod: HP is shown in percentages
|rule|Endless Battle Clause: Forcing endless battles is banned
|rule|Species Clause: Limit one of each Pokémon
|rule|OHKO Clause: OHKO moves are banned
|rule|Evasion Items Clause: Evasion items are banned
|rule|Evasion Moves Clause: Evasion moves are banned
|rule|Evasion Abilities Clause: Evasion abilities are banned
|rule|Sleep Moves Clause: Sleep-inducing moves are banned
|clearpoke
|poke|p1|Garganacl, F|
|poke|p1|Gholdengo|
|poke|p1|Great Tusk|
|poke|p1|Ogerpon-Wellspring, F|
|poke|p1|Weezing-Galar, M|
|poke|p1|Skeledirge, F|
|poke|p2|Great Tusk|
|poke|p2|Zapdos|
|poke|p2|Meowscarada, F|
|poke|p2|Kingambit, M|
|poke|p2|Dragapult, F|
|poke|p2|Clefable, F|
|teampreview
|c|☆huzzrepellent|Wanna be friends?
|inactive|Battle timer is ON: inactive players will automatically lose when time's up. (requested by huzzrepellent)
|c|☆melonscarada|sure
|inactive|huzzrepellent has 270 seconds left.
|
|t:|1758919194
|teamsize|p1|6
|teamsize|p2|6
|start
|switch|p1a: Skeledirge|Skeledirge, F|100/100
|switch|p2a: Begrudging|Great Tusk, shiny|100/100
|turn|1
|inactive|melonscarada has 270 seconds left.
|inactive|huzzrepellent has 270 seconds left.
|inactive|melonscarada has 240 seconds left.
|
|t:|1758919260
|-end|p2a: Begrudging|Protosynthesis|[silent]
|switch|p2a: Synapse|Zapdos, shiny|100/100
|switch|p1a: Ogerpon|Ogerpon-Wellspring, F|100/100
|
|upkeep
|turn|2
|inactive|melonscarada has 240 seconds left.
|
|t:|1758919295
|switch|p1a: Skeledirge|Skeledirge, F|100/100
|move|p2a: Synapse|Hurricane|p1a: Skeledirge|[miss]
|-miss|p2a: Synapse|p1a: Skeledirge
|
|upkeep
|turn|3
|
|t:|1758919301
|move|p2a: Synapse|Volt Switch|p1a: Skeledirge
|-damage|p1a: Skeledirge|78/100
|
|t:|1758919309
|switch|p2a: Inflexa|Dragapult, F|100/100|[from] Volt Switch
|move|p1a: Skeledirge|Will-O-Wisp|p2a: Inflexa
|-status|p2a: Inflexa|brn
|
|-damage|p2a: Inflexa|95/100 brn|[from] brn
|upkeep
|turn|4
|
|t:|1758919326
|switch|p1a: Weezing|Weezing-Galar, M|100/100
|-ability|p1a: Weezing|Neutralizing Gas
|move|p2a: Inflexa|Substitute|p2a: Inflexa
|-start|p2a: Inflexa|Substitute
|-damage|p2a: Inflexa|70/100 brn
|
|-heal|p2a: Inflexa|76/100 brn|[from] item: Leftovers
|-damage|p2a: Inflexa|70/100 brn|[from] brn
|upkeep
|turn|5
|
|t:|1758919339
|move|p2a: Inflexa|Thunder Wave|p1a: Weezing
|-status|p1a: Weezing|par
|move|p1a: Weezing|Strange Steam|p2a: Inflexa|[miss]
|-miss|p1a: Weezing|p2a: Inflexa
|
|-heal|p2a: Inflexa|76/100 brn|[from] item: Leftovers
|-damage|p2a: Inflexa|70/100 brn|[from] brn
|upkeep
|turn|6
|
|t:|1758919354
|move|p2a: Inflexa|Hex|p1a: Weezing
|-damage|p1a: Weezing|27/100 par
|cant|p1a: Weezing|par
|
|-heal|p2a: Inflexa|76/100 brn|[from] item: Leftovers
|-heal|p1a: Weezing|33/100 par|[from] item: Leftovers
|-damage|p2a: Inflexa|70/100 brn|[from] brn
|upkeep
|turn|7
|c|☆huzzrepellent|Lesgooo
|
|t:|1758919367
|move|p2a: Inflexa|Hex|p1a: Weezing
|-damage|p1a: Weezing|0 fnt
|faint|p1a: Weezing
|-end|p1a: Weezing|ability: Neutralizing Gas
|
|-heal|p2a: Inflexa|76/100 brn|[from] item: Leftovers
|-damage|p2a: Inflexa|70/100 brn|[from] brn
|upkeep
|
|t:|1758919374
|switch|p1a: Garganacl|Garganacl, F|100/100
|turn|8
|
|t:|1758919383
|move|p2a: Inflexa|Thunder Wave|p1a: Garganacl
|-status|p1a: Garganacl|par
|move|p1a: Garganacl|Stealth Rock|p2a: Inflexa
|-sidestart|p2: huzzrepellent|move: Stealth Rock
|
|-heal|p2a: Inflexa|76/100 brn|[from] item: Leftovers
|-damage|p2a: Inflexa|70/100 brn|[from] brn
|upkeep
|turn|9
|
|t:|1758919392
|move|p2a: Inflexa|Hex|p1a: Garganacl
|-damage|p1a: Garganacl|46/100 par
|-enditem|p1a: Garganacl|Red Card|[of] p2a: Inflexa
|drag|p2a: Synapse|Zapdos, shiny|100/100
|cant|p1a: Garganacl|par
|
|upkeep
|turn|10
|
|t:|1758919409
|move|p2a: Synapse|Volt Switch|p1a: Garganacl
|-damage|p1a: Garganacl|19/100 par
|inactive|huzzrepellent has 270 seconds left.
|
|t:|1758919432
|switch|p2a: face down|Kingambit, M, shiny|100/100|[from] Volt Switch
|-damage|p2a: face down|94/100|[from] Stealth Rock
|-item|p2a: face down|Air Balloon
|cant|p1a: Garganacl|par
|
|upkeep
|turn|11
|c|☆melonscarada|god damn
|
|t:|1758919442
|move|p2a: face down|Swords Dance|p2a: face down
|-boost|p2a: face down|atk|2
|move|p1a: Garganacl|Salt Cure|p2a: face down
|-resisted|p2a: face down
|-damage|p2a: face down|89/100
|-start|p2a: face down|Salt Cure
|-enditem|p2a: face down|Air Balloon
|
|-damage|p2a: face down|64/100|[from] Salt Cure
|upkeep
|turn|12
|inactive|melonscarada has 240 seconds left.
|inactive|huzzrepellent has 270 seconds left.
|
|t:|1758919460
|move|p2a: face down|Kowtow Cleave|p1a: Garganacl
|-damage|p1a: Garganacl|0 fnt
|faint|p1a: Garganacl
|
|-damage|p2a: face down|39/100|[from] Salt Cure
|upkeep
|inactive|melonscarada has 240 seconds left.
|
|t:|1758919474
|switch|p1a: Ogerpon|Ogerpon-Wellspring, F|100/100
|turn|13
|inactive|melonscarada has 240 seconds left.
|
|t:|1758919485
|move|p2a: face down|Sucker Punch||[still]
|-fail|p2a: face down
|move|p1a: Ogerpon|Swords Dance|p1a: Ogerpon
|-boost|p1a: Ogerpon|atk|2
|
|-damage|p2a: face down|14/100|[from] Salt Cure
|upkeep
|turn|14
|
|t:|1758919492
|move|p1a: Ogerpon|Spiky Shield|p1a: Ogerpon
|-singleturn|p1a: Ogerpon|move: Protect
|move|p2a: face down|Kowtow Cleave|p1a: Ogerpon
|-activate|p1a: Ogerpon|move: Protect
|-damage|p2a: face down|2/100|[from] Spiky Shield|[of] p1a: Ogerpon
|
|-damage|p2a: face down|0 fnt|[from] Salt Cure
|faint|p2a: face down
|-end|p2a: face down|fallenundefined|[silent]
|upkeep
|
|t:|1758919509
|switch|p2a: Hyperactive|Meowscarada, F|100/100
|-damage|p2a: Hyperactive|88/100|[from] Stealth Rock
|turn|15
|inactive|huzzrepellent has 270 seconds left.
|inactive|melonscarada has 240 seconds left.
|
|t:|1758919544
|switch|p1a: Skeledirge|Skeledirge, F|78/100
|move|p2a: Hyperactive|U-turn|p1a: Skeledirge
|-start|p2a: Hyperactive|typechange|Bug|[from] ability: Protean
|-resisted|p1a: Skeledirge
|-damage|p1a: Skeledirge|68/100
|inactive|huzzrepellent has 270 seconds left.
|
|t:|1758919562
|switch|p2a: zenhoukou bishoujo|Clefable, F|100/100|[from] U-turn
|
|upkeep
|turn|16
|inactive|melonscarada has 210 seconds left.
|
|t:|1758919608
|move|p1a: Skeledirge|Torch Song|p2a: zenhoukou bishoujo
|-damage|p2a: zenhoukou bishoujo|82/100
|-boost|p1a: Skeledirge|spa|1
|move|p2a: zenhoukou bishoujo|Thunder Wave|p1a: Skeledirge|[miss]
|-miss|p2a: zenhoukou bishoujo|p1a: Skeledirge
|
|-heal|p2a: zenhoukou bishoujo|88/100|[from] item: Leftovers
|upkeep
|turn|17
|
|t:|1758919616
|move|p1a: Skeledirge|Will-O-Wisp|p2a: zenhoukou bishoujo
|-status|p2a: zenhoukou bishoujo|brn
|move|p2a: zenhoukou bishoujo|Thunder Wave|p1a: Skeledirge
|-status|p1a: Skeledirge|par
|
|-heal|p2a: zenhoukou bishoujo|94/100 brn|[from] item: Leftovers
|upkeep
|turn|18
|
|t:|1758919624
|move|p2a: zenhoukou bishoujo|Stealth Rock|p1a: Skeledirge
|-sidestart|p1: melonscarada|move: Stealth Rock
|move|p1a: Skeledirge|Hex|p2a: zenhoukou bishoujo
|-damage|p2a: zenhoukou bishoujo|42/100 brn
|
|-heal|p2a: zenhoukou bishoujo|48/100 brn|[from] item: Leftovers
|upkeep
|turn|19
|inactive|melonscarada has 210 seconds left.
|
|t:|1758919634
|switch|p2a: Hyperactive|Meowscarada, F|88/100
|-damage|p2a: Hyperactive|76/100|[from] Stealth Rock
|cant|p1a: Skeledirge|par
|
|upkeep
|turn|20
|inactive|melonscarada has 210 seconds left.
|
|t:|1758919664
|switch|p1a: Ogerpon|Ogerpon-Wellspring, F|100/100
|-damage|p1a: Ogerpon|88/100|[from] Stealth Rock
|move|p2a: Hyperactive|Knock Off|p1a: Ogerpon
|-start|p2a: Hyperactive|typechange|Dark|[from] ability: Protean
|-damage|p1a: Ogerpon|39/100
|
|upkeep
|turn|21
|
|t:|1758919682
|move|p2a: Hyperactive|Knock Off|p1a: Ogerpon
|-damage|p1a: Ogerpon|0 fnt
|faint|p1a: Ogerpon
|
|upkeep
|inactive|melonscarada has 180 seconds left.
|c|☆huzzrepellent|She is hyperactive
|c|☆huzzrepellent|Dyk the song?
|
|t:|1758919700
|switch|p1a: Great Tusk|Great Tusk|100/100
|-damage|p1a: Great Tusk|98/100|[from] Stealth Rock
|-enditem|p1a: Great Tusk|Booster Energy
|-activate|p1a: Great Tusk|ability: Protosynthesis|[fromitem]
|-start|p1a: Great Tusk|protosynthesisatk
|turn|22
|inactive|melonscarada has 180 seconds left.
|
|t:|1758919715
|switch|p2a: Synapse|Zapdos, shiny|100/100
|move|p1a: Great Tusk|Rapid Spin|p2a: Synapse
|-damage|p2a: Synapse|76/100
|-boost|p1a: Great Tusk|spe|1
|-sideend|p1: melonscarada|Stealth Rock|[from] move: Rapid Spin|[of] p1a: Great Tusk
|
|upkeep
|turn|23
|inactive|melonscarada has 180 seconds left.
|
|t:|1758919724
|-terastallize|p1a: Great Tusk|Steel
|move|p2a: Synapse|Roost|p2a: Synapse
|-heal|p2a: Synapse|100/100
|-singleturn|p2a: Synapse|move: Roost
|move|p1a: Great Tusk|Rapid Spin|p2a: Synapse
|-damage|p2a: Synapse|77/100
|-boost|p1a: Great Tusk|spe|1
|
|upkeep
|turn|24
|
|t:|1758919733
|move|p1a: Great Tusk|Ice Spinner|p2a: Synapse
|-supereffective|p2a: Synapse
|-damage|p2a: Synapse|0 fnt
|faint|p2a: Synapse
|
|upkeep
|c|☆huzzrepellent|Oh my goodness..
|inactive|huzzrepellent has 270 seconds left.
|
|t:|1758919773
|switch|p2a: zenhoukou bishoujo|Clefable, F|48/100 brn
|turn|25
|c|☆huzzrepellent|I think I've just taken the L
|c|☆huzzrepellent|😔
|inactive|huzzrepellent has 240 seconds left.
|
|t:|1758919805
|move|p1a: Great Tusk|Headlong Rush|p2a: zenhoukou bishoujo
|-damage|p2a: zenhoukou bishoujo|0 fnt
|-unboost|p1a: Great Tusk|def|1
|-unboost|p1a: Great Tusk|spd|1
|faint|p2a: zenhoukou bishoujo
|
|upkeep
|inactive|huzzrepellent has 240 seconds left.
|inactive|huzzrepellent has 210 seconds left.
|
|t:|1758919853
|switch|p2a: Begrudging|Great Tusk, shiny|100/100
|turn|26
|c|☆melonscarada|we'll see!
|
|t:|1758919863
|-terastallize|p2a: Begrudging|Fire
|move|p1a: Great Tusk|Headlong Rush|p2a: Begrudging
|-supereffective|p2a: Begrudging
|-damage|p2a: Begrudging|0 fnt
|-unboost|p1a: Great Tusk|def|1
|-unboost|p1a: Great Tusk|spd|1
|faint|p2a: Begrudging
|-end|p2a: Begrudging|Protosynthesis|[silent]
|
|upkeep
|c|☆huzzrepellent|Dammit all
|inactive|huzzrepellent has 180 seconds left.
|
|t:|1758919897
|switch|p2a: Inflexa|Dragapult, F|70/100 brn
|-damage|p2a: Inflexa|57/100 brn|[from] Stealth Rock
|turn|27
|
|t:|1758919904
|move|p2a: Inflexa|Thunder Wave|p1a: Great Tusk
|-status|p1a: Great Tusk|par
|move|p1a: Great Tusk|Ice Spinner|p2a: Inflexa
|-supereffective|p2a: Inflexa
|-damage|p2a: Inflexa|0 fnt
|faint|p2a: Inflexa
|
|upkeep
|
|t:|1758919909
|switch|p2a: Hyperactive|Meowscarada, F|76/100
|-damage|p2a: Hyperactive|64/100|[from] Stealth Rock
|turn|28
|inactive|huzzrepellent has 180 seconds left.
|
|t:|1758919937
|move|p2a: Hyperactive|Knock Off|p1a: Great Tusk
|-start|p2a: Hyperactive|typechange|Dark|[from] ability: Protean
|-damage|p1a: Great Tusk|43/100 par
|cant|p1a: Great Tusk|par
|
|upkeep
|turn|29
|
|t:|1758919962
|move|p2a: Hyperactive|Knock Off|p1a: Great Tusk
|-damage|p1a: Great Tusk|0 fnt
|faint|p1a: Great Tusk
|-end|p1a: Great Tusk|Protosynthesis|[silent]
|
|upkeep
|c|☆huzzrepellent|Lol
|
|t:|1758919971
|switch|p1a: Gholdengo|Gholdengo|100/100
|-item|p1a: Gholdengo|Air Balloon
|turn|30
|c|☆melonscarada|might be cooked
|
|t:|1758919984
|move|p2a: Hyperactive|Knock Off|p1a: Gholdengo
|-supereffective|p1a: Gholdengo
|-damage|p1a: Gholdengo|0 fnt
|-enditem|p1a: Gholdengo|Air Balloon
|faint|p1a: Gholdengo
|
|upkeep
|
|t:|1758919989
|switch|p1a: Skeledirge|Skeledirge, F|68/100 par
|turn|31
|c|☆huzzrepellent|You definitely are hahaha
|
|t:|1758919997
|move|p2a: Hyperactive|Knock Off|p1a: Skeledirge
|-supereffective|p1a: Skeledirge
|-damage|p1a: Skeledirge|0 fnt
|-enditem|p1a: Skeledirge|Heavy-Duty Boots|[from] move: Knock Off|[of] p2a: Hyperactive
|faint|p1a: Skeledirge
|
|win|huzzrepellent
|c|☆melonscarada|gg!
|c|☆melonscarada|thanks for the r
|c|☆melonscarada|rematch
|c|☆huzzrepellent|AYYY LETS GOOO
|l|☆melonscarada
|player|p1|
|c|☆huzzrepellent|Sure
