|j|☆dseokp
|j|☆hungrymane
|t:|1759053366
|gametype|singles
|player|p1|dseokp|unknown|1567
|player|p2|hungrymane|266|1501
|gen|9
|tier|[Gen 9] OU
|rated|
|rule|HP Percentage Mod: HP is shown in percentages
|rule|Endless Battle Clause: Forcing endless battles is banned
|rule|Species Clause: Limit one of each Pokémon
|rule|OHKO Clause: OHKO moves are banned
|rule|Evasion Items Clause: Evasion items are banned
|rule|Evasion Moves Clause: Evasion moves are banned
|rule|Evasion Abilities Clause: Evasion abilities are banned
|rule|Sleep Moves Clause: Sleep-inducing moves are banned
|clearpoke
|poke|p1|Glimmora, M|
|poke|p1|Iron Treads|
|poke|p1|Polteageist-Antique|
|poke|p1|Raging Bolt|
|poke|p1|Dragonite, M|
|poke|p1|Zamazenta-*|
|poke|p2|Tinkaton, F|
|poke|p2|Samurott-Hisui, M|
|poke|p2|Gholdengo|
|poke|p2|Pecharunt|
|poke|p2|Garganacl, F|
|poke|p2|Serperior, M|
|teampreview
|inactive|Battle timer is ON: inactive players will automatically lose when time's up. (requested by dseokp)
|
|t:|1759053387
|teamsize|p1|6
|teamsize|p2|6
|start
|switch|p1a: Iron Treads|Iron Treads|100/100
|switch|p2a: Samurott|Samurott-Hisui, M|100/100
|-enditem|p1a: Iron Treads|Booster Energy
|-activate|p1a: Iron Treads|ability: Quark Drive|[fromitem]
|-start|p1a: Iron Treads|quarkdrivespe
|turn|1
|
|t:|1759053397
|move|p1a: Iron Treads|Knock Off|p2a: Samurott
|-resisted|p2a: Samurott
|-damage|p2a: Samurott|87/100
|-enditem|p2a: Samurott|Assault Vest|[from] move: Knock Off|[of] p1a: Iron Treads
|move|p2a: Samurott|Aqua Cutter|p1a: Iron Treads
|-supereffective|p1a: Iron Treads
|-damage|p1a: Iron Treads|34/100
|
|upkeep
|turn|2
|
|t:|1759053410
|move|p1a: Iron Treads|Stealth Rock|p2a: Samurott
|-sidestart|p2: hungrymane|move: Stealth Rock
|move|p2a: Samurott|Ceaseless Edge|p1a: Iron Treads
|-damage|p1a: Iron Treads|3/100
|-sidestart|p1: dseokp|Spikes
|
|upkeep
|turn|3
|
|t:|1759053416
|move|p1a: Iron Treads|Endeavor|p2a: Samurott
|-damage|p2a: Samurott|3/100
|move|p2a: Samurott|Ceaseless Edge|p1a: Iron Treads
|-damage|p1a: Iron Treads|0 fnt
|-sidestart|p1: dseokp|Spikes
|faint|p1a: Iron Treads
|-end|p1a: Iron Treads|Quark Drive|[silent]
|
|upkeep
|
|t:|1759053439
|switch|p1a: Glimmora|Glimmora, M|100/100
|-damage|p1a: Glimmora|84/100|[from] Spikes
|turn|4
|j| Kyurem
|
|t:|1759053454
|switch|p2a: Gholdengo|Gholdengo|100/100
|-damage|p2a: Gholdengo|94/100|[from] Stealth Rock
|move|p1a: Glimmora|Earth Power|p2a: Gholdengo
|-supereffective|p2a: Gholdengo
|-damage|p2a: Gholdengo|52/100
|
|-heal|p2a: Gholdengo|58/100|[from] item: Leftovers
|upkeep
|turn|5
|
|t:|1759053467
|switch|p1a: Raging Bolt|Raging Bolt|100/100
|-damage|p1a: Raging Bolt|84/100|[from] Spikes
|-enditem|p1a: Raging Bolt|Booster Energy
|-activate|p1a: Raging Bolt|ability: Protosynthesis|[fromitem]
|-start|p1a: Raging Bolt|protosynthesisspa
|move|p2a: Gholdengo|Thunder Wave|p1a: Raging Bolt
|-immune|p1a: Raging Bolt
|
|-heal|p2a: Gholdengo|64/100|[from] item: Leftovers
|upkeep
|turn|6
|
|t:|1759053481
|move|p1a: Raging Bolt|Thunderbolt|p2a: Gholdengo
|-damage|p2a: Gholdengo|18/100
|move|p2a: Gholdengo|Recover|p2a: Gholdengo
|-heal|p2a: Gholdengo|68/100
|
|-heal|p2a: Gholdengo|74/100|[from] item: Leftovers
|upkeep
|turn|7
|
|t:|1759053493
|move|p1a: Raging Bolt|Thunderbolt|p2a: Gholdengo
|-damage|p2a: Gholdengo|22/100
|move|p2a: Gholdengo|Dazzling Gleam|p1a: Raging Bolt
|-supereffective|p1a: Raging Bolt
|-damage|p1a: Raging Bolt|35/100
|
|-heal|p2a: Gholdengo|28/100|[from] item: Leftovers
|upkeep
|turn|8
|
|t:|1759053501
|switch|p2a: Samurott|Samurott-Hisui, M|3/100
|-damage|p2a: Samurott|0 fnt|[from] Stealth Rock
|faint|p2a: Samurott
|move|p1a: Raging Bolt|Thunderbolt|p2: Samurott|[notarget]
|-fail|p1a: Raging Bolt
|
|upkeep
|
|t:|1759053502
|switch|p2a: Pecharunt|Pecharunt|100/100
|-damage|p2a: Pecharunt|88/100|[from] Stealth Rock
|turn|9
|
|t:|1759053517
|move|p2a: Pecharunt|Malignant Chain|p1a: Raging Bolt
|-damage|p1a: Raging Bolt|0 fnt
|faint|p1a: Raging Bolt
|-end|p1a: Raging Bolt|Protosynthesis|[silent]
|
|upkeep
|
|t:|1759053523
|switch|p1a: Glimmora|Glimmora, M|84/100
|-damage|p1a: Glimmora|67/100|[from] Spikes
|turn|10
|
|t:|1759053541
|switch|p2a: Gholdengo|Gholdengo|28/100
|-damage|p2a: Gholdengo|22/100|[from] Stealth Rock
|move|p1a: Glimmora|Sludge Wave|p2a: Gholdengo
|-immune|p2a: Gholdengo
|
|-heal|p2a: Gholdengo|28/100|[from] item: Leftovers
|upkeep
|turn|11
|
|t:|1759053550
|switch|p1a: Polteageist|Polteageist-Antique|100/100
|-damage|p1a: Polteageist|84/100|[from] Spikes
|move|p2a: Gholdengo|Recover|p2a: Gholdengo
|-heal|p2a: Gholdengo|78/100
|
|-heal|p2a: Gholdengo|84/100|[from] item: Leftovers
|upkeep
|turn|12
|
|t:|1759053565
|switch|p2a: Garganacl|Garganacl, F|100/100
|-damage|p2a: Garganacl|88/100|[from] Stealth Rock
|move|p1a: Polteageist|Shell Smash|p1a: Polteageist
|-unboost|p1a: Polteageist|def|1
|-unboost|p1a: Polteageist|spd|1
|-boost|p1a: Polteageist|atk|2
|-boost|p1a: Polteageist|spa|2
|-boost|p1a: Polteageist|spe|2
|
|-heal|p2a: Garganacl|94/100|[from] item: Leftovers
|upkeep
|turn|13
|
|t:|1759053578
|switch|p2a: Tinkaton|Tinkaton, F|100/100
|-damage|p2a: Tinkaton|94/100|[from] Stealth Rock
|-ability|p2a: Tinkaton|Mold Breaker
|-terastallize|p1a: Polteageist|Fighting
|move|p1a: Polteageist|Tera Blast|p2a: Tinkaton|[anim] Tera Blast Fighting
|-damage|p2a: Tinkaton|10/100
|-enditem|p2a: Tinkaton|Red Card|[of] p1a: Polteageist
|drag|p1a: Glimmora|Glimmora, M|67/100
|-damage|p1a: Glimmora|51/100|[from] Spikes
|
|upkeep
|turn|14
|
|t:|1759053601
|move|p1a: Glimmora|Earth Power|p2a: Tinkaton
|-supereffective|p2a: Tinkaton
|-damage|p2a: Tinkaton|0 fnt
|faint|p2a: Tinkaton
|
|upkeep
|
|t:|1759053606
|switch|p2a: Serperior|Serperior, M|100/100
|-damage|p2a: Serperior|88/100|[from] Stealth Rock
|turn|15
|
|t:|1759053617
|switch|p1a: 快龙一定要快|Dragonite, M|100/100
|move|p2a: Serperior|Leaf Storm|p1a: 快龙一定要快
|-resisted|p1a: 快龙一定要快
|-damage|p1a: 快龙一定要快|96/100
|-boost|p2a: Serperior|spa|2
|
|-heal|p2a: Serperior|94/100|[from] item: Leftovers
|upkeep
|turn|16
|inactive|dseokp has 120 seconds left.
|
|t:|1759053642
|move|p2a: Serperior|Glare|p1a: 快龙一定要快
|-status|p1a: 快龙一定要快|par
|move|p1a: 快龙一定要快|Outrage|p2a: Serperior
|-damage|p2a: Serperior|0 fnt
|faint|p2a: Serperior
|
|upkeep
|
|t:|1759053656
|switch|p2a: Gholdengo|Gholdengo|84/100
|-damage|p2a: Gholdengo|78/100|[from] Stealth Rock
|turn|17
|
|t:|1759053659
|move|p2a: Gholdengo|Hex|p1a: 快龙一定要快
|-damage|p1a: 快龙一定要快|43/100 par
|move|p1a: 快龙一定要快|Outrage|p2a: Gholdengo|[from] lockedmove
|-resisted|p2a: Gholdengo
|-damage|p2a: Gholdengo|31/100
|-start|p1a: 快龙一定要快|confusion|[fatigue]
|
|-heal|p2a: Gholdengo|37/100|[from] item: Leftovers
|upkeep
|turn|18
|
|t:|1759053668
|move|p2a: Gholdengo|Recover|p2a: Gholdengo
|-heal|p2a: Gholdengo|87/100
|-activate|p1a: 快龙一定要快|confusion
|cant|p1a: 快龙一定要快|par
|
|-heal|p2a: Gholdengo|93/100|[from] item: Leftovers
|upkeep
|turn|19
|
|t:|1759053680
|move|p2a: Gholdengo|Hex|p1a: 快龙一定要快
|-damage|p1a: 快龙一定要快|0 fnt
|faint|p1a: 快龙一定要快
|
|-heal|p2a: Gholdengo|99/100|[from] item: Leftovers
|upkeep
|
|t:|1759053697
|switch|p1a: Polteageist|Polteageist-Antique, tera:Fighting|84/100
|-damage|p1a: Polteageist|68/100|[from] Spikes
|turn|20
|
|t:|1759053701
|-terastallize|p2a: Gholdengo|Fairy
|move|p1a: Polteageist|Shell Smash|p1a: Polteageist
|-unboost|p1a: Polteageist|def|1
|-unboost|p1a: Polteageist|spd|1
|-boost|p1a: Polteageist|atk|2
|-boost|p1a: Polteageist|spa|2
|-boost|p1a: Polteageist|spe|2
|move|p2a: Gholdengo|Dazzling Gleam|p1a: Polteageist
|-supereffective|p1a: Polteageist
|-damage|p1a: Polteageist|0 fnt
|faint|p1a: Polteageist
|
|-heal|p2a: Gholdengo|100/100|[from] item: Leftovers
|upkeep
|inactive|dseokp has 120 seconds left.
|
|t:|1759053745
|switch|p1a: Glimmora|Glimmora, M|51/100
|-damage|p1a: Glimmora|34/100|[from] Spikes
|turn|21
|
|t:|1759053759
|switch|p1a: Zamazenta|Zamazenta|100/100
|-damage|p1a: Zamazenta|84/100|[from] Spikes
|-ability|p1a: Zamazenta|Dauntless Shield|boost
|-boost|p1a: Zamazenta|def|1
|switch|p2a: Pecharunt|Pecharunt|88/100
|-damage|p2a: Pecharunt|76/100|[from] Stealth Rock
|
|-heal|p1a: Zamazenta|90/100|[from] item: Leftovers
|upkeep
|turn|22
|
|t:|1759053778
|move|p2a: Pecharunt|Malignant Chain|p1a: Zamazenta
|-damage|p1a: Zamazenta|55/100
|move|p1a: Zamazenta|Roar|p2a: Pecharunt
|drag|p2a: Gholdengo|Gholdengo, tera:Fairy|100/100
|-damage|p2a: Gholdengo|88/100|[from] Stealth Rock
|
|-heal|p1a: Zamazenta|61/100|[from] item: Leftovers
|-heal|p2a: Gholdengo|94/100|[from] item: Leftovers
|upkeep
|turn|23
|-message|dseokp forfeited.
|
|win|hungrymane
|raw|dseokp's rating: 1567 &rarr; <strong>1543</strong><br />(-24 for losing)
|raw|hungrymane's rating: 1501 &rarr; <strong>1525</strong><br />(+24 for winning)
|l|☆dseokp
|player|p1|
