|j|☆v4lbu-p0k3
|j|☆DeclanMkw
|t:|1759068439
|gametype|singles
|player|p1|v4lbu-p0k3|ingo|1349
|player|p2|DeclanMkw|dragontamer|1336
|gen|9
|tier|[Gen 9] OU
|rated|
|rule|HP Percentage Mod: HP is shown in percentages
|rule|Endless Battle Clause: Forcing endless battles is banned
|rule|Species Clause: Limit one of each Pokémon
|rule|OHKO Clause: OHKO moves are banned
|rule|Evasion Items Clause: Evasion items are banned
|rule|Evasion Moves Clause: Evasion moves are banned
|rule|Evasion Abilities Clause: Evasion abilities are banned
|rule|Sleep Moves Clause: Sleep-inducing moves are banned
|clearpoke
|poke|p1|Metagross|
|poke|p1|Ceruledge, M|
|poke|p1|Kingambit, M|
|poke|p1|Qwilfish-Hisui, M|
|poke|p1|Iron Valiant|
|poke|p1|Kyurem|
|poke|p2|Hydrapple, F|
|poke|p2|Slowking, F|
|poke|p2|Great Tusk|
|poke|p2|Moltres|
|poke|p2|Zamazenta-*|
|poke|p2|Kingambit, F|
|teampreview
|inactive|Battle timer is ON: inactive players will automatically lose when time's up. (requested by v4lbu-p0k3)
|
|t:|1759068469
|teamsize|p1|6
|teamsize|p2|6
|start
|switch|p1a: Roll|Iron Valiant, shiny|100/100
|switch|p2a: Great Tusk|Great Tusk|100/100
|-enditem|p1a: Roll|Booster Energy
|-activate|p1a: Roll|ability: Quark Drive|[fromitem]
|-start|p1a: Roll|quarkdrivespe
|turn|1
|
|t:|1759068476
|-end|p2a: Great Tusk|Protosynthesis|[silent]
|switch|p2a: Slowking|Slowking, F|100/100
|move|p1a: Roll|Swords Dance|p1a: Roll
|-boost|p1a: Roll|atk|2
|
|upkeep
|turn|2
|
|t:|1759068492
|switch|p2a: Moltres|Moltres|100/100
|-terastallize|p1a: Roll|Dark
|move|p1a: Roll|Knock Off|p2a: Moltres
|-damage|p2a: Moltres|28/100
|-enditem|p2a: Moltres|Heavy-Duty Boots|[from] move: Knock Off|[of] p1a: Roll
|
|upkeep
|turn|3
|
|t:|1759068504
|move|p1a: Roll|Knock Off|p2a: Moltres
|-damage|p2a: Moltres|0 fnt
|faint|p2a: Moltres
|
|upkeep
|
|t:|1759068507
|switch|p2a: Zamazenta|Zamazenta|100/100
|-ability|p2a: Zamazenta|Dauntless Shield|boost
|-boost|p2a: Zamazenta|def|1
|turn|4
|
|t:|1759068517
|move|p1a: Roll|Spirit Break|p2a: Zamazenta
|-supereffective|p2a: Zamazenta
|-damage|p2a: Zamazenta|11/100
|-unboost|p2a: Zamazenta|spa|1
|move|p2a: Zamazenta|Close Combat|p1a: Roll
|-supereffective|p1a: Roll
|-damage|p1a: Roll|0 fnt
|-unboost|p2a: Zamazenta|def|1
|-unboost|p2a: Zamazenta|spd|1
|faint|p1a: Roll
|-end|p1a: Roll|Quark Drive|[silent]
|
|upkeep
|
|t:|1759068525
|switch|p1a: Paladín|Ceruledge, M, shiny|100/100
|turn|5
|
|t:|1759068533
|switch|p2a: Great Tusk|Great Tusk|100/100
|move|p1a: Paladín|Swords Dance|p1a: Paladín
|-boost|p1a: Paladín|atk|2
|
|upkeep
|turn|6
|
|t:|1759068541
|move|p2a: Great Tusk|Headlong Rush|p1a: Paladín
|-supereffective|p1a: Paladín
|-enditem|p1a: Paladín|Focus Sash
|-damage|p1a: Paladín|1/100
|-unboost|p2a: Great Tusk|def|1
|-unboost|p2a: Great Tusk|spd|1
|-ability|p1a: Paladín|Weak Armor|boost
|-unboost|p1a: Paladín|def|1
|-boost|p1a: Paladín|spe|2
|move|p1a: Paladín|Poltergeist|p2a: Great Tusk
|-activate|p2a: Great Tusk|move: Poltergeist|Heavy-Duty Boots
|-damage|p2a: Great Tusk|0 fnt
|faint|p2a: Great Tusk
|-end|p2a: Great Tusk|Protosynthesis|[silent]
|
|upkeep
|
|t:|1759068551
|switch|p2a: Kingambit|Kingambit, F|100/100
|-activate|p2a: Kingambit|ability: Supreme Overlord
|-start|p2a: Kingambit|fallen2|[silent]
|turn|7
|
|t:|1759068559
|move|p1a: Paladín|Shadow Sneak|p2a: Kingambit
|-resisted|p2a: Kingambit
|-damage|p2a: Kingambit|87/100
|move|p2a: Kingambit|Sucker Punch||[still]
|-fail|p2a: Kingambit
|
|-heal|p2a: Kingambit|93/100|[from] item: Leftovers
|upkeep
|turn|8
|
|t:|1759068568
|switch|p1a: Van Loon|Qwilfish-Hisui, M|100/100
|-ability|p1a: Van Loon|Intimidate|boost
|-unboost|p2a: Kingambit|atk|1
|move|p2a: Kingambit|Sucker Punch||[still]
|-fail|p2a: Kingambit
|
|-heal|p2a: Kingambit|99/100|[from] item: Leftovers
|upkeep
|turn|9
|
|t:|1759068576
|-end|p2a: Kingambit|fallen2|[silent]
|switch|p2a: Slowking|Slowking, F|100/100
|move|p1a: Van Loon|Taunt|p2a: Slowking
|-start|p2a: Slowking|move: Taunt
|
|upkeep
|turn|10
|
|t:|1759068580
|move|p1a: Van Loon|Toxic|p2a: Slowking
|-status|p2a: Slowking|tox
|move|p2a: Slowking|Future Sight|p1a: Van Loon
|-start|p2a: Slowking|move: Future Sight
|
|-damage|p2a: Slowking|94/100 tox|[from] psn
|upkeep
|turn|11
|
|t:|1759068591
|switch|p2a: Hydrapple|Hydrapple, F|100/100
|move|p1a: Van Loon|Pain Split|p2a: Hydrapple
|-sethp|p2a: Hydrapple|94/100|[from] move: Pain Split|[silent]
|-sethp|p1a: Van Loon|100/100|[from] move: Pain Split
|
|upkeep
|turn|12
|
|t:|1759068595
|move|p1a: Van Loon|Toxic|p2a: Hydrapple
|-status|p2a: Hydrapple|tox
|move|p2a: Hydrapple|Nasty Plot|p2a: Hydrapple
|-boost|p2a: Hydrapple|spa|2
|
|-end|p1a: Van Loon|move: Future Sight
|-immune|p1a: Van Loon
|-damage|p2a: Hydrapple|88/100 tox|[from] psn
|upkeep
|turn|13
|
|t:|1759068607
|move|p1a: Van Loon|Haze|p1a: Van Loon
|-clearallboost
|move|p2a: Hydrapple|Earth Power|p1a: Van Loon
|-supereffective|p1a: Van Loon
|-damage|p1a: Van Loon|3/100
|-damage|p2a: Hydrapple|79/100 tox|[from] item: Life Orb
|
|-damage|p2a: Hydrapple|66/100 tox|[from] psn
|upkeep
|turn|14
|
|t:|1759068616
|move|p1a: Van Loon|Pain Split|p2a: Hydrapple
|-sethp|p2a: Hydrapple|35/100 tox|[from] move: Pain Split|[silent]
|-sethp|p1a: Van Loon|39/100|[from] move: Pain Split
|move|p2a: Hydrapple|Earth Power|p1a: Van Loon
|-supereffective|p1a: Van Loon
|-damage|p1a: Van Loon|0 fnt
|faint|p1a: Van Loon
|-damage|p2a: Hydrapple|25/100 tox|[from] item: Life Orb
|
|-damage|p2a: Hydrapple|7/100 tox|[from] psn
|upkeep
|
|t:|1759068625
|switch|p1a: Aegon|Kyurem, shiny|100/100
|-ability|p1a: Aegon|Pressure
|turn|15
|
|t:|1759068637
|switch|p2a: Slowking|Slowking, F|100/100 tox
|move|p1a: Aegon|Scale Shot|p2a: Slowking
|-damage|p2a: Slowking|85/100 tox
|-damage|p2a: Slowking|71/100 tox
|-damage|p2a: Slowking|55/100 tox
|-crit|p2a: Slowking
|-damage|p2a: Slowking|32/100 tox
|-hitcount|p2a: Slowking|4
|-unboost|p1a: Aegon|def|1
|-boost|p1a: Aegon|spe|1
|
|-damage|p2a: Slowking|26/100 tox|[from] psn
|upkeep
|turn|16
|
|t:|1759068649
|switch|p2a: Kingambit|Kingambit, F|99/100
|-activate|p2a: Kingambit|ability: Supreme Overlord
|-start|p2a: Kingambit|fallen2|[silent]
|move|p1a: Aegon|Scale Shot|p2a: Kingambit
|-resisted|p2a: Kingambit
|-damage|p2a: Kingambit|94/100
|-resisted|p2a: Kingambit
|-damage|p2a: Kingambit|89/100
|-resisted|p2a: Kingambit
|-damage|p2a: Kingambit|84/100
|-resisted|p2a: Kingambit
|-damage|p2a: Kingambit|79/100
|-resisted|p2a: Kingambit
|-damage|p2a: Kingambit|73/100
|-hitcount|p2a: Kingambit|5
|-unboost|p1a: Aegon|def|1
|-boost|p1a: Aegon|spe|1
|
|-heal|p2a: Kingambit|80/100|[from] item: Leftovers
|upkeep
|turn|17
|
|t:|1759068669
|switch|p1a: Paladín|Ceruledge, M, shiny|1/100
|move|p2a: Kingambit|Swords Dance|p2a: Kingambit
|-boost|p2a: Kingambit|atk|2
|
|-heal|p2a: Kingambit|86/100|[from] item: Leftovers
|upkeep
|turn|18
|
|t:|1759068676
|move|p1a: Paladín|Shadow Sneak|p2a: Kingambit
|-resisted|p2a: Kingambit
|-damage|p2a: Kingambit|78/100
|move|p2a: Kingambit|Sucker Punch||[still]
|-fail|p2a: Kingambit
|
|-heal|p2a: Kingambit|85/100|[from] item: Leftovers
|upkeep
|turn|19
|
|t:|1759068682
|move|p1a: Paladín|Shadow Sneak|p2a: Kingambit
|-resisted|p2a: Kingambit
|-damage|p2a: Kingambit|77/100
|move|p2a: Kingambit|Sucker Punch||[still]
|-fail|p2a: Kingambit
|
|-heal|p2a: Kingambit|83/100|[from] item: Leftovers
|upkeep
|turn|20
|
|t:|1759068687
|move|p1a: Paladín|Shadow Sneak|p2a: Kingambit
|-resisted|p2a: Kingambit
|-damage|p2a: Kingambit|76/100
|move|p2a: Kingambit|Kowtow Cleave|p1a: Paladín
|-supereffective|p1a: Paladín
|-damage|p1a: Paladín|0 fnt
|faint|p1a: Paladín
|
|-heal|p2a: Kingambit|82/100|[from] item: Leftovers
|upkeep
|
|t:|1759068701
|switch|p1a: Máximo|Metagross, shiny|100/100
|turn|21
|
|t:|1759068705
|switch|p1a: Aegon|Kyurem, shiny|100/100
|-ability|p1a: Aegon|Pressure
|move|p2a: Kingambit|Kowtow Cleave|p1a: Aegon
|-damage|p1a: Aegon|0 fnt
|faint|p1a: Aegon
|
|-heal|p2a: Kingambit|88/100|[from] item: Leftovers
|upkeep
|
|t:|1759068712
|switch|p1a: Máximo|Metagross, shiny|100/100
|turn|22
|
|t:|1759068715
|move|p1a: Máximo|Earthquake|p2a: Kingambit
|-supereffective|p2a: Kingambit
|-damage|p2a: Kingambit|32/100
|move|p2a: Kingambit|Kowtow Cleave|p1a: Máximo
|-supereffective|p1a: Máximo
|-crit|p1a: Máximo
|-damage|p1a: Máximo|0 fnt
|faint|p1a: Máximo
|
|-heal|p2a: Kingambit|38/100|[from] item: Leftovers
|upkeep
|
|t:|1759068719
|switch|p1a: Sandor|Kingambit, M|100/100
|-activate|p1a: Sandor|ability: Supreme Overlord
|-start|p1a: Sandor|fallen5|[silent]
|turn|23
|
|t:|1759068738
|move|p2a: Kingambit|Kowtow Cleave|p1a: Sandor
|-resisted|p1a: Sandor
|-damage|p1a: Sandor|55/100
|move|p1a: Sandor|Kowtow Cleave|p2a: Kingambit
|-resisted|p2a: Kingambit
|-damage|p2a: Kingambit|5/100
|
|-heal|p2a: Kingambit|11/100|[from] item: Leftovers
|upkeep
|turn|24
|
|t:|1759068747
|move|p1a: Sandor|Sucker Punch||[still]
|-fail|p1a: Sandor
|move|p2a: Kingambit|Swords Dance|p2a: Kingambit
|-boost|p2a: Kingambit|atk|2
|
|-heal|p2a: Kingambit|18/100|[from] item: Leftovers
|upkeep
|turn|25
|
|t:|1759068753
|move|p2a: Kingambit|Sucker Punch|p1a: Sandor
|-resisted|p1a: Sandor
|-damage|p1a: Sandor|3/100
|move|p1a: Sandor|Sucker Punch||[still]
|-fail|p1a: Sandor
|
|-heal|p2a: Kingambit|24/100|[from] item: Leftovers
|upkeep
|turn|26
|-message|v4lbu-p0k3 forfeited.
|
|win|DeclanMkw
|raw|v4lbu-p0k3's rating: 1349 &rarr; <strong>1328</strong><br />(-21 for losing)
|raw|DeclanMkw's rating: 1336 &rarr; <strong>1357</strong><br />(+21 for winning)
|l|☆v4lbu-p0k3
|player|p1|
|l|☆DeclanMkw
|player|p2|
