|j|☆triplemence
|j|☆catuhstrophic
|t:|1759066039
|gametype|singles
|player|p1|triplemence|265|1519
|player|p2|catuhstrophic|sabrina|1480
|gen|9
|tier|[Gen 9] OU
|rated|
|rule|HP Percentage Mod: HP is shown in percentages
|rule|Endless Battle Clause: Forcing endless battles is banned
|rule|Species Clause: Limit one of each Pokémon
|rule|OHKO Clause: OHKO moves are banned
|rule|Evasion Items Clause: Evasion items are banned
|rule|Evasion Moves Clause: Evasion moves are banned
|rule|Evasion Abilities Clause: Evasion abilities are banned
|rule|Sleep Moves Clause: Sleep-inducing moves are banned
|clearpoke
|poke|p1|Mienshao, F|
|poke|p1|Hydrapple, F|
|poke|p1|Corviknight, M|
|poke|p1|Alomomola, M|
|poke|p1|Skeledirge, M|
|poke|p1|Iron Treads|
|poke|p2|Great Tusk|
|poke|p2|Cinderace, M|
|poke|p2|Alomomola, F|
|poke|p2|Zapdos|
|poke|p2|Slowking-Galar, M|
|poke|p2|Iron Valiant|
|teampreview
|inactive|Battle timer is ON: inactive players will automatically lose when time's up. (requested by catuhstrophic)
|
|t:|1759066062
|teamsize|p1|6
|teamsize|p2|6
|start
|switch|p1a: Iron Treads|Iron Treads|100/100
|switch|p2a: Zapdos|Zapdos|100/100
|-enditem|p1a: Iron Treads|Booster Energy
|-activate|p1a: Iron Treads|ability: Quark Drive|[fromitem]
|-start|p1a: Iron Treads|quarkdrivespe
|turn|1
|
|t:|1759066066
|move|p1a: Iron Treads|Stealth Rock|p2a: Zapdos
|-sidestart|p2: catuhstrophic|move: Stealth Rock
|move|p2a: Zapdos|Hurricane|p1a: Iron Treads
|-resisted|p1a: Iron Treads
|-damage|p1a: Iron Treads|68/100
|
|upkeep
|turn|2
|
|t:|1759066085
|-end|p1a: Iron Treads|Quark Drive|[silent]
|switch|p1a: Alomomola|Alomomola, M|100/100
|move|p2a: Zapdos|Volt Switch|p1a: Alomomola
|-supereffective|p1a: Alomomola
|-damage|p1a: Alomomola|69/100
|
|t:|1759066093
|switch|p2a: Slowking|Slowking-Galar, M|100/100|[from] Volt Switch
|-damage|p2a: Slowking|88/100|[from] Stealth Rock
|
|upkeep
|turn|3
|inactive|triplemence has 120 seconds left.
|
|t:|1759066134
|move|p1a: Alomomola|Flip Turn|p2a: Slowking
|-damage|p2a: Slowking|76/100
|
|t:|1759066136
|switch|p1a: Mienshao|Mienshao, F|100/100|[from] Flip Turn
|move|p2a: Slowking|Future Sight|p1a: Mienshao
|-start|p2a: Slowking|move: Future Sight
|
|upkeep
|turn|4
|
|t:|1759066151
|switch|p2a: Zapdos|Zapdos|100/100
|-damage|p2a: Zapdos|75/100|[from] Stealth Rock
|move|p1a: Mienshao|Knock Off|p2a: Zapdos
|-damage|p2a: Zapdos|46/100
|-damage|p1a: Mienshao|84/100|[from] item: Rocky Helmet|[of] p2a: Zapdos
|-enditem|p2a: Zapdos|Rocky Helmet|[from] move: Knock Off|[of] p1a: Mienshao
|-damage|p1a: Mienshao|74/100|[from] item: Life Orb
|
|upkeep
|turn|5
|
|t:|1759066158
|move|p1a: Mienshao|Stone Edge|p2a: Zapdos
|-supereffective|p2a: Zapdos
|-damage|p2a: Zapdos|0 fnt
|faint|p2a: Zapdos
|-damage|p1a: Mienshao|64/100|[from] item: Life Orb
|
|-end|p1a: Mienshao|move: Future Sight
|-supereffective|p1a: Mienshao
|-damage|p1a: Mienshao|0 fnt
|faint|p1a: Mienshao
|upkeep
|inactive|triplemence has 120 seconds left.
|inactive|catuhstrophic has 120 seconds left.
|
|t:|1759066209
|switch|p1a: Hydrapple|Hydrapple, F|100/100
|switch|p2a: Cinderace|Cinderace, M|100/100
|turn|6
|inactive|triplemence has 120 seconds left.
|
|t:|1759066224
|move|p2a: Cinderace|Court Change|p2a: Cinderace
|-swapsideconditions
|-activate|p2a: Cinderace|move: Court Change
|move|p1a: Hydrapple|Nasty Plot|p1a: Hydrapple
|-boost|p1a: Hydrapple|spa|2
|
|upkeep
|turn|7
|
|t:|1759066241
|move|p2a: Cinderace|U-turn|p1a: Hydrapple
|-supereffective|p1a: Hydrapple
|-damage|p1a: Hydrapple|71/100
|
|t:|1759066244
|switch|p2a: Slowking|Slowking-Galar, M|100/100|[from] U-turn
|move|p1a: Hydrapple|Fickle Beam|p2a: Slowking
|-crit|p2a: Slowking
|-damage|p2a: Slowking|0 fnt
|faint|p2a: Slowking
|-damage|p1a: Hydrapple|61/100|[from] item: Life Orb
|
|upkeep
|
|t:|1759066247
|switch|p2a: Iron Valiant|Iron Valiant|100/100
|turn|8
|inactive|triplemence has 120 seconds left.
|
|t:|1759066265
|-terastallize|p1a: Hydrapple|Fairy
|move|p2a: Iron Valiant|Spirit Break|p1a: Hydrapple
|-damage|p1a: Hydrapple|20/100
|-unboost|p1a: Hydrapple|spa|1
|move|p1a: Hydrapple|Earth Power|p2a: Iron Valiant
|-damage|p2a: Iron Valiant|0 fnt
|faint|p2a: Iron Valiant
|-end|p2a: Iron Valiant|Quark Drive|[silent]
|-damage|p1a: Hydrapple|10/100|[from] item: Life Orb
|
|upkeep
|inactive|catuhstrophic has 120 seconds left.
|
|t:|1759066294
|switch|p2a: Great Tusk|Great Tusk|100/100
|turn|9
|
|t:|1759066298
|switch|p1a: Corviknight|Corviknight, M|100/100
|-damage|p1a: Corviknight|88/100|[from] Stealth Rock
|-ability|p1a: Corviknight|Pressure
|move|p2a: Great Tusk|Knock Off|p1a: Corviknight
|-damage|p1a: Corviknight|60/100
|-damage|p2a: Great Tusk|84/100|[from] item: Rocky Helmet|[of] p1a: Corviknight
|-enditem|p1a: Corviknight|Rocky Helmet|[from] move: Knock Off|[of] p2a: Great Tusk
|
|upkeep
|turn|10
|
|t:|1759066306
|-end|p2a: Great Tusk|Protosynthesis|[silent]
|switch|p2a: Cinderace|Cinderace, M|100/100
|move|p1a: Corviknight|Roost|p1a: Corviknight
|-heal|p1a: Corviknight|100/100
|-singleturn|p1a: Corviknight|move: Roost
|
|upkeep
|turn|11
|
|t:|1759066317
|switch|p1a: Skeledirge|Skeledirge, M|100/100
|move|p2a: Cinderace|U-turn|p1a: Skeledirge
|-resisted|p1a: Skeledirge
|-damage|p1a: Skeledirge|98/100
|
|t:|1759066318
|switch|p2a: Great Tusk|Great Tusk|84/100|[from] U-turn
|
|upkeep
|turn|12
|
|t:|1759066323
|move|p2a: Great Tusk|Knock Off|p1a: Skeledirge
|-supereffective|p1a: Skeledirge
|-damage|p1a: Skeledirge|60/100
|-enditem|p1a: Skeledirge|Heavy-Duty Boots|[from] move: Knock Off|[of] p2a: Great Tusk
|move|p1a: Skeledirge|Will-O-Wisp|p2a: Great Tusk|[miss]
|-miss|p1a: Skeledirge|p2a: Great Tusk
|
|upkeep
|turn|13
|
|t:|1759066328
|-end|p2a: Great Tusk|Protosynthesis|[silent]
|switch|p2a: Alomomola|Alomomola, F|100/100
|switch|p1a: Corviknight|Corviknight, M|100/100
|-damage|p1a: Corviknight|88/100|[from] Stealth Rock
|-ability|p1a: Corviknight|Pressure
|
|upkeep
|turn|14
|
|t:|1759066333
|move|p1a: Corviknight|Iron Defense|p1a: Corviknight
|-boost|p1a: Corviknight|def|2
|move|p2a: Alomomola|Flip Turn|p1a: Corviknight
|-crit|p1a: Corviknight
|-damage|p1a: Corviknight|66/100
|
|t:|1759066336
|switch|p2a: Cinderace|Cinderace, M|100/100|[from] Flip Turn
|
|upkeep
|turn|15
|
|t:|1759066339
|move|p2a: Cinderace|Will-O-Wisp|p1a: Corviknight
|-status|p1a: Corviknight|brn
|move|p1a: Corviknight|Roost|p1a: Corviknight
|-heal|p1a: Corviknight|100/100 brn
|-singleturn|p1a: Corviknight|move: Roost
|
|-damage|p1a: Corviknight|94/100 brn|[from] brn
|upkeep
|turn|16
|
|t:|1759066343
|move|p2a: Cinderace|Pyro Ball|p1a: Corviknight
|-supereffective|p1a: Corviknight
|-damage|p1a: Corviknight|51/100 brn
|move|p1a: Corviknight|Iron Defense|p1a: Corviknight
|-boost|p1a: Corviknight|def|2
|
|-damage|p1a: Corviknight|45/100 brn|[from] brn
|upkeep
|turn|17
|
|t:|1759066346
|move|p2a: Cinderace|Pyro Ball|p1a: Corviknight
|-supereffective|p1a: Corviknight
|-damage|p1a: Corviknight|20/100 brn
|move|p1a: Corviknight|Roost|p1a: Corviknight
|-heal|p1a: Corviknight|70/100 brn
|-singleturn|p1a: Corviknight|move: Roost
|
|-damage|p1a: Corviknight|64/100 brn|[from] brn
|upkeep
|turn|18
|
|t:|1759066351
|move|p2a: Cinderace|Pyro Ball|p1a: Corviknight
|-supereffective|p1a: Corviknight
|-damage|p1a: Corviknight|38/100 brn
|move|p1a: Corviknight|Roost|p1a: Corviknight
|-heal|p1a: Corviknight|88/100 brn
|-singleturn|p1a: Corviknight|move: Roost
|
|-damage|p1a: Corviknight|82/100 brn|[from] brn
|upkeep
|turn|19
|
|t:|1759066355
|move|p2a: Cinderace|U-turn|p1a: Corviknight
|-resisted|p1a: Corviknight
|-damage|p1a: Corviknight|81/100 brn
|
|t:|1759066357
|switch|p2a: Great Tusk|Great Tusk|84/100|[from] U-turn
|move|p1a: Corviknight|Iron Defense|p1a: Corviknight
|-boost|p1a: Corviknight|def|2
|
|-damage|p1a: Corviknight|75/100 brn|[from] brn
|upkeep
|turn|20
|
|t:|1759066360
|move|p2a: Great Tusk|Close Combat|p1a: Corviknight
|-damage|p1a: Corviknight|63/100 brn
|-unboost|p2a: Great Tusk|def|1
|-unboost|p2a: Great Tusk|spd|1
|move|p1a: Corviknight|Roost|p1a: Corviknight
|-heal|p1a: Corviknight|100/100 brn
|-singleturn|p1a: Corviknight|move: Roost
|
|-damage|p1a: Corviknight|94/100 brn|[from] brn
|upkeep
|turn|21
|
|t:|1759066363
|-end|p2a: Great Tusk|Protosynthesis|[silent]
|switch|p2a: Alomomola|Alomomola, F|100/100
|move|p1a: Corviknight|Body Press|p2a: Alomomola
|-damage|p2a: Alomomola|71/100
|
|-damage|p1a: Corviknight|88/100 brn|[from] brn
|upkeep
|turn|22
|
|t:|1759066365
|move|p1a: Corviknight|Body Press|p2a: Alomomola
|-damage|p2a: Alomomola|45/100
|move|p2a: Alomomola|Flip Turn|p1a: Corviknight
|-damage|p1a: Corviknight|85/100 brn
|
|t:|1759066369
|switch|p2a: Cinderace|Cinderace, M|100/100|[from] Flip Turn
|
|-damage|p1a: Corviknight|79/100 brn|[from] brn
|upkeep
|turn|23
|
|t:|1759066372
|move|p2a: Cinderace|U-turn|p1a: Corviknight
|-resisted|p1a: Corviknight
|-damage|p1a: Corviknight|78/100 brn
|
|t:|1759066373
|switch|p2a: Alomomola|Alomomola, F|78/100|[from] U-turn
|move|p1a: Corviknight|Body Press|p2a: Alomomola
|-damage|p2a: Alomomola|49/100
|
|-damage|p1a: Corviknight|72/100 brn|[from] brn
|upkeep
|turn|24
|
|t:|1759066376
|move|p1a: Corviknight|Body Press|p2a: Alomomola
|-damage|p2a: Alomomola|18/100
|move|p2a: Alomomola|Flip Turn|p1a: Corviknight
|-damage|p1a: Corviknight|69/100 brn
|
|t:|1759066378
|switch|p2a: Cinderace|Cinderace, M|100/100|[from] Flip Turn
|
|-damage|p1a: Corviknight|63/100 brn|[from] brn
|upkeep
|turn|25
|
|t:|1759066381
|-terastallize|p2a: Cinderace|Ghost
|move|p2a: Cinderace|U-turn|p1a: Corviknight
|-resisted|p1a: Corviknight
|-damage|p1a: Corviknight|62/100 brn
|
|t:|1759066385
|switch|p2a: Alomomola|Alomomola, F|51/100|[from] U-turn
|move|p1a: Corviknight|Body Press|p2a: Alomomola
|-damage|p2a: Alomomola|22/100
|
|-damage|p1a: Corviknight|56/100 brn|[from] brn
|upkeep
|turn|26
|
|t:|1759066389
|switch|p2a: Cinderace|Cinderace, M, tera:Ghost|100/100
|move|p1a: Corviknight|Defog|p2a: Cinderace
|-unboost|p2a: Cinderace|evasion|1
|-sideend|p1: triplemence|Stealth Rock|[from] move: Defog|[of] p1a: Corviknight
|
|-damage|p1a: Corviknight|50/100 brn|[from] brn
|upkeep
|turn|27
|
|t:|1759066395
|move|p2a: Cinderace|Court Change||[still]
|-fail|p2a: Cinderace
|move|p1a: Corviknight|Roost|p1a: Corviknight
|-heal|p1a: Corviknight|99/100 brn
|-singleturn|p1a: Corviknight|move: Roost
|
|-damage|p1a: Corviknight|94/100 brn|[from] brn
|upkeep
|turn|28
|
|t:|1759066399
|switch|p1a: Skeledirge|Skeledirge, M|60/100
|move|p2a: Cinderace|Court Change||[still]
|-fail|p2a: Cinderace
|
|upkeep
|turn|29
|
|t:|1759066406
|move|p2a: Cinderace|U-turn|p1a: Skeledirge
|-resisted|p1a: Skeledirge
|-damage|p1a: Skeledirge|57/100
|
|t:|1759066408
|switch|p2a: Alomomola|Alomomola, F|55/100|[from] U-turn
|move|p1a: Skeledirge|Will-O-Wisp|p2a: Alomomola
|-status|p2a: Alomomola|brn
|
|-damage|p2a: Alomomola|49/100 brn|[from] brn
|upkeep
|turn|30
|
|t:|1759066411
|move|p1a: Skeledirge|Slack Off|p1a: Skeledirge
|-heal|p1a: Skeledirge|100/100
|move|p2a: Alomomola|Mirror Coat||[still]
|-fail|p2a: Alomomola
|
|-damage|p2a: Alomomola|43/100 brn|[from] brn
|upkeep
|turn|31
|
|t:|1759066419
|switch|p1a: Hydrapple|Hydrapple, F, tera:Fairy|43/100
|move|p2a: Alomomola|Mirror Coat||[still]
|-fail|p2a: Alomomola
|
|-damage|p2a: Alomomola|36/100 brn|[from] brn
|upkeep
|turn|32
|
|t:|1759066424
|switch|p2a: Cinderace|Cinderace, M, tera:Ghost|100/100
|move|p1a: Hydrapple|Giga Drain|p2a: Cinderace
|-damage|p2a: Cinderace|38/100
|-heal|p1a: Hydrapple|71/100|[from] drain|[of] p2a: Cinderace
|-damage|p1a: Hydrapple|61/100|[from] item: Life Orb
|
|upkeep
|turn|33
|
|t:|1759066428
|move|p2a: Cinderace|Pyro Ball|p1a: Hydrapple
|-damage|p1a: Hydrapple|25/100
|move|p1a: Hydrapple|Giga Drain|p2a: Cinderace
|-damage|p2a: Cinderace|0 fnt
|-heal|p1a: Hydrapple|41/100|[from] drain|[of] p2a: Cinderace
|faint|p2a: Cinderace
|-damage|p1a: Hydrapple|31/100|[from] item: Life Orb
|
|upkeep
|-message|catuhstrophic forfeited.
|
|win|triplemence
|raw|triplemence's rating: 1519 &rarr; <strong>1536</strong><br />(+17 for winning)
|raw|catuhstrophic's rating: 1462 &rarr; <strong>1445</strong><br />(-17 for losing)
|l|☆catuhstrophic
|player|p2|
|j|☆catuhstrophic
|player|p2|catuhstrophic|sabrina|
|l|☆catuhstrophic
|player|p2|
|l|☆triplemence
|player|p1|
