|j|☆ImNotSureAnymore
|j|☆jinu55
|t:|1758922460
|gametype|singles
|player|p1|ImNotSureAnymore|aromalady|1091
|player|p2|jinu55|nate|1120
|gen|9
|tier|[Gen 9] OU
|rated|
|rule|HP Percentage Mod: HP is shown in percentages
|rule|Endless Battle Clause: Forcing endless battles is banned
|rule|Species Clause: Limit one of each Pokémon
|rule|OHKO Clause: OHKO moves are banned
|rule|Evasion Items Clause: Evasion items are banned
|rule|Evasion Moves Clause: Evasion moves are banned
|rule|Evasion Abilities Clause: Evasion abilities are banned
|rule|Sleep Moves Clause: Sleep-inducing moves are banned
|clearpoke
|poke|p1|Alomomola, M|
|poke|p1|Crocalor, M|
|poke|p1|Altaria, F|
|poke|p1|Klefki, F|
|poke|p1|Goodra-Hisui, M|
|poke|p1|Lurantis, F|
|poke|p2|Swampert, M|
|poke|p2|Blaziken, M|
|poke|p2|Breloom, F|
|poke|p2|Masquerain, M|
|poke|p2|Sableye, M|
|poke|p2|Jirachi|
|teampreview
|inactive|Battle timer is ON: inactive players will automatically lose when time's up. (requested by jinu55)
|
|t:|1758922484
|teamsize|p1|6
|teamsize|p2|6
|start
|switch|p1a: Klefki|Klefki, F|100/100
|switch|p2a: Masquerain|Masquerain, M|100/100
|-ability|p2a: Masquerain|Intimidate|boost
|-unboost|p1a: Klefki|atk|1
|turn|1
|
|t:|1758922488
|move|p1a: Klefki|Switcheroo|p2a: Masquerain
|-activate|p1a: Klefki|move: Trick|[of] p2a: Masquerain
|-item|p2a: Masquerain|Choice Scarf|[from] move: Switcheroo
|-item|p1a: Klefki|Focus Sash|[from] move: Switcheroo
|move|p2a: Masquerain|Sticky Web|p1a: Klefki
|-sidestart|p1: ImNotSureAnymore|move: Sticky Web
|
|upkeep
|turn|2
|
|t:|1758922496
|switch|p2a: Swampert|Swampert, M|100/100
|move|p1a: Klefki|Switcheroo|p2a: Swampert
|-activate|p1a: Klefki|move: Trick|[of] p2a: Swampert
|-item|p2a: Swampert|Focus Sash|[from] move: Switcheroo
|-item|p1a: Klefki|Assault Vest|[from] move: Switcheroo
|
|upkeep
|turn|3
|
|t:|1758922507
|switch|p1a: Altaria|Altaria, F|100/100
|move|p2a: Swampert|Earthquake|p1a: Altaria
|-immune|p1a: Altaria
|
|upkeep
|turn|4
|
|t:|1758922510
|move|p2a: Swampert|Ice Punch|p1a: Altaria
|-supereffective|p1a: Altaria
|-damage|p1a: Altaria|25/100
|move|p1a: Altaria|Defog|p2a: Swampert
|-unboost|p2a: Swampert|evasion|1
|-sideend|p1: ImNotSureAnymore|Sticky Web|[from] move: Defog|[of] p1a: Altaria
|
|-heal|p1a: Altaria|31/100|[from] item: Leftovers
|upkeep
|turn|5
|
|t:|1758922518
|switch|p1a: Alomomola|Alomomola, M|100/100
|move|p2a: Swampert|Knock Off|p1a: Alomomola
|-damage|p1a: Alomomola|85/100
|-enditem|p1a: Alomomola|Leftovers|[from] move: Knock Off|[of] p2a: Swampert
|
|upkeep
|turn|6
|
|t:|1758922525
|switch|p2a: Breloom|Breloom, F|100/100
|move|p1a: Alomomola|Wish|p1a: Alomomola
|
|upkeep
|turn|7
|
|t:|1758922529
|switch|p1a: Altaria|Altaria, F|31/100
|move|p2a: Breloom|Swords Dance|p2a: Breloom
|-boost|p2a: Breloom|atk|2
|
|-heal|p1a: Altaria|100/100|[from] move: Wish|[wisher] Alomomola
|upkeep
|turn|8
|
|t:|1758922535
|move|p2a: Breloom|Rock Tomb|p1a: Altaria
|-supereffective|p1a: Altaria
|-damage|p1a: Altaria|7/100
|-unboost|p1a: Altaria|spe|1
|move|p1a: Altaria|Will-O-Wisp|p2a: Breloom
|-status|p2a: Breloom|brn
|
|-heal|p1a: Altaria|13/100|[from] item: Leftovers
|-damage|p2a: Breloom|94/100 brn|[from] brn
|upkeep
|turn|9
|
|t:|1758922549
|switch|p1a: Lurantis|Lurantis, F|100/100
|move|p2a: Breloom|Mach Punch|p1a: Lurantis
|-damage|p1a: Lurantis|76/100
|
|-heal|p1a: Lurantis|82/100|[from] item: Leftovers
|-damage|p2a: Breloom|88/100 brn|[from] brn
|upkeep
|turn|10
|
|t:|1758922560
|switch|p2a: Sableye|Sableye, M|100/100
|move|p1a: Lurantis|Superpower|p2a: Sableye
|-immune|p2a: Sableye
|
|-heal|p1a: Lurantis|88/100|[from] item: Leftovers
|upkeep
|turn|11
|
|t:|1758922566
|switch|p1a: Klefki|Klefki, F|100/100
|move|p2a: Sableye|Will-O-Wisp|p1a: Klefki
|-status|p1a: Klefki|brn
|
|-damage|p1a: Klefki|95/100 brn|[from] brn
|upkeep
|turn|12
|
|t:|1758922574
|switch|p2a: Masquerain|Masquerain, M|100/100
|-ability|p2a: Masquerain|Intimidate|boost
|-unboost|p1a: Klefki|atk|1
|move|p1a: Klefki|Draining Kiss|p2a: Masquerain
|-damage|p2a: Masquerain|81/100
|-heal|p1a: Klefki|100/100 brn|[from] drain|[of] p2a: Masquerain
|
|-damage|p1a: Klefki|95/100 brn|[from] brn
|upkeep
|turn|13
|
|t:|1758922581
|move|p2a: Masquerain|Quiver Dance|p2a: Masquerain
|-boost|p2a: Masquerain|spa|1
|-boost|p2a: Masquerain|spd|1
|-boost|p2a: Masquerain|spe|1
|move|p1a: Klefki|Draining Kiss|p2a: Masquerain
|-damage|p2a: Masquerain|66/100
|-heal|p1a: Klefki|100/100 brn|[from] drain|[of] p2a: Masquerain
|
|-damage|p1a: Klefki|95/100 brn|[from] brn
|upkeep
|turn|14
|
|t:|1758922594
|switch|p2a: Jirachi|Jirachi|100/100
|move|p1a: Klefki|Foul Play|p2a: Jirachi
|-supereffective|p2a: Jirachi
|-damage|p2a: Jirachi|72/100
|
|-damage|p1a: Klefki|89/100 brn|[from] brn
|upkeep
|turn|15
|
|t:|1758922600
|move|p2a: Jirachi|Iron Head|p1a: Klefki
|-damage|p1a: Klefki|31/100 brn
|cant|p1a: Klefki|flinch
|
|-damage|p1a: Klefki|25/100 brn|[from] brn
|upkeep
|turn|16
|
|t:|1758922605
|switch|p1a: Crocalor|Crocalor, M|100/100
|move|p2a: Jirachi|Iron Head|p1a: Crocalor
|-resisted|p1a: Crocalor
|-damage|p1a: Crocalor|79/100
|
|upkeep
|turn|17
|
|t:|1758922613
|move|p2a: Jirachi|Iron Head|p1a: Crocalor
|-resisted|p1a: Crocalor
|-damage|p1a: Crocalor|59/100
|move|p1a: Crocalor|Will-O-Wisp|p2a: Jirachi
|-status|p2a: Jirachi|brn
|
|-damage|p2a: Jirachi|66/100 brn|[from] brn
|upkeep
|turn|18
|
|t:|1758922616
|move|p2a: Jirachi|Iron Head|p1a: Crocalor
|-resisted|p1a: Crocalor
|-damage|p1a: Crocalor|49/100
|cant|p1a: Crocalor|flinch
|
|-damage|p2a: Jirachi|60/100 brn|[from] brn
|upkeep
|turn|19
|
|t:|1758922620
|move|p2a: Jirachi|Iron Head|p1a: Crocalor
|-resisted|p1a: Crocalor
|-damage|p1a: Crocalor|39/100
|move|p1a: Crocalor|Slack Off|p1a: Crocalor
|-heal|p1a: Crocalor|89/100
|
|-damage|p2a: Jirachi|54/100 brn|[from] brn
|upkeep
|turn|20
|
|t:|1758922624
|switch|p2a: Swampert|Swampert, M|100/100
|switch|p1a: Alomomola|Alomomola, M|100/100
|
|upkeep
|turn|21
|
|t:|1758922630
|switch|p2a: Blaziken|Blaziken, M|100/100
|move|p1a: Alomomola|Scald|p2a: Blaziken
|-supereffective|p2a: Blaziken
|-damage|p2a: Blaziken|58/100
|
|upkeep
|turn|22
|
|t:|1758922634
|move|p2a: Blaziken|Close Combat|p1a: Alomomola
|-damage|p1a: Alomomola|56/100
|-unboost|p2a: Blaziken|def|1
|-unboost|p2a: Blaziken|spd|1
|-damage|p2a: Blaziken|48/100|[from] item: Life Orb
|move|p1a: Alomomola|Scald|p2a: Blaziken
|-supereffective|p2a: Blaziken
|-damage|p2a: Blaziken|0 fnt
|faint|p2a: Blaziken
|
|upkeep
|
|t:|1758922640
|switch|p2a: Masquerain|Masquerain, M|66/100
|-ability|p2a: Masquerain|Intimidate|boost
|-unboost|p1a: Alomomola|atk|1
|turn|23
|
|t:|1758922643
|move|p2a: Masquerain|Air Slash|p1a: Alomomola
|-damage|p1a: Alomomola|17/100
|move|p1a: Alomomola|Scald|p2a: Masquerain
|-damage|p2a: Masquerain|46/100
|
|upkeep
|turn|24
|
|t:|1758922647
|move|p1a: Alomomola|Protect|p1a: Alomomola
|-singleturn|p1a: Alomomola|Protect
|move|p2a: Masquerain|Air Slash|p1a: Alomomola
|-activate|p1a: Alomomola|move: Protect
|
|upkeep
|turn|25
|
|t:|1758922655
|switch|p1a: Crocalor|Crocalor, M|89/100
|move|p2a: Masquerain|Air Slash|p1a: Crocalor
|-damage|p1a: Crocalor|67/100
|
|upkeep
|turn|26
|
|t:|1758922661
|move|p2a: Masquerain|Air Slash|p1a: Crocalor
|-damage|p1a: Crocalor|45/100
|move|p1a: Crocalor|Flamethrower|p2a: Masquerain
|-supereffective|p2a: Masquerain
|-damage|p2a: Masquerain|0 fnt
|faint|p2a: Masquerain
|
|upkeep
|
|t:|1758922666
|switch|p2a: Swampert|Swampert, M|100/100
|turn|27
|
|t:|1758922670
|switch|p1a: Alomomola|Alomomola, M|50/100
|move|p2a: Swampert|Liquidation|p1a: Alomomola
|-resisted|p1a: Alomomola
|-damage|p1a: Alomomola|40/100
|
|upkeep
|turn|28
|
|t:|1758922676
|switch|p1a: Lurantis|Lurantis, F|88/100
|move|p2a: Swampert|Earthquake|p1a: Lurantis
|-resisted|p1a: Lurantis
|-damage|p1a: Lurantis|70/100
|
|-heal|p1a: Lurantis|76/100|[from] item: Leftovers
|upkeep
|turn|29
|
|t:|1758922681
|-terastallize|p2a: Swampert|Grass
|move|p2a: Swampert|Ice Punch|p1a: Lurantis
|-supereffective|p1a: Lurantis
|-damage|p1a: Lurantis|38/100
|move|p1a: Lurantis|Seed Bomb|p2a: Swampert
|-resisted|p2a: Swampert
|-damage|p2a: Swampert|85/100
|
|-heal|p1a: Lurantis|44/100|[from] item: Leftovers
|upkeep
|turn|30
|
|t:|1758922686
|move|p2a: Swampert|Ice Punch|p1a: Lurantis
|-supereffective|p1a: Lurantis
|-damage|p1a: Lurantis|8/100
|move|p1a: Lurantis|Synthesis|p1a: Lurantis
|-heal|p1a: Lurantis|58/100
|
|-heal|p1a: Lurantis|64/100|[from] item: Leftovers
|upkeep
|turn|31
|
|t:|1758922700
|move|p2a: Swampert|Knock Off|p1a: Lurantis
|-damage|p1a: Lurantis|39/100
|-enditem|p1a: Lurantis|Leftovers|[from] move: Knock Off|[of] p2a: Swampert
|move|p1a: Lurantis|Synthesis|p1a: Lurantis
|-heal|p1a: Lurantis|89/100
|
|upkeep
|turn|32
|
|t:|1758922705
|move|p2a: Swampert|Ice Punch|p1a: Lurantis
|-supereffective|p1a: Lurantis
|-damage|p1a: Lurantis|56/100
|-status|p1a: Lurantis|frz
|cant|p1a: Lurantis|frz
|
|upkeep
|turn|33
|
|t:|1758922712
|switch|p1a: Alomomola|Alomomola, M|74/100
|move|p2a: Swampert|Knock Off|p1a: Alomomola
|-damage|p1a: Alomomola|63/100
|
|upkeep
|turn|34
|
|t:|1758922724
|move|p2a: Swampert|Earthquake|p1a: Alomomola
|-damage|p1a: Alomomola|38/100
|move|p1a: Alomomola|Scald|p2a: Swampert
|-resisted|p2a: Swampert
|-damage|p2a: Swampert|77/100
|-status|p2a: Swampert|brn
|
|-damage|p2a: Swampert|71/100 brn|[from] brn
|upkeep
|turn|35
|
|t:|1758922736
|switch|p1a: Lurantis|Lurantis, F|56/100 frz
|move|p2a: Swampert|Earthquake|p1a: Lurantis
|-resisted|p1a: Lurantis
|-damage|p1a: Lurantis|48/100 frz
|
|-damage|p2a: Swampert|65/100 brn|[from] brn
|upkeep
|turn|36
|
|t:|1758922744
|switch|p1a: Alomomola|Alomomola, M|71/100
|move|p2a: Swampert|Ice Punch|p1a: Alomomola
|-resisted|p1a: Alomomola
|-damage|p1a: Alomomola|68/100
|
|-damage|p2a: Swampert|59/100 brn|[from] brn
|upkeep
|turn|37
|-message|jinu55 forfeited.
|
|win|ImNotSureAnymore
|raw|ImNotSureAnymore's rating: 1091 &rarr; <strong>1120</strong><br />(+29 for winning)
|raw|jinu55's rating: 1120 &rarr; <strong>1093</strong><br />(-27 for losing)
|l|☆jinu55
|player|p2|
|l|☆ImNotSureAnymore
|player|p1|
