|j|☆YuZu Aza
|j|☆r1se 0f j1mothy
|t:|1758982417
|gametype|singles
|player|p1|YuZu Aza|janine|1161
|player|p2|r1se 0f j1mothy|veteran|1141
|gen|9
|tier|[Gen 9] OU
|rated|
|rule|HP Percentage Mod: HP is shown in percentages
|rule|Endless Battle Clause: Forcing endless battles is banned
|rule|Species Clause: Limit one of each Pokémon
|rule|OHKO Clause: OHKO moves are banned
|rule|Evasion Items Clause: Evasion items are banned
|rule|Evasion Moves Clause: Evasion moves are banned
|rule|Evasion Abilities Clause: Evasion abilities are banned
|rule|Sleep Moves Clause: Sleep-inducing moves are banned
|clearpoke
|poke|p1|Garchomp, F|
|poke|p1|Sinistcha|
|poke|p1|Rillaboom, M|
|poke|p1|Magnezone|
|poke|p1|Tatsugiri, F|
|poke|p1|Glimmora, M|
|poke|p2|Pelipper, M|
|poke|p2|Blastoise, F|
|poke|p2|Raging Bolt|
|poke|p2|Barraskewda, F|
|poke|p2|Kingambit, M|
|poke|p2|Iron Treads|
|teampreview
|inactive|Battle timer is ON: inactive players will automatically lose when time's up. (requested by r1se 0f j1mothy)
|
|t:|1758982432
|teamsize|p1|6
|teamsize|p2|6
|start
|switch|p1a: Rillaboom|Rillaboom, M|100/100
|switch|p2a: Pelipper|Pelipper, M|100/100
|-fieldstart|move: Grassy Terrain|[from] ability: Grassy Surge|[of] p1a: Rillaboom
|-weather|RainDance|[from] ability: Drizzle|[of] p2a: Pelipper
|turn|1
|
|t:|1758982442
|move|p1a: Rillaboom|U-turn|p2a: Pelipper
|-resisted|p2a: Pelipper
|-damage|p2a: Pelipper|92/100
|
|t:|1758982469
|switch|p1a: Magnezone|Magnezone|100/100|[from] U-turn
|move|p2a: Pelipper|Hurricane|p1a: Magnezone
|-resisted|p1a: Magnezone
|-damage|p1a: Magnezone|90/100
|
|-weather|RainDance|[upkeep]
|-heal|p1a: Magnezone|96/100|[from] Grassy Terrain
|-heal|p1a: Magnezone|100/100|[from] item: Leftovers
|upkeep
|turn|2
|inactive|YuZu Aza has 120 seconds left.
|
|t:|1758982489
|switch|p2a: Imagine nicknaming|Iron Treads|100/100
|move|p1a: Magnezone|Iron Defense|p1a: Magnezone
|-boost|p1a: Magnezone|def|2
|
|-weather|RainDance|[upkeep]
|upkeep
|turn|3
|
|t:|1758982494
|move|p2a: Imagine nicknaming|Earthquake|p1a: Magnezone
|-supereffective|p1a: Magnezone
|-crit|p1a: Magnezone
|-damage|p1a: Magnezone|0 fnt
|faint|p1a: Magnezone
|
|-weather|RainDance|[upkeep]
|upkeep
|inactive|YuZu Aza has 120 seconds left.
|
|t:|1758982515
|switch|p1a: Sinistcha|Sinistcha|100/100
|turn|4
|
|t:|1758982520
|move|p2a: Imagine nicknaming|Knock Off|p1a: Sinistcha
|-supereffective|p1a: Sinistcha
|-damage|p1a: Sinistcha|33/100
|-enditem|p1a: Sinistcha|Eject Pack|[from] move: Knock Off|[of] p2a: Imagine nicknaming
|move|p1a: Sinistcha|Leaf Storm|p2a: Imagine nicknaming
|-crit|p2a: Imagine nicknaming
|-damage|p2a: Imagine nicknaming|0 fnt
|-unboost|p1a: Sinistcha|spa|2
|faint|p2a: Imagine nicknaming
|-end|p2a: Imagine nicknaming|Quark Drive|[silent]
|
|-weather|RainDance|[upkeep]
|-heal|p1a: Sinistcha|39/100|[from] Grassy Terrain
|upkeep
|
|t:|1758982532
|switch|p2a: Raging Bolt|Raging Bolt|100/100
|turn|5
|
|t:|1758982537
|switch|p1a: Glimmora|Glimmora, M|100/100
|move|p2a: Raging Bolt|Calm Mind|p2a: Raging Bolt
|-boost|p2a: Raging Bolt|spa|1
|-boost|p2a: Raging Bolt|spd|1
|
|-weather|RainDance|[upkeep]
|-fieldend|move: Grassy Terrain
|upkeep
|turn|6
|
|t:|1758982561
|move|p1a: Glimmora|Meteor Beam||[still]
|-prepare|p1a: Glimmora|Meteor Beam
|-boost|p1a: Glimmora|spa|1
|-enditem|p1a: Glimmora|Power Herb
|-anim|p1a: Glimmora|Meteor Beam|p2a: Raging Bolt
|-damage|p2a: Raging Bolt|43/100
|move|p2a: Raging Bolt|Dragon Pulse|p1a: Glimmora
|-damage|p1a: Glimmora|0 fnt
|faint|p1a: Glimmora
|
|-weather|RainDance|[upkeep]
|-heal|p2a: Raging Bolt|49/100|[from] item: Leftovers
|upkeep
|inactive|YuZu Aza has 120 seconds left.
|
|t:|1758982579
|switch|p1a: Garchomp|Garchomp, F|100/100
|turn|7
|inactive|YuZu Aza has 120 seconds left.
|
|t:|1758982592
|-terastallize|p2a: Raging Bolt|Fairy
|move|p2a: Raging Bolt|Dragon Pulse|p1a: Garchomp
|-supereffective|p1a: Garchomp
|-damage|p1a: Garchomp|0 fnt
|faint|p1a: Garchomp
|
|-weather|RainDance|[upkeep]
|-heal|p2a: Raging Bolt|55/100|[from] item: Leftovers
|upkeep
|
|t:|1758982606
|switch|p1a: Rillaboom|Rillaboom, M|100/100
|-fieldstart|move: Grassy Terrain|[from] ability: Grassy Surge|[of] p1a: Rillaboom
|turn|8
|
|t:|1758982614
|move|p1a: Rillaboom|Grassy Glide|p2a: Raging Bolt
|-damage|p2a: Raging Bolt|21/100
|move|p2a: Raging Bolt|Thunder|p1a: Rillaboom
|-resisted|p1a: Rillaboom
|-damage|p1a: Rillaboom|32/100
|
|-weather|none
|-heal|p1a: Rillaboom|39/100|[from] Grassy Terrain
|-heal|p2a: Raging Bolt|27/100|[from] Grassy Terrain
|-heal|p2a: Raging Bolt|33/100|[from] item: Leftovers
|upkeep
|turn|9
|
|t:|1758982622
|move|p1a: Rillaboom|Grassy Glide|p2a: Raging Bolt
|-damage|p2a: Raging Bolt|1/100
|move|p2a: Raging Bolt|Thunderclap||[still]
|-fail|p2a: Raging Bolt
|
|-heal|p1a: Rillaboom|45/100|[from] Grassy Terrain
|-heal|p2a: Raging Bolt|7/100|[from] Grassy Terrain
|-heal|p2a: Raging Bolt|13/100|[from] item: Leftovers
|upkeep
|turn|10
|
|t:|1758982628
|move|p1a: Rillaboom|Grassy Glide|p2a: Raging Bolt
|-damage|p2a: Raging Bolt|0 fnt
|faint|p2a: Raging Bolt
|-end|p2a: Raging Bolt|Protosynthesis|[silent]
|
|-heal|p1a: Rillaboom|51/100|[from] Grassy Terrain
|upkeep
|
|t:|1758982631
|switch|p2a: Pelipper|Pelipper, M|92/100
|-weather|RainDance|[from] ability: Drizzle|[of] p2a: Pelipper
|turn|11
|
|t:|1758982644
|move|p1a: Rillaboom|U-turn|p2a: Pelipper
|-resisted|p2a: Pelipper
|-damage|p2a: Pelipper|83/100
|
|t:|1758982647
|switch|p1a: Sinistcha|Sinistcha|39/100|[from] U-turn
|move|p2a: Pelipper|Hurricane|p1a: Sinistcha
|-supereffective|p1a: Sinistcha
|-damage|p1a: Sinistcha|0 fnt
|faint|p1a: Sinistcha
|
|-weather|RainDance|[upkeep]
|upkeep
|
|t:|1758982659
|switch|p1a: Tatsugiri|Tatsugiri, F|100/100
|turn|12
|
|t:|1758982665
|move|p1a: Tatsugiri|Surf|p2a: Pelipper
|-resisted|p2a: Pelipper
|-damage|p2a: Pelipper|35/100
|move|p2a: Pelipper|Hurricane|p1a: Tatsugiri
|-damage|p1a: Tatsugiri|55/100
|
|-weather|RainDance|[upkeep]
|-heal|p1a: Tatsugiri|61/100|[from] Grassy Terrain
|-fieldend|move: Grassy Terrain
|upkeep
|turn|13
|
|t:|1758982673
|move|p1a: Tatsugiri|Surf|p2a: Pelipper
|-resisted|p2a: Pelipper
|-damage|p2a: Pelipper|0 fnt
|faint|p2a: Pelipper
|
|-weather|RainDance|[upkeep]
|upkeep
|
|t:|1758982680
|switch|p2a: Blastoise|Blastoise, F|100/100
|turn|14
|
|t:|1758982689
|move|p1a: Tatsugiri|Taunt|p2a: Blastoise
|-start|p2a: Blastoise|move: Taunt
|cant|p2a: Blastoise|move: Taunt|Shell Smash
|
|-weather|RainDance|[upkeep]
|upkeep
|turn|15
|
|t:|1758982700
|move|p1a: Tatsugiri|Draco Meteor|p2a: Blastoise|[miss]
|-miss|p1a: Tatsugiri|p2a: Blastoise
|move|p2a: Blastoise|Ice Beam|p1a: Tatsugiri
|-crit|p1a: Tatsugiri
|-damage|p1a: Tatsugiri|9/100
|
|-weather|RainDance|[upkeep]
|upkeep
|turn|16
|
|t:|1758982707
|move|p1a: Tatsugiri|Draco Meteor|p2a: Blastoise
|-damage|p2a: Blastoise|35/100
|-unboost|p1a: Tatsugiri|spa|2
|move|p2a: Blastoise|Surf|p1a: Tatsugiri
|-ability|p1a: Tatsugiri|Storm Drain|boost
|-boost|p1a: Tatsugiri|spa|1
|
|-weather|RainDance|[upkeep]
|-heal|p2a: Blastoise|41/100|[from] ability: Rain Dish
|-end|p2a: Blastoise|move: Taunt
|upkeep
|turn|17
|
|t:|1758982716
|move|p1a: Tatsugiri|Taunt|p2a: Blastoise
|-start|p2a: Blastoise|move: Taunt
|move|p2a: Blastoise|Ice Beam|p1a: Tatsugiri
|-damage|p1a: Tatsugiri|0 fnt
|faint|p1a: Tatsugiri
|
|-weather|RainDance|[upkeep]
|-heal|p2a: Blastoise|47/100|[from] ability: Rain Dish
|upkeep
|
|t:|1758982722
|switch|p1a: Rillaboom|Rillaboom, M|51/100
|-fieldstart|move: Grassy Terrain|[from] ability: Grassy Surge|[of] p1a: Rillaboom
|turn|18
|
|t:|1758982727
|move|p1a: Rillaboom|Grassy Glide|p2a: Blastoise
|-supereffective|p2a: Blastoise
|-damage|p2a: Blastoise|0 fnt
|faint|p2a: Blastoise
|
|-weather|none
|-heal|p1a: Rillaboom|57/100|[from] Grassy Terrain
|upkeep
|
|t:|1758982736
|switch|p2a: Barraskewda|Barraskewda, F|100/100
|turn|19
|
|t:|1758982740
|move|p1a: Rillaboom|Grassy Glide|p2a: Barraskewda
|-supereffective|p2a: Barraskewda
|-damage|p2a: Barraskewda|0 fnt
|faint|p2a: Barraskewda
|
|-heal|p1a: Rillaboom|63/100|[from] Grassy Terrain
|upkeep
|
|t:|1758982743
|switch|p2a: Kingambit|Kingambit, M|100/100
|-activate|p2a: Kingambit|ability: Supreme Overlord
|-start|p2a: Kingambit|fallen5|[silent]
|-item|p2a: Kingambit|Air Balloon
|turn|20
|
|t:|1758982756
|-terastallize|p1a: Rillaboom|Fighting
|move|p2a: Kingambit|Sucker Punch|p1a: Rillaboom
|-resisted|p1a: Rillaboom
|-damage|p1a: Rillaboom|32/100
|move|p1a: Rillaboom|Drain Punch|p2a: Kingambit
|-supereffective|p2a: Kingambit
|-damage|p2a: Kingambit|0 fnt
|-heal|p1a: Rillaboom|91/100|[from] drain|[of] p2a: Kingambit
|-enditem|p2a: Kingambit|Air Balloon
|faint|p2a: Kingambit
|-end|p2a: Kingambit|fallen5|[silent]
|
|win|YuZu Aza
|raw|YuZu Aza's rating: 1161 &rarr; <strong>1185</strong><br />(+24 for winning)
|raw|r1se 0f j1mothy's rating: 1141 &rarr; <strong>1117</strong><br />(-24 for losing)
|l|☆r1se 0f j1mothy
|player|p2|
|c|☆YuZu Aza|gg
|l|☆YuZu Aza
|player|p1|
