|j|☆huy28107
|j|☆Salvage0708
|t:|1759052697
|gametype|singles
|player|p1|huy28107|musician|1136
|player|p2|Salvage0708|169|1202
|gen|9
|tier|[Gen 9] OU
|rated|
|rule|HP Percentage Mod: HP is shown in percentages
|rule|Endless Battle Clause: Forcing endless battles is banned
|rule|Species Clause: Limit one of each Pokémon
|rule|OHKO Clause: OHKO moves are banned
|rule|Evasion Items Clause: Evasion items are banned
|rule|Evasion Moves Clause: Evasion moves are banned
|rule|Evasion Abilities Clause: Evasion abilities are banned
|rule|Sleep Moves Clause: Sleep-inducing moves are banned
|clearpoke
|poke|p1|Pelipper, F|
|poke|p1|Kingdra, F|
|poke|p1|Poliwrath, F|
|poke|p1|Zapdos|
|poke|p1|Excadrill, M|
|poke|p1|Ogerpon-Wellspring, F|
|poke|p2|Walking Wake|
|poke|p2|Hatterene, F|
|poke|p2|Cinccino, F|
|poke|p2|Meowscarada, F|
|poke|p2|Iron Valiant|
|poke|p2|Thundurus-Therian, M|
|teampreview
|inactive|Battle timer is ON: inactive players will automatically lose when time's up. (requested by Salvage0708)
|c|☆Salvage0708|hi
|
|t:|1759052704
|teamsize|p1|6
|teamsize|p2|6
|start
|switch|p1a: Pelipper|Pelipper, F|100/100
|switch|p2a: Walking Wake|Walking Wake|100/100
|-weather|RainDance|[from] ability: Drizzle|[of] p1a: Pelipper
|turn|1
|
|t:|1759052721
|switch|p1a: Poliwrath|Poliwrath, F|100/100
|move|p2a: Walking Wake|Flip Turn|p1a: Poliwrath
|-resisted|p1a: Poliwrath
|-damage|p1a: Poliwrath|89/100
|
|t:|1759052728
|-end|p2a: Walking Wake|Protosynthesis|[silent]
|switch|p2a: Hatterene|Hatterene, F, shiny|100/100|[from] Flip Turn
|
|-weather|RainDance|[upkeep]
|upkeep
|turn|2
|
|t:|1759052739
|switch|p1a: Excadrill|Excadrill, M|100/100
|-ability|p1a: Excadrill|Mold Breaker
|move|p2a: Hatterene|Draining Kiss|p1a: Excadrill
|-resisted|p1a: Excadrill
|-damage|p1a: Excadrill|84/100
|
|-weather|RainDance|[upkeep]
|upkeep
|turn|3
|
|t:|1759052745
|switch|p2a: Walking Wake|Walking Wake|100/100
|move|p1a: Excadrill|Iron Head|p2a: Walking Wake
|-resisted|p2a: Walking Wake
|-damage|p2a: Walking Wake|76/100
|
|-weather|RainDance|[upkeep]
|upkeep
|turn|4
|
|t:|1759052754
|switch|p1a: Zapdos|Zapdos|100/100
|move|p2a: Walking Wake|Flip Turn|p1a: Zapdos
|-damage|p1a: Zapdos|77/100
|-status|p2a: Walking Wake|par|[from] ability: Static|[of] p1a: Zapdos
|
|t:|1759052758
|-end|p2a: Walking Wake|Protosynthesis|[silent]
|switch|p2a: Cinccino|Cinccino, F|100/100|[from] Flip Turn
|
|-weather|RainDance|[upkeep]
|-heal|p1a: Zapdos|83/100|[from] item: Leftovers
|upkeep
|turn|5
|
|t:|1759052766
|move|p2a: Cinccino|Rock Blast|p1a: Zapdos
|-supereffective|p1a: Zapdos
|-damage|p1a: Zapdos|62/100
|-supereffective|p1a: Zapdos
|-damage|p1a: Zapdos|38/100
|-supereffective|p1a: Zapdos
|-damage|p1a: Zapdos|16/100
|-supereffective|p1a: Zapdos
|-damage|p1a: Zapdos|0 fnt
|faint|p1a: Zapdos
|-hitcount|p1: Zapdos|4
|
|-weather|RainDance|[upkeep]
|upkeep
|
|t:|1759052774
|switch|p1a: Kingdra|Kingdra, F|100/100
|turn|6
|
|t:|1759052780
|move|p1a: Kingdra|Draco Meteor|p2a: Cinccino
|-damage|p2a: Cinccino|0 fnt
|-unboost|p1a: Kingdra|spa|2
|faint|p2a: Cinccino
|
|-weather|RainDance|[upkeep]
|upkeep
|
|t:|1759052793
|switch|p2a: Walking Wake|Walking Wake|76/100 par
|turn|7
|
|t:|1759052797
|switch|p1a: Poliwrath|Poliwrath, F|89/100
|move|p2a: Walking Wake|Dragon Pulse|p1a: Poliwrath
|-crit|p1a: Poliwrath
|-damage|p1a: Poliwrath|17/100
|
|-weather|RainDance|[upkeep]
|upkeep
|turn|8
|
|t:|1759052803
|move|p1a: Poliwrath|Waterfall|p2a: Walking Wake
|-resisted|p2a: Walking Wake
|-damage|p2a: Walking Wake|56/100 par
|-damage|p1a: Poliwrath|7/100|[from] item: Life Orb
|cant|p2a: Walking Wake|par
|
|-weather|none
|upkeep
|turn|9
|
|t:|1759052807
|move|p1a: Poliwrath|Drain Punch|p2a: Walking Wake
|-damage|p2a: Walking Wake|7/100 par
|-heal|p1a: Poliwrath|33/100|[from] drain|[of] p2a: Walking Wake
|-damage|p1a: Poliwrath|23/100|[from] item: Life Orb
|move|p2a: Walking Wake|Flip Turn|p1a: Poliwrath
|-resisted|p1a: Poliwrath
|-damage|p1a: Poliwrath|15/100
|
|t:|1759052812
|-end|p2a: Walking Wake|Protosynthesis|[silent]
|switch|p2a: Ker|Meowscarada, F, shiny|100/100|[from] Flip Turn
|
|upkeep
|turn|10
|
|t:|1759052818
|move|p2a: Ker|Knock Off|p1a: Poliwrath
|-start|p2a: Ker|typechange|Dark|[from] ability: Protean
|-resisted|p1a: Poliwrath
|-damage|p1a: Poliwrath|0 fnt
|-enditem|p1a: Poliwrath|Life Orb|[from] move: Knock Off|[of] p2a: Ker
|faint|p1a: Poliwrath
|
|upkeep
|
|t:|1759052820
|switch|p1a: Pelipper|Pelipper, F|100/100
|-weather|RainDance|[from] ability: Drizzle|[of] p1a: Pelipper
|turn|11
|
|t:|1759052824
|move|p2a: Ker|Knock Off|p1a: Pelipper
|-crit|p1a: Pelipper
|-damage|p1a: Pelipper|48/100
|-enditem|p1a: Pelipper|Damp Rock|[from] move: Knock Off|[of] p2a: Ker
|move|p1a: Pelipper|U-turn|p2a: Ker
|-supereffective|p2a: Ker
|-damage|p2a: Ker|69/100
|
|t:|1759052829
|switch|p1a: Kingdra|Kingdra, F|100/100|[from] U-turn
|
|-weather|RainDance|[upkeep]
|upkeep
|turn|12
|
|t:|1759052837
|switch|p2a: Walking Wake|Walking Wake|7/100 par
|move|p1a: Kingdra|Weather Ball|p2a: Walking Wake
|-resisted|p2a: Walking Wake
|-damage|p2a: Walking Wake|0 fnt
|faint|p2a: Walking Wake
|-end|p2a: Walking Wake|Protosynthesis|[silent]
|
|-weather|RainDance|[upkeep]
|upkeep
|
|t:|1759052844
|switch|p2a: Hatterene|Hatterene, F, shiny|100/100
|turn|13
|
|t:|1759052849
|switch|p1a: Excadrill|Excadrill, M|84/100
|-ability|p1a: Excadrill|Mold Breaker
|move|p2a: Hatterene|Calm Mind|p2a: Hatterene
|-boost|p2a: Hatterene|spa|1
|-boost|p2a: Hatterene|spd|1
|
|-weather|RainDance|[upkeep]
|upkeep
|turn|14
|
|t:|1759052858
|-terastallize|p2a: Hatterene|Water
|move|p1a: Excadrill|Rapid Spin|p2a: Hatterene
|-damage|p2a: Hatterene|86/100
|-boost|p1a: Excadrill|spe|1
|move|p2a: Hatterene|Mystical Fire|p1a: Excadrill
|-supereffective|p1a: Excadrill
|-damage|p1a: Excadrill|41/100
|-unboost|p1a: Excadrill|spa|1
|
|-weather|RainDance|[upkeep]
|-heal|p2a: Hatterene|92/100|[from] item: Leftovers
|upkeep
|turn|15
|
|t:|1759052868
|move|p1a: Excadrill|Earthquake|p2a: Hatterene
|-damage|p2a: Hatterene|50/100
|move|p2a: Hatterene|Mystical Fire|p1a: Excadrill
|-supereffective|p1a: Excadrill
|-damage|p1a: Excadrill|0 fnt
|faint|p1a: Excadrill
|
|-weather|RainDance|[upkeep]
|-heal|p2a: Hatterene|56/100|[from] item: Leftovers
|upkeep
|
|t:|1759052871
|switch|p1a: Ogerpon|Ogerpon-Wellspring, F|100/100
|turn|16
|
|t:|1759052874
|move|p1a: Ogerpon|Power Whip|p2a: Hatterene|[miss]
|-miss|p1a: Ogerpon|p2a: Hatterene
|move|p2a: Hatterene|Draining Kiss|p1a: Ogerpon
|-damage|p1a: Ogerpon|63/100
|-heal|p2a: Hatterene|82/100|[from] drain|[of] p1a: Ogerpon
|
|-weather|RainDance|[upkeep]
|-heal|p2a: Hatterene|88/100|[from] item: Leftovers
|upkeep
|turn|17
|
|t:|1759052883
|move|p1a: Ogerpon|Power Whip|p2a: Hatterene
|-supereffective|p2a: Hatterene
|-damage|p2a: Hatterene|0 fnt
|faint|p2a: Hatterene
|
|-weather|RainDance|[upkeep]
|upkeep
|c|☆huy28107|u so lucky man
|
|t:|1759052897
|switch|p2a: Violet|Iron Valiant|100/100
|-enditem|p2a: Violet|Booster Energy
|-activate|p2a: Violet|ability: Quark Drive|[fromitem]
|-start|p2a: Violet|quarkdrivespe
|turn|18
|
|t:|1759052908
|move|p2a: Violet|Moonblast|p1a: Ogerpon
|-damage|p1a: Ogerpon|8/100
|move|p1a: Ogerpon|Ivy Cudgel|p2a: Violet|[anim] Ivy Cudgel Water
|-damage|p2a: Violet|0 fnt
|faint|p2a: Violet
|-end|p2a: Violet|Quark Drive|[silent]
|
|-weather|none
|upkeep
|
|t:|1759052915
|switch|p2a: Ker|Meowscarada, F, shiny|69/100
|turn|19
|
|t:|1759052919
|move|p2a: Ker|U-turn|p1a: Ogerpon
|-start|p2a: Ker|typechange|Bug|[from] ability: Protean
|-supereffective|p1a: Ogerpon
|-damage|p1a: Ogerpon|0 fnt
|faint|p1a: Ogerpon
|
|t:|1759052921
|switch|p2a: Soup|Thundurus-Therian, M|100/100|[from] U-turn
|
|upkeep
|
|t:|1759052924
|switch|p1a: Pelipper|Pelipper, F|48/100
|-weather|RainDance|[from] ability: Drizzle|[of] p1a: Pelipper
|turn|20
|
|t:|1759052935
|-terastallize|p1a: Pelipper|Electric
|move|p2a: Soup|Thunderbolt|p1a: Pelipper
|-resisted|p1a: Pelipper
|-damage|p1a: Pelipper|13/100
|move|p1a: Pelipper|Roost|p1a: Pelipper
|-heal|p1a: Pelipper|63/100
|
|-weather|RainDance|[upkeep]
|upkeep
|turn|21
|
|t:|1759052941
|move|p2a: Soup|Nasty Plot|p2a: Soup
|-boost|p2a: Soup|spa|2
|move|p1a: Pelipper|Weather Ball|p2a: Soup
|-damage|p2a: Soup|36/100
|
|-weather|RainDance|[upkeep]
|upkeep
|turn|22
|
|t:|1759052946
|move|p2a: Soup|Tera Blast|p1a: Pelipper
|-damage|p1a: Pelipper|0 fnt
|faint|p1a: Pelipper
|
|-weather|RainDance|[upkeep]
|upkeep
|
|t:|1759052949
|switch|p1a: Kingdra|Kingdra, F|100/100
|turn|23
|
|t:|1759052953
|move|p1a: Kingdra|Hurricane|p2a: Soup
|-resisted|p2a: Soup
|-damage|p2a: Soup|4/100
|move|p2a: Soup|Thunderbolt|p1a: Kingdra
|-damage|p1a: Kingdra|0 fnt
|faint|p1a: Kingdra
|
|win|Salvage0708
|raw|huy28107's rating: 1159 &rarr; <strong>1137</strong><br />(-22 for losing)
|raw|Salvage0708's rating: 1202 &rarr; <strong>1224</strong><br />(+22 for winning)
|l|☆huy28107
|player|p1|
|c|☆Salvage0708|gg
|l|☆Salvage0708
|player|p2|
