|j|☆Megumin's Husband
|j|☆wa3ji1da3瓦鸡打
|t:|1759035117
|gametype|singles
|player|p1|Megumin's Husband|guitarist|1536
|player|p2|wa3ji1da3瓦鸡打|iono|1546
|gen|9
|tier|[Gen 9] OU
|rated|
|rule|HP Percentage Mod: HP is shown in percentages
|rule|Endless Battle Clause: Forcing endless battles is banned
|rule|Species Clause: Limit one of each Pokémon
|rule|OHKO Clause: OHKO moves are banned
|rule|Evasion Items Clause: Evasion items are banned
|rule|Evasion Moves Clause: Evasion moves are banned
|rule|Evasion Abilities Clause: Evasion abilities are banned
|rule|Sleep Moves Clause: Sleep-inducing moves are banned
|clearpoke
|poke|p1|Pecharunt|
|poke|p1|Primarina, F|
|poke|p1|Heatran, M|
|poke|p1|Great Tusk|
|poke|p1|Weavile, F|
|poke|p1|Ogerpon, F|
|poke|p2|Torkoal, M|
|poke|p2|Hatterene, F|
|poke|p2|Raging Bolt|
|poke|p2|Slither Wing|
|poke|p2|Venusaur, M|
|poke|p2|Walking Wake|
|teampreview
|inactive|Battle timer is ON: inactive players will automatically lose when time's up. (requested by wa3ji1da3瓦鸡打)
|
|t:|1759035129
|teamsize|p1|6
|teamsize|p2|6
|start
|switch|p1a: Great Tusk|Great Tusk|100/100
|switch|p2a: Torkoal|Torkoal, M|100/100
|-weather|SunnyDay|[from] ability: Drought|[of] p2a: Torkoal
|-activate|p1a: Great Tusk|ability: Protosynthesis
|-start|p1a: Great Tusk|protosynthesisatk
|turn|1
|
|t:|1759035136
|switch|p2a: Slither Wing|Slither Wing|100/100
|-activate|p2a: Slither Wing|ability: Protosynthesis
|-start|p2a: Slither Wing|protosynthesisatk
|move|p1a: Great Tusk|Headlong Rush|p2a: Slither Wing
|-resisted|p2a: Slither Wing
|-damage|p2a: Slither Wing|52/100
|-unboost|p1a: Great Tusk|def|1
|-unboost|p1a: Great Tusk|spd|1
|
|-weather|SunnyDay|[upkeep]
|upkeep
|turn|2
|j| Liminal Crow
|
|t:|1759035144
|-end|p1a: Great Tusk|Protosynthesis|[silent]
|switch|p1a: Pecharunt|Pecharunt|100/100
|-end|p2a: Slither Wing|Protosynthesis|[silent]
|switch|p2a: Hatterene|Hatterene, F|100/100
|-item|p2a: Hatterene|Air Balloon
|
|-weather|SunnyDay|[upkeep]
|upkeep
|turn|3
|
|t:|1759035158
|move|p1a: Pecharunt|Malignant Chain|p2a: Hatterene
|-supereffective|p2a: Hatterene
|-damage|p2a: Hatterene|41/100
|-status|p2a: Hatterene|tox
|-start|p2a: Hatterene|confusion|[from] ability: Poison Puppeteer|[of] p1a: Pecharunt
|-enditem|p2a: Hatterene|Air Balloon
|-activate|p2a: Hatterene|confusion
|move|p2a: Hatterene|Psychic Noise|p1a: Pecharunt
|-supereffective|p1a: Pecharunt
|-damage|p1a: Pecharunt|32/100
|-start|p1a: Pecharunt|move: Heal Block
|
|-weather|SunnyDay|[upkeep]
|-damage|p2a: Hatterene|35/100 tox|[from] psn
|upkeep
|turn|4
|
|t:|1759035169
|move|p1a: Pecharunt|Malignant Chain|p2a: Hatterene
|-supereffective|p2a: Hatterene
|-damage|p2a: Hatterene|0 fnt
|faint|p2a: Hatterene
|
|-weather|SunnyDay|[upkeep]
|-end|p1a: Pecharunt|move: Heal Block
|upkeep
|
|t:|1759035173
|switch|p2a: Walking Wake|Walking Wake|100/100
|-activate|p2a: Walking Wake|ability: Protosynthesis
|-start|p2a: Walking Wake|protosynthesisspe
|turn|5
|inactive|Megumin's Husband has 120 seconds left.
|
|t:|1759035209
|move|p2a: Walking Wake|Hydro Steam|p1a: Pecharunt
|-damage|p1a: Pecharunt|0 fnt
|faint|p1a: Pecharunt
|
|-weather|SunnyDay|[upkeep]
|upkeep
|
|t:|1759035211
|switch|p1a: Primarina|Primarina, F|100/100
|turn|6
|
|t:|1759035219
|move|p2a: Walking Wake|Flip Turn|p1a: Primarina
|-resisted|p1a: Primarina
|-damage|p1a: Primarina|96/100
|
|t:|1759035222
|-end|p2a: Walking Wake|Protosynthesis|[silent]
|switch|p2a: Torkoal|Torkoal, M|100/100|[from] Flip Turn
|move|p1a: Primarina|Moonblast|p2a: Torkoal
|-resisted|p2a: Torkoal
|-damage|p2a: Torkoal|67/100
|
|-weather|SunnyDay|[upkeep]
|upkeep
|turn|7
|
|t:|1759035227
|move|p1a: Primarina|Flip Turn|p2a: Torkoal
|-supereffective|p2a: Torkoal
|-damage|p2a: Torkoal|54/100
|
|t:|1759035229
|switch|p1a: Heatran|Heatran, M, shiny|100/100|[from] Flip Turn
|-item|p1a: Heatran|Air Balloon
|move|p2a: Torkoal|Stealth Rock|p1a: Heatran
|-sidestart|p1: Megumin's Husband|move: Stealth Rock
|
|-weather|SunnyDay|[upkeep]
|upkeep
|turn|8
|
|t:|1759035239
|switch|p2a: Walking Wake|Walking Wake|100/100
|-activate|p2a: Walking Wake|ability: Protosynthesis
|-start|p2a: Walking Wake|protosynthesisspe
|move|p1a: Heatran|Stealth Rock|p2a: Walking Wake
|-sidestart|p2: wa3ji1da3瓦鸡打|move: Stealth Rock
|
|-weather|none
|-end|p2a: Walking Wake|Protosynthesis
|upkeep
|turn|9
|
|t:|1759035247
|switch|p1a: Primarina|Primarina, F|96/100
|-damage|p1a: Primarina|83/100|[from] Stealth Rock
|move|p2a: Walking Wake|Hydro Steam|p1a: Primarina
|-resisted|p1a: Primarina
|-damage|p1a: Primarina|71/100
|
|upkeep
|turn|10
|l| Liminal Crow
|
|t:|1759035252
|move|p2a: Walking Wake|Flip Turn|p1a: Primarina
|-resisted|p1a: Primarina
|-damage|p1a: Primarina|61/100
|
|t:|1759035256
|-end|p2a: Walking Wake|Protosynthesis|[silent]
|switch|p2a: Venusaur|Venusaur, M|100/100|[from] Flip Turn
|-damage|p2a: Venusaur|88/100|[from] Stealth Rock
|move|p1a: Primarina|Flip Turn|p2a: Venusaur
|-resisted|p2a: Venusaur
|-damage|p2a: Venusaur|78/100
|
|t:|1759035260
|switch|p1a: Weavile|Weavile, F|100/100|[from] Flip Turn
|-damage|p1a: Weavile|76/100|[from] Stealth Rock
|-ability|p1a: Weavile|Pressure
|
|upkeep
|turn|11
|j| shyahngyoo
|
|t:|1759035268
|switch|p2a: Torkoal|Torkoal, M|54/100
|-damage|p2a: Torkoal|29/100|[from] Stealth Rock
|-weather|SunnyDay|[from] ability: Drought|[of] p2a: Torkoal
|move|p1a: Weavile|Knock Off|p2a: Torkoal
|-damage|p2a: Torkoal|0 fnt
|-enditem|p2a: Torkoal|Heat Rock|[from] move: Knock Off|[of] p1a: Weavile
|faint|p2a: Torkoal
|
|-weather|SunnyDay|[upkeep]
|upkeep
|
|t:|1759035272
|switch|p2a: Slither Wing|Slither Wing|52/100
|-damage|p2a: Slither Wing|39/100|[from] Stealth Rock
|-activate|p2a: Slither Wing|ability: Protosynthesis
|-start|p2a: Slither Wing|protosynthesisatk
|turn|12
|
|t:|1759035283
|switch|p1a: Great Tusk|Great Tusk|100/100
|-activate|p1a: Great Tusk|ability: Protosynthesis
|-start|p1a: Great Tusk|protosynthesisatk
|move|p2a: Slither Wing|First Impression|p1a: Great Tusk
|-resisted|p1a: Great Tusk
|-damage|p1a: Great Tusk|76/100
|
|-weather|SunnyDay|[upkeep]
|upkeep
|turn|13
|
|t:|1759035293
|-end|p2a: Slither Wing|Protosynthesis|[silent]
|switch|p2a: Venusaur|Venusaur, M|78/100
|-damage|p2a: Venusaur|66/100|[from] Stealth Rock
|move|p1a: Great Tusk|Headlong Rush|p2a: Venusaur
|-damage|p2a: Venusaur|0 fnt
|-unboost|p1a: Great Tusk|def|1
|-unboost|p1a: Great Tusk|spd|1
|faint|p2a: Venusaur
|
|-weather|SunnyDay|[upkeep]
|upkeep
|
|t:|1759035298
|switch|p2a: Walking Wake|Walking Wake|100/100
|-damage|p2a: Walking Wake|88/100|[from] Stealth Rock
|-activate|p2a: Walking Wake|ability: Protosynthesis
|-start|p2a: Walking Wake|protosynthesisspe
|turn|14
|
|t:|1759035313
|move|p2a: Walking Wake|Hydro Steam|p1a: Great Tusk
|-supereffective|p1a: Great Tusk
|-damage|p1a: Great Tusk|0 fnt
|faint|p1a: Great Tusk
|-end|p1a: Great Tusk|Protosynthesis|[silent]
|
|-weather|SunnyDay|[upkeep]
|upkeep
|
|t:|1759035315
|switch|p1a: Ogerpon|Ogerpon, F|100/100
|-damage|p1a: Ogerpon|88/100|[from] Stealth Rock
|turn|15
|
|t:|1759035325
|-end|p2a: Walking Wake|Protosynthesis|[silent]
|switch|p2a: Slither Wing|Slither Wing|39/100
|-damage|p2a: Slither Wing|27/100|[from] Stealth Rock
|-activate|p2a: Slither Wing|ability: Protosynthesis
|-start|p2a: Slither Wing|protosynthesisatk
|-terastallize|p1a: Ogerpon|Grass
|detailschange|p1a: Ogerpon|Ogerpon-Teal-Tera, F, tera:Grass
|-ability|p1a: Ogerpon|Embody Aspect (Teal)|boost
|-boost|p1a: Ogerpon|spe|1
|move|p1a: Ogerpon|Ivy Cudgel|p2a: Slither Wing
|-resisted|p2a: Slither Wing
|-damage|p2a: Slither Wing|0 fnt
|faint|p2a: Slither Wing
|-end|p2a: Slither Wing|Protosynthesis|[silent]
|
|-weather|SunnyDay|[upkeep]
|upkeep
|
|t:|1759035329
|switch|p2a: Raging Bolt|Raging Bolt|100/100
|-damage|p2a: Raging Bolt|88/100|[from] Stealth Rock
|-activate|p2a: Raging Bolt|ability: Protosynthesis
|-start|p2a: Raging Bolt|protosynthesisspa
|turn|16
|
|t:|1759035341
|switch|p1a: Primarina|Primarina, F|61/100
|-damage|p1a: Primarina|49/100|[from] Stealth Rock
|move|p2a: Raging Bolt|Solar Beam||[still]
|-prepare|p2a: Raging Bolt|Solar Beam
|-anim|p2a: Raging Bolt|Solar Beam|p1a: Primarina
|-supereffective|p1a: Primarina
|-damage|p1a: Primarina|0 fnt
|faint|p1a: Primarina
|-damage|p2a: Raging Bolt|78/100|[from] item: Life Orb
|
|-weather|SunnyDay|[upkeep]
|upkeep
|
|t:|1759035349
|switch|p1a: Heatran|Heatran, M, shiny|100/100
|-damage|p1a: Heatran|88/100|[from] Stealth Rock
|-item|p1a: Heatran|Air Balloon
|turn|17
|
|t:|1759035356
|-end|p2a: Raging Bolt|Protosynthesis|[silent]
|switch|p2a: Walking Wake|Walking Wake|88/100
|-damage|p2a: Walking Wake|76/100|[from] Stealth Rock
|-activate|p2a: Walking Wake|ability: Protosynthesis
|-start|p2a: Walking Wake|protosynthesisspe
|move|p1a: Heatran|Earth Power|p2a: Walking Wake
|-damage|p2a: Walking Wake|45/100
|
|-weather|SunnyDay|[upkeep]
|upkeep
|turn|18
|
|t:|1759035364
|move|p2a: Walking Wake|Hydro Steam|p1a: Heatran
|-supereffective|p1a: Heatran
|-damage|p1a: Heatran|0 fnt
|-enditem|p1a: Heatran|Air Balloon
|faint|p1a: Heatran
|
|-weather|none
|-end|p2a: Walking Wake|Protosynthesis
|upkeep
|
|t:|1759035370
|switch|p1a: Ogerpon|Ogerpon-Teal-Tera, F, tera:Grass|88/100
|-damage|p1a: Ogerpon|76/100|[from] Stealth Rock
|-ability|p1a: Ogerpon|Embody Aspect (Teal)|boost
|-boost|p1a: Ogerpon|spe|1
|turn|19
|
|t:|1759035373
|move|p1a: Ogerpon|Ivy Cudgel|p2a: Walking Wake
|-damage|p2a: Walking Wake|0 fnt
|faint|p2a: Walking Wake
|-end|p2a: Walking Wake|Protosynthesis|[silent]
|
|upkeep
|
|t:|1759035375
|switch|p2a: Raging Bolt|Raging Bolt|78/100
|-damage|p2a: Raging Bolt|66/100|[from] Stealth Rock
|turn|20
|
|t:|1759035382
|move|p1a: Ogerpon|Ivy Cudgel|p2a: Raging Bolt
|-resisted|p2a: Raging Bolt
|-damage|p2a: Raging Bolt|20/100
|move|p2a: Raging Bolt|Dragon Pulse|p1a: Ogerpon
|-damage|p1a: Ogerpon|0 fnt
|faint|p1a: Ogerpon
|detailschange|p1: Ogerpon|Ogerpon, F|[silent]
|-damage|p2a: Raging Bolt|10/100|[from] item: Life Orb
|
|upkeep
|
|t:|1759035388
|switch|p1a: Weavile|Weavile, F|76/100
|-damage|p1a: Weavile|51/100|[from] Stealth Rock
|-ability|p1a: Weavile|Pressure
|turn|21
|
|t:|1759035394
|move|p1a: Weavile|Ice Shard|p2a: Raging Bolt
|-supereffective|p2a: Raging Bolt
|-damage|p2a: Raging Bolt|0 fnt
|faint|p2a: Raging Bolt
|-end|p2a: Raging Bolt|Protosynthesis|[silent]
|
|win|Megumin's Husband
|raw|Megumin&apos;s Husband's rating: 1536 &rarr; <strong>1557</strong><br />(+21 for winning)
|raw|wa3ji1da3瓦鸡打's rating: 1546 &rarr; <strong>1525</strong><br />(-21 for losing)
|l|☆wa3ji1da3瓦鸡打
|player|p2|
|l|☆Megumin's Husband
|player|p1|
|l| shyahngyoo
