|j|☆pantuxd
|j|☆ShogunMarx
|t:|1758945782
|gametype|singles
|player|p1|pantuxd|1|1323
|player|p2|ShogunMarx|101|1293
|gen|9
|tier|[Gen 9] OU
|rated|
|rule|HP Percentage Mod: HP is shown in percentages
|rule|Endless Battle Clause: Forcing endless battles is banned
|rule|Species Clause: Limit one of each Pokémon
|rule|OHKO Clause: OHKO moves are banned
|rule|Evasion Items Clause: Evasion items are banned
|rule|Evasion Moves Clause: Evasion moves are banned
|rule|Evasion Abilities Clause: Evasion abilities are banned
|rule|Sleep Moves Clause: Sleep-inducing moves are banned
|clearpoke
|poke|p1|Hatterene, F|
|poke|p1|Slowking-Galar, F|
|poke|p1|Hoopa-Unbound|
|poke|p1|Glastrier|
|poke|p1|Ursaluna, F|
|poke|p1|Enamorus-Therian, F|
|poke|p2|Samurott-Hisui, M|
|poke|p2|Arcanine-Hisui, M|
|poke|p2|Braviary-Hisui, M|
|poke|p2|Ursaluna, M|
|poke|p2|Goodra-Hisui, M|
|poke|p2|Electrode-Hisui|
|teampreview
|inactive|Battle timer is ON: inactive players will automatically lose when time's up. (requested by pantuxd)
|inactive|ShogunMarx has 120 seconds left.
|
|t:|1758945813
|teamsize|p1|6
|teamsize|p2|6
|start
|switch|p1a: Hoopa|Hoopa-Unbound|100/100
|switch|p2a: Electrode|Electrode-Hisui, shiny|100/100
|turn|1
|
|t:|1758945825
|move|p2a: Electrode|Thunder Wave|p1a: Hoopa
|-status|p1a: Hoopa|par
|move|p1a: Hoopa|Trick Room|p1a: Hoopa
|-fieldstart|move: Trick Room|[of] p1a: Hoopa
|
|upkeep
|turn|2
|
|t:|1758945839
|switch|p2a: Braviary|Braviary-Hisui, M, shiny|100/100
|move|p1a: Hoopa|Hyperspace Fury|p2a: Braviary
|-supereffective|p2a: Braviary
|-damage|p2a: Braviary|0 fnt
|-unboost|p1a: Hoopa|def|1
|faint|p2a: Braviary
|-enditem|p1a: Hoopa|Eject Pack
|
|t:|1758945846
|switch|p1a: Ursaluna|Ursaluna, F|100/100
|
|-status|p1a: Ursaluna|brn|[from] item: Flame Orb
|upkeep
|
|t:|1758945850
|switch|p2a: Electrode|Electrode-Hisui, shiny|100/100
|turn|3
|
|t:|1758945853
|move|p1a: Ursaluna|Facade|p2a: Electrode
|-enditem|p2a: Electrode|Focus Sash
|-damage|p2a: Electrode|1/100
|move|p2a: Electrode|Leaf Storm|p1a: Ursaluna
|-supereffective|p1a: Ursaluna
|-damage|p1a: Ursaluna|8/100 brn
|-unboost|p2a: Electrode|spa|2
|
|-damage|p1a: Ursaluna|2/100 brn|[from] brn
|upkeep
|turn|4
|
|t:|1758945869
|switch|p1a: Slowking|Slowking-Galar, F|100/100
|switch|p2a: Goodra|Goodra-Hisui, M, shiny|100/100
|
|upkeep
|turn|5
|
|t:|1758945875
|move|p2a: Goodra|Flash Cannon|p1a: Slowking
|-damage|p1a: Slowking|66/100
|move|p1a: Slowking|Future Sight|p2a: Goodra
|-start|p1a: Slowking|move: Future Sight
|
|-fieldend|move: Trick Room
|upkeep
|turn|6
|
|t:|1758945878
|move|p2a: Goodra|Flash Cannon|p1a: Slowking
|-damage|p1a: Slowking|31/100
|move|p1a: Slowking|Trick Room|p1a: Slowking
|-fieldstart|move: Trick Room|[of] p1a: Slowking
|
|upkeep
|turn|7
|
|t:|1758945884
|move|p2a: Goodra|Flash Cannon|p1a: Slowking
|-damage|p1a: Slowking|0 fnt
|faint|p1a: Slowking
|
|-end|p2a: Goodra|move: Future Sight
|-resisted|p2a: Goodra
|-damage|p2a: Goodra|86/100
|-heal|p2a: Goodra|92/100|[from] item: Leftovers
|upkeep
|
|t:|1758945890
|switch|p1a: Hoopa|Hoopa-Unbound|100/100 par
|turn|8
|
|t:|1758945893
|move|p1a: Hoopa|Drain Punch|p2a: Goodra
|-supereffective|p2a: Goodra
|-damage|p2a: Goodra|43/100
|-item|p1a: Hoopa|Leftovers|[from] ability: Magician|[of] p2a: Goodra
|move|p2a: Goodra|Draco Meteor|p1a: Hoopa
|-damage|p1a: Hoopa|63/100 par
|-unboost|p2a: Goodra|spa|2
|
|-heal|p1a: Hoopa|69/100 par|[from] item: Leftovers
|upkeep
|turn|9
|
|t:|1758945911
|switch|p2a: Electrode|Electrode-Hisui, shiny|1/100
|move|p1a: Hoopa|Drain Punch|p2a: Electrode
|-damage|p2a: Electrode|0 fnt
|-heal|p1a: Hoopa|69/100 par|[from] drain|[of] p2a: Electrode
|faint|p2a: Electrode
|
|-heal|p1a: Hoopa|75/100 par|[from] item: Leftovers
|upkeep
|
|t:|1758945913
|switch|p2a: Samurott|Samurott-Hisui, M, shiny|100/100
|turn|10
|
|t:|1758945932
|move|p1a: Hoopa|Drain Punch|p2a: Samurott
|-supereffective|p2a: Samurott
|-damage|p2a: Samurott|36/100
|-heal|p1a: Hoopa|100/100 par|[from] drain|[of] p2a: Samurott
|move|p2a: Samurott|Ceaseless Edge|p1a: Hoopa
|-damage|p1a: Hoopa|33/100 par
|-sidestart|p1: pantuxd|Spikes
|
|-heal|p1a: Hoopa|39/100 par|[from] item: Leftovers
|-fieldend|move: Trick Room
|upkeep
|turn|11
|inactive|pantuxd has 120 seconds left.
|
|t:|1758945968
|move|p2a: Samurott|Razor Shell|p1a: Hoopa
|-crit|p1a: Hoopa
|-damage|p1a: Hoopa|0 fnt
|faint|p1a: Hoopa
|
|upkeep
|inactive|pantuxd has 90 seconds left.
|
|t:|1758945998
|switch|p1a: Hatterene|Hatterene, F|100/100
|-damage|p1a: Hatterene|88/100|[from] Spikes
|turn|12
|
|t:|1758946004
|switch|p2a: Goodra|Goodra-Hisui, M, shiny|43/100
|move|p1a: Hatterene|Trick Room|p1a: Hatterene
|-fieldstart|move: Trick Room|[of] p1a: Hatterene
|
|upkeep
|turn|13
|
|t:|1758946008
|move|p1a: Hatterene|Healing Wish|p1a: Hatterene
|faint|p1a: Hatterene
|move|p2a: Goodra|Flash Cannon|p1: Hatterene|[notarget]
|-fail|p2a: Goodra
|
|upkeep
|
|t:|1758946012
|switch|p1a: Ursaluna|Ursaluna, F|2/100 brn
|-heal|p1a: Ursaluna|100/100|[from] move: Healing Wish
|-damage|p1a: Ursaluna|88/100|[from] Spikes
|turn|14
|inactive|pantuxd has 120 seconds left.
|
|t:|1758946024
|-terastallize|p2a: Goodra|Flying
|move|p1a: Ursaluna|Swords Dance|p1a: Ursaluna
|-boost|p1a: Ursaluna|atk|2
|move|p2a: Goodra|Draco Meteor|p1a: Ursaluna
|-damage|p1a: Ursaluna|30/100
|-unboost|p2a: Goodra|spa|2
|
|-status|p1a: Ursaluna|brn|[from] item: Flame Orb
|upkeep
|turn|15
|inactive|pantuxd has 120 seconds left.
|
|t:|1758946031
|move|p1a: Ursaluna|Facade|p2a: Goodra
|-damage|p2a: Goodra|0 fnt
|faint|p2a: Goodra
|
|-damage|p1a: Ursaluna|23/100 brn|[from] brn
|upkeep
|
|t:|1758946035
|switch|p2a: Samurott|Samurott-Hisui, M, shiny|36/100
|turn|16
|
|t:|1758946039
|move|p2a: Samurott|Sucker Punch|p1a: Ursaluna
|-damage|p1a: Ursaluna|0 fnt
|faint|p1a: Ursaluna
|
|-fieldend|move: Trick Room
|upkeep
|
|t:|1758946047
|switch|p1a: Glastrier|Glastrier|100/100
|-damage|p1a: Glastrier|88/100|[from] Spikes
|turn|17
|
|t:|1758946053
|move|p2a: Samurott|Sacred Sword|p1a: Glastrier
|-supereffective|p1a: Glastrier
|-damage|p1a: Glastrier|35/100
|move|p1a: Glastrier|Icicle Crash|p2a: Samurott
|-resisted|p2a: Samurott
|-damage|p2a: Samurott|0 fnt
|faint|p2a: Samurott
|-ability|p1a: Glastrier|Chilling Neigh|boost
|-boost|p1a: Glastrier|atk|1
|-damage|p1a: Glastrier|25/100|[from] item: Life Orb
|
|upkeep
|
|t:|1758946061
|switch|p2a: Arcanine|Arcanine-Hisui, M, shiny|100/100
|turn|18
|
|t:|1758946064
|move|p2a: Arcanine|Flare Blitz|p1a: Glastrier
|-supereffective|p1a: Glastrier
|-damage|p1a: Glastrier|0 fnt
|faint|p1a: Glastrier
|
|upkeep
|
|t:|1758946071
|switch|p1a: Enamorus|Enamorus-Therian, F|100/100
|turn|19
|
|t:|1758946075
|switch|p2a: Ursaluna|Ursaluna, M, shiny|100/100
|move|p1a: Enamorus|Earth Power|p2a: Ursaluna
|-damage|p2a: Ursaluna|78/100
|-unboost|p2a: Ursaluna|spd|1
|
|-status|p2a: Ursaluna|brn|[from] item: Flame Orb
|upkeep
|turn|20
|
|t:|1758946083
|-terastallize|p1a: Enamorus|Fairy
|move|p2a: Ursaluna|Facade|p1a: Enamorus
|-damage|p1a: Enamorus|5/100
|-enditem|p1a: Enamorus|Sitrus Berry|[eat]
|-heal|p1a: Enamorus|30/100|[from] item: Sitrus Berry
|move|p1a: Enamorus|Draining Kiss|p2a: Ursaluna
|-damage|p2a: Ursaluna|32/100 brn
|-heal|p1a: Enamorus|75/100|[from] drain|[of] p2a: Ursaluna
|
|-damage|p2a: Ursaluna|26/100 brn|[from] brn
|upkeep
|turn|21
|
|t:|1758946097
|move|p2a: Ursaluna|Facade|p1a: Enamorus
|-crit|p1a: Enamorus
|-damage|p1a: Enamorus|0 fnt
|faint|p1a: Enamorus
|
|win|ShogunMarx
|raw|pantuxd's rating: 1323 &rarr; <strong>1301</strong><br />(-22 for losing)
|raw|ShogunMarx's rating: 1293 &rarr; <strong>1320</strong><br />(+27 for winning)
|l|☆pantuxd
|player|p1|
