|j|☆Gurden
|j|☆Dew123
|t:|1759066622
|gametype|singles
|player|p1|Gurden|265|1106
|player|p2|Dew123|biker-gen4|1130
|gen|9
|tier|[Gen 9] OU
|rated|
|rule|HP Percentage Mod: HP is shown in percentages
|rule|Endless Battle Clause: Forcing endless battles is banned
|rule|Species Clause: Limit one of each Pokémon
|rule|OHKO Clause: OHKO moves are banned
|rule|Evasion Items Clause: Evasion items are banned
|rule|Evasion Moves Clause: Evasion moves are banned
|rule|Evasion Abilities Clause: Evasion abilities are banned
|rule|Sleep Moves Clause: Sleep-inducing moves are banned
|clearpoke
|poke|p1|Hydreigon, M|
|poke|p1|Serperior, M|
|poke|p1|Tauros-Paldea-Aqua, M|
|poke|p1|Talonflame, F|
|poke|p1|Galvantula, M|
|poke|p1|Infernape, F|
|poke|p2|Araquanid, M|
|poke|p2|Iron Treads|
|poke|p2|Dragapult, M|
|poke|p2|Gliscor, M|
|poke|p2|Veluza, F|
|poke|p2|Sawsbuck, M|
|teampreview
|inactive|Battle timer is ON: inactive players will automatically lose when time's up. (requested by Dew123)
|
|t:|1759066630
|teamsize|p1|6
|teamsize|p2|6
|start
|switch|p1a: Serperior|Serperior, M|100/100
|switch|p2a: Araquanid|Araquanid, M|100/100
|turn|1
|
|t:|1759066645
|move|p1a: Serperior|Leaf Storm|p2a: Araquanid
|-damage|p2a: Araquanid|48/100
|-boost|p1a: Serperior|spa|2
|-damage|p1a: Serperior|91/100|[from] item: Life Orb
|move|p2a: Araquanid|Surf|p1a: Serperior
|-resisted|p1a: Serperior
|-damage|p1a: Serperior|55/100
|
|upkeep
|turn|2
|
|t:|1759066654
|move|p2a: Araquanid|Endure|p2a: Araquanid
|-singleturn|p2a: Araquanid|move: Endure
|move|p1a: Serperior|Leaf Storm|p2a: Araquanid
|-activate|p2a: Araquanid|move: Endure
|-damage|p2a: Araquanid|1/100
|-boost|p1a: Serperior|spa|2
|-damage|p1a: Serperior|46/100|[from] item: Life Orb
|
|upkeep
|turn|3
|-enditem|p2a: Araquanid|Custap Berry|[eat]
|-activate|p2a: Araquanid|item: Custap Berry|[consumed]
|
|t:|1759066664
|move|p2a: Araquanid|Endeavor|p1a: Serperior
|-damage|p1a: Serperior|1/100
|move|p1a: Serperior|Leaf Storm|p2a: Araquanid
|-damage|p2a: Araquanid|0 fnt
|-boost|p1a: Serperior|spa|2
|faint|p2a: Araquanid
|-damage|p1a: Serperior|0 fnt|[from] item: Life Orb
|faint|p1a: Serperior
|
|upkeep
|
|t:|1759066680
|switch|p1a: Talonflame|Talonflame, F|100/100
|switch|p2a: Veluza|Veluza, F|100/100
|-ability|p2a: Veluza|Mold Breaker
|turn|4
|inactive|Gurden has 120 seconds left.
|
|t:|1759066703
|-terastallize|p1a: Talonflame|Electric
|move|p1a: Talonflame|Will-O-Wisp|p2a: Veluza
|-status|p2a: Veluza|brn
|move|p2a: Veluza|Fillet Away|p2a: Veluza
|-boost|p2a: Veluza|atk|2
|-boost|p2a: Veluza|spa|2
|-boost|p2a: Veluza|spe|2
|-damage|p2a: Veluza|51/100 brn
|
|-damage|p2a: Veluza|44/100 brn|[from] brn
|upkeep
|-enditem|p2a: Veluza|Sitrus Berry|[eat]
|-heal|p2a: Veluza|69/100 brn|[from] item: Sitrus Berry
|turn|5
|inactive|Gurden has 120 seconds left.
|
|t:|1759066726
|move|p2a: Veluza|Stored Power|p1a: Talonflame
|-damage|p1a: Talonflame|0 fnt
|faint|p1a: Talonflame
|
|-damage|p2a: Veluza|63/100 brn|[from] brn
|upkeep
|
|t:|1759066739
|switch|p1a: Tauros|Tauros-Paldea-Aqua, M|100/100
|turn|6
|
|t:|1759066743
|move|p1a: Tauros|Endure|p1a: Tauros
|-singleturn|p1a: Tauros|move: Endure
|move|p2a: Veluza|Stored Power|p1a: Tauros
|-supereffective|p1a: Tauros
|-activate|p1a: Tauros|move: Endure
|-damage|p1a: Tauros|1/100
|-enditem|p1a: Tauros|Liechi Berry|[eat]
|-boost|p1a: Tauros|atk|1|[from] item: Liechi Berry
|
|-damage|p2a: Veluza|57/100 brn|[from] brn
|upkeep
|turn|7
|inactive|Gurden has 120 seconds left.
|-message|Gurden forfeited.
|
|win|Dew123
|raw|Gurden's rating: 1106 &rarr; <strong>1083</strong><br />(-23 for losing)
|raw|Dew123's rating: 1130 &rarr; <strong>1153</strong><br />(+23 for winning)
|l|☆Gurden
|player|p1|
|l|☆Dew123
|player|p2|
