|j|☆GeekFam
|j|☆AnOriginalName3
|t:|1759028035
|gametype|singles
|player|p1|GeekFam|2|1425
|player|p2|AnOriginalName3|265|1486
|gen|9
|tier|[Gen 9] OU
|rated|
|rule|HP Percentage Mod: HP is shown in percentages
|rule|Endless Battle Clause: Forcing endless battles is banned
|rule|Species Clause: Limit one of each Pokémon
|rule|OHKO Clause: OHKO moves are banned
|rule|Evasion Items Clause: Evasion items are banned
|rule|Evasion Moves Clause: Evasion moves are banned
|rule|Evasion Abilities Clause: Evasion abilities are banned
|rule|Sleep Moves Clause: Sleep-inducing moves are banned
|clearpoke
|poke|p1|Samurott-Hisui, F|
|poke|p1|Pecharunt|
|poke|p1|Zamazenta-*|
|poke|p1|Zapdos|
|poke|p1|Iron Treads|
|poke|p1|Kingambit, M|
|poke|p2|Araquanid, F|
|poke|p2|Thundurus-Therian, M|
|poke|p2|Ceruledge, F|
|poke|p2|Great Tusk|
|poke|p2|Meowscarada, M|
|poke|p2|Bellossom, F|
|teampreview
|
|t:|1759028078
|teamsize|p1|6
|teamsize|p2|6
|start
|switch|p1a: Zapdos|Zapdos|100/100
|switch|p2a: Araquanid|Araquanid, F|100/100
|turn|1
|
|t:|1759028089
|move|p1a: Zapdos|Hurricane|p2a: Araquanid
|-supereffective|p2a: Araquanid
|-damage|p2a: Araquanid|10/100
|move|p2a: Araquanid|Sticky Web|p1a: Zapdos
|-sidestart|p1: GeekFam|move: Sticky Web
|
|upkeep
|turn|2
|-enditem|p2a: Araquanid|Custap Berry|[eat]
|-activate|p2a: Araquanid|item: Custap Berry|[consumed]
|
|t:|1759028093
|move|p2a: Araquanid|Endeavor|p1a: Zapdos
|-damage|p1a: Zapdos|10/100
|move|p1a: Zapdos|Volt Switch|p2a: Araquanid
|-supereffective|p2a: Araquanid
|-crit|p2a: Araquanid
|-damage|p2a: Araquanid|0 fnt
|faint|p2a: Araquanid
|
|t:|1759028107
|switch|p1a: Samurott|Samurott-Hisui, F|100/100|[from] Volt Switch
|-activate|p1a: Samurott|move: Sticky Web
|-unboost|p1a: Samurott|spe|1
|
|upkeep
|
|t:|1759028115
|switch|p2a: Meowscarada|Meowscarada, M|100/100
|turn|3
|
|t:|1759028122
|switch|p1a: Pecharunt|Pecharunt|100/100
|move|p2a: Meowscarada|U-turn|p1a: Pecharunt
|-start|p2a: Meowscarada|typechange|Bug|[from] ability: Protean
|-resisted|p1a: Pecharunt
|-damage|p1a: Pecharunt|95/100
|
|t:|1759028139
|switch|p2a: Great Tusk|Great Tusk|100/100|[from] U-turn
|
|upkeep
|turn|4
|
|t:|1759028147
|move|p1a: Pecharunt|Malignant Chain|p2a: Great Tusk
|-resisted|p2a: Great Tusk
|-damage|p2a: Great Tusk|76/100
|move|p2a: Great Tusk|Headlong Rush|p1a: Pecharunt
|-supereffective|p1a: Pecharunt
|-damage|p1a: Pecharunt|27/100
|-unboost|p2a: Great Tusk|def|1
|-unboost|p2a: Great Tusk|spd|1
|
|upkeep
|turn|5
|
|t:|1759028161
|move|p1a: Pecharunt|Recover|p1a: Pecharunt
|-heal|p1a: Pecharunt|77/100
|move|p2a: Great Tusk|Headlong Rush|p1a: Pecharunt
|-supereffective|p1a: Pecharunt
|-damage|p1a: Pecharunt|0 fnt
|-unboost|p2a: Great Tusk|def|1
|-unboost|p2a: Great Tusk|spd|1
|faint|p1a: Pecharunt
|
|upkeep
|
|t:|1759028172
|switch|p1a: Zapdos|Zapdos|10/100
|turn|6
|
|t:|1759028188
|-end|p2a: Great Tusk|Protosynthesis|[silent]
|switch|p2a: Thundurus|Thundurus-Therian, M|100/100
|move|p1a: Zapdos|Roost|p1a: Zapdos
|-heal|p1a: Zapdos|61/100
|-singleturn|p1a: Zapdos|move: Roost
|
|upkeep
|turn|7
|
|t:|1759028197
|switch|p1a: Iron Treads|Iron Treads|100/100
|-activate|p1a: Iron Treads|move: Sticky Web
|-unboost|p1a: Iron Treads|spe|1
|move|p2a: Thundurus|Nasty Plot|p2a: Thundurus
|-boost|p2a: Thundurus|spa|2
|
|upkeep
|turn|8
|
|t:|1759028203
|move|p2a: Thundurus|Grass Knot|p1a: Iron Treads
|-damage|p1a: Iron Treads|32/100
|move|p1a: Iron Treads|Rapid Spin|p2a: Thundurus
|-damage|p2a: Thundurus|79/100
|-boost|p1a: Iron Treads|spe|1
|-sideend|p1: GeekFam|Sticky Web|[from] move: Rapid Spin|[of] p1a: Iron Treads
|
|-heal|p1a: Iron Treads|38/100|[from] item: Leftovers
|upkeep
|turn|9
|
|t:|1759028207
|move|p2a: Thundurus|Grass Knot|p1a: Iron Treads
|-damage|p1a: Iron Treads|0 fnt
|faint|p1a: Iron Treads
|-end|p1a: Iron Treads|Quark Drive|[silent]
|
|upkeep
|
|t:|1759028229
|switch|p1a: Samurott|Samurott-Hisui, F|100/100
|turn|10
|
|t:|1759028247
|-terastallize|p1a: Samurott|Ground
|move|p2a: Thundurus|Thunderbolt|p1a: Samurott
|-immune|p1a: Samurott
|move|p1a: Samurott|Ceaseless Edge|p2a: Thundurus
|-damage|p2a: Thundurus|6/100
|-sidestart|p2: AnOriginalName3|Spikes
|
|upkeep
|turn|11
|
|t:|1759028255
|move|p1a: Samurott|Aqua Jet|p2a: Thundurus
|-damage|p2a: Thundurus|0 fnt
|faint|p2a: Thundurus
|
|upkeep
|
|t:|1759028272
|switch|p2a: Bellossom|Bellossom, F|100/100
|-damage|p2a: Bellossom|88/100|[from] Spikes
|turn|12
|
|t:|1759028282
|switch|p1a: Zapdos|Zapdos|61/100
|move|p2a: Bellossom|Quiver Dance|p2a: Bellossom
|-boost|p2a: Bellossom|spa|1
|-boost|p2a: Bellossom|spd|1
|-boost|p2a: Bellossom|spe|1
|
|-heal|p2a: Bellossom|94/100|[from] item: Leftovers
|upkeep
|turn|13
|
|t:|1759028288
|-terastallize|p2a: Bellossom|Fairy
|move|p1a: Zapdos|Hurricane|p2a: Bellossom|[miss]
|-miss|p1a: Zapdos|p2a: Bellossom
|move|p2a: Bellossom|Quiver Dance|p2a: Bellossom
|-boost|p2a: Bellossom|spa|1
|-boost|p2a: Bellossom|spd|1
|-boost|p2a: Bellossom|spe|1
|
|-heal|p2a: Bellossom|99/100|[from] item: Leftovers
|upkeep
|turn|14
|
|t:|1759028297
|switch|p1a: Zamazenta|Zamazenta|100/100
|-ability|p1a: Zamazenta|Dauntless Shield|boost
|-boost|p1a: Zamazenta|def|1
|move|p2a: Bellossom|Dazzling Gleam|p1a: Zamazenta
|-supereffective|p1a: Zamazenta
|-damage|p1a: Zamazenta|4/100
|
|-heal|p2a: Bellossom|100/100|[from] item: Leftovers
|-heal|p1a: Zamazenta|10/100|[from] item: Leftovers
|upkeep
|turn|15
|
|t:|1759028299
|move|p2a: Bellossom|Dazzling Gleam|p1a: Zamazenta
|-supereffective|p1a: Zamazenta
|-damage|p1a: Zamazenta|0 fnt
|faint|p1a: Zamazenta
|
|upkeep
|
|t:|1759028311
|switch|p1a: Kingambit|Kingambit, M|100/100
|-activate|p1a: Kingambit|ability: Supreme Overlord
|-start|p1a: Kingambit|fallen3|[silent]
|-item|p1a: Kingambit|Air Balloon
|turn|16
|
|t:|1759028318
|move|p2a: Bellossom|Strength Sap|p1a: Kingambit
|-unboost|p1a: Kingambit|atk|1
|move|p1a: Kingambit|Iron Head|p2a: Bellossom
|-supereffective|p2a: Bellossom
|-damage|p2a: Bellossom|22/100
|
|-heal|p2a: Bellossom|28/100|[from] item: Leftovers
|upkeep
|turn|17
|
|t:|1759028329
|move|p2a: Bellossom|Strength Sap|p1a: Kingambit
|-unboost|p1a: Kingambit|atk|1
|-heal|p2a: Bellossom|100/100
|move|p1a: Kingambit|Iron Head|p2a: Bellossom
|-supereffective|p2a: Bellossom
|-damage|p2a: Bellossom|40/100
|
|-heal|p2a: Bellossom|46/100|[from] item: Leftovers
|upkeep
|turn|18
|
|t:|1759028341
|move|p2a: Bellossom|Strength Sap|p1a: Kingambit
|-unboost|p1a: Kingambit|atk|1
|-heal|p2a: Bellossom|100/100
|move|p1a: Kingambit|Swords Dance|p1a: Kingambit
|-boost|p1a: Kingambit|atk|2
|
|upkeep
|turn|19
|
|t:|1759028346
|move|p2a: Bellossom|Dazzling Gleam|p1a: Kingambit
|-damage|p1a: Kingambit|49/100
|-enditem|p1a: Kingambit|Air Balloon
|move|p1a: Kingambit|Swords Dance|p1a: Kingambit
|-boost|p1a: Kingambit|atk|2
|
|upkeep
|turn|20
|
|t:|1759028367
|move|p1a: Kingambit|Sucker Punch|p2a: Bellossom
|-resisted|p2a: Bellossom
|-damage|p2a: Bellossom|63/100
|move|p2a: Bellossom|Dazzling Gleam|p1a: Kingambit
|-damage|p1a: Kingambit|0 fnt
|faint|p1a: Kingambit
|-end|p1a: Kingambit|fallen3|[silent]
|
|-heal|p2a: Bellossom|69/100|[from] item: Leftovers
|upkeep
|
|t:|1759028370
|switch|p1a: Samurott|Samurott-Hisui, F, tera:Ground|100/100
|turn|21
|
|t:|1759028392
|move|p2a: Bellossom|Giga Drain|p1a: Samurott
|-supereffective|p1a: Samurott
|-damage|p1a: Samurott|17/100
|-heal|p2a: Bellossom|100/100|[from] drain|[of] p1a: Samurott
|move|p1a: Samurott|Razor Shell|p2a: Bellossom
|-damage|p2a: Bellossom|47/100
|-unboost|p2a: Bellossom|def|1
|
|-heal|p2a: Bellossom|53/100|[from] item: Leftovers
|upkeep
|turn|22
|
|t:|1759028400
|move|p1a: Samurott|Aqua Jet|p2a: Bellossom
|-damage|p2a: Bellossom|25/100
|move|p2a: Bellossom|Giga Drain|p1a: Samurott
|-supereffective|p1a: Samurott
|-damage|p1a: Samurott|0 fnt
|-heal|p2a: Bellossom|35/100|[from] drain|[of] p1a: Samurott
|faint|p1a: Samurott
|
|-heal|p2a: Bellossom|41/100|[from] item: Leftovers
|upkeep
|
|t:|1759028404
|switch|p1a: Zapdos|Zapdos|61/100
|turn|23
|
|t:|1759028418
|move|p2a: Bellossom|Dazzling Gleam|p1a: Zapdos
|-damage|p1a: Zapdos|2/100
|move|p1a: Zapdos|Hurricane|p2a: Bellossom|[miss]
|-miss|p1a: Zapdos|p2a: Bellossom
|
|-heal|p2a: Bellossom|47/100|[from] item: Leftovers
|upkeep
|turn|24
|
|t:|1759028424
|move|p2a: Bellossom|Dazzling Gleam|p1a: Zapdos
|-damage|p1a: Zapdos|0 fnt
|faint|p1a: Zapdos
|
|win|AnOriginalName3
|raw|GeekFam's rating: 1425 &rarr; <strong>1408</strong><br />(-17 for losing)
|raw|AnOriginalName3's rating: 1486 &rarr; <strong>1503</strong><br />(+17 for winning)
|l|☆GeekFam
|player|p1|
|l|☆AnOriginalName3
|player|p2|
