|j|☆Amongsusgyatt
|j|☆Zettaaa
|t:|1758965607
|gametype|singles
|player|p1|Amongsusgyatt|102|1299
|player|p2|Zettaaa|brawly|1235
|gen|9
|tier|[Gen 9] OU
|rated|
|rule|HP Percentage Mod: HP is shown in percentages
|rule|Endless Battle Clause: Forcing endless battles is banned
|rule|Species Clause: Limit one of each Pokémon
|rule|OHKO Clause: OHKO moves are banned
|rule|Evasion Items Clause: Evasion items are banned
|rule|Evasion Moves Clause: Evasion moves are banned
|rule|Evasion Abilities Clause: Evasion abilities are banned
|rule|Sleep Moves Clause: Sleep-inducing moves are banned
|clearpoke
|poke|p1|Ogerpon-Wellspring, F|
|poke|p1|Goodra-Hisui, F|
|poke|p1|Maushold|
|poke|p1|Clefable, F|
|poke|p1|Misdreavus, M|
|poke|p1|Gastrodon, M|
|poke|p2|Iron Boulder|
|poke|p2|Orthworm, F|
|poke|p2|Wo-Chien|
|poke|p2|Moltres|
|poke|p2|Spidops, M|
|poke|p2|Mimikyu, F|
|teampreview
|
|t:|1758965624
|teamsize|p1|6
|teamsize|p2|6
|start
|switch|p1a: Goodra|Goodra-Hisui, F|100/100
|switch|p2a: Spidops|Spidops, M|100/100
|turn|1
|
|t:|1758965631
|move|p1a: Goodra|Flamethrower|p2a: Spidops
|-supereffective|p2a: Spidops
|-damage|p2a: Spidops|27/100
|move|p2a: Spidops|Knock Off|p1a: Goodra
|-damage|p1a: Goodra|77/100
|-enditem|p1a: Goodra|Assault Vest|[from] move: Knock Off|[of] p2a: Spidops
|
|upkeep
|turn|2
|
|t:|1758965647
|switch|p2a: Moltres|Moltres|100/100
|move|p1a: Goodra|Flamethrower|p2a: Moltres
|-resisted|p2a: Moltres
|-damage|p2a: Moltres|82/100
|
|upkeep
|turn|3
|
|t:|1758965667
|move|p2a: Moltres|Scorching Sands|p1a: Goodra
|-supereffective|p1a: Goodra
|-damage|p1a: Goodra|46/100
|move|p1a: Goodra|Draco Meteor|p2a: Moltres
|-damage|p2a: Moltres|3/100
|-unboost|p1a: Goodra|spa|2
|
|upkeep
|turn|4
|
|t:|1758965681
|move|p2a: Moltres|Scorching Sands|p1a: Goodra
|-supereffective|p1a: Goodra
|-crit|p1a: Goodra
|-damage|p1a: Goodra|0 fnt
|faint|p1a: Goodra
|
|upkeep
|
|t:|1758965686
|switch|p1a: Ogerpon|Ogerpon-Wellspring, F|100/100
|turn|5
|
|t:|1758965690
|move|p1a: Ogerpon|Ivy Cudgel|p2a: Moltres|[anim] Ivy Cudgel Water
|-supereffective|p2a: Moltres
|-damage|p2a: Moltres|0 fnt
|faint|p2a: Moltres
|
|upkeep
|
|t:|1758965698
|switch|p2a: Wo-Chien|Wo-Chien|100/100
|-ability|p2a: Wo-Chien|Tablets of Ruin
|turn|6
|
|t:|1758965704
|move|p1a: Ogerpon|U-turn|p2a: Wo-Chien
|-supereffective|p2a: Wo-Chien
|-damage|p2a: Wo-Chien|41/100
|-damage|p1a: Ogerpon|84/100|[from] item: Rocky Helmet|[of] p2a: Wo-Chien
|
|t:|1758965709
|switch|p1a: Clefable|Clefable, F|100/100|[from] U-turn
|move|p2a: Wo-Chien|Leech Seed|p1a: Clefable
|-start|p1a: Clefable|move: Leech Seed
|
|upkeep
|turn|7
|
|t:|1758965715
|move|p2a: Wo-Chien|Taunt|p1a: Clefable
|-start|p1a: Clefable|move: Taunt
|move|p1a: Clefable|Moonblast|p2a: Wo-Chien
|-supereffective|p2a: Wo-Chien
|-damage|p2a: Wo-Chien|0 fnt
|faint|p2a: Wo-Chien
|
|upkeep
|
|t:|1758965731
|switch|p2a: Orthworm|Orthworm, F|100/100
|turn|8
|
|t:|1758965738
|switch|p1a: Gastrodon|Gastrodon, M|100/100
|move|p2a: Orthworm|Stealth Rock|p1a: Gastrodon
|-sidestart|p1: Amongsusgyatt|move: Stealth Rock
|
|upkeep
|turn|9
|
|t:|1758965754
|switch|p2a: Spidops|Spidops, M|27/100
|move|p1a: Gastrodon|Surf|p2a: Spidops
|-damage|p2a: Spidops|0 fnt
|faint|p2a: Spidops
|
|upkeep
|
|t:|1758965760
|switch|p2a: Mimikyu|Mimikyu, F|100/100
|turn|10
|
|t:|1758965766
|move|p2a: Mimikyu|Swords Dance|p2a: Mimikyu
|-boost|p2a: Mimikyu|atk|2
|move|p1a: Gastrodon|Surf|p2a: Mimikyu
|-activate|p2a: Mimikyu|ability: Disguise
|-damage|p2a: Mimikyu|100/100
|detailschange|p2a: Mimikyu|Mimikyu-Busted, F
|-damage|p2a: Mimikyu|88/100|[from] pokemon: Mimikyu-Busted
|
|upkeep
|turn|11
|
|t:|1758965777
|move|p2a: Mimikyu|Wood Hammer|p1a: Gastrodon
|-supereffective|p1a: Gastrodon
|-damage|p1a: Gastrodon|0 fnt
|faint|p1a: Gastrodon
|-damage|p2a: Mimikyu|32/100|[from] Recoil
|-damage|p2a: Mimikyu|22/100|[from] item: Life Orb
|
|upkeep
|
|t:|1758965781
|switch|p1a: Ogerpon|Ogerpon-Wellspring, F|84/100
|-damage|p1a: Ogerpon|72/100|[from] Stealth Rock
|turn|12
|
|t:|1758965789
|-terastallize|p2a: Mimikyu|Ghost
|move|p2a: Mimikyu|Shadow Sneak|p1a: Ogerpon
|-damage|p1a: Ogerpon|0 fnt
|faint|p1a: Ogerpon
|-damage|p2a: Mimikyu|12/100|[from] item: Life Orb
|
|upkeep
|
|t:|1758965794
|switch|p1a: Maushold|Maushold|100/100
|-damage|p1a: Maushold|88/100|[from] Stealth Rock
|turn|13
|
|t:|1758965804
|move|p1a: Maushold|Bite|p2a: Mimikyu
|-supereffective|p2a: Mimikyu
|-damage|p2a: Mimikyu|0 fnt
|faint|p2a: Mimikyu
|
|upkeep
|
|t:|1758965817
|switch|p2a: Orthworm|Orthworm, F|100/100
|turn|14
|
|t:|1758965825
|-terastallize|p1a: Maushold|Ghost
|move|p1a: Maushold|Tidy Up|p1a: Maushold
|-sideend|p1: Amongsusgyatt|Stealth Rock
|-activate|p1a: Maushold|move: Tidy Up
|-boost|p1a: Maushold|atk|1
|-boost|p1a: Maushold|spe|1
|move|p2a: Orthworm|Iron Defense|p2a: Orthworm
|-boost|p2a: Orthworm|def|2
|
|upkeep
|turn|15
|
|t:|1758965837
|move|p1a: Maushold|Encore|p2a: Orthworm
|-start|p2a: Orthworm|Encore
|move|p2a: Orthworm|Iron Defense|p2a: Orthworm
|-boost|p2a: Orthworm|def|2
|
|upkeep
|turn|16
|
|t:|1758965842
|move|p1a: Maushold|Tidy Up|p1a: Maushold
|-boost|p1a: Maushold|atk|1
|-boost|p1a: Maushold|spe|1
|move|p2a: Orthworm|Iron Defense|p2a: Orthworm
|-boost|p2a: Orthworm|def|2
|
|upkeep
|turn|17
|
|t:|1758965849
|move|p1a: Maushold|Tidy Up|p1a: Maushold
|-boost|p1a: Maushold|atk|1
|-boost|p1a: Maushold|spe|1
|move|p2a: Orthworm|Iron Defense|p2a: Orthworm
|-boost|p2a: Orthworm|def|0
|
|-end|p2a: Orthworm|Encore
|upkeep
|turn|18
|
|t:|1758965857
|move|p1a: Maushold|Encore|p2a: Orthworm
|-start|p2a: Orthworm|Encore
|move|p2a: Orthworm|Iron Defense|p2a: Orthworm
|-boost|p2a: Orthworm|def|0
|
|upkeep
|turn|19
|
|t:|1758965862
|switch|p2a: Iron Boulder|Iron Boulder|100/100
|move|p1a: Maushold|Tidy Up|p1a: Maushold
|-boost|p1a: Maushold|atk|1
|-boost|p1a: Maushold|spe|1
|
|upkeep
|turn|20
|
|t:|1758965869
|move|p1a: Maushold|Bite|p2a: Iron Boulder
|-supereffective|p2a: Iron Boulder
|-damage|p2a: Iron Boulder|0 fnt
|faint|p2a: Iron Boulder
|-end|p2a: Iron Boulder|Quark Drive|[silent]
|
|upkeep
|
|t:|1758965872
|switch|p2a: Orthworm|Orthworm, F|100/100
|turn|21
|
|t:|1758965874
|move|p1a: Maushold|Bite|p2a: Orthworm
|-damage|p2a: Orthworm|56/100
|move|p2a: Orthworm|Heavy Slam|p1a: Maushold
|-damage|p1a: Maushold|27/100
|
|-heal|p2a: Orthworm|62/100|[from] item: Leftovers
|upkeep
|turn|22
|
|t:|1758965879
|move|p1a: Maushold|Bite|p2a: Orthworm
|-damage|p2a: Orthworm|13/100
|cant|p2a: Orthworm|flinch
|
|-heal|p2a: Orthworm|19/100|[from] item: Leftovers
|upkeep
|turn|23
|
|t:|1758965884
|move|p1a: Maushold|Bite|p2a: Orthworm
|-damage|p2a: Orthworm|0 fnt
|faint|p2a: Orthworm
|
|win|Amongsusgyatt
|raw|Amongsusgyatt's rating: 1299 &rarr; <strong>1319</strong><br />(+20 for winning)
|raw|Zettaaa's rating: 1235 &rarr; <strong>1215</strong><br />(-20 for losing)
|l|☆Zettaaa
|player|p2|
|l|☆Amongsusgyatt
|player|p1|
