|j|☆uuggy2
|j|☆roryta
|t:|1759076358
|gametype|singles
|player|p1|uuggy2|169|1196
|player|p2|roryta|hilbert|1161
|gen|9
|tier|[Gen 9] OU
|rated|
|rule|HP Percentage Mod: HP is shown in percentages
|rule|Endless Battle Clause: Forcing endless battles is banned
|rule|Species Clause: Limit one of each Pokémon
|rule|OHKO Clause: OHKO moves are banned
|rule|Evasion Items Clause: Evasion items are banned
|rule|Evasion Moves Clause: Evasion moves are banned
|rule|Evasion Abilities Clause: Evasion abilities are banned
|rule|Sleep Moves Clause: Sleep-inducing moves are banned
|clearpoke
|poke|p1|Ninetales, F|
|poke|p1|Walking Wake|
|poke|p1|Great Tusk|
|poke|p1|Garganacl, M|
|poke|p1|Raging Bolt|
|poke|p1|Clefable, F|
|poke|p2|Kyurem|
|poke|p2|Darkrai|
|poke|p2|Iron Treads|
|poke|p2|Primarina, M|
|poke|p2|Whiscash, M|
|poke|p2|Infernape, F|
|teampreview
|inactive|Battle timer is ON: inactive players will automatically lose when time's up. (requested by roryta)
|
|t:|1759076362
|teamsize|p1|6
|teamsize|p2|6
|start
|switch|p1a: Ninetales|Ninetales, F|100/100
|switch|p2a: Darkrai|Darkrai|100/100
|-weather|SunnyDay|[from] ability: Drought|[of] p1a: Ninetales
|turn|1
|
|t:|1759076369
|move|p2a: Darkrai|Nasty Plot|p2a: Darkrai
|-boost|p2a: Darkrai|spa|2
|move|p1a: Ninetales|Overheat|p2a: Darkrai
|-damage|p2a: Darkrai|10/100
|-unboost|p1a: Ninetales|spa|2
|
|-weather|SunnyDay|[upkeep]
|upkeep
|turn|2
|
|t:|1759076378
|switch|p1a: Clefable|Clefable, F|100/100
|move|p2a: Darkrai|Dark Pulse|p1a: Clefable
|-resisted|p1a: Clefable
|-damage|p1a: Clefable|63/100
|-damage|p2a: Darkrai|0 fnt|[from] item: Life Orb
|faint|p2a: Darkrai
|
|-weather|SunnyDay|[upkeep]
|-heal|p1a: Clefable|70/100|[from] item: Leftovers
|upkeep
|
|t:|1759076387
|switch|p2a: Iron Treads|Iron Treads, shiny|100/100
|turn|3
|
|t:|1759076393
|switch|p1a: Walking Wake|Walking Wake|100/100
|-activate|p1a: Walking Wake|ability: Protosynthesis
|-start|p1a: Walking Wake|protosynthesisspe
|move|p2a: Iron Treads|Iron Head|p1a: Walking Wake
|-resisted|p1a: Walking Wake
|-damage|p1a: Walking Wake|79/100
|
|-weather|SunnyDay|[upkeep]
|upkeep
|turn|4
|
|t:|1759076402
|-end|p2a: Iron Treads|Quark Drive|[silent]
|switch|p2a: Primarina|Primarina, M, shiny|100/100
|move|p1a: Walking Wake|Flip Turn|p2a: Primarina
|-resisted|p2a: Primarina
|-damage|p2a: Primarina|96/100
|
|t:|1759076410
|-end|p1a: Walking Wake|Protosynthesis|[silent]
|switch|p1a: Garganacl|Garganacl, M|100/100|[from] Flip Turn
|
|-weather|SunnyDay|[upkeep]
|upkeep
|turn|5
|
|t:|1759076415
|move|p2a: Primarina|Surf|p1a: Garganacl
|-supereffective|p1a: Garganacl
|-damage|p1a: Garganacl|54/100
|move|p1a: Garganacl|Salt Cure|p2a: Primarina
|-damage|p2a: Primarina|77/100
|-start|p2a: Primarina|Salt Cure
|
|-weather|SunnyDay|[upkeep]
|-heal|p1a: Garganacl|60/100|[from] item: Leftovers
|-damage|p2a: Primarina|52/100|[from] Salt Cure
|upkeep
|turn|6
|
|t:|1759076423
|move|p2a: Primarina|Surf|p1a: Garganacl
|-supereffective|p1a: Garganacl
|-damage|p1a: Garganacl|17/100
|move|p1a: Garganacl|Recover|p1a: Garganacl
|-heal|p1a: Garganacl|67/100
|
|-weather|SunnyDay|[upkeep]
|-heal|p1a: Garganacl|73/100|[from] item: Leftovers
|-damage|p2a: Primarina|27/100|[from] Salt Cure
|upkeep
|turn|7
|
|t:|1759076428
|move|p1a: Garganacl|Protect|p1a: Garganacl
|-singleturn|p1a: Garganacl|Protect
|move|p2a: Primarina|Surf|p1a: Garganacl
|-activate|p1a: Garganacl|move: Protect
|
|-weather|SunnyDay|[upkeep]
|-heal|p1a: Garganacl|79/100|[from] item: Leftovers
|-damage|p2a: Primarina|2/100|[from] Salt Cure
|upkeep
|turn|8
|
|t:|1759076430
|move|p2a: Primarina|Surf|p1a: Garganacl
|-supereffective|p1a: Garganacl
|-damage|p1a: Garganacl|14/100
|move|p1a: Garganacl|Recover|p1a: Garganacl
|-heal|p1a: Garganacl|64/100
|
|-weather|none
|-heal|p1a: Garganacl|70/100|[from] item: Leftovers
|-damage|p2a: Primarina|0 fnt|[from] Salt Cure
|faint|p2a: Primarina
|upkeep
|
|t:|1759076435
|switch|p2a: Iron Treads|Iron Treads, shiny|100/100
|turn|9
|
|t:|1759076440
|move|p1a: Garganacl|Protect|p1a: Garganacl
|-singleturn|p1a: Garganacl|Protect
|move|p2a: Iron Treads|Earthquake|p1a: Garganacl
|-activate|p1a: Garganacl|move: Protect
|
|-heal|p1a: Garganacl|76/100|[from] item: Leftovers
|upkeep
|turn|10
|
|t:|1759076447
|switch|p1a: Great Tusk|Great Tusk|100/100
|move|p2a: Iron Treads|Iron Head|p1a: Great Tusk
|-damage|p1a: Great Tusk|70/100
|
|upkeep
|turn|11
|
|t:|1759076461
|move|p1a: Great Tusk|Rapid Spin|p2a: Iron Treads
|-resisted|p2a: Iron Treads
|-damage|p2a: Iron Treads|93/100
|-boost|p1a: Great Tusk|spe|1
|move|p2a: Iron Treads|Ice Spinner|p1a: Great Tusk
|-supereffective|p1a: Great Tusk
|-damage|p1a: Great Tusk|31/100
|
|upkeep
|turn|12
|
|t:|1759076468
|move|p1a: Great Tusk|Close Combat|p2a: Iron Treads
|-supereffective|p2a: Iron Treads
|-damage|p2a: Iron Treads|0 fnt
|-unboost|p1a: Great Tusk|def|1
|-unboost|p1a: Great Tusk|spd|1
|faint|p2a: Iron Treads
|-end|p2a: Iron Treads|Quark Drive|[silent]
|
|upkeep
|
|t:|1759076471
|switch|p2a: Infernape|Infernape, F|100/100
|turn|13
|
|t:|1759076477
|-end|p1a: Great Tusk|Protosynthesis|[silent]
|switch|p1a: Clefable|Clefable, F|70/100
|move|p2a: Infernape|Mach Punch|p1a: Clefable
|-resisted|p1a: Clefable
|-crit|p1a: Clefable
|-damage|p1a: Clefable|51/100
|
|-heal|p1a: Clefable|57/100|[from] item: Leftovers
|upkeep
|turn|14
|
|t:|1759076484
|move|p2a: Infernape|Raging Fury|p1a: Clefable
|-damage|p1a: Clefable|0 fnt
|faint|p1a: Clefable
|
|upkeep
|
|t:|1759076492
|switch|p1a: Ninetales|Ninetales, F|100/100
|-weather|SunnyDay|[from] ability: Drought|[of] p1a: Ninetales
|turn|15
|
|t:|1759076496
|move|p1a: Ninetales|Healing Wish|p1a: Ninetales
|faint|p1a: Ninetales
|move|p2a: Infernape|Raging Fury|p1: Ninetales|[from] lockedmove|[notarget]
|-fail|p2a: Infernape
|
|-weather|SunnyDay|[upkeep]
|upkeep
|
|t:|1759076503
|switch|p1a: Great Tusk|Great Tusk|31/100
|-heal|p1a: Great Tusk|100/100|[from] move: Healing Wish
|-activate|p1a: Great Tusk|ability: Protosynthesis
|-start|p1a: Great Tusk|protosynthesisatk
|turn|16
|
|t:|1759076511
|switch|p2a: Whiscash|Whiscash, M|100/100
|move|p1a: Great Tusk|Rapid Spin|p2a: Whiscash
|-damage|p2a: Whiscash|76/100
|-boost|p1a: Great Tusk|spe|1
|
|-weather|SunnyDay|[upkeep]
|-heal|p2a: Whiscash|82/100|[from] item: Leftovers
|upkeep
|turn|17
|
|t:|1759076517
|move|p1a: Great Tusk|Close Combat|p2a: Whiscash
|-damage|p2a: Whiscash|0 fnt
|-unboost|p1a: Great Tusk|def|1
|-unboost|p1a: Great Tusk|spd|1
|faint|p2a: Whiscash
|
|-weather|SunnyDay|[upkeep]
|upkeep
|
|t:|1759076520
|switch|p2a: Infernape|Infernape, F|100/100
|turn|18
|
|t:|1759076523
|move|p2a: Infernape|Mach Punch|p1a: Great Tusk
|-damage|p1a: Great Tusk|74/100
|move|p1a: Great Tusk|Headlong Rush|p2a: Infernape
|-supereffective|p2a: Infernape
|-damage|p2a: Infernape|0 fnt
|-unboost|p1a: Great Tusk|def|1
|-unboost|p1a: Great Tusk|spd|1
|faint|p2a: Infernape
|
|-weather|SunnyDay|[upkeep]
|upkeep
|
|t:|1759076525
|switch|p2a: Kyurem|Kyurem, shiny|100/100
|-ability|p2a: Kyurem|Pressure
|turn|19
|
|t:|1759076534
|move|p1a: Great Tusk|Close Combat|p2a: Kyurem
|-supereffective|p2a: Kyurem
|-damage|p2a: Kyurem|0 fnt
|-unboost|p1a: Great Tusk|def|1
|-unboost|p1a: Great Tusk|spd|1
|faint|p2a: Kyurem
|
|win|uuggy2
|raw|uuggy2's rating: 1196 &rarr; <strong>1218</strong><br />(+22 for winning)
|raw|roryta's rating: 1161 &rarr; <strong>1139</strong><br />(-22 for losing)
|l|☆roryta
|player|p2|
|l|☆uuggy2
|player|p1|
