|badge|p1|silver|gen9ou|30-6
|html|<div class="broadcast-red"><strong>This battle is required to be public due to one or more player having a season medal.</strong><br />During the public phase, you can discuss the state of the ladder <a href="/seasondiscussion">in a special chatroom.</a></div>
|uhtml|medal-msg|<div class="broadcast-blue">Curious what those medals under the avatar are? PS now has Ladder Seasons! For more information, check out the <a href="https://www.smogon.com/forums/threads/3740067/">thread on Smogon.</a></div>
|raw|<div class="broadcast-blue"><strong>This battle is required to be public due to a player having a name starting with 'medal'.</div>
|j|☆LT124YH Ghoul
|j|☆MunchlaxTheGodKing
|t:|1758990999
|gametype|singles
|player|p1|LT124YH Ghoul|#wcop2024asia|1908
|player|p2|MunchlaxTheGodKing|furisodegirl-black|1809
|gen|9
|tier|[Gen 9] OU
|rated|
|rule|HP Percentage Mod: HP is shown in percentages
|rule|Endless Battle Clause: Forcing endless battles is banned
|rule|Species Clause: Limit one of each Pokémon
|rule|OHKO Clause: OHKO moves are banned
|rule|Evasion Items Clause: Evasion items are banned
|rule|Evasion Moves Clause: Evasion moves are banned
|rule|Evasion Abilities Clause: Evasion abilities are banned
|rule|Sleep Moves Clause: Sleep-inducing moves are banned
|clearpoke
|poke|p1|Enamorus, F|
|poke|p1|Araquanid, M|
|poke|p1|Gholdengo|
|poke|p1|Iron Valiant|
|poke|p1|Kingambit, M|
|poke|p1|Great Tusk|
|poke|p2|Zamazenta-*|
|poke|p2|Dragapult, M|
|poke|p2|Raging Bolt|
|poke|p2|Moltres|
|poke|p2|Iron Treads|
|poke|p2|Samurott-Hisui, F|
|teampreview
|inactive|Battle timer is ON: inactive players will automatically lose when time's up. (requested by LT124YH Ghoul)
|inactive|MunchlaxTheGodKing also wants the timer to be on.
|j| Trishan007
|
|t:|1758991015
|teamsize|p1|6
|teamsize|p2|6
|start
|switch|p1a: Doc Seismic|Araquanid, M, shiny|100/100
|switch|p2a: 90%≠don't blunder|Samurott-Hisui, F|100/100
|turn|1
|j| FaronAan
|
|t:|1758991033
|move|p2a: 90%≠don't blunder|Ceaseless Edge|p1a: Doc Seismic
|-damage|p1a: Doc Seismic|5/100
|-sidestart|p1: LT124YH Ghoul|Spikes
|move|p1a: Doc Seismic|Lunge|p2a: 90%≠don't blunder
|-supereffective|p2a: 90%≠don't blunder
|-damage|p2a: 90%≠don't blunder|16/100
|-unboost|p2a: 90%≠don't blunder|atk|1
|
|upkeep
|turn|2
|j| Veacter
|-enditem|p1a: Doc Seismic|Custap Berry|[eat]
|-activate|p1a: Doc Seismic|item: Custap Berry|[consumed]
|
|t:|1758991058
|switch|p2a: 长脖奶龙|Raging Bolt|100/100
|move|p1a: Doc Seismic|Sticky Web|p2a: 长脖奶龙
|-sidestart|p2: MunchlaxTheGodKing|move: Sticky Web
|
|upkeep
|turn|3
|j| wgw2333
|
|t:|1758991064
|move|p2a: 长脖奶龙|Volt Switch|p1a: Doc Seismic
|-supereffective|p1a: Doc Seismic
|-damage|p1a: Doc Seismic|0 fnt
|faint|p1a: Doc Seismic
|j| Terrible Tudors
|
|t:|1758991076
|-end|p2a: 长脖奶龙|Protosynthesis|[silent]
|switch|p2a: Moltres|Moltres|100/100|[from] Volt Switch
|
|upkeep
|
|t:|1758991103
|switch|p1a: Invincible|Great Tusk|100/100
|-damage|p1a: Invincible|88/100|[from] Spikes
|-enditem|p1a: Invincible|Booster Energy
|-activate|p1a: Invincible|ability: Protosynthesis|[fromitem]
|-start|p1a: Invincible|protosynthesisspe
|turn|4
|
|t:|1758991108
|move|p1a: Invincible|Head Smash|p2a: Moltres
|-supereffective|p2a: Moltres
|-damage|p2a: Moltres|0 fnt
|faint|p2a: Moltres
|-damage|p1a: Invincible|46/100|[from] Recoil
|
|upkeep
|
|t:|1758991111
|switch|p2a: 24岁 喜欢发射孩子|Dragapult, M|100/100
|-activate|p2a: 24岁 喜欢发射孩子|move: Sticky Web
|-fail|p2a: 24岁 喜欢发射孩子|unboost|[from] ability: Clear Body|[of] p2a: 24岁 喜欢发射孩子
|turn|5
|
|t:|1758991113
|move|p1a: Invincible|Knock Off|p2a: 24岁 喜欢发射孩子
|-supereffective|p2a: 24岁 喜欢发射孩子
|-damage|p2a: 24岁 喜欢发射孩子|24/100
|-enditem|p2a: 24岁 喜欢发射孩子|Choice Specs|[from] move: Knock Off|[of] p1a: Invincible
|move|p2a: 24岁 喜欢发射孩子|Fire Blast|p1a: Invincible
|-damage|p1a: Invincible|3/100
|
|upkeep
|turn|6
|
|t:|1758991119
|switch|p2a: 踩踩背|Iron Treads|100/100
|-activate|p2a: 踩踩背|move: Sticky Web
|-unboost|p2a: 踩踩背|spe|1
|move|p1a: Invincible|Knock Off|p2a: 踩踩背
|-damage|p2a: 踩踩背|78/100
|-enditem|p2a: 踩踩背|Leftovers|[from] move: Knock Off|[of] p1a: Invincible
|
|upkeep
|turn|7
|
|t:|1758991124
|move|p1a: Invincible|Headlong Rush|p2a: 踩踩背
|-supereffective|p2a: 踩踩背
|-damage|p2a: 踩踩背|4/100
|-unboost|p1a: Invincible|def|1
|-unboost|p1a: Invincible|spd|1
|move|p2a: 踩踩背|Rapid Spin|p1a: Invincible
|-damage|p1a: Invincible|0 fnt
|-boost|p2a: 踩踩背|spe|1
|-sideend|p2: MunchlaxTheGodKing|Sticky Web|[from] move: Rapid Spin|[of] p2a: 踩踩背
|faint|p1a: Invincible
|-end|p1a: Invincible|Protosynthesis|[silent]
|
|upkeep
|
|t:|1758991137
|switch|p1a: Conquest|Enamorus, F|100/100
|turn|8
|inactive|MunchlaxTheGodKing has 120 seconds left.
|
|t:|1758991189
|move|p1a: Conquest|Superpower|p2a: 踩踩背
|-supereffective|p2a: 踩踩背
|-damage|p2a: 踩踩背|0 fnt
|-boost|p1a: Conquest|atk|1
|-boost|p1a: Conquest|def|1
|faint|p2a: 踩踩背
|-end|p2a: 踩踩背|Quark Drive|[silent]
|
|upkeep
|
|t:|1758991197
|switch|p2a: 长脖奶龙|Raging Bolt|100/100
|turn|9
|inactive|LT124YH Ghoul has 120 seconds left.
|
|t:|1758991232
|-terastallize|p2a: 长脖奶龙|Fairy
|move|p1a: Conquest|Substitute|p1a: Conquest
|-start|p1a: Conquest|Substitute
|-damage|p1a: Conquest|76/100
|move|p2a: 长脖奶龙|Thunderbolt|p1a: Conquest
|-supereffective|p1a: Conquest
|-end|p1a: Conquest|Substitute
|
|-heal|p1a: Conquest|82/100|[from] item: Leftovers
|upkeep
|turn|10
|inactive|LT124YH Ghoul has 120 seconds left.
|
|t:|1758991240
|move|p1a: Conquest|Moonblast|p2a: 长脖奶龙
|-damage|p2a: 长脖奶龙|57/100
|-unboost|p2a: 长脖奶龙|spa|1
|move|p2a: 长脖奶龙|Volt Switch|p1a: Conquest
|-supereffective|p1a: Conquest
|-damage|p1a: Conquest|6/100
|
|t:|1758991245
|-end|p2a: 长脖奶龙|Protosynthesis|[silent]
|switch|p2a: 24岁 喜欢发射孩子|Dragapult, M|24/100|[from] Volt Switch
|
|-heal|p1a: Conquest|13/100|[from] item: Leftovers
|upkeep
|turn|11
|
|t:|1758991260
|move|p2a: 24岁 喜欢发射孩子|Shadow Ball|p1a: Conquest
|-damage|p1a: Conquest|0 fnt
|faint|p1a: Conquest
|
|upkeep
|inactive|LT124YH Ghoul has 120 seconds left.
|
|t:|1758991281
|switch|p1a: Omni-Man|Kingambit, M|100/100
|-activate|p1a: Omni-Man|ability: Supreme Overlord
|-start|p1a: Omni-Man|fallen3|[silent]
|-item|p1a: Omni-Man|Air Balloon
|turn|12
|
|t:|1758991287
|move|p1a: Omni-Man|Sucker Punch|p2a: 24岁 喜欢发射孩子
|-supereffective|p2a: 24岁 喜欢发射孩子
|-damage|p2a: 24岁 喜欢发射孩子|0 fnt
|faint|p2a: 24岁 喜欢发射孩子
|
|upkeep
|
|t:|1758991291
|switch|p2a: 长脖奶龙|Raging Bolt, tera:Fairy|57/100
|turn|13
|
|t:|1758991297
|move|p2a: 长脖奶龙|Volt Switch|p1a: Omni-Man
|-damage|p1a: Omni-Man|48/100
|-enditem|p1a: Omni-Man|Air Balloon
|
|t:|1758991300
|-end|p2a: 长脖奶龙|Protosynthesis|[silent]
|switch|p2a: 脑袋尖尖的|Zamazenta|100/100|[from] Volt Switch
|-ability|p2a: 脑袋尖尖的|Dauntless Shield|boost
|-boost|p2a: 脑袋尖尖的|def|1
|move|p1a: Omni-Man|Iron Head|p2a: 脑袋尖尖的
|-damage|p2a: 脑袋尖尖的|69/100
|
|upkeep
|turn|14
|
|t:|1758991308
|move|p2a: 脑袋尖尖的|Close Combat|p1a: Omni-Man
|-supereffective|p1a: Omni-Man
|-damage|p1a: Omni-Man|0 fnt
|-unboost|p2a: 脑袋尖尖的|def|1
|-unboost|p2a: 脑袋尖尖的|spd|1
|faint|p1a: Omni-Man
|-end|p1a: Omni-Man|fallen3|[silent]
|-damage|p2a: 脑袋尖尖的|60/100|[from] item: Life Orb
|
|upkeep
|
|t:|1758991315
|switch|p1a: Robot|Gholdengo|100/100
|-damage|p1a: Robot|88/100|[from] Spikes
|turn|15
|c|☆LT124YH Ghoul|t
|inactive|MunchlaxTheGodKing has 120 seconds left.
|
|t:|1758991349
|switch|p2a: 长脖奶龙|Raging Bolt, tera:Fairy|57/100
|move|p1a: Robot|Make It Rain|p2a: 长脖奶龙
|-supereffective|p2a: 长脖奶龙
|-damage|p2a: 长脖奶龙|0 fnt
|-unboost|p1a: Robot|spa|1
|faint|p2a: 长脖奶龙
|-end|p2a: 长脖奶龙|Protosynthesis|[silent]
|
|upkeep
|
|t:|1758991352
|switch|p2a: 90%≠don't blunder|Samurott-Hisui, F|16/100
|turn|16
|j| Duckycrater
|
|t:|1758991363
|move|p2a: 90%≠don't blunder|Razor Shell|p1a: Robot
|-crit|p1a: Robot
|-damage|p1a: Robot|0 fnt
|faint|p1a: Robot
|
|upkeep
|
|t:|1758991366
|switch|p1a: Atom Eve|Iron Valiant|100/100
|-damage|p1a: Atom Eve|88/100|[from] Spikes
|-enditem|p1a: Atom Eve|Booster Energy
|-activate|p1a: Atom Eve|ability: Quark Drive|[fromitem]
|-start|p1a: Atom Eve|quarkdrivespa
|turn|17
|
|t:|1758991370
|move|p1a: Atom Eve|Vacuum Wave|p2a: 90%≠don't blunder
|-supereffective|p2a: 90%≠don't blunder
|-damage|p2a: 90%≠don't blunder|0 fnt
|faint|p2a: 90%≠don't blunder
|
|upkeep
|
|t:|1758991371
|switch|p2a: 脑袋尖尖的|Zamazenta|60/100
|turn|18
|
|t:|1758991374
|-terastallize|p1a: Atom Eve|Electric
|move|p2a: 脑袋尖尖的|Psychic Fangs|p1a: Atom Eve
|-damage|p1a: Atom Eve|44/100
|-damage|p2a: 脑袋尖尖的|50/100|[from] item: Life Orb
|move|p1a: Atom Eve|Moonblast|p2a: 脑袋尖尖的
|-supereffective|p2a: 脑袋尖尖的
|-damage|p2a: 脑袋尖尖的|0 fnt
|faint|p2a: 脑袋尖尖的
|
|win|LT124YH Ghoul
|raw|LT124YH Ghoul's rating: 1908 &rarr; <strong>1923</strong><br />(+15 for winning)
|raw|MunchlaxTheGodKing's rating: 1825 &rarr; <strong>1810</strong><br />(-15 for losing)
