|j|☆aeyamq
|j|☆frogwithaknife
|t:|1759045282
|gametype|singles
|player|p1|aeyamq|drayden|1409
|player|p2|frogwithaknife|adaman|1449
|gen|9
|tier|[Gen 9] OU
|rated|
|rule|HP Percentage Mod: HP is shown in percentages
|rule|Endless Battle Clause: Forcing endless battles is banned
|rule|Species Clause: Limit one of each Pokémon
|rule|OHKO Clause: OHKO moves are banned
|rule|Evasion Items Clause: Evasion items are banned
|rule|Evasion Moves Clause: Evasion moves are banned
|rule|Evasion Abilities Clause: Evasion abilities are banned
|rule|Sleep Moves Clause: Sleep-inducing moves are banned
|clearpoke
|poke|p1|Rotom-Wash|
|poke|p1|Ogerpon-Wellspring, F|
|poke|p1|Iron Treads|
|poke|p1|Dragonite, M|
|poke|p1|Hoopa-Unbound|
|poke|p1|Pecharunt|
|poke|p2|Kommo-o, F|
|poke|p2|Iron Moth|
|poke|p2|Iron Treads|
|poke|p2|Ogerpon-Wellspring, F|
|poke|p2|Enamorus, F|
|poke|p2|Metagross|
|teampreview
|inactive|Battle timer is ON: inactive players will automatically lose when time's up. (requested by aeyamq)
|
|t:|1759045290
|teamsize|p1|6
|teamsize|p2|6
|start
|switch|p1a: Rotom|Rotom-Wash|100/100
|switch|p2a: Iron Treads|Iron Treads|100/100
|-enditem|p2a: Iron Treads|Booster Energy
|-activate|p2a: Iron Treads|ability: Quark Drive|[fromitem]
|-start|p2a: Iron Treads|quarkdrivespe
|turn|1
|
|t:|1759045300
|move|p2a: Iron Treads|Stealth Rock|p1a: Rotom
|-sidestart|p1: aeyamq|move: Stealth Rock
|move|p1a: Rotom|Hydro Pump|p2a: Iron Treads|[miss]
|-miss|p1a: Rotom|p2a: Iron Treads
|
|upkeep
|turn|2
|
|t:|1759045316
|-end|p2a: Iron Treads|Quark Drive|[silent]
|switch|p2a: Kommo-o|Kommo-o, F|100/100
|move|p1a: Rotom|Will-O-Wisp|p2a: Kommo-o
|-status|p2a: Kommo-o|brn
|
|-damage|p2a: Kommo-o|94/100 brn|[from] brn
|upkeep
|turn|3
|
|t:|1759045323
|move|p2a: Kommo-o|Clangorous Soul|p2a: Kommo-o
|-boost|p2a: Kommo-o|atk|1
|-boost|p2a: Kommo-o|def|1
|-boost|p2a: Kommo-o|spa|1
|-boost|p2a: Kommo-o|spd|1
|-boost|p2a: Kommo-o|spe|1
|-damage|p2a: Kommo-o|61/100 brn
|move|p1a: Rotom|Volt Switch|p2a: Kommo-o
|-resisted|p2a: Kommo-o
|-damage|p2a: Kommo-o|47/100 brn
|
|t:|1759045337
|switch|p1a: Pecharunt|Pecharunt|100/100|[from] Volt Switch
|-damage|p1a: Pecharunt|88/100|[from] Stealth Rock
|
|-damage|p2a: Kommo-o|41/100 brn|[from] brn
|upkeep
|turn|4
|
|t:|1759045353
|move|p2a: Kommo-o|Flamethrower|p1a: Pecharunt
|-damage|p1a: Pecharunt|49/100
|move|p1a: Pecharunt|Hex|p2a: Kommo-o
|-damage|p2a: Kommo-o|2/100 brn
|
|-damage|p2a: Kommo-o|0 fnt|[from] brn
|faint|p2a: Kommo-o
|upkeep
|inactive|frogwithaknife has 120 seconds left.
|
|t:|1759045380
|switch|p2a: Iron Moth|Iron Moth|100/100
|-enditem|p2a: Iron Moth|Booster Energy
|-activate|p2a: Iron Moth|ability: Quark Drive|[fromitem]
|-start|p2a: Iron Moth|quarkdrivespe
|turn|5
|
|t:|1759045396
|move|p2a: Iron Moth|Substitute|p2a: Iron Moth
|-start|p2a: Iron Moth|Substitute
|-damage|p2a: Iron Moth|76/100
|move|p1a: Pecharunt|Recover|p1a: Pecharunt
|-heal|p1a: Pecharunt|99/100
|
|upkeep
|turn|6
|
|t:|1759045402
|move|p2a: Iron Moth|Fiery Dance|p1a: Pecharunt
|-damage|p1a: Pecharunt|57/100
|-boost|p2a: Iron Moth|spa|1
|move|p1a: Pecharunt|Parting Shot|p2a: Iron Moth
|-unboost|p2a: Iron Moth|atk|1
|-unboost|p2a: Iron Moth|spa|1
|
|t:|1759045416
|switch|p1a: Dragonite|Dragonite, M|100/100|[from] Parting Shot
|
|upkeep
|turn|7
|
|t:|1759045423
|move|p2a: Iron Moth|Fiery Dance|p1a: Dragonite
|-resisted|p1a: Dragonite
|-damage|p1a: Dragonite|89/100
|-boost|p2a: Iron Moth|spa|1
|move|p1a: Dragonite|Earthquake|p2a: Iron Moth
|-supereffective|p2a: Iron Moth
|-end|p2a: Iron Moth|Substitute
|
|upkeep
|turn|8
|
|t:|1759045438
|-terastallize|p2a: Iron Moth|Fairy
|move|p2a: Iron Moth|Dazzling Gleam|p1a: Dragonite
|-supereffective|p1a: Dragonite
|-damage|p1a: Dragonite|0 fnt
|faint|p1a: Dragonite
|
|upkeep
|inactive|aeyamq has 120 seconds left.
|
|t:|1759045474
|switch|p1a: Rotom|Rotom-Wash|100/100
|-damage|p1a: Rotom|88/100|[from] Stealth Rock
|turn|9
|
|t:|1759045487
|move|p2a: Iron Moth|Fiery Dance|p1a: Rotom
|-resisted|p1a: Rotom
|-damage|p1a: Rotom|57/100
|move|p1a: Rotom|Thunder Wave|p2a: Iron Moth
|-status|p2a: Iron Moth|par
|
|-heal|p1a: Rotom|63/100|[from] item: Leftovers
|upkeep
|turn|10
|
|t:|1759045495
|move|p2a: Iron Moth|Sludge Wave|p1a: Rotom
|-damage|p1a: Rotom|0 fnt
|faint|p1a: Rotom
|
|upkeep
|
|t:|1759045504
|switch|p1a: Hoopa|Hoopa-Unbound|100/100
|-damage|p1a: Hoopa|88/100|[from] Stealth Rock
|turn|11
|inactive|frogwithaknife has 120 seconds left.
|inactive|frogwithaknife has 90 seconds left.
|inactive|frogwithaknife has 60 seconds left.
|
|t:|1759045605
|move|p2a: Iron Moth|Dazzling Gleam|p1a: Hoopa
|-supereffective|p1a: Hoopa
|-damage|p1a: Hoopa|25/100
|move|p1a: Hoopa|Psychic Noise|p2a: Iron Moth
|-damage|p2a: Iron Moth|17/100 par
|-start|p2a: Iron Moth|move: Heal Block
|
|upkeep
|turn|12
|
|t:|1759045630
|-terastallize|p1a: Hoopa|Poison
|move|p2a: Iron Moth|Fiery Dance|p1a: Hoopa
|-damage|p1a: Hoopa|0 fnt
|faint|p1a: Hoopa
|
|-end|p2a: Iron Moth|move: Heal Block
|upkeep
|
|t:|1759045637
|switch|p1a: Ogerpon|Ogerpon-Wellspring, F|100/100
|-damage|p1a: Ogerpon|88/100|[from] Stealth Rock
|turn|13
|
|t:|1759045641
|move|p1a: Ogerpon|Ivy Cudgel|p2a: Iron Moth|[anim] Ivy Cudgel Water
|-damage|p2a: Iron Moth|0 fnt
|faint|p2a: Iron Moth
|-end|p2a: Iron Moth|Quark Drive|[silent]
|
|upkeep
|inactive|frogwithaknife has 60 seconds left.
|
|t:|1759045663
|switch|p2a: Metagross|Metagross|100/100
|turn|14
|
|t:|1759045668
|move|p1a: Ogerpon|Knock Off|p2a: Metagross
|-supereffective|p2a: Metagross
|-damage|p2a: Metagross|45/100
|-enditem|p2a: Metagross|Choice Band|[from] move: Knock Off|[of] p1a: Ogerpon
|move|p2a: Metagross|Psychic Fangs|p1a: Ogerpon
|-damage|p1a: Ogerpon|22/100
|
|upkeep
|turn|15
|inactive|frogwithaknife has 60 seconds left.
|
|t:|1759045704
|move|p1a: Ogerpon|Ivy Cudgel|p2a: Metagross|[anim] Ivy Cudgel Water
|-damage|p2a: Metagross|0 fnt
|faint|p2a: Metagross
|
|upkeep
|
|t:|1759045710
|switch|p2a: Ogerpon|Ogerpon-Wellspring, F|100/100
|turn|16
|
|t:|1759045722
|move|p1a: Ogerpon|Horn Leech|p2a: Ogerpon
|-damage|p2a: Ogerpon|39/100
|-heal|p1a: Ogerpon|54/100|[from] drain|[of] p2a: Ogerpon
|move|p2a: Ogerpon|Trailblaze|p1a: Ogerpon
|-damage|p1a: Ogerpon|13/100
|-boost|p2a: Ogerpon|spe|1
|
|upkeep
|turn|17
|
|t:|1759045734
|move|p2a: Ogerpon|Trailblaze|p1a: Ogerpon
|-damage|p1a: Ogerpon|0 fnt
|-boost|p2a: Ogerpon|spe|1
|faint|p1a: Ogerpon
|
|upkeep
|
|t:|1759045741
|switch|p1a: Pecharunt|Pecharunt|57/100
|-damage|p1a: Pecharunt|45/100|[from] Stealth Rock
|turn|18
|
|t:|1759045750
|switch|p2a: Iron Treads|Iron Treads|100/100
|move|p1a: Pecharunt|Malignant Chain|p2a: Iron Treads
|-immune|p2a: Iron Treads
|
|upkeep
|turn|19
|inactive|frogwithaknife has 60 seconds left.
|
|t:|1759045758
|move|p2a: Iron Treads|Earth Power|p1a: Pecharunt
|-supereffective|p1a: Pecharunt
|-damage|p1a: Pecharunt|0 fnt
|faint|p1a: Pecharunt
|
|upkeep
|
|t:|1759045762
|switch|p1a: Iron Treads|Iron Treads|100/100
|-damage|p1a: Iron Treads|97/100|[from] Stealth Rock
|turn|20
|
|t:|1759045767
|move|p2a: Iron Treads|Earth Power|p1a: Iron Treads
|-supereffective|p1a: Iron Treads
|-crit|p1a: Iron Treads
|-damage|p1a: Iron Treads|0 fnt
|faint|p1a: Iron Treads
|-end|p1a: Iron Treads|Quark Drive|[silent]
|
|win|frogwithaknife
|raw|aeyamq's rating: 1409 &rarr; <strong>1391</strong><br />(-18 for losing)
|raw|frogwithaknife's rating: 1449 &rarr; <strong>1467</strong><br />(+18 for winning)
|c|☆frogwithaknife|gg
|l|☆aeyamq
|player|p1|
