|j|☆Shibuya Arc
|j|☆garg is back
|t:|1758922912
|gametype|singles
|player|p1|Shibuya Arc|265|1621
|player|p2|garg is back|ninjaboy|1583
|gen|9
|tier|[Gen 9] OU
|rated|
|rule|HP Percentage Mod: HP is shown in percentages
|rule|Endless Battle Clause: Forcing endless battles is banned
|rule|Species Clause: Limit one of each Pokémon
|rule|OHKO Clause: OHKO moves are banned
|rule|Evasion Items Clause: Evasion items are banned
|rule|Evasion Moves Clause: Evasion moves are banned
|rule|Evasion Abilities Clause: Evasion abilities are banned
|rule|Sleep Moves Clause: Sleep-inducing moves are banned
|clearpoke
|poke|p1|Dragapult, F|
|poke|p1|Dragonite, F|
|poke|p1|Ting-Lu|
|poke|p1|Weezing-Galar, F|
|poke|p1|Iron Crown|
|poke|p1|Zapdos|
|poke|p2|Meowscarada, F|
|poke|p2|Corviknight, M|
|poke|p2|Uxie|
|poke|p2|Iron Valiant|
|poke|p2|Dragapult, F|
|poke|p2|Alomomola, M|
|teampreview
|
|t:|1758922921
|teamsize|p1|6
|teamsize|p2|6
|start
|switch|p1a: Iron Crown|Iron Crown|100/100
|switch|p2a: Uxie|Uxie|100/100
|turn|1
|inactive|Battle timer is ON: inactive players will automatically lose when time's up. (requested by Shibuya Arc)
|
|t:|1758922929
|move|p1a: Iron Crown|Tachyon Cutter|p2a: Uxie
|-damage|p2a: Uxie|78/100
|-damage|p2a: Uxie|55/100
|-hitcount|p2a: Uxie|2
|move|p2a: Uxie|Stealth Rock|p1a: Iron Crown
|-sidestart|p1: Shibuya Arc|move: Stealth Rock
|
|-heal|p2a: Uxie|61/100|[from] item: Leftovers
|upkeep
|turn|2
|
|t:|1758922936
|move|p1a: Iron Crown|Tachyon Cutter|p2a: Uxie
|-damage|p2a: Uxie|41/100
|-damage|p2a: Uxie|20/100
|-hitcount|p2a: Uxie|2
|move|p2a: Uxie|U-turn|p1a: Iron Crown
|-damage|p1a: Iron Crown|86/100
|
|t:|1758922939
|switch|p2a: Meowscarada|Meowscarada, F|100/100|[from] U-turn
|
|upkeep
|turn|3
|
|t:|1758922945
|-terastallize|p1a: Iron Crown|Steel
|move|p2a: Meowscarada|Knock Off|p1a: Iron Crown
|-start|p2a: Meowscarada|typechange|Dark|[from] ability: Protean
|-damage|p1a: Iron Crown|41/100
|-enditem|p1a: Iron Crown|Choice Specs|[from] move: Knock Off|[of] p2a: Meowscarada
|move|p1a: Iron Crown|Tachyon Cutter|p2a: Meowscarada
|-damage|p2a: Meowscarada|51/100
|-damage|p2a: Meowscarada|2/100
|-hitcount|p2a: Meowscarada|2
|
|upkeep
|turn|4
|j| Rizzofreko
|
|t:|1758922955
|switch|p2a: Alomomola|Alomomola, M|100/100
|move|p1a: Iron Crown|Volt Switch|p2a: Alomomola
|-supereffective|p2a: Alomomola
|-damage|p2a: Alomomola|55/100
|
|t:|1758922966
|-end|p1a: Iron Crown|Quark Drive|[silent]
|switch|p1a: Zapdos|Zapdos|100/100|[from] Volt Switch
|
|upkeep
|turn|5
|
|t:|1758922972
|switch|p2a: Uxie|Uxie|20/100
|move|p1a: Zapdos|Volt Switch|p2a: Uxie
|-damage|p2a: Uxie|0 fnt
|faint|p2a: Uxie
|
|t:|1758922978
|switch|p1a: Iron Crown|Iron Crown, tera:Steel|41/100|[from] Volt Switch
|-damage|p1a: Iron Crown|34/100|[from] Stealth Rock
|
|upkeep
|
|t:|1758922982
|switch|p2a: Iron Valiant|Iron Valiant|100/100
|turn|6
|l| Rizzofreko
|
|t:|1758922987
|move|p2a: Iron Valiant|Moonblast|p1a: Iron Crown
|-resisted|p1a: Iron Crown
|-damage|p1a: Iron Crown|0 fnt
|faint|p1a: Iron Crown
|-end|p1a: Iron Crown|Quark Drive|[silent]
|
|upkeep
|
|t:|1758922995
|switch|p1a: Zapdos|Zapdos|100/100
|turn|7
|
|t:|1758923004
|-end|p2a: Iron Valiant|Quark Drive|[silent]
|switch|p2a: Meowscarada|Meowscarada, F|2/100
|move|p1a: Zapdos|Volt Switch|p2a: Meowscarada
|-resisted|p2a: Meowscarada
|-damage|p2a: Meowscarada|0 fnt
|faint|p2a: Meowscarada
|
|t:|1758923011
|switch|p1a: Ting-Lu|Ting-Lu|100/100|[from] Volt Switch
|-damage|p1a: Ting-Lu|94/100|[from] Stealth Rock
|-ability|p1a: Ting-Lu|Vessel of Ruin
|
|-heal|p1a: Ting-Lu|100/100|[from] item: Leftovers
|upkeep
|
|t:|1758923015
|switch|p2a: Iron Valiant|Iron Valiant|100/100
|turn|8
|
|t:|1758923021
|move|p2a: Iron Valiant|Moonblast|p1a: Ting-Lu
|-supereffective|p1a: Ting-Lu
|-damage|p1a: Ting-Lu|43/100
|move|p1a: Ting-Lu|Whirlwind|p2a: Iron Valiant
|-end|p2a: Iron Valiant|Quark Drive|[silent]
|drag|p2a: Dragapult|Dragapult, F|100/100
|
|-heal|p1a: Ting-Lu|49/100|[from] item: Leftovers
|upkeep
|turn|9
|
|t:|1758923027
|switch|p1a: Zapdos|Zapdos|100/100
|move|p2a: Dragapult|U-turn|p1a: Zapdos
|-resisted|p1a: Zapdos
|-damage|p1a: Zapdos|78/100
|
|t:|1758923030
|switch|p2a: Iron Valiant|Iron Valiant|100/100|[from] U-turn
|
|upkeep
|turn|10
|
|t:|1758923036
|-terastallize|p2a: Iron Valiant|Fairy
|move|p2a: Iron Valiant|Moonblast|p1a: Zapdos
|-damage|p1a: Zapdos|0 fnt
|faint|p1a: Zapdos
|
|upkeep
|
|t:|1758923042
|switch|p1a: Dragonite|Dragonite, F|100/100
|turn|11
|
|t:|1758923047
|-end|p2a: Iron Valiant|Quark Drive|[silent]
|switch|p2a: Corviknight|Corviknight, M|100/100
|-ability|p2a: Corviknight|Pressure
|move|p1a: Dragonite|Earthquake|p2a: Corviknight
|-immune|p2a: Corviknight
|
|upkeep
|turn|12
|
|t:|1758923053
|move|p1a: Dragonite|Dragon Dance|p1a: Dragonite
|-boost|p1a: Dragonite|atk|1
|-boost|p1a: Dragonite|spe|1
|move|p2a: Corviknight|U-turn|p1a: Dragonite
|-resisted|p1a: Dragonite
|-damage|p1a: Dragonite|97/100
|
|t:|1758923057
|switch|p2a: Iron Valiant|Iron Valiant, tera:Fairy|100/100|[from] U-turn
|
|upkeep
|turn|13
|
|t:|1758923063
|move|p1a: Dragonite|Extreme Speed|p2a: Iron Valiant
|-damage|p2a: Iron Valiant|45/100
|move|p2a: Iron Valiant|Moonblast|p1a: Dragonite
|-supereffective|p1a: Dragonite
|-damage|p1a: Dragonite|0 fnt
|faint|p1a: Dragonite
|
|upkeep
|
|t:|1758923069
|switch|p1a: Dragapult|Dragapult, F|100/100
|turn|14
|
|t:|1758923074
|-end|p2a: Iron Valiant|Quark Drive|[silent]
|switch|p2a: Alomomola|Alomomola, M|88/100
|move|p1a: Dragapult|Hex|p2a: Alomomola
|-damage|p2a: Alomomola|61/100
|
|upkeep
|turn|15
|
|t:|1758923082
|move|p1a: Dragapult|U-turn|p2a: Alomomola
|-damage|p2a: Alomomola|50/100
|
|t:|1758923089
|switch|p1a: Ting-Lu|Ting-Lu|49/100|[from] U-turn
|-damage|p1a: Ting-Lu|43/100|[from] Stealth Rock
|-ability|p1a: Ting-Lu|Vessel of Ruin
|move|p2a: Alomomola|Wish|p2a: Alomomola
|
|-heal|p1a: Ting-Lu|49/100|[from] item: Leftovers
|upkeep
|turn|16
|
|t:|1758923094
|move|p1a: Ting-Lu|Earthquake|p2a: Alomomola
|-damage|p2a: Alomomola|28/100
|move|p2a: Alomomola|Flip Turn|p1a: Ting-Lu
|-supereffective|p1a: Ting-Lu
|-damage|p1a: Ting-Lu|32/100
|
|t:|1758923097
|switch|p2a: Iron Valiant|Iron Valiant, tera:Fairy|45/100|[from] Flip Turn
|
|-heal|p2a: Iron Valiant|100/100|[from] move: Wish|[wisher] Alomomola
|-heal|p1a: Ting-Lu|39/100|[from] item: Leftovers
|upkeep
|turn|17
|
|t:|1758923102
|move|p2a: Iron Valiant|Moonblast|p1a: Ting-Lu
|-supereffective|p1a: Ting-Lu
|-damage|p1a: Ting-Lu|0 fnt
|faint|p1a: Ting-Lu
|
|upkeep
|
|t:|1758923108
|switch|p1a: Weezing|Weezing-Galar, F|100/100
|-ability|p1a: Weezing|Neutralizing Gas
|turn|18
|
|t:|1758923117
|-end|p2a: Iron Valiant|Quark Drive|[silent]
|switch|p2a: Corviknight|Corviknight, M|100/100
|move|p1a: Weezing|Will-O-Wisp|p2a: Corviknight
|-status|p2a: Corviknight|brn
|
|-damage|p2a: Corviknight|94/100 brn|[from] brn
|upkeep
|turn|19
|
|t:|1758923123
|move|p2a: Corviknight|U-turn|p1a: Weezing
|-resisted|p1a: Weezing
|-damage|p1a: Weezing|99/100
|
|t:|1758923124
|switch|p2a: Alomomola|Alomomola, M|61/100|[from] U-turn
|move|p1a: Weezing|Will-O-Wisp|p2a: Alomomola
|-status|p2a: Alomomola|brn
|
|-damage|p2a: Alomomola|55/100 brn|[from] brn
|upkeep
|turn|20
|
|t:|1758923130
|move|p1a: Weezing|Will-O-Wisp|p2a: Alomomola
|-fail|p2a: Alomomola|brn
|move|p2a: Alomomola|Flip Turn|p1a: Weezing
|-damage|p1a: Weezing|94/100
|
|t:|1758923132
|switch|p2a: Iron Valiant|Iron Valiant, tera:Fairy|100/100|[from] Flip Turn
|
|upkeep
|turn|21
|
|t:|1758923138
|move|p2a: Iron Valiant|Thunderbolt|p1a: Weezing
|-damage|p1a: Weezing|38/100
|move|p1a: Weezing|Will-O-Wisp|p2a: Iron Valiant|[miss]
|-miss|p1a: Weezing|p2a: Iron Valiant
|
|upkeep
|turn|22
|
|t:|1758923144
|-end|p1a: Weezing|ability: Neutralizing Gas
|switch|p1a: Dragapult|Dragapult, F|100/100
|move|p2a: Iron Valiant|Thunderbolt|p1a: Dragapult
|-resisted|p1a: Dragapult
|-damage|p1a: Dragapult|68/100
|
|upkeep
|turn|23
|
|t:|1758923149
|-end|p2a: Iron Valiant|Quark Drive|[silent]
|switch|p2a: Corviknight|Corviknight, M|94/100 brn
|-ability|p2a: Corviknight|Pressure
|move|p1a: Dragapult|Will-O-Wisp|p2a: Corviknight
|-fail|p2a: Corviknight|brn
|
|-damage|p2a: Corviknight|88/100 brn|[from] brn
|upkeep
|turn|24
|
|t:|1758923154
|move|p1a: Dragapult|U-turn|p2a: Corviknight
|-resisted|p2a: Corviknight
|-damage|p2a: Corviknight|85/100 brn
|-damage|p1a: Dragapult|52/100|[from] item: Rocky Helmet|[of] p2a: Corviknight
|
|t:|1758923165
|switch|p1a: Weezing|Weezing-Galar, F|38/100|[from] U-turn
|-ability|p1a: Weezing|Neutralizing Gas
|move|p2a: Corviknight|U-turn|p1a: Weezing
|-resisted|p1a: Weezing
|-damage|p1a: Weezing|37/100
|
|t:|1758923169
|switch|p2a: Iron Valiant|Iron Valiant, tera:Fairy|100/100|[from] U-turn
|
|upkeep
|turn|25
|
|t:|1758923174
|-end|p1a: Weezing|ability: Neutralizing Gas
|switch|p1a: Dragapult|Dragapult, F|52/100
|move|p2a: Iron Valiant|Shadow Ball|p1a: Dragapult
|-supereffective|p1a: Dragapult
|-damage|p1a: Dragapult|0 fnt
|faint|p1a: Dragapult
|
|upkeep
|
|t:|1758923179
|switch|p1a: Weezing|Weezing-Galar, F|37/100
|-ability|p1a: Weezing|Neutralizing Gas
|turn|26
|
|t:|1758923182
|move|p2a: Iron Valiant|Shadow Ball|p1a: Weezing
|-damage|p1a: Weezing|0 fnt
|faint|p1a: Weezing
|-end|p1a: Weezing|ability: Neutralizing Gas
|
|win|garg is back
|raw|Shibuya Arc's rating: 1621 &rarr; <strong>1599</strong><br />(-22 for losing)
|raw|garg is back's rating: 1583 &rarr; <strong>1605</strong><br />(+22 for winning)
|l|☆Shibuya Arc
|player|p1|
|l|☆garg is back
|player|p2|
