|badge|p2|bronze|gen9ou|100-6
|html|<div class="broadcast-red"><strong>This battle is required to be public due to one or more player having a season medal.</strong><br />During the public phase, you can discuss the state of the ladder <a href="/seasondiscussion">in a special chatroom.</a></div>
|uhtml|medal-msg|<div class="broadcast-blue">Curious what those medals under the avatar are? PS now has Ladder Seasons! For more information, check out the <a href="https://www.smogon.com/forums/threads/3740067/">thread on Smogon.</a></div>
|raw|<div class="broadcast-blue"><strong>This battle is required to be public due to a player having a name starting with 'medal'.</div>
|j|☆LT123VB 87
|j|☆JackRG1
|t:|1759035025
|gametype|singles
|player|p1|LT123VB 87|dawn|1774
|player|p2|JackRG1|dawn-gen4pt|1930
|gen|9
|tier|[Gen 9] OU
|rated|
|rule|HP Percentage Mod: HP is shown in percentages
|rule|Endless Battle Clause: Forcing endless battles is banned
|rule|Species Clause: Limit one of each Pokémon
|rule|OHKO Clause: OHKO moves are banned
|rule|Evasion Items Clause: Evasion items are banned
|rule|Evasion Moves Clause: Evasion moves are banned
|rule|Evasion Abilities Clause: Evasion abilities are banned
|rule|Sleep Moves Clause: Sleep-inducing moves are banned
|clearpoke
|poke|p1|Dragapult, F|
|poke|p1|Ursaluna, F|
|poke|p1|Ogerpon-Wellspring, F|
|poke|p1|Kingambit, M|
|poke|p1|Glimmora, M|
|poke|p1|Iron Moth|
|poke|p2|Weezing-Galar, M|
|poke|p2|Ting-Lu|
|poke|p2|Corviknight, F|
|poke|p2|Skeledirge, M|
|poke|p2|Dragapult, F|
|poke|p2|Ogerpon-Wellspring, F|
|teampreview
|inactive|Battle timer is ON: inactive players will automatically lose when time's up. (requested by JackRG1)
|inactive|LT123VB 87 also wants the timer to be on.
|j| cryyysneasel
|
|t:|1759035045
|teamsize|p1|6
|teamsize|p2|6
|start
|switch|p1a: Dragapult|Dragapult, F|100/100
|switch|p2a: Dragapult|Dragapult, F|100/100
|turn|1
|
|t:|1759035053
|switch|p2a: Ting-Lu|Ting-Lu, shiny|100/100
|-ability|p2a: Ting-Lu|Vessel of Ruin
|move|p1a: Dragapult|Light Screen|p1a: Dragapult
|-sidestart|p1: LT123VB 87|move: Light Screen
|
|upkeep
|turn|2
|
|t:|1759035056
|move|p1a: Dragapult|Reflect|p1a: Dragapult
|-sidestart|p1: LT123VB 87|Reflect
|move|p2a: Ting-Lu|Stealth Rock|p1a: Dragapult
|-sidestart|p1: LT123VB 87|move: Stealth Rock
|
|upkeep
|turn|3
|
|t:|1759035060
|switch|p1a: Ursaluna|Ursaluna, F|100/100
|-damage|p1a: Ursaluna|94/100|[from] Stealth Rock
|switch|p2a: GAS.|Weezing-Galar, M|100/100
|-ability|p2a: GAS.|Neutralizing Gas
|
|-status|p1a: Ursaluna|brn|[from] item: Flame Orb
|upkeep
|turn|4
|
|t:|1759035064
|-end|p2a: GAS.|ability: Neutralizing Gas
|switch|p2a: Corviknight|Corviknight, F|100/100
|-ability|p2a: Corviknight|Pressure
|move|p1a: Ursaluna|Swords Dance|p1a: Ursaluna
|-boost|p1a: Ursaluna|atk|2
|
|-damage|p1a: Ursaluna|88/100 brn|[from] brn
|upkeep
|turn|5
|
|t:|1759035068
|move|p2a: Corviknight|Iron Defense|p2a: Corviknight
|-boost|p2a: Corviknight|def|2
|move|p1a: Ursaluna|Fire Punch|p2a: Corviknight
|-supereffective|p2a: Corviknight
|-damage|p2a: Corviknight|39/100
|-damage|p1a: Ursaluna|71/100 brn|[from] item: Rocky Helmet|[of] p2a: Corviknight
|
|-damage|p1a: Ursaluna|65/100 brn|[from] brn
|upkeep
|turn|6
|j| frit
|
|t:|1759035079
|move|p2a: Corviknight|Roost|p2a: Corviknight
|-heal|p2a: Corviknight|89/100
|-singleturn|p2a: Corviknight|move: Roost
|move|p1a: Ursaluna|Earthquake|p2a: Corviknight
|-supereffective|p2a: Corviknight
|-crit|p2a: Corviknight
|-damage|p2a: Corviknight|0 fnt
|faint|p2a: Corviknight
|
|-damage|p1a: Ursaluna|59/100 brn|[from] brn
|upkeep
|
|t:|1759035085
|switch|p2a: Ogerpon|Ogerpon-Wellspring, F|100/100
|turn|7
|j| hrew99
|j| catarina valentine
|
|t:|1759035095
|-terastallize|p2a: Ogerpon|Water
|detailschange|p2a: Ogerpon|Ogerpon-Wellspring-Tera, F, tera:Water
|-ability|p2a: Ogerpon|Embody Aspect (Wellspring)|boost
|-boost|p2a: Ogerpon|spd|1
|move|p2a: Ogerpon|Ivy Cudgel|p1a: Ursaluna|[anim] Ivy Cudgel Water
|-supereffective|p1a: Ursaluna
|-damage|p1a: Ursaluna|10/100 brn
|move|p1a: Ursaluna|Facade|p2a: Ogerpon
|-damage|p2a: Ogerpon|0 fnt
|faint|p2a: Ogerpon
|detailschange|p2: Ogerpon|Ogerpon-Wellspring, F|[silent]
|
|-damage|p1a: Ursaluna|4/100 brn|[from] brn
|upkeep
|
|t:|1759035098
|switch|p2a: Dragapult|Dragapult, F|100/100
|turn|8
|
|t:|1759035103
|move|p2a: Dragapult|U-turn|p1a: Ursaluna
|-damage|p1a: Ursaluna|0 fnt
|faint|p1a: Ursaluna
|
|t:|1759035109
|switch|p2a: Ting-Lu|Ting-Lu, shiny|100/100|[from] U-turn
|-ability|p2a: Ting-Lu|Vessel of Ruin
|
|-sideend|p1: LT123VB 87|move: Light Screen
|upkeep
|j| Liminal Crow
|
|t:|1759035114
|switch|p1a: Ogerpon|Ogerpon-Wellspring, F|100/100
|-damage|p1a: Ogerpon|88/100|[from] Stealth Rock
|turn|9
|
|t:|1759035119
|switch|p2a: Dragapult|Dragapult, F|100/100
|move|p1a: Ogerpon|Ivy Cudgel|p2a: Dragapult|[anim] Ivy Cudgel Water
|-resisted|p2a: Dragapult
|-damage|p2a: Dragapult|62/100
|
|-sideend|p1: LT123VB 87|Reflect
|upkeep
|turn|10
|
|t:|1759035134
|switch|p1a: Glimmora|Glimmora, M|100/100
|-damage|p1a: Glimmora|88/100|[from] Stealth Rock
|move|p2a: Dragapult|Draco Meteor|p1a: Glimmora
|-damage|p1a: Glimmora|0 fnt
|-unboost|p2a: Dragapult|spa|2
|faint|p1a: Glimmora
|
|upkeep
|
|t:|1759035146
|switch|p1a: Ogerpon|Ogerpon-Wellspring, F|88/100
|-damage|p1a: Ogerpon|76/100|[from] Stealth Rock
|turn|11
|inactive|LT123VB 87 has 120 seconds left.
|
|t:|1759035169
|move|p2a: Dragapult|Draco Meteor|p1a: Ogerpon|[miss]
|-miss|p2a: Dragapult|p1a: Ogerpon
|move|p1a: Ogerpon|Swords Dance|p1a: Ogerpon
|-boost|p1a: Ogerpon|atk|2
|
|upkeep
|turn|12
|
|t:|1759035174
|switch|p2a: GAS.|Weezing-Galar, M|100/100
|-ability|p2a: GAS.|Neutralizing Gas
|move|p1a: Ogerpon|Trailblaze|p2a: GAS.
|-resisted|p2a: GAS.
|-damage|p2a: GAS.|82/100
|-boost|p1a: Ogerpon|spe|1
|
|upkeep
|turn|13
|
|t:|1759035182
|-terastallize|p1a: Ogerpon|Water
|detailschange|p1a: Ogerpon|Ogerpon-Wellspring-Tera, F, tera:Water
|move|p1a: Ogerpon|Ivy Cudgel|p2a: GAS.|[anim] Ivy Cudgel Water
|-damage|p2a: GAS.|0 fnt
|faint|p2a: GAS.
|-end|p2a: GAS.|ability: Neutralizing Gas
|-ability|p1a: Ogerpon|Embody Aspect (Wellspring)|boost
|-boost|p1a: Ogerpon|spd|1
|
|upkeep
|c|☆JackRG1|love getting hax'd
|-message|JackRG1 forfeited.
|
|win|LT123VB 87
|raw|LT123VB 87's rating: 1774 &rarr; <strong>1802</strong><br />(+28 for winning)
|raw|JackRG1's rating: 1930 &rarr; <strong>1902</strong><br />(-28 for losing)
|l|☆JackRG1
|player|p2|
|c|☆LT123VB 87|(
|c|☆LT123VB 87|doesnt matter btw
|l|☆LT123VB 87
|player|p1|
|c| hrew99|Missed one attack...
|l| hrew99
|l| Liminal Crow
|l| cryyysneasel
