|j|☆Nick Suzuki
|j|☆a calm mind
|t:|1758935529
|gametype|singles
|player|p1|Nick Suzuki|skier|1595
|player|p2|a calm mind|unknownf|1724
|gen|9
|tier|[Gen 9] OU
|rated|
|rule|HP Percentage Mod: HP is shown in percentages
|rule|Endless Battle Clause: Forcing endless battles is banned
|rule|Species Clause: Limit one of each Pokémon
|rule|OHKO Clause: OHKO moves are banned
|rule|Evasion Items Clause: Evasion items are banned
|rule|Evasion Moves Clause: Evasion moves are banned
|rule|Evasion Abilities Clause: Evasion abilities are banned
|rule|Sleep Moves Clause: Sleep-inducing moves are banned
|clearpoke
|poke|p1|Deoxys-Speed|
|poke|p1|Iron Valiant|
|poke|p1|Great Tusk|
|poke|p1|Kingambit, F|
|poke|p1|Glimmora, F|
|poke|p1|Dragonite, F|
|poke|p2|Iron Valiant|
|poke|p2|Squawkabilly, F|
|poke|p2|Zoroark, F|
|poke|p2|Great Tusk|
|poke|p2|Cinderace, M|
|poke|p2|Empoleon, F|
|teampreview
|inactive|Battle timer is ON: inactive players will automatically lose when time's up. (requested by a calm mind)
|
|t:|1758935545
|teamsize|p1|6
|teamsize|p2|6
|start
|switch|p1a: Deoxys|Deoxys-Speed|100/100
|switch|p2a: squawk tua|Squawkabilly, F|100/100
|-ability|p2a: squawk tua|Intimidate|boost
|-unboost|p1a: Deoxys|atk|1
|-ability|p1a: Deoxys|Pressure
|turn|1
|
|t:|1758935554
|move|p2a: squawk tua|Final Gambit|p1a: Deoxys
|-damage|p1a: Deoxys|0 fnt
|faint|p2a: squawk tua
|faint|p1a: Deoxys
|
|upkeep
|
|t:|1758935566
|switch|p1a: Great Tusk|Great Tusk|100/100
|switch|p2a: Empoleon|Empoleon, F|100/100
|-enditem|p1a: Great Tusk|Booster Energy
|-activate|p1a: Great Tusk|ability: Protosynthesis|[fromitem]
|-start|p1a: Great Tusk|protosynthesisspe
|turn|2
|
|t:|1758935584
|switch|p2a: Iron Valiant|Iron Valiant|100/100
|-enditem|p2a: Iron Valiant|Booster Energy
|-activate|p2a: Iron Valiant|ability: Quark Drive|[fromitem]
|-start|p2a: Iron Valiant|quarkdrivespe
|move|p1a: Great Tusk|Headlong Rush|p2a: Iron Valiant
|-damage|p2a: Iron Valiant|29/100
|-unboost|p1a: Great Tusk|def|1
|-unboost|p1a: Great Tusk|spd|1
|
|upkeep
|turn|3
|
|t:|1758935594
|-end|p1a: Great Tusk|Protosynthesis|[silent]
|switch|p1a: Glimmora|Glimmora, F|100/100
|move|p2a: Iron Valiant|Moonblast|p1a: Glimmora
|-resisted|p1a: Glimmora
|-damage|p1a: Glimmora|73/100
|
|upkeep
|turn|4
|
|t:|1758935603
|move|p2a: Iron Valiant|Destiny Bond|p2a: Iron Valiant
|-singlemove|p2a: Iron Valiant|Destiny Bond
|move|p1a: Glimmora|Earth Power|p2a: Iron Valiant
|-damage|p2a: Iron Valiant|0 fnt
|faint|p2a: Iron Valiant
|-activate|p2a: Iron Valiant|move: Destiny Bond
|-end|p2a: Iron Valiant|Quark Drive|[silent]
|faint|p1a: Glimmora
|
|upkeep
|
|t:|1758935619
|switch|p2a: Cinderace|Cinderace, M|100/100
|switch|p1a: Great Tusk|Great Tusk|100/100
|turn|5
|
|t:|1758935629
|move|p2a: Cinderace|Pyro Ball|p1a: Great Tusk
|-damage|p1a: Great Tusk|64/100
|move|p1a: Great Tusk|Headlong Rush|p2a: Cinderace
|-supereffective|p2a: Cinderace
|-enditem|p2a: Cinderace|Focus Sash
|-damage|p2a: Cinderace|1/100
|-unboost|p1a: Great Tusk|def|1
|-unboost|p1a: Great Tusk|spd|1
|
|upkeep
|turn|6
|
|t:|1758935641
|move|p2a: Cinderace|High Jump Kick|p1a: Great Tusk
|-start|p2a: Cinderace|typechange|Fighting|[from] ability: Libero
|-damage|p1a: Great Tusk|8/100
|move|p1a: Great Tusk|Taunt|p2a: Cinderace
|-start|p2a: Cinderace|move: Taunt
|
|upkeep
|turn|7
|
|t:|1758935650
|move|p2a: Cinderace|Pyro Ball|p1a: Great Tusk
|-damage|p1a: Great Tusk|0 fnt
|faint|p1a: Great Tusk
|-end|p1a: Great Tusk|Protosynthesis|[silent]
|
|upkeep
|
|t:|1758935653
|switch|p1a: Dragonite|Dragonite, F|100/100
|turn|8
|
|t:|1758935667
|switch|p2a: Great Tusk|Great Tusk|100/100
|move|p1a: Dragonite|Dragon Dance|p1a: Dragonite
|-boost|p1a: Dragonite|atk|1
|-boost|p1a: Dragonite|spe|1
|
|upkeep
|turn|9
|
|t:|1758935680
|-terastallize|p1a: Dragonite|Flying
|move|p1a: Dragonite|Tera Blast|p2a: Great Tusk|[anim] Tera Blast Flying
|-supereffective|p2a: Great Tusk
|-enditem|p2a: Great Tusk|Focus Sash
|-damage|p2a: Great Tusk|1/100
|move|p2a: Great Tusk|Rapid Spin|p1a: Dragonite
|-damage|p1a: Dragonite|90/100
|-boost|p2a: Great Tusk|spe|1
|
|-heal|p1a: Dragonite|96/100|[from] item: Leftovers
|upkeep
|turn|10
|
|t:|1758935700
|move|p2a: Great Tusk|Ice Spinner|p1a: Dragonite
|-supereffective|p1a: Dragonite
|-damage|p1a: Dragonite|40/100
|move|p1a: Dragonite|Dragon Dance|p1a: Dragonite
|-boost|p1a: Dragonite|atk|1
|-boost|p1a: Dragonite|spe|1
|
|-heal|p1a: Dragonite|46/100|[from] item: Leftovers
|upkeep
|turn|11
|
|t:|1758935706
|move|p1a: Dragonite|Tera Blast|p2a: Great Tusk|[anim] Tera Blast Flying
|-supereffective|p2a: Great Tusk
|-crit|p2a: Great Tusk
|-damage|p2a: Great Tusk|0 fnt
|faint|p2a: Great Tusk
|-end|p2a: Great Tusk|Protosynthesis|[silent]
|
|-heal|p1a: Dragonite|52/100|[from] item: Leftovers
|upkeep
|
|t:|1758935713
|switch|p2a: Cinderace|Cinderace, M|100/100
|turn|12
|
|t:|1758935724
|move|p1a: Dragonite|Tera Blast|p2a: Cinderace|[anim] Tera Blast Flying
|-enditem|p2a: Cinderace|Focus Sash
|-damage|p2a: Cinderace|1/100
|replace|p2a: Zoroark|Zoroark, F, shiny
|-end|p2a: Zoroark|Illusion
|move|p2a: Zoroark|Counter|p1a: Dragonite
|-damage|p1a: Dragonite|0 fnt
|faint|p1a: Dragonite
|
|upkeep
|
|t:|1758935734
|switch|p1a: Iron Valiant|Iron Valiant|100/100
|-enditem|p1a: Iron Valiant|Booster Energy
|-activate|p1a: Iron Valiant|ability: Quark Drive|[fromitem]
|-start|p1a: Iron Valiant|quarkdrivespe
|turn|13
|
|t:|1758935740
|switch|p2a: Cinderace|Cinderace, M|1/100
|move|p1a: Iron Valiant|Moonblast|p2a: Cinderace
|-resisted|p2a: Cinderace
|-damage|p2a: Cinderace|0 fnt
|faint|p2a: Cinderace
|
|upkeep
|
|t:|1758935745
|switch|p2a: Empoleon|Empoleon, F|100/100
|turn|14
|
|t:|1758935756
|-terastallize|p2a: Empoleon|Water
|move|p1a: Iron Valiant|Close Combat|p2a: Empoleon
|-damage|p2a: Empoleon|37/100
|-unboost|p1a: Iron Valiant|def|1
|-unboost|p1a: Iron Valiant|spd|1
|move|p2a: Empoleon|Surf|p1a: Iron Valiant
|-damage|p1a: Iron Valiant|0 fnt
|faint|p1a: Iron Valiant
|-end|p1a: Iron Valiant|Quark Drive|[silent]
|
|upkeep
|
|t:|1758935760
|switch|p1a: Kingambit|Kingambit, F|100/100
|-activate|p1a: Kingambit|ability: Supreme Overlord
|-start|p1a: Kingambit|fallen5|[silent]
|turn|15
|
|t:|1758935773
|move|p1a: Kingambit|Sucker Punch||[still]
|-fail|p1a: Kingambit
|move|p2a: Empoleon|Substitute|p2a: Empoleon
|-start|p2a: Empoleon|Substitute
|-damage|p2a: Empoleon|12/100
|-enditem|p2a: Empoleon|Petaya Berry|[eat]
|-boost|p2a: Empoleon|spa|1|[from] item: Petaya Berry
|
|upkeep
|turn|16
|c|☆a calm mind|gg
|
|t:|1758935782
|move|p1a: Kingambit|Sucker Punch|p2a: Empoleon
|-end|p2a: Empoleon|Substitute
|move|p2a: Empoleon|Surf|p1a: Kingambit
|-damage|p1a: Kingambit|0 fnt
|faint|p1a: Kingambit
|-end|p1a: Kingambit|fallen5|[silent]
|
|win|a calm mind
|raw|Nick Suzuki's rating: 1595 &rarr; <strong>1582</strong><br />(-13 for losing)
|raw|a calm mind's rating: 1724 &rarr; <strong>1737</strong><br />(+13 for winning)
