|j|☆Clausura
|j|☆Poomph
|t:|1759012922
|gametype|singles
|player|p1|Clausura|cynthia-gen4|1532
|player|p2|Poomph|irida|1491
|gen|9
|tier|[Gen 9] OU
|rated|
|rule|HP Percentage Mod: HP is shown in percentages
|rule|Endless Battle Clause: Forcing endless battles is banned
|rule|Species Clause: Limit one of each Pokémon
|rule|OHKO Clause: OHKO moves are banned
|rule|Evasion Items Clause: Evasion items are banned
|rule|Evasion Moves Clause: Evasion moves are banned
|rule|Evasion Abilities Clause: Evasion abilities are banned
|rule|Sleep Moves Clause: Sleep-inducing moves are banned
|clearpoke
|poke|p1|Hydrapple, F|
|poke|p1|Tinkaton, F|
|poke|p1|Moltres|
|poke|p1|Rotom-Wash|
|poke|p1|Great Tusk|
|poke|p1|Darkrai|
|poke|p2|Great Tusk|
|poke|p2|Ogerpon-Cornerstone, F|
|poke|p2|Raging Bolt|
|poke|p2|Ceruledge, F|
|poke|p2|Ribombee, M|
|poke|p2|Gholdengo|
|teampreview
|inactive|Battle timer is ON: inactive players will automatically lose when time's up. (requested by Clausura)
|
|t:|1759012951
|teamsize|p1|6
|teamsize|p2|6
|start
|switch|p1a: Darkrai|Darkrai|100/100
|switch|p2a: Gholdengo|Gholdengo|100/100
|-item|p2a: Gholdengo|Air Balloon
|turn|1
|
|t:|1759012962
|-terastallize|p2a: Gholdengo|Fighting
|move|p1a: Darkrai|Dark Pulse|p2a: Gholdengo
|-resisted|p2a: Gholdengo
|-damage|p2a: Gholdengo|79/100
|-enditem|p2a: Gholdengo|Air Balloon
|move|p2a: Gholdengo|Focus Blast|p1a: Darkrai|[miss]
|-miss|p2a: Gholdengo|p1a: Darkrai
|
|upkeep
|turn|2
|
|t:|1759012972
|-terastallize|p1a: Darkrai|Ghost
|move|p1a: Darkrai|Nasty Plot|p1a: Darkrai
|-boost|p1a: Darkrai|spa|2
|move|p2a: Gholdengo|Focus Blast|p1a: Darkrai
|-immune|p1a: Darkrai
|
|upkeep
|turn|3
|
|t:|1759012975
|move|p1a: Darkrai|Ice Beam|p2a: Gholdengo
|-damage|p2a: Gholdengo|11/100
|move|p2a: Gholdengo|Shadow Ball|p1a: Darkrai
|-supereffective|p1a: Darkrai
|-damage|p1a: Darkrai|0 fnt
|faint|p1a: Darkrai
|
|upkeep
|
|t:|1759012980
|switch|p1a: Tinkaton|Tinkaton, F|100/100
|-ability|p1a: Tinkaton|Mold Breaker
|turn|4
|
|t:|1759012983
|move|p1a: Tinkaton|Stealth Rock|p2a: Gholdengo
|-sidestart|p2: Poomph|move: Stealth Rock
|move|p2a: Gholdengo|Shadow Ball|p1a: Tinkaton
|-damage|p1a: Tinkaton|62/100
|
|-heal|p1a: Tinkaton|68/100|[from] item: Leftovers
|upkeep
|turn|5
|
|t:|1759012990
|switch|p2a: Mega Man Zero 2|Ceruledge, F, shiny|100/100
|-damage|p2a: Mega Man Zero 2|76/100|[from] Stealth Rock
|move|p1a: Tinkaton|Knock Off|p2a: Mega Man Zero 2
|-supereffective|p2a: Mega Man Zero 2
|-crit|p2a: Mega Man Zero 2
|-damage|p2a: Mega Man Zero 2|6/100
|-ability|p2a: Mega Man Zero 2|Weak Armor|boost
|-unboost|p2a: Mega Man Zero 2|def|1
|-boost|p2a: Mega Man Zero 2|spe|2
|-enditem|p2a: Mega Man Zero 2|Focus Sash|[from] move: Knock Off|[of] p1a: Tinkaton
|
|-heal|p1a: Tinkaton|74/100|[from] item: Leftovers
|upkeep
|turn|6
|
|t:|1759012997
|switch|p1a: Rotom|Rotom-Wash|100/100
|move|p2a: Mega Man Zero 2|Bitter Blade|p1a: Rotom
|-resisted|p1a: Rotom
|-damage|p1a: Rotom|80/100
|-heal|p2a: Mega Man Zero 2|16/100|[from] drain|[of] p1a: Rotom
|-damage|p2a: Mega Man Zero 2|0 fnt|[from] item: Rocky Helmet|[of] p1a: Rotom
|faint|p2a: Mega Man Zero 2
|
|upkeep
|inactive|Poomph has 120 seconds left.
|
|t:|1759013035
|switch|p2a: BALL BREAKER|Ogerpon-Cornerstone, F|100/100
|-damage|p2a: BALL BREAKER|88/100|[from] Stealth Rock
|turn|7
|
|t:|1759013039
|move|p2a: BALL BREAKER|Ivy Cudgel|p1a: Rotom|[anim] Ivy Cudgel Rock
|-damage|p1a: Rotom|29/100
|move|p1a: Rotom|Will-O-Wisp|p2a: BALL BREAKER
|-status|p2a: BALL BREAKER|brn
|
|-damage|p2a: BALL BREAKER|82/100 brn|[from] brn
|upkeep
|turn|8
|
|t:|1759013043
|switch|p1a: Hydrapple|Hydrapple, F|100/100
|move|p2a: BALL BREAKER|Ivy Cudgel|p1a: Hydrapple|[anim] Ivy Cudgel Rock
|-damage|p1a: Hydrapple|76/100
|
|-damage|p2a: BALL BREAKER|76/100 brn|[from] brn
|upkeep
|turn|9
|
|t:|1759013050
|switch|p2a: Gholdengo|Gholdengo, tera:Fighting|11/100
|-damage|p2a: Gholdengo|5/100|[from] Stealth Rock
|move|p1a: Hydrapple|Nasty Plot|p1a: Hydrapple
|-boost|p1a: Hydrapple|spa|2
|
|upkeep
|turn|10
|
|t:|1759013058
|move|p2a: Gholdengo|Focus Blast|p1a: Hydrapple
|-damage|p1a: Hydrapple|3/100
|move|p1a: Hydrapple|Earth Power|p2a: Gholdengo
|-damage|p2a: Gholdengo|0 fnt
|faint|p2a: Gholdengo
|
|upkeep
|
|t:|1759013067
|switch|p2a: BALL BREAKER|Ogerpon-Cornerstone, F|76/100 brn
|-damage|p2a: BALL BREAKER|64/100 brn|[from] Stealth Rock
|turn|11
|
|t:|1759013073
|switch|p1a: Great Tusk|Great Tusk|100/100
|move|p2a: BALL BREAKER|Ivy Cudgel|p1a: Great Tusk|[anim] Ivy Cudgel Rock
|-resisted|p1a: Great Tusk
|-damage|p1a: Great Tusk|94/100
|
|-damage|p2a: BALL BREAKER|58/100 brn|[from] brn
|upkeep
|turn|12
|
|t:|1759013077
|move|p2a: BALL BREAKER|Power Whip|p1a: Great Tusk
|-supereffective|p1a: Great Tusk
|-damage|p1a: Great Tusk|38/100
|move|p1a: Great Tusk|Rapid Spin|p2a: BALL BREAKER
|-resisted|p2a: BALL BREAKER
|-damage|p2a: BALL BREAKER|47/100 brn
|-boost|p1a: Great Tusk|spe|1
|
|-damage|p2a: BALL BREAKER|41/100 brn|[from] brn
|upkeep
|turn|13
|
|t:|1759013080
|move|p1a: Great Tusk|Ice Spinner|p2a: BALL BREAKER
|-supereffective|p2a: BALL BREAKER
|-damage|p2a: BALL BREAKER|0 fnt
|faint|p2a: BALL BREAKER
|
|upkeep
|
|t:|1759013084
|switch|p2a: TUSK|Great Tusk|100/100
|-damage|p2a: TUSK|98/100|[from] Stealth Rock
|-enditem|p2a: TUSK|Booster Energy
|-activate|p2a: TUSK|ability: Protosynthesis|[fromitem]
|-start|p2a: TUSK|protosynthesisatk
|turn|14
|
|t:|1759013092
|-end|p1a: Great Tusk|Protosynthesis|[silent]
|switch|p1a: Moltres|Moltres|100/100
|move|p2a: TUSK|Rapid Spin|p1a: Moltres
|-damage|p1a: Moltres|79/100
|-boost|p2a: TUSK|spe|1
|-sideend|p2: Poomph|Stealth Rock|[from] move: Rapid Spin|[of] p2a: TUSK
|
|upkeep
|turn|15
|
|t:|1759013097
|-end|p2a: TUSK|Protosynthesis|[silent]
|switch|p2a: One Thousand Birds|Raging Bolt|100/100
|-enditem|p2a: One Thousand Birds|Booster Energy
|-activate|p2a: One Thousand Birds|ability: Protosynthesis|[fromitem]
|-start|p2a: One Thousand Birds|protosynthesisspa
|move|p1a: Moltres|U-turn|p2a: One Thousand Birds
|-damage|p2a: One Thousand Birds|87/100
|
|t:|1759013099
|switch|p1a: Great Tusk|Great Tusk|38/100|[from] U-turn
|
|upkeep
|turn|16
|
|t:|1759013106
|move|p1a: Great Tusk|Headlong Rush|p2a: One Thousand Birds
|-supereffective|p2a: One Thousand Birds
|-damage|p2a: One Thousand Birds|0 fnt
|-unboost|p1a: Great Tusk|def|1
|-unboost|p1a: Great Tusk|spd|1
|faint|p2a: One Thousand Birds
|-end|p2a: One Thousand Birds|Protosynthesis|[silent]
|
|upkeep
|
|t:|1759013107
|switch|p2a: Ribombee|Ribombee, M, shiny|100/100
|turn|17
|
|t:|1759013110
|move|p2a: Ribombee|Moonblast|p1a: Great Tusk
|-supereffective|p1a: Great Tusk
|-damage|p1a: Great Tusk|0 fnt
|faint|p1a: Great Tusk
|-end|p1a: Great Tusk|Protosynthesis|[silent]
|
|upkeep
|
|t:|1759013113
|switch|p1a: Hydrapple|Hydrapple, F|37/100
|turn|18
|
|t:|1759013117
|switch|p1a: Moltres|Moltres|79/100
|move|p2a: Ribombee|Moonblast|p1a: Moltres
|-resisted|p1a: Moltres
|-damage|p1a: Moltres|63/100
|
|upkeep
|turn|19
|
|t:|1759013126
|move|p2a: Ribombee|Psychic Noise|p1a: Moltres
|-damage|p1a: Moltres|47/100
|-start|p1a: Moltres|move: Heal Block
|move|p1a: Moltres|Flamethrower|p2a: Ribombee
|-supereffective|p2a: Ribombee
|-enditem|p2a: Ribombee|Focus Sash
|-damage|p2a: Ribombee|1/100
|
|upkeep
|turn|20
|
|t:|1759013132
|move|p2a: Ribombee|Psychic Noise|p1a: Moltres
|-damage|p1a: Moltres|32/100
|move|p1a: Moltres|U-turn|p2a: Ribombee
|-resisted|p2a: Ribombee
|-damage|p2a: Ribombee|0 fnt
|faint|p2a: Ribombee
|
|t:|1759013135
|switch|p1a: Rotom|Rotom-Wash|29/100|[from] U-turn
|
|upkeep
|
|t:|1759013137
|switch|p2a: TUSK|Great Tusk|98/100
|turn|21
|
|t:|1759013142
|move|p2a: TUSK|Rapid Spin|p1a: Rotom
|-damage|p1a: Rotom|16/100
|-boost|p2a: TUSK|spe|1
|-damage|p2a: TUSK|81/100|[from] item: Rocky Helmet|[of] p1a: Rotom
|move|p1a: Rotom|Will-O-Wisp|p2a: TUSK
|-status|p2a: TUSK|brn
|
|-damage|p2a: TUSK|75/100 brn|[from] brn
|upkeep
|turn|22
|
|t:|1759013147
|move|p2a: TUSK|Close Combat|p1a: Rotom
|-damage|p1a: Rotom|0 fnt
|-unboost|p2a: TUSK|def|1
|-unboost|p2a: TUSK|spd|1
|-damage|p2a: TUSK|58/100 brn|[from] item: Rocky Helmet|[of] p1a: Rotom
|faint|p1a: Rotom
|
|-damage|p2a: TUSK|52/100 brn|[from] brn
|upkeep
|
|t:|1759013151
|switch|p1a: Tinkaton|Tinkaton, F|74/100
|-ability|p1a: Tinkaton|Mold Breaker
|turn|23
|
|t:|1759013154
|move|p2a: TUSK|Headlong Rush|p1a: Tinkaton
|-supereffective|p1a: Tinkaton
|-damage|p1a: Tinkaton|5/100
|-unboost|p2a: TUSK|def|1
|-unboost|p2a: TUSK|spd|1
|move|p1a: Tinkaton|Gigaton Hammer|p2a: TUSK
|-damage|p2a: TUSK|0 fnt
|faint|p2a: TUSK
|-end|p2a: TUSK|Protosynthesis|[silent]
|
|win|Clausura
|raw|Clausura's rating: 1532 &rarr; <strong>1550</strong><br />(+18 for winning)
|raw|Poomph's rating: 1491 &rarr; <strong>1473</strong><br />(-18 for losing)
|l|☆Poomph
|player|p2|
