|j|☆palis111
|j|☆slngularlty
|t:|1758943879
|gametype|singles
|player|p1|palis111|2|1355
|player|p2|slngularlty|koga|1326
|gen|9
|tier|[Gen 9] OU
|rated|
|rule|HP Percentage Mod: HP is shown in percentages
|rule|Endless Battle Clause: Forcing endless battles is banned
|rule|Species Clause: Limit one of each Pokémon
|rule|OHKO Clause: OHKO moves are banned
|rule|Evasion Items Clause: Evasion items are banned
|rule|Evasion Moves Clause: Evasion moves are banned
|rule|Evasion Abilities Clause: Evasion abilities are banned
|rule|Sleep Moves Clause: Sleep-inducing moves are banned
|clearpoke
|poke|p1|Ting-Lu|
|poke|p1|Weezing-Galar, M|
|poke|p1|Alomomola, M|
|poke|p1|Tornadus-Therian, M|
|poke|p1|Lokix, M|
|poke|p1|Gholdengo|
|poke|p2|Scizor, M|
|poke|p2|Gholdengo|
|poke|p2|Ogerpon-Wellspring, F|
|poke|p2|Ting-Lu|
|poke|p2|Dragonite, M|
|poke|p2|Glimmora, M|
|teampreview
|inactive|Battle timer is ON: inactive players will automatically lose when time's up. (requested by slngularlty)
|inactive|slngularlty has 120 seconds left.
|inactive|slngularlty has 90 seconds left.
|
|t:|1758943945
|teamsize|p1|6
|teamsize|p2|6
|start
|switch|p1a: Tornadus|Tornadus-Therian, M|100/100
|switch|p2a: Glimmora|Glimmora, M|100/100
|turn|1
|
|t:|1758943953
|move|p1a: Tornadus|Knock Off|p2a: Glimmora
|-crit|p2a: Glimmora
|-damage|p2a: Glimmora|67/100
|-damage|p1a: Tornadus|84/100|[from] item: Rocky Helmet|[of] p2a: Glimmora
|-activate|p2a: Glimmora|ability: Toxic Debris
|-sidestart|p1: palis111|move: Toxic Spikes
|-enditem|p2a: Glimmora|Rocky Helmet|[from] move: Knock Off|[of] p1a: Tornadus
|move|p2a: Glimmora|Mortal Spin|p1a: Tornadus
|-damage|p1a: Tornadus|76/100
|-status|p1a: Tornadus|psn
|
|-damage|p1a: Tornadus|64/100 psn|[from] psn
|upkeep
|turn|2
|
|t:|1758943979
|switch|p1a: Gholdengo|Gholdengo|100/100
|move|p2a: Glimmora|Power Gem|p1a: Gholdengo
|-resisted|p1a: Gholdengo
|-damage|p1a: Gholdengo|75/100
|
|upkeep
|turn|3
|
|t:|1758943984
|move|p1a: Gholdengo|Make It Rain|p2a: Glimmora
|-supereffective|p2a: Glimmora
|-damage|p2a: Glimmora|0 fnt
|-unboost|p1a: Gholdengo|spa|1
|faint|p2a: Glimmora
|
|upkeep
|
|t:|1758943986
|switch|p2a: Scizor|Scizor, M|100/100
|turn|4
|
|t:|1758943989
|switch|p1a: Alomomola|Alomomola, M|100/100
|-status|p1a: Alomomola|psn
|move|p2a: Scizor|Swords Dance|p2a: Scizor
|-boost|p2a: Scizor|atk|2
|
|-damage|p1a: Alomomola|88/100 psn|[from] psn
|upkeep
|turn|5
|
|t:|1758943993
|move|p2a: Scizor|Swords Dance|p2a: Scizor
|-boost|p2a: Scizor|atk|2
|move|p1a: Alomomola|Scald|p2a: Scizor
|-damage|p2a: Scizor|84/100
|
|-damage|p1a: Alomomola|76/100 psn|[from] psn
|upkeep
|turn|6
|
|t:|1758943995
|move|p2a: Scizor|Knock Off|p1a: Alomomola
|-damage|p1a: Alomomola|5/100 psn
|-damage|p2a: Scizor|67/100|[from] item: Rocky Helmet|[of] p1a: Alomomola
|-enditem|p1a: Alomomola|Rocky Helmet|[from] move: Knock Off|[of] p2a: Scizor
|move|p1a: Alomomola|Scald|p2a: Scizor
|-damage|p2a: Scizor|52/100
|
|-damage|p1a: Alomomola|0 fnt|[from] psn
|faint|p1a: Alomomola
|upkeep
|
|t:|1758944001
|switch|p1a: Gholdengo|Gholdengo|75/100
|turn|7
|
|t:|1758944006
|move|p1a: Gholdengo|Shadow Ball|p2a: Scizor
|-damage|p2a: Scizor|0 fnt
|faint|p2a: Scizor
|
|upkeep
|
|t:|1758944008
|switch|p2a: Ting-Lu|Ting-Lu|100/100
|-ability|p2a: Ting-Lu|Vessel of Ruin
|turn|8
|
|t:|1758944011
|switch|p1a: Weezing|Weezing-Galar, M|100/100
|-ability|p1a: Weezing|Neutralizing Gas
|-sideend|p1: palis111|move: Toxic Spikes|[of] p1a: Weezing
|move|p2a: Ting-Lu|Stealth Rock|p1a: Weezing
|-sidestart|p1: palis111|move: Stealth Rock
|
|upkeep
|turn|9
|
|t:|1758944017
|move|p1a: Weezing|Strange Steam|p2a: Ting-Lu
|-supereffective|p2a: Ting-Lu
|-damage|p2a: Ting-Lu|63/100
|move|p2a: Ting-Lu|Earthquake|p1a: Weezing
|-supereffective|p1a: Weezing
|-damage|p1a: Weezing|51/100
|
|-heal|p2a: Ting-Lu|69/100|[from] item: Leftovers
|upkeep
|turn|10
|
|t:|1758944023
|switch|p2a: Gholdengo|Gholdengo|100/100
|-item|p2a: Gholdengo|Air Balloon
|move|p1a: Weezing|Will-O-Wisp|p2a: Gholdengo
|-status|p2a: Gholdengo|brn
|
|-damage|p2a: Gholdengo|94/100 brn|[from] brn
|upkeep
|turn|11
|
|t:|1758944031
|-end|p1a: Weezing|ability: Neutralizing Gas
|switch|p1a: Ting-Lu|Ting-Lu|100/100
|-damage|p1a: Ting-Lu|94/100|[from] Stealth Rock
|-ability|p1a: Ting-Lu|Vessel of Ruin
|move|p2a: Gholdengo|Nasty Plot|p2a: Gholdengo
|-boost|p2a: Gholdengo|spa|2
|
|-heal|p1a: Ting-Lu|100/100|[from] item: Leftovers
|-damage|p2a: Gholdengo|88/100 brn|[from] brn
|upkeep
|turn|12
|
|t:|1758944036
|move|p2a: Gholdengo|Make It Rain|p1a: Ting-Lu
|-damage|p1a: Ting-Lu|44/100
|-unboost|p2a: Gholdengo|spa|1
|move|p1a: Ting-Lu|Ruination|p2a: Gholdengo
|-damage|p2a: Gholdengo|44/100 brn
|-enditem|p2a: Gholdengo|Air Balloon
|
|-heal|p1a: Ting-Lu|51/100|[from] item: Leftovers
|-damage|p2a: Gholdengo|38/100 brn|[from] brn
|upkeep
|turn|13
|
|t:|1758944042
|-terastallize|p2a: Gholdengo|Flying
|move|p2a: Gholdengo|Recover|p2a: Gholdengo
|-heal|p2a: Gholdengo|88/100 brn
|move|p1a: Ting-Lu|Earthquake|p2a: Gholdengo
|-immune|p2a: Gholdengo
|
|-heal|p1a: Ting-Lu|57/100|[from] item: Leftovers
|-damage|p2a: Gholdengo|82/100 brn|[from] brn
|upkeep
|turn|14
|
|t:|1758944046
|move|p2a: Gholdengo|Nasty Plot|p2a: Gholdengo
|-boost|p2a: Gholdengo|spa|2
|move|p1a: Ting-Lu|Whirlwind|p2a: Gholdengo
|-immune|p2a: Gholdengo|[from] ability: Good as Gold
|
|-heal|p1a: Ting-Lu|63/100|[from] item: Leftovers
|-damage|p2a: Gholdengo|76/100 brn|[from] brn
|upkeep
|turn|15
|
|t:|1758944050
|move|p2a: Gholdengo|Nasty Plot|p2a: Gholdengo
|-boost|p2a: Gholdengo|spa|2
|move|p1a: Ting-Lu|Ruination|p2a: Gholdengo
|-damage|p2a: Gholdengo|38/100 brn
|
|-heal|p1a: Ting-Lu|69/100|[from] item: Leftovers
|-damage|p2a: Gholdengo|32/100 brn|[from] brn
|upkeep
|turn|16
|
|t:|1758944054
|move|p2a: Gholdengo|Recover|p2a: Gholdengo
|-heal|p2a: Gholdengo|82/100 brn
|move|p1a: Ting-Lu|Ruination|p2a: Gholdengo
|-damage|p2a: Gholdengo|42/100 brn
|
|-heal|p1a: Ting-Lu|76/100|[from] item: Leftovers
|-damage|p2a: Gholdengo|35/100 brn|[from] brn
|upkeep
|turn|17
|
|t:|1758944057
|move|p2a: Gholdengo|Recover|p2a: Gholdengo
|-heal|p2a: Gholdengo|85/100 brn
|move|p1a: Ting-Lu|Ruination|p2a: Gholdengo
|-damage|p2a: Gholdengo|43/100 brn
|
|-heal|p1a: Ting-Lu|82/100|[from] item: Leftovers
|-damage|p2a: Gholdengo|37/100 brn|[from] brn
|upkeep
|turn|18
|
|t:|1758944060
|move|p2a: Gholdengo|Make It Rain|p1a: Ting-Lu
|-damage|p1a: Ting-Lu|0 fnt
|-unboost|p2a: Gholdengo|spa|1
|faint|p1a: Ting-Lu
|
|-damage|p2a: Gholdengo|31/100 brn|[from] brn
|upkeep
|
|t:|1758944064
|switch|p1a: Lokix|Lokix, M|100/100
|-damage|p1a: Lokix|76/100|[from] Stealth Rock
|turn|19
|
|t:|1758944066
|switch|p2a: Ting-Lu|Ting-Lu|69/100
|-ability|p2a: Ting-Lu|Vessel of Ruin
|-terastallize|p1a: Lokix|Bug
|move|p1a: Lokix|First Impression|p2a: Ting-Lu
|-supereffective|p2a: Ting-Lu
|-damage|p2a: Ting-Lu|0 fnt
|faint|p2a: Ting-Lu
|
|upkeep
|
|t:|1758944069
|switch|p2a: Dragonite|Dragonite, M|100/100
|turn|20
|
|t:|1758944072
|switch|p1a: Weezing|Weezing-Galar, M|51/100
|-ability|p1a: Weezing|Neutralizing Gas
|move|p2a: Dragonite|Dragon Dance|p2a: Dragonite
|-boost|p2a: Dragonite|atk|1
|-boost|p2a: Dragonite|spe|1
|
|upkeep
|turn|21
|
|t:|1758944077
|move|p2a: Dragonite|Earthquake|p1a: Weezing
|-supereffective|p1a: Weezing
|-damage|p1a: Weezing|0 fnt
|faint|p1a: Weezing
|-end|p1a: Weezing|ability: Neutralizing Gas
|
|upkeep
|
|t:|1758944085
|switch|p1a: Tornadus|Tornadus-Therian, M|97/100 psn
|turn|22
|
|t:|1758944088
|move|p2a: Dragonite|Dragon Dance|p2a: Dragonite
|-boost|p2a: Dragonite|atk|1
|-boost|p2a: Dragonite|spe|1
|move|p1a: Tornadus|Bleakwind Storm|p2a: Dragonite
|-damage|p2a: Dragonite|83/100
|
|-damage|p1a: Tornadus|84/100 psn|[from] psn
|upkeep
|turn|23
|
|t:|1758944092
|move|p2a: Dragonite|Dragon Dance|p2a: Dragonite
|-boost|p2a: Dragonite|atk|1
|-boost|p2a: Dragonite|spe|1
|move|p1a: Tornadus|Bleakwind Storm|p2a: Dragonite|[miss]
|-miss|p1a: Tornadus|p2a: Dragonite
|
|-damage|p1a: Tornadus|72/100 psn|[from] psn
|upkeep
|turn|24
|
|t:|1758944094
|move|p2a: Dragonite|Roost|p2a: Dragonite
|-heal|p2a: Dragonite|100/100
|-singleturn|p2a: Dragonite|move: Roost
|move|p1a: Tornadus|Bleakwind Storm|p2a: Dragonite
|-damage|p2a: Dragonite|81/100
|-unboost|p2a: Dragonite|spe|1
|
|-damage|p1a: Tornadus|60/100 psn|[from] psn
|upkeep
|turn|25
|
|t:|1758944096
|move|p2a: Dragonite|Extreme Speed|p1a: Tornadus
|-damage|p1a: Tornadus|0 fnt
|faint|p1a: Tornadus
|
|upkeep
|
|t:|1758944100
|switch|p1a: Lokix|Lokix, M, tera:Bug|76/100
|-damage|p1a: Lokix|51/100|[from] Stealth Rock
|turn|26
|
|t:|1758944101
|move|p2a: Dragonite|Extreme Speed|p1a: Lokix
|-damage|p1a: Lokix|0 fnt
|faint|p1a: Lokix
|
|upkeep
|
|t:|1758944104
|switch|p1a: Gholdengo|Gholdengo|75/100
|-damage|p1a: Gholdengo|69/100|[from] Stealth Rock
|turn|27
|
|t:|1758944107
|move|p2a: Dragonite|Earthquake|p1a: Gholdengo
|-supereffective|p1a: Gholdengo
|-damage|p1a: Gholdengo|0 fnt
|faint|p1a: Gholdengo
|
|win|slngularlty
|raw|palis111's rating: 1355 &rarr; <strong>1333</strong><br />(-22 for losing)
|raw|slngularlty's rating: 1326 &rarr; <strong>1348</strong><br />(+22 for winning)
|l|☆palis111
|player|p1|
