|j|☆sultansafa
|j|☆Yothas
|t:|1758957997
|gametype|singles
|player|p1|sultansafa|steven|1437
|player|p2|Yothas|170|1418
|gen|9
|tier|[Gen 9] OU
|rated|
|rule|HP Percentage Mod: HP is shown in percentages
|rule|Endless Battle Clause: Forcing endless battles is banned
|rule|Species Clause: Limit one of each Pokémon
|rule|OHKO Clause: OHKO moves are banned
|rule|Evasion Items Clause: Evasion items are banned
|rule|Evasion Moves Clause: Evasion moves are banned
|rule|Evasion Abilities Clause: Evasion abilities are banned
|rule|Sleep Moves Clause: Sleep-inducing moves are banned
|clearpoke
|poke|p1|Blissey, F|
|poke|p1|Kyurem|
|poke|p1|Dondozo, M|
|poke|p1|Tyranitar, F|
|poke|p1|Great Tusk|
|poke|p1|Excadrill, M|
|poke|p2|Skarmory, M|
|poke|p2|Meowscarada, F|
|poke|p2|Rotom-Wash|
|poke|p2|Glimmora, F|
|poke|p2|Tinkaton, F|
|poke|p2|Landorus-Therian, M|
|teampreview
|inactive|Battle timer is ON: inactive players will automatically lose when time's up. (requested by sultansafa)
|
|t:|1758958013
|teamsize|p1|6
|teamsize|p2|6
|start
|switch|p1a: SZOBOSLAI|Kyurem|100/100
|switch|p2a: Tinkaton|Tinkaton, F|100/100
|-ability|p1a: SZOBOSLAI|Pressure
|turn|1
|
|t:|1758958029
|switch|p1a: HAZARD|Dondozo, M, shiny|100/100
|move|p2a: Tinkaton|Knock Off|p1a: HAZARD
|-damage|p1a: HAZARD|89/100
|-enditem|p1a: HAZARD|Leftovers|[from] move: Knock Off|[of] p2a: Tinkaton
|
|upkeep
|turn|2
|
|t:|1758958038
|switch|p2a: Skarmory|Skarmory, M|100/100
|move|p1a: HAZARD|Liquidation|p2a: Skarmory
|-damage|p2a: Skarmory|84/100
|-damage|p1a: HAZARD|73/100|[from] item: Rocky Helmet|[of] p2a: Skarmory
|
|upkeep
|turn|3
|
|t:|1758958050
|move|p2a: Skarmory|Stealth Rock|p1a: HAZARD
|-sidestart|p1: sultansafa|move: Stealth Rock
|move|p1a: HAZARD|Curse|p1a: HAZARD
|-unboost|p1a: HAZARD|spe|1
|-boost|p1a: HAZARD|atk|1
|-boost|p1a: HAZARD|def|1
|
|upkeep
|turn|4
|
|t:|1758958054
|switch|p1a: BIGSTEPPA|Tyranitar, F|100/100
|-damage|p1a: BIGSTEPPA|88/100|[from] Stealth Rock
|-weather|Sandstorm|[from] ability: Sand Stream|[of] p1a: BIGSTEPPA
|move|p2a: Skarmory|Whirlwind|p1a: BIGSTEPPA
|drag|p1a: SALAH|Excadrill, M|100/100
|-damage|p1a: SALAH|97/100|[from] Stealth Rock
|-item|p1a: SALAH|Air Balloon
|
|-weather|Sandstorm|[upkeep]
|upkeep
|turn|5
|
|t:|1758958063
|move|p1a: SALAH|Rapid Spin|p2a: Skarmory
|-resisted|p2a: Skarmory
|-damage|p2a: Skarmory|79/100
|-boost|p1a: SALAH|spe|1
|-damage|p1a: SALAH|81/100|[from] item: Rocky Helmet|[of] p2a: Skarmory
|-sideend|p1: sultansafa|Stealth Rock|[from] move: Rapid Spin|[of] p1a: SALAH
|move|p2a: Skarmory|Whirlwind|p1a: SALAH
|drag|p1a: HAZARD|Dondozo, M, shiny|73/100
|
|-weather|Sandstorm|[upkeep]
|-damage|p1a: HAZARD|67/100|[from] Sandstorm
|upkeep
|turn|6
|
|t:|1758958072
|move|p2a: Skarmory|Stealth Rock|p1a: HAZARD
|-sidestart|p1: sultansafa|move: Stealth Rock
|move|p1a: HAZARD|Liquidation|p2a: Skarmory
|-damage|p2a: Skarmory|62/100
|-damage|p1a: HAZARD|50/100|[from] item: Rocky Helmet|[of] p2a: Skarmory
|
|-weather|Sandstorm|[upkeep]
|-damage|p1a: HAZARD|44/100|[from] Sandstorm
|upkeep
|turn|7
|
|t:|1758958078
|move|p2a: Skarmory|Roost|p2a: Skarmory
|-heal|p2a: Skarmory|100/100
|-singleturn|p2a: Skarmory|move: Roost
|move|p1a: HAZARD|Curse|p1a: HAZARD
|-unboost|p1a: HAZARD|spe|1
|-boost|p1a: HAZARD|atk|1
|-boost|p1a: HAZARD|def|1
|
|-weather|Sandstorm|[upkeep]
|-damage|p1a: HAZARD|38/100|[from] Sandstorm
|upkeep
|turn|8
|
|t:|1758958083
|move|p1a: HAZARD|Rest|p1a: HAZARD
|-status|p1a: HAZARD|slp|[from] move: Rest
|-heal|p1a: HAZARD|100/100 slp|[silent]
|move|p2a: Skarmory|Whirlwind|p1a: HAZARD
|drag|p1a: SZOBOSLAI|Kyurem|100/100
|-damage|p1a: SZOBOSLAI|75/100|[from] Stealth Rock
|-ability|p1a: SZOBOSLAI|Pressure
|
|-weather|none
|upkeep
|turn|9
|
|t:|1758958093
|switch|p2a: Tinkaton|Tinkaton, F|100/100
|move|p1a: SZOBOSLAI|Ice Beam|p2a: Tinkaton
|-resisted|p2a: Tinkaton
|-damage|p2a: Tinkaton|86/100
|
|upkeep
|turn|10
|
|t:|1758958103
|switch|p1a: BONUCCI|Great Tusk|100/100
|switch|p2a: Rotom|Rotom-Wash, shiny|100/100
|
|upkeep
|turn|11
|
|t:|1758958107
|move|p1a: BONUCCI|Rapid Spin|p2a: Rotom
|-damage|p2a: Rotom|77/100
|-boost|p1a: BONUCCI|spe|1
|-sideend|p1: sultansafa|Stealth Rock|[from] move: Rapid Spin|[of] p1a: BONUCCI
|move|p2a: Rotom|Hydro Pump|p1a: BONUCCI
|-supereffective|p1a: BONUCCI
|-crit|p1a: BONUCCI
|-damage|p1a: BONUCCI|0 fnt
|faint|p1a: BONUCCI
|-end|p1a: BONUCCI|Protosynthesis|[silent]
|
|upkeep
|
|t:|1758958113
|switch|p1a: SZOBOSLAI|Kyurem|75/100
|-ability|p1a: SZOBOSLAI|Pressure
|turn|12
|
|t:|1758958118
|switch|p2a: Tinkaton|Tinkaton, F|86/100
|move|p1a: SZOBOSLAI|Earth Power|p2a: Tinkaton
|-supereffective|p2a: Tinkaton
|-damage|p2a: Tinkaton|49/100
|
|upkeep
|turn|13
|
|t:|1758958144
|switch|p1a: SALAH|Excadrill, M|81/100
|-item|p1a: SALAH|Air Balloon
|move|p2a: Tinkaton|Gigaton Hammer|p1a: SALAH
|-resisted|p1a: SALAH
|-damage|p1a: SALAH|36/100
|-enditem|p1a: SALAH|Air Balloon
|
|upkeep
|turn|14
|inactive|sultansafa has 120 seconds left.
|
|t:|1758958159
|switch|p2a: Skarmory|Skarmory, M|100/100
|move|p1a: SALAH|Iron Head|p2a: Skarmory
|-resisted|p2a: Skarmory
|-damage|p2a: Skarmory|86/100
|-damage|p1a: SALAH|19/100|[from] item: Rocky Helmet|[of] p2a: Skarmory
|
|upkeep
|turn|15
|
|t:|1758958165
|move|p1a: SALAH|Swords Dance|p1a: SALAH
|-boost|p1a: SALAH|atk|2
|move|p2a: Skarmory|Stealth Rock|p1a: SALAH
|-sidestart|p1: sultansafa|move: Stealth Rock
|
|upkeep
|turn|16
|
|t:|1758958169
|move|p1a: SALAH|Rapid Spin|p2a: Skarmory
|-resisted|p2a: Skarmory
|-damage|p2a: Skarmory|74/100
|-boost|p1a: SALAH|spe|1
|-damage|p1a: SALAH|3/100|[from] item: Rocky Helmet|[of] p2a: Skarmory
|-sideend|p1: sultansafa|Stealth Rock|[from] move: Rapid Spin|[of] p1a: SALAH
|move|p2a: Skarmory|Roost|p2a: Skarmory
|-heal|p2a: Skarmory|100/100
|-singleturn|p2a: Skarmory|move: Roost
|
|upkeep
|turn|17
|
|t:|1758958174
|switch|p1a: BIGSTEPPA|Tyranitar, F|88/100
|-weather|Sandstorm|[from] ability: Sand Stream|[of] p1a: BIGSTEPPA
|move|p2a: Skarmory|Stealth Rock|p1a: BIGSTEPPA
|-sidestart|p1: sultansafa|move: Stealth Rock
|
|-weather|Sandstorm|[upkeep]
|upkeep
|turn|18
|
|t:|1758958179
|switch|p2a: Rotom|Rotom-Wash, shiny|77/100
|move|p1a: BIGSTEPPA|Knock Off|p2a: Rotom
|-damage|p2a: Rotom|19/100
|-enditem|p2a: Rotom|Choice Specs|[from] move: Knock Off|[of] p1a: BIGSTEPPA
|
|-weather|Sandstorm|[upkeep]
|-damage|p2a: Rotom|12/100|[from] Sandstorm
|upkeep
|turn|19
|
|t:|1758958186
|move|p2a: Rotom|Will-O-Wisp|p1a: BIGSTEPPA
|-status|p1a: BIGSTEPPA|brn
|move|p1a: BIGSTEPPA|Stealth Rock|p2a: Rotom
|-sidestart|p2: Yothas|move: Stealth Rock
|
|-weather|Sandstorm|[upkeep]
|-damage|p2a: Rotom|6/100|[from] Sandstorm
|-damage|p1a: BIGSTEPPA|82/100 brn|[from] brn
|upkeep
|turn|20
|
|t:|1758958192
|move|p2a: Rotom|Volt Switch|p1a: BIGSTEPPA
|-damage|p1a: BIGSTEPPA|66/100 brn
|
|t:|1758958193
|switch|p2a: Glimmora|Glimmora, F|100/100|[from] Volt Switch
|-damage|p2a: Glimmora|88/100|[from] Stealth Rock
|move|p1a: BIGSTEPPA|Dragon Dance|p1a: BIGSTEPPA
|-boost|p1a: BIGSTEPPA|atk|1
|-boost|p1a: BIGSTEPPA|spe|1
|
|-weather|Sandstorm|[upkeep]
|-damage|p1a: BIGSTEPPA|60/100 brn|[from] brn
|upkeep
|turn|21
|
|t:|1758958202
|move|p1a: BIGSTEPPA|Knock Off|p2a: Glimmora
|-damage|p2a: Glimmora|47/100
|-activate|p2a: Glimmora|ability: Toxic Debris
|-sidestart|p1: sultansafa|move: Toxic Spikes
|-enditem|p2a: Glimmora|Focus Sash|[from] move: Knock Off|[of] p1a: BIGSTEPPA
|move|p2a: Glimmora|Mortal Spin|p1a: BIGSTEPPA
|-resisted|p1a: BIGSTEPPA
|-damage|p1a: BIGSTEPPA|58/100 brn
|-sideend|p2: Yothas|Stealth Rock|[from] move: Mortal Spin|[of] p2a: Glimmora
|
|-weather|none
|-damage|p1a: BIGSTEPPA|51/100 brn|[from] brn
|upkeep
|turn|22
|
|t:|1758958215
|move|p1a: BIGSTEPPA|Dragon Dance|p1a: BIGSTEPPA
|-boost|p1a: BIGSTEPPA|atk|1
|-boost|p1a: BIGSTEPPA|spe|1
|move|p2a: Glimmora|Earth Power|p1a: BIGSTEPPA
|-supereffective|p1a: BIGSTEPPA
|-damage|p1a: BIGSTEPPA|0 fnt
|faint|p1a: BIGSTEPPA
|
|upkeep
|c|☆Yothas|Gg
|c|☆sultansafa|g
|
|t:|1758958225
|switch|p1a: SZOBOSLAI|Kyurem|75/100
|-damage|p1a: SZOBOSLAI|50/100|[from] Stealth Rock
|-status|p1a: SZOBOSLAI|psn
|-ability|p1a: SZOBOSLAI|Pressure
|turn|23
|c|☆sultansafa|g
|c|☆Yothas|u got cooked bad
|c|☆sultansafa|bro ik
|
|t:|1758958236
|switch|p2a: Tinkaton|Tinkaton, F|49/100
|move|p1a: SZOBOSLAI|Earth Power|p2a: Tinkaton
|-supereffective|p2a: Tinkaton
|-damage|p2a: Tinkaton|13/100
|
|-damage|p1a: SZOBOSLAI|38/100 psn|[from] psn
|upkeep
|turn|24
|c|☆sultansafa|i got washed by a skarm ww set
|
|t:|1758958251
|switch|p2a: Skarmory|Skarmory, M|100/100
|move|p1a: SZOBOSLAI|Earth Power|p2a: Skarmory
|-immune|p2a: Skarmory
|
|-damage|p1a: SZOBOSLAI|25/100 psn|[from] psn
|upkeep
|turn|25
|
|t:|1758958257
|move|p1a: SZOBOSLAI|Earth Power|p2a: Skarmory
|-immune|p2a: Skarmory
|move|p2a: Skarmory|Whirlwind|p1a: SZOBOSLAI
|drag|p1a: HAZARD|Dondozo, M, shiny|100/100 slp
|-damage|p1a: HAZARD|88/100 slp|[from] Stealth Rock
|
|upkeep
|turn|26
|
|t:|1758958263
|switch|p2a: Rotom|Rotom-Wash, shiny|6/100
|cant|p1a: HAZARD|slp
|move|p1a: HAZARD|Sleep Talk|p1a: HAZARD
|move|p1a: HAZARD|Liquidation|p2a: Rotom|[from] move: Sleep Talk
|-resisted|p2a: Rotom
|-crit|p2a: Rotom
|-damage|p2a: Rotom|0 fnt
|faint|p2a: Rotom
|
|upkeep
|
|t:|1758958272
|switch|p2a: Meowscarada|Meowscarada, F|100/100
|turn|27
|
|t:|1758958278
|switch|p1a: SZOBOSLAI|Kyurem|25/100 psn
|-damage|p1a: SZOBOSLAI|0 fnt|[from] Stealth Rock
|faint|p1a: SZOBOSLAI
|move|p2a: Meowscarada|Flower Trick|p1: SZOBOSLAI|[notarget]
|-fail|p2a: Meowscarada
|
|upkeep
|
|t:|1758958284
|switch|p1a: SALAH|Excadrill, M|3/100
|-damage|p1a: SALAH|0 fnt|[from] Stealth Rock
|faint|p1a: SALAH
|
|t:|1758958294
|switch|p1a: GAKPO|Blissey, F|100/100
|-damage|p1a: GAKPO|88/100|[from] Stealth Rock
|-status|p1a: GAKPO|psn
|turn|28
|
|t:|1758958301
|switch|p2a: Tinkaton|Tinkaton, F|13/100
|move|p1a: GAKPO|Thunder Wave|p2a: Tinkaton|[miss]
|-miss|p1a: GAKPO|p2a: Tinkaton
|
|-heal|p1a: GAKPO|94/100 psn|[from] item: Leftovers
|-damage|p1a: GAKPO|82/100 psn|[from] psn
|upkeep
|turn|29
|inactive|sultansafa has 120 seconds left.
|c|☆sultansafa|honestly game wasnt too bad was pretty close for the most part
|
|t:|1758958360
|move|p2a: Tinkaton|Play Rough|p1a: GAKPO
|-damage|p1a: GAKPO|49/100 psn
|-unboost|p1a: GAKPO|atk|1
|move|p1a: GAKPO|Seismic Toss|p2a: Tinkaton
|-damage|p2a: Tinkaton|0 fnt
|faint|p2a: Tinkaton
|
|-heal|p1a: GAKPO|55/100 psn|[from] item: Leftovers
|-damage|p1a: GAKPO|43/100 psn|[from] psn
|upkeep
|
|t:|1758958366
|switch|p2a: Meowscarada|Meowscarada, F|100/100
|turn|30
|
|t:|1758958370
|-terastallize|p2a: Meowscarada|Grass
|move|p2a: Meowscarada|Flower Trick|p1a: GAKPO
|-crit|p1a: GAKPO
|-damage|p1a: GAKPO|0 fnt
|faint|p1a: GAKPO
|
|upkeep
|
|t:|1758958373
|switch|p1a: HAZARD|Dondozo, M, shiny|88/100 slp
|-damage|p1a: HAZARD|75/100 slp|[from] Stealth Rock
|turn|31
|
|t:|1758958376
|move|p2a: Meowscarada|Flower Trick|p1a: HAZARD
|-supereffective|p1a: HAZARD
|-crit|p1a: HAZARD
|-damage|p1a: HAZARD|17/100 slp
|cant|p1a: HAZARD|slp
|move|p1a: HAZARD|Sleep Talk|p1a: HAZARD
|move|p1a: HAZARD|Rest||[from] move: Sleep Talk|[still]
|-fail|p1a: HAZARD
|
|upkeep
|turn|32
|c|☆sultansafa|gg
|
|t:|1758958379
|move|p2a: Meowscarada|Flower Trick|p1a: HAZARD
|-supereffective|p1a: HAZARD
|-crit|p1a: HAZARD
|-damage|p1a: HAZARD|0 fnt
|faint|p1a: HAZARD
|
|win|Yothas
|raw|sultansafa's rating: 1437 &rarr; <strong>1416</strong><br />(-21 for losing)
|raw|Yothas's rating: 1418 &rarr; <strong>1439</strong><br />(+21 for winning)
|l|☆Yothas
|player|p2|
|l|☆sultansafa
|player|p1|
