|raw|<div class="broadcast-blue"><strong>This battle is required to be public due to a player having a name starting with 'lt2'.</div>
|j|☆LT2 lulu
|j|☆Yelo_Galaxy
|t:|1759048306
|gametype|singles
|player|p1|LT2 lulu|170|1663
|player|p2|Yelo_Galaxy|169|1677
|gen|9
|tier|[Gen 9] OU
|rated|
|rule|HP Percentage Mod: HP is shown in percentages
|rule|Endless Battle Clause: Forcing endless battles is banned
|rule|Species Clause: Limit one of each Pokémon
|rule|OHKO Clause: OHKO moves are banned
|rule|Evasion Items Clause: Evasion items are banned
|rule|Evasion Moves Clause: Evasion moves are banned
|rule|Evasion Abilities Clause: Evasion abilities are banned
|rule|Sleep Moves Clause: Sleep-inducing moves are banned
|clearpoke
|poke|p1|Garganacl, M|
|poke|p1|Great Tusk|
|poke|p1|Corviknight, M|
|poke|p1|Hoopa-Unbound|
|poke|p1|Sinistcha|
|poke|p1|Weezing-Galar, M|
|poke|p2|Torkoal, F|
|poke|p2|Hatterene, F|
|poke|p2|Raging Bolt|
|poke|p2|Slither Wing|
|poke|p2|Venusaur, F|
|poke|p2|Walking Wake|
|teampreview
|
|t:|1759048314
|teamsize|p1|6
|teamsize|p2|6
|start
|switch|p1a: Garganacl|Garganacl, M, shiny|100/100
|switch|p2a: Slither Wing|Slither Wing|100/100
|turn|1
|
|t:|1759048325
|move|p2a: Slither Wing|U-turn|p1a: Garganacl
|-damage|p1a: Garganacl|74/100
|
|t:|1759048329
|-end|p2a: Slither Wing|Protosynthesis|[silent]
|switch|p2a: Torkoal|Torkoal, F|100/100|[from] U-turn
|-weather|SunnyDay|[from] ability: Drought|[of] p2a: Torkoal
|move|p1a: Garganacl|Salt Cure|p2a: Torkoal
|-supereffective|p2a: Torkoal
|-damage|p2a: Torkoal|77/100
|-start|p2a: Torkoal|Salt Cure
|
|-weather|SunnyDay|[upkeep]
|-heal|p1a: Garganacl|81/100|[from] item: Leftovers
|-damage|p2a: Torkoal|65/100|[from] Salt Cure
|upkeep
|turn|2
|
|t:|1759048343
|switch|p2a: Walking Wake|Walking Wake|100/100
|-activate|p2a: Walking Wake|ability: Protosynthesis
|-start|p2a: Walking Wake|protosynthesisspe
|move|p1a: Garganacl|Salt Cure|p2a: Walking Wake
|-damage|p2a: Walking Wake|85/100
|-start|p2a: Walking Wake|Salt Cure
|
|-weather|SunnyDay|[upkeep]
|-heal|p1a: Garganacl|87/100|[from] item: Leftovers
|-damage|p2a: Walking Wake|60/100|[from] Salt Cure
|upkeep
|turn|3
|
|t:|1759048356
|-end|p2a: Walking Wake|Protosynthesis|[silent]
|switch|p2a: Raging Bolt|Raging Bolt|100/100
|-activate|p2a: Raging Bolt|ability: Protosynthesis
|-start|p2a: Raging Bolt|protosynthesisspa
|move|p1a: Garganacl|Protect||[still]
|-fail|p1a: Garganacl
|
|-weather|SunnyDay|[upkeep]
|-heal|p1a: Garganacl|93/100|[from] item: Leftovers
|upkeep
|turn|4
|
|t:|1759048368
|switch|p1a: Sinistcha|Sinistcha, shiny|100/100
|move|p2a: Raging Bolt|Solar Beam||[still]
|-prepare|p2a: Raging Bolt|Solar Beam
|-anim|p2a: Raging Bolt|Solar Beam|p1a: Sinistcha
|-resisted|p1a: Sinistcha
|-damage|p1a: Sinistcha|50/100
|-damage|p2a: Raging Bolt|91/100|[from] item: Life Orb
|
|-weather|SunnyDay|[upkeep]
|upkeep
|turn|5
|
|t:|1759048379
|move|p2a: Raging Bolt|Weather Ball|p1a: Sinistcha
|-supereffective|p1a: Sinistcha
|-damage|p1a: Sinistcha|0 fnt
|faint|p1a: Sinistcha
|-damage|p2a: Raging Bolt|81/100|[from] item: Life Orb
|
|-weather|SunnyDay|[upkeep]
|upkeep
|
|t:|1759048392
|switch|p1a: Hoopa|Hoopa-Unbound|100/100
|turn|6
|
|t:|1759048400
|-end|p2a: Raging Bolt|Protosynthesis|[silent]
|switch|p2a: Slither Wing|Slither Wing|100/100
|-activate|p2a: Slither Wing|ability: Protosynthesis
|-start|p2a: Slither Wing|protosynthesisatk
|move|p1a: Hoopa|Knock Off|p2a: Slither Wing
|-resisted|p2a: Slither Wing
|-damage|p2a: Slither Wing|67/100
|-enditem|p2a: Slither Wing|Assault Vest|[from] move: Knock Off|[of] p1a: Hoopa
|
|-weather|SunnyDay|[upkeep]
|upkeep
|turn|7
|
|t:|1759048413
|switch|p1a: Great Tusk|Great Tusk, shiny|100/100
|-activate|p1a: Great Tusk|ability: Protosynthesis
|-start|p1a: Great Tusk|protosynthesisatk
|move|p2a: Slither Wing|U-turn|p1a: Great Tusk
|-resisted|p1a: Great Tusk
|-damage|p1a: Great Tusk|82/100
|
|t:|1759048416
|-end|p2a: Slither Wing|Protosynthesis|[silent]
|switch|p2a: Walking Wake|Walking Wake|60/100|[from] U-turn
|-activate|p2a: Walking Wake|ability: Protosynthesis
|-start|p2a: Walking Wake|protosynthesisspe
|
|-weather|SunnyDay|[upkeep]
|upkeep
|turn|8
|
|t:|1759048435
|move|p2a: Walking Wake|Hydro Steam|p1a: Great Tusk
|-supereffective|p1a: Great Tusk
|-damage|p1a: Great Tusk|0 fnt
|faint|p1a: Great Tusk
|-end|p1a: Great Tusk|Protosynthesis|[silent]
|
|-weather|none
|-end|p2a: Walking Wake|Protosynthesis
|upkeep
|inactive|Battle timer is ON: inactive players will automatically lose when time's up. (requested by Yelo_Galaxy)
|
|t:|1759048441
|switch|p1a: Hoopa|Hoopa-Unbound|100/100
|turn|9
|
|t:|1759048446
|-end|p2a: Walking Wake|Protosynthesis|[silent]
|switch|p2a: Torkoal|Torkoal, F|65/100
|-weather|SunnyDay|[from] ability: Drought|[of] p2a: Torkoal
|move|p1a: Hoopa|Psychic Noise|p2a: Torkoal
|-damage|p2a: Torkoal|7/100
|-start|p2a: Torkoal|move: Heal Block
|
|-weather|SunnyDay|[upkeep]
|upkeep
|turn|10
|
|t:|1759048467
|switch|p2a: Walking Wake|Walking Wake|60/100
|-activate|p2a: Walking Wake|ability: Protosynthesis
|-start|p2a: Walking Wake|protosynthesisspe
|move|p1a: Hoopa|Knock Off|p2a: Walking Wake
|-damage|p2a: Walking Wake|0 fnt
|-enditem|p2a: Walking Wake|Wise Glasses|[from] move: Knock Off|[of] p1a: Hoopa
|faint|p2a: Walking Wake
|-end|p2a: Walking Wake|Protosynthesis|[silent]
|
|-weather|SunnyDay|[upkeep]
|upkeep
|
|t:|1759048469
|switch|p2a: Slither Wing|Slither Wing|67/100
|-activate|p2a: Slither Wing|ability: Protosynthesis
|-start|p2a: Slither Wing|protosynthesisatk
|turn|11
|
|t:|1759048485
|switch|p1a: Weezing|Weezing-Galar, M, shiny|100/100
|-ability|p1a: Weezing|Neutralizing Gas
|move|p2a: Slither Wing|Earthquake|p1a: Weezing
|-supereffective|p1a: Weezing
|-damage|p1a: Weezing|52/100
|
|-weather|SunnyDay|[upkeep]
|upkeep
|turn|12
|
|t:|1759048494
|move|p2a: Slither Wing|Earthquake|p1a: Weezing
|-supereffective|p1a: Weezing
|-damage|p1a: Weezing|3/100
|move|p1a: Weezing|Will-O-Wisp|p2a: Slither Wing
|-status|p2a: Slither Wing|brn
|
|-weather|SunnyDay|[upkeep]
|-damage|p2a: Slither Wing|61/100 brn|[from] brn
|upkeep
|turn|13
|
|t:|1759048506
|move|p2a: Slither Wing|Earthquake|p1a: Weezing
|-supereffective|p1a: Weezing
|-crit|p1a: Weezing
|-damage|p1a: Weezing|0 fnt
|faint|p1a: Weezing
|-end|p1a: Weezing|ability: Neutralizing Gas
|
|-weather|SunnyDay|[upkeep]
|-damage|p2a: Slither Wing|54/100 brn|[from] brn
|upkeep
|
|t:|1759048510
|switch|p1a: Garganacl|Garganacl, M, shiny|93/100
|turn|14
|
|t:|1759048516
|move|p1a: Garganacl|Protect|p1a: Garganacl
|-singleturn|p1a: Garganacl|Protect
|move|p2a: Slither Wing|U-turn|p1a: Garganacl
|-activate|p1a: Garganacl|move: Protect
|
|-weather|SunnyDay|[upkeep]
|-heal|p1a: Garganacl|99/100|[from] item: Leftovers
|-damage|p2a: Slither Wing|48/100 brn|[from] brn
|upkeep
|turn|15
|
|t:|1759048522
|move|p2a: Slither Wing|Earthquake|p1a: Garganacl
|-supereffective|p1a: Garganacl
|-damage|p1a: Garganacl|67/100
|move|p1a: Garganacl|Salt Cure|p2a: Slither Wing
|-damage|p2a: Slither Wing|30/100 brn
|-start|p2a: Slither Wing|Salt Cure
|
|-weather|SunnyDay|[upkeep]
|-heal|p1a: Garganacl|73/100|[from] item: Leftovers
|-damage|p2a: Slither Wing|24/100 brn|[from] brn
|-damage|p2a: Slither Wing|11/100 brn|[from] Salt Cure
|upkeep
|turn|16
|
|t:|1759048528
|-end|p2a: Slither Wing|Protosynthesis|[silent]
|switch|p2a: Venusaur|Venusaur, F|100/100
|move|p1a: Garganacl|Stealth Rock|p2a: Venusaur
|-sidestart|p2: Yelo_Galaxy|move: Stealth Rock
|
|-weather|none
|-heal|p1a: Garganacl|79/100|[from] item: Leftovers
|upkeep
|turn|17
|
|t:|1759048537
|switch|p2a: Torkoal|Torkoal, F|7/100
|-damage|p2a: Torkoal|0 fnt|[from] Stealth Rock
|faint|p2a: Torkoal
|switch|p1a: Corviknight|Corviknight, M, shiny|100/100
|-ability|p1a: Corviknight|Pressure
|
|upkeep
|
|t:|1759048556
|switch|p2a: Raging Bolt|Raging Bolt|81/100
|-damage|p2a: Raging Bolt|68/100|[from] Stealth Rock
|turn|18
|
|t:|1759048562
|switch|p1a: Hoopa|Hoopa-Unbound|100/100
|move|p2a: Raging Bolt|Thunderclap||[still]
|-fail|p2a: Raging Bolt
|
|upkeep
|turn|19
|
|t:|1759048573
|move|p2a: Raging Bolt|Dragon Pulse|p1a: Hoopa
|-damage|p1a: Hoopa|65/100
|-damage|p2a: Raging Bolt|58/100|[from] item: Life Orb
|move|p1a: Hoopa|Psychic Noise|p2a: Raging Bolt
|-damage|p2a: Raging Bolt|14/100
|-start|p2a: Raging Bolt|move: Heal Block
|
|upkeep
|turn|20
|-message|Yelo_Galaxy forfeited.
|
|win|LT2 lulu
|raw|LT2 lulu's rating: 1663 &rarr; <strong>1684</strong><br />(+21 for winning)
|raw|Yelo_Galaxy's rating: 1677 &rarr; <strong>1656</strong><br />(-21 for losing)
|l|☆Yelo_Galaxy
|player|p2|
|l|☆LT2 lulu
|player|p1|
