|j|☆Clodsireenjoyer999
|j|☆Ludibrobro
|t:|1758922878
|gametype|singles
|player|p1|Clodsireenjoyer999|chili|1587
|player|p2|Ludibrobro|102|1564
|gen|9
|tier|[Gen 9] OU
|rated|
|rule|HP Percentage Mod: HP is shown in percentages
|rule|Endless Battle Clause: Forcing endless battles is banned
|rule|Species Clause: Limit one of each Pokémon
|rule|OHKO Clause: OHKO moves are banned
|rule|Evasion Items Clause: Evasion items are banned
|rule|Evasion Moves Clause: Evasion moves are banned
|rule|Evasion Abilities Clause: Evasion abilities are banned
|rule|Sleep Moves Clause: Sleep-inducing moves are banned
|clearpoke
|poke|p1|Slither Wing|
|poke|p1|Garganacl, M|
|poke|p1|Clodsire, F|
|poke|p1|Gliscor, F|
|poke|p1|Weavile, F|
|poke|p1|Gholdengo|
|poke|p2|Typhlosion, F|
|poke|p2|Torkoal, F|
|poke|p2|Hatterene, F|
|poke|p2|Great Tusk|
|poke|p2|Walking Wake|
|poke|p2|Clodsire, M|
|teampreview
|c|☆Clodsireenjoyer999|glhf
|
|t:|1758922890
|teamsize|p1|6
|teamsize|p2|6
|start
|switch|p1a: Gary anacl|Garganacl, M|100/100
|switch|p2a: Torkoal|Torkoal, F|100/100
|-weather|SunnyDay|[from] ability: Drought|[of] p2a: Torkoal
|turn|1
|inactive|Battle timer is ON: inactive players will automatically lose when time's up. (requested by Ludibrobro)
|
|t:|1758922903
|move|p1a: Gary anacl|Salt Cure|p2a: Torkoal
|-supereffective|p2a: Torkoal
|-damage|p2a: Torkoal|85/100
|-start|p2a: Torkoal|Salt Cure
|move|p2a: Torkoal|Stealth Rock|p1a: Gary anacl
|-sidestart|p1: Clodsireenjoyer999|move: Stealth Rock
|
|-weather|SunnyDay|[upkeep]
|-damage|p2a: Torkoal|72/100|[from] Salt Cure
|upkeep
|turn|2
|
|t:|1758922912
|switch|p2a: Great Tusk|Great Tusk|100/100
|-activate|p2a: Great Tusk|ability: Protosynthesis
|-start|p2a: Great Tusk|protosynthesisatk
|move|p1a: Gary anacl|Earthquake|p2a: Great Tusk
|-damage|p2a: Great Tusk|83/100
|
|-weather|SunnyDay|[upkeep]
|upkeep
|turn|3
|
|t:|1758922921
|switch|p1a: Sullivan wing|Slither Wing|100/100
|-activate|p1a: Sullivan wing|ability: Protosynthesis
|-start|p1a: Sullivan wing|protosynthesisatk
|move|p2a: Great Tusk|Ice Spinner|p1a: Sullivan wing
|-damage|p1a: Sullivan wing|72/100
|
|-weather|SunnyDay|[upkeep]
|upkeep
|turn|4
|
|t:|1758922929
|move|p2a: Great Tusk|Temper Flare|p1a: Sullivan wing
|-supereffective|p1a: Sullivan wing
|-damage|p1a: Sullivan wing|0 fnt
|faint|p1a: Sullivan wing
|-end|p1a: Sullivan wing|Protosynthesis|[silent]
|
|-weather|SunnyDay|[upkeep]
|upkeep
|
|t:|1758922934
|switch|p1a: Wesley vile|Weavile, F|100/100
|-ability|p1a: Wesley vile|Pressure
|turn|5
|
|t:|1758922955
|-end|p2a: Great Tusk|Protosynthesis|[silent]
|switch|p2a: Torkoal|Torkoal, F|72/100
|move|p1a: Wesley vile|Triple Axel|p2a: Torkoal
|-resisted|p2a: Torkoal
|-damage|p2a: Torkoal|69/100
|-resisted|p2a: Torkoal
|-damage|p2a: Torkoal|64/100
|-resisted|p2a: Torkoal
|-damage|p2a: Torkoal|54/100
|-hitcount|p2a: Torkoal|3
|
|-weather|SunnyDay|[upkeep]
|upkeep
|turn|6
|
|t:|1758922966
|switch|p1a: Gary anacl|Garganacl, M|100/100
|-damage|p1a: Gary anacl|88/100|[from] Stealth Rock
|switch|p2a: Great Tusk|Great Tusk|83/100
|-activate|p2a: Great Tusk|ability: Protosynthesis
|-start|p2a: Great Tusk|protosynthesisatk
|
|-weather|SunnyDay|[upkeep]
|-heal|p1a: Gary anacl|94/100|[from] item: Leftovers
|upkeep
|turn|7
|
|t:|1758922976
|-terastallize|p1a: Gary anacl|Water
|move|p2a: Great Tusk|Ice Spinner|p1a: Gary anacl
|-resisted|p1a: Gary anacl
|-damage|p1a: Gary anacl|82/100
|move|p1a: Gary anacl|Curse|p1a: Gary anacl
|-unboost|p1a: Gary anacl|spe|1
|-boost|p1a: Gary anacl|atk|1
|-boost|p1a: Gary anacl|def|1
|
|-weather|SunnyDay|[upkeep]
|-heal|p1a: Gary anacl|88/100|[from] item: Leftovers
|upkeep
|turn|8
|
|t:|1758922989
|-end|p2a: Great Tusk|Protosynthesis|[silent]
|switch|p2a: Hatterene|Hatterene, F|100/100
|move|p1a: Gary anacl|Curse|p1a: Gary anacl
|-unboost|p1a: Gary anacl|spe|1
|-boost|p1a: Gary anacl|atk|1
|-boost|p1a: Gary anacl|def|1
|
|-weather|none
|-heal|p1a: Gary anacl|94/100|[from] item: Leftovers
|upkeep
|turn|9
|
|t:|1758922998
|move|p2a: Hatterene|Calm Mind|p2a: Hatterene
|-boost|p2a: Hatterene|spa|1
|-boost|p2a: Hatterene|spd|1
|move|p1a: Gary anacl|Earthquake|p2a: Hatterene
|-damage|p2a: Hatterene|63/100
|
|-heal|p2a: Hatterene|69/100|[from] item: Leftovers
|-heal|p1a: Gary anacl|100/100|[from] item: Leftovers
|upkeep
|turn|10
|
|t:|1758923005
|move|p2a: Hatterene|Calm Mind|p2a: Hatterene
|-boost|p2a: Hatterene|spa|1
|-boost|p2a: Hatterene|spd|1
|move|p1a: Gary anacl|Salt Cure|p2a: Hatterene
|-damage|p2a: Hatterene|47/100
|-start|p2a: Hatterene|Salt Cure
|
|-heal|p2a: Hatterene|53/100|[from] item: Leftovers
|-damage|p2a: Hatterene|41/100|[from] Salt Cure
|upkeep
|turn|11
|
|t:|1758923014
|move|p2a: Hatterene|Draining Kiss|p1a: Gary anacl
|-damage|p1a: Gary anacl|69/100
|-heal|p2a: Hatterene|71/100|[from] drain|[of] p1a: Gary anacl
|move|p1a: Gary anacl|Earthquake|p2a: Hatterene
|-damage|p2a: Hatterene|37/100
|
|-heal|p2a: Hatterene|43/100|[from] item: Leftovers
|-heal|p1a: Gary anacl|75/100|[from] item: Leftovers
|-damage|p2a: Hatterene|31/100|[from] Salt Cure
|upkeep
|turn|12
|
|t:|1758923027
|move|p2a: Hatterene|Draining Kiss|p1a: Gary anacl
|-damage|p1a: Gary anacl|43/100
|-heal|p2a: Hatterene|63/100|[from] drain|[of] p1a: Gary anacl
|move|p1a: Gary anacl|Earthquake|p2a: Hatterene
|-damage|p2a: Hatterene|27/100
|
|-heal|p2a: Hatterene|33/100|[from] item: Leftovers
|-heal|p1a: Gary anacl|49/100|[from] item: Leftovers
|-damage|p2a: Hatterene|21/100|[from] Salt Cure
|upkeep
|turn|13
|
|t:|1758923037
|move|p2a: Hatterene|Draining Kiss|p1a: Gary anacl
|-damage|p1a: Gary anacl|19/100
|-heal|p2a: Hatterene|50/100|[from] drain|[of] p1a: Gary anacl
|move|p1a: Gary anacl|Recover|p1a: Gary anacl
|-heal|p1a: Gary anacl|69/100
|
|-heal|p2a: Hatterene|57/100|[from] item: Leftovers
|-heal|p1a: Gary anacl|75/100|[from] item: Leftovers
|-damage|p2a: Hatterene|44/100|[from] Salt Cure
|upkeep
|turn|14
|
|t:|1758923046
|switch|p1a: Gloria dengo|Gholdengo|100/100
|move|p2a: Hatterene|Draining Kiss|p1a: Gloria dengo
|-resisted|p1a: Gloria dengo
|-damage|p1a: Gloria dengo|78/100
|-heal|p2a: Hatterene|65/100|[from] drain|[of] p1a: Gloria dengo
|
|-heal|p2a: Hatterene|71/100|[from] item: Leftovers
|-damage|p2a: Hatterene|59/100|[from] Salt Cure
|upkeep
|turn|15
|
|t:|1758923055
|switch|p2a: Torkoal|Torkoal, F|54/100
|-weather|SunnyDay|[from] ability: Drought|[of] p2a: Torkoal
|move|p1a: Gloria dengo|Make It Rain|p2a: Torkoal
|-resisted|p2a: Torkoal
|-damage|p2a: Torkoal|18/100
|-unboost|p1a: Gloria dengo|spa|1
|
|-weather|SunnyDay|[upkeep]
|upkeep
|turn|16
|
|t:|1758923068
|switch|p2a: Great Tusk|Great Tusk|83/100
|-activate|p2a: Great Tusk|ability: Protosynthesis
|-start|p2a: Great Tusk|protosynthesisatk
|move|p1a: Gloria dengo|Shadow Ball|p2a: Great Tusk
|-damage|p2a: Great Tusk|46/100
|-unboost|p2a: Great Tusk|spd|1
|
|-weather|SunnyDay|[upkeep]
|upkeep
|turn|17
|
|t:|1758923080
|switch|p1a: Glen scor|Gliscor, F|100/100
|-damage|p1a: Glen scor|88/100|[from] Stealth Rock
|move|p2a: Great Tusk|Headlong Rush|p1a: Glen scor
|-immune|p1a: Glen scor
|
|-weather|SunnyDay|[upkeep]
|-status|p1a: Glen scor|tox|[from] item: Toxic Orb
|upkeep
|turn|18
|
|t:|1758923096
|switch|p1a: Wesley vile|Weavile, F|100/100
|-ability|p1a: Wesley vile|Pressure
|move|p2a: Great Tusk|Headlong Rush|p1a: Wesley vile
|-damage|p1a: Wesley vile|0 fnt
|-unboost|p2a: Great Tusk|def|1
|-unboost|p2a: Great Tusk|spd|1
|faint|p1a: Wesley vile
|
|-weather|SunnyDay|[upkeep]
|upkeep
|
|t:|1758923108
|switch|p1a: Gary anacl|Garganacl, M, tera:Water|75/100
|-damage|p1a: Gary anacl|63/100|[from] Stealth Rock
|turn|19
|
|t:|1758923112
|move|p2a: Great Tusk|Headlong Rush|p1a: Gary anacl
|-damage|p1a: Gary anacl|14/100
|-unboost|p2a: Great Tusk|def|1
|-unboost|p2a: Great Tusk|spd|1
|move|p1a: Gary anacl|Recover|p1a: Gary anacl
|-heal|p1a: Gary anacl|64/100
|
|-weather|SunnyDay|[upkeep]
|-heal|p1a: Gary anacl|70/100|[from] item: Leftovers
|upkeep
|turn|20
|
|t:|1758923121
|move|p2a: Great Tusk|Headlong Rush|p1a: Gary anacl
|-damage|p1a: Gary anacl|15/100
|-unboost|p2a: Great Tusk|def|1
|-unboost|p2a: Great Tusk|spd|1
|move|p1a: Gary anacl|Recover|p1a: Gary anacl
|-heal|p1a: Gary anacl|65/100
|
|-weather|SunnyDay|[upkeep]
|-heal|p1a: Gary anacl|72/100|[from] item: Leftovers
|upkeep
|turn|21
|
|t:|1758923130
|move|p2a: Great Tusk|Headlong Rush|p1a: Gary anacl
|-damage|p1a: Gary anacl|20/100
|-unboost|p2a: Great Tusk|def|1
|-unboost|p2a: Great Tusk|spd|1
|move|p1a: Gary anacl|Recover|p1a: Gary anacl
|-heal|p1a: Gary anacl|70/100
|
|-weather|SunnyDay|[upkeep]
|-heal|p1a: Gary anacl|76/100|[from] item: Leftovers
|upkeep
|turn|22
|
|t:|1758923138
|move|p2a: Great Tusk|Headlong Rush|p1a: Gary anacl
|-damage|p1a: Gary anacl|22/100
|-unboost|p2a: Great Tusk|def|1
|-unboost|p2a: Great Tusk|spd|1
|move|p1a: Gary anacl|Recover|p1a: Gary anacl
|-heal|p1a: Gary anacl|72/100
|
|-weather|none
|-end|p2a: Great Tusk|Protosynthesis
|-heal|p1a: Gary anacl|78/100|[from] item: Leftovers
|upkeep
|-enditem|p2a: Great Tusk|Booster Energy
|-activate|p2a: Great Tusk|ability: Protosynthesis|[fromitem]
|-start|p2a: Great Tusk|protosynthesisatk
|turn|23
|c|☆Clodsireenjoyer999|gg
|
|t:|1758923157
|move|p2a: Great Tusk|Headlong Rush|p1a: Gary anacl
|-damage|p1a: Gary anacl|25/100
|-unboost|p2a: Great Tusk|def|1
|move|p1a: Gary anacl|Earthquake|p2a: Great Tusk
|-damage|p2a: Great Tusk|0 fnt
|faint|p2a: Great Tusk
|-end|p2a: Great Tusk|Protosynthesis|[silent]
|
|-heal|p1a: Gary anacl|32/100|[from] item: Leftovers
|upkeep
|
|t:|1758923173
|switch|p2a: Walking Wake|Walking Wake|100/100
|turn|24
|
|t:|1758923179
|switch|p1a: Gloria dengo|Gholdengo|78/100
|move|p2a: Walking Wake|Draco Meteor|p1a: Gloria dengo
|-resisted|p1a: Gloria dengo
|-damage|p1a: Gloria dengo|27/100
|-unboost|p2a: Walking Wake|spa|2
|
|upkeep
|turn|25
|
|t:|1758923197
|-end|p2a: Walking Wake|Protosynthesis|[silent]
|switch|p2a: Torkoal|Torkoal, F|18/100
|-weather|SunnyDay|[from] ability: Drought|[of] p2a: Torkoal
|move|p1a: Gloria dengo|Recover|p1a: Gloria dengo
|-heal|p1a: Gloria dengo|77/100
|
|-weather|SunnyDay|[upkeep]
|upkeep
|turn|26
|inactive|Ludibrobro has 120 seconds left.
|
|t:|1758923235
|switch|p2a: Walking Wake|Walking Wake|100/100
|-activate|p2a: Walking Wake|ability: Protosynthesis
|-start|p2a: Walking Wake|protosynthesisspe
|move|p1a: Gloria dengo|Shadow Ball|p2a: Walking Wake
|-damage|p2a: Walking Wake|57/100
|
|-weather|SunnyDay|[upkeep]
|upkeep
|turn|27
|
|t:|1758923243
|switch|p1a: Claude sire|Clodsire, F|100/100
|move|p2a: Walking Wake|Flamethrower|p1a: Claude sire
|-damage|p1a: Claude sire|61/100
|
|-weather|SunnyDay|[upkeep]
|upkeep
|turn|28
|inactive|Ludibrobro has 120 seconds left.
|
|t:|1758923262
|move|p2a: Walking Wake|Flamethrower|p1a: Claude sire
|-damage|p1a: Claude sire|27/100
|move|p1a: Claude sire|Recover|p1a: Claude sire
|-heal|p1a: Claude sire|77/100
|
|-weather|SunnyDay|[upkeep]
|upkeep
|turn|29
|
|t:|1758923272
|move|p2a: Walking Wake|Flamethrower|p1a: Claude sire
|-damage|p1a: Claude sire|40/100
|move|p1a: Claude sire|Recover|p1a: Claude sire
|-heal|p1a: Claude sire|91/100
|
|-weather|SunnyDay|[upkeep]
|upkeep
|turn|30
|
|t:|1758923278
|move|p2a: Walking Wake|Flamethrower|p1a: Claude sire
|-damage|p1a: Claude sire|51/100
|move|p1a: Claude sire|Toxic|p2a: Walking Wake
|-status|p2a: Walking Wake|tox
|
|-weather|SunnyDay|[upkeep]
|-damage|p2a: Walking Wake|51/100 tox|[from] psn
|upkeep
|turn|31
|
|t:|1758923285
|-end|p2a: Walking Wake|Protosynthesis|[silent]
|switch|p2a: Typhlosion|Typhlosion, F|100/100
|move|p1a: Claude sire|Recover|p1a: Claude sire
|-heal|p1a: Claude sire|100/100
|
|-weather|SunnyDay|[upkeep]
|upkeep
|turn|32
|
|t:|1758923291
|-terastallize|p2a: Typhlosion|Fire
|move|p2a: Typhlosion|Eruption|p1a: Claude sire
|-damage|p1a: Claude sire|26/100
|move|p1a: Claude sire|Earthquake|p2a: Typhlosion
|-supereffective|p2a: Typhlosion
|-damage|p2a: Typhlosion|25/100
|
|-weather|none
|upkeep
|turn|33
|
|t:|1758923302
|switch|p2a: Torkoal|Torkoal, F|18/100
|-weather|SunnyDay|[from] ability: Drought|[of] p2a: Torkoal
|move|p1a: Claude sire|Recover|p1a: Claude sire
|-heal|p1a: Claude sire|76/100
|
|-weather|SunnyDay|[upkeep]
|upkeep
|turn|34
|
|t:|1758923313
|move|p2a: Torkoal|Scorching Sands|p1a: Claude sire
|-supereffective|p1a: Claude sire
|-damage|p1a: Claude sire|62/100
|-status|p1a: Claude sire|brn
|move|p1a: Claude sire|Earthquake|p2a: Torkoal
|-supereffective|p2a: Torkoal
|-damage|p2a: Torkoal|2/100
|
|-weather|SunnyDay|[upkeep]
|-damage|p1a: Claude sire|56/100 brn|[from] brn
|upkeep
|turn|35
|c|☆Clodsireenjoyer999|ofc you burn
|
|t:|1758923334
|switch|p2a: Hatterene|Hatterene, F|59/100
|move|p1a: Claude sire|Recover|p1a: Claude sire
|-heal|p1a: Claude sire|100/100 brn
|
|-weather|SunnyDay|[upkeep]
|-heal|p2a: Hatterene|65/100|[from] item: Leftovers
|-damage|p1a: Claude sire|94/100 brn|[from] brn
|upkeep
|turn|36
|
|t:|1758923344
|switch|p1a: Gloria dengo|Gholdengo|77/100
|move|p2a: Hatterene|Calm Mind|p2a: Hatterene
|-boost|p2a: Hatterene|spa|1
|-boost|p2a: Hatterene|spd|1
|
|-weather|SunnyDay|[upkeep]
|-heal|p2a: Hatterene|71/100|[from] item: Leftovers
|upkeep
|turn|37
|
|t:|1758923372
|switch|p2a: Torkoal|Torkoal, F|2/100
|move|p1a: Gloria dengo|Make It Rain|p2a: Torkoal
|-resisted|p2a: Torkoal
|-damage|p2a: Torkoal|0 fnt
|-unboost|p1a: Gloria dengo|spa|1
|faint|p2a: Torkoal
|
|-weather|SunnyDay|[upkeep]
|upkeep
|
|t:|1758923380
|switch|p2a: Typhlosion|Typhlosion, F, tera:Fire|25/100
|turn|38
|
|t:|1758923389
|switch|p1a: Glen scor|Gliscor, F|88/100 tox
|-damage|p1a: Glen scor|75/100 tox|[from] Stealth Rock
|move|p2a: Typhlosion|Flamethrower|p1a: Glen scor
|-damage|p1a: Glen scor|2/100 tox
|
|-weather|SunnyDay|[upkeep]
|-heal|p1a: Glen scor|14/100 tox|[from] ability: Poison Heal
|upkeep
|turn|39
|
|t:|1758923398
|move|p1a: Glen scor|Protect|p1a: Glen scor
|-singleturn|p1a: Glen scor|Protect
|move|p2a: Typhlosion|Flamethrower|p1a: Glen scor
|-activate|p1a: Glen scor|move: Protect
|
|-weather|SunnyDay|[upkeep]
|-heal|p1a: Glen scor|27/100 tox|[from] ability: Poison Heal
|upkeep
|turn|40
|
|t:|1758923408
|move|p2a: Typhlosion|Flamethrower|p1a: Glen scor
|-damage|p1a: Glen scor|0 fnt
|faint|p1a: Glen scor
|
|-weather|none
|upkeep
|inactive|Clodsireenjoyer999 has 120 seconds left.
|inactive|Clodsireenjoyer999 has 90 seconds left.
|
|t:|1758923483
|switch|p1a: Claude sire|Clodsire, F|94/100 brn
|turn|41
|
|t:|1758923493
|switch|p2a: Hatterene|Hatterene, F|71/100
|switch|p1a: Gloria dengo|Gholdengo|77/100
|
|-heal|p2a: Hatterene|77/100|[from] item: Leftovers
|upkeep
|turn|42
|
|t:|1758923499
|switch|p2a: Clodsire|Clodsire, M|100/100
|move|p1a: Gloria dengo|Make It Rain|p2a: Clodsire
|-damage|p2a: Clodsire|73/100
|-unboost|p1a: Gloria dengo|spa|1
|
|-heal|p2a: Clodsire|79/100|[from] item: Leftovers
|upkeep
|turn|43
|inactive|Clodsireenjoyer999 has 90 seconds left.
|j| Nikator98
|
|t:|1758923511
|switch|p2a: Typhlosion|Typhlosion, F, tera:Fire|25/100
|move|p1a: Gloria dengo|Nasty Plot|p1a: Gloria dengo
|-boost|p1a: Gloria dengo|spa|2
|
|upkeep
|turn|44
|
|t:|1758923519
|switch|p1a: Claude sire|Clodsire, F|94/100 brn
|move|p2a: Typhlosion|Flamethrower|p1a: Claude sire
|-damage|p1a: Claude sire|62/100 brn
|
|-damage|p1a: Claude sire|56/100 brn|[from] brn
|upkeep
|turn|45
|
|t:|1758923527
|move|p2a: Typhlosion|Flamethrower|p1a: Claude sire
|-damage|p1a: Claude sire|25/100 brn
|move|p1a: Claude sire|Earthquake|p2a: Typhlosion
|-supereffective|p2a: Typhlosion
|-damage|p2a: Typhlosion|0 fnt
|faint|p2a: Typhlosion
|
|-damage|p1a: Claude sire|19/100 brn|[from] brn
|upkeep
|
|t:|1758923537
|switch|p2a: Walking Wake|Walking Wake|51/100 tox
|turn|46
|inactive|Clodsireenjoyer999 has 90 seconds left.
|
|t:|1758923585
|move|p2a: Walking Wake|Flamethrower|p1a: Claude sire
|-damage|p1a: Claude sire|0 fnt
|faint|p1a: Claude sire
|
|-damage|p2a: Walking Wake|45/100 tox|[from] psn
|upkeep
|
|t:|1758923595
|switch|p1a: Gary anacl|Garganacl, M, tera:Water|32/100
|-damage|p1a: Gary anacl|19/100|[from] Stealth Rock
|turn|47
|
|t:|1758923598
|move|p2a: Walking Wake|Flamethrower|p1a: Gary anacl
|-resisted|p1a: Gary anacl
|-damage|p1a: Gary anacl|5/100
|move|p1a: Gary anacl|Recover|p1a: Gary anacl
|-heal|p1a: Gary anacl|55/100
|
|-heal|p1a: Gary anacl|61/100|[from] item: Leftovers
|-damage|p2a: Walking Wake|32/100 tox|[from] psn
|upkeep
|turn|48
|
|t:|1758923607
|-end|p2a: Walking Wake|Protosynthesis|[silent]
|switch|p2a: Hatterene|Hatterene, F|77/100
|move|p1a: Gary anacl|Recover|p1a: Gary anacl
|-heal|p1a: Gary anacl|100/100
|
|-heal|p2a: Hatterene|83/100|[from] item: Leftovers
|upkeep
|turn|49
|inactive|Clodsireenjoyer999 has 90 seconds left.
|
|t:|1758923614
|switch|p1a: Gloria dengo|Gholdengo|77/100
|move|p2a: Hatterene|Calm Mind|p2a: Hatterene
|-boost|p2a: Hatterene|spa|1
|-boost|p2a: Hatterene|spd|1
|
|-heal|p2a: Hatterene|89/100|[from] item: Leftovers
|upkeep
|turn|50
|
|t:|1758923621
|switch|p2a: Clodsire|Clodsire, M|79/100
|move|p1a: Gloria dengo|Make It Rain|p2a: Clodsire
|-damage|p2a: Clodsire|52/100
|-unboost|p1a: Gloria dengo|spa|1
|
|-heal|p2a: Clodsire|59/100|[from] item: Leftovers
|upkeep
|turn|51
|
|t:|1758923630
|switch|p1a: Gary anacl|Garganacl, M, tera:Water|100/100
|-damage|p1a: Gary anacl|88/100|[from] Stealth Rock
|move|p2a: Clodsire|Earthquake|p1a: Gary anacl
|-damage|p1a: Gary anacl|70/100
|
|-heal|p1a: Gary anacl|76/100|[from] item: Leftovers
|-heal|p2a: Clodsire|65/100|[from] item: Leftovers
|upkeep
|turn|52
|
|t:|1758923638
|move|p1a: Gary anacl|Salt Cure|p2a: Clodsire
|-resisted|p2a: Clodsire
|-damage|p2a: Clodsire|58/100
|-start|p2a: Clodsire|Salt Cure
|move|p2a: Clodsire|Earthquake|p1a: Gary anacl
|-damage|p1a: Gary anacl|57/100
|
|-heal|p1a: Gary anacl|63/100|[from] item: Leftovers
|-heal|p2a: Clodsire|64/100|[from] item: Leftovers
|-damage|p2a: Clodsire|52/100|[from] Salt Cure
|upkeep
|turn|53
|
|t:|1758923647
|move|p1a: Gary anacl|Earthquake|p2a: Clodsire
|-supereffective|p2a: Clodsire
|-damage|p2a: Clodsire|0 fnt
|faint|p2a: Clodsire
|
|-heal|p1a: Gary anacl|70/100|[from] item: Leftovers
|upkeep
|
|t:|1758923655
|switch|p2a: Hatterene|Hatterene, F|89/100
|turn|54
|
|t:|1758923658
|switch|p1a: Gloria dengo|Gholdengo|77/100
|move|p2a: Hatterene|Mystical Fire|p1a: Gloria dengo
|-supereffective|p1a: Gloria dengo
|-damage|p1a: Gloria dengo|34/100
|-unboost|p1a: Gloria dengo|spa|1
|
|-heal|p2a: Hatterene|95/100|[from] item: Leftovers
|upkeep
|turn|55
|
|t:|1758923668
|move|p1a: Gloria dengo|Make It Rain|p2a: Hatterene
|-supereffective|p2a: Hatterene
|-damage|p2a: Hatterene|27/100
|-unboost|p1a: Gloria dengo|spa|1
|move|p2a: Hatterene|Mystical Fire|p1a: Gloria dengo
|-supereffective|p1a: Gloria dengo
|-damage|p1a: Gloria dengo|0 fnt
|faint|p1a: Gloria dengo
|
|-heal|p2a: Hatterene|33/100|[from] item: Leftovers
|upkeep
|
|t:|1758923678
|switch|p1a: Gary anacl|Garganacl, M, tera:Water|70/100
|-damage|p1a: Gary anacl|57/100|[from] Stealth Rock
|turn|56
|
|t:|1758923683
|move|p1a: Gary anacl|Salt Cure|p2a: Hatterene
|-damage|p2a: Hatterene|20/100
|-start|p2a: Hatterene|Salt Cure
|move|p2a: Hatterene|Draining Kiss|p1a: Gary anacl
|-damage|p1a: Gary anacl|43/100
|-heal|p2a: Hatterene|35/100|[from] drain|[of] p1a: Gary anacl
|
|-heal|p1a: Gary anacl|49/100|[from] item: Leftovers
|-heal|p2a: Hatterene|41/100|[from] item: Leftovers
|-damage|p2a: Hatterene|29/100|[from] Salt Cure
|upkeep
|turn|57
|
|t:|1758923692
|move|p1a: Gary anacl|Recover|p1a: Gary anacl
|-heal|p1a: Gary anacl|99/100
|move|p2a: Hatterene|Draining Kiss|p1a: Gary anacl
|-damage|p1a: Gary anacl|83/100
|-heal|p2a: Hatterene|45/100|[from] drain|[of] p1a: Gary anacl
|
|-heal|p1a: Gary anacl|89/100|[from] item: Leftovers
|-heal|p2a: Hatterene|51/100|[from] item: Leftovers
|-damage|p2a: Hatterene|39/100|[from] Salt Cure
|upkeep
|turn|58
|
|t:|1758923701
|move|p1a: Gary anacl|Earthquake|p2a: Hatterene
|-damage|p2a: Hatterene|19/100
|move|p2a: Hatterene|Draining Kiss|p1a: Gary anacl
|-crit|p1a: Gary anacl
|-damage|p1a: Gary anacl|63/100
|-heal|p2a: Hatterene|44/100|[from] drain|[of] p1a: Gary anacl
|
|-heal|p1a: Gary anacl|70/100|[from] item: Leftovers
|-heal|p2a: Hatterene|50/100|[from] item: Leftovers
|-damage|p2a: Hatterene|38/100|[from] Salt Cure
|upkeep
|turn|59
|c|☆Clodsireenjoyer999|bruh
|
|t:|1758923713
|move|p1a: Gary anacl|Earthquake|p2a: Hatterene
|-damage|p2a: Hatterene|20/100
|move|p2a: Hatterene|Draining Kiss|p1a: Gary anacl
|-damage|p1a: Gary anacl|53/100
|-heal|p2a: Hatterene|36/100|[from] drain|[of] p1a: Gary anacl
|
|-heal|p1a: Gary anacl|59/100|[from] item: Leftovers
|-heal|p2a: Hatterene|42/100|[from] item: Leftovers
|-damage|p2a: Hatterene|30/100|[from] Salt Cure
|upkeep
|turn|60
|
|t:|1758923723
|move|p1a: Gary anacl|Earthquake|p2a: Hatterene
|-damage|p2a: Hatterene|12/100
|move|p2a: Hatterene|Draining Kiss|p1a: Gary anacl
|-damage|p1a: Gary anacl|44/100
|-heal|p2a: Hatterene|27/100|[from] drain|[of] p1a: Gary anacl
|
|-heal|p1a: Gary anacl|50/100|[from] item: Leftovers
|-heal|p2a: Hatterene|33/100|[from] item: Leftovers
|-damage|p2a: Hatterene|21/100|[from] Salt Cure
|upkeep
|turn|61
|
|t:|1758923732
|move|p1a: Gary anacl|Earthquake|p2a: Hatterene
|-damage|p2a: Hatterene|2/100
|move|p2a: Hatterene|Draining Kiss|p1a: Gary anacl
|-damage|p1a: Gary anacl|34/100
|-heal|p2a: Hatterene|17/100|[from] drain|[of] p1a: Gary anacl
|
|-heal|p1a: Gary anacl|40/100|[from] item: Leftovers
|-heal|p2a: Hatterene|23/100|[from] item: Leftovers
|-damage|p2a: Hatterene|11/100|[from] Salt Cure
|upkeep
|turn|62
|
|t:|1758923742
|move|p1a: Gary anacl|Salt Cure|p2a: Hatterene
|-damage|p2a: Hatterene|0 fnt
|faint|p2a: Hatterene
|
|-heal|p1a: Gary anacl|47/100|[from] item: Leftovers
|upkeep
|
|t:|1758923744
|switch|p2a: Walking Wake|Walking Wake|32/100 tox
|turn|63
|
|t:|1758923748
|move|p2a: Walking Wake|Draco Meteor|p1a: Gary anacl
|-damage|p1a: Gary anacl|0 fnt
|-unboost|p2a: Walking Wake|spa|2
|faint|p1a: Gary anacl
|
|win|Ludibrobro
|raw|Clodsireenjoyer999's rating: 1587 &rarr; <strong>1566</strong><br />(-21 for losing)
|raw|Ludibrobro's rating: 1564 &rarr; <strong>1585</strong><br />(+21 for winning)
|c|☆Clodsireenjoyer999|gg
|c|☆Clodsireenjoyer999|ig
|c|☆Ludibrobro|GG
|l|☆Clodsireenjoyer999
|player|p1|
|l|☆Ludibrobro
|player|p2|
