|j|☆GWeather
|j|☆xrr rewriting
|t:|1759059356
|gametype|singles
|player|p1|GWeather|n|1604
|player|p2|xrr rewriting|265|1613
|gen|9
|tier|[Gen 9] OU
|rated|
|rule|HP Percentage Mod: HP is shown in percentages
|rule|Endless Battle Clause: Forcing endless battles is banned
|rule|Species Clause: Limit one of each Pokémon
|rule|OHKO Clause: OHKO moves are banned
|rule|Evasion Items Clause: Evasion items are banned
|rule|Evasion Moves Clause: Evasion moves are banned
|rule|Evasion Abilities Clause: Evasion abilities are banned
|rule|Sleep Moves Clause: Sleep-inducing moves are banned
|clearpoke
|poke|p1|Ogerpon-Wellspring, F|
|poke|p1|Great Tusk|
|poke|p1|Scizor, M|
|poke|p1|Darkrai|
|poke|p1|Moltres|
|poke|p1|Slowking-Galar, M|
|poke|p2|Dragonite, M|
|poke|p2|Hatterene, F|
|poke|p2|Great Tusk|
|poke|p2|Ceruledge, M|
|poke|p2|Ting-Lu|
|poke|p2|Kyurem|
|teampreview
|inactive|Battle timer is ON: inactive players will automatically lose when time's up. (requested by GWeather)
|j| pidan22
|j| wgw2333
|l| pidan22
|j| firecharmander004
|
|t:|1759059380
|teamsize|p1|6
|teamsize|p2|6
|start
|switch|p1a: Scizor|Scizor, M|100/100
|switch|p2a: Hatterene|Hatterene, F|100/100
|turn|1
|
|t:|1759059384
|move|p1a: Scizor|U-turn|p2a: Hatterene
|-damage|p2a: Hatterene|39/100
|
|t:|1759059388
|switch|p1a: Slowking|Slowking-Galar, M|100/100|[from] U-turn
|move|p2a: Hatterene|Mystical Fire|p1a: Slowking
|-damage|p1a: Slowking|85/100
|-unboost|p1a: Slowking|spa|1
|
|upkeep
|turn|2
|
|t:|1759059393
|move|p2a: Hatterene|Nuzzle|p1a: Slowking
|-damage|p1a: Slowking|81/100
|-status|p1a: Slowking|par
|-prepare|p1a: Slowking|Chilly Reception|[premajor]
|move|p1a: Slowking|Chilly Reception|p1a: Slowking
|-weather|Snowscape
|
|t:|1759059397
|switch|p1a: Scizor|Scizor, M|100/100|[from] Chilly Reception
|
|-weather|Snowscape|[upkeep]
|upkeep
|turn|3
|
|t:|1759059405
|move|p1a: Scizor|U-turn|p2a: Hatterene
|-damage|p2a: Hatterene|0 fnt
|faint|p2a: Hatterene
|inactive|GWeather has 120 seconds left.
|
|t:|1759059437
|switch|p1a: Moltres|Moltres|100/100|[from] U-turn
|
|-weather|Snowscape|[upkeep]
|upkeep
|
|t:|1759059451
|switch|p2a: Kyurem|Kyurem|100/100
|-ability|p2a: Kyurem|Pressure
|turn|4
|
|t:|1759059457
|move|p2a: Kyurem|Dragon Dance|p2a: Kyurem
|-boost|p2a: Kyurem|atk|1
|-boost|p2a: Kyurem|spe|1
|move|p1a: Moltres|Roar|p2a: Kyurem
|drag|p2a: Ceruledge|Ceruledge, M|100/100
|
|-weather|Snowscape|[upkeep]
|upkeep
|turn|5
|
|t:|1759059469
|switch|p2a: Kyurem|Kyurem|100/100
|-ability|p2a: Kyurem|Pressure
|move|p1a: Moltres|U-turn|p2a: Kyurem
|-damage|p2a: Kyurem|91/100
|
|t:|1759059475
|switch|p1a: Scizor|Scizor, M|100/100|[from] U-turn
|
|-weather|Snowscape|[upkeep]
|upkeep
|turn|6
|
|t:|1759059479
|-terastallize|p2a: Kyurem|Fire
|move|p1a: Scizor|Bullet Punch|p2a: Kyurem
|-resisted|p2a: Kyurem
|-damage|p2a: Kyurem|66/100
|move|p2a: Kyurem|Dragon Dance|p2a: Kyurem
|-boost|p2a: Kyurem|atk|1
|-boost|p2a: Kyurem|spe|1
|
|-weather|none
|upkeep
|turn|7
|
|t:|1759059484
|switch|p1a: Moltres|Moltres|100/100
|move|p2a: Kyurem|Tera Blast|p1a: Moltres|[anim] Tera Blast Fire
|-resisted|p1a: Moltres
|-damage|p1a: Moltres|78/100
|
|upkeep
|turn|8
|
|t:|1759059489
|move|p2a: Kyurem|Icicle Spear|p1a: Moltres
|-damage|p1a: Moltres|64/100
|-damage|p1a: Moltres|49/100
|-damage|p1a: Moltres|35/100
|-damage|p1a: Moltres|20/100
|-hitcount|p1a: Moltres|4
|move|p1a: Moltres|Roar|p2a: Kyurem
|drag|p2a: Great Tusk|Great Tusk|100/100
|
|upkeep
|turn|9
|
|t:|1759059501
|switch|p1a: Ogerpon|Ogerpon-Wellspring, F|100/100
|move|p2a: Great Tusk|Rapid Spin|p1a: Ogerpon
|-damage|p1a: Ogerpon|79/100
|-boost|p2a: Great Tusk|spe|1
|
|upkeep
|turn|10
|
|t:|1759059506
|move|p2a: Great Tusk|Close Combat|p1a: Ogerpon
|-damage|p1a: Ogerpon|1/100
|-unboost|p2a: Great Tusk|def|1
|-unboost|p2a: Great Tusk|spd|1
|move|p1a: Ogerpon|Swords Dance|p1a: Ogerpon
|-boost|p1a: Ogerpon|atk|2
|
|upkeep
|turn|11
|
|t:|1759059515
|move|p2a: Great Tusk|Rapid Spin|p1a: Ogerpon
|-damage|p1a: Ogerpon|0 fnt
|-boost|p2a: Great Tusk|spe|1
|faint|p1a: Ogerpon
|
|upkeep
|
|t:|1759059518
|switch|p1a: Scizor|Scizor, M|100/100
|turn|12
|
|t:|1759059524
|-end|p2a: Great Tusk|Protosynthesis|[silent]
|switch|p2a: Kyurem|Kyurem, tera:Fire|66/100
|-ability|p2a: Kyurem|Pressure
|move|p1a: Scizor|Bullet Punch|p2a: Kyurem
|-resisted|p2a: Kyurem
|-damage|p2a: Kyurem|41/100
|
|upkeep
|turn|13
|
|t:|1759059530
|switch|p1a: Great Tusk|Great Tusk|100/100
|move|p2a: Kyurem|Tera Blast|p1a: Great Tusk|[anim] Tera Blast Fire
|-damage|p1a: Great Tusk|73/100
|
|upkeep
|turn|14
|
|t:|1759059534
|-terastallize|p1a: Great Tusk|Water
|move|p2a: Kyurem|Icicle Spear|p1a: Great Tusk
|-resisted|p1a: Great Tusk
|-damage|p1a: Great Tusk|69/100
|-resisted|p1a: Great Tusk
|-damage|p1a: Great Tusk|65/100
|-resisted|p1a: Great Tusk
|-damage|p1a: Great Tusk|61/100
|-resisted|p1a: Great Tusk
|-damage|p1a: Great Tusk|56/100
|-hitcount|p1a: Great Tusk|4
|move|p1a: Great Tusk|Headlong Rush|p2a: Kyurem
|-supereffective|p2a: Kyurem
|-damage|p2a: Kyurem|0 fnt
|-unboost|p1a: Great Tusk|def|1
|-unboost|p1a: Great Tusk|spd|1
|faint|p2a: Kyurem
|
|upkeep
|
|t:|1759059551
|switch|p2a: Great Tusk|Great Tusk|100/100
|turn|15
|
|t:|1759059559
|-end|p1a: Great Tusk|Protosynthesis|[silent]
|switch|p1a: Moltres|Moltres|20/100
|move|p2a: Great Tusk|Rapid Spin|p1a: Moltres
|-damage|p1a: Moltres|7/100
|-boost|p2a: Great Tusk|spe|1
|
|upkeep
|turn|16
|
|t:|1759059563
|move|p2a: Great Tusk|Ice Spinner|p1a: Moltres
|-damage|p1a: Moltres|0 fnt
|-status|p2a: Great Tusk|brn|[from] ability: Flame Body|[of] p1a: Moltres
|faint|p1a: Moltres
|
|-damage|p2a: Great Tusk|94/100 brn|[from] brn
|upkeep
|
|t:|1759059584
|switch|p1a: Slowking|Slowking-Galar, M|100/100 par
|turn|17
|
|t:|1759059588
|move|p2a: Great Tusk|Headlong Rush|p1a: Slowking
|-supereffective|p1a: Slowking
|-damage|p1a: Slowking|41/100 par
|-unboost|p2a: Great Tusk|def|1
|-unboost|p2a: Great Tusk|spd|1
|move|p1a: Slowking|Future Sight|p2a: Great Tusk
|-start|p1a: Slowking|move: Future Sight
|
|-damage|p2a: Great Tusk|88/100 brn|[from] brn
|upkeep
|turn|18
|
|t:|1759059596
|switch|p1a: Great Tusk|Great Tusk, tera:Water|56/100
|move|p2a: Great Tusk|Headlong Rush|p1a: Great Tusk
|-damage|p1a: Great Tusk|37/100
|-unboost|p2a: Great Tusk|def|1
|-unboost|p2a: Great Tusk|spd|1
|-damage|p2a: Great Tusk|72/100 brn|[from] item: Rocky Helmet|[of] p1a: Great Tusk
|
|-damage|p2a: Great Tusk|65/100 brn|[from] brn
|upkeep
|turn|19
|
|t:|1759059605
|move|p2a: Great Tusk|Close Combat|p1a: Great Tusk
|-damage|p1a: Great Tusk|19/100
|-unboost|p2a: Great Tusk|def|1
|-unboost|p2a: Great Tusk|spd|1
|-damage|p2a: Great Tusk|49/100 brn|[from] item: Rocky Helmet|[of] p1a: Great Tusk
|move|p1a: Great Tusk|Ice Spinner|p2a: Great Tusk
|-supereffective|p2a: Great Tusk
|-damage|p2a: Great Tusk|0 fnt
|faint|p2a: Great Tusk
|-end|p2a: Great Tusk|Protosynthesis|[silent]
|
|-hint|Future Sight did not hit because the target is fainted.
|upkeep
|
|t:|1759059611
|switch|p2a: Ceruledge|Ceruledge, M|100/100
|turn|20
|
|t:|1759059620
|move|p1a: Great Tusk|Headlong Rush|p2a: Ceruledge
|-supereffective|p2a: Ceruledge
|-enditem|p2a: Ceruledge|Focus Sash
|-damage|p2a: Ceruledge|1/100
|-unboost|p1a: Great Tusk|def|1
|-unboost|p1a: Great Tusk|spd|1
|-ability|p2a: Ceruledge|Weak Armor|boost
|-unboost|p2a: Ceruledge|def|1
|-boost|p2a: Ceruledge|spe|2
|move|p2a: Ceruledge|Swords Dance|p2a: Ceruledge
|-boost|p2a: Ceruledge|atk|2
|
|upkeep
|turn|21
|
|t:|1759059631
|move|p2a: Ceruledge|Bitter Blade|p1a: Great Tusk
|-resisted|p1a: Great Tusk
|-crit|p1a: Great Tusk
|-damage|p1a: Great Tusk|0 fnt
|-heal|p2a: Ceruledge|15/100|[from] drain|[of] p1a: Great Tusk
|-damage|p2a: Ceruledge|0 fnt|[from] item: Rocky Helmet|[of] p1a: Great Tusk
|faint|p1a: Great Tusk
|-end|p1a: Great Tusk|Protosynthesis|[silent]
|faint|p2a: Ceruledge
|
|upkeep
|
|t:|1759059641
|switch|p1a: Scizor|Scizor, M|100/100
|switch|p2a: Dragonite|Dragonite, M|100/100
|turn|22
|
|t:|1759059644
|move|p2a: Dragonite|Earthquake|p1a: Scizor
|-damage|p1a: Scizor|46/100
|move|p1a: Scizor|U-turn|p2a: Dragonite
|-resisted|p2a: Dragonite
|-damage|p2a: Dragonite|84/100
|
|t:|1759059646
|switch|p1a: Darkrai|Darkrai|100/100|[from] U-turn
|
|upkeep
|turn|23
|
|t:|1759059650
|switch|p2a: Ting-Lu|Ting-Lu|100/100
|-ability|p2a: Ting-Lu|Vessel of Ruin
|move|p1a: Darkrai|Ice Beam|p2a: Ting-Lu
|-supereffective|p2a: Ting-Lu
|-damage|p2a: Ting-Lu|74/100
|
|-heal|p2a: Ting-Lu|80/100|[from] item: Leftovers
|upkeep
|turn|24
|
|t:|1759059656
|switch|p1a: Slowking|Slowking-Galar, M|74/100 par
|move|p2a: Ting-Lu|Stealth Rock|p1a: Slowking
|-sidestart|p1: GWeather|move: Stealth Rock
|
|-heal|p2a: Ting-Lu|86/100|[from] item: Leftovers
|upkeep
|turn|25
|
|t:|1759059663
|switch|p2a: Dragonite|Dragonite, M|84/100
|-prepare|p1a: Slowking|Chilly Reception|[premajor]
|move|p1a: Slowking|Chilly Reception|p1a: Slowking
|-weather|Snowscape
|
|t:|1759059668
|switch|p1a: Darkrai|Darkrai|100/100|[from] Chilly Reception
|
|-weather|Snowscape|[upkeep]
|upkeep
|turn|26
|
|t:|1759059674
|switch|p2a: Ting-Lu|Ting-Lu|86/100
|-ability|p2a: Ting-Lu|Vessel of Ruin
|move|p1a: Darkrai|Nasty Plot|p1a: Darkrai
|-boost|p1a: Darkrai|spa|2
|
|-weather|Snowscape|[upkeep]
|-heal|p2a: Ting-Lu|92/100|[from] item: Leftovers
|upkeep
|turn|27
|
|t:|1759059679
|move|p1a: Darkrai|Ice Beam|p2a: Ting-Lu
|-supereffective|p2a: Ting-Lu
|-damage|p2a: Ting-Lu|30/100
|-status|p2a: Ting-Lu|frz
|-curestatus|p2a: Ting-Lu|frz|[msg]
|move|p2a: Ting-Lu|Earthquake|p1a: Darkrai
|-damage|p1a: Darkrai|48/100
|
|-weather|Snowscape|[upkeep]
|-heal|p2a: Ting-Lu|36/100|[from] item: Leftovers
|upkeep
|turn|28
|
|t:|1759059682
|move|p1a: Darkrai|Ice Beam|p2a: Ting-Lu
|-supereffective|p2a: Ting-Lu
|-damage|p2a: Ting-Lu|0 fnt
|faint|p2a: Ting-Lu
|
|-weather|Snowscape|[upkeep]
|upkeep
|
|t:|1759059683
|switch|p2a: Dragonite|Dragonite, M|84/100
|turn|29
|
|t:|1759059686
|move|p2a: Dragonite|Extreme Speed|p1a: Darkrai
|-damage|p1a: Darkrai|0 fnt
|faint|p1a: Darkrai
|
|-weather|none
|upkeep
|inactive|GWeather has 120 seconds left.
|
|t:|1759059719
|switch|p1a: Slowking|Slowking-Galar, M|100/100 par
|turn|30
|
|t:|1759059724
|move|p2a: Dragonite|Extreme Speed|p1a: Slowking
|-damage|p1a: Slowking|49/100 par
|cant|p1a: Slowking|par
|
|upkeep
|turn|31
|
|t:|1759059728
|move|p2a: Dragonite|Extreme Speed|p1a: Slowking
|-damage|p1a: Slowking|3/100 par
|cant|p1a: Slowking|par
|
|upkeep
|turn|32
|
|t:|1759059734
|move|p2a: Dragonite|Extreme Speed|p1a: Slowking
|-damage|p1a: Slowking|0 fnt
|faint|p1a: Slowking
|
|upkeep
|
|t:|1759059735
|switch|p1a: Scizor|Scizor, M|46/100
|-damage|p1a: Scizor|34/100|[from] Stealth Rock
|turn|33
|
|t:|1759059739
|move|p2a: Dragonite|Extreme Speed|p1a: Scizor
|-resisted|p1a: Scizor
|-crit|p1a: Scizor
|-damage|p1a: Scizor|0 fnt
|faint|p1a: Scizor
|
|win|xrr rewriting
|raw|GWeather's rating: 1604 &rarr; <strong>1585</strong><br />(-19 for losing)
|raw|xrr rewriting's rating: 1613 &rarr; <strong>1632</strong><br />(+19 for winning)
