|j|☆vghhjg
|j|☆chocolateovo
|t:|1758984081
|gametype|singles
|player|p1|vghhjg|266|1476
|player|p2|chocolateovo|hugh|1598
|gen|9
|tier|[Gen 9] OU
|rated|
|rule|HP Percentage Mod: HP is shown in percentages
|rule|Endless Battle Clause: Forcing endless battles is banned
|rule|Species Clause: Limit one of each Pokémon
|rule|OHKO Clause: OHKO moves are banned
|rule|Evasion Items Clause: Evasion items are banned
|rule|Evasion Moves Clause: Evasion moves are banned
|rule|Evasion Abilities Clause: Evasion abilities are banned
|rule|Sleep Moves Clause: Sleep-inducing moves are banned
|clearpoke
|poke|p1|Gholdengo|
|poke|p1|Ribombee, F|
|poke|p1|Dragonite, F|
|poke|p1|Comfey, F|
|poke|p1|Primarina, F|
|poke|p1|Blaziken, M|
|poke|p2|Scizor, M|
|poke|p2|Zapdos|
|poke|p2|Serperior, F|
|poke|p2|Skarmory, F|
|poke|p2|Kyurem|
|poke|p2|Garchomp, F|
|teampreview
|inactive|Battle timer is ON: inactive players will automatically lose when time's up. (requested by chocolateovo)
|inactive|vghhjg has 120 seconds left.
|inactive|vghhjg has 90 seconds left.
|
|t:|1758984184
|teamsize|p1|6
|teamsize|p2|6
|start
|switch|p1a: Ribombee|Ribombee, F|100/100
|switch|p2a: Skarmory|Skarmory, F|100/100
|turn|1
|
|t:|1758984191
|move|p1a: Ribombee|Stun Spore|p2a: Skarmory|[miss]
|-miss|p1a: Ribombee|p2a: Skarmory
|move|p2a: Skarmory|Stealth Rock|p1a: Ribombee
|-sidestart|p1: vghhjg|move: Stealth Rock
|
|upkeep
|turn|2
|
|t:|1758984197
|move|p1a: Ribombee|Sticky Web|p2a: Skarmory
|-sidestart|p2: chocolateovo|move: Sticky Web
|move|p2a: Skarmory|Taunt|p1a: Ribombee
|-start|p1a: Ribombee|move: Taunt
|
|upkeep
|turn|3
|
|t:|1758984201
|move|p1a: Ribombee|Psychic Noise|p2a: Skarmory
|-resisted|p2a: Skarmory
|-damage|p2a: Skarmory|83/100
|-start|p2a: Skarmory|move: Heal Block
|move|p2a: Skarmory|Spikes|p1a: Ribombee
|-sidestart|p1: vghhjg|Spikes
|
|upkeep
|turn|4
|
|t:|1758984222
|switch|p1a: Blaziken|Blaziken, M|100/100
|-damage|p1a: Blaziken|88/100|[from] Stealth Rock
|-damage|p1a: Blaziken|76/100|[from] Spikes
|move|p2a: Skarmory|Spikes|p1a: Blaziken
|-sidestart|p1: vghhjg|Spikes
|
|-heal|p1a: Blaziken|82/100|[from] item: Leftovers
|-end|p2a: Skarmory|move: Heal Block
|upkeep
|turn|5
|
|t:|1758984226
|move|p2a: Skarmory|Brave Bird|p1a: Blaziken
|-supereffective|p1a: Blaziken
|-damage|p1a: Blaziken|0 fnt
|faint|p1a: Blaziken
|-damage|p2a: Skarmory|53/100|[from] Recoil
|
|upkeep
|
|t:|1758984242
|switch|p1a: Dragonite|Dragonite, F|100/100
|turn|6
|
|t:|1758984245
|move|p1a: Dragonite|Dragon Dance|p1a: Dragonite
|-boost|p1a: Dragonite|atk|1
|-boost|p1a: Dragonite|spe|1
|move|p2a: Skarmory|Taunt|p1a: Dragonite
|-start|p1a: Dragonite|move: Taunt
|
|upkeep
|turn|7
|
|t:|1758984255
|move|p1a: Dragonite|Tera Blast|p2a: Skarmory
|-resisted|p2a: Skarmory
|-damage|p2a: Skarmory|39/100
|move|p2a: Skarmory|Spikes|p1a: Dragonite
|-sidestart|p1: vghhjg|Spikes
|
|upkeep
|turn|8
|
|t:|1758984259
|move|p1a: Dragonite|Tera Blast|p2a: Skarmory
|-resisted|p2a: Skarmory
|-damage|p2a: Skarmory|26/100
|move|p2a: Skarmory|Brave Bird|p1a: Dragonite
|-damage|p1a: Dragonite|76/100
|-damage|p2a: Skarmory|16/100|[from] Recoil
|
|upkeep
|turn|9
|-enditem|p2a: Skarmory|Custap Berry|[eat]
|-activate|p2a: Skarmory|item: Custap Berry|[consumed]
|
|t:|1758984263
|move|p2a: Skarmory|Brave Bird|p1a: Dragonite
|-damage|p1a: Dragonite|28/100
|-damage|p2a: Skarmory|0 fnt|[from] Recoil
|faint|p2a: Skarmory
|move|p1a: Dragonite|Tera Blast|p2: Skarmory|[notarget]
|-fail|p1a: Dragonite
|
|-end|p1a: Dragonite|move: Taunt
|upkeep
|
|t:|1758984269
|switch|p2a: Scizor|Scizor, M|100/100
|-activate|p2a: Scizor|move: Sticky Web
|-unboost|p2a: Scizor|spe|1
|turn|10
|
|t:|1758984277
|move|p2a: Scizor|Bullet Punch|p1a: Dragonite
|-damage|p1a: Dragonite|0 fnt
|faint|p1a: Dragonite
|
|upkeep
|
|t:|1758984287
|switch|p1a: Gholdengo|Gholdengo|100/100
|-damage|p1a: Gholdengo|94/100|[from] Stealth Rock
|-item|p1a: Gholdengo|Air Balloon
|turn|11
|
|t:|1758984292
|move|p1a: Gholdengo|Shadow Ball|p2a: Scizor
|-damage|p2a: Scizor|44/100
|move|p2a: Scizor|Knock Off|p1a: Gholdengo
|-supereffective|p1a: Gholdengo
|-damage|p1a: Gholdengo|9/100
|-enditem|p1a: Gholdengo|Air Balloon
|
|upkeep
|turn|12
|
|t:|1758984300
|move|p2a: Scizor|Bullet Punch|p1a: Gholdengo
|-resisted|p1a: Gholdengo
|-damage|p1a: Gholdengo|0 fnt
|faint|p1a: Gholdengo
|
|upkeep
|
|t:|1758984304
|switch|p1a: Primarina|Primarina, F|100/100
|-damage|p1a: Primarina|88/100|[from] Stealth Rock
|-damage|p1a: Primarina|63/100|[from] Spikes
|turn|13
|
|t:|1758984315
|switch|p2a: Kyurem|Kyurem|100/100
|-activate|p2a: Kyurem|move: Sticky Web
|-unboost|p2a: Kyurem|spe|1
|-ability|p2a: Kyurem|Pressure
|move|p1a: Primarina|Surf|p2a: Kyurem
|-resisted|p2a: Kyurem
|-damage|p2a: Kyurem|80/100
|
|-heal|p1a: Primarina|69/100|[from] item: Leftovers
|upkeep
|turn|14
|
|t:|1758984324
|move|p2a: Kyurem|Freeze-Dry|p1a: Primarina
|-supereffective|p1a: Primarina
|-damage|p1a: Primarina|0 fnt
|faint|p1a: Primarina
|
|upkeep
|
|t:|1758984331
|switch|p1a: Ribombee|Ribombee, F|100/100
|-damage|p1a: Ribombee|76/100|[from] Stealth Rock
|-damage|p1a: Ribombee|51/100|[from] Spikes
|turn|15
|
|t:|1758984334
|move|p1a: Ribombee|Stun Spore|p2a: Kyurem
|-status|p2a: Kyurem|par
|move|p2a: Kyurem|Freeze-Dry|p1a: Ribombee
|-damage|p1a: Ribombee|0 fnt
|faint|p1a: Ribombee
|
|upkeep
|
|t:|1758984339
|switch|p1a: Comfey|Comfey, F|100/100
|-damage|p1a: Comfey|88/100|[from] Stealth Rock
|-damage|p1a: Comfey|63/100|[from] Spikes
|turn|16
|
|t:|1758984344
|switch|p2a: Scizor|Scizor, M|44/100
|-activate|p2a: Scizor|move: Sticky Web
|-unboost|p2a: Scizor|spe|1
|move|p1a: Comfey|Calm Mind|p1a: Comfey
|-boost|p1a: Comfey|spa|1
|-boost|p1a: Comfey|spd|1
|
|upkeep
|turn|17
|
|t:|1758984355
|-terastallize|p1a: Comfey|Ground
|move|p2a: Scizor|Bullet Punch|p1a: Comfey
|-damage|p1a: Comfey|18/100
|move|p1a: Comfey|Calm Mind|p1a: Comfey
|-boost|p1a: Comfey|spa|1
|-boost|p1a: Comfey|spd|1
|
|upkeep
|turn|18
|
|t:|1758984363
|move|p1a: Comfey|Draining Kiss|p2a: Scizor
|-resisted|p2a: Scizor
|-damage|p2a: Scizor|12/100
|-heal|p1a: Comfey|44/100|[from] drain|[of] p2a: Scizor
|-damage|p1a: Comfey|34/100|[from] item: Life Orb
|move|p2a: Scizor|Bullet Punch|p1a: Comfey
|-damage|p1a: Comfey|0 fnt
|faint|p1a: Comfey
|
|win|chocolateovo
|raw|vghhjg's rating: 1476 &rarr; <strong>1463</strong><br />(-13 for losing)
|raw|chocolateovo's rating: 1598 &rarr; <strong>1611</strong><br />(+13 for winning)
|l|☆chocolateovo
|player|p2|
|l|☆vghhjg
|player|p1|
