|j|☆RakinSestrrrr
|j|☆tekkitbeasting
|t:|1758945910
|gametype|singles
|player|p1|RakinSestrrrr|1|1181
|player|p2|tekkitbeasting|102|1208
|gen|9
|tier|[Gen 9] OU
|rated|
|rule|HP Percentage Mod: HP is shown in percentages
|rule|Endless Battle Clause: Forcing endless battles is banned
|rule|Species Clause: Limit one of each Pokémon
|rule|OHKO Clause: OHKO moves are banned
|rule|Evasion Items Clause: Evasion items are banned
|rule|Evasion Moves Clause: Evasion moves are banned
|rule|Evasion Abilities Clause: Evasion abilities are banned
|rule|Sleep Moves Clause: Sleep-inducing moves are banned
|clearpoke
|poke|p1|Garganacl, F|
|poke|p1|Jirachi|
|poke|p1|Hoopa-Unbound|
|poke|p1|Cinderace, M|
|poke|p1|Rillaboom, F|
|poke|p1|Hitmonlee, M|
|poke|p2|Clodsire, M|
|poke|p2|Dondozo, M|
|poke|p2|Alomomola, M|
|poke|p2|Talonflame, M|
|poke|p2|Toxapex, M|
|poke|p2|Blissey, F|
|teampreview
|
|t:|1758945918
|teamsize|p1|6
|teamsize|p2|6
|start
|switch|p1a: Garganacl|Garganacl, F, shiny|100/100
|switch|p2a: Blissey|Blissey, F|100/100
|turn|1
|
|t:|1758945923
|move|p2a: Blissey|Stealth Rock|p1a: Garganacl
|-sidestart|p1: RakinSestrrrr|move: Stealth Rock
|move|p1a: Garganacl|Salt Cure|p2a: Blissey
|-damage|p2a: Blissey|72/100
|-start|p2a: Blissey|Salt Cure
|
|-heal|p2a: Blissey|78/100|[from] item: Leftovers
|-damage|p2a: Blissey|65/100|[from] Salt Cure
|upkeep
|turn|2
|
|t:|1758945931
|switch|p2a: Dondozo|Dondozo, M|100/100
|move|p1a: Garganacl|Stealth Rock|p2a: Dondozo
|-sidestart|p2: tekkitbeasting|move: Stealth Rock
|
|upkeep
|turn|3
|
|t:|1758945937
|move|p2a: Dondozo|Liquidation|p1a: Garganacl
|-supereffective|p1a: Garganacl
|-damage|p1a: Garganacl|73/100
|-unboost|p1a: Garganacl|def|1
|move|p1a: Garganacl|Salt Cure|p2a: Dondozo
|-damage|p2a: Dondozo|94/100
|-start|p2a: Dondozo|Salt Cure
|
|-heal|p2a: Dondozo|99/100|[from] item: Leftovers
|-heal|p1a: Garganacl|79/100|[from] item: Leftovers
|-damage|p2a: Dondozo|75/100|[from] Salt Cure
|upkeep
|turn|4
|
|t:|1758945949
|move|p2a: Dondozo|Liquidation|p1a: Garganacl
|-supereffective|p1a: Garganacl
|-damage|p1a: Garganacl|47/100
|move|p1a: Garganacl|Salt Cure|p2a: Dondozo
|-damage|p2a: Dondozo|69/100
|
|-heal|p2a: Dondozo|75/100|[from] item: Leftovers
|-heal|p1a: Garganacl|53/100|[from] item: Leftovers
|-damage|p2a: Dondozo|50/100|[from] Salt Cure
|upkeep
|turn|5
|
|t:|1758945959
|switch|p2a: Alomomola|Alomomola, M|100/100
|-damage|p2a: Alomomola|88/100|[from] Stealth Rock
|move|p1a: Garganacl|Recover|p1a: Garganacl
|-heal|p1a: Garganacl|100/100
|
|-heal|p2a: Alomomola|94/100|[from] item: Leftovers
|upkeep
|turn|6
|
|t:|1758945969
|switch|p1a: Hoopa|Hoopa-Unbound|100/100
|-damage|p1a: Hoopa|88/100|[from] Stealth Rock
|move|p2a: Alomomola|Chilling Water|p1a: Hoopa
|-damage|p1a: Hoopa|84/100
|-unboost|p1a: Hoopa|atk|1
|
|-heal|p2a: Alomomola|100/100|[from] item: Leftovers
|upkeep
|turn|7
|
|t:|1758945978
|move|p1a: Hoopa|Thunderbolt|p2a: Alomomola
|-supereffective|p2a: Alomomola
|-damage|p2a: Alomomola|20/100
|move|p2a: Alomomola|Wish|p2a: Alomomola
|
|-heal|p2a: Alomomola|27/100|[from] item: Leftovers
|upkeep
|turn|8
|
|t:|1758945987
|switch|p1a: Garganacl|Garganacl, F, shiny|100/100
|-damage|p1a: Garganacl|88/100|[from] Stealth Rock
|move|p2a: Alomomola|Protect||[still]
|-fail|p2a: Alomomola
|
|-heal|p2a: Alomomola|77/100|[from] move: Wish|[wisher] Alomomola
|-heal|p2a: Alomomola|83/100|[from] item: Leftovers
|-heal|p1a: Garganacl|94/100|[from] item: Leftovers
|upkeep
|turn|9
|
|t:|1758945997
|move|p2a: Alomomola|Whirlpool|p1a: Garganacl
|-supereffective|p1a: Garganacl
|-damage|p1a: Garganacl|83/100
|-activate|p1a: Garganacl|move: Whirlpool|[of] p2a: Alomomola
|move|p1a: Garganacl|Salt Cure|p2a: Alomomola
|-damage|p2a: Alomomola|75/100
|-start|p2a: Alomomola|Salt Cure
|
|-heal|p2a: Alomomola|81/100|[from] item: Leftovers
|-heal|p1a: Garganacl|90/100|[from] item: Leftovers
|-damage|p2a: Alomomola|56/100|[from] Salt Cure
|-damage|p1a: Garganacl|77/100|[from] move: Whirlpool|[partiallytrapped]
|upkeep
|turn|10
|
|t:|1758946008
|move|p2a: Alomomola|Wish|p2a: Alomomola
|move|p1a: Garganacl|Salt Cure|p2a: Alomomola
|-damage|p2a: Alomomola|49/100
|
|-heal|p2a: Alomomola|55/100|[from] item: Leftovers
|-heal|p1a: Garganacl|83/100|[from] item: Leftovers
|-damage|p2a: Alomomola|30/100|[from] Salt Cure
|-damage|p1a: Garganacl|71/100|[from] move: Whirlpool|[partiallytrapped]
|upkeep
|turn|11
|
|t:|1758946020
|switch|p2a: Dondozo|Dondozo, M|50/100
|-damage|p2a: Dondozo|38/100|[from] Stealth Rock
|move|p1a: Garganacl|Recover|p1a: Garganacl
|-heal|p1a: Garganacl|100/100
|
|-heal|p2a: Dondozo|91/100|[from] move: Wish|[wisher] Alomomola
|-heal|p2a: Dondozo|97/100|[from] item: Leftovers
|-end|p1a: Garganacl|Whirlpool|[partiallytrapped]|[silent]
|upkeep
|turn|12
|
|t:|1758946035
|move|p2a: Dondozo|Body Press|p1a: Garganacl
|-supereffective|p1a: Garganacl
|-damage|p1a: Garganacl|69/100
|move|p1a: Garganacl|Salt Cure|p2a: Dondozo
|-damage|p2a: Dondozo|91/100
|-start|p2a: Dondozo|Salt Cure
|
|-heal|p2a: Dondozo|97/100|[from] item: Leftovers
|-heal|p1a: Garganacl|75/100|[from] item: Leftovers
|-damage|p2a: Dondozo|72/100|[from] Salt Cure
|upkeep
|turn|13
|
|t:|1758946049
|move|p1a: Garganacl|Protect|p1a: Garganacl
|-singleturn|p1a: Garganacl|Protect
|move|p2a: Dondozo|Liquidation|p1a: Garganacl
|-activate|p1a: Garganacl|move: Protect
|
|-heal|p2a: Dondozo|78/100|[from] item: Leftovers
|-heal|p1a: Garganacl|82/100|[from] item: Leftovers
|-damage|p2a: Dondozo|53/100|[from] Salt Cure
|upkeep
|turn|14
|
|t:|1758946072
|-terastallize|p1a: Garganacl|Water
|move|p2a: Dondozo|Rest|p2a: Dondozo
|-status|p2a: Dondozo|slp|[from] move: Rest
|-heal|p2a: Dondozo|100/100 slp|[silent]
|move|p1a: Garganacl|Stealth Rock||[still]
|-fail|p1a: Garganacl
|
|-heal|p1a: Garganacl|88/100|[from] item: Leftovers
|-damage|p2a: Dondozo|75/100 slp|[from] Salt Cure
|upkeep
|turn|15
|
|t:|1758946082
|cant|p2a: Dondozo|slp
|move|p2a: Dondozo|Sleep Talk|p2a: Dondozo
|move|p2a: Dondozo|Body Press|p1a: Garganacl|[from] move: Sleep Talk
|-damage|p1a: Garganacl|72/100
|move|p1a: Garganacl|Salt Cure|p2a: Dondozo
|-damage|p2a: Dondozo|69/100 slp
|
|-heal|p2a: Dondozo|75/100 slp|[from] item: Leftovers
|-heal|p1a: Garganacl|78/100|[from] item: Leftovers
|-damage|p2a: Dondozo|50/100 slp|[from] Salt Cure
|upkeep
|turn|16
|-message|tekkitbeasting forfeited.
|
|win|RakinSestrrrr
|raw|RakinSestrrrr's rating: 1181 &rarr; <strong>1208</strong><br />(+27 for winning)
|raw|tekkitbeasting's rating: 1208 &rarr; <strong>1181</strong><br />(-27 for losing)
|l|☆tekkitbeasting
|player|p2|
|l|☆RakinSestrrrr
|player|p1|
