|j|☆zawaluduo11
|j|☆zane0911
|t:|1759064947
|gametype|singles
|player|p1|zawaluduo11|1|1546
|player|p2|zane0911|bede|1555
|gen|9
|tier|[Gen 9] OU
|rated|
|rule|HP Percentage Mod: HP is shown in percentages
|rule|Endless Battle Clause: Forcing endless battles is banned
|rule|Species Clause: Limit one of each Pokémon
|rule|OHKO Clause: OHKO moves are banned
|rule|Evasion Items Clause: Evasion items are banned
|rule|Evasion Moves Clause: Evasion moves are banned
|rule|Evasion Abilities Clause: Evasion abilities are banned
|rule|Sleep Moves Clause: Sleep-inducing moves are banned
|clearpoke
|poke|p1|Alomomola, M|
|poke|p1|Gliscor, M|
|poke|p1|Kingambit, M|
|poke|p1|Ursaluna, F|
|poke|p1|Raging Bolt|
|poke|p1|Grimmsnarl, M|
|poke|p2|Indeedee, M|
|poke|p2|Hatterene, F|
|poke|p2|Ursaluna, M|
|poke|p2|Iron Hands|
|poke|p2|Hoopa-Unbound|
|poke|p2|Mimikyu, F|
|teampreview
|inactive|Battle timer is ON: inactive players will automatically lose when time's up. (requested by zane0911)
|
|t:|1759064957
|teamsize|p1|6
|teamsize|p2|6
|start
|switch|p1a: Grimmsnarl|Grimmsnarl, M|100/100
|switch|p2a: Mimi 🎭|Mimikyu, F|100/100
|turn|1
|
|t:|1759064963
|switch|p2a: Blood & Honey 🍯|Ursaluna, M, shiny|100/100
|move|p1a: Grimmsnarl|Reflect|p1a: Grimmsnarl
|-sidestart|p1: zawaluduo11|Reflect
|
|-status|p2a: Blood & Honey 🍯|brn|[from] item: Flame Orb
|upkeep
|turn|2
|
|t:|1759064969
|move|p1a: Grimmsnarl|Parting Shot|p2a: Blood & Honey 🍯
|-unboost|p2a: Blood & Honey 🍯|atk|1
|-unboost|p2a: Blood & Honey 🍯|spa|1
|
|t:|1759064973
|switch|p1a: Alomomola|Alomomola, M|100/100|[from] Parting Shot
|move|p2a: Blood & Honey 🍯|Facade|p1a: Alomomola
|-damage|p1a: Alomomola|79/100
|-damage|p2a: Blood & Honey 🍯|84/100 brn|[from] item: Rocky Helmet|[of] p1a: Alomomola
|
|-damage|p2a: Blood & Honey 🍯|78/100 brn|[from] brn
|upkeep
|turn|3
|
|t:|1759064995
|switch|p2a: Alfred 🦇|Indeedee, M|100/100
|-fieldstart|move: Psychic Terrain|[from] ability: Psychic Surge|[of] p2a: Alfred 🦇
|move|p1a: Alomomola|Flip Turn|p2a: Alfred 🦇
|-damage|p2a: Alfred 🦇|84/100
|
|t:|1759065002
|switch|p1a: Grimmsnarl|Grimmsnarl, M|100/100|[from] Flip Turn
|
|upkeep
|turn|4
|
|t:|1759065007
|move|p1a: Grimmsnarl|Light Screen|p1a: Grimmsnarl
|-sidestart|p1: zawaluduo11|move: Light Screen
|move|p2a: Alfred 🦇|Trick Room|p2a: Alfred 🦇
|-fieldstart|move: Trick Room|[of] p2a: Alfred 🦇
|
|upkeep
|turn|5
|
|t:|1759065012
|move|p1a: Grimmsnarl|Parting Shot|p2a: Alfred 🦇
|-activate|p2a: Alfred 🦇|move: Psychic Terrain
|move|p2a: Alfred 🦇|Encore|p1a: Grimmsnarl
|-start|p1a: Grimmsnarl|Encore
|
|upkeep
|turn|6
|
|t:|1759065018
|switch|p1a: Alomomola|Alomomola, M|100/100
|switch|p2a: Dark Magician 🔮|Hoopa-Unbound|100/100
|-enditem|p2a: Dark Magician 🔮|Psychic Seed
|-boost|p2a: Dark Magician 🔮|spd|1|[from] item: Psychic Seed
|
|upkeep
|turn|7
|
|t:|1759065025
|move|p2a: Dark Magician 🔮|Brick Break|p1a: Alomomola
|-sideend|p1: zawaluduo11|Reflect
|-sideend|p1: zawaluduo11|move: Light Screen
|-crit|p1a: Alomomola
|-damage|p1a: Alomomola|81/100
|-damage|p2a: Dark Magician 🔮|84/100|[from] item: Rocky Helmet|[of] p1a: Alomomola
|-item|p2a: Dark Magician 🔮|Rocky Helmet|[from] ability: Magician|[of] p1a: Alomomola
|move|p1a: Alomomola|Flip Turn|p2a: Dark Magician 🔮
|-damage|p2a: Dark Magician 🔮|65/100
|-damage|p1a: Alomomola|64/100|[from] item: Rocky Helmet|[of] p2a: Dark Magician 🔮
|
|t:|1759065044
|switch|p1a: Kingambit|Kingambit, M|100/100|[from] Flip Turn
|
|upkeep
|turn|8
|
|t:|1759065048
|-end|p1a: Kingambit|fallenundefined|[silent]
|switch|p1a: Alomomola|Alomomola, M|98/100
|move|p2a: Dark Magician 🔮|Brick Break|p1a: Alomomola
|-damage|p1a: Alomomola|85/100
|
|-fieldend|move: Trick Room
|upkeep
|turn|9
|
|t:|1759065056
|move|p1a: Alomomola|Flip Turn|p2a: Dark Magician 🔮
|-damage|p2a: Dark Magician 🔮|47/100
|-damage|p1a: Alomomola|68/100|[from] item: Rocky Helmet|[of] p2a: Dark Magician 🔮
|
|t:|1759065063
|switch|p1a: Gliscor|Gliscor, M|100/100|[from] Flip Turn
|move|p2a: Dark Magician 🔮|Expanding Force|p1a: Gliscor
|-damage|p1a: Gliscor|0 fnt
|faint|p1a: Gliscor
|
|upkeep
|
|t:|1759065070
|switch|p1a: Grimmsnarl|Grimmsnarl, M|100/100
|turn|10
|
|t:|1759065091
|switch|p1a: Alomomola|Alomomola, M|100/100
|move|p2a: Dark Magician 🔮|Brick Break|p1a: Alomomola
|-damage|p1a: Alomomola|86/100
|
|-fieldend|move: Psychic Terrain
|upkeep
|turn|11
|inactive|zane0911 has 120 seconds left.
|
|t:|1759065123
|switch|p2a: Mimi 🎭|Mimikyu, F|100/100
|move|p1a: Alomomola|Flip Turn|p2a: Mimi 🎭
|-activate|p2a: Mimi 🎭|ability: Disguise
|-damage|p2a: Mimi 🎭|100/100
|detailschange|p2a: Mimi 🎭|Mimikyu-Busted, F
|-damage|p2a: Mimi 🎭|88/100|[from] pokemon: Mimikyu-Busted
|-enditem|p2a: Mimi 🎭|Red Card|[of] p1a: Alomomola
|drag|p1a: Grimmsnarl|Grimmsnarl, M|100/100
|
|upkeep
|turn|12
|
|t:|1759065133
|move|p1a: Grimmsnarl|Reflect|p1a: Grimmsnarl
|-sidestart|p1: zawaluduo11|Reflect
|move|p2a: Mimi 🎭|Trick Room|p2a: Mimi 🎭
|-fieldstart|move: Trick Room|[of] p2a: Mimi 🎭
|
|upkeep
|turn|13
|
|t:|1759065142
|switch|p2a: Blood & Honey 🍯|Ursaluna, M, shiny|78/100 brn
|move|p1a: Grimmsnarl|Light Screen|p1a: Grimmsnarl
|-sidestart|p1: zawaluduo11|move: Light Screen
|
|-damage|p2a: Blood & Honey 🍯|72/100 brn|[from] brn
|upkeep
|turn|14
|inactive|zane0911 has 120 seconds left.
|
|t:|1759065157
|switch|p2a: Dark Magician 🔮|Hoopa-Unbound|47/100
|move|p1a: Grimmsnarl|Parting Shot|p2a: Dark Magician 🔮
|-hint|Since gen 7, Dark is immune to Prankster moves.
|-immune|p2a: Dark Magician 🔮
|
|upkeep
|turn|15
|
|t:|1759065168
|switch|p1a: Alomomola|Alomomola, M|100/100
|move|p2a: Dark Magician 🔮|Brick Break|p1a: Alomomola
|-sideend|p1: zawaluduo11|Reflect
|-sideend|p1: zawaluduo11|move: Light Screen
|-damage|p1a: Alomomola|86/100
|
|upkeep
|turn|16
|
|t:|1759065181
|switch|p2a: LEBRON 🏀|Iron Hands, shiny|100/100
|-enditem|p2a: LEBRON 🏀|Booster Energy
|-activate|p2a: LEBRON 🏀|ability: Quark Drive|[fromitem]
|-start|p2a: LEBRON 🏀|quarkdriveatk
|move|p1a: Alomomola|Flip Turn|p2a: LEBRON 🏀
|-damage|p2a: LEBRON 🏀|88/100
|
|t:|1759065190
|switch|p1a: Raging Bolt|Raging Bolt|100/100|[from] Flip Turn
|
|-fieldend|move: Trick Room
|upkeep
|turn|17
|
|t:|1759065196
|move|p1a: Raging Bolt|Draco Meteor|p2a: LEBRON 🏀
|-damage|p2a: LEBRON 🏀|2/100
|-unboost|p1a: Raging Bolt|spa|2
|move|p2a: LEBRON 🏀|Ice Punch|p1a: Raging Bolt
|-supereffective|p1a: Raging Bolt
|-damage|p1a: Raging Bolt|36/100
|
|upkeep
|turn|18
|
|t:|1759065205
|move|p1a: Raging Bolt|Draco Meteor|p2a: LEBRON 🏀
|-damage|p2a: LEBRON 🏀|0 fnt
|-unboost|p1a: Raging Bolt|spa|2
|faint|p2a: LEBRON 🏀
|-end|p2a: LEBRON 🏀|Quark Drive|[silent]
|
|upkeep
|
|t:|1759065209
|switch|p2a: Blood & Honey 🍯|Ursaluna, M, shiny|72/100 brn
|turn|19
|
|t:|1759065228
|-terastallize|p1a: Raging Bolt|Dragon
|move|p1a: Raging Bolt|Draco Meteor|p2a: Blood & Honey 🍯|[miss]
|-miss|p1a: Raging Bolt|p2a: Blood & Honey 🍯
|move|p2a: Blood & Honey 🍯|Facade|p1a: Raging Bolt
|-damage|p1a: Raging Bolt|0 fnt
|faint|p1a: Raging Bolt
|-end|p1a: Raging Bolt|Protosynthesis|[silent]
|
|-damage|p2a: Blood & Honey 🍯|66/100 brn|[from] brn
|upkeep
|
|t:|1759065238
|switch|p1a: Grimmsnarl|Grimmsnarl, M|100/100
|turn|20
|
|t:|1759065241
|move|p1a: Grimmsnarl|Parting Shot|p2a: Blood & Honey 🍯
|-unboost|p2a: Blood & Honey 🍯|atk|1
|-unboost|p2a: Blood & Honey 🍯|spa|1
|
|t:|1759065244
|switch|p1a: Alomomola|Alomomola, M|100/100|[from] Parting Shot
|move|p2a: Blood & Honey 🍯|Facade|p1a: Alomomola
|-damage|p1a: Alomomola|54/100
|
|-damage|p2a: Blood & Honey 🍯|60/100 brn|[from] brn
|upkeep
|turn|21
|j| Nikator98
|l| Nikator98
|
|t:|1759065255
|move|p1a: Alomomola|Wish|p1a: Alomomola
|move|p2a: Blood & Honey 🍯|Facade|p1a: Alomomola
|-damage|p1a: Alomomola|10/100
|
|-damage|p2a: Blood & Honey 🍯|54/100 brn|[from] brn
|upkeep
|turn|22
|
|t:|1759065274
|move|p1a: Alomomola|Protect|p1a: Alomomola
|-singleturn|p1a: Alomomola|Protect
|move|p2a: Blood & Honey 🍯|Headlong Rush|p1a: Alomomola
|-activate|p1a: Alomomola|move: Protect
|
|-heal|p1a: Alomomola|60/100|[from] move: Wish|[wisher] Alomomola
|-damage|p2a: Blood & Honey 🍯|48/100 brn|[from] brn
|upkeep
|turn|23
|
|t:|1759065283
|move|p1a: Alomomola|Wish|p1a: Alomomola
|move|p2a: Blood & Honey 🍯|Supercell Slam|p1a: Alomomola
|-supereffective|p1a: Alomomola
|-damage|p1a: Alomomola|18/100
|
|-damage|p2a: Blood & Honey 🍯|42/100 brn|[from] brn
|upkeep
|turn|24
|
|t:|1759065292
|switch|p2a: Mimi 🎭|Mimikyu-Busted, F|88/100
|move|p1a: Alomomola|Protect||[still]
|-fail|p1a: Alomomola
|
|-heal|p1a: Alomomola|68/100|[from] move: Wish|[wisher] Alomomola
|upkeep
|turn|25
|
|t:|1759065300
|move|p1a: Alomomola|Flip Turn|p2a: Mimi 🎭
|-damage|p2a: Mimi 🎭|72/100
|
|t:|1759065309
|switch|p1a: Grimmsnarl|Grimmsnarl, M|100/100|[from] Flip Turn
|move|p2a: Mimi 🎭|Trick Room|p2a: Mimi 🎭
|-fieldstart|move: Trick Room|[of] p2a: Mimi 🎭
|
|upkeep
|turn|26
|
|t:|1759065315
|switch|p2a: Satella 👄|Hatterene, F, shiny|100/100
|move|p1a: Grimmsnarl|Reflect|p1a: Grimmsnarl
|-sidestart|p1: zawaluduo11|Reflect
|
|upkeep
|turn|27
|
|t:|1759065320
|move|p1a: Grimmsnarl|Light Screen|p1a: Grimmsnarl
|-sidestart|p1: zawaluduo11|move: Light Screen
|move|p2a: Satella 👄|Draining Kiss|p1a: Grimmsnarl
|-supereffective|p1a: Grimmsnarl
|-damage|p1a: Grimmsnarl|65/100
|-damage|p2a: Satella 👄|91/100|[from] item: Life Orb
|
|upkeep
|turn|28
|
|t:|1759065327
|switch|p1a: Ursaluna|Ursaluna, F|100/100
|move|p2a: Satella 👄|Draining Kiss|p1a: Ursaluna
|-damage|p1a: Ursaluna|82/100
|-heal|p2a: Satella 👄|100/100|[from] drain|[of] p1a: Ursaluna
|-damage|p2a: Satella 👄|91/100|[from] item: Life Orb
|
|-status|p1a: Ursaluna|brn|[from] item: Flame Orb
|upkeep
|turn|29
|
|t:|1759065340
|switch|p2a: Mimi 🎭|Mimikyu-Busted, F|72/100
|move|p1a: Ursaluna|Earthquake|p2a: Mimi 🎭
|-damage|p2a: Mimi 🎭|0 fnt
|faint|p2a: Mimi 🎭
|
|-damage|p1a: Ursaluna|76/100 brn|[from] brn
|-fieldend|move: Trick Room
|upkeep
|
|t:|1759065347
|switch|p2a: Blood & Honey 🍯|Ursaluna, M, shiny|42/100 brn
|turn|30
|
|t:|1759065354
|move|p1a: Ursaluna|Facade|p2a: Blood & Honey 🍯
|-damage|p2a: Blood & Honey 🍯|0 fnt
|faint|p2a: Blood & Honey 🍯
|
|-damage|p1a: Ursaluna|69/100 brn|[from] brn
|upkeep
|l|☆zane0911
|inactive|zane0911 disconnected and has a minute to reconnect!
|player|p2|
|inactive|zane0911 has 30 seconds to reconnect!
|inactive|zane0911 has 20 seconds to reconnect!
|inactive|zane0911 has 15 seconds to reconnect!
|inactive|zane0911 has 10 seconds to reconnect!
|inactive|zane0911 has 5 seconds to reconnect!
|-message|zane0911 lost due to inactivity.
|
|win|zawaluduo11
|raw|zawaluduo11's rating: 1546 &rarr; <strong>1567</strong><br />(+21 for winning)
|raw|zane0911's rating: 1555 &rarr; <strong>1534</strong><br />(-21 for losing)
|l|☆zawaluduo11
|player|p1|
