|j|☆snivy345
|j|☆NomyMon
|t:|1759012538
|gametype|singles
|player|p1|snivy345|plasmagrunt|1092
|player|p2|NomyMon|170|1015
|gen|9
|tier|[Gen 9] OU
|rated|
|rule|HP Percentage Mod: HP is shown in percentages
|rule|Endless Battle Clause: Forcing endless battles is banned
|rule|Species Clause: Limit one of each Pokémon
|rule|OHKO Clause: OHKO moves are banned
|rule|Evasion Items Clause: Evasion items are banned
|rule|Evasion Moves Clause: Evasion moves are banned
|rule|Evasion Abilities Clause: Evasion abilities are banned
|rule|Sleep Moves Clause: Sleep-inducing moves are banned
|clearpoke
|poke|p1|Milotic, F|
|poke|p1|Comfey, F|
|poke|p1|Serperior, M|
|poke|p1|Clodsire, M|
|poke|p1|Goodra-Hisui, M|
|poke|p1|Ninetales, M|
|poke|p2|Toxtricity, M|
|poke|p2|Comfey, M|
|poke|p2|Excadrill, M|
|poke|p2|Gliscor, M|
|poke|p2|Weezing-Galar, F|
|poke|p2|Blissey, F|
|teampreview
|inactive|Battle timer is ON: inactive players will automatically lose when time's up. (requested by snivy345)
|
|t:|1759012546
|teamsize|p1|6
|teamsize|p2|6
|start
|switch|p1a: Goodra|Goodra-Hisui, M|100/100
|switch|p2a: Comfey|Comfey, M|100/100
|turn|1
|
|t:|1759012552
|move|p2a: Comfey|Leech Seed|p1a: Goodra
|-ability|p1a: Goodra|Sap Sipper|boost
|-boost|p1a: Goodra|atk|1
|move|p1a: Goodra|Curse|p1a: Goodra
|-unboost|p1a: Goodra|spe|1
|-boost|p1a: Goodra|atk|1
|-boost|p1a: Goodra|def|1
|
|upkeep
|turn|2
|
|t:|1759012562
|move|p2a: Comfey|Taunt|p1a: Goodra
|-start|p1a: Goodra|move: Taunt
|cant|p1a: Goodra|move: Taunt|Curse
|
|upkeep
|turn|3
|
|t:|1759012570
|move|p2a: Comfey|Protect|p2a: Comfey
|-singleturn|p2a: Comfey|Protect
|move|p1a: Goodra|Heavy Slam|p2a: Comfey
|-activate|p2a: Comfey|move: Protect
|
|upkeep
|turn|4
|
|t:|1759012577
|move|p2a: Comfey|Draining Kiss|p1a: Goodra
|-damage|p1a: Goodra|91/100
|move|p1a: Goodra|Heavy Slam|p2a: Comfey
|-supereffective|p2a: Comfey
|-damage|p2a: Comfey|0 fnt
|faint|p2a: Comfey
|
|-heal|p1a: Goodra|97/100|[from] item: Leftovers
|-end|p1a: Goodra|move: Taunt
|upkeep
|
|t:|1759012585
|switch|p2a: Rockstar|Toxtricity, M, shiny|100/100
|turn|5
|
|t:|1759012594
|move|p2a: Rockstar|Volt Switch|p1a: Goodra
|-resisted|p1a: Goodra
|-damage|p1a: Goodra|84/100
|
|t:|1759012604
|switch|p2a: Blissey|Blissey, F|100/100|[from] Volt Switch
|move|p1a: Goodra|Curse|p1a: Goodra
|-unboost|p1a: Goodra|spe|1
|-boost|p1a: Goodra|atk|1
|-boost|p1a: Goodra|def|1
|
|-heal|p1a: Goodra|90/100|[from] item: Leftovers
|upkeep
|turn|6
|
|t:|1759012614
|move|p2a: Blissey|Seismic Toss|p1a: Goodra
|-damage|p1a: Goodra|62/100
|move|p1a: Goodra|Body Press|p2a: Blissey
|-supereffective|p2a: Blissey
|-damage|p2a: Blissey|12/100
|
|-heal|p1a: Goodra|68/100|[from] item: Leftovers
|upkeep
|turn|7
|
|t:|1759012622
|move|p2a: Blissey|Stealth Rock|p1a: Goodra
|-sidestart|p1: snivy345|move: Stealth Rock
|move|p1a: Goodra|Body Press|p2a: Blissey
|-supereffective|p2a: Blissey
|-damage|p2a: Blissey|0 fnt
|faint|p2a: Blissey
|
|-heal|p1a: Goodra|74/100|[from] item: Leftovers
|upkeep
|
|t:|1759012628
|switch|p2a: Rockstar|Toxtricity, M, shiny|100/100
|turn|8
|
|t:|1759012635
|move|p2a: Rockstar|Boomburst|p1a: Goodra
|-resisted|p1a: Goodra
|-damage|p1a: Goodra|52/100
|-enditem|p2a: Rockstar|Throat Spray
|-boost|p2a: Rockstar|spa|1|[from] item: Throat Spray
|move|p1a: Goodra|Curse|p1a: Goodra
|-unboost|p1a: Goodra|spe|1
|-boost|p1a: Goodra|atk|1
|-boost|p1a: Goodra|def|1
|
|-heal|p1a: Goodra|58/100|[from] item: Leftovers
|upkeep
|turn|9
|
|t:|1759012654
|move|p2a: Rockstar|Boomburst|p1a: Goodra
|-resisted|p1a: Goodra
|-damage|p1a: Goodra|26/100
|move|p1a: Goodra|Heavy Slam|p2a: Rockstar
|-resisted|p2a: Rockstar
|-damage|p2a: Rockstar|12/100
|
|-heal|p1a: Goodra|32/100|[from] item: Leftovers
|upkeep
|turn|10
|
|t:|1759012662
|move|p2a: Rockstar|Boomburst|p1a: Goodra
|-resisted|p1a: Goodra
|-damage|p1a: Goodra|1/100
|move|p1a: Goodra|Heavy Slam|p2a: Rockstar
|-resisted|p2a: Rockstar
|-damage|p2a: Rockstar|0 fnt
|faint|p2a: Rockstar
|
|-heal|p1a: Goodra|7/100|[from] item: Leftovers
|upkeep
|
|t:|1759012672
|switch|p2a: Excadrill|Excadrill, M|100/100
|-ability|p2a: Excadrill|Mold Breaker
|turn|11
|
|t:|1759012676
|move|p2a: Excadrill|Rapid Spin|p1a: Goodra
|-resisted|p1a: Goodra
|-damage|p1a: Goodra|4/100
|-boost|p2a: Excadrill|spe|1
|-damage|p2a: Excadrill|91/100|[from] item: Life Orb
|move|p1a: Goodra|Body Press|p2a: Excadrill
|-supereffective|p2a: Excadrill
|-damage|p2a: Excadrill|0 fnt
|faint|p2a: Excadrill
|
|-heal|p1a: Goodra|10/100|[from] item: Leftovers
|upkeep
|-message|NomyMon forfeited.
|
|win|snivy345
|raw|snivy345's rating: 1092 &rarr; <strong>1112</strong><br />(+20 for winning)
|raw|NomyMon's rating: 1015 &rarr; <strong>1005</strong><br />(-10 for losing)
|l|☆NomyMon
|player|p2|
