|badge|p1|bronze|gen9ou|100-6
|html|<div class="broadcast-red"><strong>This battle is required to be public due to one or more player having a season medal.</strong><br />During the public phase, you can discuss the state of the ladder <a href="/seasondiscussion">in a special chatroom.</a></div>
|uhtml|medal-msg|<div class="broadcast-blue">Curious what those medals under the avatar are? PS now has Ladder Seasons! For more information, check out the <a href="https://www.smogon.com/forums/threads/3740067/">thread on Smogon.</a></div>
|badge|p2|silver|gen9ou|30-6
|uhtml|medal-msg|<div class="broadcast-blue">Curious what those medals under the avatar are? PS now has Ladder Seasons! For more information, check out the <a href="https://www.smogon.com/forums/threads/3740067/">thread on Smogon.</a></div>
|raw|<div class="broadcast-blue"><strong>This battle is required to be public due to a player having a name starting with 'medal'.</div>
|j|☆ADM02
|j|☆MunchlaxTheGodKing
|t:|1758981457
|gametype|singles
|player|p1|ADM02|101|1861
|player|p2|MunchlaxTheGodKing|furisodegirl-black|1854
|gen|9
|tier|[Gen 9] OU
|rated|
|rule|HP Percentage Mod: HP is shown in percentages
|rule|Endless Battle Clause: Forcing endless battles is banned
|rule|Species Clause: Limit one of each Pokémon
|rule|OHKO Clause: OHKO moves are banned
|rule|Evasion Items Clause: Evasion items are banned
|rule|Evasion Moves Clause: Evasion moves are banned
|rule|Evasion Abilities Clause: Evasion abilities are banned
|rule|Sleep Moves Clause: Sleep-inducing moves are banned
|clearpoke
|poke|p1|Cinderace, F|
|poke|p1|Clefable, F|
|poke|p1|Salamence, M|
|poke|p1|Dragonite, M|
|poke|p1|Hoopa-Unbound|
|poke|p1|Clodsire, F|
|poke|p2|Zamazenta-*|
|poke|p2|Dragapult, M|
|poke|p2|Raging Bolt|
|poke|p2|Moltres|
|poke|p2|Iron Treads|
|poke|p2|Samurott-Hisui, F|
|teampreview
|inactive|Battle timer is ON: inactive players will automatically lose when time's up. (requested by MunchlaxTheGodKing)
|j| cryyysneasel
|j| bugs sock
|
|t:|1758981475
|teamsize|p1|6
|teamsize|p2|6
|start
|switch|p1a: Clodsire|Clodsire, F|100/100
|switch|p2a: Moltres|Moltres|100/100
|turn|1
|
|t:|1758981483
|move|p2a: Moltres|U-turn|p1a: Clodsire
|-resisted|p1a: Clodsire
|-damage|p1a: Clodsire|95/100
|-damage|p2a: Moltres|84/100|[from] item: Rocky Helmet|[of] p1a: Clodsire
|
|t:|1758981485
|switch|p2a: 踩踩背|Iron Treads|100/100|[from] U-turn
|move|p1a: Clodsire|Toxic|p2a: 踩踩背
|-immune|p2a: 踩踩背
|
|upkeep
|turn|2
|
|t:|1758981492
|switch|p1a: Salamence|Salamence, M|100/100
|-ability|p1a: Salamence|Intimidate|boost
|-unboost|p2a: 踩踩背|atk|1
|move|p2a: 踩踩背|Knock Off|p1a: Salamence
|-damage|p1a: Salamence|90/100
|-enditem|p1a: Salamence|Heavy-Duty Boots|[from] move: Knock Off|[of] p2a: 踩踩背
|
|upkeep
|turn|3
|
|t:|1758981499
|move|p2a: 踩踩背|Stealth Rock|p1a: Salamence
|-sidestart|p1: ADM02|move: Stealth Rock
|move|p1a: Salamence|Flamethrower|p2a: 踩踩背
|-supereffective|p2a: 踩踩背
|-damage|p2a: 踩踩背|66/100
|-status|p2a: 踩踩背|brn
|
|-heal|p2a: 踩踩背|72/100 brn|[from] item: Leftovers
|-damage|p2a: 踩踩背|66/100 brn|[from] brn
|upkeep
|turn|4
|
|t:|1758981513
|-end|p2a: 踩踩背|Quark Drive|[silent]
|switch|p2a: 脑袋尖尖的|Zamazenta|100/100
|-ability|p2a: 脑袋尖尖的|Dauntless Shield|boost
|-boost|p2a: 脑袋尖尖的|def|1
|move|p1a: Salamence|Flamethrower|p2a: 脑袋尖尖的
|-damage|p2a: 脑袋尖尖的|81/100
|
|upkeep
|turn|5
|j| cynasaurus
|
|t:|1758981526
|switch|p1a: Clefable|Clefable, F|100/100
|move|p2a: 脑袋尖尖的|Ice Fang|p1a: Clefable
|-damage|p1a: Clefable|78/100
|-status|p1a: Clefable|frz
|-damage|p2a: 脑袋尖尖的|71/100|[from] item: Life Orb
|
|-heal|p1a: Clefable|84/100 frz|[from] item: Leftovers
|upkeep
|turn|6
|
|t:|1758981538
|switch|p2a: Moltres|Moltres|84/100
|switch|p1a: Clodsire|Clodsire, F|95/100
|-damage|p1a: Clodsire|89/100|[from] Stealth Rock
|
|upkeep
|turn|7
|
|t:|1758981546
|switch|p2a: 90%≠don't blunder|Samurott-Hisui, F|100/100
|move|p1a: Clodsire|Stealth Rock|p2a: 90%≠don't blunder
|-sidestart|p2: MunchlaxTheGodKing|move: Stealth Rock
|
|upkeep
|turn|8
|
|t:|1758981552
|-terastallize|p2a: 90%≠don't blunder|Dark
|move|p2a: 90%≠don't blunder|Ceaseless Edge|p1a: Clodsire
|-damage|p1a: Clodsire|20/100
|-damage|p2a: 90%≠don't blunder|84/100|[from] item: Rocky Helmet|[of] p1a: Clodsire
|-sidestart|p1: ADM02|Spikes
|move|p1a: Clodsire|Toxic|p2a: 90%≠don't blunder
|-status|p2a: 90%≠don't blunder|tox
|
|-damage|p2a: 90%≠don't blunder|78/100 tox|[from] psn
|upkeep
|turn|9
|j| Fifo drummer
|inactive|ADM02 has 120 seconds left.
|
|t:|1758981590
|move|p2a: 90%≠don't blunder|Ceaseless Edge|p1a: Clodsire
|-crit|p1a: Clodsire
|-damage|p1a: Clodsire|0 fnt
|-damage|p2a: 90%≠don't blunder|61/100 tox|[from] item: Rocky Helmet|[of] p1a: Clodsire
|-sidestart|p1: ADM02|Spikes
|faint|p1a: Clodsire
|
|-damage|p2a: 90%≠don't blunder|49/100 tox|[from] psn
|upkeep
|
|t:|1758981600
|switch|p1a: Clefable|Clefable, F|84/100 frz
|turn|10
|inactive|ADM02 has 120 seconds left.
|
|t:|1758981608
|cant|p1a: Clefable|frz
|move|p2a: 90%≠don't blunder|Ceaseless Edge|p1a: Clefable
|-resisted|p1a: Clefable
|-damage|p1a: Clefable|46/100 frz
|-sidestart|p1: ADM02|Spikes
|
|-heal|p1a: Clefable|52/100 frz|[from] item: Leftovers
|-damage|p2a: 90%≠don't blunder|30/100 tox|[from] psn
|upkeep
|turn|11
|
|t:|1758981615
|switch|p2a: Moltres|Moltres|84/100
|cant|p1a: Clefable|frz
|
|-heal|p1a: Clefable|58/100 frz|[from] item: Leftovers
|upkeep
|turn|12
|
|t:|1758981618
|move|p2a: Moltres|Hurricane|p1a: Clefable
|-damage|p1a: Clefable|0 fnt
|faint|p1a: Clefable
|
|upkeep
|
|t:|1758981628
|switch|p1a: Cinderace|Cinderace, F|100/100
|turn|13
|
|t:|1758981633
|move|p1a: Cinderace|Court Change|p1a: Cinderace
|-swapsideconditions
|-activate|p1a: Cinderace|move: Court Change
|move|p2a: Moltres|Scorching Sands|p1a: Cinderace
|-supereffective|p1a: Cinderace
|-damage|p1a: Cinderace|23/100
|
|upkeep
|turn|14
|
|t:|1758981650
|move|p1a: Cinderace|Pyro Ball|p2a: Moltres
|-resisted|p2a: Moltres
|-damage|p2a: Moltres|39/100
|move|p2a: Moltres|Flamethrower|p1a: Cinderace
|-resisted|p1a: Cinderace
|-damage|p1a: Cinderace|0 fnt
|faint|p1a: Cinderace
|
|upkeep
|
|t:|1758981661
|switch|p1a: Salamence|Salamence, M|90/100
|-damage|p1a: Salamence|65/100|[from] Stealth Rock
|-ability|p1a: Salamence|Intimidate|boost
|-unboost|p2a: Moltres|atk|1
|turn|15
|
|t:|1758981665
|move|p2a: Moltres|Hurricane|p1a: Salamence
|-damage|p1a: Salamence|0 fnt
|faint|p1a: Salamence
|
|upkeep
|l| cynasaurus
|
|t:|1758981669
|switch|p1a: Dragonite|Dragonite, M|100/100
|turn|16
|l| Fifo drummer
|l| cryyysneasel
|
|t:|1758981689
|move|p1a: Dragonite|Dragon Dance|p1a: Dragonite
|-boost|p1a: Dragonite|atk|1
|-boost|p1a: Dragonite|spe|1
|move|p2a: Moltres|U-turn|p1a: Dragonite
|-resisted|p1a: Dragonite
|-damage|p1a: Dragonite|98/100
|
|t:|1758981697
|switch|p2a: 长脖奶龙|Raging Bolt|100/100|[from] U-turn
|
|upkeep
|turn|17
|j| tiochicodobos
|j| seiko leich
|
|t:|1758981720
|-terastallize|p1a: Dragonite|Normal
|move|p1a: Dragonite|Dragon Dance|p1a: Dragonite
|-boost|p1a: Dragonite|atk|1
|-boost|p1a: Dragonite|spe|1
|move|p2a: 长脖奶龙|Draco Meteor|p1a: Dragonite
|-damage|p1a: Dragonite|15/100
|-unboost|p2a: 长脖奶龙|spa|2
|
|upkeep
|turn|18
|
|t:|1758981741
|-end|p2a: 长脖奶龙|Protosynthesis|[silent]
|switch|p2a: Moltres|Moltres|39/100
|move|p1a: Dragonite|Earthquake|p2a: Moltres
|-immune|p2a: Moltres
|
|upkeep
|turn|19
|
|t:|1758981744
|move|p1a: Dragonite|Extreme Speed|p2a: Moltres
|-damage|p2a: Moltres|0 fnt
|faint|p2a: Moltres
|
|upkeep
|
|t:|1758981753
|switch|p2a: 长脖奶龙|Raging Bolt|100/100
|turn|20
|
|t:|1758981779
|move|p1a: Dragonite|Extreme Speed|p2a: 长脖奶龙
|-damage|p2a: 长脖奶龙|24/100
|move|p2a: 长脖奶龙|Thunderbolt|p1a: Dragonite
|-damage|p1a: Dragonite|0 fnt
|faint|p1a: Dragonite
|
|upkeep
|
|t:|1758981784
|switch|p1a: Hoopa|Hoopa-Unbound|100/100
|-damage|p1a: Hoopa|88/100|[from] Stealth Rock
|turn|21
|c|☆MunchlaxTheGodKing|gg
|l| bugs sock
|-message|ADM02 forfeited.
|
|win|MunchlaxTheGodKing
|raw|ADM02's rating: 1861 &rarr; <strong>1841</strong><br />(-20 for losing)
|raw|MunchlaxTheGodKing's rating: 1854 &rarr; <strong>1874</strong><br />(+20 for winning)
|l|☆ADM02
|player|p1|
