|j|☆dadadadaxiji
|j|☆avlavlavlavl
|t:|1758964730
|gametype|singles
|player|p1|dadadadaxiji|dawn|1713
|player|p2|avlavlavlavl|lacey|1688
|gen|9
|tier|[Gen 9] OU
|rated|
|rule|HP Percentage Mod: HP is shown in percentages
|rule|Endless Battle Clause: Forcing endless battles is banned
|rule|Species Clause: Limit one of each Pokémon
|rule|OHKO Clause: OHKO moves are banned
|rule|Evasion Items Clause: Evasion items are banned
|rule|Evasion Moves Clause: Evasion moves are banned
|rule|Evasion Abilities Clause: Evasion abilities are banned
|rule|Sleep Moves Clause: Sleep-inducing moves are banned
|clearpoke
|poke|p1|Pelipper, F|
|poke|p1|Tyranitar, M|
|poke|p1|Ninetales-Alola, F|
|poke|p1|Torkoal, M|
|poke|p1|Hippowdon, M|
|poke|p1|Kingambit, F|
|poke|p2|Primarina, F|
|poke|p2|Gholdengo|
|poke|p2|Meowscarada, F|
|poke|p2|Moltres|
|poke|p2|Zamazenta-*|
|poke|p2|Iron Treads|
|teampreview
|inactive|Battle timer is ON: inactive players will automatically lose when time's up. (requested by dadadadaxiji)
|c|☆avlavlavlavl|holy shit
|j| lanarey
|inactive|avlavlavlavl has 120 seconds left.
|
|t:|1758964766
|teamsize|p1|6
|teamsize|p2|6
|start
|switch|p1a: Ninetales|Ninetales-Alola, F|100/100
|switch|p2a: Primarina|Primarina, F|100/100
|-weather|Snowscape|[from] ability: Snow Warning|[of] p1a: Ninetales
|turn|1
|
|t:|1758964775
|move|p1a: Ninetales|Moonblast|p2a: Primarina
|-damage|p2a: Primarina|66/100
|-unboost|p2a: Primarina|spa|1
|-damage|p1a: Ninetales|91/100|[from] item: Life Orb
|move|p2a: Primarina|Whirlpool|p1a: Ninetales
|-damage|p1a: Ninetales|75/100
|-activate|p1a: Ninetales|move: Whirlpool|[of] p2a: Primarina
|
|-weather|Snowscape|[upkeep]
|-damage|p1a: Ninetales|63/100|[from] move: Whirlpool|[partiallytrapped]
|upkeep
|turn|2
|j| wgw2333
|
|t:|1758964790
|move|p1a: Ninetales|Nasty Plot|p1a: Ninetales
|-boost|p1a: Ninetales|spa|2
|move|p2a: Primarina|Moonblast|p1a: Ninetales
|-damage|p1a: Ninetales|20/100
|
|-weather|Snowscape|[upkeep]
|-damage|p1a: Ninetales|8/100|[from] move: Whirlpool|[partiallytrapped]
|upkeep
|turn|3
|
|t:|1758964798
|switch|p2a: Gholdengo|Gholdengo|100/100
|move|p1a: Ninetales|Moonblast|p2a: Gholdengo
|-resisted|p2a: Gholdengo
|-damage|p2a: Gholdengo|40/100
|-unboost|p2a: Gholdengo|spa|1
|-damage|p1a: Ninetales|0 fnt|[from] item: Life Orb
|faint|p1a: Ninetales
|
|-weather|Snowscape|[upkeep]
|upkeep
|
|t:|1758964802
|switch|p1a: Pelipper|Pelipper, F|100/100
|-weather|RainDance|[from] ability: Drizzle|[of] p1a: Pelipper
|turn|4
|
|t:|1758964807
|switch|p2a: Primarina|Primarina, F|66/100
|move|p1a: Pelipper|Weather Ball|p2a: Primarina
|-resisted|p2a: Primarina
|-damage|p2a: Primarina|47/100
|
|-weather|RainDance|[upkeep]
|upkeep
|turn|5
|
|t:|1758964815
|switch|p1a: Tyranitar|Tyranitar, M|100/100
|-weather|Sandstorm|[from] ability: Sand Stream|[of] p1a: Tyranitar
|move|p2a: Primarina|Moonblast|p1a: Tyranitar
|-supereffective|p1a: Tyranitar
|-damage|p1a: Tyranitar|34/100
|
|-weather|Sandstorm|[upkeep]
|-damage|p2a: Primarina|41/100|[from] Sandstorm
|upkeep
|turn|6
|
|t:|1758964830
|switch|p2a: Iron Treads|Iron Treads|100/100
|-item|p2a: Iron Treads|Air Balloon
|move|p1a: Tyranitar|Knock Off|p2a: Iron Treads
|-damage|p2a: Iron Treads|35/100
|-enditem|p2a: Iron Treads|Air Balloon
|
|-weather|Sandstorm|[upkeep]
|upkeep
|turn|7
|
|t:|1758964845
|move|p2a: Iron Treads|Stealth Rock|p1a: Tyranitar
|-sidestart|p1: dadadadaxiji|move: Stealth Rock
|move|p1a: Tyranitar|Knock Off|p2a: Iron Treads
|-damage|p2a: Iron Treads|0 fnt
|faint|p2a: Iron Treads
|-end|p2a: Iron Treads|Quark Drive|[silent]
|
|-weather|Sandstorm|[upkeep]
|upkeep
|
|t:|1758964849
|switch|p2a: Meowscarada|Meowscarada, F|100/100
|turn|8
|
|t:|1758964855
|move|p2a: Meowscarada|U-turn|p1a: Tyranitar
|-start|p2a: Meowscarada|typechange|Bug|[from] ability: Protean
|-supereffective|p1a: Tyranitar
|-damage|p1a: Tyranitar|0 fnt
|faint|p1a: Tyranitar
|
|t:|1758964864
|switch|p2a: Primarina|Primarina, F|41/100|[from] U-turn
|
|-weather|Sandstorm|[upkeep]
|-damage|p2a: Primarina|35/100|[from] Sandstorm
|upkeep
|
|t:|1758964875
|switch|p1a: Torkoal|Torkoal, M|100/100
|-weather|SunnyDay|[from] ability: Drought|[of] p1a: Torkoal
|turn|9
|
|t:|1758964889
|move|p2a: Primarina|Psychic Noise|p1a: Torkoal
|-supereffective|p1a: Torkoal
|-damage|p1a: Torkoal|49/100
|-start|p1a: Torkoal|move: Heal Block
|move|p1a: Torkoal|Rapid Spin|p2a: Primarina
|-damage|p2a: Primarina|23/100
|-boost|p1a: Torkoal|spe|1
|-sideend|p1: dadadadaxiji|Stealth Rock|[from] move: Rapid Spin|[of] p1a: Torkoal
|
|-weather|SunnyDay|[upkeep]
|upkeep
|turn|10
|
|t:|1758964907
|move|p2a: Primarina|Psychic Noise|p1a: Torkoal
|-supereffective|p1a: Torkoal
|-damage|p1a: Torkoal|0 fnt
|faint|p1a: Torkoal
|
|-weather|SunnyDay|[upkeep]
|upkeep
|
|t:|1758964910
|switch|p1a: Pelipper|Pelipper, F|100/100
|-weather|RainDance|[from] ability: Drizzle|[of] p1a: Pelipper
|turn|11
|j| cynasaurus
|
|t:|1758964919
|switch|p2a: Gholdengo|Gholdengo|40/100
|move|p1a: Pelipper|Hurricane|p2a: Gholdengo
|-resisted|p2a: Gholdengo
|-damage|p2a: Gholdengo|12/100
|
|-weather|RainDance|[upkeep]
|upkeep
|turn|12
|
|t:|1758964927
|move|p1a: Pelipper|Hurricane|p2a: Gholdengo
|-resisted|p2a: Gholdengo
|-damage|p2a: Gholdengo|0 fnt
|faint|p2a: Gholdengo
|
|-weather|RainDance|[upkeep]
|upkeep
|
|t:|1758964941
|switch|p2a: Meowscarada|Meowscarada, F|100/100
|turn|13
|
|t:|1758964945
|move|p2a: Meowscarada|Knock Off|p1a: Pelipper
|-start|p2a: Meowscarada|typechange|Dark|[from] ability: Protean
|-damage|p1a: Pelipper|41/100
|-enditem|p1a: Pelipper|Choice Scarf|[from] move: Knock Off|[of] p2a: Meowscarada
|move|p1a: Pelipper|Hurricane|p2a: Meowscarada
|-damage|p2a: Meowscarada|28/100
|
|-weather|RainDance|[upkeep]
|upkeep
|turn|14
|
|t:|1758964973
|switch|p1a: Hippowdon|Hippowdon, M|100/100
|-weather|Sandstorm|[from] ability: Sand Stream|[of] p1a: Hippowdon
|move|p2a: Meowscarada|Knock Off|p1a: Hippowdon
|-damage|p1a: Hippowdon|77/100
|-damage|p2a: Meowscarada|11/100|[from] item: Rocky Helmet|[of] p1a: Hippowdon
|-enditem|p1a: Hippowdon|Rocky Helmet|[from] move: Knock Off|[of] p2a: Meowscarada
|
|-weather|Sandstorm|[upkeep]
|-damage|p2a: Meowscarada|5/100|[from] Sandstorm
|upkeep
|turn|15
|
|t:|1758964981
|move|p2a: Meowscarada|Knock Off|p1a: Hippowdon
|-damage|p1a: Hippowdon|60/100
|move|p1a: Hippowdon|Stealth Rock|p2a: Meowscarada
|-sidestart|p2: avlavlavlavl|move: Stealth Rock
|
|-weather|Sandstorm|[upkeep]
|-damage|p2a: Meowscarada|0 fnt|[from] Sandstorm
|faint|p2a: Meowscarada
|upkeep
|
|t:|1758964993
|switch|p2a: Primarina|Primarina, F|23/100
|-damage|p2a: Primarina|11/100|[from] Stealth Rock
|turn|16
|
|t:|1758965008
|move|p2a: Primarina|Moonblast|p1a: Hippowdon
|-damage|p1a: Hippowdon|0 fnt
|faint|p1a: Hippowdon
|
|-weather|Sandstorm|[upkeep]
|-damage|p2a: Primarina|5/100|[from] Sandstorm
|upkeep
|
|t:|1758965012
|switch|p1a: Pelipper|Pelipper, F|41/100
|-weather|RainDance|[from] ability: Drizzle|[of] p1a: Pelipper
|turn|17
|
|t:|1758965018
|move|p1a: Pelipper|Weather Ball|p2a: Primarina
|-resisted|p2a: Primarina
|-damage|p2a: Primarina|0 fnt
|faint|p2a: Primarina
|
|-weather|RainDance|[upkeep]
|upkeep
|
|t:|1758965022
|switch|p2a: Zamazenta|Zamazenta|100/100
|-ability|p2a: Zamazenta|Dauntless Shield|boost
|-boost|p2a: Zamazenta|def|1
|turn|18
|
|t:|1758965036
|move|p2a: Zamazenta|Stone Edge|p1a: Pelipper
|-supereffective|p1a: Pelipper
|-damage|p1a: Pelipper|0 fnt
|faint|p1a: Pelipper
|
|-weather|RainDance|[upkeep]
|upkeep
|
|t:|1758965041
|switch|p1a: Kingambit|Kingambit, F|100/100
|-activate|p1a: Kingambit|ability: Supreme Overlord
|-start|p1a: Kingambit|fallen5|[silent]
|turn|19
|
|t:|1758965046
|switch|p2a: Moltres|Moltres|100/100
|-terastallize|p1a: Kingambit|Ghost
|move|p1a: Kingambit|Swords Dance|p1a: Kingambit
|-boost|p1a: Kingambit|atk|2
|
|-weather|RainDance|[upkeep]
|upkeep
|turn|20
|
|t:|1758965052
|move|p2a: Moltres|Will-O-Wisp|p1a: Kingambit
|-status|p1a: Kingambit|brn
|move|p1a: Kingambit|Swords Dance|p1a: Kingambit
|-boost|p1a: Kingambit|atk|2
|
|-weather|RainDance|[upkeep]
|-damage|p1a: Kingambit|95/100 brn|[from] brn
|upkeep
|turn|21
|
|t:|1758965057
|move|p2a: Moltres|Flamethrower|p1a: Kingambit
|-damage|p1a: Kingambit|74/100 brn
|move|p1a: Kingambit|Swords Dance|p1a: Kingambit
|-boost|p1a: Kingambit|atk|2
|
|-weather|none
|-damage|p1a: Kingambit|68/100 brn|[from] brn
|upkeep
|turn|22
|l| wgw2333
|
|t:|1758965062
|move|p1a: Kingambit|Sucker Punch|p2a: Moltres
|-damage|p2a: Moltres|0 fnt
|faint|p2a: Moltres
|
|-damage|p1a: Kingambit|62/100 brn|[from] brn
|upkeep
|
|t:|1758965065
|switch|p2a: Zamazenta|Zamazenta|100/100
|turn|23
|
|t:|1758965070
|-terastallize|p2a: Zamazenta|Dark
|move|p2a: Zamazenta|Crunch|p1a: Kingambit
|-supereffective|p1a: Kingambit
|-damage|p1a: Kingambit|4/100 brn
|move|p1a: Kingambit|Low Kick|p2a: Zamazenta
|-supereffective|p2a: Zamazenta
|-damage|p2a: Zamazenta|0 fnt
|faint|p2a: Zamazenta
|
|win|dadadadaxiji
|raw|dadadadaxiji's rating: 1713 &rarr; <strong>1732</strong><br />(+19 for winning)
|raw|avlavlavlavl's rating: 1688 &rarr; <strong>1669</strong><br />(-19 for losing)
|c|☆dadadadaxiji|gg
|l|☆avlavlavlavl
|player|p2|
|j| Art234巴大蝶
|l| Art234巴大蝶
|j| quqeee
|j| Zxz666
|l| cynasaurus
|l| lanarey
