|j|☆jhghjkhipkjnlp
|j|☆nmx123
|t:|1758947020
|gametype|singles
|player|p1|jhghjkhipkjnlp|102|1601
|player|p2|nmx123|101|1650
|gen|9
|tier|[Gen 9] OU
|rated|
|rule|HP Percentage Mod: HP is shown in percentages
|rule|Endless Battle Clause: Forcing endless battles is banned
|rule|Species Clause: Limit one of each Pokémon
|rule|OHKO Clause: OHKO moves are banned
|rule|Evasion Items Clause: Evasion items are banned
|rule|Evasion Moves Clause: Evasion moves are banned
|rule|Evasion Abilities Clause: Evasion abilities are banned
|rule|Sleep Moves Clause: Sleep-inducing moves are banned
|clearpoke
|poke|p1|Kingambit, M|
|poke|p1|Great Tusk|
|poke|p1|Moltres|
|poke|p1|Dragonite, F|
|poke|p1|Primarina, F|
|poke|p1|Deoxys-Speed|
|poke|p2|Dragonite, F|
|poke|p2|Zamazenta-*|
|poke|p2|Gholdengo|
|poke|p2|Raging Bolt|
|poke|p2|Ninetales-Alola, M|
|poke|p2|Great Tusk|
|teampreview
|inactive|Battle timer is ON: inactive players will automatically lose when time's up. (requested by nmx123)
|
|t:|1758947040
|teamsize|p1|6
|teamsize|p2|6
|start
|switch|p1a: Deoxys|Deoxys-Speed|100/100
|switch|p2a: Gholdengo|Gholdengo|100/100
|-ability|p1a: Deoxys|Pressure
|turn|1
|
|t:|1758947059
|switch|p1a: Meruem|Kingambit, M|100/100
|move|p2a: Gholdengo|Shadow Ball|p1a: Meruem
|-resisted|p1a: Meruem
|-damage|p1a: Meruem|80/100
|
|-heal|p1a: Meruem|86/100|[from] item: Leftovers
|upkeep
|turn|2
|
|t:|1758947069
|switch|p2a: Great Tusk|Great Tusk|100/100
|-end|p1a: Meruem|fallenundefined|[silent]
|switch|p1a: Deoxys|Deoxys-Speed|100/100
|-ability|p1a: Deoxys|Pressure
|
|upkeep
|turn|3
|
|t:|1758947091
|-end|p2a: Great Tusk|Protosynthesis|[silent]
|switch|p2a: Gholdengo|Gholdengo|100/100
|move|p1a: Deoxys|Psycho Boost|p2a: Gholdengo
|-resisted|p2a: Gholdengo
|-damage|p2a: Gholdengo|69/100
|-unboost|p1a: Deoxys|spa|2
|
|upkeep
|turn|4
|
|t:|1758947103
|switch|p1a: Yoshi|Dragonite, F|100/100
|move|p2a: Gholdengo|Trick|p1a: Yoshi
|-activate|p2a: Gholdengo|move: Trick|[of] p1a: Yoshi
|-item|p1a: Yoshi|Choice Scarf|[from] move: Trick
|-item|p2a: Gholdengo|Choice Band|[from] move: Trick
|
|upkeep
|turn|5
|
|t:|1758947122
|switch|p2a: Great Tusk|Great Tusk|100/100
|move|p1a: Yoshi|Fire Punch|p2a: Great Tusk
|-damage|p2a: Great Tusk|81/100
|-damage|p1a: Yoshi|84/100|[from] item: Rocky Helmet|[of] p2a: Great Tusk
|
|upkeep
|turn|6
|
|t:|1758947134
|switch|p1a: Moltres|Moltres|100/100
|move|p2a: Great Tusk|Stealth Rock|p1a: Moltres
|-sidestart|p1: jhghjkhipkjnlp|move: Stealth Rock
|
|upkeep
|turn|7
|
|t:|1758947142
|move|p1a: Moltres|U-turn|p2a: Great Tusk
|-resisted|p2a: Great Tusk
|-crit|p2a: Great Tusk
|-damage|p2a: Great Tusk|74/100
|-damage|p1a: Moltres|84/100|[from] item: Rocky Helmet|[of] p2a: Great Tusk
|
|t:|1758947149
|switch|p1a: Anomaly|Great Tusk|100/100|[from] U-turn
|-damage|p1a: Anomaly|98/100|[from] Stealth Rock
|-enditem|p1a: Anomaly|Booster Energy
|-activate|p1a: Anomaly|ability: Protosynthesis|[fromitem]
|-start|p1a: Anomaly|protosynthesisatk
|move|p2a: Great Tusk|Knock Off|p1a: Anomaly
|-resisted|p1a: Anomaly
|-damage|p1a: Anomaly|90/100
|
|upkeep
|turn|8
|
|t:|1758947170
|-end|p2a: Great Tusk|Protosynthesis|[silent]
|switch|p2a: Zamazenta|Zamazenta|100/100
|-ability|p2a: Zamazenta|Dauntless Shield|boost
|-boost|p2a: Zamazenta|def|1
|move|p1a: Anomaly|Rapid Spin|p2a: Zamazenta
|-damage|p2a: Zamazenta|89/100
|-boost|p1a: Anomaly|spe|1
|-sideend|p1: jhghjkhipkjnlp|Stealth Rock|[from] move: Rapid Spin|[of] p1a: Anomaly
|
|-heal|p2a: Zamazenta|96/100|[from] item: Leftovers
|upkeep
|turn|9
|
|t:|1758947182
|-end|p1a: Anomaly|Protosynthesis|[silent]
|switch|p1a: Moltres|Moltres|84/100
|move|p2a: Zamazenta|Iron Defense|p2a: Zamazenta
|-boost|p2a: Zamazenta|def|2
|
|-heal|p2a: Zamazenta|100/100|[from] item: Leftovers
|upkeep
|turn|10
|
|t:|1758947190
|switch|p2a: Raging Bolt|Raging Bolt|100/100
|move|p1a: Moltres|Roar|p2a: Raging Bolt
|-end|p2a: Raging Bolt|Protosynthesis|[silent]
|drag|p2a: Dragonite|Dragonite, F|100/100
|
|upkeep
|turn|11
|
|t:|1758947196
|switch|p2a: Raging Bolt|Raging Bolt|100/100
|move|p1a: Moltres|U-turn|p2a: Raging Bolt
|-damage|p2a: Raging Bolt|88/100
|
|t:|1758947211
|switch|p1a: Deoxys|Deoxys-Speed|100/100|[from] U-turn
|-ability|p1a: Deoxys|Pressure
|
|upkeep
|turn|12
|
|t:|1758947216
|move|p1a: Deoxys|Stealth Rock|p2a: Raging Bolt
|-sidestart|p2: nmx123|move: Stealth Rock
|move|p2a: Raging Bolt|Draco Meteor|p1a: Deoxys
|-damage|p1a: Deoxys|0 fnt
|-unboost|p2a: Raging Bolt|spa|2
|faint|p1a: Deoxys
|-damage|p2a: Raging Bolt|78/100|[from] item: Life Orb
|
|upkeep
|
|t:|1758947229
|switch|p1a: Anomaly|Great Tusk|90/100
|turn|13
|
|t:|1758947236
|-end|p2a: Raging Bolt|Protosynthesis|[silent]
|switch|p2a: Great Tusk|Great Tusk|74/100
|-damage|p2a: Great Tusk|71/100|[from] Stealth Rock
|move|p1a: Anomaly|Headlong Rush|p2a: Great Tusk
|-damage|p2a: Great Tusk|30/100
|-unboost|p1a: Anomaly|def|1
|-unboost|p1a: Anomaly|spd|1
|-damage|p1a: Anomaly|74/100|[from] item: Rocky Helmet|[of] p2a: Great Tusk
|
|upkeep
|turn|14
|
|t:|1758947245
|move|p1a: Anomaly|Headlong Rush|p2a: Great Tusk
|-damage|p2a: Great Tusk|0 fnt
|-unboost|p1a: Anomaly|def|1
|-unboost|p1a: Anomaly|spd|1
|-damage|p1a: Anomaly|57/100|[from] item: Rocky Helmet|[of] p2a: Great Tusk
|faint|p2a: Great Tusk
|-end|p2a: Great Tusk|Protosynthesis|[silent]
|
|upkeep
|
|t:|1758947249
|switch|p2a: Ninetales|Ninetales-Alola, M|100/100
|-damage|p2a: Ninetales|76/100|[from] Stealth Rock
|-weather|Snowscape|[from] ability: Snow Warning|[of] p2a: Ninetales
|turn|15
|
|t:|1758947259
|-end|p1a: Anomaly|Protosynthesis|[silent]
|switch|p1a: Siren|Primarina, F|100/100
|move|p2a: Ninetales|Aurora Veil|p2a: Ninetales
|-sidestart|p2: nmx123|move: Aurora Veil
|
|-weather|Snowscape|[upkeep]
|upkeep
|turn|16
|
|t:|1758947268
|switch|p2a: Raging Bolt|Raging Bolt|78/100
|-damage|p2a: Raging Bolt|65/100|[from] Stealth Rock
|move|p1a: Siren|Moonblast|p2a: Raging Bolt
|-supereffective|p2a: Raging Bolt
|-damage|p2a: Raging Bolt|21/100
|-unboost|p2a: Raging Bolt|spa|1
|
|-weather|Snowscape|[upkeep]
|upkeep
|turn|17
|
|t:|1758947297
|-terastallize|p1a: Siren|Poison
|move|p1a: Siren|Moonblast|p2a: Raging Bolt
|-supereffective|p2a: Raging Bolt
|-damage|p2a: Raging Bolt|0 fnt
|faint|p2a: Raging Bolt
|-end|p2a: Raging Bolt|Protosynthesis|[silent]
|
|-weather|Snowscape|[upkeep]
|upkeep
|
|t:|1758947309
|switch|p2a: Dragonite|Dragonite, F|100/100
|-damage|p2a: Dragonite|75/100|[from] Stealth Rock
|turn|18
|
|t:|1758947314
|move|p2a: Dragonite|Earthquake|p1a: Siren
|-supereffective|p1a: Siren
|-damage|p1a: Siren|0 fnt
|faint|p1a: Siren
|
|-weather|Snowscape|[upkeep]
|upkeep
|
|t:|1758947333
|switch|p1a: Moltres|Moltres|84/100
|turn|19
|
|t:|1758947348
|switch|p2a: Gholdengo|Gholdengo|69/100
|-damage|p2a: Gholdengo|63/100|[from] Stealth Rock
|move|p1a: Moltres|Flamethrower|p2a: Gholdengo
|-supereffective|p2a: Gholdengo
|-damage|p2a: Gholdengo|15/100
|
|-weather|none
|upkeep
|turn|20
|
|t:|1758947360
|switch|p1a: Yoshi|Dragonite, F|84/100
|move|p2a: Gholdengo|Trick|p1a: Yoshi
|-activate|p2a: Gholdengo|move: Trick|[of] p1a: Yoshi
|-item|p1a: Yoshi|Choice Band|[from] move: Trick
|-item|p2a: Gholdengo|Choice Scarf|[from] move: Trick
|
|upkeep
|turn|21
|
|t:|1758947370
|move|p2a: Gholdengo|Make It Rain|p1a: Yoshi
|-damage|p1a: Yoshi|22/100
|-unboost|p2a: Gholdengo|spa|1
|move|p1a: Yoshi|Fire Punch|p2a: Gholdengo
|-supereffective|p2a: Gholdengo
|-damage|p2a: Gholdengo|0 fnt
|faint|p2a: Gholdengo
|
|upkeep
|
|t:|1758947376
|switch|p2a: Zamazenta|Zamazenta|100/100
|-damage|p2a: Zamazenta|94/100|[from] Stealth Rock
|turn|22
|
|t:|1758947381
|switch|p1a: Moltres|Moltres|84/100
|move|p2a: Zamazenta|Iron Defense|p2a: Zamazenta
|-boost|p2a: Zamazenta|def|2
|
|-heal|p2a: Zamazenta|100/100|[from] item: Leftovers
|-sideend|p2: nmx123|move: Aurora Veil
|upkeep
|turn|23
|
|t:|1758947404
|-terastallize|p2a: Zamazenta|Fire
|move|p2a: Zamazenta|Body Press|p1a: Moltres
|-resisted|p1a: Moltres
|-damage|p1a: Moltres|54/100
|move|p1a: Moltres|Roar|p2a: Zamazenta
|drag|p2a: Ninetales|Ninetales-Alola, M|76/100
|-damage|p2a: Ninetales|51/100|[from] Stealth Rock
|-weather|Snowscape|[from] ability: Snow Warning|[of] p2a: Ninetales
|
|-weather|Snowscape|[upkeep]
|upkeep
|turn|24
|
|t:|1758947416
|switch|p1a: Meruem|Kingambit, M|86/100
|-activate|p1a: Meruem|ability: Supreme Overlord
|-start|p1a: Meruem|fallen2|[silent]
|move|p2a: Ninetales|Encore||[still]
|-fail|p2a: Ninetales
|
|-weather|Snowscape|[upkeep]
|-heal|p1a: Meruem|92/100|[from] item: Leftovers
|upkeep
|turn|25
|
|t:|1758947427
|move|p2a: Ninetales|Aurora Veil|p2a: Ninetales
|-sidestart|p2: nmx123|move: Aurora Veil
|move|p1a: Meruem|Iron Head|p2a: Ninetales
|-supereffective|p2a: Ninetales
|-damage|p2a: Ninetales|0 fnt
|faint|p2a: Ninetales
|
|-weather|Snowscape|[upkeep]
|-heal|p1a: Meruem|98/100|[from] item: Leftovers
|upkeep
|
|t:|1758947435
|switch|p2a: Zamazenta|Zamazenta, tera:Fire|100/100
|-damage|p2a: Zamazenta|76/100|[from] Stealth Rock
|turn|26
|
|t:|1758947442
|-end|p1a: Meruem|fallen2|[silent]
|switch|p1a: Moltres|Moltres|54/100
|move|p2a: Zamazenta|Iron Defense|p2a: Zamazenta
|-boost|p2a: Zamazenta|def|2
|
|-weather|Snowscape|[upkeep]
|-heal|p2a: Zamazenta|82/100|[from] item: Leftovers
|upkeep
|turn|27
|
|t:|1758947452
|move|p2a: Zamazenta|Body Press|p1a: Moltres
|-resisted|p1a: Moltres
|-damage|p1a: Moltres|24/100
|move|p1a: Moltres|Roost|p1a: Moltres
|-heal|p1a: Moltres|74/100
|-singleturn|p1a: Moltres|move: Roost
|
|-weather|none
|-heal|p2a: Zamazenta|88/100|[from] item: Leftovers
|upkeep
|turn|28
|
|t:|1758947461
|move|p2a: Zamazenta|Body Press|p1a: Moltres
|-resisted|p1a: Moltres
|-damage|p1a: Moltres|43/100
|move|p1a: Moltres|Roar|p2a: Zamazenta
|drag|p2a: Dragonite|Dragonite, F|75/100
|-damage|p2a: Dragonite|50/100|[from] Stealth Rock
|
|upkeep
|turn|29
|
|t:|1758947471
|move|p1a: Moltres|Roost|p1a: Moltres
|-heal|p1a: Moltres|93/100
|-singleturn|p1a: Moltres|move: Roost
|move|p2a: Dragonite|Outrage|p1a: Moltres
|-damage|p1a: Moltres|23/100
|-status|p2a: Dragonite|brn|[from] ability: Flame Body|[of] p1a: Moltres
|
|-damage|p2a: Dragonite|44/100 brn|[from] brn
|upkeep
|turn|30
|
|t:|1758947481
|move|p1a: Moltres|Roost|p1a: Moltres
|-heal|p1a: Moltres|73/100
|-singleturn|p1a: Moltres|move: Roost
|move|p2a: Dragonite|Outrage|p1a: Moltres|[from] lockedmove
|-damage|p1a: Moltres|37/100
|
|-damage|p2a: Dragonite|38/100 brn|[from] brn
|upkeep
|turn|31
|
|t:|1758947495
|switch|p1a: Meruem|Kingambit, M|98/100
|-activate|p1a: Meruem|ability: Supreme Overlord
|-start|p1a: Meruem|fallen2|[silent]
|move|p2a: Dragonite|Outrage|p1a: Meruem|[from] lockedmove
|-resisted|p1a: Meruem
|-damage|p1a: Meruem|76/100
|-start|p2a: Dragonite|confusion|[fatigue]
|
|-heal|p1a: Meruem|82/100|[from] item: Leftovers
|-damage|p2a: Dragonite|32/100 brn|[from] brn
|upkeep
|turn|32
|inactive|jhghjkhipkjnlp has 120 seconds left.
|
|t:|1758947527
|switch|p2a: Zamazenta|Zamazenta, tera:Fire|88/100
|-damage|p2a: Zamazenta|63/100|[from] Stealth Rock
|move|p1a: Meruem|Swords Dance|p1a: Meruem
|-boost|p1a: Meruem|atk|2
|
|-heal|p2a: Zamazenta|69/100|[from] item: Leftovers
|-heal|p1a: Meruem|88/100|[from] item: Leftovers
|-sideend|p2: nmx123|move: Aurora Veil
|upkeep
|turn|33
|inactive|jhghjkhipkjnlp has 120 seconds left.
|
|t:|1758947544
|-end|p1a: Meruem|fallen2|[silent]
|switch|p1a: Moltres|Moltres|37/100
|move|p2a: Zamazenta|Body Press|p1a: Moltres
|-resisted|p1a: Moltres
|-damage|p1a: Moltres|22/100
|
|-heal|p2a: Zamazenta|75/100|[from] item: Leftovers
|upkeep
|turn|34
|inactive|jhghjkhipkjnlp has 120 seconds left.
|
|t:|1758947553
|move|p2a: Zamazenta|Body Press|p1a: Moltres
|-resisted|p1a: Moltres
|-crit|p1a: Moltres
|-damage|p1a: Moltres|0 fnt
|faint|p1a: Moltres
|
|-heal|p2a: Zamazenta|81/100|[from] item: Leftovers
|upkeep
|inactive|jhghjkhipkjnlp has 120 seconds left.
|
|t:|1758947563
|switch|p1a: Yoshi|Dragonite, F|22/100
|turn|35
|inactive|jhghjkhipkjnlp has 120 seconds left.
|
|t:|1758947569
|move|p2a: Zamazenta|Iron Defense|p2a: Zamazenta
|-boost|p2a: Zamazenta|def|2
|move|p1a: Yoshi|Outrage|p2a: Zamazenta
|-damage|p2a: Zamazenta|48/100
|
|-heal|p2a: Zamazenta|54/100|[from] item: Leftovers
|upkeep
|turn|36
|
|t:|1758947576
|move|p2a: Zamazenta|Iron Defense|p2a: Zamazenta
|-boost|p2a: Zamazenta|def|2
|move|p1a: Yoshi|Outrage|p2a: Zamazenta|[from] lockedmove
|-damage|p2a: Zamazenta|30/100
|
|-heal|p2a: Zamazenta|36/100|[from] item: Leftovers
|upkeep
|turn|37
|
|t:|1758947583
|move|p2a: Zamazenta|Body Press|p1a: Yoshi
|-resisted|p1a: Yoshi
|-damage|p1a: Yoshi|0 fnt
|faint|p1a: Yoshi
|
|-heal|p2a: Zamazenta|43/100|[from] item: Leftovers
|upkeep
|
|t:|1758947593
|switch|p1a: Anomaly|Great Tusk|57/100
|turn|38
|
|t:|1758947596
|move|p2a: Zamazenta|Body Press|p1a: Anomaly
|-damage|p1a: Anomaly|0 fnt
|faint|p1a: Anomaly
|-end|p1a: Anomaly|Protosynthesis|[silent]
|
|-heal|p2a: Zamazenta|49/100|[from] item: Leftovers
|upkeep
|
|t:|1758947601
|switch|p1a: Meruem|Kingambit, M|88/100
|-activate|p1a: Meruem|ability: Supreme Overlord
|-start|p1a: Meruem|fallen5|[silent]
|turn|39
|
|t:|1758947606
|move|p1a: Meruem|Sucker Punch|p2a: Zamazenta
|-damage|p2a: Zamazenta|35/100
|move|p2a: Zamazenta|Body Press|p1a: Meruem
|-supereffective|p1a: Meruem
|-damage|p1a: Meruem|0 fnt
|faint|p1a: Meruem
|-end|p1a: Meruem|fallen5|[silent]
|
|win|nmx123
|raw|jhghjkhipkjnlp's rating: 1601 &rarr; <strong>1584</strong><br />(-17 for losing)
|raw|nmx123's rating: 1650 &rarr; <strong>1667</strong><br />(+17 for winning)
|l|☆nmx123
|player|p2|
|c|☆jhghjkhipkjnlp|i don't think this is balanced
|l|☆jhghjkhipkjnlp
|player|p1|
