|j|☆froakieguy08
|j|☆Mossful
|t:|1759042382
|gametype|singles
|player|p1|froakieguy08|skier|1525
|player|p2|Mossful|evelyn|1538
|gen|9
|tier|[Gen 9] OU
|rated|
|rule|HP Percentage Mod: HP is shown in percentages
|rule|Endless Battle Clause: Forcing endless battles is banned
|rule|Species Clause: Limit one of each Pokémon
|rule|OHKO Clause: OHKO moves are banned
|rule|Evasion Items Clause: Evasion items are banned
|rule|Evasion Moves Clause: Evasion moves are banned
|rule|Evasion Abilities Clause: Evasion abilities are banned
|rule|Sleep Moves Clause: Sleep-inducing moves are banned
|clearpoke
|poke|p1|Alomomola, L99, F|
|poke|p1|Lokix, M|
|poke|p1|Weezing-Galar, M|
|poke|p1|Enamorus, F|
|poke|p1|Gliscor, M|
|poke|p1|Iron Crown|
|poke|p2|Tyranitar, M|
|poke|p2|Excadrill, F|
|poke|p2|Iron Crown|
|poke|p2|Salamence, M|
|poke|p2|Azumarill, F|
|poke|p2|Zamazenta-*|
|teampreview
|inactive|Battle timer is ON: inactive players will automatically lose when time's up. (requested by Mossful)
|inactive|froakieguy08 has 120 seconds left.
|inactive|froakieguy08 has 90 seconds left.
|inactive|froakieguy08 has 60 seconds left.
|
|t:|1759042487
|teamsize|p1|6
|teamsize|p2|6
|start
|switch|p1a: Lokix|Lokix, M|100/100
|switch|p2a: Salamence|Salamence, M, shiny|100/100
|-ability|p2a: Salamence|Intimidate|boost
|-unboost|p1a: Lokix|atk|1
|turn|1
|inactive|Mossful has 120 seconds left.
|
|t:|1759042523
|switch|p1a: Alomomola|Alomomola, L99, F|100/100
|move|p2a: Salamence|Air Slash|p1a: Alomomola
|-damage|p1a: Alomomola|73/100
|
|upkeep
|turn|2
|
|t:|1759042527
|switch|p2a: Iron Crown|Iron Crown|100/100
|move|p1a: Alomomola|Flip Turn|p2a: Iron Crown
|-damage|p2a: Iron Crown|85/100
|inactive|froakieguy08 has 120 seconds left.
|
|t:|1759042550
|switch|p1a: Iron Crown|Iron Crown|100/100|[from] Flip Turn
|
|upkeep
|turn|3
|
|t:|1759042555
|-end|p1a: Iron Crown|Quark Drive|[silent]
|switch|p1a: Alomomola|Alomomola, L99, F|100/100
|move|p2a: Iron Crown|Volt Switch|p1a: Alomomola
|-supereffective|p1a: Alomomola
|-damage|p1a: Alomomola|73/100
|
|t:|1759042566
|-end|p2a: Iron Crown|Quark Drive|[silent]
|switch|p2a: Tyranitar|Tyranitar, M, shiny|100/100|[from] Volt Switch
|-weather|Sandstorm|[from] ability: Sand Stream|[of] p2a: Tyranitar
|
|-weather|Sandstorm|[upkeep]
|-damage|p1a: Alomomola|67/100|[from] Sandstorm
|upkeep
|turn|4
|
|t:|1759042570
|move|p2a: Tyranitar|Stone Edge|p1a: Alomomola
|-damage|p1a: Alomomola|2/100
|move|p1a: Alomomola|Flip Turn|p2a: Tyranitar
|-supereffective|p2a: Tyranitar
|-crit|p2a: Tyranitar
|-damage|p2a: Tyranitar|58/100
|
|t:|1759042584
|switch|p1a: Lokix|Lokix, M|100/100|[from] Flip Turn
|
|-weather|Sandstorm|[upkeep]
|-damage|p1a: Lokix|94/100|[from] Sandstorm
|upkeep
|turn|5
|
|t:|1759042598
|switch|p2a: Salamence|Salamence, M, shiny|100/100
|-ability|p2a: Salamence|Intimidate|boost
|-unboost|p1a: Lokix|atk|1
|move|p1a: Lokix|U-turn|p2a: Salamence
|-resisted|p2a: Salamence
|-damage|p2a: Salamence|62/100
|
|t:|1759042613
|switch|p1a: Enamorus|Enamorus, F|100/100|[from] U-turn
|
|-weather|Sandstorm|[upkeep]
|-damage|p1a: Enamorus|94/100|[from] Sandstorm
|-damage|p2a: Salamence|56/100|[from] Sandstorm
|upkeep
|turn|6
|
|t:|1759042624
|switch|p2a: Zamazenta|Zamazenta|100/100
|-ability|p2a: Zamazenta|Dauntless Shield|boost
|-boost|p2a: Zamazenta|def|1
|move|p1a: Enamorus|Earth Power|p2a: Zamazenta
|-damage|p2a: Zamazenta|66/100
|
|-weather|Sandstorm|[upkeep]
|-damage|p1a: Enamorus|88/100|[from] Sandstorm
|-damage|p2a: Zamazenta|60/100|[from] Sandstorm
|upkeep
|turn|7
|
|t:|1759042631
|switch|p1a: Weezing|Weezing-Galar, M|100/100
|move|p2a: Zamazenta|Wild Charge|p1a: Weezing
|-damage|p1a: Weezing|75/100
|-damage|p2a: Zamazenta|54/100|[from] Recoil
|-damage|p2a: Zamazenta|44/100|[from] item: Life Orb
|
|-weather|none
|-heal|p1a: Weezing|81/100|[from] item: Leftovers
|upkeep
|turn|8
|
|t:|1759042638
|move|p2a: Zamazenta|Stone Edge|p1a: Weezing|[miss]
|-miss|p2a: Zamazenta|p1a: Weezing
|move|p1a: Weezing|Will-O-Wisp|p2a: Zamazenta
|-status|p2a: Zamazenta|brn
|
|-heal|p1a: Weezing|87/100|[from] item: Leftovers
|-damage|p2a: Zamazenta|38/100 brn|[from] brn
|upkeep
|turn|9
|
|t:|1759042664
|move|p2a: Zamazenta|Stone Edge|p1a: Weezing
|-damage|p1a: Weezing|73/100
|-damage|p2a: Zamazenta|28/100 brn|[from] item: Life Orb
|move|p1a: Weezing|Play Rough|p2a: Zamazenta
|-supereffective|p2a: Zamazenta
|-damage|p2a: Zamazenta|0 fnt
|faint|p2a: Zamazenta
|
|-heal|p1a: Weezing|79/100|[from] item: Leftovers
|upkeep
|
|t:|1759042667
|switch|p2a: Iron Crown|Iron Crown|85/100
|turn|10
|
|t:|1759042693
|move|p2a: Iron Crown|Tachyon Cutter|p1a: Weezing
|-supereffective|p1a: Weezing
|-crit|p1a: Weezing
|-damage|p1a: Weezing|0 fnt
|faint|p1a: Weezing
|-hitcount|p1: Weezing|1
|
|upkeep
|
|t:|1759042698
|switch|p1a: Alomomola|Alomomola, L99, F|36/100
|turn|11
|
|t:|1759042709
|move|p2a: Iron Crown|Tachyon Cutter|p1a: Alomomola
|-resisted|p1a: Alomomola
|-damage|p1a: Alomomola|29/100
|-resisted|p1a: Alomomola
|-damage|p1a: Alomomola|22/100
|-hitcount|p1a: Alomomola|2
|move|p1a: Alomomola|Flip Turn|p2a: Iron Crown
|-crit|p2a: Iron Crown
|-damage|p2a: Iron Crown|58/100
|
|t:|1759042714
|switch|p1a: Gliscor|Gliscor, M|100/100|[from] Flip Turn
|
|-status|p1a: Gliscor|tox|[from] item: Toxic Orb
|upkeep
|turn|12
|
|t:|1759042718
|-end|p2a: Iron Crown|Quark Drive|[silent]
|switch|p2a: Salamence|Salamence, M, shiny|56/100
|-ability|p2a: Salamence|Intimidate|boost
|-unboost|p1a: Gliscor|atk|1
|switch|p1a: Alomomola|Alomomola, L99, F|55/100
|
|upkeep
|turn|13
|
|t:|1759042720
|move|p2a: Salamence|Draco Meteor|p1a: Alomomola
|-damage|p1a: Alomomola|5/100
|-unboost|p2a: Salamence|spa|2
|move|p1a: Alomomola|Flip Turn|p2a: Salamence
|-resisted|p2a: Salamence
|-damage|p2a: Salamence|46/100
|
|t:|1759042740
|switch|p1a: Iron Crown|Iron Crown|100/100|[from] Flip Turn
|
|upkeep
|turn|14
|
|t:|1759042746
|switch|p2a: Tyranitar|Tyranitar, M, shiny|58/100
|-weather|Sandstorm|[from] ability: Sand Stream|[of] p2a: Tyranitar
|move|p1a: Iron Crown|Tachyon Cutter|p2a: Tyranitar
|-supereffective|p2a: Tyranitar
|-damage|p2a: Tyranitar|10/100
|-supereffective|p2a: Tyranitar
|-damage|p2a: Tyranitar|0 fnt
|faint|p2a: Tyranitar
|-hitcount|p2: Tyranitar|2
|
|-weather|Sandstorm|[upkeep]
|upkeep
|
|t:|1759042748
|switch|p2a: Excadrill|Excadrill, F, shiny|100/100
|-item|p2a: Excadrill|Air Balloon
|turn|15
|
|t:|1759042752
|-end|p1a: Iron Crown|Quark Drive|[silent]
|switch|p1a: Gliscor|Gliscor, M|100/100 tox
|move|p2a: Excadrill|Swords Dance|p2a: Excadrill
|-boost|p2a: Excadrill|atk|2
|
|-weather|Sandstorm|[upkeep]
|upkeep
|turn|16
|
|t:|1759042755
|move|p2a: Excadrill|Iron Head|p1a: Gliscor
|-damage|p1a: Gliscor|20/100 tox
|move|p1a: Gliscor|Facade|p2a: Excadrill
|-resisted|p2a: Excadrill
|-crit|p2a: Excadrill
|-damage|p2a: Excadrill|56/100
|-enditem|p2a: Excadrill|Air Balloon
|
|-weather|Sandstorm|[upkeep]
|-heal|p1a: Gliscor|32/100 tox|[from] ability: Poison Heal
|upkeep
|turn|17
|
|t:|1759042764
|move|p1a: Gliscor|Protect|p1a: Gliscor
|-singleturn|p1a: Gliscor|Protect
|move|p2a: Excadrill|Rapid Spin|p1a: Gliscor
|-activate|p1a: Gliscor|move: Protect
|
|-weather|Sandstorm|[upkeep]
|-heal|p1a: Gliscor|44/100 tox|[from] ability: Poison Heal
|upkeep
|turn|18
|
|t:|1759042769
|move|p2a: Excadrill|Iron Head|p1a: Gliscor
|-damage|p1a: Gliscor|0 fnt
|faint|p1a: Gliscor
|
|-weather|none
|upkeep
|
|t:|1759042797
|switch|p1a: Lokix|Lokix, M|94/100
|turn|19
|
|t:|1759042822
|-terastallize|p1a: Lokix|Bug
|move|p1a: Lokix|First Impression|p2a: Excadrill
|-resisted|p2a: Excadrill
|-damage|p2a: Excadrill|0 fnt
|faint|p2a: Excadrill
|
|upkeep
|
|t:|1759042831
|switch|p2a: Azumarill|Azumarill, F, shiny|100/100
|turn|20
|
|t:|1759042834
|switch|p1a: Iron Crown|Iron Crown|100/100
|move|p2a: Azumarill|Belly Drum|p2a: Azumarill
|-damage|p2a: Azumarill|50/100
|-setboost|p2a: Azumarill|atk|6|[from] move: Belly Drum
|-enditem|p2a: Azumarill|Sitrus Berry|[eat]
|-heal|p2a: Azumarill|75/100|[from] item: Sitrus Berry
|
|upkeep
|turn|21
|
|t:|1759042845
|move|p1a: Iron Crown|Tachyon Cutter|p2a: Azumarill
|-damage|p2a: Azumarill|34/100
|-damage|p2a: Azumarill|0 fnt
|faint|p2a: Azumarill
|-hitcount|p2: Azumarill|2
|
|upkeep
|
|t:|1759042849
|switch|p2a: Iron Crown|Iron Crown|58/100
|turn|22
|
|t:|1759042856
|-end|p1a: Iron Crown|Quark Drive|[silent]
|switch|p1a: Alomomola|Alomomola, L99, F|39/100
|move|p2a: Iron Crown|Focus Blast|p1a: Alomomola|[miss]
|-miss|p2a: Iron Crown|p1a: Alomomola
|
|upkeep
|turn|23
|
|t:|1759042859
|move|p2a: Iron Crown|Focus Blast|p1a: Alomomola|[miss]
|-miss|p2a: Iron Crown|p1a: Alomomola
|move|p1a: Alomomola|Flip Turn|p2a: Iron Crown
|-damage|p2a: Iron Crown|41/100
|-message|Mossful forfeited.
|
|win|froakieguy08
|raw|froakieguy08's rating: 1525 &rarr; <strong>1546</strong><br />(+21 for winning)
|raw|Mossful's rating: 1538 &rarr; <strong>1517</strong><br />(-21 for losing)
|l|☆Mossful
|player|p2|
|l|☆froakieguy08
|player|p1|
