|j|☆otaviiozx
|j|☆peqmen 0.0
|t:|1758975411
|gametype|singles
|player|p1|otaviiozx|unknown|1213
|player|p2|peqmen 0.0|giovanni|1173
|gen|9
|tier|[Gen 9] OU
|rated|
|rule|HP Percentage Mod: HP is shown in percentages
|rule|Endless Battle Clause: Forcing endless battles is banned
|rule|Species Clause: Limit one of each Pokémon
|rule|OHKO Clause: OHKO moves are banned
|rule|Evasion Items Clause: Evasion items are banned
|rule|Evasion Moves Clause: Evasion moves are banned
|rule|Evasion Abilities Clause: Evasion abilities are banned
|rule|Sleep Moves Clause: Sleep-inducing moves are banned
|clearpoke
|poke|p1|Tyranitar, M|
|poke|p1|Excadrill, F|
|poke|p1|Kingambit, F|
|poke|p1|Garchomp, F|
|poke|p1|Pecharunt|
|poke|p1|Rotom-Wash|
|poke|p2|Tyranitar, M|
|poke|p2|Great Tusk|
|poke|p2|Drifblim, M|
|poke|p2|Scizor, M|
|poke|p2|Toxapex, M|
|poke|p2|Gholdengo|
|teampreview
|inactive|Battle timer is ON: inactive players will automatically lose when time's up. (requested by peqmen 0.0)
|
|t:|1758975427
|teamsize|p1|6
|teamsize|p2|6
|start
|switch|p1a: Excadrill|Excadrill, F|100/100
|switch|p2a: Anti tusk|Drifblim, M|100/100
|turn|1
|
|t:|1758975430
|move|p1a: Excadrill|Swords Dance|p1a: Excadrill
|-boost|p1a: Excadrill|atk|2
|move|p2a: Anti tusk|Will-O-Wisp|p1a: Excadrill
|-status|p1a: Excadrill|brn
|
|-damage|p1a: Excadrill|94/100 brn|[from] brn
|upkeep
|turn|2
|
|t:|1758975436
|switch|p2a: Can’t beat em|Great Tusk|100/100
|move|p1a: Excadrill|Rock Slide|p2a: Can’t beat em
|-resisted|p2a: Can’t beat em
|-damage|p2a: Can’t beat em|94/100
|-damage|p1a: Excadrill|84/100 brn|[from] item: Life Orb
|
|-heal|p2a: Can’t beat em|99/100|[from] item: Leftovers
|-damage|p1a: Excadrill|78/100 brn|[from] brn
|upkeep
|turn|3
|
|t:|1758975443
|switch|p1a: Rotom|Rotom-Wash|100/100
|move|p2a: Can’t beat em|Rapid Spin|p1a: Rotom
|-damage|p1a: Rotom|85/100
|-boost|p2a: Can’t beat em|spe|1
|
|-heal|p2a: Can’t beat em|100/100|[from] item: Leftovers
|-heal|p1a: Rotom|91/100|[from] item: Leftovers
|upkeep
|turn|4
|
|t:|1758975448
|-end|p2a: Can’t beat em|Protosynthesis|[silent]
|switch|p2a: Forgotten king|Tyranitar, M|100/100
|-weather|Sandstorm|[from] ability: Sand Stream|[of] p2a: Forgotten king
|move|p1a: Rotom|Hydro Pump|p2a: Forgotten king
|-supereffective|p2a: Forgotten king
|-damage|p2a: Forgotten king|55/100
|
|-weather|Sandstorm|[upkeep]
|-damage|p1a: Rotom|85/100|[from] Sandstorm
|-heal|p1a: Rotom|91/100|[from] item: Leftovers
|-heal|p2a: Forgotten king|62/100|[from] item: Leftovers
|upkeep
|turn|5
|
|t:|1758975455
|move|p1a: Rotom|Volt Switch|p2a: Forgotten king
|-damage|p2a: Forgotten king|47/100
|
|t:|1758975462
|switch|p1a: Excadrill|Excadrill, F|78/100 brn|[from] Volt Switch
|move|p2a: Forgotten king|Stealth Rock|p1a: Excadrill
|-sidestart|p1: otaviiozx|move: Stealth Rock
|
|-weather|Sandstorm|[upkeep]
|-heal|p2a: Forgotten king|53/100|[from] item: Leftovers
|-damage|p1a: Excadrill|72/100 brn|[from] brn
|upkeep
|turn|6
|
|t:|1758975468
|switch|p2a: Anti tusk|Drifblim, M|100/100
|move|p1a: Excadrill|Rapid Spin|p2a: Anti tusk
|-immune|p2a: Anti tusk
|
|-weather|Sandstorm|[upkeep]
|-damage|p2a: Anti tusk|94/100|[from] Sandstorm
|-heal|p2a: Anti tusk|100/100|[from] item: Leftovers
|-damage|p1a: Excadrill|66/100 brn|[from] brn
|upkeep
|turn|7
|
|t:|1758975472
|move|p1a: Excadrill|Rock Slide|p2a: Anti tusk|[miss]
|-miss|p1a: Excadrill|p2a: Anti tusk
|move|p2a: Anti tusk|Knock Off|p1a: Excadrill
|-damage|p1a: Excadrill|41/100 brn
|-enditem|p1a: Excadrill|Life Orb|[from] move: Knock Off|[of] p2a: Anti tusk
|
|-weather|Sandstorm|[upkeep]
|-damage|p2a: Anti tusk|94/100|[from] Sandstorm
|-heal|p2a: Anti tusk|100/100|[from] item: Leftovers
|-damage|p1a: Excadrill|35/100 brn|[from] brn
|upkeep
|turn|8
|
|t:|1758975477
|move|p1a: Excadrill|Earthquake|p2a: Anti tusk
|-immune|p2a: Anti tusk
|move|p2a: Anti tusk|Strength Sap|p1a: Excadrill
|-unboost|p1a: Excadrill|atk|1
|
|-weather|none
|-damage|p1a: Excadrill|29/100 brn|[from] brn
|upkeep
|turn|9
|
|t:|1758975482
|switch|p1a: Tyranitar|Tyranitar, M|100/100
|-damage|p1a: Tyranitar|88/100|[from] Stealth Rock
|-weather|Sandstorm|[from] ability: Sand Stream|[of] p1a: Tyranitar
|move|p2a: Anti tusk|Knock Off|p1a: Tyranitar
|-resisted|p1a: Tyranitar
|-damage|p1a: Tyranitar|81/100
|-enditem|p1a: Tyranitar|Smooth Rock|[from] move: Knock Off|[of] p2a: Anti tusk
|
|-weather|Sandstorm|[upkeep]
|-damage|p2a: Anti tusk|94/100|[from] Sandstorm
|-heal|p2a: Anti tusk|100/100|[from] item: Leftovers
|upkeep
|turn|10
|
|t:|1758975487
|move|p2a: Anti tusk|Will-O-Wisp|p1a: Tyranitar
|-status|p1a: Tyranitar|brn
|move|p1a: Tyranitar|Stealth Rock|p2a: Anti tusk
|-sidestart|p2: peqmen 0.0|move: Stealth Rock
|
|-weather|Sandstorm|[upkeep]
|-damage|p2a: Anti tusk|94/100|[from] Sandstorm
|-heal|p2a: Anti tusk|100/100|[from] item: Leftovers
|-damage|p1a: Tyranitar|75/100 brn|[from] brn
|upkeep
|turn|11
|
|t:|1758975494
|switch|p1a: Garchomp|Garchomp, F|100/100
|-damage|p1a: Garchomp|94/100|[from] Stealth Rock
|move|p2a: Anti tusk|Strength Sap|p1a: Garchomp
|-unboost|p1a: Garchomp|atk|1
|
|-weather|Sandstorm|[upkeep]
|-damage|p2a: Anti tusk|94/100|[from] Sandstorm
|-heal|p2a: Anti tusk|100/100|[from] item: Leftovers
|upkeep
|turn|12
|
|t:|1758975498
|-terastallize|p1a: Garchomp|Fire
|move|p1a: Garchomp|Swords Dance|p1a: Garchomp
|-boost|p1a: Garchomp|atk|2
|move|p2a: Anti tusk|Will-O-Wisp|p1a: Garchomp
|-immune|p1a: Garchomp
|
|-weather|Sandstorm|[upkeep]
|-damage|p1a: Garchomp|88/100|[from] Sandstorm
|-damage|p2a: Anti tusk|94/100|[from] Sandstorm
|-heal|p2a: Anti tusk|100/100|[from] item: Leftovers
|upkeep
|turn|13
|
|t:|1758975507
|switch|p2a: Huh??|Toxapex, M|100/100
|-damage|p2a: Huh??|88/100|[from] Stealth Rock
|move|p1a: Garchomp|Swords Dance|p1a: Garchomp
|-boost|p1a: Garchomp|atk|2
|
|-weather|Sandstorm|[upkeep]
|-damage|p1a: Garchomp|82/100|[from] Sandstorm
|-damage|p2a: Huh??|82/100|[from] Sandstorm
|-heal|p2a: Huh??|88/100|[from] item: Black Sludge
|upkeep
|turn|14
|
|t:|1758975513
|move|p1a: Garchomp|Earthquake|p2a: Huh??
|-supereffective|p2a: Huh??
|-damage|p2a: Huh??|0 fnt
|faint|p2a: Huh??
|
|-weather|Sandstorm|[upkeep]
|-damage|p1a: Garchomp|76/100|[from] Sandstorm
|upkeep
|
|t:|1758975530
|switch|p2a: Anti tusk|Drifblim, M|100/100
|-damage|p2a: Anti tusk|75/100|[from] Stealth Rock
|turn|15
|
|t:|1758975533
|move|p1a: Garchomp|Scale Shot|p2a: Anti tusk
|-damage|p2a: Anti tusk|50/100
|-damage|p2a: Anti tusk|23/100
|-damage|p2a: Anti tusk|0 fnt
|faint|p2a: Anti tusk
|-hitcount|p2: Anti tusk|3
|-unboost|p1a: Garchomp|def|1
|-boost|p1a: Garchomp|spe|1
|
|-weather|Sandstorm|[upkeep]
|-damage|p1a: Garchomp|70/100|[from] Sandstorm
|upkeep
|
|t:|1758975539
|switch|p2a: Khabib|Scizor, M|100/100
|-damage|p2a: Khabib|88/100|[from] Stealth Rock
|turn|16
|
|t:|1758975541
|-terastallize|p2a: Khabib|Steel
|move|p2a: Khabib|Bullet Punch|p1a: Garchomp
|-resisted|p1a: Garchomp
|-damage|p1a: Garchomp|22/100
|-damage|p2a: Khabib|76/100|[from] ability: Rough Skin|[of] p1a: Garchomp
|move|p1a: Garchomp|Fire Fang|p2a: Khabib
|-supereffective|p2a: Khabib
|-damage|p2a: Khabib|0 fnt
|faint|p2a: Khabib
|
|-weather|none
|upkeep
|
|t:|1758975543
|switch|p2a: Forgotten king|Tyranitar, M|53/100
|-damage|p2a: Forgotten king|41/100|[from] Stealth Rock
|-weather|Sandstorm|[from] ability: Sand Stream|[of] p2a: Forgotten king
|turn|17
|
|t:|1758975550
|move|p1a: Garchomp|Scale Shot|p2a: Forgotten king
|-damage|p2a: Forgotten king|14/100
|-damage|p2a: Forgotten king|0 fnt
|faint|p2a: Forgotten king
|-hitcount|p2: Forgotten king|2
|-unboost|p1a: Garchomp|def|1
|-boost|p1a: Garchomp|spe|1
|
|-weather|Sandstorm|[upkeep]
|-damage|p1a: Garchomp|16/100|[from] Sandstorm
|upkeep
|-message|peqmen 0.0 forfeited.
|
|win|otaviiozx
|raw|otaviiozx's rating: 1213 &rarr; <strong>1235</strong><br />(+22 for winning)
|raw|peqmen 0.0's rating: 1173 &rarr; <strong>1151</strong><br />(-22 for losing)
|l|☆peqmen 0.0
|player|p2|
|l|☆otaviiozx
|player|p1|
