|j|☆Idblock1
|j|☆eaycee88
|t:|1758960345
|gametype|singles
|player|p1|Idblock1|pokekid|1142
|player|p2|eaycee88|266|1175
|gen|9
|tier|[Gen 9] OU
|rated|
|rule|HP Percentage Mod: HP is shown in percentages
|rule|Endless Battle Clause: Forcing endless battles is banned
|rule|Species Clause: Limit one of each Pokémon
|rule|OHKO Clause: OHKO moves are banned
|rule|Evasion Items Clause: Evasion items are banned
|rule|Evasion Moves Clause: Evasion moves are banned
|rule|Evasion Abilities Clause: Evasion abilities are banned
|rule|Sleep Moves Clause: Sleep-inducing moves are banned
|clearpoke
|poke|p1|Malamar, F|
|poke|p1|Raging Bolt|
|poke|p1|Hatterene, F|
|poke|p1|Dragonite, M|
|poke|p1|Ursaluna, M|
|poke|p1|Gliscor, M|
|poke|p2|Darkrai|
|poke|p2|Quaquaval, M|
|poke|p2|Garganacl, M|
|poke|p2|Goodra-Hisui, F|
|poke|p2|Dragonite, F|
|poke|p2|Latios, M|
|teampreview
|inactive|Battle timer is ON: inactive players will automatically lose when time's up. (requested by eaycee88)
|
|t:|1758960353
|teamsize|p1|6
|teamsize|p2|6
|start
|switch|p1a: Gliscor|Gliscor, M|100/100
|switch|p2a: Darkrai|Darkrai|100/100
|turn|1
|
|t:|1758960362
|move|p2a: Darkrai|Nasty Plot|p2a: Darkrai
|-boost|p2a: Darkrai|spa|2
|move|p1a: Gliscor|Spikes|p2a: Darkrai
|-sidestart|p2: eaycee88|Spikes
|
|upkeep
|turn|2
|
|t:|1758960381
|switch|p1a: Hatterene|Hatterene, F|100/100
|move|p2a: Darkrai|Ice Beam|p1a: Hatterene
|-damage|p1a: Hatterene|38/100
|
|-heal|p1a: Hatterene|44/100|[from] item: Leftovers
|upkeep
|turn|3
|
|t:|1758960391
|move|p2a: Darkrai|Dark Pulse|p1a: Hatterene
|-damage|p1a: Hatterene|0 fnt
|faint|p1a: Hatterene
|
|upkeep
|
|t:|1758960398
|switch|p1a: Dragonite|Dragonite, M|100/100
|turn|4
|
|t:|1758960401
|-terastallize|p1a: Dragonite|Normal
|move|p1a: Dragonite|Extreme Speed|p2a: Darkrai
|-damage|p2a: Darkrai|7/100
|move|p2a: Darkrai|Ice Beam|p1a: Dragonite
|-damage|p1a: Dragonite|69/100
|-status|p1a: Dragonite|frz
|
|upkeep
|turn|5
|
|t:|1758960411
|cant|p1a: Dragonite|frz
|move|p2a: Darkrai|Ice Beam|p1a: Dragonite
|-damage|p1a: Dragonite|11/100 frz
|
|upkeep
|turn|6
|
|t:|1758960418
|-curestatus|p1a: Dragonite|frz|[msg]
|move|p1a: Dragonite|Extreme Speed|p2a: Darkrai
|-damage|p2a: Darkrai|0 fnt
|faint|p2a: Darkrai
|
|upkeep
|
|t:|1758960425
|switch|p2a: Quaquaval|Quaquaval, M|100/100
|-damage|p2a: Quaquaval|88/100|[from] Spikes
|turn|7
|
|t:|1758960428
|move|p1a: Dragonite|Extreme Speed|p2a: Quaquaval
|-damage|p2a: Quaquaval|1/100
|move|p2a: Quaquaval|Aqua Step|p1a: Dragonite
|-damage|p1a: Dragonite|0 fnt
|-boost|p2a: Quaquaval|spe|1
|faint|p1a: Dragonite
|-ability|p2a: Quaquaval|Moxie|boost
|-boost|p2a: Quaquaval|atk|1
|
|upkeep
|c|☆Idblock1|ur so lucky
|
|t:|1758960442
|switch|p1a: Raging Bolt|Raging Bolt|100/100
|-enditem|p1a: Raging Bolt|Booster Energy
|-activate|p1a: Raging Bolt|ability: Protosynthesis|[fromitem]
|-start|p1a: Raging Bolt|protosynthesisspa
|turn|8
|c|☆eaycee88|its ivs
|inactive|eaycee88 has 120 seconds left.
|l|☆eaycee88
|inactive|eaycee88 disconnected and has a minute to reconnect!
|player|p2|
|j|☆eaycee88
|inactive|eaycee88 reconnected and has 115 seconds left.
|player|p2|eaycee88|266|
|
|t:|1758960489
|move|p1a: Raging Bolt|Thunderclap|p2a: Quaquaval
|-supereffective|p2a: Quaquaval
|-damage|p2a: Quaquaval|0 fnt
|faint|p2a: Quaquaval
|
|upkeep
|
|t:|1758960506
|switch|p2a: Goodra|Goodra-Hisui, F|100/100
|-damage|p2a: Goodra|88/100|[from] Spikes
|turn|9
|
|t:|1758960514
|move|p1a: Raging Bolt|Draco Meteor|p2a: Goodra
|-crit|p2a: Goodra
|-damage|p2a: Goodra|23/100
|-unboost|p1a: Raging Bolt|spa|2
|move|p2a: Goodra|Dragon Pulse|p1a: Raging Bolt
|-supereffective|p1a: Raging Bolt
|-damage|p1a: Raging Bolt|23/100
|
|upkeep
|turn|10
|
|t:|1758960522
|move|p1a: Raging Bolt|Draco Meteor|p2a: Goodra|[miss]
|-miss|p1a: Raging Bolt|p2a: Goodra
|move|p2a: Goodra|Flash Cannon|p1a: Raging Bolt
|-resisted|p1a: Raging Bolt
|-damage|p1a: Raging Bolt|4/100
|
|upkeep
|turn|11
|
|t:|1758960528
|move|p1a: Raging Bolt|Draco Meteor|p2a: Goodra
|-damage|p2a: Goodra|2/100
|-unboost|p1a: Raging Bolt|spa|2
|move|p2a: Goodra|Dragon Pulse|p1a: Raging Bolt
|-supereffective|p1a: Raging Bolt
|-damage|p1a: Raging Bolt|0 fnt
|faint|p1a: Raging Bolt
|-end|p1a: Raging Bolt|Protosynthesis|[silent]
|
|upkeep
|c|☆Idblock1|UR ACTUALLY SO LUCKY
|c|☆Idblock1|HOW THAT MISS
|c|☆eaycee88|its iv s !!!
|c|☆eaycee88|u dumb sh it
|
|t:|1758960555
|switch|p1a: Gliscor|Gliscor, M|100/100
|turn|12
|c|☆Idblock1|wth r u talki bout
|
|t:|1758960566
|move|p1a: Gliscor|Quick Attack|p2a: Goodra
|-resisted|p2a: Goodra
|-damage|p2a: Goodra|0 fnt
|-ability|p2a: Goodra|Gooey
|-unboost|p1a: Gliscor|spe|1
|faint|p2a: Goodra
|
|upkeep
|
|t:|1758960571
|switch|p2a: Garganacl|Garganacl, M|100/100
|-damage|p2a: Garganacl|88/100|[from] Spikes
|turn|13
|
|t:|1758960580
|-terastallize|p2a: Garganacl|Ghost
|move|p1a: Gliscor|High Horsepower|p2a: Garganacl
|-damage|p2a: Garganacl|72/100
|move|p2a: Garganacl|Iron Defense|p2a: Garganacl
|-boost|p2a: Garganacl|def|2
|
|-heal|p2a: Garganacl|78/100|[from] item: Leftovers
|upkeep
|turn|14
|
|t:|1758960592
|move|p1a: Gliscor|Spikes|p2a: Garganacl
|-sidestart|p2: eaycee88|Spikes
|move|p2a: Garganacl|Salt Cure|p1a: Gliscor
|-damage|p1a: Gliscor|89/100
|-start|p1a: Gliscor|Salt Cure
|
|-heal|p2a: Garganacl|85/100|[from] item: Leftovers
|-damage|p1a: Gliscor|77/100|[from] Salt Cure
|upkeep
|turn|15
|
|t:|1758960599
|move|p1a: Gliscor|Spikes|p2a: Garganacl
|-sidestart|p2: eaycee88|Spikes
|move|p2a: Garganacl|Body Press|p1a: Gliscor
|-resisted|p1a: Gliscor
|-damage|p1a: Gliscor|54/100
|
|-heal|p2a: Garganacl|91/100|[from] item: Leftovers
|-damage|p1a: Gliscor|41/100|[from] Salt Cure
|upkeep
|turn|16
|
|t:|1758960608
|switch|p1a: Malamar|Malamar, F|100/100
|move|p2a: Garganacl|Iron Defense|p2a: Garganacl
|-boost|p2a: Garganacl|def|2
|
|-heal|p2a: Garganacl|97/100|[from] item: Leftovers
|upkeep
|turn|17
|
|t:|1758960615
|move|p1a: Malamar|Topsy-Turvy|p2a: Garganacl
|-invertboost|p2a: Garganacl|[from] move: Topsy-Turvy
|move|p2a: Garganacl|Body Press|p1a: Malamar
|-damage|p1a: Malamar|92/100
|-damage|p2a: Garganacl|80/100|[from] item: Rocky Helmet|[of] p1a: Malamar
|
|-heal|p2a: Garganacl|87/100|[from] item: Leftovers
|upkeep
|turn|18
|
|t:|1758960630
|move|p1a: Malamar|Lash Out|p2a: Garganacl
|-supereffective|p2a: Garganacl
|-damage|p2a: Garganacl|16/100
|move|p2a: Garganacl|Salt Cure|p1a: Malamar
|-damage|p1a: Malamar|80/100
|-start|p1a: Malamar|Salt Cure
|
|-heal|p2a: Garganacl|23/100|[from] item: Leftovers
|-damage|p1a: Malamar|68/100|[from] Salt Cure
|upkeep
|turn|19
|
|t:|1758960640
|move|p1a: Malamar|Lash Out|p2a: Garganacl
|-supereffective|p2a: Garganacl
|-damage|p2a: Garganacl|0 fnt
|faint|p2a: Garganacl
|
|-damage|p1a: Malamar|56/100|[from] Salt Cure
|upkeep
|
|t:|1758960643
|switch|p2a: Dragonite|Dragonite, F|100/100
|turn|20
|
|t:|1758960654
|move|p2a: Dragonite|Dragon Claw|p1a: Malamar
|-damage|p1a: Malamar|23/100
|-damage|p2a: Dragonite|84/100|[from] item: Rocky Helmet|[of] p1a: Malamar
|move|p1a: Malamar|Destiny Bond|p1a: Malamar
|-singlemove|p1a: Malamar|Destiny Bond
|
|-heal|p2a: Dragonite|90/100|[from] item: Leftovers
|-damage|p1a: Malamar|11/100|[from] Salt Cure
|upkeep
|turn|21
|
|t:|1758960676
|move|p2a: Dragonite|Roost|p2a: Dragonite
|-heal|p2a: Dragonite|100/100
|-singleturn|p2a: Dragonite|move: Roost
|move|p1a: Malamar|Destiny Bond||[still]
|-fail|p1a: Malamar
|
|-damage|p1a: Malamar|0 fnt|[from] Salt Cure
|faint|p1a: Malamar
|upkeep
|
|t:|1758960686
|switch|p1a: Gliscor|Gliscor, M|41/100
|turn|22
|
|t:|1758960694
|move|p1a: Gliscor|Dual Wingbeat|p2a: Dragonite
|-damage|p2a: Dragonite|95/100
|-damage|p2a: Dragonite|82/100
|-hitcount|p2a: Dragonite|2
|move|p2a: Dragonite|Dragon Claw|p1a: Gliscor
|-damage|p1a: Gliscor|9/100
|
|-heal|p2a: Dragonite|88/100|[from] item: Leftovers
|upkeep
|turn|23
|
|t:|1758960706
|move|p1a: Gliscor|Dual Wingbeat|p2a: Dragonite
|-damage|p2a: Dragonite|75/100
|-damage|p2a: Dragonite|63/100
|-hitcount|p2a: Dragonite|2
|move|p2a: Dragonite|Dragon Dance|p2a: Dragonite
|-boost|p2a: Dragonite|atk|1
|-boost|p2a: Dragonite|spe|1
|
|-heal|p2a: Dragonite|70/100|[from] item: Leftovers
|upkeep
|turn|24
|
|t:|1758960715
|switch|p1a: Ursaluna|Ursaluna, M|100/100
|move|p2a: Dragonite|Dragon Claw|p1a: Ursaluna
|-damage|p1a: Ursaluna|55/100
|
|-heal|p2a: Dragonite|76/100|[from] item: Leftovers
|-status|p1a: Ursaluna|brn|[from] item: Flame Orb
|upkeep
|turn|25
|
|t:|1758960725
|move|p2a: Dragonite|Aerial Ace|p1a: Ursaluna
|-damage|p1a: Ursaluna|22/100 brn
|move|p1a: Ursaluna|Facade|p2a: Dragonite
|-damage|p2a: Dragonite|0 fnt
|faint|p2a: Dragonite
|
|-damage|p1a: Ursaluna|16/100 brn|[from] brn
|upkeep
|
|t:|1758960730
|switch|p2a: Latios|Latios, M|100/100
|turn|26
|
|t:|1758960738
|move|p2a: Latios|Luster Purge|p1a: Ursaluna
|-damage|p1a: Ursaluna|0 fnt
|faint|p1a: Ursaluna
|
|upkeep
|
|t:|1758960743
|switch|p1a: Gliscor|Gliscor, M|9/100
|turn|27
|
|t:|1758960750
|move|p2a: Latios|Luster Purge|p1a: Gliscor
|-damage|p1a: Gliscor|0 fnt
|faint|p1a: Gliscor
|
|win|eaycee88
|raw|Idblock1's rating: 1142 &rarr; <strong>1119</strong><br />(-23 for losing)
|raw|eaycee88's rating: 1175 &rarr; <strong>1198</strong><br />(+23 for winning)
|c|☆Idblock1|gg
|c|☆eaycee88|gg
|l|☆Idblock1
|player|p1|
|l|☆eaycee88
|player|p2|
