|j|☆Shibuya Arc
|j|☆Mik22
|t:|1758930299
|gametype|singles
|player|p1|Shibuya Arc|265|1516
|player|p2|Mik22|170|1474
|gen|9
|tier|[Gen 9] OU
|rated|
|rule|HP Percentage Mod: HP is shown in percentages
|rule|Endless Battle Clause: Forcing endless battles is banned
|rule|Species Clause: Limit one of each Pokémon
|rule|OHKO Clause: OHKO moves are banned
|rule|Evasion Items Clause: Evasion items are banned
|rule|Evasion Moves Clause: Evasion moves are banned
|rule|Evasion Abilities Clause: Evasion abilities are banned
|rule|Sleep Moves Clause: Sleep-inducing moves are banned
|clearpoke
|poke|p1|Dragapult, F|
|poke|p1|Dragonite, F|
|poke|p1|Ting-Lu|
|poke|p1|Weezing-Galar, F|
|poke|p1|Iron Crown|
|poke|p1|Zapdos|
|poke|p2|Kingambit, M|
|poke|p2|Pelipper, F|
|poke|p2|Kingdra, M|
|poke|p2|Iron Hands|
|poke|p2|Ogerpon-Wellspring, F|
|poke|p2|Hoopa-Unbound|
|teampreview
|inactive|Battle timer is ON: inactive players will automatically lose when time's up. (requested by Shibuya Arc)
|
|t:|1758930311
|teamsize|p1|6
|teamsize|p2|6
|start
|switch|p1a: Dragapult|Dragapult, F|100/100
|switch|p2a: Pelipper|Pelipper, F|100/100
|-weather|RainDance|[from] ability: Drizzle|[of] p2a: Pelipper
|turn|1
|
|t:|1758930330
|switch|p2a: Hoopa|Hoopa-Unbound|100/100
|move|p1a: Dragapult|Hex|p2a: Hoopa
|-damage|p2a: Hoopa|87/100
|
|-weather|RainDance|[upkeep]
|upkeep
|turn|2
|
|t:|1758930337
|move|p1a: Dragapult|U-turn|p2a: Hoopa
|-supereffective|p2a: Hoopa
|-damage|p2a: Hoopa|0 fnt
|faint|p2a: Hoopa
|
|t:|1758930343
|switch|p1a: Dragonite|Dragonite, F|100/100|[from] U-turn
|
|-weather|RainDance|[upkeep]
|upkeep
|inactive|Mik22 has 120 seconds left.
|
|t:|1758930390
|switch|p2a: Iron Hands|Iron Hands|100/100
|turn|3
|
|t:|1758930396
|move|p1a: Dragonite|Earthquake|p2a: Iron Hands
|-supereffective|p2a: Iron Hands
|-enditem|p2a: Iron Hands|Shuca Berry|[eat]
|-enditem|p2a: Iron Hands|Shuca Berry|[weaken]
|-damage|p2a: Iron Hands|77/100
|move|p2a: Iron Hands|Swords Dance|p2a: Iron Hands
|-boost|p2a: Iron Hands|atk|2
|
|-weather|RainDance|[upkeep]
|upkeep
|turn|4
|inactive|Mik22 has 120 seconds left.
|
|t:|1758930403
|move|p1a: Dragonite|Earthquake|p2a: Iron Hands
|-supereffective|p2a: Iron Hands
|-damage|p2a: Iron Hands|32/100
|move|p2a: Iron Hands|Ice Punch|p1a: Dragonite
|-supereffective|p1a: Dragonite
|-damage|p1a: Dragonite|0 fnt
|faint|p1a: Dragonite
|
|-weather|RainDance|[upkeep]
|upkeep
|
|t:|1758930409
|switch|p1a: Zapdos|Zapdos|100/100
|turn|5
|
|t:|1758930415
|move|p1a: Zapdos|Hurricane|p2a: Iron Hands
|-damage|p2a: Iron Hands|0 fnt
|faint|p2a: Iron Hands
|-end|p2a: Iron Hands|Quark Drive|[silent]
|
|-weather|RainDance|[upkeep]
|upkeep
|inactive|Mik22 has 120 seconds left.
|
|t:|1758930438
|switch|p2a: Kingdra|Kingdra, M, shiny|100/100
|turn|6
|
|t:|1758930444
|move|p2a: Kingdra|Weather Ball|p1a: Zapdos
|-damage|p1a: Zapdos|0 fnt
|faint|p1a: Zapdos
|
|-weather|RainDance|[upkeep]
|upkeep
|
|t:|1758930454
|switch|p1a: Ting-Lu|Ting-Lu|100/100
|-ability|p1a: Ting-Lu|Vessel of Ruin
|turn|7
|
|t:|1758930460
|-terastallize|p2a: Kingdra|Water
|-terastallize|p1a: Ting-Lu|Water
|move|p2a: Kingdra|Weather Ball|p1a: Ting-Lu
|-resisted|p1a: Ting-Lu
|-damage|p1a: Ting-Lu|73/100
|move|p1a: Ting-Lu|Ruination|p2a: Kingdra
|-damage|p2a: Kingdra|51/100
|
|-weather|RainDance|[upkeep]
|-heal|p1a: Ting-Lu|79/100|[from] item: Leftovers
|upkeep
|turn|8
|
|t:|1758930469
|switch|p2a: Ogerpon|Ogerpon-Wellspring, F|100/100
|move|p1a: Ting-Lu|Whirlwind|p2a: Ogerpon
|drag|p2a: Kingdra|Kingdra, M, shiny, tera:Water|51/100
|
|-weather|none
|-heal|p1a: Ting-Lu|85/100|[from] item: Leftovers
|upkeep
|turn|9
|
|t:|1758930475
|move|p2a: Kingdra|Draco Meteor|p1a: Ting-Lu
|-damage|p1a: Ting-Lu|52/100
|-unboost|p2a: Kingdra|spa|2
|move|p1a: Ting-Lu|Ruination|p2a: Kingdra
|-damage|p2a: Kingdra|26/100
|
|-heal|p1a: Ting-Lu|58/100|[from] item: Leftovers
|upkeep
|turn|10
|
|t:|1758930482
|switch|p2a: Kingambit|Kingambit, M, shiny|100/100
|-activate|p2a: Kingambit|ability: Supreme Overlord
|-start|p2a: Kingambit|fallen2|[silent]
|move|p1a: Ting-Lu|Ruination|p2a: Kingambit
|-damage|p2a: Kingambit|51/100
|
|-heal|p1a: Ting-Lu|64/100|[from] item: Leftovers
|upkeep
|turn|11
|
|t:|1758930492
|move|p2a: Kingambit|Kowtow Cleave|p1a: Ting-Lu
|-crit|p1a: Ting-Lu
|-damage|p1a: Ting-Lu|8/100
|move|p1a: Ting-Lu|Earthquake|p2a: Kingambit
|-supereffective|p2a: Kingambit
|-damage|p2a: Kingambit|0 fnt
|faint|p2a: Kingambit
|-end|p2a: Kingambit|fallen2|[silent]
|
|-heal|p1a: Ting-Lu|15/100|[from] item: Leftovers
|upkeep
|
|t:|1758930505
|switch|p2a: Ogerpon|Ogerpon-Wellspring, F|100/100
|turn|12
|
|t:|1758930511
|move|p2a: Ogerpon|Swords Dance|p2a: Ogerpon
|-boost|p2a: Ogerpon|atk|2
|move|p1a: Ting-Lu|Ruination|p2a: Ogerpon|[miss]
|-miss|p1a: Ting-Lu|p2a: Ogerpon
|
|-heal|p1a: Ting-Lu|21/100|[from] item: Leftovers
|upkeep
|turn|13
|
|t:|1758930519
|move|p2a: Ogerpon|Horn Leech|p1a: Ting-Lu
|-supereffective|p1a: Ting-Lu
|-damage|p1a: Ting-Lu|0 fnt
|faint|p1a: Ting-Lu
|
|upkeep
|
|t:|1758930525
|switch|p1a: Dragapult|Dragapult, F|100/100
|turn|14
|
|t:|1758930533
|move|p1a: Dragapult|U-turn|p2a: Ogerpon
|-supereffective|p2a: Ogerpon
|-damage|p2a: Ogerpon|44/100
|
|t:|1758930539
|switch|p1a: Weezing|Weezing-Galar, F|100/100|[from] U-turn
|-ability|p1a: Weezing|Neutralizing Gas
|move|p2a: Ogerpon|Ivy Cudgel|p1a: Weezing|[anim] Ivy Cudgel Water
|-damage|p1a: Weezing|18/100
|
|upkeep
|turn|15
|
|t:|1758930547
|-end|p1a: Weezing|ability: Neutralizing Gas
|switch|p1a: Dragapult|Dragapult, F|100/100
|move|p2a: Ogerpon|Ivy Cudgel|p1a: Dragapult|[anim] Ivy Cudgel Water
|-resisted|p1a: Dragapult
|-damage|p1a: Dragapult|19/100
|-start|p2a: Ogerpon|Disable|Ivy Cudgel|[from] ability: Cursed Body|[of] p1a: Dragapult
|
|upkeep
|turn|16
|
|t:|1758930554
|switch|p1a: Weezing|Weezing-Galar, F|18/100
|-ability|p1a: Weezing|Neutralizing Gas
|move|p2a: Ogerpon|Horn Leech|p1a: Weezing
|-resisted|p1a: Weezing
|-damage|p1a: Weezing|0 fnt
|-heal|p2a: Ogerpon|54/100|[from] drain|[of] p1a: Weezing
|faint|p1a: Weezing
|-end|p1a: Weezing|ability: Neutralizing Gas
|
|upkeep
|
|t:|1758930560
|switch|p1a: Dragapult|Dragapult, F|19/100
|turn|17
|
|t:|1758930574
|move|p1a: Dragapult|U-turn|p2a: Ogerpon
|-supereffective|p2a: Ogerpon
|-damage|p2a: Ogerpon|0 fnt
|faint|p2a: Ogerpon
|
|t:|1758930579
|switch|p1a: Iron Crown|Iron Crown|100/100|[from] U-turn
|
|upkeep
|
|t:|1758930592
|switch|p2a: Pelipper|Pelipper, F|100/100
|-weather|RainDance|[from] ability: Drizzle|[of] p2a: Pelipper
|turn|18
|
|t:|1758930597
|move|p1a: Iron Crown|Focus Blast|p2a: Pelipper|[miss]
|-miss|p1a: Iron Crown|p2a: Pelipper
|move|p2a: Pelipper|U-turn|p1a: Iron Crown
|-damage|p1a: Iron Crown|91/100
|
|t:|1758930599
|switch|p2a: Kingdra|Kingdra, M, shiny, tera:Water|26/100|[from] U-turn
|
|-weather|RainDance|[upkeep]
|upkeep
|turn|19
|
|t:|1758930605
|move|p2a: Kingdra|Weather Ball|p1a: Iron Crown
|-damage|p1a: Iron Crown|0 fnt
|faint|p1a: Iron Crown
|-end|p1a: Iron Crown|Quark Drive|[silent]
|
|-weather|RainDance|[upkeep]
|upkeep
|
|t:|1758930609
|switch|p1a: Dragapult|Dragapult, F|19/100
|turn|20
|
|t:|1758930612
|move|p2a: Kingdra|Weather Ball|p1a: Dragapult
|-resisted|p1a: Dragapult
|-damage|p1a: Dragapult|0 fnt
|faint|p1a: Dragapult
|
|win|Mik22
|raw|Shibuya Arc's rating: 1516 &rarr; <strong>1494</strong><br />(-22 for losing)
|raw|Mik22's rating: 1474 &rarr; <strong>1496</strong><br />(+22 for winning)
