|j|☆minencraft1
|j|☆QWASXC
|t:|1759046713
|gametype|singles
|player|p1|minencraft1|2|1149
|player|p2|QWASXC|102|1181
|gen|9
|tier|[Gen 9] OU
|rated|
|rule|HP Percentage Mod: HP is shown in percentages
|rule|Endless Battle Clause: Forcing endless battles is banned
|rule|Species Clause: Limit one of each Pokémon
|rule|OHKO Clause: OHKO moves are banned
|rule|Evasion Items Clause: Evasion items are banned
|rule|Evasion Moves Clause: Evasion moves are banned
|rule|Evasion Abilities Clause: Evasion abilities are banned
|rule|Sleep Moves Clause: Sleep-inducing moves are banned
|clearpoke
|poke|p1|Ogerpon-Wellspring, F|
|poke|p1|Kingambit, M|
|poke|p1|Landorus-Therian, M|
|poke|p1|Glimmora, M|
|poke|p1|Dragapult, M|
|poke|p1|Iron Valiant|
|poke|p2|Electivire, M|
|poke|p2|Porygon-Z|
|poke|p2|Vespiquen, F|
|poke|p2|Krookodile, F|
|poke|p2|Bastiodon, F|
|poke|p2|Walking Wake|
|teampreview
|
|t:|1759046742
|teamsize|p1|6
|teamsize|p2|6
|start
|switch|p1a: Landorus|Landorus-Therian, M|100/100
|switch|p2a: Bastiodon|Bastiodon, F, shiny|100/100
|-ability|p1a: Landorus|Intimidate|boost
|-unboost|p2a: Bastiodon|atk|1
|turn|1
|
|t:|1759046753
|move|p1a: Landorus|Earthquake|p2a: Bastiodon
|-supereffective|p2a: Bastiodon
|-ability|p2a: Bastiodon|Sturdy
|-damage|p2a: Bastiodon|1/100
|move|p2a: Bastiodon|Iron Defense|p2a: Bastiodon
|-boost|p2a: Bastiodon|def|2
|
|-heal|p2a: Bastiodon|7/100|[from] item: Leftovers
|upkeep
|turn|2
|
|t:|1759046783
|move|p1a: Landorus|Stealth Rock|p2a: Bastiodon
|-sidestart|p2: QWASXC|move: Stealth Rock
|move|p2a: Bastiodon|Body Press|p1a: Landorus
|-resisted|p1a: Landorus
|-damage|p1a: Landorus|67/100
|-damage|p2a: Bastiodon|0 fnt|[from] item: Rocky Helmet|[of] p1a: Landorus
|faint|p2a: Bastiodon
|
|upkeep
|
|t:|1759046791
|switch|p2a: Vespiquen|Vespiquen, F|100/100
|-ability|p2a: Vespiquen|Unnerve
|turn|3
|
|t:|1759046797
|move|p1a: Landorus|Taunt|p2a: Vespiquen
|-start|p2a: Vespiquen|move: Taunt
|cant|p2a: Vespiquen|move: Taunt|Toxic
|
|upkeep
|turn|4
|
|t:|1759046804
|move|p1a: Landorus|U-turn|p2a: Vespiquen
|-resisted|p2a: Vespiquen
|-damage|p2a: Vespiquen|89/100
|
|t:|1759046822
|switch|p1a: Iron Valiant|Iron Valiant|100/100|[from] U-turn
|-enditem|p1a: Iron Valiant|Booster Energy
|-activate|p1a: Iron Valiant|ability: Quark Drive|[fromitem]
|-start|p1a: Iron Valiant|quarkdrivespe
|move|p2a: Vespiquen|Dual Wingbeat|p1a: Iron Valiant
|-supereffective|p1a: Iron Valiant
|-damage|p1a: Iron Valiant|69/100
|-supereffective|p1a: Iron Valiant
|-damage|p1a: Iron Valiant|34/100
|-hitcount|p1a: Iron Valiant|2
|
|upkeep
|turn|5
|
|t:|1759046844
|-terastallize|p1a: Iron Valiant|Steel
|move|p1a: Iron Valiant|Knock Off|p2a: Vespiquen
|-damage|p2a: Vespiquen|55/100
|-enditem|p2a: Vespiquen|Heavy-Duty Boots|[from] move: Knock Off|[of] p1a: Iron Valiant
|move|p2a: Vespiquen|Dual Wingbeat|p1a: Iron Valiant
|-resisted|p1a: Iron Valiant
|-damage|p1a: Iron Valiant|26/100
|-resisted|p1a: Iron Valiant
|-damage|p1a: Iron Valiant|18/100
|-hitcount|p1a: Iron Valiant|2
|
|-end|p2a: Vespiquen|move: Taunt
|upkeep
|turn|6
|
|t:|1759046868
|-terastallize|p2a: Vespiquen|Fire
|move|p1a: Iron Valiant|Spirit Break|p2a: Vespiquen
|-resisted|p2a: Vespiquen
|-damage|p2a: Vespiquen|35/100
|-unboost|p2a: Vespiquen|spa|1
|move|p2a: Vespiquen|Tera Blast|p1a: Iron Valiant|[anim] Tera Blast Fire
|-supereffective|p1a: Iron Valiant
|-damage|p1a: Iron Valiant|0 fnt
|faint|p1a: Iron Valiant
|-end|p1a: Iron Valiant|Quark Drive|[silent]
|
|upkeep
|inactive|Battle timer is ON: inactive players will automatically lose when time's up. (requested by QWASXC)
|
|t:|1759046917
|switch|p1a: Kingambit|Kingambit, M|100/100
|-activate|p1a: Kingambit|ability: Supreme Overlord
|-start|p1a: Kingambit|fallen1|[silent]
|turn|7
|
|t:|1759046922
|move|p1a: Kingambit|Sucker Punch|p2a: Vespiquen
|-damage|p2a: Vespiquen|0 fnt
|faint|p2a: Vespiquen
|
|upkeep
|
|t:|1759046936
|switch|p2a: Krookodile|Krookodile, F|100/100
|-damage|p2a: Krookodile|94/100|[from] Stealth Rock
|turn|8
|
|t:|1759046953
|-end|p1a: Kingambit|fallen1|[silent]
|switch|p1a: Landorus|Landorus-Therian, M|67/100
|-ability|p1a: Landorus|Intimidate|boost
|-unboost|p2a: Krookodile|atk|1
|move|p2a: Krookodile|Close Combat|p1a: Landorus
|-resisted|p1a: Landorus
|-damage|p1a: Landorus|51/100
|-unboost|p2a: Krookodile|def|1
|-unboost|p2a: Krookodile|spd|1
|-damage|p2a: Krookodile|78/100|[from] item: Rocky Helmet|[of] p1a: Landorus
|-damage|p2a: Krookodile|68/100|[from] item: Life Orb
|
|upkeep
|turn|9
|
|t:|1759046971
|switch|p2a: Electivire|Electivire, M, shiny|100/100
|-damage|p2a: Electivire|88/100|[from] Stealth Rock
|move|p1a: Landorus|U-turn|p2a: Electivire
|-damage|p2a: Electivire|54/100
|
|t:|1759046988
|switch|p1a: Dragapult|Dragapult, M|100/100|[from] U-turn
|
|upkeep
|turn|10
|
|t:|1759047000
|move|p1a: Dragapult|U-turn|p2a: Electivire
|-damage|p2a: Electivire|25/100
|
|t:|1759047004
|switch|p1a: Landorus|Landorus-Therian, M|51/100|[from] U-turn
|-ability|p1a: Landorus|Intimidate|boost
|-unboost|p2a: Electivire|atk|1
|move|p2a: Electivire|Ice Punch|p1a: Landorus
|-supereffective|p1a: Landorus
|-damage|p1a: Landorus|0 fnt
|-damage|p2a: Electivire|9/100|[from] item: Rocky Helmet|[of] p1a: Landorus
|faint|p1a: Landorus
|
|upkeep
|inactive|minencraft1 has 120 seconds left.
|
|t:|1759047027
|switch|p1a: Dragapult|Dragapult, M|100/100
|turn|11
|
|t:|1759047031
|move|p1a: Dragapult|U-turn|p2a: Electivire
|-damage|p2a: Electivire|0 fnt
|faint|p2a: Electivire
|inactive|minencraft1 has 120 seconds left.
|
|t:|1759047050
|switch|p1a: Ogerpon|Ogerpon-Wellspring, F|100/100|[from] U-turn
|
|upkeep
|
|t:|1759047057
|switch|p2a: Walking Wake|Walking Wake|100/100
|-damage|p2a: Walking Wake|88/100|[from] Stealth Rock
|-enditem|p2a: Walking Wake|Booster Energy
|-activate|p2a: Walking Wake|ability: Protosynthesis|[fromitem]
|-start|p2a: Walking Wake|protosynthesisspa
|turn|12
|inactive|minencraft1 has 120 seconds left.
|
|t:|1759047070
|move|p1a: Ogerpon|Play Rough|p2a: Walking Wake
|-supereffective|p2a: Walking Wake
|-damage|p2a: Walking Wake|6/100
|-unboost|p2a: Walking Wake|atk|1
|move|p2a: Walking Wake|Hurricane|p1a: Ogerpon
|-supereffective|p1a: Ogerpon
|-damage|p1a: Ogerpon|0 fnt
|faint|p1a: Ogerpon
|
|upkeep
|inactive|minencraft1 has 120 seconds left.
|
|t:|1759047098
|switch|p1a: Dragapult|Dragapult, M|100/100
|turn|13
|
|t:|1759047104
|move|p1a: Dragapult|U-turn|p2a: Walking Wake
|-damage|p2a: Walking Wake|0 fnt
|faint|p2a: Walking Wake
|-end|p2a: Walking Wake|Protosynthesis|[silent]
|inactive|minencraft1 has 90 seconds left.
|
|t:|1759047131
|switch|p1a: Kingambit|Kingambit, M|100/100|[from] U-turn
|-activate|p1a: Kingambit|ability: Supreme Overlord
|-start|p1a: Kingambit|fallen3|[silent]
|
|upkeep
|
|t:|1759047137
|switch|p2a: Krookodile|Krookodile, F|68/100
|-damage|p2a: Krookodile|62/100|[from] Stealth Rock
|turn|14
|
|t:|1759047145
|move|p1a: Kingambit|Sucker Punch|p2a: Krookodile
|-resisted|p2a: Krookodile
|-damage|p2a: Krookodile|29/100
|move|p2a: Krookodile|Close Combat|p1a: Kingambit
|-supereffective|p1a: Kingambit
|-damage|p1a: Kingambit|0 fnt
|-unboost|p2a: Krookodile|def|1
|-unboost|p2a: Krookodile|spd|1
|faint|p1a: Kingambit
|-end|p1a: Kingambit|fallen3|[silent]
|-ability|p2a: Krookodile|Moxie|boost
|-boost|p2a: Krookodile|atk|1
|-damage|p2a: Krookodile|19/100|[from] item: Life Orb
|
|upkeep
|
|t:|1759047158
|switch|p1a: Dragapult|Dragapult, M|100/100
|turn|15
|
|t:|1759047161
|move|p1a: Dragapult|U-turn|p2a: Krookodile
|-supereffective|p2a: Krookodile
|-damage|p2a: Krookodile|0 fnt
|faint|p2a: Krookodile
|
|t:|1759047164
|switch|p1a: Glimmora|Glimmora, M|100/100|[from] U-turn
|
|upkeep
|
|t:|1759047167
|switch|p2a: Porygon-Z|Porygon-Z|100/100
|-damage|p2a: Porygon-Z|88/100|[from] Stealth Rock
|turn|16
|inactive|minencraft1 has 120 seconds left.
|
|t:|1759047181
|move|p2a: Porygon-Z|Trick|p1a: Glimmora
|-activate|p2a: Porygon-Z|move: Trick|[of] p1a: Glimmora
|-item|p1a: Glimmora|Choice Scarf|[from] move: Trick
|-item|p2a: Porygon-Z|Power Herb|[from] move: Trick
|move|p1a: Glimmora|Meteor Beam||[still]
|-prepare|p1a: Glimmora|Meteor Beam
|-boost|p1a: Glimmora|spa|1
|
|upkeep
|turn|17
|inactive|minencraft1 has 120 seconds left.
|
|t:|1759047189
|move|p1a: Glimmora|Meteor Beam|p2a: Porygon-Z|[from] lockedmove
|-damage|p2a: Porygon-Z|0 fnt
|faint|p2a: Porygon-Z
|
|win|minencraft1
|raw|minencraft1's rating: 1149 &rarr; <strong>1176</strong><br />(+27 for winning)
|raw|QWASXC's rating: 1181 &rarr; <strong>1154</strong><br />(-27 for losing)
|l|☆QWASXC
|player|p2|
|l|☆minencraft1
|player|p1|
