|j|☆Red Icigool
|j|☆DeCompaniu
|t:|1759066720
|gametype|singles
|player|p1|Red Icigool|swimmerf-gen4|1235
|player|p2|DeCompaniu|richboy|1230
|gen|9
|tier|[Gen 9] OU
|rated|
|rule|HP Percentage Mod: HP is shown in percentages
|rule|Endless Battle Clause: Forcing endless battles is banned
|rule|Species Clause: Limit one of each Pokémon
|rule|OHKO Clause: OHKO moves are banned
|rule|Evasion Items Clause: Evasion items are banned
|rule|Evasion Moves Clause: Evasion moves are banned
|rule|Evasion Abilities Clause: Evasion abilities are banned
|rule|Sleep Moves Clause: Sleep-inducing moves are banned
|clearpoke
|poke|p1|Forretress, F|
|poke|p1|Scizor, F|
|poke|p1|Kleavor, F|
|poke|p1|Araquanid, M|
|poke|p1|Vikavolt, F|
|poke|p1|Venomoth, M|
|poke|p2|Greedent, M|
|poke|p2|Hawlucha, M|
|poke|p2|Glimmora, M|
|poke|p2|Indeedee, M|
|poke|p2|Polteageist-Antique|
|poke|p2|Golurk|
|teampreview
|
|t:|1759066736
|teamsize|p1|6
|teamsize|p2|6
|start
|switch|p1a: Araquanid|Araquanid, M|100/100
|switch|p2a: Glimmora|Glimmora, M|100/100
|turn|1
|inactive|Battle timer is ON: inactive players will automatically lose when time's up. (requested by DeCompaniu)
|inactive|Red Icigool has 120 seconds left.
|inactive|Red Icigool has 90 seconds left.
|
|t:|1759066831
|move|p2a: Glimmora|Stealth Rock|p1a: Araquanid
|-sidestart|p1: Red Icigool|move: Stealth Rock
|move|p1a: Araquanid|Sticky Web|p2a: Glimmora
|-sidestart|p2: DeCompaniu|move: Sticky Web
|
|upkeep
|turn|2
|
|t:|1759066837
|move|p2a: Glimmora|Mortal Spin|p1a: Araquanid
|-damage|p1a: Araquanid|94/100
|-status|p1a: Araquanid|psn
|-sideend|p2: DeCompaniu|Sticky Web|[from] move: Mortal Spin|[of] p2a: Glimmora
|move|p1a: Araquanid|Mirror Coat||[still]
|-fail|p1a: Araquanid
|
|-damage|p1a: Araquanid|82/100 psn|[from] psn
|upkeep
|turn|3
|
|t:|1759066848
|move|p2a: Glimmora|Sludge Bomb|p1a: Araquanid
|-damage|p1a: Araquanid|47/100 psn
|move|p1a: Araquanid|Sticky Web|p2a: Glimmora
|-sidestart|p2: DeCompaniu|move: Sticky Web
|
|-damage|p1a: Araquanid|34/100 psn|[from] psn
|upkeep
|turn|4
|
|t:|1759066856
|switch|p1a: Forretress|Forretress, F|100/100
|-damage|p1a: Forretress|88/100|[from] Stealth Rock
|move|p2a: Glimmora|Earth Power|p1a: Forretress
|-damage|p1a: Forretress|38/100
|
|upkeep
|turn|5
|
|t:|1759066865
|move|p2a: Glimmora|Earth Power|p1a: Forretress
|-damage|p1a: Forretress|0 fnt
|faint|p1a: Forretress
|
|upkeep
|
|t:|1759066873
|switch|p1a: Venomoth|Venomoth, M|100/100
|-damage|p1a: Venomoth|76/100|[from] Stealth Rock
|turn|6
|
|t:|1759066878
|move|p1a: Venomoth|Quiver Dance|p1a: Venomoth
|-boost|p1a: Venomoth|spa|1
|-boost|p1a: Venomoth|spd|1
|-boost|p1a: Venomoth|spe|1
|move|p2a: Glimmora|Mortal Spin|p1a: Venomoth
|-resisted|p1a: Venomoth
|-damage|p1a: Venomoth|70/100
|-sideend|p2: DeCompaniu|Sticky Web|[from] move: Mortal Spin|[of] p2a: Glimmora
|
|-heal|p1a: Venomoth|76/100|[from] item: Black Sludge
|upkeep
|turn|7
|
|t:|1759066892
|switch|p2a: Indeedee|Indeedee, M|100/100
|-fieldstart|move: Psychic Terrain|[from] ability: Psychic Surge|[of] p2a: Indeedee
|move|p1a: Venomoth|Psychic Noise|p2a: Indeedee
|-resisted|p2a: Indeedee
|-damage|p2a: Indeedee|39/100
|-start|p2a: Indeedee|move: Heal Block
|
|-heal|p1a: Venomoth|82/100|[from] item: Black Sludge
|upkeep
|turn|8
|
|t:|1759066905
|move|p2a: Indeedee|Expanding Force|p1a: Venomoth
|-supereffective|p1a: Venomoth
|-damage|p1a: Venomoth|0 fnt
|faint|p1a: Venomoth
|
|-end|p2a: Indeedee|move: Heal Block
|upkeep
|c|☆Red Icigool|i cant believe
|c|☆Red Icigool|u gave it a scarf
|
|t:|1759066919
|switch|p1a: Araquanid|Araquanid, M|34/100 psn
|-damage|p1a: Araquanid|10/100 psn|[from] Stealth Rock
|turn|9
|-enditem|p1a: Araquanid|Custap Berry|[eat]
|-activate|p1a: Araquanid|item: Custap Berry|[consumed]
|
|t:|1759066926
|move|p1a: Araquanid|Leech Life|p2a: Indeedee
|-supereffective|p2a: Indeedee
|-damage|p2a: Indeedee|0 fnt
|-heal|p1a: Araquanid|25/100 psn|[from] drain|[of] p2a: Indeedee
|faint|p2a: Indeedee
|
|-damage|p1a: Araquanid|12/100 psn|[from] psn
|upkeep
|c|☆DeCompaniu|I did
|
|t:|1759066938
|switch|p2a: Polteageist|Polteageist-Antique|100/100
|turn|10
|
|t:|1759066943
|move|p2a: Polteageist|Shell Smash|p2a: Polteageist
|-unboost|p2a: Polteageist|def|1
|-unboost|p2a: Polteageist|spd|1
|-boost|p2a: Polteageist|atk|2
|-boost|p2a: Polteageist|spa|2
|-boost|p2a: Polteageist|spe|2
|move|p1a: Araquanid|Liquidation|p2a: Polteageist
|-enditem|p2a: Polteageist|Focus Sash
|-damage|p2a: Polteageist|1/100
|-ability|p2a: Polteageist|Weak Armor|boost
|-unboost|p2a: Polteageist|def|1
|-boost|p2a: Polteageist|spe|2
|
|-damage|p1a: Araquanid|0 fnt|[from] psn
|faint|p1a: Araquanid
|upkeep
|c|☆Red Icigool|gg
|
|t:|1759066951
|switch|p1a: Vikavolt|Vikavolt, F|100/100
|-damage|p1a: Vikavolt|76/100|[from] Stealth Rock
|turn|11
|
|t:|1759066963
|move|p2a: Polteageist|Stored Power|p1a: Vikavolt
|-damage|p1a: Vikavolt|0 fnt
|faint|p1a: Vikavolt
|
|-fieldend|move: Psychic Terrain
|upkeep
|c|☆Red Icigool|stored power
|
|t:|1759066968
|switch|p1a: Kleavor|Kleavor, F|100/100
|-damage|p1a: Kleavor|76/100|[from] Stealth Rock
|turn|12
|
|t:|1759066975
|move|p2a: Polteageist|Stored Power|p1a: Kleavor
|-damage|p1a: Kleavor|0 fnt
|faint|p1a: Kleavor
|
|upkeep
|
|t:|1759066980
|switch|p1a: Scizor|Scizor, F|100/100
|-damage|p1a: Scizor|88/100|[from] Stealth Rock
|turn|13
|
|t:|1759066984
|move|p1a: Scizor|Bullet Punch|p2a: Polteageist
|-damage|p2a: Polteageist|0 fnt
|faint|p2a: Polteageist
|
|upkeep
|
|t:|1759066990
|switch|p2a: Greedent|Greedent, M|100/100
|turn|14
|
|t:|1759067005
|move|p1a: Scizor|Swords Dance|p1a: Scizor
|-boost|p1a: Scizor|atk|2
|move|p2a: Greedent|Stuff Cheeks|p2a: Greedent
|-boost|p2a: Greedent|def|2
|-enditem|p2a: Greedent|Ganlon Berry|[eat]
|-boost|p2a: Greedent|def|1|[from] item: Ganlon Berry
|
|upkeep
|turn|15
|
|t:|1759067017
|move|p1a: Scizor|Dual Wingbeat|p2a: Greedent
|-damage|p2a: Greedent|90/100
|-damage|p2a: Greedent|78/100
|-hitcount|p2a: Greedent|2
|move|p2a: Greedent|Body Press|p1a: Scizor
|-damage|p1a: Scizor|20/100
|
|upkeep
|turn|16
|c|☆Red Icigool|gg
|-message|Red Icigool forfeited.
|
|win|DeCompaniu
|raw|Red Icigool's rating: 1235 &rarr; <strong>1210</strong><br />(-25 for losing)
|raw|DeCompaniu's rating: 1230 &rarr; <strong>1255</strong><br />(+25 for winning)
|l|☆Red Icigool
|player|p1|
|c|☆DeCompaniu|He is thick
|l|☆DeCompaniu
|player|p2|
