|badge|p1|bronze|gen9ou|100-6
|html|<div class="broadcast-red"><strong>This battle is required to be public due to one or more player having a season medal.</strong><br />During the public phase, you can discuss the state of the ladder <a href="/seasondiscussion">in a special chatroom.</a></div>
|uhtml|medal-msg|<div class="broadcast-blue">Curious what those medals under the avatar are? PS now has Ladder Seasons! For more information, check out the <a href="https://www.smogon.com/forums/threads/3740067/">thread on Smogon.</a></div>
|badge|p2|bronze|gen9ou|100-6
|uhtml|medal-msg|<div class="broadcast-blue">Curious what those medals under the avatar are? PS now has Ladder Seasons! For more information, check out the <a href="https://www.smogon.com/forums/threads/3740067/">thread on Smogon.</a></div>
|raw|<div class="broadcast-blue"><strong>This battle is required to be public due to a player having a name starting with 'medal'.</div>
|j|☆sentinental
|j|☆Obito 2001
|t:|1759016060
|gametype|singles
|player|p1|sentinental|blue-gen7|1754
|player|p2|Obito 2001|blue-gen3two|1792
|gen|9
|tier|[Gen 9] OU
|rated|
|rule|HP Percentage Mod: HP is shown in percentages
|rule|Endless Battle Clause: Forcing endless battles is banned
|rule|Species Clause: Limit one of each Pokémon
|rule|OHKO Clause: OHKO moves are banned
|rule|Evasion Items Clause: Evasion items are banned
|rule|Evasion Moves Clause: Evasion moves are banned
|rule|Evasion Abilities Clause: Evasion abilities are banned
|rule|Sleep Moves Clause: Sleep-inducing moves are banned
|clearpoke
|poke|p1|Weavile, F|
|poke|p1|Primarina, F|
|poke|p1|Moltres|
|poke|p1|Great Tusk|
|poke|p1|Ting-Lu|
|poke|p1|Pecharunt|
|poke|p2|Masquerain, F|
|poke|p2|Gliscor, M|
|poke|p2|Great Tusk|
|poke|p2|Alomomola, F|
|poke|p2|Gholdengo|
|poke|p2|Sinistcha-Masterpiece|
|teampreview
|inactive|Battle timer is ON: inactive players will automatically lose when time's up. (requested by Obito 2001)
|inactive|sentinental also wants the timer to be on.
|j| amefurikoneko
|
|t:|1759016068
|teamsize|p1|6
|teamsize|p2|6
|start
|switch|p1a: Weavile|Weavile, F|100/100
|switch|p2a: Real G|Masquerain, F|100/100
|-ability|p1a: Weavile|Pressure
|-ability|p2a: Real G|Intimidate|boost
|-unboost|p1a: Weavile|atk|1
|turn|1
|
|t:|1759016080
|switch|p2a: Momo Hirai|Alomomola, F|100/100
|move|p1a: Weavile|Triple Axel|p2a: Momo Hirai
|-resisted|p2a: Momo Hirai
|-damage|p2a: Momo Hirai|98/100
|-resisted|p2a: Momo Hirai
|-damage|p2a: Momo Hirai|92/100
|-resisted|p2a: Momo Hirai
|-damage|p2a: Momo Hirai|82/100
|-hitcount|p2a: Momo Hirai|3
|-enditem|p2a: Momo Hirai|Red Card|[of] p1a: Weavile
|drag|p1a: Moltres|Moltres|100/100
|
|upkeep
|turn|2
|
|t:|1759016084
|switch|p1a: Primarina|Primarina, F|100/100
|move|p2a: Momo Hirai|Flip Turn|p1a: Primarina
|-resisted|p1a: Primarina
|-damage|p1a: Primarina|93/100
|
|t:|1759016086
|switch|p2a: Real G|Masquerain, F|100/100|[from] Flip Turn
|-ability|p2a: Real G|Intimidate|boost
|-unboost|p1a: Primarina|atk|1
|
|-heal|p1a: Primarina|99/100|[from] item: Leftovers
|upkeep
|turn|3
|
|t:|1759016088
|move|p2a: Real G|Sticky Web|p1a: Primarina
|-sidestart|p1: sentinental|move: Sticky Web
|move|p1a: Primarina|Substitute|p1a: Primarina
|-start|p1a: Primarina|Substitute
|-damage|p1a: Primarina|74/100
|
|-heal|p1a: Primarina|80/100|[from] item: Leftovers
|upkeep
|turn|4
|
|t:|1759016103
|switch|p2a: Masterpiece|Sinistcha-Masterpiece|100/100
|move|p1a: Primarina|Calm Mind|p1a: Primarina
|-boost|p1a: Primarina|spa|1
|-boost|p1a: Primarina|spd|1
|
|-heal|p1a: Primarina|86/100|[from] item: Leftovers
|upkeep
|turn|5
|
|t:|1759016105
|switch|p1a: Moltres|Moltres|100/100
|move|p2a: Masterpiece|Matcha Gotcha|p1a: Moltres
|-resisted|p1a: Moltres
|-crit|p1a: Moltres
|-damage|p1a: Moltres|85/100
|
|upkeep
|turn|6
|j| Whipmebaby
|
|t:|1759016111
|switch|p2a: Momo Hirai|Alomomola, F|100/100
|move|p1a: Moltres|Hurricane|p2a: Momo Hirai
|-damage|p2a: Momo Hirai|50/100
|-start|p2a: Momo Hirai|confusion
|
|upkeep
|turn|7
|
|t:|1759016123
|switch|p2a: Real G|Masquerain, F|100/100
|-ability|p2a: Real G|Intimidate|boost
|-unboost|p1a: Moltres|atk|1
|move|p1a: Moltres|Hurricane|p2a: Real G|[miss]
|-miss|p1a: Moltres|p2a: Real G
|
|upkeep
|turn|8
|
|t:|1759016129
|move|p1a: Moltres|Flamethrower|p2a: Real G
|-supereffective|p2a: Real G
|-enditem|p2a: Real G|Focus Sash
|-damage|p2a: Real G|1/100
|move|p2a: Real G|Stun Spore|p1a: Moltres|[miss]
|-miss|p2a: Real G|p1a: Moltres
|
|upkeep
|turn|9
|
|t:|1759016134
|move|p1a: Moltres|Flamethrower|p2a: Real G
|-supereffective|p2a: Real G
|-damage|p2a: Real G|0 fnt
|faint|p2a: Real G
|
|upkeep
|
|t:|1759016141
|switch|p2a: Momo Hirai|Alomomola, F|84/100
|turn|10
|
|t:|1759016144
|move|p1a: Moltres|Roost|p1a: Moltres
|-heal|p1a: Moltres|100/100
|-singleturn|p1a: Moltres|move: Roost
|move|p2a: Momo Hirai|Flip Turn|p1a: Moltres
|-supereffective|p1a: Moltres
|-damage|p1a: Moltres|64/100
|
|t:|1759016146
|switch|p2a: Ban me I'm uber|Gliscor, M|100/100|[from] Flip Turn
|
|-status|p2a: Ban me I'm uber|tox|[from] item: Toxic Orb
|upkeep
|turn|11
|
|t:|1759016150
|switch|p1a: Great Tusk|Great Tusk|100/100
|-activate|p1a: Great Tusk|move: Sticky Web
|-unboost|p1a: Great Tusk|spe|1
|move|p2a: Ban me I'm uber|Fling|p1a: Great Tusk
|-resisted|p1a: Great Tusk
|-damage|p1a: Great Tusk|98/100
|-status|p1a: Great Tusk|tox
|-enditem|p2a: Ban me I'm uber|Toxic Orb|[from] move: Fling
|
|-damage|p1a: Great Tusk|91/100 tox|[from] psn
|upkeep
|turn|12
|j| Ctannn
|j| larp legion
|
|t:|1759016161
|switch|p2a: Masterpiece|Sinistcha-Masterpiece|100/100
|-end|p1a: Great Tusk|Protosynthesis|[silent]
|switch|p1a: Moltres|Moltres|64/100
|
|upkeep
|turn|13
|
|t:|1759016166
|move|p1a: Moltres|Hurricane|p2a: Masterpiece
|-supereffective|p2a: Masterpiece
|-damage|p2a: Masterpiece|0 fnt
|faint|p2a: Masterpiece
|
|upkeep
|
|t:|1759016168
|switch|p2a: Ban me I'm uber|Gliscor, M|100/100 tox
|turn|14
|
|t:|1759016170
|switch|p1a: Great Tusk|Great Tusk|91/100 tox
|-activate|p1a: Great Tusk|move: Sticky Web
|-unboost|p1a: Great Tusk|spe|1
|move|p2a: Ban me I'm uber|Swords Dance|p2a: Ban me I'm uber
|-boost|p2a: Ban me I'm uber|atk|2
|
|-damage|p1a: Great Tusk|85/100 tox|[from] psn
|upkeep
|turn|15
|
|t:|1759016173
|move|p2a: Ban me I'm uber|Acrobatics|p1a: Great Tusk
|-supereffective|p1a: Great Tusk
|-damage|p1a: Great Tusk|0 fnt
|faint|p1a: Great Tusk
|-end|p1a: Great Tusk|Protosynthesis|[silent]
|
|upkeep
|
|t:|1759016177
|switch|p1a: Pecharunt|Pecharunt|100/100
|turn|16
|
|t:|1759016181
|-terastallize|p1a: Pecharunt|Dark
|move|p2a: Ban me I'm uber|Earthquake|p1a: Pecharunt
|-damage|p1a: Pecharunt|59/100
|move|p1a: Pecharunt|Foul Play|p2a: Ban me I'm uber
|-damage|p2a: Ban me I'm uber|23/100 tox
|
|-heal|p2a: Ban me I'm uber|35/100 tox|[from] ability: Poison Heal
|upkeep
|turn|17
|
|t:|1759016189
|move|p2a: Ban me I'm uber|Acrobatics|p1a: Pecharunt
|-damage|p1a: Pecharunt|14/100
|move|p1a: Pecharunt|Foul Play|p2a: Ban me I'm uber
|-damage|p2a: Ban me I'm uber|0 fnt
|faint|p2a: Ban me I'm uber
|
|upkeep
|
|t:|1759016195
|switch|p2a: Hi stallers|Gholdengo|100/100
|turn|18
|
|t:|1759016205
|switch|p1a: Ting-Lu|Ting-Lu|100/100
|-activate|p1a: Ting-Lu|move: Sticky Web
|-unboost|p1a: Ting-Lu|spe|1
|-ability|p1a: Ting-Lu|Vessel of Ruin
|move|p2a: Hi stallers|Dazzling Gleam|p1a: Ting-Lu
|-supereffective|p1a: Ting-Lu
|-damage|p1a: Ting-Lu|63/100
|
|-heal|p1a: Ting-Lu|70/100|[from] item: Leftovers
|upkeep
|turn|19
|
|t:|1759016211
|-terastallize|p2a: Hi stallers|Fairy
|move|p2a: Hi stallers|Dazzling Gleam|p1a: Ting-Lu
|-supereffective|p1a: Ting-Lu
|-damage|p1a: Ting-Lu|8/100
|move|p1a: Ting-Lu|Ruination|p2a: Hi stallers|[miss]
|-miss|p1a: Ting-Lu|p2a: Hi stallers
|
|-heal|p1a: Ting-Lu|14/100|[from] item: Leftovers
|upkeep
|turn|20
|
|t:|1759016217
|move|p2a: Hi stallers|Dazzling Gleam|p1a: Ting-Lu
|-supereffective|p1a: Ting-Lu
|-crit|p1a: Ting-Lu
|-damage|p1a: Ting-Lu|0 fnt
|faint|p1a: Ting-Lu
|
|upkeep
|
|t:|1759016218
|switch|p1a: Moltres|Moltres|64/100
|turn|21
|
|t:|1759016225
|move|p1a: Moltres|Hurricane|p2a: Hi stallers
|-damage|p2a: Hi stallers|31/100
|-start|p2a: Hi stallers|confusion
|-activate|p2a: Hi stallers|confusion
|-damage|p2a: Hi stallers|26/100|[from] confusion
|
|upkeep
|turn|22
|
|t:|1759016230
|switch|p2a: Momo Hirai|Alomomola, F|100/100
|move|p1a: Moltres|Roost|p1a: Moltres
|-heal|p1a: Moltres|100/100
|-singleturn|p1a: Moltres|move: Roost
|
|upkeep
|turn|23
|
|t:|1759016234
|move|p2a: Momo Hirai|Protect|p2a: Momo Hirai
|-singleturn|p2a: Momo Hirai|Protect
|move|p1a: Moltres|Hurricane|p2a: Momo Hirai
|-activate|p2a: Momo Hirai|move: Protect
|
|upkeep
|turn|24
|
|t:|1759016236
|move|p1a: Moltres|Hurricane|p2a: Momo Hirai
|-damage|p2a: Momo Hirai|54/100
|move|p2a: Momo Hirai|Wish|p2a: Momo Hirai
|
|upkeep
|turn|25
|
|t:|1759016242
|switch|p1a: Primarina|Primarina, F|86/100
|-activate|p1a: Primarina|move: Sticky Web
|-unboost|p1a: Primarina|spe|1
|move|p2a: Momo Hirai|Protect||[still]
|-fail|p2a: Momo Hirai
|
|-heal|p2a: Momo Hirai|100/100|[from] move: Wish|[wisher] Momo Hirai
|-heal|p1a: Primarina|93/100|[from] item: Leftovers
|upkeep
|turn|26
|
|t:|1759016244
|move|p2a: Momo Hirai|Wish|p2a: Momo Hirai
|move|p1a: Primarina|Substitute|p1a: Primarina
|-start|p1a: Primarina|Substitute
|-damage|p1a: Primarina|68/100
|
|-heal|p1a: Primarina|74/100|[from] item: Leftovers
|upkeep
|turn|27
|
|t:|1759016247
|move|p2a: Momo Hirai|Flip Turn|p1a: Primarina
|-resisted|p1a: Primarina
|-activate|p1a: Primarina|move: Substitute|[damage]
|
|t:|1759016248
|switch|p2a: Hi stallers|Gholdengo, tera:Fairy|26/100|[from] Flip Turn
|move|p1a: Primarina|Calm Mind|p1a: Primarina
|-boost|p1a: Primarina|spa|1
|-boost|p1a: Primarina|spd|1
|
|-heal|p2a: Hi stallers|100/100|[from] move: Wish|[wisher] Momo Hirai
|-heal|p1a: Primarina|80/100|[from] item: Leftovers
|upkeep
|turn|28
|
|t:|1759016252
|switch|p2a: Momo Hirai|Alomomola, F|100/100
|move|p1a: Primarina|Psychic Noise|p2a: Momo Hirai
|-resisted|p2a: Momo Hirai
|-damage|p2a: Momo Hirai|78/100
|-start|p2a: Momo Hirai|move: Heal Block
|
|-heal|p1a: Primarina|86/100|[from] item: Leftovers
|upkeep
|turn|29
|
|t:|1759016254
|move|p2a: Momo Hirai|Acrobatics|p1a: Primarina
|-activate|p1a: Primarina|move: Substitute|[damage]
|move|p1a: Primarina|Calm Mind|p1a: Primarina
|-boost|p1a: Primarina|spa|1
|-boost|p1a: Primarina|spd|1
|
|-heal|p1a: Primarina|92/100|[from] item: Leftovers
|-end|p2a: Momo Hirai|move: Heal Block
|upkeep
|turn|30
|
|t:|1759016257
|move|p2a: Momo Hirai|Acrobatics|p1a: Primarina
|-end|p1a: Primarina|Substitute
|move|p1a: Primarina|Calm Mind|p1a: Primarina
|-boost|p1a: Primarina|spa|1
|-boost|p1a: Primarina|spd|1
|
|-heal|p1a: Primarina|98/100|[from] item: Leftovers
|upkeep
|turn|31
|-message|Obito 2001 forfeited.
|
|win|sentinental
|raw|sentinental's rating: 1754 &rarr; <strong>1776</strong><br />(+22 for winning)
|raw|Obito 2001's rating: 1792 &rarr; <strong>1770</strong><br />(-22 for losing)
|l|☆Obito 2001
|player|p2|
|l| amefurikoneko
|l|☆sentinental
|player|p1|
|l| larp legion
|l| Whipmebaby
