|j|☆Skin Hunger
|j|☆hylid3
|t:|1758996259
|gametype|singles
|player|p1|Skin Hunger|265|1132
|player|p2|hylid3|blackbelt-gen4dp|1213
|gen|9
|tier|[Gen 9] OU
|rated|
|rule|HP Percentage Mod: HP is shown in percentages
|rule|Endless Battle Clause: Forcing endless battles is banned
|rule|Species Clause: Limit one of each Pokémon
|rule|OHKO Clause: OHKO moves are banned
|rule|Evasion Items Clause: Evasion items are banned
|rule|Evasion Moves Clause: Evasion moves are banned
|rule|Evasion Abilities Clause: Evasion abilities are banned
|rule|Sleep Moves Clause: Sleep-inducing moves are banned
|clearpoke
|poke|p1|Stonjourner, M|
|poke|p1|Iron Treads|
|poke|p1|Toxapex, M|
|poke|p1|Ninetales-Alola, F|
|poke|p1|Volcanion|
|poke|p1|Jolteon, F|
|poke|p2|Kingambit, M|
|poke|p2|Ceruledge, F|
|poke|p2|Weezing-Galar, F|
|poke|p2|Landorus-Therian, M|
|poke|p2|Zamazenta-*|
|poke|p2|Kyurem|
|teampreview
|inactive|Battle timer is ON: inactive players will automatically lose when time's up. (requested by hylid3)
|
|t:|1758996265
|teamsize|p1|6
|teamsize|p2|6
|start
|switch|p1a: Ninetales|Ninetales-Alola, F|100/100
|switch|p2a: Eleicebug|Landorus-Therian, M|100/100
|-weather|Snowscape|[from] ability: Snow Warning|[of] p1a: Ninetales
|-ability|p2a: Eleicebug|Intimidate|boost
|-unboost|p1a: Ninetales|atk|1
|turn|1
|
|t:|1758996269
|move|p1a: Ninetales|Aurora Veil|p1a: Ninetales
|-sidestart|p1: Skin Hunger|move: Aurora Veil
|move|p2a: Eleicebug|Stealth Rock|p1a: Ninetales
|-sidestart|p1: Skin Hunger|move: Stealth Rock
|
|-weather|Snowscape|[upkeep]
|upkeep
|turn|2
|
|t:|1758996277
|move|p1a: Ninetales|Blizzard|p2a: Eleicebug
|-supereffective|p2a: Eleicebug
|-damage|p2a: Eleicebug|0 fnt
|faint|p2a: Eleicebug
|
|-weather|Snowscape|[upkeep]
|upkeep
|
|t:|1758996287
|switch|p2a: Figgrofir×poipsy|Kingambit, M, shiny|100/100
|-activate|p2a: Figgrofir×poipsy|ability: Supreme Overlord
|-start|p2a: Figgrofir×poipsy|fallen1|[silent]
|turn|3
|
|t:|1758996297
|switch|p1a: Iron Treads|Iron Treads|100/100
|-damage|p1a: Iron Treads|97/100|[from] Stealth Rock
|-enditem|p1a: Iron Treads|Booster Energy
|-activate|p1a: Iron Treads|ability: Quark Drive|[fromitem]
|-start|p1a: Iron Treads|quarkdrivespe
|move|p2a: Figgrofir×poipsy|Swords Dance|p2a: Figgrofir×poipsy
|-boost|p2a: Figgrofir×poipsy|atk|2
|
|-weather|Snowscape|[upkeep]
|upkeep
|turn|4
|
|t:|1758996304
|move|p2a: Figgrofir×poipsy|Sucker Punch|p1a: Iron Treads
|-damage|p1a: Iron Treads|44/100
|move|p1a: Iron Treads|Earthquake|p2a: Figgrofir×poipsy
|-supereffective|p2a: Figgrofir×poipsy
|-damage|p2a: Figgrofir×poipsy|23/100
|
|-weather|Snowscape|[upkeep]
|upkeep
|turn|5
|
|t:|1758996321
|-end|p1a: Iron Treads|Quark Drive|[silent]
|switch|p1a: Stonjourner|Stonjourner, M|100/100
|-damage|p1a: Stonjourner|88/100|[from] Stealth Rock
|move|p2a: Figgrofir×poipsy|Kowtow Cleave|p1a: Stonjourner
|-damage|p1a: Stonjourner|48/100
|
|-weather|none
|upkeep
|turn|6
|
|t:|1758996332
|move|p2a: Figgrofir×poipsy|Sucker Punch|p1a: Stonjourner
|-damage|p1a: Stonjourner|14/100
|move|p1a: Stonjourner|Earthquake|p2a: Figgrofir×poipsy
|-supereffective|p2a: Figgrofir×poipsy
|-damage|p2a: Figgrofir×poipsy|0 fnt
|faint|p2a: Figgrofir×poipsy
|-end|p2a: Figgrofir×poipsy|fallen1|[silent]
|-damage|p1a: Stonjourner|4/100|[from] item: Life Orb
|
|upkeep
|
|t:|1758996339
|switch|p2a: Drarocstefigfai|Kyurem|100/100
|-ability|p2a: Drarocstefigfai|Pressure
|turn|7
|
|t:|1758996344
|move|p2a: Drarocstefigfai|Icicle Spear|p1a: Stonjourner
|-damage|p1a: Stonjourner|1/100
|-damage|p1a: Stonjourner|0 fnt
|faint|p1a: Stonjourner
|-hitcount|p1: Stonjourner|2
|
|upkeep
|
|t:|1758996359
|switch|p1a: Iron Treads|Iron Treads|44/100
|-damage|p1a: Iron Treads|41/100|[from] Stealth Rock
|turn|8
|
|t:|1758996371
|move|p1a: Iron Treads|Knock Off|p2a: Drarocstefigfai
|-damage|p2a: Drarocstefigfai|73/100
|-enditem|p2a: Drarocstefigfai|Loaded Dice|[from] move: Knock Off|[of] p1a: Iron Treads
|move|p2a: Drarocstefigfai|Earth Power|p1a: Iron Treads
|-supereffective|p1a: Iron Treads
|-damage|p1a: Iron Treads|0 fnt
|faint|p1a: Iron Treads
|-end|p1a: Iron Treads|Quark Drive|[silent]
|
|-sideend|p1: Skin Hunger|move: Aurora Veil
|upkeep
|
|t:|1758996381
|switch|p1a: Ninetales|Ninetales-Alola, F|100/100
|-damage|p1a: Ninetales|76/100|[from] Stealth Rock
|-weather|Snowscape|[from] ability: Snow Warning|[of] p1a: Ninetales
|turn|9
|
|t:|1758996389
|move|p1a: Ninetales|Dazzling Gleam|p2a: Drarocstefigfai
|-supereffective|p2a: Drarocstefigfai
|-damage|p2a: Drarocstefigfai|31/100
|move|p2a: Drarocstefigfai|Earth Power|p1a: Ninetales
|-damage|p1a: Ninetales|38/100
|
|-weather|Snowscape|[upkeep]
|upkeep
|turn|10
|
|t:|1758996402
|move|p1a: Ninetales|Aurora Veil|p1a: Ninetales
|-sidestart|p1: Skin Hunger|move: Aurora Veil
|move|p2a: Drarocstefigfai|Blizzard|p1a: Ninetales
|-resisted|p1a: Ninetales
|-damage|p1a: Ninetales|22/100
|
|-weather|Snowscape|[upkeep]
|upkeep
|turn|11
|
|t:|1758996407
|move|p1a: Ninetales|Blizzard|p2a: Drarocstefigfai
|-damage|p2a: Drarocstefigfai|2/100
|move|p2a: Drarocstefigfai|Earth Power|p1a: Ninetales
|-damage|p1a: Ninetales|4/100
|
|-weather|Snowscape|[upkeep]
|upkeep
|turn|12
|
|t:|1758996415
|move|p1a: Ninetales|Blizzard|p2a: Drarocstefigfai
|-damage|p2a: Drarocstefigfai|0 fnt
|faint|p2a: Drarocstefigfai
|
|-weather|Snowscape|[upkeep]
|upkeep
|
|t:|1758996417
|switch|p2a: Grostepsy|Weezing-Galar, F|100/100
|-ability|p2a: Grostepsy|Neutralizing Gas
|turn|13
|
|t:|1758996423
|move|p1a: Ninetales|Blizzard|p2a: Grostepsy
|-damage|p2a: Grostepsy|40/100
|move|p2a: Grostepsy|Sludge Bomb|p1a: Ninetales
|-supereffective|p1a: Ninetales
|-damage|p1a: Ninetales|0 fnt
|faint|p1a: Ninetales
|
|-weather|none
|upkeep
|
|t:|1758996433
|switch|p1a: Jolteon|Jolteon, F|100/100
|-damage|p1a: Jolteon|88/100|[from] Stealth Rock
|turn|14
|
|t:|1758996437
|move|p1a: Jolteon|Discharge|p2a: Grostepsy
|-damage|p2a: Grostepsy|0 fnt
|faint|p2a: Grostepsy
|-end|p2a: Grostepsy|ability: Neutralizing Gas
|
|upkeep
|
|t:|1758996440
|switch|p2a: Psyflyfai|Zamazenta|100/100
|-ability|p2a: Psyflyfai|Dauntless Shield|boost
|-boost|p2a: Psyflyfai|def|1
|turn|15
|
|t:|1758996446
|move|p2a: Psyflyfai|Iron Defense|p2a: Psyflyfai
|-boost|p2a: Psyflyfai|def|2
|move|p1a: Jolteon|Alluring Voice|p2a: Psyflyfai
|-supereffective|p2a: Psyflyfai
|-damage|p2a: Psyflyfai|58/100
|-start|p2a: Psyflyfai|confusion
|
|-heal|p2a: Psyflyfai|64/100|[from] item: Leftovers
|upkeep
|turn|16
|
|t:|1758996455
|-terastallize|p2a: Psyflyfai|Dark
|-activate|p2a: Psyflyfai|confusion
|move|p2a: Psyflyfai|Iron Defense|p2a: Psyflyfai
|-boost|p2a: Psyflyfai|def|2
|move|p1a: Jolteon|Discharge|p2a: Psyflyfai
|-damage|p2a: Psyflyfai|32/100
|
|-heal|p2a: Psyflyfai|38/100|[from] item: Leftovers
|upkeep
|turn|17
|
|t:|1758996464
|-activate|p2a: Psyflyfai|confusion
|move|p2a: Psyflyfai|Body Press|p1a: Jolteon
|-damage|p1a: Jolteon|0 fnt
|faint|p1a: Jolteon
|
|-heal|p2a: Psyflyfai|45/100|[from] item: Leftovers
|-sideend|p1: Skin Hunger|move: Aurora Veil
|upkeep
|
|t:|1758996470
|switch|p1a: Toxapex|Toxapex, M|100/100
|-damage|p1a: Toxapex|88/100|[from] Stealth Rock
|turn|18
|
|t:|1758996475
|-activate|p2a: Psyflyfai|confusion
|move|p2a: Psyflyfai|Body Press|p1a: Toxapex
|-resisted|p1a: Toxapex
|-damage|p1a: Toxapex|39/100
|-damage|p2a: Psyflyfai|28/100|[from] item: Rocky Helmet|[of] p1a: Toxapex
|move|p1a: Toxapex|Toxic|p2a: Psyflyfai
|-status|p2a: Psyflyfai|tox
|
|-heal|p2a: Psyflyfai|34/100 tox|[from] item: Leftovers
|-damage|p2a: Psyflyfai|28/100 tox|[from] psn
|upkeep
|turn|19
|
|t:|1758996483
|move|p1a: Toxapex|Baneful Bunker|p1a: Toxapex
|-singleturn|p1a: Toxapex|move: Protect
|-end|p2a: Psyflyfai|confusion
|move|p2a: Psyflyfai|Body Press|p1a: Toxapex
|-activate|p1a: Toxapex|move: Protect
|
|-heal|p2a: Psyflyfai|34/100 tox|[from] item: Leftovers
|-damage|p2a: Psyflyfai|22/100 tox|[from] psn
|upkeep
|turn|20
|
|t:|1758996500
|move|p2a: Psyflyfai|Body Press|p1a: Toxapex
|-resisted|p1a: Toxapex
|-damage|p1a: Toxapex|0 fnt
|-damage|p2a: Psyflyfai|5/100 tox|[from] item: Rocky Helmet|[of] p1a: Toxapex
|faint|p1a: Toxapex
|
|-heal|p2a: Psyflyfai|12/100 tox|[from] item: Leftovers
|-damage|p2a: Psyflyfai|0 fnt|[from] psn
|faint|p2a: Psyflyfai
|upkeep
|
|t:|1758996510
|switch|p2a: Psygho×nor|Ceruledge, F|100/100
|switch|p1a: Volcanion|Volcanion|100/100
|-damage|p1a: Volcanion|76/100|[from] Stealth Rock
|turn|21
|
|t:|1758996518
|move|p1a: Volcanion|Steam Eruption|p2a: Psygho×nor
|-supereffective|p2a: Psygho×nor
|-enditem|p2a: Psygho×nor|Focus Sash
|-damage|p2a: Psygho×nor|1/100
|move|p2a: Psygho×nor|Swords Dance|p2a: Psygho×nor
|-boost|p2a: Psygho×nor|atk|2
|
|upkeep
|turn|22
|
|t:|1758996526
|move|p1a: Volcanion|Steam Eruption|p2a: Psygho×nor
|-supereffective|p2a: Psygho×nor
|-damage|p2a: Psygho×nor|0 fnt
|faint|p2a: Psygho×nor
|
|win|Skin Hunger
|raw|Skin Hunger's rating: 1132 &rarr; <strong>1163</strong><br />(+31 for winning)
|raw|hylid3's rating: 1213 &rarr; <strong>1182</strong><br />(-31 for losing)
|l|☆Skin Hunger
|player|p1|
|l|☆hylid3
|player|p2|
