|j|☆Quick-witopposite
|j|☆Gulptubus
|t:|1759062189
|gametype|singles
|player|p1|Quick-witopposite|leon-tower|1437
|player|p2|Gulptubus|pokemonranger-gen4|1422
|gen|9
|tier|[Gen 9] OU
|rated|
|rule|HP Percentage Mod: HP is shown in percentages
|rule|Endless Battle Clause: Forcing endless battles is banned
|rule|Species Clause: Limit one of each Pokémon
|rule|OHKO Clause: OHKO moves are banned
|rule|Evasion Items Clause: Evasion items are banned
|rule|Evasion Moves Clause: Evasion moves are banned
|rule|Evasion Abilities Clause: Evasion abilities are banned
|rule|Sleep Moves Clause: Sleep-inducing moves are banned
|clearpoke
|poke|p1|Weavile, F|
|poke|p1|Raging Bolt|
|poke|p1|Iron Moth|
|poke|p1|Dragapult, M|
|poke|p1|Thundurus, M|
|poke|p1|Great Tusk|
|poke|p2|Frosmoth, F|
|poke|p2|Pincurchin, M|
|poke|p2|Raichu-Alola, M|
|poke|p2|Iron Hands|
|poke|p2|Rotom-Wash|
|poke|p2|Pawmot, M|
|teampreview
|inactive|Battle timer is ON: inactive players will automatically lose when time's up. (requested by Quick-witopposite)
|
|t:|1759062205
|teamsize|p1|6
|teamsize|p2|6
|start
|switch|p1a: Thundurus|Thundurus, M, shiny|100/100
|switch|p2a: OH YEAH!!! YEAH!!|Pincurchin, M|100/100
|-fieldstart|move: Electric Terrain|[from] ability: Electric Surge|[of] p2a: OH YEAH!!! YEAH!!
|turn|1
|
|t:|1759062213
|switch|p2a: Finger Eleven|Frosmoth, F, shiny|100/100
|move|p1a: Thundurus|Tera Blast|p2a: Finger Eleven
|-damage|p2a: Finger Eleven|83/100
|
|upkeep
|turn|2
|
|t:|1759062219
|move|p1a: Thundurus|Wildbolt Storm|p2a: Finger Eleven
|-damage|p2a: Finger Eleven|53/100
|-status|p2a: Finger Eleven|par
|move|p2a: Finger Eleven|Quiver Dance|p2a: Finger Eleven
|-boost|p2a: Finger Eleven|spa|1
|-boost|p2a: Finger Eleven|spd|1
|-boost|p2a: Finger Eleven|spe|1
|
|upkeep
|turn|3
|
|t:|1759062225
|move|p1a: Thundurus|Wildbolt Storm|p2a: Finger Eleven
|-damage|p2a: Finger Eleven|32/100 par
|move|p2a: Finger Eleven|Ice Beam|p1a: Thundurus
|-supereffective|p1a: Thundurus
|-damage|p1a: Thundurus|0 fnt
|faint|p1a: Thundurus
|
|upkeep
|
|t:|1759062234
|switch|p1a: Iron Moth|Iron Moth|100/100
|-activate|p1a: Iron Moth|ability: Quark Drive
|-start|p1a: Iron Moth|quarkdrivespe
|turn|4
|
|t:|1759062253
|move|p1a: Iron Moth|Fiery Dance|p2a: Finger Eleven
|-supereffective|p2a: Finger Eleven
|-damage|p2a: Finger Eleven|0 fnt
|faint|p2a: Finger Eleven
|
|upkeep
|
|t:|1759062257
|switch|p2a: William O' Wisp|Rotom-Wash|100/100
|turn|5
|
|t:|1759062263
|-terastallize|p1a: Iron Moth|Grass
|move|p1a: Iron Moth|Energy Ball|p2a: William O' Wisp
|-supereffective|p2a: William O' Wisp
|-damage|p2a: William O' Wisp|5/100
|move|p2a: William O' Wisp|Light Screen|p2a: William O' Wisp
|-sidestart|p2: Gulptubus|move: Light Screen
|
|upkeep
|turn|6
|
|t:|1759062271
|move|p1a: Iron Moth|Fiery Dance|p2a: William O' Wisp
|-resisted|p2a: William O' Wisp
|-damage|p2a: William O' Wisp|0 fnt
|-boost|p1a: Iron Moth|spa|1
|faint|p2a: William O' Wisp
|
|upkeep
|
|t:|1759062275
|switch|p2a: Iron Deficiency|Iron Hands|100/100
|-activate|p2a: Iron Deficiency|ability: Quark Drive
|-start|p2a: Iron Deficiency|quarkdriveatk
|turn|7
|
|t:|1759062281
|move|p1a: Iron Moth|Dazzling Gleam|p2a: Iron Deficiency
|-supereffective|p2a: Iron Deficiency
|-damage|p2a: Iron Deficiency|64/100
|move|p2a: Iron Deficiency|Ice Punch|p1a: Iron Moth
|-supereffective|p1a: Iron Moth
|-damage|p1a: Iron Moth|0 fnt
|faint|p1a: Iron Moth
|-end|p1a: Iron Moth|Quark Drive|[silent]
|
|upkeep
|
|t:|1759062291
|switch|p1a: Great Tusk|Great Tusk|100/100
|turn|8
|
|t:|1759062309
|-terastallize|p2a: Iron Deficiency|Flying
|move|p1a: Great Tusk|Headlong Rush|p2a: Iron Deficiency
|-immune|p2a: Iron Deficiency
|move|p2a: Iron Deficiency|Ice Punch|p1a: Great Tusk
|-supereffective|p1a: Great Tusk
|-damage|p1a: Great Tusk|48/100
|
|-fieldend|move: Electric Terrain
|-end|p2a: Iron Deficiency|Quark Drive
|upkeep
|turn|9
|
|t:|1759062321
|-end|p2a: Iron Deficiency|Quark Drive|[silent]
|switch|p2a: OH YEAH!!! YEAH!!|Pincurchin, M|100/100
|-fieldstart|move: Electric Terrain|[from] ability: Electric Surge|[of] p2a: OH YEAH!!! YEAH!!
|move|p1a: Great Tusk|Ice Spinner|p2a: OH YEAH!!! YEAH!!
|-damage|p2a: OH YEAH!!! YEAH!!|69/100
|-fieldend|move: Electric Terrain
|
|upkeep
|turn|10
|
|t:|1759062330
|switch|p2a: Evanescence|Pawmot, M|100/100
|move|p1a: Great Tusk|Headlong Rush|p2a: Evanescence
|-supereffective|p2a: Evanescence
|-damage|p2a: Evanescence|0 fnt
|-unboost|p1a: Great Tusk|def|1
|-unboost|p1a: Great Tusk|spd|1
|faint|p2a: Evanescence
|
|upkeep
|
|t:|1759062338
|switch|p2a: Surf's Up (2007)|Raichu-Alola, M|100/100
|turn|11
|
|t:|1759062345
|move|p2a: Surf's Up (2007)|Alluring Voice|p1a: Great Tusk
|-supereffective|p1a: Great Tusk
|-damage|p1a: Great Tusk|0 fnt
|faint|p1a: Great Tusk
|-end|p1a: Great Tusk|Protosynthesis|[silent]
|
|upkeep
|
|t:|1759062351
|switch|p1a: Weavile|Weavile, F|100/100
|turn|12
|
|t:|1759062354
|move|p1a: Weavile|Throat Chop|p2a: Surf's Up (2007)
|-supereffective|p2a: Surf's Up (2007)
|-damage|p2a: Surf's Up (2007)|0 fnt
|faint|p2a: Surf's Up (2007)
|
|-sideend|p2: Gulptubus|move: Light Screen
|upkeep
|
|t:|1759062358
|switch|p2a: OH YEAH!!! YEAH!!|Pincurchin, M|69/100
|-fieldstart|move: Electric Terrain|[from] ability: Electric Surge|[of] p2a: OH YEAH!!! YEAH!!
|turn|13
|
|t:|1759062362
|move|p1a: Weavile|Triple Axel|p2a: OH YEAH!!! YEAH!!
|-damage|p2a: OH YEAH!!! YEAH!!|58/100
|-damage|p2a: OH YEAH!!! YEAH!!|36/100
|-damage|p2a: OH YEAH!!! YEAH!!|1/100
|-hitcount|p2a: OH YEAH!!! YEAH!!|3
|move|p2a: OH YEAH!!! YEAH!!|Discharge|p1a: Weavile
|-damage|p1a: Weavile|59/100
|-status|p1a: Weavile|par
|
|upkeep
|turn|14
|
|t:|1759062371
|move|p1a: Weavile|Ice Shard|p2a: OH YEAH!!! YEAH!!
|-damage|p2a: OH YEAH!!! YEAH!!|0 fnt
|faint|p2a: OH YEAH!!! YEAH!!
|
|upkeep
|
|t:|1759062373
|switch|p2a: Iron Deficiency|Iron Hands, tera:Flying|64/100
|-activate|p2a: Iron Deficiency|ability: Quark Drive
|-start|p2a: Iron Deficiency|quarkdriveatk
|turn|15
|
|t:|1759062379
|move|p1a: Weavile|Triple Axel|p2a: Iron Deficiency
|-supereffective|p2a: Iron Deficiency
|-damage|p2a: Iron Deficiency|50/100
|-supereffective|p2a: Iron Deficiency
|-damage|p2a: Iron Deficiency|27/100
|-supereffective|p2a: Iron Deficiency
|-damage|p2a: Iron Deficiency|0 fnt
|faint|p2a: Iron Deficiency
|-end|p2a: Iron Deficiency|Quark Drive|[silent]
|-hitcount|p2: Iron Deficiency|3
|
|win|Quick-witopposite
|raw|Quick-witopposite's rating: 1437 &rarr; <strong>1456</strong><br />(+19 for winning)
|raw|Gulptubus's rating: 1422 &rarr; <strong>1403</strong><br />(-19 for losing)
|l|☆Gulptubus
|player|p2|
|l|☆Quick-witopposite
|player|p1|
