|j|☆LewBurn
|j|☆patz3r
|t:|1759050302
|gametype|singles
|player|p1|LewBurn|ghetsis-gen5bw|1162
|player|p2|patz3r|nate-pokestar3|1149
|gen|9
|tier|[Gen 9] OU
|rated|
|rule|HP Percentage Mod: HP is shown in percentages
|rule|Endless Battle Clause: Forcing endless battles is banned
|rule|Species Clause: Limit one of each Pokémon
|rule|OHKO Clause: OHKO moves are banned
|rule|Evasion Items Clause: Evasion items are banned
|rule|Evasion Moves Clause: Evasion moves are banned
|rule|Evasion Abilities Clause: Evasion abilities are banned
|rule|Sleep Moves Clause: Sleep-inducing moves are banned
|clearpoke
|poke|p1|Toedscruel, M|
|poke|p1|Dachsbun, F|
|poke|p1|Kilowattrel, F|
|poke|p1|Ceruledge, M|
|poke|p1|Quaquaval, M|
|poke|p1|Kingambit, M|
|poke|p2|Pelipper, F|
|poke|p2|Kingambit, F|
|poke|p2|Barraskewda, M|
|poke|p2|Manaphy|
|poke|p2|Iron Treads|
|poke|p2|Gliscor, M|
|teampreview
|inactive|Battle timer is ON: inactive players will automatically lose when time's up. (requested by LewBurn)
|c|☆patz3r|glhf
|
|t:|1759050308
|teamsize|p1|6
|teamsize|p2|6
|start
|switch|p1a: Toedscruel|Toedscruel, M|100/100
|switch|p2a: Gliscor|Gliscor, M|100/100
|turn|1
|
|t:|1759050322
|move|p2a: Gliscor|Knock Off|p1a: Toedscruel
|-damage|p1a: Toedscruel|72/100
|-enditem|p1a: Toedscruel|Leftovers|[from] move: Knock Off|[of] p2a: Gliscor
|move|p1a: Toedscruel|Stun Spore|p2a: Gliscor
|-status|p2a: Gliscor|par
|
|upkeep
|turn|2
|c|☆patz3r|;-;
|
|t:|1759050330
|move|p2a: Gliscor|Spikes|p1a: Toedscruel
|-sidestart|p1: LewBurn|Spikes
|move|p1a: Toedscruel|Spikes|p2a: Gliscor
|-sidestart|p2: patz3r|Spikes
|
|upkeep
|turn|3
|
|t:|1759050335
|move|p1a: Toedscruel|Rapid Spin|p2a: Gliscor
|-damage|p2a: Gliscor|95/100 par
|-boost|p1a: Toedscruel|spe|1
|-sideend|p1: LewBurn|Spikes|[from] move: Rapid Spin|[of] p1a: Toedscruel
|move|p2a: Gliscor|Taunt|p1a: Toedscruel
|-start|p1a: Toedscruel|move: Taunt
|
|upkeep
|turn|4
|
|t:|1759050342
|switch|p1a: Quaquaval|Quaquaval, M|100/100
|cant|p2a: Gliscor|par
|
|upkeep
|turn|5
|
|t:|1759050352
|cant|p2a: Gliscor|par
|move|p1a: Quaquaval|Aqua Step|p2a: Gliscor
|-supereffective|p2a: Gliscor
|-damage|p2a: Gliscor|44/100 par
|-boost|p1a: Quaquaval|spe|1
|
|upkeep
|turn|6
|
|t:|1759050358
|move|p1a: Quaquaval|Aqua Step|p2a: Gliscor
|-supereffective|p2a: Gliscor
|-damage|p2a: Gliscor|0 fnt
|-boost|p1a: Quaquaval|spe|1
|faint|p2a: Gliscor
|-ability|p1a: Quaquaval|Moxie|boost
|-boost|p1a: Quaquaval|atk|1
|
|upkeep
|
|t:|1759050361
|switch|p2a: Pelipper|Pelipper, F|100/100
|-weather|RainDance|[from] ability: Drizzle|[of] p2a: Pelipper
|turn|7
|
|t:|1759050367
|-terastallize|p1a: Quaquaval|Flying
|move|p1a: Quaquaval|Close Combat|p2a: Pelipper
|-resisted|p2a: Pelipper
|-damage|p2a: Pelipper|53/100
|-unboost|p1a: Quaquaval|def|1
|-unboost|p1a: Quaquaval|spd|1
|-enditem|p1a: Quaquaval|White Herb
|-clearnegativeboost|p1a: Quaquaval|[silent]
|move|p2a: Pelipper|Hurricane|p1a: Quaquaval
|-damage|p1a: Quaquaval|49/100
|
|-weather|RainDance|[upkeep]
|upkeep
|turn|8
|
|t:|1759050374
|move|p1a: Quaquaval|Acrobatics|p2a: Pelipper
|-damage|p2a: Pelipper|0 fnt
|faint|p2a: Pelipper
|-ability|p1a: Quaquaval|Moxie|boost
|-boost|p1a: Quaquaval|atk|1
|
|-weather|RainDance|[upkeep]
|upkeep
|
|t:|1759050378
|switch|p2a: Kingambit|Kingambit, F|100/100
|-damage|p2a: Kingambit|88/100|[from] Spikes
|-activate|p2a: Kingambit|ability: Supreme Overlord
|-start|p2a: Kingambit|fallen2|[silent]
|turn|9
|
|t:|1759050382
|move|p2a: Kingambit|Sucker Punch|p1a: Quaquaval
|-damage|p1a: Quaquaval|0 fnt
|faint|p1a: Quaquaval
|
|-weather|RainDance|[upkeep]
|-heal|p2a: Kingambit|94/100|[from] item: Leftovers
|upkeep
|
|t:|1759050384
|switch|p1a: Toedscruel|Toedscruel, M|72/100
|turn|10
|
|t:|1759050389
|-end|p2a: Kingambit|fallen2|[silent]
|switch|p2a: Manaphy|Manaphy|100/100
|-damage|p2a: Manaphy|88/100|[from] Spikes
|move|p1a: Toedscruel|Stun Spore|p2a: Manaphy|[miss]
|-miss|p1a: Toedscruel|p2a: Manaphy
|
|-weather|RainDance|[upkeep]
|-heal|p2a: Manaphy|94/100|[from] item: Leftovers
|upkeep
|turn|11
|
|t:|1759050399
|-terastallize|p2a: Manaphy|Grass
|move|p2a: Manaphy|Tail Glow|p2a: Manaphy
|-boost|p2a: Manaphy|spa|3
|move|p1a: Toedscruel|Stun Spore|p2a: Manaphy
|-immune|p2a: Manaphy
|
|-weather|RainDance|[upkeep]
|-heal|p2a: Manaphy|100/100|[from] item: Leftovers
|upkeep
|turn|12
|
|t:|1759050405
|switch|p1a: Kilowattrel|Kilowattrel, F|100/100
|move|p2a: Manaphy|Ice Beam|p1a: Kilowattrel
|-supereffective|p1a: Kilowattrel
|-damage|p1a: Kilowattrel|0 fnt
|faint|p1a: Kilowattrel
|
|-weather|RainDance|[upkeep]
|upkeep
|
|t:|1759050411
|switch|p1a: Kingambit|Kingambit, M, shiny|100/100
|-activate|p1a: Kingambit|ability: Supreme Overlord
|-start|p1a: Kingambit|fallen2|[silent]
|turn|13
|
|t:|1759050416
|move|p2a: Manaphy|Tail Glow|p2a: Manaphy
|-boost|p2a: Manaphy|spa|3
|move|p1a: Kingambit|Swords Dance|p1a: Kingambit
|-boost|p1a: Kingambit|atk|2
|
|-weather|RainDance|[upkeep]
|upkeep
|turn|14
|
|t:|1759050419
|move|p1a: Kingambit|Sucker Punch|p2a: Manaphy
|-damage|p2a: Manaphy|0 fnt
|faint|p2a: Manaphy
|
|-weather|none
|upkeep
|c|☆patz3r|oof
|
|t:|1759050423
|switch|p2a: Kingambit|Kingambit, F|94/100
|-damage|p2a: Kingambit|82/100|[from] Spikes
|-activate|p2a: Kingambit|ability: Supreme Overlord
|-start|p2a: Kingambit|fallen3|[silent]
|turn|15
|
|t:|1759050426
|move|p1a: Kingambit|Sucker Punch|p2a: Kingambit
|-resisted|p2a: Kingambit
|-damage|p2a: Kingambit|29/100
|move|p2a: Kingambit|Low Kick|p1a: Kingambit
|-supereffective|p1a: Kingambit
|-damage|p1a: Kingambit|0 fnt
|faint|p1a: Kingambit
|-end|p1a: Kingambit|fallen2|[silent]
|
|-heal|p2a: Kingambit|35/100|[from] item: Leftovers
|upkeep
|
|t:|1759050431
|switch|p1a: Toedscruel|Toedscruel, M|72/100
|turn|16
|
|t:|1759050438
|move|p2a: Kingambit|Swords Dance|p2a: Kingambit
|-boost|p2a: Kingambit|atk|2
|move|p1a: Toedscruel|Stun Spore|p2a: Kingambit
|-status|p2a: Kingambit|par
|
|-heal|p2a: Kingambit|41/100 par|[from] item: Leftovers
|upkeep
|turn|17
|
|t:|1759050442
|move|p2a: Kingambit|Sucker Punch||[still]
|-fail|p2a: Kingambit
|move|p1a: Toedscruel|Spikes|p2a: Kingambit
|-sidestart|p2: patz3r|Spikes
|
|-heal|p2a: Kingambit|47/100 par|[from] item: Leftovers
|upkeep
|turn|18
|
|t:|1759050446
|move|p2a: Kingambit|Kowtow Cleave|p1a: Toedscruel
|-damage|p1a: Toedscruel|0 fnt
|faint|p1a: Toedscruel
|
|-heal|p2a: Kingambit|54/100 par|[from] item: Leftovers
|upkeep
|
|t:|1759050450
|switch|p1a: Ceruledge|Ceruledge, M, shiny|100/100
|turn|19
|
|t:|1759050454
|cant|p2a: Kingambit|par
|move|p1a: Ceruledge|Swords Dance|p1a: Ceruledge
|-boost|p1a: Ceruledge|atk|2
|
|-heal|p2a: Kingambit|60/100 par|[from] item: Leftovers
|upkeep
|turn|20
|
|t:|1759050459
|cant|p2a: Kingambit|par
|move|p1a: Ceruledge|Bitter Blade|p2a: Kingambit
|-supereffective|p2a: Kingambit
|-damage|p2a: Kingambit|0 fnt
|faint|p2a: Kingambit
|-end|p2a: Kingambit|fallen3|[silent]
|
|upkeep
|c|☆patz3r|lmao
|c|☆patz3r|damn
|
|t:|1759050464
|switch|p2a: Barraskewda|Barraskewda, M|100/100
|-damage|p2a: Barraskewda|84/100|[from] Spikes
|turn|21
|
|t:|1759050471
|move|p2a: Barraskewda|Liquidation|p1a: Ceruledge
|-supereffective|p1a: Ceruledge
|-enditem|p1a: Ceruledge|Focus Sash
|-damage|p1a: Ceruledge|1/100
|-ability|p1a: Ceruledge|Weak Armor|boost
|-unboost|p1a: Ceruledge|def|1
|-boost|p1a: Ceruledge|spe|2
|move|p1a: Ceruledge|Shadow Claw|p2a: Barraskewda
|-damage|p2a: Barraskewda|0 fnt
|faint|p2a: Barraskewda
|
|upkeep
|
|t:|1759050477
|switch|p2a: Iron Treads|Iron Treads|100/100
|-damage|p2a: Iron Treads|84/100|[from] Spikes
|turn|22
|c|☆patz3r|gg
|
|t:|1759050484
|move|p1a: Ceruledge|Bitter Blade|p2a: Iron Treads
|-supereffective|p2a: Iron Treads
|-damage|p2a: Iron Treads|0 fnt
|-heal|p1a: Ceruledge|56/100|[from] drain|[of] p2a: Iron Treads
|faint|p2a: Iron Treads
|-end|p2a: Iron Treads|Quark Drive|[silent]
|
|win|LewBurn
|raw|LewBurn's rating: 1162 &rarr; <strong>1186</strong><br />(+24 for winning)
|raw|patz3r's rating: 1149 &rarr; <strong>1125</strong><br />(-24 for losing)
|l|☆patz3r
|player|p2|
|l|☆LewBurn
|player|p1|
