|j|☆Flapy106
|j|☆kickyaall
|t:|1758976591
|gametype|singles
|player|p1|Flapy106|102|1253
|player|p2|kickyaall|alder|1230
|gen|9
|tier|[Gen 9] OU
|rated|
|rule|HP Percentage Mod: HP is shown in percentages
|rule|Endless Battle Clause: Forcing endless battles is banned
|rule|Species Clause: Limit one of each Pokémon
|rule|OHKO Clause: OHKO moves are banned
|rule|Evasion Items Clause: Evasion items are banned
|rule|Evasion Moves Clause: Evasion moves are banned
|rule|Evasion Abilities Clause: Evasion abilities are banned
|rule|Sleep Moves Clause: Sleep-inducing moves are banned
|clearpoke
|poke|p1|Ninetales, F|
|poke|p1|Lilligant-Hisui, F|
|poke|p1|Heatran, F|
|poke|p1|Sandy Shocks|
|poke|p1|Great Tusk|
|poke|p1|Zapdos|
|poke|p2|Entei|
|poke|p2|Milotic, F|
|poke|p2|Ogerpon-Wellspring, F|
|poke|p2|Zapdos|
|poke|p2|Garchomp, M|
|poke|p2|Gengar, M|
|teampreview
|inactive|Battle timer is ON: inactive players will automatically lose when time's up. (requested by kickyaall)
|
|t:|1758976623
|teamsize|p1|6
|teamsize|p2|6
|start
|switch|p1a: Ninetales|Ninetales, F|100/100
|switch|p2a: Garchomp|Garchomp, M|100/100
|-weather|SunnyDay|[from] ability: Drought|[of] p1a: Ninetales
|turn|1
|
|t:|1758976633
|move|p2a: Garchomp|Stealth Rock|p1a: Ninetales
|-sidestart|p1: Flapy106|move: Stealth Rock
|move|p1a: Ninetales|Overheat|p2a: Garchomp
|-resisted|p2a: Garchomp
|-damage|p2a: Garchomp|66/100
|-unboost|p1a: Ninetales|spa|2
|-enditem|p1a: Ninetales|Eject Pack
|
|t:|1758976641
|switch|p1a: Great Tusk|Great Tusk|100/100
|-damage|p1a: Great Tusk|98/100|[from] Stealth Rock
|-activate|p1a: Great Tusk|ability: Protosynthesis
|-start|p1a: Great Tusk|protosynthesisatk
|
|-weather|SunnyDay|[upkeep]
|upkeep
|turn|2
|
|t:|1758976653
|move|p1a: Great Tusk|Ice Spinner|p2a: Garchomp
|-supereffective|p2a: Garchomp
|-damage|p2a: Garchomp|0 fnt
|-damage|p1a: Great Tusk|85/100|[from] ability: Rough Skin|[of] p2a: Garchomp
|-damage|p1a: Great Tusk|69/100|[from] item: Rocky Helmet|[of] p2a: Garchomp
|faint|p2a: Garchomp
|
|-weather|SunnyDay|[upkeep]
|upkeep
|
|t:|1758976668
|switch|p2a: Gengar|Gengar, M, shiny|100/100
|turn|3
|
|t:|1758976673
|-end|p1a: Great Tusk|Protosynthesis|[silent]
|switch|p1a: Ninetales|Ninetales, F|100/100
|-damage|p1a: Ninetales|76/100|[from] Stealth Rock
|move|p2a: Gengar|Psychic|p1a: Ninetales
|-damage|p1a: Ninetales|34/100
|
|-weather|SunnyDay|[upkeep]
|upkeep
|turn|4
|
|t:|1758976682
|move|p2a: Gengar|Psychic|p1a: Ninetales
|-crit|p1a: Ninetales
|-damage|p1a: Ninetales|0 fnt
|faint|p1a: Ninetales
|
|-weather|SunnyDay|[upkeep]
|upkeep
|
|t:|1758976691
|switch|p1a: Great Tusk|Great Tusk|69/100
|-damage|p1a: Great Tusk|66/100|[from] Stealth Rock
|-activate|p1a: Great Tusk|ability: Protosynthesis
|-start|p1a: Great Tusk|protosynthesisatk
|turn|5
|
|t:|1758976700
|move|p2a: Gengar|Psychic|p1a: Great Tusk
|-supereffective|p1a: Great Tusk
|-damage|p1a: Great Tusk|0 fnt
|faint|p1a: Great Tusk
|-end|p1a: Great Tusk|Protosynthesis|[silent]
|
|-weather|none
|upkeep
|
|t:|1758976706
|switch|p1a: Heatran|Heatran, F|100/100
|-damage|p1a: Heatran|88/100|[from] Stealth Rock
|turn|6
|
|t:|1758976718
|switch|p2a: Milotic|Milotic, F, shiny|100/100
|move|p1a: Heatran|Sunny Day|p1a: Heatran
|-weather|SunnyDay
|
|-weather|SunnyDay|[upkeep]
|-status|p2a: Milotic|brn|[from] item: Flame Orb
|upkeep
|turn|7
|
|t:|1758976730
|move|p1a: Heatran|Taunt|p2a: Milotic
|-start|p2a: Milotic|move: Taunt
|move|p2a: Milotic|Mirror Coat||[still]
|-fail|p2a: Milotic
|
|-weather|SunnyDay|[upkeep]
|-damage|p2a: Milotic|94/100 brn|[from] brn
|upkeep
|turn|8
|
|t:|1758976751
|switch|p2a: Ogerpon|Ogerpon-Wellspring, F|100/100
|move|p1a: Heatran|Magma Storm|p2a: Ogerpon
|-damage|p2a: Ogerpon|21/100
|-activate|p2a: Ogerpon|move: Magma Storm|[of] p1a: Heatran
|
|-weather|SunnyDay|[upkeep]
|-damage|p2a: Ogerpon|8/100|[from] move: Magma Storm|[partiallytrapped]
|upkeep
|turn|9
|
|t:|1758976767
|switch|p1a: Zapdos|Zapdos|100/100
|-ability|p1a: Zapdos|Pressure
|move|p2a: Ogerpon|Leech Seed|p1a: Zapdos
|-start|p1a: Zapdos|move: Leech Seed
|
|-weather|SunnyDay|[upkeep]
|-damage|p1a: Zapdos|88/100|[from] Leech Seed|[of] p2a: Ogerpon
|-heal|p2a: Ogerpon|24/100|[silent]
|-end|p2a: Ogerpon|Magma Storm|[partiallytrapped]|[silent]
|upkeep
|turn|10
|
|t:|1758976787
|move|p2a: Ogerpon|Knock Off|p1a: Zapdos
|-damage|p1a: Zapdos|50/100
|-enditem|p1a: Zapdos|Heavy-Duty Boots|[from] move: Knock Off|[of] p2a: Ogerpon
|move|p1a: Zapdos|Thunderbolt|p2a: Ogerpon
|-damage|p2a: Ogerpon|0 fnt
|faint|p2a: Ogerpon
|
|-weather|SunnyDay|[upkeep]
|upkeep
|inactive|kickyaall has 120 seconds left.
|
|t:|1758976806
|switch|p2a: Milotic|Milotic, F, shiny|94/100 brn
|turn|11
|inactive|kickyaall has 120 seconds left.
|
|t:|1758976814
|move|p1a: Zapdos|U-turn|p2a: Milotic
|-damage|p2a: Milotic|88/100 brn
|
|t:|1758976819
|switch|p1a: Sandy Shocks|Sandy Shocks|100/100|[from] U-turn
|-damage|p1a: Sandy Shocks|94/100|[from] Stealth Rock
|-activate|p1a: Sandy Shocks|ability: Protosynthesis
|-start|p1a: Sandy Shocks|protosynthesisspe
|move|p2a: Milotic|Mirror Coat||[still]
|-fail|p2a: Milotic
|
|-weather|SunnyDay|[upkeep]
|-damage|p2a: Milotic|81/100 brn|[from] brn
|upkeep
|turn|12
|
|t:|1758976831
|move|p1a: Sandy Shocks|Thunderbolt|p2a: Milotic
|-supereffective|p2a: Milotic
|-damage|p2a: Milotic|0 fnt
|faint|p2a: Milotic
|
|-weather|SunnyDay|[upkeep]
|upkeep
|
|t:|1758976838
|switch|p2a: Entei|Entei, shiny|100/100
|-ability|p2a: Entei|Pressure
|turn|13
|inactive|kickyaall has 120 seconds left.
|
|t:|1758976859
|-terastallize|p2a: Entei|Ground
|move|p1a: Sandy Shocks|Thunderbolt|p2a: Entei
|-immune|p2a: Entei
|move|p2a: Entei|Sacred Fire|p1a: Sandy Shocks
|-damage|p1a: Sandy Shocks|13/100
|-status|p1a: Sandy Shocks|brn
|
|-weather|none
|-end|p1a: Sandy Shocks|Protosynthesis
|-damage|p1a: Sandy Shocks|7/100 brn|[from] brn
|upkeep
|turn|14
|
|t:|1758976870
|-end|p1a: Sandy Shocks|Protosynthesis|[silent]
|switch|p1a: Zapdos|Zapdos|50/100
|-damage|p1a: Zapdos|26/100|[from] Stealth Rock
|-ability|p1a: Zapdos|Pressure
|move|p2a: Entei|Extreme Speed|p1a: Zapdos
|-damage|p1a: Zapdos|0 fnt
|faint|p1a: Zapdos
|
|upkeep
|
|t:|1758976884
|switch|p1a: Heatran|Heatran, F|88/100
|-damage|p1a: Heatran|76/100|[from] Stealth Rock
|turn|15
|inactive|kickyaall has 120 seconds left.
|
|t:|1758976923
|switch|p2a: Zapdos|Zapdos, shiny|100/100
|-ability|p2a: Zapdos|Pressure
|-terastallize|p1a: Heatran|Water
|move|p1a: Heatran|Sunny Day|p1a: Heatran
|-weather|SunnyDay
|
|-weather|SunnyDay|[upkeep]
|upkeep
|turn|16
|
|t:|1758976934
|move|p2a: Zapdos|Thunderbolt|p1a: Heatran
|-supereffective|p1a: Heatran
|-damage|p1a: Heatran|23/100
|-status|p1a: Heatran|par
|move|p1a: Heatran|Magma Storm|p2a: Zapdos
|-damage|p2a: Zapdos|24/100
|-activate|p2a: Zapdos|move: Magma Storm|[of] p1a: Heatran
|
|-weather|SunnyDay|[upkeep]
|-damage|p2a: Zapdos|12/100|[from] move: Magma Storm|[partiallytrapped]
|upkeep
|turn|17
|
|t:|1758976943
|move|p2a: Zapdos|Thunderbolt|p1a: Heatran
|-supereffective|p1a: Heatran
|-damage|p1a: Heatran|0 fnt
|faint|p1a: Heatran
|
|-weather|SunnyDay|[upkeep]
|-end|p2a: Zapdos|Magma Storm|[partiallytrapped]|[silent]
|upkeep
|
|t:|1758976949
|switch|p1a: Lilligant|Lilligant-Hisui, F, shiny|100/100
|-damage|p1a: Lilligant|94/100|[from] Stealth Rock
|turn|18
|inactive|kickyaall has 120 seconds left.
|
|t:|1758976956
|move|p1a: Lilligant|Victory Dance|p1a: Lilligant
|-boost|p1a: Lilligant|atk|1
|-boost|p1a: Lilligant|def|1
|-boost|p1a: Lilligant|spe|1
|move|p2a: Zapdos|Thunder Wave|p1a: Lilligant
|-status|p1a: Lilligant|par
|
|-weather|SunnyDay|[upkeep]
|upkeep
|turn|19
|
|t:|1758976964
|move|p1a: Lilligant|Victory Dance|p1a: Lilligant
|-boost|p1a: Lilligant|atk|1
|-boost|p1a: Lilligant|def|1
|-boost|p1a: Lilligant|spe|1
|move|p2a: Zapdos|Hurricane|p1a: Lilligant
|-supereffective|p1a: Lilligant
|-damage|p1a: Lilligant|0 fnt
|faint|p1a: Lilligant
|
|-weather|SunnyDay|[upkeep]
|upkeep
|
|t:|1758976976
|switch|p1a: Sandy Shocks|Sandy Shocks|7/100 brn
|-damage|p1a: Sandy Shocks|1/100 brn|[from] Stealth Rock
|-activate|p1a: Sandy Shocks|ability: Protosynthesis
|-start|p1a: Sandy Shocks|protosynthesisspe
|turn|20
|
|t:|1758976984
|switch|p2a: Entei|Entei, shiny, tera:Ground|100/100
|-ability|p2a: Entei|Pressure
|move|p1a: Sandy Shocks|Power Gem|p2a: Entei
|-resisted|p2a: Entei
|-damage|p2a: Entei|83/100
|
|-weather|SunnyDay|[upkeep]
|-heal|p2a: Entei|89/100|[from] item: Leftovers
|-damage|p1a: Sandy Shocks|0 fnt|[from] brn
|faint|p1a: Sandy Shocks
|-end|p1a: Sandy Shocks|Protosynthesis|[silent]
|
|win|kickyaall
|raw|Flapy106's rating: 1253 &rarr; <strong>1226</strong><br />(-27 for losing)
|raw|kickyaall's rating: 1230 &rarr; <strong>1257</strong><br />(+27 for winning)
|l|☆kickyaall
|player|p2|
|l|☆Flapy106
|player|p1|
