|j|☆Devn07
|j|☆yifeiwang789
|t:|1758965986
|gametype|singles
|player|p1|Devn07|169|1299
|player|p2|yifeiwang789|lucas|1351
|gen|9
|tier|[Gen 9] OU
|rated|
|rule|HP Percentage Mod: HP is shown in percentages
|rule|Endless Battle Clause: Forcing endless battles is banned
|rule|Species Clause: Limit one of each Pokémon
|rule|OHKO Clause: OHKO moves are banned
|rule|Evasion Items Clause: Evasion items are banned
|rule|Evasion Moves Clause: Evasion moves are banned
|rule|Evasion Abilities Clause: Evasion abilities are banned
|rule|Sleep Moves Clause: Sleep-inducing moves are banned
|clearpoke
|poke|p1|Pelipper, M|
|poke|p1|Barraskewda, F|
|poke|p1|Porygon-Z|
|poke|p1|Zapdos|
|poke|p1|Ogerpon-Wellspring, F|
|poke|p1|Garganacl, M|
|poke|p2|Ursaluna, F|
|poke|p2|Mimikyu, F|
|poke|p2|Cresselia, F|
|poke|p2|Enamorus-Therian, F|
|poke|p2|Hatterene, F|
|poke|p2|Hoopa-Unbound|
|teampreview
|
|t:|1758966037
|teamsize|p1|6
|teamsize|p2|6
|start
|switch|p1a: Ogerpon|Ogerpon-Wellspring, F|100/100
|switch|p2a: Enamorus|Enamorus-Therian, F|100/100
|turn|1
|
|t:|1758966048
|move|p1a: Ogerpon|Ivy Cudgel|p2a: Enamorus|[anim] Ivy Cudgel Water
|-crit|p2a: Enamorus
|-damage|p2a: Enamorus|27/100
|move|p2a: Enamorus|Moonblast|p1a: Ogerpon
|-damage|p1a: Ogerpon|7/100
|
|upkeep
|turn|2
|
|t:|1758966059
|switch|p2a: Cresselia|Cresselia, F|100/100
|move|p1a: Ogerpon|Ivy Cudgel|p2a: Cresselia|[anim] Ivy Cudgel Water
|-damage|p2a: Cresselia|71/100
|
|upkeep
|turn|3
|
|t:|1758966069
|move|p1a: Ogerpon|U-turn|p2a: Cresselia
|-supereffective|p2a: Cresselia
|-damage|p2a: Cresselia|40/100
|
|t:|1758966076
|switch|p1a: Garganacl|Garganacl, M|100/100|[from] U-turn
|move|p2a: Cresselia|Trick Room|p2a: Cresselia
|-fieldstart|move: Trick Room|[of] p2a: Cresselia
|
|upkeep
|turn|4
|inactive|Battle timer is ON: inactive players will automatically lose when time's up. (requested by Devn07)
|
|t:|1758966086
|move|p1a: Garganacl|Salt Cure|p2a: Cresselia
|-damage|p2a: Cresselia|33/100
|-start|p2a: Cresselia|Salt Cure
|move|p2a: Cresselia|Lunar Dance|p2a: Cresselia
|faint|p2a: Cresselia
|
|upkeep
|
|t:|1758966099
|switch|p2a: Enamorus|Enamorus-Therian, F|27/100
|-heal|p2a: Enamorus|100/100|[from] move: Lunar Dance
|turn|5
|
|t:|1758966124
|-terastallize|p2a: Enamorus|Fairy
|move|p2a: Enamorus|Moonblast|p1a: Garganacl
|-damage|p1a: Garganacl|1/100
|move|p1a: Garganacl|Salt Cure|p2a: Enamorus
|-damage|p2a: Enamorus|87/100
|-start|p2a: Enamorus|Salt Cure
|
|-heal|p1a: Garganacl|7/100|[from] item: Leftovers
|-damage|p2a: Enamorus|75/100|[from] Salt Cure
|upkeep
|turn|6
|
|t:|1758966136
|move|p1a: Garganacl|Protect|p1a: Garganacl
|-singleturn|p1a: Garganacl|Protect
|move|p2a: Enamorus|Moonblast|p1a: Garganacl
|-activate|p1a: Garganacl|move: Protect
|
|-heal|p1a: Garganacl|13/100|[from] item: Leftovers
|-damage|p2a: Enamorus|63/100|[from] Salt Cure
|upkeep
|turn|7
|inactive|Devn07 has 120 seconds left.
|
|t:|1758966168
|switch|p1a: Zapdos|Zapdos|100/100
|move|p2a: Enamorus|Moonblast|p1a: Zapdos
|-damage|p1a: Zapdos|0 fnt
|faint|p1a: Zapdos
|
|-damage|p2a: Enamorus|51/100|[from] Salt Cure
|-fieldend|move: Trick Room
|upkeep
|
|t:|1758966185
|switch|p1a: Pelipper|Pelipper, M|100/100
|-weather|RainDance|[from] ability: Drizzle|[of] p1a: Pelipper
|turn|8
|
|t:|1758966201
|switch|p2a: Mimikyu|Mimikyu, F|100/100
|move|p1a: Pelipper|Weather Ball|p2a: Mimikyu
|-activate|p2a: Mimikyu|ability: Disguise
|-damage|p2a: Mimikyu|100/100
|detailschange|p2a: Mimikyu|Mimikyu-Busted, F
|-damage|p2a: Mimikyu|88/100|[from] pokemon: Mimikyu-Busted
|-enditem|p2a: Mimikyu|Red Card|[of] p1a: Pelipper
|drag|p1a: Barraskewda|Barraskewda, F, shiny|100/100
|
|-weather|RainDance|[upkeep]
|upkeep
|turn|9
|
|t:|1758966216
|-terastallize|p1a: Barraskewda|Water
|move|p1a: Barraskewda|Liquidation|p2a: Mimikyu
|-damage|p2a: Mimikyu|0 fnt
|faint|p2a: Mimikyu
|
|-weather|RainDance|[upkeep]
|upkeep
|
|t:|1758966224
|switch|p2a: Hatterene|Hatterene, F|100/100
|turn|10
|
|t:|1758966228
|move|p1a: Barraskewda|Liquidation|p2a: Hatterene
|-enditem|p2a: Hatterene|Focus Sash
|-damage|p2a: Hatterene|1/100
|move|p2a: Hatterene|Trick Room|p2a: Hatterene
|-fieldstart|move: Trick Room|[of] p2a: Hatterene
|
|-weather|RainDance|[upkeep]
|upkeep
|turn|11
|inactive|Devn07 has 120 seconds left.
|
|t:|1758966251
|move|p2a: Hatterene|Healing Wish|p2a: Hatterene
|faint|p2a: Hatterene
|move|p1a: Barraskewda|Liquidation|p2: Hatterene|[notarget]
|-fail|p1a: Barraskewda
|
|-weather|RainDance|[upkeep]
|upkeep
|
|t:|1758966258
|switch|p2a: Enamorus|Enamorus-Therian, F, tera:Fairy|51/100
|-heal|p2a: Enamorus|100/100|[from] move: Healing Wish
|turn|12
|
|t:|1758966267
|switch|p1a: Garganacl|Garganacl, M|13/100
|move|p2a: Enamorus|Moonblast|p1a: Garganacl
|-damage|p1a: Garganacl|0 fnt
|faint|p1a: Garganacl
|
|-weather|RainDance|[upkeep]
|upkeep
|
|t:|1758966272
|switch|p1a: Ogerpon|Ogerpon-Wellspring, F|7/100
|turn|13
|
|t:|1758966278
|move|p2a: Enamorus|Moonblast|p1a: Ogerpon
|-damage|p1a: Ogerpon|0 fnt
|faint|p1a: Ogerpon
|
|-weather|RainDance|[upkeep]
|upkeep
|inactive|Devn07 has 120 seconds left.
|
|t:|1758966312
|switch|p1a: Porygon-Z|Porygon-Z|100/100
|-ability|p1a: Porygon-Z|Download|boost
|-boost|p1a: Porygon-Z|spa|1
|turn|14
|
|t:|1758966316
|move|p2a: Enamorus|Moonblast|p1a: Porygon-Z
|-damage|p1a: Porygon-Z|0 fnt
|faint|p1a: Porygon-Z
|
|-weather|RainDance|[upkeep]
|-fieldend|move: Trick Room
|upkeep
|inactive|Devn07 has 120 seconds left.
|
|t:|1758966340
|switch|p1a: Barraskewda|Barraskewda, F, shiny, tera:Water|100/100
|turn|15
|
|t:|1758966344
|move|p1a: Barraskewda|Liquidation|p2a: Enamorus
|-damage|p2a: Enamorus|0 fnt
|faint|p2a: Enamorus
|
|-weather|none
|upkeep
|
|t:|1758966353
|switch|p2a: Ursaluna|Ursaluna, F|100/100
|turn|16
|
|t:|1758966359
|move|p1a: Barraskewda|Liquidation|p2a: Ursaluna
|-supereffective|p2a: Ursaluna
|-damage|p2a: Ursaluna|0 fnt
|faint|p2a: Ursaluna
|
|upkeep
|
|t:|1758966365
|switch|p2a: Hoopa|Hoopa-Unbound|100/100
|turn|17
|
|t:|1758966370
|move|p1a: Barraskewda|Liquidation|p2a: Hoopa
|-damage|p2a: Hoopa|0 fnt
|faint|p2a: Hoopa
|
|win|Devn07
|raw|Devn07's rating: 1299 &rarr; <strong>1328</strong><br />(+29 for winning)
|raw|yifeiwang789's rating: 1351 &rarr; <strong>1328</strong><br />(-23 for losing)
|l|☆Devn07
|player|p1|
|l|☆yifeiwang789
|player|p2|
