|inactive|Battle timer is ON: inactive players will automatically lose when time's up.
|t:|1758965301
|gametype|singles
|player|p1|Javi|#wcop2023spain|
|player|p2|testosteroneisonpc|alder|
|gen|9
|tier|[Gen 9] OU
|rule|HP Percentage Mod: HP is shown in percentages
|rule|Endless Battle Clause: Forcing endless battles is banned
|rule|Species Clause: Limit one of each Pokémon
|rule|OHKO Clause: OHKO moves are banned
|rule|Evasion Items Clause: Evasion items are banned
|rule|Evasion Moves Clause: Evasion moves are banned
|rule|Evasion Abilities Clause: Evasion abilities are banned
|rule|Sleep Moves Clause: Sleep-inducing moves are banned
|clearpoke
|poke|p1|Kyurem|
|poke|p1|Tornadus-Therian, M|
|poke|p1|Gholdengo|
|poke|p1|Great Tusk|
|poke|p1|Samurott-Hisui, F|
|poke|p1|Zamazenta-*|
|poke|p2|Ursaluna, M|
|poke|p2|Meowscarada, F|
|poke|p2|Slowking-Galar, M|
|poke|p2|Great Tusk|
|poke|p2|Moltres|
|poke|p2|Gholdengo|
|teampreview
|inactive|testosteroneisonpc has 270 seconds left.
|c|☆testosteroneisonpc|hf
|inactive|testosteroneisonpc has 240 seconds left.
|
|t:|1758965379
|teamsize|p1|6
|teamsize|p2|6
|start
|switch|p1a: Tornadus|Tornadus-Therian, M|100/100
|switch|p2a: Meowscarada|Meowscarada, F|100/100
|turn|1
|inactive|testosteroneisonpc has 270 seconds left.
|inactive|Javi has 270 seconds left.
|
|t:|1758965413
|switch|p1a: Zamazenta|Zamazenta|100/100
|-ability|p1a: Zamazenta|Dauntless Shield|boost
|-boost|p1a: Zamazenta|def|1
|move|p2a: Meowscarada|U-turn|p1a: Zamazenta
|-resisted|p1a: Zamazenta
|-damage|p1a: Zamazenta|95/100
|inactive|testosteroneisonpc has 240 seconds left.
|
|t:|1758965443
|switch|p2a: Slowking|Slowking-Galar, M|100/100|[from] U-turn
|
|-heal|p1a: Zamazenta|100/100|[from] item: Leftovers
|upkeep
|turn|2
|
|t:|1758965451
|switch|p1a: Tornadus|Tornadus-Therian, M|100/100
|move|p2a: Slowking|Toxic Spikes|p1a: Tornadus
|-sidestart|p1: Javi|move: Toxic Spikes
|
|upkeep
|turn|3
|inactive|testosteroneisonpc has 240 seconds left.
|
|t:|1758965480
|move|p1a: Tornadus|Knock Off|p2a: Slowking
|-supereffective|p2a: Slowking
|-damage|p2a: Slowking|73/100
|-enditem|p2a: Slowking|Heavy-Duty Boots|[from] move: Knock Off|[of] p1a: Tornadus
|-prepare|p2a: Slowking|Chilly Reception|[premajor]
|move|p2a: Slowking|Chilly Reception|p2a: Slowking
|-weather|Snowscape
|
|t:|1758965482
|switch|p2a: Ursaluna|Ursaluna, M|100/100|[from] Chilly Reception
|
|-weather|Snowscape|[upkeep]
|upkeep
|turn|4
|inactive|testosteroneisonpc has 240 seconds left.
|
|t:|1758965494
|move|p1a: Tornadus|Knock Off|p2a: Ursaluna
|-damage|p2a: Ursaluna|86/100
|-enditem|p2a: Ursaluna|Leftovers|[from] move: Knock Off|[of] p1a: Tornadus
|move|p2a: Ursaluna|Ice Punch|p1a: Tornadus
|-supereffective|p1a: Tornadus
|-damage|p1a: Tornadus|50/100
|
|-weather|Snowscape|[upkeep]
|upkeep
|turn|5
|
|t:|1758965499
|move|p1a: Tornadus|U-turn|p2a: Ursaluna
|-damage|p2a: Ursaluna|76/100
|
|t:|1758965503
|switch|p1a: Gholdengo|Gholdengo|100/100|[from] U-turn
|-item|p1a: Gholdengo|Air Balloon
|move|p2a: Ursaluna|Earthquake|p1a: Gholdengo
|-immune|p1a: Gholdengo
|
|-weather|Snowscape|[upkeep]
|upkeep
|turn|6
|
|t:|1758965510
|move|p1a: Gholdengo|Make It Rain|p2a: Ursaluna
|-damage|p2a: Ursaluna|42/100
|-unboost|p1a: Gholdengo|spa|1
|move|p2a: Ursaluna|Ice Punch|p1a: Gholdengo
|-resisted|p1a: Gholdengo
|-damage|p1a: Gholdengo|92/100
|-enditem|p1a: Gholdengo|Air Balloon
|
|-weather|Snowscape|[upkeep]
|upkeep
|turn|7
|
|t:|1758965521
|switch|p1a: Great Tusk|Great Tusk|100/100
|move|p2a: Ursaluna|Ice Punch|p1a: Great Tusk
|-supereffective|p1a: Great Tusk
|-damage|p1a: Great Tusk|67/100
|
|-weather|none
|upkeep
|turn|8
|
|t:|1758965533
|switch|p2a: Moltres|Moltres|100/100
|move|p1a: Great Tusk|Stealth Rock|p2a: Moltres
|-sidestart|p2: testosteroneisonpc|move: Stealth Rock
|
|upkeep
|turn|9
|
|t:|1758965541
|-end|p1a: Great Tusk|Protosynthesis|[silent]
|switch|p1a: Tornadus|Tornadus-Therian, M|83/100
|move|p2a: Moltres|U-turn|p1a: Tornadus
|-resisted|p1a: Tornadus
|-damage|p1a: Tornadus|76/100
|inactive|testosteroneisonpc has 240 seconds left.
|
|t:|1758965569
|switch|p2a: Ursaluna|Ursaluna, M|42/100|[from] U-turn
|-damage|p2a: Ursaluna|36/100|[from] Stealth Rock
|
|upkeep
|turn|10
|
|t:|1758965575
|move|p1a: Tornadus|Bleakwind Storm|p2a: Ursaluna|[miss]
|-miss|p1a: Tornadus|p2a: Ursaluna
|move|p2a: Ursaluna|Ice Punch|p1a: Tornadus
|-supereffective|p1a: Tornadus
|-damage|p1a: Tornadus|20/100
|
|upkeep
|turn|11
|
|t:|1758965589
|move|p1a: Tornadus|U-turn|p2a: Ursaluna
|-damage|p2a: Ursaluna|25/100
|
|t:|1758965591
|switch|p1a: Great Tusk|Great Tusk|67/100|[from] U-turn
|move|p2a: Ursaluna|Ice Punch|p1a: Great Tusk
|-supereffective|p1a: Great Tusk
|-damage|p1a: Great Tusk|31/100
|
|upkeep
|turn|12
|
|t:|1758965606
|switch|p2a: Moltres|Moltres|100/100
|move|p1a: Great Tusk|Rapid Spin|p2a: Moltres
|-crit|p2a: Moltres
|-damage|p2a: Moltres|82/100
|-boost|p1a: Great Tusk|spe|1
|-sideend|p1: Javi|Toxic Spikes|[from] move: Rapid Spin|[of] p1a: Great Tusk
|
|upkeep
|turn|13
|
|t:|1758965623
|-end|p1a: Great Tusk|Protosynthesis|[silent]
|switch|p1a: Kyurem|Kyurem|100/100
|-ability|p1a: Kyurem|Pressure
|move|p2a: Moltres|Flamethrower|p1a: Kyurem
|-damage|p1a: Kyurem|63/100
|
|upkeep
|turn|14
|inactive|testosteroneisonpc has 240 seconds left.
|inactive|testosteroneisonpc has 210 seconds left.
|inactive|testosteroneisonpc has 180 seconds left.
|
|t:|1758965713
|switch|p2a: Ursaluna|Ursaluna, M|25/100
|-damage|p2a: Ursaluna|19/100|[from] Stealth Rock
|move|p1a: Kyurem|Ice Beam|p2a: Ursaluna
|-supereffective|p2a: Ursaluna
|-damage|p2a: Ursaluna|0 fnt
|faint|p2a: Ursaluna
|
|upkeep
|
|t:|1758965731
|switch|p2a: Gholdengo|Gholdengo|100/100
|-damage|p2a: Gholdengo|94/100|[from] Stealth Rock
|turn|15
|
|t:|1758965735
|switch|p1a: Samurott|Samurott-Hisui, F|100/100
|move|p2a: Gholdengo|Focus Blast|p1a: Samurott
|-supereffective|p1a: Samurott
|-crit|p1a: Samurott
|-damage|p1a: Samurott|2/100
|
|upkeep
|turn|16
|
|t:|1758965745
|switch|p2a: Great Tusk|Great Tusk|100/100
|-damage|p2a: Great Tusk|98/100|[from] Stealth Rock
|move|p1a: Samurott|Sucker Punch||[still]
|-fail|p1a: Samurott
|
|upkeep
|turn|17
|inactive|testosteroneisonpc has 180 seconds left.
|
|t:|1758965759
|switch|p1a: Gholdengo|Gholdengo|92/100
|move|p2a: Great Tusk|Rapid Spin|p1a: Gholdengo
|-immune|p1a: Gholdengo
|
|upkeep
|turn|18
|inactive|testosteroneisonpc has 180 seconds left.
|
|t:|1758965773
|-end|p2a: Great Tusk|Protosynthesis|[silent]
|switch|p2a: Moltres|Moltres|82/100
|move|p1a: Gholdengo|Make It Rain|p2a: Moltres
|-resisted|p2a: Moltres
|-damage|p2a: Moltres|54/100
|-unboost|p1a: Gholdengo|spa|1
|
|upkeep
|turn|19
|inactive|testosteroneisonpc has 180 seconds left.
|
|t:|1758965785
|switch|p1a: Tornadus|Tornadus-Therian, M|53/100
|move|p2a: Moltres|Roost|p2a: Moltres
|-heal|p2a: Moltres|100/100
|-singleturn|p2a: Moltres|move: Roost
|
|upkeep
|turn|20
|inactive|testosteroneisonpc has 180 seconds left.
|
|t:|1758965794
|move|p1a: Tornadus|U-turn|p2a: Moltres
|-resisted|p2a: Moltres
|-damage|p2a: Moltres|98/100
|-status|p1a: Tornadus|brn|[from] ability: Flame Body|[of] p2a: Moltres
|
|t:|1758965797
|switch|p1a: Kyurem|Kyurem|63/100|[from] U-turn
|-ability|p1a: Kyurem|Pressure
|move|p2a: Moltres|Flamethrower|p1a: Kyurem
|-damage|p1a: Kyurem|29/100
|-status|p1a: Kyurem|brn
|
|-damage|p1a: Kyurem|23/100 brn|[from] brn
|upkeep
|turn|21
|
|t:|1758965807
|switch|p2a: Gholdengo|Gholdengo|94/100
|-damage|p2a: Gholdengo|88/100|[from] Stealth Rock
|move|p1a: Kyurem|Ice Beam|p2a: Gholdengo
|-resisted|p2a: Gholdengo
|-damage|p2a: Gholdengo|47/100
|
|-damage|p1a: Kyurem|17/100 brn|[from] brn
|upkeep
|turn|22
|
|t:|1758965815
|move|p2a: Gholdengo|Shadow Ball|p1a: Kyurem
|-damage|p1a: Kyurem|0 fnt
|faint|p1a: Kyurem
|
|upkeep
|
|t:|1758965819
|switch|p1a: Samurott|Samurott-Hisui, F|2/100
|turn|23
|
|t:|1758965833
|switch|p2a: Meowscarada|Meowscarada, F|100/100
|move|p1a: Samurott|Flip Turn|p2a: Meowscarada
|-resisted|p2a: Meowscarada
|-damage|p2a: Meowscarada|81/100
|
|t:|1758965838
|switch|p1a: Zamazenta|Zamazenta|100/100|[from] Flip Turn
|
|upkeep
|turn|24
|inactive|testosteroneisonpc has 210 seconds left.
|
|t:|1758965854
|switch|p2a: Slowking|Slowking-Galar, M|100/100
|-damage|p2a: Slowking|88/100|[from] Stealth Rock
|move|p1a: Zamazenta|Iron Defense|p1a: Zamazenta
|-boost|p1a: Zamazenta|def|2
|
|upkeep
|turn|25
|
|t:|1758965867
|switch|p1a: Samurott|Samurott-Hisui, F|2/100
|-prepare|p2a: Slowking|Chilly Reception|[premajor]
|move|p2a: Slowking|Chilly Reception|p2a: Slowking
|-weather|Snowscape
|
|t:|1758965871
|switch|p2a: Great Tusk|Great Tusk|98/100|[from] Chilly Reception
|-damage|p2a: Great Tusk|95/100|[from] Stealth Rock
|
|-weather|Snowscape|[upkeep]
|upkeep
|turn|26
|
|t:|1758965875
|switch|p1a: Tornadus|Tornadus-Therian, M|86/100 brn
|move|p2a: Great Tusk|Rapid Spin|p1a: Tornadus
|-damage|p1a: Tornadus|67/100 brn
|-boost|p2a: Great Tusk|spe|1
|-sideend|p2: testosteroneisonpc|Stealth Rock|[from] move: Rapid Spin|[of] p2a: Great Tusk
|
|-weather|Snowscape|[upkeep]
|-damage|p1a: Tornadus|61/100 brn|[from] brn
|upkeep
|turn|27
|inactive|testosteroneisonpc has 210 seconds left.
|inactive|testosteroneisonpc has 180 seconds left.
|
|t:|1758965926
|-terastallize|p2a: Great Tusk|Fire
|move|p2a: Great Tusk|Temper Flare|p1a: Tornadus
|-damage|p1a: Tornadus|12/100 brn
|move|p1a: Tornadus|U-turn|p2a: Great Tusk
|-resisted|p2a: Great Tusk
|-damage|p2a: Great Tusk|92/100
|-damage|p1a: Tornadus|0 fnt|[from] item: Rocky Helmet|[of] p2a: Great Tusk
|faint|p1a: Tornadus
|
|-weather|Snowscape|[upkeep]
|upkeep
|c|☆Javi|gg
|
|t:|1758965936
|switch|p1a: Zamazenta|Zamazenta|100/100
|turn|28
|c|☆testosteroneisonpc|not over
|
|t:|1758965942
|move|p2a: Great Tusk|Stealth Rock|p1a: Zamazenta
|-sidestart|p1: Javi|move: Stealth Rock
|move|p1a: Zamazenta|Iron Defense|p1a: Zamazenta
|-boost|p1a: Zamazenta|def|2
|
|-weather|Snowscape|[upkeep]
|upkeep
|turn|29
|c|☆Javi|pretty much
|
|t:|1758965952
|-end|p2a: Great Tusk|Protosynthesis|[silent]
|switch|p2a: Moltres|Moltres|98/100
|move|p1a: Zamazenta|Iron Defense|p1a: Zamazenta
|-boost|p1a: Zamazenta|def|2
|
|-weather|none
|upkeep
|turn|30
|c|☆testosteroneisonpc|chokes can still be made
|
|t:|1758965963
|-terastallize|p1a: Zamazenta|Fire
|move|p1a: Zamazenta|Body Press|p2a: Moltres
|-resisted|p2a: Moltres
|-damage|p2a: Moltres|64/100
|move|p2a: Moltres|Roar|p1a: Zamazenta
|drag|p1a: Samurott|Samurott-Hisui, F|2/100
|-damage|p1a: Samurott|0 fnt|[from] Stealth Rock
|faint|p1a: Samurott
|
|upkeep
|c|☆Javi|yep over
|
|t:|1758965974
|switch|p1a: Gholdengo|Gholdengo|92/100
|-damage|p1a: Gholdengo|86/100|[from] Stealth Rock
|turn|31
|
|t:|1758965983
|move|p2a: Moltres|U-turn|p1a: Gholdengo
|-resisted|p1a: Gholdengo
|-damage|p1a: Gholdengo|84/100
|
|t:|1758965986
|switch|p2a: Meowscarada|Meowscarada, F|81/100|[from] U-turn
|move|p1a: Gholdengo|Thunder Wave|p2a: Meowscarada
|-status|p2a: Meowscarada|par
|
|upkeep
|turn|32
|
|t:|1758965993
|move|p1a: Gholdengo|Make It Rain|p2a: Meowscarada
|-damage|p2a: Meowscarada|0 fnt
|-unboost|p1a: Gholdengo|spa|1
|faint|p2a: Meowscarada
|
|upkeep
|inactive|testosteroneisonpc has 210 seconds left.
|
|t:|1758966003
|switch|p2a: Great Tusk|Great Tusk, tera:Fire|92/100
|turn|33
|
|t:|1758966012
|move|p2a: Great Tusk|Headlong Rush|p1a: Gholdengo
|-supereffective|p1a: Gholdengo
|-damage|p1a: Gholdengo|0 fnt
|-unboost|p2a: Great Tusk|def|1
|-unboost|p2a: Great Tusk|spd|1
|faint|p1a: Gholdengo
|
|upkeep
|
|t:|1758966015
|switch|p1a: Great Tusk|Great Tusk|31/100
|turn|34
|inactive|testosteroneisonpc has 210 seconds left.
|
|t:|1758966043
|-end|p2a: Great Tusk|Protosynthesis|[silent]
|switch|p2a: Moltres|Moltres|64/100
|move|p1a: Great Tusk|Stealth Rock|p2a: Moltres
|-sidestart|p2: testosteroneisonpc|move: Stealth Rock
|
|upkeep
|turn|35
|
|t:|1758966049
|move|p1a: Great Tusk|Rapid Spin|p2a: Moltres
|-damage|p2a: Moltres|52/100
|-boost|p1a: Great Tusk|spe|1
|-status|p1a: Great Tusk|brn|[from] ability: Flame Body|[of] p2a: Moltres
|-sideend|p1: Javi|Stealth Rock|[from] move: Rapid Spin|[of] p1a: Great Tusk
|move|p2a: Moltres|Flamethrower|p1a: Great Tusk
|-damage|p1a: Great Tusk|0 fnt
|faint|p1a: Great Tusk
|-end|p1a: Great Tusk|Protosynthesis|[silent]
|
|upkeep
|
|t:|1758966055
|switch|p1a: Zamazenta|Zamazenta, tera:Fire|100/100
|turn|36
|
|t:|1758966058
|move|p1a: Zamazenta|Iron Defense|p1a: Zamazenta
|-boost|p1a: Zamazenta|def|2
|move|p2a: Moltres|U-turn|p1a: Zamazenta
|-resisted|p1a: Zamazenta
|-damage|p1a: Zamazenta|98/100
|
|t:|1758966060
|switch|p2a: Gholdengo|Gholdengo|47/100|[from] U-turn
|-damage|p2a: Gholdengo|41/100|[from] Stealth Rock
|
|-heal|p1a: Zamazenta|100/100|[from] item: Leftovers
|upkeep
|turn|37
|
|t:|1758966062
|move|p2a: Gholdengo|Trick|p1a: Zamazenta
|-activate|p2a: Gholdengo|move: Trick|[of] p1a: Zamazenta
|-item|p1a: Zamazenta|Choice Scarf|[from] move: Trick
|-item|p2a: Gholdengo|Leftovers|[from] move: Trick
|move|p1a: Zamazenta|Crunch|p2a: Gholdengo
|-supereffective|p2a: Gholdengo
|-damage|p2a: Gholdengo|0 fnt
|faint|p2a: Gholdengo
|
|upkeep
|inactive|testosteroneisonpc has 240 seconds left.
|
|t:|1758966078
|switch|p2a: Slowking|Slowking-Galar, M|100/100
|-damage|p2a: Slowking|88/100|[from] Stealth Rock
|turn|38
|inactive|testosteroneisonpc has 240 seconds left.
|
|t:|1758966084
|move|p1a: Zamazenta|Crunch|p2a: Slowking
|-supereffective|p2a: Slowking
|-damage|p2a: Slowking|56/100
|move|p2a: Slowking|Sludge Bomb|p1a: Zamazenta
|-damage|p1a: Zamazenta|73/100
|
|upkeep
|turn|39
|
|t:|1758966092
|move|p1a: Zamazenta|Crunch|p2a: Slowking
|-supereffective|p2a: Slowking
|-damage|p2a: Slowking|27/100
|-unboost|p2a: Slowking|def|1
|move|p2a: Slowking|Sludge Bomb|p1a: Zamazenta
|-damage|p1a: Zamazenta|45/100
|-status|p1a: Zamazenta|psn
|
|-damage|p1a: Zamazenta|33/100 psn|[from] psn
|upkeep
|turn|40
|
|t:|1758966098
|switch|p2a: Moltres|Moltres|52/100
|move|p1a: Zamazenta|Crunch|p2a: Moltres
|-damage|p2a: Moltres|38/100
|
|-damage|p1a: Zamazenta|21/100 psn|[from] psn
|upkeep
|turn|41
|-message|Javi forfeited.
|
|win|testosteroneisonpc
|player|p1|
|c|☆testosteroneisonpc|gg
