|j|☆leesley
|j|☆frostcrush
|t:|1758938202
|gametype|singles
|player|p1|leesley|maid|1109
|player|p2|frostcrush|265|1120
|gen|9
|tier|[Gen 9] OU
|rated|
|rule|HP Percentage Mod: HP is shown in percentages
|rule|Endless Battle Clause: Forcing endless battles is banned
|rule|Species Clause: Limit one of each Pokémon
|rule|OHKO Clause: OHKO moves are banned
|rule|Evasion Items Clause: Evasion items are banned
|rule|Evasion Moves Clause: Evasion moves are banned
|rule|Evasion Abilities Clause: Evasion abilities are banned
|rule|Sleep Moves Clause: Sleep-inducing moves are banned
|clearpoke
|poke|p1|Tinkaton, F|
|poke|p1|Great Tusk|
|poke|p1|Dragapult, M|
|poke|p1|Meowscarada, M|
|poke|p1|Primarina, M|
|poke|p1|Garganacl, M|
|poke|p2|Glimmora, M|
|poke|p2|Ogerpon-Wellspring, F|
|poke|p2|Haxorus, M|
|poke|p2|Great Tusk|
|poke|p2|Skeledirge, M|
|poke|p2|Ribombee, M|
|teampreview
|inactive|Battle timer is ON: inactive players will automatically lose when time's up. (requested by leesley)
|
|t:|1758938212
|teamsize|p1|6
|teamsize|p2|6
|start
|switch|p1a: Tinkaton|Tinkaton, F|100/100
|switch|p2a: Glimmora|Glimmora, M|100/100
|-item|p1a: Tinkaton|Air Balloon
|turn|1
|
|t:|1758938216
|move|p1a: Tinkaton|Gigaton Hammer|p2a: Glimmora
|-supereffective|p2a: Glimmora
|-damage|p2a: Glimmora|3/100
|move|p2a: Glimmora|Toxic|p1a: Tinkaton
|-status|p1a: Tinkaton|tox
|
|-damage|p1a: Tinkaton|94/100 tox|[from] psn
|upkeep
|turn|2
|
|t:|1758938226
|switch|p1a: Great Tusk|Great Tusk|100/100
|switch|p2a: Ogerpon|Ogerpon-Wellspring, F|100/100
|
|upkeep
|turn|3
|
|t:|1758938239
|-end|p1a: Great Tusk|Protosynthesis|[silent]
|switch|p1a: Dragapult|Dragapult, M|100/100
|move|p2a: Ogerpon|Ivy Cudgel|p1a: Dragapult|[anim] Ivy Cudgel Water
|-resisted|p1a: Dragapult
|-damage|p1a: Dragapult|57/100
|
|upkeep
|turn|4
|
|t:|1758938251
|switch|p2a: Glimmora|Glimmora, M|3/100
|move|p1a: Dragapult|U-turn|p2a: Glimmora
|-resisted|p2a: Glimmora
|-damage|p2a: Glimmora|0 fnt
|faint|p2a: Glimmora
|
|t:|1758938264
|switch|p1a: Garganacl|Garganacl, M|100/100|[from] U-turn
|
|upkeep
|
|t:|1758938275
|switch|p2a: Great Tusk|Great Tusk|100/100
|turn|5
|
|t:|1758938286
|switch|p1a: Primarina|Primarina, M|100/100
|move|p2a: Great Tusk|Rapid Spin|p1a: Primarina
|-damage|p1a: Primarina|78/100
|-boost|p2a: Great Tusk|spe|1
|
|upkeep
|turn|6
|
|t:|1758938292
|move|p2a: Great Tusk|Supercell Slam|p1a: Primarina
|-supereffective|p1a: Primarina
|-damage|p1a: Primarina|0 fnt
|faint|p1a: Primarina
|
|upkeep
|
|t:|1758938302
|switch|p1a: Meowscarada|Meowscarada, M|100/100
|turn|7
|
|t:|1758938310
|-terastallize|p2a: Great Tusk|Ice
|-terastallize|p1a: Meowscarada|Grass
|move|p2a: Great Tusk|Ice Spinner|p1a: Meowscarada
|-supereffective|p1a: Meowscarada
|-damage|p1a: Meowscarada|0 fnt
|faint|p1a: Meowscarada
|
|upkeep
|
|t:|1758938320
|switch|p1a: Dragapult|Dragapult, M|57/100
|turn|8
|
|t:|1758938325
|move|p2a: Great Tusk|Ice Spinner|p1a: Dragapult
|-supereffective|p1a: Dragapult
|-damage|p1a: Dragapult|0 fnt
|faint|p1a: Dragapult
|
|upkeep
|-message|leesley forfeited.
|
|win|frostcrush
|raw|leesley's rating: 1109 &rarr; <strong>1085</strong><br />(-24 for losing)
|raw|frostcrush's rating: 1120 &rarr; <strong>1144</strong><br />(+24 for winning)
|l|☆leesley
|player|p1|
