|j|☆noob_2_bad
|j|☆AmpharosKid17
|t:|1758990112
|gametype|singles
|player|p1|noob_2_bad|miku-ghost|1190
|player|p2|AmpharosKid17|102|1127
|gen|9
|tier|[Gen 9] OU
|rated|
|rule|HP Percentage Mod: HP is shown in percentages
|rule|Endless Battle Clause: Forcing endless battles is banned
|rule|Species Clause: Limit one of each Pokémon
|rule|OHKO Clause: OHKO moves are banned
|rule|Evasion Items Clause: Evasion items are banned
|rule|Evasion Moves Clause: Evasion moves are banned
|rule|Evasion Abilities Clause: Evasion abilities are banned
|rule|Sleep Moves Clause: Sleep-inducing moves are banned
|clearpoke
|poke|p1|Moltres|
|poke|p1|Zamazenta-*|
|poke|p1|Darkrai|
|poke|p1|Hydrapple, M|
|poke|p1|Ting-Lu|
|poke|p1|Tinkaton, F|
|poke|p2|Klefki, F|
|poke|p2|Incineroar, F|
|poke|p2|Sudowoodo, L1, M|
|poke|p2|Amoonguss, F|
|poke|p2|Cramorant, M|
|poke|p2|Ditto|
|teampreview
|inactive|Battle timer is ON: inactive players will automatically lose when time's up. (requested by AmpharosKid17)
|
|t:|1758990128
|teamsize|p1|6
|teamsize|p2|6
|start
|switch|p1a: Ting-Lu|Ting-Lu|100/100
|switch|p2a: Just a Tree|Sudowoodo, L1, M, shiny|100/100
|-ability|p1a: Ting-Lu|Vessel of Ruin
|turn|1
|inactive|noob_2_bad has 120 seconds left.
|
|t:|1758990163
|move|p2a: Just a Tree|Protect|p2a: Just a Tree
|-singleturn|p2a: Just a Tree|Protect
|move|p1a: Ting-Lu|Spikes|p2a: Just a Tree
|-sidestart|p2: AmpharosKid17|Spikes
|
|upkeep
|turn|2
|
|t:|1758990171
|move|p2a: Just a Tree|Endeavor|p1a: Ting-Lu
|-damage|p1a: Ting-Lu|3/100
|move|p1a: Ting-Lu|Whirlwind|p2a: Just a Tree
|drag|p2a: Big Gulper|Cramorant, M, shiny|100/100
|
|-heal|p1a: Ting-Lu|9/100|[from] item: Leftovers
|upkeep
|turn|3
|inactive|noob_2_bad has 120 seconds left.
|
|t:|1758990187
|move|p2a: Big Gulper|Whirlpool|p1a: Ting-Lu
|-supereffective|p1a: Ting-Lu
|-damage|p1a: Ting-Lu|0 fnt
|faint|p1a: Ting-Lu
|
|upkeep
|
|t:|1758990190
|switch|p1a: Darkrai|Darkrai, shiny|100/100
|turn|4
|
|t:|1758990201
|move|p1a: Darkrai|Dark Pulse|p2a: Big Gulper
|-damage|p2a: Big Gulper|68/100
|move|p2a: Big Gulper|Defog|p1a: Darkrai
|-unboost|p1a: Darkrai|evasion|1
|-sideend|p2: AmpharosKid17|Spikes|[from] move: Defog|[of] p2a: Big Gulper
|
|-heal|p2a: Big Gulper|74/100|[from] item: Leftovers
|upkeep
|turn|5
|
|t:|1758990209
|move|p1a: Darkrai|Dark Pulse|p2a: Big Gulper
|-damage|p2a: Big Gulper|41/100
|move|p2a: Big Gulper|Whirlpool|p1a: Darkrai
|-damage|p1a: Darkrai|87/100
|-activate|p1a: Darkrai|move: Whirlpool|[of] p2a: Big Gulper
|
|-heal|p2a: Big Gulper|47/100|[from] item: Leftovers
|-damage|p1a: Darkrai|74/100|[from] move: Whirlpool|[partiallytrapped]
|upkeep
|turn|6
|
|t:|1758990216
|move|p1a: Darkrai|Dark Pulse|p2a: Big Gulper
|-damage|p2a: Big Gulper|16/100
|move|p2a: Big Gulper|Roost|p2a: Big Gulper
|-heal|p2a: Big Gulper|66/100
|-singleturn|p2a: Big Gulper|move: Roost
|
|-heal|p2a: Big Gulper|72/100|[from] item: Leftovers
|-damage|p1a: Darkrai|62/100|[from] move: Whirlpool|[partiallytrapped]
|upkeep
|turn|7
|
|t:|1758990225
|move|p1a: Darkrai|Dark Pulse|p2a: Big Gulper
|-damage|p2a: Big Gulper|39/100
|move|p2a: Big Gulper|Roost|p2a: Big Gulper
|-heal|p2a: Big Gulper|89/100
|-singleturn|p2a: Big Gulper|move: Roost
|
|-heal|p2a: Big Gulper|95/100|[from] item: Leftovers
|-damage|p1a: Darkrai|49/100|[from] move: Whirlpool|[partiallytrapped]
|upkeep
|turn|8
|
|t:|1758990239
|move|p1a: Darkrai|Dark Pulse|p2a: Big Gulper
|-damage|p2a: Big Gulper|65/100
|move|p2a: Big Gulper|Dive||[still]
|-formechange|p2a: Big Gulper|Cramorant-Gulping|
|-prepare|p2a: Big Gulper|Dive
|
|-heal|p2a: Big Gulper|71/100|[from] item: Leftovers
|-damage|p1a: Darkrai|37/100|[from] move: Whirlpool|[partiallytrapped]
|upkeep
|turn|9
|
|t:|1758990252
|move|p1a: Darkrai|Sludge Bomb|p2a: Big Gulper|[miss]
|-miss|p1a: Darkrai|p2a: Big Gulper
|move|p2a: Big Gulper|Dive|p1a: Darkrai|[from] lockedmove
|-damage|p1a: Darkrai|10/100
|
|-heal|p2a: Big Gulper|77/100|[from] item: Leftovers
|-end|p1a: Darkrai|Whirlpool|[partiallytrapped]
|upkeep
|turn|10
|
|t:|1758990259
|move|p1a: Darkrai|Knock Off|p2a: Big Gulper
|-damage|p2a: Big Gulper|30/100
|-damage|p1a: Darkrai|0 fnt|[from] ability: Gulp Missile|[of] p2a: Big Gulper
|-formechange|p2a: Big Gulper|Cramorant|
|faint|p1a: Darkrai
|move|p2a: Big Gulper|Whirlpool|p1: Darkrai|[notarget]
|-fail|p2a: Big Gulper
|
|-heal|p2a: Big Gulper|36/100|[from] item: Leftovers
|upkeep
|
|t:|1758990269
|switch|p1a: Tinkaton|Tinkaton, F|100/100
|-ability|p1a: Tinkaton|Mold Breaker
|-item|p1a: Tinkaton|Air Balloon
|turn|11
|
|t:|1758990275
|move|p1a: Tinkaton|Thunder Wave|p2a: Big Gulper
|-status|p2a: Big Gulper|par
|cant|p2a: Big Gulper|par
|
|-heal|p2a: Big Gulper|42/100 par|[from] item: Leftovers
|upkeep
|turn|12
|
|t:|1758990299
|move|p1a: Tinkaton|Stealth Rock|p2a: Big Gulper
|-sidestart|p2: AmpharosKid17|move: Stealth Rock
|move|p2a: Big Gulper|Whirlpool|p1a: Tinkaton
|-crit|p1a: Tinkaton
|-damage|p1a: Tinkaton|86/100
|-activate|p1a: Tinkaton|move: Whirlpool|[of] p2a: Big Gulper
|-enditem|p1a: Tinkaton|Air Balloon
|
|-heal|p2a: Big Gulper|48/100 par|[from] item: Leftovers
|-damage|p1a: Tinkaton|74/100|[from] move: Whirlpool|[partiallytrapped]
|upkeep
|turn|13
|
|t:|1758990306
|move|p1a: Tinkaton|Encore|p2a: Big Gulper
|-start|p2a: Big Gulper|Encore
|move|p2a: Big Gulper|Whirlpool|p1a: Tinkaton
|-damage|p1a: Tinkaton|65/100
|
|-heal|p2a: Big Gulper|54/100 par|[from] item: Leftovers
|-damage|p1a: Tinkaton|53/100|[from] move: Whirlpool|[partiallytrapped]
|upkeep
|turn|14
|
|t:|1758990312
|move|p1a: Tinkaton|Gigaton Hammer|p2a: Big Gulper
|-resisted|p2a: Big Gulper
|-damage|p2a: Big Gulper|16/100 par
|move|p2a: Big Gulper|Whirlpool|p1a: Tinkaton
|-damage|p1a: Tinkaton|43/100
|
|-heal|p2a: Big Gulper|22/100 par|[from] item: Leftovers
|-damage|p1a: Tinkaton|30/100|[from] move: Whirlpool|[partiallytrapped]
|upkeep
|turn|15
|
|t:|1758990322
|move|p1a: Tinkaton|Encore||[still]
|-fail|p1a: Tinkaton
|move|p2a: Big Gulper|Whirlpool|p1a: Tinkaton
|-damage|p1a: Tinkaton|21/100
|
|-heal|p2a: Big Gulper|28/100 par|[from] item: Leftovers
|-damage|p1a: Tinkaton|9/100|[from] move: Whirlpool|[partiallytrapped]
|-end|p2a: Big Gulper|Encore
|upkeep
|turn|16
|
|t:|1758990331
|move|p1a: Tinkaton|Gigaton Hammer|p2a: Big Gulper
|-resisted|p2a: Big Gulper
|-damage|p2a: Big Gulper|0 fnt
|faint|p2a: Big Gulper
|
|-end|p1a: Tinkaton|Whirlpool|[partiallytrapped]
|upkeep
|
|t:|1758990335
|switch|p2a: Frosted Flakes|Incineroar, F, shiny|100/100
|-ability|p2a: Frosted Flakes|Intimidate|boost
|-unboost|p1a: Tinkaton|atk|1
|turn|17
|
|t:|1758990338
|move|p2a: Frosted Flakes|Fake Out|p1a: Tinkaton
|-resisted|p1a: Tinkaton
|-damage|p1a: Tinkaton|1/100
|cant|p1a: Tinkaton|flinch
|
|upkeep
|turn|18
|
|t:|1758990343
|move|p1a: Tinkaton|Thunder Wave|p2a: Frosted Flakes
|-status|p2a: Frosted Flakes|par
|move|p2a: Frosted Flakes|Knock Off|p1a: Tinkaton
|-resisted|p1a: Tinkaton
|-damage|p1a: Tinkaton|0 fnt
|faint|p1a: Tinkaton
|
|upkeep
|
|t:|1758990350
|switch|p1a: Moltres|Moltres|100/100
|turn|19
|
|t:|1758990359
|move|p2a: Frosted Flakes|Knock Off|p1a: Moltres
|-damage|p1a: Moltres|67/100
|-enditem|p1a: Moltres|Heavy-Duty Boots|[from] move: Knock Off|[of] p2a: Frosted Flakes
|move|p1a: Moltres|Roar|p2a: Frosted Flakes
|drag|p2a: Just a Tree|Sudowoodo, L1, M, shiny|100/100
|-damage|p2a: Just a Tree|92/100|[from] Stealth Rock
|
|upkeep
|turn|20
|
|t:|1758990368
|move|p1a: Moltres|Flamethrower|p2a: Just a Tree
|-resisted|p2a: Just a Tree
|-damage|p2a: Just a Tree|0 fnt
|faint|p2a: Just a Tree
|
|upkeep
|
|t:|1758990373
|switch|p2a: Frosted Flakes|Incineroar, F, shiny|100/100 par
|-ability|p2a: Frosted Flakes|Intimidate|boost
|-unboost|p1a: Moltres|atk|1
|turn|21
|
|t:|1758990377
|move|p2a: Frosted Flakes|Fake Out|p1a: Moltres
|-damage|p1a: Moltres|57/100
|cant|p1a: Moltres|flinch
|
|upkeep
|turn|22
|
|t:|1758990390
|switch|p1a: Zamazenta|Zamazenta|100/100
|-ability|p1a: Zamazenta|Dauntless Shield|boost
|-boost|p1a: Zamazenta|def|1
|move|p2a: Frosted Flakes|Knock Off|p1a: Zamazenta
|-resisted|p1a: Zamazenta
|-damage|p1a: Zamazenta|84/100
|-enditem|p1a: Zamazenta|Heavy-Duty Boots|[from] move: Knock Off|[of] p2a: Frosted Flakes
|
|upkeep
|turn|23
|
|t:|1758990398
|move|p1a: Zamazenta|Close Combat|p2a: Frosted Flakes
|-supereffective|p2a: Frosted Flakes
|-damage|p2a: Frosted Flakes|0 fnt
|-unboost|p1a: Zamazenta|def|1
|-unboost|p1a: Zamazenta|spd|1
|faint|p2a: Frosted Flakes
|
|upkeep
|
|t:|1758990403
|switch|p2a: Ditto|Ditto|100/100
|-damage|p2a: Ditto|88/100|[from] Stealth Rock
|-transform|p2a: Ditto|p1a: Zamazenta|[from] ability: Imposter
|-ability|p2a: Ditto|Dauntless Shield|boost
|-boost|p2a: Ditto|def|1
|turn|24
|
|t:|1758990412
|switch|p1a: Moltres|Moltres|57/100
|move|p2a: Ditto|Close Combat|p1a: Moltres
|-resisted|p1a: Moltres
|-damage|p1a: Moltres|37/100
|-unboost|p2a: Ditto|def|1
|-unboost|p2a: Ditto|spd|1
|
|upkeep
|turn|25
|
|t:|1758990422
|switch|p2a: The Key|Klefki, F, shiny|100/100
|-damage|p2a: The Key|95/100|[from] Stealth Rock
|move|p1a: Moltres|Roost|p1a: Moltres
|-heal|p1a: Moltres|87/100
|-singleturn|p1a: Moltres|move: Roost
|
|-heal|p2a: The Key|100/100|[from] item: Leftovers
|upkeep
|turn|26
|
|t:|1758990429
|move|p2a: The Key|Calm Mind|p2a: The Key
|-boost|p2a: The Key|spa|1
|-boost|p2a: The Key|spd|1
|move|p1a: Moltres|Flamethrower|p2a: The Key
|-supereffective|p2a: The Key
|-damage|p2a: The Key|42/100
|
|-heal|p2a: The Key|48/100|[from] item: Leftovers
|upkeep
|turn|27
|
|t:|1758990436
|move|p2a: The Key|Calm Mind|p2a: The Key
|-boost|p2a: The Key|spa|1
|-boost|p2a: The Key|spd|1
|move|p1a: Moltres|Flamethrower|p2a: The Key
|-supereffective|p2a: The Key
|-damage|p2a: The Key|1/100
|
|-heal|p2a: The Key|7/100|[from] item: Leftovers
|upkeep
|turn|28
|
|t:|1758990443
|move|p1a: Moltres|Flamethrower|p2a: The Key
|-supereffective|p2a: The Key
|-damage|p2a: The Key|0 fnt
|faint|p2a: The Key
|
|upkeep
|
|t:|1758990446
|switch|p2a: Ditto|Ditto|88/100
|-damage|p2a: Ditto|76/100|[from] Stealth Rock
|-transform|p2a: Ditto|p1a: Moltres|[from] ability: Imposter
|turn|29
|
|t:|1758990455
|move|p2a: Ditto|Flamethrower|p1a: Moltres
|-resisted|p1a: Moltres
|-damage|p1a: Moltres|68/100
|move|p1a: Moltres|Roar|p2a: Ditto
|drag|p2a: Fun Guy|Amoonguss, F, shiny|100/100
|-damage|p2a: Fun Guy|88/100|[from] Stealth Rock
|
|upkeep
|turn|30
|
|t:|1758990463
|-terastallize|p2a: Fun Guy|Fire
|move|p1a: Moltres|Flamethrower|p2a: Fun Guy
|-resisted|p2a: Fun Guy
|-damage|p2a: Fun Guy|72/100
|move|p2a: Fun Guy|Sludge Bomb|p1a: Moltres
|-damage|p1a: Moltres|15/100
|-damage|p2a: Fun Guy|62/100|[from] item: Life Orb
|
|upkeep
|turn|31
|
|t:|1758990473
|move|p1a: Moltres|Roost|p1a: Moltres
|-heal|p1a: Moltres|65/100
|-singleturn|p1a: Moltres|move: Roost
|move|p2a: Fun Guy|Sludge Bomb|p1a: Moltres
|-damage|p1a: Moltres|16/100
|-damage|p2a: Fun Guy|52/100|[from] item: Life Orb
|
|upkeep
|turn|32
|
|t:|1758990481
|move|p1a: Moltres|Roost|p1a: Moltres
|-heal|p1a: Moltres|66/100
|-singleturn|p1a: Moltres|move: Roost
|move|p2a: Fun Guy|Sludge Bomb|p1a: Moltres
|-damage|p1a: Moltres|13/100
|-status|p1a: Moltres|psn
|-damage|p2a: Fun Guy|42/100|[from] item: Life Orb
|
|-damage|p1a: Moltres|1/100 psn|[from] psn
|upkeep
|turn|33
|
|t:|1758990490
|move|p1a: Moltres|Roost|p1a: Moltres
|-heal|p1a: Moltres|51/100 psn
|-singleturn|p1a: Moltres|move: Roost
|move|p2a: Fun Guy|Sludge Bomb|p1a: Moltres
|-damage|p1a: Moltres|0 fnt
|faint|p1a: Moltres
|-damage|p2a: Fun Guy|32/100|[from] item: Life Orb
|
|upkeep
|
|t:|1758990499
|switch|p1a: Hydrapple|Hydrapple, M|100/100
|turn|34
|
|t:|1758990502
|move|p1a: Hydrapple|Nasty Plot|p1a: Hydrapple
|-boost|p1a: Hydrapple|spa|2
|move|p2a: Fun Guy|Sludge Bomb|p1a: Hydrapple
|-supereffective|p1a: Hydrapple
|-damage|p1a: Hydrapple|0 fnt
|faint|p1a: Hydrapple
|-damage|p2a: Fun Guy|22/100|[from] item: Life Orb
|
|upkeep
|
|t:|1758990504
|switch|p1a: Zamazenta|Zamazenta|84/100
|turn|35
|
|t:|1758990511
|move|p1a: Zamazenta|Stone Edge|p2a: Fun Guy
|-supereffective|p2a: Fun Guy
|-damage|p2a: Fun Guy|0 fnt
|faint|p2a: Fun Guy
|
|upkeep
|
|t:|1758990513
|switch|p2a: Ditto|Ditto|76/100
|-damage|p2a: Ditto|63/100|[from] Stealth Rock
|-transform|p2a: Ditto|p1a: Zamazenta|[from] ability: Imposter
|turn|36
|
|t:|1758990519
|-terastallize|p1a: Zamazenta|Fire
|move|p2a: Ditto|Close Combat|p1a: Zamazenta
|-damage|p1a: Zamazenta|25/100
|-unboost|p2a: Ditto|def|1
|-unboost|p2a: Ditto|spd|1
|move|p1a: Zamazenta|Close Combat|p2a: Ditto
|-damage|p2a: Ditto|0 fnt
|-unboost|p1a: Zamazenta|def|1
|-unboost|p1a: Zamazenta|spd|1
|faint|p2a: Ditto
|
|win|noob_2_bad
|raw|noob_2_bad's rating: 1190 &rarr; <strong>1211</strong><br />(+21 for winning)
|raw|AmpharosKid17's rating: 1127 &rarr; <strong>1106</strong><br />(-21 for losing)
|l|☆AmpharosKid17
|player|p2|
|l|☆noob_2_bad
|player|p1|
