|j|☆Dinorex007
|j|☆Team BBIO 38
|t:|1758919537
|gametype|singles
|player|p1|Dinorex007|nate|1351
|player|p2|Team BBIO 38|dragontamer|1292
|gen|9
|tier|[Gen 9] OU
|rated|
|rule|HP Percentage Mod: HP is shown in percentages
|rule|Endless Battle Clause: Forcing endless battles is banned
|rule|Species Clause: Limit one of each Pokémon
|rule|OHKO Clause: OHKO moves are banned
|rule|Evasion Items Clause: Evasion items are banned
|rule|Evasion Moves Clause: Evasion moves are banned
|rule|Evasion Abilities Clause: Evasion abilities are banned
|rule|Sleep Moves Clause: Sleep-inducing moves are banned
|clearpoke
|poke|p1|Enamorus, F|
|poke|p1|Scizor, M|
|poke|p1|Zapdos|
|poke|p1|Ceruledge, M|
|poke|p1|Rillaboom, M|
|poke|p1|Keldeo-Resolute|
|poke|p2|Dusclops, M|
|poke|p2|Blissey, F|
|poke|p2|Flamigo, M|
|poke|p2|Latias, F|
|poke|p2|Darkrai|
|poke|p2|Rotom|
|teampreview
|inactive|Battle timer is ON: inactive players will automatically lose when time's up. (requested by Team BBIO 38)
|inactive|Dinorex007 also wants the timer to be on.
|
|t:|1758919553
|teamsize|p1|6
|teamsize|p2|6
|start
|switch|p1a: Keldeo|Keldeo-Resolute|100/100
|switch|p2a: Rotom|Rotom|100/100
|turn|1
|
|t:|1758919559
|move|p2a: Rotom|Thunderbolt|p1a: Keldeo
|-supereffective|p1a: Keldeo
|-damage|p1a: Keldeo|6/100
|-status|p1a: Keldeo|par
|move|p1a: Keldeo|Calm Mind|p1a: Keldeo
|-boost|p1a: Keldeo|spa|1
|-boost|p1a: Keldeo|spd|1
|
|upkeep
|turn|2
|
|t:|1758919566
|move|p2a: Rotom|Thunderbolt|p1a: Keldeo
|-supereffective|p1a: Keldeo
|-damage|p1a: Keldeo|0 fnt
|faint|p1a: Keldeo
|
|upkeep
|
|t:|1758919574
|switch|p1a: Rillaboom|Rillaboom, M, shiny|100/100
|-fieldstart|move: Grassy Terrain|[from] ability: Grassy Surge|[of] p1a: Rillaboom
|turn|3
|
|t:|1758919578
|switch|p2a: Dusclops|Dusclops, M|100/100
|-item|p1a: Rillaboom|Choice Band|[from] ability: Frisk|[of] p2a: Dusclops
|move|p1a: Rillaboom|U-turn|p2a: Dusclops
|-resisted|p2a: Dusclops
|-damage|p2a: Dusclops|92/100
|
|t:|1758919585
|switch|p1a: Ceruledge|Ceruledge, M|100/100|[from] U-turn
|
|-heal|p2a: Dusclops|98/100|[from] Grassy Terrain
|upkeep
|turn|4
|
|t:|1758919590
|move|p1a: Ceruledge|Swords Dance|p1a: Ceruledge
|-boost|p1a: Ceruledge|atk|2
|move|p2a: Dusclops|Night Shade|p1a: Ceruledge
|-damage|p1a: Ceruledge|66/100
|
|-heal|p1a: Ceruledge|72/100|[from] Grassy Terrain
|-heal|p2a: Dusclops|100/100|[from] Grassy Terrain
|upkeep
|turn|5
|
|t:|1758919598
|move|p1a: Ceruledge|Swords Dance|p1a: Ceruledge
|-boost|p1a: Ceruledge|atk|2
|move|p2a: Dusclops|Night Shade|p1a: Ceruledge
|-damage|p1a: Ceruledge|38/100
|
|-heal|p1a: Ceruledge|44/100|[from] Grassy Terrain
|upkeep
|turn|6
|
|t:|1758919605
|move|p1a: Ceruledge|Bitter Blade|p2a: Dusclops
|-damage|p2a: Dusclops|37/100
|-heal|p1a: Ceruledge|75/100|[from] drain|[of] p2a: Dusclops
|move|p2a: Dusclops|Haze|p2a: Dusclops
|-clearallboost
|
|-heal|p1a: Ceruledge|81/100|[from] Grassy Terrain
|-heal|p2a: Dusclops|43/100|[from] Grassy Terrain
|upkeep
|turn|7
|
|t:|1758919614
|move|p1a: Ceruledge|Swords Dance|p1a: Ceruledge
|-boost|p1a: Ceruledge|atk|2
|move|p2a: Dusclops|Pain Split|p1a: Ceruledge
|-sethp|p1a: Ceruledge|62/100|[from] move: Pain Split|[silent]
|-sethp|p2a: Dusclops|63/100|[from] move: Pain Split
|
|-heal|p1a: Ceruledge|68/100|[from] Grassy Terrain
|-heal|p2a: Dusclops|69/100|[from] Grassy Terrain
|-fieldend|move: Grassy Terrain
|upkeep
|turn|8
|
|t:|1758919631
|-terastallize|p2a: Dusclops|Water
|move|p1a: Ceruledge|Poltergeist|p2a: Dusclops
|-activate|p2a: Dusclops|move: Poltergeist|Eviolite
|-damage|p2a: Dusclops|12/100
|move|p2a: Dusclops|Night Shade|p1a: Ceruledge
|-damage|p1a: Ceruledge|33/100
|
|upkeep
|turn|9
|
|t:|1758919640
|move|p1a: Ceruledge|Poltergeist|p2a: Dusclops
|-activate|p2a: Dusclops|move: Poltergeist|Eviolite
|-damage|p2a: Dusclops|0 fnt
|faint|p2a: Dusclops
|
|upkeep
|
|t:|1758919645
|switch|p2a: Darkrai|Darkrai|100/100
|turn|10
|
|t:|1758919648
|move|p1a: Ceruledge|Shadow Sneak|p2a: Darkrai
|-resisted|p2a: Darkrai
|-damage|p2a: Darkrai|72/100
|move|p2a: Darkrai|Dark Pulse|p1a: Ceruledge
|-supereffective|p1a: Ceruledge
|-damage|p1a: Ceruledge|0 fnt
|faint|p1a: Ceruledge
|
|upkeep
|
|t:|1758919655
|switch|p1a: Scizor|Scizor, M|100/100
|turn|11
|
|t:|1758919659
|move|p2a: Darkrai|Dark Pulse|p1a: Scizor
|-damage|p1a: Scizor|15/100
|move|p1a: Scizor|Swords Dance|p1a: Scizor
|-boost|p1a: Scizor|atk|2
|
|upkeep
|turn|12
|
|t:|1758919665
|move|p1a: Scizor|Bullet Punch|p2a: Darkrai
|-damage|p2a: Darkrai|0 fnt
|faint|p2a: Darkrai
|-damage|p1a: Scizor|5/100|[from] item: Life Orb
|
|upkeep
|
|t:|1758919670
|switch|p2a: Flamigo|Flamigo, M|100/100
|turn|13
|
|t:|1758919673
|move|p2a: Flamigo|Upper Hand|p1a: Scizor
|-damage|p1a: Scizor|0 fnt
|faint|p1a: Scizor
|
|upkeep
|
|t:|1758919678
|switch|p1a: Zapdos|Zapdos|100/100
|turn|14
|
|t:|1758919681
|switch|p2a: Blissey|Blissey, F|100/100
|move|p1a: Zapdos|Volt Switch|p2a: Blissey
|-damage|p2a: Blissey|83/100
|
|t:|1758919688
|switch|p1a: Rillaboom|Rillaboom, M, shiny|100/100|[from] Volt Switch
|-fieldstart|move: Grassy Terrain|[from] ability: Grassy Surge|[of] p1a: Rillaboom
|
|-heal|p2a: Blissey|89/100|[from] Grassy Terrain
|-heal|p2a: Blissey|95/100|[from] item: Leftovers
|upkeep
|turn|15
|
|t:|1758919696
|-terastallize|p1a: Rillaboom|Grass
|move|p1a: Rillaboom|Wood Hammer|p2a: Blissey
|-damage|p2a: Blissey|0 fnt
|faint|p2a: Blissey
|-damage|p1a: Rillaboom|37/100|[from] Recoil
|
|-heal|p1a: Rillaboom|43/100|[from] Grassy Terrain
|upkeep
|
|t:|1758919706
|switch|p2a: Flamigo|Flamigo, M|100/100
|turn|16
|
|t:|1758919711
|move|p2a: Flamigo|Brave Bird|p1a: Rillaboom
|-supereffective|p1a: Rillaboom
|-damage|p1a: Rillaboom|0 fnt
|faint|p1a: Rillaboom
|-damage|p2a: Flamigo|85/100|[from] Recoil
|
|upkeep
|
|t:|1758919719
|switch|p1a: Zapdos|Zapdos|100/100
|turn|17
|
|t:|1758919723
|switch|p2a: Rotom|Rotom|100/100
|move|p1a: Zapdos|Volt Switch|p2a: Rotom
|-resisted|p2a: Rotom
|-damage|p2a: Rotom|54/100
|
|t:|1758919729
|switch|p1a: Enamorus|Enamorus, F|100/100|[from] Volt Switch
|
|upkeep
|turn|18
|
|t:|1758919733
|move|p1a: Enamorus|Moonblast|p2a: Rotom
|-damage|p2a: Rotom|0 fnt
|faint|p2a: Rotom
|
|-fieldend|move: Grassy Terrain
|upkeep
|
|t:|1758919738
|switch|p2a: Alaric|Latias, F|100/100
|turn|19
|
|t:|1758919743
|move|p1a: Enamorus|Moonblast|p2a: Alaric
|-supereffective|p2a: Alaric
|-damage|p2a: Alaric|0 fnt
|faint|p2a: Alaric
|
|upkeep
|
|t:|1758919747
|switch|p2a: Flamigo|Flamigo, M|85/100
|turn|20
|
|t:|1758919750
|move|p1a: Enamorus|Moonblast|p2a: Flamigo
|-supereffective|p2a: Flamigo
|-damage|p2a: Flamigo|0 fnt
|faint|p2a: Flamigo
|
|win|Dinorex007
|raw|Dinorex007's rating: 1351 &rarr; <strong>1368</strong><br />(+17 for winning)
|raw|Team BBIO 38's rating: 1292 &rarr; <strong>1271</strong><br />(-21 for losing)
|l|☆Team BBIO 38
|player|p2|
|l|☆Dinorex007
|player|p1|
