|j|☆Loving mother
|j|☆netinxash
|t:|1759005214
|gametype|singles
|player|p1|Loving mother|erika|1204
|player|p2|netinxash|alder|1214
|gen|9
|tier|[Gen 9] OU
|rated|
|rule|HP Percentage Mod: HP is shown in percentages
|rule|Endless Battle Clause: Forcing endless battles is banned
|rule|Species Clause: Limit one of each Pokémon
|rule|OHKO Clause: OHKO moves are banned
|rule|Evasion Items Clause: Evasion items are banned
|rule|Evasion Moves Clause: Evasion moves are banned
|rule|Evasion Abilities Clause: Evasion abilities are banned
|rule|Sleep Moves Clause: Sleep-inducing moves are banned
|clearpoke
|poke|p1|Kyurem|
|poke|p1|Brambleghast, M|
|poke|p1|Hoopa-Unbound|
|poke|p1|Fezandipiti, M|
|poke|p1|Shiftry, F|
|poke|p1|Whimsicott, F|
|poke|p2|Incineroar, F|
|poke|p2|Porygon2|
|poke|p2|Ursaluna, M|
|poke|p2|Corviknight, M|
|poke|p2|Hoopa-Unbound|
|poke|p2|Zapdos|
|teampreview
|inactive|Battle timer is ON: inactive players will automatically lose when time's up. (requested by netinxash)
|
|t:|1759005224
|teamsize|p1|6
|teamsize|p2|6
|start
|switch|p1a: Shiftry|Shiftry, F, shiny|100/100
|switch|p2a: Porygon2|Porygon2|100/100
|-ability|p2a: Porygon2|Download|boost
|-boost|p2a: Porygon2|spa|1
|turn|1
|
|t:|1759005233
|move|p1a: Shiftry|Fake Out|p2a: Porygon2
|-damage|p2a: Porygon2|94/100
|cant|p2a: Porygon2|flinch
|
|upkeep
|turn|2
|
|t:|1759005239
|move|p1a: Shiftry|Tailwind|p1a: Shiftry
|-sidestart|p1: Loving mother|move: Tailwind
|-ability|p1a: Shiftry|Wind Rider|boost
|-boost|p1a: Shiftry|atk|1
|move|p2a: Porygon2|Ice Beam|p1a: Shiftry
|-supereffective|p1a: Shiftry
|-damage|p1a: Shiftry|2/100
|
|upkeep
|turn|3
|
|t:|1759005246
|move|p1a: Shiftry|Knock Off|p2a: Porygon2
|-crit|p2a: Porygon2
|-damage|p2a: Porygon2|49/100
|-enditem|p2a: Porygon2|Eviolite|[from] move: Knock Off|[of] p1a: Shiftry
|move|p2a: Porygon2|Tri Attack|p1a: Shiftry
|-damage|p1a: Shiftry|0 fnt
|faint|p1a: Shiftry
|
|upkeep
|
|t:|1759005275
|switch|p1a: Kyurem|Kyurem|100/100
|-ability|p1a: Kyurem|Pressure
|turn|4
|
|t:|1759005290
|-terastallize|p1a: Kyurem|Ice
|move|p1a: Kyurem|Ice Beam|p2a: Porygon2
|-damage|p2a: Porygon2|0 fnt
|faint|p2a: Porygon2
|
|upkeep
|
|t:|1759005295
|switch|p2a: Hoopa|Hoopa-Unbound|100/100
|turn|5
|j| ExplosionExplosion
|
|t:|1759005306
|move|p1a: Kyurem|Ice Beam|p2a: Hoopa
|-crit|p2a: Hoopa
|-damage|p2a: Hoopa|2/100
|move|p2a: Hoopa|Trick Room|p2a: Hoopa
|-fieldstart|move: Trick Room|[of] p2a: Hoopa
|
|-heal|p2a: Hoopa|8/100|[from] item: Leftovers
|-sideend|p1: Loving mother|move: Tailwind
|upkeep
|turn|6
|
|t:|1759005315
|switch|p1a: Fezandipiti|Fezandipiti, M|100/100
|move|p2a: Hoopa|Destiny Bond|p2a: Hoopa
|-singlemove|p2a: Hoopa|Destiny Bond
|
|-heal|p2a: Hoopa|14/100|[from] item: Leftovers
|upkeep
|turn|7
|
|t:|1759005324
|move|p2a: Hoopa|Psychic|p1a: Fezandipiti
|-supereffective|p1a: Fezandipiti
|-damage|p1a: Fezandipiti|34/100
|move|p1a: Fezandipiti|Taunt|p2a: Hoopa
|-start|p2a: Hoopa|move: Taunt
|
|-heal|p2a: Hoopa|20/100|[from] item: Leftovers
|-heal|p1a: Fezandipiti|40/100|[from] item: Black Sludge
|upkeep
|turn|8
|
|t:|1759005334
|switch|p1a: Hoopa|Hoopa-Unbound|100/100
|move|p2a: Hoopa|Psychic|p1a: Hoopa
|-immune|p1a: Hoopa
|
|-heal|p2a: Hoopa|26/100|[from] item: Leftovers
|upkeep
|turn|9
|
|t:|1759005345
|switch|p1a: Fezandipiti|Fezandipiti, M|40/100
|move|p2a: Hoopa|Dark Pulse|p1a: Fezandipiti
|-resisted|p1a: Fezandipiti
|-damage|p1a: Fezandipiti|24/100
|
|-heal|p2a: Hoopa|32/100|[from] item: Leftovers
|-heal|p1a: Fezandipiti|30/100|[from] item: Black Sludge
|-fieldend|move: Trick Room
|upkeep
|turn|10
|
|t:|1759005357
|move|p1a: Fezandipiti|Tailwind|p1a: Fezandipiti
|-sidestart|p1: Loving mother|move: Tailwind
|move|p2a: Hoopa|Psychic|p1a: Fezandipiti
|-supereffective|p1a: Fezandipiti
|-damage|p1a: Fezandipiti|0 fnt
|faint|p1a: Fezandipiti
|
|-heal|p2a: Hoopa|38/100|[from] item: Leftovers
|-end|p2a: Hoopa|move: Taunt
|upkeep
|
|t:|1759005368
|switch|p1a: Kyurem|Kyurem, tera:Ice|100/100
|-ability|p1a: Kyurem|Pressure
|turn|11
|
|t:|1759005382
|move|p1a: Kyurem|Ice Beam|p2a: Hoopa
|-damage|p2a: Hoopa|0 fnt
|faint|p2a: Hoopa
|
|upkeep
|
|t:|1759005384
|switch|p2a: Incineroar|Incineroar, F|100/100
|-ability|p2a: Incineroar|Intimidate|boost
|-unboost|p1a: Kyurem|atk|1
|turn|12
|
|t:|1759005393
|switch|p1a: Brambleghast|Brambleghast, M|100/100
|-ability|p1a: Brambleghast|Wind Rider|boost
|-boost|p1a: Brambleghast|atk|1
|move|p2a: Incineroar|Fake Out|p1a: Brambleghast
|-immune|p1a: Brambleghast
|
|upkeep
|turn|13
|
|t:|1759005404
|move|p1a: Brambleghast|Poltergeist|p2a: Incineroar
|-activate|p2a: Incineroar|move: Poltergeist|Leftovers
|-resisted|p2a: Incineroar
|-damage|p2a: Incineroar|68/100
|move|p2a: Incineroar|Will-O-Wisp|p1a: Brambleghast
|-status|p1a: Brambleghast|brn
|
|-heal|p2a: Incineroar|74/100|[from] item: Leftovers
|-damage|p1a: Brambleghast|95/100 brn|[from] brn
|-sideend|p1: Loving mother|move: Tailwind
|upkeep
|turn|14
|
|t:|1759005420
|move|p1a: Brambleghast|Poltergeist|p2a: Incineroar|[miss]
|-miss|p1a: Brambleghast|p2a: Incineroar
|move|p2a: Incineroar|Knock Off|p1a: Brambleghast
|-supereffective|p1a: Brambleghast
|-damage|p1a: Brambleghast|0 fnt
|-enditem|p1a: Brambleghast|Spooky Plate|[from] move: Knock Off|[of] p2a: Incineroar
|faint|p1a: Brambleghast
|
|-heal|p2a: Incineroar|80/100|[from] item: Leftovers
|upkeep
|
|t:|1759005433
|switch|p1a: Whimsicott|Whimsicott, F|100/100
|turn|15
|
|t:|1759005444
|switch|p2a: Corviknight|Corviknight, M|100/100
|-ability|p2a: Corviknight|Pressure
|move|p1a: Whimsicott|Tailwind|p1a: Whimsicott
|-sidestart|p1: Loving mother|move: Tailwind
|
|upkeep
|turn|16
|
|t:|1759005455
|switch|p1a: Hoopa|Hoopa-Unbound|100/100
|move|p2a: Corviknight|Brave Bird|p1a: Hoopa
|-damage|p1a: Hoopa|41/100
|-damage|p2a: Corviknight|86/100|[from] Recoil
|
|-heal|p2a: Corviknight|92/100|[from] item: Leftovers
|upkeep
|turn|17
|
|t:|1759005468
|move|p1a: Hoopa|Dark Pulse|p2a: Corviknight
|-damage|p2a: Corviknight|6/100
|move|p2a: Corviknight|U-turn|p1a: Hoopa
|-supereffective|p1a: Hoopa
|-damage|p1a: Hoopa|0 fnt
|faint|p1a: Hoopa
|
|t:|1759005475
|switch|p2a: Zapdos|Zapdos|100/100|[from] U-turn
|
|upkeep
|
|t:|1759005487
|switch|p1a: Kyurem|Kyurem, tera:Ice|100/100
|-ability|p1a: Kyurem|Pressure
|turn|18
|
|t:|1759005497
|move|p1a: Kyurem|Ice Beam|p2a: Zapdos
|-supereffective|p2a: Zapdos
|-damage|p2a: Zapdos|0 fnt
|faint|p2a: Zapdos
|
|-sideend|p1: Loving mother|move: Tailwind
|upkeep
|
|t:|1759005501
|switch|p2a: Incineroar|Incineroar, F|80/100
|-ability|p2a: Incineroar|Intimidate|boost
|-unboost|p1a: Kyurem|atk|1
|turn|19
|
|t:|1759005510
|move|p1a: Kyurem|Ice Beam|p2a: Incineroar
|-resisted|p2a: Incineroar
|-damage|p2a: Incineroar|32/100
|move|p2a: Incineroar|Knock Off|p1a: Kyurem
|-damage|p1a: Kyurem|63/100
|-enditem|p1a: Kyurem|Choice Specs|[from] move: Knock Off|[of] p2a: Incineroar
|
|-heal|p2a: Incineroar|38/100|[from] item: Leftovers
|upkeep
|turn|20
|
|t:|1759005524
|move|p1a: Kyurem|Earth Power|p2a: Incineroar
|-supereffective|p2a: Incineroar
|-damage|p2a: Incineroar|0 fnt
|faint|p2a: Incineroar
|
|upkeep
|
|t:|1759005531
|switch|p2a: Ursaluna|Ursaluna, M|100/100
|turn|21
|
|t:|1759005536
|-terastallize|p2a: Ursaluna|Normal
|move|p1a: Kyurem|Ice Beam|p2a: Ursaluna
|-damage|p2a: Ursaluna|41/100
|move|p2a: Ursaluna|Facade|p1a: Kyurem
|-damage|p1a: Kyurem|12/100
|
|-status|p2a: Ursaluna|brn|[from] item: Flame Orb
|upkeep
|turn|22
|
|t:|1759005548
|move|p1a: Kyurem|Ice Beam|p2a: Ursaluna
|-damage|p2a: Ursaluna|0 fnt
|faint|p2a: Ursaluna
|
|upkeep
|
|t:|1759005552
|switch|p2a: Corviknight|Corviknight, M|6/100
|-ability|p2a: Corviknight|Pressure
|turn|23
|-message|netinxash forfeited.
|
|win|Loving mother
|raw|Loving mother's rating: 1204 &rarr; <strong>1230</strong><br />(+26 for winning)
|raw|netinxash's rating: 1214 &rarr; <strong>1188</strong><br />(-26 for losing)
|l|☆netinxash
|player|p2|
|l|☆Loving mother
|player|p1|
|l| ExplosionExplosion
