|j|☆PokePro551
|j|☆medicant
|t:|1758948440
|gametype|singles
|player|p1|PokePro551|giovanni-gen1rb|1507
|player|p2|medicant|workerice|1532
|gen|9
|tier|[Gen 9] OU
|rated|
|rule|HP Percentage Mod: HP is shown in percentages
|rule|Endless Battle Clause: Forcing endless battles is banned
|rule|Species Clause: Limit one of each Pokémon
|rule|OHKO Clause: OHKO moves are banned
|rule|Evasion Items Clause: Evasion items are banned
|rule|Evasion Moves Clause: Evasion moves are banned
|rule|Evasion Abilities Clause: Evasion abilities are banned
|rule|Sleep Moves Clause: Sleep-inducing moves are banned
|clearpoke
|poke|p1|Dondozo, F|
|poke|p1|Blissey, F|
|poke|p1|Corviknight, F|
|poke|p1|Toxapex, M|
|poke|p1|Gliscor, F|
|poke|p1|Weezing-Galar, F|
|poke|p2|Tyranitar, M|
|poke|p2|Excadrill, F|
|poke|p2|Kingambit, F|
|poke|p2|Garchomp, M|
|poke|p2|Pecharunt|
|poke|p2|Rotom-Wash|
|teampreview
|
|t:|1758948451
|teamsize|p1|6
|teamsize|p2|6
|start
|switch|p1a: Weezing|Weezing-Galar, F|100/100
|switch|p2a: Tyranitar|Tyranitar, M|100/100
|-ability|p1a: Weezing|Neutralizing Gas
|turn|1
|
|t:|1758948461
|move|p1a: Weezing|Will-O-Wisp|p2a: Tyranitar
|-status|p2a: Tyranitar|brn
|move|p2a: Tyranitar|Stealth Rock|p1a: Weezing
|-sidestart|p1: PokePro551|move: Stealth Rock
|
|-damage|p2a: Tyranitar|94/100 brn|[from] brn
|upkeep
|turn|2
|
|t:|1758948467
|move|p1a: Weezing|Defog|p2a: Tyranitar
|-unboost|p2a: Tyranitar|evasion|1
|-sideend|p1: PokePro551|Stealth Rock|[from] move: Defog|[of] p1a: Weezing
|move|p2a: Tyranitar|Knock Off|p1a: Weezing
|-resisted|p1a: Weezing
|-damage|p1a: Weezing|94/100
|-enditem|p1a: Weezing|Heavy-Duty Boots|[from] move: Knock Off|[of] p2a: Tyranitar
|
|-damage|p2a: Tyranitar|88/100 brn|[from] brn
|upkeep
|turn|3
|
|t:|1758948474
|move|p1a: Weezing|Strange Steam|p2a: Tyranitar
|-supereffective|p2a: Tyranitar
|-damage|p2a: Tyranitar|56/100 brn
|move|p2a: Tyranitar|Thunder Wave|p1a: Weezing
|-status|p1a: Weezing|par
|
|-damage|p2a: Tyranitar|50/100 brn|[from] brn
|upkeep
|turn|4
|
|t:|1758948480
|move|p2a: Tyranitar|Stealth Rock|p1a: Weezing
|-sidestart|p1: PokePro551|move: Stealth Rock
|move|p1a: Weezing|Will-O-Wisp|p2a: Tyranitar
|-fail|p2a: Tyranitar|brn
|
|-damage|p2a: Tyranitar|44/100 brn|[from] brn
|upkeep
|turn|5
|
|t:|1758948487
|switch|p2a: Garchomp|Garchomp, M|100/100
|move|p1a: Weezing|Defog|p2a: Garchomp
|-unboost|p2a: Garchomp|evasion|1
|-sideend|p1: PokePro551|Stealth Rock|[from] move: Defog|[of] p1a: Weezing
|
|upkeep
|turn|6
|
|t:|1758948498
|-terastallize|p2a: Garchomp|Fire
|move|p2a: Garchomp|Earthquake|p1a: Weezing
|-supereffective|p1a: Weezing
|-damage|p1a: Weezing|31/100 par
|move|p1a: Weezing|Will-O-Wisp|p2a: Garchomp
|-immune|p2a: Garchomp
|
|upkeep
|turn|7
|
|t:|1758948511
|switch|p2a: Rotom|Rotom-Wash|100/100
|-end|p1a: Weezing|ability: Neutralizing Gas
|switch|p1a: Whale Wednesdays|Dondozo, F|100/100
|
|upkeep
|turn|8
|
|t:|1758948516
|switch|p1a: Blissey|Blissey, F|100/100
|move|p2a: Rotom|Will-O-Wisp|p1a: Blissey
|-status|p1a: Blissey|brn
|
|-damage|p1a: Blissey|94/100 brn|[from] brn
|upkeep
|turn|9
|
|t:|1758948520
|move|p2a: Rotom|Volt Switch|p1a: Blissey
|-damage|p1a: Blissey|86/100 brn
|
|t:|1758948524
|switch|p2a: Tyranitar|Tyranitar, M|44/100 brn|[from] Volt Switch
|-weather|Sandstorm|[from] ability: Sand Stream|[of] p2a: Tyranitar
|move|p1a: Blissey|Stealth Rock|p2a: Tyranitar
|-sidestart|p2: medicant|move: Stealth Rock
|
|-weather|Sandstorm|[upkeep]
|-damage|p1a: Blissey|80/100 brn|[from] Sandstorm
|-heal|p1a: Blissey|86/100 brn|[from] item: Leftovers
|-damage|p1a: Blissey|80/100 brn|[from] brn
|-damage|p2a: Tyranitar|38/100 brn|[from] brn
|upkeep
|turn|10
|
|t:|1758948538
|-curestatus|p1a: Blissey|brn|[from] ability: Natural Cure
|switch|p1a: Gliscor|Gliscor, F|100/100
|move|p2a: Tyranitar|Stealth Rock|p1a: Gliscor
|-sidestart|p1: PokePro551|move: Stealth Rock
|
|-weather|Sandstorm|[upkeep]
|-damage|p2a: Tyranitar|32/100 brn|[from] brn
|-status|p1a: Gliscor|tox|[from] item: Toxic Orb
|upkeep
|turn|11
|
|t:|1758948545
|move|p1a: Gliscor|Knock Off|p2a: Tyranitar
|-resisted|p2a: Tyranitar
|-damage|p2a: Tyranitar|24/100 brn
|-enditem|p2a: Tyranitar|Smooth Rock|[from] move: Knock Off|[of] p1a: Gliscor
|move|p2a: Tyranitar|Ice Beam|p1a: Gliscor
|-supereffective|p1a: Gliscor
|-damage|p1a: Gliscor|38/100 tox
|
|-weather|Sandstorm|[upkeep]
|-heal|p1a: Gliscor|50/100 tox|[from] ability: Poison Heal
|-damage|p2a: Tyranitar|17/100 brn|[from] brn
|upkeep
|turn|12
|
|t:|1758948553
|switch|p2a: Rotom|Rotom-Wash|100/100
|-damage|p2a: Rotom|88/100|[from] Stealth Rock
|move|p1a: Gliscor|Protect||[still]
|-fail|p1a: Gliscor
|
|-weather|Sandstorm|[upkeep]
|-damage|p2a: Rotom|82/100|[from] Sandstorm
|-heal|p2a: Rotom|88/100|[from] item: Leftovers
|-heal|p1a: Gliscor|63/100 tox|[from] ability: Poison Heal
|upkeep
|turn|13
|j| Lamp0821
|
|t:|1758948558
|move|p1a: Gliscor|Protect|p1a: Gliscor
|-singleturn|p1a: Gliscor|Protect
|move|p2a: Rotom|Volt Switch|p1a: Gliscor
|-activate|p1a: Gliscor|move: Protect
|
|-weather|Sandstorm|[upkeep]
|-damage|p2a: Rotom|82/100|[from] Sandstorm
|-heal|p2a: Rotom|88/100|[from] item: Leftovers
|-heal|p1a: Gliscor|75/100 tox|[from] ability: Poison Heal
|upkeep
|turn|14
|
|t:|1758948564
|switch|p1a: Blissey|Blissey, F|80/100
|-damage|p1a: Blissey|67/100|[from] Stealth Rock
|move|p2a: Rotom|Hydro Pump|p1a: Blissey
|-damage|p1a: Blissey|56/100
|
|-weather|Sandstorm|[upkeep]
|-damage|p2a: Rotom|82/100|[from] Sandstorm
|-damage|p1a: Blissey|49/100|[from] Sandstorm
|-heal|p2a: Rotom|88/100|[from] item: Leftovers
|-heal|p1a: Blissey|56/100|[from] item: Leftovers
|upkeep
|turn|15
|l| Lamp0821
|
|t:|1758948573
|move|p2a: Rotom|Volt Switch|p1a: Blissey
|-damage|p1a: Blissey|48/100
|
|t:|1758948576
|switch|p2a: Excadrill|Excadrill, F|100/100|[from] Volt Switch
|-damage|p2a: Excadrill|97/100|[from] Stealth Rock
|move|p1a: Blissey|Soft-Boiled|p1a: Blissey
|-heal|p1a: Blissey|98/100
|
|-weather|Sandstorm|[upkeep]
|-damage|p1a: Blissey|92/100|[from] Sandstorm
|-heal|p1a: Blissey|98/100|[from] item: Leftovers
|upkeep
|turn|16
|
|t:|1758948586
|switch|p1a: Corviknight|Corviknight, F, shiny|100/100
|-damage|p1a: Corviknight|88/100|[from] Stealth Rock
|-ability|p1a: Corviknight|Pressure
|move|p2a: Excadrill|Rapid Spin|p1a: Corviknight
|-resisted|p1a: Corviknight
|-damage|p1a: Corviknight|80/100
|-boost|p2a: Excadrill|spe|1
|-sideend|p2: medicant|Stealth Rock|[from] move: Rapid Spin|[of] p2a: Excadrill
|-damage|p2a: Excadrill|87/100|[from] item: Life Orb
|
|-weather|none
|-heal|p1a: Corviknight|86/100|[from] item: Leftovers
|upkeep
|turn|17
|
|t:|1758948595
|switch|p2a: Pecharunt|Pecharunt|100/100
|-item|p2a: Pecharunt|Air Balloon
|move|p1a: Corviknight|Defog|p2a: Pecharunt
|-unboost|p2a: Pecharunt|evasion|1
|-sideend|p1: PokePro551|Stealth Rock|[from] move: Defog|[of] p1a: Corviknight
|
|-heal|p1a: Corviknight|93/100|[from] item: Leftovers
|upkeep
|turn|18
|
|t:|1758948605
|switch|p1a: Blissey|Blissey, F|98/100
|move|p2a: Pecharunt|Shadow Ball|p1a: Blissey
|-immune|p1a: Blissey
|
|-heal|p1a: Blissey|100/100|[from] item: Leftovers
|upkeep
|turn|19
|
|t:|1758948611
|move|p2a: Pecharunt|Parting Shot|p1a: Blissey
|-unboost|p1a: Blissey|atk|1
|-unboost|p1a: Blissey|spa|1
|
|t:|1758948640
|switch|p2a: Kingambit|Kingambit, F|100/100|[from] Parting Shot
|move|p1a: Blissey|Stealth Rock|p2a: Kingambit
|-sidestart|p2: medicant|move: Stealth Rock
|
|upkeep
|turn|20
|
|t:|1758948648
|switch|p1a: Whale Wednesdays|Dondozo, F|100/100
|move|p2a: Kingambit|Kowtow Cleave|p1a: Whale Wednesdays
|-damage|p1a: Whale Wednesdays|73/100
|
|-heal|p1a: Whale Wednesdays|80/100|[from] item: Leftovers
|upkeep
|turn|21
|
|t:|1758948653
|-end|p2a: Kingambit|fallenundefined|[silent]
|switch|p2a: Pecharunt|Pecharunt|100/100
|-damage|p2a: Pecharunt|88/100|[from] Stealth Rock
|-item|p2a: Pecharunt|Air Balloon
|move|p1a: Whale Wednesdays|Body Press|p2a: Pecharunt
|-immune|p2a: Pecharunt
|
|-heal|p1a: Whale Wednesdays|86/100|[from] item: Leftovers
|upkeep
|turn|22
|
|t:|1758948659
|switch|p1a: Blissey|Blissey, F|100/100
|move|p2a: Pecharunt|Parting Shot|p1a: Blissey
|-unboost|p1a: Blissey|atk|1
|-unboost|p1a: Blissey|spa|1
|
|t:|1758948667
|switch|p2a: Rotom|Rotom-Wash|88/100|[from] Parting Shot
|-damage|p2a: Rotom|75/100|[from] Stealth Rock
|
|-heal|p2a: Rotom|82/100|[from] item: Leftovers
|upkeep
|turn|23
|-message|medicant forfeited.
|
|win|PokePro551
|raw|PokePro551's rating: 1507 &rarr; <strong>1528</strong><br />(+21 for winning)
|raw|medicant's rating: 1532 &rarr; <strong>1511</strong><br />(-21 for losing)
|l|☆medicant
|player|p2|
|l|☆PokePro551
|player|p1|
