|badge|p2|bronze|gen9ou|100-6
|html|<div class="broadcast-red"><strong>This battle is required to be public due to one or more player having a season medal.</strong><br />During the public phase, you can discuss the state of the ladder <a href="/seasondiscussion">in a special chatroom.</a></div>
|uhtml|medal-msg|<div class="broadcast-blue">Curious what those medals under the avatar are? PS now has Ladder Seasons! For more information, check out the <a href="https://www.smogon.com/forums/threads/3740067/">thread on Smogon.</a></div>
|raw|<div class="broadcast-blue"><strong>This battle is required to be public due to a player having a name starting with 'medal'.</div>
|j|☆1400s main
|j|☆Ladder historian
|t:|1759014780
|gametype|singles
|player|p1|1400s main|lass-gen4dp|1815
|player|p2|Ladder historian|lucas-gen4pt|1864
|gen|9
|tier|[Gen 9] OU
|rated|
|rule|HP Percentage Mod: HP is shown in percentages
|rule|Endless Battle Clause: Forcing endless battles is banned
|rule|Species Clause: Limit one of each Pokémon
|rule|OHKO Clause: OHKO moves are banned
|rule|Evasion Items Clause: Evasion items are banned
|rule|Evasion Moves Clause: Evasion moves are banned
|rule|Evasion Abilities Clause: Evasion abilities are banned
|rule|Sleep Moves Clause: Sleep-inducing moves are banned
|clearpoke
|poke|p1|Araquanid, F|
|poke|p1|Ogerpon-Wellspring, F|
|poke|p1|Dragonite, M|
|poke|p1|Iron Moth|
|poke|p1|Great Tusk|
|poke|p1|Gholdengo|
|poke|p2|Ogerpon-Wellspring, F|
|poke|p2|Kyurem|
|poke|p2|Weezing-Galar, M|
|poke|p2|Landorus-Therian, M|
|poke|p2|Kingambit, M|
|poke|p2|Enamorus, F|
|teampreview
|inactive|Battle timer is ON: inactive players will automatically lose when time's up. (requested by 1400s main)
|
|t:|1759014791
|teamsize|p1|6
|teamsize|p2|6
|start
|switch|p1a: Araquanid|Araquanid, F, shiny|100/100
|switch|p2a: Landorus|Landorus-Therian, M|100/100
|-ability|p2a: Landorus|Intimidate|boost
|-unboost|p1a: Araquanid|atk|1
|turn|1
|
|t:|1759014795
|move|p2a: Landorus|Stealth Rock|p1a: Araquanid
|-sidestart|p1: 1400s main|move: Stealth Rock
|move|p1a: Araquanid|Surf|p2a: Landorus
|-supereffective|p2a: Landorus
|-damage|p2a: Landorus|20/100
|
|upkeep
|turn|2
|
|t:|1759014798
|move|p2a: Landorus|Taunt|p1a: Araquanid
|-start|p1a: Araquanid|move: Taunt
|-enditem|p1a: Araquanid|Mental Herb
|-end|p1a: Araquanid|move: Taunt
|move|p1a: Araquanid|Sticky Web|p2a: Landorus
|-sidestart|p2: Ladder historian|move: Sticky Web
|
|upkeep
|turn|3
|
|t:|1759014811
|move|p2a: Landorus|U-turn|p1a: Araquanid
|-damage|p1a: Araquanid|82/100
|
|t:|1759014814
|switch|p2a: Ogerpon|Ogerpon-Wellspring, F|100/100|[from] U-turn
|-activate|p2a: Ogerpon|move: Sticky Web
|-unboost|p2a: Ogerpon|spe|1
|move|p1a: Araquanid|Surf|p2a: Ogerpon
|-immune|p2a: Ogerpon|[from] ability: Water Absorb
|
|upkeep
|turn|4
|
|t:|1759014829
|move|p2a: Ogerpon|Swords Dance|p2a: Ogerpon
|-boost|p2a: Ogerpon|atk|2
|move|p1a: Araquanid|Lunge|p2a: Ogerpon
|-supereffective|p2a: Ogerpon
|-damage|p2a: Ogerpon|67/100
|-unboost|p2a: Ogerpon|atk|1
|
|upkeep
|turn|5
|
|t:|1759014836
|move|p2a: Ogerpon|Swords Dance|p2a: Ogerpon
|-boost|p2a: Ogerpon|atk|2
|move|p1a: Araquanid|Lunge|p2a: Ogerpon
|-supereffective|p2a: Ogerpon
|-damage|p2a: Ogerpon|30/100
|-unboost|p2a: Ogerpon|atk|1
|
|upkeep
|turn|6
|
|t:|1759014838
|move|p2a: Ogerpon|Horn Leech|p1a: Araquanid
|-damage|p1a: Araquanid|8/100
|-heal|p2a: Ogerpon|72/100|[from] drain|[of] p1a: Araquanid
|move|p1a: Araquanid|Lunge|p2a: Ogerpon
|-supereffective|p2a: Ogerpon
|-damage|p2a: Ogerpon|34/100
|-unboost|p2a: Ogerpon|atk|1
|
|upkeep
|turn|7
|
|t:|1759014843
|move|p2a: Ogerpon|Horn Leech|p1a: Araquanid
|-damage|p1a: Araquanid|0 fnt
|-heal|p2a: Ogerpon|38/100|[from] drain|[of] p1a: Araquanid
|faint|p1a: Araquanid
|
|upkeep
|j| lanarey
|
|t:|1759014846
|switch|p1a: Iron Moth|Iron Moth|100/100
|-damage|p1a: Iron Moth|76/100|[from] Stealth Rock
|-enditem|p1a: Iron Moth|Booster Energy
|-activate|p1a: Iron Moth|ability: Quark Drive|[fromitem]
|-start|p1a: Iron Moth|quarkdrivespa
|turn|8
|
|t:|1759014851
|switch|p2a: Landorus|Landorus-Therian, M|20/100
|-ability|p2a: Landorus|Intimidate|boost
|-unboost|p1a: Iron Moth|atk|1
|move|p1a: Iron Moth|Sludge Wave|p2a: Landorus
|-resisted|p2a: Landorus
|-crit|p2a: Landorus
|-damage|p2a: Landorus|0 fnt
|faint|p2a: Landorus
|
|upkeep
|
|t:|1759014860
|switch|p2a: Enamorus|Enamorus, F|100/100
|turn|9
|
|t:|1759014868
|-end|p1a: Iron Moth|Quark Drive|[silent]
|switch|p1a: Gholdengo|Gholdengo|100/100
|-damage|p1a: Gholdengo|94/100|[from] Stealth Rock
|-item|p1a: Gholdengo|Air Balloon
|move|p2a: Enamorus|Earth Power|p1a: Gholdengo
|-immune|p1a: Gholdengo
|
|upkeep
|turn|10
|
|t:|1759014874
|switch|p2a: Ogerpon|Ogerpon-Wellspring, F|38/100
|-activate|p2a: Ogerpon|move: Sticky Web
|-unboost|p2a: Ogerpon|spe|1
|move|p1a: Gholdengo|Focus Blast|p2a: Ogerpon|[miss]
|-miss|p1a: Gholdengo|p2a: Ogerpon
|
|upkeep
|turn|11
|
|t:|1759014878
|move|p1a: Gholdengo|Shadow Ball|p2a: Ogerpon
|-damage|p2a: Ogerpon|0 fnt
|faint|p2a: Ogerpon
|
|upkeep
|
|t:|1759014880
|switch|p2a: Kingambit|Kingambit, M|100/100
|-activate|p2a: Kingambit|move: Sticky Web
|-unboost|p2a: Kingambit|spe|1
|-activate|p2a: Kingambit|ability: Supreme Overlord
|-start|p2a: Kingambit|fallen2|[silent]
|turn|12
|
|t:|1759014884
|switch|p1a: Great Tusk|Great Tusk|100/100
|-damage|p1a: Great Tusk|98/100|[from] Stealth Rock
|-enditem|p1a: Great Tusk|Booster Energy
|-activate|p1a: Great Tusk|ability: Protosynthesis|[fromitem]
|-start|p1a: Great Tusk|protosynthesisspe
|move|p2a: Kingambit|Low Kick|p1a: Great Tusk
|-damage|p1a: Great Tusk|58/100
|
|upkeep
|turn|13
|
|t:|1759014893
|-terastallize|p2a: Kingambit|Fighting
|move|p1a: Great Tusk|Rapid Spin|p2a: Kingambit
|-damage|p2a: Kingambit|88/100
|-boost|p1a: Great Tusk|spe|1
|-sideend|p1: 1400s main|Stealth Rock|[from] move: Rapid Spin|[of] p1a: Great Tusk
|move|p2a: Kingambit|Low Kick|p1a: Great Tusk
|-damage|p1a: Great Tusk|0 fnt
|faint|p1a: Great Tusk
|-end|p1a: Great Tusk|Protosynthesis|[silent]
|
|upkeep
|j| amefurikoneko
|inactive|1400s main has 120 seconds left.
|
|t:|1759014941
|switch|p1a: Iron Moth|Iron Moth|76/100
|turn|14
|
|t:|1759014945
|move|p2a: Kingambit|Sucker Punch|p1a: Iron Moth
|-damage|p1a: Iron Moth|0 fnt
|faint|p1a: Iron Moth
|-end|p1a: Iron Moth|Quark Drive|[silent]
|
|upkeep
|
|t:|1759014946
|switch|p1a: Dragonite|Dragonite, M|100/100
|turn|15
|
|t:|1759014950
|-end|p2a: Kingambit|fallen2|[silent]
|switch|p2a: Kyurem|Kyurem|100/100
|-activate|p2a: Kyurem|move: Sticky Web
|-unboost|p2a: Kyurem|spe|1
|-ability|p2a: Kyurem|Pressure
|move|p1a: Dragonite|Encore||[still]
|-fail|p1a: Dragonite
|
|upkeep
|turn|16
|
|t:|1759014956
|-terastallize|p1a: Dragonite|Fire
|move|p1a: Dragonite|Dragon Dance|p1a: Dragonite
|-boost|p1a: Dragonite|atk|1
|-boost|p1a: Dragonite|spe|1
|move|p2a: Kyurem|Icicle Spear|p1a: Dragonite
|-resisted|p1a: Dragonite
|-damage|p1a: Dragonite|98/100
|-resisted|p1a: Dragonite
|-damage|p1a: Dragonite|91/100
|-resisted|p1a: Dragonite
|-damage|p1a: Dragonite|85/100
|-resisted|p1a: Dragonite
|-damage|p1a: Dragonite|79/100
|-hitcount|p1a: Dragonite|4
|
|upkeep
|turn|17
|
|t:|1759014961
|switch|p2a: Weezing|Weezing-Galar, M|100/100
|-ability|p2a: Weezing|Neutralizing Gas
|move|p1a: Dragonite|Scale Shot|p2a: Weezing
|-immune|p2a: Weezing
|
|upkeep
|turn|18
|
|t:|1759014966
|move|p1a: Dragonite|Dragon Dance|p1a: Dragonite
|-boost|p1a: Dragonite|atk|1
|-boost|p1a: Dragonite|spe|1
|move|p2a: Weezing|Sludge Bomb|p1a: Dragonite
|-damage|p1a: Dragonite|50/100
|
|upkeep
|turn|19
|
|t:|1759014969
|move|p1a: Dragonite|Fire Punch|p2a: Weezing
|-damage|p2a: Weezing|46/100
|move|p2a: Weezing|Sludge Bomb|p1a: Dragonite
|-damage|p1a: Dragonite|20/100
|
|upkeep
|turn|20
|
|t:|1759014973
|move|p1a: Dragonite|Fire Punch|p2a: Weezing
|-damage|p2a: Weezing|0 fnt
|faint|p2a: Weezing
|-end|p2a: Weezing|ability: Neutralizing Gas
|
|upkeep
|
|t:|1759014977
|switch|p2a: Kingambit|Kingambit, M, tera:Fighting|88/100
|-activate|p2a: Kingambit|move: Sticky Web
|-unboost|p2a: Kingambit|spe|1
|-activate|p2a: Kingambit|ability: Supreme Overlord
|-start|p2a: Kingambit|fallen3|[silent]
|turn|21
|
|t:|1759014983
|move|p2a: Kingambit|Sucker Punch||[still]
|-fail|p2a: Kingambit
|move|p1a: Dragonite|Dragon Dance|p1a: Dragonite
|-boost|p1a: Dragonite|atk|1
|-boost|p1a: Dragonite|spe|1
|
|upkeep
|turn|22
|inactive|Ladder historian has 120 seconds left.
|
|t:|1759015031
|-end|p2a: Kingambit|fallen3|[silent]
|switch|p2a: Enamorus|Enamorus, F|100/100
|move|p1a: Dragonite|Encore||[still]
|-fail|p1a: Dragonite
|
|upkeep
|turn|23
|
|t:|1759015034
|move|p1a: Dragonite|Fire Punch|p2a: Enamorus
|-damage|p2a: Enamorus|0 fnt
|faint|p2a: Enamorus
|
|upkeep
|
|t:|1759015036
|switch|p2a: Kingambit|Kingambit, M, tera:Fighting|88/100
|-activate|p2a: Kingambit|move: Sticky Web
|-unboost|p2a: Kingambit|spe|1
|-activate|p2a: Kingambit|ability: Supreme Overlord
|-start|p2a: Kingambit|fallen4|[silent]
|turn|24
|
|t:|1759015044
|move|p2a: Kingambit|Sucker Punch||[still]
|-fail|p2a: Kingambit
|move|p1a: Dragonite|Dragon Dance|p1a: Dragonite
|-boost|p1a: Dragonite|atk|1
|-boost|p1a: Dragonite|spe|1
|
|upkeep
|turn|25
|
|t:|1759015049
|move|p2a: Kingambit|Sucker Punch||[still]
|-fail|p2a: Kingambit
|move|p1a: Dragonite|Encore|p2a: Kingambit
|-start|p2a: Kingambit|Encore
|
|upkeep
|turn|26
|-message|Ladder historian forfeited.
|
|win|1400s main
|raw|1400s main's rating: 1815 &rarr; <strong>1838</strong><br />(+23 for winning)
|raw|Ladder historian's rating: 1864 &rarr; <strong>1841</strong><br />(-23 for losing)
|l|☆Ladder historian
|player|p2|
|l| lanarey
