|j|☆G-lolo-69
|j|☆pikachu12200
|t:|1758958660
|gametype|singles
|player|p1|G-lolo-69|swimmerf-gen4|1189
|player|p2|pikachu12200|gentleman-gen4dp|1205
|gen|9
|tier|[Gen 9] OU
|rated|
|rule|HP Percentage Mod: HP is shown in percentages
|rule|Endless Battle Clause: Forcing endless battles is banned
|rule|Species Clause: Limit one of each Pokémon
|rule|OHKO Clause: OHKO moves are banned
|rule|Evasion Items Clause: Evasion items are banned
|rule|Evasion Moves Clause: Evasion moves are banned
|rule|Evasion Abilities Clause: Evasion abilities are banned
|rule|Sleep Moves Clause: Sleep-inducing moves are banned
|clearpoke
|poke|p1|Moltres|
|poke|p1|Glimmora, F|
|poke|p1|Iron Valiant|
|poke|p1|Iron Treads|
|poke|p1|Weavile, M|
|poke|p1|Dragapult, F|
|poke|p2|Dragonite, F|
|poke|p2|Gholdengo|
|poke|p2|Gliscor, M|
|poke|p2|Garganacl, F|
|poke|p2|Ogerpon-Wellspring, F|
|poke|p2|Cinderace, M|
|teampreview
|inactive|Battle timer is ON: inactive players will automatically lose when time's up. (requested by pikachu12200)
|
|t:|1758958664
|teamsize|p1|6
|teamsize|p2|6
|start
|switch|p1a: Glimmora|Glimmora, F|100/100
|switch|p2a: Garganacl|Garganacl, F, shiny|100/100
|turn|1
|
|t:|1758958673
|move|p1a: Glimmora|Stealth Rock|p2a: Garganacl
|-sidestart|p2: pikachu12200|move: Stealth Rock
|move|p2a: Garganacl|Salt Cure|p1a: Glimmora
|-damage|p1a: Glimmora|85/100
|-start|p1a: Glimmora|Salt Cure
|-activate|p1a: Glimmora|ability: Toxic Debris
|-sidestart|p2: pikachu12200|move: Toxic Spikes
|
|-damage|p1a: Glimmora|72/100|[from] Salt Cure
|upkeep
|turn|2
|
|t:|1758958682
|move|p1a: Glimmora|Mortal Spin|p2a: Garganacl
|-resisted|p2a: Garganacl
|-damage|p2a: Garganacl|98/100
|-damage|p1a: Glimmora|56/100|[from] item: Rocky Helmet|[of] p2a: Garganacl
|move|p2a: Garganacl|Iron Defense|p2a: Garganacl
|-boost|p2a: Garganacl|def|2
|
|-damage|p1a: Glimmora|43/100|[from] Salt Cure
|upkeep
|turn|3
|
|t:|1758958692
|move|p1a: Glimmora|Sludge Wave|p2a: Garganacl
|-resisted|p2a: Garganacl
|-damage|p2a: Garganacl|81/100
|move|p2a: Garganacl|Salt Cure|p1a: Glimmora
|-crit|p1a: Glimmora
|-damage|p1a: Glimmora|19/100
|-activate|p1a: Glimmora|ability: Toxic Debris
|-sidestart|p2: pikachu12200|move: Toxic Spikes
|
|-damage|p1a: Glimmora|6/100|[from] Salt Cure
|upkeep
|turn|4
|
|t:|1758958703
|move|p1a: Glimmora|Power Gem|p2a: Garganacl
|-damage|p2a: Garganacl|52/100
|move|p2a: Garganacl|Recover|p2a: Garganacl
|-heal|p2a: Garganacl|100/100
|
|-damage|p1a: Glimmora|0 fnt|[from] Salt Cure
|faint|p1a: Glimmora
|upkeep
|
|t:|1758958719
|switch|p1a: Iron Treads|Iron Treads|100/100
|turn|5
|
|t:|1758958725
|move|p1a: Iron Treads|Earthquake|p2a: Garganacl
|-supereffective|p2a: Garganacl
|-damage|p2a: Garganacl|70/100
|move|p2a: Garganacl|Salt Cure|p1a: Iron Treads
|-resisted|p1a: Iron Treads
|-damage|p1a: Iron Treads|97/100
|-start|p1a: Iron Treads|Salt Cure
|
|-damage|p1a: Iron Treads|72/100|[from] Salt Cure
|upkeep
|turn|6
|
|t:|1758958736
|move|p1a: Iron Treads|Earthquake|p2a: Garganacl
|-supereffective|p2a: Garganacl
|-damage|p2a: Garganacl|39/100
|move|p2a: Garganacl|Iron Defense|p2a: Garganacl
|-boost|p2a: Garganacl|def|2
|
|-damage|p1a: Iron Treads|48/100|[from] Salt Cure
|upkeep
|turn|7
|
|t:|1758958744
|move|p1a: Iron Treads|Earthquake|p2a: Garganacl
|-supereffective|p2a: Garganacl
|-damage|p2a: Garganacl|16/100
|move|p2a: Garganacl|Recover|p2a: Garganacl
|-heal|p2a: Garganacl|66/100
|
|-damage|p1a: Iron Treads|23/100|[from] Salt Cure
|upkeep
|turn|8
|
|t:|1758958754
|move|p1a: Iron Treads|Earthquake|p2a: Garganacl
|-supereffective|p2a: Garganacl
|-damage|p2a: Garganacl|44/100
|move|p2a: Garganacl|Recover|p2a: Garganacl
|-heal|p2a: Garganacl|94/100
|
|-damage|p1a: Iron Treads|0 fnt|[from] Salt Cure
|faint|p1a: Iron Treads
|-end|p1a: Iron Treads|Quark Drive|[silent]
|upkeep
|
|t:|1758958768
|switch|p1a: Dragapult|Dragapult, F|100/100
|turn|9
|
|t:|1758958773
|move|p1a: Dragapult|Draco Meteor|p2a: Garganacl
|-damage|p2a: Garganacl|41/100
|-unboost|p1a: Dragapult|spa|2
|move|p2a: Garganacl|Salt Cure|p1a: Dragapult
|-damage|p1a: Dragapult|81/100
|-start|p1a: Dragapult|Salt Cure
|
|-damage|p1a: Dragapult|69/100|[from] Salt Cure
|upkeep
|turn|10
|
|t:|1758958783
|move|p1a: Dragapult|Draco Meteor|p2a: Garganacl
|-damage|p2a: Garganacl|12/100
|-unboost|p1a: Dragapult|spa|2
|move|p2a: Garganacl|Recover|p2a: Garganacl
|-heal|p2a: Garganacl|62/100
|
|-damage|p1a: Dragapult|57/100|[from] Salt Cure
|upkeep
|turn|11
|
|t:|1758958794
|switch|p1a: Weavile|Weavile, M|100/100
|-ability|p1a: Weavile|Pressure
|move|p2a: Garganacl|Salt Cure|p1a: Weavile
|-supereffective|p1a: Weavile
|-damage|p1a: Weavile|51/100
|-start|p1a: Weavile|Salt Cure
|
|-damage|p1a: Weavile|39/100|[from] Salt Cure
|upkeep
|turn|12
|
|t:|1758958804
|move|p1a: Weavile|Brick Break|p2a: Garganacl
|-supereffective|p2a: Garganacl
|-damage|p2a: Garganacl|49/100
|-damage|p1a: Weavile|23/100|[from] item: Rocky Helmet|[of] p2a: Garganacl
|move|p2a: Garganacl|Recover|p2a: Garganacl
|-heal|p2a: Garganacl|99/100
|
|-damage|p1a: Weavile|10/100|[from] Salt Cure
|upkeep
|turn|13
|
|t:|1758958814
|move|p1a: Weavile|Brick Break|p2a: Garganacl
|-supereffective|p2a: Garganacl
|-damage|p2a: Garganacl|87/100
|-damage|p1a: Weavile|0 fnt|[from] item: Rocky Helmet|[of] p2a: Garganacl
|faint|p1a: Weavile
|move|p2a: Garganacl|Iron Defense|p2a: Garganacl
|-boost|p2a: Garganacl|def|2
|
|upkeep
|
|t:|1758958823
|switch|p1a: Moltres|Moltres|100/100
|turn|14
|
|t:|1758958828
|-terastallize|p1a: Moltres|Ground
|move|p1a: Moltres|Flamethrower|p2a: Garganacl
|-resisted|p2a: Garganacl
|-damage|p2a: Garganacl|71/100
|move|p2a: Garganacl|Salt Cure|p1a: Moltres
|-resisted|p1a: Moltres
|-damage|p1a: Moltres|94/100
|-start|p1a: Moltres|Salt Cure
|
|-damage|p1a: Moltres|82/100|[from] Salt Cure
|upkeep
|turn|15
|
|t:|1758958839
|move|p1a: Moltres|Hurricane|p2a: Garganacl
|-resisted|p2a: Garganacl
|-damage|p2a: Garganacl|52/100
|move|p2a: Garganacl|Body Press|p1a: Moltres
|-damage|p1a: Moltres|0 fnt
|faint|p1a: Moltres
|
|upkeep
|
|t:|1758958848
|switch|p1a: Dragapult|Dragapult, F|57/100
|turn|16
|
|t:|1758958856
|-terastallize|p2a: Garganacl|Steel
|move|p1a: Dragapult|Draco Meteor|p2a: Garganacl
|-resisted|p2a: Garganacl
|-damage|p2a: Garganacl|24/100
|-unboost|p1a: Dragapult|spa|2
|move|p2a: Garganacl|Recover|p2a: Garganacl
|-heal|p2a: Garganacl|74/100
|
|upkeep
|turn|17
|
|t:|1758958867
|switch|p1a: Iron Valiant|Iron Valiant|100/100
|-enditem|p1a: Iron Valiant|Booster Energy
|-activate|p1a: Iron Valiant|ability: Quark Drive|[fromitem]
|-start|p1a: Iron Valiant|quarkdrivespe
|move|p2a: Garganacl|Salt Cure|p1a: Iron Valiant
|-resisted|p1a: Iron Valiant
|-damage|p1a: Iron Valiant|91/100
|-start|p1a: Iron Valiant|Salt Cure
|
|-damage|p1a: Iron Valiant|79/100|[from] Salt Cure
|upkeep
|turn|18
|
|t:|1758958878
|move|p1a: Iron Valiant|Focus Blast|p2a: Garganacl
|-supereffective|p2a: Garganacl
|-damage|p2a: Garganacl|1/100
|move|p2a: Garganacl|Body Press|p1a: Iron Valiant
|-resisted|p1a: Iron Valiant
|-damage|p1a: Iron Valiant|23/100
|
|-damage|p1a: Iron Valiant|10/100|[from] Salt Cure
|upkeep
|turn|19
|
|t:|1758958890
|switch|p2a: Gholdengo|Gholdengo, shiny|100/100
|-damage|p2a: Gholdengo|94/100|[from] Stealth Rock
|-item|p2a: Gholdengo|Air Balloon
|move|p1a: Iron Valiant|Moonblast|p2a: Gholdengo
|-resisted|p2a: Gholdengo
|-damage|p2a: Gholdengo|68/100
|-enditem|p2a: Gholdengo|Air Balloon
|
|-damage|p1a: Iron Valiant|0 fnt|[from] Salt Cure
|faint|p1a: Iron Valiant
|-end|p1a: Iron Valiant|Quark Drive|[silent]
|upkeep
|
|t:|1758958903
|switch|p1a: Dragapult|Dragapult, F|57/100
|turn|20
|
|t:|1758958909
|switch|p2a: Gliscor|Gliscor, M, shiny|100/100
|-damage|p2a: Gliscor|88/100|[from] Stealth Rock
|move|p1a: Dragapult|Hex|p2a: Gliscor
|-damage|p2a: Gliscor|21/100
|
|-status|p2a: Gliscor|tox|[from] item: Toxic Orb
|upkeep
|turn|21
|
|t:|1758958919
|switch|p2a: Dragonite|Dragonite, F, shiny|100/100
|move|p1a: Dragapult|Hex|p2a: Dragonite
|-damage|p2a: Dragonite|79/100
|
|upkeep
|turn|22
|
|t:|1758958926
|move|p1a: Dragapult|Hex|p2a: Dragonite
|-damage|p2a: Dragonite|36/100
|move|p2a: Dragonite|Ice Spinner|p1a: Dragapult
|-supereffective|p1a: Dragapult
|-damage|p1a: Dragapult|0 fnt
|faint|p1a: Dragapult
|
|win|pikachu12200
|raw|G-lolo-69's rating: 1189 &rarr; <strong>1165</strong><br />(-24 for losing)
|raw|pikachu12200's rating: 1205 &rarr; <strong>1229</strong><br />(+24 for winning)
|l|☆G-lolo-69
|player|p1|
