|j|☆sunnysoon
|j|☆usmanthebeast
|t:|1758917686
|gametype|singles
|player|p1|sunnysoon|dancer|1521
|player|p2|usmanthebeast|169|1510
|gen|9
|tier|[Gen 9] OU
|rated|
|rule|HP Percentage Mod: HP is shown in percentages
|rule|Endless Battle Clause: Forcing endless battles is banned
|rule|Species Clause: Limit one of each Pokémon
|rule|OHKO Clause: OHKO moves are banned
|rule|Evasion Items Clause: Evasion items are banned
|rule|Evasion Moves Clause: Evasion moves are banned
|rule|Evasion Abilities Clause: Evasion abilities are banned
|rule|Sleep Moves Clause: Sleep-inducing moves are banned
|clearpoke
|poke|p1|Mamoswine, M|
|poke|p1|Glimmora, M|
|poke|p1|Iron Crown|
|poke|p1|Zamazenta-*|
|poke|p1|Sinistcha|
|poke|p1|Samurott-Hisui, M|
|poke|p2|Cinderace, F|
|poke|p2|Dragonite, F|
|poke|p2|Kyurem|
|poke|p2|Landorus-Therian, M|
|poke|p2|Tyranitar, M|
|poke|p2|Dragapult, M|
|teampreview
|inactive|Battle timer is ON: inactive players will automatically lose when time's up. (requested by usmanthebeast)
|
|t:|1758917698
|teamsize|p1|6
|teamsize|p2|6
|start
|switch|p1a: Glimmora|Glimmora, M, shiny|100/100
|switch|p2a: Landorus|Landorus-Therian, M|100/100
|-ability|p2a: Landorus|Intimidate|boost
|-unboost|p1a: Glimmora|atk|1
|turn|1
|
|t:|1758917705
|switch|p1a: Mamoswine|Mamoswine, M, shiny|100/100
|move|p2a: Landorus|Earthquake|p1a: Mamoswine
|-damage|p1a: Mamoswine|45/100
|
|upkeep
|turn|2
|
|t:|1758917719
|move|p1a: Mamoswine|Ice Shard|p2a: Landorus
|-supereffective|p2a: Landorus
|-damage|p2a: Landorus|0 fnt
|faint|p2a: Landorus
|
|upkeep
|
|t:|1758917723
|switch|p2a: Cinderace|Cinderace, F|100/100
|turn|3
|
|t:|1758917727
|switch|p1a: Glimmora|Glimmora, M, shiny|100/100
|move|p2a: Cinderace|Pyro Ball|p1a: Glimmora
|-resisted|p1a: Glimmora
|-damage|p1a: Glimmora|76/100
|-activate|p1a: Glimmora|ability: Toxic Debris
|-sidestart|p2: usmanthebeast|move: Toxic Spikes
|-enditem|p1a: Glimmora|Red Card|[of] p2a: Cinderace
|drag|p2a: Tyranitar|Tyranitar, M|100/100
|-status|p2a: Tyranitar|psn
|-weather|Sandstorm|[from] ability: Sand Stream|[of] p2a: Tyranitar
|
|-weather|Sandstorm|[upkeep]
|-damage|p2a: Tyranitar|88/100 psn|[from] psn
|upkeep
|turn|4
|
|t:|1758917733
|move|p2a: Tyranitar|Earthquake|p1a: Glimmora
|-supereffective|p1a: Glimmora
|-damage|p1a: Glimmora|0 fnt
|-activate|p1a: Glimmora|ability: Toxic Debris
|-sidestart|p2: usmanthebeast|move: Toxic Spikes
|faint|p1a: Glimmora
|
|-weather|Sandstorm|[upkeep]
|-heal|p2a: Tyranitar|94/100 psn|[from] item: Leftovers
|-damage|p2a: Tyranitar|82/100 psn|[from] psn
|upkeep
|
|t:|1758917745
|switch|p1a: Mamoswine|Mamoswine, M, shiny|45/100
|turn|5
|
|t:|1758917751
|move|p1a: Mamoswine|Earthquake|p2a: Tyranitar
|-supereffective|p2a: Tyranitar
|-damage|p2a: Tyranitar|0 fnt
|faint|p2a: Tyranitar
|
|-weather|Sandstorm|[upkeep]
|upkeep
|
|t:|1758917753
|switch|p2a: Cinderace|Cinderace, F|100/100
|turn|6
|
|t:|1758917759
|move|p2a: Cinderace|Court Change|p2a: Cinderace
|-start|p2a: Cinderace|typechange|Normal|[from] ability: Libero
|-swapsideconditions
|-activate|p2a: Cinderace|move: Court Change
|move|p1a: Mamoswine|Earthquake|p2a: Cinderace
|-damage|p2a: Cinderace|0 fnt
|faint|p2a: Cinderace
|
|-weather|Sandstorm|[upkeep]
|upkeep
|
|t:|1758917766
|switch|p2a: Kyurem|Kyurem|100/100
|-ability|p2a: Kyurem|Pressure
|turn|7
|
|t:|1758917773
|switch|p1a: Iron Crown|Iron Crown|100/100
|move|p2a: Kyurem|Ice Beam|p1a: Iron Crown
|-resisted|p1a: Iron Crown
|-damage|p1a: Iron Crown|64/100
|
|-weather|none
|upkeep
|turn|8
|
|t:|1758917782
|move|p1a: Iron Crown|Tachyon Cutter|p2a: Kyurem
|-supereffective|p2a: Kyurem
|-damage|p2a: Kyurem|28/100
|-supereffective|p2a: Kyurem
|-damage|p2a: Kyurem|0 fnt
|faint|p2a: Kyurem
|-hitcount|p2: Kyurem|2
|
|upkeep
|
|t:|1758917784
|switch|p2a: Dragonite|Dragonite, F|100/100
|turn|9
|
|t:|1758917789
|move|p1a: Iron Crown|Tachyon Cutter|p2a: Dragonite
|-damage|p2a: Dragonite|82/100
|-damage|p2a: Dragonite|41/100
|-hitcount|p2a: Dragonite|2
|move|p2a: Dragonite|Dragon Dance|p2a: Dragonite
|-boost|p2a: Dragonite|atk|1
|-boost|p2a: Dragonite|spe|1
|
|upkeep
|turn|10
|
|t:|1758917796
|move|p2a: Dragonite|Earthquake|p1a: Iron Crown
|-supereffective|p1a: Iron Crown
|-damage|p1a: Iron Crown|0 fnt
|faint|p1a: Iron Crown
|-end|p1a: Iron Crown|Quark Drive|[silent]
|
|upkeep
|
|t:|1758917799
|switch|p1a: Mamoswine|Mamoswine, M, shiny|45/100
|-status|p1a: Mamoswine|tox
|turn|11
|
|t:|1758917804
|move|p1a: Mamoswine|Ice Shard|p2a: Dragonite
|-supereffective|p2a: Dragonite
|-damage|p2a: Dragonite|0 fnt
|faint|p2a: Dragonite
|
|-damage|p1a: Mamoswine|39/100 tox|[from] psn
|upkeep
|
|t:|1758917806
|switch|p2a: Dragapult|Dragapult, M|100/100
|turn|12
|
|t:|1758917810
|-terastallize|p2a: Dragapult|Fairy
|move|p1a: Mamoswine|Ice Shard|p2a: Dragapult
|-damage|p2a: Dragapult|49/100
|move|p2a: Dragapult|Hex|p1a: Mamoswine
|-damage|p1a: Mamoswine|0 fnt
|faint|p1a: Mamoswine
|
|-heal|p2a: Dragapult|55/100|[from] item: Leftovers
|upkeep
|
|t:|1758917822
|switch|p1a: Samurott|Samurott-Hisui, M, shiny|100/100
|-status|p1a: Samurott|tox
|turn|13
|
|t:|1758917826
|move|p2a: Dragapult|Dragon Darts|p1a: Samurott
|-damage|p1a: Samurott|75/100 tox
|-anim|p2a: Dragapult|Dragon Darts|p1a: Samurott
|-damage|p1a: Samurott|48/100 tox
|move|p1a: Samurott|Knock Off|p2a: Dragapult
|-resisted|p2a: Dragapult
|-damage|p2a: Dragapult|13/100
|-enditem|p2a: Dragapult|Leftovers|[from] move: Knock Off|[of] p1a: Samurott
|
|-damage|p1a: Samurott|42/100 tox|[from] psn
|upkeep
|turn|14
|
|t:|1758917832
|move|p1a: Samurott|Sucker Punch|p2a: Dragapult
|-resisted|p2a: Dragapult
|-damage|p2a: Dragapult|0 fnt
|faint|p2a: Dragapult
|
|win|sunnysoon
|raw|sunnysoon's rating: 1521 &rarr; <strong>1540</strong><br />(+19 for winning)
|raw|usmanthebeast's rating: 1510 &rarr; <strong>1491</strong><br />(-19 for losing)
|l|☆usmanthebeast
|player|p2|
|l|☆sunnysoon
|player|p1|
