|j|☆Toxic Smite
|j|☆pvughghi
|t:|1759038439
|gametype|singles
|player|p1|Toxic Smite|gambler|1331
|player|p2|pvughghi|pokemonrangerf|1270
|gen|9
|tier|[Gen 9] OU
|rated|
|rule|HP Percentage Mod: HP is shown in percentages
|rule|Endless Battle Clause: Forcing endless battles is banned
|rule|Species Clause: Limit one of each Pokémon
|rule|OHKO Clause: OHKO moves are banned
|rule|Evasion Items Clause: Evasion items are banned
|rule|Evasion Moves Clause: Evasion moves are banned
|rule|Evasion Abilities Clause: Evasion abilities are banned
|rule|Sleep Moves Clause: Sleep-inducing moves are banned
|clearpoke
|poke|p1|Rhydon, F|
|poke|p1|Ogerpon-Wellspring, F|
|poke|p1|Moltres|
|poke|p1|Raging Bolt|
|poke|p1|Weezing-Galar, F|
|poke|p1|Grimmsnarl, M|
|poke|p2|Latios, M|
|poke|p2|Weezing-Galar, M|
|poke|p2|Corviknight, M|
|poke|p2|Landorus-Therian, M|
|poke|p2|Bronzong|
|poke|p2|Hydreigon, M|
|teampreview
|inactive|Battle timer is ON: inactive players will automatically lose when time's up. (requested by pvughghi)
|
|t:|1759038461
|teamsize|p1|6
|teamsize|p2|6
|start
|switch|p1a: Grimmsnarl|Grimmsnarl, M|100/100
|switch|p2a: Latios|Latios, M|100/100
|turn|1
|
|t:|1759038469
|switch|p2a: Bronzong|Bronzong|100/100
|move|p1a: Grimmsnarl|Spirit Break|p2a: Bronzong
|-resisted|p2a: Bronzong
|-damage|p2a: Bronzong|85/100
|-unboost|p2a: Bronzong|spa|1
|
|-heal|p2a: Bronzong|91/100|[from] item: Leftovers
|upkeep
|turn|2
|
|t:|1759038495
|switch|p1a: Ogerpon|Ogerpon-Wellspring, F|100/100
|move|p2a: Bronzong|Stealth Rock|p1a: Ogerpon
|-sidestart|p1: Toxic Smite|move: Stealth Rock
|
|-heal|p2a: Bronzong|97/100|[from] item: Leftovers
|upkeep
|turn|3
|
|t:|1759038506
|switch|p2a: Weezing|Weezing-Galar, M|100/100
|move|p1a: Ogerpon|Swords Dance|p1a: Ogerpon
|-boost|p1a: Ogerpon|atk|2
|
|upkeep
|turn|4
|
|t:|1759038513
|-terastallize|p1a: Ogerpon|Water
|detailschange|p1a: Ogerpon|Ogerpon-Wellspring-Tera, F, tera:Water
|-ability|p1a: Ogerpon|Embody Aspect (Wellspring)|boost
|-boost|p1a: Ogerpon|spd|1
|move|p1a: Ogerpon|Ivy Cudgel|p2a: Weezing|[anim] Ivy Cudgel Water
|-damage|p2a: Weezing|0 fnt
|faint|p2a: Weezing
|
|upkeep
|
|t:|1759038525
|switch|p2a: Corviknight|Corviknight, M|100/100
|-ability|p2a: Corviknight|Pressure
|turn|5
|
|t:|1759038531
|move|p1a: Ogerpon|Ivy Cudgel|p2a: Corviknight|[anim] Ivy Cudgel Water
|-damage|p2a: Corviknight|1/100
|move|p2a: Corviknight|Brave Bird|p1a: Ogerpon
|-damage|p1a: Ogerpon|49/100
|-damage|p2a: Corviknight|0 fnt|[from] Recoil
|faint|p2a: Corviknight
|
|upkeep
|
|t:|1759038548
|switch|p2a: Latios|Latios, M|100/100
|turn|6
|
|t:|1759038551
|move|p2a: Latios|Luster Purge|p1a: Ogerpon
|-damage|p1a: Ogerpon|0 fnt
|faint|p1a: Ogerpon
|detailschange|p1: Ogerpon|Ogerpon-Wellspring, F|[silent]
|
|upkeep
|
|t:|1759038557
|switch|p1a: Weezing|Weezing-Galar, F|100/100
|-damage|p1a: Weezing|88/100|[from] Stealth Rock
|turn|7
|
|t:|1759038561
|switch|p1a: Grimmsnarl|Grimmsnarl, M|100/100
|-damage|p1a: Grimmsnarl|88/100|[from] Stealth Rock
|move|p2a: Latios|Luster Purge|p1a: Grimmsnarl
|-immune|p1a: Grimmsnarl
|
|upkeep
|turn|8
|
|t:|1759038568
|switch|p2a: Bronzong|Bronzong|97/100
|move|p1a: Grimmsnarl|Throat Chop|p2a: Bronzong
|-supereffective|p2a: Bronzong
|-damage|p2a: Bronzong|35/100
|-start|p2a: Bronzong|Throat Chop|[silent]
|
|-heal|p2a: Bronzong|41/100|[from] item: Leftovers
|upkeep
|turn|9
|
|t:|1759038579
|-terastallize|p2a: Bronzong|Fighting
|move|p1a: Grimmsnarl|Throat Chop|p2a: Bronzong
|-resisted|p2a: Bronzong
|-damage|p2a: Bronzong|24/100
|move|p2a: Bronzong|Gyro Ball|p1a: Grimmsnarl
|-supereffective|p1a: Grimmsnarl
|-damage|p1a: Grimmsnarl|0 fnt
|faint|p1a: Grimmsnarl
|
|-heal|p2a: Bronzong|30/100|[from] item: Leftovers
|-end|p2a: Bronzong|Throat Chop|[silent]
|upkeep
|
|t:|1759038591
|switch|p1a: Raging Bolt|Raging Bolt|100/100
|-damage|p1a: Raging Bolt|88/100|[from] Stealth Rock
|turn|10
|
|t:|1759038594
|switch|p2a: Landorus|Landorus-Therian, M|100/100
|-ability|p2a: Landorus|Intimidate|boost
|-unboost|p1a: Raging Bolt|atk|1
|move|p1a: Raging Bolt|Substitute|p1a: Raging Bolt
|-start|p1a: Raging Bolt|Substitute
|-damage|p1a: Raging Bolt|63/100
|
|-heal|p1a: Raging Bolt|70/100|[from] item: Leftovers
|upkeep
|turn|11
|
|t:|1759038601
|move|p2a: Landorus|Earthquake|p1a: Raging Bolt
|-supereffective|p1a: Raging Bolt
|-end|p1a: Raging Bolt|Substitute
|move|p1a: Raging Bolt|Dragon Pulse|p2a: Landorus
|-damage|p2a: Landorus|40/100
|
|-heal|p1a: Raging Bolt|76/100|[from] item: Leftovers
|upkeep
|turn|12
|
|t:|1759038608
|-end|p1a: Raging Bolt|Protosynthesis|[silent]
|switch|p1a: Moltres|Moltres|100/100
|move|p2a: Landorus|Earthquake|p1a: Moltres
|-immune|p1a: Moltres
|
|upkeep
|turn|13
|
|t:|1759038614
|move|p2a: Landorus|Stone Edge|p1a: Moltres
|-supereffective|p1a: Moltres
|-damage|p1a: Moltres|0 fnt
|faint|p1a: Moltres
|
|upkeep
|
|t:|1759038634
|switch|p1a: Weezing|Weezing-Galar, F|88/100
|-damage|p1a: Weezing|76/100|[from] Stealth Rock
|turn|14
|
|t:|1759038642
|switch|p2a: Hydreigon|Hydreigon, M|100/100
|move|p1a: Weezing|Dazzling Gleam|p2a: Hydreigon
|-supereffective|p2a: Hydreigon
|-damage|p2a: Hydreigon|0 fnt
|faint|p2a: Hydreigon
|
|upkeep
|
|t:|1759038647
|switch|p2a: Latios|Latios, M|100/100
|turn|15
|
|t:|1759038659
|switch|p1a: Raging Bolt|Raging Bolt|76/100
|-damage|p1a: Raging Bolt|63/100|[from] Stealth Rock
|move|p2a: Latios|Luster Purge|p1a: Raging Bolt
|-damage|p1a: Raging Bolt|6/100
|
|-heal|p1a: Raging Bolt|12/100|[from] item: Leftovers
|upkeep
|turn|16
|
|t:|1759038674
|move|p2a: Latios|Luster Purge|p1a: Raging Bolt
|-damage|p1a: Raging Bolt|0 fnt
|faint|p1a: Raging Bolt
|-end|p1a: Raging Bolt|Protosynthesis|[silent]
|
|upkeep
|
|t:|1759038684
|switch|p1a: Rhydon|Rhydon, F|100/100
|-damage|p1a: Rhydon|95/100|[from] Stealth Rock
|turn|17
|-message|Toxic Smite forfeited.
|
|win|pvughghi
|raw|Toxic Smite's rating: 1331 &rarr; <strong>1308</strong><br />(-23 for losing)
|raw|pvughghi's rating: 1270 &rarr; <strong>1299</strong><br />(+29 for winning)
|l|☆Toxic Smite
|player|p1|
|l|☆pvughghi
|player|p2|
