|j|☆UTF4N
|j|☆xiaoqian123
|t:|1758991805
|gametype|singles
|player|p1|UTF4N|palmer|1334
|player|p2|xiaoqian123|2|1326
|gen|9
|tier|[Gen 9] OU
|rated|
|rule|HP Percentage Mod: HP is shown in percentages
|rule|Endless Battle Clause: Forcing endless battles is banned
|rule|Species Clause: Limit one of each Pokémon
|rule|OHKO Clause: OHKO moves are banned
|rule|Evasion Items Clause: Evasion items are banned
|rule|Evasion Moves Clause: Evasion moves are banned
|rule|Evasion Abilities Clause: Evasion abilities are banned
|rule|Sleep Moves Clause: Sleep-inducing moves are banned
|clearpoke
|poke|p1|Ditto|
|poke|p1|Zoroark, F|
|poke|p1|Pecharunt|
|poke|p1|Chandelure, M|
|poke|p1|Excadrill, M|
|poke|p1|Iron Valiant|
|poke|p2|Suicune|
|poke|p2|Scream Tail|
|poke|p2|Amoonguss, M|
|poke|p2|Dragonite, M|
|poke|p2|Tyranitar, F|
|poke|p2|Skeledirge, F|
|teampreview
|inactive|Battle timer is ON: inactive players will automatically lose when time's up. (requested by xiaoqian123)
|
|t:|1758991822
|teamsize|p1|6
|teamsize|p2|6
|start
|switch|p1a: Ditto|Ditto|100/100
|switch|p2a: Tyranitar|Tyranitar, F, shiny|100/100
|-transform|p1a: Ditto|p2a: Tyranitar|[from] ability: Imposter
|-weather|Sandstorm|[from] ability: Sand Stream|[of] p1a: Ditto
|turn|1
|
|t:|1758991828
|move|p1a: Ditto|Low Kick|p2a: Tyranitar
|-supereffective|p2a: Tyranitar
|-damage|p2a: Tyranitar|0 fnt
|faint|p2a: Tyranitar
|
|-weather|Sandstorm|[upkeep]
|upkeep
|
|t:|1758991832
|switch|p2a: Amoonguss|Amoonguss, M|100/100
|turn|2
|
|t:|1758991839
|switch|p1a: Chandelure|Chandelure, M|100/100
|move|p2a: Amoonguss|Toxic|p1a: Chandelure
|-status|p1a: Chandelure|tox
|
|-weather|Sandstorm|[upkeep]
|-damage|p1a: Chandelure|94/100 tox|[from] Sandstorm
|-damage|p2a: Amoonguss|94/100|[from] Sandstorm
|-damage|p1a: Chandelure|88/100 tox|[from] psn
|upkeep
|turn|3
|
|t:|1758991842
|move|p2a: Amoonguss|Protect|p2a: Amoonguss
|-singleturn|p2a: Amoonguss|Protect
|move|p1a: Chandelure|Fire Blast|p2a: Amoonguss
|-activate|p2a: Amoonguss|move: Protect
|
|-weather|Sandstorm|[upkeep]
|-damage|p1a: Chandelure|82/100 tox|[from] Sandstorm
|-damage|p2a: Amoonguss|88/100|[from] Sandstorm
|-damage|p1a: Chandelure|70/100 tox|[from] psn
|upkeep
|turn|4
|
|t:|1758991848
|switch|p1a: Ditto|Ditto|100/100
|-transform|p1a: Ditto|p2a: Amoonguss|[from] ability: Imposter
|switch|p2a: Scream Tail|Scream Tail|100/100
|
|-weather|Sandstorm|[upkeep]
|-damage|p2a: Scream Tail|94/100|[from] Sandstorm
|-damage|p1a: Ditto|94/100|[from] Sandstorm
|-heal|p2a: Scream Tail|100/100|[from] item: Leftovers
|upkeep
|turn|5
|
|t:|1758991855
|move|p2a: Scream Tail|Thunder Wave|p1a: Ditto
|-status|p1a: Ditto|par
|move|p1a: Ditto|Toxic|p2a: Scream Tail
|-status|p2a: Scream Tail|tox
|
|-weather|none
|-damage|p2a: Scream Tail|94/100 tox|[from] psn
|upkeep
|turn|6
|
|t:|1758991861
|switch|p1a: Chandelure|Chandelure, M|70/100 tox
|move|p2a: Scream Tail|Stealth Rock|p1a: Chandelure
|-sidestart|p1: UTF4N|move: Stealth Rock
|
|-heal|p2a: Scream Tail|100/100 tox|[from] item: Leftovers
|-damage|p1a: Chandelure|64/100 tox|[from] psn
|-damage|p2a: Scream Tail|88/100 tox|[from] psn
|upkeep
|turn|7
|
|t:|1758991866
|move|p1a: Chandelure|Shadow Ball|p2a: Scream Tail
|-supereffective|p2a: Scream Tail
|-damage|p2a: Scream Tail|42/100 tox
|move|p2a: Scream Tail|Stomping Tantrum|p1a: Chandelure
|-supereffective|p1a: Chandelure
|-damage|p1a: Chandelure|30/100 tox
|
|-heal|p2a: Scream Tail|48/100 tox|[from] item: Leftovers
|-damage|p1a: Chandelure|18/100 tox|[from] psn
|-damage|p2a: Scream Tail|30/100 tox|[from] psn
|upkeep
|turn|8
|
|t:|1758991873
|move|p1a: Chandelure|Shadow Ball|p2a: Scream Tail
|-supereffective|p2a: Scream Tail
|-damage|p2a: Scream Tail|0 fnt
|faint|p2a: Scream Tail
|-end|p2a: Scream Tail|Protosynthesis|[silent]
|
|-damage|p1a: Chandelure|0 fnt|[from] psn
|faint|p1a: Chandelure
|upkeep
|
|t:|1758991879
|switch|p1a: Excadrill|Excadrill, M|100/100
|switch|p2a: Suicune|Suicune|100/100
|-damage|p1a: Excadrill|88/100|[from] Stealth Rock
|-item|p1a: Excadrill|Air Balloon
|-ability|p2a: Suicune|Pressure
|turn|9
|
|t:|1758991885
|move|p1a: Excadrill|Grass Knot|p2a: Suicune
|-supereffective|p2a: Suicune
|-crit|p2a: Suicune
|-damage|p2a: Suicune|30/100
|move|p2a: Suicune|Calm Mind|p2a: Suicune
|-boost|p2a: Suicune|spa|1
|-boost|p2a: Suicune|spd|1
|
|-heal|p2a: Suicune|36/100|[from] item: Leftovers
|upkeep
|turn|10
|
|t:|1758991893
|switch|p2a: Amoonguss|Amoonguss, M|100/100
|move|p1a: Excadrill|Grass Knot|p2a: Amoonguss
|-resisted|p2a: Amoonguss
|-damage|p2a: Amoonguss|97/100
|-damage|p1a: Excadrill|72/100|[from] item: Rocky Helmet|[of] p2a: Amoonguss
|
|upkeep
|turn|11
|
|t:|1758991899
|move|p1a: Excadrill|Flamethrower|p2a: Amoonguss
|-supereffective|p2a: Amoonguss
|-damage|p2a: Amoonguss|41/100
|-status|p2a: Amoonguss|brn
|move|p2a: Amoonguss|Giga Drain|p1a: Excadrill
|-damage|p1a: Excadrill|30/100
|-heal|p2a: Amoonguss|54/100 brn|[from] drain|[of] p1a: Excadrill
|replace|p1a: Zoroark|Zoroark, F
|-end|p1a: Zoroark|Illusion
|-enditem|p1a: Zoroark|Air Balloon
|
|-damage|p2a: Amoonguss|47/100 brn|[from] brn
|upkeep
|turn|12
|
|t:|1758991916
|switch|p2a: Suicune|Suicune|36/100
|-ability|p2a: Suicune|Pressure
|move|p1a: Zoroark|Dark Pulse|p2a: Suicune
|-damage|p2a: Suicune|4/100
|
|-heal|p2a: Suicune|10/100|[from] item: Leftovers
|upkeep
|turn|13
|
|t:|1758991924
|move|p1a: Zoroark|Dark Pulse|p2a: Suicune
|-damage|p2a: Suicune|0 fnt
|faint|p2a: Suicune
|
|upkeep
|
|t:|1758991928
|switch|p2a: Amoonguss|Amoonguss, M|81/100 brn
|turn|14
|
|t:|1758991931
|move|p1a: Zoroark|Flamethrower|p2a: Amoonguss
|-supereffective|p2a: Amoonguss
|-damage|p2a: Amoonguss|29/100 brn
|move|p2a: Amoonguss|Giga Drain|p1a: Zoroark
|-damage|p1a: Zoroark|0 fnt
|-heal|p2a: Amoonguss|38/100 brn|[from] drain|[of] p1a: Zoroark
|faint|p1a: Zoroark
|
|-damage|p2a: Amoonguss|32/100 brn|[from] brn
|upkeep
|
|t:|1758991937
|switch|p1a: Excadrill|Excadrill, M|100/100
|-damage|p1a: Excadrill|97/100|[from] Stealth Rock
|-ability|p1a: Excadrill|Mold Breaker
|-item|p1a: Excadrill|Air Balloon
|turn|15
|
|t:|1758991942
|move|p1a: Excadrill|Earthquake|p2a: Amoonguss
|-damage|p2a: Amoonguss|0 fnt
|faint|p2a: Amoonguss
|
|upkeep
|
|t:|1758991944
|switch|p2a: Dragonite|Dragonite, M, shiny|100/100
|turn|16
|
|t:|1758991947
|move|p1a: Excadrill|Rapid Spin|p2a: Dragonite
|-damage|p2a: Dragonite|80/100
|-boost|p1a: Excadrill|spe|1
|-sideend|p1: UTF4N|Stealth Rock|[from] move: Rapid Spin|[of] p1a: Excadrill
|move|p2a: Dragonite|Dragon Dance|p2a: Dragonite
|-boost|p2a: Dragonite|atk|1
|-boost|p2a: Dragonite|spe|1
|
|upkeep
|turn|17
|
|t:|1758991953
|move|p1a: Excadrill|Iron Head|p2a: Dragonite
|-damage|p2a: Dragonite|31/100
|move|p2a: Dragonite|Dragon Dance|p2a: Dragonite
|-boost|p2a: Dragonite|atk|1
|-boost|p2a: Dragonite|spe|1
|
|upkeep
|turn|18
|
|t:|1758991963
|-terastallize|p2a: Dragonite|Normal
|move|p2a: Dragonite|Extreme Speed|p1a: Excadrill
|-resisted|p1a: Excadrill
|-damage|p1a: Excadrill|27/100
|-enditem|p1a: Excadrill|Air Balloon
|move|p1a: Excadrill|Iron Head|p2a: Dragonite
|-damage|p2a: Dragonite|0 fnt
|faint|p2a: Dragonite
|
|upkeep
|
|t:|1758991968
|switch|p2a: Skeledirge|Skeledirge, F|100/100
|turn|19
|
|t:|1758991971
|move|p1a: Excadrill|Earthquake|p2a: Skeledirge
|-supereffective|p2a: Skeledirge
|-damage|p2a: Skeledirge|18/100
|move|p2a: Skeledirge|Torch Song|p1a: Excadrill
|-supereffective|p1a: Excadrill
|-crit|p1a: Excadrill
|-damage|p1a: Excadrill|0 fnt
|-boost|p2a: Skeledirge|spa|1
|faint|p1a: Excadrill
|
|upkeep
|
|t:|1758991979
|switch|p1a: Iron Valiant|Iron Valiant|100/100
|turn|20
|
|t:|1758991982
|move|p1a: Iron Valiant|Thunder Punch|p2a: Skeledirge
|-damage|p2a: Skeledirge|0 fnt
|faint|p2a: Skeledirge
|-damage|p1a: Iron Valiant|91/100|[from] item: Life Orb
|
|win|UTF4N
|raw|UTF4N's rating: 1334 &rarr; <strong>1354</strong><br />(+20 for winning)
|raw|xiaoqian123's rating: 1326 &rarr; <strong>1306</strong><br />(-20 for losing)
|l|☆xiaoqian123
|player|p2|
|l|☆UTF4N
|player|p1|
