|j|☆shayok919
|j|☆Nouxia
|t:|1758961482
|gametype|singles
|player|p1|shayok919|unknown|1258
|player|p2|Nouxia|102|1259
|gen|9
|tier|[Gen 9] OU
|rated|
|rule|HP Percentage Mod: HP is shown in percentages
|rule|Endless Battle Clause: Forcing endless battles is banned
|rule|Species Clause: Limit one of each Pokémon
|rule|OHKO Clause: OHKO moves are banned
|rule|Evasion Items Clause: Evasion items are banned
|rule|Evasion Moves Clause: Evasion moves are banned
|rule|Evasion Abilities Clause: Evasion abilities are banned
|rule|Sleep Moves Clause: Sleep-inducing moves are banned
|clearpoke
|poke|p1|Araquanid, M|
|poke|p1|Garganacl, M|
|poke|p1|Great Tusk|
|poke|p1|Skeledirge, M|
|poke|p1|Ting-Lu|
|poke|p1|Zamazenta-*|
|poke|p2|Salamence, F|
|poke|p2|Tyranitar, F|
|poke|p2|Excadrill, F|
|poke|p2|Clefable, F|
|poke|p2|Great Tusk|
|poke|p2|Iron Moth|
|teampreview
|inactive|Battle timer is ON: inactive players will automatically lose when time's up. (requested by shayok919)
|
|t:|1758961511
|teamsize|p1|6
|teamsize|p2|6
|start
|switch|p1a: Araquanid|Araquanid, M|100/100
|switch|p2a: Salamence|Salamence, F|100/100
|-ability|p2a: Salamence|Intimidate|boost
|-unboost|p1a: Araquanid|atk|1
|turn|1
|
|t:|1758961516
|move|p2a: Salamence|Hurricane|p1a: Araquanid|[miss]
|-miss|p2a: Salamence|p1a: Araquanid
|move|p1a: Araquanid|Liquidation|p2a: Salamence
|-resisted|p2a: Salamence
|-damage|p2a: Salamence|81/100
|
|upkeep
|turn|2
|
|t:|1758961521
|move|p2a: Salamence|Hurricane|p1a: Araquanid
|-supereffective|p1a: Araquanid
|-damage|p1a: Araquanid|30/100
|move|p1a: Araquanid|Sticky Web|p2a: Salamence
|-sidestart|p2: Nouxia|move: Sticky Web
|
|upkeep
|turn|3
|
|t:|1758961525
|move|p2a: Salamence|Hurricane|p1a: Araquanid
|-supereffective|p1a: Araquanid
|-damage|p1a: Araquanid|0 fnt
|faint|p1a: Araquanid
|
|upkeep
|
|t:|1758961529
|switch|p1a: The WALL|Garganacl, M|100/100
|turn|4
|
|t:|1758961533
|switch|p2a: Great Tusk|Great Tusk|100/100
|move|p1a: The WALL|Salt Cure|p2a: Great Tusk
|-resisted|p2a: Great Tusk
|-damage|p2a: Great Tusk|98/100
|-start|p2a: Great Tusk|Salt Cure
|
|-damage|p2a: Great Tusk|86/100|[from] Salt Cure
|upkeep
|turn|5
|
|t:|1758961539
|switch|p1a: It's Donphan|Great Tusk|100/100
|-enditem|p1a: It's Donphan|Booster Energy
|-activate|p1a: It's Donphan|ability: Protosynthesis|[fromitem]
|-start|p1a: It's Donphan|protosynthesisspe
|move|p2a: Great Tusk|Rapid Spin|p1a: It's Donphan
|-damage|p1a: It's Donphan|89/100
|-boost|p2a: Great Tusk|spe|1
|-sideend|p2: Nouxia|Sticky Web|[from] move: Rapid Spin|[of] p2a: Great Tusk
|
|-damage|p2a: Great Tusk|73/100|[from] Salt Cure
|upkeep
|turn|6
|inactive|Nouxia has 120 seconds left.
|
|t:|1758961579
|-end|p2a: Great Tusk|Protosynthesis|[silent]
|switch|p2a: Salamence|Salamence, F|81/100
|-ability|p2a: Salamence|Intimidate|boost
|-unboost|p1a: It's Donphan|atk|1
|move|p1a: It's Donphan|Bulk Up|p1a: It's Donphan
|-boost|p1a: It's Donphan|atk|1
|-boost|p1a: It's Donphan|def|1
|
|upkeep
|turn|7
|inactive|Nouxia has 120 seconds left.
|
|t:|1758961589
|move|p1a: It's Donphan|Ice Spinner|p2a: Salamence
|-supereffective|p2a: Salamence
|-damage|p2a: Salamence|11/100
|move|p2a: Salamence|Hurricane|p1a: It's Donphan
|-supereffective|p1a: It's Donphan
|-damage|p1a: It's Donphan|0 fnt
|faint|p1a: It's Donphan
|-end|p1a: It's Donphan|Protosynthesis|[silent]
|
|upkeep
|
|t:|1758961599
|switch|p1a: Skeledirge|Skeledirge, M|100/100
|turn|8
|
|t:|1758961604
|move|p2a: Salamence|Roost|p2a: Salamence
|-heal|p2a: Salamence|61/100
|-singleturn|p2a: Salamence|move: Roost
|move|p1a: Skeledirge|Torch Song|p2a: Salamence
|-resisted|p2a: Salamence
|-damage|p2a: Salamence|46/100
|-boost|p1a: Skeledirge|spa|1
|
|upkeep
|turn|9
|
|t:|1758961619
|switch|p2a: Tyranitar|Tyranitar, F|100/100
|-weather|Sandstorm|[from] ability: Sand Stream|[of] p2a: Tyranitar
|move|p1a: Skeledirge|Shadow Ball|p2a: Tyranitar
|-resisted|p2a: Tyranitar
|-damage|p2a: Tyranitar|92/100
|
|-weather|Sandstorm|[upkeep]
|-damage|p1a: Skeledirge|94/100|[from] Sandstorm
|upkeep
|turn|10
|
|t:|1758961626
|switch|p1a: Garurumon|Zamazenta|100/100
|-ability|p1a: Garurumon|Dauntless Shield|boost
|-boost|p1a: Garurumon|def|1
|move|p2a: Tyranitar|Knock Off|p1a: Garurumon
|-resisted|p1a: Garurumon
|-damage|p1a: Garurumon|88/100
|-damage|p2a: Tyranitar|76/100|[from] item: Rocky Helmet|[of] p1a: Garurumon
|-enditem|p1a: Garurumon|Rocky Helmet|[from] move: Knock Off|[of] p2a: Tyranitar
|
|-weather|Sandstorm|[upkeep]
|-damage|p1a: Garurumon|81/100|[from] Sandstorm
|upkeep
|turn|11
|
|t:|1758961645
|switch|p2a: Salamence|Salamence, F|46/100
|-ability|p2a: Salamence|Intimidate|boost
|-unboost|p1a: Garurumon|atk|1
|move|p1a: Garurumon|Iron Defense|p1a: Garurumon
|-boost|p1a: Garurumon|def|2
|
|-weather|Sandstorm|[upkeep]
|-damage|p1a: Garurumon|75/100|[from] Sandstorm
|-damage|p2a: Salamence|40/100|[from] Sandstorm
|upkeep
|turn|12
|
|t:|1758961650
|move|p1a: Garurumon|Body Press|p2a: Salamence
|-resisted|p2a: Salamence
|-damage|p2a: Salamence|13/100
|move|p2a: Salamence|Roost|p2a: Salamence
|-heal|p2a: Salamence|63/100
|-singleturn|p2a: Salamence|move: Roost
|
|-weather|Sandstorm|[upkeep]
|-damage|p1a: Garurumon|69/100|[from] Sandstorm
|-damage|p2a: Salamence|57/100|[from] Sandstorm
|upkeep
|turn|13
|
|t:|1758961655
|move|p1a: Garurumon|Iron Defense|p1a: Garurumon
|-boost|p1a: Garurumon|def|2
|move|p2a: Salamence|Roost|p2a: Salamence
|-heal|p2a: Salamence|100/100
|-singleturn|p2a: Salamence|move: Roost
|
|-weather|none
|upkeep
|turn|14
|
|t:|1758961657
|move|p1a: Garurumon|Body Press|p2a: Salamence
|-resisted|p2a: Salamence
|-crit|p2a: Salamence
|-damage|p2a: Salamence|46/100
|move|p2a: Salamence|Hurricane|p1a: Garurumon|[miss]
|-miss|p2a: Salamence|p1a: Garurumon
|
|upkeep
|turn|15
|
|t:|1758961663
|move|p1a: Garurumon|Body Press|p2a: Salamence
|-resisted|p2a: Salamence
|-damage|p2a: Salamence|5/100
|move|p2a: Salamence|Roost|p2a: Salamence
|-heal|p2a: Salamence|55/100
|-singleturn|p2a: Salamence|move: Roost
|
|upkeep
|turn|16
|
|t:|1758961670
|move|p1a: Garurumon|Iron Defense|p1a: Garurumon
|-boost|p1a: Garurumon|def|1
|move|p2a: Salamence|Roost|p2a: Salamence
|-heal|p2a: Salamence|100/100
|-singleturn|p2a: Salamence|move: Roost
|
|upkeep
|turn|17
|
|t:|1758961672
|move|p1a: Garurumon|Body Press|p2a: Salamence
|-resisted|p2a: Salamence
|-damage|p2a: Salamence|53/100
|move|p2a: Salamence|Hurricane|p1a: Garurumon
|-supereffective|p1a: Garurumon
|-damage|p1a: Garurumon|0 fnt
|faint|p1a: Garurumon
|
|upkeep
|
|t:|1758961680
|switch|p1a: Ting-Lu|Ting-Lu|100/100
|-ability|p1a: Ting-Lu|Vessel of Ruin
|turn|18
|
|t:|1758961685
|move|p2a: Salamence|Roost|p2a: Salamence
|-heal|p2a: Salamence|100/100
|-singleturn|p2a: Salamence|move: Roost
|move|p1a: Ting-Lu|Heavy Slam|p2a: Salamence
|-damage|p2a: Salamence|75/100
|
|upkeep
|turn|19
|-message|shayok919 forfeited.
|
|win|Nouxia
|raw|shayok919's rating: 1258 &rarr; <strong>1233</strong><br />(-25 for losing)
|raw|Nouxia's rating: 1259 &rarr; <strong>1284</strong><br />(+25 for winning)
|l|☆shayok919
|player|p1|
|l|☆Nouxia
|player|p2|
