|j|☆jietouxiaoyu
|j|☆Thibault56
|t:|1758970663
|gametype|singles
|player|p1|jietouxiaoyu|265|1620
|player|p2|Thibault56|acetrainer|1622
|gen|9
|tier|[Gen 9] OU
|rated|
|rule|HP Percentage Mod: HP is shown in percentages
|rule|Endless Battle Clause: Forcing endless battles is banned
|rule|Species Clause: Limit one of each Pokémon
|rule|OHKO Clause: OHKO moves are banned
|rule|Evasion Items Clause: Evasion items are banned
|rule|Evasion Moves Clause: Evasion moves are banned
|rule|Evasion Abilities Clause: Evasion abilities are banned
|rule|Sleep Moves Clause: Sleep-inducing moves are banned
|clearpoke
|poke|p1|Dragapult, M|
|poke|p1|Primarina, F|
|poke|p1|Great Tusk|
|poke|p1|Moltres|
|poke|p1|Ting-Lu|
|poke|p1|Raging Bolt|
|poke|p2|Clodsire, M|
|poke|p2|Pelipper, F|
|poke|p2|Barraskewda, F|
|poke|p2|Zapdos|
|poke|p2|Corviknight, F|
|poke|p2|Incineroar, F|
|teampreview
|inactive|Battle timer is ON: inactive players will automatically lose when time's up. (requested by Thibault56)
|
|t:|1758970670
|teamsize|p1|6
|teamsize|p2|6
|start
|switch|p1a: 多龙巴鲁托|Dragapult, M|100/100
|switch|p2a: Clodsire|Clodsire, M|100/100
|turn|1
|
|t:|1758970677
|move|p1a: 多龙巴鲁托|Dragon Darts|p2a: Clodsire
|-damage|p2a: Clodsire|56/100
|-anim|p1a: 多龙巴鲁托|Dragon Darts|p2a: Clodsire
|-damage|p2a: Clodsire|12/100
|move|p2a: Clodsire|Toxic|p1a: 多龙巴鲁托
|-status|p1a: 多龙巴鲁托|tox
|
|-heal|p2a: Clodsire|18/100|[from] item: Leftovers
|-damage|p1a: 多龙巴鲁托|95/100 tox|[from] psn
|upkeep
|turn|2
|
|t:|1758970691
|switch|p1a: Raging Bolt|Raging Bolt|100/100
|-enditem|p1a: Raging Bolt|Booster Energy
|-activate|p1a: Raging Bolt|ability: Protosynthesis|[fromitem]
|-start|p1a: Raging Bolt|protosynthesisspa
|-terastallize|p2a: Clodsire|Fairy
|move|p2a: Clodsire|Recover|p2a: Clodsire
|-heal|p2a: Clodsire|68/100
|
|-heal|p2a: Clodsire|74/100|[from] item: Leftovers
|upkeep
|turn|3
|inactive|jietouxiaoyu has 120 seconds left.
|
|t:|1758970735
|-end|p1a: Raging Bolt|Protosynthesis|[silent]
|switch|p1a: Great Tusk|Great Tusk|100/100
|move|p2a: Clodsire|Toxic|p1a: Great Tusk
|-status|p1a: Great Tusk|tox
|
|-heal|p2a: Clodsire|80/100|[from] item: Leftovers
|-damage|p1a: Great Tusk|94/100 tox|[from] psn
|upkeep
|turn|4
|inactive|Thibault56 has 120 seconds left.
|
|t:|1758970767
|switch|p2a: Corviknight|Corviknight, F|100/100
|-ability|p2a: Corviknight|Pressure
|move|p1a: Great Tusk|Knock Off|p2a: Corviknight
|-damage|p2a: Corviknight|79/100
|-damage|p1a: Great Tusk|78/100 tox|[from] item: Rocky Helmet|[of] p2a: Corviknight
|-enditem|p2a: Corviknight|Rocky Helmet|[from] move: Knock Off|[of] p1a: Great Tusk
|
|-damage|p1a: Great Tusk|65/100 tox|[from] psn
|upkeep
|turn|5
|inactive|jietouxiaoyu has 120 seconds left.
|
|t:|1758970782
|-end|p1a: Great Tusk|Protosynthesis|[silent]
|switch|p1a: Moltres|Moltres|100/100
|move|p2a: Corviknight|U-turn|p1a: Moltres
|-resisted|p1a: Moltres
|-damage|p1a: Moltres|98/100
|inactive|Thibault56 has 120 seconds left.
|
|t:|1758970794
|switch|p2a: Pelipper|Pelipper, F|100/100|[from] U-turn
|-weather|RainDance|[from] ability: Drizzle|[of] p2a: Pelipper
|
|-weather|RainDance|[upkeep]
|upkeep
|turn|6
|
|t:|1758970800
|switch|p1a: Primarina|Primarina, F|100/100
|move|p2a: Pelipper|Weather Ball|p1a: Primarina
|-resisted|p1a: Primarina
|-damage|p1a: Primarina|81/100
|
|-weather|RainDance|[upkeep]
|upkeep
|turn|7
|inactive|Thibault56 has 120 seconds left.
|
|t:|1758970836
|switch|p2a: Clodsire|Clodsire, M, tera:Fairy|80/100
|move|p1a: Primarina|Surf|p2a: Clodsire
|-heal|p2a: Clodsire|100/100|[from] ability: Water Absorb|[of] p1a: Primarina
|
|-weather|RainDance|[upkeep]
|upkeep
|turn|8
|
|t:|1758970854
|switch|p1a: 多龙巴鲁托|Dragapult, M|95/100 tox
|move|p2a: Clodsire|Earthquake|p1a: 多龙巴鲁托
|-damage|p1a: 多龙巴鲁托|54/100 tox
|
|-weather|RainDance|[upkeep]
|-damage|p1a: 多龙巴鲁托|48/100 tox|[from] psn
|upkeep
|turn|9
|
|t:|1758970862
|switch|p2a: Incineroar|Incineroar, F|100/100
|-ability|p2a: Incineroar|Intimidate|boost
|-fail|p1a: 多龙巴鲁托|unboost|[from] ability: Clear Body|[of] p1a: 多龙巴鲁托
|-terastallize|p1a: 多龙巴鲁托|Ghost
|move|p1a: 多龙巴鲁托|Tera Blast|p2a: Incineroar|[anim] Tera Blast Ghost
|-resisted|p2a: Incineroar
|-damage|p2a: Incineroar|62/100
|
|-weather|RainDance|[upkeep]
|-damage|p1a: 多龙巴鲁托|36/100 tox|[from] psn
|upkeep
|turn|10
|
|t:|1758970885
|switch|p1a: Moltres|Moltres|98/100
|move|p2a: Incineroar|Parting Shot|p1a: Moltres
|-unboost|p1a: Moltres|atk|1
|-unboost|p1a: Moltres|spa|1
|
|t:|1758970890
|switch|p2a: Barraskewda|Barraskewda, F|100/100|[from] Parting Shot
|
|-weather|RainDance|[upkeep]
|upkeep
|turn|11
|
|t:|1758970897
|switch|p1a: Raging Bolt|Raging Bolt|100/100
|move|p2a: Barraskewda|Flip Turn|p1a: Raging Bolt
|-resisted|p1a: Raging Bolt
|-damage|p1a: Raging Bolt|70/100
|inactive|Thibault56 has 90 seconds left.
|
|t:|1758970928
|switch|p2a: Clodsire|Clodsire, M, tera:Fairy|100/100|[from] Flip Turn
|
|-weather|RainDance|[upkeep]
|upkeep
|turn|12
|inactive|jietouxiaoyu has 120 seconds left.
|
|t:|1758970974
|move|p1a: Raging Bolt|Thunderbolt|p2a: Clodsire
|-damage|p2a: Clodsire|73/100
|move|p2a: Clodsire|Earthquake|p1a: Raging Bolt
|-supereffective|p1a: Raging Bolt
|-damage|p1a: Raging Bolt|23/100
|
|-weather|none
|-heal|p2a: Clodsire|79/100|[from] item: Leftovers
|upkeep
|turn|13
|inactive|Thibault56 has 90 seconds left.
|
|t:|1758970999
|move|p1a: Raging Bolt|Thunderbolt|p2a: Clodsire
|-damage|p2a: Clodsire|52/100
|move|p2a: Clodsire|Recover|p2a: Clodsire
|-heal|p2a: Clodsire|100/100
|
|upkeep
|turn|14
|inactive|jietouxiaoyu has 90 seconds left.
|
|t:|1758971027
|move|p1a: Raging Bolt|Thunderbolt|p2a: Clodsire
|-damage|p2a: Clodsire|70/100
|move|p2a: Clodsire|Earthquake|p1a: Raging Bolt
|-supereffective|p1a: Raging Bolt
|-damage|p1a: Raging Bolt|0 fnt
|faint|p1a: Raging Bolt
|-end|p1a: Raging Bolt|Protosynthesis|[silent]
|
|-heal|p2a: Clodsire|76/100|[from] item: Leftovers
|upkeep
|inactive|jietouxiaoyu has 90 seconds left.
|
|t:|1758971035
|switch|p1a: 多龙巴鲁托|Dragapult, M, tera:Ghost|36/100 tox
|turn|15
|inactive|Thibault56 has 90 seconds left.
|
|t:|1758971041
|switch|p2a: Incineroar|Incineroar, F|62/100
|-ability|p2a: Incineroar|Intimidate|boost
|-fail|p1a: 多龙巴鲁托|unboost|[from] ability: Clear Body|[of] p1a: 多龙巴鲁托
|move|p1a: 多龙巴鲁托|Tera Blast|p2a: Incineroar|[anim] Tera Blast Ghost
|-resisted|p2a: Incineroar
|-damage|p2a: Incineroar|23/100
|
|-damage|p1a: 多龙巴鲁托|30/100 tox|[from] psn
|upkeep
|turn|16
|
|t:|1758971049
|move|p1a: 多龙巴鲁托|Tera Blast|p2a: Incineroar|[anim] Tera Blast Ghost
|-resisted|p2a: Incineroar
|-damage|p2a: Incineroar|0 fnt
|faint|p2a: Incineroar
|
|-damage|p1a: 多龙巴鲁托|18/100 tox|[from] psn
|upkeep
|inactive|Thibault56 has 90 seconds left.
|
|t:|1758971080
|switch|p2a: Barraskewda|Barraskewda, F|100/100
|turn|17
|
|t:|1758971093
|switch|p1a: Primarina|Primarina, F|81/100
|move|p2a: Barraskewda|Aqua Jet|p1a: Primarina
|-resisted|p1a: Primarina
|-damage|p1a: Primarina|62/100
|
|upkeep
|turn|18
|
|t:|1758971114
|switch|p2a: Clodsire|Clodsire, M, tera:Fairy|76/100
|move|p1a: Primarina|Moonblast|p2a: Clodsire
|-damage|p2a: Clodsire|49/100
|
|-heal|p2a: Clodsire|55/100|[from] item: Leftovers
|upkeep
|turn|19
|inactive|jietouxiaoyu has 120 seconds left.
|
|t:|1758971129
|move|p1a: Primarina|Psychic Noise|p2a: Clodsire
|-damage|p2a: Clodsire|40/100
|-start|p2a: Clodsire|move: Heal Block
|move|p2a: Clodsire|Earthquake|p1a: Primarina
|-damage|p1a: Primarina|28/100
|
|upkeep
|turn|20
|
|t:|1758971139
|move|p1a: Primarina|Moonblast|p2a: Clodsire
|-damage|p2a: Clodsire|10/100
|move|p2a: Clodsire|Gunk Shot|p1a: Primarina|[miss]
|-miss|p2a: Clodsire|p1a: Primarina
|
|-end|p2a: Clodsire|move: Heal Block
|upkeep
|turn|21
|
|t:|1758971148
|move|p1a: Primarina|Moonblast|p2a: Clodsire
|-damage|p2a: Clodsire|0 fnt
|faint|p2a: Clodsire
|
|upkeep
|
|t:|1758971155
|switch|p2a: Barraskewda|Barraskewda, F|100/100
|turn|22
|
|t:|1758971167
|switch|p1a: Great Tusk|Great Tusk|65/100 tox
|move|p2a: Barraskewda|Flip Turn|p1a: Great Tusk
|-supereffective|p1a: Great Tusk
|-damage|p1a: Great Tusk|0 fnt
|-damage|p2a: Barraskewda|84/100|[from] item: Rocky Helmet|[of] p1a: Great Tusk
|faint|p1a: Great Tusk
|-end|p1a: Great Tusk|Protosynthesis|[silent]
|inactive|Thibault56 has 90 seconds left.
|inactive|Thibault56 has 60 seconds left.
|
|t:|1758971204
|switch|p2a: Corviknight|Corviknight, F|79/100|[from] Flip Turn
|-ability|p2a: Corviknight|Pressure
|
|upkeep
|
|t:|1758971211
|switch|p1a: Moltres|Moltres|98/100
|turn|23
|
|t:|1758971217
|switch|p2a: Pelipper|Pelipper, F|100/100
|-weather|RainDance|[from] ability: Drizzle|[of] p2a: Pelipper
|move|p1a: Moltres|U-turn|p2a: Pelipper
|-resisted|p2a: Pelipper
|-damage|p2a: Pelipper|92/100
|
|t:|1758971223
|switch|p1a: Primarina|Primarina, F|28/100|[from] U-turn
|
|-weather|RainDance|[upkeep]
|upkeep
|turn|24
|
|t:|1758971230
|move|p2a: Pelipper|Hurricane|p1a: Primarina
|-damage|p1a: Primarina|0 fnt
|faint|p1a: Primarina
|
|-weather|RainDance|[upkeep]
|upkeep
|-message|jietouxiaoyu forfeited.
|
|win|Thibault56
|raw|jietouxiaoyu's rating: 1620 &rarr; <strong>1601</strong><br />(-19 for losing)
|raw|Thibault56's rating: 1637 &rarr; <strong>1656</strong><br />(+19 for winning)
|l|☆jietouxiaoyu
|player|p1|
|l|☆Thibault56
|player|p2|
