|j|☆master ball rus
|j|☆lerendezvous
|t:|1758917654
|gametype|singles
|player|p1|master ball rus|swimmer-gen4|1608
|player|p2|lerendezvous|101|1706
|gen|9
|tier|[Gen 9] OU
|rated|
|rule|HP Percentage Mod: HP is shown in percentages
|rule|Endless Battle Clause: Forcing endless battles is banned
|rule|Species Clause: Limit one of each Pokémon
|rule|OHKO Clause: OHKO moves are banned
|rule|Evasion Items Clause: Evasion items are banned
|rule|Evasion Moves Clause: Evasion moves are banned
|rule|Evasion Abilities Clause: Evasion abilities are banned
|rule|Sleep Moves Clause: Sleep-inducing moves are banned
|clearpoke
|poke|p1|Gholdengo|
|poke|p1|Zamazenta-*|
|poke|p1|Ting-Lu|
|poke|p1|Clefable, F|
|poke|p1|Dragonite, M|
|poke|p1|Deoxys-Speed|
|poke|p2|Ogerpon-Wellspring, F|
|poke|p2|Slowking-Galar, M|
|poke|p2|Great Tusk|
|poke|p2|Moltres|
|poke|p2|Dragapult, F|
|poke|p2|Kingambit, F|
|teampreview
|
|t:|1758917663
|teamsize|p1|6
|teamsize|p2|6
|start
|switch|p1a: Ting-Lu|Ting-Lu|100/100
|switch|p2a: Ogerpon|Ogerpon-Wellspring, F|100/100
|-ability|p1a: Ting-Lu|Vessel of Ruin
|turn|1
|inactive|Battle timer is ON: inactive players will automatically lose when time's up. (requested by lerendezvous)
|
|t:|1758917670
|move|p2a: Ogerpon|Ivy Cudgel|p1a: Ting-Lu|[anim] Ivy Cudgel Water
|-supereffective|p1a: Ting-Lu
|-damage|p1a: Ting-Lu|33/100
|move|p1a: Ting-Lu|Ruination|p2a: Ogerpon
|-damage|p2a: Ogerpon|51/100
|
|-heal|p1a: Ting-Lu|39/100|[from] item: Leftovers
|upkeep
|turn|2
|
|t:|1758917678
|switch|p1a: Zamazenta|Zamazenta|100/100
|-ability|p1a: Zamazenta|Dauntless Shield|boost
|-boost|p1a: Zamazenta|def|1
|move|p2a: Ogerpon|Ivy Cudgel|p1a: Zamazenta|[anim] Ivy Cudgel Water
|-damage|p1a: Zamazenta|65/100
|
|upkeep
|turn|3
|
|t:|1758917685
|switch|p2a: Great Tusk|Great Tusk|100/100
|move|p1a: Zamazenta|Stone Edge|p2a: Great Tusk
|-resisted|p2a: Great Tusk
|-crit|p2a: Great Tusk
|-damage|p2a: Great Tusk|92/100
|
|upkeep
|turn|4
|
|t:|1758917691
|switch|p1a: Clefable|Clefable, F|100/100
|move|p2a: Great Tusk|Headlong Rush|p1a: Clefable
|-damage|p1a: Clefable|51/100
|-unboost|p2a: Great Tusk|def|1
|-unboost|p2a: Great Tusk|spd|1
|-damage|p2a: Great Tusk|75/100|[from] item: Rocky Helmet|[of] p1a: Clefable
|
|upkeep
|turn|5
|
|t:|1758917701
|move|p2a: Great Tusk|Headlong Rush|p1a: Clefable
|-damage|p1a: Clefable|5/100
|-unboost|p2a: Great Tusk|def|1
|-unboost|p2a: Great Tusk|spd|1
|-damage|p2a: Great Tusk|59/100|[from] item: Rocky Helmet|[of] p1a: Clefable
|move|p1a: Clefable|Knock Off|p2a: Great Tusk
|-resisted|p2a: Great Tusk
|-damage|p2a: Great Tusk|48/100
|-enditem|p2a: Great Tusk|Rocky Helmet|[from] move: Knock Off|[of] p1a: Clefable
|
|upkeep
|turn|6
|
|t:|1758917712
|move|p2a: Great Tusk|Rapid Spin|p1a: Clefable
|-damage|p1a: Clefable|0 fnt
|-boost|p2a: Great Tusk|spe|1
|-damage|p2a: Great Tusk|31/100|[from] item: Rocky Helmet|[of] p1a: Clefable
|faint|p1a: Clefable
|
|upkeep
|
|t:|1758917715
|switch|p1a: Dragonite|Dragonite, M|100/100
|turn|7
|
|t:|1758917721
|-end|p2a: Great Tusk|Protosynthesis|[silent]
|switch|p2a: Moltres|Moltres|100/100
|move|p1a: Dragonite|Extreme Speed|p2a: Moltres
|-damage|p2a: Moltres|78/100
|
|upkeep
|turn|8
|
|t:|1758917735
|move|p2a: Moltres|Flamethrower|p1a: Dragonite
|-resisted|p1a: Dragonite
|-damage|p1a: Dragonite|93/100
|move|p1a: Dragonite|Dragon Tail|p2a: Moltres
|-damage|p2a: Moltres|55/100
|drag|p2a: Kingambit|Kingambit, F|100/100
|
|upkeep
|turn|9
|j| IM AT MY LIMIT
|
|t:|1758917744
|-end|p2a: Kingambit|fallenundefined|[silent]
|switch|p2a: Moltres|Moltres|55/100
|move|p1a: Dragonite|Earthquake|p2a: Moltres
|-immune|p2a: Moltres
|
|upkeep
|turn|10
|
|t:|1758917750
|move|p2a: Moltres|Roost|p2a: Moltres
|-heal|p2a: Moltres|100/100
|-singleturn|p2a: Moltres|move: Roost
|move|p1a: Dragonite|Dragon Tail|p2a: Moltres
|-damage|p2a: Moltres|76/100
|drag|p2a: Slowking|Slowking-Galar, M|100/100
|
|upkeep
|turn|11
|
|t:|1758917756
|move|p1a: Dragonite|Earthquake|p2a: Slowking
|-supereffective|p2a: Slowking
|-damage|p2a: Slowking|21/100
|move|p2a: Slowking|Ice Beam|p1a: Dragonite
|-supereffective|p1a: Dragonite
|-damage|p1a: Dragonite|0 fnt
|faint|p1a: Dragonite
|
|upkeep
|
|t:|1758917767
|switch|p1a: Ting-Lu|Ting-Lu|39/100
|-ability|p1a: Ting-Lu|Vessel of Ruin
|turn|12
|
|t:|1758917773
|switch|p2a: Ogerpon|Ogerpon-Wellspring, F|51/100
|move|p1a: Ting-Lu|Spikes|p2a: Ogerpon
|-sidestart|p2: lerendezvous|Spikes
|
|-heal|p1a: Ting-Lu|45/100|[from] item: Leftovers
|upkeep
|turn|13
|
|t:|1758917783
|switch|p1a: Zamazenta|Zamazenta|65/100
|move|p2a: Ogerpon|Ivy Cudgel|p1a: Zamazenta|[anim] Ivy Cudgel Water
|-damage|p1a: Zamazenta|17/100
|
|upkeep
|turn|14
|
|t:|1758917790
|switch|p2a: Moltres|Moltres|76/100
|move|p1a: Zamazenta|Close Combat|p2a: Moltres
|-resisted|p2a: Moltres
|-damage|p2a: Moltres|55/100
|-unboost|p1a: Zamazenta|def|1
|-unboost|p1a: Zamazenta|spd|1
|-status|p1a: Zamazenta|brn|[from] ability: Flame Body|[of] p2a: Moltres
|
|-damage|p1a: Zamazenta|11/100 brn|[from] brn
|upkeep
|turn|15
|
|t:|1758917796
|move|p1a: Zamazenta|Stone Edge|p2a: Moltres
|-supereffective|p2a: Moltres
|-damage|p2a: Moltres|11/100
|move|p2a: Moltres|Roost|p2a: Moltres
|-heal|p2a: Moltres|61/100
|-singleturn|p2a: Moltres|move: Roost
|
|-damage|p1a: Zamazenta|5/100 brn|[from] brn
|upkeep
|turn|16
|
|t:|1758917802
|move|p1a: Zamazenta|Stone Edge|p2a: Moltres
|-supereffective|p2a: Moltres
|-damage|p2a: Moltres|17/100
|move|p2a: Moltres|Roost|p2a: Moltres
|-heal|p2a: Moltres|67/100
|-singleturn|p2a: Moltres|move: Roost
|
|-damage|p1a: Zamazenta|0 fnt|[from] brn
|faint|p1a: Zamazenta
|upkeep
|
|t:|1758917807
|switch|p1a: Ting-Lu|Ting-Lu|45/100
|-ability|p1a: Ting-Lu|Vessel of Ruin
|turn|17
|
|t:|1758917815
|move|p2a: Moltres|U-turn|p1a: Ting-Lu
|-supereffective|p1a: Ting-Lu
|-damage|p1a: Ting-Lu|30/100
|
|t:|1758917821
|switch|p2a: Ogerpon|Ogerpon-Wellspring, F|51/100|[from] U-turn
|-damage|p2a: Ogerpon|38/100|[from] Spikes
|move|p1a: Ting-Lu|Whirlwind|p2a: Ogerpon
|drag|p2a: Moltres|Moltres|67/100
|
|-heal|p1a: Ting-Lu|36/100|[from] item: Leftovers
|upkeep
|turn|18
|
|t:|1758917827
|move|p2a: Moltres|U-turn|p1a: Ting-Lu
|-supereffective|p1a: Ting-Lu
|-damage|p1a: Ting-Lu|20/100
|
|t:|1758917833
|switch|p2a: Great Tusk|Great Tusk|31/100|[from] U-turn
|-damage|p2a: Great Tusk|19/100|[from] Spikes
|move|p1a: Ting-Lu|Spikes|p2a: Great Tusk
|-sidestart|p2: lerendezvous|Spikes
|
|-heal|p1a: Ting-Lu|26/100|[from] item: Leftovers
|upkeep
|turn|19
|
|t:|1758917842
|move|p2a: Great Tusk|Headlong Rush|p1a: Ting-Lu
|-damage|p1a: Ting-Lu|0 fnt
|-unboost|p2a: Great Tusk|def|1
|-unboost|p2a: Great Tusk|spd|1
|faint|p1a: Ting-Lu
|
|upkeep
|l| IM AT MY LIMIT
|
|t:|1758917845
|switch|p1a: Deoxys|Deoxys-Speed|100/100
|-ability|p1a: Deoxys|Pressure
|turn|20
|
|t:|1758917850
|move|p1a: Deoxys|Ice Beam|p2a: Great Tusk
|-supereffective|p2a: Great Tusk
|-damage|p2a: Great Tusk|0 fnt
|faint|p2a: Great Tusk
|-end|p2a: Great Tusk|Protosynthesis|[silent]
|
|upkeep
|
|t:|1758917858
|switch|p2a: Moltres|Moltres|67/100
|turn|21
|
|t:|1758917867
|-terastallize|p1a: Deoxys|Electric
|move|p1a: Deoxys|Nasty Plot|p1a: Deoxys
|-boost|p1a: Deoxys|spa|2
|move|p2a: Moltres|Roost|p2a: Moltres
|-heal|p2a: Moltres|100/100
|-singleturn|p2a: Moltres|move: Roost
|
|upkeep
|turn|22
|
|t:|1758917875
|move|p1a: Deoxys|Thunderbolt|p2a: Moltres
|-supereffective|p2a: Moltres
|-damage|p2a: Moltres|0 fnt
|faint|p2a: Moltres
|
|upkeep
|
|t:|1758917882
|switch|p2a: Dragapult|Dragapult, F|100/100
|turn|23
|
|t:|1758917888
|-terastallize|p2a: Dragapult|Fairy
|move|p1a: Deoxys|Ice Beam|p2a: Dragapult
|-damage|p2a: Dragapult|19/100
|move|p2a: Dragapult|U-turn|p1a: Deoxys
|-damage|p1a: Deoxys|70/100
|
|t:|1758917896
|switch|p2a: Kingambit|Kingambit, F|100/100|[from] U-turn
|-damage|p2a: Kingambit|84/100|[from] Spikes
|-activate|p2a: Kingambit|ability: Supreme Overlord
|-start|p2a: Kingambit|fallen2|[silent]
|
|-heal|p2a: Kingambit|90/100|[from] item: Leftovers
|upkeep
|turn|24
|
|t:|1758917921
|move|p2a: Kingambit|Sucker Punch|p1a: Deoxys
|-damage|p1a: Deoxys|0 fnt
|faint|p1a: Deoxys
|
|-heal|p2a: Kingambit|96/100|[from] item: Leftovers
|upkeep
|
|t:|1758917927
|switch|p1a: Gholdengo|Gholdengo|100/100
|-item|p1a: Gholdengo|Air Balloon
|turn|25
|-message|master ball rus forfeited.
|
|win|lerendezvous
|raw|master ball rus's rating: 1608 &rarr; <strong>1593</strong><br />(-15 for losing)
|raw|lerendezvous's rating: 1706 &rarr; <strong>1721</strong><br />(+15 for winning)
|l|☆master ball rus
|player|p1|
