|j|☆tlakzz
|j|☆Auburn Hills
|t:|1758971878
|gametype|singles
|player|p1|tlakzz|hiker-gen4|1566
|player|p2|Auburn Hills|alder|1641
|gen|9
|tier|[Gen 9] OU
|rated|
|rule|HP Percentage Mod: HP is shown in percentages
|rule|Endless Battle Clause: Forcing endless battles is banned
|rule|Species Clause: Limit one of each Pokémon
|rule|OHKO Clause: OHKO moves are banned
|rule|Evasion Items Clause: Evasion items are banned
|rule|Evasion Moves Clause: Evasion moves are banned
|rule|Evasion Abilities Clause: Evasion abilities are banned
|rule|Sleep Moves Clause: Sleep-inducing moves are banned
|clearpoke
|poke|p1|Iron Moth|
|poke|p1|Kingambit, F|
|poke|p1|Dragonite, M|
|poke|p1|Ogerpon-Cornerstone, F|
|poke|p1|Iron Valiant|
|poke|p1|Raging Bolt|
|poke|p2|Iron Moth|
|poke|p2|Umbreon, F|
|poke|p2|Garchomp, F|
|poke|p2|Glimmora, M|
|poke|p2|Gholdengo|
|poke|p2|Dragonite, F|
|teampreview
|inactive|Battle timer is ON: inactive players will automatically lose when time's up. (requested by tlakzz)
|
|t:|1758971896
|teamsize|p1|6
|teamsize|p2|6
|start
|switch|p1a: Ogerpon|Ogerpon-Cornerstone, F|100/100
|switch|p2a: Julia Jacklin|Glimmora, M|100/100
|turn|1
|
|t:|1758971906
|move|p1a: Ogerpon|Swords Dance|p1a: Ogerpon
|-boost|p1a: Ogerpon|atk|2
|move|p2a: Julia Jacklin|Sludge Wave|p1a: Ogerpon
|-damage|p1a: Ogerpon|44/100
|-status|p1a: Ogerpon|psn
|
|-damage|p1a: Ogerpon|32/100 psn|[from] psn
|upkeep
|turn|2
|
|t:|1758971914
|switch|p2a: Elucid|Dragonite, F|100/100
|move|p1a: Ogerpon|Ivy Cudgel|p2a: Elucid|[anim] Ivy Cudgel Rock
|-supereffective|p2a: Elucid
|-damage|p2a: Elucid|0 fnt
|faint|p2a: Elucid
|
|-damage|p1a: Ogerpon|20/100 psn|[from] psn
|upkeep
|
|t:|1758971920
|switch|p2a: Carly Rae|Iron Moth|100/100
|-enditem|p2a: Carly Rae|Booster Energy
|-activate|p2a: Carly Rae|ability: Quark Drive|[fromitem]
|-start|p2a: Carly Rae|quarkdrivespe
|turn|3
|
|t:|1758971924
|move|p2a: Carly Rae|Fiery Dance|p1a: Ogerpon
|-damage|p1a: Ogerpon|0 fnt
|faint|p1a: Ogerpon
|
|upkeep
|
|t:|1758971939
|switch|p1a: Raging Bolt|Raging Bolt|100/100
|-enditem|p1a: Raging Bolt|Booster Energy
|-activate|p1a: Raging Bolt|ability: Protosynthesis|[fromitem]
|-start|p1a: Raging Bolt|protosynthesisspa
|turn|4
|
|t:|1758971944
|move|p2a: Carly Rae|Dazzling Gleam|p1a: Raging Bolt
|-supereffective|p1a: Raging Bolt
|-damage|p1a: Raging Bolt|47/100
|move|p1a: Raging Bolt|Thunderbolt|p2a: Carly Rae
|-damage|p2a: Carly Rae|34/100
|
|upkeep
|turn|5
|
|t:|1758971949
|move|p1a: Raging Bolt|Thunderclap||[still]
|-fail|p1a: Raging Bolt
|move|p2a: Carly Rae|Morning Sun|p2a: Carly Rae
|-heal|p2a: Carly Rae|84/100
|
|upkeep
|turn|6
|
|t:|1758971952
|move|p2a: Carly Rae|Dazzling Gleam|p1a: Raging Bolt
|-supereffective|p1a: Raging Bolt
|-damage|p1a: Raging Bolt|0 fnt
|faint|p1a: Raging Bolt
|-end|p1a: Raging Bolt|Protosynthesis|[silent]
|
|upkeep
|
|t:|1758971957
|switch|p1a: Dragonite|Dragonite, M|100/100
|turn|7
|
|t:|1758971962
|-end|p2a: Carly Rae|Quark Drive|[silent]
|switch|p2a: Alvvays|Umbreon, F|100/100
|move|p1a: Dragonite|Earthquake|p2a: Alvvays
|-damage|p2a: Alvvays|67/100
|
|-heal|p2a: Alvvays|74/100|[from] item: Leftovers
|upkeep
|turn|8
|
|t:|1758971969
|switch|p1a: Kingambit|Kingambit, F|100/100
|-activate|p1a: Kingambit|ability: Supreme Overlord
|-start|p1a: Kingambit|fallen2|[silent]
|move|p2a: Alvvays|Thunder Wave|p1a: Kingambit
|-status|p1a: Kingambit|par
|-enditem|p1a: Kingambit|Lum Berry|[eat]
|-curestatus|p1a: Kingambit|par|[msg]
|
|-heal|p2a: Alvvays|80/100|[from] item: Leftovers
|upkeep
|turn|9
|
|t:|1758971978
|move|p1a: Kingambit|Iron Head|p2a: Alvvays
|-damage|p2a: Alvvays|35/100
|move|p2a: Alvvays|Thunder Wave|p1a: Kingambit
|-status|p1a: Kingambit|par
|
|-heal|p2a: Alvvays|41/100|[from] item: Leftovers
|upkeep
|turn|10
|
|t:|1758971983
|move|p2a: Alvvays|Protect|p2a: Alvvays
|-singleturn|p2a: Alvvays|Protect
|move|p1a: Kingambit|Iron Head|p2a: Alvvays
|-activate|p2a: Alvvays|move: Protect
|
|-heal|p2a: Alvvays|47/100|[from] item: Leftovers
|upkeep
|turn|11
|
|t:|1758971987
|move|p2a: Alvvays|Wish|p2a: Alvvays
|move|p1a: Kingambit|Swords Dance|p1a: Kingambit
|-boost|p1a: Kingambit|atk|2
|
|-heal|p2a: Alvvays|53/100|[from] item: Leftovers
|upkeep
|turn|12
|
|t:|1758971992
|move|p2a: Alvvays|Protect|p2a: Alvvays
|-singleturn|p2a: Alvvays|Protect
|move|p1a: Kingambit|Iron Head|p2a: Alvvays
|-activate|p2a: Alvvays|move: Protect
|
|-heal|p2a: Alvvays|100/100|[from] move: Wish|[wisher] Alvvays
|upkeep
|turn|13
|
|t:|1758971995
|move|p2a: Alvvays|Foul Play|p1a: Kingambit
|-resisted|p1a: Kingambit
|-crit|p1a: Kingambit
|-damage|p1a: Kingambit|32/100 par
|move|p1a: Kingambit|Iron Head|p2a: Alvvays
|-damage|p2a: Alvvays|14/100
|
|-heal|p2a: Alvvays|20/100|[from] item: Leftovers
|upkeep
|turn|14
|
|t:|1758972001
|move|p2a: Alvvays|Wish|p2a: Alvvays
|cant|p1a: Kingambit|par
|
|-heal|p2a: Alvvays|26/100|[from] item: Leftovers
|upkeep
|turn|15
|
|t:|1758972005
|move|p2a: Alvvays|Protect|p2a: Alvvays
|-singleturn|p2a: Alvvays|Protect
|move|p1a: Kingambit|Swords Dance|p1a: Kingambit
|-boost|p1a: Kingambit|atk|2
|
|-heal|p2a: Alvvays|76/100|[from] move: Wish|[wisher] Alvvays
|-heal|p2a: Alvvays|82/100|[from] item: Leftovers
|upkeep
|turn|16
|
|t:|1758972008
|move|p1a: Kingambit|Sucker Punch|p2a: Alvvays
|-resisted|p2a: Alvvays
|-damage|p2a: Alvvays|21/100
|move|p2a: Alvvays|Foul Play|p1a: Kingambit
|-resisted|p1a: Kingambit
|-crit|p1a: Kingambit
|-damage|p1a: Kingambit|0 fnt
|faint|p1a: Kingambit
|-end|p1a: Kingambit|fallen2|[silent]
|
|-heal|p2a: Alvvays|27/100|[from] item: Leftovers
|upkeep
|
|t:|1758972011
|switch|p1a: Iron Moth|Iron Moth|100/100
|-enditem|p1a: Iron Moth|Booster Energy
|-activate|p1a: Iron Moth|ability: Quark Drive|[fromitem]
|-start|p1a: Iron Moth|quarkdrivespe
|turn|17
|
|t:|1758972014
|move|p2a: Alvvays|Protect|p2a: Alvvays
|-singleturn|p2a: Alvvays|Protect
|move|p1a: Iron Moth|Fiery Dance|p2a: Alvvays
|-activate|p2a: Alvvays|move: Protect
|
|-heal|p2a: Alvvays|33/100|[from] item: Leftovers
|upkeep
|turn|18
|
|t:|1758972019
|move|p1a: Iron Moth|Dazzling Gleam|p2a: Alvvays
|-supereffective|p2a: Alvvays
|-damage|p2a: Alvvays|6/100
|move|p2a: Alvvays|Wish|p2a: Alvvays
|
|-heal|p2a: Alvvays|12/100|[from] item: Leftovers
|upkeep
|turn|19
|
|t:|1758972022
|move|p2a: Alvvays|Protect|p2a: Alvvays
|-singleturn|p2a: Alvvays|Protect
|move|p1a: Iron Moth|Fiery Dance|p2a: Alvvays
|-activate|p2a: Alvvays|move: Protect
|
|-heal|p2a: Alvvays|62/100|[from] move: Wish|[wisher] Alvvays
|-heal|p2a: Alvvays|68/100|[from] item: Leftovers
|upkeep
|turn|20
|
|t:|1758972025
|move|p1a: Iron Moth|Fiery Dance|p2a: Alvvays
|-crit|p2a: Alvvays
|-damage|p2a: Alvvays|34/100
|-boost|p1a: Iron Moth|spa|1
|move|p2a: Alvvays|Wish|p2a: Alvvays
|
|-heal|p2a: Alvvays|40/100|[from] item: Leftovers
|upkeep
|turn|21
|
|t:|1758972032
|move|p2a: Alvvays|Protect|p2a: Alvvays
|-singleturn|p2a: Alvvays|Protect
|move|p1a: Iron Moth|Fiery Dance|p2a: Alvvays
|-activate|p2a: Alvvays|move: Protect
|
|-heal|p2a: Alvvays|90/100|[from] move: Wish|[wisher] Alvvays
|-heal|p2a: Alvvays|96/100|[from] item: Leftovers
|upkeep
|turn|22
|
|t:|1758972034
|move|p1a: Iron Moth|Fiery Dance|p2a: Alvvays
|-damage|p2a: Alvvays|63/100
|-boost|p1a: Iron Moth|spa|1
|move|p2a: Alvvays|Wish|p2a: Alvvays
|
|-heal|p2a: Alvvays|69/100|[from] item: Leftovers
|upkeep
|turn|23
|
|t:|1758972038
|move|p1a: Iron Moth|Dazzling Gleam|p2a: Alvvays
|-supereffective|p2a: Alvvays
|-damage|p2a: Alvvays|15/100
|move|p2a: Alvvays|Foul Play|p1a: Iron Moth
|-damage|p1a: Iron Moth|74/100
|
|-heal|p2a: Alvvays|65/100|[from] move: Wish|[wisher] Alvvays
|-heal|p2a: Alvvays|71/100|[from] item: Leftovers
|upkeep
|turn|24
|
|t:|1758972042
|move|p1a: Iron Moth|Fiery Dance|p2a: Alvvays
|-damage|p2a: Alvvays|30/100
|-boost|p1a: Iron Moth|spa|1
|move|p2a: Alvvays|Thunder Wave|p1a: Iron Moth
|-status|p1a: Iron Moth|par
|
|-heal|p2a: Alvvays|36/100|[from] item: Leftovers
|upkeep
|turn|25
|
|t:|1758972045
|move|p2a: Alvvays|Protect|p2a: Alvvays
|-singleturn|p2a: Alvvays|Protect
|move|p1a: Iron Moth|Dazzling Gleam|p2a: Alvvays
|-activate|p2a: Alvvays|move: Protect
|
|-heal|p2a: Alvvays|42/100|[from] item: Leftovers
|upkeep
|turn|26
|
|t:|1758972049
|cant|p1a: Iron Moth|par
|move|p2a: Alvvays|Wish|p2a: Alvvays
|
|-heal|p2a: Alvvays|49/100|[from] item: Leftovers
|upkeep
|turn|27
|
|t:|1758972051
|move|p2a: Alvvays|Protect|p2a: Alvvays
|-singleturn|p2a: Alvvays|Protect
|move|p1a: Iron Moth|Dazzling Gleam|p2a: Alvvays
|-activate|p2a: Alvvays|move: Protect
|
|-heal|p2a: Alvvays|98/100|[from] move: Wish|[wisher] Alvvays
|-heal|p2a: Alvvays|100/100|[from] item: Leftovers
|upkeep
|turn|28
|
|t:|1758972056
|switch|p2a: Carly Rae|Iron Moth|84/100
|move|p1a: Iron Moth|Dazzling Gleam|p2a: Carly Rae
|-resisted|p2a: Carly Rae
|-damage|p2a: Carly Rae|66/100
|
|upkeep
|turn|29
|
|t:|1758972059
|move|p2a: Carly Rae|Discharge|p1a: Iron Moth
|-damage|p1a: Iron Moth|44/100 par
|move|p1a: Iron Moth|Fiery Dance|p2a: Carly Rae
|-resisted|p2a: Carly Rae
|-damage|p2a: Carly Rae|11/100
|-boost|p1a: Iron Moth|spa|1
|
|upkeep
|turn|30
|
|t:|1758972064
|move|p2a: Carly Rae|Discharge|p1a: Iron Moth
|-damage|p1a: Iron Moth|15/100 par
|move|p1a: Iron Moth|Fiery Dance|p2a: Carly Rae
|-resisted|p2a: Carly Rae
|-damage|p2a: Carly Rae|0 fnt
|-boost|p1a: Iron Moth|spa|1
|faint|p2a: Carly Rae
|-end|p2a: Carly Rae|Quark Drive|[silent]
|
|upkeep
|
|t:|1758972069
|switch|p2a: Rat Tally|Garchomp, F|100/100
|turn|31
|
|t:|1758972071
|move|p2a: Rat Tally|Scale Shot|p1a: Iron Moth|[miss]
|-miss|p2a: Rat Tally|p1a: Iron Moth
|move|p1a: Iron Moth|Dazzling Gleam|p2a: Rat Tally
|-supereffective|p2a: Rat Tally
|-damage|p2a: Rat Tally|0 fnt
|faint|p2a: Rat Tally
|
|upkeep
|
|t:|1758972074
|switch|p2a: Julia Jacklin|Glimmora, M|100/100
|turn|32
|
|t:|1758972081
|-end|p1a: Iron Moth|Quark Drive|[silent]
|switch|p1a: Dragonite|Dragonite, M|100/100
|move|p2a: Julia Jacklin|Earth Power|p1a: Dragonite
|-immune|p1a: Dragonite
|
|upkeep
|turn|33
|
|t:|1758972088
|move|p2a: Julia Jacklin|Mortal Spin|p1a: Dragonite
|-damage|p1a: Dragonite|97/100
|-status|p1a: Dragonite|psn
|move|p1a: Dragonite|Dragon Dance|p1a: Dragonite
|-boost|p1a: Dragonite|atk|1
|-boost|p1a: Dragonite|spe|1
|
|-damage|p1a: Dragonite|85/100 psn|[from] psn
|upkeep
|turn|34
|
|t:|1758972092
|switch|p2a: Alvvays|Umbreon, F|100/100
|move|p1a: Dragonite|Earthquake|p2a: Alvvays
|-damage|p2a: Alvvays|51/100
|
|-heal|p2a: Alvvays|57/100|[from] item: Leftovers
|-damage|p1a: Dragonite|72/100 psn|[from] psn
|upkeep
|turn|35
|
|t:|1758972099
|-terastallize|p1a: Dragonite|Flying
|move|p1a: Dragonite|Tera Blast|p2a: Alvvays|[anim] Tera Blast Flying
|-damage|p2a: Alvvays|0 fnt
|faint|p2a: Alvvays
|
|-damage|p1a: Dragonite|60/100 psn|[from] psn
|upkeep
|
|t:|1758972102
|switch|p2a: Julia Jacklin|Glimmora, M|100/100
|turn|36
|
|t:|1758972105
|move|p1a: Dragonite|Earthquake|p2a: Julia Jacklin
|-supereffective|p2a: Julia Jacklin
|-enditem|p2a: Julia Jacklin|Focus Sash
|-damage|p2a: Julia Jacklin|1/100
|-activate|p2a: Julia Jacklin|ability: Toxic Debris
|-sidestart|p1: tlakzz|move: Toxic Spikes
|move|p2a: Julia Jacklin|Sludge Wave|p1a: Dragonite
|-damage|p1a: Dragonite|4/100 psn
|
|-damage|p1a: Dragonite|0 fnt|[from] psn
|faint|p1a: Dragonite
|upkeep
|
|t:|1758972108
|switch|p1a: Iron Moth|Iron Moth|15/100 par
|-sideend|p1: tlakzz|move: Toxic Spikes|[of] p1a: Iron Moth
|turn|37
|
|t:|1758972110
|move|p2a: Julia Jacklin|Earth Power|p1a: Iron Moth
|-supereffective|p1a: Iron Moth
|-damage|p1a: Iron Moth|0 fnt
|faint|p1a: Iron Moth
|-end|p1a: Iron Moth|Quark Drive|[silent]
|
|upkeep
|
|t:|1758972113
|switch|p1a: Iron Valiant|Iron Valiant|100/100
|-enditem|p1a: Iron Valiant|Booster Energy
|-activate|p1a: Iron Valiant|ability: Quark Drive|[fromitem]
|-start|p1a: Iron Valiant|quarkdrivespe
|turn|38
|
|t:|1758972118
|move|p1a: Iron Valiant|Knock Off|p2a: Julia Jacklin
|-damage|p2a: Julia Jacklin|0 fnt
|-activate|p2a: Julia Jacklin|ability: Toxic Debris
|-sidestart|p1: tlakzz|move: Toxic Spikes
|faint|p2a: Julia Jacklin
|
|upkeep
|
|t:|1758972120
|switch|p2a: Smino|Gholdengo|100/100
|turn|39
|
|t:|1758972128
|-terastallize|p2a: Smino|Flying
|move|p1a: Iron Valiant|Swords Dance|p1a: Iron Valiant
|-boost|p1a: Iron Valiant|atk|2
|move|p2a: Smino|Make It Rain|p1a: Iron Valiant
|-supereffective|p1a: Iron Valiant
|-damage|p1a: Iron Valiant|0 fnt
|-unboost|p2a: Smino|spa|1
|faint|p1a: Iron Valiant
|-end|p1a: Iron Valiant|Quark Drive|[silent]
|
|win|Auburn Hills
|raw|tlakzz's rating: 1566 &rarr; <strong>1550</strong><br />(-16 for losing)
|raw|Auburn Hills's rating: 1641 &rarr; <strong>1657</strong><br />(+16 for winning)
|l|☆Auburn Hills
|player|p2|
|l|☆tlakzz
|player|p1|
