|j|☆Captainskinny
|j|☆RobynReanimates
|t:|1758954049
|gametype|singles
|player|p1|Captainskinny|101|1203
|player|p2|RobynReanimates|waitress|1217
|gen|9
|tier|[Gen 9] OU
|rated|
|rule|HP Percentage Mod: HP is shown in percentages
|rule|Endless Battle Clause: Forcing endless battles is banned
|rule|Species Clause: Limit one of each Pokémon
|rule|OHKO Clause: OHKO moves are banned
|rule|Evasion Items Clause: Evasion items are banned
|rule|Evasion Moves Clause: Evasion moves are banned
|rule|Evasion Abilities Clause: Evasion abilities are banned
|rule|Sleep Moves Clause: Sleep-inducing moves are banned
|clearpoke
|poke|p1|Dragonite, F|
|poke|p1|Clefable, M|
|poke|p1|Cinderace, M|
|poke|p1|Slowking-Galar, F|
|poke|p1|Ting-Lu|
|poke|p1|Corviknight, F|
|poke|p2|Salazzle, F|
|poke|p2|Meowscarada, M|
|poke|p2|Iron Valiant|
|poke|p2|Gholdengo|
|poke|p2|Garganacl, M|
|poke|p2|Hatterene, F|
|teampreview
|inactive|Battle timer is ON: inactive players will automatically lose when time's up. (requested by RobynReanimates)
|
|t:|1758954052
|teamsize|p1|6
|teamsize|p2|6
|start
|switch|p1a: Ting-Lu|Ting-Lu|100/100
|switch|p2a: Ms Sizzle|Salazzle, F|100/100
|-ability|p1a: Ting-Lu|Vessel of Ruin
|turn|1
|
|t:|1758954059
|switch|p2a: Selmi|Hatterene, F|100/100
|move|p1a: Ting-Lu|Sand Tomb|p2a: Selmi
|-damage|p2a: Selmi|84/100
|-activate|p2a: Selmi|move: Sand Tomb|[of] p1a: Ting-Lu
|-enditem|p2a: Selmi|Eject Button
|
|t:|1758954070
|switch|p2a: Catalonia|Meowscarada, M|100/100
|
|upkeep
|turn|2
|
|t:|1758954076
|move|p2a: Catalonia|Play Rough|p1a: Ting-Lu
|-start|p2a: Catalonia|typechange|Fairy|[from] ability: Protean
|-supereffective|p1a: Ting-Lu
|-damage|p1a: Ting-Lu|51/100
|move|p1a: Ting-Lu|Sand Tomb|p2a: Catalonia
|-damage|p2a: Catalonia|79/100
|-activate|p2a: Catalonia|move: Sand Tomb|[of] p1a: Ting-Lu
|
|-heal|p1a: Ting-Lu|58/100|[from] item: Leftovers
|-damage|p2a: Catalonia|67/100|[from] move: Sand Tomb|[partiallytrapped]
|upkeep
|turn|3
|
|t:|1758954088
|move|p2a: Catalonia|Play Rough|p1a: Ting-Lu
|-supereffective|p1a: Ting-Lu
|-damage|p1a: Ting-Lu|2/100
|-unboost|p1a: Ting-Lu|atk|1
|move|p1a: Ting-Lu|Earthquake|p2a: Catalonia
|-damage|p2a: Catalonia|29/100
|
|-heal|p1a: Ting-Lu|8/100|[from] item: Leftovers
|-damage|p2a: Catalonia|17/100|[from] move: Sand Tomb|[partiallytrapped]
|upkeep
|turn|4
|
|t:|1758954098
|move|p2a: Catalonia|Play Rough|p1a: Ting-Lu
|-supereffective|p1a: Ting-Lu
|-damage|p1a: Ting-Lu|0 fnt
|faint|p1a: Ting-Lu
|
|-end|p2a: Catalonia|Sand Tomb|[partiallytrapped]|[silent]
|upkeep
|
|t:|1758954110
|switch|p1a: Dragonite|Dragonite, F|100/100
|turn|5
|
|t:|1758954121
|switch|p2a: Hakari|Gholdengo|100/100
|move|p1a: Dragonite|Extreme Speed|p2a: Hakari
|-immune|p2a: Hakari
|
|upkeep
|turn|6
|
|t:|1758954144
|switch|p1a: Clefable|Clefable, M|100/100
|move|p2a: Hakari|Shadow Ball|p1a: Clefable
|-damage|p1a: Clefable|67/100
|
|-heal|p1a: Clefable|73/100|[from] item: Leftovers
|upkeep
|turn|7
|
|t:|1758954162
|switch|p2a: Catalonia|Meowscarada, M|17/100
|move|p1a: Clefable|Thunder Wave|p2a: Catalonia
|-status|p2a: Catalonia|par
|
|-heal|p1a: Clefable|79/100|[from] item: Leftovers
|upkeep
|turn|8
|
|t:|1758954171
|move|p2a: Catalonia|Knock Off|p1a: Clefable
|-start|p2a: Catalonia|typechange|Dark|[from] ability: Protean
|-resisted|p1a: Clefable
|-damage|p1a: Clefable|45/100
|-enditem|p1a: Clefable|Leftovers|[from] move: Knock Off|[of] p2a: Catalonia
|move|p1a: Clefable|Moonblast|p2a: Catalonia
|-supereffective|p2a: Catalonia
|-damage|p2a: Catalonia|0 fnt
|faint|p2a: Catalonia
|
|upkeep
|inactive|RobynReanimates has 120 seconds left.
|
|t:|1758954215
|switch|p2a: Ms Sizzle|Salazzle, F|100/100
|turn|9
|
|t:|1758954220
|move|p2a: Ms Sizzle|Toxic|p1a: Clefable
|-status|p1a: Clefable|tox
|move|p1a: Clefable|Thunder Wave|p2a: Ms Sizzle
|-status|p2a: Ms Sizzle|par
|
|-damage|p1a: Clefable|39/100 tox|[from] psn
|upkeep
|turn|10
|
|t:|1758954247
|move|p2a: Ms Sizzle|Venoshock|p1a: Clefable
|-supereffective|p1a: Clefable
|-damage|p1a: Clefable|0 fnt
|faint|p1a: Clefable
|
|upkeep
|inactive|Captainskinny has 120 seconds left.
|
|t:|1758954263
|switch|p1a: Slowking|Slowking-Galar, F|100/100
|turn|11
|
|t:|1758954277
|cant|p2a: Ms Sizzle|par
|move|p1a: Slowking|Psychic|p2a: Ms Sizzle
|-supereffective|p2a: Ms Sizzle
|-crit|p2a: Ms Sizzle
|-enditem|p2a: Ms Sizzle|Focus Sash
|-damage|p2a: Ms Sizzle|1/100 par
|
|upkeep
|turn|12
|
|t:|1758954286
|move|p2a: Ms Sizzle|Toxic|p1a: Slowking
|-status|p1a: Slowking|tox
|move|p1a: Slowking|Psychic|p2a: Ms Sizzle
|-supereffective|p2a: Ms Sizzle
|-damage|p2a: Ms Sizzle|0 fnt
|faint|p2a: Ms Sizzle
|
|-damage|p1a: Slowking|94/100 tox|[from] psn
|upkeep
|
|t:|1758954301
|switch|p2a: Selmi|Hatterene, F|84/100
|turn|13
|
|t:|1758954305
|move|p2a: Selmi|Psyshock|p1a: Slowking
|-damage|p1a: Slowking|48/100 tox
|move|p1a: Slowking|Sludge Bomb|p2a: Selmi
|-supereffective|p2a: Selmi
|-damage|p2a: Selmi|13/100
|
|-heal|p1a: Slowking|54/100 tox|[from] item: Leftovers
|-damage|p1a: Slowking|42/100 tox|[from] psn
|upkeep
|turn|14
|inactive|RobynReanimates has 120 seconds left.
|inactive|RobynReanimates has 90 seconds left.
|
|t:|1758954354
|switch|p1a: Corviknight|Corviknight, F|100/100
|-ability|p1a: Corviknight|Pressure
|move|p2a: Selmi|Psyshock|p1a: Corviknight
|-resisted|p1a: Corviknight
|-damage|p1a: Corviknight|86/100
|
|upkeep
|turn|15
|
|t:|1758954363
|move|p1a: Corviknight|Drill Peck|p2a: Selmi
|-damage|p2a: Selmi|0 fnt
|faint|p2a: Selmi
|
|upkeep
|inactive|RobynReanimates has 90 seconds left.
|
|t:|1758954392
|switch|p2a: Chrylark|Iron Valiant, shiny|100/100
|-enditem|p2a: Chrylark|Booster Energy
|-activate|p2a: Chrylark|ability: Quark Drive|[fromitem]
|-start|p2a: Chrylark|quarkdrivespe
|turn|16
|
|t:|1758954401
|move|p2a: Chrylark|Thunderbolt|p1a: Corviknight
|-supereffective|p1a: Corviknight
|-damage|p1a: Corviknight|26/100
|move|p1a: Corviknight|Drill Peck|p2a: Chrylark
|-supereffective|p2a: Chrylark
|-damage|p2a: Chrylark|31/100
|
|upkeep
|turn|17
|
|t:|1758954407
|move|p2a: Chrylark|Thunderbolt|p1a: Corviknight
|-supereffective|p1a: Corviknight
|-damage|p1a: Corviknight|0 fnt
|faint|p1a: Corviknight
|
|upkeep
|
|t:|1758954412
|switch|p1a: Dragonite|Dragonite, F|100/100
|turn|18
|inactive|RobynReanimates has 90 seconds left.
|
|t:|1758954433
|-terastallize|p1a: Dragonite|Normal
|move|p2a: Chrylark|Moonblast|p1a: Dragonite
|-damage|p1a: Dragonite|80/100
|move|p1a: Dragonite|Dragon Dance|p1a: Dragonite
|-boost|p1a: Dragonite|atk|1
|-boost|p1a: Dragonite|spe|1
|
|-heal|p1a: Dragonite|86/100|[from] item: Leftovers
|upkeep
|turn|19
|inactive|RobynReanimates has 90 seconds left.
|
|t:|1758954462
|move|p1a: Dragonite|Extreme Speed|p2a: Chrylark
|-damage|p2a: Chrylark|0 fnt
|faint|p2a: Chrylark
|-end|p2a: Chrylark|Quark Drive|[silent]
|
|-heal|p1a: Dragonite|92/100|[from] item: Leftovers
|upkeep
|
|t:|1758954466
|switch|p2a: Hakari|Gholdengo|100/100
|turn|20
|
|t:|1758954470
|move|p2a: Hakari|Focus Blast|p1a: Dragonite
|-supereffective|p1a: Dragonite
|-damage|p1a: Dragonite|13/100
|move|p1a: Dragonite|Earthquake|p2a: Hakari
|-supereffective|p2a: Hakari
|-damage|p2a: Hakari|0 fnt
|faint|p2a: Hakari
|
|-heal|p1a: Dragonite|19/100|[from] item: Leftovers
|upkeep
|
|t:|1758954474
|switch|p2a: Teeks|Garganacl, M|100/100
|turn|21
|inactive|RobynReanimates has 90 seconds left.
|
|t:|1758954487
|move|p1a: Dragonite|Earthquake|p2a: Teeks
|-supereffective|p2a: Teeks
|-damage|p2a: Teeks|47/100
|move|p2a: Teeks|Salt Cure|p1a: Dragonite
|-damage|p1a: Dragonite|6/100
|-start|p1a: Dragonite|Salt Cure
|
|-heal|p1a: Dragonite|12/100|[from] item: Leftovers
|-heal|p2a: Teeks|53/100|[from] item: Leftovers
|-damage|p1a: Dragonite|0 fnt|[from] Salt Cure
|faint|p1a: Dragonite
|upkeep
|
|t:|1758954496
|switch|p1a: Slowking|Slowking-Galar, F|75/100 tox
|turn|22
|
|t:|1758954504
|move|p2a: Teeks|Recover|p2a: Teeks
|-heal|p2a: Teeks|100/100
|move|p1a: Slowking|Toxic|p2a: Teeks
|-immune|p2a: Teeks|[from] ability: Purifying Salt
|
|-heal|p1a: Slowking|81/100 tox|[from] item: Leftovers
|-damage|p1a: Slowking|75/100 tox|[from] psn
|upkeep
|turn|23
|
|t:|1758954518
|move|p2a: Teeks|Protect|p2a: Teeks
|-singleturn|p2a: Teeks|Protect
|move|p1a: Slowking|Psychic|p2a: Teeks
|-activate|p2a: Teeks|move: Protect
|
|-heal|p1a: Slowking|81/100 tox|[from] item: Leftovers
|-damage|p1a: Slowking|69/100 tox|[from] psn
|upkeep
|turn|24
|
|t:|1758954525
|move|p2a: Teeks|Earthquake|p1a: Slowking
|-supereffective|p1a: Slowking
|-crit|p1a: Slowking
|-damage|p1a: Slowking|0 fnt
|faint|p1a: Slowking
|
|upkeep
|
|t:|1758954534
|switch|p1a: Cinderace|Cinderace, M|100/100
|turn|25
|
|t:|1758954538
|move|p2a: Teeks|Salt Cure|p1a: Cinderace
|-supereffective|p1a: Cinderace
|-damage|p1a: Cinderace|63/100
|-start|p1a: Cinderace|Salt Cure
|move|p1a: Cinderace|Counter|p2a: Teeks
|-start|p1a: Cinderace|typechange|Fighting|[from] ability: Libero
|-damage|p2a: Teeks|44/100
|
|-heal|p2a: Teeks|50/100|[from] item: Leftovers
|-damage|p1a: Cinderace|50/100|[from] Salt Cure
|upkeep
|turn|26
|
|t:|1758954560
|move|p2a: Teeks|Protect|p2a: Teeks
|-singleturn|p2a: Teeks|Protect
|move|p1a: Cinderace|Counter||[still]
|-fail|p1a: Cinderace
|
|-heal|p2a: Teeks|56/100|[from] item: Leftovers
|-damage|p1a: Cinderace|38/100|[from] Salt Cure
|upkeep
|turn|27
|
|t:|1758954568
|-terastallize|p2a: Teeks|Ghost
|move|p2a: Teeks|Salt Cure|p1a: Cinderace
|-resisted|p1a: Cinderace
|-damage|p1a: Cinderace|29/100
|move|p1a: Cinderace|Counter|p2a: Teeks
|-immune|p2a: Teeks
|
|-heal|p2a: Teeks|63/100|[from] item: Leftovers
|-damage|p1a: Cinderace|17/100|[from] Salt Cure
|upkeep
|turn|28
|
|t:|1758954578
|move|p1a: Cinderace|Pyro Ball|p2a: Teeks
|-damage|p2a: Teeks|45/100
|move|p2a: Teeks|Recover|p2a: Teeks
|-heal|p2a: Teeks|95/100
|
|-heal|p2a: Teeks|100/100|[from] item: Leftovers
|-damage|p1a: Cinderace|5/100|[from] Salt Cure
|upkeep
|turn|29
|-message|Captainskinny forfeited.
|
|win|RobynReanimates
|raw|Captainskinny's rating: 1203 &rarr; <strong>1181</strong><br />(-22 for losing)
|raw|RobynReanimates's rating: 1238 &rarr; <strong>1260</strong><br />(+22 for winning)
|l|☆Captainskinny
|player|p1|
