|j|☆xFlod
|j|☆ahoshawott
|t:|1758994855
|gametype|singles
|player|p1|xFlod|1|1078
|player|p2|ahoshawott|102|1079
|gen|9
|tier|[Gen 9] OU
|rated|
|rule|HP Percentage Mod: HP is shown in percentages
|rule|Endless Battle Clause: Forcing endless battles is banned
|rule|Species Clause: Limit one of each Pokémon
|rule|OHKO Clause: OHKO moves are banned
|rule|Evasion Items Clause: Evasion items are banned
|rule|Evasion Moves Clause: Evasion moves are banned
|rule|Evasion Abilities Clause: Evasion abilities are banned
|rule|Sleep Moves Clause: Sleep-inducing moves are banned
|clearpoke
|poke|p1|Clefable, M|
|poke|p1|Iron Moth|
|poke|p1|Iron Crown|
|poke|p1|Araquanid, M|
|poke|p1|Raging Bolt|
|poke|p1|Ambipom, F|
|poke|p2|Electrode|
|poke|p2|Flareon, F|
|poke|p2|Cloyster, F|
|poke|p2|Weezing, M|
|poke|p2|Exeggutor, F|
|poke|p2|Magneton|
|teampreview
|
|t:|1758994878
|teamsize|p1|6
|teamsize|p2|6
|start
|switch|p1a: Clefable|Clefable, M|100/100
|switch|p2a: Electrode|Electrode|100/100
|turn|1
|inactive|Battle timer is ON: inactive players will automatically lose when time's up. (requested by ahoshawott)
|
|t:|1758994888
|move|p2a: Electrode|Light Screen|p2a: Electrode
|-sidestart|p2: ahoshawott|move: Light Screen
|move|p1a: Clefable|Stealth Rock|p2a: Electrode
|-sidestart|p2: ahoshawott|move: Stealth Rock
|
|upkeep
|turn|2
|
|t:|1758994902
|switch|p1a: Iron Moth|Iron Moth|100/100
|-enditem|p1a: Iron Moth|Booster Energy
|-activate|p1a: Iron Moth|ability: Quark Drive|[fromitem]
|-start|p1a: Iron Moth|quarkdrivespa
|move|p2a: Electrode|Thunderbolt|p1a: Iron Moth
|-damage|p1a: Iron Moth|66/100
|
|upkeep
|turn|3
|
|t:|1758994911
|move|p2a: Electrode|Thunderbolt|p1a: Iron Moth
|-damage|p1a: Iron Moth|32/100
|move|p1a: Iron Moth|Fiery Dance|p2a: Electrode
|-damage|p2a: Electrode|53/100
|-boost|p1a: Iron Moth|spa|1
|
|upkeep
|turn|4
|
|t:|1758994918
|move|p2a: Electrode|Thunderbolt|p1a: Iron Moth
|-damage|p1a: Iron Moth|0 fnt
|faint|p1a: Iron Moth
|-end|p1a: Iron Moth|Quark Drive|[silent]
|
|upkeep
|
|t:|1758994922
|switch|p1a: Ambipom|Ambipom, F|100/100
|turn|5
|
|t:|1758994927
|move|p1a: Ambipom|Fake Out|p2a: Electrode
|-damage|p2a: Electrode|12/100
|-status|p1a: Ambipom|par|[from] ability: Static|[of] p2a: Electrode
|cant|p2a: Electrode|flinch
|
|upkeep
|turn|6
|
|t:|1758994940
|switch|p1a: Araquanid|Araquanid, M|100/100
|move|p2a: Electrode|Thunderbolt|p1a: Araquanid
|-supereffective|p1a: Araquanid
|-damage|p1a: Araquanid|51/100
|-status|p1a: Araquanid|par
|
|upkeep
|turn|7
|
|t:|1758994947
|move|p2a: Electrode|Thunderbolt|p1a: Araquanid
|-supereffective|p1a: Araquanid
|-damage|p1a: Araquanid|0 fnt
|faint|p1a: Araquanid
|
|upkeep
|
|t:|1758994953
|switch|p1a: Iron Crown|Iron Crown|100/100
|-enditem|p1a: Iron Crown|Booster Energy
|-activate|p1a: Iron Crown|ability: Quark Drive|[fromitem]
|-start|p1a: Iron Crown|quarkdrivespa
|turn|8
|
|t:|1758994958
|move|p2a: Electrode|Foul Play|p1a: Iron Crown
|-supereffective|p1a: Iron Crown
|-damage|p1a: Iron Crown|66/100
|move|p1a: Iron Crown|Calm Mind|p1a: Iron Crown
|-boost|p1a: Iron Crown|spa|1
|-boost|p1a: Iron Crown|spd|1
|
|-sideend|p2: ahoshawott|move: Light Screen
|upkeep
|turn|9
|
|t:|1758994966
|move|p2a: Electrode|Light Screen|p2a: Electrode
|-sidestart|p2: ahoshawott|move: Light Screen
|move|p1a: Iron Crown|Tachyon Cutter|p2a: Electrode
|-resisted|p2a: Electrode
|-damage|p2a: Electrode|0 fnt
|faint|p2a: Electrode
|-hitcount|p2: Electrode|1
|
|upkeep
|
|t:|1758994975
|switch|p2a: Magneton|Magneton|100/100
|-damage|p2a: Magneton|94/100|[from] Stealth Rock
|turn|10
|
|t:|1758994986
|move|p1a: Iron Crown|Focus Blast|p2a: Magneton
|-supereffective|p2a: Magneton
|-damage|p2a: Magneton|22/100
|move|p2a: Magneton|Charge Beam|p1a: Iron Crown
|-damage|p1a: Iron Crown|46/100
|-boost|p2a: Magneton|spa|1
|
|upkeep
|turn|11
|
|t:|1758994992
|move|p1a: Iron Crown|Focus Blast|p2a: Magneton
|-supereffective|p2a: Magneton
|-damage|p2a: Magneton|0 fnt
|faint|p2a: Magneton
|
|upkeep
|
|t:|1758995000
|switch|p2a: Flareon|Flareon, F|100/100
|-damage|p2a: Flareon|76/100|[from] Stealth Rock
|turn|12
|
|t:|1758995008
|move|p1a: Iron Crown|Tachyon Cutter|p2a: Flareon
|-resisted|p2a: Flareon
|-damage|p2a: Flareon|62/100
|-resisted|p2a: Flareon
|-damage|p2a: Flareon|50/100
|-hitcount|p2a: Flareon|2
|move|p2a: Flareon|Flare Blitz|p1a: Iron Crown
|-supereffective|p1a: Iron Crown
|-damage|p1a: Iron Crown|0 fnt
|faint|p1a: Iron Crown
|-end|p1a: Iron Crown|Quark Drive|[silent]
|-damage|p2a: Flareon|33/100|[from] Recoil
|
|-heal|p2a: Flareon|39/100|[from] item: Leftovers
|upkeep
|
|t:|1758995038
|switch|p1a: Raging Bolt|Raging Bolt|100/100
|-enditem|p1a: Raging Bolt|Booster Energy
|-activate|p1a: Raging Bolt|ability: Protosynthesis|[fromitem]
|-start|p1a: Raging Bolt|protosynthesisspa
|turn|13
|
|t:|1758995046
|move|p1a: Raging Bolt|Calm Mind|p1a: Raging Bolt
|-boost|p1a: Raging Bolt|spa|1
|-boost|p1a: Raging Bolt|spd|1
|move|p2a: Flareon|Dig||[still]
|-prepare|p2a: Flareon|Dig
|
|-heal|p2a: Flareon|45/100|[from] item: Leftovers
|upkeep
|turn|14
|inactive|xFlod has 120 seconds left.
|
|t:|1758995085
|move|p1a: Raging Bolt|Thunderbolt|p2a: Flareon|[miss]
|-miss|p1a: Raging Bolt|p2a: Flareon
|move|p2a: Flareon|Dig|p1a: Raging Bolt|[from] lockedmove
|-supereffective|p1a: Raging Bolt
|-damage|p1a: Raging Bolt|50/100
|
|-heal|p2a: Flareon|51/100|[from] item: Leftovers
|upkeep
|turn|15
|
|t:|1758995096
|move|p1a: Raging Bolt|Ancient Power|p2a: Flareon
|-supereffective|p2a: Flareon
|-damage|p2a: Flareon|0 fnt
|faint|p2a: Flareon
|
|upkeep
|
|t:|1758995108
|switch|p2a: Exeggutor|Exeggutor, F|100/100
|-damage|p2a: Exeggutor|88/100|[from] Stealth Rock
|turn|16
|inactive|xFlod has 120 seconds left.
|inactive|xFlod has 90 seconds left.
|
|t:|1758995174
|move|p1a: Raging Bolt|Thunderbolt|p2a: Exeggutor
|-resisted|p2a: Exeggutor
|-damage|p2a: Exeggutor|59/100
|move|p2a: Exeggutor|Psychic Noise|p1a: Raging Bolt
|-damage|p1a: Raging Bolt|28/100
|-start|p1a: Raging Bolt|move: Heal Block
|
|-sideend|p2: ahoshawott|move: Light Screen
|upkeep
|turn|17
|inactive|xFlod has 60 seconds left.
|
|t:|1758995209
|move|p1a: Raging Bolt|Dragon Pulse|p2a: Exeggutor
|-damage|p2a: Exeggutor|0 fnt
|faint|p2a: Exeggutor
|
|-end|p1a: Raging Bolt|move: Heal Block
|upkeep
|inactive|ahoshawott has 120 seconds left.
|
|t:|1758995231
|switch|p2a: Cloyster|Cloyster, F|100/100
|-damage|p2a: Cloyster|75/100|[from] Stealth Rock
|turn|18
|
|t:|1758995237
|move|p2a: Cloyster|Ice Shard|p1a: Raging Bolt
|-supereffective|p1a: Raging Bolt
|-damage|p1a: Raging Bolt|0 fnt
|faint|p1a: Raging Bolt
|-end|p1a: Raging Bolt|Protosynthesis|[silent]
|
|upkeep
|
|t:|1758995243
|switch|p1a: Clefable|Clefable, M|100/100
|turn|19
|
|t:|1758995251
|move|p2a: Cloyster|Icicle Crash|p1a: Clefable
|-damage|p1a: Clefable|64/100
|move|p1a: Clefable|Trick|p2a: Cloyster
|-activate|p1a: Clefable|move: Trick|[of] p2a: Cloyster
|-item|p2a: Cloyster|Sticky Barb|[from] move: Trick
|-item|p1a: Clefable|Assault Vest|[from] move: Trick
|
|-damage|p2a: Cloyster|63/100|[from] item: Sticky Barb
|upkeep
|turn|20
|inactive|xFlod has 60 seconds left.
|
|t:|1758995258
|move|p2a: Cloyster|Icicle Crash|p1a: Clefable
|-damage|p1a: Clefable|28/100
|move|p1a: Clefable|Moonblast|p2a: Cloyster
|-damage|p2a: Cloyster|2/100
|
|-damage|p2a: Cloyster|0 fnt|[from] item: Sticky Barb
|faint|p2a: Cloyster
|upkeep
|
|t:|1758995266
|switch|p2a: Weezing|Weezing, M|100/100
|-damage|p2a: Weezing|88/100|[from] Stealth Rock
|turn|21
|inactive|xFlod has 60 seconds left.
|
|t:|1758995290
|move|p1a: Clefable|Moonblast|p2a: Weezing
|-resisted|p2a: Weezing
|-damage|p2a: Weezing|68/100
|move|p2a: Weezing|Gunk Shot|p1a: Clefable
|-supereffective|p1a: Clefable
|-damage|p1a: Clefable|0 fnt
|faint|p1a: Clefable
|
|upkeep
|
|t:|1758995297
|switch|p1a: Ambipom|Ambipom, F|100/100 par
|turn|22
|
|t:|1758995302
|-terastallize|p2a: Weezing|Poison
|move|p1a: Ambipom|Fake Out|p2a: Weezing
|-damage|p2a: Weezing|51/100
|-damage|p1a: Ambipom|84/100 par|[from] item: Rocky Helmet|[of] p2a: Weezing
|cant|p2a: Weezing|flinch
|
|upkeep
|turn|23
|inactive|xFlod has 60 seconds left.
|
|t:|1758995325
|cant|p1a: Ambipom|par
|move|p2a: Weezing|Gunk Shot|p1a: Ambipom
|-damage|p1a: Ambipom|0 fnt
|faint|p1a: Ambipom
|
|win|ahoshawott
|raw|xFlod's rating: 1078 &rarr; <strong>1056</strong><br />(-22 for losing)
|raw|ahoshawott's rating: 1079 &rarr; <strong>1107</strong><br />(+28 for winning)
|c|☆ahoshawott|gg
|l|☆ahoshawott
|player|p2|
|l|☆xFlod
|player|p1|
