|j|☆Shimeon91
|j|☆ROUGHDIMAINS
|t:|1759052704
|gametype|singles
|player|p1|Shimeon91|169|1291
|player|p2|ROUGHDIMAINS|102|1311
|gen|9
|tier|[Gen 9] OU
|rated|
|rule|HP Percentage Mod: HP is shown in percentages
|rule|Endless Battle Clause: Forcing endless battles is banned
|rule|Species Clause: Limit one of each Pokémon
|rule|OHKO Clause: OHKO moves are banned
|rule|Evasion Items Clause: Evasion items are banned
|rule|Evasion Moves Clause: Evasion moves are banned
|rule|Evasion Abilities Clause: Evasion abilities are banned
|rule|Sleep Moves Clause: Sleep-inducing moves are banned
|clearpoke
|poke|p1|Cetitan, F|
|poke|p1|Infernape, M|
|poke|p1|Pecharunt|
|poke|p1|Toxicroak, M|
|poke|p1|Slowking-Galar, M|
|poke|p1|Glimmora, F|
|poke|p2|Primarina, M|
|poke|p2|Great Tusk|
|poke|p2|Kingambit, M|
|poke|p2|Slowking-Galar, M|
|poke|p2|Ogerpon, F|
|poke|p2|Enamorus, F|
|teampreview
|inactive|Battle timer is ON: inactive players will automatically lose when time's up. (requested by Shimeon91)
|l|☆Shimeon91
|inactive|Shimeon91 disconnected and has a minute to reconnect!
|player|p1|
|
|t:|1759052732
|teamsize|p1|6
|teamsize|p2|6
|start
|switch|p1a: Glimmora|Glimmora, F|100/100
|switch|p2a: Gin|Enamorus, F|100/100
|turn|1
|j|☆Shimeon91
|inactive|Shimeon91 reconnected and has 150 seconds left.
|player|p1|Shimeon91|169|
|
|t:|1759052750
|move|p2a: Gin|Earth Power|p1a: Glimmora
|-supereffective|p1a: Glimmora
|-enditem|p1a: Glimmora|Focus Sash
|-damage|p1a: Glimmora|1/100
|move|p1a: Glimmora|Power Gem|p2a: Gin
|-supereffective|p2a: Gin
|-damage|p2a: Gin|0 fnt
|faint|p2a: Gin
|
|upkeep
|
|t:|1759052758
|switch|p2a: Overgod|Kingambit, M, shiny|100/100
|-activate|p2a: Overgod|ability: Supreme Overlord
|-start|p2a: Overgod|fallen1|[silent]
|turn|2
|
|t:|1759052766
|move|p1a: Glimmora|Stealth Rock|p2a: Overgod
|-sidestart|p2: ROUGHDIMAINS|move: Stealth Rock
|move|p2a: Overgod|Swords Dance|p2a: Overgod
|-boost|p2a: Overgod|atk|2
|
|upkeep
|turn|3
|
|t:|1759052773
|move|p2a: Overgod|Sucker Punch|p1a: Glimmora
|-damage|p1a: Glimmora|0 fnt
|-activate|p1a: Glimmora|ability: Toxic Debris
|-sidestart|p2: ROUGHDIMAINS|move: Toxic Spikes
|faint|p1a: Glimmora
|
|upkeep
|
|t:|1759052782
|switch|p1a: Cetitan|Cetitan, F, shiny|100/100
|turn|4
|
|t:|1759052791
|-terastallize|p1a: Cetitan|Fighting
|move|p1a: Cetitan|Superpower|p2a: Overgod
|-supereffective|p2a: Overgod
|-damage|p2a: Overgod|0 fnt
|-unboost|p1a: Cetitan|atk|1
|-unboost|p1a: Cetitan|def|1
|faint|p2a: Overgod
|-end|p2a: Overgod|fallen1|[silent]
|
|upkeep
|
|t:|1759052797
|switch|p2a: Mantra|Slowking-Galar, M, shiny|100/100
|-damage|p2a: Mantra|88/100|[from] Stealth Rock
|-sideend|p2: ROUGHDIMAINS|move: Toxic Spikes|[of] p2a: Mantra
|turn|5
|
|t:|1759052807
|switch|p1a: Slowking|Slowking-Galar, M|100/100
|move|p2a: Mantra|Psychic Noise|p1a: Slowking
|-damage|p1a: Slowking|85/100
|-start|p1a: Slowking|move: Heal Block
|
|upkeep
|turn|6
|
|t:|1759052815
|move|p1a: Slowking|Future Sight|p2a: Mantra
|-start|p1a: Slowking|move: Future Sight
|move|p2a: Mantra|Psychic Noise|p1a: Slowking
|-damage|p1a: Slowking|68/100
|
|-end|p1a: Slowking|move: Heal Block
|upkeep
|turn|7
|
|t:|1759052826
|move|p1a: Slowking|Thunder Wave|p2a: Mantra
|-status|p2a: Mantra|par
|move|p2a: Mantra|Psychic Noise|p1a: Slowking
|-damage|p1a: Slowking|51/100
|-start|p1a: Slowking|move: Heal Block
|
|upkeep
|turn|8
|
|t:|1759052838
|-prepare|p1a: Slowking|Chilly Reception|[premajor]
|move|p1a: Slowking|Chilly Reception|p1a: Slowking
|-weather|Snowscape
|
|t:|1759052843
|switch|p1a: Cetitan|Cetitan, F, shiny, tera:Fighting|100/100|[from] Chilly Reception
|cant|p2a: Mantra|par
|
|-weather|Snowscape|[upkeep]
|-end|p2a: Mantra|move: Future Sight
|-damage|p2a: Mantra|65/100 par
|upkeep
|turn|9
|
|t:|1759052853
|switch|p2a: Celestine|Primarina, M, shiny|100/100
|-damage|p2a: Celestine|88/100|[from] Stealth Rock
|move|p1a: Cetitan|Knock Off|p2a: Celestine
|-resisted|p2a: Celestine
|-crit|p2a: Celestine
|-damage|p2a: Celestine|52/100
|-enditem|p2a: Celestine|Leftovers|[from] move: Knock Off|[of] p1a: Cetitan
|
|-weather|Snowscape|[upkeep]
|upkeep
|turn|10
|
|t:|1759052864
|switch|p1a: Slowking|Slowking-Galar, M|85/100
|move|p2a: Celestine|Moonblast|p1a: Slowking
|-resisted|p1a: Slowking
|-damage|p1a: Slowking|69/100
|
|-weather|Snowscape|[upkeep]
|upkeep
|turn|11
|
|t:|1759052873
|move|p2a: Celestine|Substitute|p2a: Celestine
|-start|p2a: Celestine|Substitute
|-damage|p2a: Celestine|27/100
|move|p1a: Slowking|Future Sight|p2a: Celestine
|-start|p1a: Slowking|move: Future Sight
|
|-weather|Snowscape|[upkeep]
|upkeep
|turn|12
|
|t:|1759052880
|move|p2a: Celestine|Psychic Noise|p1a: Slowking
|-damage|p1a: Slowking|45/100
|-start|p1a: Slowking|move: Heal Block
|move|p1a: Slowking|Sludge Bomb|p2a: Celestine
|-supereffective|p2a: Celestine
|-end|p2a: Celestine|Substitute
|
|-weather|none
|upkeep
|turn|13
|
|t:|1759052893
|switch|p2a: Mantra|Slowking-Galar, M, shiny|98/100 par
|-damage|p2a: Mantra|86/100 par|[from] Stealth Rock
|move|p1a: Slowking|Sludge Bomb|p2a: Mantra
|-resisted|p2a: Mantra
|-damage|p2a: Mantra|77/100 par
|
|-end|p2a: Mantra|move: Future Sight
|-damage|p2a: Mantra|54/100 par
|-end|p1a: Slowking|move: Heal Block
|upkeep
|turn|14
|
|t:|1759052921
|switch|p1a: Pecharunt|Pecharunt|100/100
|switch|p2a: Anonymous|Ogerpon, F|100/100
|-damage|p2a: Anonymous|88/100|[from] Stealth Rock
|
|upkeep
|turn|15
|
|t:|1759052929
|move|p2a: Anonymous|Knock Off|p1a: Pecharunt
|-supereffective|p1a: Pecharunt
|-damage|p1a: Pecharunt|58/100
|-enditem|p1a: Pecharunt|Heavy-Duty Boots|[from] move: Knock Off|[of] p2a: Anonymous
|move|p1a: Pecharunt|Shadow Ball|p2a: Anonymous
|-damage|p2a: Anonymous|57/100
|
|upkeep
|turn|16
|
|t:|1759052940
|switch|p2a: Mantra|Slowking-Galar, M, shiny|87/100 par
|-damage|p2a: Mantra|75/100 par|[from] Stealth Rock
|move|p1a: Pecharunt|Recover|p1a: Pecharunt
|-heal|p1a: Pecharunt|100/100
|
|upkeep
|turn|17
|
|t:|1759052948
|switch|p2a: Behemoth|Great Tusk, shiny|100/100
|-damage|p2a: Behemoth|98/100|[from] Stealth Rock
|move|p1a: Pecharunt|Parting Shot|p2a: Behemoth
|-unboost|p2a: Behemoth|atk|1
|-unboost|p2a: Behemoth|spa|1
|
|t:|1759052963
|switch|p1a: Cetitan|Cetitan, F, shiny, tera:Fighting|100/100|[from] Parting Shot
|
|upkeep
|turn|18
|
|t:|1759052970
|-end|p2a: Behemoth|Protosynthesis|[silent]
|switch|p2a: Mantra|Slowking-Galar, M, shiny|100/100 par
|-damage|p2a: Mantra|88/100 par|[from] Stealth Rock
|move|p1a: Cetitan|Ice Spinner|p2a: Mantra
|-damage|p2a: Mantra|59/100 par
|
|upkeep
|turn|19
|
|t:|1759052977
|move|p1a: Cetitan|Knock Off|p2a: Mantra
|-supereffective|p2a: Mantra
|-damage|p2a: Mantra|6/100 par
|-enditem|p2a: Mantra|Assault Vest|[from] move: Knock Off|[of] p1a: Cetitan
|move|p2a: Mantra|Psychic Noise|p1a: Cetitan
|-supereffective|p1a: Cetitan
|-damage|p1a: Cetitan|38/100
|-start|p1a: Cetitan|move: Heal Block
|
|upkeep
|turn|20
|
|t:|1759052988
|move|p1a: Cetitan|Knock Off|p2a: Mantra
|-supereffective|p2a: Mantra
|-damage|p2a: Mantra|0 fnt
|faint|p2a: Mantra
|
|-end|p1a: Cetitan|move: Heal Block
|upkeep
|
|t:|1759052990
|switch|p2a: Anonymous|Ogerpon, F|57/100
|-damage|p2a: Anonymous|45/100|[from] Stealth Rock
|turn|21
|
|t:|1759052999
|switch|p1a: Pecharunt|Pecharunt|100/100
|move|p2a: Anonymous|Ivy Cudgel|p1a: Pecharunt
|-resisted|p1a: Pecharunt
|-crit|p1a: Pecharunt
|-damage|p1a: Pecharunt|76/100
|
|upkeep
|turn|22
|
|t:|1759053007
|switch|p2a: Celestine|Primarina, M, shiny|27/100
|-damage|p2a: Celestine|14/100|[from] Stealth Rock
|move|p1a: Pecharunt|Malignant Chain|p2a: Celestine
|-supereffective|p2a: Celestine
|-damage|p2a: Celestine|0 fnt
|faint|p2a: Celestine
|
|upkeep
|
|t:|1759053009
|switch|p2a: Behemoth|Great Tusk, shiny|98/100
|-damage|p2a: Behemoth|95/100|[from] Stealth Rock
|turn|23
|
|t:|1759053022
|switch|p1a: Toxicroak|Toxicroak, M|100/100
|-item|p1a: Toxicroak|Air Balloon
|move|p2a: Behemoth|Headlong Rush|p1a: Toxicroak
|-immune|p1a: Toxicroak
|
|upkeep
|turn|24
|
|t:|1759053034
|move|p2a: Behemoth|Rapid Spin|p1a: Toxicroak
|-damage|p1a: Toxicroak|75/100
|-boost|p2a: Behemoth|spe|1
|-enditem|p1a: Toxicroak|Air Balloon
|-sideend|p2: ROUGHDIMAINS|Stealth Rock|[from] move: Rapid Spin|[of] p2a: Behemoth
|move|p1a: Toxicroak|Close Combat|p2a: Behemoth
|-damage|p2a: Behemoth|53/100
|-unboost|p1a: Toxicroak|def|1
|-unboost|p1a: Toxicroak|spd|1
|-damage|p1a: Toxicroak|58/100|[from] item: Rocky Helmet|[of] p2a: Behemoth
|
|upkeep
|turn|25
|l|☆Shimeon91
|inactive|Shimeon91 disconnected and has a minute to reconnect!
|player|p1|
|j|☆Shimeon91
|inactive|Shimeon91 reconnected and has 130 seconds left.
|player|p1|Shimeon91|169|
|
|t:|1759053057
|move|p1a: Toxicroak|Sucker Punch|p2a: Behemoth
|-resisted|p2a: Behemoth
|-damage|p2a: Behemoth|46/100
|-damage|p1a: Toxicroak|41/100|[from] item: Rocky Helmet|[of] p2a: Behemoth
|move|p2a: Behemoth|Headlong Rush|p1a: Toxicroak
|-supereffective|p1a: Toxicroak
|-damage|p1a: Toxicroak|0 fnt
|-unboost|p2a: Behemoth|def|1
|-unboost|p2a: Behemoth|spd|1
|faint|p1a: Toxicroak
|
|upkeep
|inactive|Shimeon91 has 120 seconds left.
|
|t:|1759053074
|switch|p1a: Cetitan|Cetitan, F, shiny, tera:Fighting|38/100
|turn|26
|
|t:|1759053078
|move|p1a: Cetitan|Ice Shard|p2a: Behemoth
|-supereffective|p2a: Behemoth
|-damage|p2a: Behemoth|3/100
|move|p2a: Behemoth|Headlong Rush|p1a: Cetitan
|-damage|p1a: Cetitan|0 fnt
|-unboost|p2a: Behemoth|def|1
|-unboost|p2a: Behemoth|spd|1
|faint|p1a: Cetitan
|
|upkeep
|inactive|Shimeon91 has 120 seconds left.
|
|t:|1759053112
|switch|p1a: Infernape|Infernape, M|100/100
|turn|27
|
|t:|1759053137
|move|p1a: Infernape|Vacuum Wave|p2a: Behemoth
|-damage|p2a: Behemoth|0 fnt
|faint|p2a: Behemoth
|-end|p2a: Behemoth|Protosynthesis|[silent]
|
|upkeep
|
|t:|1759053139
|switch|p2a: Anonymous|Ogerpon, F|45/100
|turn|28
|
|t:|1759053144
|-terastallize|p2a: Anonymous|Grass
|detailschange|p2a: Anonymous|Ogerpon-Teal-Tera, F, tera:Grass
|-ability|p2a: Anonymous|Embody Aspect (Teal)|boost
|-boost|p2a: Anonymous|spe|1
|move|p2a: Anonymous|Ivy Cudgel|p1a: Infernape
|-resisted|p1a: Infernape
|-damage|p1a: Infernape|25/100
|move|p1a: Infernape|Flamethrower|p2a: Anonymous
|-supereffective|p2a: Anonymous
|-damage|p2a: Anonymous|0 fnt
|faint|p2a: Anonymous
|detailschange|p2: Anonymous|Ogerpon, F|[silent]
|
|win|Shimeon91
|raw|Shimeon91's rating: 1291 &rarr; <strong>1317</strong><br />(+26 for winning)
|raw|ROUGHDIMAINS's rating: 1311 &rarr; <strong>1290</strong><br />(-21 for losing)
|l|☆ROUGHDIMAINS
|player|p2|
|l|☆Shimeon91
|player|p1|
