|j|☆exodusveritas
|j|☆Rabbit_soup_
|t:|1758956075
|gametype|singles
|player|p1|exodusveritas|steven|1218
|player|p2|Rabbit_soup_|266|1175
|gen|9
|tier|[Gen 9] OU
|rated|
|rule|HP Percentage Mod: HP is shown in percentages
|rule|Endless Battle Clause: Forcing endless battles is banned
|rule|Species Clause: Limit one of each Pokémon
|rule|OHKO Clause: OHKO moves are banned
|rule|Evasion Items Clause: Evasion items are banned
|rule|Evasion Moves Clause: Evasion moves are banned
|rule|Evasion Abilities Clause: Evasion abilities are banned
|rule|Sleep Moves Clause: Sleep-inducing moves are banned
|clearpoke
|poke|p1|Grimmsnarl, M|
|poke|p1|Rotom-Wash|
|poke|p1|Dragapult, F|
|poke|p1|Garganacl, F|
|poke|p1|Gliscor, M|
|poke|p1|Heatran, F|
|poke|p2|Landorus-Therian, M|
|poke|p2|Enamorus, F|
|poke|p2|Great Tusk|
|poke|p2|Heatran, F|
|poke|p2|Samurott-Hisui, M|
|poke|p2|Scyther, M|
|teampreview
|inactive|Battle timer is ON: inactive players will automatically lose when time's up. (requested by exodusveritas)
|
|t:|1758956088
|teamsize|p1|6
|teamsize|p2|6
|start
|switch|p1a: Klay Thompson|Rotom-Wash|100/100
|switch|p2a: Scyther|Scyther, M|100/100
|turn|1
|inactive|exodusveritas has 120 seconds left.
|
|t:|1758956124
|move|p2a: Scyther|U-turn|p1a: Klay Thompson
|-damage|p1a: Klay Thompson|65/100
|
|t:|1758956128
|switch|p2a: Heatran|Heatran, F|100/100|[from] U-turn
|move|p1a: Klay Thompson|Will-O-Wisp|p2a: Heatran
|-start|p2a: Heatran|ability: Flash Fire
|
|-heal|p1a: Klay Thompson|71/100|[from] item: Leftovers
|upkeep
|turn|2
|
|t:|1758956138
|move|p2a: Heatran|Magma Storm|p1a: Klay Thompson|[miss]
|-miss|p2a: Heatran|p1a: Klay Thompson
|move|p1a: Klay Thompson|Pain Split|p2a: Heatran
|-sethp|p2a: Heatran|76/100|[from] move: Pain Split|[silent]
|-sethp|p1a: Klay Thompson|100/100|[from] move: Pain Split
|
|-heal|p2a: Heatran|82/100|[from] item: Leftovers
|upkeep
|turn|3
|
|t:|1758956151
|-end|p2a: Heatran|ability: Flash Fire|[silent]
|switch|p2a: Scyther|Scyther, M|100/100
|move|p1a: Klay Thompson|Hydro Pump|p2a: Scyther
|-damage|p2a: Scyther|58/100
|
|upkeep
|turn|4
|
|t:|1758956159
|move|p2a: Scyther|Dual Wingbeat|p1a: Klay Thompson
|-resisted|p1a: Klay Thompson
|-crit|p1a: Klay Thompson
|-damage|p1a: Klay Thompson|74/100
|-resisted|p1a: Klay Thompson
|-damage|p1a: Klay Thompson|58/100
|-hitcount|p1a: Klay Thompson|2
|move|p1a: Klay Thompson|Will-O-Wisp|p2a: Scyther
|-status|p2a: Scyther|brn
|
|-heal|p1a: Klay Thompson|64/100|[from] item: Leftovers
|-damage|p2a: Scyther|52/100 brn|[from] brn
|upkeep
|turn|5
|
|t:|1758956165
|move|p2a: Scyther|U-turn|p1a: Klay Thompson
|-damage|p1a: Klay Thompson|47/100
|
|t:|1758956168
|switch|p2a: Samurott|Samurott-Hisui, M|100/100|[from] U-turn
|move|p1a: Klay Thompson|Volt Switch|p2a: Samurott
|-supereffective|p2a: Samurott
|-damage|p2a: Samurott|40/100
|
|t:|1758956179
|switch|p1a: King James #23|Garganacl, F|100/100|[from] Volt Switch
|
|upkeep
|turn|6
|
|t:|1758956187
|-terastallize|p1a: King James #23|Fairy
|move|p2a: Samurott|Razor Shell|p1a: King James #23
|-crit|p1a: King James #23
|-damage|p1a: King James #23|53/100
|-unboost|p1a: King James #23|def|1
|move|p1a: King James #23|Salt Cure|p2a: Samurott
|-damage|p2a: Samurott|22/100
|-start|p2a: Samurott|Salt Cure
|
|-heal|p1a: King James #23|59/100|[from] item: Leftovers
|-damage|p2a: Samurott|0 fnt|[from] Salt Cure
|faint|p2a: Samurott
|upkeep
|
|t:|1758956201
|switch|p2a: Landorus|Landorus-Therian, M|100/100
|-ability|p2a: Landorus|Intimidate|boost
|-unboost|p1a: King James #23|atk|1
|turn|7
|
|t:|1758956209
|-terastallize|p2a: Landorus|Flying
|move|p2a: Landorus|Tera Blast|p1a: King James #23|[anim] Tera Blast Flying
|-damage|p1a: King James #23|0 fnt
|faint|p1a: King James #23
|
|upkeep
|
|t:|1758956217
|switch|p1a: Anthony Davis|Grimmsnarl, M|100/100
|turn|8
|
|t:|1758956220
|move|p1a: Anthony Davis|Parting Shot|p2a: Landorus
|-unboost|p2a: Landorus|atk|1
|-unboost|p2a: Landorus|spa|1
|
|t:|1758956223
|switch|p1a: Klay Thompson|Rotom-Wash|47/100|[from] Parting Shot
|move|p2a: Landorus|Tera Blast|p1a: Klay Thompson|[anim] Tera Blast Flying
|-resisted|p1a: Klay Thompson
|-damage|p1a: Klay Thompson|23/100
|
|-heal|p1a: Klay Thompson|29/100|[from] item: Leftovers
|upkeep
|turn|9
|
|t:|1758956231
|move|p2a: Landorus|Tera Blast|p1a: Klay Thompson|[anim] Tera Blast Flying
|-resisted|p1a: Klay Thompson
|-damage|p1a: Klay Thompson|2/100
|move|p1a: Klay Thompson|Pain Split|p2a: Landorus
|-sethp|p2a: Landorus|51/100|[from] move: Pain Split|[silent]
|-sethp|p1a: Klay Thompson|59/100|[from] move: Pain Split
|
|-heal|p1a: Klay Thompson|65/100|[from] item: Leftovers
|upkeep
|turn|10
|
|t:|1758956238
|switch|p2a: Enamorus|Enamorus, F|100/100
|move|p1a: Klay Thompson|Volt Switch|p2a: Enamorus
|-supereffective|p2a: Enamorus
|-damage|p2a: Enamorus|20/100
|
|t:|1758956246
|switch|p1a: Steph Curry|Dragapult, F|100/100|[from] Volt Switch
|
|upkeep
|turn|11
|
|t:|1758956251
|move|p2a: Enamorus|Healing Wish|p2a: Enamorus
|faint|p2a: Enamorus
|move|p1a: Steph Curry|Hex|p2: Enamorus|[notarget]
|-fail|p1a: Steph Curry
|
|upkeep
|
|t:|1758956254
|switch|p2a: Scyther|Scyther, M|52/100 brn
|-heal|p2a: Scyther|100/100|[from] move: Healing Wish
|turn|12
|
|t:|1758956260
|switch|p1a: Draymond Green|Gliscor, M|100/100
|move|p2a: Scyther|U-turn|p1a: Draymond Green
|-resisted|p1a: Draymond Green
|-damage|p1a: Draymond Green|90/100
|
|t:|1758956263
|switch|p2a: Great Tusk|Great Tusk|100/100|[from] U-turn
|
|-status|p1a: Draymond Green|tox|[from] item: Toxic Orb
|upkeep
|turn|13
|
|t:|1758956269
|switch|p1a: Klay Thompson|Rotom-Wash|65/100
|move|p2a: Great Tusk|Ice Spinner|p1a: Klay Thompson
|-resisted|p1a: Klay Thompson
|-damage|p1a: Klay Thompson|50/100
|
|-heal|p1a: Klay Thompson|56/100|[from] item: Leftovers
|upkeep
|turn|14
|
|t:|1758956281
|move|p2a: Great Tusk|Knock Off|p1a: Klay Thompson
|-damage|p1a: Klay Thompson|18/100
|-enditem|p1a: Klay Thompson|Leftovers|[from] move: Knock Off|[of] p2a: Great Tusk
|move|p1a: Klay Thompson|Pain Split|p2a: Great Tusk
|-sethp|p2a: Great Tusk|57/100|[from] move: Pain Split|[silent]
|-sethp|p1a: Klay Thompson|76/100|[from] move: Pain Split
|
|upkeep
|turn|15
|
|t:|1758956290
|-end|p2a: Great Tusk|Protosynthesis|[silent]
|switch|p2a: Scyther|Scyther, M|100/100
|move|p1a: Klay Thompson|Will-O-Wisp|p2a: Scyther|[miss]
|-miss|p1a: Klay Thompson|p2a: Scyther
|
|upkeep
|turn|16
|
|t:|1758956299
|move|p2a: Scyther|Close Combat|p1a: Klay Thompson
|-damage|p1a: Klay Thompson|36/100
|-unboost|p2a: Scyther|def|1
|-unboost|p2a: Scyther|spd|1
|move|p1a: Klay Thompson|Will-O-Wisp|p2a: Scyther|[miss]
|-miss|p1a: Klay Thompson|p2a: Scyther
|
|upkeep
|turn|17
|
|t:|1758956307
|switch|p1a: Draymond Green|Gliscor, M|90/100 tox
|move|p2a: Scyther|Dual Wingbeat|p1a: Draymond Green
|-damage|p1a: Draymond Green|73/100 tox
|-damage|p1a: Draymond Green|55/100 tox
|-hitcount|p1a: Draymond Green|2
|
|-heal|p1a: Draymond Green|67/100 tox|[from] ability: Poison Heal
|upkeep
|turn|18
|
|t:|1758956313
|move|p2a: Scyther|Dual Wingbeat|p1a: Draymond Green
|-damage|p1a: Draymond Green|50/100 tox
|-damage|p1a: Draymond Green|33/100 tox
|-hitcount|p1a: Draymond Green|2
|move|p1a: Draymond Green|Spikes|p2a: Scyther
|-sidestart|p2: Rabbit_soup_|Spikes
|
|-heal|p1a: Draymond Green|45/100 tox|[from] ability: Poison Heal
|upkeep
|turn|19
|
|t:|1758956318
|move|p1a: Draymond Green|Protect|p1a: Draymond Green
|-singleturn|p1a: Draymond Green|Protect
|move|p2a: Scyther|Dual Wingbeat|p1a: Draymond Green
|-activate|p1a: Draymond Green|move: Protect
|
|-heal|p1a: Draymond Green|57/100 tox|[from] ability: Poison Heal
|upkeep
|turn|20
|-message|Rabbit_soup_ forfeited.
|
|win|exodusveritas
|raw|exodusveritas's rating: 1218 &rarr; <strong>1240</strong><br />(+22 for winning)
|raw|Rabbit_soup_'s rating: 1175 &rarr; <strong>1153</strong><br />(-22 for losing)
|l|☆Rabbit_soup_
|player|p2|
