|j|☆ItsMashu
|j|☆fulcrumz
|t:|1759053234
|gametype|singles
|player|p1|ItsMashu|2|1106
|player|p2|fulcrumz|265|1128
|gen|9
|tier|[Gen 9] OU
|rated|
|rule|HP Percentage Mod: HP is shown in percentages
|rule|Endless Battle Clause: Forcing endless battles is banned
|rule|Species Clause: Limit one of each Pokémon
|rule|OHKO Clause: OHKO moves are banned
|rule|Evasion Items Clause: Evasion items are banned
|rule|Evasion Moves Clause: Evasion moves are banned
|rule|Evasion Abilities Clause: Evasion abilities are banned
|rule|Sleep Moves Clause: Sleep-inducing moves are banned
|clearpoke
|poke|p1|Galvantula, M|
|poke|p1|Krookodile, F|
|poke|p1|Samurott-Hisui, M|
|poke|p1|Tsareena, F|
|poke|p1|Chandelure, M|
|poke|p1|Cloyster, F|
|poke|p2|Quaquaval, F|
|poke|p2|Delphox, F|
|poke|p2|Rillaboom, F|
|poke|p2|Primarina, M|
|poke|p2|Skeledirge, F|
|poke|p2|Meganium, F|
|teampreview
|
|t:|1759053241
|teamsize|p1|6
|teamsize|p2|6
|start
|switch|p1a: Galvantula|Galvantula, M|100/100
|switch|p2a: Meganium|Meganium, F|100/100
|turn|1
|
|t:|1759053245
|move|p1a: Galvantula|Sticky Web|p2a: Meganium
|-sidestart|p2: fulcrumz|move: Sticky Web
|move|p2a: Meganium|Encore|p1a: Galvantula
|-start|p1a: Galvantula|Encore
|
|upkeep
|turn|2
|
|t:|1759053259
|switch|p1a: Tsareena|Tsareena, F|100/100
|move|p2a: Meganium|Leech Seed|p1a: Tsareena
|-immune|p1a: Tsareena
|
|upkeep
|turn|3
|
|t:|1759053266
|switch|p2a: Skeledirge|Skeledirge, F|100/100
|-activate|p2a: Skeledirge|move: Sticky Web
|-unboost|p2a: Skeledirge|spe|1
|move|p1a: Tsareena|Triple Axel|p2a: Skeledirge
|-resisted|p2a: Skeledirge
|-damage|p2a: Skeledirge|98/100
|-resisted|p2a: Skeledirge
|-damage|p2a: Skeledirge|94/100
|-resisted|p2a: Skeledirge
|-damage|p2a: Skeledirge|89/100
|-hitcount|p2a: Skeledirge|3
|
|-heal|p2a: Skeledirge|95/100|[from] item: Leftovers
|upkeep
|turn|4
|
|t:|1759053271
|switch|p1a: Chandelure|Chandelure, M|100/100
|move|p2a: Skeledirge|Torch Song|p1a: Chandelure
|-start|p1a: Chandelure|ability: Flash Fire
|
|-heal|p2a: Skeledirge|100/100|[from] item: Leftovers
|upkeep
|turn|5
|
|t:|1759053281
|move|p1a: Chandelure|Shadow Ball|p2a: Skeledirge
|-supereffective|p2a: Skeledirge
|-damage|p2a: Skeledirge|0 fnt
|faint|p2a: Skeledirge
|
|upkeep
|inactive|Battle timer is ON: inactive players will automatically lose when time's up. (requested by fulcrumz)
|
|t:|1759053305
|switch|p2a: Quaquaval|Quaquaval, F|100/100
|-activate|p2a: Quaquaval|move: Sticky Web
|-unboost|p2a: Quaquaval|spe|1
|turn|6
|
|t:|1759053326
|-end|p1a: Chandelure|ability: Flash Fire|[silent]
|switch|p1a: Samurott|Samurott-Hisui, M|100/100
|move|p2a: Quaquaval|Aqua Step|p1a: Samurott
|-resisted|p1a: Samurott
|-damage|p1a: Samurott|79/100
|-boost|p2a: Quaquaval|spe|1
|
|upkeep
|turn|7
|
|t:|1759053339
|-terastallize|p1a: Samurott|Poison
|move|p2a: Quaquaval|Close Combat|p1a: Samurott
|-resisted|p1a: Samurott
|-damage|p1a: Samurott|44/100
|-unboost|p2a: Quaquaval|def|1
|-unboost|p2a: Quaquaval|spd|1
|move|p1a: Samurott|Ceaseless Edge|p2a: Quaquaval
|-resisted|p2a: Quaquaval
|-crit|p2a: Quaquaval
|-damage|p2a: Quaquaval|37/100
|-sidestart|p2: fulcrumz|Spikes
|
|upkeep
|turn|8
|
|t:|1759053349
|move|p2a: Quaquaval|Aqua Step|p1a: Samurott
|-damage|p1a: Samurott|0 fnt
|-boost|p2a: Quaquaval|spe|1
|faint|p1a: Samurott
|-ability|p2a: Quaquaval|Moxie|boost
|-boost|p2a: Quaquaval|atk|1
|
|upkeep
|
|t:|1759053363
|switch|p1a: Tsareena|Tsareena, F|100/100
|turn|9
|
|t:|1759053377
|move|p2a: Quaquaval|Ice Spinner|p1a: Tsareena
|-supereffective|p1a: Tsareena
|-damage|p1a: Tsareena|38/100
|move|p1a: Tsareena|Power Whip|p2a: Quaquaval
|-supereffective|p2a: Quaquaval
|-damage|p2a: Quaquaval|0 fnt
|faint|p2a: Quaquaval
|
|upkeep
|
|t:|1759053389
|switch|p2a: Delphox|Delphox, F|100/100
|-activate|p2a: Delphox|move: Sticky Web
|-unboost|p2a: Delphox|spe|1
|-damage|p2a: Delphox|88/100|[from] Spikes
|turn|10
|
|t:|1759053398
|switch|p1a: Chandelure|Chandelure, M|100/100
|move|p2a: Delphox|Psychic|p1a: Chandelure
|-damage|p1a: Chandelure|26/100
|-damage|p2a: Delphox|78/100|[from] item: Life Orb
|
|upkeep
|turn|11
|
|t:|1759053410
|-terastallize|p2a: Delphox|Fairy
|move|p1a: Chandelure|Shadow Ball|p2a: Delphox
|-damage|p2a: Delphox|0 fnt
|faint|p2a: Delphox
|
|upkeep
|inactive|fulcrumz has 120 seconds left.
|inactive|fulcrumz has 90 seconds left.
|inactive|fulcrumz has 60 seconds left.
|inactive|fulcrumz has 30 seconds left.
|inactiveoff|Battle timer is now OFF.
|inactive|Battle timer is ON: inactive players will automatically lose when time's up. (requested by ItsMashu)
|inactive|fulcrumz has 30 seconds left.
|c|☆ItsMashu|deadass
|inactive|fulcrumz has 20 seconds left.
|inactive|fulcrumz has 15 seconds left.
|inactive|fulcrumz has 10 seconds left.
|inactive|fulcrumz has 5 seconds left.
|
|t:|1759053569
|switch|p2a: Rillaboom|Rillaboom, F|100/100
|-activate|p2a: Rillaboom|move: Sticky Web
|-unboost|p2a: Rillaboom|spe|1
|-damage|p2a: Rillaboom|88/100|[from] Spikes
|-fieldstart|move: Grassy Terrain|[from] ability: Grassy Surge|[of] p2a: Rillaboom
|turn|12
|inactive|fulcrumz has 15 seconds left this turn.
|inactive|fulcrumz has 10 seconds left.
|inactive|fulcrumz has 5 seconds left.
|
|t:|1759053584
|switch|p1a: Tsareena|Tsareena, F|38/100
|move|p2a: Rillaboom|Grassy Glide||[still]
|cant|p1a: Tsareena|ability: Queenly Majesty|Grassy Glide|[of] p2a: Rillaboom
|
|-heal|p2a: Rillaboom|94/100|[from] Grassy Terrain
|-heal|p1a: Tsareena|44/100|[from] Grassy Terrain
|upkeep
|turn|13
|inactive|fulcrumz has 15 seconds left this turn.
|inactive|fulcrumz has 10 seconds left.
|inactive|fulcrumz has 5 seconds left.
|
|t:|1759053597
|move|p2a: Rillaboom|Drum Beating|p1a: Tsareena
|-resisted|p1a: Tsareena
|-damage|p1a: Tsareena|17/100
|-unboost|p1a: Tsareena|spe|1
|-damage|p2a: Rillaboom|84/100|[from] item: Life Orb
|move|p1a: Tsareena|Triple Axel|p2a: Rillaboom
|-supereffective|p2a: Rillaboom
|-damage|p2a: Rillaboom|73/100
|-supereffective|p2a: Rillaboom
|-damage|p2a: Rillaboom|51/100
|-supereffective|p2a: Rillaboom
|-damage|p2a: Rillaboom|14/100
|-hitcount|p2a: Rillaboom|3
|
|-heal|p2a: Rillaboom|20/100|[from] Grassy Terrain
|-heal|p1a: Tsareena|23/100|[from] Grassy Terrain
|upkeep
|turn|14
|inactive|fulcrumz has 15 seconds left this turn.
|
|t:|1759053608
|move|p2a: Rillaboom|Drum Beating|p1a: Tsareena
|-resisted|p1a: Tsareena
|-damage|p1a: Tsareena|0 fnt
|faint|p1a: Tsareena
|-damage|p2a: Rillaboom|10/100|[from] item: Life Orb
|
|-heal|p2a: Rillaboom|16/100|[from] Grassy Terrain
|upkeep
|
|t:|1759053611
|switch|p1a: Chandelure|Chandelure, M|26/100
|turn|15
|inactive|fulcrumz has 30 seconds left this turn.
|
|t:|1759053615
|move|p2a: Rillaboom|Grassy Glide|p1a: Chandelure
|-resisted|p1a: Chandelure
|-damage|p1a: Chandelure|0 fnt
|faint|p1a: Chandelure
|-damage|p2a: Rillaboom|6/100|[from] item: Life Orb
|
|-heal|p2a: Rillaboom|12/100|[from] Grassy Terrain
|upkeep
|
|t:|1759053621
|switch|p1a: Galvantula|Galvantula, M|100/100
|turn|16
|
|t:|1759053630
|move|p2a: Rillaboom|Grassy Glide|p1a: Galvantula
|-resisted|p1a: Galvantula
|-damage|p1a: Galvantula|60/100
|-damage|p2a: Rillaboom|2/100|[from] item: Life Orb
|move|p1a: Galvantula|Bug Buzz|p2a: Rillaboom
|-supereffective|p2a: Rillaboom
|-damage|p2a: Rillaboom|0 fnt
|faint|p2a: Rillaboom
|
|-heal|p1a: Galvantula|66/100|[from] Grassy Terrain
|-fieldend|move: Grassy Terrain
|upkeep
|
|t:|1759053642
|switch|p2a: Meganium|Meganium, F|100/100
|-activate|p2a: Meganium|move: Sticky Web
|-unboost|p2a: Meganium|spe|1
|-damage|p2a: Meganium|88/100|[from] Spikes
|turn|17
|
|t:|1759053650
|move|p2a: Meganium|Protect|p2a: Meganium
|-singleturn|p2a: Meganium|Protect
|move|p1a: Galvantula|Bug Buzz|p2a: Meganium
|-activate|p2a: Meganium|move: Protect
|
|-heal|p2a: Meganium|94/100|[from] item: Leftovers
|upkeep
|turn|18
|
|t:|1759053654
|move|p1a: Galvantula|Bug Buzz|p2a: Meganium
|-supereffective|p2a: Meganium
|-damage|p2a: Meganium|41/100
|move|p2a: Meganium|Leech Seed|p1a: Galvantula
|-start|p1a: Galvantula|move: Leech Seed
|
|-heal|p2a: Meganium|47/100|[from] item: Leftovers
|-damage|p1a: Galvantula|54/100|[from] Leech Seed|[of] p2a: Meganium
|-heal|p2a: Meganium|57/100|[silent]
|upkeep
|turn|19
|inactive|fulcrumz has 60 seconds left.
|
|t:|1759053660
|move|p2a: Meganium|Protect|p2a: Meganium
|-singleturn|p2a: Meganium|Protect
|move|p1a: Galvantula|Bug Buzz|p2a: Meganium
|-activate|p2a: Meganium|move: Protect
|
|-heal|p2a: Meganium|63/100|[from] item: Leftovers
|-damage|p1a: Galvantula|41/100|[from] Leech Seed|[of] p2a: Meganium
|-heal|p2a: Meganium|72/100|[silent]
|upkeep
|turn|20
|
|t:|1759053664
|move|p1a: Galvantula|Bug Buzz|p2a: Meganium
|-supereffective|p2a: Meganium
|-damage|p2a: Meganium|11/100
|move|p2a: Meganium|Giga Drain|p1a: Galvantula
|-resisted|p1a: Galvantula
|-damage|p1a: Galvantula|10/100
|-heal|p2a: Meganium|23/100|[from] drain|[of] p1a: Galvantula
|
|-heal|p2a: Meganium|29/100|[from] item: Leftovers
|-damage|p1a: Galvantula|0 fnt|[from] Leech Seed|[of] p2a: Meganium
|-heal|p2a: Meganium|36/100|[silent]
|faint|p1a: Galvantula
|upkeep
|
|t:|1759053669
|switch|p1a: Cloyster|Cloyster, F|100/100
|turn|21
|
|t:|1759053673
|move|p2a: Meganium|Protect|p2a: Meganium
|-singleturn|p2a: Meganium|Protect
|move|p1a: Cloyster|Shell Smash|p1a: Cloyster
|-unboost|p1a: Cloyster|def|1
|-unboost|p1a: Cloyster|spd|1
|-boost|p1a: Cloyster|atk|2
|-boost|p1a: Cloyster|spa|2
|-boost|p1a: Cloyster|spe|2
|-enditem|p1a: Cloyster|White Herb
|-clearnegativeboost|p1a: Cloyster|[silent]
|
|-heal|p2a: Meganium|42/100|[from] item: Leftovers
|upkeep
|turn|22
|inactive|fulcrumz has 90 seconds left.
|
|t:|1759053683
|move|p1a: Cloyster|Icicle Spear|p2a: Meganium
|-supereffective|p2a: Meganium
|-damage|p2a: Meganium|4/100
|-supereffective|p2a: Meganium
|-damage|p2a: Meganium|0 fnt
|faint|p2a: Meganium
|-hitcount|p2: Meganium|2
|
|upkeep
|
|t:|1759053686
|switch|p2a: Primarina|Primarina, M|100/100
|-activate|p2a: Primarina|move: Sticky Web
|-unboost|p2a: Primarina|spe|1
|-damage|p2a: Primarina|88/100|[from] Spikes
|turn|23
|
|t:|1759053692
|move|p1a: Cloyster|Icicle Spear|p2a: Primarina
|-resisted|p2a: Primarina
|-damage|p2a: Primarina|75/100
|-resisted|p2a: Primarina
|-damage|p2a: Primarina|60/100
|-resisted|p2a: Primarina
|-damage|p2a: Primarina|47/100
|-resisted|p2a: Primarina
|-damage|p2a: Primarina|33/100
|-resisted|p2a: Primarina
|-damage|p2a: Primarina|18/100
|-hitcount|p2a: Primarina|5
|move|p2a: Primarina|Moonblast|p1a: Cloyster
|-damage|p1a: Cloyster|0 fnt
|faint|p1a: Cloyster
|
|upkeep
|
|t:|1759053696
|switch|p1a: Krookodile|Krookodile, F|100/100
|turn|24
|inactive|fulcrumz has 90 seconds left.
|inactive|fulcrumz has 60 seconds left.
|
|t:|1759053781
|move|p1a: Krookodile|Gunk Shot|p2a: Primarina|[miss]
|-miss|p1a: Krookodile|p2a: Primarina
|move|p2a: Primarina|Hyper Voice|p1a: Krookodile
|-supereffective|p1a: Krookodile
|-damage|p1a: Krookodile|0 fnt
|faint|p1a: Krookodile
|
|win|fulcrumz
|raw|ItsMashu's rating: 1106 &rarr; <strong>1081</strong><br />(-25 for losing)
|raw|fulcrumz's rating: 1108 &rarr; <strong>1133</strong><br />(+25 for winning)
|l|☆ItsMashu
|player|p1|
|c|☆fulcrumz|Lmao
|l|☆fulcrumz
|player|p2|
