|j|☆mysunshine
|j|☆Ant351
|t:|1758962062
|gametype|singles
|player|p1|mysunshine|waitress|1350
|player|p2|Ant351|266|1259
|gen|9
|tier|[Gen 9] OU
|rated|
|rule|HP Percentage Mod: HP is shown in percentages
|rule|Endless Battle Clause: Forcing endless battles is banned
|rule|Species Clause: Limit one of each Pokémon
|rule|OHKO Clause: OHKO moves are banned
|rule|Evasion Items Clause: Evasion items are banned
|rule|Evasion Moves Clause: Evasion moves are banned
|rule|Evasion Abilities Clause: Evasion abilities are banned
|rule|Sleep Moves Clause: Sleep-inducing moves are banned
|clearpoke
|poke|p1|Bellibolt, F|
|poke|p1|Pelipper, F|
|poke|p1|Iron Treads|
|poke|p1|Barraskewda, F|
|poke|p1|Dragonite, F|
|poke|p1|Iron Valiant|
|poke|p2|Porygon2|
|poke|p2|Bronzong|
|poke|p2|Ursaluna, F|
|poke|p2|Torkoal, M|
|poke|p2|Dondozo, F|
|poke|p2|Slowbro-Galar, M|
|teampreview
|inactive|Battle timer is ON: inactive players will automatically lose when time's up. (requested by mysunshine)
|
|t:|1758962070
|teamsize|p1|6
|teamsize|p2|6
|start
|switch|p1a: Pelipper|Pelipper, F|100/100
|switch|p2a: Porygon2|Porygon2|100/100
|-weather|RainDance|[from] ability: Drizzle|[of] p1a: Pelipper
|-ability|p2a: Porygon2|Download|boost
|-boost|p2a: Porygon2|spa|1
|turn|1
|inactive|mysunshine has 120 seconds left.
|
|t:|1758962102
|switch|p1a: Bellibolt|Bellibolt, F|100/100
|move|p2a: Porygon2|Trick Room|p2a: Porygon2
|-fieldstart|move: Trick Room|[of] p2a: Porygon2
|
|-weather|RainDance|[upkeep]
|upkeep
|turn|2
|
|t:|1758962117
|switch|p2a: Dondozo|Dondozo, F|100/100
|move|p1a: Bellibolt|Thunder|p2a: Dondozo
|-supereffective|p2a: Dondozo
|-damage|p2a: Dondozo|18/100
|
|-weather|RainDance|[upkeep]
|upkeep
|turn|3
|
|t:|1758962130
|move|p2a: Dondozo|Rest|p2a: Dondozo
|-status|p2a: Dondozo|slp|[from] move: Rest
|-heal|p2a: Dondozo|100/100 slp|[silent]
|-enditem|p2a: Dondozo|Chesto Berry|[eat]
|-curestatus|p2a: Dondozo|slp|[msg]
|move|p1a: Bellibolt|Weather Ball|p2a: Dondozo
|-resisted|p2a: Dondozo
|-damage|p2a: Dondozo|79/100
|
|-weather|RainDance|[upkeep]
|upkeep
|turn|4
|
|t:|1758962145
|move|p2a: Dondozo|Rock Slide|p1a: Bellibolt
|-damage|p1a: Bellibolt|82/100
|-start|p1a: Bellibolt|Charge|Rock Slide|[from] ability: Electromorphosis
|move|p1a: Bellibolt|Thunder|p2a: Dondozo
|-supereffective|p2a: Dondozo
|-damage|p2a: Dondozo|0 fnt
|faint|p2a: Dondozo
|-end|p1a: Bellibolt|Charge|[silent]
|
|-weather|RainDance|[upkeep]
|upkeep
|
|t:|1758962161
|switch|p2a: Ursaluna|Ursaluna, F|100/100
|turn|5
|
|t:|1758962180
|switch|p1a: Dragonite|Dragonite, F|100/100
|move|p2a: Ursaluna|Earthquake|p1a: Dragonite
|-immune|p1a: Dragonite
|
|-weather|RainDance|[upkeep]
|-fieldend|move: Trick Room
|-status|p2a: Ursaluna|brn|[from] item: Flame Orb
|upkeep
|turn|6
|
|t:|1758962193
|move|p1a: Dragonite|Hurricane|p2a: Ursaluna
|-damage|p2a: Ursaluna|52/100 brn
|move|p2a: Ursaluna|Swords Dance|p2a: Ursaluna
|-boost|p2a: Ursaluna|atk|2
|
|-weather|RainDance|[upkeep]
|-damage|p2a: Ursaluna|46/100 brn|[from] brn
|upkeep
|turn|7
|
|t:|1758962211
|move|p1a: Dragonite|Hurricane|p2a: Ursaluna
|-damage|p2a: Ursaluna|3/100 brn
|-start|p2a: Ursaluna|confusion
|-activate|p2a: Ursaluna|confusion
|move|p2a: Ursaluna|Facade|p1a: Dragonite
|-damage|p1a: Dragonite|0 fnt
|faint|p1a: Dragonite
|
|-weather|RainDance|[upkeep]
|-damage|p2a: Ursaluna|0 fnt|[from] brn
|faint|p2a: Ursaluna
|upkeep
|
|t:|1758962229
|switch|p1a: Barraskewda|Barraskewda, F, shiny|100/100
|switch|p2a: Bronzong|Bronzong|100/100
|turn|8
|
|t:|1758962240
|move|p1a: Barraskewda|Flip Turn|p2a: Bronzong
|-damage|p2a: Bronzong|40/100
|
|t:|1758962244
|switch|p1a: Iron Treads|Iron Treads, shiny|100/100|[from] Flip Turn
|move|p2a: Bronzong|Trick|p1a: Iron Treads
|-activate|p2a: Bronzong|move: Trick|[of] p1a: Iron Treads
|-item|p1a: Iron Treads|Choice Scarf|[from] move: Trick
|-item|p2a: Bronzong|Heavy-Duty Boots|[from] move: Trick
|
|-weather|none
|upkeep
|turn|9
|
|t:|1758962257
|move|p1a: Iron Treads|Volt Switch|p2a: Bronzong
|-damage|p2a: Bronzong|27/100
|
|t:|1758962264
|-end|p1a: Iron Treads|Quark Drive|[silent]
|switch|p1a: Pelipper|Pelipper, F|100/100|[from] Volt Switch
|-weather|RainDance|[from] ability: Drizzle|[of] p1a: Pelipper
|move|p2a: Bronzong|Trick|p1a: Pelipper
|-activate|p2a: Bronzong|move: Trick|[of] p1a: Pelipper
|-item|p1a: Pelipper|Heavy-Duty Boots|[from] move: Trick
|-item|p2a: Bronzong|Damp Rock|[from] move: Trick
|
|-weather|RainDance|[upkeep]
|upkeep
|turn|10
|inactive|Ant351 has 120 seconds left.
|
|t:|1758962318
|move|p1a: Pelipper|Weather Ball|p2a: Bronzong
|-damage|p2a: Bronzong|0 fnt
|faint|p2a: Bronzong
|
|-weather|RainDance|[upkeep]
|upkeep
|
|t:|1758962326
|switch|p2a: Porygon2|Porygon2|100/100
|-ability|p2a: Porygon2|Download|boost
|-boost|p2a: Porygon2|spa|1
|turn|11
|
|t:|1758962345
|switch|p1a: Bellibolt|Bellibolt, F|82/100
|move|p2a: Porygon2|Trick Room|p2a: Porygon2
|-fieldstart|move: Trick Room|[of] p2a: Porygon2
|
|-weather|RainDance|[upkeep]
|upkeep
|turn|12
|
|t:|1758962363
|move|p1a: Bellibolt|Thunder|p2a: Porygon2
|-damage|p2a: Porygon2|70/100
|move|p2a: Porygon2|Tera Blast|p1a: Bellibolt
|-damage|p1a: Bellibolt|42/100
|-start|p1a: Bellibolt|Charge|Tera Blast|[from] ability: Electromorphosis
|
|-weather|RainDance|[upkeep]
|upkeep
|turn|13
|
|t:|1758962374
|switch|p2a: Torkoal|Torkoal, M|100/100
|-weather|SunnyDay|[from] ability: Drought|[of] p2a: Torkoal
|move|p1a: Bellibolt|Thunder|p2a: Torkoal|[miss]
|-miss|p1a: Bellibolt|p2a: Torkoal
|-end|p1a: Bellibolt|Charge|[silent]
|
|-weather|SunnyDay|[upkeep]
|upkeep
|turn|14
|
|t:|1758962395
|switch|p1a: Pelipper|Pelipper, F|100/100
|-weather|RainDance|[from] ability: Drizzle|[of] p1a: Pelipper
|move|p2a: Torkoal|Eruption|p1a: Pelipper
|-resisted|p1a: Pelipper
|-damage|p1a: Pelipper|67/100
|
|-weather|RainDance|[upkeep]
|upkeep
|turn|15
|
|t:|1758962405
|switch|p2a: Slowbro|Slowbro-Galar, M|100/100
|move|p1a: Pelipper|Hurricane|p2a: Slowbro
|-damage|p2a: Slowbro|59/100
|
|-weather|RainDance|[upkeep]
|-fieldend|move: Trick Room
|upkeep
|turn|16
|
|t:|1758962422
|-terastallize|p2a: Slowbro|Water
|move|p1a: Pelipper|Weather Ball|p2a: Slowbro
|-resisted|p2a: Slowbro
|-damage|p2a: Slowbro|29/100
|move|p2a: Slowbro|Gunk Shot|p1a: Pelipper
|-damage|p1a: Pelipper|22/100
|
|-weather|RainDance|[upkeep]
|upkeep
|turn|17
|
|t:|1758962433
|move|p1a: Pelipper|Hurricane|p2a: Slowbro
|-damage|p2a: Slowbro|0 fnt
|faint|p2a: Slowbro
|
|-weather|RainDance|[upkeep]
|upkeep
|
|t:|1758962439
|switch|p2a: Porygon2|Porygon2|70/100
|-ability|p2a: Porygon2|Download|boost
|-boost|p2a: Porygon2|spa|1
|turn|18
|inactive|mysunshine has 120 seconds left.
|
|t:|1758962481
|move|p1a: Pelipper|Hurricane|p2a: Porygon2
|-damage|p2a: Porygon2|46/100
|-start|p2a: Porygon2|confusion
|-activate|p2a: Porygon2|confusion
|move|p2a: Porygon2|Trick Room|p2a: Porygon2
|-fieldstart|move: Trick Room|[of] p2a: Porygon2
|
|-weather|none
|upkeep
|turn|19
|
|t:|1758962495
|switch|p1a: Bellibolt|Bellibolt, F|42/100
|-activate|p2a: Porygon2|confusion
|move|p2a: Porygon2|Shadow Ball|p1a: Bellibolt
|-damage|p1a: Bellibolt|18/100
|-start|p1a: Bellibolt|Charge|Shadow Ball|[from] ability: Electromorphosis
|
|upkeep
|turn|20
|
|t:|1758962506
|move|p1a: Bellibolt|Thunder|p2a: Porygon2
|-damage|p2a: Porygon2|0 fnt
|faint|p2a: Porygon2
|-end|p1a: Bellibolt|Charge|[silent]
|
|upkeep
|
|t:|1758962513
|switch|p2a: Torkoal|Torkoal, M|100/100
|-weather|SunnyDay|[from] ability: Drought|[of] p2a: Torkoal
|turn|21
|
|t:|1758962525
|move|p2a: Torkoal|Fire Blast|p1a: Bellibolt
|-damage|p1a: Bellibolt|0 fnt
|faint|p1a: Bellibolt
|
|-weather|SunnyDay|[upkeep]
|upkeep
|
|t:|1758962529
|switch|p1a: Pelipper|Pelipper, F|22/100
|-weather|RainDance|[from] ability: Drizzle|[of] p1a: Pelipper
|turn|22
|
|t:|1758962534
|move|p2a: Torkoal|Fire Blast|p1a: Pelipper
|-resisted|p1a: Pelipper
|-damage|p1a: Pelipper|0 fnt
|faint|p1a: Pelipper
|
|-weather|RainDance|[upkeep]
|-fieldend|move: Trick Room
|upkeep
|
|t:|1758962540
|switch|p1a: Barraskewda|Barraskewda, F, shiny|100/100
|turn|23
|
|t:|1758962543
|-terastallize|p1a: Barraskewda|Water
|move|p1a: Barraskewda|Liquidation|p2a: Torkoal
|-supereffective|p2a: Torkoal
|-damage|p2a: Torkoal|0 fnt
|faint|p2a: Torkoal
|
|win|mysunshine
|raw|mysunshine's rating: 1350 &rarr; <strong>1365</strong><br />(+15 for winning)
|raw|Ant351's rating: 1259 &rarr; <strong>1240</strong><br />(-19 for losing)
|l|☆mysunshine
|player|p1|
|l|☆Ant351
|player|p2|
|j|☆Ant351
|player|p2|Ant351|266|
