|j|☆kuraiyagare
|j|☆Yajityyy
|t:|1758990862
|gametype|singles
|player|p1|kuraiyagare|mars|1311
|player|p2|Yajityyy|burglar|1295
|gen|9
|tier|[Gen 9] OU
|rated|
|rule|HP Percentage Mod: HP is shown in percentages
|rule|Endless Battle Clause: Forcing endless battles is banned
|rule|Species Clause: Limit one of each Pokémon
|rule|OHKO Clause: OHKO moves are banned
|rule|Evasion Items Clause: Evasion items are banned
|rule|Evasion Moves Clause: Evasion moves are banned
|rule|Evasion Abilities Clause: Evasion abilities are banned
|rule|Sleep Moves Clause: Sleep-inducing moves are banned
|clearpoke
|poke|p1|Talonflame, F|
|poke|p1|Drifblim, M|
|poke|p1|Bastiodon, M|
|poke|p1|Lokix, M|
|poke|p1|Gardevoir, M|
|poke|p1|Torterra, M|
|poke|p2|Iron Valiant|
|poke|p2|Great Tusk|
|poke|p2|Dragonite, M|
|poke|p2|Deoxys-Speed|
|poke|p2|Glimmora, M|
|poke|p2|Kingambit, F|
|teampreview
|inactive|Battle timer is ON: inactive players will automatically lose when time's up. (requested by Yajityyy)
|inactive|kuraiyagare has 120 seconds left.
|
|t:|1758990900
|teamsize|p1|6
|teamsize|p2|6
|start
|switch|p1a: Gardenia|Gardevoir, M|100/100
|switch|p2a: Glimmora|Glimmora, M|100/100
|-ability|p1a: Gardenia|Toxic Debris|Trace|[from] ability: Trace|[of] p2a: Glimmora
|turn|1
|
|t:|1758990912
|move|p2a: Glimmora|Meteor Beam||[still]
|-prepare|p2a: Glimmora|Meteor Beam
|-boost|p2a: Glimmora|spa|1
|-enditem|p2a: Glimmora|Power Herb
|-anim|p2a: Glimmora|Meteor Beam|p1a: Gardenia
|-enditem|p1a: Gardenia|Focus Sash
|-damage|p1a: Gardenia|1/100
|move|p1a: Gardenia|Psyshock|p2a: Glimmora
|-supereffective|p2a: Glimmora
|-damage|p2a: Glimmora|0 fnt
|faint|p2a: Glimmora
|
|upkeep
|
|t:|1758990923
|switch|p2a: Deoxys|Deoxys-Speed|100/100
|-ability|p2a: Deoxys|Pressure
|turn|2
|inactive|kuraiyagare has 120 seconds left.
|
|t:|1758990962
|move|p1a: Gardenia|Vacuum Wave|p2a: Deoxys
|-resisted|p2a: Deoxys
|-damage|p2a: Deoxys|91/100
|move|p2a: Deoxys|Light Screen|p2a: Deoxys
|-sidestart|p2: Yajityyy|move: Light Screen
|
|upkeep
|turn|3
|inactive|kuraiyagare has 120 seconds left.
|
|t:|1758990972
|switch|p1a: avg linux user|Lokix, M|100/100
|move|p2a: Deoxys|Reflect|p2a: Deoxys
|-sidestart|p2: Yajityyy|Reflect
|
|upkeep
|turn|4
|
|t:|1758990990
|switch|p2a: Great Tusk|Great Tusk|100/100
|-enditem|p2a: Great Tusk|Booster Energy
|-activate|p2a: Great Tusk|ability: Protosynthesis|[fromitem]
|-start|p2a: Great Tusk|protosynthesisspe
|move|p1a: avg linux user|Knock Off|p2a: Great Tusk
|-resisted|p2a: Great Tusk
|-damage|p2a: Great Tusk|90/100
|
|upkeep
|turn|5
|
|t:|1758991009
|switch|p1a: Vatra|Talonflame, F|100/100
|move|p2a: Great Tusk|Bulk Up|p2a: Great Tusk
|-boost|p2a: Great Tusk|atk|1
|-boost|p2a: Great Tusk|def|1
|
|upkeep
|turn|6
|
|t:|1758991016
|move|p2a: Great Tusk|Head Smash|p1a: Vatra
|-supereffective|p1a: Vatra
|-crit|p1a: Vatra
|-damage|p1a: Vatra|0 fnt
|faint|p1a: Vatra
|-damage|p2a: Great Tusk|55/100|[from] Recoil
|
|upkeep
|inactive|kuraiyagare has 120 seconds left.
|
|t:|1758991049
|switch|p1a: Bastiodon|Bastiodon, M|100/100
|turn|7
|
|t:|1758991057
|move|p2a: Great Tusk|Headlong Rush|p1a: Bastiodon
|-supereffective|p1a: Bastiodon
|-ability|p1a: Bastiodon|Sturdy
|-damage|p1a: Bastiodon|1/100
|-unboost|p2a: Great Tusk|def|1
|-unboost|p2a: Great Tusk|spd|1
|move|p1a: Bastiodon|Roar|p2a: Great Tusk
|-end|p2a: Great Tusk|Protosynthesis|[silent]
|drag|p2a: Deoxys|Deoxys-Speed|91/100
|-ability|p2a: Deoxys|Pressure
|
|upkeep
|turn|8
|
|t:|1758991071
|move|p2a: Deoxys|Taunt|p1a: Bastiodon
|-start|p1a: Bastiodon|move: Taunt
|cant|p1a: Bastiodon|move: Taunt|Rest
|
|upkeep
|turn|9
|
|t:|1758991093
|switch|p2a: Kingambit|Kingambit, F|100/100
|-activate|p2a: Kingambit|ability: Supreme Overlord
|-start|p2a: Kingambit|fallen1|[silent]
|switch|p1a: Drifflim|Drifblim, M|100/100
|
|-sideend|p2: Yajityyy|move: Light Screen
|upkeep
|turn|10
|
|t:|1758991104
|switch|p1a: Bastiodon|Bastiodon, M|1/100
|move|p2a: Kingambit|Swords Dance|p2a: Kingambit
|-boost|p2a: Kingambit|atk|2
|
|-sideend|p2: Yajityyy|Reflect
|upkeep
|turn|11
|
|t:|1758991110
|move|p2a: Kingambit|Iron Head|p1a: Bastiodon
|-damage|p1a: Bastiodon|0 fnt
|faint|p1a: Bastiodon
|
|upkeep
|
|t:|1758991118
|switch|p1a: Gardenia|Gardevoir, M|1/100
|-ability|p1a: Gardenia|Supreme Overlord|Trace|[from] ability: Trace|[of] p2a: Kingambit
|-activate|p1a: Gardenia|ability: Supreme Overlord
|-start|p1a: Gardenia|fallen2|[silent]
|turn|12
|
|t:|1758991126
|move|p2a: Kingambit|Sucker Punch||[still]
|-fail|p2a: Kingambit
|move|p1a: Gardenia|Destiny Bond|p1a: Gardenia
|-singlemove|p1a: Gardenia|Destiny Bond
|
|upkeep
|turn|13
|
|t:|1758991136
|move|p2a: Kingambit|Sucker Punch|p1a: Gardenia
|-damage|p1a: Gardenia|0 fnt
|faint|p1a: Gardenia
|-activate|p1a: Gardenia|move: Destiny Bond
|-end|p1a: Gardenia|fallen2|[silent]
|faint|p2a: Kingambit
|-end|p2a: Kingambit|fallen1|[silent]
|
|upkeep
|
|t:|1758991148
|switch|p1a: avg linux user|Lokix, M|100/100
|switch|p2a: Deoxys|Deoxys-Speed|91/100
|-ability|p2a: Deoxys|Pressure
|turn|14
|
|t:|1758991153
|switch|p2a: Great Tusk|Great Tusk|55/100
|move|p1a: avg linux user|First Impression|p2a: Great Tusk
|-resisted|p2a: Great Tusk
|-damage|p2a: Great Tusk|28/100
|
|upkeep
|turn|15
|
|t:|1758991161
|move|p2a: Great Tusk|Bulk Up|p2a: Great Tusk
|-boost|p2a: Great Tusk|atk|1
|-boost|p2a: Great Tusk|def|1
|move|p1a: avg linux user|Axe Kick|p2a: Great Tusk
|-damage|p2a: Great Tusk|11/100
|
|upkeep
|turn|16
|
|t:|1758991168
|move|p1a: avg linux user|Sucker Punch|p2a: Great Tusk
|-resisted|p2a: Great Tusk
|-crit|p2a: Great Tusk
|-damage|p2a: Great Tusk|0 fnt
|faint|p2a: Great Tusk
|-end|p2a: Great Tusk|Protosynthesis|[silent]
|
|upkeep
|
|t:|1758991181
|switch|p2a: Iron Valiant|Iron Valiant|100/100
|-enditem|p2a: Iron Valiant|Booster Energy
|-activate|p2a: Iron Valiant|ability: Quark Drive|[fromitem]
|-start|p2a: Iron Valiant|quarkdrivespe
|turn|17
|
|t:|1758991193
|move|p2a: Iron Valiant|Moonblast|p1a: avg linux user
|-supereffective|p1a: avg linux user
|-damage|p1a: avg linux user|0 fnt
|faint|p1a: avg linux user
|
|upkeep
|
|t:|1758991200
|switch|p1a: Drifflim|Drifblim, M|100/100
|turn|18
|
|t:|1758991209
|move|p2a: Iron Valiant|Taunt|p1a: Drifflim
|-start|p1a: Drifflim|move: Taunt
|move|p1a: Drifflim|Shadow Ball|p2a: Iron Valiant
|-damage|p2a: Iron Valiant|26/100
|-unboost|p2a: Iron Valiant|spd|1
|
|upkeep
|turn|19
|
|t:|1758991216
|move|p2a: Iron Valiant|Knock Off|p1a: Drifflim
|-supereffective|p1a: Drifflim
|-damage|p1a: Drifflim|38/100
|-enditem|p1a: Drifflim|Weakness Policy
|-boost|p1a: Drifflim|atk|2|[from] item: Weakness Policy
|-boost|p1a: Drifflim|spa|2|[from] item: Weakness Policy
|move|p1a: Drifflim|Shadow Ball|p2a: Iron Valiant
|-damage|p2a: Iron Valiant|0 fnt
|faint|p2a: Iron Valiant
|-end|p2a: Iron Valiant|Quark Drive|[silent]
|
|upkeep
|
|t:|1758991227
|switch|p2a: Deoxys|Deoxys-Speed|91/100
|-ability|p2a: Deoxys|Pressure
|turn|20
|
|t:|1758991231
|move|p2a: Deoxys|Psycho Boost|p1a: Drifflim
|-damage|p1a: Drifflim|0 fnt
|-unboost|p2a: Deoxys|spa|2
|faint|p1a: Drifflim
|
|upkeep
|
|t:|1758991234
|switch|p1a: Torterra|Torterra, M|100/100
|turn|21
|c|☆Yajityyy|Gg
|
|t:|1758991244
|move|p2a: Deoxys|Reflect|p2a: Deoxys
|-sidestart|p2: Yajityyy|Reflect
|move|p1a: Torterra|Bullet Seed|p2a: Deoxys
|-damage|p2a: Deoxys|84/100
|-damage|p2a: Deoxys|75/100
|-damage|p2a: Deoxys|68/100
|-damage|p2a: Deoxys|60/100
|-hitcount|p2a: Deoxys|4
|
|upkeep
|turn|22
|
|t:|1758991256
|switch|p2a: Dragonite|Dragonite, M|100/100
|move|p1a: Torterra|Shell Smash|p1a: Torterra
|-unboost|p1a: Torterra|def|1
|-unboost|p1a: Torterra|spd|1
|-boost|p1a: Torterra|atk|2
|-boost|p1a: Torterra|spa|2
|-boost|p1a: Torterra|spe|2
|
|upkeep
|turn|23
|
|t:|1758991269
|-terastallize|p2a: Dragonite|Flying
|move|p1a: Torterra|Shell Smash|p1a: Torterra
|-unboost|p1a: Torterra|def|1
|-unboost|p1a: Torterra|spd|1
|-boost|p1a: Torterra|atk|2
|-boost|p1a: Torterra|spa|2
|-boost|p1a: Torterra|spe|2
|move|p2a: Dragonite|Tera Blast|p1a: Torterra|[anim] Tera Blast Flying
|-supereffective|p1a: Torterra
|-damage|p1a: Torterra|0 fnt
|faint|p1a: Torterra
|
|win|Yajityyy
|raw|kuraiyagare's rating: 1311 &rarr; <strong>1290</strong><br />(-21 for losing)
|raw|Yajityyy's rating: 1295 &rarr; <strong>1321</strong><br />(+26 for winning)
|l|☆kuraiyagare
|player|p1|
|l|☆Yajityyy
|player|p2|
