|j|☆Lord PFJ
|j|☆ghostboydillon
|t:|1758949608
|gametype|singles
|player|p1|Lord PFJ|gentleman-lgpe|1121
|player|p2|ghostboydillon|2|1060
|gen|9
|tier|[Gen 9] OU
|rated|
|rule|HP Percentage Mod: HP is shown in percentages
|rule|Endless Battle Clause: Forcing endless battles is banned
|rule|Species Clause: Limit one of each Pokémon
|rule|OHKO Clause: OHKO moves are banned
|rule|Evasion Items Clause: Evasion items are banned
|rule|Evasion Moves Clause: Evasion moves are banned
|rule|Evasion Abilities Clause: Evasion abilities are banned
|rule|Sleep Moves Clause: Sleep-inducing moves are banned
|clearpoke
|poke|p1|Dragapult, M|
|poke|p1|Ogerpon-Wellspring, F|
|poke|p1|Zamazenta-*|
|poke|p1|Clefable, F|
|poke|p1|Corviknight, M|
|poke|p1|Ting-Lu|
|poke|p2|Dusclops, F|
|poke|p2|Grimmsnarl, M|
|poke|p2|Mimikyu, M|
|poke|p2|Mamoswine, M|
|poke|p2|Zoroark-Hisui, M|
|poke|p2|Toxicroak, M|
|teampreview
|
|t:|1758949624
|teamsize|p1|6
|teamsize|p2|6
|start
|switch|p1a: Clefable|Clefable, F|100/100
|switch|p2a: Mamoswine|Mamoswine, M|100/100
|turn|1
|inactive|Battle timer is ON: inactive players will automatically lose when time's up. (requested by ghostboydillon)
|
|t:|1758949632
|move|p2a: Mamoswine|Nasty Plot|p2a: Mamoswine
|-boost|p2a: Mamoswine|spa|2
|move|p1a: Clefable|Stealth Rock|p2a: Mamoswine
|-sidestart|p2: ghostboydillon|move: Stealth Rock
|
|upkeep
|turn|2
|
|t:|1758949640
|switch|p1a: Ting-Lu|Ting-Lu|100/100
|-ability|p1a: Ting-Lu|Vessel of Ruin
|move|p2a: Mamoswine|Nasty Plot|p2a: Mamoswine
|-boost|p2a: Mamoswine|spa|2
|
|upkeep
|turn|3
|
|t:|1758949663
|move|p2a: Mamoswine|Icy Wind|p1a: Ting-Lu
|-supereffective|p1a: Ting-Lu
|-damage|p1a: Ting-Lu|60/100
|-unboost|p1a: Ting-Lu|spe|1
|-damage|p2a: Mamoswine|91/100|[from] item: Life Orb
|move|p1a: Ting-Lu|Earthquake|p2a: Mamoswine
|-damage|p2a: Mamoswine|20/100
|replace|p2a: Zoroark|Zoroark-Hisui, M
|-end|p2a: Zoroark|Illusion
|
|upkeep
|turn|4
|inactive|ghostboydillon has 120 seconds left.
|inactive|Lord PFJ has 120 seconds left.
|
|t:|1758949713
|move|p2a: Zoroark|Flamethrower|p1a: Ting-Lu
|-damage|p1a: Ting-Lu|27/100
|-damage|p2a: Zoroark|10/100|[from] item: Life Orb
|move|p1a: Ting-Lu|Earthquake|p2a: Zoroark
|-damage|p2a: Zoroark|0 fnt
|faint|p2a: Zoroark
|
|upkeep
|inactive|ghostboydillon has 120 seconds left.
|
|t:|1758949730
|switch|p2a: Grimmsnarl|Grimmsnarl, M|100/100
|-damage|p2a: Grimmsnarl|88/100|[from] Stealth Rock
|turn|5
|
|t:|1758949736
|move|p2a: Grimmsnarl|Spirit Break|p1a: Ting-Lu
|-supereffective|p1a: Ting-Lu
|-damage|p1a: Ting-Lu|0 fnt
|faint|p1a: Ting-Lu
|
|upkeep
|
|t:|1758949758
|switch|p1a: Corviknight|Corviknight, M|100/100
|-ability|p1a: Corviknight|Pressure
|turn|6
|inactive|ghostboydillon has 120 seconds left.
|
|t:|1758949776
|-terastallize|p2a: Grimmsnarl|Dark
|move|p2a: Grimmsnarl|Reflect|p2a: Grimmsnarl
|-sidestart|p2: ghostboydillon|Reflect
|move|p1a: Corviknight|Body Press|p2a: Grimmsnarl
|-supereffective|p2a: Grimmsnarl
|-damage|p2a: Grimmsnarl|60/100
|
|upkeep
|turn|7
|inactive|ghostboydillon has 120 seconds left.
|
|t:|1758949786
|move|p2a: Grimmsnarl|Thunder Wave|p1a: Corviknight
|-status|p1a: Corviknight|par
|move|p1a: Corviknight|Iron Defense|p1a: Corviknight
|-boost|p1a: Corviknight|def|2
|
|upkeep
|turn|8
|inactive|ghostboydillon has 120 seconds left.
|
|t:|1758949816
|switch|p2a: Dusclops|Dusclops, F|100/100
|-damage|p2a: Dusclops|88/100|[from] Stealth Rock
|-item|p1a: Corviknight|Rocky Helmet|[from] ability: Frisk|[of] p2a: Dusclops
|move|p1a: Corviknight|U-turn|p2a: Dusclops
|-resisted|p2a: Dusclops
|-damage|p2a: Dusclops|86/100
|
|t:|1758949826
|switch|p1a: Dragapult|Dragapult, M|100/100|[from] U-turn
|
|upkeep
|turn|9
|
|t:|1758949837
|move|p1a: Dragapult|U-turn|p2a: Dusclops
|-resisted|p2a: Dusclops
|-damage|p2a: Dusclops|84/100
|
|t:|1758949845
|switch|p1a: Clefable|Clefable, F|100/100|[from] U-turn
|move|p2a: Dusclops|Will-O-Wisp|p1a: Clefable
|-status|p1a: Clefable|brn
|
|upkeep
|turn|10
|inactive|Lord PFJ has 120 seconds left.
|
|t:|1758949860
|move|p1a: Clefable|Moonblast|p2a: Dusclops
|-damage|p2a: Dusclops|68/100
|-unboost|p2a: Dusclops|spa|1
|move|p2a: Dusclops|Pain Split|p1a: Clefable
|-sethp|p1a: Clefable|75/100 brn|[from] move: Pain Split|[silent]
|-sethp|p2a: Dusclops|100/100|[from] move: Pain Split
|
|upkeep
|turn|11
|
|t:|1758949870
|move|p1a: Clefable|Thunder Wave|p2a: Dusclops|[miss]
|-miss|p1a: Clefable|p2a: Dusclops
|move|p2a: Dusclops|Curse|p1a: Clefable
|-start|p1a: Clefable|Curse|[of] p2a: Dusclops
|-damage|p2a: Dusclops|50/100
|
|upkeep
|turn|12
|
|t:|1758949878
|move|p1a: Clefable|Moonblast|p2a: Dusclops
|-damage|p2a: Dusclops|35/100
|-unboost|p2a: Dusclops|spa|1
|move|p2a: Dusclops|Pain Split|p1a: Clefable
|-sethp|p1a: Clefable|50/100 brn|[from] move: Pain Split|[silent]
|-sethp|p2a: Dusclops|69/100|[from] move: Pain Split
|
|upkeep
|turn|13
|inactive|ghostboydillon has 120 seconds left.
|
|t:|1758949888
|move|p1a: Clefable|Moonlight|p1a: Clefable
|-heal|p1a: Clefable|99/100 brn
|move|p2a: Dusclops|Hex|p1a: Clefable
|-damage|p1a: Clefable|91/100 brn
|
|-sideend|p2: ghostboydillon|Reflect
|upkeep
|turn|14
|inactive|ghostboydillon has 120 seconds left.
|
|t:|1758949897
|move|p1a: Clefable|Thunder Wave|p2a: Dusclops
|-status|p2a: Dusclops|par
|move|p2a: Dusclops|Pain Split|p1a: Clefable
|-sethp|p1a: Clefable|70/100 brn|[from] move: Pain Split|[silent]
|-sethp|p2a: Dusclops|97/100 par|[from] move: Pain Split
|
|upkeep
|turn|15
|inactive|ghostboydillon has 120 seconds left.
|
|t:|1758949928
|switch|p1a: Dragapult|Dragapult, M|100/100
|switch|p2a: Mamoswine|Mamoswine, M|100/100
|-damage|p2a: Mamoswine|88/100|[from] Stealth Rock
|
|upkeep
|turn|16
|
|t:|1758949940
|switch|p1a: Corviknight|Corviknight, M|100/100 par
|-ability|p1a: Corviknight|Pressure
|move|p2a: Mamoswine|Icicle Crash|p1a: Corviknight
|-damage|p1a: Corviknight|49/100 par
|
|upkeep
|turn|17
|
|t:|1758949955
|move|p2a: Mamoswine|Icicle Crash|p1a: Corviknight|[miss]
|-miss|p2a: Mamoswine|p1a: Corviknight
|move|p1a: Corviknight|Roost|p1a: Corviknight
|-heal|p1a: Corviknight|99/100 par
|-singleturn|p1a: Corviknight|move: Roost
|
|upkeep
|turn|18
|
|t:|1758949968
|move|p2a: Mamoswine|Icicle Crash|p1a: Corviknight
|-damage|p1a: Corviknight|46/100 par
|move|p1a: Corviknight|U-turn|p2a: Mamoswine
|-damage|p2a: Mamoswine|71/100
|
|t:|1758949971
|switch|p1a: Ogerpon|Ogerpon-Wellspring, F|100/100|[from] U-turn
|
|upkeep
|turn|19
|
|t:|1758949988
|switch|p2a: Dusclops|Dusclops, F|97/100 par
|-damage|p2a: Dusclops|85/100 par|[from] Stealth Rock
|-item|p1a: Ogerpon|Wellspring Mask|[from] ability: Frisk|[of] p2a: Dusclops
|move|p1a: Ogerpon|Ivy Cudgel|p2a: Dusclops|[anim] Ivy Cudgel Water
|-damage|p2a: Dusclops|47/100 par
|
|upkeep
|turn|20
|
|t:|1758949999
|switch|p1a: Dragapult|Dragapult, M|100/100
|move|p2a: Dusclops|Pain Split|p1a: Dragapult
|-sethp|p1a: Dragapult|71/100|[from] move: Pain Split|[silent]
|-sethp|p2a: Dusclops|79/100 par|[from] move: Pain Split
|
|upkeep
|turn|21
|
|t:|1758950009
|move|p1a: Dragapult|Shadow Ball|p2a: Dusclops
|-supereffective|p2a: Dusclops
|-damage|p2a: Dusclops|31/100 par
|move|p2a: Dusclops|Pain Split|p1a: Dragapult
|-sethp|p1a: Dragapult|49/100|[from] move: Pain Split|[silent]
|-sethp|p2a: Dusclops|55/100 par|[from] move: Pain Split
|
|upkeep
|turn|22
|inactive|ghostboydillon has 120 seconds left.
|
|t:|1758950022
|move|p1a: Dragapult|Shadow Ball|p2a: Dusclops
|-supereffective|p2a: Dusclops
|-damage|p2a: Dusclops|2/100 par
|-unboost|p2a: Dusclops|spd|1
|move|p2a: Dusclops|Pain Split|p1a: Dragapult
|-sethp|p1a: Dragapult|26/100|[from] move: Pain Split|[silent]
|-sethp|p2a: Dusclops|29/100 par|[from] move: Pain Split
|
|upkeep
|turn|23
|inactive|ghostboydillon has 120 seconds left.
|
|t:|1758950040
|switch|p2a: Toxicroak|Toxicroak, M|100/100
|-damage|p2a: Toxicroak|94/100|[from] Stealth Rock
|move|p1a: Dragapult|Shadow Ball|p2a: Toxicroak
|-damage|p2a: Toxicroak|18/100
|
|upkeep
|turn|24
|
|t:|1758950047
|switch|p1a: Corviknight|Corviknight, M|46/100 par
|-ability|p1a: Corviknight|Pressure
|move|p2a: Toxicroak|Sucker Punch||[still]
|-fail|p2a: Toxicroak
|
|upkeep
|turn|25
|inactive|ghostboydillon has 120 seconds left.
|
|t:|1758950053
|move|p2a: Toxicroak|Sucker Punch||[still]
|-fail|p2a: Toxicroak
|cant|p1a: Corviknight|par
|
|upkeep
|turn|26
|inactive|ghostboydillon has 120 seconds left.
|
|t:|1758950063
|move|p2a: Toxicroak|Swords Dance|p2a: Toxicroak
|-boost|p2a: Toxicroak|atk|2
|cant|p1a: Corviknight|par
|
|upkeep
|turn|27
|
|t:|1758950068
|move|p2a: Toxicroak|Drain Punch|p1a: Corviknight
|-damage|p1a: Corviknight|0 fnt
|-heal|p2a: Toxicroak|48/100|[from] drain|[of] p1a: Corviknight
|-damage|p2a: Toxicroak|31/100|[from] item: Rocky Helmet|[of] p1a: Corviknight
|faint|p1a: Corviknight
|-damage|p2a: Toxicroak|21/100|[from] item: Life Orb
|
|upkeep
|
|t:|1758950074
|switch|p1a: Zamazenta|Zamazenta|100/100
|-ability|p1a: Zamazenta|Dauntless Shield|boost
|-boost|p1a: Zamazenta|def|1
|turn|28
|
|t:|1758950083
|move|p2a: Toxicroak|Sucker Punch|p1a: Zamazenta
|-resisted|p1a: Zamazenta
|-damage|p1a: Zamazenta|84/100
|-damage|p2a: Toxicroak|12/100|[from] item: Life Orb
|move|p1a: Zamazenta|Heavy Slam|p2a: Toxicroak
|-damage|p2a: Toxicroak|0 fnt
|faint|p2a: Toxicroak
|
|upkeep
|
|t:|1758950092
|switch|p2a: Dusclops|Dusclops, F|29/100 par
|-damage|p2a: Dusclops|16/100 par|[from] Stealth Rock
|-item|p1a: Zamazenta|Choice Band|[from] ability: Frisk|[of] p2a: Dusclops
|turn|29
|
|t:|1758950100
|move|p1a: Zamazenta|Heavy Slam|p2a: Dusclops
|-damage|p2a: Dusclops|0 fnt
|faint|p2a: Dusclops
|
|upkeep
|
|t:|1758950105
|switch|p2a: Grimmsnarl|Grimmsnarl, M, tera:Dark|60/100
|-damage|p2a: Grimmsnarl|48/100|[from] Stealth Rock
|turn|30
|
|t:|1758950116
|move|p2a: Grimmsnarl|Thunder Wave|p1a: Zamazenta
|-status|p1a: Zamazenta|par
|move|p1a: Zamazenta|Heavy Slam|p2a: Grimmsnarl
|-damage|p2a: Grimmsnarl|0 fnt
|faint|p2a: Grimmsnarl
|
|upkeep
|
|t:|1758950123
|switch|p2a: Mimikyu|Mimikyu, M|100/100
|-damage|p2a: Mimikyu|88/100|[from] Stealth Rock
|turn|31
|
|t:|1758950129
|switch|p1a: Ogerpon|Ogerpon-Wellspring, F|100/100
|move|p2a: Mimikyu|Play Rough|p1a: Ogerpon
|-damage|p1a: Ogerpon|37/100
|-damage|p2a: Mimikyu|78/100|[from] item: Life Orb
|
|upkeep
|turn|32
|
|t:|1758950136
|move|p1a: Ogerpon|Horn Leech|p2a: Mimikyu
|-activate|p2a: Mimikyu|ability: Disguise
|-damage|p2a: Mimikyu|78/100
|detailschange|p2a: Mimikyu|Mimikyu-Busted, M
|-damage|p2a: Mimikyu|66/100|[from] pokemon: Mimikyu-Busted
|move|p2a: Mimikyu|Play Rough|p1a: Ogerpon
|-damage|p1a: Ogerpon|0 fnt
|faint|p1a: Ogerpon
|-damage|p2a: Mimikyu|56/100|[from] item: Life Orb
|
|upkeep
|
|t:|1758950140
|switch|p1a: Zamazenta|Zamazenta|84/100 par
|turn|33
|
|t:|1758950151
|move|p2a: Mimikyu|Play Rough|p1a: Zamazenta
|-supereffective|p1a: Zamazenta
|-damage|p1a: Zamazenta|0 fnt
|faint|p1a: Zamazenta
|-damage|p2a: Mimikyu|46/100|[from] item: Life Orb
|
|upkeep
|
|t:|1758950161
|switch|p1a: Dragapult|Dragapult, M|26/100
|turn|34
|
|t:|1758950166
|move|p2a: Mimikyu|Shadow Sneak|p1a: Dragapult
|-supereffective|p1a: Dragapult
|-damage|p1a: Dragapult|0 fnt
|faint|p1a: Dragapult
|-damage|p2a: Mimikyu|36/100|[from] item: Life Orb
|
|upkeep
|
|t:|1758950168
|switch|p1a: Clefable|Clefable, F|70/100 brn
|turn|35
|
|t:|1758950194
|move|p2a: Mimikyu|Play Rough|p1a: Clefable
|-damage|p1a: Clefable|16/100 brn
|-damage|p2a: Mimikyu|20/100|[from] item: Rocky Helmet|[of] p1a: Clefable
|-damage|p2a: Mimikyu|10/100|[from] item: Life Orb
|move|p1a: Clefable|Moonlight|p1a: Clefable
|-heal|p1a: Clefable|66/100 brn
|
|upkeep
|turn|36
|
|t:|1758950203
|move|p2a: Mimikyu|Play Rough|p1a: Clefable
|-damage|p1a: Clefable|14/100 brn
|-damage|p2a: Mimikyu|0 fnt|[from] item: Rocky Helmet|[of] p1a: Clefable
|faint|p2a: Mimikyu
|move|p1a: Clefable|Moonlight|p1a: Clefable
|-heal|p1a: Clefable|64/100 brn
|
|upkeep
|
|t:|1758950212
|switch|p2a: Mamoswine|Mamoswine, M|71/100
|-damage|p2a: Mamoswine|59/100|[from] Stealth Rock
|turn|37
|
|t:|1758950218
|move|p2a: Mamoswine|Earthquake|p1a: Clefable
|-damage|p1a: Clefable|0 fnt
|faint|p1a: Clefable
|
|win|ghostboydillon
|raw|Lord PFJ's rating: 1121 &rarr; <strong>1092</strong><br />(-29 for losing)
|raw|ghostboydillon's rating: 1060 &rarr; <strong>1096</strong><br />(+36 for winning)
