|j|☆IvanBeifong
|j|☆dseokp
|t:|1759042048
|gametype|singles
|player|p1|IvanBeifong|hilbert|1565
|player|p2|dseokp|unknown|1593
|gen|9
|tier|[Gen 9] OU
|rated|
|rule|HP Percentage Mod: HP is shown in percentages
|rule|Endless Battle Clause: Forcing endless battles is banned
|rule|Species Clause: Limit one of each Pokémon
|rule|OHKO Clause: OHKO moves are banned
|rule|Evasion Items Clause: Evasion items are banned
|rule|Evasion Moves Clause: Evasion moves are banned
|rule|Evasion Abilities Clause: Evasion abilities are banned
|rule|Sleep Moves Clause: Sleep-inducing moves are banned
|clearpoke
|poke|p1|Samurott-Hisui, F|
|poke|p1|Great Tusk|
|poke|p1|Volcanion|
|poke|p1|Hydrapple, F|
|poke|p1|Gholdengo|
|poke|p1|Landorus-Therian, M|
|poke|p2|Glimmora, F|
|poke|p2|Iron Treads|
|poke|p2|Polteageist-Antique|
|poke|p2|Raging Bolt|
|poke|p2|Dragonite, M|
|poke|p2|Zamazenta-*|
|teampreview
|inactive|Battle timer is ON: inactive players will automatically lose when time's up. (requested by dseokp)
|inactive|IvanBeifong has 120 seconds left.
|
|t:|1759042088
|teamsize|p1|6
|teamsize|p2|6
|start
|switch|p1a: Gholdengo|Gholdengo|100/100
|switch|p2a: Polteageist|Polteageist-Antique|100/100
|-item|p1a: Gholdengo|Air Balloon
|turn|1
|
|t:|1759042099
|move|p1a: Gholdengo|Shadow Ball|p2a: Polteageist
|-supereffective|p2a: Polteageist
|-damage|p2a: Polteageist|8/100
|-unboost|p2a: Polteageist|spd|1
|move|p2a: Polteageist|Shell Smash|p2a: Polteageist
|-unboost|p2a: Polteageist|def|1
|-unboost|p2a: Polteageist|spd|1
|-boost|p2a: Polteageist|atk|2
|-boost|p2a: Polteageist|spa|2
|-boost|p2a: Polteageist|spe|2
|
|upkeep
|turn|2
|
|t:|1759042108
|switch|p1a: Samurott|Samurott-Hisui, F|100/100
|move|p2a: Polteageist|Shadow Ball|p1a: Samurott
|-resisted|p1a: Samurott
|-damage|p1a: Samurott|64/100
|
|upkeep
|turn|3
|
|t:|1759042130
|switch|p2a: Glimmora|Glimmora, F|100/100
|move|p1a: Samurott|Sucker Punch||[still]
|-fail|p1a: Samurott
|
|upkeep
|turn|4
|
|t:|1759042136
|move|p2a: Glimmora|Energy Ball|p1a: Samurott
|-supereffective|p1a: Samurott
|-damage|p1a: Samurott|21/100
|move|p1a: Samurott|Razor Shell|p2a: Glimmora
|-supereffective|p2a: Glimmora
|-damage|p2a: Glimmora|0 fnt
|-activate|p2a: Glimmora|ability: Toxic Debris
|-sidestart|p1: IvanBeifong|move: Toxic Spikes
|faint|p2a: Glimmora
|
|upkeep
|inactive|dseokp has 120 seconds left.
|
|t:|1759042158
|switch|p2a: Raging Bolt|Raging Bolt|100/100
|-enditem|p2a: Raging Bolt|Booster Energy
|-activate|p2a: Raging Bolt|ability: Protosynthesis|[fromitem]
|-start|p2a: Raging Bolt|protosynthesisspa
|turn|5
|inactive|dseokp has 120 seconds left.
|
|t:|1759042172
|switch|p1a: Great Tusk|Great Tusk|100/100
|move|p2a: Raging Bolt|Dragon Pulse|p1a: Great Tusk
|-damage|p1a: Great Tusk|0 fnt
|faint|p1a: Great Tusk
|-end|p1a: Great Tusk|Protosynthesis|[silent]
|
|upkeep
|
|t:|1759042190
|switch|p1a: Landorus|Landorus-Therian, M|100/100
|-ability|p1a: Landorus|Intimidate|boost
|-unboost|p2a: Raging Bolt|atk|1
|turn|6
|
|t:|1759042194
|-terastallize|p2a: Raging Bolt|Bug
|move|p1a: Landorus|U-turn|p2a: Raging Bolt
|-damage|p2a: Raging Bolt|73/100
|inactive|IvanBeifong has 120 seconds left.
|
|t:|1759042227
|switch|p1a: Samurott|Samurott-Hisui, F|21/100|[from] U-turn
|-status|p1a: Samurott|psn
|move|p2a: Raging Bolt|Dragon Pulse|p1a: Samurott
|-damage|p1a: Samurott|0 fnt
|faint|p1a: Samurott
|
|upkeep
|
|t:|1759042229
|switch|p1a: Landorus|Landorus-Therian, M|100/100
|-ability|p1a: Landorus|Intimidate|boost
|-unboost|p2a: Raging Bolt|atk|1
|turn|7
|inactive|IvanBeifong has 120 seconds left.
|
|t:|1759042242
|-terastallize|p1a: Landorus|Flying
|move|p2a: Raging Bolt|Thunderclap|p1a: Landorus
|-supereffective|p1a: Landorus
|-damage|p1a: Landorus|0 fnt
|faint|p1a: Landorus
|
|upkeep
|c|☆IvanBeifong|wow
|inactive|IvanBeifong has 120 seconds left.
|c|☆IvanBeifong|how tf did you know
|
|t:|1759042265
|switch|p1a: Gholdengo|Gholdengo|100/100
|-item|p1a: Gholdengo|Air Balloon
|turn|8
|c|☆dseokp|看过飞z的
|c|☆dseokp|太飞
|
|t:|1759042295
|move|p1a: Gholdengo|Make It Rain|p2a: Raging Bolt
|-damage|p2a: Raging Bolt|15/100
|-unboost|p1a: Gholdengo|spa|1
|move|p2a: Raging Bolt|Thunderbolt|p1a: Gholdengo
|-damage|p1a: Gholdengo|29/100
|-enditem|p1a: Gholdengo|Air Balloon
|
|upkeep
|turn|9
|
|t:|1759042309
|move|p1a: Gholdengo|Recover|p1a: Gholdengo
|-heal|p1a: Gholdengo|79/100
|move|p2a: Raging Bolt|Thunderbolt|p1a: Gholdengo
|-damage|p1a: Gholdengo|5/100
|-status|p1a: Gholdengo|par
|
|upkeep
|turn|10
|
|t:|1759042318
|move|p2a: Raging Bolt|Thunderbolt|p1a: Gholdengo
|-damage|p1a: Gholdengo|0 fnt
|faint|p1a: Gholdengo
|
|upkeep
|-message|IvanBeifong forfeited.
|
|win|dseokp
|raw|IvanBeifong's rating: 1565 &rarr; <strong>1547</strong><br />(-18 for losing)
|raw|dseokp's rating: 1593 &rarr; <strong>1611</strong><br />(+18 for winning)
|l|☆IvanBeifong
|player|p1|
|l|☆dseokp
|player|p2|
|j| amefurikoneko
|j|☆dseokp
|player|p2|dseokp|unknown|
|l|☆dseokp
|player|p2|
|l| amefurikoneko
