|j|☆lerendezvous
|j|☆XinFeng
|t:|1758953578
|gametype|singles
|player|p1|lerendezvous|101|1641
|player|p2|XinFeng|bellelba|1568
|gen|9
|tier|[Gen 9] OU
|rated|
|rule|HP Percentage Mod: HP is shown in percentages
|rule|Endless Battle Clause: Forcing endless battles is banned
|rule|Species Clause: Limit one of each Pokémon
|rule|OHKO Clause: OHKO moves are banned
|rule|Evasion Items Clause: Evasion items are banned
|rule|Evasion Moves Clause: Evasion moves are banned
|rule|Evasion Abilities Clause: Evasion abilities are banned
|rule|Sleep Moves Clause: Sleep-inducing moves are banned
|clearpoke
|poke|p1|Ogerpon-Wellspring, F|
|poke|p1|Slowking-Galar, M|
|poke|p1|Great Tusk|
|poke|p1|Moltres|
|poke|p1|Dragapult, F|
|poke|p1|Kingambit, F|
|poke|p2|Charizard, F|
|poke|p2|Torkoal, F|
|poke|p2|Walking Wake|
|poke|p2|Lilligant-Hisui, F|
|poke|p2|Hatterene, F|
|poke|p2|Great Tusk|
|teampreview
|inactive|Battle timer is ON: inactive players will automatically lose when time's up. (requested by lerendezvous)
|
|t:|1758953589
|teamsize|p1|6
|teamsize|p2|6
|start
|switch|p1a: Slowking|Slowking-Galar, M|100/100
|switch|p2a: Torkoal|Torkoal, F, shiny|100/100
|-weather|SunnyDay|[from] ability: Drought|[of] p2a: Torkoal
|turn|1
|
|t:|1758953593
|move|p1a: Slowking|Sludge Bomb|p2a: Torkoal
|-damage|p2a: Torkoal|62/100
|move|p2a: Torkoal|Stealth Rock|p1a: Slowking
|-sidestart|p1: lerendezvous|move: Stealth Rock
|
|-weather|SunnyDay|[upkeep]
|upkeep
|turn|2
|
|t:|1758953602
|switch|p2a: Hatterene|Hatterene, F|100/100
|move|p1a: Slowking|Sludge Bomb|p2a: Hatterene
|-supereffective|p2a: Hatterene
|-damage|p2a: Hatterene|21/100
|-status|p2a: Hatterene|psn
|-enditem|p2a: Hatterene|Eject Button
|
|t:|1758953609
|switch|p2a: Charizard|Charizard, F|100/100
|
|-weather|SunnyDay|[upkeep]
|-damage|p2a: Charizard|88/100|[from] ability: Solar Power|[of] p2a: Charizard
|upkeep
|turn|3
|
|t:|1758953613
|-terastallize|p2a: Charizard|Fire
|-terastallize|p1a: Slowking|Water
|move|p2a: Charizard|Overheat|p1a: Slowking
|-resisted|p1a: Slowking
|-damage|p1a: Slowking|36/100
|-unboost|p2a: Charizard|spa|2
|move|p1a: Slowking|Sludge Bomb|p2a: Charizard
|-damage|p2a: Charizard|34/100
|-status|p2a: Charizard|psn
|
|-weather|SunnyDay|[upkeep]
|-damage|p2a: Charizard|22/100 psn|[from] ability: Solar Power|[of] p2a: Charizard
|-damage|p2a: Charizard|9/100 psn|[from] psn
|upkeep
|turn|4
|j| chaintrainalt
|
|t:|1758953628
|switch|p2a: Great Tusk|Great Tusk, shiny|100/100
|-activate|p2a: Great Tusk|ability: Protosynthesis
|-start|p2a: Great Tusk|protosynthesisatk
|switch|p1a: Moltres|Moltres|100/100
|
|-weather|SunnyDay|[upkeep]
|upkeep
|turn|5
|
|t:|1758953637
|move|p2a: Great Tusk|Knock Off|p1a: Moltres
|-damage|p1a: Moltres|72/100
|-enditem|p1a: Moltres|Heavy-Duty Boots|[from] move: Knock Off|[of] p2a: Great Tusk
|move|p1a: Moltres|U-turn|p2a: Great Tusk
|-resisted|p2a: Great Tusk
|-damage|p2a: Great Tusk|96/100
|
|t:|1758953644
|switch|p1a: Ogerpon|Ogerpon-Wellspring, F|100/100|[from] U-turn
|-damage|p1a: Ogerpon|88/100|[from] Stealth Rock
|
|-weather|SunnyDay|[upkeep]
|upkeep
|turn|6
|
|t:|1758953651
|-end|p2a: Great Tusk|Protosynthesis|[silent]
|switch|p2a: Walking Wake|Walking Wake|100/100
|-activate|p2a: Walking Wake|ability: Protosynthesis
|-start|p2a: Walking Wake|protosynthesisspe
|move|p1a: Ogerpon|Knock Off|p2a: Walking Wake
|-damage|p2a: Walking Wake|61/100
|-enditem|p2a: Walking Wake|Choice Specs|[from] move: Knock Off|[of] p1a: Ogerpon
|
|-weather|SunnyDay|[upkeep]
|upkeep
|turn|7
|
|t:|1758953658
|move|p2a: Walking Wake|Draco Meteor|p1a: Ogerpon
|-damage|p1a: Ogerpon|5/100
|-unboost|p2a: Walking Wake|spa|2
|move|p1a: Ogerpon|Power Whip|p2a: Walking Wake
|-damage|p2a: Walking Wake|0 fnt
|faint|p2a: Walking Wake
|-end|p2a: Walking Wake|Protosynthesis|[silent]
|
|-weather|SunnyDay|[upkeep]
|upkeep
|
|t:|1758953674
|switch|p2a: Lilligant|Lilligant-Hisui, F, shiny|100/100
|turn|8
|
|t:|1758953681
|switch|p2a: Hatterene|Hatterene, F|21/100 psn
|move|p1a: Ogerpon|Ivy Cudgel|p2a: Hatterene|[anim] Ivy Cudgel Water
|-damage|p2a: Hatterene|0 fnt
|faint|p2a: Hatterene
|
|-weather|none
|upkeep
|
|t:|1758953686
|switch|p2a: Torkoal|Torkoal, F, shiny|62/100
|-weather|SunnyDay|[from] ability: Drought|[of] p2a: Torkoal
|turn|9
|
|t:|1758953691
|move|p1a: Ogerpon|Knock Off|p2a: Torkoal
|-damage|p2a: Torkoal|35/100
|-enditem|p2a: Torkoal|Heat Rock|[from] move: Knock Off|[of] p1a: Ogerpon
|move|p2a: Torkoal|Lava Plume|p1a: Ogerpon
|-damage|p1a: Ogerpon|0 fnt
|faint|p1a: Ogerpon
|
|-weather|SunnyDay|[upkeep]
|upkeep
|-message|XinFeng forfeited.
|
|win|lerendezvous
|raw|lerendezvous's rating: 1641 &rarr; <strong>1657</strong><br />(+16 for winning)
|raw|XinFeng's rating: 1568 &rarr; <strong>1552</strong><br />(-16 for losing)
|l|☆XinFeng
|player|p2|
|l|☆lerendezvous
|player|p1|
|l| chaintrainalt
