|j|‽XIXINANA
|j|☆J-Muney27
|t:|1758920919
|gametype|singles
|player|p1|XIXINANA|nate|1196
|player|p2|J-Muney27|shadowtriad|1121
|gen|9
|tier|[Gen 9] OU
|rated|
|rule|HP Percentage Mod: HP is shown in percentages
|rule|Endless Battle Clause: Forcing endless battles is banned
|rule|Species Clause: Limit one of each Pokémon
|rule|OHKO Clause: OHKO moves are banned
|rule|Evasion Items Clause: Evasion items are banned
|rule|Evasion Moves Clause: Evasion moves are banned
|rule|Evasion Abilities Clause: Evasion abilities are banned
|rule|Sleep Moves Clause: Sleep-inducing moves are banned
|clearpoke
|poke|p1|Lycanroc-Midnight, M|
|poke|p1|Zoroark-Hisui, F|
|poke|p1|Ceruledge, F|
|poke|p1|Polteageist-Antique|
|poke|p1|Typhlosion-Hisui, M|
|poke|p1|Regidrago|
|poke|p2|Blaziken, M|
|poke|p2|Zapdos-Galar|
|poke|p2|Dondozo, M|
|poke|p2|Espeon, F|
|poke|p2|Gliscor, M|
|poke|p2|Tinkaton, F|
|teampreview
|c|☆J-Muney27|good luck!
|inactive|Battle timer is ON: inactive players will automatically lose when time's up. (requested by J-Muney27)
|
|t:|1758920966
|teamsize|p1|6
|teamsize|p2|6
|start
|switch|p1a: Regidrago|Regidrago|100/100
|switch|p2a: Gliscor|Gliscor, M|100/100
|turn|1
|
|t:|1758920987
|move|p1a: Regidrago|Bitter Malice|p2a: Gliscor
|-damage|p2a: Gliscor|30/100
|-unboost|p2a: Gliscor|atk|1
|move|p2a: Gliscor|Knock Off|p1a: Regidrago
|-supereffective|p1a: Regidrago
|-damage|p1a: Regidrago|38/100
|replace|p1a: Zoroark|Zoroark-Hisui, F
|-end|p1a: Zoroark|Illusion
|-enditem|p1a: Zoroark|Choice Specs|[from] move: Knock Off|[of] p2a: Gliscor
|
|-status|p2a: Gliscor|tox|[from] item: Toxic Orb
|upkeep
|turn|2
|inactive|J-Muney27 has 120 seconds left.
|
|t:|1758921018
|switch|p2a: Tinkaton|Tinkaton, F|100/100
|-item|p2a: Tinkaton|Air Balloon
|move|p1a: Zoroark|Bitter Malice|p2a: Tinkaton
|-damage|p2a: Tinkaton|73/100
|-unboost|p2a: Tinkaton|atk|1
|-enditem|p2a: Tinkaton|Air Balloon
|
|upkeep
|turn|3
|
|t:|1758921034
|move|p1a: Zoroark|Flamethrower|p2a: Tinkaton
|-supereffective|p2a: Tinkaton
|-damage|p2a: Tinkaton|24/100
|move|p2a: Tinkaton|Light Screen|p2a: Tinkaton
|-sidestart|p2: J-Muney27|move: Light Screen
|
|upkeep
|turn|4
|
|t:|1758921049
|move|p1a: Zoroark|Flamethrower|p2a: Tinkaton
|-supereffective|p2a: Tinkaton
|-damage|p2a: Tinkaton|2/100
|move|p2a: Tinkaton|Thunder Wave|p1a: Zoroark
|-status|p1a: Zoroark|par
|
|upkeep
|turn|5
|
|t:|1758921055
|move|p2a: Tinkaton|Play Rough|p1a: Zoroark
|-damage|p1a: Zoroark|1/100 par
|-unboost|p1a: Zoroark|atk|1
|move|p1a: Zoroark|Bitter Malice|p2a: Tinkaton
|-crit|p2a: Tinkaton
|-damage|p2a: Tinkaton|0 fnt
|faint|p2a: Tinkaton
|
|upkeep
|
|t:|1758921075
|switch|p2a: Blaziken|Blaziken, M|100/100
|turn|6
|
|t:|1758921079
|move|p2a: Blaziken|Focus Energy|p2a: Blaziken
|-start|p2a: Blaziken|move: Focus Energy
|move|p1a: Zoroark|Bitter Malice|p2a: Blaziken
|-damage|p2a: Blaziken|70/100
|-unboost|p2a: Blaziken|atk|1
|
|-ability|p2a: Blaziken|Speed Boost|boost
|-boost|p2a: Blaziken|spe|1
|upkeep
|turn|7
|
|t:|1758921093
|move|p2a: Blaziken|Overheat|p1a: Zoroark
|-crit|p1a: Zoroark
|-damage|p1a: Zoroark|0 fnt
|-unboost|p2a: Blaziken|spa|2
|faint|p1a: Zoroark
|
|-sideend|p2: J-Muney27|move: Light Screen
|-ability|p2a: Blaziken|Speed Boost|boost
|-boost|p2a: Blaziken|spe|1
|upkeep
|
|t:|1758921115
|switch|p1a: Ceruledge|Ceruledge, F|100/100
|turn|8
|
|t:|1758921132
|switch|p2a: Dondozo|Dondozo, M, shiny|100/100
|move|p1a: Ceruledge|Poltergeist|p2a: Dondozo
|-activate|p2a: Dondozo|move: Poltergeist|Leftovers
|-damage|p2a: Dondozo|77/100
|
|-heal|p2a: Dondozo|83/100|[from] item: Leftovers
|upkeep
|turn|9
|
|t:|1758921143
|switch|p1a: Regidrago|Regidrago|100/100
|move|p2a: Dondozo|Curse|p2a: Dondozo
|-unboost|p2a: Dondozo|spe|1
|-boost|p2a: Dondozo|atk|1
|-boost|p2a: Dondozo|def|1
|
|-heal|p2a: Dondozo|89/100|[from] item: Leftovers
|upkeep
|turn|10
|
|t:|1758921169
|move|p1a: Regidrago|Dragon Energy|p2a: Dondozo
|-damage|p2a: Dondozo|0 fnt
|faint|p2a: Dondozo
|
|upkeep
|inactive|J-Muney27 has 90 seconds left.
|
|t:|1758921184
|switch|p2a: Espeon|Espeon, F|100/100
|turn|11
|inactive|J-Muney27 has 90 seconds left.
|
|t:|1758921191
|move|p1a: Regidrago|Dragon Energy|p2a: Espeon
|-damage|p2a: Espeon|0 fnt
|faint|p2a: Espeon
|
|upkeep
|inactive|J-Muney27 has 90 seconds left.
|
|t:|1758921200
|switch|p2a: Blaziken|Blaziken, M|70/100
|turn|12
|
|t:|1758921211
|move|p2a: Blaziken|Protect|p2a: Blaziken
|-singleturn|p2a: Blaziken|Protect
|move|p1a: Regidrago|Dragon Energy|p2a: Blaziken
|-activate|p2a: Blaziken|move: Protect
|
|-ability|p2a: Blaziken|Speed Boost|boost
|-boost|p2a: Blaziken|spe|1
|upkeep
|turn|13
|
|t:|1758921224
|move|p2a: Blaziken|Close Combat|p1a: Regidrago
|-damage|p1a: Regidrago|30/100
|-unboost|p2a: Blaziken|def|1
|-unboost|p2a: Blaziken|spd|1
|move|p1a: Regidrago|Dragon Energy|p2a: Blaziken
|-damage|p2a: Blaziken|0 fnt
|faint|p2a: Blaziken
|
|upkeep
|
|t:|1758921234
|switch|p2a: Gliscor|Gliscor, M|30/100 tox
|turn|14
|
|t:|1758921245
|move|p1a: Regidrago|Dragon Energy|p2a: Gliscor
|-damage|p2a: Gliscor|0 fnt
|faint|p2a: Gliscor
|
|upkeep
|
|t:|1758921249
|switch|p2a: Zapdos|Zapdos-Galar, shiny|100/100
|turn|15
|
|t:|1758921257
|switch|p1a: Lycanroc|Lycanroc-Midnight, M|100/100
|move|p2a: Zapdos|Brave Bird|p1a: Lycanroc
|-resisted|p1a: Lycanroc
|-damage|p1a: Lycanroc|58/100
|-damage|p2a: Zapdos|87/100|[from] Recoil
|
|upkeep
|turn|16
|
|t:|1758921268
|-terastallize|p2a: Zapdos|Flying
|move|p2a: Zapdos|Brave Bird|p1a: Lycanroc
|-resisted|p1a: Lycanroc
|-damage|p1a: Lycanroc|0 fnt
|faint|p1a: Lycanroc
|-damage|p2a: Zapdos|68/100|[from] Recoil
|
|upkeep
|
|t:|1758921282
|switch|p1a: Typhlosion|Typhlosion-Hisui, M|100/100
|-item|p2a: Zapdos|Choice Scarf|[from] ability: Frisk|[of] p1a: Typhlosion
|turn|17
|
|t:|1758921289
|switch|p1a: Regidrago|Regidrago|30/100
|move|p2a: Zapdos|Brave Bird|p1a: Regidrago
|-damage|p1a: Regidrago|0 fnt
|faint|p1a: Regidrago
|-damage|p2a: Zapdos|52/100|[from] Recoil
|
|upkeep
|
|t:|1758921297
|switch|p1a: Polteageist|Polteageist-Antique|100/100
|turn|18
|
|t:|1758921300
|move|p2a: Zapdos|Brave Bird|p1a: Polteageist
|-enditem|p1a: Polteageist|Focus Sash
|-damage|p1a: Polteageist|1/100
|-ability|p1a: Polteageist|Weak Armor|boost
|-unboost|p1a: Polteageist|def|1
|-boost|p1a: Polteageist|spe|2
|-damage|p2a: Zapdos|25/100|[from] Recoil
|move|p1a: Polteageist|Shell Smash|p1a: Polteageist
|-unboost|p1a: Polteageist|def|1
|-unboost|p1a: Polteageist|spd|1
|-boost|p1a: Polteageist|atk|2
|-boost|p1a: Polteageist|spa|2
|-boost|p1a: Polteageist|spe|2
|
|upkeep
|turn|19
|
|t:|1758921311
|move|p1a: Polteageist|Shadow Ball|p2a: Zapdos
|-crit|p2a: Zapdos
|-damage|p2a: Zapdos|0 fnt
|faint|p2a: Zapdos
|
|win|XIXINANA
|raw|XIXINANA's rating: 1196 &rarr; <strong>1216</strong><br />(+20 for winning)
|raw|J-Muney27's rating: 1121 &rarr; <strong>1101</strong><br />(-20 for losing)
|c|☆J-Muney27|gg
|l|☆J-Muney27
|player|p2|
|l|‽XIXINANA
|player|p1|
