|j|☆Asrzzz
|j|☆zeucros12
|t:|1759075232
|gametype|singles
|player|p1|Asrzzz|alder|1116
|player|p2|zeucros12|266|1145
|gen|9
|tier|[Gen 9] OU
|rated|
|rule|HP Percentage Mod: HP is shown in percentages
|rule|Endless Battle Clause: Forcing endless battles is banned
|rule|Species Clause: Limit one of each Pokémon
|rule|OHKO Clause: OHKO moves are banned
|rule|Evasion Items Clause: Evasion items are banned
|rule|Evasion Moves Clause: Evasion moves are banned
|rule|Evasion Abilities Clause: Evasion abilities are banned
|rule|Sleep Moves Clause: Sleep-inducing moves are banned
|clearpoke
|poke|p1|Dudunsparce-*, M|
|poke|p1|Rillaboom, F|
|poke|p1|Jirachi|
|poke|p1|Chesnaught, F|
|poke|p1|Kingambit, M|
|poke|p1|Cinderace, F|
|poke|p2|Arcanine, M|
|poke|p2|Goodra-Hisui, M|
|poke|p2|Sylveon, M|
|poke|p2|Blastoise, M|
|poke|p2|Dragonite, M|
|poke|p2|Scrafty, F|
|teampreview
|
|t:|1759075242
|teamsize|p1|6
|teamsize|p2|6
|start
|switch|p1a: Rillaboom|Rillaboom, F|100/100
|switch|p2a: Sylveon|Sylveon, M, shiny|100/100
|-fieldstart|move: Grassy Terrain|[from] ability: Grassy Surge|[of] p1a: Rillaboom
|turn|1
|inactive|Battle timer is ON: inactive players will automatically lose when time's up. (requested by zeucros12)
|
|t:|1759075250
|move|p1a: Rillaboom|Wood Hammer|p2a: Sylveon
|-damage|p2a: Sylveon|36/100
|-damage|p1a: Rillaboom|76/100|[from] Recoil
|move|p2a: Sylveon|Moonblast|p1a: Rillaboom
|-damage|p1a: Rillaboom|30/100
|
|-heal|p1a: Rillaboom|37/100|[from] Grassy Terrain
|-heal|p2a: Sylveon|42/100|[from] Grassy Terrain
|-heal|p2a: Sylveon|48/100|[from] item: Leftovers
|upkeep
|turn|2
|
|t:|1759075261
|move|p2a: Sylveon|Protect|p2a: Sylveon
|-singleturn|p2a: Sylveon|Protect
|move|p1a: Rillaboom|Wood Hammer|p2a: Sylveon
|-activate|p2a: Sylveon|move: Protect
|
|-heal|p1a: Rillaboom|43/100|[from] Grassy Terrain
|-heal|p2a: Sylveon|55/100|[from] Grassy Terrain
|-heal|p2a: Sylveon|61/100|[from] item: Leftovers
|upkeep
|turn|3
|
|t:|1759075271
|switch|p2a: Arcanine|Arcanine, M, shiny|100/100
|-ability|p2a: Arcanine|Intimidate|boost
|-unboost|p1a: Rillaboom|atk|1
|move|p1a: Rillaboom|Wood Hammer|p2a: Arcanine
|-resisted|p2a: Arcanine
|-damage|p2a: Arcanine|81/100
|-damage|p1a: Rillaboom|26/100|[from] item: Rocky Helmet|[of] p2a: Arcanine
|-damage|p1a: Rillaboom|19/100|[from] Recoil
|
|-heal|p1a: Rillaboom|25/100|[from] Grassy Terrain
|-heal|p2a: Arcanine|87/100|[from] Grassy Terrain
|upkeep
|turn|4
|
|t:|1759075284
|move|p1a: Rillaboom|U-turn|p2a: Arcanine
|-resisted|p2a: Arcanine
|-damage|p2a: Arcanine|81/100
|-damage|p1a: Rillaboom|9/100|[from] item: Rocky Helmet|[of] p2a: Arcanine
|
|t:|1759075290
|switch|p1a: Cinderace|Cinderace, F|100/100|[from] U-turn
|move|p2a: Arcanine|Will-O-Wisp|p1a: Cinderace
|-immune|p1a: Cinderace
|
|-heal|p2a: Arcanine|87/100|[from] Grassy Terrain
|upkeep
|turn|5
|
|t:|1759075302
|switch|p2a: Scrafty|Scrafty, F|100/100
|-ability|p2a: Scrafty|Intimidate|boost
|-unboost|p1a: Cinderace|atk|1
|move|p1a: Cinderace|Pyro Ball|p2a: Scrafty
|-damage|p2a: Scrafty|66/100
|
|-heal|p2a: Scrafty|72/100|[from] Grassy Terrain
|upkeep
|turn|6
|
|t:|1759075315
|move|p1a: Cinderace|U-turn|p2a: Scrafty
|-start|p1a: Cinderace|typechange|Bug|[from] ability: Libero
|-damage|p2a: Scrafty|53/100
|
|t:|1759075321
|switch|p1a: Chesnaught|Chesnaught, F|100/100|[from] U-turn
|move|p2a: Scrafty|Knock Off|p1a: Chesnaught
|-resisted|p1a: Chesnaught
|-damage|p1a: Chesnaught|84/100
|-enditem|p1a: Chesnaught|Sitrus Berry|[from] move: Knock Off|[of] p2a: Scrafty
|
|-heal|p1a: Chesnaught|90/100|[from] Grassy Terrain
|-heal|p2a: Scrafty|59/100|[from] Grassy Terrain
|upkeep
|turn|7
|
|t:|1759075340
|switch|p2a: Goodra|Goodra-Hisui, M, shiny|100/100
|move|p1a: Chesnaught|Belly Drum|p1a: Chesnaught
|-damage|p1a: Chesnaught|40/100
|-setboost|p1a: Chesnaught|atk|6|[from] move: Belly Drum
|
|-heal|p1a: Chesnaught|46/100|[from] Grassy Terrain
|upkeep
|turn|8
|
|t:|1759075353
|-terastallize|p2a: Goodra|Flying
|move|p1a: Chesnaught|Drain Punch|p2a: Goodra
|-resisted|p2a: Goodra
|-damage|p2a: Goodra|45/100
|-heal|p1a: Chesnaught|73/100|[from] drain|[of] p2a: Goodra
|move|p2a: Goodra|Dragon Tail|p1a: Chesnaught|[miss]
|-miss|p2a: Goodra|p1a: Chesnaught
|
|-heal|p1a: Chesnaught|79/100|[from] Grassy Terrain
|-heal|p2a: Goodra|51/100|[from] item: Leftovers
|-fieldend|move: Grassy Terrain
|upkeep
|turn|9
|
|t:|1759075366
|move|p1a: Chesnaught|Drain Punch|p2a: Goodra
|-resisted|p2a: Goodra
|-damage|p2a: Goodra|0 fnt
|-heal|p1a: Chesnaught|100/100|[from] drain|[of] p2a: Goodra
|faint|p2a: Goodra
|
|upkeep
|
|t:|1759075373
|switch|p2a: Arcanine|Arcanine, M, shiny|87/100
|-ability|p2a: Arcanine|Intimidate|boost
|-unboost|p1a: Chesnaught|atk|1
|turn|10
|
|t:|1759075379
|move|p1a: Chesnaught|Drain Punch|p2a: Arcanine
|-damage|p2a: Arcanine|0 fnt
|-damage|p1a: Chesnaught|84/100|[from] item: Rocky Helmet|[of] p2a: Arcanine
|faint|p2a: Arcanine
|
|upkeep
|-message|zeucros12 forfeited.
|
|win|Asrzzz
|raw|Asrzzz's rating: 1116 &rarr; <strong>1143</strong><br />(+27 for winning)
|raw|zeucros12's rating: 1145 &rarr; <strong>1118</strong><br />(-27 for losing)
|l|☆zeucros12
|player|p2|
