|j|☆dragalge4top
|j|☆bowling12345
|t:|1759070708
|gametype|singles
|player|p1|dragalge4top|volkner|1358
|player|p2|bowling12345|101|1334
|gen|9
|tier|[Gen 9] OU
|rated|
|rule|HP Percentage Mod: HP is shown in percentages
|rule|Endless Battle Clause: Forcing endless battles is banned
|rule|Species Clause: Limit one of each Pokémon
|rule|OHKO Clause: OHKO moves are banned
|rule|Evasion Items Clause: Evasion items are banned
|rule|Evasion Moves Clause: Evasion moves are banned
|rule|Evasion Abilities Clause: Evasion abilities are banned
|rule|Sleep Moves Clause: Sleep-inducing moves are banned
|clearpoke
|poke|p1|Dragalge, F|
|poke|p1|Regidrago|
|poke|p1|Kingambit, F|
|poke|p1|Great Tusk|
|poke|p1|Rillaboom, M|
|poke|p1|Skeledirge, F|
|poke|p2|Zoroark-Hisui, F|
|poke|p2|Klefki, F|
|poke|p2|Munkidori, M|
|poke|p2|Sinistcha|
|poke|p2|Alomomola, F|
|poke|p2|Entei|
|teampreview
|inactive|Battle timer is ON: inactive players will automatically lose when time's up. (requested by bowling12345)
|
|t:|1759070716
|teamsize|p1|6
|teamsize|p2|6
|start
|switch|p1a: Drop a Draco|Regidrago|100/100
|switch|p2a: Klefki|Klefki, F|100/100
|turn|1
|
|t:|1759070728
|move|p2a: Klefki|Thunder Wave|p1a: Drop a Draco
|-status|p1a: Drop a Draco|par
|move|p1a: Drop a Draco|Earth Power|p2a: Klefki
|-supereffective|p2a: Klefki
|-damage|p2a: Klefki|42/100
|
|-damage|p2a: Klefki|30/100|[from] item: Sticky Barb
|upkeep
|turn|2
|
|t:|1759070739
|-terastallize|p2a: Klefki|Flying
|move|p2a: Klefki|Switcheroo|p1a: Drop a Draco
|-activate|p2a: Klefki|move: Trick|[of] p1a: Drop a Draco
|-item|p1a: Drop a Draco|Sticky Barb|[from] move: Switcheroo
|-item|p2a: Klefki|Choice Scarf|[from] move: Switcheroo
|cant|p1a: Drop a Draco|par
|
|-damage|p1a: Drop a Draco|88/100 par|[from] item: Sticky Barb
|upkeep
|turn|3
|
|t:|1759070751
|move|p2a: Klefki|Light Screen|p2a: Klefki
|-sidestart|p2: bowling12345|move: Light Screen
|move|p1a: Drop a Draco|Draco Meteor|p2a: Klefki
|-damage|p2a: Klefki|0 fnt
|-unboost|p1a: Drop a Draco|spa|2
|faint|p2a: Klefki
|
|-damage|p1a: Drop a Draco|76/100 par|[from] item: Sticky Barb
|upkeep
|
|t:|1759070763
|switch|p2a: Munkidori|Munkidori, M|100/100
|turn|4
|
|t:|1759070773
|switch|p1a: Skeledirge|Skeledirge, F|100/100
|move|p2a: Munkidori|Hex|p1a: Skeledirge
|-supereffective|p1a: Skeledirge
|-damage|p1a: Skeledirge|52/100
|-status|p1a: Skeledirge|tox|[from] ability: Toxic Chain|[of] p2a: Munkidori
|
|-damage|p1a: Skeledirge|46/100 tox|[from] psn
|upkeep
|turn|5
|
|t:|1759070781
|move|p2a: Munkidori|Hex|p1a: Skeledirge
|-supereffective|p1a: Skeledirge
|-damage|p1a: Skeledirge|0 fnt
|faint|p1a: Skeledirge
|
|upkeep
|
|t:|1759070784
|switch|p1a: Kingambit|Kingambit, F|100/100
|-activate|p1a: Kingambit|ability: Supreme Overlord
|-start|p1a: Kingambit|fallen1|[silent]
|turn|6
|
|t:|1759070790
|move|p2a: Munkidori|Focus Blast|p1a: Kingambit
|-supereffective|p1a: Kingambit
|-damage|p1a: Kingambit|0 fnt
|faint|p1a: Kingambit
|-end|p1a: Kingambit|fallen1|[silent]
|
|upkeep
|
|t:|1759070801
|switch|p1a: Rillaboom|Rillaboom, M|100/100
|-fieldstart|move: Grassy Terrain|[from] ability: Grassy Surge|[of] p1a: Rillaboom
|turn|7
|
|t:|1759070809
|switch|p2a: Sinistcha|Sinistcha|100/100
|-terastallize|p1a: Rillaboom|Water
|move|p1a: Rillaboom|High Horsepower|p2a: Sinistcha
|-resisted|p2a: Sinistcha
|-damage|p2a: Sinistcha|80/100
|
|-heal|p2a: Sinistcha|86/100|[from] Grassy Terrain
|-sideend|p2: bowling12345|move: Light Screen
|upkeep
|turn|8
|
|t:|1759070818
|switch|p1a: Dragalge|Dragalge, F|100/100
|move|p2a: Sinistcha|Trick Room|p2a: Sinistcha
|-fieldstart|move: Trick Room|[of] p2a: Sinistcha
|
|-heal|p2a: Sinistcha|92/100|[from] Grassy Terrain
|upkeep
|turn|9
|
|t:|1759070828
|switch|p2a: Munkidori|Munkidori, M|100/100
|move|p1a: Dragalge|Sludge Bomb|p2a: Munkidori
|-resisted|p2a: Munkidori
|-crit|p2a: Munkidori
|-damage|p2a: Munkidori|70/100
|-damage|p1a: Dragalge|91/100|[from] item: Life Orb
|
|-heal|p1a: Dragalge|97/100|[from] Grassy Terrain
|-heal|p2a: Munkidori|76/100|[from] Grassy Terrain
|upkeep
|turn|10
|
|t:|1759070837
|move|p1a: Dragalge|Draco Meteor|p2a: Munkidori
|-damage|p2a: Munkidori|21/100
|-unboost|p1a: Dragalge|spa|2
|-damage|p1a: Dragalge|87/100|[from] item: Life Orb
|move|p2a: Munkidori|Psyshock|p1a: Dragalge
|-supereffective|p1a: Dragalge
|-damage|p1a: Dragalge|0 fnt
|faint|p1a: Dragalge
|
|-heal|p2a: Munkidori|27/100|[from] Grassy Terrain
|upkeep
|
|t:|1759070847
|switch|p1a: Drop a Draco|Regidrago|76/100 par
|turn|11
|
|t:|1759070853
|switch|p2a: Entei|Entei|100/100
|move|p1a: Drop a Draco|Dragon Energy|p2a: Entei
|-damage|p2a: Entei|59/100
|
|-heal|p1a: Drop a Draco|82/100 par|[from] Grassy Terrain
|-heal|p2a: Entei|65/100|[from] Grassy Terrain
|-fieldend|move: Grassy Terrain
|-damage|p1a: Drop a Draco|69/100 par|[from] item: Sticky Barb
|upkeep
|turn|12
|
|t:|1759070863
|move|p1a: Drop a Draco|Draco Meteor|p2a: Entei
|-damage|p2a: Entei|15/100
|-unboost|p1a: Drop a Draco|spa|2
|move|p2a: Entei|Crunch|p1a: Drop a Draco
|-damage|p1a: Drop a Draco|37/100 par
|
|-fieldend|move: Trick Room
|-damage|p1a: Drop a Draco|25/100 par|[from] item: Sticky Barb
|upkeep
|turn|13
|
|t:|1759070880
|move|p2a: Entei|Crunch|p1a: Drop a Draco
|-damage|p1a: Drop a Draco|0 fnt
|faint|p1a: Drop a Draco
|
|upkeep
|
|t:|1759070884
|switch|p1a: Great Tusk|Great Tusk|100/100
|turn|14
|
|t:|1759070890
|move|p1a: Great Tusk|Rapid Spin|p2a: Entei
|-damage|p2a: Entei|0 fnt
|-boost|p1a: Great Tusk|spe|1
|faint|p2a: Entei
|
|upkeep
|
|t:|1759070899
|switch|p2a: Sinistcha|Sinistcha|92/100
|turn|15
|
|t:|1759070901
|move|p1a: Great Tusk|Ice Spinner|p2a: Sinistcha
|-supereffective|p2a: Sinistcha
|-damage|p2a: Sinistcha|43/100
|-enditem|p2a: Sinistcha|Weakness Policy
|-boost|p2a: Sinistcha|atk|2|[from] item: Weakness Policy
|-boost|p2a: Sinistcha|spa|2|[from] item: Weakness Policy
|move|p2a: Sinistcha|Trick Room|p2a: Sinistcha
|-fieldstart|move: Trick Room|[of] p2a: Sinistcha
|
|upkeep
|turn|16
|
|t:|1759070909
|move|p2a: Sinistcha|Matcha Gotcha|p1a: Great Tusk
|-supereffective|p1a: Great Tusk
|-damage|p1a: Great Tusk|0 fnt
|-heal|p2a: Sinistcha|100/100|[from] drain|[of] p1a: Great Tusk
|faint|p1a: Great Tusk
|-end|p1a: Great Tusk|Protosynthesis|[silent]
|
|upkeep
|
|t:|1759070912
|switch|p1a: Rillaboom|Rillaboom, M, tera:Water|100/100
|-fieldstart|move: Grassy Terrain|[from] ability: Grassy Surge|[of] p1a: Rillaboom
|turn|17
|
|t:|1759070918
|move|p2a: Sinistcha|Matcha Gotcha|p1a: Rillaboom
|-supereffective|p1a: Rillaboom
|-damage|p1a: Rillaboom|0 fnt
|faint|p1a: Rillaboom
|
|win|bowling12345
|raw|dragalge4top's rating: 1358 &rarr; <strong>1337</strong><br />(-21 for losing)
|raw|bowling12345's rating: 1334 &rarr; <strong>1355</strong><br />(+21 for winning)
|l|☆dragalge4top
|player|p1|
|l|☆bowling12345
|player|p2|
