|j|‽thatfroot
|j|☆Lulu0927
|t:|1758978936
|gametype|singles
|player|p1|thatfroot|red|1060
|player|p2|Lulu0927|102|1061
|gen|9
|tier|[Gen 9] OU
|rated|
|rule|HP Percentage Mod: HP is shown in percentages
|rule|Endless Battle Clause: Forcing endless battles is banned
|rule|Species Clause: Limit one of each Pokémon
|rule|OHKO Clause: OHKO moves are banned
|rule|Evasion Items Clause: Evasion items are banned
|rule|Evasion Moves Clause: Evasion moves are banned
|rule|Evasion Abilities Clause: Evasion abilities are banned
|rule|Sleep Moves Clause: Sleep-inducing moves are banned
|clearpoke
|poke|p1|Greninja-*, M|
|poke|p1|Salamence, F|
|poke|p1|Grimmsnarl, M|
|poke|p1|Carbink|
|poke|p1|Magmortar, M|
|poke|p1|Excadrill, F|
|poke|p2|Dragapult, M|
|poke|p2|Mimikyu, F|
|poke|p2|Kingambit, F|
|poke|p2|Rillaboom, F|
|poke|p2|Zoroark-Hisui, F|
|poke|p2|Maushold-Four|
|teampreview
|
|t:|1758978953
|teamsize|p1|6
|teamsize|p2|6
|start
|switch|p1a: Magmortar|Magmortar, M|100/100
|switch|p2a: Dragapult|Dragapult, M|100/100
|turn|1
|
|t:|1758978966
|move|p2a: Dragapult|Nasty Plot|p2a: Dragapult
|-boost|p2a: Dragapult|spa|2
|move|p1a: Magmortar|Thunderbolt|p2a: Dragapult
|-damage|p2a: Dragapult|42/100
|replace|p2a: Zoroark|Zoroark-Hisui, F
|-end|p2a: Zoroark|Illusion
|
|upkeep
|turn|2
|
|t:|1758978975
|move|p2a: Zoroark|Bitter Malice|p1a: Magmortar
|-damage|p1a: Magmortar|10/100
|-unboost|p1a: Magmortar|atk|1
|move|p1a: Magmortar|Thunderbolt|p2a: Zoroark
|-damage|p2a: Zoroark|0 fnt
|faint|p2a: Zoroark
|
|upkeep
|
|t:|1758978983
|switch|p2a: Mimikyu|Mimikyu, F|100/100
|turn|3
|
|t:|1758978991
|move|p2a: Mimikyu|Shadow Sneak|p1a: Magmortar
|-damage|p1a: Magmortar|0 fnt
|faint|p1a: Magmortar
|-damage|p2a: Mimikyu|91/100|[from] item: Life Orb
|
|upkeep
|
|t:|1758978996
|switch|p1a: Excadrill|Excadrill, F|100/100
|-ability|p1a: Excadrill|Mold Breaker
|-item|p1a: Excadrill|Air Balloon
|turn|4
|
|t:|1758979002
|switch|p2a: Dragapult|Dragapult, M|100/100
|move|p1a: Excadrill|Iron Head|p2a: Dragapult
|-damage|p2a: Dragapult|45/100
|
|upkeep
|turn|5
|
|t:|1758979009
|move|p2a: Dragapult|Flamethrower|p1a: Excadrill
|-supereffective|p1a: Excadrill
|-damage|p1a: Excadrill|0 fnt
|-enditem|p1a: Excadrill|Air Balloon
|faint|p1a: Excadrill
|
|upkeep
|
|t:|1758979016
|switch|p1a: Grimmsnarl|Grimmsnarl, M|100/100
|turn|6
|
|t:|1758979023
|switch|p2a: Mimikyu|Mimikyu, F|91/100
|move|p1a: Grimmsnarl|Dark Pulse|p2a: Mimikyu
|-activate|p2a: Mimikyu|ability: Disguise
|-damage|p2a: Mimikyu|91/100
|detailschange|p2a: Mimikyu|Mimikyu-Busted, F
|-damage|p2a: Mimikyu|78/100|[from] pokemon: Mimikyu-Busted
|
|upkeep
|turn|7
|
|t:|1758979036
|move|p2a: Mimikyu|Play Rough|p1a: Grimmsnarl
|-supereffective|p1a: Grimmsnarl
|-damage|p1a: Grimmsnarl|0 fnt
|faint|p1a: Grimmsnarl
|-damage|p2a: Mimikyu|68/100|[from] item: Life Orb
|
|upkeep
|
|t:|1758979044
|switch|p1a: Greninja|Greninja, M|100/100
|turn|8
|
|t:|1758979049
|move|p1a: Greninja|Dark Pulse|p2a: Mimikyu
|-damage|p2a: Mimikyu|4/100
|-damage|p1a: Greninja|91/100|[from] item: Life Orb
|move|p2a: Mimikyu|Play Rough|p1a: Greninja|[miss]
|-miss|p2a: Mimikyu|p1a: Greninja
|
|upkeep
|turn|9
|
|t:|1758979056
|move|p2a: Mimikyu|Shadow Sneak|p1a: Greninja
|-resisted|p1a: Greninja
|-damage|p1a: Greninja|73/100
|-damage|p2a: Mimikyu|0 fnt|[from] item: Life Orb
|faint|p2a: Mimikyu
|move|p1a: Greninja|Dark Pulse|p2: Mimikyu|[notarget]
|-fail|p1a: Greninja
|
|upkeep
|
|t:|1758979065
|switch|p2a: Dragapult|Dragapult, M|45/100
|turn|10
|
|t:|1758979068
|switch|p1a: Carbink|Carbink|100/100
|move|p2a: Dragapult|Thunderbolt|p1a: Carbink
|-damage|p1a: Carbink|76/100
|
|upkeep
|turn|11
|
|t:|1758979075
|move|p2a: Dragapult|Thunderbolt|p1a: Carbink
|-damage|p1a: Carbink|50/100
|move|p1a: Carbink|Light Screen|p1a: Carbink
|-sidestart|p1: thatfroot|move: Light Screen
|
|upkeep
|turn|12
|
|t:|1758979080
|move|p2a: Dragapult|Thunderbolt|p1a: Carbink
|-damage|p1a: Carbink|27/100
|move|p1a: Carbink|Reflect|p1a: Carbink
|-sidestart|p1: thatfroot|Reflect
|
|upkeep
|turn|13
|
|t:|1758979084
|move|p2a: Dragapult|Thunderbolt|p1a: Carbink
|-damage|p1a: Carbink|4/100
|move|p1a: Carbink|Stealth Rock|p2a: Dragapult
|-sidestart|p2: Lulu0927|move: Stealth Rock
|
|upkeep
|turn|14
|
|t:|1758979090
|move|p2a: Dragapult|Thunderbolt|p1a: Carbink
|-damage|p1a: Carbink|0 fnt
|faint|p1a: Carbink
|
|upkeep
|
|t:|1758979096
|switch|p1a: Salamence|Salamence, F|100/100
|-ability|p1a: Salamence|Intimidate|boost
|-unboost|p2a: Dragapult|atk|1
|turn|15
|
|t:|1758979101
|move|p2a: Dragapult|Thunderbolt|p1a: Salamence
|-damage|p1a: Salamence|56/100
|move|p1a: Salamence|Dragon Pulse|p2a: Dragapult
|-supereffective|p2a: Dragapult
|-damage|p2a: Dragapult|0 fnt
|faint|p2a: Dragapult
|
|upkeep
|
|t:|1758979109
|switch|p2a: Maushold|Maushold-Four|100/100
|-damage|p2a: Maushold|88/100|[from] Stealth Rock
|turn|16
|
|t:|1758979114
|move|p2a: Maushold|Population Bomb|p1a: Salamence
|-damage|p1a: Salamence|49/100
|-damage|p1a: Salamence|43/100
|-damage|p1a: Salamence|36/100
|-damage|p1a: Salamence|28/100
|-damage|p1a: Salamence|22/100
|-damage|p1a: Salamence|15/100
|-damage|p1a: Salamence|8/100
|-damage|p1a: Salamence|2/100
|-damage|p1a: Salamence|0 fnt
|faint|p1a: Salamence
|-hitcount|p1: Salamence|9
|
|upkeep
|
|t:|1758979128
|switch|p1a: Greninja|Greninja, M|73/100
|turn|17
|
|t:|1758979137
|move|p2a: Maushold|Feint|p1a: Greninja
|-damage|p1a: Greninja|59/100
|move|p1a: Greninja|Dark Pulse|p2a: Maushold
|-damage|p2a: Maushold|16/100
|-damage|p1a: Greninja|50/100|[from] item: Life Orb
|
|upkeep
|turn|18
|
|t:|1758979151
|move|p1a: Greninja|Dark Pulse|p2a: Maushold
|-damage|p2a: Maushold|0 fnt
|faint|p2a: Maushold
|-ability|p1a: Greninja|Battle Bond|boost
|-boost|p1a: Greninja|atk|1
|-boost|p1a: Greninja|spa|1
|-boost|p1a: Greninja|spe|1
|-activate|p1a: Greninja|ability: Battle Bond
|-damage|p1a: Greninja|40/100|[from] item: Life Orb
|
|-sideend|p1: thatfroot|move: Light Screen
|upkeep
|
|t:|1758979159
|switch|p2a: Rillaboom|Rillaboom, F|100/100
|-damage|p2a: Rillaboom|88/100|[from] Stealth Rock
|-fieldstart|move: Grassy Terrain|[from] ability: Grassy Surge|[of] p2a: Rillaboom
|turn|19
|
|t:|1758979166
|-terastallize|p1a: Greninja|Poison
|-terastallize|p2a: Rillaboom|Grass
|move|p2a: Rillaboom|Grassy Glide|p1a: Greninja
|-resisted|p1a: Greninja
|-damage|p1a: Greninja|18/100
|move|p1a: Greninja|Sludge Wave|p2a: Rillaboom
|-supereffective|p2a: Rillaboom
|-damage|p2a: Rillaboom|0 fnt
|faint|p2a: Rillaboom
|-damage|p1a: Greninja|9/100|[from] item: Life Orb
|
|-heal|p1a: Greninja|15/100|[from] Grassy Terrain
|-sideend|p1: thatfroot|Reflect
|upkeep
|
|t:|1758979178
|switch|p2a: Kingambit|Kingambit, F|100/100
|-damage|p2a: Kingambit|94/100|[from] Stealth Rock
|-activate|p2a: Kingambit|ability: Supreme Overlord
|-start|p2a: Kingambit|fallen5|[silent]
|turn|20
|
|t:|1758979183
|move|p1a: Greninja|Surf|p2a: Kingambit
|-damage|p2a: Kingambit|0 fnt
|faint|p2a: Kingambit
|-end|p2a: Kingambit|fallen5|[silent]
|-damage|p1a: Greninja|5/100|[from] item: Life Orb
|
|win|thatfroot
|raw|thatfroot's rating: 1060 &rarr; <strong>1091</strong><br />(+31 for winning)
|raw|Lulu0927's rating: 1061 &rarr; <strong>1042</strong><br />(-19 for losing)
|l|‽thatfroot
|player|p1|
|l|☆Lulu0927
|player|p2|
