|j|☆vghhjg
|j|☆peep the drip
|t:|1758966359
|gametype|singles
|player|p1|vghhjg|266|1533
|player|p2|peep the drip|wattson|1580
|gen|9
|tier|[Gen 9] OU
|rated|
|rule|HP Percentage Mod: HP is shown in percentages
|rule|Endless Battle Clause: Forcing endless battles is banned
|rule|Species Clause: Limit one of each Pokémon
|rule|OHKO Clause: OHKO moves are banned
|rule|Evasion Items Clause: Evasion items are banned
|rule|Evasion Moves Clause: Evasion moves are banned
|rule|Evasion Abilities Clause: Evasion abilities are banned
|rule|Sleep Moves Clause: Sleep-inducing moves are banned
|clearpoke
|poke|p1|Gholdengo|
|poke|p1|Ribombee, M|
|poke|p1|Dragonite, F|
|poke|p1|Comfey, M|
|poke|p1|Primarina, F|
|poke|p1|Latias, F|
|poke|p2|Great Tusk|
|poke|p2|Kingambit, M|
|poke|p2|Raging Bolt|
|poke|p2|Walking Wake|
|poke|p2|Ninetales, F|
|poke|p2|Ceruledge, M|
|teampreview
|inactive|Battle timer is ON: inactive players will automatically lose when time's up. (requested by peep the drip)
|
|t:|1758966364
|teamsize|p1|6
|teamsize|p2|6
|start
|switch|p1a: Ribombee|Ribombee, M|100/100
|switch|p2a: Ninetales|Ninetales, F|100/100
|-weather|SunnyDay|[from] ability: Drought|[of] p2a: Ninetales
|turn|1
|
|t:|1758966382
|move|p1a: Ribombee|Sticky Web|p2a: Ninetales
|-sidestart|p2: peep the drip|move: Sticky Web
|move|p2a: Ninetales|Overheat|p1a: Ribombee|[miss]
|-miss|p2a: Ninetales|p1a: Ribombee
|
|-weather|SunnyDay|[upkeep]
|upkeep
|turn|2
|
|t:|1758966385
|move|p1a: Ribombee|Stun Spore|p2a: Ninetales
|-status|p2a: Ninetales|par
|move|p2a: Ninetales|Overheat|p1a: Ribombee
|-supereffective|p1a: Ribombee
|-enditem|p1a: Ribombee|Focus Sash
|-damage|p1a: Ribombee|1/100
|-unboost|p2a: Ninetales|spa|2
|
|-weather|SunnyDay|[upkeep]
|upkeep
|turn|3
|
|t:|1758966393
|switch|p2a: Great Tusk|Great Tusk|100/100
|-activate|p2a: Great Tusk|move: Sticky Web
|-unboost|p2a: Great Tusk|spe|1
|-activate|p2a: Great Tusk|ability: Protosynthesis
|-start|p2a: Great Tusk|protosynthesisatk
|move|p1a: Ribombee|Psychic Noise|p2a: Great Tusk
|-supereffective|p2a: Great Tusk
|-damage|p2a: Great Tusk|60/100
|-start|p2a: Great Tusk|move: Heal Block
|
|-weather|SunnyDay|[upkeep]
|upkeep
|turn|4
|
|t:|1758966398
|switch|p1a: Gholdengo|Gholdengo|100/100
|-item|p1a: Gholdengo|Air Balloon
|move|p2a: Great Tusk|Temper Flare|p1a: Gholdengo
|-supereffective|p1a: Gholdengo
|-damage|p1a: Gholdengo|0 fnt
|-enditem|p1a: Gholdengo|Air Balloon
|faint|p1a: Gholdengo
|
|-weather|SunnyDay|[upkeep]
|-end|p2a: Great Tusk|move: Heal Block
|upkeep
|
|t:|1758966407
|switch|p1a: Dragonite|Dragonite, F|100/100
|turn|5
|j| Tidk
|
|t:|1758966411
|move|p1a: Dragonite|Encore|p2a: Great Tusk
|-start|p2a: Great Tusk|Encore
|move|p2a: Great Tusk|Temper Flare|p1a: Dragonite
|-resisted|p1a: Dragonite
|-damage|p1a: Dragonite|85/100
|
|-weather|SunnyDay|[upkeep]
|upkeep
|turn|6
|
|t:|1758966422
|-end|p2a: Great Tusk|Protosynthesis|[silent]
|switch|p2a: Ceruledge|Ceruledge, M|100/100
|move|p1a: Dragonite|Dragon Dance|p1a: Dragonite
|-boost|p1a: Dragonite|atk|1
|-boost|p1a: Dragonite|spe|1
|
|-weather|SunnyDay|[upkeep]
|upkeep
|turn|7
|
|t:|1758966435
|move|p1a: Dragonite|Earthquake|p2a: Ceruledge
|-supereffective|p2a: Ceruledge
|-damage|p2a: Ceruledge|0 fnt
|faint|p2a: Ceruledge
|
|-weather|SunnyDay|[upkeep]
|upkeep
|
|t:|1758966441
|switch|p2a: Raging Bolt|Raging Bolt|100/100
|-activate|p2a: Raging Bolt|move: Sticky Web
|-unboost|p2a: Raging Bolt|spe|1
|-activate|p2a: Raging Bolt|ability: Protosynthesis
|-start|p2a: Raging Bolt|protosynthesisspa
|turn|8
|
|t:|1758966458
|switch|p1a: Ribombee|Ribombee, M|1/100
|-terastallize|p2a: Raging Bolt|Flying
|move|p2a: Raging Bolt|Dragon Pulse|p1a: Ribombee
|-immune|p1a: Ribombee
|
|-weather|none
|-end|p2a: Raging Bolt|Protosynthesis
|upkeep
|turn|9
|
|t:|1758966462
|move|p2a: Raging Bolt|Thunderclap||[still]
|-fail|p2a: Raging Bolt
|move|p1a: Ribombee|Stun Spore|p2a: Raging Bolt
|-status|p2a: Raging Bolt|par
|
|upkeep
|turn|10
|
|t:|1758966474
|-end|p2a: Raging Bolt|Protosynthesis|[silent]
|switch|p2a: Great Tusk|Great Tusk|60/100
|-activate|p2a: Great Tusk|move: Sticky Web
|-unboost|p2a: Great Tusk|spe|1
|move|p1a: Ribombee|Stun Spore|p2a: Great Tusk
|-status|p2a: Great Tusk|par
|
|upkeep
|turn|11
|
|t:|1758966481
|move|p1a: Ribombee|Psychic Noise|p2a: Great Tusk
|-supereffective|p2a: Great Tusk
|-damage|p2a: Great Tusk|23/100 par
|-start|p2a: Great Tusk|move: Heal Block
|move|p2a: Great Tusk|Rapid Spin|p1a: Ribombee
|-damage|p1a: Ribombee|0 fnt
|-boost|p2a: Great Tusk|spe|1
|-sideend|p2: peep the drip|Sticky Web|[from] move: Rapid Spin|[of] p2a: Great Tusk
|faint|p1a: Ribombee
|
|upkeep
|
|t:|1758966501
|switch|p1a: Comfey|Comfey, M|100/100
|turn|12
|
|t:|1758966505
|move|p1a: Comfey|Calm Mind|p1a: Comfey
|-boost|p1a: Comfey|spa|1
|-boost|p1a: Comfey|spd|1
|cant|p2a: Great Tusk|par
|
|-end|p2a: Great Tusk|move: Heal Block
|upkeep
|turn|13
|
|t:|1758966529
|move|p1a: Comfey|Encore|p2a: Great Tusk
|-start|p2a: Great Tusk|Encore
|move|p2a: Great Tusk|Rapid Spin|p1a: Comfey
|-damage|p1a: Comfey|75/100
|-boost|p2a: Great Tusk|spe|1
|
|upkeep
|turn|14
|
|t:|1758966537
|-end|p2a: Great Tusk|Protosynthesis|[silent]
|switch|p2a: Ninetales|Ninetales, F|100/100 par
|-weather|SunnyDay|[from] ability: Drought|[of] p2a: Ninetales
|move|p1a: Comfey|Calm Mind|p1a: Comfey
|-boost|p1a: Comfey|spa|1
|-boost|p1a: Comfey|spd|1
|
|-weather|SunnyDay|[upkeep]
|upkeep
|turn|15
|
|t:|1758966555
|move|p1a: Comfey|Draining Kiss|p2a: Ninetales
|-resisted|p2a: Ninetales
|-damage|p2a: Ninetales|71/100 par
|-heal|p1a: Comfey|97/100|[from] drain|[of] p2a: Ninetales
|-damage|p1a: Comfey|87/100|[from] item: Life Orb
|cant|p2a: Ninetales|par
|
|-weather|SunnyDay|[upkeep]
|upkeep
|turn|16
|
|t:|1758966560
|move|p1a: Comfey|Draining Kiss|p2a: Ninetales
|-resisted|p2a: Ninetales
|-damage|p2a: Ninetales|41/100 par
|-heal|p1a: Comfey|100/100|[from] drain|[of] p2a: Ninetales
|-damage|p1a: Comfey|91/100|[from] item: Life Orb
|move|p2a: Ninetales|Overheat|p1a: Comfey
|-damage|p1a: Comfey|49/100
|-unboost|p2a: Ninetales|spa|2
|
|-weather|SunnyDay|[upkeep]
|upkeep
|turn|17
|
|t:|1758966570
|switch|p2a: Raging Bolt|Raging Bolt, tera:Flying|100/100 par
|-activate|p2a: Raging Bolt|ability: Protosynthesis
|-start|p2a: Raging Bolt|protosynthesisspa
|move|p1a: Comfey|Draining Kiss|p2a: Raging Bolt
|-damage|p2a: Raging Bolt|49/100 par
|-heal|p1a: Comfey|99/100|[from] drain|[of] p2a: Raging Bolt
|-damage|p1a: Comfey|89/100|[from] item: Life Orb
|
|-weather|SunnyDay|[upkeep]
|upkeep
|turn|18
|
|t:|1758966579
|move|p1a: Comfey|Draining Kiss|p2a: Raging Bolt
|-damage|p2a: Raging Bolt|0 fnt
|-heal|p1a: Comfey|100/100|[from] drain|[of] p2a: Raging Bolt
|faint|p2a: Raging Bolt
|-end|p2a: Raging Bolt|Protosynthesis|[silent]
|-damage|p1a: Comfey|91/100|[from] item: Life Orb
|
|-weather|SunnyDay|[upkeep]
|upkeep
|-message|peep the drip forfeited.
|
|win|vghhjg
|raw|vghhjg's rating: 1533 &rarr; <strong>1556</strong><br />(+23 for winning)
|raw|peep the drip's rating: 1580 &rarr; <strong>1557</strong><br />(-23 for losing)
|l|☆peep the drip
|player|p2|
|l| Tidk
|l|☆vghhjg
|player|p1|
