|badge|p2|bronze|gen9ou|100-6
|html|<div class="broadcast-red"><strong>This battle is required to be public due to one or more player having a season medal.</strong><br />During the public phase, you can discuss the state of the ladder <a href="/seasondiscussion">in a special chatroom.</a></div>
|uhtml|medal-msg|<div class="broadcast-blue">Curious what those medals under the avatar are? PS now has Ladder Seasons! For more information, check out the <a href="https://www.smogon.com/forums/threads/3740067/">thread on Smogon.</a></div>
|raw|<div class="broadcast-blue"><strong>This battle is required to be public due to a player having a name starting with 'medal'.</div>
|j|☆Eel56
|j|☆lvBreakfast
|t:|1758951624
|gametype|singles
|player|p1|Eel56|170|1769
|player|p2|lvBreakfast|psychic-gen4|1860
|gen|9
|tier|[Gen 9] OU
|rated|
|rule|HP Percentage Mod: HP is shown in percentages
|rule|Endless Battle Clause: Forcing endless battles is banned
|rule|Species Clause: Limit one of each Pokémon
|rule|OHKO Clause: OHKO moves are banned
|rule|Evasion Items Clause: Evasion items are banned
|rule|Evasion Moves Clause: Evasion moves are banned
|rule|Evasion Abilities Clause: Evasion abilities are banned
|rule|Sleep Moves Clause: Sleep-inducing moves are banned
|clearpoke
|poke|p1|Lokix, M|
|poke|p1|Cinderace, F|
|poke|p1|Great Tusk|
|poke|p1|Alomomola, F|
|poke|p1|Enamorus, F|
|poke|p1|Slowking-Galar, M|
|poke|p2|Zapdos|
|poke|p2|Sinistcha|
|poke|p2|Weavile, F|
|poke|p2|Keldeo|
|poke|p2|Goodra-Hisui, F|
|poke|p2|Ting-Lu|
|teampreview
|j| locked in bro
|
|t:|1758951637
|teamsize|p1|6
|teamsize|p2|6
|start
|switch|p1a: Lokix|Lokix, M|100/100
|switch|p2a: Lil emolga|Zapdos|100/100
|turn|1
|
|t:|1758951643
|switch|p1a: Slowking|Slowking-Galar, M|100/100
|move|p2a: Lil emolga|Volt Switch|p1a: Slowking
|-crit|p1a: Slowking
|-damage|p1a: Slowking|68/100
|
|t:|1758951646
|switch|p2a: Weavile|Weavile, F|100/100|[from] Volt Switch
|
|upkeep
|turn|2
|
|t:|1758951656
|switch|p1a: Alomomola|Alomomola, F|100/100
|move|p2a: Weavile|Knock Off|p1a: Alomomola
|-damage|p1a: Alomomola|66/100
|-enditem|p1a: Alomomola|Assault Vest|[from] move: Knock Off|[of] p2a: Weavile
|
|upkeep
|turn|3
|j| larp legion
|
|t:|1758951666
|switch|p2a: Lil emolga|Zapdos|100/100
|move|p1a: Alomomola|Flip Turn|p2a: Lil emolga
|-damage|p2a: Lil emolga|88/100
|j| amefurikoneko
|
|t:|1758951676
|switch|p1a: Slowking|Slowking-Galar, M|100/100|[from] Flip Turn
|
|upkeep
|turn|4
|
|t:|1758951691
|move|p2a: Lil emolga|Volt Switch|p1a: Slowking
|-damage|p1a: Slowking|77/100
|j| wgw2333
|
|t:|1758951695
|switch|p2a: Ting-Loui|Ting-Lu|100/100|[from] Volt Switch
|-ability|p2a: Ting-Loui|Vessel of Ruin
|move|p1a: Slowking|Future Sight|p2a: Ting-Loui
|-start|p1a: Slowking|move: Future Sight
|
|upkeep
|turn|5
|
|t:|1758951719
|switch|p1a: Lokix|Lokix, M|100/100
|move|p2a: Ting-Loui|Stealth Rock|p1a: Lokix
|-sidestart|p1: Eel56|move: Stealth Rock
|
|upkeep
|turn|6
|
|t:|1758951733
|move|p1a: Lokix|Knock Off|p2a: Ting-Loui
|-resisted|p2a: Ting-Loui
|-damage|p2a: Ting-Loui|67/100
|-enditem|p2a: Ting-Loui|Leftovers|[from] move: Knock Off|[of] p1a: Lokix
|move|p2a: Ting-Loui|Spikes|p1a: Lokix
|-sidestart|p1: Eel56|Spikes
|
|-end|p2a: Ting-Loui|move: Future Sight
|-immune|p2a: Ting-Loui
|upkeep
|turn|7
|
|t:|1758951765
|switch|p1a: Enamorus|Enamorus, F|100/100
|-damage|p1a: Enamorus|76/100|[from] Stealth Rock
|move|p2a: Ting-Loui|Earthquake|p1a: Enamorus
|-immune|p1a: Enamorus
|
|upkeep
|turn|8
|
|t:|1758951778
|switch|p1a: Cinderace|Cinderace, F|100/100
|switch|p2a: Goodra|Goodra-Hisui, F|100/100
|
|upkeep
|turn|9
|
|t:|1758951787
|move|p1a: Cinderace|Will-O-Wisp|p2a: Goodra
|-status|p2a: Goodra|brn
|move|p2a: Goodra|Knock Off|p1a: Cinderace
|-damage|p1a: Cinderace|89/100
|-enditem|p1a: Cinderace|Heavy-Duty Boots|[from] move: Knock Off|[of] p2a: Goodra
|
|-damage|p2a: Goodra|94/100 brn|[from] brn
|upkeep
|turn|10
|
|t:|1758951792
|switch|p2a: Ting-Loui|Ting-Lu|67/100
|-ability|p2a: Ting-Loui|Vessel of Ruin
|move|p1a: Cinderace|Court Change|p1a: Cinderace
|-swapsideconditions
|-activate|p1a: Cinderace|move: Court Change
|
|upkeep
|turn|11
|
|t:|1758951796
|move|p1a: Cinderace|U-turn|p2a: Ting-Loui
|-supereffective|p2a: Ting-Loui
|-damage|p2a: Ting-Loui|50/100
|
|t:|1758951799
|switch|p1a: Lokix|Lokix, M|100/100|[from] U-turn
|move|p2a: Ting-Loui|Stealth Rock|p1a: Lokix
|-sidestart|p1: Eel56|move: Stealth Rock
|
|upkeep
|turn|12
|
|t:|1758951804
|switch|p2a: Lil emolga|Zapdos|88/100
|move|p1a: Lokix|U-turn|p2a: Lil emolga
|-resisted|p2a: Lil emolga
|-damage|p2a: Lil emolga|50/100
|
|t:|1758951810
|switch|p1a: Slowking|Slowking-Galar, M|100/100|[from] U-turn
|-damage|p1a: Slowking|88/100|[from] Stealth Rock
|
|upkeep
|turn|13
|
|t:|1758951816
|move|p2a: Lil emolga|Roost|p2a: Lil emolga
|-heal|p2a: Lil emolga|99/100
|-singleturn|p2a: Lil emolga|move: Roost
|-prepare|p1a: Slowking|Chilly Reception|[premajor]
|move|p1a: Slowking|Chilly Reception|p1a: Slowking
|-weather|Snowscape
|
|t:|1758951827
|switch|p1a: Alomomola|Alomomola, F|99/100|[from] Chilly Reception
|-damage|p1a: Alomomola|87/100|[from] Stealth Rock
|
|-weather|Snowscape|[upkeep]
|upkeep
|turn|14
|
|t:|1758951842
|move|p2a: Lil emolga|Thunder Wave|p1a: Alomomola
|-status|p1a: Alomomola|par
|move|p1a: Alomomola|Mirror Coat||[still]
|-fail|p1a: Alomomola
|
|-weather|Snowscape|[upkeep]
|upkeep
|turn|15
|
|t:|1758951852
|move|p2a: Lil emolga|Roost|p2a: Lil emolga
|-heal|p2a: Lil emolga|100/100
|-singleturn|p2a: Lil emolga|move: Roost
|move|p1a: Alomomola|Flip Turn|p2a: Lil emolga
|-damage|p2a: Lil emolga|86/100
|
|t:|1758951855
|switch|p1a: Slowking|Slowking-Galar, M|100/100|[from] Flip Turn
|-damage|p1a: Slowking|88/100|[from] Stealth Rock
|
|-weather|Snowscape|[upkeep]
|upkeep
|turn|16
|
|t:|1758951867
|move|p2a: Lil emolga|Volt Switch|p1a: Slowking
|-damage|p1a: Slowking|64/100
|
|t:|1758951869
|switch|p2a: Ting-Loui|Ting-Lu|50/100|[from] Volt Switch
|-damage|p2a: Ting-Loui|44/100|[from] Stealth Rock
|-damage|p2a: Ting-Loui|31/100|[from] Spikes
|-ability|p2a: Ting-Loui|Vessel of Ruin
|move|p1a: Slowking|Ice Beam|p2a: Ting-Loui
|-supereffective|p2a: Ting-Loui
|-damage|p2a: Ting-Loui|6/100
|
|-weather|Snowscape|[upkeep]
|upkeep
|turn|17
|
|t:|1758951876
|switch|p1a: Great Tusk|Great Tusk|100/100
|-damage|p1a: Great Tusk|98/100|[from] Stealth Rock
|move|p2a: Ting-Loui|Spikes|p1a: Great Tusk
|-sidestart|p1: Eel56|Spikes
|
|-weather|none
|-heal|p1a: Great Tusk|100/100|[from] item: Leftovers
|upkeep
|turn|18
|
|t:|1758951882
|switch|p2a: Sinister Tea ;)|Sinistcha|100/100
|move|p1a: Great Tusk|Knock Off|p2a: Sinister Tea ;)
|-supereffective|p2a: Sinister Tea ;)
|-damage|p2a: Sinister Tea ;)|61/100
|-enditem|p2a: Sinister Tea ;)|Heavy-Duty Boots|[from] move: Knock Off|[of] p1a: Great Tusk
|
|upkeep
|turn|19
|
|t:|1758951922
|-end|p1a: Great Tusk|Protosynthesis|[silent]
|switch|p1a: Slowking|Slowking-Galar, M|98/100
|-damage|p1a: Slowking|85/100|[from] Stealth Rock
|-damage|p1a: Slowking|73/100|[from] Spikes
|move|p2a: Sinister Tea ;)|Strength Sap|p1a: Slowking
|-unboost|p1a: Slowking|atk|1
|-heal|p2a: Sinister Tea ;)|99/100
|
|upkeep
|turn|20
|
|t:|1758951930
|switch|p2a: Ting-Loui|Ting-Lu|6/100
|-damage|p2a: Ting-Loui|0 fnt|[from] Stealth Rock
|faint|p2a: Ting-Loui
|-prepare|p1a: Slowking|Chilly Reception|[premajor]
|move|p1a: Slowking|Chilly Reception|p1a: Slowking
|-weather|Snowscape
|
|t:|1758951942
|switch|p1a: Great Tusk|Great Tusk|100/100|[from] Chilly Reception
|-damage|p1a: Great Tusk|98/100|[from] Stealth Rock
|-damage|p1a: Great Tusk|85/100|[from] Spikes
|
|-weather|Snowscape|[upkeep]
|-heal|p1a: Great Tusk|91/100|[from] item: Leftovers
|upkeep
|
|t:|1758951954
|switch|p2a: Glue eater|Keldeo, shiny|100/100
|turn|21
|
|t:|1758951960
|-terastallize|p1a: Great Tusk|Poison
|move|p2a: Glue eater|Flip Turn|p1a: Great Tusk
|-damage|p1a: Great Tusk|84/100
|
|t:|1758951964
|switch|p2a: Sinister Tea ;)|Sinistcha|99/100|[from] Flip Turn
|-damage|p2a: Sinister Tea ;)|88/100|[from] Stealth Rock
|-damage|p2a: Sinister Tea ;)|75/100|[from] Spikes
|move|p1a: Great Tusk|Rapid Spin|p2a: Sinister Tea ;)
|-immune|p2a: Sinister Tea ;)
|
|-weather|Snowscape|[upkeep]
|-heal|p1a: Great Tusk|90/100|[from] item: Leftovers
|upkeep
|turn|22
|
|t:|1758951972
|-end|p1a: Great Tusk|Protosynthesis|[silent]
|switch|p1a: Slowking|Slowking-Galar, M|100/100
|-damage|p1a: Slowking|88/100|[from] Stealth Rock
|-damage|p1a: Slowking|76/100|[from] Spikes
|move|p2a: Sinister Tea ;)|Strength Sap|p1a: Slowking
|-unboost|p1a: Slowking|atk|1
|-heal|p2a: Sinister Tea ;)|100/100
|
|-weather|Snowscape|[upkeep]
|upkeep
|turn|23
|
|t:|1758951979
|move|p2a: Sinister Tea ;)|Shadow Ball|p1a: Slowking
|-supereffective|p1a: Slowking
|-damage|p1a: Slowking|21/100
|move|p1a: Slowking|Sludge Bomb|p2a: Sinister Tea ;)
|-damage|p2a: Sinister Tea ;)|61/100
|
|-weather|Snowscape|[upkeep]
|upkeep
|turn|24
|
|t:|1758951999
|switch|p1a: Alomomola|Alomomola, F|100/100 par
|-damage|p1a: Alomomola|88/100 par|[from] Stealth Rock
|-damage|p1a: Alomomola|76/100 par|[from] Spikes
|move|p2a: Sinister Tea ;)|Shadow Ball|p1a: Alomomola
|-damage|p1a: Alomomola|52/100 par
|
|-weather|none
|upkeep
|turn|25
|
|t:|1758952010
|move|p2a: Sinister Tea ;)|Strength Sap|p1a: Alomomola
|-unboost|p1a: Alomomola|atk|1
|-heal|p2a: Sinister Tea ;)|100/100
|cant|p1a: Alomomola|par
|
|upkeep
|turn|26
|
|t:|1758952014
|move|p2a: Sinister Tea ;)|Calm Mind|p2a: Sinister Tea ;)
|-boost|p2a: Sinister Tea ;)|spa|1
|-boost|p2a: Sinister Tea ;)|spd|1
|move|p1a: Alomomola|Flip Turn|p2a: Sinister Tea ;)
|-resisted|p2a: Sinister Tea ;)
|-damage|p2a: Sinister Tea ;)|96/100
|l| larp legion
|
|t:|1758952038
|switch|p1a: Lokix|Lokix, M|100/100|[from] Flip Turn
|-damage|p1a: Lokix|76/100|[from] Stealth Rock
|-damage|p1a: Lokix|63/100|[from] Spikes
|
|upkeep
|turn|27
|
|t:|1758952053
|switch|p2a: Lil emolga|Zapdos|86/100
|move|p1a: Lokix|Leech Life|p2a: Lil emolga
|-resisted|p2a: Lil emolga
|-damage|p2a: Lil emolga|38/100
|-heal|p1a: Lokix|95/100|[from] drain|[of] p2a: Lil emolga
|-status|p1a: Lokix|par|[from] ability: Static|[of] p2a: Lil emolga
|
|upkeep
|turn|28
|j| Ctannn
|
|t:|1758952071
|switch|p1a: Alomomola|Alomomola, F|85/100 par
|-damage|p1a: Alomomola|73/100 par|[from] Stealth Rock
|-damage|p1a: Alomomola|60/100 par|[from] Spikes
|move|p2a: Lil emolga|Roost|p2a: Lil emolga
|-heal|p2a: Lil emolga|88/100
|-singleturn|p2a: Lil emolga|move: Roost
|
|upkeep
|turn|29
|
|t:|1758952076
|move|p2a: Lil emolga|Hurricane|p1a: Alomomola
|-damage|p1a: Alomomola|25/100 par
|move|p1a: Alomomola|Flip Turn|p2a: Lil emolga
|-damage|p2a: Lil emolga|76/100
|j| Nene Daik0n
|
|t:|1758952087
|switch|p1a: Cinderace|Cinderace, F|89/100|[from] Flip Turn
|-damage|p1a: Cinderace|64/100|[from] Stealth Rock
|-damage|p1a: Cinderace|51/100|[from] Spikes
|
|upkeep
|turn|30
|
|t:|1758952090
|move|p1a: Cinderace|Pyro Ball|p2a: Lil emolga
|-damage|p2a: Lil emolga|41/100
|move|p2a: Lil emolga|Thunder Wave|p1a: Cinderace
|-status|p1a: Cinderace|par
|
|upkeep
|turn|31
|
|t:|1758952094
|move|p2a: Lil emolga|Roost|p2a: Lil emolga
|-heal|p2a: Lil emolga|91/100
|-singleturn|p2a: Lil emolga|move: Roost
|move|p1a: Cinderace|Pyro Ball|p2a: Lil emolga
|-damage|p2a: Lil emolga|56/100
|
|upkeep
|turn|32
|
|t:|1758952096
|move|p2a: Lil emolga|Hurricane|p1a: Cinderace|[miss]
|-miss|p2a: Lil emolga|p1a: Cinderace
|move|p1a: Cinderace|Pyro Ball|p2a: Lil emolga
|-damage|p2a: Lil emolga|16/100
|
|upkeep
|turn|33
|
|t:|1758952099
|move|p2a: Lil emolga|Roost|p2a: Lil emolga
|-heal|p2a: Lil emolga|67/100
|-singleturn|p2a: Lil emolga|move: Roost
|move|p1a: Cinderace|Pyro Ball|p2a: Lil emolga
|-damage|p2a: Lil emolga|26/100
|
|upkeep
|turn|34
|
|t:|1758952102
|move|p2a: Lil emolga|Roost|p2a: Lil emolga
|-heal|p2a: Lil emolga|76/100
|-singleturn|p2a: Lil emolga|move: Roost
|move|p1a: Cinderace|Pyro Ball|p2a: Lil emolga
|-damage|p2a: Lil emolga|35/100
|
|upkeep
|turn|35
|
|t:|1758952107
|move|p2a: Lil emolga|Roost|p2a: Lil emolga
|-heal|p2a: Lil emolga|86/100
|-singleturn|p2a: Lil emolga|move: Roost
|cant|p1a: Cinderace|par
|
|upkeep
|turn|36
|
|t:|1758952110
|move|p2a: Lil emolga|Hurricane|p1a: Cinderace
|-damage|p1a: Cinderace|0 fnt
|faint|p1a: Cinderace
|
|upkeep
|
|t:|1758952112
|switch|p1a: Enamorus|Enamorus, F|76/100
|-damage|p1a: Enamorus|51/100|[from] Stealth Rock
|turn|37
|
|t:|1758952115
|move|p1a: Enamorus|Moonblast|p2a: Lil emolga
|-damage|p2a: Lil emolga|40/100
|-unboost|p2a: Lil emolga|spa|1
|move|p2a: Lil emolga|Volt Switch|p1a: Enamorus
|-supereffective|p1a: Enamorus
|-damage|p1a: Enamorus|0 fnt
|faint|p1a: Enamorus
|-message|Eel56 forfeited.
|
|win|lvBreakfast
|raw|Eel56's rating: 1769 &rarr; <strong>1754</strong><br />(-15 for losing)
|raw|lvBreakfast's rating: 1860 &rarr; <strong>1875</strong><br />(+15 for winning)
|l|☆Eel56
|player|p1|
|l|☆lvBreakfast
|player|p2|
|l| amefurikoneko
|l| Nene Daik0n
|l| locked in bro
|l| Ctannn
