|j|☆hellstonegod
|j|☆PokePro551
|t:|1759008891
|gametype|singles
|player|p1|hellstonegod|marshal|1362
|player|p2|PokePro551|giovanni-gen1rb|1465
|gen|9
|tier|[Gen 9] OU
|rated|
|rule|HP Percentage Mod: HP is shown in percentages
|rule|Endless Battle Clause: Forcing endless battles is banned
|rule|Species Clause: Limit one of each Pokémon
|rule|OHKO Clause: OHKO moves are banned
|rule|Evasion Items Clause: Evasion items are banned
|rule|Evasion Moves Clause: Evasion moves are banned
|rule|Evasion Abilities Clause: Evasion abilities are banned
|rule|Sleep Moves Clause: Sleep-inducing moves are banned
|clearpoke
|poke|p1|Mabosstiff, M|
|poke|p1|Alomomola, M|
|poke|p1|Ribombee, M|
|poke|p1|Iron Treads|
|poke|p1|Iron Crown|
|poke|p1|Moltres|
|poke|p2|Dondozo, M|
|poke|p2|Blissey, F|
|poke|p2|Corviknight, F|
|poke|p2|Toxapex, F|
|poke|p2|Gliscor, M|
|poke|p2|Weezing-Galar, F|
|teampreview
|inactive|Battle timer is ON: inactive players will automatically lose when time's up. (requested by hellstonegod)
|inactive|hellstonegod has 120 seconds left.
|c|☆hellstonegod|Why do i alwaays see this stall team 🤦‍♂️
|
|t:|1759008933
|teamsize|p1|6
|teamsize|p2|6
|start
|switch|p1a: Mabosstiff|Mabosstiff, M|100/100
|switch|p2a: Toxapex|Toxapex, F, shiny|100/100
|turn|1
|c|☆PokePro551|awesome team
|
|t:|1759008942
|move|p1a: Mabosstiff|Psychic Fangs|p2a: Toxapex
|-supereffective|p2a: Toxapex
|-damage|p2a: Toxapex|37/100
|move|p2a: Toxapex|Toxic|p1a: Mabosstiff
|-status|p1a: Mabosstiff|tox
|
|-heal|p2a: Toxapex|44/100|[from] item: Leftovers
|-damage|p1a: Mabosstiff|95/100 tox|[from] psn
|upkeep
|turn|2
|
|t:|1759008949
|switch|p2a: Corviknight|Corviknight, F, shiny|100/100
|-ability|p2a: Corviknight|Pressure
|move|p1a: Mabosstiff|Psychic Fangs|p2a: Corviknight
|-resisted|p2a: Corviknight
|-damage|p2a: Corviknight|77/100
|
|-heal|p2a: Corviknight|84/100|[from] item: Leftovers
|-damage|p1a: Mabosstiff|83/100 tox|[from] psn
|upkeep
|turn|3
|
|t:|1759008957
|switch|p1a: Moltres|Moltres|100/100
|move|p2a: Corviknight|Body Press|p1a: Moltres
|-resisted|p1a: Moltres
|-damage|p1a: Moltres|90/100
|
|-heal|p1a: Moltres|96/100|[from] item: Leftovers
|-heal|p2a: Corviknight|90/100|[from] item: Leftovers
|upkeep
|turn|4
|
|t:|1759008964
|switch|p2a: Blissey|Blissey, F|100/100
|move|p1a: Moltres|U-turn|p2a: Blissey
|-damage|p2a: Blissey|85/100
|
|t:|1759008967
|switch|p1a: Iron Treads|Iron Treads|100/100|[from] U-turn
|
|-heal|p2a: Blissey|92/100|[from] item: Leftovers
|upkeep
|turn|5
|
|t:|1759008975
|switch|p2a: Corviknight|Corviknight, F, shiny|90/100
|-ability|p2a: Corviknight|Pressure
|move|p1a: Iron Treads|Iron Head|p2a: Corviknight
|-resisted|p2a: Corviknight
|-damage|p2a: Corviknight|79/100
|
|-heal|p2a: Corviknight|85/100|[from] item: Leftovers
|upkeep
|turn|6
|
|t:|1759008983
|switch|p2a: Blissey|Blissey, F|92/100
|move|p1a: Iron Treads|Supercell Slam|p2a: Blissey
|-damage|p2a: Blissey|58/100
|
|-heal|p2a: Blissey|64/100|[from] item: Leftovers
|upkeep
|turn|7
|
|t:|1759008996
|switch|p2a: Gliscor|Gliscor, M|100/100
|move|p1a: Iron Treads|Iron Head|p2a: Gliscor
|-damage|p2a: Gliscor|70/100
|
|-status|p2a: Gliscor|tox|[from] item: Toxic Orb
|upkeep
|turn|8
|
|t:|1759009003
|-end|p1a: Iron Treads|Quark Drive|[silent]
|switch|p1a: Alomomola|Alomomola, M|100/100
|move|p2a: Gliscor|Knock Off|p1a: Alomomola
|-damage|p1a: Alomomola|89/100
|-enditem|p1a: Alomomola|Leftovers|[from] move: Knock Off|[of] p2a: Gliscor
|
|-heal|p2a: Gliscor|82/100 tox|[from] ability: Poison Heal
|upkeep
|turn|9
|
|t:|1759009011
|move|p2a: Gliscor|Spikes|p1a: Alomomola
|-sidestart|p1: hellstonegod|Spikes
|move|p1a: Alomomola|Flip Turn|p2a: Gliscor
|-supereffective|p2a: Gliscor
|-damage|p2a: Gliscor|56/100 tox
|
|t:|1759009017
|switch|p1a: Mabosstiff|Mabosstiff, M|83/100 tox|[from] Flip Turn
|-damage|p1a: Mabosstiff|70/100 tox|[from] Spikes
|
|-damage|p1a: Mabosstiff|64/100 tox|[from] psn
|-heal|p2a: Gliscor|68/100 tox|[from] ability: Poison Heal
|upkeep
|turn|10
|
|t:|1759009021
|move|p2a: Gliscor|Protect|p2a: Gliscor
|-singleturn|p2a: Gliscor|Protect
|move|p1a: Mabosstiff|Crunch|p2a: Gliscor
|-activate|p2a: Gliscor|move: Protect
|
|-damage|p1a: Mabosstiff|52/100 tox|[from] psn
|-heal|p2a: Gliscor|81/100 tox|[from] ability: Poison Heal
|upkeep
|turn|11
|
|t:|1759009027
|switch|p1a: Ribombee|Ribombee, M|100/100
|-damage|p1a: Ribombee|88/100|[from] Spikes
|switch|p2a: Weezing|Weezing-Galar, F|100/100
|-ability|p2a: Weezing|Neutralizing Gas
|
|upkeep
|turn|12
|
|t:|1759009034
|-end|p2a: Weezing|ability: Neutralizing Gas
|switch|p2a: Blissey|Blissey, F|64/100
|move|p1a: Ribombee|Sticky Web|p2a: Blissey
|-sidestart|p2: PokePro551|move: Sticky Web
|
|-heal|p2a: Blissey|70/100|[from] item: Leftovers
|upkeep
|turn|13
|
|t:|1759009041
|switch|p1a: Mabosstiff|Mabosstiff, M|52/100 tox
|-damage|p1a: Mabosstiff|40/100 tox|[from] Spikes
|move|p2a: Blissey|Stealth Rock|p1a: Mabosstiff
|-sidestart|p1: hellstonegod|move: Stealth Rock
|
|-heal|p2a: Blissey|76/100|[from] item: Leftovers
|-damage|p1a: Mabosstiff|34/100 tox|[from] psn
|upkeep
|turn|14
|
|t:|1759009052
|switch|p2a: Corviknight|Corviknight, F, shiny|85/100
|-ability|p2a: Corviknight|Pressure
|move|p1a: Mabosstiff|Psychic Fangs|p2a: Corviknight
|-resisted|p2a: Corviknight
|-damage|p2a: Corviknight|60/100
|
|-heal|p2a: Corviknight|67/100|[from] item: Leftovers
|-damage|p1a: Mabosstiff|22/100 tox|[from] psn
|upkeep
|turn|15
|
|t:|1759009061
|switch|p1a: Iron Treads|Iron Treads|100/100
|-damage|p1a: Iron Treads|88/100|[from] Spikes
|-damage|p1a: Iron Treads|85/100|[from] Stealth Rock
|move|p2a: Corviknight|Roost|p2a: Corviknight
|-heal|p2a: Corviknight|100/100
|-singleturn|p2a: Corviknight|move: Roost
|
|upkeep
|turn|16
|
|t:|1759009066
|move|p1a: Iron Treads|Rapid Spin|p2a: Corviknight
|-resisted|p2a: Corviknight
|-damage|p2a: Corviknight|95/100
|-boost|p1a: Iron Treads|spe|1
|-sideend|p1: hellstonegod|Spikes|[from] move: Rapid Spin|[of] p1a: Iron Treads
|-sideend|p1: hellstonegod|Stealth Rock|[from] move: Rapid Spin|[of] p1a: Iron Treads
|move|p2a: Corviknight|Body Press|p1a: Iron Treads
|-supereffective|p1a: Iron Treads
|-damage|p1a: Iron Treads|39/100
|
|-heal|p2a: Corviknight|100/100|[from] item: Leftovers
|upkeep
|turn|17
|
|t:|1759009079
|move|p1a: Iron Treads|Supercell Slam|p2a: Corviknight
|-supereffective|p2a: Corviknight
|-damage|p2a: Corviknight|61/100
|move|p2a: Corviknight|Body Press|p1a: Iron Treads
|-supereffective|p1a: Iron Treads
|-damage|p1a: Iron Treads|0 fnt
|faint|p1a: Iron Treads
|-end|p1a: Iron Treads|Quark Drive|[silent]
|
|-heal|p2a: Corviknight|68/100|[from] item: Leftovers
|upkeep
|
|t:|1759009091
|switch|p1a: Moltres|Moltres|96/100
|turn|18
|
|t:|1759009098
|switch|p2a: Toxapex|Toxapex, F, shiny|77/100
|-activate|p2a: Toxapex|move: Sticky Web
|-unboost|p2a: Toxapex|spe|1
|move|p1a: Moltres|Flamethrower|p2a: Toxapex
|-resisted|p2a: Toxapex
|-damage|p2a: Toxapex|63/100
|-status|p2a: Toxapex|brn
|
|-heal|p1a: Moltres|100/100|[from] item: Leftovers
|-heal|p2a: Toxapex|69/100 brn|[from] item: Leftovers
|-damage|p2a: Toxapex|63/100 brn|[from] brn
|upkeep
|turn|19
|
|t:|1759009110
|move|p1a: Moltres|U-turn|p2a: Toxapex
|-resisted|p2a: Toxapex
|-damage|p2a: Toxapex|58/100 brn
|
|t:|1759009111
|switch|p1a: Iron Crown|Iron Crown|100/100|[from] U-turn
|-enditem|p1a: Iron Crown|Booster Energy
|-activate|p1a: Iron Crown|ability: Quark Drive|[fromitem]
|-start|p1a: Iron Crown|quarkdrivespa
|move|p2a: Toxapex|Toxic Spikes|p1a: Iron Crown
|-sidestart|p1: hellstonegod|move: Toxic Spikes
|
|-heal|p2a: Toxapex|64/100 brn|[from] item: Leftovers
|-damage|p2a: Toxapex|58/100 brn|[from] brn
|upkeep
|turn|20
|
|t:|1759009119
|switch|p2a: Blissey|Blissey, F|76/100
|-activate|p2a: Blissey|move: Sticky Web
|-unboost|p2a: Blissey|spe|1
|move|p1a: Iron Crown|Tachyon Cutter|p2a: Blissey
|-damage|p2a: Blissey|66/100
|-damage|p2a: Blissey|56/100
|-hitcount|p2a: Blissey|2
|
|-heal|p2a: Blissey|62/100|[from] item: Leftovers
|upkeep
|turn|21
|
|t:|1759009128
|move|p1a: Iron Crown|Focus Blast|p2a: Blissey
|-supereffective|p2a: Blissey
|-damage|p2a: Blissey|30/100
|move|p2a: Blissey|Stealth Rock|p1a: Iron Crown
|-sidestart|p1: hellstonegod|move: Stealth Rock
|
|-heal|p2a: Blissey|36/100|[from] item: Leftovers
|upkeep
|turn|22
|
|t:|1759009136
|move|p1a: Iron Crown|Focus Blast|p2a: Blissey
|-supereffective|p2a: Blissey
|-damage|p2a: Blissey|6/100
|move|p2a: Blissey|Soft-Boiled|p2a: Blissey
|-heal|p2a: Blissey|56/100
|
|-heal|p2a: Blissey|63/100|[from] item: Leftovers
|upkeep
|turn|23
|
|t:|1759009140
|-end|p1a: Iron Crown|Quark Drive|[silent]
|switch|p1a: Mabosstiff|Mabosstiff, M|22/100 tox
|-damage|p1a: Mabosstiff|10/100 tox|[from] Stealth Rock
|move|p2a: Blissey|Calm Mind|p2a: Blissey
|-boost|p2a: Blissey|spa|1
|-boost|p2a: Blissey|spd|1
|
|-heal|p2a: Blissey|69/100|[from] item: Leftovers
|-damage|p1a: Mabosstiff|4/100 tox|[from] psn
|upkeep
|turn|24
|
|t:|1759009152
|switch|p2a: Corviknight|Corviknight, F, shiny|68/100
|-ability|p2a: Corviknight|Pressure
|move|p1a: Mabosstiff|Crunch|p2a: Corviknight
|-damage|p2a: Corviknight|0 fnt
|faint|p2a: Corviknight
|
|-damage|p1a: Mabosstiff|0 fnt|[from] psn
|faint|p1a: Mabosstiff
|upkeep
|
|t:|1759009170
|switch|p1a: Alomomola|Alomomola, M|100/100
|switch|p2a: Toxapex|Toxapex, F, shiny|91/100 brn
|-status|p1a: Alomomola|psn
|-damage|p1a: Alomomola|88/100 psn|[from] Stealth Rock
|-activate|p2a: Toxapex|move: Sticky Web
|-unboost|p2a: Toxapex|spe|1
|turn|25
|
|t:|1759009179
|move|p1a: Alomomola|Flip Turn|p2a: Toxapex
|-resisted|p2a: Toxapex
|-damage|p2a: Toxapex|86/100 brn
|
|t:|1759009180
|switch|p1a: Iron Crown|Iron Crown|100/100|[from] Flip Turn
|-damage|p1a: Iron Crown|94/100|[from] Stealth Rock
|move|p2a: Toxapex|Toxic Spikes|p1a: Iron Crown
|-sidestart|p1: hellstonegod|move: Toxic Spikes
|
|-heal|p2a: Toxapex|92/100 brn|[from] item: Leftovers
|-damage|p2a: Toxapex|86/100 brn|[from] brn
|upkeep
|turn|26
|
|t:|1759009192
|switch|p2a: Blissey|Blissey, F|69/100
|-activate|p2a: Blissey|move: Sticky Web
|-unboost|p2a: Blissey|spe|1
|move|p1a: Iron Crown|Focus Blast|p2a: Blissey
|-supereffective|p2a: Blissey
|-damage|p2a: Blissey|43/100
|
|-heal|p2a: Blissey|50/100|[from] item: Leftovers
|upkeep
|turn|27
|
|t:|1759009206
|-end|p1a: Iron Crown|Quark Drive|[silent]
|switch|p1a: Alomomola|Alomomola, M|100/100 psn
|-damage|p1a: Alomomola|88/100 psn|[from] Stealth Rock
|move|p2a: Blissey|Soft-Boiled|p2a: Blissey
|-heal|p2a: Blissey|99/100
|
|-heal|p2a: Blissey|100/100|[from] item: Leftovers
|-damage|p1a: Alomomola|76/100 psn|[from] psn
|upkeep
|turn|28
|c|☆hellstonegod|Yeah thats gg
|
|t:|1759009217
|switch|p2a: Gliscor|Gliscor, M|81/100 tox
|move|p1a: Alomomola|Flip Turn|p2a: Gliscor
|-supereffective|p2a: Gliscor
|-damage|p2a: Gliscor|58/100 tox
|-message|hellstonegod forfeited.
|
|win|PokePro551
|raw|hellstonegod's rating: 1362 &rarr; <strong>1348</strong><br />(-14 for losing)
|raw|PokePro551's rating: 1465 &rarr; <strong>1479</strong><br />(+14 for winning)
|c|☆PokePro551|GG!
|l|☆hellstonegod
|player|p1|
|l|☆PokePro551
|player|p2|
