|j|☆capitolg
|j|☆dinsil
|t:|1758969355
|gametype|singles
|player|p1|capitolg|bellelba|1153
|player|p2|dinsil|266|1119
|gen|9
|tier|[Gen 9] OU
|rated|
|rule|HP Percentage Mod: HP is shown in percentages
|rule|Endless Battle Clause: Forcing endless battles is banned
|rule|Species Clause: Limit one of each Pokémon
|rule|OHKO Clause: OHKO moves are banned
|rule|Evasion Items Clause: Evasion items are banned
|rule|Evasion Moves Clause: Evasion moves are banned
|rule|Evasion Abilities Clause: Evasion abilities are banned
|rule|Sleep Moves Clause: Sleep-inducing moves are banned
|clearpoke
|poke|p1|Masquerain, M|
|poke|p1|Articuno-Galar|
|poke|p1|Smeargle, M|
|poke|p1|Empoleon, M|
|poke|p1|Passimian, F|
|poke|p1|Chandelure, F|
|poke|p2|Blastoise, M|
|poke|p2|Arbok, F|
|poke|p2|Tsareena, F|
|poke|p2|Skarmory, M|
|poke|p2|Quagsire, M|
|poke|p2|Hydreigon, M|
|teampreview
|inactive|Battle timer is ON: inactive players will automatically lose when time's up. (requested by dinsil)
|inactive|dinsil has 120 seconds left.
|
|t:|1758969398
|teamsize|p1|6
|teamsize|p2|6
|start
|switch|p1a: Masquerain|Masquerain, M|100/100
|switch|p2a: Skarmory|Skarmory, M|100/100
|-ability|p1a: Masquerain|Intimidate|boost
|-unboost|p2a: Skarmory|atk|1
|turn|1
|
|t:|1758969404
|move|p1a: Masquerain|Sticky Web|p2a: Skarmory
|-sidestart|p2: dinsil|move: Sticky Web
|move|p2a: Skarmory|Stealth Rock|p1a: Masquerain
|-sidestart|p1: capitolg|move: Stealth Rock
|
|upkeep
|turn|2
|
|t:|1758969411
|switch|p1a: Smeargle|Smeargle, M|100/100
|-damage|p1a: Smeargle|88/100|[from] Stealth Rock
|move|p2a: Skarmory|Drill Peck|p1a: Smeargle
|-damage|p1a: Smeargle|49/100
|
|upkeep
|turn|3
|
|t:|1758969419
|move|p1a: Smeargle|Burning Bulwark|p1a: Smeargle
|-singleturn|p1a: Smeargle|move: Protect
|move|p2a: Skarmory|Drill Peck|p1a: Smeargle
|-activate|p1a: Smeargle|move: Protect
|-status|p2a: Skarmory|brn
|
|-damage|p2a: Skarmory|95/100 brn|[from] brn
|upkeep
|turn|4
|
|t:|1758969435
|move|p2a: Skarmory|Drill Peck|p1a: Smeargle
|-damage|p1a: Smeargle|30/100
|move|p1a: Smeargle|Court Change|p1a: Smeargle
|-swapsideconditions
|-activate|p1a: Smeargle|move: Court Change
|
|-damage|p2a: Skarmory|89/100 brn|[from] brn
|upkeep
|turn|5
|
|t:|1758969443
|move|p2a: Skarmory|Stealth Rock|p1a: Smeargle
|-sidestart|p1: capitolg|move: Stealth Rock
|move|p1a: Smeargle|Taunt|p2a: Skarmory
|-start|p2a: Skarmory|move: Taunt
|
|-damage|p2a: Skarmory|83/100 brn|[from] brn
|upkeep
|turn|6
|inactive|capitolg has 120 seconds left.
|
|t:|1758969487
|move|p2a: Skarmory|Drill Peck|p1a: Smeargle
|-damage|p1a: Smeargle|12/100
|move|p1a: Smeargle|Trick Room|p1a: Smeargle
|-fieldstart|move: Trick Room|[of] p1a: Smeargle
|
|-damage|p2a: Skarmory|77/100 brn|[from] brn
|upkeep
|turn|7
|
|t:|1758969497
|move|p1a: Smeargle|Taunt||[still]
|-fail|p1a: Smeargle
|move|p2a: Skarmory|Drill Peck|p1a: Smeargle
|-damage|p1a: Smeargle|0 fnt
|faint|p1a: Smeargle
|
|-damage|p2a: Skarmory|71/100 brn|[from] brn
|upkeep
|inactive|capitolg has 120 seconds left.
|
|t:|1758969528
|switch|p1a: Empoleon|Empoleon, M|100/100
|-activate|p1a: Empoleon|move: Sticky Web
|-unboost|p1a: Empoleon|spe|1
|-ability|p1a: Empoleon|Competitive|boost
|-boost|p1a: Empoleon|spa|2
|-damage|p1a: Empoleon|94/100|[from] Stealth Rock
|turn|8
|
|t:|1758969557
|switch|p2a: Quagsire|Quagsire, M|100/100
|-damage|p2a: Quagsire|94/100|[from] Stealth Rock
|move|p1a: Empoleon|Surf|p2a: Quagsire
|-damage|p2a: Quagsire|49/100
|
|-heal|p2a: Quagsire|55/100|[from] item: Leftovers
|upkeep
|turn|9
|
|t:|1758969568
|move|p2a: Quagsire|Recover|p2a: Quagsire
|-heal|p2a: Quagsire|100/100
|move|p1a: Empoleon|Grass Knot|p2a: Quagsire
|-supereffective|p2a: Quagsire
|-damage|p2a: Quagsire|0 fnt
|faint|p2a: Quagsire
|
|upkeep
|
|t:|1758969582
|switch|p2a: Arbok|Arbok, F|100/100
|-damage|p2a: Arbok|88/100|[from] Stealth Rock
|-ability|p2a: Arbok|Intimidate|boost
|-unboost|p1a: Empoleon|atk|1
|-ability|p1a: Empoleon|Competitive|boost
|-boost|p1a: Empoleon|spa|2
|turn|10
|
|t:|1758969592
|move|p1a: Empoleon|Surf|p2a: Arbok
|-damage|p2a: Arbok|0 fnt
|faint|p2a: Arbok
|
|-fieldend|move: Trick Room
|upkeep
|
|t:|1758969606
|switch|p2a: Skarmory|Skarmory, M|71/100 brn
|turn|11
|
|t:|1758969612
|move|p1a: Empoleon|Surf|p2a: Skarmory
|-damage|p2a: Skarmory|0 fnt
|faint|p2a: Skarmory
|
|upkeep
|
|t:|1758969617
|switch|p2a: Tsareena|Tsareena, F|100/100
|-damage|p2a: Tsareena|88/100|[from] Stealth Rock
|turn|12
|
|t:|1758969623
|move|p2a: Tsareena|Endure|p2a: Tsareena
|-singleturn|p2a: Tsareena|move: Endure
|move|p1a: Empoleon|Ice Beam|p2a: Tsareena
|-supereffective|p2a: Tsareena
|-activate|p2a: Tsareena|move: Endure
|-damage|p2a: Tsareena|1/100
|-enditem|p2a: Tsareena|Liechi Berry|[eat]
|-boost|p2a: Tsareena|atk|1|[from] item: Liechi Berry
|
|upkeep
|turn|13
|inactive|capitolg has 120 seconds left.
|
|t:|1758969656
|move|p1a: Empoleon|Vacuum Wave||[still]
|cant|p2a: Tsareena|ability: Queenly Majesty|Vacuum Wave|[of] p1a: Empoleon
|move|p2a: Tsareena|Acrobatics|p1a: Empoleon
|-resisted|p1a: Empoleon
|-damage|p1a: Empoleon|63/100
|
|upkeep
|turn|14
|
|t:|1758969666
|move|p1a: Empoleon|Vacuum Wave||[still]
|cant|p2a: Tsareena|ability: Queenly Majesty|Vacuum Wave|[of] p1a: Empoleon
|move|p2a: Tsareena|Acrobatics|p1a: Empoleon
|-resisted|p1a: Empoleon
|-damage|p1a: Empoleon|31/100
|
|upkeep
|turn|15
|
|t:|1758969671
|move|p2a: Tsareena|Acrobatics|p1a: Empoleon
|-resisted|p1a: Empoleon
|-damage|p1a: Empoleon|2/100
|move|p1a: Empoleon|Ice Beam|p2a: Tsareena
|-supereffective|p2a: Tsareena
|-crit|p2a: Tsareena
|-damage|p2a: Tsareena|0 fnt
|faint|p2a: Tsareena
|
|upkeep
|
|t:|1758969694
|switch|p2a: Blastoise|Blastoise, M|100/100
|-damage|p2a: Blastoise|88/100|[from] Stealth Rock
|turn|16
|
|t:|1758969703
|move|p2a: Blastoise|Surf|p1a: Empoleon
|-resisted|p1a: Empoleon
|-damage|p1a: Empoleon|0 fnt
|faint|p1a: Empoleon
|
|upkeep
|
|t:|1758969708
|switch|p1a: Masquerain|Masquerain, M|100/100
|-damage|p1a: Masquerain|50/100|[from] Stealth Rock
|-ability|p1a: Masquerain|Intimidate|boost
|-unboost|p2a: Blastoise|atk|1
|turn|17
|
|t:|1758969714
|move|p2a: Blastoise|Shell Smash|p2a: Blastoise
|-unboost|p2a: Blastoise|def|1
|-unboost|p2a: Blastoise|spd|1
|-boost|p2a: Blastoise|atk|2
|-boost|p2a: Blastoise|spa|2
|-boost|p2a: Blastoise|spe|2
|move|p1a: Masquerain|Bug Buzz|p2a: Blastoise
|-damage|p2a: Blastoise|20/100
|
|upkeep
|turn|18
|
|t:|1758969722
|move|p2a: Blastoise|Surf|p1a: Masquerain
|-damage|p1a: Masquerain|0 fnt
|faint|p1a: Masquerain
|
|upkeep
|
|t:|1758969725
|switch|p1a: Passimian|Passimian, F|100/100
|-activate|p1a: Passimian|move: Sticky Web
|-unboost|p1a: Passimian|spe|1
|-ability|p1a: Passimian|Defiant|boost
|-boost|p1a: Passimian|atk|2
|-damage|p1a: Passimian|94/100|[from] Stealth Rock
|turn|19
|
|t:|1758969733
|move|p2a: Blastoise|Surf|p1a: Passimian
|-damage|p1a: Passimian|0 fnt
|faint|p1a: Passimian
|
|upkeep
|
|t:|1758969736
|switch|p1a: Articuno|Articuno-Galar|100/100
|-activate|p1a: Articuno|move: Sticky Web
|-unboost|p1a: Articuno|spe|1
|-ability|p1a: Articuno|Competitive|boost
|-boost|p1a: Articuno|spa|2
|-damage|p1a: Articuno|76/100|[from] Stealth Rock
|turn|20
|
|t:|1758969748
|move|p2a: Blastoise|Ice Beam|p1a: Articuno
|-supereffective|p1a: Articuno
|-damage|p1a: Articuno|0 fnt
|faint|p1a: Articuno
|
|upkeep
|
|t:|1758969752
|switch|p1a: Chandelure|Chandelure, F|100/100
|-activate|p1a: Chandelure|move: Sticky Web
|-unboost|p1a: Chandelure|spe|1
|-damage|p1a: Chandelure|76/100|[from] Stealth Rock
|turn|21
|
|t:|1758969758
|-terastallize|p1a: Chandelure|Flying
|move|p2a: Blastoise|Surf|p1a: Chandelure
|-damage|p1a: Chandelure|0 fnt
|faint|p1a: Chandelure
|
|win|dinsil
|raw|capitolg's rating: 1175 &rarr; <strong>1146</strong><br />(-29 for losing)
|raw|dinsil's rating: 1119 &rarr; <strong>1148</strong><br />(+29 for winning)
|c|☆dinsil|ggs
|l|☆dinsil
|player|p2|
|l|☆capitolg
|player|p1|
