|j|☆The lamel
|j|☆Cbas
|t:|1759010210
|gametype|singles
|player|p1|The lamel|blue|1131
|player|p2|Cbas|1|1115
|gen|9
|tier|[Gen 9] OU
|rated|
|rule|HP Percentage Mod: HP is shown in percentages
|rule|Endless Battle Clause: Forcing endless battles is banned
|rule|Species Clause: Limit one of each Pokémon
|rule|OHKO Clause: OHKO moves are banned
|rule|Evasion Items Clause: Evasion items are banned
|rule|Evasion Moves Clause: Evasion moves are banned
|rule|Evasion Abilities Clause: Evasion abilities are banned
|rule|Sleep Moves Clause: Sleep-inducing moves are banned
|clearpoke
|poke|p1|Mimikyu, M|
|poke|p1|Garchomp, M|
|poke|p1|Venusaur, M|
|poke|p1|Raging Bolt|
|poke|p1|Gholdengo|
|poke|p1|Incineroar, M|
|poke|p2|Ampharos, F|
|poke|p2|Araquanid, M|
|poke|p2|Darkrai|
|poke|p2|Serperior, M|
|poke|p2|Kingambit, F|
|poke|p2|Blaziken, M|
|teampreview
|
|t:|1759010239
|teamsize|p1|6
|teamsize|p2|6
|start
|switch|p1a: Fire cat|Incineroar, M, shiny|100/100
|switch|p2a: Ampharos|Ampharos, F|100/100
|-item|p2a: Ampharos|Air Balloon
|-ability|p1a: Fire cat|Intimidate|boost
|-unboost|p2a: Ampharos|atk|1
|turn|1
|
|t:|1759010253
|move|p2a: Ampharos|Cotton Guard|p2a: Ampharos
|-boost|p2a: Ampharos|def|3
|move|p1a: Fire cat|Knock Off|p2a: Ampharos
|-damage|p2a: Ampharos|76/100
|-status|p1a: Fire cat|par|[from] ability: Static|[of] p2a: Ampharos
|-enditem|p2a: Ampharos|Air Balloon
|
|upkeep
|turn|2
|
|t:|1759010261
|move|p2a: Ampharos|Agility|p2a: Ampharos
|-boost|p2a: Ampharos|spe|2
|move|p1a: Fire cat|U-turn|p2a: Ampharos
|-damage|p2a: Ampharos|63/100
|
|t:|1759010268
|switch|p1a: Flower frog|Venusaur, M, shiny|100/100|[from] U-turn
|
|upkeep
|turn|3
|
|t:|1759010274
|move|p2a: Ampharos|Thunderbolt|p1a: Flower frog
|-resisted|p1a: Flower frog
|-damage|p1a: Flower frog|82/100
|move|p1a: Flower frog|Toxic|p2a: Ampharos
|-status|p2a: Ampharos|tox
|
|-heal|p1a: Flower frog|88/100|[from] item: Leftovers
|-damage|p2a: Ampharos|57/100 tox|[from] psn
|upkeep
|turn|4
|
|t:|1759010285
|move|p2a: Ampharos|Thunderbolt|p1a: Flower frog
|-resisted|p1a: Flower frog
|-damage|p1a: Flower frog|71/100
|move|p1a: Flower frog|Sludge Bomb|p2a: Ampharos
|-damage|p2a: Ampharos|21/100 tox
|
|-heal|p1a: Flower frog|77/100|[from] item: Leftovers
|-damage|p2a: Ampharos|9/100 tox|[from] psn
|upkeep
|turn|5
|
|t:|1759010291
|move|p1a: Flower frog|Protect|p1a: Flower frog
|-singleturn|p1a: Flower frog|Protect
|move|p2a: Ampharos|Thunderbolt|p1a: Flower frog
|-activate|p1a: Flower frog|move: Protect
|
|-heal|p1a: Flower frog|83/100|[from] item: Leftovers
|-damage|p2a: Ampharos|0 fnt|[from] psn
|faint|p2a: Ampharos
|upkeep
|
|t:|1759010296
|switch|p2a: Blaziken|Blaziken, M|100/100
|turn|6
|
|t:|1759010299
|move|p2a: Blaziken|Swords Dance|p2a: Blaziken
|-boost|p2a: Blaziken|atk|2
|move|p1a: Flower frog|Toxic|p2a: Blaziken
|-status|p2a: Blaziken|tox
|
|-heal|p1a: Flower frog|89/100|[from] item: Leftovers
|-damage|p2a: Blaziken|95/100 tox|[from] psn
|-ability|p2a: Blaziken|Speed Boost|boost
|-boost|p2a: Blaziken|spe|1
|upkeep
|turn|7
|
|t:|1759010305
|move|p1a: Flower frog|Protect|p1a: Flower frog
|-singleturn|p1a: Flower frog|Protect
|move|p2a: Blaziken|Blaze Kick|p1a: Flower frog
|-activate|p1a: Flower frog|move: Protect
|
|-heal|p1a: Flower frog|95/100|[from] item: Leftovers
|-damage|p2a: Blaziken|83/100 tox|[from] psn
|-ability|p2a: Blaziken|Speed Boost|boost
|-boost|p2a: Blaziken|spe|1
|upkeep
|turn|8
|
|t:|1759010314
|switch|p1a: Landshark|Garchomp, M, shiny|100/100
|move|p2a: Blaziken|Blaze Kick|p1a: Landshark
|-resisted|p1a: Landshark
|-damage|p1a: Landshark|55/100
|-status|p1a: Landshark|brn
|-damage|p2a: Blaziken|70/100 tox|[from] ability: Rough Skin|[of] p1a: Landshark
|
|-damage|p2a: Blaziken|52/100 tox|[from] psn
|-damage|p1a: Landshark|49/100 brn|[from] brn
|-ability|p2a: Blaziken|Speed Boost|boost
|-boost|p2a: Blaziken|spe|1
|upkeep
|turn|9
|
|t:|1759010321
|move|p2a: Blaziken|Close Combat|p1a: Landshark
|-crit|p1a: Landshark
|-damage|p1a: Landshark|0 fnt
|-unboost|p2a: Blaziken|def|1
|-unboost|p2a: Blaziken|spd|1
|-damage|p2a: Blaziken|40/100 tox|[from] ability: Rough Skin|[of] p1a: Landshark
|faint|p1a: Landshark
|-enditem|p2a: Blaziken|White Herb
|-clearnegativeboost|p2a: Blaziken|[silent]
|
|-damage|p2a: Blaziken|16/100 tox|[from] psn
|-ability|p2a: Blaziken|Speed Boost|boost
|-boost|p2a: Blaziken|spe|1
|upkeep
|
|t:|1759010331
|switch|p1a: Fake pikachu|Mimikyu, M, shiny|100/100
|turn|10
|
|t:|1759010337
|move|p1a: Fake pikachu|Protect|p1a: Fake pikachu
|-singleturn|p1a: Fake pikachu|Protect
|move|p2a: Blaziken|Acrobatics|p1a: Fake pikachu
|-activate|p1a: Fake pikachu|move: Protect
|
|-damage|p2a: Blaziken|0 fnt|[from] psn
|faint|p2a: Blaziken
|upkeep
|
|t:|1759010339
|switch|p2a: Araquanid|Araquanid, M, shiny|100/100
|turn|11
|
|t:|1759010349
|move|p1a: Fake pikachu|Swords Dance|p1a: Fake pikachu
|-boost|p1a: Fake pikachu|atk|2
|move|p2a: Araquanid|Sticky Web|p1a: Fake pikachu
|-sidestart|p1: The lamel|move: Sticky Web
|
|upkeep
|turn|12
|
|t:|1759010372
|move|p1a: Fake pikachu|Swords Dance|p1a: Fake pikachu
|-boost|p1a: Fake pikachu|atk|2
|move|p2a: Araquanid|Liquidation|p1a: Fake pikachu
|-activate|p1a: Fake pikachu|ability: Disguise
|-damage|p1a: Fake pikachu|100/100
|detailschange|p1a: Fake pikachu|Mimikyu-Busted, M, shiny
|-damage|p1a: Fake pikachu|88/100|[from] pokemon: Mimikyu-Busted
|
|-heal|p1a: Fake pikachu|94/100|[from] item: Leftovers
|upkeep
|turn|13
|
|t:|1759010378
|move|p1a: Fake pikachu|Play Rough|p2a: Araquanid
|-damage|p2a: Araquanid|0 fnt
|faint|p2a: Araquanid
|
|-heal|p1a: Fake pikachu|100/100|[from] item: Leftovers
|upkeep
|
|t:|1759010382
|switch|p2a: Kingambit|Kingambit, F|100/100
|-activate|p2a: Kingambit|ability: Supreme Overlord
|-start|p2a: Kingambit|fallen3|[silent]
|turn|14
|
|t:|1759010398
|move|p1a: Fake pikachu|Drain Punch|p2a: Kingambit
|-supereffective|p2a: Kingambit
|-enditem|p2a: Kingambit|Focus Sash
|-damage|p2a: Kingambit|1/100
|move|p2a: Kingambit|Iron Head|p1a: Fake pikachu
|-supereffective|p1a: Fake pikachu
|-damage|p1a: Fake pikachu|0 fnt
|faint|p1a: Fake pikachu
|
|upkeep
|
|t:|1759010409
|switch|p1a: Lightning dinosaur|Raging Bolt|100/100
|-activate|p1a: Lightning dinosaur|move: Sticky Web
|-unboost|p1a: Lightning dinosaur|spe|1
|-enditem|p1a: Lightning dinosaur|Booster Energy
|-activate|p1a: Lightning dinosaur|ability: Protosynthesis|[fromitem]
|-start|p1a: Lightning dinosaur|protosynthesisspa
|turn|15
|
|t:|1759010416
|move|p2a: Kingambit|Sucker Punch|p1a: Lightning dinosaur
|-damage|p1a: Lightning dinosaur|57/100
|move|p1a: Lightning dinosaur|Thunderclap||[still]
|-fail|p1a: Lightning dinosaur
|
|upkeep
|turn|16
|
|t:|1759010424
|move|p2a: Kingambit|Sucker Punch||[still]
|-fail|p2a: Kingambit
|move|p1a: Lightning dinosaur|Calm Mind|p1a: Lightning dinosaur
|-boost|p1a: Lightning dinosaur|spa|1
|-boost|p1a: Lightning dinosaur|spd|1
|
|upkeep
|turn|17
|
|t:|1759010430
|move|p2a: Kingambit|Kowtow Cleave|p1a: Lightning dinosaur
|-damage|p1a: Lightning dinosaur|0 fnt
|faint|p1a: Lightning dinosaur
|-end|p1a: Lightning dinosaur|Protosynthesis|[silent]
|
|upkeep
|
|t:|1759010434
|switch|p1a: Fire cat|Incineroar, M, shiny|100/100 par
|-activate|p1a: Fire cat|move: Sticky Web
|-unboost|p1a: Fire cat|spe|1
|-ability|p1a: Fire cat|Intimidate|boost
|-unboost|p2a: Kingambit|atk|1
|turn|18
|
|t:|1759010441
|move|p2a: Kingambit|Sucker Punch|p1a: Fire cat
|-resisted|p1a: Fire cat
|-damage|p1a: Fire cat|85/100 par
|move|p1a: Fire cat|Fire Punch|p2a: Kingambit
|-supereffective|p2a: Kingambit
|-damage|p2a: Kingambit|0 fnt
|faint|p2a: Kingambit
|-end|p2a: Kingambit|fallen3|[silent]
|
|upkeep
|
|t:|1759010450
|switch|p2a: Darkrai|Darkrai|100/100
|turn|19
|
|t:|1759010455
|move|p2a: Darkrai|Nasty Plot|p2a: Darkrai
|-boost|p2a: Darkrai|spa|2
|move|p1a: Fire cat|U-turn|p2a: Darkrai
|-supereffective|p2a: Darkrai
|-damage|p2a: Darkrai|39/100
|
|t:|1759010462
|switch|p1a: Flower frog|Venusaur, M, shiny|95/100|[from] U-turn
|-activate|p1a: Flower frog|move: Sticky Web
|-unboost|p1a: Flower frog|spe|1
|
|-heal|p1a: Flower frog|100/100|[from] item: Leftovers
|upkeep
|turn|20
|
|t:|1759010472
|move|p2a: Darkrai|Psychic|p1a: Flower frog
|-supereffective|p1a: Flower frog
|-damage|p1a: Flower frog|0 fnt
|faint|p1a: Flower frog
|-damage|p2a: Darkrai|29/100|[from] item: Life Orb
|
|upkeep
|l|☆The lamel
|player|p1|
|j|☆The lamel
|player|p1|The lamel|blue|
|
|t:|1759010490
|switch|p1a: Fire cat|Incineroar, M, shiny|85/100 par
|-activate|p1a: Fire cat|move: Sticky Web
|-unboost|p1a: Fire cat|spe|1
|-ability|p1a: Fire cat|Intimidate|boost
|-unboost|p2a: Darkrai|atk|1
|turn|21
|
|t:|1759010505
|move|p2a: Darkrai|Sludge Bomb|p1a: Fire cat
|-damage|p1a: Fire cat|34/100 par
|-damage|p2a: Darkrai|19/100|[from] item: Life Orb
|move|p1a: Fire cat|U-turn|p2a: Darkrai
|-supereffective|p2a: Darkrai
|-damage|p2a: Darkrai|0 fnt
|faint|p2a: Darkrai
|
|t:|1759010513
|switch|p1a: Gold surfer|Gholdengo, shiny|100/100|[from] U-turn
|-activate|p1a: Gold surfer|move: Sticky Web
|-unboost|p1a: Gold surfer|spe|1
|
|upkeep
|
|t:|1759010526
|switch|p2a: Serperior|Serperior, M|100/100
|turn|22
|
|t:|1759010534
|move|p2a: Serperior|Leaf Storm|p1a: Gold surfer
|-resisted|p1a: Gold surfer
|-damage|p1a: Gold surfer|80/100
|-boost|p2a: Serperior|spa|2
|move|p1a: Gold surfer|Shadow Ball|p2a: Serperior
|-damage|p2a: Serperior|53/100
|-boost|p2a: Serperior|spd|1
|
|upkeep
|turn|23
|
|t:|1759010547
|move|p2a: Serperior|Synthesis|p2a: Serperior
|-heal|p2a: Serperior|100/100
|move|p1a: Gold surfer|Psychic|p2a: Serperior
|-damage|p2a: Serperior|75/100
|
|upkeep
|turn|24
|
|t:|1759010552
|move|p1a: Gold surfer|Shadow Ball|p2a: Serperior
|-crit|p2a: Serperior
|-damage|p2a: Serperior|0 fnt
|faint|p2a: Serperior
|
|win|The lamel
|raw|The lamel's rating: 1131 &rarr; <strong>1155</strong><br />(+24 for winning)
|raw|Cbas's rating: 1115 &rarr; <strong>1091</strong><br />(-24 for losing)
|l|☆Cbas
|player|p2|
|l|☆The lamel
|player|p1|
