|j|☆maziati
|j|☆wotan888
|t:|1758942326
|gametype|singles
|player|p1|maziati|leaf-gen3|1095
|player|p2|wotan888|266|1074
|gen|9
|tier|[Gen 9] OU
|rated|
|rule|HP Percentage Mod: HP is shown in percentages
|rule|Endless Battle Clause: Forcing endless battles is banned
|rule|Species Clause: Limit one of each Pokémon
|rule|OHKO Clause: OHKO moves are banned
|rule|Evasion Items Clause: Evasion items are banned
|rule|Evasion Moves Clause: Evasion moves are banned
|rule|Evasion Abilities Clause: Evasion abilities are banned
|rule|Sleep Moves Clause: Sleep-inducing moves are banned
|clearpoke
|poke|p1|Arcanine-Hisui, M|
|poke|p1|Flareon, F|
|poke|p1|Weavile, F|
|poke|p1|Espeon, F|
|poke|p1|Torkoal, F|
|poke|p1|Lilligant-Hisui, F|
|poke|p2|Rotom-Mow|
|poke|p2|Tornadus-Therian, M|
|poke|p2|Krookodile, M|
|poke|p2|Pecharunt|
|poke|p2|Noivern, M|
|poke|p2|Entei|
|teampreview
|
|t:|1758942343
|teamsize|p1|6
|teamsize|p2|6
|start
|switch|p1a: Torkoal|Torkoal, F|100/100
|switch|p2a: Tornadus|Tornadus-Therian, M|100/100
|-weather|SunnyDay|[from] ability: Drought|[of] p1a: Torkoal
|turn|1
|
|t:|1758942358
|move|p2a: Tornadus|Air Slash|p1a: Torkoal
|-damage|p1a: Torkoal|59/100
|move|p1a: Torkoal|Stealth Rock|p2a: Tornadus
|-sidestart|p2: wotan888|move: Stealth Rock
|
|-weather|SunnyDay|[upkeep]
|upkeep
|turn|2
|
|t:|1758942383
|switch|p1a: Weavile|Weavile, F|100/100
|-ability|p1a: Weavile|Pressure
|move|p2a: Tornadus|Air Slash|p1a: Weavile
|-damage|p1a: Weavile|54/100
|
|-weather|SunnyDay|[upkeep]
|upkeep
|turn|3
|
|t:|1758942399
|switch|p2a: Pecharunt|Pecharunt|100/100
|-damage|p2a: Pecharunt|88/100|[from] Stealth Rock
|move|p1a: Weavile|Triple Axel|p2a: Pecharunt
|-damage|p2a: Pecharunt|83/100
|-damage|p1a: Weavile|38/100|[from] item: Rocky Helmet|[of] p2a: Pecharunt
|-damage|p2a: Pecharunt|73/100
|-damage|p1a: Weavile|21/100|[from] item: Rocky Helmet|[of] p2a: Pecharunt
|-damage|p2a: Pecharunt|59/100
|-damage|p1a: Weavile|5/100|[from] item: Rocky Helmet|[of] p2a: Pecharunt
|-hitcount|p2a: Pecharunt|3
|
|-weather|SunnyDay|[upkeep]
|upkeep
|turn|4
|
|t:|1758942421
|move|p1a: Weavile|Knock Off|p2a: Pecharunt
|-supereffective|p2a: Pecharunt
|-damage|p2a: Pecharunt|18/100
|-damage|p1a: Weavile|0 fnt|[from] item: Rocky Helmet|[of] p2a: Pecharunt
|faint|p1a: Weavile
|move|p2a: Pecharunt|Recover|p2a: Pecharunt
|-heal|p2a: Pecharunt|68/100
|
|-weather|SunnyDay|[upkeep]
|upkeep
|l|☆wotan888
|player|p2|
|
|t:|1758942433
|switch|p1a: Espeon|Espeon, F|100/100
|turn|5
|j|☆wotan888
|player|p2|wotan888|266|
|
|t:|1758942444
|switch|p2a: Krookodile|Krookodile, M|100/100
|-damage|p2a: Krookodile|94/100|[from] Stealth Rock
|-ability|p2a: Krookodile|Intimidate|boost
|-unboost|p1a: Espeon|atk|1
|move|p1a: Espeon|Psychic|p2a: Krookodile
|-immune|p2a: Krookodile
|
|-weather|SunnyDay|[upkeep]
|-heal|p2a: Krookodile|100/100|[from] item: Leftovers
|upkeep
|turn|6
|
|t:|1758942458
|-terastallize|p1a: Espeon|Fairy
|move|p1a: Espeon|Draining Kiss|p2a: Krookodile
|-supereffective|p2a: Krookodile
|-damage|p2a: Krookodile|23/100
|move|p2a: Krookodile|Knock Off|p1a: Espeon
|-resisted|p1a: Espeon
|-damage|p1a: Espeon|63/100
|-enditem|p1a: Espeon|Leftovers|[from] move: Knock Off|[of] p2a: Krookodile
|
|-weather|SunnyDay|[upkeep]
|-heal|p2a: Krookodile|29/100|[from] item: Leftovers
|upkeep
|turn|7
|
|t:|1758942474
|move|p1a: Espeon|Draining Kiss|p2a: Krookodile
|-supereffective|p2a: Krookodile
|-damage|p2a: Krookodile|0 fnt
|-heal|p1a: Espeon|92/100|[from] drain|[of] p2a: Krookodile
|faint|p2a: Krookodile
|
|-weather|SunnyDay|[upkeep]
|upkeep
|
|t:|1758942488
|switch|p2a: Entei|Entei, shiny|100/100
|-damage|p2a: Entei|76/100|[from] Stealth Rock
|-ability|p2a: Entei|Pressure
|turn|8
|
|t:|1758942517
|switch|p1a: Arcanine|Arcanine-Hisui, M|100/100
|-terastallize|p2a: Entei|Steel
|move|p2a: Entei|Iron Head|p1a: Arcanine
|-damage|p1a: Arcanine|50/100
|
|-weather|none
|upkeep
|turn|9
|
|t:|1758942531
|move|p2a: Entei|Iron Head|p1a: Arcanine
|-damage|p1a: Arcanine|4/100
|move|p1a: Arcanine|Flare Blitz|p2a: Entei
|-supereffective|p2a: Entei
|-damage|p2a: Entei|0 fnt
|faint|p2a: Entei
|
|upkeep
|
|t:|1758942538
|switch|p2a: Tornadus|Tornadus-Therian, M|100/100
|-damage|p2a: Tornadus|76/100|[from] Stealth Rock
|turn|10
|
|t:|1758942567
|switch|p1a: Torkoal|Torkoal, F|59/100
|-weather|SunnyDay|[from] ability: Drought|[of] p1a: Torkoal
|move|p2a: Tornadus|U-turn|p1a: Torkoal
|-resisted|p1a: Torkoal
|-damage|p1a: Torkoal|54/100
|
|t:|1758942578
|switch|p2a: Noivern|Noivern, M|100/100|[from] U-turn
|-item|p1a: Torkoal|Heat Rock|[from] ability: Frisk|[of] p2a: Noivern
|
|-weather|SunnyDay|[upkeep]
|upkeep
|turn|11
|inactive|Battle timer is ON: inactive players will automatically lose when time's up. (requested by wotan888)
|
|t:|1758942629
|move|p2a: Noivern|Draco Meteor|p1a: Torkoal|[miss]
|-miss|p2a: Noivern|p1a: Torkoal
|move|p1a: Torkoal|Lava Plume|p2a: Noivern
|-resisted|p2a: Noivern
|-damage|p2a: Noivern|76/100
|
|-weather|SunnyDay|[upkeep]
|upkeep
|turn|12
|
|t:|1758942641
|move|p2a: Noivern|Defog|p1a: Torkoal
|-unboost|p1a: Torkoal|evasion|1
|-sideend|p2: wotan888|Stealth Rock|[from] move: Defog|[of] p2a: Noivern
|move|p1a: Torkoal|Lava Plume|p2a: Noivern
|-resisted|p2a: Noivern
|-damage|p2a: Noivern|51/100
|
|-weather|SunnyDay|[upkeep]
|upkeep
|turn|13
|
|t:|1758942655
|move|p2a: Noivern|Draco Meteor|p1a: Torkoal
|-damage|p1a: Torkoal|0 fnt
|-unboost|p2a: Noivern|spa|2
|faint|p1a: Torkoal
|
|-weather|SunnyDay|[upkeep]
|upkeep
|
|t:|1758942671
|switch|p1a: Lilligant|Lilligant-Hisui, F|100/100
|turn|14
|inactive|maziati has 120 seconds left.
|
|t:|1758942696
|move|p1a: Lilligant|Close Combat|p2a: Noivern
|-resisted|p2a: Noivern
|-damage|p2a: Noivern|0 fnt
|-unboost|p1a: Lilligant|def|1
|-unboost|p1a: Lilligant|spd|1
|faint|p2a: Noivern
|-damage|p1a: Lilligant|91/100|[from] item: Life Orb
|
|-weather|SunnyDay|[upkeep]
|upkeep
|
|t:|1758942704
|switch|p2a: Pecharunt|Pecharunt|68/100
|turn|15
|inactive|maziati has 120 seconds left.
|
|t:|1758942739
|move|p1a: Lilligant|Close Combat|p2a: Pecharunt
|-immune|p2a: Pecharunt
|move|p2a: Pecharunt|Malignant Chain|p1a: Lilligant
|-supereffective|p1a: Lilligant
|-crit|p1a: Lilligant
|-damage|p1a: Lilligant|0 fnt
|faint|p1a: Lilligant
|
|-weather|SunnyDay|[upkeep]
|upkeep
|inactive|maziati has 90 seconds left.
|
|t:|1758942769
|switch|p1a: Espeon|Espeon, F, tera:Fairy|92/100
|turn|16
|inactive|maziati has 90 seconds left.
|
|t:|1758942788
|move|p1a: Espeon|Psychic|p2a: Pecharunt
|-supereffective|p2a: Pecharunt
|-damage|p2a: Pecharunt|0 fnt
|faint|p2a: Pecharunt
|
|-weather|SunnyDay|[upkeep]
|upkeep
|
|t:|1758942797
|switch|p2a: Tornadus|Tornadus-Therian, M|100/100
|turn|17
|inactive|maziati has 90 seconds left.
|inactive|maziati has 60 seconds left.
|
|t:|1758942841
|move|p2a: Tornadus|Heat Wave|p1a: Espeon
|-crit|p1a: Espeon
|-damage|p1a: Espeon|0 fnt
|faint|p1a: Espeon
|
|-weather|none
|upkeep
|
|t:|1758942850
|switch|p1a: Arcanine|Arcanine-Hisui, M|4/100
|turn|18
|inactive|maziati has 60 seconds left.
|j| cyphertests
|
|t:|1758942857
|switch|p2a: Rotom|Rotom-Mow|100/100
|move|p1a: Arcanine|Extreme Speed|p2a: Rotom
|-damage|p2a: Rotom|73/100
|
|upkeep
|turn|19
|inactive|maziati has 60 seconds left.
|
|t:|1758942867
|move|p2a: Rotom|Thunderbolt|p1a: Arcanine
|-damage|p1a: Arcanine|0 fnt
|faint|p1a: Arcanine
|
|upkeep
|inactive|maziati has 60 seconds left.
|
|t:|1758942874
|switch|p1a: Flareon|Flareon, F|100/100
|turn|20
|inactive|maziati has 60 seconds left.
|
|t:|1758942899
|move|p2a: Rotom|Thunderbolt|p1a: Flareon
|-damage|p1a: Flareon|60/100
|move|p1a: Flareon|Flare Blitz|p2a: Rotom
|-supereffective|p2a: Rotom
|-damage|p2a: Rotom|0 fnt
|faint|p2a: Rotom
|-damage|p1a: Flareon|40/100|[from] Recoil
|
|-status|p1a: Flareon|tox|[from] item: Toxic Orb
|upkeep
|
|t:|1758942904
|switch|p2a: Tornadus|Tornadus-Therian, M|100/100
|turn|21
|inactive|maziati has 60 seconds left.
|
|t:|1758942921
|move|p2a: Tornadus|Air Slash|p1a: Flareon
|-damage|p1a: Flareon|6/100 tox
|move|p1a: Flareon|Flare Blitz|p2a: Tornadus
|-damage|p2a: Tornadus|0 fnt
|faint|p2a: Tornadus
|-damage|p1a: Flareon|0 fnt|[from] Recoil
|faint|p1a: Flareon
|
|win|maziati
|raw|maziati's rating: 1095 &rarr; <strong>1119</strong><br />(+24 for winning)
|raw|wotan888's rating: 1074 &rarr; <strong>1054</strong><br />(-20 for losing)
|l|☆wotan888
|player|p2|
|l| cyphertests
|j| cyphertests
|l|☆maziati
|player|p1|
