|j|☆QuEeNSheeba
|j|☆Trumpthat
|t:|1759076686
|gametype|singles
|player|p1|QuEeNSheeba|169|1102
|player|p2|Trumpthat|ingo|1073
|gen|9
|tier|[Gen 9] OU
|rated|
|rule|HP Percentage Mod: HP is shown in percentages
|rule|Endless Battle Clause: Forcing endless battles is banned
|rule|Species Clause: Limit one of each Pokémon
|rule|OHKO Clause: OHKO moves are banned
|rule|Evasion Items Clause: Evasion items are banned
|rule|Evasion Moves Clause: Evasion moves are banned
|rule|Evasion Abilities Clause: Evasion abilities are banned
|rule|Sleep Moves Clause: Sleep-inducing moves are banned
|clearpoke
|poke|p1|Hatterene, F|
|poke|p1|Glaceon, M|
|poke|p1|Ninetales-Alola, M|
|poke|p1|Mismagius, F|
|poke|p1|Froslass, F|
|poke|p1|Slowking-Galar, F|
|poke|p2|Blaziken, F|
|poke|p2|Regigigas|
|poke|p2|Diancie|
|poke|p2|Rotom-Fan|
|poke|p2|Dusknoir, M|
|poke|p2|Ditto|
|teampreview
|
|t:|1759076696
|teamsize|p1|6
|teamsize|p2|6
|start
|switch|p1a: Slowking|Slowking-Galar, F, shiny|100/100
|switch|p2a: Way Big|Regigigas|100/100
|-start|p2a: Way Big|ability: Slow Start
|turn|1
|c|☆Trumpthat|very spooky team
|
|t:|1759076703
|move|p2a: Way Big|Hyper Beam|p1a: Slowking
|-damage|p1a: Slowking|77/100
|-mustrecharge|p2a: Way Big
|move|p1a: Slowking|Sludge Bomb|p2a: Way Big
|-damage|p2a: Way Big|82/100
|
|-heal|p2a: Way Big|88/100|[from] item: Leftovers
|-heal|p1a: Slowking|83/100|[from] item: Black Sludge
|upkeep
|turn|2
|
|t:|1759076710
|cant|p2a: Way Big|recharge
|move|p1a: Slowking|Future Sight|p2a: Way Big
|-start|p1a: Slowking|move: Future Sight
|
|-heal|p2a: Way Big|94/100|[from] item: Leftovers
|-heal|p1a: Slowking|89/100|[from] item: Black Sludge
|upkeep
|turn|3
|c|☆QuEeNSheeba|Thanks! Ice and ghost are my favorite
|
|t:|1759076738
|move|p2a: Way Big|Hyper Beam|p1a: Slowking
|-damage|p1a: Slowking|65/100
|-mustrecharge|p2a: Way Big
|move|p1a: Slowking|Trick Room|p1a: Slowking
|-fieldstart|move: Trick Room|[of] p1a: Slowking
|
|-heal|p1a: Slowking|72/100|[from] item: Black Sludge
|-heal|p2a: Way Big|99/100|[from] item: Leftovers
|upkeep
|turn|4
|
|t:|1759076742
|move|p1a: Slowking|Sludge Bomb|p2a: Way Big
|-damage|p2a: Way Big|81/100
|cant|p2a: Way Big|recharge
|
|-end|p2a: Way Big|move: Future Sight
|-damage|p2a: Way Big|55/100
|-heal|p1a: Slowking|78/100|[from] item: Black Sludge
|-heal|p2a: Way Big|61/100|[from] item: Leftovers
|upkeep
|turn|5
|
|t:|1759076751
|move|p1a: Slowking|Future Sight|p2a: Way Big
|-start|p1a: Slowking|move: Future Sight
|move|p2a: Way Big|Rest|p2a: Way Big
|-status|p2a: Way Big|slp|[from] move: Rest
|-heal|p2a: Way Big|100/100 slp|[silent]
|
|-heal|p1a: Slowking|84/100|[from] item: Black Sludge
|-end|p2a: Way Big|Slow Start
|upkeep
|turn|6
|c|☆Trumpthat|cmon way big lock in
|
|t:|1759076761
|switch|p1a: Froslass|Froslass, F, shiny|100/100
|cant|p2a: Way Big|slp
|move|p2a: Way Big|Sleep Talk|p2a: Way Big
|move|p2a: Way Big|Rest||[from] move: Sleep Talk|[still]
|-fail|p2a: Way Big
|
|upkeep
|turn|7
|
|t:|1759076766
|cant|p2a: Way Big|slp
|move|p2a: Way Big|Sleep Talk|p2a: Way Big
|move|p2a: Way Big|Rest||[from] move: Sleep Talk|[still]
|-fail|p2a: Way Big
|move|p1a: Froslass|Will-O-Wisp||[still]
|-fail|p1a: Froslass
|
|-end|p2a: Way Big|move: Future Sight
|-damage|p2a: Way Big|75/100 slp
|-heal|p2a: Way Big|81/100 slp|[from] item: Leftovers
|-fieldend|move: Trick Room
|upkeep
|turn|8
|
|t:|1759076776
|move|p1a: Froslass|Trailblaze|p2a: Way Big
|-damage|p2a: Way Big|72/100 slp
|-boost|p1a: Froslass|spe|1
|-curestatus|p2a: Way Big|slp|[msg]
|move|p2a: Way Big|Sleep Talk||[still]
|-fail|p2a: Way Big
|
|-heal|p2a: Way Big|78/100|[from] item: Leftovers
|upkeep
|turn|9
|
|t:|1759076792
|switch|p2a: Heatblast|Blaziken, F|100/100
|move|p1a: Froslass|Trailblaze|p2a: Heatblast
|-resisted|p2a: Heatblast
|-damage|p2a: Heatblast|90/100
|-boost|p1a: Froslass|spe|1
|
|upkeep
|turn|10
|
|t:|1759076799
|move|p1a: Froslass|Poltergeist|p2a: Heatblast
|-activate|p2a: Heatblast|move: Poltergeist|Assault Vest
|-damage|p2a: Heatblast|25/100
|move|p2a: Heatblast|Blaze Kick|p1a: Froslass
|-supereffective|p1a: Froslass
|-enditem|p1a: Froslass|Focus Sash
|-damage|p1a: Froslass|1/100
|
|-ability|p2a: Heatblast|Speed Boost|boost
|-boost|p2a: Heatblast|spe|1
|upkeep
|turn|11
|
|t:|1759076807
|move|p1a: Froslass|Poltergeist|p2a: Heatblast
|-activate|p2a: Heatblast|move: Poltergeist|Assault Vest
|-damage|p2a: Heatblast|0 fnt
|faint|p2a: Heatblast
|
|upkeep
|
|t:|1759076812
|switch|p2a: Ben Tennyson|Ditto|100/100
|-transform|p2a: Ben Tennyson|p1a: Froslass|[from] ability: Imposter
|turn|12
|
|t:|1759076826
|move|p2a: Ben Tennyson|Poltergeist||[still]
|-fail|p2a: Ben Tennyson
|move|p1a: Froslass|Destiny Bond|p1a: Froslass
|-singlemove|p1a: Froslass|Destiny Bond
|
|upkeep
|turn|13
|
|t:|1759076832
|switch|p2a: Ghostfreak|Dusknoir, M|100/100
|-ability|p2a: Ghostfreak|Pressure
|move|p1a: Froslass|Will-O-Wisp|p2a: Ghostfreak
|-status|p2a: Ghostfreak|brn
|
|-damage|p2a: Ghostfreak|94/100 brn|[from] brn
|upkeep
|turn|14
|
|t:|1759076842
|move|p1a: Froslass|Poltergeist|p2a: Ghostfreak
|-activate|p2a: Ghostfreak|move: Poltergeist|Focus Sash
|-supereffective|p2a: Ghostfreak
|-damage|p2a: Ghostfreak|20/100 brn
|move|p2a: Ghostfreak|Confuse Ray|p1a: Froslass
|-start|p1a: Froslass|confusion
|
|-damage|p2a: Ghostfreak|14/100 brn|[from] brn
|upkeep
|turn|15
|
|t:|1759076851
|-activate|p1a: Froslass|confusion
|move|p1a: Froslass|Destiny Bond|p1a: Froslass
|-singlemove|p1a: Froslass|Destiny Bond
|move|p2a: Ghostfreak|Phantom Force||[still]
|-prepare|p2a: Ghostfreak|Phantom Force
|
|-damage|p2a: Ghostfreak|8/100 brn|[from] brn
|upkeep
|turn|16
|
|t:|1759076867
|-activate|p1a: Froslass|confusion
|-damage|p1a: Froslass|0 fnt|[from] confusion
|faint|p1a: Froslass
|move|p2a: Ghostfreak|Phantom Force|p1: Froslass|[from] lockedmove|[notarget]
|-fail|p2a: Ghostfreak
|
|-damage|p2a: Ghostfreak|2/100 brn|[from] brn
|upkeep
|
|t:|1759076880
|switch|p1a: Ninetales|Ninetales-Alola, M, shiny|100/100
|-weather|Snowscape|[from] ability: Snow Warning|[of] p1a: Ninetales
|turn|17
|c|☆QuEeNSheeba|Ben 19
|c|☆QuEeNSheeba|10*!
|c|☆Trumpthat|Yep
|c|☆Trumpthat|Hero time
|
|t:|1759076900
|move|p1a: Ninetales|Aurora Veil|p1a: Ninetales
|-sidestart|p1: QuEeNSheeba|move: Aurora Veil
|move|p2a: Ghostfreak|Confuse Ray|p1a: Ninetales
|-start|p1a: Ninetales|confusion
|
|-weather|Snowscape|[upkeep]
|-damage|p2a: Ghostfreak|0 fnt|[from] brn
|faint|p2a: Ghostfreak
|upkeep
|
|t:|1759076909
|switch|p2a: Ben Tennyson|Ditto|100/100
|-transform|p2a: Ben Tennyson|p1a: Ninetales|[from] ability: Imposter
|turn|18
|
|t:|1759076916
|move|p2a: Ben Tennyson|Aurora Veil|p2a: Ben Tennyson
|-sidestart|p2: Trumpthat|move: Aurora Veil
|-activate|p1a: Ninetales|confusion
|-damage|p1a: Ninetales|95/100|[from] confusion
|
|-weather|Snowscape|[upkeep]
|upkeep
|turn|19
|
|t:|1759076922
|switch|p2a: Buzzshock|Rotom-Fan|100/100
|-activate|p1a: Ninetales|confusion
|-damage|p1a: Ninetales|88/100|[from] confusion
|
|-weather|Snowscape|[upkeep]
|upkeep
|turn|20
|
|t:|1759076927
|-activate|p1a: Ninetales|confusion
|move|p1a: Ninetales|Moonblast|p2a: Buzzshock
|-damage|p2a: Buzzshock|83/100
|-unboost|p2a: Buzzshock|spa|1
|move|p2a: Buzzshock|Nasty Plot|p2a: Buzzshock
|-boost|p2a: Buzzshock|spa|2
|
|-weather|Snowscape|[upkeep]
|upkeep
|turn|21
|
|t:|1759076934
|-activate|p1a: Ninetales|confusion
|move|p1a: Ninetales|Encore|p2a: Buzzshock
|-start|p2a: Buzzshock|Encore
|move|p2a: Buzzshock|Nasty Plot|p2a: Buzzshock
|-boost|p2a: Buzzshock|spa|2
|
|-weather|none
|upkeep
|turn|22
|
|t:|1759076947
|switch|p1a: Glaceon|Glaceon, M, shiny|100/100
|move|p2a: Buzzshock|Nasty Plot|p2a: Buzzshock
|-boost|p2a: Buzzshock|spa|2
|
|-sideend|p2: Trumpthat|move: Aurora Veil
|upkeep
|turn|23
|
|t:|1759076951
|move|p2a: Buzzshock|Nasty Plot|p2a: Buzzshock
|-boost|p2a: Buzzshock|spa|1
|move|p1a: Glaceon|Calm Mind|p1a: Glaceon
|-boost|p1a: Glaceon|spa|1
|-boost|p1a: Glaceon|spd|1
|
|-end|p2a: Buzzshock|Encore
|upkeep
|turn|24
|
|t:|1759076964
|move|p2a: Buzzshock|Discharge|p1a: Glaceon
|-damage|p1a: Glaceon|36/100
|-status|p1a: Glaceon|par
|move|p1a: Glaceon|Freeze-Dry|p2a: Buzzshock
|-supereffective|p2a: Buzzshock
|-damage|p2a: Buzzshock|0 fnt
|faint|p2a: Buzzshock
|
|-sideend|p1: QuEeNSheeba|move: Aurora Veil
|upkeep
|
|t:|1759076972
|switch|p2a: Way Big|Regigigas|78/100
|-start|p2a: Way Big|ability: Slow Start
|turn|25
|
|t:|1759076978
|move|p2a: Way Big|Giga Impact|p1a: Glaceon
|-damage|p1a: Glaceon|0 fnt
|-mustrecharge|p2a: Way Big
|faint|p1a: Glaceon
|
|-heal|p2a: Way Big|84/100|[from] item: Leftovers
|upkeep
|
|t:|1759076983
|switch|p1a: Mismagius|Mismagius, F|100/100
|turn|26
|
|t:|1759076987
|move|p1a: Mismagius|Nasty Plot|p1a: Mismagius
|-boost|p1a: Mismagius|spa|2
|cant|p2a: Way Big|recharge
|
|-heal|p2a: Way Big|90/100|[from] item: Leftovers
|upkeep
|turn|27
|
|t:|1759076996
|switch|p2a: Ben Tennyson|Ditto|100/100
|-transform|p2a: Ben Tennyson|p1a: Mismagius|[from] ability: Imposter
|move|p1a: Mismagius|Shadow Ball|p2a: Ben Tennyson
|-supereffective|p2a: Ben Tennyson
|-damage|p2a: Ben Tennyson|0 fnt
|faint|p2a: Ben Tennyson
|-damage|p1a: Mismagius|91/100|[from] item: Life Orb
|
|upkeep
|
|t:|1759077005
|switch|p2a: Chromastone|Diancie|100/100
|-item|p2a: Chromastone|Air Balloon
|turn|28
|
|t:|1759077014
|move|p1a: Mismagius|Nasty Plot|p1a: Mismagius
|-boost|p1a: Mismagius|spa|2
|move|p2a: Chromastone|Diamond Storm|p1a: Mismagius
|-damage|p1a: Mismagius|26/100
|
|upkeep
|turn|29
|
|t:|1759077019
|move|p1a: Mismagius|Shadow Ball|p2a: Chromastone
|-damage|p2a: Chromastone|0 fnt
|-enditem|p2a: Chromastone|Air Balloon
|faint|p2a: Chromastone
|-damage|p1a: Mismagius|16/100|[from] item: Life Orb
|
|upkeep
|
|t:|1759077022
|switch|p2a: Way Big|Regigigas|90/100
|-start|p2a: Way Big|ability: Slow Start
|turn|30
|c|☆Trumpthat|gg
|c|☆Trumpthat|no non-norma;
|
|t:|1759077031
|move|p1a: Mismagius|Thunderbolt|p2a: Way Big
|-damage|p2a: Way Big|37/100
|-damage|p1a: Mismagius|6/100|[from] item: Life Orb
|move|p2a: Way Big|Hyper Beam|p1a: Mismagius
|-immune|p1a: Mismagius
|
|-heal|p2a: Way Big|43/100|[from] item: Leftovers
|upkeep
|turn|31
|
|t:|1759077038
|move|p1a: Mismagius|Thunderbolt|p2a: Way Big
|-damage|p2a: Way Big|0 fnt
|faint|p2a: Way Big
|-damage|p1a: Mismagius|0 fnt|[from] item: Life Orb
|faint|p1a: Mismagius
|
|win|QuEeNSheeba
|raw|QuEeNSheeba's rating: 1102 &rarr; <strong>1125</strong><br />(+23 for winning)
|raw|Trumpthat's rating: 1073 &rarr; <strong>1054</strong><br />(-19 for losing)
|c|☆QuEeNSheeba|Gg!
|l|☆Trumpthat
|player|p2|
|l|☆QuEeNSheeba
|player|p1|
