|j|☆Borderofseal
|j|☆you should now
|t:|1758955773
|gametype|singles
|player|p1|Borderofseal|169|1602
|player|p2|you should now|170|1533
|gen|9
|tier|[Gen 9] OU
|rated|
|rule|HP Percentage Mod: HP is shown in percentages
|rule|Endless Battle Clause: Forcing endless battles is banned
|rule|Species Clause: Limit one of each Pokémon
|rule|OHKO Clause: OHKO moves are banned
|rule|Evasion Items Clause: Evasion items are banned
|rule|Evasion Moves Clause: Evasion moves are banned
|rule|Evasion Abilities Clause: Evasion abilities are banned
|rule|Sleep Moves Clause: Sleep-inducing moves are banned
|clearpoke
|poke|p1|Slowking-Galar, F|
|poke|p1|Moltres|
|poke|p1|Great Tusk|
|poke|p1|Samurott-Hisui, F|
|poke|p1|Dragapult, F|
|poke|p1|Weavile, F|
|poke|p2|Meloetta|
|poke|p2|Iron Moth|
|poke|p2|Corviknight, M|
|poke|p2|Slowking-Galar, M|
|poke|p2|Great Tusk|
|poke|p2|Lokix, F|
|teampreview
|inactive|Battle timer is ON: inactive players will automatically lose when time's up. (requested by Borderofseal)
|inactive|you should now has 120 seconds left.
|
|t:|1758955821
|teamsize|p1|6
|teamsize|p2|6
|start
|switch|p1a: Samurott|Samurott-Hisui, F|100/100
|switch|p2a: Slowking|Slowking-Galar, M|100/100
|turn|1
|
|t:|1758955833
|switch|p2a: Great Tusk|Great Tusk|100/100
|move|p1a: Samurott|Ceaseless Edge|p2a: Great Tusk
|-resisted|p2a: Great Tusk
|-damage|p2a: Great Tusk|87/100
|-sidestart|p2: you should now|Spikes
|
|-heal|p2a: Great Tusk|93/100|[from] item: Leftovers
|upkeep
|turn|2
|
|t:|1758955840
|move|p2a: Great Tusk|Stealth Rock|p1a: Samurott
|-sidestart|p1: Borderofseal|move: Stealth Rock
|move|p1a: Samurott|Aqua Cutter|p2a: Great Tusk
|-supereffective|p2a: Great Tusk
|-damage|p2a: Great Tusk|38/100
|
|-heal|p2a: Great Tusk|44/100|[from] item: Leftovers
|upkeep
|turn|3
|
|t:|1758955848
|switch|p1a: Dragapult|Dragapult, F|100/100
|-damage|p1a: Dragapult|88/100|[from] Stealth Rock
|move|p2a: Great Tusk|Rapid Spin|p1a: Dragapult
|-immune|p1a: Dragapult
|
|-heal|p2a: Great Tusk|50/100|[from] item: Leftovers
|upkeep
|turn|4
|
|t:|1758955862
|-end|p2a: Great Tusk|Protosynthesis|[silent]
|switch|p2a: Slowking|Slowking-Galar, M|100/100
|move|p1a: Dragapult|Shadow Ball|p2a: Slowking
|-supereffective|p2a: Slowking
|-damage|p2a: Slowking|39/100
|
|upkeep
|turn|5
|
|t:|1758955869
|switch|p2a: Meloetta|Meloetta|100/100
|-damage|p2a: Meloetta|88/100|[from] Spikes
|move|p1a: Dragapult|Shadow Ball|p2a: Meloetta
|-immune|p2a: Meloetta
|
|upkeep
|turn|6
|
|t:|1758955883
|switch|p1a: Slowking|Slowking-Galar, F|100/100
|move|p2a: Meloetta|Knock Off|p1a: Slowking
|-supereffective|p1a: Slowking
|-damage|p1a: Slowking|65/100
|-enditem|p1a: Slowking|Heavy-Duty Boots|[from] move: Knock Off|[of] p2a: Meloetta
|
|upkeep
|turn|7
|
|t:|1758955892
|move|p2a: Meloetta|Shadow Ball|p1a: Slowking
|-supereffective|p1a: Slowking
|-damage|p1a: Slowking|29/100
|-unboost|p1a: Slowking|spd|1
|-prepare|p1a: Slowking|Chilly Reception|[premajor]
|move|p1a: Slowking|Chilly Reception|p1a: Slowking
|-weather|Snowscape
|
|t:|1758955895
|switch|p1a: Samurott|Samurott-Hisui, F|100/100|[from] Chilly Reception
|-damage|p1a: Samurott|88/100|[from] Stealth Rock
|
|-weather|Snowscape|[upkeep]
|upkeep
|turn|8
|
|t:|1758955910
|move|p2a: Meloetta|Thunderbolt|p1a: Samurott
|-supereffective|p1a: Samurott
|-damage|p1a: Samurott|28/100
|move|p1a: Samurott|Ceaseless Edge|p2a: Meloetta|[miss]
|-miss|p1a: Samurott|p2a: Meloetta
|
|-weather|Snowscape|[upkeep]
|upkeep
|turn|9
|j| mustang Dijon
|
|t:|1758955928
|switch|p2a: Great Tusk|Great Tusk|50/100
|-damage|p2a: Great Tusk|38/100|[from] Spikes
|move|p1a: Samurott|Sucker Punch||[still]
|-fail|p1a: Samurott
|
|-weather|Snowscape|[upkeep]
|-heal|p2a: Great Tusk|44/100|[from] item: Leftovers
|upkeep
|turn|10
|
|t:|1758955937
|switch|p1a: Dragapult|Dragapult, F|88/100
|-damage|p1a: Dragapult|76/100|[from] Stealth Rock
|move|p2a: Great Tusk|Headlong Rush|p1a: Dragapult
|-damage|p1a: Dragapult|6/100
|-unboost|p2a: Great Tusk|def|1
|-unboost|p2a: Great Tusk|spd|1
|
|-weather|Snowscape|[upkeep]
|-heal|p2a: Great Tusk|50/100|[from] item: Leftovers
|upkeep
|turn|11
|inactive|you should now has 120 seconds left.
|
|t:|1758955970
|move|p1a: Dragapult|U-turn|p2a: Great Tusk
|-resisted|p2a: Great Tusk
|-damage|p2a: Great Tusk|44/100
|
|t:|1758955973
|switch|p1a: Great Tusk|Great Tusk|100/100|[from] U-turn
|-damage|p1a: Great Tusk|98/100|[from] Stealth Rock
|move|p2a: Great Tusk|Headlong Rush|p1a: Great Tusk
|-damage|p1a: Great Tusk|62/100
|-unboost|p2a: Great Tusk|def|1
|-unboost|p2a: Great Tusk|spd|1
|-damage|p2a: Great Tusk|27/100|[from] item: Rocky Helmet|[of] p1a: Great Tusk
|
|-weather|none
|-heal|p2a: Great Tusk|33/100|[from] item: Leftovers
|upkeep
|turn|12
|inactive|you should now has 120 seconds left.
|
|t:|1758955985
|-end|p2a: Great Tusk|Protosynthesis|[silent]
|switch|p2a: Corviknight|Corviknight, M|100/100
|-ability|p2a: Corviknight|Pressure
|move|p1a: Great Tusk|Rapid Spin|p2a: Corviknight
|-resisted|p2a: Corviknight
|-damage|p2a: Corviknight|95/100
|-boost|p1a: Great Tusk|spe|1
|-damage|p1a: Great Tusk|46/100|[from] item: Rocky Helmet|[of] p2a: Corviknight
|-sideend|p1: Borderofseal|Stealth Rock|[from] move: Rapid Spin|[of] p1a: Great Tusk
|
|upkeep
|turn|13
|inactive|you should now has 120 seconds left.
|
|t:|1758956004
|move|p1a: Great Tusk|Stealth Rock|p2a: Corviknight
|-sidestart|p2: you should now|move: Stealth Rock
|move|p2a: Corviknight|U-turn|p1a: Great Tusk
|-resisted|p1a: Great Tusk
|-damage|p1a: Great Tusk|40/100
|-damage|p2a: Corviknight|79/100|[from] item: Rocky Helmet|[of] p1a: Great Tusk
|
|t:|1758956010
|switch|p2a: Slowking|Slowking-Galar, M|73/100|[from] U-turn
|
|upkeep
|turn|14
|
|t:|1758956021
|-end|p1a: Great Tusk|Protosynthesis|[silent]
|switch|p1a: Samurott|Samurott-Hisui, F|28/100
|switch|p2a: Corviknight|Corviknight, M|79/100
|-damage|p2a: Corviknight|67/100|[from] Stealth Rock
|-ability|p2a: Corviknight|Pressure
|
|upkeep
|turn|15
|
|t:|1758956026
|move|p1a: Samurott|Aqua Cutter|p2a: Corviknight
|-damage|p2a: Corviknight|36/100
|move|p2a: Corviknight|Defog|p1a: Samurott
|-unboost|p1a: Samurott|evasion|1
|-sideend|p2: you should now|Spikes|[from] move: Defog|[of] p2a: Corviknight
|-sideend|p2: you should now|Stealth Rock|[from] move: Defog|[of] p2a: Corviknight
|
|upkeep
|turn|16
|
|t:|1758956035
|move|p1a: Samurott|Aqua Cutter|p2a: Corviknight
|-damage|p2a: Corviknight|6/100
|move|p2a: Corviknight|Roost|p2a: Corviknight
|-heal|p2a: Corviknight|56/100
|-singleturn|p2a: Corviknight|move: Roost
|
|upkeep
|turn|17
|
|t:|1758956040
|move|p1a: Samurott|Aqua Cutter|p2a: Corviknight
|-damage|p2a: Corviknight|26/100
|move|p2a: Corviknight|Roost|p2a: Corviknight
|-heal|p2a: Corviknight|76/100
|-singleturn|p2a: Corviknight|move: Roost
|
|upkeep
|turn|18
|
|t:|1758956044
|move|p1a: Samurott|Ceaseless Edge|p2a: Corviknight
|-damage|p2a: Corviknight|48/100
|-damage|p1a: Samurott|11/100|[from] item: Rocky Helmet|[of] p2a: Corviknight
|-sidestart|p2: you should now|Spikes
|move|p2a: Corviknight|U-turn|p1a: Samurott
|-supereffective|p1a: Samurott
|-damage|p1a: Samurott|0 fnt
|faint|p1a: Samurott
|
|t:|1758956059
|switch|p2a: Slowking|Slowking-Galar, M|100/100|[from] U-turn
|
|upkeep
|l| mustang Dijon
|
|t:|1758956063
|switch|p1a: Weavile|Weavile, F|100/100
|-ability|p1a: Weavile|Pressure
|turn|19
|
|t:|1758956073
|switch|p2a: Great Tusk|Great Tusk|33/100
|-damage|p2a: Great Tusk|21/100|[from] Spikes
|move|p1a: Weavile|Knock Off|p2a: Great Tusk
|-resisted|p2a: Great Tusk
|-damage|p2a: Great Tusk|8/100
|-enditem|p2a: Great Tusk|Leftovers|[from] move: Knock Off|[of] p1a: Weavile
|
|upkeep
|turn|20
|
|t:|1758956082
|move|p1a: Weavile|Low Kick|p2a: Great Tusk
|-damage|p2a: Great Tusk|0 fnt
|faint|p2a: Great Tusk
|-end|p2a: Great Tusk|Protosynthesis|[silent]
|
|upkeep
|
|t:|1758956095
|switch|p2a: Corviknight|Corviknight, M|48/100
|-ability|p2a: Corviknight|Pressure
|turn|21
|
|t:|1758956100
|move|p1a: Weavile|Knock Off|p2a: Corviknight
|-damage|p2a: Corviknight|18/100
|-damage|p1a: Weavile|84/100|[from] item: Rocky Helmet|[of] p2a: Corviknight
|-enditem|p2a: Corviknight|Rocky Helmet|[from] move: Knock Off|[of] p1a: Weavile
|move|p2a: Corviknight|Roost|p2a: Corviknight
|-heal|p2a: Corviknight|68/100
|-singleturn|p2a: Corviknight|move: Roost
|
|upkeep
|turn|22
|
|t:|1758956121
|switch|p1a: Moltres|Moltres|100/100
|move|p2a: Corviknight|U-turn|p1a: Moltres
|-resisted|p1a: Moltres
|-damage|p1a: Moltres|98/100
|
|t:|1758956129
|switch|p2a: Meloetta|Meloetta|88/100|[from] U-turn
|-damage|p2a: Meloetta|76/100|[from] Spikes
|
|upkeep
|turn|23
|j| mustang Dijon
|
|t:|1758956136
|switch|p1a: Slowking|Slowking-Galar, F|62/100
|move|p2a: Meloetta|Thunderbolt|p1a: Slowking
|-damage|p1a: Slowking|44/100
|-status|p1a: Slowking|par
|
|upkeep
|turn|24
|
|t:|1758956151
|switch|p1a: Weavile|Weavile, F|84/100
|-ability|p1a: Weavile|Pressure
|move|p2a: Meloetta|Shadow Ball|p1a: Weavile
|-resisted|p1a: Weavile
|-damage|p1a: Weavile|61/100
|-unboost|p1a: Weavile|spd|1
|
|upkeep
|turn|25
|inactive|you should now has 120 seconds left.
|
|t:|1758956181
|switch|p2a: Corviknight|Corviknight, M|68/100
|-ability|p2a: Corviknight|Pressure
|move|p1a: Weavile|Triple Axel|p2a: Corviknight
|-damage|p2a: Corviknight|62/100
|-damage|p2a: Corviknight|51/100
|-hitcount|p2a: Corviknight|2
|
|upkeep
|turn|26
|inactive|you should now has 120 seconds left.
|
|t:|1758956191
|move|p1a: Weavile|Triple Axel|p2a: Corviknight
|-damage|p2a: Corviknight|45/100
|-damage|p2a: Corviknight|34/100
|-damage|p2a: Corviknight|15/100
|-hitcount|p2a: Corviknight|3
|move|p2a: Corviknight|Roost|p2a: Corviknight
|-heal|p2a: Corviknight|65/100
|-singleturn|p2a: Corviknight|move: Roost
|
|upkeep
|turn|27
|
|t:|1758956200
|switch|p1a: Moltres|Moltres|98/100
|move|p2a: Corviknight|Roost|p2a: Corviknight
|-heal|p2a: Corviknight|100/100
|-singleturn|p2a: Corviknight|move: Roost
|
|upkeep
|turn|28
|
|t:|1758956205
|switch|p2a: Slowking|Slowking-Galar, M|100/100
|move|p1a: Moltres|Flamethrower|p2a: Slowking
|-damage|p2a: Slowking|77/100
|
|upkeep
|turn|29
|
|t:|1758956213
|move|p1a: Moltres|U-turn|p2a: Slowking
|-damage|p2a: Slowking|62/100
|
|t:|1758956217
|switch|p1a: Slowking|Slowking-Galar, F|77/100 par|[from] U-turn
|-prepare|p2a: Slowking|Chilly Reception|[premajor]
|move|p2a: Slowking|Chilly Reception|p2a: Slowking
|-weather|Snowscape
|
|t:|1758956224
|switch|p2a: Lokix|Lokix, F|100/100|[from] Chilly Reception
|-damage|p2a: Lokix|88/100|[from] Spikes
|
|-weather|Snowscape|[upkeep]
|upkeep
|turn|30
|
|t:|1758956240
|switch|p1a: Moltres|Moltres|98/100
|move|p2a: Lokix|Knock Off|p1a: Moltres
|-damage|p1a: Moltres|49/100
|-enditem|p1a: Moltres|Heavy-Duty Boots|[from] move: Knock Off|[of] p2a: Lokix
|
|-weather|Snowscape|[upkeep]
|upkeep
|turn|31
|
|t:|1758956258
|switch|p2a: Meloetta|Meloetta|76/100
|-damage|p2a: Meloetta|64/100|[from] Spikes
|move|p1a: Moltres|Roost|p1a: Moltres
|-heal|p1a: Moltres|99/100
|-singleturn|p1a: Moltres|move: Roost
|
|-weather|Snowscape|[upkeep]
|upkeep
|turn|32
|
|t:|1758956268
|switch|p1a: Weavile|Weavile, F|61/100
|-ability|p1a: Weavile|Pressure
|move|p2a: Meloetta|Shadow Ball|p1a: Weavile
|-resisted|p1a: Weavile
|-damage|p1a: Weavile|42/100
|
|-weather|Snowscape|[upkeep]
|upkeep
|turn|33
|j| wgw2333
|
|t:|1758956280
|switch|p2a: Corviknight|Corviknight, M|100/100
|-ability|p2a: Corviknight|Pressure
|move|p1a: Weavile|Knock Off|p2a: Corviknight
|-damage|p2a: Corviknight|82/100
|
|-weather|none
|upkeep
|turn|34
|
|t:|1758956295
|switch|p1a: Moltres|Moltres|99/100
|move|p2a: Corviknight|Defog|p1a: Moltres
|-unboost|p1a: Moltres|evasion|1
|-sideend|p2: you should now|Spikes|[from] move: Defog|[of] p2a: Corviknight
|
|upkeep
|turn|35
|
|t:|1758956300
|switch|p2a: Slowking|Slowking-Galar, M|95/100
|move|p1a: Moltres|Flamethrower|p2a: Slowking
|-damage|p2a: Slowking|72/100
|
|upkeep
|turn|36
|
|t:|1758956316
|move|p1a: Moltres|Scorching Sands|p2a: Slowking
|-supereffective|p2a: Slowking
|-damage|p2a: Slowking|48/100
|-prepare|p2a: Slowking|Chilly Reception|[premajor]
|move|p2a: Slowking|Chilly Reception|p2a: Slowking
|-weather|Snowscape
|
|t:|1758956323
|switch|p2a: Meloetta|Meloetta|64/100|[from] Chilly Reception
|
|-weather|Snowscape|[upkeep]
|upkeep
|turn|37
|
|t:|1758956327
|switch|p1a: Slowking|Slowking-Galar, F|100/100 par
|move|p2a: Meloetta|Thunderbolt|p1a: Slowking
|-damage|p1a: Slowking|80/100 par
|
|-weather|Snowscape|[upkeep]
|upkeep
|turn|38
|
|t:|1758956336
|move|p2a: Meloetta|Shadow Ball|p1a: Slowking
|-supereffective|p1a: Slowking
|-damage|p1a: Slowking|46/100 par
|-unboost|p1a: Slowking|spd|1
|cant|p1a: Slowking|par
|
|-weather|Snowscape|[upkeep]
|upkeep
|turn|39
|
|t:|1758956346
|move|p2a: Meloetta|Shadow Ball|p1a: Slowking
|-supereffective|p1a: Slowking
|-damage|p1a: Slowking|0 fnt
|faint|p1a: Slowking
|
|-weather|Snowscape|[upkeep]
|upkeep
|
|t:|1758956349
|switch|p1a: Dragapult|Dragapult, F|6/100
|turn|40
|
|t:|1758956359
|switch|p2a: Slowking|Slowking-Galar, M|81/100
|move|p1a: Dragapult|Draco Meteor|p2a: Slowking
|-damage|p2a: Slowking|31/100
|-unboost|p1a: Dragapult|spa|2
|
|-weather|none
|upkeep
|turn|41
|l| mustang Dijon
|
|t:|1758956370
|switch|p2a: Corviknight|Corviknight, M|82/100
|-ability|p2a: Corviknight|Pressure
|move|p1a: Dragapult|Draco Meteor|p2a: Corviknight
|-resisted|p2a: Corviknight
|-crit|p2a: Corviknight
|-damage|p2a: Corviknight|17/100
|-unboost|p1a: Dragapult|spa|2
|
|upkeep
|turn|42
|
|t:|1758956379
|move|p1a: Dragapult|Draco Meteor|p2a: Corviknight
|-resisted|p2a: Corviknight
|-damage|p2a: Corviknight|3/100
|-unboost|p1a: Dragapult|spa|2
|move|p2a: Corviknight|Roost|p2a: Corviknight
|-heal|p2a: Corviknight|53/100
|-singleturn|p2a: Corviknight|move: Roost
|
|upkeep
|turn|43
|
|t:|1758956387
|switch|p1a: Moltres|Moltres|99/100
|move|p2a: Corviknight|Roost|p2a: Corviknight
|-heal|p2a: Corviknight|100/100
|-singleturn|p2a: Corviknight|move: Roost
|
|upkeep
|turn|44
|
|t:|1758956391
|switch|p2a: Slowking|Slowking-Galar, M|64/100
|move|p1a: Moltres|Flamethrower|p2a: Slowking
|-damage|p2a: Slowking|39/100
|
|upkeep
|turn|45
|
|t:|1758956400
|move|p1a: Moltres|Scorching Sands|p2a: Slowking
|-supereffective|p2a: Slowking
|-damage|p2a: Slowking|14/100
|move|p2a: Slowking|Toxic Spikes|p1a: Moltres
|-sidestart|p1: Borderofseal|move: Toxic Spikes
|
|upkeep
|turn|46
|
|t:|1758956415
|move|p1a: Moltres|Flamethrower|p2a: Slowking
|-damage|p2a: Slowking|0 fnt
|faint|p2a: Slowking
|
|upkeep
|
|t:|1758956418
|switch|p2a: Iron Moth|Iron Moth|100/100
|turn|47
|
|t:|1758956425
|move|p2a: Iron Moth|Sludge Wave|p1a: Moltres
|-damage|p1a: Moltres|15/100
|move|p1a: Moltres|Scorching Sands|p2a: Iron Moth
|-supereffective|p2a: Iron Moth
|-damage|p2a: Iron Moth|9/100
|
|upkeep
|turn|48
|
|t:|1758956446
|switch|p1a: Dragapult|Dragapult, F|6/100
|-status|p1a: Dragapult|psn
|move|p2a: Iron Moth|Sludge Wave|p1a: Dragapult
|-resisted|p1a: Dragapult
|-damage|p1a: Dragapult|0 fnt
|faint|p1a: Dragapult
|
|upkeep
|
|t:|1758956447
|switch|p1a: Weavile|Weavile, F|42/100
|-ability|p1a: Weavile|Pressure
|turn|49
|
|t:|1758956451
|-end|p2a: Iron Moth|Quark Drive|[silent]
|switch|p2a: Corviknight|Corviknight, M|100/100
|-ability|p2a: Corviknight|Pressure
|move|p1a: Weavile|Ice Shard|p2a: Corviknight
|-damage|p2a: Corviknight|87/100
|
|upkeep
|turn|50
|
|t:|1758956458
|switch|p1a: Moltres|Moltres|15/100
|move|p2a: Corviknight|U-turn|p1a: Moltres
|-resisted|p1a: Moltres
|-damage|p1a: Moltres|12/100
|
|t:|1758956464
|switch|p2a: Iron Moth|Iron Moth|9/100|[from] U-turn
|
|upkeep
|turn|51
|
|t:|1758956471
|switch|p1a: Great Tusk|Great Tusk|40/100
|-status|p1a: Great Tusk|psn
|move|p2a: Iron Moth|Fiery Dance|p1a: Great Tusk
|-damage|p1a: Great Tusk|0 fnt
|-boost|p2a: Iron Moth|spa|1
|faint|p1a: Great Tusk
|-end|p1a: Great Tusk|Protosynthesis|[silent]
|
|upkeep
|
|t:|1758956473
|switch|p1a: Weavile|Weavile, F|42/100
|-ability|p1a: Weavile|Pressure
|turn|52
|
|t:|1758956483
|-end|p2a: Iron Moth|Quark Drive|[silent]
|switch|p2a: Corviknight|Corviknight, M|87/100
|-ability|p2a: Corviknight|Pressure
|move|p1a: Weavile|Triple Axel|p2a: Corviknight
|-damage|p2a: Corviknight|81/100
|-damage|p2a: Corviknight|69/100
|-damage|p2a: Corviknight|50/100
|-hitcount|p2a: Corviknight|3
|
|upkeep
|turn|53
|
|t:|1758956490
|move|p1a: Weavile|Triple Axel|p2a: Corviknight
|-damage|p2a: Corviknight|44/100
|-damage|p2a: Corviknight|33/100
|-damage|p2a: Corviknight|16/100
|-hitcount|p2a: Corviknight|3
|move|p2a: Corviknight|Brave Bird|p1a: Weavile
|-damage|p1a: Weavile|0 fnt
|faint|p1a: Weavile
|-damage|p2a: Corviknight|7/100|[from] Recoil
|
|upkeep
|
|t:|1758956496
|switch|p1a: Moltres|Moltres|12/100
|turn|54
|
|t:|1758956502
|move|p1a: Moltres|Roost|p1a: Moltres
|-heal|p1a: Moltres|62/100
|-singleturn|p1a: Moltres|move: Roost
|move|p2a: Corviknight|U-turn|p1a: Moltres
|-resisted|p1a: Moltres
|-damage|p1a: Moltres|57/100
|
|t:|1758956505
|switch|p2a: Iron Moth|Iron Moth|9/100|[from] U-turn
|
|upkeep
|turn|55
|
|t:|1758956509
|move|p2a: Iron Moth|Sludge Wave|p1a: Moltres
|-damage|p1a: Moltres|0 fnt
|faint|p1a: Moltres
|
|win|you should now
|raw|Borderofseal's rating: 1602 &rarr; <strong>1578</strong><br />(-24 for losing)
|raw|you should now's rating: 1533 &rarr; <strong>1557</strong><br />(+24 for winning)
|l|☆Borderofseal
|player|p1|
|l|☆you should now
|player|p2|
|l| wgw2333
