|inactive|Battle timer is ON: inactive players will automatically lose when time's up.
|t:|1759067767
|gametype|singles
|player|p1|TDNT|#ptplvjirachis|
|player|p2|Pkel SweeTforU|#scl5dynamos|
|gen|9
|tier|[Gen 9] OU
|rule|HP Percentage Mod: HP is shown in percentages
|rule|Endless Battle Clause: Forcing endless battles is banned
|rule|Species Clause: Limit one of each Pokémon
|rule|OHKO Clause: OHKO moves are banned
|rule|Evasion Items Clause: Evasion items are banned
|rule|Evasion Moves Clause: Evasion moves are banned
|rule|Evasion Abilities Clause: Evasion abilities are banned
|rule|Sleep Moves Clause: Sleep-inducing moves are banned
|clearpoke
|poke|p1|Walking Wake|
|poke|p1|Raging Bolt|
|poke|p1|Ninetales, F|
|poke|p1|Hatterene, F|
|poke|p1|Venusaur, F|
|poke|p1|Great Tusk|
|poke|p2|Great Tusk|
|poke|p2|Kingambit, F|
|poke|p2|Slither Wing|
|poke|p2|Tornadus-Therian, M|
|poke|p2|Torkoal, F|
|poke|p2|Walking Wake|
|teampreview
|c|☆TDNT|hf
|rated|Smogon Champions League
|inactive|TDNT has 270 seconds left.
|inactive|Pkel SweeTforU has 270 seconds left.
|c|☆Pkel SweeTforU|same idea i see
|c|☆Pkel SweeTforU|hf
|inactive|TDNT has 240 seconds left.
|inactive|Pkel SweeTforU has 240 seconds left.
|inactive|TDNT has 210 seconds left.
|inactive|Pkel SweeTforU has 210 seconds left.
|inactive|Pkel SweeTforU has 180 seconds left.
|inactive|Pkel SweeTforU has 150 seconds left.
|
|t:|1759067936
|teamsize|p1|6
|teamsize|p2|6
|start
|switch|p1a: Walking Wake|Walking Wake|100/100
|switch|p2a: Tornadus|Tornadus-Therian, M|100/100
|turn|1
|
|t:|1759067939
|move|p1a: Walking Wake|Draco Meteor|p2a: Tornadus
|-damage|p2a: Tornadus|46/100
|-unboost|p1a: Walking Wake|spa|2
|move|p2a: Tornadus|U-turn|p1a: Walking Wake
|-damage|p1a: Walking Wake|83/100
|inactive|Pkel SweeTforU has 210 seconds left.
|inactive|Pkel SweeTforU has 180 seconds left.
|
|t:|1759067979
|switch|p2a: Slither Wing|Slither Wing|100/100|[from] U-turn
|
|upkeep
|turn|2
|
|t:|1759068006
|-end|p1a: Walking Wake|Protosynthesis|[silent]
|switch|p1a: Great Tusk|Great Tusk|100/100
|move|p2a: Slither Wing|U-turn|p1a: Great Tusk
|-resisted|p1a: Great Tusk
|-damage|p1a: Great Tusk|87/100
|-damage|p2a: Slither Wing|84/100|[from] item: Rocky Helmet|[of] p1a: Great Tusk
|inactive|Pkel SweeTforU has 180 seconds left.
|
|t:|1759068040
|-end|p2a: Slither Wing|Protosynthesis|[silent]
|switch|p2a: Walking Wake|Walking Wake|100/100|[from] U-turn
|
|upkeep
|turn|3
|inactive|TDNT has 240 seconds left.
|
|t:|1759068074
|-end|p1a: Great Tusk|Protosynthesis|[silent]
|switch|p1a: Hatterene|Hatterene, F|100/100
|move|p2a: Walking Wake|Hydro Steam|p1a: Hatterene
|-damage|p1a: Hatterene|50/100
|-enditem|p1a: Hatterene|Eject Button
|inactive|TDNT has 210 seconds left.
|inactive|TDNT has 180 seconds left.
|
|t:|1759068143
|switch|p1a: Venusaur|Venusaur, F|100/100
|
|upkeep
|turn|4
|inactive|TDNT has 180 seconds left.
|
|t:|1759068155
|-end|p2a: Walking Wake|Protosynthesis|[silent]
|switch|p2a: Tornadus|Tornadus-Therian, M|79/100
|move|p1a: Venusaur|Sludge Bomb|p2a: Tornadus
|-damage|p2a: Tornadus|53/100
|-damage|p1a: Venusaur|91/100|[from] item: Life Orb
|
|upkeep
|turn|5
|
|t:|1759068160
|switch|p1a: Ninetales|Ninetales, F|100/100
|-weather|SunnyDay|[from] ability: Drought|[of] p1a: Ninetales
|move|p2a: Tornadus|U-turn|p1a: Ninetales
|-resisted|p1a: Ninetales
|-damage|p1a: Ninetales|91/100
|
|t:|1759068165
|switch|p2a: Walking Wake|Walking Wake|100/100|[from] U-turn
|-activate|p2a: Walking Wake|ability: Protosynthesis
|-start|p2a: Walking Wake|protosynthesisspa
|
|-weather|SunnyDay|[upkeep]
|upkeep
|turn|6
|inactive|Pkel SweeTforU has 180 seconds left.
|
|t:|1759068182
|switch|p1a: Hatterene|Hatterene, F|50/100
|move|p2a: Walking Wake|Hydro Steam|p1a: Hatterene
|-damage|p1a: Hatterene|0 fnt
|faint|p1a: Hatterene
|
|-weather|SunnyDay|[upkeep]
|upkeep
|inactive|TDNT has 180 seconds left.
|
|t:|1759068210
|switch|p1a: Raging Bolt|Raging Bolt|100/100
|-activate|p1a: Raging Bolt|ability: Protosynthesis
|-start|p1a: Raging Bolt|protosynthesisspa
|turn|7
|inactive|Pkel SweeTforU has 180 seconds left.
|
|t:|1759068216
|-end|p2a: Walking Wake|Protosynthesis|[silent]
|switch|p2a: Great Tusk|Great Tusk, shiny|100/100
|-activate|p2a: Great Tusk|ability: Protosynthesis
|-start|p2a: Great Tusk|protosynthesisatk
|move|p1a: Raging Bolt|Calm Mind|p1a: Raging Bolt
|-boost|p1a: Raging Bolt|spa|1
|-boost|p1a: Raging Bolt|spd|1
|
|-weather|SunnyDay|[upkeep]
|upkeep
|turn|8
|inactive|TDNT has 180 seconds left.
|inactive|Pkel SweeTforU has 180 seconds left.
|inactive|TDNT has 150 seconds left.
|
|t:|1759068266
|-terastallize|p1a: Raging Bolt|Flying
|move|p2a: Great Tusk|Ice Spinner|p1a: Raging Bolt
|-supereffective|p1a: Raging Bolt
|-damage|p1a: Raging Bolt|33/100
|move|p1a: Raging Bolt|Dragon Pulse|p2a: Great Tusk
|-damage|p2a: Great Tusk|10/100
|
|-weather|SunnyDay|[upkeep]
|-heal|p1a: Raging Bolt|40/100|[from] item: Leftovers
|upkeep
|turn|9
|inactive|Pkel SweeTforU has 150 seconds left.
|inactive|TDNT has 150 seconds left.
|inactive|Pkel SweeTforU has 120 seconds left.
|inactive|Pkel SweeTforU has 90 seconds left.
|inactive|TDNT has 120 seconds left.
|
|t:|1759068381
|-end|p1a: Raging Bolt|Protosynthesis|[silent]
|switch|p1a: Great Tusk|Great Tusk|87/100
|-activate|p1a: Great Tusk|ability: Protosynthesis
|-start|p1a: Great Tusk|protosynthesisspe
|move|p2a: Great Tusk|Ice Spinner|p1a: Great Tusk
|-supereffective|p1a: Great Tusk
|-damage|p1a: Great Tusk|37/100
|-damage|p2a: Great Tusk|0 fnt|[from] item: Rocky Helmet|[of] p1a: Great Tusk
|faint|p2a: Great Tusk
|-end|p2a: Great Tusk|Protosynthesis|[silent]
|
|-weather|SunnyDay|[upkeep]
|upkeep
|
|t:|1759068388
|switch|p2a: Walking Wake|Walking Wake|100/100
|-activate|p2a: Walking Wake|ability: Protosynthesis
|-start|p2a: Walking Wake|protosynthesisspa
|turn|10
|inactive|TDNT has 120 seconds left.
|inactive|TDNT has 90 seconds left.
|
|t:|1759068426
|-end|p1a: Great Tusk|Protosynthesis|[silent]
|switch|p1a: Venusaur|Venusaur, F|91/100
|move|p2a: Walking Wake|Dragon Pulse|p1a: Venusaur
|-damage|p1a: Venusaur|17/100
|
|-weather|SunnyDay|[upkeep]
|upkeep
|turn|11
|inactive|TDNT has 90 seconds left.
|
|t:|1759068437
|-end|p2a: Walking Wake|Protosynthesis|[silent]
|switch|p2a: Tornadus|Tornadus-Therian, M|86/100
|move|p1a: Venusaur|Sludge Bomb|p2a: Tornadus
|-damage|p2a: Tornadus|61/100
|-damage|p1a: Venusaur|7/100|[from] item: Life Orb
|
|-weather|SunnyDay|[upkeep]
|upkeep
|turn|12
|
|t:|1759068441
|move|p1a: Venusaur|Sludge Bomb|p2a: Tornadus
|-damage|p2a: Tornadus|36/100
|-status|p2a: Tornadus|psn
|-damage|p1a: Venusaur|0 fnt|[from] item: Life Orb
|faint|p1a: Venusaur
|move|p2a: Tornadus|U-turn|p1: Venusaur|[notarget]
|-fail|p2a: Tornadus
|
|-weather|none
|-damage|p2a: Tornadus|23/100 psn|[from] psn
|upkeep
|
|t:|1759068455
|switch|p1a: Ninetales|Ninetales, F|91/100
|-weather|SunnyDay|[from] ability: Drought|[of] p1a: Ninetales
|turn|13
|
|t:|1759068462
|switch|p2a: Torkoal|Torkoal, F, shiny|100/100
|move|p1a: Ninetales|Healing Wish|p1a: Ninetales
|faint|p1a: Ninetales
|
|-weather|SunnyDay|[upkeep]
|upkeep
|
|t:|1759068467
|switch|p1a: Raging Bolt|Raging Bolt, tera:Flying|40/100
|-heal|p1a: Raging Bolt|100/100|[from] move: Healing Wish
|-activate|p1a: Raging Bolt|ability: Protosynthesis
|-start|p1a: Raging Bolt|protosynthesisspa
|turn|14
|
|t:|1759068488
|move|p1a: Raging Bolt|Calm Mind|p1a: Raging Bolt
|-boost|p1a: Raging Bolt|spa|1
|-boost|p1a: Raging Bolt|spd|1
|move|p2a: Torkoal|Overheat|p1a: Raging Bolt
|-damage|p1a: Raging Bolt|65/100
|-unboost|p2a: Torkoal|spa|2
|
|-weather|SunnyDay|[upkeep]
|-heal|p1a: Raging Bolt|71/100|[from] item: Leftovers
|upkeep
|turn|15
|inactive|TDNT has 120 seconds left.
|
|t:|1759068495
|move|p1a: Raging Bolt|Calm Mind|p1a: Raging Bolt
|-boost|p1a: Raging Bolt|spa|1
|-boost|p1a: Raging Bolt|spd|1
|move|p2a: Torkoal|Will-O-Wisp|p1a: Raging Bolt
|-status|p1a: Raging Bolt|brn
|
|-weather|SunnyDay|[upkeep]
|-heal|p1a: Raging Bolt|77/100 brn|[from] item: Leftovers
|-damage|p1a: Raging Bolt|71/100 brn|[from] brn
|upkeep
|turn|16
|inactive|TDNT has 120 seconds left.
|inactive|Pkel SweeTforU has 90 seconds left.
|inactive|TDNT has 90 seconds left.
|
|t:|1759068546
|switch|p2a: Tornadus|Tornadus-Therian, M|56/100 psn
|move|p1a: Raging Bolt|Calm Mind|p1a: Raging Bolt
|-boost|p1a: Raging Bolt|spa|1
|-boost|p1a: Raging Bolt|spd|1
|
|-weather|SunnyDay|[upkeep]
|-heal|p1a: Raging Bolt|77/100 brn|[from] item: Leftovers
|-damage|p2a: Tornadus|44/100 psn|[from] psn
|-damage|p1a: Raging Bolt|71/100 brn|[from] brn
|upkeep
|turn|17
|
|t:|1759068564
|move|p1a: Raging Bolt|Thunderclap|p2a: Tornadus
|-supereffective|p2a: Tornadus
|-damage|p2a: Tornadus|0 fnt
|faint|p2a: Tornadus
|
|-weather|SunnyDay|[upkeep]
|-heal|p1a: Raging Bolt|77/100 brn|[from] item: Leftovers
|-damage|p1a: Raging Bolt|71/100 brn|[from] brn
|upkeep
|
|t:|1759068579
|switch|p2a: Slither Wing|Slither Wing|84/100
|-activate|p2a: Slither Wing|ability: Protosynthesis
|-start|p2a: Slither Wing|protosynthesisatk
|turn|18
|inactive|Pkel SweeTforU has 60 seconds left.
|inactive|Pkel SweeTforU has 30 seconds left.
|inactive|Pkel SweeTforU has 20 seconds left.
|inactive|Pkel SweeTforU has 15 seconds left.
|
|t:|1759068649
|move|p2a: Slither Wing|First Impression|p1a: Raging Bolt
|-resisted|p1a: Raging Bolt
|-damage|p1a: Raging Bolt|44/100 brn
|move|p1a: Raging Bolt|Thunderbolt|p2a: Slither Wing
|-damage|p2a: Slither Wing|0 fnt
|faint|p2a: Slither Wing
|-end|p2a: Slither Wing|Protosynthesis|[silent]
|
|-weather|SunnyDay|[upkeep]
|-heal|p1a: Raging Bolt|50/100 brn|[from] item: Leftovers
|-damage|p1a: Raging Bolt|44/100 brn|[from] brn
|upkeep
|inactive|Pkel SweeTforU has 20 seconds left this turn.
|inactive|Pkel SweeTforU has 15 seconds left.
|inactive|Pkel SweeTforU has 10 seconds left.
|
|t:|1759068660
|switch|p2a: Kingambit|Kingambit, F|100/100
|-activate|p2a: Kingambit|ability: Supreme Overlord
|-start|p2a: Kingambit|fallen3|[silent]
|turn|19
|inactive|Pkel SweeTforU has 20 seconds left this turn.
|inactive|Pkel SweeTforU has 15 seconds left.
|inactive|TDNT has 90 seconds left.
|inactive|Pkel SweeTforU has 10 seconds left.
|inactive|Pkel SweeTforU has 5 seconds left.
|
|t:|1759068677
|move|p1a: Raging Bolt|Thunderbolt|p2a: Kingambit
|-damage|p2a: Kingambit|0 fnt
|faint|p2a: Kingambit
|-end|p2a: Kingambit|fallen3|[silent]
|
|-weather|SunnyDay|[upkeep]
|-heal|p1a: Raging Bolt|50/100 brn|[from] item: Leftovers
|-damage|p1a: Raging Bolt|44/100 brn|[from] brn
|upkeep
|inactive|Pkel SweeTforU has 10 seconds left this turn.
|inactive|Pkel SweeTforU has 5 seconds left.
|
|t:|1759068682
|switch|p2a: Walking Wake|Walking Wake|100/100
|-activate|p2a: Walking Wake|ability: Protosynthesis
|-start|p2a: Walking Wake|protosynthesisspa
|turn|20
|inactive|Pkel SweeTforU has 15 seconds left this turn.
|inactive|Pkel SweeTforU has 10 seconds left.
|inactive|Pkel SweeTforU has 5 seconds left.
|
|t:|1759068697
|move|p1a: Raging Bolt|Thunderclap|p2a: Walking Wake
|-damage|p2a: Walking Wake|0 fnt
|faint|p2a: Walking Wake
|-end|p2a: Walking Wake|Protosynthesis|[silent]
|
|-weather|none
|-end|p1a: Raging Bolt|Protosynthesis
|-heal|p1a: Raging Bolt|50/100 brn|[from] item: Leftovers
|-damage|p1a: Raging Bolt|44/100 brn|[from] brn
|upkeep
|inactive|Pkel SweeTforU has 10 seconds left this turn.
|
|t:|1759068698
|switch|p2a: Torkoal|Torkoal, F, shiny|100/100
|-weather|SunnyDay|[from] ability: Drought|[of] p2a: Torkoal
|-activate|p1a: Raging Bolt|ability: Protosynthesis
|-start|p1a: Raging Bolt|protosynthesisspa
|turn|21
|inactive|Pkel SweeTforU has 20 seconds left this turn.
|c|☆TDNT|gg
|c|☆Pkel SweeTforU|gg
|-message|Pkel SweeTforU forfeited.
|
|win|TDNT
|player|p2|
