|j|☆yadrielog
|j|☆UnitedDank
|t:|1759023702
|gametype|singles
|player|p1|yadrielog|unknown|1322
|player|p2|UnitedDank|265|1326
|gen|9
|tier|[Gen 9] OU
|rated|
|rule|HP Percentage Mod: HP is shown in percentages
|rule|Endless Battle Clause: Forcing endless battles is banned
|rule|Species Clause: Limit one of each Pokémon
|rule|OHKO Clause: OHKO moves are banned
|rule|Evasion Items Clause: Evasion items are banned
|rule|Evasion Moves Clause: Evasion moves are banned
|rule|Evasion Abilities Clause: Evasion abilities are banned
|rule|Sleep Moves Clause: Sleep-inducing moves are banned
|clearpoke
|poke|p1|Ogerpon-Wellspring, F|
|poke|p1|Ting-Lu|
|poke|p1|Gholdengo|
|poke|p1|Great Tusk|
|poke|p1|Goodra, F|
|poke|p1|Charizard, F|
|poke|p2|Raging Bolt|
|poke|p2|Great Tusk|
|poke|p2|Kingambit, M|
|poke|p2|Slowking-Galar, M|
|poke|p2|Ogerpon-Wellspring, F|
|poke|p2|Enamorus, F|
|teampreview
|
|t:|1759023727
|teamsize|p1|6
|teamsize|p2|6
|start
|switch|p1a: Charizard|Charizard, F|100/100
|switch|p2a: Enamorus|Enamorus, F|100/100
|turn|1
|inactive|Battle timer is ON: inactive players will automatically lose when time's up. (requested by UnitedDank)
|
|t:|1759023736
|switch|p2a: Slowking|Slowking-Galar, M|100/100
|move|p1a: Charizard|Fire Blast|p2a: Slowking
|-damage|p2a: Slowking|76/100
|
|upkeep
|turn|2
|
|t:|1759023746
|move|p1a: Charizard|Sunny Day|p1a: Charizard
|-weather|SunnyDay
|move|p2a: Slowking|Sludge Bomb|p1a: Charizard
|-damage|p1a: Charizard|56/100
|
|-weather|SunnyDay|[upkeep]
|-damage|p1a: Charizard|44/100|[from] ability: Solar Power|[of] p1a: Charizard
|upkeep
|turn|3
|inactive|UnitedDank has 120 seconds left.
|
|t:|1759023778
|move|p1a: Charizard|Fire Blast|p2a: Slowking
|-damage|p2a: Slowking|20/100
|move|p2a: Slowking|Psychic Noise|p1a: Charizard
|-damage|p1a: Charizard|8/100
|-start|p1a: Charizard|move: Heal Block
|
|-weather|SunnyDay|[upkeep]
|-damage|p1a: Charizard|0 fnt|[from] ability: Solar Power|[of] p1a: Charizard
|faint|p1a: Charizard
|upkeep
|
|t:|1759023789
|switch|p1a: Great Tusk|Great Tusk|100/100
|-activate|p1a: Great Tusk|ability: Protosynthesis
|-start|p1a: Great Tusk|protosynthesisatk
|turn|4
|
|t:|1759023799
|switch|p2a: Enamorus|Enamorus, F|100/100
|move|p1a: Great Tusk|Rapid Spin|p2a: Enamorus
|-damage|p2a: Enamorus|63/100
|-boost|p1a: Great Tusk|spe|1
|
|-weather|SunnyDay|[upkeep]
|upkeep
|turn|5
|
|t:|1759023806
|move|p2a: Enamorus|Moonblast|p1a: Great Tusk
|-supereffective|p1a: Great Tusk
|-crit|p1a: Great Tusk
|-damage|p1a: Great Tusk|0 fnt
|faint|p1a: Great Tusk
|-end|p1a: Great Tusk|Protosynthesis|[silent]
|
|-weather|SunnyDay|[upkeep]
|upkeep
|
|t:|1759023815
|switch|p1a: Gholdengo|Gholdengo|100/100
|turn|6
|
|t:|1759023833
|switch|p2a: Kingambit|Kingambit, M|100/100
|move|p1a: Gholdengo|Shadow Ball|p2a: Kingambit
|-resisted|p2a: Kingambit
|-damage|p2a: Kingambit|78/100
|-unboost|p2a: Kingambit|spd|1
|
|-weather|none
|-heal|p2a: Kingambit|85/100|[from] item: Leftovers
|upkeep
|turn|7
|
|t:|1759023856
|switch|p1a: Ting-Lu|Ting-Lu|100/100
|-ability|p1a: Ting-Lu|Vessel of Ruin
|move|p2a: Kingambit|Kowtow Cleave|p1a: Ting-Lu
|-resisted|p1a: Ting-Lu
|-damage|p1a: Ting-Lu|87/100
|
|-heal|p2a: Kingambit|91/100|[from] item: Leftovers
|-heal|p1a: Ting-Lu|93/100|[from] item: Leftovers
|upkeep
|turn|8
|inactive|UnitedDank has 120 seconds left.
|
|t:|1759023873
|-end|p2a: Kingambit|fallenundefined|[silent]
|switch|p2a: Enamorus|Enamorus, F|63/100
|move|p1a: Ting-Lu|Heavy Slam|p2a: Enamorus
|-supereffective|p2a: Enamorus
|-damage|p2a: Enamorus|0 fnt
|faint|p2a: Enamorus
|
|-heal|p1a: Ting-Lu|99/100|[from] item: Leftovers
|upkeep
|
|t:|1759023878
|switch|p2a: Ogerpon|Ogerpon-Wellspring, F|100/100
|turn|9
|
|t:|1759023884
|switch|p1a: Ogerpon|Ogerpon-Wellspring, F|100/100
|move|p2a: Ogerpon|Taunt|p1a: Ogerpon
|-start|p1a: Ogerpon|move: Taunt
|
|upkeep
|turn|10
|
|t:|1759023890
|move|p2a: Ogerpon|U-turn|p1a: Ogerpon
|-supereffective|p1a: Ogerpon
|-damage|p1a: Ogerpon|31/100
|
|t:|1759023901
|switch|p2a: Raging Bolt|Raging Bolt|100/100|[from] U-turn
|move|p1a: Ogerpon|U-turn|p2a: Raging Bolt
|-damage|p2a: Raging Bolt|75/100
|
|t:|1759023907
|switch|p1a: Ting-Lu|Ting-Lu|99/100|[from] U-turn
|-ability|p1a: Ting-Lu|Vessel of Ruin
|
|-heal|p1a: Ting-Lu|100/100|[from] item: Leftovers
|upkeep
|turn|11
|
|t:|1759023921
|-end|p2a: Raging Bolt|Protosynthesis|[silent]
|switch|p2a: Ogerpon|Ogerpon-Wellspring, F|100/100
|move|p1a: Ting-Lu|Ruination|p2a: Ogerpon
|-damage|p2a: Ogerpon|51/100
|
|upkeep
|turn|12
|
|t:|1759023930
|move|p2a: Ogerpon|Knock Off|p1a: Ting-Lu
|-resisted|p1a: Ting-Lu
|-damage|p1a: Ting-Lu|91/100
|-enditem|p1a: Ting-Lu|Leftovers|[from] move: Knock Off|[of] p2a: Ogerpon
|move|p1a: Ting-Lu|Stealth Rock|p2a: Ogerpon
|-sidestart|p2: UnitedDank|move: Stealth Rock
|
|upkeep
|turn|13
|
|t:|1759023940
|switch|p1a: Ogerpon|Ogerpon-Wellspring, F|31/100
|-terastallize|p2a: Ogerpon|Water
|detailschange|p2a: Ogerpon|Ogerpon-Wellspring-Tera, F, tera:Water
|-ability|p2a: Ogerpon|Embody Aspect (Wellspring)|boost
|-boost|p2a: Ogerpon|spd|1
|move|p2a: Ogerpon|Ivy Cudgel|p1a: Ogerpon|[anim] Ivy Cudgel Water
|-heal|p1a: Ogerpon|56/100|[from] ability: Water Absorb|[of] p2a: Ogerpon
|
|upkeep
|turn|14
|
|t:|1759023949
|move|p2a: Ogerpon|U-turn|p1a: Ogerpon
|-supereffective|p1a: Ogerpon
|-damage|p1a: Ogerpon|0 fnt
|faint|p1a: Ogerpon
|
|t:|1759023953
|switch|p2a: Great Tusk|Great Tusk|100/100|[from] U-turn
|
|upkeep
|
|t:|1759023971
|switch|p1a: Goodra|Goodra, F|100/100
|turn|15
|
|t:|1759023995
|move|p2a: Great Tusk|Rapid Spin|p1a: Goodra
|-damage|p1a: Goodra|75/100
|-boost|p2a: Great Tusk|spe|1
|-sideend|p2: UnitedDank|Stealth Rock|[from] move: Rapid Spin|[of] p2a: Great Tusk
|move|p1a: Goodra|Ice Beam|p2a: Great Tusk
|-supereffective|p2a: Great Tusk
|-damage|p2a: Great Tusk|7/100
|
|upkeep
|turn|16
|
|t:|1759024003
|move|p2a: Great Tusk|Headlong Rush|p1a: Goodra
|-crit|p1a: Goodra
|-damage|p1a: Goodra|0 fnt
|-unboost|p2a: Great Tusk|def|1
|-unboost|p2a: Great Tusk|spd|1
|faint|p1a: Goodra
|
|upkeep
|
|t:|1759024008
|switch|p1a: Ting-Lu|Ting-Lu|91/100
|-ability|p1a: Ting-Lu|Vessel of Ruin
|turn|17
|
|t:|1759024016
|move|p2a: Great Tusk|Headlong Rush|p1a: Ting-Lu
|-damage|p1a: Ting-Lu|58/100
|-unboost|p2a: Great Tusk|def|1
|-unboost|p2a: Great Tusk|spd|1
|move|p1a: Ting-Lu|Earthquake|p2a: Great Tusk
|-damage|p2a: Great Tusk|0 fnt
|faint|p2a: Great Tusk
|-end|p2a: Great Tusk|Protosynthesis|[silent]
|
|upkeep
|
|t:|1759024022
|switch|p2a: Ogerpon|Ogerpon-Wellspring-Tera, F, tera:Water|51/100
|-ability|p2a: Ogerpon|Embody Aspect (Wellspring)|boost
|-boost|p2a: Ogerpon|spd|1
|turn|18
|
|t:|1759024026
|move|p2a: Ogerpon|Ivy Cudgel|p1a: Ting-Lu|[anim] Ivy Cudgel Water
|-supereffective|p1a: Ting-Lu
|-damage|p1a: Ting-Lu|0 fnt
|faint|p1a: Ting-Lu
|
|upkeep
|
|t:|1759024029
|switch|p1a: Gholdengo|Gholdengo|100/100
|turn|19
|
|t:|1759024032
|-terastallize|p1a: Gholdengo|Fairy
|move|p1a: Gholdengo|Dazzling Gleam|p2a: Ogerpon
|-damage|p2a: Ogerpon|17/100
|move|p2a: Ogerpon|Knock Off|p1a: Gholdengo
|-resisted|p1a: Gholdengo
|-damage|p1a: Gholdengo|79/100
|-enditem|p1a: Gholdengo|Choice Scarf|[from] move: Knock Off|[of] p2a: Ogerpon
|
|upkeep
|turn|20
|
|t:|1759024037
|move|p2a: Ogerpon|Ivy Cudgel|p1a: Gholdengo|[anim] Ivy Cudgel Water
|-damage|p1a: Gholdengo|0 fnt
|faint|p1a: Gholdengo
|
|win|UnitedDank
|raw|yadrielog's rating: 1322 &rarr; <strong>1302</strong><br />(-20 for losing)
|raw|UnitedDank's rating: 1326 &rarr; <strong>1346</strong><br />(+20 for winning)
|l|☆UnitedDank
|player|p2|
|l|☆yadrielog
|player|p1|
