|j|☆Johnny tots
|j|☆Auburn Hills
|t:|1758986746
|gametype|singles
|player|p1|Johnny tots|266|1635
|player|p2|Auburn Hills|alder|1727
|gen|9
|tier|[Gen 9] OU
|rated|
|rule|HP Percentage Mod: HP is shown in percentages
|rule|Endless Battle Clause: Forcing endless battles is banned
|rule|Species Clause: Limit one of each Pokémon
|rule|OHKO Clause: OHKO moves are banned
|rule|Evasion Items Clause: Evasion items are banned
|rule|Evasion Moves Clause: Evasion moves are banned
|rule|Evasion Abilities Clause: Evasion abilities are banned
|rule|Sleep Moves Clause: Sleep-inducing moves are banned
|clearpoke
|poke|p1|Clefable, F|
|poke|p1|Dragonite, M|
|poke|p1|Thundurus-Therian, M|
|poke|p1|Manaphy|
|poke|p1|Iron Valiant|
|poke|p1|Klefki, F|
|poke|p2|Iron Moth|
|poke|p2|Umbreon, M|
|poke|p2|Garchomp, M|
|poke|p2|Glimmora, F|
|poke|p2|Gholdengo|
|poke|p2|Dragonite, F|
|teampreview
|
|t:|1758986758
|teamsize|p1|6
|teamsize|p2|6
|start
|switch|p1a: Iron Valiant|Iron Valiant|100/100
|switch|p2a: Julia Jacklin|Glimmora, F|100/100
|-enditem|p1a: Iron Valiant|Booster Energy
|-activate|p1a: Iron Valiant|ability: Quark Drive|[fromitem]
|-start|p1a: Iron Valiant|quarkdrivespe
|turn|1
|
|t:|1758986764
|-end|p1a: Iron Valiant|Quark Drive|[silent]
|switch|p1a: Klefki|Klefki, F|100/100
|move|p2a: Julia Jacklin|Sludge Wave|p1a: Klefki
|-immune|p1a: Klefki
|
|upkeep
|turn|2
|
|t:|1758986769
|move|p1a: Klefki|Light Screen|p1a: Klefki
|-sidestart|p1: Johnny tots|move: Light Screen
|move|p2a: Julia Jacklin|Earth Power|p1a: Klefki
|-supereffective|p1a: Klefki
|-damage|p1a: Klefki|62/100
|
|upkeep
|turn|3
|
|t:|1758986774
|move|p1a: Klefki|Reflect|p1a: Klefki
|-sidestart|p1: Johnny tots|Reflect
|move|p2a: Julia Jacklin|Earth Power|p1a: Klefki
|-supereffective|p1a: Klefki
|-damage|p1a: Klefki|23/100
|
|upkeep
|turn|4
|
|t:|1758986778
|switch|p2a: Smino|Gholdengo|100/100
|move|p1a: Klefki|Thunder Wave|p2a: Smino
|-immune|p2a: Smino|[from] ability: Good as Gold
|
|upkeep
|turn|5
|
|t:|1758986784
|switch|p1a: Dragonite|Dragonite, M|100/100
|move|p2a: Smino|Shadow Ball|p1a: Dragonite
|-damage|p1a: Dragonite|90/100
|
|upkeep
|turn|6
|
|t:|1758986787
|switch|p2a: Alvvays|Umbreon, M|100/100
|move|p1a: Dragonite|Dragon Dance|p1a: Dragonite
|-boost|p1a: Dragonite|atk|1
|-boost|p1a: Dragonite|spe|1
|
|upkeep
|turn|7
|
|t:|1758986789
|switch|p1a: Manaphy|Manaphy|100/100
|move|p2a: Alvvays|Thunder Wave|p1a: Manaphy|[miss]
|-miss|p2a: Alvvays|p1a: Manaphy
|
|upkeep
|turn|8
|
|t:|1758986792
|switch|p2a: Smino|Gholdengo|100/100
|move|p1a: Manaphy|Take Heart|p1a: Manaphy
|-boost|p1a: Manaphy|spa|1
|-boost|p1a: Manaphy|spd|1
|
|upkeep
|turn|9
|
|t:|1758986794
|switch|p1a: Dragonite|Dragonite, M|90/100
|move|p2a: Smino|Trick|p1a: Dragonite
|-activate|p2a: Smino|move: Trick|[of] p1a: Dragonite
|-item|p1a: Dragonite|Choice Scarf|[from] move: Trick
|-item|p2a: Smino|Heavy-Duty Boots|[from] move: Trick
|
|-sideend|p1: Johnny tots|move: Light Screen
|upkeep
|turn|10
|
|t:|1758986802
|switch|p1a: Klefki|Klefki, F|23/100
|move|p2a: Smino|Shadow Ball|p1a: Klefki
|-damage|p1a: Klefki|0 fnt
|faint|p1a: Klefki
|
|-sideend|p1: Johnny tots|Reflect
|upkeep
|
|t:|1758986808
|switch|p1a: Dragonite|Dragonite, M|90/100
|turn|11
|
|t:|1758986811
|switch|p1a: Manaphy|Manaphy|100/100
|move|p2a: Smino|Shadow Ball|p1a: Manaphy
|-damage|p1a: Manaphy|66/100
|
|-heal|p1a: Manaphy|72/100|[from] item: Leftovers
|upkeep
|turn|12
|
|t:|1758986816
|switch|p2a: Rat Tally|Garchomp, M|100/100
|switch|p1a: Clefable|Clefable, F|100/100
|
|upkeep
|turn|13
|
|t:|1758986820
|switch|p2a: Julia Jacklin|Glimmora, F|100/100
|move|p1a: Clefable|Moonblast|p2a: Julia Jacklin
|-resisted|p2a: Julia Jacklin
|-damage|p2a: Julia Jacklin|76/100
|
|upkeep
|turn|14
|
|t:|1758986824
|switch|p1a: Dragonite|Dragonite, M|90/100
|move|p2a: Julia Jacklin|Stealth Rock|p1a: Dragonite
|-sidestart|p1: Johnny tots|move: Stealth Rock
|
|upkeep
|turn|15
|
|t:|1758986829
|move|p1a: Dragonite|Earthquake|p2a: Julia Jacklin
|-supereffective|p2a: Julia Jacklin
|-damage|p2a: Julia Jacklin|0 fnt
|-activate|p2a: Julia Jacklin|ability: Toxic Debris
|-sidestart|p1: Johnny tots|move: Toxic Spikes
|faint|p2a: Julia Jacklin
|
|upkeep
|
|t:|1758986831
|switch|p2a: Elucid|Dragonite, F|100/100
|turn|16
|
|t:|1758986834
|switch|p1a: Iron Valiant|Iron Valiant|100/100
|-damage|p1a: Iron Valiant|94/100|[from] Stealth Rock
|-status|p1a: Iron Valiant|psn
|move|p2a: Elucid|Dragon Dance|p2a: Elucid
|-boost|p2a: Elucid|atk|1
|-boost|p2a: Elucid|spe|1
|
|-damage|p1a: Iron Valiant|82/100 psn|[from] psn
|upkeep
|turn|17
|
|t:|1758986837
|move|p2a: Elucid|Dragon Dance|p2a: Elucid
|-boost|p2a: Elucid|atk|1
|-boost|p2a: Elucid|spe|1
|move|p1a: Iron Valiant|Moonblast|p2a: Elucid
|-supereffective|p2a: Elucid
|-damage|p2a: Elucid|48/100
|
|-damage|p1a: Iron Valiant|69/100 psn|[from] psn
|upkeep
|turn|18
|
|t:|1758986842
|-terastallize|p1a: Iron Valiant|Steel
|move|p2a: Elucid|Earthquake|p1a: Iron Valiant
|-supereffective|p1a: Iron Valiant
|-damage|p1a: Iron Valiant|0 fnt
|faint|p1a: Iron Valiant
|-end|p1a: Iron Valiant|Quark Drive|[silent]
|
|upkeep
|
|t:|1758986847
|switch|p1a: Clefable|Clefable, F|100/100
|-status|p1a: Clefable|psn
|turn|19
|
|t:|1758986853
|move|p2a: Elucid|Earthquake|p1a: Clefable
|-damage|p1a: Clefable|21/100 psn
|move|p1a: Clefable|Moonblast|p2a: Elucid
|-supereffective|p2a: Elucid
|-damage|p2a: Elucid|0 fnt
|faint|p2a: Elucid
|
|-heal|p1a: Clefable|27/100 psn|[from] item: Leftovers
|upkeep
|
|t:|1758986859
|switch|p2a: Carly Rae|Iron Moth|100/100
|-enditem|p2a: Carly Rae|Booster Energy
|-activate|p2a: Carly Rae|ability: Quark Drive|[fromitem]
|-start|p2a: Carly Rae|quarkdrivespe
|turn|20
|
|t:|1758986862
|move|p2a: Carly Rae|Fiery Dance|p1a: Clefable
|-damage|p1a: Clefable|0 fnt
|faint|p1a: Clefable
|
|upkeep
|
|t:|1758986865
|switch|p1a: Dragonite|Dragonite, M|90/100
|-damage|p1a: Dragonite|65/100|[from] Stealth Rock
|turn|21
|
|t:|1758986868
|move|p2a: Carly Rae|Dazzling Gleam|p1a: Dragonite
|-supereffective|p1a: Dragonite
|-damage|p1a: Dragonite|13/100
|move|p1a: Dragonite|Earthquake|p2a: Carly Rae
|-supereffective|p2a: Carly Rae
|-damage|p2a: Carly Rae|0 fnt
|faint|p2a: Carly Rae
|-end|p2a: Carly Rae|Quark Drive|[silent]
|
|upkeep
|
|t:|1758986871
|switch|p2a: Alvvays|Umbreon, M|100/100
|turn|22
|
|t:|1758986874
|switch|p1a: Manaphy|Manaphy|72/100
|-damage|p1a: Manaphy|59/100|[from] Stealth Rock
|-status|p1a: Manaphy|psn
|move|p2a: Alvvays|Foul Play|p1a: Manaphy
|-damage|p1a: Manaphy|38/100 psn
|
|-heal|p1a: Manaphy|44/100 psn|[from] item: Leftovers
|-damage|p1a: Manaphy|32/100 psn|[from] psn
|upkeep
|turn|23
|
|t:|1758986878
|switch|p2a: Rat Tally|Garchomp, M|100/100
|move|p1a: Manaphy|Take Heart|p1a: Manaphy
|-boost|p1a: Manaphy|spa|1
|-boost|p1a: Manaphy|spd|1
|-curestatus|p1a: Manaphy|psn|[msg]
|
|-heal|p1a: Manaphy|38/100|[from] item: Leftovers
|upkeep
|turn|24
|
|t:|1758986883
|switch|p1a: Dragonite|Dragonite, M|13/100
|-damage|p1a: Dragonite|0 fnt|[from] Stealth Rock
|faint|p1a: Dragonite
|move|p2a: Rat Tally|Earthquake|p1: Dragonite|[notarget]
|-fail|p2a: Rat Tally
|
|upkeep
|
|t:|1758986885
|switch|p1a: Thundurus|Thundurus-Therian, M|100/100
|turn|25
|
|t:|1758986888
|-terastallize|p2a: Rat Tally|Electric
|move|p2a: Rat Tally|Scale Shot|p1a: Thundurus
|-damage|p1a: Thundurus|83/100
|-damage|p1a: Thundurus|66/100
|-damage|p1a: Thundurus|49/100
|-damage|p1a: Thundurus|29/100
|-damage|p1a: Thundurus|9/100
|-hitcount|p1a: Thundurus|5
|-unboost|p2a: Rat Tally|def|1
|-boost|p2a: Rat Tally|spe|1
|move|p1a: Thundurus|Agility|p1a: Thundurus
|-boost|p1a: Thundurus|spe|2
|
|upkeep
|turn|26
|
|t:|1758986894
|move|p1a: Thundurus|Grass Knot|p2a: Rat Tally
|-damage|p2a: Rat Tally|67/100
|-damage|p1a: Thundurus|0 fnt|[from] ability: Rough Skin|[of] p2a: Rat Tally
|faint|p1a: Thundurus
|move|p2a: Rat Tally|Scale Shot|p1: Thundurus|[notarget]
|-fail|p2a: Rat Tally
|
|upkeep
|
|t:|1758986897
|switch|p1a: Manaphy|Manaphy|38/100
|-damage|p1a: Manaphy|25/100|[from] Stealth Rock
|-status|p1a: Manaphy|psn
|turn|27
|
|t:|1758986899
|move|p2a: Rat Tally|Tera Blast|p1a: Manaphy|[anim] Tera Blast Electric
|-supereffective|p1a: Manaphy
|-damage|p1a: Manaphy|0 fnt
|faint|p1a: Manaphy
|
|win|Auburn Hills
|raw|Johnny tots's rating: 1635 &rarr; <strong>1620</strong><br />(-15 for losing)
|raw|Auburn Hills's rating: 1727 &rarr; <strong>1742</strong><br />(+15 for winning)
|c|☆Johnny tots|Gg
|l|☆Auburn Hills
|player|p2|
|l|☆Johnny tots
|player|p1|
