|j|☆Nuxlo871
|j|☆pikachuplanet
|t:|1758955744
|gametype|singles
|player|p1|Nuxlo871|riley|1162
|player|p2|pikachuplanet|pokekid|1244
|gen|9
|tier|[Gen 9] OU
|rated|
|rule|HP Percentage Mod: HP is shown in percentages
|rule|Endless Battle Clause: Forcing endless battles is banned
|rule|Species Clause: Limit one of each Pokémon
|rule|OHKO Clause: OHKO moves are banned
|rule|Evasion Items Clause: Evasion items are banned
|rule|Evasion Moves Clause: Evasion moves are banned
|rule|Evasion Abilities Clause: Evasion abilities are banned
|rule|Sleep Moves Clause: Sleep-inducing moves are banned
|clearpoke
|poke|p1|Haxorus, M|
|poke|p1|Ceruledge, F|
|poke|p1|Kingambit, F|
|poke|p1|Gyarados, M|
|poke|p1|Ursaluna, M|
|poke|p1|Breloom, M|
|poke|p2|Darkrai|
|poke|p2|Garchomp, M|
|poke|p2|Moltres|
|poke|p2|Ogerpon-Wellspring, F|
|poke|p2|Gholdengo|
|poke|p2|Great Tusk|
|teampreview
|inactive|Battle timer is ON: inactive players will automatically lose when time's up. (requested by pikachuplanet)
|
|t:|1758955748
|teamsize|p1|6
|teamsize|p2|6
|start
|switch|p1a: Haxorus|Haxorus, M, shiny|100/100
|switch|p2a: Garchomp|Garchomp, M|100/100
|-ability|p1a: Haxorus|Mold Breaker
|turn|1
|
|t:|1758955758
|move|p1a: Haxorus|Outrage|p2a: Garchomp
|-supereffective|p2a: Garchomp
|-damage|p2a: Garchomp|0 fnt
|-damage|p1a: Haxorus|88/100|[from] ability: Rough Skin|[of] p2a: Garchomp
|-damage|p1a: Haxorus|72/100|[from] item: Rocky Helmet|[of] p2a: Garchomp
|faint|p2a: Garchomp
|
|upkeep
|
|t:|1758955764
|switch|p2a: Moltres|Moltres|100/100
|turn|2
|
|t:|1758955768
|-terastallize|p2a: Moltres|Fairy
|move|p1a: Haxorus|Outrage|p2a: Moltres|[from] lockedmove
|-immune|p2a: Moltres
|-start|p1a: Haxorus|confusion|[fatigue]
|move|p2a: Moltres|Will-O-Wisp|p1a: Haxorus
|-status|p1a: Haxorus|brn
|
|-damage|p1a: Haxorus|66/100 brn|[from] brn
|upkeep
|turn|3
|
|t:|1758955781
|switch|p1a: Gyarados|Gyarados, M|100/100
|move|p2a: Moltres|Roar|p1a: Gyarados
|drag|p1a: Kingambit|Kingambit, F|100/100
|
|upkeep
|turn|4
|
|t:|1758955794
|-end|p1a: Kingambit|fallenundefined|[silent]
|switch|p1a: Gyarados|Gyarados, M|100/100
|move|p2a: Moltres|Will-O-Wisp|p1a: Gyarados
|-status|p1a: Gyarados|brn
|
|-damage|p1a: Gyarados|94/100 brn|[from] brn
|upkeep
|turn|5
|
|t:|1758955803
|switch|p2a: Ogerpon|Ogerpon-Wellspring, F|100/100
|move|p1a: Gyarados|Waterfall|p2a: Ogerpon
|-immune|p2a: Ogerpon|[from] ability: Water Absorb
|
|-damage|p1a: Gyarados|88/100 brn|[from] brn
|upkeep
|turn|6
|
|t:|1758955814
|switch|p1a: Breloom|Breloom, M|100/100
|move|p2a: Ogerpon|Swords Dance|p2a: Ogerpon
|-boost|p2a: Ogerpon|atk|2
|
|upkeep
|turn|7
|
|t:|1758955820
|move|p2a: Ogerpon|U-turn|p1a: Breloom
|-damage|p1a: Breloom|10/100
|
|t:|1758955824
|switch|p2a: Moltres|Moltres, tera:Fairy|100/100|[from] U-turn
|move|p1a: Breloom|Poison Jab|p2a: Moltres
|-supereffective|p2a: Moltres
|-damage|p2a: Moltres|40/100
|-status|p2a: Moltres|psn
|-status|p1a: Breloom|brn|[from] ability: Flame Body|[of] p2a: Moltres
|
|-damage|p2a: Moltres|27/100 psn|[from] psn
|-damage|p1a: Breloom|4/100 brn|[from] brn
|upkeep
|turn|8
|
|t:|1758955837
|switch|p2a: Gholdengo|Gholdengo|100/100
|move|p1a: Breloom|Mach Punch|p2a: Gholdengo
|-immune|p2a: Gholdengo
|
|-damage|p1a: Breloom|0 fnt|[from] brn
|faint|p1a: Breloom
|upkeep
|
|t:|1758955853
|switch|p1a: Ursaluna|Ursaluna, M|100/100
|turn|9
|
|t:|1758955862
|move|p2a: Gholdengo|Trick|p1a: Ursaluna
|-activate|p2a: Gholdengo|move: Trick|[of] p1a: Ursaluna
|-item|p1a: Ursaluna|Choice Scarf|[from] move: Trick
|-item|p2a: Gholdengo|Life Orb|[from] move: Trick
|move|p1a: Ursaluna|High Horsepower|p2a: Gholdengo
|-supereffective|p2a: Gholdengo
|-damage|p2a: Gholdengo|0 fnt
|faint|p2a: Gholdengo
|
|upkeep
|
|t:|1758955868
|switch|p2a: Ogerpon|Ogerpon-Wellspring, F|100/100
|turn|10
|
|t:|1758955872
|move|p2a: Ogerpon|Swords Dance|p2a: Ogerpon
|-boost|p2a: Ogerpon|atk|2
|move|p1a: Ursaluna|High Horsepower|p2a: Ogerpon
|-resisted|p2a: Ogerpon
|-damage|p2a: Ogerpon|64/100
|
|upkeep
|turn|11
|
|t:|1758955879
|move|p2a: Ogerpon|Horn Leech|p1a: Ursaluna
|-supereffective|p1a: Ursaluna
|-damage|p1a: Ursaluna|0 fnt
|-heal|p2a: Ogerpon|100/100|[from] drain|[of] p1a: Ursaluna
|faint|p1a: Ursaluna
|
|upkeep
|
|t:|1758955889
|switch|p1a: Haxorus|Haxorus, M, shiny|66/100 brn
|-ability|p1a: Haxorus|Mold Breaker
|turn|12
|
|t:|1758955897
|move|p2a: Ogerpon|Ivy Cudgel|p1a: Haxorus|[anim] Ivy Cudgel Water
|-resisted|p1a: Haxorus
|-crit|p1a: Haxorus
|-damage|p1a: Haxorus|0 fnt
|faint|p1a: Haxorus
|
|upkeep
|
|t:|1758955906
|switch|p1a: Gyarados|Gyarados, M|88/100 brn
|turn|13
|
|t:|1758955911
|move|p2a: Ogerpon|Horn Leech|p1a: Gyarados
|-damage|p1a: Gyarados|0 fnt
|faint|p1a: Gyarados
|
|upkeep
|
|t:|1758955916
|switch|p1a: Kingambit|Kingambit, F|100/100
|-activate|p1a: Kingambit|ability: Supreme Overlord
|-start|p1a: Kingambit|fallen4|[silent]
|turn|14
|
|t:|1758955921
|move|p1a: Kingambit|Sucker Punch|p2a: Ogerpon
|-damage|p2a: Ogerpon|0 fnt
|faint|p2a: Ogerpon
|
|upkeep
|
|t:|1758955927
|switch|p2a: Moltres|Moltres, tera:Fairy|27/100 psn
|turn|15
|
|t:|1758955931
|-end|p1a: Kingambit|fallen4|[silent]
|switch|p1a: Ceruledge|Ceruledge, F|100/100
|move|p2a: Moltres|Will-O-Wisp|p1a: Ceruledge
|-immune|p1a: Ceruledge
|
|-damage|p2a: Moltres|15/100 psn|[from] psn
|upkeep
|turn|16
|
|t:|1758955941
|move|p1a: Ceruledge|Flame Charge|p2a: Moltres
|-damage|p2a: Moltres|0 fnt
|-boost|p1a: Ceruledge|spe|1
|faint|p2a: Moltres
|-damage|p1a: Ceruledge|91/100|[from] item: Life Orb
|
|upkeep
|
|t:|1758955947
|switch|p2a: Great Tusk|Great Tusk|100/100
|-enditem|p2a: Great Tusk|Booster Energy
|-activate|p2a: Great Tusk|ability: Protosynthesis|[fromitem]
|-start|p2a: Great Tusk|protosynthesisatk
|turn|17
|
|t:|1758955959
|move|p1a: Ceruledge|Shadow Claw|p2a: Great Tusk
|-crit|p2a: Great Tusk
|-damage|p2a: Great Tusk|49/100
|-damage|p1a: Ceruledge|81/100|[from] item: Life Orb
|move|p2a: Great Tusk|Headlong Rush|p1a: Ceruledge
|-supereffective|p1a: Ceruledge
|-damage|p1a: Ceruledge|0 fnt
|-unboost|p2a: Great Tusk|def|1
|-unboost|p2a: Great Tusk|spd|1
|faint|p1a: Ceruledge
|
|upkeep
|
|t:|1758955971
|switch|p1a: Kingambit|Kingambit, F|100/100
|-activate|p1a: Kingambit|ability: Supreme Overlord
|-start|p1a: Kingambit|fallen5|[silent]
|turn|18
|
|t:|1758955975
|-end|p2a: Great Tusk|Protosynthesis|[silent]
|switch|p2a: Darkrai|Darkrai|100/100
|move|p1a: Kingambit|Sucker Punch||[still]
|-fail|p1a: Kingambit
|
|upkeep
|turn|19
|
|t:|1758955981
|move|p1a: Kingambit|Sucker Punch||[still]
|-fail|p1a: Kingambit
|move|p2a: Darkrai|Nasty Plot|p2a: Darkrai
|-boost|p2a: Darkrai|spa|2
|
|upkeep
|turn|20
|
|t:|1758955987
|switch|p2a: Great Tusk|Great Tusk|49/100
|move|p1a: Kingambit|Sucker Punch||[still]
|-fail|p1a: Kingambit
|
|upkeep
|turn|21
|
|t:|1758955993
|move|p1a: Kingambit|Sucker Punch|p2a: Great Tusk
|-resisted|p2a: Great Tusk
|-damage|p2a: Great Tusk|18/100
|move|p2a: Great Tusk|Headlong Rush|p1a: Kingambit
|-supereffective|p1a: Kingambit
|-damage|p1a: Kingambit|1/100
|-unboost|p2a: Great Tusk|def|1
|-unboost|p2a: Great Tusk|spd|1
|
|upkeep
|turn|22
|
|t:|1758956004
|-terastallize|p1a: Kingambit|Dark
|move|p1a: Kingambit|Sucker Punch|p2a: Great Tusk
|-resisted|p2a: Great Tusk
|-damage|p2a: Great Tusk|0 fnt
|faint|p2a: Great Tusk
|-end|p2a: Great Tusk|Protosynthesis|[silent]
|
|upkeep
|
|t:|1758956007
|switch|p2a: Darkrai|Darkrai|100/100
|turn|23
|
|t:|1758956012
|move|p1a: Kingambit|Sucker Punch|p2a: Darkrai
|-resisted|p2a: Darkrai
|-damage|p2a: Darkrai|40/100
|move|p2a: Darkrai|Ice Beam|p1a: Kingambit
|-damage|p1a: Kingambit|0 fnt
|faint|p1a: Kingambit
|-end|p1a: Kingambit|fallen5|[silent]
|
|win|pikachuplanet
|raw|Nuxlo871's rating: 1162 &rarr; <strong>1143</strong><br />(-19 for losing)
|raw|pikachuplanet's rating: 1244 &rarr; <strong>1263</strong><br />(+19 for winning)
|l|☆pikachuplanet
|player|p2|
|l|☆Nuxlo871
|player|p1|
