|j|☆RAGGNNAR
|j|☆Neuronn
|t:|1759058942
|gametype|singles
|player|p1|RAGGNNAR|ruinmaniac|1266
|player|p2|Neuronn|2|1321
|gen|9
|tier|[Gen 9] OU
|rated|
|rule|HP Percentage Mod: HP is shown in percentages
|rule|Endless Battle Clause: Forcing endless battles is banned
|rule|Species Clause: Limit one of each Pokémon
|rule|OHKO Clause: OHKO moves are banned
|rule|Evasion Items Clause: Evasion items are banned
|rule|Evasion Moves Clause: Evasion moves are banned
|rule|Evasion Abilities Clause: Evasion abilities are banned
|rule|Sleep Moves Clause: Sleep-inducing moves are banned
|clearpoke
|poke|p1|Goodra, F|
|poke|p1|Ogerpon-Wellspring, F|
|poke|p1|Weezing, M|
|poke|p1|Muk-Alola, M|
|poke|p1|Great Tusk|
|poke|p1|Clefable, F|
|poke|p2|Rillaboom, F|
|poke|p2|Magnezone|
|poke|p2|Hawlucha, F|
|poke|p2|Kyurem|
|poke|p2|Iron Moth|
|poke|p2|Quaquaval, F|
|teampreview
|inactive|Battle timer is ON: inactive players will automatically lose when time's up. (requested by RAGGNNAR)
|
|t:|1759058971
|teamsize|p1|6
|teamsize|p2|6
|start
|switch|p1a: Muk|Muk-Alola, M, shiny|100/100
|switch|p2a: Magnezone|Magnezone|100/100
|turn|1
|
|t:|1759058979
|move|p2a: Magnezone|Volt Switch|p1a: Muk
|-damage|p1a: Muk|62/100
|
|t:|1759059000
|switch|p2a: Quaquaval|Quaquaval, F|100/100|[from] Volt Switch
|move|p1a: Muk|Knock Off|p2a: Quaquaval
|-resisted|p2a: Quaquaval
|-damage|p2a: Quaquaval|68/100
|-status|p2a: Quaquaval|psn|[from] ability: Poison Touch|[of] p1a: Muk
|-enditem|p2a: Quaquaval|Assault Vest|[from] move: Knock Off|[of] p1a: Muk
|
|-damage|p2a: Quaquaval|56/100 psn|[from] psn
|upkeep
|turn|2
|
|t:|1759059015
|switch|p1a: Ogerpon|Ogerpon-Wellspring, F|100/100
|move|p2a: Quaquaval|Aqua Step|p1a: Ogerpon
|-immune|p1a: Ogerpon|[from] ability: Water Absorb
|
|-damage|p2a: Quaquaval|43/100 psn|[from] psn
|upkeep
|turn|3
|
|t:|1759059035
|switch|p2a: Rillaboom|Rillaboom, F|100/100
|-fieldstart|move: Grassy Terrain|[from] ability: Grassy Surge|[of] p2a: Rillaboom
|move|p1a: Ogerpon|Horn Leech|p2a: Rillaboom
|-resisted|p2a: Rillaboom
|-damage|p2a: Rillaboom|73/100
|
|-heal|p2a: Rillaboom|79/100|[from] Grassy Terrain
|upkeep
|turn|4
|
|t:|1759059041
|move|p2a: Rillaboom|Swords Dance|p2a: Rillaboom
|-boost|p2a: Rillaboom|atk|2
|move|p1a: Ogerpon|U-turn|p2a: Rillaboom
|-supereffective|p2a: Rillaboom
|-damage|p2a: Rillaboom|31/100
|
|t:|1759059051
|switch|p1a: Goodra|Goodra, F, shiny|100/100|[from] U-turn
|
|-heal|p2a: Rillaboom|38/100|[from] Grassy Terrain
|upkeep
|turn|5
|
|t:|1759059059
|move|p1a: Goodra|Flamethrower|p2a: Rillaboom
|-supereffective|p2a: Rillaboom
|-damage|p2a: Rillaboom|0 fnt
|faint|p2a: Rillaboom
|
|upkeep
|
|t:|1759059066
|switch|p2a: Hawlucha|Hawlucha, F|100/100
|-enditem|p2a: Hawlucha|Grassy Seed
|-boost|p2a: Hawlucha|def|1|[from] item: Grassy Seed
|turn|6
|
|t:|1759059080
|switch|p1a: Weezing|Weezing, M, shiny|100/100
|move|p2a: Hawlucha|Substitute|p2a: Hawlucha
|-start|p2a: Hawlucha|Substitute
|-damage|p2a: Hawlucha|76/100
|
|upkeep
|turn|7
|
|t:|1759059086
|move|p2a: Hawlucha|Swords Dance|p2a: Hawlucha
|-boost|p2a: Hawlucha|atk|2
|move|p1a: Weezing|Sludge Bomb|p2a: Hawlucha
|-end|p2a: Hawlucha|Substitute
|
|-fieldend|move: Grassy Terrain
|upkeep
|turn|8
|
|t:|1759059102
|move|p2a: Hawlucha|Substitute|p2a: Hawlucha
|-start|p2a: Hawlucha|Substitute
|-damage|p2a: Hawlucha|51/100
|move|p1a: Weezing|Sludge Bomb|p2a: Hawlucha
|-end|p2a: Hawlucha|Substitute
|
|upkeep
|turn|9
|
|t:|1759059107
|move|p2a: Hawlucha|Swords Dance|p2a: Hawlucha
|-boost|p2a: Hawlucha|atk|2
|move|p1a: Weezing|Sludge Bomb|p2a: Hawlucha
|-damage|p2a: Hawlucha|6/100
|
|upkeep
|turn|10
|
|t:|1759059115
|move|p2a: Hawlucha|Acrobatics|p1a: Weezing
|-damage|p1a: Weezing|11/100
|-damage|p2a: Hawlucha|0 fnt|[from] item: Rocky Helmet|[of] p1a: Weezing
|faint|p2a: Hawlucha
|move|p1a: Weezing|Sludge Bomb|p2: Hawlucha|[notarget]
|-fail|p1a: Weezing
|
|upkeep
|
|t:|1759059125
|switch|p2a: Quaquaval|Quaquaval, F|43/100 psn
|turn|11
|
|t:|1759059137
|move|p2a: Quaquaval|Rapid Spin|p1a: Weezing
|-damage|p1a: Weezing|0 fnt
|-boost|p2a: Quaquaval|spe|1
|-damage|p2a: Quaquaval|27/100 psn|[from] item: Rocky Helmet|[of] p1a: Weezing
|faint|p1a: Weezing
|-ability|p2a: Quaquaval|Moxie|boost
|-boost|p2a: Quaquaval|atk|1
|
|-damage|p2a: Quaquaval|14/100 psn|[from] psn
|upkeep
|
|t:|1759059152
|switch|p1a: Muk|Muk-Alola, M, shiny|62/100
|turn|12
|
|t:|1759059157
|move|p1a: Muk|Shadow Sneak|p2a: Quaquaval
|-damage|p2a: Quaquaval|0 fnt
|faint|p2a: Quaquaval
|
|upkeep
|
|t:|1759059165
|switch|p2a: Kyurem|Kyurem|100/100
|-ability|p2a: Kyurem|Pressure
|turn|13
|
|t:|1759059170
|move|p2a: Kyurem|Dragon Dance|p2a: Kyurem
|-boost|p2a: Kyurem|atk|1
|-boost|p2a: Kyurem|spe|1
|move|p1a: Muk|Drain Punch|p2a: Kyurem
|-supereffective|p2a: Kyurem
|-damage|p2a: Kyurem|52/100
|-heal|p1a: Muk|89/100|[from] drain|[of] p2a: Kyurem
|
|upkeep
|turn|14
|
|t:|1759059202
|move|p2a: Kyurem|Icicle Spear|p1a: Muk
|-damage|p1a: Muk|62/100
|-damage|p1a: Muk|37/100
|-damage|p1a: Muk|8/100
|-damage|p1a: Muk|0 fnt
|faint|p1a: Muk
|-hitcount|p1: Muk|4
|
|upkeep
|
|t:|1759059217
|switch|p1a: Great Tusk|Great Tusk, shiny|100/100
|turn|15
|
|t:|1759059228
|-terastallize|p1a: Great Tusk|Steel
|move|p2a: Kyurem|Substitute|p2a: Kyurem
|-start|p2a: Kyurem|Substitute
|-damage|p2a: Kyurem|27/100
|move|p1a: Great Tusk|Close Combat|p2a: Kyurem
|-supereffective|p2a: Kyurem
|-end|p2a: Kyurem|Substitute
|-unboost|p1a: Great Tusk|def|1
|-unboost|p1a: Great Tusk|spd|1
|
|upkeep
|turn|16
|
|t:|1759059240
|move|p2a: Kyurem|Substitute|p2a: Kyurem
|-start|p2a: Kyurem|Substitute
|-damage|p2a: Kyurem|2/100
|move|p1a: Great Tusk|Headlong Rush|p2a: Kyurem
|-end|p2a: Kyurem|Substitute
|-unboost|p1a: Great Tusk|def|1
|-unboost|p1a: Great Tusk|spd|1
|
|upkeep
|turn|17
|
|t:|1759059254
|-end|p1a: Great Tusk|Protosynthesis|[silent]
|switch|p1a: Clefable|Clefable, F, shiny|100/100
|move|p2a: Kyurem|Icicle Spear|p1a: Clefable
|-damage|p1a: Clefable|69/100
|-damage|p1a: Clefable|42/100
|-damage|p1a: Clefable|14/100
|-damage|p1a: Clefable|0 fnt
|faint|p1a: Clefable
|-hitcount|p1: Clefable|4
|
|upkeep
|
|t:|1759059262
|switch|p1a: Great Tusk|Great Tusk, shiny, tera:Steel|100/100
|turn|18
|
|t:|1759059275
|move|p2a: Kyurem|Dragon Claw|p1a: Great Tusk
|-resisted|p1a: Great Tusk
|-damage|p1a: Great Tusk|75/100
|move|p1a: Great Tusk|Rapid Spin|p2a: Kyurem
|-damage|p2a: Kyurem|0 fnt
|-boost|p1a: Great Tusk|spe|1
|faint|p2a: Kyurem
|
|upkeep
|
|t:|1759059294
|switch|p2a: Iron Moth|Iron Moth|100/100
|-enditem|p2a: Iron Moth|Booster Energy
|-activate|p2a: Iron Moth|ability: Quark Drive|[fromitem]
|-start|p2a: Iron Moth|quarkdrivespa
|turn|19
|
|t:|1759059304
|-terastallize|p2a: Iron Moth|Fire
|move|p1a: Great Tusk|Headlong Rush|p2a: Iron Moth
|-supereffective|p2a: Iron Moth
|-damage|p2a: Iron Moth|0 fnt
|-unboost|p1a: Great Tusk|def|1
|-unboost|p1a: Great Tusk|spd|1
|faint|p2a: Iron Moth
|-end|p2a: Iron Moth|Quark Drive|[silent]
|
|upkeep
|-message|Neuronn forfeited.
|
|win|RAGGNNAR
|raw|RAGGNNAR's rating: 1266 &rarr; <strong>1295</strong><br />(+29 for winning)
|raw|Neuronn's rating: 1321 &rarr; <strong>1298</strong><br />(-23 for losing)
|l|☆Neuronn
|player|p2|
|l|☆RAGGNNAR
|player|p1|
