|j|☆victory 4 u
|j|☆csuer-wxx
|t:|1759072191
|gametype|singles
|player|p1|victory 4 u|169|1209
|player|p2|csuer-wxx|pokekid|1190
|gen|9
|tier|[Gen 9] OU
|rated|
|rule|HP Percentage Mod: HP is shown in percentages
|rule|Endless Battle Clause: Forcing endless battles is banned
|rule|Species Clause: Limit one of each Pokémon
|rule|OHKO Clause: OHKO moves are banned
|rule|Evasion Items Clause: Evasion items are banned
|rule|Evasion Moves Clause: Evasion moves are banned
|rule|Evasion Abilities Clause: Evasion abilities are banned
|rule|Sleep Moves Clause: Sleep-inducing moves are banned
|clearpoke
|poke|p1|Litwick, M|
|poke|p1|Zweilous, F|
|poke|p1|Ogerpon-Wellspring, F|
|poke|p1|Slowbro, M|
|poke|p1|Mandibuzz, F|
|poke|p1|Chesnaught, M|
|poke|p2|Salamence, F|
|poke|p2|Pelipper, M|
|poke|p2|Ditto|
|poke|p2|Pecharunt|
|poke|p2|Kingambit, M|
|poke|p2|Serperior, M|
|teampreview
|
|t:|1759072221
|teamsize|p1|6
|teamsize|p2|6
|start
|switch|p1a: amor|Slowbro, M|100/100
|switch|p2a: Salamence|Salamence, F|100/100
|-ability|p2a: Salamence|Intimidate|boost
|-unboost|p1a: amor|atk|1
|turn|1
|
|t:|1759072246
|switch|p2a: Serperior|Serperior, M|100/100
|move|p1a: amor|Scald|p2a: Serperior
|-resisted|p2a: Serperior
|-damage|p2a: Serperior|87/100
|-status|p2a: Serperior|brn
|
|-damage|p2a: Serperior|80/100 brn|[from] brn
|upkeep
|turn|2
|
|t:|1759072297
|move|p2a: Serperior|Leaf Storm|p1a: amor
|-supereffective|p1a: amor
|-damage|p1a: amor|15/100
|-boost|p2a: Serperior|spa|2
|move|p1a: amor|Scald|p2a: Serperior
|-resisted|p2a: Serperior
|-damage|p2a: Serperior|66/100 brn
|
|-damage|p2a: Serperior|60/100 brn|[from] brn
|upkeep
|turn|3
|
|t:|1759072313
|move|p2a: Serperior|Leaf Storm|p1a: amor|[miss]
|-miss|p2a: Serperior|p1a: amor
|move|p1a: amor|Scald|p2a: Serperior
|-resisted|p2a: Serperior
|-damage|p2a: Serperior|45/100 brn
|
|-damage|p2a: Serperior|39/100 brn|[from] brn
|upkeep
|turn|4
|
|t:|1759072323
|move|p2a: Serperior|Giga Drain|p1a: amor
|-supereffective|p1a: amor
|-damage|p1a: amor|0 fnt
|-heal|p2a: Serperior|47/100 brn|[from] drain|[of] p1a: amor
|faint|p1a: amor
|
|-damage|p2a: Serperior|41/100 brn|[from] brn
|upkeep
|
|t:|1759072336
|switch|p1a: arnold|Litwick, M|100/100
|turn|5
|
|t:|1759072347
|move|p2a: Serperior|Leaf Storm|p1a: arnold
|-resisted|p1a: arnold
|-damage|p1a: arnold|29/100
|-boost|p2a: Serperior|spa|2
|move|p1a: arnold|Trick Room|p1a: arnold
|-fieldstart|move: Trick Room|[of] p1a: arnold
|
|-damage|p2a: Serperior|34/100 brn|[from] brn
|upkeep
|turn|6
|
|t:|1759072372
|move|p1a: arnold|Overheat|p2a: Serperior
|-supereffective|p2a: Serperior
|-damage|p2a: Serperior|0 fnt
|-unboost|p1a: arnold|spa|2
|faint|p2a: Serperior
|
|upkeep
|
|t:|1759072388
|switch|p2a: Pelipper|Pelipper, M|100/100
|-weather|RainDance|[from] ability: Drizzle|[of] p2a: Pelipper
|turn|7
|
|t:|1759072405
|move|p1a: arnold|Memento|p2a: Pelipper
|-unboost|p2a: Pelipper|atk|2
|-unboost|p2a: Pelipper|spa|2
|faint|p1a: arnold
|move|p2a: Pelipper|Hurricane|p1: arnold|[notarget]
|-fail|p2a: Pelipper
|
|-weather|RainDance|[upkeep]
|upkeep
|
|t:|1759072420
|switch|p1a: bepa|Zweilous, F|100/100
|turn|8
|
|t:|1759072429
|switch|p2a: Pecharunt|Pecharunt|100/100
|move|p1a: bepa|Outrage|p2a: Pecharunt
|-damage|p2a: Pecharunt|28/100
|
|-weather|RainDance|[upkeep]
|-heal|p2a: Pecharunt|34/100|[from] item: Black Sludge
|upkeep
|turn|9
|
|t:|1759072446
|switch|p2a: Kingambit|Kingambit, M|100/100
|-activate|p2a: Kingambit|ability: Supreme Overlord
|-start|p2a: Kingambit|fallen1|[silent]
|move|p1a: bepa|Outrage|p2a: Kingambit|[from] lockedmove
|-resisted|p2a: Kingambit
|-damage|p2a: Kingambit|61/100
|
|-weather|RainDance|[upkeep]
|-fieldend|move: Trick Room
|upkeep
|turn|10
|
|t:|1759072466
|move|p1a: bepa|Outrage|p2a: Kingambit|[from] lockedmove
|-resisted|p2a: Kingambit
|-damage|p2a: Kingambit|16/100
|-start|p1a: bepa|confusion|[fatigue]
|move|p2a: Kingambit|Iron Head|p1a: bepa
|-damage|p1a: bepa|14/100
|-damage|p2a: Kingambit|7/100|[from] item: Life Orb
|
|-weather|RainDance|[upkeep]
|upkeep
|turn|11
|
|t:|1759072482
|move|p2a: Kingambit|Sucker Punch|p1a: bepa
|-resisted|p1a: bepa
|-damage|p1a: bepa|0 fnt
|faint|p1a: bepa
|-damage|p2a: Kingambit|0 fnt|[from] item: Life Orb
|faint|p2a: Kingambit
|-end|p2a: Kingambit|fallen1|[silent]
|
|-weather|none
|upkeep
|
|t:|1759072492
|switch|p2a: Pelipper|Pelipper, M|100/100
|switch|p1a: intel|Ogerpon-Wellspring, F|100/100
|-weather|RainDance|[from] ability: Drizzle|[of] p2a: Pelipper
|turn|12
|
|t:|1759072526
|move|p1a: intel|Horn Leech|p2a: Pelipper
|-damage|p2a: Pelipper|61/100
|move|p2a: Pelipper|Hurricane|p1a: intel
|-supereffective|p1a: intel
|-damage|p1a: intel|0 fnt
|faint|p1a: intel
|
|-weather|RainDance|[upkeep]
|upkeep
|
|t:|1759072534
|switch|p1a: this is|Mandibuzz, F|100/100
|turn|13
|
|t:|1759072542
|move|p1a: this is|Nasty Plot|p1a: this is
|-boost|p1a: this is|spa|2
|move|p2a: Pelipper|Hurricane|p1a: this is
|-damage|p1a: this is|30/100
|
|-weather|RainDance|[upkeep]
|-heal|p1a: this is|36/100|[from] item: Leftovers
|upkeep
|turn|14
|c|☆victory 4 u|gg
|
|t:|1759072556
|move|p1a: this is|Dark Pulse|p2a: Pelipper
|-damage|p2a: Pelipper|0 fnt
|faint|p2a: Pelipper
|
|-weather|RainDance|[upkeep]
|-heal|p1a: this is|43/100|[from] item: Leftovers
|upkeep
|
|t:|1759072563
|switch|p2a: Ditto|Ditto|100/100
|-transform|p2a: Ditto|p1a: this is|[from] ability: Imposter
|turn|15
|
|t:|1759072589
|move|p2a: Ditto|Tera Blast|p1a: this is
|-damage|p1a: this is|10/100
|move|p1a: this is|Dark Pulse|p2a: Ditto
|-resisted|p2a: Ditto
|-damage|p2a: Ditto|70/100
|
|-weather|RainDance|[upkeep]
|-heal|p1a: this is|16/100|[from] item: Leftovers
|upkeep
|turn|16
|
|t:|1759072599
|move|p2a: Ditto|Tera Blast|p1a: this is
|-damage|p1a: this is|0 fnt
|faint|p1a: this is
|
|-weather|none
|upkeep
|
|t:|1759072604
|switch|p1a: code|Chesnaught, M|100/100
|turn|17
|
|t:|1759072621
|switch|p2a: Salamence|Salamence, F|100/100
|-ability|p2a: Salamence|Intimidate|boost
|-unboost|p1a: code|atk|1
|move|p1a: code|Leech Seed|p2a: Salamence
|-start|p2a: Salamence|move: Leech Seed
|
|-damage|p2a: Salamence|88/100|[from] Leech Seed|[of] p1a: code
|upkeep
|turn|18
|
|t:|1759072633
|switch|p2a: Ditto|Ditto|70/100
|-transform|p2a: Ditto|p1a: code|[from] ability: Imposter
|-terastallize|p1a: code|Fire
|move|p1a: code|Iron Defense|p1a: code
|-boost|p1a: code|def|2
|
|upkeep
|turn|19
|
|t:|1759072645
|move|p2a: Ditto|Leech Seed|p1a: code
|-start|p1a: code|move: Leech Seed
|move|p1a: code|Tera Blast|p2a: Ditto|[anim] Tera Blast Fire
|-supereffective|p2a: Ditto
|-damage|p2a: Ditto|42/100
|
|-damage|p1a: code|88/100|[from] Leech Seed|[of] p2a: Ditto
|-heal|p2a: Ditto|57/100|[silent]
|upkeep
|turn|20
|
|t:|1759072655
|switch|p2a: Salamence|Salamence, F|88/100
|-ability|p2a: Salamence|Intimidate|boost
|-unboost|p1a: code|atk|1
|move|p1a: code|Body Press|p2a: Salamence
|-resisted|p2a: Salamence
|-damage|p2a: Salamence|44/100
|
|-heal|p2a: Salamence|50/100|[from] item: Leftovers
|-damage|p1a: code|76/100|[from] Leech Seed|[of] p2a: Salamence
|-heal|p2a: Salamence|62/100|[silent]
|upkeep
|turn|21
|c|☆victory 4 u|gg
|
|t:|1759072667
|move|p2a: Salamence|Earthquake|p1a: code
|-supereffective|p1a: code
|-damage|p1a: code|57/100
|move|p1a: code|Body Press|p2a: Salamence
|-resisted|p2a: Salamence
|-damage|p2a: Salamence|16/100
|
|-heal|p2a: Salamence|22/100|[from] item: Leftovers
|-damage|p1a: code|45/100|[from] Leech Seed|[of] p2a: Salamence
|-heal|p2a: Salamence|34/100|[silent]
|upkeep
|turn|22
|
|t:|1759072679
|switch|p2a: Pecharunt|Pecharunt|34/100
|move|p1a: code|Body Press|p2a: Pecharunt
|-immune|p2a: Pecharunt
|
|-heal|p2a: Pecharunt|40/100|[from] item: Black Sludge
|-damage|p1a: code|33/100|[from] Leech Seed|[of] p2a: Pecharunt
|-heal|p2a: Pecharunt|52/100|[silent]
|upkeep
|turn|23
|
|t:|1759072695
|move|p2a: Pecharunt|Malignant Chain|p1a: code
|-damage|p1a: code|0 fnt
|faint|p1a: code
|
|win|csuer-wxx
|raw|victory 4 u's rating: 1209 &rarr; <strong>1183</strong><br />(-26 for losing)
|raw|csuer-wxx's rating: 1190 &rarr; <strong>1216</strong><br />(+26 for winning)
|l|☆victory 4 u
|player|p1|
|l|☆csuer-wxx
|player|p2|
