|j|☆qwolff
|j|☆Charle_phate
|t:|1758946344
|gametype|singles
|player|p1|qwolff|170|1431
|player|p2|Charle_phate|blue|1475
|gen|9
|tier|[Gen 9] OU
|rated|
|rule|HP Percentage Mod: HP is shown in percentages
|rule|Endless Battle Clause: Forcing endless battles is banned
|rule|Species Clause: Limit one of each Pokémon
|rule|OHKO Clause: OHKO moves are banned
|rule|Evasion Items Clause: Evasion items are banned
|rule|Evasion Moves Clause: Evasion moves are banned
|rule|Evasion Abilities Clause: Evasion abilities are banned
|rule|Sleep Moves Clause: Sleep-inducing moves are banned
|clearpoke
|poke|p1|Hippowdon, F|
|poke|p1|Tyranitar, F|
|poke|p1|Excadrill, M|
|poke|p1|Landorus-Therian, M|
|poke|p1|Gastrodon, F|
|poke|p1|Orthworm, M|
|poke|p2|Serperior, F|
|poke|p2|Rotom-Wash|
|poke|p2|Zapdos|
|poke|p2|Heatran, F|
|poke|p2|Clefable, M|
|poke|p2|Landorus-Therian, M|
|teampreview
|inactive|Battle timer is ON: inactive players will automatically lose when time's up. (requested by Charle_phate)
|
|t:|1758946357
|teamsize|p1|6
|teamsize|p2|6
|start
|switch|p1a: Gastrodon|Gastrodon, F|100/100
|switch|p2a: Rotom|Rotom-Wash|100/100
|turn|1
|
|t:|1758946363
|move|p2a: Rotom|Hydro Pump|p1a: Gastrodon
|-ability|p1a: Gastrodon|Storm Drain|boost
|-boost|p1a: Gastrodon|spa|1
|move|p1a: Gastrodon|Mirror Coat||[still]
|-fail|p1a: Gastrodon
|
|upkeep
|turn|2
|
|t:|1758946371
|switch|p2a: Serperior|Serperior, F|100/100
|move|p1a: Gastrodon|Chilling Water|p2a: Serperior
|-resisted|p2a: Serperior
|-damage|p2a: Serperior|86/100
|-boost|p2a: Serperior|atk|1
|
|-heal|p2a: Serperior|92/100|[from] item: Leftovers
|upkeep
|turn|3
|
|t:|1758946381
|switch|p1a: Tyranitar|Tyranitar, F|100/100
|-weather|Sandstorm|[from] ability: Sand Stream|[of] p1a: Tyranitar
|move|p2a: Serperior|Substitute|p2a: Serperior
|-start|p2a: Serperior|Substitute
|-damage|p2a: Serperior|67/100
|
|-weather|Sandstorm|[upkeep]
|-damage|p2a: Serperior|61/100|[from] Sandstorm
|-heal|p2a: Serperior|67/100|[from] item: Leftovers
|upkeep
|turn|4
|
|t:|1758946393
|move|p2a: Serperior|Glare|p1a: Tyranitar
|-status|p1a: Tyranitar|par
|move|p1a: Tyranitar|Crunch|p2a: Serperior
|-end|p2a: Serperior|Substitute
|
|-weather|Sandstorm|[upkeep]
|-damage|p2a: Serperior|61/100|[from] Sandstorm
|-heal|p2a: Serperior|67/100|[from] item: Leftovers
|upkeep
|turn|5
|
|t:|1758946404
|move|p2a: Serperior|Substitute|p2a: Serperior
|-start|p2a: Serperior|Substitute
|-damage|p2a: Serperior|42/100
|move|p1a: Tyranitar|Ice Punch|p2a: Serperior
|-supereffective|p2a: Serperior
|-end|p2a: Serperior|Substitute
|
|-weather|Sandstorm|[upkeep]
|-damage|p2a: Serperior|36/100|[from] Sandstorm
|-heal|p2a: Serperior|42/100|[from] item: Leftovers
|upkeep
|turn|6
|
|t:|1758946415
|move|p2a: Serperior|Substitute|p2a: Serperior
|-start|p2a: Serperior|Substitute
|-damage|p2a: Serperior|17/100
|move|p1a: Tyranitar|Ice Punch|p2a: Serperior
|-supereffective|p2a: Serperior
|-end|p2a: Serperior|Substitute
|
|-weather|Sandstorm|[upkeep]
|-damage|p2a: Serperior|11/100|[from] Sandstorm
|-heal|p2a: Serperior|17/100|[from] item: Leftovers
|upkeep
|turn|7
|
|t:|1758946427
|switch|p2a: Heatran|Heatran, F|100/100
|move|p1a: Tyranitar|Crunch|p2a: Heatran
|-damage|p2a: Heatran|57/100
|
|-weather|none
|-heal|p2a: Heatran|64/100|[from] item: Leftovers
|upkeep
|turn|8
|
|t:|1758946437
|move|p2a: Heatran|Substitute|p2a: Heatran
|-start|p2a: Heatran|Substitute
|-damage|p2a: Heatran|39/100
|move|p1a: Tyranitar|Earthquake|p2a: Heatran
|-supereffective|p2a: Heatran
|-end|p2a: Heatran|Substitute
|
|-heal|p2a: Heatran|45/100|[from] item: Leftovers
|upkeep
|turn|9
|
|t:|1758946450
|switch|p1a: Landorus|Landorus-Therian, M|100/100
|-ability|p1a: Landorus|Intimidate|boost
|-unboost|p2a: Heatran|atk|1
|move|p2a: Heatran|Substitute|p2a: Heatran
|-start|p2a: Heatran|Substitute
|-damage|p2a: Heatran|20/100
|
|-heal|p2a: Heatran|26/100|[from] item: Leftovers
|upkeep
|turn|10
|
|t:|1758946460
|move|p1a: Landorus|Earthquake|p2a: Heatran
|-supereffective|p2a: Heatran
|-end|p2a: Heatran|Substitute
|move|p2a: Heatran|Lava Plume|p1a: Landorus
|-damage|p1a: Landorus|54/100
|
|-heal|p1a: Landorus|60/100|[from] item: Leftovers
|-heal|p2a: Heatran|33/100|[from] item: Leftovers
|upkeep
|turn|11
|
|t:|1758946472
|switch|p2a: Landorus|Landorus-Therian, M|100/100
|-ability|p2a: Landorus|Intimidate|boost
|-unboost|p1a: Landorus|atk|1
|move|p1a: Landorus|U-turn|p2a: Landorus
|-resisted|p2a: Landorus
|-damage|p2a: Landorus|90/100
|
|t:|1758946475
|switch|p1a: Gastrodon|Gastrodon, F|100/100|[from] U-turn
|
|-heal|p2a: Landorus|96/100|[from] item: Leftovers
|upkeep
|turn|12
|
|t:|1758946489
|switch|p2a: Serperior|Serperior, F|17/100
|move|p1a: Gastrodon|Chilling Water|p2a: Serperior
|-resisted|p2a: Serperior
|-damage|p2a: Serperior|8/100
|-boost|p2a: Serperior|atk|1
|
|-heal|p2a: Serperior|14/100|[from] item: Leftovers
|upkeep
|turn|13
|
|t:|1758946500
|switch|p1a: Tyranitar|Tyranitar, F|100/100 par
|-weather|Sandstorm|[from] ability: Sand Stream|[of] p1a: Tyranitar
|move|p2a: Serperior|Leech Seed|p1a: Tyranitar
|-start|p1a: Tyranitar|move: Leech Seed
|
|-weather|Sandstorm|[upkeep]
|-damage|p2a: Serperior|8/100|[from] Sandstorm
|-heal|p2a: Serperior|14/100|[from] item: Leftovers
|-damage|p1a: Tyranitar|88/100 par|[from] Leech Seed|[of] p2a: Serperior
|-heal|p2a: Serperior|31/100|[silent]
|upkeep
|turn|14
|
|t:|1758946513
|switch|p1a: Landorus|Landorus-Therian, M|60/100
|-ability|p1a: Landorus|Intimidate|boost
|-boost|p2a: Serperior|atk|1
|move|p2a: Serperior|Substitute|p2a: Serperior
|-start|p2a: Serperior|Substitute
|-damage|p2a: Serperior|6/100
|
|-weather|Sandstorm|[upkeep]
|-damage|p2a: Serperior|0 fnt|[from] Sandstorm
|faint|p2a: Serperior
|-heal|p1a: Landorus|66/100|[from] item: Leftovers
|upkeep
|
|t:|1758946535
|switch|p2a: Landorus|Landorus-Therian, M|96/100
|-ability|p2a: Landorus|Intimidate|boost
|-unboost|p1a: Landorus|atk|1
|turn|15
|
|t:|1758946550
|switch|p1a: Orthworm|Orthworm, M, shiny|100/100
|move|p2a: Landorus|Stealth Rock|p1a: Orthworm
|-sidestart|p1: qwolff|move: Stealth Rock
|
|-weather|Sandstorm|[upkeep]
|-heal|p2a: Landorus|100/100|[from] item: Leftovers
|upkeep
|turn|16
|
|t:|1758946560
|move|p2a: Landorus|Earthquake|p1a: Orthworm
|-immune|p1a: Orthworm|[from] ability: Earth Eater
|move|p1a: Orthworm|Spikes|p2a: Landorus
|-sidestart|p2: Charle_phate|Spikes
|
|-weather|Sandstorm|[upkeep]
|upkeep
|turn|17
|inactive|Charle_phate has 120 seconds left.
|
|t:|1758946588
|switch|p2a: Zapdos|Zapdos|100/100
|move|p1a: Orthworm|Spikes|p2a: Zapdos
|-sidestart|p2: Charle_phate|Spikes
|
|-weather|none
|upkeep
|turn|18
|inactive|Charle_phate has 120 seconds left.
|
|t:|1758946610
|switch|p1a: Tyranitar|Tyranitar, F|88/100 par
|-damage|p1a: Tyranitar|76/100 par|[from] Stealth Rock
|-weather|Sandstorm|[from] ability: Sand Stream|[of] p1a: Tyranitar
|move|p2a: Zapdos|Ancient Power|p1a: Tyranitar
|-damage|p1a: Tyranitar|69/100 par
|
|-weather|Sandstorm|[upkeep]
|-damage|p2a: Zapdos|94/100|[from] Sandstorm
|-heal|p2a: Zapdos|100/100|[from] item: Leftovers
|upkeep
|turn|19
|inactive|Charle_phate has 120 seconds left.
|
|t:|1758946625
|switch|p2a: Rotom|Rotom-Wash|100/100
|move|p1a: Tyranitar|Stone Edge|p2a: Rotom|[miss]
|-miss|p1a: Tyranitar|p2a: Rotom
|
|-weather|Sandstorm|[upkeep]
|-damage|p2a: Rotom|95/100|[from] Sandstorm
|-heal|p2a: Rotom|100/100|[from] item: Leftovers
|upkeep
|turn|20
|inactive|Charle_phate has 120 seconds left.
|
|t:|1758946648
|switch|p2a: Heatran|Heatran, F|33/100
|-damage|p2a: Heatran|16/100|[from] Spikes
|cant|p1a: Tyranitar|par
|
|-weather|Sandstorm|[upkeep]
|-heal|p2a: Heatran|22/100|[from] item: Leftovers
|upkeep
|turn|21
|inactive|qwolff has 120 seconds left.
|
|t:|1758946677
|move|p2a: Heatran|Ancient Power|p1a: Tyranitar
|-damage|p1a: Tyranitar|62/100 par
|cant|p1a: Tyranitar|par
|
|-weather|Sandstorm|[upkeep]
|-heal|p2a: Heatran|28/100|[from] item: Leftovers
|upkeep
|turn|22
|inactive|qwolff has 120 seconds left.
|
|t:|1758946692
|move|p2a: Heatran|Substitute|p2a: Heatran
|-start|p2a: Heatran|Substitute
|-damage|p2a: Heatran|4/100
|move|p1a: Tyranitar|Earthquake|p2a: Heatran
|-supereffective|p2a: Heatran
|-end|p2a: Heatran|Substitute
|
|-weather|none
|-heal|p2a: Heatran|10/100|[from] item: Leftovers
|upkeep
|turn|23
|inactive|Charle_phate has 120 seconds left.
|
|t:|1758946703
|move|p2a: Heatran|Earth Power|p1a: Tyranitar
|-supereffective|p1a: Tyranitar
|-crit|p1a: Tyranitar
|-damage|p1a: Tyranitar|18/100 par
|move|p1a: Tyranitar|Crunch|p2a: Heatran
|-damage|p2a: Heatran|0 fnt
|faint|p2a: Heatran
|
|upkeep
|inactive|Charle_phate has 90 seconds left.
|
|t:|1758946738
|switch|p2a: Landorus|Landorus-Therian, M|100/100
|-ability|p2a: Landorus|Intimidate|boost
|-unboost|p1a: Tyranitar|atk|1
|turn|24
|
|t:|1758946744
|switch|p1a: Orthworm|Orthworm, M, shiny|100/100
|-damage|p1a: Orthworm|94/100|[from] Stealth Rock
|move|p2a: Landorus|Stealth Rock||[still]
|-fail|p2a: Landorus
|
|-heal|p1a: Orthworm|100/100|[from] item: Leftovers
|upkeep
|turn|25
|
|t:|1758946762
|switch|p2a: Zapdos|Zapdos|100/100
|move|p1a: Orthworm|Spikes|p2a: Zapdos
|-sidestart|p2: Charle_phate|Spikes
|
|upkeep
|turn|26
|
|t:|1758946772
|switch|p1a: Tyranitar|Tyranitar, F|18/100 par
|-damage|p1a: Tyranitar|5/100 par|[from] Stealth Rock
|-weather|Sandstorm|[from] ability: Sand Stream|[of] p1a: Tyranitar
|move|p2a: Zapdos|Ancient Power|p1a: Tyranitar
|-damage|p1a: Tyranitar|0 fnt
|-boost|p2a: Zapdos|atk|1
|-boost|p2a: Zapdos|def|1
|-boost|p2a: Zapdos|spa|1
|-boost|p2a: Zapdos|spd|1
|-boost|p2a: Zapdos|spe|1
|faint|p1a: Tyranitar
|
|-weather|Sandstorm|[upkeep]
|-damage|p2a: Zapdos|94/100|[from] Sandstorm
|-heal|p2a: Zapdos|100/100|[from] item: Leftovers
|upkeep
|
|t:|1758946784
|switch|p1a: Gastrodon|Gastrodon, F|100/100
|-damage|p1a: Gastrodon|94/100|[from] Stealth Rock
|turn|27
|
|t:|1758946792
|move|p2a: Zapdos|Heat Wave|p1a: Gastrodon
|-resisted|p1a: Gastrodon
|-damage|p1a: Gastrodon|80/100
|move|p1a: Gastrodon|Mirror Coat|p2a: Zapdos
|-damage|p2a: Zapdos|63/100
|
|-weather|Sandstorm|[upkeep]
|-damage|p2a: Zapdos|57/100|[from] Sandstorm
|-heal|p2a: Zapdos|63/100|[from] item: Leftovers
|-heal|p1a: Gastrodon|86/100|[from] item: Leftovers
|upkeep
|turn|28
|inactive|Charle_phate has 120 seconds left.
|
|t:|1758946803
|move|p2a: Zapdos|Heat Wave|p1a: Gastrodon
|-resisted|p1a: Gastrodon
|-damage|p1a: Gastrodon|74/100
|move|p1a: Gastrodon|Chilling Water|p2a: Zapdos
|-damage|p2a: Zapdos|53/100
|-unboost|p2a: Zapdos|atk|1
|
|-weather|Sandstorm|[upkeep]
|-damage|p2a: Zapdos|47/100|[from] Sandstorm
|-heal|p2a: Zapdos|53/100|[from] item: Leftovers
|-heal|p1a: Gastrodon|80/100|[from] item: Leftovers
|upkeep
|turn|29
|inactive|Charle_phate has 120 seconds left.
|
|t:|1758946816
|move|p2a: Zapdos|Heat Wave|p1a: Gastrodon
|-resisted|p1a: Gastrodon
|-damage|p1a: Gastrodon|65/100
|move|p1a: Gastrodon|Ice Beam|p2a: Zapdos
|-supereffective|p2a: Zapdos
|-damage|p2a: Zapdos|29/100
|
|-weather|Sandstorm|[upkeep]
|-damage|p2a: Zapdos|22/100|[from] Sandstorm
|-heal|p2a: Zapdos|29/100|[from] item: Leftovers
|-heal|p1a: Gastrodon|71/100|[from] item: Leftovers
|upkeep
|turn|30
|inactive|Charle_phate has 120 seconds left.
|
|t:|1758946828
|move|p2a: Zapdos|Roost|p2a: Zapdos
|-heal|p2a: Zapdos|79/100
|-singleturn|p2a: Zapdos|move: Roost
|move|p1a: Gastrodon|Ice Beam|p2a: Zapdos
|-damage|p2a: Zapdos|66/100
|
|-weather|none
|-heal|p2a: Zapdos|72/100|[from] item: Leftovers
|-heal|p1a: Gastrodon|77/100|[from] item: Leftovers
|upkeep
|turn|31
|inactive|Charle_phate has 120 seconds left.
|
|t:|1758946844
|move|p2a: Zapdos|Heat Wave|p1a: Gastrodon
|-resisted|p1a: Gastrodon
|-damage|p1a: Gastrodon|62/100
|move|p1a: Gastrodon|Ice Beam|p2a: Zapdos
|-supereffective|p2a: Zapdos
|-damage|p2a: Zapdos|48/100
|-status|p2a: Zapdos|frz
|
|-heal|p2a: Zapdos|54/100 frz|[from] item: Leftovers
|-heal|p1a: Gastrodon|68/100|[from] item: Leftovers
|upkeep
|turn|32
|inactive|Charle_phate has 120 seconds left.
|
|t:|1758946856
|cant|p2a: Zapdos|frz
|move|p1a: Gastrodon|Ice Beam|p2a: Zapdos
|-supereffective|p2a: Zapdos
|-damage|p2a: Zapdos|31/100 frz
|
|-heal|p2a: Zapdos|37/100 frz|[from] item: Leftovers
|-heal|p1a: Gastrodon|74/100|[from] item: Leftovers
|upkeep
|turn|33
|inactive|Charle_phate has 120 seconds left.
|
|t:|1758946866
|-curestatus|p2a: Zapdos|frz|[msg]
|move|p2a: Zapdos|Roost|p2a: Zapdos
|-heal|p2a: Zapdos|87/100
|-singleturn|p2a: Zapdos|move: Roost
|move|p1a: Gastrodon|Ice Beam|p2a: Zapdos
|-damage|p2a: Zapdos|74/100
|
|-heal|p2a: Zapdos|80/100|[from] item: Leftovers
|-heal|p1a: Gastrodon|81/100|[from] item: Leftovers
|upkeep
|turn|34
|inactive|Charle_phate has 120 seconds left.
|
|t:|1758946880
|move|p2a: Zapdos|Heat Wave|p1a: Gastrodon
|-resisted|p1a: Gastrodon
|-damage|p1a: Gastrodon|67/100
|move|p1a: Gastrodon|Ice Beam|p2a: Zapdos
|-supereffective|p2a: Zapdos
|-damage|p2a: Zapdos|55/100
|
|-heal|p2a: Zapdos|62/100|[from] item: Leftovers
|-heal|p1a: Gastrodon|74/100|[from] item: Leftovers
|upkeep
|turn|35
|inactive|Charle_phate has 120 seconds left.
|
|t:|1758946900
|move|p2a: Zapdos|Heat Wave|p1a: Gastrodon
|-resisted|p1a: Gastrodon
|-damage|p1a: Gastrodon|61/100
|move|p1a: Gastrodon|Mirror Coat|p2a: Zapdos
|-damage|p2a: Zapdos|27/100
|
|-heal|p2a: Zapdos|34/100|[from] item: Leftovers
|-heal|p1a: Gastrodon|67/100|[from] item: Leftovers
|upkeep
|turn|36
|inactive|Charle_phate has 120 seconds left.
|
|t:|1758946910
|switch|p1a: Hippowdon|Hippowdon, F|100/100
|-damage|p1a: Hippowdon|94/100|[from] Stealth Rock
|-weather|Sandstorm|[from] ability: Sand Stream|[of] p1a: Hippowdon
|move|p2a: Zapdos|Roost|p2a: Zapdos
|-heal|p2a: Zapdos|84/100
|-singleturn|p2a: Zapdos|move: Roost
|
|-weather|Sandstorm|[upkeep]
|-damage|p2a: Zapdos|77/100|[from] Sandstorm
|-heal|p2a: Zapdos|84/100|[from] item: Leftovers
|upkeep
|turn|37
|inactive|Charle_phate has 120 seconds left.
|
|t:|1758946924
|move|p2a: Zapdos|Heat Wave|p1a: Hippowdon
|-damage|p1a: Hippowdon|52/100
|move|p1a: Hippowdon|Whirlwind|p2a: Zapdos
|drag|p2a: Rotom|Rotom-Wash|100/100
|
|-weather|Sandstorm|[upkeep]
|-damage|p2a: Rotom|95/100|[from] Sandstorm
|-heal|p2a: Rotom|100/100|[from] item: Leftovers
|upkeep
|turn|38
|inactive|Charle_phate has 120 seconds left.
|
|t:|1758946946
|switch|p2a: Zapdos|Zapdos|84/100
|switch|p1a: Gastrodon|Gastrodon, F|67/100
|-damage|p1a: Gastrodon|61/100|[from] Stealth Rock
|
|-weather|Sandstorm|[upkeep]
|-damage|p2a: Zapdos|77/100|[from] Sandstorm
|-heal|p2a: Zapdos|84/100|[from] item: Leftovers
|-heal|p1a: Gastrodon|67/100|[from] item: Leftovers
|upkeep
|turn|39
|
|t:|1758946958
|move|p2a: Zapdos|Heat Wave|p1a: Gastrodon|[miss]
|-miss|p2a: Zapdos|p1a: Gastrodon
|move|p1a: Gastrodon|Ice Beam|p2a: Zapdos
|-supereffective|p2a: Zapdos
|-damage|p2a: Zapdos|48/100
|
|-weather|Sandstorm|[upkeep]
|-damage|p2a: Zapdos|41/100|[from] Sandstorm
|-heal|p2a: Zapdos|48/100|[from] item: Leftovers
|-heal|p1a: Gastrodon|73/100|[from] item: Leftovers
|upkeep
|turn|40
|
|t:|1758946971
|move|p2a: Zapdos|Heat Wave|p1a: Gastrodon
|-resisted|p1a: Gastrodon
|-damage|p1a: Gastrodon|63/100
|move|p1a: Gastrodon|Earth Power|p2a: Zapdos
|-immune|p2a: Zapdos
|
|-weather|Sandstorm|[upkeep]
|-damage|p2a: Zapdos|41/100|[from] Sandstorm
|-heal|p2a: Zapdos|48/100|[from] item: Leftovers
|-heal|p1a: Gastrodon|69/100|[from] item: Leftovers
|upkeep
|turn|41
|
|t:|1758946982
|move|p2a: Zapdos|Heat Wave|p1a: Gastrodon
|-resisted|p1a: Gastrodon
|-damage|p1a: Gastrodon|60/100
|move|p1a: Gastrodon|Ice Beam|p2a: Zapdos
|-supereffective|p2a: Zapdos
|-damage|p2a: Zapdos|8/100
|
|-weather|Sandstorm|[upkeep]
|-damage|p2a: Zapdos|2/100|[from] Sandstorm
|-heal|p2a: Zapdos|8/100|[from] item: Leftovers
|-heal|p1a: Gastrodon|66/100|[from] item: Leftovers
|upkeep
|turn|42
|
|t:|1758946995
|move|p2a: Zapdos|Heat Wave|p1a: Gastrodon
|-resisted|p1a: Gastrodon
|-damage|p1a: Gastrodon|58/100
|move|p1a: Gastrodon|Earth Power|p2a: Zapdos
|-immune|p2a: Zapdos
|
|-weather|Sandstorm|[upkeep]
|-damage|p2a: Zapdos|2/100|[from] Sandstorm
|-heal|p2a: Zapdos|8/100|[from] item: Leftovers
|-heal|p1a: Gastrodon|64/100|[from] item: Leftovers
|upkeep
|turn|43
|
|t:|1758947007
|move|p2a: Zapdos|Roost|p2a: Zapdos
|-heal|p2a: Zapdos|58/100
|-singleturn|p2a: Zapdos|move: Roost
|move|p1a: Gastrodon|Earth Power|p2a: Zapdos
|-supereffective|p2a: Zapdos
|-crit|p2a: Zapdos
|-damage|p2a: Zapdos|0 fnt
|faint|p2a: Zapdos
|
|-weather|none
|-heal|p1a: Gastrodon|70/100|[from] item: Leftovers
|upkeep
|inactive|Charle_phate has 90 seconds left.
|
|t:|1758947036
|switch|p2a: Rotom|Rotom-Wash|100/100
|turn|44
|
|t:|1758947042
|move|p2a: Rotom|Thunder Wave|p1a: Gastrodon
|-immune|p1a: Gastrodon
|move|p1a: Gastrodon|Mirror Coat||[still]
|-fail|p1a: Gastrodon
|
|-heal|p1a: Gastrodon|76/100|[from] item: Leftovers
|upkeep
|turn|45
|
|t:|1758947055
|move|p2a: Rotom|Charge Beam|p1a: Gastrodon
|-immune|p1a: Gastrodon
|move|p1a: Gastrodon|Chilling Water|p2a: Rotom
|-resisted|p2a: Rotom
|-damage|p2a: Rotom|93/100
|-unboost|p2a: Rotom|atk|1
|
|-heal|p2a: Rotom|99/100|[from] item: Leftovers
|-heal|p1a: Gastrodon|82/100|[from] item: Leftovers
|upkeep
|turn|46
|inactive|Charle_phate has 90 seconds left.
|
|t:|1758947071
|switch|p2a: Clefable|Clefable, M|100/100
|move|p1a: Gastrodon|Chilling Water|p2a: Clefable
|-damage|p2a: Clefable|87/100
|-unboost|p2a: Clefable|atk|1
|
|-heal|p2a: Clefable|93/100|[from] item: Leftovers
|-heal|p1a: Gastrodon|88/100|[from] item: Leftovers
|upkeep
|turn|47
|inactive|Charle_phate has 90 seconds left.
|
|t:|1758947086
|switch|p1a: Orthworm|Orthworm, M, shiny|100/100
|-damage|p1a: Orthworm|94/100|[from] Stealth Rock
|move|p2a: Clefable|Cosmic Power|p2a: Clefable
|-boost|p2a: Clefable|def|1
|-boost|p2a: Clefable|spd|1
|
|-heal|p1a: Orthworm|100/100|[from] item: Leftovers
|-heal|p2a: Clefable|99/100|[from] item: Leftovers
|upkeep
|turn|48
|inactive|Charle_phate has 90 seconds left.
|
|t:|1758947101
|move|p1a: Orthworm|Heavy Slam|p2a: Clefable
|-supereffective|p2a: Clefable
|-damage|p2a: Clefable|43/100
|move|p2a: Clefable|Cosmic Power|p2a: Clefable
|-boost|p2a: Clefable|def|1
|-boost|p2a: Clefable|spd|1
|
|-heal|p2a: Clefable|49/100|[from] item: Leftovers
|upkeep
|turn|49
|inactive|Charle_phate has 90 seconds left.
|
|t:|1758947123
|-terastallize|p2a: Clefable|Fire
|move|p1a: Orthworm|Heavy Slam|p2a: Clefable
|-resisted|p2a: Clefable
|-damage|p2a: Clefable|38/100
|move|p2a: Clefable|Cosmic Power|p2a: Clefable
|-boost|p2a: Clefable|def|1
|-boost|p2a: Clefable|spd|1
|
|-heal|p2a: Clefable|44/100|[from] item: Leftovers
|upkeep
|turn|50
|
|t:|1758947145
|switch|p1a: Hippowdon|Hippowdon, F|52/100
|-damage|p1a: Hippowdon|46/100|[from] Stealth Rock
|-weather|Sandstorm|[from] ability: Sand Stream|[of] p1a: Hippowdon
|move|p2a: Clefable|Cosmic Power|p2a: Clefable
|-boost|p2a: Clefable|def|1
|-boost|p2a: Clefable|spd|1
|
|-weather|Sandstorm|[upkeep]
|-heal|p2a: Clefable|50/100|[from] item: Leftovers
|upkeep
|turn|51
|
|t:|1758947158
|move|p2a: Clefable|Stored Power|p1a: Hippowdon
|-damage|p1a: Hippowdon|6/100
|move|p1a: Hippowdon|Whirlwind|p2a: Clefable
|drag|p2a: Rotom|Rotom-Wash|99/100
|
|-weather|Sandstorm|[upkeep]
|-damage|p2a: Rotom|93/100|[from] Sandstorm
|-heal|p2a: Rotom|99/100|[from] item: Leftovers
|upkeep
|turn|52
|
|t:|1758947172
|switch|p2a: Landorus|Landorus-Therian, M|100/100
|-ability|p2a: Landorus|Intimidate|boost
|-unboost|p1a: Hippowdon|atk|1
|move|p1a: Hippowdon|Stealth Rock|p2a: Landorus
|-sidestart|p2: Charle_phate|move: Stealth Rock
|
|-weather|Sandstorm|[upkeep]
|upkeep
|turn|53
|
|t:|1758947184
|move|p2a: Landorus|Swords Dance|p2a: Landorus
|-boost|p2a: Landorus|atk|2
|move|p1a: Hippowdon|Slack Off|p1a: Hippowdon
|-heal|p1a: Hippowdon|56/100
|
|-weather|Sandstorm|[upkeep]
|upkeep
|turn|54
|
|t:|1758947195
|move|p2a: Landorus|Earthquake|p1a: Hippowdon
|-damage|p1a: Hippowdon|0 fnt
|faint|p1a: Hippowdon
|
|-weather|Sandstorm|[upkeep]
|upkeep
|
|t:|1758947200
|switch|p1a: Landorus|Landorus-Therian, M|66/100
|-damage|p1a: Landorus|54/100|[from] Stealth Rock
|-ability|p1a: Landorus|Intimidate|boost
|-unboost|p2a: Landorus|atk|1
|turn|55
|
|t:|1758947210
|switch|p1a: Orthworm|Orthworm, M, shiny|100/100
|-damage|p1a: Orthworm|94/100|[from] Stealth Rock
|move|p2a: Landorus|Swords Dance|p2a: Landorus
|-boost|p2a: Landorus|atk|2
|
|-weather|Sandstorm|[upkeep]
|-heal|p1a: Orthworm|100/100|[from] item: Leftovers
|upkeep
|turn|56
|
|t:|1758947221
|move|p2a: Landorus|Rock Slide|p1a: Orthworm
|-resisted|p1a: Orthworm
|-damage|p1a: Orthworm|73/100
|move|p1a: Orthworm|Coil|p1a: Orthworm
|-boost|p1a: Orthworm|atk|1
|-boost|p1a: Orthworm|def|1
|-boost|p1a: Orthworm|accuracy|1
|
|-weather|Sandstorm|[upkeep]
|-heal|p1a: Orthworm|80/100|[from] item: Leftovers
|upkeep
|turn|57
|
|t:|1758947235
|move|p2a: Landorus|Swords Dance|p2a: Landorus
|-boost|p2a: Landorus|atk|2
|move|p1a: Orthworm|Coil|p1a: Orthworm
|-boost|p1a: Orthworm|atk|1
|-boost|p1a: Orthworm|def|1
|-boost|p1a: Orthworm|accuracy|1
|
|-weather|none
|-heal|p1a: Orthworm|86/100|[from] item: Leftovers
|upkeep
|turn|58
|
|t:|1758947245
|move|p2a: Landorus|Rock Slide|p1a: Orthworm
|-resisted|p1a: Orthworm
|-damage|p1a: Orthworm|68/100
|cant|p1a: Orthworm|flinch
|
|-heal|p1a: Orthworm|74/100|[from] item: Leftovers
|upkeep
|turn|59
|
|t:|1758947256
|move|p2a: Landorus|Rock Slide|p1a: Orthworm
|-resisted|p1a: Orthworm
|-damage|p1a: Orthworm|57/100
|move|p1a: Orthworm|Coil|p1a: Orthworm
|-boost|p1a: Orthworm|atk|1
|-boost|p1a: Orthworm|def|1
|-boost|p1a: Orthworm|accuracy|1
|
|-heal|p1a: Orthworm|63/100|[from] item: Leftovers
|upkeep
|turn|60
|
|t:|1758947268
|move|p2a: Landorus|Rock Slide|p1a: Orthworm|[miss]
|-miss|p2a: Landorus|p1a: Orthworm
|move|p1a: Orthworm|Heavy Slam|p2a: Landorus
|-damage|p2a: Landorus|0 fnt
|faint|p2a: Landorus
|
|-heal|p1a: Orthworm|69/100|[from] item: Leftovers
|upkeep
|
|t:|1758947293
|switch|p2a: Rotom|Rotom-Wash|99/100
|-damage|p2a: Rotom|87/100|[from] Stealth Rock
|turn|61
|
|t:|1758947302
|move|p2a: Rotom|Thunder Wave|p1a: Orthworm|[miss]
|-miss|p2a: Rotom|p1a: Orthworm
|move|p1a: Orthworm|Heavy Slam|p2a: Rotom
|-resisted|p2a: Rotom
|-damage|p2a: Rotom|57/100
|
|-heal|p2a: Rotom|62/100|[from] item: Leftovers
|-heal|p1a: Orthworm|75/100|[from] item: Leftovers
|upkeep
|turn|62
|
|t:|1758947321
|-terastallize|p1a: Orthworm|Electric
|move|p2a: Rotom|Thunder Wave|p1a: Orthworm
|-immune|p1a: Orthworm
|move|p1a: Orthworm|Coil|p1a: Orthworm
|-boost|p1a: Orthworm|atk|1
|-boost|p1a: Orthworm|def|1
|-boost|p1a: Orthworm|accuracy|1
|
|-heal|p2a: Rotom|68/100|[from] item: Leftovers
|-heal|p1a: Orthworm|82/100|[from] item: Leftovers
|upkeep
|turn|63
|
|t:|1758947336
|move|p2a: Rotom|Charge Beam|p1a: Orthworm
|-resisted|p1a: Orthworm
|-damage|p1a: Orthworm|66/100
|-boost|p2a: Rotom|spa|1
|move|p1a: Orthworm|Heavy Slam|p2a: Rotom
|-resisted|p2a: Rotom
|-damage|p2a: Rotom|30/100
|
|-heal|p2a: Rotom|36/100|[from] item: Leftovers
|-heal|p1a: Orthworm|73/100|[from] item: Leftovers
|upkeep
|turn|64
|
|t:|1758947347
|move|p2a: Rotom|Pain Split|p1a: Orthworm
|-sethp|p1a: Orthworm|50/100|[from] move: Pain Split|[silent]
|-sethp|p2a: Rotom|64/100|[from] move: Pain Split
|move|p1a: Orthworm|Heavy Slam|p2a: Rotom
|-resisted|p2a: Rotom
|-damage|p2a: Rotom|29/100
|
|-heal|p2a: Rotom|34/100|[from] item: Leftovers
|-heal|p1a: Orthworm|57/100|[from] item: Leftovers
|upkeep
|turn|65
|
|t:|1758947361
|move|p2a: Rotom|Hydro Pump|p1a: Orthworm
|-damage|p1a: Orthworm|0 fnt
|faint|p1a: Orthworm
|
|-heal|p2a: Rotom|40/100|[from] item: Leftovers
|upkeep
|
|t:|1758947366
|switch|p1a: Gastrodon|Gastrodon, F|88/100
|-damage|p1a: Gastrodon|82/100|[from] Stealth Rock
|turn|66
|
|t:|1758947383
|switch|p2a: Clefable|Clefable, M, tera:Fire|50/100
|move|p1a: Gastrodon|Chilling Water|p2a: Clefable
|-supereffective|p2a: Clefable
|-damage|p2a: Clefable|20/100
|-unboost|p2a: Clefable|atk|1
|
|-heal|p2a: Clefable|26/100|[from] item: Leftovers
|-heal|p1a: Gastrodon|88/100|[from] item: Leftovers
|upkeep
|turn|67
|
|t:|1758947394
|move|p2a: Clefable|Cosmic Power|p2a: Clefable
|-boost|p2a: Clefable|def|1
|-boost|p2a: Clefable|spd|1
|move|p1a: Gastrodon|Chilling Water|p2a: Clefable
|-supereffective|p2a: Clefable
|-damage|p2a: Clefable|9/100
|-unboost|p2a: Clefable|atk|1
|
|-heal|p2a: Clefable|15/100|[from] item: Leftovers
|-heal|p1a: Gastrodon|94/100|[from] item: Leftovers
|upkeep
|turn|68
|
|t:|1758947421
|switch|p1a: Excadrill|Excadrill, M, shiny|100/100
|-damage|p1a: Excadrill|97/100|[from] Stealth Rock
|move|p2a: Clefable|Draining Kiss|p1a: Excadrill
|-resisted|p1a: Excadrill
|-damage|p1a: Excadrill|87/100
|-heal|p2a: Clefable|23/100|[from] drain|[of] p1a: Excadrill
|
|-heal|p2a: Clefable|29/100|[from] item: Leftovers
|upkeep
|turn|69
|
|t:|1758947433
|move|p1a: Excadrill|Earthquake|p2a: Clefable
|-supereffective|p2a: Clefable
|-damage|p2a: Clefable|0 fnt
|faint|p2a: Clefable
|-damage|p1a: Excadrill|77/100|[from] item: Life Orb
|
|upkeep
|-message|Charle_phate forfeited.
|
|win|qwolff
|raw|qwolff's rating: 1431 &rarr; <strong>1454</strong><br />(+23 for winning)
|raw|Charle_phate's rating: 1475 &rarr; <strong>1452</strong><br />(-23 for losing)
|l|☆Charle_phate
|player|p2|
