|j|☆Katsuyuki
|j|☆tomatoparis
|t:|1759043156
|gametype|singles
|player|p1|Katsuyuki|brycen|1374
|player|p2|tomatoparis|170|1432
|gen|9
|tier|[Gen 9] OU
|rated|
|rule|HP Percentage Mod: HP is shown in percentages
|rule|Endless Battle Clause: Forcing endless battles is banned
|rule|Species Clause: Limit one of each Pokémon
|rule|OHKO Clause: OHKO moves are banned
|rule|Evasion Items Clause: Evasion items are banned
|rule|Evasion Moves Clause: Evasion moves are banned
|rule|Evasion Abilities Clause: Evasion abilities are banned
|rule|Sleep Moves Clause: Sleep-inducing moves are banned
|clearpoke
|poke|p1|Skarmory, F|
|poke|p1|Ting-Lu|
|poke|p1|Zamazenta-*|
|poke|p1|Pecharunt|
|poke|p1|Clefable, M|
|poke|p1|Walking Wake|
|poke|p2|Pelipper, F|
|poke|p2|Zamazenta-*|
|poke|p2|Kingdra, F|
|poke|p2|Barraskewda, F|
|poke|p2|Dondozo, F|
|poke|p2|Ludicolo, M|
|teampreview
|inactive|Battle timer is ON: inactive players will automatically lose when time's up. (requested by Katsuyuki)
|
|t:|1759043179
|teamsize|p1|6
|teamsize|p2|6
|start
|switch|p1a: Walking Wake|Walking Wake|100/100
|switch|p2a: Pelipper|Pelipper, F|100/100
|-weather|RainDance|[from] ability: Drizzle|[of] p2a: Pelipper
|turn|1
|
|t:|1759043185
|switch|p2a: Ludicolo|Ludicolo, M|100/100
|move|p1a: Walking Wake|Knock Off|p2a: Ludicolo
|-damage|p2a: Ludicolo|72/100
|-enditem|p2a: Ludicolo|Life Orb|[from] move: Knock Off|[of] p1a: Walking Wake
|
|-weather|RainDance|[upkeep]
|upkeep
|turn|2
|
|t:|1759043197
|move|p2a: Ludicolo|Giga Drain|p1a: Walking Wake
|-damage|p1a: Walking Wake|58/100
|-heal|p2a: Ludicolo|96/100|[from] drain|[of] p1a: Walking Wake
|move|p1a: Walking Wake|Draco Meteor|p2a: Ludicolo
|-damage|p2a: Ludicolo|24/100
|-unboost|p1a: Walking Wake|spa|2
|
|-weather|RainDance|[upkeep]
|upkeep
|turn|3
|
|t:|1759043206
|-end|p1a: Walking Wake|Protosynthesis|[silent]
|switch|p1a: Clefable|Clefable, M|100/100
|move|p2a: Ludicolo|Giga Drain|p1a: Clefable
|-damage|p1a: Clefable|67/100
|-heal|p2a: Ludicolo|46/100|[from] drain|[of] p1a: Clefable
|
|-weather|RainDance|[upkeep]
|-heal|p1a: Clefable|73/100|[from] item: Leftovers
|upkeep
|turn|4
|
|t:|1759043214
|move|p2a: Ludicolo|Weather Ball|p1a: Clefable
|-damage|p1a: Clefable|15/100
|move|p1a: Clefable|Moonlight|p1a: Clefable
|-heal|p1a: Clefable|40/100
|
|-weather|RainDance|[upkeep]
|-heal|p1a: Clefable|46/100|[from] item: Leftovers
|upkeep
|turn|5
|
|t:|1759043228
|move|p2a: Ludicolo|Weather Ball|p1a: Clefable
|-damage|p1a: Clefable|0 fnt
|faint|p1a: Clefable
|
|-weather|RainDance|[upkeep]
|upkeep
|
|t:|1759043236
|switch|p1a: Walking Wake|Walking Wake|58/100
|turn|6
|
|t:|1759043248
|move|p2a: Ludicolo|Giga Drain|p1a: Walking Wake
|-damage|p1a: Walking Wake|21/100
|-heal|p2a: Ludicolo|67/100|[from] drain|[of] p1a: Walking Wake
|move|p1a: Walking Wake|Draco Meteor|p2a: Ludicolo
|-damage|p2a: Ludicolo|0 fnt
|-unboost|p1a: Walking Wake|spa|2
|faint|p2a: Ludicolo
|
|-weather|RainDance|[upkeep]
|upkeep
|
|t:|1759043254
|switch|p2a: Kingdra|Kingdra, F|100/100
|turn|7
|
|t:|1759043262
|-end|p1a: Walking Wake|Protosynthesis|[silent]
|switch|p1a: Ting-Lu|Ting-Lu|100/100
|-ability|p1a: Ting-Lu|Vessel of Ruin
|-terastallize|p2a: Kingdra|Stellar
|move|p2a: Kingdra|Surf|p1a: Ting-Lu
|-supereffective|p1a: Ting-Lu
|-damage|p1a: Ting-Lu|13/100
|-damage|p2a: Kingdra|91/100|[from] item: Life Orb
|
|-weather|RainDance|[upkeep]
|-heal|p1a: Ting-Lu|19/100|[from] item: Leftovers
|upkeep
|turn|8
|
|t:|1759043274
|move|p2a: Kingdra|Surf|p1a: Ting-Lu
|-supereffective|p1a: Ting-Lu
|-damage|p1a: Ting-Lu|0 fnt
|faint|p1a: Ting-Lu
|-damage|p2a: Kingdra|81/100|[from] item: Life Orb
|
|-weather|none
|upkeep
|
|t:|1759043277
|switch|p1a: Walking Wake|Walking Wake|21/100
|turn|9
|
|t:|1759043280
|switch|p2a: Zamazenta|Zamazenta|100/100
|-ability|p2a: Zamazenta|Dauntless Shield|boost
|-boost|p2a: Zamazenta|def|1
|move|p1a: Walking Wake|Draco Meteor|p2a: Zamazenta
|-damage|p2a: Zamazenta|37/100
|-unboost|p1a: Walking Wake|spa|2
|
|upkeep
|turn|10
|
|t:|1759043288
|move|p2a: Zamazenta|Crunch|p1a: Walking Wake
|-damage|p1a: Walking Wake|0 fnt
|faint|p1a: Walking Wake
|-end|p1a: Walking Wake|Protosynthesis|[silent]
|
|upkeep
|
|t:|1759043295
|switch|p1a: Skarmory|Skarmory, F|100/100
|turn|11
|
|t:|1759043299
|switch|p2a: Pelipper|Pelipper, F|100/100
|-weather|RainDance|[from] ability: Drizzle|[of] p2a: Pelipper
|move|p1a: Skarmory|Spikes|p2a: Pelipper
|-sidestart|p2: tomatoparis|Spikes
|
|-weather|RainDance|[upkeep]
|upkeep
|turn|12
|
|t:|1759043301
|move|p1a: Skarmory|Spikes|p2a: Pelipper
|-sidestart|p2: tomatoparis|Spikes
|move|p2a: Pelipper|Hydro Pump|p1a: Skarmory
|-damage|p1a: Skarmory|26/100
|
|-weather|RainDance|[upkeep]
|upkeep
|turn|13
|
|t:|1759043305
|move|p1a: Skarmory|Spikes|p2a: Pelipper
|-sidestart|p2: tomatoparis|Spikes
|move|p2a: Pelipper|U-turn|p1a: Skarmory
|-resisted|p1a: Skarmory
|-damage|p1a: Skarmory|25/100
|-damage|p2a: Pelipper|84/100|[from] item: Rocky Helmet|[of] p1a: Skarmory
|
|t:|1759043309
|switch|p2a: Kingdra|Kingdra, F, tera:Stellar|81/100|[from] U-turn
|-damage|p2a: Kingdra|56/100|[from] Spikes
|
|-weather|RainDance|[upkeep]
|upkeep
|turn|14
|
|t:|1759043312
|move|p2a: Kingdra|Surf|p1a: Skarmory
|-damage|p1a: Skarmory|0 fnt
|faint|p1a: Skarmory
|-damage|p2a: Kingdra|46/100|[from] item: Life Orb
|
|-weather|RainDance|[upkeep]
|upkeep
|
|t:|1759043317
|switch|p1a: Pecharunt|Pecharunt|100/100
|turn|15
|
|t:|1759043320
|move|p2a: Kingdra|Surf|p1a: Pecharunt
|-damage|p1a: Pecharunt|23/100
|-damage|p2a: Kingdra|36/100|[from] item: Life Orb
|move|p1a: Pecharunt|Malignant Chain|p2a: Kingdra
|-damage|p2a: Kingdra|0 fnt
|faint|p2a: Kingdra
|
|-weather|RainDance|[upkeep]
|upkeep
|
|t:|1759043323
|switch|p2a: Barraskewda|Barraskewda, F|100/100
|-damage|p2a: Barraskewda|76/100|[from] Spikes
|turn|16
|
|t:|1759043326
|move|p2a: Barraskewda|Waterfall|p1a: Pecharunt
|-damage|p1a: Pecharunt|0 fnt
|faint|p1a: Pecharunt
|
|-weather|RainDance|[upkeep]
|upkeep
|
|t:|1759043328
|switch|p1a: Zamazenta|Zamazenta|100/100
|-ability|p1a: Zamazenta|Dauntless Shield|boost
|-boost|p1a: Zamazenta|def|1
|turn|17
|
|t:|1759043334
|move|p2a: Barraskewda|Waterfall|p1a: Zamazenta
|-damage|p1a: Zamazenta|41/100
|cant|p1a: Zamazenta|flinch
|
|-weather|RainDance|[upkeep]
|upkeep
|turn|18
|
|t:|1759043337
|move|p2a: Barraskewda|Waterfall|p1a: Zamazenta
|-damage|p1a: Zamazenta|0 fnt
|faint|p1a: Zamazenta
|
|win|tomatoparis
|raw|Katsuyuki's rating: 1374 &rarr; <strong>1357</strong><br />(-17 for losing)
|raw|tomatoparis's rating: 1432 &rarr; <strong>1449</strong><br />(+17 for winning)
|l|☆Katsuyuki
|player|p1|
|l|☆tomatoparis
|player|p2|
