|j|☆Gabriel512g
|j|☆doubledgit
|t:|1759038415
|gametype|singles
|player|p1|Gabriel512g|hilbert|1190
|player|p2|doubledgit|byron|1196
|gen|9
|tier|[Gen 9] OU
|rated|
|rule|HP Percentage Mod: HP is shown in percentages
|rule|Endless Battle Clause: Forcing endless battles is banned
|rule|Species Clause: Limit one of each Pokémon
|rule|OHKO Clause: OHKO moves are banned
|rule|Evasion Items Clause: Evasion items are banned
|rule|Evasion Moves Clause: Evasion moves are banned
|rule|Evasion Abilities Clause: Evasion abilities are banned
|rule|Sleep Moves Clause: Sleep-inducing moves are banned
|clearpoke
|poke|p1|Garganacl, M|
|poke|p1|Ursaluna, M|
|poke|p1|Reuniclus, F|
|poke|p1|Crawdaunt, M|
|poke|p1|Kingambit, F|
|poke|p1|Slowking-Galar, M|
|poke|p2|Samurott-Hisui, F|
|poke|p2|Great Tusk|
|poke|p2|Volcanion|
|poke|p2|Hydrapple, M|
|poke|p2|Gholdengo|
|poke|p2|Landorus-Therian, M|
|teampreview
|inactive|Battle timer is ON: inactive players will automatically lose when time's up. (requested by doubledgit)
|
|t:|1759038439
|teamsize|p1|6
|teamsize|p2|6
|start
|switch|p1a: Garganacl|Garganacl, M|100/100
|switch|p2a: Samurott|Samurott-Hisui, F|100/100
|turn|1
|
|t:|1759038454
|move|p2a: Samurott|Razor Shell|p1a: Garganacl
|-supereffective|p1a: Garganacl
|-damage|p1a: Garganacl|51/100
|-unboost|p1a: Garganacl|def|1
|move|p1a: Garganacl|Salt Cure|p2a: Samurott
|-damage|p2a: Samurott|84/100
|-start|p2a: Samurott|Salt Cure
|
|-heal|p1a: Garganacl|57/100|[from] item: Leftovers
|-damage|p2a: Samurott|59/100|[from] Salt Cure
|upkeep
|turn|2
|inactive|Gabriel512g has 120 seconds left.
|
|t:|1759038488
|switch|p1a: Kingambit|Kingambit, F|100/100
|move|p2a: Samurott|Razor Shell|p1a: Kingambit
|-damage|p1a: Kingambit|64/100
|-unboost|p1a: Kingambit|def|1
|
|-heal|p1a: Kingambit|70/100|[from] item: Leftovers
|-damage|p2a: Samurott|34/100|[from] Salt Cure
|upkeep
|turn|3
|inactive|Gabriel512g has 120 seconds left.
|
|t:|1759038499
|switch|p2a: Volcanion|Volcanion|100/100
|move|p1a: Kingambit|Sucker Punch||[still]
|-fail|p1a: Kingambit
|
|-heal|p1a: Kingambit|76/100|[from] item: Leftovers
|upkeep
|turn|4
|inactive|Gabriel512g has 120 seconds left.
|
|t:|1759038513
|-end|p1a: Kingambit|fallenundefined|[silent]
|switch|p1a: Slowking|Slowking-Galar, M|100/100
|move|p2a: Volcanion|Will-O-Wisp|p1a: Slowking|[miss]
|-miss|p2a: Volcanion|p1a: Slowking
|
|upkeep
|turn|5
|inactive|Gabriel512g has 120 seconds left.
|
|t:|1759038526
|switch|p2a: Samurott|Samurott-Hisui, F|34/100
|move|p1a: Slowking|Toxic Spikes|p2a: Samurott
|-sidestart|p2: doubledgit|move: Toxic Spikes
|
|upkeep
|turn|6
|inactive|Gabriel512g has 120 seconds left.
|
|t:|1759038539
|switch|p1a: Crawdaunt|Crawdaunt, M|100/100
|move|p2a: Samurott|Knock Off|p1a: Crawdaunt
|-resisted|p1a: Crawdaunt
|-damage|p1a: Crawdaunt|75/100
|-enditem|p1a: Crawdaunt|Choice Band|[from] move: Knock Off|[of] p2a: Samurott
|
|upkeep
|turn|7
|inactive|Gabriel512g has 120 seconds left.
|
|t:|1759038551
|switch|p2a: Landorus|Landorus-Therian, M|100/100
|-ability|p2a: Landorus|Intimidate|boost
|-unboost|p1a: Crawdaunt|atk|1
|move|p1a: Crawdaunt|Knock Off|p2a: Landorus
|-damage|p2a: Landorus|49/100
|-enditem|p2a: Landorus|Choice Scarf|[from] move: Knock Off|[of] p1a: Crawdaunt
|
|upkeep
|turn|8
|inactive|Gabriel512g has 120 seconds left.
|
|t:|1759038564
|move|p1a: Crawdaunt|Aqua Jet|p2a: Landorus
|-supereffective|p2a: Landorus
|-damage|p2a: Landorus|4/100
|move|p2a: Landorus|U-turn|p1a: Crawdaunt
|-supereffective|p1a: Crawdaunt
|-damage|p1a: Crawdaunt|14/100
|
|t:|1759038569
|switch|p2a: Great Tusk|Great Tusk|100/100|[from] U-turn
|
|upkeep
|turn|9
|
|t:|1759038575
|move|p1a: Crawdaunt|Aqua Jet|p2a: Great Tusk
|-supereffective|p2a: Great Tusk
|-damage|p2a: Great Tusk|71/100
|move|p2a: Great Tusk|Rapid Spin|p1a: Crawdaunt
|-damage|p1a: Crawdaunt|0 fnt
|-boost|p2a: Great Tusk|spe|1
|-sideend|p2: doubledgit|Toxic Spikes|[from] move: Rapid Spin|[of] p2a: Great Tusk
|faint|p1a: Crawdaunt
|
|upkeep
|inactive|Gabriel512g has 120 seconds left.
|
|t:|1759038591
|switch|p1a: Reuniclus|Reuniclus, F|100/100
|turn|10
|
|t:|1759038597
|move|p2a: Great Tusk|Stealth Rock|p1a: Reuniclus
|-sidestart|p1: Gabriel512g|move: Stealth Rock
|move|p1a: Reuniclus|Trick Room|p1a: Reuniclus
|-fieldstart|move: Trick Room|[of] p1a: Reuniclus
|
|upkeep
|turn|11
|
|t:|1759038606
|-end|p2a: Great Tusk|Protosynthesis|[silent]
|switch|p2a: Samurott|Samurott-Hisui, F|34/100
|move|p1a: Reuniclus|Focus Blast|p2a: Samurott|[miss]
|-miss|p1a: Reuniclus|p2a: Samurott
|
|upkeep
|turn|12
|
|t:|1759038615
|move|p2a: Samurott|Sucker Punch|p1a: Reuniclus
|-supereffective|p1a: Reuniclus
|-damage|p1a: Reuniclus|45/100
|move|p1a: Reuniclus|Focus Blast|p2a: Samurott
|-supereffective|p2a: Samurott
|-damage|p2a: Samurott|0 fnt
|faint|p2a: Samurott
|
|upkeep
|
|t:|1759038621
|switch|p2a: Gholdengo|Gholdengo|100/100
|-item|p2a: Gholdengo|Air Balloon
|turn|13
|
|t:|1759038629
|move|p1a: Reuniclus|Psychic|p2a: Gholdengo
|-resisted|p2a: Gholdengo
|-damage|p2a: Gholdengo|71/100
|-enditem|p2a: Gholdengo|Air Balloon
|move|p2a: Gholdengo|Nasty Plot|p2a: Gholdengo
|-boost|p2a: Gholdengo|spa|2
|
|upkeep
|turn|14
|
|t:|1759038639
|move|p1a: Reuniclus|Shadow Ball|p2a: Gholdengo
|-supereffective|p2a: Gholdengo
|-damage|p2a: Gholdengo|0 fnt
|faint|p2a: Gholdengo
|
|-fieldend|move: Trick Room
|upkeep
|
|t:|1759038649
|switch|p2a: Landorus|Landorus-Therian, M|4/100
|-ability|p2a: Landorus|Intimidate|boost
|-unboost|p1a: Reuniclus|atk|1
|turn|15
|
|t:|1759038654
|move|p2a: Landorus|U-turn|p1a: Reuniclus
|-supereffective|p1a: Reuniclus
|-damage|p1a: Reuniclus|0 fnt
|faint|p1a: Reuniclus
|
|t:|1759038660
|switch|p2a: Volcanion|Volcanion|100/100|[from] U-turn
|
|upkeep
|
|t:|1759038664
|switch|p1a: Slowking|Slowking-Galar, M|100/100
|turn|16
|
|t:|1759038674
|switch|p2a: Landorus|Landorus-Therian, M|4/100
|-ability|p2a: Landorus|Intimidate|boost
|-unboost|p1a: Slowking|atk|1
|move|p1a: Slowking|Sludge Bomb|p2a: Landorus
|-resisted|p2a: Landorus
|-damage|p2a: Landorus|0 fnt
|faint|p2a: Landorus
|
|upkeep
|
|t:|1759038675
|switch|p2a: Great Tusk|Great Tusk|71/100
|turn|17
|
|t:|1759038686
|move|p2a: Great Tusk|Headlong Rush|p1a: Slowking
|-supereffective|p1a: Slowking
|-crit|p1a: Slowking
|-damage|p1a: Slowking|0 fnt
|-unboost|p2a: Great Tusk|def|1
|-unboost|p2a: Great Tusk|spd|1
|faint|p1a: Slowking
|
|upkeep
|
|t:|1759038694
|switch|p1a: Ursaluna|Ursaluna, M|100/100
|-damage|p1a: Ursaluna|94/100|[from] Stealth Rock
|turn|18
|
|t:|1759038699
|move|p2a: Great Tusk|Ice Spinner|p1a: Ursaluna
|-supereffective|p1a: Ursaluna
|-damage|p1a: Ursaluna|55/100
|move|p1a: Ursaluna|Bulk Up|p1a: Ursaluna
|-boost|p1a: Ursaluna|atk|1
|-boost|p1a: Ursaluna|def|1
|
|-status|p1a: Ursaluna|brn|[from] item: Flame Orb
|upkeep
|turn|19
|
|t:|1759038708
|-terastallize|p1a: Ursaluna|Fighting
|move|p2a: Great Tusk|Ice Spinner|p1a: Ursaluna
|-damage|p1a: Ursaluna|41/100 brn
|move|p1a: Ursaluna|Drain Punch|p2a: Great Tusk
|-damage|p2a: Great Tusk|0 fnt
|-heal|p1a: Ursaluna|69/100 brn|[from] drain|[of] p2a: Great Tusk
|faint|p2a: Great Tusk
|-end|p2a: Great Tusk|Protosynthesis|[silent]
|
|-damage|p1a: Ursaluna|63/100 brn|[from] brn
|upkeep
|
|t:|1759038718
|switch|p2a: Volcanion|Volcanion|100/100
|turn|20
|
|t:|1759038723
|move|p2a: Volcanion|Steam Eruption|p1a: Ursaluna
|-damage|p1a: Ursaluna|11/100 brn
|move|p1a: Ursaluna|Facade|p2a: Volcanion
|-damage|p2a: Volcanion|0 fnt
|faint|p2a: Volcanion
|
|-damage|p1a: Ursaluna|5/100 brn|[from] brn
|upkeep
|
|t:|1759038728
|switch|p2a: Hydrapple|Hydrapple, M|100/100
|turn|21
|
|t:|1759038736
|move|p2a: Hydrapple|Giga Drain|p1a: Ursaluna
|-damage|p1a: Ursaluna|0 fnt
|faint|p1a: Ursaluna
|
|upkeep
|
|t:|1759038743
|switch|p1a: Garganacl|Garganacl, M|57/100
|-damage|p1a: Garganacl|45/100|[from] Stealth Rock
|turn|22
|
|t:|1759038746
|move|p2a: Hydrapple|Giga Drain|p1a: Garganacl
|-supereffective|p1a: Garganacl
|-damage|p1a: Garganacl|0 fnt
|faint|p1a: Garganacl
|
|upkeep
|
|t:|1759038751
|switch|p1a: Kingambit|Kingambit, F|76/100
|-damage|p1a: Kingambit|70/100|[from] Stealth Rock
|-activate|p1a: Kingambit|ability: Supreme Overlord
|-start|p1a: Kingambit|fallen5|[silent]
|turn|23
|
|t:|1759038757
|move|p1a: Kingambit|Sucker Punch||[still]
|-fail|p1a: Kingambit
|move|p2a: Hydrapple|Nasty Plot|p2a: Hydrapple
|-boost|p2a: Hydrapple|spa|2
|
|-heal|p1a: Kingambit|76/100|[from] item: Leftovers
|upkeep
|turn|24
|
|t:|1759038763
|move|p1a: Kingambit|Sucker Punch|p2a: Hydrapple
|-damage|p2a: Hydrapple|65/100
|-damage|p1a: Kingambit|60/100|[from] item: Rocky Helmet|[of] p2a: Hydrapple
|move|p2a: Hydrapple|Earth Power|p1a: Kingambit
|-supereffective|p1a: Kingambit
|-damage|p1a: Kingambit|0 fnt
|faint|p1a: Kingambit
|-end|p1a: Kingambit|fallen5|[silent]
|
|win|doubledgit
|raw|Gabriel512g's rating: 1190 &rarr; <strong>1165</strong><br />(-25 for losing)
|raw|doubledgit's rating: 1196 &rarr; <strong>1221</strong><br />(+25 for winning)
|l|☆Gabriel512g
|player|p1|
|l|☆doubledgit
|player|p2|
