|j|☆Mr_Stonks0406
|j|☆nina guitar
|t:|1758948358
|gametype|singles
|player|p1|Mr_Stonks0406|rocketgrunt|1202
|player|p2|nina guitar|hilbert|1323
|gen|9
|tier|[Gen 9] OU
|rated|
|rule|HP Percentage Mod: HP is shown in percentages
|rule|Endless Battle Clause: Forcing endless battles is banned
|rule|Species Clause: Limit one of each Pokémon
|rule|OHKO Clause: OHKO moves are banned
|rule|Evasion Items Clause: Evasion items are banned
|rule|Evasion Moves Clause: Evasion moves are banned
|rule|Evasion Abilities Clause: Evasion abilities are banned
|rule|Sleep Moves Clause: Sleep-inducing moves are banned
|clearpoke
|poke|p1|Quagsire, F|
|poke|p1|Blissey, F|
|poke|p1|Toxapex, F|
|poke|p1|Sinistcha|
|poke|p1|Gliscor, M|
|poke|p1|Corviknight, F|
|poke|p2|Torkoal, F|
|poke|p2|Walking Wake|
|poke|p2|Great Tusk|
|poke|p2|Raging Bolt|
|poke|p2|Kingambit, M|
|poke|p2|Hatterene, F|
|teampreview
|inactive|Battle timer is ON: inactive players will automatically lose when time's up. (requested by nina guitar)
|
|t:|1758948378
|teamsize|p1|6
|teamsize|p2|6
|start
|switch|p1a: Quagsire|Quagsire, F|100/100
|switch|p2a: Kingambit|Kingambit, M|100/100
|turn|1
|
|t:|1758948387
|-end|p2a: Kingambit|fallenundefined|[silent]
|switch|p2a: Hatterene|Hatterene, F|100/100
|move|p1a: Quagsire|Stealth Rock|p2a: Hatterene
|move|p2a: Hatterene|Stealth Rock|p1a: Quagsire|[from] ability: Magic Bounce
|-sidestart|p1: Mr_Stonks0406|move: Stealth Rock
|
|upkeep
|turn|2
|
|t:|1758948397
|move|p1a: Quagsire|Toxic|p2a: Hatterene
|move|p2a: Hatterene|Toxic|p1a: Quagsire|[from] ability: Magic Bounce
|-status|p1a: Quagsire|tox
|move|p2a: Hatterene|Psychic Noise|p1a: Quagsire
|-damage|p1a: Quagsire|57/100 tox
|-start|p1a: Quagsire|move: Heal Block
|
|-damage|p1a: Quagsire|51/100 tox|[from] psn
|upkeep
|turn|3
|
|t:|1758948416
|switch|p1a: Gliscor|Gliscor, M|100/100
|-damage|p1a: Gliscor|88/100|[from] Stealth Rock
|move|p2a: Hatterene|Mystical Fire|p1a: Gliscor
|-damage|p1a: Gliscor|67/100
|-unboost|p1a: Gliscor|spa|1
|
|-status|p1a: Gliscor|tox|[from] item: Toxic Orb
|upkeep
|turn|4
|
|t:|1758948429
|move|p1a: Gliscor|Spikes|p2a: Hatterene
|move|p2a: Hatterene|Spikes|p1a: Gliscor|[from] ability: Magic Bounce
|-sidestart|p1: Mr_Stonks0406|Spikes
|move|p2a: Hatterene|Psychic Noise|p1a: Gliscor
|-damage|p1a: Gliscor|34/100 tox
|-start|p1a: Gliscor|move: Heal Block
|
|upkeep
|turn|5
|
|t:|1758948446
|switch|p1a: Sinistcha|Sinistcha|100/100
|move|p2a: Hatterene|Psychic Noise|p1a: Sinistcha
|-damage|p1a: Sinistcha|54/100
|-start|p1a: Sinistcha|move: Heal Block
|
|upkeep
|turn|6
|-message|Mr_Stonks0406 forfeited.
|
|win|nina guitar
|raw|Mr_Stonks0406's rating: 1223 &rarr; <strong>1205</strong><br />(-18 for losing)
|raw|nina guitar's rating: 1323 &rarr; <strong>1337</strong><br />(+14 for winning)
|l|☆Mr_Stonks0406
|player|p1|
|l|☆nina guitar
|player|p2|
