|j|☆Yz99999
|j|☆Segahay
|t:|1758986314
|gametype|singles
|player|p1|Yz99999|1|1683
|player|p2|Segahay|101|1658
|gen|9
|tier|[Gen 9] OU
|rated|
|rule|HP Percentage Mod: HP is shown in percentages
|rule|Endless Battle Clause: Forcing endless battles is banned
|rule|Species Clause: Limit one of each Pokémon
|rule|OHKO Clause: OHKO moves are banned
|rule|Evasion Items Clause: Evasion items are banned
|rule|Evasion Moves Clause: Evasion moves are banned
|rule|Evasion Abilities Clause: Evasion abilities are banned
|rule|Sleep Moves Clause: Sleep-inducing moves are banned
|clearpoke
|poke|p1|Garganacl, F|
|poke|p1|Corviknight, F|
|poke|p1|Great Tusk|
|poke|p1|Scizor, F|
|poke|p1|Raging Bolt|
|poke|p1|Maushold|
|poke|p2|Rillaboom, M|
|poke|p2|Hawlucha, F|
|poke|p2|Feraligatr, M|
|poke|p2|Slowbro-Galar, M|
|poke|p2|Glimmora, M|
|poke|p2|Mew|
|teampreview
|inactive|Battle timer is ON: inactive players will automatically lose when time's up. (requested by Segahay)
|
|t:|1758986326
|teamsize|p1|6
|teamsize|p2|6
|start
|switch|p1a: Raging Bolt|Raging Bolt|100/100
|switch|p2a: Slowbro|Slowbro-Galar, M, shiny|100/100
|turn|1
|
|t:|1758986335
|move|p1a: Raging Bolt|Draco Meteor|p2a: Slowbro
|-damage|p2a: Slowbro|0 fnt
|-unboost|p1a: Raging Bolt|spa|2
|faint|p2a: Slowbro
|
|upkeep
|
|t:|1758986341
|switch|p2a: Glimmora|Glimmora, M|100/100
|turn|2
|
|t:|1758986344
|-end|p1a: Raging Bolt|Protosynthesis|[silent]
|switch|p1a: Corviknight|Corviknight, F|100/100
|-ability|p1a: Corviknight|Pressure
|move|p2a: Glimmora|Meteor Beam||[still]
|-prepare|p2a: Glimmora|Meteor Beam
|-boost|p2a: Glimmora|spa|1
|-enditem|p2a: Glimmora|Power Herb
|-anim|p2a: Glimmora|Meteor Beam|p1a: Corviknight
|-damage|p1a: Corviknight|30/100
|
|upkeep
|turn|3
|
|t:|1758986347
|move|p2a: Glimmora|Power Gem|p1a: Corviknight
|-damage|p1a: Corviknight|0 fnt
|faint|p1a: Corviknight
|
|upkeep
|
|t:|1758986351
|switch|p1a: Great Tusk|Great Tusk|100/100
|turn|4
|
|t:|1758986353
|-terastallize|p2a: Glimmora|Grass
|move|p1a: Great Tusk|Headlong Rush|p2a: Glimmora
|-resisted|p2a: Glimmora
|-damage|p2a: Glimmora|65/100
|-unboost|p1a: Great Tusk|def|1
|-unboost|p1a: Great Tusk|spd|1
|-activate|p2a: Glimmora|ability: Toxic Debris
|-sidestart|p1: Yz99999|move: Toxic Spikes
|move|p2a: Glimmora|Energy Ball|p1a: Great Tusk
|-supereffective|p1a: Great Tusk
|-damage|p1a: Great Tusk|0 fnt
|faint|p1a: Great Tusk
|-end|p1a: Great Tusk|Protosynthesis|[silent]
|
|upkeep
|
|t:|1758986356
|switch|p1a: Scizor|Scizor, F|100/100
|turn|5
|
|t:|1758986358
|move|p2a: Glimmora|Power Gem|p1a: Scizor
|-damage|p1a: Scizor|21/100
|move|p1a: Scizor|U-turn|p2a: Glimmora
|-supereffective|p2a: Glimmora
|-damage|p2a: Glimmora|0 fnt
|-activate|p2a: Glimmora|ability: Toxic Debris
|-sidestart|p1: Yz99999|move: Toxic Spikes
|faint|p2a: Glimmora
|
|t:|1758986363
|switch|p1a: Garganacl|Garganacl, F|100/100|[from] U-turn
|
|upkeep
|
|t:|1758986367
|switch|p2a: Feraligatr|Feraligatr, M|100/100
|turn|6
|
|t:|1758986371
|switch|p1a: Scizor|Scizor, F|21/100
|move|p2a: Feraligatr|Liquidation|p1a: Scizor
|-damage|p1a: Scizor|0 fnt
|faint|p1a: Scizor
|
|upkeep
|
|t:|1758986375
|switch|p1a: Maushold|Maushold|100/100
|-status|p1a: Maushold|tox
|turn|7
|
|t:|1758986377
|move|p1a: Maushold|Tidy Up|p1a: Maushold
|-sideend|p1: Yz99999|Toxic Spikes
|-activate|p1a: Maushold|move: Tidy Up
|-boost|p1a: Maushold|atk|1
|-boost|p1a: Maushold|spe|1
|move|p2a: Feraligatr|Liquidation|p1a: Maushold
|-damage|p1a: Maushold|0 fnt
|faint|p1a: Maushold
|
|upkeep
|
|t:|1758986379
|switch|p1a: Raging Bolt|Raging Bolt|100/100
|turn|8
|
|t:|1758986381
|move|p2a: Feraligatr|Ice Punch|p1a: Raging Bolt
|-supereffective|p1a: Raging Bolt
|-damage|p1a: Raging Bolt|31/100
|move|p1a: Raging Bolt|Volt Switch|p2a: Feraligatr
|-supereffective|p2a: Feraligatr
|-damage|p2a: Feraligatr|0 fnt
|faint|p2a: Feraligatr
|
|t:|1758986384
|-end|p1a: Raging Bolt|Protosynthesis|[silent]
|switch|p1a: Garganacl|Garganacl, F|100/100|[from] Volt Switch
|
|upkeep
|
|t:|1758986388
|switch|p2a: Mew|Mew|100/100
|turn|9
|
|t:|1758986391
|move|p2a: Mew|Agility|p2a: Mew
|-boost|p2a: Mew|spe|2
|move|p1a: Garganacl|Salt Cure|p2a: Mew
|-damage|p2a: Mew|89/100
|-start|p2a: Mew|Salt Cure
|
|-damage|p2a: Mew|77/100|[from] Salt Cure
|upkeep
|turn|10
|
|t:|1758986393
|switch|p1a: Raging Bolt|Raging Bolt|31/100
|move|p2a: Mew|Agility|p2a: Mew
|-boost|p2a: Mew|spe|2
|
|-damage|p2a: Mew|64/100|[from] Salt Cure
|upkeep
|turn|11
|
|t:|1758986395
|move|p1a: Raging Bolt|Thunderclap|p2a: Mew
|-damage|p2a: Mew|1/100
|move|p2a: Mew|Draining Kiss|p1a: Raging Bolt
|-supereffective|p1a: Raging Bolt
|-damage|p1a: Raging Bolt|4/100
|-heal|p2a: Mew|25/100|[from] drain|[of] p1a: Raging Bolt
|
|-damage|p2a: Mew|13/100|[from] Salt Cure
|upkeep
|turn|12
|
|t:|1758986397
|move|p2a: Mew|Vacuum Wave|p1a: Raging Bolt
|-damage|p1a: Raging Bolt|0 fnt
|faint|p1a: Raging Bolt
|-end|p1a: Raging Bolt|Protosynthesis|[silent]
|
|-damage|p2a: Mew|1/100|[from] Salt Cure
|upkeep
|
|t:|1758986399
|switch|p1a: Garganacl|Garganacl, F|100/100
|turn|13
|
|t:|1758986400
|move|p1a: Garganacl|Protect|p1a: Garganacl
|-singleturn|p1a: Garganacl|Protect
|move|p2a: Mew|Stored Power|p1a: Garganacl
|-activate|p1a: Garganacl|move: Protect
|
|-damage|p2a: Mew|0 fnt|[from] Salt Cure
|faint|p2a: Mew
|upkeep
|
|t:|1758986402
|switch|p2a: Rillaboom|Rillaboom, M|100/100
|-fieldstart|move: Grassy Terrain|[from] ability: Grassy Surge|[of] p2a: Rillaboom
|turn|14
|
|t:|1758986404
|-terastallize|p1a: Garganacl|Fairy
|move|p2a: Rillaboom|Knock Off|p1a: Garganacl
|-resisted|p1a: Garganacl
|-damage|p1a: Garganacl|88/100
|-enditem|p1a: Garganacl|Leftovers|[from] move: Knock Off|[of] p2a: Rillaboom
|move|p1a: Garganacl|Salt Cure|p2a: Rillaboom
|-damage|p2a: Rillaboom|86/100
|-start|p2a: Rillaboom|Salt Cure
|
|-heal|p2a: Rillaboom|92/100|[from] Grassy Terrain
|-heal|p1a: Garganacl|95/100|[from] Grassy Terrain
|-damage|p2a: Rillaboom|80/100|[from] Salt Cure
|upkeep
|turn|15
|
|t:|1758986409
|move|p2a: Rillaboom|Grassy Glide|p1a: Garganacl
|-damage|p1a: Garganacl|70/100
|move|p1a: Garganacl|Salt Cure|p2a: Rillaboom
|-damage|p2a: Rillaboom|66/100
|
|-heal|p2a: Rillaboom|72/100|[from] Grassy Terrain
|-heal|p1a: Garganacl|76/100|[from] Grassy Terrain
|-damage|p2a: Rillaboom|60/100|[from] Salt Cure
|upkeep
|turn|16
|
|t:|1758986412
|switch|p2a: Hawlucha|Hawlucha, F|100/100
|-enditem|p2a: Hawlucha|Grassy Seed
|-boost|p2a: Hawlucha|def|1|[from] item: Grassy Seed
|move|p1a: Garganacl|Recover|p1a: Garganacl
|-heal|p1a: Garganacl|100/100
|
|upkeep
|turn|17
|
|t:|1758986414
|move|p2a: Hawlucha|Substitute|p2a: Hawlucha
|-start|p2a: Hawlucha|Substitute
|-damage|p2a: Hawlucha|76/100
|move|p1a: Garganacl|Salt Cure|p2a: Hawlucha
|-activate|p2a: Hawlucha|move: Substitute|[damage]
|
|upkeep
|turn|18
|
|t:|1758986416
|move|p2a: Hawlucha|Swords Dance|p2a: Hawlucha
|-boost|p2a: Hawlucha|atk|2
|move|p1a: Garganacl|Salt Cure|p2a: Hawlucha
|-end|p2a: Hawlucha|Substitute
|
|-fieldend|move: Grassy Terrain
|upkeep
|turn|19
|
|t:|1758986420
|move|p2a: Hawlucha|Substitute|p2a: Hawlucha
|-start|p2a: Hawlucha|Substitute
|-damage|p2a: Hawlucha|51/100
|move|p1a: Garganacl|Salt Cure|p2a: Hawlucha
|-activate|p2a: Hawlucha|move: Substitute|[damage]
|
|upkeep
|turn|20
|
|t:|1758986422
|move|p2a: Hawlucha|Swords Dance|p2a: Hawlucha
|-boost|p2a: Hawlucha|atk|2
|move|p1a: Garganacl|Salt Cure|p2a: Hawlucha
|-end|p2a: Hawlucha|Substitute
|
|upkeep
|turn|21
|
|t:|1758986424
|move|p2a: Hawlucha|Substitute|p2a: Hawlucha
|-start|p2a: Hawlucha|Substitute
|-damage|p2a: Hawlucha|26/100
|move|p1a: Garganacl|Salt Cure|p2a: Hawlucha
|-activate|p2a: Hawlucha|move: Substitute|[damage]
|
|upkeep
|turn|22
|
|t:|1758986426
|move|p2a: Hawlucha|Acrobatics|p1a: Garganacl
|-damage|p1a: Garganacl|0 fnt
|faint|p1a: Garganacl
|
|win|Segahay
|raw|Yz99999's rating: 1683 &rarr; <strong>1662</strong><br />(-21 for losing)
|raw|Segahay's rating: 1658 &rarr; <strong>1679</strong><br />(+21 for winning)
|l|☆Yz99999
|player|p1|
|l|☆Segahay
|player|p2|
