|j|☆imprisonpaulgeorge
|j|☆davod26
|t:|1759068499
|gametype|singles
|player|p1|imprisonpaulgeorge|169|1392
|player|p2|davod26|brock|1337
|gen|9
|tier|[Gen 9] OU
|rated|
|rule|HP Percentage Mod: HP is shown in percentages
|rule|Endless Battle Clause: Forcing endless battles is banned
|rule|Species Clause: Limit one of each Pokémon
|rule|OHKO Clause: OHKO moves are banned
|rule|Evasion Items Clause: Evasion items are banned
|rule|Evasion Moves Clause: Evasion moves are banned
|rule|Evasion Abilities Clause: Evasion abilities are banned
|rule|Sleep Moves Clause: Sleep-inducing moves are banned
|clearpoke
|poke|p1|Ting-Lu|
|poke|p1|Gliscor, F|
|poke|p1|Sinistcha-Masterpiece|
|poke|p1|Keldeo|
|poke|p1|Tinkaton, F|
|poke|p1|Dragonite, M|
|poke|p2|Blaziken, M|
|poke|p2|Iron Boulder|
|poke|p2|Kingambit, F|
|poke|p2|Gliscor, F|
|poke|p2|Tentacruel, F|
|poke|p2|Dragapult, M|
|teampreview
|inactive|Battle timer is ON: inactive players will automatically lose when time's up. (requested by davod26)
|inactive|imprisonpaulgeorge also wants the timer to be on.
|
|t:|1759068507
|teamsize|p1|6
|teamsize|p2|6
|start
|switch|p1a: Tinkki Minaj|Tinkaton, F|100/100
|switch|p2a: Gliscor|Gliscor, F|100/100
|-ability|p1a: Tinkki Minaj|Mold Breaker
|-item|p1a: Tinkki Minaj|Air Balloon
|turn|1
|
|t:|1759068517
|move|p1a: Tinkki Minaj|Stealth Rock|p2a: Gliscor
|-sidestart|p2: davod26|move: Stealth Rock
|move|p2a: Gliscor|Knock Off|p1a: Tinkki Minaj
|-resisted|p1a: Tinkki Minaj
|-damage|p1a: Tinkki Minaj|89/100
|-enditem|p1a: Tinkki Minaj|Air Balloon
|
|-status|p2a: Gliscor|tox|[from] item: Toxic Orb
|upkeep
|turn|2
|
|t:|1759068528
|move|p1a: Tinkki Minaj|Gigaton Hammer|p2a: Gliscor
|-damage|p2a: Gliscor|71/100 tox
|move|p2a: Gliscor|Spikes|p1a: Tinkki Minaj
|-sidestart|p1: imprisonpaulgeorge|Spikes
|
|-heal|p2a: Gliscor|84/100 tox|[from] ability: Poison Heal
|upkeep
|turn|3
|
|t:|1759068535
|move|p1a: Tinkki Minaj|Encore|p2a: Gliscor
|-start|p2a: Gliscor|Encore
|move|p2a: Gliscor|Spikes|p1a: Tinkki Minaj
|-sidestart|p1: imprisonpaulgeorge|Spikes
|
|-heal|p2a: Gliscor|96/100 tox|[from] ability: Poison Heal
|upkeep
|turn|4
|
|t:|1759068543
|switch|p1a: Jarhead|Ting-Lu|100/100
|-damage|p1a: Jarhead|84/100|[from] Spikes
|-ability|p1a: Jarhead|Vessel of Ruin
|switch|p2a: Tentacruel|Tentacruel, F|100/100
|-damage|p2a: Tentacruel|88/100|[from] Stealth Rock
|
|-heal|p1a: Jarhead|90/100|[from] item: Leftovers
|upkeep
|turn|5
|
|t:|1759068555
|move|p2a: Tentacruel|Flip Turn|p1a: Jarhead
|-supereffective|p1a: Jarhead
|-damage|p1a: Jarhead|73/100
|
|t:|1759068575
|switch|p2a: Gliscor|Gliscor, F|96/100 tox|[from] Flip Turn
|-damage|p2a: Gliscor|84/100 tox|[from] Stealth Rock
|move|p1a: Jarhead|Earthquake|p2a: Gliscor
|-immune|p2a: Gliscor
|
|-heal|p1a: Jarhead|80/100|[from] item: Leftovers
|-heal|p2a: Gliscor|96/100 tox|[from] ability: Poison Heal
|upkeep
|turn|6
|
|t:|1759068584
|move|p2a: Gliscor|Knock Off|p1a: Jarhead
|-resisted|p1a: Jarhead
|-damage|p1a: Jarhead|74/100
|-enditem|p1a: Jarhead|Leftovers|[from] move: Knock Off|[of] p2a: Gliscor
|move|p1a: Jarhead|Spikes|p2a: Gliscor
|-sidestart|p2: davod26|Spikes
|
|-heal|p2a: Gliscor|100/100 tox|[from] ability: Poison Heal
|upkeep
|turn|7
|
|t:|1759068598
|move|p2a: Gliscor|Spikes|p1a: Jarhead
|-sidestart|p1: imprisonpaulgeorge|Spikes
|move|p1a: Jarhead|Whirlwind|p2a: Gliscor
|drag|p2a: Iron Boulder|Iron Boulder|100/100
|-damage|p2a: Iron Boulder|88/100|[from] Stealth Rock
|-damage|p2a: Iron Boulder|76/100|[from] Spikes
|-enditem|p2a: Iron Boulder|Booster Energy
|-activate|p2a: Iron Boulder|ability: Quark Drive|[fromitem]
|-start|p2a: Iron Boulder|quarkdrivespe
|
|upkeep
|turn|8
|
|t:|1759068617
|move|p2a: Iron Boulder|Earthquake|p1a: Jarhead
|-damage|p1a: Jarhead|57/100
|move|p1a: Jarhead|Earthquake|p2a: Iron Boulder
|-supereffective|p2a: Iron Boulder
|-damage|p2a: Iron Boulder|0 fnt
|faint|p2a: Iron Boulder
|-end|p2a: Iron Boulder|Quark Drive|[silent]
|
|upkeep
|
|t:|1759068625
|switch|p2a: Tentacruel|Tentacruel, F|88/100
|-damage|p2a: Tentacruel|76/100|[from] Stealth Rock
|-damage|p2a: Tentacruel|63/100|[from] Spikes
|turn|9
|
|t:|1759068632
|switch|p1a: Tchavis Scott|Sinistcha-Masterpiece|100/100
|move|p2a: Tentacruel|Rapid Spin|p1a: Tchavis Scott
|-immune|p1a: Tchavis Scott
|
|upkeep
|turn|10
|
|t:|1759068640
|move|p2a: Tentacruel|Knock Off|p1a: Tchavis Scott
|-supereffective|p1a: Tchavis Scott
|-damage|p1a: Tchavis Scott|76/100
|-enditem|p1a: Tchavis Scott|Heavy-Duty Boots|[from] move: Knock Off|[of] p2a: Tentacruel
|move|p1a: Tchavis Scott|Matcha Gotcha|p2a: Tentacruel
|-damage|p2a: Tentacruel|47/100
|-damage|p1a: Tchavis Scott|67/100|[from] ability: Liquid Ooze|[of] p2a: Tentacruel
|
|upkeep
|turn|11
|
|t:|1759068651
|move|p2a: Tentacruel|Gunk Shot|p1a: Tchavis Scott
|-damage|p1a: Tchavis Scott|47/100
|-status|p1a: Tchavis Scott|psn
|move|p1a: Tchavis Scott|Shadow Ball|p2a: Tentacruel
|-damage|p2a: Tentacruel|30/100
|
|-damage|p1a: Tchavis Scott|35/100 psn|[from] psn
|upkeep
|turn|12
|
|t:|1759068660
|move|p2a: Tentacruel|Flip Turn|p1a: Tchavis Scott
|-resisted|p1a: Tchavis Scott
|-damage|p1a: Tchavis Scott|29/100 psn
|
|t:|1759068664
|switch|p2a: Gliscor|Gliscor, F|100/100 tox|[from] Flip Turn
|-damage|p2a: Gliscor|88/100 tox|[from] Stealth Rock
|move|p1a: Tchavis Scott|Shadow Ball|p2a: Gliscor
|-damage|p2a: Gliscor|51/100 tox
|
|-heal|p2a: Gliscor|64/100 tox|[from] ability: Poison Heal
|-damage|p1a: Tchavis Scott|17/100 psn|[from] psn
|upkeep
|turn|13
|
|t:|1759068676
|move|p2a: Gliscor|Knock Off|p1a: Tchavis Scott
|-supereffective|p1a: Tchavis Scott
|-damage|p1a: Tchavis Scott|0 fnt
|faint|p1a: Tchavis Scott
|
|-heal|p2a: Gliscor|76/100 tox|[from] ability: Poison Heal
|upkeep
|
|t:|1759068679
|switch|p1a: Dance Armstrong|Gliscor, F|100/100
|turn|14
|
|t:|1759068687
|move|p1a: Dance Armstrong|Protect|p1a: Dance Armstrong
|-singleturn|p1a: Dance Armstrong|Protect
|move|p2a: Gliscor|Knock Off|p1a: Dance Armstrong
|-activate|p1a: Dance Armstrong|move: Protect
|
|-heal|p2a: Gliscor|89/100 tox|[from] ability: Poison Heal
|-status|p1a: Dance Armstrong|tox|[from] item: Toxic Orb
|upkeep
|turn|15
|
|t:|1759068698
|move|p2a: Gliscor|Protect|p2a: Gliscor
|-singleturn|p2a: Gliscor|Protect
|move|p1a: Dance Armstrong|Swords Dance|p1a: Dance Armstrong
|-boost|p1a: Dance Armstrong|atk|2
|
|-heal|p2a: Gliscor|100/100 tox|[from] ability: Poison Heal
|upkeep
|turn|16
|
|t:|1759068711
|switch|p2a: Tentacruel|Tentacruel, F|30/100
|-damage|p2a: Tentacruel|18/100|[from] Stealth Rock
|-damage|p2a: Tentacruel|5/100|[from] Spikes
|move|p1a: Dance Armstrong|Facade|p2a: Tentacruel
|-damage|p2a: Tentacruel|0 fnt
|faint|p2a: Tentacruel
|
|upkeep
|
|t:|1759068733
|switch|p2a: Dragapult|Dragapult, M|100/100
|-damage|p2a: Dragapult|88/100|[from] Stealth Rock
|-damage|p2a: Dragapult|76/100|[from] Spikes
|turn|17
|
|t:|1759068743
|-terastallize|p2a: Dragapult|Dragon
|move|p1a: Dance Armstrong|Protect|p1a: Dance Armstrong
|-singleturn|p1a: Dance Armstrong|Protect
|move|p2a: Dragapult|Draco Meteor|p1a: Dance Armstrong
|-activate|p1a: Dance Armstrong|move: Protect
|
|upkeep
|turn|18
|
|t:|1759068755
|switch|p2a: Gliscor|Gliscor, F|100/100 tox
|-damage|p2a: Gliscor|88/100 tox|[from] Stealth Rock
|switch|p1a: Tinkki Minaj|Tinkaton, F|89/100
|-damage|p1a: Tinkki Minaj|64/100|[from] Spikes
|-ability|p1a: Tinkki Minaj|Mold Breaker
|
|-heal|p2a: Gliscor|100/100 tox|[from] ability: Poison Heal
|upkeep
|turn|19
|inactive|davod26 has 120 seconds left.
|
|t:|1759068778
|switch|p1a: Dance Armstrong|Gliscor, F|100/100 tox
|move|p2a: Gliscor|Earthquake|p1a: Dance Armstrong
|-immune|p1a: Dance Armstrong
|
|upkeep
|turn|20
|
|t:|1759068785
|switch|p2a: Dragapult|Dragapult, M, tera:Dragon|76/100
|-damage|p2a: Dragapult|64/100|[from] Stealth Rock
|-damage|p2a: Dragapult|51/100|[from] Spikes
|move|p1a: Dance Armstrong|Facade|p2a: Dragapult
|-damage|p2a: Dragapult|5/100
|
|upkeep
|turn|21
|
|t:|1759068800
|move|p1a: Dance Armstrong|Protect|p1a: Dance Armstrong
|-singleturn|p1a: Dance Armstrong|Protect
|move|p2a: Dragapult|Shadow Ball|p1a: Dance Armstrong
|-activate|p1a: Dance Armstrong|move: Protect
|
|upkeep
|turn|22
|
|t:|1759068805
|switch|p1a: Jarhead|Ting-Lu|57/100
|-damage|p1a: Jarhead|32/100|[from] Spikes
|-ability|p1a: Jarhead|Vessel of Ruin
|move|p2a: Dragapult|Shadow Ball|p1a: Jarhead
|-resisted|p1a: Jarhead
|-damage|p1a: Jarhead|20/100
|
|upkeep
|turn|23
|
|t:|1759068814
|move|p2a: Dragapult|Shadow Ball|p1a: Jarhead
|-resisted|p1a: Jarhead
|-damage|p1a: Jarhead|8/100
|move|p1a: Jarhead|Earthquake|p2a: Dragapult
|-damage|p2a: Dragapult|0 fnt
|faint|p2a: Dragapult
|
|upkeep
|
|t:|1759068834
|switch|p2a: Gliscor|Gliscor, F|100/100 tox
|-damage|p2a: Gliscor|88/100 tox|[from] Stealth Rock
|turn|24
|
|t:|1759068848
|move|p2a: Gliscor|Earthquake|p1a: Jarhead
|-damage|p1a: Jarhead|0 fnt
|faint|p1a: Jarhead
|
|-heal|p2a: Gliscor|100/100 tox|[from] ability: Poison Heal
|upkeep
|
|t:|1759068852
|switch|p1a: My Little Pwny|Keldeo|100/100
|turn|25
|
|t:|1759068857
|move|p1a: My Little Pwny|Surf|p2a: Gliscor
|-supereffective|p2a: Gliscor
|-damage|p2a: Gliscor|0 fnt
|faint|p2a: Gliscor
|
|upkeep
|
|t:|1759068863
|switch|p2a: Blaziken|Blaziken, M|100/100
|-damage|p2a: Blaziken|88/100|[from] Stealth Rock
|-damage|p2a: Blaziken|76/100|[from] Spikes
|turn|26
|
|t:|1759068873
|move|p2a: Blaziken|Endure|p2a: Blaziken
|-singleturn|p2a: Blaziken|move: Endure
|move|p1a: My Little Pwny|Surf|p2a: Blaziken
|-supereffective|p2a: Blaziken
|-activate|p2a: Blaziken|move: Endure
|-damage|p2a: Blaziken|1/100
|
|-ability|p2a: Blaziken|Speed Boost|boost
|-boost|p2a: Blaziken|spe|1
|upkeep
|turn|27
|
|t:|1759068883
|move|p1a: My Little Pwny|Vacuum Wave|p2a: Blaziken
|-damage|p2a: Blaziken|0 fnt
|faint|p2a: Blaziken
|
|upkeep
|
|t:|1759068886
|switch|p2a: Kingambit|Kingambit, F|100/100
|-damage|p2a: Kingambit|94/100|[from] Stealth Rock
|-damage|p2a: Kingambit|82/100|[from] Spikes
|-activate|p2a: Kingambit|ability: Supreme Overlord
|-start|p2a: Kingambit|fallen5|[silent]
|turn|28
|-message|davod26 forfeited.
|
|win|imprisonpaulgeorge
|raw|imprisonpaulgeorge's rating: 1392 &rarr; <strong>1409</strong><br />(+17 for winning)
|raw|davod26's rating: 1337 &rarr; <strong>1320</strong><br />(-17 for losing)
|l|☆davod26
|player|p2|
|l|☆imprisonpaulgeorge
|player|p1|
