|j|☆baic93
|j|☆DelixD
|t:|1758943367
|gametype|singles
|player|p1|baic93|veteran|1126
|player|p2|DelixD|gentleman-gen4|1129
|gen|9
|tier|[Gen 9] OU
|rated|
|rule|HP Percentage Mod: HP is shown in percentages
|rule|Endless Battle Clause: Forcing endless battles is banned
|rule|Species Clause: Limit one of each Pokémon
|rule|OHKO Clause: OHKO moves are banned
|rule|Evasion Items Clause: Evasion items are banned
|rule|Evasion Moves Clause: Evasion moves are banned
|rule|Evasion Abilities Clause: Evasion abilities are banned
|rule|Sleep Moves Clause: Sleep-inducing moves are banned
|clearpoke
|poke|p1|Toxapex, M|
|poke|p1|Lucario, F|
|poke|p1|Clefable, M|
|poke|p1|Gliscor, F|
|poke|p1|Dragapult, F|
|poke|p1|Garganacl, M|
|poke|p2|Torkoal, F|
|poke|p2|Salazzle, F|
|poke|p2|Venusaur, M|
|poke|p2|Pelipper, F|
|poke|p2|Zapdos|
|poke|p2|Cloyster, F|
|teampreview
|
|t:|1758943376
|teamsize|p1|6
|teamsize|p2|6
|start
|switch|p1a: Garganacl|Garganacl, M|100/100
|switch|p2a: MINE?|Pelipper, F|100/100
|-weather|RainDance|[from] ability: Drizzle|[of] p2a: MINE?
|turn|1
|
|t:|1758943385
|move|p2a: MINE?|Tailwind|p2a: MINE?
|-sidestart|p2: DelixD|move: Tailwind
|move|p1a: Garganacl|Salt Cure|p2a: MINE?
|-supereffective|p2a: MINE?
|-damage|p2a: MINE?|68/100
|-start|p2a: MINE?|Salt Cure
|
|-weather|RainDance|[upkeep]
|-damage|p2a: MINE?|44/100|[from] Salt Cure
|upkeep
|turn|2
|
|t:|1758943394
|switch|p2a: THICKUMS|Venusaur, M|100/100
|move|p1a: Garganacl|Stealth Rock|p2a: THICKUMS
|-sidestart|p2: DelixD|move: Stealth Rock
|
|-weather|RainDance|[upkeep]
|upkeep
|turn|3
|
|t:|1758943401
|move|p2a: THICKUMS|Leech Seed|p1a: Garganacl
|-start|p1a: Garganacl|move: Leech Seed
|move|p1a: Garganacl|Salt Cure|p2a: THICKUMS
|-damage|p2a: THICKUMS|85/100
|-start|p2a: THICKUMS|Salt Cure
|
|-weather|RainDance|[upkeep]
|-heal|p2a: THICKUMS|91/100|[from] item: Leftovers
|-damage|p1a: Garganacl|88/100|[from] Leech Seed|[of] p2a: THICKUMS
|-heal|p2a: THICKUMS|100/100|[silent]
|-damage|p2a: THICKUMS|88/100|[from] Salt Cure
|upkeep
|turn|4
|
|t:|1758943414
|move|p2a: THICKUMS|Substitute|p2a: THICKUMS
|-start|p2a: THICKUMS|Substitute
|-damage|p2a: THICKUMS|63/100
|move|p1a: Garganacl|Thunder Punch|p2a: THICKUMS
|-resisted|p2a: THICKUMS
|-activate|p2a: THICKUMS|move: Substitute|[damage]
|
|-weather|RainDance|[upkeep]
|-heal|p2a: THICKUMS|69/100|[from] item: Leftovers
|-heal|p1a: Garganacl|94/100|[from] item: Leftovers
|-damage|p1a: Garganacl|82/100|[from] Leech Seed|[of] p2a: THICKUMS
|-heal|p2a: THICKUMS|83/100|[silent]
|-damage|p2a: THICKUMS|71/100|[from] Salt Cure
|-sideend|p2: DelixD|move: Tailwind
|upkeep
|turn|5
|
|t:|1758943430
|switch|p1a: Clefable|Clefable, M|100/100
|move|p2a: THICKUMS|Protect||[still]
|-fail|p2a: THICKUMS
|
|-weather|none
|-heal|p2a: THICKUMS|77/100|[from] item: Leftovers
|-damage|p2a: THICKUMS|64/100|[from] Salt Cure
|upkeep
|turn|6
|
|t:|1758943439
|move|p2a: THICKUMS|Sludge Bomb|p1a: Clefable
|-supereffective|p1a: Clefable
|-damage|p1a: Clefable|38/100
|move|p1a: Clefable|Calm Mind|p1a: Clefable
|-boost|p1a: Clefable|spa|1
|-boost|p1a: Clefable|spd|1
|
|-heal|p2a: THICKUMS|70/100|[from] item: Leftovers
|-heal|p1a: Clefable|44/100|[from] item: Leftovers
|-damage|p2a: THICKUMS|58/100|[from] Salt Cure
|upkeep
|turn|7
|
|t:|1758943453
|switch|p1a: Toxapex|Toxapex, M|100/100
|move|p2a: THICKUMS|Sludge Bomb|p1a: Toxapex
|-resisted|p1a: Toxapex
|-damage|p1a: Toxapex|87/100
|
|-heal|p2a: THICKUMS|64/100|[from] item: Leftovers
|-heal|p1a: Toxapex|93/100|[from] item: Black Sludge
|-damage|p2a: THICKUMS|52/100|[from] Salt Cure
|upkeep
|turn|8
|
|t:|1758943464
|switch|p1a: Garganacl|Garganacl, M|82/100
|move|p2a: THICKUMS|Leech Seed|p1a: Garganacl|[miss]
|-miss|p2a: THICKUMS|p1a: Garganacl
|
|-heal|p2a: THICKUMS|58/100|[from] item: Leftovers
|-heal|p1a: Garganacl|88/100|[from] item: Leftovers
|-damage|p2a: THICKUMS|45/100|[from] Salt Cure
|upkeep
|turn|9
|
|t:|1758943475
|move|p2a: THICKUMS|Leech Seed|p1a: Garganacl
|-start|p1a: Garganacl|move: Leech Seed
|move|p1a: Garganacl|Recover|p1a: Garganacl
|-heal|p1a: Garganacl|100/100
|
|-heal|p2a: THICKUMS|51/100|[from] item: Leftovers
|-damage|p1a: Garganacl|88/100|[from] Leech Seed|[of] p2a: THICKUMS
|-heal|p2a: THICKUMS|65/100|[silent]
|-damage|p2a: THICKUMS|53/100|[from] Salt Cure
|upkeep
|turn|10
|
|t:|1758943485
|move|p2a: THICKUMS|Protect|p2a: THICKUMS
|-singleturn|p2a: THICKUMS|Protect
|move|p1a: Garganacl|Salt Cure|p2a: THICKUMS
|-activate|p2a: THICKUMS|move: Protect
|
|-heal|p2a: THICKUMS|59/100|[from] item: Leftovers
|-heal|p1a: Garganacl|94/100|[from] item: Leftovers
|-damage|p1a: Garganacl|82/100|[from] Leech Seed|[of] p2a: THICKUMS
|-heal|p2a: THICKUMS|73/100|[silent]
|-damage|p2a: THICKUMS|60/100|[from] Salt Cure
|upkeep
|turn|11
|
|t:|1758943498
|move|p2a: THICKUMS|Sludge Bomb|p1a: Garganacl
|-resisted|p1a: Garganacl
|-damage|p1a: Garganacl|71/100
|move|p1a: Garganacl|Salt Cure|p2a: THICKUMS
|-end|p2a: THICKUMS|Substitute
|
|-heal|p2a: THICKUMS|66/100|[from] item: Leftovers
|-heal|p1a: Garganacl|77/100|[from] item: Leftovers
|-damage|p1a: Garganacl|65/100|[from] Leech Seed|[of] p2a: THICKUMS
|-heal|p2a: THICKUMS|80/100|[silent]
|-damage|p2a: THICKUMS|68/100|[from] Salt Cure
|upkeep
|turn|12
|
|t:|1758943510
|move|p2a: THICKUMS|Protect|p2a: THICKUMS
|-singleturn|p2a: THICKUMS|Protect
|move|p1a: Garganacl|Salt Cure|p2a: THICKUMS
|-activate|p2a: THICKUMS|move: Protect
|
|-heal|p2a: THICKUMS|74/100|[from] item: Leftovers
|-heal|p1a: Garganacl|71/100|[from] item: Leftovers
|-damage|p1a: Garganacl|58/100|[from] Leech Seed|[of] p2a: THICKUMS
|-heal|p2a: THICKUMS|88/100|[silent]
|-damage|p2a: THICKUMS|75/100|[from] Salt Cure
|upkeep
|turn|13
|
|t:|1758943521
|move|p2a: THICKUMS|Substitute|p2a: THICKUMS
|-start|p2a: THICKUMS|Substitute
|-damage|p2a: THICKUMS|50/100
|move|p1a: Garganacl|Salt Cure|p2a: THICKUMS
|-activate|p2a: THICKUMS|move: Substitute|[damage]
|
|-heal|p2a: THICKUMS|56/100|[from] item: Leftovers
|-heal|p1a: Garganacl|65/100|[from] item: Leftovers
|-damage|p1a: Garganacl|52/100|[from] Leech Seed|[of] p2a: THICKUMS
|-heal|p2a: THICKUMS|70/100|[silent]
|-damage|p2a: THICKUMS|58/100|[from] Salt Cure
|upkeep
|turn|14
|
|t:|1758943534
|move|p2a: THICKUMS|Protect|p2a: THICKUMS
|-singleturn|p2a: THICKUMS|Protect
|move|p1a: Garganacl|Salt Cure|p2a: THICKUMS
|-activate|p2a: THICKUMS|move: Protect
|
|-heal|p2a: THICKUMS|64/100|[from] item: Leftovers
|-heal|p1a: Garganacl|58/100|[from] item: Leftovers
|-damage|p1a: Garganacl|46/100|[from] Leech Seed|[of] p2a: THICKUMS
|-heal|p2a: THICKUMS|78/100|[silent]
|-damage|p2a: THICKUMS|65/100|[from] Salt Cure
|upkeep
|turn|15
|
|t:|1758943545
|move|p2a: THICKUMS|Sludge Bomb|p1a: Garganacl
|-resisted|p1a: Garganacl
|-damage|p1a: Garganacl|36/100
|move|p1a: Garganacl|Recover|p1a: Garganacl
|-heal|p1a: Garganacl|86/100
|
|-heal|p2a: THICKUMS|71/100|[from] item: Leftovers
|-heal|p1a: Garganacl|92/100|[from] item: Leftovers
|-damage|p1a: Garganacl|79/100|[from] Leech Seed|[of] p2a: THICKUMS
|-heal|p2a: THICKUMS|85/100|[silent]
|-damage|p2a: THICKUMS|73/100|[from] Salt Cure
|upkeep
|turn|16
|
|t:|1758943557
|move|p2a: THICKUMS|Sludge Bomb|p1a: Garganacl
|-resisted|p1a: Garganacl
|-damage|p1a: Garganacl|68/100
|move|p1a: Garganacl|Salt Cure|p2a: THICKUMS
|-end|p2a: THICKUMS|Substitute
|
|-heal|p2a: THICKUMS|79/100|[from] item: Leftovers
|-heal|p1a: Garganacl|74/100|[from] item: Leftovers
|-damage|p1a: Garganacl|61/100|[from] Leech Seed|[of] p2a: THICKUMS
|-heal|p2a: THICKUMS|93/100|[silent]
|-damage|p2a: THICKUMS|80/100|[from] Salt Cure
|upkeep
|turn|17
|
|t:|1758943570
|move|p2a: THICKUMS|Protect|p2a: THICKUMS
|-singleturn|p2a: THICKUMS|Protect
|move|p1a: Garganacl|Salt Cure|p2a: THICKUMS
|-activate|p2a: THICKUMS|move: Protect
|
|-heal|p2a: THICKUMS|86/100|[from] item: Leftovers
|-heal|p1a: Garganacl|68/100|[from] item: Leftovers
|-damage|p1a: Garganacl|55/100|[from] Leech Seed|[of] p2a: THICKUMS
|-heal|p2a: THICKUMS|99/100|[silent]
|-damage|p2a: THICKUMS|88/100|[from] Salt Cure
|upkeep
|turn|18
|
|t:|1758943581
|move|p2a: THICKUMS|Substitute|p2a: THICKUMS
|-start|p2a: THICKUMS|Substitute
|-damage|p2a: THICKUMS|63/100
|move|p1a: Garganacl|Recover|p1a: Garganacl
|-heal|p1a: Garganacl|100/100
|
|-heal|p2a: THICKUMS|69/100|[from] item: Leftovers
|-damage|p1a: Garganacl|88/100|[from] Leech Seed|[of] p2a: THICKUMS
|-heal|p2a: THICKUMS|83/100|[silent]
|-damage|p2a: THICKUMS|70/100|[from] Salt Cure
|upkeep
|turn|19
|
|t:|1758943593
|switch|p1a: Gliscor|Gliscor, F|100/100
|move|p2a: THICKUMS|Sludge Bomb|p1a: Gliscor
|-resisted|p1a: Gliscor
|-damage|p1a: Gliscor|79/100
|
|-heal|p2a: THICKUMS|76/100|[from] item: Leftovers
|-damage|p2a: THICKUMS|64/100|[from] Salt Cure
|-status|p1a: Gliscor|tox|[from] item: Toxic Orb
|upkeep
|turn|20
|
|t:|1758943605
|move|p1a: Gliscor|Substitute|p1a: Gliscor
|-start|p1a: Gliscor|Substitute
|-damage|p1a: Gliscor|54/100 tox
|move|p2a: THICKUMS|Leech Seed|p1a: Gliscor|[miss]
|-miss|p2a: THICKUMS|p1a: Gliscor
|
|-heal|p2a: THICKUMS|70/100|[from] item: Leftovers
|-heal|p1a: Gliscor|67/100 tox|[from] ability: Poison Heal
|-damage|p2a: THICKUMS|58/100|[from] Salt Cure
|upkeep
|turn|21
|
|t:|1758943618
|switch|p2a: MINE?|Pelipper, F|44/100
|-damage|p2a: MINE?|19/100|[from] Stealth Rock
|-weather|RainDance|[from] ability: Drizzle|[of] p2a: MINE?
|move|p1a: Gliscor|Swords Dance|p1a: Gliscor
|-boost|p1a: Gliscor|atk|2
|
|-weather|RainDance|[upkeep]
|-heal|p1a: Gliscor|79/100 tox|[from] ability: Poison Heal
|upkeep
|turn|22
|
|t:|1758943630
|move|p1a: Gliscor|Ice Fang|p2a: MINE?
|-damage|p2a: MINE?|0 fnt
|faint|p2a: MINE?
|
|-weather|RainDance|[upkeep]
|-heal|p1a: Gliscor|92/100 tox|[from] ability: Poison Heal
|upkeep
|
|t:|1758943637
|switch|p2a: Ultra Chicken|Zapdos, shiny|100/100
|-damage|p2a: Ultra Chicken|76/100|[from] Stealth Rock
|turn|23
|
|t:|1758943643
|move|p2a: Ultra Chicken|Weather Ball|p1a: Gliscor
|-supereffective|p1a: Gliscor
|-end|p1a: Gliscor|Substitute
|move|p1a: Gliscor|Ice Fang|p2a: Ultra Chicken
|-supereffective|p2a: Ultra Chicken
|-damage|p2a: Ultra Chicken|0 fnt
|faint|p2a: Ultra Chicken
|
|-weather|RainDance|[upkeep]
|-heal|p1a: Gliscor|100/100 tox|[from] ability: Poison Heal
|upkeep
|
|t:|1758943651
|switch|p2a: Tortonamor|Torkoal, F|100/100
|-damage|p2a: Tortonamor|76/100|[from] Stealth Rock
|-weather|SunnyDay|[from] ability: Drought|[of] p2a: Tortonamor
|turn|24
|
|t:|1758943659
|move|p1a: Gliscor|Substitute|p1a: Gliscor
|-start|p1a: Gliscor|Substitute
|-damage|p1a: Gliscor|76/100 tox
|move|p2a: Tortonamor|Rapid Spin|p1a: Gliscor
|-activate|p1a: Gliscor|move: Substitute|[damage]
|-sideend|p2: DelixD|Stealth Rock|[from] move: Rapid Spin|[of] p2a: Tortonamor
|-boost|p2a: Tortonamor|spe|1
|
|-weather|SunnyDay|[upkeep]
|-heal|p1a: Gliscor|88/100 tox|[from] ability: Poison Heal
|upkeep
|turn|25
|
|t:|1758943671
|move|p1a: Gliscor|Swords Dance|p1a: Gliscor
|-boost|p1a: Gliscor|atk|2
|move|p2a: Tortonamor|Rapid Spin|p1a: Gliscor
|-activate|p1a: Gliscor|move: Substitute|[damage]
|-boost|p2a: Tortonamor|spe|1
|
|-weather|SunnyDay|[upkeep]
|-heal|p1a: Gliscor|100/100 tox|[from] ability: Poison Heal
|upkeep
|turn|26
|
|t:|1758943681
|move|p1a: Gliscor|Swords Dance|p1a: Gliscor
|-boost|p1a: Gliscor|atk|2
|move|p2a: Tortonamor|Clear Smog|p1a: Gliscor
|-resisted|p1a: Gliscor
|-end|p1a: Gliscor|Substitute
|
|-weather|SunnyDay|[upkeep]
|upkeep
|turn|27
|
|t:|1758943690
|move|p1a: Gliscor|Substitute|p1a: Gliscor
|-start|p1a: Gliscor|Substitute
|-damage|p1a: Gliscor|76/100 tox
|move|p2a: Tortonamor|Clear Smog|p1a: Gliscor
|-resisted|p1a: Gliscor
|-activate|p1a: Gliscor|move: Substitute|[damage]
|
|-weather|SunnyDay|[upkeep]
|-heal|p1a: Gliscor|88/100 tox|[from] ability: Poison Heal
|upkeep
|turn|28
|
|t:|1758943700
|move|p1a: Gliscor|Earthquake|p2a: Tortonamor
|-supereffective|p2a: Tortonamor
|-damage|p2a: Tortonamor|0 fnt
|faint|p2a: Tortonamor
|
|-weather|none
|-heal|p1a: Gliscor|100/100 tox|[from] ability: Poison Heal
|upkeep
|
|t:|1758943704
|switch|p2a: Clitster|Cloyster, F, shiny|100/100
|turn|29
|
|t:|1758943711
|move|p1a: Gliscor|Earthquake|p2a: Clitster
|-enditem|p2a: Clitster|Focus Sash
|-damage|p2a: Clitster|1/100
|move|p2a: Clitster|Shell Smash|p2a: Clitster
|-unboost|p2a: Clitster|def|1
|-unboost|p2a: Clitster|spd|1
|-boost|p2a: Clitster|atk|2
|-boost|p2a: Clitster|spa|2
|-boost|p2a: Clitster|spe|2
|
|upkeep
|turn|30
|
|t:|1758943721
|move|p2a: Clitster|Icicle Spear|p1a: Gliscor
|-supereffective|p1a: Gliscor
|-end|p1a: Gliscor|Substitute
|-supereffective|p1a: Gliscor
|-damage|p1a: Gliscor|13/100 tox
|-supereffective|p1a: Gliscor
|-damage|p1a: Gliscor|0 fnt
|faint|p1a: Gliscor
|-hitcount|p1: Gliscor|3
|
|upkeep
|
|t:|1758943733
|switch|p1a: Dragapult|Dragapult, F|100/100
|turn|31
|
|t:|1758943736
|move|p2a: Clitster|Icicle Spear|p1a: Dragapult
|-supereffective|p1a: Dragapult
|-damage|p1a: Dragapult|32/100
|-supereffective|p1a: Dragapult
|-damage|p1a: Dragapult|0 fnt
|faint|p1a: Dragapult
|-hitcount|p1: Dragapult|2
|
|upkeep
|
|t:|1758943745
|switch|p1a: Toxapex|Toxapex, M|100/100
|turn|32
|
|t:|1758943749
|move|p2a: Clitster|Rock Blast|p1a: Toxapex
|-damage|p1a: Toxapex|89/100
|-damage|p1a: Toxapex|77/100
|-damage|p1a: Toxapex|64/100
|-damage|p1a: Toxapex|53/100
|-damage|p1a: Toxapex|41/100
|-hitcount|p1a: Toxapex|5
|move|p1a: Toxapex|Liquidation|p2a: Clitster
|-resisted|p2a: Clitster
|-damage|p2a: Clitster|0 fnt
|faint|p2a: Clitster
|
|-heal|p1a: Toxapex|47/100|[from] item: Black Sludge
|upkeep
|
|t:|1758943759
|switch|p2a: THICKUMS|Venusaur, M|58/100
|turn|33
|
|t:|1758943771
|switch|p1a: Garganacl|Garganacl, M|88/100
|move|p2a: THICKUMS|Leech Seed|p1a: Garganacl
|-start|p1a: Garganacl|move: Leech Seed
|
|-heal|p2a: THICKUMS|64/100|[from] item: Leftovers
|-heal|p1a: Garganacl|94/100|[from] item: Leftovers
|-damage|p1a: Garganacl|82/100|[from] Leech Seed|[of] p2a: THICKUMS
|-heal|p2a: THICKUMS|77/100|[silent]
|upkeep
|turn|34
|
|t:|1758943780
|move|p2a: THICKUMS|Substitute|p2a: THICKUMS
|-start|p2a: THICKUMS|Substitute
|-damage|p2a: THICKUMS|53/100
|move|p1a: Garganacl|Salt Cure|p2a: THICKUMS
|-activate|p2a: THICKUMS|move: Substitute|[damage]
|
|-heal|p2a: THICKUMS|59/100|[from] item: Leftovers
|-heal|p1a: Garganacl|88/100|[from] item: Leftovers
|-damage|p1a: Garganacl|76/100|[from] Leech Seed|[of] p2a: THICKUMS
|-heal|p2a: THICKUMS|72/100|[silent]
|upkeep
|turn|35
|
|t:|1758943790
|move|p2a: THICKUMS|Protect|p2a: THICKUMS
|-singleturn|p2a: THICKUMS|Protect
|move|p1a: Garganacl|Salt Cure|p2a: THICKUMS
|-activate|p2a: THICKUMS|move: Protect
|
|-heal|p2a: THICKUMS|78/100|[from] item: Leftovers
|-heal|p1a: Garganacl|82/100|[from] item: Leftovers
|-damage|p1a: Garganacl|70/100|[from] Leech Seed|[of] p2a: THICKUMS
|-heal|p2a: THICKUMS|92/100|[silent]
|upkeep
|turn|36
|
|t:|1758943801
|move|p2a: THICKUMS|Sludge Bomb|p1a: Garganacl
|-resisted|p1a: Garganacl
|-damage|p1a: Garganacl|58/100
|move|p1a: Garganacl|Salt Cure|p2a: THICKUMS
|-end|p2a: THICKUMS|Substitute
|
|-heal|p2a: THICKUMS|98/100|[from] item: Leftovers
|-heal|p1a: Garganacl|65/100|[from] item: Leftovers
|-damage|p1a: Garganacl|52/100|[from] Leech Seed|[of] p2a: THICKUMS
|-heal|p2a: THICKUMS|100/100|[silent]
|upkeep
|turn|37
|c|☆DelixD|No psn is wild
|
|t:|1758943818
|move|p2a: THICKUMS|Substitute|p2a: THICKUMS
|-start|p2a: THICKUMS|Substitute
|-damage|p2a: THICKUMS|76/100
|move|p1a: Garganacl|Salt Cure|p2a: THICKUMS
|-activate|p2a: THICKUMS|move: Substitute|[damage]
|
|-heal|p2a: THICKUMS|82/100|[from] item: Leftovers
|-heal|p1a: Garganacl|58/100|[from] item: Leftovers
|-damage|p1a: Garganacl|46/100|[from] Leech Seed|[of] p2a: THICKUMS
|-heal|p2a: THICKUMS|96/100|[silent]
|upkeep
|turn|38
|
|t:|1758943830
|move|p2a: THICKUMS|Sludge Bomb|p1a: Garganacl
|-resisted|p1a: Garganacl
|-damage|p1a: Garganacl|35/100
|move|p1a: Garganacl|Recover|p1a: Garganacl
|-heal|p1a: Garganacl|85/100
|
|-heal|p2a: THICKUMS|100/100|[from] item: Leftovers
|-heal|p1a: Garganacl|92/100|[from] item: Leftovers
|-damage|p1a: Garganacl|79/100|[from] Leech Seed|[of] p2a: THICKUMS
|upkeep
|turn|39
|
|t:|1758943841
|move|p2a: THICKUMS|Sludge Bomb|p1a: Garganacl
|-resisted|p1a: Garganacl
|-damage|p1a: Garganacl|67/100
|move|p1a: Garganacl|Recover|p1a: Garganacl
|-heal|p1a: Garganacl|100/100
|
|-damage|p1a: Garganacl|88/100|[from] Leech Seed|[of] p2a: THICKUMS
|upkeep
|turn|40
|c|☆DelixD|Ceazy
|
|t:|1758943863
|switch|p1a: Clefable|Clefable, M|44/100
|move|p2a: THICKUMS|Sludge Bomb|p1a: Clefable
|-supereffective|p1a: Clefable
|-damage|p1a: Clefable|0 fnt
|faint|p1a: Clefable
|
|upkeep
|
|t:|1758943873
|switch|p1a: Lucario|Lucario, F|100/100
|turn|41
|
|t:|1758943878
|move|p2a: THICKUMS|Leech Seed|p1a: Lucario
|-start|p1a: Lucario|move: Leech Seed
|move|p1a: Lucario|Flash Cannon|p2a: THICKUMS
|-end|p2a: THICKUMS|Substitute
|-damage|p1a: Lucario|91/100|[from] item: Life Orb
|
|-damage|p1a: Lucario|78/100|[from] Leech Seed|[of] p2a: THICKUMS
|upkeep
|turn|42
|
|t:|1758943898
|move|p2a: THICKUMS|Substitute|p2a: THICKUMS
|-start|p2a: THICKUMS|Substitute
|-damage|p2a: THICKUMS|76/100
|move|p1a: Lucario|Nasty Plot|p1a: Lucario
|-boost|p1a: Lucario|spa|2
|
|-heal|p2a: THICKUMS|82/100|[from] item: Leftovers
|-damage|p1a: Lucario|66/100|[from] Leech Seed|[of] p2a: THICKUMS
|-heal|p2a: THICKUMS|91/100|[silent]
|upkeep
|turn|43
|
|t:|1758943912
|move|p2a: THICKUMS|Sludge Bomb|p1a: Lucario
|-immune|p1a: Lucario
|move|p1a: Lucario|Aura Sphere|p2a: THICKUMS
|-resisted|p2a: THICKUMS
|-end|p2a: THICKUMS|Substitute
|-damage|p1a: Lucario|56/100|[from] item: Life Orb
|
|-heal|p2a: THICKUMS|97/100|[from] item: Leftovers
|-damage|p1a: Lucario|43/100|[from] Leech Seed|[of] p2a: THICKUMS
|-heal|p2a: THICKUMS|100/100|[silent]
|upkeep
|turn|44
|
|t:|1758943924
|move|p2a: THICKUMS|Substitute|p2a: THICKUMS
|-start|p2a: THICKUMS|Substitute
|-damage|p2a: THICKUMS|76/100
|move|p1a: Lucario|Aura Sphere|p2a: THICKUMS
|-resisted|p2a: THICKUMS
|-end|p2a: THICKUMS|Substitute
|-damage|p1a: Lucario|33/100|[from] item: Life Orb
|
|-heal|p2a: THICKUMS|82/100|[from] item: Leftovers
|-damage|p1a: Lucario|21/100|[from] Leech Seed|[of] p2a: THICKUMS
|-heal|p2a: THICKUMS|91/100|[silent]
|upkeep
|turn|45
|
|t:|1758943936
|move|p2a: THICKUMS|Protect|p2a: THICKUMS
|-singleturn|p2a: THICKUMS|Protect
|move|p1a: Lucario|Shadow Ball|p2a: THICKUMS
|-activate|p2a: THICKUMS|move: Protect
|
|-heal|p2a: THICKUMS|97/100|[from] item: Leftovers
|-damage|p1a: Lucario|8/100|[from] Leech Seed|[of] p2a: THICKUMS
|-heal|p2a: THICKUMS|100/100|[silent]
|upkeep
|turn|46
|
|t:|1758943946
|move|p2a: THICKUMS|Substitute|p2a: THICKUMS
|-start|p2a: THICKUMS|Substitute
|-damage|p2a: THICKUMS|76/100
|move|p1a: Lucario|Shadow Ball|p2a: THICKUMS
|-end|p2a: THICKUMS|Substitute
|-damage|p1a: Lucario|0 fnt|[from] item: Life Orb
|faint|p1a: Lucario
|
|-heal|p2a: THICKUMS|82/100|[from] item: Leftovers
|upkeep
|-message|baic93 forfeited.
|
|win|DelixD
|raw|baic93's rating: 1126 &rarr; <strong>1101</strong><br />(-25 for losing)
|raw|DelixD's rating: 1129 &rarr; <strong>1154</strong><br />(+25 for winning)
|l|☆baic93
|player|p1|
