|j|☆boleradosfc
|j|☆vaporeonds
|inactive|Battle timer is ON: inactive players will automatically lose when time's up.
|t:|1759011981
|gametype|singles
|player|p1|boleradosfc|steven|
|player|p2|vaporeonds|miku-ghost|
|gen|9
|tier|[Gen 9] OU
|rated|Tournament battle
|rule|HP Percentage Mod: HP is shown in percentages
|rule|Endless Battle Clause: Forcing endless battles is banned
|rule|Species Clause: Limit one of each Pokémon
|rule|OHKO Clause: OHKO moves are banned
|rule|Evasion Items Clause: Evasion items are banned
|rule|Evasion Moves Clause: Evasion moves are banned
|rule|Evasion Abilities Clause: Evasion abilities are banned
|rule|Sleep Moves Clause: Sleep-inducing moves are banned
|clearpoke
|poke|p1|Garganacl, M|
|poke|p1|Slowking-Galar, F|
|poke|p1|Great Tusk|
|poke|p1|Darkrai|
|poke|p1|Ogerpon-Wellspring, F|
|poke|p1|Kingambit, F|
|poke|p2|Raging Bolt|
|poke|p2|Iron Treads|
|poke|p2|Ting-Lu|
|poke|p2|Gholdengo|
|poke|p2|Zamazenta-*|
|poke|p2|Tornadus-Therian, M|
|teampreview
|j|*Lady Monita ☀
|j| BB-8-NU
|inactive|vaporeonds also wants the timer to be on.
|j| asian chicks
|j| Serpette
|c|☆vaporeonds|hf
|c|☆boleradosfc|hf
|
|t:|1759012010
|teamsize|p1|6
|teamsize|p2|6
|start
|switch|p1a: Garganacl|Garganacl, M|100/100
|switch|p2a: Gholdengo|Gholdengo|100/100
|-item|p2a: Gholdengo|Air Balloon
|turn|1
|j| GOM6
|
|t:|1759012022
|move|p2a: Gholdengo|Make It Rain|p1a: Garganacl
|-supereffective|p1a: Garganacl
|-damage|p1a: Garganacl|13/100
|-unboost|p2a: Gholdengo|spa|1
|move|p1a: Garganacl|Salt Cure|p2a: Gholdengo
|-resisted|p2a: Gholdengo
|-damage|p2a: Gholdengo|94/100
|-start|p2a: Gholdengo|Salt Cure
|-enditem|p2a: Gholdengo|Air Balloon
|
|-heal|p1a: Garganacl|19/100|[from] item: Leftovers
|-damage|p2a: Gholdengo|69/100|[from] Salt Cure
|upkeep
|turn|2
|
|t:|1759012030
|switch|p2a: Ting-Lu|Ting-Lu|100/100
|-ability|p2a: Ting-Lu|Vessel of Ruin
|switch|p1a: Slowking|Slowking-Galar, F|100/100
|
|upkeep
|turn|3
|
|t:|1759012035
|move|p2a: Ting-Lu|Stealth Rock|p1a: Slowking
|-sidestart|p1: boleradosfc|move: Stealth Rock
|-prepare|p1a: Slowking|Chilly Reception|[premajor]
|move|p1a: Slowking|Chilly Reception|p1a: Slowking
|-weather|Snowscape
|
|t:|1759012046
|switch|p1a: Great Tusk|Great Tusk|100/100|[from] Chilly Reception
|-damage|p1a: Great Tusk|98/100|[from] Stealth Rock
|
|-weather|Snowscape|[upkeep]
|-heal|p1a: Great Tusk|100/100|[from] item: Leftovers
|upkeep
|turn|4
|
|t:|1759012052
|move|p1a: Great Tusk|Stealth Rock|p2a: Ting-Lu
|-sidestart|p2: vaporeonds|move: Stealth Rock
|move|p2a: Ting-Lu|Earthquake|p1a: Great Tusk
|-damage|p1a: Great Tusk|79/100
|
|-weather|Snowscape|[upkeep]
|-heal|p1a: Great Tusk|85/100|[from] item: Leftovers
|upkeep
|turn|5
|
|t:|1759012057
|move|p1a: Great Tusk|Rapid Spin|p2a: Ting-Lu
|-damage|p2a: Ting-Lu|93/100
|-boost|p1a: Great Tusk|spe|1
|-sideend|p1: boleradosfc|Stealth Rock|[from] move: Rapid Spin|[of] p1a: Great Tusk
|move|p2a: Ting-Lu|Ruination|p1a: Great Tusk|[miss]
|-miss|p2a: Ting-Lu|p1a: Great Tusk
|
|-weather|Snowscape|[upkeep]
|-heal|p1a: Great Tusk|92/100|[from] item: Leftovers
|upkeep
|turn|6
|
|t:|1759012061
|move|p1a: Great Tusk|Knock Off|p2a: Ting-Lu
|-resisted|p2a: Ting-Lu
|-damage|p2a: Ting-Lu|85/100
|-enditem|p2a: Ting-Lu|Weakness Policy|[from] move: Knock Off|[of] p1a: Great Tusk
|move|p2a: Ting-Lu|Ruination|p1a: Great Tusk
|-damage|p1a: Great Tusk|46/100
|
|-weather|Snowscape|[upkeep]
|-heal|p1a: Great Tusk|52/100|[from] item: Leftovers
|upkeep
|turn|7
|
|t:|1759012065
|switch|p2a: Gholdengo|Gholdengo|69/100
|-damage|p2a: Gholdengo|63/100|[from] Stealth Rock
|move|p1a: Great Tusk|Earthquake|p2a: Gholdengo
|-supereffective|p2a: Gholdengo
|-damage|p2a: Gholdengo|0 fnt
|faint|p2a: Gholdengo
|
|-weather|none
|-heal|p1a: Great Tusk|59/100|[from] item: Leftovers
|upkeep
|
|t:|1759012072
|switch|p2a: Zamazenta|Zamazenta|100/100
|-damage|p2a: Zamazenta|94/100|[from] Stealth Rock
|-ability|p2a: Zamazenta|Dauntless Shield|boost
|-boost|p2a: Zamazenta|def|1
|turn|8
|
|t:|1759012076
|-end|p1a: Great Tusk|Protosynthesis|[silent]
|switch|p1a: Slowking|Slowking-Galar, F|100/100
|move|p2a: Zamazenta|Iron Defense|p2a: Zamazenta
|-boost|p2a: Zamazenta|def|2
|
|-heal|p2a: Zamazenta|100/100|[from] item: Leftovers
|upkeep
|turn|9
|
|t:|1759012080
|move|p2a: Zamazenta|Crunch|p1a: Slowking
|-supereffective|p1a: Slowking
|-damage|p1a: Slowking|58/100
|move|p1a: Slowking|Thunder Wave|p2a: Zamazenta
|-status|p2a: Zamazenta|par
|
|upkeep
|turn|10
|j| SoleilAuLait
|
|t:|1759012088
|cant|p2a: Zamazenta|par
|move|p1a: Slowking|Psychic Noise|p2a: Zamazenta
|-supereffective|p2a: Zamazenta
|-damage|p2a: Zamazenta|47/100 par
|-start|p2a: Zamazenta|move: Heal Block
|
|upkeep
|turn|11
|
|t:|1759012090
|move|p2a: Zamazenta|Crunch|p1a: Slowking
|-supereffective|p1a: Slowking
|-damage|p1a: Slowking|12/100
|move|p1a: Slowking|Psychic Noise|p2a: Zamazenta
|-supereffective|p2a: Zamazenta
|-damage|p2a: Zamazenta|0 fnt
|faint|p2a: Zamazenta
|
|upkeep
|
|t:|1759012094
|switch|p2a: Iron Treads|Iron Treads|100/100
|-damage|p2a: Iron Treads|98/100|[from] Stealth Rock
|-enditem|p2a: Iron Treads|Booster Energy
|-activate|p2a: Iron Treads|ability: Quark Drive|[fromitem]
|-start|p2a: Iron Treads|quarkdrivespe
|turn|12
|j|@Sificon~
|
|t:|1759012106
|switch|p1a: Garganacl|Garganacl, M|19/100
|move|p2a: Iron Treads|Rapid Spin|p1a: Garganacl
|-resisted|p1a: Garganacl
|-damage|p1a: Garganacl|14/100
|-boost|p2a: Iron Treads|spe|1
|-sideend|p2: vaporeonds|Stealth Rock|[from] move: Rapid Spin|[of] p2a: Iron Treads
|
|-heal|p1a: Garganacl|21/100|[from] item: Leftovers
|upkeep
|turn|13
|l|@Sificon~
|
|t:|1759012110
|move|p2a: Iron Treads|Earthquake|p1a: Garganacl
|-supereffective|p1a: Garganacl
|-damage|p1a: Garganacl|0 fnt
|faint|p1a: Garganacl
|
|upkeep
|
|t:|1759012115
|switch|p1a: Ogerpon|Ogerpon-Wellspring, F|100/100
|turn|14
|j| how play pkm
|
|t:|1759012121
|move|p2a: Iron Treads|Stone Edge|p1a: Ogerpon
|-damage|p1a: Ogerpon|59/100
|move|p1a: Ogerpon|Ivy Cudgel|p2a: Iron Treads|[anim] Ivy Cudgel Water
|-supereffective|p2a: Iron Treads
|-damage|p2a: Iron Treads|0 fnt
|faint|p2a: Iron Treads
|-end|p2a: Iron Treads|Quark Drive|[silent]
|
|upkeep
|l| GOM6
|
|t:|1759012125
|switch|p2a: Tornadus|Tornadus-Therian, M|100/100
|turn|15
|
|t:|1759012137
|switch|p1a: Slowking|Slowking-Galar, F|45/100
|move|p2a: Tornadus|Bleakwind Storm|p1a: Slowking
|-damage|p1a: Slowking|7/100
|-damage|p2a: Tornadus|91/100|[from] item: Life Orb
|
|upkeep
|turn|16
|
|t:|1759012150
|move|p2a: Tornadus|Dark Pulse|p1a: Slowking
|-supereffective|p1a: Slowking
|-damage|p1a: Slowking|0 fnt
|faint|p1a: Slowking
|-damage|p2a: Tornadus|81/100|[from] item: Life Orb
|
|upkeep
|
|t:|1759012154
|switch|p1a: Darkrai|Darkrai|100/100
|turn|17
|
|t:|1759012167
|switch|p2a: Ting-Lu|Ting-Lu|85/100
|-ability|p2a: Ting-Lu|Vessel of Ruin
|move|p1a: Darkrai|Ice Beam|p2a: Ting-Lu
|-supereffective|p2a: Ting-Lu
|-damage|p2a: Ting-Lu|41/100
|-damage|p1a: Darkrai|91/100|[from] item: Life Orb
|
|upkeep
|turn|18
|
|t:|1759012175
|move|p1a: Darkrai|Ice Beam|p2a: Ting-Lu
|-supereffective|p2a: Ting-Lu
|-damage|p2a: Ting-Lu|0 fnt
|faint|p2a: Ting-Lu
|-damage|p1a: Darkrai|81/100|[from] item: Life Orb
|
|upkeep
|
|t:|1759012178
|switch|p2a: Tornadus|Tornadus-Therian, M|100/100
|turn|19
|
|t:|1759012182
|move|p1a: Darkrai|Dark Pulse|p2a: Tornadus
|-damage|p2a: Tornadus|31/100
|-damage|p1a: Darkrai|71/100|[from] item: Life Orb
|move|p2a: Tornadus|Focus Blast|p1a: Darkrai|[miss]
|-miss|p2a: Tornadus|p1a: Darkrai
|
|upkeep
|turn|20
|
|t:|1759012189
|move|p1a: Darkrai|Ice Beam|p2a: Tornadus
|-supereffective|p2a: Tornadus
|-damage|p2a: Tornadus|0 fnt
|faint|p2a: Tornadus
|-damage|p1a: Darkrai|61/100|[from] item: Life Orb
|
|upkeep
|
|t:|1759012190
|switch|p2a: Raging Bolt|Raging Bolt|100/100
|-enditem|p2a: Raging Bolt|Booster Energy
|-activate|p2a: Raging Bolt|ability: Protosynthesis|[fromitem]
|-start|p2a: Raging Bolt|protosynthesisspa
|turn|21
|
|t:|1759012194
|move|p2a: Raging Bolt|Thunderclap|p1a: Darkrai
|-damage|p1a: Darkrai|0 fnt
|faint|p1a: Darkrai
|
|upkeep
|
|t:|1759012199
|switch|p1a: Great Tusk|Great Tusk|59/100
|turn|22
|
|t:|1759012203
|-terastallize|p2a: Raging Bolt|Fairy
|move|p1a: Great Tusk|Earthquake|p2a: Raging Bolt
|-damage|p2a: Raging Bolt|67/100
|move|p2a: Raging Bolt|Dragon Pulse|p1a: Great Tusk
|-damage|p1a: Great Tusk|0 fnt
|faint|p1a: Great Tusk
|-end|p1a: Great Tusk|Protosynthesis|[silent]
|
|upkeep
|j| BIG TONY 2014
|
|t:|1759012209
|switch|p1a: Ogerpon|Ogerpon-Wellspring, F|59/100
|turn|23
|
|t:|1759012212
|move|p1a: Ogerpon|Encore|p2a: Raging Bolt
|-start|p2a: Raging Bolt|Encore
|move|p2a: Raging Bolt|Dragon Pulse|p1a: Ogerpon
|-damage|p1a: Ogerpon|0 fnt
|faint|p1a: Ogerpon
|
|upkeep
|
|t:|1759012215
|switch|p1a: Kingambit|Kingambit, F|100/100
|-activate|p1a: Kingambit|ability: Supreme Overlord
|-start|p1a: Kingambit|fallen5|[silent]
|turn|24
|c|☆vaporeonds|gg
|
|t:|1759012224
|-terastallize|p1a: Kingambit|Fairy
|move|p2a: Raging Bolt|Dragon Pulse|p1a: Kingambit
|-immune|p1a: Kingambit
|move|p1a: Kingambit|Iron Head|p2a: Raging Bolt
|-supereffective|p2a: Raging Bolt
|-damage|p2a: Raging Bolt|0 fnt
|faint|p2a: Raging Bolt
|-end|p2a: Raging Bolt|Protosynthesis|[silent]
|
|win|boleradosfc
|n|☆boleradosfc|boleradosfc
|n|☆vaporeonds|vaporeonds
|n|*Lady Monita ☀|ladymonita
|n| BB-8-NU|bb8nu
|n| asian chicks|asianchicks
|n| Serpette|serpette
|n| SoleilAuLait|soleilaulait
|n| how play pkm|howplaypkm
|n| BIG TONY 2014|bigtony2014
|l|*Lady Monita ☀
