|j|☆Grimsley961116
|j|☆ik at all
|t:|1759070374
|gametype|singles
|player|p1|Grimsley961116|grimsley|1429
|player|p2|ik at all|ingo|1416
|gen|9
|tier|[Gen 9] OU
|rated|
|rule|HP Percentage Mod: HP is shown in percentages
|rule|Endless Battle Clause: Forcing endless battles is banned
|rule|Species Clause: Limit one of each Pokémon
|rule|OHKO Clause: OHKO moves are banned
|rule|Evasion Items Clause: Evasion items are banned
|rule|Evasion Moves Clause: Evasion moves are banned
|rule|Evasion Abilities Clause: Evasion abilities are banned
|rule|Sleep Moves Clause: Sleep-inducing moves are banned
|clearpoke
|poke|p1|Rotom-Wash|
|poke|p1|Torkoal, F|
|poke|p1|Garganacl, F|
|poke|p1|Arboliva, M|
|poke|p1|Ceruledge, M|
|poke|p1|Dragonite, F|
|poke|p2|Volcanion|
|poke|p2|Great Tusk|
|poke|p2|Tornadus-Therian, M|
|poke|p2|Brambleghast, M|
|poke|p2|Tinkaton, F|
|poke|p2|Kyurem|
|teampreview
|inactive|Battle timer is ON: inactive players will automatically lose when time's up. (requested by ik at all)
|
|t:|1759070387
|teamsize|p1|6
|teamsize|p2|6
|start
|switch|p1a: Rotom|Rotom-Wash|100/100
|switch|p2a: Kyurem|Kyurem|100/100
|-ability|p2a: Kyurem|Pressure
|turn|1
|
|t:|1759070392
|move|p1a: Rotom|Trick|p2a: Kyurem
|-activate|p1a: Rotom|move: Trick|[of] p2a: Kyurem
|-item|p2a: Kyurem|Choice Scarf|[from] move: Trick
|-item|p1a: Rotom|Leftovers|[from] move: Trick
|move|p2a: Kyurem|Substitute|p2a: Kyurem
|-start|p2a: Kyurem|Substitute
|-damage|p2a: Kyurem|75/100
|
|upkeep
|turn|2
|
|t:|1759070403
|switch|p2a: Volcanion|Volcanion|100/100
|move|p1a: Rotom|Volt Switch|p2a: Volcanion
|-supereffective|p2a: Volcanion
|-damage|p2a: Volcanion|19/100
|
|t:|1759070407
|switch|p1a: Dragonite|Dragonite, F, shiny|100/100|[from] Volt Switch
|
|upkeep
|turn|3
|
|t:|1759070414
|move|p1a: Dragonite|Extreme Speed|p2a: Volcanion
|-damage|p2a: Volcanion|0 fnt
|faint|p2a: Volcanion
|
|upkeep
|
|t:|1759070417
|switch|p2a: Kyurem|Kyurem|75/100
|-ability|p2a: Kyurem|Pressure
|turn|4
|
|t:|1759070421
|switch|p1a: Garganacl|Garganacl, F|100/100
|move|p2a: Kyurem|Freeze-Dry|p1a: Garganacl
|-crit|p1a: Garganacl
|-damage|p1a: Garganacl|61/100
|
|-heal|p1a: Garganacl|67/100|[from] item: Leftovers
|upkeep
|turn|5
|
|t:|1759070425
|switch|p2a: Brambleghast|Brambleghast, M, shiny|100/100
|move|p1a: Garganacl|Salt Cure|p2a: Brambleghast
|-damage|p2a: Brambleghast|77/100
|-start|p2a: Brambleghast|Salt Cure
|
|-heal|p1a: Garganacl|74/100|[from] item: Leftovers
|-damage|p2a: Brambleghast|64/100|[from] Salt Cure
|upkeep
|turn|6
|
|t:|1759070430
|switch|p1a: Torkoal|Torkoal, F|100/100
|move|p2a: Brambleghast|Power Whip|p1a: Torkoal
|-resisted|p1a: Torkoal
|-damage|p1a: Torkoal|75/100
|-damage|p2a: Brambleghast|54/100|[from] item: Life Orb
|
|-damage|p2a: Brambleghast|42/100|[from] Salt Cure
|upkeep
|turn|7
|
|t:|1759070439
|switch|p2a: Kyurem|Kyurem|75/100
|-ability|p2a: Kyurem|Pressure
|move|p1a: Torkoal|Fire Blast|p2a: Kyurem|[miss]
|-miss|p1a: Torkoal|p2a: Kyurem
|
|upkeep
|turn|8
|
|t:|1759070448
|switch|p2a: Tornadus|Tornadus-Therian, M|100/100
|move|p1a: Torkoal|Stealth Rock|p2a: Tornadus
|-sidestart|p2: ik at all|move: Stealth Rock
|
|upkeep
|turn|9
|
|t:|1759070451
|switch|p1a: Rotom|Rotom-Wash|100/100
|move|p2a: Tornadus|Nasty Plot|p2a: Tornadus
|-boost|p2a: Tornadus|spa|2
|
|upkeep
|turn|10
|
|t:|1759070456
|-terastallize|p2a: Tornadus|Dark
|move|p2a: Tornadus|Dark Pulse|p1a: Rotom
|-damage|p1a: Rotom|0 fnt
|faint|p1a: Rotom
|-damage|p2a: Tornadus|91/100|[from] item: Life Orb
|
|upkeep
|
|t:|1759070461
|switch|p1a: Arboliva|Arboliva, M|100/100
|turn|11
|
|t:|1759070466
|move|p2a: Tornadus|Bleakwind Storm|p1a: Arboliva
|-supereffective|p1a: Arboliva
|-damage|p1a: Arboliva|0 fnt
|-fieldstart|move: Grassy Terrain|[from] ability: Seed Sower|[of] p1a: Arboliva
|faint|p1a: Arboliva
|-damage|p2a: Tornadus|81/100|[from] item: Life Orb
|
|-heal|p2a: Tornadus|87/100|[from] Grassy Terrain
|upkeep
|
|t:|1759070475
|switch|p1a: Dragonite|Dragonite, F, shiny|100/100
|turn|12
|
|t:|1759070478
|move|p2a: Tornadus|Dark Pulse|p1a: Dragonite
|-damage|p1a: Dragonite|52/100
|-damage|p2a: Tornadus|77/100|[from] item: Life Orb
|move|p1a: Dragonite|Dragon Dance|p1a: Dragonite
|-boost|p1a: Dragonite|atk|1
|-boost|p1a: Dragonite|spe|1
|
|-heal|p2a: Tornadus|83/100|[from] Grassy Terrain
|upkeep
|turn|13
|
|t:|1759070482
|-terastallize|p1a: Dragonite|Normal
|move|p1a: Dragonite|Extreme Speed|p2a: Tornadus
|-damage|p2a: Tornadus|0 fnt
|faint|p2a: Tornadus
|
|-heal|p1a: Dragonite|58/100|[from] Grassy Terrain
|upkeep
|
|t:|1759070488
|switch|p2a: Great Tusk|Great Tusk|100/100
|-damage|p2a: Great Tusk|98/100|[from] Stealth Rock
|turn|14
|
|t:|1759070492
|move|p1a: Dragonite|Dragon Claw|p2a: Great Tusk
|-damage|p2a: Great Tusk|48/100
|-damage|p1a: Dragonite|41/100|[from] item: Rocky Helmet|[of] p2a: Great Tusk
|move|p2a: Great Tusk|Rapid Spin|p1a: Dragonite
|-damage|p1a: Dragonite|20/100
|-boost|p2a: Great Tusk|spe|1
|-sideend|p2: ik at all|Stealth Rock|[from] move: Rapid Spin|[of] p2a: Great Tusk
|
|-heal|p2a: Great Tusk|54/100|[from] Grassy Terrain
|-heal|p1a: Dragonite|26/100|[from] Grassy Terrain
|upkeep
|turn|15
|
|t:|1759070499
|move|p1a: Dragonite|Extreme Speed|p2a: Great Tusk
|-damage|p2a: Great Tusk|1/100
|-damage|p1a: Dragonite|10/100|[from] item: Rocky Helmet|[of] p2a: Great Tusk
|move|p2a: Great Tusk|Headlong Rush|p1a: Dragonite
|-damage|p1a: Dragonite|0 fnt
|-unboost|p2a: Great Tusk|def|1
|-unboost|p2a: Great Tusk|spd|1
|faint|p1a: Dragonite
|
|-heal|p2a: Great Tusk|7/100|[from] Grassy Terrain
|-fieldend|move: Grassy Terrain
|upkeep
|
|t:|1759070502
|switch|p1a: Ceruledge|Ceruledge, M, shiny|100/100
|turn|16
|
|t:|1759070510
|move|p1a: Ceruledge|Shadow Sneak|p2a: Great Tusk
|-damage|p2a: Great Tusk|0 fnt
|-damage|p1a: Ceruledge|84/100|[from] item: Rocky Helmet|[of] p2a: Great Tusk
|faint|p2a: Great Tusk
|-end|p2a: Great Tusk|Protosynthesis|[silent]
|
|upkeep
|
|t:|1759070513
|switch|p2a: Tinkaton|Tinkaton, F|100/100
|-item|p2a: Tinkaton|Air Balloon
|turn|17
|
|t:|1759070523
|move|p2a: Tinkaton|Knock Off|p1a: Ceruledge
|-supereffective|p1a: Ceruledge
|-damage|p1a: Ceruledge|34/100
|-ability|p1a: Ceruledge|Weak Armor|boost
|-unboost|p1a: Ceruledge|def|1
|-boost|p1a: Ceruledge|spe|2
|-enditem|p1a: Ceruledge|Focus Sash|[from] move: Knock Off|[of] p2a: Tinkaton
|move|p1a: Ceruledge|Bitter Blade|p2a: Tinkaton
|-supereffective|p2a: Tinkaton
|-damage|p2a: Tinkaton|0 fnt
|-heal|p1a: Ceruledge|98/100|[from] drain|[of] p2a: Tinkaton
|-enditem|p2a: Tinkaton|Air Balloon
|faint|p2a: Tinkaton
|
|upkeep
|
|t:|1759070527
|switch|p2a: Brambleghast|Brambleghast, M, shiny|42/100
|turn|18
|
|t:|1759070530
|move|p2a: Brambleghast|Shadow Sneak|p1a: Ceruledge
|-supereffective|p1a: Ceruledge
|-damage|p1a: Ceruledge|0 fnt
|faint|p1a: Ceruledge
|-damage|p2a: Brambleghast|32/100|[from] item: Life Orb
|
|upkeep
|
|t:|1759070533
|switch|p1a: Torkoal|Torkoal, F|75/100
|turn|19
|
|t:|1759070538
|move|p2a: Brambleghast|Poltergeist|p1a: Torkoal
|-activate|p1a: Torkoal|move: Poltergeist|Heavy-Duty Boots
|-damage|p1a: Torkoal|27/100
|-damage|p2a: Brambleghast|22/100|[from] item: Life Orb
|move|p1a: Torkoal|Fire Blast|p2a: Brambleghast
|-supereffective|p2a: Brambleghast
|-damage|p2a: Brambleghast|0 fnt
|faint|p2a: Brambleghast
|
|upkeep
|
|t:|1759070542
|switch|p2a: Kyurem|Kyurem|75/100
|-ability|p2a: Kyurem|Pressure
|turn|20
|
|t:|1759070545
|move|p2a: Kyurem|Earth Power|p1a: Torkoal
|-supereffective|p1a: Torkoal
|-damage|p1a: Torkoal|0 fnt
|faint|p1a: Torkoal
|
|upkeep
|
|t:|1759070546
|switch|p1a: Garganacl|Garganacl, F|74/100
|turn|21
|
|t:|1759070549
|move|p1a: Garganacl|Protect|p1a: Garganacl
|-singleturn|p1a: Garganacl|Protect
|move|p2a: Kyurem|Earth Power|p1a: Garganacl
|-activate|p1a: Garganacl|move: Protect
|
|-heal|p1a: Garganacl|80/100|[from] item: Leftovers
|upkeep
|turn|22
|
|t:|1759070552
|move|p2a: Kyurem|Earth Power|p1a: Garganacl
|-supereffective|p1a: Garganacl
|-damage|p1a: Garganacl|33/100
|move|p1a: Garganacl|Recover|p1a: Garganacl
|-heal|p1a: Garganacl|83/100
|
|-heal|p1a: Garganacl|89/100|[from] item: Leftovers
|upkeep
|turn|23
|
|t:|1759070556
|move|p2a: Kyurem|Earth Power|p1a: Garganacl
|-supereffective|p1a: Garganacl
|-damage|p1a: Garganacl|44/100
|move|p1a: Garganacl|Salt Cure|p2a: Kyurem
|-supereffective|p2a: Kyurem
|-damage|p2a: Kyurem|50/100
|-start|p2a: Kyurem|Salt Cure
|
|-heal|p1a: Garganacl|50/100|[from] item: Leftovers
|-damage|p2a: Kyurem|37/100|[from] Salt Cure
|upkeep
|turn|24
|
|t:|1759070559
|move|p1a: Garganacl|Protect|p1a: Garganacl
|-singleturn|p1a: Garganacl|Protect
|move|p2a: Kyurem|Earth Power|p1a: Garganacl
|-activate|p1a: Garganacl|move: Protect
|
|-heal|p1a: Garganacl|57/100|[from] item: Leftovers
|-damage|p2a: Kyurem|25/100|[from] Salt Cure
|upkeep
|turn|25
|
|t:|1759070562
|move|p2a: Kyurem|Earth Power|p1a: Garganacl
|-supereffective|p1a: Garganacl
|-damage|p1a: Garganacl|10/100
|move|p1a: Garganacl|Recover|p1a: Garganacl
|-heal|p1a: Garganacl|60/100
|
|-heal|p1a: Garganacl|66/100|[from] item: Leftovers
|-damage|p2a: Kyurem|13/100|[from] Salt Cure
|upkeep
|turn|26
|
|t:|1759070565
|move|p1a: Garganacl|Protect|p1a: Garganacl
|-singleturn|p1a: Garganacl|Protect
|move|p2a: Kyurem|Earth Power|p1a: Garganacl
|-activate|p1a: Garganacl|move: Protect
|
|-heal|p1a: Garganacl|72/100|[from] item: Leftovers
|-damage|p2a: Kyurem|0 fnt|[from] Salt Cure
|faint|p2a: Kyurem
|
|win|Grimsley961116
|raw|Grimsley961116's rating: 1429 &rarr; <strong>1448</strong><br />(+19 for winning)
|raw|ik at all's rating: 1416 &rarr; <strong>1397</strong><br />(-19 for losing)
|l|☆ik at all
|player|p2|
|l|☆Grimsley961116
|player|p1|
