|j|☆CatfishyK
|j|☆cakeeioriguinal
|t:|1758977034
|gametype|singles
|player|p1|CatfishyK|266|1075
|player|p2|cakeeioriguinal|riley|1073
|gen|9
|tier|[Gen 9] OU
|rated|
|rule|HP Percentage Mod: HP is shown in percentages
|rule|Endless Battle Clause: Forcing endless battles is banned
|rule|Species Clause: Limit one of each Pokémon
|rule|OHKO Clause: OHKO moves are banned
|rule|Evasion Items Clause: Evasion items are banned
|rule|Evasion Moves Clause: Evasion moves are banned
|rule|Evasion Abilities Clause: Evasion abilities are banned
|rule|Sleep Moves Clause: Sleep-inducing moves are banned
|clearpoke
|poke|p1|Decidueye, F|
|poke|p1|Vileplume, F|
|poke|p1|Ludicolo, M|
|poke|p1|Rotom-Mow|
|poke|p1|Hydrapple, M|
|poke|p1|Whimsicott, M|
|poke|p2|Mienshao, F|
|poke|p2|Gholdengo|
|poke|p2|Delphox, M|
|poke|p2|Haxorus, M|
|poke|p2|Barraskewda, F|
|poke|p2|Dedenne, M|
|teampreview
|
|t:|1758977054
|teamsize|p1|6
|teamsize|p2|6
|start
|switch|p1a: Rotom|Rotom-Mow|100/100
|switch|p2a: Mienshao|Mienshao, F|100/100
|turn|1
|
|t:|1758977064
|move|p2a: Mienshao|Fake Out|p1a: Rotom
|-damage|p1a: Rotom|86/100
|cant|p1a: Rotom|flinch
|
|-heal|p1a: Rotom|92/100|[from] item: Leftovers
|upkeep
|turn|2
|
|t:|1758977080
|-terastallize|p2a: Mienshao|Steel
|move|p2a: Mienshao|Ice Spinner|p1a: Rotom
|-supereffective|p1a: Rotom
|-damage|p1a: Rotom|29/100
|move|p1a: Rotom|Will-O-Wisp|p2a: Mienshao
|-status|p2a: Mienshao|brn
|
|-heal|p1a: Rotom|35/100|[from] item: Leftovers
|-damage|p2a: Mienshao|94/100 brn|[from] brn
|upkeep
|turn|3
|
|t:|1758977096
|switch|p1a: Ludicolo|Ludicolo, M|100/100
|move|p2a: Mienshao|U-turn|p1a: Ludicolo
|-supereffective|p1a: Ludicolo
|-damage|p1a: Ludicolo|73/100
|
|t:|1758977108
|switch|p2a: Dedenne|Dedenne, M, shiny|100/100|[from] U-turn
|
|upkeep
|turn|4
|
|t:|1758977125
|switch|p1a: Vileplume|Vileplume, F|100/100
|move|p2a: Dedenne|Nuzzle|p1a: Vileplume
|-resisted|p1a: Vileplume
|-damage|p1a: Vileplume|98/100
|-status|p1a: Vileplume|par
|
|-heal|p1a: Vileplume|100/100 par|[from] item: Black Sludge
|upkeep
|turn|5
|
|t:|1758977141
|move|p2a: Dedenne|Super Fang|p1a: Vileplume
|-damage|p1a: Vileplume|51/100 par
|move|p1a: Vileplume|Sludge Wave|p2a: Dedenne
|-supereffective|p2a: Dedenne
|-damage|p2a: Dedenne|0 fnt
|faint|p2a: Dedenne
|
|-heal|p1a: Vileplume|57/100 par|[from] item: Black Sludge
|upkeep
|
|t:|1758977151
|switch|p2a: Delphox|Delphox, M, shiny|100/100
|turn|6
|
|t:|1758977177
|switch|p1a: Ludicolo|Ludicolo, M|73/100
|move|p2a: Delphox|Light Screen|p2a: Delphox
|-sidestart|p2: cakeeioriguinal|move: Light Screen
|
|upkeep
|turn|7
|
|t:|1758977202
|move|p2a: Delphox|Psychic|p1a: Ludicolo
|-damage|p1a: Ludicolo|21/100
|-unboost|p1a: Ludicolo|spd|1
|-item|p2a: Delphox|Life Orb|[from] ability: Magician|[of] p1a: Ludicolo
|move|p1a: Ludicolo|Surf|p2a: Delphox
|-supereffective|p2a: Delphox
|-damage|p2a: Delphox|57/100
|
|upkeep
|turn|8
|l|☆cakeeioriguinal
|player|p2|
|j|☆cakeeioriguinal
|player|p2|cakeeioriguinal|riley|
|inactive|Battle timer is ON: inactive players will automatically lose when time's up. (requested by CatfishyK)
|
|t:|1758977284
|move|p2a: Delphox|Flamethrower|p1a: Ludicolo
|-damage|p1a: Ludicolo|0 fnt
|faint|p1a: Ludicolo
|-damage|p2a: Delphox|47/100|[from] item: Life Orb
|
|upkeep
|
|t:|1758977291
|switch|p1a: Hydrapple|Hydrapple, M|100/100
|turn|9
|inactive|cakeeioriguinal has 120 seconds left.
|
|t:|1758977329
|move|p2a: Delphox|Scorching Sands|p1a: Hydrapple
|-resisted|p1a: Hydrapple
|-damage|p1a: Hydrapple|88/100
|-damage|p2a: Delphox|37/100|[from] item: Life Orb
|move|p1a: Hydrapple|Earth Power|p2a: Delphox
|-supereffective|p2a: Delphox
|-damage|p2a: Delphox|7/100
|
|-heal|p1a: Hydrapple|94/100|[from] item: Leftovers
|upkeep
|turn|10
|inactive|cakeeioriguinal has 120 seconds left.
|
|t:|1758977345
|move|p2a: Delphox|Psychic|p1a: Hydrapple
|-damage|p1a: Hydrapple|46/100
|-damage|p2a: Delphox|0 fnt|[from] item: Life Orb
|faint|p2a: Delphox
|move|p1a: Hydrapple|Substitute|p1a: Hydrapple
|-start|p1a: Hydrapple|Substitute
|-damage|p1a: Hydrapple|21/100
|
|-heal|p1a: Hydrapple|27/100|[from] item: Leftovers
|-sideend|p2: cakeeioriguinal|move: Light Screen
|upkeep
|inactive|cakeeioriguinal has 120 seconds left.
|
|t:|1758977358
|switch|p2a: Barraskewda|Barraskewda, F, shiny|100/100
|turn|11
|inactive|cakeeioriguinal has 120 seconds left.
|
|t:|1758977369
|move|p2a: Barraskewda|Flip Turn|p1a: Hydrapple
|-resisted|p1a: Hydrapple
|-activate|p1a: Hydrapple|move: Substitute|[damage]
|
|t:|1758977373
|switch|p2a: Gholdengo|Gholdengo|100/100|[from] Flip Turn
|move|p1a: Hydrapple|Recover|p1a: Hydrapple
|-heal|p1a: Hydrapple|77/100
|
|-heal|p1a: Hydrapple|83/100|[from] item: Leftovers
|upkeep
|turn|12
|
|t:|1758977385
|move|p2a: Gholdengo|Flash Cannon|p1a: Hydrapple
|-end|p1a: Hydrapple|Substitute
|move|p1a: Hydrapple|Earth Power|p2a: Gholdengo
|-supereffective|p2a: Gholdengo
|-damage|p2a: Gholdengo|31/100
|
|-heal|p2a: Gholdengo|37/100|[from] item: Leftovers
|-heal|p1a: Hydrapple|90/100|[from] item: Leftovers
|upkeep
|turn|13
|
|t:|1758977395
|move|p2a: Gholdengo|Thunder Wave|p1a: Hydrapple
|-status|p1a: Hydrapple|par
|cant|p1a: Hydrapple|par
|
|-heal|p2a: Gholdengo|43/100|[from] item: Leftovers
|-heal|p1a: Hydrapple|96/100 par|[from] item: Leftovers
|upkeep
|turn|14
|
|t:|1758977404
|move|p2a: Gholdengo|Shadow Ball|p1a: Hydrapple
|-damage|p1a: Hydrapple|58/100 par
|move|p1a: Hydrapple|Earth Power|p2a: Gholdengo
|-supereffective|p2a: Gholdengo
|-damage|p2a: Gholdengo|0 fnt
|faint|p2a: Gholdengo
|
|-heal|p1a: Hydrapple|65/100 par|[from] item: Leftovers
|upkeep
|
|t:|1758977415
|switch|p2a: Haxorus|Haxorus, M, shiny|100/100
|-ability|p2a: Haxorus|Mold Breaker
|turn|15
|
|t:|1758977426
|switch|p1a: Whimsicott|Whimsicott, M|100/100
|move|p2a: Haxorus|Dragon Dance|p2a: Haxorus
|-boost|p2a: Haxorus|atk|1
|-boost|p2a: Haxorus|spe|1
|
|upkeep
|turn|16
|
|t:|1758977438
|move|p1a: Whimsicott|Encore|p2a: Haxorus
|-start|p2a: Haxorus|Encore
|move|p2a: Haxorus|Dragon Dance|p2a: Haxorus
|-boost|p2a: Haxorus|atk|1
|-boost|p2a: Haxorus|spe|1
|
|upkeep
|turn|17
|
|t:|1758977448
|switch|p2a: Mienshao|Mienshao, F, tera:Steel|100/100 brn
|move|p1a: Whimsicott|Moonblast|p2a: Mienshao
|-resisted|p2a: Mienshao
|-damage|p2a: Mienshao|80/100 brn
|
|-damage|p2a: Mienshao|74/100 brn|[from] brn
|upkeep
|turn|18
|
|t:|1758977462
|move|p2a: Mienshao|Fake Out|p1a: Whimsicott
|-damage|p1a: Whimsicott|89/100
|cant|p1a: Whimsicott|flinch
|
|-heal|p1a: Whimsicott|96/100|[from] item: Leftovers
|-damage|p2a: Mienshao|68/100 brn|[from] brn
|upkeep
|turn|19
|inactive|CatfishyK has 120 seconds left.
|
|t:|1758977497
|move|p1a: Whimsicott|Encore|p2a: Mienshao
|-start|p2a: Mienshao|Encore
|move|p2a: Mienshao|Fake Out||[still]
|-hint|Fake Out only works on your first turn out.
|-fail|p2a: Mienshao
|
|-heal|p1a: Whimsicott|100/100|[from] item: Leftovers
|-damage|p2a: Mienshao|62/100 brn|[from] brn
|upkeep
|turn|20
|inactive|CatfishyK has 120 seconds left.
|inactive|cakeeioriguinal has 120 seconds left.
|
|t:|1758977534
|switch|p1a: Vileplume|Vileplume, F|57/100 par
|switch|p2a: Barraskewda|Barraskewda, F, shiny|100/100
|
|-heal|p1a: Vileplume|63/100 par|[from] item: Black Sludge
|upkeep
|turn|21
|l|☆cakeeioriguinal
|inactive|cakeeioriguinal disconnected and has a minute to reconnect!
|player|p2|
|inactive|cakeeioriguinal has 30 seconds to reconnect!
|j|☆cakeeioriguinal
|inactive|cakeeioriguinal reconnected and has 90 seconds left.
|player|p2|cakeeioriguinal|riley|
|inactive|cakeeioriguinal has 60 seconds left.
|l|☆cakeeioriguinal
|inactive|cakeeioriguinal disconnected and has a minute to reconnect!
|player|p2|
|inactive|cakeeioriguinal has 30 seconds left.
|inactive|cakeeioriguinal has 20 seconds left.
|inactive|cakeeioriguinal has 15 seconds left.
|inactive|cakeeioriguinal has 10 seconds left.
|inactive|cakeeioriguinal has 5 seconds left.
|-message|cakeeioriguinal lost due to inactivity.
|
|win|CatfishyK
|raw|CatfishyK's rating: 1075 &rarr; <strong>1104</strong><br />(+29 for winning)
|raw|cakeeioriguinal's rating: 1073 &rarr; <strong>1052</strong><br />(-21 for losing)
|l|☆CatfishyK
|player|p1|
