|badge|p1|bronze|gen9ou|100-6
|html|<div class="broadcast-red"><strong>This battle is required to be public due to one or more player having a season medal.</strong><br />During the public phase, you can discuss the state of the ladder <a href="/seasondiscussion">in a special chatroom.</a></div>
|uhtml|medal-msg|<div class="broadcast-blue">Curious what those medals under the avatar are? PS now has Ladder Seasons! For more information, check out the <a href="https://www.smogon.com/forums/threads/3740067/">thread on Smogon.</a></div>
|raw|<div class="broadcast-blue"><strong>This battle is required to be public due to a player having a name starting with 'medal'.</div>
|j|☆bugcatcherweevil
|j|☆patio fence
|t:|1758994256
|gametype|singles
|player|p1|bugcatcherweevil|266|1862
|player|p2|patio fence|fisherman-gen2jp|1885
|gen|9
|tier|[Gen 9] OU
|rated|
|rule|HP Percentage Mod: HP is shown in percentages
|rule|Endless Battle Clause: Forcing endless battles is banned
|rule|Species Clause: Limit one of each Pokémon
|rule|OHKO Clause: OHKO moves are banned
|rule|Evasion Items Clause: Evasion items are banned
|rule|Evasion Moves Clause: Evasion moves are banned
|rule|Evasion Abilities Clause: Evasion abilities are banned
|rule|Sleep Moves Clause: Sleep-inducing moves are banned
|clearpoke
|poke|p1|Rotom-Wash|
|poke|p1|Pecharunt|
|poke|p1|Garchomp, F|
|poke|p1|Kingambit, F|
|poke|p1|Excadrill, F|
|poke|p1|Tyranitar, F|
|poke|p2|Amoonguss, F|
|poke|p2|Alomomola, F|
|poke|p2|Great Tusk|
|poke|p2|Darkrai|
|poke|p2|Dragonite, M|
|poke|p2|Gholdengo|
|teampreview
|inactive|Battle timer is ON: inactive players will automatically lose when time's up. (requested by patio fence)
|j| Rizzofreko
|inactive|bugcatcherweevil has 120 seconds left.
|inactive|patio fence has 120 seconds left.
|l| Rizzofreko
|inactive|bugcatcherweevil has 90 seconds left.
|inactive|bugcatcherweevil has 60 seconds left.
|
|t:|1758994371
|teamsize|p1|6
|teamsize|p2|6
|start
|switch|p1a: Rotom|Rotom-Wash|100/100
|switch|p2a: Great Tusk|Great Tusk|100/100
|turn|1
|
|t:|1758994390
|-end|p2a: Great Tusk|Protosynthesis|[silent]
|switch|p2a: Alomomola|Alomomola, F|100/100
|move|p1a: Rotom|Will-O-Wisp|p2a: Alomomola|[miss]
|-miss|p1a: Rotom|p2a: Alomomola
|
|upkeep
|turn|2
|j| larp legion
|
|t:|1758994408
|move|p1a: Rotom|Will-O-Wisp|p2a: Alomomola
|-status|p2a: Alomomola|brn
|move|p2a: Alomomola|Flip Turn|p1a: Rotom
|-resisted|p1a: Rotom
|-damage|p1a: Rotom|97/100
|
|t:|1758994413
|switch|p2a: Amoonguss|Amoonguss, F|100/100|[from] Flip Turn
|
|-heal|p1a: Rotom|100/100|[from] item: Leftovers
|upkeep
|turn|3
|
|t:|1758994431
|move|p1a: Rotom|Will-O-Wisp|p2a: Amoonguss
|-status|p2a: Amoonguss|brn
|move|p2a: Amoonguss|Toxic|p1a: Rotom
|-status|p1a: Rotom|tox
|
|-damage|p1a: Rotom|94/100 tox|[from] psn
|-damage|p2a: Amoonguss|94/100 brn|[from] brn
|upkeep
|turn|4
|
|t:|1758994452
|move|p1a: Rotom|Volt Switch|p2a: Amoonguss
|-resisted|p2a: Amoonguss
|-crit|p2a: Amoonguss
|-damage|p2a: Amoonguss|78/100 brn
|-enditem|p2a: Amoonguss|Red Card|[of] p1a: Rotom
|drag|p1a: Tyranitar|Tyranitar, F|100/100
|-weather|Sandstorm|[from] ability: Sand Stream|[of] p1a: Tyranitar
|move|p2a: Amoonguss|Toxic|p1a: Tyranitar
|-status|p1a: Tyranitar|tox
|
|-weather|Sandstorm|[upkeep]
|-damage|p2a: Amoonguss|72/100 brn|[from] Sandstorm
|-damage|p1a: Tyranitar|94/100 tox|[from] psn
|-damage|p2a: Amoonguss|66/100 brn|[from] brn
|upkeep
|turn|5
|
|t:|1758994469
|switch|p2a: Great Tusk|Great Tusk|100/100
|move|p1a: Tyranitar|Stealth Rock|p2a: Great Tusk
|-sidestart|p2: patio fence|move: Stealth Rock
|
|-weather|Sandstorm|[upkeep]
|-damage|p1a: Tyranitar|82/100 tox|[from] psn
|upkeep
|turn|6
|inactive|bugcatcherweevil has 120 seconds left.
|
|t:|1758994478
|switch|p1a: Rotom|Rotom-Wash|94/100 tox
|move|p2a: Great Tusk|Stealth Rock|p1a: Rotom
|-sidestart|p1: bugcatcherweevil|move: Stealth Rock
|
|-weather|Sandstorm|[upkeep]
|-damage|p1a: Rotom|88/100 tox|[from] Sandstorm
|-heal|p1a: Rotom|94/100 tox|[from] item: Leftovers
|-damage|p1a: Rotom|88/100 tox|[from] psn
|upkeep
|turn|7
|inactive|bugcatcherweevil has 120 seconds left.
|
|t:|1758994492
|-end|p2a: Great Tusk|Protosynthesis|[silent]
|switch|p2a: Amoonguss|Amoonguss, F|99/100 brn
|-damage|p2a: Amoonguss|87/100 brn|[from] Stealth Rock
|switch|p1a: Pecharunt|Pecharunt|100/100
|
|-weather|Sandstorm|[upkeep]
|-damage|p1a: Pecharunt|94/100|[from] Sandstorm
|-damage|p2a: Amoonguss|81/100 brn|[from] Sandstorm
|-damage|p2a: Amoonguss|75/100 brn|[from] brn
|upkeep
|turn|8
|inactive|bugcatcherweevil has 120 seconds left.
|
|t:|1758994502
|switch|p2a: Gholdengo|Gholdengo|100/100
|-damage|p2a: Gholdengo|94/100|[from] Stealth Rock
|move|p1a: Pecharunt|Parting Shot|p2a: Gholdengo
|-immune|p2a: Gholdengo|[from] ability: Good as Gold
|
|-weather|Sandstorm|[upkeep]
|-damage|p1a: Pecharunt|88/100|[from] Sandstorm
|upkeep
|turn|9
|
|t:|1758994510
|switch|p1a: Kingambit|Kingambit, F|100/100
|-damage|p1a: Kingambit|94/100|[from] Stealth Rock
|move|p2a: Gholdengo|Shadow Ball|p1a: Kingambit
|-resisted|p1a: Kingambit
|-damage|p1a: Kingambit|70/100
|
|-weather|Sandstorm|[upkeep]
|-heal|p1a: Kingambit|76/100|[from] item: Leftovers
|upkeep
|turn|10
|
|t:|1758994524
|switch|p2a: Great Tusk|Great Tusk|100/100
|move|p1a: Kingambit|Kowtow Cleave|p2a: Great Tusk
|-resisted|p2a: Great Tusk
|-damage|p2a: Great Tusk|82/100
|
|-weather|Sandstorm|[upkeep]
|-heal|p1a: Kingambit|82/100|[from] item: Leftovers
|upkeep
|turn|11
|j| iamfrhaan007
|
|t:|1758994530
|-end|p1a: Kingambit|fallenundefined|[silent]
|switch|p1a: Pecharunt|Pecharunt|88/100
|move|p2a: Great Tusk|Rapid Spin|p1a: Pecharunt
|-immune|p1a: Pecharunt
|
|-weather|none
|upkeep
|turn|12
|
|t:|1758994538
|move|p2a: Great Tusk|Headlong Rush|p1a: Pecharunt
|-supereffective|p1a: Pecharunt
|-damage|p1a: Pecharunt|35/100
|-unboost|p2a: Great Tusk|def|1
|-unboost|p2a: Great Tusk|spd|1
|move|p1a: Pecharunt|Shadow Ball|p2a: Great Tusk
|-damage|p2a: Great Tusk|26/100
|
|upkeep
|turn|13
|
|t:|1758994549
|move|p2a: Great Tusk|Headlong Rush|p1a: Pecharunt
|-supereffective|p1a: Pecharunt
|-damage|p1a: Pecharunt|0 fnt
|-unboost|p2a: Great Tusk|def|1
|-unboost|p2a: Great Tusk|spd|1
|faint|p1a: Pecharunt
|
|upkeep
|
|t:|1758994554
|switch|p1a: Garchomp|Garchomp, F|100/100
|-damage|p1a: Garchomp|94/100|[from] Stealth Rock
|turn|14
|
|t:|1758994567
|-end|p2a: Great Tusk|Protosynthesis|[silent]
|switch|p2a: Amoonguss|Amoonguss, F|100/100 brn
|-damage|p2a: Amoonguss|88/100 brn|[from] Stealth Rock
|move|p1a: Garchomp|Scale Shot|p2a: Amoonguss
|-damage|p2a: Amoonguss|78/100 brn
|-damage|p2a: Amoonguss|69/100 brn
|-damage|p2a: Amoonguss|60/100 brn
|-crit|p2a: Amoonguss
|-damage|p2a: Amoonguss|46/100 brn
|-damage|p2a: Amoonguss|36/100 brn
|-hitcount|p2a: Amoonguss|5
|-unboost|p1a: Garchomp|def|1
|-boost|p1a: Garchomp|spe|1
|
|-damage|p2a: Amoonguss|30/100 brn|[from] brn
|upkeep
|turn|15
|
|t:|1758994588
|move|p1a: Garchomp|Scale Shot|p2a: Amoonguss
|-damage|p2a: Amoonguss|20/100 brn
|-damage|p2a: Amoonguss|11/100 brn
|-damage|p2a: Amoonguss|2/100 brn
|-damage|p2a: Amoonguss|0 fnt
|faint|p2a: Amoonguss
|-hitcount|p2: Amoonguss|4
|-unboost|p1a: Garchomp|def|1
|-boost|p1a: Garchomp|spe|1
|
|upkeep
|inactive|patio fence has 120 seconds left.
|
|t:|1758994604
|switch|p2a: Darkrai|Darkrai|100/100
|-damage|p2a: Darkrai|88/100|[from] Stealth Rock
|turn|16
|
|t:|1758994614
|-terastallize|p1a: Garchomp|Fire
|move|p1a: Garchomp|Swords Dance|p1a: Garchomp
|-boost|p1a: Garchomp|atk|2
|move|p2a: Darkrai|Ice Beam|p1a: Garchomp
|-resisted|p1a: Garchomp
|-damage|p1a: Garchomp|78/100
|
|-heal|p2a: Darkrai|94/100|[from] item: Leftovers
|upkeep
|turn|17
|
|t:|1758994620
|switch|p2a: Great Tusk|Great Tusk|26/100
|move|p1a: Garchomp|Earthquake|p2a: Great Tusk
|-damage|p2a: Great Tusk|0 fnt
|faint|p2a: Great Tusk
|-end|p2a: Great Tusk|Protosynthesis|[silent]
|
|upkeep
|
|t:|1758994622
|switch|p2a: Dragonite|Dragonite, M|100/100
|turn|18
|
|t:|1758994629
|-terastallize|p2a: Dragonite|Normal
|move|p2a: Dragonite|Extreme Speed|p1a: Garchomp
|-damage|p1a: Garchomp|0 fnt
|-damage|p2a: Dragonite|88/100|[from] ability: Rough Skin|[of] p1a: Garchomp
|faint|p1a: Garchomp
|
|upkeep
|
|t:|1758994637
|switch|p1a: Excadrill|Excadrill, F|100/100
|-damage|p1a: Excadrill|97/100|[from] Stealth Rock
|turn|19
|
|t:|1758994642
|move|p1a: Excadrill|Earthquake|p2a: Dragonite
|-damage|p2a: Dragonite|19/100
|move|p2a: Dragonite|Earthquake|p1a: Excadrill
|-supereffective|p1a: Excadrill
|-damage|p1a: Excadrill|0 fnt
|faint|p1a: Excadrill
|
|upkeep
|
|t:|1758994650
|switch|p1a: Rotom|Rotom-Wash|88/100 tox
|-damage|p1a: Rotom|75/100 tox|[from] Stealth Rock
|turn|20
|
|t:|1758994657
|move|p2a: Dragonite|Roost|p2a: Dragonite
|-heal|p2a: Dragonite|70/100
|move|p1a: Rotom|Volt Switch|p2a: Dragonite
|-damage|p2a: Dragonite|45/100
|
|t:|1758994663
|switch|p1a: Kingambit|Kingambit, F|82/100|[from] Volt Switch
|-damage|p1a: Kingambit|76/100|[from] Stealth Rock
|-activate|p1a: Kingambit|ability: Supreme Overlord
|-start|p1a: Kingambit|fallen3|[silent]
|
|-heal|p1a: Kingambit|82/100|[from] item: Leftovers
|upkeep
|turn|21
|
|t:|1758994677
|move|p2a: Dragonite|Earthquake|p1a: Kingambit
|-supereffective|p1a: Kingambit
|-damage|p1a: Kingambit|16/100
|move|p1a: Kingambit|Kowtow Cleave|p2a: Dragonite
|-damage|p2a: Dragonite|0 fnt
|faint|p2a: Dragonite
|
|-heal|p1a: Kingambit|22/100|[from] item: Leftovers
|upkeep
|
|t:|1758994693
|switch|p2a: Darkrai|Darkrai|94/100
|-damage|p2a: Darkrai|82/100|[from] Stealth Rock
|turn|22
|
|t:|1758994697
|-end|p1a: Kingambit|fallen3|[silent]
|switch|p1a: Tyranitar|Tyranitar, F|82/100 tox
|-damage|p1a: Tyranitar|70/100 tox|[from] Stealth Rock
|-weather|Sandstorm|[from] ability: Sand Stream|[of] p1a: Tyranitar
|move|p2a: Darkrai|Dark Pulse|p1a: Tyranitar
|-resisted|p1a: Tyranitar
|-damage|p1a: Tyranitar|61/100 tox
|
|-weather|Sandstorm|[upkeep]
|-damage|p2a: Darkrai|76/100|[from] Sandstorm
|-heal|p2a: Darkrai|82/100|[from] item: Leftovers
|-damage|p1a: Tyranitar|55/100 tox|[from] psn
|upkeep
|turn|23
|
|t:|1758994707
|switch|p2a: Alomomola|Alomomola, F|100/100 brn
|-damage|p2a: Alomomola|88/100 brn|[from] Stealth Rock
|move|p1a: Tyranitar|Knock Off|p2a: Alomomola
|-damage|p2a: Alomomola|58/100 brn
|-enditem|p2a: Alomomola|Assault Vest|[from] move: Knock Off|[of] p1a: Tyranitar
|
|-weather|Sandstorm|[upkeep]
|-damage|p2a: Alomomola|52/100 brn|[from] Sandstorm
|-damage|p1a: Tyranitar|42/100 tox|[from] psn
|-damage|p2a: Alomomola|46/100 brn|[from] brn
|upkeep
|turn|24
|l| iamfrhaan007
|
|t:|1758994716
|move|p1a: Tyranitar|Stealth Rock||[still]
|-fail|p1a: Tyranitar
|move|p2a: Alomomola|Flip Turn|p1a: Tyranitar
|-supereffective|p1a: Tyranitar
|-damage|p1a: Tyranitar|29/100 tox
|
|t:|1758994728
|switch|p2a: Gholdengo|Gholdengo|94/100|[from] Flip Turn
|-damage|p2a: Gholdengo|88/100|[from] Stealth Rock
|
|-weather|Sandstorm|[upkeep]
|-damage|p1a: Tyranitar|10/100 tox|[from] psn
|upkeep
|turn|25
|
|t:|1758994739
|switch|p2a: Alomomola|Alomomola, F|79/100 brn
|-damage|p2a: Alomomola|67/100 brn|[from] Stealth Rock
|move|p1a: Tyranitar|Knock Off|p2a: Alomomola
|-damage|p2a: Alomomola|49/100 brn
|
|-weather|Sandstorm|[upkeep]
|-damage|p2a: Alomomola|43/100 brn|[from] Sandstorm
|-damage|p1a: Tyranitar|0 fnt|[from] psn
|faint|p1a: Tyranitar
|-damage|p2a: Alomomola|37/100 brn|[from] brn
|upkeep
|
|t:|1758994749
|switch|p1a: Rotom|Rotom-Wash|75/100 tox
|-damage|p1a: Rotom|63/100 tox|[from] Stealth Rock
|turn|26
|
|t:|1758994756
|switch|p2a: Gholdengo|Gholdengo|88/100
|-damage|p2a: Gholdengo|82/100|[from] Stealth Rock
|move|p1a: Rotom|Volt Switch|p2a: Gholdengo
|-damage|p2a: Gholdengo|54/100
|
|t:|1758994761
|switch|p1a: Kingambit|Kingambit, F|22/100|[from] Volt Switch
|-damage|p1a: Kingambit|16/100|[from] Stealth Rock
|-activate|p1a: Kingambit|ability: Supreme Overlord
|-start|p1a: Kingambit|fallen4|[silent]
|
|-weather|Sandstorm|[upkeep]
|-heal|p1a: Kingambit|22/100|[from] item: Leftovers
|upkeep
|turn|27
|
|t:|1758994764
|move|p2a: Gholdengo|Trick|p1a: Kingambit
|-activate|p2a: Gholdengo|move: Trick|[of] p1a: Kingambit
|-item|p1a: Kingambit|Choice Scarf|[from] move: Trick
|-item|p2a: Gholdengo|Leftovers|[from] move: Trick
|move|p1a: Kingambit|Kowtow Cleave|p2a: Gholdengo
|-supereffective|p2a: Gholdengo
|-damage|p2a: Gholdengo|0 fnt
|faint|p2a: Gholdengo
|
|-weather|Sandstorm|[upkeep]
|upkeep
|
|t:|1758994766
|switch|p2a: Darkrai|Darkrai|82/100
|-damage|p2a: Darkrai|70/100|[from] Stealth Rock
|turn|28
|
|t:|1758994776
|move|p2a: Darkrai|Dark Pulse|p1a: Kingambit
|-resisted|p1a: Kingambit
|-damage|p1a: Kingambit|2/100
|move|p1a: Kingambit|Kowtow Cleave|p2a: Darkrai
|-resisted|p2a: Darkrai
|-damage|p2a: Darkrai|30/100
|
|-weather|Sandstorm|[upkeep]
|-damage|p2a: Darkrai|24/100|[from] Sandstorm
|-heal|p2a: Darkrai|30/100|[from] item: Leftovers
|upkeep
|turn|29
|
|t:|1758994786
|move|p2a: Darkrai|Dark Pulse|p1a: Kingambit
|-resisted|p1a: Kingambit
|-damage|p1a: Kingambit|0 fnt
|faint|p1a: Kingambit
|-end|p1a: Kingambit|fallen4|[silent]
|
|-weather|none
|-heal|p2a: Darkrai|36/100|[from] item: Leftovers
|upkeep
|
|t:|1758994787
|switch|p1a: Rotom|Rotom-Wash|63/100 tox
|-damage|p1a: Rotom|50/100 tox|[from] Stealth Rock
|turn|30
|
|t:|1758994808
|move|p2a: Darkrai|Dark Pulse|p1a: Rotom
|-damage|p1a: Rotom|9/100 tox
|move|p1a: Rotom|Hydro Pump|p2a: Darkrai
|-damage|p2a: Darkrai|0 fnt
|faint|p2a: Darkrai
|
|-heal|p1a: Rotom|15/100 tox|[from] item: Leftovers
|-damage|p1a: Rotom|9/100 tox|[from] psn
|upkeep
|
|t:|1758994810
|switch|p2a: Alomomola|Alomomola, F|70/100 brn
|-damage|p2a: Alomomola|58/100 brn|[from] Stealth Rock
|turn|31
|inactive|bugcatcherweevil has 120 seconds left.
|
|t:|1758994853
|move|p1a: Rotom|Pain Split|p2a: Alomomola
|-sethp|p2a: Alomomola|32/100 brn|[from] move: Pain Split|[silent]
|-sethp|p1a: Rotom|49/100 tox|[from] move: Pain Split
|move|p2a: Alomomola|Mirror Coat||[still]
|-fail|p2a: Alomomola
|
|-heal|p1a: Rotom|55/100 tox|[from] item: Leftovers
|-damage|p1a: Rotom|43/100 tox|[from] psn
|-damage|p2a: Alomomola|26/100 brn|[from] brn
|upkeep
|turn|32
|
|t:|1758994860
|move|p1a: Rotom|Volt Switch|p2a: Alomomola
|-supereffective|p2a: Alomomola
|-damage|p2a: Alomomola|0 fnt
|faint|p2a: Alomomola
|
|win|bugcatcherweevil
|raw|bugcatcherweevil's rating: 1862 &rarr; <strong>1883</strong><br />(+21 for winning)
|raw|patio fence's rating: 1885 &rarr; <strong>1864</strong><br />(-21 for losing)
|l|☆patio fence
|player|p2|
