|j|☆magikarp soup
|j|☆akijuen
|t:|1759077085
|gametype|singles
|player|p1|magikarp soup|101|1652
|player|p2|akijuen|101|1575
|gen|9
|tier|[Gen 9] OU
|rated|
|rule|HP Percentage Mod: HP is shown in percentages
|rule|Endless Battle Clause: Forcing endless battles is banned
|rule|Species Clause: Limit one of each Pokémon
|rule|OHKO Clause: OHKO moves are banned
|rule|Evasion Items Clause: Evasion items are banned
|rule|Evasion Moves Clause: Evasion moves are banned
|rule|Evasion Abilities Clause: Evasion abilities are banned
|rule|Sleep Moves Clause: Sleep-inducing moves are banned
|clearpoke
|poke|p1|Ninetales, F|
|poke|p1|Walking Wake|
|poke|p1|Great Tusk|
|poke|p1|Brute Bonnet|
|poke|p1|Kingambit, M|
|poke|p1|Hatterene, F|
|poke|p2|Pelipper, F|
|poke|p2|Hatterene, F|
|poke|p2|Iron Treads|
|poke|p2|Toxicroak, F|
|poke|p2|Barraskewda, F|
|poke|p2|Zapdos|
|teampreview
|inactive|Battle timer is ON: inactive players will automatically lose when time's up. (requested by akijuen)
|
|t:|1759077105
|teamsize|p1|6
|teamsize|p2|6
|start
|switch|p1a: Kingambit|Kingambit, M|100/100
|switch|p2a: Zapdos|Zapdos|100/100
|turn|1
|
|t:|1759077109
|move|p2a: Zapdos|Volt Switch|p1a: Kingambit
|-damage|p1a: Kingambit|52/100
|
|t:|1759077111
|switch|p2a: Toxicroak|Toxicroak, F|100/100|[from] Volt Switch
|move|p1a: Kingambit|Swords Dance|p1a: Kingambit
|-boost|p1a: Kingambit|atk|2
|
|upkeep
|turn|2
|
|t:|1759077116
|-end|p1a: Kingambit|fallenundefined|[silent]
|switch|p1a: Ninetales|Ninetales, F|100/100
|-weather|SunnyDay|[from] ability: Drought|[of] p1a: Ninetales
|move|p2a: Toxicroak|Drain Punch|p1a: Ninetales
|-damage|p1a: Ninetales|63/100
|
|-weather|SunnyDay|[upkeep]
|-damage|p2a: Toxicroak|88/100|[from] ability: Dry Skin|[of] p2a: Toxicroak
|upkeep
|turn|3
|
|t:|1759077125
|switch|p2a: Pelipper|Pelipper, F|100/100
|-weather|RainDance|[from] ability: Drizzle|[of] p2a: Pelipper
|move|p1a: Ninetales|Will-O-Wisp|p2a: Pelipper
|-status|p2a: Pelipper|brn
|
|-weather|RainDance|[upkeep]
|-damage|p2a: Pelipper|94/100 brn|[from] brn
|upkeep
|turn|4
|
|t:|1759077136
|switch|p1a: Hatterene|Hatterene, F|100/100
|move|p2a: Pelipper|U-turn|p1a: Hatterene
|-damage|p1a: Hatterene|95/100
|
|t:|1759077142
|switch|p2a: Barraskewda|Barraskewda, F|100/100|[from] U-turn
|
|-weather|RainDance|[upkeep]
|upkeep
|turn|5
|
|t:|1759077146
|-terastallize|p1a: Hatterene|Water
|move|p2a: Barraskewda|Flip Turn|p1a: Hatterene
|-resisted|p1a: Hatterene
|-damage|p1a: Hatterene|52/100
|
|t:|1759077150
|switch|p2a: Iron Treads|Iron Treads|100/100|[from] Flip Turn
|move|p1a: Hatterene|Nuzzle|p2a: Iron Treads
|-immune|p2a: Iron Treads
|
|-weather|RainDance|[upkeep]
|upkeep
|turn|6
|
|t:|1759077154
|switch|p1a: Ninetales|Ninetales, F|63/100
|-weather|SunnyDay|[from] ability: Drought|[of] p1a: Ninetales
|move|p2a: Iron Treads|Volt Switch|p1a: Ninetales
|-damage|p1a: Ninetales|49/100
|-message|magikarp soup forfeited.
|
|win|akijuen
|raw|magikarp soup's rating: 1652 &rarr; <strong>1628</strong><br />(-24 for losing)
|raw|akijuen's rating: 1575 &rarr; <strong>1599</strong><br />(+24 for winning)
|l|☆magikarp soup
|player|p1|
|l|☆akijuen
|player|p2|
