|j|☆FizzyXD
|j|☆you should now
|t:|1758961705
|gametype|singles
|player|p1|FizzyXD|swimmerf-gen4dp|1443
|player|p2|you should now|170|1494
|gen|9
|tier|[Gen 9] OU
|rated|
|rule|HP Percentage Mod: HP is shown in percentages
|rule|Endless Battle Clause: Forcing endless battles is banned
|rule|Species Clause: Limit one of each Pokémon
|rule|OHKO Clause: OHKO moves are banned
|rule|Evasion Items Clause: Evasion items are banned
|rule|Evasion Moves Clause: Evasion moves are banned
|rule|Evasion Abilities Clause: Evasion abilities are banned
|rule|Sleep Moves Clause: Sleep-inducing moves are banned
|clearpoke
|poke|p1|Dragonite, M|
|poke|p1|Magnezone|
|poke|p1|Regidrago|
|poke|p1|Scizor, M|
|poke|p1|Ting-Lu|
|poke|p1|Weezing-Galar, F|
|poke|p2|Meloetta|
|poke|p2|Iron Moth|
|poke|p2|Corviknight, M|
|poke|p2|Slowking-Galar, M|
|poke|p2|Great Tusk|
|poke|p2|Lokix, M|
|teampreview
|inactive|Battle timer is ON: inactive players will automatically lose when time's up. (requested by FizzyXD)
|inactive|you should now has 120 seconds left.
|
|t:|1758961744
|teamsize|p1|6
|teamsize|p2|6
|start
|switch|p1a: Scizor|Scizor, M|100/100
|switch|p2a: Corviknight|Corviknight, M|100/100
|-ability|p2a: Corviknight|Pressure
|turn|1
|
|t:|1758961749
|move|p1a: Scizor|Knock Off|p2a: Corviknight
|-damage|p2a: Corviknight|80/100
|-damage|p1a: Scizor|84/100|[from] item: Rocky Helmet|[of] p2a: Corviknight
|-enditem|p2a: Corviknight|Rocky Helmet|[from] move: Knock Off|[of] p1a: Scizor
|move|p2a: Corviknight|U-turn|p1a: Scizor
|-resisted|p1a: Scizor
|-damage|p1a: Scizor|77/100
|
|t:|1758961757
|switch|p2a: Great Tusk|Great Tusk|100/100|[from] U-turn
|
|upkeep
|turn|2
|
|t:|1758961760
|move|p2a: Great Tusk|Stealth Rock|p1a: Scizor
|-sidestart|p1: FizzyXD|move: Stealth Rock
|move|p1a: Scizor|Knock Off|p2a: Great Tusk
|-resisted|p2a: Great Tusk
|-damage|p2a: Great Tusk|90/100
|-enditem|p2a: Great Tusk|Leftovers|[from] move: Knock Off|[of] p1a: Scizor
|
|upkeep
|turn|3
|
|t:|1758961768
|move|p2a: Great Tusk|Headlong Rush|p1a: Scizor
|-damage|p1a: Scizor|23/100
|-unboost|p2a: Great Tusk|def|1
|-unboost|p2a: Great Tusk|spd|1
|move|p1a: Scizor|U-turn|p2a: Great Tusk
|-resisted|p2a: Great Tusk
|-damage|p2a: Great Tusk|74/100
|
|t:|1758961789
|switch|p1a: Ting-Lu|Ting-Lu|100/100|[from] U-turn
|-damage|p1a: Ting-Lu|94/100|[from] Stealth Rock
|-ability|p1a: Ting-Lu|Vessel of Ruin
|
|upkeep
|turn|4
|
|t:|1758961795
|-end|p2a: Great Tusk|Protosynthesis|[silent]
|switch|p2a: Lokix|Lokix, M|100/100
|move|p1a: Ting-Lu|Stealth Rock|p2a: Lokix
|-sidestart|p2: you should now|move: Stealth Rock
|
|upkeep
|turn|5
|
|t:|1758961806
|switch|p1a: Weezing|Weezing-Galar, F|100/100
|-ability|p1a: Weezing|Neutralizing Gas
|move|p2a: Lokix|U-turn|p1a: Weezing
|-resisted|p1a: Weezing
|-damage|p1a: Weezing|92/100
|
|t:|1758961818
|switch|p2a: Meloetta|Meloetta|100/100|[from] U-turn
|-damage|p2a: Meloetta|88/100|[from] Stealth Rock
|
|upkeep
|turn|6
|
|t:|1758961822
|-end|p1a: Weezing|ability: Neutralizing Gas
|switch|p1a: Ting-Lu|Ting-Lu|94/100
|-damage|p1a: Ting-Lu|88/100|[from] Stealth Rock
|-ability|p1a: Ting-Lu|Vessel of Ruin
|move|p2a: Meloetta|Knock Off|p1a: Ting-Lu
|-resisted|p1a: Ting-Lu
|-damage|p1a: Ting-Lu|84/100
|-damage|p2a: Meloetta|72/100|[from] item: Rocky Helmet|[of] p1a: Ting-Lu
|-enditem|p1a: Ting-Lu|Rocky Helmet|[from] move: Knock Off|[of] p2a: Meloetta
|
|upkeep
|turn|7
|
|t:|1758961835
|switch|p2a: Great Tusk|Great Tusk|74/100
|-damage|p2a: Great Tusk|71/100|[from] Stealth Rock
|move|p1a: Ting-Lu|Whirlwind|p2a: Great Tusk
|-end|p2a: Great Tusk|Protosynthesis|[silent]
|drag|p2a: Meloetta|Meloetta|72/100
|-damage|p2a: Meloetta|59/100|[from] Stealth Rock
|
|upkeep
|turn|8
|
|t:|1758961851
|switch|p2a: Great Tusk|Great Tusk|71/100
|-damage|p2a: Great Tusk|68/100|[from] Stealth Rock
|move|p1a: Ting-Lu|Earthquake|p2a: Great Tusk
|-damage|p2a: Great Tusk|48/100
|
|upkeep
|turn|9
|
|t:|1758961858
|move|p2a: Great Tusk|Rapid Spin|p1a: Ting-Lu
|-damage|p1a: Ting-Lu|75/100
|-boost|p2a: Great Tusk|spe|1
|-sideend|p2: you should now|Stealth Rock|[from] move: Rapid Spin|[of] p2a: Great Tusk
|move|p1a: Ting-Lu|Whirlwind|p2a: Great Tusk
|-end|p2a: Great Tusk|Protosynthesis|[silent]
|drag|p2a: Lokix|Lokix, M|100/100
|
|upkeep
|turn|10
|
|t:|1758961868
|switch|p1a: Weezing|Weezing-Galar, F|92/100
|-ability|p1a: Weezing|Neutralizing Gas
|move|p2a: Lokix|U-turn|p1a: Weezing
|-resisted|p1a: Weezing
|-damage|p1a: Weezing|84/100
|
|t:|1758961874
|switch|p2a: Iron Moth|Iron Moth|100/100|[from] U-turn
|
|upkeep
|turn|11
|
|t:|1758961882
|-end|p1a: Weezing|ability: Neutralizing Gas
|switch|p1a: Ting-Lu|Ting-Lu|75/100
|-damage|p1a: Ting-Lu|69/100|[from] Stealth Rock
|-ability|p1a: Ting-Lu|Vessel of Ruin
|move|p2a: Iron Moth|Overheat|p1a: Ting-Lu
|-damage|p1a: Ting-Lu|26/100
|-unboost|p2a: Iron Moth|spa|2
|
|upkeep
|turn|12
|
|t:|1758961895
|-end|p2a: Iron Moth|Quark Drive|[silent]
|switch|p2a: Great Tusk|Great Tusk|48/100
|move|p1a: Ting-Lu|Stealth Rock|p2a: Great Tusk
|-sidestart|p2: you should now|move: Stealth Rock
|
|upkeep
|turn|13
|
|t:|1758961905
|move|p2a: Great Tusk|Rapid Spin|p1a: Ting-Lu
|-damage|p1a: Ting-Lu|17/100
|-boost|p2a: Great Tusk|spe|1
|-sideend|p2: you should now|Stealth Rock|[from] move: Rapid Spin|[of] p2a: Great Tusk
|move|p1a: Ting-Lu|Earthquake|p2a: Great Tusk
|-damage|p2a: Great Tusk|28/100
|
|upkeep
|turn|14
|
|t:|1758961913
|move|p2a: Great Tusk|Ice Spinner|p1a: Ting-Lu
|-supereffective|p1a: Ting-Lu
|-damage|p1a: Ting-Lu|0 fnt
|faint|p1a: Ting-Lu
|
|upkeep
|
|t:|1758961919
|switch|p1a: Scizor|Scizor, M|23/100
|-damage|p1a: Scizor|10/100|[from] Stealth Rock
|turn|15
|
|t:|1758961931
|move|p1a: Scizor|Bullet Punch|p2a: Great Tusk
|-damage|p2a: Great Tusk|8/100
|move|p2a: Great Tusk|Ice Spinner|p1a: Scizor
|-resisted|p1a: Scizor
|-damage|p1a: Scizor|0 fnt
|faint|p1a: Scizor
|
|upkeep
|
|t:|1758961948
|switch|p1a: Regidrago|Regidrago, shiny|100/100
|-damage|p1a: Regidrago|88/100|[from] Stealth Rock
|turn|16
|
|t:|1758961956
|move|p1a: Regidrago|Dragon Energy|p2a: Great Tusk
|-damage|p2a: Great Tusk|0 fnt
|faint|p2a: Great Tusk
|-end|p2a: Great Tusk|Protosynthesis|[silent]
|
|upkeep
|
|t:|1758961977
|switch|p2a: Slowking|Slowking-Galar, M|100/100
|turn|17
|
|t:|1758961990
|move|p1a: Regidrago|Dragon Energy|p2a: Slowking
|-damage|p2a: Slowking|51/100
|-prepare|p2a: Slowking|Chilly Reception|[premajor]
|move|p2a: Slowking|Chilly Reception|p2a: Slowking
|-weather|Snowscape
|
|t:|1758961994
|switch|p2a: Corviknight|Corviknight, M|80/100|[from] Chilly Reception
|-ability|p2a: Corviknight|Pressure
|
|-weather|Snowscape|[upkeep]
|upkeep
|turn|18
|
|t:|1758962010
|switch|p1a: Magnezone|Magnezone|100/100
|-damage|p1a: Magnezone|94/100|[from] Stealth Rock
|move|p2a: Corviknight|U-turn|p1a: Magnezone
|-resisted|p1a: Magnezone
|-damage|p1a: Magnezone|87/100
|
|t:|1758962015
|switch|p2a: Iron Moth|Iron Moth|100/100|[from] U-turn
|
|-weather|Snowscape|[upkeep]
|upkeep
|turn|19
|
|t:|1758962042
|-terastallize|p1a: Magnezone|Electric
|move|p2a: Iron Moth|Fiery Dance|p1a: Magnezone
|-damage|p1a: Magnezone|0 fnt
|-boost|p2a: Iron Moth|spa|1
|faint|p1a: Magnezone
|
|-weather|Snowscape|[upkeep]
|upkeep
|
|t:|1758962050
|switch|p1a: Regidrago|Regidrago, shiny|88/100
|-damage|p1a: Regidrago|76/100|[from] Stealth Rock
|turn|20
|
|t:|1758962067
|-end|p2a: Iron Moth|Quark Drive|[silent]
|switch|p2a: Slowking|Slowking-Galar, M|85/100
|move|p1a: Regidrago|Draco Meteor|p2a: Slowking|[miss]
|-miss|p1a: Regidrago|p2a: Slowking
|
|-weather|Snowscape|[upkeep]
|upkeep
|turn|21
|
|t:|1758962077
|move|p1a: Regidrago|Draco Meteor|p2a: Slowking
|-damage|p2a: Slowking|39/100
|-unboost|p1a: Regidrago|spa|2
|move|p2a: Slowking|Sludge Bomb|p1a: Regidrago
|-damage|p1a: Regidrago|38/100
|-status|p1a: Regidrago|psn
|
|-weather|none
|-damage|p1a: Regidrago|25/100 psn|[from] psn
|upkeep
|turn|22
|
|t:|1758962085
|move|p1a: Regidrago|Draco Meteor|p2a: Slowking|[miss]
|-miss|p1a: Regidrago|p2a: Slowking
|-prepare|p2a: Slowking|Chilly Reception|[premajor]
|move|p2a: Slowking|Chilly Reception|p2a: Slowking
|-weather|Snowscape
|
|t:|1758962099
|switch|p2a: Iron Moth|Iron Moth|100/100|[from] Chilly Reception
|
|-weather|Snowscape|[upkeep]
|-damage|p1a: Regidrago|13/100 psn|[from] psn
|upkeep
|turn|23
|
|t:|1758962102
|move|p1a: Regidrago|Draco Meteor|p2a: Iron Moth|[miss]
|-miss|p1a: Regidrago|p2a: Iron Moth
|move|p2a: Iron Moth|Sludge Wave|p1a: Regidrago
|-damage|p1a: Regidrago|0 fnt
|faint|p1a: Regidrago
|
|-weather|Snowscape|[upkeep]
|upkeep
|
|t:|1758962112
|switch|p1a: Weezing|Weezing-Galar, F|84/100
|-ability|p1a: Weezing|Neutralizing Gas
|turn|24
|
|t:|1758962117
|move|p2a: Iron Moth|Sludge Wave|p1a: Weezing
|-damage|p1a: Weezing|0 fnt
|faint|p1a: Weezing
|-end|p1a: Weezing|ability: Neutralizing Gas
|
|-weather|Snowscape|[upkeep]
|upkeep
|
|t:|1758962120
|switch|p1a: Dragonite|Dragonite, M|100/100
|turn|25
|
|t:|1758962123
|move|p2a: Iron Moth|Sludge Wave|p1a: Dragonite
|-damage|p1a: Dragonite|62/100
|move|p1a: Dragonite|Dragon Dance|p1a: Dragonite
|-boost|p1a: Dragonite|atk|1
|-boost|p1a: Dragonite|spe|1
|
|-weather|Snowscape|[upkeep]
|upkeep
|turn|26
|
|t:|1758962131
|move|p1a: Dragonite|Earthquake|p2a: Iron Moth
|-supereffective|p2a: Iron Moth
|-damage|p2a: Iron Moth|0 fnt
|faint|p2a: Iron Moth
|-end|p2a: Iron Moth|Quark Drive|[silent]
|
|-weather|none
|upkeep
|
|t:|1758962134
|switch|p2a: Lokix|Lokix, M|100/100
|turn|27
|
|t:|1758962141
|-terastallize|p2a: Lokix|Bug
|move|p1a: Dragonite|Extreme Speed|p2a: Lokix
|-damage|p2a: Lokix|34/100
|move|p2a: Lokix|First Impression|p1a: Dragonite
|-resisted|p1a: Dragonite
|-damage|p1a: Dragonite|0 fnt
|faint|p1a: Dragonite
|
|win|you should now
|raw|FizzyXD's rating: 1443 &rarr; <strong>1426</strong><br />(-17 for losing)
|raw|you should now's rating: 1494 &rarr; <strong>1511</strong><br />(+17 for winning)
|l|☆FizzyXD
|player|p1|
|l|☆you should now
|player|p2|
