|j|☆55burgers55fries
|j|☆Ciphro
|t:|1759012798
|gametype|singles
|player|p1|55burgers55fries|miku-ground|1279
|player|p2|Ciphro|twins-gen4dp|1273
|gen|9
|tier|[Gen 9] OU
|rated|
|rule|HP Percentage Mod: HP is shown in percentages
|rule|Endless Battle Clause: Forcing endless battles is banned
|rule|Species Clause: Limit one of each Pokémon
|rule|OHKO Clause: OHKO moves are banned
|rule|Evasion Items Clause: Evasion items are banned
|rule|Evasion Moves Clause: Evasion moves are banned
|rule|Evasion Abilities Clause: Evasion abilities are banned
|rule|Sleep Moves Clause: Sleep-inducing moves are banned
|clearpoke
|poke|p1|Tyranitar, M|
|poke|p1|Excadrill, M|
|poke|p1|Terrakion|
|poke|p1|Gliscor, F|
|poke|p1|Reuniclus, F|
|poke|p1|Skarmory, F|
|poke|p2|Lycanroc-Dusk, F|
|poke|p2|Volcanion|
|poke|p2|Corviknight, M|
|poke|p2|Great Tusk|
|poke|p2|Slowking-Galar, M|
|poke|p2|Darkrai|
|teampreview
|inactive|Battle timer is ON: inactive players will automatically lose when time's up. (requested by 55burgers55fries)
|
|t:|1759012827
|teamsize|p1|6
|teamsize|p2|6
|start
|switch|p1a: Terrakion|Terrakion|100/100
|switch|p2a: Lycanroc|Lycanroc-Dusk, F|100/100
|turn|1
|
|t:|1759012843
|switch|p1a: Skarmory|Skarmory, F|100/100
|switch|p2a: Corviknight|Corviknight, M|100/100
|-ability|p2a: Corviknight|Pressure
|
|upkeep
|turn|2
|
|t:|1759012852
|move|p1a: Skarmory|Spikes|p2a: Corviknight
|-sidestart|p2: Ciphro|Spikes
|move|p2a: Corviknight|U-turn|p1a: Skarmory
|-resisted|p1a: Skarmory
|-damage|p1a: Skarmory|98/100
|-damage|p2a: Corviknight|84/100|[from] item: Rocky Helmet|[of] p1a: Skarmory
|
|t:|1759012862
|switch|p2a: Volcanion|Volcanion|100/100|[from] U-turn
|
|upkeep
|turn|3
|inactive|Ciphro has 120 seconds left.
|
|t:|1759012888
|switch|p1a: Tyranitar|Tyranitar, M|100/100
|-weather|Sandstorm|[from] ability: Sand Stream|[of] p1a: Tyranitar
|move|p2a: Volcanion|Fire Spin|p1a: Tyranitar
|-resisted|p1a: Tyranitar
|-damage|p1a: Tyranitar|96/100
|-activate|p1a: Tyranitar|move: Fire Spin|[of] p2a: Volcanion
|
|-weather|Sandstorm|[upkeep]
|-damage|p2a: Volcanion|94/100|[from] Sandstorm
|-damage|p1a: Tyranitar|84/100|[from] move: Fire Spin|[partiallytrapped]
|upkeep
|turn|4
|inactive|Ciphro has 120 seconds left.
|
|t:|1759012926
|switch|p2a: Great Tusk|Great Tusk|100/100
|move|p1a: Tyranitar|Rock Slide|p2a: Great Tusk
|-resisted|p2a: Great Tusk
|-damage|p2a: Great Tusk|95/100
|
|-weather|Sandstorm|[upkeep]
|-end|p1a: Tyranitar|Fire Spin|[partiallytrapped]|[silent]
|upkeep
|turn|5
|
|t:|1759012931
|switch|p1a: Skarmory|Skarmory, F|98/100
|move|p2a: Great Tusk|Rapid Spin|p1a: Skarmory
|-resisted|p1a: Skarmory
|-damage|p1a: Skarmory|93/100
|-boost|p2a: Great Tusk|spe|1
|-damage|p2a: Great Tusk|78/100|[from] item: Rocky Helmet|[of] p1a: Skarmory
|-sideend|p2: Ciphro|Spikes|[from] move: Rapid Spin|[of] p2a: Great Tusk
|
|-weather|Sandstorm|[upkeep]
|upkeep
|turn|6
|
|t:|1759012937
|move|p2a: Great Tusk|Stealth Rock|p1a: Skarmory
|-sidestart|p1: 55burgers55fries|move: Stealth Rock
|move|p1a: Skarmory|Spikes|p2a: Great Tusk
|-sidestart|p2: Ciphro|Spikes
|
|-weather|Sandstorm|[upkeep]
|upkeep
|turn|7
|
|t:|1759012940
|move|p2a: Great Tusk|Rapid Spin|p1a: Skarmory
|-resisted|p1a: Skarmory
|-damage|p1a: Skarmory|88/100
|-boost|p2a: Great Tusk|spe|1
|-damage|p2a: Great Tusk|62/100|[from] item: Rocky Helmet|[of] p1a: Skarmory
|-sideend|p2: Ciphro|Spikes|[from] move: Rapid Spin|[of] p2a: Great Tusk
|move|p1a: Skarmory|Brave Bird|p2a: Great Tusk
|-supereffective|p2a: Great Tusk
|-damage|p2a: Great Tusk|13/100
|-damage|p1a: Skarmory|70/100|[from] Recoil
|
|-weather|Sandstorm|[upkeep]
|upkeep
|turn|8
|inactive|Ciphro has 120 seconds left.
|
|t:|1759012953
|-end|p2a: Great Tusk|Protosynthesis|[silent]
|switch|p2a: Slowking|Slowking-Galar, M|100/100
|move|p1a: Skarmory|Spikes|p2a: Slowking
|-sidestart|p2: Ciphro|Spikes
|
|-weather|Sandstorm|[upkeep]
|-damage|p2a: Slowking|94/100|[from] Sandstorm
|upkeep
|turn|9
|
|t:|1759012958
|switch|p1a: Tyranitar|Tyranitar, M|84/100
|-damage|p1a: Tyranitar|72/100|[from] Stealth Rock
|move|p2a: Slowking|Flamethrower|p1a: Tyranitar
|-resisted|p1a: Tyranitar
|-damage|p1a: Tyranitar|67/100
|
|-weather|Sandstorm|[upkeep]
|-damage|p2a: Slowking|88/100|[from] Sandstorm
|upkeep
|turn|10
|inactive|Ciphro has 120 seconds left.
|
|t:|1759012987
|-terastallize|p2a: Slowking|Grass
|move|p1a: Tyranitar|Knock Off|p2a: Slowking
|-damage|p2a: Slowking|57/100
|-enditem|p2a: Slowking|Assault Vest|[from] move: Knock Off|[of] p1a: Tyranitar
|move|p2a: Slowking|Grass Knot|p1a: Tyranitar
|-supereffective|p1a: Tyranitar
|-damage|p1a: Tyranitar|32/100
|
|-weather|none
|upkeep
|turn|11
|inactive|Ciphro has 120 seconds left.
|
|t:|1759013019
|switch|p1a: Gliscor|Gliscor, F|100/100
|-damage|p1a: Gliscor|88/100|[from] Stealth Rock
|switch|p2a: Darkrai|Darkrai|100/100
|-damage|p2a: Darkrai|88/100|[from] Spikes
|
|-status|p1a: Gliscor|tox|[from] item: Toxic Orb
|upkeep
|turn|12
|inactive|Ciphro has 90 seconds left.
|
|t:|1759013036
|switch|p1a: Terrakion|Terrakion|100/100
|-damage|p1a: Terrakion|94/100|[from] Stealth Rock
|move|p2a: Darkrai|Dark Pulse|p1a: Terrakion
|-resisted|p1a: Terrakion
|-damage|p1a: Terrakion|70/100
|-ability|p1a: Terrakion|Justified|boost
|-boost|p1a: Terrakion|atk|1
|
|upkeep
|turn|13
|inactive|Ciphro has 90 seconds left.
|
|t:|1759013055
|switch|p2a: Corviknight|Corviknight, M|84/100
|-ability|p2a: Corviknight|Pressure
|move|p1a: Terrakion|Close Combat|p2a: Corviknight
|-damage|p2a: Corviknight|2/100
|-unboost|p1a: Terrakion|def|1
|-unboost|p1a: Terrakion|spd|1
|-damage|p1a: Terrakion|54/100|[from] item: Rocky Helmet|[of] p2a: Corviknight
|
|upkeep
|turn|14
|
|t:|1759013059
|move|p1a: Terrakion|Close Combat|p2a: Corviknight
|-damage|p2a: Corviknight|0 fnt
|-unboost|p1a: Terrakion|def|1
|-unboost|p1a: Terrakion|spd|1
|-damage|p1a: Terrakion|37/100|[from] item: Rocky Helmet|[of] p2a: Corviknight
|faint|p2a: Corviknight
|
|upkeep
|
|t:|1759013064
|switch|p2a: Lycanroc|Lycanroc-Dusk, F|100/100
|-damage|p2a: Lycanroc|88/100|[from] Spikes
|turn|15
|
|t:|1759013068
|switch|p1a: Skarmory|Skarmory, F|70/100
|-damage|p1a: Skarmory|58/100|[from] Stealth Rock
|move|p2a: Lycanroc|Accelerock|p1a: Skarmory
|-crit|p1a: Skarmory
|-damage|p1a: Skarmory|21/100
|-damage|p2a: Lycanroc|72/100|[from] item: Rocky Helmet|[of] p1a: Skarmory
|
|upkeep
|turn|16
|
|t:|1759013071
|move|p2a: Lycanroc|Accelerock|p1a: Skarmory
|-damage|p1a: Skarmory|0 fnt
|-damage|p2a: Lycanroc|55/100|[from] item: Rocky Helmet|[of] p1a: Skarmory
|faint|p1a: Skarmory
|
|upkeep
|
|t:|1759013081
|switch|p1a: Gliscor|Gliscor, F|88/100 tox
|-damage|p1a: Gliscor|76/100 tox|[from] Stealth Rock
|turn|17
|
|t:|1759013094
|switch|p2a: Great Tusk|Great Tusk|13/100
|move|p1a: Gliscor|Knock Off|p2a: Great Tusk
|-resisted|p2a: Great Tusk
|-damage|p2a: Great Tusk|3/100
|-enditem|p2a: Great Tusk|Heavy-Duty Boots|[from] move: Knock Off|[of] p1a: Gliscor
|
|-heal|p1a: Gliscor|88/100 tox|[from] ability: Poison Heal
|upkeep
|turn|18
|
|t:|1759013102
|move|p1a: Gliscor|Knock Off|p2a: Great Tusk
|-resisted|p2a: Great Tusk
|-damage|p2a: Great Tusk|0 fnt
|faint|p2a: Great Tusk
|-end|p2a: Great Tusk|Protosynthesis|[silent]
|
|-heal|p1a: Gliscor|100/100 tox|[from] ability: Poison Heal
|upkeep
|inactive|Ciphro has 120 seconds left.
|
|t:|1759013122
|switch|p2a: Darkrai|Darkrai|88/100
|-damage|p2a: Darkrai|76/100|[from] Spikes
|turn|19
|
|t:|1759013133
|move|p2a: Darkrai|Ice Beam|p1a: Gliscor
|-supereffective|p1a: Gliscor
|-damage|p1a: Gliscor|0 fnt
|faint|p1a: Gliscor
|
|upkeep
|
|t:|1759013137
|switch|p1a: Tyranitar|Tyranitar, M|32/100
|-damage|p1a: Tyranitar|20/100|[from] Stealth Rock
|-weather|Sandstorm|[from] ability: Sand Stream|[of] p1a: Tyranitar
|turn|20
|
|t:|1759013153
|move|p2a: Darkrai|Ice Beam|p1a: Tyranitar
|-damage|p1a: Tyranitar|6/100
|move|p1a: Tyranitar|Stealth Rock|p2a: Darkrai
|-sidestart|p2: Ciphro|move: Stealth Rock
|
|-weather|Sandstorm|[upkeep]
|-damage|p2a: Darkrai|70/100|[from] Sandstorm
|upkeep
|turn|21
|
|t:|1759013163
|move|p2a: Darkrai|Ice Beam|p1a: Tyranitar
|-damage|p1a: Tyranitar|0 fnt
|faint|p1a: Tyranitar
|
|-weather|Sandstorm|[upkeep]
|-damage|p2a: Darkrai|63/100|[from] Sandstorm
|upkeep
|
|t:|1759013166
|switch|p1a: Excadrill|Excadrill, M|100/100
|-damage|p1a: Excadrill|97/100|[from] Stealth Rock
|turn|22
|inactive|Ciphro has 120 seconds left.
|
|t:|1759013207
|switch|p2a: Slowking|Slowking-Galar, M, tera:Grass|91/100
|-damage|p2a: Slowking|78/100|[from] Spikes
|-damage|p2a: Slowking|66/100|[from] Stealth Rock
|move|p1a: Excadrill|Earthquake|p2a: Slowking
|-resisted|p2a: Slowking
|-damage|p2a: Slowking|39/100
|-damage|p1a: Excadrill|87/100|[from] item: Life Orb
|
|-weather|Sandstorm|[upkeep]
|-damage|p2a: Slowking|33/100|[from] Sandstorm
|upkeep
|turn|23
|
|t:|1759013214
|move|p1a: Excadrill|Rock Slide|p2a: Slowking
|-damage|p2a: Slowking|4/100
|-damage|p1a: Excadrill|78/100|[from] item: Life Orb
|move|p2a: Slowking|Grass Knot|p1a: Excadrill
|-damage|p1a: Excadrill|46/100
|
|-weather|Sandstorm|[upkeep]
|-damage|p2a: Slowking|0 fnt|[from] Sandstorm
|faint|p2a: Slowking
|upkeep
|
|t:|1759013226
|switch|p2a: Darkrai|Darkrai|63/100
|-damage|p2a: Darkrai|51/100|[from] Spikes
|-damage|p2a: Darkrai|39/100|[from] Stealth Rock
|turn|24
|
|t:|1759013240
|move|p2a: Darkrai|Dark Pulse|p1a: Excadrill
|-damage|p1a: Excadrill|0 fnt
|faint|p1a: Excadrill
|
|-weather|Sandstorm|[upkeep]
|-damage|p2a: Darkrai|33/100|[from] Sandstorm
|upkeep
|
|t:|1759013246
|switch|p1a: Terrakion|Terrakion|37/100
|-damage|p1a: Terrakion|31/100|[from] Stealth Rock
|turn|25
|inactive|Ciphro has 120 seconds left.
|
|t:|1759013262
|switch|p2a: Volcanion|Volcanion|94/100
|move|p1a: Terrakion|Quick Attack|p2a: Volcanion
|-damage|p2a: Volcanion|79/100
|
|-weather|Sandstorm|[upkeep]
|-damage|p2a: Volcanion|73/100|[from] Sandstorm
|upkeep
|turn|26
|
|t:|1759013268
|switch|p1a: Reuniclus|Reuniclus, F|100/100
|move|p2a: Volcanion|Steam Eruption|p1a: Reuniclus
|-damage|p1a: Reuniclus|42/100
|-status|p1a: Reuniclus|brn
|
|-weather|Sandstorm|[upkeep]
|-damage|p2a: Volcanion|67/100|[from] Sandstorm
|upkeep
|turn|27
|
|t:|1759013271
|move|p2a: Volcanion|Steam Eruption|p1a: Reuniclus
|-damage|p1a: Reuniclus|0 fnt
|faint|p1a: Reuniclus
|
|-weather|none
|upkeep
|
|t:|1759013276
|switch|p1a: Terrakion|Terrakion|31/100
|-damage|p1a: Terrakion|25/100|[from] Stealth Rock
|turn|28
|
|t:|1759013293
|move|p1a: Terrakion|Earthquake|p2a: Volcanion
|-supereffective|p2a: Volcanion
|-damage|p2a: Volcanion|0 fnt
|faint|p2a: Volcanion
|
|upkeep
|
|t:|1759013301
|switch|p2a: Lycanroc|Lycanroc-Dusk, F|55/100
|-damage|p2a: Lycanroc|43/100|[from] Spikes
|-damage|p2a: Lycanroc|30/100|[from] Stealth Rock
|turn|29
|
|t:|1759013306
|move|p2a: Lycanroc|Accelerock|p1a: Terrakion
|-resisted|p1a: Terrakion
|-damage|p1a: Terrakion|0 fnt
|faint|p1a: Terrakion
|
|win|Ciphro
|raw|55burgers55fries's rating: 1279 &rarr; <strong>1254</strong><br />(-25 for losing)
|raw|Ciphro's rating: 1273 &rarr; <strong>1298</strong><br />(+25 for winning)
|l|☆55burgers55fries
|player|p1|
|l|☆Ciphro
|player|p2|
