|j|☆Nemaides
|j|☆Amoroc
|t:|1759008683
|gametype|singles
|player|p1|Nemaides|101|1374
|player|p2|Amoroc|hiker|1408
|gen|9
|tier|[Gen 9] OU
|rated|
|rule|HP Percentage Mod: HP is shown in percentages
|rule|Endless Battle Clause: Forcing endless battles is banned
|rule|Species Clause: Limit one of each Pokémon
|rule|OHKO Clause: OHKO moves are banned
|rule|Evasion Items Clause: Evasion items are banned
|rule|Evasion Moves Clause: Evasion moves are banned
|rule|Evasion Abilities Clause: Evasion abilities are banned
|rule|Sleep Moves Clause: Sleep-inducing moves are banned
|clearpoke
|poke|p1|Pelipper, F|
|poke|p1|Hatterene, F|
|poke|p1|Iron Treads|
|poke|p1|Toxicroak, F|
|poke|p1|Barraskewda, F|
|poke|p1|Zapdos|
|poke|p2|Torterra, F|
|poke|p2|Salamence, M|
|poke|p2|Virizion|
|poke|p2|Toxicroak, F|
|poke|p2|Regigigas|
|poke|p2|Deoxys-Defense|
|teampreview
|inactive|Battle timer is ON: inactive players will automatically lose when time's up. (requested by Nemaides)
|inactiveoff|Battle timer is now OFF.
|
|t:|1759008724
|teamsize|p1|6
|teamsize|p2|6
|start
|switch|p1a: Pelipper|Pelipper, F|100/100
|switch|p2a: Salamence|Salamence, M|100/100
|-ability|p2a: Salamence|Intimidate|boost
|-unboost|p1a: Pelipper|atk|1
|-weather|RainDance|[from] ability: Drizzle|[of] p1a: Pelipper
|turn|1
|
|t:|1759008735
|switch|p1a: Hatterene|Hatterene, F|100/100
|move|p2a: Salamence|Hurricane|p1a: Hatterene
|-damage|p1a: Hatterene|43/100
|-start|p1a: Hatterene|confusion
|-enditem|p1a: Hatterene|Eject Button
|
|t:|1759008748
|switch|p1a: Zapdos|Zapdos|100/100
|
|-weather|RainDance|[upkeep]
|upkeep
|turn|2
|
|t:|1759008761
|switch|p2a: Torterra|Torterra, F|100/100
|-terastallize|p1a: Zapdos|Flying
|move|p1a: Zapdos|Hurricane|p2a: Torterra
|-supereffective|p2a: Torterra
|-damage|p2a: Torterra|0 fnt
|faint|p2a: Torterra
|
|-weather|RainDance|[upkeep]
|upkeep
|
|t:|1759008772
|switch|p2a: Regigigas|Regigigas|100/100
|-start|p2a: Regigigas|ability: Slow Start
|turn|3
|
|t:|1759008779
|move|p2a: Regigigas|Protect|p2a: Regigigas
|-singleturn|p2a: Regigigas|Protect
|move|p1a: Zapdos|Hurricane|p2a: Regigigas
|-activate|p2a: Regigigas|move: Protect
|
|-weather|RainDance|[upkeep]
|upkeep
|turn|4
|
|t:|1759008787
|move|p1a: Zapdos|Hurricane|p2a: Regigigas
|-damage|p2a: Regigigas|16/100
|move|p2a: Regigigas|Thunder Wave|p1a: Zapdos
|-status|p1a: Zapdos|par
|
|-weather|RainDance|[upkeep]
|-heal|p2a: Regigigas|22/100|[from] item: Leftovers
|upkeep
|turn|5
|
|t:|1759008797
|switch|p2a: Deoxys|Deoxys-Defense|100/100
|-ability|p2a: Deoxys|Pressure
|cant|p1a: Zapdos|par
|
|-weather|RainDance|[upkeep]
|upkeep
|turn|6
|
|t:|1759008806
|move|p2a: Deoxys|Recover||[still]
|-fail|p2a: Deoxys|heal
|cant|p1a: Zapdos|par
|
|-weather|RainDance|[upkeep]
|upkeep
|turn|7
|
|t:|1759008814
|move|p2a: Deoxys|Stealth Rock|p1a: Zapdos
|-sidestart|p1: Nemaides|move: Stealth Rock
|move|p1a: Zapdos|Hurricane|p2a: Deoxys
|-damage|p2a: Deoxys|19/100
|
|-weather|RainDance|[upkeep]
|-heal|p2a: Deoxys|25/100|[from] item: Leftovers
|upkeep
|turn|8
|
|t:|1759008822
|move|p2a: Deoxys|Recover|p2a: Deoxys
|-heal|p2a: Deoxys|75/100
|move|p1a: Zapdos|Hurricane|p2a: Deoxys
|-damage|p2a: Deoxys|0 fnt
|faint|p2a: Deoxys
|
|-weather|none
|upkeep
|
|t:|1759008839
|switch|p2a: Regigigas|Regigigas|22/100
|-start|p2a: Regigigas|ability: Slow Start
|turn|9
|
|t:|1759008844
|switch|p1a: Iron Treads|Iron Treads|100/100
|-damage|p1a: Iron Treads|98/100|[from] Stealth Rock
|move|p2a: Regigigas|Protect||[still]
|-fail|p2a: Regigigas
|
|-heal|p1a: Iron Treads|100/100|[from] item: Leftovers
|-heal|p2a: Regigigas|28/100|[from] item: Leftovers
|upkeep
|turn|10
|
|t:|1759008854
|switch|p2a: Salamence|Salamence, M|100/100
|-ability|p2a: Salamence|Intimidate|boost
|-unboost|p1a: Iron Treads|atk|1
|move|p1a: Iron Treads|Rapid Spin|p2a: Salamence
|-damage|p2a: Salamence|90/100
|-boost|p1a: Iron Treads|spe|1
|-sideend|p1: Nemaides|Stealth Rock|[from] move: Rapid Spin|[of] p1a: Iron Treads
|
|upkeep
|turn|11
|
|t:|1759008865
|move|p1a: Iron Treads|Stealth Rock|p2a: Salamence
|-sidestart|p2: Amoroc|move: Stealth Rock
|move|p2a: Salamence|Flamethrower|p1a: Iron Treads
|-supereffective|p1a: Iron Treads
|-damage|p1a: Iron Treads|51/100
|
|-heal|p1a: Iron Treads|57/100|[from] item: Leftovers
|upkeep
|turn|12
|
|t:|1759008873
|move|p1a: Iron Treads|Volt Switch|p2a: Salamence
|-damage|p2a: Salamence|80/100
|
|t:|1759008878
|-end|p1a: Iron Treads|Quark Drive|[silent]
|switch|p1a: Pelipper|Pelipper, F|100/100|[from] Volt Switch
|-weather|RainDance|[from] ability: Drizzle|[of] p1a: Pelipper
|move|p2a: Salamence|Flamethrower|p1a: Pelipper
|-resisted|p1a: Pelipper
|-damage|p1a: Pelipper|94/100
|
|-weather|RainDance|[upkeep]
|upkeep
|turn|13
|
|t:|1759008888
|move|p2a: Salamence|Draco Meteor|p1a: Pelipper
|-damage|p1a: Pelipper|27/100
|-unboost|p2a: Salamence|spa|2
|move|p1a: Pelipper|Hurricane|p2a: Salamence
|-damage|p2a: Salamence|43/100
|
|-weather|RainDance|[upkeep]
|upkeep
|turn|14
|
|t:|1759008899
|switch|p1a: Hatterene|Hatterene, F|43/100
|move|p2a: Salamence|Roost|p2a: Salamence
|-heal|p2a: Salamence|93/100
|-singleturn|p2a: Salamence|move: Roost
|
|-weather|RainDance|[upkeep]
|upkeep
|turn|15
|
|t:|1759008908
|switch|p2a: Regigigas|Regigigas|28/100
|-damage|p2a: Regigigas|15/100|[from] Stealth Rock
|-start|p2a: Regigigas|ability: Slow Start
|move|p1a: Hatterene|Nuzzle|p2a: Regigigas
|-crit|p2a: Regigigas
|-damage|p2a: Regigigas|11/100
|-status|p2a: Regigigas|par
|
|-weather|RainDance|[upkeep]
|-heal|p2a: Regigigas|17/100 par|[from] item: Leftovers
|upkeep
|turn|16
|
|t:|1759008922
|move|p1a: Hatterene|Healing Wish|p1a: Hatterene
|faint|p1a: Hatterene
|move|p2a: Regigigas|Thunder Wave|p1: Hatterene|[notarget]
|-fail|p2a: Regigigas
|
|-weather|RainDance|[upkeep]
|-heal|p2a: Regigigas|23/100 par|[from] item: Leftovers
|upkeep
|
|t:|1759008930
|switch|p1a: Zapdos|Zapdos, tera:Flying|100/100 par
|-heal|p1a: Zapdos|100/100|[from] move: Healing Wish
|turn|17
|
|t:|1759008935
|move|p1a: Zapdos|Hurricane|p2a: Regigigas
|-damage|p2a: Regigigas|0 fnt
|faint|p2a: Regigigas
|
|-weather|RainDance|[upkeep]
|upkeep
|
|t:|1759008944
|switch|p2a: Salamence|Salamence, M|93/100
|-ability|p2a: Salamence|Intimidate|boost
|-unboost|p1a: Zapdos|atk|1
|turn|18
|
|t:|1759008950
|-terastallize|p2a: Salamence|Steel
|move|p1a: Zapdos|Hurricane|p2a: Salamence
|-resisted|p2a: Salamence
|-damage|p2a: Salamence|40/100
|-start|p2a: Salamence|confusion
|-activate|p2a: Salamence|confusion
|move|p2a: Salamence|Hurricane|p1a: Zapdos
|-damage|p1a: Zapdos|31/100
|-start|p1a: Zapdos|confusion
|
|-weather|RainDance|[upkeep]
|upkeep
|turn|19
|
|t:|1759008966
|-activate|p1a: Zapdos|confusion
|move|p1a: Zapdos|Hurricane|p2a: Salamence
|-resisted|p2a: Salamence
|-damage|p2a: Salamence|0 fnt
|faint|p2a: Salamence
|
|-weather|none
|upkeep
|
|t:|1759008975
|switch|p2a: Toxicroak|Toxicroak, F|100/100
|-damage|p2a: Toxicroak|94/100|[from] Stealth Rock
|turn|20
|
|t:|1759008979
|switch|p1a: Toxicroak|Toxicroak, F|100/100
|move|p2a: Toxicroak|Sucker Punch||[still]
|-fail|p2a: Toxicroak
|
|upkeep
|turn|21
|
|t:|1759008986
|move|p2a: Toxicroak|Knock Off|p1a: Toxicroak
|-resisted|p1a: Toxicroak
|-damage|p1a: Toxicroak|83/100
|-damage|p2a: Toxicroak|78/100|[from] item: Rocky Helmet|[of] p1a: Toxicroak
|-enditem|p1a: Toxicroak|Rocky Helmet|[from] move: Knock Off|[of] p2a: Toxicroak
|-damage|p2a: Toxicroak|68/100|[from] item: Life Orb
|move|p1a: Toxicroak|Encore|p2a: Toxicroak
|-start|p2a: Toxicroak|Encore
|
|upkeep
|turn|22
|
|t:|1759008996
|switch|p2a: Virizion|Virizion|100/100
|-damage|p2a: Virizion|94/100|[from] Stealth Rock
|move|p1a: Toxicroak|Knock Off|p2a: Virizion
|-resisted|p2a: Virizion
|-damage|p2a: Virizion|77/100
|-ability|p2a: Virizion|Justified|boost
|-boost|p2a: Virizion|atk|1
|-enditem|p2a: Virizion|Choice Specs|[from] move: Knock Off|[of] p1a: Toxicroak
|
|upkeep
|turn|23
|
|t:|1759009023
|move|p2a: Virizion|Focus Blast|p1a: Toxicroak|[miss]
|-miss|p2a: Virizion|p1a: Toxicroak
|move|p1a: Toxicroak|Toxic|p2a: Virizion
|-status|p2a: Virizion|tox
|
|-damage|p2a: Virizion|71/100 tox|[from] psn
|upkeep
|turn|24
|-message|Amoroc forfeited.
|
|win|Nemaides
|raw|Nemaides's rating: 1374 &rarr; <strong>1396</strong><br />(+22 for winning)
|raw|Amoroc's rating: 1408 &rarr; <strong>1386</strong><br />(-22 for losing)
|l|☆Amoroc
|player|p2|
|l|☆Nemaides
|player|p1|
