|j|☆cocue7
|j|☆localdealerr2
|t:|1759073358
|gametype|singles
|player|p1|cocue7|169|1441
|player|p2|localdealerr2|preschooler|1508
|gen|9
|tier|[Gen 9] OU
|rated|
|rule|HP Percentage Mod: HP is shown in percentages
|rule|Endless Battle Clause: Forcing endless battles is banned
|rule|Species Clause: Limit one of each Pokémon
|rule|OHKO Clause: OHKO moves are banned
|rule|Evasion Items Clause: Evasion items are banned
|rule|Evasion Moves Clause: Evasion moves are banned
|rule|Evasion Abilities Clause: Evasion abilities are banned
|rule|Sleep Moves Clause: Sleep-inducing moves are banned
|clearpoke
|poke|p1|Landorus-Therian, M|
|poke|p1|Deoxys-Speed|
|poke|p1|Dragonite, M|
|poke|p1|Ursaluna, M|
|poke|p1|Slowking-Galar, F|
|poke|p1|Alomomola, F|
|poke|p2|Pelipper, F|
|poke|p2|Walking Wake|
|poke|p2|Raging Bolt|
|poke|p2|Overqwil, F|
|poke|p2|Barraskewda, M|
|poke|p2|Hatterene, F|
|teampreview
|inactive|Battle timer is ON: inactive players will automatically lose when time's up. (requested by localdealerr2)
|
|t:|1759073426
|teamsize|p1|6
|teamsize|p2|6
|start
|switch|p1a: Alomomola|Alomomola, F|100/100
|switch|p2a: Pelipper|Pelipper, F|100/100
|-weather|RainDance|[from] ability: Drizzle|[of] p2a: Pelipper
|turn|1
|
|t:|1759073433
|move|p2a: Pelipper|Knock Off|p1a: Alomomola
|-damage|p1a: Alomomola|95/100
|-enditem|p1a: Alomomola|Leftovers|[from] move: Knock Off|[of] p2a: Pelipper
|move|p1a: Alomomola|Wish|p1a: Alomomola
|
|-weather|RainDance|[upkeep]
|upkeep
|turn|2
|
|t:|1759073446
|move|p1a: Alomomola|Flip Turn|p2a: Pelipper
|-resisted|p2a: Pelipper
|-damage|p2a: Pelipper|90/100
|
|t:|1759073454
|switch|p1a: Slowking|Slowking-Galar, F|100/100|[from] Flip Turn
|move|p2a: Pelipper|Knock Off|p1a: Slowking
|-supereffective|p1a: Slowking
|-damage|p1a: Slowking|76/100
|-enditem|p1a: Slowking|Black Sludge|[from] move: Knock Off|[of] p2a: Pelipper
|
|-weather|RainDance|[upkeep]
|-heal|p1a: Slowking|100/100|[from] move: Wish|[wisher] Alomomola
|upkeep
|turn|3
|
|t:|1759073465
|move|p2a: Pelipper|U-turn|p1a: Slowking
|-damage|p1a: Slowking|91/100
|
|t:|1759073469
|switch|p2a: Overqwil|Overqwil, F|100/100|[from] U-turn
|move|p1a: Slowking|Future Sight|p2a: Overqwil
|-start|p1a: Slowking|move: Future Sight
|
|-weather|RainDance|[upkeep]
|upkeep
|turn|4
|
|t:|1759073477
|move|p2a: Overqwil|Crunch|p1a: Slowking
|-supereffective|p1a: Slowking
|-damage|p1a: Slowking|0 fnt
|faint|p1a: Slowking
|-damage|p2a: Overqwil|91/100|[from] item: Life Orb
|
|-weather|RainDance|[upkeep]
|upkeep
|
|t:|1759073482
|switch|p1a: Deoxys|Deoxys-Speed|100/100
|-ability|p1a: Deoxys|Pressure
|turn|5
|
|t:|1759073487
|move|p2a: Overqwil|Crunch|p1a: Deoxys
|-supereffective|p1a: Deoxys
|-damage|p1a: Deoxys|0 fnt
|faint|p1a: Deoxys
|-damage|p2a: Overqwil|81/100|[from] item: Life Orb
|
|-weather|RainDance|[upkeep]
|-end|p2a: Overqwil|move: Future Sight
|-immune|p2a: Overqwil
|upkeep
|
|t:|1759073490
|switch|p1a: Landorus|Landorus-Therian, M|100/100
|-ability|p1a: Landorus|Intimidate|boost
|-unboost|p2a: Overqwil|atk|1
|turn|6
|
|t:|1759073497
|switch|p2a: Hatterene|Hatterene, F|100/100
|move|p1a: Landorus|Sandsear Storm|p2a: Hatterene
|-crit|p2a: Hatterene
|-damage|p2a: Hatterene|30/100
|-enditem|p2a: Hatterene|Eject Button
|
|t:|1759073503
|switch|p2a: Barraskewda|Barraskewda, M|100/100
|
|-weather|RainDance|[upkeep]
|upkeep
|turn|7
|
|t:|1759073512
|switch|p1a: Alomomola|Alomomola, F|100/100
|move|p2a: Barraskewda|Flip Turn|p1a: Alomomola
|-resisted|p1a: Alomomola
|-damage|p1a: Alomomola|80/100
|
|t:|1759073521
|switch|p2a: Hatterene|Hatterene, F|30/100|[from] Flip Turn
|
|-weather|RainDance|[upkeep]
|upkeep
|turn|8
|
|t:|1759073534
|move|p1a: Alomomola|Wish|p1a: Alomomola
|move|p2a: Hatterene|Healing Wish|p2a: Hatterene
|faint|p2a: Hatterene
|
|-weather|none
|upkeep
|
|t:|1759073557
|switch|p2a: Walking Wake|Walking Wake|100/100
|turn|9
|
|t:|1759073563
|move|p2a: Walking Wake|Scald|p1a: Alomomola
|-resisted|p1a: Alomomola
|-damage|p1a: Alomomola|50/100
|move|p1a: Alomomola|Flip Turn|p2a: Walking Wake
|-resisted|p2a: Walking Wake
|-damage|p2a: Walking Wake|96/100
|
|t:|1759073573
|switch|p1a: Dragonite|Dragonite, M|100/100|[from] Flip Turn
|
|upkeep
|turn|10
|
|t:|1759073580
|-terastallize|p1a: Dragonite|Normal
|move|p1a: Dragonite|Dragon Dance|p1a: Dragonite
|-boost|p1a: Dragonite|atk|1
|-boost|p1a: Dragonite|spe|1
|move|p2a: Walking Wake|Roar|p1a: Dragonite
|drag|p1a: Ursaluna|Ursaluna, M|100/100
|
|-status|p1a: Ursaluna|brn|[from] item: Flame Orb
|upkeep
|turn|11
|
|t:|1759073590
|move|p2a: Walking Wake|Scald|p1a: Ursaluna
|-supereffective|p1a: Ursaluna
|-damage|p1a: Ursaluna|2/100 brn
|move|p1a: Ursaluna|Facade|p2a: Walking Wake
|-damage|p2a: Walking Wake|0 fnt
|faint|p2a: Walking Wake
|-end|p2a: Walking Wake|Protosynthesis|[silent]
|
|-damage|p1a: Ursaluna|0 fnt|[from] brn
|faint|p1a: Ursaluna
|upkeep
|
|t:|1759073621
|switch|p2a: Barraskewda|Barraskewda, M|100/100
|switch|p1a: Dragonite|Dragonite, M, tera:Normal|100/100
|turn|12
|
|t:|1759073633
|move|p2a: Barraskewda|Close Combat|p1a: Dragonite
|-supereffective|p1a: Dragonite
|-damage|p1a: Dragonite|29/100
|-unboost|p2a: Barraskewda|def|1
|-unboost|p2a: Barraskewda|spd|1
|move|p1a: Dragonite|Dragon Dance|p1a: Dragonite
|-boost|p1a: Dragonite|atk|1
|-boost|p1a: Dragonite|spe|1
|
|upkeep
|turn|13
|
|t:|1759073652
|move|p1a: Dragonite|Extreme Speed|p2a: Barraskewda
|-damage|p2a: Barraskewda|0 fnt
|faint|p2a: Barraskewda
|
|upkeep
|
|t:|1759073660
|switch|p2a: Raging Bolt|Raging Bolt|100/100
|-enditem|p2a: Raging Bolt|Booster Energy
|-activate|p2a: Raging Bolt|ability: Protosynthesis|[fromitem]
|-start|p2a: Raging Bolt|protosynthesisspa
|turn|14
|
|t:|1759073666
|-terastallize|p2a: Raging Bolt|Fairy
|move|p1a: Dragonite|Extreme Speed|p2a: Raging Bolt
|-damage|p2a: Raging Bolt|46/100
|move|p2a: Raging Bolt|Dragon Pulse|p1a: Dragonite
|-damage|p1a: Dragonite|0 fnt
|faint|p1a: Dragonite
|
|upkeep
|
|t:|1759073674
|switch|p1a: Landorus|Landorus-Therian, M|100/100
|-ability|p1a: Landorus|Intimidate|boost
|-unboost|p2a: Raging Bolt|atk|1
|turn|15
|
|t:|1759073679
|move|p1a: Landorus|Sludge Wave|p2a: Raging Bolt
|-supereffective|p2a: Raging Bolt
|-damage|p2a: Raging Bolt|0 fnt
|faint|p2a: Raging Bolt
|-end|p2a: Raging Bolt|Protosynthesis|[silent]
|
|upkeep
|
|t:|1759073683
|switch|p2a: Pelipper|Pelipper, F|90/100
|-heal|p2a: Pelipper|100/100|[from] move: Healing Wish
|-weather|RainDance|[from] ability: Drizzle|[of] p2a: Pelipper
|turn|16
|
|t:|1759073687
|move|p1a: Landorus|Sludge Wave|p2a: Pelipper
|-damage|p2a: Pelipper|61/100
|-status|p2a: Pelipper|psn
|move|p2a: Pelipper|Weather Ball|p1a: Landorus
|-supereffective|p1a: Landorus
|-damage|p1a: Landorus|0 fnt
|faint|p1a: Landorus
|
|-weather|RainDance|[upkeep]
|-damage|p2a: Pelipper|48/100 psn|[from] psn
|upkeep
|
|t:|1759073694
|switch|p1a: Alomomola|Alomomola, F|84/100
|turn|17
|
|t:|1759073698
|move|p1a: Alomomola|Wish|p1a: Alomomola
|move|p2a: Pelipper|Weather Ball|p1a: Alomomola
|-resisted|p1a: Alomomola
|-damage|p1a: Alomomola|57/100
|
|-weather|RainDance|[upkeep]
|-damage|p2a: Pelipper|36/100 psn|[from] psn
|upkeep
|turn|18
|
|t:|1759073704
|move|p1a: Alomomola|Light Screen|p1a: Alomomola
|-sidestart|p1: cocue7|move: Light Screen
|move|p2a: Pelipper|U-turn|p1a: Alomomola
|-damage|p1a: Alomomola|53/100
|
|t:|1759073706
|switch|p2a: Overqwil|Overqwil, F|81/100|[from] U-turn
|
|-weather|RainDance|[upkeep]
|-heal|p1a: Alomomola|100/100|[from] move: Wish|[wisher] Alomomola
|upkeep
|turn|19
|
|t:|1759073711
|move|p2a: Overqwil|Swords Dance|p2a: Overqwil
|-boost|p2a: Overqwil|atk|2
|move|p1a: Alomomola|Wish|p1a: Alomomola
|
|-weather|RainDance|[upkeep]
|upkeep
|turn|20
|
|t:|1759073714
|move|p2a: Overqwil|Swords Dance|p2a: Overqwil
|-boost|p2a: Overqwil|atk|2
|move|p1a: Alomomola|Flip Turn|p2a: Overqwil
|-damage|p2a: Overqwil|50/100
|
|-weather|RainDance|[upkeep]
|upkeep
|turn|21
|
|t:|1759073718
|move|p2a: Overqwil|Crunch|p1a: Alomomola
|-damage|p1a: Alomomola|9/100
|-unboost|p1a: Alomomola|def|1
|-damage|p2a: Overqwil|40/100|[from] item: Life Orb
|move|p1a: Alomomola|Flip Turn|p2a: Overqwil
|-damage|p2a: Overqwil|10/100
|
|-weather|RainDance|[upkeep]
|upkeep
|turn|22
|c|☆localdealerr2|gg
|
|t:|1759073726
|move|p2a: Overqwil|Crunch|p1a: Alomomola
|-damage|p1a: Alomomola|0 fnt
|faint|p1a: Alomomola
|-damage|p2a: Overqwil|0 fnt|[from] item: Life Orb
|faint|p2a: Overqwil
|
|win|localdealerr2
|raw|cocue7's rating: 1441 &rarr; <strong>1425</strong><br />(-16 for losing)
|raw|localdealerr2's rating: 1508 &rarr; <strong>1524</strong><br />(+16 for winning)
|l|☆cocue7
|player|p1|
|l|☆localdealerr2
|player|p2|
