|badge|p1|bronze|gen9ou|100-6
|html|<div class="broadcast-red"><strong>This battle is required to be public due to one or more player having a season medal.</strong><br />During the public phase, you can discuss the state of the ladder <a href="/seasondiscussion">in a special chatroom.</a></div>
|uhtml|medal-msg|<div class="broadcast-blue">Curious what those medals under the avatar are? PS now has Ladder Seasons! For more information, check out the <a href="https://www.smogon.com/forums/threads/3740067/">thread on Smogon.</a></div>
|badge|p2|bronze|gen9ou|100-6
|uhtml|medal-msg|<div class="broadcast-blue">Curious what those medals under the avatar are? PS now has Ladder Seasons! For more information, check out the <a href="https://www.smogon.com/forums/threads/3740067/">thread on Smogon.</a></div>
|raw|<div class="broadcast-blue"><strong>This battle is required to be public due to a player having a name starting with 'medal'.</div>
|j|☆tefrt
|j|‽JackRG1
|t:|1759022228
|gametype|singles
|player|p1|tefrt|dawn|1841
|player|p2|JackRG1|dawn-gen4pt|1862
|gen|9
|tier|[Gen 9] OU
|rated|
|rule|HP Percentage Mod: HP is shown in percentages
|rule|Endless Battle Clause: Forcing endless battles is banned
|rule|Species Clause: Limit one of each Pokémon
|rule|OHKO Clause: OHKO moves are banned
|rule|Evasion Items Clause: Evasion items are banned
|rule|Evasion Moves Clause: Evasion moves are banned
|rule|Evasion Abilities Clause: Evasion abilities are banned
|rule|Sleep Moves Clause: Sleep-inducing moves are banned
|clearpoke
|poke|p1|Ting-Lu|
|poke|p1|Landorus-Therian, M|
|poke|p1|Heatran, M|
|poke|p1|Latias, F|
|poke|p1|Kyurem|
|poke|p1|Dragapult, F|
|poke|p2|Weezing-Galar, M|
|poke|p2|Ting-Lu|
|poke|p2|Corviknight, F|
|poke|p2|Skeledirge, F|
|poke|p2|Dragapult, F|
|poke|p2|Ogerpon-Wellspring, F|
|teampreview
|inactive|Battle timer is ON: inactive players will automatically lose when time's up. (requested by JackRG1)
|inactive|JackRG1 has 120 seconds left.
|
|t:|1759022263
|teamsize|p1|6
|teamsize|p2|6
|start
|switch|p1a: Kyurem|Kyurem|100/100
|switch|p2a: Dragapult|Dragapult, F|100/100
|-ability|p1a: Kyurem|Pressure
|turn|1
|j| Itwasneroox
|l| Itwasneroox
|
|t:|1759022269
|-terastallize|p1a: Kyurem|Ice
|move|p2a: Dragapult|Draco Meteor|p1a: Kyurem
|-damage|p1a: Kyurem|21/100
|-unboost|p2a: Dragapult|spa|2
|move|p1a: Kyurem|Ice Beam|p2a: Dragapult
|-supereffective|p2a: Dragapult
|-damage|p2a: Dragapult|0 fnt
|faint|p2a: Dragapult
|
|upkeep
|
|t:|1759022275
|switch|p2a: Ogerpon|Ogerpon-Wellspring, F|100/100
|turn|2
|
|t:|1759022278
|switch|p1a: Dragapult|Dragapult, F|100/100
|move|p2a: Ogerpon|Ivy Cudgel|p1a: Dragapult|[anim] Ivy Cudgel Water
|-resisted|p1a: Dragapult
|-damage|p1a: Dragapult|81/100
|
|upkeep
|turn|3
|
|t:|1759022287
|switch|p2a: Ting-Lu|Ting-Lu, shiny|100/100
|-ability|p2a: Ting-Lu|Vessel of Ruin
|move|p1a: Dragapult|Will-O-Wisp|p2a: Ting-Lu
|-status|p2a: Ting-Lu|brn
|
|-damage|p2a: Ting-Lu|94/100 brn|[from] brn
|upkeep
|turn|4
|
|t:|1759022293
|switch|p1a: Kyurem|Kyurem, tera:Ice|21/100
|-ability|p1a: Kyurem|Pressure
|move|p2a: Ting-Lu|Stealth Rock|p1a: Kyurem
|-sidestart|p1: tefrt|move: Stealth Rock
|
|-heal|p2a: Ting-Lu|100/100 brn|[from] item: Leftovers
|-damage|p2a: Ting-Lu|94/100 brn|[from] brn
|upkeep
|turn|5
|inactive|JackRG1 has 120 seconds left.
|
|t:|1759022338
|switch|p2a: Skeledirge|Skeledirge, F|100/100
|move|p1a: Kyurem|Ice Beam|p2a: Skeledirge
|-resisted|p2a: Skeledirge
|-damage|p2a: Skeledirge|76/100
|
|upkeep
|turn|6
|
|t:|1759022361
|switch|p1a: Ting-Lu|Ting-Lu|100/100
|-damage|p1a: Ting-Lu|94/100|[from] Stealth Rock
|-ability|p1a: Ting-Lu|Vessel of Ruin
|move|p2a: Skeledirge|Slack Off|p2a: Skeledirge
|-heal|p2a: Skeledirge|100/100
|
|-heal|p1a: Ting-Lu|100/100|[from] item: Leftovers
|upkeep
|turn|7
|
|t:|1759022369
|move|p2a: Skeledirge|Will-O-Wisp|p1a: Ting-Lu
|-status|p1a: Ting-Lu|brn
|move|p1a: Ting-Lu|Spikes|p2a: Skeledirge
|-sidestart|p2: JackRG1|Spikes
|
|-damage|p1a: Ting-Lu|94/100 brn|[from] brn
|upkeep
|turn|8
|
|t:|1759022376
|switch|p2a: Ogerpon|Ogerpon-Wellspring, F|100/100
|-damage|p2a: Ogerpon|88/100|[from] Spikes
|move|p1a: Ting-Lu|Ruination|p2a: Ogerpon
|-damage|p2a: Ogerpon|44/100
|
|-heal|p1a: Ting-Lu|100/100 brn|[from] item: Leftovers
|-damage|p1a: Ting-Lu|94/100 brn|[from] brn
|upkeep
|turn|9
|inactive|tefrt has 120 seconds left.
|
|t:|1759022411
|switch|p1a: Dragapult|Dragapult, F|81/100
|-damage|p1a: Dragapult|69/100|[from] Stealth Rock
|move|p2a: Ogerpon|Spikes|p1a: Dragapult
|-sidestart|p1: tefrt|Spikes
|
|upkeep
|turn|10
|inactive|tefrt has 120 seconds left.
|
|t:|1759022429
|switch|p2a: Ting-Lu|Ting-Lu, shiny|94/100 brn
|-damage|p2a: Ting-Lu|82/100 brn|[from] Spikes
|-ability|p2a: Ting-Lu|Vessel of Ruin
|move|p1a: Dragapult|Dragon Darts|p2a: Ting-Lu
|-damage|p2a: Ting-Lu|71/100 brn
|-anim|p1a: Dragapult|Dragon Darts|p2a: Ting-Lu
|-damage|p2a: Ting-Lu|60/100 brn
|
|-heal|p2a: Ting-Lu|66/100 brn|[from] item: Leftovers
|-damage|p2a: Ting-Lu|60/100 brn|[from] brn
|upkeep
|turn|11
|inactive|tefrt has 120 seconds left.
|
|t:|1759022438
|move|p1a: Dragapult|Dragon Darts|p2a: Ting-Lu
|-damage|p2a: Ting-Lu|48/100 brn
|-anim|p1a: Dragapult|Dragon Darts|p2a: Ting-Lu
|-damage|p2a: Ting-Lu|37/100 brn
|move|p2a: Ting-Lu|Rest|p2a: Ting-Lu
|-status|p2a: Ting-Lu|slp|[from] move: Rest
|-heal|p2a: Ting-Lu|100/100 slp|[silent]
|
|upkeep
|turn|12
|j| Isabel ❤☾ Schmitt
|l| Isabel ❤☾ Schmitt
|inactive|tefrt has 120 seconds left.
|
|t:|1759022460
|switch|p1a: Heatran|Heatran, M|100/100
|cant|p2a: Ting-Lu|slp
|
|upkeep
|turn|13
|
|t:|1759022465
|move|p1a: Heatran|Stealth Rock|p2a: Ting-Lu
|-sidestart|p2: JackRG1|move: Stealth Rock
|cant|p2a: Ting-Lu|slp
|
|upkeep
|turn|14
|
|t:|1759022472
|switch|p1a: Latias|Latias, F|100/100
|-damage|p1a: Latias|88/100|[from] Stealth Rock
|switch|p2a: Ogerpon|Ogerpon-Wellspring, F|44/100
|-damage|p2a: Ogerpon|32/100|[from] Spikes
|-damage|p2a: Ogerpon|20/100|[from] Stealth Rock
|
|upkeep
|turn|15
|
|t:|1759022479
|move|p1a: Latias|Psychic|p2a: Ogerpon
|-damage|p2a: Ogerpon|0 fnt
|faint|p2a: Ogerpon
|
|upkeep
|
|t:|1759022484
|switch|p2a: Skeledirge|Skeledirge, F|100/100
|turn|16
|inactive|tefrt has 120 seconds left.
|j| pacdan111
|l| pacdan111
|
|t:|1759022531
|move|p1a: Latias|Draco Meteor|p2a: Skeledirge
|-damage|p2a: Skeledirge|53/100
|-unboost|p1a: Latias|spa|2
|move|p2a: Skeledirge|Torch Song|p1a: Latias
|-resisted|p1a: Latias
|-damage|p1a: Latias|75/100
|-boost|p2a: Skeledirge|spa|1
|
|upkeep
|turn|17
|
|t:|1759022543
|switch|p1a: Dragapult|Dragapult, F|69/100
|-damage|p1a: Dragapult|56/100|[from] Stealth Rock
|-damage|p1a: Dragapult|44/100|[from] Spikes
|move|p2a: Skeledirge|Slack Off|p2a: Skeledirge
|-heal|p2a: Skeledirge|100/100
|
|upkeep
|turn|18
|
|t:|1759022549
|move|p1a: Dragapult|Curse|p2a: Skeledirge
|-start|p2a: Skeledirge|Curse|[of] p1a: Dragapult
|-damage|p1a: Dragapult|0 fnt
|faint|p1a: Dragapult
|move|p2a: Skeledirge|Earth Power|p1: Dragapult|[notarget]
|-fail|p2a: Skeledirge
|
|-damage|p2a: Skeledirge|76/100|[from] Curse
|upkeep
|inactive|tefrt has 90 seconds left.
|inactive|tefrt has 60 seconds left.
|
|t:|1759022604
|switch|p1a: Ting-Lu|Ting-Lu|94/100 brn
|-damage|p1a: Ting-Lu|88/100 brn|[from] Stealth Rock
|-damage|p1a: Ting-Lu|76/100 brn|[from] Spikes
|-ability|p1a: Ting-Lu|Vessel of Ruin
|turn|19
|j| Isabel ❤☾ Schmitt
|l| Isabel ❤☾ Schmitt
|
|t:|1759022612
|switch|p2a: Corviknight|Corviknight, F|100/100
|-damage|p2a: Corviknight|88/100|[from] Stealth Rock
|-ability|p2a: Corviknight|Pressure
|move|p1a: Ting-Lu|Ruination|p2a: Corviknight
|-damage|p2a: Corviknight|44/100
|
|-heal|p1a: Ting-Lu|82/100 brn|[from] item: Leftovers
|-damage|p1a: Ting-Lu|76/100 brn|[from] brn
|upkeep
|turn|20
|
|t:|1759022628
|move|p2a: Corviknight|Roost|p2a: Corviknight
|-heal|p2a: Corviknight|94/100
|-singleturn|p2a: Corviknight|move: Roost
|move|p1a: Ting-Lu|Spikes|p2a: Corviknight
|-sidestart|p2: JackRG1|Spikes
|
|-heal|p1a: Ting-Lu|82/100 brn|[from] item: Leftovers
|-damage|p1a: Ting-Lu|76/100 brn|[from] brn
|upkeep
|turn|21
|inactive|tefrt has 60 seconds left.
|
|t:|1759022645
|switch|p1a: Heatran|Heatran, M|100/100
|move|p2a: Corviknight|Iron Defense|p2a: Corviknight
|-boost|p2a: Corviknight|def|2
|
|upkeep
|turn|22
|
|t:|1759022652
|switch|p2a: Ting-Lu|Ting-Lu, shiny|100/100 slp
|-damage|p2a: Ting-Lu|84/100 slp|[from] Spikes
|-damage|p2a: Ting-Lu|78/100 slp|[from] Stealth Rock
|-ability|p2a: Ting-Lu|Vessel of Ruin
|move|p1a: Heatran|Lava Plume|p2a: Ting-Lu
|-damage|p2a: Ting-Lu|64/100 slp
|
|-heal|p2a: Ting-Lu|70/100 slp|[from] item: Leftovers
|upkeep
|turn|23
|
|t:|1759022666
|switch|p1a: Latias|Latias, F|75/100
|-damage|p1a: Latias|63/100|[from] Stealth Rock
|-curestatus|p2a: Ting-Lu|slp|[msg]
|move|p2a: Ting-Lu|Earthquake|p1a: Latias
|-immune|p1a: Latias|[from] ability: Levitate
|
|-heal|p2a: Ting-Lu|77/100|[from] item: Leftovers
|upkeep
|turn|24
|
|t:|1759022675
|switch|p1a: Landorus|Landorus-Therian, M|100/100
|-damage|p1a: Landorus|88/100|[from] Stealth Rock
|-ability|p1a: Landorus|Intimidate|boost
|-unboost|p2a: Ting-Lu|atk|1
|move|p2a: Ting-Lu|Heavy Slam|p1a: Landorus
|-damage|p1a: Landorus|66/100
|
|-heal|p2a: Ting-Lu|83/100|[from] item: Leftovers
|upkeep
|turn|25
|
|t:|1759022684
|move|p1a: Landorus|U-turn|p2a: Ting-Lu
|-supereffective|p2a: Ting-Lu
|-damage|p2a: Ting-Lu|56/100
|
|t:|1759022690
|switch|p1a: Latias|Latias, F|63/100|[from] U-turn
|-damage|p1a: Latias|50/100|[from] Stealth Rock
|move|p2a: Ting-Lu|Heavy Slam|p1a: Latias
|-damage|p1a: Latias|27/100
|
|-heal|p2a: Ting-Lu|63/100|[from] item: Leftovers
|upkeep
|turn|26
|j| pacdan111
|
|t:|1759022706
|move|p1a: Latias|Recover|p1a: Latias
|-heal|p1a: Latias|77/100
|move|p2a: Ting-Lu|Heavy Slam|p1a: Latias
|-damage|p1a: Latias|52/100
|
|-heal|p2a: Ting-Lu|69/100|[from] item: Leftovers
|upkeep
|turn|27
|inactive|tefrt has 90 seconds left.
|
|t:|1759022713
|move|p1a: Latias|Recover|p1a: Latias
|-heal|p1a: Latias|100/100
|move|p2a: Ting-Lu|Heavy Slam|p1a: Latias
|-damage|p1a: Latias|78/100
|
|-heal|p2a: Ting-Lu|75/100|[from] item: Leftovers
|upkeep
|turn|28
|
|t:|1759022719
|switch|p1a: Landorus|Landorus-Therian, M|66/100
|-damage|p1a: Landorus|54/100|[from] Stealth Rock
|-ability|p1a: Landorus|Intimidate|boost
|-unboost|p2a: Ting-Lu|atk|1
|move|p2a: Ting-Lu|Heavy Slam|p1a: Landorus
|-damage|p1a: Landorus|35/100
|
|-heal|p2a: Ting-Lu|81/100|[from] item: Leftovers
|upkeep
|turn|29
|l| pacdan111
|
|t:|1759022726
|switch|p2a: Corviknight|Corviknight, F|94/100
|-damage|p2a: Corviknight|82/100|[from] Stealth Rock
|-ability|p2a: Corviknight|Pressure
|move|p1a: Landorus|U-turn|p2a: Corviknight
|-resisted|p2a: Corviknight
|-damage|p2a: Corviknight|77/100
|-damage|p1a: Landorus|19/100|[from] item: Rocky Helmet|[of] p2a: Corviknight
|
|t:|1759022733
|switch|p1a: Heatran|Heatran, M|100/100|[from] U-turn
|
|upkeep
|turn|30
|
|t:|1759022736
|switch|p2a: Skeledirge|Skeledirge, F|76/100
|move|p1a: Heatran|Lava Plume|p2a: Skeledirge
|-resisted|p2a: Skeledirge
|-damage|p2a: Skeledirge|63/100
|
|upkeep
|turn|31
|
|t:|1759022747
|switch|p1a: Landorus|Landorus-Therian, M|19/100
|-damage|p1a: Landorus|6/100|[from] Stealth Rock
|-ability|p1a: Landorus|Intimidate|boost
|-unboost|p2a: Skeledirge|atk|1
|move|p2a: Skeledirge|Slack Off|p2a: Skeledirge
|-heal|p2a: Skeledirge|100/100
|
|upkeep
|turn|32
|
|t:|1759022755
|switch|p2a: Corviknight|Corviknight, F|77/100
|-damage|p2a: Corviknight|65/100|[from] Stealth Rock
|-ability|p2a: Corviknight|Pressure
|move|p1a: Landorus|Earthquake|p2a: Corviknight
|-immune|p2a: Corviknight
|
|upkeep
|turn|33
|inactive|tefrt has 120 seconds left.
|
|t:|1759022762
|switch|p1a: Latias|Latias, F|78/100
|-damage|p1a: Latias|66/100|[from] Stealth Rock
|move|p2a: Corviknight|Roost|p2a: Corviknight
|-heal|p2a: Corviknight|100/100
|-singleturn|p2a: Corviknight|move: Roost
|
|upkeep
|turn|34
|inactive|tefrt has 120 seconds left.
|
|t:|1759022772
|move|p1a: Latias|Psychic|p2a: Corviknight
|-resisted|p2a: Corviknight
|-damage|p2a: Corviknight|75/100
|move|p2a: Corviknight|U-turn|p1a: Latias
|-supereffective|p1a: Latias
|-damage|p1a: Latias|32/100
|
|t:|1759022775
|switch|p2a: Ting-Lu|Ting-Lu, shiny|81/100|[from] U-turn
|-damage|p2a: Ting-Lu|65/100|[from] Spikes
|-damage|p2a: Ting-Lu|59/100|[from] Stealth Rock
|-ability|p2a: Ting-Lu|Vessel of Ruin
|
|-heal|p2a: Ting-Lu|65/100|[from] item: Leftovers
|upkeep
|turn|35
|inactive|tefrt has 120 seconds left.
|
|t:|1759022796
|switch|p1a: Ting-Lu|Ting-Lu|76/100 brn
|-damage|p1a: Ting-Lu|69/100 brn|[from] Stealth Rock
|-damage|p1a: Ting-Lu|57/100 brn|[from] Spikes
|-ability|p1a: Ting-Lu|Vessel of Ruin
|move|p2a: Ting-Lu|Heavy Slam|p1a: Ting-Lu
|-damage|p1a: Ting-Lu|52/100 brn
|
|-heal|p1a: Ting-Lu|58/100 brn|[from] item: Leftovers
|-heal|p2a: Ting-Lu|71/100|[from] item: Leftovers
|-damage|p1a: Ting-Lu|52/100 brn|[from] brn
|upkeep
|turn|36
|
|t:|1759022813
|move|p2a: Ting-Lu|Earthquake|p1a: Ting-Lu
|-damage|p1a: Ting-Lu|33/100 brn
|move|p1a: Ting-Lu|Whirlwind|p2a: Ting-Lu
|drag|p2a: Weezing|Weezing-Galar, M|100/100
|-ability|p2a: Weezing|Neutralizing Gas
|
|-heal|p1a: Ting-Lu|39/100 brn|[from] item: Leftovers
|-damage|p1a: Ting-Lu|33/100 brn|[from] brn
|upkeep
|turn|37
|
|t:|1759022820
|move|p2a: Weezing|Sludge Bomb|p1a: Ting-Lu
|-resisted|p1a: Ting-Lu
|-damage|p1a: Ting-Lu|25/100 brn
|move|p1a: Ting-Lu|Ruination|p2a: Weezing
|-damage|p2a: Weezing|50/100
|
|-heal|p1a: Ting-Lu|31/100 brn|[from] item: Leftovers
|-damage|p1a: Ting-Lu|25/100 brn|[from] brn
|upkeep
|turn|38
|
|t:|1759022833
|switch|p1a: Landorus|Landorus-Therian, M|6/100
|-damage|p1a: Landorus|0 fnt|[from] Stealth Rock
|faint|p1a: Landorus
|move|p2a: Weezing|Sludge Bomb|p1: Landorus|[notarget]
|-fail|p2a: Weezing
|
|upkeep
|
|t:|1759022835
|switch|p1a: Latias|Latias, F|32/100
|-damage|p1a: Latias|20/100|[from] Stealth Rock
|-damage|p1a: Latias|8/100|[from] Spikes
|turn|39
|
|t:|1759022848
|move|p1a: Latias|Healing Wish|p1a: Latias
|faint|p1a: Latias
|move|p2a: Weezing|Sludge Bomb|p1: Latias|[notarget]
|-fail|p2a: Weezing
|
|upkeep
|
|t:|1759022851
|switch|p1a: Kyurem|Kyurem, tera:Ice|21/100
|-heal|p1a: Kyurem|100/100|[from] move: Healing Wish
|-damage|p1a: Kyurem|76/100|[from] Stealth Rock
|-damage|p1a: Kyurem|63/100|[from] Spikes
|turn|40
|
|t:|1759022855
|move|p1a: Kyurem|Ice Beam|p2a: Weezing
|-damage|p2a: Weezing|0 fnt
|faint|p2a: Weezing
|-end|p2a: Weezing|ability: Neutralizing Gas
|-ability|p1a: Kyurem|Pressure
|
|upkeep
|
|t:|1759022860
|switch|p2a: Skeledirge|Skeledirge, F|100/100
|turn|41
|
|t:|1759022872
|move|p1a: Kyurem|Earth Power|p2a: Skeledirge
|-supereffective|p2a: Skeledirge
|-damage|p2a: Skeledirge|50/100
|move|p2a: Skeledirge|Torch Song|p1a: Kyurem
|-supereffective|p1a: Kyurem
|-damage|p1a: Kyurem|6/100
|-boost|p2a: Skeledirge|spa|1
|
|upkeep
|turn|42
|
|t:|1759022879
|move|p1a: Kyurem|Ice Beam|p2a: Skeledirge
|-resisted|p2a: Skeledirge
|-damage|p2a: Skeledirge|27/100
|move|p2a: Skeledirge|Earth Power|p1a: Kyurem
|-damage|p1a: Kyurem|0 fnt
|faint|p1a: Kyurem
|
|upkeep
|
|t:|1759022884
|switch|p1a: Heatran|Heatran, M|100/100
|turn|43
|-message|tefrt forfeited.
|
|win|JackRG1
|raw|tefrt's rating: 1841 &rarr; <strong>1822</strong><br />(-19 for losing)
|raw|JackRG1's rating: 1862 &rarr; <strong>1881</strong><br />(+19 for winning)
|l|☆tefrt
|player|p1|
|l|‽JackRG1
|player|p2|
