|j|☆Maesclo
|j|☆JoeSwanson96
|t:|1758993921
|gametype|singles
|player|p1|Maesclo|ninjaboy|1319
|player|p2|JoeSwanson96|169|1318
|gen|9
|tier|[Gen 9] OU
|rated|
|rule|HP Percentage Mod: HP is shown in percentages
|rule|Endless Battle Clause: Forcing endless battles is banned
|rule|Species Clause: Limit one of each Pokémon
|rule|OHKO Clause: OHKO moves are banned
|rule|Evasion Items Clause: Evasion items are banned
|rule|Evasion Moves Clause: Evasion moves are banned
|rule|Evasion Abilities Clause: Evasion abilities are banned
|rule|Sleep Moves Clause: Sleep-inducing moves are banned
|clearpoke
|poke|p1|Medicham, M|
|poke|p1|Slowking-Galar, M|
|poke|p1|Zapdos|
|poke|p1|Ting-Lu|
|poke|p1|Ogerpon-Wellspring, F|
|poke|p1|Great Tusk|
|poke|p2|Slowking-Galar, M|
|poke|p2|Glaceon, F|
|poke|p2|Landorus-Therian, M|
|poke|p2|Iron Crown|
|poke|p2|Ogerpon-Wellspring, F|
|poke|p2|Great Tusk|
|teampreview
|c|☆JoeSwanson96|glhf!
|c|☆Maesclo|gl
|
|t:|1758993955
|teamsize|p1|6
|teamsize|p2|6
|start
|switch|p1a: Zapdos|Zapdos|100/100
|switch|p2a: LeBrondorus|Landorus-Therian, M|100/100
|-ability|p2a: LeBrondorus|Intimidate|boost
|-unboost|p1a: Zapdos|atk|1
|turn|1
|
|t:|1758993983
|switch|p1a: Great Tusk|Great Tusk|100/100
|move|p2a: LeBrondorus|Stone Edge|p1a: Great Tusk|[miss]
|-miss|p2a: LeBrondorus|p1a: Great Tusk
|
|upkeep
|turn|2
|
|t:|1758993996
|switch|p2a: Glazeon|Glaceon, F|100/100
|move|p1a: Great Tusk|Stealth Rock|p2a: Glazeon
|-sidestart|p2: JoeSwanson96|move: Stealth Rock
|
|upkeep
|turn|3
|
|t:|1758994022
|-end|p1a: Great Tusk|Protosynthesis|[silent]
|switch|p1a: Medicham|Medicham, M|100/100
|move|p2a: Glazeon|Shadow Ball|p1a: Medicham
|-supereffective|p1a: Medicham
|-damage|p1a: Medicham|0 fnt
|faint|p1a: Medicham
|
|upkeep
|
|t:|1758994060
|switch|p1a: Slowking|Slowking-Galar, M|100/100
|turn|4
|
|t:|1758994071
|move|p2a: Glazeon|Shadow Ball|p1a: Slowking
|-supereffective|p1a: Slowking
|-damage|p1a: Slowking|55/100
|move|p1a: Slowking|Future Sight|p2a: Glazeon
|-start|p1a: Slowking|move: Future Sight
|
|upkeep
|turn|5
|
|t:|1758994101
|switch|p2a: Kieran's girl|Ogerpon-Wellspring, F|100/100
|-damage|p2a: Kieran's girl|88/100|[from] Stealth Rock
|-prepare|p1a: Slowking|Chilly Reception|[premajor]
|move|p1a: Slowking|Chilly Reception|p1a: Slowking
|-weather|Snowscape
|
|t:|1758994118
|switch|p1a: Zapdos|Zapdos|100/100|[from] Chilly Reception
|
|-weather|Snowscape|[upkeep]
|upkeep
|turn|6
|
|t:|1758994133
|switch|p2a: YesKing|Slowking-Galar, M|100/100
|move|p1a: Zapdos|U-turn|p2a: YesKing
|-damage|p2a: YesKing|86/100
|
|t:|1758994151
|switch|p1a: Ting-Lu|Ting-Lu|100/100|[from] U-turn
|-ability|p1a: Ting-Lu|Vessel of Ruin
|
|-weather|Snowscape|[upkeep]
|-end|p2a: YesKing|move: Future Sight
|-damage|p2a: YesKing|67/100
|upkeep
|turn|7
|
|t:|1758994160
|switch|p2a: Mega-Donphan|Great Tusk|100/100
|-damage|p2a: Mega-Donphan|98/100|[from] Stealth Rock
|move|p1a: Ting-Lu|Payback|p2a: Mega-Donphan
|-resisted|p2a: Mega-Donphan
|-damage|p2a: Mega-Donphan|93/100
|
|-weather|Snowscape|[upkeep]
|-heal|p2a: Mega-Donphan|99/100|[from] item: Leftovers
|upkeep
|turn|8
|
|t:|1758994177
|switch|p1a: Zapdos|Zapdos|100/100
|move|p2a: Mega-Donphan|Stealth Rock|p1a: Zapdos
|-sidestart|p1: Maesclo|move: Stealth Rock
|
|-weather|Snowscape|[upkeep]
|-heal|p2a: Mega-Donphan|100/100|[from] item: Leftovers
|upkeep
|turn|9
|
|t:|1758994182
|move|p1a: Zapdos|Hurricane|p2a: Mega-Donphan
|-supereffective|p2a: Mega-Donphan
|-damage|p2a: Mega-Donphan|0 fnt
|faint|p2a: Mega-Donphan
|-end|p2a: Mega-Donphan|Protosynthesis|[silent]
|
|-weather|none
|upkeep
|c|☆JoeSwanson96|wow
|
|t:|1758994194
|switch|p2a: LeBrondorus|Landorus-Therian, M|100/100
|-damage|p2a: LeBrondorus|88/100|[from] Stealth Rock
|-ability|p2a: LeBrondorus|Intimidate|boost
|-unboost|p1a: Zapdos|atk|1
|turn|10
|
|t:|1758994203
|move|p2a: LeBrondorus|Grass Knot|p1a: Zapdos
|-resisted|p1a: Zapdos
|-crit|p1a: Zapdos
|-damage|p1a: Zapdos|86/100
|-status|p2a: LeBrondorus|par|[from] ability: Static|[of] p1a: Zapdos
|move|p1a: Zapdos|Hurricane|p2a: LeBrondorus
|-damage|p2a: LeBrondorus|22/100 par
|-start|p2a: LeBrondorus|confusion
|
|upkeep
|turn|11
|c|☆JoeSwanson96|wow
|-message|JoeSwanson96 forfeited.
|
|win|Maesclo
|raw|Maesclo's rating: 1319 &rarr; <strong>1339</strong><br />(+20 for winning)
|raw|JoeSwanson96's rating: 1318 &rarr; <strong>1298</strong><br />(-20 for losing)
|l|☆JoeSwanson96
|player|p2|
|l|☆Maesclo
|player|p1|
