|j|☆dseokp
|j|☆bertoskyT
|t:|1758976283
|gametype|singles
|player|p1|dseokp|unknown|1635
|player|p2|bertoskyT|ethan|1680
|gen|9
|tier|[Gen 9] OU
|rated|
|rule|HP Percentage Mod: HP is shown in percentages
|rule|Endless Battle Clause: Forcing endless battles is banned
|rule|Species Clause: Limit one of each Pokémon
|rule|OHKO Clause: OHKO moves are banned
|rule|Evasion Items Clause: Evasion items are banned
|rule|Evasion Moves Clause: Evasion moves are banned
|rule|Evasion Abilities Clause: Evasion abilities are banned
|rule|Sleep Moves Clause: Sleep-inducing moves are banned
|clearpoke
|poke|p1|Indeedee, M|
|poke|p1|Hatterene, F|
|poke|p1|Ursaluna, F|
|poke|p1|Azumarill, F|
|poke|p1|Hoopa-Unbound|
|poke|p1|Mimikyu, F|
|poke|p2|Dragapult, M|
|poke|p2|Landorus-Therian, M|
|poke|p2|Ogerpon-Wellspring, F|
|poke|p2|Greninja-*, M|
|poke|p2|Slowking-Galar, F|
|poke|p2|Forretress, F|
|teampreview
|inactive|Battle timer is ON: inactive players will automatically lose when time's up. (requested by dseokp)
|
|t:|1758976303
|teamsize|p1|6
|teamsize|p2|6
|start
|switch|p1a: Mimikyu|Mimikyu, F, shiny|100/100
|switch|p2a: Forretress|Forretress, F|100/100
|turn|1
|
|t:|1758976315
|move|p1a: Mimikyu|Curse|p2a: Forretress
|-start|p2a: Forretress|Curse|[of] p1a: Mimikyu
|-damage|p1a: Mimikyu|50/100
|move|p2a: Forretress|Volt Switch|p1a: Mimikyu
|-activate|p1a: Mimikyu|ability: Disguise
|-damage|p1a: Mimikyu|50/100
|detailschange|p1a: Mimikyu|Mimikyu-Busted, F, shiny
|-damage|p1a: Mimikyu|38/100|[from] pokemon: Mimikyu-Busted
|-enditem|p1a: Mimikyu|Red Card|[of] p2a: Forretress
|drag|p2a: Greninja|Greninja, M|100/100
|
|upkeep
|turn|2
|
|t:|1758976328
|move|p2a: Greninja|Sludge Wave|p1a: Mimikyu
|-crit|p1a: Mimikyu
|-damage|p1a: Mimikyu|0 fnt
|faint|p1a: Mimikyu
|-ability|p2a: Greninja|Battle Bond|boost
|-boost|p2a: Greninja|atk|1
|-boost|p2a: Greninja|spa|1
|-boost|p2a: Greninja|spe|1
|-activate|p2a: Greninja|ability: Battle Bond
|-damage|p2a: Greninja|91/100|[from] item: Life Orb
|
|upkeep
|
|t:|1758976345
|switch|p1a: Azumarill|Azumarill, F|100/100
|turn|3
|
|t:|1758976350
|move|p2a: Greninja|Sludge Wave|p1a: Azumarill
|-supereffective|p1a: Azumarill
|-damage|p1a: Azumarill|28/100
|-damage|p2a: Greninja|81/100|[from] item: Life Orb
|move|p1a: Azumarill|Play Rough|p2a: Greninja
|-supereffective|p2a: Greninja
|-damage|p2a: Greninja|0 fnt
|faint|p2a: Greninja
|
|upkeep
|
|t:|1758976356
|switch|p2a: Dragapult|Dragapult, M|100/100
|turn|4
|
|t:|1758976371
|switch|p1a: Hatterene|Hatterene, F, shiny|100/100
|move|p2a: Dragapult|U-turn|p1a: Hatterene
|-damage|p1a: Hatterene|59/100
|
|t:|1758976376
|switch|p2a: Slowking|Slowking-Galar, F|100/100|[from] U-turn
|
|-heal|p1a: Hatterene|65/100|[from] item: Leftovers
|upkeep
|turn|5
|
|t:|1758976393
|switch|p1a: Indeedee|Indeedee, M, shiny|100/100
|-fieldstart|move: Psychic Terrain|[from] ability: Psychic Surge|[of] p1a: Indeedee
|move|p2a: Slowking|Sludge Bomb|p1a: Indeedee
|-damage|p1a: Indeedee|67/100
|
|upkeep
|turn|6
|
|t:|1758976403
|-terastallize|p2a: Slowking|Water
|move|p2a: Slowking|Thunder Wave|p1a: Indeedee
|-status|p1a: Indeedee|par
|move|p1a: Indeedee|Trick Room|p1a: Indeedee
|-fieldstart|move: Trick Room|[of] p1a: Indeedee
|
|upkeep
|turn|7
|
|t:|1758976420
|-prepare|p2a: Slowking|Chilly Reception|[premajor]
|move|p2a: Slowking|Chilly Reception|p2a: Slowking
|-weather|Snowscape
|
|t:|1758976437
|switch|p2a: Landorus|Landorus-Therian, M|100/100|[from] Chilly Reception
|-ability|p2a: Landorus|Intimidate|boost
|-unboost|p1a: Indeedee|atk|1
|move|p1a: Indeedee|Expanding Force|p2a: Landorus
|-damage|p2a: Landorus|44/100
|
|-weather|Snowscape|[upkeep]
|upkeep
|turn|8
|
|t:|1758976451
|switch|p2a: Slowking|Slowking-Galar, F, tera:Water|100/100
|cant|p1a: Indeedee|par
|
|-weather|Snowscape|[upkeep]
|upkeep
|turn|9
|
|t:|1758976459
|move|p2a: Slowking|Sludge Bomb|p1a: Indeedee
|-damage|p1a: Indeedee|33/100 par
|move|p1a: Indeedee|Expanding Force|p2a: Slowking
|-damage|p2a: Slowking|70/100
|
|-weather|Snowscape|[upkeep]
|upkeep
|turn|10
|
|t:|1758976472
|move|p2a: Slowking|Sludge Bomb|p1a: Indeedee
|-damage|p1a: Indeedee|0 fnt
|faint|p1a: Indeedee
|
|-weather|Snowscape|[upkeep]
|-fieldend|move: Trick Room
|upkeep
|
|t:|1758976486
|switch|p1a: Hatterene|Hatterene, F, shiny|65/100
|turn|11
|inactive|dseokp has 120 seconds left.
|
|t:|1758976511
|move|p2a: Slowking|Sludge Bomb|p1a: Hatterene
|-supereffective|p1a: Hatterene
|-damage|p1a: Hatterene|0 fnt
|faint|p1a: Hatterene
|
|-weather|none
|upkeep
|inactive|dseokp has 120 seconds left.
|
|t:|1758976520
|switch|p1a: Azumarill|Azumarill, F|28/100
|turn|12
|inactive|dseokp has 120 seconds left.
|
|t:|1758976531
|switch|p2a: Forretress|Forretress, F|100/100
|move|p1a: Azumarill|Liquidation|p2a: Forretress
|-damage|p2a: Forretress|71/100
|-damage|p1a: Azumarill|12/100|[from] item: Rocky Helmet|[of] p2a: Forretress
|
|-fieldend|move: Psychic Terrain
|upkeep
|turn|13
|inactive|dseokp has 120 seconds left.
|
|t:|1758976550
|move|p1a: Azumarill|Liquidation|p2a: Forretress
|-damage|p2a: Forretress|41/100
|-damage|p1a: Azumarill|0 fnt|[from] item: Rocky Helmet|[of] p2a: Forretress
|faint|p1a: Azumarill
|move|p2a: Forretress|Volt Switch|p1: Azumarill|[notarget]
|-fail|p2a: Forretress
|
|upkeep
|
|t:|1758976556
|switch|p1a: Hoopa|Hoopa-Unbound|100/100
|turn|14
|
|t:|1758976564
|switch|p2a: Landorus|Landorus-Therian, M|44/100
|-ability|p2a: Landorus|Intimidate|boost
|-unboost|p1a: Hoopa|atk|1
|move|p1a: Hoopa|Trick Room|p1a: Hoopa
|-fieldstart|move: Trick Room|[of] p1a: Hoopa
|
|upkeep
|turn|15
|
|t:|1758976579
|move|p1a: Hoopa|Expanding Force|p2a: Landorus
|-crit|p2a: Landorus
|-damage|p2a: Landorus|0 fnt
|faint|p2a: Landorus
|
|upkeep
|
|t:|1758976589
|switch|p2a: Slowking|Slowking-Galar, F, tera:Water|100/100
|turn|16
|
|t:|1758976604
|switch|p1a: Ursaluna|Ursaluna, F, shiny|100/100
|move|p2a: Slowking|Sludge Bomb|p1a: Ursaluna
|-resisted|p1a: Ursaluna
|-damage|p1a: Ursaluna|86/100
|
|-status|p1a: Ursaluna|brn|[from] item: Flame Orb
|upkeep
|turn|17
|
|t:|1758976614
|switch|p2a: Dragapult|Dragapult, M|100/100
|move|p1a: Ursaluna|Supercell Slam|p2a: Dragapult
|-resisted|p2a: Dragapult
|-damage|p2a: Dragapult|60/100
|
|-damage|p1a: Ursaluna|80/100 brn|[from] brn
|upkeep
|turn|18
|
|t:|1758976620
|move|p1a: Ursaluna|Ice Punch|p2a: Dragapult
|-supereffective|p2a: Dragapult
|-damage|p2a: Dragapult|0 fnt
|faint|p2a: Dragapult
|
|-damage|p1a: Ursaluna|74/100 brn|[from] brn
|-fieldend|move: Trick Room
|upkeep
|
|t:|1758976623
|switch|p2a: Ogerpon|Ogerpon-Wellspring, F|100/100
|turn|19
|
|t:|1758976636
|-terastallize|p1a: Ursaluna|Normal
|move|p2a: Ogerpon|Ivy Cudgel|p1a: Ursaluna|[anim] Ivy Cudgel Water
|-damage|p1a: Ursaluna|35/100 brn
|move|p1a: Ursaluna|Facade|p2a: Ogerpon
|-damage|p2a: Ogerpon|0 fnt
|faint|p2a: Ogerpon
|
|-damage|p1a: Ursaluna|29/100 brn|[from] brn
|upkeep
|
|t:|1758976643
|switch|p2a: Forretress|Forretress, F|41/100
|turn|20
|
|t:|1758976650
|move|p1a: Ursaluna|Headlong Rush|p2a: Forretress
|-damage|p2a: Forretress|0 fnt
|-unboost|p1a: Ursaluna|def|1
|-unboost|p1a: Ursaluna|spd|1
|-damage|p1a: Ursaluna|12/100 brn|[from] item: Rocky Helmet|[of] p2a: Forretress
|faint|p2a: Forretress
|
|-damage|p1a: Ursaluna|6/100 brn|[from] brn
|upkeep
|
|t:|1758976653
|switch|p2a: Slowking|Slowking-Galar, F, tera:Water|100/100
|turn|21
|
|t:|1758976660
|move|p1a: Ursaluna|Facade|p2a: Slowking
|-damage|p2a: Slowking|0 fnt
|faint|p2a: Slowking
|
|win|dseokp
|raw|dseokp's rating: 1635 &rarr; <strong>1658</strong><br />(+23 for winning)
|raw|bertoskyT's rating: 1680 &rarr; <strong>1657</strong><br />(-23 for losing)
|l|☆bertoskyT
|player|p2|
|l|☆dseokp
|player|p1|
