|j|☆tea chai
|j|☆specsribombee
|t:|1759061942
|gametype|singles
|player|p1|tea chai|iris|1434
|player|p2|specsribombee|mira|1433
|gen|9
|tier|[Gen 9] OU
|rated|
|rule|HP Percentage Mod: HP is shown in percentages
|rule|Endless Battle Clause: Forcing endless battles is banned
|rule|Species Clause: Limit one of each Pokémon
|rule|OHKO Clause: OHKO moves are banned
|rule|Evasion Items Clause: Evasion items are banned
|rule|Evasion Moves Clause: Evasion moves are banned
|rule|Evasion Abilities Clause: Evasion abilities are banned
|rule|Sleep Moves Clause: Sleep-inducing moves are banned
|clearpoke
|poke|p1|Rillaboom, F|
|poke|p1|Necrozma|
|poke|p1|Hydrapple, F|
|poke|p1|Primarina, F|
|poke|p1|Zamazenta-*|
|poke|p1|Hydreigon, M|
|poke|p2|Kingambit, F|
|poke|p2|Gliscor, M|
|poke|p2|Pecharunt|
|poke|p2|Zapdos|
|poke|p2|Quaquaval, F|
|poke|p2|Ogerpon-Wellspring, F|
|teampreview
|inactive|Battle timer is ON: inactive players will automatically lose when time's up. (requested by specsribombee)
|
|t:|1759061972
|teamsize|p1|6
|teamsize|p2|6
|start
|switch|p1a: Hydreigon|Hydreigon, M|100/100
|switch|p2a: Gliscor|Gliscor, M|100/100
|turn|1
|
|t:|1759061982
|move|p2a: Gliscor|Protect|p2a: Gliscor
|-singleturn|p2a: Gliscor|Protect
|move|p1a: Hydreigon|Dragon Pulse|p2a: Gliscor
|-activate|p2a: Gliscor|move: Protect
|
|-status|p2a: Gliscor|tox|[from] item: Toxic Orb
|upkeep
|turn|2
|
|t:|1759061992
|move|p1a: Hydreigon|Dragon Pulse|p2a: Gliscor
|-damage|p2a: Gliscor|66/100 tox
|move|p2a: Gliscor|Stealth Rock|p1a: Hydreigon
|-sidestart|p1: tea chai|move: Stealth Rock
|
|-heal|p2a: Gliscor|79/100 tox|[from] ability: Poison Heal
|upkeep
|turn|3
|
|t:|1759062002
|move|p2a: Gliscor|Protect|p2a: Gliscor
|-singleturn|p2a: Gliscor|Protect
|move|p1a: Hydreigon|Dragon Dance|p1a: Hydreigon
|-boost|p1a: Hydreigon|atk|1
|-boost|p1a: Hydreigon|spe|1
|
|-heal|p2a: Gliscor|91/100 tox|[from] ability: Poison Heal
|upkeep
|turn|4
|
|t:|1759062012
|move|p1a: Hydreigon|Dragon Pulse|p2a: Gliscor
|-damage|p2a: Gliscor|57/100 tox
|move|p2a: Gliscor|Knock Off|p1a: Hydreigon
|-resisted|p1a: Hydreigon
|-damage|p1a: Hydreigon|88/100
|-enditem|p1a: Hydreigon|Weakness Policy|[from] move: Knock Off|[of] p2a: Gliscor
|
|-heal|p2a: Gliscor|69/100 tox|[from] ability: Poison Heal
|upkeep
|turn|5
|
|t:|1759062028
|switch|p2a: Quaquaval|Quaquaval, F|100/100
|move|p1a: Hydreigon|Dragon Dance|p1a: Hydreigon
|-boost|p1a: Hydreigon|atk|1
|-boost|p1a: Hydreigon|spe|1
|
|upkeep
|turn|6
|
|t:|1759062040
|switch|p1a: Primarina|Primarina, F|100/100
|-damage|p1a: Primarina|88/100|[from] Stealth Rock
|move|p2a: Quaquaval|Close Combat|p1a: Primarina
|-resisted|p1a: Primarina
|-damage|p1a: Primarina|60/100
|-unboost|p2a: Quaquaval|def|1
|-unboost|p2a: Quaquaval|spd|1
|
|-heal|p1a: Primarina|66/100|[from] item: Leftovers
|upkeep
|turn|7
|
|t:|1759062051
|switch|p2a: Ogerpon|Ogerpon-Wellspring, F|100/100
|move|p1a: Primarina|Psychic Noise|p2a: Ogerpon
|-immune|p2a: Ogerpon|[from] ability: Water Absorb
|
|-heal|p1a: Primarina|72/100|[from] item: Leftovers
|upkeep
|turn|8
|
|t:|1759062067
|switch|p1a: Hydrapple|Hydrapple, F|100/100
|move|p2a: Ogerpon|Spikes|p1a: Hydrapple
|-sidestart|p1: tea chai|Spikes
|
|upkeep
|turn|9
|
|t:|1759062077
|move|p2a: Ogerpon|U-turn|p1a: Hydrapple
|-supereffective|p1a: Hydrapple
|-damage|p1a: Hydrapple|59/100
|
|t:|1759062080
|switch|p2a: Gliscor|Gliscor, M|69/100 tox|[from] U-turn
|move|p1a: Hydrapple|Nasty Plot|p1a: Hydrapple
|-boost|p1a: Hydrapple|spa|2
|
|-heal|p2a: Gliscor|82/100 tox|[from] ability: Poison Heal
|upkeep
|turn|10
|
|t:|1759062092
|move|p2a: Gliscor|Knock Off|p1a: Hydrapple
|-damage|p1a: Hydrapple|43/100
|-enditem|p1a: Hydrapple|Heavy-Duty Boots|[from] move: Knock Off|[of] p2a: Gliscor
|move|p1a: Hydrapple|Giga Drain|p2a: Gliscor
|-crit|p2a: Gliscor
|-damage|p2a: Gliscor|0 fnt
|-heal|p1a: Hydrapple|78/100|[from] drain|[of] p2a: Gliscor
|faint|p2a: Gliscor
|
|upkeep
|
|t:|1759062104
|switch|p2a: Zapdos|Zapdos|100/100
|turn|11
|
|t:|1759062109
|-terastallize|p1a: Hydrapple|Steel
|move|p2a: Zapdos|Hurricane|p1a: Hydrapple|[miss]
|-miss|p2a: Zapdos|p1a: Hydrapple
|move|p1a: Hydrapple|Fickle Beam|p2a: Zapdos
|-damage|p2a: Zapdos|15/100
|
|upkeep
|turn|12
|
|t:|1759062118
|move|p2a: Zapdos|Discharge|p1a: Hydrapple
|-damage|p1a: Hydrapple|47/100
|move|p1a: Hydrapple|Giga Drain|p2a: Zapdos
|-resisted|p2a: Zapdos
|-damage|p2a: Zapdos|0 fnt
|-heal|p1a: Hydrapple|54/100|[from] drain|[of] p2a: Zapdos
|faint|p2a: Zapdos
|
|upkeep
|
|t:|1759062126
|switch|p2a: Quaquaval|Quaquaval, F|100/100
|turn|13
|
|t:|1759062151
|switch|p1a: Primarina|Primarina, F|72/100
|-damage|p1a: Primarina|60/100|[from] Stealth Rock
|-damage|p1a: Primarina|48/100|[from] Spikes
|move|p2a: Quaquaval|Close Combat|p1a: Primarina
|-resisted|p1a: Primarina
|-damage|p1a: Primarina|18/100
|-unboost|p2a: Quaquaval|def|1
|-unboost|p2a: Quaquaval|spd|1
|
|-heal|p1a: Primarina|24/100|[from] item: Leftovers
|upkeep
|turn|14
|
|t:|1759062173
|move|p2a: Quaquaval|Close Combat|p1a: Primarina
|-resisted|p1a: Primarina
|-damage|p1a: Primarina|0 fnt
|-unboost|p2a: Quaquaval|def|1
|-unboost|p2a: Quaquaval|spd|1
|faint|p1a: Primarina
|-ability|p2a: Quaquaval|Moxie|boost
|-boost|p2a: Quaquaval|atk|1
|
|upkeep
|
|t:|1759062181
|switch|p1a: Rillaboom|Rillaboom, F|100/100
|-damage|p1a: Rillaboom|88/100|[from] Stealth Rock
|-damage|p1a: Rillaboom|76/100|[from] Spikes
|-fieldstart|move: Grassy Terrain|[from] ability: Grassy Surge|[of] p1a: Rillaboom
|turn|15
|
|t:|1759062187
|switch|p2a: Pecharunt|Pecharunt|100/100
|move|p1a: Rillaboom|Swords Dance|p1a: Rillaboom
|-boost|p1a: Rillaboom|atk|2
|
|-heal|p1a: Rillaboom|82/100|[from] Grassy Terrain
|upkeep
|turn|16
|
|t:|1759062193
|move|p2a: Pecharunt|Malignant Chain|p1a: Rillaboom
|-supereffective|p1a: Rillaboom
|-damage|p1a: Rillaboom|0 fnt
|faint|p1a: Rillaboom
|
|upkeep
|
|t:|1759062198
|switch|p1a: Hydreigon|Hydreigon, M|88/100
|-damage|p1a: Hydreigon|76/100|[from] Stealth Rock
|turn|17
|
|t:|1759062203
|switch|p2a: Quaquaval|Quaquaval, F|100/100
|move|p1a: Hydreigon|Dragon Dance|p1a: Hydreigon
|-boost|p1a: Hydreigon|atk|1
|-boost|p1a: Hydreigon|spe|1
|
|upkeep
|turn|18
|
|t:|1759062210
|move|p1a: Hydreigon|Dragon Pulse|p2a: Quaquaval
|-damage|p2a: Quaquaval|41/100
|move|p2a: Quaquaval|Aqua Step|p1a: Hydreigon
|-resisted|p1a: Hydreigon
|-damage|p1a: Hydreigon|52/100
|-boost|p2a: Quaquaval|spe|1
|
|-heal|p2a: Quaquaval|47/100|[from] Grassy Terrain
|upkeep
|turn|19
|
|t:|1759062219
|-terastallize|p2a: Quaquaval|Steel
|move|p1a: Hydreigon|Dragon Pulse|p2a: Quaquaval
|-resisted|p2a: Quaquaval
|-damage|p2a: Quaquaval|16/100
|move|p2a: Quaquaval|Close Combat|p1a: Hydreigon
|-supereffective|p1a: Hydreigon
|-damage|p1a: Hydreigon|0 fnt
|-unboost|p2a: Quaquaval|def|1
|-unboost|p2a: Quaquaval|spd|1
|faint|p1a: Hydreigon
|-ability|p2a: Quaquaval|Moxie|boost
|-boost|p2a: Quaquaval|atk|1
|
|-heal|p2a: Quaquaval|22/100|[from] Grassy Terrain
|-fieldend|move: Grassy Terrain
|upkeep
|
|t:|1759062224
|switch|p1a: Zamazenta|Zamazenta|100/100
|-damage|p1a: Zamazenta|94/100|[from] Stealth Rock
|-damage|p1a: Zamazenta|82/100|[from] Spikes
|-ability|p1a: Zamazenta|Dauntless Shield|boost
|-boost|p1a: Zamazenta|def|1
|turn|20
|
|t:|1759062238
|move|p2a: Quaquaval|Close Combat|p1a: Zamazenta
|-damage|p1a: Zamazenta|41/100
|-unboost|p2a: Quaquaval|def|1
|-unboost|p2a: Quaquaval|spd|1
|move|p1a: Zamazenta|Body Press|p2a: Quaquaval
|-supereffective|p2a: Quaquaval
|-damage|p2a: Quaquaval|0 fnt
|faint|p2a: Quaquaval
|
|-heal|p1a: Zamazenta|47/100|[from] item: Leftovers
|upkeep
|
|t:|1759062248
|switch|p2a: Pecharunt|Pecharunt|100/100
|turn|21
|
|t:|1759062258
|switch|p1a: Necrozma|Necrozma|100/100
|-damage|p1a: Necrozma|88/100|[from] Stealth Rock
|-damage|p1a: Necrozma|76/100|[from] Spikes
|move|p2a: Pecharunt|Nasty Plot|p2a: Pecharunt
|-boost|p2a: Pecharunt|spa|2
|
|upkeep
|turn|22
|
|t:|1759062265
|move|p2a: Pecharunt|Shadow Ball|p1a: Necrozma
|-supereffective|p1a: Necrozma
|-damage|p1a: Necrozma|0 fnt
|faint|p1a: Necrozma
|
|upkeep
|
|t:|1759062270
|switch|p1a: Hydrapple|Hydrapple, F, tera:Steel|87/100
|-damage|p1a: Hydrapple|81/100|[from] Stealth Rock
|-damage|p1a: Hydrapple|69/100|[from] Spikes
|turn|23
|
|t:|1759062274
|move|p2a: Pecharunt|Shadow Ball|p1a: Hydrapple
|-damage|p1a: Hydrapple|23/100
|move|p1a: Hydrapple|Earth Power|p2a: Pecharunt
|-supereffective|p2a: Pecharunt
|-damage|p2a: Pecharunt|33/100
|-unboost|p2a: Pecharunt|spd|1
|
|upkeep
|turn|24
|-message|tea chai forfeited.
|
|win|specsribombee
|raw|tea chai's rating: 1434 &rarr; <strong>1414</strong><br />(-20 for losing)
|raw|specsribombee's rating: 1433 &rarr; <strong>1453</strong><br />(+20 for winning)
|l|☆tea chai
|player|p1|
|l|☆specsribombee
|player|p2|
