|badge|p2|bronze|gen9ou|100-6
|html|<div class="broadcast-red"><strong>This battle is required to be public due to one or more player having a season medal.</strong><br />During the public phase, you can discuss the state of the ladder <a href="/seasondiscussion">in a special chatroom.</a></div>
|uhtml|medal-msg|<div class="broadcast-blue">Curious what those medals under the avatar are? PS now has Ladder Seasons! For more information, check out the <a href="https://www.smogon.com/forums/threads/3740067/">thread on Smogon.</a></div>
|raw|<div class="broadcast-blue"><strong>This battle is required to be public due to a player having a name starting with 'medal'.</div>
|j|☆Halfgallon67
|j|‽ho3nconfirm3d
|t:|1759001718
|gametype|singles
|player|p1|Halfgallon67|170|1765
|player|p2|ho3nconfirm3d|#scl5shoguns|1920
|gen|9
|tier|[Gen 9] OU
|rated|
|rule|HP Percentage Mod: HP is shown in percentages
|rule|Endless Battle Clause: Forcing endless battles is banned
|rule|Species Clause: Limit one of each Pokémon
|rule|OHKO Clause: OHKO moves are banned
|rule|Evasion Items Clause: Evasion items are banned
|rule|Evasion Moves Clause: Evasion moves are banned
|rule|Evasion Abilities Clause: Evasion abilities are banned
|rule|Sleep Moves Clause: Sleep-inducing moves are banned
|clearpoke
|poke|p1|Pelipper, F|
|poke|p1|Hatterene, F|
|poke|p1|Iron Treads|
|poke|p1|Toxicroak, F|
|poke|p1|Barraskewda, F|
|poke|p1|Zapdos|
|poke|p2|Dondozo, F|
|poke|p2|Corviknight, M|
|poke|p2|Slowking-Galar, F|
|poke|p2|Great Tusk|
|poke|p2|Dragapult, F|
|poke|p2|Kingambit, F|
|teampreview
|
|t:|1759001727
|teamsize|p1|6
|teamsize|p2|6
|start
|switch|p1a: I.B.Gulpin|Pelipper, F|100/100
|switch|p2a: Dragapult|Dragapult, F|100/100
|-weather|RainDance|[from] ability: Drizzle|[of] p1a: I.B.Gulpin
|turn|1
|inactive|Battle timer is ON: inactive players will automatically lose when time's up. (requested by ho3nconfirm3d)
|
|t:|1759001739
|move|p2a: Dragapult|Will-O-Wisp|p1a: I.B.Gulpin
|-status|p1a: I.B.Gulpin|brn
|move|p1a: I.B.Gulpin|Knock Off|p2a: Dragapult
|-supereffective|p2a: Dragapult
|-damage|p2a: Dragapult|83/100
|-enditem|p2a: Dragapult|Dragon Fang|[from] move: Knock Off|[of] p1a: I.B.Gulpin
|
|-weather|RainDance|[upkeep]
|-damage|p1a: I.B.Gulpin|94/100 brn|[from] brn
|upkeep
|turn|2
|
|t:|1759001748
|switch|p1a: Ramsay|Iron Treads|100/100
|move|p2a: Dragapult|Hex|p1a: Ramsay
|-damage|p1a: Ramsay|79/100
|
|-weather|RainDance|[upkeep]
|-heal|p1a: Ramsay|85/100|[from] item: Leftovers
|upkeep
|turn|3
|
|t:|1759001756
|switch|p2a: Corviknight|Corviknight, M|100/100
|-ability|p2a: Corviknight|Pressure
|move|p1a: Ramsay|Stealth Rock|p2a: Corviknight
|-sidestart|p2: ho3nconfirm3d|move: Stealth Rock
|
|-weather|RainDance|[upkeep]
|-heal|p1a: Ramsay|91/100|[from] item: Leftovers
|upkeep
|turn|4
|
|t:|1759001758
|-end|p1a: Ramsay|Quark Drive|[silent]
|switch|p1a: Storm|Zapdos|100/100
|move|p2a: Corviknight|Defog|p1a: Storm
|-unboost|p1a: Storm|evasion|1
|-sideend|p2: ho3nconfirm3d|Stealth Rock|[from] move: Defog|[of] p2a: Corviknight
|
|-weather|RainDance|[upkeep]
|upkeep
|turn|5
|
|t:|1759001772
|switch|p2a: Slowking|Slowking-Galar, F|100/100
|move|p1a: Storm|Hurricane|p2a: Slowking
|-damage|p2a: Slowking|58/100
|
|-weather|RainDance|[upkeep]
|upkeep
|turn|6
|
|t:|1759001781
|move|p1a: Storm|Hurricane|p2a: Slowking
|-damage|p2a: Slowking|20/100
|move|p2a: Slowking|Ice Beam|p1a: Storm
|-supereffective|p1a: Storm
|-crit|p1a: Storm
|-damage|p1a: Storm|0 fnt
|faint|p1a: Storm
|
|-weather|RainDance|[upkeep]
|upkeep
|
|t:|1759001787
|switch|p1a: Laminar Flow|Barraskewda, F|100/100
|turn|7
|
|t:|1759001793
|switch|p2a: Corviknight|Corviknight, M|100/100
|-ability|p2a: Corviknight|Pressure
|move|p1a: Laminar Flow|Flip Turn|p2a: Corviknight
|-damage|p2a: Corviknight|52/100
|-damage|p1a: Laminar Flow|84/100|[from] item: Rocky Helmet|[of] p2a: Corviknight
|
|t:|1759001802
|switch|p1a: I.B.Gulpin|Pelipper, F|94/100 brn|[from] Flip Turn
|
|-weather|RainDance|[upkeep]
|-damage|p1a: I.B.Gulpin|88/100 brn|[from] brn
|upkeep
|turn|8
|
|t:|1759001810
|switch|p2a: Slowking|Slowking-Galar, F|54/100
|move|p1a: I.B.Gulpin|Knock Off|p2a: Slowking
|-supereffective|p2a: Slowking
|-damage|p2a: Slowking|39/100
|-enditem|p2a: Slowking|Assault Vest|[from] move: Knock Off|[of] p1a: I.B.Gulpin
|
|-weather|none
|-damage|p1a: I.B.Gulpin|82/100 brn|[from] brn
|upkeep
|turn|9
|
|t:|1759001818
|move|p1a: I.B.Gulpin|U-turn|p2a: Slowking
|-damage|p2a: Slowking|35/100
|
|t:|1759001821
|switch|p1a: Ramsay|Iron Treads|91/100|[from] U-turn
|move|p2a: Slowking|Flamethrower|p1a: Ramsay
|-supereffective|p1a: Ramsay
|-damage|p1a: Ramsay|44/100
|-status|p1a: Ramsay|brn
|
|-heal|p1a: Ramsay|50/100 brn|[from] item: Leftovers
|-damage|p1a: Ramsay|44/100 brn|[from] brn
|upkeep
|turn|10
|
|t:|1759001826
|switch|p2a: Corviknight|Corviknight, M|52/100
|-ability|p2a: Corviknight|Pressure
|move|p1a: Ramsay|Stealth Rock|p2a: Corviknight
|-sidestart|p2: ho3nconfirm3d|move: Stealth Rock
|
|-heal|p1a: Ramsay|50/100 brn|[from] item: Leftovers
|-damage|p1a: Ramsay|44/100 brn|[from] brn
|upkeep
|turn|11
|
|t:|1759001828
|move|p1a: Ramsay|Volt Switch|p2a: Corviknight
|-supereffective|p2a: Corviknight
|-damage|p2a: Corviknight|28/100
|
|t:|1759001831
|-end|p1a: Ramsay|Quark Drive|[silent]
|switch|p1a: Laminar Flow|Barraskewda, F|84/100|[from] Volt Switch
|move|p2a: Corviknight|Defog|p1a: Laminar Flow
|-unboost|p1a: Laminar Flow|evasion|1
|-sideend|p2: ho3nconfirm3d|Stealth Rock|[from] move: Defog|[of] p2a: Corviknight
|
|upkeep
|turn|12
|
|t:|1759001837
|switch|p2a: Dondozo|Dondozo, F|100/100
|move|p1a: Laminar Flow|Flip Turn|p2a: Dondozo
|-resisted|p2a: Dondozo
|-damage|p2a: Dondozo|86/100
|
|t:|1759001839
|switch|p1a: I.B.Gulpin|Pelipper, F|82/100 brn|[from] Flip Turn
|-weather|RainDance|[from] ability: Drizzle|[of] p1a: I.B.Gulpin
|
|-weather|RainDance|[upkeep]
|-heal|p2a: Dondozo|92/100|[from] item: Leftovers
|-damage|p1a: I.B.Gulpin|76/100 brn|[from] brn
|upkeep
|turn|13
|
|t:|1759001841
|move|p1a: I.B.Gulpin|U-turn|p2a: Dondozo
|-damage|p2a: Dondozo|89/100
|
|t:|1759001844
|switch|p1a: Agent Oso|Toxicroak, F|100/100|[from] U-turn
|move|p2a: Dondozo|Curse|p2a: Dondozo
|-unboost|p2a: Dondozo|spe|1
|-boost|p2a: Dondozo|atk|1
|-boost|p2a: Dondozo|def|1
|
|-weather|RainDance|[upkeep]
|-heal|p2a: Dondozo|95/100|[from] item: Leftovers
|upkeep
|turn|14
|
|t:|1759001849
|move|p2a: Dondozo|Protect|p2a: Dondozo
|-singleturn|p2a: Dondozo|Protect
|move|p1a: Agent Oso|Knock Off|p2a: Dondozo
|-activate|p2a: Dondozo|move: Protect
|
|-weather|RainDance|[upkeep]
|-heal|p2a: Dondozo|100/100|[from] item: Leftovers
|upkeep
|turn|15
|
|t:|1759001852
|move|p1a: Agent Oso|Toxic|p2a: Dondozo
|-status|p2a: Dondozo|tox
|move|p2a: Dondozo|Earthquake|p1a: Agent Oso
|-supereffective|p1a: Agent Oso
|-damage|p1a: Agent Oso|31/100
|
|-weather|RainDance|[upkeep]
|-heal|p1a: Agent Oso|44/100|[from] ability: Dry Skin
|-damage|p2a: Dondozo|94/100 tox|[from] psn
|upkeep
|turn|16
|
|t:|1759001858
|switch|p1a: I.B.Gulpin|Pelipper, F|76/100 brn
|move|p2a: Dondozo|Earthquake|p1a: I.B.Gulpin
|-immune|p1a: I.B.Gulpin
|
|-weather|RainDance|[upkeep]
|-heal|p2a: Dondozo|100/100 tox|[from] item: Leftovers
|-damage|p2a: Dondozo|88/100 tox|[from] psn
|-damage|p1a: I.B.Gulpin|70/100 brn|[from] brn
|upkeep
|turn|17
|
|t:|1759001861
|move|p1a: I.B.Gulpin|U-turn|p2a: Dondozo
|-damage|p2a: Dondozo|86/100 tox
|
|t:|1759001863
|switch|p1a: Agent Oso|Toxicroak, F|44/100|[from] U-turn
|move|p2a: Dondozo|Earthquake|p1a: Agent Oso
|-supereffective|p1a: Agent Oso
|-damage|p1a: Agent Oso|0 fnt
|faint|p1a: Agent Oso
|
|-weather|RainDance|[upkeep]
|-heal|p2a: Dondozo|92/100 tox|[from] item: Leftovers
|-damage|p2a: Dondozo|74/100 tox|[from] psn
|upkeep
|
|t:|1759001867
|switch|p1a: Miss Maker|Hatterene, F|100/100
|turn|18
|
|t:|1759001871
|move|p1a: Miss Maker|Psychic Noise|p2a: Dondozo
|-damage|p2a: Dondozo|50/100 tox
|-start|p2a: Dondozo|move: Heal Block
|move|p2a: Dondozo|Wave Crash|p1a: Miss Maker
|-damage|p1a: Miss Maker|4/100
|-damage|p2a: Dondozo|30/100 tox|[from] Recoil
|-enditem|p1a: Miss Maker|Eject Button
|
|t:|1759001881
|switch|p1a: Laminar Flow|Barraskewda, F|84/100
|
|-weather|RainDance|[upkeep]
|-damage|p2a: Dondozo|6/100 tox|[from] psn
|upkeep
|turn|19
|
|t:|1759001884
|move|p1a: Laminar Flow|Flip Turn|p2a: Dondozo
|-resisted|p2a: Dondozo
|-damage|p2a: Dondozo|0 fnt
|faint|p2a: Dondozo
|
|t:|1759001900
|switch|p1a: Ramsay|Iron Treads|44/100 brn|[from] Flip Turn
|
|-weather|none
|-heal|p1a: Ramsay|50/100 brn|[from] item: Leftovers
|-damage|p1a: Ramsay|44/100 brn|[from] brn
|upkeep
|l|‽ho3nconfirm3d
|inactive|ho3nconfirm3d disconnected and has a minute to reconnect!
|player|p2|
|inactive|ho3nconfirm3d has 30 seconds to reconnect!
|inactive|ho3nconfirm3d has 20 seconds to reconnect!
|inactive|ho3nconfirm3d has 15 seconds to reconnect!
|inactive|ho3nconfirm3d has 10 seconds to reconnect!
|inactive|ho3nconfirm3d has 5 seconds to reconnect!
|j|‽ho3nconfirm3d
|inactive|ho3nconfirm3d reconnected and has 75 seconds left.
|player|p2|ho3nconfirm3d|#scl5shoguns|
|n|‽ho3nconfirm3d|ho3nconfirm3d
|
|t:|1759001984
|switch|p2a: Great Tusk|Great Tusk|100/100
|turn|20
|inactive|Halfgallon67 has 120 seconds left.
|
|t:|1759002019
|-end|p1a: Ramsay|Quark Drive|[silent]
|switch|p1a: I.B.Gulpin|Pelipper, F|70/100 brn
|-weather|RainDance|[from] ability: Drizzle|[of] p1a: I.B.Gulpin
|move|p2a: Great Tusk|Knock Off|p1a: I.B.Gulpin
|-damage|p1a: I.B.Gulpin|31/100 brn
|-enditem|p1a: I.B.Gulpin|Damp Rock|[from] move: Knock Off|[of] p2a: Great Tusk
|
|-weather|RainDance|[upkeep]
|-damage|p1a: I.B.Gulpin|25/100 brn|[from] brn
|upkeep
|turn|21
|inactive|ho3nconfirm3d has 90 seconds left.
|
|t:|1759002028
|switch|p1a: Miss Maker|Hatterene, F|4/100
|move|p2a: Great Tusk|Stealth Rock|p1a: Miss Maker
|move|p1a: Miss Maker|Stealth Rock|p2a: Great Tusk|[from] ability: Magic Bounce
|-sidestart|p2: ho3nconfirm3d|move: Stealth Rock
|
|-weather|RainDance|[upkeep]
|upkeep
|turn|22
|
|t:|1759002034
|switch|p1a: Laminar Flow|Barraskewda, F|84/100
|move|p2a: Great Tusk|Rapid Spin|p1a: Laminar Flow
|-damage|p1a: Laminar Flow|48/100
|-boost|p2a: Great Tusk|spe|1
|-sideend|p2: ho3nconfirm3d|Stealth Rock|[from] move: Rapid Spin|[of] p2a: Great Tusk
|
|-weather|RainDance|[upkeep]
|upkeep
|turn|23
|
|t:|1759002050
|-end|p2a: Great Tusk|Protosynthesis|[silent]
|switch|p2a: Corviknight|Corviknight, M|28/100
|-ability|p2a: Corviknight|Pressure
|-terastallize|p1a: Laminar Flow|Water
|move|p1a: Laminar Flow|Flip Turn|p2a: Corviknight
|-damage|p2a: Corviknight|0 fnt
|-damage|p1a: Laminar Flow|32/100|[from] item: Rocky Helmet|[of] p2a: Corviknight
|faint|p2a: Corviknight
|
|t:|1759002056
|switch|p1a: Ramsay|Iron Treads|44/100 brn|[from] Flip Turn
|
|-weather|RainDance|[upkeep]
|-heal|p1a: Ramsay|50/100 brn|[from] item: Leftovers
|-damage|p1a: Ramsay|44/100 brn|[from] brn
|upkeep
|l|‽ho3nconfirm3d
|inactive|ho3nconfirm3d disconnected and has a minute to reconnect!
|player|p2|
|j|‽ho3nconfirm3d
|inactive|ho3nconfirm3d reconnected and has 90 seconds left.
|player|p2|ho3nconfirm3d|#scl5shoguns|
|n|‽ho3nconfirm3d|ho3nconfirm3d
|
|t:|1759002095
|switch|p2a: Kingambit|Kingambit, F|100/100
|-activate|p2a: Kingambit|ability: Supreme Overlord
|-start|p2a: Kingambit|fallen2|[silent]
|-item|p2a: Kingambit|Air Balloon
|turn|24
|
|t:|1759002099
|move|p1a: Ramsay|Volt Switch|p2a: Kingambit
|-damage|p2a: Kingambit|86/100
|-enditem|p2a: Kingambit|Air Balloon
|
|t:|1759002102
|-end|p1a: Ramsay|Quark Drive|[silent]
|switch|p1a: Miss Maker|Hatterene, F|4/100|[from] Volt Switch
|move|p2a: Kingambit|Kowtow Cleave|p1a: Miss Maker
|-damage|p1a: Miss Maker|0 fnt
|faint|p1a: Miss Maker
|
|-weather|RainDance|[upkeep]
|upkeep
|
|t:|1759002103
|switch|p1a: Laminar Flow|Barraskewda, F, tera:Water|32/100
|turn|25
|
|t:|1759002121
|move|p1a: Laminar Flow|Aqua Jet|p2a: Kingambit
|-damage|p2a: Kingambit|30/100
|move|p2a: Kingambit|Kowtow Cleave|p1a: Laminar Flow
|-damage|p1a: Laminar Flow|0 fnt
|faint|p1a: Laminar Flow
|
|-weather|RainDance|[upkeep]
|upkeep
|
|t:|1759002126
|switch|p1a: I.B.Gulpin|Pelipper, F|25/100 brn
|turn|26
|-message|Halfgallon67 forfeited.
|
|win|ho3nconfirm3d
|raw|Halfgallon67's rating: 1765 &rarr; <strong>1753</strong><br />(-12 for losing)
|raw|ho3nconfirm3d's rating: 1920 &rarr; <strong>1932</strong><br />(+12 for winning)
|l|☆Halfgallon67
|player|p1|
|l|‽ho3nconfirm3d
|player|p2|
|j|‽ho3nconfirm3d
|player|p2|ho3nconfirm3d|#scl5shoguns|
|n|‽ho3nconfirm3d|ho3nconfirm3d
|l|‽ho3nconfirm3d
|player|p2|
