|j|☆shoebat
|j|☆Wowbigsmall
|t:|1758966349
|gametype|singles
|player|p1|shoebat|sage|1489
|player|p2|Wowbigsmall|1|1492
|gen|9
|tier|[Gen 9] OU
|rated|
|rule|HP Percentage Mod: HP is shown in percentages
|rule|Endless Battle Clause: Forcing endless battles is banned
|rule|Species Clause: Limit one of each Pokémon
|rule|OHKO Clause: OHKO moves are banned
|rule|Evasion Items Clause: Evasion items are banned
|rule|Evasion Moves Clause: Evasion moves are banned
|rule|Evasion Abilities Clause: Evasion abilities are banned
|rule|Sleep Moves Clause: Sleep-inducing moves are banned
|clearpoke
|poke|p1|Skarmory, M|
|poke|p1|Ting-Lu|
|poke|p1|Zamazenta-*|
|poke|p1|Pecharunt|
|poke|p1|Clefable, M|
|poke|p1|Walking Wake|
|poke|p2|Hoopa-Unbound|
|poke|p2|Enamorus, F|
|poke|p2|Garchomp, F|
|poke|p2|Pecharunt|
|poke|p2|Hatterene, F|
|poke|p2|Kingambit, F|
|teampreview
|inactive|Battle timer is ON: inactive players will automatically lose when time's up. (requested by shoebat)
|
|t:|1758966373
|teamsize|p1|6
|teamsize|p2|6
|start
|switch|p1a: Pecharunt|Pecharunt|100/100
|switch|p2a: Hoopa|Hoopa-Unbound|100/100
|turn|1
|inactive|shoebat has 120 seconds left.
|
|t:|1758966410
|move|p2a: Hoopa|Knock Off|p1a: Pecharunt
|-supereffective|p1a: Pecharunt
|-damage|p1a: Pecharunt|3/100
|-enditem|p1a: Pecharunt|Heavy-Duty Boots|[from] move: Knock Off|[of] p2a: Hoopa
|move|p1a: Pecharunt|Malignant Chain|p2a: Hoopa
|-damage|p2a: Hoopa|72/100
|
|upkeep
|turn|2
|inactive|shoebat has 120 seconds left.
|
|t:|1758966418
|switch|p1a: Skarmory|Skarmory, M|100/100
|move|p2a: Hoopa|Knock Off|p1a: Skarmory
|-damage|p1a: Skarmory|48/100
|-damage|p2a: Hoopa|55/100|[from] item: Rocky Helmet|[of] p1a: Skarmory
|-enditem|p1a: Skarmory|Rocky Helmet|[from] move: Knock Off|[of] p2a: Hoopa
|
|upkeep
|turn|3
|
|t:|1758966432
|switch|p2a: Hatterene|Hatterene, F|100/100
|move|p1a: Skarmory|Brave Bird|p2a: Hatterene
|-damage|p2a: Hatterene|69/100
|-damage|p1a: Skarmory|38/100|[from] Recoil
|
|upkeep
|turn|4
|
|t:|1758966444
|switch|p1a: Clefable|Clefable, M|100/100
|move|p2a: Hatterene|Mystical Fire|p1a: Clefable
|-damage|p1a: Clefable|76/100
|-unboost|p1a: Clefable|spa|1
|
|-heal|p1a: Clefable|82/100|[from] item: Leftovers
|upkeep
|turn|5
|
|t:|1758966449
|move|p1a: Clefable|Knock Off|p2a: Hatterene
|-damage|p2a: Hatterene|55/100
|-enditem|p2a: Hatterene|Assault Vest|[from] move: Knock Off|[of] p1a: Clefable
|move|p2a: Hatterene|Nuzzle|p1a: Clefable
|-damage|p1a: Clefable|79/100
|-status|p1a: Clefable|par
|
|-heal|p1a: Clefable|85/100 par|[from] item: Leftovers
|upkeep
|turn|6
|
|t:|1758966455
|move|p2a: Hatterene|Draining Kiss|p1a: Clefable
|-damage|p1a: Clefable|61/100 par
|-heal|p2a: Hatterene|77/100|[from] drain|[of] p1a: Clefable
|move|p1a: Clefable|Calm Mind|p1a: Clefable
|-boost|p1a: Clefable|spa|1
|-boost|p1a: Clefable|spd|1
|
|-heal|p1a: Clefable|67/100 par|[from] item: Leftovers
|upkeep
|turn|7
|
|t:|1758966463
|move|p2a: Hatterene|Psyshock|p1a: Clefable
|-damage|p1a: Clefable|35/100 par
|move|p1a: Clefable|Moonblast|p2a: Hatterene
|-damage|p2a: Hatterene|44/100
|-unboost|p2a: Hatterene|spa|1
|
|-heal|p1a: Clefable|41/100 par|[from] item: Leftovers
|upkeep
|turn|8
|
|t:|1758966470
|move|p2a: Hatterene|Psyshock|p1a: Clefable
|-damage|p1a: Clefable|18/100 par
|cant|p1a: Clefable|par
|
|-heal|p1a: Clefable|24/100 par|[from] item: Leftovers
|upkeep
|turn|9
|
|t:|1758966481
|move|p2a: Hatterene|Draining Kiss|p1a: Clefable
|-crit|p1a: Clefable
|-damage|p1a: Clefable|0 fnt
|-heal|p2a: Hatterene|67/100|[from] drain|[of] p1a: Clefable
|faint|p1a: Clefable
|
|upkeep
|
|t:|1758966485
|switch|p1a: Zamazenta|Zamazenta|100/100
|-ability|p1a: Zamazenta|Dauntless Shield|boost
|-boost|p1a: Zamazenta|def|1
|turn|10
|
|t:|1758966491
|switch|p2a: Pecharunt|Pecharunt|100/100
|move|p1a: Zamazenta|Heavy Slam|p2a: Pecharunt
|-damage|p2a: Pecharunt|78/100
|
|upkeep
|turn|11
|
|t:|1758966500
|move|p1a: Zamazenta|Crunch|p2a: Pecharunt
|-supereffective|p2a: Pecharunt
|-damage|p2a: Pecharunt|45/100
|move|p2a: Pecharunt|Parting Shot|p1a: Zamazenta
|-unboost|p1a: Zamazenta|atk|1
|-unboost|p1a: Zamazenta|spa|1
|
|t:|1758966503
|switch|p2a: Garchomp|Garchomp, F|100/100|[from] Parting Shot
|
|upkeep
|turn|12
|
|t:|1758966512
|switch|p1a: Skarmory|Skarmory, M|38/100
|move|p2a: Garchomp|Stealth Rock|p1a: Skarmory
|-sidestart|p1: shoebat|move: Stealth Rock
|
|upkeep
|turn|13
|
|t:|1758966522
|move|p1a: Skarmory|Roost|p1a: Skarmory
|-heal|p1a: Skarmory|88/100
|-singleturn|p1a: Skarmory|move: Roost
|move|p2a: Garchomp|Dragon Tail|p1a: Skarmory
|-resisted|p1a: Skarmory
|-damage|p1a: Skarmory|81/100
|drag|p1a: Pecharunt|Pecharunt|3/100
|-damage|p1a: Pecharunt|0 fnt|[from] Stealth Rock
|faint|p1a: Pecharunt
|
|upkeep
|
|t:|1758966532
|switch|p1a: Skarmory|Skarmory, M|81/100
|-damage|p1a: Skarmory|69/100|[from] Stealth Rock
|turn|14
|
|t:|1758966542
|switch|p2a: Hatterene|Hatterene, F|67/100
|move|p1a: Skarmory|Spikes|p2a: Hatterene
|move|p2a: Hatterene|Spikes|p1a: Skarmory|[from] ability: Magic Bounce
|-sidestart|p1: shoebat|Spikes
|
|upkeep
|turn|15
|
|t:|1758966557
|switch|p1a: Ting-Lu|Ting-Lu|100/100
|-damage|p1a: Ting-Lu|94/100|[from] Stealth Rock
|-damage|p1a: Ting-Lu|82/100|[from] Spikes
|-ability|p1a: Ting-Lu|Vessel of Ruin
|move|p2a: Hatterene|Mystical Fire|p1a: Ting-Lu
|-damage|p1a: Ting-Lu|71/100
|-unboost|p1a: Ting-Lu|spa|1
|
|-heal|p1a: Ting-Lu|77/100|[from] item: Leftovers
|upkeep
|turn|16
|
|t:|1758966564
|move|p1a: Ting-Lu|Earthquake|p2a: Hatterene
|-damage|p2a: Hatterene|30/100
|move|p2a: Hatterene|Draining Kiss|p1a: Ting-Lu
|-supereffective|p1a: Ting-Lu
|-crit|p1a: Ting-Lu
|-damage|p1a: Ting-Lu|46/100
|-heal|p2a: Hatterene|68/100|[from] drain|[of] p1a: Ting-Lu
|
|-heal|p1a: Ting-Lu|52/100|[from] item: Leftovers
|upkeep
|turn|17
|
|t:|1758966571
|-terastallize|p1a: Ting-Lu|Water
|move|p1a: Ting-Lu|Earthquake|p2a: Hatterene
|-damage|p2a: Hatterene|35/100
|move|p2a: Hatterene|Draining Kiss|p1a: Ting-Lu
|-damage|p1a: Ting-Lu|43/100
|-heal|p2a: Hatterene|47/100|[from] drain|[of] p1a: Ting-Lu
|
|-heal|p1a: Ting-Lu|49/100|[from] item: Leftovers
|upkeep
|turn|18
|
|t:|1758966576
|move|p1a: Ting-Lu|Earthquake|p2a: Hatterene
|-damage|p2a: Hatterene|9/100
|move|p2a: Hatterene|Nuzzle|p1a: Ting-Lu
|-supereffective|p1a: Ting-Lu
|-damage|p1a: Ting-Lu|44/100
|-status|p1a: Ting-Lu|par
|
|-heal|p1a: Ting-Lu|51/100 par|[from] item: Leftovers
|upkeep
|turn|19
|
|t:|1758966581
|move|p2a: Hatterene|Draining Kiss|p1a: Ting-Lu
|-damage|p1a: Ting-Lu|39/100 par
|-heal|p2a: Hatterene|23/100|[from] drain|[of] p1a: Ting-Lu
|move|p1a: Ting-Lu|Earthquake|p2a: Hatterene
|-damage|p2a: Hatterene|0 fnt
|faint|p2a: Hatterene
|
|-heal|p1a: Ting-Lu|45/100 par|[from] item: Leftovers
|upkeep
|
|t:|1758966591
|switch|p2a: Hoopa|Hoopa-Unbound|55/100
|turn|20
|
|t:|1758966594
|move|p2a: Hoopa|Hyperspace Fury|p1a: Ting-Lu
|-damage|p1a: Ting-Lu|0 fnt
|-unboost|p2a: Hoopa|def|1
|faint|p1a: Ting-Lu
|
|upkeep
|
|t:|1758966612
|switch|p1a: Walking Wake|Walking Wake|100/100
|turn|21
|
|t:|1758966627
|switch|p2a: Kingambit|Kingambit, F|100/100
|-activate|p2a: Kingambit|ability: Supreme Overlord
|-start|p2a: Kingambit|fallen1|[silent]
|move|p1a: Walking Wake|Knock Off|p2a: Kingambit
|-resisted|p2a: Kingambit
|-damage|p2a: Kingambit|93/100
|-enditem|p2a: Kingambit|Lum Berry|[from] move: Knock Off|[of] p1a: Walking Wake
|
|upkeep
|turn|22
|
|t:|1758966654
|move|p1a: Walking Wake|Flip Turn|p2a: Kingambit
|-crit|p2a: Kingambit
|-damage|p2a: Kingambit|72/100
|
|t:|1758966657
|-end|p1a: Walking Wake|Protosynthesis|[silent]
|switch|p1a: Skarmory|Skarmory, M|69/100|[from] Flip Turn
|-damage|p1a: Skarmory|57/100|[from] Stealth Rock
|move|p2a: Kingambit|Kowtow Cleave|p1a: Skarmory
|-damage|p1a: Skarmory|22/100
|
|upkeep
|turn|23
|
|t:|1758966668
|-end|p2a: Kingambit|fallen1|[silent]
|switch|p2a: Pecharunt|Pecharunt|45/100
|move|p1a: Skarmory|Roost|p1a: Skarmory
|-heal|p1a: Skarmory|73/100
|-singleturn|p1a: Skarmory|move: Roost
|
|upkeep
|turn|24
|
|t:|1758966672
|move|p2a: Pecharunt|Recover|p2a: Pecharunt
|-heal|p2a: Pecharunt|95/100
|move|p1a: Skarmory|Spikes|p2a: Pecharunt
|-sidestart|p2: Wowbigsmall|Spikes
|
|upkeep
|turn|25
|
|t:|1758966675
|move|p2a: Pecharunt|Hex|p1a: Skarmory
|-crit|p1a: Skarmory
|-damage|p1a: Skarmory|30/100
|move|p1a: Skarmory|Whirlwind|p2a: Pecharunt
|drag|p2a: Hoopa|Hoopa-Unbound|55/100
|-damage|p2a: Hoopa|43/100|[from] Spikes
|
|upkeep
|turn|26
|
|t:|1758966686
|move|p2a: Hoopa|Hyperspace Fury|p1a: Skarmory
|-damage|p1a: Skarmory|0 fnt
|-unboost|p2a: Hoopa|def|1
|faint|p1a: Skarmory
|
|upkeep
|
|t:|1758966691
|switch|p1a: Walking Wake|Walking Wake|100/100
|turn|27
|
|t:|1758966702
|move|p1a: Walking Wake|Surf|p2a: Hoopa
|-damage|p2a: Hoopa|0 fnt
|faint|p2a: Hoopa
|
|upkeep
|
|t:|1758966713
|switch|p2a: Garchomp|Garchomp, F|100/100
|-damage|p2a: Garchomp|88/100|[from] Spikes
|turn|28
|
|t:|1758966718
|move|p1a: Walking Wake|Draco Meteor|p2a: Garchomp
|-supereffective|p2a: Garchomp
|-damage|p2a: Garchomp|0 fnt
|-unboost|p1a: Walking Wake|spa|2
|faint|p2a: Garchomp
|
|upkeep
|
|t:|1758966722
|switch|p2a: Kingambit|Kingambit, F|72/100
|-damage|p2a: Kingambit|59/100|[from] Spikes
|-activate|p2a: Kingambit|ability: Supreme Overlord
|-start|p2a: Kingambit|fallen3|[silent]
|turn|29
|
|t:|1758966729
|move|p1a: Walking Wake|Flip Turn|p2a: Kingambit
|-damage|p2a: Kingambit|45/100
|
|t:|1758966731
|-end|p1a: Walking Wake|Protosynthesis|[silent]
|switch|p1a: Zamazenta|Zamazenta|100/100|[from] Flip Turn
|move|p2a: Kingambit|Swords Dance|p2a: Kingambit
|-boost|p2a: Kingambit|atk|2
|
|upkeep
|turn|30
|
|t:|1758966737
|-terastallize|p2a: Kingambit|Ghost
|move|p1a: Zamazenta|Close Combat|p2a: Kingambit
|-immune|p2a: Kingambit
|move|p2a: Kingambit|Iron Head|p1a: Zamazenta
|-damage|p1a: Zamazenta|2/100
|
|upkeep
|turn|31
|
|t:|1758966745
|move|p2a: Kingambit|Sucker Punch|p1a: Zamazenta
|-resisted|p1a: Zamazenta
|-damage|p1a: Zamazenta|0 fnt
|faint|p1a: Zamazenta
|
|upkeep
|
|t:|1758966748
|switch|p1a: Walking Wake|Walking Wake|100/100
|turn|32
|
|t:|1758966750
|move|p2a: Kingambit|Sucker Punch|p1a: Walking Wake
|-damage|p1a: Walking Wake|0 fnt
|faint|p1a: Walking Wake
|-end|p1a: Walking Wake|Protosynthesis|[silent]
|
|win|Wowbigsmall
|raw|shoebat's rating: 1489 &rarr; <strong>1469</strong><br />(-20 for losing)
|raw|Wowbigsmall's rating: 1492 &rarr; <strong>1512</strong><br />(+20 for winning)
|l|☆Wowbigsmall
|player|p2|
