|badge|p1|silver|gen9ou|30-6
|html|<div class="broadcast-red"><strong>This battle is required to be public due to one or more player having a season medal.</strong><br />During the public phase, you can discuss the state of the ladder <a href="/seasondiscussion">in a special chatroom.</a></div>
|uhtml|medal-msg|<div class="broadcast-blue">Curious what those medals under the avatar are? PS now has Ladder Seasons! For more information, check out the <a href="https://www.smogon.com/forums/threads/3740067/">thread on Smogon.</a></div>
|raw|<div class="broadcast-blue"><strong>This battle is required to be public due to a player having a name starting with 'medal'.</div>
|j|☆LT124YH Ghoul
|j|☆mcribs
|t:|1758970448
|gametype|singles
|player|p1|LT124YH Ghoul|#wcop2024asia|1992
|player|p2|mcribs|brycenman|1805
|gen|9
|tier|[Gen 9] OU
|rated|
|rule|HP Percentage Mod: HP is shown in percentages
|rule|Endless Battle Clause: Forcing endless battles is banned
|rule|Species Clause: Limit one of each Pokémon
|rule|OHKO Clause: OHKO moves are banned
|rule|Evasion Items Clause: Evasion items are banned
|rule|Evasion Moves Clause: Evasion moves are banned
|rule|Evasion Abilities Clause: Evasion abilities are banned
|rule|Sleep Moves Clause: Sleep-inducing moves are banned
|clearpoke
|poke|p1|Enamorus, F|
|poke|p1|Araquanid, M|
|poke|p1|Gholdengo|
|poke|p1|Iron Valiant|
|poke|p1|Kingambit, M|
|poke|p1|Great Tusk|
|poke|p2|Gholdengo|
|poke|p2|Ninetales-Alola, F|
|poke|p2|Zamazenta-*|
|poke|p2|Darkrai|
|poke|p2|Ogerpon-Wellspring, F|
|poke|p2|Great Tusk|
|teampreview
|inactive|Battle timer is ON: inactive players will automatically lose when time's up. (requested by mcribs)
|inactive|LT124YH Ghoul also wants the timer to be on.
|j| wgw2333
|j| cryyysneasel
|
|t:|1758970462
|teamsize|p1|6
|teamsize|p2|6
|start
|switch|p1a: Doc Seismic|Araquanid, M|100/100
|switch|p2a: Ogerpon|Ogerpon-Wellspring, F|100/100
|turn|1
|
|t:|1758970465
|move|p2a: Ogerpon|Swords Dance|p2a: Ogerpon
|-boost|p2a: Ogerpon|atk|2
|move|p1a: Doc Seismic|Lunge|p2a: Ogerpon
|-supereffective|p2a: Ogerpon
|-damage|p2a: Ogerpon|31/100
|-unboost|p2a: Ogerpon|atk|1
|
|upkeep
|turn|2
|j| altofweordhamsyer
|j| larp legion
|inactive|LT124YH Ghoul has 120 seconds left.
|l| larp legion
|n| altofweordhamsyer|altofweordhamsyer
|
|t:|1758970510
|move|p2a: Ogerpon|Power Whip|p1a: Doc Seismic
|-damage|p1a: Doc Seismic|0 fnt
|faint|p1a: Doc Seismic
|
|upkeep
|c| altofweordhamsyer|what’s up
|
|t:|1758970516
|switch|p1a: Invincible|Great Tusk|100/100
|-enditem|p1a: Invincible|Booster Energy
|-activate|p1a: Invincible|ability: Protosynthesis|[fromitem]
|-start|p1a: Invincible|protosynthesisspe
|turn|3
|
|t:|1758970520
|switch|p2a: Ninetales|Ninetales-Alola, F|100/100
|-weather|Snowscape|[from] ability: Snow Warning|[of] p2a: Ninetales
|move|p1a: Invincible|Headlong Rush|p2a: Ninetales
|-damage|p2a: Ninetales|63/100
|-unboost|p1a: Invincible|def|1
|-unboost|p1a: Invincible|spd|1
|
|-weather|Snowscape|[upkeep]
|upkeep
|turn|4
|
|t:|1758970522
|move|p1a: Invincible|Head Smash|p2a: Ninetales|[miss]
|-miss|p1a: Invincible|p2a: Ninetales
|move|p2a: Ninetales|Aurora Veil|p2a: Ninetales
|-sidestart|p2: mcribs|move: Aurora Veil
|
|-weather|Snowscape|[upkeep]
|upkeep
|turn|5
|
|t:|1758970524
|move|p1a: Invincible|Knock Off|p2a: Ninetales
|-resisted|p2a: Ninetales
|-damage|p2a: Ninetales|58/100
|-enditem|p2a: Ninetales|Light Clay|[from] move: Knock Off|[of] p1a: Invincible
|move|p2a: Ninetales|Freeze-Dry|p1a: Invincible
|-supereffective|p1a: Invincible
|-damage|p1a: Invincible|21/100
|
|-weather|Snowscape|[upkeep]
|upkeep
|turn|6
|
|t:|1758970527
|move|p1a: Invincible|Head Smash|p2a: Ninetales|[miss]
|-miss|p1a: Invincible|p2a: Ninetales
|move|p2a: Ninetales|Moonblast|p1a: Invincible
|-supereffective|p1a: Invincible
|-damage|p1a: Invincible|0 fnt
|faint|p1a: Invincible
|-end|p1a: Invincible|Protosynthesis|[silent]
|
|-weather|Snowscape|[upkeep]
|upkeep
|c|☆LT124YH Ghoul|ok
|
|t:|1758970542
|switch|p1a: Robot|Gholdengo|100/100
|turn|7
|
|t:|1758970544
|move|p2a: Ninetales|Moonblast|p1a: Robot
|-resisted|p1a: Robot
|-damage|p1a: Robot|87/100
|move|p1a: Robot|Nasty Plot|p1a: Robot
|-boost|p1a: Robot|spa|2
|
|-weather|none
|upkeep
|turn|8
|j| larp legion
|j| amimec
|
|t:|1758970550
|switch|p2a: Ogerpon|Ogerpon-Wellspring, F|31/100
|move|p1a: Robot|Make It Rain|p2a: Ogerpon
|-resisted|p2a: Ogerpon
|-damage|p2a: Ogerpon|0 fnt
|-unboost|p1a: Robot|spa|1
|faint|p2a: Ogerpon
|
|upkeep
|
|t:|1758970553
|switch|p2a: Darkrai|Darkrai|100/100
|turn|9
|c| altofweordhamsyer|why did he miss head smash is he stupid
|l| larp legion
|
|t:|1758970565
|move|p2a: Darkrai|Nasty Plot|p2a: Darkrai
|-boost|p2a: Darkrai|spa|2
|move|p1a: Robot|Make It Rain|p2a: Darkrai
|-damage|p2a: Darkrai|56/100
|-unboost|p1a: Robot|spa|1
|
|-heal|p2a: Darkrai|62/100|[from] item: Leftovers
|upkeep
|turn|10
|inactive|LT124YH Ghoul has 120 seconds left.
|
|t:|1758970600
|switch|p1a: Atom Eve|Iron Valiant|100/100
|-enditem|p1a: Atom Eve|Booster Energy
|-activate|p1a: Atom Eve|ability: Quark Drive|[fromitem]
|-start|p1a: Atom Eve|quarkdrivespa
|move|p2a: Darkrai|Dark Pulse|p1a: Atom Eve
|-resisted|p1a: Atom Eve
|-damage|p1a: Atom Eve|67/100
|
|-heal|p2a: Darkrai|68/100|[from] item: Leftovers
|upkeep
|turn|11
|
|t:|1758970604
|move|p1a: Atom Eve|Vacuum Wave|p2a: Darkrai
|-supereffective|p2a: Darkrai
|-damage|p2a: Darkrai|34/100
|move|p2a: Darkrai|Tera Blast|p1a: Atom Eve
|-damage|p1a: Atom Eve|0 fnt
|faint|p1a: Atom Eve
|-end|p1a: Atom Eve|Quark Drive|[silent]
|
|-heal|p2a: Darkrai|40/100|[from] item: Leftovers
|-sideend|p2: mcribs|move: Aurora Veil
|upkeep
|
|t:|1758970612
|switch|p1a: Conquest|Enamorus, F|100/100
|turn|12
|
|t:|1758970616
|switch|p1a: Omni-Man|Kingambit, M|100/100
|-activate|p1a: Omni-Man|ability: Supreme Overlord
|-start|p1a: Omni-Man|fallen3|[silent]
|-item|p1a: Omni-Man|Air Balloon
|move|p2a: Darkrai|Tera Blast|p1a: Omni-Man
|-resisted|p1a: Omni-Man
|-damage|p1a: Omni-Man|73/100
|-enditem|p1a: Omni-Man|Air Balloon
|
|-heal|p2a: Darkrai|47/100|[from] item: Leftovers
|upkeep
|turn|13
|j| larp legion
|
|t:|1758970631
|-terastallize|p2a: Darkrai|Fairy
|move|p2a: Darkrai|Tera Blast|p1a: Omni-Man|[anim] Tera Blast Fairy
|-damage|p1a: Omni-Man|0 fnt
|faint|p1a: Omni-Man
|-end|p1a: Omni-Man|fallen3|[silent]
|
|-heal|p2a: Darkrai|53/100|[from] item: Leftovers
|upkeep
|c|☆LT124YH Ghoul|gg
|-message|LT124YH Ghoul forfeited.
|
|win|mcribs
|raw|LT124YH Ghoul's rating: 1992 &rarr; <strong>1962</strong><br />(-30 for losing)
|raw|mcribs's rating: 1805 &rarr; <strong>1835</strong><br />(+30 for winning)
|l|☆LT124YH Ghoul
|player|p1|
|l| cryyysneasel
|l| larp legion
|l| wgw2333
|l|☆mcribs
|player|p2|
|l| altofweordhamsyer
|l| amimec
