|badge|p2|bronze|gen9ou|100-6
|html|<div class="broadcast-red"><strong>This battle is required to be public due to one or more player having a season medal.</strong><br />During the public phase, you can discuss the state of the ladder <a href="/seasondiscussion">in a special chatroom.</a></div>
|uhtml|medal-msg|<div class="broadcast-blue">Curious what those medals under the avatar are? PS now has Ladder Seasons! For more information, check out the <a href="https://www.smogon.com/forums/threads/3740067/">thread on Smogon.</a></div>
|j|☆Omari P
|j|‽JackRG1
|t:|1759017558
|gametype|singles
|player|p1|Omari P|pokemonrangerf|1764
|player|p2|JackRG1|dawn-gen4pt|1859
|gen|9
|tier|[Gen 9] OU
|rated|
|rule|HP Percentage Mod: HP is shown in percentages
|rule|Endless Battle Clause: Forcing endless battles is banned
|rule|Species Clause: Limit one of each Pokémon
|rule|OHKO Clause: OHKO moves are banned
|rule|Evasion Items Clause: Evasion items are banned
|rule|Evasion Moves Clause: Evasion moves are banned
|rule|Evasion Abilities Clause: Evasion abilities are banned
|rule|Sleep Moves Clause: Sleep-inducing moves are banned
|clearpoke
|poke|p1|Cinderace, F|
|poke|p1|Volcanion|
|poke|p1|Torkoal, M|
|poke|p1|Mandibuzz, F|
|poke|p1|Great Tusk|
|poke|p1|Fezandipiti, M|
|poke|p2|Weezing-Galar, M|
|poke|p2|Ting-Lu|
|poke|p2|Corviknight, M|
|poke|p2|Skeledirge, M|
|poke|p2|Dragapult, M|
|poke|p2|Ogerpon-Wellspring, F|
|teampreview
|inactive|Battle timer is ON: inactive players will automatically lose when time's up. (requested by JackRG1)
|
|t:|1759017584
|teamsize|p1|6
|teamsize|p2|6
|start
|switch|p1a: Torkoal|Torkoal, M, shiny|100/100
|switch|p2a: Dragapult|Dragapult, M|100/100
|-weather|SunnyDay|[from] ability: Drought|[of] p1a: Torkoal
|turn|1
|
|t:|1759017588
|move|p2a: Dragapult|Draco Meteor|p1a: Torkoal
|-damage|p1a: Torkoal|0 fnt
|-unboost|p2a: Dragapult|spa|2
|faint|p1a: Torkoal
|
|-weather|SunnyDay|[upkeep]
|upkeep
|j| magma_man85
|inactive|Omari P has 120 seconds left.
|
|t:|1759017634
|switch|p1a: Volcanion|Volcanion|100/100
|turn|2
|
|t:|1759017638
|move|p2a: Dragapult|Draco Meteor|p1a: Volcanion
|-damage|p1a: Volcanion|51/100
|-unboost|p2a: Dragapult|spa|2
|move|p1a: Volcanion|Fire Blast|p2a: Dragapult
|-resisted|p2a: Dragapult
|-damage|p2a: Dragapult|2/100
|
|-weather|SunnyDay|[upkeep]
|upkeep
|turn|3
|
|t:|1759017647
|move|p2a: Dragapult|Draco Meteor|p1a: Volcanion
|-damage|p1a: Volcanion|19/100
|-unboost|p2a: Dragapult|spa|2
|move|p1a: Volcanion|Fire Blast|p2a: Dragapult
|-resisted|p2a: Dragapult
|-damage|p2a: Dragapult|0 fnt
|faint|p2a: Dragapult
|
|-weather|SunnyDay|[upkeep]
|upkeep
|
|t:|1759017650
|switch|p2a: Ogerpon|Ogerpon-Wellspring, F|100/100
|turn|4
|
|t:|1759017653
|switch|p1a: Omari P Bird|Mandibuzz, F, shiny|100/100
|move|p2a: Ogerpon|Knock Off|p1a: Omari P Bird
|-resisted|p1a: Omari P Bird
|-damage|p1a: Omari P Bird|90/100
|-damage|p2a: Ogerpon|84/100|[from] item: Rocky Helmet|[of] p1a: Omari P Bird
|-enditem|p1a: Omari P Bird|Rocky Helmet|[from] move: Knock Off|[of] p2a: Ogerpon
|
|-weather|SunnyDay|[upkeep]
|upkeep
|turn|5
|
|t:|1759017658
|switch|p1a: Volcanion|Volcanion|19/100
|move|p2a: Ogerpon|Spikes|p1a: Volcanion
|-sidestart|p1: Omari P|Spikes
|
|-weather|SunnyDay|[upkeep]
|upkeep
|turn|6
|
|t:|1759017662
|switch|p1a: Omari P Bird|Mandibuzz, F, shiny|90/100
|move|p2a: Ogerpon|Knock Off|p1a: Omari P Bird
|-resisted|p1a: Omari P Bird
|-damage|p1a: Omari P Bird|84/100
|
|-weather|SunnyDay|[upkeep]
|upkeep
|turn|7
|
|t:|1759017667
|switch|p2a: Weezing|Weezing-Galar, M|100/100
|-ability|p2a: Weezing|Neutralizing Gas
|move|p1a: Omari P Bird|Foul Play|p2a: Weezing
|-resisted|p2a: Weezing
|-damage|p2a: Weezing|94/100
|
|-weather|SunnyDay|[upkeep]
|upkeep
|turn|8
|
|t:|1759017682
|switch|p1a: Cinderace|Cinderace, F|100/100
|-damage|p1a: Cinderace|88/100|[from] Spikes
|move|p2a: Weezing|Sludge Bomb|p1a: Cinderace
|-damage|p1a: Cinderace|44/100
|
|-weather|none
|upkeep
|turn|9
|
|t:|1759017685
|move|p1a: Cinderace|Pyro Ball|p2a: Weezing|[miss]
|-miss|p1a: Cinderace|p2a: Weezing
|move|p2a: Weezing|Sludge Bomb|p1a: Cinderace
|-damage|p1a: Cinderace|4/100
|
|upkeep
|turn|10
|
|t:|1759017687
|move|p1a: Cinderace|Pyro Ball|p2a: Weezing|[miss]
|-miss|p1a: Cinderace|p2a: Weezing
|move|p2a: Weezing|Sludge Bomb|p1a: Cinderace
|-damage|p1a: Cinderace|0 fnt
|faint|p1a: Cinderace
|
|upkeep
|j| Nitro611
|
|t:|1759017696
|switch|p1a: Chihiro|Fezandipiti, M|100/100
|-damage|p1a: Chihiro|88/100|[from] Spikes
|turn|11
|
|t:|1759017704
|-end|p2a: Weezing|ability: Neutralizing Gas
|switch|p2a: Ting-Lu|Ting-Lu, shiny|100/100
|-ability|p2a: Ting-Lu|Vessel of Ruin
|move|p1a: Chihiro|Nasty Plot|p1a: Chihiro
|-boost|p1a: Chihiro|spa|2
|
|-heal|p1a: Chihiro|94/100|[from] item: Leftovers
|upkeep
|turn|12
|
|t:|1759017708
|-terastallize|p1a: Chihiro|Ground
|-terastallize|p2a: Ting-Lu|Fairy
|move|p1a: Chihiro|Moonblast|p2a: Ting-Lu
|-damage|p2a: Ting-Lu|69/100
|-status|p2a: Ting-Lu|tox|[from] ability: Toxic Chain|[of] p1a: Chihiro
|move|p2a: Ting-Lu|Earthquake|p1a: Chihiro
|-damage|p1a: Chihiro|55/100
|
|-heal|p1a: Chihiro|62/100|[from] item: Leftovers
|-heal|p2a: Ting-Lu|76/100 tox|[from] item: Leftovers
|-damage|p2a: Ting-Lu|69/100 tox|[from] psn
|upkeep
|turn|13
|
|t:|1759017711
|move|p1a: Chihiro|Sludge Bomb|p2a: Ting-Lu
|-supereffective|p2a: Ting-Lu
|-damage|p2a: Ting-Lu|12/100 tox
|move|p2a: Ting-Lu|Earthquake|p1a: Chihiro
|-damage|p1a: Chihiro|24/100
|
|-heal|p1a: Chihiro|30/100|[from] item: Leftovers
|-heal|p2a: Ting-Lu|18/100 tox|[from] item: Leftovers
|-damage|p2a: Ting-Lu|5/100 tox|[from] psn
|upkeep
|turn|14
|
|t:|1759017715
|move|p1a: Chihiro|Moonblast|p2a: Ting-Lu
|-damage|p2a: Ting-Lu|0 fnt
|faint|p2a: Ting-Lu
|
|-heal|p1a: Chihiro|37/100|[from] item: Leftovers
|upkeep
|
|t:|1759017717
|switch|p2a: Ogerpon|Ogerpon-Wellspring, F|84/100
|turn|15
|l| Nitro611
|
|t:|1759017720
|switch|p1a: Volcanion|Volcanion|19/100
|-damage|p1a: Volcanion|7/100|[from] Spikes
|move|p2a: Ogerpon|Ivy Cudgel|p1a: Volcanion|[anim] Ivy Cudgel Water
|-heal|p1a: Volcanion|32/100|[from] ability: Water Absorb|[of] p2a: Ogerpon
|
|upkeep
|turn|16
|
|t:|1759017722
|move|p2a: Ogerpon|Knock Off|p1a: Volcanion
|-damage|p1a: Volcanion|0 fnt
|-enditem|p1a: Volcanion|Choice Specs|[from] move: Knock Off|[of] p2a: Ogerpon
|faint|p1a: Volcanion
|
|upkeep
|
|t:|1759017725
|switch|p1a: Omari P Bird|Mandibuzz, F, shiny|84/100
|turn|17
|
|t:|1759017729
|move|p2a: Ogerpon|Ivy Cudgel|p1a: Omari P Bird|[anim] Ivy Cudgel Water
|-damage|p1a: Omari P Bird|53/100
|move|p1a: Omari P Bird|Foul Play|p2a: Ogerpon
|-damage|p2a: Ogerpon|34/100
|
|upkeep
|turn|18
|
|t:|1759017731
|move|p2a: Ogerpon|Synthesis|p2a: Ogerpon
|-heal|p2a: Ogerpon|84/100
|move|p1a: Omari P Bird|Roost|p1a: Omari P Bird
|-heal|p1a: Omari P Bird|100/100
|-singleturn|p1a: Omari P Bird|move: Roost
|
|upkeep
|turn|19
|
|t:|1759017733
|switch|p2a: Skeledirge|Skeledirge, M|100/100
|move|p1a: Omari P Bird|Foul Play|p2a: Skeledirge
|-supereffective|p2a: Skeledirge
|-damage|p2a: Skeledirge|71/100
|
|upkeep
|turn|20
|j| IM AT MY LIMIT
|
|t:|1759017735
|move|p1a: Omari P Bird|Toxic|p2a: Skeledirge|[miss]
|-miss|p1a: Omari P Bird|p2a: Skeledirge
|move|p2a: Skeledirge|Torch Song|p1a: Omari P Bird
|-damage|p1a: Omari P Bird|74/100
|-boost|p2a: Skeledirge|spa|1
|
|upkeep
|turn|21
|
|t:|1759017738
|move|p1a: Omari P Bird|Toxic|p2a: Skeledirge
|-status|p2a: Skeledirge|tox
|move|p2a: Skeledirge|Torch Song|p1a: Omari P Bird
|-damage|p1a: Omari P Bird|34/100
|-boost|p2a: Skeledirge|spa|1
|
|-damage|p2a: Skeledirge|65/100 tox|[from] psn
|upkeep
|turn|22
|
|t:|1759017740
|move|p1a: Omari P Bird|Roost|p1a: Omari P Bird
|-heal|p1a: Omari P Bird|84/100
|-singleturn|p1a: Omari P Bird|move: Roost
|move|p2a: Skeledirge|Torch Song|p1a: Omari P Bird
|-damage|p1a: Omari P Bird|38/100
|-boost|p2a: Skeledirge|spa|1
|
|-damage|p2a: Skeledirge|53/100 tox|[from] psn
|upkeep
|turn|23
|
|t:|1759017742
|move|p1a: Omari P Bird|Foul Play|p2a: Skeledirge
|-supereffective|p2a: Skeledirge
|-damage|p2a: Skeledirge|20/100 tox
|move|p2a: Skeledirge|Torch Song|p1a: Omari P Bird
|-damage|p1a: Omari P Bird|0 fnt
|-boost|p2a: Skeledirge|spa|1
|faint|p1a: Omari P Bird
|
|-damage|p2a: Skeledirge|2/100 tox|[from] psn
|upkeep
|
|t:|1759017745
|switch|p1a: Chihiro|Fezandipiti, M, tera:Ground|37/100
|-damage|p1a: Chihiro|24/100|[from] Spikes
|turn|24
|
|t:|1759017747
|move|p1a: Chihiro|Moonblast|p2a: Skeledirge
|-resisted|p2a: Skeledirge
|-damage|p2a: Skeledirge|0 fnt
|faint|p2a: Skeledirge
|
|-heal|p1a: Chihiro|30/100|[from] item: Leftovers
|upkeep
|
|t:|1759017749
|switch|p2a: Ogerpon|Ogerpon-Wellspring, F|84/100
|turn|25
|j| Nitro611
|j| larp legion
|
|t:|1759017767
|move|p2a: Ogerpon|Ivy Cudgel|p1a: Chihiro|[anim] Ivy Cudgel Water
|-supereffective|p1a: Chihiro
|-damage|p1a: Chihiro|0 fnt
|faint|p1a: Chihiro
|
|upkeep
|
|t:|1759017768
|switch|p1a: Haku|Great Tusk, shiny|100/100
|-damage|p1a: Haku|88/100|[from] Spikes
|turn|26
|
|t:|1759017770
|move|p1a: Haku|Close Combat|p2a: Ogerpon
|-damage|p2a: Ogerpon|6/100
|-unboost|p1a: Haku|def|1
|-unboost|p1a: Haku|spd|1
|move|p2a: Ogerpon|Ivy Cudgel|p1a: Haku|[anim] Ivy Cudgel Water
|-supereffective|p1a: Haku
|-damage|p1a: Haku|0 fnt
|faint|p1a: Haku
|-end|p1a: Haku|Protosynthesis|[silent]
|
|win|JackRG1
|raw|Omari P's rating: 1764 &rarr; <strong>1749</strong><br />(-15 for losing)
|raw|JackRG1's rating: 1859 &rarr; <strong>1874</strong><br />(+15 for winning)
|l|‽JackRG1
|player|p2|
