|j|☆cookbayz
|j|☆loulsaiyantests
|t:|1759067156
|gametype|singles
|player|p1|cookbayz|sailor-gen3rs|1124
|player|p2|loulsaiyantests|hiker-gen4|1144
|gen|9
|tier|[Gen 9] OU
|rated|
|rule|HP Percentage Mod: HP is shown in percentages
|rule|Endless Battle Clause: Forcing endless battles is banned
|rule|Species Clause: Limit one of each Pokémon
|rule|OHKO Clause: OHKO moves are banned
|rule|Evasion Items Clause: Evasion items are banned
|rule|Evasion Moves Clause: Evasion moves are banned
|rule|Evasion Abilities Clause: Evasion abilities are banned
|rule|Sleep Moves Clause: Sleep-inducing moves are banned
|clearpoke
|poke|p1|Cinderace, M|
|poke|p1|Kyurem|
|poke|p1|Corviknight, F|
|poke|p1|Serperior, F|
|poke|p1|Dragonite, M|
|poke|p1|Slowking-Galar, F|
|poke|p2|Regice|
|poke|p2|Ribombee, M|
|poke|p2|Dragapult, M|
|poke|p2|Kingambit, M|
|poke|p2|Iron Valiant|
|poke|p2|Great Tusk|
|teampreview
|inactive|Battle timer is ON: inactive players will automatically lose when time's up. (requested by loulsaiyantests)
|inactive|cookbayz also wants the timer to be on.
|c|☆loulsaiyantests|glhf
|c|☆cookbayz|u2
|
|t:|1759067186
|teamsize|p1|6
|teamsize|p2|6
|start
|switch|p1a: BI vọt|Cinderace, M|100/100
|switch|p2a: Toothless|Dragapult, M, shiny|100/100
|turn|1
|
|t:|1759067197
|-terastallize|p2a: Toothless|Ghost
|move|p2a: Toothless|Tera Blast|p1a: BI vọt|[anim] Tera Blast Ghost
|-damage|p1a: BI vọt|10/100
|move|p1a: BI vọt|Will-O-Wisp|p2a: Toothless
|-status|p2a: Toothless|brn
|
|-damage|p2a: Toothless|95/100 brn|[from] brn
|upkeep
|turn|2
|l|☆cookbayz
|inactive|cookbayz disconnected and has a minute to reconnect!
|player|p1|
|j|☆cookbayz
|inactive|cookbayz reconnected and has 110 seconds left.
|player|p1|cookbayz|sailor-gen3rs|
|
|t:|1759067247
|move|p2a: Toothless|Tera Blast|p1a: BI vọt|[anim] Tera Blast Ghost
|-damage|p1a: BI vọt|0 fnt
|faint|p1a: BI vọt
|
|-damage|p2a: Toothless|89/100 brn|[from] brn
|upkeep
|
|t:|1759067253
|switch|p1a: Sợ nhiều thứ|Serperior, F|100/100
|turn|3
|
|t:|1759067267
|switch|p2a: Matpat|Regice, shiny|100/100
|move|p1a: Sợ nhiều thứ|Leaf Storm|p2a: Matpat
|-damage|p2a: Matpat|75/100
|-boost|p1a: Sợ nhiều thứ|spa|2
|
|-heal|p2a: Matpat|82/100|[from] item: Leftovers
|upkeep
|turn|4
|inactive|cookbayz has 120 seconds left.
|
|t:|1759067279
|switch|p2a: MielPops|Ribombee, M, shiny|100/100
|move|p1a: Sợ nhiều thứ|Leaf Storm|p2a: MielPops
|-resisted|p2a: MielPops
|-damage|p2a: MielPops|38/100
|-boost|p1a: Sợ nhiều thứ|spa|2
|
|upkeep
|turn|5
|
|t:|1759067288
|move|p2a: MielPops|Light Screen|p2a: MielPops
|-sidestart|p2: loulsaiyantests|move: Light Screen
|move|p1a: Sợ nhiều thứ|Tera Blast|p2a: MielPops
|-damage|p2a: MielPops|0 fnt
|faint|p2a: MielPops
|
|upkeep
|
|t:|1759067316
|switch|p2a: Sauce Harissa|Iron Valiant, shiny|100/100
|-enditem|p2a: Sauce Harissa|Booster Energy
|-activate|p2a: Sauce Harissa|ability: Quark Drive|[fromitem]
|-start|p2a: Sauce Harissa|quarkdrivespe
|turn|6
|
|t:|1759067331
|move|p2a: Sauce Harissa|Moonblast|p1a: Sợ nhiều thứ
|-damage|p1a: Sợ nhiều thứ|46/100
|move|p1a: Sợ nhiều thứ|Leaf Storm|p2a: Sauce Harissa
|-damage|p2a: Sauce Harissa|0 fnt
|-boost|p1a: Sợ nhiều thứ|spa|2
|faint|p2a: Sauce Harissa
|-end|p2a: Sauce Harissa|Quark Drive|[silent]
|
|-heal|p1a: Sợ nhiều thứ|52/100|[from] item: Leftovers
|upkeep
|inactive|loulsaiyantests has 120 seconds left.
|
|t:|1759067347
|switch|p2a: Toothless|Dragapult, M, shiny, tera:Ghost|89/100 brn
|turn|7
|
|t:|1759067351
|move|p2a: Toothless|Tera Blast|p1a: Sợ nhiều thứ|[anim] Tera Blast Ghost
|-damage|p1a: Sợ nhiều thứ|2/100
|move|p1a: Sợ nhiều thứ|Leaf Storm|p2a: Toothless
|-damage|p2a: Toothless|0 fnt
|faint|p2a: Toothless
|
|-heal|p1a: Sợ nhiều thứ|8/100|[from] item: Leftovers
|upkeep
|
|t:|1759067359
|switch|p2a: Choi|Kingambit, M, shiny|100/100
|-activate|p2a: Choi|ability: Supreme Overlord
|-start|p2a: Choi|fallen3|[silent]
|turn|8
|
|t:|1759067375
|move|p2a: Choi|Sucker Punch||[still]
|-fail|p2a: Choi
|move|p1a: Sợ nhiều thứ|Glare|p2a: Choi
|-status|p2a: Choi|par
|
|-heal|p1a: Sợ nhiều thứ|14/100|[from] item: Leftovers
|upkeep
|turn|9
|
|t:|1759067382
|switch|p1a: Đếch sợ vật lí|Corviknight, F|100/100
|-ability|p1a: Đếch sợ vật lí|Pressure
|move|p2a: Choi|Sucker Punch||[still]
|-fail|p2a: Choi
|
|upkeep
|turn|10
|
|t:|1759067388
|-end|p2a: Choi|fallen3|[silent]
|switch|p2a: Sauce Blanche|Great Tusk, shiny|100/100
|-enditem|p2a: Sauce Blanche|Booster Energy
|-activate|p2a: Sauce Blanche|ability: Protosynthesis|[fromitem]
|-start|p2a: Sauce Blanche|protosynthesisdef
|move|p1a: Đếch sợ vật lí|Iron Defense|p1a: Đếch sợ vật lí
|-boost|p1a: Đếch sợ vật lí|def|2
|
|upkeep
|turn|11
|
|t:|1759067400
|move|p2a: Sauce Blanche|Stealth Rock|p1a: Đếch sợ vật lí
|-sidestart|p1: cookbayz|move: Stealth Rock
|move|p1a: Đếch sợ vật lí|Iron Defense|p1a: Đếch sợ vật lí
|-boost|p1a: Đếch sợ vật lí|def|2
|
|upkeep
|turn|12
|
|t:|1759067412
|-end|p2a: Sauce Blanche|Protosynthesis|[silent]
|switch|p2a: Matpat|Regice, shiny|82/100
|move|p1a: Đếch sợ vật lí|Iron Defense|p1a: Đếch sợ vật lí
|-boost|p1a: Đếch sợ vật lí|def|2
|
|-heal|p2a: Matpat|88/100|[from] item: Leftovers
|-sideend|p2: loulsaiyantests|move: Light Screen
|upkeep
|turn|13
|
|t:|1759067427
|move|p1a: Đếch sợ vật lí|Body Press|p2a: Matpat
|-supereffective|p2a: Matpat
|-damage|p2a: Matpat|0 fnt
|faint|p2a: Matpat
|
|upkeep
|-message|loulsaiyantests forfeited.
|
|win|cookbayz
|raw|cookbayz's rating: 1124 &rarr; <strong>1150</strong><br />(+26 for winning)
|raw|loulsaiyantests's rating: 1144 &rarr; <strong>1118</strong><br />(-26 for losing)
|l|☆loulsaiyantests
|player|p2|
|l|☆cookbayz
|player|p1|
