|j|☆SparcoGTR
|j|☆lv0ry
|t:|1758956365
|gametype|singles
|player|p1|SparcoGTR|lucas|1270
|player|p2|lv0ry|102|1282
|gen|9
|tier|[Gen 9] OU
|rated|
|rule|HP Percentage Mod: HP is shown in percentages
|rule|Endless Battle Clause: Forcing endless battles is banned
|rule|Species Clause: Limit one of each Pokémon
|rule|OHKO Clause: OHKO moves are banned
|rule|Evasion Items Clause: Evasion items are banned
|rule|Evasion Moves Clause: Evasion moves are banned
|rule|Evasion Abilities Clause: Evasion abilities are banned
|rule|Sleep Moves Clause: Sleep-inducing moves are banned
|clearpoke
|poke|p1|Ribombee, M|
|poke|p1|Garchomp, M|
|poke|p1|Gengar, F|
|poke|p1|Weavile, F|
|poke|p1|Iron Moth|
|poke|p1|Darkrai|
|poke|p2|Eelektross, F|
|poke|p2|Deoxys-Speed|
|poke|p2|Iron Valiant|
|poke|p2|Pecharunt|
|poke|p2|Dragonite, M|
|poke|p2|Kingambit, F|
|teampreview
|inactive|Battle timer is ON: inactive players will automatically lose when time's up. (requested by SparcoGTR)
|
|t:|1758956376
|teamsize|p1|6
|teamsize|p2|6
|start
|switch|p1a: Ribombee|Ribombee, M|100/100
|switch|p2a: Deoxys|Deoxys-Speed|100/100
|-ability|p2a: Deoxys|Pressure
|turn|1
|
|t:|1758956389
|move|p2a: Deoxys|Taunt|p1a: Ribombee
|-start|p1a: Ribombee|move: Taunt
|cant|p1a: Ribombee|move: Taunt|Sticky Web
|
|upkeep
|turn|2
|
|t:|1758956395
|move|p2a: Deoxys|Light Screen|p2a: Deoxys
|-sidestart|p2: lv0ry|move: Light Screen
|move|p1a: Ribombee|Moonblast|p2a: Deoxys
|-damage|p2a: Deoxys|77/100
|
|upkeep
|turn|3
|
|t:|1758956402
|move|p2a: Deoxys|Stealth Rock|p1a: Ribombee
|-sidestart|p1: SparcoGTR|move: Stealth Rock
|move|p1a: Ribombee|Moonblast|p2a: Deoxys
|-damage|p2a: Deoxys|52/100
|-unboost|p2a: Deoxys|spa|1
|
|-end|p1a: Ribombee|move: Taunt
|upkeep
|turn|4
|
|t:|1758956415
|move|p2a: Deoxys|Taunt|p1a: Ribombee
|-start|p1a: Ribombee|move: Taunt
|move|p1a: Ribombee|Moonblast|p2a: Deoxys
|-damage|p2a: Deoxys|27/100
|
|upkeep
|turn|5
|
|t:|1758956422
|move|p2a: Deoxys|Reflect|p2a: Deoxys
|-sidestart|p2: lv0ry|Reflect
|move|p1a: Ribombee|Moonblast|p2a: Deoxys
|-damage|p2a: Deoxys|1/100
|
|upkeep
|turn|6
|
|t:|1758956443
|switch|p2a: Eelektross|Eelektross, F|100/100
|move|p1a: Ribombee|Moonblast|p2a: Eelektross
|-damage|p2a: Eelektross|84/100
|-unboost|p2a: Eelektross|spa|1
|
|-heal|p2a: Eelektross|90/100|[from] item: Leftovers
|-end|p1a: Ribombee|move: Taunt
|upkeep
|turn|7
|
|t:|1758956454
|move|p1a: Ribombee|Sticky Web|p2a: Eelektross
|-sidestart|p2: lv0ry|move: Sticky Web
|move|p2a: Eelektross|Coil|p2a: Eelektross
|-boost|p2a: Eelektross|atk|1
|-boost|p2a: Eelektross|def|1
|-boost|p2a: Eelektross|accuracy|1
|
|-heal|p2a: Eelektross|96/100|[from] item: Leftovers
|upkeep
|turn|8
|
|t:|1758956464
|move|p1a: Ribombee|Stun Spore|p2a: Eelektross
|-immune|p2a: Eelektross
|move|p2a: Eelektross|Coil|p2a: Eelektross
|-boost|p2a: Eelektross|atk|1
|-boost|p2a: Eelektross|def|1
|-boost|p2a: Eelektross|accuracy|1
|
|-heal|p2a: Eelektross|100/100|[from] item: Leftovers
|upkeep
|turn|9
|
|t:|1758956474
|move|p1a: Ribombee|Switcheroo|p2a: Eelektross
|-activate|p1a: Ribombee|move: Trick|[of] p2a: Eelektross
|-item|p2a: Eelektross|Focus Sash|[from] move: Switcheroo
|-item|p1a: Ribombee|Leftovers|[from] move: Switcheroo
|move|p2a: Eelektross|Supercell Slam|p1a: Ribombee
|-damage|p1a: Ribombee|0 fnt
|faint|p1a: Ribombee
|
|-sideend|p2: lv0ry|move: Light Screen
|upkeep
|
|t:|1758956482
|switch|p1a: Garchomp|Garchomp, M|100/100
|-damage|p1a: Garchomp|94/100|[from] Stealth Rock
|turn|10
|
|t:|1758956503
|move|p1a: Garchomp|Swords Dance|p1a: Garchomp
|-boost|p1a: Garchomp|atk|2
|move|p2a: Eelektross|Dragon Tail|p1a: Garchomp
|-supereffective|p1a: Garchomp
|-damage|p1a: Garchomp|32/100
|-damage|p2a: Eelektross|88/100|[from] ability: Rough Skin|[of] p1a: Garchomp
|drag|p1a: Gengar|Gengar, F|100/100
|-damage|p1a: Gengar|88/100|[from] Stealth Rock
|
|upkeep
|turn|11
|
|t:|1758956520
|move|p1a: Gengar|Sludge Wave|p2a: Eelektross
|-damage|p2a: Eelektross|32/100
|-status|p2a: Eelektross|psn
|-damage|p1a: Gengar|78/100|[from] item: Life Orb
|move|p2a: Eelektross|Dragon Tail|p1a: Gengar
|-damage|p1a: Gengar|20/100
|drag|p1a: Weavile|Weavile, F|100/100
|-ability|p1a: Weavile|Pressure
|
|-damage|p2a: Eelektross|19/100 psn|[from] psn
|upkeep
|turn|12
|
|t:|1758956536
|move|p1a: Weavile|Triple Axel|p2a: Eelektross
|-damage|p2a: Eelektross|16/100 psn
|-damage|p2a: Eelektross|10/100 psn
|-damage|p2a: Eelektross|2/100 psn
|-hitcount|p2a: Eelektross|3
|move|p2a: Eelektross|Drain Punch|p1a: Weavile
|-supereffective|p1a: Weavile
|-damage|p1a: Weavile|0 fnt
|-heal|p2a: Eelektross|40/100 psn|[from] drain|[of] p1a: Weavile
|faint|p1a: Weavile
|
|-damage|p2a: Eelektross|28/100 psn|[from] psn
|-sideend|p2: lv0ry|Reflect
|upkeep
|inactive|SparcoGTR has 120 seconds left.
|
|t:|1758956558
|switch|p1a: Gengar|Gengar, F|20/100
|-damage|p1a: Gengar|7/100|[from] Stealth Rock
|turn|13
|inactive|SparcoGTR has 120 seconds left.
|
|t:|1758956566
|move|p1a: Gengar|Shadow Ball|p2a: Eelektross
|-damage|p2a: Eelektross|0 fnt
|faint|p2a: Eelektross
|-damage|p1a: Gengar|0 fnt|[from] item: Life Orb
|faint|p1a: Gengar
|
|upkeep
|inactive|SparcoGTR has 120 seconds left.
|
|t:|1758956585
|switch|p1a: Garchomp|Garchomp, M|32/100
|switch|p2a: Deoxys|Deoxys-Speed|1/100
|-activate|p2a: Deoxys|move: Sticky Web
|-unboost|p2a: Deoxys|spe|1
|-ability|p2a: Deoxys|Pressure
|-damage|p1a: Garchomp|25/100|[from] Stealth Rock
|turn|14
|inactive|SparcoGTR has 120 seconds left.
|inactive|SparcoGTR has 90 seconds left.
|
|t:|1758956629
|move|p2a: Deoxys|Taunt|p1a: Garchomp
|-start|p1a: Garchomp|move: Taunt
|cant|p1a: Garchomp|move: Taunt|Swords Dance
|
|upkeep
|turn|15
|
|t:|1758956641
|move|p2a: Deoxys|Reflect|p2a: Deoxys
|-sidestart|p2: lv0ry|Reflect
|move|p1a: Garchomp|Poison Jab|p2a: Deoxys
|-damage|p2a: Deoxys|0 fnt
|faint|p2a: Deoxys
|
|upkeep
|inactive|lv0ry has 120 seconds left.
|
|t:|1758956662
|switch|p2a: Iron Valiant|Iron Valiant|100/100
|-activate|p2a: Iron Valiant|move: Sticky Web
|-unboost|p2a: Iron Valiant|spe|1
|-enditem|p2a: Iron Valiant|Booster Energy
|-activate|p2a: Iron Valiant|ability: Quark Drive|[fromitem]
|-start|p2a: Iron Valiant|quarkdrivespa
|turn|16
|
|t:|1758956675
|move|p1a: Garchomp|Poison Jab|p2a: Iron Valiant
|-supereffective|p2a: Iron Valiant
|-damage|p2a: Iron Valiant|67/100
|move|p2a: Iron Valiant|Moonblast|p1a: Garchomp
|-supereffective|p1a: Garchomp
|-damage|p1a: Garchomp|0 fnt
|faint|p1a: Garchomp
|
|upkeep
|
|t:|1758956686
|switch|p1a: Iron Moth|Iron Moth|100/100
|-damage|p1a: Iron Moth|76/100|[from] Stealth Rock
|-enditem|p1a: Iron Moth|Booster Energy
|-activate|p1a: Iron Moth|ability: Quark Drive|[fromitem]
|-start|p1a: Iron Moth|quarkdrivespe
|turn|17
|inactive|SparcoGTR has 90 seconds left.
|
|t:|1758956701
|-terastallize|p2a: Iron Valiant|Ghost
|move|p1a: Iron Moth|Sludge Wave|p2a: Iron Valiant
|-resisted|p2a: Iron Valiant
|-damage|p2a: Iron Valiant|28/100
|move|p2a: Iron Valiant|Shadow Ball|p1a: Iron Moth
|-damage|p1a: Iron Moth|19/100
|
|upkeep
|turn|18
|
|t:|1758956710
|move|p1a: Iron Moth|Fiery Dance|p2a: Iron Valiant
|-damage|p2a: Iron Valiant|0 fnt
|-boost|p1a: Iron Moth|spa|1
|faint|p2a: Iron Valiant
|-end|p2a: Iron Valiant|Quark Drive|[silent]
|
|upkeep
|
|t:|1758956716
|switch|p2a: Dragonite|Dragonite, M|100/100
|turn|19
|
|t:|1758956724
|move|p2a: Dragonite|Extreme Speed|p1a: Iron Moth
|-damage|p1a: Iron Moth|0 fnt
|faint|p1a: Iron Moth
|-end|p1a: Iron Moth|Quark Drive|[silent]
|
|upkeep
|
|t:|1758956726
|switch|p1a: Darkrai|Darkrai|100/100
|-damage|p1a: Darkrai|88/100|[from] Stealth Rock
|turn|20
|
|t:|1758956738
|move|p1a: Darkrai|Ice Beam|p2a: Dragonite
|-supereffective|p2a: Dragonite
|-damage|p2a: Dragonite|10/100
|-damage|p1a: Darkrai|78/100|[from] item: Life Orb
|move|p2a: Dragonite|Earthquake|p1a: Darkrai
|-damage|p1a: Darkrai|22/100
|
|upkeep
|turn|21
|
|t:|1758956751
|-terastallize|p1a: Darkrai|Fighting
|move|p2a: Dragonite|Extreme Speed|p1a: Darkrai
|-damage|p1a: Darkrai|0 fnt
|faint|p1a: Darkrai
|
|win|lv0ry
|raw|SparcoGTR's rating: 1270 &rarr; <strong>1246</strong><br />(-24 for losing)
|raw|lv0ry's rating: 1282 &rarr; <strong>1306</strong><br />(+24 for winning)
|l|☆SparcoGTR
|player|p1|
|l|☆lv0ry
|player|p2|
