|j|☆FireWolf89
|j|☆shitmon_advocate
|t:|1759035584
|gametype|singles
|player|p1|FireWolf89|psychic-gen4|1468
|player|p2|shitmon_advocate|miku-psychic|1526
|gen|9
|tier|[Gen 9] OU
|rated|
|rule|HP Percentage Mod: HP is shown in percentages
|rule|Endless Battle Clause: Forcing endless battles is banned
|rule|Species Clause: Limit one of each Pokémon
|rule|OHKO Clause: OHKO moves are banned
|rule|Evasion Items Clause: Evasion items are banned
|rule|Evasion Moves Clause: Evasion moves are banned
|rule|Evasion Abilities Clause: Evasion abilities are banned
|rule|Sleep Moves Clause: Sleep-inducing moves are banned
|clearpoke
|poke|p1|Iron Valiant|
|poke|p1|Slowking-Galar, L99, F|
|poke|p1|Samurott-Hisui, F|
|poke|p1|Gliscor, F|
|poke|p1|Dragapult, F|
|poke|p1|Clefable, F|
|poke|p2|Meowscarada, F|
|poke|p2|Slowking-Galar, M|
|poke|p2|Alomomola, M|
|poke|p2|Skarmory, M|
|poke|p2|Ting-Lu|
|poke|p2|Skeledirge, M|
|teampreview
|inactive|Battle timer is ON: inactive players will automatically lose when time's up. (requested by FireWolf89)
|
|t:|1759035611
|teamsize|p1|6
|teamsize|p2|6
|start
|switch|p1a: Rifle|Gliscor, F|100/100
|switch|p2a: Skarmory|Skarmory, M|100/100
|turn|1
|inactive|FireWolf89 has 120 seconds left.
|
|t:|1759035651
|move|p1a: Rifle|Facade|p2a: Skarmory
|-resisted|p2a: Skarmory
|-damage|p2a: Skarmory|96/100
|-damage|p1a: Rifle|84/100|[from] item: Rocky Helmet|[of] p2a: Skarmory
|move|p2a: Skarmory|Spikes|p1a: Rifle
|-sidestart|p1: FireWolf89|Spikes
|
|-status|p1a: Rifle|tox|[from] item: Toxic Orb
|upkeep
|turn|2
|
|t:|1759035657
|switch|p1a: Flag|Dragapult, F|100/100
|move|p2a: Skarmory|Spikes|p1a: Flag
|-sidestart|p1: FireWolf89|Spikes
|
|upkeep
|turn|3
|inactive|FireWolf89 has 120 seconds left.
|
|t:|1759035666
|switch|p2a: Skeledirge|Skeledirge, M|100/100
|move|p1a: Flag|Will-O-Wisp|p2a: Skeledirge|[miss]
|-miss|p1a: Flag|p2a: Skeledirge
|
|upkeep
|turn|4
|
|t:|1759035688
|move|p1a: Flag|U-turn|p2a: Skeledirge
|-resisted|p2a: Skeledirge
|-damage|p2a: Skeledirge|97/100
|
|t:|1759035696
|switch|p1a: Airblade|Samurott-Hisui, F|100/100|[from] U-turn
|-damage|p1a: Airblade|84/100|[from] Spikes
|move|p2a: Skeledirge|Scorching Sands|p1a: Airblade
|-damage|p1a: Airblade|71/100
|
|upkeep
|turn|5
|
|t:|1759035706
|switch|p2a: Skarmory|Skarmory, M|96/100
|move|p1a: Airblade|Knock Off|p2a: Skarmory
|-damage|p2a: Skarmory|70/100
|-damage|p1a: Airblade|54/100|[from] item: Rocky Helmet|[of] p2a: Skarmory
|-enditem|p2a: Skarmory|Rocky Helmet|[from] move: Knock Off|[of] p1a: Airblade
|
|upkeep
|turn|6
|
|t:|1759035713
|move|p1a: Airblade|Ceaseless Edge|p2a: Skarmory
|-damage|p2a: Skarmory|46/100
|-sidestart|p2: shitmon_advocate|Spikes
|move|p2a: Skarmory|Spikes|p1a: Airblade
|-sidestart|p1: FireWolf89|Spikes
|
|upkeep
|turn|7
|
|t:|1759035719
|move|p1a: Airblade|Ceaseless Edge|p2a: Skarmory
|-damage|p2a: Skarmory|23/100
|-sidestart|p2: shitmon_advocate|Spikes
|move|p2a: Skarmory|Roost|p2a: Skarmory
|-heal|p2a: Skarmory|73/100
|-singleturn|p2a: Skarmory|move: Roost
|
|upkeep
|turn|8
|
|t:|1759035743
|switch|p1a: Swing|Slowking-Galar, L99, F|100/100
|switch|p2a: Ting-Lu|Ting-Lu|100/100
|-damage|p2a: Ting-Lu|84/100|[from] Spikes
|-ability|p2a: Ting-Lu|Vessel of Ruin
|
|-heal|p2a: Ting-Lu|90/100|[from] item: Leftovers
|upkeep
|turn|9
|
|t:|1759035747
|move|p2a: Ting-Lu|Stealth Rock|p1a: Swing
|-sidestart|p1: FireWolf89|move: Stealth Rock
|move|p1a: Swing|Future Sight|p2a: Ting-Lu
|-start|p1a: Swing|move: Future Sight
|
|-heal|p2a: Ting-Lu|96/100|[from] item: Leftovers
|upkeep
|turn|10
|
|t:|1759035759
|switch|p1a: Rifle|Gliscor, F|84/100 tox
|-damage|p1a: Rifle|72/100 tox|[from] Stealth Rock
|move|p2a: Ting-Lu|Ruination|p1a: Rifle
|-damage|p1a: Rifle|36/100 tox
|
|-heal|p2a: Ting-Lu|100/100|[from] item: Leftovers
|-heal|p1a: Rifle|49/100 tox|[from] ability: Poison Heal
|upkeep
|turn|11
|
|t:|1759035771
|move|p1a: Rifle|Facade|p2a: Ting-Lu
|-damage|p2a: Ting-Lu|85/100
|move|p2a: Ting-Lu|Whirlwind|p1a: Rifle
|drag|p1a: Flag|Dragapult, F|100/100
|
|-end|p2a: Ting-Lu|move: Future Sight
|-immune|p2a: Ting-Lu
|-heal|p2a: Ting-Lu|91/100|[from] item: Leftovers
|upkeep
|turn|12
|
|t:|1759035785
|switch|p2a: Skeledirge|Skeledirge, M|97/100
|move|p1a: Flag|U-turn|p2a: Skeledirge
|-resisted|p2a: Skeledirge
|-damage|p2a: Skeledirge|94/100
|
|t:|1759035795
|switch|p1a: Swing|Slowking-Galar, L99, F|100/100|[from] U-turn
|
|upkeep
|turn|13
|
|t:|1759035805
|move|p2a: Skeledirge|Scorching Sands|p1a: Swing
|-supereffective|p1a: Swing
|-damage|p1a: Swing|81/100
|-prepare|p1a: Swing|Chilly Reception|[premajor]
|move|p1a: Swing|Chilly Reception|p1a: Swing
|-weather|Snowscape
|
|t:|1759035815
|switch|p1a: Flag|Dragapult, F|100/100|[from] Chilly Reception
|
|-weather|Snowscape|[upkeep]
|upkeep
|turn|14
|
|t:|1759035820
|move|p1a: Flag|Hex|p2a: Skeledirge
|-supereffective|p2a: Skeledirge
|-damage|p2a: Skeledirge|56/100
|move|p2a: Skeledirge|Scorching Sands|p1a: Flag
|-damage|p1a: Flag|75/100
|
|-weather|Snowscape|[upkeep]
|upkeep
|turn|15
|
|t:|1759035827
|move|p1a: Flag|U-turn|p2a: Skeledirge
|-resisted|p2a: Skeledirge
|-damage|p2a: Skeledirge|53/100
|
|t:|1759035829
|switch|p1a: Swing|Slowking-Galar, L99, F|100/100|[from] U-turn
|move|p2a: Skeledirge|Slack Off|p2a: Skeledirge
|-heal|p2a: Skeledirge|100/100
|
|-weather|Snowscape|[upkeep]
|upkeep
|turn|16
|
|t:|1759035833
|move|p2a: Skeledirge|Torch Song|p1a: Swing
|-damage|p1a: Swing|83/100
|-boost|p2a: Skeledirge|spa|1
|move|p1a: Swing|Toxic|p2a: Skeledirge
|-status|p2a: Skeledirge|tox
|
|-weather|Snowscape|[upkeep]
|-damage|p2a: Skeledirge|94/100 tox|[from] psn
|upkeep
|turn|17
|
|t:|1759035843
|move|p2a: Skeledirge|Scorching Sands|p1a: Swing
|-supereffective|p1a: Swing
|-damage|p1a: Swing|50/100
|move|p1a: Swing|Future Sight|p2a: Skeledirge
|-start|p1a: Swing|move: Future Sight
|
|-weather|none
|-damage|p2a: Skeledirge|82/100 tox|[from] psn
|upkeep
|turn|18
|
|t:|1759035853
|switch|p1a: Rifle|Gliscor, F|49/100 tox
|-damage|p1a: Rifle|36/100 tox|[from] Stealth Rock
|move|p2a: Skeledirge|Torch Song|p1a: Rifle
|-damage|p1a: Rifle|0 fnt
|-boost|p2a: Skeledirge|spa|1
|faint|p1a: Rifle
|
|-damage|p2a: Skeledirge|64/100 tox|[from] psn
|upkeep
|inactive|FireWolf89 has 120 seconds left.
|
|t:|1759035898
|switch|p1a: Swing|Slowking-Galar, L99, F|84/100
|turn|19
|
|t:|1759035904
|move|p2a: Skeledirge|Scorching Sands|p1a: Swing
|-supereffective|p1a: Swing
|-damage|p1a: Swing|40/100
|-prepare|p1a: Swing|Chilly Reception|[premajor]
|move|p1a: Swing|Chilly Reception|p1a: Swing
|-weather|Snowscape
|
|t:|1759035911
|switch|p1a: Flag|Dragapult, F|75/100|[from] Chilly Reception
|
|-weather|Snowscape|[upkeep]
|-end|p2a: Skeledirge|move: Future Sight
|-damage|p2a: Skeledirge|35/100 tox
|-damage|p2a: Skeledirge|10/100 tox|[from] psn
|upkeep
|turn|20
|inactive|FireWolf89 has 120 seconds left.
|
|t:|1759035921
|move|p1a: Flag|Draco Meteor|p2a: Skeledirge
|-damage|p2a: Skeledirge|0 fnt
|-unboost|p1a: Flag|spa|2
|faint|p2a: Skeledirge
|
|-weather|Snowscape|[upkeep]
|upkeep
|
|t:|1759035930
|switch|p2a: Slowking|Slowking-Galar, M|100/100
|turn|21
|
|t:|1759035933
|move|p1a: Flag|U-turn|p2a: Slowking
|-damage|p2a: Slowking|83/100
|
|t:|1759035935
|switch|p1a: Airblade|Samurott-Hisui, F|54/100|[from] U-turn
|-damage|p1a: Airblade|29/100|[from] Spikes
|-damage|p1a: Airblade|17/100|[from] Stealth Rock
|move|p2a: Slowking|Toxic|p1a: Airblade
|-status|p1a: Airblade|tox
|
|-weather|Snowscape|[upkeep]
|-damage|p1a: Airblade|11/100 tox|[from] psn
|upkeep
|turn|22
|
|t:|1759035946
|switch|p2a: Alomomola|Alomomola, M|100/100
|move|p1a: Airblade|Razor Shell|p2a: Alomomola
|-resisted|p2a: Alomomola
|-damage|p2a: Alomomola|85/100
|-unboost|p2a: Alomomola|def|1
|
|-weather|Snowscape|[upkeep]
|-damage|p1a: Airblade|0 fnt|[from] psn
|faint|p1a: Airblade
|upkeep
|
|t:|1759035955
|switch|p1a: Swing|Slowking-Galar, L99, F|74/100
|turn|23
|
|t:|1759035963
|move|p2a: Alomomola|Wish|p2a: Alomomola
|move|p1a: Swing|Future Sight|p2a: Alomomola
|-start|p1a: Swing|move: Future Sight
|
|-weather|none
|upkeep
|turn|24
|
|t:|1759035973
|move|p2a: Alomomola|Flip Turn|p1a: Swing
|-damage|p1a: Swing|57/100
|
|t:|1759035975
|switch|p2a: Ting-Lu|Ting-Lu|91/100|[from] Flip Turn
|-damage|p2a: Ting-Lu|75/100|[from] Spikes
|-ability|p2a: Ting-Lu|Vessel of Ruin
|move|p1a: Swing|Toxic|p2a: Ting-Lu
|-status|p2a: Ting-Lu|tox
|
|-heal|p2a: Ting-Lu|100/100 tox|[from] move: Wish|[wisher] Alomomola
|-damage|p2a: Ting-Lu|94/100 tox|[from] psn
|upkeep
|turn|25
|
|t:|1759035984
|switch|p1a: Dance|Clefable, F|100/100
|move|p2a: Ting-Lu|Whirlwind|p1a: Dance
|drag|p1a: Sabre|Iron Valiant|100/100
|
|-end|p2a: Ting-Lu|move: Future Sight
|-immune|p2a: Ting-Lu
|-heal|p2a: Ting-Lu|100/100 tox|[from] item: Leftovers
|-damage|p2a: Ting-Lu|88/100 tox|[from] psn
|upkeep
|turn|26
|
|t:|1759035996
|move|p1a: Sabre|Close Combat|p2a: Ting-Lu
|-supereffective|p2a: Ting-Lu
|-crit|p2a: Ting-Lu
|-damage|p2a: Ting-Lu|0 fnt
|-unboost|p1a: Sabre|def|1
|-unboost|p1a: Sabre|spd|1
|faint|p2a: Ting-Lu
|
|upkeep
|
|t:|1759035999
|switch|p2a: Meowscarada|Meowscarada, F|100/100
|turn|27
|
|t:|1759036011
|-end|p1a: Sabre|Quark Drive|[silent]
|switch|p1a: Dance|Clefable, F|100/100
|-terastallize|p2a: Meowscarada|Grass
|move|p2a: Meowscarada|Flower Trick|p1a: Dance
|-crit|p1a: Dance
|-damage|p1a: Dance|47/100
|
|upkeep
|turn|28
|
|t:|1759036023
|switch|p1a: Swing|Slowking-Galar, L99, F|90/100
|move|p2a: Meowscarada|Flower Trick|p1a: Swing
|-resisted|p1a: Swing
|-crit|p1a: Swing
|-damage|p1a: Swing|54/100
|
|upkeep
|turn|29
|
|t:|1759036026
|move|p2a: Meowscarada|Knock Off|p1a: Swing
|-supereffective|p1a: Swing
|-damage|p1a: Swing|0 fnt
|-enditem|p1a: Swing|Heavy-Duty Boots|[from] move: Knock Off|[of] p2a: Meowscarada
|faint|p1a: Swing
|
|upkeep
|
|t:|1759036030
|switch|p1a: Flag|Dragapult, F|75/100
|turn|30
|inactive|FireWolf89 has 120 seconds left.
|
|t:|1759036082
|switch|p2a: Alomomola|Alomomola, M|100/100
|-terastallize|p1a: Flag|Dragon
|move|p1a: Flag|Draco Meteor|p2a: Alomomola
|-damage|p2a: Alomomola|38/100
|-unboost|p1a: Flag|spa|2
|
|upkeep
|turn|31
|
|t:|1759036100
|move|p1a: Flag|U-turn|p2a: Alomomola
|-damage|p2a: Alomomola|28/100
|
|t:|1759036101
|switch|p1a: Dance|Clefable, F|47/100|[from] U-turn
|move|p2a: Alomomola|Flip Turn|p1a: Dance
|-damage|p1a: Dance|34/100
|
|t:|1759036105
|switch|p2a: Meowscarada|Meowscarada, F, tera:Grass|100/100|[from] Flip Turn
|
|upkeep
|turn|32
|
|t:|1759036119
|move|p2a: Meowscarada|Flower Trick|p1a: Dance
|-crit|p1a: Dance
|-damage|p1a: Dance|0 fnt
|faint|p1a: Dance
|
|upkeep
|
|t:|1759036122
|switch|p1a: Flag|Dragapult, F, tera:Dragon|75/100
|turn|33
|
|t:|1759036126
|switch|p2a: Slowking|Slowking-Galar, M|100/100
|move|p1a: Flag|Draco Meteor|p2a: Slowking
|-damage|p2a: Slowking|61/100
|-unboost|p1a: Flag|spa|2
|
|upkeep
|turn|34
|
|t:|1759036137
|move|p1a: Flag|Will-O-Wisp|p2a: Slowking
|-status|p2a: Slowking|brn
|move|p2a: Slowking|Toxic|p1a: Flag
|-status|p1a: Flag|tox
|
|-damage|p1a: Flag|69/100 tox|[from] psn
|-damage|p2a: Slowking|55/100 brn|[from] brn
|upkeep
|turn|35
|
|t:|1759036143
|switch|p2a: Alomomola|Alomomola, M|61/100
|move|p1a: Flag|U-turn|p2a: Alomomola
|-damage|p2a: Alomomola|51/100
|
|t:|1759036144
|switch|p1a: Sabre|Iron Valiant|100/100|[from] U-turn
|
|upkeep
|turn|36
|
|t:|1759036151
|move|p1a: Sabre|Swords Dance|p1a: Sabre
|-boost|p1a: Sabre|atk|2
|move|p2a: Alomomola|Wish|p2a: Alomomola
|
|upkeep
|turn|37
|
|t:|1759036158
|move|p1a: Sabre|Close Combat|p2a: Alomomola
|-damage|p2a: Alomomola|0 fnt
|-unboost|p1a: Sabre|def|1
|-unboost|p1a: Sabre|spd|1
|faint|p2a: Alomomola
|
|upkeep
|
|t:|1759036162
|switch|p2a: Meowscarada|Meowscarada, F, tera:Grass|100/100
|turn|38
|inactive|FireWolf89 has 120 seconds left.
|
|t:|1759036198
|move|p2a: Meowscarada|Flower Trick|p1a: Sabre
|-crit|p1a: Sabre
|-damage|p1a: Sabre|0 fnt
|faint|p1a: Sabre
|-end|p1a: Sabre|Quark Drive|[silent]
|
|upkeep
|
|t:|1759036199
|switch|p1a: Flag|Dragapult, F, tera:Dragon|69/100 tox
|turn|39
|
|t:|1759036206
|switch|p2a: Slowking|Slowking-Galar, M|88/100 brn
|move|p1a: Flag|Hex|p2a: Slowking
|-supereffective|p2a: Slowking
|-damage|p2a: Slowking|27/100 brn
|
|-damage|p1a: Flag|63/100 tox|[from] psn
|-damage|p2a: Slowking|21/100 brn|[from] brn
|upkeep
|turn|40
|
|t:|1759036214
|switch|p2a: Skarmory|Skarmory, M|73/100
|move|p1a: Flag|Hex|p2a: Skarmory
|-damage|p2a: Skarmory|34/100
|
|-damage|p1a: Flag|51/100 tox|[from] psn
|upkeep
|turn|41
|
|t:|1759036220
|move|p1a: Flag|Hex|p2a: Skarmory
|-damage|p2a: Skarmory|0 fnt
|faint|p2a: Skarmory
|
|-damage|p1a: Flag|33/100 tox|[from] psn
|upkeep
|
|t:|1759036223
|switch|p2a: Slowking|Slowking-Galar, M|54/100 brn
|turn|42
|
|t:|1759036230
|move|p1a: Flag|Hex|p2a: Slowking
|-supereffective|p2a: Slowking
|-damage|p2a: Slowking|0 fnt
|faint|p2a: Slowking
|
|-damage|p1a: Flag|9/100 tox|[from] psn
|upkeep
|
|t:|1759036234
|switch|p2a: Meowscarada|Meowscarada, F, tera:Grass|100/100
|turn|43
|
|t:|1759036236
|move|p1a: Flag|Draco Meteor|p2a: Meowscarada
|-damage|p2a: Meowscarada|0 fnt
|-unboost|p1a: Flag|spa|2
|faint|p2a: Meowscarada
|
|win|FireWolf89
|raw|FireWolf89's rating: 1468 &rarr; <strong>1491</strong><br />(+23 for winning)
|raw|shitmon_advocate's rating: 1526 &rarr; <strong>1503</strong><br />(-23 for losing)
|l|☆shitmon_advocate
|player|p2|
