|j|☆Scaaltt
|j|☆banjin
|t:|1758934324
|gametype|singles
|player|p1|Scaaltt|170|1211
|player|p2|banjin|beauty-gen6xy|1228
|gen|9
|tier|[Gen 9] OU
|rated|
|rule|HP Percentage Mod: HP is shown in percentages
|rule|Endless Battle Clause: Forcing endless battles is banned
|rule|Species Clause: Limit one of each Pokémon
|rule|OHKO Clause: OHKO moves are banned
|rule|Evasion Items Clause: Evasion items are banned
|rule|Evasion Moves Clause: Evasion moves are banned
|rule|Evasion Abilities Clause: Evasion abilities are banned
|rule|Sleep Moves Clause: Sleep-inducing moves are banned
|clearpoke
|poke|p1|Iron Moth|
|poke|p1|Blaziken, M|
|poke|p1|Garchomp, F|
|poke|p1|Great Tusk|
|poke|p1|Scizor, F|
|poke|p1|Polteageist|
|poke|p2|Minior-Blue|
|poke|p2|Lokix, F|
|poke|p2|Thundurus-Therian, M|
|poke|p2|Muk-Alola, M|
|poke|p2|Emboar, F|
|poke|p2|Ditto|
|teampreview
|inactive|Battle timer is ON: inactive players will automatically lose when time's up. (requested by banjin)
|
|t:|1758934354
|teamsize|p1|6
|teamsize|p2|6
|start
|switch|p1a: Garchomp|Garchomp, F|100/100
|switch|p2a: Katy|Lokix, F|100/100
|turn|1
|
|t:|1758934363
|-terastallize|p2a: Katy|Ice
|move|p1a: Garchomp|Scale Shot|p2a: Katy
|-damage|p2a: Katy|82/100
|-damage|p2a: Katy|61/100
|-damage|p2a: Katy|41/100
|-damage|p2a: Katy|21/100
|-hitcount|p2a: Katy|4
|-unboost|p1a: Garchomp|def|1
|-boost|p1a: Garchomp|spe|1
|move|p2a: Katy|Tera Blast|p1a: Garchomp|[anim] Tera Blast Ice
|-supereffective|p1a: Garchomp
|-damage|p1a: Garchomp|0 fnt
|faint|p1a: Garchomp
|
|upkeep
|
|t:|1758934382
|switch|p1a: Scizor|Scizor, F|100/100
|turn|2
|
|t:|1758934388
|move|p2a: Katy|Sucker Punch||[still]
|-fail|p2a: Katy
|move|p1a: Scizor|Swords Dance|p1a: Scizor
|-boost|p1a: Scizor|atk|2
|
|upkeep
|turn|3
|
|t:|1758934396
|move|p2a: Katy|Sucker Punch||[still]
|-fail|p2a: Katy
|move|p1a: Scizor|Agility|p1a: Scizor
|-boost|p1a: Scizor|spe|2
|
|upkeep
|turn|4
|
|t:|1758934402
|move|p2a: Katy|Sucker Punch||[still]
|-fail|p2a: Katy
|move|p1a: Scizor|Swords Dance|p1a: Scizor
|-boost|p1a: Scizor|atk|2
|
|upkeep
|turn|5
|
|t:|1758934407
|move|p2a: Katy|Sucker Punch||[still]
|-fail|p2a: Katy
|move|p1a: Scizor|Agility|p1a: Scizor
|-boost|p1a: Scizor|spe|2
|
|upkeep
|turn|6
|
|t:|1758934413
|move|p2a: Katy|Sucker Punch||[still]
|-fail|p2a: Katy
|move|p1a: Scizor|Swords Dance|p1a: Scizor
|-boost|p1a: Scizor|atk|2
|
|upkeep
|turn|7
|
|t:|1758934424
|move|p1a: Scizor|Bullet Punch|p2a: Katy
|-supereffective|p2a: Katy
|-damage|p2a: Katy|0 fnt
|faint|p2a: Katy
|
|upkeep
|
|t:|1758934432
|switch|p2a: 𒉎|Ditto|100/100
|-transform|p2a: 𒉎|p1a: Scizor|[from] ability: Imposter
|turn|8
|
|t:|1758934446
|move|p2a: 𒉎|Bullet Punch|p1a: Scizor
|-resisted|p1a: Scizor
|-damage|p1a: Scizor|29/100
|move|p1a: Scizor|Bullet Punch|p2a: 𒉎
|-resisted|p2a: 𒉎
|-damage|p2a: 𒉎|3/100
|
|upkeep
|turn|9
|
|t:|1758934465
|move|p2a: 𒉎|Bullet Punch|p1a: Scizor
|-resisted|p1a: Scizor
|-damage|p1a: Scizor|0 fnt
|faint|p1a: Scizor
|
|upkeep
|
|t:|1758934470
|switch|p1a: Blaziken|Blaziken, M|100/100
|turn|10
|
|t:|1758934475
|move|p2a: 𒉎|Bullet Punch|p1a: Blaziken
|-resisted|p1a: Blaziken
|-enditem|p1a: Blaziken|Focus Sash
|-damage|p1a: Blaziken|1/100
|move|p1a: Blaziken|Close Combat|p2a: 𒉎
|-damage|p2a: 𒉎|0 fnt
|-unboost|p1a: Blaziken|def|1
|-unboost|p1a: Blaziken|spd|1
|faint|p2a: 𒉎
|
|-ability|p1a: Blaziken|Speed Boost|boost
|-boost|p1a: Blaziken|spe|1
|upkeep
|
|t:|1758934488
|switch|p2a: Beppo|Muk-Alola, M|100/100
|turn|11
|
|t:|1758934494
|move|p2a: Beppo|Shadow Sneak|p1a: Blaziken
|-damage|p1a: Blaziken|0 fnt
|faint|p1a: Blaziken
|
|upkeep
|
|t:|1758934501
|switch|p1a: Iron Moth|Iron Moth|100/100
|-enditem|p1a: Iron Moth|Booster Energy
|-activate|p1a: Iron Moth|ability: Quark Drive|[fromitem]
|-start|p1a: Iron Moth|quarkdrivespa
|turn|12
|
|t:|1758934509
|switch|p2a: Mr. Brightside|Minior-Blue|100/100
|-formechange|p2a: Mr. Brightside|Minior-Meteor||[from] ability: Shields Down
|-terastallize|p1a: Iron Moth|Ground
|move|p1a: Iron Moth|Tera Blast|p2a: Mr. Brightside|[anim] Tera Blast Ground
|-immune|p2a: Mr. Brightside
|
|upkeep
|turn|13
|
|t:|1758934520
|move|p1a: Iron Moth|Fiery Dance|p2a: Mr. Brightside
|-resisted|p2a: Mr. Brightside
|-damage|p2a: Mr. Brightside|65/100
|-boost|p1a: Iron Moth|spa|1
|move|p2a: Mr. Brightside|Shell Smash|p2a: Mr. Brightside
|-unboost|p2a: Mr. Brightside|def|1
|-unboost|p2a: Mr. Brightside|spd|1
|-boost|p2a: Mr. Brightside|atk|2
|-boost|p2a: Mr. Brightside|spa|2
|-boost|p2a: Mr. Brightside|spe|2
|-enditem|p2a: Mr. Brightside|White Herb
|-clearnegativeboost|p2a: Mr. Brightside|[silent]
|
|upkeep
|turn|14
|
|t:|1758934534
|move|p2a: Mr. Brightside|Acrobatics|p1a: Iron Moth
|-damage|p1a: Iron Moth|0 fnt
|faint|p1a: Iron Moth
|-end|p1a: Iron Moth|Quark Drive|[silent]
|
|upkeep
|
|t:|1758934538
|switch|p1a: Polteageist|Polteageist|100/100
|turn|15
|-message|Scaaltt forfeited.
|
|win|banjin
|raw|Scaaltt's rating: 1211 &rarr; <strong>1187</strong><br />(-24 for losing)
|raw|banjin's rating: 1228 &rarr; <strong>1252</strong><br />(+24 for winning)
|l|☆Scaaltt
|player|p1|
|l|☆banjin
|player|p2|
