|j|☆guyfishing12
|j|☆GhostDumbDumb
|t:|1759014953
|gametype|singles
|player|p1|guyfishing12|266|1474
|player|p2|GhostDumbDumb|unknown|1426
|gen|9
|tier|[Gen 9] OU
|rated|
|rule|HP Percentage Mod: HP is shown in percentages
|rule|Endless Battle Clause: Forcing endless battles is banned
|rule|Species Clause: Limit one of each Pokémon
|rule|OHKO Clause: OHKO moves are banned
|rule|Evasion Items Clause: Evasion items are banned
|rule|Evasion Moves Clause: Evasion moves are banned
|rule|Evasion Abilities Clause: Evasion abilities are banned
|rule|Sleep Moves Clause: Sleep-inducing moves are banned
|clearpoke
|poke|p1|Heatran, M|
|poke|p1|Gliscor, F|
|poke|p1|Kyurem|
|poke|p1|Hatterene, F|
|poke|p1|Tornadus-Therian, M|
|poke|p1|Zamazenta-*|
|poke|p2|Gliscor, F|
|poke|p2|Reuniclus, M|
|poke|p2|Sceptile, F|
|poke|p2|Tinkaton, F|
|poke|p2|Glimmora, F|
|poke|p2|Appletun, F|
|teampreview
|inactive|Battle timer is ON: inactive players will automatically lose when time's up. (requested by guyfishing12)
|
|t:|1759014984
|teamsize|p1|6
|teamsize|p2|6
|start
|switch|p1a: Kyurem|Kyurem|100/100
|switch|p2a: PoopSmiff 2.09|Glimmora, F, shiny|100/100
|-ability|p1a: Kyurem|Pressure
|-item|p2a: PoopSmiff 2.09|Air Balloon
|turn|1
|
|t:|1759014998
|move|p1a: Kyurem|Freeze-Dry|p2a: PoopSmiff 2.09
|-damage|p2a: PoopSmiff 2.09|54/100
|-status|p2a: PoopSmiff 2.09|frz
|-enditem|p2a: PoopSmiff 2.09|Air Balloon
|cant|p2a: PoopSmiff 2.09|frz
|
|upkeep
|turn|2
|
|t:|1759015017
|switch|p2a: Wait...|Reuniclus, M, shiny|100/100
|move|p1a: Kyurem|Earth Power|p2a: Wait...
|-crit|p2a: Wait...
|-damage|p2a: Wait...|63/100
|
|-heal|p2a: Wait...|69/100|[from] item: Leftovers
|upkeep
|turn|3
|
|t:|1759015029
|switch|p1a: Tornadus|Tornadus-Therian, M|100/100
|move|p2a: Wait...|Calm Mind|p2a: Wait...
|-boost|p2a: Wait...|spa|1
|-boost|p2a: Wait...|spd|1
|
|-heal|p2a: Wait...|75/100|[from] item: Leftovers
|upkeep
|turn|4
|
|t:|1759015036
|move|p1a: Tornadus|Knock Off|p2a: Wait...
|-supereffective|p2a: Wait...
|-damage|p2a: Wait...|42/100
|-enditem|p2a: Wait...|Leftovers|[from] move: Knock Off|[of] p1a: Tornadus
|move|p2a: Wait...|Calm Mind|p2a: Wait...
|-boost|p2a: Wait...|spa|1
|-boost|p2a: Wait...|spd|1
|
|upkeep
|turn|5
|
|t:|1759015044
|move|p1a: Tornadus|U-turn|p2a: Wait...
|-supereffective|p2a: Wait...
|-damage|p2a: Wait...|17/100
|
|t:|1759015064
|switch|p1a: Zamazenta|Zamazenta|100/100|[from] U-turn
|-ability|p1a: Zamazenta|Dauntless Shield|boost
|-boost|p1a: Zamazenta|def|1
|move|p2a: Wait...|Recover|p2a: Wait...
|-heal|p2a: Wait...|67/100
|
|upkeep
|turn|6
|
|t:|1759015074
|-terastallize|p2a: Wait...|Fighting
|move|p1a: Zamazenta|Crunch|p2a: Wait...
|-resisted|p2a: Wait...
|-damage|p2a: Wait...|58/100
|move|p2a: Wait...|Acid Armor|p2a: Wait...
|-boost|p2a: Wait...|def|2
|
|upkeep
|turn|7
|
|t:|1759015082
|switch|p1a: Gliscor|Gliscor, F|100/100
|move|p2a: Wait...|Recover|p2a: Wait...
|-heal|p2a: Wait...|100/100
|
|-status|p1a: Gliscor|tox|[from] item: Toxic Orb
|upkeep
|turn|8
|
|t:|1759015094
|move|p1a: Gliscor|U-turn|p2a: Wait...
|-resisted|p2a: Wait...
|-damage|p2a: Wait...|97/100
|
|t:|1759015098
|switch|p1a: Hatterene|Hatterene, F|100/100|[from] U-turn
|move|p2a: Wait...|Acid Armor|p2a: Wait...
|-boost|p2a: Wait...|def|2
|
|upkeep
|turn|9
|
|t:|1759015104
|move|p1a: Hatterene|Nuzzle|p2a: Wait...
|-damage|p2a: Wait...|96/100
|-status|p2a: Wait...|par
|cant|p2a: Wait...|par
|
|upkeep
|turn|10
|
|t:|1759015113
|move|p1a: Hatterene|Pain Split|p2a: Wait...
|-sethp|p2a: Wait...|86/100 par|[from] move: Pain Split|[silent]
|-sethp|p1a: Hatterene|100/100|[from] move: Pain Split
|cant|p2a: Wait...|par
|
|upkeep
|turn|11
|
|t:|1759015118
|move|p1a: Hatterene|Psychic Noise|p2a: Wait...
|-supereffective|p2a: Wait...
|-crit|p2a: Wait...
|-damage|p2a: Wait...|2/100 par
|-start|p2a: Wait...|move: Heal Block
|move|p2a: Wait...|Calm Mind|p2a: Wait...
|-boost|p2a: Wait...|spa|1
|-boost|p2a: Wait...|spd|1
|
|upkeep
|turn|12
|
|t:|1759015131
|move|p1a: Hatterene|Psychic Noise|p2a: Wait...
|-supereffective|p2a: Wait...
|-damage|p2a: Wait...|0 fnt
|faint|p2a: Wait...
|
|upkeep
|
|t:|1759015147
|switch|p2a: Appletun|Appletun, F, shiny|100/100
|turn|13
|
|t:|1759015154
|move|p1a: Hatterene|Nuzzle|p2a: Appletun
|-resisted|p2a: Appletun
|-damage|p2a: Appletun|99/100
|-status|p2a: Appletun|par
|move|p2a: Appletun|Amnesia|p2a: Appletun
|-boost|p2a: Appletun|spd|2
|
|upkeep
|turn|14
|
|t:|1759015174
|switch|p1a: Tornadus|Tornadus-Therian, M|100/100
|move|p2a: Appletun|Amnesia|p2a: Appletun
|-boost|p2a: Appletun|spd|2
|
|upkeep
|turn|15
|
|t:|1759015181
|move|p1a: Tornadus|Knock Off|p2a: Appletun
|-damage|p2a: Appletun|78/100 par
|-enditem|p2a: Appletun|Sitrus Berry|[from] move: Knock Off|[of] p1a: Tornadus
|cant|p2a: Appletun|par
|
|upkeep
|turn|16
|
|t:|1759015187
|move|p1a: Tornadus|U-turn|p2a: Appletun
|-supereffective|p2a: Appletun
|-damage|p2a: Appletun|50/100 par
|
|t:|1759015191
|switch|p1a: Gliscor|Gliscor, F|100/100 tox|[from] U-turn
|move|p2a: Appletun|Iron Defense|p2a: Appletun
|-boost|p2a: Appletun|def|2
|
|upkeep
|turn|17
|
|t:|1759015200
|move|p1a: Gliscor|U-turn|p2a: Appletun
|-supereffective|p2a: Appletun
|-damage|p2a: Appletun|36/100 par
|
|t:|1759015203
|switch|p1a: Hatterene|Hatterene, F|100/100|[from] U-turn
|cant|p2a: Appletun|par
|
|upkeep
|turn|18
|
|t:|1759015209
|move|p1a: Hatterene|Psychic Noise|p2a: Appletun
|-damage|p2a: Appletun|29/100 par
|-start|p2a: Appletun|move: Heal Block
|cant|p2a: Appletun|move: Heal Block|Giga Drain
|
|upkeep
|turn|19
|
|t:|1759015216
|move|p1a: Hatterene|Draining Kiss|p2a: Appletun
|-supereffective|p2a: Appletun
|-damage|p2a: Appletun|18/100 par
|cant|p2a: Appletun|par
|
|-end|p2a: Appletun|move: Heal Block
|upkeep
|turn|20
|-message|GhostDumbDumb forfeited.
|
|win|guyfishing12
|raw|guyfishing12's rating: 1474 &rarr; <strong>1491</strong><br />(+17 for winning)
|raw|GhostDumbDumb's rating: 1426 &rarr; <strong>1409</strong><br />(-17 for losing)
|l|☆GhostDumbDumb
|player|p2|
|l|☆guyfishing12
|player|p1|
