|j|☆Princessjosie1001!
|j|☆bol de nouille
|t:|1758933148
|gametype|singles
|player|p1|Princessjosie1001!|nurse|1387
|player|p2|bol de nouille|waiter|1399
|gen|9
|tier|[Gen 9] OU
|rated|
|rule|HP Percentage Mod: HP is shown in percentages
|rule|Endless Battle Clause: Forcing endless battles is banned
|rule|Species Clause: Limit one of each Pokémon
|rule|OHKO Clause: OHKO moves are banned
|rule|Evasion Items Clause: Evasion items are banned
|rule|Evasion Moves Clause: Evasion moves are banned
|rule|Evasion Abilities Clause: Evasion abilities are banned
|rule|Sleep Moves Clause: Sleep-inducing moves are banned
|clearpoke
|poke|p1|Yanmega, M|
|poke|p1|Cloyster, M|
|poke|p1|Salazzle, F|
|poke|p1|Espeon, F|
|poke|p1|Jirachi|
|poke|p1|Maushold-Four|
|poke|p2|Rillaboom, M|
|poke|p2|Heatran, F|
|poke|p2|Corviknight, F|
|poke|p2|Ting-Lu|
|poke|p2|Iron Valiant|
|poke|p2|Ogerpon-Wellspring, F|
|teampreview
|
|t:|1758933160
|teamsize|p1|6
|teamsize|p2|6
|start
|switch|p1a: No hazard allowed|Espeon, F|100/100
|switch|p2a: Ogerpon|Ogerpon-Wellspring, F|100/100
|turn|1
|
|t:|1758933167
|move|p1a: No hazard allowed|Thunder Wave|p2a: Ogerpon
|-status|p2a: Ogerpon|par
|move|p2a: Ogerpon|U-turn|p1a: No hazard allowed
|-supereffective|p1a: No hazard allowed
|-damage|p1a: No hazard allowed|0 fnt
|faint|p1a: No hazard allowed
|
|t:|1758933178
|switch|p2a: Ting-Lu|Ting-Lu|100/100|[from] U-turn
|-ability|p2a: Ting-Lu|Vessel of Ruin
|
|upkeep
|
|t:|1758933184
|switch|p1a: Salazzle|Salazzle, F|100/100
|turn|2
|
|t:|1758933195
|switch|p2a: Ogerpon|Ogerpon-Wellspring, F|100/100 par
|move|p1a: Salazzle|Toxic||[still]
|-fail|p1a: Salazzle
|
|upkeep
|turn|3
|
|t:|1758933199
|move|p1a: Salazzle|Sludge Wave|p2a: Ogerpon
|-supereffective|p2a: Ogerpon
|-damage|p2a: Ogerpon|0 fnt
|faint|p2a: Ogerpon
|
|upkeep
|
|t:|1758933210
|switch|p2a: Heatran|Heatran, F|100/100
|turn|4
|
|t:|1758933213
|move|p1a: Salazzle|Toxic|p2a: Heatran
|-status|p2a: Heatran|tox
|move|p2a: Heatran|Earth Power|p1a: Salazzle
|-supereffective|p1a: Salazzle
|-enditem|p1a: Salazzle|Focus Sash
|-damage|p1a: Salazzle|1/100
|
|-damage|p2a: Heatran|94/100 tox|[from] psn
|upkeep
|turn|5
|
|t:|1758933222
|switch|p1a: Maushold|Maushold-Four|100/100
|move|p2a: Heatran|Earth Power|p1a: Maushold
|-damage|p1a: Maushold|63/100
|
|-damage|p2a: Heatran|82/100 tox|[from] psn
|upkeep
|turn|6
|
|t:|1758933229
|switch|p2a: Corviknight|Corviknight, F|100/100
|-ability|p2a: Corviknight|Pressure
|move|p1a: Maushold|Bite|p2a: Corviknight
|-damage|p2a: Corviknight|86/100
|-damage|p1a: Maushold|46/100|[from] item: Rocky Helmet|[of] p2a: Corviknight
|
|upkeep
|turn|7
|
|t:|1758933237
|move|p1a: Maushold|Bite|p2a: Corviknight
|-damage|p2a: Corviknight|71/100
|-damage|p1a: Maushold|30/100|[from] item: Rocky Helmet|[of] p2a: Corviknight
|move|p2a: Corviknight|U-turn|p1a: Maushold
|-damage|p1a: Maushold|6/100
|
|t:|1758933243
|switch|p2a: Iron Valiant|Iron Valiant|100/100|[from] U-turn
|
|upkeep
|turn|8
|
|t:|1758933247
|move|p2a: Iron Valiant|Encore|p1a: Maushold
|-start|p1a: Maushold|Encore
|move|p1a: Maushold|Bite|p2a: Iron Valiant
|-resisted|p2a: Iron Valiant
|-damage|p2a: Iron Valiant|93/100
|
|upkeep
|turn|9
|
|t:|1758933253
|move|p2a: Iron Valiant|Swords Dance|p2a: Iron Valiant
|-boost|p2a: Iron Valiant|atk|2
|move|p1a: Maushold|Bite|p2a: Iron Valiant
|-resisted|p2a: Iron Valiant
|-damage|p2a: Iron Valiant|86/100
|
|upkeep
|turn|10
|
|t:|1758933258
|move|p2a: Iron Valiant|Spirit Break|p1a: Maushold
|-damage|p1a: Maushold|0 fnt
|faint|p1a: Maushold
|
|upkeep
|
|t:|1758933263
|switch|p1a: Yanmega|Yanmega, M|100/100
|turn|11
|
|t:|1758933270
|move|p1a: Yanmega|Protect|p1a: Yanmega
|-singleturn|p1a: Yanmega|Protect
|move|p2a: Iron Valiant|Spirit Break|p1a: Yanmega
|-activate|p1a: Yanmega|move: Protect
|
|-ability|p1a: Yanmega|Speed Boost|boost
|-boost|p1a: Yanmega|spe|1
|upkeep
|turn|12
|
|t:|1758933283
|-end|p2a: Iron Valiant|Quark Drive|[silent]
|switch|p2a: Heatran|Heatran, F|82/100 tox
|move|p1a: Yanmega|Air Slash|p2a: Heatran
|-resisted|p2a: Heatran
|-damage|p2a: Heatran|64/100 tox
|-damage|p1a: Yanmega|91/100|[from] item: Life Orb
|
|-damage|p2a: Heatran|57/100 tox|[from] psn
|-ability|p1a: Yanmega|Speed Boost|boost
|-boost|p1a: Yanmega|spe|1
|upkeep
|turn|13
|
|t:|1758933292
|move|p1a: Yanmega|Air Slash|p2a: Heatran
|-resisted|p2a: Heatran
|-damage|p2a: Heatran|41/100 tox
|-damage|p1a: Yanmega|81/100|[from] item: Life Orb
|cant|p2a: Heatran|flinch
|
|-damage|p2a: Heatran|28/100 tox|[from] psn
|-ability|p1a: Yanmega|Speed Boost|boost
|-boost|p1a: Yanmega|spe|1
|upkeep
|turn|14
|
|t:|1758933300
|move|p1a: Yanmega|Air Slash|p2a: Heatran
|-resisted|p2a: Heatran
|-damage|p2a: Heatran|10/100 tox
|-damage|p1a: Yanmega|71/100|[from] item: Life Orb
|cant|p2a: Heatran|flinch
|
|-damage|p2a: Heatran|0 fnt|[from] psn
|faint|p2a: Heatran
|-ability|p1a: Yanmega|Speed Boost|boost
|-boost|p1a: Yanmega|spe|1
|upkeep
|c|☆bol de nouille|come on
|
|t:|1758933318
|switch|p2a: Corviknight|Corviknight, F|71/100
|-ability|p2a: Corviknight|Pressure
|turn|15
|
|t:|1758933323
|move|p1a: Yanmega|Air Slash|p2a: Corviknight
|-resisted|p2a: Corviknight
|-damage|p2a: Corviknight|47/100
|-damage|p1a: Yanmega|61/100|[from] item: Life Orb
|move|p2a: Corviknight|Roost|p2a: Corviknight
|-heal|p2a: Corviknight|97/100
|-singleturn|p2a: Corviknight|move: Roost
|
|-ability|p1a: Yanmega|Speed Boost|boost
|-boost|p1a: Yanmega|spe|1
|upkeep
|turn|16
|
|t:|1758933332
|switch|p1a: Salazzle|Salazzle, F|1/100
|move|p2a: Corviknight|U-turn|p1a: Salazzle
|-resisted|p1a: Salazzle
|-damage|p1a: Salazzle|0 fnt
|faint|p1a: Salazzle
|
|t:|1758933338
|switch|p2a: Iron Valiant|Iron Valiant|86/100|[from] U-turn
|
|upkeep
|
|t:|1758933343
|switch|p1a: Cloyster|Cloyster, M|100/100
|turn|17
|
|t:|1758933350
|move|p2a: Iron Valiant|Knock Off|p1a: Cloyster
|-damage|p1a: Cloyster|74/100
|-enditem|p1a: Cloyster|Focus Sash|[from] move: Knock Off|[of] p2a: Iron Valiant
|move|p1a: Cloyster|Shell Smash|p1a: Cloyster
|-unboost|p1a: Cloyster|def|1
|-unboost|p1a: Cloyster|spd|1
|-boost|p1a: Cloyster|atk|2
|-boost|p1a: Cloyster|spa|2
|-boost|p1a: Cloyster|spe|2
|
|upkeep
|turn|18
|
|t:|1758933358
|move|p1a: Cloyster|Icicle Spear|p2a: Iron Valiant
|-damage|p2a: Iron Valiant|56/100
|-damage|p2a: Iron Valiant|26/100
|-damage|p2a: Iron Valiant|0 fnt
|faint|p2a: Iron Valiant
|-end|p2a: Iron Valiant|Quark Drive|[silent]
|-hitcount|p2: Iron Valiant|3
|
|upkeep
|
|t:|1758933360
|switch|p2a: Ting-Lu|Ting-Lu|100/100
|-ability|p2a: Ting-Lu|Vessel of Ruin
|turn|19
|
|t:|1758933367
|-terastallize|p2a: Ting-Lu|Water
|move|p1a: Cloyster|Icicle Spear|p2a: Ting-Lu
|-resisted|p2a: Ting-Lu
|-damage|p2a: Ting-Lu|94/100
|-resisted|p2a: Ting-Lu
|-damage|p2a: Ting-Lu|87/100
|-resisted|p2a: Ting-Lu
|-damage|p2a: Ting-Lu|81/100
|-resisted|p2a: Ting-Lu
|-damage|p2a: Ting-Lu|75/100
|-resisted|p2a: Ting-Lu
|-damage|p2a: Ting-Lu|68/100
|-hitcount|p2a: Ting-Lu|5
|move|p2a: Ting-Lu|Whirlwind|p1a: Cloyster
|drag|p1a: Yanmega|Yanmega, M|61/100
|
|-heal|p2a: Ting-Lu|74/100|[from] item: Leftovers
|upkeep
|turn|20
|
|t:|1758933382
|switch|p2a: Corviknight|Corviknight, F|97/100
|-ability|p2a: Corviknight|Pressure
|move|p1a: Yanmega|Air Slash|p2a: Corviknight
|-resisted|p2a: Corviknight
|-damage|p2a: Corviknight|73/100
|-damage|p1a: Yanmega|51/100|[from] item: Life Orb
|
|-ability|p1a: Yanmega|Speed Boost|boost
|-boost|p1a: Yanmega|spe|1
|upkeep
|turn|21
|
|t:|1758933391
|move|p1a: Yanmega|Air Slash|p2a: Corviknight
|-resisted|p2a: Corviknight
|-damage|p2a: Corviknight|47/100
|-damage|p1a: Yanmega|41/100|[from] item: Life Orb
|move|p2a: Corviknight|U-turn|p1a: Yanmega
|-resisted|p1a: Yanmega
|-damage|p1a: Yanmega|32/100
|
|t:|1758933397
|switch|p2a: Rillaboom|Rillaboom, M|100/100|[from] U-turn
|-fieldstart|move: Grassy Terrain|[from] ability: Grassy Surge|[of] p2a: Rillaboom
|
|-ability|p1a: Yanmega|Speed Boost|boost
|-boost|p1a: Yanmega|spe|1
|upkeep
|turn|22
|
|t:|1758933405
|switch|p2a: Ting-Lu|Ting-Lu, tera:Water|74/100
|-ability|p2a: Ting-Lu|Vessel of Ruin
|move|p1a: Yanmega|Air Slash|p2a: Ting-Lu
|-crit|p2a: Ting-Lu
|-damage|p2a: Ting-Lu|41/100
|-damage|p1a: Yanmega|23/100|[from] item: Life Orb
|
|-heal|p2a: Ting-Lu|47/100|[from] Grassy Terrain
|-heal|p2a: Ting-Lu|54/100|[from] item: Leftovers
|-ability|p1a: Yanmega|Speed Boost|boost
|-boost|p1a: Yanmega|spe|1
|upkeep
|turn|23
|
|t:|1758933416
|move|p2a: Ting-Lu|Protect|p2a: Ting-Lu
|-singleturn|p2a: Ting-Lu|Protect
|move|p1a: Yanmega|Bug Buzz|p2a: Ting-Lu
|-activate|p2a: Ting-Lu|move: Protect
|
|-heal|p2a: Ting-Lu|60/100|[from] Grassy Terrain
|-heal|p2a: Ting-Lu|66/100|[from] item: Leftovers
|-ability|p1a: Yanmega|Speed Boost|boost
|-boost|p1a: Yanmega|spe|1
|upkeep
|turn|24
|
|t:|1758933427
|move|p2a: Ting-Lu|Protect||[still]
|-fail|p2a: Ting-Lu
|move|p1a: Yanmega|Bug Buzz|p2a: Ting-Lu
|-damage|p2a: Ting-Lu|39/100
|-damage|p1a: Yanmega|13/100|[from] item: Life Orb
|
|-heal|p2a: Ting-Lu|45/100|[from] Grassy Terrain
|-heal|p2a: Ting-Lu|52/100|[from] item: Leftovers
|-ability|p1a: Yanmega|Speed Boost|boost
|-boost|p1a: Yanmega|spe|1
|upkeep
|turn|25
|
|t:|1758933437
|move|p1a: Yanmega|Air Slash|p2a: Ting-Lu
|-damage|p2a: Ting-Lu|30/100
|-damage|p1a: Yanmega|3/100|[from] item: Life Orb
|move|p2a: Ting-Lu|Spikes|p1a: Yanmega
|-sidestart|p1: Princessjosie1001!|Spikes
|
|-heal|p2a: Ting-Lu|37/100|[from] Grassy Terrain
|-heal|p2a: Ting-Lu|43/100|[from] item: Leftovers
|-ability|p1a: Yanmega|Speed Boost|boost
|-boost|p1a: Yanmega|spe|1
|upkeep
|turn|26
|
|t:|1758933446
|move|p2a: Ting-Lu|Protect|p2a: Ting-Lu
|-singleturn|p2a: Ting-Lu|Protect
|move|p1a: Yanmega|Bug Buzz|p2a: Ting-Lu
|-activate|p2a: Ting-Lu|move: Protect
|
|-heal|p2a: Ting-Lu|49/100|[from] Grassy Terrain
|-heal|p2a: Ting-Lu|55/100|[from] item: Leftovers
|upkeep
|turn|27
|
|t:|1758933458
|move|p2a: Ting-Lu|Protect||[still]
|-fail|p2a: Ting-Lu
|move|p1a: Yanmega|Bug Buzz|p2a: Ting-Lu
|-damage|p2a: Ting-Lu|31/100
|-damage|p1a: Yanmega|0 fnt|[from] item: Life Orb
|faint|p1a: Yanmega
|
|-heal|p2a: Ting-Lu|37/100|[from] Grassy Terrain
|-heal|p2a: Ting-Lu|43/100|[from] item: Leftovers
|upkeep
|
|t:|1758933467
|switch|p1a: Jirachi|Jirachi|100/100
|-damage|p1a: Jirachi|88/100|[from] Spikes
|turn|28
|
|t:|1758933476
|move|p1a: Jirachi|Body Slam|p2a: Ting-Lu
|-damage|p2a: Ting-Lu|28/100
|-status|p2a: Ting-Lu|par
|move|p2a: Ting-Lu|Ruination|p1a: Jirachi|[miss]
|-miss|p2a: Ting-Lu|p1a: Jirachi
|
|-heal|p1a: Jirachi|94/100|[from] Grassy Terrain
|-heal|p2a: Ting-Lu|34/100 par|[from] Grassy Terrain
|-heal|p2a: Ting-Lu|40/100 par|[from] item: Leftovers
|-fieldend|move: Grassy Terrain
|upkeep
|turn|29
|c|☆bol de nouille|so full of shit
|
|t:|1758933490
|switch|p2a: Rillaboom|Rillaboom, M|100/100
|-fieldstart|move: Grassy Terrain|[from] ability: Grassy Surge|[of] p2a: Rillaboom
|move|p1a: Jirachi|Body Slam|p2a: Rillaboom
|-damage|p2a: Rillaboom|72/100
|-status|p2a: Rillaboom|par
|
|-heal|p1a: Jirachi|100/100|[from] Grassy Terrain
|-heal|p2a: Rillaboom|78/100 par|[from] Grassy Terrain
|upkeep
|turn|30
|
|t:|1758933500
|move|p1a: Jirachi|Body Slam|p2a: Rillaboom
|-damage|p2a: Rillaboom|48/100 par
|move|p2a: Rillaboom|U-turn|p1a: Jirachi
|-damage|p1a: Jirachi|76/100
|
|t:|1758933504
|switch|p2a: Ting-Lu|Ting-Lu, tera:Water|40/100 par|[from] U-turn
|-ability|p2a: Ting-Lu|Vessel of Ruin
|
|-heal|p1a: Jirachi|82/100|[from] Grassy Terrain
|-heal|p2a: Ting-Lu|47/100 par|[from] Grassy Terrain
|-heal|p2a: Ting-Lu|53/100 par|[from] item: Leftovers
|upkeep
|turn|31
|
|t:|1758933512
|move|p1a: Jirachi|Body Slam|p2a: Ting-Lu
|-damage|p2a: Ting-Lu|39/100 par
|cant|p2a: Ting-Lu|par
|
|-heal|p1a: Jirachi|88/100|[from] Grassy Terrain
|-heal|p2a: Ting-Lu|45/100 par|[from] Grassy Terrain
|-heal|p2a: Ting-Lu|51/100 par|[from] item: Leftovers
|upkeep
|turn|32
|
|t:|1758933519
|switch|p1a: Cloyster|Cloyster, M|74/100
|-damage|p1a: Cloyster|61/100|[from] Spikes
|cant|p2a: Ting-Lu|par
|
|-heal|p1a: Cloyster|68/100|[from] Grassy Terrain
|-heal|p2a: Ting-Lu|57/100 par|[from] Grassy Terrain
|-heal|p2a: Ting-Lu|64/100 par|[from] item: Leftovers
|upkeep
|turn|33
|
|t:|1758933528
|move|p1a: Cloyster|Rock Blast|p2a: Ting-Lu
|-damage|p2a: Ting-Lu|59/100 par
|-damage|p2a: Ting-Lu|55/100 par
|-damage|p2a: Ting-Lu|50/100 par
|-damage|p2a: Ting-Lu|46/100 par
|-crit|p2a: Ting-Lu
|-damage|p2a: Ting-Lu|40/100 par
|-hitcount|p2a: Ting-Lu|5
|move|p2a: Ting-Lu|Whirlwind|p1a: Cloyster
|drag|p1a: Jirachi|Jirachi|88/100
|-damage|p1a: Jirachi|76/100|[from] Spikes
|
|-heal|p1a: Jirachi|82/100|[from] Grassy Terrain
|-heal|p2a: Ting-Lu|46/100 par|[from] Grassy Terrain
|-heal|p2a: Ting-Lu|52/100 par|[from] item: Leftovers
|upkeep
|turn|34
|
|t:|1758933542
|move|p2a: Ting-Lu|Protect|p2a: Ting-Lu
|-singleturn|p2a: Ting-Lu|Protect
|move|p1a: Jirachi|Zen Headbutt|p2a: Ting-Lu
|-activate|p2a: Ting-Lu|move: Protect
|
|-heal|p1a: Jirachi|88/100|[from] Grassy Terrain
|-heal|p2a: Ting-Lu|58/100 par|[from] Grassy Terrain
|-heal|p2a: Ting-Lu|65/100 par|[from] item: Leftovers
|upkeep
|turn|35
|
|t:|1758933550
|switch|p2a: Corviknight|Corviknight, F|47/100
|-ability|p2a: Corviknight|Pressure
|move|p1a: Jirachi|Zen Headbutt|p2a: Corviknight
|-resisted|p2a: Corviknight
|-damage|p2a: Corviknight|37/100
|-damage|p1a: Jirachi|71/100|[from] item: Rocky Helmet|[of] p2a: Corviknight
|
|-heal|p1a: Jirachi|78/100|[from] Grassy Terrain
|upkeep
|turn|36
|
|t:|1758933560
|move|p1a: Jirachi|Zen Headbutt|p2a: Corviknight
|-resisted|p2a: Corviknight
|-damage|p2a: Corviknight|26/100
|-damage|p1a: Jirachi|61/100|[from] item: Rocky Helmet|[of] p2a: Corviknight
|cant|p2a: Corviknight|flinch
|
|-heal|p1a: Jirachi|67/100|[from] Grassy Terrain
|-fieldend|move: Grassy Terrain
|upkeep
|turn|37
|
|t:|1758933568
|move|p1a: Jirachi|Zen Headbutt|p2a: Corviknight|[miss]
|-miss|p1a: Jirachi|p2a: Corviknight
|move|p2a: Corviknight|U-turn|p1a: Jirachi
|-damage|p1a: Jirachi|54/100
|
|t:|1758933570
|switch|p2a: Rillaboom|Rillaboom, M|48/100 par|[from] U-turn
|-fieldstart|move: Grassy Terrain|[from] ability: Grassy Surge|[of] p2a: Rillaboom
|
|-heal|p1a: Jirachi|60/100|[from] Grassy Terrain
|-heal|p2a: Rillaboom|54/100 par|[from] Grassy Terrain
|upkeep
|turn|38
|
|t:|1758933578
|switch|p2a: Corviknight|Corviknight, F|26/100
|-ability|p2a: Corviknight|Pressure
|move|p1a: Jirachi|Zen Headbutt|p2a: Corviknight
|-resisted|p2a: Corviknight
|-damage|p2a: Corviknight|14/100
|-damage|p1a: Jirachi|44/100|[from] item: Rocky Helmet|[of] p2a: Corviknight
|
|-heal|p1a: Jirachi|50/100|[from] Grassy Terrain
|upkeep
|turn|39
|
|t:|1758933587
|move|p1a: Jirachi|Zen Headbutt|p2a: Corviknight
|-resisted|p2a: Corviknight
|-damage|p2a: Corviknight|3/100
|-damage|p1a: Jirachi|34/100|[from] item: Rocky Helmet|[of] p2a: Corviknight
|move|p2a: Corviknight|Roost|p2a: Corviknight
|-heal|p2a: Corviknight|53/100
|-singleturn|p2a: Corviknight|move: Roost
|
|-heal|p1a: Jirachi|40/100|[from] Grassy Terrain
|-heal|p2a: Corviknight|59/100|[from] Grassy Terrain
|upkeep
|turn|40
|
|t:|1758933596
|move|p1a: Jirachi|Zen Headbutt|p2a: Corviknight
|-resisted|p2a: Corviknight
|-damage|p2a: Corviknight|48/100
|-damage|p1a: Jirachi|23/100|[from] item: Rocky Helmet|[of] p2a: Corviknight
|move|p2a: Corviknight|U-turn|p1a: Jirachi
|-damage|p1a: Jirachi|10/100
|
|t:|1758933602
|switch|p2a: Rillaboom|Rillaboom, M|54/100 par|[from] U-turn
|
|-heal|p1a: Jirachi|16/100|[from] Grassy Terrain
|-heal|p2a: Rillaboom|60/100 par|[from] Grassy Terrain
|upkeep
|turn|41
|
|t:|1758933609
|move|p1a: Jirachi|Zen Headbutt|p2a: Rillaboom
|-damage|p2a: Rillaboom|17/100 par
|cant|p2a: Rillaboom|flinch
|
|-heal|p1a: Jirachi|22/100|[from] Grassy Terrain
|-heal|p2a: Rillaboom|23/100 par|[from] Grassy Terrain
|upkeep
|turn|42
|
|t:|1758933615
|switch|p2a: Corviknight|Corviknight, F|48/100
|-ability|p2a: Corviknight|Pressure
|move|p1a: Jirachi|Zen Headbutt|p2a: Corviknight
|-resisted|p2a: Corviknight
|-damage|p2a: Corviknight|36/100
|-damage|p1a: Jirachi|5/100|[from] item: Rocky Helmet|[of] p2a: Corviknight
|
|-heal|p1a: Jirachi|12/100|[from] Grassy Terrain
|upkeep
|turn|43
|
|t:|1758933625
|switch|p2a: Ting-Lu|Ting-Lu, tera:Water|65/100 par
|-ability|p2a: Ting-Lu|Vessel of Ruin
|move|p1a: Jirachi|Zen Headbutt|p2a: Ting-Lu
|-damage|p2a: Ting-Lu|45/100 par
|
|-heal|p1a: Jirachi|18/100|[from] Grassy Terrain
|-heal|p2a: Ting-Lu|51/100 par|[from] Grassy Terrain
|-heal|p2a: Ting-Lu|58/100 par|[from] item: Leftovers
|upkeep
|turn|44
|
|t:|1758933634
|cant|p2a: Ting-Lu|par
|move|p1a: Jirachi|Zen Headbutt|p2a: Ting-Lu
|-damage|p2a: Ting-Lu|37/100 par
|
|-heal|p1a: Jirachi|24/100|[from] Grassy Terrain
|-heal|p2a: Ting-Lu|43/100 par|[from] Grassy Terrain
|-heal|p2a: Ting-Lu|50/100 par|[from] item: Leftovers
|-fieldend|move: Grassy Terrain
|upkeep
|turn|45
|
|t:|1758933642
|switch|p2a: Rillaboom|Rillaboom, M|23/100 par
|-fieldstart|move: Grassy Terrain|[from] ability: Grassy Surge|[of] p2a: Rillaboom
|move|p1a: Jirachi|Zen Headbutt|p2a: Rillaboom
|-damage|p2a: Rillaboom|0 fnt
|faint|p2a: Rillaboom
|
|-heal|p1a: Jirachi|30/100|[from] Grassy Terrain
|upkeep
|
|t:|1758933645
|switch|p2a: Ting-Lu|Ting-Lu, tera:Water|50/100 par
|-ability|p2a: Ting-Lu|Vessel of Ruin
|turn|46
|
|t:|1758933654
|move|p2a: Ting-Lu|Protect|p2a: Ting-Lu
|-singleturn|p2a: Ting-Lu|Protect
|move|p1a: Jirachi|Zen Headbutt|p2a: Ting-Lu
|-activate|p2a: Ting-Lu|move: Protect
|
|-heal|p1a: Jirachi|36/100|[from] Grassy Terrain
|-heal|p2a: Ting-Lu|56/100 par|[from] Grassy Terrain
|-heal|p2a: Ting-Lu|62/100 par|[from] item: Leftovers
|upkeep
|turn|47
|
|t:|1758933661
|move|p1a: Jirachi|Zen Headbutt|p2a: Ting-Lu
|-damage|p2a: Ting-Lu|39/100 par
|cant|p2a: Ting-Lu|par
|
|-heal|p1a: Jirachi|42/100|[from] Grassy Terrain
|-heal|p2a: Ting-Lu|45/100 par|[from] Grassy Terrain
|-heal|p2a: Ting-Lu|52/100 par|[from] item: Leftovers
|upkeep
|turn|48
|
|t:|1758933669
|cant|p2a: Ting-Lu|par
|move|p1a: Jirachi|Zen Headbutt|p2a: Ting-Lu
|-damage|p2a: Ting-Lu|30/100 par
|
|-heal|p1a: Jirachi|49/100|[from] Grassy Terrain
|-heal|p2a: Ting-Lu|36/100 par|[from] Grassy Terrain
|-heal|p2a: Ting-Lu|43/100 par|[from] item: Leftovers
|upkeep
|turn|49
|
|t:|1758933676
|move|p1a: Jirachi|Zen Headbutt|p2a: Ting-Lu
|-damage|p2a: Ting-Lu|21/100 par
|move|p2a: Ting-Lu|Spikes|p1a: Jirachi
|-sidestart|p1: Princessjosie1001!|Spikes
|
|-heal|p1a: Jirachi|55/100|[from] Grassy Terrain
|-heal|p2a: Ting-Lu|27/100 par|[from] Grassy Terrain
|-heal|p2a: Ting-Lu|33/100 par|[from] item: Leftovers
|upkeep
|turn|50
|
|t:|1758933683
|move|p2a: Ting-Lu|Protect|p2a: Ting-Lu
|-singleturn|p2a: Ting-Lu|Protect
|move|p1a: Jirachi|Zen Headbutt|p2a: Ting-Lu
|-activate|p2a: Ting-Lu|move: Protect
|
|-heal|p1a: Jirachi|61/100|[from] Grassy Terrain
|-heal|p2a: Ting-Lu|39/100 par|[from] Grassy Terrain
|-heal|p2a: Ting-Lu|46/100 par|[from] item: Leftovers
|upkeep
|turn|51
|
|t:|1758933693
|-activate|p1a: Jirachi|move: Struggle
|move|p1a: Jirachi|Struggle|p2a: Ting-Lu
|-damage|p2a: Ting-Lu|37/100 par
|-damage|p1a: Jirachi|36/100|[from] recoil
|cant|p2a: Ting-Lu|par
|
|-heal|p1a: Jirachi|42/100|[from] Grassy Terrain
|-heal|p2a: Ting-Lu|43/100 par|[from] Grassy Terrain
|-heal|p2a: Ting-Lu|49/100 par|[from] item: Leftovers
|upkeep
|turn|52
|
|t:|1758933701
|move|p2a: Ting-Lu|Protect|p2a: Ting-Lu
|-singleturn|p2a: Ting-Lu|Protect
|-activate|p1a: Jirachi|move: Struggle
|move|p1a: Jirachi|Struggle|p2a: Ting-Lu
|-activate|p2a: Ting-Lu|move: Protect
|
|-heal|p1a: Jirachi|48/100|[from] Grassy Terrain
|-heal|p2a: Ting-Lu|56/100 par|[from] Grassy Terrain
|-heal|p2a: Ting-Lu|62/100 par|[from] item: Leftovers
|-fieldend|move: Grassy Terrain
|upkeep
|turn|53
|c|☆bol de nouille|INCREDIBLE
|
|t:|1758933710
|-activate|p1a: Jirachi|move: Struggle
|move|p1a: Jirachi|Struggle|p2a: Ting-Lu
|-damage|p2a: Ting-Lu|53/100 par
|-damage|p1a: Jirachi|23/100|[from] recoil
|cant|p2a: Ting-Lu|par
|
|-heal|p2a: Ting-Lu|59/100 par|[from] item: Leftovers
|upkeep
|turn|54
|
|t:|1758933717
|-activate|p1a: Jirachi|move: Struggle
|move|p1a: Jirachi|Struggle|p2a: Ting-Lu
|-damage|p2a: Ting-Lu|50/100 par
|-damage|p1a: Jirachi|0 fnt|[from] recoil
|faint|p1a: Jirachi
|move|p2a: Ting-Lu|Whirlwind|p1: Jirachi|[notarget]
|-fail|p2a: Ting-Lu
|
|-heal|p2a: Ting-Lu|56/100 par|[from] item: Leftovers
|upkeep
|
|t:|1758933725
|switch|p1a: Cloyster|Cloyster, M|68/100
|-damage|p1a: Cloyster|51/100|[from] Spikes
|turn|55
|
|t:|1758933729
|move|p1a: Cloyster|Shell Smash|p1a: Cloyster
|-unboost|p1a: Cloyster|def|1
|-unboost|p1a: Cloyster|spd|1
|-boost|p1a: Cloyster|atk|2
|-boost|p1a: Cloyster|spa|2
|-boost|p1a: Cloyster|spe|2
|move|p2a: Ting-Lu|Ruination|p1a: Cloyster
|-damage|p1a: Cloyster|26/100
|
|-heal|p2a: Ting-Lu|62/100 par|[from] item: Leftovers
|upkeep
|turn|56
|
|t:|1758933738
|move|p1a: Cloyster|Shell Smash|p1a: Cloyster
|-unboost|p1a: Cloyster|def|1
|-unboost|p1a: Cloyster|spd|1
|-boost|p1a: Cloyster|atk|2
|-boost|p1a: Cloyster|spa|2
|-boost|p1a: Cloyster|spe|2
|cant|p2a: Ting-Lu|par
|
|-heal|p2a: Ting-Lu|68/100 par|[from] item: Leftovers
|upkeep
|turn|57
|
|t:|1758933747
|-terastallize|p1a: Cloyster|Ice
|move|p1a: Cloyster|Icicle Spear|p2a: Ting-Lu
|-resisted|p2a: Ting-Lu
|-damage|p2a: Ting-Lu|56/100 par
|-resisted|p2a: Ting-Lu
|-damage|p2a: Ting-Lu|44/100 par
|-resisted|p2a: Ting-Lu
|-damage|p2a: Ting-Lu|31/100 par
|-resisted|p2a: Ting-Lu
|-damage|p2a: Ting-Lu|17/100 par
|-resisted|p2a: Ting-Lu
|-damage|p2a: Ting-Lu|4/100 par
|-hitcount|p2a: Ting-Lu|5
|move|p2a: Ting-Lu|Ruination|p1a: Cloyster
|-damage|p1a: Cloyster|13/100
|
|-heal|p2a: Ting-Lu|11/100 par|[from] item: Leftovers
|upkeep
|turn|58
|n|!bol de nouille|boldenouille
|c|☆Princessjosie1001!|Gg wp
|
|t:|1758933764
|move|p1a: Cloyster|Icicle Spear|p2a: Ting-Lu
|-resisted|p2a: Ting-Lu
|-damage|p2a: Ting-Lu|0 fnt
|faint|p2a: Ting-Lu
|-hitcount|p2: Ting-Lu|1
|
|upkeep
|-message|bol de nouille forfeited.
|
|win|Princessjosie1001!
