|j|☆pantalonescondidos
|j|☆Shibuya Arc
|t:|1758914338
|gametype|singles
|player|p1|pantalonescondidos|265|1407
|player|p2|Shibuya Arc|265|1428
|gen|9
|tier|[Gen 9] OU
|rated|
|rule|HP Percentage Mod: HP is shown in percentages
|rule|Endless Battle Clause: Forcing endless battles is banned
|rule|Species Clause: Limit one of each Pokémon
|rule|OHKO Clause: OHKO moves are banned
|rule|Evasion Items Clause: Evasion items are banned
|rule|Evasion Moves Clause: Evasion moves are banned
|rule|Evasion Abilities Clause: Evasion abilities are banned
|rule|Sleep Moves Clause: Sleep-inducing moves are banned
|clearpoke
|poke|p1|Sylveon, F|
|poke|p1|Slowking-Galar, F|
|poke|p1|Toxapex, F|
|poke|p1|Great Tusk|
|poke|p1|Kingambit, F|
|poke|p1|Rotom-Heat|
|poke|p2|Dragapult, F|
|poke|p2|Dragonite, F|
|poke|p2|Ting-Lu|
|poke|p2|Weezing-Galar, F|
|poke|p2|Iron Crown|
|poke|p2|Zapdos|
|teampreview
|inactive|Battle timer is ON: inactive players will automatically lose when time's up. (requested by pantalonescondidos)
|
|t:|1758914347
|teamsize|p1|6
|teamsize|p2|6
|start
|switch|p1a: Rotom|Rotom-Heat, shiny|100/100
|switch|p2a: Ting-Lu|Ting-Lu|100/100
|-ability|p2a: Ting-Lu|Vessel of Ruin
|turn|1
|inactive|Shibuya Arc also wants the timer to be on.
|
|t:|1758914374
|move|p1a: Rotom|Trick|p2a: Ting-Lu
|-activate|p1a: Rotom|move: Trick|[of] p2a: Ting-Lu
|-item|p2a: Ting-Lu|Choice Scarf|[from] move: Trick
|-item|p1a: Rotom|Leftovers|[from] move: Trick
|move|p2a: Ting-Lu|Ruination|p1a: Rotom
|-damage|p1a: Rotom|51/100
|
|-heal|p1a: Rotom|57/100|[from] item: Leftovers
|upkeep
|turn|2
|inactive|pantalonescondidos has 120 seconds left.
|
|t:|1758914408
|switch|p1a: Slowking|Slowking-Galar, F, shiny|100/100
|move|p2a: Ting-Lu|Ruination|p1a: Slowking|[miss]
|-miss|p2a: Ting-Lu|p1a: Slowking
|
|upkeep
|turn|3
|
|t:|1758914414
|switch|p2a: Zapdos|Zapdos|100/100
|move|p1a: Slowking|Flamethrower|p2a: Zapdos
|-damage|p2a: Zapdos|73/100
|
|upkeep
|turn|4
|inactive|pantalonescondidos has 120 seconds left.
|
|t:|1758914424
|move|p2a: Zapdos|Volt Switch|p1a: Slowking
|-damage|p1a: Slowking|85/100
|
|t:|1758914432
|switch|p2a: Ting-Lu|Ting-Lu|100/100|[from] Volt Switch
|-ability|p2a: Ting-Lu|Vessel of Ruin
|move|p1a: Slowking|Surf|p2a: Ting-Lu
|-supereffective|p2a: Ting-Lu
|-damage|p2a: Ting-Lu|82/100
|
|upkeep
|turn|5
|inactive|pantalonescondidos has 120 seconds left.
|
|t:|1758914476
|switch|p2a: Zapdos|Zapdos|73/100
|switch|p1a: Toxapex|Toxapex, F|100/100
|
|upkeep
|turn|6
|
|t:|1758914482
|switch|p1a: Great Tusk|Great Tusk|100/100
|move|p2a: Zapdos|Volt Switch|p1a: Great Tusk
|-immune|p1a: Great Tusk
|
|upkeep
|turn|7
|
|t:|1758914488
|-end|p1a: Great Tusk|Protosynthesis|[silent]
|switch|p1a: Slowking|Slowking-Galar, F, shiny|100/100
|move|p2a: Zapdos|Hurricane|p1a: Slowking
|-damage|p1a: Slowking|78/100
|
|upkeep
|turn|8
|inactive|pantalonescondidos has 120 seconds left.
|
|t:|1758914494
|move|p2a: Zapdos|Volt Switch|p1a: Slowking
|-damage|p1a: Slowking|63/100
|
|t:|1758914500
|switch|p2a: Dragonite|Dragonite, F|100/100|[from] Volt Switch
|move|p1a: Slowking|Flamethrower|p2a: Dragonite
|-resisted|p2a: Dragonite
|-damage|p2a: Dragonite|95/100
|
|upkeep
|turn|9
|
|t:|1758914506
|switch|p1a: Toxapex|Toxapex, F|100/100
|move|p2a: Dragonite|Earthquake|p1a: Toxapex
|-supereffective|p1a: Toxapex
|-damage|p1a: Toxapex|52/100
|
|upkeep
|turn|10
|
|t:|1758914515
|move|p2a: Dragonite|Earthquake|p1a: Toxapex
|-supereffective|p1a: Toxapex
|-damage|p1a: Toxapex|1/100
|move|p1a: Toxapex|Toxic|p2a: Dragonite
|-status|p2a: Dragonite|tox
|
|-damage|p2a: Dragonite|89/100 tox|[from] psn
|upkeep
|turn|11
|
|t:|1758914523
|switch|p2a: Iron Crown|Iron Crown|100/100
|switch|p1a: Rotom|Rotom-Heat, shiny|57/100
|
|-heal|p1a: Rotom|63/100|[from] item: Leftovers
|upkeep
|turn|12
|
|t:|1758914529
|switch|p1a: Kingambit|Kingambit, F|100/100
|move|p2a: Iron Crown|Volt Switch|p1a: Kingambit
|-damage|p1a: Kingambit|64/100
|
|t:|1758914539
|-end|p2a: Iron Crown|Quark Drive|[silent]
|switch|p2a: Ting-Lu|Ting-Lu|82/100|[from] Volt Switch
|-ability|p2a: Ting-Lu|Vessel of Ruin
|
|upkeep
|turn|13
|
|t:|1758914545
|-end|p1a: Kingambit|fallenundefined|[silent]
|switch|p1a: Great Tusk|Great Tusk|100/100
|move|p2a: Ting-Lu|Earthquake|p1a: Great Tusk
|-damage|p1a: Great Tusk|72/100
|
|upkeep
|turn|14
|
|t:|1758914552
|-end|p1a: Great Tusk|Protosynthesis|[silent]
|switch|p1a: Rotom|Rotom-Heat, shiny|63/100
|switch|p2a: Iron Crown|Iron Crown|100/100
|
|-heal|p1a: Rotom|69/100|[from] item: Leftovers
|upkeep
|turn|15
|
|t:|1758914560
|move|p2a: Iron Crown|Volt Switch|p1a: Rotom
|-resisted|p1a: Rotom
|-damage|p1a: Rotom|47/100
|
|t:|1758914567
|-end|p2a: Iron Crown|Quark Drive|[silent]
|switch|p2a: Ting-Lu|Ting-Lu|82/100|[from] Volt Switch
|-ability|p2a: Ting-Lu|Vessel of Ruin
|move|p1a: Rotom|Overheat|p2a: Ting-Lu
|-damage|p2a: Ting-Lu|60/100
|-unboost|p1a: Rotom|spa|2
|
|-heal|p1a: Rotom|54/100|[from] item: Leftovers
|upkeep
|turn|16
|inactive|pantalonescondidos has 120 seconds left.
|
|t:|1758914621
|switch|p1a: Sylveon|Sylveon, F, shiny|100/100
|move|p2a: Ting-Lu|Earthquake|p1a: Sylveon
|-damage|p1a: Sylveon|55/100
|
|-heal|p1a: Sylveon|61/100|[from] item: Leftovers
|upkeep
|turn|17
|
|t:|1758914630
|switch|p2a: Iron Crown|Iron Crown|100/100
|move|p1a: Sylveon|Wish|p1a: Sylveon
|
|-heal|p1a: Sylveon|68/100|[from] item: Leftovers
|upkeep
|turn|18
|
|t:|1758914636
|switch|p1a: Rotom|Rotom-Heat, shiny|54/100
|move|p2a: Iron Crown|Tachyon Cutter|p1a: Rotom
|-resisted|p1a: Rotom
|-damage|p1a: Rotom|42/100
|-resisted|p1a: Rotom
|-damage|p1a: Rotom|31/100
|-hitcount|p1a: Rotom|2
|
|-heal|p1a: Rotom|100/100|[from] move: Wish|[wisher] Sylveon
|upkeep
|turn|19
|
|t:|1758914644
|-end|p2a: Iron Crown|Quark Drive|[silent]
|switch|p2a: Ting-Lu|Ting-Lu|60/100
|-ability|p2a: Ting-Lu|Vessel of Ruin
|switch|p1a: Great Tusk|Great Tusk|72/100
|
|upkeep
|turn|20
|
|t:|1758914650
|-end|p1a: Great Tusk|Protosynthesis|[silent]
|switch|p1a: Sylveon|Sylveon, F, shiny|68/100
|move|p2a: Ting-Lu|Earthquake|p1a: Sylveon
|-damage|p1a: Sylveon|23/100
|
|-heal|p1a: Sylveon|29/100|[from] item: Leftovers
|upkeep
|turn|21
|
|t:|1758914657
|switch|p2a: Zapdos|Zapdos|73/100
|move|p1a: Sylveon|Protect||[still]
|-fail|p1a: Sylveon
|
|-heal|p1a: Sylveon|36/100|[from] item: Leftovers
|upkeep
|turn|22
|
|t:|1758914663
|move|p2a: Zapdos|Hurricane|p1a: Sylveon
|-damage|p1a: Sylveon|7/100
|move|p1a: Sylveon|Wish|p1a: Sylveon
|
|-heal|p1a: Sylveon|13/100|[from] item: Leftovers
|upkeep
|turn|23
|
|t:|1758914671
|switch|p2a: Iron Crown|Iron Crown|100/100
|move|p1a: Sylveon|Protect||[still]
|-fail|p1a: Sylveon
|
|-heal|p1a: Sylveon|63/100|[from] move: Wish|[wisher] Sylveon
|-heal|p1a: Sylveon|70/100|[from] item: Leftovers
|upkeep
|turn|24
|
|t:|1758914676
|move|p1a: Sylveon|Protect|p1a: Sylveon
|-singleturn|p1a: Sylveon|Protect
|move|p2a: Iron Crown|Tachyon Cutter|p1a: Sylveon
|-activate|p1a: Sylveon|move: Protect
|
|-heal|p1a: Sylveon|76/100|[from] item: Leftovers
|upkeep
|turn|25
|
|t:|1758914682
|switch|p1a: Rotom|Rotom-Heat, shiny|100/100
|move|p2a: Iron Crown|Tachyon Cutter|p1a: Rotom
|-resisted|p1a: Rotom
|-damage|p1a: Rotom|89/100
|-resisted|p1a: Rotom
|-damage|p1a: Rotom|79/100
|-hitcount|p1a: Rotom|2
|
|-heal|p1a: Rotom|85/100|[from] item: Leftovers
|upkeep
|turn|26
|
|t:|1758914690
|-end|p2a: Iron Crown|Quark Drive|[silent]
|switch|p2a: Ting-Lu|Ting-Lu|60/100
|-ability|p2a: Ting-Lu|Vessel of Ruin
|move|p1a: Rotom|Overheat|p2a: Ting-Lu
|-damage|p2a: Ting-Lu|39/100
|-unboost|p1a: Rotom|spa|2
|
|-heal|p1a: Rotom|91/100|[from] item: Leftovers
|upkeep
|turn|27
|
|t:|1758914699
|switch|p1a: Great Tusk|Great Tusk|72/100
|move|p2a: Ting-Lu|Earthquake|p1a: Great Tusk
|-damage|p1a: Great Tusk|44/100
|
|upkeep
|turn|28
|
|t:|1758914706
|-end|p1a: Great Tusk|Protosynthesis|[silent]
|switch|p1a: Rotom|Rotom-Heat, shiny|91/100
|switch|p2a: Zapdos|Zapdos|73/100
|
|-heal|p1a: Rotom|97/100|[from] item: Leftovers
|upkeep
|turn|29
|
|t:|1758914713
|switch|p1a: Slowking|Slowking-Galar, F, shiny|96/100
|move|p2a: Zapdos|Volt Switch|p1a: Slowking
|-damage|p1a: Slowking|80/100
|
|t:|1758914719
|switch|p2a: Dragapult|Dragapult, F|100/100|[from] Volt Switch
|
|upkeep
|turn|30
|
|t:|1758914725
|switch|p1a: Sylveon|Sylveon, F, shiny|76/100
|move|p2a: Dragapult|U-turn|p1a: Sylveon
|-resisted|p1a: Sylveon
|-damage|p1a: Sylveon|63/100
|
|t:|1758914731
|switch|p2a: Ting-Lu|Ting-Lu|39/100|[from] U-turn
|-ability|p2a: Ting-Lu|Vessel of Ruin
|
|-heal|p1a: Sylveon|69/100|[from] item: Leftovers
|upkeep
|turn|31
|
|t:|1758914737
|move|p2a: Ting-Lu|Earthquake|p1a: Sylveon
|-damage|p1a: Sylveon|23/100
|move|p1a: Sylveon|Wish|p1a: Sylveon
|
|-heal|p1a: Sylveon|29/100|[from] item: Leftovers
|upkeep
|turn|32
|
|t:|1758914743
|move|p1a: Sylveon|Protect|p1a: Sylveon
|-singleturn|p1a: Sylveon|Protect
|move|p2a: Ting-Lu|Earthquake|p1a: Sylveon
|-activate|p1a: Sylveon|move: Protect
|
|-heal|p1a: Sylveon|79/100|[from] move: Wish|[wisher] Sylveon
|-heal|p1a: Sylveon|85/100|[from] item: Leftovers
|upkeep
|turn|33
|
|t:|1758914748
|switch|p2a: Zapdos|Zapdos|73/100
|switch|p1a: Rotom|Rotom-Heat, shiny|97/100
|
|-heal|p1a: Rotom|100/100|[from] item: Leftovers
|upkeep
|turn|34
|
|t:|1758914754
|move|p2a: Zapdos|Volt Switch|p1a: Rotom
|-resisted|p1a: Rotom
|-damage|p1a: Rotom|80/100
|
|t:|1758914761
|switch|p2a: Ting-Lu|Ting-Lu|39/100|[from] Volt Switch
|-ability|p2a: Ting-Lu|Vessel of Ruin
|move|p1a: Rotom|Volt Switch|p2a: Ting-Lu
|-immune|p2a: Ting-Lu
|
|-heal|p1a: Rotom|86/100|[from] item: Leftovers
|upkeep
|turn|35
|
|t:|1758914767
|move|p1a: Rotom|Tera Blast|p2a: Ting-Lu
|-damage|p2a: Ting-Lu|30/100
|move|p2a: Ting-Lu|Ruination|p1a: Rotom
|-damage|p1a: Rotom|44/100
|
|-heal|p1a: Rotom|50/100|[from] item: Leftovers
|upkeep
|turn|36
|
|t:|1758914775
|switch|p1a: Toxapex|Toxapex, F|34/100
|move|p2a: Ting-Lu|Ruination|p1a: Toxapex
|-damage|p1a: Toxapex|18/100
|
|upkeep
|turn|37
|
|t:|1758914782
|switch|p2a: Iron Crown|Iron Crown|100/100
|switch|p1a: Slowking|Slowking-Galar, F, shiny|100/100
|
|upkeep
|turn|38
|
|t:|1758914788
|move|p2a: Iron Crown|Volt Switch|p1a: Slowking
|-damage|p1a: Slowking|87/100
|
|t:|1758914794
|-end|p2a: Iron Crown|Quark Drive|[silent]
|switch|p2a: Ting-Lu|Ting-Lu|30/100|[from] Volt Switch
|-ability|p2a: Ting-Lu|Vessel of Ruin
|move|p1a: Slowking|Flamethrower|p2a: Ting-Lu
|-crit|p2a: Ting-Lu
|-damage|p2a: Ting-Lu|16/100
|
|upkeep
|turn|39
|
|t:|1758914800
|switch|p2a: Iron Crown|Iron Crown|100/100
|switch|p1a: Rotom|Rotom-Heat, shiny|50/100
|
|-heal|p1a: Rotom|56/100|[from] item: Leftovers
|upkeep
|turn|40
|
|t:|1758914806
|switch|p1a: Slowking|Slowking-Galar, F, shiny|100/100
|move|p2a: Iron Crown|Psyshock|p1a: Slowking
|-damage|p1a: Slowking|34/100
|
|upkeep
|turn|41
|
|t:|1758914812
|-end|p2a: Iron Crown|Quark Drive|[silent]
|switch|p2a: Zapdos|Zapdos|73/100
|switch|p1a: Kingambit|Kingambit, F|64/100
|
|upkeep
|turn|42
|
|t:|1758914818
|-end|p1a: Kingambit|fallenundefined|[silent]
|switch|p1a: Slowking|Slowking-Galar, F, shiny|67/100
|move|p2a: Zapdos|Roost|p2a: Zapdos
|-heal|p2a: Zapdos|100/100
|-singleturn|p2a: Zapdos|move: Roost
|
|upkeep
|turn|43
|
|t:|1758914825
|move|p2a: Zapdos|Volt Switch|p1a: Slowking
|-crit|p1a: Slowking
|-damage|p1a: Slowking|46/100
|
|t:|1758914831
|switch|p2a: Ting-Lu|Ting-Lu|16/100|[from] Volt Switch
|-ability|p2a: Ting-Lu|Vessel of Ruin
|move|p1a: Slowking|Surf|p2a: Ting-Lu
|-supereffective|p2a: Ting-Lu
|-damage|p2a: Ting-Lu|0 fnt
|faint|p2a: Ting-Lu
|
|upkeep
|
|t:|1758914837
|switch|p2a: Iron Crown|Iron Crown|100/100
|turn|44
|
|t:|1758914843
|switch|p1a: Kingambit|Kingambit, F|64/100
|move|p2a: Iron Crown|Psyshock|p1a: Kingambit
|-immune|p1a: Kingambit
|
|upkeep
|turn|45
|
|t:|1758914849
|-end|p2a: Iron Crown|Quark Drive|[silent]
|switch|p2a: Zapdos|Zapdos|100/100
|move|p1a: Kingambit|Kowtow Cleave|p2a: Zapdos
|-damage|p2a: Zapdos|24/100
|-status|p1a: Kingambit|par|[from] ability: Static|[of] p2a: Zapdos
|
|upkeep
|turn|46
|
|t:|1758914858
|move|p2a: Zapdos|Roost|p2a: Zapdos
|-heal|p2a: Zapdos|75/100
|-singleturn|p2a: Zapdos|move: Roost
|move|p1a: Kingambit|Kowtow Cleave|p2a: Zapdos
|-damage|p2a: Zapdos|0 fnt
|faint|p2a: Zapdos
|
|upkeep
|
|t:|1758914864
|switch|p2a: Dragonite|Dragonite, F|89/100 tox
|turn|47
|
|t:|1758914870
|-end|p1a: Kingambit|fallenundefined|[silent]
|switch|p1a: Rotom|Rotom-Heat, shiny|56/100
|move|p2a: Dragonite|Earthquake|p1a: Rotom
|-immune|p1a: Rotom|[from] ability: Levitate
|
|-heal|p1a: Rotom|62/100|[from] item: Leftovers
|-damage|p2a: Dragonite|83/100 tox|[from] psn
|upkeep
|turn|48
|
|t:|1758914876
|-terastallize|p2a: Dragonite|Normal
|move|p2a: Dragonite|Extreme Speed|p1a: Rotom
|-damage|p1a: Rotom|6/100
|move|p1a: Rotom|Volt Switch|p2a: Dragonite
|-damage|p2a: Dragonite|54/100 tox
|
|t:|1758914883
|switch|p1a: Toxapex|Toxapex, F|51/100|[from] Volt Switch
|
|-damage|p2a: Dragonite|42/100 tox|[from] psn
|upkeep
|turn|49
|
|t:|1758914892
|move|p1a: Toxapex|Baneful Bunker|p1a: Toxapex
|-singleturn|p1a: Toxapex|move: Protect
|move|p2a: Dragonite|Roost|p2a: Dragonite
|-heal|p2a: Dragonite|92/100 tox
|
|-damage|p2a: Dragonite|74/100 tox|[from] psn
|upkeep
|turn|50
|
|t:|1758914898
|switch|p2a: Iron Crown|Iron Crown|100/100
|switch|p1a: Rotom|Rotom-Heat, shiny|6/100
|
|-heal|p1a: Rotom|13/100|[from] item: Leftovers
|upkeep
|turn|51
|
|t:|1758914903
|switch|p1a: Slowking|Slowking-Galar, F, shiny|80/100
|move|p2a: Iron Crown|Tachyon Cutter|p1a: Slowking
|-damage|p1a: Slowking|64/100
|-damage|p1a: Slowking|48/100
|-hitcount|p1a: Slowking|2
|
|upkeep
|turn|52
|
|t:|1758914909
|switch|p1a: Toxapex|Toxapex, F|84/100
|move|p2a: Iron Crown|Tachyon Cutter|p1a: Toxapex
|-resisted|p1a: Toxapex
|-damage|p1a: Toxapex|69/100
|-resisted|p1a: Toxapex
|-damage|p1a: Toxapex|53/100
|-hitcount|p1a: Toxapex|2
|
|upkeep
|turn|53
|
|t:|1758914917
|switch|p1a: Slowking|Slowking-Galar, F, shiny|81/100
|move|p2a: Iron Crown|Tachyon Cutter|p1a: Slowking
|-damage|p1a: Slowking|67/100
|-damage|p1a: Slowking|50/100
|-hitcount|p1a: Slowking|2
|
|upkeep
|turn|54
|
|t:|1758914923
|move|p2a: Iron Crown|Tachyon Cutter|p1a: Slowking
|-damage|p1a: Slowking|34/100
|-damage|p1a: Slowking|19/100
|-hitcount|p1a: Slowking|2
|move|p1a: Slowking|Future Sight|p2a: Iron Crown
|-start|p1a: Slowking|move: Future Sight
|
|upkeep
|turn|55
|
|t:|1758914928
|switch|p1a: Toxapex|Toxapex, F|86/100
|move|p2a: Iron Crown|Tachyon Cutter|p1a: Toxapex
|-resisted|p1a: Toxapex
|-damage|p1a: Toxapex|72/100
|-resisted|p1a: Toxapex
|-damage|p1a: Toxapex|56/100
|-hitcount|p1a: Toxapex|2
|
|upkeep
|turn|56
|
|t:|1758914936
|switch|p1a: Slowking|Slowking-Galar, F, shiny|53/100
|move|p2a: Iron Crown|Tachyon Cutter|p1a: Slowking
|-damage|p1a: Slowking|36/100
|-damage|p1a: Slowking|21/100
|-hitcount|p1a: Slowking|2
|
|-end|p2a: Iron Crown|move: Future Sight
|-resisted|p2a: Iron Crown
|-damage|p2a: Iron Crown|88/100
|upkeep
|turn|57
|
|t:|1758914942
|switch|p1a: Toxapex|Toxapex, F|89/100
|move|p2a: Iron Crown|Tachyon Cutter|p1a: Toxapex
|-resisted|p1a: Toxapex
|-damage|p1a: Toxapex|73/100
|-resisted|p1a: Toxapex
|-damage|p1a: Toxapex|58/100
|-hitcount|p1a: Toxapex|2
|
|upkeep
|turn|58
|
|t:|1758914949
|move|p1a: Toxapex|Baneful Bunker|p1a: Toxapex
|-singleturn|p1a: Toxapex|move: Protect
|move|p2a: Iron Crown|Tachyon Cutter|p1a: Toxapex
|-activate|p1a: Toxapex|move: Protect
|
|upkeep
|turn|59
|
|t:|1758914960
|move|p2a: Iron Crown|Tachyon Cutter|p1a: Toxapex
|-resisted|p1a: Toxapex
|-crit|p1a: Toxapex
|-damage|p1a: Toxapex|35/100
|-resisted|p1a: Toxapex
|-damage|p1a: Toxapex|19/100
|-hitcount|p1a: Toxapex|2
|move|p1a: Toxapex|Recover|p1a: Toxapex
|-heal|p1a: Toxapex|69/100
|
|upkeep
|turn|60
|
|t:|1758914967
|switch|p1a: Slowking|Slowking-Galar, F, shiny|54/100
|move|p2a: Iron Crown|Tachyon Cutter|p1a: Slowking
|-damage|p1a: Slowking|39/100
|-damage|p1a: Slowking|24/100
|-hitcount|p1a: Slowking|2
|
|upkeep
|turn|61
|
|t:|1758914973
|switch|p1a: Toxapex|Toxapex, F|100/100
|move|p2a: Iron Crown|Tachyon Cutter|p1a: Toxapex
|-resisted|p1a: Toxapex
|-damage|p1a: Toxapex|84/100
|-resisted|p1a: Toxapex
|-damage|p1a: Toxapex|68/100
|-hitcount|p1a: Toxapex|2
|
|upkeep
|turn|62
|
|t:|1758914980
|switch|p1a: Slowking|Slowking-Galar, F, shiny|57/100
|move|p2a: Iron Crown|Tachyon Cutter|p1a: Slowking
|-damage|p1a: Slowking|42/100
|-crit|p1a: Slowking
|-damage|p1a: Slowking|18/100
|-hitcount|p1a: Slowking|2
|
|upkeep
|turn|63
|
|t:|1758914986
|switch|p1a: Toxapex|Toxapex, F|100/100
|move|p2a: Iron Crown|Tachyon Cutter|p1a: Toxapex
|-resisted|p1a: Toxapex
|-damage|p1a: Toxapex|84/100
|-resisted|p1a: Toxapex
|-damage|p1a: Toxapex|69/100
|-hitcount|p1a: Toxapex|2
|
|upkeep
|turn|64
|
|t:|1758914993
|-end|p2a: Iron Crown|Quark Drive|[silent]
|switch|p2a: Weezing|Weezing-Galar, F|100/100
|-ability|p2a: Weezing|Neutralizing Gas
|move|p1a: Toxapex|Toxic|p2a: Weezing
|-immune|p2a: Weezing
|
|upkeep
|turn|65
|
|t:|1758914999
|-end|p2a: Weezing|ability: Neutralizing Gas
|switch|p2a: Iron Crown|Iron Crown|88/100
|switch|p1a: Slowking|Slowking-Galar, F, shiny|52/100
|
|upkeep
|turn|66
|
|t:|1758915005
|switch|p1a: Kingambit|Kingambit, F|64/100 par
|move|p2a: Iron Crown|Volt Switch|p1a: Kingambit
|-damage|p1a: Kingambit|31/100 par
|
|t:|1758915011
|-end|p2a: Iron Crown|Quark Drive|[silent]
|switch|p2a: Dragonite|Dragonite, F, tera:Normal|74/100 tox|[from] Volt Switch
|
|-damage|p2a: Dragonite|68/100 tox|[from] psn
|upkeep
|turn|67
|
|t:|1758915017
|-end|p1a: Kingambit|fallenundefined|[silent]
|switch|p1a: Toxapex|Toxapex, F|100/100
|move|p2a: Dragonite|Earthquake|p1a: Toxapex
|-supereffective|p1a: Toxapex
|-damage|p1a: Toxapex|57/100
|
|-damage|p2a: Dragonite|56/100 tox|[from] psn
|upkeep
|turn|68
|
|t:|1758915024
|-terastallize|p1a: Toxapex|Flying
|move|p2a: Dragonite|Roost|p2a: Dragonite
|-heal|p2a: Dragonite|100/100 tox
|move|p1a: Toxapex|Surf|p2a: Dragonite
|-damage|p2a: Dragonite|92/100 tox
|
|-damage|p2a: Dragonite|74/100 tox|[from] psn
|upkeep
|turn|69
|
|t:|1758915031
|switch|p2a: Weezing|Weezing-Galar, F|100/100
|-ability|p2a: Weezing|Neutralizing Gas
|move|p1a: Toxapex|Recover|p1a: Toxapex
|-heal|p1a: Toxapex|100/100
|
|upkeep
|turn|70
|
|t:|1758915037
|-end|p2a: Weezing|ability: Neutralizing Gas
|switch|p2a: Iron Crown|Iron Crown|88/100
|switch|p1a: Slowking|Slowking-Galar, F, shiny|85/100
|
|upkeep
|turn|71
|
|t:|1758915043
|move|p2a: Iron Crown|Psyshock|p1a: Slowking
|-damage|p1a: Slowking|19/100
|move|p1a: Slowking|Flamethrower|p2a: Iron Crown
|-supereffective|p2a: Iron Crown
|-damage|p2a: Iron Crown|39/100
|
|upkeep
|turn|72
|
|t:|1758915049
|-end|p2a: Iron Crown|Quark Drive|[silent]
|switch|p2a: Dragonite|Dragonite, F, tera:Normal|74/100 tox
|switch|p1a: Kingambit|Kingambit, F|31/100 par
|
|-damage|p2a: Dragonite|68/100 tox|[from] psn
|upkeep
|turn|73
|
|t:|1758915055
|-end|p1a: Kingambit|fallenundefined|[silent]
|switch|p1a: Toxapex|Toxapex, F, tera:Flying|100/100
|move|p2a: Dragonite|Earthquake|p1a: Toxapex
|-immune|p1a: Toxapex
|
|-damage|p2a: Dragonite|56/100 tox|[from] psn
|upkeep
|turn|74
|
|t:|1758915060
|switch|p1a: Slowking|Slowking-Galar, F, shiny|52/100
|move|p2a: Dragonite|Roost|p2a: Dragonite
|-heal|p2a: Dragonite|100/100 tox
|
|-damage|p2a: Dragonite|82/100 tox|[from] psn
|upkeep
|turn|75
|
|t:|1758915066
|switch|p2a: Iron Crown|Iron Crown|39/100
|switch|p1a: Toxapex|Toxapex, F, tera:Flying|100/100
|
|upkeep
|turn|76
|
|t:|1758915072
|-end|p2a: Iron Crown|Quark Drive|[silent]
|switch|p2a: Dragapult|Dragapult, F|100/100
|move|p1a: Toxapex|Baneful Bunker||[still]
|-fail|p1a: Toxapex
|
|upkeep
|turn|77
|
|t:|1758915078
|switch|p1a: Sylveon|Sylveon, F, shiny|85/100
|move|p2a: Dragapult|Dragon Darts|p1a: Sylveon
|-immune|p1a: Sylveon
|
|-heal|p1a: Sylveon|91/100|[from] item: Leftovers
|upkeep
|turn|78
|
|t:|1758915084
|move|p2a: Dragapult|U-turn|p1a: Sylveon
|-resisted|p1a: Sylveon
|-damage|p1a: Sylveon|78/100
|
|t:|1758915090
|switch|p2a: Iron Crown|Iron Crown|39/100|[from] U-turn
|move|p1a: Sylveon|Wish|p1a: Sylveon
|
|-heal|p1a: Sylveon|84/100|[from] item: Leftovers
|upkeep
|turn|79
|
|t:|1758915104
|switch|p1a: Slowking|Slowking-Galar, F, shiny|86/100
|move|p2a: Iron Crown|Psyshock|p1a: Slowking
|-damage|p1a: Slowking|23/100
|
|-heal|p1a: Slowking|73/100|[from] move: Wish|[wisher] Sylveon
|upkeep
|turn|80
|
|t:|1758915110
|-end|p2a: Iron Crown|Quark Drive|[silent]
|switch|p2a: Dragonite|Dragonite, F, tera:Normal|82/100 tox
|switch|p1a: Kingambit|Kingambit, F|31/100 par
|
|-damage|p2a: Dragonite|76/100 tox|[from] psn
|upkeep
|turn|81
|
|t:|1758915116
|-end|p1a: Kingambit|fallenundefined|[silent]
|switch|p1a: Toxapex|Toxapex, F, tera:Flying|100/100
|move|p2a: Dragonite|Earthquake|p1a: Toxapex
|-immune|p1a: Toxapex
|
|-damage|p2a: Dragonite|64/100 tox|[from] psn
|upkeep
|turn|82
|
|t:|1758915122
|move|p2a: Dragonite|Roost|p2a: Dragonite
|-heal|p2a: Dragonite|100/100 tox
|move|p1a: Toxapex|Surf|p2a: Dragonite
|-damage|p2a: Dragonite|91/100 tox
|
|-damage|p2a: Dragonite|73/100 tox|[from] psn
|upkeep
|turn|83
|
|t:|1758915129
|move|p2a: Dragonite|Roost|p2a: Dragonite
|-heal|p2a: Dragonite|100/100 tox
|move|p1a: Toxapex|Surf|p2a: Dragonite
|-damage|p2a: Dragonite|91/100 tox
|
|-damage|p2a: Dragonite|67/100 tox|[from] psn
|upkeep
|turn|84
|
|t:|1758915135
|switch|p2a: Iron Crown|Iron Crown|39/100
|move|p1a: Toxapex|Surf|p2a: Iron Crown
|-damage|p2a: Iron Crown|20/100
|
|upkeep
|turn|85
|
|t:|1758915142
|move|p1a: Toxapex|Baneful Bunker|p1a: Toxapex
|-singleturn|p1a: Toxapex|move: Protect
|move|p2a: Iron Crown|Psyshock|p1a: Toxapex
|-activate|p1a: Toxapex|move: Protect
|
|upkeep
|turn|86
|
|t:|1758915148
|-end|p2a: Iron Crown|Quark Drive|[silent]
|switch|p2a: Dragonite|Dragonite, F, tera:Normal|67/100 tox
|switch|p1a: Kingambit|Kingambit, F|31/100 par
|
|-damage|p2a: Dragonite|61/100 tox|[from] psn
|upkeep
|turn|87
|
|t:|1758915153
|-end|p1a: Kingambit|fallenundefined|[silent]
|switch|p1a: Toxapex|Toxapex, F, tera:Flying|100/100
|move|p2a: Dragonite|Roost|p2a: Dragonite
|-heal|p2a: Dragonite|100/100 tox
|
|-damage|p2a: Dragonite|88/100 tox|[from] psn
|upkeep
|turn|88
|
|t:|1758915159
|switch|p2a: Dragapult|Dragapult, F|100/100
|move|p1a: Toxapex|Surf|p2a: Dragapult
|-resisted|p2a: Dragapult
|-damage|p2a: Dragapult|86/100
|
|upkeep
|turn|89
|
|t:|1758915166
|move|p2a: Dragapult|Dragon Darts|p1a: Toxapex
|-damage|p1a: Toxapex|88/100
|-anim|p2a: Dragapult|Dragon Darts|p1a: Toxapex
|-damage|p1a: Toxapex|75/100
|move|p1a: Toxapex|Toxic|p2a: Dragapult
|-status|p2a: Dragapult|tox
|
|-damage|p2a: Dragapult|80/100 tox|[from] psn
|upkeep
|turn|90
|
|t:|1758915172
|switch|p1a: Sylveon|Sylveon, F, shiny|84/100
|move|p2a: Dragapult|U-turn|p1a: Sylveon
|-resisted|p1a: Sylveon
|-damage|p1a: Sylveon|73/100
|
|t:|1758915178
|switch|p2a: Dragonite|Dragonite, F, tera:Normal|88/100 tox|[from] U-turn
|
|-heal|p1a: Sylveon|79/100|[from] item: Leftovers
|-damage|p2a: Dragonite|82/100 tox|[from] psn
|upkeep
|turn|91
|
|t:|1758915184
|switch|p1a: Toxapex|Toxapex, F, tera:Flying|100/100
|move|p2a: Dragonite|Dragon Dance|p2a: Dragonite
|-boost|p2a: Dragonite|atk|1
|-boost|p2a: Dragonite|spe|1
|
|-damage|p2a: Dragonite|70/100 tox|[from] psn
|upkeep
|turn|92
|
|t:|1758915190
|move|p2a: Dragonite|Extreme Speed|p1a: Toxapex
|-damage|p1a: Toxapex|61/100
|-damage|p2a: Dragonite|54/100 tox|[from] item: Rocky Helmet|[of] p1a: Toxapex
|move|p1a: Toxapex|Surf|p2a: Dragonite
|-damage|p2a: Dragonite|34/100 tox
|
|-damage|p2a: Dragonite|16/100 tox|[from] psn
|upkeep
|turn|93
|
|t:|1758915197
|move|p2a: Dragonite|Roost|p2a: Dragonite
|-heal|p2a: Dragonite|66/100 tox
|move|p1a: Toxapex|Surf|p2a: Dragonite
|-damage|p2a: Dragonite|47/100 tox
|
|-damage|p2a: Dragonite|23/100 tox|[from] psn
|upkeep
|turn|94
|
|t:|1758915203
|move|p2a: Dragonite|Roost|p2a: Dragonite
|-heal|p2a: Dragonite|73/100 tox
|move|p1a: Toxapex|Surf|p2a: Dragonite
|-damage|p2a: Dragonite|54/100 tox
|
|-damage|p2a: Dragonite|24/100 tox|[from] psn
|upkeep
|turn|95
|
|t:|1758915211
|switch|p2a: Iron Crown|Iron Crown|20/100
|move|p1a: Toxapex|Baneful Bunker||[still]
|-fail|p1a: Toxapex
|
|upkeep
|turn|96
|
|t:|1758915216
|move|p1a: Toxapex|Baneful Bunker|p1a: Toxapex
|-singleturn|p1a: Toxapex|move: Protect
|move|p2a: Iron Crown|Volt Switch|p1a: Toxapex
|-activate|p1a: Toxapex|move: Protect
|
|upkeep
|turn|97
|
|t:|1758915222
|-end|p2a: Iron Crown|Quark Drive|[silent]
|switch|p2a: Weezing|Weezing-Galar, F|100/100
|-ability|p2a: Weezing|Neutralizing Gas
|switch|p1a: Great Tusk|Great Tusk|44/100
|
|upkeep
|turn|98
|
|t:|1758915228
|-end|p2a: Weezing|ability: Neutralizing Gas
|switch|p2a: Dragonite|Dragonite, F, tera:Normal|24/100 tox
|move|p1a: Great Tusk|Headlong Rush|p2a: Dragonite
|-crit|p2a: Dragonite
|-damage|p2a: Dragonite|0 fnt
|-unboost|p1a: Great Tusk|def|1
|-unboost|p1a: Great Tusk|spd|1
|faint|p2a: Dragonite
|
|upkeep
|
|t:|1758915235
|switch|p2a: Iron Crown|Iron Crown|20/100
|turn|99
|
|t:|1758915240
|-end|p1a: Great Tusk|Protosynthesis|[silent]
|switch|p1a: Slowking|Slowking-Galar, F, shiny|100/100
|move|p2a: Iron Crown|Volt Switch|p1a: Slowking
|-damage|p1a: Slowking|87/100
|
|t:|1758915246
|-end|p2a: Iron Crown|Quark Drive|[silent]
|switch|p2a: Dragapult|Dragapult, F|80/100 tox|[from] Volt Switch
|
|-damage|p2a: Dragapult|74/100 tox|[from] psn
|upkeep
|turn|100
|
|t:|1758915252
|switch|p1a: Toxapex|Toxapex, F, tera:Flying|61/100
|move|p2a: Dragapult|U-turn|p1a: Toxapex
|-resisted|p1a: Toxapex
|-damage|p1a: Toxapex|55/100
|-damage|p2a: Dragapult|58/100 tox|[from] item: Rocky Helmet|[of] p1a: Toxapex
|
|t:|1758915259
|switch|p2a: Iron Crown|Iron Crown|20/100|[from] U-turn
|
|upkeep
|turn|101
|
|t:|1758915264
|switch|p1a: Slowking|Slowking-Galar, F, shiny|100/100
|move|p2a: Iron Crown|Volt Switch|p1a: Slowking
|-damage|p1a: Slowking|85/100
|
|t:|1758915270
|-end|p2a: Iron Crown|Quark Drive|[silent]
|switch|p2a: Weezing|Weezing-Galar, F|100/100|[from] Volt Switch
|-ability|p2a: Weezing|Neutralizing Gas
|
|upkeep
|turn|102
|
|t:|1758915276
|-end|p2a: Weezing|ability: Neutralizing Gas
|switch|p2a: Dragapult|Dragapult, F|58/100 tox
|move|p1a: Slowking|Future Sight|p2a: Dragapult
|-start|p1a: Slowking|move: Future Sight
|
|-damage|p2a: Dragapult|52/100 tox|[from] psn
|upkeep
|turn|103
|
|t:|1758915282
|switch|p1a: Toxapex|Toxapex, F, tera:Flying|88/100
|move|p2a: Dragapult|U-turn|p1a: Toxapex
|-resisted|p1a: Toxapex
|-damage|p1a: Toxapex|82/100
|-damage|p2a: Dragapult|36/100 tox|[from] item: Rocky Helmet|[of] p1a: Toxapex
|
|t:|1758915288
|switch|p2a: Iron Crown|Iron Crown|20/100|[from] U-turn
|
|upkeep
|turn|104
|
|t:|1758915294
|move|p1a: Toxapex|Baneful Bunker|p1a: Toxapex
|-singleturn|p1a: Toxapex|move: Protect
|move|p2a: Iron Crown|Focus Blast|p1a: Toxapex
|-activate|p1a: Toxapex|move: Protect
|
|-end|p2a: Iron Crown|move: Future Sight
|-resisted|p2a: Iron Crown
|-damage|p2a: Iron Crown|7/100
|upkeep
|turn|105
|
|t:|1758915302
|-end|p2a: Iron Crown|Quark Drive|[silent]
|switch|p2a: Weezing|Weezing-Galar, F|100/100
|-ability|p2a: Weezing|Neutralizing Gas
|switch|p1a: Slowking|Slowking-Galar, F, shiny|100/100
|
|upkeep
|turn|106
|
|t:|1758915308
|move|p2a: Weezing|Toxic Spikes|p1a: Slowking
|-sidestart|p1: pantalonescondidos|move: Toxic Spikes
|move|p1a: Slowking|Sludge Bomb|p2a: Weezing
|-damage|p2a: Weezing|50/100
|
|upkeep
|turn|107
|
|t:|1758915314
|-end|p2a: Weezing|ability: Neutralizing Gas
|switch|p2a: Iron Crown|Iron Crown|7/100
|move|p1a: Slowking|Sludge Bomb|p2a: Iron Crown
|-immune|p2a: Iron Crown
|
|upkeep
|turn|108
|
|t:|1758915319
|move|p2a: Iron Crown|Volt Switch|p1a: Slowking
|-damage|p1a: Slowking|85/100
|
|t:|1758915325
|-end|p2a: Iron Crown|Quark Drive|[silent]
|switch|p2a: Dragapult|Dragapult, F|36/100 tox|[from] Volt Switch
|move|p1a: Slowking|Flamethrower|p2a: Dragapult
|-resisted|p2a: Dragapult
|-damage|p2a: Dragapult|18/100 tox
|
|-damage|p2a: Dragapult|12/100 tox|[from] psn
|upkeep
|turn|109
|
|t:|1758915331
|switch|p1a: Toxapex|Toxapex, F, tera:Flying|82/100
|move|p2a: Dragapult|U-turn|p1a: Toxapex
|-resisted|p1a: Toxapex
|-damage|p1a: Toxapex|76/100
|-damage|p2a: Dragapult|0 fnt|[from] item: Rocky Helmet|[of] p1a: Toxapex
|faint|p2a: Dragapult
|
|upkeep
|
|t:|1758915338
|switch|p2a: Iron Crown|Iron Crown|7/100
|turn|110
|
|t:|1758915343
|switch|p1a: Slowking|Slowking-Galar, F, shiny|100/100
|-sideend|p1: pantalonescondidos|move: Toxic Spikes|[of] p1a: Slowking
|move|p2a: Iron Crown|Volt Switch|p1a: Slowking
|-damage|p1a: Slowking|87/100
|
|t:|1758915349
|-end|p2a: Iron Crown|Quark Drive|[silent]
|switch|p2a: Weezing|Weezing-Galar, F|50/100|[from] Volt Switch
|-ability|p2a: Weezing|Neutralizing Gas
|
|upkeep
|turn|111
|
|t:|1758915355
|move|p2a: Weezing|Will-O-Wisp|p1a: Slowking
|-status|p1a: Slowking|brn
|move|p1a: Slowking|Future Sight|p2a: Weezing
|-start|p1a: Slowking|move: Future Sight
|
|-damage|p1a: Slowking|81/100 brn|[from] brn
|upkeep
|turn|112
|
|t:|1758915360
|move|p2a: Weezing|Pain Split|p1a: Slowking
|-sethp|p1a: Slowking|62/100 brn|[from] move: Pain Split|[silent]
|-sethp|p2a: Weezing|73/100|[from] move: Pain Split
|move|p1a: Slowking|Sludge Bomb|p2a: Weezing
|-damage|p2a: Weezing|26/100
|
|-damage|p1a: Slowking|56/100 brn|[from] brn
|upkeep
|turn|113
|
|t:|1758915365
|-end|p2a: Weezing|ability: Neutralizing Gas
|switch|p2a: Iron Crown|Iron Crown|7/100
|move|p1a: Slowking|Sludge Bomb|p2a: Iron Crown
|-immune|p2a: Iron Crown
|
|-end|p2a: Iron Crown|move: Future Sight
|-resisted|p2a: Iron Crown
|-crit|p2a: Iron Crown
|-damage|p2a: Iron Crown|0 fnt
|faint|p2a: Iron Crown
|-end|p2a: Iron Crown|Quark Drive|[silent]
|-damage|p1a: Slowking|49/100 brn|[from] brn
|upkeep
|
|t:|1758915371
|switch|p2a: Weezing|Weezing-Galar, F|26/100
|-ability|p2a: Weezing|Neutralizing Gas
|turn|114
|
|t:|1758915377
|move|p2a: Weezing|Pain Split|p1a: Slowking
|-sethp|p1a: Slowking|36/100 brn|[from] move: Pain Split|[silent]
|-sethp|p2a: Weezing|42/100|[from] move: Pain Split
|move|p1a: Slowking|Sludge Bomb|p2a: Weezing
|-damage|p2a: Weezing|0 fnt
|faint|p2a: Weezing
|-end|p2a: Weezing|ability: Neutralizing Gas
|
|win|pantalonescondidos
|raw|pantalonescondidos's rating: 1407 &rarr; <strong>1428</strong><br />(+21 for winning)
|raw|Shibuya Arc's rating: 1428 &rarr; <strong>1407</strong><br />(-21 for losing)
