|j|☆fusty333
|j|‽Pyroath
|t:|1759042793
|gametype|singles
|player|p1|fusty333|burglar|1551
|player|p2|Pyroath|170|1557
|gen|9
|tier|[Gen 9] OU
|rated|
|rule|HP Percentage Mod: HP is shown in percentages
|rule|Endless Battle Clause: Forcing endless battles is banned
|rule|Species Clause: Limit one of each Pokémon
|rule|OHKO Clause: OHKO moves are banned
|rule|Evasion Items Clause: Evasion items are banned
|rule|Evasion Moves Clause: Evasion moves are banned
|rule|Evasion Abilities Clause: Evasion abilities are banned
|rule|Sleep Moves Clause: Sleep-inducing moves are banned
|clearpoke
|poke|p1|Dragapult, F|
|poke|p1|Excadrill, F|
|poke|p1|Rotom-Heat|
|poke|p1|Corviknight, F|
|poke|p1|Araquanid, F|
|poke|p1|Zamazenta-*|
|poke|p2|Greninja-*, F|
|poke|p2|Hydrapple, F|
|poke|p2|Slowking-Galar, F|
|poke|p2|Lokix, M|
|poke|p2|Moltres|
|poke|p2|Great Tusk|
|teampreview
|
|t:|1759042818
|teamsize|p1|6
|teamsize|p2|6
|start
|switch|p1a: Rotom|Rotom-Heat|100/100
|switch|p2a: Greninja|Greninja, F|100/100
|turn|1
|
|t:|1759042824
|move|p1a: Rotom|Volt Switch|p2a: Greninja
|-supereffective|p2a: Greninja
|-damage|p2a: Greninja|0 fnt
|faint|p2a: Greninja
|inactive|Battle timer is ON: inactive players will automatically lose when time's up. (requested by Pyroath)
|
|t:|1759042829
|switch|p1a: Dragapult|Dragapult, F|100/100|[from] Volt Switch
|
|upkeep
|
|t:|1759042840
|switch|p2a: Lokix|Lokix, M|100/100
|turn|2
|
|t:|1759042845
|switch|p1a: Corviknight|Corviknight, F, shiny|100/100
|move|p2a: Lokix|Knock Off|p1a: Corviknight
|-damage|p1a: Corviknight|55/100
|-damage|p2a: Lokix|84/100|[from] item: Rocky Helmet|[of] p1a: Corviknight
|-enditem|p1a: Corviknight|Rocky Helmet|[from] move: Knock Off|[of] p2a: Lokix
|
|upkeep
|turn|3
|
|t:|1759042849
|switch|p2a: Moltres|Moltres|100/100
|move|p1a: Corviknight|Roost|p1a: Corviknight
|-heal|p1a: Corviknight|100/100
|-singleturn|p1a: Corviknight|move: Roost
|
|upkeep
|turn|4
|
|t:|1759042853
|switch|p1a: Araquanid|Araquanid, F, shiny|100/100
|move|p2a: Moltres|U-turn|p1a: Araquanid
|-crit|p1a: Araquanid
|-damage|p1a: Araquanid|79/100
|
|t:|1759042856
|switch|p2a: Lokix|Lokix, M|84/100|[from] U-turn
|
|-heal|p1a: Araquanid|85/100|[from] item: Leftovers
|upkeep
|turn|5
|
|t:|1759042861
|switch|p1a: Corviknight|Corviknight, F, shiny|100/100
|move|p2a: Lokix|U-turn|p1a: Corviknight
|-resisted|p1a: Corviknight
|-damage|p1a: Corviknight|84/100
|
|t:|1759042865
|switch|p2a: Moltres|Moltres|100/100|[from] U-turn
|
|upkeep
|turn|6
|
|t:|1759042878
|switch|p1a: Rotom|Rotom-Heat|100/100
|move|p2a: Moltres|U-turn|p1a: Rotom
|-resisted|p1a: Rotom
|-damage|p1a: Rotom|91/100
|
|t:|1759042881
|switch|p2a: Hydrapple|Hydrapple, F|100/100|[from] U-turn
|
|upkeep
|turn|7
|
|t:|1759042888
|move|p1a: Rotom|Trick|p2a: Hydrapple
|-activate|p1a: Rotom|move: Trick|[of] p2a: Hydrapple
|-item|p2a: Hydrapple|Choice Scarf|[from] move: Trick
|-item|p1a: Rotom|Choice Specs|[from] move: Trick
|move|p2a: Hydrapple|Fickle Beam|p1a: Rotom
|-damage|p1a: Rotom|34/100
|
|upkeep
|turn|8
|
|t:|1759042894
|move|p1a: Rotom|Volt Switch|p2a: Hydrapple
|-resisted|p2a: Hydrapple
|-damage|p2a: Hydrapple|87/100
|
|t:|1759042896
|switch|p1a: Araquanid|Araquanid, F, shiny|85/100|[from] Volt Switch
|move|p2a: Hydrapple|Fickle Beam|p1a: Araquanid|[anim] Fickle Beam All Out
|-activate|p2a: Hydrapple|move: Fickle Beam
|-damage|p1a: Araquanid|30/100
|
|-heal|p1a: Araquanid|36/100|[from] item: Leftovers
|upkeep
|turn|9
|
|t:|1759042898
|move|p2a: Hydrapple|Fickle Beam|p1a: Araquanid
|-damage|p1a: Araquanid|9/100
|move|p1a: Araquanid|Endeavor|p2a: Hydrapple
|-damage|p2a: Hydrapple|7/100
|
|-heal|p1a: Araquanid|15/100|[from] item: Leftovers
|upkeep
|turn|10
|
|t:|1759042902
|switch|p1a: Corviknight|Corviknight, F, shiny|84/100
|move|p2a: Hydrapple|Fickle Beam|p1a: Corviknight
|-resisted|p1a: Corviknight
|-damage|p1a: Corviknight|65/100
|
|upkeep
|turn|11
|
|t:|1759042906
|switch|p2a: Moltres|Moltres|100/100
|move|p1a: Corviknight|U-turn|p2a: Moltres
|-resisted|p2a: Moltres
|-damage|p2a: Moltres|98/100
|
|t:|1759042908
|switch|p1a: Dragapult|Dragapult, F|100/100|[from] U-turn
|
|upkeep
|turn|12
|
|t:|1759042912
|move|p1a: Dragapult|Draco Meteor|p2a: Moltres|[miss]
|-miss|p1a: Dragapult|p2a: Moltres
|move|p2a: Moltres|U-turn|p1a: Dragapult
|-resisted|p1a: Dragapult
|-damage|p1a: Dragapult|90/100
|
|t:|1759042918
|switch|p2a: Slowking|Slowking-Galar, F|100/100|[from] U-turn
|
|upkeep
|turn|13
|
|t:|1759042929
|switch|p1a: Rotom|Rotom-Heat|34/100
|-prepare|p2a: Slowking|Chilly Reception|[premajor]
|move|p2a: Slowking|Chilly Reception|p2a: Slowking
|-weather|Snowscape
|
|t:|1759042948
|switch|p2a: Lokix|Lokix, M|84/100|[from] Chilly Reception
|
|-weather|Snowscape|[upkeep]
|upkeep
|turn|14
|inactive|fusty333 has 120 seconds left.
|
|t:|1759042982
|move|p2a: Lokix|First Impression|p1a: Rotom
|-resisted|p1a: Rotom
|-damage|p1a: Rotom|0 fnt
|faint|p1a: Rotom
|
|-weather|Snowscape|[upkeep]
|upkeep
|inactive|fusty333 has 120 seconds left.
|
|t:|1759042988
|switch|p1a: Corviknight|Corviknight, F, shiny|65/100
|turn|15
|
|t:|1759042992
|switch|p2a: Hydrapple|Hydrapple, F|41/100
|move|p1a: Corviknight|U-turn|p2a: Hydrapple
|-supereffective|p2a: Hydrapple
|-damage|p2a: Hydrapple|19/100
|
|t:|1759042996
|switch|p1a: Dragapult|Dragapult, F|90/100|[from] U-turn
|
|-weather|Snowscape|[upkeep]
|upkeep
|turn|16
|
|t:|1759043002
|switch|p2a: Slowking|Slowking-Galar, F|100/100
|move|p1a: Dragapult|Shadow Ball|p2a: Slowking
|-supereffective|p2a: Slowking
|-damage|p2a: Slowking|37/100
|-unboost|p2a: Slowking|spd|1
|
|-weather|Snowscape|[upkeep]
|upkeep
|turn|17
|
|t:|1759043006
|switch|p2a: Lokix|Lokix, M|84/100
|move|p1a: Dragapult|Shadow Ball|p2a: Lokix
|-resisted|p2a: Lokix
|-crit|p2a: Lokix
|-damage|p2a: Lokix|0 fnt
|faint|p2a: Lokix
|
|-weather|none
|upkeep
|
|t:|1759043014
|switch|p2a: Hydrapple|Hydrapple, F|52/100
|turn|18
|
|t:|1759043016
|move|p1a: Dragapult|Shadow Ball|p2a: Hydrapple
|-damage|p2a: Hydrapple|0 fnt
|faint|p2a: Hydrapple
|
|upkeep
|
|t:|1759043021
|switch|p2a: Great Tusk|Great Tusk|100/100
|turn|19
|
|t:|1759043028
|switch|p1a: Corviknight|Corviknight, F, shiny|65/100
|move|p2a: Great Tusk|Ice Spinner|p1a: Corviknight
|-damage|p1a: Corviknight|47/100
|
|upkeep
|turn|20
|
|t:|1759043036
|-end|p2a: Great Tusk|Protosynthesis|[silent]
|switch|p2a: Moltres|Moltres|98/100
|move|p1a: Corviknight|Roost|p1a: Corviknight
|-heal|p1a: Corviknight|97/100
|-singleturn|p1a: Corviknight|move: Roost
|
|upkeep
|turn|21
|
|t:|1759043038
|move|p2a: Moltres|Will-O-Wisp|p1a: Corviknight
|-status|p1a: Corviknight|brn
|move|p1a: Corviknight|U-turn|p2a: Moltres
|-resisted|p2a: Moltres
|-damage|p2a: Moltres|97/100
|
|t:|1759043041
|switch|p1a: Dragapult|Dragapult, F|90/100|[from] U-turn
|
|upkeep
|turn|22
|
|t:|1759043045
|move|p1a: Dragapult|Shadow Ball|p2a: Moltres
|-damage|p2a: Moltres|33/100
|move|p2a: Moltres|U-turn|p1a: Dragapult
|-resisted|p1a: Dragapult
|-damage|p1a: Dragapult|81/100
|
|t:|1759043050
|switch|p2a: Great Tusk|Great Tusk|100/100|[from] U-turn
|
|upkeep
|turn|23
|
|t:|1759043057
|switch|p1a: Corviknight|Corviknight, F, shiny|97/100 brn
|move|p2a: Great Tusk|Ice Spinner|p1a: Corviknight
|-damage|p1a: Corviknight|80/100 brn
|
|-damage|p1a: Corviknight|74/100 brn|[from] brn
|upkeep
|turn|24
|
|t:|1759043059
|-end|p2a: Great Tusk|Protosynthesis|[silent]
|switch|p2a: Moltres|Moltres|33/100
|move|p1a: Corviknight|U-turn|p2a: Moltres
|-resisted|p2a: Moltres
|-damage|p2a: Moltres|32/100
|
|t:|1759043062
|switch|p1a: Dragapult|Dragapult, F|81/100|[from] U-turn
|
|upkeep
|turn|25
|
|t:|1759043068
|switch|p2a: Slowking|Slowking-Galar, F|70/100
|move|p1a: Dragapult|Shadow Ball|p2a: Slowking
|-supereffective|p2a: Slowking
|-damage|p2a: Slowking|6/100
|
|upkeep
|turn|26
|
|t:|1759043071
|move|p1a: Dragapult|Shadow Ball|p2a: Slowking
|-supereffective|p2a: Slowking
|-damage|p2a: Slowking|0 fnt
|faint|p2a: Slowking
|
|upkeep
|
|t:|1759043072
|switch|p2a: Great Tusk|Great Tusk|100/100
|turn|27
|
|t:|1759043076
|switch|p1a: Araquanid|Araquanid, F, shiny|15/100
|-end|p2a: Great Tusk|Protosynthesis|[silent]
|switch|p2a: Moltres|Moltres|32/100
|
|-heal|p1a: Araquanid|21/100|[from] item: Leftovers
|upkeep
|turn|28
|
|t:|1759043078
|move|p2a: Moltres|Flamethrower|p1a: Araquanid
|-damage|p1a: Araquanid|11/100
|move|p1a: Araquanid|Liquidation|p2a: Moltres
|-supereffective|p2a: Moltres
|-damage|p2a: Moltres|0 fnt
|faint|p2a: Moltres
|
|-heal|p1a: Araquanid|17/100|[from] item: Leftovers
|upkeep
|
|t:|1759043080
|switch|p2a: Great Tusk|Great Tusk|100/100
|turn|29
|
|t:|1759043082
|move|p2a: Great Tusk|Rapid Spin|p1a: Araquanid
|-damage|p1a: Araquanid|0 fnt
|-boost|p2a: Great Tusk|spe|1
|faint|p1a: Araquanid
|
|upkeep
|
|t:|1759043088
|switch|p1a: Dragapult|Dragapult, F|81/100
|turn|30
|
|t:|1759043091
|-terastallize|p1a: Dragapult|Steel
|move|p2a: Great Tusk|Ice Spinner|p1a: Dragapult
|-resisted|p1a: Dragapult
|-damage|p1a: Dragapult|61/100
|move|p1a: Dragapult|Surf|p2a: Great Tusk
|-supereffective|p2a: Great Tusk
|-damage|p2a: Great Tusk|0 fnt
|faint|p2a: Great Tusk
|-end|p2a: Great Tusk|Protosynthesis|[silent]
|
|win|fusty333
|raw|fusty333's rating: 1551 &rarr; <strong>1571</strong><br />(+20 for winning)
|raw|Pyroath's rating: 1557 &rarr; <strong>1537</strong><br />(-20 for losing)
|l|‽Pyroath
|player|p2|
|c|☆fusty333|gg
