|j|☆Shibuya Arc
|j|☆lanarey
|t:|1758961746
|gametype|singles
|player|p1|Shibuya Arc|265|1723
|player|p2|lanarey|lady-gen4|1660
|gen|9
|tier|[Gen 9] OU
|rated|
|rule|HP Percentage Mod: HP is shown in percentages
|rule|Endless Battle Clause: Forcing endless battles is banned
|rule|Species Clause: Limit one of each Pokémon
|rule|OHKO Clause: OHKO moves are banned
|rule|Evasion Items Clause: Evasion items are banned
|rule|Evasion Moves Clause: Evasion moves are banned
|rule|Evasion Abilities Clause: Evasion abilities are banned
|rule|Sleep Moves Clause: Sleep-inducing moves are banned
|clearpoke
|poke|p1|Dragapult, F|
|poke|p1|Dragonite, F|
|poke|p1|Ting-Lu|
|poke|p1|Weezing-Galar, F|
|poke|p1|Iron Crown|
|poke|p1|Zapdos|
|poke|p2|Kyurem|
|poke|p2|Landorus-Therian, M|
|poke|p2|Ogerpon-Wellspring, F|
|poke|p2|Hatterene, F|
|poke|p2|Zamazenta-*|
|poke|p2|Kingambit, F|
|teampreview
|inactive|Battle timer is ON: inactive players will automatically lose when time's up. (requested by lanarey)
|inactive|Shibuya Arc also wants the timer to be on.
|
|t:|1758961766
|teamsize|p1|6
|teamsize|p2|6
|start
|switch|p1a: Iron Crown|Iron Crown|100/100
|switch|p2a: Ogerpon|Ogerpon-Wellspring, F|100/100
|turn|1
|
|t:|1758961773
|move|p2a: Ogerpon|Ivy Cudgel|p1a: Iron Crown|[anim] Ivy Cudgel Water
|-crit|p1a: Iron Crown
|-damage|p1a: Iron Crown|6/100
|move|p1a: Iron Crown|Psyshock|p2a: Ogerpon
|-damage|p2a: Ogerpon|22/100
|
|upkeep
|turn|2
|
|t:|1758961781
|move|p2a: Ogerpon|U-turn|p1a: Iron Crown
|-damage|p1a: Iron Crown|0 fnt
|faint|p1a: Iron Crown
|-end|p1a: Iron Crown|Quark Drive|[silent]
|
|t:|1758961784
|switch|p2a: Hatterene|Hatterene, F|100/100|[from] U-turn
|
|upkeep
|
|t:|1758961790
|switch|p1a: Dragonite|Dragonite, F|100/100
|turn|3
|
|t:|1758961803
|move|p1a: Dragonite|Dragon Dance|p1a: Dragonite
|-boost|p1a: Dragonite|atk|1
|-boost|p1a: Dragonite|spe|1
|move|p2a: Hatterene|Nuzzle|p1a: Dragonite
|-damage|p1a: Dragonite|98/100
|-status|p1a: Dragonite|par
|
|upkeep
|turn|4
|
|t:|1758961814
|switch|p1a: Ting-Lu|Ting-Lu|100/100
|-ability|p1a: Ting-Lu|Vessel of Ruin
|move|p2a: Hatterene|Draining Kiss|p1a: Ting-Lu
|-supereffective|p1a: Ting-Lu
|-damage|p1a: Ting-Lu|81/100
|
|-heal|p1a: Ting-Lu|87/100|[from] item: Leftovers
|upkeep
|turn|5
|
|t:|1758961824
|move|p1a: Ting-Lu|Ruination|p2a: Hatterene
|-damage|p2a: Hatterene|50/100
|move|p2a: Hatterene|Draining Kiss|p1a: Ting-Lu
|-supereffective|p1a: Ting-Lu
|-damage|p1a: Ting-Lu|68/100
|-heal|p2a: Hatterene|74/100|[from] drain|[of] p1a: Ting-Lu
|
|-heal|p1a: Ting-Lu|74/100|[from] item: Leftovers
|upkeep
|turn|6
|
|t:|1758961836
|-terastallize|p1a: Ting-Lu|Water
|move|p1a: Ting-Lu|Ruination|p2a: Hatterene
|-damage|p2a: Hatterene|37/100
|move|p2a: Hatterene|Draining Kiss|p1a: Ting-Lu
|-damage|p1a: Ting-Lu|64/100
|-heal|p2a: Hatterene|49/100|[from] drain|[of] p1a: Ting-Lu
|
|-heal|p1a: Ting-Lu|70/100|[from] item: Leftovers
|upkeep
|turn|7
|
|t:|1758961847
|move|p1a: Ting-Lu|Stealth Rock|p2a: Hatterene
|move|p2a: Hatterene|Stealth Rock|p1a: Ting-Lu|[from] ability: Magic Bounce
|-sidestart|p1: Shibuya Arc|move: Stealth Rock
|move|p2a: Hatterene|Pain Split|p1a: Ting-Lu
|-sethp|p1a: Ting-Lu|50/100|[from] move: Pain Split|[silent]
|-sethp|p2a: Hatterene|81/100|[from] move: Pain Split
|
|-heal|p1a: Ting-Lu|57/100|[from] item: Leftovers
|upkeep
|turn|8
|
|t:|1758961854
|move|p1a: Ting-Lu|Earthquake|p2a: Hatterene
|-damage|p2a: Hatterene|50/100
|move|p2a: Hatterene|Psychic Noise|p1a: Ting-Lu
|-damage|p1a: Ting-Lu|44/100
|-start|p1a: Ting-Lu|move: Heal Block
|
|upkeep
|turn|9
|
|t:|1758961864
|move|p1a: Ting-Lu|Stealth Rock|p2a: Hatterene
|move|p2a: Hatterene|Stealth Rock||[from] ability: Magic Bounce|[still]
|-fail|p2a: Hatterene
|move|p2a: Hatterene|Draining Kiss|p1a: Ting-Lu
|-damage|p1a: Ting-Lu|35/100
|-heal|p2a: Hatterene|61/100|[from] drain|[of] p1a: Ting-Lu
|
|-end|p1a: Ting-Lu|move: Heal Block
|upkeep
|turn|10
|
|t:|1758961875
|move|p2a: Hatterene|Nuzzle|p1a: Ting-Lu
|-supereffective|p1a: Ting-Lu
|-damage|p1a: Ting-Lu|30/100
|-status|p1a: Ting-Lu|par
|cant|p1a: Ting-Lu|par
|
|-heal|p1a: Ting-Lu|36/100 par|[from] item: Leftovers
|upkeep
|turn|11
|
|t:|1758961883
|move|p2a: Hatterene|Psychic Noise|p1a: Ting-Lu
|-damage|p1a: Ting-Lu|22/100 par
|-start|p1a: Ting-Lu|move: Heal Block
|move|p1a: Ting-Lu|Whirlwind|p2a: Hatterene
|move|p2a: Hatterene|Whirlwind|p1a: Ting-Lu|[from] ability: Magic Bounce
|drag|p1a: Weezing|Weezing-Galar, F|100/100
|-ability|p1a: Weezing|Neutralizing Gas
|
|upkeep
|turn|12
|
|t:|1758961891
|-end|p1a: Weezing|ability: Neutralizing Gas
|switch|p1a: Zapdos|Zapdos|100/100
|move|p2a: Hatterene|Psychic Noise|p1a: Zapdos
|-damage|p1a: Zapdos|64/100
|-start|p1a: Zapdos|move: Heal Block
|
|upkeep
|turn|13
|
|t:|1758961899
|switch|p1a: Dragapult|Dragapult, F|100/100
|move|p2a: Hatterene|Psychic Noise|p1a: Dragapult
|-damage|p1a: Dragapult|49/100
|-start|p1a: Dragapult|move: Heal Block
|
|upkeep
|turn|14
|
|t:|1758961907
|move|p1a: Dragapult|U-turn|p2a: Hatterene
|-damage|p2a: Hatterene|44/100
|-damage|p1a: Dragapult|33/100|[from] item: Rocky Helmet|[of] p2a: Hatterene
|
|t:|1758961915
|switch|p1a: Ting-Lu|Ting-Lu, tera:Water|22/100 par|[from] U-turn
|-damage|p1a: Ting-Lu|9/100 par|[from] Stealth Rock
|-ability|p1a: Ting-Lu|Vessel of Ruin
|move|p2a: Hatterene|Draining Kiss|p1a: Ting-Lu
|-damage|p1a: Ting-Lu|0 fnt
|-heal|p2a: Hatterene|55/100|[from] drain|[of] p1a: Ting-Lu
|faint|p1a: Ting-Lu
|
|upkeep
|
|t:|1758961923
|switch|p1a: Dragapult|Dragapult, F|33/100
|turn|15
|
|t:|1758961930
|move|p1a: Dragapult|Hex|p2a: Hatterene
|-supereffective|p2a: Hatterene
|-damage|p2a: Hatterene|2/100
|move|p2a: Hatterene|Draining Kiss|p1a: Dragapult
|-supereffective|p1a: Dragapult
|-damage|p1a: Dragapult|0 fnt
|-heal|p2a: Hatterene|26/100|[from] drain|[of] p1a: Dragapult
|faint|p1a: Dragapult
|
|upkeep
|
|t:|1758961939
|switch|p1a: Zapdos|Zapdos|64/100
|turn|16
|
|t:|1758961946
|move|p1a: Zapdos|Hurricane|p2a: Hatterene
|-damage|p2a: Hatterene|0 fnt
|faint|p2a: Hatterene
|
|upkeep
|
|t:|1758961953
|switch|p2a: Kyurem|Kyurem|100/100
|-ability|p2a: Kyurem|Pressure
|turn|17
|
|t:|1758961960
|-terastallize|p2a: Kyurem|Electric
|move|p1a: Zapdos|Roost|p1a: Zapdos
|-heal|p1a: Zapdos|100/100
|-singleturn|p1a: Zapdos|move: Roost
|move|p2a: Kyurem|Dragon Dance|p2a: Kyurem
|-boost|p2a: Kyurem|atk|1
|-boost|p2a: Kyurem|spe|1
|
|upkeep
|turn|18
|
|t:|1758961966
|move|p2a: Kyurem|Dragon Dance|p2a: Kyurem
|-boost|p2a: Kyurem|atk|1
|-boost|p2a: Kyurem|spe|1
|move|p1a: Zapdos|Hurricane|p2a: Kyurem|[miss]
|-miss|p1a: Zapdos|p2a: Kyurem
|
|upkeep
|turn|19
|
|t:|1758961975
|move|p2a: Kyurem|Dragon Dance|p2a: Kyurem
|-boost|p2a: Kyurem|atk|1
|-boost|p2a: Kyurem|spe|1
|move|p1a: Zapdos|Roost||[still]
|-fail|p1a: Zapdos|heal
|
|upkeep
|turn|20
|
|t:|1758961982
|move|p2a: Kyurem|Dragon Dance|p2a: Kyurem
|-boost|p2a: Kyurem|atk|1
|-boost|p2a: Kyurem|spe|1
|move|p1a: Zapdos|Roost||[still]
|-fail|p1a: Zapdos|heal
|
|upkeep
|turn|21
|
|t:|1758961988
|move|p2a: Kyurem|Dragon Dance|p2a: Kyurem
|-boost|p2a: Kyurem|atk|1
|-boost|p2a: Kyurem|spe|1
|move|p1a: Zapdos|Volt Switch|p2a: Kyurem
|-resisted|p2a: Kyurem
|-damage|p2a: Kyurem|82/100
|
|t:|1758961996
|switch|p1a: Dragonite|Dragonite, F|98/100 par|[from] Volt Switch
|
|upkeep
|turn|22
|
|t:|1758962002
|move|p1a: Dragonite|Extreme Speed|p2a: Kyurem
|-damage|p2a: Kyurem|52/100
|move|p2a: Kyurem|Icicle Spear|p1a: Dragonite
|-supereffective|p1a: Dragonite
|-damage|p1a: Dragonite|0 fnt
|faint|p1a: Dragonite
|-hitcount|p1: Dragonite|1
|
|upkeep
|
|t:|1758962011
|switch|p1a: Weezing|Weezing-Galar, F|100/100
|-ability|p1a: Weezing|Neutralizing Gas
|turn|23
|
|t:|1758962017
|move|p2a: Kyurem|Icicle Spear|p1a: Weezing
|-damage|p1a: Weezing|73/100
|-damage|p1a: Weezing|44/100
|-damage|p1a: Weezing|14/100
|-damage|p1a: Weezing|0 fnt
|faint|p1a: Weezing
|-end|p1a: Weezing|ability: Neutralizing Gas
|-ability|p2a: Kyurem|Pressure
|-hitcount|p1: Weezing|4
|
|upkeep
|
|t:|1758962022
|switch|p1a: Zapdos|Zapdos|100/100
|turn|24
|
|t:|1758962025
|move|p2a: Kyurem|Tera Blast|p1a: Zapdos|[anim] Tera Blast Electric
|-damage|p1a: Zapdos|0 fnt
|faint|p1a: Zapdos
|
|win|lanarey
|raw|Shibuya Arc's rating: 1723 &rarr; <strong>1699</strong><br />(-24 for losing)
|raw|lanarey's rating: 1660 &rarr; <strong>1684</strong><br />(+24 for winning)
|l|☆Shibuya Arc
|player|p1|
|l|☆lanarey
|player|p2|
