|j|☆BabyGronkel
|j|☆JumboDorito
|t:|1759033002
|gametype|singles
|player|p1|BabyGronkel|juan|
|player|p2|JumboDorito|170|
|gen|9
|tier|[Gen 9] OU
|rule|HP Percentage Mod: HP is shown in percentages
|rule|Endless Battle Clause: Forcing endless battles is banned
|rule|Species Clause: Limit one of each Pokémon
|rule|OHKO Clause: OHKO moves are banned
|rule|Evasion Items Clause: Evasion items are banned
|rule|Evasion Moves Clause: Evasion moves are banned
|rule|Evasion Abilities Clause: Evasion abilities are banned
|rule|Sleep Moves Clause: Sleep-inducing moves are banned
|clearpoke
|poke|p1|Bombirdier, F|
|poke|p1|Copperajah, M|
|poke|p1|Skeledirge, M|
|poke|p1|Rotom-Frost|
|poke|p1|Clawitzer, F|
|poke|p1|Gholdengo|
|poke|p2|Wo-Chien|
|poke|p2|Chimecho, F|
|poke|p2|Hariyama, F|
|poke|p2|Delphox, F|
|poke|p2|Darkrai|
|poke|p2|Persian, F|
|teampreview
|
|t:|1759033028
|teamsize|p1|6
|teamsize|p2|6
|start
|switch|p1a: Bombardini Gusini|Bombirdier, F|100/100
|switch|p2a: Fox|Delphox, F|100/100
|turn|1
|
|t:|1759033048
|switch|p2a: Token of Offering|Persian, F|100/100
|move|p1a: Bombardini Gusini|Payback|p2a: Token of Offering
|-damage|p2a: Token of Offering|54/100
|
|upkeep
|turn|2
|
|t:|1759033056
|switch|p1a: TungTungTungSahur|Gholdengo|100/100
|move|p2a: Token of Offering|Fake Out|p1a: TungTungTungSahur
|-immune|p1a: TungTungTungSahur
|
|upkeep
|turn|3
|
|t:|1759033079
|move|p2a: Token of Offering|U-turn|p1a: TungTungTungSahur
|-resisted|p1a: TungTungTungSahur
|-damage|p1a: TungTungTungSahur|96/100
|
|t:|1759033083
|switch|p2a: Forest Spirit|Wo-Chien|100/100|[from] U-turn
|-ability|p2a: Forest Spirit|Tablets of Ruin
|move|p1a: TungTungTungSahur|Substitute|p1a: TungTungTungSahur
|-start|p1a: TungTungTungSahur|Substitute
|-damage|p1a: TungTungTungSahur|71/100
|
|upkeep
|turn|4
|
|t:|1759033093
|move|p1a: TungTungTungSahur|Make It Rain|p2a: Forest Spirit
|-damage|p2a: Forest Spirit|63/100
|-unboost|p1a: TungTungTungSahur|spa|1
|-enditem|p1a: TungTungTungSahur|Eject Pack
|
|t:|1759033116
|switch|p1a: Bombardini Gusini|Bombirdier, F|100/100
|move|p2a: Forest Spirit|Knock Off|p1a: Bombardini Gusini
|-resisted|p1a: Bombardini Gusini
|-damage|p1a: Bombardini Gusini|79/100
|-enditem|p1a: Bombardini Gusini|Muscle Band|[from] move: Knock Off|[of] p2a: Forest Spirit
|
|-heal|p2a: Forest Spirit|69/100|[from] item: Leftovers
|upkeep
|turn|5
|
|t:|1759033143
|move|p2a: Forest Spirit|Protect|p2a: Forest Spirit
|-singleturn|p2a: Forest Spirit|Protect
|move|p1a: Bombardini Gusini|U-turn|p2a: Forest Spirit
|-activate|p2a: Forest Spirit|move: Protect
|
|-heal|p2a: Forest Spirit|75/100|[from] item: Leftovers
|upkeep
|turn|6
|
|t:|1759033175
|-terastallize|p2a: Forest Spirit|Water
|move|p1a: Bombardini Gusini|U-turn|p2a: Forest Spirit
|-damage|p2a: Forest Spirit|62/100
|
|t:|1759033182
|switch|p1a: Frigo Camello|Rotom-Frost|100/100|[from] U-turn
|move|p2a: Forest Spirit|Leech Seed|p1a: Frigo Camello
|-start|p1a: Frigo Camello|move: Leech Seed
|
|-heal|p2a: Forest Spirit|68/100|[from] item: Leftovers
|-damage|p1a: Frigo Camello|88/100|[from] Leech Seed|[of] p2a: Forest Spirit
|-heal|p2a: Forest Spirit|78/100|[silent]
|upkeep
|turn|7
|
|t:|1759033192
|switch|p1a: Trippi Troppo|Clawitzer, F|100/100
|move|p2a: Forest Spirit|Protect||[still]
|-fail|p2a: Forest Spirit
|
|-heal|p2a: Forest Spirit|84/100|[from] item: Leftovers
|upkeep
|turn|8
|
|t:|1759033203
|move|p2a: Forest Spirit|Leech Seed|p1a: Trippi Troppo
|-start|p1a: Trippi Troppo|move: Leech Seed
|move|p1a: Trippi Troppo|Dragon Pulse|p2a: Forest Spirit
|-damage|p2a: Forest Spirit|60/100
|
|-heal|p2a: Forest Spirit|67/100|[from] item: Leftovers
|-damage|p1a: Trippi Troppo|88/100|[from] Leech Seed|[of] p2a: Forest Spirit
|-heal|p2a: Forest Spirit|78/100|[silent]
|upkeep
|turn|9
|
|t:|1759033207
|switch|p1a: TungTungTungSahur|Gholdengo|71/100
|move|p2a: Forest Spirit|Knock Off|p1a: TungTungTungSahur
|-supereffective|p1a: TungTungTungSahur
|-damage|p1a: TungTungTungSahur|29/100
|
|-heal|p2a: Forest Spirit|84/100|[from] item: Leftovers
|upkeep
|turn|10
|
|t:|1759033231
|move|p1a: TungTungTungSahur|Make It Rain|p2a: Forest Spirit
|-resisted|p2a: Forest Spirit
|-damage|p2a: Forest Spirit|67/100
|-unboost|p1a: TungTungTungSahur|spa|1
|move|p2a: Forest Spirit|Knock Off|p1a: TungTungTungSahur
|-supereffective|p1a: TungTungTungSahur
|-damage|p1a: TungTungTungSahur|0 fnt
|faint|p1a: TungTungTungSahur
|
|-heal|p2a: Forest Spirit|73/100|[from] item: Leftovers
|upkeep
|
|t:|1759033237
|switch|p1a: Frigo Camello|Rotom-Frost|88/100
|turn|11
|
|t:|1759033253
|switch|p2a: Token of Offering|Persian, F|54/100
|move|p1a: Frigo Camello|Thunderbolt|p2a: Token of Offering
|-damage|p2a: Token of Offering|0 fnt
|faint|p2a: Token of Offering
|
|upkeep
|
|t:|1759033257
|switch|p2a: Fox|Delphox, F|100/100
|turn|12
|
|t:|1759033260
|switch|p1a: Trippi Troppo|Clawitzer, F|88/100
|move|p2a: Fox|Flamethrower|p1a: Trippi Troppo
|-resisted|p1a: Trippi Troppo
|-damage|p1a: Trippi Troppo|65/100
|
|upkeep
|turn|13
|
|t:|1759033268
|switch|p2a: Forest Spirit|Wo-Chien, tera:Water|73/100
|-ability|p2a: Forest Spirit|Tablets of Ruin
|move|p1a: Trippi Troppo|Dragon Pulse|p2a: Forest Spirit
|-damage|p2a: Forest Spirit|51/100
|
|-heal|p2a: Forest Spirit|57/100|[from] item: Leftovers
|upkeep
|turn|14
|
|t:|1759033277
|move|p2a: Forest Spirit|Leech Seed|p1a: Trippi Troppo
|-start|p1a: Trippi Troppo|move: Leech Seed
|move|p1a: Trippi Troppo|Mud-Slap|p2a: Forest Spirit
|-damage|p2a: Forest Spirit|53/100
|-unboost|p2a: Forest Spirit|accuracy|1
|
|-heal|p2a: Forest Spirit|60/100|[from] item: Leftovers
|-damage|p1a: Trippi Troppo|52/100|[from] Leech Seed|[of] p2a: Forest Spirit
|-heal|p2a: Forest Spirit|71/100|[silent]
|upkeep
|turn|15
|
|t:|1759033282
|switch|p1a: Frigo Camello|Rotom-Frost|88/100
|move|p2a: Forest Spirit|Leech Seed|p1a: Frigo Camello
|-start|p1a: Frigo Camello|move: Leech Seed
|
|-heal|p2a: Forest Spirit|77/100|[from] item: Leftovers
|-damage|p1a: Frigo Camello|76/100|[from] Leech Seed|[of] p2a: Forest Spirit
|-heal|p2a: Forest Spirit|87/100|[silent]
|upkeep
|turn|16
|
|t:|1759033288
|move|p2a: Forest Spirit|Protect|p2a: Forest Spirit
|-singleturn|p2a: Forest Spirit|Protect
|move|p1a: Frigo Camello|Thunder Wave|p2a: Forest Spirit
|-activate|p2a: Forest Spirit|move: Protect
|
|-heal|p2a: Forest Spirit|93/100|[from] item: Leftovers
|-damage|p1a: Frigo Camello|63/100|[from] Leech Seed|[of] p2a: Forest Spirit
|-heal|p2a: Forest Spirit|100/100|[silent]
|upkeep
|turn|17
|
|t:|1759033294
|switch|p2a: Shrine Bell|Chimecho, F|100/100
|move|p1a: Frigo Camello|Thunderbolt|p2a: Shrine Bell
|-damage|p2a: Shrine Bell|61/100
|
|-heal|p2a: Shrine Bell|67/100|[from] item: Leftovers
|-damage|p1a: Frigo Camello|51/100|[from] Leech Seed|[of] p2a: Shrine Bell
|-heal|p2a: Shrine Bell|77/100|[silent]
|upkeep
|turn|18
|
|t:|1759033305
|switch|p1a: Lirila Larila|Copperajah, M|100/100
|move|p2a: Shrine Bell|Future Sight|p1a: Lirila Larila
|-start|p2a: Shrine Bell|move: Future Sight
|
|-heal|p2a: Shrine Bell|84/100|[from] item: Leftovers
|upkeep
|turn|19
|
|t:|1759033315
|switch|p2a: Praying Monk|Hariyama, F|100/100
|move|p1a: Lirila Larila|Stealth Rock|p2a: Praying Monk
|-sidestart|p2: JumboDorito|move: Stealth Rock
|
|upkeep
|turn|20
|
|t:|1759033340
|move|p2a: Praying Monk|Thunder Punch|p1a: Lirila Larila
|-damage|p1a: Lirila Larila|68/100
|move|p1a: Lirila Larila|Bulldoze|p2a: Praying Monk
|-damage|p2a: Praying Monk|82/100
|-unboost|p2a: Praying Monk|spe|1
|
|-end|p1a: Lirila Larila|move: Future Sight
|-resisted|p1a: Lirila Larila
|-damage|p1a: Lirila Larila|55/100
|-heal|p1a: Lirila Larila|61/100|[from] item: Leftovers
|upkeep
|turn|21
|
|t:|1759033353
|switch|p1a: BombardilloCrocodi|Skeledirge, M|100/100
|move|p2a: Praying Monk|Drain Punch|p1a: BombardilloCrocodi
|-immune|p1a: BombardilloCrocodi
|
|upkeep
|turn|22
|
|t:|1759033389
|switch|p2a: Evil Spirit|Darkrai|100/100
|-damage|p2a: Evil Spirit|88/100|[from] Stealth Rock
|move|p1a: BombardilloCrocodi|Roar|p2a: Evil Spirit
|drag|p2a: Fox|Delphox, F|100/100
|-damage|p2a: Fox|76/100|[from] Stealth Rock
|
|upkeep
|turn|23
|
|t:|1759033405
|move|p2a: Fox|Scorching Sands|p1a: BombardilloCrocodi
|-supereffective|p1a: BombardilloCrocodi
|-damage|p1a: BombardilloCrocodi|46/100
|move|p1a: BombardilloCrocodi|Shadow Ball|p2a: Fox
|-supereffective|p2a: Fox
|-damage|p2a: Fox|9/100
|
|upkeep
|turn|24
|
|t:|1759033417
|switch|p1a: Bombardini Gusini|Bombirdier, F|79/100
|move|p2a: Fox|Scorching Sands|p1a: Bombardini Gusini
|-immune|p1a: Bombardini Gusini
|
|upkeep
|turn|25
|
|t:|1759033428
|move|p2a: Fox|Flamethrower|p1a: Bombardini Gusini
|-damage|p1a: Bombardini Gusini|20/100
|-status|p1a: Bombardini Gusini|brn
|move|p1a: Bombardini Gusini|U-turn|p2a: Fox
|-damage|p2a: Fox|0 fnt
|faint|p2a: Fox
|
|t:|1759033440
|switch|p1a: Frigo Camello|Rotom-Frost|51/100|[from] U-turn
|
|upkeep
|
|t:|1759033444
|switch|p2a: Evil Spirit|Darkrai|88/100
|-damage|p2a: Evil Spirit|76/100|[from] Stealth Rock
|turn|26
|
|t:|1759033451
|switch|p1a: Bombardini Gusini|Bombirdier, F|20/100 brn
|move|p2a: Evil Spirit|Dark Pulse|p1a: Bombardini Gusini
|-resisted|p1a: Bombardini Gusini
|-damage|p1a: Bombardini Gusini|0 fnt
|faint|p1a: Bombardini Gusini
|-damage|p2a: Evil Spirit|66/100|[from] item: Life Orb
|
|upkeep
|
|t:|1759033471
|switch|p1a: Trippi Troppo|Clawitzer, F|52/100
|turn|27
|
|t:|1759033478
|switch|p2a: Forest Spirit|Wo-Chien, tera:Water|100/100
|-damage|p2a: Forest Spirit|88/100|[from] Stealth Rock
|-ability|p2a: Forest Spirit|Tablets of Ruin
|move|p1a: Trippi Troppo|Dragon Pulse|p2a: Forest Spirit
|-damage|p2a: Forest Spirit|67/100
|
|-heal|p2a: Forest Spirit|73/100|[from] item: Leftovers
|upkeep
|turn|28
|
|t:|1759033486
|move|p2a: Forest Spirit|Leech Seed|p1a: Trippi Troppo
|-start|p1a: Trippi Troppo|move: Leech Seed
|move|p1a: Trippi Troppo|Mud-Slap|p2a: Forest Spirit
|-damage|p2a: Forest Spirit|70/100
|-unboost|p2a: Forest Spirit|accuracy|1
|
|-heal|p2a: Forest Spirit|76/100|[from] item: Leftovers
|-damage|p1a: Trippi Troppo|40/100|[from] Leech Seed|[of] p2a: Forest Spirit
|-heal|p2a: Forest Spirit|87/100|[silent]
|upkeep
|-enditem|p1a: Trippi Troppo|Sitrus Berry|[eat]
|-heal|p1a: Trippi Troppo|65/100|[from] item: Sitrus Berry
|turn|29
|
|t:|1759033495
|switch|p1a: Frigo Camello|Rotom-Frost|51/100
|move|p2a: Forest Spirit|Knock Off|p1a: Frigo Camello
|-damage|p1a: Frigo Camello|21/100
|-enditem|p1a: Frigo Camello|Metronome|[from] move: Knock Off|[of] p2a: Forest Spirit
|
|-heal|p2a: Forest Spirit|94/100|[from] item: Leftovers
|upkeep
|turn|30
|
|t:|1759033509
|move|p2a: Forest Spirit|Protect|p2a: Forest Spirit
|-singleturn|p2a: Forest Spirit|Protect
|move|p1a: Frigo Camello|Thunderbolt|p2a: Forest Spirit
|-activate|p2a: Forest Spirit|move: Protect
|
|-heal|p2a: Forest Spirit|99/100|[from] item: Leftovers
|upkeep
|turn|31
|
|t:|1759033520
|move|p1a: Frigo Camello|Thunderbolt|p2a: Forest Spirit
|-supereffective|p2a: Forest Spirit
|-damage|p2a: Forest Spirit|58/100
|move|p2a: Forest Spirit|Knock Off|p1a: Frigo Camello
|-damage|p1a: Frigo Camello|0 fnt
|faint|p1a: Frigo Camello
|
|-heal|p2a: Forest Spirit|64/100|[from] item: Leftovers
|upkeep
|
|t:|1759033551
|switch|p1a: BombardilloCrocodi|Skeledirge, M|46/100
|turn|32
|
|t:|1759033558
|move|p2a: Forest Spirit|Knock Off|p1a: BombardilloCrocodi
|-supereffective|p1a: BombardilloCrocodi
|-crit|p1a: BombardilloCrocodi
|-damage|p1a: BombardilloCrocodi|0 fnt
|-enditem|p1a: BombardilloCrocodi|Covert Cloak|[from] move: Knock Off|[of] p2a: Forest Spirit
|faint|p1a: BombardilloCrocodi
|
|-heal|p2a: Forest Spirit|70/100|[from] item: Leftovers
|upkeep
|
|t:|1759033560
|switch|p1a: Lirila Larila|Copperajah, M|61/100
|turn|33
|
|t:|1759033568
|switch|p2a: Praying Monk|Hariyama, F|82/100
|-damage|p2a: Praying Monk|76/100|[from] Stealth Rock
|-terastallize|p1a: Lirila Larila|Grass
|move|p1a: Lirila Larila|Bulldoze|p2a: Praying Monk
|-damage|p2a: Praying Monk|58/100
|-unboost|p2a: Praying Monk|spe|1
|
|-heal|p1a: Lirila Larila|67/100|[from] item: Leftovers
|upkeep
|turn|34
|
|t:|1759033577
|move|p1a: Lirila Larila|Heavy Slam|p2a: Praying Monk
|-damage|p2a: Praying Monk|6/100
|move|p2a: Praying Monk|Drain Punch|p1a: Lirila Larila
|-damage|p1a: Lirila Larila|20/100
|-heal|p2a: Praying Monk|27/100|[from] drain|[of] p1a: Lirila Larila
|
|-heal|p1a: Lirila Larila|27/100|[from] item: Leftovers
|upkeep
|turn|35
|
|t:|1759033583
|move|p2a: Praying Monk|Bullet Punch|p1a: Lirila Larila
|-damage|p1a: Lirila Larila|9/100
|move|p1a: Lirila Larila|Heavy Slam|p2a: Praying Monk
|-damage|p2a: Praying Monk|0 fnt
|faint|p2a: Praying Monk
|
|-heal|p1a: Lirila Larila|15/100|[from] item: Leftovers
|upkeep
|
|t:|1759033586
|switch|p2a: Evil Spirit|Darkrai|66/100
|-damage|p2a: Evil Spirit|53/100|[from] Stealth Rock
|turn|36
|
|t:|1759033590
|move|p2a: Evil Spirit|Ice Beam|p1a: Lirila Larila
|-supereffective|p1a: Lirila Larila
|-damage|p1a: Lirila Larila|0 fnt
|faint|p1a: Lirila Larila
|-damage|p2a: Evil Spirit|43/100|[from] item: Life Orb
|
|upkeep
|
|t:|1759033592
|switch|p1a: Trippi Troppo|Clawitzer, F|65/100
|turn|37
|
|t:|1759033595
|move|p2a: Evil Spirit|Dark Pulse|p1a: Trippi Troppo
|-damage|p1a: Trippi Troppo|11/100
|-damage|p2a: Evil Spirit|33/100|[from] item: Life Orb
|cant|p1a: Trippi Troppo|flinch
|
|upkeep
|turn|38
|
|t:|1759033601
|move|p2a: Evil Spirit|Dark Pulse|p1a: Trippi Troppo
|-damage|p1a: Trippi Troppo|0 fnt
|faint|p1a: Trippi Troppo
|-damage|p2a: Evil Spirit|23/100|[from] item: Life Orb
|
|win|JumboDorito
|l|☆BabyGronkel
|player|p1|
|l|☆JumboDorito
|player|p2|
