|j|☆Oreocookie123
|j|☆PinkPenguin4995
|t:|1758936813
|gametype|singles
|player|p1|Oreocookie123|2|1123
|player|p2|PinkPenguin4995|266|1145
|gen|9
|tier|[Gen 9] OU
|rated|
|rule|HP Percentage Mod: HP is shown in percentages
|rule|Endless Battle Clause: Forcing endless battles is banned
|rule|Species Clause: Limit one of each Pokémon
|rule|OHKO Clause: OHKO moves are banned
|rule|Evasion Items Clause: Evasion items are banned
|rule|Evasion Moves Clause: Evasion moves are banned
|rule|Evasion Abilities Clause: Evasion abilities are banned
|rule|Sleep Moves Clause: Sleep-inducing moves are banned
|clearpoke
|poke|p1|Volbeat, M|
|poke|p1|Raichu-Alola, F|
|poke|p1|Magneton|
|poke|p1|Politoed, M|
|poke|p1|Magnezone|
|poke|p1|Minior-Blue|
|poke|p2|Empoleon, M|
|poke|p2|Lucario, M|
|poke|p2|Ceruledge, M|
|poke|p2|Lycanroc-Dusk, M|
|poke|p2|Noivern, F|
|poke|p2|Toxtricity, M|
|teampreview
|
|t:|1758936832
|teamsize|p1|6
|teamsize|p2|6
|start
|switch|p1a: Politoed|Politoed, M|100/100
|switch|p2a: Lycanroc|Lycanroc-Dusk, M|100/100
|-weather|RainDance|[from] ability: Drizzle|[of] p1a: Politoed
|turn|1
|
|t:|1758936844
|switch|p1a: Magneton|Magneton|100/100
|move|p2a: Lycanroc|Trailblaze|p1a: Magneton
|-resisted|p1a: Magneton
|-damage|p1a: Magneton|87/100
|-boost|p2a: Lycanroc|spe|1
|
|-weather|RainDance|[upkeep]
|upkeep
|turn|2
|
|t:|1758936858
|switch|p2a: Lucario|Lucario, M|100/100
|move|p1a: Magneton|Flash Cannon|p2a: Lucario
|-resisted|p2a: Lucario
|-damage|p2a: Lucario|55/100
|-unboost|p2a: Lucario|spd|1
|
|-weather|RainDance|[upkeep]
|upkeep
|turn|3
|
|t:|1758936871
|move|p2a: Lucario|Aura Sphere|p1a: Magneton
|-supereffective|p1a: Magneton
|-damage|p1a: Magneton|17/100
|move|p1a: Magneton|Thunderbolt|p2a: Lucario
|-damage|p2a: Lucario|0 fnt
|faint|p2a: Lucario
|
|-weather|RainDance|[upkeep]
|upkeep
|
|t:|1758936881
|switch|p2a: Ceruledge|Ceruledge, M|100/100
|turn|4
|
|t:|1758936886
|move|p2a: Ceruledge|Swords Dance|p2a: Ceruledge
|-boost|p2a: Ceruledge|atk|2
|move|p1a: Magneton|Electric Terrain|p1a: Magneton
|-fieldstart|move: Electric Terrain
|
|-weather|RainDance|[upkeep]
|upkeep
|turn|5
|
|t:|1758936893
|move|p2a: Ceruledge|Shadow Sneak|p1a: Magneton
|-damage|p1a: Magneton|0 fnt
|faint|p1a: Magneton
|
|-weather|none
|upkeep
|
|t:|1758936909
|switch|p1a: Raichu|Raichu-Alola, F|100/100
|turn|6
|
|t:|1758936916
|move|p2a: Ceruledge|Shadow Sneak|p1a: Raichu
|-supereffective|p1a: Raichu
|-damage|p1a: Raichu|0 fnt
|faint|p1a: Raichu
|
|upkeep
|
|t:|1758936925
|switch|p1a: Magnezone|Magnezone|100/100
|-item|p1a: Magnezone|Air Balloon
|turn|7
|
|t:|1758936935
|move|p2a: Ceruledge|Bitter Blade|p1a: Magnezone
|-supereffective|p1a: Magnezone
|-damage|p1a: Magnezone|0 fnt
|-enditem|p1a: Magnezone|Air Balloon
|faint|p1a: Magnezone
|
|upkeep
|
|t:|1758936943
|switch|p1a: Politoed|Politoed, M|100/100
|-weather|RainDance|[from] ability: Drizzle|[of] p1a: Politoed
|turn|8
|
|t:|1758936951
|move|p2a: Ceruledge|Close Combat|p1a: Politoed
|-damage|p1a: Politoed|0 fnt
|-unboost|p2a: Ceruledge|def|1
|-unboost|p2a: Ceruledge|spd|1
|faint|p1a: Politoed
|
|-weather|RainDance|[upkeep]
|-fieldend|move: Electric Terrain
|upkeep
|
|t:|1758936959
|switch|p1a: Minior|Minior-Blue|100/100
|-formechange|p1a: Minior|Minior-Meteor||[from] ability: Shields Down
|turn|9
|
|t:|1758936975
|move|p2a: Ceruledge|Bitter Blade|p1a: Minior
|-resisted|p1a: Minior
|-damage|p1a: Minior|72/100
|move|p1a: Minior|Shell Smash|p1a: Minior
|-unboost|p1a: Minior|def|1
|-unboost|p1a: Minior|spd|1
|-boost|p1a: Minior|atk|2
|-boost|p1a: Minior|spa|2
|-boost|p1a: Minior|spe|2
|-enditem|p1a: Minior|White Herb
|-clearnegativeboost|p1a: Minior|[silent]
|
|-weather|RainDance|[upkeep]
|upkeep
|turn|10
|
|t:|1758936990
|move|p1a: Minior|Acrobatics|p2a: Ceruledge
|-enditem|p2a: Ceruledge|Focus Sash
|-damage|p2a: Ceruledge|1/100
|-ability|p2a: Ceruledge|Weak Armor|boost
|-unboost|p2a: Ceruledge|def|1
|-boost|p2a: Ceruledge|spe|2
|move|p2a: Ceruledge|Close Combat|p1a: Minior
|-damage|p1a: Minior|0 fnt
|-unboost|p2a: Ceruledge|def|1
|-unboost|p2a: Ceruledge|spd|1
|faint|p1a: Minior
|
|-weather|RainDance|[upkeep]
|upkeep
|
|t:|1758937004
|switch|p1a: Volbeat|Volbeat, M|100/100
|turn|11
|
|t:|1758937009
|-terastallize|p1a: Volbeat|Water
|move|p2a: Ceruledge|Bitter Blade|p1a: Volbeat
|-resisted|p1a: Volbeat
|-damage|p1a: Volbeat|65/100
|-heal|p2a: Ceruledge|17/100|[from] drain|[of] p1a: Volbeat
|move|p1a: Volbeat|Tera Blast|p2a: Ceruledge|[anim] Tera Blast Water
|-supereffective|p2a: Ceruledge
|-damage|p2a: Ceruledge|0 fnt
|faint|p2a: Ceruledge
|
|-weather|RainDance|[upkeep]
|upkeep
|
|t:|1758937022
|switch|p2a: Toxtricity|Toxtricity, M|100/100
|turn|12
|
|t:|1758937026
|move|p1a: Volbeat|Tail Glow|p1a: Volbeat
|-boost|p1a: Volbeat|spa|3
|move|p2a: Toxtricity|Overdrive|p1a: Volbeat
|-supereffective|p1a: Volbeat
|-damage|p1a: Volbeat|0 fnt
|faint|p1a: Volbeat
|
|win|PinkPenguin4995
|raw|Oreocookie123's rating: 1123 &rarr; <strong>1100</strong><br />(-23 for losing)
|raw|PinkPenguin4995's rating: 1145 &rarr; <strong>1168</strong><br />(+23 for winning)
|l|☆PinkPenguin4995
|player|p2|
