|j|☆Ubercator
|j|☆SupremeVolo
|t:|1759057321
|gametype|singles
|player|p1|Ubercator|265|1054
|player|p2|SupremeVolo|rocketgrunt|1080
|gen|9
|tier|[Gen 9] OU
|rated|
|rule|HP Percentage Mod: HP is shown in percentages
|rule|Endless Battle Clause: Forcing endless battles is banned
|rule|Species Clause: Limit one of each Pokémon
|rule|OHKO Clause: OHKO moves are banned
|rule|Evasion Items Clause: Evasion items are banned
|rule|Evasion Moves Clause: Evasion moves are banned
|rule|Evasion Abilities Clause: Evasion abilities are banned
|rule|Sleep Moves Clause: Sleep-inducing moves are banned
|clearpoke
|poke|p1|Feraligatr, M|
|poke|p1|Veluza, F|
|poke|p1|Yanmega, F|
|poke|p1|Kommo-o, M|
|poke|p1|Okidogi, M|
|poke|p1|Ditto|
|poke|p2|Zamazenta-*|
|poke|p2|Ninetales-Alola, M|
|poke|p2|Darkrai|
|poke|p2|Gliscor, M|
|poke|p2|Hatterene, F|
|poke|p2|Haxorus, F|
|teampreview
|inactive|Battle timer is ON: inactive players will automatically lose when time's up. (requested by Ubercator)
|
|t:|1759057344
|teamsize|p1|6
|teamsize|p2|6
|start
|switch|p1a: Veluza|Veluza, F|100/100
|switch|p2a: Ninetales|Ninetales-Alola, M|100/100
|-weather|Snowscape|[from] ability: Snow Warning|[of] p2a: Ninetales
|-ability|p1a: Veluza|Mold Breaker
|turn|1
|
|t:|1759057349
|move|p2a: Ninetales|Aurora Veil|p2a: Ninetales
|-sidestart|p2: SupremeVolo|move: Aurora Veil
|move|p1a: Veluza|Fillet Away|p1a: Veluza
|-boost|p1a: Veluza|atk|2
|-boost|p1a: Veluza|spa|2
|-boost|p1a: Veluza|spe|2
|-damage|p1a: Veluza|50/100
|-enditem|p1a: Veluza|Sitrus Berry|[eat]
|-heal|p1a: Veluza|75/100|[from] item: Sitrus Berry
|
|-weather|Snowscape|[upkeep]
|upkeep
|turn|2
|
|t:|1759057361
|move|p1a: Veluza|Stored Power|p2a: Ninetales
|-damage|p2a: Ninetales|45/100
|move|p2a: Ninetales|Freeze-Dry|p1a: Veluza
|-supereffective|p1a: Veluza
|-damage|p1a: Veluza|18/100
|
|-weather|Snowscape|[upkeep]
|upkeep
|turn|3
|
|t:|1759057370
|switch|p2a: Haxorus|Haxorus, F|100/100
|-ability|p2a: Haxorus|Mold Breaker
|move|p1a: Veluza|Stored Power|p2a: Haxorus
|-damage|p2a: Haxorus|7/100
|
|-weather|Snowscape|[upkeep]
|upkeep
|turn|4
|
|t:|1759057374
|move|p2a: Haxorus|First Impression|p1a: Veluza
|-supereffective|p1a: Veluza
|-damage|p1a: Veluza|0 fnt
|faint|p1a: Veluza
|-damage|p2a: Haxorus|0 fnt|[from] item: Life Orb
|faint|p2a: Haxorus
|
|-weather|Snowscape|[upkeep]
|upkeep
|
|t:|1759057388
|switch|p2a: Gliscor|Gliscor, M|100/100
|switch|p1a: Yanmega|Yanmega, F|100/100
|turn|5
|
|t:|1759057397
|move|p1a: Yanmega|Protect|p1a: Yanmega
|-singleturn|p1a: Yanmega|Protect
|move|p2a: Gliscor|Agility|p2a: Gliscor
|-boost|p2a: Gliscor|spe|2
|
|-weather|none
|-status|p2a: Gliscor|tox|[from] item: Toxic Orb
|-ability|p1a: Yanmega|Speed Boost|boost
|-boost|p1a: Yanmega|spe|1
|upkeep
|turn|6
|
|t:|1759057405
|move|p2a: Gliscor|Swords Dance|p2a: Gliscor
|-boost|p2a: Gliscor|atk|2
|move|p1a: Yanmega|Bug Buzz|p2a: Gliscor
|-resisted|p2a: Gliscor
|-damage|p2a: Gliscor|87/100 tox
|-enditem|p1a: Yanmega|Throat Spray
|-boost|p1a: Yanmega|spa|1|[from] item: Throat Spray
|
|-heal|p2a: Gliscor|99/100 tox|[from] ability: Poison Heal
|-ability|p1a: Yanmega|Speed Boost|boost
|-boost|p1a: Yanmega|spe|1
|upkeep
|turn|7
|
|t:|1759057411
|move|p1a: Yanmega|Air Slash|p2a: Gliscor
|-damage|p2a: Gliscor|66/100 tox
|move|p2a: Gliscor|Facade|p1a: Yanmega
|-damage|p1a: Yanmega|28/100
|
|-heal|p2a: Gliscor|79/100 tox|[from] ability: Poison Heal
|-ability|p1a: Yanmega|Speed Boost|boost
|-boost|p1a: Yanmega|spe|1
|upkeep
|turn|8
|
|t:|1759057417
|move|p1a: Yanmega|Protect|p1a: Yanmega
|-singleturn|p1a: Yanmega|Protect
|move|p2a: Gliscor|Facade|p1a: Yanmega
|-activate|p1a: Yanmega|move: Protect
|
|-heal|p2a: Gliscor|91/100 tox|[from] ability: Poison Heal
|-sideend|p2: SupremeVolo|move: Aurora Veil
|-ability|p1a: Yanmega|Speed Boost|boost
|-boost|p1a: Yanmega|spe|1
|upkeep
|turn|9
|
|t:|1759057419
|move|p1a: Yanmega|Air Slash|p2a: Gliscor
|-damage|p2a: Gliscor|32/100 tox
|cant|p2a: Gliscor|flinch
|
|-heal|p2a: Gliscor|44/100 tox|[from] ability: Poison Heal
|-ability|p1a: Yanmega|Speed Boost|boost
|-boost|p1a: Yanmega|spe|1
|upkeep
|turn|10
|
|t:|1759057423
|move|p1a: Yanmega|Air Slash|p2a: Gliscor
|-damage|p2a: Gliscor|0 fnt
|faint|p2a: Gliscor
|
|-ability|p1a: Yanmega|Speed Boost|boost
|-boost|p1a: Yanmega|spe|1
|upkeep
|
|t:|1759057425
|switch|p2a: Ninetales|Ninetales-Alola, M|45/100
|-weather|Snowscape|[from] ability: Snow Warning|[of] p2a: Ninetales
|turn|11
|
|t:|1759057430
|move|p1a: Yanmega|Air Slash|p2a: Ninetales
|-damage|p2a: Ninetales|0 fnt
|faint|p2a: Ninetales
|
|-weather|Snowscape|[upkeep]
|upkeep
|
|t:|1759057434
|switch|p2a: Hatterene|Hatterene, F|100/100
|turn|12
|
|t:|1759057437
|-terastallize|p2a: Hatterene|Water
|move|p1a: Yanmega|Bug Buzz|p2a: Hatterene
|-damage|p2a: Hatterene|22/100
|move|p2a: Hatterene|Mystical Fire|p1a: Yanmega
|-supereffective|p1a: Yanmega
|-damage|p1a: Yanmega|0 fnt
|faint|p1a: Yanmega
|
|-weather|Snowscape|[upkeep]
|-heal|p2a: Hatterene|28/100|[from] item: Leftovers
|upkeep
|
|t:|1759057445
|switch|p1a: Feraligatr|Feraligatr, M|100/100
|turn|13
|
|t:|1759057463
|move|p1a: Feraligatr|Dragon Dance|p1a: Feraligatr
|-boost|p1a: Feraligatr|atk|1
|-boost|p1a: Feraligatr|spe|1
|move|p2a: Hatterene|Draining Kiss|p1a: Feraligatr
|-damage|p1a: Feraligatr|73/100
|-heal|p2a: Hatterene|48/100|[from] drain|[of] p1a: Feraligatr
|
|-weather|Snowscape|[upkeep]
|-heal|p2a: Hatterene|54/100|[from] item: Leftovers
|upkeep
|turn|14
|
|t:|1759057476
|move|p1a: Feraligatr|Swords Dance|p1a: Feraligatr
|-boost|p1a: Feraligatr|atk|2
|move|p2a: Hatterene|Draining Kiss|p1a: Feraligatr
|-damage|p1a: Feraligatr|45/100
|-heal|p2a: Hatterene|75/100|[from] drain|[of] p1a: Feraligatr
|
|-weather|Snowscape|[upkeep]
|-heal|p2a: Hatterene|81/100|[from] item: Leftovers
|upkeep
|turn|15
|
|t:|1759057483
|move|p1a: Feraligatr|Scale Shot|p2a: Hatterene|[miss]
|-miss|p1a: Feraligatr|p2a: Hatterene
|move|p2a: Hatterene|Draining Kiss|p1a: Feraligatr
|-damage|p1a: Feraligatr|15/100
|-heal|p2a: Hatterene|100/100|[from] drain|[of] p1a: Feraligatr
|
|-weather|none
|upkeep
|turn|16
|
|t:|1759057486
|move|p1a: Feraligatr|Scale Shot|p2a: Hatterene
|-crit|p2a: Hatterene
|-damage|p2a: Hatterene|76/100
|-damage|p2a: Hatterene|60/100
|-damage|p2a: Hatterene|44/100
|-damage|p2a: Hatterene|29/100
|-hitcount|p2a: Hatterene|4
|-unboost|p1a: Feraligatr|def|1
|-boost|p1a: Feraligatr|spe|1
|move|p2a: Hatterene|Draining Kiss|p1a: Feraligatr
|-damage|p1a: Feraligatr|0 fnt
|-heal|p2a: Hatterene|40/100|[from] drain|[of] p1a: Feraligatr
|faint|p1a: Feraligatr
|
|-heal|p2a: Hatterene|46/100|[from] item: Leftovers
|upkeep
|
|t:|1759057498
|switch|p1a: Kommo-o|Kommo-o, M|100/100
|turn|17
|
|t:|1759057508
|-terastallize|p1a: Kommo-o|Normal
|move|p1a: Kommo-o|Clangorous Soul|p1a: Kommo-o
|-boost|p1a: Kommo-o|atk|1
|-boost|p1a: Kommo-o|def|1
|-boost|p1a: Kommo-o|spa|1
|-boost|p1a: Kommo-o|spd|1
|-boost|p1a: Kommo-o|spe|1
|-damage|p1a: Kommo-o|68/100
|-enditem|p1a: Kommo-o|Throat Spray
|-boost|p1a: Kommo-o|spa|1|[from] item: Throat Spray
|move|p2a: Hatterene|Draining Kiss|p1a: Kommo-o
|-damage|p1a: Kommo-o|49/100
|-heal|p2a: Hatterene|59/100|[from] drain|[of] p1a: Kommo-o
|
|-heal|p2a: Hatterene|65/100|[from] item: Leftovers
|upkeep
|turn|18
|
|t:|1759057521
|move|p1a: Kommo-o|Boomburst|p2a: Hatterene
|-damage|p2a: Hatterene|0 fnt
|faint|p2a: Hatterene
|
|upkeep
|
|t:|1759057527
|switch|p2a: Zamazenta|Zamazenta|100/100
|-ability|p2a: Zamazenta|Dauntless Shield|boost
|-boost|p2a: Zamazenta|def|1
|turn|19
|inactive|Ubercator has 120 seconds left.
|
|t:|1759057574
|move|p1a: Kommo-o|Boomburst|p2a: Zamazenta
|-damage|p2a: Zamazenta|0 fnt
|faint|p2a: Zamazenta
|
|upkeep
|
|t:|1759057584
|switch|p2a: Darkrai|Darkrai|100/100
|turn|20
|
|t:|1759057590
|move|p1a: Kommo-o|Boomburst|p2a: Darkrai
|-damage|p2a: Darkrai|0 fnt
|faint|p2a: Darkrai
|
|win|Ubercator
|raw|Ubercator's rating: 1054 &rarr; <strong>1088</strong><br />(+34 for winning)
|raw|SupremeVolo's rating: 1080 &rarr; <strong>1056</strong><br />(-24 for losing)
|l|☆Ubercator
|player|p1|
|l|☆SupremeVolo
|player|p2|
