|j|☆ayayaphone
|j|☆bornusdino
|t:|1759051380
|gametype|singles
|player|p1|ayayaphone|266|1482
|player|p2|bornusdino|miku-ground|1453
|gen|9
|tier|[Gen 9] OU
|rated|
|rule|HP Percentage Mod: HP is shown in percentages
|rule|Endless Battle Clause: Forcing endless battles is banned
|rule|Species Clause: Limit one of each Pokémon
|rule|OHKO Clause: OHKO moves are banned
|rule|Evasion Items Clause: Evasion items are banned
|rule|Evasion Moves Clause: Evasion moves are banned
|rule|Evasion Abilities Clause: Evasion abilities are banned
|rule|Sleep Moves Clause: Sleep-inducing moves are banned
|clearpoke
|poke|p1|Raging Bolt|
|poke|p1|Pincurchin, F|
|poke|p1|Hawlucha, M|
|poke|p1|Iron Treads|
|poke|p1|Meloetta|
|poke|p1|Rotom-Wash|
|poke|p2|Walking Wake|
|poke|p2|Raging Bolt|
|poke|p2|Hatterene, F|
|poke|p2|Torkoal, F|
|poke|p2|Lilligant-Hisui, F|
|poke|p2|Scizor, F|
|teampreview
|inactive|Battle timer is ON: inactive players will automatically lose when time's up. (requested by ayayaphone)
|
|t:|1759051395
|teamsize|p1|6
|teamsize|p2|6
|start
|switch|p1a: Raging Bolt|Raging Bolt|100/100
|switch|p2a: Raging Bolt|Raging Bolt|100/100
|turn|1
|
|t:|1759051399
|move|p1a: Raging Bolt|Volt Switch|p2a: Raging Bolt
|-resisted|p2a: Raging Bolt
|-crit|p2a: Raging Bolt
|-damage|p2a: Raging Bolt|93/100
|
|t:|1759051404
|-end|p1a: Raging Bolt|Protosynthesis|[silent]
|switch|p1a: Iron Treads|Iron Treads|100/100|[from] Volt Switch
|move|p2a: Raging Bolt|Dragon Pulse|p1a: Iron Treads
|-resisted|p1a: Iron Treads
|-damage|p1a: Iron Treads|70/100
|
|-heal|p1a: Iron Treads|76/100|[from] item: Leftovers
|upkeep
|turn|2
|
|t:|1759051414
|-end|p2a: Raging Bolt|Protosynthesis|[silent]
|switch|p2a: Hatterene|Hatterene, F|100/100
|move|p1a: Iron Treads|Volt Switch|p2a: Hatterene
|-crit|p2a: Hatterene
|-damage|p2a: Hatterene|84/100
|-enditem|p2a: Hatterene|Eject Button
|
|t:|1759051417
|switch|p2a: Torkoal|Torkoal, F|100/100
|-weather|SunnyDay|[from] ability: Drought|[of] p2a: Torkoal
|
|-weather|SunnyDay|[upkeep]
|-heal|p1a: Iron Treads|82/100|[from] item: Leftovers
|upkeep
|turn|3
|
|t:|1759051425
|move|p1a: Iron Treads|Earthquake|p2a: Torkoal
|-supereffective|p2a: Torkoal
|-damage|p2a: Torkoal|50/100
|move|p2a: Torkoal|Lava Plume|p1a: Iron Treads
|-supereffective|p1a: Iron Treads
|-damage|p1a: Iron Treads|0 fnt
|faint|p1a: Iron Treads
|-end|p1a: Iron Treads|Quark Drive|[silent]
|
|-weather|SunnyDay|[upkeep]
|upkeep
|
|t:|1759051430
|switch|p1a: Raging Bolt|Raging Bolt|100/100
|-activate|p1a: Raging Bolt|ability: Protosynthesis
|-start|p1a: Raging Bolt|protosynthesisspa
|turn|4
|
|t:|1759051438
|switch|p2a: Hatterene|Hatterene, F|84/100
|move|p1a: Raging Bolt|Volt Switch|p2a: Hatterene
|-damage|p2a: Hatterene|22/100
|
|t:|1759051450
|-end|p1a: Raging Bolt|Protosynthesis|[silent]
|switch|p1a: Pincurchin|Pincurchin, F|100/100|[from] Volt Switch
|-fieldstart|move: Electric Terrain|[from] ability: Electric Surge|[of] p1a: Pincurchin
|
|-weather|SunnyDay|[upkeep]
|upkeep
|turn|5
|
|t:|1759051460
|move|p2a: Hatterene|Healing Wish|p2a: Hatterene
|faint|p2a: Hatterene
|move|p1a: Pincurchin|Thunder Wave|p2: Hatterene|[notarget]
|-fail|p1a: Pincurchin
|
|-weather|SunnyDay|[upkeep]
|upkeep
|
|t:|1759051477
|switch|p2a: Walking Wake|Walking Wake|100/100
|-activate|p2a: Walking Wake|ability: Protosynthesis
|-start|p2a: Walking Wake|protosynthesisspe
|turn|6
|
|t:|1759051481
|switch|p1a: Rotom|Rotom-Wash|100/100
|move|p2a: Walking Wake|Draco Meteor|p1a: Rotom|[miss]
|-miss|p2a: Walking Wake|p1a: Rotom
|
|-weather|SunnyDay|[upkeep]
|upkeep
|turn|7
|
|t:|1759051498
|move|p2a: Walking Wake|Draco Meteor|p1a: Rotom
|-damage|p1a: Rotom|23/100
|-unboost|p2a: Walking Wake|spa|2
|move|p1a: Rotom|Pain Split|p2a: Walking Wake
|-sethp|p2a: Walking Wake|60/100|[from] move: Pain Split|[silent]
|-sethp|p1a: Rotom|68/100|[from] move: Pain Split
|
|-weather|SunnyDay|[upkeep]
|upkeep
|turn|8
|
|t:|1759051510
|-end|p2a: Walking Wake|Protosynthesis|[silent]
|switch|p2a: Torkoal|Torkoal, F|50/100
|-heal|p2a: Torkoal|100/100|[from] move: Healing Wish
|move|p1a: Rotom|Volt Switch|p2a: Torkoal
|-damage|p2a: Torkoal|70/100
|
|t:|1759051513
|switch|p1a: Raging Bolt|Raging Bolt|100/100|[from] Volt Switch
|-activate|p1a: Raging Bolt|ability: Protosynthesis
|-start|p1a: Raging Bolt|protosynthesisspa
|
|-weather|SunnyDay|[upkeep]
|upkeep
|turn|9
|
|t:|1759051539
|switch|p2a: Raging Bolt|Raging Bolt|93/100
|-activate|p2a: Raging Bolt|ability: Protosynthesis
|-start|p2a: Raging Bolt|protosynthesisspa
|move|p1a: Raging Bolt|Rising Voltage|p2a: Raging Bolt
|-hint|Rising Voltage's BP doubled on grounded target.
|-resisted|p2a: Raging Bolt
|-damage|p2a: Raging Bolt|75/100
|
|-weather|none
|-end|p1a: Raging Bolt|Protosynthesis
|-end|p2a: Raging Bolt|Protosynthesis
|upkeep
|turn|10
|
|t:|1759051554
|-end|p1a: Raging Bolt|Protosynthesis|[silent]
|switch|p1a: Rotom|Rotom-Wash|68/100
|move|p2a: Raging Bolt|Dragon Pulse|p1a: Rotom
|-damage|p1a: Rotom|30/100
|
|upkeep
|turn|11
|
|t:|1759051565
|-end|p2a: Raging Bolt|Protosynthesis|[silent]
|switch|p2a: Torkoal|Torkoal, F|70/100
|-weather|SunnyDay|[from] ability: Drought|[of] p2a: Torkoal
|move|p1a: Rotom|Pain Split|p2a: Torkoal
|-sethp|p2a: Torkoal|48/100|[from] move: Pain Split|[silent]
|-sethp|p1a: Rotom|54/100|[from] move: Pain Split
|
|-weather|SunnyDay|[upkeep]
|-fieldend|move: Electric Terrain
|upkeep
|turn|12
|
|t:|1759051572
|switch|p2a: Raging Bolt|Raging Bolt|75/100
|-activate|p2a: Raging Bolt|ability: Protosynthesis
|-start|p2a: Raging Bolt|protosynthesisspa
|move|p1a: Rotom|Volt Switch|p2a: Raging Bolt
|-resisted|p2a: Raging Bolt
|-damage|p2a: Raging Bolt|72/100
|
|t:|1759051578
|switch|p1a: Meloetta|Meloetta|100/100|[from] Volt Switch
|
|-weather|SunnyDay|[upkeep]
|upkeep
|turn|13
|
|t:|1759051587
|move|p1a: Meloetta|Psychic|p2a: Raging Bolt
|-damage|p2a: Raging Bolt|48/100
|move|p2a: Raging Bolt|Weather Ball|p1a: Meloetta
|-damage|p1a: Meloetta|65/100
|
|-weather|SunnyDay|[upkeep]
|upkeep
|turn|14
|
|t:|1759051603
|move|p1a: Meloetta|Psychic|p2a: Raging Bolt
|-damage|p2a: Raging Bolt|20/100
|-unboost|p2a: Raging Bolt|spd|1
|move|p2a: Raging Bolt|Weather Ball|p1a: Meloetta
|-damage|p1a: Meloetta|27/100
|
|-weather|SunnyDay|[upkeep]
|upkeep
|turn|15
|
|t:|1759051615
|move|p2a: Raging Bolt|Thunderclap|p1a: Meloetta
|-damage|p1a: Meloetta|2/100
|move|p1a: Meloetta|Psychic|p2a: Raging Bolt
|-damage|p2a: Raging Bolt|0 fnt
|faint|p2a: Raging Bolt
|-end|p2a: Raging Bolt|Protosynthesis|[silent]
|
|-weather|SunnyDay|[upkeep]
|upkeep
|
|t:|1759051626
|switch|p2a: Walking Wake|Walking Wake|60/100
|-activate|p2a: Walking Wake|ability: Protosynthesis
|-start|p2a: Walking Wake|protosynthesisspe
|turn|16
|
|t:|1759051629
|move|p2a: Walking Wake|Flip Turn|p1a: Meloetta
|-damage|p1a: Meloetta|0 fnt
|faint|p1a: Meloetta
|
|t:|1759051633
|-end|p2a: Walking Wake|Protosynthesis|[silent]
|switch|p2a: Lilligant|Lilligant-Hisui, F|100/100|[from] Flip Turn
|
|-weather|SunnyDay|[upkeep]
|upkeep
|
|t:|1759051640
|switch|p1a: Pincurchin|Pincurchin, F|100/100
|-fieldstart|move: Electric Terrain|[from] ability: Electric Surge|[of] p1a: Pincurchin
|turn|17
|
|t:|1759051647
|move|p2a: Lilligant|Solar Blade||[still]
|-prepare|p2a: Lilligant|Solar Blade
|-anim|p2a: Lilligant|Solar Blade|p1a: Pincurchin
|-damage|p1a: Pincurchin|35/100
|-damage|p2a: Lilligant|91/100|[from] item: Life Orb
|move|p1a: Pincurchin|Thunder Wave|p2a: Lilligant
|-status|p2a: Lilligant|par
|
|-weather|SunnyDay|[upkeep]
|upkeep
|turn|18
|
|t:|1759051659
|move|p2a: Lilligant|Solar Blade||[still]
|-prepare|p2a: Lilligant|Solar Blade
|-anim|p2a: Lilligant|Solar Blade|p1a: Pincurchin
|-damage|p1a: Pincurchin|0 fnt
|faint|p1a: Pincurchin
|-damage|p2a: Lilligant|81/100 par|[from] item: Life Orb
|
|-weather|none
|upkeep
|
|t:|1759051664
|switch|p1a: Hawlucha|Hawlucha, M|100/100
|-enditem|p1a: Hawlucha|Electric Seed
|-boost|p1a: Hawlucha|def|1|[from] item: Electric Seed
|turn|19
|
|t:|1759051671
|move|p1a: Hawlucha|Swords Dance|p1a: Hawlucha
|-boost|p1a: Hawlucha|atk|2
|move|p2a: Lilligant|Triple Axel|p1a: Hawlucha|[miss]
|-miss|p2a: Lilligant|p1a: Hawlucha
|
|upkeep
|turn|20
|
|t:|1759051676
|move|p1a: Hawlucha|Acrobatics|p2a: Lilligant
|-supereffective|p2a: Lilligant
|-damage|p2a: Lilligant|0 fnt
|faint|p2a: Lilligant
|
|upkeep
|
|t:|1759051682
|switch|p2a: Scizor|Scizor, F|100/100
|turn|21
|
|t:|1759051695
|-terastallize|p2a: Scizor|Steel
|move|p2a: Scizor|Bullet Punch|p1a: Hawlucha
|-damage|p1a: Hawlucha|42/100
|move|p1a: Hawlucha|Close Combat|p2a: Scizor
|-supereffective|p2a: Scizor
|-damage|p2a: Scizor|0 fnt
|-unboost|p1a: Hawlucha|def|1
|-unboost|p1a: Hawlucha|spd|1
|faint|p2a: Scizor
|
|upkeep
|
|t:|1759051702
|switch|p2a: Torkoal|Torkoal, F|48/100
|-weather|SunnyDay|[from] ability: Drought|[of] p2a: Torkoal
|turn|22
|
|t:|1759051707
|move|p1a: Hawlucha|Acrobatics|p2a: Torkoal
|-damage|p2a: Torkoal|0 fnt
|faint|p2a: Torkoal
|
|-weather|SunnyDay|[upkeep]
|upkeep
|c|☆bornusdino|i love triple axel
|
|t:|1759051718
|switch|p2a: Walking Wake|Walking Wake|60/100
|-activate|p2a: Walking Wake|ability: Protosynthesis
|-start|p2a: Walking Wake|protosynthesisspe
|turn|23
|
|t:|1759051722
|move|p1a: Hawlucha|Acrobatics|p2a: Walking Wake
|-damage|p2a: Walking Wake|0 fnt
|faint|p2a: Walking Wake
|-end|p2a: Walking Wake|Protosynthesis|[silent]
|
|win|ayayaphone
|raw|ayayaphone's rating: 1482 &rarr; <strong>1500</strong><br />(+18 for winning)
|raw|bornusdino's rating: 1453 &rarr; <strong>1435</strong><br />(-18 for losing)
|l|☆bornusdino
|player|p2|
|l|☆ayayaphone
|player|p1|
