|j|☆WeirdCities
|j|☆Wizmus
|t:|1759073135
|gametype|singles
|player|p1|WeirdCities|102|1490
|player|p2|Wizmus|101|1500
|gen|9
|tier|[Gen 9] OU
|rated|
|rule|HP Percentage Mod: HP is shown in percentages
|rule|Endless Battle Clause: Forcing endless battles is banned
|rule|Species Clause: Limit one of each Pokémon
|rule|OHKO Clause: OHKO moves are banned
|rule|Evasion Items Clause: Evasion items are banned
|rule|Evasion Moves Clause: Evasion moves are banned
|rule|Evasion Abilities Clause: Evasion abilities are banned
|rule|Sleep Moves Clause: Sleep-inducing moves are banned
|clearpoke
|poke|p1|Raging Bolt|
|poke|p1|Iron Treads|
|poke|p1|Ting-Lu|
|poke|p1|Gholdengo|
|poke|p1|Zamazenta-*|
|poke|p1|Tornadus-Therian, M|
|poke|p2|Weavile, F|
|poke|p2|Slowking-Galar, F|
|poke|p2|Corviknight, F|
|poke|p2|Dragapult, F|
|poke|p2|Great Tusk|
|poke|p2|Iron Valiant|
|teampreview
|inactive|Battle timer is ON: inactive players will automatically lose when time's up. (requested by Wizmus)
|inactive|Wizmus has 120 seconds left.
|
|t:|1759073179
|teamsize|p1|6
|teamsize|p2|6
|start
|switch|p1a: Ting-Lu|Ting-Lu|100/100
|switch|p2a: Dragapult|Dragapult, F|100/100
|-ability|p1a: Ting-Lu|Vessel of Ruin
|turn|1
|
|t:|1759073198
|move|p2a: Dragapult|U-turn|p1a: Ting-Lu
|-supereffective|p1a: Ting-Lu
|-damage|p1a: Ting-Lu|83/100
|-enditem|p1a: Ting-Lu|Weakness Policy
|-boost|p1a: Ting-Lu|atk|2|[from] item: Weakness Policy
|-boost|p1a: Ting-Lu|spa|2|[from] item: Weakness Policy
|
|t:|1759073210
|switch|p2a: Corviknight|Corviknight, F|100/100|[from] U-turn
|-ability|p2a: Corviknight|Pressure
|move|p1a: Ting-Lu|Earthquake|p2a: Corviknight
|-immune|p2a: Corviknight
|
|upkeep
|turn|2
|
|t:|1759073219
|move|p2a: Corviknight|U-turn|p1a: Ting-Lu
|-supereffective|p1a: Ting-Lu
|-damage|p1a: Ting-Lu|67/100
|
|t:|1759073226
|switch|p2a: Great Tusk|Great Tusk|100/100|[from] U-turn
|-enditem|p2a: Great Tusk|Booster Energy
|-activate|p2a: Great Tusk|ability: Protosynthesis|[fromitem]
|-start|p2a: Great Tusk|protosynthesisatk
|move|p1a: Ting-Lu|Stealth Rock|p2a: Great Tusk
|-sidestart|p2: Wizmus|move: Stealth Rock
|
|upkeep
|turn|3
|
|t:|1759073236
|move|p2a: Great Tusk|Ice Spinner|p1a: Ting-Lu
|-supereffective|p1a: Ting-Lu
|-damage|p1a: Ting-Lu|28/100
|move|p1a: Ting-Lu|Earthquake|p2a: Great Tusk
|-damage|p2a: Great Tusk|35/100
|
|upkeep
|turn|4
|
|t:|1759073261
|move|p2a: Great Tusk|Ice Spinner|p1a: Ting-Lu
|-supereffective|p1a: Ting-Lu
|-damage|p1a: Ting-Lu|0 fnt
|faint|p1a: Ting-Lu
|
|upkeep
|inactive|WeirdCities has 120 seconds left.
|
|t:|1759073291
|switch|p1a: Tornadus|Tornadus-Therian, M|100/100
|turn|5
|inactive|WeirdCities has 90 seconds left.
|
|t:|1759073323
|-end|p2a: Great Tusk|Protosynthesis|[silent]
|switch|p2a: Corviknight|Corviknight, F|100/100
|-damage|p2a: Corviknight|88/100|[from] Stealth Rock
|-ability|p2a: Corviknight|Pressure
|-terastallize|p1a: Tornadus|Dark
|move|p1a: Tornadus|Nasty Plot|p1a: Tornadus
|-boost|p1a: Tornadus|spa|2
|
|upkeep
|turn|6
|inactive|WeirdCities has 90 seconds left.
|
|t:|1759073332
|move|p1a: Tornadus|Dark Pulse|p2a: Corviknight
|-damage|p2a: Corviknight|0 fnt
|faint|p2a: Corviknight
|-damage|p1a: Tornadus|91/100|[from] item: Life Orb
|
|upkeep
|
|t:|1759073345
|switch|p2a: Iron Valiant|Iron Valiant|100/100
|-damage|p2a: Iron Valiant|94/100|[from] Stealth Rock
|-enditem|p2a: Iron Valiant|Booster Energy
|-activate|p2a: Iron Valiant|ability: Quark Drive|[fromitem]
|-start|p2a: Iron Valiant|quarkdrivespe
|turn|7
|inactive|WeirdCities has 90 seconds left.
|
|t:|1759073372
|move|p2a: Iron Valiant|Moonblast|p1a: Tornadus
|-supereffective|p1a: Tornadus
|-crit|p1a: Tornadus
|-damage|p1a: Tornadus|0 fnt
|faint|p1a: Tornadus
|
|upkeep
|
|t:|1759073386
|switch|p1a: Gholdengo|Gholdengo|100/100
|-item|p1a: Gholdengo|Air Balloon
|turn|8
|
|t:|1759073394
|-end|p2a: Iron Valiant|Quark Drive|[silent]
|switch|p2a: Slowking|Slowking-Galar, F|100/100
|move|p1a: Gholdengo|Make It Rain|p2a: Slowking
|-damage|p2a: Slowking|64/100
|-unboost|p1a: Gholdengo|spa|1
|
|upkeep
|turn|9
|
|t:|1759073403
|move|p1a: Gholdengo|Nasty Plot|p1a: Gholdengo
|-boost|p1a: Gholdengo|spa|2
|-prepare|p2a: Slowking|Chilly Reception|[premajor]
|move|p2a: Slowking|Chilly Reception|p2a: Slowking
|-weather|Snowscape
|
|t:|1759073408
|switch|p2a: Weavile|Weavile, F|100/100|[from] Chilly Reception
|-damage|p2a: Weavile|76/100|[from] Stealth Rock
|-ability|p2a: Weavile|Pressure
|
|-weather|Snowscape|[upkeep]
|upkeep
|turn|10
|
|t:|1759073415
|switch|p1a: Zamazenta|Zamazenta|100/100
|-ability|p1a: Zamazenta|Dauntless Shield|boost
|-boost|p1a: Zamazenta|def|1
|move|p2a: Weavile|Knock Off|p1a: Zamazenta
|-resisted|p1a: Zamazenta
|-damage|p1a: Zamazenta|84/100
|-enditem|p1a: Zamazenta|Leftovers|[from] move: Knock Off|[of] p2a: Weavile
|
|-weather|Snowscape|[upkeep]
|upkeep
|turn|11
|
|t:|1759073429
|switch|p2a: Iron Valiant|Iron Valiant|94/100
|-damage|p2a: Iron Valiant|88/100|[from] Stealth Rock
|move|p1a: Zamazenta|Crunch|p2a: Iron Valiant
|-resisted|p2a: Iron Valiant
|-damage|p2a: Iron Valiant|82/100
|
|-weather|Snowscape|[upkeep]
|upkeep
|turn|12
|inactive|WeirdCities has 90 seconds left.
|
|t:|1759073454
|switch|p1a: Gholdengo|Gholdengo|100/100
|-item|p1a: Gholdengo|Air Balloon
|move|p2a: Iron Valiant|Moonblast|p1a: Gholdengo
|-resisted|p1a: Gholdengo
|-damage|p1a: Gholdengo|78/100
|-unboost|p1a: Gholdengo|spa|1
|-enditem|p1a: Gholdengo|Air Balloon
|
|-weather|Snowscape|[upkeep]
|upkeep
|turn|13
|inactive|WeirdCities has 90 seconds left.
|
|t:|1759073470
|-terastallize|p2a: Iron Valiant|Steel
|move|p2a: Iron Valiant|Knock Off|p1a: Gholdengo
|-supereffective|p1a: Gholdengo
|-damage|p1a: Gholdengo|42/100
|move|p1a: Gholdengo|Nasty Plot|p1a: Gholdengo
|-boost|p1a: Gholdengo|spa|2
|
|-weather|none
|upkeep
|turn|14
|
|t:|1759073477
|move|p2a: Iron Valiant|Encore|p1a: Gholdengo
|-immune|p1a: Gholdengo|[from] ability: Good as Gold
|move|p1a: Gholdengo|Recover|p1a: Gholdengo
|-heal|p1a: Gholdengo|92/100
|
|upkeep
|turn|15
|
|t:|1759073484
|-end|p2a: Iron Valiant|Quark Drive|[silent]
|switch|p2a: Slowking|Slowking-Galar, F|98/100
|move|p1a: Gholdengo|Nasty Plot|p1a: Gholdengo
|-boost|p1a: Gholdengo|spa|2
|
|upkeep
|turn|16
|
|t:|1759073495
|move|p1a: Gholdengo|Shadow Ball|p2a: Slowking
|-supereffective|p2a: Slowking
|-damage|p2a: Slowking|0 fnt
|faint|p2a: Slowking
|
|upkeep
|
|t:|1759073502
|switch|p2a: Weavile|Weavile, F|76/100
|-damage|p2a: Weavile|51/100|[from] Stealth Rock
|-ability|p2a: Weavile|Pressure
|turn|17
|
|t:|1759073513
|switch|p1a: Zamazenta|Zamazenta|84/100
|move|p2a: Weavile|Knock Off|p1a: Zamazenta
|-resisted|p1a: Zamazenta
|-damage|p1a: Zamazenta|65/100
|
|upkeep
|turn|18
|
|t:|1759073523
|switch|p2a: Great Tusk|Great Tusk|35/100
|-damage|p2a: Great Tusk|32/100|[from] Stealth Rock
|move|p1a: Zamazenta|Crunch|p2a: Great Tusk
|-resisted|p2a: Great Tusk
|-damage|p2a: Great Tusk|24/100
|
|upkeep
|turn|19
|inactive|WeirdCities has 120 seconds left.
|
|t:|1759073530
|move|p1a: Zamazenta|Body Press|p2a: Great Tusk
|-damage|p2a: Great Tusk|0 fnt
|faint|p2a: Great Tusk
|-end|p2a: Great Tusk|Protosynthesis|[silent]
|
|upkeep
|
|t:|1759073534
|switch|p2a: Iron Valiant|Iron Valiant, tera:Steel|82/100
|-damage|p2a: Iron Valiant|76/100|[from] Stealth Rock
|turn|20
|inactive|WeirdCities has 120 seconds left.
|
|t:|1759073550
|-end|p2a: Iron Valiant|Quark Drive|[silent]
|switch|p2a: Dragapult|Dragapult, F|100/100
|-damage|p2a: Dragapult|88/100|[from] Stealth Rock
|move|p1a: Zamazenta|Body Press|p2a: Dragapult
|-immune|p2a: Dragapult
|
|upkeep
|turn|21
|
|t:|1759073558
|move|p2a: Dragapult|Shadow Ball|p1a: Zamazenta
|-damage|p1a: Zamazenta|13/100
|move|p1a: Zamazenta|Crunch|p2a: Dragapult
|-supereffective|p2a: Dragapult
|-damage|p2a: Dragapult|33/100
|
|upkeep
|turn|22
|
|t:|1759073564
|move|p2a: Dragapult|Shadow Ball|p1a: Zamazenta
|-damage|p1a: Zamazenta|0 fnt
|faint|p1a: Zamazenta
|
|upkeep
|
|t:|1759073568
|switch|p1a: Iron Treads|Iron Treads|100/100
|-enditem|p1a: Iron Treads|Booster Energy
|-activate|p1a: Iron Treads|ability: Quark Drive|[fromitem]
|-start|p1a: Iron Treads|quarkdrivespe
|turn|23
|
|t:|1759073575
|switch|p2a: Iron Valiant|Iron Valiant, tera:Steel|76/100
|-damage|p2a: Iron Valiant|69/100|[from] Stealth Rock
|move|p1a: Iron Treads|Earthquake|p2a: Iron Valiant
|-supereffective|p2a: Iron Valiant
|-damage|p2a: Iron Valiant|0 fnt
|faint|p2a: Iron Valiant
|-end|p2a: Iron Valiant|Quark Drive|[silent]
|
|upkeep
|-message|Wizmus forfeited.
|
|win|WeirdCities
|raw|WeirdCities's rating: 1490 &rarr; <strong>1511</strong><br />(+21 for winning)
|raw|Wizmus's rating: 1500 &rarr; <strong>1479</strong><br />(-21 for losing)
|l|☆Wizmus
|player|p2|
