|j|☆go b3yond
|j|☆apotato135
|t:|1758991995
|gametype|singles
|player|p1|go b3yond|eusine|1429
|player|p2|apotato135|swimmer-gen4dp|1473
|gen|9
|tier|[Gen 9] OU
|rated|
|rule|HP Percentage Mod: HP is shown in percentages
|rule|Endless Battle Clause: Forcing endless battles is banned
|rule|Species Clause: Limit one of each Pokémon
|rule|OHKO Clause: OHKO moves are banned
|rule|Evasion Items Clause: Evasion items are banned
|rule|Evasion Moves Clause: Evasion moves are banned
|rule|Evasion Abilities Clause: Evasion abilities are banned
|rule|Sleep Moves Clause: Sleep-inducing moves are banned
|clearpoke
|poke|p1|Torkoal, F|
|poke|p1|Brute Bonnet|
|poke|p1|Walking Wake|
|poke|p1|Hatterene, F|
|poke|p1|Thundurus-Therian, M|
|poke|p1|Ceruledge, M|
|poke|p2|Ninetales-Alola, M|
|poke|p2|Kyurem|
|poke|p2|Primeape, F|
|poke|p2|Enamorus, F|
|poke|p2|Moltres-Galar|
|poke|p2|Iron Treads|
|teampreview
|inactive|Battle timer is ON: inactive players will automatically lose when time's up. (requested by go b3yond)
|
|t:|1758992025
|teamsize|p1|6
|teamsize|p2|6
|start
|switch|p1a: Great Bait|Torkoal, F, shiny|100/100
|switch|p2a: Iron Treads|Iron Treads|100/100
|-weather|SunnyDay|[from] ability: Drought|[of] p1a: Great Bait
|-enditem|p2a: Iron Treads|Booster Energy
|-activate|p2a: Iron Treads|ability: Quark Drive|[fromitem]
|-start|p2a: Iron Treads|quarkdrivespe
|turn|1
|
|t:|1758992044
|switch|p1a: Witch|Hatterene, F, shiny|100/100
|move|p2a: Iron Treads|Earth Power|p1a: Witch
|-damage|p1a: Witch|67/100
|-enditem|p1a: Witch|Eject Button
|inactive|go b3yond has 120 seconds left.
|l|☆go b3yond
|inactive|go b3yond disconnected and has a minute to reconnect!
|player|p1|
|j|☆go b3yond
|inactive|go b3yond reconnected and has 90 seconds left.
|player|p1|go b3yond|eusine|
|
|t:|1758992100
|switch|p1a: Shark|Walking Wake|100/100
|-activate|p1a: Shark|ability: Protosynthesis
|-start|p1a: Shark|protosynthesisspe
|
|-weather|SunnyDay|[upkeep]
|upkeep
|turn|2
|
|t:|1758992105
|-end|p2a: Iron Treads|Quark Drive|[silent]
|switch|p2a: Ninetales|Ninetales-Alola, M|100/100
|-weather|Snowscape|[from] ability: Snow Warning|[of] p2a: Ninetales
|-end|p1a: Shark|Protosynthesis
|move|p1a: Shark|Flip Turn|p2a: Ninetales
|-damage|p2a: Ninetales|87/100
|
|t:|1758992110
|-end|p1a: Shark|Protosynthesis|[silent]
|switch|p1a: Great Bait|Torkoal, F, shiny|100/100|[from] Flip Turn
|-weather|SunnyDay|[from] ability: Drought|[of] p1a: Great Bait
|
|-weather|SunnyDay|[upkeep]
|upkeep
|turn|3
|
|t:|1758992114
|switch|p2a: Iron Treads|Iron Treads|100/100
|move|p1a: Great Bait|Eruption|p2a: Iron Treads
|-supereffective|p2a: Iron Treads
|-damage|p2a: Iron Treads|0 fnt
|faint|p2a: Iron Treads
|-end|p2a: Iron Treads|Quark Drive|[silent]
|
|-weather|SunnyDay|[upkeep]
|upkeep
|
|t:|1758992124
|switch|p2a: Ninetales|Ninetales-Alola, M|87/100
|-weather|Snowscape|[from] ability: Snow Warning|[of] p2a: Ninetales
|turn|4
|
|t:|1758992127
|move|p2a: Ninetales|Aurora Veil|p2a: Ninetales
|-sidestart|p2: apotato135|move: Aurora Veil
|move|p1a: Great Bait|Eruption|p2a: Ninetales
|-supereffective|p2a: Ninetales
|-damage|p2a: Ninetales|28/100
|
|-weather|Snowscape|[upkeep]
|upkeep
|turn|5
|
|t:|1758992133
|switch|p2a: Moltres|Moltres-Galar|100/100
|move|p1a: Great Bait|Eruption|p2a: Moltres
|-damage|p2a: Moltres|73/100
|
|-weather|Snowscape|[upkeep]
|upkeep
|turn|6
|
|t:|1758992140
|switch|p1a: Witch|Hatterene, F, shiny|67/100
|move|p2a: Moltres|Agility|p2a: Moltres
|-boost|p2a: Moltres|spe|2
|
|-weather|Snowscape|[upkeep]
|upkeep
|turn|7
|
|t:|1758992149
|move|p2a: Moltres|Hurricane|p1a: Witch
|-damage|p1a: Witch|15/100
|move|p1a: Witch|Nuzzle|p2a: Moltres
|-supereffective|p2a: Moltres
|-damage|p2a: Moltres|68/100
|-status|p2a: Moltres|par
|
|-weather|Snowscape|[upkeep]
|upkeep
|turn|8
|
|t:|1758992155
|move|p2a: Moltres|Agility|p2a: Moltres
|-boost|p2a: Moltres|spe|2
|move|p1a: Witch|Dazzling Gleam|p2a: Moltres
|-supereffective|p2a: Moltres
|-damage|p2a: Moltres|35/100 par
|-ability|p2a: Moltres|Berserk|boost
|-boost|p2a: Moltres|spa|1
|-enditem|p2a: Moltres|Sitrus Berry|[eat]
|-heal|p2a: Moltres|60/100 par|[from] item: Sitrus Berry
|
|-weather|none
|upkeep
|turn|9
|
|t:|1758992161
|move|p2a: Moltres|Fiery Wrath|p1a: Witch
|-damage|p1a: Witch|0 fnt
|faint|p1a: Witch
|
|upkeep
|
|t:|1758992171
|switch|p1a: Knight|Ceruledge, M|100/100
|turn|10
|
|t:|1758992178
|cant|p2a: Moltres|par
|move|p1a: Knight|Bitter Blade|p2a: Moltres
|-damage|p2a: Moltres|36/100 par
|-ability|p2a: Moltres|Berserk|boost
|-boost|p2a: Moltres|spa|1
|
|upkeep
|turn|11
|
|t:|1758992193
|move|p2a: Moltres|Fiery Wrath|p1a: Knight
|-supereffective|p1a: Knight
|-enditem|p1a: Knight|Focus Sash
|-damage|p1a: Knight|1/100
|move|p1a: Knight|Bitter Blade|p2a: Moltres
|-damage|p2a: Moltres|9/100 par
|-heal|p1a: Knight|16/100|[from] drain|[of] p2a: Moltres
|
|-sideend|p2: apotato135|move: Aurora Veil
|upkeep
|turn|12
|
|t:|1758992198
|move|p1a: Knight|Shadow Sneak|p2a: Moltres
|-resisted|p2a: Moltres
|-damage|p2a: Moltres|0 fnt
|faint|p2a: Moltres
|
|upkeep
|
|t:|1758992202
|switch|p2a: Enamorus|Enamorus, F|100/100
|turn|13
|
|t:|1758992207
|move|p2a: Enamorus|Moonblast|p1a: Knight
|-resisted|p1a: Knight
|-damage|p1a: Knight|0 fnt
|faint|p1a: Knight
|
|upkeep
|
|t:|1758992210
|switch|p1a: Storm|Thundurus-Therian, M|100/100
|turn|14
|
|t:|1758992213
|-terastallize|p2a: Enamorus|Ground
|move|p2a: Enamorus|Moonblast|p1a: Storm
|-damage|p1a: Storm|24/100
|-unboost|p1a: Storm|spa|1
|move|p1a: Storm|Volt Switch|p2a: Enamorus
|-immune|p2a: Enamorus
|
|upkeep
|turn|15
|
|t:|1758992217
|switch|p1a: Great Bait|Torkoal, F, shiny|100/100
|-weather|SunnyDay|[from] ability: Drought|[of] p1a: Great Bait
|move|p2a: Enamorus|Moonblast|p1a: Great Bait
|-resisted|p1a: Great Bait
|-damage|p1a: Great Bait|63/100
|-unboost|p1a: Great Bait|spa|1
|
|-weather|SunnyDay|[upkeep]
|upkeep
|turn|16
|
|t:|1758992222
|move|p2a: Enamorus|Moonblast|p1a: Great Bait
|-resisted|p1a: Great Bait
|-damage|p1a: Great Bait|30/100
|move|p1a: Great Bait|Overheat|p2a: Enamorus
|-damage|p2a: Enamorus|16/100
|-unboost|p1a: Great Bait|spa|2
|
|-weather|SunnyDay|[upkeep]
|upkeep
|turn|17
|
|t:|1758992226
|switch|p1a: Storm|Thundurus-Therian, M|24/100
|move|p2a: Enamorus|Moonblast|p1a: Storm
|-crit|p1a: Storm
|-damage|p1a: Storm|0 fnt
|faint|p1a: Storm
|
|-weather|SunnyDay|[upkeep]
|upkeep
|
|t:|1758992229
|switch|p1a: Shark|Walking Wake|100/100
|-activate|p1a: Shark|ability: Protosynthesis
|-start|p1a: Shark|protosynthesisspe
|turn|18
|
|t:|1758992236
|switch|p2a: Ninetales|Ninetales-Alola, M|28/100
|-weather|Snowscape|[from] ability: Snow Warning|[of] p2a: Ninetales
|-end|p1a: Shark|Protosynthesis
|move|p1a: Shark|Flamethrower|p2a: Ninetales
|-supereffective|p2a: Ninetales
|-damage|p2a: Ninetales|0 fnt
|faint|p2a: Ninetales
|
|-weather|Snowscape|[upkeep]
|upkeep
|
|t:|1758992242
|switch|p2a: Enamorus|Enamorus, F, tera:Ground|16/100
|turn|19
|
|t:|1758992245
|-end|p1a: Shark|Protosynthesis|[silent]
|switch|p1a: Great Bait|Torkoal, F, shiny|30/100
|-weather|SunnyDay|[from] ability: Drought|[of] p1a: Great Bait
|move|p2a: Enamorus|Moonblast|p1a: Great Bait
|-resisted|p1a: Great Bait
|-damage|p1a: Great Bait|0 fnt
|faint|p1a: Great Bait
|
|-weather|SunnyDay|[upkeep]
|upkeep
|
|t:|1758992251
|switch|p1a: Shark|Walking Wake|100/100
|-activate|p1a: Shark|ability: Protosynthesis
|-start|p1a: Shark|protosynthesisspe
|turn|20
|
|t:|1758992258
|move|p1a: Shark|Hydro Steam|p2a: Enamorus
|-supereffective|p2a: Enamorus
|-damage|p2a: Enamorus|0 fnt
|faint|p2a: Enamorus
|
|-weather|SunnyDay|[upkeep]
|upkeep
|
|t:|1758992264
|switch|p2a: Kyurem|Kyurem|100/100
|-ability|p2a: Kyurem|Pressure
|turn|21
|
|t:|1758992270
|move|p1a: Shark|Draco Meteor|p2a: Kyurem
|-supereffective|p2a: Kyurem
|-damage|p2a: Kyurem|0 fnt
|-unboost|p1a: Shark|spa|2
|faint|p2a: Kyurem
|
|-weather|SunnyDay|[upkeep]
|upkeep
|
|t:|1758992273
|switch|p2a: Primeape|Primeape, F|100/100
|turn|22
|
|t:|1758992277
|move|p1a: Shark|Flip Turn|p2a: Primeape
|-damage|p2a: Primeape|92/100
|
|t:|1758992279
|-end|p1a: Shark|Protosynthesis|[silent]
|switch|p1a: BRUTE FORCE|Brute Bonnet|100/100|[from] Flip Turn
|-activate|p1a: BRUTE FORCE|ability: Protosynthesis
|-start|p1a: BRUTE FORCE|protosynthesisatk
|move|p2a: Primeape|Bulk Up|p2a: Primeape
|-boost|p2a: Primeape|atk|1
|-boost|p2a: Primeape|def|1
|
|-weather|SunnyDay|[upkeep]
|upkeep
|turn|23
|
|t:|1758992287
|move|p2a: Primeape|Bulk Up|p2a: Primeape
|-boost|p2a: Primeape|atk|1
|-boost|p2a: Primeape|def|1
|move|p1a: BRUTE FORCE|Bullet Seed|p2a: Primeape
|-damage|p2a: Primeape|82/100
|-crit|p2a: Primeape
|-damage|p2a: Primeape|52/100
|-damage|p2a: Primeape|42/100
|-damage|p2a: Primeape|33/100
|-hitcount|p2a: Primeape|4
|
|-weather|SunnyDay|[upkeep]
|upkeep
|turn|24
|
|t:|1758992290
|move|p1a: BRUTE FORCE|Sucker Punch|p2a: Primeape
|-resisted|p2a: Primeape
|-damage|p2a: Primeape|20/100
|move|p2a: Primeape|Drain Punch|p1a: BRUTE FORCE
|-supereffective|p1a: BRUTE FORCE
|-damage|p1a: BRUTE FORCE|13/100
|-heal|p2a: Primeape|73/100|[from] drain|[of] p1a: BRUTE FORCE
|
|-weather|SunnyDay|[upkeep]
|upkeep
|turn|25
|
|t:|1758992301
|move|p1a: BRUTE FORCE|Sucker Punch|p2a: Primeape
|-resisted|p2a: Primeape
|-damage|p2a: Primeape|60/100
|move|p2a: Primeape|Drain Punch|p1a: BRUTE FORCE
|-supereffective|p1a: BRUTE FORCE
|-damage|p1a: BRUTE FORCE|0 fnt
|-heal|p2a: Primeape|67/100|[from] drain|[of] p1a: BRUTE FORCE
|faint|p1a: BRUTE FORCE
|-end|p1a: BRUTE FORCE|Protosynthesis|[silent]
|
|-weather|SunnyDay|[upkeep]
|upkeep
|
|t:|1758992302
|switch|p1a: Shark|Walking Wake|100/100
|-activate|p1a: Shark|ability: Protosynthesis
|-start|p1a: Shark|protosynthesisspe
|turn|26
|
|t:|1758992307
|-terastallize|p1a: Shark|Water
|move|p1a: Shark|Hydro Steam|p2a: Primeape
|-damage|p2a: Primeape|20/100
|move|p2a: Primeape|Rage Fist|p1a: Shark
|-damage|p1a: Shark|0 fnt
|faint|p1a: Shark
|-end|p1a: Shark|Protosynthesis|[silent]
|
|win|apotato135
|raw|go b3yond's rating: 1429 &rarr; <strong>1412</strong><br />(-17 for losing)
|raw|apotato135's rating: 1473 &rarr; <strong>1490</strong><br />(+17 for winning)
|l|☆go b3yond
|player|p1|
|l|☆apotato135
|player|p2|
