|j|☆Gabriel512g
|j|☆freeisrael2025
|t:|1759037247
|gametype|singles
|player|p1|Gabriel512g|hilbert|1166
|player|p2|freeisrael2025|ltsurge|1130
|gen|9
|tier|[Gen 9] OU
|rated|
|rule|HP Percentage Mod: HP is shown in percentages
|rule|Endless Battle Clause: Forcing endless battles is banned
|rule|Species Clause: Limit one of each Pokémon
|rule|OHKO Clause: OHKO moves are banned
|rule|Evasion Items Clause: Evasion items are banned
|rule|Evasion Moves Clause: Evasion moves are banned
|rule|Evasion Abilities Clause: Evasion abilities are banned
|rule|Sleep Moves Clause: Sleep-inducing moves are banned
|clearpoke
|poke|p1|Garganacl, M|
|poke|p1|Ursaluna, M|
|poke|p1|Reuniclus, M|
|poke|p1|Crawdaunt, F|
|poke|p1|Kingambit, F|
|poke|p1|Slowking-Galar, M|
|poke|p2|Overqwil, M|
|poke|p2|Pelipper, F|
|poke|p2|Basculegion-F, F|
|poke|p2|Gliscor, F|
|poke|p2|Iron Crown|
|poke|p2|Clefable, F|
|teampreview
|inactive|Battle timer is ON: inactive players will automatically lose when time's up. (requested by freeisrael2025)
|
|t:|1759037266
|teamsize|p1|6
|teamsize|p2|6
|start
|switch|p1a: Slowking|Slowking-Galar, M|100/100
|switch|p2a: Iron Crown|Iron Crown|100/100
|turn|1
|
|t:|1759037277
|move|p2a: Iron Crown|Future Sight|p1a: Slowking
|-start|p2a: Iron Crown|move: Future Sight
|move|p1a: Slowking|Toxic Spikes|p2a: Iron Crown
|-sidestart|p2: freeisrael2025|move: Toxic Spikes
|
|upkeep
|turn|2
|
|t:|1759037292
|move|p2a: Iron Crown|Volt Switch|p1a: Slowking
|-damage|p1a: Slowking|81/100
|-damage|p2a: Iron Crown|91/100|[from] item: Life Orb
|
|t:|1759037296
|-end|p2a: Iron Crown|Quark Drive|[silent]
|switch|p2a: Gliscor|Gliscor, F|100/100|[from] Volt Switch
|move|p1a: Slowking|Trick Room|p1a: Slowking
|-fieldstart|move: Trick Room|[of] p1a: Slowking
|
|-status|p2a: Gliscor|tox|[from] item: Toxic Orb
|upkeep
|turn|3
|
|t:|1759037307
|-prepare|p1a: Slowking|Chilly Reception|[premajor]
|move|p1a: Slowking|Chilly Reception|p1a: Slowking
|-weather|Snowscape
|
|t:|1759037315
|switch|p1a: Kingambit|Kingambit, F|100/100|[from] Chilly Reception
|move|p2a: Gliscor|Toxic Spikes|p1a: Kingambit
|-sidestart|p1: Gabriel512g|move: Toxic Spikes
|
|-weather|Snowscape|[upkeep]
|-end|p1a: Kingambit|move: Future Sight
|-immune|p1a: Kingambit
|upkeep
|turn|4
|
|t:|1759037325
|-end|p1a: Kingambit|fallenundefined|[silent]
|switch|p1a: Slowking|Slowking-Galar, M|100/100
|-sideend|p1: Gabriel512g|move: Toxic Spikes|[of] p1a: Slowking
|move|p2a: Gliscor|Earthquake|p1a: Slowking
|-supereffective|p1a: Slowking
|-damage|p1a: Slowking|0 fnt
|faint|p1a: Slowking
|
|-weather|Snowscape|[upkeep]
|upkeep
|
|t:|1759037347
|switch|p1a: Garganacl|Garganacl, M|100/100
|turn|5
|
|t:|1759037353
|-terastallize|p1a: Garganacl|Fighting
|move|p1a: Garganacl|Salt Cure|p2a: Gliscor
|-damage|p2a: Gliscor|89/100 tox
|-start|p2a: Gliscor|Salt Cure
|move|p2a: Gliscor|Toxic Spikes|p1a: Garganacl
|-sidestart|p1: Gabriel512g|move: Toxic Spikes
|
|-weather|Snowscape|[upkeep]
|-heal|p2a: Gliscor|100/100 tox|[from] ability: Poison Heal
|-damage|p2a: Gliscor|88/100 tox|[from] Salt Cure
|upkeep
|turn|6
|
|t:|1759037366
|move|p1a: Garganacl|Stealth Rock|p2a: Gliscor
|-sidestart|p2: freeisrael2025|move: Stealth Rock
|move|p2a: Gliscor|Dual Wingbeat|p1a: Garganacl|[miss]
|-miss|p2a: Gliscor|p1a: Garganacl
|
|-weather|Snowscape|[upkeep]
|-heal|p2a: Gliscor|100/100 tox|[from] ability: Poison Heal
|-damage|p2a: Gliscor|88/100 tox|[from] Salt Cure
|-fieldend|move: Trick Room
|upkeep
|turn|7
|
|t:|1759037381
|move|p2a: Gliscor|Stealth Rock|p1a: Garganacl
|-sidestart|p1: Gabriel512g|move: Stealth Rock
|move|p1a: Garganacl|Salt Cure|p2a: Gliscor
|-damage|p2a: Gliscor|77/100 tox
|
|-weather|none
|-heal|p2a: Gliscor|89/100 tox|[from] ability: Poison Heal
|-damage|p2a: Gliscor|77/100 tox|[from] Salt Cure
|upkeep
|turn|8
|
|t:|1759037390
|move|p2a: Gliscor|Dual Wingbeat|p1a: Garganacl
|-supereffective|p1a: Garganacl
|-damage|p1a: Garganacl|82/100
|-supereffective|p1a: Garganacl
|-damage|p1a: Garganacl|63/100
|-hitcount|p1a: Garganacl|2
|move|p1a: Garganacl|Salt Cure|p2a: Gliscor
|-damage|p2a: Gliscor|66/100 tox
|
|-heal|p1a: Garganacl|69/100|[from] item: Leftovers
|-heal|p2a: Gliscor|79/100 tox|[from] ability: Poison Heal
|-damage|p2a: Gliscor|66/100 tox|[from] Salt Cure
|upkeep
|turn|9
|
|t:|1759037403
|move|p2a: Gliscor|Dual Wingbeat|p1a: Garganacl
|-supereffective|p1a: Garganacl
|-damage|p1a: Garganacl|48/100
|-supereffective|p1a: Garganacl
|-damage|p1a: Garganacl|30/100
|-hitcount|p1a: Garganacl|2
|move|p1a: Garganacl|Recover|p1a: Garganacl
|-heal|p1a: Garganacl|80/100
|
|-heal|p1a: Garganacl|86/100|[from] item: Leftovers
|-heal|p2a: Gliscor|79/100 tox|[from] ability: Poison Heal
|-damage|p2a: Gliscor|66/100 tox|[from] Salt Cure
|upkeep
|turn|10
|
|t:|1759037420
|move|p2a: Gliscor|Dual Wingbeat|p1a: Garganacl
|-supereffective|p1a: Garganacl
|-damage|p1a: Garganacl|65/100
|-supereffective|p1a: Garganacl
|-damage|p1a: Garganacl|45/100
|-hitcount|p1a: Garganacl|2
|move|p1a: Garganacl|Body Press|p2a: Gliscor
|-resisted|p2a: Gliscor
|-damage|p2a: Gliscor|47/100 tox
|
|-heal|p1a: Garganacl|51/100|[from] item: Leftovers
|-heal|p2a: Gliscor|60/100 tox|[from] ability: Poison Heal
|-damage|p2a: Gliscor|47/100 tox|[from] Salt Cure
|upkeep
|turn|11
|
|t:|1759037437
|move|p2a: Gliscor|Dual Wingbeat|p1a: Garganacl
|-supereffective|p1a: Garganacl
|-damage|p1a: Garganacl|31/100
|-supereffective|p1a: Garganacl
|-damage|p1a: Garganacl|12/100
|-hitcount|p1a: Garganacl|2
|move|p1a: Garganacl|Recover|p1a: Garganacl
|-heal|p1a: Garganacl|62/100
|
|-heal|p1a: Garganacl|68/100|[from] item: Leftovers
|-heal|p2a: Gliscor|60/100 tox|[from] ability: Poison Heal
|-damage|p2a: Gliscor|47/100 tox|[from] Salt Cure
|upkeep
|turn|12
|
|t:|1759037449
|move|p2a: Gliscor|Dual Wingbeat|p1a: Garganacl
|-supereffective|p1a: Garganacl
|-damage|p1a: Garganacl|50/100
|-supereffective|p1a: Garganacl
|-damage|p1a: Garganacl|29/100
|-hitcount|p1a: Garganacl|2
|move|p1a: Garganacl|Recover|p1a: Garganacl
|-heal|p1a: Garganacl|79/100
|
|-heal|p1a: Garganacl|85/100|[from] item: Leftovers
|-heal|p2a: Gliscor|60/100 tox|[from] ability: Poison Heal
|-damage|p2a: Gliscor|47/100 tox|[from] Salt Cure
|upkeep
|turn|13
|
|t:|1759037461
|move|p2a: Gliscor|Dual Wingbeat|p1a: Garganacl
|-supereffective|p1a: Garganacl
|-damage|p1a: Garganacl|66/100
|-supereffective|p1a: Garganacl
|-damage|p1a: Garganacl|45/100
|-hitcount|p1a: Garganacl|2
|move|p1a: Garganacl|Body Press|p2a: Gliscor
|-resisted|p2a: Gliscor
|-damage|p2a: Gliscor|28/100 tox
|
|-heal|p1a: Garganacl|51/100|[from] item: Leftovers
|-heal|p2a: Gliscor|40/100 tox|[from] ability: Poison Heal
|-damage|p2a: Gliscor|28/100 tox|[from] Salt Cure
|upkeep
|turn|14
|inactive|freeisrael2025 has 120 seconds left.
|
|t:|1759037512
|move|p2a: Gliscor|Dual Wingbeat|p1a: Garganacl
|-supereffective|p1a: Garganacl
|-damage|p1a: Garganacl|34/100
|-supereffective|p1a: Garganacl
|-damage|p1a: Garganacl|13/100
|-hitcount|p1a: Garganacl|2
|move|p1a: Garganacl|Recover|p1a: Garganacl
|-heal|p1a: Garganacl|63/100
|
|-heal|p1a: Garganacl|69/100|[from] item: Leftovers
|-heal|p2a: Gliscor|40/100 tox|[from] ability: Poison Heal
|-damage|p2a: Gliscor|28/100 tox|[from] Salt Cure
|upkeep
|turn|15
|
|t:|1759037524
|move|p2a: Gliscor|Dual Wingbeat|p1a: Garganacl
|-supereffective|p1a: Garganacl
|-crit|p1a: Garganacl
|-damage|p1a: Garganacl|42/100
|-supereffective|p1a: Garganacl
|-damage|p1a: Garganacl|22/100
|-hitcount|p1a: Garganacl|2
|move|p1a: Garganacl|Recover|p1a: Garganacl
|-heal|p1a: Garganacl|72/100
|
|-heal|p1a: Garganacl|78/100|[from] item: Leftovers
|-heal|p2a: Gliscor|40/100 tox|[from] ability: Poison Heal
|-damage|p2a: Gliscor|28/100 tox|[from] Salt Cure
|upkeep
|turn|16
|
|t:|1759037540
|move|p2a: Gliscor|Dual Wingbeat|p1a: Garganacl
|-supereffective|p1a: Garganacl
|-damage|p1a: Garganacl|60/100
|-supereffective|p1a: Garganacl
|-damage|p1a: Garganacl|39/100
|-hitcount|p1a: Garganacl|2
|move|p1a: Garganacl|Body Press|p2a: Gliscor
|-resisted|p2a: Gliscor
|-damage|p2a: Gliscor|8/100 tox
|
|-heal|p1a: Garganacl|45/100|[from] item: Leftovers
|-heal|p2a: Gliscor|20/100 tox|[from] ability: Poison Heal
|-damage|p2a: Gliscor|8/100 tox|[from] Salt Cure
|upkeep
|turn|17
|
|t:|1759037553
|move|p2a: Gliscor|Dual Wingbeat|p1a: Garganacl
|-supereffective|p1a: Garganacl
|-damage|p1a: Garganacl|25/100
|-supereffective|p1a: Garganacl
|-damage|p1a: Garganacl|4/100
|-hitcount|p1a: Garganacl|2
|move|p1a: Garganacl|Recover|p1a: Garganacl
|-heal|p1a: Garganacl|54/100
|
|-heal|p1a: Garganacl|60/100|[from] item: Leftovers
|-heal|p2a: Gliscor|20/100 tox|[from] ability: Poison Heal
|-damage|p2a: Gliscor|8/100 tox|[from] Salt Cure
|upkeep
|turn|18
|
|t:|1759037574
|move|p2a: Gliscor|Dual Wingbeat|p1a: Garganacl
|-supereffective|p1a: Garganacl
|-damage|p1a: Garganacl|39/100
|-supereffective|p1a: Garganacl
|-damage|p1a: Garganacl|20/100
|-hitcount|p1a: Garganacl|2
|move|p1a: Garganacl|Recover|p1a: Garganacl
|-heal|p1a: Garganacl|70/100
|
|-heal|p1a: Garganacl|76/100|[from] item: Leftovers
|-heal|p2a: Gliscor|20/100 tox|[from] ability: Poison Heal
|-damage|p2a: Gliscor|8/100 tox|[from] Salt Cure
|upkeep
|turn|19
|
|t:|1759037587
|move|p2a: Gliscor|Dual Wingbeat|p1a: Garganacl
|-supereffective|p1a: Garganacl
|-damage|p1a: Garganacl|59/100
|-supereffective|p1a: Garganacl
|-crit|p1a: Garganacl
|-damage|p1a: Garganacl|30/100
|-hitcount|p1a: Garganacl|2
|move|p1a: Garganacl|Body Press|p2a: Gliscor
|-resisted|p2a: Gliscor
|-damage|p2a: Gliscor|0 fnt
|faint|p2a: Gliscor
|
|-heal|p1a: Garganacl|36/100|[from] item: Leftovers
|upkeep
|
|t:|1759037605
|switch|p2a: Pelipper|Pelipper, F|100/100
|-weather|RainDance|[from] ability: Drizzle|[of] p2a: Pelipper
|turn|20
|
|t:|1759037611
|move|p2a: Pelipper|Hurricane|p1a: Garganacl
|-supereffective|p1a: Garganacl
|-damage|p1a: Garganacl|0 fnt
|faint|p1a: Garganacl
|
|-weather|RainDance|[upkeep]
|upkeep
|
|t:|1759037617
|switch|p1a: Reuniclus|Reuniclus, M|100/100
|-status|p1a: Reuniclus|psn
|turn|21
|
|t:|1759037627
|move|p2a: Pelipper|U-turn|p1a: Reuniclus
|-supereffective|p1a: Reuniclus
|-damage|p1a: Reuniclus|84/100 psn
|
|t:|1759037630
|switch|p2a: Overqwil|Overqwil, M|100/100|[from] U-turn
|-sideend|p2: freeisrael2025|move: Toxic Spikes|[of] p2a: Overqwil
|-damage|p2a: Overqwil|88/100|[from] Stealth Rock
|move|p1a: Reuniclus|Trick Room|p1a: Reuniclus
|-fieldstart|move: Trick Room|[of] p1a: Reuniclus
|
|-weather|RainDance|[upkeep]
|upkeep
|turn|22
|inactive|freeisrael2025 has 120 seconds left.
|inactive|freeisrael2025 has 90 seconds left.
|
|t:|1759037683
|switch|p1a: Kingambit|Kingambit, F|100/100
|-damage|p1a: Kingambit|94/100|[from] Stealth Rock
|-activate|p1a: Kingambit|ability: Supreme Overlord
|-start|p1a: Kingambit|fallen2|[silent]
|move|p2a: Overqwil|Liquidation|p1a: Kingambit
|-damage|p1a: Kingambit|56/100
|-damage|p2a: Overqwil|78/100|[from] item: Life Orb
|
|-weather|RainDance|[upkeep]
|-heal|p1a: Kingambit|63/100|[from] item: Leftovers
|upkeep
|turn|23
|
|t:|1759037701
|switch|p2a: Clefable|Clefable, F|100/100
|-damage|p2a: Clefable|88/100|[from] Stealth Rock
|move|p1a: Kingambit|Iron Head|p2a: Clefable
|-supereffective|p2a: Clefable
|-damage|p2a: Clefable|0 fnt
|faint|p2a: Clefable
|
|-weather|RainDance|[upkeep]
|-heal|p1a: Kingambit|69/100|[from] item: Leftovers
|upkeep
|inactive|freeisrael2025 has 60 seconds left.
|
|t:|1759037729
|switch|p2a: Iron Crown|Iron Crown|91/100
|-damage|p2a: Iron Crown|84/100|[from] Stealth Rock
|turn|24
|
|t:|1759037743
|move|p1a: Kingambit|Kowtow Cleave|p2a: Iron Crown
|-supereffective|p2a: Iron Crown
|-damage|p2a: Iron Crown|0 fnt
|faint|p2a: Iron Crown
|-end|p2a: Iron Crown|Quark Drive|[silent]
|
|-weather|none
|-heal|p1a: Kingambit|75/100|[from] item: Leftovers
|upkeep
|
|t:|1759037749
|switch|p2a: Pelipper|Pelipper, F|100/100
|-weather|RainDance|[from] ability: Drizzle|[of] p2a: Pelipper
|turn|25
|
|t:|1759037769
|-end|p1a: Kingambit|fallen2|[silent]
|switch|p1a: Ursaluna|Ursaluna, M|100/100
|-status|p1a: Ursaluna|psn
|-damage|p1a: Ursaluna|94/100 psn|[from] Stealth Rock
|move|p2a: Pelipper|U-turn|p1a: Ursaluna
|-crit|p1a: Ursaluna
|-damage|p1a: Ursaluna|84/100 psn
|
|t:|1759037794
|switch|p2a: Overqwil|Overqwil, M|78/100|[from] U-turn
|-damage|p2a: Overqwil|66/100|[from] Stealth Rock
|
|-weather|RainDance|[upkeep]
|-damage|p1a: Ursaluna|72/100 psn|[from] psn
|-fieldend|move: Trick Room
|upkeep
|turn|26
|
|t:|1759037807
|move|p2a: Overqwil|Liquidation|p1a: Ursaluna
|-supereffective|p1a: Ursaluna
|-damage|p1a: Ursaluna|0 fnt
|faint|p1a: Ursaluna
|-damage|p2a: Overqwil|56/100|[from] item: Life Orb
|
|-weather|RainDance|[upkeep]
|upkeep
|
|t:|1759037818
|switch|p1a: Crawdaunt|Crawdaunt, F|100/100
|-status|p1a: Crawdaunt|psn
|-damage|p1a: Crawdaunt|88/100 psn|[from] Stealth Rock
|turn|27
|
|t:|1759037828
|move|p1a: Crawdaunt|Aqua Jet|p2a: Overqwil
|-damage|p2a: Overqwil|0 fnt
|faint|p2a: Overqwil
|
|-weather|RainDance|[upkeep]
|-damage|p1a: Crawdaunt|76/100 psn|[from] psn
|upkeep
|
|t:|1759037833
|switch|p2a: Basculegion|Basculegion-F, F|100/100
|-damage|p2a: Basculegion|88/100|[from] Stealth Rock
|turn|28
|
|t:|1759037839
|move|p1a: Crawdaunt|Aqua Jet|p2a: Basculegion
|-resisted|p2a: Basculegion
|-damage|p2a: Basculegion|46/100
|move|p2a: Basculegion|Hex|p1a: Crawdaunt
|-resisted|p1a: Crawdaunt
|-damage|p1a: Crawdaunt|0 fnt
|faint|p1a: Crawdaunt
|
|-weather|RainDance|[upkeep]
|upkeep
|
|t:|1759037852
|switch|p1a: Kingambit|Kingambit, F|75/100
|-damage|p1a: Kingambit|69/100|[from] Stealth Rock
|-activate|p1a: Kingambit|ability: Supreme Overlord
|-start|p1a: Kingambit|fallen4|[silent]
|turn|29
|
|t:|1759037858
|move|p1a: Kingambit|Sucker Punch|p2a: Basculegion
|-supereffective|p2a: Basculegion
|-damage|p2a: Basculegion|0 fnt
|faint|p2a: Basculegion
|
|-weather|none
|-heal|p1a: Kingambit|75/100|[from] item: Leftovers
|upkeep
|
|t:|1759037861
|switch|p2a: Pelipper|Pelipper, F|100/100
|-weather|RainDance|[from] ability: Drizzle|[of] p2a: Pelipper
|turn|30
|
|t:|1759037882
|move|p2a: Pelipper|Hurricane|p1a: Kingambit
|-resisted|p1a: Kingambit
|-damage|p1a: Kingambit|48/100
|move|p1a: Kingambit|Kowtow Cleave|p2a: Pelipper
|-crit|p2a: Pelipper
|-damage|p2a: Pelipper|0 fnt
|faint|p2a: Pelipper
|
|win|Gabriel512g
|raw|Gabriel512g's rating: 1166 &rarr; <strong>1188</strong><br />(+22 for winning)
|raw|freeisrael2025's rating: 1130 &rarr; <strong>1108</strong><br />(-22 for losing)
|l|☆freeisrael2025
|player|p2|
|l|☆Gabriel512g
|player|p1|
