|j|☆missingyat
|j|☆pokemonnoob672
|t:|1758945952
|gametype|singles
|player|p1|missingyat|unknownf|1104
|player|p2|pokemonnoob672|red|1094
|gen|9
|tier|[Gen 9] OU
|rated|
|rule|HP Percentage Mod: HP is shown in percentages
|rule|Endless Battle Clause: Forcing endless battles is banned
|rule|Species Clause: Limit one of each Pokémon
|rule|OHKO Clause: OHKO moves are banned
|rule|Evasion Items Clause: Evasion items are banned
|rule|Evasion Moves Clause: Evasion moves are banned
|rule|Evasion Abilities Clause: Evasion abilities are banned
|rule|Sleep Moves Clause: Sleep-inducing moves are banned
|clearpoke
|poke|p1|Komala, F|
|poke|p1|Clodsire, M|
|poke|p1|Ambipom, M|
|poke|p1|Shiftry, M|
|poke|p1|Gholdengo|
|poke|p1|Bastiodon, M|
|poke|p2|Snorlax, F|
|poke|p2|Zapdos|
|poke|p2|Arcanine, F|
|poke|p2|Greninja-*, M|
|poke|p2|Kingambit, M|
|poke|p2|Decidueye, F|
|teampreview
|
|t:|1758945973
|teamsize|p1|6
|teamsize|p2|6
|start
|switch|p1a: Bastiodon|Bastiodon, M|100/100
|switch|p2a: Greninja|Greninja, M|100/100
|turn|1
|
|t:|1758946005
|move|p2a: Greninja|Hydro Pump|p1a: Bastiodon
|-supereffective|p1a: Bastiodon
|-damage|p1a: Bastiodon|28/100
|move|p1a: Bastiodon|Metal Burst|p2a: Greninja
|-damage|p2a: Greninja|0 fnt
|faint|p2a: Greninja
|
|upkeep
|
|t:|1758946016
|switch|p2a: Decidueye|Decidueye, F|100/100
|turn|2
|
|t:|1758946022
|move|p2a: Decidueye|Leaf Blade|p1a: Bastiodon
|-damage|p1a: Bastiodon|2/100
|move|p1a: Bastiodon|Stealth Rock|p2a: Decidueye
|-sidestart|p2: pokemonnoob672|move: Stealth Rock
|
|upkeep
|turn|3
|
|t:|1758946049
|switch|p1a: Clodsire|Clodsire, M|100/100
|move|p2a: Decidueye|Leaf Blade|p1a: Clodsire
|-damage|p1a: Clodsire|71/100
|
|-heal|p1a: Clodsire|77/100|[from] item: Leftovers
|upkeep
|turn|4
|
|t:|1758946060
|move|p2a: Decidueye|Brave Bird|p1a: Clodsire
|-damage|p1a: Clodsire|50/100
|-damage|p2a: Decidueye|89/100|[from] Recoil
|move|p1a: Clodsire|Toxic|p2a: Decidueye
|-status|p2a: Decidueye|tox
|
|-heal|p1a: Clodsire|56/100|[from] item: Leftovers
|-damage|p2a: Decidueye|83/100 tox|[from] psn
|upkeep
|turn|5
|
|t:|1758946071
|switch|p2a: Chonkiboi|Snorlax, F|100/100
|-damage|p2a: Chonkiboi|88/100|[from] Stealth Rock
|move|p1a: Clodsire|Spikes|p2a: Chonkiboi
|-sidestart|p2: pokemonnoob672|Spikes
|
|-heal|p2a: Chonkiboi|94/100|[from] item: Leftovers
|-heal|p1a: Clodsire|62/100|[from] item: Leftovers
|upkeep
|turn|6
|
|t:|1758946082
|move|p2a: Chonkiboi|Double-Edge|p1a: Clodsire
|-damage|p1a: Clodsire|17/100
|-damage|p2a: Chonkiboi|81/100|[from] Recoil
|move|p1a: Clodsire|Toxic|p2a: Chonkiboi
|-immune|p2a: Chonkiboi|[from] ability: Immunity
|
|-heal|p2a: Chonkiboi|87/100|[from] item: Leftovers
|-heal|p1a: Clodsire|24/100|[from] item: Leftovers
|upkeep
|turn|7
|
|t:|1758946096
|move|p2a: Chonkiboi|Earthquake|p1a: Clodsire
|-supereffective|p1a: Clodsire
|-damage|p1a: Clodsire|0 fnt
|faint|p1a: Clodsire
|
|-heal|p2a: Chonkiboi|94/100|[from] item: Leftovers
|upkeep
|
|t:|1758946102
|switch|p1a: Pepto|Ambipom, M, shiny|100/100
|turn|8
|
|t:|1758946108
|move|p1a: Pepto|U-turn|p2a: Chonkiboi
|-damage|p2a: Chonkiboi|72/100
|
|t:|1758946113
|switch|p1a: Komala|Komala, F|100/100|[from] U-turn
|-ability|p1a: Komala|Comatose
|move|p2a: Chonkiboi|Belly Drum|p2a: Chonkiboi
|-damage|p2a: Chonkiboi|22/100
|-setboost|p2a: Chonkiboi|atk|6|[from] move: Belly Drum
|
|-heal|p2a: Chonkiboi|28/100|[from] item: Leftovers
|upkeep
|turn|9
|
|t:|1758946124
|move|p1a: Komala|Sucker Punch|p2a: Chonkiboi
|-damage|p2a: Chonkiboi|4/100
|move|p2a: Chonkiboi|Earthquake|p1a: Komala
|-damage|p1a: Komala|0 fnt
|faint|p1a: Komala
|
|-heal|p2a: Chonkiboi|10/100|[from] item: Leftovers
|upkeep
|
|t:|1758946130
|switch|p1a: Pepto|Ambipom, M, shiny|100/100
|turn|10
|
|t:|1758946137
|move|p1a: Pepto|Fake Out|p2a: Chonkiboi
|-damage|p2a: Chonkiboi|0 fnt
|faint|p2a: Chonkiboi
|
|upkeep
|
|t:|1758946145
|switch|p2a: Kingambit|Kingambit, M|100/100
|-damage|p2a: Kingambit|94/100|[from] Stealth Rock
|-damage|p2a: Kingambit|82/100|[from] Spikes
|-activate|p2a: Kingambit|ability: Supreme Overlord
|-start|p2a: Kingambit|fallen2|[silent]
|turn|11
|
|t:|1758946154
|move|p1a: Pepto|U-turn|p2a: Kingambit
|-damage|p2a: Kingambit|68/100
|
|t:|1758946162
|switch|p1a: Shiftry|Shiftry, M, shiny|100/100|[from] U-turn
|move|p2a: Kingambit|Foul Play|p1a: Shiftry
|-resisted|p1a: Shiftry
|-damage|p1a: Shiftry|53/100
|-damage|p2a: Kingambit|58/100|[from] item: Life Orb
|
|upkeep
|turn|12
|
|t:|1758946171
|move|p1a: Shiftry|Tailwind|p1a: Shiftry
|-sidestart|p1: missingyat|move: Tailwind
|-ability|p1a: Shiftry|Wind Rider|boost
|-boost|p1a: Shiftry|atk|1
|move|p2a: Kingambit|Poison Jab|p1a: Shiftry
|-supereffective|p1a: Shiftry
|-damage|p1a: Shiftry|0 fnt
|faint|p1a: Shiftry
|-damage|p2a: Kingambit|48/100|[from] item: Life Orb
|
|upkeep
|
|t:|1758946178
|switch|p1a: Bastiodon|Bastiodon, M|2/100
|turn|13
|-enditem|p1a: Bastiodon|Custap Berry|[eat]
|-activate|p1a: Bastiodon|item: Custap Berry|[consumed]
|
|t:|1758946184
|move|p1a: Bastiodon|Earthquake|p2a: Kingambit
|-supereffective|p2a: Kingambit
|-damage|p2a: Kingambit|17/100
|move|p2a: Kingambit|Zen Headbutt|p1a: Bastiodon
|-resisted|p1a: Bastiodon
|-damage|p1a: Bastiodon|0 fnt
|faint|p1a: Bastiodon
|-damage|p2a: Kingambit|7/100|[from] item: Life Orb
|
|upkeep
|
|t:|1758946192
|switch|p1a: Pepto|Ambipom, M, shiny|100/100
|turn|14
|
|t:|1758946198
|move|p1a: Pepto|Fake Out|p2a: Kingambit
|-resisted|p2a: Kingambit
|-damage|p2a: Kingambit|0 fnt
|faint|p2a: Kingambit
|-end|p2a: Kingambit|fallen2|[silent]
|
|upkeep
|
|t:|1758946209
|switch|p2a: Doge|Arcanine, F|100/100
|-damage|p2a: Doge|76/100|[from] Stealth Rock
|-damage|p2a: Doge|63/100|[from] Spikes
|-ability|p2a: Doge|Intimidate|boost
|-unboost|p1a: Pepto|atk|1
|turn|15
|
|t:|1758946222
|move|p1a: Pepto|Double Hit|p2a: Doge
|-damage|p2a: Doge|43/100
|-damage|p2a: Doge|21/100
|-hitcount|p2a: Doge|2
|move|p2a: Doge|Agility|p2a: Doge
|-boost|p2a: Doge|spe|2
|
|-sideend|p1: missingyat|move: Tailwind
|upkeep
|turn|16
|
|t:|1758946233
|move|p2a: Doge|Heat Wave|p1a: Pepto
|-damage|p1a: Pepto|33/100
|move|p1a: Pepto|Knock Off|p2a: Doge
|-damage|p2a: Doge|0 fnt
|-enditem|p2a: Doge|Flame Plate|[from] move: Knock Off|[of] p1a: Pepto
|faint|p2a: Doge
|
|upkeep
|
|t:|1758946242
|switch|p2a: Zapper|Zapdos|100/100
|-damage|p2a: Zapper|76/100|[from] Stealth Rock
|turn|17
|
|t:|1758946250
|move|p1a: Pepto|U-turn|p2a: Zapper
|-resisted|p2a: Zapper
|-damage|p2a: Zapper|67/100
|
|t:|1758946253
|switch|p1a: Gholdengo|Gholdengo|100/100|[from] U-turn
|-item|p1a: Gholdengo|Air Balloon
|move|p2a: Zapper|Thunder|p1a: Gholdengo
|-damage|p1a: Gholdengo|36/100
|-enditem|p1a: Gholdengo|Air Balloon
|
|upkeep
|turn|18
|
|t:|1758946264
|move|p1a: Gholdengo|Shadow Ball|p2a: Zapper
|-damage|p2a: Zapper|26/100
|move|p2a: Zapper|Thunder|p1a: Gholdengo
|-damage|p1a: Gholdengo|0 fnt
|faint|p1a: Gholdengo
|
|upkeep
|
|t:|1758946271
|switch|p1a: Pepto|Ambipom, M, shiny|33/100
|turn|19
|
|t:|1758946279
|move|p1a: Pepto|Fake Out|p2a: Zapper
|-damage|p2a: Zapper|0 fnt
|faint|p2a: Zapper
|
|upkeep
|
|t:|1758946283
|switch|p2a: Decidueye|Decidueye, F|83/100 tox
|-damage|p2a: Decidueye|71/100 tox|[from] Stealth Rock
|-damage|p2a: Decidueye|59/100 tox|[from] Spikes
|turn|20
|
|t:|1758946292
|move|p1a: Pepto|Knock Off|p2a: Decidueye
|-supereffective|p2a: Decidueye
|-damage|p2a: Decidueye|0 fnt
|-enditem|p2a: Decidueye|Splash Plate|[from] move: Knock Off|[of] p1a: Pepto
|faint|p2a: Decidueye
|
|win|missingyat
|raw|missingyat's rating: 1104 &rarr; <strong>1128</strong><br />(+24 for winning)
|raw|pokemonnoob672's rating: 1094 &rarr; <strong>1071</strong><br />(-23 for losing)
|l|☆missingyat
|player|p1|
|c|☆pokemonnoob672|Fg
|c|☆pokemonnoob672|Gg
|l|☆pokemonnoob672
|player|p2|
