|j|☆a calm mind
|j|☆noob1877
|t:|1758934437
|gametype|singles
|player|p1|a calm mind|unknownf|1728
|player|p2|noob1877|169|1740
|gen|9
|tier|[Gen 9] OU
|rated|
|rule|HP Percentage Mod: HP is shown in percentages
|rule|Endless Battle Clause: Forcing endless battles is banned
|rule|Species Clause: Limit one of each Pokémon
|rule|OHKO Clause: OHKO moves are banned
|rule|Evasion Items Clause: Evasion items are banned
|rule|Evasion Moves Clause: Evasion moves are banned
|rule|Evasion Abilities Clause: Evasion abilities are banned
|rule|Sleep Moves Clause: Sleep-inducing moves are banned
|clearpoke
|poke|p1|Iron Valiant|
|poke|p1|Squawkabilly, F|
|poke|p1|Zoroark, M|
|poke|p1|Great Tusk|
|poke|p1|Cinderace, F|
|poke|p1|Empoleon, F|
|poke|p2|Ninetales-Alola, F|
|poke|p2|Heatran, M|
|poke|p2|Iron Hands|
|poke|p2|Hatterene, F|
|poke|p2|Tornadus-Therian, M|
|poke|p2|Okidogi, M|
|teampreview
|inactive|Battle timer is ON: inactive players will automatically lose when time's up. (requested by a calm mind)
|
|t:|1758934460
|teamsize|p1|6
|teamsize|p2|6
|start
|switch|p1a: squawk tua|Squawkabilly, F|100/100
|switch|p2a: Ninetales|Ninetales-Alola, F|100/100
|-ability|p1a: squawk tua|Intimidate|boost
|-unboost|p2a: Ninetales|atk|1
|-weather|Snowscape|[from] ability: Snow Warning|[of] p2a: Ninetales
|turn|1
|
|t:|1758934467
|move|p1a: squawk tua|Final Gambit|p2a: Ninetales
|-damage|p2a: Ninetales|0 fnt
|faint|p1a: squawk tua
|faint|p2a: Ninetales
|
|-weather|Snowscape|[upkeep]
|upkeep
|
|t:|1758934485
|switch|p2a: Tornadus|Tornadus-Therian, M|100/100
|switch|p1a: Cinderace|Cinderace, F|100/100
|turn|2
|
|t:|1758934492
|switch|p2a: Heatran|Heatran, M|100/100
|move|p1a: Cinderace|Pyro Ball|p2a: Heatran
|-start|p2a: Heatran|ability: Flash Fire
|
|-weather|Snowscape|[upkeep]
|upkeep
|turn|3
|inactive|noob1877 has 120 seconds left.
|
|t:|1758934539
|move|p1a: Cinderace|High Jump Kick|p2a: Heatran
|-start|p1a: Cinderace|typechange|Fighting|[from] ability: Libero
|-supereffective|p2a: Heatran
|-damage|p2a: Heatran|0 fnt
|faint|p2a: Heatran
|
|-weather|Snowscape|[upkeep]
|upkeep
|
|t:|1758934545
|switch|p2a: Tornadus|Tornadus-Therian, M|100/100
|turn|4
|inactive|a calm mind has 120 seconds left.
|
|t:|1758934566
|switch|p1a: Empoleon|Empoleon, F|100/100
|move|p2a: Tornadus|Nasty Plot|p2a: Tornadus
|-boost|p2a: Tornadus|spa|2
|
|-weather|Snowscape|[upkeep]
|upkeep
|turn|5
|inactive|noob1877 has 120 seconds left.
|
|t:|1758934573
|move|p2a: Tornadus|Bleakwind Storm|p1a: Empoleon|[miss]
|-miss|p2a: Tornadus|p1a: Empoleon
|move|p1a: Empoleon|Agility|p1a: Empoleon
|-boost|p1a: Empoleon|spe|2
|
|-weather|none
|upkeep
|turn|6
|inactive|noob1877 has 120 seconds left.
|
|t:|1758934586
|move|p1a: Empoleon|Substitute|p1a: Empoleon
|-start|p1a: Empoleon|Substitute
|-damage|p1a: Empoleon|75/100
|move|p2a: Tornadus|Bleakwind Storm|p1a: Empoleon
|-resisted|p1a: Empoleon
|-end|p1a: Empoleon|Substitute
|-damage|p2a: Tornadus|91/100|[from] item: Life Orb
|
|upkeep
|turn|7
|
|t:|1758934590
|move|p1a: Empoleon|Substitute|p1a: Empoleon
|-start|p1a: Empoleon|Substitute
|-damage|p1a: Empoleon|50/100
|move|p2a: Tornadus|Heat Wave|p1a: Empoleon
|-end|p1a: Empoleon|Substitute
|-damage|p2a: Tornadus|81/100|[from] item: Life Orb
|
|upkeep
|turn|8
|
|t:|1758934592
|move|p1a: Empoleon|Substitute|p1a: Empoleon
|-start|p1a: Empoleon|Substitute
|-damage|p1a: Empoleon|25/100
|-enditem|p1a: Empoleon|Petaya Berry|[eat]
|-boost|p1a: Empoleon|spa|1|[from] item: Petaya Berry
|move|p2a: Tornadus|Heat Wave|p1a: Empoleon
|-end|p1a: Empoleon|Substitute
|-damage|p2a: Tornadus|71/100|[from] item: Life Orb
|
|upkeep
|turn|9
|
|t:|1758934597
|switch|p2a: Okidogi|Okidogi, M|100/100
|move|p1a: Empoleon|Surf|p2a: Okidogi
|-damage|p2a: Okidogi|25/100
|
|-heal|p2a: Okidogi|32/100|[from] item: Leftovers
|upkeep
|turn|10
|
|t:|1758934602
|move|p1a: Empoleon|Surf|p2a: Okidogi
|-damage|p2a: Okidogi|0 fnt
|faint|p2a: Okidogi
|
|upkeep
|
|t:|1758934613
|switch|p2a: Hatterene|Hatterene, F|100/100
|turn|11
|
|t:|1758934617
|-terastallize|p1a: Empoleon|Water
|move|p1a: Empoleon|Surf|p2a: Hatterene
|-damage|p2a: Hatterene|0 fnt
|faint|p2a: Hatterene
|
|upkeep
|
|t:|1758934619
|switch|p2a: Iron Hands|Iron Hands|100/100
|-enditem|p2a: Iron Hands|Booster Energy
|-activate|p2a: Iron Hands|ability: Quark Drive|[fromitem]
|-start|p2a: Iron Hands|quarkdriveatk
|turn|12
|
|t:|1758934622
|move|p1a: Empoleon|Surf|p2a: Iron Hands
|-damage|p2a: Iron Hands|0 fnt
|faint|p2a: Iron Hands
|-end|p2a: Iron Hands|Quark Drive|[silent]
|
|upkeep
|-message|noob1877 forfeited.
|
|win|a calm mind
|raw|a calm mind's rating: 1728 &rarr; <strong>1749</strong><br />(+21 for winning)
|raw|noob1877's rating: 1740 &rarr; <strong>1719</strong><br />(-21 for losing)
|l|☆noob1877
|player|p2|
|c|☆a calm mind|gg
|l|☆a calm mind
|player|p1|
