|j|☆ripwal11
|j|☆master ball rus
|t:|1758946339
|gametype|singles
|player|p1|ripwal11|169|1607
|player|p2|master ball rus|swimmer-gen4|1562
|gen|9
|tier|[Gen 9] OU
|rated|
|rule|HP Percentage Mod: HP is shown in percentages
|rule|Endless Battle Clause: Forcing endless battles is banned
|rule|Species Clause: Limit one of each Pokémon
|rule|OHKO Clause: OHKO moves are banned
|rule|Evasion Items Clause: Evasion items are banned
|rule|Evasion Moves Clause: Evasion moves are banned
|rule|Evasion Abilities Clause: Evasion abilities are banned
|rule|Sleep Moves Clause: Sleep-inducing moves are banned
|clearpoke
|poke|p1|Indeedee, M|
|poke|p1|Hatterene, F|
|poke|p1|Ursaluna, F|
|poke|p1|Iron Hands|
|poke|p1|Hoopa-Unbound|
|poke|p1|Mimikyu, F|
|poke|p2|Gholdengo|
|poke|p2|Zamazenta-*|
|poke|p2|Ting-Lu|
|poke|p2|Clefable, F|
|poke|p2|Dragonite, M|
|poke|p2|Deoxys-Speed|
|teampreview
|
|t:|1758946345
|teamsize|p1|6
|teamsize|p2|6
|start
|switch|p1a: LEBRON|Iron Hands, shiny|100/100
|switch|p2a: Gholdengo|Gholdengo|100/100
|-item|p2a: Gholdengo|Air Balloon
|-enditem|p1a: LEBRON|Booster Energy
|-activate|p1a: LEBRON|ability: Quark Drive|[fromitem]
|-start|p1a: LEBRON|quarkdriveatk
|turn|1
|
|t:|1758946351
|switch|p2a: Clefable|Clefable, F|100/100
|move|p1a: LEBRON|Supercell Slam|p2a: Clefable
|-damage|p2a: Clefable|42/100
|-damage|p1a: LEBRON|84/100|[from] item: Rocky Helmet|[of] p2a: Clefable
|
|upkeep
|turn|2
|
|t:|1758946356
|move|p2a: Clefable|Moonblast|p1a: LEBRON
|-supereffective|p1a: LEBRON
|-damage|p1a: LEBRON|34/100
|move|p1a: LEBRON|Heavy Slam|p2a: Clefable
|-supereffective|p2a: Clefable
|-damage|p2a: Clefable|0 fnt
|-damage|p1a: LEBRON|18/100|[from] item: Rocky Helmet|[of] p2a: Clefable
|faint|p2a: Clefable
|
|upkeep
|
|t:|1758946369
|switch|p2a: Gholdengo|Gholdengo|100/100
|-item|p2a: Gholdengo|Air Balloon
|turn|3
|
|t:|1758946377
|-end|p1a: LEBRON|Quark Drive|[silent]
|switch|p1a: Subaru|Indeedee, M, shiny|100/100
|-fieldstart|move: Psychic Terrain|[from] ability: Psychic Surge|[of] p1a: Subaru
|move|p2a: Gholdengo|Make It Rain|p1a: Subaru
|-damage|p1a: Subaru|42/100
|-unboost|p2a: Gholdengo|spa|1
|
|upkeep
|turn|4
|
|t:|1758946383
|switch|p1a: King Von|Hoopa-Unbound|100/100
|-enditem|p1a: King Von|Psychic Seed
|-boost|p1a: King Von|spd|1|[from] item: Psychic Seed
|move|p2a: Gholdengo|Nasty Plot|p2a: Gholdengo
|-boost|p2a: Gholdengo|spa|2
|
|upkeep
|turn|5
|j| IM AT MY LIMIT
|l| IM AT MY LIMIT
|inactive|Battle timer is ON: inactive players will automatically lose when time's up. (requested by ripwal11)
|
|t:|1758946409
|switch|p2a: Zamazenta|Zamazenta|100/100
|-ability|p2a: Zamazenta|Dauntless Shield|boost
|-boost|p2a: Zamazenta|def|1
|move|p1a: King Von|Trick Room|p1a: King Von
|-fieldstart|move: Trick Room|[of] p1a: King Von
|
|upkeep
|turn|6
|
|t:|1758946417
|switch|p2a: Ting-Lu|Ting-Lu|100/100
|-ability|p2a: Ting-Lu|Vessel of Ruin
|move|p1a: King Von|Expanding Force|p2a: Ting-Lu
|-immune|p2a: Ting-Lu
|
|upkeep
|turn|7
|
|t:|1758946426
|move|p2a: Ting-Lu|Ruination|p1a: King Von
|-damage|p1a: King Von|51/100
|move|p1a: King Von|Focus Blast|p2a: Ting-Lu
|-supereffective|p2a: Ting-Lu
|-damage|p2a: Ting-Lu|60/100
|-item|p1a: King Von|Leftovers|[from] ability: Magician|[of] p2a: Ting-Lu
|
|-heal|p1a: King Von|57/100|[from] item: Leftovers
|upkeep
|turn|8
|
|t:|1758946431
|switch|p1a: Crashout YN|Ursaluna, F, shiny|100/100
|move|p2a: Ting-Lu|Earthquake|p1a: Crashout YN
|-damage|p1a: Crashout YN|72/100
|
|-status|p1a: Crashout YN|brn|[from] item: Flame Orb
|upkeep
|turn|9
|
|t:|1758946440
|move|p1a: Crashout YN|Ice Punch|p2a: Ting-Lu
|-supereffective|p2a: Ting-Lu
|-damage|p2a: Ting-Lu|6/100
|move|p2a: Ting-Lu|Ruination|p1a: Crashout YN
|-damage|p1a: Crashout YN|36/100 brn
|
|-damage|p1a: Crashout YN|30/100 brn|[from] brn
|-fieldend|move: Trick Room
|upkeep
|turn|10
|
|t:|1758946459
|move|p2a: Ting-Lu|Spikes|p1a: Crashout YN
|-sidestart|p1: ripwal11|Spikes
|move|p1a: Crashout YN|Facade|p2a: Ting-Lu
|-damage|p2a: Ting-Lu|0 fnt
|faint|p2a: Ting-Lu
|
|-damage|p1a: Crashout YN|24/100 brn|[from] brn
|-fieldend|move: Psychic Terrain
|upkeep
|inactive|master ball rus has 120 seconds left.
|
|t:|1758946490
|switch|p2a: Deoxys|Deoxys-Speed|100/100
|-ability|p2a: Deoxys|Pressure
|turn|11
|
|t:|1758946498
|switch|p1a: Mimi|Mimikyu, F, shiny|100/100
|-damage|p1a: Mimi|88/100|[from] Spikes
|move|p2a: Deoxys|Ice Beam|p1a: Mimi
|-activate|p1a: Mimi|ability: Disguise
|-damage|p1a: Mimi|88/100
|detailschange|p1a: Mimi|Mimikyu-Busted, F, shiny
|-damage|p1a: Mimi|76/100|[from] pokemon: Mimikyu-Busted
|-enditem|p1a: Mimi|Red Card|[of] p2a: Deoxys
|drag|p2a: Gholdengo|Gholdengo|100/100
|-item|p2a: Gholdengo|Air Balloon
|
|upkeep
|turn|12
|-message|ripwal11 forfeited.
|
|win|master ball rus
|raw|ripwal11's rating: 1607 &rarr; <strong>1584</strong><br />(-23 for losing)
|raw|master ball rus's rating: 1562 &rarr; <strong>1585</strong><br />(+23 for winning)
|l|☆ripwal11
|player|p1|
|l|☆master ball rus
|player|p2|
