|badge|p1|silver|gen9ou|30-6
|html|<div class="broadcast-red"><strong>This battle is required to be public due to one or more player having a season medal.</strong><br />During the public phase, you can discuss the state of the ladder <a href="/seasondiscussion">in a special chatroom.</a></div>
|uhtml|medal-msg|<div class="broadcast-blue">Curious what those medals under the avatar are? PS now has Ladder Seasons! For more information, check out the <a href="https://www.smogon.com/forums/threads/3740067/">thread on Smogon.</a></div>
|raw|<div class="broadcast-blue"><strong>This battle is required to be public due to a player having a name starting with 'medal'.</div>
|j|☆LT124YH Ghoul
|j|☆Commando 55
|t:|1758992328
|gametype|singles
|player|p1|LT124YH Ghoul|#wcop2024asia|1949
|player|p2|Commando 55|alec-anime|1875
|gen|9
|tier|[Gen 9] OU
|rated|
|rule|HP Percentage Mod: HP is shown in percentages
|rule|Endless Battle Clause: Forcing endless battles is banned
|rule|Species Clause: Limit one of each Pokémon
|rule|OHKO Clause: OHKO moves are banned
|rule|Evasion Items Clause: Evasion items are banned
|rule|Evasion Moves Clause: Evasion moves are banned
|rule|Evasion Abilities Clause: Evasion abilities are banned
|rule|Sleep Moves Clause: Sleep-inducing moves are banned
|clearpoke
|poke|p1|Enamorus, F|
|poke|p1|Araquanid, F|
|poke|p1|Gholdengo|
|poke|p1|Iron Valiant|
|poke|p1|Kingambit, F|
|poke|p1|Great Tusk|
|poke|p2|Pelipper, F|
|poke|p2|Toxicroak, M|
|poke|p2|Barraskewda, M|
|poke|p2|Manaphy|
|poke|p2|Deoxys-Defense|
|poke|p2|Iron Treads|
|teampreview
|inactive|Battle timer is ON: inactive players will automatically lose when time's up. (requested by LT124YH Ghoul)
|j| Dr Greg H
|j| 54 insane rats
|j| dsvdv
|
|t:|1758992346
|teamsize|p1|6
|teamsize|p2|6
|start
|switch|p1a: Doc Seismic|Araquanid, F, shiny|100/100
|switch|p2a: Pelipper|Pelipper, F|100/100
|-weather|RainDance|[from] ability: Drizzle|[of] p2a: Pelipper
|turn|1
|
|t:|1758992348
|move|p1a: Doc Seismic|Sticky Web|p2a: Pelipper
|-sidestart|p2: Commando 55|move: Sticky Web
|move|p2a: Pelipper|Hurricane|p1a: Doc Seismic
|-supereffective|p1a: Doc Seismic
|-damage|p1a: Doc Seismic|31/100
|
|-weather|RainDance|[upkeep]
|upkeep
|turn|2
|j| tiochicodobos
|
|t:|1758992352
|move|p1a: Doc Seismic|Liquidation|p2a: Pelipper
|-resisted|p2a: Pelipper
|-damage|p2a: Pelipper|65/100
|move|p2a: Pelipper|Hurricane|p1a: Doc Seismic
|-supereffective|p1a: Doc Seismic
|-damage|p1a: Doc Seismic|0 fnt
|faint|p1a: Doc Seismic
|
|-weather|RainDance|[upkeep]
|upkeep
|j| larp legion
|
|t:|1758992363
|switch|p1a: Conquest|Enamorus, F|100/100
|turn|3
|c| larp legion|gng what the fuck is opp loading
|
|t:|1758992367
|switch|p2a: Deoxys|Deoxys-Defense|100/100
|-activate|p2a: Deoxys|move: Sticky Web
|-unboost|p2a: Deoxys|spe|1
|-ability|p2a: Deoxys|Pressure
|move|p1a: Conquest|Moonblast|p2a: Deoxys
|-damage|p2a: Deoxys|77/100
|
|-weather|RainDance|[upkeep]
|upkeep
|turn|4
|c|☆LT124YH Ghoul|secret pinkacross rain version
|inactive|Commando 55 has 120 seconds left.
|
|t:|1758992415
|move|p1a: Conquest|Substitute|p1a: Conquest
|-start|p1a: Conquest|Substitute
|-damage|p1a: Conquest|76/100
|move|p2a: Deoxys|Teleport|p2a: Deoxys
|
|t:|1758992422
|switch|p2a: Iron Treads|Iron Treads|100/100|[from] Teleport
|-activate|p2a: Iron Treads|move: Sticky Web
|-fail|p2a: Iron Treads|unboost|[from] item: Clear Amulet|[of] p2a: Iron Treads
|
|-weather|RainDance|[upkeep]
|-heal|p1a: Conquest|82/100|[from] item: Leftovers
|upkeep
|turn|5
|j| cryyysneasel
|inactive|LT124YH Ghoul has 120 seconds left.
|
|t:|1758992464
|-terastallize|p1a: Conquest|Ghost
|move|p2a: Iron Treads|Rapid Spin|p1a: Conquest
|-immune|p1a: Conquest
|move|p1a: Conquest|Superpower|p2a: Iron Treads
|-supereffective|p2a: Iron Treads
|-damage|p2a: Iron Treads|30/100
|-boost|p1a: Conquest|atk|1
|-boost|p1a: Conquest|def|1
|
|-weather|RainDance|[upkeep]
|-heal|p1a: Conquest|88/100|[from] item: Leftovers
|upkeep
|turn|6
|
|t:|1758992475
|move|p2a: Iron Treads|Earthquake|p1a: Conquest
|-end|p1a: Conquest|Substitute
|move|p1a: Conquest|Substitute|p1a: Conquest
|-start|p1a: Conquest|Substitute
|-damage|p1a: Conquest|63/100
|
|-weather|RainDance|[upkeep]
|-heal|p1a: Conquest|69/100|[from] item: Leftovers
|upkeep
|turn|7
|
|t:|1758992479
|move|p2a: Iron Treads|Earthquake|p1a: Conquest
|-end|p1a: Conquest|Substitute
|move|p1a: Conquest|Substitute|p1a: Conquest
|-start|p1a: Conquest|Substitute
|-damage|p1a: Conquest|44/100
|
|-weather|RainDance|[upkeep]
|-heal|p1a: Conquest|51/100|[from] item: Leftovers
|upkeep
|turn|8
|
|t:|1758992482
|move|p2a: Iron Treads|Earthquake|p1a: Conquest
|-end|p1a: Conquest|Substitute
|move|p1a: Conquest|Substitute|p1a: Conquest
|-start|p1a: Conquest|Substitute
|-damage|p1a: Conquest|26/100
|
|-weather|none
|-heal|p1a: Conquest|32/100|[from] item: Leftovers
|upkeep
|turn|9
|c| larp legion|btw that treads
|c| larp legion|is a clam
|l| Dr Greg H
|c|☆LT124YH Ghoul|true
|
|t:|1758992495
|move|p2a: Iron Treads|Earthquake|p1a: Conquest
|-crit|p1a: Conquest
|-end|p1a: Conquest|Substitute
|move|p1a: Conquest|Superpower|p2a: Iron Treads
|-supereffective|p2a: Iron Treads
|-damage|p2a: Iron Treads|0 fnt
|-boost|p1a: Conquest|atk|1
|-boost|p1a: Conquest|def|1
|faint|p2a: Iron Treads
|-end|p2a: Iron Treads|Quark Drive|[silent]
|
|-heal|p1a: Conquest|38/100|[from] item: Leftovers
|upkeep
|
|t:|1758992500
|switch|p2a: Deoxys|Deoxys-Defense|77/100
|-activate|p2a: Deoxys|move: Sticky Web
|-unboost|p2a: Deoxys|spe|1
|-ability|p2a: Deoxys|Pressure
|turn|10
|
|t:|1758992504
|move|p1a: Conquest|Tera Blast|p2a: Deoxys|[anim] Tera Blast Ghost
|-supereffective|p2a: Deoxys
|-damage|p2a: Deoxys|0 fnt
|faint|p2a: Deoxys
|
|-heal|p1a: Conquest|44/100|[from] item: Leftovers
|upkeep
|
|t:|1758992515
|switch|p2a: Pelipper|Pelipper, F|65/100
|-weather|RainDance|[from] ability: Drizzle|[of] p2a: Pelipper
|turn|11
|
|t:|1758992521
|move|p1a: Conquest|Tera Blast|p2a: Pelipper|[anim] Tera Blast Ghost
|-damage|p2a: Pelipper|4/100
|move|p2a: Pelipper|Surf|p1a: Conquest
|-damage|p1a: Conquest|0 fnt
|faint|p1a: Conquest
|
|-weather|RainDance|[upkeep]
|upkeep
|
|t:|1758992538
|switch|p1a: Invincible|Great Tusk|100/100
|-enditem|p1a: Invincible|Booster Energy
|-activate|p1a: Invincible|ability: Protosynthesis|[fromitem]
|-start|p1a: Invincible|protosynthesisspe
|turn|12
|
|t:|1758992546
|switch|p2a: Manaphy|Manaphy|100/100
|-activate|p2a: Manaphy|move: Sticky Web
|-unboost|p2a: Manaphy|spe|1
|move|p1a: Invincible|Rapid Spin|p2a: Manaphy
|-damage|p2a: Manaphy|87/100
|-boost|p1a: Invincible|spe|1
|
|-weather|RainDance|[upkeep]
|upkeep
|turn|13
|
|t:|1758992558
|move|p1a: Invincible|Headlong Rush|p2a: Manaphy
|-damage|p2a: Manaphy|37/100
|-unboost|p1a: Invincible|def|1
|-unboost|p1a: Invincible|spd|1
|move|p2a: Manaphy|Surf|p1a: Invincible
|-supereffective|p1a: Invincible
|-damage|p1a: Invincible|0 fnt
|faint|p1a: Invincible
|-end|p1a: Invincible|Protosynthesis|[silent]
|
|-weather|RainDance|[upkeep]
|upkeep
|inactive|LT124YH Ghoul has 120 seconds left.
|j| cynasaurus
|
|t:|1758992590
|switch|p1a: Robot|Gholdengo|100/100
|turn|14
|inactive|Commando 55 has 120 seconds left.
|
|t:|1758992625
|move|p1a: Robot|Shadow Ball|p2a: Manaphy
|-damage|p2a: Manaphy|0 fnt
|faint|p2a: Manaphy
|
|-weather|RainDance|[upkeep]
|upkeep
|
|t:|1758992628
|switch|p2a: Barraskewda|Barraskewda, M|100/100
|-activate|p2a: Barraskewda|move: Sticky Web
|-unboost|p2a: Barraskewda|spe|1
|turn|15
|
|t:|1758992641
|-terastallize|p2a: Barraskewda|Water
|move|p2a: Barraskewda|Liquidation|p1a: Robot
|-damage|p1a: Robot|0 fnt
|faint|p1a: Robot
|
|-weather|RainDance|[upkeep]
|upkeep
|
|t:|1758992655
|switch|p1a: Omni-Man|Kingambit, F|100/100
|-activate|p1a: Omni-Man|ability: Supreme Overlord
|-start|p1a: Omni-Man|fallen4|[silent]
|-item|p1a: Omni-Man|Air Balloon
|turn|16
|inactive|LT124YH Ghoul has 120 seconds left.
|inactive|Commando 55 has 120 seconds left.
|inactive|LT124YH Ghoul has 90 seconds left.
|inactive|LT124YH Ghoul has 60 seconds left.
|inactive|Commando 55 has 90 seconds left.
|
|t:|1758992764
|switch|p2a: Toxicroak|Toxicroak, M|100/100
|-activate|p2a: Toxicroak|move: Sticky Web
|-unboost|p2a: Toxicroak|spe|1
|move|p1a: Omni-Man|Swords Dance|p1a: Omni-Man
|-boost|p1a: Omni-Man|atk|2
|
|-weather|RainDance|[upkeep]
|upkeep
|turn|17
|
|t:|1758992772
|move|p1a: Omni-Man|Iron Head|p2a: Toxicroak
|-damage|p2a: Toxicroak|0 fnt
|-damage|p1a: Omni-Man|84/100|[from] item: Rocky Helmet|[of] p2a: Toxicroak
|faint|p2a: Toxicroak
|
|-weather|RainDance|[upkeep]
|upkeep
|
|t:|1758992777
|switch|p2a: Barraskewda|Barraskewda, M, tera:Water|100/100
|-activate|p2a: Barraskewda|move: Sticky Web
|-unboost|p2a: Barraskewda|spe|1
|turn|18
|
|t:|1758992789
|move|p1a: Omni-Man|Sucker Punch|p2a: Barraskewda
|-damage|p2a: Barraskewda|0 fnt
|faint|p2a: Barraskewda
|
|-weather|none
|upkeep
|-message|Commando 55 forfeited.
|
|win|LT124YH Ghoul
|raw|LT124YH Ghoul's rating: 1949 &rarr; <strong>1965</strong><br />(+16 for winning)
|raw|Commando 55's rating: 1875 &rarr; <strong>1859</strong><br />(-16 for losing)
|l|☆Commando 55
|player|p2|
|l| tiochicodobos
|l| 54 insane rats
|l|☆LT124YH Ghoul
|player|p1|
