|badge|p2|bronze|gen9ou|100-6
|html|<div class="broadcast-red"><strong>This battle is required to be public due to one or more player having a season medal.</strong><br />During the public phase, you can discuss the state of the ladder <a href="/seasondiscussion">in a special chatroom.</a></div>
|uhtml|medal-msg|<div class="broadcast-blue">Curious what those medals under the avatar are? PS now has Ladder Seasons! For more information, check out the <a href="https://www.smogon.com/forums/threads/3740067/">thread on Smogon.</a></div>
|raw|<div class="broadcast-blue"><strong>This battle is required to be public due to a player having a name starting with 'medal'.</div>
|j|☆osiris seth
|j|☆samohi0
|t:|1759019603
|gametype|singles
|player|p1|osiris seth|psychicf-gen4|1757
|player|p2|samohi0|hoopster|1844
|gen|9
|tier|[Gen 9] OU
|rated|
|rule|HP Percentage Mod: HP is shown in percentages
|rule|Endless Battle Clause: Forcing endless battles is banned
|rule|Species Clause: Limit one of each Pokémon
|rule|OHKO Clause: OHKO moves are banned
|rule|Evasion Items Clause: Evasion items are banned
|rule|Evasion Moves Clause: Evasion moves are banned
|rule|Evasion Abilities Clause: Evasion abilities are banned
|rule|Sleep Moves Clause: Sleep-inducing moves are banned
|clearpoke
|poke|p1|Amoonguss, F|
|poke|p1|Alomomola, M|
|poke|p1|Great Tusk|
|poke|p1|Cinderace, M|
|poke|p1|Darkrai|
|poke|p1|Enamorus, F|
|poke|p2|Mamoswine, M|
|poke|p2|Glimmora, M|
|poke|p2|Iron Crown|
|poke|p2|Zamazenta-*|
|poke|p2|Sinistcha|
|poke|p2|Samurott-Hisui, M|
|teampreview
|inactive|Battle timer is ON: inactive players will automatically lose when time's up. (requested by samohi0)
|j| larp legion
|
|t:|1759019642
|teamsize|p1|6
|teamsize|p2|6
|start
|switch|p1a: Enamorus|Enamorus, F|100/100
|switch|p2a: Braveheart|Iron Crown|100/100
|turn|1
|
|t:|1759019649
|switch|p1a: Alomomola|Alomomola, M|100/100
|move|p2a: Braveheart|Volt Switch|p1a: Alomomola
|-supereffective|p1a: Alomomola
|-damage|p1a: Alomomola|64/100
|
|t:|1759019651
|-end|p2a: Braveheart|Quark Drive|[silent]
|switch|p2a: Jack Sparrow|Samurott-Hisui, M, shiny|100/100|[from] Volt Switch
|
|upkeep
|turn|2
|
|t:|1759019654
|move|p2a: Jack Sparrow|Knock Off|p1a: Alomomola
|-damage|p1a: Alomomola|21/100
|-enditem|p1a: Alomomola|Assault Vest|[from] move: Knock Off|[of] p2a: Jack Sparrow
|move|p1a: Alomomola|Flip Turn|p2a: Jack Sparrow
|-resisted|p2a: Jack Sparrow
|-damage|p2a: Jack Sparrow|89/100
|
|t:|1759019656
|switch|p1a: Enamorus|Enamorus, F|100/100|[from] Flip Turn
|
|upkeep
|turn|3
|
|t:|1759019661
|switch|p2a: Bullet|Glimmora, M, shiny|100/100
|move|p1a: Enamorus|Earth Power|p2a: Bullet
|-supereffective|p2a: Bullet
|-damage|p2a: Bullet|0 fnt
|faint|p2a: Bullet
|
|upkeep
|
|t:|1759019663
|switch|p2a: Behemoth|Mamoswine, M, shiny|100/100
|turn|4
|
|t:|1759019669
|switch|p1a: Darkrai|Darkrai|100/100
|switch|p2a: Jack Sparrow|Samurott-Hisui, M, shiny|89/100
|
|upkeep
|turn|5
|
|t:|1759019673
|move|p1a: Darkrai|Will-O-Wisp|p2a: Jack Sparrow|[miss]
|-miss|p1a: Darkrai|p2a: Jack Sparrow
|move|p2a: Jack Sparrow|Flip Turn|p1a: Darkrai
|-damage|p1a: Darkrai|62/100
|j| chengzun
|
|t:|1759019675
|switch|p2a: Trojan|Zamazenta, shiny|100/100|[from] Flip Turn
|-ability|p2a: Trojan|Dauntless Shield|boost
|-boost|p2a: Trojan|def|1
|
|upkeep
|turn|6
|
|t:|1759019679
|switch|p1a: Amoonguss|Amoonguss, F|100/100
|move|p2a: Trojan|Stone Edge|p1a: Amoonguss|[miss]
|-miss|p2a: Trojan|p1a: Amoonguss
|
|upkeep
|turn|7
|
|t:|1759019683
|switch|p2a: Braveheart|Iron Crown|100/100
|move|p1a: Amoonguss|Leaf Storm|p2a: Braveheart
|-resisted|p2a: Braveheart
|-damage|p2a: Braveheart|82/100
|-unboost|p1a: Amoonguss|spa|2
|-enditem|p1a: Amoonguss|Eject Pack
|
|t:|1759019687
|switch|p1a: Cinderace|Cinderace, M|100/100
|
|upkeep
|turn|8
|
|t:|1759019691
|-end|p2a: Braveheart|Quark Drive|[silent]
|switch|p2a: Sagittarius|Sinistcha, shiny|100/100
|move|p1a: Cinderace|Pyro Ball|p2a: Sagittarius
|-supereffective|p2a: Sagittarius
|-damage|p2a: Sagittarius|67/100
|
|upkeep
|turn|9
|
|t:|1759019694
|move|p1a: Cinderace|Will-O-Wisp|p2a: Sagittarius
|-status|p2a: Sagittarius|brn
|move|p2a: Sagittarius|Strength Sap|p1a: Cinderace
|-unboost|p1a: Cinderace|atk|1
|-heal|p2a: Sagittarius|100/100 brn
|
|-damage|p2a: Sagittarius|98/100 brn|[from] brn
|upkeep
|turn|10
|
|t:|1759019696
|move|p1a: Cinderace|U-turn|p2a: Sagittarius
|-damage|p2a: Sagittarius|89/100 brn
|
|t:|1759019700
|switch|p1a: Enamorus|Enamorus, F|100/100|[from] U-turn
|move|p2a: Sagittarius|Calm Mind|p2a: Sagittarius
|-boost|p2a: Sagittarius|spa|1
|-boost|p2a: Sagittarius|spd|1
|
|-damage|p2a: Sagittarius|86/100 brn|[from] brn
|upkeep
|turn|11
|
|t:|1759019703
|move|p1a: Enamorus|Moonblast|p2a: Sagittarius
|-damage|p2a: Sagittarius|23/100 brn
|-unboost|p2a: Sagittarius|spa|1
|move|p2a: Sagittarius|Matcha Gotcha|p1a: Enamorus
|-resisted|p1a: Enamorus
|-damage|p1a: Enamorus|77/100
|-heal|p2a: Sagittarius|33/100 brn|[from] drain|[of] p1a: Enamorus
|
|-damage|p2a: Sagittarius|30/100 brn|[from] brn
|upkeep
|turn|12
|
|t:|1759019716
|switch|p1a: Cinderace|Cinderace, M|100/100
|move|p2a: Sagittarius|Matcha Gotcha|p1a: Cinderace|[miss]
|-miss|p2a: Sagittarius|p1a: Cinderace
|
|-damage|p2a: Sagittarius|27/100 brn|[from] brn
|upkeep
|turn|13
|
|t:|1759019722
|move|p1a: Cinderace|Pyro Ball|p2a: Sagittarius
|-supereffective|p2a: Sagittarius
|-damage|p2a: Sagittarius|0 fnt
|faint|p2a: Sagittarius
|
|upkeep
|
|t:|1759019734
|switch|p2a: Trojan|Zamazenta, shiny|100/100
|turn|14
|
|t:|1759019742
|switch|p2a: Braveheart|Iron Crown|82/100
|switch|p1a: Amoonguss|Amoonguss, F|100/100
|
|upkeep
|turn|15
|
|t:|1759019749
|move|p2a: Braveheart|Tachyon Cutter|p1a: Amoonguss
|-damage|p1a: Amoonguss|65/100
|-damage|p1a: Amoonguss|29/100
|-hitcount|p1a: Amoonguss|2
|move|p1a: Amoonguss|Foul Play|p2a: Braveheart
|-supereffective|p2a: Braveheart
|-damage|p2a: Braveheart|52/100
|
|upkeep
|turn|16
|
|t:|1759019754
|switch|p1a: Cinderace|Cinderace, M|100/100
|move|p2a: Braveheart|Tachyon Cutter|p1a: Cinderace
|-resisted|p1a: Cinderace
|-damage|p1a: Cinderace|78/100
|-resisted|p1a: Cinderace
|-damage|p1a: Cinderace|54/100
|-hitcount|p1a: Cinderace|2
|
|upkeep
|turn|17
|
|t:|1759019763
|move|p1a: Cinderace|U-turn|p2a: Braveheart
|-damage|p2a: Braveheart|30/100
|
|t:|1759019765
|switch|p1a: Alomomola|Alomomola, M|54/100|[from] U-turn
|move|p2a: Braveheart|Tachyon Cutter|p1a: Alomomola
|-resisted|p1a: Alomomola
|-damage|p1a: Alomomola|41/100
|-resisted|p1a: Alomomola
|-damage|p1a: Alomomola|27/100
|-hitcount|p1a: Alomomola|2
|
|upkeep
|turn|18
|
|t:|1759019770
|move|p2a: Braveheart|Tachyon Cutter|p1a: Alomomola
|-resisted|p1a: Alomomola
|-damage|p1a: Alomomola|13/100
|-resisted|p1a: Alomomola
|-damage|p1a: Alomomola|0 fnt
|faint|p1a: Alomomola
|-hitcount|p1: Alomomola|2
|
|upkeep
|
|t:|1759019779
|switch|p1a: Enamorus|Enamorus, F|77/100
|turn|19
|
|t:|1759019781
|move|p1a: Enamorus|Moonblast|p2a: Braveheart
|-resisted|p2a: Braveheart
|-damage|p2a: Braveheart|0 fnt
|faint|p2a: Braveheart
|-end|p2a: Braveheart|Quark Drive|[silent]
|
|upkeep
|
|t:|1759019784
|switch|p2a: Trojan|Zamazenta, shiny|100/100
|turn|20
|
|t:|1759019791
|switch|p2a: Jack Sparrow|Samurott-Hisui, M, shiny|89/100
|move|p1a: Enamorus|Moonblast|p2a: Jack Sparrow
|-supereffective|p2a: Jack Sparrow
|-damage|p2a: Jack Sparrow|0 fnt
|faint|p2a: Jack Sparrow
|
|upkeep
|-message|samohi0 forfeited.
|
|win|osiris seth
|raw|osiris seth's rating: 1757 &rarr; <strong>1782</strong><br />(+25 for winning)
|raw|samohi0's rating: 1844 &rarr; <strong>1819</strong><br />(-25 for losing)
|l|☆samohi0
|player|p2|
|l|☆osiris seth
|player|p1|
|l| chengzun
