|j|☆AXTYAHS
|j|☆vghhjg
|t:|1758979464
|gametype|singles
|player|p1|AXTYAHS|unknownf|1461
|player|p2|vghhjg|266|1494
|gen|9
|tier|[Gen 9] OU
|rated|
|rule|HP Percentage Mod: HP is shown in percentages
|rule|Endless Battle Clause: Forcing endless battles is banned
|rule|Species Clause: Limit one of each Pokémon
|rule|OHKO Clause: OHKO moves are banned
|rule|Evasion Items Clause: Evasion items are banned
|rule|Evasion Moves Clause: Evasion moves are banned
|rule|Evasion Abilities Clause: Evasion abilities are banned
|rule|Sleep Moves Clause: Sleep-inducing moves are banned
|clearpoke
|poke|p1|Raging Bolt|
|poke|p1|Alomomola, M|
|poke|p1|Scizor, F|
|poke|p1|Enamorus, F|
|poke|p1|Great Tusk|
|poke|p1|Weavile, M|
|poke|p2|Gholdengo|
|poke|p2|Ribombee, F|
|poke|p2|Dragonite, F|
|poke|p2|Comfey, F|
|poke|p2|Primarina, F|
|poke|p2|Revavroom, F|
|teampreview
|inactive|Battle timer is ON: inactive players will automatically lose when time's up. (requested by AXTYAHS)
|inactive|vghhjg has 120 seconds left.
|
|t:|1758979506
|teamsize|p1|6
|teamsize|p2|6
|start
|switch|p1a: Scizor|Scizor, F|100/100
|switch|p2a: Ribombee|Ribombee, F|100/100
|turn|1
|inactive|vghhjg has 120 seconds left.
|
|t:|1758979547
|move|p1a: Scizor|Bullet Punch|p2a: Ribombee
|-supereffective|p2a: Ribombee
|-enditem|p2a: Ribombee|Focus Sash
|-damage|p2a: Ribombee|1/100
|move|p2a: Ribombee|Sticky Web|p1a: Scizor
|-sidestart|p1: AXTYAHS|move: Sticky Web
|
|upkeep
|turn|2
|
|t:|1758979552
|move|p2a: Ribombee|Stun Spore|p1a: Scizor
|-status|p1a: Scizor|par
|move|p1a: Scizor|Defog|p2a: Ribombee
|-unboost|p2a: Ribombee|evasion|1
|-sideend|p1: AXTYAHS|Sticky Web|[from] move: Defog|[of] p1a: Scizor
|
|upkeep
|turn|3
|inactive|vghhjg has 120 seconds left.
|
|t:|1758979563
|move|p1a: Scizor|Bullet Punch|p2a: Ribombee
|-supereffective|p2a: Ribombee
|-damage|p2a: Ribombee|0 fnt
|faint|p2a: Ribombee
|
|upkeep
|
|t:|1758979565
|switch|p2a: Revavroom|Revavroom, F|100/100
|turn|4
|
|t:|1758979572
|switch|p1a: Great Tusk|Great Tusk|100/100
|move|p2a: Revavroom|Shift Gear|p2a: Revavroom
|-boost|p2a: Revavroom|spe|2
|-boost|p2a: Revavroom|atk|1
|
|upkeep
|turn|5
|
|t:|1758979576
|-terastallize|p2a: Revavroom|Flying
|move|p1a: Great Tusk|Headlong Rush|p2a: Revavroom
|-immune|p2a: Revavroom
|move|p2a: Revavroom|Shift Gear|p2a: Revavroom
|-boost|p2a: Revavroom|spe|2
|-boost|p2a: Revavroom|atk|1
|
|upkeep
|turn|6
|
|t:|1758979586
|-end|p1a: Great Tusk|Protosynthesis|[silent]
|switch|p1a: Scizor|Scizor, F|100/100 par
|move|p2a: Revavroom|Shift Gear|p2a: Revavroom
|-boost|p2a: Revavroom|spe|2
|-boost|p2a: Revavroom|atk|1
|
|upkeep
|turn|7
|
|t:|1758979591
|move|p1a: Scizor|Bullet Punch|p2a: Revavroom
|-damage|p2a: Revavroom|67/100
|move|p2a: Revavroom|High Horsepower|p1a: Scizor
|-damage|p1a: Scizor|12/100 par
|
|-heal|p1a: Scizor|18/100 par|[from] item: Leftovers
|upkeep
|turn|8
|
|t:|1758979599
|move|p1a: Scizor|Bullet Punch|p2a: Revavroom
|-damage|p2a: Revavroom|37/100
|move|p2a: Revavroom|High Horsepower|p1a: Scizor
|-damage|p1a: Scizor|0 fnt
|faint|p1a: Scizor
|
|upkeep
|
|t:|1758979601
|switch|p1a: Weavile|Weavile, M|100/100
|-ability|p1a: Weavile|Pressure
|turn|9
|
|t:|1758979607
|move|p1a: Weavile|Ice Shard|p2a: Revavroom
|-supereffective|p2a: Revavroom
|-damage|p2a: Revavroom|0 fnt
|faint|p2a: Revavroom
|
|upkeep
|
|t:|1758979615
|switch|p2a: Primarina|Primarina, F|100/100
|turn|10
|
|t:|1758979623
|switch|p1a: Alomomola|Alomomola, M, shiny|100/100
|move|p2a: Primarina|Substitute|p2a: Primarina
|-start|p2a: Primarina|Substitute
|-damage|p2a: Primarina|76/100
|
|-heal|p2a: Primarina|82/100|[from] item: Leftovers
|upkeep
|turn|11
|
|t:|1758979628
|move|p2a: Primarina|Calm Mind|p2a: Primarina
|-boost|p2a: Primarina|spa|1
|-boost|p2a: Primarina|spd|1
|move|p1a: Alomomola|Flip Turn|p2a: Primarina
|-resisted|p2a: Primarina
|-activate|p2a: Primarina|move: Substitute|[damage]
|
|t:|1758979633
|switch|p1a: Weavile|Weavile, M|100/100|[from] Flip Turn
|-ability|p1a: Weavile|Pressure
|
|-heal|p2a: Primarina|88/100|[from] item: Leftovers
|upkeep
|turn|12
|
|t:|1758979636
|move|p1a: Weavile|Triple Axel|p2a: Primarina
|-resisted|p2a: Primarina
|-activate|p2a: Primarina|move: Substitute|[damage]
|-resisted|p2a: Primarina
|-end|p2a: Primarina|Substitute
|-resisted|p2a: Primarina
|-damage|p2a: Primarina|57/100
|-hitcount|p2a: Primarina|3
|move|p2a: Primarina|Moonblast|p1a: Weavile
|-supereffective|p1a: Weavile
|-damage|p1a: Weavile|0 fnt
|faint|p1a: Weavile
|
|-heal|p2a: Primarina|63/100|[from] item: Leftovers
|upkeep
|
|t:|1758979643
|switch|p1a: Raging Bolt|Raging Bolt|100/100
|-enditem|p1a: Raging Bolt|Booster Energy
|-activate|p1a: Raging Bolt|ability: Protosynthesis|[fromitem]
|-start|p1a: Raging Bolt|protosynthesisspa
|turn|13
|
|t:|1758979649
|move|p1a: Raging Bolt|Thunderbolt|p2a: Primarina
|-supereffective|p2a: Primarina
|-damage|p2a: Primarina|0 fnt
|faint|p2a: Primarina
|
|upkeep
|
|t:|1758979655
|switch|p2a: Dragonite|Dragonite, F|100/100
|turn|14
|
|t:|1758979661
|-terastallize|p1a: Raging Bolt|Fairy
|move|p2a: Dragonite|Earthquake|p1a: Raging Bolt
|-damage|p1a: Raging Bolt|69/100
|move|p1a: Raging Bolt|Dragon Pulse|p2a: Dragonite
|-supereffective|p2a: Dragonite
|-damage|p2a: Dragonite|31/100
|
|upkeep
|turn|15
|
|t:|1758979667
|move|p1a: Raging Bolt|Thunderclap||[still]
|-fail|p1a: Raging Bolt
|move|p2a: Dragonite|Encore|p1a: Raging Bolt
|-start|p1a: Raging Bolt|Encore
|
|upkeep
|turn|16
|
|t:|1758979671
|-end|p1a: Raging Bolt|Protosynthesis|[silent]
|switch|p1a: Great Tusk|Great Tusk|100/100
|move|p2a: Dragonite|Dragon Dance|p2a: Dragonite
|-boost|p2a: Dragonite|atk|1
|-boost|p2a: Dragonite|spe|1
|
|upkeep
|turn|17
|
|t:|1758979677
|move|p1a: Great Tusk|Ice Spinner|p2a: Dragonite
|-supereffective|p2a: Dragonite
|-damage|p2a: Dragonite|0 fnt
|faint|p2a: Dragonite
|
|upkeep
|
|t:|1758979679
|switch|p2a: Comfey|Comfey, F|100/100
|turn|18
|
|t:|1758979682
|-end|p1a: Great Tusk|Protosynthesis|[silent]
|switch|p1a: Alomomola|Alomomola, M, shiny|100/100
|move|p2a: Comfey|Calm Mind|p2a: Comfey
|-boost|p2a: Comfey|spa|1
|-boost|p2a: Comfey|spd|1
|
|upkeep
|turn|19
|
|t:|1758979687
|move|p2a: Comfey|Calm Mind|p2a: Comfey
|-boost|p2a: Comfey|spa|1
|-boost|p2a: Comfey|spd|1
|move|p1a: Alomomola|Flip Turn|p2a: Comfey
|-damage|p2a: Comfey|79/100
|
|t:|1758979692
|switch|p1a: Enamorus|Enamorus, F|100/100|[from] Flip Turn
|
|upkeep
|turn|20
|
|t:|1758979697
|move|p1a: Enamorus|Moonblast|p2a: Comfey
|-damage|p2a: Comfey|50/100
|-unboost|p2a: Comfey|spa|1
|move|p2a: Comfey|Calm Mind|p2a: Comfey
|-boost|p2a: Comfey|spa|1
|-boost|p2a: Comfey|spd|1
|
|upkeep
|turn|21
|
|t:|1758979704
|move|p1a: Enamorus|Taunt|p2a: Comfey
|-start|p2a: Comfey|move: Taunt
|cant|p2a: Comfey|move: Taunt|Calm Mind
|
|upkeep
|turn|22
|
|t:|1758979706
|move|p2a: Comfey|Draining Kiss|p1a: Enamorus
|-damage|p1a: Enamorus|27/100
|-heal|p2a: Comfey|100/100|[from] drain|[of] p1a: Enamorus
|-damage|p2a: Comfey|91/100|[from] item: Life Orb
|move|p1a: Enamorus|Moonblast|p2a: Comfey
|-damage|p2a: Comfey|70/100
|
|upkeep
|turn|23
|
|t:|1758979710
|move|p2a: Comfey|Draining Kiss|p1a: Enamorus
|-damage|p1a: Enamorus|0 fnt
|-heal|p2a: Comfey|89/100|[from] drain|[of] p1a: Enamorus
|faint|p1a: Enamorus
|-damage|p2a: Comfey|80/100|[from] item: Life Orb
|
|-end|p2a: Comfey|move: Taunt
|upkeep
|
|t:|1758979714
|switch|p1a: Great Tusk|Great Tusk|100/100
|turn|24
|
|t:|1758979717
|move|p2a: Comfey|Draining Kiss|p1a: Great Tusk
|-supereffective|p1a: Great Tusk
|-damage|p1a: Great Tusk|0 fnt
|-heal|p2a: Comfey|100/100|[from] drain|[of] p1a: Great Tusk
|faint|p1a: Great Tusk
|-end|p1a: Great Tusk|Protosynthesis|[silent]
|-damage|p2a: Comfey|91/100|[from] item: Life Orb
|
|upkeep
|-message|AXTYAHS forfeited.
|
|win|vghhjg
|raw|AXTYAHS's rating: 1461 &rarr; <strong>1443</strong><br />(-18 for losing)
|raw|vghhjg's rating: 1494 &rarr; <strong>1512</strong><br />(+18 for winning)
|l|☆AXTYAHS
|player|p1|
|l|☆vghhjg
|player|p2|
