|j|☆maxbiatch
|j|☆atrainerfromakron
|t:|1759032259
|gametype|singles
|player|p1|maxbiatch|101|1262
|player|p2|atrainerfromakron|101|1354
|gen|9
|tier|[Gen 9] OU
|rated|
|rule|HP Percentage Mod: HP is shown in percentages
|rule|Endless Battle Clause: Forcing endless battles is banned
|rule|Species Clause: Limit one of each Pokémon
|rule|OHKO Clause: OHKO moves are banned
|rule|Evasion Items Clause: Evasion items are banned
|rule|Evasion Moves Clause: Evasion moves are banned
|rule|Evasion Abilities Clause: Evasion abilities are banned
|rule|Sleep Moves Clause: Sleep-inducing moves are banned
|clearpoke
|poke|p1|Heatran, F|
|poke|p1|Ogerpon-Wellspring, F|
|poke|p1|Rillaboom, M|
|poke|p1|Dragapult, F|
|poke|p1|Clefable, F|
|poke|p1|Great Tusk|
|poke|p2|Ninetales-Alola, F|
|poke|p2|Oricorio, M|
|poke|p2|Hatterene, F|
|poke|p2|Kyurem|
|poke|p2|Zamazenta-*|
|poke|p2|Iron Treads|
|teampreview
|inactive|Battle timer is ON: inactive players will automatically lose when time's up. (requested by atrainerfromakron)
|
|t:|1759032289
|teamsize|p1|6
|teamsize|p2|6
|start
|switch|p1a: Heatran|Heatran, F, shiny|100/100
|switch|p2a: Oricorio|Oricorio, M|100/100
|-item|p1a: Heatran|Air Balloon
|turn|1
|
|t:|1759032295
|move|p2a: Oricorio|Taunt|p1a: Heatran
|-start|p1a: Heatran|move: Taunt
|cant|p1a: Heatran|move: Taunt|Stealth Rock
|
|upkeep
|turn|2
|
|t:|1759032304
|switch|p1a: Clefable|Clefable, F, shiny|100/100
|move|p2a: Oricorio|Revelation Dance|p1a: Clefable
|-damage|p1a: Clefable|60/100
|
|upkeep
|turn|3
|
|t:|1759032310
|move|p2a: Oricorio|Taunt|p1a: Clefable
|-start|p1a: Clefable|move: Taunt
|move|p1a: Clefable|Moonblast|p2a: Oricorio
|-resisted|p2a: Oricorio
|-damage|p2a: Oricorio|78/100
|
|-heal|p2a: Oricorio|84/100|[from] item: Leftovers
|upkeep
|turn|4
|
|t:|1759032320
|switch|p1a: Heatran|Heatran, F, shiny|100/100
|-item|p1a: Heatran|Air Balloon
|move|p2a: Oricorio|Quiver Dance|p2a: Oricorio
|-boost|p2a: Oricorio|spa|1
|-boost|p2a: Oricorio|spd|1
|-boost|p2a: Oricorio|spe|1
|
|-heal|p2a: Oricorio|90/100|[from] item: Leftovers
|upkeep
|turn|5
|
|t:|1759032327
|move|p2a: Oricorio|Taunt|p1a: Heatran
|-start|p1a: Heatran|move: Taunt
|cant|p1a: Heatran|move: Taunt|Taunt
|
|-heal|p2a: Oricorio|96/100|[from] item: Leftovers
|upkeep
|turn|6
|
|t:|1759032336
|move|p2a: Oricorio|Quiver Dance|p2a: Oricorio
|-boost|p2a: Oricorio|spa|1
|-boost|p2a: Oricorio|spd|1
|-boost|p2a: Oricorio|spe|1
|move|p1a: Heatran|Lava Plume|p2a: Oricorio
|-resisted|p2a: Oricorio
|-damage|p2a: Oricorio|82/100
|
|-heal|p2a: Oricorio|88/100|[from] item: Leftovers
|upkeep
|turn|7
|-message|maxbiatch forfeited.
|
|win|atrainerfromakron
|raw|maxbiatch's rating: 1262 &rarr; <strong>1245</strong><br />(-17 for losing)
|raw|atrainerfromakron's rating: 1376 &rarr; <strong>1390</strong><br />(+14 for winning)
|l|☆maxbiatch
|player|p1|
