|badge|p1|silver|gen9ou|30-6
|html|<div class="broadcast-red"><strong>This battle is required to be public due to one or more player having a season medal.</strong><br />During the public phase, you can discuss the state of the ladder <a href="/seasondiscussion">in a special chatroom.</a></div>
|uhtml|medal-msg|<div class="broadcast-blue">Curious what those medals under the avatar are? PS now has Ladder Seasons! For more information, check out the <a href="https://www.smogon.com/forums/threads/3740067/">thread on Smogon.</a></div>
|badge|p2|silver|gen9uu|30-6
|uhtml|medal-msg|<div class="broadcast-blue">Curious what those medals under the avatar are? PS now has Ladder Seasons! For more information, check out the <a href="https://www.smogon.com/forums/threads/3740067/">thread on Smogon.</a></div>
|raw|<div class="broadcast-blue"><strong>This battle is required to be public due to a player having a name starting with 'medal'.</div>
|j|☆LT124YH Ghoul
|j|☆ulky
|t:|1758991997
|gametype|singles
|player|p1|LT124YH Ghoul|#wcop2024asia|1937
|player|p2|ulky|rosa|1782
|gen|9
|tier|[Gen 9] OU
|rated|
|rule|HP Percentage Mod: HP is shown in percentages
|rule|Endless Battle Clause: Forcing endless battles is banned
|rule|Species Clause: Limit one of each Pokémon
|rule|OHKO Clause: OHKO moves are banned
|rule|Evasion Items Clause: Evasion items are banned
|rule|Evasion Moves Clause: Evasion moves are banned
|rule|Evasion Abilities Clause: Evasion abilities are banned
|rule|Sleep Moves Clause: Sleep-inducing moves are banned
|clearpoke
|poke|p1|Enamorus, F|
|poke|p1|Araquanid, F|
|poke|p1|Gholdengo|
|poke|p1|Iron Valiant|
|poke|p1|Kingambit, F|
|poke|p1|Great Tusk|
|poke|p2|Kingambit, M|
|poke|p2|Deoxys-Speed|
|poke|p2|Great Tusk|
|poke|p2|Dragonite, F|
|poke|p2|Iron Moth|
|poke|p2|Primarina, F|
|teampreview
|inactive|Battle timer is ON: inactive players will automatically lose when time's up. (requested by LT124YH Ghoul)
|
|t:|1758992017
|teamsize|p1|6
|teamsize|p2|6
|start
|switch|p1a: Robot|Gholdengo|100/100
|switch|p2a: Yoshi|Dragonite, F, shiny|100/100
|turn|1
|
|t:|1758992022
|switch|p1a: Doc Seismic|Araquanid, F, shiny|100/100
|move|p2a: Yoshi|Fire Punch|p1a: Doc Seismic
|-damage|p1a: Doc Seismic|75/100
|
|upkeep
|turn|2
|j| wgw2333
|
|t:|1758992029
|switch|p2a: Meruem|Kingambit, M|100/100
|move|p1a: Doc Seismic|Sticky Web|p2a: Meruem
|-sidestart|p2: ulky|move: Sticky Web
|
|upkeep
|turn|3
|
|t:|1758992033
|switch|p1a: Invincible|Great Tusk|100/100
|-enditem|p1a: Invincible|Booster Energy
|-activate|p1a: Invincible|ability: Protosynthesis|[fromitem]
|-start|p1a: Invincible|protosynthesisspe
|move|p2a: Meruem|Kowtow Cleave|p1a: Invincible
|-resisted|p1a: Invincible
|-damage|p1a: Invincible|86/100
|
|upkeep
|turn|4
|j| Terrible Tudors
|
|t:|1758992037
|move|p1a: Invincible|Knock Off|p2a: Meruem
|-resisted|p2a: Meruem
|-damage|p2a: Meruem|89/100
|-enditem|p2a: Meruem|Leftovers|[from] move: Knock Off|[of] p1a: Invincible
|move|p2a: Meruem|Iron Head|p1a: Invincible
|-crit|p1a: Invincible
|-damage|p1a: Invincible|39/100
|
|upkeep
|turn|5
|
|t:|1758992043
|-end|p2a: Meruem|fallenundefined|[silent]
|switch|p2a: Yoshi|Dragonite, F, shiny|100/100
|move|p1a: Invincible|Headlong Rush|p2a: Yoshi
|-immune|p2a: Yoshi
|
|upkeep
|turn|6
|j| dsvdv
|
|t:|1758992061
|move|p2a: Yoshi|Extreme Speed|p1a: Invincible
|-damage|p1a: Invincible|9/100
|move|p1a: Invincible|Head Smash|p2a: Yoshi|[miss]
|-miss|p1a: Invincible|p2a: Yoshi
|
|upkeep
|turn|7
|
|t:|1758992066
|move|p2a: Yoshi|Extreme Speed|p1a: Invincible
|-damage|p1a: Invincible|0 fnt
|faint|p1a: Invincible
|-end|p1a: Invincible|Protosynthesis|[silent]
|
|upkeep
|
|t:|1758992071
|switch|p1a: Robot|Gholdengo|100/100
|turn|8
|
|t:|1758992074
|switch|p2a: Siren|Primarina, F|100/100
|-activate|p2a: Siren|move: Sticky Web
|-unboost|p2a: Siren|spe|1
|move|p1a: Robot|Nasty Plot|p1a: Robot
|-boost|p1a: Robot|spa|2
|
|upkeep
|turn|9
|
|t:|1758992080
|move|p1a: Robot|Nasty Plot|p1a: Robot
|-boost|p1a: Robot|spa|2
|move|p2a: Siren|Surf|p1a: Robot
|-damage|p1a: Robot|49/100
|
|upkeep
|turn|10
|
|t:|1758992082
|move|p1a: Robot|Make It Rain|p2a: Siren
|-damage|p2a: Siren|0 fnt
|-unboost|p1a: Robot|spa|1
|faint|p2a: Siren
|
|upkeep
|
|t:|1758992089
|switch|p2a: Moebius|Deoxys-Speed|100/100
|-activate|p2a: Moebius|move: Sticky Web
|-unboost|p2a: Moebius|spe|1
|-ability|p2a: Moebius|Pressure
|turn|11
|
|t:|1758992092
|move|p2a: Moebius|Shadow Ball|p1a: Robot
|-supereffective|p1a: Robot
|-damage|p1a: Robot|0 fnt
|faint|p1a: Robot
|-damage|p2a: Moebius|91/100|[from] item: Life Orb
|
|upkeep
|j| larp legion
|inactive|LT124YH Ghoul has 120 seconds left.
|
|t:|1758992123
|switch|p1a: Conquest|Enamorus, F|100/100
|turn|12
|
|t:|1758992127
|move|p1a: Conquest|Substitute|p1a: Conquest
|-start|p1a: Conquest|Substitute
|-damage|p1a: Conquest|76/100
|move|p2a: Moebius|Psycho Boost|p1a: Conquest
|-end|p1a: Conquest|Substitute
|-unboost|p2a: Moebius|spa|2
|-damage|p2a: Moebius|81/100|[from] item: Life Orb
|
|-heal|p1a: Conquest|82/100|[from] item: Leftovers
|upkeep
|turn|13
|
|t:|1758992130
|move|p1a: Conquest|Substitute|p1a: Conquest
|-start|p1a: Conquest|Substitute
|-damage|p1a: Conquest|57/100
|move|p2a: Moebius|Psycho Boost|p1a: Conquest
|-end|p1a: Conquest|Substitute
|-unboost|p2a: Moebius|spa|2
|-damage|p2a: Moebius|71/100|[from] item: Life Orb
|
|-heal|p1a: Conquest|63/100|[from] item: Leftovers
|upkeep
|turn|14
|
|t:|1758992137
|move|p1a: Conquest|Substitute|p1a: Conquest
|-start|p1a: Conquest|Substitute
|-damage|p1a: Conquest|38/100
|move|p2a: Moebius|Psycho Boost|p1a: Conquest
|-end|p1a: Conquest|Substitute
|-unboost|p2a: Moebius|spa|2
|-damage|p2a: Moebius|62/100|[from] item: Life Orb
|
|-heal|p1a: Conquest|44/100|[from] item: Leftovers
|upkeep
|turn|15
|
|t:|1758992141
|move|p1a: Conquest|Moonblast|p2a: Moebius
|-damage|p2a: Moebius|0 fnt
|faint|p2a: Moebius
|
|-heal|p1a: Conquest|51/100|[from] item: Leftovers
|upkeep
|
|t:|1758992144
|switch|p2a: Yoshi|Dragonite, F, shiny|100/100
|turn|16
|j|+Fusien
|inactive|LT124YH Ghoul has 120 seconds left.
|
|t:|1758992181
|-terastallize|p1a: Conquest|Ghost
|move|p2a: Yoshi|Extreme Speed|p1a: Conquest
|-immune|p1a: Conquest
|move|p1a: Conquest|Superpower|p2a: Yoshi
|-resisted|p2a: Yoshi
|-damage|p2a: Yoshi|89/100
|-boost|p1a: Conquest|atk|1
|-boost|p1a: Conquest|def|1
|
|-heal|p1a: Conquest|57/100|[from] item: Leftovers
|upkeep
|turn|17
|l|+Fusien
|
|t:|1758992191
|switch|p2a: Meruem|Kingambit, M|89/100
|-activate|p2a: Meruem|move: Sticky Web
|-unboost|p2a: Meruem|spe|1
|-activate|p2a: Meruem|ability: Supreme Overlord
|-start|p2a: Meruem|fallen2|[silent]
|move|p1a: Conquest|Superpower|p2a: Meruem
|-supereffective|p2a: Meruem
|-damage|p2a: Meruem|0 fnt
|-boost|p1a: Conquest|atk|1
|-boost|p1a: Conquest|def|1
|faint|p2a: Meruem
|-end|p2a: Meruem|fallen2|[silent]
|
|-heal|p1a: Conquest|63/100|[from] item: Leftovers
|upkeep
|
|t:|1758992199
|switch|p2a: Anomaly|Great Tusk|100/100
|-activate|p2a: Anomaly|move: Sticky Web
|-unboost|p2a: Anomaly|spe|1
|-enditem|p2a: Anomaly|Booster Energy
|-activate|p2a: Anomaly|ability: Protosynthesis|[fromitem]
|-start|p2a: Anomaly|protosynthesisatk
|turn|18
|j| ivo-arg
|j| tiochicodobos
|
|t:|1758992207
|move|p1a: Conquest|Moonblast|p2a: Anomaly
|-supereffective|p2a: Anomaly
|-damage|p2a: Anomaly|0 fnt
|faint|p2a: Anomaly
|-end|p2a: Anomaly|Protosynthesis|[silent]
|
|-heal|p1a: Conquest|69/100|[from] item: Leftovers
|upkeep
|
|t:|1758992211
|switch|p2a: Anomаly|Iron Moth|100/100
|-activate|p2a: Anomаly|move: Sticky Web
|-unboost|p2a: Anomаly|spe|1
|-enditem|p2a: Anomаly|Booster Energy
|-activate|p2a: Anomаly|ability: Quark Drive|[fromitem]
|-start|p2a: Anomаly|quarkdrivespa
|turn|19
|
|t:|1758992214
|move|p1a: Conquest|Tera Blast|p2a: Anomаly|[anim] Tera Blast Ghost
|-damage|p2a: Anomаly|0 fnt
|faint|p2a: Anomаly
|-end|p2a: Anomаly|Quark Drive|[silent]
|
|-heal|p1a: Conquest|76/100|[from] item: Leftovers
|upkeep
|-message|ulky forfeited.
|
|win|LT124YH Ghoul
|raw|LT124YH Ghoul's rating: 1937 &rarr; <strong>1949</strong><br />(+12 for winning)
|raw|ulky's rating: 1782 &rarr; <strong>1770</strong><br />(-12 for losing)
|l|☆ulky
|player|p2|
|l|☆LT124YH Ghoul
|player|p1|
