|j|☆chaudhary_04685
|j|☆pokeman6412
|t:|1758990244
|gametype|singles
|player|p1|chaudhary_04685|veteran|1020
|player|p2|pokeman6412|cynthia-gen4|1017
|gen|9
|tier|[Gen 9] OU
|rated|
|rule|HP Percentage Mod: HP is shown in percentages
|rule|Endless Battle Clause: Forcing endless battles is banned
|rule|Species Clause: Limit one of each Pokémon
|rule|OHKO Clause: OHKO moves are banned
|rule|Evasion Items Clause: Evasion items are banned
|rule|Evasion Moves Clause: Evasion moves are banned
|rule|Evasion Abilities Clause: Evasion abilities are banned
|rule|Sleep Moves Clause: Sleep-inducing moves are banned
|clearpoke
|poke|p1|Ceruledge, M|
|poke|p1|Metagross|
|poke|p1|Grimmsnarl, M|
|poke|p1|Salamence, M|
|poke|p1|Quaquaval, M|
|poke|p1|Toxtricity-Low-Key, M|
|poke|p2|Great Tusk|
|poke|p2|Heatran, M|
|poke|p2|Weavile, M|
|poke|p2|Primarina, M|
|poke|p2|Ogerpon, F|
|poke|p2|Pecharunt|
|teampreview
|inactive|Battle timer is ON: inactive players will automatically lose when time's up. (requested by pokeman6412)
|
|t:|1758990254
|teamsize|p1|6
|teamsize|p2|6
|start
|switch|p1a: stephen|Quaquaval, M|100/100
|switch|p2a: Chaos|Heatran, M, shiny|100/100
|-item|p2a: Chaos|Air Balloon
|turn|1
|
|t:|1758990264
|-terastallize|p2a: Chaos|Fairy
|move|p1a: stephen|Aqua Step|p2a: Chaos
|-damage|p2a: Chaos|61/100
|-boost|p1a: stephen|spe|1
|-enditem|p2a: Chaos|Air Balloon
|move|p2a: Chaos|Magma Storm|p1a: stephen
|-resisted|p1a: stephen
|-damage|p1a: stephen|62/100
|-activate|p1a: stephen|move: Magma Storm|[of] p2a: Chaos
|
|-damage|p1a: stephen|50/100|[from] move: Magma Storm|[partiallytrapped]
|upkeep
|turn|2
|
|t:|1758990285
|move|p1a: stephen|Aqua Step|p2a: Chaos
|-damage|p2a: Chaos|18/100
|-boost|p1a: stephen|spe|1
|move|p2a: Chaos|Stealth Rock|p1a: stephen
|-sidestart|p1: chaudhary_04685|move: Stealth Rock
|
|-damage|p1a: stephen|37/100|[from] move: Magma Storm|[partiallytrapped]
|upkeep
|turn|3
|
|t:|1758990294
|move|p1a: stephen|Aqua Step|p2a: Chaos
|-damage|p2a: Chaos|0 fnt
|-boost|p1a: stephen|spe|1
|faint|p2a: Chaos
|
|-end|p1a: stephen|Magma Storm|[partiallytrapped]|[silent]
|upkeep
|
|t:|1758990299
|switch|p2a: Anonymous|Ogerpon, F|100/100
|turn|4
|
|t:|1758990306
|move|p1a: stephen|Triple Axel|p2a: Anonymous
|-supereffective|p2a: Anonymous
|-damage|p2a: Anonymous|82/100
|-supereffective|p2a: Anonymous
|-damage|p2a: Anonymous|47/100
|-hitcount|p2a: Anonymous|2
|move|p2a: Anonymous|Ivy Cudgel|p1a: stephen
|-supereffective|p1a: stephen
|-damage|p1a: stephen|0 fnt
|faint|p1a: stephen
|
|upkeep
|
|t:|1758990318
|switch|p1a: Cerlead|Ceruledge, M|100/100
|-damage|p1a: Cerlead|76/100|[from] Stealth Rock
|turn|5
|
|t:|1758990325
|switch|p2a: Celestine|Primarina, M, shiny|100/100
|move|p1a: Cerlead|Bitter Blade|p2a: Celestine
|-resisted|p2a: Celestine
|-crit|p2a: Celestine
|-damage|p2a: Celestine|51/100
|-heal|p1a: Cerlead|100/100|[from] drain|[of] p2a: Celestine
|
|upkeep
|turn|6
|
|t:|1758990339
|switch|p1a: Mafisto|Metagross, shiny|100/100
|-damage|p1a: Mafisto|94/100|[from] Stealth Rock
|move|p2a: Celestine|Whirlpool|p1a: Mafisto
|-damage|p1a: Mafisto|82/100
|-activate|p1a: Mafisto|move: Whirlpool|[of] p2a: Celestine
|
|-damage|p1a: Mafisto|70/100|[from] move: Whirlpool|[partiallytrapped]
|upkeep
|turn|7
|
|t:|1758990351
|move|p1a: Mafisto|Heavy Slam|p2a: Celestine
|-damage|p2a: Celestine|0 fnt
|faint|p2a: Celestine
|
|-end|p1a: Mafisto|Whirlpool|[partiallytrapped]|[silent]
|upkeep
|
|t:|1758990358
|switch|p2a: Bandit|Weavile, M, shiny|100/100
|-ability|p2a: Bandit|Pressure
|turn|8
|
|t:|1758990378
|switch|p1a: Grimpee|Grimmsnarl, M|100/100
|-damage|p1a: Grimpee|88/100|[from] Stealth Rock
|move|p2a: Bandit|Low Kick|p1a: Grimpee
|-damage|p1a: Grimpee|36/100
|
|upkeep
|turn|9
|
|t:|1758990386
|move|p2a: Bandit|Low Kick|p1a: Grimpee
|-damage|p1a: Grimpee|0 fnt
|faint|p1a: Grimpee
|
|upkeep
|
|t:|1758990394
|switch|p1a: Cerlead|Ceruledge, M|100/100
|-damage|p1a: Cerlead|76/100|[from] Stealth Rock
|turn|10
|
|t:|1758990399
|move|p2a: Bandit|Low Kick|p1a: Cerlead
|-immune|p1a: Cerlead
|move|p1a: Cerlead|Bitter Blade|p2a: Bandit
|-supereffective|p2a: Bandit
|-damage|p2a: Bandit|0 fnt
|-heal|p1a: Cerlead|100/100|[from] drain|[of] p2a: Bandit
|faint|p2a: Bandit
|
|upkeep
|
|t:|1758990407
|switch|p2a: Behemoth|Great Tusk, shiny|100/100
|turn|11
|
|t:|1758990417
|-terastallize|p1a: Cerlead|Grass
|move|p2a: Behemoth|Headlong Rush|p1a: Cerlead
|-resisted|p1a: Cerlead
|-damage|p1a: Cerlead|48/100
|-unboost|p2a: Behemoth|def|1
|-unboost|p2a: Behemoth|spd|1
|move|p1a: Cerlead|Tera Blast|p2a: Behemoth|[anim] Tera Blast Grass
|-supereffective|p2a: Behemoth
|-damage|p2a: Behemoth|17/100
|
|upkeep
|turn|12
|
|t:|1758990436
|move|p2a: Behemoth|Close Combat|p1a: Cerlead
|-damage|p1a: Cerlead|0 fnt
|-unboost|p2a: Behemoth|def|1
|-unboost|p2a: Behemoth|spd|1
|faint|p1a: Cerlead
|
|upkeep
|
|t:|1758990450
|switch|p1a: Mafisto|Metagross, shiny|70/100
|-damage|p1a: Mafisto|64/100|[from] Stealth Rock
|turn|13
|
|t:|1758990456
|move|p2a: Behemoth|Headlong Rush|p1a: Mafisto
|-supereffective|p1a: Mafisto
|-damage|p1a: Mafisto|0 fnt
|-unboost|p2a: Behemoth|def|1
|-unboost|p2a: Behemoth|spd|1
|faint|p1a: Mafisto
|
|upkeep
|
|t:|1758990463
|switch|p1a: Lizaad|Salamence, M|100/100
|-damage|p1a: Lizaad|76/100|[from] Stealth Rock
|-ability|p1a: Lizaad|Intimidate|boost
|-unboost|p2a: Behemoth|atk|1
|turn|14
|
|t:|1758990475
|move|p1a: Lizaad|Hurricane|p2a: Behemoth
|-supereffective|p2a: Behemoth
|-damage|p2a: Behemoth|0 fnt
|faint|p2a: Behemoth
|-end|p2a: Behemoth|Protosynthesis|[silent]
|-damage|p1a: Lizaad|66/100|[from] item: Life Orb
|
|upkeep
|
|t:|1758990481
|switch|p2a: Overseer|Pecharunt|100/100
|turn|15
|
|t:|1758990489
|move|p1a: Lizaad|Earthquake|p2a: Overseer
|-supereffective|p2a: Overseer
|-crit|p2a: Overseer
|-damage|p2a: Overseer|41/100
|-damage|p1a: Lizaad|56/100|[from] item: Life Orb
|move|p2a: Overseer|Shadow Ball|p1a: Lizaad
|-damage|p1a: Lizaad|28/100
|
|upkeep
|turn|16
|
|t:|1758990499
|move|p1a: Lizaad|Earthquake|p2a: Overseer
|-supereffective|p2a: Overseer
|-damage|p2a: Overseer|0 fnt
|faint|p2a: Overseer
|-damage|p1a: Lizaad|18/100|[from] item: Life Orb
|
|upkeep
|
|t:|1758990505
|switch|p2a: Anonymous|Ogerpon, F|47/100
|turn|17
|
|t:|1758990510
|move|p2a: Anonymous|Ivy Cudgel|p1a: Lizaad
|-resisted|p1a: Lizaad
|-damage|p1a: Lizaad|0 fnt
|faint|p1a: Lizaad
|
|upkeep
|
|t:|1758990515
|switch|p1a: Tony|Toxtricity-Low-Key, M|100/100
|-damage|p1a: Tony|88/100|[from] Stealth Rock
|turn|18
|
|t:|1758990520
|move|p2a: Anonymous|Ivy Cudgel|p1a: Tony
|-resisted|p1a: Tony
|-damage|p1a: Tony|35/100
|move|p1a: Tony|Gunk Shot|p2a: Anonymous
|-supereffective|p2a: Anonymous
|-damage|p2a: Anonymous|0 fnt
|faint|p2a: Anonymous
|
|win|chaudhary_04685
|raw|chaudhary_04685's rating: 1020 &rarr; <strong>1057</strong><br />(+37 for winning)
|raw|pokeman6412's rating: 1017 &rarr; <strong>1005</strong><br />(-12 for losing)
|c|☆pokeman6412|ggs
