|j|☆XIBOWEN
|j|☆Johnny tots
|t:|1758981181
|gametype|singles
|player|p1|XIBOWEN|265|1633
|player|p2|Johnny tots|266|1675
|gen|9
|tier|[Gen 9] OU
|rated|
|rule|HP Percentage Mod: HP is shown in percentages
|rule|Endless Battle Clause: Forcing endless battles is banned
|rule|Species Clause: Limit one of each Pokémon
|rule|OHKO Clause: OHKO moves are banned
|rule|Evasion Items Clause: Evasion items are banned
|rule|Evasion Moves Clause: Evasion moves are banned
|rule|Evasion Abilities Clause: Evasion abilities are banned
|rule|Sleep Moves Clause: Sleep-inducing moves are banned
|clearpoke
|poke|p1|Dragonite, M|
|poke|p1|Kingambit, M|
|poke|p1|Glimmora, F|
|poke|p1|Primarina, F|
|poke|p1|Great Tusk|
|poke|p1|Kyurem|
|poke|p2|Rillaboom, M|
|poke|p2|Klefki, F|
|poke|p2|Manaphy|
|poke|p2|Ogerpon-Wellspring, F|
|poke|p2|Maushold-Four|
|poke|p2|Clefable, M|
|teampreview
|l|☆Johnny tots
|player|p2|
|j|☆Johnny tots
|player|p2|Johnny tots|266|
|inactive|Battle timer is ON: inactive players will automatically lose when time's up. (requested by Johnny tots)
|
|t:|1758981198
|teamsize|p1|6
|teamsize|p2|6
|start
|switch|p1a: Great Tusk|Great Tusk|100/100
|switch|p2a: Rillaboom|Rillaboom, M|100/100
|-fieldstart|move: Grassy Terrain|[from] ability: Grassy Surge|[of] p2a: Rillaboom
|turn|1
|
|t:|1758981215
|-end|p1a: Great Tusk|Protosynthesis|[silent]
|switch|p1a: Glimmora|Glimmora, F, shiny|100/100
|switch|p2a: Klefki|Klefki, F|100/100
|
|upkeep
|turn|2
|
|t:|1758981220
|move|p2a: Klefki|Thunder Wave|p1a: Glimmora
|-status|p1a: Glimmora|par
|cant|p1a: Glimmora|par
|
|upkeep
|turn|3
|
|t:|1758981223
|move|p2a: Klefki|Light Screen|p2a: Klefki
|-sidestart|p2: Johnny tots|move: Light Screen
|cant|p1a: Glimmora|par
|
|upkeep
|turn|4
|
|t:|1758981226
|move|p2a: Klefki|Reflect|p2a: Klefki
|-sidestart|p2: Johnny tots|Reflect
|move|p1a: Glimmora|Stealth Rock|p2a: Klefki
|-sidestart|p2: Johnny tots|move: Stealth Rock
|
|upkeep
|turn|5
|
|t:|1758981229
|switch|p2a: Manaphy|Manaphy|100/100
|-damage|p2a: Manaphy|88/100|[from] Stealth Rock
|move|p1a: Glimmora|Mortal Spin|p2a: Manaphy
|-damage|p2a: Manaphy|86/100
|-status|p2a: Manaphy|psn
|
|-heal|p2a: Manaphy|92/100 psn|[from] Grassy Terrain
|-heal|p2a: Manaphy|98/100 psn|[from] item: Leftovers
|-damage|p2a: Manaphy|86/100 psn|[from] psn
|upkeep
|turn|6
|
|t:|1758981241
|switch|p1a: Kyurem|Kyurem, shiny|100/100
|-ability|p1a: Kyurem|Pressure
|move|p2a: Manaphy|Take Heart|p2a: Manaphy
|-boost|p2a: Manaphy|spa|1
|-boost|p2a: Manaphy|spd|1
|-curestatus|p2a: Manaphy|psn|[msg]
|
|-heal|p2a: Manaphy|92/100|[from] Grassy Terrain
|-heal|p2a: Manaphy|98/100|[from] item: Leftovers
|upkeep
|turn|7
|
|t:|1758981250
|move|p1a: Kyurem|Freeze-Dry|p2a: Manaphy
|-supereffective|p2a: Manaphy
|-damage|p2a: Manaphy|75/100
|move|p2a: Manaphy|Take Heart|p2a: Manaphy
|-boost|p2a: Manaphy|spa|1
|-boost|p2a: Manaphy|spd|1
|
|-heal|p2a: Manaphy|81/100|[from] Grassy Terrain
|-heal|p2a: Manaphy|87/100|[from] item: Leftovers
|upkeep
|turn|8
|
|t:|1758981255
|move|p1a: Kyurem|Freeze-Dry|p2a: Manaphy
|-supereffective|p2a: Manaphy
|-damage|p2a: Manaphy|68/100
|move|p2a: Manaphy|Acid Armor|p2a: Manaphy
|-boost|p2a: Manaphy|def|2
|
|-heal|p2a: Manaphy|74/100|[from] Grassy Terrain
|-heal|p2a: Manaphy|80/100|[from] item: Leftovers
|-fieldend|move: Grassy Terrain
|upkeep
|turn|9
|
|t:|1758981260
|move|p1a: Kyurem|Freeze-Dry|p2a: Manaphy
|-supereffective|p2a: Manaphy
|-damage|p2a: Manaphy|61/100
|move|p2a: Manaphy|Take Heart|p2a: Manaphy
|-boost|p2a: Manaphy|spa|1
|-boost|p2a: Manaphy|spd|1
|
|-heal|p2a: Manaphy|67/100|[from] item: Leftovers
|upkeep
|turn|10
|
|t:|1758981264
|move|p1a: Kyurem|Freeze-Dry|p2a: Manaphy
|-supereffective|p2a: Manaphy
|-damage|p2a: Manaphy|52/100
|move|p2a: Manaphy|Stored Power|p1a: Kyurem
|-damage|p1a: Kyurem|0 fnt
|faint|p1a: Kyurem
|
|-heal|p2a: Manaphy|58/100|[from] item: Leftovers
|-sideend|p2: Johnny tots|move: Light Screen
|upkeep
|
|t:|1758981287
|switch|p1a: Primarina|Primarina, F|100/100
|turn|11
|
|t:|1758981297
|move|p2a: Manaphy|Take Heart|p2a: Manaphy
|-boost|p2a: Manaphy|spa|1
|-boost|p2a: Manaphy|spd|1
|move|p1a: Primarina|Moonblast|p2a: Manaphy
|-damage|p2a: Manaphy|43/100
|
|-heal|p2a: Manaphy|49/100|[from] item: Leftovers
|-sideend|p2: Johnny tots|Reflect
|upkeep
|turn|12
|
|t:|1758981301
|move|p2a: Manaphy|Stored Power|p1a: Primarina
|-damage|p1a: Primarina|1/100
|move|p1a: Primarina|Moonblast|p2a: Manaphy
|-crit|p2a: Manaphy
|-damage|p2a: Manaphy|0 fnt
|faint|p2a: Manaphy
|
|upkeep
|inactive|Johnny tots has 120 seconds left.
|
|t:|1758981334
|switch|p2a: Rillaboom|Rillaboom, M|100/100
|-damage|p2a: Rillaboom|88/100|[from] Stealth Rock
|-fieldstart|move: Grassy Terrain|[from] ability: Grassy Surge|[of] p2a: Rillaboom
|turn|13
|
|t:|1758981339
|switch|p1a: Glimmora|Glimmora, F, shiny|100/100 par
|move|p2a: Rillaboom|Knock Off|p1a: Glimmora
|-damage|p1a: Glimmora|53/100 par
|-activate|p1a: Glimmora|ability: Toxic Debris
|-sidestart|p2: Johnny tots|move: Toxic Spikes
|-enditem|p1a: Glimmora|Red Card|[from] move: Knock Off|[of] p2a: Rillaboom
|
|-heal|p2a: Rillaboom|94/100|[from] Grassy Terrain
|-heal|p1a: Glimmora|59/100 par|[from] Grassy Terrain
|upkeep
|turn|14
|
|t:|1758981347
|move|p2a: Rillaboom|High Horsepower|p1a: Glimmora
|-supereffective|p1a: Glimmora
|-damage|p1a: Glimmora|0 fnt
|-activate|p1a: Glimmora|ability: Toxic Debris
|-sidestart|p2: Johnny tots|move: Toxic Spikes
|faint|p1a: Glimmora
|
|-heal|p2a: Rillaboom|100/100|[from] Grassy Terrain
|upkeep
|
|t:|1758981354
|switch|p1a: Dragonite|Dragonite, M, shiny|100/100
|turn|15
|
|t:|1758981357
|switch|p2a: Klefki|Klefki, F|100/100
|-damage|p2a: Klefki|95/100|[from] Stealth Rock
|move|p1a: Dragonite|Dragon Dance|p1a: Dragonite
|-boost|p1a: Dragonite|atk|1
|-boost|p1a: Dragonite|spe|1
|
|-heal|p2a: Klefki|100/100|[from] Grassy Terrain
|upkeep
|turn|16
|
|t:|1758981363
|-terastallize|p1a: Dragonite|Ground
|move|p2a: Klefki|Thunder Wave|p1a: Dragonite
|-immune|p1a: Dragonite
|move|p1a: Dragonite|Dragon Dance|p1a: Dragonite
|-boost|p1a: Dragonite|atk|1
|-boost|p1a: Dragonite|spe|1
|
|upkeep
|turn|17
|
|t:|1758981370
|move|p2a: Klefki|Reflect|p2a: Klefki
|-sidestart|p2: Johnny tots|Reflect
|move|p1a: Dragonite|Encore|p2a: Klefki
|-start|p2a: Klefki|Encore
|
|upkeep
|turn|18
|
|t:|1758981377
|switch|p2a: Rillaboom|Rillaboom, M|100/100
|-damage|p2a: Rillaboom|88/100|[from] Stealth Rock
|-status|p2a: Rillaboom|tox
|move|p1a: Dragonite|Dragon Dance|p1a: Dragonite
|-boost|p1a: Dragonite|atk|1
|-boost|p1a: Dragonite|spe|1
|
|-heal|p2a: Rillaboom|94/100 tox|[from] Grassy Terrain
|-damage|p2a: Rillaboom|88/100 tox|[from] psn
|upkeep
|turn|19
|
|t:|1758981381
|move|p1a: Dragonite|Ice Spinner|p2a: Rillaboom
|-supereffective|p2a: Rillaboom
|-damage|p2a: Rillaboom|19/100 tox
|-fieldend|move: Grassy Terrain
|move|p2a: Rillaboom|Bulk Up|p2a: Rillaboom
|-boost|p2a: Rillaboom|atk|1
|-boost|p2a: Rillaboom|def|1
|
|-damage|p2a: Rillaboom|7/100 tox|[from] psn
|upkeep
|turn|20
|
|t:|1758981395
|move|p1a: Dragonite|Ice Spinner|p2a: Rillaboom
|-supereffective|p2a: Rillaboom
|-damage|p2a: Rillaboom|0 fnt
|faint|p2a: Rillaboom
|
|upkeep
|
|t:|1758981403
|switch|p2a: Maushold|Maushold-Four|100/100
|-damage|p2a: Maushold|88/100|[from] Stealth Rock
|-status|p2a: Maushold|tox
|turn|21
|
|t:|1758981416
|move|p1a: Dragonite|Earthquake|p2a: Maushold
|-damage|p2a: Maushold|0 fnt
|faint|p2a: Maushold
|
|upkeep
|c|☆Johnny tots|Nice luck
|-message|Johnny tots forfeited.
|
|win|XIBOWEN
|raw|XIBOWEN's rating: 1633 &rarr; <strong>1655</strong><br />(+22 for winning)
|raw|Johnny tots's rating: 1675 &rarr; <strong>1653</strong><br />(-22 for losing)
|l|☆Johnny tots
|player|p2|
|l|☆XIBOWEN
|player|p1|
