|j|☆fororapide
|j|☆erravem
|t:|1759060162
|gametype|singles
|player|p1|fororapide|169|1167
|player|p2|erravem|shadowtriad|1123
|gen|9
|tier|[Gen 9] OU
|rated|
|rule|HP Percentage Mod: HP is shown in percentages
|rule|Endless Battle Clause: Forcing endless battles is banned
|rule|Species Clause: Limit one of each Pokémon
|rule|OHKO Clause: OHKO moves are banned
|rule|Evasion Items Clause: Evasion items are banned
|rule|Evasion Moves Clause: Evasion moves are banned
|rule|Evasion Abilities Clause: Evasion abilities are banned
|rule|Sleep Moves Clause: Sleep-inducing moves are banned
|clearpoke
|poke|p1|Ogerpon-Wellspring, F|
|poke|p1|Kyurem|
|poke|p1|Dragapult, M|
|poke|p1|Corviknight, M|
|poke|p1|Ting-Lu|
|poke|p1|Gholdengo|
|poke|p2|Alomomola, M|
|poke|p2|Comfey, M|
|poke|p2|Pecharunt|
|poke|p2|Gliscor, F|
|poke|p2|Great Tusk|
|poke|p2|Kingambit, F|
|teampreview
|
|t:|1759060172
|teamsize|p1|6
|teamsize|p2|6
|start
|switch|p1a: Ting-Lu|Ting-Lu, shiny|100/100
|switch|p2a: Comfey|Comfey, M, shiny|100/100
|-ability|p1a: Ting-Lu|Vessel of Ruin
|turn|1
|
|t:|1759060182
|switch|p1a: Corviknight|Corviknight, M, shiny|100/100
|-ability|p1a: Corviknight|Pressure
|move|p2a: Comfey|Calm Mind|p2a: Comfey
|-boost|p2a: Comfey|spa|1
|-boost|p2a: Comfey|spd|1
|
|upkeep
|turn|2
|
|t:|1759060191
|move|p2a: Comfey|Leech Seed|p1a: Corviknight
|-start|p1a: Corviknight|move: Leech Seed
|move|p1a: Corviknight|Iron Head|p2a: Comfey
|-supereffective|p2a: Comfey
|-damage|p2a: Comfey|36/100
|
|-heal|p2a: Comfey|42/100|[from] item: Leftovers
|-damage|p1a: Corviknight|88/100|[from] Leech Seed|[of] p2a: Comfey
|-heal|p2a: Comfey|63/100|[silent]
|upkeep
|turn|3
|
|t:|1759060202
|move|p2a: Comfey|Draining Kiss|p1a: Corviknight
|-resisted|p1a: Corviknight
|-damage|p1a: Corviknight|75/100
|-heal|p2a: Comfey|80/100|[from] drain|[of] p1a: Corviknight
|move|p1a: Corviknight|Iron Head|p2a: Comfey
|-supereffective|p2a: Comfey
|-damage|p2a: Comfey|10/100
|
|-heal|p2a: Comfey|16/100|[from] item: Leftovers
|-heal|p1a: Corviknight|81/100|[from] item: Leftovers
|-damage|p1a: Corviknight|68/100|[from] Leech Seed|[of] p2a: Comfey
|-heal|p2a: Comfey|36/100|[silent]
|upkeep
|turn|4
|inactive|Battle timer is ON: inactive players will automatically lose when time's up. (requested by erravem)
|
|t:|1759060217
|switch|p2a: Alomomola|Alomomola, M, shiny|100/100
|move|p1a: Corviknight|Iron Head|p2a: Alomomola
|-resisted|p2a: Alomomola
|-damage|p2a: Alomomola|94/100
|-damage|p1a: Corviknight|52/100|[from] item: Rocky Helmet|[of] p2a: Alomomola
|
|-heal|p1a: Corviknight|58/100|[from] item: Leftovers
|-damage|p1a: Corviknight|46/100|[from] Leech Seed|[of] p2a: Alomomola
|-heal|p2a: Alomomola|100/100|[silent]
|upkeep
|turn|5
|
|t:|1759060231
|switch|p1a: Ogerpon|Ogerpon-Wellspring, F|100/100
|move|p2a: Alomomola|Wish|p2a: Alomomola
|
|upkeep
|turn|6
|
|t:|1759060237
|switch|p2a: Comfey|Comfey, M, shiny|36/100
|move|p1a: Ogerpon|Power Whip|p2a: Comfey
|-damage|p2a: Comfey|0 fnt
|faint|p2a: Comfey
|
|upkeep
|
|t:|1759060243
|switch|p2a: Gliscor|Gliscor, F, shiny|100/100
|turn|7
|
|t:|1759060254
|switch|p1a: Death|Kyurem, shiny|100/100
|-ability|p1a: Death|Pressure
|move|p2a: Gliscor|Toxic|p1a: Death
|-status|p1a: Death|tox
|
|-damage|p1a: Death|94/100 tox|[from] psn
|-status|p2a: Gliscor|tox|[from] item: Toxic Orb
|upkeep
|turn|8
|
|t:|1759060265
|switch|p2a: Alomomola|Alomomola, M, shiny|100/100
|move|p1a: Death|Ice Beam|p2a: Alomomola
|-resisted|p2a: Alomomola
|-damage|p2a: Alomomola|61/100
|
|-damage|p1a: Death|82/100 tox|[from] psn
|upkeep
|turn|9
|
|t:|1759060277
|switch|p1a: Ogerpon|Ogerpon-Wellspring, F|100/100
|move|p2a: Alomomola|Wish|p2a: Alomomola
|
|upkeep
|turn|10
|
|t:|1759060283
|move|p2a: Alomomola|Protect|p2a: Alomomola
|-singleturn|p2a: Alomomola|Protect
|move|p1a: Ogerpon|Power Whip|p2a: Alomomola
|-activate|p2a: Alomomola|move: Protect
|
|-heal|p2a: Alomomola|100/100|[from] move: Wish|[wisher] Alomomola
|upkeep
|turn|11
|
|t:|1759060293
|switch|p2a: Pecharunt|Pecharunt|100/100
|move|p1a: Ogerpon|Power Whip|p2a: Pecharunt
|-resisted|p2a: Pecharunt
|-damage|p2a: Pecharunt|84/100
|-damage|p1a: Ogerpon|84/100|[from] item: Rocky Helmet|[of] p2a: Pecharunt
|
|upkeep
|turn|12
|inactive|fororapide has 120 seconds left.
|
|t:|1759060334
|switch|p1a: Ting-Lu|Ting-Lu, shiny|100/100
|-ability|p1a: Ting-Lu|Vessel of Ruin
|move|p2a: Pecharunt|Shadow Ball|p1a: Ting-Lu
|-resisted|p1a: Ting-Lu
|-damage|p1a: Ting-Lu|95/100
|
|-heal|p1a: Ting-Lu|100/100|[from] item: Leftovers
|upkeep
|turn|13
|
|t:|1759060345
|move|p2a: Pecharunt|Parting Shot|p1a: Ting-Lu
|-unboost|p1a: Ting-Lu|atk|1
|-unboost|p1a: Ting-Lu|spa|1
|
|t:|1759060349
|switch|p2a: Gliscor|Gliscor, F, shiny|100/100 tox|[from] Parting Shot
|move|p1a: Ting-Lu|Earthquake|p2a: Gliscor
|-immune|p2a: Gliscor
|
|upkeep
|turn|14
|inactive|fororapide has 120 seconds left.
|
|t:|1759060360
|switch|p1a: Death|Kyurem, shiny|82/100 tox
|-ability|p1a: Death|Pressure
|move|p2a: Gliscor|Substitute|p2a: Gliscor
|-start|p2a: Gliscor|Substitute
|-damage|p2a: Gliscor|76/100 tox
|
|-heal|p2a: Gliscor|88/100 tox|[from] ability: Poison Heal
|-damage|p1a: Death|76/100 tox|[from] psn
|upkeep
|turn|15
|inactive|fororapide has 120 seconds left.
|
|t:|1759060372
|move|p2a: Gliscor|Brick Break|p1a: Death
|-supereffective|p1a: Death
|-damage|p1a: Death|33/100 tox
|move|p1a: Death|Ice Beam|p2a: Gliscor
|-supereffective|p2a: Gliscor
|-crit|p2a: Gliscor
|-end|p2a: Gliscor|Substitute
|
|-damage|p1a: Death|21/100 tox|[from] psn
|-heal|p2a: Gliscor|100/100 tox|[from] ability: Poison Heal
|upkeep
|turn|16
|inactive|fororapide has 120 seconds left.
|
|t:|1759060388
|switch|p1a: Ogerpon|Ogerpon-Wellspring, F|84/100
|move|p2a: Gliscor|Substitute|p2a: Gliscor
|-start|p2a: Gliscor|Substitute
|-damage|p2a: Gliscor|76/100 tox
|
|-heal|p2a: Gliscor|88/100 tox|[from] ability: Poison Heal
|upkeep
|turn|17
|
|t:|1759060410
|-terastallize|p1a: Ogerpon|Water
|detailschange|p1a: Ogerpon|Ogerpon-Wellspring-Tera, F, tera:Water
|-ability|p1a: Ogerpon|Embody Aspect (Wellspring)|boost
|-boost|p1a: Ogerpon|spd|1
|move|p1a: Ogerpon|Ivy Cudgel|p2a: Gliscor|[anim] Ivy Cudgel Water
|-supereffective|p2a: Gliscor
|-crit|p2a: Gliscor
|-end|p2a: Gliscor|Substitute
|move|p2a: Gliscor|Toxic|p1a: Ogerpon
|-status|p1a: Ogerpon|tox
|
|-damage|p1a: Ogerpon|78/100 tox|[from] psn
|-heal|p2a: Gliscor|100/100 tox|[from] ability: Poison Heal
|upkeep
|turn|18
|
|t:|1759060428
|move|p1a: Ogerpon|Ivy Cudgel|p2a: Gliscor|[anim] Ivy Cudgel Water
|-supereffective|p2a: Gliscor
|-damage|p2a: Gliscor|0 fnt
|faint|p2a: Gliscor
|
|-damage|p1a: Ogerpon|66/100 tox|[from] psn
|upkeep
|
|t:|1759060439
|switch|p2a: Pecharunt|Pecharunt|84/100
|turn|19
|
|t:|1759060447
|switch|p1a: Ting-Lu|Ting-Lu, shiny|100/100
|-ability|p1a: Ting-Lu|Vessel of Ruin
|move|p2a: Pecharunt|Malignant Chain|p1a: Ting-Lu
|-resisted|p1a: Ting-Lu
|-crit|p1a: Ting-Lu
|-damage|p1a: Ting-Lu|89/100
|
|-heal|p1a: Ting-Lu|96/100|[from] item: Leftovers
|upkeep
|turn|20
|
|t:|1759060459
|move|p2a: Pecharunt|Parting Shot|p1a: Ting-Lu
|-unboost|p1a: Ting-Lu|atk|1
|-unboost|p1a: Ting-Lu|spa|1
|
|t:|1759060463
|switch|p2a: Alomomola|Alomomola, M, shiny|100/100|[from] Parting Shot
|move|p1a: Ting-Lu|Earthquake|p2a: Alomomola
|-damage|p2a: Alomomola|86/100
|
|-heal|p1a: Ting-Lu|100/100|[from] item: Leftovers
|upkeep
|turn|21
|
|t:|1759060477
|switch|p2a: Great Tusk|Great Tusk|100/100
|switch|p1a: Ogerpon|Ogerpon-Wellspring-Tera, F, tera:Water|66/100 tox
|-ability|p1a: Ogerpon|Embody Aspect (Wellspring)|boost
|-boost|p1a: Ogerpon|spd|1
|
|-damage|p1a: Ogerpon|60/100 tox|[from] psn
|upkeep
|turn|22
|
|t:|1759060489
|move|p1a: Ogerpon|Ivy Cudgel|p2a: Great Tusk|[anim] Ivy Cudgel Water
|-supereffective|p2a: Great Tusk
|-damage|p2a: Great Tusk|8/100
|move|p2a: Great Tusk|Close Combat|p1a: Ogerpon
|-damage|p1a: Ogerpon|0 fnt
|-unboost|p2a: Great Tusk|def|1
|-unboost|p2a: Great Tusk|spd|1
|faint|p1a: Ogerpon
|detailschange|p1: Ogerpon|Ogerpon-Wellspring, F|[silent]
|
|upkeep
|
|t:|1759060509
|switch|p1a: Corviknight|Corviknight, M, shiny|46/100
|-ability|p1a: Corviknight|Pressure
|turn|23
|
|t:|1759060518
|-end|p2a: Great Tusk|Protosynthesis|[silent]
|switch|p2a: Alomomola|Alomomola, M, shiny|100/100
|move|p1a: Corviknight|Brave Bird|p2a: Alomomola
|-damage|p2a: Alomomola|80/100
|-damage|p1a: Corviknight|29/100|[from] item: Rocky Helmet|[of] p2a: Alomomola
|-damage|p1a: Corviknight|20/100|[from] Recoil
|
|-heal|p1a: Corviknight|26/100|[from] item: Leftovers
|upkeep
|turn|24
|
|t:|1759060530
|move|p1a: Corviknight|Roost|p1a: Corviknight
|-heal|p1a: Corviknight|76/100
|-singleturn|p1a: Corviknight|move: Roost
|move|p2a: Alomomola|Wish|p2a: Alomomola
|
|-heal|p1a: Corviknight|82/100|[from] item: Leftovers
|upkeep
|turn|25
|inactive|fororapide has 90 seconds left.
|
|t:|1759060567
|switch|p1a: Just here to watch|Gholdengo, shiny|100/100
|-item|p1a: Just here to watch|Air Balloon
|move|p2a: Alomomola|Flip Turn|p1a: Just here to watch
|-damage|p1a: Just here to watch|82/100
|-enditem|p1a: Just here to watch|Air Balloon
|
|t:|1759060575
|switch|p2a: Great Tusk|Great Tusk|8/100|[from] Flip Turn
|
|-heal|p2a: Great Tusk|70/100|[from] move: Wish|[wisher] Alomomola
|upkeep
|turn|26
|
|t:|1759060594
|move|p1a: Just here to watch|Make It Rain|p2a: Great Tusk
|-damage|p2a: Great Tusk|18/100
|-unboost|p1a: Just here to watch|spa|1
|move|p2a: Great Tusk|Headlong Rush|p1a: Just here to watch
|-supereffective|p1a: Just here to watch
|-damage|p1a: Just here to watch|0 fnt
|-unboost|p2a: Great Tusk|def|1
|-unboost|p2a: Great Tusk|spd|1
|faint|p1a: Just here to watch
|
|upkeep
|
|t:|1759060614
|switch|p1a: Death|Kyurem, shiny|21/100 tox
|-ability|p1a: Death|Pressure
|turn|27
|
|t:|1759060621
|-end|p2a: Great Tusk|Protosynthesis|[silent]
|switch|p2a: Alomomola|Alomomola, M, shiny|100/100
|move|p1a: Death|Ice Beam|p2a: Alomomola
|-resisted|p2a: Alomomola
|-damage|p2a: Alomomola|56/100
|
|-damage|p1a: Death|15/100 tox|[from] psn
|upkeep
|turn|28
|
|t:|1759060634
|switch|p1a: Dragapult|Dragapult, M, shiny|100/100
|move|p2a: Alomomola|Wish|p2a: Alomomola
|
|upkeep
|turn|29
|
|t:|1759060643
|move|p1a: Dragapult|Hex|p2a: Alomomola
|-damage|p2a: Alomomola|27/100
|move|p2a: Alomomola|Flip Turn|p1a: Dragapult
|-resisted|p1a: Dragapult
|-damage|p1a: Dragapult|91/100
|
|t:|1759060648
|switch|p2a: Great Tusk|Great Tusk|18/100|[from] Flip Turn
|
|-heal|p2a: Great Tusk|80/100|[from] move: Wish|[wisher] Alomomola
|upkeep
|turn|30
|
|t:|1759060663
|switch|p1a: Death|Kyurem, shiny|15/100 tox
|-ability|p1a: Death|Pressure
|move|p2a: Great Tusk|Ice Spinner|p1a: Death
|-damage|p1a: Death|0 fnt
|faint|p1a: Death
|
|upkeep
|
|t:|1759060679
|switch|p1a: Ting-Lu|Ting-Lu, shiny|100/100
|-ability|p1a: Ting-Lu|Vessel of Ruin
|turn|31
|inactive|fororapide has 60 seconds left.
|
|t:|1759060694
|move|p2a: Great Tusk|Close Combat|p1a: Ting-Lu
|-supereffective|p1a: Ting-Lu
|-damage|p1a: Ting-Lu|23/100
|-unboost|p2a: Great Tusk|def|1
|-unboost|p2a: Great Tusk|spd|1
|move|p1a: Ting-Lu|Ruination|p2a: Great Tusk
|-damage|p2a: Great Tusk|40/100
|
|-heal|p1a: Ting-Lu|30/100|[from] item: Leftovers
|upkeep
|turn|32
|inactive|fororapide has 60 seconds left.
|
|t:|1759060717
|switch|p1a: Corviknight|Corviknight, M, shiny|82/100
|-ability|p1a: Corviknight|Pressure
|move|p2a: Great Tusk|Ice Spinner|p1a: Corviknight
|-damage|p1a: Corviknight|65/100
|
|-heal|p1a: Corviknight|71/100|[from] item: Leftovers
|upkeep
|turn|33
|
|t:|1759060732
|-end|p2a: Great Tusk|Protosynthesis|[silent]
|switch|p2a: Alomomola|Alomomola, M, shiny|60/100
|move|p1a: Corviknight|Brave Bird|p2a: Alomomola
|-damage|p2a: Alomomola|39/100
|-damage|p1a: Corviknight|54/100|[from] item: Rocky Helmet|[of] p2a: Alomomola
|-damage|p1a: Corviknight|45/100|[from] Recoil
|
|-heal|p1a: Corviknight|51/100|[from] item: Leftovers
|upkeep
|turn|34
|
|t:|1759060750
|move|p1a: Corviknight|Roost|p1a: Corviknight
|-heal|p1a: Corviknight|100/100
|-singleturn|p1a: Corviknight|move: Roost
|move|p2a: Alomomola|Wish|p2a: Alomomola
|
|upkeep
|turn|35
|inactive|fororapide has 30 seconds left.
|
|t:|1759060776
|move|p2a: Alomomola|Protect|p2a: Alomomola
|-singleturn|p2a: Alomomola|Protect
|move|p1a: Corviknight|Brave Bird|p2a: Alomomola
|-activate|p2a: Alomomola|move: Protect
|
|-heal|p2a: Alomomola|89/100|[from] move: Wish|[wisher] Alomomola
|upkeep
|turn|36
|inactive|fororapide has 30 seconds left.
|
|t:|1759060787
|move|p1a: Corviknight|Brave Bird|p2a: Alomomola
|-damage|p2a: Alomomola|70/100
|-damage|p1a: Corviknight|84/100|[from] item: Rocky Helmet|[of] p2a: Alomomola
|-damage|p1a: Corviknight|75/100|[from] Recoil
|move|p2a: Alomomola|Wish|p2a: Alomomola
|
|-heal|p1a: Corviknight|81/100|[from] item: Leftovers
|upkeep
|turn|37
|inactive|fororapide has 30 seconds left.
|
|t:|1759060800
|switch|p1a: Dragapult|Dragapult, M, shiny|91/100
|move|p2a: Alomomola|Flip Turn|p1a: Dragapult
|-resisted|p1a: Dragapult
|-damage|p1a: Dragapult|82/100
|
|t:|1759060805
|switch|p2a: Great Tusk|Great Tusk|40/100|[from] Flip Turn
|
|-heal|p2a: Great Tusk|100/100|[from] move: Wish|[wisher] Alomomola
|upkeep
|turn|38
|inactive|fororapide has 30 seconds left.
|
|t:|1759060826
|switch|p1a: Corviknight|Corviknight, M, shiny|81/100
|-ability|p1a: Corviknight|Pressure
|move|p2a: Great Tusk|Ice Spinner|p1a: Corviknight
|-damage|p1a: Corviknight|63/100
|
|-heal|p1a: Corviknight|69/100|[from] item: Leftovers
|upkeep
|turn|39
|inactive|fororapide has 30 seconds left.
|
|t:|1759060841
|move|p2a: Great Tusk|Close Combat|p1a: Corviknight
|-damage|p1a: Corviknight|29/100
|-unboost|p2a: Great Tusk|def|1
|-unboost|p2a: Great Tusk|spd|1
|move|p1a: Corviknight|Brave Bird|p2a: Great Tusk
|-supereffective|p2a: Great Tusk
|-damage|p2a: Great Tusk|33/100
|-damage|p1a: Corviknight|4/100|[from] Recoil
|
|-heal|p1a: Corviknight|10/100|[from] item: Leftovers
|upkeep
|turn|40
|inactive|fororapide has 30 seconds left.
|
|t:|1759060854
|move|p2a: Great Tusk|Close Combat|p1a: Corviknight
|-damage|p1a: Corviknight|0 fnt
|-unboost|p2a: Great Tusk|def|1
|-unboost|p2a: Great Tusk|spd|1
|faint|p1a: Corviknight
|
|upkeep
|inactive|fororapide has 30 seconds left this turn.
|inactive|fororapide has 20 seconds left.
|
|t:|1759060866
|switch|p1a: Dragapult|Dragapult, M, shiny|82/100
|turn|41
|inactive|fororapide has 30 seconds left this turn.
|
|t:|1759060871
|-end|p2a: Great Tusk|Protosynthesis|[silent]
|switch|p2a: Alomomola|Alomomola, M, shiny|100/100
|move|p1a: Dragapult|Hex|p2a: Alomomola
|-damage|p2a: Alomomola|67/100
|
|upkeep
|turn|42
|inactive|fororapide has 30 seconds left.
|
|t:|1759060879
|move|p1a: Dragapult|Dragon Darts|p2a: Alomomola
|-damage|p2a: Alomomola|55/100
|-anim|p1a: Dragapult|Dragon Darts|p2a: Alomomola
|-crit|p2a: Alomomola
|-damage|p2a: Alomomola|37/100
|move|p2a: Alomomola|Wish|p2a: Alomomola
|
|upkeep
|turn|43
|
|t:|1759060888
|move|p1a: Dragapult|Dragon Darts|p2a: Alomomola
|-damage|p2a: Alomomola|26/100
|-anim|p1a: Dragapult|Dragon Darts|p2a: Alomomola
|-damage|p2a: Alomomola|15/100
|move|p2a: Alomomola|Flip Turn|p1a: Dragapult
|-resisted|p1a: Dragapult
|-crit|p1a: Dragapult
|-damage|p1a: Dragapult|67/100
|
|t:|1759060894
|switch|p2a: Great Tusk|Great Tusk|33/100|[from] Flip Turn
|
|-heal|p2a: Great Tusk|94/100|[from] move: Wish|[wisher] Alomomola
|upkeep
|turn|44
|
|t:|1759060912
|move|p1a: Dragapult|Dragon Darts|p2a: Great Tusk
|-damage|p2a: Great Tusk|81/100
|-anim|p1a: Dragapult|Dragon Darts|p2a: Great Tusk
|-damage|p2a: Great Tusk|68/100
|move|p2a: Great Tusk|Ice Spinner|p1a: Dragapult
|-supereffective|p1a: Dragapult
|-damage|p1a: Dragapult|0 fnt
|faint|p1a: Dragapult
|
|upkeep
|inactive|fororapide has 30 seconds left.
|
|t:|1759060922
|switch|p1a: Ting-Lu|Ting-Lu, shiny|30/100
|-ability|p1a: Ting-Lu|Vessel of Ruin
|turn|45
|
|t:|1759060928
|move|p2a: Great Tusk|Close Combat|p1a: Ting-Lu
|-supereffective|p1a: Ting-Lu
|-damage|p1a: Ting-Lu|0 fnt
|-unboost|p2a: Great Tusk|def|1
|-unboost|p2a: Great Tusk|spd|1
|faint|p1a: Ting-Lu
|
|win|erravem
|raw|fororapide's rating: 1167 &rarr; <strong>1139</strong><br />(-28 for losing)
|raw|erravem's rating: 1123 &rarr; <strong>1151</strong><br />(+28 for winning)
