|badge|p2|bronze|gen9ou|100-6
|html|<div class="broadcast-red"><strong>This battle is required to be public due to one or more player having a season medal.</strong><br />During the public phase, you can discuss the state of the ladder <a href="/seasondiscussion">in a special chatroom.</a></div>
|uhtml|medal-msg|<div class="broadcast-blue">Curious what those medals under the avatar are? PS now has Ladder Seasons! For more information, check out the <a href="https://www.smogon.com/forums/threads/3740067/">thread on Smogon.</a></div>
|raw|<div class="broadcast-blue"><strong>This battle is required to be public due to a player having a name starting with 'medal'.</div>
|j|☆lt124yh 925
|j|☆ADM02
|t:|1759049697
|gametype|singles
|player|p1|lt124yh 925|pokemonbreederf-gen4|1743
|player|p2|ADM02|1|1853
|gen|9
|tier|[Gen 9] OU
|rated|
|rule|HP Percentage Mod: HP is shown in percentages
|rule|Endless Battle Clause: Forcing endless battles is banned
|rule|Species Clause: Limit one of each Pokémon
|rule|OHKO Clause: OHKO moves are banned
|rule|Evasion Items Clause: Evasion items are banned
|rule|Evasion Moves Clause: Evasion moves are banned
|rule|Evasion Abilities Clause: Evasion abilities are banned
|rule|Sleep Moves Clause: Sleep-inducing moves are banned
|clearpoke
|poke|p1|Indeedee, M|
|poke|p1|Hatterene, F|
|poke|p1|Ursaluna, F|
|poke|p1|Iron Hands|
|poke|p1|Hoopa-Unbound|
|poke|p1|Mimikyu, F|
|poke|p2|Cinderace, M|
|poke|p2|Clefable, M|
|poke|p2|Salamence, F|
|poke|p2|Dragonite, M|
|poke|p2|Hoopa-Unbound|
|poke|p2|Clodsire, F|
|teampreview
|inactive|Battle timer is ON: inactive players will automatically lose when time's up. (requested by lt124yh 925)
|c|☆lt124yh 925|hf
|
|t:|1759049709
|teamsize|p1|6
|teamsize|p2|6
|start
|switch|p1a: Iron Hands|Iron Hands, shiny|100/100
|switch|p2a: Hoopa|Hoopa-Unbound|100/100
|-enditem|p1a: Iron Hands|Booster Energy
|-activate|p1a: Iron Hands|ability: Quark Drive|[fromitem]
|-start|p1a: Iron Hands|quarkdriveatk
|turn|1
|
|t:|1759049716
|switch|p2a: Clodsire|Clodsire, F|100/100
|move|p1a: Iron Hands|Close Combat|p2a: Clodsire
|-resisted|p2a: Clodsire
|-damage|p2a: Clodsire|67/100
|-unboost|p1a: Iron Hands|def|1
|-unboost|p1a: Iron Hands|spd|1
|-damage|p1a: Iron Hands|84/100|[from] item: Rocky Helmet|[of] p2a: Clodsire
|
|upkeep
|turn|2
|
|t:|1759049718
|move|p1a: Iron Hands|Ice Punch|p2a: Clodsire
|-supereffective|p2a: Clodsire
|-damage|p2a: Clodsire|7/100
|-damage|p1a: Iron Hands|67/100|[from] item: Rocky Helmet|[of] p2a: Clodsire
|move|p2a: Clodsire|Earthquake|p1a: Iron Hands
|-supereffective|p1a: Iron Hands
|-damage|p1a: Iron Hands|7/100
|
|upkeep
|turn|3
|j| amimec
|
|t:|1759049733
|move|p1a: Iron Hands|Ice Punch|p2a: Clodsire
|-supereffective|p2a: Clodsire
|-damage|p2a: Clodsire|0 fnt
|-damage|p1a: Iron Hands|0 fnt|[from] item: Rocky Helmet|[of] p2a: Clodsire
|faint|p2a: Clodsire
|faint|p1a: Iron Hands
|-end|p1a: Iron Hands|Quark Drive|[silent]
|
|upkeep
|j| Jasonthebaboon
|
|t:|1759049744
|switch|p1a: Mimikyu|Mimikyu, F, shiny|100/100
|switch|p2a: Hoopa|Hoopa-Unbound|100/100
|turn|4
|l| Jasonthebaboon
|
|t:|1759049748
|move|p1a: Mimikyu|Curse|p2a: Hoopa
|-start|p2a: Hoopa|Curse|[of] p1a: Mimikyu
|-damage|p1a: Mimikyu|50/100
|move|p2a: Hoopa|Knock Off|p1a: Mimikyu
|-activate|p1a: Mimikyu|ability: Disguise
|-damage|p1a: Mimikyu|50/100
|-enditem|p1a: Mimikyu|Red Card|[from] move: Knock Off|[of] p2a: Hoopa
|detailschange|p1a: Mimikyu|Mimikyu-Busted, F, shiny
|-damage|p1a: Mimikyu|38/100|[from] pokemon: Mimikyu-Busted
|
|-damage|p2a: Hoopa|76/100|[from] Curse
|upkeep
|turn|5
|
|t:|1759049762
|move|p2a: Hoopa|Psychic Noise|p1a: Mimikyu
|-damage|p1a: Mimikyu|0 fnt
|faint|p1a: Mimikyu
|
|-damage|p2a: Hoopa|51/100|[from] Curse
|upkeep
|j| locked in bro
|
|t:|1759049766
|switch|p1a: Hoopa|Hoopa-Unbound|100/100
|turn|6
|
|t:|1759049771
|move|p2a: Hoopa|Knock Off|p1a: Hoopa
|-damage|p1a: Hoopa|47/100
|-enditem|p1a: Hoopa|Psychic Seed|[from] move: Knock Off|[of] p2a: Hoopa
|move|p1a: Hoopa|Trick Room|p1a: Hoopa
|-fieldstart|move: Trick Room|[of] p1a: Hoopa
|
|-damage|p2a: Hoopa|26/100|[from] Curse
|upkeep
|turn|7
|
|t:|1759049798
|switch|p1a: Indeedee|Indeedee, M|100/100
|-fieldstart|move: Psychic Terrain|[from] ability: Psychic Surge|[of] p1a: Indeedee
|move|p2a: Hoopa|Knock Off|p1a: Indeedee
|-supereffective|p1a: Indeedee
|-damage|p1a: Indeedee|8/100
|-enditem|p1a: Indeedee|Terrain Extender|[from] move: Knock Off|[of] p2a: Hoopa
|
|-damage|p2a: Hoopa|1/100|[from] Curse
|upkeep
|turn|8
|
|t:|1759049810
|move|p2a: Hoopa|Knock Off|p1a: Indeedee
|-supereffective|p1a: Indeedee
|-damage|p1a: Indeedee|0 fnt
|faint|p1a: Indeedee
|
|-damage|p2a: Hoopa|0 fnt|[from] Curse
|faint|p2a: Hoopa
|upkeep
|j| idjdkdkdkfi
|inactive|ADM02 has 120 seconds left.
|
|t:|1759049821
|switch|p2a: Clefable|Clefable, M|100/100
|switch|p1a: Hatterene|Hatterene, F, shiny|100/100
|turn|9
|j| wgw2333
|
|t:|1759049827
|move|p1a: Hatterene|Expanding Force|p2a: Clefable
|-damage|p2a: Clefable|0 fnt
|faint|p2a: Clefable
|-damage|p1a: Hatterene|91/100|[from] item: Life Orb
|
|upkeep
|j| catarina valentine
|
|t:|1759049836
|switch|p2a: Dragonite|Dragonite, M|100/100
|turn|10
|
|t:|1759049842
|move|p1a: Hatterene|Expanding Force|p2a: Dragonite
|-crit|p2a: Dragonite
|-damage|p2a: Dragonite|6/100
|-damage|p1a: Hatterene|81/100|[from] item: Life Orb
|move|p2a: Dragonite|Earthquake|p1a: Hatterene
|-damage|p1a: Hatterene|39/100
|
|-fieldend|move: Trick Room
|upkeep
|turn|11
|
|t:|1759049860
|move|p2a: Dragonite|Earthquake|p1a: Hatterene
|-damage|p1a: Hatterene|0 fnt
|faint|p1a: Hatterene
|
|upkeep
|
|t:|1759049863
|switch|p1a: Hoopa|Hoopa-Unbound|47/100
|turn|12
|
|t:|1759049865
|move|p2a: Dragonite|Earthquake|p1a: Hoopa
|-damage|p1a: Hoopa|0 fnt
|faint|p1a: Hoopa
|
|upkeep
|
|t:|1759049867
|switch|p1a: Ursaluna|Ursaluna, F|100/100
|turn|13
|
|t:|1759049872
|move|p2a: Dragonite|Earthquake|p1a: Ursaluna
|-damage|p1a: Ursaluna|72/100
|move|p1a: Ursaluna|Facade|p2a: Dragonite
|-damage|p2a: Dragonite|0 fnt
|faint|p2a: Dragonite
|
|-status|p1a: Ursaluna|brn|[from] item: Flame Orb
|upkeep
|
|t:|1759049885
|switch|p2a: Salamence|Salamence, F|100/100
|-ability|p2a: Salamence|Intimidate|boost
|-unboost|p1a: Ursaluna|atk|1
|turn|14
|
|t:|1759049899
|move|p2a: Salamence|Air Slash|p1a: Ursaluna
|-damage|p1a: Ursaluna|49/100 brn
|move|p1a: Ursaluna|Headlong Rush|p2a: Salamence
|-immune|p2a: Salamence
|
|-damage|p1a: Ursaluna|43/100 brn|[from] brn
|-fieldend|move: Psychic Terrain
|upkeep
|turn|15
|
|t:|1759049904
|move|p2a: Salamence|Air Slash|p1a: Ursaluna
|-crit|p1a: Ursaluna
|-damage|p1a: Ursaluna|9/100 brn
|move|p1a: Ursaluna|Ice Punch|p2a: Salamence
|-supereffective|p2a: Salamence
|-damage|p2a: Salamence|14/100
|
|-damage|p1a: Ursaluna|3/100 brn|[from] brn
|upkeep
|turn|16
|l| idjdkdkdkfi
|
|t:|1759049912
|move|p2a: Salamence|Flamethrower|p1a: Ursaluna
|-damage|p1a: Ursaluna|0 fnt
|faint|p1a: Ursaluna
|
|win|ADM02
|raw|lt124yh 925's rating: 1743 &rarr; <strong>1729</strong><br />(-14 for losing)
|raw|ADM02's rating: 1853 &rarr; <strong>1867</strong><br />(+14 for winning)
|c|☆lt124yh 925|gg
|l| catarina valentine
|l|☆lt124yh 925
|player|p1|
|l| wgw2333
|l| amimec
