|j|☆cremitafacial69
|j|☆aroundthenatdex
|t:|1758937190
|gametype|singles
|player|p1|cremitafacial69|shadowtriad|1174
|player|p2|aroundthenatdex|266|1126
|gen|9
|tier|[Gen 9] OU
|rated|
|rule|HP Percentage Mod: HP is shown in percentages
|rule|Endless Battle Clause: Forcing endless battles is banned
|rule|Species Clause: Limit one of each Pokémon
|rule|OHKO Clause: OHKO moves are banned
|rule|Evasion Items Clause: Evasion items are banned
|rule|Evasion Moves Clause: Evasion moves are banned
|rule|Evasion Abilities Clause: Evasion abilities are banned
|rule|Sleep Moves Clause: Sleep-inducing moves are banned
|clearpoke
|poke|p1|Incineroar, M|
|poke|p1|Wo-Chien|
|poke|p1|Ceruledge, M|
|poke|p1|Thundurus-Therian, M|
|poke|p1|Dragapult, F|
|poke|p1|Donphan, M|
|poke|p2|Scizor, F|
|poke|p2|Slowking, F|
|poke|p2|Azumarill, F|
|poke|p2|Meganium, M|
|poke|p2|Gligar, M|
|poke|p2|Hitmontop, M|
|teampreview
|inactive|Battle timer is ON: inactive players will automatically lose when time's up. (requested by cremitafacial69)
|
|t:|1758937200
|teamsize|p1|6
|teamsize|p2|6
|start
|switch|p1a: Dragapult|Dragapult, F, shiny|100/100
|switch|p2a: Scizor|Scizor, F|100/100
|turn|1
|
|t:|1758937211
|switch|p1a: Donphan|Donphan, M, shiny|100/100
|move|p2a: Scizor|Knock Off|p1a: Donphan
|-damage|p1a: Donphan|78/100
|-damage|p2a: Scizor|84/100|[from] item: Rocky Helmet|[of] p1a: Donphan
|-enditem|p1a: Donphan|Rocky Helmet|[from] move: Knock Off|[of] p2a: Scizor
|
|upkeep
|turn|2
|
|t:|1758937224
|move|p2a: Scizor|U-turn|p1a: Donphan
|-damage|p1a: Donphan|54/100
|
|t:|1758937228
|switch|p2a: Azumarill|Azumarill, F|100/100|[from] U-turn
|move|p1a: Donphan|Stealth Rock|p2a: Azumarill
|-sidestart|p2: aroundthenatdex|move: Stealth Rock
|
|upkeep
|turn|3
|
|t:|1758937240
|switch|p1a: Incineroar|Incineroar, M|100/100
|-ability|p1a: Incineroar|Intimidate|boost
|-unboost|p2a: Azumarill|atk|1
|move|p2a: Azumarill|Play Rough|p1a: Incineroar
|-damage|p1a: Incineroar|53/100
|
|upkeep
|turn|4
|
|t:|1758937257
|switch|p2a: Hitmontop|Hitmontop, M|100/100
|-damage|p2a: Hitmontop|95/100|[from] Stealth Rock
|-ability|p2a: Hitmontop|Intimidate|boost
|-unboost|p1a: Incineroar|atk|1
|move|p1a: Incineroar|Fake Out|p2a: Hitmontop
|-damage|p2a: Hitmontop|88/100
|
|-heal|p2a: Hitmontop|94/100|[from] item: Leftovers
|upkeep
|turn|5
|
|t:|1758937266
|switch|p1a: Ceruledge|Ceruledge, M|100/100
|move|p2a: Hitmontop|Triple Axel|p1a: Ceruledge
|-resisted|p1a: Ceruledge
|-damage|p1a: Ceruledge|97/100
|-ability|p1a: Ceruledge|Weak Armor|boost
|-unboost|p1a: Ceruledge|def|1
|-boost|p1a: Ceruledge|spe|2
|-resisted|p1a: Ceruledge
|-damage|p1a: Ceruledge|88/100
|-ability|p1a: Ceruledge|Weak Armor|boost
|-unboost|p1a: Ceruledge|def|1
|-boost|p1a: Ceruledge|spe|2
|-resisted|p1a: Ceruledge
|-damage|p1a: Ceruledge|70/100
|-ability|p1a: Ceruledge|Weak Armor|boost
|-unboost|p1a: Ceruledge|def|1
|-boost|p1a: Ceruledge|spe|2
|-hitcount|p1a: Ceruledge|3
|
|-heal|p2a: Hitmontop|99/100|[from] item: Leftovers
|upkeep
|turn|6
|
|t:|1758937282
|switch|p2a: Gligar|Gligar, M|100/100
|-damage|p2a: Gligar|88/100|[from] Stealth Rock
|-terastallize|p1a: Ceruledge|Water
|move|p1a: Ceruledge|Swords Dance|p1a: Ceruledge
|-boost|p1a: Ceruledge|atk|2
|
|upkeep
|turn|7
|
|t:|1758937290
|move|p1a: Ceruledge|Bitter Blade|p2a: Gligar
|-damage|p2a: Gligar|22/100
|-heal|p1a: Ceruledge|100/100|[from] drain|[of] p2a: Gligar
|move|p2a: Gligar|U-turn|p1a: Ceruledge
|-damage|p1a: Ceruledge|53/100
|-ability|p1a: Ceruledge|Weak Armor|boost
|-unboost|p1a: Ceruledge|def|1
|
|t:|1758937296
|switch|p2a: Hitmontop|Hitmontop, M|99/100|[from] U-turn
|-damage|p2a: Hitmontop|94/100|[from] Stealth Rock
|-ability|p2a: Hitmontop|Intimidate|boost
|-unboost|p1a: Ceruledge|atk|1
|
|-heal|p2a: Hitmontop|99/100|[from] item: Leftovers
|upkeep
|turn|8
|
|t:|1758937303
|move|p1a: Ceruledge|Bitter Blade|p2a: Hitmontop
|-damage|p2a: Hitmontop|34/100
|-heal|p1a: Ceruledge|87/100|[from] drain|[of] p2a: Hitmontop
|move|p2a: Hitmontop|Close Combat|p1a: Ceruledge
|-damage|p1a: Ceruledge|0 fnt
|-unboost|p2a: Hitmontop|def|1
|-unboost|p2a: Hitmontop|spd|1
|faint|p1a: Ceruledge
|
|-heal|p2a: Hitmontop|39/100|[from] item: Leftovers
|upkeep
|
|t:|1758937312
|switch|p1a: Dragapult|Dragapult, F, shiny|100/100
|turn|9
|
|t:|1758937319
|move|p2a: Hitmontop|Bullet Punch|p1a: Dragapult
|-damage|p1a: Dragapult|89/100
|move|p1a: Dragapult|Will-O-Wisp|p2a: Hitmontop|[miss]
|-miss|p1a: Dragapult|p2a: Hitmontop
|
|-heal|p2a: Hitmontop|45/100|[from] item: Leftovers
|upkeep
|turn|10
|
|t:|1758937343
|move|p1a: Dragapult|Light Screen|p1a: Dragapult
|-sidestart|p1: cremitafacial69|move: Light Screen
|move|p2a: Hitmontop|Triple Axel|p1a: Dragapult
|-supereffective|p1a: Dragapult
|-damage|p1a: Dragapult|77/100
|-supereffective|p1a: Dragapult
|-damage|p1a: Dragapult|55/100
|-supereffective|p1a: Dragapult
|-damage|p1a: Dragapult|23/100
|-hitcount|p1a: Dragapult|3
|
|-heal|p2a: Hitmontop|51/100|[from] item: Leftovers
|upkeep
|turn|11
|
|t:|1758937358
|switch|p1a: Thundurus|Thundurus-Therian, M, shiny|100/100
|move|p2a: Hitmontop|Bullet Punch|p1a: Thundurus
|-resisted|p1a: Thundurus
|-damage|p1a: Thundurus|94/100
|
|-heal|p2a: Hitmontop|57/100|[from] item: Leftovers
|upkeep
|turn|12
|
|t:|1758937377
|move|p1a: Thundurus|Psychic|p2a: Hitmontop
|-supereffective|p2a: Hitmontop
|-damage|p2a: Hitmontop|0 fnt
|faint|p2a: Hitmontop
|
|upkeep
|
|t:|1758937382
|switch|p2a: Meganium|Meganium, M|100/100
|-damage|p2a: Meganium|88/100|[from] Stealth Rock
|turn|13
|
|t:|1758937401
|move|p1a: Thundurus|Psychic|p2a: Meganium
|-damage|p2a: Meganium|38/100
|-unboost|p2a: Meganium|spd|1
|move|p2a: Meganium|Leech Seed|p1a: Thundurus
|-start|p1a: Thundurus|move: Leech Seed
|
|-heal|p2a: Meganium|44/100|[from] item: Leftovers
|-damage|p1a: Thundurus|81/100|[from] Leech Seed|[of] p2a: Meganium
|-heal|p2a: Meganium|54/100|[silent]
|upkeep
|turn|14
|inactive|aroundthenatdex has 120 seconds left.
|
|t:|1758937455
|switch|p1a: Wo-Chien|Wo-Chien|100/100
|-ability|p1a: Wo-Chien|Tablets of Ruin
|switch|p2a: Scizor|Scizor, F|84/100
|-damage|p2a: Scizor|72/100|[from] Stealth Rock
|
|upkeep
|turn|15
|
|t:|1758937467
|switch|p1a: Donphan|Donphan, M, shiny|54/100
|move|p2a: Scizor|U-turn|p1a: Donphan
|-damage|p1a: Donphan|27/100
|
|t:|1758937474
|switch|p2a: Meganium|Meganium, M|54/100|[from] U-turn
|-damage|p2a: Meganium|42/100|[from] Stealth Rock
|
|-heal|p2a: Meganium|48/100|[from] item: Leftovers
|upkeep
|turn|16
|
|t:|1758937482
|move|p1a: Donphan|Ice Shard|p2a: Meganium
|-supereffective|p2a: Meganium
|-damage|p2a: Meganium|28/100
|move|p2a: Meganium|Leech Seed|p1a: Donphan
|-start|p1a: Donphan|move: Leech Seed
|
|-heal|p2a: Meganium|34/100|[from] item: Leftovers
|-damage|p1a: Donphan|14/100|[from] Leech Seed|[of] p2a: Meganium
|-heal|p2a: Meganium|47/100|[silent]
|upkeep
|turn|17
|
|t:|1758937497
|move|p2a: Meganium|Giga Drain|p1a: Donphan
|-supereffective|p1a: Donphan
|-damage|p1a: Donphan|0 fnt
|-heal|p2a: Meganium|54/100|[from] drain|[of] p1a: Donphan
|faint|p1a: Donphan
|
|-heal|p2a: Meganium|60/100|[from] item: Leftovers
|-sideend|p1: cremitafacial69|move: Light Screen
|upkeep
|
|t:|1758937505
|switch|p1a: Incineroar|Incineroar, M|53/100
|-ability|p1a: Incineroar|Intimidate|boost
|-unboost|p2a: Meganium|atk|1
|turn|18
|
|t:|1758937516
|move|p1a: Incineroar|Knock Off|p2a: Meganium
|-damage|p2a: Meganium|34/100
|-enditem|p2a: Meganium|Leftovers|[from] move: Knock Off|[of] p1a: Incineroar
|move|p2a: Meganium|Counter|p1a: Incineroar
|-damage|p1a: Incineroar|0 fnt
|faint|p1a: Incineroar
|
|upkeep
|
|t:|1758937527
|switch|p1a: Thundurus|Thundurus-Therian, M, shiny|81/100
|turn|19
|
|t:|1758937535
|move|p1a: Thundurus|Sludge Bomb|p2a: Meganium
|-supereffective|p2a: Meganium
|-damage|p2a: Meganium|0 fnt
|faint|p2a: Meganium
|
|upkeep
|inactive|aroundthenatdex has 120 seconds left.
|
|t:|1758937577
|switch|p2a: Scizor|Scizor, F|72/100
|-damage|p2a: Scizor|59/100|[from] Stealth Rock
|turn|20
|inactive|aroundthenatdex has 120 seconds left.
|
|t:|1758937585
|switch|p1a: Dragapult|Dragapult, F, shiny|23/100
|move|p2a: Scizor|Knock Off|p1a: Dragapult
|-supereffective|p1a: Dragapult
|-damage|p1a: Dragapult|0 fnt
|-enditem|p1a: Dragapult|Light Clay|[from] move: Knock Off|[of] p2a: Scizor
|faint|p1a: Dragapult
|
|upkeep
|
|t:|1758937593
|switch|p1a: Thundurus|Thundurus-Therian, M, shiny|81/100
|turn|21
|
|t:|1758937600
|switch|p2a: Gligar|Gligar, M|22/100
|-damage|p2a: Gligar|10/100|[from] Stealth Rock
|move|p1a: Thundurus|Discharge|p2a: Gligar
|-immune|p2a: Gligar
|
|upkeep
|turn|22
|
|t:|1758937607
|switch|p1a: Wo-Chien|Wo-Chien|100/100
|-ability|p1a: Wo-Chien|Tablets of Ruin
|move|p2a: Gligar|Toxic|p1a: Wo-Chien
|-status|p1a: Wo-Chien|tox
|
|-damage|p1a: Wo-Chien|94/100 tox|[from] psn
|upkeep
|turn|23
|
|t:|1758937618
|move|p2a: Gligar|Stealth Rock|p1a: Wo-Chien
|-sidestart|p1: cremitafacial69|move: Stealth Rock
|move|p1a: Wo-Chien|Giga Drain|p2a: Gligar
|-damage|p2a: Gligar|0 fnt
|-heal|p1a: Wo-Chien|99/100 tox|[from] drain|[of] p2a: Gligar
|faint|p2a: Gligar
|
|-heal|p1a: Wo-Chien|100/100 tox|[from] item: Leftovers
|-damage|p1a: Wo-Chien|88/100 tox|[from] psn
|upkeep
|
|t:|1758937632
|switch|p2a: Scizor|Scizor, F|59/100
|-damage|p2a: Scizor|47/100|[from] Stealth Rock
|turn|24
|
|t:|1758937639
|move|p2a: Scizor|U-turn|p1a: Wo-Chien
|-supereffective|p1a: Wo-Chien
|-damage|p1a: Wo-Chien|0 fnt
|faint|p1a: Wo-Chien
|
|t:|1758937643
|switch|p2a: Slowking|Slowking, F|100/100|[from] U-turn
|
|upkeep
|
|t:|1758937646
|switch|p1a: Thundurus|Thundurus-Therian, M, shiny|81/100
|-damage|p1a: Thundurus|56/100|[from] Stealth Rock
|turn|25
|
|t:|1758937653
|move|p1a: Thundurus|Discharge|p2a: Slowking
|-supereffective|p2a: Slowking
|-damage|p2a: Slowking|0 fnt
|faint|p2a: Slowking
|
|upkeep
|
|t:|1758937656
|switch|p2a: Azumarill|Azumarill, F|100/100
|-damage|p2a: Azumarill|88/100|[from] Stealth Rock
|turn|26
|
|t:|1758937661
|move|p2a: Azumarill|Aqua Jet|p1a: Thundurus
|-damage|p1a: Thundurus|0 fnt
|faint|p1a: Thundurus
|
|win|aroundthenatdex
|raw|cremitafacial69's rating: 1174 &rarr; <strong>1146</strong><br />(-28 for losing)
|raw|aroundthenatdex's rating: 1126 &rarr; <strong>1154</strong><br />(+28 for winning)
|l|☆cremitafacial69
|player|p1|
|l|☆aroundthenatdex
|player|p2|
