|j|☆noodle10101
|j|‽Dominicano 55
|t:|1759012190
|gametype|singles
|player|p1|noodle10101|2|1360
|player|p2|Dominicano 55|170|1276
|gen|9
|tier|[Gen 9] OU
|rated|
|rule|HP Percentage Mod: HP is shown in percentages
|rule|Endless Battle Clause: Forcing endless battles is banned
|rule|Species Clause: Limit one of each Pokémon
|rule|OHKO Clause: OHKO moves are banned
|rule|Evasion Items Clause: Evasion items are banned
|rule|Evasion Moves Clause: Evasion moves are banned
|rule|Evasion Abilities Clause: Evasion abilities are banned
|rule|Sleep Moves Clause: Sleep-inducing moves are banned
|clearpoke
|poke|p1|Glastrier|
|poke|p1|Slowking-Galar, M|
|poke|p1|Vikavolt, F|
|poke|p1|Kingambit, F|
|poke|p1|Ting-Lu|
|poke|p1|Florges, F|
|poke|p2|Lokix, M|
|poke|p2|Dragapult, M|
|poke|p2|Toedscruel, M|
|poke|p2|Gyarados, F|
|poke|p2|Rotom-Heat|
|poke|p2|Revavroom, M|
|teampreview
|
|t:|1759012217
|teamsize|p1|6
|teamsize|p2|6
|start
|switch|p1a: Vikavolt|Vikavolt, F|100/100
|switch|p2a: Gyarados|Gyarados, F|100/100
|turn|1
|
|t:|1759012227
|-terastallize|p2a: Gyarados|Ground
|move|p2a: Gyarados|Dragon Dance|p2a: Gyarados
|-boost|p2a: Gyarados|atk|1
|-boost|p2a: Gyarados|spe|1
|move|p1a: Vikavolt|Volt Switch|p2a: Gyarados
|-immune|p2a: Gyarados
|
|upkeep
|turn|2
|
|t:|1759012248
|switch|p1a: Ting-Lu|Ting-Lu|100/100
|-ability|p1a: Ting-Lu|Vessel of Ruin
|move|p2a: Gyarados|Waterfall|p1a: Ting-Lu
|-supereffective|p1a: Ting-Lu
|-damage|p1a: Ting-Lu|53/100
|-enditem|p1a: Ting-Lu|Red Card|[of] p2a: Gyarados
|drag|p2a: Dragapult|Dragapult, M|100/100
|
|upkeep
|turn|3
|
|t:|1759012265
|switch|p2a: Toedscruel|Toedscruel, M|100/100
|switch|p1a: Florges|Florges, F|100/100
|
|upkeep
|turn|4
|
|t:|1759012276
|move|p1a: Florges|Wish|p1a: Florges
|move|p2a: Toedscruel|Leech Seed|p1a: Florges
|-start|p1a: Florges|move: Leech Seed
|
|-damage|p1a: Florges|88/100|[from] Leech Seed|[of] p2a: Toedscruel
|upkeep
|turn|5
|
|t:|1759012283
|switch|p1a: Ting-Lu|Ting-Lu|53/100
|-ability|p1a: Ting-Lu|Vessel of Ruin
|move|p2a: Toedscruel|Leech Seed|p1a: Ting-Lu
|-start|p1a: Ting-Lu|move: Leech Seed
|
|-heal|p1a: Ting-Lu|88/100|[from] move: Wish|[wisher] Florges
|-damage|p1a: Ting-Lu|75/100|[from] Leech Seed|[of] p2a: Toedscruel
|upkeep
|turn|6
|
|t:|1759012301
|switch|p2a: Lokix|Lokix, M|100/100
|switch|p1a: Vikavolt|Vikavolt, F|100/100
|
|upkeep
|turn|7
|
|t:|1759012309
|move|p2a: Lokix|Knock Off|p1a: Vikavolt
|-damage|p1a: Vikavolt|31/100
|-enditem|p1a: Vikavolt|Choice Specs|[from] move: Knock Off|[of] p2a: Lokix
|move|p1a: Vikavolt|Bug Buzz|p2a: Lokix
|-supereffective|p2a: Lokix
|-damage|p2a: Lokix|0 fnt
|faint|p2a: Lokix
|
|upkeep
|
|t:|1759012317
|switch|p2a: Gyarados|Gyarados, F, tera:Ground|100/100
|turn|8
|
|t:|1759012322
|move|p2a: Gyarados|Dragon Dance|p2a: Gyarados
|-boost|p2a: Gyarados|atk|1
|-boost|p2a: Gyarados|spe|1
|move|p1a: Vikavolt|Energy Ball|p2a: Gyarados
|-supereffective|p2a: Gyarados
|-damage|p2a: Gyarados|25/100
|
|-heal|p2a: Gyarados|31/100|[from] item: Leftovers
|upkeep
|turn|9
|
|t:|1759012331
|move|p2a: Gyarados|Waterfall|p1a: Vikavolt
|-damage|p1a: Vikavolt|0 fnt
|faint|p1a: Vikavolt
|-ability|p2a: Gyarados|Moxie|boost
|-boost|p2a: Gyarados|atk|1
|
|-heal|p2a: Gyarados|37/100|[from] item: Leftovers
|upkeep
|
|t:|1759012340
|switch|p1a: Glastrier|Glastrier|100/100
|turn|10
|
|t:|1759012348
|switch|p2a: Rotom|Rotom-Heat|100/100
|move|p1a: Glastrier|Avalanche|p2a: Rotom
|-resisted|p2a: Rotom
|-damage|p2a: Rotom|85/100
|
|-heal|p2a: Rotom|92/100|[from] item: Leftovers
|upkeep
|turn|11
|
|t:|1759012360
|switch|p1a: Ting-Lu|Ting-Lu|75/100
|-ability|p1a: Ting-Lu|Vessel of Ruin
|move|p2a: Rotom|Will-O-Wisp|p1a: Ting-Lu
|-status|p1a: Ting-Lu|brn
|
|-heal|p2a: Rotom|98/100|[from] item: Leftovers
|-damage|p1a: Ting-Lu|69/100 brn|[from] brn
|upkeep
|turn|12
|
|t:|1759012372
|switch|p2a: Toedscruel|Toedscruel, M|100/100
|move|p1a: Ting-Lu|Stealth Rock|p2a: Toedscruel
|-sidestart|p2: Dominicano 55|move: Stealth Rock
|
|-damage|p1a: Ting-Lu|63/100 brn|[from] brn
|upkeep
|turn|13
|inactive|Battle timer is ON: inactive players will automatically lose when time's up. (requested by Dominicano 55)
|
|t:|1759012387
|switch|p1a: Kingambit|Kingambit, F|100/100
|-activate|p1a: Kingambit|ability: Supreme Overlord
|-start|p1a: Kingambit|fallen1|[silent]
|move|p2a: Toedscruel|Rapid Spin|p1a: Kingambit
|-resisted|p1a: Kingambit
|-damage|p1a: Kingambit|98/100
|-boost|p2a: Toedscruel|spe|1
|-sideend|p2: Dominicano 55|Stealth Rock|[from] move: Rapid Spin|[of] p2a: Toedscruel
|
|-heal|p1a: Kingambit|100/100|[from] item: Leftovers
|upkeep
|turn|14
|
|t:|1759012401
|move|p2a: Toedscruel|Earth Power|p1a: Kingambit
|-supereffective|p1a: Kingambit
|-damage|p1a: Kingambit|50/100
|-unboost|p1a: Kingambit|spd|1
|move|p1a: Kingambit|Kowtow Cleave|p2a: Toedscruel
|-damage|p2a: Toedscruel|30/100
|
|-heal|p1a: Kingambit|56/100|[from] item: Leftovers
|upkeep
|turn|15
|
|t:|1759012411
|-end|p1a: Kingambit|fallen1|[silent]
|switch|p1a: Florges|Florges, F|88/100
|move|p2a: Toedscruel|Leech Seed|p1a: Florges
|-start|p1a: Florges|move: Leech Seed
|
|-heal|p1a: Florges|94/100|[from] item: Leftovers
|-damage|p1a: Florges|82/100|[from] Leech Seed|[of] p2a: Toedscruel
|-heal|p2a: Toedscruel|42/100|[silent]
|upkeep
|turn|16
|
|t:|1759012425
|move|p2a: Toedscruel|Giga Drain|p1a: Florges
|-damage|p1a: Florges|71/100
|-heal|p2a: Toedscruel|47/100|[from] drain|[of] p1a: Florges
|move|p1a: Florges|Wish|p1a: Florges
|
|-heal|p1a: Florges|77/100|[from] item: Leftovers
|-damage|p1a: Florges|64/100|[from] Leech Seed|[of] p2a: Toedscruel
|-heal|p2a: Toedscruel|60/100|[silent]
|upkeep
|turn|17
|
|t:|1759012440
|switch|p1a: Kingambit|Kingambit, F|56/100
|-activate|p1a: Kingambit|ability: Supreme Overlord
|-start|p1a: Kingambit|fallen1|[silent]
|move|p2a: Toedscruel|Leech Seed|p1a: Kingambit
|-start|p1a: Kingambit|move: Leech Seed
|
|-heal|p1a: Kingambit|99/100|[from] move: Wish|[wisher] Florges
|-heal|p1a: Kingambit|100/100|[from] item: Leftovers
|-damage|p1a: Kingambit|88/100|[from] Leech Seed|[of] p2a: Toedscruel
|-heal|p2a: Toedscruel|74/100|[silent]
|upkeep
|turn|18
|
|t:|1759012453
|switch|p2a: Rotom|Rotom-Heat|98/100
|-end|p1a: Kingambit|fallen1|[silent]
|switch|p1a: Slowking|Slowking-Galar, M|100/100
|
|-heal|p2a: Rotom|100/100|[from] item: Leftovers
|upkeep
|turn|19
|
|t:|1759012463
|move|p2a: Rotom|Nasty Plot|p2a: Rotom
|-boost|p2a: Rotom|spa|2
|move|p1a: Slowking|Future Sight|p2a: Rotom
|-start|p1a: Slowking|move: Future Sight
|
|upkeep
|turn|20
|
|t:|1759012469
|move|p2a: Rotom|Nasty Plot|p2a: Rotom
|-boost|p2a: Rotom|spa|2
|move|p1a: Slowking|Trick Room|p1a: Slowking
|-fieldstart|move: Trick Room|[of] p1a: Slowking
|
|upkeep
|turn|21
|
|t:|1759012475
|move|p1a: Slowking|Sludge Bomb|p2a: Rotom
|-damage|p2a: Rotom|67/100
|move|p2a: Rotom|Overheat|p1a: Slowking
|-damage|p1a: Slowking|0 fnt
|-unboost|p2a: Rotom|spa|2
|faint|p1a: Slowking
|
|-end|p2a: Rotom|move: Future Sight
|-damage|p2a: Rotom|19/100
|-heal|p2a: Rotom|25/100|[from] item: Leftovers
|upkeep
|
|t:|1759012488
|switch|p1a: Kingambit|Kingambit, F|88/100
|-activate|p1a: Kingambit|ability: Supreme Overlord
|-start|p1a: Kingambit|fallen2|[silent]
|turn|22
|
|t:|1759012497
|move|p1a: Kingambit|Kowtow Cleave|p2a: Rotom
|-damage|p2a: Rotom|0 fnt
|faint|p2a: Rotom
|
|-heal|p1a: Kingambit|94/100|[from] item: Leftovers
|upkeep
|
|t:|1759012503
|switch|p2a: Revavroom|Revavroom, M|100/100
|turn|23
|
|t:|1759012519
|move|p1a: Kingambit|Swords Dance|p1a: Kingambit
|-boost|p1a: Kingambit|atk|2
|move|p2a: Revavroom|High Horsepower|p1a: Kingambit
|-supereffective|p1a: Kingambit
|-damage|p1a: Kingambit|53/100
|
|-heal|p1a: Kingambit|59/100|[from] item: Leftovers
|upkeep
|turn|24
|
|t:|1759012530
|move|p1a: Kingambit|Kowtow Cleave|p2a: Revavroom
|-damage|p2a: Revavroom|0 fnt
|faint|p2a: Revavroom
|
|-heal|p1a: Kingambit|65/100|[from] item: Leftovers
|-fieldend|move: Trick Room
|upkeep
|
|t:|1759012538
|switch|p2a: Dragapult|Dragapult, M|100/100
|turn|25
|
|t:|1759012543
|move|p2a: Dragapult|Flamethrower|p1a: Kingambit
|-supereffective|p1a: Kingambit
|-damage|p1a: Kingambit|9/100
|move|p1a: Kingambit|Kowtow Cleave|p2a: Dragapult
|-supereffective|p2a: Dragapult
|-damage|p2a: Dragapult|0 fnt
|faint|p2a: Dragapult
|
|-heal|p1a: Kingambit|15/100|[from] item: Leftovers
|upkeep
|
|t:|1759012552
|switch|p2a: Gyarados|Gyarados, F, tera:Ground|37/100
|turn|26
|
|t:|1759012556
|move|p1a: Kingambit|Sucker Punch|p2a: Gyarados
|-damage|p2a: Gyarados|0 fnt
|faint|p2a: Gyarados
|
|-heal|p1a: Kingambit|21/100|[from] item: Leftovers
|upkeep
|-message|Dominicano 55 forfeited.
|
|win|noodle10101
|raw|noodle10101's rating: 1360 &rarr; <strong>1375</strong><br />(+15 for winning)
|raw|Dominicano 55's rating: 1276 &rarr; <strong>1257</strong><br />(-19 for losing)
|l|‽Dominicano 55
|player|p2|
|l|☆noodle10101
|player|p1|
