|j|☆sowola
|j|☆All Max
|t:|1758970691
|gametype|singles
|player|p1|sowola|169|1215
|player|p2|All Max|unknown|1197
|gen|9
|tier|[Gen 9] OU
|rated|
|rule|HP Percentage Mod: HP is shown in percentages
|rule|Endless Battle Clause: Forcing endless battles is banned
|rule|Species Clause: Limit one of each Pokémon
|rule|OHKO Clause: OHKO moves are banned
|rule|Evasion Items Clause: Evasion items are banned
|rule|Evasion Moves Clause: Evasion moves are banned
|rule|Evasion Abilities Clause: Evasion abilities are banned
|rule|Sleep Moves Clause: Sleep-inducing moves are banned
|clearpoke
|poke|p1|Moltres-Galar|
|poke|p1|Skeledirge, M|
|poke|p1|Glimmora, F|
|poke|p1|Ursaring, F|
|poke|p1|Slowking, F|
|poke|p1|Zamazenta-*|
|poke|p2|Conkeldurr, F|
|poke|p2|Deoxys-Defense|
|poke|p2|Ting-Lu|
|poke|p2|Corviknight, M|
|poke|p2|Froslass, F|
|poke|p2|Lokix, F|
|teampreview
|inactive|Battle timer is ON: inactive players will automatically lose when time's up. (requested by All Max)
|
|t:|1758970709
|teamsize|p1|6
|teamsize|p2|6
|start
|switch|p1a: Ursaring|Ursaring, F, shiny|100/100
|switch|p2a: Conkeldurr|Conkeldurr, F|100/100
|turn|1
|
|t:|1758970716
|-terastallize|p1a: Ursaring|Fairy
|move|p2a: Conkeldurr|Dynamic Punch|p1a: Ursaring|[miss]
|-miss|p2a: Conkeldurr|p1a: Ursaring
|-enditem|p2a: Conkeldurr|Blunder Policy
|-boost|p2a: Conkeldurr|spe|2
|move|p1a: Ursaring|Bulk Up|p1a: Ursaring
|-boost|p1a: Ursaring|atk|1
|-boost|p1a: Ursaring|def|1
|
|upkeep
|turn|2
|
|t:|1758970725
|switch|p2a: Ting-Lu|Ting-Lu|100/100
|-ability|p2a: Ting-Lu|Vessel of Ruin
|move|p1a: Ursaring|Play Rough|p2a: Ting-Lu
|-supereffective|p2a: Ting-Lu
|-damage|p2a: Ting-Lu|42/100
|
|-heal|p2a: Ting-Lu|48/100|[from] item: Leftovers
|upkeep
|turn|3
|
|t:|1758970734
|-terastallize|p2a: Ting-Lu|Poison
|move|p1a: Ursaring|Play Rough|p2a: Ting-Lu
|-resisted|p2a: Ting-Lu
|-damage|p2a: Ting-Lu|33/100
|move|p2a: Ting-Lu|Whirlwind|p1a: Ursaring
|drag|p1a: Slowking|Slowking, F, shiny|100/100
|
|-heal|p2a: Ting-Lu|39/100|[from] item: Leftovers
|upkeep
|turn|4
|
|t:|1758970744
|move|p2a: Ting-Lu|Stealth Rock|p1a: Slowking
|-sidestart|p1: sowola|move: Stealth Rock
|move|p1a: Slowking|Psychic|p2a: Ting-Lu
|-supereffective|p2a: Ting-Lu
|-damage|p2a: Ting-Lu|12/100
|
|-heal|p2a: Ting-Lu|18/100|[from] item: Leftovers
|upkeep
|turn|5
|
|t:|1758970752
|switch|p2a: Lokix|Lokix, F|100/100
|move|p1a: Slowking|Nasty Plot|p1a: Slowking
|-boost|p1a: Slowking|spa|2
|
|upkeep
|turn|6
|
|t:|1758970764
|move|p2a: Lokix|Knock Off|p1a: Slowking
|-supereffective|p1a: Slowking
|-damage|p1a: Slowking|0 fnt
|-enditem|p1a: Slowking|Wide Lens|[from] move: Knock Off|[of] p2a: Lokix
|faint|p1a: Slowking
|
|upkeep
|
|t:|1758970771
|switch|p1a: Moltres|Moltres-Galar, shiny|100/100
|-damage|p1a: Moltres|75/100|[from] Stealth Rock
|turn|7
|
|t:|1758970775
|move|p2a: Lokix|Knock Off|p1a: Moltres
|-resisted|p1a: Moltres
|-damage|p1a: Moltres|21/100
|-enditem|p1a: Moltres|Leftovers|[from] move: Knock Off|[of] p2a: Lokix
|-ability|p1a: Moltres|Berserk|boost
|-boost|p1a: Moltres|spa|1
|move|p1a: Moltres|Air Slash|p2a: Lokix
|-supereffective|p2a: Lokix
|-damage|p2a: Lokix|0 fnt
|faint|p2a: Lokix
|
|upkeep
|
|t:|1758970786
|switch|p2a: Froslass|Froslass, F|100/100
|turn|8
|
|t:|1758970788
|move|p2a: Froslass|Blizzard|p1a: Moltres
|-supereffective|p1a: Moltres
|-damage|p1a: Moltres|0 fnt
|faint|p1a: Moltres
|
|upkeep
|
|t:|1758970793
|switch|p1a: Glimmora|Glimmora, F, shiny|100/100
|-damage|p1a: Glimmora|88/100|[from] Stealth Rock
|turn|9
|
|t:|1758970801
|move|p2a: Froslass|Curse|p1a: Glimmora
|-start|p1a: Glimmora|Curse|[of] p2a: Froslass
|-damage|p2a: Froslass|50/100
|-enditem|p2a: Froslass|Sitrus Berry|[eat]
|-heal|p2a: Froslass|75/100|[from] item: Sitrus Berry
|move|p1a: Glimmora|Mortal Spin|p2a: Froslass
|-resisted|p2a: Froslass
|-damage|p2a: Froslass|70/100
|-status|p2a: Froslass|psn
|-start|p1a: Glimmora|Disable|Mortal Spin|[from] ability: Cursed Body|[of] p2a: Froslass
|-sideend|p1: sowola|Stealth Rock|[from] move: Mortal Spin|[of] p1a: Glimmora
|
|-heal|p1a: Glimmora|94/100|[from] item: Black Sludge
|-damage|p2a: Froslass|58/100 psn|[from] psn
|-damage|p1a: Glimmora|69/100|[from] Curse
|upkeep
|turn|10
|
|t:|1758970816
|switch|p2a: Ting-Lu|Ting-Lu, tera:Poison|18/100
|-ability|p2a: Ting-Lu|Vessel of Ruin
|switch|p1a: Skeledirge|Skeledirge, M, shiny|100/100
|
|-heal|p2a: Ting-Lu|24/100|[from] item: Leftovers
|upkeep
|turn|11
|
|t:|1758970824
|move|p1a: Skeledirge|Torch Song|p2a: Ting-Lu
|-damage|p2a: Ting-Lu|12/100
|-boost|p1a: Skeledirge|spa|1
|move|p2a: Ting-Lu|Stealth Rock|p1a: Skeledirge
|-sidestart|p1: sowola|move: Stealth Rock
|
|-heal|p2a: Ting-Lu|18/100|[from] item: Leftovers
|upkeep
|turn|12
|
|t:|1758970831
|move|p1a: Skeledirge|Torch Song|p2a: Ting-Lu
|-damage|p2a: Ting-Lu|0 fnt
|-boost|p1a: Skeledirge|spa|1
|faint|p2a: Ting-Lu
|
|upkeep
|
|t:|1758970839
|switch|p2a: Froslass|Froslass, F|58/100 psn
|turn|13
|
|t:|1758970842
|move|p2a: Froslass|Destiny Bond|p2a: Froslass
|-singlemove|p2a: Froslass|Destiny Bond
|move|p1a: Skeledirge|Torch Song|p2a: Froslass
|-supereffective|p2a: Froslass
|-damage|p2a: Froslass|0 fnt
|-boost|p1a: Skeledirge|spa|1
|faint|p2a: Froslass
|-activate|p2a: Froslass|move: Destiny Bond
|faint|p1a: Skeledirge
|
|upkeep
|
|t:|1758970859
|switch|p2a: Deoxys|Deoxys-Defense|100/100
|switch|p1a: Glimmora|Glimmora, F, shiny|69/100
|-ability|p2a: Deoxys|Pressure
|-damage|p1a: Glimmora|57/100|[from] Stealth Rock
|turn|14
|
|t:|1758970867
|move|p2a: Deoxys|Iron Defense|p2a: Deoxys
|-boost|p2a: Deoxys|def|2
|move|p1a: Glimmora|Mortal Spin|p2a: Deoxys
|-damage|p2a: Deoxys|98/100
|-status|p2a: Deoxys|psn
|-sideend|p1: sowola|Stealth Rock|[from] move: Mortal Spin|[of] p1a: Glimmora
|
|-heal|p2a: Deoxys|100/100 psn|[from] item: Leftovers
|-heal|p1a: Glimmora|63/100|[from] item: Black Sludge
|-damage|p2a: Deoxys|88/100 psn|[from] psn
|upkeep
|turn|15
|
|t:|1758970878
|move|p2a: Deoxys|Calm Mind|p2a: Deoxys
|-boost|p2a: Deoxys|spa|1
|-boost|p2a: Deoxys|spd|1
|move|p1a: Glimmora|Power Gem|p2a: Deoxys
|-damage|p2a: Deoxys|74/100 psn
|
|-heal|p2a: Deoxys|80/100 psn|[from] item: Leftovers
|-heal|p1a: Glimmora|69/100|[from] item: Black Sludge
|-damage|p2a: Deoxys|68/100 psn|[from] psn
|upkeep
|turn|16
|
|t:|1758970888
|move|p2a: Deoxys|Recover|p2a: Deoxys
|-heal|p2a: Deoxys|100/100 psn
|move|p1a: Glimmora|Sludge Bomb|p2a: Deoxys
|-damage|p2a: Deoxys|83/100 psn
|
|-heal|p2a: Deoxys|89/100 psn|[from] item: Leftovers
|-heal|p1a: Glimmora|76/100|[from] item: Black Sludge
|-damage|p2a: Deoxys|76/100 psn|[from] psn
|upkeep
|turn|17
|
|t:|1758970897
|move|p1a: Glimmora|Spiky Shield|p1a: Glimmora
|-singleturn|p1a: Glimmora|move: Protect
|move|p2a: Deoxys|Calm Mind|p2a: Deoxys
|-boost|p2a: Deoxys|spa|1
|-boost|p2a: Deoxys|spd|1
|
|-heal|p2a: Deoxys|83/100 psn|[from] item: Leftovers
|-heal|p1a: Glimmora|82/100|[from] item: Black Sludge
|-damage|p2a: Deoxys|70/100 psn|[from] psn
|upkeep
|turn|18
|-message|sowola forfeited.
|
|win|All Max
|raw|sowola's rating: 1215 &rarr; <strong>1189</strong><br />(-26 for losing)
|raw|All Max's rating: 1197 &rarr; <strong>1223</strong><br />(+26 for winning)
|l|☆sowola
|player|p1|
|l|☆All Max
|player|p2|
