|badge|p1|bronze|gen9ou|100-6
|html|<div class="broadcast-red"><strong>This battle is required to be public due to one or more player having a season medal.</strong><br />During the public phase, you can discuss the state of the ladder <a href="/seasondiscussion">in a special chatroom.</a></div>
|uhtml|medal-msg|<div class="broadcast-blue">Curious what those medals under the avatar are? PS now has Ladder Seasons! For more information, check out the <a href="https://www.smogon.com/forums/threads/3740067/">thread on Smogon.</a></div>
|j|☆healorant
|j|☆Sunshinne
|t:|1759052485
|gametype|singles
|player|p1|healorant|alder|1806
|player|p2|Sunshinne|caitlin|1675
|gen|9
|tier|[Gen 9] OU
|rated|
|rule|HP Percentage Mod: HP is shown in percentages
|rule|Endless Battle Clause: Forcing endless battles is banned
|rule|Species Clause: Limit one of each Pokémon
|rule|OHKO Clause: OHKO moves are banned
|rule|Evasion Items Clause: Evasion items are banned
|rule|Evasion Moves Clause: Evasion moves are banned
|rule|Evasion Abilities Clause: Evasion abilities are banned
|rule|Sleep Moves Clause: Sleep-inducing moves are banned
|clearpoke
|poke|p1|Hydrapple, F|
|poke|p1|Gholdengo|
|poke|p1|Samurott-Hisui, F|
|poke|p1|Ting-Lu|
|poke|p1|Tornadus-Therian, M|
|poke|p1|Zamazenta-*|
|poke|p2|Ribombee, F|
|poke|p2|Glimmora, M|
|poke|p2|Manaphy|
|poke|p2|Zamazenta-*|
|poke|p2|Gholdengo|
|poke|p2|Kingambit, F|
|teampreview
|inactive|Battle timer is ON: inactive players will automatically lose when time's up. (requested by Sunshinne)
|j| locked in bro
|
|t:|1759052503
|teamsize|p1|6
|teamsize|p2|6
|start
|switch|p1a: Ting-Lu|Ting-Lu|100/100
|switch|p2a: Ribombee|Ribombee, F|100/100
|-ability|p1a: Ting-Lu|Vessel of Ruin
|turn|1
|
|t:|1759052507
|move|p2a: Ribombee|Sticky Web|p1a: Ting-Lu
|-sidestart|p1: healorant|move: Sticky Web
|move|p1a: Ting-Lu|Stealth Rock|p2a: Ribombee
|-sidestart|p2: Sunshinne|move: Stealth Rock
|
|upkeep
|turn|2
|
|t:|1759052510
|move|p2a: Ribombee|Stun Spore|p1a: Ting-Lu
|-status|p1a: Ting-Lu|par
|move|p1a: Ting-Lu|Whirlwind|p2a: Ribombee
|drag|p2a: Gholdengo|Gholdengo|100/100
|-damage|p2a: Gholdengo|94/100|[from] Stealth Rock
|-item|p2a: Gholdengo|Air Balloon
|
|upkeep
|turn|3
|
|t:|1759052522
|switch|p2a: Manaphy|Manaphy|100/100
|-damage|p2a: Manaphy|88/100|[from] Stealth Rock
|move|p1a: Ting-Lu|Ruination|p2a: Manaphy
|-damage|p2a: Manaphy|44/100
|
|-heal|p2a: Manaphy|51/100|[from] item: Leftovers
|upkeep
|turn|4
|
|t:|1759052529
|move|p2a: Manaphy|Tail Glow|p2a: Manaphy
|-boost|p2a: Manaphy|spa|3
|move|p1a: Ting-Lu|Whirlwind|p2a: Manaphy
|drag|p2a: Zamazenta|Zamazenta|100/100
|-damage|p2a: Zamazenta|94/100|[from] Stealth Rock
|-ability|p2a: Zamazenta|Dauntless Shield|boost
|-boost|p2a: Zamazenta|def|1
|
|upkeep
|turn|5
|
|t:|1759052533
|switch|p1a: Hydrapple|Hydrapple, F|100/100
|move|p2a: Zamazenta|Body Press|p1a: Hydrapple
|-damage|p1a: Hydrapple|67/100
|
|upkeep
|turn|6
|
|t:|1759052540
|move|p2a: Zamazenta|Body Press|p1a: Hydrapple
|-damage|p1a: Hydrapple|36/100
|move|p1a: Hydrapple|Fickle Beam|p2a: Zamazenta
|-damage|p2a: Zamazenta|63/100
|
|upkeep
|turn|7
|
|t:|1759052545
|switch|p1a: Tornadus|Tornadus-Therian, M|100/100
|move|p2a: Zamazenta|Body Press|p1a: Tornadus
|-resisted|p1a: Tornadus
|-damage|p1a: Tornadus|71/100
|
|upkeep
|turn|8
|
|t:|1759052550
|switch|p1a: Hydrapple|Hydrapple, F|69/100
|move|p2a: Zamazenta|Stone Edge|p1a: Hydrapple
|-damage|p1a: Hydrapple|53/100
|
|upkeep
|turn|9
|
|t:|1759052554
|move|p2a: Zamazenta|Body Press|p1a: Hydrapple
|-damage|p1a: Hydrapple|24/100
|move|p1a: Hydrapple|Giga Drain|p2a: Zamazenta
|-damage|p2a: Zamazenta|36/100
|-heal|p1a: Hydrapple|35/100|[from] drain|[of] p2a: Zamazenta
|
|upkeep
|turn|10
|
|t:|1759052571
|switch|p1a: Tornadus|Tornadus-Therian, M|100/100
|move|p2a: Zamazenta|Body Press|p1a: Tornadus
|-resisted|p1a: Tornadus
|-damage|p1a: Tornadus|68/100
|
|upkeep
|turn|11
|
|t:|1759052576
|switch|p1a: Hydrapple|Hydrapple, F|68/100
|move|p2a: Zamazenta|Body Press|p1a: Hydrapple
|-damage|p1a: Hydrapple|38/100
|
|upkeep
|turn|12
|
|t:|1759052579
|move|p2a: Zamazenta|Body Press|p1a: Hydrapple
|-damage|p1a: Hydrapple|6/100
|move|p1a: Hydrapple|Fickle Beam|p2a: Zamazenta|[anim] Fickle Beam All Out
|-activate|p1a: Hydrapple|move: Fickle Beam
|-damage|p2a: Zamazenta|0 fnt
|faint|p2a: Zamazenta
|
|upkeep
|
|t:|1759052583
|switch|p2a: Ribombee|Ribombee, F|100/100
|-damage|p2a: Ribombee|76/100|[from] Stealth Rock
|turn|13
|l| locked in bro
|
|t:|1759052586
|switch|p1a: Ting-Lu|Ting-Lu|100/100 par
|-activate|p1a: Ting-Lu|move: Sticky Web
|-unboost|p1a: Ting-Lu|spe|1
|-ability|p1a: Ting-Lu|Vessel of Ruin
|move|p2a: Ribombee|Psychic Noise|p1a: Ting-Lu
|-immune|p1a: Ting-Lu
|
|upkeep
|turn|14
|
|t:|1759052595
|move|p2a: Ribombee|Moonblast|p1a: Ting-Lu
|-supereffective|p1a: Ting-Lu
|-damage|p1a: Ting-Lu|71/100 par
|move|p1a: Ting-Lu|Ruination|p2a: Ribombee
|-damage|p2a: Ribombee|38/100
|
|-heal|p1a: Ting-Lu|77/100 par|[from] item: Leftovers
|upkeep
|turn|15
|
|t:|1759052601
|move|p2a: Ribombee|Moonblast|p1a: Ting-Lu
|-supereffective|p1a: Ting-Lu
|-damage|p1a: Ting-Lu|44/100 par
|move|p1a: Ting-Lu|Whirlwind|p2a: Ribombee
|drag|p2a: Kingambit|Kingambit, F|100/100
|-damage|p2a: Kingambit|94/100|[from] Stealth Rock
|-activate|p2a: Kingambit|ability: Supreme Overlord
|-start|p2a: Kingambit|fallen1|[silent]
|
|-heal|p2a: Kingambit|100/100|[from] item: Leftovers
|-heal|p1a: Ting-Lu|50/100 par|[from] item: Leftovers
|upkeep
|turn|16
|
|t:|1759052607
|-end|p2a: Kingambit|fallen1|[silent]
|switch|p2a: Ribombee|Ribombee, F|38/100
|-damage|p2a: Ribombee|13/100|[from] Stealth Rock
|move|p1a: Ting-Lu|Ruination|p2a: Ribombee
|-damage|p2a: Ribombee|7/100
|
|-heal|p1a: Ting-Lu|57/100 par|[from] item: Leftovers
|upkeep
|turn|17
|
|t:|1759052612
|move|p2a: Ribombee|Moonblast|p1a: Ting-Lu
|-supereffective|p1a: Ting-Lu
|-damage|p1a: Ting-Lu|25/100 par
|move|p1a: Ting-Lu|Earthquake|p2a: Ribombee
|-resisted|p2a: Ribombee
|-damage|p2a: Ribombee|0 fnt
|faint|p2a: Ribombee
|
|-heal|p1a: Ting-Lu|31/100 par|[from] item: Leftovers
|upkeep
|inactive|Sunshinne has 120 seconds left.
|
|t:|1759052647
|switch|p2a: Manaphy|Manaphy|51/100
|-damage|p2a: Manaphy|38/100|[from] Stealth Rock
|turn|18
|
|t:|1759052651
|move|p2a: Manaphy|Surf|p1a: Ting-Lu
|-supereffective|p1a: Ting-Lu
|-damage|p1a: Ting-Lu|0 fnt
|faint|p1a: Ting-Lu
|
|-heal|p2a: Manaphy|44/100|[from] item: Leftovers
|upkeep
|
|t:|1759052654
|switch|p1a: Samurott|Samurott-Hisui, F|100/100
|turn|19
|
|t:|1759052676
|move|p2a: Manaphy|Acid Armor|p2a: Manaphy
|-boost|p2a: Manaphy|def|2
|move|p1a: Samurott|Ceaseless Edge|p2a: Manaphy
|-damage|p2a: Manaphy|22/100
|-sidestart|p2: Sunshinne|Spikes
|
|-heal|p2a: Manaphy|28/100|[from] item: Leftovers
|upkeep
|turn|20
|
|t:|1759052682
|move|p2a: Manaphy|Tail Glow|p2a: Manaphy
|-boost|p2a: Manaphy|spa|3
|move|p1a: Samurott|Swords Dance|p1a: Samurott
|-boost|p1a: Samurott|atk|2
|
|-heal|p2a: Manaphy|34/100|[from] item: Leftovers
|upkeep
|turn|21
|
|t:|1759052688
|move|p2a: Manaphy|Surf|p1a: Samurott
|-resisted|p1a: Samurott
|-damage|p1a: Samurott|28/100
|move|p1a: Samurott|Ceaseless Edge|p2a: Manaphy
|-damage|p2a: Manaphy|0 fnt
|-sidestart|p2: Sunshinne|Spikes
|faint|p2a: Manaphy
|
|upkeep
|
|t:|1759052693
|switch|p2a: Glimmora|Glimmora, M|100/100
|-damage|p2a: Glimmora|88/100|[from] Stealth Rock
|-damage|p2a: Glimmora|72/100|[from] Spikes
|turn|22
|
|t:|1759052697
|move|p1a: Samurott|Sucker Punch|p2a: Glimmora
|-damage|p2a: Glimmora|0 fnt
|-activate|p2a: Glimmora|ability: Toxic Debris
|-sidestart|p1: healorant|move: Toxic Spikes
|faint|p2a: Glimmora
|
|upkeep
|
|t:|1759052700
|switch|p2a: Gholdengo|Gholdengo|94/100
|-damage|p2a: Gholdengo|88/100|[from] Stealth Rock
|-item|p2a: Gholdengo|Air Balloon
|turn|23
|
|t:|1759052703
|move|p1a: Samurott|Aqua Cutter|p2a: Gholdengo
|-damage|p2a: Gholdengo|0 fnt
|-enditem|p2a: Gholdengo|Air Balloon
|faint|p2a: Gholdengo
|
|upkeep
|
|t:|1759052706
|switch|p2a: Kingambit|Kingambit, F|100/100
|-damage|p2a: Kingambit|94/100|[from] Stealth Rock
|-damage|p2a: Kingambit|78/100|[from] Spikes
|-activate|p2a: Kingambit|ability: Supreme Overlord
|-start|p2a: Kingambit|fallen5|[silent]
|turn|24
|
|t:|1759052710
|move|p2a: Kingambit|Sucker Punch|p1a: Samurott
|-resisted|p1a: Samurott
|-damage|p1a: Samurott|0 fnt
|faint|p1a: Samurott
|
|-heal|p2a: Kingambit|84/100|[from] item: Leftovers
|upkeep
|
|t:|1759052711
|switch|p1a: Gholdengo|Gholdengo|100/100
|-activate|p1a: Gholdengo|move: Sticky Web
|-unboost|p1a: Gholdengo|spe|1
|turn|25
|
|t:|1759052715
|-terastallize|p2a: Kingambit|Fairy
|move|p1a: Gholdengo|Trick|p2a: Kingambit
|-activate|p1a: Gholdengo|move: Trick|[of] p2a: Kingambit
|-item|p2a: Kingambit|Choice Scarf|[from] move: Trick
|-item|p1a: Gholdengo|Leftovers|[from] move: Trick
|move|p2a: Kingambit|Kowtow Cleave|p1a: Gholdengo
|-supereffective|p1a: Gholdengo
|-damage|p1a: Gholdengo|0 fnt
|faint|p1a: Gholdengo
|
|upkeep
|
|t:|1759052734
|switch|p1a: Hydrapple|Hydrapple, F|40/100
|turn|26
|
|t:|1759052743
|move|p2a: Kingambit|Kowtow Cleave|p1a: Hydrapple
|-damage|p1a: Hydrapple|0 fnt
|faint|p1a: Hydrapple
|
|upkeep
|
|t:|1759052747
|switch|p1a: Tornadus|Tornadus-Therian, M|100/100
|turn|27
|
|t:|1759052749
|move|p1a: Tornadus|Bleakwind Storm|p2a: Kingambit
|-damage|p2a: Kingambit|45/100
|-unboost|p2a: Kingambit|spe|1
|move|p2a: Kingambit|Kowtow Cleave|p1a: Tornadus
|-damage|p1a: Tornadus|23/100
|
|upkeep
|turn|28
|
|t:|1759052756
|move|p1a: Tornadus|Tera Blast|p2a: Kingambit
|-damage|p2a: Kingambit|22/100
|move|p2a: Kingambit|Kowtow Cleave|p1a: Tornadus
|-damage|p1a: Tornadus|0 fnt
|faint|p1a: Tornadus
|
|upkeep
|
|t:|1759052759
|switch|p1a: Zamazenta|Zamazenta|100/100
|-activate|p1a: Zamazenta|move: Sticky Web
|-unboost|p1a: Zamazenta|spe|1
|-status|p1a: Zamazenta|psn
|-ability|p1a: Zamazenta|Dauntless Shield|boost
|-boost|p1a: Zamazenta|def|1
|turn|29
|
|t:|1759052761
|move|p1a: Zamazenta|Body Press|p2a: Kingambit
|-resisted|p2a: Kingambit
|-damage|p2a: Kingambit|2/100
|move|p2a: Kingambit|Kowtow Cleave|p1a: Zamazenta
|-resisted|p1a: Zamazenta
|-damage|p1a: Zamazenta|83/100 psn
|
|-heal|p1a: Zamazenta|89/100 psn|[from] item: Leftovers
|-damage|p1a: Zamazenta|77/100 psn|[from] psn
|upkeep
|turn|30
|
|t:|1759052764
|move|p1a: Zamazenta|Body Press|p2a: Kingambit
|-resisted|p2a: Kingambit
|-damage|p2a: Kingambit|0 fnt
|faint|p2a: Kingambit
|-end|p2a: Kingambit|fallen5|[silent]
|
|win|healorant
|raw|healorant's rating: 1806 &rarr; <strong>1819</strong><br />(+13 for winning)
|raw|Sunshinne's rating: 1675 &rarr; <strong>1662</strong><br />(-13 for losing)
|l|☆healorant
|player|p1|
|l|☆Sunshinne
|player|p2|
