|j|☆real chill guy
|j|☆xotiic312
|t:|1759063004
|gametype|singles
|player|p1|real chill guy|wattson|1415
|player|p2|xotiic312|169|1459
|gen|9
|tier|[Gen 9] OU
|rated|
|rule|HP Percentage Mod: HP is shown in percentages
|rule|Endless Battle Clause: Forcing endless battles is banned
|rule|Species Clause: Limit one of each Pokémon
|rule|OHKO Clause: OHKO moves are banned
|rule|Evasion Items Clause: Evasion items are banned
|rule|Evasion Moves Clause: Evasion moves are banned
|rule|Evasion Abilities Clause: Evasion abilities are banned
|rule|Sleep Moves Clause: Sleep-inducing moves are banned
|clearpoke
|poke|p1|Kyurem|
|poke|p1|Zamazenta-*|
|poke|p1|Dragapult, F|
|poke|p1|Reuniclus, F|
|poke|p1|Kommo-o, M|
|poke|p1|Clefable, M|
|poke|p2|Weavile, F|
|poke|p2|Tinkaton, F|
|poke|p2|Moltres|
|poke|p2|Hydrapple, F|
|poke|p2|Iron Moth|
|poke|p2|Dragapult, F|
|teampreview
|
|t:|1759063045
|teamsize|p1|6
|teamsize|p2|6
|start
|switch|p1a: Dragapult|Dragapult, F|100/100
|switch|p2a: coup de tatane|Tinkaton, F, shiny|100/100
|-item|p2a: coup de tatane|Air Balloon
|turn|1
|
|t:|1759063052
|move|p1a: Dragapult|Will-O-Wisp|p2a: coup de tatane
|-status|p2a: coup de tatane|brn
|move|p2a: coup de tatane|Thunder Wave|p1a: Dragapult
|-status|p1a: Dragapult|par
|
|-damage|p2a: coup de tatane|94/100 brn|[from] brn
|upkeep
|turn|2
|
|t:|1759063063
|move|p2a: coup de tatane|Stealth Rock|p1a: Dragapult
|-sidestart|p1: real chill guy|move: Stealth Rock
|move|p1a: Dragapult|U-turn|p2a: coup de tatane
|-resisted|p2a: coup de tatane
|-damage|p2a: coup de tatane|87/100 brn
|-enditem|p2a: coup de tatane|Air Balloon
|-enditem|p1a: Dragapult|Heavy-Duty Boots|[silent]|[from] ability: Pickpocket|[of] p1a: Dragapult
|-item|p2a: coup de tatane|Heavy-Duty Boots|[from] ability: Pickpocket|[of] p1a: Dragapult
|
|t:|1759063075
|switch|p1a: Kyurem|Kyurem|100/100|[from] U-turn
|-damage|p1a: Kyurem|76/100|[from] Stealth Rock
|-ability|p1a: Kyurem|Pressure
|
|-heal|p1a: Kyurem|82/100|[from] item: Leftovers
|-damage|p2a: coup de tatane|81/100 brn|[from] brn
|upkeep
|turn|3
|
|t:|1759063084
|switch|p2a: coup de soleil|Moltres, shiny|100/100
|move|p1a: Kyurem|Protect||[still]
|-fail|p1a: Kyurem
|
|-heal|p1a: Kyurem|88/100|[from] item: Leftovers
|upkeep
|turn|4
|
|t:|1759063093
|move|p1a: Kyurem|Protect|p1a: Kyurem
|-singleturn|p1a: Kyurem|Protect
|move|p2a: coup de soleil|Roar|p1a: Kyurem
|drag|p1a: Reuniclus|Reuniclus, F|100/100
|-damage|p1a: Reuniclus|88/100|[from] Stealth Rock
|
|upkeep
|turn|5
|
|t:|1759063105
|move|p2a: coup de soleil|U-turn|p1a: Reuniclus
|-supereffective|p1a: Reuniclus
|-damage|p1a: Reuniclus|58/100
|
|t:|1759063108
|switch|p2a: coup de tatane|Tinkaton, F, shiny|81/100 brn|[from] U-turn
|move|p1a: Reuniclus|Knock Off|p2a: coup de tatane
|-resisted|p2a: coup de tatane
|-damage|p2a: coup de tatane|72/100 brn
|-enditem|p2a: coup de tatane|Heavy-Duty Boots|[from] move: Knock Off|[of] p1a: Reuniclus
|-enditem|p1a: Reuniclus|Assault Vest|[silent]|[from] ability: Pickpocket|[of] p1a: Reuniclus
|-item|p2a: coup de tatane|Assault Vest|[from] ability: Pickpocket|[of] p1a: Reuniclus
|
|-damage|p2a: coup de tatane|65/100 brn|[from] brn
|upkeep
|turn|6
|
|t:|1759063124
|switch|p1a: Dragapult|Dragapult, F|100/100 par
|-damage|p1a: Dragapult|88/100 par|[from] Stealth Rock
|move|p2a: coup de tatane|Knock Off|p1a: Dragapult
|-supereffective|p1a: Dragapult
|-damage|p1a: Dragapult|72/100 par
|
|-damage|p2a: coup de tatane|59/100 brn|[from] brn
|upkeep
|turn|7
|
|t:|1759063140
|switch|p2a: coup de soleil|Moltres, shiny|100/100
|move|p1a: Dragapult|U-turn|p2a: coup de soleil
|-resisted|p2a: coup de soleil
|-damage|p2a: coup de soleil|97/100
|
|t:|1759063156
|switch|p1a: Clefable|Clefable, M|100/100|[from] U-turn
|
|upkeep
|turn|8
|
|t:|1759063166
|move|p2a: coup de soleil|U-turn|p1a: Clefable
|-resisted|p1a: Clefable
|-damage|p1a: Clefable|94/100
|
|t:|1759063169
|switch|p2a: coup de mite|Iron Moth|100/100|[from] U-turn
|-enditem|p2a: coup de mite|Booster Energy
|-activate|p2a: coup de mite|ability: Quark Drive|[fromitem]
|-start|p2a: coup de mite|quarkdrivespe
|move|p1a: Clefable|Thunder Wave|p2a: coup de mite|[miss]
|-miss|p1a: Clefable|p2a: coup de mite
|
|upkeep
|turn|9
|
|t:|1759063191
|switch|p1a: Dragapult|Dragapult, F|72/100 par
|-damage|p1a: Dragapult|59/100 par|[from] Stealth Rock
|move|p2a: coup de mite|Substitute|p2a: coup de mite
|-start|p2a: coup de mite|Substitute
|-damage|p2a: coup de mite|76/100
|
|upkeep
|turn|10
|
|t:|1759063197
|move|p2a: coup de mite|Dazzling Gleam|p1a: Dragapult
|-supereffective|p1a: Dragapult
|-damage|p1a: Dragapult|0 fnt
|faint|p1a: Dragapult
|
|upkeep
|
|t:|1759063202
|switch|p1a: Reuniclus|Reuniclus, F|92/100
|-damage|p1a: Reuniclus|79/100|[from] Stealth Rock
|turn|11
|
|t:|1759063208
|move|p2a: coup de mite|Fiery Dance|p1a: Reuniclus
|-damage|p1a: Reuniclus|51/100
|move|p1a: Reuniclus|Psychic Noise|p2a: coup de mite
|-supereffective|p2a: coup de mite
|-damage|p2a: coup de mite|15/100
|-start|p2a: coup de mite|move: Heal Block
|
|upkeep
|turn|12
|
|t:|1759063216
|move|p2a: coup de mite|Sludge Wave|p1a: Reuniclus
|-damage|p1a: Reuniclus|22/100
|move|p1a: Reuniclus|Psychic Noise|p2a: coup de mite
|-supereffective|p2a: coup de mite
|-damage|p2a: coup de mite|0 fnt
|faint|p2a: coup de mite
|-end|p2a: coup de mite|Quark Drive|[silent]
|
|upkeep
|
|t:|1759063222
|switch|p2a: coup de gel|Weavile, F, shiny|100/100
|-ability|p2a: coup de gel|Pressure
|turn|13
|
|t:|1759063227
|switch|p1a: Zamazenta|Zamazenta|100/100
|-ability|p1a: Zamazenta|Dauntless Shield|boost
|-boost|p1a: Zamazenta|def|1
|move|p2a: coup de gel|Knock Off|p1a: Zamazenta
|-resisted|p1a: Zamazenta
|-damage|p1a: Zamazenta|86/100
|-enditem|p1a: Zamazenta|Heavy-Duty Boots|[from] move: Knock Off|[of] p2a: coup de gel
|
|upkeep
|turn|14
|
|t:|1759063236
|switch|p2a: coup de soleil|Moltres, shiny|97/100
|move|p1a: Zamazenta|Stone Edge|p2a: coup de soleil
|-supereffective|p2a: coup de soleil
|-damage|p2a: coup de soleil|0 fnt
|faint|p2a: coup de soleil
|
|upkeep
|
|t:|1759063239
|switch|p2a: coup de fleche|Dragapult, F, shiny|100/100
|turn|15
|
|t:|1759063261
|switch|p1a: Kommo-o|Kommo-o, M|100/100
|-damage|p1a: Kommo-o|94/100|[from] Stealth Rock
|move|p2a: coup de fleche|Will-O-Wisp|p1a: Kommo-o
|-status|p1a: Kommo-o|brn
|
|-damage|p1a: Kommo-o|88/100 brn|[from] brn
|upkeep
|turn|16
|
|t:|1759063270
|move|p2a: coup de fleche|Draco Meteor|p1a: Kommo-o
|-supereffective|p1a: Kommo-o
|-damage|p1a: Kommo-o|0 fnt
|-unboost|p2a: coup de fleche|spa|2
|faint|p1a: Kommo-o
|
|upkeep
|
|t:|1759063283
|switch|p1a: Clefable|Clefable, M|94/100
|turn|17
|
|t:|1759063303
|switch|p1a: Zamazenta|Zamazenta|86/100
|-damage|p1a: Zamazenta|80/100|[from] Stealth Rock
|move|p2a: coup de fleche|U-turn|p1a: Zamazenta
|-resisted|p1a: Zamazenta
|-damage|p1a: Zamazenta|72/100
|
|t:|1759063311
|switch|p2a: coup de tatane|Tinkaton, F, shiny|59/100 brn|[from] U-turn
|
|-damage|p2a: coup de tatane|53/100 brn|[from] brn
|upkeep
|turn|18
|
|t:|1759063321
|move|p1a: Zamazenta|Close Combat|p2a: coup de tatane
|-damage|p2a: coup de tatane|0 fnt
|-unboost|p1a: Zamazenta|def|1
|-unboost|p1a: Zamazenta|spd|1
|faint|p2a: coup de tatane
|
|upkeep
|
|t:|1759063325
|switch|p2a: coup de fleche|Dragapult, F, shiny|100/100
|turn|19
|
|t:|1759063331
|switch|p1a: Clefable|Clefable, M|94/100
|move|p2a: coup de fleche|U-turn|p1a: Clefable
|-resisted|p1a: Clefable
|-damage|p1a: Clefable|87/100
|
|t:|1759063336
|switch|p2a: coup de gel|Weavile, F, shiny|100/100|[from] U-turn
|-ability|p2a: coup de gel|Pressure
|
|upkeep
|turn|20
|
|t:|1759063347
|-terastallize|p2a: coup de gel|Ice
|move|p2a: coup de gel|Triple Axel|p1a: Clefable
|-damage|p1a: Clefable|75/100
|-damage|p1a: Clefable|52/100
|-damage|p1a: Clefable|18/100
|-hitcount|p1a: Clefable|3
|move|p1a: Clefable|Thunder Wave|p2a: coup de gel
|-status|p2a: coup de gel|par
|
|upkeep
|turn|21
|
|t:|1759063362
|move|p2a: coup de gel|Triple Axel|p1a: Clefable
|-damage|p1a: Clefable|7/100
|-damage|p1a: Clefable|0 fnt
|faint|p1a: Clefable
|-hitcount|p1: Clefable|2
|
|upkeep
|
|t:|1759063370
|switch|p1a: Zamazenta|Zamazenta|72/100
|-damage|p1a: Zamazenta|66/100|[from] Stealth Rock
|turn|22
|
|t:|1759063380
|switch|p2a: coup de fleche|Dragapult, F, shiny|100/100
|move|p1a: Zamazenta|Heavy Slam|p2a: coup de fleche
|-damage|p2a: coup de fleche|47/100
|
|upkeep
|turn|23
|
|t:|1759063401
|switch|p1a: Reuniclus|Reuniclus, F|55/100
|-damage|p1a: Reuniclus|42/100|[from] Stealth Rock
|move|p2a: coup de fleche|Will-O-Wisp|p1a: Reuniclus
|-status|p1a: Reuniclus|brn
|
|-damage|p1a: Reuniclus|36/100 brn|[from] brn
|upkeep
|turn|24
|
|t:|1759063410
|move|p2a: coup de fleche|Hex|p1a: Reuniclus
|-supereffective|p1a: Reuniclus
|-damage|p1a: Reuniclus|0 fnt
|faint|p1a: Reuniclus
|
|upkeep
|
|t:|1759063415
|switch|p1a: Kyurem|Kyurem|88/100
|-damage|p1a: Kyurem|63/100|[from] Stealth Rock
|-ability|p1a: Kyurem|Pressure
|turn|25
|
|t:|1759063421
|move|p1a: Kyurem|Protect|p1a: Kyurem
|-singleturn|p1a: Kyurem|Protect
|move|p2a: coup de fleche|Draco Meteor|p1a: Kyurem
|-activate|p1a: Kyurem|move: Protect
|
|-heal|p1a: Kyurem|69/100|[from] item: Leftovers
|upkeep
|turn|26
|
|t:|1759063429
|-terastallize|p1a: Kyurem|Steel
|move|p2a: coup de fleche|U-turn|p1a: Kyurem
|-resisted|p1a: Kyurem
|-damage|p1a: Kyurem|62/100
|
|t:|1759063438
|switch|p2a: coup de serpent|Hydrapple, F, shiny|100/100|[from] U-turn
|move|p1a: Kyurem|Dragon Dance|p1a: Kyurem
|-boost|p1a: Kyurem|atk|1
|-boost|p1a: Kyurem|spe|1
|
|-heal|p1a: Kyurem|68/100|[from] item: Leftovers
|upkeep
|turn|27
|
|t:|1759063451
|move|p1a: Kyurem|Protect|p1a: Kyurem
|-singleturn|p1a: Kyurem|Protect
|move|p2a: coup de serpent|Earth Power|p1a: Kyurem
|-activate|p1a: Kyurem|move: Protect
|
|-heal|p1a: Kyurem|74/100|[from] item: Leftovers
|upkeep
|turn|28
|
|t:|1759063467
|move|p1a: Kyurem|Dragon Dance|p1a: Kyurem
|-boost|p1a: Kyurem|atk|1
|-boost|p1a: Kyurem|spe|1
|move|p2a: coup de serpent|Earth Power|p1a: Kyurem
|-supereffective|p1a: Kyurem
|-damage|p1a: Kyurem|28/100
|
|-heal|p1a: Kyurem|34/100|[from] item: Leftovers
|upkeep
|turn|29
|
|t:|1759063480
|move|p1a: Kyurem|Icicle Spear|p2a: coup de serpent
|-supereffective|p2a: coup de serpent
|-damage|p2a: coup de serpent|33/100
|-supereffective|p2a: coup de serpent
|-damage|p2a: coup de serpent|0 fnt
|faint|p2a: coup de serpent
|-hitcount|p2: coup de serpent|2
|
|-heal|p1a: Kyurem|40/100|[from] item: Leftovers
|upkeep
|
|t:|1759063482
|switch|p2a: coup de fleche|Dragapult, F, shiny|47/100
|turn|30
|
|t:|1759063492
|move|p1a: Kyurem|Icicle Spear|p2a: coup de fleche
|-supereffective|p2a: coup de fleche
|-damage|p2a: coup de fleche|0 fnt
|faint|p2a: coup de fleche
|-hitcount|p2: coup de fleche|1
|
|-heal|p1a: Kyurem|46/100|[from] item: Leftovers
|upkeep
|
|t:|1759063495
|switch|p2a: coup de gel|Weavile, F, shiny, tera:Ice|100/100 par
|-ability|p2a: coup de gel|Pressure
|turn|31
|
|t:|1759063497
|move|p1a: Kyurem|Protect|p1a: Kyurem
|-singleturn|p1a: Kyurem|Protect
|move|p2a: coup de gel|Knock Off|p1a: Kyurem
|-activate|p1a: Kyurem|move: Protect
|
|-heal|p1a: Kyurem|52/100|[from] item: Leftovers
|upkeep
|turn|32
|
|t:|1759063502
|move|p1a: Kyurem|Icicle Spear|p2a: coup de gel
|-resisted|p2a: coup de gel
|-damage|p2a: coup de gel|81/100 par
|-resisted|p2a: coup de gel
|-damage|p2a: coup de gel|64/100 par
|-resisted|p2a: coup de gel
|-damage|p2a: coup de gel|47/100 par
|-resisted|p2a: coup de gel
|-damage|p2a: coup de gel|29/100 par
|-resisted|p2a: coup de gel
|-damage|p2a: coup de gel|11/100 par
|-hitcount|p2a: coup de gel|5
|move|p2a: coup de gel|Knock Off|p1a: Kyurem
|-damage|p1a: Kyurem|14/100
|-enditem|p1a: Kyurem|Leftovers|[from] move: Knock Off|[of] p2a: coup de gel
|
|upkeep
|turn|33
|
|t:|1759063512
|move|p2a: coup de gel|Ice Shard|p1a: Kyurem
|-resisted|p1a: Kyurem
|-damage|p1a: Kyurem|2/100
|move|p1a: Kyurem|Icicle Spear|p2a: coup de gel
|-resisted|p2a: coup de gel
|-damage|p2a: coup de gel|0 fnt
|faint|p2a: coup de gel
|-hitcount|p2: coup de gel|1
|
|win|real chill guy
|raw|real chill guy's rating: 1415 &rarr; <strong>1438</strong><br />(+23 for winning)
|raw|xotiic312's rating: 1459 &rarr; <strong>1436</strong><br />(-23 for losing)
|l|☆xotiic312
|player|p2|
|l|☆real chill guy
|player|p1|
