|j|☆Lolpoopypants
|j|☆purple pastels
|t:|1759038119
|gametype|singles
|player|p1|Lolpoopypants|102|1502
|player|p2|purple pastels|doubleteam|1502
|gen|9
|tier|[Gen 9] OU
|rated|
|rule|HP Percentage Mod: HP is shown in percentages
|rule|Endless Battle Clause: Forcing endless battles is banned
|rule|Species Clause: Limit one of each Pokémon
|rule|OHKO Clause: OHKO moves are banned
|rule|Evasion Items Clause: Evasion items are banned
|rule|Evasion Moves Clause: Evasion moves are banned
|rule|Evasion Abilities Clause: Evasion abilities are banned
|rule|Sleep Moves Clause: Sleep-inducing moves are banned
|clearpoke
|poke|p1|Primarina, M|
|poke|p1|Great Tusk|
|poke|p1|Kingambit, M|
|poke|p1|Slowking-Galar, M|
|poke|p1|Ogerpon, F|
|poke|p1|Enamorus, F|
|poke|p2|Dragonite, F|
|poke|p2|Alomomola, F|
|poke|p2|Garganacl, M|
|poke|p2|Great Tusk|
|poke|p2|Iron Moth|
|poke|p2|Samurott-Hisui, F|
|teampreview
|inactive|Battle timer is ON: inactive players will automatically lose when time's up. (requested by Lolpoopypants)
|
|t:|1759038128
|teamsize|p1|6
|teamsize|p2|6
|start
|switch|p1a: Anonymous|Ogerpon, F|100/100
|switch|p2a: Dragonite|Dragonite, F|100/100
|turn|1
|
|t:|1759038134
|move|p2a: Dragonite|Extreme Speed|p1a: Anonymous
|-damage|p1a: Anonymous|40/100
|move|p1a: Anonymous|U-turn|p2a: Dragonite
|-resisted|p2a: Dragonite
|-damage|p2a: Dragonite|92/100
|
|t:|1759038137
|switch|p1a: Behemoth|Great Tusk, shiny|100/100|[from] U-turn
|
|upkeep
|turn|2
|
|t:|1759038146
|switch|p2a: Alomomola|Alomomola, F|100/100
|move|p1a: Behemoth|Stealth Rock|p2a: Alomomola
|-sidestart|p2: purple pastels|move: Stealth Rock
|
|upkeep
|turn|3
|
|t:|1759038152
|-end|p1a: Behemoth|Protosynthesis|[silent]
|switch|p1a: Mantra|Slowking-Galar, M, shiny|100/100
|move|p2a: Alomomola|Flip Turn|p1a: Mantra
|-damage|p1a: Mantra|89/100
|
|t:|1759038155
|switch|p2a: Great Tusk|Great Tusk|100/100|[from] Flip Turn
|
|upkeep
|turn|4
|
|t:|1759038159
|switch|p1a: Gin|Enamorus, F, shiny|100/100
|move|p2a: Great Tusk|Rapid Spin|p1a: Gin
|-damage|p1a: Gin|75/100
|-boost|p2a: Great Tusk|spe|1
|-sideend|p2: purple pastels|Stealth Rock|[from] move: Rapid Spin|[of] p2a: Great Tusk
|
|upkeep
|turn|5
|
|t:|1759038163
|-end|p2a: Great Tusk|Protosynthesis|[silent]
|switch|p2a: Garganacl|Garganacl, M|100/100
|move|p1a: Gin|Moonblast|p2a: Garganacl
|-damage|p2a: Garganacl|77/100
|
|upkeep
|turn|6
|
|t:|1759038170
|switch|p1a: Behemoth|Great Tusk, shiny|100/100
|move|p2a: Garganacl|Salt Cure|p1a: Behemoth
|-resisted|p1a: Behemoth
|-damage|p1a: Behemoth|98/100
|-start|p1a: Behemoth|Salt Cure
|
|-damage|p1a: Behemoth|86/100|[from] Salt Cure
|upkeep
|turn|7
|
|t:|1759038174
|switch|p2a: Great Tusk|Great Tusk|100/100
|move|p1a: Behemoth|Stealth Rock|p2a: Great Tusk
|-sidestart|p2: purple pastels|move: Stealth Rock
|
|-damage|p1a: Behemoth|73/100|[from] Salt Cure
|upkeep
|turn|8
|
|t:|1759038180
|-end|p1a: Behemoth|Protosynthesis|[silent]
|switch|p1a: Mantra|Slowking-Galar, M, shiny|100/100
|move|p2a: Great Tusk|Rapid Spin|p1a: Mantra
|-damage|p1a: Mantra|88/100
|-boost|p2a: Great Tusk|spe|1
|-sideend|p2: purple pastels|Stealth Rock|[from] move: Rapid Spin|[of] p2a: Great Tusk
|
|upkeep
|turn|9
|
|t:|1759038185
|move|p2a: Great Tusk|Headlong Rush|p1a: Mantra
|-supereffective|p1a: Mantra
|-damage|p1a: Mantra|3/100
|-unboost|p2a: Great Tusk|def|1
|-unboost|p2a: Great Tusk|spd|1
|move|p1a: Mantra|Psychic Noise|p2a: Great Tusk
|-supereffective|p2a: Great Tusk
|-damage|p2a: Great Tusk|0 fnt
|faint|p2a: Great Tusk
|-end|p2a: Great Tusk|Protosynthesis|[silent]
|
|upkeep
|
|t:|1759038194
|switch|p2a: Samurott|Samurott-Hisui, F|100/100
|turn|10
|
|t:|1759038197
|switch|p1a: Gin|Enamorus, F, shiny|75/100
|move|p2a: Samurott|Ceaseless Edge|p1a: Gin
|-resisted|p1a: Gin
|-damage|p1a: Gin|39/100
|-sidestart|p1: Lolpoopypants|Spikes
|
|upkeep
|turn|11
|
|t:|1759038207
|switch|p2a: Garganacl|Garganacl, M|77/100
|move|p1a: Gin|Earth Power|p2a: Garganacl
|-supereffective|p2a: Garganacl
|-damage|p2a: Garganacl|48/100
|
|upkeep
|turn|12
|
|t:|1759038220
|switch|p1a: Behemoth|Great Tusk, shiny|73/100
|-damage|p1a: Behemoth|61/100|[from] Spikes
|switch|p2a: Dragonite|Dragonite, F|92/100
|
|upkeep
|turn|13
|l|☆Lolpoopypants
|inactive|Lolpoopypants disconnected and has a minute to reconnect!
|player|p1|
|j|☆Lolpoopypants
|inactive|Lolpoopypants reconnected and has 140 seconds left.
|player|p1|Lolpoopypants|102|
|
|t:|1759038234
|move|p1a: Behemoth|Ice Spinner|p2a: Dragonite
|-supereffective|p2a: Dragonite
|-damage|p2a: Dragonite|0 fnt
|faint|p2a: Dragonite
|
|upkeep
|
|t:|1759038237
|switch|p2a: Iron Moth|Iron Moth|100/100
|turn|14
|
|t:|1759038245
|move|p2a: Iron Moth|Fire Blast|p1a: Behemoth
|-damage|p1a: Behemoth|0 fnt
|faint|p1a: Behemoth
|-end|p1a: Behemoth|Protosynthesis|[silent]
|
|upkeep
|
|t:|1759038259
|switch|p1a: Celestine|Primarina, M, shiny|100/100
|-damage|p1a: Celestine|88/100|[from] Spikes
|turn|15
|
|t:|1759038262
|-end|p2a: Iron Moth|Quark Drive|[silent]
|switch|p2a: Alomomola|Alomomola, F|100/100
|move|p1a: Celestine|Psychic Noise|p2a: Alomomola
|-damage|p2a: Alomomola|75/100
|-start|p2a: Alomomola|move: Heal Block
|
|-heal|p1a: Celestine|94/100|[from] item: Leftovers
|upkeep
|turn|16
|
|t:|1759038270
|move|p1a: Celestine|Moonblast|p2a: Alomomola
|-damage|p2a: Alomomola|23/100
|move|p2a: Alomomola|Flip Turn|p1a: Celestine
|-resisted|p1a: Celestine
|-damage|p1a: Celestine|84/100
|
|t:|1759038273
|switch|p2a: Iron Moth|Iron Moth|100/100|[from] Flip Turn
|
|-heal|p1a: Celestine|90/100|[from] item: Leftovers
|upkeep
|turn|17
|
|t:|1759038279
|switch|p1a: Overgod|Kingambit, M, shiny|100/100
|-damage|p1a: Overgod|88/100|[from] Spikes
|-activate|p1a: Overgod|ability: Supreme Overlord
|-start|p1a: Overgod|fallen1|[silent]
|move|p2a: Iron Moth|Fire Blast|p1a: Overgod
|-supereffective|p1a: Overgod
|-damage|p1a: Overgod|0 fnt
|faint|p1a: Overgod
|-end|p1a: Overgod|fallen1|[silent]
|
|upkeep
|
|t:|1759038294
|switch|p1a: Celestine|Primarina, M, shiny|90/100
|-damage|p1a: Celestine|78/100|[from] Spikes
|turn|18
|inactive|purple pastels has 120 seconds left.
|
|t:|1759038325
|-end|p2a: Iron Moth|Quark Drive|[silent]
|switch|p2a: Garganacl|Garganacl, M|48/100
|move|p1a: Celestine|Psychic Noise|p2a: Garganacl
|-damage|p2a: Garganacl|36/100
|-start|p2a: Garganacl|move: Heal Block
|
|-heal|p1a: Celestine|84/100|[from] item: Leftovers
|upkeep
|turn|19
|
|t:|1759038331
|move|p1a: Celestine|Substitute|p1a: Celestine
|-start|p1a: Celestine|Substitute
|-damage|p1a: Celestine|59/100
|move|p2a: Garganacl|Salt Cure|p1a: Celestine
|-activate|p1a: Celestine|move: Substitute|[damage]
|
|-heal|p1a: Celestine|65/100|[from] item: Leftovers
|-end|p2a: Garganacl|move: Heal Block
|upkeep
|turn|20
|
|t:|1759038338
|move|p1a: Celestine|Surf|p2a: Garganacl
|-supereffective|p2a: Garganacl
|-damage|p2a: Garganacl|0 fnt
|faint|p2a: Garganacl
|
|-heal|p1a: Celestine|71/100|[from] item: Leftovers
|upkeep
|
|t:|1759038351
|switch|p2a: Samurott|Samurott-Hisui, F|100/100
|turn|21
|
|t:|1759038353
|move|p2a: Samurott|Ceaseless Edge|p1a: Celestine
|-resisted|p1a: Celestine
|-end|p1a: Celestine|Substitute
|-sidestart|p1: Lolpoopypants|Spikes
|move|p1a: Celestine|Moonblast|p2a: Samurott
|-supereffective|p2a: Samurott
|-damage|p2a: Samurott|0 fnt
|faint|p2a: Samurott
|
|-heal|p1a: Celestine|77/100|[from] item: Leftovers
|upkeep
|
|t:|1759038359
|switch|p2a: Iron Moth|Iron Moth|100/100
|turn|22
|
|t:|1759038365
|-terastallize|p1a: Celestine|Ghost
|move|p2a: Iron Moth|Sludge Wave|p1a: Celestine
|-resisted|p1a: Celestine
|-damage|p1a: Celestine|39/100
|move|p1a: Celestine|Surf|p2a: Iron Moth
|-supereffective|p2a: Iron Moth
|-crit|p2a: Iron Moth
|-damage|p2a: Iron Moth|0 fnt
|faint|p2a: Iron Moth
|-end|p2a: Iron Moth|Quark Drive|[silent]
|
|-heal|p1a: Celestine|45/100|[from] item: Leftovers
|upkeep
|
|t:|1759038373
|switch|p2a: Alomomola|Alomomola, F|57/100
|turn|23
|
|t:|1759038377
|move|p1a: Celestine|Moonblast|p2a: Alomomola
|-damage|p2a: Alomomola|6/100
|move|p2a: Alomomola|Wish|p2a: Alomomola
|
|-heal|p1a: Celestine|51/100|[from] item: Leftovers
|upkeep
|turn|24
|-message|purple pastels forfeited.
|
|win|Lolpoopypants
|raw|Lolpoopypants's rating: 1502 &rarr; <strong>1522</strong><br />(+20 for winning)
|raw|purple pastels's rating: 1502 &rarr; <strong>1482</strong><br />(-20 for losing)
|l|☆purple pastels
|player|p2|
|l|☆Lolpoopypants
|player|p1|
