|j|☆spiralcurriculum
|j|☆RedSquiggles
|t:|1758997450
|gametype|singles
|player|p1|spiralcurriculum|wattson|1527
|player|p2|RedSquiggles|102|1472
|gen|9
|tier|[Gen 9] OU
|rated|
|rule|HP Percentage Mod: HP is shown in percentages
|rule|Endless Battle Clause: Forcing endless battles is banned
|rule|Species Clause: Limit one of each Pokémon
|rule|OHKO Clause: OHKO moves are banned
|rule|Evasion Items Clause: Evasion items are banned
|rule|Evasion Moves Clause: Evasion moves are banned
|rule|Evasion Abilities Clause: Evasion abilities are banned
|rule|Sleep Moves Clause: Sleep-inducing moves are banned
|clearpoke
|poke|p1|Raging Bolt|
|poke|p1|Ogerpon-Wellspring, F|
|poke|p1|Hatterene, F|
|poke|p1|Landorus-Therian, M|
|poke|p1|Kingambit, M|
|poke|p1|Zamazenta-*|
|poke|p2|Corviknight, F|
|poke|p2|Hydreigon, M|
|poke|p2|Rillaboom, M|
|poke|p2|Iron Moth|
|poke|p2|Clodsire, M|
|poke|p2|Zamazenta-*|
|teampreview
|
|t:|1758997490
|teamsize|p1|6
|teamsize|p2|6
|start
|switch|p1a: Hatterihanna|Hatterene, F, shiny|100/100
|switch|p2a: Hydreigon|Hydreigon, M|100/100
|turn|1
|
|t:|1758997507
|move|p2a: Hydreigon|U-turn|p1a: Hatterihanna
|-damage|p1a: Hatterihanna|83/100
|
|t:|1758997516
|switch|p2a: Corviknight|Corviknight, F, shiny|100/100|[from] U-turn
|-ability|p2a: Corviknight|Pressure
|move|p1a: Hatterihanna|Draining Kiss|p2a: Corviknight
|-resisted|p2a: Corviknight
|-damage|p2a: Corviknight|91/100
|-heal|p1a: Hatterihanna|92/100|[from] drain|[of] p2a: Corviknight
|-damage|p1a: Hatterihanna|75/100|[from] item: Rocky Helmet|[of] p2a: Corviknight
|
|upkeep
|turn|2
|
|t:|1758997531
|move|p2a: Corviknight|U-turn|p1a: Hatterihanna
|-damage|p1a: Hatterihanna|59/100
|
|t:|1758997534
|switch|p2a: Iron Moth|Iron Moth|100/100|[from] U-turn
|-enditem|p2a: Iron Moth|Booster Energy
|-activate|p2a: Iron Moth|ability: Quark Drive|[fromitem]
|-start|p2a: Iron Moth|quarkdrivespe
|move|p1a: Hatterihanna|Nuzzle|p2a: Iron Moth
|-damage|p2a: Iron Moth|95/100
|-status|p2a: Iron Moth|par
|
|upkeep
|turn|3
|
|t:|1758997547
|switch|p1a: Usain Bolt|Raging Bolt|100/100
|cant|p2a: Iron Moth|par
|
|upkeep
|turn|4
|
|t:|1758997559
|move|p2a: Iron Moth|Dazzling Gleam|p1a: Usain Bolt
|-supereffective|p1a: Usain Bolt
|-damage|p1a: Usain Bolt|50/100
|move|p1a: Usain Bolt|Draco Meteor|p2a: Iron Moth
|-damage|p2a: Iron Moth|0 fnt
|-unboost|p1a: Usain Bolt|spa|2
|faint|p2a: Iron Moth
|-end|p2a: Iron Moth|Quark Drive|[silent]
|
|upkeep
|
|t:|1758997563
|switch|p2a: Hydreigon|Hydreigon, M|100/100
|turn|5
|
|t:|1758997598
|-terastallize|p1a: Usain Bolt|Fairy
|move|p2a: Hydreigon|Earth Power|p1a: Usain Bolt
|-damage|p1a: Usain Bolt|5/100
|move|p1a: Usain Bolt|Draco Meteor|p2a: Hydreigon
|-supereffective|p2a: Hydreigon
|-damage|p2a: Hydreigon|0 fnt
|-unboost|p1a: Usain Bolt|spa|2
|faint|p2a: Hydreigon
|
|upkeep
|
|t:|1758997607
|switch|p2a: Rillaboom|Rillaboom, M|100/100
|-fieldstart|move: Grassy Terrain|[from] ability: Grassy Surge|[of] p2a: Rillaboom
|turn|6
|
|t:|1758997623
|move|p2a: Rillaboom|U-turn|p1a: Usain Bolt
|-resisted|p1a: Usain Bolt
|-damage|p1a: Usain Bolt|0 fnt
|faint|p1a: Usain Bolt
|-end|p1a: Usain Bolt|Protosynthesis|[silent]
|
|t:|1758997634
|switch|p2a: Clodsire|Clodsire, M|100/100|[from] U-turn
|
|upkeep
|
|t:|1758997652
|switch|p1a: Hatterihanna|Hatterene, F, shiny|59/100
|turn|7
|
|t:|1758997670
|move|p1a: Hatterihanna|Psychic Noise|p2a: Clodsire
|-supereffective|p2a: Clodsire
|-damage|p2a: Clodsire|42/100
|-start|p2a: Clodsire|move: Heal Block
|move|p2a: Clodsire|Poison Jab|p1a: Hatterihanna
|-supereffective|p1a: Hatterihanna
|-damage|p1a: Hatterihanna|13/100
|
|-heal|p1a: Hatterihanna|19/100|[from] Grassy Terrain
|upkeep
|turn|8
|
|t:|1758997687
|switch|p2a: Corviknight|Corviknight, F, shiny|91/100
|-ability|p2a: Corviknight|Pressure
|move|p1a: Hatterihanna|Mystical Fire|p2a: Corviknight
|-supereffective|p2a: Corviknight
|-damage|p2a: Corviknight|51/100
|-unboost|p2a: Corviknight|spa|1
|
|-heal|p1a: Hatterihanna|25/100|[from] Grassy Terrain
|upkeep
|turn|9
|
|t:|1758997743
|move|p2a: Corviknight|Brave Bird|p1a: Hatterihanna
|-damage|p1a: Hatterihanna|0 fnt
|faint|p1a: Hatterihanna
|-damage|p2a: Corviknight|45/100|[from] Recoil
|
|upkeep
|
|t:|1758997762
|switch|p1a: Off The Pooch|Zamazenta|100/100
|-ability|p1a: Off The Pooch|Dauntless Shield|boost
|-boost|p1a: Off The Pooch|def|1
|turn|10
|
|t:|1758997773
|move|p1a: Off The Pooch|Iron Defense|p1a: Off The Pooch
|-boost|p1a: Off The Pooch|def|2
|move|p2a: Corviknight|U-turn|p1a: Off The Pooch
|-resisted|p1a: Off The Pooch
|-damage|p1a: Off The Pooch|98/100
|
|t:|1758997779
|switch|p2a: Clodsire|Clodsire, M|42/100|[from] U-turn
|
|-heal|p1a: Off The Pooch|100/100|[from] Grassy Terrain
|-heal|p2a: Clodsire|49/100|[from] Grassy Terrain
|-heal|p2a: Clodsire|55/100|[from] item: Leftovers
|-fieldend|move: Grassy Terrain
|upkeep
|turn|11
|
|t:|1758997789
|move|p1a: Off The Pooch|Body Press|p2a: Clodsire
|-resisted|p2a: Clodsire
|-damage|p2a: Clodsire|43/100
|move|p2a: Clodsire|Recover|p2a: Clodsire
|-heal|p2a: Clodsire|93/100
|
|-heal|p2a: Clodsire|99/100|[from] item: Leftovers
|upkeep
|turn|12
|
|t:|1758997800
|switch|p1a: PawnHub|Kingambit, M|100/100
|-activate|p1a: PawnHub|ability: Supreme Overlord
|-start|p1a: PawnHub|fallen2|[silent]
|move|p2a: Clodsire|Toxic Spikes|p1a: PawnHub
|-sidestart|p1: spiralcurriculum|move: Toxic Spikes
|
|-heal|p2a: Clodsire|100/100|[from] item: Leftovers
|upkeep
|turn|13
|
|t:|1758997815
|move|p1a: PawnHub|Swords Dance|p1a: PawnHub
|-boost|p1a: PawnHub|atk|2
|move|p2a: Clodsire|High Horsepower|p1a: PawnHub
|-supereffective|p1a: PawnHub
|-damage|p1a: PawnHub|59/100
|
|-heal|p1a: PawnHub|66/100|[from] item: Leftovers
|upkeep
|turn|14
|
|t:|1758997828
|switch|p2a: Corviknight|Corviknight, F, shiny|45/100
|-ability|p2a: Corviknight|Pressure
|move|p1a: PawnHub|Iron Head|p2a: Corviknight
|-resisted|p2a: Corviknight
|-damage|p2a: Corviknight|0 fnt
|-damage|p1a: PawnHub|49/100|[from] item: Rocky Helmet|[of] p2a: Corviknight
|faint|p2a: Corviknight
|
|-heal|p1a: PawnHub|55/100|[from] item: Leftovers
|upkeep
|
|t:|1758997832
|switch|p2a: Zamazenta|Zamazenta|100/100
|-ability|p2a: Zamazenta|Dauntless Shield|boost
|-boost|p2a: Zamazenta|def|1
|turn|15
|
|t:|1758997843
|switch|p2a: Rillaboom|Rillaboom, M|100/100
|-fieldstart|move: Grassy Terrain|[from] ability: Grassy Surge|[of] p2a: Rillaboom
|move|p1a: PawnHub|Iron Head|p2a: Rillaboom
|-damage|p2a: Rillaboom|0 fnt
|faint|p2a: Rillaboom
|
|-heal|p1a: PawnHub|61/100|[from] Grassy Terrain
|-heal|p1a: PawnHub|68/100|[from] item: Leftovers
|upkeep
|-message|RedSquiggles forfeited.
|
|win|spiralcurriculum
|raw|spiralcurriculum's rating: 1527 &rarr; <strong>1544</strong><br />(+17 for winning)
|raw|RedSquiggles's rating: 1472 &rarr; <strong>1455</strong><br />(-17 for losing)
|l|☆RedSquiggles
|player|p2|
|l|☆spiralcurriculum
|player|p1|
