|j|☆Poomph
|j|☆digiwayne003
|t:|1759038895
|gametype|singles
|player|p1|Poomph|irida|1509
|player|p2|digiwayne003|beauty|1476
|gen|9
|tier|[Gen 9] OU
|rated|
|rule|HP Percentage Mod: HP is shown in percentages
|rule|Endless Battle Clause: Forcing endless battles is banned
|rule|Species Clause: Limit one of each Pokémon
|rule|OHKO Clause: OHKO moves are banned
|rule|Evasion Items Clause: Evasion items are banned
|rule|Evasion Moves Clause: Evasion moves are banned
|rule|Evasion Abilities Clause: Evasion abilities are banned
|rule|Sleep Moves Clause: Sleep-inducing moves are banned
|clearpoke
|poke|p1|Great Tusk|
|poke|p1|Ogerpon-Cornerstone, F|
|poke|p1|Raging Bolt|
|poke|p1|Ceruledge, F|
|poke|p1|Ribombee, M|
|poke|p1|Gholdengo|
|poke|p2|Armarouge, F|
|poke|p2|Indeedee, M|
|poke|p2|Deoxys-Speed|
|poke|p2|Volcanion|
|poke|p2|Ting-Lu|
|poke|p2|Great Tusk|
|teampreview
|inactive|Battle timer is ON: inactive players will automatically lose when time's up. (requested by Poomph)
|
|t:|1759038903
|teamsize|p1|6
|teamsize|p2|6
|start
|switch|p1a: Gholdengo|Gholdengo|100/100
|switch|p2a: Volcanion|Volcanion|100/100
|-item|p1a: Gholdengo|Air Balloon
|turn|1
|
|t:|1759038911
|switch|p1a: One Thousand Birds|Raging Bolt|100/100
|-enditem|p1a: One Thousand Birds|Booster Energy
|-activate|p1a: One Thousand Birds|ability: Protosynthesis|[fromitem]
|-start|p1a: One Thousand Birds|protosynthesisspa
|move|p2a: Volcanion|Steam Eruption|p1a: One Thousand Birds
|-resisted|p1a: One Thousand Birds
|-damage|p1a: One Thousand Birds|72/100
|
|upkeep
|turn|2
|
|t:|1759038914
|switch|p2a: Ting-Lu|Ting-Lu|100/100
|-ability|p2a: Ting-Lu|Vessel of Ruin
|move|p1a: One Thousand Birds|Dragon Pulse|p2a: Ting-Lu
|-damage|p2a: Ting-Lu|66/100
|
|-heal|p2a: Ting-Lu|72/100|[from] item: Leftovers
|upkeep
|turn|3
|
|t:|1759038930
|-end|p1a: One Thousand Birds|Protosynthesis|[silent]
|switch|p1a: Gholdengo|Gholdengo|100/100
|-item|p1a: Gholdengo|Air Balloon
|move|p2a: Ting-Lu|Stealth Rock|p1a: Gholdengo
|-sidestart|p1: Poomph|move: Stealth Rock
|
|-heal|p2a: Ting-Lu|78/100|[from] item: Leftovers
|upkeep
|turn|4
|
|t:|1759038936
|move|p1a: Gholdengo|Nasty Plot|p1a: Gholdengo
|-boost|p1a: Gholdengo|spa|2
|move|p2a: Ting-Lu|Ruination|p1a: Gholdengo
|-damage|p1a: Gholdengo|51/100
|-enditem|p1a: Gholdengo|Air Balloon
|
|-heal|p2a: Ting-Lu|84/100|[from] item: Leftovers
|upkeep
|turn|5
|
|t:|1759038942
|move|p1a: Gholdengo|Focus Blast|p2a: Ting-Lu
|-supereffective|p2a: Ting-Lu
|-damage|p2a: Ting-Lu|0 fnt
|faint|p2a: Ting-Lu
|
|upkeep
|
|t:|1759038945
|switch|p2a: Indeedee|Indeedee, M|100/100
|-fieldstart|move: Psychic Terrain|[from] ability: Psychic Surge|[of] p2a: Indeedee
|turn|6
|
|t:|1759038958
|move|p2a: Indeedee|Shadow Ball|p1a: Gholdengo
|-supereffective|p1a: Gholdengo
|-damage|p1a: Gholdengo|0 fnt
|faint|p1a: Gholdengo
|
|upkeep
|
|t:|1759038979
|switch|p1a: Ribombee|Ribombee, M, shiny|100/100
|-damage|p1a: Ribombee|76/100|[from] Stealth Rock
|turn|7
|
|t:|1759038981
|switch|p2a: Deoxys|Deoxys-Speed|100/100
|-ability|p2a: Deoxys|Pressure
|move|p1a: Ribombee|Sticky Web|p2a: Deoxys
|-sidestart|p2: digiwayne003|move: Sticky Web
|
|upkeep
|turn|8
|
|t:|1759038990
|-terastallize|p2a: Deoxys|Electric
|move|p2a: Deoxys|Nasty Plot|p2a: Deoxys
|-boost|p2a: Deoxys|spa|2
|move|p1a: Ribombee|Moonblast|p2a: Deoxys
|-damage|p2a: Deoxys|37/100
|-unboost|p2a: Deoxys|spa|1
|
|upkeep
|turn|9
|
|t:|1759038996
|move|p2a: Deoxys|Psyshock|p1a: Ribombee
|-damage|p1a: Ribombee|0 fnt
|faint|p1a: Ribombee
|
|upkeep
|
|t:|1759039004
|switch|p1a: Mega Man Zero 2|Ceruledge, F, shiny|100/100
|-damage|p1a: Mega Man Zero 2|76/100|[from] Stealth Rock
|turn|10
|
|t:|1759039007
|move|p1a: Mega Man Zero 2|Shadow Sneak|p2a: Deoxys
|-activate|p2a: Deoxys|move: Psychic Terrain
|move|p2a: Deoxys|Psyshock|p1a: Mega Man Zero 2
|-damage|p1a: Mega Man Zero 2|0 fnt
|faint|p1a: Mega Man Zero 2
|
|upkeep
|
|t:|1759039016
|switch|p1a: One Thousand Birds|Raging Bolt|72/100
|-damage|p1a: One Thousand Birds|60/100|[from] Stealth Rock
|turn|11
|
|t:|1759039037
|move|p2a: Deoxys|Ice Beam|p1a: One Thousand Birds
|-supereffective|p1a: One Thousand Birds
|-damage|p1a: One Thousand Birds|0 fnt
|faint|p1a: One Thousand Birds
|-end|p1a: One Thousand Birds|Protosynthesis|[silent]
|
|upkeep
|
|t:|1759039050
|switch|p1a: BALL BREAKER|Ogerpon-Cornerstone, F|100/100
|-damage|p1a: BALL BREAKER|88/100|[from] Stealth Rock
|turn|12
|
|t:|1759039059
|move|p2a: Deoxys|Psyshock|p1a: BALL BREAKER
|-damage|p1a: BALL BREAKER|0 fnt
|faint|p1a: BALL BREAKER
|
|upkeep
|
|t:|1759039061
|switch|p1a: TUSK|Great Tusk|100/100
|-damage|p1a: TUSK|98/100|[from] Stealth Rock
|-enditem|p1a: TUSK|Booster Energy
|-activate|p1a: TUSK|ability: Protosynthesis|[fromitem]
|-start|p1a: TUSK|protosynthesisatk
|turn|13
|
|t:|1759039065
|move|p2a: Deoxys|Ice Beam|p1a: TUSK
|-supereffective|p1a: TUSK
|-damage|p1a: TUSK|0 fnt
|faint|p1a: TUSK
|-end|p1a: TUSK|Protosynthesis|[silent]
|
|win|digiwayne003
|raw|Poomph's rating: 1509 &rarr; <strong>1487</strong><br />(-22 for losing)
|raw|digiwayne003's rating: 1476 &rarr; <strong>1498</strong><br />(+22 for winning)
|l|☆Poomph
|player|p1|
