|j|☆yaxrel
|j|☆panzershock
|t:|1758989958
|gametype|singles
|player|p1|yaxrel|2|1295
|player|p2|panzershock|170|1273
|gen|9
|tier|[Gen 9] OU
|rated|
|rule|HP Percentage Mod: HP is shown in percentages
|rule|Endless Battle Clause: Forcing endless battles is banned
|rule|Species Clause: Limit one of each Pokémon
|rule|OHKO Clause: OHKO moves are banned
|rule|Evasion Items Clause: Evasion items are banned
|rule|Evasion Moves Clause: Evasion moves are banned
|rule|Evasion Abilities Clause: Evasion abilities are banned
|rule|Sleep Moves Clause: Sleep-inducing moves are banned
|clearpoke
|poke|p1|Maushold-Four|
|poke|p1|Tinkaton, F|
|poke|p1|Garganacl, M|
|poke|p1|Landorus-Therian, M|
|poke|p1|Walking Wake|
|poke|p1|Pecharunt|
|poke|p2|Enamorus, F|
|poke|p2|Arcanine-Hisui, F|
|poke|p2|Scizor, F|
|poke|p2|Diancie|
|poke|p2|Houndstone, F|
|poke|p2|Decidueye-Hisui, F|
|teampreview
|inactive|Battle timer is ON: inactive players will automatically lose when time's up. (requested by yaxrel)
|
|t:|1758989978
|teamsize|p1|6
|teamsize|p2|6
|start
|switch|p1a: Garganacl|Garganacl, M|100/100
|switch|p2a: Decidueye|Decidueye-Hisui, F|100/100
|turn|1
|
|t:|1758989983
|move|p2a: Decidueye|Triple Arrows|p1a: Garganacl
|-supereffective|p1a: Garganacl
|-damage|p1a: Garganacl|50/100
|-unboost|p1a: Garganacl|def|1
|cant|p1a: Garganacl|flinch
|
|-heal|p1a: Garganacl|56/100|[from] item: Leftovers
|upkeep
|turn|2
|
|t:|1758989990
|switch|p1a: Pecharunt|Pecharunt|100/100
|move|p2a: Decidueye|Triple Arrows|p1a: Pecharunt
|-resisted|p1a: Pecharunt
|-crit|p1a: Pecharunt
|-damage|p1a: Pecharunt|79/100
|-unboost|p1a: Pecharunt|def|1
|
|-heal|p1a: Pecharunt|85/100|[from] item: Black Sludge
|upkeep
|turn|3
|
|t:|1758990002
|switch|p2a: Scizor|Scizor, F|100/100
|move|p1a: Pecharunt|Malignant Chain|p2a: Scizor
|-immune|p2a: Scizor
|
|-heal|p1a: Pecharunt|91/100|[from] item: Black Sludge
|upkeep
|turn|4
|
|t:|1758990008
|move|p1a: Pecharunt|Parting Shot|p2a: Scizor
|-unboost|p2a: Scizor|atk|1
|-unboost|p2a: Scizor|spa|1
|
|t:|1758990010
|switch|p1a: Landorus|Landorus-Therian, M|100/100|[from] Parting Shot
|-ability|p1a: Landorus|Intimidate|boost
|-unboost|p2a: Scizor|atk|1
|move|p2a: Scizor|U-turn|p1a: Landorus
|-resisted|p1a: Landorus
|-damage|p1a: Landorus|82/100
|
|t:|1758990022
|switch|p2a: Enamorus|Enamorus, F|100/100|[from] U-turn
|
|upkeep
|turn|5
|
|t:|1758990028
|move|p1a: Landorus|U-turn|p2a: Enamorus
|-resisted|p2a: Enamorus
|-damage|p2a: Enamorus|88/100
|
|t:|1758990030
|switch|p1a: Tinkaton|Tinkaton, F|100/100|[from] U-turn
|-ability|p1a: Tinkaton|Mold Breaker
|move|p2a: Enamorus|Superpower|p1a: Tinkaton
|-damage|p1a: Tinkaton|60/100
|-boost|p2a: Enamorus|atk|1
|-boost|p2a: Enamorus|def|1
|
|upkeep
|turn|6
|
|t:|1758990048
|move|p1a: Tinkaton|Gigaton Hammer|p2a: Enamorus
|-supereffective|p2a: Enamorus
|-damage|p2a: Enamorus|0 fnt
|faint|p2a: Enamorus
|
|upkeep
|
|t:|1758990055
|switch|p2a: Arcanine|Arcanine-Hisui, F|100/100
|turn|7
|
|t:|1758990060
|switch|p1a: Landorus|Landorus-Therian, M|82/100
|-ability|p1a: Landorus|Intimidate|boost
|-unboost|p2a: Arcanine|atk|1
|move|p2a: Arcanine|Head Smash|p1a: Landorus
|-damage|p1a: Landorus|10/100
|-damage|p2a: Arcanine|91/100|[from] item: Life Orb
|
|upkeep
|turn|8
|
|t:|1758990068
|move|p2a: Arcanine|Extreme Speed|p1a: Landorus
|-damage|p1a: Landorus|0 fnt
|faint|p1a: Landorus
|-damage|p2a: Arcanine|81/100|[from] item: Life Orb
|
|upkeep
|
|t:|1758990074
|switch|p1a: Walking Wake|Walking Wake|100/100
|-enditem|p1a: Walking Wake|Booster Energy
|-activate|p1a: Walking Wake|ability: Protosynthesis|[fromitem]
|-start|p1a: Walking Wake|protosynthesisspa
|turn|9
|
|t:|1758990087
|move|p1a: Walking Wake|Hydro Steam|p2a: Arcanine
|-supereffective|p2a: Arcanine
|-damage|p2a: Arcanine|0 fnt
|faint|p2a: Arcanine
|
|upkeep
|
|t:|1758990094
|switch|p2a: Decidueye|Decidueye-Hisui, F|100/100
|turn|10
|
|t:|1758990098
|move|p1a: Walking Wake|Flamethrower|p2a: Decidueye
|-supereffective|p2a: Decidueye
|-damage|p2a: Decidueye|26/100
|move|p2a: Decidueye|Triple Arrows|p1a: Walking Wake
|-crit|p1a: Walking Wake
|-damage|p1a: Walking Wake|28/100
|
|upkeep
|turn|11
|
|t:|1758990106
|move|p2a: Decidueye|Sucker Punch|p1a: Walking Wake
|-crit|p1a: Walking Wake
|-damage|p1a: Walking Wake|0 fnt
|faint|p1a: Walking Wake
|-end|p1a: Walking Wake|Protosynthesis|[silent]
|
|upkeep
|
|t:|1758990110
|switch|p1a: Tinkaton|Tinkaton, F|60/100
|-ability|p1a: Tinkaton|Mold Breaker
|turn|12
|
|t:|1758990117
|switch|p2a: Scizor|Scizor, F|100/100
|move|p1a: Tinkaton|Fake Out|p2a: Scizor
|-resisted|p2a: Scizor
|-damage|p2a: Scizor|95/100
|
|upkeep
|turn|13
|
|t:|1758990126
|switch|p1a: Pecharunt|Pecharunt|91/100
|move|p2a: Scizor|U-turn|p1a: Pecharunt
|-resisted|p1a: Pecharunt
|-damage|p1a: Pecharunt|82/100
|
|t:|1758990133
|switch|p2a: Houndstone|Houndstone, F|100/100|[from] U-turn
|
|-heal|p1a: Pecharunt|88/100|[from] item: Black Sludge
|upkeep
|turn|14
|
|t:|1758990139
|switch|p2a: Scizor|Scizor, F|95/100
|move|p1a: Pecharunt|Shadow Ball|p2a: Scizor
|-damage|p2a: Scizor|48/100
|
|-heal|p1a: Pecharunt|94/100|[from] item: Black Sludge
|upkeep
|turn|15
|
|t:|1758990147
|move|p1a: Pecharunt|Shadow Ball|p2a: Scizor
|-damage|p2a: Scizor|3/100
|move|p2a: Scizor|Thief|p1a: Pecharunt
|-supereffective|p1a: Pecharunt
|-damage|p1a: Pecharunt|28/100
|
|-heal|p1a: Pecharunt|34/100|[from] item: Black Sludge
|upkeep
|turn|16
|
|t:|1758990155
|move|p1a: Pecharunt|Shadow Ball|p2a: Scizor
|-damage|p2a: Scizor|0 fnt
|faint|p2a: Scizor
|
|-heal|p1a: Pecharunt|40/100|[from] item: Black Sludge
|upkeep
|
|t:|1758990161
|switch|p2a: Diancie|Diancie|100/100
|turn|17
|
|t:|1758990165
|move|p1a: Pecharunt|Malignant Chain|p2a: Diancie
|-damage|p2a: Diancie|69/100
|move|p2a: Diancie|Earth Power|p1a: Pecharunt
|-supereffective|p1a: Pecharunt
|-damage|p1a: Pecharunt|0 fnt
|faint|p1a: Pecharunt
|
|upkeep
|
|t:|1758990169
|switch|p1a: Tinkaton|Tinkaton, F|60/100
|-ability|p1a: Tinkaton|Mold Breaker
|turn|18
|
|t:|1758990178
|-terastallize|p2a: Diancie|Fire
|move|p1a: Tinkaton|Gigaton Hammer|p2a: Diancie
|-resisted|p2a: Diancie
|-damage|p2a: Diancie|46/100
|move|p2a: Diancie|Diamond Storm|p1a: Tinkaton
|-resisted|p1a: Tinkaton
|-damage|p1a: Tinkaton|37/100
|-boost|p2a: Diancie|def|2
|
|upkeep
|turn|19
|
|t:|1758990189
|move|p1a: Tinkaton|Play Rough|p2a: Diancie
|-resisted|p2a: Diancie
|-damage|p2a: Diancie|40/100
|-unboost|p2a: Diancie|atk|1
|move|p2a: Diancie|Earth Power|p1a: Tinkaton
|-supereffective|p1a: Tinkaton
|-damage|p1a: Tinkaton|0 fnt
|faint|p1a: Tinkaton
|
|upkeep
|
|t:|1758990194
|switch|p1a: Garganacl|Garganacl, M|56/100
|turn|20
|
|t:|1758990198
|-terastallize|p1a: Garganacl|Flying
|move|p2a: Diancie|Body Press|p1a: Garganacl
|-resisted|p1a: Garganacl
|-damage|p1a: Garganacl|43/100
|move|p1a: Garganacl|Salt Cure|p2a: Diancie
|-supereffective|p2a: Diancie
|-damage|p2a: Diancie|27/100
|-start|p2a: Diancie|Salt Cure
|
|-heal|p1a: Garganacl|49/100|[from] item: Leftovers
|-damage|p2a: Diancie|15/100|[from] Salt Cure
|upkeep
|turn|21
|
|t:|1758990208
|move|p1a: Garganacl|Protect|p1a: Garganacl
|-singleturn|p1a: Garganacl|Protect
|move|p2a: Diancie|Draining Kiss|p1a: Garganacl
|-activate|p1a: Garganacl|move: Protect
|
|-heal|p1a: Garganacl|55/100|[from] item: Leftovers
|-damage|p2a: Diancie|2/100|[from] Salt Cure
|upkeep
|turn|22
|
|t:|1758990214
|move|p2a: Diancie|Draining Kiss|p1a: Garganacl
|-damage|p1a: Garganacl|35/100
|-heal|p2a: Diancie|23/100|[from] drain|[of] p1a: Garganacl
|move|p1a: Garganacl|Recover|p1a: Garganacl
|-heal|p1a: Garganacl|85/100
|
|-heal|p1a: Garganacl|91/100|[from] item: Leftovers
|-damage|p2a: Diancie|10/100|[from] Salt Cure
|upkeep
|turn|23
|
|t:|1758990221
|switch|p2a: Houndstone|Houndstone, F|100/100
|move|p1a: Garganacl|Substitute|p1a: Garganacl
|-start|p1a: Garganacl|Substitute
|-damage|p1a: Garganacl|66/100
|
|-heal|p1a: Garganacl|73/100|[from] item: Leftovers
|upkeep
|turn|24
|
|t:|1758990225
|move|p2a: Houndstone|Substitute|p2a: Houndstone
|-start|p2a: Houndstone|Substitute
|-damage|p2a: Houndstone|75/100
|move|p1a: Garganacl|Salt Cure|p2a: Houndstone
|-activate|p2a: Houndstone|move: Substitute|[damage]
|
|-heal|p2a: Houndstone|82/100|[from] item: Leftovers
|-heal|p1a: Garganacl|79/100|[from] item: Leftovers
|upkeep
|turn|25
|
|t:|1758990234
|move|p2a: Houndstone|Night Shade|p1a: Garganacl
|-activate|p1a: Garganacl|move: Substitute|[damage]
|move|p1a: Garganacl|Salt Cure|p2a: Houndstone
|-activate|p2a: Houndstone|move: Substitute|[damage]
|
|-heal|p2a: Houndstone|88/100|[from] item: Leftovers
|-heal|p1a: Garganacl|85/100|[from] item: Leftovers
|upkeep
|turn|26
|
|t:|1758990238
|move|p2a: Houndstone|Night Shade|p1a: Garganacl
|-end|p1a: Garganacl|Substitute
|move|p1a: Garganacl|Salt Cure|p2a: Houndstone
|-end|p2a: Houndstone|Substitute
|
|-heal|p2a: Houndstone|94/100|[from] item: Leftovers
|-heal|p1a: Garganacl|91/100|[from] item: Leftovers
|upkeep
|turn|27
|
|t:|1758990242
|move|p2a: Houndstone|Substitute|p2a: Houndstone
|-start|p2a: Houndstone|Substitute
|-damage|p2a: Houndstone|69/100
|move|p1a: Garganacl|Salt Cure|p2a: Houndstone
|-activate|p2a: Houndstone|move: Substitute|[damage]
|
|-heal|p2a: Houndstone|75/100|[from] item: Leftovers
|-heal|p1a: Garganacl|97/100|[from] item: Leftovers
|upkeep
|turn|28
|
|t:|1758990247
|move|p2a: Houndstone|Night Shade|p1a: Garganacl
|-damage|p1a: Garganacl|73/100
|move|p1a: Garganacl|Substitute|p1a: Garganacl
|-start|p1a: Garganacl|Substitute
|-damage|p1a: Garganacl|48/100
|
|-heal|p2a: Houndstone|81/100|[from] item: Leftovers
|-heal|p1a: Garganacl|54/100|[from] item: Leftovers
|upkeep
|turn|29
|
|t:|1758990257
|move|p2a: Houndstone|Night Shade|p1a: Garganacl
|-activate|p1a: Garganacl|move: Substitute|[damage]
|move|p1a: Garganacl|Salt Cure|p2a: Houndstone
|-activate|p2a: Houndstone|move: Substitute|[damage]
|
|-heal|p2a: Houndstone|87/100|[from] item: Leftovers
|-heal|p1a: Garganacl|60/100|[from] item: Leftovers
|upkeep
|turn|30
|
|t:|1758990280
|move|p2a: Houndstone|Night Shade|p1a: Garganacl
|-end|p1a: Garganacl|Substitute
|move|p1a: Garganacl|Recover|p1a: Garganacl
|-heal|p1a: Garganacl|100/100
|
|-heal|p2a: Houndstone|93/100|[from] item: Leftovers
|upkeep
|turn|31
|inactive|yaxrel has 120 seconds left.
|
|t:|1758990310
|move|p2a: Houndstone|Night Shade|p1a: Garganacl
|-damage|p1a: Garganacl|76/100
|move|p1a: Garganacl|Salt Cure|p2a: Houndstone
|-end|p2a: Houndstone|Substitute
|
|-heal|p2a: Houndstone|99/100|[from] item: Leftovers
|-heal|p1a: Garganacl|82/100|[from] item: Leftovers
|upkeep
|turn|32
|
|t:|1758990316
|switch|p1a: Maushold|Maushold-Four|100/100
|move|p2a: Houndstone|Substitute|p2a: Houndstone
|-start|p2a: Houndstone|Substitute
|-damage|p2a: Houndstone|74/100
|
|-heal|p2a: Houndstone|80/100|[from] item: Leftovers
|upkeep
|turn|33
|inactive|yaxrel has 120 seconds left.
|inactive|yaxrel has 90 seconds left.
|
|t:|1758990374
|move|p1a: Maushold|Bite|p2a: Houndstone
|-supereffective|p2a: Houndstone
|-activate|p2a: Houndstone|move: Substitute|[damage]
|move|p2a: Houndstone|Will-O-Wisp|p1a: Maushold|[miss]
|-miss|p2a: Houndstone|p1a: Maushold
|
|-heal|p2a: Houndstone|86/100|[from] item: Leftovers
|upkeep
|turn|34
|
|t:|1758990387
|switch|p1a: Garganacl|Garganacl, M, tera:Flying|82/100
|move|p2a: Houndstone|Will-O-Wisp|p1a: Garganacl
|-immune|p1a: Garganacl|[from] ability: Purifying Salt
|
|-heal|p2a: Houndstone|92/100|[from] item: Leftovers
|-heal|p1a: Garganacl|88/100|[from] item: Leftovers
|upkeep
|turn|35
|inactive|yaxrel has 90 seconds left.
|
|t:|1758990402
|move|p2a: Houndstone|Night Shade|p1a: Garganacl
|-damage|p1a: Garganacl|63/100
|move|p1a: Garganacl|Substitute|p1a: Garganacl
|-start|p1a: Garganacl|Substitute
|-damage|p1a: Garganacl|38/100
|
|-heal|p2a: Houndstone|98/100|[from] item: Leftovers
|-heal|p1a: Garganacl|45/100|[from] item: Leftovers
|upkeep
|turn|36
|
|t:|1758990411
|move|p2a: Houndstone|Night Shade|p1a: Garganacl
|-activate|p1a: Garganacl|move: Substitute|[damage]
|move|p1a: Garganacl|Recover|p1a: Garganacl
|-heal|p1a: Garganacl|95/100
|
|-heal|p2a: Houndstone|100/100|[from] item: Leftovers
|-heal|p1a: Garganacl|100/100|[from] item: Leftovers
|upkeep
|turn|37
|inactive|yaxrel has 90 seconds left.
|
|t:|1758990434
|move|p2a: Houndstone|Night Shade|p1a: Garganacl
|-end|p1a: Garganacl|Substitute
|move|p1a: Garganacl|Salt Cure|p2a: Houndstone
|-end|p2a: Houndstone|Substitute
|
|upkeep
|turn|38
|
|t:|1758990440
|move|p2a: Houndstone|Substitute|p2a: Houndstone
|-start|p2a: Houndstone|Substitute
|-damage|p2a: Houndstone|75/100
|move|p1a: Garganacl|Salt Cure|p2a: Houndstone
|-activate|p2a: Houndstone|move: Substitute|[damage]
|
|-heal|p2a: Houndstone|82/100|[from] item: Leftovers
|upkeep
|turn|39
|
|t:|1758990447
|move|p2a: Houndstone|Night Shade|p1a: Garganacl
|-damage|p1a: Garganacl|76/100
|move|p1a: Garganacl|Substitute|p1a: Garganacl
|-start|p1a: Garganacl|Substitute
|-damage|p1a: Garganacl|51/100
|
|-heal|p2a: Houndstone|88/100|[from] item: Leftovers
|-heal|p1a: Garganacl|57/100|[from] item: Leftovers
|upkeep
|turn|40
|
|t:|1758990454
|move|p2a: Houndstone|Night Shade|p1a: Garganacl
|-activate|p1a: Garganacl|move: Substitute|[damage]
|move|p1a: Garganacl|Salt Cure|p2a: Houndstone
|-activate|p2a: Houndstone|move: Substitute|[damage]
|
|-heal|p2a: Houndstone|94/100|[from] item: Leftovers
|-heal|p1a: Garganacl|63/100|[from] item: Leftovers
|upkeep
|turn|41
|
|t:|1758990464
|move|p2a: Houndstone|Night Shade|p1a: Garganacl
|-end|p1a: Garganacl|Substitute
|move|p1a: Garganacl|Salt Cure|p2a: Houndstone
|-end|p2a: Houndstone|Substitute
|
|-heal|p2a: Houndstone|99/100|[from] item: Leftovers
|-heal|p1a: Garganacl|69/100|[from] item: Leftovers
|upkeep
|turn|42
|
|t:|1758990475
|move|p2a: Houndstone|Substitute|p2a: Houndstone
|-start|p2a: Houndstone|Substitute
|-damage|p2a: Houndstone|75/100
|move|p1a: Garganacl|Salt Cure|p2a: Houndstone
|-activate|p2a: Houndstone|move: Substitute|[damage]
|
|-heal|p2a: Houndstone|81/100|[from] item: Leftovers
|-heal|p1a: Garganacl|75/100|[from] item: Leftovers
|upkeep
|turn|43
|
|t:|1758990480
|move|p1a: Garganacl|Protect|p1a: Garganacl
|-singleturn|p1a: Garganacl|Protect
|move|p2a: Houndstone|Night Shade|p1a: Garganacl
|-activate|p1a: Garganacl|move: Protect
|
|-heal|p2a: Houndstone|87/100|[from] item: Leftovers
|-heal|p1a: Garganacl|82/100|[from] item: Leftovers
|upkeep
|turn|44
|
|t:|1758990485
|move|p2a: Houndstone|Night Shade|p1a: Garganacl
|-damage|p1a: Garganacl|57/100
|move|p1a: Garganacl|Substitute|p1a: Garganacl
|-start|p1a: Garganacl|Substitute
|-damage|p1a: Garganacl|32/100
|
|-heal|p2a: Houndstone|93/100|[from] item: Leftovers
|-heal|p1a: Garganacl|38/100|[from] item: Leftovers
|upkeep
|turn|45
|
|t:|1758990496
|move|p2a: Houndstone|Night Shade|p1a: Garganacl
|-activate|p1a: Garganacl|move: Substitute|[damage]
|move|p1a: Garganacl|Salt Cure|p2a: Houndstone
|-activate|p2a: Houndstone|move: Substitute|[damage]
|
|-heal|p2a: Houndstone|99/100|[from] item: Leftovers
|-heal|p1a: Garganacl|44/100|[from] item: Leftovers
|upkeep
|turn|46
|inactive|yaxrel has 120 seconds left.
|
|t:|1758990539
|move|p2a: Houndstone|Night Shade|p1a: Garganacl
|-end|p1a: Garganacl|Substitute
|move|p1a: Garganacl|Recover|p1a: Garganacl
|-heal|p1a: Garganacl|94/100
|
|-heal|p2a: Houndstone|100/100|[from] item: Leftovers
|-heal|p1a: Garganacl|100/100|[from] item: Leftovers
|upkeep
|turn|47
|
|t:|1758990549
|move|p2a: Houndstone|Night Shade|p1a: Garganacl
|-damage|p1a: Garganacl|76/100
|move|p1a: Garganacl|Salt Cure|p2a: Houndstone
|-end|p2a: Houndstone|Substitute
|
|-heal|p1a: Garganacl|82/100|[from] item: Leftovers
|upkeep
|turn|48
|
|t:|1758990557
|move|p2a: Houndstone|Substitute|p2a: Houndstone
|-start|p2a: Houndstone|Substitute
|-damage|p2a: Houndstone|75/100
|move|p1a: Garganacl|Substitute|p1a: Garganacl
|-start|p1a: Garganacl|Substitute
|-damage|p1a: Garganacl|57/100
|
|-heal|p2a: Houndstone|82/100|[from] item: Leftovers
|-heal|p1a: Garganacl|63/100|[from] item: Leftovers
|upkeep
|turn|49
|
|t:|1758990565
|move|p2a: Houndstone|Will-O-Wisp||[still]
|-fail|p2a: Houndstone
|move|p1a: Garganacl|Salt Cure|p2a: Houndstone
|-activate|p2a: Houndstone|move: Substitute|[damage]
|
|-heal|p2a: Houndstone|88/100|[from] item: Leftovers
|-heal|p1a: Garganacl|69/100|[from] item: Leftovers
|upkeep
|turn|50
|
|t:|1758990569
|move|p2a: Houndstone|Will-O-Wisp|p1a: Garganacl|[miss]
|-miss|p2a: Houndstone|p1a: Garganacl
|move|p1a: Garganacl|Salt Cure|p2a: Houndstone
|-activate|p2a: Houndstone|move: Substitute|[damage]
|
|-heal|p2a: Houndstone|94/100|[from] item: Leftovers
|-heal|p1a: Garganacl|75/100|[from] item: Leftovers
|upkeep
|turn|51
|
|t:|1758990573
|move|p1a: Garganacl|Protect|p1a: Garganacl
|-singleturn|p1a: Garganacl|Protect
|move|p2a: Houndstone|Will-O-Wisp|p1a: Garganacl
|-activate|p1a: Garganacl|move: Protect
|
|-heal|p2a: Houndstone|99/100|[from] item: Leftovers
|-heal|p1a: Garganacl|82/100|[from] item: Leftovers
|upkeep
|turn|52
|
|t:|1758990579
|move|p2a: Houndstone|Will-O-Wisp||[still]
|-fail|p2a: Houndstone
|move|p1a: Garganacl|Salt Cure|p2a: Houndstone
|-end|p2a: Houndstone|Substitute
|
|-heal|p2a: Houndstone|100/100|[from] item: Leftovers
|-heal|p1a: Garganacl|88/100|[from] item: Leftovers
|upkeep
|turn|53
|
|t:|1758990584
|move|p1a: Garganacl|Protect|p1a: Garganacl
|-singleturn|p1a: Garganacl|Protect
|move|p2a: Houndstone|Substitute|p2a: Houndstone
|-start|p2a: Houndstone|Substitute
|-damage|p2a: Houndstone|75/100
|
|-heal|p2a: Houndstone|82/100|[from] item: Leftovers
|-heal|p1a: Garganacl|94/100|[from] item: Leftovers
|upkeep
|turn|54
|
|t:|1758990592
|move|p2a: Houndstone|Will-O-Wisp||[still]
|-fail|p2a: Houndstone
|move|p1a: Garganacl|Recover|p1a: Garganacl
|-heal|p1a: Garganacl|100/100
|
|-heal|p2a: Houndstone|88/100|[from] item: Leftovers
|upkeep
|turn|55
|
|t:|1758990596
|move|p2a: Houndstone|Will-O-Wisp||[still]
|-fail|p2a: Houndstone
|move|p1a: Garganacl|Salt Cure|p2a: Houndstone
|-activate|p2a: Houndstone|move: Substitute|[damage]
|
|-heal|p2a: Houndstone|94/100|[from] item: Leftovers
|upkeep
|turn|56
|
|t:|1758990610
|move|p2a: Houndstone|Will-O-Wisp|p1a: Garganacl|[miss]
|-miss|p2a: Houndstone|p1a: Garganacl
|move|p1a: Garganacl|Salt Cure|p2a: Houndstone
|-activate|p2a: Houndstone|move: Substitute|[damage]
|
|-heal|p2a: Houndstone|99/100|[from] item: Leftovers
|upkeep
|turn|57
|
|t:|1758990617
|move|p1a: Garganacl|Protect|p1a: Garganacl
|-singleturn|p1a: Garganacl|Protect
|move|p2a: Houndstone|Will-O-Wisp|p1a: Garganacl
|-activate|p1a: Garganacl|move: Protect
|
|-heal|p2a: Houndstone|100/100|[from] item: Leftovers
|upkeep
|turn|58
|
|t:|1758990622
|move|p1a: Garganacl|Protect|p1a: Garganacl
|-singleturn|p1a: Garganacl|Protect
|move|p2a: Houndstone|Will-O-Wisp|p1a: Garganacl
|-activate|p1a: Garganacl|move: Protect
|
|upkeep
|turn|59
|
|t:|1758990625
|move|p1a: Garganacl|Protect||[still]
|-fail|p1a: Garganacl
|move|p2a: Houndstone|Will-O-Wisp||[still]
|-fail|p2a: Houndstone
|
|upkeep
|turn|60
|
|t:|1758990632
|move|p1a: Garganacl|Protect|p1a: Garganacl
|-singleturn|p1a: Garganacl|Protect
|move|p2a: Houndstone|Will-O-Wisp|p1a: Garganacl
|-activate|p1a: Garganacl|move: Protect
|
|upkeep
|turn|61
|
|t:|1758990637
|move|p1a: Garganacl|Protect|p1a: Garganacl
|-singleturn|p1a: Garganacl|Protect
|move|p2a: Houndstone|Will-O-Wisp|p1a: Garganacl
|-activate|p1a: Garganacl|move: Protect
|
|upkeep
|turn|62
|
|t:|1758990641
|move|p1a: Garganacl|Protect||[still]
|-fail|p1a: Garganacl
|move|p2a: Houndstone|Will-O-Wisp|p1a: Garganacl|[miss]
|-miss|p2a: Houndstone|p1a: Garganacl
|
|upkeep
|turn|63
|
|t:|1758990646
|move|p1a: Garganacl|Protect|p1a: Garganacl
|-singleturn|p1a: Garganacl|Protect
|move|p2a: Houndstone|Will-O-Wisp|p1a: Garganacl
|-activate|p1a: Garganacl|move: Protect
|
|upkeep
|turn|64
|
|t:|1758990652
|move|p1a: Garganacl|Protect||[still]
|-fail|p1a: Garganacl
|move|p2a: Houndstone|Will-O-Wisp||[still]
|-fail|p2a: Houndstone
|
|upkeep
|turn|65
|
|t:|1758990656
|move|p1a: Garganacl|Protect|p1a: Garganacl
|-singleturn|p1a: Garganacl|Protect
|move|p2a: Houndstone|Will-O-Wisp|p1a: Garganacl
|-activate|p1a: Garganacl|move: Protect
|
|upkeep
|turn|66
|
|t:|1758990659
|move|p1a: Garganacl|Protect|p1a: Garganacl
|-singleturn|p1a: Garganacl|Protect
|move|p2a: Houndstone|Will-O-Wisp|p1a: Garganacl
|-activate|p1a: Garganacl|move: Protect
|
|upkeep
|turn|67
|
|t:|1758990665
|move|p1a: Garganacl|Protect|p1a: Garganacl
|-singleturn|p1a: Garganacl|Protect
|move|p2a: Houndstone|Will-O-Wisp|p1a: Garganacl
|-activate|p1a: Garganacl|move: Protect
|
|upkeep
|turn|68
|
|t:|1758990669
|move|p1a: Garganacl|Protect||[still]
|-fail|p1a: Garganacl
|move|p2a: Houndstone|Will-O-Wisp||[still]
|-fail|p2a: Houndstone
|
|upkeep
|turn|69
|
|t:|1758990673
|move|p2a: Houndstone|Will-O-Wisp||[still]
|-fail|p2a: Houndstone
|move|p1a: Garganacl|Recover||[still]
|-fail|p1a: Garganacl|heal
|
|upkeep
|turn|70
|
|t:|1758990686
|move|p2a: Houndstone|Night Shade|p1a: Garganacl
|-activate|p1a: Garganacl|move: Substitute|[damage]
|move|p1a: Garganacl|Recover||[still]
|-fail|p1a: Garganacl|heal
|
|upkeep
|turn|71
|
|t:|1758990691
|move|p2a: Houndstone|Night Shade|p1a: Garganacl
|-end|p1a: Garganacl|Substitute
|move|p1a: Garganacl|Substitute|p1a: Garganacl
|-start|p1a: Garganacl|Substitute
|-damage|p1a: Garganacl|75/100
|
|-heal|p1a: Garganacl|82/100|[from] item: Leftovers
|upkeep
|turn|72
|
|t:|1758990696
|move|p2a: Houndstone|Night Shade|p1a: Garganacl
|-activate|p1a: Garganacl|move: Substitute|[damage]
|move|p1a: Garganacl|Substitute|p1a: Garganacl
|-fail|p1a: Garganacl|move: Substitute
|
|-heal|p1a: Garganacl|88/100|[from] item: Leftovers
|upkeep
|turn|73
|
|t:|1758990704
|move|p2a: Houndstone|Night Shade|p1a: Garganacl
|-end|p1a: Garganacl|Substitute
|move|p1a: Garganacl|Substitute|p1a: Garganacl
|-start|p1a: Garganacl|Substitute
|-damage|p1a: Garganacl|63/100
|
|-heal|p1a: Garganacl|69/100|[from] item: Leftovers
|upkeep
|turn|74
|
|t:|1758990711
|move|p2a: Houndstone|Night Shade|p1a: Garganacl
|-activate|p1a: Garganacl|move: Substitute|[damage]
|move|p1a: Garganacl|Substitute|p1a: Garganacl
|-fail|p1a: Garganacl|move: Substitute
|
|-heal|p1a: Garganacl|75/100|[from] item: Leftovers
|upkeep
|turn|75
|
|t:|1758990717
|move|p2a: Houndstone|Night Shade|p1a: Garganacl
|-end|p1a: Garganacl|Substitute
|move|p1a: Garganacl|Substitute|p1a: Garganacl
|-start|p1a: Garganacl|Substitute
|-damage|p1a: Garganacl|50/100
|
|-heal|p1a: Garganacl|56/100|[from] item: Leftovers
|upkeep
|turn|76
|
|t:|1758990727
|move|p2a: Houndstone|Night Shade|p1a: Garganacl
|-activate|p1a: Garganacl|move: Substitute|[damage]
|move|p1a: Garganacl|Substitute|p1a: Garganacl
|-fail|p1a: Garganacl|move: Substitute
|
|-heal|p1a: Garganacl|63/100|[from] item: Leftovers
|upkeep
|turn|77
|
|t:|1758990736
|move|p2a: Houndstone|Substitute|p2a: Houndstone
|-fail|p2a: Houndstone|move: Substitute
|move|p1a: Garganacl|Recover|p1a: Garganacl
|-heal|p1a: Garganacl|100/100
|
|upkeep
|turn|78
|
|t:|1758990743
|move|p2a: Houndstone|Will-O-Wisp||[still]
|-fail|p2a: Houndstone
|move|p1a: Garganacl|Substitute|p1a: Garganacl
|-fail|p1a: Garganacl|move: Substitute
|
|upkeep
|turn|79
|
|t:|1758990755
|switch|p2a: Diancie|Diancie, tera:Fire|10/100
|move|p1a: Garganacl|Substitute|p1a: Garganacl
|-fail|p1a: Garganacl|move: Substitute
|
|upkeep
|turn|80
|
|t:|1758990763
|move|p2a: Diancie|Diamond Storm|p1a: Garganacl
|-supereffective|p1a: Garganacl
|-end|p1a: Garganacl|Substitute
|-boost|p2a: Diancie|def|2
|move|p1a: Garganacl|Salt Cure|p2a: Diancie
|-supereffective|p2a: Diancie
|-damage|p2a: Diancie|0 fnt
|faint|p2a: Diancie
|
|upkeep
|
|t:|1758990770
|switch|p2a: Houndstone|Houndstone, F|100/100
|turn|81
|
|t:|1758990775
|move|p2a: Houndstone|Substitute|p2a: Houndstone
|-start|p2a: Houndstone|Substitute
|-damage|p2a: Houndstone|75/100
|move|p1a: Garganacl|Salt Cure|p2a: Houndstone
|-activate|p2a: Houndstone|move: Substitute|[damage]
|
|-heal|p2a: Houndstone|82/100|[from] item: Leftovers
|upkeep
|turn|82
|
|t:|1758990783
|move|p2a: Houndstone|Will-O-Wisp|p1a: Garganacl
|-immune|p1a: Garganacl|[from] ability: Purifying Salt
|move|p1a: Garganacl|Substitute|p1a: Garganacl
|-start|p1a: Garganacl|Substitute
|-damage|p1a: Garganacl|75/100
|
|-heal|p2a: Houndstone|88/100|[from] item: Leftovers
|-heal|p1a: Garganacl|82/100|[from] item: Leftovers
|upkeep
|turn|83
|
|t:|1758990789
|move|p2a: Houndstone|Substitute|p2a: Houndstone
|-fail|p2a: Houndstone|move: Substitute
|move|p1a: Garganacl|Salt Cure|p2a: Houndstone
|-activate|p2a: Houndstone|move: Substitute|[damage]
|
|-heal|p2a: Houndstone|94/100|[from] item: Leftovers
|-heal|p1a: Garganacl|88/100|[from] item: Leftovers
|upkeep
|turn|84
|
|t:|1758990794
|move|p2a: Houndstone|Substitute|p2a: Houndstone
|-fail|p2a: Houndstone|move: Substitute
|move|p1a: Garganacl|Substitute|p1a: Garganacl
|-fail|p1a: Garganacl|move: Substitute
|
|-heal|p2a: Houndstone|99/100|[from] item: Leftovers
|-heal|p1a: Garganacl|94/100|[from] item: Leftovers
|upkeep
|turn|85
|
|t:|1758990799
|move|p2a: Houndstone|Substitute|p2a: Houndstone
|-fail|p2a: Houndstone|move: Substitute
|move|p1a: Garganacl|Salt Cure|p2a: Houndstone
|-end|p2a: Houndstone|Substitute
|
|-heal|p2a: Houndstone|100/100|[from] item: Leftovers
|-heal|p1a: Garganacl|99/100|[from] item: Leftovers
|upkeep
|turn|86
|
|t:|1758990807
|move|p2a: Houndstone|Substitute|p2a: Houndstone
|-start|p2a: Houndstone|Substitute
|-damage|p2a: Houndstone|75/100
|move|p1a: Garganacl|Salt Cure|p2a: Houndstone
|-activate|p2a: Houndstone|move: Substitute|[damage]
|
|-heal|p2a: Houndstone|82/100|[from] item: Leftovers
|-heal|p1a: Garganacl|100/100|[from] item: Leftovers
|upkeep
|turn|87
|
|t:|1758990817
|move|p2a: Houndstone|Substitute|p2a: Houndstone
|-fail|p2a: Houndstone|move: Substitute
|-activate|p1a: Garganacl|move: Struggle
|move|p1a: Garganacl|Struggle|p2a: Houndstone
|-activate|p2a: Houndstone|move: Substitute|[damage]
|-damage|p1a: Garganacl|75/100|[from] recoil
|
|-heal|p2a: Houndstone|88/100|[from] item: Leftovers
|-heal|p1a: Garganacl|82/100|[from] item: Leftovers
|upkeep
|turn|88
|
|t:|1758990830
|move|p2a: Houndstone|Body Press|p1a: Garganacl
|-resisted|p1a: Garganacl
|-activate|p1a: Garganacl|move: Substitute|[damage]
|-activate|p1a: Garganacl|move: Struggle
|move|p1a: Garganacl|Struggle|p2a: Houndstone
|-activate|p2a: Houndstone|move: Substitute|[damage]
|-damage|p1a: Garganacl|57/100|[from] recoil
|
|-heal|p2a: Houndstone|94/100|[from] item: Leftovers
|-heal|p1a: Garganacl|63/100|[from] item: Leftovers
|upkeep
|turn|89
|
|t:|1758990841
|move|p2a: Houndstone|Body Press|p1a: Garganacl
|-resisted|p1a: Garganacl
|-crit|p1a: Garganacl
|-activate|p1a: Garganacl|move: Substitute|[damage]
|-activate|p1a: Garganacl|move: Struggle
|move|p1a: Garganacl|Struggle|p2a: Houndstone
|-crit|p2a: Houndstone
|-activate|p2a: Houndstone|move: Substitute|[damage]
|-damage|p1a: Garganacl|38/100|[from] recoil
|
|-heal|p2a: Houndstone|99/100|[from] item: Leftovers
|-heal|p1a: Garganacl|44/100|[from] item: Leftovers
|upkeep
|turn|90
|
|t:|1758990853
|move|p2a: Houndstone|Body Press|p1a: Garganacl
|-resisted|p1a: Garganacl
|-activate|p1a: Garganacl|move: Substitute|[damage]
|-activate|p1a: Garganacl|move: Struggle
|move|p1a: Garganacl|Struggle|p2a: Houndstone
|-end|p2a: Houndstone|Substitute
|-damage|p1a: Garganacl|19/100|[from] recoil
|
|-heal|p2a: Houndstone|100/100|[from] item: Leftovers
|-heal|p1a: Garganacl|25/100|[from] item: Leftovers
|upkeep
|turn|91
|
|t:|1758990864
|move|p2a: Houndstone|Substitute|p2a: Houndstone
|-start|p2a: Houndstone|Substitute
|-damage|p2a: Houndstone|75/100
|-activate|p1a: Garganacl|move: Struggle
|move|p1a: Garganacl|Struggle|p2a: Houndstone
|-activate|p2a: Houndstone|move: Substitute|[damage]
|-damage|p1a: Garganacl|0 fnt|[from] recoil
|faint|p1a: Garganacl
|
|-heal|p2a: Houndstone|82/100|[from] item: Leftovers
|upkeep
|
|t:|1758990866
|switch|p1a: Maushold|Maushold-Four|100/100
|turn|92
|
|t:|1758990876
|move|p1a: Maushold|Bite|p2a: Houndstone
|-supereffective|p2a: Houndstone
|-activate|p2a: Houndstone|move: Substitute|[damage]
|move|p2a: Houndstone|Body Press|p1a: Maushold
|-supereffective|p1a: Maushold
|-damage|p1a: Maushold|13/100
|
|-heal|p2a: Houndstone|88/100|[from] item: Leftovers
|upkeep
|turn|93
|
|t:|1758990882
|move|p1a: Maushold|Bite|p2a: Houndstone
|-supereffective|p2a: Houndstone
|-end|p2a: Houndstone|Substitute
|move|p2a: Houndstone|Body Press|p1a: Maushold
|-supereffective|p1a: Maushold
|-damage|p1a: Maushold|0 fnt
|faint|p1a: Maushold
|
|win|panzershock
|raw|yaxrel's rating: 1295 &rarr; <strong>1268</strong><br />(-27 for losing)
|raw|panzershock's rating: 1273 &rarr; <strong>1300</strong><br />(+27 for winning)
|l|☆yaxrel
|player|p1|
|l|☆panzershock
|player|p2|
