|j|☆Salmonroe Sushi
|j|☆K_dogstheone1
|t:|1758982698
|gametype|singles
|player|p1|Salmonroe Sushi|shadowtriad|1114
|player|p2|K_dogstheone1|emmet|1068
|gen|9
|tier|[Gen 9] OU
|rated|
|rule|HP Percentage Mod: HP is shown in percentages
|rule|Endless Battle Clause: Forcing endless battles is banned
|rule|Species Clause: Limit one of each Pokémon
|rule|OHKO Clause: OHKO moves are banned
|rule|Evasion Items Clause: Evasion items are banned
|rule|Evasion Moves Clause: Evasion moves are banned
|rule|Evasion Abilities Clause: Evasion abilities are banned
|rule|Sleep Moves Clause: Sleep-inducing moves are banned
|clearpoke
|poke|p1|Kleavor, F|
|poke|p1|Decidueye-Hisui, F|
|poke|p1|Overqwil, F|
|poke|p1|Iron Moth|
|poke|p1|Galvantula, F|
|poke|p1|Gholdengo|
|poke|p2|Gastrodon, F|
|poke|p2|Tyranitar, F|
|poke|p2|Araquanid, F|
|poke|p2|Dragapult, F|
|poke|p2|Maushold-Four|
|poke|p2|Blaziken, F|
|teampreview
|
|t:|1758982721
|teamsize|p1|6
|teamsize|p2|6
|start
|switch|p1a: Kleavor|Kleavor, F, shiny|100/100
|switch|p2a: spose|Araquanid, F|100/100
|turn|1
|inactive|Battle timer is ON: inactive players will automatically lose when time's up. (requested by Salmonroe Sushi)
|
|t:|1758982732
|-terastallize|p2a: spose|Grass
|move|p1a: Kleavor|Stone Axe|p2a: spose
|-damage|p2a: spose|49/100
|-sidestart|p2: K_dogstheone1|move: Stealth Rock
|move|p2a: spose|Liquidation|p1a: Kleavor
|-supereffective|p1a: Kleavor
|-damage|p1a: Kleavor|0 fnt
|faint|p1a: Kleavor
|
|upkeep
|
|t:|1758982739
|switch|p1a: Galvantula|Galvantula, F, shiny|100/100
|turn|2
|
|t:|1758982743
|move|p1a: Galvantula|Bug Buzz|p2a: spose
|-supereffective|p2a: spose
|-damage|p2a: spose|0 fnt
|faint|p2a: spose
|
|upkeep
|
|t:|1758982749
|switch|p2a: ryan|Tyranitar, F|100/100
|-damage|p2a: ryan|88/100|[from] Stealth Rock
|-weather|Sandstorm|[from] ability: Sand Stream|[of] p2a: ryan
|turn|3
|
|t:|1758982758
|move|p1a: Galvantula|Bug Buzz|p2a: ryan
|-supereffective|p2a: ryan
|-damage|p2a: ryan|39/100
|move|p2a: ryan|Curse|p2a: ryan
|-unboost|p2a: ryan|spe|1
|-boost|p2a: ryan|atk|1
|-boost|p2a: ryan|def|1
|
|-weather|Sandstorm|[upkeep]
|-damage|p1a: Galvantula|94/100|[from] Sandstorm
|upkeep
|turn|4
|
|t:|1758982769
|move|p1a: Galvantula|Bug Buzz|p2a: ryan
|-supereffective|p2a: ryan
|-damage|p2a: ryan|0 fnt
|faint|p2a: ryan
|
|-weather|Sandstorm|[upkeep]
|-damage|p1a: Galvantula|88/100|[from] Sandstorm
|upkeep
|
|t:|1758982781
|switch|p2a: nesy|Gastrodon, F|100/100
|-damage|p2a: nesy|94/100|[from] Stealth Rock
|turn|5
|
|t:|1758982792
|switch|p1a: Decidueye|Decidueye-Hisui, F|100/100
|move|p2a: nesy|Ancient Power|p1a: Decidueye
|-resisted|p1a: Decidueye
|-damage|p1a: Decidueye|94/100
|
|-weather|Sandstorm|[upkeep]
|-damage|p1a: Decidueye|88/100|[from] Sandstorm
|upkeep
|turn|6
|
|t:|1758982800
|move|p1a: Decidueye|Leaf Blade|p2a: nesy
|-supereffective|p2a: nesy
|-crit|p2a: nesy
|-damage|p2a: nesy|0 fnt
|faint|p2a: nesy
|
|-weather|Sandstorm|[upkeep]
|-damage|p1a: Decidueye|82/100|[from] Sandstorm
|upkeep
|-message|K_dogstheone1 forfeited.
|
|win|Salmonroe Sushi
|raw|Salmonroe Sushi's rating: 1114 &rarr; <strong>1136</strong><br />(+22 for winning)
|raw|K_dogstheone1's rating: 1068 &rarr; <strong>1050</strong><br />(-18 for losing)
|l|☆K_dogstheone1
|player|p2|
|l|☆Salmonroe Sushi
|player|p1|
