|j|☆jirujiru
|j|☆Shibuya Arc
|t:|1758993308
|gametype|singles
|player|p1|jirujiru|170|1710
|player|p2|Shibuya Arc|169|1684
|gen|9
|tier|[Gen 9] OU
|rated|
|rule|HP Percentage Mod: HP is shown in percentages
|rule|Endless Battle Clause: Forcing endless battles is banned
|rule|Species Clause: Limit one of each Pokémon
|rule|OHKO Clause: OHKO moves are banned
|rule|Evasion Items Clause: Evasion items are banned
|rule|Evasion Moves Clause: Evasion moves are banned
|rule|Evasion Abilities Clause: Evasion abilities are banned
|rule|Sleep Moves Clause: Sleep-inducing moves are banned
|clearpoke
|poke|p1|Ting-Lu|
|poke|p1|Zapdos|
|poke|p1|Alomomola, M|
|poke|p1|Kyurem|
|poke|p1|Weezing-Galar, M|
|poke|p1|Zamazenta-*|
|poke|p2|Dragapult, F|
|poke|p2|Dragonite, F|
|poke|p2|Ting-Lu|
|poke|p2|Weezing-Galar, F|
|poke|p2|Iron Crown|
|poke|p2|Zapdos|
|teampreview
|inactive|Battle timer is ON: inactive players will automatically lose when time's up. (requested by Shibuya Arc)
|inactive|jirujiru has 120 seconds left.
|
|t:|1758993351
|teamsize|p1|6
|teamsize|p2|6
|start
|switch|p1a: Kyurem|Kyurem|100/100
|switch|p2a: Iron Crown|Iron Crown|100/100
|-ability|p1a: Kyurem|Pressure
|turn|1
|
|t:|1758993357
|switch|p1a: Alomomola|Alomomola, M|100/100
|move|p2a: Iron Crown|Focus Blast|p1a: Alomomola|[miss]
|-miss|p2a: Iron Crown|p1a: Alomomola
|
|upkeep
|turn|2
|
|t:|1758993364
|move|p2a: Iron Crown|Focus Blast|p1a: Alomomola
|-crit|p1a: Alomomola
|-damage|p1a: Alomomola|25/100
|-enditem|p1a: Alomomola|Eject Button
|inactive|jirujiru has 120 seconds left.
|
|t:|1758993395
|switch|p1a: Zapdos|Zapdos|100/100
|
|upkeep
|turn|3
|
|t:|1758993404
|switch|p1a: Zamazenta|Zamazenta|100/100
|-ability|p1a: Zamazenta|Dauntless Shield|boost
|-boost|p1a: Zamazenta|def|1
|move|p2a: Iron Crown|Focus Blast|p1a: Zamazenta
|-damage|p1a: Zamazenta|49/100
|-unboost|p1a: Zamazenta|spd|1
|
|upkeep
|turn|4
|
|t:|1758993414
|switch|p1a: Zapdos|Zapdos|100/100
|move|p2a: Iron Crown|Focus Blast|p1a: Zapdos
|-resisted|p1a: Zapdos
|-damage|p1a: Zapdos|76/100
|
|upkeep
|turn|5
|
|t:|1758993423
|-end|p2a: Iron Crown|Quark Drive|[silent]
|switch|p2a: Ting-Lu|Ting-Lu|100/100
|-ability|p2a: Ting-Lu|Vessel of Ruin
|move|p1a: Zapdos|Heat Wave|p2a: Ting-Lu
|-damage|p2a: Ting-Lu|88/100
|
|-heal|p2a: Ting-Lu|94/100|[from] item: Leftovers
|upkeep
|turn|6
|
|t:|1758993429
|switch|p1a: Weezing|Weezing-Galar, M|100/100
|-ability|p1a: Weezing|Neutralizing Gas
|move|p2a: Ting-Lu|Stealth Rock|p1a: Weezing
|-sidestart|p1: jirujiru|move: Stealth Rock
|
|-heal|p2a: Ting-Lu|99/100|[from] item: Leftovers
|upkeep
|turn|7
|
|t:|1758993435
|move|p1a: Weezing|Will-O-Wisp|p2a: Ting-Lu
|-status|p2a: Ting-Lu|brn
|move|p2a: Ting-Lu|Stealth Rock||[still]
|-fail|p2a: Ting-Lu
|
|-heal|p2a: Ting-Lu|100/100 brn|[from] item: Leftovers
|-damage|p2a: Ting-Lu|94/100 brn|[from] brn
|upkeep
|turn|8
|
|t:|1758993443
|move|p1a: Weezing|Defog|p2a: Ting-Lu
|-unboost|p2a: Ting-Lu|evasion|1
|-sideend|p1: jirujiru|Stealth Rock|[from] move: Defog|[of] p1a: Weezing
|move|p2a: Ting-Lu|Whirlwind|p1a: Weezing
|-end|p1a: Weezing|ability: Neutralizing Gas
|-ability|p2a: Ting-Lu|Vessel of Ruin
|drag|p1a: Zapdos|Zapdos|76/100
|
|-heal|p2a: Ting-Lu|100/100 brn|[from] item: Leftovers
|-damage|p2a: Ting-Lu|94/100 brn|[from] brn
|upkeep
|turn|9
|
|t:|1758993453
|switch|p1a: Alomomola|Alomomola, M|58/100
|move|p2a: Ting-Lu|Stealth Rock|p1a: Alomomola
|-sidestart|p1: jirujiru|move: Stealth Rock
|
|-heal|p2a: Ting-Lu|100/100 brn|[from] item: Leftovers
|-damage|p2a: Ting-Lu|94/100 brn|[from] brn
|upkeep
|turn|10
|
|t:|1758993459
|move|p2a: Ting-Lu|Ruination|p1a: Alomomola
|-damage|p1a: Alomomola|30/100
|move|p1a: Alomomola|Wish|p1a: Alomomola
|
|-heal|p2a: Ting-Lu|100/100 brn|[from] item: Leftovers
|-damage|p2a: Ting-Lu|94/100 brn|[from] brn
|upkeep
|turn|11
|
|t:|1758993470
|move|p1a: Alomomola|Flip Turn|p2a: Ting-Lu
|-supereffective|p2a: Ting-Lu
|-damage|p2a: Ting-Lu|77/100 brn
|
|t:|1758993476
|switch|p1a: Weezing|Weezing-Galar, M|100/100|[from] Flip Turn
|-ability|p1a: Weezing|Neutralizing Gas
|move|p2a: Ting-Lu|Whirlwind|p1a: Weezing
|-end|p1a: Weezing|ability: Neutralizing Gas
|-ability|p2a: Ting-Lu|Vessel of Ruin
|drag|p1a: Kyurem|Kyurem|100/100
|-damage|p1a: Kyurem|76/100|[from] Stealth Rock
|-ability|p1a: Kyurem|Pressure
|
|-heal|p1a: Kyurem|100/100|[from] move: Wish|[wisher] Alomomola
|-heal|p2a: Ting-Lu|83/100 brn|[from] item: Leftovers
|-damage|p2a: Ting-Lu|77/100 brn|[from] brn
|upkeep
|turn|12
|
|t:|1758993482
|move|p1a: Kyurem|Ice Beam|p2a: Ting-Lu
|-supereffective|p2a: Ting-Lu
|-damage|p2a: Ting-Lu|31/100 brn
|move|p2a: Ting-Lu|Ruination|p1a: Kyurem
|-damage|p1a: Kyurem|51/100
|
|-heal|p2a: Ting-Lu|37/100 brn|[from] item: Leftovers
|-damage|p2a: Ting-Lu|31/100 brn|[from] brn
|upkeep
|turn|13
|
|t:|1758993489
|switch|p2a: Iron Crown|Iron Crown|100/100
|move|p1a: Kyurem|Ice Beam|p2a: Iron Crown
|-resisted|p2a: Iron Crown
|-damage|p2a: Iron Crown|75/100
|
|upkeep
|turn|14
|
|t:|1758993509
|move|p2a: Iron Crown|Focus Blast|p1a: Kyurem|[miss]
|-miss|p2a: Iron Crown|p1a: Kyurem
|move|p1a: Kyurem|Earth Power|p2a: Iron Crown
|-supereffective|p2a: Iron Crown
|-damage|p2a: Iron Crown|4/100
|
|upkeep
|turn|15
|inactive|jirujiru has 120 seconds left.
|
|t:|1758993536
|switch|p1a: Weezing|Weezing-Galar, M|100/100
|-ability|p1a: Weezing|Neutralizing Gas
|move|p2a: Iron Crown|Focus Blast|p1a: Weezing
|-resisted|p1a: Weezing
|-damage|p1a: Weezing|79/100
|
|upkeep
|turn|16
|
|t:|1758993546
|-end|p2a: Iron Crown|Quark Drive|[silent]
|switch|p2a: Dragonite|Dragonite, F|100/100
|move|p1a: Weezing|Defog|p2a: Dragonite
|-unboost|p2a: Dragonite|evasion|1
|-sideend|p1: jirujiru|Stealth Rock|[from] move: Defog|[of] p1a: Weezing
|
|upkeep
|turn|17
|
|t:|1758993558
|move|p2a: Dragonite|Earthquake|p1a: Weezing
|-supereffective|p1a: Weezing
|-damage|p1a: Weezing|28/100
|move|p1a: Weezing|Sludge Bomb|p2a: Dragonite
|-damage|p2a: Dragonite|74/100
|
|upkeep
|turn|18
|
|t:|1758993568
|-end|p1a: Weezing|ability: Neutralizing Gas
|switch|p1a: Alomomola|Alomomola, M|63/100
|move|p2a: Dragonite|Dragon Dance|p2a: Dragonite
|-boost|p2a: Dragonite|atk|1
|-boost|p2a: Dragonite|spe|1
|
|upkeep
|turn|19
|
|t:|1758993575
|move|p2a: Dragonite|Earthquake|p1a: Alomomola
|-damage|p1a: Alomomola|28/100
|move|p1a: Alomomola|Flip Turn|p2a: Dragonite
|-resisted|p2a: Dragonite
|-damage|p2a: Dragonite|66/100
|
|t:|1758993585
|switch|p1a: Kyurem|Kyurem|51/100|[from] Flip Turn
|-ability|p1a: Kyurem|Pressure
|
|upkeep
|turn|20
|
|t:|1758993591
|move|p2a: Dragonite|Earthquake|p1a: Kyurem
|-damage|p1a: Kyurem|0 fnt
|faint|p1a: Kyurem
|
|upkeep
|
|t:|1758993611
|switch|p1a: Ting-Lu|Ting-Lu|100/100
|-ability|p1a: Ting-Lu|Vessel of Ruin
|turn|21
|
|t:|1758993617
|move|p2a: Dragonite|Roost|p2a: Dragonite
|-heal|p2a: Dragonite|100/100
|-singleturn|p2a: Dragonite|move: Roost
|move|p1a: Ting-Lu|Rock Tomb|p2a: Dragonite
|-damage|p2a: Dragonite|91/100
|-unboost|p2a: Dragonite|spe|1
|
|upkeep
|turn|22
|
|t:|1758993625
|move|p2a: Dragonite|Earthquake|p1a: Ting-Lu
|-damage|p1a: Ting-Lu|69/100
|move|p1a: Ting-Lu|Rock Tomb|p2a: Dragonite
|-supereffective|p2a: Dragonite
|-damage|p2a: Dragonite|48/100
|-unboost|p2a: Dragonite|spe|1
|
|upkeep
|turn|23
|
|t:|1758993634
|move|p2a: Dragonite|Roost|p2a: Dragonite
|-heal|p2a: Dragonite|98/100
|-singleturn|p2a: Dragonite|move: Roost
|move|p1a: Ting-Lu|Payback|p2a: Dragonite
|-crit|p2a: Dragonite
|-damage|p2a: Dragonite|25/100
|
|upkeep
|turn|24
|
|t:|1758993639
|move|p2a: Dragonite|Earthquake|p1a: Ting-Lu
|-damage|p1a: Ting-Lu|39/100
|move|p1a: Ting-Lu|Payback|p2a: Dragonite
|-damage|p2a: Dragonite|0 fnt
|faint|p2a: Dragonite
|
|upkeep
|
|t:|1758993645
|switch|p2a: Iron Crown|Iron Crown|4/100
|turn|25
|
|t:|1758993658
|switch|p1a: Weezing|Weezing-Galar, M|28/100
|-ability|p1a: Weezing|Neutralizing Gas
|move|p2a: Iron Crown|Psyshock|p1a: Weezing
|-supereffective|p1a: Weezing
|-damage|p1a: Weezing|0 fnt
|faint|p1a: Weezing
|-end|p1a: Weezing|ability: Neutralizing Gas
|
|upkeep
|
|t:|1758993668
|switch|p1a: Zamazenta|Zamazenta|49/100
|turn|26
|
|t:|1758993679
|-end|p2a: Iron Crown|Quark Drive|[silent]
|switch|p2a: Ting-Lu|Ting-Lu|31/100 brn
|-ability|p2a: Ting-Lu|Vessel of Ruin
|move|p1a: Zamazenta|Stone Edge|p2a: Ting-Lu|[miss]
|-miss|p1a: Zamazenta|p2a: Ting-Lu
|
|-heal|p2a: Ting-Lu|37/100 brn|[from] item: Leftovers
|-damage|p2a: Ting-Lu|31/100 brn|[from] brn
|upkeep
|turn|27
|
|t:|1758993685
|move|p1a: Zamazenta|Ice Fang|p2a: Ting-Lu
|-supereffective|p2a: Ting-Lu
|-damage|p2a: Ting-Lu|0 fnt
|faint|p2a: Ting-Lu
|-damage|p1a: Zamazenta|40/100|[from] item: Life Orb
|
|upkeep
|
|t:|1758993692
|switch|p2a: Dragapult|Dragapult, F|100/100
|turn|28
|
|t:|1758993710
|switch|p1a: Zapdos|Zapdos|76/100
|-terastallize|p2a: Dragapult|Dragon
|move|p2a: Dragapult|Dragon Darts|p1a: Zapdos
|-damage|p1a: Zapdos|41/100
|-anim|p2a: Dragapult|Dragon Darts|p1a: Zapdos
|-damage|p1a: Zapdos|6/100
|
|upkeep
|turn|29
|
|t:|1758993723
|-terastallize|p1a: Zapdos|Fairy
|move|p2a: Dragapult|Dragon Darts|p1a: Zapdos
|-immune|p1a: Zapdos
|move|p1a: Zapdos|Tera Blast|p2a: Dragapult|[anim] Tera Blast Fairy
|-supereffective|p2a: Dragapult
|-damage|p2a: Dragapult|0 fnt
|faint|p2a: Dragapult
|
|upkeep
|
|t:|1758993728
|switch|p2a: Zapdos|Zapdos|100/100
|turn|30
|
|t:|1758993734
|move|p1a: Zapdos|Volt Switch|p2a: Zapdos
|-damage|p2a: Zapdos|60/100
|
|t:|1758993740
|switch|p1a: Ting-Lu|Ting-Lu|39/100|[from] Volt Switch
|-ability|p1a: Ting-Lu|Vessel of Ruin
|move|p2a: Zapdos|Volt Switch|p1a: Ting-Lu
|-immune|p1a: Ting-Lu
|
|upkeep
|turn|31
|
|t:|1758993753
|switch|p2a: Weezing|Weezing-Galar, F|100/100
|-ability|p2a: Weezing|Neutralizing Gas
|move|p1a: Ting-Lu|Payback|p2a: Weezing
|-resisted|p2a: Weezing
|-damage|p2a: Weezing|92/100
|
|upkeep
|turn|32
|
|t:|1758993762
|switch|p1a: Alomomola|Alomomola, M|62/100
|move|p2a: Weezing|Will-O-Wisp|p1a: Alomomola
|-status|p1a: Alomomola|brn
|
|-damage|p1a: Alomomola|55/100 brn|[from] brn
|upkeep
|turn|33
|
|t:|1758993787
|-end|p2a: Weezing|ability: Neutralizing Gas
|switch|p2a: Iron Crown|Iron Crown|4/100
|move|p1a: Alomomola|Healing Wish|p1a: Alomomola
|faint|p1a: Alomomola
|
|upkeep
|
|t:|1758993789
|switch|p1a: Zapdos|Zapdos, tera:Fairy|6/100
|-heal|p1a: Zapdos|100/100|[from] move: Healing Wish
|turn|34
|
|t:|1758993795
|move|p1a: Zapdos|Volt Switch|p2a: Iron Crown
|-damage|p2a: Iron Crown|0 fnt
|faint|p2a: Iron Crown
|-end|p2a: Iron Crown|Quark Drive|[silent]
|
|t:|1758993800
|switch|p1a: Ting-Lu|Ting-Lu|39/100|[from] Volt Switch
|-ability|p1a: Ting-Lu|Vessel of Ruin
|
|upkeep
|
|t:|1758993805
|switch|p2a: Weezing|Weezing-Galar, F|92/100
|-ability|p2a: Weezing|Neutralizing Gas
|turn|35
|
|t:|1758993811
|move|p2a: Weezing|Toxic Spikes|p1a: Ting-Lu
|-sidestart|p1: jirujiru|move: Toxic Spikes
|move|p1a: Ting-Lu|Earthquake|p2a: Weezing
|-supereffective|p2a: Weezing
|-damage|p2a: Weezing|26/100
|
|upkeep
|turn|36
|
|t:|1758993819
|-end|p2a: Weezing|ability: Neutralizing Gas
|-ability|p1a: Ting-Lu|Vessel of Ruin
|switch|p2a: Zapdos|Zapdos|60/100
|move|p1a: Ting-Lu|Earthquake|p2a: Zapdos
|-immune|p2a: Zapdos
|
|upkeep
|turn|37
|
|t:|1758993825
|move|p2a: Zapdos|Roost|p2a: Zapdos
|-heal|p2a: Zapdos|100/100
|-singleturn|p2a: Zapdos|move: Roost
|move|p1a: Ting-Lu|Payback|p2a: Zapdos
|-damage|p2a: Zapdos|36/100
|
|upkeep
|turn|38
|
|t:|1758993831
|move|p2a: Zapdos|Roost|p2a: Zapdos
|-heal|p2a: Zapdos|86/100
|-singleturn|p2a: Zapdos|move: Roost
|move|p1a: Ting-Lu|Payback|p2a: Zapdos
|-damage|p2a: Zapdos|28/100
|
|upkeep
|turn|39
|
|t:|1758993836
|move|p2a: Zapdos|Roost|p2a: Zapdos
|-heal|p2a: Zapdos|78/100
|-singleturn|p2a: Zapdos|move: Roost
|move|p1a: Ting-Lu|Payback|p2a: Zapdos
|-damage|p2a: Zapdos|22/100
|-status|p1a: Ting-Lu|par|[from] ability: Static|[of] p2a: Zapdos
|
|upkeep
|turn|40
|
|t:|1758993842
|move|p2a: Zapdos|Roost|p2a: Zapdos
|-heal|p2a: Zapdos|72/100
|-singleturn|p2a: Zapdos|move: Roost
|cant|p1a: Ting-Lu|par
|
|upkeep
|turn|41
|
|t:|1758993848
|switch|p2a: Weezing|Weezing-Galar, F|26/100
|-ability|p2a: Weezing|Neutralizing Gas
|move|p1a: Ting-Lu|Payback|p2a: Weezing
|-resisted|p2a: Weezing
|-damage|p2a: Weezing|18/100
|
|upkeep
|turn|42
|
|t:|1758993854
|-end|p2a: Weezing|ability: Neutralizing Gas
|-ability|p1a: Ting-Lu|Vessel of Ruin
|switch|p2a: Zapdos|Zapdos|72/100
|move|p1a: Ting-Lu|Earthquake|p2a: Zapdos
|-immune|p2a: Zapdos
|
|upkeep
|turn|43
|
|t:|1758993859
|switch|p2a: Weezing|Weezing-Galar, F|18/100
|-ability|p2a: Weezing|Neutralizing Gas
|move|p1a: Ting-Lu|Payback|p2a: Weezing
|-resisted|p2a: Weezing
|-damage|p2a: Weezing|10/100
|
|upkeep
|turn|44
|
|t:|1758993865
|-end|p2a: Weezing|ability: Neutralizing Gas
|-ability|p1a: Ting-Lu|Vessel of Ruin
|switch|p2a: Zapdos|Zapdos|72/100
|move|p1a: Ting-Lu|Earthquake|p2a: Zapdos
|-immune|p2a: Zapdos
|
|upkeep
|turn|45
|
|t:|1758993871
|switch|p2a: Weezing|Weezing-Galar, F|10/100
|-ability|p2a: Weezing|Neutralizing Gas
|move|p1a: Ting-Lu|Payback|p2a: Weezing
|-resisted|p2a: Weezing
|-damage|p2a: Weezing|1/100
|
|upkeep
|turn|46
|
|t:|1758993877
|-end|p2a: Weezing|ability: Neutralizing Gas
|-ability|p1a: Ting-Lu|Vessel of Ruin
|switch|p2a: Zapdos|Zapdos|72/100
|cant|p1a: Ting-Lu|par
|
|upkeep
|turn|47
|
|t:|1758993883
|move|p2a: Zapdos|Roost|p2a: Zapdos
|-heal|p2a: Zapdos|100/100
|-singleturn|p2a: Zapdos|move: Roost
|move|p1a: Ting-Lu|Payback|p2a: Zapdos
|-damage|p2a: Zapdos|37/100
|
|upkeep
|turn|48
|
|t:|1758993888
|move|p2a: Zapdos|Roost|p2a: Zapdos
|-heal|p2a: Zapdos|87/100
|-singleturn|p2a: Zapdos|move: Roost
|move|p1a: Ting-Lu|Payback|p2a: Zapdos
|-damage|p2a: Zapdos|23/100
|
|upkeep
|turn|49
|
|t:|1758993894
|move|p2a: Zapdos|Roost|p2a: Zapdos
|-heal|p2a: Zapdos|73/100
|-singleturn|p2a: Zapdos|move: Roost
|move|p1a: Ting-Lu|Payback|p2a: Zapdos
|-damage|p2a: Zapdos|9/100
|
|upkeep
|turn|50
|
|t:|1758993900
|move|p2a: Zapdos|Roost|p2a: Zapdos
|-heal|p2a: Zapdos|59/100
|-singleturn|p2a: Zapdos|move: Roost
|move|p1a: Ting-Lu|Payback|p2a: Zapdos
|-damage|p2a: Zapdos|0 fnt
|faint|p2a: Zapdos
|
|upkeep
|
|t:|1758993905
|switch|p2a: Weezing|Weezing-Galar, F|1/100
|-ability|p2a: Weezing|Neutralizing Gas
|turn|51
|
|t:|1758993911
|move|p2a: Weezing|Pain Split|p1a: Ting-Lu
|-sethp|p1a: Ting-Lu|20/100 par|[from] move: Pain Split|[silent]
|-sethp|p2a: Weezing|30/100|[from] move: Pain Split
|move|p1a: Ting-Lu|Earthquake|p2a: Weezing
|-supereffective|p2a: Weezing
|-damage|p2a: Weezing|0 fnt
|faint|p2a: Weezing
|-end|p2a: Weezing|ability: Neutralizing Gas
|-ability|p1a: Ting-Lu|Vessel of Ruin
|
|win|jirujiru
|raw|jirujiru's rating: 1710 &rarr; <strong>1729</strong><br />(+19 for winning)
|raw|Shibuya Arc's rating: 1684 &rarr; <strong>1665</strong><br />(-19 for losing)
