|badge|p1|silver|gen9ou|30-6
|html|<div class="broadcast-red"><strong>This battle is required to be public due to one or more player having a season medal.</strong><br />During the public phase, you can discuss the state of the ladder <a href="/seasondiscussion">in a special chatroom.</a></div>
|uhtml|medal-msg|<div class="broadcast-blue">Curious what those medals under the avatar are? PS now has Ladder Seasons! For more information, check out the <a href="https://www.smogon.com/forums/threads/3740067/">thread on Smogon.</a></div>
|badge|p2|bronze|gen9ou|100-6
|uhtml|medal-msg|<div class="broadcast-blue">Curious what those medals under the avatar are? PS now has Ladder Seasons! For more information, check out the <a href="https://www.smogon.com/forums/threads/3740067/">thread on Smogon.</a></div>
|raw|<div class="broadcast-blue"><strong>This battle is required to be public due to a player having a name starting with 'medal'.</div>
|j|☆Wogerhater
|j|☆LT124YH Ghoul
|t:|1759065623
|gametype|singles
|player|p1|Wogerhater|dawn-gen4pt|1968
|player|p2|LT124YH Ghoul|266|1920
|gen|9
|tier|[Gen 9] OU
|rated|
|rule|HP Percentage Mod: HP is shown in percentages
|rule|Endless Battle Clause: Forcing endless battles is banned
|rule|Species Clause: Limit one of each Pokémon
|rule|OHKO Clause: OHKO moves are banned
|rule|Evasion Items Clause: Evasion items are banned
|rule|Evasion Moves Clause: Evasion moves are banned
|rule|Evasion Abilities Clause: Evasion abilities are banned
|rule|Sleep Moves Clause: Sleep-inducing moves are banned
|clearpoke
|poke|p1|Weezing-Galar, F|
|poke|p1|Ting-Lu|
|poke|p1|Corviknight, M|
|poke|p1|Skeledirge, M|
|poke|p1|Dragapult, F|
|poke|p1|Ogerpon-Wellspring, F|
|poke|p2|Enamorus, F|
|poke|p2|Araquanid, M|
|poke|p2|Gholdengo|
|poke|p2|Iron Valiant|
|poke|p2|Kingambit, F|
|poke|p2|Great Tusk|
|teampreview
|inactive|Battle timer is ON: inactive players will automatically lose when time's up. (requested by Wogerhater)
|inactive|LT124YH Ghoul also wants the timer to be on.
|j| Sirpeanutcronch
|j| amimec
|c|☆LT124YH Ghoul|wogerhater using woger
|c|☆LT124YH Ghoul|suspicious
|j| ilytrix
|inactive|LT124YH Ghoul has 120 seconds left.
|c|☆Wogerhater|too broken to not use
|j| cryyysneasel
|c|☆Wogerhater|Doesn't mean I like it
|inactive|LT124YH Ghoul has 90 seconds left.
|c|☆LT124YH Ghoul|means you dont hate it
|c|☆LT124YH Ghoul|truly
|c| ilytrix|every time he loses its a moral victory
|c|☆LT124YH Ghoul|thats smart
|j| IMMAAXX
|c|☆LT124YH Ghoul|use woger to lose on purpose
|inactive|LT124YH Ghoul has 60 seconds left.
|c|☆Wogerhater|When woger gets suspected I'll be the first to vote ban trust
|c|☆LT124YH Ghoul|hf
|c|☆Wogerhater|Hf
|j| tiochicodobos
|j| poor ce
|j| cynasaurus
|
|t:|1759065733
|teamsize|p1|6
|teamsize|p2|6
|start
|switch|p1a: Ogerpon|Ogerpon-Wellspring, F|100/100
|switch|p2a: Doc Seismic|Araquanid, M, shiny|100/100
|turn|1
|
|t:|1759065737
|move|p1a: Ogerpon|Spikes|p2a: Doc Seismic
|-sidestart|p2: LT124YH Ghoul|Spikes
|move|p2a: Doc Seismic|Lunge|p1a: Ogerpon
|-supereffective|p1a: Ogerpon
|-damage|p1a: Ogerpon|31/100
|-unboost|p1a: Ogerpon|atk|1
|
|upkeep
|turn|2
|inactive|LT124YH Ghoul has 120 seconds left.
|j| calaaa!!!
|c| ilytrix|is this an rmt
|
|t:|1759065747
|switch|p1a: GAS.|Weezing-Galar, F|100/100
|-ability|p1a: GAS.|Neutralizing Gas
|move|p2a: Doc Seismic|Lunge|p1a: GAS.
|-resisted|p1a: GAS.
|-damage|p1a: GAS.|96/100
|-unboost|p1a: GAS.|atk|1
|
|upkeep
|turn|3
|c| ilytrix|ive seen multiple people use this webs
|inactive|LT124YH Ghoul has 120 seconds left.
|j| waffle04
|c|☆LT124YH Ghoul|no
|c|☆LT124YH Ghoul|might be the same 6
|inactive|LT124YH Ghoul has 90 seconds left.
|c|☆LT124YH Ghoul|rmt is in the works
|c| ilytrix|i saw the same name too
|c| ilytrix|the ival is atom eve
|c|☆LT124YH Ghoul|ye
|c| ilytrix|tusk is invincible
|c|☆LT124YH Ghoul|quacklord has this team
|c| ilytrix|ohh
|c|☆LT124YH Ghoul|its his team
|inactive|LT124YH Ghoul has 60 seconds left.
|c| ilytrix|makes sense
|
|t:|1759065828
|move|p2a: Doc Seismic|Liquidation|p1a: GAS.
|-damage|p1a: GAS.|76/100
|move|p1a: GAS.|Sludge Bomb|p2a: Doc Seismic
|-damage|p2a: Doc Seismic|77/100
|-status|p2a: Doc Seismic|psn
|
|-damage|p2a: Doc Seismic|65/100 psn|[from] psn
|upkeep
|turn|4
|c| ilytrix|is he sirpeanutcronch
|c|☆LT124YH Ghoul|no
|c| waffle04|Yo peng why is there a brown badge now what happened 😭
|c| ilytrix|what’s his name
|c| waffle04|You were 1950s last i saw
|c|☆LT124YH Ghoul|tilt of doom and despair
|inactive|LT124YH Ghoul has 30 seconds left.
|inactive|LT124YH Ghoul has 20 seconds left.
|c|☆LT124YH Ghoul|he's not on rn ilytrix
|c|☆LT124YH Ghoul|usually on larp legion
|inactive|LT124YH Ghoul has 15 seconds left.
|c| ilytrix|yea but i fought him jn
|inactive|LT124YH Ghoul has 10 seconds left.
|
|t:|1759065878
|move|p2a: Doc Seismic|Liquidation|p1a: GAS.
|-damage|p1a: GAS.|54/100
|-unboost|p1a: GAS.|def|1
|move|p1a: GAS.|Sludge Bomb|p2a: Doc Seismic
|-crit|p2a: Doc Seismic
|-damage|p2a: Doc Seismic|29/100 psn
|
|-damage|p2a: Doc Seismic|16/100 psn|[from] psn
|upkeep
|turn|5
|inactive|LT124YH Ghoul has 20 seconds left this turn.
|inactive|LT124YH Ghoul has 15 seconds left.
|-enditem|p2a: Doc Seismic|Custap Berry|[eat]
|-activate|p2a: Doc Seismic|item: Custap Berry|[consumed]
|
|t:|1759065887
|-end|p1a: GAS.|ability: Neutralizing Gas
|switch|p1a: Ogerpon|Ogerpon-Wellspring, F|31/100
|move|p2a: Doc Seismic|Liquidation|p1a: Ogerpon
|-heal|p1a: Ogerpon|56/100|[from] ability: Water Absorb|[of] p2a: Doc Seismic
|
|-damage|p2a: Doc Seismic|4/100 psn|[from] psn
|upkeep
|turn|6
|inactive|LT124YH Ghoul has 25 seconds left this turn.
|
|t:|1759065891
|move|p1a: Ogerpon|Ivy Cudgel|p2a: Doc Seismic|[anim] Ivy Cudgel Water
|-resisted|p2a: Doc Seismic
|-damage|p2a: Doc Seismic|0 fnt
|faint|p2a: Doc Seismic
|
|upkeep
|inactive|LT124YH Ghoul has 30 seconds left this turn.
|inactive|LT124YH Ghoul has 20 seconds left.
|
|t:|1759065904
|switch|p2a: Robot|Gholdengo|100/100
|-damage|p2a: Robot|88/100|[from] Spikes
|turn|7
|inactive|LT124YH Ghoul has 30 seconds left this turn.
|
|t:|1759065908
|move|p1a: Ogerpon|Knock Off|p2a: Robot
|-supereffective|p2a: Robot
|-damage|p2a: Robot|22/100
|-enditem|p2a: Robot|Covert Cloak|[from] move: Knock Off|[of] p1a: Ogerpon
|move|p2a: Robot|Shadow Ball|p1a: Ogerpon
|-damage|p1a: Ogerpon|18/100
|
|upkeep
|turn|8
|
|t:|1759065915
|move|p1a: Ogerpon|Synthesis|p1a: Ogerpon
|-heal|p1a: Ogerpon|68/100
|move|p2a: Robot|Recover|p2a: Robot
|-heal|p2a: Robot|72/100
|
|upkeep
|turn|9
|
|t:|1759065920
|move|p1a: Ogerpon|Ivy Cudgel|p2a: Robot|[anim] Ivy Cudgel Water
|-damage|p2a: Robot|22/100
|move|p2a: Robot|Recover|p2a: Robot
|-heal|p2a: Robot|72/100
|
|upkeep
|turn|10
|
|t:|1759065924
|move|p1a: Ogerpon|Ivy Cudgel|p2a: Robot|[anim] Ivy Cudgel Water
|-damage|p2a: Robot|22/100
|move|p2a: Robot|Shadow Ball|p1a: Ogerpon
|-damage|p1a: Ogerpon|29/100
|
|upkeep
|turn|11
|
|t:|1759065927
|move|p1a: Ogerpon|Synthesis|p1a: Ogerpon
|-heal|p1a: Ogerpon|79/100
|move|p2a: Robot|Shadow Ball|p1a: Ogerpon
|-damage|p1a: Ogerpon|40/100
|
|upkeep
|turn|12
|l| amimec
|
|t:|1759065930
|move|p1a: Ogerpon|Synthesis|p1a: Ogerpon
|-heal|p1a: Ogerpon|90/100
|move|p2a: Robot|Shadow Ball|p1a: Ogerpon
|-damage|p1a: Ogerpon|52/100
|
|upkeep
|turn|13
|
|t:|1759065934
|move|p1a: Ogerpon|Ivy Cudgel|p2a: Robot|[anim] Ivy Cudgel Water
|-crit|p2a: Robot
|-damage|p2a: Robot|0 fnt
|faint|p2a: Robot
|
|upkeep
|
|t:|1759065957
|switch|p2a: Invincible|Great Tusk|100/100
|-damage|p2a: Invincible|88/100|[from] Spikes
|-enditem|p2a: Invincible|Booster Energy
|-activate|p2a: Invincible|ability: Protosynthesis|[fromitem]
|-start|p2a: Invincible|protosynthesisspe
|turn|14
|
|t:|1759065967
|move|p2a: Invincible|Rapid Spin|p1a: Ogerpon
|-damage|p1a: Ogerpon|37/100
|-boost|p2a: Invincible|spe|1
|-sideend|p2: LT124YH Ghoul|Spikes|[from] move: Rapid Spin|[of] p2a: Invincible
|move|p1a: Ogerpon|Ivy Cudgel|p2a: Invincible|[anim] Ivy Cudgel Water
|-supereffective|p2a: Invincible
|-damage|p2a: Invincible|18/100
|
|upkeep
|turn|15
|
|t:|1759065970
|move|p2a: Invincible|Head Smash|p1a: Ogerpon
|-damage|p1a: Ogerpon|0 fnt
|faint|p1a: Ogerpon
|-damage|p2a: Invincible|2/100|[from] Recoil
|
|upkeep
|
|t:|1759065972
|switch|p1a: Corviknight|Corviknight, M|100/100
|-ability|p1a: Corviknight|Pressure
|turn|16
|
|t:|1759065975
|move|p2a: Invincible|Knock Off|p1a: Corviknight
|-damage|p1a: Corviknight|80/100
|-damage|p2a: Invincible|0 fnt|[from] item: Rocky Helmet|[of] p1a: Corviknight
|faint|p2a: Invincible
|-end|p2a: Invincible|Protosynthesis|[silent]
|move|p1a: Corviknight|Roost|p1a: Corviknight
|-heal|p1a: Corviknight|100/100
|-singleturn|p1a: Corviknight|move: Roost
|
|upkeep
|
|t:|1759065982
|switch|p2a: Conquest|Enamorus, F|100/100
|turn|17
|
|t:|1759065985
|switch|p1a: Skeledirge|Skeledirge, M|100/100
|move|p2a: Conquest|Substitute|p2a: Conquest
|-start|p2a: Conquest|Substitute
|-damage|p2a: Conquest|76/100
|
|-heal|p2a: Conquest|82/100|[from] item: Leftovers
|upkeep
|turn|18
|inactive|LT124YH Ghoul has 120 seconds left.
|
|t:|1759065997
|-terastallize|p2a: Conquest|Ghost
|move|p2a: Conquest|Tera Blast|p1a: Skeledirge|[anim] Tera Blast Ghost
|-supereffective|p1a: Skeledirge
|-damage|p1a: Skeledirge|28/100
|move|p1a: Skeledirge|Torch Song|p2a: Conquest
|-damage|p2a: Conquest|42/100
|-boost|p1a: Skeledirge|spa|1
|
|-heal|p2a: Conquest|48/100|[from] item: Leftovers
|upkeep
|turn|19
|
|t:|1759066002
|move|p2a: Conquest|Tera Blast|p1a: Skeledirge|[anim] Tera Blast Ghost
|-supereffective|p1a: Skeledirge
|-damage|p1a: Skeledirge|0 fnt
|faint|p1a: Skeledirge
|
|-heal|p2a: Conquest|54/100|[from] item: Leftovers
|upkeep
|
|t:|1759066004
|switch|p1a: Ting-Lu|Ting-Lu, shiny|100/100
|-ability|p1a: Ting-Lu|Vessel of Ruin
|turn|20
|
|t:|1759066007
|-terastallize|p1a: Ting-Lu|Fairy
|move|p2a: Conquest|Superpower|p1a: Ting-Lu
|-resisted|p1a: Ting-Lu
|-damage|p1a: Ting-Lu|89/100
|-boost|p2a: Conquest|atk|1
|-boost|p2a: Conquest|def|1
|move|p1a: Ting-Lu|Earthquake|p2a: Conquest
|-end|p2a: Conquest|Substitute
|
|-heal|p2a: Conquest|61/100|[from] item: Leftovers
|-heal|p1a: Ting-Lu|95/100|[from] item: Leftovers
|upkeep
|turn|21
|
|t:|1759066013
|move|p2a: Conquest|Superpower|p1a: Ting-Lu
|-resisted|p1a: Ting-Lu
|-damage|p1a: Ting-Lu|77/100
|-boost|p2a: Conquest|atk|1
|-boost|p2a: Conquest|def|1
|move|p1a: Ting-Lu|Earthquake|p2a: Conquest
|-damage|p2a: Conquest|26/100
|
|-heal|p2a: Conquest|32/100|[from] item: Leftovers
|-heal|p1a: Ting-Lu|84/100|[from] item: Leftovers
|upkeep
|turn|22
|
|t:|1759066019
|move|p2a: Conquest|Superpower|p1a: Ting-Lu
|-resisted|p1a: Ting-Lu
|-damage|p1a: Ting-Lu|61/100
|-boost|p2a: Conquest|atk|1
|-boost|p2a: Conquest|def|1
|move|p1a: Ting-Lu|Earthquake|p2a: Conquest
|-damage|p2a: Conquest|4/100
|
|-heal|p2a: Conquest|10/100|[from] item: Leftovers
|-heal|p1a: Ting-Lu|68/100|[from] item: Leftovers
|upkeep
|turn|23
|
|t:|1759066025
|switch|p1a: GAS.|Weezing-Galar, F|54/100
|-ability|p1a: GAS.|Neutralizing Gas
|move|p2a: Conquest|Tera Blast|p1a: GAS.|[anim] Tera Blast Ghost
|-damage|p1a: GAS.|0 fnt
|faint|p1a: GAS.
|-end|p1a: GAS.|ability: Neutralizing Gas
|
|-heal|p2a: Conquest|16/100|[from] item: Leftovers
|upkeep
|
|t:|1759066027
|switch|p1a: Dragapult|Dragapult, F|100/100
|turn|24
|
|t:|1759066030
|move|p1a: Dragapult|Shadow Ball|p2a: Conquest
|-supereffective|p2a: Conquest
|-damage|p2a: Conquest|0 fnt
|faint|p2a: Conquest
|
|upkeep
|c| ilytrix|what’s tb ghost for
|j| R0SSELL
|c|☆LT124YH Ghoul|gholdengo
|c| ilytrix|i see
|c| ilytrix|why not ep
|c|☆Wogerhater|Ballon
|c| ilytrix|or r u scared of ballon
|c|☆Wogerhater|I think
|c| ilytrix|icic
|inactive|LT124YH Ghoul has 120 seconds left.
|c| waffle04|Its to larp as marshadow actually
|inactive|LT124YH Ghoul has 90 seconds left.
|c| waffle04|Theyre trying to free him in sm ou
|c|☆LT124YH Ghoul|that to
|c| waffle04|So this is awareness
|
|t:|1759066107
|switch|p2a: Atom Eve|Iron Valiant|100/100
|-enditem|p2a: Atom Eve|Booster Energy
|-activate|p2a: Atom Eve|ability: Quark Drive|[fromitem]
|-start|p2a: Atom Eve|quarkdrivespa
|turn|25
|
|t:|1759066113
|move|p1a: Dragapult|Shadow Ball|p2a: Atom Eve
|-damage|p2a: Atom Eve|10/100
|move|p2a: Atom Eve|Moonblast|p1a: Dragapult
|-supereffective|p1a: Dragapult
|-damage|p1a: Dragapult|0 fnt
|faint|p1a: Dragapult
|
|upkeep
|
|t:|1759066117
|switch|p1a: Ting-Lu|Ting-Lu, shiny, tera:Fairy|68/100
|-ability|p1a: Ting-Lu|Vessel of Ruin
|turn|26
|
|t:|1759066121
|-end|p2a: Atom Eve|Quark Drive|[silent]
|switch|p2a: Omni-Man|Kingambit, F|100/100
|-activate|p2a: Omni-Man|ability: Supreme Overlord
|-start|p2a: Omni-Man|fallen4|[silent]
|-item|p2a: Omni-Man|Air Balloon
|move|p1a: Ting-Lu|Earthquake|p2a: Omni-Man
|-immune|p2a: Omni-Man
|
|-heal|p1a: Ting-Lu|74/100|[from] item: Leftovers
|upkeep
|turn|27
|
|t:|1759066131
|-end|p2a: Omni-Man|fallen4|[silent]
|switch|p2a: Atom Eve|Iron Valiant|10/100
|switch|p1a: Corviknight|Corviknight, M|100/100
|-ability|p1a: Corviknight|Pressure
|
|upkeep
|turn|28
|
|t:|1759066134
|switch|p1a: Ting-Lu|Ting-Lu, shiny, tera:Fairy|74/100
|-ability|p1a: Ting-Lu|Vessel of Ruin
|move|p2a: Atom Eve|Thunderbolt|p1a: Ting-Lu
|-damage|p1a: Ting-Lu|60/100
|
|-heal|p1a: Ting-Lu|66/100|[from] item: Leftovers
|upkeep
|turn|29
|c| ilytrix|i see?
|
|t:|1759066145
|move|p2a: Atom Eve|Moonblast|p1a: Ting-Lu
|-damage|p1a: Ting-Lu|46/100
|-unboost|p1a: Ting-Lu|spa|1
|move|p1a: Ting-Lu|Heavy Slam|p2a: Atom Eve
|-supereffective|p2a: Atom Eve
|-damage|p2a: Atom Eve|0 fnt
|faint|p2a: Atom Eve
|-end|p2a: Atom Eve|Quark Drive|[silent]
|
|-heal|p1a: Ting-Lu|52/100|[from] item: Leftovers
|upkeep
|
|t:|1759066147
|switch|p2a: Omni-Man|Kingambit, F|100/100
|-activate|p2a: Omni-Man|ability: Supreme Overlord
|-start|p2a: Omni-Man|fallen5|[silent]
|-item|p2a: Omni-Man|Air Balloon
|turn|30
|
|t:|1759066149
|switch|p1a: Corviknight|Corviknight, M|100/100
|-ability|p1a: Corviknight|Pressure
|move|p2a: Omni-Man|Swords Dance|p2a: Omni-Man
|-boost|p2a: Omni-Man|atk|2
|
|upkeep
|turn|31
|
|t:|1759066160
|move|p1a: Corviknight|Iron Defense|p1a: Corviknight
|-boost|p1a: Corviknight|def|2
|move|p2a: Omni-Man|Low Kick|p1a: Corviknight
|-damage|p1a: Corviknight|68/100
|-damage|p2a: Omni-Man|84/100|[from] item: Rocky Helmet|[of] p1a: Corviknight
|
|upkeep
|turn|32
|l| Sirpeanutcronch
|
|t:|1759066164
|move|p1a: Corviknight|Body Press|p2a: Omni-Man
|-supereffective|p2a: Omni-Man
|-damage|p2a: Omni-Man|0 fnt
|-enditem|p2a: Omni-Man|Air Balloon
|faint|p2a: Omni-Man
|-end|p2a: Omni-Man|fallen5|[silent]
|
|win|Wogerhater
|raw|Wogerhater's rating: 1968 &rarr; <strong>1985</strong><br />(+17 for winning)
|raw|LT124YH Ghoul's rating: 1920 &rarr; <strong>1903</strong><br />(-17 for losing)
|c|☆LT124YH Ghoul|gg
|c|☆Wogerhater|Gg
|c| waffle04|Peng whats ur speed tier
|l|☆LT124YH Ghoul
|player|p2|
|l| poor ce
|c|☆Wogerhater|Me?
|l| tiochicodobos
|l| ilytrix
|l| R0SSELL
|l|☆Wogerhater
|player|p1|
|l| waffle04
|l| cryyysneasel
|l| calaaa!!!
