|inactive|Battle timer is ON: inactive players will automatically lose when time's up.
|badge|p1|silver|gen9doublesou|30-6
|uhtml|medal-msg|<div class="broadcast-blue">Curious what those medals under the avatar are? PS now has Ladder Seasons! For more information, check out the <a href="https://www.smogon.com/forums/threads/3740067/">thread on Smogon.</a></div>
|t:|1759014501
|gametype|singles
|player|p1|luisin|#luisin|
|player|p2|JojoOui|hilbert|
|gen|9
|tier|[Gen 9] OU
|rule|HP Percentage Mod: HP is shown in percentages
|rule|Endless Battle Clause: Forcing endless battles is banned
|rule|Species Clause: Limit one of each Pokémon
|rule|OHKO Clause: OHKO moves are banned
|rule|Evasion Items Clause: Evasion items are banned
|rule|Evasion Moves Clause: Evasion moves are banned
|rule|Evasion Abilities Clause: Evasion abilities are banned
|rule|Sleep Moves Clause: Sleep-inducing moves are banned
|clearpoke
|poke|p1|Dondozo, F|
|poke|p1|Blissey, F|
|poke|p1|Corviknight, M|
|poke|p1|Weezing-Galar, F|
|poke|p1|Gliscor, F|
|poke|p1|Toxapex, M|
|poke|p2|Deoxys-Speed|
|poke|p2|Zarude|
|poke|p2|Walking Wake|
|poke|p2|Gholdengo|
|poke|p2|Great Tusk|
|poke|p2|Iron Valiant|
|teampreview
|c|☆JojoOui|hf
|c|☆luisin|hf
|inactive|luisin has 270 seconds left.
|inactive|JojoOui has 270 seconds left.
|
|t:|1759014547
|teamsize|p1|6
|teamsize|p2|6
|start
|switch|p1a: Gliscor|Gliscor, F|100/100
|switch|p2a: Deoxys|Deoxys-Speed|100/100
|-ability|p2a: Deoxys|Pressure
|turn|1
|
|t:|1759014552
|move|p1a: Gliscor|Protect|p1a: Gliscor
|-singleturn|p1a: Gliscor|Protect
|move|p2a: Deoxys|Stealth Rock|p1a: Gliscor
|-sidestart|p1: luisin|move: Stealth Rock
|
|-status|p1a: Gliscor|tox|[from] item: Toxic Orb
|upkeep
|turn|2
|
|t:|1759014558
|switch|p1a: Blissey|Blissey, F|100/100
|-damage|p1a: Blissey|88/100|[from] Stealth Rock
|move|p2a: Deoxys|Spikes|p1a: Blissey
|-sidestart|p1: luisin|Spikes
|
|-heal|p1a: Blissey|94/100|[from] item: Leftovers
|upkeep
|turn|3
|
|t:|1759014562
|move|p2a: Deoxys|Taunt|p1a: Blissey
|-start|p1a: Blissey|move: Taunt
|cant|p1a: Blissey|move: Taunt|Stealth Rock
|
|-heal|p1a: Blissey|100/100|[from] item: Leftovers
|upkeep
|turn|4
|
|t:|1759014564
|move|p2a: Deoxys|Spikes|p1a: Blissey
|-sidestart|p1: luisin|Spikes
|move|p1a: Blissey|Seismic Toss|p2a: Deoxys
|-damage|p2a: Deoxys|67/100
|
|upkeep
|turn|5
|
|t:|1759014566
|move|p2a: Deoxys|Spikes|p1a: Blissey
|-sidestart|p1: luisin|Spikes
|move|p1a: Blissey|Seismic Toss|p2a: Deoxys
|-damage|p2a: Deoxys|34/100
|
|-end|p1a: Blissey|move: Taunt
|upkeep
|turn|6
|c|+A daydream|Lets gooooo luisin. Win this!!!!
|
|t:|1759014599
|switch|p2a: Iron Valiant|Iron Valiant|100/100
|-enditem|p2a: Iron Valiant|Booster Energy
|-activate|p2a: Iron Valiant|ability: Quark Drive|[fromitem]
|-start|p2a: Iron Valiant|quarkdrivespe
|move|p1a: Blissey|Stealth Rock|p2a: Iron Valiant
|-sidestart|p2: JojoOui|move: Stealth Rock
|
|upkeep
|turn|7
|
|t:|1759014606
|-end|p2a: Iron Valiant|Quark Drive|[silent]
|switch|p2a: Gholdengo|Gholdengo|100/100
|-damage|p2a: Gholdengo|94/100|[from] Stealth Rock
|-item|p2a: Gholdengo|Air Balloon
|switch|p1a: Weezing|Weezing-Galar, F|100/100
|-ability|p1a: Weezing|Neutralizing Gas
|
|upkeep
|turn|8
|c|+haxlolo|Lets goooooo Jojo. Win this!!!!
|
|t:|1759014623
|-end|p1a: Weezing|ability: Neutralizing Gas
|switch|p1a: Blissey|Blissey, F|100/100
|-damage|p1a: Blissey|88/100|[from] Stealth Rock
|-damage|p1a: Blissey|63/100|[from] Spikes
|move|p2a: Gholdengo|Nasty Plot|p2a: Gholdengo
|-boost|p2a: Gholdengo|spa|2
|
|-heal|p1a: Blissey|69/100|[from] item: Leftovers
|upkeep
|turn|9
|inactive|JojoOui has 270 seconds left.
|c|+pousspouss|go jojo 
|inactive|JojoOui has 240 seconds left.
|
|t:|1759014678
|move|p2a: Gholdengo|Nasty Plot|p2a: Gholdengo
|-boost|p2a: Gholdengo|spa|2
|move|p1a: Blissey|Soft-Boiled|p1a: Blissey
|-heal|p1a: Blissey|100/100
|
|upkeep
|turn|10
|inactive|JojoOui has 240 seconds left.
|
|t:|1759014702
|move|p2a: Gholdengo|Nasty Plot|p2a: Gholdengo
|-boost|p2a: Gholdengo|spa|2
|move|p1a: Blissey|Calm Mind|p1a: Blissey
|-boost|p1a: Blissey|spa|1
|-boost|p1a: Blissey|spd|1
|
|upkeep
|turn|11
|inactive|JojoOui has 240 seconds left.
|inactive|luisin has 270 seconds left.
|
|t:|1759014723
|-terastallize|p2a: Gholdengo|Fighting
|-terastallize|p1a: Blissey|Dark
|move|p2a: Gholdengo|Focus Blast|p1a: Blissey
|-supereffective|p1a: Blissey
|-damage|p1a: Blissey|4/100
|move|p1a: Blissey|Calm Mind|p1a: Blissey
|-boost|p1a: Blissey|spa|1
|-boost|p1a: Blissey|spd|1
|
|-heal|p1a: Blissey|10/100|[from] item: Leftovers
|upkeep
|turn|12
|inactive|JojoOui has 240 seconds left.
|
|t:|1759014732
|move|p2a: Gholdengo|Shadow Ball|p1a: Blissey
|-resisted|p1a: Blissey
|-damage|p1a: Blissey|0 fnt
|faint|p1a: Blissey
|
|upkeep
|inactive|luisin has 270 seconds left.
|
|t:|1759014749
|switch|p1a: Dondozo|Dondozo, F|100/100
|-damage|p1a: Dondozo|88/100|[from] Stealth Rock
|-damage|p1a: Dondozo|63/100|[from] Spikes
|turn|13
|
|t:|1759014757
|move|p2a: Gholdengo|Shadow Ball|p1a: Dondozo
|-damage|p1a: Dondozo|20/100
|move|p1a: Dondozo|Rest|p1a: Dondozo
|-status|p1a: Dondozo|slp|[from] move: Rest
|-heal|p1a: Dondozo|100/100 slp|[silent]
|
|upkeep
|turn|14
|
|t:|1759014763
|move|p2a: Gholdengo|Shadow Ball|p1a: Dondozo
|-damage|p1a: Dondozo|60/100 slp
|cant|p1a: Dondozo|slp
|move|p1a: Dondozo|Sleep Talk|p1a: Dondozo
|move|p1a: Dondozo|Avalanche|p2a: Gholdengo|[from] move: Sleep Talk
|-damage|p2a: Gholdengo|62/100
|-enditem|p2a: Gholdengo|Air Balloon
|
|-heal|p1a: Dondozo|67/100 slp|[from] item: Leftovers
|upkeep
|turn|15
|
|t:|1759014771
|move|p2a: Gholdengo|Shadow Ball|p1a: Dondozo
|-damage|p1a: Dondozo|27/100 slp
|cant|p1a: Dondozo|slp
|move|p1a: Dondozo|Sleep Talk|p1a: Dondozo
|move|p1a: Dondozo|Body Press|p2a: Gholdengo|[from] move: Sleep Talk
|-damage|p2a: Gholdengo|33/100
|
|-heal|p1a: Dondozo|33/100 slp|[from] item: Leftovers
|upkeep
|turn|16
|
|t:|1759014777
|move|p2a: Gholdengo|Recover|p2a: Gholdengo
|-heal|p2a: Gholdengo|83/100
|-curestatus|p1a: Dondozo|slp|[msg]
|move|p1a: Dondozo|Body Press|p2a: Gholdengo
|-damage|p2a: Gholdengo|53/100
|
|-heal|p1a: Dondozo|39/100|[from] item: Leftovers
|upkeep
|turn|17
|
|t:|1759014782
|move|p2a: Gholdengo|Recover|p2a: Gholdengo
|-heal|p2a: Gholdengo|100/100
|move|p1a: Dondozo|Avalanche|p2a: Gholdengo
|-damage|p2a: Gholdengo|86/100
|
|-heal|p1a: Dondozo|46/100|[from] item: Leftovers
|upkeep
|turn|18
|
|t:|1759014785
|move|p2a: Gholdengo|Focus Blast|p1a: Dondozo
|-damage|p1a: Dondozo|0 fnt
|faint|p1a: Dondozo
|
|upkeep
|
|t:|1759014793
|switch|p1a: Gliscor|Gliscor, F|100/100 tox
|-damage|p1a: Gliscor|88/100 tox|[from] Stealth Rock
|turn|19
|
|t:|1759014797
|move|p1a: Gliscor|Protect|p1a: Gliscor
|-singleturn|p1a: Gliscor|Protect
|move|p2a: Gholdengo|Shadow Ball|p1a: Gliscor
|-activate|p1a: Gliscor|move: Protect
|
|-heal|p1a: Gliscor|100/100 tox|[from] ability: Poison Heal
|upkeep
|turn|20
|
|t:|1759014798
|move|p2a: Gholdengo|Shadow Ball|p1a: Gliscor
|-damage|p1a: Gliscor|0 fnt
|faint|p1a: Gliscor
|
|upkeep
|c|☆luisin|gg
|c|☆JojoOui|gg
|-message|luisin forfeited.
|
|win|JojoOui
