|j|☆addisunrae
|j|☆nina guitar
|t:|1758946021
|gametype|singles
|player|p1|addisunrae|caitlin-gen4|1257
|player|p2|nina guitar|hilbert|1306
|gen|9
|tier|[Gen 9] OU
|rated|
|rule|HP Percentage Mod: HP is shown in percentages
|rule|Endless Battle Clause: Forcing endless battles is banned
|rule|Species Clause: Limit one of each Pokémon
|rule|OHKO Clause: OHKO moves are banned
|rule|Evasion Items Clause: Evasion items are banned
|rule|Evasion Moves Clause: Evasion moves are banned
|rule|Evasion Abilities Clause: Evasion abilities are banned
|rule|Sleep Moves Clause: Sleep-inducing moves are banned
|clearpoke
|poke|p1|Dondozo, M|
|poke|p1|Blissey, F|
|poke|p1|Corviknight, M|
|poke|p1|Weezing-Galar, F|
|poke|p1|Gliscor, M|
|poke|p1|Toxapex, F|
|poke|p2|Torkoal, M|
|poke|p2|Walking Wake|
|poke|p2|Great Tusk|
|poke|p2|Raging Bolt|
|poke|p2|Alomomola, M|
|poke|p2|Kingambit, F|
|teampreview
|inactive|Battle timer is ON: inactive players will automatically lose when time's up. (requested by addisunrae)
|inactive|nina guitar also wants the timer to be on.
|
|t:|1758946032
|teamsize|p1|6
|teamsize|p2|6
|start
|switch|p1a: Toxapex|Toxapex, F|100/100
|switch|p2a: Walking Wake|Walking Wake|100/100
|turn|1
|
|t:|1758946039
|move|p2a: Walking Wake|Draco Meteor|p1a: Toxapex
|-damage|p1a: Toxapex|44/100
|-unboost|p2a: Walking Wake|spa|2
|move|p1a: Toxapex|Toxic Spikes|p2a: Walking Wake
|-sidestart|p2: nina guitar|move: Toxic Spikes
|
|-heal|p1a: Toxapex|50/100|[from] item: Leftovers
|upkeep
|turn|2
|
|t:|1758946051
|-end|p2a: Walking Wake|Protosynthesis|[silent]
|switch|p2a: Great Tusk|Great Tusk|100/100
|-status|p2a: Great Tusk|psn
|move|p1a: Toxapex|Recover|p1a: Toxapex
|-heal|p1a: Toxapex|99/100
|
|-heal|p1a: Toxapex|100/100|[from] item: Leftovers
|-damage|p2a: Great Tusk|88/100 psn|[from] psn
|upkeep
|turn|3
|
|t:|1758946073
|switch|p1a: Corviknight|Corviknight, M|100/100
|-ability|p1a: Corviknight|Pressure
|move|p2a: Great Tusk|Rapid Spin|p1a: Corviknight
|-resisted|p1a: Corviknight
|-damage|p1a: Corviknight|95/100
|-boost|p2a: Great Tusk|spe|1
|-sideend|p2: nina guitar|Toxic Spikes|[from] move: Rapid Spin|[of] p2a: Great Tusk
|
|-heal|p2a: Great Tusk|94/100 psn|[from] item: Leftovers
|-heal|p1a: Corviknight|100/100|[from] item: Leftovers
|-damage|p2a: Great Tusk|82/100 psn|[from] psn
|upkeep
|turn|4
|
|t:|1758946087
|-end|p2a: Great Tusk|Protosynthesis|[silent]
|switch|p2a: Torkoal|Torkoal, M|100/100
|-weather|SunnyDay|[from] ability: Drought|[of] p2a: Torkoal
|move|p1a: Corviknight|Iron Defense|p1a: Corviknight
|-boost|p1a: Corviknight|def|2
|
|-weather|SunnyDay|[upkeep]
|upkeep
|turn|5
|
|t:|1758946103
|switch|p1a: Blissey|Blissey, F|100/100
|-terastallize|p2a: Torkoal|Ghost
|move|p2a: Torkoal|Lava Plume|p1a: Blissey
|-damage|p1a: Blissey|88/100
|
|-weather|SunnyDay|[upkeep]
|-heal|p1a: Blissey|94/100|[from] item: Leftovers
|upkeep
|turn|6
|
|t:|1758946111
|switch|p2a: Walking Wake|Walking Wake|100/100
|-activate|p2a: Walking Wake|ability: Protosynthesis
|-start|p2a: Walking Wake|protosynthesisspe
|move|p1a: Blissey|Seismic Toss|p2a: Walking Wake
|-damage|p2a: Walking Wake|71/100
|
|-weather|SunnyDay|[upkeep]
|-heal|p1a: Blissey|100/100|[from] item: Leftovers
|upkeep
|turn|7
|
|t:|1758946122
|move|p2a: Walking Wake|Draco Meteor|p1a: Blissey
|-damage|p1a: Blissey|68/100
|-unboost|p2a: Walking Wake|spa|2
|move|p1a: Blissey|Seismic Toss|p2a: Walking Wake
|-damage|p2a: Walking Wake|42/100
|
|-weather|SunnyDay|[upkeep]
|-heal|p1a: Blissey|75/100|[from] item: Leftovers
|upkeep
|turn|8
|
|t:|1758946131
|-end|p2a: Walking Wake|Protosynthesis|[silent]
|switch|p2a: Kingambit|Kingambit, F|100/100
|move|p1a: Blissey|Seismic Toss|p2a: Kingambit
|-damage|p2a: Kingambit|74/100
|
|-weather|SunnyDay|[upkeep]
|-heal|p2a: Kingambit|80/100|[from] item: Leftovers
|-heal|p1a: Blissey|81/100|[from] item: Leftovers
|upkeep
|turn|9
|
|t:|1758946146
|switch|p1a: Dondozo|Dondozo, M|100/100
|move|p2a: Kingambit|Swords Dance|p2a: Kingambit
|-boost|p2a: Kingambit|atk|2
|
|-weather|SunnyDay|[upkeep]
|-heal|p2a: Kingambit|86/100|[from] item: Leftovers
|upkeep
|turn|10
|
|t:|1758946153
|move|p2a: Kingambit|Kowtow Cleave|p1a: Dondozo
|-damage|p1a: Dondozo|79/100
|move|p1a: Dondozo|Body Press|p2a: Kingambit
|-supereffective|p2a: Kingambit
|-damage|p2a: Kingambit|1/100
|
|-weather|SunnyDay|[upkeep]
|-heal|p2a: Kingambit|7/100|[from] item: Leftovers
|-heal|p1a: Dondozo|86/100|[from] item: Leftovers
|upkeep
|turn|11
|
|t:|1758946161
|-end|p2a: Kingambit|fallenundefined|[silent]
|switch|p2a: Raging Bolt|Raging Bolt|100/100
|-activate|p2a: Raging Bolt|ability: Protosynthesis
|-start|p2a: Raging Bolt|protosynthesisspa
|move|p1a: Dondozo|Body Press|p2a: Raging Bolt
|-damage|p2a: Raging Bolt|76/100
|
|-weather|none
|-end|p2a: Raging Bolt|Protosynthesis
|-heal|p1a: Dondozo|92/100|[from] item: Leftovers
|upkeep
|turn|12
|
|t:|1758946183
|switch|p1a: Blissey|Blissey, F|81/100
|move|p2a: Raging Bolt|Volt Switch|p1a: Blissey
|-damage|p1a: Blissey|69/100
|
|t:|1758946187
|-end|p2a: Raging Bolt|Protosynthesis|[silent]
|switch|p2a: Alomomola|Alomomola, M|100/100|[from] Volt Switch
|
|-heal|p1a: Blissey|75/100|[from] item: Leftovers
|upkeep
|turn|13
|
|t:|1758946194
|move|p2a: Alomomola|Wish|p2a: Alomomola
|move|p1a: Blissey|Stealth Rock|p2a: Alomomola
|-sidestart|p2: nina guitar|move: Stealth Rock
|
|-heal|p1a: Blissey|81/100|[from] item: Leftovers
|upkeep
|turn|14
|
|t:|1758946200
|switch|p2a: Kingambit|Kingambit, F|7/100
|-damage|p2a: Kingambit|1/100|[from] Stealth Rock
|move|p1a: Blissey|Seismic Toss|p2a: Kingambit
|-damage|p2a: Kingambit|0 fnt
|faint|p2a: Kingambit
|-end|p2a: Kingambit|fallenundefined|[silent]
|
|-heal|p1a: Blissey|88/100|[from] item: Leftovers
|upkeep
|-message|nina guitar forfeited.
|
|win|addisunrae
|raw|addisunrae's rating: 1257 &rarr; <strong>1286</strong><br />(+29 for winning)
|raw|nina guitar's rating: 1306 &rarr; <strong>1283</strong><br />(-23 for losing)
|l|☆nina guitar
|player|p2|
|l|☆addisunrae
|player|p1|
