|j|☆wuppygirl
|j|☆hungrymane
|t:|1759007139
|gametype|singles
|player|p1|wuppygirl|waitress|1612
|player|p2|hungrymane|101|1535
|gen|9
|tier|[Gen 9] OU
|rated|
|rule|HP Percentage Mod: HP is shown in percentages
|rule|Endless Battle Clause: Forcing endless battles is banned
|rule|Species Clause: Limit one of each Pokémon
|rule|OHKO Clause: OHKO moves are banned
|rule|Evasion Items Clause: Evasion items are banned
|rule|Evasion Moves Clause: Evasion moves are banned
|rule|Evasion Abilities Clause: Evasion abilities are banned
|rule|Sleep Moves Clause: Sleep-inducing moves are banned
|clearpoke
|poke|p1|Skarmory, F|
|poke|p1|Ting-Lu|
|poke|p1|Zamazenta-*|
|poke|p1|Pecharunt|
|poke|p1|Clefable, M|
|poke|p1|Walking Wake|
|poke|p2|Gengar, M|
|poke|p2|Greninja-*, M|
|poke|p2|Ribombee, F|
|poke|p2|Drifblim, M|
|poke|p2|Gyarados, M|
|poke|p2|Necrozma|
|teampreview
|c|☆wuppygirl|teams like this always make me sweat..
|c|☆wuppygirl|what the hell is drifblim up to
|c|☆wuppygirl|i'm scared
|
|t:|1759007203
|teamsize|p1|6
|teamsize|p2|6
|start
|switch|p1a: meoww|Ting-Lu|100/100
|switch|p2a: Gengar|Gengar, M|100/100
|-ability|p1a: meoww|Vessel of Ruin
|turn|1
|
|t:|1759007234
|-terastallize|p2a: Gengar|Ghost
|move|p2a: Gengar|Focus Blast|p1a: meoww
|-supereffective|p1a: meoww
|-damage|p1a: meoww|47/100
|move|p1a: meoww|Stealth Rock|p2a: Gengar
|-sidestart|p2: hungrymane|move: Stealth Rock
|
|-heal|p1a: meoww|53/100|[from] item: Leftovers
|upkeep
|turn|2
|
|t:|1759007249
|switch|p2a: Greninja|Greninja, M|100/100
|-damage|p2a: Greninja|88/100|[from] Stealth Rock
|switch|p1a: meowwww|Pecharunt|100/100
|
|upkeep
|turn|3
|
|t:|1759007290
|switch|p1a: meowww|Zamazenta|100/100
|-ability|p1a: meowww|Dauntless Shield|boost
|-boost|p1a: meowww|def|1
|move|p2a: Greninja|Spikes|p1a: meowww
|-start|p2a: Greninja|typechange|Ground|[from] ability: Protean
|-sidestart|p1: wuppygirl|Spikes
|
|upkeep
|turn|4
|
|t:|1759007303
|switch|p2a: Drifblim|Drifblim, M|100/100
|-damage|p2a: Drifblim|76/100|[from] Stealth Rock
|move|p1a: meowww|Crunch|p2a: Drifblim
|-supereffective|p2a: Drifblim
|-damage|p2a: Drifblim|26/100
|-enditem|p2a: Drifblim|Kee Berry|[eat]
|-boost|p2a: Drifblim|def|1|[from] item: Kee Berry
|
|upkeep
|turn|5
|
|t:|1759007321
|switch|p1a: meowwwww|Clefable, M|100/100
|move|p2a: Drifblim|Will-O-Wisp|p1a: meowwwww
|-status|p1a: meowwwww|brn
|
|upkeep
|turn|6
|
|t:|1759007328
|move|p2a: Drifblim|Explosion|p1a: meowwwww
|-damage|p1a: meowwwww|64/100 brn
|faint|p2a: Drifblim
|move|p1a: meowwwww|Calm Mind|p1a: meowwwww
|-boost|p1a: meowwwww|spa|1
|-boost|p1a: meowwwww|spd|1
|
|-heal|p1a: meowwwww|71/100 brn|[from] item: Leftovers
|upkeep
|
|t:|1759007346
|switch|p2a: Gyarados|Gyarados, M|100/100
|turn|7
|
|t:|1759007364
|switch|p1a: meowwww|Pecharunt|100/100
|move|p2a: Gyarados|Aqua Tail|p1a: meowwww
|-damage|p1a: meowwww|78/100
|
|upkeep
|turn|8
|
|t:|1759007376
|switch|p2a: Greninja|Greninja, M|88/100
|-damage|p2a: Greninja|76/100|[from] Stealth Rock
|move|p1a: meowwww|Recover|p1a: meowwww
|-heal|p1a: meowwww|100/100
|
|upkeep
|turn|9
|
|t:|1759007391
|switch|p1a: meowww|Zamazenta|100/100
|move|p2a: Greninja|Spikes|p1a: meowww
|-start|p2a: Greninja|typechange|Ground|[from] ability: Protean
|-sidestart|p1: wuppygirl|Spikes
|
|upkeep
|turn|10
|
|t:|1759007402
|move|p1a: meowww|Crunch|p2a: Greninja
|-damage|p2a: Greninja|35/100
|-damage|p1a: meowww|84/100|[from] item: Rocky Helmet|[of] p2a: Greninja
|move|p2a: Greninja|Counter|p1a: meowww
|-damage|p1a: meowww|16/100
|
|upkeep
|turn|11
|
|t:|1759007409
|move|p1a: meowww|Crunch|p2a: Greninja
|-damage|p2a: Greninja|0 fnt
|-damage|p1a: meowww|0 fnt|[from] item: Rocky Helmet|[of] p2a: Greninja
|faint|p2a: Greninja
|faint|p1a: meowww
|
|upkeep
|
|t:|1759007425
|switch|p1a: meowwwwww|Walking Wake|100/100
|switch|p2a: Necrozma|Necrozma|100/100
|-damage|p2a: Necrozma|88/100|[from] Stealth Rock
|turn|12
|
|t:|1759007441
|move|p1a: meowwwwww|Surf|p2a: Necrozma
|-damage|p2a: Necrozma|33/100
|move|p2a: Necrozma|Photon Geyser|p1a: meowwwwww
|-damage|p1a: meowwwwww|39/100
|
|upkeep
|turn|13
|
|t:|1759007448
|switch|p2a: Gyarados|Gyarados, M|100/100
|move|p1a: meowwwwww|Surf|p2a: Gyarados
|-resisted|p2a: Gyarados
|-damage|p2a: Gyarados|79/100
|
|upkeep
|turn|14
|
|t:|1759007462
|switch|p2a: Necrozma|Necrozma|33/100
|-damage|p2a: Necrozma|20/100|[from] Stealth Rock
|move|p1a: meowwwwww|Flip Turn|p2a: Necrozma
|-damage|p2a: Necrozma|3/100
|
|t:|1759007481
|-end|p1a: meowwwwww|Protosynthesis|[silent]
|switch|p1a: meow|Skarmory, F|100/100|[from] Flip Turn
|
|upkeep
|turn|15
|
|t:|1759007485
|move|p2a: Necrozma|Meteor Beam||[still]
|-prepare|p2a: Necrozma|Meteor Beam
|-boost|p2a: Necrozma|spa|1
|-enditem|p2a: Necrozma|Power Herb
|-anim|p2a: Necrozma|Meteor Beam|p1a: meow
|-damage|p1a: meow|23/100
|move|p1a: meow|Spikes|p2a: Necrozma
|-sidestart|p2: hungrymane|Spikes
|
|upkeep
|turn|16
|
|t:|1759007494
|move|p2a: Necrozma|Dark Pulse|p1a: meow
|-damage|p1a: meow|0 fnt
|faint|p1a: meow
|
|upkeep
|
|t:|1759007496
|switch|p1a: meowwwwww|Walking Wake|39/100
|turn|17
|
|t:|1759007502
|move|p1a: meowwwwww|Surf|p2a: Necrozma
|-damage|p2a: Necrozma|0 fnt
|faint|p2a: Necrozma
|
|upkeep
|
|t:|1759007504
|switch|p2a: Ribombee|Ribombee, F|100/100
|-damage|p2a: Ribombee|76/100|[from] Stealth Rock
|-damage|p2a: Ribombee|63/100|[from] Spikes
|turn|18
|
|t:|1759007516
|-end|p1a: meowwwwww|Protosynthesis|[silent]
|switch|p1a: meowwww|Pecharunt|100/100
|move|p2a: Ribombee|Quiver Dance|p2a: Ribombee
|-boost|p2a: Ribombee|spa|1
|-boost|p2a: Ribombee|spd|1
|-boost|p2a: Ribombee|spe|1
|
|upkeep
|turn|19
|
|t:|1759007521
|move|p2a: Ribombee|Quiver Dance|p2a: Ribombee
|-boost|p2a: Ribombee|spa|1
|-boost|p2a: Ribombee|spd|1
|-boost|p2a: Ribombee|spe|1
|move|p1a: meowwww|Malignant Chain|p2a: Ribombee
|-supereffective|p2a: Ribombee
|-damage|p2a: Ribombee|9/100
|
|upkeep
|turn|20
|
|t:|1759007528
|move|p2a: Ribombee|Moonblast|p1a: meowwww
|-resisted|p1a: meowwww
|-damage|p1a: meowwww|58/100
|move|p1a: meowwww|Malignant Chain|p2a: Ribombee
|-supereffective|p2a: Ribombee
|-damage|p2a: Ribombee|0 fnt
|faint|p2a: Ribombee
|
|upkeep
|
|t:|1759007530
|switch|p2a: Gengar|Gengar, M, tera:Ghost|100/100
|-damage|p2a: Gengar|88/100|[from] Stealth Rock
|-damage|p2a: Gengar|76/100|[from] Spikes
|turn|21
|
|t:|1759007539
|switch|p1a: meowwwwww|Walking Wake|39/100
|move|p2a: Gengar|Shadow Ball|p1a: meowwwwww
|-damage|p1a: meowwwwww|0 fnt
|faint|p1a: meowwwwww
|-end|p1a: meowwwwww|Protosynthesis|[silent]
|
|upkeep
|
|t:|1759007543
|switch|p1a: meoww|Ting-Lu|53/100
|-damage|p1a: meoww|36/100|[from] Spikes
|-ability|p1a: meoww|Vessel of Ruin
|turn|22
|
|t:|1759007547
|move|p2a: Gengar|Shadow Ball|p1a: meoww
|-resisted|p1a: meoww
|-damage|p1a: meoww|19/100
|move|p1a: meoww|Whirlwind|p2a: Gengar
|drag|p2a: Gyarados|Gyarados, M|79/100
|
|-heal|p1a: meoww|25/100|[from] item: Leftovers
|upkeep
|turn|23
|
|t:|1759007557
|move|p2a: Gyarados|Dragon Dance|p2a: Gyarados
|-boost|p2a: Gyarados|atk|1
|-boost|p2a: Gyarados|spe|1
|move|p1a: meoww|Whirlwind|p2a: Gyarados
|drag|p2a: Gengar|Gengar, M, tera:Ghost|76/100
|-damage|p2a: Gengar|64/100|[from] Stealth Rock
|-damage|p2a: Gengar|51/100|[from] Spikes
|
|-heal|p1a: meoww|31/100|[from] item: Leftovers
|upkeep
|turn|24
|
|t:|1759007564
|switch|p2a: Gyarados|Gyarados, M|79/100
|move|p1a: meoww|Whirlwind|p2a: Gyarados
|drag|p2a: Gengar|Gengar, M, tera:Ghost|51/100
|-damage|p2a: Gengar|39/100|[from] Stealth Rock
|-damage|p2a: Gengar|27/100|[from] Spikes
|
|-heal|p1a: meoww|38/100|[from] item: Leftovers
|upkeep
|turn|25
|
|t:|1759007572
|switch|p2a: Gyarados|Gyarados, M|79/100
|move|p1a: meoww|Earthquake|p2a: Gyarados
|-immune|p2a: Gyarados
|
|-heal|p1a: meoww|44/100|[from] item: Leftovers
|upkeep
|turn|26
|
|t:|1759007582
|move|p2a: Gyarados|Dragon Dance|p2a: Gyarados
|-boost|p2a: Gyarados|atk|1
|-boost|p2a: Gyarados|spe|1
|move|p1a: meoww|Ruination|p2a: Gyarados
|-damage|p2a: Gyarados|40/100
|
|-heal|p1a: meoww|50/100|[from] item: Leftovers
|upkeep
|turn|27
|
|t:|1759007586
|move|p2a: Gyarados|Aqua Tail|p1a: meoww
|-supereffective|p1a: meoww
|-damage|p1a: meoww|0 fnt
|faint|p1a: meoww
|-ability|p2a: Gyarados|Moxie|boost
|-boost|p2a: Gyarados|atk|1
|
|upkeep
|
|t:|1759007590
|switch|p1a: meowwww|Pecharunt|58/100
|turn|28
|
|t:|1759007599
|-terastallize|p1a: meowwww|Dark
|move|p2a: Gyarados|Aqua Tail|p1a: meowwww|[miss]
|-miss|p2a: Gyarados|p1a: meowwww
|move|p1a: meowwww|Recover|p1a: meowwww
|-heal|p1a: meowwww|100/100
|
|upkeep
|turn|29
|
|t:|1759007603
|move|p2a: Gyarados|Aqua Tail|p1a: meowwww
|-damage|p1a: meowwww|53/100
|move|p1a: meowwww|Foul Play|p2a: Gyarados
|-damage|p2a: Gyarados|0 fnt
|faint|p2a: Gyarados
|
|upkeep
|
|t:|1759007606
|switch|p2a: Gengar|Gengar, M, tera:Ghost|27/100
|-damage|p2a: Gengar|15/100|[from] Stealth Rock
|-damage|p2a: Gengar|2/100|[from] Spikes
|turn|30
|
|t:|1759007609
|move|p2a: Gengar|Sludge Bomb|p1a: meowwww
|-damage|p1a: meowwww|0 fnt
|faint|p1a: meowwww
|
|upkeep
|
|t:|1759007620
|switch|p1a: meowwwww|Clefable, M|71/100 brn
|turn|31
|
|t:|1759007624
|move|p2a: Gengar|Sludge Bomb|p1a: meowwwww
|-supereffective|p1a: meowwwww
|-damage|p1a: meowwwww|0 fnt
|faint|p1a: meowwwww
|
|win|hungrymane
|raw|wuppygirl's rating: 1612 &rarr; <strong>1588</strong><br />(-24 for losing)
|raw|hungrymane's rating: 1535 &rarr; <strong>1559</strong><br />(+24 for winning)
|l|☆wuppygirl
|player|p1|
