|j|☆777Crash
|j|☆OREO_532
|t:|1758935762
|gametype|singles
|player|p1|777Crash|265|1150
|player|p2|OREO_532|266|1076
|gen|9
|tier|[Gen 9] OU
|rated|
|rule|HP Percentage Mod: HP is shown in percentages
|rule|Endless Battle Clause: Forcing endless battles is banned
|rule|Species Clause: Limit one of each Pokémon
|rule|OHKO Clause: OHKO moves are banned
|rule|Evasion Items Clause: Evasion items are banned
|rule|Evasion Moves Clause: Evasion moves are banned
|rule|Evasion Abilities Clause: Evasion abilities are banned
|rule|Sleep Moves Clause: Sleep-inducing moves are banned
|clearpoke
|poke|p1|Alomomola, M|
|poke|p1|Slowking-Galar, M|
|poke|p1|Ogerpon-Wellspring, F|
|poke|p1|Regidrago|
|poke|p1|Great Tusk|
|poke|p1|Hatterene, F|
|poke|p2|Hawlucha, M|
|poke|p2|Eiscue, M|
|poke|p2|Deoxys-Speed|
|poke|p2|Iron Valiant|
|poke|p2|Ceruledge, M|
|poke|p2|Raging Bolt|
|teampreview
|
|t:|1758935767
|teamsize|p1|6
|teamsize|p2|6
|start
|switch|p1a: Regidrago|Regidrago|100/100
|switch|p2a: Deoxys|Deoxys-Speed|100/100
|-ability|p2a: Deoxys|Pressure
|turn|1
|
|t:|1758935781
|switch|p1a: Slowking|Slowking-Galar, M|100/100
|move|p2a: Deoxys|Stealth Rock|p1a: Slowking
|-sidestart|p1: 777Crash|move: Stealth Rock
|
|upkeep
|turn|2
|
|t:|1758935791
|move|p2a: Deoxys|Spikes|p1a: Slowking
|-sidestart|p1: 777Crash|Spikes
|move|p1a: Slowking|Toxic|p2a: Deoxys
|-status|p2a: Deoxys|tox
|
|-damage|p2a: Deoxys|94/100 tox|[from] psn
|upkeep
|turn|3
|
|t:|1758935798
|move|p2a: Deoxys|Spikes|p1a: Slowking
|-sidestart|p1: 777Crash|Spikes
|move|p1a: Slowking|Sludge Bomb|p2a: Deoxys
|-damage|p2a: Deoxys|52/100 tox
|
|-damage|p2a: Deoxys|40/100 tox|[from] psn
|upkeep
|turn|4
|
|t:|1758935807
|move|p2a: Deoxys|Future Sight|p1a: Slowking
|-start|p2a: Deoxys|move: Future Sight
|move|p1a: Slowking|Sludge Bomb|p2a: Deoxys
|-damage|p2a: Deoxys|0 fnt
|faint|p2a: Deoxys
|
|upkeep
|
|t:|1758935821
|switch|p2a: Ceruledge|Ceruledge, M, shiny|100/100
|turn|5
|
|t:|1758935832
|switch|p1a: Alomomola|Alomomola, M|100/100
|-damage|p1a: Alomomola|88/100|[from] Stealth Rock
|-damage|p1a: Alomomola|71/100|[from] Spikes
|move|p2a: Ceruledge|Swords Dance|p2a: Ceruledge
|-boost|p2a: Ceruledge|atk|2
|
|upkeep
|turn|6
|j| PyreticMalzeno
|
|t:|1758935849
|move|p2a: Ceruledge|Swords Dance|p2a: Ceruledge
|-boost|p2a: Ceruledge|atk|2
|move|p1a: Alomomola|Flip Turn|p2a: Ceruledge
|-supereffective|p2a: Ceruledge
|-damage|p2a: Ceruledge|53/100
|-ability|p2a: Ceruledge|Weak Armor|boost
|-unboost|p2a: Ceruledge|def|1
|-boost|p2a: Ceruledge|spe|2
|l| PyreticMalzeno
|
|t:|1758935862
|switch|p1a: Great Tusk|Great Tusk|100/100|[from] Flip Turn
|-damage|p1a: Great Tusk|98/100|[from] Stealth Rock
|-damage|p1a: Great Tusk|81/100|[from] Spikes
|-enditem|p1a: Great Tusk|Booster Energy
|-activate|p1a: Great Tusk|ability: Protosynthesis|[fromitem]
|-start|p1a: Great Tusk|protosynthesisatk
|
|-end|p1a: Great Tusk|move: Future Sight
|-supereffective|p1a: Great Tusk
|-damage|p1a: Great Tusk|0 fnt
|faint|p1a: Great Tusk
|-end|p1a: Great Tusk|Protosynthesis|[silent]
|upkeep
|-message|777Crash forfeited.
|
|win|OREO_532
|raw|777Crash's rating: 1150 &rarr; <strong>1120</strong><br />(-30 for losing)
|raw|OREO_532's rating: 1076 &rarr; <strong>1111</strong><br />(+35 for winning)
|l|☆777Crash
|player|p1|
