|j|☆A9MG
|j|☆GSiLVAZ
|t:|1759009702
|gametype|singles
|player|p1|A9MG|nurseryaide|1500
|player|p2|GSiLVAZ|brock|1524
|gen|9
|tier|[Gen 9] OU
|rated|
|rule|HP Percentage Mod: HP is shown in percentages
|rule|Endless Battle Clause: Forcing endless battles is banned
|rule|Species Clause: Limit one of each Pokémon
|rule|OHKO Clause: OHKO moves are banned
|rule|Evasion Items Clause: Evasion items are banned
|rule|Evasion Moves Clause: Evasion moves are banned
|rule|Evasion Abilities Clause: Evasion abilities are banned
|rule|Sleep Moves Clause: Sleep-inducing moves are banned
|clearpoke
|poke|p1|Azumarill, F|
|poke|p1|Great Tusk|
|poke|p1|Iron Moth|
|poke|p1|Iron Valiant|
|poke|p1|Landorus-Therian, M|
|poke|p1|Zarude|
|poke|p2|Landorus-Therian, M|
|poke|p2|Scizor, F|
|poke|p2|Alomomola, F|
|poke|p2|Slowking-Galar, M|
|poke|p2|Kingambit, F|
|poke|p2|Kyurem|
|teampreview
|inactive|Battle timer is ON: inactive players will automatically lose when time's up. (requested by A9MG)
|
|t:|1759009715
|teamsize|p1|6
|teamsize|p2|6
|start
|switch|p1a: Iron Valiant|Iron Valiant|100/100
|switch|p2a: Scizor|Scizor, F|100/100
|turn|1
|
|t:|1759009720
|-end|p1a: Iron Valiant|Quark Drive|[silent]
|switch|p1a: Landorus|Landorus-Therian, M|100/100
|-ability|p1a: Landorus|Intimidate|boost
|-unboost|p2a: Scizor|atk|1
|move|p2a: Scizor|U-turn|p1a: Landorus
|-resisted|p1a: Landorus
|-damage|p1a: Landorus|89/100
|-damage|p2a: Scizor|84/100|[from] item: Rocky Helmet|[of] p1a: Landorus
|inactive|GSiLVAZ has 120 seconds left.
|
|t:|1759009751
|switch|p2a: Kyurem|Kyurem|100/100|[from] U-turn
|-ability|p2a: Kyurem|Pressure
|
|upkeep
|turn|2
|
|t:|1759009770
|move|p2a: Kyurem|Ice Beam|p1a: Landorus
|-supereffective|p1a: Landorus
|-damage|p1a: Landorus|0 fnt
|faint|p1a: Landorus
|
|upkeep
|
|t:|1759009776
|switch|p1a: Azumarill|Azumarill, F|100/100
|turn|3
|
|t:|1759009791
|switch|p2a: Scizor|Scizor, F|84/100
|move|p1a: Azumarill|Knock Off|p2a: Scizor
|-crit|p2a: Scizor
|-damage|p2a: Scizor|0 fnt
|-enditem|p2a: Scizor|Leftovers|[from] move: Knock Off|[of] p1a: Azumarill
|faint|p2a: Scizor
|
|upkeep
|inactive|GSiLVAZ has 120 seconds left.
|
|t:|1759009820
|switch|p2a: Landorus|Landorus-Therian, M|100/100
|-ability|p2a: Landorus|Intimidate|boost
|-unboost|p1a: Azumarill|atk|1
|turn|4
|
|t:|1759009833
|switch|p1a: Zarude|Zarude|100/100
|move|p2a: Landorus|Stealth Rock|p1a: Zarude
|-sidestart|p1: A9MG|move: Stealth Rock
|
|upkeep
|turn|5
|
|t:|1759009839
|move|p1a: Zarude|Knock Off|p2a: Landorus
|-damage|p2a: Landorus|50/100
|-damage|p1a: Zarude|84/100|[from] item: Rocky Helmet|[of] p2a: Landorus
|-enditem|p2a: Landorus|Rocky Helmet|[from] move: Knock Off|[of] p1a: Zarude
|move|p2a: Landorus|U-turn|p1a: Zarude
|-supereffective|p1a: Zarude
|-damage|p1a: Zarude|20/100
|
|t:|1759009847
|switch|p2a: Kyurem|Kyurem|100/100|[from] U-turn
|-ability|p2a: Kyurem|Pressure
|
|upkeep
|turn|6
|
|t:|1759009856
|switch|p2a: Landorus|Landorus-Therian, M|50/100
|-ability|p2a: Landorus|Intimidate|boost
|-unboost|p1a: Zarude|atk|1
|move|p1a: Zarude|Close Combat|p2a: Landorus
|-resisted|p2a: Landorus
|-damage|p2a: Landorus|36/100
|-unboost|p1a: Zarude|def|1
|-unboost|p1a: Zarude|spd|1
|
|upkeep
|turn|7
|
|t:|1759009867
|switch|p1a: Great Tusk|Great Tusk|100/100
|-damage|p1a: Great Tusk|97/100|[from] Stealth Rock
|-enditem|p1a: Great Tusk|Booster Energy
|-activate|p1a: Great Tusk|ability: Protosynthesis|[fromitem]
|-start|p1a: Great Tusk|protosynthesisspe
|move|p2a: Landorus|U-turn|p1a: Great Tusk
|-resisted|p1a: Great Tusk
|-damage|p1a: Great Tusk|91/100
|
|t:|1759009876
|switch|p2a: Kyurem|Kyurem|100/100|[from] U-turn
|-ability|p2a: Kyurem|Pressure
|
|upkeep
|turn|8
|
|t:|1759009886
|move|p1a: Great Tusk|Headlong Rush|p2a: Kyurem
|-damage|p2a: Kyurem|50/100
|-unboost|p1a: Great Tusk|def|1
|-unboost|p1a: Great Tusk|spd|1
|move|p2a: Kyurem|Ice Beam|p1a: Great Tusk
|-supereffective|p1a: Great Tusk
|-damage|p1a: Great Tusk|0 fnt
|faint|p1a: Great Tusk
|-end|p1a: Great Tusk|Protosynthesis|[silent]
|
|upkeep
|
|t:|1759009898
|switch|p1a: Iron Valiant|Iron Valiant|100/100
|-damage|p1a: Iron Valiant|94/100|[from] Stealth Rock
|turn|9
|
|t:|1759009909
|switch|p2a: Slowking|Slowking-Galar, M|100/100
|move|p1a: Iron Valiant|Shadow Ball|p2a: Slowking
|-supereffective|p2a: Slowking
|-damage|p2a: Slowking|40/100
|
|upkeep
|turn|10
|
|t:|1759009918
|move|p1a: Iron Valiant|Shadow Ball|p2a: Slowking
|-supereffective|p2a: Slowking
|-damage|p2a: Slowking|0 fnt
|faint|p2a: Slowking
|
|upkeep
|
|t:|1759009926
|switch|p2a: Alomomola|Alomomola, F|100/100
|turn|11
|
|t:|1759009932
|-end|p1a: Iron Valiant|Quark Drive|[silent]
|switch|p1a: Zarude|Zarude|20/100
|-damage|p1a: Zarude|8/100|[from] Stealth Rock
|move|p2a: Alomomola|Flip Turn|p1a: Zarude
|-resisted|p1a: Zarude
|-damage|p1a: Zarude|1/100
|
|t:|1759009936
|switch|p2a: Landorus|Landorus-Therian, M|36/100|[from] Flip Turn
|-ability|p2a: Landorus|Intimidate|boost
|-unboost|p1a: Zarude|atk|1
|
|upkeep
|turn|12
|
|t:|1759009947
|move|p1a: Zarude|Close Combat|p2a: Landorus
|-resisted|p2a: Landorus
|-damage|p2a: Landorus|22/100
|-unboost|p1a: Zarude|def|1
|-unboost|p1a: Zarude|spd|1
|move|p2a: Landorus|U-turn|p1a: Zarude
|-supereffective|p1a: Zarude
|-damage|p1a: Zarude|0 fnt
|faint|p1a: Zarude
|
|t:|1759009963
|switch|p2a: Kyurem|Kyurem|50/100|[from] U-turn
|-ability|p2a: Kyurem|Pressure
|
|upkeep
|
|t:|1759009974
|switch|p1a: Iron Valiant|Iron Valiant|94/100
|-damage|p1a: Iron Valiant|88/100|[from] Stealth Rock
|turn|13
|
|t:|1759009984
|switch|p2a: Landorus|Landorus-Therian, M|22/100
|-ability|p2a: Landorus|Intimidate|boost
|-unboost|p1a: Iron Valiant|atk|1
|move|p1a: Iron Valiant|Vacuum Wave|p2a: Landorus
|-resisted|p2a: Landorus
|-damage|p2a: Landorus|9/100
|
|upkeep
|turn|14
|
|t:|1759009997
|move|p1a: Iron Valiant|Vacuum Wave|p2a: Landorus
|-resisted|p2a: Landorus
|-damage|p2a: Landorus|0 fnt
|faint|p2a: Landorus
|
|upkeep
|
|t:|1759010003
|switch|p2a: Alomomola|Alomomola, F|100/100
|turn|15
|
|t:|1759010010
|-end|p1a: Iron Valiant|Quark Drive|[silent]
|switch|p1a: Azumarill|Azumarill, F|100/100
|-damage|p1a: Azumarill|88/100|[from] Stealth Rock
|move|p2a: Alomomola|Scald|p1a: Azumarill
|-resisted|p1a: Azumarill
|-damage|p1a: Azumarill|79/100
|
|upkeep
|turn|16
|
|t:|1759010021
|move|p1a: Azumarill|Play Rough|p2a: Alomomola
|-damage|p2a: Alomomola|44/100
|-enditem|p2a: Alomomola|Red Card|[of] p1a: Azumarill
|drag|p1a: Iron Valiant|Iron Valiant|88/100
|-damage|p1a: Iron Valiant|82/100|[from] Stealth Rock
|move|p2a: Alomomola|Flip Turn|p1a: Iron Valiant
|-damage|p1a: Iron Valiant|61/100
|-message|GSiLVAZ forfeited.
|
|win|A9MG
|raw|A9MG's rating: 1500 &rarr; <strong>1521</strong><br />(+21 for winning)
|raw|GSiLVAZ's rating: 1524 &rarr; <strong>1503</strong><br />(-21 for losing)
|l|☆GSiLVAZ
|player|p2|
|l|☆A9MG
|player|p1|
