|j|☆ggaannddiigg
|j|☆firecharmander004
|t:|1758982739
|gametype|singles
|player|p1|ggaannddiigg|burglar|1329
|player|p2|firecharmander004|101|1399
|gen|9
|tier|[Gen 9] OU
|rated|
|rule|HP Percentage Mod: HP is shown in percentages
|rule|Endless Battle Clause: Forcing endless battles is banned
|rule|Species Clause: Limit one of each Pokémon
|rule|OHKO Clause: OHKO moves are banned
|rule|Evasion Items Clause: Evasion items are banned
|rule|Evasion Moves Clause: Evasion moves are banned
|rule|Evasion Abilities Clause: Evasion abilities are banned
|rule|Sleep Moves Clause: Sleep-inducing moves are banned
|clearpoke
|poke|p1|Rillaboom, M|
|poke|p1|Cinderace, M|
|poke|p1|Scizor, F|
|poke|p1|Dragonite, M|
|poke|p1|Azumarill, M|
|poke|p1|Raging Bolt|
|poke|p2|Kingambit, M|
|poke|p2|Ogerpon-Wellspring, F|
|poke|p2|Pecharunt|
|poke|p2|Cinderace, F|
|poke|p2|Iron Crown|
|poke|p2|Landorus-Therian, M|
|teampreview
|inactive|Battle timer is ON: inactive players will automatically lose when time's up. (requested by firecharmander004)
|
|t:|1758982747
|teamsize|p1|6
|teamsize|p2|6
|start
|switch|p1a: Cinderace|Cinderace, M|100/100
|switch|p2a: Landorus|Landorus-Therian, M, shiny|100/100
|-ability|p2a: Landorus|Intimidate|boost
|-unboost|p1a: Cinderace|atk|1
|turn|1
|
|t:|1758982756
|switch|p2a: Cinderace|Cinderace, F|100/100
|move|p1a: Cinderace|Will-O-Wisp|p2a: Cinderace
|-immune|p2a: Cinderace
|
|upkeep
|turn|2
|
|t:|1758982765
|move|p1a: Cinderace|U-turn|p2a: Cinderace
|-start|p1a: Cinderace|typechange|Bug|[from] ability: Libero
|-resisted|p2a: Cinderace
|-damage|p2a: Cinderace|88/100
|
|t:|1758982769
|switch|p1a: Raging Bolt|Raging Bolt|100/100|[from] U-turn
|move|p2a: Cinderace|U-turn|p1a: Raging Bolt
|-damage|p1a: Raging Bolt|84/100
|
|t:|1758982785
|switch|p2a: Landorus|Landorus-Therian, M, shiny|100/100|[from] U-turn
|-ability|p2a: Landorus|Intimidate|boost
|-unboost|p1a: Raging Bolt|atk|1
|
|-heal|p1a: Raging Bolt|90/100|[from] item: Leftovers
|upkeep
|turn|3
|
|t:|1758982800
|-end|p1a: Raging Bolt|Protosynthesis|[silent]
|switch|p1a: Scizor|Scizor, F|100/100
|move|p2a: Landorus|Earthquake|p1a: Scizor
|-damage|p1a: Scizor|56/100
|
|upkeep
|turn|4
|
|t:|1758982812
|move|p2a: Landorus|Taunt|p1a: Scizor
|-start|p1a: Scizor|move: Taunt
|move|p1a: Scizor|Knock Off|p2a: Landorus
|-damage|p2a: Landorus|47/100
|-damage|p1a: Scizor|39/100|[from] item: Rocky Helmet|[of] p2a: Landorus
|-enditem|p2a: Landorus|Rocky Helmet|[from] move: Knock Off|[of] p1a: Scizor
|
|upkeep
|turn|5
|
|t:|1758982824
|switch|p1a: Rillaboom|Rillaboom, M|100/100
|-fieldstart|move: Grassy Terrain|[from] ability: Grassy Surge|[of] p1a: Rillaboom
|move|p2a: Landorus|Stealth Rock|p1a: Rillaboom
|-sidestart|p1: ggaannddiigg|move: Stealth Rock
|
|upkeep
|turn|6
|
|t:|1758982837
|switch|p2a: Cinderace|Cinderace, F|88/100
|move|p1a: Rillaboom|Grassy Glide|p2a: Cinderace
|-resisted|p2a: Cinderace
|-damage|p2a: Cinderace|57/100
|
|-heal|p2a: Cinderace|63/100|[from] Grassy Terrain
|upkeep
|turn|7
|
|t:|1758982846
|switch|p1a: Cinderace|Cinderace, M|100/100
|move|p2a: Cinderace|U-turn|p1a: Cinderace
|-resisted|p1a: Cinderace
|-damage|p1a: Cinderace|88/100
|
|t:|1758982853
|switch|p2a: Pecharunt|Pecharunt|100/100|[from] U-turn
|
|-heal|p1a: Cinderace|94/100|[from] Grassy Terrain
|upkeep
|turn|8
|
|t:|1758982858
|move|p1a: Cinderace|Court Change|p1a: Cinderace
|-start|p1a: Cinderace|typechange|Normal|[from] ability: Libero
|-swapsideconditions
|-activate|p1a: Cinderace|move: Court Change
|move|p2a: Pecharunt|Parting Shot|p1a: Cinderace
|-unboost|p1a: Cinderace|atk|1
|-unboost|p1a: Cinderace|spa|1
|
|t:|1758982868
|switch|p2a: Cinderace|Cinderace, F|63/100|[from] Parting Shot
|
|-heal|p1a: Cinderace|99/100|[from] Grassy Terrain
|-heal|p2a: Cinderace|69/100|[from] Grassy Terrain
|upkeep
|turn|9
|
|t:|1758982878
|switch|p1a: Azumarill|Azumarill, M|100/100
|move|p2a: Cinderace|Will-O-Wisp|p1a: Azumarill
|-status|p1a: Azumarill|brn
|
|-heal|p2a: Cinderace|75/100|[from] Grassy Terrain
|-damage|p1a: Azumarill|94/100 brn|[from] brn
|-fieldend|move: Grassy Terrain
|upkeep
|turn|10
|
|t:|1758982897
|switch|p2a: Ogerpon|Ogerpon-Wellspring, F|100/100
|-damage|p2a: Ogerpon|88/100|[from] Stealth Rock
|move|p1a: Azumarill|Play Rough|p2a: Ogerpon
|-damage|p2a: Ogerpon|53/100
|
|-damage|p1a: Azumarill|88/100 brn|[from] brn
|upkeep
|turn|11
|
|t:|1758982913
|move|p2a: Ogerpon|Power Whip|p1a: Azumarill
|-supereffective|p1a: Azumarill
|-damage|p1a: Azumarill|0 fnt
|faint|p1a: Azumarill
|
|upkeep
|
|t:|1758982924
|switch|p1a: Raging Bolt|Raging Bolt|90/100
|turn|12
|
|t:|1758982931
|move|p2a: Ogerpon|Swords Dance|p2a: Ogerpon
|-boost|p2a: Ogerpon|atk|2
|move|p1a: Raging Bolt|Draco Meteor|p2a: Ogerpon
|-damage|p2a: Ogerpon|0 fnt
|-unboost|p1a: Raging Bolt|spa|2
|faint|p2a: Ogerpon
|
|-heal|p1a: Raging Bolt|96/100|[from] item: Leftovers
|upkeep
|
|t:|1758982946
|switch|p2a: Cinderace|Cinderace, F|75/100
|turn|13
|
|t:|1758982953
|move|p2a: Cinderace|Court Change|p2a: Cinderace
|-swapsideconditions
|-activate|p2a: Cinderace|move: Court Change
|move|p1a: Raging Bolt|Volt Switch|p2a: Cinderace
|-damage|p2a: Cinderace|50/100
|
|t:|1758982960
|-end|p1a: Raging Bolt|Protosynthesis|[silent]
|switch|p1a: Cinderace|Cinderace, M|99/100|[from] Volt Switch
|
|upkeep
|turn|14
|
|t:|1758982974
|move|p1a: Cinderace|U-turn|p2a: Cinderace
|-start|p1a: Cinderace|typechange|Bug|[from] ability: Libero
|-resisted|p2a: Cinderace
|-damage|p2a: Cinderace|28/100
|
|t:|1758982978
|switch|p1a: Raging Bolt|Raging Bolt|96/100|[from] U-turn
|-damage|p1a: Raging Bolt|84/100|[from] Stealth Rock
|move|p2a: Cinderace|U-turn|p1a: Raging Bolt
|-damage|p1a: Raging Bolt|69/100
|
|t:|1758982982
|switch|p2a: Landorus|Landorus-Therian, M, shiny|47/100|[from] U-turn
|-ability|p2a: Landorus|Intimidate|boost
|-unboost|p1a: Raging Bolt|atk|1
|
|-heal|p1a: Raging Bolt|75/100|[from] item: Leftovers
|upkeep
|turn|15
|
|t:|1758982991
|-end|p1a: Raging Bolt|Protosynthesis|[silent]
|switch|p1a: Rillaboom|Rillaboom, M|100/100
|-damage|p1a: Rillaboom|88/100|[from] Stealth Rock
|-fieldstart|move: Grassy Terrain|[from] ability: Grassy Surge|[of] p1a: Rillaboom
|move|p2a: Landorus|U-turn|p1a: Rillaboom
|-supereffective|p1a: Rillaboom
|-damage|p1a: Rillaboom|35/100
|
|t:|1758983003
|switch|p2a: Cinderace|Cinderace, F|28/100|[from] U-turn
|
|-heal|p2a: Cinderace|34/100|[from] Grassy Terrain
|-heal|p1a: Rillaboom|42/100|[from] Grassy Terrain
|upkeep
|turn|16
|
|t:|1758983017
|switch|p1a: Raging Bolt|Raging Bolt|75/100
|-damage|p1a: Raging Bolt|62/100|[from] Stealth Rock
|move|p2a: Cinderace|Pyro Ball|p1a: Raging Bolt
|-resisted|p1a: Raging Bolt
|-damage|p1a: Raging Bolt|43/100
|
|-heal|p2a: Cinderace|40/100|[from] Grassy Terrain
|-heal|p1a: Raging Bolt|49/100|[from] Grassy Terrain
|-heal|p1a: Raging Bolt|56/100|[from] item: Leftovers
|upkeep
|turn|17
|
|t:|1758983027
|switch|p2a: Iron Crown|Iron Crown|100/100
|move|p1a: Raging Bolt|Draco Meteor|p2a: Iron Crown|[miss]
|-miss|p1a: Raging Bolt|p2a: Iron Crown
|
|-heal|p1a: Raging Bolt|62/100|[from] Grassy Terrain
|-heal|p1a: Raging Bolt|68/100|[from] item: Leftovers
|upkeep
|turn|18
|
|t:|1758983035
|move|p2a: Iron Crown|Future Sight|p1a: Raging Bolt
|-start|p2a: Iron Crown|move: Future Sight
|move|p1a: Raging Bolt|Volt Switch|p2a: Iron Crown
|-damage|p2a: Iron Crown|72/100
|
|t:|1758983040
|-end|p1a: Raging Bolt|Protosynthesis|[silent]
|switch|p1a: Scizor|Scizor, F|39/100|[from] Volt Switch
|-damage|p1a: Scizor|27/100|[from] Stealth Rock
|
|-heal|p2a: Iron Crown|78/100|[from] Grassy Terrain
|-heal|p1a: Scizor|33/100|[from] Grassy Terrain
|upkeep
|turn|19
|
|t:|1758983047
|-end|p2a: Iron Crown|Quark Drive|[silent]
|switch|p2a: Landorus|Landorus-Therian, M, shiny|47/100
|-ability|p2a: Landorus|Intimidate|boost
|-unboost|p1a: Scizor|atk|1
|move|p1a: Scizor|Knock Off|p2a: Landorus
|-damage|p2a: Landorus|23/100
|
|-heal|p1a: Scizor|39/100|[from] Grassy Terrain
|-fieldend|move: Grassy Terrain
|upkeep
|turn|20
|
|t:|1758983058
|move|p2a: Landorus|Earthquake|p1a: Scizor
|-damage|p1a: Scizor|0 fnt
|faint|p1a: Scizor
|
|-hint|Future Sight did not hit because the target is fainted.
|upkeep
|
|t:|1758983063
|switch|p1a: Rillaboom|Rillaboom, M|42/100
|-damage|p1a: Rillaboom|29/100|[from] Stealth Rock
|-fieldstart|move: Grassy Terrain|[from] ability: Grassy Surge|[of] p1a: Rillaboom
|turn|21
|
|t:|1758983072
|move|p1a: Rillaboom|Grassy Glide|p2a: Landorus
|-damage|p2a: Landorus|0 fnt
|faint|p2a: Landorus
|
|-heal|p1a: Rillaboom|35/100|[from] Grassy Terrain
|upkeep
|
|t:|1758983097
|switch|p2a: Cinderace|Cinderace, F|40/100
|turn|22
|
|t:|1758983103
|switch|p1a: Cinderace|Cinderace, M|99/100
|move|p2a: Cinderace|U-turn|p1a: Cinderace
|-resisted|p1a: Cinderace
|-damage|p1a: Cinderace|86/100
|
|t:|1758983117
|switch|p2a: Pecharunt|Pecharunt|100/100|[from] U-turn
|
|-heal|p1a: Cinderace|92/100|[from] Grassy Terrain
|upkeep
|turn|23
|
|t:|1758983127
|move|p1a: Cinderace|Court Change|p1a: Cinderace
|-start|p1a: Cinderace|typechange|Normal|[from] ability: Libero
|-swapsideconditions
|-activate|p1a: Cinderace|move: Court Change
|move|p2a: Pecharunt|Malignant Chain|p1a: Cinderace
|-damage|p1a: Cinderace|46/100
|-status|p1a: Cinderace|tox
|-start|p1a: Cinderace|confusion|[from] ability: Poison Puppeteer|[of] p2a: Pecharunt
|
|-heal|p1a: Cinderace|52/100 tox|[from] Grassy Terrain
|-damage|p1a: Cinderace|46/100 tox|[from] psn
|upkeep
|turn|24
|
|t:|1758983138
|switch|p1a: Raging Bolt|Raging Bolt|68/100
|move|p2a: Pecharunt|Parting Shot|p1a: Raging Bolt
|-unboost|p1a: Raging Bolt|atk|1
|-unboost|p1a: Raging Bolt|spa|1
|
|t:|1758983163
|switch|p2a: Iron Crown|Iron Crown|78/100|[from] Parting Shot
|-damage|p2a: Iron Crown|72/100|[from] Stealth Rock
|
|-heal|p2a: Iron Crown|78/100|[from] Grassy Terrain
|-heal|p1a: Raging Bolt|74/100|[from] Grassy Terrain
|-heal|p1a: Raging Bolt|80/100|[from] item: Leftovers
|upkeep
|turn|25
|
|t:|1758983171
|move|p2a: Iron Crown|Future Sight|p1a: Raging Bolt
|-start|p2a: Iron Crown|move: Future Sight
|move|p1a: Raging Bolt|Volt Switch|p2a: Iron Crown
|-damage|p2a: Iron Crown|61/100
|
|t:|1758983175
|-end|p1a: Raging Bolt|Protosynthesis|[silent]
|switch|p1a: Cinderace|Cinderace, M|46/100 tox|[from] Volt Switch
|
|-heal|p1a: Cinderace|52/100 tox|[from] Grassy Terrain
|-heal|p2a: Iron Crown|67/100|[from] Grassy Terrain
|-damage|p1a: Cinderace|46/100 tox|[from] psn
|-fieldend|move: Grassy Terrain
|upkeep
|turn|26
|
|t:|1758983185
|-end|p2a: Iron Crown|Quark Drive|[silent]
|switch|p2a: Pecharunt|Pecharunt|100/100
|move|p1a: Cinderace|Pyro Ball|p2a: Pecharunt
|-damage|p2a: Pecharunt|73/100
|
|-damage|p1a: Cinderace|34/100 tox|[from] psn
|upkeep
|turn|27
|
|t:|1758983202
|move|p1a: Cinderace|U-turn|p2a: Pecharunt
|-start|p1a: Cinderace|typechange|Bug|[from] ability: Libero
|-resisted|p2a: Pecharunt
|-damage|p2a: Pecharunt|69/100
|
|t:|1758983207
|switch|p1a: Raging Bolt|Raging Bolt|80/100|[from] U-turn
|move|p2a: Pecharunt|Shadow Ball|p1a: Raging Bolt
|-damage|p1a: Raging Bolt|60/100
|-unboost|p1a: Raging Bolt|spd|1
|
|-end|p1a: Raging Bolt|move: Future Sight
|-damage|p1a: Raging Bolt|0 fnt
|faint|p1a: Raging Bolt
|-end|p1a: Raging Bolt|Protosynthesis|[silent]
|upkeep
|c|☆ggaannddiigg|Of course the Spd Drop
|inactive|ggaannddiigg has 120 seconds left.
|
|t:|1758983247
|switch|p1a: Dragonite|Dragonite, M|100/100
|turn|28
|inactive|ggaannddiigg has 120 seconds left.
|
|t:|1758983260
|move|p1a: Dragonite|Dragon Dance|p1a: Dragonite
|-boost|p1a: Dragonite|atk|1
|-boost|p1a: Dragonite|spe|1
|move|p2a: Pecharunt|Malignant Chain|p1a: Dragonite
|-crit|p1a: Dragonite
|-damage|p1a: Dragonite|74/100
|-status|p1a: Dragonite|tox
|-start|p1a: Dragonite|confusion|[from] ability: Poison Puppeteer|[of] p2a: Pecharunt
|
|-damage|p1a: Dragonite|68/100 tox|[from] psn
|upkeep
|turn|29
|inactive|ggaannddiigg has 120 seconds left.
|
|t:|1758983271
|switch|p2a: Iron Crown|Iron Crown|67/100
|-damage|p2a: Iron Crown|61/100|[from] Stealth Rock
|-activate|p1a: Dragonite|confusion
|-damage|p1a: Dragonite|43/100 tox|[from] confusion
|
|-damage|p1a: Dragonite|31/100 tox|[from] psn
|upkeep
|turn|30
|inactive|ggaannddiigg has 120 seconds left.
|
|t:|1758983279
|-activate|p1a: Dragonite|confusion
|-damage|p1a: Dragonite|5/100 tox|[from] confusion
|move|p2a: Iron Crown|Volt Switch|p1a: Dragonite
|-damage|p1a: Dragonite|0 fnt
|faint|p1a: Dragonite
|c|☆ggaannddiigg|Fck that
|
|t:|1758983284
|-end|p2a: Iron Crown|Quark Drive|[silent]
|switch|p2a: Cinderace|Cinderace, F|40/100|[from] Volt Switch
|
|upkeep
|
|t:|1758983288
|switch|p1a: Cinderace|Cinderace, M|34/100 tox
|turn|31
|
|t:|1758983293
|move|p2a: Cinderace|Pyro Ball|p1a: Cinderace
|-resisted|p1a: Cinderace
|-damage|p1a: Cinderace|0 fnt
|faint|p1a: Cinderace
|
|upkeep
|-message|ggaannddiigg forfeited.
|
|win|firecharmander004
|raw|ggaannddiigg's rating: 1329 &rarr; <strong>1313</strong><br />(-16 for losing)
|raw|firecharmander004's rating: 1399 &rarr; <strong>1415</strong><br />(+16 for winning)
|l|☆ggaannddiigg
|player|p1|
