|j|☆Sergeant Garcia
|j|☆alfredh
|t:|1759013146
|gametype|singles
|player|p1|Sergeant Garcia|2|1183
|player|p2|alfredh|102|1199
|gen|9
|tier|[Gen 9] OU
|rated|
|rule|HP Percentage Mod: HP is shown in percentages
|rule|Endless Battle Clause: Forcing endless battles is banned
|rule|Species Clause: Limit one of each Pokémon
|rule|OHKO Clause: OHKO moves are banned
|rule|Evasion Items Clause: Evasion items are banned
|rule|Evasion Moves Clause: Evasion moves are banned
|rule|Evasion Abilities Clause: Evasion abilities are banned
|rule|Sleep Moves Clause: Sleep-inducing moves are banned
|clearpoke
|poke|p1|Gallade, M|
|poke|p1|Yanmega, M|
|poke|p1|Cloyster, F|
|poke|p1|Sandslash, M|
|poke|p1|Heatran, M|
|poke|p1|Slowbro-Galar, F|
|poke|p2|Samurott-Hisui, M|
|poke|p2|Great Tusk|
|poke|p2|Volcanion|
|poke|p2|Hydrapple, M|
|poke|p2|Gholdengo|
|poke|p2|Landorus-Therian, M|
|teampreview
|inactive|Battle timer is ON: inactive players will automatically lose when time's up. (requested by alfredh)
|
|t:|1759013161
|teamsize|p1|6
|teamsize|p2|6
|start
|switch|p1a: Yanmega|Yanmega, M|100/100
|switch|p2a: Hydrapple|Hydrapple, M|100/100
|turn|1
|
|t:|1759013171
|switch|p2a: Gholdengo|Gholdengo|100/100
|-item|p2a: Gholdengo|Air Balloon
|move|p1a: Yanmega|Protect||[still]
|-fail|p1a: Yanmega
|
|-ability|p1a: Yanmega|Speed Boost|boost
|-boost|p1a: Yanmega|spe|1
|upkeep
|turn|2
|
|t:|1759013178
|move|p1a: Yanmega|Bug Buzz|p2a: Gholdengo
|-resisted|p2a: Gholdengo
|-damage|p2a: Gholdengo|89/100
|-enditem|p2a: Gholdengo|Air Balloon
|-enditem|p1a: Yanmega|Throat Spray
|-boost|p1a: Yanmega|spa|1|[from] item: Throat Spray
|move|p2a: Gholdengo|Make It Rain|p1a: Yanmega
|-damage|p1a: Yanmega|0 fnt
|-unboost|p2a: Gholdengo|spa|1
|faint|p1a: Yanmega
|
|upkeep
|
|t:|1759013188
|switch|p1a: Slowbro|Slowbro-Galar, F|100/100
|turn|3
|
|t:|1759013193
|move|p2a: Gholdengo|Shadow Ball|p1a: Slowbro
|-supereffective|p1a: Slowbro
|-damage|p1a: Slowbro|36/100
|-unboost|p1a: Slowbro|spd|1
|move|p1a: Slowbro|Flamethrower|p2a: Gholdengo
|-supereffective|p2a: Gholdengo
|-damage|p2a: Gholdengo|30/100
|
|upkeep
|turn|4
|
|t:|1759013202
|move|p2a: Gholdengo|Shadow Ball|p1a: Slowbro
|-supereffective|p1a: Slowbro
|-damage|p1a: Slowbro|0 fnt
|faint|p1a: Slowbro
|
|upkeep
|
|t:|1759013207
|switch|p1a: Gallade|Gallade, M|100/100
|turn|5
|
|t:|1759013215
|switch|p2a: Landorus|Landorus-Therian, M|100/100
|-ability|p2a: Landorus|Intimidate|boost
|-unboost|p1a: Gallade|atk|1
|move|p1a: Gallade|Night Slash|p2a: Landorus
|-damage|p2a: Landorus|71/100
|
|upkeep
|turn|6
|
|t:|1759013229
|switch|p1a: Cloyster|Cloyster, F|100/100
|move|p2a: Landorus|Earthquake|p1a: Cloyster
|-damage|p1a: Cloyster|57/100
|
|upkeep
|turn|7
|
|t:|1759013239
|move|p2a: Landorus|Earthquake|p1a: Cloyster
|-damage|p1a: Cloyster|8/100
|move|p1a: Cloyster|Shell Smash|p1a: Cloyster
|-unboost|p1a: Cloyster|def|1
|-unboost|p1a: Cloyster|spd|1
|-boost|p1a: Cloyster|atk|2
|-boost|p1a: Cloyster|spa|2
|-boost|p1a: Cloyster|spe|2
|-enditem|p1a: Cloyster|White Herb
|-clearnegativeboost|p1a: Cloyster|[silent]
|
|upkeep
|turn|8
|
|t:|1759013248
|switch|p2a: Samurott|Samurott-Hisui, M|100/100
|move|p1a: Cloyster|Icicle Spear|p2a: Samurott
|-resisted|p2a: Samurott
|-damage|p2a: Samurott|88/100
|-resisted|p2a: Samurott
|-crit|p2a: Samurott
|-damage|p2a: Samurott|71/100
|-resisted|p2a: Samurott
|-damage|p2a: Samurott|59/100
|-resisted|p2a: Samurott
|-damage|p2a: Samurott|47/100
|-resisted|p2a: Samurott
|-damage|p2a: Samurott|35/100
|-hitcount|p2a: Samurott|5
|
|upkeep
|turn|9
|
|t:|1759013253
|move|p2a: Samurott|Sucker Punch|p1a: Cloyster
|-damage|p1a: Cloyster|0 fnt
|faint|p1a: Cloyster
|
|upkeep
|
|t:|1759013257
|switch|p1a: Gallade|Gallade, M|100/100
|turn|10
|
|t:|1759013262
|move|p2a: Samurott|Razor Shell|p1a: Gallade
|-damage|p1a: Gallade|40/100
|-unboost|p1a: Gallade|def|1
|move|p1a: Gallade|Agility|p1a: Gallade
|-boost|p1a: Gallade|spe|2
|
|upkeep
|turn|11
|
|t:|1759013274
|move|p2a: Samurott|Sucker Punch||[still]
|-fail|p2a: Samurott
|move|p1a: Gallade|Agility|p1a: Gallade
|-boost|p1a: Gallade|spe|2
|
|upkeep
|turn|12
|
|t:|1759013278
|move|p1a: Gallade|Agility|p1a: Gallade
|-boost|p1a: Gallade|spe|2
|move|p2a: Samurott|Razor Shell|p1a: Gallade
|-damage|p1a: Gallade|0 fnt
|faint|p1a: Gallade
|
|upkeep
|
|t:|1759013285
|switch|p1a: Sandslash|Sandslash, M|100/100
|turn|13
|
|t:|1759013295
|-terastallize|p1a: Sandslash|Poison
|move|p2a: Samurott|Razor Shell|p1a: Sandslash
|-damage|p1a: Sandslash|59/100
|-unboost|p1a: Sandslash|def|1
|move|p1a: Sandslash|Earthquake|p2a: Samurott
|-damage|p2a: Samurott|0 fnt
|faint|p2a: Samurott
|
|upkeep
|-message|Sergeant Garcia forfeited.
|
|win|alfredh
|raw|Sergeant Garcia's rating: 1183 &rarr; <strong>1159</strong><br />(-24 for losing)
|raw|alfredh's rating: 1199 &rarr; <strong>1223</strong><br />(+24 for winning)
|l|☆Sergeant Garcia
|player|p1|
|l|☆alfredh
|player|p2|
