|j|☆Snowhiteonii
|j|☆ComfortablyBrum
|t:|1758960233
|gametype|singles
|player|p1|Snowhiteonii|265|1000
|player|p2|ComfortablyBrum|169|1000
|gen|9
|tier|[Gen 9] OU
|rated|
|rule|HP Percentage Mod: HP is shown in percentages
|rule|Endless Battle Clause: Forcing endless battles is banned
|rule|Species Clause: Limit one of each Pokémon
|rule|OHKO Clause: OHKO moves are banned
|rule|Evasion Items Clause: Evasion items are banned
|rule|Evasion Moves Clause: Evasion moves are banned
|rule|Evasion Abilities Clause: Evasion abilities are banned
|rule|Sleep Moves Clause: Sleep-inducing moves are banned
|clearpoke
|poke|p1|Grimmsnarl, M|
|poke|p1|Glimmora, M|
|poke|p1|Quaquaval, M|
|poke|p1|Chandelure, M|
|poke|p1|Corviknight, M|
|poke|p1|Garganacl, M|
|poke|p2|Deoxys-Speed|
|poke|p2|Magnezone|
|poke|p2|Lilligant-Hisui, F|
|poke|p2|Weezing-Galar, F|
|poke|p2|Talonflame, F|
|poke|p2|Flapple, F|
|teampreview
|
|t:|1758960243
|teamsize|p1|6
|teamsize|p2|6
|start
|switch|p1a: Grimmsnarl|Grimmsnarl, M|100/100
|switch|p2a: Deoxys|Deoxys-Speed|100/100
|-ability|p2a: Deoxys|Pressure
|turn|1
|
|t:|1758960260
|switch|p2a: Magnezone|Magnezone|100/100
|move|p1a: Grimmsnarl|Light Screen|p1a: Grimmsnarl
|-sidestart|p1: Snowhiteonii|move: Light Screen
|
|upkeep
|turn|2
|
|t:|1758960267
|move|p1a: Grimmsnarl|Parting Shot|p2a: Magnezone
|-unboost|p2a: Magnezone|atk|1
|-unboost|p2a: Magnezone|spa|1
|
|t:|1758960275
|switch|p1a: Glimmora|Glimmora, M|100/100|[from] Parting Shot
|-item|p1a: Glimmora|Air Balloon
|move|p2a: Magnezone|Reflect|p2a: Magnezone
|-sidestart|p2: ComfortablyBrum|Reflect
|
|upkeep
|turn|3
|
|t:|1758960289
|move|p1a: Glimmora|Stealth Rock|p2a: Magnezone
|-sidestart|p2: ComfortablyBrum|move: Stealth Rock
|move|p2a: Magnezone|Gravity|p2a: Magnezone
|-fieldstart|move: Gravity
|
|upkeep
|turn|4
|
|t:|1758960323
|switch|p2a: Flapple|Flapple, F|100/100
|-damage|p2a: Flapple|88/100|[from] Stealth Rock
|move|p1a: Glimmora|Toxic Spikes|p2a: Flapple
|-sidestart|p2: ComfortablyBrum|move: Toxic Spikes
|
|upkeep
|turn|5
|
|t:|1758960334
|move|p1a: Glimmora|Toxic Spikes|p2a: Flapple
|-sidestart|p2: ComfortablyBrum|move: Toxic Spikes
|move|p2a: Flapple|Grav Apple|p1a: Glimmora
|-damage|p1a: Glimmora|0 fnt
|-enditem|p1a: Glimmora|Air Balloon
|faint|p1a: Glimmora
|
|upkeep
|
|t:|1758960353
|switch|p1a: Garganacl|Garganacl, M|100/100
|turn|6
|
|t:|1758960361
|-terastallize|p1a: Garganacl|Ghost
|move|p2a: Flapple|Grav Apple|p1a: Garganacl
|-damage|p1a: Garganacl|53/100
|-unboost|p1a: Garganacl|def|1
|move|p1a: Garganacl|Salt Cure|p2a: Flapple
|-damage|p2a: Flapple|80/100
|-start|p2a: Flapple|Salt Cure
|
|-heal|p1a: Garganacl|59/100|[from] item: Leftovers
|-damage|p2a: Flapple|67/100|[from] Salt Cure
|-sideend|p2: ComfortablyBrum|Reflect
|upkeep
|turn|7
|
|t:|1758960376
|move|p2a: Flapple|U-turn|p1a: Garganacl
|-resisted|p1a: Garganacl
|-damage|p1a: Garganacl|46/100
|
|t:|1758960382
|switch|p2a: Weezing|Weezing-Galar, F|100/100|[from] U-turn
|-ability|p2a: Weezing|Neutralizing Gas
|-damage|p2a: Weezing|88/100|[from] Stealth Rock
|-sideend|p2: ComfortablyBrum|move: Toxic Spikes|[of] p2a: Weezing
|move|p1a: Garganacl|Recover|p1a: Garganacl
|-heal|p1a: Garganacl|96/100
|
|-heal|p2a: Weezing|94/100|[from] item: Black Sludge
|-heal|p1a: Garganacl|100/100|[from] item: Leftovers
|-fieldend|move: Gravity
|upkeep
|turn|8
|
|t:|1758960395
|move|p2a: Weezing|Toxic|p1a: Garganacl
|-status|p1a: Garganacl|tox
|move|p1a: Garganacl|Earthquake|p2a: Weezing
|-supereffective|p2a: Weezing
|-damage|p2a: Weezing|62/100
|
|-heal|p2a: Weezing|68/100|[from] item: Black Sludge
|-damage|p1a: Garganacl|94/100 tox|[from] psn
|-sideend|p1: Snowhiteonii|move: Light Screen
|upkeep
|turn|9
|
|t:|1758960417
|move|p2a: Weezing|Defog|p1a: Garganacl
|-unboost|p1a: Garganacl|evasion|1
|-sideend|p2: ComfortablyBrum|Stealth Rock|[from] move: Defog|[of] p2a: Weezing
|move|p1a: Garganacl|Salt Cure|p2a: Weezing
|-damage|p2a: Weezing|59/100
|-start|p2a: Weezing|Salt Cure
|
|-heal|p2a: Weezing|65/100|[from] item: Black Sludge
|-heal|p1a: Garganacl|100/100 tox|[from] item: Leftovers
|-damage|p1a: Garganacl|88/100 tox|[from] psn
|-damage|p2a: Weezing|53/100|[from] Salt Cure
|upkeep
|turn|10
|
|t:|1758960446
|-end|p2a: Weezing|ability: Neutralizing Gas
|switch|p2a: Flapple|Flapple, F|67/100
|switch|p1a: Corviknight|Corviknight, M|100/100
|-ability|p1a: Corviknight|Pressure
|
|upkeep
|turn|11
|
|t:|1758960457
|move|p2a: Flapple|U-turn|p1a: Corviknight
|-resisted|p1a: Corviknight
|-damage|p1a: Corviknight|93/100
|
|t:|1758960462
|switch|p2a: Magnezone|Magnezone|100/100|[from] U-turn
|move|p1a: Corviknight|Iron Defense|p1a: Corviknight
|-boost|p1a: Corviknight|def|2
|
|-heal|p1a: Corviknight|99/100|[from] item: Leftovers
|upkeep
|turn|12
|
|t:|1758960477
|switch|p1a: Garganacl|Garganacl, M, tera:Ghost|88/100 tox
|move|p2a: Magnezone|Gravity|p2a: Magnezone
|-fieldstart|move: Gravity
|
|-heal|p1a: Garganacl|94/100 tox|[from] item: Leftovers
|-damage|p1a: Garganacl|88/100 tox|[from] psn
|upkeep
|turn|13
|
|t:|1758960487
|move|p2a: Magnezone|Thunder|p1a: Garganacl
|-damage|p1a: Garganacl|47/100 tox
|move|p1a: Garganacl|Salt Cure|p2a: Magnezone
|-resisted|p2a: Magnezone
|-damage|p2a: Magnezone|96/100
|-start|p2a: Magnezone|Salt Cure
|
|-heal|p2a: Magnezone|100/100|[from] item: Leftovers
|-heal|p1a: Garganacl|53/100 tox|[from] item: Leftovers
|-damage|p1a: Garganacl|41/100 tox|[from] psn
|-damage|p2a: Magnezone|75/100|[from] Salt Cure
|upkeep
|turn|14
|
|t:|1758960509
|switch|p2a: Lilligant|Lilligant-Hisui, F|100/100
|switch|p1a: Chandelure|Chandelure, M|100/100
|
|upkeep
|turn|15
|
|t:|1758960539
|move|p1a: Chandelure|Flamethrower|p2a: Lilligant
|-supereffective|p2a: Lilligant
|-damage|p2a: Lilligant|3/100
|move|p2a: Lilligant|Leaf Blade|p1a: Chandelure
|-resisted|p1a: Chandelure
|-damage|p1a: Chandelure|56/100
|
|upkeep
|turn|16
|
|t:|1758960562
|switch|p2a: Flapple|Flapple, F|67/100
|move|p1a: Chandelure|Flamethrower|p2a: Flapple
|-damage|p2a: Flapple|12/100
|
|-fieldend|move: Gravity
|upkeep
|turn|17
|
|t:|1758960570
|move|p2a: Flapple|Sucker Punch|p1a: Chandelure|[miss]
|-miss|p2a: Flapple|p1a: Chandelure
|move|p1a: Chandelure|Flamethrower|p2a: Flapple
|-damage|p2a: Flapple|0 fnt
|faint|p2a: Flapple
|
|upkeep
|
|t:|1758960580
|switch|p2a: Magnezone|Magnezone|75/100
|turn|18
|
|t:|1758960586
|-terastallize|p2a: Magnezone|Water
|move|p1a: Chandelure|Flamethrower|p2a: Magnezone
|-resisted|p2a: Magnezone
|-damage|p2a: Magnezone|50/100
|move|p2a: Magnezone|Gravity|p2a: Magnezone
|-fieldstart|move: Gravity
|
|-heal|p2a: Magnezone|56/100|[from] item: Leftovers
|upkeep
|turn|19
|
|t:|1758960605
|switch|p1a: Garganacl|Garganacl, M, tera:Ghost|41/100 tox
|move|p2a: Magnezone|Thunder|p1a: Garganacl
|-damage|p1a: Garganacl|0 fnt
|faint|p1a: Garganacl
|
|-heal|p2a: Magnezone|62/100|[from] item: Leftovers
|upkeep
|
|t:|1758960618
|switch|p1a: Chandelure|Chandelure, M|56/100
|turn|20
|
|t:|1758960625
|move|p1a: Chandelure|Shadow Ball|p2a: Magnezone
|-damage|p2a: Magnezone|20/100
|move|p2a: Magnezone|Thunder|p1a: Chandelure
|-damage|p1a: Chandelure|0 fnt
|faint|p1a: Chandelure
|
|-heal|p2a: Magnezone|26/100|[from] item: Leftovers
|upkeep
|
|t:|1758960645
|switch|p1a: Quaquaval|Quaquaval, M|100/100
|turn|21
|
|t:|1758960655
|move|p1a: Quaquaval|Close Combat|p2a: Magnezone
|-damage|p2a: Magnezone|0 fnt
|-unboost|p1a: Quaquaval|def|1
|-unboost|p1a: Quaquaval|spd|1
|faint|p2a: Magnezone
|-ability|p1a: Quaquaval|Moxie|boost
|-boost|p1a: Quaquaval|atk|1
|-damage|p1a: Quaquaval|91/100|[from] item: Life Orb
|
|upkeep
|
|t:|1758960663
|switch|p2a: Deoxys|Deoxys-Speed|100/100
|-ability|p2a: Deoxys|Pressure
|turn|22
|
|t:|1758960673
|switch|p1a: Corviknight|Corviknight, M|99/100
|-ability|p1a: Corviknight|Pressure
|move|p2a: Deoxys|Thunder|p1a: Corviknight
|-supereffective|p1a: Corviknight
|-damage|p1a: Corviknight|54/100
|
|-heal|p1a: Corviknight|61/100|[from] item: Leftovers
|-fieldend|move: Gravity
|upkeep
|turn|23
|
|t:|1758960687
|move|p2a: Deoxys|Thunder|p1a: Corviknight|[miss]
|-miss|p2a: Deoxys|p1a: Corviknight
|move|p1a: Corviknight|Brave Bird|p2a: Deoxys
|-damage|p2a: Deoxys|39/100
|-damage|p1a: Corviknight|48/100|[from] Recoil
|
|-heal|p1a: Corviknight|55/100|[from] item: Leftovers
|upkeep
|turn|24
|
|t:|1758960697
|move|p2a: Deoxys|Gravity|p2a: Deoxys
|-fieldstart|move: Gravity
|move|p1a: Corviknight|Brave Bird|p2a: Deoxys
|-damage|p2a: Deoxys|0 fnt
|faint|p2a: Deoxys
|-damage|p1a: Corviknight|47/100|[from] Recoil
|
|-heal|p1a: Corviknight|53/100|[from] item: Leftovers
|upkeep
|
|t:|1758960705
|switch|p2a: Talonflame|Talonflame, F|100/100
|turn|25
|
|t:|1758960713
|switch|p1a: Quaquaval|Quaquaval, M|91/100
|move|p2a: Talonflame|Fire Blast|p1a: Quaquaval
|-resisted|p1a: Quaquaval
|-damage|p1a: Quaquaval|65/100
|
|upkeep
|turn|26
|
|t:|1758960720
|move|p2a: Talonflame|Air Slash|p1a: Quaquaval
|-supereffective|p1a: Quaquaval
|-damage|p1a: Quaquaval|0 fnt
|faint|p1a: Quaquaval
|
|upkeep
|l|☆Snowhiteonii
|player|p1|
|inactive|Battle timer is ON: inactive players will automatically lose when time's up. (requested by ComfortablyBrum)
|inactive|Snowhiteonii has 30 seconds to reconnect!
|inactive|Snowhiteonii has 20 seconds to reconnect!
|inactive|Snowhiteonii has 15 seconds to reconnect!
|inactive|Snowhiteonii has 10 seconds to reconnect!
|inactive|Snowhiteonii has 5 seconds to reconnect!
|-message|Snowhiteonii lost due to inactivity.
|
|win|ComfortablyBrum
|raw|Snowhiteonii's rating: 1000 &rarr; <strong>1000</strong><br />(+0 for losing)
|raw|ComfortablyBrum's rating: 1000 &rarr; <strong>1040</strong><br />(+40 for winning)
