|j|☆junetuned
|j|☆The Outclassies
|t:|1759039013
|gametype|singles
|player|p1|junetuned|silver|1327
|player|p2|The Outclassies|2|1305
|gen|9
|tier|[Gen 9] OU
|rated|
|rule|HP Percentage Mod: HP is shown in percentages
|rule|Endless Battle Clause: Forcing endless battles is banned
|rule|Species Clause: Limit one of each Pokémon
|rule|OHKO Clause: OHKO moves are banned
|rule|Evasion Items Clause: Evasion items are banned
|rule|Evasion Moves Clause: Evasion moves are banned
|rule|Evasion Abilities Clause: Evasion abilities are banned
|rule|Sleep Moves Clause: Sleep-inducing moves are banned
|clearpoke
|poke|p1|Meowscarada, F|
|poke|p1|Primarina, F|
|poke|p1|Great Tusk|
|poke|p1|Dragapult, F|
|poke|p1|Slowking-Galar, F|
|poke|p1|Moltres|
|poke|p2|Carbink, L1|
|poke|p2|Braviary-Hisui, M|
|poke|p2|Ursaluna, M|
|poke|p2|Kingambit, F|
|poke|p2|Iron Hands|
|poke|p2|Hatterene, F|
|teampreview
|
|t:|1759039049
|teamsize|p1|6
|teamsize|p2|6
|start
|switch|p1a: Kimi|Dragapult, F|100/100
|switch|p2a: The Bink|Carbink, L1, shiny|100/100
|turn|1
|
|t:|1759039087
|switch|p1a: Vindicator|Moltres, shiny|100/100
|move|p2a: The Bink|Trick Room|p2a: The Bink
|-fieldstart|move: Trick Room|[of] p2a: The Bink
|
|-damage|p2a: The Bink|92/100|[from] item: Black Sludge
|upkeep
|turn|2
|
|t:|1759039113
|move|p2a: The Bink|Endeavor|p1a: Vindicator
|-damage|p1a: Vindicator|3/100
|move|p1a: Vindicator|Flamethrower|p2a: The Bink
|-resisted|p2a: The Bink
|-damage|p2a: The Bink|0 fnt
|faint|p2a: The Bink
|
|upkeep
|
|t:|1759039122
|switch|p2a: The Bear|Ursaluna, M|100/100
|turn|3
|
|t:|1759039132
|move|p2a: The Bear|Facade|p1a: Vindicator
|-crit|p1a: Vindicator
|-damage|p1a: Vindicator|0 fnt
|faint|p1a: Vindicator
|
|-status|p2a: The Bear|brn|[from] item: Flame Orb
|upkeep
|
|t:|1759039146
|switch|p1a: Petunia|Meowscarada, F|100/100
|turn|4
|
|t:|1759039152
|-terastallize|p1a: Petunia|Ghost
|move|p2a: The Bear|Facade|p1a: Petunia
|-immune|p1a: Petunia
|move|p1a: Petunia|Flower Trick|p2a: The Bear
|-supereffective|p2a: The Bear
|-crit|p2a: The Bear
|-damage|p2a: The Bear|0 fnt
|faint|p2a: The Bear
|
|upkeep
|
|t:|1759039159
|switch|p2a: The King|Kingambit, F|100/100
|-activate|p2a: The King|ability: Supreme Overlord
|-start|p2a: The King|fallen2|[silent]
|turn|5
|
|t:|1759039171
|-end|p2a: The King|fallen2|[silent]
|switch|p2a: The Hat|Hatterene, F|100/100
|switch|p1a: Inductance|Great Tusk|100/100
|-enditem|p1a: Inductance|Booster Energy
|-activate|p1a: Inductance|ability: Protosynthesis|[fromitem]
|-start|p1a: Inductance|protosynthesisspe
|
|-fieldend|move: Trick Room
|upkeep
|turn|6
|
|t:|1759039179
|-end|p1a: Inductance|Protosynthesis|[silent]
|switch|p1a: Eta|Slowking-Galar, F|100/100
|move|p2a: The Hat|Trick Room|p2a: The Hat
|-fieldstart|move: Trick Room|[of] p2a: The Hat
|
|upkeep
|turn|7
|-message|The Outclassies forfeited.
|
|win|junetuned
|raw|junetuned's rating: 1327 &rarr; <strong>1346</strong><br />(+19 for winning)
|raw|The Outclassies's rating: 1305 &rarr; <strong>1286</strong><br />(-19 for losing)
|l|☆The Outclassies
|player|p2|
|l|☆junetuned
|player|p1|
