|j|☆galladeyaoi
|j|☆rmcarmicheal
|t:|1758945960
|gametype|singles
|player|p1|galladeyaoi|pokefanf-gen2|1428
|player|p2|rmcarmicheal|102|1469
|gen|9
|tier|[Gen 9] OU
|rated|
|rule|HP Percentage Mod: HP is shown in percentages
|rule|Endless Battle Clause: Forcing endless battles is banned
|rule|Species Clause: Limit one of each Pokémon
|rule|OHKO Clause: OHKO moves are banned
|rule|Evasion Items Clause: Evasion items are banned
|rule|Evasion Moves Clause: Evasion moves are banned
|rule|Evasion Abilities Clause: Evasion abilities are banned
|rule|Sleep Moves Clause: Sleep-inducing moves are banned
|clearpoke
|poke|p1|Pelipper, L99, F|
|poke|p1|Barraskewda, F|
|poke|p1|Raging Bolt|
|poke|p1|Golduck, M|
|poke|p1|Pawmot, F|
|poke|p1|Tentacruel, F|
|poke|p2|Ditto|
|poke|p2|Gliscor, M|
|poke|p2|Blissey, F|
|poke|p2|Toxapex, M|
|poke|p2|Cinderace, M|
|poke|p2|Gholdengo|
|teampreview
|inactive|Battle timer is ON: inactive players will automatically lose when time's up. (requested by galladeyaoi)
|
|t:|1758945968
|teamsize|p1|6
|teamsize|p2|6
|start
|switch|p1a: Raging Underbite|Barraskewda, F|100/100
|switch|p2a: Toxapex|Toxapex, M|100/100
|turn|1
|
|t:|1758945976
|switch|p1a: Raging Gullet|Pelipper, L99, F|100/100
|-weather|RainDance|[from] ability: Drizzle|[of] p1a: Raging Gullet
|move|p2a: Toxapex|Toxic|p1a: Raging Gullet
|-status|p1a: Raging Gullet|tox
|
|-weather|RainDance|[upkeep]
|-damage|p1a: Raging Gullet|95/100 tox|[from] psn
|upkeep
|turn|2
|
|t:|1758945990
|switch|p1a: Raging Bolt|Raging Bolt|100/100
|move|p2a: Toxapex|Infestation|p1a: Raging Bolt
|-crit|p1a: Raging Bolt
|-damage|p1a: Raging Bolt|96/100
|-activate|p1a: Raging Bolt|move: Infestation|[of] p2a: Toxapex
|
|-weather|RainDance|[upkeep]
|-heal|p1a: Raging Bolt|100/100|[from] item: Leftovers
|-damage|p1a: Raging Bolt|88/100|[from] move: Infestation|[partiallytrapped]
|upkeep
|turn|3
|
|t:|1758946001
|switch|p2a: Blissey|Blissey, F|100/100
|move|p1a: Raging Bolt|Thunder|p2a: Blissey
|-damage|p2a: Blissey|75/100
|-status|p2a: Blissey|par
|
|-weather|RainDance|[upkeep]
|-heal|p1a: Raging Bolt|94/100|[from] item: Leftovers
|-heal|p2a: Blissey|81/100 par|[from] item: Leftovers
|-end|p1a: Raging Bolt|Infestation|[partiallytrapped]|[silent]
|upkeep
|turn|4
|
|t:|1758946018
|-end|p1a: Raging Bolt|Protosynthesis|[silent]
|switch|p1a: Raging Duck|Golduck, M|100/100
|move|p2a: Blissey|Seismic Toss|p1a: Raging Duck
|-damage|p1a: Raging Duck|67/100
|
|-weather|RainDance|[upkeep]
|-heal|p2a: Blissey|87/100 par|[from] item: Leftovers
|upkeep
|turn|5
|
|t:|1758946027
|-curestatus|p2a: Blissey|par|[from] ability: Natural Cure
|switch|p2a: Toxapex|Toxapex, M|100/100
|move|p1a: Raging Duck|Nasty Plot|p1a: Raging Duck
|-boost|p1a: Raging Duck|spa|2
|
|-weather|RainDance|[upkeep]
|upkeep
|turn|6
|
|t:|1758946036
|move|p1a: Raging Duck|Hydro Pump|p2a: Toxapex
|-resisted|p2a: Toxapex
|-damage|p2a: Toxapex|19/100
|-damage|p1a: Raging Duck|57/100|[from] item: Life Orb
|move|p2a: Toxapex|Haze|p2a: Toxapex
|-clearallboost
|
|-weather|RainDance|[upkeep]
|upkeep
|turn|7
|
|t:|1758946047
|switch|p2a: Blissey|Blissey, F|87/100
|move|p1a: Raging Duck|Nasty Plot|p1a: Raging Duck
|-boost|p1a: Raging Duck|spa|2
|
|-weather|RainDance|[upkeep]
|-heal|p2a: Blissey|93/100|[from] item: Leftovers
|upkeep
|turn|8
|
|t:|1758946056
|switch|p1a: Raging Underbite|Barraskewda, F|100/100
|move|p2a: Blissey|Thunder Wave|p1a: Raging Underbite
|-status|p1a: Raging Underbite|par
|
|-weather|none
|-heal|p2a: Blissey|99/100|[from] item: Leftovers
|upkeep
|turn|9
|
|t:|1758946065
|switch|p2a: Toxapex|Toxapex, M|53/100
|move|p1a: Raging Underbite|Flip Turn|p2a: Toxapex
|-resisted|p2a: Toxapex
|-damage|p2a: Toxapex|40/100
|-damage|p1a: Raging Underbite|84/100 par|[from] item: Rocky Helmet|[of] p2a: Toxapex
|
|t:|1758946073
|switch|p1a: Raging Fellow|Pawmot, F|100/100|[from] Flip Turn
|
|upkeep
|turn|10
|
|t:|1758946080
|move|p1a: Raging Fellow|Nuzzle|p2a: Toxapex
|-supereffective|p2a: Toxapex
|-damage|p2a: Toxapex|30/100
|-status|p2a: Toxapex|par
|-damage|p1a: Raging Fellow|84/100|[from] item: Rocky Helmet|[of] p2a: Toxapex
|move|p2a: Toxapex|Recover|p2a: Toxapex
|-heal|p2a: Toxapex|80/100 par
|
|upkeep
|turn|11
|
|t:|1758946089
|switch|p2a: Gliscor|Gliscor, M|100/100
|move|p1a: Raging Fellow|Encore||[still]
|-fail|p1a: Raging Fellow
|
|-status|p2a: Gliscor|tox|[from] item: Toxic Orb
|upkeep
|turn|12
|
|t:|1758946097
|switch|p1a: Raging Gullet|Pelipper, L99, F|95/100 tox
|-weather|RainDance|[from] ability: Drizzle|[of] p1a: Raging Gullet
|-terastallize|p2a: Gliscor|Ground
|move|p2a: Gliscor|Earthquake|p1a: Raging Gullet
|-immune|p1a: Raging Gullet
|
|-weather|RainDance|[upkeep]
|-damage|p1a: Raging Gullet|89/100 tox|[from] psn
|upkeep
|turn|13
|
|t:|1758946109
|move|p2a: Gliscor|Substitute|p2a: Gliscor
|-start|p2a: Gliscor|Substitute
|-damage|p2a: Gliscor|76/100 tox
|move|p1a: Raging Gullet|U-turn|p2a: Gliscor
|-activate|p2a: Gliscor|move: Substitute|[damage]
|
|t:|1758946117
|switch|p1a: Raging Nose|Tentacruel, F|100/100|[from] U-turn
|
|-weather|RainDance|[upkeep]
|-heal|p2a: Gliscor|88/100 tox|[from] ability: Poison Heal
|upkeep
|turn|14
|
|t:|1758946124
|move|p2a: Gliscor|Earthquake|p1a: Raging Nose
|-supereffective|p1a: Raging Nose
|-damage|p1a: Raging Nose|0 fnt
|faint|p1a: Raging Nose
|
|-weather|RainDance|[upkeep]
|-heal|p2a: Gliscor|100/100 tox|[from] ability: Poison Heal
|upkeep
|-message|galladeyaoi forfeited.
|
|win|rmcarmicheal
|raw|galladeyaoi's rating: 1428 &rarr; <strong>1410</strong><br />(-18 for losing)
|raw|rmcarmicheal's rating: 1469 &rarr; <strong>1487</strong><br />(+18 for winning)
|l|☆galladeyaoi
|player|p1|
