|j|☆jb291
|j|☆GentleDnite
|inactive|Battle timer is ON: inactive players will automatically lose when time's up.
|t:|1759043219
|gametype|singles
|player|p1|jb291|cyrus-masters|
|player|p2|GentleDnite|cheren-masters|
|gen|9
|tier|[Gen 9] OU
|rated|Tournament battle
|rule|HP Percentage Mod: HP is shown in percentages
|rule|Endless Battle Clause: Forcing endless battles is banned
|rule|Species Clause: Limit one of each Pokémon
|rule|OHKO Clause: OHKO moves are banned
|rule|Evasion Items Clause: Evasion items are banned
|rule|Evasion Moves Clause: Evasion moves are banned
|rule|Evasion Abilities Clause: Evasion abilities are banned
|rule|Sleep Moves Clause: Sleep-inducing moves are banned
|clearpoke
|poke|p1|Dondozo, M|
|poke|p1|Blissey, F|
|poke|p1|Corviknight, M|
|poke|p1|Weezing-Galar, F|
|poke|p1|Gliscor, F|
|poke|p1|Toxapex, F|
|poke|p2|Kyurem|
|poke|p2|Corviknight, F|
|poke|p2|Ting-Lu|
|poke|p2|Dondozo, F|
|poke|p2|Slowking-Galar, L99, F|
|poke|p2|Cinderace, F|
|teampreview
|j|*Lady Monita ☀
|inactive|GentleDnite also wants the timer to be on.
|inactive|jb291 also wants the timer to be on.
|j| PokeArt2004❤
|j| drop 6 nukers
|j| Etjx
|c|☆GentleDnite|wait
|c| drop 6 nukers|Oh god.
|c| drop 6 nukers|NO
|c|☆GentleDnite|i played you last time and its the same team
|c| Etjx|Oh this is beautiful
|c|☆GentleDnite|i am foolish
|inactive|GentleDnite has 120 seconds left.
|c| Etjx|Work of art
|j| locked in bro
|
|t:|1759043260
|teamsize|p1|6
|teamsize|p2|6
|start
|switch|p1a: Gliscor|Gliscor, F|100/100
|switch|p2a: Kyurem|Kyurem|100/100
|-ability|p2a: Kyurem|Pressure
|turn|1
|c|☆jb291|ngl i always use the same teams
|
|t:|1759043266
|move|p1a: Gliscor|Protect|p1a: Gliscor
|-singleturn|p1a: Gliscor|Protect
|move|p2a: Kyurem|Substitute|p2a: Kyurem
|-start|p2a: Kyurem|Substitute
|-damage|p2a: Kyurem|75/100
|
|-heal|p2a: Kyurem|82/100|[from] item: Leftovers
|-status|p1a: Gliscor|tox|[from] item: Toxic Orb
|upkeep
|turn|2
|c| Etjx|So if I get him for tlt I always bring stallbreakers
|c| Etjx|got it
|c|☆GentleDnite|i could have brought my other team
|c|☆GentleDnite|bruhh
|c|☆GentleDnite|well too late to regret it
|inactive|GentleDnite has 120 seconds left.
|c| drop 6 nukers|gdnite overthunked
|
|t:|1759043299
|switch|p1a: Toxapex|Toxapex, F|100/100
|move|p2a: Kyurem|Freeze-Dry|p1a: Toxapex
|-supereffective|p1a: Toxapex
|-damage|p1a: Toxapex|52/100
|
|-heal|p2a: Kyurem|88/100|[from] item: Leftovers
|-heal|p1a: Toxapex|59/100|[from] item: Leftovers
|upkeep
|turn|3
|c| drop 6 nukers|smh
|l| locked in bro
|inactive|GentleDnite has 120 seconds left.
|
|t:|1759043312
|switch|p1a: Blissey|Blissey, F|100/100
|move|p2a: Kyurem|Freeze-Dry|p1a: Blissey
|-damage|p1a: Blissey|90/100
|
|-heal|p2a: Kyurem|94/100|[from] item: Leftovers
|-heal|p1a: Blissey|96/100|[from] item: Leftovers
|upkeep
|turn|4
|
|t:|1759043320
|switch|p2a: Corviknight|Corviknight, F|100/100
|-ability|p2a: Corviknight|Pressure
|move|p1a: Blissey|Seismic Toss|p2a: Corviknight
|-damage|p2a: Corviknight|75/100
|-damage|p1a: Blissey|79/100|[from] item: Rocky Helmet|[of] p2a: Corviknight
|
|-heal|p1a: Blissey|86/100|[from] item: Leftovers
|upkeep
|turn|5
|
|t:|1759043326
|switch|p1a: Gliscor|Gliscor, F|100/100 tox
|move|p2a: Corviknight|U-turn|p1a: Gliscor
|-resisted|p1a: Gliscor
|-damage|p1a: Gliscor|95/100 tox
|
|t:|1759043329
|switch|p2a: Kyurem|Kyurem|94/100|[from] U-turn
|-ability|p2a: Kyurem|Pressure
|
|-heal|p2a: Kyurem|99/100|[from] item: Leftovers
|-heal|p1a: Gliscor|100/100 tox|[from] ability: Poison Heal
|upkeep
|turn|6
|
|t:|1759043333
|switch|p2a: Corviknight|Corviknight, F|75/100
|-ability|p2a: Corviknight|Pressure
|switch|p1a: Toxapex|Toxapex, F|92/100
|
|-heal|p1a: Toxapex|98/100|[from] item: Leftovers
|upkeep
|turn|7
|
|t:|1759043338
|switch|p2a: Ting-Lu|Ting-Lu|100/100
|-ability|p2a: Ting-Lu|Vessel of Ruin
|switch|p1a: Gliscor|Gliscor, F|100/100 tox
|
|upkeep
|turn|8
|
|t:|1759043342
|switch|p2a: Corviknight|Corviknight, F|75/100
|-ability|p2a: Corviknight|Pressure
|move|p1a: Gliscor|Knock Off|p2a: Corviknight
|-damage|p2a: Corviknight|61/100
|-damage|p1a: Gliscor|84/100 tox|[from] item: Rocky Helmet|[of] p2a: Corviknight
|-enditem|p2a: Corviknight|Rocky Helmet|[from] move: Knock Off|[of] p1a: Gliscor
|
|-heal|p1a: Gliscor|97/100 tox|[from] ability: Poison Heal
|upkeep
|turn|9
|
|t:|1759043347
|move|p1a: Gliscor|Spikes|p2a: Corviknight
|-sidestart|p2: GentleDnite|Spikes
|move|p2a: Corviknight|Brave Bird|p1a: Gliscor
|-damage|p1a: Gliscor|68/100 tox
|-damage|p2a: Corviknight|53/100|[from] Recoil
|
|-heal|p1a: Gliscor|81/100 tox|[from] ability: Poison Heal
|upkeep
|turn|10
|
|t:|1759043352
|switch|p1a: Weezing|Weezing-Galar, F|100/100
|-ability|p1a: Weezing|Neutralizing Gas
|move|p2a: Corviknight|Defog|p1a: Weezing
|-unboost|p1a: Weezing|evasion|1
|-sideend|p2: GentleDnite|Spikes|[from] move: Defog|[of] p2a: Corviknight
|
|upkeep
|turn|11
|
|t:|1759043358
|switch|p2a: Slowking|Slowking-Galar, L99, F|100/100
|move|p1a: Weezing|Will-O-Wisp|p2a: Slowking
|-status|p2a: Slowking|brn
|
|-damage|p2a: Slowking|94/100 brn|[from] brn
|upkeep
|turn|12
|
|t:|1759043367
|-end|p1a: Weezing|ability: Neutralizing Gas
|switch|p1a: Gliscor|Gliscor, F|81/100 tox
|move|p2a: Slowking|Future Sight|p1a: Gliscor
|-start|p2a: Slowking|move: Future Sight
|
|-heal|p1a: Gliscor|93/100 tox|[from] ability: Poison Heal
|-damage|p2a: Slowking|88/100 brn|[from] brn
|upkeep
|turn|13
|
|t:|1759043373
|switch|p2a: Corviknight|Corviknight, F|53/100
|-ability|p2a: Corviknight|Pressure
|move|p1a: Gliscor|Knock Off|p2a: Corviknight
|-damage|p2a: Corviknight|45/100
|
|-heal|p1a: Gliscor|100/100 tox|[from] ability: Poison Heal
|upkeep
|turn|14
|
|t:|1759043389
|move|p1a: Gliscor|Spikes|p2a: Corviknight
|-sidestart|p2: GentleDnite|Spikes
|move|p2a: Corviknight|Brave Bird|p1a: Gliscor
|-damage|p1a: Gliscor|71/100 tox
|-damage|p2a: Corviknight|36/100|[from] Recoil
|
|-end|p1a: Gliscor|move: Future Sight
|-damage|p1a: Gliscor|35/100 tox
|-heal|p1a: Gliscor|48/100 tox|[from] ability: Poison Heal
|upkeep
|turn|15
|
|t:|1759043399
|move|p1a: Gliscor|Knock Off|p2a: Corviknight
|-damage|p2a: Corviknight|28/100
|move|p2a: Corviknight|Roost|p2a: Corviknight
|-heal|p2a: Corviknight|78/100
|-singleturn|p2a: Corviknight|move: Roost
|
|-heal|p1a: Gliscor|60/100 tox|[from] ability: Poison Heal
|upkeep
|turn|16
|
|t:|1759043402
|switch|p1a: Toxapex|Toxapex, F|100/100
|move|p2a: Corviknight|Defog|p1a: Toxapex
|-unboost|p1a: Toxapex|evasion|1
|-sideend|p2: GentleDnite|Spikes|[from] move: Defog|[of] p2a: Corviknight
|
|upkeep
|turn|17
|
|t:|1759043406
|switch|p1a: Gliscor|Gliscor, F|60/100 tox
|move|p2a: Corviknight|U-turn|p1a: Gliscor
|-resisted|p1a: Gliscor
|-crit|p1a: Gliscor
|-damage|p1a: Gliscor|52/100 tox
|
|t:|1759043409
|switch|p2a: Kyurem|Kyurem|99/100|[from] U-turn
|-ability|p2a: Kyurem|Pressure
|
|-heal|p2a: Kyurem|100/100|[from] item: Leftovers
|-heal|p1a: Gliscor|64/100 tox|[from] ability: Poison Heal
|upkeep
|turn|18
|
|t:|1759043412
|switch|p2a: Corviknight|Corviknight, F|78/100
|-ability|p2a: Corviknight|Pressure
|switch|p1a: Toxapex|Toxapex, F|100/100
|
|upkeep
|turn|19
|
|t:|1759043416
|switch|p2a: Slowking|Slowking-Galar, L99, F|100/100 brn
|switch|p1a: Gliscor|Gliscor, F|64/100 tox
|
|-heal|p1a: Gliscor|77/100 tox|[from] ability: Poison Heal
|-damage|p2a: Slowking|94/100 brn|[from] brn
|upkeep
|turn|20
|
|t:|1759043419
|switch|p2a: Corviknight|Corviknight, F|78/100
|-ability|p2a: Corviknight|Pressure
|move|p1a: Gliscor|Knock Off|p2a: Corviknight
|-damage|p2a: Corviknight|70/100
|
|-heal|p1a: Gliscor|89/100 tox|[from] ability: Poison Heal
|upkeep
|turn|21
|c|☆GentleDnite|beautiful
|
|t:|1759043438
|switch|p1a: Toxapex|Toxapex, F|100/100
|move|p2a: Corviknight|U-turn|p1a: Toxapex
|-resisted|p1a: Toxapex
|-damage|p1a: Toxapex|95/100
|
|t:|1759043442
|switch|p2a: Kyurem|Kyurem|100/100|[from] U-turn
|-ability|p2a: Kyurem|Pressure
|
|-heal|p1a: Toxapex|100/100|[from] item: Leftovers
|upkeep
|turn|22
|
|t:|1759043446
|switch|p2a: Corviknight|Corviknight, F|70/100
|-ability|p2a: Corviknight|Pressure
|switch|p1a: Blissey|Blissey, F|86/100
|
|-heal|p1a: Blissey|92/100|[from] item: Leftovers
|upkeep
|turn|23
|
|t:|1759043449
|switch|p1a: Corviknight|Corviknight, M|100/100
|-ability|p1a: Corviknight|Pressure
|move|p2a: Corviknight|U-turn|p1a: Corviknight
|-resisted|p1a: Corviknight
|-damage|p1a: Corviknight|98/100
|
|t:|1759043454
|switch|p2a: Cinderace|Cinderace, F|100/100|[from] U-turn
|
|-heal|p1a: Corviknight|100/100|[from] item: Leftovers
|upkeep
|turn|24
|
|t:|1759043461
|switch|p1a: Gliscor|Gliscor, F|89/100 tox
|move|p2a: Cinderace|Will-O-Wisp||[still]
|-fail|p2a: Cinderace
|
|-heal|p1a: Gliscor|100/100 tox|[from] ability: Poison Heal
|upkeep
|turn|25
|
|t:|1759043465
|switch|p2a: Corviknight|Corviknight, F|70/100
|-ability|p2a: Corviknight|Pressure
|move|p1a: Gliscor|Spikes|p2a: Corviknight
|-sidestart|p2: GentleDnite|Spikes
|
|upkeep
|turn|26
|
|t:|1759043470
|switch|p1a: Corviknight|Corviknight, M|100/100
|-ability|p1a: Corviknight|Pressure
|move|p2a: Corviknight|Defog|p1a: Corviknight
|-unboost|p1a: Corviknight|evasion|1
|-sideend|p2: GentleDnite|Spikes|[from] move: Defog|[of] p2a: Corviknight
|
|upkeep
|turn|27
|
|t:|1759043473
|switch|p2a: Slowking|Slowking-Galar, L99, F|100/100 brn
|switch|p1a: Gliscor|Gliscor, F|100/100 tox
|
|-damage|p2a: Slowking|94/100 brn|[from] brn
|upkeep
|turn|28
|
|t:|1759043475
|switch|p2a: Corviknight|Corviknight, F|70/100
|-ability|p2a: Corviknight|Pressure
|move|p1a: Gliscor|Spikes|p2a: Corviknight
|-sidestart|p2: GentleDnite|Spikes
|
|upkeep
|turn|29
|
|t:|1759043478
|switch|p1a: Corviknight|Corviknight, M|100/100
|-ability|p1a: Corviknight|Pressure
|switch|p2a: Slowking|Slowking-Galar, L99, F|100/100 brn
|
|-damage|p2a: Slowking|94/100 brn|[from] brn
|upkeep
|turn|30
|
|t:|1759043480
|switch|p1a: Gliscor|Gliscor, F|100/100 tox
|switch|p2a: Corviknight|Corviknight, F|70/100
|-ability|p2a: Corviknight|Pressure
|
|upkeep
|turn|31
|
|t:|1759043483
|switch|p1a: Corviknight|Corviknight, M|100/100
|-ability|p1a: Corviknight|Pressure
|move|p2a: Corviknight|Defog|p1a: Corviknight
|-unboost|p1a: Corviknight|evasion|1
|-sideend|p2: GentleDnite|Spikes|[from] move: Defog|[of] p2a: Corviknight
|
|upkeep
|turn|32
|
|t:|1759043487
|switch|p1a: Gliscor|Gliscor, F|100/100 tox
|switch|p2a: Bloated ego|Dondozo, F|100/100
|
|upkeep
|turn|33
|
|t:|1759043489
|move|p1a: Gliscor|Knock Off|p2a: Bloated ego
|-damage|p2a: Bloated ego|91/100
|-enditem|p2a: Bloated ego|Leftovers|[from] move: Knock Off|[of] p1a: Gliscor
|move|p2a: Bloated ego|Waterfall|p1a: Gliscor
|-supereffective|p1a: Gliscor
|-damage|p1a: Gliscor|59/100 tox
|
|-heal|p1a: Gliscor|72/100 tox|[from] ability: Poison Heal
|upkeep
|turn|34
|
|t:|1759043495
|move|p1a: Gliscor|Spikes|p2a: Bloated ego
|-sidestart|p2: GentleDnite|Spikes
|move|p2a: Bloated ego|Curse|p2a: Bloated ego
|-unboost|p2a: Bloated ego|spe|1
|-boost|p2a: Bloated ego|atk|1
|-boost|p2a: Bloated ego|def|1
|
|-heal|p1a: Gliscor|84/100 tox|[from] ability: Poison Heal
|upkeep
|turn|35
|
|t:|1759043498
|switch|p1a: Toxapex|Toxapex, F|100/100
|move|p2a: Bloated ego|Waterfall|p1a: Toxapex
|-resisted|p1a: Toxapex
|-damage|p1a: Toxapex|84/100
|
|-heal|p1a: Toxapex|90/100|[from] item: Leftovers
|upkeep
|turn|36
|j| ralzie
|j|+Fragments
|
|t:|1759043503
|switch|p2a: Slowking|Slowking-Galar, L99, F|100/100 brn
|move|p1a: Toxapex|Haze|p1a: Toxapex
|-clearallboost
|
|-heal|p1a: Toxapex|96/100|[from] item: Leftovers
|-damage|p2a: Slowking|94/100 brn|[from] brn
|upkeep
|turn|37
|
|t:|1759043509
|switch|p1a: Gliscor|Gliscor, F|84/100 tox
|switch|p2a: Corviknight|Corviknight, F|70/100
|-ability|p2a: Corviknight|Pressure
|
|-heal|p1a: Gliscor|97/100 tox|[from] ability: Poison Heal
|upkeep
|turn|38
|j| locked in bro
|
|t:|1759043516
|switch|p1a: Corviknight|Corviknight, M|100/100
|-ability|p1a: Corviknight|Pressure
|move|p2a: Corviknight|U-turn|p1a: Corviknight
|-resisted|p1a: Corviknight
|-damage|p1a: Corviknight|98/100
|j| WooperFanPurple
|
|t:|1759043523
|switch|p2a: Cinderace|Cinderace, F|100/100|[from] U-turn
|
|-heal|p1a: Corviknight|100/100|[from] item: Leftovers
|upkeep
|turn|39
|
|t:|1759043528
|switch|p1a: Gliscor|Gliscor, F|97/100 tox
|move|p2a: Cinderace|Court Change|p2a: Cinderace
|-swapsideconditions
|-activate|p2a: Cinderace|move: Court Change
|
|-heal|p1a: Gliscor|100/100 tox|[from] ability: Poison Heal
|upkeep
|turn|40
|
|t:|1759043533
|switch|p2a: Corviknight|Corviknight, F|70/100
|-ability|p2a: Corviknight|Pressure
|move|p1a: Gliscor|Spikes|p2a: Corviknight
|-sidestart|p2: GentleDnite|Spikes
|
|upkeep
|turn|41
|l| locked in bro
|inactive|GentleDnite has 120 seconds left.
|
|t:|1759043574
|switch|p1a: Corviknight|Corviknight, M|100/100
|-ability|p1a: Corviknight|Pressure
|move|p2a: Corviknight|Brave Bird|p1a: Corviknight
|-resisted|p1a: Corviknight
|-crit|p1a: Corviknight
|-damage|p1a: Corviknight|84/100
|-damage|p2a: Corviknight|65/100|[from] Recoil
|
|-heal|p1a: Corviknight|91/100|[from] item: Leftovers
|upkeep
|turn|42
|j| The_Moonool
|j| sojabhai3am
|
|t:|1759043592
|switch|p2a: Bloated ego|Dondozo, F|91/100
|-damage|p2a: Bloated ego|78/100|[from] Spikes
|switch|p1a: Gliscor|Gliscor, F|100/100 tox
|
|upkeep
|turn|43
|l| The_Moonool
|
|t:|1759043599
|switch|p1a: Corviknight|Corviknight, M|91/100
|-ability|p1a: Corviknight|Pressure
|switch|p2a: Corviknight|Corviknight, F|65/100
|-ability|p2a: Corviknight|Pressure
|
|-heal|p1a: Corviknight|97/100|[from] item: Leftovers
|upkeep
|turn|44
|
|t:|1759043603
|switch|p1a: Gliscor|Gliscor, F|100/100 tox
|move|p2a: Corviknight|Defog|p1a: Gliscor
|-unboost|p1a: Gliscor|evasion|1
|-sideend|p1: jb291|Spikes|[from] move: Defog|[of] p2a: Corviknight
|-sideend|p2: GentleDnite|Spikes|[from] move: Defog|[of] p2a: Corviknight
|
|upkeep
|turn|45
|
|t:|1759043610
|switch|p2a: Kyurem|Kyurem|100/100
|-ability|p2a: Kyurem|Pressure
|move|p1a: Gliscor|Spikes|p2a: Kyurem
|-sidestart|p2: GentleDnite|Spikes
|
|upkeep
|turn|46
|
|t:|1759043615
|switch|p1a: Blissey|Blissey, F|92/100
|move|p2a: Kyurem|Freeze-Dry|p1a: Blissey
|-damage|p1a: Blissey|82/100
|
|-heal|p1a: Blissey|88/100|[from] item: Leftovers
|upkeep
|turn|47
|
|t:|1759043622
|switch|p2a: Ting-Lu|Ting-Lu|100/100
|-damage|p2a: Ting-Lu|88/100|[from] Spikes
|-ability|p2a: Ting-Lu|Vessel of Ruin
|switch|p1a: Toxapex|Toxapex, F|100/100
|
|-heal|p2a: Ting-Lu|94/100|[from] item: Leftovers
|upkeep
|turn|48
|
|t:|1759043624
|move|p2a: Ting-Lu|Earthquake|p1a: Toxapex
|-supereffective|p1a: Toxapex
|-damage|p1a: Toxapex|45/100
|move|p1a: Toxapex|Toxic|p2a: Ting-Lu
|-status|p2a: Ting-Lu|tox
|
|-heal|p2a: Ting-Lu|100/100 tox|[from] item: Leftovers
|-heal|p1a: Toxapex|51/100|[from] item: Leftovers
|-damage|p2a: Ting-Lu|94/100 tox|[from] psn
|upkeep
|turn|49
|
|t:|1759043632
|switch|p2a: Cinderace|Cinderace, F|100/100
|switch|p1a: Gliscor|Gliscor, F|100/100 tox
|
|upkeep
|turn|50
|j| Hoennseptile
|
|t:|1759043639
|switch|p2a: Corviknight|Corviknight, F|65/100
|-ability|p2a: Corviknight|Pressure
|move|p1a: Gliscor|Knock Off|p2a: Corviknight
|-damage|p2a: Corviknight|57/100
|
|upkeep
|turn|51
|l| sojabhai3am
|l| ralzie
|
|t:|1759043656
|switch|p1a: Corviknight|Corviknight, M|97/100
|-ability|p1a: Corviknight|Pressure
|move|p2a: Corviknight|Brave Bird|p1a: Corviknight
|-resisted|p1a: Corviknight
|-damage|p1a: Corviknight|86/100
|-damage|p2a: Corviknight|53/100|[from] Recoil
|
|-heal|p1a: Corviknight|92/100|[from] item: Leftovers
|upkeep
|turn|52
|
|t:|1759043659
|switch|p1a: Gliscor|Gliscor, F|100/100 tox
|move|p2a: Corviknight|Roost|p2a: Corviknight
|-heal|p2a: Corviknight|100/100
|-singleturn|p2a: Corviknight|move: Roost
|
|upkeep
|turn|53
|
|t:|1759043661
|switch|p1a: Corviknight|Corviknight, M|92/100
|-ability|p1a: Corviknight|Pressure
|move|p2a: Corviknight|Defog|p1a: Corviknight
|-unboost|p1a: Corviknight|evasion|1
|-sideend|p2: GentleDnite|Spikes|[from] move: Defog|[of] p2a: Corviknight
|
|-heal|p1a: Corviknight|98/100|[from] item: Leftovers
|upkeep
|turn|54
|
|t:|1759043670
|switch|p2a: Kyurem|Kyurem|100/100
|-ability|p2a: Kyurem|Pressure
|switch|p1a: Gliscor|Gliscor, F|100/100 tox
|
|upkeep
|turn|55
|
|t:|1759043674
|switch|p1a: Blissey|Blissey, F|88/100
|move|p2a: Kyurem|Freeze-Dry|p1a: Blissey
|-damage|p1a: Blissey|78/100
|
|-heal|p1a: Blissey|84/100|[from] item: Leftovers
|upkeep
|turn|56
|
|t:|1759043682
|switch|p2a: Slowking|Slowking-Galar, L99, F|100/100 brn
|move|p1a: Blissey|Stealth Rock|p2a: Slowking
|-sidestart|p2: GentleDnite|move: Stealth Rock
|
|-heal|p1a: Blissey|90/100|[from] item: Leftovers
|-damage|p2a: Slowking|94/100 brn|[from] brn
|upkeep
|turn|57
|
|t:|1759043690
|switch|p1a: Gliscor|Gliscor, F|100/100 tox
|move|p2a: Slowking|Toxic|p1a: Gliscor
|-fail|p1a: Gliscor|tox
|
|-damage|p2a: Slowking|88/100 brn|[from] brn
|upkeep
|turn|58
|
|t:|1759043693
|move|p1a: Gliscor|Knock Off|p2a: Slowking
|-supereffective|p2a: Slowking
|-damage|p2a: Slowking|42/100 brn
|-enditem|p2a: Slowking|Heavy-Duty Boots|[from] move: Knock Off|[of] p1a: Gliscor
|move|p2a: Slowking|Future Sight|p1a: Gliscor
|-start|p2a: Slowking|move: Future Sight
|
|-damage|p2a: Slowking|36/100 brn|[from] brn
|upkeep
|turn|59
|
|t:|1759043700
|switch|p1a: Corviknight|Corviknight, M|98/100
|-ability|p1a: Corviknight|Pressure
|switch|p2a: Corviknight|Corviknight, F|100/100
|-damage|p2a: Corviknight|88/100|[from] Stealth Rock
|-ability|p2a: Corviknight|Pressure
|
|-heal|p1a: Corviknight|100/100|[from] item: Leftovers
|upkeep
|turn|60
|
|t:|1759043706
|switch|p2a: Slowking|Slowking-Galar, L99, F|69/100 brn
|-damage|p2a: Slowking|57/100 brn|[from] Stealth Rock
|move|p1a: Corviknight|Iron Defense|p1a: Corviknight
|-boost|p1a: Corviknight|def|2
|
|-end|p1a: Corviknight|move: Future Sight
|-resisted|p1a: Corviknight
|-damage|p1a: Corviknight|79/100
|-heal|p1a: Corviknight|85/100|[from] item: Leftovers
|-damage|p2a: Slowking|51/100 brn|[from] brn
|upkeep
|turn|61
|
|t:|1759043715
|switch|p1a: Weezing|Weezing-Galar, F|100/100
|-ability|p1a: Weezing|Neutralizing Gas
|-prepare|p2a: Slowking|Chilly Reception|[premajor]
|move|p2a: Slowking|Chilly Reception|p2a: Slowking
|-weather|Snowscape
|
|t:|1759043720
|switch|p2a: Corviknight|Corviknight, F|88/100|[from] Chilly Reception
|-damage|p2a: Corviknight|76/100|[from] Stealth Rock
|
|-weather|Snowscape|[upkeep]
|upkeep
|turn|62
|
|t:|1759043728
|switch|p2a: Slowking|Slowking-Galar, L99, F|51/100 brn
|-damage|p2a: Slowking|38/100 brn|[from] Stealth Rock
|move|p1a: Weezing|Will-O-Wisp|p2a: Slowking
|-fail|p2a: Slowking|brn
|
|-weather|Snowscape|[upkeep]
|-damage|p2a: Slowking|32/100 brn|[from] brn
|upkeep
|turn|63
|
|t:|1759043733
|move|p1a: Weezing|Strange Steam|p2a: Slowking
|-resisted|p2a: Slowking
|-damage|p2a: Slowking|23/100 brn
|move|p2a: Slowking|Future Sight|p1a: Weezing
|-start|p2a: Slowking|move: Future Sight
|
|-weather|Snowscape|[upkeep]
|-damage|p2a: Slowking|17/100 brn|[from] brn
|upkeep
|turn|64
|
|t:|1759043737
|move|p1a: Weezing|Strange Steam|p2a: Slowking
|-resisted|p2a: Slowking
|-damage|p2a: Slowking|9/100 brn
|move|p2a: Slowking|Sludge Bomb|p1a: Weezing
|-damage|p1a: Weezing|55/100
|
|-weather|Snowscape|[upkeep]
|-damage|p2a: Slowking|3/100 brn|[from] brn
|upkeep
|turn|65
|
|t:|1759043746
|-end|p1a: Weezing|ability: Neutralizing Gas
|switch|p1a: Corviknight|Corviknight, M|85/100
|-ability|p1a: Corviknight|Pressure
|switch|p2a: Cinderace|Cinderace, F|100/100
|
|-weather|none
|-end|p1a: Corviknight|move: Future Sight
|-resisted|p1a: Corviknight
|-damage|p1a: Corviknight|63/100
|-heal|p1a: Corviknight|69/100|[from] item: Leftovers
|upkeep
|turn|66
|
|t:|1759043753
|switch|p1a: Gliscor|Gliscor, F|100/100 tox
|move|p2a: Cinderace|Court Change|p2a: Cinderace
|-swapsideconditions
|-activate|p2a: Cinderace|move: Court Change
|
|upkeep
|turn|67
|
|t:|1759043758
|switch|p2a: Corviknight|Corviknight, F|76/100
|-ability|p2a: Corviknight|Pressure
|move|p1a: Gliscor|Earthquake|p2a: Corviknight
|-immune|p2a: Corviknight
|
|upkeep
|turn|68
|
|t:|1759043764
|switch|p2a: Cinderace|Cinderace, F|100/100
|move|p1a: Gliscor|Spikes|p2a: Cinderace
|-sidestart|p2: GentleDnite|Spikes
|
|upkeep
|turn|69
|
|t:|1759043770
|switch|p2a: Corviknight|Corviknight, F|76/100
|-ability|p2a: Corviknight|Pressure
|move|p1a: Gliscor|Knock Off|p2a: Corviknight
|-damage|p2a: Corviknight|66/100
|
|upkeep
|turn|70
|j| nick(mygold)
|c| nick(mygold)|It gd
|
|t:|1759043793
|switch|p1a: Corviknight|Corviknight, M|69/100
|-damage|p1a: Corviknight|57/100|[from] Stealth Rock
|-ability|p1a: Corviknight|Pressure
|move|p2a: Corviknight|U-turn|p1a: Corviknight
|-resisted|p1a: Corviknight
|-damage|p1a: Corviknight|55/100
|
|t:|1759043795
|switch|p2a: Slowking|Slowking-Galar, L99, F|36/100 brn|[from] U-turn
|-damage|p2a: Slowking|24/100 brn|[from] Spikes
|
|-heal|p1a: Corviknight|61/100|[from] item: Leftovers
|-damage|p2a: Slowking|18/100 brn|[from] brn
|upkeep
|turn|71
|l| Etjx
|
|t:|1759043799
|switch|p1a: Weezing|Weezing-Galar, F|55/100
|-ability|p1a: Weezing|Neutralizing Gas
|switch|p2a: Corviknight|Corviknight, F|66/100
|
|upkeep
|turn|72
|j| Etjx
|
|t:|1759043807
|switch|p2a: Cinderace|Cinderace, F|100/100
|move|p1a: Weezing|Strange Steam|p2a: Cinderace
|-resisted|p2a: Cinderace
|-damage|p2a: Cinderace|83/100
|
|upkeep
|turn|73
|
|t:|1759043817
|-end|p1a: Weezing|ability: Neutralizing Gas
|switch|p1a: Gliscor|Gliscor, F|100/100 tox
|-damage|p1a: Gliscor|88/100 tox|[from] Stealth Rock
|move|p2a: Cinderace|Pyro Ball|p1a: Gliscor
|-damage|p1a: Gliscor|47/100 tox
|
|-heal|p1a: Gliscor|59/100 tox|[from] ability: Poison Heal
|upkeep
|turn|74
|
|t:|1759043828
|switch|p2a: Corviknight|Corviknight, F|66/100
|-ability|p2a: Corviknight|Pressure
|move|p1a: Gliscor|Knock Off|p2a: Corviknight
|-damage|p2a: Corviknight|58/100
|
|-heal|p1a: Gliscor|72/100 tox|[from] ability: Poison Heal
|upkeep
|turn|75
|
|t:|1759043832
|move|p1a: Gliscor|Protect|p1a: Gliscor
|-singleturn|p1a: Gliscor|Protect
|move|p2a: Corviknight|Defog|p1a: Gliscor
|-activate|p1a: Gliscor|move: Protect
|
|-heal|p1a: Gliscor|84/100 tox|[from] ability: Poison Heal
|upkeep
|turn|76
|
|t:|1759043836
|switch|p1a: Corviknight|Corviknight, M|61/100
|-damage|p1a: Corviknight|48/100|[from] Stealth Rock
|-ability|p1a: Corviknight|Pressure
|move|p2a: Corviknight|U-turn|p1a: Corviknight
|-resisted|p1a: Corviknight
|-damage|p1a: Corviknight|46/100
|
|t:|1759043840
|switch|p2a: Cinderace|Cinderace, F|83/100|[from] U-turn
|
|-heal|p1a: Corviknight|53/100|[from] item: Leftovers
|upkeep
|turn|77
|
|t:|1759043846
|switch|p1a: Gliscor|Gliscor, F|84/100 tox
|-damage|p1a: Gliscor|72/100 tox|[from] Stealth Rock
|move|p2a: Cinderace|U-turn|p1a: Gliscor
|-resisted|p1a: Gliscor
|-damage|p1a: Gliscor|65/100 tox
|
|t:|1759043851
|switch|p2a: Kyurem|Kyurem|100/100|[from] U-turn
|-damage|p2a: Kyurem|88/100|[from] Spikes
|-ability|p2a: Kyurem|Pressure
|
|-heal|p2a: Kyurem|94/100|[from] item: Leftovers
|-heal|p1a: Gliscor|77/100 tox|[from] ability: Poison Heal
|upkeep
|turn|78
|
|t:|1759043854
|switch|p2a: Corviknight|Corviknight, F|58/100
|-ability|p2a: Corviknight|Pressure
|move|p1a: Gliscor|Protect||[still]
|-fail|p1a: Gliscor
|
|-heal|p1a: Gliscor|90/100 tox|[from] ability: Poison Heal
|upkeep
|turn|79
|
|t:|1759043858
|switch|p1a: Corviknight|Corviknight, M|53/100
|-damage|p1a: Corviknight|40/100|[from] Stealth Rock
|-ability|p1a: Corviknight|Pressure
|switch|p2a: Kyurem|Kyurem|94/100
|-damage|p2a: Kyurem|82/100|[from] Spikes
|-ability|p2a: Kyurem|Pressure
|
|-heal|p2a: Kyurem|88/100|[from] item: Leftovers
|-heal|p1a: Corviknight|46/100|[from] item: Leftovers
|upkeep
|turn|80
|
|t:|1759043864
|move|p2a: Kyurem|Freeze-Dry|p1a: Corviknight
|-damage|p1a: Corviknight|12/100
|move|p1a: Corviknight|Roost|p1a: Corviknight
|-heal|p1a: Corviknight|62/100
|-singleturn|p1a: Corviknight|move: Roost
|
|-heal|p2a: Kyurem|94/100|[from] item: Leftovers
|-heal|p1a: Corviknight|68/100|[from] item: Leftovers
|upkeep
|turn|81
|
|t:|1759043869
|switch|p1a: Blissey|Blissey, F|90/100
|-damage|p1a: Blissey|78/100|[from] Stealth Rock
|move|p2a: Kyurem|Freeze-Dry|p1a: Blissey
|-damage|p1a: Blissey|66/100
|
|-heal|p2a: Kyurem|100/100|[from] item: Leftovers
|-heal|p1a: Blissey|72/100|[from] item: Leftovers
|upkeep
|turn|82
|j| touhoukhoa
|
|t:|1759043876
|switch|p2a: Corviknight|Corviknight, F|58/100
|-ability|p2a: Corviknight|Pressure
|move|p1a: Blissey|Stealth Rock|p2a: Corviknight
|-sidestart|p2: GentleDnite|move: Stealth Rock
|
|-heal|p1a: Blissey|78/100|[from] item: Leftovers
|upkeep
|turn|83
|
|t:|1759043879
|switch|p1a: Gliscor|Gliscor, F|90/100 tox
|-damage|p1a: Gliscor|77/100 tox|[from] Stealth Rock
|move|p2a: Corviknight|Brave Bird|p1a: Gliscor
|-damage|p1a: Gliscor|48/100 tox
|-damage|p2a: Corviknight|49/100|[from] Recoil
|
|-heal|p1a: Gliscor|61/100 tox|[from] ability: Poison Heal
|upkeep
|turn|84
|j| The_Moonool
|
|t:|1759043884
|switch|p1a: Corviknight|Corviknight, M|68/100
|-damage|p1a: Corviknight|55/100|[from] Stealth Rock
|-ability|p1a: Corviknight|Pressure
|move|p2a: Corviknight|Roost|p2a: Corviknight
|-heal|p2a: Corviknight|99/100
|-singleturn|p2a: Corviknight|move: Roost
|
|-heal|p1a: Corviknight|62/100|[from] item: Leftovers
|upkeep
|turn|85
|
|t:|1759043889
|switch|p2a: Cinderace|Cinderace, F|83/100
|move|p1a: Corviknight|Roost|p1a: Corviknight
|-heal|p1a: Corviknight|100/100
|-singleturn|p1a: Corviknight|move: Roost
|
|upkeep
|turn|86
|l| The_Moonool
|
|t:|1759043895
|switch|p1a: Toxapex|Toxapex, F|84/100
|-damage|p1a: Toxapex|72/100|[from] Stealth Rock
|move|p2a: Cinderace|Pyro Ball|p1a: Toxapex
|-resisted|p1a: Toxapex
|-damage|p1a: Toxapex|51/100
|
|-heal|p1a: Toxapex|57/100|[from] item: Leftovers
|upkeep
|turn|87
|
|t:|1759043904
|switch|p2a: Corviknight|Corviknight, F|99/100
|-damage|p2a: Corviknight|87/100|[from] Stealth Rock
|-ability|p2a: Corviknight|Pressure
|move|p1a: Toxapex|Toxic|p2a: Corviknight
|-immune|p2a: Corviknight
|
|-heal|p1a: Toxapex|64/100|[from] item: Leftovers
|upkeep
|turn|88
|
|t:|1759043907
|switch|p1a: Gliscor|Gliscor, F|61/100 tox
|-damage|p1a: Gliscor|48/100 tox|[from] Stealth Rock
|move|p2a: Corviknight|Defog|p1a: Gliscor
|-unboost|p1a: Gliscor|evasion|1
|-sideend|p1: jb291|Stealth Rock|[from] move: Defog|[of] p2a: Corviknight
|-sideend|p2: GentleDnite|Spikes|[from] move: Defog|[of] p2a: Corviknight
|-sideend|p2: GentleDnite|Stealth Rock|[from] move: Defog|[of] p2a: Corviknight
|
|-heal|p1a: Gliscor|61/100 tox|[from] ability: Poison Heal
|upkeep
|turn|89
|
|t:|1759043916
|move|p1a: Gliscor|Spikes|p2a: Corviknight
|-sidestart|p2: GentleDnite|Spikes
|move|p2a: Corviknight|U-turn|p1a: Gliscor
|-resisted|p1a: Gliscor
|-crit|p1a: Gliscor
|-damage|p1a: Gliscor|52/100 tox
|
|t:|1759043921
|switch|p2a: Kyurem|Kyurem|100/100|[from] U-turn
|-damage|p2a: Kyurem|88/100|[from] Spikes
|-ability|p2a: Kyurem|Pressure
|
|-heal|p2a: Kyurem|94/100|[from] item: Leftovers
|-heal|p1a: Gliscor|65/100 tox|[from] ability: Poison Heal
|upkeep
|turn|90
|l| WooperFanPurple
|
|t:|1759043944
|switch|p2a: Corviknight|Corviknight, F|87/100
|-ability|p2a: Corviknight|Pressure
|move|p1a: Gliscor|Protect||[still]
|-fail|p1a: Gliscor
|
|-heal|p1a: Gliscor|77/100 tox|[from] ability: Poison Heal
|upkeep
|turn|91
|
|t:|1759043949
|switch|p1a: Corviknight|Corviknight, M|100/100
|-ability|p1a: Corviknight|Pressure
|move|p2a: Corviknight|U-turn|p1a: Corviknight
|-resisted|p1a: Corviknight
|-damage|p1a: Corviknight|98/100
|
|t:|1759043956
|switch|p2a: Cinderace|Cinderace, F|83/100|[from] U-turn
|
|-heal|p1a: Corviknight|100/100|[from] item: Leftovers
|upkeep
|turn|92
|
|t:|1759043963
|switch|p1a: Gliscor|Gliscor, F|77/100 tox
|move|p2a: Cinderace|Court Change|p2a: Cinderace
|-swapsideconditions
|-activate|p2a: Cinderace|move: Court Change
|
|-heal|p1a: Gliscor|90/100 tox|[from] ability: Poison Heal
|upkeep
|turn|93
|
|t:|1759043973
|switch|p2a: Corviknight|Corviknight, F|87/100
|-ability|p2a: Corviknight|Pressure
|move|p1a: Gliscor|Spikes|p2a: Corviknight
|-sidestart|p2: GentleDnite|Spikes
|
|-heal|p1a: Gliscor|100/100 tox|[from] ability: Poison Heal
|upkeep
|turn|94
|
|t:|1759043982
|switch|p1a: Corviknight|Corviknight, M|100/100
|-ability|p1a: Corviknight|Pressure
|move|p2a: Corviknight|Brave Bird|p1a: Corviknight
|-resisted|p1a: Corviknight
|-damage|p1a: Corviknight|90/100
|-damage|p2a: Corviknight|83/100|[from] Recoil
|
|-heal|p1a: Corviknight|96/100|[from] item: Leftovers
|upkeep
|turn|95
|
|t:|1759043997
|switch|p2a: Ting-Lu|Ting-Lu|94/100 tox
|-damage|p2a: Ting-Lu|82/100 tox|[from] Spikes
|-ability|p2a: Ting-Lu|Vessel of Ruin
|switch|p1a: Gliscor|Gliscor, F|100/100 tox
|
|-heal|p2a: Ting-Lu|88/100 tox|[from] item: Leftovers
|-damage|p2a: Ting-Lu|82/100 tox|[from] psn
|upkeep
|turn|96
|
|t:|1759044003
|switch|p1a: Corviknight|Corviknight, M|96/100
|-ability|p1a: Corviknight|Pressure
|move|p2a: Ting-Lu|Payback|p1a: Corviknight
|-damage|p1a: Corviknight|84/100
|
|-heal|p1a: Corviknight|90/100|[from] item: Leftovers
|-heal|p2a: Ting-Lu|88/100 tox|[from] item: Leftovers
|-damage|p2a: Ting-Lu|76/100 tox|[from] psn
|upkeep
|turn|97
|
|t:|1759044008
|switch|p1a: Gliscor|Gliscor, F|100/100 tox
|move|p2a: Ting-Lu|Rest|p2a: Ting-Lu
|-status|p2a: Ting-Lu|slp|[from] move: Rest
|-heal|p2a: Ting-Lu|100/100 slp|[silent]
|
|upkeep
|turn|98
|
|t:|1759044011
|switch|p1a: Corviknight|Corviknight, M|90/100
|-ability|p1a: Corviknight|Pressure
|cant|p2a: Ting-Lu|slp
|move|p2a: Ting-Lu|Sleep Talk|p2a: Ting-Lu
|move|p2a: Ting-Lu|Payback|p1a: Corviknight|[from] move: Sleep Talk
|-damage|p1a: Corviknight|80/100
|
|-heal|p1a: Corviknight|86/100|[from] item: Leftovers
|upkeep
|turn|99
|
|t:|1759044019
|switch|p1a: Gliscor|Gliscor, F|100/100 tox
|cant|p2a: Ting-Lu|slp
|
|upkeep
|turn|100
|
|t:|1759044024
|switch|p1a: Corviknight|Corviknight, M|86/100
|-ability|p1a: Corviknight|Pressure
|switch|p2a: Corviknight|Corviknight, F|83/100
|-ability|p2a: Corviknight|Pressure
|
|-heal|p1a: Corviknight|92/100|[from] item: Leftovers
|upkeep
|turn|101
|
|t:|1759044026
|switch|p2a: Ting-Lu|Ting-Lu|100/100 slp
|-damage|p2a: Ting-Lu|88/100 slp|[from] Spikes
|-ability|p2a: Ting-Lu|Vessel of Ruin
|switch|p1a: Gliscor|Gliscor, F|100/100 tox
|
|-heal|p2a: Ting-Lu|94/100 slp|[from] item: Leftovers
|upkeep
|turn|102
|
|t:|1759044029
|switch|p2a: Corviknight|Corviknight, F|83/100
|-ability|p2a: Corviknight|Pressure
|move|p1a: Gliscor|Knock Off|p2a: Corviknight
|-damage|p2a: Corviknight|74/100
|
|upkeep
|turn|103
|inactive|GentleDnite has 120 seconds left.
|
|t:|1759044059
|switch|p2a: Ting-Lu|Ting-Lu|94/100 slp
|-damage|p2a: Ting-Lu|82/100 slp|[from] Spikes
|-ability|p2a: Ting-Lu|Vessel of Ruin
|move|p1a: Gliscor|Knock Off|p2a: Ting-Lu
|-resisted|p2a: Ting-Lu
|-damage|p2a: Ting-Lu|76/100 slp
|-enditem|p2a: Ting-Lu|Leftovers|[from] move: Knock Off|[of] p1a: Gliscor
|
|upkeep
|turn|104
|
|t:|1759044062
|switch|p1a: Corviknight|Corviknight, M|92/100
|-ability|p1a: Corviknight|Pressure
|switch|p2a: Corviknight|Corviknight, F|74/100
|-ability|p2a: Corviknight|Pressure
|
|-heal|p1a: Corviknight|99/100|[from] item: Leftovers
|upkeep
|turn|105
|
|t:|1759044067
|switch|p1a: Gliscor|Gliscor, F|100/100 tox
|switch|p2a: Bloated ego|Dondozo, F|78/100
|-damage|p2a: Bloated ego|66/100|[from] Spikes
|
|upkeep
|turn|106
|j| kirax357
|
|t:|1759044071
|switch|p1a: Weezing|Weezing-Galar, F|55/100
|-ability|p1a: Weezing|Neutralizing Gas
|switch|p2a: Corviknight|Corviknight, F|74/100
|
|upkeep
|turn|107
|
|t:|1759044080
|switch|p2a: Cinderace|Cinderace, F|83/100
|move|p1a: Weezing|Pain Split|p2a: Cinderace
|-sethp|p2a: Cinderace|67/100|[from] move: Pain Split|[silent]
|-sethp|p1a: Weezing|72/100|[from] move: Pain Split
|
|upkeep
|turn|108
|l| kirax357
|
|t:|1759044086
|-end|p1a: Weezing|ability: Neutralizing Gas
|switch|p1a: Gliscor|Gliscor, F|100/100 tox
|move|p2a: Cinderace|Will-O-Wisp||[still]
|-fail|p2a: Cinderace
|
|upkeep
|turn|109
|
|t:|1759044090
|switch|p2a: Corviknight|Corviknight, F|74/100
|-ability|p2a: Corviknight|Pressure
|switch|p1a: Toxapex|Toxapex, F|97/100
|-damage|p1a: Toxapex|84/100|[from] Spikes
|
|-heal|p1a: Toxapex|91/100|[from] item: Leftovers
|upkeep
|turn|110
|
|t:|1759044094
|switch|p2a: Ting-Lu|Ting-Lu|76/100 slp
|-damage|p2a: Ting-Lu|64/100 slp|[from] Spikes
|-ability|p2a: Ting-Lu|Vessel of Ruin
|switch|p1a: Corviknight|Corviknight, M|99/100
|-ability|p1a: Corviknight|Pressure
|
|-heal|p1a: Corviknight|100/100|[from] item: Leftovers
|upkeep
|turn|111
|
|t:|1759044097
|switch|p1a: Gliscor|Gliscor, F|100/100 tox
|switch|p2a: Corviknight|Corviknight, F|74/100
|-ability|p2a: Corviknight|Pressure
|
|upkeep
|turn|112
|
|t:|1759044104
|switch|p1a: Weezing|Weezing-Galar, F|72/100
|-ability|p1a: Weezing|Neutralizing Gas
|move|p2a: Corviknight|Defog|p1a: Weezing
|-unboost|p1a: Weezing|evasion|1
|-sideend|p1: jb291|Spikes|[from] move: Defog|[of] p2a: Corviknight
|-sideend|p2: GentleDnite|Spikes|[from] move: Defog|[of] p2a: Corviknight
|
|upkeep
|turn|113
|
|t:|1759044120
|switch|p2a: Slowking|Slowking-Galar, L99, F|18/100 brn
|-end|p1a: Weezing|ability: Neutralizing Gas
|switch|p1a: Gliscor|Gliscor, F|100/100 tox
|
|-damage|p2a: Slowking|12/100 brn|[from] brn
|upkeep
|turn|114
|
|t:|1759044126
|switch|p1a: Weezing|Weezing-Galar, F|72/100
|-ability|p1a: Weezing|Neutralizing Gas
|switch|p2a: Corviknight|Corviknight, F|74/100
|
|upkeep
|turn|115
|
|t:|1759044136
|-end|p1a: Weezing|ability: Neutralizing Gas
|-ability|p2a: Corviknight|Pressure
|switch|p1a: Gliscor|Gliscor, F|100/100 tox
|move|p2a: Corviknight|U-turn|p1a: Gliscor
|-resisted|p1a: Gliscor
|-damage|p1a: Gliscor|95/100 tox
|
|t:|1759044140
|switch|p2a: Slowking|Slowking-Galar, L99, F|12/100 brn|[from] U-turn
|
|-heal|p1a: Gliscor|100/100 tox|[from] ability: Poison Heal
|-damage|p2a: Slowking|6/100 brn|[from] brn
|upkeep
|turn|116
|
|t:|1759044144
|switch|p1a: Weezing|Weezing-Galar, F|72/100
|-ability|p1a: Weezing|Neutralizing Gas
|-prepare|p2a: Slowking|Chilly Reception|[premajor]
|move|p2a: Slowking|Chilly Reception|p2a: Slowking
|-weather|Snowscape
|
|t:|1759044147
|switch|p2a: Kyurem|Kyurem|94/100|[from] Chilly Reception
|
|-weather|Snowscape|[upkeep]
|-heal|p2a: Kyurem|100/100|[from] item: Leftovers
|upkeep
|turn|117
|
|t:|1759044155
|-end|p1a: Weezing|ability: Neutralizing Gas
|-ability|p2a: Kyurem|Pressure
|switch|p1a: Blissey|Blissey, F|78/100
|move|p2a: Kyurem|Protect||[still]
|-fail|p2a: Kyurem
|
|-weather|Snowscape|[upkeep]
|-heal|p1a: Blissey|84/100|[from] item: Leftovers
|upkeep
|turn|118
|j| Prateekkp
|l| Prateekkp
|j| MegaGardevoirVgc
|j| sojabhai3am
|j| ElPrincipeMilito
|l| sojabhai3am
|
|t:|1759044170
|switch|p2a: Corviknight|Corviknight, F|74/100
|-ability|p2a: Corviknight|Pressure
|move|p1a: Blissey|Stealth Rock|p2a: Corviknight
|-sidestart|p2: GentleDnite|move: Stealth Rock
|
|-weather|Snowscape|[upkeep]
|-heal|p1a: Blissey|91/100|[from] item: Leftovers
|upkeep
|turn|119
|
|t:|1759044175
|switch|p2a: Cinderace|Cinderace, F|67/100
|switch|p1a: Corviknight|Corviknight, M|100/100
|-ability|p1a: Corviknight|Pressure
|
|-weather|Snowscape|[upkeep]
|upkeep
|turn|120
|
|t:|1759044178
|switch|p1a: Gliscor|Gliscor, F|100/100 tox
|move|p2a: Cinderace|Court Change|p2a: Cinderace
|-swapsideconditions
|-activate|p2a: Cinderace|move: Court Change
|
|-weather|none
|upkeep
|turn|121
|
|t:|1759044181
|switch|p2a: Corviknight|Corviknight, F|74/100
|-ability|p2a: Corviknight|Pressure
|move|p1a: Gliscor|Spikes|p2a: Corviknight
|-sidestart|p2: GentleDnite|Spikes
|
|upkeep
|turn|122
|l| nick(mygold)
|j| The_Moonool
|
|t:|1759044203
|switch|p2a: Ting-Lu|Ting-Lu|64/100 slp
|-damage|p2a: Ting-Lu|51/100 slp|[from] Spikes
|-ability|p2a: Ting-Lu|Vessel of Ruin
|move|p1a: Gliscor|Knock Off|p2a: Ting-Lu
|-resisted|p2a: Ting-Lu
|-damage|p2a: Ting-Lu|47/100 slp
|
|upkeep
|turn|123
|
|t:|1759044208
|switch|p1a: Corviknight|Corviknight, M|100/100
|-damage|p1a: Corviknight|88/100|[from] Stealth Rock
|-ability|p1a: Corviknight|Pressure
|-curestatus|p2a: Ting-Lu|slp|[msg]
|move|p2a: Ting-Lu|Rest|p2a: Ting-Lu
|-status|p2a: Ting-Lu|slp|[from] move: Rest
|-heal|p2a: Ting-Lu|100/100 slp|[silent]
|
|-heal|p1a: Corviknight|94/100|[from] item: Leftovers
|upkeep
|turn|124
|
|t:|1759044215
|switch|p1a: Weezing|Weezing-Galar, F|72/100
|-ability|p1a: Weezing|Neutralizing Gas
|switch|p2a: Corviknight|Corviknight, F|74/100
|
|upkeep
|turn|125
|j| sojabhai3am
|
|t:|1759044222
|switch|p2a: Ting-Lu|Ting-Lu|100/100 slp
|-damage|p2a: Ting-Lu|88/100 slp|[from] Spikes
|move|p1a: Weezing|Strange Steam|p2a: Ting-Lu
|-supereffective|p2a: Ting-Lu
|-damage|p2a: Ting-Lu|58/100 slp
|-start|p2a: Ting-Lu|confusion
|
|upkeep
|turn|126
|
|t:|1759044226
|switch|p2a: Cinderace|Cinderace, F|67/100
|move|p1a: Weezing|Strange Steam|p2a: Cinderace
|-resisted|p2a: Cinderace
|-damage|p2a: Cinderace|50/100
|
|upkeep
|turn|127
|c| sojabhai3am|this gives me deja vu
|c| sojabhai3am|reminds me of kesh
|
|t:|1759044240
|-end|p1a: Weezing|ability: Neutralizing Gas
|switch|p1a: Gliscor|Gliscor, F|100/100 tox
|-damage|p1a: Gliscor|88/100 tox|[from] Stealth Rock
|move|p2a: Cinderace|U-turn|p1a: Gliscor
|-resisted|p1a: Gliscor
|-damage|p1a: Gliscor|80/100 tox
|
|t:|1759044246
|switch|p2a: Corviknight|Corviknight, F|74/100|[from] U-turn
|-ability|p2a: Corviknight|Pressure
|
|-heal|p1a: Gliscor|93/100 tox|[from] ability: Poison Heal
|upkeep
|turn|128
|
|t:|1759044249
|switch|p2a: Cinderace|Cinderace, F|50/100
|move|p1a: Gliscor|Protect||[still]
|-fail|p1a: Gliscor
|
|-heal|p1a: Gliscor|100/100 tox|[from] ability: Poison Heal
|upkeep
|turn|129
|j| StarCalyrex
|l| ElPrincipeMilito
|
|t:|1759044256
|switch|p2a: Corviknight|Corviknight, F|74/100
|-ability|p2a: Corviknight|Pressure
|switch|p1a: Toxapex|Toxapex, F|100/100
|-damage|p1a: Toxapex|88/100|[from] Stealth Rock
|
|-heal|p1a: Toxapex|94/100|[from] item: Leftovers
|upkeep
|turn|130
|
|t:|1759044260
|switch|p2a: Cinderace|Cinderace, F|50/100
|switch|p1a: Weezing|Weezing-Galar, F|72/100
|-ability|p1a: Weezing|Neutralizing Gas
|
|upkeep
|turn|131
|l| StarCalyrex
|
|t:|1759044269
|-end|p1a: Weezing|ability: Neutralizing Gas
|switch|p1a: Toxapex|Toxapex, F|100/100
|-damage|p1a: Toxapex|88/100|[from] Stealth Rock
|move|p2a: Cinderace|Will-O-Wisp|p1a: Toxapex|[miss]
|-miss|p2a: Cinderace|p1a: Toxapex
|
|-heal|p1a: Toxapex|94/100|[from] item: Leftovers
|upkeep
|turn|132
|c|☆GentleDnite|fuck
|c|☆jb291|it rly doesnt matter
|inactive|GentleDnite has 120 seconds left.
|
|t:|1759044307
|switch|p2a: Corviknight|Corviknight, F|74/100
|-ability|p2a: Corviknight|Pressure
|switch|p1a: Gliscor|Gliscor, F|100/100 tox
|-damage|p1a: Gliscor|88/100 tox|[from] Stealth Rock
|
|-heal|p1a: Gliscor|100/100 tox|[from] ability: Poison Heal
|upkeep
|turn|133
|
|t:|1759044320
|switch|p1a: Weezing|Weezing-Galar, F|72/100
|-ability|p1a: Weezing|Neutralizing Gas
|switch|p2a: Kyurem|Kyurem|100/100
|-damage|p2a: Kyurem|88/100|[from] Spikes
|
|-heal|p2a: Kyurem|94/100|[from] item: Leftovers
|upkeep
|turn|134
|
|t:|1759044325
|-end|p1a: Weezing|ability: Neutralizing Gas
|-ability|p2a: Kyurem|Pressure
|switch|p1a: Toxapex|Toxapex, F|100/100
|-damage|p1a: Toxapex|88/100|[from] Stealth Rock
|move|p2a: Kyurem|Freeze-Dry|p1a: Toxapex
|-supereffective|p1a: Toxapex
|-damage|p1a: Toxapex|43/100
|
|-heal|p2a: Kyurem|100/100|[from] item: Leftovers
|-heal|p1a: Toxapex|49/100|[from] item: Leftovers
|upkeep
|turn|135
|
|t:|1759044333
|switch|p1a: Blissey|Blissey, F|91/100
|-damage|p1a: Blissey|78/100|[from] Stealth Rock
|move|p2a: Kyurem|Substitute|p2a: Kyurem
|-start|p2a: Kyurem|Substitute
|-damage|p2a: Kyurem|75/100
|
|-heal|p2a: Kyurem|82/100|[from] item: Leftovers
|-heal|p1a: Blissey|84/100|[from] item: Leftovers
|upkeep
|turn|136
|
|t:|1759044337
|move|p2a: Kyurem|Protect|p2a: Kyurem
|-singleturn|p2a: Kyurem|Protect
|move|p1a: Blissey|Stealth Rock|p2a: Kyurem
|-sidestart|p2: GentleDnite|move: Stealth Rock
|
|-heal|p2a: Kyurem|88/100|[from] item: Leftovers
|-heal|p1a: Blissey|91/100|[from] item: Leftovers
|upkeep
|turn|137
|
|t:|1759044341
|move|p2a: Kyurem|Freeze-Dry|p1a: Blissey
|-damage|p1a: Blissey|80/100
|move|p1a: Blissey|Calm Mind|p1a: Blissey
|-boost|p1a: Blissey|spa|1
|-boost|p1a: Blissey|spd|1
|
|-heal|p2a: Kyurem|94/100|[from] item: Leftovers
|-heal|p1a: Blissey|86/100|[from] item: Leftovers
|upkeep
|turn|138
|
|t:|1759044350
|switch|p2a: Corviknight|Corviknight, F|74/100
|-damage|p2a: Corviknight|62/100|[from] Stealth Rock
|-ability|p2a: Corviknight|Pressure
|move|p1a: Blissey|Calm Mind|p1a: Blissey
|-boost|p1a: Blissey|spa|1
|-boost|p1a: Blissey|spd|1
|
|-heal|p1a: Blissey|93/100|[from] item: Leftovers
|upkeep
|turn|139
|
|t:|1759044356
|switch|p1a: Corviknight|Corviknight, M|94/100
|-damage|p1a: Corviknight|82/100|[from] Stealth Rock
|-ability|p1a: Corviknight|Pressure
|move|p2a: Corviknight|Defog|p1a: Corviknight
|-unboost|p1a: Corviknight|evasion|1
|-sideend|p1: jb291|Stealth Rock|[from] move: Defog|[of] p2a: Corviknight
|-sideend|p2: GentleDnite|Spikes|[from] move: Defog|[of] p2a: Corviknight
|-sideend|p2: GentleDnite|Stealth Rock|[from] move: Defog|[of] p2a: Corviknight
|
|-heal|p1a: Corviknight|88/100|[from] item: Leftovers
|upkeep
|turn|140
|
|t:|1759044360
|switch|p1a: Gliscor|Gliscor, F|100/100 tox
|switch|p2a: Kyurem|Kyurem|94/100
|-ability|p2a: Kyurem|Pressure
|
|-heal|p2a: Kyurem|99/100|[from] item: Leftovers
|upkeep
|turn|141
|
|t:|1759044365
|switch|p2a: Corviknight|Corviknight, F|62/100
|-ability|p2a: Corviknight|Pressure
|switch|p1a: Blissey|Blissey, F|93/100
|
|-heal|p1a: Blissey|99/100|[from] item: Leftovers
|upkeep
|turn|142
|
|t:|1759044369
|switch|p2a: Kyurem|Kyurem|99/100
|-ability|p2a: Kyurem|Pressure
|move|p1a: Blissey|Stealth Rock|p2a: Kyurem
|-sidestart|p2: GentleDnite|move: Stealth Rock
|
|-heal|p2a: Kyurem|100/100|[from] item: Leftovers
|-heal|p1a: Blissey|100/100|[from] item: Leftovers
|upkeep
|turn|143
|
|t:|1759044373
|switch|p2a: Corviknight|Corviknight, F|62/100
|-damage|p2a: Corviknight|50/100|[from] Stealth Rock
|-ability|p2a: Corviknight|Pressure
|move|p1a: Blissey|Seismic Toss|p2a: Corviknight
|-damage|p2a: Corviknight|25/100
|
|upkeep
|turn|144
|
|t:|1759044378
|move|p2a: Corviknight|Roost|p2a: Corviknight
|-heal|p2a: Corviknight|75/100
|-singleturn|p2a: Corviknight|move: Roost
|move|p1a: Blissey|Seismic Toss|p2a: Corviknight
|-damage|p2a: Corviknight|50/100
|
|upkeep
|turn|145
|
|t:|1759044381
|move|p2a: Corviknight|Defog|p1a: Blissey
|-unboost|p1a: Blissey|evasion|1
|-sideend|p2: GentleDnite|Stealth Rock|[from] move: Defog|[of] p2a: Corviknight
|move|p1a: Blissey|Seismic Toss|p2a: Corviknight
|-damage|p2a: Corviknight|25/100
|
|upkeep
|turn|146
|
|t:|1759044384
|move|p2a: Corviknight|Roost|p2a: Corviknight
|-heal|p2a: Corviknight|75/100
|-singleturn|p2a: Corviknight|move: Roost
|move|p1a: Blissey|Seismic Toss|p2a: Corviknight
|-damage|p2a: Corviknight|50/100
|
|upkeep
|turn|147
|
|t:|1759044388
|move|p2a: Corviknight|U-turn|p1a: Blissey
|-damage|p1a: Blissey|87/100
|
|t:|1759044390
|switch|p2a: Kyurem|Kyurem|100/100|[from] U-turn
|-ability|p2a: Kyurem|Pressure
|move|p1a: Blissey|Seismic Toss|p2a: Kyurem
|-damage|p2a: Kyurem|76/100
|
|-heal|p2a: Kyurem|82/100|[from] item: Leftovers
|-heal|p1a: Blissey|93/100|[from] item: Leftovers
|upkeep
|turn|148
|
|t:|1759044397
|switch|p2a: Corviknight|Corviknight, F|50/100
|-ability|p2a: Corviknight|Pressure
|move|p1a: Blissey|Stealth Rock|p2a: Corviknight
|-sidestart|p2: GentleDnite|move: Stealth Rock
|
|-heal|p1a: Blissey|99/100|[from] item: Leftovers
|upkeep
|turn|149
|
|t:|1759044420
|move|p2a: Corviknight|U-turn|p1a: Blissey
|-crit|p1a: Blissey
|-damage|p1a: Blissey|78/100
|
|t:|1759044426
|switch|p2a: Kyurem|Kyurem|82/100|[from] U-turn
|-damage|p2a: Kyurem|57/100|[from] Stealth Rock
|-ability|p2a: Kyurem|Pressure
|move|p1a: Blissey|Seismic Toss|p2a: Kyurem
|-damage|p2a: Kyurem|32/100
|
|-heal|p2a: Kyurem|38/100|[from] item: Leftovers
|-heal|p1a: Blissey|85/100|[from] item: Leftovers
|upkeep
|turn|150
|
|t:|1759044430
|move|p2a: Kyurem|Protect|p2a: Kyurem
|-singleturn|p2a: Kyurem|Protect
|move|p1a: Blissey|Calm Mind|p1a: Blissey
|-boost|p1a: Blissey|spa|1
|-boost|p1a: Blissey|spd|1
|
|-heal|p2a: Kyurem|45/100|[from] item: Leftovers
|-heal|p1a: Blissey|91/100|[from] item: Leftovers
|upkeep
|turn|151
|
|t:|1759044437
|switch|p2a: Corviknight|Corviknight, F|50/100
|-damage|p2a: Corviknight|37/100|[from] Stealth Rock
|-ability|p2a: Corviknight|Pressure
|move|p1a: Blissey|Seismic Toss|p2a: Corviknight
|-damage|p2a: Corviknight|12/100
|
|-heal|p1a: Blissey|97/100|[from] item: Leftovers
|upkeep
|turn|152
|
|t:|1759044440
|move|p2a: Corviknight|Roost|p2a: Corviknight
|-heal|p2a: Corviknight|62/100
|-singleturn|p2a: Corviknight|move: Roost
|move|p1a: Blissey|Seismic Toss|p2a: Corviknight
|-damage|p2a: Corviknight|37/100
|
|-heal|p1a: Blissey|100/100|[from] item: Leftovers
|upkeep
|turn|153
|
|t:|1759044443
|move|p2a: Corviknight|Defog|p1a: Blissey
|-unboost|p1a: Blissey|evasion|1
|-sideend|p2: GentleDnite|Stealth Rock|[from] move: Defog|[of] p2a: Corviknight
|move|p1a: Blissey|Seismic Toss|p2a: Corviknight
|-damage|p2a: Corviknight|12/100
|
|upkeep
|turn|154
|
|t:|1759044447
|move|p2a: Corviknight|Roost|p2a: Corviknight
|-heal|p2a: Corviknight|62/100
|-singleturn|p2a: Corviknight|move: Roost
|move|p1a: Blissey|Stealth Rock|p2a: Corviknight
|-sidestart|p2: GentleDnite|move: Stealth Rock
|
|upkeep
|turn|155
|
|t:|1759044452
|move|p2a: Corviknight|Defog|p1a: Blissey
|-unboost|p1a: Blissey|evasion|1
|-sideend|p2: GentleDnite|Stealth Rock|[from] move: Defog|[of] p2a: Corviknight
|move|p1a: Blissey|Seismic Toss|p2a: Corviknight
|-damage|p2a: Corviknight|37/100
|
|upkeep
|turn|156
|
|t:|1759044456
|move|p2a: Corviknight|Roost|p2a: Corviknight
|-heal|p2a: Corviknight|87/100
|-singleturn|p2a: Corviknight|move: Roost
|move|p1a: Blissey|Stealth Rock|p2a: Corviknight
|-sidestart|p2: GentleDnite|move: Stealth Rock
|
|upkeep
|turn|157
|
|t:|1759044459
|move|p2a: Corviknight|Defog|p1a: Blissey
|-unboost|p1a: Blissey|evasion|1
|-sideend|p2: GentleDnite|Stealth Rock|[from] move: Defog|[of] p2a: Corviknight
|move|p1a: Blissey|Seismic Toss|p2a: Corviknight
|-damage|p2a: Corviknight|62/100
|
|upkeep
|turn|158
|
|t:|1759044461
|move|p2a: Corviknight|U-turn|p1a: Blissey
|-damage|p1a: Blissey|85/100
|
|t:|1759044465
|switch|p2a: Kyurem|Kyurem|45/100|[from] U-turn
|-ability|p2a: Kyurem|Pressure
|move|p1a: Blissey|Stealth Rock|p2a: Kyurem
|-sidestart|p2: GentleDnite|move: Stealth Rock
|
|-heal|p2a: Kyurem|51/100|[from] item: Leftovers
|-heal|p1a: Blissey|92/100|[from] item: Leftovers
|upkeep
|turn|159
|l| sojabhai3am
|
|t:|1759044472
|switch|p1a: Toxapex|Toxapex, F|82/100
|move|p2a: Kyurem|Substitute|p2a: Kyurem
|-start|p2a: Kyurem|Substitute
|-damage|p2a: Kyurem|26/100
|
|-heal|p2a: Kyurem|32/100|[from] item: Leftovers
|-heal|p1a: Toxapex|88/100|[from] item: Leftovers
|upkeep
|turn|160
|j| nick(mygold)
|
|t:|1759044476
|switch|p1a: Blissey|Blissey, F|92/100
|move|p2a: Kyurem|Freeze-Dry|p1a: Blissey
|-damage|p1a: Blissey|81/100
|
|-heal|p2a: Kyurem|38/100|[from] item: Leftovers
|-heal|p1a: Blissey|88/100|[from] item: Leftovers
|upkeep
|turn|161
|
|t:|1759044480
|switch|p1a: Toxapex|Toxapex, F|100/100
|move|p2a: Kyurem|Freeze-Dry|p1a: Toxapex
|-supereffective|p1a: Toxapex
|-crit|p1a: Toxapex
|-damage|p1a: Toxapex|33/100
|
|-heal|p2a: Kyurem|44/100|[from] item: Leftovers
|-heal|p1a: Toxapex|39/100|[from] item: Leftovers
|upkeep
|turn|162
|
|t:|1759044482
|switch|p1a: Blissey|Blissey, F|88/100
|move|p2a: Kyurem|Freeze-Dry|p1a: Blissey
|-damage|p1a: Blissey|77/100
|
|-heal|p2a: Kyurem|50/100|[from] item: Leftovers
|-heal|p1a: Blissey|84/100|[from] item: Leftovers
|upkeep
|turn|163
|
|t:|1759044484
|move|p2a: Kyurem|Freeze-Dry|p1a: Blissey
|-damage|p1a: Blissey|73/100
|move|p1a: Blissey|Calm Mind|p1a: Blissey
|-boost|p1a: Blissey|spa|1
|-boost|p1a: Blissey|spd|1
|
|-heal|p2a: Kyurem|57/100|[from] item: Leftovers
|-heal|p1a: Blissey|79/100|[from] item: Leftovers
|upkeep
|turn|164
|
|t:|1759044486
|move|p2a: Kyurem|Earth Power|p1a: Blissey
|-damage|p1a: Blissey|73/100
|move|p1a: Blissey|Calm Mind|p1a: Blissey
|-boost|p1a: Blissey|spa|1
|-boost|p1a: Blissey|spd|1
|
|-heal|p2a: Kyurem|63/100|[from] item: Leftovers
|-heal|p1a: Blissey|79/100|[from] item: Leftovers
|upkeep
|turn|165
|
|t:|1759044489
|move|p2a: Kyurem|Earth Power|p1a: Blissey
|-damage|p1a: Blissey|74/100
|move|p1a: Blissey|Calm Mind|p1a: Blissey
|-boost|p1a: Blissey|spa|1
|-boost|p1a: Blissey|spd|1
|
|-heal|p2a: Kyurem|69/100|[from] item: Leftovers
|-heal|p1a: Blissey|81/100|[from] item: Leftovers
|upkeep
|turn|166
|
|t:|1759044491
|move|p2a: Kyurem|Earth Power|p1a: Blissey
|-damage|p1a: Blissey|76/100
|move|p1a: Blissey|Calm Mind|p1a: Blissey
|-boost|p1a: Blissey|spa|1
|-boost|p1a: Blissey|spd|1
|
|-heal|p2a: Kyurem|75/100|[from] item: Leftovers
|-heal|p1a: Blissey|83/100|[from] item: Leftovers
|upkeep
|turn|167
|
|t:|1759044493
|move|p2a: Kyurem|Freeze-Dry|p1a: Blissey
|-damage|p1a: Blissey|79/100
|move|p1a: Blissey|Calm Mind|p1a: Blissey
|-boost|p1a: Blissey|spa|1
|-boost|p1a: Blissey|spd|1
|
|-heal|p2a: Kyurem|81/100|[from] item: Leftovers
|-heal|p1a: Blissey|86/100|[from] item: Leftovers
|upkeep
|turn|168
|
|t:|1759044494
|move|p2a: Kyurem|Freeze-Dry|p1a: Blissey
|-damage|p1a: Blissey|82/100
|move|p1a: Blissey|Calm Mind|p1a: Blissey
|-boost|p1a: Blissey|spa|1
|-boost|p1a: Blissey|spd|1
|
|-heal|p2a: Kyurem|88/100|[from] item: Leftovers
|-heal|p1a: Blissey|89/100|[from] item: Leftovers
|upkeep
|turn|169
|
|t:|1759044496
|move|p2a: Kyurem|Freeze-Dry|p1a: Blissey
|-damage|p1a: Blissey|86/100
|move|p1a: Blissey|Calm Mind|p1a: Blissey
|-boost|p1a: Blissey|spa|0
|-boost|p1a: Blissey|spd|0
|
|-heal|p2a: Kyurem|94/100|[from] item: Leftovers
|-heal|p1a: Blissey|92/100|[from] item: Leftovers
|upkeep
|turn|170
|
|t:|1759044500
|move|p2a: Kyurem|Protect|p2a: Kyurem
|-singleturn|p2a: Kyurem|Protect
|move|p1a: Blissey|Calm Mind|p1a: Blissey
|-boost|p1a: Blissey|spa|0
|-boost|p1a: Blissey|spd|0
|
|-heal|p2a: Kyurem|99/100|[from] item: Leftovers
|-heal|p1a: Blissey|98/100|[from] item: Leftovers
|upkeep
|turn|171
|j| locked in bro
|j| Leroipolux
|j| Raichu95lucario
|
|t:|1759044523
|move|p2a: Kyurem|Freeze-Dry|p1a: Blissey
|-damage|p1a: Blissey|95/100
|move|p1a: Blissey|Calm Mind|p1a: Blissey
|-boost|p1a: Blissey|spa|0
|-boost|p1a: Blissey|spd|0
|
|-heal|p2a: Kyurem|100/100|[from] item: Leftovers
|-heal|p1a: Blissey|100/100|[from] item: Leftovers
|upkeep
|turn|172
|inactive|GentleDnite has 120 seconds left.
|
|t:|1759044543
|move|p2a: Kyurem|Freeze-Dry|p1a: Blissey
|-damage|p1a: Blissey|98/100
|move|p1a: Blissey|Calm Mind|p1a: Blissey
|-boost|p1a: Blissey|spa|0
|-boost|p1a: Blissey|spd|0
|
|-heal|p1a: Blissey|100/100|[from] item: Leftovers
|upkeep
|turn|173
|
|t:|1759044546
|move|p2a: Kyurem|Freeze-Dry|p1a: Blissey
|-damage|p1a: Blissey|98/100
|move|p1a: Blissey|Calm Mind|p1a: Blissey
|-boost|p1a: Blissey|spa|0
|-boost|p1a: Blissey|spd|0
|
|-heal|p1a: Blissey|100/100|[from] item: Leftovers
|upkeep
|turn|174
|
|t:|1759044548
|move|p2a: Kyurem|Freeze-Dry|p1a: Blissey
|-damage|p1a: Blissey|98/100
|move|p1a: Blissey|Calm Mind|p1a: Blissey
|-boost|p1a: Blissey|spa|0
|-boost|p1a: Blissey|spd|0
|
|-heal|p1a: Blissey|100/100|[from] item: Leftovers
|upkeep
|turn|175
|j| StarCalyrex
|
|t:|1759044554
|move|p2a: Kyurem|Earth Power|p1a: Blissey
|-damage|p1a: Blissey|98/100
|move|p1a: Blissey|Calm Mind|p1a: Blissey
|-boost|p1a: Blissey|spa|0
|-boost|p1a: Blissey|spd|0
|
|-heal|p1a: Blissey|100/100|[from] item: Leftovers
|upkeep
|turn|176
|
|t:|1759044557
|move|p2a: Kyurem|Earth Power|p1a: Blissey
|-damage|p1a: Blissey|98/100
|move|p1a: Blissey|Calm Mind|p1a: Blissey
|-boost|p1a: Blissey|spa|0
|-boost|p1a: Blissey|spd|0
|
|-heal|p1a: Blissey|100/100|[from] item: Leftovers
|upkeep
|turn|177
|
|t:|1759044559
|move|p2a: Kyurem|Freeze-Dry|p1a: Blissey
|-damage|p1a: Blissey|98/100
|move|p1a: Blissey|Calm Mind|p1a: Blissey
|-boost|p1a: Blissey|spa|0
|-boost|p1a: Blissey|spd|0
|
|-heal|p1a: Blissey|100/100|[from] item: Leftovers
|upkeep
|turn|178
|
|t:|1759044561
|move|p2a: Kyurem|Freeze-Dry|p1a: Blissey
|-damage|p1a: Blissey|98/100
|move|p1a: Blissey|Calm Mind|p1a: Blissey
|-boost|p1a: Blissey|spa|0
|-boost|p1a: Blissey|spd|0
|
|-heal|p1a: Blissey|100/100|[from] item: Leftovers
|upkeep
|turn|179
|
|t:|1759044563
|move|p2a: Kyurem|Freeze-Dry|p1a: Blissey
|-damage|p1a: Blissey|98/100
|move|p1a: Blissey|Calm Mind|p1a: Blissey
|-boost|p1a: Blissey|spa|0
|-boost|p1a: Blissey|spd|0
|
|-heal|p1a: Blissey|100/100|[from] item: Leftovers
|upkeep
|turn|180
|
|t:|1759044565
|move|p2a: Kyurem|Freeze-Dry|p1a: Blissey
|-damage|p1a: Blissey|98/100
|-status|p1a: Blissey|frz
|cant|p1a: Blissey|frz
|
|-heal|p1a: Blissey|100/100 frz|[from] item: Leftovers
|upkeep
|turn|181
|l| Raichu95lucario
|
|t:|1759044570
|move|p2a: Kyurem|Freeze-Dry|p1a: Blissey
|-damage|p1a: Blissey|98/100 frz
|cant|p1a: Blissey|frz
|
|-heal|p1a: Blissey|100/100 frz|[from] item: Leftovers
|upkeep
|turn|182
|
|t:|1759044572
|move|p2a: Kyurem|Freeze-Dry|p1a: Blissey
|-damage|p1a: Blissey|97/100 frz
|cant|p1a: Blissey|frz
|
|-heal|p1a: Blissey|100/100 frz|[from] item: Leftovers
|upkeep
|turn|183
|
|t:|1759044574
|move|p2a: Kyurem|Freeze-Dry|p1a: Blissey
|-damage|p1a: Blissey|98/100 frz
|-curestatus|p1a: Blissey|frz|[msg]
|move|p1a: Blissey|Calm Mind|p1a: Blissey
|-boost|p1a: Blissey|spa|0
|-boost|p1a: Blissey|spd|0
|
|-heal|p1a: Blissey|100/100|[from] item: Leftovers
|upkeep
|turn|184
|
|t:|1759044579
|switch|p1a: Toxapex|Toxapex, F|72/100
|move|p2a: Kyurem|Freeze-Dry|p1a: Toxapex
|-supereffective|p1a: Toxapex
|-damage|p1a: Toxapex|26/100
|
|-heal|p1a: Toxapex|32/100|[from] item: Leftovers
|upkeep
|turn|185
|
|t:|1759044584
|switch|p2a: Ting-Lu|Ting-Lu|58/100 slp
|-damage|p2a: Ting-Lu|51/100 slp|[from] Stealth Rock
|-ability|p2a: Ting-Lu|Vessel of Ruin
|switch|p1a: Blissey|Blissey, F|100/100
|
|upkeep
|turn|186
|
|t:|1759044588
|move|p1a: Blissey|Seismic Toss|p2a: Ting-Lu
|-damage|p2a: Ting-Lu|32/100 slp
|cant|p2a: Ting-Lu|slp
|
|upkeep
|turn|187
|
|t:|1759044593
|move|p1a: Blissey|Seismic Toss|p2a: Ting-Lu
|-damage|p2a: Ting-Lu|13/100 slp
|cant|p2a: Ting-Lu|slp
|
|upkeep
|turn|188
|j| ExaltedAqua
|j| Raichu95lucario
|l| Leroipolux
|
|t:|1759044599
|switch|p2a: Bloated ego|Dondozo, F|66/100
|-damage|p2a: Bloated ego|54/100|[from] Stealth Rock
|move|p1a: Blissey|Seismic Toss|p2a: Bloated ego
|-damage|p2a: Bloated ego|34/100
|
|upkeep
|turn|189
|
|t:|1759044604
|switch|p1a: Weezing|Weezing-Galar, F|72/100
|-ability|p1a: Weezing|Neutralizing Gas
|move|p2a: Bloated ego|Rest|p2a: Bloated ego
|-status|p2a: Bloated ego|slp|[from] move: Rest
|-heal|p2a: Bloated ego|100/100 slp|[silent]
|
|upkeep
|turn|190
|
|t:|1759044612
|-end|p1a: Weezing|ability: Neutralizing Gas
|switch|p1a: Toxapex|Toxapex, F|66/100
|cant|p2a: Bloated ego|slp
|
|-heal|p1a: Toxapex|72/100|[from] item: Leftovers
|upkeep
|turn|191
|j| Clodsireenjoyer999
|
|t:|1759044618
|switch|p1a: Gliscor|Gliscor, F|100/100 tox
|switch|p2a: Ting-Lu|Ting-Lu|13/100 slp
|-damage|p2a: Ting-Lu|6/100 slp|[from] Stealth Rock
|-ability|p2a: Ting-Lu|Vessel of Ruin
|
|upkeep
|turn|192
|
|t:|1759044621
|move|p1a: Gliscor|Earthquake|p2a: Ting-Lu
|-damage|p2a: Ting-Lu|0 fnt
|faint|p2a: Ting-Lu
|
|upkeep
|
|t:|1759044624
|switch|p2a: Kyurem|Kyurem|100/100
|-damage|p2a: Kyurem|75/100|[from] Stealth Rock
|-ability|p2a: Kyurem|Pressure
|turn|193
|l| Etjx
|
|t:|1759044627
|switch|p1a: Blissey|Blissey, F|100/100
|move|p2a: Kyurem|Freeze-Dry|p1a: Blissey
|-damage|p1a: Blissey|89/100
|
|-heal|p2a: Kyurem|82/100|[from] item: Leftovers
|-heal|p1a: Blissey|95/100|[from] item: Leftovers
|upkeep
|turn|194
|
|t:|1759044630
|switch|p1a: Toxapex|Toxapex, F|100/100
|move|p2a: Kyurem|Freeze-Dry|p1a: Toxapex
|-supereffective|p1a: Toxapex
|-damage|p1a: Toxapex|56/100
|
|-heal|p2a: Kyurem|88/100|[from] item: Leftovers
|-heal|p1a: Toxapex|63/100|[from] item: Leftovers
|upkeep
|turn|195
|l|+Fragments
|
|t:|1759044632
|switch|p1a: Blissey|Blissey, F|95/100
|move|p2a: Kyurem|Substitute|p2a: Kyurem
|-start|p2a: Kyurem|Substitute
|-damage|p2a: Kyurem|63/100
|
|-heal|p2a: Kyurem|69/100|[from] item: Leftovers
|-heal|p1a: Blissey|100/100|[from] item: Leftovers
|upkeep
|turn|196
|
|t:|1759044634
|switch|p1a: Toxapex|Toxapex, F|96/100
|move|p2a: Kyurem|Protect||[still]
|-fail|p2a: Kyurem
|
|-heal|p2a: Kyurem|75/100|[from] item: Leftovers
|-heal|p1a: Toxapex|100/100|[from] item: Leftovers
|upkeep
|turn|197
|
|t:|1759044636
|switch|p1a: Blissey|Blissey, F|100/100
|move|p2a: Kyurem|Earth Power|p1a: Blissey
|-damage|p1a: Blissey|90/100
|
|-heal|p2a: Kyurem|81/100|[from] item: Leftovers
|-heal|p1a: Blissey|97/100|[from] item: Leftovers
|upkeep
|turn|198
|
|t:|1759044638
|switch|p1a: Toxapex|Toxapex, F|100/100
|move|p2a: Kyurem|Substitute|p2a: Kyurem
|-fail|p2a: Kyurem|move: Substitute
|
|-heal|p2a: Kyurem|88/100|[from] item: Leftovers
|upkeep
|turn|199
|
|t:|1759044640
|switch|p1a: Blissey|Blissey, F|97/100
|move|p2a: Kyurem|Earth Power|p1a: Blissey
|-damage|p1a: Blissey|87/100
|
|-heal|p2a: Kyurem|94/100|[from] item: Leftovers
|-heal|p1a: Blissey|93/100|[from] item: Leftovers
|upkeep
|turn|200
|
|t:|1759044642
|move|p2a: Kyurem|Earth Power|p1a: Blissey
|-damage|p1a: Blissey|83/100
|move|p1a: Blissey|Calm Mind|p1a: Blissey
|-boost|p1a: Blissey|spa|1
|-boost|p1a: Blissey|spd|1
|
|-heal|p2a: Kyurem|99/100|[from] item: Leftovers
|-heal|p1a: Blissey|89/100|[from] item: Leftovers
|upkeep
|turn|201
|
|t:|1759044644
|switch|p1a: Toxapex|Toxapex, F|100/100
|move|p2a: Kyurem|Freeze-Dry|p1a: Toxapex
|-supereffective|p1a: Toxapex
|-damage|p1a: Toxapex|54/100
|
|-heal|p2a: Kyurem|100/100|[from] item: Leftovers
|-heal|p1a: Toxapex|61/100|[from] item: Leftovers
|upkeep
|turn|202
|j| ElPrincipeMilito
|-message|GentleDnite forfeited.
|
|win|jb291
|n|☆jb291|jb291
|n|☆GentleDnite|gentlednite
|n|*Lady Monita ☀|ladymonita
|n| PokeArt2004❤|pokeart2004
|n| drop 6 nukers|drop6nukers
|n| Hoennseptile|hoennseptile
|n| touhoukhoa|touhoukhoa
|n| MegaGardevoirVgc|megagardevoirvgc
|n| The_Moonool|themoonool
|n| nick(mygold)|nickmygold
|n| locked in bro|lockedinbro
|n| StarCalyrex|starcalyrex
|n| ExaltedAqua|exaltedaqua
|n| Raichu95lucario|raichu95lucario
|n| Clodsireenjoyer999|clodsireenjoyer999
|n| ElPrincipeMilito|elprincipemilito
|l|*Lady Monita ☀
|l|☆jb291
|player|p1|
|l| touhoukhoa
|l|☆GentleDnite
|player|p2|
|l| Raichu95lucario
|l| ElPrincipeMilito
|l| StarCalyrex
|l| Clodsireenjoyer999
|l| MegaGardevoirVgc
|l| ExaltedAqua
