|j|☆Dew123
|j|☆Zakiovitch007
|t:|1759063394
|gametype|singles
|player|p1|Dew123|biker-gen4|1107
|player|p2|Zakiovitch007|cyclist-gen4|1063
|gen|9
|tier|[Gen 9] OU
|rated|
|rule|HP Percentage Mod: HP is shown in percentages
|rule|Endless Battle Clause: Forcing endless battles is banned
|rule|Species Clause: Limit one of each Pokémon
|rule|OHKO Clause: OHKO moves are banned
|rule|Evasion Items Clause: Evasion items are banned
|rule|Evasion Moves Clause: Evasion moves are banned
|rule|Evasion Abilities Clause: Evasion abilities are banned
|rule|Sleep Moves Clause: Sleep-inducing moves are banned
|clearpoke
|poke|p1|Torkoal, F|
|poke|p1|Venusaur, F|
|poke|p1|Sawsbuck, M|
|poke|p1|Walking Wake|
|poke|p1|Gliscor, M|
|poke|p1|Dragapult, M|
|poke|p2|Raging Bolt|
|poke|p2|Ogerpon-Wellspring, F|
|poke|p2|Iron Valiant|
|poke|p2|Landorus-Therian, M|
|poke|p2|Great Tusk|
|poke|p2|Iron Crown|
|teampreview
|inactive|Battle timer is ON: inactive players will automatically lose when time's up. (requested by Dew123)
|
|t:|1759063398
|teamsize|p1|6
|teamsize|p2|6
|start
|switch|p1a: Dragapult|Dragapult, M|100/100
|switch|p2a: Landorus|Landorus-Therian, M|100/100
|-ability|p2a: Landorus|Intimidate|boost
|-unboost|p1a: Dragapult|atk|1
|turn|1
|
|t:|1759063409
|move|p1a: Dragapult|Will-O-Wisp|p2a: Landorus
|-status|p2a: Landorus|brn
|move|p2a: Landorus|Earthquake|p1a: Dragapult
|-damage|p1a: Dragapult|63/100
|-start|p2a: Landorus|Disable|Earthquake|[from] ability: Cursed Body|[of] p1a: Dragapult
|
|-damage|p2a: Landorus|94/100 brn|[from] brn
|upkeep
|turn|2
|
|t:|1759063419
|move|p1a: Dragapult|Sunny Day|p1a: Dragapult
|-weather|SunnyDay
|move|p2a: Landorus|Outrage|p1a: Dragapult
|-supereffective|p1a: Dragapult
|-damage|p1a: Dragapult|8/100
|
|-weather|SunnyDay|[upkeep]
|-damage|p2a: Landorus|88/100 brn|[from] brn
|upkeep
|turn|3
|
|t:|1759063428
|move|p1a: Dragapult|U-turn|p2a: Landorus
|-resisted|p2a: Landorus
|-damage|p2a: Landorus|81/100 brn
|-damage|p1a: Dragapult|0 fnt|[from] item: Rocky Helmet|[of] p2a: Landorus
|faint|p1a: Dragapult
|move|p2a: Landorus|Outrage|p1: Dragapult|[from] lockedmove|[notarget]
|-fail|p2a: Landorus
|
|-weather|SunnyDay|[upkeep]
|-damage|p2a: Landorus|75/100 brn|[from] brn
|upkeep
|
|t:|1759063429
|switch|p1a: Sawsbuck|Sawsbuck, M|100/100
|turn|4
|
|t:|1759063453
|move|p1a: Sawsbuck|Swords Dance|p1a: Sawsbuck
|-boost|p1a: Sawsbuck|atk|2
|move|p2a: Landorus|U-turn|p1a: Sawsbuck
|-supereffective|p1a: Sawsbuck
|-damage|p1a: Sawsbuck|57/100
|
|t:|1759063460
|switch|p2a: Iron Crown|Iron Crown|100/100|[from] U-turn
|-enditem|p2a: Iron Crown|Booster Energy
|-activate|p2a: Iron Crown|ability: Quark Drive|[fromitem]
|-start|p2a: Iron Crown|quarkdrivespe
|
|-weather|SunnyDay|[upkeep]
|upkeep
|turn|5
|
|t:|1759063468
|move|p1a: Sawsbuck|High Horsepower|p2a: Iron Crown
|-supereffective|p2a: Iron Crown
|-damage|p2a: Iron Crown|0 fnt
|faint|p2a: Iron Crown
|-end|p2a: Iron Crown|Quark Drive|[silent]
|
|-weather|SunnyDay|[upkeep]
|upkeep
|
|t:|1759063485
|switch|p2a: Ogerpon|Ogerpon-Wellspring, F|100/100
|turn|6
|
|t:|1759063495
|-terastallize|p2a: Ogerpon|Water
|detailschange|p2a: Ogerpon|Ogerpon-Wellspring-Tera, F, tera:Water
|-ability|p2a: Ogerpon|Embody Aspect (Wellspring)|boost
|-boost|p2a: Ogerpon|spd|1
|move|p1a: Sawsbuck|Horn Leech|p2a: Ogerpon
|-supereffective|p2a: Ogerpon
|-damage|p2a: Ogerpon|0 fnt
|-heal|p1a: Sawsbuck|100/100|[from] drain|[of] p2a: Ogerpon
|faint|p2a: Ogerpon
|detailschange|p2: Ogerpon|Ogerpon-Wellspring, F|[silent]
|
|-weather|SunnyDay|[upkeep]
|upkeep
|-message|Zakiovitch007 forfeited.
|
|win|Dew123
|raw|Dew123's rating: 1107 &rarr; <strong>1129</strong><br />(+22 for winning)
|raw|Zakiovitch007's rating: 1063 &rarr; <strong>1046</strong><br />(-17 for losing)
|l|☆Zakiovitch007
|player|p2|
|l|☆Dew123
|player|p1|
