|j|☆pokemongen4444
|j|☆MarinKitagawaa
|t:|1758979710
|gametype|singles
|player|p1|pokemongen4444|shadowtriad|1105
|player|p2|MarinKitagawaa|cynthia-gen4|1111
|gen|9
|tier|[Gen 9] OU
|rated|
|rule|HP Percentage Mod: HP is shown in percentages
|rule|Endless Battle Clause: Forcing endless battles is banned
|rule|Species Clause: Limit one of each Pokémon
|rule|OHKO Clause: OHKO moves are banned
|rule|Evasion Items Clause: Evasion items are banned
|rule|Evasion Moves Clause: Evasion moves are banned
|rule|Evasion Abilities Clause: Evasion abilities are banned
|rule|Sleep Moves Clause: Sleep-inducing moves are banned
|clearpoke
|poke|p1|Malamar, M|
|poke|p1|Glimmora, F|
|poke|p1|Alomomola, M|
|poke|p1|Incineroar, F|
|poke|p1|Dragapult, F|
|poke|p1|Morpeko, F|
|poke|p2|Alomomola, M|
|poke|p2|Glimmora, F|
|poke|p2|Chansey, F|
|poke|p2|Kingambit, M|
|poke|p2|Garchomp, M|
|poke|p2|Gliscor, M|
|teampreview
|inactive|Battle timer is ON: inactive players will automatically lose when time's up. (requested by pokemongen4444)
|
|t:|1758979725
|teamsize|p1|6
|teamsize|p2|6
|start
|switch|p1a: Malamar|Malamar, M, shiny|100/100
|switch|p2a: Mimimimi|Glimmora, F|100/100
|turn|1
|
|t:|1758979734
|-terastallize|p1a: Malamar|Fighting
|move|p2a: Mimimimi|Stealth Rock|p1a: Malamar
|-sidestart|p1: pokemongen4444|move: Stealth Rock
|move|p1a: Malamar|Superpower|p2a: Mimimimi
|-damage|p2a: Mimimimi|30/100
|-boost|p1a: Malamar|atk|1
|-boost|p1a: Malamar|def|1
|-activate|p2a: Mimimimi|ability: Toxic Debris
|-sidestart|p1: pokemongen4444|move: Toxic Spikes
|
|upkeep
|turn|2
|
|t:|1758979745
|move|p2a: Mimimimi|Earth Power|p1a: Malamar
|-damage|p1a: Malamar|78/100
|move|p1a: Malamar|Superpower|p2a: Mimimimi
|-damage|p2a: Mimimimi|0 fnt
|-boost|p1a: Malamar|atk|1
|-boost|p1a: Malamar|def|1
|-activate|p2a: Mimimimi|ability: Toxic Debris
|-sidestart|p1: pokemongen4444|move: Toxic Spikes
|faint|p2a: Mimimimi
|
|upkeep
|
|t:|1758979763
|switch|p2a: Egg|Chansey, F|100/100
|turn|3
|
|t:|1758979767
|move|p1a: Malamar|Superpower|p2a: Egg
|-supereffective|p2a: Egg
|-damage|p2a: Egg|0 fnt
|-boost|p1a: Malamar|atk|1
|-boost|p1a: Malamar|def|1
|faint|p2a: Egg
|
|upkeep
|
|t:|1758979770
|switch|p2a: Momomole|Alomomola, M|100/100
|turn|4
|
|t:|1758979779
|move|p2a: Momomole|Scald|p1a: Malamar
|-damage|p1a: Malamar|66/100
|-status|p1a: Malamar|brn
|move|p1a: Malamar|Superpower|p2a: Momomole
|-damage|p2a: Momomole|68/100
|-boost|p1a: Malamar|atk|1
|-boost|p1a: Malamar|def|1
|
|-damage|p1a: Malamar|60/100 brn|[from] brn
|upkeep
|turn|5
|
|t:|1758979794
|move|p2a: Momomole|Flip Turn|p1a: Malamar
|-damage|p1a: Malamar|55/100 brn
|
|t:|1758979797
|switch|p2a: FEEL LIKEA MONSTER|Garchomp, M|100/100|[from] Flip Turn
|move|p1a: Malamar|Knock Off|p2a: FEEL LIKEA MONSTER
|-damage|p2a: FEEL LIKEA MONSTER|35/100
|-damage|p1a: Malamar|43/100 brn|[from] ability: Rough Skin|[of] p2a: FEEL LIKEA MONSTER
|-enditem|p2a: FEEL LIKEA MONSTER|Loaded Dice|[from] move: Knock Off|[of] p1a: Malamar
|
|-damage|p1a: Malamar|36/100 brn|[from] brn
|upkeep
|turn|6
|-message|MarinKitagawaa forfeited.
|
|win|pokemongen4444
|raw|pokemongen4444's rating: 1105 &rarr; <strong>1130</strong><br />(+25 for winning)
|raw|MarinKitagawaa's rating: 1111 &rarr; <strong>1086</strong><br />(-25 for losing)
|l|☆MarinKitagawaa
|player|p2|
|l|☆pokemongen4444
|player|p1|
