|j|☆bertoskyT
|j|☆bugcatcherweevil
|t:|1758964688
|gametype|singles
|player|p1|bertoskyT|ethan|1622
|player|p2|bugcatcherweevil|102|1798
|gen|9
|tier|[Gen 9] OU
|rated|
|rule|HP Percentage Mod: HP is shown in percentages
|rule|Endless Battle Clause: Forcing endless battles is banned
|rule|Species Clause: Limit one of each Pokémon
|rule|OHKO Clause: OHKO moves are banned
|rule|Evasion Items Clause: Evasion items are banned
|rule|Evasion Moves Clause: Evasion moves are banned
|rule|Evasion Abilities Clause: Evasion abilities are banned
|rule|Sleep Moves Clause: Sleep-inducing moves are banned
|clearpoke
|poke|p1|Dragapult, F|
|poke|p1|Landorus-Therian, M|
|poke|p1|Ogerpon-Wellspring, F|
|poke|p1|Greninja-*, M|
|poke|p1|Slowking-Galar, M|
|poke|p1|Forretress, M|
|poke|p2|Iron Moth|
|poke|p2|Ting-Lu|
|poke|p2|Torkoal, F|
|poke|p2|Walking Wake|
|poke|p2|Great Tusk|
|poke|p2|Slither Wing|
|teampreview
|
|t:|1758964707
|teamsize|p1|6
|teamsize|p2|6
|start
|switch|p1a: Slowking|Slowking-Galar, M|100/100
|switch|p2a: Ting-Lu|Ting-Lu|100/100
|-ability|p2a: Ting-Lu|Vessel of Ruin
|turn|1
|
|t:|1758964715
|switch|p1a: Forretress|Forretress, M|100/100
|move|p2a: Ting-Lu|Spikes|p1a: Forretress
|-sidestart|p1: bertoskyT|Spikes
|
|upkeep
|turn|2
|
|t:|1758964725
|switch|p2a: Iron Moth|Iron Moth|100/100
|move|p1a: Forretress|Spikes|p2a: Iron Moth
|-sidestart|p2: bugcatcherweevil|Spikes
|
|upkeep
|turn|3
|
|t:|1758964731
|move|p2a: Iron Moth|Fiery Dance|p1a: Forretress
|-supereffective|p1a: Forretress
|-ability|p1a: Forretress|Sturdy
|-damage|p1a: Forretress|1/100
|-boost|p2a: Iron Moth|spa|1
|move|p1a: Forretress|Volt Switch|p2a: Iron Moth
|-damage|p2a: Iron Moth|90/100
|
|t:|1758964739
|switch|p1a: Dragapult|Dragapult, F|100/100|[from] Volt Switch
|-damage|p1a: Dragapult|88/100|[from] Spikes
|
|upkeep
|turn|4
|
|t:|1758964746
|-end|p2a: Iron Moth|Quark Drive|[silent]
|switch|p2a: Ting-Lu|Ting-Lu|100/100
|-damage|p2a: Ting-Lu|88/100|[from] Spikes
|-ability|p2a: Ting-Lu|Vessel of Ruin
|-terastallize|p1a: Dragapult|Ghost
|move|p1a: Dragapult|Tera Blast|p2a: Ting-Lu|[anim] Tera Blast Ghost
|-resisted|p2a: Ting-Lu
|-crit|p2a: Ting-Lu
|-damage|p2a: Ting-Lu|55/100
|
|upkeep
|turn|5
|
|t:|1758964754
|switch|p1a: Forretress|Forretress, M|1/100
|-damage|p1a: Forretress|0 fnt|[from] Spikes
|faint|p1a: Forretress
|move|p2a: Ting-Lu|Spikes|p1: Forretress
|-sidestart|p1: bertoskyT|Spikes
|
|upkeep
|
|t:|1758964757
|switch|p1a: Ogerpon|Ogerpon-Wellspring, F|100/100
|-damage|p1a: Ogerpon|84/100|[from] Spikes
|turn|6
|
|t:|1758964766
|switch|p2a: Torkoal|Torkoal, F|100/100
|-damage|p2a: Torkoal|88/100|[from] Spikes
|-weather|SunnyDay|[from] ability: Drought|[of] p2a: Torkoal
|move|p1a: Ogerpon|Swords Dance|p1a: Ogerpon
|-boost|p1a: Ogerpon|atk|2
|
|-weather|SunnyDay|[upkeep]
|upkeep
|turn|7
|
|t:|1758964773
|-terastallize|p2a: Torkoal|Ghost
|move|p1a: Ogerpon|Knock Off|p2a: Torkoal
|-supereffective|p2a: Torkoal
|-damage|p2a: Torkoal|1/100
|-enditem|p2a: Torkoal|Heat Rock|[from] move: Knock Off|[of] p1a: Ogerpon
|move|p2a: Torkoal|Will-O-Wisp|p1a: Ogerpon
|-status|p1a: Ogerpon|brn
|
|-weather|SunnyDay|[upkeep]
|-damage|p1a: Ogerpon|78/100 brn|[from] brn
|upkeep
|turn|8
|j| wgw2333
|
|t:|1758964785
|switch|p2a: Great Tusk|Great Tusk|100/100
|-activate|p2a: Great Tusk|ability: Protosynthesis
|-start|p2a: Great Tusk|protosynthesisspe
|move|p1a: Ogerpon|Ivy Cudgel|p2a: Great Tusk|[anim] Ivy Cudgel Water
|-supereffective|p2a: Great Tusk
|-damage|p2a: Great Tusk|65/100
|
|-weather|SunnyDay|[upkeep]
|-damage|p1a: Ogerpon|72/100 brn|[from] brn
|upkeep
|turn|9
|
|t:|1758964793
|move|p2a: Great Tusk|Rapid Spin|p1a: Ogerpon
|-damage|p1a: Ogerpon|54/100 brn
|-boost|p2a: Great Tusk|spe|1
|-sideend|p2: bugcatcherweevil|Spikes|[from] move: Rapid Spin|[of] p2a: Great Tusk
|move|p1a: Ogerpon|Ivy Cudgel|p2a: Great Tusk|[anim] Ivy Cudgel Water
|-supereffective|p2a: Great Tusk
|-crit|p2a: Great Tusk
|-damage|p2a: Great Tusk|12/100
|
|-weather|SunnyDay|[upkeep]
|-damage|p1a: Ogerpon|48/100 brn|[from] brn
|upkeep
|turn|10
|
|t:|1758964814
|switch|p1a: Landorus|Landorus-Therian, M|100/100
|-ability|p1a: Landorus|Intimidate|boost
|-unboost|p2a: Great Tusk|atk|1
|move|p2a: Great Tusk|Headlong Rush|p1a: Landorus
|-immune|p1a: Landorus
|
|-weather|SunnyDay|[upkeep]
|upkeep
|turn|11
|
|t:|1758964819
|move|p2a: Great Tusk|Bulk Up|p2a: Great Tusk
|-boost|p2a: Great Tusk|atk|1
|-boost|p2a: Great Tusk|def|1
|move|p1a: Landorus|Stealth Rock|p2a: Great Tusk
|-sidestart|p2: bugcatcherweevil|move: Stealth Rock
|
|-weather|SunnyDay|[upkeep]
|upkeep
|turn|12
|
|t:|1758964830
|move|p2a: Great Tusk|Ice Spinner|p1a: Landorus
|-supereffective|p1a: Landorus
|-damage|p1a: Landorus|35/100
|-damage|p2a: Great Tusk|0 fnt|[from] item: Rocky Helmet|[of] p1a: Landorus
|faint|p2a: Great Tusk
|-end|p2a: Great Tusk|Protosynthesis|[silent]
|move|p1a: Landorus|Stealth Rock||[still]
|-fail|p1a: Landorus
|
|-weather|SunnyDay|[upkeep]
|upkeep
|
|t:|1758964845
|switch|p2a: Walking Wake|Walking Wake|100/100
|-damage|p2a: Walking Wake|88/100|[from] Stealth Rock
|-activate|p2a: Walking Wake|ability: Protosynthesis
|-start|p2a: Walking Wake|protosynthesisspe
|turn|13
|
|t:|1758964854
|switch|p1a: Ogerpon|Ogerpon-Wellspring, F|48/100 brn
|-damage|p1a: Ogerpon|32/100 brn|[from] Spikes
|move|p2a: Walking Wake|Dragon Pulse|p1a: Ogerpon
|-damage|p1a: Ogerpon|0 fnt
|faint|p1a: Ogerpon
|
|-weather|none
|-end|p2a: Walking Wake|Protosynthesis
|upkeep
|
|t:|1758964863
|switch|p1a: Dragapult|Dragapult, F, tera:Ghost|88/100
|-damage|p1a: Dragapult|72/100|[from] Spikes
|turn|14
|
|t:|1758964867
|-end|p2a: Walking Wake|Protosynthesis|[silent]
|switch|p2a: Torkoal|Torkoal, F, tera:Ghost|1/100
|-damage|p2a: Torkoal|0 fnt|[from] Stealth Rock
|faint|p2a: Torkoal
|move|p1a: Dragapult|Tera Blast|p2: Torkoal|[notarget]
|-fail|p1a: Dragapult
|
|upkeep
|
|t:|1758964871
|switch|p2a: Ting-Lu|Ting-Lu|55/100
|-damage|p2a: Ting-Lu|49/100|[from] Stealth Rock
|-ability|p2a: Ting-Lu|Vessel of Ruin
|turn|15
|
|t:|1758964886
|switch|p1a: Landorus|Landorus-Therian, M|35/100
|-ability|p1a: Landorus|Intimidate|boost
|-unboost|p2a: Ting-Lu|atk|1
|move|p2a: Ting-Lu|Spikes|p1a: Landorus
|-sidestart|p1: bertoskyT|Spikes
|
|upkeep
|turn|16
|
|t:|1758964890
|move|p1a: Landorus|Taunt|p2a: Ting-Lu
|-start|p2a: Ting-Lu|move: Taunt
|cant|p2a: Ting-Lu|move: Taunt|Whirlwind
|
|upkeep
|turn|17
|
|t:|1758964899
|move|p1a: Landorus|U-turn|p2a: Ting-Lu
|-supereffective|p2a: Ting-Lu
|-damage|p2a: Ting-Lu|26/100
|-damage|p1a: Landorus|18/100|[from] item: Rocky Helmet|[of] p2a: Ting-Lu
|
|t:|1758964912
|switch|p1a: Dragapult|Dragapult, F, tera:Ghost|72/100|[from] U-turn
|-damage|p1a: Dragapult|47/100|[from] Spikes
|move|p2a: Ting-Lu|Ruination|p1a: Dragapult|[miss]
|-miss|p2a: Ting-Lu|p1a: Dragapult
|
|upkeep
|turn|18
|
|t:|1758964922
|move|p1a: Dragapult|Dragon Darts|p2a: Ting-Lu
|-damage|p2a: Ting-Lu|5/100
|-anim|p1a: Dragapult|Dragon Darts|p2a: Ting-Lu
|-damage|p2a: Ting-Lu|0 fnt
|faint|p2a: Ting-Lu
|
|upkeep
|
|t:|1758964931
|switch|p2a: Slither Wing|Slither Wing|100/100
|-damage|p2a: Slither Wing|88/100|[from] Stealth Rock
|turn|19
|
|t:|1758964948
|switch|p1a: Landorus|Landorus-Therian, M|18/100
|-ability|p1a: Landorus|Intimidate|boost
|-unboost|p2a: Slither Wing|atk|1
|move|p2a: Slither Wing|First Impression|p1a: Landorus
|-resisted|p1a: Landorus
|-damage|p1a: Landorus|0 fnt
|-damage|p2a: Slither Wing|72/100|[from] item: Rocky Helmet|[of] p1a: Landorus
|faint|p1a: Landorus
|
|upkeep
|
|t:|1758964957
|switch|p1a: Greninja|Greninja, M|100/100
|-damage|p1a: Greninja|76/100|[from] Spikes
|turn|20
|
|t:|1758964963
|-end|p2a: Slither Wing|Protosynthesis|[silent]
|switch|p2a: Walking Wake|Walking Wake|88/100
|-damage|p2a: Walking Wake|76/100|[from] Stealth Rock
|move|p1a: Greninja|Surf|p2a: Walking Wake
|-resisted|p2a: Walking Wake
|-damage|p2a: Walking Wake|61/100
|-damage|p1a: Greninja|66/100|[from] item: Life Orb
|
|upkeep
|turn|21
|
|t:|1758964969
|move|p1a: Greninja|Dark Pulse|p2a: Walking Wake
|-damage|p2a: Walking Wake|3/100
|-damage|p1a: Greninja|56/100|[from] item: Life Orb
|move|p2a: Walking Wake|Dragon Pulse|p1a: Greninja
|-damage|p1a: Greninja|0 fnt
|faint|p1a: Greninja
|
|upkeep
|
|t:|1758964973
|switch|p1a: Dragapult|Dragapult, F, tera:Ghost|47/100
|-damage|p1a: Dragapult|22/100|[from] Spikes
|turn|22
|
|t:|1758964979
|move|p1a: Dragapult|Dragon Darts|p2a: Walking Wake
|-supereffective|p2a: Walking Wake
|-damage|p2a: Walking Wake|0 fnt
|faint|p2a: Walking Wake
|-end|p2a: Walking Wake|Protosynthesis|[silent]
|
|upkeep
|
|t:|1758964981
|switch|p2a: Slither Wing|Slither Wing|72/100
|-damage|p2a: Slither Wing|59/100|[from] Stealth Rock
|turn|23
|
|t:|1758964992
|move|p2a: Slither Wing|First Impression|p1a: Dragapult
|-resisted|p1a: Dragapult
|-crit|p1a: Dragapult
|-damage|p1a: Dragapult|0 fnt
|faint|p1a: Dragapult
|
|upkeep
|
|t:|1758964994
|switch|p1a: Slowking|Slowking-Galar, M|100/100
|turn|24
|
|t:|1758965005
|-end|p2a: Slither Wing|Protosynthesis|[silent]
|switch|p2a: Iron Moth|Iron Moth|90/100
|-damage|p2a: Iron Moth|65/100|[from] Stealth Rock
|move|p1a: Slowking|Flamethrower|p2a: Iron Moth
|-resisted|p2a: Iron Moth
|-damage|p2a: Iron Moth|54/100
|
|upkeep
|turn|25
|
|t:|1758965009
|move|p2a: Iron Moth|Fiery Dance|p1a: Slowking
|-damage|p1a: Slowking|58/100
|move|p1a: Slowking|Thunder Wave|p2a: Iron Moth
|-status|p2a: Iron Moth|par
|
|upkeep
|turn|26
|
|t:|1758965014
|move|p2a: Iron Moth|Fiery Dance|p1a: Slowking
|-damage|p1a: Slowking|17/100
|-boost|p2a: Iron Moth|spa|1
|move|p1a: Slowking|Sludge Bomb|p2a: Iron Moth
|-resisted|p2a: Iron Moth
|-damage|p2a: Iron Moth|36/100 par
|
|upkeep
|turn|27
|
|t:|1758965021
|move|p2a: Iron Moth|Fiery Dance|p1a: Slowking
|-crit|p1a: Slowking
|-damage|p1a: Slowking|0 fnt
|-boost|p2a: Iron Moth|spa|1
|faint|p1a: Slowking
|
|win|bugcatcherweevil
|raw|bertoskyT's rating: 1622 &rarr; <strong>1611</strong><br />(-11 for losing)
|raw|bugcatcherweevil's rating: 1798 &rarr; <strong>1809</strong><br />(+11 for winning)
|l|☆bertoskyT
|player|p1|
|l| wgw2333
