|j|☆TsekaiAndIncognito
|j|☆Zavanna
|t:|1759061820
|gametype|singles
|player|p1|TsekaiAndIncognito|hilbert|1361
|player|p2|Zavanna|2|1314
|gen|9
|tier|[Gen 9] OU
|rated|
|rule|HP Percentage Mod: HP is shown in percentages
|rule|Endless Battle Clause: Forcing endless battles is banned
|rule|Species Clause: Limit one of each Pokémon
|rule|OHKO Clause: OHKO moves are banned
|rule|Evasion Items Clause: Evasion items are banned
|rule|Evasion Moves Clause: Evasion moves are banned
|rule|Evasion Abilities Clause: Evasion abilities are banned
|rule|Sleep Moves Clause: Sleep-inducing moves are banned
|clearpoke
|poke|p1|Heatran, M|
|poke|p1|Meowscarada, F|
|poke|p1|Raging Bolt|
|poke|p1|Zamazenta-*|
|poke|p1|Lokix, M|
|poke|p1|Haxorus, F|
|poke|p2|Arcanine-Hisui, M|
|poke|p2|Great Tusk|
|poke|p2|Weezing-Galar, M|
|poke|p2|Sinistcha|
|poke|p2|Samurott-Hisui, M|
|poke|p2|Latios, M|
|teampreview
|inactive|Battle timer is ON: inactive players will automatically lose when time's up. (requested by TsekaiAndIncognito)
|
|t:|1759061829
|teamsize|p1|6
|teamsize|p2|6
|start
|switch|p1a: Meowscarada|Meowscarada, F, shiny|100/100
|switch|p2a: Sentinel|Weezing-Galar, M, shiny|100/100
|-ability|p2a: Sentinel|Neutralizing Gas
|turn|1
|
|t:|1759061834
|move|p1a: Meowscarada|U-turn|p2a: Sentinel
|-resisted|p2a: Sentinel
|-crit|p2a: Sentinel
|-damage|p2a: Sentinel|92/100
|
|t:|1759061835
|switch|p1a: Heatran|Heatran, M|100/100|[from] U-turn
|move|p2a: Sentinel|Will-O-Wisp|p1a: Heatran
|-immune|p1a: Heatran
|
|upkeep
|turn|2
|
|t:|1759061845
|-end|p2a: Sentinel|ability: Neutralizing Gas
|switch|p2a: Avalon|Latios, M, shiny|100/100
|move|p1a: Heatran|Magma Storm|p2a: Avalon
|-resisted|p2a: Avalon
|-damage|p2a: Avalon|56/100
|-activate|p2a: Avalon|move: Magma Storm|[of] p1a: Heatran
|
|-damage|p2a: Avalon|43/100|[from] move: Magma Storm|[partiallytrapped]
|upkeep
|turn|3
|
|t:|1759061851
|move|p2a: Avalon|Recover|p2a: Avalon
|-heal|p2a: Avalon|94/100
|move|p1a: Heatran|Magma Storm|p2a: Avalon|[miss]
|-miss|p1a: Heatran|p2a: Avalon
|
|-damage|p2a: Avalon|81/100|[from] move: Magma Storm|[partiallytrapped]
|upkeep
|turn|4
|
|t:|1759061855
|switch|p1a: Lokix|Lokix, M, shiny|100/100
|move|p2a: Avalon|Psychic Noise|p1a: Lokix
|-immune|p1a: Lokix
|
|-end|p2a: Avalon|Magma Storm|[partiallytrapped]|[silent]
|upkeep
|turn|5
|
|t:|1759061860
|switch|p2a: Sentinel|Weezing-Galar, M, shiny|92/100
|-ability|p2a: Sentinel|Neutralizing Gas
|switch|p1a: Heatran|Heatran, M|100/100
|
|upkeep
|turn|6
|
|t:|1759061877
|move|p1a: Heatran|Magma Storm|p2a: Sentinel
|-damage|p2a: Sentinel|0 fnt
|faint|p2a: Sentinel
|-end|p2a: Sentinel|ability: Neutralizing Gas
|
|upkeep
|
|t:|1759061881
|switch|p2a: Behemoth|Great Tusk, shiny|100/100
|turn|7
|
|t:|1759061885
|switch|p1a: Meowscarada|Meowscarada, F, shiny|100/100
|move|p2a: Behemoth|Headlong Rush|p1a: Meowscarada
|-resisted|p1a: Meowscarada
|-damage|p1a: Meowscarada|51/100
|-unboost|p2a: Behemoth|def|1
|-unboost|p2a: Behemoth|spd|1
|
|upkeep
|turn|8
|
|t:|1759061903
|move|p2a: Behemoth|Headlong Rush|p1a: Meowscarada
|-resisted|p1a: Meowscarada
|-damage|p1a: Meowscarada|0 fnt
|-unboost|p2a: Behemoth|def|1
|-unboost|p2a: Behemoth|spd|1
|faint|p1a: Meowscarada
|
|upkeep
|
|t:|1759061913
|switch|p1a: Lokix|Lokix, M, shiny|100/100
|turn|9
|
|t:|1759061919
|-end|p2a: Behemoth|Protosynthesis|[silent]
|switch|p2a: Obsidian|Arcanine-Hisui, M, shiny|100/100
|move|p1a: Lokix|Swords Dance|p1a: Lokix
|-boost|p1a: Lokix|atk|2
|
|upkeep
|turn|10
|
|t:|1759061926
|-terastallize|p1a: Lokix|Dark
|move|p1a: Lokix|Sucker Punch|p2a: Obsidian
|-damage|p2a: Obsidian|0 fnt
|faint|p2a: Obsidian
|
|upkeep
|
|t:|1759061930
|switch|p2a: Behemoth|Great Tusk, shiny|100/100
|turn|11
|
|t:|1759061935
|move|p1a: Lokix|Sucker Punch|p2a: Behemoth
|-resisted|p2a: Behemoth
|-damage|p2a: Behemoth|68/100
|move|p2a: Behemoth|Close Combat|p1a: Lokix
|-supereffective|p1a: Lokix
|-crit|p1a: Lokix
|-damage|p1a: Lokix|0 fnt
|-unboost|p2a: Behemoth|def|1
|-unboost|p2a: Behemoth|spd|1
|faint|p1a: Lokix
|
|upkeep
|
|t:|1759061943
|switch|p1a: Haxorus|Haxorus, F|100/100
|-ability|p1a: Haxorus|Mold Breaker
|turn|12
|
|t:|1759061956
|-end|p2a: Behemoth|Protosynthesis|[silent]
|switch|p2a: Sagittarius|Sinistcha, shiny|100/100
|move|p1a: Haxorus|Scale Shot|p2a: Sagittarius
|-damage|p2a: Sagittarius|89/100
|-damage|p2a: Sagittarius|78/100
|-damage|p2a: Sagittarius|66/100
|-crit|p2a: Sagittarius
|-damage|p2a: Sagittarius|49/100
|-damage|p2a: Sagittarius|39/100
|-hitcount|p2a: Sagittarius|5
|-unboost|p1a: Haxorus|def|1
|-boost|p1a: Haxorus|spe|1
|
|-heal|p2a: Sagittarius|45/100|[from] item: Leftovers
|upkeep
|turn|13
|
|t:|1759061968
|-terastallize|p2a: Sagittarius|Poison
|move|p1a: Haxorus|Scale Shot|p2a: Sagittarius|[miss]
|-miss|p1a: Haxorus|p2a: Sagittarius
|move|p2a: Sagittarius|Strength Sap|p1a: Haxorus
|-unboost|p1a: Haxorus|atk|1
|-heal|p2a: Sagittarius|100/100
|
|upkeep
|turn|14
|
|t:|1759061979
|switch|p1a: Heatran|Heatran, M|100/100
|move|p2a: Sagittarius|Shadow Ball|p1a: Heatran
|-damage|p1a: Heatran|70/100
|
|upkeep
|turn|15
|
|t:|1759061992
|switch|p1a: Zamazenta|Zamazenta|100/100
|-ability|p1a: Zamazenta|Dauntless Shield|boost
|-boost|p1a: Zamazenta|def|1
|switch|p2a: Avalon|Latios, M, shiny|81/100
|
|upkeep
|turn|16
|
|t:|1759061996
|switch|p2a: Sagittarius|Sinistcha, shiny, tera:Poison|100/100
|move|p1a: Zamazenta|Trailblaze|p2a: Sagittarius
|-resisted|p2a: Sagittarius
|-damage|p2a: Sagittarius|95/100
|-boost|p1a: Zamazenta|spe|1
|
|-heal|p2a: Sagittarius|100/100|[from] item: Leftovers
|upkeep
|turn|17
|
|t:|1759062003
|switch|p1a: Heatran|Heatran, M|70/100
|move|p2a: Sagittarius|Shadow Ball|p1a: Heatran
|-damage|p1a: Heatran|36/100
|
|upkeep
|turn|18
|
|t:|1759062010
|switch|p2a: Jack Sparrow|Samurott-Hisui, M, shiny|100/100
|move|p1a: Heatran|Magma Storm|p2a: Jack Sparrow
|-resisted|p2a: Jack Sparrow
|-damage|p2a: Jack Sparrow|30/100
|-activate|p2a: Jack Sparrow|move: Magma Storm|[of] p1a: Heatran
|
|-damage|p2a: Jack Sparrow|18/100|[from] move: Magma Storm|[partiallytrapped]
|upkeep
|turn|19
|
|t:|1759062025
|move|p2a: Jack Sparrow|Flip Turn|p1a: Heatran
|-supereffective|p1a: Heatran
|-crit|p1a: Heatran
|-damage|p1a: Heatran|0 fnt
|faint|p1a: Heatran
|
|t:|1759062030
|switch|p2a: Sagittarius|Sinistcha, shiny, tera:Poison|100/100|[from] Flip Turn
|
|upkeep
|
|t:|1759062033
|switch|p1a: Raging Bolt|Raging Bolt|100/100
|turn|20
|
|t:|1759062043
|switch|p2a: Jack Sparrow|Samurott-Hisui, M, shiny|18/100
|move|p1a: Raging Bolt|Thunderbolt|p2a: Jack Sparrow
|-supereffective|p2a: Jack Sparrow
|-damage|p2a: Jack Sparrow|0 fnt
|faint|p2a: Jack Sparrow
|
|upkeep
|
|t:|1759062047
|switch|p2a: Behemoth|Great Tusk, shiny|68/100
|turn|21
|
|t:|1759062050
|-end|p1a: Raging Bolt|Protosynthesis|[silent]
|switch|p1a: Zamazenta|Zamazenta|100/100
|move|p2a: Behemoth|Headlong Rush|p1a: Zamazenta
|-damage|p1a: Zamazenta|40/100
|-unboost|p2a: Behemoth|def|1
|-unboost|p2a: Behemoth|spd|1
|
|upkeep
|turn|22
|
|t:|1759062055
|move|p2a: Behemoth|Headlong Rush|p1a: Zamazenta
|-damage|p1a: Zamazenta|0 fnt
|-unboost|p2a: Behemoth|def|1
|-unboost|p2a: Behemoth|spd|1
|faint|p1a: Zamazenta
|
|upkeep
|
|t:|1759062058
|switch|p1a: Haxorus|Haxorus, F|100/100
|-ability|p1a: Haxorus|Mold Breaker
|turn|23
|
|t:|1759062067
|-end|p2a: Behemoth|Protosynthesis|[silent]
|switch|p2a: Avalon|Latios, M, shiny|81/100
|move|p1a: Haxorus|Dragon Dance|p1a: Haxorus
|-boost|p1a: Haxorus|atk|1
|-boost|p1a: Haxorus|spe|1
|
|upkeep
|turn|24
|
|t:|1759062073
|move|p1a: Haxorus|Scale Shot|p2a: Avalon
|-supereffective|p2a: Avalon
|-crit|p2a: Avalon
|-damage|p2a: Avalon|0 fnt
|faint|p2a: Avalon
|-hitcount|p2: Avalon|1
|-unboost|p1a: Haxorus|def|1
|-boost|p1a: Haxorus|spe|1
|
|upkeep
|
|t:|1759062079
|switch|p2a: Sagittarius|Sinistcha, shiny, tera:Poison|100/100
|turn|25
|
|t:|1759062082
|move|p1a: Haxorus|Earthquake|p2a: Sagittarius
|-supereffective|p2a: Sagittarius
|-crit|p2a: Sagittarius
|-damage|p2a: Sagittarius|0 fnt
|faint|p2a: Sagittarius
|
|upkeep
|
|t:|1759062084
|switch|p2a: Behemoth|Great Tusk, shiny|68/100
|turn|26
|
|t:|1759062089
|move|p1a: Haxorus|Scale Shot|p2a: Behemoth|[miss]
|-miss|p1a: Haxorus|p2a: Behemoth
|move|p2a: Behemoth|Ice Spinner|p1a: Haxorus
|-supereffective|p1a: Haxorus
|-damage|p1a: Haxorus|0 fnt
|faint|p1a: Haxorus
|
|upkeep
|
|t:|1759062091
|switch|p1a: Raging Bolt|Raging Bolt|100/100
|turn|27
|
|t:|1759062095
|move|p2a: Behemoth|Ice Spinner|p1a: Raging Bolt
|-supereffective|p1a: Raging Bolt
|-damage|p1a: Raging Bolt|51/100
|move|p1a: Raging Bolt|Draco Meteor|p2a: Behemoth
|-crit|p2a: Behemoth
|-damage|p2a: Behemoth|0 fnt
|-unboost|p1a: Raging Bolt|spa|2
|faint|p2a: Behemoth
|-end|p2a: Behemoth|Protosynthesis|[silent]
|
|win|TsekaiAndIncognito
|raw|TsekaiAndIncognito's rating: 1361 &rarr; <strong>1378</strong><br />(+17 for winning)
|raw|Zavanna's rating: 1314 &rarr; <strong>1297</strong><br />(-17 for losing)
|l|☆Zavanna
|player|p2|
