|j|☆WonderGuardWill
|j|☆Made in BraziL
|t:|1759067133
|gametype|singles
|player|p1|WonderGuardWill|dancer|1347
|player|p2|Made in BraziL|gentleman|1339
|gen|9
|tier|[Gen 9] OU
|rated|
|rule|HP Percentage Mod: HP is shown in percentages
|rule|Endless Battle Clause: Forcing endless battles is banned
|rule|Species Clause: Limit one of each Pokémon
|rule|OHKO Clause: OHKO moves are banned
|rule|Evasion Items Clause: Evasion items are banned
|rule|Evasion Moves Clause: Evasion moves are banned
|rule|Evasion Abilities Clause: Evasion abilities are banned
|rule|Sleep Moves Clause: Sleep-inducing moves are banned
|clearpoke
|poke|p1|Darkrai|
|poke|p1|Garganacl, F|
|poke|p1|Espeon, M|
|poke|p1|Clodsire, F|
|poke|p1|Heatran, F|
|poke|p1|Gholdengo|
|poke|p2|Tentacruel, M|
|poke|p2|Rillaboom, M|
|poke|p2|Pelipper, F|
|poke|p2|Garchomp, M|
|poke|p2|Jirachi|
|poke|p2|Gyarados, F|
|teampreview
|inactive|Battle timer is ON: inactive players will automatically lose when time's up. (requested by Made in BraziL)
|
|t:|1759067142
|teamsize|p1|6
|teamsize|p2|6
|start
|switch|p1a: Espeon|Espeon, M|100/100
|switch|p2a: Rillaboom|Rillaboom, M|100/100
|-fieldstart|move: Grassy Terrain|[from] ability: Grassy Surge|[of] p2a: Rillaboom
|turn|1
|
|t:|1759067149
|switch|p1a: Garganacl|Garganacl, F|100/100
|move|p2a: Rillaboom|U-turn|p1a: Garganacl
|-crit|p1a: Garganacl
|-damage|p1a: Garganacl|74/100
|
|t:|1759067156
|switch|p2a: Pelipper|Pelipper, F|100/100|[from] U-turn
|-weather|RainDance|[from] ability: Drizzle|[of] p2a: Pelipper
|
|-weather|RainDance|[upkeep]
|-heal|p1a: Garganacl|80/100|[from] Grassy Terrain
|-heal|p1a: Garganacl|87/100|[from] item: Leftovers
|upkeep
|turn|2
|
|t:|1759067167
|-terastallize|p1a: Garganacl|Flying
|move|p2a: Pelipper|Surf|p1a: Garganacl
|-damage|p1a: Garganacl|44/100
|move|p1a: Garganacl|Salt Cure|p2a: Pelipper
|-supereffective|p2a: Pelipper
|-damage|p2a: Pelipper|70/100
|-start|p2a: Pelipper|Salt Cure
|
|-weather|RainDance|[upkeep]
|-heal|p2a: Pelipper|76/100|[from] item: Leftovers
|-heal|p1a: Garganacl|50/100|[from] item: Leftovers
|-damage|p2a: Pelipper|51/100|[from] Salt Cure
|upkeep
|turn|3
|
|t:|1759067180
|move|p2a: Pelipper|Ice Beam|p1a: Garganacl
|-supereffective|p1a: Garganacl
|-damage|p1a: Garganacl|7/100
|move|p1a: Garganacl|Recover|p1a: Garganacl
|-heal|p1a: Garganacl|57/100
|
|-weather|RainDance|[upkeep]
|-heal|p2a: Pelipper|58/100|[from] item: Leftovers
|-heal|p1a: Garganacl|63/100|[from] item: Leftovers
|-damage|p2a: Pelipper|33/100|[from] Salt Cure
|upkeep
|turn|4
|
|t:|1759067190
|move|p1a: Garganacl|Protect|p1a: Garganacl
|-singleturn|p1a: Garganacl|Protect
|move|p2a: Pelipper|Roost|p2a: Pelipper
|-heal|p2a: Pelipper|83/100
|-singleturn|p2a: Pelipper|move: Roost
|
|-weather|RainDance|[upkeep]
|-heal|p2a: Pelipper|89/100|[from] Grassy Terrain
|-heal|p2a: Pelipper|95/100|[from] item: Leftovers
|-heal|p1a: Garganacl|69/100|[from] item: Leftovers
|-damage|p2a: Pelipper|70/100|[from] Salt Cure
|upkeep
|turn|5
|
|t:|1759067204
|switch|p2a: Jirachi|Jirachi|100/100
|move|p1a: Garganacl|Salt Cure|p2a: Jirachi
|-resisted|p2a: Jirachi
|-damage|p2a: Jirachi|94/100
|-start|p2a: Jirachi|Salt Cure
|
|-weather|none
|-heal|p2a: Jirachi|99/100|[from] Grassy Terrain
|-heal|p2a: Jirachi|100/100|[from] item: Leftovers
|-heal|p1a: Garganacl|75/100|[from] item: Leftovers
|-damage|p2a: Jirachi|76/100|[from] Salt Cure
|-fieldend|move: Grassy Terrain
|upkeep
|turn|6
|
|t:|1759067215
|switch|p1a: Espeon|Espeon, M|100/100
|move|p2a: Jirachi|Body Slam|p1a: Espeon
|-damage|p1a: Espeon|57/100
|
|-heal|p2a: Jirachi|82/100|[from] item: Leftovers
|-damage|p2a: Jirachi|57/100|[from] Salt Cure
|upkeep
|turn|7
|
|t:|1759067225
|switch|p2a: Rillaboom|Rillaboom, M|100/100
|-fieldstart|move: Grassy Terrain|[from] ability: Grassy Surge|[of] p2a: Rillaboom
|move|p1a: Espeon|Trick|p2a: Rillaboom
|-activate|p1a: Espeon|move: Trick|[of] p2a: Rillaboom
|-item|p2a: Rillaboom|Choice Scarf|[from] move: Trick
|-item|p1a: Espeon|Choice Band|[from] move: Trick
|
|-heal|p1a: Espeon|63/100|[from] Grassy Terrain
|upkeep
|turn|8
|
|t:|1759067241
|switch|p1a: Garganacl|Garganacl, F, tera:Flying|75/100
|move|p2a: Rillaboom|U-turn|p1a: Garganacl
|-resisted|p1a: Garganacl
|-damage|p1a: Garganacl|70/100
|
|t:|1759067247
|switch|p2a: Pelipper|Pelipper, F|70/100|[from] U-turn
|-weather|RainDance|[from] ability: Drizzle|[of] p2a: Pelipper
|
|-weather|RainDance|[upkeep]
|-heal|p2a: Pelipper|76/100|[from] item: Leftovers
|-heal|p1a: Garganacl|76/100|[from] item: Leftovers
|upkeep
|turn|9
|
|t:|1759067260
|move|p2a: Pelipper|Hurricane|p1a: Garganacl
|-damage|p1a: Garganacl|38/100
|move|p1a: Garganacl|Salt Cure|p2a: Pelipper
|-supereffective|p2a: Pelipper
|-damage|p2a: Pelipper|45/100
|-start|p2a: Pelipper|Salt Cure
|
|-weather|RainDance|[upkeep]
|-heal|p2a: Pelipper|51/100|[from] item: Leftovers
|-heal|p1a: Garganacl|45/100|[from] item: Leftovers
|-damage|p2a: Pelipper|26/100|[from] Salt Cure
|upkeep
|turn|10
|
|t:|1759067270
|move|p2a: Pelipper|Ice Beam|p1a: Garganacl
|-supereffective|p1a: Garganacl
|-damage|p1a: Garganacl|5/100
|move|p1a: Garganacl|Recover|p1a: Garganacl
|-heal|p1a: Garganacl|55/100
|
|-weather|RainDance|[upkeep]
|-heal|p2a: Pelipper|32/100|[from] item: Leftovers
|-heal|p1a: Garganacl|61/100|[from] item: Leftovers
|-damage|p2a: Pelipper|7/100|[from] Salt Cure
|upkeep
|turn|11
|
|t:|1759067281
|move|p2a: Pelipper|Hurricane|p1a: Garganacl
|-damage|p1a: Garganacl|22/100
|move|p1a: Garganacl|Recover|p1a: Garganacl
|-heal|p1a: Garganacl|72/100
|
|-weather|RainDance|[upkeep]
|-heal|p2a: Pelipper|13/100|[from] item: Leftovers
|-heal|p1a: Garganacl|78/100|[from] item: Leftovers
|-damage|p2a: Pelipper|0 fnt|[from] Salt Cure
|faint|p2a: Pelipper
|-fieldend|move: Grassy Terrain
|upkeep
|-message|Made in BraziL forfeited.
|
|win|WonderGuardWill
|raw|WonderGuardWill's rating: 1347 &rarr; <strong>1367</strong><br />(+20 for winning)
|raw|Made in BraziL's rating: 1339 &rarr; <strong>1319</strong><br />(-20 for losing)
|l|☆Made in BraziL
|player|p2|
|l|☆WonderGuardWill
|player|p1|
