|j|☆LairdyMate
|j|☆douadyrabbit
|t:|1759035730
|gametype|singles
|player|p1|LairdyMate|lance|1193
|player|p2|douadyrabbit|pokefanf-gen2|1244
|gen|9
|tier|[Gen 9] OU
|rated|
|rule|HP Percentage Mod: HP is shown in percentages
|rule|Endless Battle Clause: Forcing endless battles is banned
|rule|Species Clause: Limit one of each Pokémon
|rule|OHKO Clause: OHKO moves are banned
|rule|Evasion Items Clause: Evasion items are banned
|rule|Evasion Moves Clause: Evasion moves are banned
|rule|Evasion Abilities Clause: Evasion abilities are banned
|rule|Sleep Moves Clause: Sleep-inducing moves are banned
|clearpoke
|poke|p1|Dragonite, M|
|poke|p1|Gholdengo|
|poke|p1|Umbreon, M|
|poke|p1|Manaphy|
|poke|p1|Glimmora, M|
|poke|p1|Polteageist|
|poke|p2|Kyurem|
|poke|p2|Corviknight, F|
|poke|p2|Ting-Lu|
|poke|p2|Dondozo, F|
|poke|p2|Weezing-Galar, M|
|poke|p2|Skeledirge, M|
|teampreview
|inactive|Battle timer is ON: inactive players will automatically lose when time's up. (requested by LairdyMate)
|
|t:|1759035741
|teamsize|p1|6
|teamsize|p2|6
|start
|switch|p1a: Polteageist|Polteageist, shiny|100/100
|switch|p2a: Skeledirge|Skeledirge, M|100/100
|turn|1
|
|t:|1759035746
|move|p1a: Polteageist|Shell Smash|p1a: Polteageist
|-unboost|p1a: Polteageist|def|1
|-unboost|p1a: Polteageist|spd|1
|-boost|p1a: Polteageist|atk|2
|-boost|p1a: Polteageist|spa|2
|-boost|p1a: Polteageist|spe|2
|move|p2a: Skeledirge|Will-O-Wisp|p1a: Polteageist
|-status|p1a: Polteageist|brn
|
|-damage|p1a: Polteageist|94/100 brn|[from] brn
|upkeep
|turn|2
|
|t:|1759035757
|move|p1a: Polteageist|Shadow Ball|p2a: Skeledirge
|-supereffective|p2a: Skeledirge
|-damage|p2a: Skeledirge|29/100
|-unboost|p2a: Skeledirge|spd|1
|move|p2a: Skeledirge|Hex|p1a: Polteageist
|-supereffective|p1a: Polteageist
|-damage|p1a: Polteageist|0 fnt
|faint|p1a: Polteageist
|
|-heal|p2a: Skeledirge|35/100|[from] item: Leftovers
|upkeep
|
|t:|1759035767
|switch|p1a: Dragonite|Dragonite, M|100/100
|turn|3
|
|t:|1759035772
|switch|p1a: Manaphy|Manaphy|100/100
|move|p2a: Skeledirge|Will-O-Wisp|p1a: Manaphy
|-status|p1a: Manaphy|brn
|
|-heal|p2a: Skeledirge|41/100|[from] item: Leftovers
|-damage|p1a: Manaphy|94/100 brn|[from] brn
|upkeep
|turn|4
|
|t:|1759035783
|switch|p2a: Dondozo|Dondozo, F|100/100
|move|p1a: Manaphy|Scald|p2a: Dondozo
|-resisted|p2a: Dondozo
|-damage|p2a: Dondozo|83/100
|
|-heal|p1a: Manaphy|100/100 brn|[from] item: Leftovers
|-heal|p2a: Dondozo|89/100|[from] item: Leftovers
|-damage|p1a: Manaphy|94/100 brn|[from] brn
|upkeep
|turn|5
|
|t:|1759035793
|switch|p1a: Umbreon|Umbreon, M, shiny|100/100
|move|p2a: Dondozo|Body Press|p1a: Umbreon
|-supereffective|p1a: Umbreon
|-damage|p1a: Umbreon|55/100
|
|-heal|p1a: Umbreon|61/100|[from] item: Leftovers
|-heal|p2a: Dondozo|96/100|[from] item: Leftovers
|upkeep
|turn|6
|
|t:|1759035801
|move|p1a: Umbreon|Protect|p1a: Umbreon
|-singleturn|p1a: Umbreon|Protect
|move|p2a: Dondozo|Curse|p2a: Dondozo
|-unboost|p2a: Dondozo|spe|1
|-boost|p2a: Dondozo|atk|1
|-boost|p2a: Dondozo|def|1
|
|-heal|p1a: Umbreon|67/100|[from] item: Leftovers
|-heal|p2a: Dondozo|100/100|[from] item: Leftovers
|upkeep
|turn|7
|
|t:|1759035810
|move|p1a: Umbreon|Toxic|p2a: Dondozo
|-status|p2a: Dondozo|tox
|move|p2a: Dondozo|Body Press|p1a: Umbreon
|-supereffective|p1a: Umbreon
|-damage|p1a: Umbreon|1/100
|
|-heal|p1a: Umbreon|7/100|[from] item: Leftovers
|-damage|p2a: Dondozo|94/100 tox|[from] psn
|upkeep
|turn|8
|
|t:|1759035819
|move|p1a: Umbreon|Wish|p1a: Umbreon
|move|p2a: Dondozo|Waterfall|p1a: Umbreon
|-damage|p1a: Umbreon|0 fnt
|faint|p1a: Umbreon
|
|-heal|p2a: Dondozo|100/100 tox|[from] item: Leftovers
|-damage|p2a: Dondozo|88/100 tox|[from] psn
|upkeep
|
|t:|1759035829
|switch|p1a: Dragonite|Dragonite, M|100/100
|turn|9
|
|t:|1759035838
|switch|p2a: Skeledirge|Skeledirge, M|41/100
|move|p1a: Dragonite|Dragon Dance|p1a: Dragonite
|-boost|p1a: Dragonite|atk|1
|-boost|p1a: Dragonite|spe|1
|
|-heal|p2a: Skeledirge|47/100|[from] item: Leftovers
|upkeep
|turn|10
|
|t:|1759035846
|move|p1a: Dragonite|Earthquake|p2a: Skeledirge
|-supereffective|p2a: Skeledirge
|-damage|p2a: Skeledirge|0 fnt
|faint|p2a: Skeledirge
|
|upkeep
|
|t:|1759035850
|switch|p2a: Weezing|Weezing-Galar, M|100/100
|-ability|p2a: Weezing|Neutralizing Gas
|turn|11
|
|t:|1759035855
|-terastallize|p1a: Dragonite|Normal
|-terastallize|p2a: Weezing|Flying
|move|p1a: Dragonite|Dragon Dance|p1a: Dragonite
|-boost|p1a: Dragonite|atk|1
|-boost|p1a: Dragonite|spe|1
|move|p2a: Weezing|Will-O-Wisp|p1a: Dragonite|[miss]
|-miss|p2a: Weezing|p1a: Dragonite
|
|upkeep
|turn|12
|
|t:|1759035864
|move|p1a: Dragonite|Extreme Speed|p2a: Weezing
|-damage|p2a: Weezing|12/100
|move|p2a: Weezing|Will-O-Wisp|p1a: Dragonite
|-status|p1a: Dragonite|brn
|
|-heal|p2a: Weezing|18/100|[from] item: Leftovers
|-damage|p1a: Dragonite|94/100 brn|[from] brn
|upkeep
|turn|13
|
|t:|1759035873
|-end|p2a: Weezing|ability: Neutralizing Gas
|switch|p2a: Dondozo|Dondozo, F|88/100 tox
|move|p1a: Dragonite|Extreme Speed|p2a: Dondozo
|-damage|p2a: Dondozo|78/100 tox
|
|-heal|p2a: Dondozo|84/100 tox|[from] item: Leftovers
|-damage|p2a: Dondozo|78/100 tox|[from] psn
|-damage|p1a: Dragonite|88/100 brn|[from] brn
|upkeep
|turn|14
|
|t:|1759035884
|switch|p1a: Gholdengo|Gholdengo|100/100
|move|p2a: Dondozo|Body Press|p1a: Gholdengo
|-immune|p1a: Gholdengo
|
|-heal|p2a: Dondozo|84/100 tox|[from] item: Leftovers
|-damage|p2a: Dondozo|72/100 tox|[from] psn
|upkeep
|turn|15
|
|t:|1759035895
|switch|p2a: Ting-Lu|Ting-Lu|100/100
|-ability|p2a: Ting-Lu|Vessel of Ruin
|move|p1a: Gholdengo|Thunderbolt|p2a: Ting-Lu
|-immune|p2a: Ting-Lu
|
|upkeep
|turn|16
|
|t:|1759035906
|switch|p1a: Manaphy|Manaphy|94/100 brn
|move|p2a: Ting-Lu|Ruination|p1a: Manaphy
|-damage|p1a: Manaphy|48/100 brn
|
|-heal|p1a: Manaphy|54/100 brn|[from] item: Leftovers
|-damage|p1a: Manaphy|48/100 brn|[from] brn
|upkeep
|turn|17
|
|t:|1759035917
|switch|p2a: Dondozo|Dondozo, F|72/100 tox
|move|p1a: Manaphy|Scald|p2a: Dondozo
|-resisted|p2a: Dondozo
|-damage|p2a: Dondozo|54/100 tox
|
|-heal|p1a: Manaphy|54/100 brn|[from] item: Leftovers
|-heal|p2a: Dondozo|60/100 tox|[from] item: Leftovers
|-damage|p2a: Dondozo|54/100 tox|[from] psn
|-damage|p1a: Manaphy|48/100 brn|[from] brn
|upkeep
|turn|18
|
|t:|1759035931
|switch|p1a: Glimmora|Glimmora, M|100/100
|-item|p1a: Glimmora|Air Balloon
|move|p2a: Dondozo|Rest|p2a: Dondozo
|-status|p2a: Dondozo|slp|[from] move: Rest
|-heal|p2a: Dondozo|100/100 slp|[silent]
|
|upkeep
|turn|19
|
|t:|1759035944
|move|p1a: Glimmora|Toxic Spikes|p2a: Dondozo
|-sidestart|p2: douadyrabbit|move: Toxic Spikes
|cant|p2a: Dondozo|slp
|
|upkeep
|turn|20
|
|t:|1759035959
|move|p1a: Glimmora|Stealth Rock|p2a: Dondozo
|-sidestart|p2: douadyrabbit|move: Stealth Rock
|cant|p2a: Dondozo|slp
|
|upkeep
|turn|21
|
|t:|1759035965
|switch|p1a: Gholdengo|Gholdengo|100/100
|-curestatus|p2a: Dondozo|slp|[msg]
|move|p2a: Dondozo|Waterfall|p1a: Gholdengo
|-damage|p1a: Gholdengo|68/100
|
|upkeep
|turn|22
|
|t:|1759035976
|move|p1a: Gholdengo|Make It Rain|p2a: Dondozo
|-resisted|p2a: Dondozo
|-damage|p2a: Dondozo|71/100
|-unboost|p1a: Gholdengo|spa|1
|move|p2a: Dondozo|Waterfall|p1a: Gholdengo
|-damage|p1a: Gholdengo|35/100
|
|-heal|p2a: Dondozo|77/100|[from] item: Leftovers
|upkeep
|turn|23
|-message|LairdyMate forfeited.
|
|win|douadyrabbit
|raw|LairdyMate's rating: 1193 &rarr; <strong>1172</strong><br />(-21 for losing)
|raw|douadyrabbit's rating: 1244 &rarr; <strong>1265</strong><br />(+21 for winning)
|l|☆LairdyMate
|player|p1|
|l|☆douadyrabbit
|player|p2|
