|j|☆ilikefood807
|j|☆hibif
|t:|1759029339
|gametype|singles
|player|p1|ilikefood807|169|1091
|player|p2|hibif|cynthia-gen4|1000
|gen|9
|tier|[Gen 9] OU
|rated|
|rule|HP Percentage Mod: HP is shown in percentages
|rule|Endless Battle Clause: Forcing endless battles is banned
|rule|Species Clause: Limit one of each Pokémon
|rule|OHKO Clause: OHKO moves are banned
|rule|Evasion Items Clause: Evasion items are banned
|rule|Evasion Moves Clause: Evasion moves are banned
|rule|Evasion Abilities Clause: Evasion abilities are banned
|rule|Sleep Moves Clause: Sleep-inducing moves are banned
|clearpoke
|poke|p1|Salazzle, F|
|poke|p1|Blissey, F|
|poke|p1|Deoxys-Speed|
|poke|p1|Toxapex, F|
|poke|p1|Corviknight, M|
|poke|p1|Hippowdon, F|
|poke|p2|Sylveon, F|
|poke|p2|Dragapult, M|
|poke|p2|Corviknight, F|
|poke|p2|Great Tusk|
|poke|p2|Walking Wake|
|poke|p2|Glimmora, F|
|teampreview
|inactive|Battle timer is ON: inactive players will automatically lose when time's up. (requested by ilikefood807)
|
|t:|1759029353
|teamsize|p1|6
|teamsize|p2|6
|start
|switch|p1a: Salazzle|Salazzle, F|100/100
|switch|p2a: 没啥用|Glimmora, F|100/100
|turn|1
|
|t:|1759029362
|move|p1a: Salazzle|Substitute|p1a: Salazzle
|-start|p1a: Salazzle|Substitute
|-damage|p1a: Salazzle|75/100
|move|p2a: 没啥用|Earth Power|p1a: Salazzle
|-supereffective|p1a: Salazzle
|-end|p1a: Salazzle|Substitute
|
|-heal|p1a: Salazzle|82/100|[from] item: Leftovers
|upkeep
|turn|2
|
|t:|1759029375
|switch|p1a: Corviknight|Corviknight, M|100/100
|-ability|p1a: Corviknight|Pressure
|move|p2a: 没啥用|Stealth Rock|p1a: Corviknight
|-sidestart|p1: ilikefood807|move: Stealth Rock
|
|upkeep
|turn|3
|
|t:|1759029385
|switch|p2a: lp|Sylveon, F|100/100
|move|p1a: Corviknight|Defog|p2a: lp
|-unboost|p2a: lp|evasion|1
|-sideend|p1: ilikefood807|Stealth Rock|[from] move: Defog|[of] p1a: Corviknight
|
|upkeep
|turn|4
|
|t:|1759029394
|switch|p1a: Toxapex|Toxapex, F|100/100
|move|p2a: lp|Shadow Ball|p1a: Toxapex
|-damage|p1a: Toxapex|79/100
|
|-heal|p1a: Toxapex|85/100|[from] item: Black Sludge
|upkeep
|turn|5
|
|t:|1759029406
|switch|p2a: 天空恶霸|Corviknight, F|100/100
|switch|p1a: Blissey|Blissey, F|100/100
|
|upkeep
|turn|6
|
|t:|1759029417
|move|p2a: 天空恶霸|Taunt|p1a: Blissey
|-start|p1a: Blissey|move: Taunt
|move|p1a: Blissey|Seismic Toss|p2a: 天空恶霸
|-damage|p2a: 天空恶霸|75/100
|
|-heal|p2a: 天空恶霸|82/100|[from] item: Leftovers
|upkeep
|turn|7
|
|t:|1759029427
|move|p2a: 天空恶霸|U-turn|p1a: Blissey
|-damage|p1a: Blissey|87/100
|
|t:|1759029430
|switch|p2a: 骑拉帝纳|Dragapult, M|100/100|[from] U-turn
|move|p1a: Blissey|Seismic Toss|p2a: 骑拉帝纳
|-immune|p2a: 骑拉帝纳
|
|-heal|p1a: Blissey|93/100|[from] item: Leftovers
|upkeep
|turn|8
|
|t:|1759029441
|switch|p1a: Deoxys|Deoxys-Speed|100/100
|-ability|p1a: Deoxys|Pressure
|-terastallize|p2a: 骑拉帝纳|Dragon
|move|p2a: 骑拉帝纳|Draco Meteor|p1a: Deoxys
|-damage|p1a: Deoxys|0 fnt
|-unboost|p2a: 骑拉帝纳|spa|2
|faint|p1a: Deoxys
|
|upkeep
|
|t:|1759029454
|switch|p1a: Salazzle|Salazzle, F|82/100
|turn|9
|
|t:|1759029460
|switch|p2a: 没啥用|Glimmora, F|100/100
|move|p1a: Salazzle|Toxic|p2a: 没啥用
|-status|p2a: 没啥用|tox
|
|-heal|p1a: Salazzle|88/100|[from] item: Leftovers
|-damage|p2a: 没啥用|94/100 tox|[from] psn
|upkeep
|turn|10
|
|t:|1759029475
|move|p1a: Salazzle|Substitute|p1a: Salazzle
|-start|p1a: Salazzle|Substitute
|-damage|p1a: Salazzle|63/100
|move|p2a: 没啥用|Stealth Rock|p1a: Salazzle
|-sidestart|p1: ilikefood807|move: Stealth Rock
|
|-heal|p1a: Salazzle|69/100|[from] item: Leftovers
|-damage|p2a: 没啥用|82/100 tox|[from] psn
|upkeep
|turn|11
|
|t:|1759029485
|move|p1a: Salazzle|Protect|p1a: Salazzle
|-singleturn|p1a: Salazzle|Protect
|move|p2a: 没啥用|Earth Power|p1a: Salazzle
|-activate|p1a: Salazzle|move: Protect
|
|-heal|p1a: Salazzle|75/100|[from] item: Leftovers
|-damage|p2a: 没啥用|63/100 tox|[from] psn
|upkeep
|turn|12
|
|t:|1759029496
|move|p1a: Salazzle|Flamethrower|p2a: 没啥用
|-resisted|p2a: 没啥用
|-damage|p2a: 没啥用|39/100 tox
|move|p2a: 没啥用|Earth Power|p1a: Salazzle
|-supereffective|p1a: Salazzle
|-end|p1a: Salazzle|Substitute
|
|-heal|p1a: Salazzle|81/100|[from] item: Leftovers
|-damage|p2a: 没啥用|14/100 tox|[from] psn
|upkeep
|turn|13
|
|t:|1759029507
|move|p1a: Salazzle|Protect|p1a: Salazzle
|-singleturn|p1a: Salazzle|Protect
|move|p2a: 没啥用|Light Screen|p2a: 没啥用
|-sidestart|p2: hibif|move: Light Screen
|
|-heal|p1a: Salazzle|88/100|[from] item: Leftovers
|-damage|p2a: 没啥用|0 fnt|[from] psn
|faint|p2a: 没啥用
|upkeep
|
|t:|1759029518
|switch|p2a: 南蛮入侵|Great Tusk|100/100
|-enditem|p2a: 南蛮入侵|Booster Energy
|-activate|p2a: 南蛮入侵|ability: Protosynthesis|[fromitem]
|-start|p2a: 南蛮入侵|protosynthesisatk
|turn|14
|
|t:|1759029527
|move|p1a: Salazzle|Substitute|p1a: Salazzle
|-start|p1a: Salazzle|Substitute
|-damage|p1a: Salazzle|63/100
|move|p2a: 南蛮入侵|Headlong Rush|p1a: Salazzle
|-supereffective|p1a: Salazzle
|-end|p1a: Salazzle|Substitute
|-unboost|p2a: 南蛮入侵|def|1
|-unboost|p2a: 南蛮入侵|spd|1
|
|-heal|p1a: Salazzle|69/100|[from] item: Leftovers
|upkeep
|turn|15
|
|t:|1759029538
|move|p1a: Salazzle|Toxic|p2a: 南蛮入侵
|-status|p2a: 南蛮入侵|tox
|move|p2a: 南蛮入侵|Close Combat|p1a: Salazzle
|-resisted|p1a: Salazzle
|-damage|p1a: Salazzle|6/100
|-unboost|p2a: 南蛮入侵|def|1
|-unboost|p2a: 南蛮入侵|spd|1
|
|-heal|p1a: Salazzle|12/100|[from] item: Leftovers
|-damage|p2a: 南蛮入侵|94/100 tox|[from] psn
|upkeep
|turn|16
|
|t:|1759029559
|switch|p1a: Corviknight|Corviknight, M|100/100
|-damage|p1a: Corviknight|88/100|[from] Stealth Rock
|-ability|p1a: Corviknight|Pressure
|move|p2a: 南蛮入侵|Close Combat|p1a: Corviknight
|-damage|p1a: Corviknight|34/100
|-unboost|p2a: 南蛮入侵|def|1
|-unboost|p2a: 南蛮入侵|spd|1
|
|-heal|p1a: Corviknight|40/100|[from] item: Leftovers
|-damage|p2a: 南蛮入侵|82/100 tox|[from] psn
|upkeep
|turn|17
|
|t:|1759029574
|switch|p1a: Toxapex|Toxapex, F|100/100
|-damage|p1a: Toxapex|88/100|[from] Stealth Rock
|move|p2a: 南蛮入侵|Close Combat|p1a: Toxapex
|-resisted|p1a: Toxapex
|-damage|p1a: Toxapex|59/100
|-unboost|p2a: 南蛮入侵|def|1
|-unboost|p2a: 南蛮入侵|spd|1
|
|-heal|p1a: Toxapex|66/100|[from] item: Black Sludge
|-damage|p2a: 南蛮入侵|63/100 tox|[from] psn
|-sideend|p2: hibif|move: Light Screen
|upkeep
|turn|18
|
|t:|1759029591
|-end|p2a: 南蛮入侵|Protosynthesis|[silent]
|switch|p2a: 天空恶霸|Corviknight, F|82/100
|switch|p1a: Hippowdon|Hippowdon, F|100/100
|-damage|p1a: Hippowdon|94/100|[from] Stealth Rock
|-weather|Sandstorm|[from] ability: Sand Stream|[of] p1a: Hippowdon
|
|-weather|Sandstorm|[upkeep]
|-heal|p2a: 天空恶霸|88/100|[from] item: Leftovers
|-heal|p1a: Hippowdon|100/100|[from] item: Leftovers
|upkeep
|turn|19
|
|t:|1759029605
|switch|p1a: Corviknight|Corviknight, M|40/100
|-damage|p1a: Corviknight|27/100|[from] Stealth Rock
|-ability|p1a: Corviknight|Pressure
|move|p2a: 天空恶霸|Taunt|p1a: Corviknight
|-start|p1a: Corviknight|move: Taunt
|
|-weather|Sandstorm|[upkeep]
|-heal|p1a: Corviknight|34/100|[from] item: Leftovers
|-heal|p2a: 天空恶霸|94/100|[from] item: Leftovers
|upkeep
|turn|20
|inactive|ilikefood807 has 120 seconds left.
|
|t:|1759029627
|switch|p1a: Toxapex|Toxapex, F|99/100
|-damage|p1a: Toxapex|86/100|[from] Stealth Rock
|move|p2a: 天空恶霸|Body Press|p1a: Toxapex
|-resisted|p1a: Toxapex
|-crit|p1a: Toxapex
|-damage|p1a: Toxapex|74/100
|
|-weather|Sandstorm|[upkeep]
|-damage|p1a: Toxapex|68/100|[from] Sandstorm
|-heal|p2a: 天空恶霸|100/100|[from] item: Leftovers
|-heal|p1a: Toxapex|74/100|[from] item: Black Sludge
|upkeep
|turn|21
|inactive|ilikefood807 has 120 seconds left.
|
|t:|1759029645
|move|p2a: 天空恶霸|U-turn|p1a: Toxapex
|-resisted|p1a: Toxapex
|-damage|p1a: Toxapex|70/100
|
|t:|1759029657
|switch|p2a: 反天气打手|Walking Wake|100/100|[from] U-turn
|move|p1a: Toxapex|Chilling Water|p2a: 反天气打手
|-resisted|p2a: 反天气打手
|-damage|p2a: 反天气打手|97/100
|-unboost|p2a: 反天气打手|atk|1
|
|-weather|Sandstorm|[upkeep]
|-damage|p2a: 反天气打手|91/100|[from] Sandstorm
|-damage|p1a: Toxapex|64/100|[from] Sandstorm
|-heal|p1a: Toxapex|70/100|[from] item: Black Sludge
|upkeep
|turn|22
|inactive|ilikefood807 has 120 seconds left.
|
|t:|1759029673
|move|p2a: 反天气打手|Sunny Day|p2a: 反天气打手
|-weather|SunnyDay
|-activate|p2a: 反天气打手|ability: Protosynthesis
|-start|p2a: 反天气打手|protosynthesisspe
|move|p1a: Toxapex|Toxic|p2a: 反天气打手
|-status|p2a: 反天气打手|tox
|
|-weather|SunnyDay|[upkeep]
|-heal|p1a: Toxapex|76/100|[from] item: Black Sludge
|-damage|p2a: 反天气打手|85/100 tox|[from] psn
|upkeep
|turn|23
|inactive|ilikefood807 has 120 seconds left.
|
|t:|1759029685
|move|p2a: 反天气打手|Hydro Steam|p1a: Toxapex
|-resisted|p1a: Toxapex
|-damage|p1a: Toxapex|45/100
|-damage|p2a: 反天气打手|75/100 tox|[from] item: Life Orb
|move|p1a: Toxapex|Recover|p1a: Toxapex
|-heal|p1a: Toxapex|95/100
|
|-weather|SunnyDay|[upkeep]
|-heal|p1a: Toxapex|100/100|[from] item: Black Sludge
|-damage|p2a: 反天气打手|62/100 tox|[from] psn
|upkeep
|turn|24
|inactive|ilikefood807 has 120 seconds left.
|
|t:|1759029698
|-end|p2a: 反天气打手|Protosynthesis|[silent]
|switch|p2a: 南蛮入侵|Great Tusk|63/100 tox
|-activate|p2a: 南蛮入侵|ability: Protosynthesis
|-start|p2a: 南蛮入侵|protosynthesisatk
|move|p1a: Toxapex|Toxic|p2a: 南蛮入侵
|-fail|p2a: 南蛮入侵|tox
|
|-weather|SunnyDay|[upkeep]
|-damage|p2a: 南蛮入侵|57/100 tox|[from] psn
|upkeep
|turn|25
|inactive|ilikefood807 has 120 seconds left.
|inactive|hibif has 120 seconds left.
|
|t:|1759029722
|move|p2a: 南蛮入侵|Headlong Rush|p1a: Toxapex
|-supereffective|p1a: Toxapex
|-damage|p1a: Toxapex|0 fnt
|-unboost|p2a: 南蛮入侵|def|1
|-unboost|p2a: 南蛮入侵|spd|1
|faint|p1a: Toxapex
|
|-weather|SunnyDay|[upkeep]
|-damage|p2a: 南蛮入侵|45/100 tox|[from] psn
|upkeep
|inactive|ilikefood807 has 120 seconds left.
|
|t:|1759029738
|switch|p1a: Hippowdon|Hippowdon, F|100/100
|-damage|p1a: Hippowdon|94/100|[from] Stealth Rock
|-weather|Sandstorm|[from] ability: Sand Stream|[of] p1a: Hippowdon
|-end|p2a: 南蛮入侵|Protosynthesis
|turn|26
|
|t:|1759029746
|move|p2a: 南蛮入侵|Ice Spinner|p1a: Hippowdon
|-supereffective|p1a: Hippowdon
|-damage|p1a: Hippowdon|58/100
|move|p1a: Hippowdon|Stealth Rock|p2a: 南蛮入侵
|-sidestart|p2: hibif|move: Stealth Rock
|
|-weather|Sandstorm|[upkeep]
|-heal|p1a: Hippowdon|64/100|[from] item: Leftovers
|-damage|p2a: 南蛮入侵|26/100 tox|[from] psn
|upkeep
|turn|27
|inactive|ilikefood807 has 120 seconds left.
|inactive|hibif has 120 seconds left.
|
|t:|1759029765
|move|p2a: 南蛮入侵|Ice Spinner|p1a: Hippowdon
|-supereffective|p1a: Hippowdon
|-damage|p1a: Hippowdon|22/100
|move|p1a: Hippowdon|Slack Off|p1a: Hippowdon
|-heal|p1a: Hippowdon|72/100
|
|-weather|Sandstorm|[upkeep]
|-heal|p1a: Hippowdon|79/100|[from] item: Leftovers
|-damage|p2a: 南蛮入侵|1/100 tox|[from] psn
|upkeep
|turn|28
|inactive|ilikefood807 has 120 seconds left.
|inactive|hibif has 120 seconds left.
|
|t:|1759029775
|move|p2a: 南蛮入侵|Headlong Rush|p1a: Hippowdon
|-damage|p1a: Hippowdon|34/100
|-unboost|p2a: 南蛮入侵|def|1
|-unboost|p2a: 南蛮入侵|spd|1
|move|p1a: Hippowdon|Slack Off|p1a: Hippowdon
|-heal|p1a: Hippowdon|84/100
|
|-weather|Sandstorm|[upkeep]
|-heal|p1a: Hippowdon|90/100|[from] item: Leftovers
|-damage|p2a: 南蛮入侵|0 fnt|[from] psn
|faint|p2a: 南蛮入侵
|-end|p2a: 南蛮入侵|Protosynthesis|[silent]
|upkeep
|inactive|hibif has 120 seconds left.
|
|t:|1759029788
|switch|p2a: lp|Sylveon, F|100/100
|-damage|p2a: lp|88/100|[from] Stealth Rock
|turn|29
|inactive|hibif has 120 seconds left.
|
|t:|1759029795
|move|p2a: lp|Hyper Voice|p1a: Hippowdon
|-damage|p1a: Hippowdon|47/100
|move|p1a: Hippowdon|Earthquake|p2a: lp
|-damage|p2a: lp|44/100
|
|-weather|Sandstorm|[upkeep]
|-damage|p2a: lp|38/100|[from] Sandstorm
|-heal|p1a: Hippowdon|54/100|[from] item: Leftovers
|upkeep
|turn|30
|inactive|hibif has 120 seconds left.
|
|t:|1759029805
|move|p2a: lp|Misty Explosion|p1a: Hippowdon
|-damage|p1a: Hippowdon|12/100
|faint|p2a: lp
|move|p1a: Hippowdon|Slack Off|p1a: Hippowdon
|-heal|p1a: Hippowdon|62/100
|
|-weather|none
|-heal|p1a: Hippowdon|68/100|[from] item: Leftovers
|upkeep
|inactive|hibif has 120 seconds left.
|
|t:|1759029815
|switch|p2a: 骑拉帝纳|Dragapult, M, tera:Dragon|100/100
|-damage|p2a: 骑拉帝纳|88/100|[from] Stealth Rock
|turn|31
|inactive|hibif has 120 seconds left.
|
|t:|1759029825
|switch|p1a: Blissey|Blissey, F|93/100
|-damage|p1a: Blissey|81/100|[from] Stealth Rock
|move|p2a: 骑拉帝纳|Draco Meteor|p1a: Blissey
|-damage|p1a: Blissey|37/100
|-unboost|p2a: 骑拉帝纳|spa|2
|
|-heal|p1a: Blissey|43/100|[from] item: Leftovers
|upkeep
|turn|32
|inactive|hibif has 120 seconds left.
|
|t:|1759029837
|switch|p2a: 天空恶霸|Corviknight, F|100/100
|-damage|p2a: 天空恶霸|88/100|[from] Stealth Rock
|move|p1a: Blissey|Soft-Boiled|p1a: Blissey
|-heal|p1a: Blissey|93/100
|
|-heal|p2a: 天空恶霸|94/100|[from] item: Leftovers
|-heal|p1a: Blissey|99/100|[from] item: Leftovers
|upkeep
|turn|33
|inactive|hibif has 120 seconds left.
|
|t:|1759029848
|switch|p1a: Corviknight|Corviknight, M|34/100
|-damage|p1a: Corviknight|21/100|[from] Stealth Rock
|-ability|p1a: Corviknight|Pressure
|move|p2a: 天空恶霸|Body Press|p1a: Corviknight
|-damage|p1a: Corviknight|5/100
|
|-heal|p1a: Corviknight|11/100|[from] item: Leftovers
|-heal|p2a: 天空恶霸|100/100|[from] item: Leftovers
|upkeep
|turn|34
|inactive|hibif has 120 seconds left.
|
|t:|1759029865
|-terastallize|p1a: Corviknight|Flying
|move|p2a: 天空恶霸|Body Press|p1a: Corviknight
|-resisted|p1a: Corviknight
|-damage|p1a: Corviknight|3/100
|move|p1a: Corviknight|Roost|p1a: Corviknight
|-heal|p1a: Corviknight|53/100
|-hint|If a Terastallized Pokemon uses Roost, it remains Flying-type.
|
|-heal|p1a: Corviknight|59/100|[from] item: Leftovers
|upkeep
|turn|35
|inactive|hibif has 120 seconds left.
|
|t:|1759029877
|move|p1a: Corviknight|Defog|p2a: 天空恶霸
|-ability|p2a: 天空恶霸|Mirror Armor
|-unboost|p1a: Corviknight|evasion|1
|-sideend|p2: hibif|Stealth Rock|[from] move: Defog|[of] p1a: Corviknight
|-sideend|p1: ilikefood807|Stealth Rock|[from] move: Defog|[of] p1a: Corviknight
|move|p2a: 天空恶霸|Taunt|p1a: Corviknight
|-start|p1a: Corviknight|move: Taunt
|
|-heal|p1a: Corviknight|66/100|[from] item: Leftovers
|upkeep
|turn|36
|inactive|hibif has 120 seconds left.
|
|t:|1759029889
|move|p2a: 天空恶霸|Body Press|p1a: Corviknight
|-resisted|p1a: Corviknight
|-damage|p1a: Corviknight|58/100
|move|p1a: Corviknight|Brave Bird|p2a: 天空恶霸
|-resisted|p2a: 天空恶霸
|-damage|p2a: 天空恶霸|85/100
|-damage|p1a: Corviknight|53/100|[from] Recoil
|
|-heal|p1a: Corviknight|59/100|[from] item: Leftovers
|-heal|p2a: 天空恶霸|91/100|[from] item: Leftovers
|upkeep
|turn|37
|inactive|hibif has 120 seconds left.
|
|t:|1759029902
|switch|p2a: 骑拉帝纳|Dragapult, M, tera:Dragon|88/100
|move|p1a: Corviknight|U-turn|p2a: 骑拉帝纳
|-damage|p2a: 骑拉帝纳|69/100
|
|t:|1759029918
|switch|p1a: Blissey|Blissey, F|99/100|[from] U-turn
|
|-heal|p1a: Blissey|100/100|[from] item: Leftovers
|upkeep
|turn|38
|inactive|hibif has 120 seconds left.
|
|t:|1759029929
|move|p1a: Blissey|Protect|p1a: Blissey
|-singleturn|p1a: Blissey|Protect
|move|p2a: 骑拉帝纳|Shadow Ball|p1a: Blissey
|-activate|p1a: Blissey|move: Protect
|
|upkeep
|turn|39
|
|t:|1759029936
|move|p2a: 骑拉帝纳|Shadow Ball|p1a: Blissey
|-immune|p1a: Blissey
|move|p1a: Blissey|Seismic Toss|p2a: 骑拉帝纳
|-damage|p2a: 骑拉帝纳|38/100
|
|upkeep
|turn|40
|-message|hibif forfeited.
|
|win|ilikefood807
|raw|ilikefood807's rating: 1091 &rarr; <strong>1111</strong><br />(+20 for winning)
|raw|hibif's rating: 1000 &rarr; <strong>1000</strong><br />(+0 for losing)
|l|☆hibif
|player|p2|
