|j|☆Trini8
|j|☆Yakadin
|t:|1758948992
|gametype|singles
|player|p1|Trini8|steven|1086
|player|p2|Yakadin|veteran|1040
|gen|9
|tier|[Gen 9] OU
|rated|
|rule|HP Percentage Mod: HP is shown in percentages
|rule|Endless Battle Clause: Forcing endless battles is banned
|rule|Species Clause: Limit one of each Pokémon
|rule|OHKO Clause: OHKO moves are banned
|rule|Evasion Items Clause: Evasion items are banned
|rule|Evasion Moves Clause: Evasion moves are banned
|rule|Evasion Abilities Clause: Evasion abilities are banned
|rule|Sleep Moves Clause: Sleep-inducing moves are banned
|clearpoke
|poke|p1|Samurott-Hisui, M|
|poke|p1|Toxapex, M|
|poke|p1|Iron Moth|
|poke|p1|Corviknight, M|
|poke|p1|Rillaboom, M|
|poke|p1|Gliscor, M|
|poke|p2|Samurott-Hisui, M|
|poke|p2|Toxapex, F|
|poke|p2|Dragonite, M|
|poke|p2|Blissey, F|
|poke|p2|Gengar, M|
|poke|p2|Skeledirge, M|
|teampreview
|
|t:|1758949022
|teamsize|p1|6
|teamsize|p2|6
|start
|switch|p1a: Toxapex|Toxapex, M, shiny|100/100
|switch|p2a: Samurott|Samurott-Hisui, M|100/100
|turn|1
|
|t:|1758949037
|switch|p2a: Gengar|Gengar, M, shiny|100/100
|move|p1a: Toxapex|Toxic|p2a: Gengar
|-immune|p2a: Gengar
|
|upkeep
|turn|2
|
|t:|1758949054
|move|p2a: Gengar|Nasty Plot|p2a: Gengar
|-boost|p2a: Gengar|spa|2
|move|p1a: Toxapex|Infestation|p2a: Gengar
|-resisted|p2a: Gengar
|-damage|p2a: Gengar|99/100
|-activate|p2a: Gengar|move: Infestation|[of] p1a: Toxapex
|
|-damage|p2a: Gengar|87/100|[from] move: Infestation|[partiallytrapped]
|upkeep
|turn|3
|inactive|Battle timer is ON: inactive players will automatically lose when time's up. (requested by Trini8)
|
|t:|1758949064
|move|p2a: Gengar|Shadow Ball|p1a: Toxapex
|-damage|p1a: Toxapex|23/100
|move|p1a: Toxapex|Haze|p1a: Toxapex
|-clearallboost
|
|-damage|p2a: Gengar|75/100|[from] move: Infestation|[partiallytrapped]
|upkeep
|turn|4
|
|t:|1758949085
|switch|p1a: Samurott|Samurott-Hisui, M, shiny|100/100
|move|p2a: Gengar|Shadow Ball|p1a: Samurott
|-resisted|p1a: Samurott
|-damage|p1a: Samurott|66/100
|
|-end|p2a: Gengar|Infestation|[partiallytrapped]|[silent]
|upkeep
|turn|5
|
|t:|1758949098
|switch|p2a: Toxapex|Toxapex, F, shiny|100/100
|move|p1a: Samurott|Aqua Jet|p2a: Toxapex
|-resisted|p2a: Toxapex
|-damage|p2a: Toxapex|95/100
|
|-heal|p2a: Toxapex|100/100|[from] item: Black Sludge
|upkeep
|turn|6
|
|t:|1758949107
|move|p1a: Samurott|Ceaseless Edge|p2a: Toxapex
|-damage|p2a: Toxapex|75/100
|-sidestart|p2: Yakadin|Spikes
|move|p2a: Toxapex|Toxic|p1a: Samurott
|-status|p1a: Samurott|tox
|
|-heal|p2a: Toxapex|81/100|[from] item: Black Sludge
|-damage|p1a: Samurott|59/100 tox|[from] psn
|upkeep
|turn|7
|
|t:|1758949117
|move|p1a: Samurott|Ceaseless Edge|p2a: Toxapex
|-damage|p2a: Toxapex|53/100
|-sidestart|p2: Yakadin|Spikes
|move|p2a: Toxapex|Ice Spinner|p1a: Samurott
|-resisted|p1a: Samurott
|-damage|p1a: Samurott|52/100 tox
|
|-heal|p2a: Toxapex|59/100|[from] item: Black Sludge
|-damage|p1a: Samurott|39/100 tox|[from] psn
|upkeep
|turn|8
|
|t:|1758949129
|move|p2a: Toxapex|Baneful Bunker|p2a: Toxapex
|-singleturn|p2a: Toxapex|move: Protect
|move|p1a: Samurott|Ceaseless Edge|p2a: Toxapex
|-activate|p2a: Toxapex|move: Protect
|
|-heal|p2a: Toxapex|66/100|[from] item: Black Sludge
|-damage|p1a: Samurott|21/100 tox|[from] psn
|upkeep
|turn|9
|
|t:|1758949149
|move|p1a: Samurott|Ceaseless Edge|p2a: Toxapex
|-damage|p2a: Toxapex|39/100
|-sidestart|p2: Yakadin|Spikes
|move|p2a: Toxapex|Ice Spinner|p1a: Samurott
|-resisted|p1a: Samurott
|-damage|p1a: Samurott|13/100 tox
|
|-heal|p2a: Toxapex|45/100|[from] item: Black Sludge
|-damage|p1a: Samurott|0 fnt|[from] psn
|faint|p1a: Samurott
|upkeep
|
|t:|1758949169
|switch|p1a: Iron Moth|Iron Moth, shiny|100/100
|-enditem|p1a: Iron Moth|Booster Energy
|-activate|p1a: Iron Moth|ability: Quark Drive|[fromitem]
|-start|p1a: Iron Moth|quarkdrivespe
|turn|10
|
|t:|1758949198
|switch|p2a: Blissey|Blissey, F, shiny|100/100
|-damage|p2a: Blissey|76/100|[from] Spikes
|move|p1a: Iron Moth|Sludge Wave|p2a: Blissey
|-damage|p2a: Blissey|63/100
|-status|p2a: Blissey|psn
|
|-heal|p2a: Blissey|69/100 psn|[from] item: Leftovers
|-damage|p2a: Blissey|57/100 psn|[from] psn
|upkeep
|turn|11
|inactive|Trini8 has 120 seconds left.
|
|t:|1758949225
|-end|p1a: Iron Moth|Quark Drive|[silent]
|switch|p1a: Gliscor|Gliscor, M, shiny|100/100
|move|p2a: Blissey|Calm Mind|p2a: Blissey
|-boost|p2a: Blissey|spa|1
|-boost|p2a: Blissey|spd|1
|
|-heal|p2a: Blissey|63/100 psn|[from] item: Leftovers
|-damage|p2a: Blissey|50/100 psn|[from] psn
|-status|p1a: Gliscor|tox|[from] item: Toxic Orb
|upkeep
|turn|12
|inactive|Yakadin has 120 seconds left.
|
|t:|1758949248
|move|p1a: Gliscor|Substitute|p1a: Gliscor
|-start|p1a: Gliscor|Substitute
|-damage|p1a: Gliscor|75/100 tox
|move|p2a: Blissey|Alluring Voice|p1a: Gliscor
|-damage|p1a: Gliscor|53/100 tox
|
|-heal|p2a: Blissey|57/100 psn|[from] item: Leftovers
|-heal|p1a: Gliscor|65/100 tox|[from] ability: Poison Heal
|-damage|p2a: Blissey|44/100 psn|[from] psn
|upkeep
|turn|13
|inactive|Yakadin has 120 seconds left.
|
|t:|1758949262
|-curestatus|p2a: Blissey|psn|[from] ability: Natural Cure
|switch|p2a: Samurott|Samurott-Hisui, M|100/100
|-damage|p2a: Samurott|76/100|[from] Spikes
|move|p1a: Gliscor|Swords Dance|p1a: Gliscor
|-boost|p1a: Gliscor|atk|2
|
|-heal|p1a: Gliscor|78/100 tox|[from] ability: Poison Heal
|upkeep
|turn|14
|inactive|Yakadin has 120 seconds left.
|
|t:|1758949289
|move|p2a: Samurott|Swords Dance|p2a: Samurott
|-boost|p2a: Samurott|atk|2
|move|p1a: Gliscor|Facade|p2a: Samurott
|-damage|p2a: Samurott|0 fnt
|faint|p2a: Samurott
|
|-heal|p1a: Gliscor|90/100 tox|[from] ability: Poison Heal
|upkeep
|inactive|Yakadin has 90 seconds left.
|
|t:|1758949320
|switch|p2a: Toxapex|Toxapex, F, shiny|78/100
|-damage|p2a: Toxapex|53/100|[from] Spikes
|turn|15
|c|☆Trini8|Imma take you to the swamp
|
|t:|1758949335
|move|p2a: Toxapex|Baneful Bunker|p2a: Toxapex
|-singleturn|p2a: Toxapex|move: Protect
|move|p1a: Gliscor|Earthquake|p2a: Toxapex
|-activate|p2a: Toxapex|move: Protect
|
|-heal|p2a: Toxapex|60/100|[from] item: Black Sludge
|-heal|p1a: Gliscor|100/100 tox|[from] ability: Poison Heal
|upkeep
|turn|16
|inactive|Yakadin has 90 seconds left.
|
|t:|1758949347
|switch|p2a: Dragonite|Dragonite, M, shiny|100/100
|move|p1a: Gliscor|Swords Dance|p1a: Gliscor
|-boost|p1a: Gliscor|atk|2
|
|upkeep
|turn|17
|inactive|Yakadin has 90 seconds left.
|
|t:|1758949357
|move|p2a: Dragonite|Extreme Speed|p1a: Gliscor
|-end|p1a: Gliscor|Substitute
|move|p1a: Gliscor|Facade|p2a: Dragonite
|-crit|p2a: Dragonite
|-damage|p2a: Dragonite|20/100
|
|upkeep
|turn|18
|inactive|Trini8 has 120 seconds left.
|inactive|Yakadin has 90 seconds left.
|
|t:|1758949371
|switch|p2a: Gengar|Gengar, M, shiny|75/100
|-damage|p2a: Gengar|50/100|[from] Spikes
|move|p1a: Gliscor|Facade|p2a: Gengar
|-immune|p2a: Gengar
|
|upkeep
|turn|19
|inactive|Yakadin has 90 seconds left.
|
|t:|1758949385
|move|p2a: Gengar|Shadow Ball|p1a: Gliscor
|-damage|p1a: Gliscor|54/100 tox
|-unboost|p1a: Gliscor|spd|1
|move|p1a: Gliscor|Earthquake|p2a: Gengar
|-supereffective|p2a: Gengar
|-damage|p2a: Gengar|0 fnt
|-start|p1a: Gliscor|Disable|Earthquake|[from] ability: Cursed Body|[of] p2a: Gengar
|faint|p2a: Gengar
|
|-heal|p1a: Gliscor|67/100 tox|[from] ability: Poison Heal
|upkeep
|inactive|Yakadin has 90 seconds left.
|
|t:|1758949403
|switch|p2a: Toxapex|Toxapex, F, shiny|93/100
|-damage|p2a: Toxapex|68/100|[from] Spikes
|turn|20
|c|☆Trini8|Sleep
|
|t:|1758949412
|move|p1a: Gliscor|Substitute|p1a: Gliscor
|-start|p1a: Gliscor|Substitute
|-damage|p1a: Gliscor|42/100 tox
|move|p2a: Toxapex|Haze|p2a: Toxapex
|-clearallboost
|
|-heal|p2a: Toxapex|74/100|[from] item: Black Sludge
|-heal|p1a: Gliscor|54/100 tox|[from] ability: Poison Heal
|upkeep
|turn|21
|
|t:|1758949422
|move|p1a: Gliscor|Facade|p2a: Toxapex
|-damage|p2a: Toxapex|57/100
|move|p2a: Toxapex|Ice Spinner|p1a: Gliscor
|-supereffective|p1a: Gliscor
|-end|p1a: Gliscor|Substitute
|
|-heal|p2a: Toxapex|63/100|[from] item: Black Sludge
|-heal|p1a: Gliscor|67/100 tox|[from] ability: Poison Heal
|upkeep
|turn|22
|
|t:|1758949437
|switch|p1a: Iron Moth|Iron Moth, shiny|100/100
|move|p2a: Toxapex|Ice Spinner|p1a: Iron Moth
|-resisted|p1a: Iron Moth
|-damage|p1a: Iron Moth|92/100
|
|-heal|p2a: Toxapex|69/100|[from] item: Black Sludge
|upkeep
|turn|23
|
|t:|1758949449
|switch|p2a: Skeledirge|Skeledirge, M, shiny|100/100
|-damage|p2a: Skeledirge|75/100|[from] Spikes
|move|p1a: Iron Moth|Psychic|p2a: Skeledirge
|-damage|p2a: Skeledirge|45/100
|
|-heal|p2a: Skeledirge|51/100|[from] item: Leftovers
|upkeep
|turn|24
|
|t:|1758949462
|-terastallize|p1a: Iron Moth|Water
|move|p1a: Iron Moth|Tera Blast|p2a: Skeledirge|[anim] Tera Blast Water
|-supereffective|p2a: Skeledirge
|-damage|p2a: Skeledirge|0 fnt
|faint|p2a: Skeledirge
|
|upkeep
|
|t:|1758949471
|switch|p2a: Toxapex|Toxapex, F, shiny|100/100
|-damage|p2a: Toxapex|75/100|[from] Spikes
|turn|25
|
|t:|1758949479
|-end|p1a: Iron Moth|Quark Drive|[silent]
|switch|p1a: Gliscor|Gliscor, M, shiny|67/100 tox
|move|p2a: Toxapex|Toxic|p1a: Gliscor
|-fail|p1a: Gliscor|tox
|
|-heal|p2a: Toxapex|82/100|[from] item: Black Sludge
|-heal|p1a: Gliscor|79/100 tox|[from] ability: Poison Heal
|upkeep
|turn|26
|
|t:|1758949492
|move|p1a: Gliscor|Substitute|p1a: Gliscor
|-start|p1a: Gliscor|Substitute
|-damage|p1a: Gliscor|54/100 tox
|move|p2a: Toxapex|Ice Spinner|p1a: Gliscor
|-supereffective|p1a: Gliscor
|-end|p1a: Gliscor|Substitute
|
|-heal|p2a: Toxapex|88/100|[from] item: Black Sludge
|-heal|p1a: Gliscor|67/100 tox|[from] ability: Poison Heal
|upkeep
|turn|27
|inactive|Yakadin has 120 seconds left.
|
|t:|1758949503
|move|p1a: Gliscor|Earthquake|p2a: Toxapex
|-supereffective|p2a: Toxapex
|-damage|p2a: Toxapex|47/100
|move|p2a: Toxapex|Ice Spinner|p1a: Gliscor
|-supereffective|p1a: Gliscor
|-damage|p1a: Gliscor|29/100 tox
|
|-heal|p2a: Toxapex|53/100|[from] item: Black Sludge
|-heal|p1a: Gliscor|42/100 tox|[from] ability: Poison Heal
|upkeep
|turn|28
|
|t:|1758949514
|move|p2a: Toxapex|Baneful Bunker|p2a: Toxapex
|-singleturn|p2a: Toxapex|move: Protect
|move|p1a: Gliscor|Substitute|p1a: Gliscor
|-start|p1a: Gliscor|Substitute
|-damage|p1a: Gliscor|17/100 tox
|
|-heal|p2a: Toxapex|59/100|[from] item: Black Sludge
|-heal|p1a: Gliscor|29/100 tox|[from] ability: Poison Heal
|upkeep
|turn|29
|
|t:|1758949524
|move|p1a: Gliscor|Earthquake|p2a: Toxapex
|-supereffective|p2a: Toxapex
|-crit|p2a: Toxapex
|-damage|p2a: Toxapex|0 fnt
|faint|p2a: Toxapex
|
|-heal|p1a: Gliscor|42/100 tox|[from] ability: Poison Heal
|upkeep
|
|t:|1758949532
|switch|p2a: Dragonite|Dragonite, M, shiny|20/100
|turn|30
|
|t:|1758949539
|move|p2a: Dragonite|Hurricane|p1a: Gliscor
|-end|p1a: Gliscor|Substitute
|move|p1a: Gliscor|Facade|p2a: Dragonite
|-damage|p2a: Dragonite|0 fnt
|faint|p2a: Dragonite
|
|-heal|p1a: Gliscor|54/100 tox|[from] ability: Poison Heal
|upkeep
|c|☆Trini8|To sleep
|
|t:|1758949556
|switch|p2a: Blissey|Blissey, F, shiny|44/100
|-damage|p2a: Blissey|19/100|[from] Spikes
|turn|31
|c|☆Trini8|In my swamp
|
|t:|1758949564
|move|p1a: Gliscor|Facade|p2a: Blissey
|-damage|p2a: Blissey|0 fnt
|faint|p2a: Blissey
|
|win|Trini8
|raw|Trini8's rating: 1086 &rarr; <strong>1110</strong><br />(+24 for winning)
|raw|Yakadin's rating: 1040 &rarr; <strong>1026</strong><br />(-14 for losing)
|l|☆Yakadin
|player|p2|
|c|☆Trini8|Don’t log back om
