|j|☆FeeDWeeB
|j|☆cookbayz
|t:|1759051268
|gametype|singles
|player|p1|FeeDWeeB|265|1396
|player|p2|cookbayz|sailor-gen3rs|1390
|gen|9
|tier|[Gen 9] OU
|rated|
|rule|HP Percentage Mod: HP is shown in percentages
|rule|Endless Battle Clause: Forcing endless battles is banned
|rule|Species Clause: Limit one of each Pokémon
|rule|OHKO Clause: OHKO moves are banned
|rule|Evasion Items Clause: Evasion items are banned
|rule|Evasion Moves Clause: Evasion moves are banned
|rule|Evasion Abilities Clause: Evasion abilities are banned
|rule|Sleep Moves Clause: Sleep-inducing moves are banned
|clearpoke
|poke|p1|Dragapult, F|
|poke|p1|Landorus-Therian, M|
|poke|p1|Heatran, F|
|poke|p1|Raikou|
|poke|p1|Greninja-*, M|
|poke|p1|Zamazenta-*|
|poke|p2|Gholdengo|
|poke|p2|Cinderace, M|
|poke|p2|Kyurem|
|poke|p2|Zapdos|
|poke|p2|Araquanid, F|
|poke|p2|Great Tusk|
|teampreview
|inactive|Battle timer is ON: inactive players will automatically lose when time's up. (requested by cookbayz)
|
|t:|1759051290
|teamsize|p1|6
|teamsize|p2|6
|start
|switch|p1a: Raikou|Raikou|100/100
|switch|p2a: Araquanid|Araquanid, F|100/100
|turn|1
|
|t:|1759051301
|move|p1a: Raikou|Calm Mind|p1a: Raikou
|-boost|p1a: Raikou|spa|1
|-boost|p1a: Raikou|spd|1
|move|p2a: Araquanid|Sticky Web|p1a: Raikou
|-sidestart|p1: FeeDWeeB|move: Sticky Web
|
|upkeep
|turn|2
|
|t:|1759051313
|switch|p2a: Gholdengo|Gholdengo|100/100
|move|p1a: Raikou|Thunderbolt|p2a: Gholdengo
|-damage|p2a: Gholdengo|31/100
|-status|p2a: Gholdengo|par
|
|upkeep
|turn|3
|
|t:|1759051321
|move|p1a: Raikou|Thunderbolt|p2a: Gholdengo
|-damage|p2a: Gholdengo|0 fnt
|faint|p2a: Gholdengo
|
|upkeep
|
|t:|1759051325
|switch|p2a: Great Tusk|Great Tusk|100/100
|-enditem|p2a: Great Tusk|Booster Energy
|-activate|p2a: Great Tusk|ability: Protosynthesis|[fromitem]
|-start|p2a: Great Tusk|protosynthesisspe
|turn|4
|
|t:|1759051341
|-terastallize|p1a: Raikou|Psychic
|move|p2a: Great Tusk|Headlong Rush|p1a: Raikou
|-damage|p1a: Raikou|24/100
|-unboost|p2a: Great Tusk|def|1
|-unboost|p2a: Great Tusk|spd|1
|move|p1a: Raikou|Extrasensory|p2a: Great Tusk
|-supereffective|p2a: Great Tusk
|-damage|p2a: Great Tusk|0 fnt
|faint|p2a: Great Tusk
|-end|p2a: Great Tusk|Protosynthesis|[silent]
|
|-heal|p1a: Raikou|30/100|[from] item: Leftovers
|upkeep
|
|t:|1759051354
|switch|p2a: Zapdos|Zapdos|100/100
|turn|5
|
|t:|1759051359
|move|p1a: Raikou|Extrasensory|p2a: Zapdos
|-damage|p2a: Zapdos|43/100
|move|p2a: Zapdos|Hurricane|p1a: Raikou
|-damage|p1a: Raikou|0 fnt
|faint|p1a: Raikou
|
|upkeep
|
|t:|1759051373
|switch|p1a: Heatran|Heatran, F|100/100
|-activate|p1a: Heatran|move: Sticky Web
|-unboost|p1a: Heatran|spe|1
|turn|6
|
|t:|1759051379
|move|p2a: Zapdos|Thunder Wave|p1a: Heatran
|-status|p1a: Heatran|par
|move|p1a: Heatran|Flamethrower|p2a: Zapdos
|-damage|p2a: Zapdos|4/100
|
|upkeep
|turn|7
|
|t:|1759051385
|move|p2a: Zapdos|Roost|p2a: Zapdos
|-heal|p2a: Zapdos|54/100
|-singleturn|p2a: Zapdos|move: Roost
|move|p1a: Heatran|Stealth Rock|p2a: Zapdos
|-sidestart|p2: cookbayz|move: Stealth Rock
|
|upkeep
|turn|8
|
|t:|1759051394
|move|p2a: Zapdos|Volt Switch|p1a: Heatran
|-damage|p1a: Heatran|83/100 par
|
|t:|1759051399
|switch|p2a: Araquanid|Araquanid, F|100/100|[from] Volt Switch
|-damage|p2a: Araquanid|75/100|[from] Stealth Rock
|move|p1a: Heatran|Flamethrower|p2a: Araquanid
|-damage|p2a: Araquanid|59/100
|
|-heal|p1a: Heatran|89/100 par|[from] item: Leftovers
|upkeep
|turn|9
|
|t:|1759051414
|switch|p1a: Zamazenta|Zamazenta|100/100
|-activate|p1a: Zamazenta|move: Sticky Web
|-unboost|p1a: Zamazenta|spe|1
|-ability|p1a: Zamazenta|Dauntless Shield|boost
|-boost|p1a: Zamazenta|def|1
|move|p2a: Araquanid|Surf|p1a: Zamazenta
|-damage|p1a: Zamazenta|55/100
|
|upkeep
|turn|10
|
|t:|1759051425
|move|p1a: Zamazenta|Iron Defense|p1a: Zamazenta
|-boost|p1a: Zamazenta|def|2
|move|p2a: Araquanid|Surf|p1a: Zamazenta
|-damage|p1a: Zamazenta|15/100
|
|upkeep
|turn|11
|
|t:|1759051429
|move|p1a: Zamazenta|Rest|p1a: Zamazenta
|-status|p1a: Zamazenta|slp|[from] move: Rest
|-heal|p1a: Zamazenta|100/100 slp|[silent]
|-enditem|p1a: Zamazenta|Chesto Berry|[eat]
|-curestatus|p1a: Zamazenta|slp|[msg]
|move|p2a: Araquanid|Surf|p1a: Zamazenta
|-damage|p1a: Zamazenta|60/100
|
|upkeep
|turn|12
|
|t:|1759051436
|move|p1a: Zamazenta|Body Press|p2a: Araquanid
|-resisted|p2a: Araquanid
|-damage|p2a: Araquanid|19/100
|move|p2a: Araquanid|Surf|p1a: Zamazenta
|-damage|p1a: Zamazenta|16/100
|
|upkeep
|turn|13
|-enditem|p2a: Araquanid|Custap Berry|[eat]
|-activate|p2a: Araquanid|item: Custap Berry|[consumed]
|
|t:|1759051439
|move|p2a: Araquanid|Surf|p1a: Zamazenta
|-damage|p1a: Zamazenta|0 fnt
|faint|p1a: Zamazenta
|
|upkeep
|
|t:|1759051447
|switch|p1a: Dragapult|Dragapult, F|100/100
|-activate|p1a: Dragapult|move: Sticky Web
|-fail|p1a: Dragapult|unboost|[from] ability: Clear Body|[of] p1a: Dragapult
|turn|14
|
|t:|1759051451
|move|p1a: Dragapult|Dragon Pulse|p2a: Araquanid
|-damage|p2a: Araquanid|0 fnt
|faint|p2a: Araquanid
|
|upkeep
|
|t:|1759051458
|switch|p2a: Kyurem|Kyurem|100/100
|-damage|p2a: Kyurem|76/100|[from] Stealth Rock
|-ability|p2a: Kyurem|Pressure
|turn|15
|
|t:|1759051464
|switch|p1a: Heatran|Heatran, F|89/100 par
|-activate|p1a: Heatran|move: Sticky Web
|-unboost|p1a: Heatran|spe|1
|-terastallize|p2a: Kyurem|Fire
|move|p2a: Kyurem|Dragon Dance|p2a: Kyurem
|-boost|p2a: Kyurem|atk|1
|-boost|p2a: Kyurem|spe|1
|
|-heal|p1a: Heatran|95/100 par|[from] item: Leftovers
|upkeep
|turn|16
|
|t:|1759051474
|move|p2a: Kyurem|Scale Shot|p1a: Heatran
|-resisted|p1a: Heatran
|-damage|p1a: Heatran|87/100 par
|-resisted|p1a: Heatran
|-damage|p1a: Heatran|79/100 par
|-resisted|p1a: Heatran
|-crit|p1a: Heatran
|-damage|p1a: Heatran|68/100 par
|-resisted|p1a: Heatran
|-damage|p1a: Heatran|60/100 par
|-hitcount|p1a: Heatran|4
|-unboost|p2a: Kyurem|def|1
|-boost|p2a: Kyurem|spe|1
|move|p1a: Heatran|Earth Power|p2a: Kyurem
|-supereffective|p2a: Kyurem
|-damage|p2a: Kyurem|28/100
|
|-heal|p1a: Heatran|66/100 par|[from] item: Leftovers
|upkeep
|turn|17
|
|t:|1759051486
|move|p2a: Kyurem|Scale Shot|p1a: Heatran
|-resisted|p1a: Heatran
|-damage|p1a: Heatran|58/100 par
|-resisted|p1a: Heatran
|-damage|p1a: Heatran|50/100 par
|-resisted|p1a: Heatran
|-damage|p1a: Heatran|42/100 par
|-resisted|p1a: Heatran
|-damage|p1a: Heatran|33/100 par
|-resisted|p1a: Heatran
|-damage|p1a: Heatran|26/100 par
|-hitcount|p1a: Heatran|5
|-unboost|p2a: Kyurem|def|1
|-boost|p2a: Kyurem|spe|1
|move|p1a: Heatran|Earth Power|p2a: Kyurem
|-supereffective|p2a: Kyurem
|-damage|p2a: Kyurem|0 fnt
|faint|p2a: Kyurem
|
|-heal|p1a: Heatran|32/100 par|[from] item: Leftovers
|upkeep
|
|t:|1759051492
|switch|p2a: Zapdos|Zapdos|54/100
|turn|18
|
|t:|1759051503
|move|p2a: Zapdos|Volt Switch|p1a: Heatran
|-damage|p1a: Heatran|15/100 par
|
|t:|1759051506
|switch|p2a: Cinderace|Cinderace, M|100/100|[from] Volt Switch
|cant|p1a: Heatran|par
|
|-heal|p1a: Heatran|21/100 par|[from] item: Leftovers
|upkeep
|turn|19
|-message|cookbayz forfeited.
|
|win|FeeDWeeB
|raw|FeeDWeeB's rating: 1396 &rarr; <strong>1416</strong><br />(+20 for winning)
|raw|cookbayz's rating: 1390 &rarr; <strong>1370</strong><br />(-20 for losing)
|l|☆cookbayz
|player|p2|
|l|☆FeeDWeeB
|player|p1|
