|j|☆irfan666
|j|☆QB1K
|t:|1758952934
|gametype|singles
|player|p1|irfan666|2|1161
|player|p2|QB1K|winona|1233
|gen|9
|tier|[Gen 9] OU
|rated|
|rule|HP Percentage Mod: HP is shown in percentages
|rule|Endless Battle Clause: Forcing endless battles is banned
|rule|Species Clause: Limit one of each Pokémon
|rule|OHKO Clause: OHKO moves are banned
|rule|Evasion Items Clause: Evasion items are banned
|rule|Evasion Moves Clause: Evasion moves are banned
|rule|Evasion Abilities Clause: Evasion abilities are banned
|rule|Sleep Moves Clause: Sleep-inducing moves are banned
|clearpoke
|poke|p1|Kommo-o, M|
|poke|p1|Gholdengo|
|poke|p1|Ninetales-Alola, F|
|poke|p1|Hatterene, F|
|poke|p1|Zamazenta-*|
|poke|p1|Kingambit, F|
|poke|p2|Dragonite, M|
|poke|p2|Slowking-Galar, F|
|poke|p2|Great Tusk|
|poke|p2|Arcanine-Hisui, M|
|poke|p2|Corviknight, M|
|poke|p2|Kingambit, M|
|teampreview
|inactive|Battle timer is ON: inactive players will automatically lose when time's up. (requested by irfan666)
|
|t:|1758952970
|teamsize|p1|6
|teamsize|p2|6
|start
|switch|p1a: Ninetales|Ninetales-Alola, F|100/100
|switch|p2a: Arcanine|Arcanine-Hisui, M, shiny|100/100
|-weather|Snowscape|[from] ability: Snow Warning|[of] p1a: Ninetales
|turn|1
|
|t:|1758952982
|move|p1a: Ninetales|Aurora Veil|p1a: Ninetales
|-sidestart|p1: irfan666|move: Aurora Veil
|move|p2a: Arcanine|Head Smash|p1a: Ninetales
|-supereffective|p1a: Ninetales
|-damage|p1a: Ninetales|21/100
|
|-weather|Snowscape|[upkeep]
|upkeep
|turn|2
|
|t:|1758952998
|switch|p1a: Gholdengo|Gholdengo|100/100
|move|p2a: Arcanine|Head Smash|p1a: Gholdengo
|-resisted|p1a: Gholdengo
|-damage|p1a: Gholdengo|73/100
|
|-weather|Snowscape|[upkeep]
|upkeep
|turn|3
|
|t:|1758953013
|switch|p2a: Slowking|Slowking-Galar, F, shiny|100/100
|move|p1a: Gholdengo|Nasty Plot|p1a: Gholdengo
|-boost|p1a: Gholdengo|spa|2
|
|-weather|Snowscape|[upkeep]
|upkeep
|turn|4
|
|t:|1758953021
|move|p1a: Gholdengo|Nasty Plot|p1a: Gholdengo
|-boost|p1a: Gholdengo|spa|2
|move|p2a: Slowking|Future Sight|p1a: Gholdengo
|-start|p2a: Slowking|move: Future Sight
|
|-weather|Snowscape|[upkeep]
|upkeep
|turn|5
|
|t:|1758953031
|move|p1a: Gholdengo|Nasty Plot|p1a: Gholdengo
|-boost|p1a: Gholdengo|spa|2
|move|p2a: Slowking|Ice Beam|p1a: Gholdengo
|-resisted|p1a: Gholdengo
|-damage|p1a: Gholdengo|67/100
|-status|p1a: Gholdengo|frz
|
|-weather|none
|upkeep
|turn|6
|
|t:|1758953046
|-curestatus|p1a: Gholdengo|frz|[msg]
|move|p1a: Gholdengo|Shadow Ball|p2a: Slowking
|-supereffective|p2a: Slowking
|-damage|p2a: Slowking|0 fnt
|faint|p2a: Slowking
|
|-end|p1a: Gholdengo|move: Future Sight
|-resisted|p1a: Gholdengo
|-damage|p1a: Gholdengo|54/100
|upkeep
|
|t:|1758953065
|switch|p2a: Dragonite|Dragonite, M, shiny|100/100
|turn|7
|
|t:|1758953070
|move|p1a: Gholdengo|Shadow Ball|p2a: Dragonite
|-damage|p2a: Dragonite|0 fnt
|faint|p2a: Dragonite
|
|upkeep
|
|t:|1758953078
|switch|p2a: Great Tusk|Great Tusk, shiny|100/100
|turn|8
|
|t:|1758953082
|move|p2a: Great Tusk|Stealth Rock|p1a: Gholdengo
|-sidestart|p1: irfan666|move: Stealth Rock
|move|p1a: Gholdengo|Psyshock|p2a: Great Tusk
|-supereffective|p2a: Great Tusk
|-damage|p2a: Great Tusk|0 fnt
|faint|p2a: Great Tusk
|-end|p2a: Great Tusk|Protosynthesis|[silent]
|
|-sideend|p1: irfan666|move: Aurora Veil
|upkeep
|
|t:|1758953086
|switch|p2a: Arcanine|Arcanine-Hisui, M, shiny|100/100
|turn|9
|
|t:|1758953089
|move|p2a: Arcanine|Flare Blitz|p1a: Gholdengo
|-supereffective|p1a: Gholdengo
|-damage|p1a: Gholdengo|0 fnt
|faint|p1a: Gholdengo
|
|upkeep
|
|t:|1758953110
|switch|p1a: Hatterene|Hatterene, F|100/100
|-damage|p1a: Hatterene|88/100|[from] Stealth Rock
|turn|10
|
|t:|1758953116
|move|p2a: Arcanine|Flare Blitz|p1a: Hatterene
|-damage|p1a: Hatterene|15/100
|move|p1a: Hatterene|Calm Mind|p1a: Hatterene
|-boost|p1a: Hatterene|spa|1
|-boost|p1a: Hatterene|spd|1
|
|upkeep
|turn|11
|
|t:|1758953121
|move|p2a: Arcanine|Flare Blitz|p1a: Hatterene
|-damage|p1a: Hatterene|0 fnt
|faint|p1a: Hatterene
|
|upkeep
|
|t:|1758953136
|switch|p1a: Zamazenta|Zamazenta|100/100
|-damage|p1a: Zamazenta|94/100|[from] Stealth Rock
|-ability|p1a: Zamazenta|Dauntless Shield|boost
|-boost|p1a: Zamazenta|def|1
|turn|12
|
|t:|1758953143
|switch|p2a: Corviknight|Corviknight, M, shiny|100/100
|-ability|p2a: Corviknight|Pressure
|move|p1a: Zamazenta|Close Combat|p2a: Corviknight
|-damage|p2a: Corviknight|57/100
|-unboost|p1a: Zamazenta|def|1
|-unboost|p1a: Zamazenta|spd|1
|-damage|p1a: Zamazenta|78/100|[from] item: Rocky Helmet|[of] p2a: Corviknight
|-damage|p1a: Zamazenta|68/100|[from] item: Life Orb
|
|upkeep
|turn|13
|
|t:|1758953154
|move|p1a: Zamazenta|Close Combat|p2a: Corviknight
|-damage|p2a: Corviknight|10/100
|-unboost|p1a: Zamazenta|def|1
|-unboost|p1a: Zamazenta|spd|1
|-damage|p1a: Zamazenta|51/100|[from] item: Rocky Helmet|[of] p2a: Corviknight
|-damage|p1a: Zamazenta|41/100|[from] item: Life Orb
|move|p2a: Corviknight|Roost|p2a: Corviknight
|-heal|p2a: Corviknight|60/100
|-singleturn|p2a: Corviknight|move: Roost
|
|upkeep
|turn|14
|
|t:|1758953172
|switch|p1a: Ninetales|Ninetales-Alola, F|21/100
|-damage|p1a: Ninetales|0 fnt|[from] Stealth Rock
|faint|p1a: Ninetales
|move|p2a: Corviknight|Roost|p2a: Corviknight
|-heal|p2a: Corviknight|100/100
|-singleturn|p2a: Corviknight|move: Roost
|
|upkeep
|
|t:|1758953179
|switch|p1a: Kommo-o|Kommo-o, M|100/100
|-damage|p1a: Kommo-o|94/100|[from] Stealth Rock
|turn|15
|
|t:|1758953189
|-terastallize|p1a: Kommo-o|Normal
|move|p1a: Kommo-o|Clangorous Soul|p1a: Kommo-o
|-boost|p1a: Kommo-o|atk|1
|-boost|p1a: Kommo-o|def|1
|-boost|p1a: Kommo-o|spa|1
|-boost|p1a: Kommo-o|spd|1
|-boost|p1a: Kommo-o|spe|1
|-damage|p1a: Kommo-o|61/100
|-enditem|p1a: Kommo-o|Throat Spray
|-boost|p1a: Kommo-o|spa|1|[from] item: Throat Spray
|move|p2a: Corviknight|Brave Bird|p1a: Kommo-o
|-damage|p1a: Kommo-o|37/100
|-damage|p2a: Corviknight|95/100|[from] Recoil
|
|upkeep
|turn|16
|
|t:|1758953204
|move|p1a: Kommo-o|Flamethrower|p2a: Corviknight
|-supereffective|p2a: Corviknight
|-damage|p2a: Corviknight|2/100
|move|p2a: Corviknight|Body Press|p1a: Kommo-o
|-supereffective|p1a: Kommo-o
|-crit|p1a: Kommo-o
|-damage|p1a: Kommo-o|0 fnt
|faint|p1a: Kommo-o
|
|upkeep
|
|t:|1758953211
|switch|p1a: Zamazenta|Zamazenta|41/100
|-damage|p1a: Zamazenta|35/100|[from] Stealth Rock
|turn|17
|
|t:|1758953227
|move|p1a: Zamazenta|Close Combat|p2a: Corviknight
|-damage|p2a: Corviknight|0 fnt
|-unboost|p1a: Zamazenta|def|1
|-unboost|p1a: Zamazenta|spd|1
|-damage|p1a: Zamazenta|19/100|[from] item: Rocky Helmet|[of] p2a: Corviknight
|faint|p2a: Corviknight
|-damage|p1a: Zamazenta|9/100|[from] item: Life Orb
|
|upkeep
|
|t:|1758953238
|switch|p2a: Kingambit|Kingambit, M, shiny|100/100
|-activate|p2a: Kingambit|ability: Supreme Overlord
|-start|p2a: Kingambit|fallen4|[silent]
|turn|18
|
|t:|1758953245
|-terastallize|p2a: Kingambit|Ghost
|move|p1a: Zamazenta|Close Combat|p2a: Kingambit
|-immune|p2a: Kingambit
|move|p2a: Kingambit|Swords Dance|p2a: Kingambit
|-boost|p2a: Kingambit|atk|2
|
|upkeep
|turn|19
|
|t:|1758953250
|move|p2a: Kingambit|Sucker Punch|p1a: Zamazenta
|-resisted|p1a: Zamazenta
|-damage|p1a: Zamazenta|0 fnt
|faint|p1a: Zamazenta
|
|upkeep
|
|t:|1758953252
|switch|p1a: Kingambit|Kingambit, F|100/100
|-damage|p1a: Kingambit|94/100|[from] Stealth Rock
|-activate|p1a: Kingambit|ability: Supreme Overlord
|-start|p1a: Kingambit|fallen5|[silent]
|-item|p1a: Kingambit|Air Balloon
|turn|20
|
|t:|1758953261
|move|p1a: Kingambit|Sucker Punch|p2a: Kingambit
|-supereffective|p2a: Kingambit
|-damage|p2a: Kingambit|6/100
|move|p2a: Kingambit|Kowtow Cleave|p1a: Kingambit
|-resisted|p1a: Kingambit
|-damage|p1a: Kingambit|41/100
|-enditem|p1a: Kingambit|Air Balloon
|
|-heal|p2a: Kingambit|12/100|[from] item: Leftovers
|upkeep
|turn|21
|
|t:|1758953273
|move|p1a: Kingambit|Sucker Punch|p2a: Kingambit
|-supereffective|p2a: Kingambit
|-damage|p2a: Kingambit|0 fnt
|faint|p2a: Kingambit
|-end|p2a: Kingambit|fallen4|[silent]
|
|upkeep
|
|t:|1758953276
|switch|p2a: Arcanine|Arcanine-Hisui, M, shiny|100/100
|turn|22
|
|t:|1758953282
|move|p2a: Arcanine|Flare Blitz|p1a: Kingambit
|-supereffective|p1a: Kingambit
|-damage|p1a: Kingambit|0 fnt
|faint|p1a: Kingambit
|-end|p1a: Kingambit|fallen5|[silent]
|
|win|QB1K
|raw|irfan666's rating: 1161 &rarr; <strong>1141</strong><br />(-20 for losing)
|raw|QB1K's rating: 1233 &rarr; <strong>1253</strong><br />(+20 for winning)
|l|☆irfan666
|player|p1|
