|j|☆DMVortex38
|j|☆Campyy
|t:|1758951530
|gametype|singles
|player|p1|DMVortex38|psychicf-gen4|1438
|player|p2|Campyy|2|1355
|gen|9
|tier|[Gen 9] OU
|rated|
|rule|HP Percentage Mod: HP is shown in percentages
|rule|Endless Battle Clause: Forcing endless battles is banned
|rule|Species Clause: Limit one of each Pokémon
|rule|OHKO Clause: OHKO moves are banned
|rule|Evasion Items Clause: Evasion items are banned
|rule|Evasion Moves Clause: Evasion moves are banned
|rule|Evasion Abilities Clause: Evasion abilities are banned
|rule|Sleep Moves Clause: Sleep-inducing moves are banned
|clearpoke
|poke|p1|Ting-Lu|
|poke|p1|Okidogi, M|
|poke|p1|Hydrapple, F|
|poke|p1|Rotom-Wash|
|poke|p1|Darkrai|
|poke|p1|Enamorus, F|
|poke|p2|Kommo-o, F|
|poke|p2|Gholdengo|
|poke|p2|Ninetales-Alola, M|
|poke|p2|Hatterene, F|
|poke|p2|Zamazenta-*|
|poke|p2|Kingambit, F|
|teampreview
|inactive|Battle timer is ON: inactive players will automatically lose when time's up. (requested by DMVortex38)
|
|t:|1758951548
|teamsize|p1|6
|teamsize|p2|6
|start
|switch|p1a: Okidogi|Okidogi, M|100/100
|switch|p2a: Ninetales|Ninetales-Alola, M|100/100
|-weather|Snowscape|[from] ability: Snow Warning|[of] p2a: Ninetales
|turn|1
|
|t:|1758951553
|move|p2a: Ninetales|Aurora Veil|p2a: Ninetales
|-sidestart|p2: Campyy|move: Aurora Veil
|move|p1a: Okidogi|Gunk Shot|p2a: Ninetales
|-supereffective|p2a: Ninetales
|-damage|p2a: Ninetales|50/100
|
|-weather|Snowscape|[upkeep]
|upkeep
|turn|2
|
|t:|1758951577
|switch|p2a: Gholdengo|Gholdengo|100/100
|move|p1a: Okidogi|Gunk Shot|p2a: Gholdengo
|-immune|p2a: Gholdengo
|
|-weather|Snowscape|[upkeep]
|upkeep
|turn|3
|
|t:|1758951591
|switch|p1a: Ting-Lu|Ting-Lu|100/100
|-ability|p1a: Ting-Lu|Vessel of Ruin
|move|p2a: Gholdengo|Nasty Plot|p2a: Gholdengo
|-boost|p2a: Gholdengo|spa|2
|
|-weather|Snowscape|[upkeep]
|upkeep
|turn|4
|
|t:|1758951602
|move|p2a: Gholdengo|Focus Blast|p1a: Ting-Lu
|-supereffective|p1a: Ting-Lu
|-damage|p1a: Ting-Lu|27/100
|move|p1a: Ting-Lu|Ruination|p2a: Gholdengo
|-damage|p2a: Gholdengo|51/100
|
|-weather|Snowscape|[upkeep]
|-heal|p1a: Ting-Lu|33/100|[from] item: Leftovers
|upkeep
|turn|5
|
|t:|1758951607
|move|p2a: Gholdengo|Focus Blast|p1a: Ting-Lu
|-supereffective|p1a: Ting-Lu
|-damage|p1a: Ting-Lu|0 fnt
|faint|p1a: Ting-Lu
|
|-weather|none
|upkeep
|
|t:|1758951620
|switch|p1a: Darkrai|Darkrai|100/100
|turn|6
|
|t:|1758951627
|-terastallize|p2a: Gholdengo|Fighting
|move|p1a: Darkrai|Dark Pulse|p2a: Gholdengo
|-resisted|p2a: Gholdengo
|-damage|p2a: Gholdengo|31/100
|cant|p2a: Gholdengo|flinch
|
|upkeep
|turn|7
|
|t:|1758951638
|switch|p1a: Enamorus|Enamorus, F|100/100
|move|p2a: Gholdengo|Focus Blast|p1a: Enamorus
|-resisted|p1a: Enamorus
|-damage|p1a: Enamorus|51/100
|
|upkeep
|turn|8
|
|t:|1758951653
|switch|p2a: Hatterene|Hatterene, F|100/100
|move|p1a: Enamorus|Draining Kiss|p2a: Hatterene
|-damage|p2a: Hatterene|82/100
|-heal|p1a: Enamorus|66/100|[from] drain|[of] p2a: Hatterene
|-damage|p1a: Enamorus|57/100|[from] item: Life Orb
|
|-sideend|p2: Campyy|move: Aurora Veil
|upkeep
|turn|9
|inactive|DMVortex38 has 120 seconds left.
|
|t:|1758951685
|move|p1a: Enamorus|Mystical Fire|p2a: Hatterene
|-damage|p2a: Hatterene|42/100
|-damage|p1a: Enamorus|47/100|[from] item: Life Orb
|move|p2a: Hatterene|Nuzzle|p1a: Enamorus
|-supereffective|p1a: Enamorus
|-damage|p1a: Enamorus|34/100
|-status|p1a: Enamorus|par
|
|upkeep
|turn|10
|
|t:|1758951693
|move|p1a: Enamorus|Moonblast|p2a: Hatterene
|-damage|p2a: Hatterene|0 fnt
|faint|p2a: Hatterene
|-damage|p1a: Enamorus|25/100 par|[from] item: Life Orb
|
|upkeep
|
|t:|1758951696
|switch|p2a: Ninetales|Ninetales-Alola, M|50/100
|-weather|Snowscape|[from] ability: Snow Warning|[of] p2a: Ninetales
|turn|11
|
|t:|1758951698
|move|p2a: Ninetales|Aurora Veil|p2a: Ninetales
|-sidestart|p2: Campyy|move: Aurora Veil
|move|p1a: Enamorus|Moonblast|p2a: Ninetales
|-damage|p2a: Ninetales|16/100
|-damage|p1a: Enamorus|15/100 par|[from] item: Life Orb
|
|-weather|Snowscape|[upkeep]
|upkeep
|turn|12
|
|t:|1758951708
|switch|p2a: Gholdengo|Gholdengo, tera:Fighting|31/100
|move|p1a: Enamorus|Moonblast|p2a: Gholdengo
|-supereffective|p2a: Gholdengo
|-damage|p2a: Gholdengo|0 fnt
|faint|p2a: Gholdengo
|-damage|p1a: Enamorus|5/100 par|[from] item: Life Orb
|
|-weather|Snowscape|[upkeep]
|upkeep
|
|t:|1758951717
|switch|p2a: Kingambit|Kingambit, F|100/100
|-activate|p2a: Kingambit|ability: Supreme Overlord
|-start|p2a: Kingambit|fallen2|[silent]
|-item|p2a: Kingambit|Air Balloon
|turn|13
|
|t:|1758951721
|move|p1a: Enamorus|Earth Power|p2a: Kingambit
|-immune|p2a: Kingambit
|move|p2a: Kingambit|Swords Dance|p2a: Kingambit
|-boost|p2a: Kingambit|atk|2
|
|-weather|Snowscape|[upkeep]
|upkeep
|turn|14
|
|t:|1758951726
|move|p2a: Kingambit|Sucker Punch|p1a: Enamorus
|-resisted|p1a: Enamorus
|-damage|p1a: Enamorus|0 fnt
|faint|p1a: Enamorus
|
|-weather|Snowscape|[upkeep]
|upkeep
|
|t:|1758951743
|switch|p1a: Rotom|Rotom-Wash|100/100
|turn|15
|
|t:|1758951748
|move|p1a: Rotom|Discharge|p2a: Kingambit
|-damage|p2a: Kingambit|86/100
|-status|p2a: Kingambit|par
|-enditem|p2a: Kingambit|Air Balloon
|move|p2a: Kingambit|Kowtow Cleave|p1a: Rotom
|-crit|p1a: Rotom
|-damage|p1a: Rotom|0 fnt
|faint|p1a: Rotom
|
|-weather|none
|upkeep
|
|t:|1758951772
|switch|p1a: Okidogi|Okidogi, M|100/100
|turn|16
|
|t:|1758951784
|move|p1a: Okidogi|Bulk Up|p1a: Okidogi
|-boost|p1a: Okidogi|atk|1
|-boost|p1a: Okidogi|def|1
|cant|p2a: Kingambit|par
|
|upkeep
|turn|17
|
|t:|1758951791
|-end|p2a: Kingambit|fallen2|[silent]
|switch|p2a: Kommo-o|Kommo-o, F|100/100
|move|p1a: Okidogi|Bulk Up|p1a: Okidogi
|-boost|p1a: Okidogi|atk|1
|-boost|p1a: Okidogi|def|1
|
|upkeep
|turn|18
|
|t:|1758951806
|move|p2a: Kommo-o|Clangorous Soul|p2a: Kommo-o
|-boost|p2a: Kommo-o|atk|1
|-boost|p2a: Kommo-o|def|1
|-boost|p2a: Kommo-o|spa|1
|-boost|p2a: Kommo-o|spd|1
|-boost|p2a: Kommo-o|spe|1
|-damage|p2a: Kommo-o|68/100
|-enditem|p2a: Kommo-o|Throat Spray
|-boost|p2a: Kommo-o|spa|1|[from] item: Throat Spray
|move|p1a: Okidogi|Bulk Up|p1a: Okidogi
|-boost|p1a: Okidogi|atk|1
|-boost|p1a: Okidogi|def|1
|
|-sideend|p2: Campyy|move: Aurora Veil
|upkeep
|turn|19
|
|t:|1758951815
|move|p2a: Kommo-o|Boomburst|p1a: Okidogi
|-damage|p1a: Okidogi|13/100
|move|p1a: Okidogi|Ice Punch|p2a: Kommo-o
|-supereffective|p2a: Kommo-o
|-damage|p2a: Kommo-o|0 fnt
|faint|p2a: Kommo-o
|
|-heal|p1a: Okidogi|19/100|[from] item: Leftovers
|upkeep
|
|t:|1758951826
|switch|p2a: Ninetales|Ninetales-Alola, M|16/100
|-weather|Snowscape|[from] ability: Snow Warning|[of] p2a: Ninetales
|turn|20
|
|t:|1758951833
|move|p2a: Ninetales|Aurora Veil|p2a: Ninetales
|-sidestart|p2: Campyy|move: Aurora Veil
|move|p1a: Okidogi|Drain Punch|p2a: Ninetales
|-crit|p2a: Ninetales
|-damage|p2a: Ninetales|0 fnt
|-heal|p1a: Okidogi|26/100|[from] drain|[of] p2a: Ninetales
|faint|p2a: Ninetales
|
|-weather|Snowscape|[upkeep]
|-heal|p1a: Okidogi|32/100|[from] item: Leftovers
|upkeep
|
|t:|1758951836
|switch|p2a: Zamazenta|Zamazenta|100/100
|-ability|p2a: Zamazenta|Dauntless Shield|boost
|-boost|p2a: Zamazenta|def|1
|turn|21
|
|t:|1758951854
|move|p2a: Zamazenta|Close Combat|p1a: Okidogi
|-resisted|p1a: Okidogi
|-damage|p1a: Okidogi|19/100
|-unboost|p2a: Zamazenta|def|1
|-unboost|p2a: Zamazenta|spd|1
|-damage|p2a: Zamazenta|91/100|[from] item: Life Orb
|move|p1a: Okidogi|Drain Punch|p2a: Zamazenta
|-damage|p2a: Zamazenta|45/100
|-heal|p1a: Okidogi|39/100|[from] drain|[of] p2a: Zamazenta
|
|-weather|Snowscape|[upkeep]
|-heal|p1a: Okidogi|45/100|[from] item: Leftovers
|upkeep
|turn|22
|-message|Campyy forfeited.
|
|win|DMVortex38
|raw|DMVortex38's rating: 1438 &rarr; <strong>1453</strong><br />(+15 for winning)
|raw|Campyy's rating: 1355 &rarr; <strong>1340</strong><br />(-15 for losing)
|l|☆Campyy
|player|p2|
|l|☆DMVortex38
|player|p1|
