|j|☆Mouu'D
|j|☆seasonal mugs
|t:|1758920373
|gametype|singles
|player|p1|Mouu'D|169|1182
|player|p2|seasonal mugs|2|1198
|gen|9
|tier|[Gen 9] OU
|rated|
|rule|HP Percentage Mod: HP is shown in percentages
|rule|Endless Battle Clause: Forcing endless battles is banned
|rule|Species Clause: Limit one of each Pokémon
|rule|OHKO Clause: OHKO moves are banned
|rule|Evasion Items Clause: Evasion items are banned
|rule|Evasion Moves Clause: Evasion moves are banned
|rule|Evasion Abilities Clause: Evasion abilities are banned
|rule|Sleep Moves Clause: Sleep-inducing moves are banned
|clearpoke
|poke|p1|Slowbro, F|
|poke|p1|Diancie|
|poke|p1|Scizor, F|
|poke|p1|Ursaluna, F|
|poke|p1|Exeggutor-Alola, F|
|poke|p1|Conkeldurr, F|
|poke|p2|Basculegion, M|
|poke|p2|Pelipper, M|
|poke|p2|Iron Treads|
|poke|p2|Dragapult, M|
|poke|p2|Overqwil, M|
|poke|p2|Iron Valiant|
|teampreview
|inactive|Battle timer is ON: inactive players will automatically lose when time's up. (requested by seasonal mugs)
|
|t:|1758920402
|teamsize|p1|6
|teamsize|p2|6
|start
|switch|p1a: Jinbei|Slowbro, F, shiny|100/100
|switch|p2a: Jaws|Basculegion, M, shiny|100/100
|turn|1
|
|t:|1758920414
|-terastallize|p1a: Jinbei|Water
|move|p2a: Jaws|Wave Crash|p1a: Jinbei
|-resisted|p1a: Jinbei
|-damage|p1a: Jinbei|66/100
|-damage|p2a: Jaws|89/100|[from] Recoil
|move|p1a: Jinbei|Trick Room|p1a: Jinbei
|-fieldstart|move: Trick Room|[of] p1a: Jinbei
|
|upkeep
|turn|2
|inactive|Mouu'D has 120 seconds left.
|
|t:|1758920450
|move|p1a: Jinbei|Scald|p2a: Jaws
|-resisted|p2a: Jaws
|-damage|p2a: Jaws|68/100
|move|p2a: Jaws|Wave Crash|p1a: Jinbei
|-resisted|p1a: Jinbei
|-damage|p1a: Jinbei|31/100
|-damage|p2a: Jaws|56/100|[from] Recoil
|
|upkeep
|turn|3
|inactive|Mouu'D has 120 seconds left.
|
|t:|1758920460
|switch|p2a: Messenger|Pelipper, M, shiny|100/100
|-weather|RainDance|[from] ability: Drizzle|[of] p2a: Messenger
|move|p1a: Jinbei|Slack Off|p1a: Jinbei
|-heal|p1a: Jinbei|81/100
|
|-weather|RainDance|[upkeep]
|upkeep
|turn|4
|inactive|Mouu'D has 120 seconds left.
|
|t:|1758920476
|move|p1a: Jinbei|Scald|p2a: Messenger
|-resisted|p2a: Messenger
|-damage|p2a: Messenger|53/100
|move|p2a: Messenger|Hurricane|p1a: Jinbei
|-damage|p1a: Jinbei|37/100
|
|-weather|RainDance|[upkeep]
|upkeep
|turn|5
|
|t:|1758920502
|switch|p1a: Robin|Diancie|100/100
|move|p2a: Messenger|Hurricane|p1a: Robin
|-resisted|p1a: Robin
|-crit|p1a: Robin
|-damage|p1a: Robin|72/100
|
|-weather|RainDance|[upkeep]
|-fieldend|move: Trick Room
|upkeep
|turn|6
|
|t:|1758920515
|switch|p2a: Rage|Iron Treads, shiny|100/100
|-enditem|p2a: Rage|Booster Energy
|-activate|p2a: Rage|ability: Quark Drive|[fromitem]
|-start|p2a: Rage|quarkdrivespe
|move|p1a: Robin|Trick Room|p1a: Robin
|-fieldstart|move: Trick Room|[of] p1a: Robin
|
|-weather|RainDance|[upkeep]
|upkeep
|turn|7
|inactive|Mouu'D has 90 seconds left.
|
|t:|1758920553
|switch|p1a: Chopper|Ursaluna, F|100/100
|move|p2a: Rage|Stealth Rock|p1a: Chopper
|-sidestart|p1: Mouu'D|move: Stealth Rock
|
|-weather|RainDance|[upkeep]
|-status|p1a: Chopper|brn|[from] item: Flame Orb
|upkeep
|turn|8
|
|t:|1758920573
|-end|p2a: Rage|Quark Drive|[silent]
|switch|p2a: Jaws|Basculegion, M, shiny|56/100
|move|p1a: Chopper|Facade|p2a: Jaws
|-immune|p2a: Jaws
|
|-weather|RainDance|[upkeep]
|-damage|p1a: Chopper|94/100 brn|[from] brn
|upkeep
|turn|9
|
|t:|1758920583
|move|p1a: Chopper|Thunder Punch|p2a: Jaws
|-supereffective|p2a: Jaws
|-damage|p2a: Jaws|0 fnt
|faint|p2a: Jaws
|
|-weather|RainDance|[upkeep]
|-damage|p1a: Chopper|88/100 brn|[from] brn
|upkeep
|
|t:|1758920592
|switch|p2a: Messenger|Pelipper, M, shiny|53/100
|turn|10
|
|t:|1758920601
|move|p1a: Chopper|Facade|p2a: Messenger
|-damage|p2a: Messenger|0 fnt
|faint|p2a: Messenger
|
|-weather|none
|-damage|p1a: Chopper|82/100 brn|[from] brn
|-fieldend|move: Trick Room
|upkeep
|
|t:|1758920615
|switch|p2a: Leviathan|Dragapult, M, shiny|100/100
|turn|11
|inactive|Mouu'D has 90 seconds left.
|
|t:|1758920624
|move|p2a: Leviathan|Draco Meteor|p1a: Chopper
|-damage|p1a: Chopper|18/100 brn
|-unboost|p2a: Leviathan|spa|2
|-damage|p2a: Leviathan|91/100|[from] item: Life Orb
|move|p1a: Chopper|Earthquake|p2a: Leviathan
|-damage|p2a: Leviathan|0 fnt
|faint|p2a: Leviathan
|
|-damage|p1a: Chopper|11/100 brn|[from] brn
|upkeep
|
|t:|1758920643
|switch|p2a: Calamity|Iron Valiant, shiny|100/100
|turn|12
|
|t:|1758920651
|move|p2a: Calamity|Moonblast|p1a: Chopper
|-damage|p1a: Chopper|0 fnt
|faint|p1a: Chopper
|
|upkeep
|
|t:|1758920657
|switch|p1a: Zoro|Scizor, F, shiny|100/100
|-damage|p1a: Zoro|88/100|[from] Stealth Rock
|turn|13
|
|t:|1758920664
|-end|p2a: Calamity|Quark Drive|[silent]
|switch|p2a: Rage|Iron Treads, shiny|100/100
|move|p1a: Zoro|Defog|p2a: Rage
|-unboost|p2a: Rage|evasion|1
|-sideend|p1: Mouu'D|Stealth Rock|[from] move: Defog|[of] p1a: Zoro
|
|upkeep
|turn|14
|
|t:|1758920688
|move|p2a: Rage|Thunder|p1a: Zoro
|-damage|p1a: Zoro|55/100
|move|p1a: Zoro|Lunge|p2a: Rage
|-resisted|p2a: Rage
|-damage|p2a: Rage|72/100
|-unboost|p2a: Rage|atk|1
|-damage|p1a: Zoro|45/100|[from] item: Life Orb
|
|upkeep
|turn|15
|
|t:|1758920703
|switch|p1a: Sodom|Exeggutor-Alola, F, shiny|100/100
|move|p2a: Rage|Thunder|p1a: Sodom|[miss]
|-miss|p2a: Rage|p1a: Sodom
|
|upkeep
|turn|16
|
|t:|1758920714
|move|p2a: Rage|Steel Beam|p1a: Sodom
|-damage|p1a: Sodom|43/100
|-damage|p2a: Rage|22/100|[from] steelbeam
|-enditem|p1a: Sodom|Sitrus Berry|[eat]
|-heal|p1a: Sodom|68/100|[from] item: Sitrus Berry
|move|p1a: Sodom|Trick Room|p1a: Sodom
|-fieldstart|move: Trick Room|[of] p1a: Sodom
|
|upkeep
|turn|17
|
|t:|1758920726
|move|p1a: Sodom|Energy Ball|p2a: Rage
|-damage|p2a: Rage|0 fnt
|faint|p2a: Rage
|-end|p2a: Rage|Quark Drive|[silent]
|
|-item|p1a: Sodom|Sitrus Berry|[from] ability: Harvest
|upkeep
|
|t:|1758920739
|switch|p2a: Calamity|Iron Valiant, shiny|100/100
|turn|18
|
|t:|1758920747
|move|p1a: Sodom|Psyshock|p2a: Calamity
|-supereffective|p2a: Calamity
|-damage|p2a: Calamity|18/100
|move|p2a: Calamity|Moonblast|p1a: Sodom
|-supereffective|p1a: Sodom
|-damage|p1a: Sodom|0 fnt
|faint|p1a: Sodom
|
|upkeep
|
|t:|1758920758
|switch|p1a: Luffy gear 4th|Conkeldurr, F|100/100
|turn|19
|
|t:|1758920762
|move|p1a: Luffy gear 4th|Ice Punch|p2a: Calamity
|-damage|p2a: Calamity|0 fnt
|faint|p2a: Calamity
|-end|p2a: Calamity|Quark Drive|[silent]
|
|-status|p1a: Luffy gear 4th|brn|[from] item: Flame Orb
|upkeep
|
|t:|1758920768
|switch|p2a: Predator|Overqwil, M, shiny|100/100
|turn|20
|
|t:|1758920773
|move|p1a: Luffy gear 4th|Drain Punch|p2a: Predator
|-damage|p2a: Predator|18/100
|move|p2a: Predator|Gunk Shot|p1a: Luffy gear 4th|[miss]
|-miss|p2a: Predator|p1a: Luffy gear 4th
|
|-damage|p1a: Luffy gear 4th|94/100 brn|[from] brn
|-fieldend|move: Trick Room
|upkeep
|turn|21
|
|t:|1758920782
|-terastallize|p2a: Predator|Ghost
|move|p1a: Luffy gear 4th|Mach Punch|p2a: Predator
|-immune|p2a: Predator
|move|p2a: Predator|Gunk Shot|p1a: Luffy gear 4th
|-damage|p1a: Luffy gear 4th|36/100 brn
|-damage|p2a: Predator|8/100|[from] item: Life Orb
|
|-damage|p1a: Luffy gear 4th|30/100 brn|[from] brn
|upkeep
|turn|22
|
|t:|1758920792
|move|p2a: Predator|Gunk Shot|p1a: Luffy gear 4th
|-damage|p1a: Luffy gear 4th|0 fnt
|faint|p1a: Luffy gear 4th
|-damage|p2a: Predator|0 fnt|[from] item: Life Orb
|faint|p2a: Predator
|
|win|Mouu'D
|raw|Mouu&apos;D's rating: 1182 &rarr; <strong>1208</strong><br />(+26 for winning)
|raw|seasonal mugs's rating: 1198 &rarr; <strong>1172</strong><br />(-26 for losing)
|l|☆seasonal mugs
|player|p2|
|l|☆Mouu'D
|player|p1|
