|badge|p2|silver|gen9ou|30-6
|html|<div class="broadcast-red"><strong>This battle is required to be public due to one or more player having a season medal.</strong><br />During the public phase, you can discuss the state of the ladder <a href="/seasondiscussion">in a special chatroom.</a></div>
|uhtml|medal-msg|<div class="broadcast-blue">Curious what those medals under the avatar are? PS now has Ladder Seasons! For more information, check out the <a href="https://www.smogon.com/forums/threads/3740067/">thread on Smogon.</a></div>
|raw|<div class="broadcast-blue"><strong>This battle is required to be public due to a player having a name starting with 'medal'.</div>
|j|☆Summer Cicadas
|j|‽JackRG1
|t:|1759027794
|gametype|singles
|player|p1|Summer Cicadas|cynthia|1731
|player|p2|JackRG1|dawn-gen4pt|1813
|gen|9
|tier|[Gen 9] OU
|rated|
|rule|HP Percentage Mod: HP is shown in percentages
|rule|Endless Battle Clause: Forcing endless battles is banned
|rule|Species Clause: Limit one of each Pokémon
|rule|OHKO Clause: OHKO moves are banned
|rule|Evasion Items Clause: Evasion items are banned
|rule|Evasion Moves Clause: Evasion moves are banned
|rule|Evasion Abilities Clause: Evasion abilities are banned
|rule|Sleep Moves Clause: Sleep-inducing moves are banned
|clearpoke
|poke|p1|Hatterene, F|
|poke|p1|Cresselia, F|
|poke|p1|Glastrier|
|poke|p1|Ursaluna, M|
|poke|p1|Iron Valiant|
|poke|p1|Raging Bolt|
|poke|p2|Weezing-Galar, F|
|poke|p2|Ting-Lu|
|poke|p2|Corviknight, M|
|poke|p2|Skeledirge, M|
|poke|p2|Dragapult, F|
|poke|p2|Ogerpon-Wellspring, F|
|teampreview
|inactive|Battle timer is ON: inactive players will automatically lose when time's up. (requested by JackRG1)
|
|t:|1759027814
|teamsize|p1|6
|teamsize|p2|6
|start
|switch|p1a: Glastrier|Glastrier|100/100
|switch|p2a: Ogerpon|Ogerpon-Wellspring, F|100/100
|turn|1
|
|t:|1759027817
|move|p2a: Ogerpon|Knock Off|p1a: Glastrier
|-damage|p1a: Glastrier|75/100
|-enditem|p1a: Glastrier|Custap Berry|[from] move: Knock Off|[of] p2a: Ogerpon
|move|p1a: Glastrier|Icicle Crash|p2a: Ogerpon
|-damage|p2a: Ogerpon|44/100
|
|upkeep
|turn|2
|
|t:|1759027823
|move|p2a: Ogerpon|Synthesis|p2a: Ogerpon
|-heal|p2a: Ogerpon|94/100
|move|p1a: Glastrier|Icicle Crash|p2a: Ogerpon
|-damage|p2a: Ogerpon|33/100
|
|upkeep
|turn|3
|
|t:|1759027834
|switch|p2a: Skeledirge|Skeledirge, M|100/100
|move|p1a: Glastrier|Icicle Crash|p2a: Skeledirge
|-resisted|p2a: Skeledirge
|-damage|p2a: Skeledirge|80/100
|
|upkeep
|turn|4
|
|t:|1759027837
|switch|p1a: Ursaluna|Ursaluna, M|100/100
|move|p2a: Skeledirge|Torch Song|p1a: Ursaluna
|-crit|p1a: Ursaluna
|-damage|p1a: Ursaluna|64/100
|-boost|p2a: Skeledirge|spa|1
|
|-status|p1a: Ursaluna|brn|[from] item: Flame Orb
|upkeep
|turn|5
|
|t:|1759027841
|switch|p2a: Corviknight|Corviknight, M|100/100
|-ability|p2a: Corviknight|Pressure
|move|p1a: Ursaluna|Headlong Rush|p2a: Corviknight
|-immune|p2a: Corviknight
|
|-damage|p1a: Ursaluna|58/100 brn|[from] brn
|upkeep
|turn|6
|
|t:|1759027849
|switch|p1a: Raging Bolt|Raging Bolt|100/100
|move|p2a: Corviknight|U-turn|p1a: Raging Bolt
|-damage|p1a: Raging Bolt|87/100
|j| Tsuykily
|
|t:|1759027852
|switch|p2a: Ting-Lu|Ting-Lu, shiny|100/100|[from] U-turn
|-ability|p2a: Ting-Lu|Vessel of Ruin
|
|upkeep
|turn|7
|j| cryyysneasel
|
|t:|1759027858
|-end|p1a: Raging Bolt|Protosynthesis|[silent]
|switch|p1a: Glastrier|Glastrier|75/100
|move|p2a: Ting-Lu|Earthquake|p1a: Glastrier
|-crit|p1a: Glastrier
|-damage|p1a: Glastrier|35/100
|
|upkeep
|turn|8
|
|t:|1759027864
|switch|p2a: Skeledirge|Skeledirge, M|80/100
|move|p1a: Glastrier|Icicle Crash|p2a: Skeledirge
|-resisted|p2a: Skeledirge
|-damage|p2a: Skeledirge|60/100
|
|upkeep
|turn|9
|
|t:|1759027868
|switch|p1a: Raging Bolt|Raging Bolt|87/100
|move|p2a: Skeledirge|Torch Song|p1a: Raging Bolt
|-resisted|p1a: Raging Bolt
|-damage|p1a: Raging Bolt|72/100
|-boost|p2a: Skeledirge|spa|1
|
|upkeep
|turn|10
|
|t:|1759027871
|switch|p2a: Ting-Lu|Ting-Lu, shiny|100/100
|-ability|p2a: Ting-Lu|Vessel of Ruin
|move|p1a: Raging Bolt|Draco Meteor|p2a: Ting-Lu
|-damage|p2a: Ting-Lu|51/100
|-unboost|p1a: Raging Bolt|spa|2
|
|-heal|p2a: Ting-Lu|57/100|[from] item: Leftovers
|upkeep
|turn|11
|
|t:|1759027878
|-end|p1a: Raging Bolt|Protosynthesis|[silent]
|switch|p1a: Hatterene|Hatterene, F|100/100
|move|p2a: Ting-Lu|Earthquake|p1a: Hatterene
|-damage|p1a: Hatterene|60/100
|
|-heal|p2a: Ting-Lu|63/100|[from] item: Leftovers
|upkeep
|turn|12
|
|t:|1759027884
|move|p2a: Ting-Lu|Heavy Slam|p1a: Hatterene
|-supereffective|p1a: Hatterene
|-damage|p1a: Hatterene|0 fnt
|faint|p1a: Hatterene
|
|-heal|p2a: Ting-Lu|70/100|[from] item: Leftovers
|upkeep
|
|t:|1759027889
|switch|p1a: Iron Valiant|Iron Valiant|100/100
|-enditem|p1a: Iron Valiant|Booster Energy
|-activate|p1a: Iron Valiant|ability: Quark Drive|[fromitem]
|-start|p1a: Iron Valiant|quarkdrivespa
|turn|13
|j| larp legion
|
|t:|1759027894
|-terastallize|p2a: Ting-Lu|Fairy
|move|p1a: Iron Valiant|Moonblast|p2a: Ting-Lu
|-damage|p2a: Ting-Lu|41/100
|-unboost|p2a: Ting-Lu|spa|1
|move|p2a: Ting-Lu|Heavy Slam|p1a: Iron Valiant
|-supereffective|p1a: Iron Valiant
|-damage|p1a: Iron Valiant|22/100
|
|-heal|p2a: Ting-Lu|47/100|[from] item: Leftovers
|upkeep
|turn|14
|
|t:|1759027900
|move|p1a: Iron Valiant|Moonblast|p2a: Ting-Lu
|-damage|p2a: Ting-Lu|22/100
|move|p2a: Ting-Lu|Stealth Rock|p1a: Iron Valiant
|-sidestart|p1: Summer Cicadas|move: Stealth Rock
|
|-heal|p2a: Ting-Lu|28/100|[from] item: Leftovers
|upkeep
|turn|15
|
|t:|1759027906
|switch|p2a: Skeledirge|Skeledirge, M|60/100
|move|p1a: Iron Valiant|Moonblast|p2a: Skeledirge
|-resisted|p2a: Skeledirge
|-damage|p2a: Skeledirge|35/100
|
|upkeep
|turn|16
|j| Nikator98
|
|t:|1759027910
|move|p1a: Iron Valiant|Moonblast|p2a: Skeledirge
|-resisted|p2a: Skeledirge
|-damage|p2a: Skeledirge|10/100
|-unboost|p2a: Skeledirge|spa|1
|move|p2a: Skeledirge|Torch Song|p1a: Iron Valiant
|-damage|p1a: Iron Valiant|0 fnt
|-boost|p2a: Skeledirge|spa|1
|faint|p1a: Iron Valiant
|-end|p1a: Iron Valiant|Quark Drive|[silent]
|
|upkeep
|l| Nikator98
|
|t:|1759027917
|switch|p1a: Raging Bolt|Raging Bolt|72/100
|-damage|p1a: Raging Bolt|60/100|[from] Stealth Rock
|turn|17
|
|t:|1759027920
|move|p1a: Raging Bolt|Thunderbolt|p2a: Skeledirge
|-damage|p2a: Skeledirge|0 fnt
|faint|p2a: Skeledirge
|
|upkeep
|
|t:|1759027922
|switch|p2a: Dragapult|Dragapult, F|100/100
|turn|18
|l| cryyysneasel
|
|t:|1759027928
|-terastallize|p1a: Raging Bolt|Electric
|move|p2a: Dragapult|Shadow Ball|p1a: Raging Bolt
|-damage|p1a: Raging Bolt|8/100
|move|p1a: Raging Bolt|Thunderbolt|p2a: Dragapult
|-resisted|p2a: Dragapult
|-damage|p2a: Dragapult|26/100
|
|upkeep
|turn|19
|
|t:|1759027937
|-end|p1a: Raging Bolt|Protosynthesis|[silent]
|switch|p1a: Ursaluna|Ursaluna, M|58/100 brn
|-damage|p1a: Ursaluna|51/100 brn|[from] Stealth Rock
|move|p2a: Dragapult|Shadow Ball|p1a: Ursaluna
|-immune|p1a: Ursaluna
|
|-damage|p1a: Ursaluna|45/100 brn|[from] brn
|upkeep
|turn|20
|
|t:|1759027940
|move|p2a: Dragapult|Shadow Ball|p1a: Ursaluna
|-immune|p1a: Ursaluna
|move|p1a: Ursaluna|Fire Punch|p2a: Dragapult
|-resisted|p2a: Dragapult
|-damage|p2a: Dragapult|0 fnt
|faint|p2a: Dragapult
|
|-damage|p1a: Ursaluna|39/100 brn|[from] brn
|upkeep
|
|t:|1759027942
|switch|p2a: Ogerpon|Ogerpon-Wellspring, F|33/100
|turn|21
|
|t:|1759027946
|switch|p1a: Cresselia|Cresselia, F|100/100
|-damage|p1a: Cresselia|88/100|[from] Stealth Rock
|move|p2a: Ogerpon|Ivy Cudgel|p1a: Cresselia|[anim] Ivy Cudgel Water
|-damage|p1a: Cresselia|60/100
|
|upkeep
|turn|22
|
|t:|1759027951
|move|p2a: Ogerpon|Synthesis|p2a: Ogerpon
|-heal|p2a: Ogerpon|83/100
|move|p1a: Cresselia|Trick Room|p1a: Cresselia
|-fieldstart|move: Trick Room|[of] p1a: Cresselia
|
|upkeep
|turn|23
|
|t:|1759027954
|move|p1a: Cresselia|Lunar Dance|p1a: Cresselia
|faint|p1a: Cresselia
|move|p2a: Ogerpon|Synthesis|p2a: Ogerpon
|-heal|p2a: Ogerpon|100/100
|
|upkeep
|
|t:|1759027957
|switch|p1a: Raging Bolt|Raging Bolt, tera:Electric|8/100
|-heal|p1a: Raging Bolt|100/100|[from] move: Lunar Dance
|-damage|p1a: Raging Bolt|88/100|[from] Stealth Rock
|turn|24
|
|t:|1759027960
|move|p1a: Raging Bolt|Thunderbolt|p2a: Ogerpon
|-damage|p2a: Ogerpon|5/100
|move|p2a: Ogerpon|Knock Off|p1a: Raging Bolt
|-damage|p1a: Raging Bolt|58/100
|-enditem|p1a: Raging Bolt|Choice Specs|[from] move: Knock Off|[of] p2a: Ogerpon
|
|upkeep
|turn|25
|
|t:|1759027967
|switch|p2a: Weezing|Weezing-Galar, F|100/100
|-ability|p2a: Weezing|Neutralizing Gas
|move|p1a: Raging Bolt|Thunderbolt|p2a: Weezing
|-damage|p2a: Weezing|9/100
|
|upkeep
|turn|26
|
|t:|1759027970
|move|p2a: Weezing|Defog|p1a: Raging Bolt
|-unboost|p1a: Raging Bolt|evasion|1
|-sideend|p1: Summer Cicadas|Stealth Rock|[from] move: Defog|[of] p2a: Weezing
|move|p1a: Raging Bolt|Thunderbolt|p2a: Weezing
|-crit|p2a: Weezing
|-damage|p2a: Weezing|0 fnt
|faint|p2a: Weezing
|-end|p2a: Weezing|ability: Neutralizing Gas
|
|-fieldend|move: Trick Room
|upkeep
|
|t:|1759027972
|switch|p2a: Ting-Lu|Ting-Lu, shiny, tera:Fairy|28/100
|-ability|p2a: Ting-Lu|Vessel of Ruin
|turn|27
|
|t:|1759027979
|move|p1a: Raging Bolt|Thunderbolt|p2a: Ting-Lu
|-damage|p2a: Ting-Lu|0 fnt
|faint|p2a: Ting-Lu
|
|upkeep
|
|t:|1759027983
|switch|p2a: Ogerpon|Ogerpon-Wellspring, F|5/100
|turn|28
|
|t:|1759027998
|move|p2a: Ogerpon|Ivy Cudgel|p1a: Raging Bolt|[anim] Ivy Cudgel Water
|-damage|p1a: Raging Bolt|5/100
|move|p1a: Raging Bolt|Thunderbolt|p2a: Ogerpon
|-damage|p2a: Ogerpon|0 fnt
|faint|p2a: Ogerpon
|
|upkeep
|
|t:|1759028000
|switch|p2a: Corviknight|Corviknight, M|100/100
|-ability|p2a: Corviknight|Pressure
|turn|29
|
|t:|1759028005
|move|p1a: Raging Bolt|Thunderbolt|p2a: Corviknight
|-supereffective|p2a: Corviknight
|-damage|p2a: Corviknight|0 fnt
|faint|p2a: Corviknight
|
|win|Summer Cicadas
|raw|Summer Cicadas's rating: 1731 &rarr; <strong>1756</strong><br />(+25 for winning)
|raw|JackRG1's rating: 1813 &rarr; <strong>1788</strong><br />(-25 for losing)
|l|‽JackRG1
|player|p2|
|l| Tsuykily
|c|☆Summer Cicadas|gg
|l|☆Summer Cicadas
|player|p1|
|j|☆Summer Cicadas
|player|p1|Summer Cicadas|cynthia|
|l|☆Summer Cicadas
|player|p1|
