|j|☆amaso420
|j|☆CadenG18
|t:|1758950952
|gametype|singles
|player|p1|amaso420|pokekid|1197
|player|p2|CadenG18|hilbert|1202
|gen|9
|tier|[Gen 9] OU
|rated|
|rule|HP Percentage Mod: HP is shown in percentages
|rule|Endless Battle Clause: Forcing endless battles is banned
|rule|Species Clause: Limit one of each Pokémon
|rule|OHKO Clause: OHKO moves are banned
|rule|Evasion Items Clause: Evasion items are banned
|rule|Evasion Moves Clause: Evasion moves are banned
|rule|Evasion Abilities Clause: Evasion abilities are banned
|rule|Sleep Moves Clause: Sleep-inducing moves are banned
|clearpoke
|poke|p1|Thundurus-Therian, M|
|poke|p1|Meowscarada, F|
|poke|p1|Hatterene, F|
|poke|p1|Great Tusk|
|poke|p1|Toxapex, M|
|poke|p1|Slither Wing|
|poke|p2|Greninja-*, M|
|poke|p2|Armarouge, F|
|poke|p2|Hydreigon, F|
|poke|p2|Kommo-o, M|
|poke|p2|Ceruledge, F|
|poke|p2|Tsareena, F|
|teampreview
|inactive|Battle timer is ON: inactive players will automatically lose when time's up. (requested by CadenG18)
|inactive|amaso420 also wants the timer to be on.
|
|t:|1758950965
|teamsize|p1|6
|teamsize|p2|6
|start
|switch|p1a: Meowscarada|Meowscarada, F|100/100
|switch|p2a: Tsuyo-sa|Kommo-o, M|100/100
|turn|1
|
|t:|1758950974
|move|p1a: Meowscarada|Triple Axel|p2a: Tsuyo-sa
|-start|p1a: Meowscarada|typechange|Ice|[from] ability: Protean
|-supereffective|p2a: Tsuyo-sa
|-damage|p2a: Tsuyo-sa|83/100
|-supereffective|p2a: Tsuyo-sa
|-damage|p2a: Tsuyo-sa|46/100
|-supereffective|p2a: Tsuyo-sa
|-damage|p2a: Tsuyo-sa|0 fnt
|faint|p2a: Tsuyo-sa
|-hitcount|p2: Tsuyo-sa|3
|
|upkeep
|
|t:|1758950985
|switch|p2a: Yamata|Hydreigon, F|100/100
|turn|2
|
|t:|1758950989
|move|p1a: Meowscarada|Triple Axel|p2a: Yamata
|-supereffective|p2a: Yamata
|-damage|p2a: Yamata|80/100
|-supereffective|p2a: Yamata
|-damage|p2a: Yamata|35/100
|-supereffective|p2a: Yamata
|-damage|p2a: Yamata|0 fnt
|faint|p2a: Yamata
|-hitcount|p2: Yamata|3
|
|upkeep
|
|t:|1758950999
|switch|p2a: Cieri|Ceruledge, F, shiny|100/100
|turn|3
|
|t:|1758951003
|switch|p1a: Toxapex|Toxapex, M|100/100
|move|p2a: Cieri|Bitter Blade|p1a: Toxapex
|-resisted|p1a: Toxapex
|-damage|p1a: Toxapex|81/100
|
|upkeep
|turn|4
|
|t:|1758951010
|move|p2a: Cieri|Swords Dance|p2a: Cieri
|-boost|p2a: Cieri|atk|2
|move|p1a: Toxapex|Infestation|p2a: Cieri
|-resisted|p2a: Cieri
|-damage|p2a: Cieri|99/100
|-activate|p2a: Cieri|move: Infestation|[of] p1a: Toxapex
|
|-damage|p2a: Cieri|87/100|[from] move: Infestation|[partiallytrapped]
|upkeep
|turn|5
|
|t:|1758951021
|move|p2a: Cieri|Bitter Blade|p1a: Toxapex
|-resisted|p1a: Toxapex
|-damage|p1a: Toxapex|44/100
|-heal|p2a: Cieri|100/100|[from] drain|[of] p1a: Toxapex
|move|p1a: Toxapex|Surf|p2a: Cieri
|-supereffective|p2a: Cieri
|-damage|p2a: Cieri|28/100
|
|-damage|p2a: Cieri|15/100|[from] move: Infestation|[partiallytrapped]
|upkeep
|turn|6
|
|t:|1758951038
|move|p2a: Cieri|Shadow Sneak|p1a: Toxapex
|-damage|p1a: Toxapex|14/100
|move|p1a: Toxapex|Surf|p2a: Cieri
|-supereffective|p2a: Cieri
|-damage|p2a: Cieri|0 fnt
|faint|p2a: Cieri
|
|upkeep
|
|t:|1758951046
|switch|p2a: Cybele|Tsareena, F|100/100
|turn|7
|
|t:|1758951062
|switch|p1a: Hatterene|Hatterene, F|100/100
|move|p2a: Cybele|Knock Off|p1a: Hatterene
|-damage|p1a: Hatterene|72/100
|-enditem|p1a: Hatterene|Leftovers|[from] move: Knock Off|[of] p2a: Cybele
|
|upkeep
|turn|8
|
|t:|1758951074
|move|p2a: Cybele|Power Whip|p1a: Hatterene
|-damage|p1a: Hatterene|14/100
|move|p1a: Hatterene|Nuzzle|p2a: Cybele
|-resisted|p2a: Cybele
|-damage|p2a: Cybele|98/100
|-status|p2a: Cybele|par
|
|upkeep
|turn|9
|
|t:|1758951084
|move|p1a: Hatterene|Draining Kiss|p2a: Cybele
|-damage|p2a: Cybele|75/100 par
|-heal|p1a: Hatterene|33/100|[from] drain|[of] p2a: Cybele
|move|p2a: Cybele|Knock Off|p1a: Hatterene
|-damage|p1a: Hatterene|12/100
|
|upkeep
|turn|10
|
|t:|1758951091
|move|p1a: Hatterene|Draining Kiss|p2a: Cybele
|-damage|p2a: Cybele|52/100 par
|-heal|p1a: Hatterene|32/100|[from] drain|[of] p2a: Cybele
|cant|p2a: Cybele|par
|
|upkeep
|turn|11
|
|t:|1758951097
|move|p1a: Hatterene|Draining Kiss|p2a: Cybele
|-damage|p2a: Cybele|29/100 par
|-heal|p1a: Hatterene|50/100|[from] drain|[of] p2a: Cybele
|move|p2a: Cybele|Power Whip|p1a: Hatterene
|-damage|p1a: Hatterene|0 fnt
|faint|p1a: Hatterene
|
|upkeep
|
|t:|1758951109
|switch|p1a: Meowscarada|Meowscarada, F|100/100
|turn|12
|
|t:|1758951112
|move|p1a: Meowscarada|U-turn|p2a: Cybele
|-start|p1a: Meowscarada|typechange|Bug|[from] ability: Protean
|-supereffective|p2a: Cybele
|-damage|p2a: Cybele|0 fnt
|faint|p2a: Cybele
|
|t:|1758951119
|switch|p1a: Slither Wing|Slither Wing|100/100|[from] U-turn
|
|upkeep
|
|t:|1758951125
|switch|p2a: Soleia|Armarouge, F, shiny|100/100
|turn|13
|
|t:|1758951130
|move|p1a: Slither Wing|First Impression|p2a: Soleia
|-damage|p2a: Soleia|52/100
|-ability|p2a: Soleia|Weak Armor|boost
|-unboost|p2a: Soleia|def|1
|-boost|p2a: Soleia|spe|2
|move|p2a: Soleia|Armor Cannon|p1a: Slither Wing
|-supereffective|p1a: Slither Wing
|-damage|p1a: Slither Wing|2/100
|-unboost|p2a: Soleia|def|1
|-unboost|p2a: Soleia|spd|1
|
|upkeep
|turn|14
|
|t:|1758951144
|-end|p1a: Slither Wing|Protosynthesis|[silent]
|switch|p1a: Toxapex|Toxapex, M|47/100
|move|p2a: Soleia|Psychic|p1a: Toxapex
|-supereffective|p1a: Toxapex
|-damage|p1a: Toxapex|0 fnt
|faint|p1a: Toxapex
|
|upkeep
|
|t:|1758951153
|switch|p1a: Slither Wing|Slither Wing|2/100
|turn|15
|
|t:|1758951157
|move|p1a: Slither Wing|First Impression|p2a: Soleia
|-damage|p2a: Soleia|0 fnt
|faint|p2a: Soleia
|
|upkeep
|
|t:|1758951161
|switch|p2a: Megumi|Greninja, M, shiny|100/100
|turn|16
|
|t:|1758951175
|move|p2a: Megumi|Sludge Wave|p1a: Slither Wing
|-start|p2a: Megumi|typechange|Poison|[from] ability: Protean
|-damage|p1a: Slither Wing|0 fnt
|faint|p1a: Slither Wing
|-end|p1a: Slither Wing|Protosynthesis|[silent]
|-damage|p2a: Megumi|91/100|[from] item: Life Orb
|
|upkeep
|
|t:|1758951183
|switch|p1a: Great Tusk|Great Tusk|100/100
|turn|17
|
|t:|1758951187
|-terastallize|p1a: Great Tusk|Water
|move|p2a: Megumi|Ice Beam|p1a: Great Tusk
|-resisted|p1a: Great Tusk
|-crit|p1a: Great Tusk
|-damage|p1a: Great Tusk|64/100
|-damage|p2a: Megumi|81/100|[from] item: Life Orb
|move|p1a: Great Tusk|Headlong Rush|p2a: Megumi
|-supereffective|p2a: Megumi
|-damage|p2a: Megumi|0 fnt
|-unboost|p1a: Great Tusk|def|1
|-unboost|p1a: Great Tusk|spd|1
|faint|p2a: Megumi
|
|win|amaso420
|raw|amaso420's rating: 1197 &rarr; <strong>1222</strong><br />(+25 for winning)
|raw|CadenG18's rating: 1202 &rarr; <strong>1177</strong><br />(-25 for losing)
|l|☆CadenG18
|player|p2|
|l|☆amaso420
|player|p1|
|j|☆amaso420
|player|p1|amaso420|pokekid|
|l|☆amaso420
|player|p1|
