|j|☆jarrodbennett
|j|☆qaqkiller
|t:|1758932745
|gametype|singles
|player|p1|jarrodbennett|2|1531
|player|p2|qaqkiller|maid|1565
|gen|9
|tier|[Gen 9] OU
|rated|
|rule|HP Percentage Mod: HP is shown in percentages
|rule|Endless Battle Clause: Forcing endless battles is banned
|rule|Species Clause: Limit one of each Pokémon
|rule|OHKO Clause: OHKO moves are banned
|rule|Evasion Items Clause: Evasion items are banned
|rule|Evasion Moves Clause: Evasion moves are banned
|rule|Evasion Abilities Clause: Evasion abilities are banned
|rule|Sleep Moves Clause: Sleep-inducing moves are banned
|clearpoke
|poke|p1|Ribombee, F|
|poke|p1|Cinderace, F|
|poke|p1|Serperior, M|
|poke|p1|Hitmonlee, M|
|poke|p1|Empoleon, F|
|poke|p1|Kingambit, M|
|poke|p2|Darkrai|
|poke|p2|Gholdengo|
|poke|p2|Moltres|
|poke|p2|Garganacl, M|
|poke|p2|Great Tusk|
|poke|p2|Dragapult, M|
|teampreview
|inactive|Battle timer is ON: inactive players will automatically lose when time's up. (requested by qaqkiller)
|
|t:|1758932758
|teamsize|p1|6
|teamsize|p2|6
|start
|switch|p1a: Ya Like Jazz?|Ribombee, F|100/100
|switch|p2a: Gholdengo|Gholdengo|100/100
|-item|p2a: Gholdengo|Air Balloon
|turn|1
|
|t:|1758932770
|move|p1a: Ya Like Jazz?|Sticky Web|p2a: Gholdengo
|-sidestart|p2: qaqkiller|move: Sticky Web
|move|p2a: Gholdengo|Thunder Wave|p1a: Ya Like Jazz?
|-status|p1a: Ya Like Jazz?|par
|
|upkeep
|turn|2
|
|t:|1758932784
|move|p2a: Gholdengo|Hex|p1a: Ya Like Jazz?
|-enditem|p1a: Ya Like Jazz?|Focus Sash
|-damage|p1a: Ya Like Jazz?|1/100 par
|cant|p1a: Ya Like Jazz?|par
|
|upkeep
|turn|3
|
|t:|1758932791
|move|p2a: Gholdengo|Hex|p1a: Ya Like Jazz?
|-damage|p1a: Ya Like Jazz?|0 fnt
|faint|p1a: Ya Like Jazz?
|
|upkeep
|
|t:|1758932796
|switch|p1a: What's Up Doc?|Cinderace, F|100/100
|turn|4
|
|t:|1758932819
|switch|p2a: Moltres|Moltres|100/100
|move|p1a: What's Up Doc?|Pyro Ball|p2a: Moltres
|-resisted|p2a: Moltres
|-crit|p2a: Moltres
|-damage|p2a: Moltres|72/100
|
|upkeep
|turn|5
|
|t:|1758932842
|move|p1a: What's Up Doc?|Court Change|p1a: What's Up Doc?
|-start|p1a: What's Up Doc?|typechange|Normal|[from] ability: Libero
|-swapsideconditions
|-activate|p1a: What's Up Doc?|move: Court Change
|move|p2a: Moltres|Roost|p2a: Moltres
|-heal|p2a: Moltres|100/100
|-singleturn|p2a: Moltres|move: Roost
|
|upkeep
|turn|6
|
|t:|1758932862
|switch|p1a: Big Z|Empoleon, F|100/100
|-activate|p1a: Big Z|move: Sticky Web
|-unboost|p1a: Big Z|spe|1
|-ability|p1a: Big Z|Competitive|boost
|-boost|p1a: Big Z|spa|2
|move|p2a: Moltres|Air Slash|p1a: Big Z
|-resisted|p1a: Big Z
|-damage|p1a: Big Z|91/100
|
|upkeep
|turn|7
|inactive|jarrodbennett has 120 seconds left.
|
|t:|1758932887
|move|p2a: Moltres|U-turn|p1a: Big Z
|-resisted|p1a: Big Z
|-damage|p1a: Big Z|83/100
|
|t:|1758932905
|switch|p2a: Gholdengo|Gholdengo|100/100|[from] U-turn
|-item|p2a: Gholdengo|Air Balloon
|move|p1a: Big Z|Surf|p2a: Gholdengo
|-damage|p2a: Gholdengo|17/100
|-enditem|p2a: Gholdengo|Air Balloon
|
|upkeep
|turn|8
|inactive|jarrodbennett has 120 seconds left.
|
|t:|1758932919
|switch|p1a: What's Up Doc?|Cinderace, F|100/100
|move|p2a: Gholdengo|Thunder Wave|p1a: What's Up Doc?
|-status|p1a: What's Up Doc?|par
|
|upkeep
|turn|9
|inactive|qaqkiller has 120 seconds left.
|
|t:|1758932971
|-terastallize|p2a: Gholdengo|Fairy
|move|p2a: Gholdengo|Recover|p2a: Gholdengo
|-heal|p2a: Gholdengo|68/100
|move|p1a: What's Up Doc?|Pyro Ball|p2a: Gholdengo
|-damage|p2a: Gholdengo|25/100
|
|upkeep
|turn|10
|
|t:|1758932981
|move|p2a: Gholdengo|Recover|p2a: Gholdengo
|-heal|p2a: Gholdengo|76/100
|cant|p1a: What's Up Doc?|par
|
|upkeep
|turn|11
|
|t:|1758932986
|move|p2a: Gholdengo|Hex|p1a: What's Up Doc?
|-damage|p1a: What's Up Doc?|24/100 par
|move|p1a: What's Up Doc?|Pyro Ball|p2a: Gholdengo
|-damage|p2a: Gholdengo|33/100
|
|upkeep
|turn|12
|
|t:|1758932995
|move|p2a: Gholdengo|Recover|p2a: Gholdengo
|-heal|p2a: Gholdengo|84/100
|move|p1a: What's Up Doc?|Pyro Ball|p2a: Gholdengo|[miss]
|-miss|p1a: What's Up Doc?|p2a: Gholdengo
|
|upkeep
|turn|13
|
|t:|1758933001
|move|p2a: Gholdengo|Hex|p1a: What's Up Doc?
|-damage|p1a: What's Up Doc?|0 fnt
|faint|p1a: What's Up Doc?
|
|upkeep
|
|t:|1758933006
|switch|p1a: Slytherin|Serperior, M|100/100
|-activate|p1a: Slytherin|move: Sticky Web
|-boost|p1a: Slytherin|spe|1
|turn|14
|
|t:|1758933015
|switch|p2a: Moltres|Moltres|100/100
|move|p1a: Slytherin|Substitute|p1a: Slytherin
|-start|p1a: Slytherin|Substitute
|-damage|p1a: Slytherin|76/100
|
|upkeep
|turn|15
|
|t:|1758933024
|move|p1a: Slytherin|Leaf Storm|p2a: Moltres
|-resisted|p2a: Moltres
|-damage|p2a: Moltres|89/100
|-boost|p1a: Slytherin|spa|2
|move|p2a: Moltres|Flamethrower|p1a: Slytherin
|-supereffective|p1a: Slytherin
|-end|p1a: Slytherin|Substitute
|
|upkeep
|turn|16
|
|t:|1758933033
|move|p1a: Slytherin|Leaf Storm|p2a: Moltres
|-resisted|p2a: Moltres
|-damage|p2a: Moltres|67/100
|-boost|p1a: Slytherin|spa|2
|move|p2a: Moltres|Flamethrower|p1a: Slytherin
|-supereffective|p1a: Slytherin
|-damage|p1a: Slytherin|0 fnt
|faint|p1a: Slytherin
|
|upkeep
|
|t:|1758933042
|switch|p1a: Big Z|Empoleon, F|83/100
|-activate|p1a: Big Z|move: Sticky Web
|-unboost|p1a: Big Z|spe|1
|-ability|p1a: Big Z|Competitive|boost
|-boost|p1a: Big Z|spa|2
|turn|17
|
|t:|1758933054
|switch|p2a: Dragapult|Dragapult, M, shiny|100/100
|move|p1a: Big Z|Surf|p2a: Dragapult
|-resisted|p2a: Dragapult
|-damage|p2a: Dragapult|31/100
|
|upkeep
|turn|18
|
|t:|1758933066
|switch|p1a: Taking a Dump|Kingambit, M|100/100
|-activate|p1a: Taking a Dump|move: Sticky Web
|-unboost|p1a: Taking a Dump|spe|1
|-ability|p1a: Taking a Dump|Defiant|boost
|-boost|p1a: Taking a Dump|atk|2
|move|p2a: Dragapult|Hex|p1a: Taking a Dump
|-resisted|p1a: Taking a Dump
|-damage|p1a: Taking a Dump|88/100
|
|upkeep
|turn|19
|
|t:|1758933081
|move|p2a: Dragapult|Will-O-Wisp|p1a: Taking a Dump|[miss]
|-miss|p2a: Dragapult|p1a: Taking a Dump
|move|p1a: Taking a Dump|Kowtow Cleave|p2a: Dragapult
|-supereffective|p2a: Dragapult
|-damage|p2a: Dragapult|0 fnt
|faint|p2a: Dragapult
|
|upkeep
|
|t:|1758933094
|switch|p2a: Great Tusk|Great Tusk, shiny|100/100
|turn|20
|
|t:|1758933113
|-end|p2a: Great Tusk|Protosynthesis|[silent]
|switch|p2a: Moltres|Moltres|67/100
|-terastallize|p1a: Taking a Dump|Fairy
|move|p1a: Taking a Dump|Iron Head|p2a: Moltres
|-resisted|p2a: Moltres
|-damage|p2a: Moltres|35/100
|
|upkeep
|turn|21
|
|t:|1758933122
|move|p2a: Moltres|Roost|p2a: Moltres
|-heal|p2a: Moltres|85/100
|-singleturn|p2a: Moltres|move: Roost
|move|p1a: Taking a Dump|Kowtow Cleave|p2a: Moltres
|-damage|p2a: Moltres|12/100
|
|upkeep
|turn|22
|
|t:|1758933133
|move|p2a: Moltres|Flamethrower|p1a: Taking a Dump
|-damage|p1a: Taking a Dump|49/100
|move|p1a: Taking a Dump|Kowtow Cleave|p2a: Moltres
|-damage|p2a: Moltres|0 fnt
|-status|p1a: Taking a Dump|brn|[from] ability: Flame Body|[of] p2a: Moltres
|-enditem|p1a: Taking a Dump|Lum Berry|[eat]
|-curestatus|p1a: Taking a Dump|brn|[msg]
|faint|p2a: Moltres
|
|upkeep
|
|t:|1758933139
|switch|p2a: Gholdengo|Gholdengo, tera:Fairy|84/100
|turn|23
|
|t:|1758933147
|switch|p1a: Big Z|Empoleon, F|83/100
|-activate|p1a: Big Z|move: Sticky Web
|-unboost|p1a: Big Z|spe|1
|-ability|p1a: Big Z|Competitive|boost
|-boost|p1a: Big Z|spa|2
|move|p2a: Gholdengo|Make It Rain|p1a: Big Z
|-resisted|p1a: Big Z
|-damage|p1a: Big Z|76/100
|-unboost|p2a: Gholdengo|spa|1
|
|upkeep
|turn|24
|
|t:|1758933168
|switch|p2a: Darkrai|Darkrai, shiny|100/100
|move|p1a: Big Z|Flash Cannon|p2a: Darkrai
|-damage|p2a: Darkrai|0 fnt
|faint|p2a: Darkrai
|
|upkeep
|
|t:|1758933173
|switch|p2a: Great Tusk|Great Tusk, shiny|100/100
|turn|25
|
|t:|1758933178
|move|p2a: Great Tusk|Headlong Rush|p1a: Big Z
|-supereffective|p1a: Big Z
|-damage|p1a: Big Z|0 fnt
|-unboost|p2a: Great Tusk|def|1
|-unboost|p2a: Great Tusk|spd|1
|faint|p1a: Big Z
|
|upkeep
|
|t:|1758933192
|switch|p1a: Taking a Dump|Kingambit, M, tera:Fairy|49/100
|-activate|p1a: Taking a Dump|move: Sticky Web
|-unboost|p1a: Taking a Dump|spe|1
|-ability|p1a: Taking a Dump|Defiant|boost
|-boost|p1a: Taking a Dump|atk|2
|turn|26
|
|t:|1758933203
|move|p2a: Great Tusk|Headlong Rush|p1a: Taking a Dump
|-damage|p1a: Taking a Dump|4/100
|-unboost|p2a: Great Tusk|def|1
|-unboost|p2a: Great Tusk|spd|1
|move|p1a: Taking a Dump|Iron Head|p2a: Great Tusk
|-damage|p2a: Great Tusk|0 fnt
|faint|p2a: Great Tusk
|-end|p2a: Great Tusk|Protosynthesis|[silent]
|
|upkeep
|
|t:|1758933207
|switch|p2a: Gholdengo|Gholdengo, tera:Fairy|84/100
|turn|27
|
|t:|1758933214
|move|p1a: Taking a Dump|Sucker Punch|p2a: Gholdengo
|-resisted|p2a: Gholdengo
|-damage|p2a: Gholdengo|57/100
|move|p2a: Gholdengo|Hex|p1a: Taking a Dump
|-damage|p1a: Taking a Dump|0 fnt
|faint|p1a: Taking a Dump
|
|upkeep
|
|t:|1758933222
|switch|p1a: Kickin' Nugget|Hitmonlee, M|100/100
|-activate|p1a: Kickin' Nugget|move: Sticky Web
|-unboost|p1a: Kickin' Nugget|spe|1
|-enditem|p1a: Kickin' Nugget|White Herb
|-clearnegativeboost|p1a: Kickin' Nugget|[silent]
|turn|28
|
|t:|1758933229
|move|p1a: Kickin' Nugget|Swords Dance|p1a: Kickin' Nugget
|-boost|p1a: Kickin' Nugget|atk|2
|move|p2a: Gholdengo|Thunder Wave|p1a: Kickin' Nugget
|-status|p1a: Kickin' Nugget|par
|
|upkeep
|turn|29
|
|t:|1758933236
|move|p1a: Kickin' Nugget|Close Combat|p2a: Gholdengo
|-resisted|p2a: Gholdengo
|-damage|p2a: Gholdengo|9/100
|-unboost|p1a: Kickin' Nugget|def|1
|-unboost|p1a: Kickin' Nugget|spd|1
|move|p2a: Gholdengo|Hex|p1a: Kickin' Nugget
|-damage|p1a: Kickin' Nugget|0 fnt
|faint|p1a: Kickin' Nugget
|
|win|qaqkiller
|raw|jarrodbennett's rating: 1531 &rarr; <strong>1513</strong><br />(-18 for losing)
|raw|qaqkiller's rating: 1565 &rarr; <strong>1583</strong><br />(+18 for winning)
|l|☆jarrodbennett
|player|p1|
|l|☆qaqkiller
|player|p2|
