|j|☆DjGoat23
|j|☆Kineticmewtwo
|t:|1758947914
|gametype|singles
|player|p1|DjGoat23|burglar|1148
|player|p2|Kineticmewtwo|1|1122
|gen|9
|tier|[Gen 9] OU
|rated|
|rule|HP Percentage Mod: HP is shown in percentages
|rule|Endless Battle Clause: Forcing endless battles is banned
|rule|Species Clause: Limit one of each Pokémon
|rule|OHKO Clause: OHKO moves are banned
|rule|Evasion Items Clause: Evasion items are banned
|rule|Evasion Moves Clause: Evasion moves are banned
|rule|Evasion Abilities Clause: Evasion abilities are banned
|rule|Sleep Moves Clause: Sleep-inducing moves are banned
|clearpoke
|poke|p1|Samurott-Hisui, M|
|poke|p1|Krookodile, M|
|poke|p1|Braviary, M|
|poke|p1|Typhlosion, M|
|poke|p1|Tinkaton, F|
|poke|p1|Lycanroc-Midnight, M|
|poke|p2|Metagross|
|poke|p2|Kommo-o, M|
|poke|p2|Lilligant, F|
|poke|p2|Ninetales, F|
|poke|p2|Gyarados, F|
|poke|p2|Galvantula, F|
|teampreview
|
|t:|1758947927
|teamsize|p1|6
|teamsize|p2|6
|start
|switch|p1a: Liberty|Braviary, M, shiny|100/100
|switch|p2a: Galvantula|Galvantula, F|100/100
|turn|1
|
|t:|1758947944
|move|p2a: Galvantula|Sticky Web|p1a: Liberty
|-sidestart|p1: DjGoat23|move: Sticky Web
|move|p1a: Liberty|Brave Bird|p2a: Galvantula
|-enditem|p2a: Galvantula|Focus Sash
|-damage|p2a: Galvantula|1/100
|-damage|p1a: Liberty|74/100|[from] Recoil
|
|-status|p1a: Liberty|brn|[from] item: Flame Orb
|upkeep
|turn|2
|
|t:|1758947961
|move|p2a: Galvantula|Thunder|p1a: Liberty
|-supereffective|p1a: Liberty
|-damage|p1a: Liberty|0 fnt
|faint|p1a: Liberty
|
|upkeep
|
|t:|1758947966
|switch|p1a: Molotov|Typhlosion, M, shiny|100/100
|-activate|p1a: Molotov|move: Sticky Web
|-unboost|p1a: Molotov|spe|1
|turn|3
|
|t:|1758947971
|move|p2a: Galvantula|Thunder|p1a: Molotov
|-damage|p1a: Molotov|35/100
|move|p1a: Molotov|Flamethrower|p2a: Galvantula
|-supereffective|p2a: Galvantula
|-damage|p2a: Galvantula|0 fnt
|faint|p2a: Galvantula
|
|upkeep
|
|t:|1758947987
|switch|p2a: Gyarados|Gyarados, F|100/100
|-ability|p2a: Gyarados|Intimidate|boost
|-unboost|p1a: Molotov|atk|1
|turn|4
|
|t:|1758948010
|switch|p1a: Maid|Tinkaton, F, shiny|100/100
|-activate|p1a: Maid|move: Sticky Web
|-unboost|p1a: Maid|spe|1
|-ability|p1a: Maid|Mold Breaker
|move|p2a: Gyarados|Dragon Dance|p2a: Gyarados
|-boost|p2a: Gyarados|atk|1
|-boost|p2a: Gyarados|spe|1
|
|upkeep
|turn|5
|
|t:|1758948029
|move|p2a: Gyarados|Thunder Wave|p1a: Maid
|-status|p1a: Maid|par
|cant|p1a: Maid|par
|
|upkeep
|turn|6
|
|t:|1758948034
|move|p2a: Gyarados|Earthquake|p1a: Maid
|-supereffective|p1a: Maid
|-crit|p1a: Maid
|-damage|p1a: Maid|0 fnt
|faint|p1a: Maid
|
|upkeep
|
|t:|1758948056
|switch|p1a: Gatorade|Krookodile, M, shiny|100/100
|-activate|p1a: Gatorade|move: Sticky Web
|-unboost|p1a: Gatorade|spe|1
|turn|7
|
|t:|1758948062
|-terastallize|p1a: Gatorade|Flying
|move|p2a: Gyarados|Waterfall|p1a: Gatorade
|-damage|p1a: Gatorade|18/100
|move|p1a: Gatorade|Stone Edge|p2a: Gyarados
|-supereffective|p2a: Gyarados
|-damage|p2a: Gyarados|0 fnt
|faint|p2a: Gyarados
|-ability|p1a: Gatorade|Moxie|boost
|-boost|p1a: Gatorade|atk|1
|-damage|p1a: Gatorade|8/100|[from] item: Life Orb
|
|upkeep
|
|t:|1758948082
|switch|p2a: Ninetales|Ninetales, F|100/100
|-weather|SunnyDay|[from] ability: Drought|[of] p2a: Ninetales
|turn|8
|
|t:|1758948092
|move|p2a: Ninetales|Heat Wave|p1a: Gatorade
|-damage|p1a: Gatorade|0 fnt
|faint|p1a: Gatorade
|
|-weather|SunnyDay|[upkeep]
|upkeep
|
|t:|1758948100
|switch|p1a: Molotov|Typhlosion, M, shiny|35/100
|-activate|p1a: Molotov|move: Sticky Web
|-unboost|p1a: Molotov|spe|1
|turn|9
|
|t:|1758948115
|move|p1a: Molotov|Flamethrower|p2a: Ninetales
|-resisted|p2a: Ninetales
|-damage|p2a: Ninetales|80/100
|move|p2a: Ninetales|Heat Wave|p1a: Molotov
|-resisted|p1a: Molotov
|-damage|p1a: Molotov|7/100
|
|-weather|SunnyDay|[upkeep]
|upkeep
|turn|10
|
|t:|1758948126
|switch|p1a: Samurott|Samurott-Hisui, M, shiny|100/100
|-activate|p1a: Samurott|move: Sticky Web
|-unboost|p1a: Samurott|spe|1
|move|p2a: Ninetales|Heat Wave|p1a: Samurott
|-resisted|p1a: Samurott
|-damage|p1a: Samurott|69/100
|
|-weather|SunnyDay|[upkeep]
|upkeep
|turn|11
|
|t:|1758948135
|switch|p2a: Lilligant|Lilligant, F|100/100
|move|p1a: Samurott|Liquidation|p2a: Lilligant
|-resisted|p2a: Lilligant
|-damage|p2a: Lilligant|81/100
|-damage|p1a: Samurott|60/100|[from] item: Life Orb
|
|-weather|SunnyDay|[upkeep]
|upkeep
|turn|12
|
|t:|1758948165
|switch|p1a: Molotov|Typhlosion, M, shiny|7/100
|-activate|p1a: Molotov|move: Sticky Web
|-unboost|p1a: Molotov|spe|1
|-terastallize|p2a: Lilligant|Fairy
|move|p2a: Lilligant|Growth|p2a: Lilligant
|-boost|p2a: Lilligant|atk|2
|-boost|p2a: Lilligant|spa|2
|
|-weather|SunnyDay|[upkeep]
|upkeep
|turn|13
|
|t:|1758948180
|move|p2a: Lilligant|Solar Beam||[still]
|-prepare|p2a: Lilligant|Solar Beam
|-anim|p2a: Lilligant|Solar Beam|p1a: Molotov
|-resisted|p1a: Molotov
|-damage|p1a: Molotov|0 fnt
|faint|p1a: Molotov
|-damage|p2a: Lilligant|71/100|[from] item: Life Orb
|
|-weather|SunnyDay|[upkeep]
|upkeep
|
|t:|1758948198
|switch|p1a: Samurott|Samurott-Hisui, M, shiny|60/100
|-activate|p1a: Samurott|move: Sticky Web
|-unboost|p1a: Samurott|spe|1
|turn|14
|
|t:|1758948207
|move|p2a: Lilligant|Solar Beam||[still]
|-prepare|p2a: Lilligant|Solar Beam
|-anim|p2a: Lilligant|Solar Beam|p1a: Samurott
|-supereffective|p1a: Samurott
|-damage|p1a: Samurott|0 fnt
|faint|p1a: Samurott
|-damage|p2a: Lilligant|61/100|[from] item: Life Orb
|
|-weather|SunnyDay|[upkeep]
|upkeep
|
|t:|1758948214
|switch|p1a: Good Boy|Lycanroc-Midnight, M, shiny|100/100
|-activate|p1a: Good Boy|move: Sticky Web
|-unboost|p1a: Good Boy|spe|1
|turn|15
|
|t:|1758948224
|move|p1a: Good Boy|Sucker Punch|p2a: Lilligant
|-resisted|p2a: Lilligant
|-damage|p2a: Lilligant|43/100
|move|p2a: Lilligant|Solar Beam||[still]
|-prepare|p2a: Lilligant|Solar Beam
|-anim|p2a: Lilligant|Solar Beam|p1a: Good Boy
|-supereffective|p1a: Good Boy
|-enditem|p1a: Good Boy|Focus Sash
|-damage|p1a: Good Boy|1/100
|-damage|p2a: Lilligant|33/100|[from] item: Life Orb
|
|-weather|none
|upkeep
|turn|16
|
|t:|1758948237
|move|p2a: Lilligant|Alluring Voice|p1a: Good Boy
|-damage|p1a: Good Boy|0 fnt
|faint|p1a: Good Boy
|-damage|p2a: Lilligant|23/100|[from] item: Life Orb
|
|win|Kineticmewtwo
|raw|DjGoat23's rating: 1148 &rarr; <strong>1121</strong><br />(-27 for losing)
|raw|Kineticmewtwo's rating: 1122 &rarr; <strong>1149</strong><br />(+27 for winning)
|l|☆Kineticmewtwo
|player|p2|
|l|☆DjGoat23
|player|p1|
