|j|☆Swagataka
|j|☆Nikator98
|t:|1759077086
|gametype|singles
|player|p1|Swagataka|byron|1785
|player|p2|Nikator98|giovanni|1769
|gen|9
|tier|[Gen 9] OU
|rated|
|rule|HP Percentage Mod: HP is shown in percentages
|rule|Endless Battle Clause: Forcing endless battles is banned
|rule|Species Clause: Limit one of each Pokémon
|rule|OHKO Clause: OHKO moves are banned
|rule|Evasion Items Clause: Evasion items are banned
|rule|Evasion Moves Clause: Evasion moves are banned
|rule|Evasion Abilities Clause: Evasion abilities are banned
|rule|Sleep Moves Clause: Sleep-inducing moves are banned
|clearpoke
|poke|p1|Quaquaval, F|
|poke|p1|Pecharunt|
|poke|p1|Great Tusk|
|poke|p1|Iron Crown|
|poke|p1|Lokix, F|
|poke|p1|Kingambit, F|
|poke|p2|Metagross|
|poke|p2|Great Tusk|
|poke|p2|Haxorus, M|
|poke|p2|Iron Moth|
|poke|p2|Zoroark-Hisui, M|
|poke|p2|Ninetales-Alola, F|
|teampreview
|j| tapu moxo
|
|t:|1759077102
|teamsize|p1|6
|teamsize|p2|6
|start
|switch|p1a: Irönhead|Kingambit, F|100/100
|switch|p2a: Kumaryia|Great Tusk, shiny|100/100
|-item|p1a: Irönhead|Air Balloon
|turn|1
|
|t:|1759077126
|switch|p2a: Kumaryia|Great Tusk, shiny|100/100
|move|p1a: Irönhead|Sucker Punch||[still]
|-fail|p1a: Irönhead
|
|upkeep
|turn|2
|j| Rizzofreko
|
|t:|1759077136
|switch|p1a: Steely Don|Great Tusk|100/100
|move|p2a: Kumaryia|Knock Off|p1a: Steely Don
|-resisted|p1a: Steely Don
|-damage|p1a: Steely Don|88/100
|-enditem|p1a: Steely Don|Heavy-Duty Boots|[from] move: Knock Off|[of] p2a: Kumaryia
|
|upkeep
|turn|3
|
|t:|1759077143
|-end|p2a: Kumaryia|Protosynthesis|[silent]
|switch|p2a: Asfaloth|Ninetales-Alola, F, shiny|100/100
|-weather|Snowscape|[from] ability: Snow Warning|[of] p2a: Asfaloth
|move|p1a: Steely Don|Knock Off|p2a: Asfaloth
|-resisted|p2a: Asfaloth
|-damage|p2a: Asfaloth|87/100
|-enditem|p2a: Asfaloth|Light Clay|[from] move: Knock Off|[of] p1a: Steely Don
|
|-weather|Snowscape|[upkeep]
|upkeep
|turn|4
|
|t:|1759077152
|-end|p1a: Steely Don|Protosynthesis|[silent]
|switch|p1a: Irönhead|Kingambit, F|100/100
|-item|p1a: Irönhead|Air Balloon
|move|p2a: Asfaloth|Aurora Veil|p2a: Asfaloth
|-sidestart|p2: Nikator98|move: Aurora Veil
|
|-weather|Snowscape|[upkeep]
|upkeep
|turn|5
|
|t:|1759077159
|switch|p2a: Kumaryia|Great Tusk, shiny|100/100
|move|p1a: Irönhead|Stealth Rock|p2a: Kumaryia
|-sidestart|p2: Nikator98|move: Stealth Rock
|
|-weather|Snowscape|[upkeep]
|upkeep
|turn|6
|
|t:|1759077164
|move|p2a: Kumaryia|Knock Off|p1a: Irönhead
|-resisted|p1a: Irönhead
|-damage|p1a: Irönhead|88/100
|-enditem|p1a: Irönhead|Air Balloon
|move|p1a: Irönhead|Thief|p2a: Kumaryia
|-resisted|p2a: Kumaryia
|-damage|p2a: Kumaryia|95/100
|-enditem|p2a: Kumaryia|Heavy-Duty Boots|[silent]|[from] move: Thief|[of] p1a: Irönhead
|-item|p1a: Irönhead|Heavy-Duty Boots|[from] move: Thief|[of] p2a: Kumaryia
|
|-weather|Snowscape|[upkeep]
|upkeep
|turn|7
|
|t:|1759077174
|switch|p1a: Steely Don|Great Tusk|88/100
|move|p2a: Kumaryia|Headlong Rush|p1a: Steely Don
|-damage|p1a: Steely Don|38/100
|-unboost|p2a: Kumaryia|def|1
|-unboost|p2a: Kumaryia|spd|1
|
|-weather|none
|upkeep
|turn|8
|
|t:|1759077187
|move|p1a: Steely Don|Headlong Rush|p2a: Kumaryia
|-damage|p2a: Kumaryia|62/100
|-unboost|p1a: Steely Don|def|1
|-unboost|p1a: Steely Don|spd|1
|move|p2a: Kumaryia|Rapid Spin|p1a: Steely Don
|-damage|p1a: Steely Don|19/100
|-boost|p2a: Kumaryia|spe|1
|-sideend|p2: Nikator98|Stealth Rock|[from] move: Rapid Spin|[of] p2a: Kumaryia
|
|-sideend|p2: Nikator98|move: Aurora Veil
|upkeep
|turn|9
|
|t:|1759077196
|move|p2a: Kumaryia|Ice Spinner|p1a: Steely Don
|-supereffective|p1a: Steely Don
|-damage|p1a: Steely Don|0 fnt
|faint|p1a: Steely Don
|-end|p1a: Steely Don|Protosynthesis|[silent]
|
|upkeep
|l| Rizzofreko
|
|t:|1759077202
|switch|p1a: Quack Sabbath|Quaquaval, F|100/100
|turn|10
|
|t:|1759077215
|-end|p2a: Kumaryia|Protosynthesis|[silent]
|switch|p2a: Asfaloth|Ninetales-Alola, F, shiny|87/100
|-weather|Snowscape|[from] ability: Snow Warning|[of] p2a: Asfaloth
|move|p1a: Quack Sabbath|Aqua Step|p2a: Asfaloth
|-damage|p2a: Asfaloth|51/100
|-boost|p1a: Quack Sabbath|spe|1
|
|-weather|Snowscape|[upkeep]
|upkeep
|turn|11
|
|t:|1759077226
|move|p1a: Quack Sabbath|Close Combat|p2a: Asfaloth
|-damage|p2a: Asfaloth|4/100
|-unboost|p1a: Quack Sabbath|def|1
|-unboost|p1a: Quack Sabbath|spd|1
|move|p2a: Asfaloth|Moonblast|p1a: Quack Sabbath
|-supereffective|p1a: Quack Sabbath
|-damage|p1a: Quack Sabbath|0 fnt
|faint|p1a: Quack Sabbath
|
|-weather|Snowscape|[upkeep]
|upkeep
|
|t:|1759077231
|switch|p1a: Irönhead|Kingambit, F|88/100
|turn|12
|
|t:|1759077239
|move|p2a: Asfaloth|Aurora Veil|p2a: Asfaloth
|-sidestart|p2: Nikator98|move: Aurora Veil
|move|p1a: Irönhead|Stealth Rock|p2a: Asfaloth
|-sidestart|p2: Nikator98|move: Stealth Rock
|
|-weather|Snowscape|[upkeep]
|upkeep
|turn|13
|
|t:|1759077248
|switch|p2a: Kumaryia|Great Tusk, shiny|62/100
|-damage|p2a: Kumaryia|59/100|[from] Stealth Rock
|switch|p1a: Apacherunt|Pecharunt|100/100
|
|-weather|Snowscape|[upkeep]
|upkeep
|turn|14
|
|t:|1759077258
|-end|p2a: Kumaryia|Protosynthesis|[silent]
|switch|p2a: Arquillian Sentry|Metagross|100/100
|-damage|p2a: Arquillian Sentry|94/100|[from] Stealth Rock
|move|p1a: Apacherunt|Toxic|p2a: Arquillian Sentry
|-immune|p2a: Arquillian Sentry
|
|-weather|none
|upkeep
|turn|15
|
|t:|1759077265
|switch|p1a: System Of A Crown|Iron Crown|100/100
|move|p2a: Arquillian Sentry|Stealth Rock|p1a: System Of A Crown
|-sidestart|p1: Swagataka|move: Stealth Rock
|
|upkeep
|turn|16
|
|t:|1759077285
|move|p1a: System Of A Crown|Volt Switch|p2a: Arquillian Sentry
|-damage|p2a: Arquillian Sentry|76/100
|
|t:|1759077288
|-end|p1a: System Of A Crown|Quark Drive|[silent]
|switch|p1a: Apacherunt|Pecharunt|100/100|[from] Volt Switch
|move|p2a: Arquillian Sentry|Meteor Mash|p1a: Apacherunt|[miss]
|-miss|p2a: Arquillian Sentry|p1a: Apacherunt
|
|-sideend|p2: Nikator98|move: Aurora Veil
|upkeep
|turn|17
|j| tiochicodobos
|
|t:|1759077295
|move|p1a: Apacherunt|Shadow Ball|p2a: Arquillian Sentry
|-supereffective|p2a: Arquillian Sentry
|-damage|p2a: Arquillian Sentry|18/100
|move|p2a: Arquillian Sentry|Psychic Fangs|p1a: Apacherunt
|-supereffective|p1a: Apacherunt
|-damage|p1a: Apacherunt|52/100
|
|upkeep
|turn|18
|-enditem|p2a: Arquillian Sentry|Custap Berry|[eat]
|-activate|p2a: Arquillian Sentry|item: Custap Berry|[consumed]
|
|t:|1759077302
|move|p2a: Arquillian Sentry|Psychic Fangs|p1a: Apacherunt
|-supereffective|p1a: Apacherunt
|-damage|p1a: Apacherunt|4/100
|move|p1a: Apacherunt|Recover|p1a: Apacherunt
|-heal|p1a: Apacherunt|54/100
|
|upkeep
|turn|19
|
|t:|1759077312
|move|p1a: Apacherunt|Recover|p1a: Apacherunt
|-heal|p1a: Apacherunt|100/100
|move|p2a: Arquillian Sentry|Psychic Fangs|p1a: Apacherunt
|-supereffective|p1a: Apacherunt
|-damage|p1a: Apacherunt|49/100
|
|upkeep
|turn|20
|
|t:|1759077325
|move|p1a: Apacherunt|Shadow Ball|p2a: Arquillian Sentry
|-supereffective|p2a: Arquillian Sentry
|-damage|p2a: Arquillian Sentry|0 fnt
|faint|p2a: Arquillian Sentry
|
|upkeep
|
|t:|1759077330
|switch|p2a: Kumaryia|Great Tusk, shiny|100/100
|-damage|p2a: Kumaryia|88/100|[from] Stealth Rock
|turn|21
|
|t:|1759077334
|switch|p1a: Irönhead|Kingambit, F|88/100
|move|p2a: Kumaryia|Bitter Malice|p1a: Irönhead
|-resisted|p1a: Irönhead
|-damage|p1a: Irönhead|61/100
|-unboost|p1a: Irönhead|atk|1
|-ability|p1a: Irönhead|Defiant|boost
|-boost|p1a: Irönhead|atk|2
|
|upkeep
|turn|22
|
|t:|1759077354
|switch|p2a: Asfaloth|Ninetales-Alola, F, shiny|4/100
|-damage|p2a: Asfaloth|0 fnt|[from] Stealth Rock
|faint|p2a: Asfaloth
|move|p1a: Irönhead|Iron Head|p2: Asfaloth|[notarget]
|-fail|p1a: Irönhead
|
|upkeep
|
|t:|1759077361
|switch|p2a: Kumaryia|Great Tusk, shiny|59/100
|-damage|p2a: Kumaryia|56/100|[from] Stealth Rock
|turn|23
|l|☆Nikator98
|player|p2|
|
|t:|1759077381
|switch|p1a: Apacherunt|Pecharunt|49/100
|move|p2a: Kumaryia|Headlong Rush|p1a: Apacherunt
|-supereffective|p1a: Apacherunt
|-crit|p1a: Apacherunt
|-damage|p1a: Apacherunt|0 fnt
|-unboost|p2a: Kumaryia|def|1
|-unboost|p2a: Kumaryia|spd|1
|faint|p1a: Apacherunt
|
|upkeep
|
|t:|1759077382
|switch|p1a: System Of A Crown|Iron Crown|100/100
|-damage|p1a: System Of A Crown|94/100|[from] Stealth Rock
|turn|24
|j|☆Nikator98
|player|p2|Nikator98|giovanni|
|
|t:|1759077450
|-end|p2a: Kumaryia|Protosynthesis|[silent]
|switch|p2a: Lacelle|Haxorus, M|100/100
|-damage|p2a: Lacelle|88/100|[from] Stealth Rock
|-ability|p2a: Lacelle|Mold Breaker
|move|p1a: System Of A Crown|Psychic Noise|p2a: Lacelle
|-damage|p2a: Lacelle|6/100
|-start|p2a: Lacelle|move: Heal Block
|
|upkeep
|turn|25
|
|t:|1759077461
|move|p1a: System Of A Crown|Psychic Noise|p2a: Lacelle
|-crit|p2a: Lacelle
|-damage|p2a: Lacelle|0 fnt
|faint|p2a: Lacelle
|
|upkeep
|
|t:|1759077476
|switch|p2a: Kumaryia|Great Tusk, shiny|88/100
|-damage|p2a: Kumaryia|76/100|[from] Stealth Rock
|turn|26
|
|t:|1759077480
|-end|p1a: System Of A Crown|Quark Drive|[silent]
|switch|p1a: Irönhead|Kingambit, F|61/100
|move|p2a: Kumaryia|Flamethrower|p1a: Irönhead
|-supereffective|p1a: Irönhead
|-damage|p1a: Irönhead|0 fnt
|faint|p1a: Irönhead
|
|upkeep
|
|t:|1759077483
|switch|p1a: Knoc Party|Lokix, F|100/100
|-damage|p1a: Knoc Party|76/100|[from] Stealth Rock
|turn|27
|
|t:|1759077500
|move|p2a: Kumaryia|Flamethrower|p1a: Knoc Party
|-supereffective|p1a: Knoc Party
|-damage|p1a: Knoc Party|0 fnt
|faint|p1a: Knoc Party
|
|upkeep
|-message|Swagataka forfeited.
|
|win|Nikator98
|raw|Swagataka's rating: 1785 &rarr; <strong>1764</strong><br />(-21 for losing)
|raw|Nikator98's rating: 1769 &rarr; <strong>1790</strong><br />(+21 for winning)
|l|☆Swagataka
|player|p1|
|c|☆Nikator98|gg
