|j|☆Branden Kim Dokjaa
|j|☆EliteJay Xl
|t:|1759032477
|gametype|singles
|player|p1|Branden Kim Dokjaa|cynthia-masters3|1352
|player|p2|EliteJay Xl|101|1342
|gen|9
|tier|[Gen 9] OU
|rated|
|rule|HP Percentage Mod: HP is shown in percentages
|rule|Endless Battle Clause: Forcing endless battles is banned
|rule|Species Clause: Limit one of each Pokémon
|rule|OHKO Clause: OHKO moves are banned
|rule|Evasion Items Clause: Evasion items are banned
|rule|Evasion Moves Clause: Evasion moves are banned
|rule|Evasion Abilities Clause: Evasion abilities are banned
|rule|Sleep Moves Clause: Sleep-inducing moves are banned
|clearpoke
|poke|p1|Lycanroc-Dusk, M|
|poke|p1|Iron Crown|
|poke|p1|Great Tusk|
|poke|p1|Scizor, F|
|poke|p1|Dragonite, F|
|poke|p1|Iron Valiant|
|poke|p2|Excadrill, M|
|poke|p2|Incineroar, M|
|poke|p2|Volcanion|
|poke|p2|Zapdos-Galar|
|poke|p2|Latios, M|
|poke|p2|Chesnaught, M|
|teampreview
|inactive|Battle timer is ON: inactive players will automatically lose when time's up. (requested by Branden Kim Dokjaa)
|
|t:|1759032491
|teamsize|p1|6
|teamsize|p2|6
|start
|switch|p1a: Iron Crown|Iron Crown|100/100
|switch|p2a: Zapdos|Zapdos-Galar|100/100
|turn|1
|
|t:|1759032497
|move|p2a: Zapdos|Knock Off|p1a: Iron Crown
|-supereffective|p1a: Iron Crown
|-damage|p1a: Iron Crown|34/100
|-enditem|p1a: Iron Crown|Assault Vest|[from] move: Knock Off|[of] p2a: Zapdos
|move|p1a: Iron Crown|Psyshock|p2a: Zapdos
|-supereffective|p2a: Zapdos
|-damage|p2a: Zapdos|16/100
|
|upkeep
|turn|2
|
|t:|1759032515
|-end|p1a: Iron Crown|Quark Drive|[silent]
|switch|p1a: Great Tusk|Great Tusk|100/100
|move|p2a: Zapdos|Thunderous Kick|p1a: Great Tusk
|-damage|p1a: Great Tusk|74/100
|-unboost|p1a: Great Tusk|def|1
|
|upkeep
|turn|3
|
|t:|1759032523
|-end|p1a: Great Tusk|Protosynthesis|[silent]
|switch|p1a: Lycanroc|Lycanroc-Dusk, M|100/100
|move|p2a: Zapdos|Brave Bird|p1a: Lycanroc
|-resisted|p1a: Lycanroc
|-damage|p1a: Lycanroc|53/100
|-damage|p2a: Zapdos|1/100|[from] Recoil
|
|upkeep
|turn|4
|
|t:|1759032540
|switch|p2a: Chesnaught|Chesnaught, M|100/100
|move|p1a: Lycanroc|Close Combat|p2a: Chesnaught
|-damage|p2a: Chesnaught|56/100
|-unboost|p1a: Lycanroc|def|1
|-unboost|p1a: Lycanroc|spd|1
|
|-heal|p2a: Chesnaught|62/100|[from] item: Leftovers
|upkeep
|turn|5
|
|t:|1759032553
|switch|p1a: Dragonite|Dragonite, F|100/100
|move|p2a: Chesnaught|Body Press|p1a: Dragonite
|-resisted|p1a: Dragonite
|-damage|p1a: Dragonite|89/100
|
|-heal|p2a: Chesnaught|68/100|[from] item: Leftovers
|upkeep
|turn|6
|
|t:|1759032569
|switch|p2a: Latios|Latios, M, shiny|100/100
|move|p1a: Dragonite|Dragon Dance|p1a: Dragonite
|-boost|p1a: Dragonite|atk|1
|-boost|p1a: Dragonite|spe|1
|
|upkeep
|turn|7
|
|t:|1759032576
|switch|p1a: Iron Crown|Iron Crown|34/100
|move|p2a: Latios|Trick|p1a: Iron Crown
|-activate|p2a: Latios|move: Trick|[of] p1a: Iron Crown
|-item|p1a: Iron Crown|Choice Scarf|[from] move: Trick
|-enditem|p2a: Latios|Choice Scarf|[silent]|[from] move: Trick
|
|upkeep
|turn|8
|
|t:|1759032583
|move|p1a: Iron Crown|Future Sight|p2a: Latios
|-start|p1a: Iron Crown|move: Future Sight
|move|p2a: Latios|Trick|p1a: Iron Crown
|-activate|p2a: Latios|move: Trick|[of] p1a: Iron Crown
|-enditem|p1a: Iron Crown|Choice Scarf|[silent]|[from] move: Trick
|-item|p2a: Latios|Choice Scarf|[from] move: Trick
|
|upkeep
|turn|9
|
|t:|1759032587
|move|p2a: Latios|Thunderbolt|p1a: Iron Crown
|-damage|p1a: Iron Crown|7/100
|move|p1a: Iron Crown|Volt Switch|p2a: Latios
|-resisted|p2a: Latios
|-damage|p2a: Latios|90/100
|
|t:|1759032593
|-end|p1a: Iron Crown|Quark Drive|[silent]
|switch|p1a: Scizor|Scizor, F|100/100|[from] Volt Switch
|
|upkeep
|turn|10
|
|t:|1759032601
|switch|p2a: Incineroar|Incineroar, M|100/100
|-ability|p2a: Incineroar|Intimidate|boost
|-unboost|p1a: Scizor|atk|1
|move|p1a: Scizor|U-turn|p2a: Incineroar
|-damage|p2a: Incineroar|64/100
|
|t:|1759032609
|switch|p1a: Lycanroc|Lycanroc-Dusk, M|53/100|[from] U-turn
|
|-end|p2a: Incineroar|move: Future Sight
|-immune|p2a: Incineroar
|upkeep
|turn|11
|
|t:|1759032623
|switch|p2a: Zapdos|Zapdos-Galar|1/100
|move|p1a: Lycanroc|Close Combat|p2a: Zapdos
|-resisted|p2a: Zapdos
|-damage|p2a: Zapdos|0 fnt
|-unboost|p1a: Lycanroc|def|1
|-unboost|p1a: Lycanroc|spd|1
|faint|p2a: Zapdos
|
|upkeep
|
|t:|1759032628
|switch|p2a: Latios|Latios, M, shiny|90/100
|turn|12
|inactive|Branden Kim Dokjaa has 120 seconds left.
|
|t:|1759032667
|switch|p1a: Iron Crown|Iron Crown|7/100
|move|p2a: Latios|Luster Purge|p1a: Iron Crown
|-resisted|p1a: Iron Crown
|-damage|p1a: Iron Crown|0 fnt
|faint|p1a: Iron Crown
|-end|p1a: Iron Crown|Quark Drive|[silent]
|
|upkeep
|
|t:|1759032670
|switch|p1a: Scizor|Scizor, F|100/100
|turn|13
|inactive|EliteJay Xl has 120 seconds left.
|l|☆EliteJay Xl
|inactive|EliteJay Xl disconnected and has a minute to reconnect!
|player|p2|
|inactive|EliteJay Xl has 30 seconds to reconnect!
|inactive|EliteJay Xl has 20 seconds to reconnect!
|inactive|EliteJay Xl has 15 seconds to reconnect!
|inactive|EliteJay Xl has 10 seconds to reconnect!
|inactive|EliteJay Xl has 5 seconds to reconnect!
|-message|EliteJay Xl lost due to inactivity.
|
|win|Branden Kim Dokjaa
|raw|Branden Kim Dokjaa's rating: 1373 &rarr; <strong>1391</strong><br />(+18 for winning)
|raw|EliteJay Xl's rating: 1342 &rarr; <strong>1324</strong><br />(-18 for losing)
|l|☆Branden Kim Dokjaa
|player|p1|
