|j|☆sudout2
|j|☆Cdbdc
|t:|1759068323
|gametype|singles
|player|p1|sudout2|giovanni|1404
|player|p2|Cdbdc|fisherman-gen4|1393
|gen|9
|tier|[Gen 9] OU
|rated|
|rule|HP Percentage Mod: HP is shown in percentages
|rule|Endless Battle Clause: Forcing endless battles is banned
|rule|Species Clause: Limit one of each Pokémon
|rule|OHKO Clause: OHKO moves are banned
|rule|Evasion Items Clause: Evasion items are banned
|rule|Evasion Moves Clause: Evasion moves are banned
|rule|Evasion Abilities Clause: Evasion abilities are banned
|rule|Sleep Moves Clause: Sleep-inducing moves are banned
|clearpoke
|poke|p1|Garganacl, F|
|poke|p1|Iron Valiant|
|poke|p1|Toxapex, F|
|poke|p1|Ceruledge, M|
|poke|p1|Slowking-Galar, M|
|poke|p1|Great Tusk|
|poke|p2|Ninetales-Alola, M|
|poke|p2|Cetitan, F|
|poke|p2|Hatterene, F|
|poke|p2|Kyurem|
|poke|p2|Primarina, F|
|poke|p2|Glimmora, F|
|teampreview
|
|t:|1759068341
|teamsize|p1|6
|teamsize|p2|6
|start
|switch|p1a: Ceruledge|Ceruledge, M|100/100
|switch|p2a: Kyurem|Kyurem|100/100
|-ability|p2a: Kyurem|Pressure
|turn|1
|
|t:|1759068353
|move|p1a: Ceruledge|Swords Dance|p1a: Ceruledge
|-boost|p1a: Ceruledge|atk|2
|move|p2a: Kyurem|Earth Power|p1a: Ceruledge
|-supereffective|p1a: Ceruledge
|-enditem|p1a: Ceruledge|Focus Sash
|-damage|p1a: Ceruledge|1/100
|
|upkeep
|turn|2
|inactive|Battle timer is ON: inactive players will automatically lose when time's up. (requested by sudout2)
|
|t:|1759068392
|switch|p2a: Glimmora|Glimmora, F|100/100
|move|p1a: Ceruledge|Poltergeist|p2a: Glimmora
|-activate|p2a: Glimmora|move: Poltergeist|Focus Sash
|-enditem|p2a: Glimmora|Focus Sash
|-damage|p2a: Glimmora|1/100
|-activate|p2a: Glimmora|ability: Toxic Debris
|-sidestart|p1: sudout2|move: Toxic Spikes
|
|upkeep
|turn|3
|
|t:|1759068411
|move|p1a: Ceruledge|Shadow Sneak|p2a: Glimmora
|-damage|p2a: Glimmora|0 fnt
|-activate|p2a: Glimmora|ability: Toxic Debris
|-sidestart|p1: sudout2|move: Toxic Spikes
|faint|p2a: Glimmora
|
|upkeep
|
|t:|1759068420
|switch|p2a: Ninetales|Ninetales-Alola, M|100/100
|-weather|Snowscape|[from] ability: Snow Warning|[of] p2a: Ninetales
|turn|4
|
|t:|1759068433
|move|p2a: Ninetales|Blizzard|p1a: Ceruledge
|-resisted|p1a: Ceruledge
|-damage|p1a: Ceruledge|0 fnt
|faint|p1a: Ceruledge
|
|-weather|Snowscape|[upkeep]
|upkeep
|
|t:|1759068439
|switch|p1a: Slowking|Slowking-Galar, M|100/100
|-sideend|p1: sudout2|move: Toxic Spikes|[of] p1a: Slowking
|turn|5
|
|t:|1759068450
|move|p2a: Ninetales|Aurora Veil|p2a: Ninetales
|-sidestart|p2: Cdbdc|move: Aurora Veil
|move|p1a: Slowking|Calm Mind|p1a: Slowking
|-boost|p1a: Slowking|spa|1
|-boost|p1a: Slowking|spd|1
|
|-weather|Snowscape|[upkeep]
|upkeep
|turn|6
|
|t:|1759068461
|switch|p2a: Cetitan|Cetitan, F|100/100
|move|p1a: Slowking|Calm Mind|p1a: Slowking
|-boost|p1a: Slowking|spa|1
|-boost|p1a: Slowking|spd|1
|
|-weather|Snowscape|[upkeep]
|upkeep
|turn|7
|
|t:|1759068467
|move|p2a: Cetitan|Belly Drum|p2a: Cetitan
|-damage|p2a: Cetitan|51/100
|-setboost|p2a: Cetitan|atk|6|[from] move: Belly Drum
|move|p1a: Slowking|Iron Defense|p1a: Slowking
|-boost|p1a: Slowking|def|2
|
|-weather|Snowscape|[upkeep]
|upkeep
|turn|8
|
|t:|1759068471
|move|p2a: Cetitan|Earthquake|p1a: Slowking
|-supereffective|p1a: Slowking
|-damage|p1a: Slowking|0 fnt
|faint|p1a: Slowking
|
|-weather|Snowscape|[upkeep]
|upkeep
|
|t:|1759068489
|switch|p1a: Iron Valiant|Iron Valiant, shiny|100/100
|-enditem|p1a: Iron Valiant|Booster Energy
|-activate|p1a: Iron Valiant|ability: Quark Drive|[fromitem]
|-start|p1a: Iron Valiant|quarkdrivespe
|turn|9
|
|t:|1759068501
|-terastallize|p2a: Cetitan|Ice
|move|p2a: Cetitan|Ice Shard|p1a: Iron Valiant
|-damage|p1a: Iron Valiant|0 fnt
|faint|p1a: Iron Valiant
|-end|p1a: Iron Valiant|Quark Drive|[silent]
|
|-weather|Snowscape|[upkeep]
|-sideend|p2: Cdbdc|move: Aurora Veil
|upkeep
|
|t:|1759068509
|switch|p1a: Toxapex|Toxapex, F, shiny|100/100
|turn|10
|
|t:|1759068512
|move|p2a: Cetitan|Earthquake|p1a: Toxapex
|-supereffective|p1a: Toxapex
|-damage|p1a: Toxapex|0 fnt
|faint|p1a: Toxapex
|
|-weather|Snowscape|[upkeep]
|upkeep
|
|t:|1759068514
|switch|p1a: Garganacl|Garganacl, F, shiny|100/100
|turn|11
|
|t:|1759068519
|-terastallize|p1a: Garganacl|Flying
|move|p2a: Cetitan|Earthquake|p1a: Garganacl
|-immune|p1a: Garganacl
|move|p1a: Garganacl|Salt Cure|p2a: Cetitan
|-supereffective|p2a: Cetitan
|-damage|p2a: Cetitan|31/100
|-start|p2a: Cetitan|Salt Cure
|-enditem|p2a: Cetitan|Sitrus Berry|[eat]
|-heal|p2a: Cetitan|56/100|[from] item: Sitrus Berry
|
|-weather|none
|-damage|p2a: Cetitan|44/100|[from] Salt Cure
|upkeep
|turn|12
|
|t:|1759068528
|switch|p1a: Great Tusk|Great Tusk|100/100
|-enditem|p1a: Great Tusk|Booster Energy
|-activate|p1a: Great Tusk|ability: Protosynthesis|[fromitem]
|-start|p1a: Great Tusk|protosynthesisdef
|move|p2a: Cetitan|Ice Shard|p1a: Great Tusk
|-supereffective|p1a: Great Tusk
|-damage|p1a: Great Tusk|9/100
|
|-damage|p2a: Cetitan|31/100|[from] Salt Cure
|upkeep
|turn|13
|
|t:|1759068533
|move|p2a: Cetitan|Ice Shard|p1a: Great Tusk
|-supereffective|p1a: Great Tusk
|-damage|p1a: Great Tusk|0 fnt
|faint|p1a: Great Tusk
|-end|p1a: Great Tusk|Protosynthesis|[silent]
|
|-damage|p2a: Cetitan|19/100|[from] Salt Cure
|upkeep
|
|t:|1759068536
|switch|p1a: Garganacl|Garganacl, F, shiny, tera:Flying|100/100
|turn|14
|
|t:|1759068538
|move|p2a: Cetitan|Ice Shard|p1a: Garganacl
|-supereffective|p1a: Garganacl
|-damage|p1a: Garganacl|0 fnt
|faint|p1a: Garganacl
|
|win|Cdbdc
|raw|sudout2's rating: 1404 &rarr; <strong>1383</strong><br />(-21 for losing)
|raw|Cdbdc's rating: 1393 &rarr; <strong>1414</strong><br />(+21 for winning)
|l|☆Cdbdc
|player|p2|
|l|☆sudout2
|player|p1|
