|j|☆LairdyMate
|j|☆alfvaz
|t:|1759048804
|gametype|singles
|player|p1|LairdyMate|lance|1171
|player|p2|alfvaz|hiker-gen4|1203
|gen|9
|tier|[Gen 9] OU
|rated|
|rule|HP Percentage Mod: HP is shown in percentages
|rule|Endless Battle Clause: Forcing endless battles is banned
|rule|Species Clause: Limit one of each Pokémon
|rule|OHKO Clause: OHKO moves are banned
|rule|Evasion Items Clause: Evasion items are banned
|rule|Evasion Moves Clause: Evasion moves are banned
|rule|Evasion Abilities Clause: Evasion abilities are banned
|rule|Sleep Moves Clause: Sleep-inducing moves are banned
|clearpoke
|poke|p1|Dragonite, M|
|poke|p1|Gholdengo|
|poke|p1|Umbreon, M|
|poke|p1|Manaphy|
|poke|p1|Glimmora, M|
|poke|p1|Polteageist|
|poke|p2|Emboar, F|
|poke|p2|Deoxys-Speed|
|poke|p2|Electivire, F|
|poke|p2|Araquanid, M|
|poke|p2|Iron Treads|
|poke|p2|Gardevoir, F|
|teampreview
|
|t:|1759048823
|teamsize|p1|6
|teamsize|p2|6
|start
|switch|p1a: Polteageist|Polteageist, shiny|100/100
|switch|p2a: Electivire|Electivire, F|100/100
|turn|1
|
|t:|1759048841
|move|p2a: Electivire|Volt Switch|p1a: Polteageist
|-damage|p1a: Polteageist|71/100
|
|t:|1759048849
|switch|p2a: Emboar|Emboar, F, shiny|100/100|[from] Volt Switch
|move|p1a: Polteageist|Shell Smash|p1a: Polteageist
|-unboost|p1a: Polteageist|def|1
|-unboost|p1a: Polteageist|spd|1
|-boost|p1a: Polteageist|atk|2
|-boost|p1a: Polteageist|spa|2
|-boost|p1a: Polteageist|spe|2
|
|upkeep
|turn|2
|
|t:|1759048864
|move|p1a: Polteageist|Stored Power|p2a: Emboar
|-supereffective|p2a: Emboar
|-damage|p2a: Emboar|0 fnt
|faint|p2a: Emboar
|
|upkeep
|
|t:|1759048870
|switch|p2a: Araquanid|Araquanid, M, shiny|100/100
|turn|3
|
|t:|1759048880
|move|p1a: Polteageist|Stored Power|p2a: Araquanid
|-damage|p2a: Araquanid|20/100
|-enditem|p2a: Araquanid|Sitrus Berry|[eat]
|-heal|p2a: Araquanid|45/100|[from] item: Sitrus Berry
|move|p2a: Araquanid|Mirror Coat|p1a: Polteageist
|-damage|p1a: Polteageist|0 fnt
|faint|p1a: Polteageist
|
|upkeep
|
|t:|1759048896
|switch|p1a: Dragonite|Dragonite, M|100/100
|turn|4
|
|t:|1759048906
|switch|p2a: Iron Treads|Iron Treads|100/100
|move|p1a: Dragonite|Dragon Dance|p1a: Dragonite
|-boost|p1a: Dragonite|atk|1
|-boost|p1a: Dragonite|spe|1
|
|upkeep
|turn|5
|
|t:|1759048916
|move|p1a: Dragonite|Dragon Dance|p1a: Dragonite
|-boost|p1a: Dragonite|atk|1
|-boost|p1a: Dragonite|spe|1
|move|p2a: Iron Treads|Stealth Rock|p1a: Dragonite
|-sidestart|p1: LairdyMate|move: Stealth Rock
|
|upkeep
|turn|6
|
|t:|1759048924
|move|p1a: Dragonite|Dragon Dance|p1a: Dragonite
|-boost|p1a: Dragonite|atk|1
|-boost|p1a: Dragonite|spe|1
|move|p2a: Iron Treads|Volt Switch|p1a: Dragonite
|-damage|p1a: Dragonite|96/100
|
|t:|1759048929
|-end|p2a: Iron Treads|Quark Drive|[silent]
|switch|p2a: Electivire|Electivire, F|100/100|[from] Volt Switch
|
|upkeep
|turn|7
|
|t:|1759048935
|-terastallize|p2a: Electivire|Flying
|move|p1a: Dragonite|Earthquake|p2a: Electivire
|-immune|p2a: Electivire
|move|p2a: Electivire|Ice Punch|p1a: Dragonite
|-supereffective|p1a: Dragonite
|-damage|p1a: Dragonite|20/100
|-damage|p2a: Electivire|84/100|[from] item: Rocky Helmet|[of] p1a: Dragonite
|
|upkeep
|turn|8
|
|t:|1759048949
|-terastallize|p1a: Dragonite|Normal
|move|p1a: Dragonite|Extreme Speed|p2a: Electivire
|-damage|p2a: Electivire|0 fnt
|faint|p2a: Electivire
|
|upkeep
|
|t:|1759048960
|switch|p2a: Iron Treads|Iron Treads|100/100
|turn|9
|
|t:|1759048967
|move|p1a: Dragonite|Extreme Speed|p2a: Iron Treads
|-resisted|p2a: Iron Treads
|-damage|p2a: Iron Treads|65/100
|move|p2a: Iron Treads|Iron Head|p1a: Dragonite
|-damage|p1a: Dragonite|0 fnt
|-damage|p2a: Iron Treads|48/100|[from] item: Rocky Helmet|[of] p1a: Dragonite
|faint|p1a: Dragonite
|
|-heal|p2a: Iron Treads|54/100|[from] item: Leftovers
|upkeep
|
|t:|1759048977
|switch|p1a: Manaphy|Manaphy|100/100
|-damage|p1a: Manaphy|88/100|[from] Stealth Rock
|turn|10
|
|t:|1759048983
|move|p2a: Iron Treads|Volt Switch|p1a: Manaphy
|-supereffective|p1a: Manaphy
|-damage|p1a: Manaphy|68/100
|
|t:|1759049001
|-end|p2a: Iron Treads|Quark Drive|[silent]
|switch|p2a: Gardevoir|Gardevoir, F, shiny|100/100|[from] Volt Switch
|-ability|p2a: Gardevoir|Hydration|Trace|[from] ability: Trace|[of] p1a: Manaphy
|move|p1a: Manaphy|Scald|p2a: Gardevoir
|-damage|p2a: Gardevoir|76/100
|
|-heal|p1a: Manaphy|74/100|[from] item: Leftovers
|-heal|p2a: Gardevoir|82/100|[from] item: Leftovers
|upkeep
|turn|11
|
|t:|1759049014
|move|p1a: Manaphy|Take Heart|p1a: Manaphy
|-boost|p1a: Manaphy|spa|1
|-boost|p1a: Manaphy|spd|1
|move|p2a: Gardevoir|Future Sight|p1a: Manaphy
|-start|p2a: Gardevoir|move: Future Sight
|
|-heal|p1a: Manaphy|80/100|[from] item: Leftovers
|-heal|p2a: Gardevoir|88/100|[from] item: Leftovers
|upkeep
|turn|12
|
|t:|1759049023
|move|p1a: Manaphy|Take Heart|p1a: Manaphy
|-boost|p1a: Manaphy|spa|1
|-boost|p1a: Manaphy|spd|1
|move|p2a: Gardevoir|Wish|p2a: Gardevoir
|
|-heal|p1a: Manaphy|86/100|[from] item: Leftovers
|-heal|p2a: Gardevoir|94/100|[from] item: Leftovers
|upkeep
|turn|13
|
|t:|1759049042
|move|p1a: Manaphy|Acid Armor|p1a: Manaphy
|-boost|p1a: Manaphy|def|2
|move|p2a: Gardevoir|Teleport|p2a: Gardevoir
|
|t:|1759049056
|switch|p2a: Araquanid|Araquanid, M, shiny|45/100|[from] Teleport
|
|-end|p1a: Manaphy|move: Future Sight
|-damage|p1a: Manaphy|63/100
|-heal|p2a: Araquanid|95/100|[from] move: Wish|[wisher] Gardevoir
|-heal|p1a: Manaphy|69/100|[from] item: Leftovers
|upkeep
|turn|14
|
|t:|1759049066
|move|p1a: Manaphy|Take Heart|p1a: Manaphy
|-boost|p1a: Manaphy|spa|1
|-boost|p1a: Manaphy|spd|1
|move|p2a: Araquanid|Mirror Coat||[still]
|-fail|p2a: Araquanid
|
|-heal|p1a: Manaphy|75/100|[from] item: Leftovers
|upkeep
|turn|15
|inactive|Battle timer is ON: inactive players will automatically lose when time's up. (requested by LairdyMate)
|inactive|alfvaz has 120 seconds left.
|inactive|alfvaz has 90 seconds left.
|inactive|alfvaz has 60 seconds left.
|inactive|alfvaz has 30 seconds left.
|inactive|alfvaz has 20 seconds left.
|inactive|alfvaz has 15 seconds left.
|inactive|alfvaz has 10 seconds left.
|inactive|alfvaz has 5 seconds left.
|-message|alfvaz lost due to inactivity.
|
|win|LairdyMate
|raw|LairdyMate's rating: 1171 &rarr; <strong>1197</strong><br />(+26 for winning)
|raw|alfvaz's rating: 1186 &rarr; <strong>1160</strong><br />(-26 for losing)
