|j|☆mostlikelyty
|j|☆Vint4g3_
|t:|1758960540
|gametype|singles
|player|p1|mostlikelyty|1|1139
|player|p2|Vint4g3_|1|1121
|gen|9
|tier|[Gen 9] OU
|rated|
|rule|HP Percentage Mod: HP is shown in percentages
|rule|Endless Battle Clause: Forcing endless battles is banned
|rule|Species Clause: Limit one of each Pokémon
|rule|OHKO Clause: OHKO moves are banned
|rule|Evasion Items Clause: Evasion items are banned
|rule|Evasion Moves Clause: Evasion moves are banned
|rule|Evasion Abilities Clause: Evasion abilities are banned
|rule|Sleep Moves Clause: Sleep-inducing moves are banned
|clearpoke
|poke|p1|Oricorio-Sensu, M|
|poke|p1|Pelipper, F|
|poke|p1|Moltres-Galar|
|poke|p1|Dragonite, F|
|poke|p1|Cinderace, F|
|poke|p1|Barraskewda, F|
|poke|p2|Froslass, F|
|poke|p2|Darkrai|
|poke|p2|Landorus-Therian, M|
|poke|p2|Iron Valiant|
|poke|p2|Primarina, F|
|poke|p2|Iron Moth|
|teampreview
|
|t:|1758960565
|teamsize|p1|6
|teamsize|p2|6
|start
|switch|p1a: Tinkerbell|Oricorio-Sensu, M|100/100
|switch|p2a: Froslass|Froslass, F|100/100
|turn|1
|
|t:|1758960572
|move|p2a: Froslass|Taunt|p1a: Tinkerbell
|-start|p1a: Tinkerbell|move: Taunt
|cant|p1a: Tinkerbell|move: Taunt|Quiver Dance
|
|upkeep
|turn|2
|inactive|Battle timer is ON: inactive players will automatically lose when time's up. (requested by Vint4g3_)
|
|t:|1758960584
|move|p2a: Froslass|Spikes|p1a: Tinkerbell
|-sidestart|p1: mostlikelyty|Spikes
|move|p1a: Tinkerbell|Icy Wind|p2a: Froslass
|-resisted|p2a: Froslass
|-damage|p2a: Froslass|87/100
|-unboost|p2a: Froslass|spe|1
|
|upkeep
|turn|3
|
|t:|1758960593
|switch|p1a: Cinderace|Cinderace, F|100/100
|-damage|p1a: Cinderace|88/100|[from] Spikes
|move|p2a: Froslass|Spikes|p1a: Cinderace
|-sidestart|p1: mostlikelyty|Spikes
|
|upkeep
|turn|4
|
|t:|1758960604
|move|p1a: Cinderace|Bulk Up|p1a: Cinderace
|-boost|p1a: Cinderace|atk|1
|-boost|p1a: Cinderace|def|1
|move|p2a: Froslass|Spikes|p1a: Cinderace
|-sidestart|p1: mostlikelyty|Spikes
|
|upkeep
|turn|5
|
|t:|1758960615
|move|p1a: Cinderace|Pyro Ball|p2a: Froslass
|-supereffective|p2a: Froslass
|-damage|p2a: Froslass|0 fnt
|-start|p1a: Cinderace|Disable|Pyro Ball|[from] ability: Cursed Body|[of] p2a: Froslass
|faint|p2a: Froslass
|
|upkeep
|
|t:|1758960618
|switch|p2a: Landorus|Landorus-Therian, M|100/100
|-ability|p2a: Landorus|Intimidate|boost
|-unboost|p1a: Cinderace|atk|1
|turn|6
|
|t:|1758960623
|move|p1a: Cinderace|Court Change|p1a: Cinderace
|-swapsideconditions
|-activate|p1a: Cinderace|move: Court Change
|move|p2a: Landorus|Earthquake|p1a: Cinderace
|-supereffective|p1a: Cinderace
|-damage|p1a: Cinderace|0 fnt
|faint|p1a: Cinderace
|
|upkeep
|
|t:|1758960630
|switch|p1a: Tinkerbell|Oricorio-Sensu, M|100/100
|turn|7
|
|t:|1758960646
|move|p2a: Landorus|Stealth Rock|p1a: Tinkerbell
|-sidestart|p1: mostlikelyty|move: Stealth Rock
|move|p1a: Tinkerbell|Quiver Dance|p1a: Tinkerbell
|-boost|p1a: Tinkerbell|spa|1
|-boost|p1a: Tinkerbell|spd|1
|-boost|p1a: Tinkerbell|spe|1
|
|upkeep
|turn|8
|inactive|Vint4g3_ has 120 seconds left.
|inactive|Vint4g3_ has 90 seconds left.
|c|☆mostlikelyty|Wha
|
|t:|1758960729
|move|p1a: Tinkerbell|Quiver Dance|p1a: Tinkerbell
|-boost|p1a: Tinkerbell|spa|1
|-boost|p1a: Tinkerbell|spd|1
|-boost|p1a: Tinkerbell|spe|1
|move|p2a: Landorus|Tera Blast|p1a: Tinkerbell
|-immune|p1a: Tinkerbell
|
|upkeep
|turn|9
|inactive|Vint4g3_ has 60 seconds left.
|
|t:|1758960746
|switch|p2a: Primarina|Primarina, F|100/100
|move|p1a: Tinkerbell|Quiver Dance|p1a: Tinkerbell
|-boost|p1a: Tinkerbell|spa|1
|-boost|p1a: Tinkerbell|spd|1
|-boost|p1a: Tinkerbell|spe|1
|
|upkeep
|turn|10
|
|t:|1758960763
|move|p1a: Tinkerbell|Quiver Dance|p1a: Tinkerbell
|-boost|p1a: Tinkerbell|spa|1
|-boost|p1a: Tinkerbell|spd|1
|-boost|p1a: Tinkerbell|spe|1
|move|p2a: Primarina|Ice Beam|p1a: Tinkerbell
|-supereffective|p1a: Tinkerbell
|-damage|p1a: Tinkerbell|54/100
|
|upkeep
|turn|11
|
|t:|1758960773
|move|p1a: Tinkerbell|Quiver Dance|p1a: Tinkerbell
|-boost|p1a: Tinkerbell|spa|1
|-boost|p1a: Tinkerbell|spd|1
|-boost|p1a: Tinkerbell|spe|1
|move|p2a: Primarina|Ice Beam|p1a: Tinkerbell
|-supereffective|p1a: Tinkerbell
|-damage|p1a: Tinkerbell|15/100
|
|upkeep
|turn|12
|
|t:|1758960787
|-terastallize|p1a: Tinkerbell|Fairy
|move|p1a: Tinkerbell|Revelation Dance|p2a: Primarina
|-damage|p2a: Primarina|0 fnt
|faint|p2a: Primarina
|
|upkeep
|inactive|Vint4g3_ has 60 seconds left.
|
|t:|1758960808
|switch|p2a: Darkrai|Darkrai|100/100
|turn|13
|inactive|Vint4g3_ has 60 seconds left.
|
|t:|1758960823
|move|p1a: Tinkerbell|Revelation Dance|p2a: Darkrai
|-supereffective|p2a: Darkrai
|-damage|p2a: Darkrai|0 fnt
|faint|p2a: Darkrai
|
|upkeep
|
|t:|1758960832
|switch|p2a: Iron Moth|Iron Moth|100/100
|-damage|p2a: Iron Moth|75/100|[from] Spikes
|-enditem|p2a: Iron Moth|Booster Energy
|-activate|p2a: Iron Moth|ability: Quark Drive|[fromitem]
|-start|p2a: Iron Moth|quarkdrivespe
|turn|14
|
|t:|1758960852
|move|p1a: Tinkerbell|Revelation Dance|p2a: Iron Moth
|-resisted|p2a: Iron Moth
|-damage|p2a: Iron Moth|40/100
|move|p2a: Iron Moth|Sludge Wave|p1a: Tinkerbell
|-supereffective|p1a: Tinkerbell
|-damage|p1a: Tinkerbell|0 fnt
|faint|p1a: Tinkerbell
|
|upkeep
|
|t:|1758960861
|switch|p1a: Evergreen!l|Dragonite, F, shiny|100/100
|-damage|p1a: Evergreen!l|76/100|[from] Stealth Rock
|turn|15
|
|t:|1758960872
|move|p2a: Iron Moth|Fiery Dance|p1a: Evergreen!l
|-resisted|p1a: Evergreen!l
|-damage|p1a: Evergreen!l|63/100
|-boost|p2a: Iron Moth|spa|1
|move|p1a: Evergreen!l|Earthquake|p2a: Iron Moth
|-supereffective|p2a: Iron Moth
|-damage|p2a: Iron Moth|0 fnt
|faint|p2a: Iron Moth
|-end|p2a: Iron Moth|Quark Drive|[silent]
|
|upkeep
|
|t:|1758960877
|switch|p2a: Iron Valiant|Iron Valiant|100/100
|-damage|p2a: Iron Valiant|76/100|[from] Spikes
|-enditem|p2a: Iron Valiant|Booster Energy
|-activate|p2a: Iron Valiant|ability: Quark Drive|[fromitem]
|-start|p2a: Iron Valiant|quarkdrivespe
|turn|16
|
|t:|1758960889
|move|p2a: Iron Valiant|Moonblast|p1a: Evergreen!l
|-supereffective|p1a: Evergreen!l
|-damage|p1a: Evergreen!l|11/100
|move|p1a: Evergreen!l|Earthquake|p2a: Iron Valiant
|-damage|p2a: Iron Valiant|26/100
|
|upkeep
|turn|17
|
|t:|1758960892
|move|p1a: Evergreen!l|Extreme Speed|p2a: Iron Valiant
|-damage|p2a: Iron Valiant|0 fnt
|faint|p2a: Iron Valiant
|-end|p2a: Iron Valiant|Quark Drive|[silent]
|
|upkeep
|
|t:|1758960894
|switch|p2a: Landorus|Landorus-Therian, M|100/100
|-ability|p2a: Landorus|Intimidate|boost
|-unboost|p1a: Evergreen!l|atk|1
|turn|18
|
|t:|1758960905
|-terastallize|p2a: Landorus|Grass
|move|p2a: Landorus|Tera Blast|p1a: Evergreen!l|[anim] Tera Blast Grass
|-resisted|p1a: Evergreen!l
|-damage|p1a: Evergreen!l|1/100
|move|p1a: Evergreen!l|Waterfall|p2a: Landorus
|-resisted|p2a: Landorus
|-damage|p2a: Landorus|89/100
|
|-heal|p2a: Landorus|95/100|[from] item: Leftovers
|upkeep
|turn|19
|
|t:|1758960915
|move|p1a: Evergreen!l|Extreme Speed|p2a: Landorus
|-crit|p2a: Landorus
|-damage|p2a: Landorus|43/100
|move|p2a: Landorus|Tera Blast|p1a: Evergreen!l|[anim] Tera Blast Grass
|-resisted|p1a: Evergreen!l
|-damage|p1a: Evergreen!l|0 fnt
|faint|p1a: Evergreen!l
|
|-heal|p2a: Landorus|49/100|[from] item: Leftovers
|upkeep
|
|t:|1758960920
|switch|p1a: Pelipper|Pelipper, F|100/100
|-damage|p1a: Pelipper|76/100|[from] Stealth Rock
|-weather|RainDance|[from] ability: Drizzle|[of] p1a: Pelipper
|turn|20
|
|t:|1758960926
|move|p2a: Landorus|Tera Blast|p1a: Pelipper|[anim] Tera Blast Grass
|-damage|p1a: Pelipper|19/100
|move|p1a: Pelipper|Ice Beam|p2a: Landorus
|-supereffective|p2a: Landorus
|-damage|p2a: Landorus|0 fnt
|faint|p2a: Landorus
|
|win|mostlikelyty
|raw|mostlikelyty's rating: 1139 &rarr; <strong>1163</strong><br />(+24 for winning)
|raw|Vint4g3_'s rating: 1121 &rarr; <strong>1097</strong><br />(-24 for losing)
|l|☆Vint4g3_
|player|p2|
|c|☆mostlikelyty|Gg
|l|☆mostlikelyty
|player|p1|
