|j|☆Acuamen
|j|☆LychuuDoesShowdown
|t:|1759015555
|gametype|singles
|player|p1|Acuamen|1|1156
|player|p2|LychuuDoesShowdown|101|1201
|gen|9
|tier|[Gen 9] OU
|rated|
|rule|HP Percentage Mod: HP is shown in percentages
|rule|Endless Battle Clause: Forcing endless battles is banned
|rule|Species Clause: Limit one of each Pokémon
|rule|OHKO Clause: OHKO moves are banned
|rule|Evasion Items Clause: Evasion items are banned
|rule|Evasion Moves Clause: Evasion moves are banned
|rule|Evasion Abilities Clause: Evasion abilities are banned
|rule|Sleep Moves Clause: Sleep-inducing moves are banned
|clearpoke
|poke|p1|Iron Treads|
|poke|p1|Flareon, M|
|poke|p1|Rotom-Wash|
|poke|p1|Lycanroc-Dusk, F|
|poke|p1|Dragapult, M|
|poke|p1|Skarmory, M|
|poke|p2|Pecharunt|
|poke|p2|Iron Treads|
|poke|p2|Rillaboom, M|
|poke|p2|Hawlucha, F|
|poke|p2|Kyurem|
|poke|p2|Mew|
|teampreview
|inactive|Battle timer is ON: inactive players will automatically lose when time's up. (requested by Acuamen)
|c|☆LychuuDoesShowdown|glhf
|inactive|Acuamen has 120 seconds left.
|c|☆Acuamen|2you
|
|t:|1759015605
|teamsize|p1|6
|teamsize|p2|6
|start
|switch|p1a: Rotom|Rotom-Wash, shiny|100/100
|switch|p2a: Mew|Mew|100/100
|turn|1
|c|☆LychuuDoesShowdown|honestly this team has gotten me this far hey
|
|t:|1759015623
|move|p1a: Rotom|Will-O-Wisp|p2a: Mew|[miss]
|-miss|p1a: Rotom|p2a: Mew
|move|p2a: Mew|Encore|p1a: Rotom
|-start|p1a: Rotom|Encore
|
|upkeep
|turn|2
|
|t:|1759015634
|switch|p1a: Skarmory|Skarmory, M|100/100
|move|p2a: Mew|Knock Off|p1a: Skarmory
|-damage|p1a: Skarmory|80/100
|-enditem|p1a: Skarmory|Custap Berry|[from] move: Knock Off|[of] p2a: Mew
|
|upkeep
|turn|3
|
|t:|1759015642
|move|p1a: Skarmory|Stealth Rock|p2a: Mew
|-sidestart|p2: LychuuDoesShowdown|move: Stealth Rock
|move|p2a: Mew|Spikes|p1a: Skarmory
|-sidestart|p1: Acuamen|Spikes
|
|upkeep
|turn|4
|
|t:|1759015647
|move|p1a: Skarmory|Swords Dance|p1a: Skarmory
|-boost|p1a: Skarmory|atk|2
|move|p2a: Mew|Encore|p1a: Skarmory
|-start|p1a: Skarmory|Encore
|
|upkeep
|turn|5
|
|t:|1759015656
|switch|p1a: Iron Treads|Iron Treads|100/100
|-damage|p1a: Iron Treads|88/100|[from] Spikes
|move|p2a: Mew|Spikes|p1a: Iron Treads
|-sidestart|p1: Acuamen|Spikes
|
|upkeep
|turn|6
|
|t:|1759015662
|switch|p2a: Pecharunt|Pecharunt|100/100
|-damage|p2a: Pecharunt|88/100|[from] Stealth Rock
|move|p1a: Iron Treads|Rapid Spin|p2a: Pecharunt
|-immune|p2a: Pecharunt
|
|-heal|p2a: Pecharunt|94/100|[from] item: Leftovers
|upkeep
|turn|7
|
|t:|1759015674
|switch|p2a: Hawlucha|Hawlucha, F, shiny|100/100
|-damage|p2a: Hawlucha|88/100|[from] Stealth Rock
|move|p1a: Iron Treads|Earthquake|p2a: Hawlucha
|-immune|p2a: Hawlucha
|
|upkeep
|turn|8
|
|t:|1759015681
|move|p1a: Iron Treads|Rapid Spin|p2a: Hawlucha
|-damage|p2a: Hawlucha|67/100
|-boost|p1a: Iron Treads|spe|1
|-sideend|p1: Acuamen|Spikes|[from] move: Rapid Spin|[of] p1a: Iron Treads
|move|p2a: Hawlucha|Close Combat|p1a: Iron Treads
|-supereffective|p1a: Iron Treads
|-damage|p1a: Iron Treads|0 fnt
|-unboost|p2a: Hawlucha|def|1
|-unboost|p2a: Hawlucha|spd|1
|faint|p1a: Iron Treads
|-end|p1a: Iron Treads|Quark Drive|[silent]
|
|upkeep
|
|t:|1759015691
|switch|p1a: Flareon|Flareon, M, shiny|100/100
|turn|9
|
|t:|1759015697
|switch|p2a: Mew|Mew|100/100
|-damage|p2a: Mew|88/100|[from] Stealth Rock
|move|p1a: Flareon|Facade|p2a: Mew
|-damage|p2a: Mew|72/100
|
|-heal|p2a: Mew|78/100|[from] item: Leftovers
|-status|p1a: Flareon|tox|[from] item: Toxic Orb
|upkeep
|turn|10
|
|t:|1759015709
|-terastallize|p1a: Flareon|Normal
|move|p1a: Flareon|Facade|p2a: Mew
|-damage|p2a: Mew|10/100
|move|p2a: Mew|Encore|p1a: Flareon
|-start|p1a: Flareon|Encore
|
|-heal|p2a: Mew|16/100|[from] item: Leftovers
|-damage|p1a: Flareon|95/100 tox|[from] psn
|upkeep
|turn|11
|
|t:|1759015721
|switch|p1a: Lycanroc|Lycanroc-Dusk, F, shiny|100/100
|switch|p2a: Pecharunt|Pecharunt|94/100
|-damage|p2a: Pecharunt|82/100|[from] Stealth Rock
|
|-heal|p2a: Pecharunt|88/100|[from] item: Leftovers
|upkeep
|turn|12
|
|t:|1759015730
|move|p1a: Lycanroc|Stone Edge|p2a: Pecharunt
|-damage|p2a: Pecharunt|55/100
|-damage|p1a: Lycanroc|91/100|[from] item: Life Orb
|move|p2a: Pecharunt|Parting Shot|p1a: Lycanroc
|-unboost|p1a: Lycanroc|atk|1
|-unboost|p1a: Lycanroc|spa|1
|
|t:|1759015736
|switch|p2a: Rillaboom|Rillaboom, M|100/100|[from] Parting Shot
|-damage|p2a: Rillaboom|88/100|[from] Stealth Rock
|-fieldstart|move: Grassy Terrain|[from] ability: Grassy Surge|[of] p2a: Rillaboom
|
|-heal|p1a: Lycanroc|97/100|[from] Grassy Terrain
|-heal|p2a: Rillaboom|94/100|[from] Grassy Terrain
|upkeep
|turn|13
|
|t:|1759015744
|switch|p1a: Flareon|Flareon, M, shiny, tera:Normal|95/100 tox
|move|p2a: Rillaboom|U-turn|p1a: Flareon
|-damage|p1a: Flareon|42/100 tox
|
|t:|1759015748
|switch|p2a: Hawlucha|Hawlucha, F, shiny|67/100|[from] U-turn
|-damage|p2a: Hawlucha|55/100|[from] Stealth Rock
|-enditem|p2a: Hawlucha|Grassy Seed
|-boost|p2a: Hawlucha|def|1|[from] item: Grassy Seed
|
|-heal|p1a: Flareon|48/100 tox|[from] Grassy Terrain
|-damage|p1a: Flareon|42/100 tox|[from] psn
|upkeep
|turn|14
|
|t:|1759015759
|switch|p1a: Skarmory|Skarmory, M|80/100
|-terastallize|p2a: Hawlucha|Ground
|move|p2a: Hawlucha|Tera Blast|p1a: Skarmory|[anim] Tera Blast Ground
|-immune|p1a: Skarmory
|
|-heal|p2a: Hawlucha|61/100|[from] Grassy Terrain
|upkeep
|turn|15
|
|t:|1759015771
|move|p2a: Hawlucha|Swords Dance|p2a: Hawlucha
|-boost|p2a: Hawlucha|atk|2
|move|p1a: Skarmory|Brave Bird|p2a: Hawlucha
|-damage|p2a: Hawlucha|14/100
|-damage|p1a: Skarmory|62/100|[from] Recoil
|
|-heal|p2a: Hawlucha|20/100|[from] Grassy Terrain
|upkeep
|turn|16
|
|t:|1759015778
|move|p2a: Hawlucha|Close Combat|p1a: Skarmory
|-damage|p1a: Skarmory|0 fnt
|-unboost|p2a: Hawlucha|def|1
|-unboost|p2a: Hawlucha|spd|1
|faint|p1a: Skarmory
|
|-heal|p2a: Hawlucha|26/100|[from] Grassy Terrain
|-fieldend|move: Grassy Terrain
|upkeep
|
|t:|1759015786
|switch|p1a: Flareon|Flareon, M, shiny, tera:Normal|42/100 tox
|turn|17
|
|t:|1759015789
|move|p1a: Flareon|Quick Attack|p2a: Hawlucha
|-damage|p2a: Hawlucha|0 fnt
|faint|p2a: Hawlucha
|
|-damage|p1a: Flareon|36/100 tox|[from] psn
|upkeep
|
|t:|1759015792
|switch|p2a: Rillaboom|Rillaboom, M|94/100
|-damage|p2a: Rillaboom|82/100|[from] Stealth Rock
|-fieldstart|move: Grassy Terrain|[from] ability: Grassy Surge|[of] p2a: Rillaboom
|turn|18
|
|t:|1759015799
|switch|p1a: Dragapult|Dragapult, M|100/100
|move|p2a: Rillaboom|Grassy Glide|p1a: Dragapult
|-resisted|p1a: Dragapult
|-damage|p1a: Dragapult|75/100
|
|-heal|p1a: Dragapult|81/100|[from] Grassy Terrain
|-heal|p2a: Rillaboom|88/100|[from] Grassy Terrain
|upkeep
|turn|19
|
|t:|1759015808
|switch|p2a: Mew|Mew|16/100
|-damage|p2a: Mew|4/100|[from] Stealth Rock
|move|p1a: Dragapult|Fire Blast|p2a: Mew|[miss]
|-miss|p1a: Dragapult|p2a: Mew
|
|-heal|p1a: Dragapult|87/100|[from] Grassy Terrain
|-heal|p2a: Mew|10/100|[from] Grassy Terrain
|-heal|p2a: Mew|16/100|[from] item: Leftovers
|upkeep
|turn|20
|
|t:|1759015819
|move|p1a: Dragapult|Fire Blast|p2a: Mew
|-damage|p2a: Mew|0 fnt
|faint|p2a: Mew
|
|-heal|p1a: Dragapult|93/100|[from] Grassy Terrain
|upkeep
|
|t:|1759015822
|switch|p2a: Kyurem|Kyurem|100/100
|-damage|p2a: Kyurem|76/100|[from] Stealth Rock
|-ability|p2a: Kyurem|Pressure
|turn|21
|
|t:|1759015829
|switch|p1a: Rotom|Rotom-Wash, shiny|100/100
|move|p2a: Kyurem|Dragon Dance|p2a: Kyurem
|-boost|p2a: Kyurem|atk|1
|-boost|p2a: Kyurem|spe|1
|
|-heal|p2a: Kyurem|82/100|[from] Grassy Terrain
|upkeep
|turn|22
|
|t:|1759015836
|move|p2a: Kyurem|Scale Shot|p1a: Rotom
|-damage|p1a: Rotom|76/100
|-damage|p1a: Rotom|48/100
|-enditem|p1a: Rotom|Sitrus Berry|[eat]
|-heal|p1a: Rotom|73/100|[from] item: Sitrus Berry
|-damage|p1a: Rotom|47/100
|-damage|p1a: Rotom|20/100
|-damage|p1a: Rotom|0 fnt
|faint|p1a: Rotom
|-hitcount|p1: Rotom|5
|-unboost|p2a: Kyurem|def|1
|-boost|p2a: Kyurem|spe|1
|
|-heal|p2a: Kyurem|88/100|[from] Grassy Terrain
|-fieldend|move: Grassy Terrain
|upkeep
|
|t:|1759015856
|switch|p1a: Lycanroc|Lycanroc-Dusk, F, shiny|97/100
|turn|23
|
|t:|1759015859
|move|p1a: Lycanroc|Accelerock|p2a: Kyurem
|-supereffective|p2a: Kyurem
|-damage|p2a: Kyurem|0 fnt
|faint|p2a: Kyurem
|-damage|p1a: Lycanroc|87/100|[from] item: Life Orb
|
|upkeep
|
|t:|1759015862
|switch|p2a: Rillaboom|Rillaboom, M|88/100
|-damage|p2a: Rillaboom|75/100|[from] Stealth Rock
|-fieldstart|move: Grassy Terrain|[from] ability: Grassy Surge|[of] p2a: Rillaboom
|turn|24
|
|t:|1759015871
|switch|p1a: Flareon|Flareon, M, shiny, tera:Normal|36/100 tox
|move|p2a: Rillaboom|Knock Off|p1a: Flareon
|-crit|p1a: Flareon
|-damage|p1a: Flareon|0 fnt
|-enditem|p1a: Flareon|Toxic Orb|[from] move: Knock Off|[of] p2a: Rillaboom
|faint|p1a: Flareon
|
|-heal|p2a: Rillaboom|81/100|[from] Grassy Terrain
|upkeep
|
|t:|1759015880
|switch|p1a: Dragapult|Dragapult, M|93/100
|turn|25
|
|t:|1759015886
|move|p2a: Rillaboom|Grassy Glide|p1a: Dragapult
|-resisted|p1a: Dragapult
|-damage|p1a: Dragapult|67/100
|move|p1a: Dragapult|Draco Meteor|p2a: Rillaboom
|-damage|p2a: Rillaboom|12/100
|-unboost|p1a: Dragapult|spa|2
|
|-heal|p1a: Dragapult|73/100|[from] Grassy Terrain
|-heal|p2a: Rillaboom|18/100|[from] Grassy Terrain
|upkeep
|turn|26
|
|t:|1759015896
|move|p2a: Rillaboom|Grassy Glide|p1a: Dragapult
|-resisted|p1a: Dragapult
|-damage|p1a: Dragapult|47/100
|move|p1a: Dragapult|Draco Meteor|p2a: Rillaboom
|-damage|p2a: Rillaboom|0 fnt
|-unboost|p1a: Dragapult|spa|2
|faint|p2a: Rillaboom
|
|-heal|p1a: Dragapult|53/100|[from] Grassy Terrain
|upkeep
|
|t:|1759015900
|switch|p2a: Iron Treads|Iron Treads|100/100
|-damage|p2a: Iron Treads|97/100|[from] Stealth Rock
|-enditem|p2a: Iron Treads|Booster Energy
|-activate|p2a: Iron Treads|ability: Quark Drive|[fromitem]
|-start|p2a: Iron Treads|quarkdrivespe
|turn|27
|
|t:|1759015913
|switch|p1a: Lycanroc|Lycanroc-Dusk, F, shiny|87/100
|move|p2a: Iron Treads|Earth Power|p1a: Lycanroc
|-supereffective|p1a: Lycanroc
|-damage|p1a: Lycanroc|10/100
|
|-heal|p2a: Iron Treads|100/100|[from] Grassy Terrain
|-heal|p1a: Lycanroc|16/100|[from] Grassy Terrain
|upkeep
|turn|28
|
|t:|1759015926
|move|p1a: Lycanroc|Accelerock|p2a: Iron Treads
|-resisted|p2a: Iron Treads
|-damage|p2a: Iron Treads|94/100
|-damage|p1a: Lycanroc|6/100|[from] item: Life Orb
|move|p2a: Iron Treads|Volt Switch|p1a: Lycanroc
|-damage|p1a: Lycanroc|0 fnt
|faint|p1a: Lycanroc
|
|t:|1759015928
|-end|p2a: Iron Treads|Quark Drive|[silent]
|switch|p2a: Pecharunt|Pecharunt|55/100|[from] Volt Switch
|-damage|p2a: Pecharunt|43/100|[from] Stealth Rock
|
|-heal|p2a: Pecharunt|49/100|[from] Grassy Terrain
|-heal|p2a: Pecharunt|55/100|[from] item: Leftovers
|-fieldend|move: Grassy Terrain
|upkeep
|
|t:|1759015939
|switch|p1a: Dragapult|Dragapult, M|53/100
|turn|29
|
|t:|1759015944
|move|p1a: Dragapult|Shadow Ball|p2a: Pecharunt
|-supereffective|p2a: Pecharunt
|-damage|p2a: Pecharunt|0 fnt
|faint|p2a: Pecharunt
|
|upkeep
|
|t:|1759015947
|switch|p2a: Iron Treads|Iron Treads|94/100
|-damage|p2a: Iron Treads|91/100|[from] Stealth Rock
|turn|30
|
|t:|1759015951
|move|p1a: Dragapult|Shadow Ball|p2a: Iron Treads
|-damage|p2a: Iron Treads|10/100
|move|p2a: Iron Treads|Earth Power|p1a: Dragapult
|-damage|p1a: Dragapult|21/100
|
|upkeep
|turn|31
|c|☆LychuuDoesShowdown|ggwp
|c|☆Acuamen|gg
|
|t:|1759015961
|move|p1a: Dragapult|Shadow Ball|p2a: Iron Treads
|-damage|p2a: Iron Treads|0 fnt
|faint|p2a: Iron Treads
|-end|p2a: Iron Treads|Quark Drive|[silent]
|
|win|Acuamen
|raw|Acuamen's rating: 1156 &rarr; <strong>1184</strong><br />(+28 for winning)
|raw|LychuuDoesShowdown's rating: 1201 &rarr; <strong>1173</strong><br />(-28 for losing)
|l|☆Acuamen
|player|p1|
|c|☆LychuuDoesShowdown|cool team
|l|☆LychuuDoesShowdown
|player|p2|
