|j|☆Shibuya Arc
|j|☆Auburn Hills
|t:|1758999753
|gametype|singles
|player|p1|Shibuya Arc|169|1769
|player|p2|Auburn Hills|alder|1755
|gen|9
|tier|[Gen 9] OU
|rated|
|rule|HP Percentage Mod: HP is shown in percentages
|rule|Endless Battle Clause: Forcing endless battles is banned
|rule|Species Clause: Limit one of each Pokémon
|rule|OHKO Clause: OHKO moves are banned
|rule|Evasion Items Clause: Evasion items are banned
|rule|Evasion Moves Clause: Evasion moves are banned
|rule|Evasion Abilities Clause: Evasion abilities are banned
|rule|Sleep Moves Clause: Sleep-inducing moves are banned
|clearpoke
|poke|p1|Dragapult, M|
|poke|p1|Dragonite, F|
|poke|p1|Ting-Lu|
|poke|p1|Weezing-Galar, F|
|poke|p1|Iron Crown|
|poke|p1|Zapdos|
|poke|p2|Iron Moth|
|poke|p2|Umbreon, M|
|poke|p2|Garchomp, M|
|poke|p2|Glimmora, M|
|poke|p2|Gholdengo|
|poke|p2|Dragonite, M|
|teampreview
|
|t:|1758999762
|teamsize|p1|6
|teamsize|p2|6
|start
|switch|p1a: Ting-Lu|Ting-Lu|100/100
|switch|p2a: Julia Jacklin|Glimmora, M|100/100
|-ability|p1a: Ting-Lu|Vessel of Ruin
|turn|1
|inactive|Battle timer is ON: inactive players will automatically lose when time's up. (requested by Shibuya Arc)
|
|t:|1758999767
|move|p2a: Julia Jacklin|Mortal Spin|p1a: Ting-Lu
|-resisted|p1a: Ting-Lu
|-damage|p1a: Ting-Lu|99/100
|-status|p1a: Ting-Lu|psn
|move|p1a: Ting-Lu|Ruination|p2a: Julia Jacklin|[miss]
|-miss|p1a: Ting-Lu|p2a: Julia Jacklin
|
|-heal|p1a: Ting-Lu|100/100 psn|[from] item: Leftovers
|-damage|p1a: Ting-Lu|88/100 psn|[from] psn
|upkeep
|turn|2
|
|t:|1758999776
|move|p2a: Julia Jacklin|Stealth Rock|p1a: Ting-Lu
|-sidestart|p1: Shibuya Arc|move: Stealth Rock
|move|p1a: Ting-Lu|Ruination|p2a: Julia Jacklin
|-damage|p2a: Julia Jacklin|50/100
|
|-heal|p1a: Ting-Lu|94/100 psn|[from] item: Leftovers
|-damage|p1a: Ting-Lu|82/100 psn|[from] psn
|upkeep
|turn|3
|
|t:|1758999785
|move|p2a: Julia Jacklin|Earth Power|p1a: Ting-Lu
|-damage|p1a: Ting-Lu|68/100 psn
|move|p1a: Ting-Lu|Stealth Rock|p2a: Julia Jacklin
|-sidestart|p2: Auburn Hills|move: Stealth Rock
|
|-heal|p1a: Ting-Lu|74/100 psn|[from] item: Leftovers
|-damage|p1a: Ting-Lu|62/100 psn|[from] psn
|upkeep
|turn|4
|
|t:|1758999794
|move|p2a: Julia Jacklin|Mortal Spin|p1a: Ting-Lu
|-resisted|p1a: Ting-Lu
|-damage|p1a: Ting-Lu|60/100 psn
|-sideend|p2: Auburn Hills|Stealth Rock|[from] move: Mortal Spin|[of] p2a: Julia Jacklin
|move|p1a: Ting-Lu|Ruination|p2a: Julia Jacklin
|-damage|p2a: Julia Jacklin|25/100
|
|-heal|p1a: Ting-Lu|66/100 psn|[from] item: Leftovers
|-damage|p1a: Ting-Lu|54/100 psn|[from] psn
|upkeep
|turn|5
|
|t:|1758999802
|move|p2a: Julia Jacklin|Earth Power|p1a: Ting-Lu
|-damage|p1a: Ting-Lu|42/100 psn
|move|p1a: Ting-Lu|Stealth Rock|p2a: Julia Jacklin
|-sidestart|p2: Auburn Hills|move: Stealth Rock
|
|-heal|p1a: Ting-Lu|48/100 psn|[from] item: Leftovers
|-damage|p1a: Ting-Lu|36/100 psn|[from] psn
|upkeep
|turn|6
|
|t:|1758999809
|switch|p1a: Iron Crown|Iron Crown|100/100
|-damage|p1a: Iron Crown|94/100|[from] Stealth Rock
|move|p2a: Julia Jacklin|Earth Power|p1a: Iron Crown
|-supereffective|p1a: Iron Crown
|-damage|p1a: Iron Crown|28/100
|
|upkeep
|turn|7
|
|t:|1758999817
|switch|p2a: Alvvays|Umbreon, M|100/100
|-damage|p2a: Alvvays|88/100|[from] Stealth Rock
|move|p1a: Iron Crown|Volt Switch|p2a: Alvvays
|-damage|p2a: Alvvays|69/100
|
|t:|1758999826
|-end|p1a: Iron Crown|Quark Drive|[silent]
|switch|p1a: Zapdos|Zapdos|100/100|[from] Volt Switch
|
|-heal|p2a: Alvvays|76/100|[from] item: Leftovers
|upkeep
|turn|8
|
|t:|1758999832
|move|p1a: Zapdos|Hurricane|p2a: Alvvays|[miss]
|-miss|p1a: Zapdos|p2a: Alvvays
|move|p2a: Alvvays|Wish|p2a: Alvvays
|
|-heal|p2a: Alvvays|82/100|[from] item: Leftovers
|upkeep
|turn|9
|
|t:|1758999842
|switch|p2a: Rat Tally|Garchomp, M|100/100
|-damage|p2a: Rat Tally|94/100|[from] Stealth Rock
|move|p1a: Zapdos|Hurricane|p2a: Rat Tally
|-crit|p2a: Rat Tally
|-damage|p2a: Rat Tally|1/100
|
|-heal|p2a: Rat Tally|56/100|[from] move: Wish|[wisher] Alvvays
|upkeep
|turn|10
|
|t:|1758999849
|move|p2a: Rat Tally|Scale Shot|p1a: Zapdos|[miss]
|-miss|p2a: Rat Tally|p1a: Zapdos
|move|p1a: Zapdos|Roost||[still]
|-fail|p1a: Zapdos|heal
|
|upkeep
|turn|11
|
|t:|1758999854
|-terastallize|p1a: Zapdos|Fairy
|move|p2a: Rat Tally|Scale Shot|p1a: Zapdos
|-immune|p1a: Zapdos
|move|p1a: Zapdos|Hurricane|p2a: Rat Tally
|-damage|p2a: Rat Tally|0 fnt
|faint|p2a: Rat Tally
|
|upkeep
|
|t:|1758999860
|switch|p2a: Smino|Gholdengo|100/100
|-damage|p2a: Smino|94/100|[from] Stealth Rock
|turn|12
|
|t:|1758999865
|switch|p1a: Ting-Lu|Ting-Lu|36/100 psn
|-damage|p1a: Ting-Lu|29/100 psn|[from] Stealth Rock
|-ability|p1a: Ting-Lu|Vessel of Ruin
|move|p2a: Smino|Make It Rain|p1a: Ting-Lu
|-damage|p1a: Ting-Lu|3/100 psn
|-unboost|p2a: Smino|spa|1
|
|-heal|p1a: Ting-Lu|9/100 psn|[from] item: Leftovers
|-damage|p1a: Ting-Lu|0 fnt|[from] psn
|faint|p1a: Ting-Lu
|upkeep
|
|t:|1758999872
|switch|p1a: Dragonite|Dragonite, F|100/100
|turn|13
|
|t:|1758999878
|switch|p2a: Alvvays|Umbreon, M|82/100
|-damage|p2a: Alvvays|69/100|[from] Stealth Rock
|switch|p1a: Dragapult|Dragapult, M|100/100
|
|-heal|p2a: Alvvays|75/100|[from] item: Leftovers
|upkeep
|turn|14
|
|t:|1758999884
|move|p2a: Alvvays|Protect|p2a: Alvvays
|-singleturn|p2a: Alvvays|Protect
|move|p1a: Dragapult|U-turn|p2a: Alvvays
|-activate|p2a: Alvvays|move: Protect
|
|-heal|p2a: Alvvays|81/100|[from] item: Leftovers
|upkeep
|turn|15
|
|t:|1758999889
|move|p1a: Dragapult|U-turn|p2a: Alvvays
|-supereffective|p2a: Alvvays
|-damage|p2a: Alvvays|47/100
|
|t:|1758999897
|switch|p1a: Iron Crown|Iron Crown|28/100|[from] U-turn
|-damage|p1a: Iron Crown|22/100|[from] Stealth Rock
|move|p2a: Alvvays|Wish|p2a: Alvvays
|
|-heal|p2a: Alvvays|53/100|[from] item: Leftovers
|upkeep
|turn|16
|
|t:|1758999903
|move|p1a: Iron Crown|Focus Blast|p2a: Alvvays
|-supereffective|p2a: Alvvays
|-damage|p2a: Alvvays|0 fnt
|faint|p2a: Alvvays
|
|upkeep
|
|t:|1758999912
|switch|p2a: Carly Rae|Iron Moth|100/100
|-damage|p2a: Carly Rae|76/100|[from] Stealth Rock
|-enditem|p2a: Carly Rae|Booster Energy
|-activate|p2a: Carly Rae|ability: Quark Drive|[fromitem]
|-start|p2a: Carly Rae|quarkdrivespe
|turn|17
|
|t:|1758999918
|move|p2a: Carly Rae|Fiery Dance|p1a: Iron Crown
|-supereffective|p1a: Iron Crown
|-damage|p1a: Iron Crown|0 fnt
|-boost|p2a: Carly Rae|spa|1
|faint|p1a: Iron Crown
|-end|p1a: Iron Crown|Quark Drive|[silent]
|
|upkeep
|
|t:|1758999925
|switch|p1a: Dragonite|Dragonite, F|100/100
|turn|18
|
|t:|1758999931
|-terastallize|p2a: Carly Rae|Fairy
|move|p1a: Dragonite|Extreme Speed|p2a: Carly Rae
|-damage|p2a: Carly Rae|33/100
|move|p2a: Carly Rae|Dazzling Gleam|p1a: Dragonite
|-supereffective|p1a: Dragonite
|-damage|p1a: Dragonite|43/100
|
|upkeep
|turn|19
|
|t:|1758999956
|move|p1a: Dragonite|Extreme Speed|p2a: Carly Rae
|-damage|p2a: Carly Rae|0 fnt
|faint|p2a: Carly Rae
|-end|p2a: Carly Rae|Quark Drive|[silent]
|
|upkeep
|
|t:|1758999963
|switch|p2a: Elucid|Dragonite, M|100/100
|turn|20
|
|t:|1758999968
|switch|p1a: Dragapult|Dragapult, M|100/100
|move|p2a: Elucid|Ice Spinner|p1a: Dragapult
|-supereffective|p1a: Dragapult
|-damage|p1a: Dragapult|22/100
|-start|p2a: Elucid|Disable|Ice Spinner|[from] ability: Cursed Body|[of] p1a: Dragapult
|
|upkeep
|turn|21
|j| Pa7riCK
|
|t:|1758999977
|move|p1a: Dragapult|Will-O-Wisp|p2a: Elucid
|-status|p2a: Elucid|brn
|move|p2a: Elucid|Earthquake|p1a: Dragapult
|-damage|p1a: Dragapult|0 fnt
|faint|p1a: Dragapult
|
|-damage|p2a: Elucid|94/100 brn|[from] brn
|upkeep
|
|t:|1758999985
|switch|p1a: Zapdos|Zapdos, tera:Fairy|100/100
|turn|22
|
|t:|1758999991
|move|p1a: Zapdos|Heat Wave|p2a: Elucid
|-resisted|p2a: Elucid
|-damage|p2a: Elucid|77/100 brn
|move|p2a: Elucid|Dragon Dance|p2a: Elucid
|-boost|p2a: Elucid|atk|1
|-boost|p2a: Elucid|spe|1
|
|-damage|p2a: Elucid|71/100 brn|[from] brn
|upkeep
|turn|23
|
|t:|1758999999
|move|p2a: Elucid|Earthquake|p1a: Zapdos
|-damage|p1a: Zapdos|67/100
|move|p1a: Zapdos|Roost|p1a: Zapdos
|-heal|p1a: Zapdos|100/100
|
|-damage|p2a: Elucid|65/100 brn|[from] brn
|-end|p2a: Elucid|Disable
|upkeep
|turn|24
|
|t:|1759000007
|move|p2a: Elucid|Dragon Dance|p2a: Elucid
|-boost|p2a: Elucid|atk|1
|-boost|p2a: Elucid|spe|1
|move|p1a: Zapdos|Heat Wave|p2a: Elucid
|-resisted|p2a: Elucid
|-damage|p2a: Elucid|48/100 brn
|
|-damage|p2a: Elucid|41/100 brn|[from] brn
|upkeep
|turn|25
|
|t:|1759000015
|move|p2a: Elucid|Dragon Dance|p2a: Elucid
|-boost|p2a: Elucid|atk|1
|-boost|p2a: Elucid|spe|1
|move|p1a: Zapdos|Heat Wave|p2a: Elucid
|-resisted|p2a: Elucid
|-damage|p2a: Elucid|25/100 brn
|
|-damage|p2a: Elucid|19/100 brn|[from] brn
|upkeep
|turn|26
|
|t:|1759000023
|move|p2a: Elucid|Earthquake|p1a: Zapdos
|-damage|p1a: Zapdos|42/100
|move|p1a: Zapdos|Heat Wave|p2a: Elucid
|-resisted|p2a: Elucid
|-damage|p2a: Elucid|3/100 brn
|
|-damage|p2a: Elucid|0 fnt|[from] brn
|faint|p2a: Elucid
|upkeep
|
|t:|1759000028
|switch|p2a: Smino|Gholdengo|94/100
|-damage|p2a: Smino|88/100|[from] Stealth Rock
|turn|27
|
|t:|1759000033
|move|p2a: Smino|Make It Rain|p1a: Zapdos
|-supereffective|p1a: Zapdos
|-damage|p1a: Zapdos|0 fnt
|-unboost|p2a: Smino|spa|1
|faint|p1a: Zapdos
|
|upkeep
|
|t:|1759000040
|switch|p1a: Dragonite|Dragonite, F|43/100
|turn|28
|
|t:|1759000045
|move|p2a: Smino|Make It Rain|p1a: Dragonite
|-damage|p1a: Dragonite|5/100
|-unboost|p2a: Smino|spa|1
|move|p1a: Dragonite|Roost|p1a: Dragonite
|-heal|p1a: Dragonite|55/100
|-singleturn|p1a: Dragonite|move: Roost
|
|upkeep
|turn|29
|
|t:|1759000051
|switch|p2a: Julia Jacklin|Glimmora, M|25/100
|-damage|p2a: Julia Jacklin|13/100|[from] Stealth Rock
|move|p1a: Dragonite|Roost|p1a: Dragonite
|-heal|p1a: Dragonite|100/100
|-singleturn|p1a: Dragonite|move: Roost
|
|upkeep
|turn|30
|j| Wcvgeacgr
|
|t:|1759000056
|move|p1a: Dragonite|Extreme Speed|p2a: Julia Jacklin
|-resisted|p2a: Julia Jacklin
|-crit|p2a: Julia Jacklin
|-damage|p2a: Julia Jacklin|0 fnt
|-activate|p2a: Julia Jacklin|ability: Toxic Debris
|-sidestart|p1: Shibuya Arc|move: Toxic Spikes
|faint|p2a: Julia Jacklin
|
|upkeep
|
|t:|1759000060
|switch|p2a: Smino|Gholdengo|88/100
|-damage|p2a: Smino|82/100|[from] Stealth Rock
|turn|31
|
|t:|1759000065
|move|p2a: Smino|Trick|p1a: Dragonite
|-activate|p2a: Smino|move: Trick|[of] p1a: Dragonite
|-item|p1a: Dragonite|Choice Scarf|[from] move: Trick
|-item|p2a: Smino|Heavy-Duty Boots|[from] move: Trick
|move|p1a: Dragonite|Earthquake|p2a: Smino
|-supereffective|p2a: Smino
|-damage|p2a: Smino|0 fnt
|faint|p2a: Smino
|
|win|Shibuya Arc
|raw|Shibuya Arc's rating: 1769 &rarr; <strong>1788</strong><br />(+19 for winning)
|raw|Auburn Hills's rating: 1755 &rarr; <strong>1736</strong><br />(-19 for losing)
|l|☆Shibuya Arc
|player|p1|
|l|☆Auburn Hills
|player|p2|
