|j|☆PukaNacuaFan17
|j|☆shadowelfantasma
|t:|1759019625
|gametype|singles
|player|p1|PukaNacuaFan17|blackbelt-gen4dp|1057
|player|p2|shadowelfantasma|169|1058
|gen|9
|tier|[Gen 9] OU
|rated|
|rule|HP Percentage Mod: HP is shown in percentages
|rule|Endless Battle Clause: Forcing endless battles is banned
|rule|Species Clause: Limit one of each Pokémon
|rule|OHKO Clause: OHKO moves are banned
|rule|Evasion Items Clause: Evasion items are banned
|rule|Evasion Moves Clause: Evasion moves are banned
|rule|Evasion Abilities Clause: Evasion abilities are banned
|rule|Sleep Moves Clause: Sleep-inducing moves are banned
|clearpoke
|poke|p1|Swalot, M|
|poke|p1|Electrode|
|poke|p1|Beartic, M|
|poke|p1|Bastiodon, F|
|poke|p1|Galvantula, M|
|poke|p1|Inteleon, M|
|poke|p2|Sylveon, F|
|poke|p2|Jolteon, M|
|poke|p2|Flareon, F|
|poke|p2|Espeon, F|
|poke|p2|Umbreon, M|
|poke|p2|Vaporeon, F|
|teampreview
|
|t:|1759019643
|teamsize|p1|6
|teamsize|p2|6
|start
|switch|p1a: Popsicle|Beartic, M|100/100
|switch|p2a: Jolteon|Jolteon, M|100/100
|turn|1
|inactive|Battle timer is ON: inactive players will automatically lose when time's up. (requested by PukaNacuaFan17)
|
|t:|1759019650
|move|p2a: Jolteon|Volt Switch|p1a: Popsicle
|-damage|p1a: Popsicle|43/100
|
|t:|1759019654
|switch|p2a: Flareon|Flareon, F|100/100|[from] Volt Switch
|move|p1a: Popsicle|Icicle Spear|p2a: Flareon
|-resisted|p2a: Flareon
|-crit|p2a: Flareon
|-damage|p2a: Flareon|86/100
|-resisted|p2a: Flareon
|-damage|p2a: Flareon|76/100
|-resisted|p2a: Flareon
|-damage|p2a: Flareon|65/100
|-resisted|p2a: Flareon
|-damage|p2a: Flareon|55/100
|-resisted|p2a: Flareon
|-damage|p2a: Flareon|45/100
|-hitcount|p2a: Flareon|5
|
|-status|p2a: Flareon|tox|[from] item: Toxic Orb
|upkeep
|turn|2
|
|t:|1759019671
|move|p2a: Flareon|Flare Blitz|p1a: Popsicle
|-supereffective|p1a: Popsicle
|-damage|p1a: Popsicle|0 fnt
|faint|p1a: Popsicle
|-damage|p2a: Flareon|26/100 tox|[from] Recoil
|
|-damage|p2a: Flareon|20/100 tox|[from] psn
|upkeep
|
|t:|1759019679
|switch|p1a: Castle Crasher|Bastiodon, F, shiny|100/100
|turn|3
|
|t:|1759019695
|move|p2a: Flareon|Flare Blitz|p1a: Castle Crasher
|-damage|p1a: Castle Crasher|32/100
|-damage|p2a: Flareon|0 fnt|[from] Recoil
|faint|p2a: Flareon
|move|p1a: Castle Crasher|Body Press|p2: Flareon|[notarget]
|-fail|p1a: Castle Crasher
|
|upkeep
|
|t:|1759019713
|switch|p2a: Jolteon|Jolteon, M|100/100
|turn|4
|
|t:|1759019717
|move|p2a: Jolteon|Volt Switch|p1a: Castle Crasher
|-damage|p1a: Castle Crasher|0 fnt
|faint|p1a: Castle Crasher
|
|t:|1759019722
|switch|p2a: Umbreon|Umbreon, M, shiny|100/100|[from] Volt Switch
|
|upkeep
|
|t:|1759019727
|switch|p1a: Spiderman|Galvantula, M|100/100
|turn|5
|
|t:|1759019739
|switch|p2a: Espeon|Espeon, F|100/100
|move|p1a: Spiderman|Bug Buzz|p2a: Espeon
|-supereffective|p2a: Espeon
|-damage|p2a: Espeon|6/100
|
|upkeep
|turn|6
|
|t:|1759019747
|move|p2a: Espeon|Power Gem|p1a: Spiderman
|-supereffective|p1a: Spiderman
|-damage|p1a: Spiderman|4/100
|move|p1a: Spiderman|Bug Buzz|p2a: Espeon
|-supereffective|p2a: Espeon
|-damage|p2a: Espeon|0 fnt
|faint|p2a: Espeon
|
|upkeep
|
|t:|1759019750
|switch|p2a: Jolteon|Jolteon, M|100/100
|turn|7
|
|t:|1759019758
|move|p2a: Jolteon|Volt Switch|p1a: Spiderman
|-resisted|p1a: Spiderman
|-damage|p1a: Spiderman|0 fnt
|faint|p1a: Spiderman
|
|t:|1759019764
|switch|p2a: Sylveon|Sylveon, F, shiny|100/100|[from] Volt Switch
|
|upkeep
|
|t:|1759019769
|switch|p1a: Slime Mob|Swalot, M, shiny|100/100
|turn|8
|
|t:|1759019774
|switch|p2a: Umbreon|Umbreon, M, shiny|100/100
|move|p1a: Slime Mob|Stuff Cheeks|p1a: Slime Mob
|-boost|p1a: Slime Mob|def|2
|-enditem|p1a: Slime Mob|Starf Berry|[eat]
|-boost|p1a: Slime Mob|spd|2|[from] item: Starf Berry
|
|upkeep
|turn|9
|
|t:|1759019782
|move|p1a: Slime Mob|Body Press|p2a: Umbreon
|-supereffective|p2a: Umbreon
|-damage|p2a: Umbreon|44/100
|move|p2a: Umbreon|Thunder Wave|p1a: Slime Mob
|-status|p1a: Slime Mob|par
|
|-heal|p2a: Umbreon|50/100|[from] item: Leftovers
|upkeep
|turn|10
|
|t:|1759019791
|move|p2a: Umbreon|Moonlight|p2a: Umbreon
|-heal|p2a: Umbreon|99/100
|move|p1a: Slime Mob|Thief|p2a: Umbreon
|-resisted|p2a: Umbreon
|-damage|p2a: Umbreon|96/100
|-enditem|p2a: Umbreon|Leftovers|[silent]|[from] move: Thief|[of] p1a: Slime Mob
|-item|p1a: Slime Mob|Leftovers|[from] move: Thief|[of] p2a: Umbreon
|
|upkeep
|turn|11
|
|t:|1759019800
|move|p2a: Umbreon|Foul Play|p1a: Slime Mob
|-damage|p1a: Slime Mob|91/100 par
|move|p1a: Slime Mob|Body Press|p2a: Umbreon
|-supereffective|p2a: Umbreon
|-damage|p2a: Umbreon|43/100
|
|-heal|p1a: Slime Mob|97/100 par|[from] item: Leftovers
|upkeep
|turn|12
|
|t:|1759019809
|move|p2a: Umbreon|Foul Play|p1a: Slime Mob
|-damage|p1a: Slime Mob|87/100 par
|move|p1a: Slime Mob|Body Press|p2a: Umbreon
|-supereffective|p2a: Umbreon
|-damage|p2a: Umbreon|0 fnt
|faint|p2a: Umbreon
|
|-heal|p1a: Slime Mob|93/100 par|[from] item: Leftovers
|upkeep
|
|t:|1759019813
|switch|p2a: Jolteon|Jolteon, M|100/100
|turn|13
|
|t:|1759019822
|-terastallize|p2a: Jolteon|Electric
|move|p2a: Jolteon|Volt Switch|p1a: Slime Mob
|-damage|p1a: Slime Mob|54/100 par
|
|t:|1759019828
|switch|p2a: Vaporeon|Vaporeon, F|100/100|[from] Volt Switch
|cant|p1a: Slime Mob|par
|
|-heal|p1a: Slime Mob|60/100 par|[from] item: Leftovers
|upkeep
|turn|14
|
|t:|1759019840
|switch|p1a: AJR|Inteleon, M|100/100
|move|p2a: Vaporeon|Haze|p2a: Vaporeon
|-clearallboost
|
|upkeep
|turn|15
|
|t:|1759019849
|move|p1a: AJR|Flip Turn|p2a: Vaporeon
|-immune|p2a: Vaporeon|[from] ability: Water Absorb
|move|p2a: Vaporeon|Wish|p2a: Vaporeon
|
|upkeep
|turn|16
|
|t:|1759019857
|switch|p1a: Pokebomb|Electrode, shiny|100/100
|move|p2a: Vaporeon|Scald|p1a: Pokebomb
|-damage|p1a: Pokebomb|55/100
|-status|p1a: Pokebomb|brn
|
|-damage|p1a: Pokebomb|49/100 brn|[from] brn
|upkeep
|turn|17
|
|t:|1759019871
|switch|p2a: Jolteon|Jolteon, M, tera:Electric|100/100
|-terastallize|p1a: Pokebomb|Ice
|move|p1a: Pokebomb|Tera Blast|p2a: Jolteon|[anim] Tera Blast Ice
|-damage|p2a: Jolteon|41/100
|
|-damage|p1a: Pokebomb|43/100 brn|[from] brn
|upkeep
|turn|18
|
|t:|1759019882
|switch|p2a: Vaporeon|Vaporeon, F|100/100
|move|p1a: Pokebomb|Tera Blast|p2a: Vaporeon|[anim] Tera Blast Ice
|-resisted|p2a: Vaporeon
|-damage|p2a: Vaporeon|85/100
|
|-heal|p2a: Vaporeon|91/100|[from] item: Leftovers
|-damage|p1a: Pokebomb|37/100 brn|[from] brn
|upkeep
|turn|19
|
|t:|1759019893
|switch|p1a: AJR|Inteleon, M|100/100
|move|p2a: Vaporeon|Scald|p1a: AJR
|-resisted|p1a: AJR
|-damage|p1a: AJR|79/100
|
|-heal|p2a: Vaporeon|98/100|[from] item: Leftovers
|upkeep
|turn|20
|
|t:|1759019902
|move|p1a: AJR|Ice Beam|p2a: Vaporeon
|-resisted|p2a: Vaporeon
|-damage|p2a: Vaporeon|87/100
|-status|p2a: Vaporeon|frz
|cant|p2a: Vaporeon|frz
|
|-heal|p2a: Vaporeon|93/100 frz|[from] item: Leftovers
|upkeep
|turn|21
|
|t:|1759019912
|switch|p1a: Pokebomb|Electrode, shiny, tera:Ice|37/100 brn
|-curestatus|p2a: Vaporeon|frz|[from] move: Scald
|move|p2a: Vaporeon|Scald|p1a: Pokebomb
|-damage|p1a: Pokebomb|0 fnt
|faint|p1a: Pokebomb
|
|-heal|p2a: Vaporeon|99/100|[from] item: Leftovers
|upkeep
|
|t:|1759019922
|switch|p1a: Slime Mob|Swalot, M, shiny|60/100 par
|turn|22
|
|t:|1759019928
|move|p2a: Vaporeon|Scald|p1a: Slime Mob
|-damage|p1a: Slime Mob|26/100 par
|move|p1a: Slime Mob|Thief|p2a: Vaporeon
|-damage|p2a: Vaporeon|93/100
|
|-heal|p2a: Vaporeon|99/100|[from] item: Leftovers
|-heal|p1a: Slime Mob|32/100 par|[from] item: Leftovers
|upkeep
|turn|23
|
|t:|1759019937
|move|p2a: Vaporeon|Scald|p1a: Slime Mob
|-damage|p1a: Slime Mob|0 fnt
|faint|p1a: Slime Mob
|
|-heal|p2a: Vaporeon|100/100|[from] item: Leftovers
|upkeep
|
|t:|1759019944
|switch|p1a: AJR|Inteleon, M|79/100
|turn|24
|
|t:|1759019947
|move|p1a: AJR|Ice Beam|p2a: Vaporeon
|-resisted|p2a: Vaporeon
|-damage|p2a: Vaporeon|90/100
|move|p2a: Vaporeon|Scald|p1a: AJR
|-resisted|p1a: AJR
|-damage|p1a: AJR|56/100
|-status|p1a: AJR|brn
|
|-heal|p2a: Vaporeon|96/100|[from] item: Leftovers
|-damage|p1a: AJR|50/100 brn|[from] brn
|upkeep
|turn|25
|
|t:|1759019958
|move|p1a: AJR|Ice Beam|p2a: Vaporeon
|-resisted|p2a: Vaporeon
|-crit|p2a: Vaporeon
|-damage|p2a: Vaporeon|71/100
|move|p2a: Vaporeon|Scald|p1a: AJR
|-resisted|p1a: AJR
|-damage|p1a: AJR|26/100 brn
|
|-heal|p2a: Vaporeon|78/100|[from] item: Leftovers
|-damage|p1a: AJR|20/100 brn|[from] brn
|upkeep
|turn|26
|
|t:|1759019969
|move|p1a: AJR|Ice Beam|p2a: Vaporeon
|-resisted|p2a: Vaporeon
|-damage|p2a: Vaporeon|66/100
|move|p2a: Vaporeon|Scald|p1a: AJR
|-resisted|p1a: AJR
|-damage|p1a: AJR|0 fnt
|faint|p1a: AJR
|
|win|shadowelfantasma
|raw|PukaNacuaFan17's rating: 1057 &rarr; <strong>1039</strong><br />(-18 for losing)
|raw|shadowelfantasma's rating: 1058 &rarr; <strong>1089</strong><br />(+31 for winning)
|l|☆PukaNacuaFan17
|player|p1|
|l|☆shadowelfantasma
|player|p2|
