|j|☆All New Materialz
|j|☆cozyprincemshroom
|t:|1758981244
|gametype|singles
|player|p1|All New Materialz|bugcatcher-gen1|1177
|player|p2|cozyprincemshroom|waiter|1155
|gen|9
|tier|[Gen 9] OU
|rated|
|rule|HP Percentage Mod: HP is shown in percentages
|rule|Endless Battle Clause: Forcing endless battles is banned
|rule|Species Clause: Limit one of each Pokémon
|rule|OHKO Clause: OHKO moves are banned
|rule|Evasion Items Clause: Evasion items are banned
|rule|Evasion Moves Clause: Evasion moves are banned
|rule|Evasion Abilities Clause: Evasion abilities are banned
|rule|Sleep Moves Clause: Sleep-inducing moves are banned
|clearpoke
|poke|p1|Ribombee, M|
|poke|p1|Gholdengo|
|poke|p1|Great Tusk|
|poke|p1|Raging Bolt|
|poke|p1|Ogerpon-Cornerstone, F|
|poke|p1|Ceruledge, F|
|poke|p2|Munkidori, M|
|poke|p2|Lycanroc-Dusk, F|
|poke|p2|Altaria, F|
|poke|p2|Poliwrath, M|
|poke|p2|Meganium, M|
|poke|p2|Inteleon, M|
|teampreview
|inactive|Battle timer is ON: inactive players will automatically lose when time's up. (requested by cozyprincemshroom)
|
|t:|1758981250
|teamsize|p1|6
|teamsize|p2|6
|start
|switch|p1a: Ribombee|Ribombee, M|100/100
|switch|p2a: Munkidori|Munkidori, M|100/100
|turn|1
|l|☆cozyprincemshroom
|inactive|cozyprincemshroom disconnected and has a minute to reconnect!
|player|p2|
|j|☆cozyprincemshroom
|inactive|cozyprincemshroom reconnected and has 120 seconds left.
|player|p2|cozyprincemshroom|waiter|
|
|t:|1758981285
|move|p2a: Munkidori|Trick|p1a: Ribombee
|-activate|p2a: Munkidori|move: Trick|[of] p1a: Ribombee
|-item|p1a: Ribombee|Choice Scarf|[from] move: Trick
|-item|p2a: Munkidori|Focus Sash|[from] move: Trick
|move|p1a: Ribombee|Sticky Web|p2a: Munkidori
|-sidestart|p2: cozyprincemshroom|move: Sticky Web
|
|upkeep
|turn|2
|
|t:|1758981311
|switch|p1a: Ogerpon|Ogerpon-Cornerstone, F|100/100
|move|p2a: Munkidori|Nasty Plot|p2a: Munkidori
|-boost|p2a: Munkidori|spa|2
|
|upkeep
|turn|3
|
|t:|1758981317
|move|p2a: Munkidori|Psychic|p1a: Ogerpon
|-ability|p1a: Ogerpon|Sturdy
|-damage|p1a: Ogerpon|1/100
|move|p1a: Ogerpon|Ivy Cudgel|p2a: Munkidori|[anim] Ivy Cudgel Rock
|-damage|p2a: Munkidori|2/100
|
|upkeep
|turn|4
|
|t:|1758981326
|move|p2a: Munkidori|Psychic|p1a: Ogerpon
|-damage|p1a: Ogerpon|0 fnt
|faint|p1a: Ogerpon
|
|upkeep
|
|t:|1758981341
|switch|p1a: Ribombee|Ribombee, M|100/100
|turn|5
|
|t:|1758981344
|move|p1a: Ribombee|Moonblast|p2a: Munkidori
|-resisted|p2a: Munkidori
|-damage|p2a: Munkidori|0 fnt
|faint|p2a: Munkidori
|
|upkeep
|
|t:|1758981351
|switch|p2a: Lycanroc|Lycanroc-Dusk, F|100/100
|-activate|p2a: Lycanroc|move: Sticky Web
|-unboost|p2a: Lycanroc|spe|1
|turn|6
|
|t:|1758981376
|move|p1a: Ribombee|Moonblast|p2a: Lycanroc
|-damage|p2a: Lycanroc|37/100
|-unboost|p2a: Lycanroc|spa|1
|move|p2a: Lycanroc|Swords Dance|p2a: Lycanroc
|-boost|p2a: Lycanroc|atk|2
|
|upkeep
|turn|7
|
|t:|1758981383
|move|p2a: Lycanroc|Accelerock|p1a: Ribombee
|-supereffective|p1a: Ribombee
|-damage|p1a: Ribombee|0 fnt
|faint|p1a: Ribombee
|-damage|p2a: Lycanroc|27/100|[from] item: Life Orb
|
|upkeep
|inactive|All New Materialz has 120 seconds left.
|l|☆cozyprincemshroom
|inactive|cozyprincemshroom disconnected and has a minute to reconnect!
|player|p2|
|inactive|All New Materialz has 90 seconds left.
|j|☆cozyprincemshroom
|inactive|cozyprincemshroom reconnected.
|player|p2|cozyprincemshroom|waiter|
|
|t:|1758981458
|switch|p1a: Gholdengo|Gholdengo|100/100
|-item|p1a: Gholdengo|Air Balloon
|turn|8
|
|t:|1758981471
|move|p2a: Lycanroc|Accelerock|p1a: Gholdengo
|-resisted|p1a: Gholdengo
|-damage|p1a: Gholdengo|64/100
|-enditem|p1a: Gholdengo|Air Balloon
|-damage|p2a: Lycanroc|17/100|[from] item: Life Orb
|move|p1a: Gholdengo|Shadow Ball|p2a: Lycanroc
|-damage|p2a: Lycanroc|0 fnt
|faint|p2a: Lycanroc
|
|upkeep
|
|t:|1758981481
|switch|p2a: Altaria|Altaria, F|100/100
|turn|9
|inactive|All New Materialz has 90 seconds left.
|
|t:|1758981488
|move|p1a: Gholdengo|Shadow Ball|p2a: Altaria
|-crit|p2a: Altaria
|-damage|p2a: Altaria|38/100
|move|p2a: Altaria|Defog|p1a: Gholdengo
|-immune|p1a: Gholdengo|[from] ability: Good as Gold
|
|-heal|p2a: Altaria|44/100|[from] item: Leftovers
|upkeep
|turn|10
|
|t:|1758981499
|switch|p2a: Inteleon|Inteleon, M|100/100
|-activate|p2a: Inteleon|move: Sticky Web
|-unboost|p2a: Inteleon|spe|1
|move|p1a: Gholdengo|Shadow Ball|p2a: Inteleon
|-damage|p2a: Inteleon|25/100
|
|upkeep
|turn|11
|
|t:|1758981508
|move|p1a: Gholdengo|Shadow Ball|p2a: Inteleon
|-damage|p2a: Inteleon|0 fnt
|faint|p2a: Inteleon
|
|upkeep
|
|t:|1758981514
|switch|p2a: Poliwrath|Poliwrath, M|100/100
|-activate|p2a: Poliwrath|move: Sticky Web
|-unboost|p2a: Poliwrath|spe|1
|turn|12
|inactive|All New Materialz has 120 seconds left.
|
|t:|1758981526
|move|p1a: Gholdengo|Shadow Ball|p2a: Poliwrath
|-damage|p2a: Poliwrath|58/100
|-unboost|p2a: Poliwrath|spd|1
|move|p2a: Poliwrath|Liquidation|p1a: Gholdengo
|-damage|p1a: Gholdengo|25/100
|-unboost|p1a: Gholdengo|def|1
|
|-heal|p2a: Poliwrath|64/100|[from] item: Leftovers
|upkeep
|turn|13
|inactive|All New Materialz has 120 seconds left.
|
|t:|1758981538
|move|p1a: Gholdengo|Psyshock|p2a: Poliwrath
|-supereffective|p2a: Poliwrath
|-damage|p2a: Poliwrath|9/100
|move|p2a: Poliwrath|Liquidation|p1a: Gholdengo
|-damage|p1a: Gholdengo|0 fnt
|faint|p1a: Gholdengo
|
|-heal|p2a: Poliwrath|15/100|[from] item: Leftovers
|upkeep
|
|t:|1758981546
|switch|p1a: Ceruledge|Ceruledge, F|100/100
|turn|14
|
|t:|1758981550
|move|p1a: Ceruledge|Swords Dance|p1a: Ceruledge
|-boost|p1a: Ceruledge|atk|2
|move|p2a: Poliwrath|Bulk Up|p2a: Poliwrath
|-boost|p2a: Poliwrath|atk|1
|-boost|p2a: Poliwrath|def|1
|
|-heal|p2a: Poliwrath|21/100|[from] item: Leftovers
|upkeep
|turn|15
|inactive|All New Materialz has 120 seconds left.
|l|☆cozyprincemshroom
|inactive|cozyprincemshroom disconnected and has a minute to reconnect!
|player|p2|
|j|☆cozyprincemshroom
|inactive|cozyprincemshroom reconnected.
|player|p2|cozyprincemshroom|waiter|
|inactive|All New Materialz has 90 seconds left.
|inactive|All New Materialz has 60 seconds left.
|
|t:|1758981628
|move|p1a: Ceruledge|Bitter Blade|p2a: Poliwrath
|-resisted|p2a: Poliwrath
|-damage|p2a: Poliwrath|0 fnt
|faint|p2a: Poliwrath
|
|upkeep
|
|t:|1758981635
|switch|p2a: Altaria|Altaria, F|44/100
|turn|16
|inactive|All New Materialz has 60 seconds left.
|
|t:|1758981667
|move|p1a: Ceruledge|Bitter Blade|p2a: Altaria
|-resisted|p2a: Altaria
|-damage|p2a: Altaria|0 fnt
|faint|p2a: Altaria
|
|upkeep
|-message|cozyprincemshroom forfeited.
|
|win|All New Materialz
|raw|All New Materialz's rating: 1224 &rarr; <strong>1244</strong><br />(+20 for winning)
|raw|cozyprincemshroom's rating: 1155 &rarr; <strong>1135</strong><br />(-20 for losing)
|l|☆cozyprincemshroom
|player|p2|
|l|☆All New Materialz
|player|p1|
