|badge|p2|bronze|gen9ou|100-6
|uhtml|medal-msg|<div class="broadcast-blue">Curious what those medals under the avatar are? PS now has Ladder Seasons! For more information, check out the <a href="https://www.smogon.com/forums/threads/3740067/">thread on Smogon.</a></div>
|j|☆lerendezvous
|j|☆tokiwakano
|t:|1758923487
|gametype|singles
|player|p1|lerendezvous|101|1749
|player|p2|tokiwakano|acetrainerf|1764
|gen|9
|tier|[Gen 9] OU
|rated|
|rule|HP Percentage Mod: HP is shown in percentages
|rule|Endless Battle Clause: Forcing endless battles is banned
|rule|Species Clause: Limit one of each Pokémon
|rule|OHKO Clause: OHKO moves are banned
|rule|Evasion Items Clause: Evasion items are banned
|rule|Evasion Moves Clause: Evasion moves are banned
|rule|Evasion Abilities Clause: Evasion abilities are banned
|rule|Sleep Moves Clause: Sleep-inducing moves are banned
|clearpoke
|poke|p1|Ogerpon-Wellspring, F|
|poke|p1|Slowking-Galar, F|
|poke|p1|Great Tusk|
|poke|p1|Moltres|
|poke|p1|Dragapult, M|
|poke|p1|Kingambit, F|
|poke|p2|Primarina, F|
|poke|p2|Iron Crown|
|poke|p2|Glimmora, F|
|poke|p2|Gholdengo|
|poke|p2|Landorus-Therian, M|
|poke|p2|Kyurem|
|teampreview
|inactive|Battle timer is ON: inactive players will automatically lose when time's up. (requested by tokiwakano)
|
|t:|1758923497
|teamsize|p1|6
|teamsize|p2|6
|start
|switch|p1a: Slowking|Slowking-Galar, F|100/100
|switch|p2a: Gholdengo|Gholdengo|100/100
|turn|1
|inactive|lerendezvous also wants the timer to be on.
|
|t:|1758923503
|move|p2a: Gholdengo|Shadow Ball|p1a: Slowking
|-supereffective|p1a: Slowking
|-damage|p1a: Slowking|57/100
|move|p1a: Slowking|Flamethrower|p2a: Gholdengo
|-supereffective|p2a: Gholdengo
|-damage|p2a: Gholdengo|38/100
|-status|p2a: Gholdengo|brn
|
|-damage|p2a: Gholdengo|32/100 brn|[from] brn
|upkeep
|turn|2
|
|t:|1758923511
|switch|p1a: Kingambit|Kingambit, F|100/100
|move|p2a: Gholdengo|Shadow Ball|p1a: Kingambit
|-resisted|p1a: Kingambit
|-damage|p1a: Kingambit|77/100
|
|-heal|p1a: Kingambit|83/100|[from] item: Leftovers
|-damage|p2a: Gholdengo|26/100 brn|[from] brn
|upkeep
|turn|3
|
|t:|1758923518
|switch|p2a: Landorus|Landorus-Therian, M|100/100
|-ability|p2a: Landorus|Intimidate|boost
|-unboost|p1a: Kingambit|atk|1
|move|p1a: Kingambit|Swords Dance|p1a: Kingambit
|-boost|p1a: Kingambit|atk|2
|
|-heal|p1a: Kingambit|89/100|[from] item: Leftovers
|upkeep
|turn|4
|
|t:|1758923523
|-end|p1a: Kingambit|fallenundefined|[silent]
|switch|p1a: Ogerpon|Ogerpon-Wellspring, F|100/100
|move|p2a: Landorus|Earthquake|p1a: Ogerpon
|-resisted|p1a: Ogerpon
|-damage|p1a: Ogerpon|71/100
|
|upkeep
|turn|5
|
|t:|1758923530
|switch|p2a: Kyurem|Kyurem|100/100
|-ability|p2a: Kyurem|Pressure
|move|p1a: Ogerpon|Ivy Cudgel|p2a: Kyurem|[anim] Ivy Cudgel Water
|-resisted|p2a: Kyurem
|-damage|p2a: Kyurem|72/100
|
|upkeep
|turn|6
|
|t:|1758923538
|move|p1a: Ogerpon|U-turn|p2a: Kyurem
|-damage|p2a: Kyurem|46/100
|
|t:|1758923545
|switch|p1a: Slowking|Slowking-Galar, F|91/100|[from] U-turn
|move|p2a: Kyurem|Dragon Dance|p2a: Kyurem
|-boost|p2a: Kyurem|atk|1
|-boost|p2a: Kyurem|spe|1
|
|upkeep
|turn|7
|
|t:|1758923551
|-terastallize|p1a: Slowking|Water
|move|p2a: Kyurem|Icicle Spear|p1a: Slowking
|-resisted|p1a: Slowking
|-damage|p1a: Slowking|81/100
|-resisted|p1a: Slowking
|-damage|p1a: Slowking|72/100
|-resisted|p1a: Slowking
|-damage|p1a: Slowking|62/100
|-resisted|p1a: Slowking
|-damage|p1a: Slowking|53/100
|-hitcount|p1a: Slowking|4
|move|p1a: Slowking|Sludge Bomb|p2a: Kyurem
|-damage|p2a: Kyurem|2/100
|-status|p2a: Kyurem|psn
|
|-damage|p2a: Kyurem|0 fnt|[from] psn
|faint|p2a: Kyurem
|upkeep
|
|t:|1758923559
|switch|p2a: Landorus|Landorus-Therian, M|100/100
|-ability|p2a: Landorus|Intimidate|boost
|-unboost|p1a: Slowking|atk|1
|turn|8
|
|t:|1758923565
|switch|p1a: Great Tusk|Great Tusk|100/100
|move|p2a: Landorus|U-turn|p1a: Great Tusk
|-resisted|p1a: Great Tusk
|-damage|p1a: Great Tusk|93/100
|-damage|p2a: Landorus|84/100|[from] item: Rocky Helmet|[of] p1a: Great Tusk
|
|t:|1758923569
|switch|p2a: Gholdengo|Gholdengo|26/100 brn|[from] U-turn
|
|-damage|p2a: Gholdengo|20/100 brn|[from] brn
|upkeep
|turn|9
|
|t:|1758923575
|-end|p1a: Great Tusk|Protosynthesis|[silent]
|switch|p1a: Slowking|Slowking-Galar, F, tera:Water|87/100
|move|p2a: Gholdengo|Trick|p1a: Slowking
|-activate|p2a: Gholdengo|move: Trick|[of] p1a: Slowking
|-item|p1a: Slowking|Choice Scarf|[from] move: Trick
|-item|p2a: Gholdengo|Assault Vest|[from] move: Trick
|
|-damage|p2a: Gholdengo|14/100 brn|[from] brn
|upkeep
|turn|10
|
|t:|1758923582
|switch|p2a: Primarina|Primarina, F|100/100
|move|p1a: Slowking|Flamethrower|p2a: Primarina
|-resisted|p2a: Primarina
|-damage|p2a: Primarina|92/100
|
|upkeep
|turn|11
|
|t:|1758923591
|switch|p1a: Ogerpon|Ogerpon-Wellspring, F|71/100
|move|p2a: Primarina|Moonblast|p1a: Ogerpon
|-damage|p1a: Ogerpon|4/100
|
|upkeep
|turn|12
|
|t:|1758923601
|switch|p2a: Glimmora|Glimmora, F|100/100
|move|p1a: Ogerpon|Power Whip|p2a: Glimmora
|-damage|p2a: Glimmora|49/100
|-activate|p2a: Glimmora|ability: Toxic Debris
|-sidestart|p1: lerendezvous|move: Toxic Spikes
|-enditem|p2a: Glimmora|Red Card|[of] p1a: Ogerpon
|drag|p1a: Moltres|Moltres|100/100
|
|upkeep
|turn|13
|j| xmagic_77
|
|t:|1758923612
|switch|p1a: Slowking|Slowking-Galar, F, tera:Water|100/100
|-status|p1a: Slowking|psn
|move|p2a: Glimmora|Spikes|p1a: Slowking
|-sidestart|p1: lerendezvous|Spikes
|
|-damage|p1a: Slowking|88/100 psn|[from] psn
|upkeep
|turn|14
|
|t:|1758923618
|switch|p2a: Primarina|Primarina, F|92/100
|move|p1a: Slowking|Psyshock|p2a: Primarina
|-damage|p2a: Primarina|39/100
|
|-damage|p1a: Slowking|76/100 psn|[from] psn
|upkeep
|turn|15
|
|t:|1758923624
|move|p2a: Primarina|Flip Turn|p1a: Slowking
|-resisted|p1a: Slowking
|-damage|p1a: Slowking|68/100 psn
|
|t:|1758923625
|switch|p2a: Iron Crown|Iron Crown|100/100|[from] Flip Turn
|-enditem|p2a: Iron Crown|Booster Energy
|-activate|p2a: Iron Crown|ability: Quark Drive|[fromitem]
|-start|p2a: Iron Crown|quarkdrivespe
|move|p1a: Slowking|Psyshock|p2a: Iron Crown
|-resisted|p2a: Iron Crown
|-damage|p2a: Iron Crown|91/100
|
|-damage|p1a: Slowking|56/100 psn|[from] psn
|upkeep
|turn|16
|
|t:|1758923632
|switch|p1a: Kingambit|Kingambit, F|89/100
|-damage|p1a: Kingambit|77/100|[from] Spikes
|move|p2a: Iron Crown|Calm Mind|p2a: Iron Crown
|-boost|p2a: Iron Crown|spa|1
|-boost|p2a: Iron Crown|spd|1
|
|-heal|p1a: Kingambit|83/100|[from] item: Leftovers
|upkeep
|turn|17
|
|t:|1758923638
|-terastallize|p2a: Iron Crown|Fighting
|move|p2a: Iron Crown|Focus Blast|p1a: Kingambit
|-supereffective|p1a: Kingambit
|-damage|p1a: Kingambit|0 fnt
|faint|p1a: Kingambit
|-end|p1a: Kingambit|fallenundefined|[silent]
|
|upkeep
|
|t:|1758923645
|switch|p1a: Slowking|Slowking-Galar, F, tera:Water|89/100 psn
|-damage|p1a: Slowking|77/100 psn|[from] Spikes
|turn|18
|
|t:|1758923651
|move|p2a: Iron Crown|Psyshock|p1a: Slowking
|-crit|p1a: Slowking
|-damage|p1a: Slowking|0 fnt
|faint|p1a: Slowking
|
|upkeep
|
|t:|1758923658
|switch|p1a: Moltres|Moltres|100/100
|turn|19
|
|t:|1758923663
|move|p2a: Iron Crown|Psyshock|p1a: Moltres
|-damage|p1a: Moltres|65/100
|move|p1a: Moltres|Flamethrower|p2a: Iron Crown
|-damage|p2a: Iron Crown|67/100
|
|upkeep
|turn|20
|
|t:|1758923671
|move|p2a: Iron Crown|Calm Mind|p2a: Iron Crown
|-boost|p2a: Iron Crown|spa|1
|-boost|p2a: Iron Crown|spd|1
|move|p1a: Moltres|Roost|p1a: Moltres
|-heal|p1a: Moltres|100/100
|-singleturn|p1a: Moltres|move: Roost
|
|upkeep
|turn|21
|j| Showdown GOAT
|
|t:|1758923677
|move|p2a: Iron Crown|Psyshock|p1a: Moltres
|-damage|p1a: Moltres|50/100
|move|p1a: Moltres|Roar|p2a: Iron Crown
|-end|p2a: Iron Crown|Quark Drive|[silent]
|drag|p2a: Glimmora|Glimmora, F|49/100
|
|upkeep
|turn|22
|
|t:|1758923684
|move|p2a: Glimmora|Power Gem|p1a: Moltres
|-supereffective|p1a: Moltres
|-damage|p1a: Moltres|0 fnt
|faint|p1a: Moltres
|
|upkeep
|
|t:|1758923690
|switch|p1a: Great Tusk|Great Tusk|93/100
|-status|p1a: Great Tusk|psn
|-damage|p1a: Great Tusk|81/100 psn|[from] Spikes
|turn|23
|
|t:|1758923696
|switch|p2a: Gholdengo|Gholdengo|14/100 brn
|move|p1a: Great Tusk|Stealth Rock|p2a: Gholdengo
|-sidestart|p2: tokiwakano|move: Stealth Rock
|
|-damage|p1a: Great Tusk|68/100 psn|[from] psn
|-damage|p2a: Gholdengo|7/100 brn|[from] brn
|upkeep
|turn|24
|
|t:|1758923701
|-end|p1a: Great Tusk|Protosynthesis|[silent]
|switch|p1a: Ogerpon|Ogerpon-Wellspring, F|4/100
|-status|p1a: Ogerpon|psn
|-damage|p1a: Ogerpon|0 fnt|[from] Spikes
|faint|p1a: Ogerpon
|move|p2a: Gholdengo|Shadow Ball|p1: Ogerpon|[notarget]
|-fail|p2a: Gholdengo
|
|-damage|p2a: Gholdengo|1/100 brn|[from] brn
|upkeep
|
|t:|1758923707
|switch|p1a: Dragapult|Dragapult, M|100/100
|turn|25
|
|t:|1758923712
|switch|p2a: Glimmora|Glimmora, F|49/100
|-damage|p2a: Glimmora|36/100|[from] Stealth Rock
|move|p1a: Dragapult|Hex|p2a: Glimmora
|-damage|p2a: Glimmora|7/100
|
|upkeep
|turn|26
|
|t:|1758923718
|move|p1a: Dragapult|Hex|p2a: Glimmora
|-damage|p2a: Glimmora|0 fnt
|faint|p2a: Glimmora
|
|upkeep
|
|t:|1758923724
|switch|p2a: Primarina|Primarina, F|39/100
|-damage|p2a: Primarina|26/100|[from] Stealth Rock
|turn|27
|
|t:|1758923729
|move|p1a: Dragapult|U-turn|p2a: Primarina
|-resisted|p2a: Primarina
|-damage|p2a: Primarina|11/100
|
|t:|1758923734
|switch|p1a: Great Tusk|Great Tusk|68/100 psn|[from] U-turn
|-damage|p1a: Great Tusk|56/100 psn|[from] Spikes
|move|p2a: Primarina|Moonblast|p1a: Great Tusk
|-supereffective|p1a: Great Tusk
|-damage|p1a: Great Tusk|0 fnt
|faint|p1a: Great Tusk
|-end|p1a: Great Tusk|Protosynthesis|[silent]
|
|upkeep
|
|t:|1758923740
|switch|p1a: Dragapult|Dragapult, M|100/100
|turn|28
|
|t:|1758923745
|move|p1a: Dragapult|U-turn|p2a: Primarina
|-resisted|p2a: Primarina
|-damage|p2a: Primarina|0 fnt
|faint|p2a: Primarina
|
|upkeep
|
|t:|1758923747
|switch|p2a: Landorus|Landorus-Therian, M|84/100
|-damage|p2a: Landorus|72/100|[from] Stealth Rock
|-ability|p2a: Landorus|Intimidate|boost
|-unboost|p1a: Dragapult|atk|1
|turn|29
|
|t:|1758923753
|move|p1a: Dragapult|Will-O-Wisp|p2a: Landorus|[miss]
|-miss|p1a: Dragapult|p2a: Landorus
|move|p2a: Landorus|Earthquake|p1a: Dragapult
|-damage|p1a: Dragapult|36/100
|
|upkeep
|turn|30
|
|t:|1758923759
|move|p1a: Dragapult|Will-O-Wisp|p2a: Landorus|[miss]
|-miss|p1a: Dragapult|p2a: Landorus
|move|p2a: Landorus|Earthquake|p1a: Dragapult
|-damage|p1a: Dragapult|0 fnt
|faint|p1a: Dragapult
|
|win|tokiwakano
|raw|lerendezvous's rating: 1749 &rarr; <strong>1730</strong><br />(-19 for losing)
|raw|tokiwakano's rating: 1764 &rarr; <strong>1783</strong><br />(+19 for winning)
