|badge|p1|silver|gen9ou|30-6
|html|<div class="broadcast-red"><strong>This battle is required to be public due to one or more player having a season medal.</strong><br />During the public phase, you can discuss the state of the ladder <a href="/seasondiscussion">in a special chatroom.</a></div>
|uhtml|medal-msg|<div class="broadcast-blue">Curious what those medals under the avatar are? PS now has Ladder Seasons! For more information, check out the <a href="https://www.smogon.com/forums/threads/3740067/">thread on Smogon.</a></div>
|badge|p2|bronze|gen9ou|100-6
|uhtml|medal-msg|<div class="broadcast-blue">Curious what those medals under the avatar are? PS now has Ladder Seasons! For more information, check out the <a href="https://www.smogon.com/forums/threads/3740067/">thread on Smogon.</a></div>
|raw|<div class="broadcast-blue"><strong>This battle is required to be public due to a player having a name starting with 'medal'.</div>
|j|☆800813trap
|j|☆lvBreakfast
|t:|1758951121
|gametype|singles
|player|p1|800813trap|lass-gen4dp|1948
|player|p2|lvBreakfast|psychic-gen4|1869
|gen|9
|tier|[Gen 9] OU
|rated|
|rule|HP Percentage Mod: HP is shown in percentages
|rule|Endless Battle Clause: Forcing endless battles is banned
|rule|Species Clause: Limit one of each Pokémon
|rule|OHKO Clause: OHKO moves are banned
|rule|Evasion Items Clause: Evasion items are banned
|rule|Evasion Moves Clause: Evasion moves are banned
|rule|Evasion Abilities Clause: Evasion abilities are banned
|rule|Sleep Moves Clause: Sleep-inducing moves are banned
|clearpoke
|poke|p1|Iron Moth|
|poke|p1|Great Tusk|
|poke|p1|Ninetales, F|
|poke|p1|Walking Wake|
|poke|p1|Hatterene, F|
|poke|p1|Raging Bolt|
|poke|p2|Zapdos|
|poke|p2|Sinistcha|
|poke|p2|Weavile, F|
|poke|p2|Keldeo|
|poke|p2|Goodra-Hisui, F|
|poke|p2|Ting-Lu|
|teampreview
|j| larp legion
|j| Almighty Sa'
|j| amefurikoneko
|
|t:|1758951130
|teamsize|p1|6
|teamsize|p2|6
|start
|switch|p1a: Ninetales|Ninetales, F|100/100
|switch|p2a: Ting-Loui|Ting-Lu|100/100
|-weather|SunnyDay|[from] ability: Drought|[of] p1a: Ninetales
|-ability|p2a: Ting-Loui|Vessel of Ruin
|turn|1
|
|t:|1758951136
|switch|p1a: Great Tusk|Great Tusk|100/100
|-activate|p1a: Great Tusk|ability: Protosynthesis
|-start|p1a: Great Tusk|protosynthesisatk
|move|p2a: Ting-Loui|Earthquake|p1a: Great Tusk
|-damage|p1a: Great Tusk|75/100
|
|-weather|SunnyDay|[upkeep]
|upkeep
|turn|2
|j| A.Omnipotent
|
|t:|1758951143
|-end|p1a: Great Tusk|Protosynthesis|[silent]
|switch|p1a: Hatterene|Hatterene, F|100/100
|move|p2a: Ting-Loui|Stealth Rock|p1a: Hatterene
|move|p1a: Hatterene|Stealth Rock|p2a: Ting-Loui|[from] ability: Magic Bounce
|-sidestart|p2: lvBreakfast|move: Stealth Rock
|
|-weather|SunnyDay|[upkeep]
|upkeep
|turn|3
|
|t:|1758951148
|switch|p2a: Goodra|Goodra-Hisui, F|100/100
|-damage|p2a: Goodra|94/100|[from] Stealth Rock
|switch|p1a: Walking Wake|Walking Wake|100/100
|-activate|p1a: Walking Wake|ability: Protosynthesis
|-start|p1a: Walking Wake|protosynthesisspe
|
|-weather|SunnyDay|[upkeep]
|upkeep
|turn|4
|
|t:|1758951152
|move|p1a: Walking Wake|Flip Turn|p2a: Goodra
|-resisted|p2a: Goodra
|-damage|p2a: Goodra|91/100
|
|t:|1758951153
|-end|p1a: Walking Wake|Protosynthesis|[silent]
|switch|p1a: Hatterene|Hatterene, F|100/100|[from] Flip Turn
|move|p2a: Goodra|Draco Meteor|p1a: Hatterene
|-immune|p1a: Hatterene
|
|-weather|SunnyDay|[upkeep]
|upkeep
|turn|5
|
|t:|1758951156
|switch|p1a: Great Tusk|Great Tusk|75/100
|-activate|p1a: Great Tusk|ability: Protosynthesis
|-start|p1a: Great Tusk|protosynthesisatk
|move|p2a: Goodra|Sludge Bomb|p1a: Great Tusk
|-resisted|p1a: Great Tusk
|-damage|p1a: Great Tusk|65/100
|-status|p1a: Great Tusk|psn
|
|-weather|SunnyDay|[upkeep]
|-damage|p1a: Great Tusk|53/100 psn|[from] psn
|upkeep
|turn|6
|
|t:|1758951165
|switch|p2a: Glue eater|Keldeo, shiny|100/100
|move|p1a: Great Tusk|Ice Spinner|p2a: Glue eater
|-resisted|p2a: Glue eater
|-damage|p2a: Glue eater|76/100
|
|-weather|SunnyDay|[upkeep]
|-damage|p1a: Great Tusk|40/100 psn|[from] psn
|upkeep
|turn|7
|
|t:|1758951173
|-end|p1a: Great Tusk|Protosynthesis|[silent]
|switch|p1a: Walking Wake|Walking Wake|100/100
|-activate|p1a: Walking Wake|ability: Protosynthesis
|-start|p1a: Walking Wake|protosynthesisspe
|move|p2a: Glue eater|Flip Turn|p1a: Walking Wake
|-resisted|p1a: Walking Wake
|-damage|p1a: Walking Wake|99/100
|j| locked in bro
|
|t:|1758951179
|switch|p2a: Goodra|Goodra-Hisui, F|91/100|[from] Flip Turn
|-damage|p2a: Goodra|85/100|[from] Stealth Rock
|
|-weather|SunnyDay|[upkeep]
|upkeep
|turn|8
|
|t:|1758951181
|move|p1a: Walking Wake|Flip Turn|p2a: Goodra
|-resisted|p2a: Goodra
|-damage|p2a: Goodra|82/100
|
|t:|1758951183
|-end|p1a: Walking Wake|Protosynthesis|[silent]
|switch|p1a: Hatterene|Hatterene, F|100/100|[from] Flip Turn
|move|p2a: Goodra|Draco Meteor|p1a: Hatterene
|-immune|p1a: Hatterene
|
|-weather|none
|upkeep
|turn|9
|
|t:|1758951189
|switch|p1a: Ninetales|Ninetales, F|100/100
|-weather|SunnyDay|[from] ability: Drought|[of] p1a: Ninetales
|move|p2a: Goodra|Knock Off|p1a: Ninetales
|-damage|p1a: Ninetales|73/100
|-enditem|p1a: Ninetales|Heat Rock|[from] move: Knock Off|[of] p2a: Goodra
|
|-weather|SunnyDay|[upkeep]
|upkeep
|turn|10
|
|t:|1758951195
|switch|p1a: Great Tusk|Great Tusk|40/100 psn
|-activate|p1a: Great Tusk|ability: Protosynthesis
|-start|p1a: Great Tusk|protosynthesisatk
|switch|p2a: Ting-Loui|Ting-Lu|100/100
|-damage|p2a: Ting-Loui|94/100|[from] Stealth Rock
|-ability|p2a: Ting-Loui|Vessel of Ruin
|
|-weather|SunnyDay|[upkeep]
|-heal|p2a: Ting-Loui|100/100|[from] item: Leftovers
|-damage|p1a: Great Tusk|28/100 psn|[from] psn
|upkeep
|turn|11
|
|t:|1758951197
|move|p1a: Great Tusk|Headlong Rush|p2a: Ting-Loui
|-damage|p2a: Ting-Loui|57/100
|-unboost|p1a: Great Tusk|def|1
|-unboost|p1a: Great Tusk|spd|1
|move|p2a: Ting-Loui|Stealth Rock|p1a: Great Tusk
|-sidestart|p1: 800813trap|move: Stealth Rock
|
|-weather|SunnyDay|[upkeep]
|-heal|p2a: Ting-Loui|63/100|[from] item: Leftovers
|-damage|p1a: Great Tusk|16/100 psn|[from] psn
|upkeep
|turn|12
|
|t:|1758951202
|move|p1a: Great Tusk|Ice Spinner|p2a: Ting-Loui
|-supereffective|p2a: Ting-Loui
|-damage|p2a: Ting-Loui|27/100
|move|p2a: Ting-Loui|Spikes|p1a: Great Tusk
|-sidestart|p1: 800813trap|Spikes
|
|-weather|SunnyDay|[upkeep]
|-heal|p2a: Ting-Loui|33/100|[from] item: Leftovers
|-damage|p1a: Great Tusk|3/100 psn|[from] psn
|upkeep
|turn|13
|j| yrmpa
|
|t:|1758951205
|switch|p2a: Sinister Tea ;)|Sinistcha|100/100
|move|p1a: Great Tusk|Ice Spinner|p2a: Sinister Tea ;)
|-supereffective|p2a: Sinister Tea ;)
|-damage|p2a: Sinister Tea ;)|43/100
|
|-weather|SunnyDay|[upkeep]
|-damage|p1a: Great Tusk|0 fnt|[from] psn
|faint|p1a: Great Tusk
|-end|p1a: Great Tusk|Protosynthesis|[silent]
|upkeep
|
|t:|1758951208
|switch|p1a: Raging Bolt|Raging Bolt|100/100
|-damage|p1a: Raging Bolt|88/100|[from] Stealth Rock
|-damage|p1a: Raging Bolt|76/100|[from] Spikes
|-activate|p1a: Raging Bolt|ability: Protosynthesis
|-start|p1a: Raging Bolt|protosynthesisspa
|turn|14
|
|t:|1758951212
|move|p1a: Raging Bolt|Thunderbolt|p2a: Sinister Tea ;)
|-resisted|p2a: Sinister Tea ;)
|-damage|p2a: Sinister Tea ;)|0 fnt
|faint|p2a: Sinister Tea ;)
|-damage|p1a: Raging Bolt|66/100|[from] item: Life Orb
|
|-weather|SunnyDay|[upkeep]
|upkeep
|
|t:|1758951228
|switch|p2a: Weavile|Weavile, F|100/100
|turn|15
|
|t:|1758951231
|move|p2a: Weavile|Ice Shard|p1a: Raging Bolt
|-supereffective|p1a: Raging Bolt
|-damage|p1a: Raging Bolt|28/100
|move|p1a: Raging Bolt|Thunderclap||[still]
|-fail|p1a: Raging Bolt
|
|-weather|SunnyDay|[upkeep]
|upkeep
|turn|16
|
|t:|1758951236
|move|p2a: Weavile|Ice Shard|p1a: Raging Bolt
|-supereffective|p1a: Raging Bolt
|-damage|p1a: Raging Bolt|0 fnt
|faint|p1a: Raging Bolt
|-end|p1a: Raging Bolt|Protosynthesis|[silent]
|
|-weather|none
|upkeep
|
|t:|1758951237
|switch|p1a: Iron Moth|Iron Moth|100/100
|-damage|p1a: Iron Moth|76/100|[from] Stealth Rock
|-damage|p1a: Iron Moth|63/100|[from] Spikes
|-enditem|p1a: Iron Moth|Booster Energy
|-activate|p1a: Iron Moth|ability: Quark Drive|[fromitem]
|-start|p1a: Iron Moth|quarkdrivespa
|turn|17
|
|t:|1758951246
|move|p2a: Weavile|Knock Off|p1a: Iron Moth
|-damage|p1a: Iron Moth|7/100
|move|p1a: Iron Moth|Fiery Dance|p2a: Weavile
|-supereffective|p2a: Weavile
|-damage|p2a: Weavile|0 fnt
|-boost|p1a: Iron Moth|spa|1
|faint|p2a: Weavile
|
|upkeep
|
|t:|1758951251
|switch|p2a: Glue eater|Keldeo, shiny|76/100
|turn|18
|
|t:|1758951254
|-end|p1a: Iron Moth|Quark Drive|[silent]
|switch|p1a: Hatterene|Hatterene, F|100/100
|-damage|p1a: Hatterene|88/100|[from] Stealth Rock
|-damage|p1a: Hatterene|76/100|[from] Spikes
|move|p2a: Glue eater|Vacuum Wave|p1a: Hatterene
|-resisted|p1a: Hatterene
|-damage|p1a: Hatterene|71/100
|-enditem|p1a: Hatterene|Red Card|[of] p2a: Glue eater
|drag|p2a: Goodra|Goodra-Hisui, F|82/100
|-damage|p2a: Goodra|76/100|[from] Stealth Rock
|
|upkeep
|turn|19
|
|t:|1758951260
|move|p2a: Goodra|Sludge Bomb|p1a: Hatterene
|-supereffective|p1a: Hatterene
|-damage|p1a: Hatterene|21/100
|move|p1a: Hatterene|Psyshock|p2a: Goodra
|-resisted|p2a: Goodra
|-damage|p2a: Goodra|59/100
|
|upkeep
|turn|20
|
|t:|1758951265
|move|p2a: Goodra|Sludge Bomb|p1a: Hatterene
|-supereffective|p1a: Hatterene
|-damage|p1a: Hatterene|0 fnt
|faint|p1a: Hatterene
|
|upkeep
|
|t:|1758951267
|switch|p1a: Ninetales|Ninetales, F|73/100
|-damage|p1a: Ninetales|48/100|[from] Stealth Rock
|-damage|p1a: Ninetales|36/100|[from] Spikes
|-weather|SunnyDay|[from] ability: Drought|[of] p1a: Ninetales
|turn|21
|
|t:|1758951271
|move|p1a: Ninetales|Healing Wish|p1a: Ninetales
|faint|p1a: Ninetales
|move|p2a: Goodra|Dragon Tail|p1: Ninetales|[notarget]
|-fail|p2a: Goodra
|
|-weather|SunnyDay|[upkeep]
|upkeep
|
|t:|1758951275
|switch|p1a: Walking Wake|Walking Wake|99/100
|-heal|p1a: Walking Wake|100/100|[from] move: Healing Wish
|-damage|p1a: Walking Wake|88/100|[from] Stealth Rock
|-damage|p1a: Walking Wake|76/100|[from] Spikes
|-activate|p1a: Walking Wake|ability: Protosynthesis
|-start|p1a: Walking Wake|protosynthesisspe
|turn|22
|
|t:|1758951280
|move|p1a: Walking Wake|Weather Ball|p2a: Goodra
|-damage|p2a: Goodra|41/100
|move|p2a: Goodra|Dragon Tail|p1a: Walking Wake
|-supereffective|p1a: Walking Wake
|-damage|p1a: Walking Wake|36/100
|-end|p1a: Walking Wake|Protosynthesis|[silent]
|drag|p1a: Iron Moth|Iron Moth|7/100
|-damage|p1a: Iron Moth|0 fnt|[from] Stealth Rock
|faint|p1a: Iron Moth
|-end|p1a: Iron Moth|Quark Drive|[silent]
|
|-weather|SunnyDay|[upkeep]
|upkeep
|
|t:|1758951285
|switch|p1a: Walking Wake|Walking Wake|36/100
|-damage|p1a: Walking Wake|24/100|[from] Stealth Rock
|-damage|p1a: Walking Wake|11/100|[from] Spikes
|-activate|p1a: Walking Wake|ability: Protosynthesis
|-start|p1a: Walking Wake|protosynthesisspe
|turn|23
|-message|800813trap forfeited.
|
|win|lvBreakfast
|raw|800813trap's rating: 1948 &rarr; <strong>1924</strong><br />(-24 for losing)
|raw|lvBreakfast's rating: 1869 &rarr; <strong>1893</strong><br />(+24 for winning)
|l|☆800813trap
|player|p1|
|c|☆lvBreakfast|Gg
|l| Almighty Sa'
|l| larp legion
|l| amefurikoneko
|l| locked in bro
|l| A.Omnipotent
