|j|☆But I Won Tho
|j|☆Samarand
|t:|1758953396
|gametype|singles
|player|p1|But I Won Tho|gentleman|1415
|player|p2|Samarand|veteranf|1419
|gen|9
|tier|[Gen 9] OU
|rated|
|rule|HP Percentage Mod: HP is shown in percentages
|rule|Endless Battle Clause: Forcing endless battles is banned
|rule|Species Clause: Limit one of each Pokémon
|rule|OHKO Clause: OHKO moves are banned
|rule|Evasion Items Clause: Evasion items are banned
|rule|Evasion Moves Clause: Evasion moves are banned
|rule|Evasion Abilities Clause: Evasion abilities are banned
|rule|Sleep Moves Clause: Sleep-inducing moves are banned
|clearpoke
|poke|p1|Pelipper, F|
|poke|p1|Barraskewda, M|
|poke|p1|Kingdra, F|
|poke|p1|Great Tusk|
|poke|p1|Hoopa-Unbound|
|poke|p1|Dondozo, M|
|poke|p2|Delphox, F|
|poke|p2|Glimmora, M|
|poke|p2|Toucannon, M|
|poke|p2|Primarina, M|
|poke|p2|Meowscarada, F|
|poke|p2|Iron Treads|
|teampreview
|inactive|Battle timer is ON: inactive players will automatically lose when time's up. (requested by But I Won Tho)
|
|t:|1758953419
|teamsize|p1|6
|teamsize|p2|6
|start
|switch|p1a: Hoopa|Hoopa-Unbound|100/100
|switch|p2a: Glimmora|Glimmora, M|100/100
|turn|1
|
|t:|1758953446
|move|p2a: Glimmora|Sludge Wave|p1a: Hoopa
|-damage|p1a: Hoopa|77/100
|move|p1a: Hoopa|Future Sight|p2a: Glimmora
|-start|p1a: Hoopa|move: Future Sight
|
|upkeep
|turn|2
|
|t:|1758953457
|switch|p2a: Meowscarada|Meowscarada, F|100/100
|move|p1a: Hoopa|Thunderbolt|p2a: Meowscarada
|-resisted|p2a: Meowscarada
|-damage|p2a: Meowscarada|72/100
|-status|p2a: Meowscarada|par
|
|upkeep
|turn|3
|
|t:|1758953471
|-terastallize|p1a: Hoopa|Poison
|move|p1a: Hoopa|Tera Blast|p2a: Meowscarada|[anim] Tera Blast Poison
|-supereffective|p2a: Meowscarada
|-damage|p2a: Meowscarada|0 fnt
|faint|p2a: Meowscarada
|
|-hint|Future Sight did not hit because the target is fainted.
|upkeep
|
|t:|1758953493
|switch|p2a: Iron Treads|Iron Treads|100/100
|turn|4
|
|t:|1758953503
|switch|p1a: Pelipper|Pelipper, F|100/100
|-weather|RainDance|[from] ability: Drizzle|[of] p1a: Pelipper
|move|p2a: Iron Treads|Earthquake|p1a: Pelipper
|-immune|p1a: Pelipper
|
|-weather|RainDance|[upkeep]
|upkeep
|turn|5
|
|t:|1758953508
|-end|p2a: Iron Treads|Quark Drive|[silent]
|switch|p2a: Primarina|Primarina, M|100/100
|move|p1a: Pelipper|Weather Ball|p2a: Primarina
|-resisted|p2a: Primarina
|-damage|p2a: Primarina|80/100
|
|-weather|RainDance|[upkeep]
|-heal|p2a: Primarina|86/100|[from] item: Leftovers
|upkeep
|turn|6
|
|t:|1758953517
|move|p1a: Pelipper|U-turn|p2a: Primarina
|-resisted|p2a: Primarina
|-damage|p2a: Primarina|81/100
|
|t:|1758953523
|switch|p1a: Hoopa|Hoopa-Unbound, tera:Poison|77/100|[from] U-turn
|move|p2a: Primarina|Moonblast|p1a: Hoopa
|-resisted|p1a: Hoopa
|-damage|p1a: Hoopa|65/100
|
|-weather|RainDance|[upkeep]
|-heal|p2a: Primarina|87/100|[from] item: Leftovers
|upkeep
|turn|7
|
|t:|1758953529
|switch|p2a: Iron Treads|Iron Treads|100/100
|move|p1a: Hoopa|Future Sight|p2a: Iron Treads
|-start|p1a: Hoopa|move: Future Sight
|
|-weather|RainDance|[upkeep]
|upkeep
|turn|8
|
|t:|1758953539
|switch|p1a: Dondozo|Dondozo, M|100/100
|move|p2a: Iron Treads|Stealth Rock|p1a: Dondozo
|-sidestart|p1: But I Won Tho|move: Stealth Rock
|
|-weather|RainDance|[upkeep]
|upkeep
|turn|9
|
|t:|1758953559
|-end|p2a: Iron Treads|Quark Drive|[silent]
|switch|p2a: Delphox|Delphox, F|100/100
|move|p1a: Dondozo|Waterfall|p2a: Delphox
|-supereffective|p2a: Delphox
|-damage|p2a: Delphox|0 fnt
|faint|p2a: Delphox
|
|-weather|RainDance|[upkeep]
|-hint|Future Sight did not hit because the target is fainted.
|upkeep
|
|t:|1758953569
|switch|p2a: Primarina|Primarina, M|87/100
|turn|10
|
|t:|1758953577
|switch|p1a: Hoopa|Hoopa-Unbound, tera:Poison|65/100
|-damage|p1a: Hoopa|52/100|[from] Stealth Rock
|move|p2a: Primarina|Surf|p1a: Hoopa
|-damage|p1a: Hoopa|19/100
|
|-weather|RainDance|[upkeep]
|-heal|p2a: Primarina|93/100|[from] item: Leftovers
|upkeep
|turn|11
|inactive|Samarand has 120 seconds left.
|
|t:|1758953609
|move|p1a: Hoopa|Future Sight|p2a: Primarina
|-start|p1a: Hoopa|move: Future Sight
|move|p2a: Primarina|Surf|p1a: Hoopa
|-damage|p1a: Hoopa|0 fnt
|faint|p1a: Hoopa
|
|-weather|none
|-heal|p2a: Primarina|99/100|[from] item: Leftovers
|upkeep
|
|t:|1758953614
|switch|p1a: Pelipper|Pelipper, F|100/100
|-damage|p1a: Pelipper|76/100|[from] Stealth Rock
|-weather|RainDance|[from] ability: Drizzle|[of] p1a: Pelipper
|turn|12
|
|t:|1758953622
|switch|p2a: Iron Treads|Iron Treads|100/100
|move|p1a: Pelipper|Hurricane|p2a: Iron Treads
|-resisted|p2a: Iron Treads
|-damage|p2a: Iron Treads|74/100
|-start|p2a: Iron Treads|confusion
|
|-weather|RainDance|[upkeep]
|-heal|p2a: Iron Treads|80/100|[from] item: Leftovers
|upkeep
|turn|13
|
|t:|1758953632
|-activate|p2a: Iron Treads|confusion
|move|p2a: Iron Treads|Knock Off|p1a: Pelipper
|-damage|p1a: Pelipper|53/100
|-enditem|p1a: Pelipper|Damp Rock|[from] move: Knock Off|[of] p2a: Iron Treads
|move|p1a: Pelipper|Weather Ball|p2a: Iron Treads
|-supereffective|p2a: Iron Treads
|-damage|p2a: Iron Treads|0 fnt
|faint|p2a: Iron Treads
|-end|p2a: Iron Treads|Quark Drive|[silent]
|
|-weather|RainDance|[upkeep]
|-hint|Future Sight did not hit because the target is fainted.
|upkeep
|
|t:|1758953651
|switch|p2a: Primarina|Primarina, M|99/100
|turn|14
|
|t:|1758953659
|move|p1a: Pelipper|Hurricane|p2a: Primarina
|-damage|p2a: Primarina|67/100
|move|p2a: Primarina|Moonblast|p1a: Pelipper
|-damage|p1a: Pelipper|0 fnt
|faint|p1a: Pelipper
|
|-weather|RainDance|[upkeep]
|-heal|p2a: Primarina|73/100|[from] item: Leftovers
|upkeep
|
|t:|1758953669
|switch|p1a: Kingdra|Kingdra, F|100/100
|-damage|p1a: Kingdra|88/100|[from] Stealth Rock
|turn|15
|
|t:|1758953673
|move|p1a: Kingdra|Hurricane|p2a: Primarina
|-damage|p2a: Primarina|29/100
|-start|p2a: Primarina|confusion
|-activate|p2a: Primarina|confusion
|move|p2a: Primarina|Moonblast|p1a: Kingdra
|-supereffective|p1a: Kingdra
|-damage|p1a: Kingdra|0 fnt
|faint|p1a: Kingdra
|
|-weather|RainDance|[upkeep]
|-heal|p2a: Primarina|35/100|[from] item: Leftovers
|upkeep
|
|t:|1758953680
|switch|p1a: Barraskewda|Barraskewda, M|100/100
|-damage|p1a: Barraskewda|88/100|[from] Stealth Rock
|turn|16
|
|t:|1758953695
|switch|p2a: Glimmora|Glimmora, M|100/100
|move|p1a: Barraskewda|Liquidation|p2a: Glimmora
|-supereffective|p2a: Glimmora
|-damage|p2a: Glimmora|0 fnt
|-activate|p2a: Glimmora|ability: Toxic Debris
|-sidestart|p1: But I Won Tho|move: Toxic Spikes
|faint|p2a: Glimmora
|
|-weather|RainDance|[upkeep]
|upkeep
|
|t:|1758953702
|switch|p2a: Toucannon|Toucannon, M|100/100
|turn|17
|
|t:|1758953709
|-terastallize|p2a: Toucannon|Grass
|-singleturn|p2a: Toucannon|move: Beak Blast
|move|p1a: Barraskewda|Liquidation|p2a: Toucannon
|-resisted|p2a: Toucannon
|-damage|p2a: Toucannon|57/100
|-status|p1a: Barraskewda|brn
|-unboost|p2a: Toucannon|def|1
|-damage|p1a: Barraskewda|72/100 brn|[from] item: Rocky Helmet|[of] p2a: Toucannon
|move|p2a: Toucannon|Beak Blast|p1a: Barraskewda
|-damage|p1a: Barraskewda|0 fnt
|faint|p1a: Barraskewda
|
|-weather|RainDance|[upkeep]
|upkeep
|
|t:|1758953728
|switch|p1a: Great Tusk|Great Tusk|100/100
|-damage|p1a: Great Tusk|98/100|[from] Stealth Rock
|-status|p1a: Great Tusk|psn
|turn|18
|
|t:|1758953731
|-singleturn|p2a: Toucannon|move: Beak Blast
|move|p1a: Great Tusk|Rapid Spin|p2a: Toucannon
|-damage|p2a: Toucannon|39/100
|-boost|p1a: Great Tusk|spe|1
|-damage|p1a: Great Tusk|81/100 psn|[from] item: Rocky Helmet|[of] p2a: Toucannon
|-sideend|p1: But I Won Tho|Toxic Spikes|[from] move: Rapid Spin|[of] p1a: Great Tusk
|-sideend|p1: But I Won Tho|Stealth Rock|[from] move: Rapid Spin|[of] p1a: Great Tusk
|move|p2a: Toucannon|Beak Blast|p1a: Great Tusk
|-supereffective|p1a: Great Tusk
|-damage|p1a: Great Tusk|42/100 psn
|
|-weather|RainDance|[upkeep]
|-damage|p1a: Great Tusk|30/100 psn|[from] psn
|upkeep
|turn|19
|
|t:|1758953744
|move|p1a: Great Tusk|Knock Off|p2a: Toucannon
|-damage|p2a: Toucannon|7/100
|-damage|p1a: Great Tusk|13/100 psn|[from] item: Rocky Helmet|[of] p2a: Toucannon
|-enditem|p2a: Toucannon|Rocky Helmet|[from] move: Knock Off|[of] p1a: Great Tusk
|move|p2a: Toucannon|Roost|p2a: Toucannon
|-heal|p2a: Toucannon|57/100
|
|-weather|none
|-damage|p1a: Great Tusk|1/100 psn|[from] psn
|upkeep
|turn|20
|-message|But I Won Tho forfeited.
|
|win|Samarand
|raw|But I Won Tho's rating: 1415 &rarr; <strong>1395</strong><br />(-20 for losing)
|raw|Samarand's rating: 1419 &rarr; <strong>1439</strong><br />(+20 for winning)
|l|☆But I Won Tho
|player|p1|
|l|☆Samarand
|player|p2|
