|badge|p1|silver|gen9doublesou|30-6
|uhtml|medal-msg|<div class="broadcast-blue">Curious what those medals under the avatar are? PS now has Ladder Seasons! For more information, check out the <a href="https://www.smogon.com/forums/threads/3740067/">thread on Smogon.</a></div>
|j|☆3idk
|j|☆MiaTaylor612
|t:|1758952582
|gametype|singles
|player|p1|3idk|cynthia-masters|1655
|player|p2|MiaTaylor612|lady-gen4|1733
|gen|9
|tier|[Gen 9] OU
|rated|
|rule|HP Percentage Mod: HP is shown in percentages
|rule|Endless Battle Clause: Forcing endless battles is banned
|rule|Species Clause: Limit one of each Pokémon
|rule|OHKO Clause: OHKO moves are banned
|rule|Evasion Items Clause: Evasion items are banned
|rule|Evasion Moves Clause: Evasion moves are banned
|rule|Evasion Abilities Clause: Evasion abilities are banned
|rule|Sleep Moves Clause: Sleep-inducing moves are banned
|clearpoke
|poke|p1|Pelipper, F|
|poke|p1|Hatterene, F|
|poke|p1|Iron Treads|
|poke|p1|Toxicroak, F|
|poke|p1|Barraskewda, F|
|poke|p1|Zapdos|
|poke|p2|Hoopa-Unbound|
|poke|p2|Pecharunt|
|poke|p2|Slowking-Galar, F|
|poke|p2|Great Tusk|
|poke|p2|Corviknight, M|
|poke|p2|Cinderace, F|
|teampreview
|inactive|Battle timer is ON: inactive players will automatically lose when time's up. (requested by MiaTaylor612)
|inactive|3idk also wants the timer to be on.
|inactive|MiaTaylor612 has 120 seconds left.
|
|t:|1758952622
|teamsize|p1|6
|teamsize|p2|6
|start
|switch|p1a: Pelipper|Pelipper, F|100/100
|switch|p2a: Hoopa|Hoopa-Unbound|100/100
|-weather|RainDance|[from] ability: Drizzle|[of] p1a: Pelipper
|turn|1
|
|t:|1758952629
|switch|p1a: Hatterene|Hatterene, F|100/100
|move|p2a: Hoopa|Knock Off|p1a: Hatterene
|-damage|p1a: Hatterene|56/100
|-enditem|p1a: Hatterene|Eject Button|[from] move: Knock Off|[of] p2a: Hoopa
|
|-weather|RainDance|[upkeep]
|upkeep
|turn|2
|
|t:|1758952635
|switch|p2a: Slowking|Slowking-Galar, F|100/100
|move|p1a: Hatterene|Draining Kiss|p2a: Slowking
|-resisted|p2a: Slowking
|-damage|p2a: Slowking|94/100
|-heal|p1a: Hatterene|62/100|[from] drain|[of] p2a: Slowking
|
|-weather|RainDance|[upkeep]
|upkeep
|turn|3
|
|t:|1758952638
|switch|p1a: Iron Treads|Iron Treads|100/100
|-prepare|p2a: Slowking|Chilly Reception|[premajor]
|move|p2a: Slowking|Chilly Reception|p2a: Slowking
|-weather|Snowscape
|
|t:|1758952659
|switch|p2a: Cinderace|Cinderace, F|100/100|[from] Chilly Reception
|
|-weather|Snowscape|[upkeep]
|upkeep
|turn|4
|
|t:|1758952664
|-end|p1a: Iron Treads|Quark Drive|[silent]
|switch|p1a: Pelipper|Pelipper, F|100/100
|-weather|RainDance|[from] ability: Drizzle|[of] p1a: Pelipper
|move|p2a: Cinderace|U-turn|p1a: Pelipper
|-start|p2a: Cinderace|typechange|Bug|[from] ability: Libero
|-resisted|p1a: Pelipper
|-damage|p1a: Pelipper|84/100
|
|t:|1758952669
|switch|p2a: Hoopa|Hoopa-Unbound|100/100|[from] U-turn
|
|-weather|RainDance|[upkeep]
|upkeep
|turn|5
|
|t:|1758952675
|switch|p1a: Hatterene|Hatterene, F|62/100
|move|p2a: Hoopa|Thunderbolt|p1a: Hatterene
|-damage|p1a: Hatterene|21/100
|
|-weather|RainDance|[upkeep]
|upkeep
|turn|6
|
|t:|1758952681
|move|p2a: Hoopa|Knock Off|p1a: Hatterene
|-damage|p1a: Hatterene|0 fnt
|faint|p1a: Hatterene
|
|-weather|RainDance|[upkeep]
|upkeep
|
|t:|1758952686
|switch|p1a: Barraskewda|Barraskewda, F|100/100
|turn|7
|
|t:|1758952694
|switch|p2a: Cinderace|Cinderace, F|100/100
|-terastallize|p1a: Barraskewda|Water
|move|p1a: Barraskewda|Flip Turn|p2a: Cinderace
|-supereffective|p2a: Cinderace
|-damage|p2a: Cinderace|0 fnt
|faint|p2a: Cinderace
|
|t:|1758952706
|switch|p1a: Zapdos|Zapdos|100/100|[from] Flip Turn
|
|-weather|RainDance|[upkeep]
|upkeep
|
|t:|1758952711
|switch|p2a: Slowking|Slowking-Galar, F|100/100
|turn|8
|inactive|3idk has 120 seconds left.
|
|t:|1758952744
|move|p1a: Zapdos|Volt Switch|p2a: Slowking
|-damage|p2a: Slowking|67/100
|
|t:|1758952749
|switch|p1a: Barraskewda|Barraskewda, F, tera:Water|100/100|[from] Volt Switch
|-prepare|p2a: Slowking|Chilly Reception|[premajor]
|move|p2a: Slowking|Chilly Reception|p2a: Slowking
|-weather|Snowscape
|
|t:|1758952773
|switch|p2a: Corviknight|Corviknight, M|100/100|[from] Chilly Reception
|-ability|p2a: Corviknight|Pressure
|
|-weather|Snowscape|[upkeep]
|upkeep
|turn|9
|inactive|3idk has 120 seconds left.
|
|t:|1758952818
|-terastallize|p2a: Corviknight|Dragon
|move|p1a: Barraskewda|Flip Turn|p2a: Corviknight
|-resisted|p2a: Corviknight
|-crit|p2a: Corviknight
|-damage|p2a: Corviknight|72/100
|-damage|p1a: Barraskewda|84/100|[from] item: Rocky Helmet|[of] p2a: Corviknight
|
|t:|1758952822
|switch|p1a: Pelipper|Pelipper, F|84/100|[from] Flip Turn
|-weather|RainDance|[from] ability: Drizzle|[of] p1a: Pelipper
|move|p2a: Corviknight|U-turn|p1a: Pelipper
|-resisted|p1a: Pelipper
|-damage|p1a: Pelipper|77/100
|
|t:|1758952830
|switch|p2a: Slowking|Slowking-Galar, F|99/100|[from] U-turn
|
|-weather|RainDance|[upkeep]
|upkeep
|turn|10
|
|t:|1758952842
|move|p1a: Pelipper|Knock Off|p2a: Slowking
|-supereffective|p2a: Slowking
|-damage|p2a: Slowking|74/100
|-enditem|p2a: Slowking|Heavy-Duty Boots|[from] move: Knock Off|[of] p1a: Pelipper
|-prepare|p2a: Slowking|Chilly Reception|[premajor]
|move|p2a: Slowking|Chilly Reception|p2a: Slowking
|-weather|Snowscape
|
|t:|1758952848
|switch|p2a: Hoopa|Hoopa-Unbound|100/100|[from] Chilly Reception
|
|-weather|Snowscape|[upkeep]
|upkeep
|turn|11
|
|t:|1758952853
|switch|p1a: Iron Treads|Iron Treads|100/100
|move|p2a: Hoopa|Knock Off|p1a: Iron Treads
|-crit|p1a: Iron Treads
|-damage|p1a: Iron Treads|35/100
|-enditem|p1a: Iron Treads|Leftovers|[from] move: Knock Off|[of] p2a: Hoopa
|
|-weather|Snowscape|[upkeep]
|upkeep
|turn|12
|inactive|3idk has 120 seconds left.
|
|t:|1758952860
|move|p2a: Hoopa|Drain Punch|p1a: Iron Treads
|-supereffective|p1a: Iron Treads
|-damage|p1a: Iron Treads|0 fnt
|faint|p1a: Iron Treads
|-end|p1a: Iron Treads|Quark Drive|[silent]
|
|-weather|Snowscape|[upkeep]
|upkeep
|
|t:|1758952865
|switch|p1a: Barraskewda|Barraskewda, F, tera:Water|84/100
|turn|13
|
|t:|1758952872
|switch|p2a: Corviknight|Corviknight, M, tera:Dragon|72/100
|-ability|p2a: Corviknight|Pressure
|move|p1a: Barraskewda|Flip Turn|p2a: Corviknight
|-resisted|p2a: Corviknight
|-damage|p2a: Corviknight|52/100
|-damage|p1a: Barraskewda|68/100|[from] item: Rocky Helmet|[of] p2a: Corviknight
|
|t:|1758952879
|switch|p1a: Zapdos|Zapdos|100/100|[from] Flip Turn
|
|-weather|Snowscape|[upkeep]
|upkeep
|turn|14
|
|t:|1758952888
|switch|p2a: Slowking|Slowking-Galar, F|100/100
|move|p1a: Zapdos|Hurricane|p2a: Slowking
|-damage|p2a: Slowking|54/100
|
|-weather|none
|upkeep
|turn|15
|
|t:|1758952895
|move|p1a: Zapdos|Hurricane|p2a: Slowking
|-damage|p2a: Slowking|3/100
|move|p2a: Slowking|Sludge Bomb|p1a: Zapdos
|-damage|p1a: Zapdos|64/100
|
|upkeep
|turn|16
|
|t:|1758952903
|switch|p2a: Great Tusk|Great Tusk|100/100
|move|p1a: Zapdos|Hurricane|p2a: Great Tusk
|-supereffective|p2a: Great Tusk
|-damage|p2a: Great Tusk|0 fnt
|faint|p2a: Great Tusk
|-end|p2a: Great Tusk|Protosynthesis|[silent]
|
|upkeep
|
|t:|1758952904
|switch|p2a: Hoopa|Hoopa-Unbound|100/100
|turn|17
|
|t:|1758952915
|switch|p1a: Toxicroak|Toxicroak, F|100/100
|move|p2a: Hoopa|Psychic Noise|p1a: Toxicroak
|-supereffective|p1a: Toxicroak
|-damage|p1a: Toxicroak|0 fnt
|faint|p1a: Toxicroak
|
|upkeep
|
|t:|1758952919
|switch|p1a: Pelipper|Pelipper, F|77/100
|-weather|RainDance|[from] ability: Drizzle|[of] p1a: Pelipper
|turn|18
|
|t:|1758952922
|move|p2a: Hoopa|Thunderbolt|p1a: Pelipper
|-supereffective|p1a: Pelipper
|-crit|p1a: Pelipper
|-damage|p1a: Pelipper|0 fnt
|faint|p1a: Pelipper
|
|-weather|RainDance|[upkeep]
|upkeep
|
|t:|1758952927
|switch|p1a: Barraskewda|Barraskewda, F, tera:Water|68/100
|turn|19
|
|t:|1758952933
|switch|p2a: Slowking|Slowking-Galar, F|36/100
|move|p1a: Barraskewda|Flip Turn|p2a: Slowking
|-damage|p2a: Slowking|0 fnt
|faint|p2a: Slowking
|
|t:|1758952937
|switch|p1a: Zapdos|Zapdos|64/100|[from] Flip Turn
|
|-weather|RainDance|[upkeep]
|upkeep
|
|t:|1758952940
|switch|p2a: Hoopa|Hoopa-Unbound|100/100
|turn|20
|
|t:|1758952950
|move|p1a: Zapdos|Hurricane|p2a: Hoopa
|-damage|p2a: Hoopa|54/100
|move|p2a: Hoopa|Knock Off|p1a: Zapdos
|-damage|p1a: Zapdos|1/100
|-enditem|p1a: Zapdos|Choice Specs|[from] move: Knock Off|[of] p2a: Hoopa
|
|-weather|RainDance|[upkeep]
|upkeep
|turn|21
|inactive|3idk has 120 seconds left.
|
|t:|1758952985
|move|p1a: Zapdos|Hurricane|p2a: Hoopa
|-damage|p2a: Hoopa|19/100
|move|p2a: Hoopa|Thunderbolt|p1a: Zapdos
|-damage|p1a: Zapdos|0 fnt
|faint|p1a: Zapdos
|
|-weather|RainDance|[upkeep]
|upkeep
|
|t:|1758952989
|switch|p1a: Barraskewda|Barraskewda, F, tera:Water|68/100
|turn|22
|
|t:|1758952992
|move|p1a: Barraskewda|Liquidation|p2a: Hoopa
|-damage|p2a: Hoopa|0 fnt
|faint|p2a: Hoopa
|
|-weather|RainDance|[upkeep]
|upkeep
|
|t:|1758952994
|switch|p2a: Corviknight|Corviknight, M, tera:Dragon|52/100
|-ability|p2a: Corviknight|Pressure
|turn|23
|
|t:|1758953000
|move|p1a: Barraskewda|Liquidation|p2a: Corviknight
|-resisted|p2a: Corviknight
|-damage|p2a: Corviknight|8/100
|-damage|p1a: Barraskewda|51/100|[from] item: Rocky Helmet|[of] p2a: Corviknight
|move|p2a: Corviknight|Roost|p2a: Corviknight
|-heal|p2a: Corviknight|58/100
|
|-weather|RainDance|[upkeep]
|upkeep
|turn|24
|
|t:|1758953005
|move|p1a: Barraskewda|Liquidation|p2a: Corviknight
|-resisted|p2a: Corviknight
|-damage|p2a: Corviknight|18/100
|-damage|p1a: Barraskewda|35/100|[from] item: Rocky Helmet|[of] p2a: Corviknight
|move|p2a: Corviknight|Roost|p2a: Corviknight
|-heal|p2a: Corviknight|68/100
|
|-weather|RainDance|[upkeep]
|upkeep
|turn|25
|
|t:|1758953010
|move|p1a: Barraskewda|Liquidation|p2a: Corviknight
|-resisted|p2a: Corviknight
|-damage|p2a: Corviknight|25/100
|-damage|p1a: Barraskewda|19/100|[from] item: Rocky Helmet|[of] p2a: Corviknight
|move|p2a: Corviknight|Body Press|p1a: Barraskewda
|-damage|p1a: Barraskewda|0 fnt
|faint|p1a: Barraskewda
|
|win|MiaTaylor612
|raw|3idk's rating: 1655 &rarr; <strong>1639</strong><br />(-16 for losing)
|raw|MiaTaylor612's rating: 1733 &rarr; <strong>1749</strong><br />(+16 for winning)
|l|☆3idk
|player|p1|
