|j|☆Grimsley961116
|j|☆Evannnnnn
|t:|1759049536
|gametype|singles
|player|p1|Grimsley961116|grimsley|1389
|player|p2|Evannnnnn|veteran|1481
|gen|9
|tier|[Gen 9] OU
|rated|
|rule|HP Percentage Mod: HP is shown in percentages
|rule|Endless Battle Clause: Forcing endless battles is banned
|rule|Species Clause: Limit one of each Pokémon
|rule|OHKO Clause: OHKO moves are banned
|rule|Evasion Items Clause: Evasion items are banned
|rule|Evasion Moves Clause: Evasion moves are banned
|rule|Evasion Abilities Clause: Evasion abilities are banned
|rule|Sleep Moves Clause: Sleep-inducing moves are banned
|clearpoke
|poke|p1|Rotom-Wash|
|poke|p1|Torkoal, M|
|poke|p1|Garganacl, M|
|poke|p1|Arboliva, F|
|poke|p1|Ceruledge, F|
|poke|p1|Dragonite, M|
|poke|p2|Iron Crown|
|poke|p2|Samurott-Hisui, M|
|poke|p2|Zapdos|
|poke|p2|Dragapult, M|
|poke|p2|Great Tusk|
|poke|p2|Iron Boulder|
|teampreview
|inactive|Battle timer is ON: inactive players will automatically lose when time's up. (requested by Grimsley961116)
|
|t:|1759049564
|teamsize|p1|6
|teamsize|p2|6
|start
|switch|p1a: Rotom|Rotom-Wash|100/100
|switch|p2a: Everytime We Touch|Samurott-Hisui, M|100/100
|turn|1
|
|t:|1759049567
|move|p2a: Everytime We Touch|Flip Turn|p1a: Rotom
|-resisted|p1a: Rotom
|-damage|p1a: Rotom|81/100
|
|t:|1759049579
|switch|p2a: Mindreader|Iron Crown|100/100|[from] Flip Turn
|move|p1a: Rotom|Thunderbolt|p2a: Mindreader
|-damage|p2a: Mindreader|59/100
|
|upkeep
|turn|2
|
|t:|1759049583
|move|p1a: Rotom|Thunderbolt|p2a: Mindreader
|-damage|p2a: Mindreader|15/100
|move|p2a: Mindreader|Psyshock|p1a: Rotom
|-damage|p1a: Rotom|0 fnt
|faint|p1a: Rotom
|
|upkeep
|
|t:|1759049587
|switch|p1a: Ceruledge|Ceruledge, F, shiny|100/100
|turn|3
|
|t:|1759049612
|-end|p2a: Mindreader|Quark Drive|[silent]
|switch|p2a: Hurikan|Zapdos|100/100
|move|p1a: Ceruledge|Shadow Sneak|p2a: Hurikan
|-crit|p2a: Hurikan
|-damage|p2a: Hurikan|75/100
|
|upkeep
|turn|4
|
|t:|1759049615
|switch|p1a: Garganacl|Garganacl, M|100/100
|move|p2a: Hurikan|Discharge|p1a: Garganacl
|-damage|p1a: Garganacl|75/100
|
|-heal|p1a: Garganacl|81/100|[from] item: Leftovers
|upkeep
|turn|5
|
|t:|1759049620
|move|p2a: Hurikan|U-turn|p1a: Garganacl
|-damage|p1a: Garganacl|73/100
|
|t:|1759049626
|switch|p2a: Everytime We Touch|Samurott-Hisui, M|100/100|[from] U-turn
|move|p1a: Garganacl|Salt Cure|p2a: Everytime We Touch
|-damage|p2a: Everytime We Touch|83/100
|-start|p2a: Everytime We Touch|Salt Cure
|
|-heal|p1a: Garganacl|79/100|[from] item: Leftovers
|-damage|p2a: Everytime We Touch|58/100|[from] Salt Cure
|upkeep
|turn|6
|
|t:|1759049630
|move|p1a: Garganacl|Protect|p1a: Garganacl
|-singleturn|p1a: Garganacl|Protect
|move|p2a: Everytime We Touch|Flip Turn|p1a: Garganacl
|-activate|p1a: Garganacl|move: Protect
|
|-heal|p1a: Garganacl|85/100|[from] item: Leftovers
|-damage|p2a: Everytime We Touch|33/100|[from] Salt Cure
|upkeep
|turn|7
|
|t:|1759049635
|move|p2a: Everytime We Touch|Flip Turn|p1a: Garganacl
|-supereffective|p1a: Garganacl
|-damage|p1a: Garganacl|53/100
|
|t:|1759049639
|switch|p2a: Pump It|Great Tusk|100/100|[from] Flip Turn
|move|p1a: Garganacl|Substitute|p1a: Garganacl
|-start|p1a: Garganacl|Substitute
|-damage|p1a: Garganacl|28/100
|
|-heal|p1a: Garganacl|34/100|[from] item: Leftovers
|upkeep
|turn|8
|
|t:|1759049642
|move|p2a: Pump It|Headlong Rush|p1a: Garganacl
|-supereffective|p1a: Garganacl
|-end|p1a: Garganacl|Substitute
|-unboost|p2a: Pump It|def|1
|-unboost|p2a: Pump It|spd|1
|move|p1a: Garganacl|Salt Cure|p2a: Pump It
|-resisted|p2a: Pump It
|-damage|p2a: Pump It|97/100
|-start|p2a: Pump It|Salt Cure
|
|-heal|p1a: Garganacl|41/100|[from] item: Leftovers
|-damage|p2a: Pump It|84/100|[from] Salt Cure
|upkeep
|turn|9
|
|t:|1759049645
|move|p1a: Garganacl|Protect|p1a: Garganacl
|-singleturn|p1a: Garganacl|Protect
|move|p2a: Pump It|Headlong Rush|p1a: Garganacl
|-activate|p1a: Garganacl|move: Protect
|
|-heal|p1a: Garganacl|47/100|[from] item: Leftovers
|-damage|p2a: Pump It|72/100|[from] Salt Cure
|upkeep
|turn|10
|
|t:|1759049649
|switch|p1a: Dragonite|Dragonite, M, shiny|100/100
|move|p2a: Pump It|Headlong Rush|p1a: Dragonite
|-immune|p1a: Dragonite
|
|-damage|p2a: Pump It|60/100|[from] Salt Cure
|upkeep
|turn|11
|
|t:|1759049654
|-end|p2a: Pump It|Protosynthesis|[silent]
|switch|p2a: Hurikan|Zapdos|75/100
|move|p1a: Dragonite|Dragon Dance|p1a: Dragonite
|-boost|p1a: Dragonite|atk|1
|-boost|p1a: Dragonite|spe|1
|
|upkeep
|turn|12
|
|t:|1759049657
|switch|p1a: Garganacl|Garganacl, M|47/100
|move|p2a: Hurikan|Discharge|p1a: Garganacl
|-damage|p1a: Garganacl|23/100
|
|-heal|p1a: Garganacl|29/100|[from] item: Leftovers
|upkeep
|turn|13
|
|t:|1759049666
|switch|p2a: Parasite|Dragapult, M|100/100
|move|p1a: Garganacl|Recover|p1a: Garganacl
|-heal|p1a: Garganacl|79/100
|
|-heal|p1a: Garganacl|85/100|[from] item: Leftovers
|upkeep
|turn|14
|
|t:|1759049669
|move|p2a: Parasite|Dragon Darts|p1a: Garganacl
|-damage|p1a: Garganacl|64/100
|-anim|p2a: Parasite|Dragon Darts|p1a: Garganacl
|-damage|p1a: Garganacl|42/100
|move|p1a: Garganacl|Salt Cure|p2a: Parasite
|-damage|p2a: Parasite|83/100
|-start|p2a: Parasite|Salt Cure
|
|-heal|p1a: Garganacl|49/100|[from] item: Leftovers
|-damage|p2a: Parasite|70/100|[from] Salt Cure
|upkeep
|turn|15
|
|t:|1759049674
|switch|p2a: Mindreader|Iron Crown|15/100
|move|p1a: Garganacl|Protect||[still]
|-fail|p1a: Garganacl
|
|-heal|p1a: Garganacl|55/100|[from] item: Leftovers
|upkeep
|turn|16
|
|t:|1759049680
|switch|p1a: Torkoal|Torkoal, M|100/100
|move|p2a: Mindreader|Tachyon Cutter|p1a: Torkoal
|-resisted|p1a: Torkoal
|-damage|p1a: Torkoal|80/100
|-resisted|p1a: Torkoal
|-damage|p1a: Torkoal|59/100
|-hitcount|p1a: Torkoal|2
|
|upkeep
|turn|17
|inactive|Evannnnnn has 120 seconds left.
|
|t:|1759049717
|-end|p2a: Mindreader|Quark Drive|[silent]
|switch|p2a: Everytime We Touch|Samurott-Hisui, M|33/100
|move|p1a: Torkoal|Stealth Rock|p2a: Everytime We Touch
|-sidestart|p2: Evannnnnn|move: Stealth Rock
|
|upkeep
|turn|18
|
|t:|1759049728
|switch|p1a: Ceruledge|Ceruledge, F, shiny|100/100
|move|p2a: Everytime We Touch|Ceaseless Edge|p1a: Ceruledge
|-supereffective|p1a: Ceruledge
|-enditem|p1a: Ceruledge|Focus Sash
|-damage|p1a: Ceruledge|1/100
|-ability|p1a: Ceruledge|Weak Armor|boost
|-unboost|p1a: Ceruledge|def|1
|-boost|p1a: Ceruledge|spe|2
|-sidestart|p1: Grimsley961116|Spikes
|
|upkeep
|turn|19
|
|t:|1759049743
|switch|p2a: Hurikan|Zapdos|75/100
|move|p1a: Ceruledge|Destiny Bond|p1a: Ceruledge
|-singlemove|p1a: Ceruledge|Destiny Bond
|
|upkeep
|turn|20
|
|t:|1759049750
|move|p1a: Ceruledge|Bitter Blade|p2a: Hurikan
|-damage|p2a: Hurikan|40/100
|-heal|p1a: Ceruledge|24/100|[from] drain|[of] p2a: Hurikan
|move|p2a: Hurikan|Roost|p2a: Hurikan
|-heal|p2a: Hurikan|90/100
|-singleturn|p2a: Hurikan|move: Roost
|
|upkeep
|turn|21
|
|t:|1759049755
|move|p1a: Ceruledge|Bitter Blade|p2a: Hurikan
|-damage|p2a: Hurikan|55/100
|-heal|p1a: Ceruledge|47/100|[from] drain|[of] p2a: Hurikan
|-status|p1a: Ceruledge|par|[from] ability: Static|[of] p2a: Hurikan
|move|p2a: Hurikan|Roost|p2a: Hurikan
|-heal|p2a: Hurikan|100/100
|-singleturn|p2a: Hurikan|move: Roost
|
|upkeep
|turn|22
|
|t:|1759049762
|cant|p1a: Ceruledge|par
|move|p2a: Hurikan|Discharge|p1a: Ceruledge
|-damage|p1a: Ceruledge|9/100 par
|
|upkeep
|turn|23
|
|t:|1759049771
|move|p1a: Ceruledge|Bitter Blade|p2a: Hurikan
|-damage|p2a: Hurikan|62/100
|-heal|p1a: Ceruledge|34/100 par|[from] drain|[of] p2a: Hurikan
|move|p2a: Hurikan|Roost|p2a: Hurikan
|-heal|p2a: Hurikan|100/100
|-singleturn|p2a: Hurikan|move: Roost
|
|upkeep
|turn|24
|
|t:|1759049775
|cant|p1a: Ceruledge|par
|move|p2a: Hurikan|U-turn|p1a: Ceruledge
|-resisted|p1a: Ceruledge
|-damage|p1a: Ceruledge|28/100 par
|-ability|p1a: Ceruledge|Weak Armor|boost
|-unboost|p1a: Ceruledge|def|1
|-boost|p1a: Ceruledge|spe|2
|
|t:|1759049790
|switch|p2a: Pump It|Great Tusk|60/100|[from] U-turn
|
|upkeep
|turn|25
|
|t:|1759049794
|cant|p1a: Ceruledge|par
|move|p2a: Pump It|Headlong Rush|p1a: Ceruledge
|-supereffective|p1a: Ceruledge
|-damage|p1a: Ceruledge|0 fnt
|-unboost|p2a: Pump It|def|1
|-unboost|p2a: Pump It|spd|1
|faint|p1a: Ceruledge
|
|upkeep
|
|t:|1759049800
|switch|p1a: Dragonite|Dragonite, M, shiny|100/100
|turn|26
|
|t:|1759049812
|move|p2a: Pump It|Ice Spinner|p1a: Dragonite
|-supereffective|p1a: Dragonite
|-damage|p1a: Dragonite|39/100
|-enditem|p1a: Dragonite|Weakness Policy
|-boost|p1a: Dragonite|atk|2|[from] item: Weakness Policy
|-boost|p1a: Dragonite|spa|2|[from] item: Weakness Policy
|move|p1a: Dragonite|Dragon Dance|p1a: Dragonite
|-boost|p1a: Dragonite|atk|1
|-boost|p1a: Dragonite|spe|1
|
|upkeep
|turn|27
|
|t:|1759049819
|move|p1a: Dragonite|Dragon Claw|p2a: Pump It
|-damage|p2a: Pump It|0 fnt
|faint|p2a: Pump It
|-end|p2a: Pump It|Protosynthesis|[silent]
|
|upkeep
|
|t:|1759049822
|switch|p2a: Hurikan|Zapdos|100/100
|turn|28
|
|t:|1759049826
|move|p1a: Dragonite|Dragon Claw|p2a: Hurikan
|-damage|p2a: Hurikan|11/100
|move|p2a: Hurikan|Discharge|p1a: Dragonite
|-damage|p1a: Dragonite|4/100
|
|upkeep
|turn|29
|
|t:|1759049836
|move|p1a: Dragonite|Dragon Claw|p2a: Hurikan
|-damage|p2a: Hurikan|0 fnt
|faint|p2a: Hurikan
|
|upkeep
|
|t:|1759049839
|switch|p2a: Revery|Iron Boulder|100/100
|-damage|p2a: Revery|88/100|[from] Stealth Rock
|-enditem|p2a: Revery|Booster Energy
|-activate|p2a: Revery|ability: Quark Drive|[fromitem]
|-start|p2a: Revery|quarkdrivespe
|turn|30
|
|t:|1759049848
|-terastallize|p1a: Dragonite|Normal
|move|p1a: Dragonite|Extreme Speed|p2a: Revery
|-resisted|p2a: Revery
|-damage|p2a: Revery|12/100
|move|p2a: Revery|Mighty Cleave|p1a: Dragonite
|-damage|p1a: Dragonite|0 fnt
|faint|p1a: Dragonite
|
|upkeep
|
|t:|1759049858
|switch|p1a: Arboliva|Arboliva, F|100/100
|-damage|p1a: Arboliva|88/100|[from] Spikes
|turn|31
|
|t:|1759049867
|-terastallize|p2a: Revery|Fighting
|move|p2a: Revery|Close Combat|p1a: Arboliva
|-supereffective|p1a: Arboliva
|-crit|p1a: Arboliva
|-damage|p1a: Arboliva|0 fnt
|-unboost|p2a: Revery|def|1
|-unboost|p2a: Revery|spd|1
|-fieldstart|move: Grassy Terrain|[from] ability: Seed Sower|[of] p1a: Arboliva
|faint|p1a: Arboliva
|
|-heal|p2a: Revery|18/100|[from] Grassy Terrain
|upkeep
|-message|Grimsley961116 forfeited.
|
|win|Evannnnnn
|raw|Grimsley961116's rating: 1389 &rarr; <strong>1374</strong><br />(-15 for losing)
|raw|Evannnnnn's rating: 1481 &rarr; <strong>1496</strong><br />(+15 for winning)
|l|☆Grimsley961116
|player|p1|
|l|☆Evannnnnn
|player|p2|
