|j|☆zhihe7019
|j|☆zmeygoryth
|t:|1758974686
|gametype|singles
|player|p1|zhihe7019|cynthia|1303
|player|p2|zmeygoryth|rocketgrunt|1261
|gen|9
|tier|[Gen 9] OU
|rated|
|rule|HP Percentage Mod: HP is shown in percentages
|rule|Endless Battle Clause: Forcing endless battles is banned
|rule|Species Clause: Limit one of each Pokémon
|rule|OHKO Clause: OHKO moves are banned
|rule|Evasion Items Clause: Evasion items are banned
|rule|Evasion Moves Clause: Evasion moves are banned
|rule|Evasion Abilities Clause: Evasion abilities are banned
|rule|Sleep Moves Clause: Sleep-inducing moves are banned
|clearpoke
|poke|p1|Torkoal, F|
|poke|p1|Walking Wake|
|poke|p1|Scizor, F|
|poke|p1|Landorus-Therian, M|
|poke|p1|Great Tusk|
|poke|p1|Hatterene, F|
|poke|p2|Snorlax, M|
|poke|p2|Magnezone|
|poke|p2|Quagsire, M|
|poke|p2|Kleavor, F|
|poke|p2|Forretress, M|
|poke|p2|Scizor, F|
|teampreview
|inactive|Battle timer is ON: inactive players will automatically lose when time's up. (requested by zmeygoryth)
|inactive|zhihe7019 also wants the timer to be on.
|
|t:|1758974692
|teamsize|p1|6
|teamsize|p2|6
|start
|switch|p1a: Landorus|Landorus-Therian, M|100/100
|switch|p2a: Kleavor|Kleavor, F|100/100
|-ability|p1a: Landorus|Intimidate|boost
|-unboost|p2a: Kleavor|atk|1
|turn|1
|
|t:|1758974698
|move|p2a: Kleavor|Stone Axe|p1a: Landorus
|-damage|p1a: Landorus|75/100
|-damage|p2a: Kleavor|84/100|[from] item: Rocky Helmet|[of] p1a: Landorus
|-sidestart|p1: zhihe7019|move: Stealth Rock
|move|p1a: Landorus|Earthquake|p2a: Kleavor
|-damage|p2a: Kleavor|31/100
|
|upkeep
|turn|2
|
|t:|1758974702
|switch|p2a: Quagsire|Quagsire, M|100/100
|move|p1a: Landorus|Stealth Rock|p2a: Quagsire
|-sidestart|p2: zmeygoryth|move: Stealth Rock
|
|upkeep
|turn|3
|
|t:|1758974706
|move|p1a: Landorus|U-turn|p2a: Quagsire
|-damage|p2a: Quagsire|86/100
|
|t:|1758974708
|switch|p1a: Torkoal|Torkoal, F|100/100|[from] U-turn
|-damage|p1a: Torkoal|76/100|[from] Stealth Rock
|-weather|SunnyDay|[from] ability: Drought|[of] p1a: Torkoal
|move|p2a: Quagsire|Ice Beam|p1a: Torkoal
|-resisted|p1a: Torkoal
|-damage|p1a: Torkoal|67/100
|
|-weather|SunnyDay|[upkeep]
|-heal|p2a: Quagsire|92/100|[from] item: Leftovers
|upkeep
|turn|4
|
|t:|1758974716
|move|p2a: Quagsire|Earthquake|p1a: Torkoal
|-supereffective|p1a: Torkoal
|-damage|p1a: Torkoal|35/100
|move|p1a: Torkoal|Rapid Spin|p2a: Quagsire
|-damage|p2a: Quagsire|85/100
|-boost|p1a: Torkoal|spe|1
|-sideend|p1: zhihe7019|Stealth Rock|[from] move: Rapid Spin|[of] p1a: Torkoal
|
|-weather|SunnyDay|[upkeep]
|-heal|p2a: Quagsire|91/100|[from] item: Leftovers
|upkeep
|turn|5
|
|t:|1758974722
|switch|p1a: Hatterene|Hatterene, F|100/100
|move|p2a: Quagsire|Ice Beam|p1a: Hatterene
|-damage|p1a: Hatterene|84/100
|-enditem|p1a: Hatterene|Eject Button
|
|t:|1758974738
|switch|p1a: Walking Wake|Walking Wake|100/100
|-activate|p1a: Walking Wake|ability: Protosynthesis
|-start|p1a: Walking Wake|protosynthesisspe
|
|-weather|SunnyDay|[upkeep]
|-heal|p2a: Quagsire|97/100|[from] item: Leftovers
|upkeep
|turn|6
|
|t:|1758974761
|switch|p2a: Snorlax|Snorlax, M|100/100
|-damage|p2a: Snorlax|88/100|[from] Stealth Rock
|move|p1a: Walking Wake|Dragon Pulse|p2a: Snorlax
|-damage|p2a: Snorlax|70/100
|-damage|p1a: Walking Wake|91/100|[from] item: Life Orb
|
|-weather|SunnyDay|[upkeep]
|upkeep
|turn|7
|
|t:|1758974770
|move|p1a: Walking Wake|Hydro Steam|p2a: Snorlax
|-crit|p2a: Snorlax
|-damage|p2a: Snorlax|38/100
|-damage|p1a: Walking Wake|81/100|[from] item: Life Orb
|move|p2a: Snorlax|Body Slam|p1a: Walking Wake
|-damage|p1a: Walking Wake|46/100
|
|-weather|SunnyDay|[upkeep]
|upkeep
|turn|8
|
|t:|1758974778
|move|p1a: Walking Wake|Draco Meteor|p2a: Snorlax
|-damage|p2a: Snorlax|11/100
|-unboost|p1a: Walking Wake|spa|2
|-damage|p1a: Walking Wake|36/100|[from] item: Life Orb
|move|p2a: Snorlax|Body Slam|p1a: Walking Wake
|-damage|p1a: Walking Wake|3/100
|
|-weather|SunnyDay|[upkeep]
|upkeep
|turn|9
|
|t:|1758974788
|-end|p1a: Walking Wake|Protosynthesis|[silent]
|switch|p1a: Scizor|Scizor, F|100/100
|move|p2a: Snorlax|Body Slam|p1a: Scizor
|-resisted|p1a: Scizor
|-damage|p1a: Scizor|86/100
|
|-weather|SunnyDay|[upkeep]
|upkeep
|turn|10
|
|t:|1758974794
|switch|p2a: Quagsire|Quagsire, M|97/100
|-damage|p2a: Quagsire|91/100|[from] Stealth Rock
|move|p1a: Scizor|U-turn|p2a: Quagsire
|-crit|p2a: Quagsire
|-damage|p2a: Quagsire|22/100
|
|t:|1758974797
|switch|p1a: Hatterene|Hatterene, F|84/100|[from] U-turn
|
|-weather|none
|-heal|p2a: Quagsire|28/100|[from] item: Leftovers
|upkeep
|turn|11
|
|t:|1758974801
|move|p2a: Quagsire|Recover|p2a: Quagsire
|-heal|p2a: Quagsire|78/100
|move|p1a: Hatterene|Healing Wish|p1a: Hatterene
|faint|p1a: Hatterene
|
|-heal|p2a: Quagsire|84/100|[from] item: Leftovers
|upkeep
|
|t:|1758974803
|switch|p1a: Walking Wake|Walking Wake|3/100
|-heal|p1a: Walking Wake|100/100|[from] move: Healing Wish
|turn|12
|
|t:|1758974806
|-end|p1a: Walking Wake|Protosynthesis|[silent]
|switch|p1a: Scizor|Scizor, F|86/100
|move|p2a: Quagsire|Earthquake|p1a: Scizor
|-damage|p1a: Scizor|55/100
|
|-heal|p2a: Quagsire|90/100|[from] item: Leftovers
|upkeep
|turn|13
|
|t:|1758974811
|move|p1a: Scizor|U-turn|p2a: Quagsire
|-damage|p2a: Quagsire|45/100
|
|t:|1758974816
|switch|p1a: Torkoal|Torkoal, F|35/100|[from] U-turn
|-weather|SunnyDay|[from] ability: Drought|[of] p1a: Torkoal
|move|p2a: Quagsire|Ice Beam|p1a: Torkoal
|-resisted|p1a: Torkoal
|-damage|p1a: Torkoal|25/100
|
|-weather|SunnyDay|[upkeep]
|-heal|p2a: Quagsire|51/100|[from] item: Leftovers
|upkeep
|turn|14
|
|t:|1758974823
|switch|p1a: Scizor|Scizor, F|55/100
|move|p2a: Quagsire|Earthquake|p1a: Scizor
|-damage|p1a: Scizor|27/100
|
|-weather|SunnyDay|[upkeep]
|-heal|p2a: Quagsire|57/100|[from] item: Leftovers
|upkeep
|turn|15
|
|t:|1758974839
|move|p1a: Scizor|Close Combat|p2a: Quagsire
|-damage|p2a: Quagsire|11/100
|-unboost|p1a: Scizor|def|1
|-unboost|p1a: Scizor|spd|1
|move|p2a: Quagsire|Recover|p2a: Quagsire
|-heal|p2a: Quagsire|61/100
|
|-weather|SunnyDay|[upkeep]
|-heal|p2a: Quagsire|68/100|[from] item: Leftovers
|upkeep
|turn|16
|
|t:|1758974847
|switch|p1a: Great Tusk|Great Tusk|100/100
|-activate|p1a: Great Tusk|ability: Protosynthesis
|-start|p1a: Great Tusk|protosynthesisatk
|move|p2a: Quagsire|Recover|p2a: Quagsire
|-heal|p2a: Quagsire|100/100
|
|-weather|SunnyDay|[upkeep]
|upkeep
|turn|17
|
|t:|1758974852
|-terastallize|p1a: Great Tusk|Fire
|move|p1a: Great Tusk|Bulk Up|p1a: Great Tusk
|-boost|p1a: Great Tusk|atk|1
|-boost|p1a: Great Tusk|def|1
|move|p2a: Quagsire|Ice Beam|p1a: Great Tusk
|-resisted|p1a: Great Tusk
|-damage|p1a: Great Tusk|89/100
|
|-weather|SunnyDay|[upkeep]
|-heal|p1a: Great Tusk|95/100|[from] item: Leftovers
|upkeep
|turn|18
|
|t:|1758974855
|move|p1a: Great Tusk|Bulk Up|p1a: Great Tusk
|-boost|p1a: Great Tusk|atk|1
|-boost|p1a: Great Tusk|def|1
|move|p2a: Quagsire|Haze|p2a: Quagsire
|-clearallboost
|
|-weather|SunnyDay|[upkeep]
|-heal|p1a: Great Tusk|100/100|[from] item: Leftovers
|upkeep
|turn|19
|
|t:|1758974859
|move|p1a: Great Tusk|Headlong Rush|p2a: Quagsire
|-damage|p2a: Quagsire|32/100
|-unboost|p1a: Great Tusk|def|1
|-unboost|p1a: Great Tusk|spd|1
|move|p2a: Quagsire|Earthquake|p1a: Great Tusk
|-supereffective|p1a: Great Tusk
|-damage|p1a: Great Tusk|55/100
|
|-weather|SunnyDay|[upkeep]
|-heal|p1a: Great Tusk|61/100|[from] item: Leftovers
|-heal|p2a: Quagsire|38/100|[from] item: Leftovers
|upkeep
|turn|20
|
|t:|1758974870
|move|p1a: Great Tusk|Headlong Rush|p2a: Quagsire
|-damage|p2a: Quagsire|0 fnt
|-unboost|p1a: Great Tusk|def|1
|-unboost|p1a: Great Tusk|spd|1
|faint|p2a: Quagsire
|
|-weather|none
|-end|p1a: Great Tusk|Protosynthesis
|-heal|p1a: Great Tusk|68/100|[from] item: Leftovers
|upkeep
|
|t:|1758974872
|switch|p2a: Forretress|Forretress, M|100/100
|turn|21
|
|t:|1758974876
|-end|p1a: Great Tusk|Protosynthesis|[silent]
|switch|p1a: Torkoal|Torkoal, F|25/100
|-weather|SunnyDay|[from] ability: Drought|[of] p1a: Torkoal
|move|p2a: Forretress|Rapid Spin|p1a: Torkoal
|-damage|p1a: Torkoal|19/100
|-boost|p2a: Forretress|spe|1
|-sideend|p2: zmeygoryth|Stealth Rock|[from] move: Rapid Spin|[of] p2a: Forretress
|
|-weather|SunnyDay|[upkeep]
|upkeep
|turn|22
|
|t:|1758974885
|switch|p2a: Snorlax|Snorlax, M|11/100
|move|p1a: Torkoal|Stealth Rock|p2a: Snorlax
|-sidestart|p2: zmeygoryth|move: Stealth Rock
|
|-weather|SunnyDay|[upkeep]
|upkeep
|turn|23
|
|t:|1758974891
|move|p2a: Snorlax|Body Slam|p1a: Torkoal
|-damage|p1a: Torkoal|0 fnt
|faint|p1a: Torkoal
|
|-weather|SunnyDay|[upkeep]
|upkeep
|
|t:|1758974895
|switch|p1a: Scizor|Scizor, F|27/100
|turn|24
|
|t:|1758974898
|move|p1a: Scizor|U-turn|p2a: Snorlax
|-damage|p2a: Snorlax|0 fnt
|faint|p2a: Snorlax
|
|t:|1758974914
|switch|p1a: Walking Wake|Walking Wake|100/100|[from] U-turn
|-activate|p1a: Walking Wake|ability: Protosynthesis
|-start|p1a: Walking Wake|protosynthesisspe
|
|-weather|SunnyDay|[upkeep]
|upkeep
|
|t:|1758974920
|switch|p2a: Forretress|Forretress, M|100/100
|turn|25
|
|t:|1758974923
|move|p1a: Walking Wake|Flamethrower|p2a: Forretress
|-supereffective|p2a: Forretress
|-ability|p2a: Forretress|Sturdy
|-damage|p2a: Forretress|1/100
|-damage|p1a: Walking Wake|91/100|[from] item: Life Orb
|move|p2a: Forretress|Rapid Spin|p1a: Walking Wake
|-damage|p1a: Walking Wake|79/100
|-boost|p2a: Forretress|spe|1
|-sideend|p2: zmeygoryth|Stealth Rock|[from] move: Rapid Spin|[of] p2a: Forretress
|
|-weather|SunnyDay|[upkeep]
|upkeep
|turn|26
|
|t:|1758974935
|move|p1a: Walking Wake|Flamethrower|p2a: Forretress
|-supereffective|p2a: Forretress
|-damage|p2a: Forretress|0 fnt
|faint|p2a: Forretress
|-damage|p1a: Walking Wake|69/100|[from] item: Life Orb
|
|-weather|SunnyDay|[upkeep]
|upkeep
|
|t:|1758974937
|switch|p2a: Magnezone|Magnezone|100/100
|-item|p2a: Magnezone|Air Balloon
|turn|27
|
|t:|1758974941
|move|p1a: Walking Wake|Flamethrower|p2a: Magnezone
|-supereffective|p2a: Magnezone
|-damage|p2a: Magnezone|0 fnt
|-enditem|p2a: Magnezone|Air Balloon
|faint|p2a: Magnezone
|-damage|p1a: Walking Wake|59/100|[from] item: Life Orb
|
|-weather|SunnyDay|[upkeep]
|upkeep
|
|t:|1758974946
|switch|p2a: Scizor|Scizor, F|100/100
|turn|28
|
|t:|1758974948
|-terastallize|p2a: Scizor|Steel
|move|p2a: Scizor|Bullet Punch|p1a: Walking Wake
|-resisted|p1a: Walking Wake
|-damage|p1a: Walking Wake|21/100
|move|p1a: Walking Wake|Flamethrower|p2a: Scizor
|-supereffective|p2a: Scizor
|-damage|p2a: Scizor|0 fnt
|faint|p2a: Scizor
|-damage|p1a: Walking Wake|11/100|[from] item: Life Orb
|
|-weather|none
|-end|p1a: Walking Wake|Protosynthesis
|upkeep
|
|t:|1758974952
|switch|p2a: Kleavor|Kleavor, F|31/100
|turn|29
|
|t:|1758974954
|move|p2a: Kleavor|Stone Axe|p1a: Walking Wake
|-damage|p1a: Walking Wake|0 fnt
|-sidestart|p1: zhihe7019|move: Stealth Rock
|faint|p1a: Walking Wake
|-end|p1a: Walking Wake|Protosynthesis|[silent]
|
|upkeep
|
|t:|1758974957
|switch|p1a: Scizor|Scizor, F|27/100
|-damage|p1a: Scizor|15/100|[from] Stealth Rock
|turn|30
|
|t:|1758974960
|move|p1a: Scizor|Bullet Punch|p2a: Kleavor
|-supereffective|p2a: Kleavor
|-damage|p2a: Kleavor|0 fnt
|faint|p2a: Kleavor
|
|win|zhihe7019
|raw|zhihe7019's rating: 1303 &rarr; <strong>1321</strong><br />(+18 for winning)
|raw|zmeygoryth's rating: 1261 &rarr; <strong>1239</strong><br />(-22 for losing)
|l|☆zmeygoryth
|player|p2|
|l|☆zhihe7019
|player|p1|
