|j|☆fggghhhjjjyd
|j|☆K1raaWasTaken
|t:|1758991446
|gametype|singles
|player|p1|fggghhhjjjyd|169|1070
|player|p2|K1raaWasTaken|ghetsis|1112
|gen|9
|tier|[Gen 9] OU
|rated|
|rule|HP Percentage Mod: HP is shown in percentages
|rule|Endless Battle Clause: Forcing endless battles is banned
|rule|Species Clause: Limit one of each Pokémon
|rule|OHKO Clause: OHKO moves are banned
|rule|Evasion Items Clause: Evasion items are banned
|rule|Evasion Moves Clause: Evasion moves are banned
|rule|Evasion Abilities Clause: Evasion abilities are banned
|rule|Sleep Moves Clause: Sleep-inducing moves are banned
|clearpoke
|poke|p1|Dragonite, M|
|poke|p1|Zamazenta-*|
|poke|p1|Ogerpon-Wellspring, F|
|poke|p1|Kyurem|
|poke|p1|Cinderace, F|
|poke|p1|Iron Crown|
|poke|p2|Rampardos, F|
|poke|p2|Hatterene, F|
|poke|p2|Iron Moth|
|poke|p2|Great Tusk|
|poke|p2|Dondozo, F|
|poke|p2|Florges, F|
|teampreview
|
|t:|1758991452
|teamsize|p1|6
|teamsize|p2|6
|start
|switch|p1a: Cinderace|Cinderace, F|100/100
|switch|p2a: Great Tusk|Great Tusk|100/100
|turn|1
|
|t:|1758991471
|-end|p2a: Great Tusk|Protosynthesis|[silent]
|switch|p2a: Dondozo|Dondozo, F|100/100
|move|p1a: Cinderace|Trailblaze|p2a: Dondozo
|-start|p1a: Cinderace|typechange|Grass|[from] ability: Libero
|-supereffective|p2a: Dondozo
|-damage|p2a: Dondozo|77/100
|-boost|p1a: Cinderace|spe|1
|
|-heal|p2a: Dondozo|84/100|[from] item: Leftovers
|upkeep
|turn|2
|
|t:|1758991490
|move|p1a: Cinderace|High Jump Kick|p2a: Dondozo
|-damage|p2a: Dondozo|66/100
|move|p2a: Dondozo|Curse|p2a: Dondozo
|-unboost|p2a: Dondozo|spe|1
|-boost|p2a: Dondozo|atk|1
|-boost|p2a: Dondozo|def|1
|
|-heal|p2a: Dondozo|72/100|[from] item: Leftovers
|upkeep
|turn|3
|
|t:|1758991510
|move|p1a: Cinderace|U-turn|p2a: Dondozo
|-damage|p2a: Dondozo|65/100
|
|t:|1758991515
|switch|p1a: Iron Crown|Iron Crown|100/100|[from] U-turn
|-enditem|p1a: Iron Crown|Booster Energy
|-activate|p1a: Iron Crown|ability: Quark Drive|[fromitem]
|-start|p1a: Iron Crown|quarkdrivespe
|move|p2a: Dondozo|Body Press|p1a: Iron Crown
|-damage|p1a: Iron Crown|56/100
|
|-heal|p2a: Dondozo|71/100|[from] item: Leftovers
|upkeep
|turn|4
|
|t:|1758991529
|switch|p2a: Florges|Florges, F|100/100
|move|p1a: Iron Crown|Psychic|p2a: Florges
|-damage|p2a: Florges|80/100
|
|-heal|p2a: Florges|86/100|[from] item: Leftovers
|upkeep
|turn|5
|
|t:|1758991544
|move|p1a: Iron Crown|Tachyon Cutter|p2a: Florges
|-supereffective|p2a: Florges
|-crit|p2a: Florges
|-damage|p2a: Florges|52/100
|-supereffective|p2a: Florges
|-damage|p2a: Florges|29/100
|-hitcount|p2a: Florges|2
|move|p2a: Florges|Moonblast|p1a: Iron Crown
|-resisted|p1a: Iron Crown
|-damage|p1a: Iron Crown|40/100
|
|-heal|p2a: Florges|35/100|[from] item: Leftovers
|upkeep
|turn|6
|
|t:|1758991556
|move|p1a: Iron Crown|Tachyon Cutter|p2a: Florges
|-supereffective|p2a: Florges
|-damage|p2a: Florges|9/100
|-supereffective|p2a: Florges
|-crit|p2a: Florges
|-damage|p2a: Florges|0 fnt
|faint|p2a: Florges
|-hitcount|p2: Florges|2
|
|upkeep
|
|t:|1758991567
|switch|p2a: Hatterene|Hatterene, F|100/100
|turn|7
|
|t:|1758991577
|move|p1a: Iron Crown|Tachyon Cutter|p2a: Hatterene
|-supereffective|p2a: Hatterene
|-damage|p2a: Hatterene|50/100
|-supereffective|p2a: Hatterene
|-damage|p2a: Hatterene|0 fnt
|faint|p2a: Hatterene
|-hitcount|p2: Hatterene|2
|
|upkeep
|
|t:|1758991584
|switch|p2a: Rampardos|Rampardos, F|100/100
|turn|8
|
|t:|1758991588
|move|p1a: Iron Crown|Tachyon Cutter|p2a: Rampardos
|-supereffective|p2a: Rampardos
|-damage|p2a: Rampardos|30/100
|-supereffective|p2a: Rampardos
|-damage|p2a: Rampardos|0 fnt
|faint|p2a: Rampardos
|-hitcount|p2: Rampardos|2
|
|upkeep
|
|t:|1758991595
|switch|p2a: Great Tusk|Great Tusk|100/100
|turn|9
|
|t:|1758991599
|move|p1a: Iron Crown|Tera Blast|p2a: Great Tusk
|-damage|p2a: Great Tusk|68/100
|move|p2a: Great Tusk|Close Combat|p1a: Iron Crown
|-damage|p1a: Iron Crown|0 fnt
|-unboost|p2a: Great Tusk|def|1
|-unboost|p2a: Great Tusk|spd|1
|faint|p1a: Iron Crown
|-end|p1a: Iron Crown|Quark Drive|[silent]
|
|-heal|p2a: Great Tusk|75/100|[from] item: Leftovers
|upkeep
|
|t:|1758991616
|switch|p1a: Kyurem|Kyurem|100/100
|-ability|p1a: Kyurem|Pressure
|turn|10
|
|t:|1758991622
|move|p1a: Kyurem|Dragon Dance|p1a: Kyurem
|-boost|p1a: Kyurem|atk|1
|-boost|p1a: Kyurem|spe|1
|move|p2a: Great Tusk|Stealth Rock|p1a: Kyurem
|-sidestart|p1: fggghhhjjjyd|move: Stealth Rock
|
|-heal|p2a: Great Tusk|81/100|[from] item: Leftovers
|upkeep
|turn|11
|
|t:|1758991635
|move|p1a: Kyurem|Icicle Spear|p2a: Great Tusk
|-supereffective|p2a: Great Tusk
|-damage|p2a: Great Tusk|46/100
|-supereffective|p2a: Great Tusk
|-damage|p2a: Great Tusk|7/100
|-supereffective|p2a: Great Tusk
|-damage|p2a: Great Tusk|0 fnt
|faint|p2a: Great Tusk
|-end|p2a: Great Tusk|Protosynthesis|[silent]
|-hitcount|p2: Great Tusk|3
|
|upkeep
|
|t:|1758991643
|switch|p2a: Dondozo|Dondozo, F|71/100
|turn|12
|
|t:|1758991649
|move|p1a: Kyurem|Scale Shot|p2a: Dondozo
|-damage|p2a: Dondozo|65/100
|-damage|p2a: Dondozo|59/100
|-damage|p2a: Dondozo|54/100
|-damage|p2a: Dondozo|48/100
|-damage|p2a: Dondozo|43/100
|-hitcount|p2a: Dondozo|5
|-unboost|p1a: Kyurem|def|1
|-boost|p1a: Kyurem|spe|1
|move|p2a: Dondozo|Body Press|p1a: Kyurem
|-supereffective|p1a: Kyurem
|-damage|p1a: Kyurem|48/100
|
|-heal|p2a: Dondozo|49/100|[from] item: Leftovers
|upkeep
|turn|13
|
|t:|1758991668
|move|p1a: Kyurem|Scale Shot|p2a: Dondozo
|-damage|p2a: Dondozo|43/100
|-damage|p2a: Dondozo|37/100
|-damage|p2a: Dondozo|31/100
|-damage|p2a: Dondozo|25/100
|-hitcount|p2a: Dondozo|4
|-unboost|p1a: Kyurem|def|1
|-boost|p1a: Kyurem|spe|1
|move|p2a: Dondozo|Body Press|p1a: Kyurem
|-supereffective|p1a: Kyurem
|-damage|p1a: Kyurem|0 fnt
|faint|p1a: Kyurem
|
|-heal|p2a: Dondozo|32/100|[from] item: Leftovers
|upkeep
|
|t:|1758991685
|switch|p1a: Dragonite|Dragonite, M|100/100
|turn|14
|
|t:|1758991689
|move|p1a: Dragonite|Dragon Dance|p1a: Dragonite
|-boost|p1a: Dragonite|atk|1
|-boost|p1a: Dragonite|spe|1
|move|p2a: Dondozo|Rest|p2a: Dondozo
|-status|p2a: Dondozo|slp|[from] move: Rest
|-heal|p2a: Dondozo|100/100 slp|[silent]
|
|upkeep
|turn|15
|
|t:|1758991700
|move|p1a: Dragonite|Dragon Dance|p1a: Dragonite
|-boost|p1a: Dragonite|atk|1
|-boost|p1a: Dragonite|spe|1
|cant|p2a: Dondozo|slp
|
|upkeep
|turn|16
|
|t:|1758991707
|move|p1a: Dragonite|Dragon Dance|p1a: Dragonite
|-boost|p1a: Dragonite|atk|1
|-boost|p1a: Dragonite|spe|1
|cant|p2a: Dondozo|slp
|
|upkeep
|turn|17
|
|t:|1758991714
|move|p1a: Dragonite|Dragon Dance|p1a: Dragonite
|-boost|p1a: Dragonite|atk|1
|-boost|p1a: Dragonite|spe|1
|-curestatus|p2a: Dondozo|slp|[msg]
|move|p2a: Dondozo|Liquidation|p1a: Dragonite
|-resisted|p1a: Dragonite
|-damage|p1a: Dragonite|94/100
|
|upkeep
|turn|18
|
|t:|1758991724
|move|p1a: Dragonite|Dragon Claw|p2a: Dondozo
|-damage|p2a: Dondozo|80/100
|move|p2a: Dondozo|Curse|p2a: Dondozo
|-unboost|p2a: Dondozo|spe|1
|-boost|p2a: Dondozo|atk|1
|-boost|p2a: Dondozo|def|1
|
|-heal|p2a: Dondozo|86/100|[from] item: Leftovers
|upkeep
|turn|19
|
|t:|1758991735
|move|p1a: Dragonite|Dragon Dance|p1a: Dragonite
|-boost|p1a: Dragonite|atk|1
|-boost|p1a: Dragonite|spe|1
|move|p2a: Dondozo|Curse|p2a: Dondozo
|-unboost|p2a: Dondozo|spe|1
|-boost|p2a: Dondozo|atk|1
|-boost|p2a: Dondozo|def|1
|
|-heal|p2a: Dondozo|92/100|[from] item: Leftovers
|upkeep
|turn|20
|
|t:|1758991748
|move|p1a: Dragonite|Dragon Claw|p2a: Dondozo
|-damage|p2a: Dondozo|82/100
|move|p2a: Dondozo|Curse|p2a: Dondozo
|-unboost|p2a: Dondozo|spe|1
|-boost|p2a: Dondozo|atk|1
|-boost|p2a: Dondozo|def|1
|
|-heal|p2a: Dondozo|88/100|[from] item: Leftovers
|upkeep
|turn|21
|
|t:|1758991759
|move|p1a: Dragonite|Dragon Claw|p2a: Dondozo
|-damage|p2a: Dondozo|79/100
|move|p2a: Dondozo|Curse|p2a: Dondozo
|-unboost|p2a: Dondozo|spe|1
|-boost|p2a: Dondozo|atk|1
|-boost|p2a: Dondozo|def|1
|
|-heal|p2a: Dondozo|86/100|[from] item: Leftovers
|upkeep
|turn|22
|
|t:|1758991769
|move|p1a: Dragonite|Dragon Dance|p1a: Dragonite
|-boost|p1a: Dragonite|atk|1
|-boost|p1a: Dragonite|spe|1
|move|p2a: Dondozo|Curse|p2a: Dondozo
|-unboost|p2a: Dondozo|spe|1
|-boost|p2a: Dondozo|atk|1
|-boost|p2a: Dondozo|def|1
|
|-heal|p2a: Dondozo|92/100|[from] item: Leftovers
|upkeep
|turn|23
|
|t:|1758991779
|move|p1a: Dragonite|Dragon Claw|p2a: Dondozo
|-damage|p2a: Dondozo|86/100
|move|p2a: Dondozo|Body Press|p1a: Dragonite
|-resisted|p1a: Dragonite
|-damage|p1a: Dragonite|47/100
|
|-heal|p2a: Dondozo|92/100|[from] item: Leftovers
|upkeep
|turn|24
|
|t:|1758991789
|move|p1a: Dragonite|Dragon Claw|p2a: Dondozo
|-damage|p2a: Dondozo|86/100
|move|p2a: Dondozo|Body Press|p1a: Dragonite
|-resisted|p1a: Dragonite
|-damage|p1a: Dragonite|2/100
|
|-heal|p2a: Dondozo|92/100|[from] item: Leftovers
|upkeep
|turn|25
|
|t:|1758991799
|move|p1a: Dragonite|Dragon Claw|p2a: Dondozo
|-damage|p2a: Dondozo|86/100
|move|p2a: Dondozo|Curse|p2a: Dondozo
|-unboost|p2a: Dondozo|spe|1
|-boost|p2a: Dondozo|atk|1
|-boost|p2a: Dondozo|def|1
|
|-heal|p2a: Dondozo|92/100|[from] item: Leftovers
|upkeep
|turn|26
|
|t:|1758991809
|move|p1a: Dragonite|Dragon Claw|p2a: Dondozo
|-damage|p2a: Dondozo|86/100
|move|p2a: Dondozo|Body Press|p1a: Dragonite
|-resisted|p1a: Dragonite
|-damage|p1a: Dragonite|0 fnt
|faint|p1a: Dragonite
|
|-heal|p2a: Dondozo|92/100|[from] item: Leftovers
|upkeep
|
|t:|1758991824
|switch|p1a: Ogerpon|Ogerpon-Wellspring, F|100/100
|-damage|p1a: Ogerpon|88/100|[from] Stealth Rock
|turn|27
|
|t:|1758991832
|move|p1a: Ogerpon|Horn Leech|p2a: Dondozo
|-supereffective|p2a: Dondozo
|-damage|p2a: Dondozo|83/100
|-heal|p1a: Ogerpon|96/100|[from] drain|[of] p2a: Dondozo
|move|p2a: Dondozo|Body Press|p1a: Ogerpon
|-damage|p1a: Ogerpon|0 fnt
|faint|p1a: Ogerpon
|
|-heal|p2a: Dondozo|89/100|[from] item: Leftovers
|upkeep
|
|t:|1758991844
|switch|p1a: Cinderace|Cinderace, F|100/100
|-damage|p1a: Cinderace|76/100|[from] Stealth Rock
|turn|28
|-message|fggghhhjjjyd forfeited.
|
|win|K1raaWasTaken
|raw|fggghhhjjjyd's rating: 1070 &rarr; <strong>1052</strong><br />(-18 for losing)
|raw|K1raaWasTaken's rating: 1112 &rarr; <strong>1134</strong><br />(+22 for winning)
|l|☆fggghhhjjjyd
|player|p1|
|l|☆K1raaWasTaken
|player|p2|
