|j|☆evilredpotato
|j|☆Stathyster
|t:|1759053826
|gametype|singles
|player|p1|evilredpotato|pokekid|1110
|player|p2|Stathyster|266|1092
|gen|9
|tier|[Gen 9] OU
|rated|
|rule|HP Percentage Mod: HP is shown in percentages
|rule|Endless Battle Clause: Forcing endless battles is banned
|rule|Species Clause: Limit one of each Pokémon
|rule|OHKO Clause: OHKO moves are banned
|rule|Evasion Items Clause: Evasion items are banned
|rule|Evasion Moves Clause: Evasion moves are banned
|rule|Evasion Abilities Clause: Evasion abilities are banned
|rule|Sleep Moves Clause: Sleep-inducing moves are banned
|clearpoke
|poke|p1|Garganacl, M|
|poke|p1|Cloyster, F|
|poke|p1|Polteageist|
|poke|p1|Pecharunt|
|poke|p1|Incineroar, M|
|poke|p1|Rabsca, F|
|poke|p2|Pincurchin, M|
|poke|p2|Iron Moth|
|poke|p2|Iron Thorns|
|poke|p2|Iron Jugulis|
|poke|p2|Iron Hands|
|poke|p2|Ribombee, M|
|teampreview
|
|t:|1759053833
|teamsize|p1|6
|teamsize|p2|6
|start
|switch|p1a: Polteageist|Polteageist, shiny|100/100
|switch|p2a: Pincurchin|Pincurchin, M|100/100
|-fieldstart|move: Electric Terrain|[from] ability: Electric Surge|[of] p2a: Pincurchin
|turn|1
|
|t:|1759053852
|switch|p2a: Iron Jugulis|Iron Jugulis|100/100
|-activate|p2a: Iron Jugulis|ability: Quark Drive
|-start|p2a: Iron Jugulis|quarkdrivespe
|move|p1a: Polteageist|Shell Smash|p1a: Polteageist
|-unboost|p1a: Polteageist|def|1
|-unboost|p1a: Polteageist|spd|1
|-boost|p1a: Polteageist|atk|2
|-boost|p1a: Polteageist|spa|2
|-boost|p1a: Polteageist|spe|2
|
|upkeep
|turn|2
|
|t:|1759053870
|switch|p1a: Pecharunt|Pecharunt|100/100
|move|p2a: Iron Jugulis|Dark Pulse|p1a: Pecharunt
|-supereffective|p1a: Pecharunt
|-damage|p1a: Pecharunt|28/100
|
|-heal|p1a: Pecharunt|34/100|[from] item: Leftovers
|upkeep
|turn|3
|
|t:|1759053879
|move|p2a: Iron Jugulis|Dark Pulse|p1a: Pecharunt
|-supereffective|p1a: Pecharunt
|-damage|p1a: Pecharunt|0 fnt
|faint|p1a: Pecharunt
|
|upkeep
|
|t:|1759053888
|switch|p1a: Cloyster|Cloyster, F|100/100
|turn|4
|
|t:|1759053896
|move|p2a: Iron Jugulis|Hyper Voice|p1a: Cloyster
|-damage|p1a: Cloyster|23/100
|-enditem|p2a: Iron Jugulis|Throat Spray
|-boost|p2a: Iron Jugulis|spa|1|[from] item: Throat Spray
|move|p1a: Cloyster|Shell Smash|p1a: Cloyster
|-unboost|p1a: Cloyster|def|1
|-unboost|p1a: Cloyster|spd|1
|-boost|p1a: Cloyster|atk|2
|-boost|p1a: Cloyster|spa|2
|-boost|p1a: Cloyster|spe|2
|-enditem|p1a: Cloyster|White Herb
|-clearnegativeboost|p1a: Cloyster|[silent]
|
|upkeep
|turn|5
|
|t:|1759053908
|move|p2a: Iron Jugulis|Dark Pulse|p1a: Cloyster
|-damage|p1a: Cloyster|0 fnt
|faint|p1a: Cloyster
|
|upkeep
|
|t:|1759053914
|switch|p1a: Incineroar|Incineroar, M|100/100
|-ability|p1a: Incineroar|Intimidate|boost
|-unboost|p2a: Iron Jugulis|atk|1
|turn|6
|
|t:|1759053927
|move|p2a: Iron Jugulis|Dark Pulse|p1a: Incineroar
|-resisted|p1a: Incineroar
|-damage|p1a: Incineroar|72/100
|move|p1a: Incineroar|Darkest Lariat|p2a: Iron Jugulis
|-resisted|p2a: Iron Jugulis
|-damage|p2a: Iron Jugulis|75/100
|
|-heal|p1a: Incineroar|78/100|[from] item: Leftovers
|upkeep
|turn|7
|
|t:|1759053936
|move|p2a: Iron Jugulis|Hyper Voice|p1a: Incineroar
|-damage|p1a: Incineroar|29/100
|move|p1a: Incineroar|Flare Blitz|p2a: Iron Jugulis
|-damage|p2a: Iron Jugulis|4/100
|-status|p2a: Iron Jugulis|brn
|-damage|p1a: Incineroar|7/100|[from] Recoil
|
|-heal|p1a: Incineroar|13/100|[from] item: Leftovers
|-damage|p2a: Iron Jugulis|0 fnt|[from] brn
|faint|p2a: Iron Jugulis
|-end|p2a: Iron Jugulis|Quark Drive|[silent]
|upkeep
|
|t:|1759053951
|switch|p2a: Ribombee|Ribombee, M|100/100
|turn|8
|
|t:|1759053957
|move|p2a: Ribombee|Sticky Web|p1a: Incineroar
|-sidestart|p1: evilredpotato|move: Sticky Web
|move|p1a: Incineroar|Parting Shot|p2a: Ribombee
|-unboost|p2a: Ribombee|atk|1
|-unboost|p2a: Ribombee|spa|1
|
|t:|1759053963
|switch|p1a: Polteageist|Polteageist, shiny|100/100|[from] Parting Shot
|-activate|p1a: Polteageist|move: Sticky Web
|-unboost|p1a: Polteageist|spe|1
|
|-fieldend|move: Electric Terrain
|upkeep
|turn|9
|
|t:|1759053972
|move|p2a: Ribombee|Quiver Dance|p2a: Ribombee
|-boost|p2a: Ribombee|spa|1
|-boost|p2a: Ribombee|spd|1
|-boost|p2a: Ribombee|spe|1
|move|p1a: Polteageist|Shell Smash|p1a: Polteageist
|-unboost|p1a: Polteageist|def|1
|-unboost|p1a: Polteageist|spd|1
|-boost|p1a: Polteageist|atk|2
|-boost|p1a: Polteageist|spa|2
|-boost|p1a: Polteageist|spe|2
|
|upkeep
|turn|10
|
|t:|1759053982
|move|p2a: Ribombee|Quiver Dance|p2a: Ribombee
|-boost|p2a: Ribombee|spa|1
|-boost|p2a: Ribombee|spd|1
|-boost|p2a: Ribombee|spe|1
|move|p1a: Polteageist|Stored Power|p2a: Ribombee
|-damage|p2a: Ribombee|29/100
|
|upkeep
|turn|11
|
|t:|1759053992
|move|p2a: Ribombee|Moonblast|p1a: Polteageist
|-damage|p1a: Polteageist|41/100
|move|p1a: Polteageist|Stored Power|p2a: Ribombee
|-damage|p2a: Ribombee|0 fnt
|faint|p2a: Ribombee
|
|upkeep
|
|t:|1759054004
|switch|p2a: Pincurchin|Pincurchin, M|100/100
|-fieldstart|move: Electric Terrain|[from] ability: Electric Surge|[of] p2a: Pincurchin
|turn|12
|
|t:|1759054013
|move|p2a: Pincurchin|Sucker Punch|p1a: Polteageist
|-supereffective|p1a: Polteageist
|-damage|p1a: Polteageist|0 fnt
|faint|p1a: Polteageist
|
|upkeep
|
|t:|1759054020
|switch|p1a: Garganacl|Garganacl, M, shiny|100/100
|-activate|p1a: Garganacl|move: Sticky Web
|-unboost|p1a: Garganacl|spe|1
|turn|13
|
|t:|1759054034
|switch|p2a: Iron Hands|Iron Hands|100/100
|-activate|p2a: Iron Hands|ability: Quark Drive
|-start|p2a: Iron Hands|quarkdriveatk
|move|p1a: Garganacl|Iron Defense|p1a: Garganacl
|-boost|p1a: Garganacl|def|2
|
|upkeep
|turn|14
|
|t:|1759054044
|move|p2a: Iron Hands|Close Combat|p1a: Garganacl
|-supereffective|p1a: Garganacl
|-damage|p1a: Garganacl|53/100
|-unboost|p2a: Iron Hands|def|1
|-unboost|p2a: Iron Hands|spd|1
|move|p1a: Garganacl|Body Press|p2a: Iron Hands
|-damage|p2a: Iron Hands|40/100
|
|-heal|p1a: Garganacl|59/100|[from] item: Leftovers
|upkeep
|turn|15
|
|t:|1759054056
|-terastallize|p2a: Iron Hands|Fighting
|move|p2a: Iron Hands|Close Combat|p1a: Garganacl
|-supereffective|p1a: Garganacl
|-damage|p1a: Garganacl|0 fnt
|-unboost|p2a: Iron Hands|def|1
|-unboost|p2a: Iron Hands|spd|1
|faint|p1a: Garganacl
|
|upkeep
|
|t:|1759054065
|switch|p1a: Rabsca|Rabsca, F|100/100
|-activate|p1a: Rabsca|move: Sticky Web
|-unboost|p1a: Rabsca|spe|1
|turn|16
|
|t:|1759054070
|move|p2a: Iron Hands|Volt Switch|p1a: Rabsca
|-damage|p1a: Rabsca|86/100
|
|t:|1759054078
|-end|p2a: Iron Hands|Quark Drive|[silent]
|switch|p2a: Iron Thorns|Iron Thorns|100/100|[from] Volt Switch
|-activate|p2a: Iron Thorns|ability: Quark Drive
|-start|p2a: Iron Thorns|quarkdriveatk
|move|p1a: Rabsca|Revival Blessing|p1a: Rabsca
|-enditem|p1a: Rabsca|Leppa Berry|[eat]
|-activate|p1a: Rabsca|item: Leppa Berry|Revival Blessing|[consumed]
|
|t:|1759054090
|-heal|p1: Polteageist|50/100|[from] move: Revival Blessing
|
|upkeep
|turn|17
|
|t:|1759054101
|move|p2a: Iron Thorns|Rock Blast|p1a: Rabsca
|-supereffective|p1a: Rabsca
|-damage|p1a: Rabsca|33/100
|-supereffective|p1a: Rabsca
|-damage|p1a: Rabsca|0 fnt
|faint|p1a: Rabsca
|-hitcount|p1: Rabsca|2
|
|upkeep
|
|t:|1759054108
|switch|p1a: Polteageist|Polteageist, shiny|50/100
|-activate|p1a: Polteageist|move: Sticky Web
|-unboost|p1a: Polteageist|spe|1
|turn|18
|
|t:|1759054117
|move|p2a: Iron Thorns|Rock Blast|p1a: Polteageist
|-damage|p1a: Polteageist|24/100
|-ability|p1a: Polteageist|Weak Armor|boost
|-unboost|p1a: Polteageist|def|1
|-boost|p1a: Polteageist|spe|2
|-damage|p1a: Polteageist|0 fnt
|faint|p1a: Polteageist
|-hitcount|p1: Polteageist|2
|
|upkeep
|
|t:|1759054125
|switch|p1a: Incineroar|Incineroar, M|13/100
|-activate|p1a: Incineroar|move: Sticky Web
|-unboost|p1a: Incineroar|spe|1
|-ability|p1a: Incineroar|Intimidate|boost
|-unboost|p2a: Iron Thorns|atk|1
|turn|19
|
|t:|1759054131
|move|p2a: Iron Thorns|Earthquake|p1a: Incineroar
|-supereffective|p1a: Incineroar
|-damage|p1a: Incineroar|0 fnt
|faint|p1a: Incineroar
|
|win|Stathyster
|raw|evilredpotato's rating: 1110 &rarr; <strong>1084</strong><br />(-26 for losing)
|raw|Stathyster's rating: 1092 &rarr; <strong>1120</strong><br />(+28 for winning)
|l|☆evilredpotato
|player|p1|
|l|☆Stathyster
|player|p2|
