|j|☆lord shiddenfards
|j|☆art of unmoning
|t:|1758961585
|gametype|singles
|player|p1|lord shiddenfards|rood|1535
|player|p2|art of unmoning|waiter-gen4dp|1479
|gen|9
|tier|[Gen 9] OU
|rated|
|rule|HP Percentage Mod: HP is shown in percentages
|rule|Endless Battle Clause: Forcing endless battles is banned
|rule|Species Clause: Limit one of each Pokémon
|rule|OHKO Clause: OHKO moves are banned
|rule|Evasion Items Clause: Evasion items are banned
|rule|Evasion Moves Clause: Evasion moves are banned
|rule|Evasion Abilities Clause: Evasion abilities are banned
|rule|Sleep Moves Clause: Sleep-inducing moves are banned
|clearpoke
|poke|p1|Ninetales, M|
|poke|p1|Great Tusk|
|poke|p1|Slither Wing|
|poke|p1|Raging Bolt|
|poke|p1|Iron Moth|
|poke|p1|Alomomola, F|
|poke|p2|Slowking, M|
|poke|p2|Tyranitar, F|
|poke|p2|Excadrill, F|
|poke|p2|Zamazenta-*|
|poke|p2|Corviknight, F|
|poke|p2|Weezing-Galar, M|
|teampreview
|inactive|Battle timer is ON: inactive players will automatically lose when time's up. (requested by art of unmoning)
|c|☆art of unmoning|Hf
|inactive|lord shiddenfards has 120 seconds left.
|inactive|art of unmoning has 120 seconds left.
|inactive|lord shiddenfards has 90 seconds left.
|
|t:|1758961661
|teamsize|p1|6
|teamsize|p2|6
|start
|switch|p1a: Raging Bolt|Raging Bolt|100/100
|switch|p2a: Weezing|Weezing-Galar, M|100/100
|-ability|p2a: Weezing|Neutralizing Gas
|turn|1
|
|t:|1758961666
|-end|p2a: Weezing|ability: Neutralizing Gas
|switch|p2a: Excadrill|Excadrill, F|100/100
|move|p1a: Raging Bolt|Volt Switch|p2a: Excadrill
|-immune|p2a: Excadrill
|
|upkeep
|turn|2
|
|t:|1758961684
|-end|p1a: Raging Bolt|Protosynthesis|[silent]
|switch|p1a: Great Tusk|Great Tusk|100/100
|move|p2a: Excadrill|Earthquake|p1a: Great Tusk
|-damage|p1a: Great Tusk|67/100
|
|upkeep
|turn|3
|
|t:|1758961692
|switch|p2a: Corviknight|Corviknight, F|100/100
|-ability|p2a: Corviknight|Pressure
|move|p1a: Great Tusk|Rapid Spin|p2a: Corviknight
|-resisted|p2a: Corviknight
|-damage|p2a: Corviknight|96/100
|-boost|p1a: Great Tusk|spe|1
|
|-heal|p2a: Corviknight|100/100|[from] item: Leftovers
|upkeep
|turn|4
|
|t:|1758961697
|move|p1a: Great Tusk|Bulk Up|p1a: Great Tusk
|-boost|p1a: Great Tusk|atk|1
|-boost|p1a: Great Tusk|def|1
|move|p2a: Corviknight|Brave Bird|p1a: Great Tusk
|-supereffective|p1a: Great Tusk
|-damage|p1a: Great Tusk|32/100
|-damage|p2a: Corviknight|88/100|[from] Recoil
|
|-heal|p2a: Corviknight|94/100|[from] item: Leftovers
|upkeep
|turn|5
|
|t:|1758961701
|move|p1a: Great Tusk|Bulk Up|p1a: Great Tusk
|-boost|p1a: Great Tusk|atk|1
|-boost|p1a: Great Tusk|def|1
|move|p2a: Corviknight|Iron Defense|p2a: Corviknight
|-boost|p2a: Corviknight|def|2
|
|-heal|p2a: Corviknight|100/100|[from] item: Leftovers
|upkeep
|turn|6
|
|t:|1758961708
|-end|p1a: Great Tusk|Protosynthesis|[silent]
|switch|p1a: Alomomola|Alomomola, F|100/100
|move|p2a: Corviknight|Iron Defense|p2a: Corviknight
|-boost|p2a: Corviknight|def|2
|
|upkeep
|turn|7
|
|t:|1758961712
|move|p2a: Corviknight|U-turn|p1a: Alomomola
|-damage|p1a: Alomomola|90/100
|-enditem|p1a: Alomomola|Eject Button
|
|t:|1758961716
|switch|p1a: Ninetales|Ninetales, M|100/100
|-weather|SunnyDay|[from] ability: Drought|[of] p1a: Ninetales
|
|-weather|SunnyDay|[upkeep]
|upkeep
|turn|8
|
|t:|1758961728
|switch|p2a: Slowking|Slowking, M|100/100
|move|p1a: Ninetales|Overheat|p2a: Slowking
|-resisted|p2a: Slowking
|-damage|p2a: Slowking|73/100
|-unboost|p1a: Ninetales|spa|2
|
|-weather|SunnyDay|[upkeep]
|upkeep
|turn|9
|
|t:|1758961737
|switch|p1a: Raging Bolt|Raging Bolt|100/100
|-activate|p1a: Raging Bolt|ability: Protosynthesis
|-start|p1a: Raging Bolt|protosynthesisspa
|move|p2a: Slowking|Future Sight|p1a: Raging Bolt
|-start|p2a: Slowking|move: Future Sight
|
|-weather|SunnyDay|[upkeep]
|upkeep
|turn|10
|
|t:|1758961744
|move|p1a: Raging Bolt|Weather Ball|p2a: Slowking
|-resisted|p2a: Slowking
|-damage|p2a: Slowking|53/100
|move|p2a: Slowking|Psychic Noise|p1a: Raging Bolt
|-damage|p1a: Raging Bolt|83/100
|-start|p1a: Raging Bolt|move: Heal Block
|
|-weather|SunnyDay|[upkeep]
|upkeep
|turn|11
|
|t:|1758961754
|switch|p2a: Tyranitar|Tyranitar, F|100/100
|-weather|Sandstorm|[from] ability: Sand Stream|[of] p2a: Tyranitar
|-end|p1a: Raging Bolt|Protosynthesis
|move|p1a: Raging Bolt|Volt Switch|p2a: Tyranitar
|-damage|p2a: Tyranitar|80/100
|
|t:|1758961760
|-end|p1a: Raging Bolt|Protosynthesis|[silent]
|switch|p1a: Slither Wing|Slither Wing|100/100|[from] Volt Switch
|
|-weather|Sandstorm|[upkeep]
|-damage|p1a: Slither Wing|94/100|[from] Sandstorm
|-end|p1a: Slither Wing|move: Future Sight
|-supereffective|p1a: Slither Wing
|-damage|p1a: Slither Wing|0 fnt
|faint|p1a: Slither Wing
|-end|p1a: Slither Wing|Protosynthesis|[silent]
|-heal|p2a: Tyranitar|86/100|[from] item: Leftovers
|upkeep
|inactive|lord shiddenfards has 120 seconds left.
|inactive|lord shiddenfards has 90 seconds left.
|
|t:|1758961824
|switch|p1a: Alomomola|Alomomola, F|100/100
|turn|12
|
|t:|1758961832
|move|p2a: Tyranitar|Stealth Rock|p1a: Alomomola
|-sidestart|p1: lord shiddenfards|move: Stealth Rock
|move|p1a: Alomomola|Wish|p1a: Alomomola
|
|-weather|Sandstorm|[upkeep]
|-damage|p1a: Alomomola|94/100|[from] Sandstorm
|-heal|p2a: Tyranitar|92/100|[from] item: Leftovers
|upkeep
|turn|13
|
|t:|1758961836
|move|p1a: Alomomola|Flip Turn|p2a: Tyranitar
|-supereffective|p2a: Tyranitar
|-damage|p2a: Tyranitar|66/100
|
|t:|1758961839
|switch|p1a: Great Tusk|Great Tusk|32/100|[from] Flip Turn
|move|p2a: Tyranitar|Roar|p1a: Great Tusk
|-end|p1a: Great Tusk|Protosynthesis|[silent]
|drag|p1a: Alomomola|Alomomola, F|100/100
|-damage|p1a: Alomomola|88/100|[from] Stealth Rock
|
|-weather|Sandstorm|[upkeep]
|-damage|p1a: Alomomola|82/100|[from] Sandstorm
|-heal|p1a: Alomomola|100/100|[from] move: Wish|[wisher] Alomomola
|-heal|p2a: Tyranitar|73/100|[from] item: Leftovers
|upkeep
|turn|14
|
|t:|1758961850
|switch|p2a: Weezing|Weezing-Galar, M|100/100
|-ability|p2a: Weezing|Neutralizing Gas
|move|p1a: Alomomola|Wish|p1a: Alomomola
|
|-weather|Sandstorm|[upkeep]
|-damage|p2a: Weezing|95/100|[from] Sandstorm
|-damage|p1a: Alomomola|94/100|[from] Sandstorm
|upkeep
|turn|15
|
|t:|1758961856
|move|p2a: Weezing|Will-O-Wisp|p1a: Alomomola
|-status|p1a: Alomomola|brn
|move|p1a: Alomomola|Flip Turn|p2a: Weezing
|-damage|p2a: Weezing|89/100
|
|t:|1758961868
|switch|p1a: Ninetales|Ninetales, M|100/100|[from] Flip Turn
|-damage|p1a: Ninetales|76/100|[from] Stealth Rock
|
|-weather|none
|-heal|p1a: Ninetales|100/100|[from] move: Wish|[wisher] Alomomola
|upkeep
|turn|16
|
|t:|1758961880
|move|p1a: Ninetales|Scorching Sands|p2a: Weezing
|-supereffective|p2a: Weezing
|-damage|p2a: Weezing|12/100
|-status|p2a: Weezing|brn
|move|p2a: Weezing|Sludge Bomb|p1a: Ninetales
|-damage|p1a: Ninetales|68/100
|
|-damage|p2a: Weezing|6/100 brn|[from] brn
|upkeep
|turn|17
|
|t:|1758961892
|-end|p2a: Weezing|ability: Neutralizing Gas
|-weather|SunnyDay|[from] ability: Drought|[of] p1a: Ninetales
|switch|p2a: Slowking|Slowking, M|87/100
|move|p1a: Ninetales|Scorching Sands|p2a: Slowking
|-damage|p2a: Slowking|72/100
|
|-weather|SunnyDay|[upkeep]
|upkeep
|turn|18
|
|t:|1758961901
|switch|p1a: Raging Bolt|Raging Bolt|83/100
|-damage|p1a: Raging Bolt|70/100|[from] Stealth Rock
|-activate|p1a: Raging Bolt|ability: Protosynthesis
|-start|p1a: Raging Bolt|protosynthesisspa
|move|p2a: Slowking|Future Sight|p1a: Raging Bolt
|-start|p2a: Slowking|move: Future Sight
|
|-weather|SunnyDay|[upkeep]
|upkeep
|turn|19
|
|t:|1758961906
|switch|p2a: Excadrill|Excadrill, F|100/100
|move|p1a: Raging Bolt|Volt Switch|p2a: Excadrill
|-immune|p2a: Excadrill
|
|-weather|SunnyDay|[upkeep]
|upkeep
|turn|20
|
|t:|1758961911
|-end|p1a: Raging Bolt|Protosynthesis|[silent]
|switch|p1a: Alomomola|Alomomola, F|94/100 brn
|-damage|p1a: Alomomola|82/100 brn|[from] Stealth Rock
|move|p2a: Excadrill|Earthquake|p1a: Alomomola
|-damage|p1a: Alomomola|52/100 brn
|
|-weather|SunnyDay|[upkeep]
|-end|p1a: Alomomola|move: Future Sight
|-damage|p1a: Alomomola|10/100 brn
|-damage|p1a: Alomomola|4/100 brn|[from] brn
|upkeep
|turn|21
|
|t:|1758961920
|move|p2a: Excadrill|Earthquake|p1a: Alomomola
|-damage|p1a: Alomomola|0 fnt
|faint|p1a: Alomomola
|
|-weather|none
|upkeep
|-message|lord shiddenfards forfeited.
|
|win|art of unmoning
|raw|lord shiddenfards's rating: 1535 &rarr; <strong>1512</strong><br />(-23 for losing)
|raw|art of unmoning's rating: 1479 &rarr; <strong>1502</strong><br />(+23 for winning)
|l|☆lord shiddenfards
|player|p1|
|l|☆art of unmoning
|player|p2|
