|j|☆Vwood
|j|☆Laughable
|t:|1759069065
|gametype|singles
|player|p1|Vwood|elesa|1423
|player|p2|Laughable|tuber|1500
|gen|9
|tier|[Gen 9] OU
|rated|
|rule|HP Percentage Mod: HP is shown in percentages
|rule|Endless Battle Clause: Forcing endless battles is banned
|rule|Species Clause: Limit one of each Pokémon
|rule|OHKO Clause: OHKO moves are banned
|rule|Evasion Items Clause: Evasion items are banned
|rule|Evasion Moves Clause: Evasion moves are banned
|rule|Evasion Abilities Clause: Evasion abilities are banned
|rule|Sleep Moves Clause: Sleep-inducing moves are banned
|clearpoke
|poke|p1|Pecharunt|
|poke|p1|Corviknight, F|
|poke|p1|Ogerpon-Wellspring, F|
|poke|p1|Dragonite, M|
|poke|p1|Ting-Lu|
|poke|p1|Iron Valiant|
|poke|p2|Dragapult, M|
|poke|p2|Gliscor, F|
|poke|p2|Milotic, F|
|poke|p2|Skeledirge, M|
|poke|p2|Weezing-Galar, F|
|poke|p2|Mandibuzz, F|
|teampreview
|
|t:|1759069073
|teamsize|p1|6
|teamsize|p2|6
|start
|switch|p1a: Ogerpon|Ogerpon-Wellspring, F|100/100
|switch|p2a: Gliscor|Gliscor, F|100/100
|turn|1
|
|t:|1759069076
|switch|p2a: Weezing|Weezing-Galar, F|100/100
|-ability|p2a: Weezing|Neutralizing Gas
|move|p1a: Ogerpon|Swords Dance|p1a: Ogerpon
|-boost|p1a: Ogerpon|atk|2
|
|upkeep
|turn|2
|
|t:|1759069079
|move|p1a: Ogerpon|Ivy Cudgel|p2a: Weezing|[anim] Ivy Cudgel Water
|-damage|p2a: Weezing|28/100
|move|p2a: Weezing|Will-O-Wisp|p1a: Ogerpon
|-status|p1a: Ogerpon|brn
|
|-heal|p2a: Weezing|34/100|[from] item: Leftovers
|-damage|p1a: Ogerpon|95/100 brn|[from] brn
|upkeep
|turn|3
|
|t:|1759069084
|-end|p2a: Weezing|ability: Neutralizing Gas
|switch|p2a: Mandibuzz|Mandibuzz, F|100/100
|move|p1a: Ogerpon|Power Whip|p2a: Mandibuzz
|-resisted|p2a: Mandibuzz
|-damage|p2a: Mandibuzz|80/100
|
|-damage|p1a: Ogerpon|89/100 brn|[from] brn
|upkeep
|turn|4
|
|t:|1759069087
|move|p1a: Ogerpon|Play Rough|p2a: Mandibuzz
|-supereffective|p2a: Mandibuzz
|-damage|p2a: Mandibuzz|37/100
|move|p2a: Mandibuzz|Foul Play|p1a: Ogerpon
|-damage|p1a: Ogerpon|0 fnt
|faint|p1a: Ogerpon
|
|upkeep
|inactive|Battle timer is ON: inactive players will automatically lose when time's up. (requested by Laughable)
|
|t:|1759069098
|switch|p1a: Dragonite|Dragonite, M|100/100
|turn|5
|
|t:|1759069101
|move|p1a: Dragonite|Dragon Dance|p1a: Dragonite
|-boost|p1a: Dragonite|atk|1
|-boost|p1a: Dragonite|spe|1
|move|p2a: Mandibuzz|Roost|p2a: Mandibuzz
|-heal|p2a: Mandibuzz|87/100
|-singleturn|p2a: Mandibuzz|move: Roost
|
|upkeep
|turn|6
|
|t:|1759069102
|move|p1a: Dragonite|Earthquake|p2a: Mandibuzz
|-immune|p2a: Mandibuzz
|move|p2a: Mandibuzz|Iron Defense|p2a: Mandibuzz
|-boost|p2a: Mandibuzz|def|2
|
|upkeep
|turn|7
|
|t:|1759069106
|switch|p1a: Iron Valiant|Iron Valiant|100/100
|move|p2a: Mandibuzz|Foul Play|p1a: Iron Valiant
|-resisted|p1a: Iron Valiant
|-crit|p1a: Iron Valiant
|-damage|p1a: Iron Valiant|82/100
|
|upkeep
|turn|8
|
|t:|1759069109
|switch|p2a: Milotic|Milotic, F, shiny|100/100
|move|p1a: Iron Valiant|Moonblast|p2a: Milotic
|-damage|p2a: Milotic|60/100
|
|upkeep
|turn|9
|
|t:|1759069113
|-end|p1a: Iron Valiant|Quark Drive|[silent]
|switch|p1a: Corviknight|Corviknight, F|100/100
|-ability|p1a: Corviknight|Pressure
|move|p2a: Milotic|Mirror Coat||[still]
|-fail|p2a: Milotic
|
|upkeep
|turn|10
|
|t:|1759069116
|move|p2a: Milotic|Recover|p2a: Milotic
|-heal|p2a: Milotic|100/100
|move|p1a: Corviknight|U-turn|p2a: Milotic
|-damage|p2a: Milotic|84/100
|
|t:|1759069119
|switch|p1a: Pecharunt|Pecharunt|100/100|[from] U-turn
|
|upkeep
|turn|11
|
|t:|1759069122
|switch|p2a: Gliscor|Gliscor, F|100/100
|move|p1a: Pecharunt|Parting Shot|p2a: Gliscor
|-unboost|p2a: Gliscor|atk|1
|-unboost|p2a: Gliscor|spa|1
|
|t:|1759069124
|switch|p1a: Iron Valiant|Iron Valiant|82/100|[from] Parting Shot
|
|-status|p2a: Gliscor|tox|[from] item: Toxic Orb
|upkeep
|turn|12
|
|t:|1759069127
|move|p1a: Iron Valiant|Trick|p2a: Gliscor
|-activate|p1a: Iron Valiant|move: Trick|[of] p2a: Gliscor
|-item|p2a: Gliscor|Choice Specs|[from] move: Trick
|-item|p1a: Iron Valiant|Toxic Orb|[from] move: Trick
|move|p2a: Gliscor|Toxic|p1a: Iron Valiant
|-status|p1a: Iron Valiant|tox
|
|-damage|p1a: Iron Valiant|76/100 tox|[from] psn
|upkeep
|turn|13
|
|t:|1759069140
|-end|p1a: Iron Valiant|Quark Drive|[silent]
|switch|p1a: Pecharunt|Pecharunt|100/100
|move|p2a: Gliscor|Toxic|p1a: Pecharunt
|-immune|p1a: Pecharunt
|
|upkeep
|turn|14
|
|t:|1759069143
|move|p2a: Gliscor|Toxic|p1a: Pecharunt
|-immune|p1a: Pecharunt
|move|p1a: Pecharunt|Malignant Chain|p2a: Gliscor
|-resisted|p2a: Gliscor
|-damage|p2a: Gliscor|87/100 tox
|
|-heal|p2a: Gliscor|99/100 tox|[from] ability: Poison Heal
|upkeep
|turn|15
|
|t:|1759069147
|move|p2a: Gliscor|Toxic|p1a: Pecharunt
|-immune|p1a: Pecharunt
|move|p1a: Pecharunt|Shadow Ball|p2a: Gliscor
|-damage|p2a: Gliscor|79/100 tox
|
|-heal|p2a: Gliscor|92/100 tox|[from] ability: Poison Heal
|upkeep
|turn|16
|
|t:|1759069149
|move|p2a: Gliscor|Toxic|p1a: Pecharunt
|-immune|p1a: Pecharunt
|move|p1a: Pecharunt|Shadow Ball|p2a: Gliscor
|-damage|p2a: Gliscor|70/100 tox
|
|-heal|p2a: Gliscor|83/100 tox|[from] ability: Poison Heal
|upkeep
|turn|17
|
|t:|1759069152
|move|p2a: Gliscor|Toxic|p1a: Pecharunt
|-immune|p1a: Pecharunt
|move|p1a: Pecharunt|Shadow Ball|p2a: Gliscor
|-damage|p2a: Gliscor|62/100 tox
|
|-heal|p2a: Gliscor|75/100 tox|[from] ability: Poison Heal
|upkeep
|turn|18
|
|t:|1759069157
|move|p2a: Gliscor|Toxic|p1a: Pecharunt
|-immune|p1a: Pecharunt
|move|p1a: Pecharunt|Shadow Ball|p2a: Gliscor
|-damage|p2a: Gliscor|54/100 tox
|-unboost|p2a: Gliscor|spd|1
|
|-heal|p2a: Gliscor|67/100 tox|[from] ability: Poison Heal
|upkeep
|turn|19
|
|t:|1759069162
|switch|p2a: Milotic|Milotic, F, shiny|84/100
|move|p1a: Pecharunt|Shadow Ball|p2a: Milotic
|-damage|p2a: Milotic|71/100
|
|upkeep
|turn|20
|
|t:|1759069164
|move|p1a: Pecharunt|Malignant Chain|p2a: Milotic
|-damage|p2a: Milotic|53/100
|-status|p2a: Milotic|tox
|-start|p2a: Milotic|confusion|[from] ability: Poison Puppeteer|[of] p1a: Pecharunt
|-activate|p2a: Milotic|confusion
|move|p2a: Milotic|Mirror Coat|p1a: Pecharunt
|-damage|p1a: Pecharunt|63/100
|
|-damage|p2a: Milotic|47/100 tox|[from] psn
|upkeep
|turn|21
|
|t:|1759069173
|-end|p2a: Milotic|confusion
|move|p2a: Milotic|Recover|p2a: Milotic
|-heal|p2a: Milotic|97/100 tox
|move|p1a: Pecharunt|Malignant Chain|p2a: Milotic
|-damage|p2a: Milotic|79/100 tox
|
|-damage|p2a: Milotic|67/100 tox|[from] psn
|upkeep
|turn|22
|
|t:|1759069180
|switch|p2a: Gliscor|Gliscor, F|67/100 tox
|move|p1a: Pecharunt|Parting Shot|p2a: Gliscor
|-unboost|p2a: Gliscor|atk|1
|-unboost|p2a: Gliscor|spa|1
|
|t:|1759069186
|switch|p1a: Ting-Lu|Ting-Lu|100/100|[from] Parting Shot
|-ability|p1a: Ting-Lu|Vessel of Ruin
|
|-heal|p2a: Gliscor|79/100 tox|[from] ability: Poison Heal
|upkeep
|turn|23
|
|t:|1759069188
|switch|p1a: Corviknight|Corviknight, F|100/100
|-ability|p1a: Corviknight|Pressure
|move|p2a: Gliscor|Toxic|p1a: Corviknight
|-immune|p1a: Corviknight
|
|-heal|p2a: Gliscor|92/100 tox|[from] ability: Poison Heal
|upkeep
|turn|24
|
|t:|1759069191
|switch|p2a: Skeledirge|Skeledirge, M|100/100
|move|p1a: Corviknight|U-turn|p2a: Skeledirge
|-resisted|p2a: Skeledirge
|-damage|p2a: Skeledirge|98/100
|
|t:|1759069194
|switch|p1a: Ting-Lu|Ting-Lu|100/100|[from] U-turn
|-ability|p1a: Ting-Lu|Vessel of Ruin
|
|upkeep
|turn|25
|
|t:|1759069196
|move|p2a: Skeledirge|Will-O-Wisp|p1a: Ting-Lu
|-status|p1a: Ting-Lu|brn
|move|p1a: Ting-Lu|Stealth Rock|p2a: Skeledirge
|-sidestart|p2: Laughable|move: Stealth Rock
|
|-damage|p1a: Ting-Lu|94/100 brn|[from] brn
|upkeep
|turn|26
|
|t:|1759069200
|switch|p2a: Gliscor|Gliscor, F|92/100 tox
|-damage|p2a: Gliscor|79/100 tox|[from] Stealth Rock
|move|p1a: Ting-Lu|Ruination|p2a: Gliscor
|-damage|p2a: Gliscor|40/100 tox
|
|-heal|p1a: Ting-Lu|100/100 brn|[from] item: Leftovers
|-heal|p2a: Gliscor|52/100 tox|[from] ability: Poison Heal
|-damage|p1a: Ting-Lu|94/100 brn|[from] brn
|upkeep
|turn|27
|
|t:|1759069204
|move|p2a: Gliscor|Spikes|p1a: Ting-Lu
|-sidestart|p1: Vwood|Spikes
|move|p1a: Ting-Lu|Whirlwind|p2a: Gliscor
|drag|p2a: Skeledirge|Skeledirge, M|98/100
|
|-heal|p1a: Ting-Lu|100/100 brn|[from] item: Leftovers
|-damage|p1a: Ting-Lu|94/100 brn|[from] brn
|upkeep
|turn|28
|
|t:|1759069206
|move|p2a: Skeledirge|Torch Song|p1a: Ting-Lu
|-damage|p1a: Ting-Lu|81/100 brn
|-boost|p2a: Skeledirge|spa|1
|move|p1a: Ting-Lu|Ruination|p2a: Skeledirge
|-damage|p2a: Skeledirge|49/100
|
|-heal|p1a: Ting-Lu|87/100 brn|[from] item: Leftovers
|-damage|p1a: Ting-Lu|81/100 brn|[from] brn
|upkeep
|turn|29
|
|t:|1759069209
|move|p2a: Skeledirge|Slack Off|p2a: Skeledirge
|-heal|p2a: Skeledirge|99/100
|move|p1a: Ting-Lu|Whirlwind|p2a: Skeledirge
|drag|p2a: Milotic|Milotic, F, shiny|67/100 tox
|
|-heal|p1a: Ting-Lu|87/100 brn|[from] item: Leftovers
|-damage|p2a: Milotic|61/100 tox|[from] psn
|-damage|p1a: Ting-Lu|81/100 brn|[from] brn
|upkeep
|turn|30
|
|t:|1759069215
|switch|p1a: Iron Valiant|Iron Valiant|76/100 tox
|-damage|p1a: Iron Valiant|63/100 tox|[from] Spikes
|move|p2a: Milotic|Scald|p1a: Iron Valiant
|-damage|p1a: Iron Valiant|12/100 tox
|
|-damage|p1a: Iron Valiant|6/100 tox|[from] psn
|-damage|p2a: Milotic|49/100 tox|[from] psn
|upkeep
|turn|31
|
|t:|1759069220
|switch|p2a: Gliscor|Gliscor, F|52/100 tox
|-damage|p2a: Gliscor|40/100 tox|[from] Stealth Rock
|move|p1a: Iron Valiant|Trick|p2a: Gliscor
|-activate|p1a: Iron Valiant|move: Trick|[of] p2a: Gliscor
|-item|p2a: Gliscor|Toxic Orb|[from] move: Trick
|-item|p1a: Iron Valiant|Choice Specs|[from] move: Trick
|
|-damage|p1a: Iron Valiant|0 fnt|[from] psn
|faint|p1a: Iron Valiant
|-end|p1a: Iron Valiant|Quark Drive|[silent]
|-heal|p2a: Gliscor|52/100 tox|[from] ability: Poison Heal
|upkeep
|-message|Vwood forfeited.
|
|win|Laughable
|raw|Vwood's rating: 1423 &rarr; <strong>1407</strong><br />(-16 for losing)
|raw|Laughable's rating: 1500 &rarr; <strong>1516</strong><br />(+16 for winning)
|l|☆Vwood
|player|p1|
|l|☆Laughable
|player|p2|
