|j|☆Branden Kim Dokjaa
|j|☆U_Quokka
|t:|1759033145
|gametype|singles
|player|p1|Branden Kim Dokjaa|cynthia-masters3|1367
|player|p2|U_Quokka|waiter-gen4dp|1343
|gen|9
|tier|[Gen 9] OU
|rated|
|rule|HP Percentage Mod: HP is shown in percentages
|rule|Endless Battle Clause: Forcing endless battles is banned
|rule|Species Clause: Limit one of each Pokémon
|rule|OHKO Clause: OHKO moves are banned
|rule|Evasion Items Clause: Evasion items are banned
|rule|Evasion Moves Clause: Evasion moves are banned
|rule|Evasion Abilities Clause: Evasion abilities are banned
|rule|Sleep Moves Clause: Sleep-inducing moves are banned
|clearpoke
|poke|p1|Lycanroc-Dusk, M|
|poke|p1|Latios, M|
|poke|p1|Great Tusk|
|poke|p1|Scizor, M|
|poke|p1|Dragonite, F|
|poke|p1|Iron Valiant|
|poke|p2|Ogerpon-Cornerstone, F|
|poke|p2|Ting-Lu|
|poke|p2|Hatterene, F|
|poke|p2|Scizor, F|
|poke|p2|Zamazenta-*|
|poke|p2|Darkrai|
|teampreview
|inactive|Battle timer is ON: inactive players will automatically lose when time's up. (requested by Branden Kim Dokjaa)
|
|t:|1759033163
|teamsize|p1|6
|teamsize|p2|6
|start
|switch|p1a: Scizor|Scizor, M|100/100
|switch|p2a: Hatterene|Hatterene, F|100/100
|turn|1
|
|t:|1759033180
|move|p1a: Scizor|U-turn|p2a: Hatterene
|-damage|p2a: Hatterene|29/100
|
|t:|1759033189
|switch|p1a: Great Tusk|Great Tusk|100/100|[from] U-turn
|move|p2a: Hatterene|Nuzzle|p1a: Great Tusk
|-immune|p1a: Great Tusk
|
|upkeep
|turn|2
|
|t:|1759033204
|switch|p2a: Zamazenta|Zamazenta|100/100
|-ability|p2a: Zamazenta|Dauntless Shield|boost
|-boost|p2a: Zamazenta|def|1
|move|p1a: Great Tusk|Headlong Rush|p2a: Zamazenta
|-damage|p2a: Zamazenta|75/100
|-unboost|p1a: Great Tusk|def|1
|-unboost|p1a: Great Tusk|spd|1
|
|-heal|p2a: Zamazenta|81/100|[from] item: Leftovers
|upkeep
|turn|3
|
|t:|1759033215
|-end|p1a: Great Tusk|Protosynthesis|[silent]
|switch|p1a: Latios|Latios, M|100/100
|move|p2a: Zamazenta|Heavy Slam|p1a: Latios
|-damage|p1a: Latios|77/100
|
|-heal|p2a: Zamazenta|87/100|[from] item: Leftovers
|upkeep
|turn|4
|inactive|Branden Kim Dokjaa has 120 seconds left.
|inactive|Branden Kim Dokjaa has 90 seconds left.
|
|t:|1759033278
|switch|p2a: Hatterene|Hatterene, F|29/100
|move|p1a: Latios|Luster Purge|p2a: Hatterene
|-resisted|p2a: Hatterene
|-damage|p2a: Hatterene|16/100
|
|upkeep
|turn|5
|
|t:|1759033287
|move|p1a: Latios|Ice Beam|p2a: Hatterene
|-damage|p2a: Hatterene|0 fnt
|faint|p2a: Hatterene
|
|upkeep
|
|t:|1759033299
|switch|p2a: Darkrai|Darkrai|100/100
|turn|6
|
|t:|1759033305
|switch|p1a: Iron Valiant|Iron Valiant|100/100
|-enditem|p1a: Iron Valiant|Booster Energy
|-activate|p1a: Iron Valiant|ability: Quark Drive|[fromitem]
|-start|p1a: Iron Valiant|quarkdrivespe
|move|p2a: Darkrai|Will-O-Wisp|p1a: Iron Valiant
|-status|p1a: Iron Valiant|brn
|
|-damage|p1a: Iron Valiant|94/100 brn|[from] brn
|upkeep
|turn|7
|
|t:|1759033310
|switch|p2a: Scizor|Scizor, F|100/100
|move|p1a: Iron Valiant|Calm Mind|p1a: Iron Valiant
|-boost|p1a: Iron Valiant|spa|1
|-boost|p1a: Iron Valiant|spd|1
|
|-damage|p1a: Iron Valiant|88/100 brn|[from] brn
|upkeep
|turn|8
|
|t:|1759033332
|-terastallize|p1a: Iron Valiant|Ghost
|-terastallize|p2a: Scizor|Steel
|move|p2a: Scizor|Bullet Punch|p1a: Iron Valiant
|-damage|p1a: Iron Valiant|0 fnt
|faint|p1a: Iron Valiant
|-end|p1a: Iron Valiant|Quark Drive|[silent]
|
|upkeep
|
|t:|1759033341
|switch|p1a: Scizor|Scizor, M|100/100
|turn|9
|
|t:|1759033357
|switch|p2a: Zamazenta|Zamazenta|87/100
|move|p1a: Scizor|Close Combat|p2a: Zamazenta
|-damage|p2a: Zamazenta|40/100
|-unboost|p1a: Scizor|def|1
|-unboost|p1a: Scizor|spd|1
|
|-heal|p2a: Zamazenta|46/100|[from] item: Leftovers
|upkeep
|turn|10
|
|t:|1759033385
|switch|p2a: Darkrai|Darkrai|100/100
|move|p1a: Scizor|Close Combat|p2a: Darkrai
|-supereffective|p2a: Darkrai
|-damage|p2a: Darkrai|0 fnt
|-unboost|p1a: Scizor|def|1
|-unboost|p1a: Scizor|spd|1
|faint|p2a: Darkrai
|
|upkeep
|
|t:|1759033390
|switch|p2a: Ogerpon|Ogerpon-Cornerstone, F|100/100
|turn|11
|
|t:|1759033399
|switch|p1a: Great Tusk|Great Tusk|100/100
|move|p2a: Ogerpon|Ivy Cudgel|p1a: Great Tusk|[anim] Ivy Cudgel Rock
|-resisted|p1a: Great Tusk
|-damage|p1a: Great Tusk|92/100
|
|upkeep
|turn|12
|
|t:|1759033403
|move|p2a: Ogerpon|Power Whip|p1a: Great Tusk|[miss]
|-miss|p2a: Ogerpon|p1a: Great Tusk
|move|p1a: Great Tusk|Rapid Spin|p2a: Ogerpon
|-resisted|p2a: Ogerpon
|-damage|p2a: Ogerpon|90/100
|-boost|p1a: Great Tusk|spe|1
|
|upkeep
|turn|13
|
|t:|1759033427
|move|p1a: Great Tusk|Ice Spinner|p2a: Ogerpon
|-supereffective|p2a: Ogerpon
|-damage|p2a: Ogerpon|26/100
|move|p2a: Ogerpon|Ivy Cudgel|p1a: Great Tusk|[anim] Ivy Cudgel Rock
|-resisted|p1a: Great Tusk
|-damage|p1a: Great Tusk|83/100
|
|upkeep
|turn|14
|
|t:|1759033446
|switch|p2a: Ting-Lu|Ting-Lu|100/100
|-ability|p2a: Ting-Lu|Vessel of Ruin
|move|p1a: Great Tusk|Ice Spinner|p2a: Ting-Lu
|-supereffective|p2a: Ting-Lu
|-damage|p2a: Ting-Lu|75/100
|
|-heal|p2a: Ting-Lu|81/100|[from] item: Leftovers
|upkeep
|turn|15
|
|t:|1759033453
|-end|p1a: Great Tusk|Protosynthesis|[silent]
|switch|p1a: Scizor|Scizor, M|100/100
|move|p2a: Ting-Lu|Whirlwind|p1a: Scizor
|drag|p1a: Dragonite|Dragonite, F|100/100
|
|-heal|p2a: Ting-Lu|87/100|[from] item: Leftovers
|upkeep
|turn|16
|
|t:|1759033462
|move|p1a: Dragonite|Fire Punch|p2a: Ting-Lu
|-damage|p2a: Ting-Lu|72/100
|move|p2a: Ting-Lu|Ruination|p1a: Dragonite
|-damage|p1a: Dragonite|51/100
|
|-heal|p2a: Ting-Lu|78/100|[from] item: Leftovers
|upkeep
|turn|17
|
|t:|1759033467
|switch|p1a: Scizor|Scizor, M|100/100
|move|p2a: Ting-Lu|Stealth Rock|p1a: Scizor
|-sidestart|p1: Branden Kim Dokjaa|move: Stealth Rock
|
|-heal|p2a: Ting-Lu|84/100|[from] item: Leftovers
|upkeep
|turn|18
|inactive|Branden Kim Dokjaa has 120 seconds left.
|inactive|U_Quokka has 120 seconds left.
|
|t:|1759033510
|switch|p2a: Scizor|Scizor, F, tera:Steel|100/100
|move|p1a: Scizor|U-turn|p2a: Scizor
|-resisted|p2a: Scizor
|-damage|p2a: Scizor|69/100
|
|t:|1759033513
|switch|p1a: Great Tusk|Great Tusk|83/100|[from] U-turn
|
|upkeep
|turn|19
|inactive|U_Quokka has 120 seconds left.
|
|t:|1759033529
|move|p2a: Scizor|Bullet Punch|p1a: Great Tusk
|-damage|p1a: Great Tusk|37/100
|move|p1a: Great Tusk|Headlong Rush|p2a: Scizor
|-supereffective|p2a: Scizor
|-damage|p2a: Scizor|0 fnt
|-unboost|p1a: Great Tusk|def|1
|-unboost|p1a: Great Tusk|spd|1
|faint|p2a: Scizor
|
|upkeep
|inactive|U_Quokka has 120 seconds left.
|
|t:|1759033534
|switch|p2a: Zamazenta|Zamazenta|46/100
|turn|20
|
|t:|1759033540
|move|p2a: Zamazenta|Iron Defense|p2a: Zamazenta
|-boost|p2a: Zamazenta|def|2
|move|p1a: Great Tusk|Rapid Spin|p2a: Zamazenta
|-damage|p2a: Zamazenta|41/100
|-boost|p1a: Great Tusk|spe|1
|-sideend|p1: Branden Kim Dokjaa|Stealth Rock|[from] move: Rapid Spin|[of] p1a: Great Tusk
|
|-heal|p2a: Zamazenta|48/100|[from] item: Leftovers
|upkeep
|turn|21
|
|t:|1759033549
|-end|p1a: Great Tusk|Protosynthesis|[silent]
|switch|p1a: Latios|Latios, M|77/100
|move|p2a: Zamazenta|Crunch|p1a: Latios
|-supereffective|p1a: Latios
|-damage|p1a: Latios|28/100
|
|-heal|p2a: Zamazenta|54/100|[from] item: Leftovers
|upkeep
|turn|22
|-message|Branden Kim Dokjaa forfeited.
|
|win|U_Quokka
|raw|Branden Kim Dokjaa's rating: 1392 &rarr; <strong>1369</strong><br />(-23 for losing)
|raw|U_Quokka's rating: 1343 &rarr; <strong>1366</strong><br />(+23 for winning)
|l|☆Branden Kim Dokjaa
|player|p1|
|l|☆U_Quokka
|player|p2|
