|j|☆Shibuya Arc
|j|☆Mortifi
|t:|1758991834
|gametype|singles
|player|p1|Shibuya Arc|169|1707
|player|p2|Mortifi|pokemaniac|1737
|gen|9
|tier|[Gen 9] OU
|rated|
|rule|HP Percentage Mod: HP is shown in percentages
|rule|Endless Battle Clause: Forcing endless battles is banned
|rule|Species Clause: Limit one of each Pokémon
|rule|OHKO Clause: OHKO moves are banned
|rule|Evasion Items Clause: Evasion items are banned
|rule|Evasion Moves Clause: Evasion moves are banned
|rule|Evasion Abilities Clause: Evasion abilities are banned
|rule|Sleep Moves Clause: Sleep-inducing moves are banned
|clearpoke
|poke|p1|Dragapult, M|
|poke|p1|Dragonite, F|
|poke|p1|Ting-Lu|
|poke|p1|Weezing-Galar, F|
|poke|p1|Iron Crown|
|poke|p1|Zapdos|
|poke|p2|Primarina, M|
|poke|p2|Deoxys-Speed|
|poke|p2|Great Tusk|
|poke|p2|Raging Bolt|
|poke|p2|Gholdengo|
|poke|p2|Skarmory, M|
|teampreview
|
|t:|1758991844
|teamsize|p1|6
|teamsize|p2|6
|start
|switch|p1a: Ting-Lu|Ting-Lu|100/100
|switch|p2a: Primarina|Primarina, M|100/100
|-ability|p1a: Ting-Lu|Vessel of Ruin
|turn|1
|inactive|Battle timer is ON: inactive players will automatically lose when time's up. (requested by Shibuya Arc)
|
|t:|1758991851
|-terastallize|p1a: Ting-Lu|Water
|move|p2a: Primarina|Surf|p1a: Ting-Lu
|-resisted|p1a: Ting-Lu
|-damage|p1a: Ting-Lu|85/100
|move|p1a: Ting-Lu|Ruination|p2a: Primarina|[miss]
|-miss|p1a: Ting-Lu|p2a: Primarina
|
|-heal|p1a: Ting-Lu|91/100|[from] item: Leftovers
|upkeep
|turn|2
|
|t:|1758991868
|switch|p2a: Gholdengo|Gholdengo|100/100
|move|p1a: Ting-Lu|Earthquake|p2a: Gholdengo
|-supereffective|p2a: Gholdengo
|-damage|p2a: Gholdengo|34/100
|
|-heal|p1a: Ting-Lu|98/100|[from] item: Leftovers
|upkeep
|turn|3
|
|t:|1758991875
|switch|p2a: Skarmory|Skarmory, M|100/100
|move|p1a: Ting-Lu|Earthquake|p2a: Skarmory
|-immune|p2a: Skarmory
|
|-heal|p1a: Ting-Lu|100/100|[from] item: Leftovers
|upkeep
|turn|4
|
|t:|1758991882
|move|p2a: Skarmory|Spikes|p1a: Ting-Lu
|-sidestart|p1: Shibuya Arc|Spikes
|move|p1a: Ting-Lu|Ruination|p2a: Skarmory|[miss]
|-miss|p1a: Ting-Lu|p2a: Skarmory
|
|upkeep
|turn|5
|
|t:|1758991888
|move|p2a: Skarmory|Spikes|p1a: Ting-Lu
|-sidestart|p1: Shibuya Arc|Spikes
|move|p1a: Ting-Lu|Ruination|p2a: Skarmory
|-damage|p2a: Skarmory|50/100
|
|upkeep
|turn|6
|
|t:|1758991898
|move|p2a: Skarmory|Spikes|p1a: Ting-Lu
|-sidestart|p1: Shibuya Arc|Spikes
|move|p1a: Ting-Lu|Stealth Rock|p2a: Skarmory
|-sidestart|p2: Mortifi|move: Stealth Rock
|
|upkeep
|turn|7
|
|t:|1758991904
|move|p2a: Skarmory|Iron Defense|p2a: Skarmory
|-boost|p2a: Skarmory|def|2
|move|p1a: Ting-Lu|Ruination|p2a: Skarmory
|-damage|p2a: Skarmory|26/100
|
|upkeep
|turn|8
|
|t:|1758991914
|move|p2a: Skarmory|Roost|p2a: Skarmory
|-heal|p2a: Skarmory|76/100
|-singleturn|p2a: Skarmory|move: Roost
|move|p1a: Ting-Lu|Whirlwind|p2a: Skarmory
|drag|p2a: Deoxys|Deoxys-Speed|100/100
|-ability|p2a: Deoxys|Pressure
|
|upkeep
|turn|9
|
|t:|1758991923
|move|p2a: Deoxys|Stealth Rock|p1a: Ting-Lu
|-sidestart|p1: Shibuya Arc|move: Stealth Rock
|move|p1a: Ting-Lu|Ruination|p2a: Deoxys
|-damage|p2a: Deoxys|51/100
|
|upkeep
|turn|10
|
|t:|1758991930
|move|p2a: Deoxys|Recover|p2a: Deoxys
|-heal|p2a: Deoxys|100/100
|move|p1a: Ting-Lu|Ruination|p2a: Deoxys
|-damage|p2a: Deoxys|51/100
|
|upkeep
|turn|11
|
|t:|1758991937
|move|p2a: Deoxys|Recover|p2a: Deoxys
|-heal|p2a: Deoxys|100/100
|move|p1a: Ting-Lu|Ruination|p2a: Deoxys
|-damage|p2a: Deoxys|51/100
|
|upkeep
|turn|12
|
|t:|1758991945
|move|p2a: Deoxys|Recover|p2a: Deoxys
|-heal|p2a: Deoxys|100/100
|move|p1a: Ting-Lu|Ruination|p2a: Deoxys
|-damage|p2a: Deoxys|51/100
|
|upkeep
|turn|13
|
|t:|1758991952
|move|p2a: Deoxys|Recover|p2a: Deoxys
|-heal|p2a: Deoxys|100/100
|move|p1a: Ting-Lu|Ruination|p2a: Deoxys
|-damage|p2a: Deoxys|51/100
|
|upkeep
|turn|14
|
|t:|1758991959
|move|p2a: Deoxys|Recover|p2a: Deoxys
|-heal|p2a: Deoxys|100/100
|move|p1a: Ting-Lu|Earthquake|p2a: Deoxys
|-damage|p2a: Deoxys|66/100
|
|upkeep
|turn|15
|
|t:|1758991966
|switch|p2a: Skarmory|Skarmory, M|76/100
|-damage|p2a: Skarmory|63/100|[from] Stealth Rock
|move|p1a: Ting-Lu|Earthquake|p2a: Skarmory
|-immune|p2a: Skarmory
|
|upkeep
|turn|16
|
|t:|1758991973
|move|p2a: Skarmory|Roost|p2a: Skarmory
|-heal|p2a: Skarmory|100/100
|-singleturn|p2a: Skarmory|move: Roost
|move|p1a: Ting-Lu|Ruination|p2a: Skarmory
|-damage|p2a: Skarmory|50/100
|
|upkeep
|turn|17
|
|t:|1758991983
|move|p2a: Skarmory|Roost|p2a: Skarmory
|-heal|p2a: Skarmory|100/100
|-singleturn|p2a: Skarmory|move: Roost
|move|p1a: Ting-Lu|Earthquake|p2a: Skarmory
|-supereffective|p2a: Skarmory
|-damage|p2a: Skarmory|56/100
|
|upkeep
|turn|18
|
|t:|1758991994
|move|p2a: Skarmory|Iron Defense|p2a: Skarmory
|-boost|p2a: Skarmory|def|2
|move|p1a: Ting-Lu|Earthquake|p2a: Skarmory
|-immune|p2a: Skarmory
|
|upkeep
|turn|19
|
|t:|1758991999
|move|p2a: Skarmory|Roost|p2a: Skarmory
|-heal|p2a: Skarmory|100/100
|-singleturn|p2a: Skarmory|move: Roost
|move|p1a: Ting-Lu|Whirlwind|p2a: Skarmory
|drag|p2a: Primarina|Primarina, M|100/100
|-damage|p2a: Primarina|88/100|[from] Stealth Rock
|
|upkeep
|turn|20
|
|t:|1758992007
|move|p2a: Primarina|Flip Turn|p1a: Ting-Lu
|-resisted|p1a: Ting-Lu
|-damage|p1a: Ting-Lu|97/100
|
|t:|1758992010
|switch|p2a: Skarmory|Skarmory, M|100/100|[from] Flip Turn
|-damage|p2a: Skarmory|88/100|[from] Stealth Rock
|move|p1a: Ting-Lu|Earthquake|p2a: Skarmory
|-immune|p2a: Skarmory
|
|-heal|p1a: Ting-Lu|100/100|[from] item: Leftovers
|upkeep
|turn|21
|
|t:|1758992019
|move|p2a: Skarmory|Iron Defense|p2a: Skarmory
|-boost|p2a: Skarmory|def|2
|move|p1a: Ting-Lu|Whirlwind|p2a: Skarmory
|drag|p2a: Great Tusk|Great Tusk|100/100
|
|upkeep
|turn|22
|j| wgw2333
|
|t:|1758992026
|move|p2a: Great Tusk|Knock Off|p1a: Ting-Lu
|-damage|p1a: Ting-Lu|83/100
|-enditem|p1a: Ting-Lu|Leftovers|[from] move: Knock Off|[of] p2a: Great Tusk
|move|p1a: Ting-Lu|Ruination|p2a: Great Tusk
|-damage|p2a: Great Tusk|51/100
|
|upkeep
|turn|23
|
|t:|1758992037
|-end|p2a: Great Tusk|Protosynthesis|[silent]
|switch|p2a: Skarmory|Skarmory, M|88/100
|-damage|p2a: Skarmory|76/100|[from] Stealth Rock
|move|p1a: Ting-Lu|Earthquake|p2a: Skarmory
|-immune|p2a: Skarmory
|
|upkeep
|turn|24
|
|t:|1758992045
|move|p2a: Skarmory|Body Press|p1a: Ting-Lu
|-damage|p1a: Ting-Lu|65/100
|move|p1a: Ting-Lu|Whirlwind|p2a: Skarmory
|drag|p2a: Great Tusk|Great Tusk|51/100
|
|upkeep
|turn|25
|
|t:|1758992053
|-end|p2a: Great Tusk|Protosynthesis|[silent]
|switch|p2a: Skarmory|Skarmory, M|76/100
|-damage|p2a: Skarmory|64/100|[from] Stealth Rock
|move|p1a: Ting-Lu|Earthquake|p2a: Skarmory
|-immune|p2a: Skarmory
|
|upkeep
|turn|26
|
|t:|1758992060
|move|p2a: Skarmory|Body Press|p1a: Ting-Lu
|-damage|p1a: Ting-Lu|46/100
|move|p1a: Ting-Lu|Earthquake|p2a: Skarmory
|-immune|p2a: Skarmory
|
|upkeep
|turn|27
|
|t:|1758992067
|move|p2a: Skarmory|Body Press|p1a: Ting-Lu
|-damage|p1a: Ting-Lu|29/100
|move|p1a: Ting-Lu|Earthquake|p2a: Skarmory
|-immune|p2a: Skarmory
|
|upkeep
|turn|28
|
|t:|1758992075
|move|p2a: Skarmory|Iron Defense|p2a: Skarmory
|-boost|p2a: Skarmory|def|2
|move|p1a: Ting-Lu|Earthquake|p2a: Skarmory
|-immune|p2a: Skarmory
|
|upkeep
|turn|29
|
|t:|1758992082
|move|p2a: Skarmory|Body Press|p1a: Ting-Lu
|-damage|p1a: Ting-Lu|0 fnt
|faint|p1a: Ting-Lu
|
|upkeep
|
|t:|1758992089
|switch|p1a: Zapdos|Zapdos|100/100
|turn|30
|
|t:|1758992095
|switch|p2a: Raging Bolt|Raging Bolt|100/100
|-damage|p2a: Raging Bolt|88/100|[from] Stealth Rock
|move|p1a: Zapdos|Volt Switch|p2a: Raging Bolt
|-resisted|p2a: Raging Bolt
|-damage|p2a: Raging Bolt|83/100
|
|t:|1758992102
|switch|p1a: Iron Crown|Iron Crown|100/100|[from] Volt Switch
|-damage|p1a: Iron Crown|76/100|[from] Spikes
|-damage|p1a: Iron Crown|69/100|[from] Stealth Rock
|
|upkeep
|turn|31
|
|t:|1758992110
|move|p1a: Iron Crown|Psyshock|p2a: Raging Bolt
|-damage|p2a: Raging Bolt|30/100
|move|p2a: Raging Bolt|Volt Switch|p1a: Iron Crown
|-damage|p1a: Iron Crown|24/100
|
|t:|1758992126
|-end|p2a: Raging Bolt|Protosynthesis|[silent]
|switch|p2a: Gholdengo|Gholdengo|34/100|[from] Volt Switch
|
|upkeep
|turn|32
|
|t:|1758992132
|-end|p1a: Iron Crown|Quark Drive|[silent]
|switch|p1a: Dragonite|Dragonite, F|100/100
|move|p2a: Gholdengo|Recover|p2a: Gholdengo
|-heal|p2a: Gholdengo|84/100
|
|upkeep
|turn|33
|
|t:|1758992138
|move|p1a: Dragonite|Earthquake|p2a: Gholdengo
|-supereffective|p2a: Gholdengo
|-damage|p2a: Gholdengo|15/100
|move|p2a: Gholdengo|Thunder Wave|p1a: Dragonite
|-status|p1a: Dragonite|par
|
|upkeep
|turn|34
|
|t:|1758992145
|switch|p2a: Skarmory|Skarmory, M|64/100
|-damage|p2a: Skarmory|51/100|[from] Stealth Rock
|switch|p1a: Zapdos|Zapdos|100/100
|
|upkeep
|turn|35
|
|t:|1758992157
|switch|p2a: Deoxys|Deoxys-Speed|66/100
|-ability|p2a: Deoxys|Pressure
|move|p1a: Zapdos|Heat Wave|p2a: Deoxys
|-damage|p2a: Deoxys|25/100
|
|upkeep
|turn|36
|
|t:|1758992167
|move|p2a: Deoxys|Psycho Boost|p1a: Zapdos|[miss]
|-miss|p2a: Deoxys|p1a: Zapdos
|move|p1a: Zapdos|Heat Wave|p2a: Deoxys
|-damage|p2a: Deoxys|0 fnt
|faint|p2a: Deoxys
|
|upkeep
|
|t:|1758992176
|switch|p2a: Raging Bolt|Raging Bolt|30/100
|-damage|p2a: Raging Bolt|18/100|[from] Stealth Rock
|turn|37
|
|t:|1758992183
|move|p1a: Zapdos|Hurricane|p2a: Raging Bolt
|-resisted|p2a: Raging Bolt
|-damage|p2a: Raging Bolt|0 fnt
|faint|p2a: Raging Bolt
|-end|p2a: Raging Bolt|Protosynthesis|[silent]
|
|upkeep
|j| ivo-arg
|
|t:|1758992200
|switch|p2a: Primarina|Primarina, M|88/100
|-damage|p2a: Primarina|76/100|[from] Stealth Rock
|turn|38
|
|t:|1758992208
|move|p1a: Zapdos|Volt Switch|p2a: Primarina
|-supereffective|p2a: Primarina
|-damage|p2a: Primarina|8/100
|
|t:|1758992214
|switch|p1a: Iron Crown|Iron Crown|24/100|[from] Volt Switch
|-damage|p1a: Iron Crown|0 fnt|[from] Spikes
|faint|p1a: Iron Crown
|-end|p1a: Iron Crown|Quark Drive|[silent]
|move|p2a: Primarina|Moonblast|p1: Iron Crown|[notarget]
|-fail|p2a: Primarina
|
|upkeep
|
|t:|1758992220
|switch|p1a: Zapdos|Zapdos|100/100
|turn|39
|
|t:|1758992225
|move|p1a: Zapdos|Heat Wave|p2a: Primarina
|-resisted|p2a: Primarina
|-damage|p2a: Primarina|0 fnt
|faint|p2a: Primarina
|
|upkeep
|-message|Mortifi forfeited.
|
|win|Shibuya Arc
|raw|Shibuya Arc's rating: 1707 &rarr; <strong>1729</strong><br />(+22 for winning)
|raw|Mortifi's rating: 1737 &rarr; <strong>1715</strong><br />(-22 for losing)
|l|☆Mortifi
|player|p2|
|l|☆Shibuya Arc
|player|p1|
