|badge|p1|bronze|gen9randombattle|100-6
|uhtml|medal-msg|<div class="broadcast-blue">Curious what those medals under the avatar are? PS now has Ladder Seasons! For more information, check out the <a href="https://www.smogon.com/forums/threads/3740067/">thread on Smogon.</a></div>
|j|☆Playing Foul
|j|☆ilytrix
|t:|1759049545
|gametype|singles
|player|p1|Playing Foul|ethan-gen2|1687
|player|p2|ilytrix|n-masters|1799
|gen|9
|tier|[Gen 9] OU
|rated|
|rule|HP Percentage Mod: HP is shown in percentages
|rule|Endless Battle Clause: Forcing endless battles is banned
|rule|Species Clause: Limit one of each Pokémon
|rule|OHKO Clause: OHKO moves are banned
|rule|Evasion Items Clause: Evasion items are banned
|rule|Evasion Moves Clause: Evasion moves are banned
|rule|Evasion Abilities Clause: Evasion abilities are banned
|rule|Sleep Moves Clause: Sleep-inducing moves are banned
|clearpoke
|poke|p1|Iron Valiant|
|poke|p1|Gliscor, F|
|poke|p1|Slowking-Galar, M|
|poke|p1|Great Tusk|
|poke|p1|Dragapult, F|
|poke|p1|Skarmory, F|
|poke|p2|Ceruledge, M|
|poke|p2|Raging Bolt|
|poke|p2|Latias, F|
|poke|p2|Kyurem|
|poke|p2|Ninetales-Alola, F|
|poke|p2|Iron Moth|
|teampreview
|
|t:|1759049553
|teamsize|p1|6
|teamsize|p2|6
|start
|switch|p1a: Slowking|Slowking-Galar, M|100/100
|switch|p2a: snow bunny|Ninetales-Alola, F|100/100
|-weather|Snowscape|[from] ability: Snow Warning|[of] p2a: snow bunny
|turn|1
|inactive|Battle timer is ON: inactive players will automatically lose when time's up. (requested by Playing Foul)
|j| yannono
|
|t:|1759049561
|move|p2a: snow bunny|Aurora Veil|p2a: snow bunny
|-sidestart|p2: ilytrix|move: Aurora Veil
|move|p1a: Slowking|Sludge Bomb|p2a: snow bunny
|-supereffective|p2a: snow bunny
|-damage|p2a: snow bunny|60/100
|
|-weather|Snowscape|[upkeep]
|upkeep
|turn|2
|
|t:|1759049568
|switch|p2a: bury the light|Ceruledge, M|100/100
|move|p1a: Slowking|Toxic|p2a: bury the light
|-status|p2a: bury the light|tox
|
|-weather|Snowscape|[upkeep]
|-damage|p2a: bury the light|94/100 tox|[from] psn
|upkeep
|turn|3
|
|t:|1759049575
|switch|p1a: Gliscor|Gliscor, F|100/100
|move|p2a: bury the light|Swords Dance|p2a: bury the light
|-boost|p2a: bury the light|atk|2
|
|-weather|Snowscape|[upkeep]
|-damage|p2a: bury the light|82/100 tox|[from] psn
|-status|p1a: Gliscor|tox|[from] item: Toxic Orb
|upkeep
|turn|4
|
|t:|1759049583
|move|p1a: Gliscor|Protect|p1a: Gliscor
|-singleturn|p1a: Gliscor|Protect
|move|p2a: bury the light|Bitter Blade|p1a: Gliscor
|-activate|p1a: Gliscor|move: Protect
|
|-weather|Snowscape|[upkeep]
|-damage|p2a: bury the light|63/100 tox|[from] psn
|upkeep
|turn|5
|
|t:|1759049590
|-terastallize|p1a: Gliscor|Dragon
|move|p2a: bury the light|Bitter Blade|p1a: Gliscor
|-resisted|p1a: Gliscor
|-damage|p1a: Gliscor|63/100 tox
|-heal|p2a: bury the light|86/100 tox|[from] drain|[of] p1a: Gliscor
|move|p1a: Gliscor|Earthquake|p2a: bury the light
|-supereffective|p2a: bury the light
|-damage|p2a: bury the light|40/100 tox
|-ability|p2a: bury the light|Weak Armor|boost
|-unboost|p2a: bury the light|def|1
|-boost|p2a: bury the light|spe|2
|
|-weather|none
|-damage|p2a: bury the light|15/100 tox|[from] psn
|-heal|p1a: Gliscor|75/100 tox|[from] ability: Poison Heal
|upkeep
|turn|6
|
|t:|1759049599
|move|p1a: Gliscor|Protect|p1a: Gliscor
|-singleturn|p1a: Gliscor|Protect
|move|p2a: bury the light|Poltergeist|p1a: Gliscor
|-activate|p1a: Gliscor|move: Protect
|
|-damage|p2a: bury the light|0 fnt|[from] psn
|faint|p2a: bury the light
|-heal|p1a: Gliscor|88/100 tox|[from] ability: Poison Heal
|upkeep
|
|t:|1759049601
|switch|p2a: rng my ahh|Kyurem|100/100
|-ability|p2a: rng my ahh|Pressure
|turn|7
|
|t:|1759049608
|switch|p1a: Slowking|Slowking-Galar, M|100/100
|move|p2a: rng my ahh|Icicle Spear|p1a: Slowking
|-damage|p1a: Slowking|84/100
|-damage|p1a: Slowking|68/100
|-damage|p1a: Slowking|54/100
|-damage|p1a: Slowking|40/100
|-hitcount|p1a: Slowking|4
|
|upkeep
|turn|8
|
|t:|1759049616
|switch|p1a: Skarmory|Skarmory, F|100/100
|move|p2a: rng my ahh|Dragon Dance|p2a: rng my ahh
|-boost|p2a: rng my ahh|atk|1
|-boost|p2a: rng my ahh|spe|1
|
|-sideend|p2: ilytrix|move: Aurora Veil
|upkeep
|turn|9
|
|t:|1759049624
|move|p2a: rng my ahh|Icicle Spear|p1a: Skarmory
|-damage|p1a: Skarmory|88/100
|-damage|p1a: Skarmory|74/100
|-damage|p1a: Skarmory|62/100
|-damage|p1a: Skarmory|51/100
|-hitcount|p1a: Skarmory|4
|move|p1a: Skarmory|Whirlwind|p2a: rng my ahh
|drag|p2a: snow bunny|Ninetales-Alola, F|60/100
|-weather|Snowscape|[from] ability: Snow Warning|[of] p2a: snow bunny
|
|-weather|Snowscape|[upkeep]
|upkeep
|turn|10
|
|t:|1759049631
|move|p2a: snow bunny|Encore|p1a: Skarmory
|-start|p1a: Skarmory|Encore
|move|p1a: Skarmory|Whirlwind|p2a: snow bunny
|drag|p2a: Latias|Latias, F|100/100
|
|-weather|Snowscape|[upkeep]
|upkeep
|turn|11
|
|t:|1759049639
|move|p2a: Latias|Aura Sphere|p1a: Skarmory
|-damage|p1a: Skarmory|10/100
|move|p1a: Skarmory|Whirlwind|p2a: Latias
|drag|p2a: rng my ahh|Kyurem|100/100
|-ability|p2a: rng my ahh|Pressure
|
|-weather|Snowscape|[upkeep]
|upkeep
|turn|12
|
|t:|1759049646
|switch|p1a: Iron Valiant|Iron Valiant|100/100
|move|p2a: rng my ahh|Icicle Spear|p1a: Iron Valiant
|-damage|p1a: Iron Valiant|83/100
|-damage|p1a: Iron Valiant|63/100
|-damage|p1a: Iron Valiant|44/100
|-damage|p1a: Iron Valiant|24/100
|-hitcount|p1a: Iron Valiant|4
|
|-weather|Snowscape|[upkeep]
|upkeep
|turn|13
|
|t:|1759049654
|switch|p2a: Iron Moth|Iron Moth|100/100
|-enditem|p2a: Iron Moth|Booster Energy
|-activate|p2a: Iron Moth|ability: Quark Drive|[fromitem]
|-start|p2a: Iron Moth|quarkdrivespe
|move|p1a: Iron Valiant|Shadow Ball|p2a: Iron Moth
|-damage|p2a: Iron Moth|57/100
|
|-weather|none
|upkeep
|turn|14
|
|t:|1759049661
|-end|p1a: Iron Valiant|Quark Drive|[silent]
|switch|p1a: Slowking|Slowking-Galar, M|74/100
|move|p2a: Iron Moth|Fiery Dance|p1a: Slowking
|-damage|p1a: Slowking|48/100
|
|upkeep
|turn|15
|
|t:|1759049669
|move|p2a: Iron Moth|Fiery Dance|p1a: Slowking
|-damage|p1a: Slowking|25/100
|-boost|p2a: Iron Moth|spa|1
|move|p1a: Slowking|Future Sight|p2a: Iron Moth
|-start|p1a: Slowking|move: Future Sight
|
|upkeep
|turn|16
|
|t:|1759049676
|switch|p1a: Skarmory|Skarmory, F|10/100
|move|p2a: Iron Moth|Fiery Dance|p1a: Skarmory
|-supereffective|p1a: Skarmory
|-damage|p1a: Skarmory|0 fnt
|-boost|p2a: Iron Moth|spa|1
|faint|p1a: Skarmory
|
|upkeep
|
|t:|1759049684
|switch|p1a: Slowking|Slowking-Galar, M|58/100
|turn|17
|
|t:|1759049691
|move|p2a: Iron Moth|Fiery Dance|p1a: Slowking
|-damage|p1a: Slowking|11/100
|move|p1a: Slowking|Sludge Bomb|p2a: Iron Moth
|-resisted|p2a: Iron Moth
|-damage|p2a: Iron Moth|41/100
|
|-end|p2a: Iron Moth|move: Future Sight
|-supereffective|p2a: Iron Moth
|-damage|p2a: Iron Moth|0 fnt
|faint|p2a: Iron Moth
|-end|p2a: Iron Moth|Quark Drive|[silent]
|upkeep
|
|t:|1759049696
|switch|p2a: snow bunny|Ninetales-Alola, F|60/100
|-weather|Snowscape|[from] ability: Snow Warning|[of] p2a: snow bunny
|turn|18
|
|t:|1759049704
|switch|p1a: Gliscor|Gliscor, F, tera:Dragon|88/100 tox
|move|p2a: snow bunny|Aurora Veil|p2a: snow bunny
|-sidestart|p2: ilytrix|move: Aurora Veil
|
|-weather|Snowscape|[upkeep]
|-heal|p1a: Gliscor|99/100 tox|[from] ability: Poison Heal
|upkeep
|turn|19
|
|t:|1759049711
|switch|p2a: 50/50|Raging Bolt|100/100
|-enditem|p2a: 50/50|Booster Energy
|-activate|p2a: 50/50|ability: Protosynthesis|[fromitem]
|-start|p2a: 50/50|protosynthesisspa
|move|p1a: Gliscor|U-turn|p2a: 50/50
|-damage|p2a: 50/50|95/100
|
|t:|1759049719
|switch|p1a: Slowking|Slowking-Galar, M|45/100|[from] U-turn
|
|-weather|Snowscape|[upkeep]
|upkeep
|turn|20
|
|t:|1759049726
|move|p2a: 50/50|Calm Mind|p2a: 50/50
|-boost|p2a: 50/50|spa|1
|-boost|p2a: 50/50|spd|1
|move|p1a: Slowking|Toxic|p2a: 50/50
|-status|p2a: 50/50|tox
|
|-weather|Snowscape|[upkeep]
|-damage|p2a: 50/50|88/100 tox|[from] psn
|upkeep
|turn|21
|
|t:|1759049733
|switch|p1a: Iron Valiant|Iron Valiant|24/100
|move|p2a: 50/50|Thunderbolt|p1a: Iron Valiant
|-damage|p1a: Iron Valiant|0 fnt
|faint|p1a: Iron Valiant
|-end|p1a: Iron Valiant|Quark Drive|[silent]
|
|-weather|Snowscape|[upkeep]
|-damage|p2a: 50/50|76/100 tox|[from] psn
|upkeep
|
|t:|1759049741
|switch|p1a: Slowking|Slowking-Galar, M|78/100
|turn|22
|
|t:|1759049748
|move|p2a: 50/50|Dragon Pulse|p1a: Slowking
|-damage|p1a: Slowking|23/100
|-prepare|p1a: Slowking|Chilly Reception|[premajor]
|move|p1a: Slowking|Chilly Reception|p1a: Slowking
|
|t:|1759049752
|switch|p1a: Gliscor|Gliscor, F, tera:Dragon|99/100 tox|[from] Chilly Reception
|
|-weather|none
|-heal|p1a: Gliscor|100/100 tox|[from] ability: Poison Heal
|-damage|p2a: 50/50|58/100 tox|[from] psn
|upkeep
|turn|23
|
|t:|1759049755
|move|p1a: Gliscor|Protect|p1a: Gliscor
|-singleturn|p1a: Gliscor|Protect
|move|p2a: 50/50|Dragon Pulse|p1a: Gliscor
|-activate|p1a: Gliscor|move: Protect
|
|-damage|p2a: 50/50|33/100 tox|[from] psn
|upkeep
|turn|24
|
|t:|1759049759
|switch|p1a: Slowking|Slowking-Galar, M|56/100
|move|p2a: 50/50|Dragon Pulse|p1a: Slowking
|-damage|p1a: Slowking|0 fnt
|faint|p1a: Slowking
|
|-damage|p2a: 50/50|2/100 tox|[from] psn
|upkeep
|
|t:|1759049763
|switch|p1a: Great Tusk|Great Tusk|100/100
|turn|25
|
|t:|1759049766
|move|p1a: Great Tusk|Ice Spinner|p2a: 50/50
|-supereffective|p2a: 50/50
|-damage|p2a: 50/50|0 fnt
|faint|p2a: 50/50
|-end|p2a: 50/50|Protosynthesis|[silent]
|
|-sideend|p2: ilytrix|move: Aurora Veil
|upkeep
|
|t:|1759049768
|switch|p2a: snow bunny|Ninetales-Alola, F|60/100
|-weather|Snowscape|[from] ability: Snow Warning|[of] p2a: snow bunny
|turn|26
|
|t:|1759049776
|-end|p1a: Great Tusk|Protosynthesis|[silent]
|switch|p1a: Gliscor|Gliscor, F, tera:Dragon|100/100 tox
|move|p2a: snow bunny|Aurora Veil|p2a: snow bunny
|-sidestart|p2: ilytrix|move: Aurora Veil
|
|-weather|Snowscape|[upkeep]
|upkeep
|turn|27
|
|t:|1759049783
|switch|p2a: rng my ahh|Kyurem|100/100
|-ability|p2a: rng my ahh|Pressure
|move|p1a: Gliscor|U-turn|p2a: rng my ahh
|-damage|p2a: rng my ahh|95/100
|
|t:|1759049790
|switch|p1a: Dragapult|Dragapult, F|100/100|[from] U-turn
|
|-weather|Snowscape|[upkeep]
|upkeep
|turn|28
|
|t:|1759049797
|move|p1a: Dragapult|Will-O-Wisp|p2a: rng my ahh
|-status|p2a: rng my ahh|brn
|move|p2a: rng my ahh|Dragon Dance|p2a: rng my ahh
|-boost|p2a: rng my ahh|atk|1
|-boost|p2a: rng my ahh|spe|1
|
|-weather|Snowscape|[upkeep]
|-damage|p2a: rng my ahh|89/100 brn|[from] brn
|upkeep
|turn|29
|
|t:|1759049804
|switch|p1a: Gliscor|Gliscor, F, tera:Dragon|100/100 tox
|move|p2a: rng my ahh|Dragon Dance|p2a: rng my ahh
|-boost|p2a: rng my ahh|atk|1
|-boost|p2a: rng my ahh|spe|1
|
|-weather|Snowscape|[upkeep]
|-damage|p2a: rng my ahh|83/100 brn|[from] brn
|upkeep
|turn|30
|
|t:|1759049812
|move|p1a: Gliscor|Protect|p1a: Gliscor
|-singleturn|p1a: Gliscor|Protect
|move|p2a: rng my ahh|Icicle Spear|p1a: Gliscor
|-activate|p1a: Gliscor|move: Protect
|
|-weather|none
|-damage|p2a: rng my ahh|77/100 brn|[from] brn
|upkeep
|turn|31
|
|t:|1759049819
|move|p1a: Gliscor|Protect||[still]
|-fail|p1a: Gliscor
|move|p2a: rng my ahh|Icicle Spear|p1a: Gliscor
|-supereffective|p1a: Gliscor
|-damage|p1a: Gliscor|76/100 tox
|-supereffective|p1a: Gliscor
|-damage|p1a: Gliscor|54/100 tox
|-supereffective|p1a: Gliscor
|-crit|p1a: Gliscor
|-damage|p1a: Gliscor|19/100 tox
|-supereffective|p1a: Gliscor
|-damage|p1a: Gliscor|0 fnt
|faint|p1a: Gliscor
|-hitcount|p1: Gliscor|4
|
|-damage|p2a: rng my ahh|71/100 brn|[from] brn
|upkeep
|
|t:|1759049825
|switch|p1a: Great Tusk|Great Tusk|100/100
|turn|32
|
|t:|1759049831
|move|p2a: rng my ahh|Icicle Spear|p1a: Great Tusk
|-supereffective|p1a: Great Tusk
|-damage|p1a: Great Tusk|78/100
|-supereffective|p1a: Great Tusk
|-damage|p1a: Great Tusk|58/100
|-supereffective|p1a: Great Tusk
|-damage|p1a: Great Tusk|37/100
|-supereffective|p1a: Great Tusk
|-damage|p1a: Great Tusk|15/100
|-hitcount|p1a: Great Tusk|4
|move|p1a: Great Tusk|Headlong Rush|p2a: rng my ahh
|-damage|p2a: rng my ahh|37/100 brn
|-unboost|p1a: Great Tusk|def|1
|-unboost|p1a: Great Tusk|spd|1
|
|-damage|p2a: rng my ahh|31/100 brn|[from] brn
|upkeep
|turn|33
|
|t:|1759049837
|-end|p1a: Great Tusk|Protosynthesis|[silent]
|switch|p1a: Dragapult|Dragapult, F|100/100
|move|p2a: rng my ahh|Icicle Spear|p1a: Dragapult
|-supereffective|p1a: Dragapult
|-damage|p1a: Dragapult|55/100
|-supereffective|p1a: Dragapult
|-damage|p1a: Dragapult|10/100
|-supereffective|p1a: Dragapult
|-damage|p1a: Dragapult|0 fnt
|faint|p1a: Dragapult
|-hitcount|p1: Dragapult|3
|
|-damage|p2a: rng my ahh|25/100 brn|[from] brn
|-sideend|p2: ilytrix|move: Aurora Veil
|upkeep
|
|t:|1759049842
|switch|p1a: Great Tusk|Great Tusk|15/100
|turn|34
|
|t:|1759049846
|move|p2a: rng my ahh|Icicle Spear|p1a: Great Tusk
|-supereffective|p1a: Great Tusk
|-damage|p1a: Great Tusk|0 fnt
|faint|p1a: Great Tusk
|-end|p1a: Great Tusk|Protosynthesis|[silent]
|-hitcount|p1: Great Tusk|1
|
|win|ilytrix
|raw|Playing Foul's rating: 1687 &rarr; <strong>1673</strong><br />(-14 for losing)
|raw|ilytrix's rating: 1799 &rarr; <strong>1813</strong><br />(+14 for winning)
|l|☆Playing Foul
|player|p1|
|l|☆ilytrix
|player|p2|
