|j|☆HeWhoSits
|j|☆top ofsilver
|t:|1758979243
|gametype|singles
|player|p1|HeWhoSits|fisherman|1196
|player|p2|top ofsilver|102|1260
|gen|9
|tier|[Gen 9] OU
|rated|
|rule|HP Percentage Mod: HP is shown in percentages
|rule|Endless Battle Clause: Forcing endless battles is banned
|rule|Species Clause: Limit one of each Pokémon
|rule|OHKO Clause: OHKO moves are banned
|rule|Evasion Items Clause: Evasion items are banned
|rule|Evasion Moves Clause: Evasion moves are banned
|rule|Evasion Abilities Clause: Evasion abilities are banned
|rule|Sleep Moves Clause: Sleep-inducing moves are banned
|clearpoke
|poke|p1|Ditto|
|poke|p1|Alomomola, F|
|poke|p1|Ogerpon-Wellspring, F|
|poke|p1|Gliscor, F|
|poke|p1|Corviknight, F|
|poke|p1|Pawmot, M|
|poke|p2|Garganacl, M|
|poke|p2|Corviknight, F|
|poke|p2|Walking Wake|
|poke|p2|Blissey, F|
|poke|p2|Glimmora, F|
|poke|p2|Moltres|
|teampreview
|
|t:|1758979250
|teamsize|p1|6
|teamsize|p2|6
|start
|switch|p1a: Ditto|Ditto|100/100
|switch|p2a: Glimmora|Glimmora, F|100/100
|-transform|p1a: Ditto|p2a: Glimmora|[from] ability: Imposter
|turn|1
|inactive|Battle timer is ON: inactive players will automatically lose when time's up. (requested by top ofsilver)
|
|t:|1758979276
|switch|p1a: Corviknight|Corviknight, F|100/100
|move|p2a: Glimmora|Stealth Rock|p1a: Corviknight
|-sidestart|p1: HeWhoSits|move: Stealth Rock
|
|upkeep
|turn|2
|
|t:|1758979282
|switch|p2a: Moltres|Moltres|100/100
|move|p1a: Corviknight|Defog|p2a: Moltres
|-unboost|p2a: Moltres|evasion|1
|-sideend|p1: HeWhoSits|Stealth Rock|[from] move: Defog|[of] p1a: Corviknight
|
|upkeep
|turn|3
|
|t:|1758979290
|switch|p1a: Alomomola|Alomomola, F|100/100
|move|p2a: Moltres|U-turn|p1a: Alomomola
|-damage|p1a: Alomomola|93/100
|
|t:|1758979298
|switch|p2a: Glimmora|Glimmora, F|100/100|[from] U-turn
|
|-heal|p1a: Alomomola|99/100|[from] item: Leftovers
|upkeep
|turn|4
|
|t:|1758979312
|switch|p1a: Corviknight|Corviknight, F|100/100
|move|p2a: Glimmora|Stealth Rock|p1a: Corviknight
|-sidestart|p1: HeWhoSits|move: Stealth Rock
|
|upkeep
|turn|5
|
|t:|1758979321
|switch|p2a: Moltres|Moltres|100/100
|move|p1a: Corviknight|Defog|p2a: Moltres
|-unboost|p2a: Moltres|evasion|1
|-sideend|p1: HeWhoSits|Stealth Rock|[from] move: Defog|[of] p1a: Corviknight
|
|upkeep
|turn|6
|
|t:|1758979332
|switch|p1a: Gliscor|Gliscor, F|100/100
|move|p2a: Moltres|U-turn|p1a: Gliscor
|-resisted|p1a: Gliscor
|-crit|p1a: Gliscor
|-damage|p1a: Gliscor|90/100
|
|t:|1758979342
|switch|p2a: Walking Wake|Walking Wake|100/100|[from] U-turn
|
|-status|p1a: Gliscor|tox|[from] item: Toxic Orb
|upkeep
|turn|7
|
|t:|1758979357
|-terastallize|p1a: Gliscor|Poison
|move|p2a: Walking Wake|Draco Meteor|p1a: Gliscor
|-damage|p1a: Gliscor|0 fnt
|-unboost|p2a: Walking Wake|spa|2
|faint|p1a: Gliscor
|
|upkeep
|
|t:|1758979378
|switch|p1a: Pawmot|Pawmot, M|100/100
|turn|8
|
|t:|1758979387
|-end|p2a: Walking Wake|Protosynthesis|[silent]
|switch|p2a: Glimmora|Glimmora, F|100/100
|move|p1a: Pawmot|Double Shock|p2a: Glimmora
|-crit|p2a: Glimmora
|-enditem|p2a: Glimmora|Focus Sash
|-damage|p2a: Glimmora|1/100
|-start|p1a: Pawmot|typechange|???/Fighting|[from] move: Double Shock
|-activate|p2a: Glimmora|ability: Toxic Debris
|-sidestart|p1: HeWhoSits|move: Toxic Spikes
|
|upkeep
|turn|9
|
|t:|1758979401
|move|p1a: Pawmot|Revival Blessing|p1a: Pawmot
|-enditem|p1a: Pawmot|Leppa Berry|[eat]
|-activate|p1a: Pawmot|item: Leppa Berry|Revival Blessing|[consumed]
|
|t:|1758979405
|-heal|p1: Gliscor|50/100|[from] move: Revival Blessing
|move|p2a: Glimmora|Stealth Rock|p1a: Pawmot
|-sidestart|p1: HeWhoSits|move: Stealth Rock
|
|upkeep
|turn|10
|
|t:|1758979416
|switch|p2a: Walking Wake|Walking Wake|100/100
|move|p1a: Pawmot|Ice Punch|p2a: Walking Wake
|-damage|p2a: Walking Wake|70/100
|
|upkeep
|turn|11
|
|t:|1758979427
|switch|p1a: Corviknight|Corviknight, F|100/100
|move|p2a: Walking Wake|Draco Meteor|p1a: Corviknight
|-resisted|p1a: Corviknight
|-damage|p1a: Corviknight|50/100
|-unboost|p2a: Walking Wake|spa|2
|
|upkeep
|turn|12
|
|t:|1758979450
|-end|p2a: Walking Wake|Protosynthesis|[silent]
|switch|p2a: Moltres|Moltres|100/100
|move|p1a: Corviknight|Defog|p2a: Moltres
|-unboost|p2a: Moltres|evasion|1
|-sideend|p1: HeWhoSits|Toxic Spikes|[from] move: Defog|[of] p1a: Corviknight
|-sideend|p1: HeWhoSits|Stealth Rock|[from] move: Defog|[of] p1a: Corviknight
|
|upkeep
|turn|13
|
|t:|1758979459
|switch|p1a: Alomomola|Alomomola, F|100/100
|move|p2a: Moltres|Flamethrower|p1a: Alomomola
|-resisted|p1a: Alomomola
|-damage|p1a: Alomomola|79/100
|-status|p1a: Alomomola|brn
|
|-heal|p1a: Alomomola|85/100 brn|[from] item: Leftovers
|-damage|p1a: Alomomola|79/100 brn|[from] brn
|upkeep
|turn|14
|
|t:|1758979471
|move|p2a: Moltres|U-turn|p1a: Alomomola
|-damage|p1a: Alomomola|72/100 brn
|
|t:|1758979478
|switch|p2a: Corviknight|Corviknight, F|100/100|[from] U-turn
|-ability|p2a: Corviknight|Pressure
|move|p1a: Alomomola|Scald|p2a: Corviknight
|-damage|p2a: Corviknight|87/100
|
|-heal|p2a: Corviknight|93/100|[from] item: Leftovers
|-heal|p1a: Alomomola|78/100 brn|[from] item: Leftovers
|-damage|p1a: Alomomola|72/100 brn|[from] brn
|upkeep
|turn|15
|
|t:|1758979493
|move|p2a: Corviknight|U-turn|p1a: Alomomola
|-crit|p1a: Alomomola
|-damage|p1a: Alomomola|60/100 brn
|
|t:|1758979498
|switch|p2a: Moltres|Moltres|100/100|[from] U-turn
|move|p1a: Alomomola|Wish|p1a: Alomomola
|
|-heal|p1a: Alomomola|66/100 brn|[from] item: Leftovers
|-damage|p1a: Alomomola|60/100 brn|[from] brn
|upkeep
|turn|16
|
|t:|1758979512
|switch|p1a: Ogerpon|Ogerpon-Wellspring, F|100/100
|move|p2a: Moltres|Flamethrower|p1a: Ogerpon
|-damage|p1a: Ogerpon|58/100
|
|-heal|p1a: Ogerpon|100/100|[from] move: Wish|[wisher] Alomomola
|upkeep
|turn|17
|
|t:|1758979522
|switch|p2a: Corviknight|Corviknight, F|93/100
|-ability|p2a: Corviknight|Pressure
|move|p1a: Ogerpon|Ivy Cudgel|p2a: Corviknight|[anim] Ivy Cudgel Water
|-damage|p2a: Corviknight|60/100
|
|-heal|p2a: Corviknight|66/100|[from] item: Leftovers
|upkeep
|turn|18
|
|t:|1758979538
|move|p1a: Ogerpon|U-turn|p2a: Corviknight
|-resisted|p2a: Corviknight
|-damage|p2a: Corviknight|62/100
|
|t:|1758979541
|switch|p1a: Gliscor|Gliscor, F|50/100|[from] U-turn
|move|p2a: Corviknight|Roost|p2a: Corviknight
|-heal|p2a: Corviknight|100/100
|-singleturn|p2a: Corviknight|move: Roost
|
|-status|p1a: Gliscor|tox|[from] item: Toxic Orb
|upkeep
|turn|19
|
|t:|1758979554
|move|p1a: Gliscor|Swords Dance|p1a: Gliscor
|-boost|p1a: Gliscor|atk|2
|move|p2a: Corviknight|U-turn|p1a: Gliscor
|-resisted|p1a: Gliscor
|-damage|p1a: Gliscor|43/100 tox
|
|t:|1758979557
|switch|p2a: Walking Wake|Walking Wake|70/100|[from] U-turn
|
|-heal|p1a: Gliscor|56/100 tox|[from] ability: Poison Heal
|upkeep
|turn|20
|
|t:|1758979568
|move|p1a: Gliscor|Protect|p1a: Gliscor
|-singleturn|p1a: Gliscor|Protect
|move|p2a: Walking Wake|Flamethrower|p1a: Gliscor
|-activate|p1a: Gliscor|move: Protect
|
|-heal|p1a: Gliscor|68/100 tox|[from] ability: Poison Heal
|upkeep
|turn|21
|
|t:|1758979577
|move|p2a: Walking Wake|Flamethrower|p1a: Gliscor
|-damage|p1a: Gliscor|4/100 tox
|move|p1a: Gliscor|Gunk Shot|p2a: Walking Wake
|-damage|p2a: Walking Wake|0 fnt
|faint|p2a: Walking Wake
|-end|p2a: Walking Wake|Protosynthesis|[silent]
|
|-heal|p1a: Gliscor|16/100 tox|[from] ability: Poison Heal
|upkeep
|
|t:|1758979587
|switch|p2a: Moltres|Moltres|100/100
|turn|22
|
|t:|1758979593
|move|p1a: Gliscor|Gunk Shot|p2a: Moltres
|-damage|p2a: Moltres|54/100
|-status|p2a: Moltres|psn
|move|p2a: Moltres|Flamethrower|p1a: Gliscor
|-damage|p1a: Gliscor|0 fnt
|faint|p1a: Gliscor
|
|-damage|p2a: Moltres|42/100 psn|[from] psn
|upkeep
|
|t:|1758979608
|switch|p1a: Alomomola|Alomomola, F|93/100 brn
|turn|23
|
|t:|1758979613
|move|p2a: Moltres|Roost|p2a: Moltres
|-heal|p2a: Moltres|92/100 psn
|-singleturn|p2a: Moltres|move: Roost
|move|p1a: Alomomola|Wish|p1a: Alomomola
|
|-heal|p1a: Alomomola|99/100 brn|[from] item: Leftovers
|-damage|p2a: Moltres|79/100 psn|[from] psn
|-damage|p1a: Alomomola|93/100 brn|[from] brn
|upkeep
|turn|24
|
|t:|1758979625
|move|p2a: Moltres|U-turn|p1a: Alomomola
|-damage|p1a: Alomomola|86/100 brn
|
|t:|1758979628
|switch|p2a: Corviknight|Corviknight, F|100/100|[from] U-turn
|-ability|p2a: Corviknight|Pressure
|move|p1a: Alomomola|Scald|p2a: Corviknight
|-damage|p2a: Corviknight|88/100
|
|-heal|p1a: Alomomola|100/100 brn|[from] move: Wish|[wisher] Alomomola
|-heal|p2a: Corviknight|94/100|[from] item: Leftovers
|-damage|p1a: Alomomola|94/100 brn|[from] brn
|upkeep
|turn|25
|
|t:|1758979643
|switch|p2a: Blissey|Blissey, F|100/100
|move|p1a: Alomomola|Scald|p2a: Blissey
|-damage|p2a: Blissey|96/100
|-status|p2a: Blissey|brn
|
|-heal|p1a: Alomomola|100/100 brn|[from] item: Leftovers
|-heal|p2a: Blissey|100/100 brn|[from] item: Leftovers
|-damage|p1a: Alomomola|94/100 brn|[from] brn
|-damage|p2a: Blissey|94/100 brn|[from] brn
|upkeep
|turn|26
|
|t:|1758979655
|move|p1a: Alomomola|Wish|p1a: Alomomola
|move|p2a: Blissey|Stealth Rock|p1a: Alomomola
|-sidestart|p1: HeWhoSits|move: Stealth Rock
|
|-heal|p1a: Alomomola|100/100 brn|[from] item: Leftovers
|-heal|p2a: Blissey|100/100 brn|[from] item: Leftovers
|-damage|p1a: Alomomola|94/100 brn|[from] brn
|-damage|p2a: Blissey|94/100 brn|[from] brn
|upkeep
|turn|27
|
|t:|1758979664
|switch|p1a: Corviknight|Corviknight, F|50/100
|move|p2a: Blissey|Thunder Wave|p1a: Corviknight
|-status|p1a: Corviknight|par
|
|-heal|p1a: Corviknight|100/100 par|[from] move: Wish|[wisher] Alomomola
|-heal|p2a: Blissey|100/100 brn|[from] item: Leftovers
|-damage|p2a: Blissey|94/100 brn|[from] brn
|upkeep
|turn|28
|
|t:|1758979675
|-curestatus|p2a: Blissey|brn|[from] ability: Natural Cure
|switch|p2a: Corviknight|Corviknight, F|94/100
|-ability|p2a: Corviknight|Pressure
|move|p1a: Corviknight|Brave Bird|p2a: Corviknight
|-resisted|p2a: Corviknight
|-damage|p2a: Corviknight|84/100
|-damage|p1a: Corviknight|97/100 par|[from] Recoil
|
|-heal|p2a: Corviknight|90/100|[from] item: Leftovers
|upkeep
|turn|29
|
|t:|1758979687
|move|p2a: Corviknight|U-turn|p1a: Corviknight
|-resisted|p1a: Corviknight
|-damage|p1a: Corviknight|95/100 par
|
|t:|1758979693
|switch|p2a: Moltres|Moltres|79/100 psn|[from] U-turn
|move|p1a: Corviknight|Defog|p2a: Moltres
|-unboost|p2a: Moltres|evasion|1
|-sideend|p1: HeWhoSits|Stealth Rock|[from] move: Defog|[of] p1a: Corviknight
|
|-damage|p2a: Moltres|67/100 psn|[from] psn
|upkeep
|turn|30
|
|t:|1758979706
|switch|p1a: Alomomola|Alomomola, F|100/100 brn
|move|p2a: Moltres|U-turn|p1a: Alomomola
|-damage|p1a: Alomomola|93/100 brn
|
|t:|1758979711
|switch|p2a: Blissey|Blissey, F|94/100|[from] U-turn
|
|-heal|p1a: Alomomola|99/100 brn|[from] item: Leftovers
|-heal|p2a: Blissey|100/100|[from] item: Leftovers
|-damage|p1a: Alomomola|93/100 brn|[from] brn
|upkeep
|turn|31
|
|t:|1758979720
|move|p1a: Alomomola|Scald|p2a: Blissey
|-damage|p2a: Blissey|96/100
|-status|p2a: Blissey|brn
|move|p2a: Blissey|Seismic Toss|p1a: Alomomola
|-damage|p1a: Alomomola|74/100 brn
|
|-heal|p1a: Alomomola|80/100 brn|[from] item: Leftovers
|-heal|p2a: Blissey|100/100 brn|[from] item: Leftovers
|-damage|p1a: Alomomola|74/100 brn|[from] brn
|-damage|p2a: Blissey|94/100 brn|[from] brn
|upkeep
|turn|32
|
|t:|1758979734
|switch|p1a: Ogerpon|Ogerpon-Wellspring, F|100/100
|move|p2a: Blissey|Stealth Rock|p1a: Ogerpon
|-sidestart|p1: HeWhoSits|move: Stealth Rock
|
|-heal|p2a: Blissey|100/100 brn|[from] item: Leftovers
|-damage|p2a: Blissey|94/100 brn|[from] brn
|upkeep
|turn|33
|
|t:|1758979742
|-curestatus|p2a: Blissey|brn|[from] ability: Natural Cure
|switch|p2a: Corviknight|Corviknight, F|90/100
|-ability|p2a: Corviknight|Pressure
|move|p1a: Ogerpon|Knock Off|p2a: Corviknight
|-damage|p2a: Corviknight|67/100
|-enditem|p2a: Corviknight|Leftovers|[from] move: Knock Off|[of] p1a: Ogerpon
|
|upkeep
|turn|34
|
|t:|1758979752
|move|p1a: Ogerpon|Ivy Cudgel|p2a: Corviknight|[anim] Ivy Cudgel Water
|-damage|p2a: Corviknight|30/100
|move|p2a: Corviknight|Body Press|p1a: Ogerpon
|-damage|p1a: Ogerpon|67/100
|
|upkeep
|turn|35
|
|t:|1758979763
|move|p1a: Ogerpon|Ivy Cudgel|p2a: Corviknight|[anim] Ivy Cudgel Water
|-crit|p2a: Corviknight
|-damage|p2a: Corviknight|0 fnt
|faint|p2a: Corviknight
|
|upkeep
|
|t:|1758979767
|switch|p2a: Garganacl|Garganacl, M|100/100
|turn|36
|
|t:|1758979772
|move|p1a: Ogerpon|Ivy Cudgel|p2a: Garganacl|[anim] Ivy Cudgel Water
|-supereffective|p2a: Garganacl
|-damage|p2a: Garganacl|23/100
|move|p2a: Garganacl|Iron Defense|p2a: Garganacl
|-boost|p2a: Garganacl|def|2
|
|-heal|p2a: Garganacl|29/100|[from] item: Leftovers
|upkeep
|turn|37
|
|t:|1758979791
|-terastallize|p2a: Garganacl|Fairy
|move|p1a: Ogerpon|Ivy Cudgel|p2a: Garganacl|[anim] Ivy Cudgel Water
|-damage|p2a: Garganacl|9/100
|move|p2a: Garganacl|Iron Defense|p2a: Garganacl
|-boost|p2a: Garganacl|def|2
|
|-heal|p2a: Garganacl|15/100|[from] item: Leftovers
|upkeep
|turn|38
|
|t:|1758979804
|move|p1a: Ogerpon|Ivy Cudgel|p2a: Garganacl|[anim] Ivy Cudgel Water
|-crit|p2a: Garganacl
|-damage|p2a: Garganacl|0 fnt
|faint|p2a: Garganacl
|
|upkeep
|-message|top ofsilver forfeited.
|
|win|HeWhoSits
|raw|HeWhoSits's rating: 1196 &rarr; <strong>1226</strong><br />(+30 for winning)
|raw|top ofsilver's rating: 1260 &rarr; <strong>1230</strong><br />(-30 for losing)
|l|☆top ofsilver
|player|p2|
|l|☆HeWhoSits
|player|p1|
