|j|☆K1raaWasTaken
|j|☆yoAbyss
|t:|1758991873
|gametype|singles
|player|p1|K1raaWasTaken|ghetsis|1134
|player|p2|yoAbyss|koga|1181
|gen|9
|tier|[Gen 9] OU
|rated|
|rule|HP Percentage Mod: HP is shown in percentages
|rule|Endless Battle Clause: Forcing endless battles is banned
|rule|Species Clause: Limit one of each Pokémon
|rule|OHKO Clause: OHKO moves are banned
|rule|Evasion Items Clause: Evasion items are banned
|rule|Evasion Moves Clause: Evasion moves are banned
|rule|Evasion Abilities Clause: Evasion abilities are banned
|rule|Sleep Moves Clause: Sleep-inducing moves are banned
|clearpoke
|poke|p1|Rampardos, M|
|poke|p1|Hatterene, F|
|poke|p1|Iron Moth|
|poke|p1|Great Tusk|
|poke|p1|Dondozo, M|
|poke|p1|Florges, F|
|poke|p2|Goodra-Hisui, M|
|poke|p2|Samurott-Hisui, F|
|poke|p2|Articuno-Galar|
|poke|p2|Weezing-Galar, M|
|poke|p2|Iron Valiant|
|poke|p2|Sinistcha-Masterpiece|
|teampreview
|inactive|Battle timer is ON: inactive players will automatically lose when time's up. (requested by yoAbyss)
|
|t:|1758991893
|teamsize|p1|6
|teamsize|p2|6
|start
|switch|p1a: Hatterene|Hatterene, F|100/100
|switch|p2a: Weezing|Weezing-Galar, M|100/100
|turn|1
|
|t:|1758991909
|switch|p2a: Goodra|Goodra-Hisui, M|100/100
|move|p1a: Hatterene|Trick Room|p1a: Hatterene
|-fieldstart|move: Trick Room|[of] p1a: Hatterene
|
|upkeep
|turn|2
|
|t:|1758991916
|move|p1a: Hatterene|Mystical Fire|p2a: Goodra
|-damage|p2a: Goodra|78/100
|-unboost|p2a: Goodra|spa|1
|move|p2a: Goodra|Flash Cannon|p1a: Hatterene
|-supereffective|p1a: Hatterene
|-damage|p1a: Hatterene|49/100
|
|-heal|p2a: Goodra|84/100|[from] item: Leftovers
|upkeep
|turn|3
|
|t:|1758991930
|move|p1a: Hatterene|Mystical Fire|p2a: Goodra
|-damage|p2a: Goodra|62/100
|-unboost|p2a: Goodra|spa|1
|move|p2a: Goodra|Flash Cannon|p1a: Hatterene
|-supereffective|p1a: Hatterene
|-damage|p1a: Hatterene|11/100
|
|-heal|p2a: Goodra|68/100|[from] item: Leftovers
|upkeep
|turn|4
|
|t:|1758991940
|move|p1a: Hatterene|Mystical Fire|p2a: Goodra
|-damage|p2a: Goodra|47/100
|-unboost|p2a: Goodra|spa|1
|move|p2a: Goodra|Flamethrower|p1a: Hatterene
|-damage|p1a: Hatterene|0 fnt
|faint|p1a: Hatterene
|
|-heal|p2a: Goodra|53/100|[from] item: Leftovers
|upkeep
|
|t:|1758991951
|switch|p1a: Rampardos|Rampardos, M|100/100
|turn|5
|
|t:|1758991958
|switch|p2a: Weezing|Weezing-Galar, M|100/100
|move|p1a: Rampardos|Fire Punch|p2a: Weezing
|-damage|p2a: Weezing|43/100
|
|-heal|p2a: Weezing|49/100|[from] item: Black Sludge
|-fieldend|move: Trick Room
|upkeep
|turn|6
|
|t:|1758991968
|-terastallize|p1a: Rampardos|Rock
|move|p2a: Weezing|Toxic|p1a: Rampardos
|-status|p1a: Rampardos|tox
|move|p1a: Rampardos|Ice Beam|p2a: Weezing
|-damage|p2a: Weezing|19/100
|
|-heal|p2a: Weezing|25/100|[from] item: Black Sludge
|-damage|p1a: Rampardos|94/100 tox|[from] psn
|upkeep
|turn|7
|
|t:|1758991979
|switch|p2a: Goodra|Goodra-Hisui, M|53/100
|move|p1a: Rampardos|Fire Punch|p2a: Goodra
|-damage|p2a: Goodra|0 fnt
|-ability|p2a: Goodra|Gooey
|-unboost|p1a: Rampardos|spe|1
|faint|p2a: Goodra
|
|-damage|p1a: Rampardos|82/100 tox|[from] psn
|upkeep
|
|t:|1758991986
|switch|p2a: Sinistcha|Sinistcha-Masterpiece|100/100
|turn|8
|
|t:|1758991996
|move|p2a: Sinistcha|Strength Sap|p1a: Rampardos
|-unboost|p1a: Rampardos|atk|1
|move|p1a: Rampardos|Fire Punch|p2a: Sinistcha
|-supereffective|p2a: Sinistcha
|-damage|p2a: Sinistcha|57/100
|
|-heal|p2a: Sinistcha|63/100|[from] item: Leftovers
|-damage|p1a: Rampardos|64/100 tox|[from] psn
|upkeep
|turn|9
|
|t:|1758992010
|move|p2a: Sinistcha|Strength Sap|p1a: Rampardos
|-unboost|p1a: Rampardos|atk|1
|-heal|p2a: Sinistcha|100/100
|move|p1a: Rampardos|Ice Beam|p2a: Sinistcha
|-supereffective|p2a: Sinistcha
|-damage|p2a: Sinistcha|23/100
|
|-heal|p2a: Sinistcha|29/100|[from] item: Leftovers
|-damage|p1a: Rampardos|40/100 tox|[from] psn
|upkeep
|turn|10
|-message|K1raaWasTaken forfeited.
|
|win|yoAbyss
|raw|K1raaWasTaken's rating: 1134 &rarr; <strong>1112</strong><br />(-22 for losing)
|raw|yoAbyss's rating: 1181 &rarr; <strong>1203</strong><br />(+22 for winning)
|l|☆K1raaWasTaken
|player|p1|
|l|☆yoAbyss
|player|p2|
