|j|☆bloogi
|j|☆SML Shrek
|t:|1759036000
|gametype|singles
|player|p1|bloogi|skier|1373
|player|p2|SML Shrek|hiker-gen4|1427
|gen|9
|tier|[Gen 9] OU
|rated|
|rule|HP Percentage Mod: HP is shown in percentages
|rule|Endless Battle Clause: Forcing endless battles is banned
|rule|Species Clause: Limit one of each Pokémon
|rule|OHKO Clause: OHKO moves are banned
|rule|Evasion Items Clause: Evasion items are banned
|rule|Evasion Moves Clause: Evasion moves are banned
|rule|Evasion Abilities Clause: Evasion abilities are banned
|rule|Sleep Moves Clause: Sleep-inducing moves are banned
|clearpoke
|poke|p1|Slowking-Galar, M|
|poke|p1|Hatterene, F|
|poke|p1|Cresselia, F|
|poke|p1|Ursaluna, M|
|poke|p1|Enamorus-Therian, F|
|poke|p1|Iron Hands|
|poke|p2|Ribombee, F|
|poke|p2|Cinderace, F|
|poke|p2|Great Tusk|
|poke|p2|Ting-Lu|
|poke|p2|Gholdengo|
|poke|p2|Sinistcha-Masterpiece|
|teampreview
|
|t:|1759036010
|teamsize|p1|6
|teamsize|p2|6
|start
|switch|p1a: Slowking|Slowking-Galar, M|100/100
|switch|p2a: Ribombee|Ribombee, F, shiny|100/100
|turn|1
|
|t:|1759036020
|move|p2a: Ribombee|Stun Spore|p1a: Slowking
|-status|p1a: Slowking|par
|move|p1a: Slowking|Trick Room|p1a: Slowking
|-fieldstart|move: Trick Room|[of] p1a: Slowking
|
|upkeep
|turn|2
|
|t:|1759036029
|switch|p2a: Ting-Lu|Ting-Lu|100/100
|-ability|p2a: Ting-Lu|Vessel of Ruin
|move|p1a: Slowking|Sludge Bomb|p2a: Ting-Lu
|-resisted|p2a: Ting-Lu
|-damage|p2a: Ting-Lu|94/100
|
|-heal|p2a: Ting-Lu|99/100|[from] item: Leftovers
|upkeep
|turn|3
|
|t:|1759036042
|switch|p1a: Enamorus|Enamorus-Therian, F|100/100
|move|p2a: Ting-Lu|Whirlwind|p1a: Enamorus
|drag|p1a: Slowking|Slowking-Galar, M|100/100 par
|
|-heal|p2a: Ting-Lu|100/100|[from] item: Leftovers
|upkeep
|turn|4
|
|t:|1759036048
|-prepare|p1a: Slowking|Chilly Reception|[premajor]
|cant|p1a: Slowking|par
|move|p2a: Ting-Lu|Stealth Rock|p1a: Slowking
|-sidestart|p1: bloogi|move: Stealth Rock
|
|upkeep
|turn|5
|
|t:|1759036053
|move|p1a: Slowking|Ice Beam|p2a: Ting-Lu
|-supereffective|p2a: Ting-Lu
|-damage|p2a: Ting-Lu|82/100
|move|p2a: Ting-Lu|Spikes|p1a: Slowking
|-sidestart|p1: bloogi|Spikes
|
|-heal|p2a: Ting-Lu|88/100|[from] item: Leftovers
|-fieldend|move: Trick Room
|upkeep
|turn|6
|
|t:|1759036064
|switch|p2a: Ribombee|Ribombee, F, shiny|100/100
|-prepare|p1a: Slowking|Chilly Reception|[premajor]
|cant|p1a: Slowking|par
|
|upkeep
|turn|7
|
|t:|1759036071
|switch|p1a: Cresselia|Cresselia, F|100/100
|-damage|p1a: Cresselia|88/100|[from] Stealth Rock
|move|p2a: Ribombee|Moonblast|p1a: Cresselia
|-damage|p1a: Cresselia|68/100
|-unboost|p1a: Cresselia|spa|1
|
|upkeep
|turn|8
|
|t:|1759036079
|switch|p2a: Ting-Lu|Ting-Lu|88/100
|-ability|p2a: Ting-Lu|Vessel of Ruin
|switch|p1a: Hatterene|Hatterene, F|100/100
|-damage|p1a: Hatterene|88/100|[from] Stealth Rock
|-damage|p1a: Hatterene|76/100|[from] Spikes
|
|-heal|p2a: Ting-Lu|95/100|[from] item: Leftovers
|upkeep
|turn|9
|-message|bloogi forfeited.
|
|win|SML Shrek
|raw|bloogi's rating: 1373 &rarr; <strong>1356</strong><br />(-17 for losing)
|raw|SML Shrek's rating: 1427 &rarr; <strong>1444</strong><br />(+17 for winning)
|l|☆bloogi
|player|p1|
|l|☆SML Shrek
|player|p2|
