|j|☆fororapide
|j|☆Atsushi20 MA
|t:|1759058605
|gametype|singles
|player|p1|fororapide|169|1163
|player|p2|Atsushi20 MA|archer|1145
|gen|9
|tier|[Gen 9] OU
|rated|
|rule|HP Percentage Mod: HP is shown in percentages
|rule|Endless Battle Clause: Forcing endless battles is banned
|rule|Species Clause: Limit one of each Pokémon
|rule|OHKO Clause: OHKO moves are banned
|rule|Evasion Items Clause: Evasion items are banned
|rule|Evasion Moves Clause: Evasion moves are banned
|rule|Evasion Abilities Clause: Evasion abilities are banned
|rule|Sleep Moves Clause: Sleep-inducing moves are banned
|clearpoke
|poke|p1|Ogerpon-Wellspring, F|
|poke|p1|Kyurem|
|poke|p1|Dragapult, M|
|poke|p1|Corviknight, M|
|poke|p1|Ting-Lu|
|poke|p1|Gholdengo|
|poke|p2|Farigiraf, F|
|poke|p2|Hariyama, F|
|poke|p2|Kingambit, M|
|poke|p2|Hatterene, F|
|poke|p2|Ursaluna, F|
|poke|p2|Porygon2|
|teampreview
|
|t:|1759058623
|teamsize|p1|6
|teamsize|p2|6
|start
|switch|p1a: Ting-Lu|Ting-Lu|100/100
|switch|p2a: Hatterene|Hatterene, F|100/100
|-ability|p1a: Ting-Lu|Vessel of Ruin
|turn|1
|
|t:|1759058662
|switch|p1a: Corviknight|Corviknight, M|100/100
|-ability|p1a: Corviknight|Pressure
|move|p2a: Hatterene|Trick Room|p2a: Hatterene
|-fieldstart|move: Trick Room|[of] p2a: Hatterene
|
|upkeep
|turn|2
|l|☆fororapide
|player|p1|
|j|☆fororapide
|player|p1|fororapide|169|
|
|t:|1759058731
|move|p2a: Hatterene|Healing Wish|p2a: Hatterene
|faint|p2a: Hatterene
|move|p1a: Corviknight|Brave Bird|p2: Hatterene|[notarget]
|-fail|p1a: Corviknight
|
|upkeep
|l|☆Atsushi20 MA
|player|p2|
|inactive|Battle timer is ON: inactive players will automatically lose when time's up. (requested by fororapide)
|inactive|Atsushi20 MA has 30 seconds to reconnect!
|inactive|Atsushi20 MA has 20 seconds to reconnect!
|c|☆fororapide|Play
|inactive|Atsushi20 MA has 15 seconds to reconnect!
|c|☆fororapide|Playyyy
|inactive|Atsushi20 MA has 10 seconds to reconnect!
|inactive|Atsushi20 MA has 5 seconds to reconnect!
|j|☆Atsushi20 MA
|inactive|Atsushi20 MA reconnected and has 95 seconds left.
|player|p2|Atsushi20 MA|archer|
|inactive|Atsushi20 MA has 90 seconds left.
|
|t:|1759058852
|switch|p2a: Ursaluna|Ursaluna, F|100/100
|turn|3
|
|t:|1759058863
|switch|p1a: Ogerpon|Ogerpon-Wellspring, F|100/100
|move|p2a: Ursaluna|Fire Punch|p1a: Ogerpon
|-damage|p1a: Ogerpon|62/100
|
|-status|p2a: Ursaluna|brn|[from] item: Flame Orb
|upkeep
|turn|4
|
|t:|1759058887
|move|p2a: Ursaluna|Facade|p1a: Ogerpon
|-damage|p1a: Ogerpon|0 fnt
|faint|p1a: Ogerpon
|
|-damage|p2a: Ursaluna|94/100 brn|[from] brn
|upkeep
|
|t:|1759058896
|switch|p1a: Gholdengo|Gholdengo|100/100
|-item|p1a: Gholdengo|Air Balloon
|turn|5
|
|t:|1759058904
|move|p2a: Ursaluna|Fire Punch|p1a: Gholdengo
|-supereffective|p1a: Gholdengo
|-damage|p1a: Gholdengo|5/100
|-enditem|p1a: Gholdengo|Air Balloon
|move|p1a: Gholdengo|Focus Blast|p2a: Ursaluna|[miss]
|-miss|p1a: Gholdengo|p2a: Ursaluna
|
|-damage|p2a: Ursaluna|88/100 brn|[from] brn
|-fieldend|move: Trick Room
|upkeep
|turn|6
|
|t:|1759058924
|switch|p1a: Corviknight|Corviknight, M|100/100
|-ability|p1a: Corviknight|Pressure
|move|p2a: Ursaluna|Fire Punch|p1a: Corviknight
|-supereffective|p1a: Corviknight
|-damage|p1a: Corviknight|44/100
|
|-heal|p1a: Corviknight|50/100|[from] item: Leftovers
|-damage|p2a: Ursaluna|82/100 brn|[from] brn
|upkeep
|turn|7
|
|t:|1759058936
|move|p1a: Corviknight|Roost|p1a: Corviknight
|-heal|p1a: Corviknight|100/100
|-singleturn|p1a: Corviknight|move: Roost
|move|p2a: Ursaluna|Fire Punch|p1a: Corviknight
|-supereffective|p1a: Corviknight
|-damage|p1a: Corviknight|44/100
|
|-heal|p1a: Corviknight|50/100|[from] item: Leftovers
|-damage|p2a: Ursaluna|76/100 brn|[from] brn
|upkeep
|turn|8
|
|t:|1759058947
|move|p1a: Corviknight|Roost|p1a: Corviknight
|-heal|p1a: Corviknight|100/100
|-singleturn|p1a: Corviknight|move: Roost
|move|p2a: Ursaluna|Headlong Rush|p1a: Corviknight
|-supereffective|p1a: Corviknight
|-damage|p1a: Corviknight|0 fnt
|-unboost|p2a: Ursaluna|def|1
|-unboost|p2a: Ursaluna|spd|1
|faint|p1a: Corviknight
|
|-damage|p2a: Ursaluna|70/100 brn|[from] brn
|upkeep
|inactive|fororapide has 120 seconds left.
|
|t:|1759058964
|switch|p1a: Kyurem|Kyurem|100/100
|-ability|p1a: Kyurem|Pressure
|turn|9
|
|t:|1759058971
|switch|p2a: Porygon2|Porygon2|100/100
|-ability|p2a: Porygon2|Pressure|Trace|[from] ability: Trace|[of] p1a: Kyurem
|-ability|p2a: Porygon2|Pressure
|move|p1a: Kyurem|Ice Beam|p2a: Porygon2
|-damage|p2a: Porygon2|54/100
|
|upkeep
|turn|10
|
|t:|1759058985
|switch|p1a: Gholdengo|Gholdengo|5/100
|move|p2a: Porygon2|Trick Room|p2a: Porygon2
|-fieldstart|move: Trick Room|[of] p2a: Porygon2
|
|upkeep
|turn|11
|
|t:|1759058993
|move|p2a: Porygon2|Foul Play|p1a: Gholdengo
|-supereffective|p1a: Gholdengo
|-damage|p1a: Gholdengo|0 fnt
|faint|p1a: Gholdengo
|
|upkeep
|
|t:|1759059003
|switch|p1a: Dragapult|Dragapult, M|100/100
|turn|12
|
|t:|1759059016
|switch|p2a: Farigiraf|Farigiraf, F|100/100
|move|p1a: Dragapult|Dragon Darts|p2a: Farigiraf
|-damage|p2a: Farigiraf|79/100
|-anim|p1a: Dragapult|Dragon Darts|p2a: Farigiraf
|-damage|p2a: Farigiraf|56/100
|
|upkeep
|turn|13
|
|t:|1759059035
|move|p2a: Farigiraf|Nasty Plot|p2a: Farigiraf
|-boost|p2a: Farigiraf|spa|2
|move|p1a: Dragapult|U-turn|p2a: Farigiraf
|-supereffective|p2a: Farigiraf
|-damage|p2a: Farigiraf|13/100
|inactiveoff|Battle timer is now OFF.
|
|t:|1759059081
|switch|p1a: Ting-Lu|Ting-Lu|100/100|[from] U-turn
|-ability|p1a: Ting-Lu|Vessel of Ruin
|
|upkeep
|turn|14
|
|t:|1759059093
|move|p2a: Farigiraf|Dazzling Gleam|p1a: Ting-Lu
|-supereffective|p1a: Ting-Lu
|-damage|p1a: Ting-Lu|54/100
|move|p1a: Ting-Lu|Ruination|p2a: Farigiraf
|-damage|p2a: Farigiraf|7/100
|
|-heal|p1a: Ting-Lu|60/100|[from] item: Leftovers
|-fieldend|move: Trick Room
|upkeep
|turn|15
|
|t:|1759059105
|move|p1a: Ting-Lu|Earthquake|p2a: Farigiraf
|-damage|p2a: Farigiraf|0 fnt
|faint|p2a: Farigiraf
|
|-heal|p1a: Ting-Lu|66/100|[from] item: Leftovers
|upkeep
|
|t:|1759059125
|switch|p2a: Hariyama|Hariyama, F|100/100
|turn|16
|
|t:|1759059161
|move|p1a: Ting-Lu|Ruination|p2a: Hariyama
|-damage|p2a: Hariyama|50/100
|move|p2a: Hariyama|Close Combat|p1a: Ting-Lu
|-supereffective|p1a: Ting-Lu
|-damage|p1a: Ting-Lu|0 fnt
|-unboost|p2a: Hariyama|def|1
|-unboost|p2a: Hariyama|spd|1
|faint|p1a: Ting-Lu
|-damage|p2a: Hariyama|41/100|[from] item: Life Orb
|
|upkeep
|
|t:|1759059176
|switch|p1a: Kyurem|Kyurem|100/100
|-ability|p1a: Kyurem|Pressure
|turn|17
|
|t:|1759059185
|move|p1a: Kyurem|Ice Beam|p2a: Hariyama
|-damage|p2a: Hariyama|0 fnt
|faint|p2a: Hariyama
|
|upkeep
|
|t:|1759059190
|switch|p2a: Kingambit|Kingambit, M|100/100
|-activate|p2a: Kingambit|ability: Supreme Overlord
|-start|p2a: Kingambit|fallen3|[silent]
|turn|18
|
|t:|1759059216
|switch|p1a: Dragapult|Dragapult, M|100/100
|-terastallize|p2a: Kingambit|Dark
|move|p2a: Kingambit|Swords Dance|p2a: Kingambit
|-boost|p2a: Kingambit|atk|2
|
|upkeep
|turn|19
|
|t:|1759059235
|move|p2a: Kingambit|Sucker Punch|p1a: Dragapult
|-supereffective|p1a: Dragapult
|-damage|p1a: Dragapult|0 fnt
|faint|p1a: Dragapult
|
|upkeep
|c|☆fororapide|🥲🥲🥲🥲🥲🥲🥲🥲🥲
|
|t:|1759059266
|switch|p1a: Kyurem|Kyurem|100/100
|-ability|p1a: Kyurem|Pressure
|turn|20
|
|t:|1759059273
|move|p1a: Kyurem|Draco Meteor|p2a: Kingambit
|-damage|p2a: Kingambit|10/100
|-unboost|p1a: Kyurem|spa|2
|move|p2a: Kingambit|Iron Head|p1a: Kyurem
|-supereffective|p1a: Kyurem
|-damage|p1a: Kyurem|0 fnt
|faint|p1a: Kyurem
|
|win|Atsushi20 MA
|raw|fororapide's rating: 1163 &rarr; <strong>1137</strong><br />(-26 for losing)
|raw|Atsushi20 MA's rating: 1145 &rarr; <strong>1171</strong><br />(+26 for winning)
|l|☆fororapide
|player|p1|
|l|☆Atsushi20 MA
|player|p2|
