|j|☆K1raaWasTaken
|j|☆roadtoladderdawg
|t:|1759007890
|gametype|singles
|player|p1|K1raaWasTaken|ghetsis|1097
|player|p2|roadtoladderdawg|volkner|1143
|gen|9
|tier|[Gen 9] OU
|rated|
|rule|HP Percentage Mod: HP is shown in percentages
|rule|Endless Battle Clause: Forcing endless battles is banned
|rule|Species Clause: Limit one of each Pokémon
|rule|OHKO Clause: OHKO moves are banned
|rule|Evasion Items Clause: Evasion items are banned
|rule|Evasion Moves Clause: Evasion moves are banned
|rule|Evasion Abilities Clause: Evasion abilities are banned
|rule|Sleep Moves Clause: Sleep-inducing moves are banned
|clearpoke
|poke|p1|Rampardos, F|
|poke|p1|Hatterene, F|
|poke|p1|Iron Moth|
|poke|p1|Great Tusk|
|poke|p1|Dondozo, F|
|poke|p1|Florges, F|
|poke|p2|Lycanroc-Dusk, M|
|poke|p2|Volcanion|
|poke|p2|Corviknight, F|
|poke|p2|Great Tusk|
|poke|p2|Slowking-Galar, M|
|poke|p2|Darkrai|
|teampreview
|
|t:|1759007906
|teamsize|p1|6
|teamsize|p2|6
|start
|switch|p1a: Great Tusk|Great Tusk|100/100
|switch|p2a: Volcanion|Volcanion|100/100
|turn|1
|
|t:|1759007913
|switch|p2a: Corviknight|Corviknight, F|100/100
|-ability|p2a: Corviknight|Pressure
|move|p1a: Great Tusk|Stealth Rock|p2a: Corviknight
|-sidestart|p2: roadtoladderdawg|move: Stealth Rock
|
|upkeep
|turn|2
|
|t:|1759007922
|move|p1a: Great Tusk|Close Combat|p2a: Corviknight
|-damage|p2a: Corviknight|61/100
|-unboost|p1a: Great Tusk|def|1
|-unboost|p1a: Great Tusk|spd|1
|-damage|p1a: Great Tusk|84/100|[from] item: Rocky Helmet|[of] p2a: Corviknight
|move|p2a: Corviknight|U-turn|p1a: Great Tusk
|-resisted|p1a: Great Tusk
|-damage|p1a: Great Tusk|77/100
|
|t:|1759007934
|switch|p2a: Great Tusk|Great Tusk|100/100|[from] U-turn
|
|-heal|p1a: Great Tusk|83/100|[from] item: Leftovers
|upkeep
|turn|3
|
|t:|1759007946
|-end|p1a: Great Tusk|Protosynthesis|[silent]
|switch|p1a: Dondozo|Dondozo, F|100/100
|move|p2a: Great Tusk|Stealth Rock|p1a: Dondozo
|-sidestart|p1: K1raaWasTaken|move: Stealth Rock
|
|upkeep
|turn|4
|
|t:|1759007952
|-end|p2a: Great Tusk|Protosynthesis|[silent]
|switch|p2a: Volcanion|Volcanion|100/100
|move|p1a: Dondozo|Liquidation|p2a: Volcanion
|-immune|p2a: Volcanion|[from] ability: Water Absorb
|
|upkeep
|turn|5
|
|t:|1759007960
|switch|p1a: Florges|Florges, F|100/100
|-damage|p1a: Florges|88/100|[from] Stealth Rock
|move|p2a: Volcanion|Fire Spin|p1a: Florges
|-damage|p1a: Florges|79/100
|-activate|p1a: Florges|move: Fire Spin|[of] p2a: Volcanion
|
|-heal|p1a: Florges|85/100|[from] item: Leftovers
|-damage|p1a: Florges|72/100|[from] move: Fire Spin|[partiallytrapped]
|upkeep
|turn|6
|
|t:|1759007971
|move|p1a: Florges|Moonblast|p2a: Volcanion
|-resisted|p2a: Volcanion
|-damage|p2a: Volcanion|82/100
|move|p2a: Volcanion|Taunt|p1a: Florges
|-start|p1a: Florges|move: Taunt
|
|-heal|p1a: Florges|79/100|[from] item: Leftovers
|-damage|p1a: Florges|66/100|[from] move: Fire Spin|[partiallytrapped]
|upkeep
|turn|7
|
|t:|1759007982
|move|p1a: Florges|Giga Drain|p2a: Volcanion
|-damage|p2a: Volcanion|64/100
|-heal|p1a: Florges|75/100|[from] drain|[of] p2a: Volcanion
|move|p2a: Volcanion|Steam Eruption|p1a: Florges
|-damage|p1a: Florges|46/100
|
|-heal|p1a: Florges|52/100|[from] item: Leftovers
|-damage|p1a: Florges|40/100|[from] move: Fire Spin|[partiallytrapped]
|upkeep
|turn|8
|
|t:|1759007992
|move|p1a: Florges|Giga Drain|p2a: Volcanion
|-damage|p2a: Volcanion|43/100
|-heal|p1a: Florges|50/100|[from] drain|[of] p2a: Volcanion
|move|p2a: Volcanion|Steam Eruption|p1a: Florges
|-damage|p1a: Florges|16/100
|
|-heal|p1a: Florges|22/100|[from] item: Leftovers
|-damage|p1a: Florges|9/100|[from] move: Fire Spin|[partiallytrapped]
|upkeep
|turn|9
|
|t:|1759008003
|switch|p2a: Corviknight|Corviknight, F|61/100
|-damage|p2a: Corviknight|49/100|[from] Stealth Rock
|-ability|p2a: Corviknight|Pressure
|move|p1a: Florges|Giga Drain|p2a: Corviknight
|-resisted|p2a: Corviknight
|-damage|p2a: Corviknight|44/100
|-heal|p1a: Florges|12/100|[from] drain|[of] p2a: Corviknight
|
|-heal|p1a: Florges|18/100|[from] item: Leftovers
|-end|p1a: Florges|Fire Spin|[partiallytrapped]
|-end|p1a: Florges|move: Taunt
|upkeep
|turn|10
|
|t:|1759008022
|switch|p1a: Great Tusk|Great Tusk|83/100
|-damage|p1a: Great Tusk|80/100|[from] Stealth Rock
|move|p2a: Corviknight|Brave Bird|p1a: Great Tusk
|-supereffective|p1a: Great Tusk
|-damage|p1a: Great Tusk|36/100
|-damage|p2a: Corviknight|28/100|[from] Recoil
|
|-heal|p1a: Great Tusk|42/100|[from] item: Leftovers
|upkeep
|turn|11
|
|t:|1759008033
|move|p1a: Great Tusk|Rapid Spin|p2a: Corviknight
|-resisted|p2a: Corviknight
|-damage|p2a: Corviknight|23/100
|-boost|p1a: Great Tusk|spe|1
|-damage|p1a: Great Tusk|25/100|[from] item: Rocky Helmet|[of] p2a: Corviknight
|-sideend|p1: K1raaWasTaken|Stealth Rock|[from] move: Rapid Spin|[of] p1a: Great Tusk
|move|p2a: Corviknight|Roost|p2a: Corviknight
|-heal|p2a: Corviknight|73/100
|-singleturn|p2a: Corviknight|move: Roost
|
|-heal|p1a: Great Tusk|32/100|[from] item: Leftovers
|upkeep
|turn|12
|
|t:|1759008045
|move|p1a: Great Tusk|Close Combat|p2a: Corviknight
|-damage|p2a: Corviknight|32/100
|-unboost|p1a: Great Tusk|def|1
|-unboost|p1a: Great Tusk|spd|1
|-damage|p1a: Great Tusk|15/100|[from] item: Rocky Helmet|[of] p2a: Corviknight
|move|p2a: Corviknight|Brave Bird|p1a: Great Tusk
|-supereffective|p1a: Great Tusk
|-damage|p1a: Great Tusk|0 fnt
|faint|p1a: Great Tusk
|-end|p1a: Great Tusk|Protosynthesis|[silent]
|-damage|p2a: Corviknight|27/100|[from] Recoil
|
|upkeep
|
|t:|1759008057
|switch|p1a: Iron Moth|Iron Moth|100/100
|turn|13
|
|t:|1759008087
|move|p1a: Iron Moth|Fiery Dance|p2a: Corviknight
|-supereffective|p2a: Corviknight
|-damage|p2a: Corviknight|0 fnt
|-boost|p1a: Iron Moth|spa|1
|faint|p2a: Corviknight
|-damage|p1a: Iron Moth|91/100|[from] item: Life Orb
|
|upkeep
|
|t:|1759008096
|switch|p2a: Volcanion|Volcanion|43/100
|turn|14
|
|t:|1759008101
|move|p1a: Iron Moth|Sludge Wave|p2a: Volcanion
|-damage|p2a: Volcanion|0 fnt
|faint|p2a: Volcanion
|-damage|p1a: Iron Moth|81/100|[from] item: Life Orb
|
|upkeep
|
|t:|1759008112
|switch|p2a: Slowking|Slowking-Galar, M|100/100
|turn|15
|
|t:|1759008117
|move|p1a: Iron Moth|Fiery Dance|p2a: Slowking
|-damage|p2a: Slowking|47/100
|-boost|p1a: Iron Moth|spa|1
|-damage|p1a: Iron Moth|71/100|[from] item: Life Orb
|move|p2a: Slowking|Psychic Noise|p1a: Iron Moth
|-supereffective|p1a: Iron Moth
|-damage|p1a: Iron Moth|24/100
|-start|p1a: Iron Moth|move: Heal Block
|
|upkeep
|turn|16
|
|t:|1759008129
|move|p1a: Iron Moth|Fiery Dance|p2a: Slowking
|-damage|p2a: Slowking|0 fnt
|faint|p2a: Slowking
|-damage|p1a: Iron Moth|14/100|[from] item: Life Orb
|
|-end|p1a: Iron Moth|move: Heal Block
|upkeep
|
|t:|1759008133
|switch|p2a: Darkrai|Darkrai|100/100
|-damage|p2a: Darkrai|88/100|[from] Stealth Rock
|turn|17
|
|t:|1759008142
|move|p2a: Darkrai|Dark Pulse|p1a: Iron Moth
|-damage|p1a: Iron Moth|0 fnt
|faint|p1a: Iron Moth
|-end|p1a: Iron Moth|Quark Drive|[silent]
|
|upkeep
|
|t:|1759008151
|switch|p1a: Dondozo|Dondozo, F|100/100
|turn|18
|
|t:|1759008163
|switch|p2a: Great Tusk|Great Tusk|100/100
|move|p1a: Dondozo|Body Press|p2a: Great Tusk
|-damage|p2a: Great Tusk|80/100
|
|upkeep
|turn|19
|
|t:|1759008172
|move|p2a: Great Tusk|Stealth Rock|p1a: Dondozo
|-sidestart|p1: K1raaWasTaken|move: Stealth Rock
|move|p1a: Dondozo|Curse|p1a: Dondozo
|-unboost|p1a: Dondozo|spe|1
|-boost|p1a: Dondozo|atk|1
|-boost|p1a: Dondozo|def|1
|
|upkeep
|turn|20
|
|t:|1759008198
|-end|p2a: Great Tusk|Protosynthesis|[silent]
|switch|p2a: Darkrai|Darkrai|88/100
|-damage|p2a: Darkrai|76/100|[from] Stealth Rock
|move|p1a: Dondozo|Curse|p1a: Dondozo
|-unboost|p1a: Dondozo|spe|1
|-boost|p1a: Dondozo|atk|1
|-boost|p1a: Dondozo|def|1
|
|upkeep
|turn|21
|
|t:|1759008207
|move|p2a: Darkrai|Will-O-Wisp|p1a: Dondozo
|-status|p1a: Dondozo|brn
|move|p1a: Dondozo|Body Press|p2a: Darkrai
|-supereffective|p2a: Darkrai
|-damage|p2a: Darkrai|4/100
|
|-damage|p1a: Dondozo|94/100 brn|[from] brn
|upkeep
|turn|22
|
|t:|1759008216
|switch|p2a: Great Tusk|Great Tusk|80/100
|move|p1a: Dondozo|Body Press|p2a: Great Tusk
|-damage|p2a: Great Tusk|60/100
|
|-heal|p1a: Dondozo|100/100 brn|[from] item: Leftovers
|-damage|p1a: Dondozo|94/100 brn|[from] brn
|upkeep
|turn|23
|
|t:|1759008226
|move|p2a: Great Tusk|Rapid Spin|p1a: Dondozo
|-damage|p1a: Dondozo|90/100 brn
|-boost|p2a: Great Tusk|spe|1
|-sideend|p2: roadtoladderdawg|Stealth Rock|[from] move: Rapid Spin|[of] p2a: Great Tusk
|move|p1a: Dondozo|Liquidation|p2a: Great Tusk
|-supereffective|p2a: Great Tusk
|-damage|p2a: Great Tusk|21/100
|-unboost|p2a: Great Tusk|def|1
|
|-heal|p1a: Dondozo|97/100 brn|[from] item: Leftovers
|-damage|p1a: Dondozo|90/100 brn|[from] brn
|upkeep
|turn|24
|
|t:|1759008261
|move|p2a: Great Tusk|Headlong Rush|p1a: Dondozo
|-damage|p1a: Dondozo|75/100 brn
|-unboost|p2a: Great Tusk|def|1
|-unboost|p2a: Great Tusk|spd|1
|move|p1a: Dondozo|Liquidation|p2a: Great Tusk
|-supereffective|p2a: Great Tusk
|-damage|p2a: Great Tusk|0 fnt
|faint|p2a: Great Tusk
|-end|p2a: Great Tusk|Protosynthesis|[silent]
|
|-heal|p1a: Dondozo|81/100 brn|[from] item: Leftovers
|-damage|p1a: Dondozo|75/100 brn|[from] brn
|upkeep
|
|t:|1759008266
|switch|p2a: Darkrai|Darkrai|4/100
|turn|25
|
|t:|1759008277
|-terastallize|p2a: Darkrai|Ghost
|move|p2a: Darkrai|Trick|p1a: Dondozo
|-activate|p2a: Darkrai|move: Trick|[of] p1a: Dondozo
|-item|p1a: Dondozo|Choice Scarf|[from] move: Trick
|-item|p2a: Darkrai|Leftovers|[from] move: Trick
|move|p1a: Dondozo|Body Press|p2a: Darkrai
|-immune|p2a: Darkrai
|
|-heal|p2a: Darkrai|10/100|[from] item: Leftovers
|-damage|p1a: Dondozo|69/100 brn|[from] brn
|upkeep
|turn|26
|
|t:|1759008291
|switch|p1a: Florges|Florges, F|18/100
|-damage|p1a: Florges|6/100|[from] Stealth Rock
|move|p2a: Darkrai|Dark Pulse|p1a: Florges
|-resisted|p1a: Florges
|-damage|p1a: Florges|0 fnt
|faint|p1a: Florges
|
|-heal|p2a: Darkrai|16/100|[from] item: Leftovers
|upkeep
|
|t:|1759008302
|switch|p1a: Dondozo|Dondozo, F|69/100 brn
|-damage|p1a: Dondozo|56/100 brn|[from] Stealth Rock
|turn|27
|
|t:|1759008307
|move|p2a: Darkrai|Dark Pulse|p1a: Dondozo
|-damage|p1a: Dondozo|12/100 brn
|move|p1a: Dondozo|Liquidation|p2a: Darkrai
|-damage|p2a: Darkrai|0 fnt
|faint|p2a: Darkrai
|
|-damage|p1a: Dondozo|5/100 brn|[from] brn
|upkeep
|
|t:|1759008311
|switch|p2a: Lycanroc|Lycanroc-Dusk, M|100/100
|turn|28
|
|t:|1759008319
|move|p2a: Lycanroc|Stone Edge|p1a: Dondozo
|-damage|p1a: Dondozo|0 fnt
|faint|p1a: Dondozo
|
|upkeep
|
|t:|1759008325
|switch|p1a: Hatterene|Hatterene, F|100/100
|-damage|p1a: Hatterene|88/100|[from] Stealth Rock
|turn|29
|
|t:|1759008329
|move|p2a: Lycanroc|Stone Edge|p1a: Hatterene
|-damage|p1a: Hatterene|1/100
|move|p1a: Hatterene|Trick Room|p1a: Hatterene
|-fieldstart|move: Trick Room|[of] p1a: Hatterene
|
|upkeep
|turn|30
|
|t:|1759008338
|move|p1a: Hatterene|Psychic|p2a: Lycanroc
|-damage|p2a: Lycanroc|9/100
|move|p2a: Lycanroc|Stone Edge|p1a: Hatterene
|-damage|p1a: Hatterene|0 fnt
|faint|p1a: Hatterene
|
|upkeep
|
|t:|1759008346
|switch|p1a: Rampardos|Rampardos, F|100/100
|-damage|p1a: Rampardos|88/100|[from] Stealth Rock
|turn|31
|
|t:|1759008354
|move|p1a: Rampardos|Fire Punch|p2a: Lycanroc
|-resisted|p2a: Lycanroc
|-damage|p2a: Lycanroc|0 fnt
|faint|p2a: Lycanroc
|
|win|K1raaWasTaken
|raw|K1raaWasTaken's rating: 1097 &rarr; <strong>1126</strong><br />(+29 for winning)
|raw|roadtoladderdawg's rating: 1143 &rarr; <strong>1115</strong><br />(-28 for losing)
|l|☆roadtoladderdawg
|player|p2|
|l|☆K1raaWasTaken
|player|p1|
