|j|☆taipan11
|j|☆NoFoodFrank
|t:|1758957431
|gametype|singles
|player|p1|taipan11|102|1070
|player|p2|NoFoodFrank|102|1068
|gen|9
|tier|[Gen 9] OU
|rated|
|rule|HP Percentage Mod: HP is shown in percentages
|rule|Endless Battle Clause: Forcing endless battles is banned
|rule|Species Clause: Limit one of each Pokémon
|rule|OHKO Clause: OHKO moves are banned
|rule|Evasion Items Clause: Evasion items are banned
|rule|Evasion Moves Clause: Evasion moves are banned
|rule|Evasion Abilities Clause: Evasion abilities are banned
|rule|Sleep Moves Clause: Sleep-inducing moves are banned
|clearpoke
|poke|p1|Ninetales, M|
|poke|p1|Dragonite, M|
|poke|p1|Venusaur, F|
|poke|p1|Hatterene, F|
|poke|p1|Great Tusk|
|poke|p1|Walking Wake|
|poke|p2|Kleavor, M|
|poke|p2|Morpeko, F|
|poke|p2|Alomomola, F|
|poke|p2|Vikavolt, M|
|poke|p2|Porygon-Z|
|poke|p2|Grafaiai, M|
|teampreview
|
|t:|1758957445
|teamsize|p1|6
|teamsize|p2|6
|start
|switch|p1a: Kurama Chakra Mode|Ninetales, M|100/100
|switch|p2a: Vikavolt|Vikavolt, M|100/100
|-weather|SunnyDay|[from] ability: Drought|[of] p1a: Kurama Chakra Mode
|turn|1
|inactive|Battle timer is ON: inactive players will automatically lose when time's up. (requested by taipan11)
|
|t:|1758957461
|move|p1a: Kurama Chakra Mode|Flamethrower|p2a: Vikavolt
|-supereffective|p2a: Vikavolt
|-enditem|p2a: Vikavolt|Focus Sash
|-damage|p2a: Vikavolt|1/100
|move|p2a: Vikavolt|Sticky Web|p1a: Kurama Chakra Mode
|-sidestart|p1: taipan11|move: Sticky Web
|
|-weather|SunnyDay|[upkeep]
|upkeep
|turn|2
|
|t:|1758957471
|switch|p2a: Alomomola|Alomomola, F|100/100
|move|p1a: Kurama Chakra Mode|Flamethrower|p2a: Alomomola
|-resisted|p2a: Alomomola
|-damage|p2a: Alomomola|78/100
|
|-weather|SunnyDay|[upkeep]
|-heal|p2a: Alomomola|84/100|[from] item: Leftovers
|upkeep
|turn|3
|
|t:|1758957486
|switch|p1a: Die w A Smile|Hatterene, F|100/100
|-activate|p1a: Die w A Smile|move: Sticky Web
|-unboost|p1a: Die w A Smile|spe|1
|move|p2a: Alomomola|Aqua Jet|p1a: Die w A Smile
|-damage|p1a: Die w A Smile|96/100
|-enditem|p1a: Die w A Smile|Eject Button
|
|t:|1758957494
|switch|p1a: Lynrd Spynrd|Great Tusk|100/100
|-activate|p1a: Lynrd Spynrd|move: Sticky Web
|-unboost|p1a: Lynrd Spynrd|spe|1
|-activate|p1a: Lynrd Spynrd|ability: Protosynthesis
|-start|p1a: Lynrd Spynrd|protosynthesisatk
|
|-weather|SunnyDay|[upkeep]
|-heal|p2a: Alomomola|90/100|[from] item: Leftovers
|upkeep
|turn|4
|
|t:|1758957507
|move|p1a: Lynrd Spynrd|Rapid Spin|p2a: Alomomola
|-damage|p2a: Alomomola|80/100
|-boost|p1a: Lynrd Spynrd|spe|1
|-sideend|p1: taipan11|Sticky Web|[from] move: Rapid Spin|[of] p1a: Lynrd Spynrd
|move|p2a: Alomomola|Wish|p2a: Alomomola
|
|-weather|SunnyDay|[upkeep]
|-heal|p2a: Alomomola|86/100|[from] item: Leftovers
|upkeep
|turn|5
|
|t:|1758957525
|-end|p1a: Lynrd Spynrd|Protosynthesis|[silent]
|switch|p1a: Kurama Chakra Mode|Ninetales, M|100/100
|move|p2a: Alomomola|Flip Turn|p1a: Kurama Chakra Mode
|-supereffective|p1a: Kurama Chakra Mode
|-crit|p1a: Kurama Chakra Mode
|-damage|p1a: Kurama Chakra Mode|70/100
|
|t:|1758957538
|switch|p2a: Kleavor|Kleavor, M|100/100|[from] Flip Turn
|
|-weather|SunnyDay|[upkeep]
|upkeep
|turn|6
|
|t:|1758957545
|switch|p1a: Lynrd Spynrd|Great Tusk|100/100
|-activate|p1a: Lynrd Spynrd|ability: Protosynthesis
|-start|p1a: Lynrd Spynrd|protosynthesisspe
|move|p2a: Kleavor|Stone Axe|p1a: Lynrd Spynrd
|-resisted|p1a: Lynrd Spynrd
|-damage|p1a: Lynrd Spynrd|92/100
|-damage|p2a: Kleavor|84/100|[from] item: Rocky Helmet|[of] p1a: Lynrd Spynrd
|-sidestart|p1: taipan11|move: Stealth Rock
|
|-weather|SunnyDay|[upkeep]
|upkeep
|turn|7
|
|t:|1758957558
|switch|p2a: Grafaiai|Grafaiai, M|100/100
|move|p1a: Lynrd Spynrd|Ice Spinner|p2a: Grafaiai
|-damage|p2a: Grafaiai|75/100
|
|-weather|SunnyDay|[upkeep]
|-heal|p2a: Grafaiai|81/100|[from] item: Black Sludge
|upkeep
|turn|8
|
|t:|1758957568
|move|p2a: Grafaiai|Encore|p1a: Lynrd Spynrd
|-start|p1a: Lynrd Spynrd|Encore
|move|p1a: Lynrd Spynrd|Ice Spinner|p2a: Grafaiai
|-damage|p2a: Grafaiai|53/100
|
|-weather|none
|-end|p1a: Lynrd Spynrd|Protosynthesis
|-heal|p2a: Grafaiai|59/100|[from] item: Black Sludge
|upkeep
|turn|9
|
|t:|1758957579
|move|p2a: Grafaiai|Toxic|p1a: Lynrd Spynrd
|-status|p1a: Lynrd Spynrd|tox
|move|p1a: Lynrd Spynrd|Ice Spinner|p2a: Grafaiai
|-damage|p2a: Grafaiai|32/100
|
|-heal|p2a: Grafaiai|38/100|[from] item: Black Sludge
|-damage|p1a: Lynrd Spynrd|86/100 tox|[from] psn
|upkeep
|turn|10
|
|t:|1758957595
|-end|p1a: Lynrd Spynrd|Protosynthesis|[silent]
|switch|p1a: Die w A Smile|Hatterene, F|96/100
|-damage|p1a: Die w A Smile|84/100|[from] Stealth Rock
|move|p2a: Grafaiai|Parting Shot|p1a: Die w A Smile
|move|p1a: Die w A Smile|Parting Shot|p2a: Grafaiai|[from] ability: Magic Bounce
|-unboost|p2a: Grafaiai|atk|1
|-unboost|p2a: Grafaiai|spa|1
|c|☆NoFoodFrank|LOL
|
|t:|1758957614
|switch|p1a: Kurama Chakra Mode|Ninetales, M|70/100|[from] Parting Shot
|-damage|p1a: Kurama Chakra Mode|45/100|[from] Stealth Rock
|-weather|SunnyDay|[from] ability: Drought|[of] p1a: Kurama Chakra Mode
|
|-weather|SunnyDay|[upkeep]
|-heal|p2a: Grafaiai|44/100|[from] item: Black Sludge
|upkeep
|turn|11
|
|t:|1758957642
|move|p2a: Grafaiai|Parting Shot|p1a: Kurama Chakra Mode
|-unboost|p1a: Kurama Chakra Mode|atk|1
|-unboost|p1a: Kurama Chakra Mode|spa|1
|
|t:|1758957649
|switch|p2a: Alomomola|Alomomola, F|100/100|[from] Parting Shot
|move|p1a: Kurama Chakra Mode|Flamethrower|p2a: Alomomola
|-resisted|p2a: Alomomola
|-damage|p2a: Alomomola|85/100
|
|-weather|SunnyDay|[upkeep]
|-heal|p2a: Alomomola|91/100|[from] item: Leftovers
|upkeep
|turn|12
|
|t:|1758957659
|switch|p1a: Venu Vidi Vici|Venusaur, F|100/100
|-damage|p1a: Venu Vidi Vici|88/100|[from] Stealth Rock
|move|p2a: Alomomola|Mirror Coat||[still]
|-fail|p2a: Alomomola
|
|-weather|SunnyDay|[upkeep]
|-heal|p2a: Alomomola|97/100|[from] item: Leftovers
|upkeep
|turn|13
|
|t:|1758957669
|move|p1a: Venu Vidi Vici|Growth|p1a: Venu Vidi Vici
|-boost|p1a: Venu Vidi Vici|atk|2
|-boost|p1a: Venu Vidi Vici|spa|2
|move|p2a: Alomomola|Wish|p2a: Alomomola
|
|-weather|SunnyDay|[upkeep]
|-heal|p2a: Alomomola|100/100|[from] item: Leftovers
|upkeep
|turn|14
|
|t:|1758957676
|move|p1a: Venu Vidi Vici|Giga Drain|p2a: Alomomola
|-supereffective|p2a: Alomomola
|-damage|p2a: Alomomola|0 fnt
|-heal|p1a: Venu Vidi Vici|100/100|[from] drain|[of] p2a: Alomomola
|faint|p2a: Alomomola
|-damage|p1a: Venu Vidi Vici|91/100|[from] item: Life Orb
|
|-weather|SunnyDay|[upkeep]
|upkeep
|inactive|NoFoodFrank has 120 seconds left.
|inactive|NoFoodFrank has 90 seconds left.
|
|t:|1758957727
|switch|p2a: Grafaiai|Grafaiai, M|44/100
|turn|15
|inactive|NoFoodFrank has 90 seconds left.
|
|t:|1758957740
|move|p2a: Grafaiai|Parting Shot|p1a: Venu Vidi Vici
|-unboost|p1a: Venu Vidi Vici|atk|1
|-unboost|p1a: Venu Vidi Vici|spa|1
|
|t:|1758957744
|switch|p2a: Vikavolt|Vikavolt, M|1/100|[from] Parting Shot
|move|p1a: Venu Vidi Vici|Weather Ball|p2a: Vikavolt
|-supereffective|p2a: Vikavolt
|-damage|p2a: Vikavolt|0 fnt
|faint|p2a: Vikavolt
|-damage|p1a: Venu Vidi Vici|81/100|[from] item: Life Orb
|
|-weather|SunnyDay|[upkeep]
|upkeep
|inactive|NoFoodFrank has 90 seconds left.
|
|t:|1758957772
|switch|p2a: Grafaiai|Grafaiai, M|44/100
|turn|16
|
|t:|1758957780
|move|p2a: Grafaiai|Encore|p1a: Venu Vidi Vici
|-start|p1a: Venu Vidi Vici|Encore
|move|p1a: Venu Vidi Vici|Weather Ball|p2a: Grafaiai
|-damage|p2a: Grafaiai|0 fnt
|faint|p2a: Grafaiai
|-damage|p1a: Venu Vidi Vici|71/100|[from] item: Life Orb
|
|-weather|SunnyDay|[upkeep]
|upkeep
|inactive|NoFoodFrank has 60 seconds left.
|
|t:|1758957815
|switch|p2a: Kleavor|Kleavor, M|84/100
|turn|17
|
|t:|1758957826
|switch|p1a: Lynrd Spynrd|Great Tusk|86/100 tox
|-damage|p1a: Lynrd Spynrd|83/100 tox|[from] Stealth Rock
|-activate|p1a: Lynrd Spynrd|ability: Protosynthesis
|-start|p1a: Lynrd Spynrd|protosynthesisspe
|move|p2a: Kleavor|Fury Cutter|p1a: Lynrd Spynrd
|-resisted|p1a: Lynrd Spynrd
|-damage|p1a: Lynrd Spynrd|73/100 tox
|-damage|p2a: Kleavor|67/100|[from] item: Rocky Helmet|[of] p1a: Lynrd Spynrd
|
|-weather|none
|-end|p1a: Lynrd Spynrd|Protosynthesis
|-damage|p1a: Lynrd Spynrd|66/100 tox|[from] psn
|upkeep
|turn|18
|
|t:|1758957842
|move|p1a: Lynrd Spynrd|Ice Spinner|p2a: Kleavor
|-damage|p2a: Kleavor|44/100
|move|p2a: Kleavor|Fury Cutter|p1a: Lynrd Spynrd
|-resisted|p1a: Lynrd Spynrd
|-damage|p1a: Lynrd Spynrd|43/100 tox
|-damage|p2a: Kleavor|27/100|[from] item: Rocky Helmet|[of] p1a: Lynrd Spynrd
|
|-damage|p1a: Lynrd Spynrd|31/100 tox|[from] psn
|upkeep
|turn|19
|
|t:|1758957853
|move|p1a: Lynrd Spynrd|Headlong Rush|p2a: Kleavor
|-damage|p2a: Kleavor|0 fnt
|-unboost|p1a: Lynrd Spynrd|def|1
|-unboost|p1a: Lynrd Spynrd|spd|1
|faint|p2a: Kleavor
|
|-damage|p1a: Lynrd Spynrd|12/100 tox|[from] psn
|upkeep
|
|t:|1758957860
|switch|p2a: Morpeko|Morpeko, F|100/100
|turn|20
|
|t:|1758957866
|move|p1a: Lynrd Spynrd|Headlong Rush|p2a: Morpeko
|-supereffective|p2a: Morpeko
|-damage|p2a: Morpeko|0 fnt
|-unboost|p1a: Lynrd Spynrd|def|1
|-unboost|p1a: Lynrd Spynrd|spd|1
|faint|p2a: Morpeko
|
|-damage|p1a: Lynrd Spynrd|0 fnt|[from] psn
|faint|p1a: Lynrd Spynrd
|-end|p1a: Lynrd Spynrd|Protosynthesis|[silent]
|upkeep
|
|t:|1758957878
|switch|p1a: Kurama Chakra Mode|Ninetales, M|45/100
|switch|p2a: Porygon-Z|Porygon-Z|100/100
|-damage|p1a: Kurama Chakra Mode|20/100|[from] Stealth Rock
|-weather|SunnyDay|[from] ability: Drought|[of] p1a: Kurama Chakra Mode
|turn|21
|c|☆NoFoodFrank|forgot u were fast woops
|inactive|NoFoodFrank has 60 seconds left.
|
|t:|1758957889
|move|p1a: Kurama Chakra Mode|Flamethrower|p2a: Porygon-Z
|-damage|p2a: Porygon-Z|47/100
|move|p2a: Porygon-Z|Tera Blast|p1a: Kurama Chakra Mode
|-damage|p1a: Kurama Chakra Mode|0 fnt
|faint|p1a: Kurama Chakra Mode
|-damage|p2a: Porygon-Z|37/100|[from] item: Life Orb
|
|-weather|SunnyDay|[upkeep]
|upkeep
|
|t:|1758957899
|switch|p1a: Venu Vidi Vici|Venusaur, F|71/100
|-damage|p1a: Venu Vidi Vici|58/100|[from] Stealth Rock
|turn|22
|c|☆NoFoodFrank|yea u win ggs
|
|t:|1758957905
|move|p1a: Venu Vidi Vici|Weather Ball|p2a: Porygon-Z
|-damage|p2a: Porygon-Z|0 fnt
|faint|p2a: Porygon-Z
|-damage|p1a: Venu Vidi Vici|48/100|[from] item: Life Orb
|
|win|taipan11
|raw|taipan11's rating: 1070 &rarr; <strong>1099</strong><br />(+29 for winning)
|raw|NoFoodFrank's rating: 1068 &rarr; <strong>1048</strong><br />(-20 for losing)
|l|☆taipan11
|player|p1|
|l|☆NoFoodFrank
|player|p2|
