|j|☆PjSand
|j|☆james2341
|t:|1759033224
|gametype|singles
|player|p1|PjSand|266|1520
|player|p2|james2341|1|1494
|gen|9
|tier|[Gen 9] OU
|rated|
|rule|HP Percentage Mod: HP is shown in percentages
|rule|Endless Battle Clause: Forcing endless battles is banned
|rule|Species Clause: Limit one of each Pokémon
|rule|OHKO Clause: OHKO moves are banned
|rule|Evasion Items Clause: Evasion items are banned
|rule|Evasion Moves Clause: Evasion moves are banned
|rule|Evasion Abilities Clause: Evasion abilities are banned
|rule|Sleep Moves Clause: Sleep-inducing moves are banned
|clearpoke
|poke|p1|Ninetales, F|
|poke|p1|Ceruledge, F|
|poke|p1|Venusaur, F|
|poke|p1|Hatterene, F|
|poke|p1|Great Tusk|
|poke|p1|Walking Wake|
|poke|p2|Skarmory, M|
|poke|p2|Volcanion|
|poke|p2|Kyurem|
|poke|p2|Great Tusk|
|poke|p2|Meowscarada, M|
|poke|p2|Zamazenta-*|
|teampreview
|inactive|Battle timer is ON: inactive players will automatically lose when time's up. (requested by PjSand)
|
|t:|1759033235
|teamsize|p1|6
|teamsize|p2|6
|start
|switch|p1a: Kurama Chakra Mode|Ninetales, F|100/100
|switch|p2a: Kyurem|Kyurem|100/100
|-ability|p2a: Kyurem|Pressure
|-weather|SunnyDay|[from] ability: Drought|[of] p1a: Kurama Chakra Mode
|turn|1
|
|t:|1759033239
|switch|p1a: Die w A Smile|Hatterene, F|100/100
|move|p2a: Kyurem|Earth Power|p1a: Die w A Smile
|-damage|p1a: Die w A Smile|70/100
|-enditem|p1a: Die w A Smile|Eject Button
|
|t:|1759033244
|switch|p1a: Dubya|Walking Wake|100/100
|-activate|p1a: Dubya|ability: Protosynthesis
|-start|p1a: Dubya|protosynthesisspa
|
|-weather|SunnyDay|[upkeep]
|upkeep
|turn|2
|
|t:|1759033251
|switch|p2a: Skarmory|Skarmory, M, shiny|100/100
|-terastallize|p1a: Dubya|Water
|move|p1a: Dubya|Dragon Pulse|p2a: Skarmory
|-resisted|p2a: Skarmory
|-damage|p2a: Skarmory|36/100
|
|-weather|SunnyDay|[upkeep]
|upkeep
|turn|3
|
|t:|1759033254
|switch|p2a: Volcanion|Volcanion|100/100
|move|p1a: Dubya|Dragon Pulse|p2a: Volcanion
|-damage|p2a: Volcanion|7/100
|
|-weather|SunnyDay|[upkeep]
|upkeep
|turn|4
|
|t:|1759033259
|switch|p2a: Skarmory|Skarmory, M, shiny|36/100
|move|p1a: Dubya|Dragon Pulse|p2a: Skarmory
|-resisted|p2a: Skarmory
|-damage|p2a: Skarmory|0 fnt
|faint|p2a: Skarmory
|
|-weather|SunnyDay|[upkeep]
|upkeep
|
|t:|1759033261
|switch|p2a: Meowscarada|Meowscarada, M|100/100
|turn|5
|
|t:|1759033265
|-end|p1a: Dubya|Protosynthesis|[silent]
|switch|p1a: Lynrd Spynrd|Great Tusk|100/100
|-activate|p1a: Lynrd Spynrd|ability: Protosynthesis
|-start|p1a: Lynrd Spynrd|protosynthesisspe
|move|p2a: Meowscarada|Knock Off|p1a: Lynrd Spynrd
|-start|p2a: Meowscarada|typechange|Dark|[from] ability: Protean
|-resisted|p1a: Lynrd Spynrd
|-damage|p1a: Lynrd Spynrd|86/100
|-damage|p2a: Meowscarada|84/100|[from] item: Rocky Helmet|[of] p1a: Lynrd Spynrd
|-enditem|p1a: Lynrd Spynrd|Rocky Helmet|[from] move: Knock Off|[of] p2a: Meowscarada
|
|-weather|SunnyDay|[upkeep]
|upkeep
|turn|6
|
|t:|1759033274
|move|p1a: Lynrd Spynrd|Stealth Rock|p2a: Meowscarada
|-sidestart|p2: james2341|move: Stealth Rock
|move|p2a: Meowscarada|U-turn|p1a: Lynrd Spynrd
|-resisted|p1a: Lynrd Spynrd
|-damage|p1a: Lynrd Spynrd|79/100
|
|t:|1759033275
|switch|p2a: Great Tusk|Great Tusk|100/100|[from] U-turn
|-damage|p2a: Great Tusk|98/100|[from] Stealth Rock
|-activate|p2a: Great Tusk|ability: Protosynthesis
|-start|p2a: Great Tusk|protosynthesisdef
|
|-weather|SunnyDay|[upkeep]
|-heal|p2a: Great Tusk|100/100|[from] item: Leftovers
|upkeep
|turn|7
|
|t:|1759033281
|-end|p1a: Lynrd Spynrd|Protosynthesis|[silent]
|switch|p1a: Slayboi Carti|Ceruledge, F|100/100
|move|p2a: Great Tusk|Rapid Spin|p1a: Slayboi Carti
|-immune|p1a: Slayboi Carti
|
|-weather|SunnyDay|[upkeep]
|upkeep
|turn|8
|
|t:|1759033294
|move|p1a: Slayboi Carti|Solar Blade||[still]
|-prepare|p1a: Slayboi Carti|Solar Blade
|-anim|p1a: Slayboi Carti|Solar Blade|p2a: Great Tusk
|-supereffective|p2a: Great Tusk
|-damage|p2a: Great Tusk|70/100
|move|p2a: Great Tusk|Rapid Spin|p1a: Slayboi Carti
|-immune|p1a: Slayboi Carti
|
|-weather|none
|-end|p2a: Great Tusk|Protosynthesis
|-heal|p2a: Great Tusk|76/100|[from] item: Leftovers
|upkeep
|turn|9
|
|t:|1759033301
|move|p1a: Slayboi Carti|Swords Dance|p1a: Slayboi Carti
|-boost|p1a: Slayboi Carti|atk|2
|move|p2a: Great Tusk|Stealth Rock|p1a: Slayboi Carti
|-sidestart|p1: PjSand|move: Stealth Rock
|
|-heal|p2a: Great Tusk|83/100|[from] item: Leftovers
|upkeep
|turn|10
|
|t:|1759033307
|move|p1a: Slayboi Carti|Swords Dance|p1a: Slayboi Carti
|-boost|p1a: Slayboi Carti|atk|2
|move|p2a: Great Tusk|Earthquake|p1a: Slayboi Carti
|-supereffective|p1a: Slayboi Carti
|-enditem|p1a: Slayboi Carti|Focus Sash
|-damage|p1a: Slayboi Carti|1/100
|-ability|p1a: Slayboi Carti|Weak Armor|boost
|-unboost|p1a: Slayboi Carti|def|1
|-boost|p1a: Slayboi Carti|spe|2
|
|-heal|p2a: Great Tusk|89/100|[from] item: Leftovers
|upkeep
|turn|11
|
|t:|1759033312
|move|p1a: Slayboi Carti|Bitter Blade|p2a: Great Tusk
|-damage|p2a: Great Tusk|26/100
|-heal|p1a: Slayboi Carti|48/100|[from] drain|[of] p2a: Great Tusk
|move|p2a: Great Tusk|Earthquake|p1a: Slayboi Carti
|-supereffective|p1a: Slayboi Carti
|-damage|p1a: Slayboi Carti|0 fnt
|faint|p1a: Slayboi Carti
|
|-heal|p2a: Great Tusk|32/100|[from] item: Leftovers
|upkeep
|
|t:|1759033318
|switch|p1a: Dubya|Walking Wake, tera:Water|100/100
|-damage|p1a: Dubya|88/100|[from] Stealth Rock
|turn|12
|
|t:|1759033323
|move|p1a: Dubya|Dragon Pulse|p2a: Great Tusk
|-damage|p2a: Great Tusk|0 fnt
|faint|p2a: Great Tusk
|-end|p2a: Great Tusk|Protosynthesis|[silent]
|
|upkeep
|
|t:|1759033324
|switch|p2a: Meowscarada|Meowscarada, M|84/100
|turn|13
|
|t:|1759033341
|-end|p1a: Dubya|Protosynthesis|[silent]
|switch|p1a: Lynrd Spynrd|Great Tusk|79/100
|-damage|p1a: Lynrd Spynrd|76/100|[from] Stealth Rock
|move|p2a: Meowscarada|Knock Off|p1a: Lynrd Spynrd
|-start|p2a: Meowscarada|typechange|Dark|[from] ability: Protean
|-resisted|p1a: Lynrd Spynrd
|-damage|p1a: Lynrd Spynrd|66/100
|
|upkeep
|turn|14
|
|t:|1759033347
|-terastallize|p2a: Meowscarada|Grass
|move|p2a: Meowscarada|Flower Trick|p1a: Lynrd Spynrd
|-supereffective|p1a: Lynrd Spynrd
|-crit|p1a: Lynrd Spynrd
|-damage|p1a: Lynrd Spynrd|10/100
|move|p1a: Lynrd Spynrd|Rapid Spin|p2a: Meowscarada
|-damage|p2a: Meowscarada|62/100
|-boost|p1a: Lynrd Spynrd|spe|1
|-sideend|p1: PjSand|Stealth Rock|[from] move: Rapid Spin|[of] p1a: Lynrd Spynrd
|
|upkeep
|turn|15
|
|t:|1759033352
|move|p1a: Lynrd Spynrd|Ice Spinner|p2a: Meowscarada
|-supereffective|p2a: Meowscarada
|-damage|p2a: Meowscarada|0 fnt
|faint|p2a: Meowscarada
|
|upkeep
|
|t:|1759033355
|switch|p2a: Zamazenta|Zamazenta, shiny|100/100
|-ability|p2a: Zamazenta|Dauntless Shield|boost
|-boost|p2a: Zamazenta|def|1
|turn|16
|
|t:|1759033366
|-end|p1a: Lynrd Spynrd|Protosynthesis|[silent]
|switch|p1a: Kurama Chakra Mode|Ninetales, F|100/100
|-weather|SunnyDay|[from] ability: Drought|[of] p1a: Kurama Chakra Mode
|move|p2a: Zamazenta|Heavy Slam|p1a: Kurama Chakra Mode
|-resisted|p1a: Kurama Chakra Mode
|-damage|p1a: Kurama Chakra Mode|76/100
|
|-weather|SunnyDay|[upkeep]
|upkeep
|turn|17
|
|t:|1759033370
|move|p2a: Zamazenta|Close Combat|p1a: Kurama Chakra Mode
|-damage|p1a: Kurama Chakra Mode|1/100
|-unboost|p2a: Zamazenta|def|1
|-unboost|p2a: Zamazenta|spd|1
|move|p1a: Kurama Chakra Mode|Encore|p2a: Zamazenta
|-start|p2a: Zamazenta|Encore
|
|-weather|SunnyDay|[upkeep]
|upkeep
|turn|18
|
|t:|1759033374
|switch|p1a: Lynrd Spynrd|Great Tusk|10/100
|-activate|p1a: Lynrd Spynrd|ability: Protosynthesis
|-start|p1a: Lynrd Spynrd|protosynthesisspe
|move|p2a: Zamazenta|Close Combat|p1a: Lynrd Spynrd
|-damage|p1a: Lynrd Spynrd|0 fnt
|-unboost|p2a: Zamazenta|def|1
|-unboost|p2a: Zamazenta|spd|1
|faint|p1a: Lynrd Spynrd
|-end|p1a: Lynrd Spynrd|Protosynthesis|[silent]
|
|-weather|SunnyDay|[upkeep]
|upkeep
|
|t:|1759033376
|switch|p1a: Dubya|Walking Wake, tera:Water|88/100
|-activate|p1a: Dubya|ability: Protosynthesis
|-start|p1a: Dubya|protosynthesisspa
|turn|19
|
|t:|1759033380
|switch|p2a: Volcanion|Volcanion|7/100
|move|p1a: Dubya|Dragon Pulse|p2a: Volcanion
|-damage|p2a: Volcanion|0 fnt
|faint|p2a: Volcanion
|
|-weather|SunnyDay|[upkeep]
|upkeep
|
|t:|1759033383
|switch|p2a: Kyurem|Kyurem|100/100
|-damage|p2a: Kyurem|76/100|[from] Stealth Rock
|-ability|p2a: Kyurem|Pressure
|turn|20
|
|t:|1759033386
|-end|p1a: Dubya|Protosynthesis|[silent]
|switch|p1a: Die w A Smile|Hatterene, F|70/100
|move|p2a: Kyurem|Freeze-Dry|p1a: Die w A Smile
|-damage|p1a: Die w A Smile|34/100
|
|-weather|SunnyDay|[upkeep]
|upkeep
|turn|21
|
|t:|1759033393
|move|p2a: Kyurem|Freeze-Dry|p1a: Die w A Smile
|-damage|p1a: Die w A Smile|0 fnt
|faint|p1a: Die w A Smile
|
|-weather|SunnyDay|[upkeep]
|upkeep
|
|t:|1759033398
|switch|p1a: Kurama Chakra Mode|Ninetales, F|1/100
|turn|22
|
|t:|1759033401
|move|p2a: Kyurem|Freeze-Dry|p1a: Kurama Chakra Mode
|-resisted|p1a: Kurama Chakra Mode
|-damage|p1a: Kurama Chakra Mode|0 fnt
|faint|p1a: Kurama Chakra Mode
|
|-weather|SunnyDay|[upkeep]
|upkeep
|
|t:|1759033403
|switch|p1a: Venu Vidi Vici|Venusaur, F|100/100
|turn|23
|
|t:|1759033409
|move|p1a: Venu Vidi Vici|Sludge Bomb|p2a: Kyurem
|-damage|p2a: Kyurem|20/100
|-damage|p1a: Venu Vidi Vici|91/100|[from] item: Life Orb
|move|p2a: Kyurem|Freeze-Dry|p1a: Venu Vidi Vici
|-supereffective|p1a: Venu Vidi Vici
|-damage|p1a: Venu Vidi Vici|12/100
|
|-weather|none
|upkeep
|turn|24
|
|t:|1759033415
|move|p2a: Kyurem|Freeze-Dry|p1a: Venu Vidi Vici
|-supereffective|p1a: Venu Vidi Vici
|-damage|p1a: Venu Vidi Vici|0 fnt
|faint|p1a: Venu Vidi Vici
|
|upkeep
|
|t:|1759033416
|switch|p1a: Dubya|Walking Wake, tera:Water|88/100
|turn|25
|
|t:|1759033418
|move|p2a: Kyurem|Freeze-Dry|p1a: Dubya
|-supereffective|p1a: Dubya
|-damage|p1a: Dubya|1/100
|move|p1a: Dubya|Dragon Pulse|p2a: Kyurem
|-supereffective|p2a: Kyurem
|-damage|p2a: Kyurem|0 fnt
|faint|p2a: Kyurem
|
|upkeep
|
|t:|1759033420
|switch|p2a: Zamazenta|Zamazenta, shiny|100/100
|turn|26
|
|t:|1759033423
|move|p2a: Zamazenta|Crunch|p1a: Dubya
|-damage|p1a: Dubya|0 fnt
|faint|p1a: Dubya
|-end|p1a: Dubya|Protosynthesis|[silent]
|
|win|james2341
|raw|PjSand's rating: 1520 &rarr; <strong>1499</strong><br />(-21 for losing)
|raw|james2341's rating: 1494 &rarr; <strong>1515</strong><br />(+21 for winning)
|l|☆james2341
|player|p2|
|l|☆PjSand
|player|p1|
