|j|☆purple pastels
|j|☆Megumin's Husband
|t:|1759037758
|gametype|singles
|player|p1|purple pastels|doubleteam|1519
|player|p2|Megumin's Husband|guitarist|1573
|gen|9
|tier|[Gen 9] OU
|rated|
|rule|HP Percentage Mod: HP is shown in percentages
|rule|Endless Battle Clause: Forcing endless battles is banned
|rule|Species Clause: Limit one of each Pokémon
|rule|OHKO Clause: OHKO moves are banned
|rule|Evasion Items Clause: Evasion items are banned
|rule|Evasion Moves Clause: Evasion moves are banned
|rule|Evasion Abilities Clause: Evasion abilities are banned
|rule|Sleep Moves Clause: Sleep-inducing moves are banned
|clearpoke
|poke|p1|Dragonite, M|
|poke|p1|Alomomola, F|
|poke|p1|Garganacl, M|
|poke|p1|Great Tusk|
|poke|p1|Iron Moth|
|poke|p1|Samurott-Hisui, M|
|poke|p2|Pecharunt|
|poke|p2|Primarina, F|
|poke|p2|Heatran, M|
|poke|p2|Great Tusk|
|poke|p2|Weavile, F|
|poke|p2|Ogerpon, F|
|teampreview
|inactive|Battle timer is ON: inactive players will automatically lose when time's up. (requested by purple pastels)
|
|t:|1759037768
|teamsize|p1|6
|teamsize|p2|6
|start
|switch|p1a: Samurott|Samurott-Hisui, M|100/100
|switch|p2a: Ogerpon|Ogerpon, F|100/100
|turn|1
|
|t:|1759037777
|-terastallize|p2a: Ogerpon|Grass
|detailschange|p2a: Ogerpon|Ogerpon-Teal-Tera, F, tera:Grass
|-ability|p2a: Ogerpon|Embody Aspect (Teal)|boost
|-boost|p2a: Ogerpon|spe|1
|move|p2a: Ogerpon|Ivy Cudgel|p1a: Samurott
|-supereffective|p1a: Samurott
|-damage|p1a: Samurott|0 fnt
|faint|p1a: Samurott
|
|upkeep
|
|t:|1759037790
|switch|p1a: Iron Moth|Iron Moth|100/100
|turn|2
|
|t:|1759037794
|switch|p2a: Heatran|Heatran, M, shiny|100/100
|-item|p2a: Heatran|Air Balloon
|move|p1a: Iron Moth|Fire Blast|p2a: Heatran
|-start|p2a: Heatran|ability: Flash Fire
|
|upkeep
|turn|3
|
|t:|1759037802
|-end|p1a: Iron Moth|Quark Drive|[silent]
|switch|p1a: Garganacl|Garganacl, M|100/100
|move|p2a: Heatran|Stealth Rock|p1a: Garganacl
|-sidestart|p1: purple pastels|move: Stealth Rock
|
|upkeep
|turn|4
|j| Rizzofreko
|inactive|Megumin's Husband has 120 seconds left.
|
|t:|1759037837
|move|p2a: Heatran|Taunt|p1a: Garganacl
|-start|p1a: Garganacl|move: Taunt
|move|p1a: Garganacl|Salt Cure|p2a: Heatran
|-damage|p2a: Heatran|89/100
|-start|p2a: Heatran|Salt Cure
|-enditem|p2a: Heatran|Air Balloon
|
|-damage|p2a: Heatran|64/100|[from] Salt Cure
|upkeep
|turn|5
|inactive|Megumin's Husband has 120 seconds left.
|l| Rizzofreko
|
|t:|1759037852
|-end|p2a: Heatran|ability: Flash Fire|[silent]
|switch|p2a: Primarina|Primarina, F|100/100
|move|p1a: Garganacl|Body Press|p2a: Primarina
|-resisted|p2a: Primarina
|-damage|p2a: Primarina|87/100
|
|upkeep
|turn|6
|
|t:|1759037857
|move|p2a: Primarina|Flip Turn|p1a: Garganacl
|-supereffective|p1a: Garganacl
|-crit|p1a: Garganacl
|-damage|p1a: Garganacl|69/100
|
|t:|1759037861
|switch|p2a: Pecharunt|Pecharunt|100/100|[from] Flip Turn
|move|p1a: Garganacl|Salt Cure|p2a: Pecharunt
|-damage|p2a: Pecharunt|94/100
|-start|p2a: Pecharunt|Salt Cure
|
|-damage|p2a: Pecharunt|82/100|[from] Salt Cure
|-end|p1a: Garganacl|move: Taunt
|upkeep
|turn|7
|
|t:|1759037870
|move|p2a: Pecharunt|Parting Shot|p1a: Garganacl
|-unboost|p1a: Garganacl|atk|1
|-unboost|p1a: Garganacl|spa|1
|
|t:|1759037872
|switch|p2a: Primarina|Primarina, F|87/100|[from] Parting Shot
|move|p1a: Garganacl|Salt Cure|p2a: Primarina
|-damage|p2a: Primarina|76/100
|-start|p2a: Primarina|Salt Cure
|
|-damage|p2a: Primarina|51/100|[from] Salt Cure
|upkeep
|turn|8
|
|t:|1759037878
|move|p2a: Primarina|Flip Turn|p1a: Garganacl
|-supereffective|p1a: Garganacl
|-damage|p1a: Garganacl|47/100
|
|t:|1759037881
|switch|p2a: Ogerpon|Ogerpon-Teal-Tera, F, tera:Grass|100/100|[from] Flip Turn
|-ability|p2a: Ogerpon|Embody Aspect (Teal)|boost
|-boost|p2a: Ogerpon|spe|1
|move|p1a: Garganacl|Stone Edge|p2a: Ogerpon
|-damage|p2a: Ogerpon|72/100
|
|upkeep
|turn|9
|
|t:|1759037897
|switch|p1a: Dragonite|Dragonite, M|100/100
|-damage|p1a: Dragonite|76/100|[from] Stealth Rock
|move|p2a: Ogerpon|Ivy Cudgel|p1a: Dragonite
|-resisted|p1a: Dragonite
|-damage|p1a: Dragonite|50/100
|
|upkeep
|turn|10
|
|t:|1759037910
|switch|p2a: Pecharunt|Pecharunt|82/100
|-terastallize|p1a: Dragonite|Normal
|move|p1a: Dragonite|Extreme Speed|p2a: Pecharunt
|-immune|p2a: Pecharunt
|
|upkeep
|turn|11
|
|t:|1759037922
|switch|p1a: Iron Moth|Iron Moth|100/100
|-damage|p1a: Iron Moth|76/100|[from] Stealth Rock
|move|p2a: Pecharunt|Parting Shot|p1a: Iron Moth
|-unboost|p1a: Iron Moth|atk|1
|-unboost|p1a: Iron Moth|spa|1
|
|t:|1759037925
|switch|p2a: Heatran|Heatran, M, shiny|64/100|[from] Parting Shot
|
|upkeep
|turn|12
|
|t:|1759037939
|-end|p1a: Iron Moth|Quark Drive|[silent]
|switch|p1a: Alomomola|Alomomola, F|100/100
|-damage|p1a: Alomomola|88/100|[from] Stealth Rock
|switch|p2a: Ogerpon|Ogerpon-Teal-Tera, F, tera:Grass|72/100
|-ability|p2a: Ogerpon|Embody Aspect (Teal)|boost
|-boost|p2a: Ogerpon|spe|1
|
|upkeep
|turn|13
|
|t:|1759037947
|move|p1a: Alomomola|Protect|p1a: Alomomola
|-singleturn|p1a: Alomomola|Protect
|move|p2a: Ogerpon|Ivy Cudgel|p1a: Alomomola
|-activate|p1a: Alomomola|move: Protect
|
|upkeep
|turn|14
|
|t:|1759037972
|switch|p1a: Iron Moth|Iron Moth|76/100
|-damage|p1a: Iron Moth|51/100|[from] Stealth Rock
|move|p2a: Ogerpon|Ivy Cudgel|p1a: Iron Moth
|-resisted|p1a: Iron Moth
|-damage|p1a: Iron Moth|6/100
|
|upkeep
|turn|15
|
|t:|1759037979
|switch|p2a: Heatran|Heatran, M, shiny|64/100
|move|p1a: Iron Moth|Sludge Wave|p2a: Heatran
|-immune|p2a: Heatran
|
|upkeep
|turn|16
|
|t:|1759037985
|move|p1a: Iron Moth|Sludge Wave|p2a: Heatran
|-immune|p2a: Heatran
|move|p2a: Heatran|Lava Plume|p1a: Iron Moth
|-resisted|p1a: Iron Moth
|-damage|p1a: Iron Moth|0 fnt
|faint|p1a: Iron Moth
|-end|p1a: Iron Moth|Quark Drive|[silent]
|
|upkeep
|
|t:|1759037988
|switch|p1a: Great Tusk|Great Tusk|100/100
|turn|17
|
|t:|1759037993
|move|p1a: Great Tusk|Rapid Spin|p2a: Heatran
|-resisted|p2a: Heatran
|-damage|p2a: Heatran|57/100
|-boost|p1a: Great Tusk|spe|1
|-sideend|p1: purple pastels|Stealth Rock|[from] move: Rapid Spin|[of] p1a: Great Tusk
|move|p2a: Heatran|Lava Plume|p1a: Great Tusk
|-damage|p1a: Great Tusk|51/100
|
|upkeep
|turn|18
|
|t:|1759038001
|move|p1a: Great Tusk|Headlong Rush|p2a: Heatran
|-supereffective|p2a: Heatran
|-damage|p2a: Heatran|0 fnt
|-unboost|p1a: Great Tusk|def|1
|-unboost|p1a: Great Tusk|spd|1
|faint|p2a: Heatran
|
|upkeep
|
|t:|1759038008
|switch|p2a: Ogerpon|Ogerpon-Teal-Tera, F, tera:Grass|72/100
|-ability|p2a: Ogerpon|Embody Aspect (Teal)|boost
|-boost|p2a: Ogerpon|spe|1
|turn|19
|
|t:|1759038014
|move|p2a: Ogerpon|Ivy Cudgel|p1a: Great Tusk
|-supereffective|p1a: Great Tusk
|-damage|p1a: Great Tusk|0 fnt
|faint|p1a: Great Tusk
|-end|p1a: Great Tusk|Protosynthesis|[silent]
|
|upkeep
|
|t:|1759038016
|switch|p1a: Dragonite|Dragonite, M, tera:Normal|50/100
|turn|20
|
|t:|1759038019
|switch|p2a: Pecharunt|Pecharunt|82/100
|move|p1a: Dragonite|Extreme Speed|p2a: Pecharunt
|-immune|p2a: Pecharunt
|
|upkeep
|turn|21
|
|t:|1759038026
|move|p1a: Dragonite|Extreme Speed|p2a: Pecharunt
|-immune|p2a: Pecharunt
|move|p2a: Pecharunt|Parting Shot|p1a: Dragonite
|-unboost|p1a: Dragonite|atk|1
|-unboost|p1a: Dragonite|spa|1
|
|t:|1759038029
|switch|p2a: Great Tusk|Great Tusk|100/100|[from] Parting Shot
|
|upkeep
|turn|22
|
|t:|1759038041
|switch|p1a: Alomomola|Alomomola, F|100/100
|move|p2a: Great Tusk|Close Combat|p1a: Alomomola
|-damage|p1a: Alomomola|61/100
|-unboost|p2a: Great Tusk|def|1
|-unboost|p2a: Great Tusk|spd|1
|-damage|p2a: Great Tusk|84/100|[from] item: Rocky Helmet|[of] p1a: Alomomola
|
|upkeep
|turn|23
|
|t:|1759038048
|-end|p2a: Great Tusk|Protosynthesis|[silent]
|switch|p2a: Pecharunt|Pecharunt|82/100
|move|p1a: Alomomola|Flip Turn|p2a: Pecharunt
|-damage|p2a: Pecharunt|75/100
|-damage|p1a: Alomomola|45/100|[from] item: Rocky Helmet|[of] p2a: Pecharunt
|
|t:|1759038051
|switch|p1a: Garganacl|Garganacl, M|47/100|[from] Flip Turn
|
|upkeep
|turn|24
|
|t:|1759038057
|move|p2a: Pecharunt|Parting Shot|p1a: Garganacl
|-unboost|p1a: Garganacl|atk|1
|-unboost|p1a: Garganacl|spa|1
|
|t:|1759038059
|switch|p2a: Primarina|Primarina, F|51/100|[from] Parting Shot
|move|p1a: Garganacl|Body Press|p2a: Primarina
|-resisted|p2a: Primarina
|-damage|p2a: Primarina|37/100
|
|upkeep
|turn|25
|
|t:|1759038064
|switch|p1a: Alomomola|Alomomola, F|78/100
|move|p2a: Primarina|Moonblast|p1a: Alomomola
|-damage|p1a: Alomomola|34/100
|
|upkeep
|turn|26
|
|t:|1759038071
|move|p1a: Alomomola|Wish|p1a: Alomomola
|move|p2a: Primarina|Moonblast|p1a: Alomomola
|-damage|p1a: Alomomola|0 fnt
|faint|p1a: Alomomola
|
|upkeep
|
|t:|1759038074
|switch|p1a: Dragonite|Dragonite, M, tera:Normal|50/100
|turn|27
|
|t:|1759038079
|switch|p2a: Pecharunt|Pecharunt|75/100
|move|p1a: Dragonite|Extreme Speed|p2a: Pecharunt
|-immune|p2a: Pecharunt
|
|-heal|p1a: Dragonite|100/100|[from] move: Wish|[wisher] Alomomola
|upkeep
|turn|28
|
|t:|1759038084
|switch|p1a: Garganacl|Garganacl, M|47/100
|move|p2a: Pecharunt|Parting Shot|p1a: Garganacl
|-unboost|p1a: Garganacl|atk|1
|-unboost|p1a: Garganacl|spa|1
|
|t:|1759038088
|switch|p2a: Ogerpon|Ogerpon-Teal-Tera, F, tera:Grass|72/100|[from] Parting Shot
|-ability|p2a: Ogerpon|Embody Aspect (Teal)|boost
|-boost|p2a: Ogerpon|spe|1
|
|upkeep
|turn|29
|
|t:|1759038095
|move|p2a: Ogerpon|Ivy Cudgel|p1a: Garganacl
|-supereffective|p1a: Garganacl
|-damage|p1a: Garganacl|0 fnt
|faint|p1a: Garganacl
|
|upkeep
|
|t:|1759038098
|switch|p1a: Dragonite|Dragonite, M, tera:Normal|100/100
|turn|30
|-message|purple pastels forfeited.
|
|win|Megumin's Husband
|raw|purple pastels's rating: 1519 &rarr; <strong>1502</strong><br />(-17 for losing)
|raw|Megumin&apos;s Husband's rating: 1573 &rarr; <strong>1590</strong><br />(+17 for winning)
|l|☆purple pastels
|player|p1|
|l|☆Megumin's Husband
|player|p2|
