|j|☆supersayandraft
|j|☆Eastside Jake
|t:|1758961190
|gametype|singles
|player|p1|supersayandraft|firebreather|1480
|player|p2|Eastside Jake|rocketgrunt|1436
|gen|9
|tier|[Gen 9] OU
|rated|
|rule|HP Percentage Mod: HP is shown in percentages
|rule|Endless Battle Clause: Forcing endless battles is banned
|rule|Species Clause: Limit one of each Pokémon
|rule|OHKO Clause: OHKO moves are banned
|rule|Evasion Items Clause: Evasion items are banned
|rule|Evasion Moves Clause: Evasion moves are banned
|rule|Evasion Abilities Clause: Evasion abilities are banned
|rule|Sleep Moves Clause: Sleep-inducing moves are banned
|clearpoke
|poke|p1|Ninetales-Alola, F|
|poke|p1|Ogerpon-Wellspring, F|
|poke|p1|Iron Crown|
|poke|p1|Greninja-*, M|
|poke|p1|Great Tusk|
|poke|p1|Gholdengo|
|poke|p2|Deoxys-Speed|
|poke|p2|Hoopa-Unbound|
|poke|p2|Manaphy|
|poke|p2|Iron Valiant|
|poke|p2|Ursaluna, F|
|poke|p2|Cinderace, M|
|teampreview
|inactive|Battle timer is ON: inactive players will automatically lose when time's up. (requested by Eastside Jake)
|
|t:|1758961194
|teamsize|p1|6
|teamsize|p2|6
|start
|switch|p1a: Ogerpon|Ogerpon-Wellspring, F|100/100
|switch|p2a: Deoxys|Deoxys-Speed|100/100
|-ability|p2a: Deoxys|Pressure
|turn|1
|inactive|Eastside Jake has 120 seconds left.
|inactive|Eastside Jake has 90 seconds left.
|
|t:|1758961255
|move|p2a: Deoxys|Psycho Boost|p1a: Ogerpon|[miss]
|-miss|p2a: Deoxys|p1a: Ogerpon
|move|p1a: Ogerpon|Ivy Cudgel|p2a: Deoxys|[anim] Ivy Cudgel Water
|-damage|p2a: Deoxys|25/100
|
|upkeep
|turn|2
|
|t:|1758961275
|move|p2a: Deoxys|Psycho Boost|p1a: Ogerpon
|-damage|p1a: Ogerpon|41/100
|-unboost|p2a: Deoxys|spa|2
|move|p1a: Ogerpon|Ivy Cudgel|p2a: Deoxys|[anim] Ivy Cudgel Water
|-damage|p2a: Deoxys|0 fnt
|faint|p2a: Deoxys
|
|upkeep
|
|t:|1758961283
|switch|p2a: Cinderace|Cinderace, M|100/100
|turn|3
|
|t:|1758961290
|move|p2a: Cinderace|U-turn|p1a: Ogerpon
|-start|p2a: Cinderace|typechange|Bug|[from] ability: Libero
|-supereffective|p1a: Ogerpon
|-damage|p1a: Ogerpon|0 fnt
|faint|p1a: Ogerpon
|
|t:|1758961295
|switch|p2a: Ursaluna|Ursaluna, F|100/100|[from] U-turn
|
|-status|p2a: Ursaluna|brn|[from] item: Flame Orb
|upkeep
|
|t:|1758961301
|switch|p1a: Ninetales|Ninetales-Alola, F|100/100
|-weather|Snowscape|[from] ability: Snow Warning|[of] p1a: Ninetales
|turn|4
|
|t:|1758961306
|switch|p2a: Cinderace|Cinderace, M|100/100
|move|p1a: Ninetales|Aurora Veil|p1a: Ninetales
|-sidestart|p1: supersayandraft|move: Aurora Veil
|
|-weather|Snowscape|[upkeep]
|upkeep
|turn|5
|inactive|Eastside Jake has 120 seconds left.
|
|t:|1758961312
|move|p2a: Cinderace|Court Change|p2a: Cinderace
|-start|p2a: Cinderace|typechange|Normal|[from] ability: Libero
|-swapsideconditions
|-activate|p2a: Cinderace|move: Court Change
|move|p1a: Ninetales|Encore|p2a: Cinderace
|-start|p2a: Cinderace|Encore
|
|-weather|Snowscape|[upkeep]
|upkeep
|turn|6
|
|t:|1758961321
|switch|p2a: Ursaluna|Ursaluna, F|100/100 brn
|move|p1a: Ninetales|Aurora Veil|p1a: Ninetales
|-sidestart|p1: supersayandraft|move: Aurora Veil
|
|-weather|Snowscape|[upkeep]
|-damage|p2a: Ursaluna|94/100 brn|[from] brn
|upkeep
|turn|7
|
|t:|1758961328
|move|p1a: Ninetales|Freeze-Dry|p2a: Ursaluna
|-supereffective|p2a: Ursaluna
|-damage|p2a: Ursaluna|76/100 brn
|move|p2a: Ursaluna|Facade|p1a: Ninetales
|-damage|p1a: Ninetales|48/100
|
|-weather|Snowscape|[upkeep]
|-damage|p2a: Ursaluna|70/100 brn|[from] brn
|upkeep
|turn|8
|
|t:|1758961340
|move|p1a: Ninetales|Freeze-Dry|p2a: Ursaluna
|-supereffective|p2a: Ursaluna
|-damage|p2a: Ursaluna|54/100 brn
|move|p2a: Ursaluna|Earthquake|p1a: Ninetales
|-damage|p1a: Ninetales|15/100
|
|-weather|none
|-damage|p2a: Ursaluna|48/100 brn|[from] brn
|upkeep
|turn|9
|
|t:|1758961348
|move|p1a: Ninetales|Moonblast|p2a: Ursaluna
|-damage|p2a: Ursaluna|35/100 brn
|move|p2a: Ursaluna|Facade|p1a: Ninetales
|-damage|p1a: Ninetales|0 fnt
|faint|p1a: Ninetales
|
|-damage|p2a: Ursaluna|29/100 brn|[from] brn
|upkeep
|
|t:|1758961355
|switch|p1a: Great Tusk|Great Tusk|100/100
|-enditem|p1a: Great Tusk|Booster Energy
|-activate|p1a: Great Tusk|ability: Protosynthesis|[fromitem]
|-start|p1a: Great Tusk|protosynthesisatk
|turn|10
|
|t:|1758961360
|move|p1a: Great Tusk|Rapid Spin|p2a: Ursaluna
|-damage|p2a: Ursaluna|21/100 brn
|-boost|p1a: Great Tusk|spe|1
|move|p2a: Ursaluna|Facade|p1a: Great Tusk
|-damage|p1a: Great Tusk|53/100
|
|-damage|p2a: Ursaluna|15/100 brn|[from] brn
|upkeep
|turn|11
|
|t:|1758961369
|move|p1a: Great Tusk|Rapid Spin|p2a: Ursaluna
|-damage|p2a: Ursaluna|7/100 brn
|-boost|p1a: Great Tusk|spe|1
|move|p2a: Ursaluna|Facade|p1a: Great Tusk
|-damage|p1a: Great Tusk|9/100
|
|-damage|p2a: Ursaluna|1/100 brn|[from] brn
|-sideend|p2: Eastside Jake|move: Aurora Veil
|upkeep
|turn|12
|
|t:|1758961378
|move|p1a: Great Tusk|Rapid Spin|p2a: Ursaluna
|-damage|p2a: Ursaluna|0 fnt
|-boost|p1a: Great Tusk|spe|1
|faint|p2a: Ursaluna
|
|upkeep
|inactive|Eastside Jake has 120 seconds left.
|
|t:|1758961425
|switch|p2a: Cinderace|Cinderace, M|100/100
|turn|13
|
|t:|1758961449
|move|p2a: Cinderace|Sucker Punch|p1a: Great Tusk
|-start|p2a: Cinderace|typechange|Dark|[from] ability: Libero
|-resisted|p1a: Great Tusk
|-damage|p1a: Great Tusk|3/100
|move|p1a: Great Tusk|Headlong Rush|p2a: Cinderace
|-damage|p2a: Cinderace|0 fnt
|-unboost|p1a: Great Tusk|def|1
|-unboost|p1a: Great Tusk|spd|1
|faint|p2a: Cinderace
|
|-sideend|p1: supersayandraft|move: Aurora Veil
|upkeep
|
|t:|1758961461
|switch|p2a: Manaphy|Manaphy|100/100
|turn|14
|
|t:|1758961465
|move|p1a: Great Tusk|Headlong Rush|p2a: Manaphy
|-damage|p2a: Manaphy|37/100
|-unboost|p1a: Great Tusk|def|1
|-unboost|p1a: Great Tusk|spd|1
|move|p2a: Manaphy|Scald|p1a: Great Tusk
|-supereffective|p1a: Great Tusk
|-damage|p1a: Great Tusk|0 fnt
|faint|p1a: Great Tusk
|-end|p1a: Great Tusk|Protosynthesis|[silent]
|
|-heal|p2a: Manaphy|44/100|[from] item: Leftovers
|upkeep
|
|t:|1758961478
|switch|p1a: Greninja|Greninja, M|100/100
|turn|15
|inactive|Eastside Jake has 120 seconds left.
|
|t:|1758961500
|switch|p2a: Hoopa|Hoopa-Unbound|100/100
|move|p1a: Greninja|Dark Pulse|p2a: Hoopa
|-damage|p2a: Hoopa|76/100
|-damage|p1a: Greninja|91/100|[from] item: Life Orb
|
|upkeep
|turn|16
|inactive|Eastside Jake has 120 seconds left.
|
|t:|1758961507
|move|p1a: Greninja|Hydro Pump|p2a: Hoopa
|-damage|p2a: Hoopa|43/100
|-damage|p1a: Greninja|81/100|[from] item: Life Orb
|move|p2a: Hoopa|Drain Punch|p1a: Greninja
|-supereffective|p1a: Greninja
|-damage|p1a: Greninja|0 fnt
|-heal|p2a: Hoopa|74/100|[from] drain|[of] p1a: Greninja
|faint|p1a: Greninja
|
|upkeep
|
|t:|1758961517
|switch|p1a: Iron Crown|Iron Crown|100/100
|-enditem|p1a: Iron Crown|Booster Energy
|-activate|p1a: Iron Crown|ability: Quark Drive|[fromitem]
|-start|p1a: Iron Crown|quarkdrivespe
|turn|17
|inactive|Eastside Jake has 120 seconds left.
|
|t:|1758961560
|-terastallize|p1a: Iron Crown|Fighting
|move|p1a: Iron Crown|Calm Mind|p1a: Iron Crown
|-boost|p1a: Iron Crown|spa|1
|-boost|p1a: Iron Crown|spd|1
|move|p2a: Hoopa|Knock Off|p1a: Iron Crown
|-resisted|p1a: Iron Crown
|-damage|p1a: Iron Crown|85/100
|
|upkeep
|turn|18
|
|t:|1758961568
|move|p1a: Iron Crown|Focus Blast|p2a: Hoopa|[miss]
|-miss|p1a: Iron Crown|p2a: Hoopa
|move|p2a: Hoopa|Psychic Noise|p1a: Iron Crown
|-supereffective|p1a: Iron Crown
|-damage|p1a: Iron Crown|23/100
|-start|p1a: Iron Crown|move: Heal Block
|
|upkeep
|turn|19
|
|t:|1758961576
|move|p1a: Iron Crown|Focus Blast|p2a: Hoopa
|-damage|p2a: Hoopa|33/100
|move|p2a: Hoopa|Psychic Noise|p1a: Iron Crown
|-supereffective|p1a: Iron Crown
|-damage|p1a: Iron Crown|0 fnt
|faint|p1a: Iron Crown
|-end|p1a: Iron Crown|Quark Drive|[silent]
|
|upkeep
|
|t:|1758961587
|switch|p1a: Gholdengo|Gholdengo, shiny|100/100
|turn|20
|
|t:|1758961591
|move|p1a: Gholdengo|Focus Blast|p2a: Hoopa|[miss]
|-miss|p1a: Gholdengo|p2a: Hoopa
|move|p2a: Hoopa|Knock Off|p1a: Gholdengo
|-supereffective|p1a: Gholdengo
|-damage|p1a: Gholdengo|0 fnt
|-enditem|p1a: Gholdengo|Leftovers|[from] move: Knock Off|[of] p2a: Hoopa
|faint|p1a: Gholdengo
|
|win|Eastside Jake
|raw|supersayandraft's rating: 1480 &rarr; <strong>1457</strong><br />(-23 for losing)
|raw|Eastside Jake's rating: 1436 &rarr; <strong>1459</strong><br />(+23 for winning)
|l|☆supersayandraft
|player|p1|
|l|☆Eastside Jake
|player|p2|
