|j|☆Danxsh17
|j|☆TheJobApplication
|t:|1758955812
|gametype|singles
|player|p1|Danxsh17|blue|1454
|player|p2|TheJobApplication|102|1408
|gen|9
|tier|[Gen 9] OU
|rated|
|rule|HP Percentage Mod: HP is shown in percentages
|rule|Endless Battle Clause: Forcing endless battles is banned
|rule|Species Clause: Limit one of each Pokémon
|rule|OHKO Clause: OHKO moves are banned
|rule|Evasion Items Clause: Evasion items are banned
|rule|Evasion Moves Clause: Evasion moves are banned
|rule|Evasion Abilities Clause: Evasion abilities are banned
|rule|Sleep Moves Clause: Sleep-inducing moves are banned
|clearpoke
|poke|p1|Iron Moth|
|poke|p1|Great Tusk|
|poke|p1|Pecharunt|
|poke|p1|Rotom-Wash|
|poke|p1|Ceruledge, F|
|poke|p1|Samurott-Hisui, M|
|poke|p2|Chandelure, F|
|poke|p2|Great Tusk|
|poke|p2|Rillaboom, F|
|poke|p2|Corviknight, F|
|poke|p2|Dragapult, M|
|poke|p2|Kingambit, M|
|teampreview
|inactive|Battle timer is ON: inactive players will automatically lose when time's up. (requested by TheJobApplication)
|inactive|Danxsh17 also wants the timer to be on.
|
|t:|1758955818
|teamsize|p1|6
|teamsize|p2|6
|start
|switch|p1a: Samurott|Samurott-Hisui, M|100/100
|switch|p2a: Dragapult|Dragapult, M|100/100
|turn|1
|
|t:|1758955820
|move|p2a: Dragapult|U-turn|p1a: Samurott
|-supereffective|p1a: Samurott
|-damage|p1a: Samurott|58/100
|
|t:|1758955823
|switch|p2a: Corviknight|Corviknight, F|100/100|[from] U-turn
|-ability|p2a: Corviknight|Pressure
|move|p1a: Samurott|Ceaseless Edge|p2a: Corviknight
|-damage|p2a: Corviknight|73/100
|-damage|p1a: Samurott|41/100|[from] item: Rocky Helmet|[of] p2a: Corviknight
|-sidestart|p2: TheJobApplication|Spikes
|
|upkeep
|turn|2
|
|t:|1758955827
|switch|p1a: Rotom|Rotom-Wash|100/100
|move|p2a: Corviknight|Brave Bird|p1a: Rotom
|-resisted|p1a: Rotom
|-damage|p1a: Rotom|81/100
|-damage|p2a: Corviknight|68/100|[from] Recoil
|
|-heal|p1a: Rotom|87/100|[from] item: Leftovers
|upkeep
|turn|3
|
|t:|1758955832
|switch|p2a: Rillaboom|Rillaboom, F|100/100
|-damage|p2a: Rillaboom|88/100|[from] Spikes
|-fieldstart|move: Grassy Terrain|[from] ability: Grassy Surge|[of] p2a: Rillaboom
|move|p1a: Rotom|Will-O-Wisp|p2a: Rillaboom
|-status|p2a: Rillaboom|brn
|
|-heal|p2a: Rillaboom|94/100 brn|[from] Grassy Terrain
|-heal|p1a: Rotom|93/100|[from] item: Leftovers
|-damage|p2a: Rillaboom|88/100 brn|[from] brn
|upkeep
|turn|4
|
|t:|1758955835
|switch|p1a: Pecharunt|Pecharunt|100/100
|move|p2a: Rillaboom|Knock Off|p1a: Pecharunt
|-supereffective|p1a: Pecharunt
|-damage|p1a: Pecharunt|79/100
|-damage|p2a: Rillaboom|72/100 brn|[from] item: Rocky Helmet|[of] p1a: Pecharunt
|-enditem|p1a: Pecharunt|Rocky Helmet|[from] move: Knock Off|[of] p2a: Rillaboom
|
|-heal|p2a: Rillaboom|78/100 brn|[from] Grassy Terrain
|-heal|p1a: Pecharunt|85/100|[from] Grassy Terrain
|-damage|p2a: Rillaboom|72/100 brn|[from] brn
|upkeep
|turn|5
|
|t:|1758955845
|switch|p2a: Corviknight|Corviknight, F|68/100
|-ability|p2a: Corviknight|Pressure
|move|p1a: Pecharunt|Parting Shot|p2a: Corviknight
|-unboost|p2a: Corviknight|atk|1
|-unboost|p2a: Corviknight|spa|1
|
|t:|1758955850
|switch|p1a: Rotom|Rotom-Wash|93/100|[from] Parting Shot
|
|-heal|p1a: Rotom|99/100|[from] item: Leftovers
|upkeep
|turn|6
|
|t:|1758955857
|switch|p2a: Chandelure|Chandelure, F|100/100
|-damage|p2a: Chandelure|88/100|[from] Spikes
|move|p1a: Rotom|Volt Switch|p2a: Chandelure
|-damage|p2a: Chandelure|55/100
|
|t:|1758955861
|switch|p1a: Samurott|Samurott-Hisui, M|41/100|[from] Volt Switch
|
|-heal|p2a: Chandelure|61/100|[from] Grassy Terrain
|-heal|p1a: Samurott|47/100|[from] Grassy Terrain
|upkeep
|turn|7
|
|t:|1758955868
|move|p1a: Samurott|Aqua Jet|p2a: Chandelure
|-supereffective|p2a: Chandelure
|-damage|p2a: Chandelure|7/100
|move|p2a: Chandelure|Energy Ball|p1a: Samurott
|-supereffective|p1a: Samurott
|-damage|p1a: Samurott|0 fnt
|faint|p1a: Samurott
|
|-heal|p2a: Chandelure|13/100|[from] Grassy Terrain
|-fieldend|move: Grassy Terrain
|upkeep
|
|t:|1758955889
|switch|p1a: Ceruledge|Ceruledge, F|100/100
|turn|8
|
|t:|1758955896
|switch|p2a: Corviknight|Corviknight, F|68/100
|-ability|p2a: Corviknight|Pressure
|move|p1a: Ceruledge|Poltergeist|p2a: Corviknight
|-activate|p2a: Corviknight|move: Poltergeist|Rocky Helmet
|-damage|p2a: Corviknight|30/100
|
|upkeep
|turn|9
|
|t:|1758955900
|move|p1a: Ceruledge|Poltergeist|p2a: Corviknight|[miss]
|-miss|p1a: Ceruledge|p2a: Corviknight
|move|p2a: Corviknight|Defog|p1a: Ceruledge
|-unboost|p1a: Ceruledge|evasion|1
|-sideend|p2: TheJobApplication|Spikes|[from] move: Defog|[of] p2a: Corviknight
|
|upkeep
|turn|10
|
|t:|1758955906
|move|p1a: Ceruledge|Poltergeist|p2a: Corviknight
|-activate|p2a: Corviknight|move: Poltergeist|Rocky Helmet
|-damage|p2a: Corviknight|0 fnt
|faint|p2a: Corviknight
|
|upkeep
|
|t:|1758955908
|switch|p2a: Dragapult|Dragapult, M|100/100
|turn|11
|
|t:|1758955915
|switch|p1a: Pecharunt|Pecharunt|85/100
|move|p2a: Dragapult|Shadow Ball|p1a: Pecharunt
|-supereffective|p1a: Pecharunt
|-damage|p1a: Pecharunt|0 fnt
|faint|p1a: Pecharunt
|
|upkeep
|
|t:|1758955920
|switch|p1a: Rotom|Rotom-Wash|99/100
|turn|12
|
|t:|1758955926
|switch|p2a: Rillaboom|Rillaboom, F|72/100 brn
|-fieldstart|move: Grassy Terrain|[from] ability: Grassy Surge|[of] p2a: Rillaboom
|move|p1a: Rotom|Will-O-Wisp|p2a: Rillaboom
|-fail|p2a: Rillaboom|brn
|
|-heal|p2a: Rillaboom|78/100 brn|[from] Grassy Terrain
|-heal|p1a: Rotom|100/100|[from] item: Leftovers
|-damage|p2a: Rillaboom|72/100 brn|[from] brn
|upkeep
|turn|13
|
|t:|1758955935
|switch|p1a: Great Tusk|Great Tusk|100/100
|-enditem|p1a: Great Tusk|Booster Energy
|-activate|p1a: Great Tusk|ability: Protosynthesis|[fromitem]
|-start|p1a: Great Tusk|protosynthesisspe
|move|p2a: Rillaboom|U-turn|p1a: Great Tusk
|-resisted|p1a: Great Tusk
|-damage|p1a: Great Tusk|95/100
|
|t:|1758955942
|switch|p2a: Chandelure|Chandelure, F|13/100|[from] U-turn
|
|-heal|p1a: Great Tusk|100/100|[from] Grassy Terrain
|-heal|p2a: Chandelure|19/100|[from] Grassy Terrain
|upkeep
|turn|14
|
|t:|1758955946
|move|p1a: Great Tusk|Headlong Rush|p2a: Chandelure
|-supereffective|p2a: Chandelure
|-damage|p2a: Chandelure|0 fnt
|-unboost|p1a: Great Tusk|def|1
|-unboost|p1a: Great Tusk|spd|1
|faint|p2a: Chandelure
|
|upkeep
|
|t:|1758955951
|switch|p2a: Great Tusk|Great Tusk|100/100
|-enditem|p2a: Great Tusk|Booster Energy
|-activate|p2a: Great Tusk|ability: Protosynthesis|[fromitem]
|-start|p2a: Great Tusk|protosynthesisatk
|turn|15
|
|t:|1758955956
|move|p1a: Great Tusk|Bulk Up|p1a: Great Tusk
|-boost|p1a: Great Tusk|atk|1
|-boost|p1a: Great Tusk|def|1
|move|p2a: Great Tusk|Headlong Rush|p1a: Great Tusk
|-damage|p1a: Great Tusk|58/100
|-unboost|p2a: Great Tusk|def|1
|-unboost|p2a: Great Tusk|spd|1
|
|-heal|p1a: Great Tusk|64/100|[from] Grassy Terrain
|upkeep
|turn|16
|
|t:|1758955965
|-end|p2a: Great Tusk|Protosynthesis|[silent]
|switch|p2a: Rillaboom|Rillaboom, F|72/100 brn
|move|p1a: Great Tusk|Ice Spinner|p2a: Rillaboom
|-supereffective|p2a: Rillaboom
|-damage|p2a: Rillaboom|0 fnt
|-fieldend|move: Grassy Terrain
|faint|p2a: Rillaboom
|
|upkeep
|
|t:|1758955977
|switch|p2a: Great Tusk|Great Tusk|100/100
|turn|17
|
|t:|1758955982
|-terastallize|p2a: Great Tusk|Water
|move|p1a: Great Tusk|Bulk Up|p1a: Great Tusk
|-boost|p1a: Great Tusk|atk|1
|-boost|p1a: Great Tusk|def|1
|move|p2a: Great Tusk|Close Combat|p1a: Great Tusk
|-damage|p1a: Great Tusk|40/100
|-unboost|p2a: Great Tusk|def|1
|-unboost|p2a: Great Tusk|spd|1
|
|upkeep
|turn|18
|
|t:|1758955986
|move|p1a: Great Tusk|Headlong Rush|p2a: Great Tusk
|-damage|p2a: Great Tusk|3/100
|-unboost|p1a: Great Tusk|def|1
|-unboost|p1a: Great Tusk|spd|1
|move|p2a: Great Tusk|Close Combat|p1a: Great Tusk
|-damage|p1a: Great Tusk|4/100
|-unboost|p2a: Great Tusk|def|1
|-unboost|p2a: Great Tusk|spd|1
|
|upkeep
|turn|19
|
|t:|1758955989
|move|p1a: Great Tusk|Rapid Spin|p2a: Great Tusk
|-damage|p2a: Great Tusk|0 fnt
|-boost|p1a: Great Tusk|spe|1
|faint|p2a: Great Tusk
|-end|p2a: Great Tusk|Protosynthesis|[silent]
|
|upkeep
|
|t:|1758955991
|switch|p2a: Kingambit|Kingambit, M|100/100
|-activate|p2a: Kingambit|ability: Supreme Overlord
|-start|p2a: Kingambit|fallen4|[silent]
|turn|20
|
|t:|1758955993
|move|p2a: Kingambit|Sucker Punch||[still]
|-fail|p2a: Kingambit
|move|p1a: Great Tusk|Bulk Up|p1a: Great Tusk
|-boost|p1a: Great Tusk|atk|1
|-boost|p1a: Great Tusk|def|1
|
|upkeep
|turn|21
|
|t:|1758955995
|move|p2a: Kingambit|Sucker Punch||[still]
|-fail|p2a: Kingambit
|move|p1a: Great Tusk|Bulk Up|p1a: Great Tusk
|-boost|p1a: Great Tusk|atk|1
|-boost|p1a: Great Tusk|def|1
|
|upkeep
|turn|22
|
|t:|1758955997
|move|p1a: Great Tusk|Bulk Up|p1a: Great Tusk
|-boost|p1a: Great Tusk|atk|1
|-boost|p1a: Great Tusk|def|1
|move|p2a: Kingambit|Iron Head|p1a: Great Tusk
|-damage|p1a: Great Tusk|0 fnt
|faint|p1a: Great Tusk
|-end|p1a: Great Tusk|Protosynthesis|[silent]
|
|upkeep
|
|t:|1758956001
|switch|p1a: Rotom|Rotom-Wash|100/100
|turn|23
|
|t:|1758956005
|-end|p2a: Kingambit|fallen4|[silent]
|switch|p2a: Dragapult|Dragapult, M|100/100
|move|p1a: Rotom|Will-O-Wisp|p2a: Dragapult|[miss]
|-miss|p1a: Rotom|p2a: Dragapult
|
|upkeep
|turn|24
|
|t:|1758956013
|move|p2a: Dragapult|Draco Meteor|p1a: Rotom
|-damage|p1a: Rotom|32/100
|-unboost|p2a: Dragapult|spa|2
|move|p1a: Rotom|Pain Split|p2a: Dragapult
|-sethp|p2a: Dragapult|65/100|[from] move: Pain Split|[silent]
|-sethp|p1a: Rotom|68/100|[from] move: Pain Split
|
|-heal|p1a: Rotom|75/100|[from] item: Leftovers
|upkeep
|turn|25
|
|t:|1758956017
|switch|p2a: Kingambit|Kingambit, M|100/100
|-activate|p2a: Kingambit|ability: Supreme Overlord
|-start|p2a: Kingambit|fallen4|[silent]
|move|p1a: Rotom|Will-O-Wisp|p2a: Kingambit
|-status|p2a: Kingambit|brn
|
|-heal|p1a: Rotom|81/100|[from] item: Leftovers
|-damage|p2a: Kingambit|94/100 brn|[from] brn
|upkeep
|turn|26
|
|t:|1758956023
|move|p1a: Rotom|Hydro Pump|p2a: Kingambit|[miss]
|-miss|p1a: Rotom|p2a: Kingambit
|move|p2a: Kingambit|Kowtow Cleave|p1a: Rotom
|-damage|p1a: Rotom|36/100
|
|-heal|p1a: Rotom|42/100|[from] item: Leftovers
|-damage|p2a: Kingambit|88/100 brn|[from] brn
|upkeep
|turn|27
|
|t:|1758956026
|move|p1a: Rotom|Pain Split|p2a: Kingambit
|-sethp|p2a: Kingambit|60/100 brn|[from] move: Pain Split|[silent]
|-sethp|p1a: Rotom|79/100|[from] move: Pain Split
|move|p2a: Kingambit|Kowtow Cleave|p1a: Rotom
|-damage|p1a: Rotom|34/100
|
|-heal|p1a: Rotom|40/100|[from] item: Leftovers
|-damage|p2a: Kingambit|54/100 brn|[from] brn
|upkeep
|turn|28
|
|t:|1758956030
|move|p1a: Rotom|Pain Split|p2a: Kingambit
|-sethp|p2a: Kingambit|42/100 brn|[from] move: Pain Split|[silent]
|-sethp|p1a: Rotom|56/100|[from] move: Pain Split
|move|p2a: Kingambit|Kowtow Cleave|p1a: Rotom
|-crit|p1a: Rotom
|-damage|p1a: Rotom|0 fnt
|faint|p1a: Rotom
|
|-damage|p2a: Kingambit|36/100 brn|[from] brn
|upkeep
|
|t:|1758956032
|switch|p1a: Iron Moth|Iron Moth|100/100
|-enditem|p1a: Iron Moth|Booster Energy
|-activate|p1a: Iron Moth|ability: Quark Drive|[fromitem]
|-start|p1a: Iron Moth|quarkdrivespa
|turn|29
|
|t:|1758956036
|move|p2a: Kingambit|Sucker Punch|p1a: Iron Moth
|-damage|p1a: Iron Moth|43/100
|move|p1a: Iron Moth|Fiery Dance|p2a: Kingambit
|-supereffective|p2a: Kingambit
|-damage|p2a: Kingambit|0 fnt
|-boost|p1a: Iron Moth|spa|1
|faint|p2a: Kingambit
|-end|p2a: Kingambit|fallen4|[silent]
|
|upkeep
|
|t:|1758956039
|switch|p2a: Dragapult|Dragapult, M|65/100
|turn|30
|
|t:|1758956042
|move|p2a: Dragapult|Shadow Ball|p1a: Iron Moth
|-damage|p1a: Iron Moth|0 fnt
|faint|p1a: Iron Moth
|-end|p1a: Iron Moth|Quark Drive|[silent]
|
|upkeep
|
|t:|1758956045
|switch|p1a: Ceruledge|Ceruledge, F|100/100
|turn|31
|
|t:|1758956048
|move|p1a: Ceruledge|Shadow Sneak|p2a: Dragapult
|-supereffective|p2a: Dragapult
|-damage|p2a: Dragapult|0 fnt
|faint|p2a: Dragapult
|
|win|Danxsh17
|raw|Danxsh17's rating: 1454 &rarr; <strong>1471</strong><br />(+17 for winning)
|raw|TheJobApplication's rating: 1408 &rarr; <strong>1391</strong><br />(-17 for losing)
|l|☆TheJobApplication
|player|p2|
|l|☆Danxsh17
|player|p1|
