|j|☆Adadoo
|j|☆Yori_uzui
|t:|1758990578
|gametype|singles
|player|p1|Adadoo|2|1523
|player|p2|Yori_uzui|clair|1555
|gen|9
|tier|[Gen 9] OU
|rated|
|rule|HP Percentage Mod: HP is shown in percentages
|rule|Endless Battle Clause: Forcing endless battles is banned
|rule|Species Clause: Limit one of each Pokémon
|rule|OHKO Clause: OHKO moves are banned
|rule|Evasion Items Clause: Evasion items are banned
|rule|Evasion Moves Clause: Evasion moves are banned
|rule|Evasion Abilities Clause: Evasion abilities are banned
|rule|Sleep Moves Clause: Sleep-inducing moves are banned
|clearpoke
|poke|p1|Ursaluna, M|
|poke|p1|Cresselia, F|
|poke|p1|Iron Valiant|
|poke|p1|Hatterene, F|
|poke|p1|Keldeo-Resolute|
|poke|p1|Ogerpon, F|
|poke|p2|Hatterene, F|
|poke|p2|Cresselia, F|
|poke|p2|Mimikyu, F|
|poke|p2|Ursaluna, M|
|poke|p2|Sudowoodo, F|
|poke|p2|Hoopa-Unbound|
|teampreview
|inactive|Battle timer is ON: inactive players will automatically lose when time's up. (requested by Yori_uzui)
|
|t:|1758990588
|teamsize|p1|6
|teamsize|p2|6
|start
|switch|p1a: Keldeo|Keldeo-Resolute|100/100
|switch|p2a: Hatterene|Hatterene, F|100/100
|turn|1
|
|t:|1758990593
|move|p1a: Keldeo|Surf|p2a: Hatterene
|-damage|p2a: Hatterene|20/100
|move|p2a: Hatterene|Trick Room|p2a: Hatterene
|-fieldstart|move: Trick Room|[of] p2a: Hatterene
|
|upkeep
|turn|2
|
|t:|1758990601
|switch|p1a: Ursaluna|Ursaluna, M, shiny|100/100
|move|p2a: Hatterene|Misty Explosion|p1a: Ursaluna
|-crit|p1a: Ursaluna
|-damage|p1a: Ursaluna|20/100
|faint|p2a: Hatterene
|
|-status|p1a: Ursaluna|brn|[from] item: Flame Orb
|upkeep
|
|t:|1758990605
|switch|p2a: Sudowoodo|Sudowoodo, F|100/100
|turn|3
|
|t:|1758990625
|switch|p1a: Cresselia|Cresselia, F, shiny|100/100
|move|p2a: Sudowoodo|Head Smash|p1a: Cresselia
|-damage|p1a: Cresselia|52/100
|-damage|p2a: Sudowoodo|84/100|[from] item: Rocky Helmet|[of] p1a: Cresselia
|-damage|p2a: Sudowoodo|74/100|[from] item: Life Orb
|
|upkeep
|turn|4
|
|t:|1758990637
|move|p2a: Sudowoodo|Head Smash|p1a: Cresselia
|-damage|p1a: Cresselia|0 fnt
|-damage|p2a: Sudowoodo|57/100|[from] item: Rocky Helmet|[of] p1a: Cresselia
|faint|p1a: Cresselia
|-damage|p2a: Sudowoodo|47/100|[from] item: Life Orb
|
|upkeep
|
|t:|1758990640
|switch|p1a: Keldeo|Keldeo-Resolute|100/100
|turn|5
|
|t:|1758990643
|move|p1a: Keldeo|Vacuum Wave|p2a: Sudowoodo
|-supereffective|p2a: Sudowoodo
|-damage|p2a: Sudowoodo|0 fnt
|faint|p2a: Sudowoodo
|
|-fieldend|move: Trick Room
|upkeep
|
|t:|1758990647
|switch|p2a: Mimikyu|Mimikyu, F|100/100
|turn|6
|
|t:|1758990653
|switch|p1a: Hatterene|Hatterene, F, shiny|100/100
|move|p2a: Mimikyu|Trick Room|p2a: Mimikyu
|-fieldstart|move: Trick Room|[of] p2a: Mimikyu
|
|upkeep
|turn|7
|
|t:|1758990660
|switch|p2a: Ursaluna|Ursaluna, M|100/100
|move|p1a: Hatterene|Trick Room|p1a: Hatterene
|-fieldend|move: Trick Room
|
|-status|p2a: Ursaluna|brn|[from] item: Flame Orb
|upkeep
|turn|8
|
|t:|1758990668
|switch|p1a: Ursaluna|Ursaluna, M, shiny|20/100 brn
|move|p2a: Ursaluna|Facade|p1a: Ursaluna
|-damage|p1a: Ursaluna|0 fnt
|faint|p1a: Ursaluna
|
|-damage|p2a: Ursaluna|94/100 brn|[from] brn
|upkeep
|
|t:|1758990673
|switch|p1a: Ogerpon|Ogerpon, F|100/100
|turn|9
|
|t:|1758990679
|switch|p2a: Cresselia|Cresselia, F|100/100
|move|p1a: Ogerpon|Ivy Cudgel|p2a: Cresselia
|-damage|p2a: Cresselia|65/100
|
|upkeep
|turn|10
|
|t:|1758990687
|switch|p1a: Hatterene|Hatterene, F, shiny|100/100
|move|p2a: Cresselia|Trick Room|p2a: Cresselia
|-fieldstart|move: Trick Room|[of] p2a: Cresselia
|
|upkeep
|turn|11
|
|t:|1758990693
|switch|p2a: Ursaluna|Ursaluna, M|94/100 brn
|move|p1a: Hatterene|Trick Room|p1a: Hatterene
|-fieldend|move: Trick Room
|
|-damage|p2a: Ursaluna|88/100 brn|[from] brn
|upkeep
|turn|12
|
|t:|1758990706
|move|p2a: Ursaluna|Facade|p1a: Hatterene
|-crit|p1a: Hatterene
|-enditem|p1a: Hatterene|Focus Sash
|-damage|p1a: Hatterene|1/100
|move|p1a: Hatterene|Dazzling Gleam|p2a: Ursaluna
|-damage|p2a: Ursaluna|49/100 brn
|
|-damage|p2a: Ursaluna|43/100 brn|[from] brn
|upkeep
|turn|13
|
|t:|1758990712
|move|p2a: Ursaluna|Facade|p1a: Hatterene
|-damage|p1a: Hatterene|0 fnt
|faint|p1a: Hatterene
|
|-damage|p2a: Ursaluna|36/100 brn|[from] brn
|upkeep
|
|t:|1758990722
|switch|p1a: Ogerpon|Ogerpon, F|100/100
|turn|14
|
|t:|1758990728
|switch|p2a: Cresselia|Cresselia, F|65/100
|move|p1a: Ogerpon|Ivy Cudgel|p2a: Cresselia
|-damage|p2a: Cresselia|28/100
|
|upkeep
|turn|15
|
|t:|1758990737
|-terastallize|p2a: Cresselia|Poison
|move|p1a: Ogerpon|Ivy Cudgel|p2a: Cresselia
|-resisted|p2a: Cresselia
|-damage|p2a: Cresselia|8/100
|move|p2a: Cresselia|Trick Room|p2a: Cresselia
|-fieldstart|move: Trick Room|[of] p2a: Cresselia
|
|upkeep
|turn|16
|
|t:|1758990742
|switch|p1a: Keldeo|Keldeo-Resolute|100/100
|move|p2a: Cresselia|Lunar Dance|p2a: Cresselia
|faint|p2a: Cresselia
|
|upkeep
|
|t:|1758990745
|switch|p2a: Hoopa|Hoopa-Unbound|100/100
|turn|17
|
|t:|1758990753
|-terastallize|p1a: Keldeo|Water
|move|p2a: Hoopa|Psychic|p1a: Keldeo
|-damage|p1a: Keldeo|31/100
|move|p1a: Keldeo|Surf|p2a: Hoopa
|-damage|p2a: Hoopa|25/100
|
|upkeep
|turn|18
|
|t:|1758990764
|switch|p1a: Ogerpon|Ogerpon, F|100/100
|move|p2a: Hoopa|Psychic|p1a: Ogerpon
|-damage|p1a: Ogerpon|31/100
|-unboost|p1a: Ogerpon|spd|1
|-ability|p1a: Ogerpon|Defiant|boost
|-boost|p1a: Ogerpon|atk|2
|
|upkeep
|turn|19
|c|☆Yori_uzui|So wraps
|
|t:|1758990775
|move|p2a: Hoopa|Psychic|p1a: Ogerpon
|-damage|p1a: Ogerpon|0 fnt
|faint|p1a: Ogerpon
|
|-fieldend|move: Trick Room
|upkeep
|
|t:|1758990777
|switch|p1a: Keldeo|Keldeo-Resolute, tera:Water|31/100
|turn|20
|
|t:|1758990791
|switch|p2a: Ursaluna|Ursaluna, M|36/100 brn
|-heal|p2a: Ursaluna|100/100|[from] move: Lunar Dance
|move|p1a: Keldeo|Surf|p2a: Ursaluna
|-supereffective|p2a: Ursaluna
|-damage|p2a: Ursaluna|0 fnt
|faint|p2a: Ursaluna
|
|upkeep
|
|t:|1758990794
|switch|p2a: Mimikyu|Mimikyu, F|100/100
|turn|21
|
|t:|1758990799
|switch|p1a: Iron Valiant|Iron Valiant|100/100
|-enditem|p1a: Iron Valiant|Booster Energy
|-activate|p1a: Iron Valiant|ability: Quark Drive|[fromitem]
|-start|p1a: Iron Valiant|quarkdrivespe
|move|p2a: Mimikyu|Trick Room|p2a: Mimikyu
|-fieldstart|move: Trick Room|[of] p2a: Mimikyu
|
|upkeep
|turn|22
|
|t:|1758990808
|move|p2a: Mimikyu|Play Rough|p1a: Iron Valiant
|-supereffective|p1a: Iron Valiant
|-damage|p1a: Iron Valiant|28/100
|move|p1a: Iron Valiant|Destiny Bond|p1a: Iron Valiant
|-singlemove|p1a: Iron Valiant|Destiny Bond
|
|upkeep
|turn|23
|
|t:|1758990817
|move|p2a: Mimikyu|Curse|p1a: Iron Valiant
|-start|p1a: Iron Valiant|Curse|[of] p2a: Mimikyu
|-damage|p2a: Mimikyu|51/100
|move|p1a: Iron Valiant|Moonblast|p2a: Mimikyu
|-activate|p2a: Mimikyu|ability: Disguise
|-damage|p2a: Mimikyu|51/100
|detailschange|p2a: Mimikyu|Mimikyu-Busted, F
|-damage|p2a: Mimikyu|38/100|[from] pokemon: Mimikyu-Busted
|-enditem|p2a: Mimikyu|Red Card|[of] p1a: Iron Valiant
|-end|p1a: Iron Valiant|Quark Drive|[silent]
|drag|p1a: Keldeo|Keldeo-Resolute, tera:Water|31/100
|
|upkeep
|turn|24
|
|t:|1758990841
|switch|p1a: Iron Valiant|Iron Valiant|28/100
|move|p2a: Mimikyu|Play Rough|p1a: Iron Valiant
|-supereffective|p1a: Iron Valiant
|-damage|p1a: Iron Valiant|0 fnt
|faint|p1a: Iron Valiant
|-end|p1a: Iron Valiant|Quark Drive|[silent]
|
|upkeep
|
|t:|1758990846
|switch|p1a: Keldeo|Keldeo-Resolute, tera:Water|31/100
|turn|25
|
|t:|1758990854
|move|p2a: Mimikyu|Destiny Bond|p2a: Mimikyu
|-singlemove|p2a: Mimikyu|Destiny Bond
|move|p1a: Keldeo|Surf|p2a: Mimikyu
|-damage|p2a: Mimikyu|0 fnt
|faint|p2a: Mimikyu
|-activate|p2a: Mimikyu|move: Destiny Bond
|faint|p1a: Keldeo
|
|win|Yori_uzui
|raw|Adadoo's rating: 1523 &rarr; <strong>1504</strong><br />(-19 for losing)
|raw|Yori_uzui's rating: 1539 &rarr; <strong>1558</strong><br />(+19 for winning)
|l|☆Adadoo
|player|p1|
|c|☆Yori_uzui|gg's
