|j|☆plodu
|j|☆nglimfaded
|t:|1758970883
|gametype|singles
|player|p1|plodu|265|1415
|player|p2|nglimfaded|miku-grass|1473
|gen|9
|tier|[Gen 9] OU
|rated|
|rule|HP Percentage Mod: HP is shown in percentages
|rule|Endless Battle Clause: Forcing endless battles is banned
|rule|Species Clause: Limit one of each Pokémon
|rule|OHKO Clause: OHKO moves are banned
|rule|Evasion Items Clause: Evasion items are banned
|rule|Evasion Moves Clause: Evasion moves are banned
|rule|Evasion Abilities Clause: Evasion abilities are banned
|rule|Sleep Moves Clause: Sleep-inducing moves are banned
|clearpoke
|poke|p1|Ninetales-Alola, F|
|poke|p1|Ogerpon-Cornerstone, F|
|poke|p1|Latias, F|
|poke|p1|Gholdengo|
|poke|p1|Landorus-Therian, M|
|poke|p1|Zamazenta-*|
|poke|p2|Skeledirge, F|
|poke|p2|Ogerpon, F|
|poke|p2|Corviknight, M|
|poke|p2|Weezing-Galar, M|
|poke|p2|Keldeo-Resolute|
|poke|p2|Ting-Lu|
|teampreview
|inactive|Battle timer is ON: inactive players will automatically lose when time's up. (requested by plodu)
|
|t:|1758970916
|teamsize|p1|6
|teamsize|p2|6
|start
|switch|p1a: Ogerpon|Ogerpon-Cornerstone, F|100/100
|switch|p2a: Ogerpon|Ogerpon, F|100/100
|turn|1
|
|t:|1758970941
|move|p1a: Ogerpon|Ivy Cudgel|p2a: Ogerpon|[anim] Ivy Cudgel Rock
|-damage|p2a: Ogerpon|18/100
|move|p2a: Ogerpon|Ivy Cudgel|p1a: Ogerpon
|-ability|p1a: Ogerpon|Sturdy
|-damage|p1a: Ogerpon|1/100
|
|upkeep
|turn|2
|
|t:|1758970949
|switch|p1a: Landorus|Landorus-Therian, M|100/100
|-ability|p1a: Landorus|Intimidate|boost
|-unboost|p2a: Ogerpon|atk|1
|-ability|p2a: Ogerpon|Defiant|boost
|-boost|p2a: Ogerpon|atk|2
|move|p2a: Ogerpon|Ivy Cudgel|p1a: Landorus
|-damage|p1a: Landorus|19/100
|
|upkeep
|turn|3
|
|t:|1758970953
|move|p2a: Ogerpon|Ivy Cudgel|p1a: Landorus
|-crit|p1a: Landorus
|-damage|p1a: Landorus|0 fnt
|faint|p1a: Landorus
|
|upkeep
|
|t:|1758970955
|switch|p1a: Ninetales|Ninetales-Alola, F|100/100
|-weather|Snowscape|[from] ability: Snow Warning|[of] p1a: Ninetales
|turn|4
|
|t:|1758970958
|move|p2a: Ogerpon|Ivy Cudgel|p1a: Ninetales
|-damage|p1a: Ninetales|20/100
|move|p1a: Ninetales|Aurora Veil|p1a: Ninetales
|-sidestart|p1: plodu|move: Aurora Veil
|
|-weather|Snowscape|[upkeep]
|upkeep
|turn|5
|
|t:|1758970961
|move|p2a: Ogerpon|Ivy Cudgel|p1a: Ninetales
|-damage|p1a: Ninetales|0 fnt
|faint|p1a: Ninetales
|
|-weather|Snowscape|[upkeep]
|upkeep
|
|t:|1758970982
|switch|p1a: Zamazenta|Zamazenta|100/100
|-ability|p1a: Zamazenta|Dauntless Shield|boost
|-boost|p1a: Zamazenta|def|1
|turn|6
|
|t:|1758970989
|switch|p2a: Weezing|Weezing-Galar, M|100/100
|-ability|p2a: Weezing|Neutralizing Gas
|move|p1a: Zamazenta|Crunch|p2a: Weezing
|-resisted|p2a: Weezing
|-damage|p2a: Weezing|93/100
|
|-weather|Snowscape|[upkeep]
|upkeep
|turn|7
|
|t:|1758970998
|switch|p1a: Gholdengo|Gholdengo|100/100
|-item|p1a: Gholdengo|Air Balloon
|move|p2a: Weezing|Will-O-Wisp|p1a: Gholdengo
|-status|p1a: Gholdengo|brn
|
|-weather|Snowscape|[upkeep]
|-damage|p1a: Gholdengo|94/100 brn|[from] brn
|upkeep
|turn|8
|
|t:|1758971002
|-end|p2a: Weezing|ability: Neutralizing Gas
|switch|p2a: Ting-Lu|Ting-Lu|100/100
|-ability|p2a: Ting-Lu|Vessel of Ruin
|move|p1a: Gholdengo|Nasty Plot|p1a: Gholdengo
|-boost|p1a: Gholdengo|spa|2
|
|-weather|none
|-damage|p1a: Gholdengo|88/100 brn|[from] brn
|upkeep
|turn|9
|
|t:|1758971008
|-terastallize|p1a: Gholdengo|Fairy
|move|p1a: Gholdengo|Dazzling Gleam|p2a: Ting-Lu
|-supereffective|p2a: Ting-Lu
|-damage|p2a: Ting-Lu|31/100
|move|p2a: Ting-Lu|Whirlwind|p1a: Gholdengo
|-immune|p1a: Gholdengo|[from] ability: Good as Gold
|
|-heal|p2a: Ting-Lu|38/100|[from] item: Leftovers
|-damage|p1a: Gholdengo|82/100 brn|[from] brn
|upkeep
|turn|10
|
|t:|1758971016
|switch|p2a: Skeledirge|Skeledirge, F|100/100
|move|p1a: Gholdengo|Dazzling Gleam|p2a: Skeledirge
|-resisted|p2a: Skeledirge
|-damage|p2a: Skeledirge|85/100
|
|-damage|p1a: Gholdengo|76/100 brn|[from] brn
|upkeep
|turn|11
|
|t:|1758971028
|-terastallize|p2a: Skeledirge|Water
|move|p1a: Gholdengo|Shadow Ball|p2a: Skeledirge
|-damage|p2a: Skeledirge|48/100
|move|p2a: Skeledirge|Slack Off|p2a: Skeledirge
|-heal|p2a: Skeledirge|98/100
|
|-damage|p1a: Gholdengo|70/100 brn|[from] brn
|-sideend|p1: plodu|move: Aurora Veil
|upkeep
|turn|12
|
|t:|1758971033
|move|p1a: Gholdengo|Recover|p1a: Gholdengo
|-heal|p1a: Gholdengo|100/100 brn
|move|p2a: Skeledirge|Torch Song|p1a: Gholdengo
|-damage|p1a: Gholdengo|71/100 brn
|-boost|p2a: Skeledirge|spa|1
|-enditem|p1a: Gholdengo|Air Balloon
|
|-damage|p1a: Gholdengo|65/100 brn|[from] brn
|upkeep
|turn|13
|
|t:|1758971038
|switch|p1a: Latias|Latias, F|100/100
|move|p2a: Skeledirge|Torch Song|p1a: Latias
|-resisted|p1a: Latias
|-damage|p1a: Latias|81/100
|-boost|p2a: Skeledirge|spa|1
|
|upkeep
|turn|14
|
|t:|1758971045
|move|p1a: Latias|Calm Mind|p1a: Latias
|-boost|p1a: Latias|spa|1
|-boost|p1a: Latias|spd|1
|move|p2a: Skeledirge|Shadow Ball|p1a: Latias
|-supereffective|p1a: Latias
|-damage|p1a: Latias|0 fnt
|faint|p1a: Latias
|
|upkeep
|
|t:|1758971047
|switch|p1a: Ogerpon|Ogerpon-Cornerstone, F|1/100
|turn|15
|
|t:|1758971052
|switch|p2a: Ogerpon|Ogerpon, F|18/100
|move|p1a: Ogerpon|Ivy Cudgel|p2a: Ogerpon|[anim] Ivy Cudgel Rock
|-crit|p2a: Ogerpon
|-damage|p2a: Ogerpon|0 fnt
|faint|p2a: Ogerpon
|
|upkeep
|
|t:|1758971053
|switch|p2a: Keldeo|Keldeo-Resolute|100/100
|turn|16
|
|t:|1758971055
|move|p2a: Keldeo|Vacuum Wave|p1a: Ogerpon
|-supereffective|p1a: Ogerpon
|-damage|p1a: Ogerpon|0 fnt
|faint|p1a: Ogerpon
|
|upkeep
|
|t:|1758971059
|switch|p1a: Gholdengo|Gholdengo, tera:Fairy|65/100 brn
|turn|17
|
|t:|1758971062
|switch|p2a: Skeledirge|Skeledirge, F, tera:Water|98/100
|move|p1a: Gholdengo|Dazzling Gleam|p2a: Skeledirge
|-damage|p2a: Skeledirge|64/100
|
|-damage|p1a: Gholdengo|59/100 brn|[from] brn
|upkeep
|turn|18
|
|t:|1758971064
|move|p1a: Gholdengo|Shadow Ball|p2a: Skeledirge
|-damage|p2a: Skeledirge|29/100
|move|p2a: Skeledirge|Torch Song|p1a: Gholdengo
|-damage|p1a: Gholdengo|27/100 brn
|-boost|p2a: Skeledirge|spa|1
|
|-damage|p1a: Gholdengo|21/100 brn|[from] brn
|upkeep
|turn|19
|
|t:|1758971068
|move|p1a: Gholdengo|Shadow Ball|p2a: Skeledirge
|-crit|p2a: Skeledirge
|-damage|p2a: Skeledirge|0 fnt
|faint|p2a: Skeledirge
|
|-damage|p1a: Gholdengo|15/100 brn|[from] brn
|upkeep
|
|t:|1758971072
|switch|p2a: Keldeo|Keldeo-Resolute|100/100
|turn|20
|
|t:|1758971074
|move|p2a: Keldeo|Surf|p1a: Gholdengo
|-damage|p1a: Gholdengo|0 fnt
|faint|p1a: Gholdengo
|
|upkeep
|
|t:|1758971076
|switch|p1a: Zamazenta|Zamazenta|100/100
|turn|21
|
|t:|1758971079
|move|p1a: Zamazenta|Iron Defense|p1a: Zamazenta
|-boost|p1a: Zamazenta|def|2
|move|p2a: Keldeo|Surf|p1a: Zamazenta
|-damage|p1a: Zamazenta|33/100
|
|upkeep
|turn|22
|
|t:|1758971081
|move|p1a: Zamazenta|Body Press|p2a: Keldeo
|-damage|p2a: Keldeo|23/100
|move|p2a: Keldeo|Surf|p1a: Zamazenta
|-damage|p1a: Zamazenta|0 fnt
|faint|p1a: Zamazenta
|
|win|nglimfaded
|raw|plodu's rating: 1415 &rarr; <strong>1398</strong><br />(-17 for losing)
|raw|nglimfaded's rating: 1473 &rarr; <strong>1490</strong><br />(+17 for winning)
|l|☆plodu
|player|p1|
