|j|‽DeadlockedTheory
|j|☆Waterutalkingabout
|t:|1759034671
|gametype|singles
|player|p1|DeadlockedTheory|1|1286
|player|p2|Waterutalkingabout|169|1377
|gen|9
|tier|[Gen 9] OU
|rated|
|rule|HP Percentage Mod: HP is shown in percentages
|rule|Endless Battle Clause: Forcing endless battles is banned
|rule|Species Clause: Limit one of each Pokémon
|rule|OHKO Clause: OHKO moves are banned
|rule|Evasion Items Clause: Evasion items are banned
|rule|Evasion Moves Clause: Evasion moves are banned
|rule|Evasion Abilities Clause: Evasion abilities are banned
|rule|Sleep Moves Clause: Sleep-inducing moves are banned
|clearpoke
|poke|p1|Lokix, M|
|poke|p1|Cinderace, F|
|poke|p1|Great Tusk|
|poke|p1|Alomomola, F|
|poke|p1|Enamorus, F|
|poke|p1|Slowking-Galar, M|
|poke|p2|Deoxys-Speed|
|poke|p2|Emboar, M|
|poke|p2|Slowbro, M|
|poke|p2|Great Tusk|
|poke|p2|Kingambit, F|
|poke|p2|Corviknight, M|
|teampreview
|
|t:|1759034681
|teamsize|p1|6
|teamsize|p2|6
|start
|switch|p1a: Lokix|Lokix, M|100/100
|switch|p2a: Great Tusk|Great Tusk|100/100
|turn|1
|
|t:|1759034688
|move|p1a: Lokix|Knock Off|p2a: Great Tusk
|-resisted|p2a: Great Tusk
|-damage|p2a: Great Tusk|55/100
|-enditem|p2a: Great Tusk|Assault Vest|[from] move: Knock Off|[of] p1a: Lokix
|move|p2a: Great Tusk|Knock Off|p1a: Lokix
|-resisted|p1a: Lokix
|-damage|p1a: Lokix|82/100
|-enditem|p1a: Lokix|Choice Band|[from] move: Knock Off|[of] p2a: Great Tusk
|
|upkeep
|turn|2
|
|t:|1759034698
|move|p1a: Lokix|U-turn|p2a: Great Tusk
|-resisted|p2a: Great Tusk
|-damage|p2a: Great Tusk|36/100
|
|t:|1759034702
|switch|p1a: Alomomola|Alomomola, F|100/100|[from] U-turn
|move|p2a: Great Tusk|Knock Off|p1a: Alomomola
|-damage|p1a: Alomomola|79/100
|-enditem|p1a: Alomomola|Assault Vest|[from] move: Knock Off|[of] p2a: Great Tusk
|
|upkeep
|turn|3
|
|t:|1759034715
|-end|p2a: Great Tusk|Protosynthesis|[silent]
|switch|p2a: Slowbro|Slowbro, M|100/100
|move|p1a: Alomomola|Flip Turn|p2a: Slowbro
|-resisted|p2a: Slowbro
|-damage|p2a: Slowbro|96/100
|-damage|p1a: Alomomola|62/100|[from] item: Rocky Helmet|[of] p2a: Slowbro
|
|t:|1759034722
|switch|p1a: Lokix|Lokix, M|82/100|[from] Flip Turn
|
|upkeep
|turn|4
|
|t:|1759034727
|move|p1a: Lokix|Knock Off|p2a: Slowbro
|-supereffective|p2a: Slowbro
|-crit|p2a: Slowbro
|-damage|p2a: Slowbro|13/100
|-damage|p1a: Lokix|65/100|[from] item: Rocky Helmet|[of] p2a: Slowbro
|-enditem|p2a: Slowbro|Rocky Helmet|[from] move: Knock Off|[of] p1a: Lokix
|move|p2a: Slowbro|Scald|p1a: Lokix
|-damage|p1a: Lokix|16/100
|-status|p1a: Lokix|brn
|
|-damage|p1a: Lokix|10/100 brn|[from] brn
|upkeep
|turn|5
|
|t:|1759034744
|switch|p2a: Great Tusk|Great Tusk|36/100
|move|p1a: Lokix|U-turn|p2a: Great Tusk
|-resisted|p2a: Great Tusk
|-damage|p2a: Great Tusk|25/100
|
|t:|1759034761
|switch|p1a: Great Tusk|Great Tusk|100/100|[from] U-turn
|
|upkeep
|turn|6
|
|t:|1759034766
|move|p1a: Great Tusk|Bulk Up|p1a: Great Tusk
|-boost|p1a: Great Tusk|atk|1
|-boost|p1a: Great Tusk|def|1
|move|p2a: Great Tusk|Rapid Spin|p1a: Great Tusk
|-damage|p1a: Great Tusk|95/100
|-boost|p2a: Great Tusk|spe|1
|
|-heal|p1a: Great Tusk|100/100|[from] item: Leftovers
|upkeep
|turn|7
|
|t:|1759034776
|move|p2a: Great Tusk|Knock Off|p1a: Great Tusk
|-resisted|p1a: Great Tusk
|-damage|p1a: Great Tusk|96/100
|-enditem|p1a: Great Tusk|Leftovers|[from] move: Knock Off|[of] p2a: Great Tusk
|move|p1a: Great Tusk|Bulk Up|p1a: Great Tusk
|-boost|p1a: Great Tusk|atk|1
|-boost|p1a: Great Tusk|def|1
|
|upkeep
|turn|8
|
|t:|1759034789
|-end|p2a: Great Tusk|Protosynthesis|[silent]
|switch|p2a: Slowbro|Slowbro, M|47/100
|move|p1a: Great Tusk|Rapid Spin|p2a: Slowbro
|-damage|p2a: Slowbro|29/100
|-boost|p1a: Great Tusk|spe|1
|
|upkeep
|turn|9
|
|t:|1759034798
|switch|p2a: Great Tusk|Great Tusk|25/100
|move|p1a: Great Tusk|Knock Off|p2a: Great Tusk
|-resisted|p2a: Great Tusk
|-damage|p2a: Great Tusk|12/100
|
|upkeep
|turn|10
|
|t:|1759034806
|-end|p2a: Great Tusk|Protosynthesis|[silent]
|switch|p2a: Slowbro|Slowbro, M|62/100
|move|p1a: Great Tusk|Rapid Spin|p2a: Slowbro
|-damage|p2a: Slowbro|44/100
|-boost|p1a: Great Tusk|spe|1
|
|upkeep
|turn|11
|
|t:|1759034813
|switch|p2a: Great Tusk|Great Tusk|12/100
|move|p1a: Great Tusk|Bulk Up|p1a: Great Tusk
|-boost|p1a: Great Tusk|atk|1
|-boost|p1a: Great Tusk|def|1
|
|upkeep
|turn|12
|
|t:|1759034823
|move|p1a: Great Tusk|Bulk Up|p1a: Great Tusk
|-boost|p1a: Great Tusk|atk|1
|-boost|p1a: Great Tusk|def|1
|move|p2a: Great Tusk|Headlong Rush|p1a: Great Tusk
|-damage|p1a: Great Tusk|87/100
|-unboost|p2a: Great Tusk|def|1
|-unboost|p2a: Great Tusk|spd|1
|
|upkeep
|turn|13
|
|t:|1759034832
|move|p1a: Great Tusk|Bulk Up|p1a: Great Tusk
|-boost|p1a: Great Tusk|atk|1
|-boost|p1a: Great Tusk|def|1
|move|p2a: Great Tusk|Headlong Rush|p1a: Great Tusk
|-damage|p1a: Great Tusk|80/100
|-unboost|p2a: Great Tusk|def|1
|-unboost|p2a: Great Tusk|spd|1
|
|upkeep
|turn|14
|
|t:|1759034842
|move|p1a: Great Tusk|Rapid Spin|p2a: Great Tusk
|-damage|p2a: Great Tusk|0 fnt
|-boost|p1a: Great Tusk|spe|1
|faint|p2a: Great Tusk
|-end|p2a: Great Tusk|Protosynthesis|[silent]
|
|upkeep
|
|t:|1759034847
|switch|p2a: Slowbro|Slowbro, M|78/100
|turn|15
|
|t:|1759034852
|-terastallize|p2a: Slowbro|Water
|move|p1a: Great Tusk|Knock Off|p2a: Slowbro
|-damage|p2a: Slowbro|40/100
|move|p2a: Slowbro|Scald|p1a: Great Tusk
|-supereffective|p1a: Great Tusk
|-damage|p1a: Great Tusk|0 fnt
|faint|p1a: Great Tusk
|-end|p1a: Great Tusk|Protosynthesis|[silent]
|
|upkeep
|
|t:|1759034863
|switch|p1a: Lokix|Lokix, M|10/100 brn
|turn|16
|
|t:|1759034868
|move|p1a: Lokix|U-turn|p2a: Slowbro
|-damage|p2a: Slowbro|30/100
|
|t:|1759034870
|switch|p1a: Alomomola|Alomomola, F|96/100|[from] U-turn
|move|p2a: Slowbro|Slack Off|p2a: Slowbro
|-heal|p2a: Slowbro|80/100
|
|upkeep
|turn|17
|
|t:|1759034877
|move|p1a: Alomomola|Flip Turn|p2a: Slowbro
|-resisted|p2a: Slowbro
|-damage|p2a: Slowbro|75/100
|
|t:|1759034881
|switch|p1a: Slowking|Slowking-Galar, M|100/100|[from] Flip Turn
|move|p2a: Slowbro|Thunder Wave|p1a: Slowking
|-status|p1a: Slowking|par
|
|upkeep
|turn|18
|
|t:|1759034890
|switch|p2a: Kingambit|Kingambit, F|100/100
|-activate|p2a: Kingambit|ability: Supreme Overlord
|-start|p2a: Kingambit|fallen1|[silent]
|move|p1a: Slowking|Future Sight|p2a: Kingambit
|-start|p1a: Slowking|move: Future Sight
|
|upkeep
|turn|19
|
|t:|1759034900
|switch|p1a: Cinderace|Cinderace, F|100/100
|move|p2a: Kingambit|Kowtow Cleave|p1a: Cinderace
|-damage|p1a: Cinderace|35/100
|
|upkeep
|turn|20
|
|t:|1759034907
|-end|p2a: Kingambit|fallen1|[silent]
|switch|p2a: Slowbro|Slowbro, M, tera:Water|100/100
|move|p1a: Cinderace|Will-O-Wisp|p2a: Slowbro|[miss]
|-miss|p1a: Cinderace|p2a: Slowbro
|
|-end|p2a: Slowbro|move: Future Sight
|-damage|p2a: Slowbro|50/100
|upkeep
|turn|21
|
|t:|1759034916
|move|p1a: Cinderace|U-turn|p2a: Slowbro
|-damage|p2a: Slowbro|39/100
|
|t:|1759034922
|switch|p1a: Enamorus|Enamorus, F|100/100|[from] U-turn
|move|p2a: Slowbro|Slack Off|p2a: Slowbro
|-heal|p2a: Slowbro|89/100
|
|upkeep
|turn|22
|
|t:|1759034939
|move|p1a: Enamorus|Moonblast|p2a: Slowbro
|-damage|p2a: Slowbro|31/100
|move|p2a: Slowbro|Thunder Wave|p1a: Enamorus
|-status|p1a: Enamorus|par
|
|upkeep
|turn|23
|
|t:|1759034946
|switch|p2a: Deoxys|Deoxys-Speed|100/100
|-ability|p2a: Deoxys|Pressure
|move|p1a: Enamorus|Moonblast|p2a: Deoxys
|-damage|p2a: Deoxys|30/100
|
|upkeep
|turn|24
|
|t:|1759034954
|switch|p1a: Lokix|Lokix, M|10/100 brn
|move|p2a: Deoxys|Light Screen|p2a: Deoxys
|-sidestart|p2: Waterutalkingabout|move: Light Screen
|
|-damage|p1a: Lokix|4/100 brn|[from] brn
|upkeep
|turn|25
|
|t:|1759034961
|move|p1a: Lokix|First Impression|p2a: Deoxys
|-supereffective|p2a: Deoxys
|-damage|p2a: Deoxys|0 fnt
|faint|p2a: Deoxys
|
|-damage|p1a: Lokix|0 fnt|[from] brn
|faint|p1a: Lokix
|upkeep
|
|t:|1759034979
|switch|p2a: Emboar|Emboar, M|100/100
|switch|p1a: Cinderace|Cinderace, F|35/100
|turn|26
|
|t:|1759034988
|move|p1a: Cinderace|Court Change|p1a: Cinderace
|-swapsideconditions
|-activate|p1a: Cinderace|move: Court Change
|move|p2a: Emboar|Wild Charge|p1a: Cinderace
|-damage|p1a: Cinderace|0 fnt
|faint|p1a: Cinderace
|-damage|p2a: Emboar|92/100|[from] Recoil
|-damage|p2a: Emboar|82/100|[from] item: Life Orb
|
|upkeep
|
|t:|1759034998
|switch|p1a: Enamorus|Enamorus, F|100/100 par
|turn|27
|
|t:|1759035003
|move|p1a: Enamorus|Earth Power|p2a: Emboar
|-supereffective|p2a: Emboar
|-damage|p2a: Emboar|0 fnt
|faint|p2a: Emboar
|
|upkeep
|
|t:|1759035017
|switch|p2a: Corviknight|Corviknight, M|100/100
|-ability|p2a: Corviknight|Pressure
|turn|28
|
|t:|1759035027
|switch|p1a: Slowking|Slowking-Galar, M|100/100 par
|move|p2a: Corviknight|Agility|p2a: Corviknight
|-boost|p2a: Corviknight|spe|2
|
|upkeep
|turn|29
|
|t:|1759035034
|move|p2a: Corviknight|Bulk Up|p2a: Corviknight
|-boost|p2a: Corviknight|atk|1
|-boost|p2a: Corviknight|def|1
|cant|p1a: Slowking|par
|
|upkeep
|turn|30
|
|t:|1759035043
|move|p2a: Corviknight|Bulk Up|p2a: Corviknight
|-boost|p2a: Corviknight|atk|1
|-boost|p2a: Corviknight|def|1
|move|p1a: Slowking|Ice Beam|p2a: Corviknight
|-damage|p2a: Corviknight|73/100
|
|upkeep
|turn|31
|
|t:|1759035051
|move|p2a: Corviknight|Agility|p2a: Corviknight
|-boost|p2a: Corviknight|spe|2
|move|p1a: Slowking|Ice Beam|p2a: Corviknight
|-damage|p2a: Corviknight|47/100
|
|-sideend|p1: DeadlockedTheory|move: Light Screen
|upkeep
|turn|32
|
|t:|1759035059
|move|p2a: Corviknight|Power Trip|p1a: Slowking
|-supereffective|p1a: Slowking
|-damage|p1a: Slowking|0 fnt
|faint|p1a: Slowking
|
|upkeep
|
|t:|1759035065
|switch|p1a: Enamorus|Enamorus, F|100/100 par
|turn|33
|
|t:|1759035072
|-terastallize|p1a: Enamorus|Stellar
|move|p2a: Corviknight|Drill Peck|p1a: Enamorus
|-damage|p1a: Enamorus|0 fnt
|faint|p1a: Enamorus
|
|upkeep
|-message|DeadlockedTheory forfeited.
|
|win|Waterutalkingabout
|raw|DeadlockedTheory's rating: 1286 &rarr; <strong>1267</strong><br />(-19 for losing)
|raw|Waterutalkingabout's rating: 1377 &rarr; <strong>1392</strong><br />(+15 for winning)
|l|‽DeadlockedTheory
|player|p1|
|l|☆Waterutalkingabout
|player|p2|
