|j|☆JD Doggin'
|j|☆12345q
|t:|1759076623
|gametype|singles
|player|p1|JD Doggin'|101|1244
|player|p2|12345q|archer|1238
|gen|9
|tier|[Gen 9] OU
|rated|
|rule|HP Percentage Mod: HP is shown in percentages
|rule|Endless Battle Clause: Forcing endless battles is banned
|rule|Species Clause: Limit one of each Pokémon
|rule|OHKO Clause: OHKO moves are banned
|rule|Evasion Items Clause: Evasion items are banned
|rule|Evasion Moves Clause: Evasion moves are banned
|rule|Evasion Abilities Clause: Evasion abilities are banned
|rule|Sleep Moves Clause: Sleep-inducing moves are banned
|clearpoke
|poke|p1|Entei|
|poke|p1|Hawlucha, M|
|poke|p1|Reuniclus, M|
|poke|p1|Ting-Lu|
|poke|p1|Darkrai|
|poke|p1|Volcanion|
|poke|p2|Excadrill, M|
|poke|p2|Scizor, F|
|poke|p2|Crawdaunt, F|
|poke|p2|Muk-Alola, M|
|poke|p2|Magnezone|
|poke|p2|Weavile, M|
|teampreview
|inactive|Battle timer is ON: inactive players will automatically lose when time's up. (requested by 12345q)
|
|t:|1759076636
|teamsize|p1|6
|teamsize|p2|6
|start
|switch|p1a: Volcanion|Volcanion|100/100
|switch|p2a: Weavile|Weavile, M|100/100
|-ability|p2a: Weavile|Pressure
|turn|1
|
|t:|1759076643
|move|p2a: Weavile|Knock Off|p1a: Volcanion
|-damage|p1a: Volcanion|61/100
|-enditem|p1a: Volcanion|Shuca Berry|[from] move: Knock Off|[of] p2a: Weavile
|move|p1a: Volcanion|Steam Eruption|p2a: Weavile
|-damage|p2a: Weavile|20/100
|
|upkeep
|turn|2
|
|t:|1759076652
|move|p2a: Weavile|Knock Off|p1a: Volcanion
|-damage|p1a: Volcanion|27/100
|move|p1a: Volcanion|Earth Power|p2a: Weavile
|-damage|p2a: Weavile|0 fnt
|faint|p2a: Weavile
|
|upkeep
|
|t:|1759076660
|switch|p2a: Excadrill|Excadrill, M|100/100
|-ability|p2a: Excadrill|Mold Breaker
|turn|3
|
|t:|1759076667
|switch|p1a: Hawlucha|Hawlucha, M, shiny|100/100
|-ability|p1a: Hawlucha|Mold Breaker
|move|p2a: Excadrill|Earthquake|p1a: Hawlucha
|-immune|p1a: Hawlucha
|
|upkeep
|turn|4
|
|t:|1759076674
|move|p2a: Excadrill|Rapid Spin|p1a: Hawlucha
|-damage|p1a: Hawlucha|81/100
|-boost|p2a: Excadrill|spe|1
|-damage|p2a: Excadrill|84/100|[from] item: Rocky Helmet|[of] p1a: Hawlucha
|move|p1a: Hawlucha|Drain Punch|p2a: Excadrill
|-supereffective|p2a: Excadrill
|-damage|p2a: Excadrill|4/100
|-heal|p1a: Hawlucha|100/100|[from] drain|[of] p2a: Excadrill
|-enditem|p2a: Excadrill|Weakness Policy
|-boost|p2a: Excadrill|atk|2|[from] item: Weakness Policy
|-boost|p2a: Excadrill|spa|2|[from] item: Weakness Policy
|
|upkeep
|turn|5
|
|t:|1759076688
|move|p2a: Excadrill|Iron Head|p1a: Hawlucha
|-damage|p1a: Hawlucha|14/100
|-damage|p2a: Excadrill|0 fnt|[from] item: Rocky Helmet|[of] p1a: Hawlucha
|faint|p2a: Excadrill
|move|p1a: Hawlucha|Roost|p1a: Hawlucha
|-heal|p1a: Hawlucha|65/100
|-singleturn|p1a: Hawlucha|move: Roost
|
|upkeep
|
|t:|1759076700
|switch|p2a: Magnezone|Magnezone|100/100
|turn|6
|
|t:|1759076707
|switch|p1a: Ting-Lu|Ting-Lu, shiny|100/100
|-ability|p1a: Ting-Lu|Vessel of Ruin
|move|p2a: Magnezone|Thunderbolt|p1a: Ting-Lu
|-immune|p1a: Ting-Lu
|
|upkeep
|turn|7
|
|t:|1759076721
|switch|p2a: Scizor|Scizor, F|100/100
|move|p1a: Ting-Lu|Stealth Rock|p2a: Scizor
|-sidestart|p2: 12345q|move: Stealth Rock
|
|upkeep
|turn|8
|
|t:|1759076729
|move|p2a: Scizor|Swords Dance|p2a: Scizor
|-boost|p2a: Scizor|atk|2
|move|p1a: Ting-Lu|Whirlwind|p2a: Scizor
|drag|p2a: Magnezone|Magnezone|100/100
|-damage|p2a: Magnezone|94/100|[from] Stealth Rock
|
|upkeep
|turn|9
|
|t:|1759076739
|-terastallize|p2a: Magnezone|Flying
|move|p2a: Magnezone|Steel Beam|p1a: Ting-Lu
|-damage|p1a: Ting-Lu|68/100
|-damage|p2a: Magnezone|44/100|[from] steelbeam
|move|p1a: Ting-Lu|Earthquake|p2a: Magnezone
|-immune|p2a: Magnezone
|
|-heal|p1a: Ting-Lu|75/100|[from] item: Leftovers
|upkeep
|turn|10
|
|t:|1759076750
|move|p2a: Magnezone|Steel Beam|p1a: Ting-Lu
|-damage|p1a: Ting-Lu|40/100
|-damage|p2a: Magnezone|0 fnt|[from] steelbeam
|faint|p2a: Magnezone
|move|p1a: Ting-Lu|Whirlwind|p2: Magnezone|[notarget]
|-fail|p1a: Ting-Lu
|
|-heal|p1a: Ting-Lu|46/100|[from] item: Leftovers
|upkeep
|
|t:|1759076758
|switch|p2a: Crawdaunt|Crawdaunt, F|100/100
|-damage|p2a: Crawdaunt|88/100|[from] Stealth Rock
|turn|11
|
|t:|1759076769
|move|p2a: Crawdaunt|Knock Off|p1a: Ting-Lu
|-resisted|p1a: Ting-Lu
|-damage|p1a: Ting-Lu|27/100
|-enditem|p1a: Ting-Lu|Leftovers|[from] move: Knock Off|[of] p2a: Crawdaunt
|move|p1a: Ting-Lu|Whirlwind|p2a: Crawdaunt
|drag|p2a: Scizor|Scizor, F|100/100
|-damage|p2a: Scizor|88/100|[from] Stealth Rock
|
|upkeep
|turn|12
|
|t:|1759076779
|move|p2a: Scizor|U-turn|p1a: Ting-Lu
|-supereffective|p1a: Ting-Lu
|-damage|p1a: Ting-Lu|0 fnt
|faint|p1a: Ting-Lu
|
|t:|1759076786
|switch|p2a: Muk|Muk-Alola, M|100/100|[from] U-turn
|-damage|p2a: Muk|88/100|[from] Stealth Rock
|
|upkeep
|
|t:|1759076800
|switch|p1a: Volcanion|Volcanion|27/100
|turn|13
|
|t:|1759076805
|move|p1a: Volcanion|Steam Eruption|p2a: Muk
|-damage|p2a: Muk|34/100
|move|p2a: Muk|Knock Off|p1a: Volcanion
|-damage|p1a: Volcanion|1/100
|
|upkeep
|turn|14
|-enditem|p2a: Muk|Custap Berry|[eat]
|-activate|p2a: Muk|item: Custap Berry|[consumed]
|
|t:|1759076813
|move|p2a: Muk|Poison Jab|p1a: Volcanion
|-damage|p1a: Volcanion|0 fnt
|faint|p1a: Volcanion
|
|upkeep
|
|t:|1759076822
|switch|p1a: Entei|Entei, shiny|100/100
|turn|15
|
|t:|1759076826
|move|p2a: Muk|Shadow Sneak|p1a: Entei
|-damage|p1a: Entei|86/100
|move|p1a: Entei|Eruption|p2a: Muk
|-damage|p2a: Muk|0 fnt
|faint|p2a: Muk
|
|upkeep
|
|t:|1759076833
|switch|p2a: Crawdaunt|Crawdaunt, F|88/100
|-damage|p2a: Crawdaunt|76/100|[from] Stealth Rock
|turn|16
|
|t:|1759076843
|switch|p1a: Hawlucha|Hawlucha, M, shiny|65/100
|-ability|p1a: Hawlucha|Mold Breaker
|move|p2a: Crawdaunt|Crabhammer|p1a: Hawlucha
|-damage|p1a: Hawlucha|0 fnt
|-damage|p2a: Crawdaunt|59/100|[from] item: Rocky Helmet|[of] p1a: Hawlucha
|faint|p1a: Hawlucha
|
|upkeep
|inactive|JD Doggin' has 120 seconds left.
|
|t:|1759076869
|switch|p1a: Darkrai|Darkrai, shiny|100/100
|turn|17
|
|t:|1759076877
|switch|p2a: Scizor|Scizor, F|88/100
|-damage|p2a: Scizor|76/100|[from] Stealth Rock
|move|p1a: Darkrai|Dark Pulse|p2a: Scizor
|-damage|p2a: Scizor|18/100
|
|upkeep
|turn|18
|
|t:|1759076886
|move|p2a: Scizor|Bullet Punch|p1a: Darkrai
|-damage|p1a: Darkrai|45/100
|move|p1a: Darkrai|Dark Pulse|p2a: Scizor
|-damage|p2a: Scizor|0 fnt
|faint|p2a: Scizor
|
|upkeep
|
|t:|1759076892
|switch|p2a: Crawdaunt|Crawdaunt, F|59/100
|-damage|p2a: Crawdaunt|47/100|[from] Stealth Rock
|turn|19
|
|t:|1759076897
|move|p2a: Crawdaunt|Aqua Jet|p1a: Darkrai
|-damage|p1a: Darkrai|6/100
|move|p1a: Darkrai|Dark Pulse|p2a: Crawdaunt
|-resisted|p2a: Crawdaunt
|-damage|p2a: Crawdaunt|11/100
|
|upkeep
|turn|20
|
|t:|1759076905
|move|p2a: Crawdaunt|Aqua Jet|p1a: Darkrai
|-damage|p1a: Darkrai|0 fnt
|faint|p1a: Darkrai
|
|upkeep
|
|t:|1759076907
|switch|p1a: Entei|Entei, shiny|86/100
|turn|21
|
|t:|1759076911
|move|p1a: Entei|Extreme Speed|p2a: Crawdaunt
|-crit|p2a: Crawdaunt
|-damage|p2a: Crawdaunt|0 fnt
|faint|p2a: Crawdaunt
|
|win|JD Doggin'
|raw|JD Doggin&apos;'s rating: 1244 &rarr; <strong>1269</strong><br />(+25 for winning)
|raw|12345q's rating: 1238 &rarr; <strong>1213</strong><br />(-25 for losing)
|c|☆JD Doggin'|gg
