|j|☆Charle_phate
|j|☆xc03
|t:|1758950321
|gametype|singles
|player|p1|Charle_phate|blue|1383
|player|p2|xc03|170|1414
|gen|9
|tier|[Gen 9] OU
|rated|
|rule|HP Percentage Mod: HP is shown in percentages
|rule|Endless Battle Clause: Forcing endless battles is banned
|rule|Species Clause: Limit one of each Pokémon
|rule|OHKO Clause: OHKO moves are banned
|rule|Evasion Items Clause: Evasion items are banned
|rule|Evasion Moves Clause: Evasion moves are banned
|rule|Evasion Abilities Clause: Evasion abilities are banned
|rule|Sleep Moves Clause: Sleep-inducing moves are banned
|clearpoke
|poke|p1|Serperior, F|
|poke|p1|Rotom-Wash|
|poke|p1|Zapdos|
|poke|p1|Heatran, F|
|poke|p1|Clefable, F|
|poke|p1|Landorus-Therian, M|
|poke|p2|Deoxys-Defense|
|poke|p2|Great Tusk|
|poke|p2|Darkrai|
|poke|p2|Landorus-Therian, M|
|poke|p2|Kingambit, F|
|poke|p2|Pecharunt|
|teampreview
|
|t:|1758950324
|teamsize|p1|6
|teamsize|p2|6
|start
|switch|p1a: Rotom|Rotom-Wash|100/100
|switch|p2a: Darkrai|Darkrai|100/100
|turn|1
|inactive|Battle timer is ON: inactive players will automatically lose when time's up. (requested by Charle_phate)
|
|t:|1758950331
|move|p2a: Darkrai|Dark Pulse|p1a: Rotom
|-damage|p1a: Rotom|52/100
|move|p1a: Rotom|Thunder Wave|p2a: Darkrai|[miss]
|-miss|p1a: Rotom|p2a: Darkrai
|
|-heal|p1a: Rotom|58/100|[from] item: Leftovers
|upkeep
|turn|2
|
|t:|1758950341
|switch|p2a: Landorus|Landorus-Therian, M|100/100
|-ability|p2a: Landorus|Intimidate|boost
|-unboost|p1a: Rotom|atk|1
|move|p1a: Rotom|Thunder Wave|p2a: Landorus
|-immune|p2a: Landorus
|
|-heal|p1a: Rotom|64/100|[from] item: Leftovers
|upkeep
|turn|3
|
|t:|1758950352
|move|p2a: Landorus|Stealth Rock|p1a: Rotom
|-sidestart|p1: Charle_phate|move: Stealth Rock
|move|p1a: Rotom|Hydro Pump|p2a: Landorus
|-supereffective|p2a: Landorus
|-damage|p2a: Landorus|0 fnt
|faint|p2a: Landorus
|
|-heal|p1a: Rotom|71/100|[from] item: Leftovers
|upkeep
|
|t:|1758950362
|switch|p2a: Darkrai|Darkrai|100/100
|turn|4
|
|t:|1758950373
|move|p2a: Darkrai|Dark Pulse|p1a: Rotom
|-damage|p1a: Rotom|28/100
|move|p1a: Rotom|Thunder Wave|p2a: Darkrai
|-status|p2a: Darkrai|par
|
|-heal|p1a: Rotom|34/100|[from] item: Leftovers
|upkeep
|turn|5
|
|t:|1758950382
|move|p2a: Darkrai|Dark Pulse|p1a: Rotom
|-damage|p1a: Rotom|0 fnt
|faint|p1a: Rotom
|
|upkeep
|
|t:|1758950389
|switch|p1a: Heatran|Heatran, F|100/100
|-damage|p1a: Heatran|88/100|[from] Stealth Rock
|turn|6
|
|t:|1758950395
|cant|p2a: Darkrai|par
|move|p1a: Heatran|Substitute|p1a: Heatran
|-start|p1a: Heatran|Substitute
|-damage|p1a: Heatran|63/100
|
|-heal|p1a: Heatran|69/100|[from] item: Leftovers
|upkeep
|turn|7
|
|t:|1758950418
|move|p2a: Darkrai|Dark Pulse|p1a: Heatran
|-end|p1a: Heatran|Substitute
|move|p1a: Heatran|Ancient Power|p2a: Darkrai
|-damage|p2a: Darkrai|77/100 par
|
|-heal|p1a: Heatran|76/100|[from] item: Leftovers
|upkeep
|turn|8
|
|t:|1758950428
|move|p2a: Darkrai|Dark Pulse|p1a: Heatran
|-damage|p1a: Heatran|49/100
|move|p1a: Heatran|Ancient Power|p2a: Darkrai
|-damage|p2a: Darkrai|54/100 par
|
|-heal|p1a: Heatran|55/100|[from] item: Leftovers
|upkeep
|turn|9
|
|t:|1758950437
|move|p2a: Darkrai|Dark Pulse|p1a: Heatran
|-damage|p1a: Heatran|31/100
|move|p1a: Heatran|Ancient Power|p2a: Darkrai
|-damage|p2a: Darkrai|32/100 par
|
|-heal|p1a: Heatran|37/100|[from] item: Leftovers
|upkeep
|turn|10
|
|t:|1758950465
|move|p2a: Darkrai|Dark Pulse|p1a: Heatran
|-damage|p1a: Heatran|13/100
|move|p1a: Heatran|Ancient Power|p2a: Darkrai
|-damage|p2a: Darkrai|8/100 par
|
|-heal|p1a: Heatran|19/100|[from] item: Leftovers
|upkeep
|turn|11
|
|t:|1758950474
|cant|p2a: Darkrai|par
|move|p1a: Heatran|Ancient Power|p2a: Darkrai
|-damage|p2a: Darkrai|0 fnt
|-boost|p1a: Heatran|atk|1
|-boost|p1a: Heatran|def|1
|-boost|p1a: Heatran|spa|1
|-boost|p1a: Heatran|spd|1
|-boost|p1a: Heatran|spe|1
|faint|p2a: Darkrai
|
|-heal|p1a: Heatran|25/100|[from] item: Leftovers
|upkeep
|
|t:|1758950485
|switch|p2a: Great Tusk|Great Tusk|100/100
|turn|12
|
|t:|1758950493
|-terastallize|p1a: Heatran|Flying
|move|p2a: Great Tusk|Headlong Rush|p1a: Heatran
|-immune|p1a: Heatran
|move|p1a: Heatran|Lava Plume|p2a: Great Tusk
|-damage|p2a: Great Tusk|16/100
|-status|p2a: Great Tusk|brn
|
|-heal|p2a: Great Tusk|22/100 brn|[from] item: Leftovers
|-heal|p1a: Heatran|31/100|[from] item: Leftovers
|-damage|p2a: Great Tusk|16/100 brn|[from] brn
|upkeep
|turn|13
|
|t:|1758950506
|move|p2a: Great Tusk|Ice Spinner|p1a: Heatran
|-supereffective|p1a: Heatran
|-damage|p1a: Heatran|15/100
|move|p1a: Heatran|Substitute|p1a: Heatran
|-fail|p1a: Heatran|move: Substitute|[weak]
|
|-heal|p2a: Great Tusk|22/100 brn|[from] item: Leftovers
|-heal|p1a: Heatran|21/100|[from] item: Leftovers
|-damage|p2a: Great Tusk|16/100 brn|[from] brn
|upkeep
|turn|14
|
|t:|1758950516
|move|p2a: Great Tusk|Ice Spinner|p1a: Heatran
|-supereffective|p1a: Heatran
|-damage|p1a: Heatran|7/100
|move|p1a: Heatran|Ancient Power|p2a: Great Tusk
|-resisted|p2a: Great Tusk
|-damage|p2a: Great Tusk|6/100 brn
|
|-heal|p2a: Great Tusk|12/100 brn|[from] item: Leftovers
|-heal|p1a: Heatran|13/100|[from] item: Leftovers
|-damage|p2a: Great Tusk|6/100 brn|[from] brn
|upkeep
|turn|15
|
|t:|1758950531
|move|p2a: Great Tusk|Rapid Spin|p1a: Heatran
|-damage|p1a: Heatran|8/100
|-boost|p2a: Great Tusk|spe|1
|move|p1a: Heatran|Ancient Power|p2a: Great Tusk
|-resisted|p2a: Great Tusk
|-damage|p2a: Great Tusk|0 fnt
|faint|p2a: Great Tusk
|-end|p2a: Great Tusk|Protosynthesis|[silent]
|
|-heal|p1a: Heatran|14/100|[from] item: Leftovers
|upkeep
|
|t:|1758950542
|switch|p2a: Deoxys|Deoxys-Defense|100/100
|-ability|p2a: Deoxys|Pressure
|turn|16
|
|t:|1758950556
|move|p1a: Heatran|Ancient Power|p2a: Deoxys
|-damage|p2a: Deoxys|84/100
|move|p2a: Deoxys|Cosmic Power|p2a: Deoxys
|-boost|p2a: Deoxys|def|1
|-boost|p2a: Deoxys|spd|1
|
|-heal|p1a: Heatran|20/100|[from] item: Leftovers
|-heal|p2a: Deoxys|90/100|[from] item: Leftovers
|upkeep
|turn|17
|
|t:|1758950565
|move|p1a: Heatran|Lava Plume|p2a: Deoxys
|-damage|p2a: Deoxys|66/100
|move|p2a: Deoxys|Cosmic Power|p2a: Deoxys
|-boost|p2a: Deoxys|def|1
|-boost|p2a: Deoxys|spd|1
|
|-heal|p1a: Heatran|27/100|[from] item: Leftovers
|-heal|p2a: Deoxys|71/100|[from] item: Leftovers
|upkeep
|turn|18
|
|t:|1758950577
|move|p1a: Heatran|Substitute|p1a: Heatran
|-start|p1a: Heatran|Substitute
|-damage|p1a: Heatran|2/100
|move|p2a: Deoxys|Cosmic Power|p2a: Deoxys
|-boost|p2a: Deoxys|def|1
|-boost|p2a: Deoxys|spd|1
|
|-heal|p1a: Heatran|8/100|[from] item: Leftovers
|-heal|p2a: Deoxys|77/100|[from] item: Leftovers
|upkeep
|turn|19
|
|t:|1758950587
|move|p1a: Heatran|Lava Plume|p2a: Deoxys
|-damage|p2a: Deoxys|63/100
|-status|p2a: Deoxys|brn
|move|p2a: Deoxys|Cosmic Power|p2a: Deoxys
|-boost|p2a: Deoxys|def|1
|-boost|p2a: Deoxys|spd|1
|
|-heal|p1a: Heatran|14/100|[from] item: Leftovers
|-heal|p2a: Deoxys|69/100 brn|[from] item: Leftovers
|-damage|p2a: Deoxys|63/100 brn|[from] brn
|upkeep
|turn|20
|
|t:|1758950599
|move|p1a: Heatran|Earth Power|p2a: Deoxys
|-damage|p2a: Deoxys|54/100 brn
|move|p2a: Deoxys|Cosmic Power|p2a: Deoxys
|-boost|p2a: Deoxys|def|1
|-boost|p2a: Deoxys|spd|1
|
|-heal|p1a: Heatran|20/100|[from] item: Leftovers
|-heal|p2a: Deoxys|60/100 brn|[from] item: Leftovers
|-damage|p2a: Deoxys|54/100 brn|[from] brn
|upkeep
|turn|21
|
|t:|1758950610
|move|p1a: Heatran|Earth Power|p2a: Deoxys
|-damage|p2a: Deoxys|47/100 brn
|move|p2a: Deoxys|Cosmic Power|p2a: Deoxys
|-boost|p2a: Deoxys|def|1
|-boost|p2a: Deoxys|spd|1
|
|-heal|p1a: Heatran|27/100|[from] item: Leftovers
|-heal|p2a: Deoxys|53/100 brn|[from] item: Leftovers
|-damage|p2a: Deoxys|47/100 brn|[from] brn
|upkeep
|turn|22
|inactive|Charle_phate has 120 seconds left.
|
|t:|1758950641
|move|p1a: Heatran|Lava Plume|p2a: Deoxys
|-damage|p2a: Deoxys|37/100 brn
|move|p2a: Deoxys|Recover|p2a: Deoxys
|-heal|p2a: Deoxys|88/100 brn
|
|-heal|p1a: Heatran|33/100|[from] item: Leftovers
|-heal|p2a: Deoxys|94/100 brn|[from] item: Leftovers
|-damage|p2a: Deoxys|88/100 brn|[from] brn
|upkeep
|turn|23
|
|t:|1758950656
|move|p1a: Heatran|Lava Plume|p2a: Deoxys
|-damage|p2a: Deoxys|79/100 brn
|move|p2a: Deoxys|Meteor Beam||[still]
|-prepare|p2a: Deoxys|Meteor Beam
|-boost|p2a: Deoxys|spa|1
|
|-heal|p1a: Heatran|39/100|[from] item: Leftovers
|-heal|p2a: Deoxys|85/100 brn|[from] item: Leftovers
|-damage|p2a: Deoxys|79/100 brn|[from] brn
|upkeep
|turn|24
|
|t:|1758950667
|move|p1a: Heatran|Lava Plume|p2a: Deoxys
|-crit|p2a: Deoxys
|-damage|p2a: Deoxys|27/100 brn
|move|p2a: Deoxys|Meteor Beam|p1a: Heatran|[from] lockedmove
|-supereffective|p1a: Heatran
|-activate|p1a: Heatran|move: Substitute|[damage]
|
|-heal|p1a: Heatran|45/100|[from] item: Leftovers
|-heal|p2a: Deoxys|33/100 brn|[from] item: Leftovers
|-damage|p2a: Deoxys|27/100 brn|[from] brn
|upkeep
|turn|25
|inactive|Charle_phate has 120 seconds left.
|
|t:|1758950689
|move|p1a: Heatran|Lava Plume|p2a: Deoxys
|-damage|p2a: Deoxys|18/100 brn
|move|p2a: Deoxys|Recover|p2a: Deoxys
|-heal|p2a: Deoxys|68/100 brn
|
|-heal|p1a: Heatran|52/100|[from] item: Leftovers
|-heal|p2a: Deoxys|74/100 brn|[from] item: Leftovers
|-damage|p2a: Deoxys|68/100 brn|[from] brn
|upkeep
|turn|26
|
|t:|1758950700
|move|p1a: Heatran|Lava Plume|p2a: Deoxys
|-damage|p2a: Deoxys|59/100 brn
|move|p2a: Deoxys|Stored Power|p1a: Heatran
|-end|p1a: Heatran|Substitute
|
|-heal|p1a: Heatran|58/100|[from] item: Leftovers
|-heal|p2a: Deoxys|65/100 brn|[from] item: Leftovers
|-damage|p2a: Deoxys|59/100 brn|[from] brn
|upkeep
|turn|27
|inactive|Charle_phate has 120 seconds left.
|
|t:|1758950717
|move|p1a: Heatran|Substitute|p1a: Heatran
|-start|p1a: Heatran|Substitute
|-damage|p1a: Heatran|33/100
|move|p2a: Deoxys|Recover|p2a: Deoxys
|-heal|p2a: Deoxys|100/100 brn
|
|-heal|p1a: Heatran|39/100|[from] item: Leftovers
|-damage|p2a: Deoxys|95/100 brn|[from] brn
|upkeep
|turn|28
|inactive|Charle_phate has 120 seconds left.
|
|t:|1758950747
|move|p1a: Heatran|Substitute|p1a: Heatran
|-fail|p1a: Heatran|move: Substitute
|move|p2a: Deoxys|Meteor Beam||[still]
|-prepare|p2a: Deoxys|Meteor Beam
|-boost|p2a: Deoxys|spa|1
|
|-heal|p1a: Heatran|45/100|[from] item: Leftovers
|-heal|p2a: Deoxys|100/100 brn|[from] item: Leftovers
|-damage|p2a: Deoxys|95/100 brn|[from] brn
|upkeep
|turn|29
|
|t:|1758950758
|move|p1a: Heatran|Earth Power|p2a: Deoxys
|-damage|p2a: Deoxys|87/100 brn
|move|p2a: Deoxys|Meteor Beam|p1a: Heatran|[from] lockedmove
|-supereffective|p1a: Heatran
|-end|p1a: Heatran|Substitute
|
|-heal|p1a: Heatran|52/100|[from] item: Leftovers
|-heal|p2a: Deoxys|93/100 brn|[from] item: Leftovers
|-damage|p2a: Deoxys|87/100 brn|[from] brn
|upkeep
|turn|30
|
|t:|1758950770
|move|p1a: Heatran|Substitute|p1a: Heatran
|-start|p1a: Heatran|Substitute
|-damage|p1a: Heatran|27/100
|move|p2a: Deoxys|Stored Power|p1a: Heatran
|-end|p1a: Heatran|Substitute
|
|-heal|p1a: Heatran|33/100|[from] item: Leftovers
|-heal|p2a: Deoxys|93/100 brn|[from] item: Leftovers
|-damage|p2a: Deoxys|87/100 brn|[from] brn
|upkeep
|turn|31
|
|t:|1758950780
|move|p1a: Heatran|Substitute|p1a: Heatran
|-start|p1a: Heatran|Substitute
|-damage|p1a: Heatran|8/100
|move|p2a: Deoxys|Stored Power|p1a: Heatran
|-end|p1a: Heatran|Substitute
|
|-heal|p1a: Heatran|14/100|[from] item: Leftovers
|-heal|p2a: Deoxys|93/100 brn|[from] item: Leftovers
|-damage|p2a: Deoxys|87/100 brn|[from] brn
|upkeep
|turn|32
|inactive|Charle_phate has 120 seconds left.
|
|t:|1758950796
|move|p1a: Heatran|Lava Plume|p2a: Deoxys
|-damage|p2a: Deoxys|78/100 brn
|move|p2a: Deoxys|Stored Power|p1a: Heatran
|-damage|p1a: Heatran|0 fnt
|faint|p1a: Heatran
|
|-heal|p2a: Deoxys|84/100 brn|[from] item: Leftovers
|-damage|p2a: Deoxys|78/100 brn|[from] brn
|upkeep
|
|t:|1758950799
|switch|p1a: Serperior|Serperior, F|100/100
|-damage|p1a: Serperior|88/100|[from] Stealth Rock
|turn|33
|inactive|Charle_phate has 120 seconds left.
|
|t:|1758950815
|move|p1a: Serperior|Leech Seed|p2a: Deoxys|[miss]
|-miss|p1a: Serperior|p2a: Deoxys
|move|p2a: Deoxys|Stored Power|p1a: Serperior
|-damage|p1a: Serperior|0 fnt
|faint|p1a: Serperior
|
|-heal|p2a: Deoxys|84/100 brn|[from] item: Leftovers
|-damage|p2a: Deoxys|78/100 brn|[from] brn
|upkeep
|
|t:|1758950825
|switch|p1a: Clefable|Clefable, F|100/100
|turn|34
|
|t:|1758950829
|move|p2a: Deoxys|Stored Power|p1a: Clefable
|-damage|p1a: Clefable|0 fnt
|faint|p1a: Clefable
|
|-heal|p2a: Deoxys|84/100 brn|[from] item: Leftovers
|-damage|p2a: Deoxys|78/100 brn|[from] brn
|upkeep
|inactive|Charle_phate has 120 seconds left.
|-message|Charle_phate forfeited.
|
|win|xc03
|raw|Charle_phate's rating: 1402 &rarr; <strong>1383</strong><br />(-19 for losing)
|raw|xc03's rating: 1414 &rarr; <strong>1433</strong><br />(+19 for winning)
|l|☆Charle_phate
|player|p1|
|l|☆xc03
|player|p2|
