|j|☆FamiliarShores
|j|☆T0YE
|t:|1758936079
|gametype|singles
|player|p1|FamiliarShores|youngster-gen4dp|1224
|player|p2|T0YE|steven|1226
|gen|9
|tier|[Gen 9] OU
|rated|
|rule|HP Percentage Mod: HP is shown in percentages
|rule|Endless Battle Clause: Forcing endless battles is banned
|rule|Species Clause: Limit one of each Pokémon
|rule|OHKO Clause: OHKO moves are banned
|rule|Evasion Items Clause: Evasion items are banned
|rule|Evasion Moves Clause: Evasion moves are banned
|rule|Evasion Abilities Clause: Evasion abilities are banned
|rule|Sleep Moves Clause: Sleep-inducing moves are banned
|clearpoke
|poke|p1|Suicune|
|poke|p1|Slowking-Galar, F|
|poke|p1|Corviknight, M|
|poke|p1|Gliscor, F|
|poke|p1|Chesnaught, M|
|poke|p1|Quagsire, F|
|poke|p2|Ribombee, M|
|poke|p2|Gholdengo|
|poke|p2|Great Tusk|
|poke|p2|Raging Bolt|
|poke|p2|Ogerpon-Cornerstone, F|
|poke|p2|Ceruledge, M|
|teampreview
|
|t:|1758936094
|teamsize|p1|6
|teamsize|p2|6
|start
|switch|p1a: Gliscor|Gliscor, F|100/100
|switch|p2a: NEW DROP|Ribombee, M, shiny|100/100
|turn|1
|
|t:|1758936101
|move|p1a: Gliscor|Protect|p1a: Gliscor
|-singleturn|p1a: Gliscor|Protect
|move|p2a: NEW DROP|Sticky Web|p1a: Gliscor
|-sidestart|p1: FamiliarShores|move: Sticky Web
|
|-status|p1a: Gliscor|tox|[from] item: Toxic Orb
|upkeep
|turn|2
|
|t:|1758936109
|move|p2a: NEW DROP|Moonblast|p1a: Gliscor
|-damage|p1a: Gliscor|66/100 tox
|move|p1a: Gliscor|Knock Off|p2a: NEW DROP
|-resisted|p2a: NEW DROP
|-damage|p2a: NEW DROP|79/100
|-enditem|p2a: NEW DROP|Focus Sash|[from] move: Knock Off|[of] p1a: Gliscor
|
|-heal|p1a: Gliscor|79/100 tox|[from] ability: Poison Heal
|upkeep
|turn|3
|
|t:|1758936119
|move|p1a: Gliscor|Protect|p1a: Gliscor
|-singleturn|p1a: Gliscor|Protect
|move|p2a: NEW DROP|Moonblast|p1a: Gliscor
|-activate|p1a: Gliscor|move: Protect
|
|-heal|p1a: Gliscor|91/100 tox|[from] ability: Poison Heal
|upkeep
|turn|4
|
|t:|1758936127
|move|p2a: NEW DROP|Moonblast|p1a: Gliscor
|-damage|p1a: Gliscor|58/100 tox
|move|p1a: Gliscor|Swords Dance|p1a: Gliscor
|-boost|p1a: Gliscor|atk|2
|
|-heal|p1a: Gliscor|70/100 tox|[from] ability: Poison Heal
|upkeep
|turn|5
|
|t:|1758936137
|move|p1a: Gliscor|Protect|p1a: Gliscor
|-singleturn|p1a: Gliscor|Protect
|move|p2a: NEW DROP|Moonblast|p1a: Gliscor
|-activate|p1a: Gliscor|move: Protect
|
|-heal|p1a: Gliscor|83/100 tox|[from] ability: Poison Heal
|upkeep
|turn|6
|
|t:|1758936146
|move|p2a: NEW DROP|Skill Swap|p1a: Gliscor
|-activate|p2a: NEW DROP|move: Skill Swap|Poison Heal|Shield Dust|[of] p1a: Gliscor
|move|p1a: Gliscor|Facade|p2a: NEW DROP
|-damage|p2a: NEW DROP|0 fnt
|faint|p2a: NEW DROP
|
|-damage|p1a: Gliscor|52/100 tox|[from] psn
|upkeep
|
|t:|1758936160
|switch|p2a: BROTHER STONE|Ogerpon-Cornerstone, F|100/100
|turn|7
|
|t:|1758936168
|switch|p1a: Chesnaught|Chesnaught, M|100/100
|-activate|p1a: Chesnaught|move: Sticky Web
|-unboost|p1a: Chesnaught|spe|1
|move|p2a: BROTHER STONE|Power Whip|p1a: Chesnaught
|-resisted|p1a: Chesnaught
|-damage|p1a: Chesnaught|77/100
|-damage|p2a: BROTHER STONE|84/100|[from] item: Rocky Helmet|[of] p1a: Chesnaught
|
|upkeep
|turn|8
|
|t:|1758936183
|switch|p2a: TORE UP|Ceruledge, M, shiny|100/100
|move|p1a: Chesnaught|Spikes|p2a: TORE UP
|-sidestart|p2: T0YE|Spikes
|
|upkeep
|turn|9
|
|t:|1758936189
|switch|p1a: Quagsire|Quagsire, F|100/100
|-activate|p1a: Quagsire|move: Sticky Web
|-unboost|p1a: Quagsire|spe|1
|move|p2a: TORE UP|Swords Dance|p2a: TORE UP
|-boost|p2a: TORE UP|atk|2
|
|upkeep
|turn|10
|
|t:|1758936198
|-terastallize|p2a: TORE UP|Fighting
|move|p2a: TORE UP|Close Combat|p1a: Quagsire
|-damage|p1a: Quagsire|58/100
|-unboost|p2a: TORE UP|def|1
|-unboost|p2a: TORE UP|spd|1
|move|p1a: Quagsire|Toxic|p2a: TORE UP
|-status|p2a: TORE UP|tox
|
|-heal|p1a: Quagsire|64/100|[from] item: Leftovers
|-damage|p2a: TORE UP|94/100 tox|[from] psn
|upkeep
|turn|11
|
|t:|1758936214
|switch|p2a: GREAT NECK|Raging Bolt|100/100
|-damage|p2a: GREAT NECK|88/100|[from] Spikes
|-enditem|p2a: GREAT NECK|Booster Energy
|-activate|p2a: GREAT NECK|ability: Protosynthesis|[fromitem]
|-start|p2a: GREAT NECK|protosynthesisspa
|move|p1a: Quagsire|Recover|p1a: Quagsire
|-heal|p1a: Quagsire|100/100
|
|upkeep
|turn|12
|-message|T0YE forfeited.
|
|win|FamiliarShores
|raw|FamiliarShores's rating: 1224 &rarr; <strong>1249</strong><br />(+25 for winning)
|raw|T0YE's rating: 1226 &rarr; <strong>1201</strong><br />(-25 for losing)
|l|☆T0YE
|player|p2|
