|j|☆PokemonGT7
|j|☆cglob
|inactive|Battle timer is ON: inactive players will automatically lose when time's up.
|t:|1759071889
|gametype|singles
|player|p1|PokemonGT7|willow-casual|
|player|p2|cglob|zinzolin|
|gen|9
|tier|[Gen 9] OU
|rated|Tournament battle
|rule|HP Percentage Mod: HP is shown in percentages
|rule|Endless Battle Clause: Forcing endless battles is banned
|rule|Species Clause: Limit one of each Pokémon
|rule|OHKO Clause: OHKO moves are banned
|rule|Evasion Items Clause: Evasion items are banned
|rule|Evasion Moves Clause: Evasion moves are banned
|rule|Evasion Abilities Clause: Evasion abilities are banned
|rule|Sleep Moves Clause: Sleep-inducing moves are banned
|raw|<div class="infobox"><details class="readmore" open><summary><strong>1 custom rule:</strong></summary> -wobbuffet</details></div>
|clearpoke
|poke|p1|Shiftry, M|
|poke|p1|Houndstone, M|
|poke|p1|Snorlax, M|
|poke|p2|Sandslash, M|
|poke|p2|Milotic, M|
|poke|p2|Arcanine-Hisui, F|
|teampreview
|j|*Lady Monita ☀
|c|☆PokemonGT7|glhf
|c|☆cglob|u too my bro
|
|t:|1759071906
|teamsize|p1|3
|teamsize|p2|3
|start
|switch|p1a: Snorlax|Snorlax, M|100/100
|switch|p2a: Arcanine|Arcanine-Hisui, F|100/100
|turn|1
|j| Albrtix
|
|t:|1759071918
|switch|p2a: Milotic|Milotic, M|100/100
|switch|p1a: Houndstone|Houndstone, M|100/100
|
|upkeep
|turn|2
|
|t:|1759071924
|move|p2a: Milotic|Scald|p1a: Houndstone
|-damage|p1a: Houndstone|87/100
|-status|p1a: Houndstone|brn
|move|p1a: Houndstone|Poltergeist|p2a: Milotic
|-activate|p2a: Milotic|move: Poltergeist|Leftovers
|-damage|p2a: Milotic|82/100
|
|-heal|p2a: Milotic|89/100|[from] item: Leftovers
|-damage|p1a: Houndstone|81/100 brn|[from] brn
|upkeep
|turn|3
|
|t:|1759071930
|move|p2a: Milotic|Ice Beam|p1a: Houndstone
|-damage|p1a: Houndstone|70/100 brn
|move|p1a: Houndstone|Poltergeist|p2a: Milotic|[miss]
|-miss|p1a: Houndstone|p2a: Milotic
|
|-heal|p2a: Milotic|95/100|[from] item: Leftovers
|-damage|p1a: Houndstone|64/100 brn|[from] brn
|upkeep
|turn|4
|
|t:|1759071941
|move|p1a: Houndstone|Crunch|p2a: Milotic
|-damage|p2a: Milotic|87/100
|move|p2a: Milotic|Dragon Tail|p1a: Houndstone
|-damage|p1a: Houndstone|59/100 brn
|drag|p1a: Shiftry|Shiftry, M|100/100
|
|-heal|p2a: Milotic|93/100|[from] item: Leftovers
|upkeep
|turn|5
|
|t:|1759071959
|switch|p1a: Houndstone|Houndstone, M|59/100 brn
|-terastallize|p2a: Milotic|Dragon
|move|p2a: Milotic|Ice Beam|p1a: Houndstone
|-damage|p1a: Houndstone|48/100 brn
|
|-heal|p2a: Milotic|99/100|[from] item: Leftovers
|-damage|p1a: Houndstone|42/100 brn|[from] brn
|upkeep
|turn|6
|
|t:|1759071965
|move|p1a: Houndstone|Play Rough|p2a: Milotic|[miss]
|-miss|p1a: Houndstone|p2a: Milotic
|move|p2a: Milotic|Dragon Tail|p1a: Houndstone
|-damage|p1a: Houndstone|36/100 brn
|drag|p1a: Snorlax|Snorlax, M|100/100
|
|-heal|p2a: Milotic|100/100|[from] item: Leftovers
|upkeep
|turn|7
|
|t:|1759071972
|switch|p1a: Houndstone|Houndstone, M|36/100 brn
|move|p2a: Milotic|Scald|p1a: Houndstone
|-damage|p1a: Houndstone|22/100 brn
|
|-damage|p1a: Houndstone|16/100 brn|[from] brn
|upkeep
|turn|8
|
|t:|1759071976
|switch|p2a: Sandslash|Sandslash, M|100/100
|move|p1a: Houndstone|Play Rough|p2a: Sandslash
|-damage|p2a: Sandslash|88/100
|
|-heal|p2a: Sandslash|94/100|[from] item: Leftovers
|-damage|p1a: Houndstone|10/100 brn|[from] brn
|upkeep
|turn|9
|
|t:|1759071980
|move|p1a: Houndstone|Shadow Sneak|p2a: Sandslash
|-damage|p2a: Sandslash|86/100
|move|p2a: Sandslash|Swords Dance|p2a: Sandslash
|-boost|p2a: Sandslash|atk|2
|
|-heal|p2a: Sandslash|93/100|[from] item: Leftovers
|-damage|p1a: Houndstone|4/100 brn|[from] brn
|upkeep
|turn|10
|
|t:|1759071985
|move|p1a: Houndstone|Shadow Sneak|p2a: Sandslash
|-crit|p2a: Sandslash
|-damage|p2a: Sandslash|81/100
|move|p2a: Sandslash|Knock Off|p1a: Houndstone
|-supereffective|p1a: Houndstone
|-damage|p1a: Houndstone|0 fnt
|-enditem|p1a: Houndstone|Assault Vest|[from] move: Knock Off|[of] p2a: Sandslash
|faint|p1a: Houndstone
|
|-heal|p2a: Sandslash|87/100|[from] item: Leftovers
|upkeep
|
|t:|1759071997
|switch|p1a: Shiftry|Shiftry, M|100/100
|turn|11
|inactive|cglob has 120 seconds left.
|
|t:|1759072035
|move|p1a: Shiftry|Leaf Blade|p2a: Sandslash
|-supereffective|p2a: Sandslash
|-damage|p2a: Sandslash|6/100
|-damage|p1a: Shiftry|91/100|[from] item: Life Orb
|move|p2a: Sandslash|Knock Off|p1a: Shiftry
|-resisted|p1a: Shiftry
|-damage|p1a: Shiftry|47/100
|-enditem|p1a: Shiftry|Life Orb|[from] move: Knock Off|[of] p2a: Sandslash
|
|-heal|p2a: Sandslash|12/100|[from] item: Leftovers
|upkeep
|turn|12
|inactive|cglob has 120 seconds left.
|
|t:|1759072061
|move|p1a: Shiftry|Leaf Blade|p2a: Sandslash
|-supereffective|p2a: Sandslash
|-damage|p2a: Sandslash|0 fnt
|faint|p2a: Sandslash
|
|upkeep
|
|t:|1759072064
|switch|p2a: Arcanine|Arcanine-Hisui, F|100/100
|turn|13
|
|t:|1759072071
|-terastallize|p1a: Shiftry|Fire
|move|p2a: Arcanine|Close Combat|p1a: Shiftry
|-damage|p1a: Shiftry|0 fnt
|-unboost|p2a: Arcanine|def|1
|-unboost|p2a: Arcanine|spd|1
|faint|p1a: Shiftry
|
|upkeep
|
|t:|1759072074
|switch|p1a: Snorlax|Snorlax, M|100/100
|turn|14
|
|t:|1759072080
|switch|p2a: Milotic|Milotic, M, tera:Dragon|100/100
|move|p1a: Snorlax|Earthquake|p2a: Milotic
|-damage|p2a: Milotic|78/100
|
|-heal|p2a: Milotic|84/100|[from] item: Leftovers
|upkeep
|turn|15
|
|t:|1759072085
|move|p2a: Milotic|Scald|p1a: Snorlax
|-damage|p1a: Snorlax|88/100
|move|p1a: Snorlax|Curse|p1a: Snorlax
|-unboost|p1a: Snorlax|spe|1
|-boost|p1a: Snorlax|atk|1
|-boost|p1a: Snorlax|def|1
|
|-heal|p2a: Milotic|90/100|[from] item: Leftovers
|upkeep
|turn|16
|
|t:|1759072089
|switch|p2a: Arcanine|Arcanine-Hisui, F|100/100
|move|p1a: Snorlax|Curse|p1a: Snorlax
|-unboost|p1a: Snorlax|spe|1
|-boost|p1a: Snorlax|atk|1
|-boost|p1a: Snorlax|def|1
|
|upkeep
|turn|17
|
|t:|1759072095
|move|p2a: Arcanine|Close Combat|p1a: Snorlax
|-supereffective|p1a: Snorlax
|-damage|p1a: Snorlax|33/100
|-unboost|p2a: Arcanine|def|1
|-unboost|p2a: Arcanine|spd|1
|-enditem|p1a: Snorlax|Aguav Berry|[eat]
|-heal|p1a: Snorlax|67/100|[from] item: Aguav Berry
|move|p1a: Snorlax|Earthquake|p2a: Arcanine
|-supereffective|p2a: Arcanine
|-damage|p2a: Arcanine|0 fnt
|faint|p2a: Arcanine
|
|upkeep
|
|t:|1759072099
|switch|p2a: Milotic|Milotic, M, tera:Dragon|90/100
|turn|18
|c|☆PokemonGT7|No idea why u switched instead of going for the kill
|
|t:|1759072121
|move|p2a: Milotic|Scald|p1a: Snorlax
|-damage|p1a: Snorlax|55/100
|move|p1a: Snorlax|Double-Edge|p2a: Milotic
|-damage|p2a: Milotic|13/100
|-damage|p1a: Snorlax|36/100|[from] Recoil
|
|-heal|p2a: Milotic|20/100|[from] item: Leftovers
|upkeep
|turn|19
|c|☆PokemonGT7|gg
|c|☆cglob|doesnt matter tbh
|c|☆cglob|gg bro
|c|☆PokemonGT7|I think it does matter
|inactive|PokemonGT7 has 120 seconds left.
|
|t:|1759072146
|move|p2a: Milotic|Scald|p1a: Snorlax
|-damage|p1a: Snorlax|25/100
|-status|p1a: Snorlax|brn
|move|p1a: Snorlax|Recycle|p1a: Snorlax
|-item|p1a: Snorlax|Aguav Berry|[from] move: Recycle
|-enditem|p1a: Snorlax|Aguav Berry|[eat]
|-heal|p1a: Snorlax|58/100 brn|[from] item: Aguav Berry
|
|-heal|p2a: Milotic|26/100|[from] item: Leftovers
|-damage|p1a: Snorlax|52/100 brn|[from] brn
|upkeep
|turn|20
|c|☆cglob|yeye
|
|t:|1759072154
|move|p2a: Milotic|Scald|p1a: Snorlax
|-damage|p1a: Snorlax|40/100 brn
|move|p1a: Snorlax|Double-Edge|p2a: Milotic
|-damage|p2a: Milotic|0 fnt
|faint|p2a: Milotic
|-damage|p1a: Snorlax|33/100 brn|[from] Recoil
|
|win|PokemonGT7
|n|☆PokemonGT7|pokemongt7
|n|☆cglob|cglob
|n|*Lady Monita ☀|ladymonita
|n| Albrtix|albrtix
|l|*Lady Monita ☀
|l|☆cglob
|player|p2|
|c|☆PokemonGT7|U kinda threw that
|l|☆PokemonGT7
|player|p1|
