|badge|p1|silver|gen9ou|30-6
|html|<div class="broadcast-red"><strong>This battle is required to be public due to one or more player having a season medal.</strong><br />During the public phase, you can discuss the state of the ladder <a href="/seasondiscussion">in a special chatroom.</a></div>
|uhtml|medal-msg|<div class="broadcast-blue">Curious what those medals under the avatar are? PS now has Ladder Seasons! For more information, check out the <a href="https://www.smogon.com/forums/threads/3740067/">thread on Smogon.</a></div>
|badge|p2|bronze|gen9ou|100-6
|uhtml|medal-msg|<div class="broadcast-blue">Curious what those medals under the avatar are? PS now has Ladder Seasons! For more information, check out the <a href="https://www.smogon.com/forums/threads/3740067/">thread on Smogon.</a></div>
|raw|<div class="broadcast-blue"><strong>This battle is required to be public due to a player having a name starting with 'medal'.</div>
|j|☆Ctannn
|j|☆Light SV
|t:|1759015780
|gametype|singles
|player|p1|Ctannn|266|1975
|player|p2|Light SV|blue-gen7|1845
|gen|9
|tier|[Gen 9] OU
|rated|
|rule|HP Percentage Mod: HP is shown in percentages
|rule|Endless Battle Clause: Forcing endless battles is banned
|rule|Species Clause: Limit one of each Pokémon
|rule|OHKO Clause: OHKO moves are banned
|rule|Evasion Items Clause: Evasion items are banned
|rule|Evasion Moves Clause: Evasion moves are banned
|rule|Evasion Abilities Clause: Evasion abilities are banned
|rule|Sleep Moves Clause: Sleep-inducing moves are banned
|clearpoke
|poke|p1|Rillaboom, M|
|poke|p1|Garganacl, F|
|poke|p1|Cinderace, M|
|poke|p1|Raging Bolt|
|poke|p1|Slowking-Galar, F|
|poke|p1|Landorus-Therian, M|
|poke|p2|Iron Crown|
|poke|p2|Gliscor, F|
|poke|p2|Great Tusk|
|poke|p2|Primarina, F|
|poke|p2|Cinderace, M|
|poke|p2|Zamazenta-*|
|teampreview
|inactive|Battle timer is ON: inactive players will automatically lose when time's up. (requested by Light SV)
|j| amefurikoneko
|j| Rizzofreko
|
|t:|1759015800
|teamsize|p1|6
|teamsize|p2|6
|start
|switch|p1a: Slowking|Slowking-Galar, F|100/100
|switch|p2a: Cinderace|Cinderace, M|100/100
|turn|1
|
|t:|1759015808
|move|p2a: Cinderace|Pyro Ball|p1a: Slowking
|-damage|p1a: Slowking|65/100
|move|p1a: Slowking|Future Sight|p2a: Cinderace
|-start|p1a: Slowking|move: Future Sight
|
|upkeep
|turn|2
|
|t:|1759015815
|move|p2a: Cinderace|Will-O-Wisp|p1a: Slowking
|-status|p1a: Slowking|brn
|-prepare|p1a: Slowking|Chilly Reception|[premajor]
|move|p1a: Slowking|Chilly Reception|p1a: Slowking
|-weather|Snowscape
|
|t:|1759015828
|switch|p1a: Garganacl|Garganacl, F|100/100|[from] Chilly Reception
|
|-weather|Snowscape|[upkeep]
|upkeep
|turn|3
|
|t:|1759015831
|move|p2a: Cinderace|U-turn|p1a: Garganacl
|-damage|p1a: Garganacl|87/100
|j| larp legion
|
|t:|1759015833
|switch|p2a: Iron Crown|Iron Crown|100/100|[from] U-turn
|move|p1a: Garganacl|Salt Cure|p2a: Iron Crown
|-resisted|p2a: Iron Crown
|-crit|p2a: Iron Crown
|-damage|p2a: Iron Crown|90/100
|-start|p2a: Iron Crown|Salt Cure
|
|-weather|Snowscape|[upkeep]
|-end|p2a: Iron Crown|move: Future Sight
|-resisted|p2a: Iron Crown
|-damage|p2a: Iron Crown|83/100
|-heal|p1a: Garganacl|93/100|[from] item: Leftovers
|-damage|p2a: Iron Crown|58/100|[from] Salt Cure
|upkeep
|turn|4
|
|t:|1759015837
|-end|p2a: Iron Crown|Quark Drive|[silent]
|switch|p2a: Gliscor|Gliscor, F|100/100
|move|p1a: Garganacl|Protect||[still]
|-fail|p1a: Garganacl
|
|-weather|Snowscape|[upkeep]
|-heal|p1a: Garganacl|99/100|[from] item: Leftovers
|-status|p2a: Gliscor|tox|[from] item: Toxic Orb
|upkeep
|turn|5
|
|t:|1759015841
|switch|p1a: Rillaboom|Rillaboom, M|100/100
|-fieldstart|move: Grassy Terrain|[from] ability: Grassy Surge|[of] p1a: Rillaboom
|move|p2a: Gliscor|Swords Dance|p2a: Gliscor
|-boost|p2a: Gliscor|atk|2
|
|-weather|Snowscape|[upkeep]
|upkeep
|turn|6
|l| Rizzofreko
|
|t:|1759015845
|move|p1a: Rillaboom|Swords Dance|p1a: Rillaboom
|-boost|p1a: Rillaboom|atk|2
|move|p2a: Gliscor|Facade|p1a: Rillaboom
|-damage|p1a: Rillaboom|37/100
|
|-weather|none
|-heal|p1a: Rillaboom|44/100|[from] Grassy Terrain
|upkeep
|turn|7
|
|t:|1759015853
|switch|p2a: Iron Crown|Iron Crown|58/100
|move|p1a: Rillaboom|Wood Hammer|p2a: Iron Crown
|-resisted|p2a: Iron Crown
|-damage|p2a: Iron Crown|0 fnt
|faint|p2a: Iron Crown
|-end|p2a: Iron Crown|Quark Drive|[silent]
|-damage|p1a: Rillaboom|26/100|[from] Recoil
|
|-heal|p1a: Rillaboom|32/100|[from] Grassy Terrain
|upkeep
|
|t:|1759015856
|switch|p2a: Cinderace|Cinderace, M|100/100
|turn|8
|
|t:|1759015859
|switch|p1a: Garganacl|Garganacl, F|99/100
|move|p2a: Cinderace|U-turn|p1a: Garganacl
|-damage|p1a: Garganacl|87/100
|
|t:|1759015861
|switch|p2a: Gliscor|Gliscor, F|100/100 tox|[from] U-turn
|
|-heal|p1a: Garganacl|94/100|[from] Grassy Terrain
|-heal|p1a: Garganacl|99/100|[from] item: Leftovers
|upkeep
|turn|9
|
|t:|1759015869
|move|p2a: Gliscor|Swords Dance|p2a: Gliscor
|-boost|p2a: Gliscor|atk|2
|move|p1a: Garganacl|Salt Cure|p2a: Gliscor
|-damage|p2a: Gliscor|91/100 tox
|-start|p2a: Gliscor|Salt Cure
|
|-heal|p1a: Garganacl|100/100|[from] Grassy Terrain
|-heal|p2a: Gliscor|100/100 tox|[from] ability: Poison Heal
|-damage|p2a: Gliscor|88/100 tox|[from] Salt Cure
|-fieldend|move: Grassy Terrain
|upkeep
|turn|10
|
|t:|1759015871
|switch|p1a: Landorus|Landorus-Therian, M|100/100
|-ability|p1a: Landorus|Intimidate|boost
|-unboost|p2a: Gliscor|atk|1
|move|p2a: Gliscor|Swords Dance|p2a: Gliscor
|-boost|p2a: Gliscor|atk|2
|
|-heal|p2a: Gliscor|100/100 tox|[from] ability: Poison Heal
|-damage|p2a: Gliscor|88/100 tox|[from] Salt Cure
|upkeep
|turn|11
|
|t:|1759015874
|move|p2a: Gliscor|Facade|p1a: Landorus
|-damage|p1a: Landorus|45/100
|-damage|p2a: Gliscor|71/100 tox|[from] item: Rocky Helmet|[of] p1a: Landorus
|move|p1a: Landorus|U-turn|p2a: Gliscor
|-resisted|p2a: Gliscor
|-damage|p2a: Gliscor|64/100 tox
|
|t:|1759015877
|switch|p1a: Rillaboom|Rillaboom, M|32/100|[from] U-turn
|-fieldstart|move: Grassy Terrain|[from] ability: Grassy Surge|[of] p1a: Rillaboom
|
|-heal|p1a: Rillaboom|38/100|[from] Grassy Terrain
|-heal|p2a: Gliscor|76/100 tox|[from] ability: Poison Heal
|-damage|p2a: Gliscor|64/100 tox|[from] Salt Cure
|upkeep
|turn|12
|
|t:|1759015880
|switch|p1a: Landorus|Landorus-Therian, M|45/100
|-ability|p1a: Landorus|Intimidate|boost
|-unboost|p2a: Gliscor|atk|1
|move|p2a: Gliscor|Facade|p1a: Landorus
|-damage|p1a: Landorus|0 fnt
|-damage|p2a: Gliscor|47/100 tox|[from] item: Rocky Helmet|[of] p1a: Landorus
|faint|p1a: Landorus
|
|-heal|p2a: Gliscor|60/100 tox|[from] ability: Poison Heal
|-damage|p2a: Gliscor|47/100 tox|[from] Salt Cure
|upkeep
|
|t:|1759015887
|switch|p1a: Slowking|Slowking-Galar, F|98/100 brn
|turn|13
|
|t:|1759015900
|move|p2a: Gliscor|Earthquake|p1a: Slowking
|-supereffective|p1a: Slowking
|-damage|p1a: Slowking|50/100 brn
|move|p1a: Slowking|Psychic|p2a: Gliscor
|-damage|p2a: Gliscor|6/100 tox
|-unboost|p2a: Gliscor|spd|1
|
|-heal|p1a: Slowking|56/100 brn|[from] Grassy Terrain
|-heal|p2a: Gliscor|18/100 tox|[from] ability: Poison Heal
|-damage|p1a: Slowking|50/100 brn|[from] brn
|-damage|p2a: Gliscor|6/100 tox|[from] Salt Cure
|upkeep
|turn|14
|
|t:|1759015910
|switch|p1a: Garganacl|Garganacl, F|100/100
|move|p2a: Gliscor|Earthquake|p1a: Garganacl
|-supereffective|p1a: Garganacl
|-damage|p1a: Garganacl|57/100
|
|-heal|p1a: Garganacl|63/100|[from] Grassy Terrain
|-heal|p1a: Garganacl|69/100|[from] item: Leftovers
|-heal|p2a: Gliscor|18/100 tox|[from] ability: Poison Heal
|-damage|p2a: Gliscor|6/100 tox|[from] Salt Cure
|upkeep
|turn|15
|
|t:|1759015919
|move|p2a: Gliscor|Earthquake|p1a: Garganacl
|-supereffective|p1a: Garganacl
|-damage|p1a: Garganacl|27/100
|move|p1a: Garganacl|Salt Cure|p2a: Gliscor
|-damage|p2a: Gliscor|0 fnt
|faint|p2a: Gliscor
|
|-heal|p1a: Garganacl|33/100|[from] Grassy Terrain
|-heal|p1a: Garganacl|40/100|[from] item: Leftovers
|-fieldend|move: Grassy Terrain
|upkeep
|
|t:|1759015926
|switch|p2a: Great Tusk|Great Tusk|100/100
|-enditem|p2a: Great Tusk|Booster Energy
|-activate|p2a: Great Tusk|ability: Protosynthesis|[fromitem]
|-start|p2a: Great Tusk|protosynthesisspe
|turn|16
|
|t:|1759015933
|-terastallize|p1a: Garganacl|Fairy
|move|p2a: Great Tusk|Bulk Up|p2a: Great Tusk
|-boost|p2a: Great Tusk|atk|1
|-boost|p2a: Great Tusk|def|1
|move|p1a: Garganacl|Recover|p1a: Garganacl
|-heal|p1a: Garganacl|90/100
|
|-heal|p1a: Garganacl|96/100|[from] item: Leftovers
|upkeep
|turn|17
|
|t:|1759015940
|move|p2a: Great Tusk|Bulk Up|p2a: Great Tusk
|-boost|p2a: Great Tusk|atk|1
|-boost|p2a: Great Tusk|def|1
|move|p1a: Garganacl|Curse|p1a: Garganacl
|-unboost|p1a: Garganacl|spe|1
|-boost|p1a: Garganacl|atk|1
|-boost|p1a: Garganacl|def|1
|
|-heal|p1a: Garganacl|100/100|[from] item: Leftovers
|upkeep
|turn|18
|
|t:|1759015947
|move|p2a: Great Tusk|Headlong Rush|p1a: Garganacl
|-damage|p1a: Garganacl|50/100
|-unboost|p2a: Great Tusk|def|1
|-unboost|p2a: Great Tusk|spd|1
|move|p1a: Garganacl|Salt Cure|p2a: Great Tusk
|-resisted|p2a: Great Tusk
|-damage|p2a: Great Tusk|98/100
|-start|p2a: Great Tusk|Salt Cure
|
|-heal|p1a: Garganacl|56/100|[from] item: Leftovers
|-damage|p2a: Great Tusk|86/100|[from] Salt Cure
|upkeep
|turn|19
|
|t:|1759015952
|move|p2a: Great Tusk|Taunt|p1a: Garganacl
|-start|p1a: Garganacl|move: Taunt
|cant|p1a: Garganacl|move: Taunt|Recover
|
|-heal|p1a: Garganacl|62/100|[from] item: Leftovers
|-damage|p2a: Great Tusk|73/100|[from] Salt Cure
|upkeep
|turn|20
|
|t:|1759015962
|switch|p1a: Slowking|Slowking-Galar, F|83/100 brn
|move|p2a: Great Tusk|Headlong Rush|p1a: Slowking
|-supereffective|p1a: Slowking
|-damage|p1a: Slowking|0 fnt
|-unboost|p2a: Great Tusk|def|1
|-unboost|p2a: Great Tusk|spd|1
|-damage|p2a: Great Tusk|57/100|[from] item: Rocky Helmet|[of] p1a: Slowking
|faint|p1a: Slowking
|
|-damage|p2a: Great Tusk|44/100|[from] Salt Cure
|upkeep
|
|t:|1759015970
|switch|p1a: Garganacl|Garganacl, F, tera:Fairy|62/100
|turn|21
|
|t:|1759015974
|move|p1a: Garganacl|Protect|p1a: Garganacl
|-singleturn|p1a: Garganacl|Protect
|move|p2a: Great Tusk|Headlong Rush|p1a: Garganacl
|-activate|p1a: Garganacl|move: Protect
|
|-heal|p1a: Garganacl|68/100|[from] item: Leftovers
|-damage|p2a: Great Tusk|32/100|[from] Salt Cure
|upkeep
|turn|22
|
|t:|1759015980
|switch|p1a: Cinderace|Cinderace, M|100/100
|move|p2a: Great Tusk|Headlong Rush|p1a: Cinderace
|-supereffective|p1a: Cinderace
|-damage|p1a: Cinderace|0 fnt
|-unboost|p2a: Great Tusk|def|1
|-unboost|p2a: Great Tusk|spd|1
|faint|p1a: Cinderace
|
|-damage|p2a: Great Tusk|19/100|[from] Salt Cure
|upkeep
|
|t:|1759015983
|switch|p1a: Rillaboom|Rillaboom, M|38/100
|-fieldstart|move: Grassy Terrain|[from] ability: Grassy Surge|[of] p1a: Rillaboom
|turn|23
|
|t:|1759015987
|move|p1a: Rillaboom|Grassy Glide|p2a: Great Tusk
|-supereffective|p2a: Great Tusk
|-damage|p2a: Great Tusk|0 fnt
|faint|p2a: Great Tusk
|-end|p2a: Great Tusk|Protosynthesis|[silent]
|
|-heal|p1a: Rillaboom|44/100|[from] Grassy Terrain
|upkeep
|
|t:|1759016005
|switch|p2a: Zamazenta|Zamazenta|100/100
|-ability|p2a: Zamazenta|Dauntless Shield|boost
|-boost|p2a: Zamazenta|def|1
|turn|24
|
|t:|1759016013
|switch|p1a: Raging Bolt|Raging Bolt|100/100
|move|p2a: Zamazenta|Iron Defense|p2a: Zamazenta
|-boost|p2a: Zamazenta|def|2
|
|upkeep
|turn|25
|
|t:|1759016018
|move|p2a: Zamazenta|Body Press|p1a: Raging Bolt
|-damage|p1a: Raging Bolt|24/100
|move|p1a: Raging Bolt|Draco Meteor|p2a: Zamazenta
|-damage|p2a: Zamazenta|11/100
|-unboost|p1a: Raging Bolt|spa|2
|
|-heal|p2a: Zamazenta|17/100|[from] Grassy Terrain
|-heal|p2a: Zamazenta|23/100|[from] item: Leftovers
|-heal|p1a: Raging Bolt|30/100|[from] Grassy Terrain
|upkeep
|turn|26
|j| Lamer-Chops
|
|t:|1759016025
|move|p2a: Zamazenta|Body Press|p1a: Raging Bolt
|-damage|p1a: Raging Bolt|0 fnt
|faint|p1a: Raging Bolt
|-end|p1a: Raging Bolt|Protosynthesis|[silent]
|
|-heal|p2a: Zamazenta|29/100|[from] Grassy Terrain
|-heal|p2a: Zamazenta|35/100|[from] item: Leftovers
|upkeep
|
|t:|1759016026
|switch|p1a: Garganacl|Garganacl, F, tera:Fairy|68/100
|turn|27
|
|t:|1759016031
|move|p2a: Zamazenta|Body Press|p1a: Garganacl
|-resisted|p1a: Garganacl
|-damage|p1a: Garganacl|44/100
|move|p1a: Garganacl|Curse|p1a: Garganacl
|-unboost|p1a: Garganacl|spe|1
|-boost|p1a: Garganacl|atk|1
|-boost|p1a: Garganacl|def|1
|
|-heal|p2a: Zamazenta|41/100|[from] Grassy Terrain
|-heal|p2a: Zamazenta|48/100|[from] item: Leftovers
|-heal|p1a: Garganacl|50/100|[from] Grassy Terrain
|-heal|p1a: Garganacl|56/100|[from] item: Leftovers
|-fieldend|move: Grassy Terrain
|upkeep
|turn|28
|
|t:|1759016035
|move|p1a: Garganacl|Recover|p1a: Garganacl
|-heal|p1a: Garganacl|100/100
|move|p2a: Zamazenta|Roar|p1a: Garganacl
|drag|p1a: Rillaboom|Rillaboom, M|44/100
|-fieldstart|move: Grassy Terrain|[from] ability: Grassy Surge|[of] p1a: Rillaboom
|
|-heal|p2a: Zamazenta|54/100|[from] Grassy Terrain
|-heal|p2a: Zamazenta|60/100|[from] item: Leftovers
|-heal|p1a: Rillaboom|50/100|[from] Grassy Terrain
|upkeep
|turn|29
|j| 2009 ben gordon
|
|t:|1759016042
|move|p2a: Zamazenta|Body Press|p1a: Rillaboom
|-damage|p1a: Rillaboom|0 fnt
|faint|p1a: Rillaboom
|
|-heal|p2a: Zamazenta|66/100|[from] Grassy Terrain
|-heal|p2a: Zamazenta|72/100|[from] item: Leftovers
|upkeep
|
|t:|1759016044
|switch|p1a: Garganacl|Garganacl, F, tera:Fairy|100/100
|turn|30
|
|t:|1759016046
|switch|p2a: Primarina|Primarina, F|100/100
|move|p1a: Garganacl|Curse|p1a: Garganacl
|-unboost|p1a: Garganacl|spe|1
|-boost|p1a: Garganacl|atk|1
|-boost|p1a: Garganacl|def|1
|
|upkeep
|turn|31
|
|t:|1759016053
|-terastallize|p2a: Primarina|Poison
|move|p2a: Primarina|Psychic Noise|p1a: Garganacl
|-damage|p1a: Garganacl|83/100
|-start|p1a: Garganacl|move: Heal Block
|move|p1a: Garganacl|Salt Cure|p2a: Primarina
|-damage|p2a: Primarina|76/100
|-start|p2a: Primarina|Salt Cure
|
|-heal|p2a: Primarina|82/100|[from] Grassy Terrain
|-damage|p2a: Primarina|69/100|[from] Salt Cure
|upkeep
|turn|32
|
|t:|1759016059
|move|p1a: Garganacl|Protect|p1a: Garganacl
|-singleturn|p1a: Garganacl|Protect
|move|p2a: Primarina|Moonblast|p1a: Garganacl
|-activate|p1a: Garganacl|move: Protect
|
|-heal|p2a: Primarina|75/100|[from] Grassy Terrain
|-damage|p2a: Primarina|63/100|[from] Salt Cure
|-end|p1a: Garganacl|move: Heal Block
|-fieldend|move: Grassy Terrain
|upkeep
|turn|33
|
|t:|1759016064
|move|p2a: Primarina|Moonblast|p1a: Garganacl
|-damage|p1a: Garganacl|51/100
|move|p1a: Garganacl|Recover|p1a: Garganacl
|-heal|p1a: Garganacl|100/100
|
|-damage|p2a: Primarina|51/100|[from] Salt Cure
|upkeep
|turn|34
|
|t:|1759016069
|move|p2a: Primarina|Psychic Noise|p1a: Garganacl
|-damage|p1a: Garganacl|82/100
|-start|p1a: Garganacl|move: Heal Block
|move|p1a: Garganacl|Salt Cure|p2a: Primarina
|-damage|p2a: Primarina|25/100
|
|-damage|p2a: Primarina|13/100|[from] Salt Cure
|upkeep
|turn|35
|
|t:|1759016075
|switch|p2a: Cinderace|Cinderace, M|100/100
|move|p1a: Garganacl|Protect||[still]
|-fail|p1a: Garganacl
|
|-end|p1a: Garganacl|move: Heal Block
|upkeep
|turn|36
|
|t:|1759016079
|move|p2a: Cinderace|Pyro Ball|p1a: Garganacl
|-damage|p1a: Garganacl|62/100
|move|p1a: Garganacl|Salt Cure|p2a: Cinderace
|-supereffective|p2a: Cinderace
|-damage|p2a: Cinderace|49/100
|-start|p2a: Cinderace|Salt Cure
|
|-heal|p1a: Garganacl|68/100|[from] item: Leftovers
|-damage|p2a: Cinderace|36/100|[from] Salt Cure
|upkeep
|turn|37
|
|t:|1759016082
|move|p2a: Cinderace|Pyro Ball|p1a: Garganacl
|-damage|p1a: Garganacl|45/100
|move|p1a: Garganacl|Recover|p1a: Garganacl
|-heal|p1a: Garganacl|95/100
|
|-heal|p1a: Garganacl|100/100|[from] item: Leftovers
|-damage|p2a: Cinderace|24/100|[from] Salt Cure
|upkeep
|turn|38
|
|t:|1759016085
|move|p2a: Cinderace|Pyro Ball|p1a: Garganacl
|-damage|p1a: Garganacl|66/100
|move|p1a: Garganacl|Curse|p1a: Garganacl
|-unboost|p1a: Garganacl|spe|1
|-boost|p1a: Garganacl|atk|1
|-boost|p1a: Garganacl|def|1
|
|-heal|p1a: Garganacl|73/100|[from] item: Leftovers
|-damage|p2a: Cinderace|11/100|[from] Salt Cure
|upkeep
|turn|39
|
|t:|1759016087
|move|p2a: Cinderace|Pyro Ball|p1a: Garganacl
|-damage|p1a: Garganacl|50/100
|move|p1a: Garganacl|Recover|p1a: Garganacl
|-heal|p1a: Garganacl|99/100
|
|-heal|p1a: Garganacl|100/100|[from] item: Leftovers
|-damage|p2a: Cinderace|0 fnt|[from] Salt Cure
|faint|p2a: Cinderace
|upkeep
|
|t:|1759016089
|switch|p2a: Zamazenta|Zamazenta|72/100
|turn|40
|
|t:|1759016092
|move|p2a: Zamazenta|Iron Defense|p2a: Zamazenta
|-boost|p2a: Zamazenta|def|2
|move|p1a: Garganacl|Salt Cure|p2a: Zamazenta
|-resisted|p2a: Zamazenta
|-damage|p2a: Zamazenta|67/100
|-start|p2a: Zamazenta|Salt Cure
|
|-heal|p2a: Zamazenta|73/100|[from] item: Leftovers
|-damage|p2a: Zamazenta|61/100|[from] Salt Cure
|upkeep
|turn|41
|
|t:|1759016095
|move|p2a: Zamazenta|Iron Defense|p2a: Zamazenta
|-boost|p2a: Zamazenta|def|2
|move|p1a: Garganacl|Curse|p1a: Garganacl
|-unboost|p1a: Garganacl|spe|1
|-boost|p1a: Garganacl|atk|1
|-boost|p1a: Garganacl|def|1
|
|-heal|p2a: Zamazenta|67/100|[from] item: Leftovers
|-damage|p2a: Zamazenta|54/100|[from] Salt Cure
|upkeep
|turn|42
|
|t:|1759016096
|move|p2a: Zamazenta|Iron Defense|p2a: Zamazenta
|-boost|p2a: Zamazenta|def|2
|move|p1a: Garganacl|Curse|p1a: Garganacl
|-unboost|p1a: Garganacl|spe|1
|-boost|p1a: Garganacl|atk|1
|-boost|p1a: Garganacl|def|1
|
|-heal|p2a: Zamazenta|61/100|[from] item: Leftovers
|-damage|p2a: Zamazenta|48/100|[from] Salt Cure
|upkeep
|turn|43
|
|t:|1759016098
|move|p2a: Zamazenta|Body Press|p1a: Garganacl
|-resisted|p1a: Garganacl
|-damage|p1a: Garganacl|86/100
|move|p1a: Garganacl|Curse|p1a: Garganacl
|-unboost|p1a: Garganacl|spe|1
|-boost|p1a: Garganacl|atk|1
|-boost|p1a: Garganacl|def|1
|
|-heal|p2a: Zamazenta|54/100|[from] item: Leftovers
|-heal|p1a: Garganacl|93/100|[from] item: Leftovers
|-damage|p2a: Zamazenta|42/100|[from] Salt Cure
|upkeep
|turn|44
|
|t:|1759016102
|move|p2a: Zamazenta|Body Press|p1a: Garganacl
|-resisted|p1a: Garganacl
|-damage|p1a: Garganacl|80/100
|move|p1a: Garganacl|Curse|p1a: Garganacl
|-unboost|p1a: Garganacl|spe|1
|-boost|p1a: Garganacl|atk|1
|-boost|p1a: Garganacl|def|1
|
|-heal|p2a: Zamazenta|48/100|[from] item: Leftovers
|-heal|p1a: Garganacl|87/100|[from] item: Leftovers
|-damage|p2a: Zamazenta|36/100|[from] Salt Cure
|upkeep
|turn|45
|
|t:|1759016104
|move|p1a: Garganacl|Protect|p1a: Garganacl
|-singleturn|p1a: Garganacl|Protect
|move|p2a: Zamazenta|Body Press|p1a: Garganacl
|-activate|p1a: Garganacl|move: Protect
|
|-heal|p2a: Zamazenta|42/100|[from] item: Leftovers
|-heal|p1a: Garganacl|93/100|[from] item: Leftovers
|-damage|p2a: Zamazenta|30/100|[from] Salt Cure
|upkeep
|turn|46
|
|t:|1759016107
|move|p2a: Zamazenta|Body Press|p1a: Garganacl
|-resisted|p1a: Garganacl
|-crit|p1a: Garganacl
|-damage|p1a: Garganacl|29/100
|move|p1a: Garganacl|Salt Cure|p2a: Zamazenta
|-resisted|p2a: Zamazenta
|-damage|p2a: Zamazenta|24/100
|
|-heal|p2a: Zamazenta|30/100|[from] item: Leftovers
|-heal|p1a: Garganacl|36/100|[from] item: Leftovers
|-damage|p2a: Zamazenta|18/100|[from] Salt Cure
|upkeep
|turn|47
|
|t:|1759016110
|switch|p2a: Primarina|Primarina, F, tera:Poison|13/100
|move|p1a: Garganacl|Protect||[still]
|-fail|p1a: Garganacl
|
|-heal|p1a: Garganacl|42/100|[from] item: Leftovers
|upkeep
|turn|48
|
|t:|1759016116
|move|p1a: Garganacl|Protect|p1a: Garganacl
|-singleturn|p1a: Garganacl|Protect
|move|p2a: Primarina|Surf|p1a: Garganacl
|-activate|p1a: Garganacl|move: Protect
|
|-heal|p1a: Garganacl|48/100|[from] item: Leftovers
|upkeep
|turn|49
|
|t:|1759016121
|move|p2a: Primarina|Surf|p1a: Garganacl
|-damage|p1a: Garganacl|1/100
|move|p1a: Garganacl|Salt Cure|p2a: Primarina
|-damage|p2a: Primarina|0 fnt
|faint|p2a: Primarina
|
|-heal|p1a: Garganacl|7/100|[from] item: Leftovers
|upkeep
|
|t:|1759016124
|switch|p2a: Zamazenta|Zamazenta|18/100
|turn|50
|
|t:|1759016131
|move|p2a: Zamazenta|Body Press|p1a: Garganacl
|-resisted|p1a: Garganacl
|-crit|p1a: Garganacl
|-damage|p1a: Garganacl|0 fnt
|faint|p1a: Garganacl
|
|win|Light SV
|raw|Ctannn's rating: 1975 &rarr; <strong>1948</strong><br />(-27 for losing)
|raw|Light SV's rating: 1845 &rarr; <strong>1872</strong><br />(+27 for winning)
|l|☆Light SV
|player|p2|
|l|☆Ctannn
|player|p1|
