|badge|p1|silver|gen9ou|30-6
|html|<div class="broadcast-red"><strong>This battle is required to be public due to one or more player having a season medal.</strong><br />During the public phase, you can discuss the state of the ladder <a href="/seasondiscussion">in a special chatroom.</a></div>
|uhtml|medal-msg|<div class="broadcast-blue">Curious what those medals under the avatar are? PS now has Ladder Seasons! For more information, check out the <a href="https://www.smogon.com/forums/threads/3740067/">thread on Smogon.</a></div>
|badge|p2|silver|gen9ou|30-6
|uhtml|medal-msg|<div class="broadcast-blue">Curious what those medals under the avatar are? PS now has Ladder Seasons! For more information, check out the <a href="https://www.smogon.com/forums/threads/3740067/">thread on Smogon.</a></div>
|raw|<div class="broadcast-blue"><strong>This battle is required to be public due to a player having a name starting with 'medal'.</div>
|j|☆LT124YH Ghoul
|j|☆chusei20
|t:|1758971507
|gametype|singles
|player|p1|LT124YH Ghoul|#wcop2024asia|1940
|player|p2|chusei20|265|1948
|gen|9
|tier|[Gen 9] OU
|rated|
|rule|HP Percentage Mod: HP is shown in percentages
|rule|Endless Battle Clause: Forcing endless battles is banned
|rule|Species Clause: Limit one of each Pokémon
|rule|OHKO Clause: OHKO moves are banned
|rule|Evasion Items Clause: Evasion items are banned
|rule|Evasion Moves Clause: Evasion moves are banned
|rule|Evasion Abilities Clause: Evasion abilities are banned
|rule|Sleep Moves Clause: Sleep-inducing moves are banned
|clearpoke
|poke|p1|Enamorus, F|
|poke|p1|Araquanid, M|
|poke|p1|Gholdengo|
|poke|p1|Iron Valiant|
|poke|p1|Kingambit, F|
|poke|p1|Great Tusk|
|poke|p2|Kyurem|
|poke|p2|Ting-Lu|
|poke|p2|Iron Valiant|
|poke|p2|Glimmora, M|
|poke|p2|Moltres|
|poke|p2|Raging Bolt|
|teampreview
|inactive|Battle timer is ON: inactive players will automatically lose when time's up. (requested by LT124YH Ghoul)
|j| weirdhamsters alr
|
|t:|1758971524
|teamsize|p1|6
|teamsize|p2|6
|start
|switch|p1a: Robot|Gholdengo|100/100
|switch|p2a: Kyurem|Kyurem|100/100
|-ability|p2a: Kyurem|Pressure
|turn|1
|l| weirdhamsters alr
|
|t:|1758971528
|move|p2a: Kyurem|Substitute|p2a: Kyurem
|-start|p2a: Kyurem|Substitute
|-damage|p2a: Kyurem|76/100
|move|p1a: Robot|Make It Rain|p2a: Kyurem
|-supereffective|p2a: Kyurem
|-end|p2a: Kyurem|Substitute
|-unboost|p1a: Robot|spa|1
|
|-heal|p2a: Kyurem|82/100|[from] item: Leftovers
|upkeep
|turn|2
|
|t:|1758971531
|move|p2a: Kyurem|Substitute|p2a: Kyurem
|-start|p2a: Kyurem|Substitute
|-damage|p2a: Kyurem|57/100
|move|p1a: Robot|Nasty Plot|p1a: Robot
|-boost|p1a: Robot|spa|2
|
|-heal|p2a: Kyurem|63/100|[from] item: Leftovers
|upkeep
|turn|3
|
|t:|1758971534
|move|p2a: Kyurem|Earth Power|p1a: Robot
|-supereffective|p1a: Robot
|-damage|p1a: Robot|38/100
|move|p1a: Robot|Shadow Ball|p2a: Kyurem
|-end|p2a: Kyurem|Substitute
|
|-heal|p2a: Kyurem|69/100|[from] item: Leftovers
|upkeep
|turn|4
|
|t:|1758971537
|switch|p1a: Doc Seismic|Araquanid, M|100/100
|move|p2a: Kyurem|Earth Power|p1a: Doc Seismic
|-resisted|p1a: Doc Seismic
|-damage|p1a: Doc Seismic|87/100
|
|-heal|p2a: Kyurem|75/100|[from] item: Leftovers
|upkeep
|turn|5
|
|t:|1758971542
|move|p2a: Kyurem|Freeze-Dry|p1a: Doc Seismic
|-supereffective|p1a: Doc Seismic
|-damage|p1a: Doc Seismic|21/100
|move|p1a: Doc Seismic|Sticky Web|p2a: Kyurem
|-sidestart|p2: chusei20|move: Sticky Web
|
|-heal|p2a: Kyurem|82/100|[from] item: Leftovers
|upkeep
|turn|6
|
|t:|1758971556
|switch|p1a: Robot|Gholdengo|38/100
|move|p2a: Kyurem|Protect||[still]
|-fail|p2a: Kyurem
|
|-heal|p2a: Kyurem|88/100|[from] item: Leftovers
|upkeep
|turn|7
|
|t:|1758971560
|move|p2a: Kyurem|Earth Power|p1a: Robot
|-supereffective|p1a: Robot
|-damage|p1a: Robot|0 fnt
|faint|p1a: Robot
|
|-heal|p2a: Kyurem|94/100|[from] item: Leftovers
|upkeep
|j| Rizzofreko
|
|t:|1758971564
|switch|p1a: Atom Eve|Iron Valiant|100/100
|-enditem|p1a: Atom Eve|Booster Energy
|-activate|p1a: Atom Eve|ability: Quark Drive|[fromitem]
|-start|p1a: Atom Eve|quarkdrivespa
|turn|8
|
|t:|1758971567
|move|p1a: Atom Eve|Calm Mind|p1a: Atom Eve
|-boost|p1a: Atom Eve|spa|1
|-boost|p1a: Atom Eve|spd|1
|move|p2a: Kyurem|Freeze-Dry|p1a: Atom Eve
|-damage|p1a: Atom Eve|57/100
|
|-heal|p2a: Kyurem|99/100|[from] item: Leftovers
|upkeep
|turn|9
|j| ybah
|
|t:|1758971572
|switch|p2a: Moltres|Moltres|100/100
|move|p1a: Atom Eve|Calm Mind|p1a: Atom Eve
|-boost|p1a: Atom Eve|spa|1
|-boost|p1a: Atom Eve|spd|1
|
|upkeep
|turn|10
|
|t:|1758971575
|move|p1a: Atom Eve|Thunderbolt|p2a: Moltres
|-supereffective|p2a: Moltres
|-damage|p2a: Moltres|0 fnt
|faint|p2a: Moltres
|
|upkeep
|
|t:|1758971577
|switch|p2a: Glimmora|Glimmora, M|100/100
|-activate|p2a: Glimmora|move: Sticky Web
|-unboost|p2a: Glimmora|spe|1
|turn|11
|
|t:|1758971579
|move|p1a: Atom Eve|Thunderbolt|p2a: Glimmora
|-enditem|p2a: Glimmora|Focus Sash
|-damage|p2a: Glimmora|1/100
|move|p2a: Glimmora|Mortal Spin|p1a: Atom Eve
|-supereffective|p1a: Atom Eve
|-damage|p1a: Atom Eve|40/100
|-status|p1a: Atom Eve|psn
|-sideend|p2: chusei20|Sticky Web|[from] move: Mortal Spin|[of] p2a: Glimmora
|
|-damage|p1a: Atom Eve|27/100 psn|[from] psn
|upkeep
|turn|12
|
|t:|1758971583
|move|p1a: Atom Eve|Moonblast|p2a: Glimmora
|-resisted|p2a: Glimmora
|-damage|p2a: Glimmora|0 fnt
|faint|p2a: Glimmora
|
|-damage|p1a: Atom Eve|15/100 psn|[from] psn
|upkeep
|
|t:|1758971586
|switch|p2a: Iron Valiant|Iron Valiant|100/100
|-enditem|p2a: Iron Valiant|Booster Energy
|-activate|p2a: Iron Valiant|ability: Quark Drive|[fromitem]
|-start|p2a: Iron Valiant|quarkdrivespe
|turn|13
|
|t:|1758971588
|move|p1a: Atom Eve|Vacuum Wave|p2a: Iron Valiant
|-resisted|p2a: Iron Valiant
|-damage|p2a: Iron Valiant|48/100
|move|p2a: Iron Valiant|Moonblast|p1a: Atom Eve
|-supereffective|p1a: Atom Eve
|-damage|p1a: Atom Eve|0 fnt
|faint|p1a: Atom Eve
|-end|p1a: Atom Eve|Quark Drive|[silent]
|
|upkeep
|
|t:|1758971590
|switch|p1a: Doc Seismic|Araquanid, M|21/100
|turn|14
|-enditem|p1a: Doc Seismic|Custap Berry|[eat]
|-activate|p1a: Doc Seismic|item: Custap Berry|[consumed]
|
|t:|1758971603
|move|p1a: Doc Seismic|Liquidation|p2a: Iron Valiant
|-damage|p2a: Iron Valiant|0 fnt
|faint|p2a: Iron Valiant
|-end|p2a: Iron Valiant|Quark Drive|[silent]
|
|upkeep
|
|t:|1758971606
|switch|p2a: Kyurem|Kyurem|99/100
|-ability|p2a: Kyurem|Pressure
|turn|15
|
|t:|1758971611
|move|p2a: Kyurem|Freeze-Dry|p1a: Doc Seismic
|-supereffective|p1a: Doc Seismic
|-damage|p1a: Doc Seismic|0 fnt
|faint|p1a: Doc Seismic
|
|-heal|p2a: Kyurem|100/100|[from] item: Leftovers
|upkeep
|j| pokemon_loover
|
|t:|1758971630
|switch|p1a: Omni-Man|Kingambit, F|100/100
|-activate|p1a: Omni-Man|ability: Supreme Overlord
|-start|p1a: Omni-Man|fallen3|[silent]
|-item|p1a: Omni-Man|Air Balloon
|turn|16
|
|t:|1758971636
|move|p2a: Kyurem|Freeze-Dry|p1a: Omni-Man
|-resisted|p1a: Omni-Man
|-damage|p1a: Omni-Man|78/100
|-enditem|p1a: Omni-Man|Air Balloon
|move|p1a: Omni-Man|Iron Head|p2a: Kyurem
|-supereffective|p2a: Kyurem
|-damage|p2a: Kyurem|0 fnt
|faint|p2a: Kyurem
|
|upkeep
|
|t:|1758971639
|switch|p2a: Ting-Lu|Ting-Lu|100/100
|-ability|p2a: Ting-Lu|Vessel of Ruin
|turn|17
|
|t:|1758971641
|move|p1a: Omni-Man|Low Kick|p2a: Ting-Lu
|-supereffective|p2a: Ting-Lu
|-damage|p2a: Ting-Lu|40/100
|move|p2a: Ting-Lu|Earthquake|p1a: Omni-Man
|-supereffective|p1a: Omni-Man
|-damage|p1a: Omni-Man|14/100
|
|-heal|p2a: Ting-Lu|46/100|[from] item: Leftovers
|upkeep
|turn|18
|
|t:|1758971644
|move|p1a: Omni-Man|Low Kick|p2a: Ting-Lu
|-supereffective|p2a: Ting-Lu
|-damage|p2a: Ting-Lu|0 fnt
|faint|p2a: Ting-Lu
|
|upkeep
|
|t:|1758971645
|switch|p2a: Raging Bolt|Raging Bolt|100/100
|-enditem|p2a: Raging Bolt|Booster Energy
|-activate|p2a: Raging Bolt|ability: Protosynthesis|[fromitem]
|-start|p2a: Raging Bolt|protosynthesisspa
|turn|19
|
|t:|1758971647
|move|p2a: Raging Bolt|Thunderclap|p1a: Omni-Man
|-crit|p1a: Omni-Man
|-damage|p1a: Omni-Man|0 fnt
|faint|p1a: Omni-Man
|-end|p1a: Omni-Man|fallen3|[silent]
|
|upkeep
|
|t:|1758971653
|switch|p1a: Conquest|Enamorus, F|100/100
|turn|20
|
|t:|1758971656
|move|p2a: Raging Bolt|Thunderclap||[still]
|-fail|p2a: Raging Bolt
|move|p1a: Conquest|Substitute|p1a: Conquest
|-start|p1a: Conquest|Substitute
|-damage|p1a: Conquest|76/100
|
|-heal|p1a: Conquest|82/100|[from] item: Leftovers
|upkeep
|turn|21
|l| ybah
|
|t:|1758971661
|-terastallize|p2a: Raging Bolt|Flying
|move|p1a: Conquest|Moonblast|p2a: Raging Bolt
|-damage|p2a: Raging Bolt|58/100
|-unboost|p2a: Raging Bolt|spa|1
|move|p2a: Raging Bolt|Calm Mind|p2a: Raging Bolt
|-boost|p2a: Raging Bolt|spa|1
|-boost|p2a: Raging Bolt|spd|1
|
|-heal|p1a: Conquest|88/100|[from] item: Leftovers
|upkeep
|turn|22
|-message|chusei20 forfeited.
|
|win|LT124YH Ghoul
|raw|LT124YH Ghoul's rating: 1940 &rarr; <strong>1960</strong><br />(+20 for winning)
|raw|chusei20's rating: 1948 &rarr; <strong>1928</strong><br />(-20 for losing)
|l|☆chusei20
|player|p2|
|l|☆LT124YH Ghoul
|player|p1|
|l| Rizzofreko
|l| pokemon_loover
