|j|☆summit_lol
|j|☆YumeKasumi76
|t:|1759055340
|gametype|singles
|player|p1|summit_lol|brock|1405
|player|p2|YumeKasumi76|265|1412
|gen|9
|tier|[Gen 9] OU
|rated|
|rule|HP Percentage Mod: HP is shown in percentages
|rule|Endless Battle Clause: Forcing endless battles is banned
|rule|Species Clause: Limit one of each Pokémon
|rule|OHKO Clause: OHKO moves are banned
|rule|Evasion Items Clause: Evasion items are banned
|rule|Evasion Moves Clause: Evasion moves are banned
|rule|Evasion Abilities Clause: Evasion abilities are banned
|rule|Sleep Moves Clause: Sleep-inducing moves are banned
|clearpoke
|poke|p1|Glimmora, F|
|poke|p1|Ogerpon-Wellspring, F|
|poke|p1|Hatterene, F|
|poke|p1|Iron Moth|
|poke|p1|Dragonite, F|
|poke|p1|Kingambit, F|
|poke|p2|Cobalion|
|poke|p2|Weezing-Galar, M|
|poke|p2|Lokix, F|
|poke|p2|Arboliva, M|
|poke|p2|Ceruledge, F|
|poke|p2|Latios, M|
|teampreview
|
|t:|1759055344
|teamsize|p1|6
|teamsize|p2|6
|start
|switch|p1a: Glimmora|Glimmora, F|100/100
|switch|p2a: Iverson|Latios, M|100/100
|turn|1
|inactive|Battle timer is ON: inactive players will automatically lose when time's up. (requested by YumeKasumi76)
|
|t:|1759055349
|move|p2a: Iverson|Luster Purge|p1a: Glimmora
|-supereffective|p1a: Glimmora
|-enditem|p1a: Glimmora|Focus Sash
|-damage|p1a: Glimmora|1/100
|-unboost|p1a: Glimmora|spd|1
|move|p1a: Glimmora|Stealth Rock|p2a: Iverson
|-sidestart|p2: YumeKasumi76|move: Stealth Rock
|
|upkeep
|turn|2
|
|t:|1759055356
|switch|p2a: Ironhyde|Cobalion|100/100
|-damage|p2a: Ironhyde|98/100|[from] Stealth Rock
|move|p1a: Glimmora|Power Gem|p2a: Ironhyde
|-resisted|p2a: Ironhyde
|-damage|p2a: Ironhyde|82/100
|
|upkeep
|turn|3
|
|t:|1759055365
|move|p2a: Ironhyde|Volt Switch|p1a: Glimmora
|-damage|p1a: Glimmora|0 fnt
|faint|p1a: Glimmora
|
|t:|1759055369
|switch|p2a: M'affald|Weezing-Galar, M|100/100|[from] Volt Switch
|-ability|p2a: M'affald|Neutralizing Gas
|
|upkeep
|
|t:|1759055383
|switch|p1a: Dragonite|Dragonite, F|100/100
|turn|4
|
|t:|1759055387
|move|p1a: Dragonite|Dragon Dance|p1a: Dragonite
|-boost|p1a: Dragonite|atk|1
|-boost|p1a: Dragonite|spe|1
|move|p2a: M'affald|Will-O-Wisp|p1a: Dragonite
|-status|p1a: Dragonite|brn
|-enditem|p1a: Dragonite|Lum Berry|[eat]
|-curestatus|p1a: Dragonite|brn|[msg]
|
|upkeep
|turn|5
|
|t:|1759055398
|-terastallize|p2a: M'affald|Water
|move|p1a: Dragonite|Earthquake|p2a: M'affald
|-damage|p2a: M'affald|62/100
|move|p2a: M'affald|Will-O-Wisp|p1a: Dragonite
|-status|p1a: Dragonite|brn
|
|-damage|p1a: Dragonite|94/100 brn|[from] brn
|upkeep
|turn|6
|
|t:|1759055406
|-end|p2a: M'affald|ability: Neutralizing Gas
|switch|p2a: Pantheon|Arboliva, M|100/100
|-damage|p2a: Pantheon|88/100|[from] Stealth Rock
|move|p1a: Dragonite|Encore||[still]
|-fail|p1a: Dragonite
|
|-damage|p1a: Dragonite|88/100 brn|[from] brn
|upkeep
|turn|7
|
|t:|1759055415
|move|p1a: Dragonite|Ice Spinner|p2a: Pantheon
|-supereffective|p2a: Pantheon
|-damage|p2a: Pantheon|46/100
|-fieldstart|move: Grassy Terrain|[from] ability: Seed Sower|[of] p2a: Pantheon
|-fieldend|move: Grassy Terrain
|move|p2a: Pantheon|Tera Blast|p1a: Dragonite
|-damage|p1a: Dragonite|50/100 brn
|
|-damage|p1a: Dragonite|44/100 brn|[from] brn
|upkeep
|turn|8
|
|t:|1759055424
|switch|p2a: Ironhyde|Cobalion|82/100
|-damage|p2a: Ironhyde|79/100|[from] Stealth Rock
|move|p1a: Dragonite|Ice Spinner|p2a: Ironhyde
|-resisted|p2a: Ironhyde
|-damage|p2a: Ironhyde|72/100
|-damage|p1a: Dragonite|27/100 brn|[from] item: Rocky Helmet|[of] p2a: Ironhyde
|
|-damage|p1a: Dragonite|21/100 brn|[from] brn
|upkeep
|turn|9
|
|t:|1759055431
|move|p1a: Dragonite|Earthquake|p2a: Ironhyde
|-supereffective|p2a: Ironhyde
|-damage|p2a: Ironhyde|32/100
|move|p2a: Ironhyde|Volt Switch|p1a: Dragonite
|-damage|p1a: Dragonite|6/100 brn
|
|t:|1759055437
|switch|p2a: M'affald|Weezing-Galar, M, tera:Water|62/100|[from] Volt Switch
|-ability|p2a: M'affald|Neutralizing Gas
|
|-damage|p1a: Dragonite|0 fnt|[from] brn
|faint|p1a: Dragonite
|upkeep
|
|t:|1759055451
|switch|p1a: Iron Moth|Iron Moth|100/100
|turn|10
|
|t:|1759055461
|-end|p2a: M'affald|ability: Neutralizing Gas
|switch|p2a: Pantheon|Arboliva, M|46/100
|-enditem|p1a: Iron Moth|Booster Energy
|-activate|p1a: Iron Moth|ability: Quark Drive|[fromitem]
|-start|p1a: Iron Moth|quarkdrivespe
|-damage|p2a: Pantheon|33/100|[from] Stealth Rock
|move|p1a: Iron Moth|Substitute|p1a: Iron Moth
|-start|p1a: Iron Moth|Substitute
|-damage|p1a: Iron Moth|76/100
|
|upkeep
|turn|11
|
|t:|1759055472
|move|p1a: Iron Moth|Fiery Dance|p2a: Pantheon
|-supereffective|p2a: Pantheon
|-damage|p2a: Pantheon|0 fnt
|-fieldstart|move: Grassy Terrain|[from] ability: Seed Sower|[of] p2a: Pantheon
|faint|p2a: Pantheon
|
|-heal|p1a: Iron Moth|82/100|[from] Grassy Terrain
|upkeep
|
|t:|1759055474
|switch|p2a: Jalter|Ceruledge, F|100/100
|-damage|p2a: Jalter|76/100|[from] Stealth Rock
|turn|12
|
|t:|1759055501
|move|p1a: Iron Moth|Fiery Dance|p2a: Jalter
|-start|p2a: Jalter|ability: Flash Fire
|move|p2a: Jalter|Bulk Up|p2a: Jalter
|-boost|p2a: Jalter|atk|1
|-boost|p2a: Jalter|def|1
|
|-heal|p1a: Iron Moth|88/100|[from] Grassy Terrain
|-heal|p2a: Jalter|82/100|[from] Grassy Terrain
|-heal|p2a: Jalter|88/100|[from] item: Leftovers
|upkeep
|turn|13
|
|t:|1759055506
|move|p1a: Iron Moth|Sludge Wave|p2a: Jalter
|-resisted|p2a: Jalter
|-damage|p2a: Jalter|68/100
|move|p2a: Jalter|Bitter Blade|p1a: Iron Moth
|-resisted|p1a: Iron Moth
|-end|p1a: Iron Moth|Substitute
|-heal|p2a: Jalter|79/100|[from] drain|[of] p1a: Iron Moth
|
|-heal|p1a: Iron Moth|94/100|[from] Grassy Terrain
|-heal|p2a: Jalter|85/100|[from] Grassy Terrain
|-heal|p2a: Jalter|91/100|[from] item: Leftovers
|upkeep
|turn|14
|inactive|summit_lol has 120 seconds left.
|
|t:|1759055534
|-end|p1a: Iron Moth|Quark Drive|[silent]
|switch|p1a: Ogerpon|Ogerpon-Wellspring, F|100/100
|move|p2a: Jalter|Bulk Up|p2a: Jalter
|-boost|p2a: Jalter|atk|1
|-boost|p2a: Jalter|def|1
|
|-heal|p2a: Jalter|97/100|[from] Grassy Terrain
|-heal|p2a: Jalter|100/100|[from] item: Leftovers
|upkeep
|turn|15
|
|t:|1759055540
|move|p1a: Ogerpon|Ivy Cudgel|p2a: Jalter|[anim] Ivy Cudgel Water
|-supereffective|p2a: Jalter
|-damage|p2a: Jalter|26/100
|move|p2a: Jalter|Bitter Blade|p1a: Ogerpon
|-damage|p1a: Ogerpon|0 fnt
|-heal|p2a: Jalter|70/100|[from] drain|[of] p1a: Ogerpon
|faint|p1a: Ogerpon
|
|-heal|p2a: Jalter|76/100|[from] Grassy Terrain
|-heal|p2a: Jalter|83/100|[from] item: Leftovers
|-fieldend|move: Grassy Terrain
|upkeep
|
|t:|1759055547
|switch|p1a: Kingambit|Kingambit, F|100/100
|-activate|p1a: Kingambit|ability: Supreme Overlord
|-start|p1a: Kingambit|fallen3|[silent]
|turn|16
|
|t:|1759055557
|-terastallize|p1a: Kingambit|Fire
|move|p2a: Jalter|Bulk Up|p2a: Jalter
|-boost|p2a: Jalter|atk|1
|-boost|p2a: Jalter|def|1
|move|p1a: Kingambit|Kowtow Cleave|p2a: Jalter
|-supereffective|p2a: Jalter
|-damage|p2a: Jalter|8/100
|
|-heal|p2a: Jalter|14/100|[from] item: Leftovers
|upkeep
|turn|17
|
|t:|1759055562
|move|p2a: Jalter|Shadow Sneak|p1a: Kingambit
|-damage|p1a: Kingambit|62/100
|move|p1a: Kingambit|Sucker Punch||[still]
|-fail|p1a: Kingambit
|
|-heal|p2a: Jalter|20/100|[from] item: Leftovers
|upkeep
|turn|18
|
|t:|1759055565
|move|p2a: Jalter|Bitter Blade|p1a: Kingambit
|-resisted|p1a: Kingambit
|-damage|p1a: Kingambit|0 fnt
|-heal|p2a: Jalter|52/100|[from] drain|[of] p1a: Kingambit
|faint|p1a: Kingambit
|-end|p1a: Kingambit|fallen3|[silent]
|
|-heal|p2a: Jalter|58/100|[from] item: Leftovers
|upkeep
|-message|summit_lol forfeited.
|
|win|YumeKasumi76
|raw|summit_lol's rating: 1405 &rarr; <strong>1385</strong><br />(-20 for losing)
|raw|YumeKasumi76's rating: 1412 &rarr; <strong>1432</strong><br />(+20 for winning)
|l|☆summit_lol
|player|p1|
|l|☆YumeKasumi76
|player|p2|
|j|☆YumeKasumi76
|player|p2|YumeKasumi76|265|
|l|☆YumeKasumi76
|player|p2|
