|j|☆woshishui000
|j|☆pxouzza
|t:|1759057222
|gametype|singles
|player|p1|woshishui000|hilda-wonderlauncher|1116
|player|p2|pxouzza|wallace|1169
|gen|9
|tier|[Gen 9] OU
|rated|
|rule|HP Percentage Mod: HP is shown in percentages
|rule|Endless Battle Clause: Forcing endless battles is banned
|rule|Species Clause: Limit one of each Pokémon
|rule|OHKO Clause: OHKO moves are banned
|rule|Evasion Items Clause: Evasion items are banned
|rule|Evasion Moves Clause: Evasion moves are banned
|rule|Evasion Abilities Clause: Evasion abilities are banned
|rule|Sleep Moves Clause: Sleep-inducing moves are banned
|clearpoke
|poke|p1|Torkoal, F|
|poke|p1|Kingambit, F|
|poke|p1|Hatterene, F|
|poke|p1|Bronzong|
|poke|p1|Ursaluna, M|
|poke|p1|Crabominable, F|
|poke|p2|Conkeldurr, F|
|poke|p2|Alomomola, M|
|poke|p2|Moltres|
|poke|p2|Weezing-Galar, F|
|poke|p2|Ting-Lu|
|poke|p2|Enamorus, F|
|teampreview
|inactive|Battle timer is ON: inactive players will automatically lose when time's up. (requested by pxouzza)
|inactive|pxouzza has 120 seconds left.
|
|t:|1759057265
|teamsize|p1|6
|teamsize|p2|6
|start
|switch|p1a: Ursaluna|Ursaluna, M|100/100
|switch|p2a: Ting-Lu|Ting-Lu|100/100
|-ability|p2a: Ting-Lu|Vessel of Ruin
|turn|1
|
|t:|1759057274
|move|p1a: Ursaluna|Swords Dance|p1a: Ursaluna
|-boost|p1a: Ursaluna|atk|2
|move|p2a: Ting-Lu|Whirlwind|p1a: Ursaluna
|drag|p1a: Torkoal|Torkoal, F|100/100
|-weather|SunnyDay|[from] ability: Drought|[of] p1a: Torkoal
|
|-weather|SunnyDay|[upkeep]
|upkeep
|turn|2
|
|t:|1759057282
|move|p2a: Ting-Lu|Stealth Rock|p1a: Torkoal
|-sidestart|p1: woshishui000|move: Stealth Rock
|move|p1a: Torkoal|Eruption|p2a: Ting-Lu
|-damage|p2a: Ting-Lu|50/100
|
|-weather|SunnyDay|[upkeep]
|-heal|p2a: Ting-Lu|57/100|[from] item: Leftovers
|upkeep
|turn|3
|
|t:|1759057293
|switch|p1a: Crabominable|Crabominable, F|100/100
|-damage|p1a: Crabominable|88/100|[from] Stealth Rock
|move|p2a: Ting-Lu|Ruination|p1a: Crabominable
|-damage|p1a: Crabominable|44/100
|
|-weather|SunnyDay|[upkeep]
|-heal|p2a: Ting-Lu|63/100|[from] item: Leftovers
|upkeep
|turn|4
|
|t:|1759057302
|switch|p2a: Moltres|Moltres|100/100
|move|p1a: Crabominable|Ice Hammer|p2a: Moltres
|-damage|p2a: Moltres|0 fnt
|-unboost|p1a: Crabominable|spe|1
|faint|p2a: Moltres
|
|-weather|SunnyDay|[upkeep]
|upkeep
|inactive|pxouzza has 120 seconds left.
|
|t:|1759057337
|switch|p2a: Conkeldurr|Conkeldurr, F|100/100
|turn|5
|
|t:|1759057344
|switch|p1a: Hatterene|Hatterene, F|100/100
|-damage|p1a: Hatterene|88/100|[from] Stealth Rock
|move|p2a: Conkeldurr|Mach Punch|p1a: Hatterene
|-resisted|p1a: Hatterene
|-damage|p1a: Hatterene|84/100
|
|-weather|none
|-status|p2a: Conkeldurr|brn|[from] item: Flame Orb
|upkeep
|turn|6
|
|t:|1759057357
|-terastallize|p2a: Conkeldurr|Normal
|move|p2a: Conkeldurr|Facade|p1a: Hatterene
|-damage|p1a: Hatterene|0 fnt
|faint|p1a: Hatterene
|
|-damage|p2a: Conkeldurr|94/100 brn|[from] brn
|upkeep
|
|t:|1759057365
|switch|p1a: Ursaluna|Ursaluna, M|100/100
|-damage|p1a: Ursaluna|94/100|[from] Stealth Rock
|turn|7
|j| steven140702
|
|t:|1759057374
|move|p2a: Conkeldurr|Facade|p1a: Ursaluna
|-damage|p1a: Ursaluna|4/100
|move|p1a: Ursaluna|Swords Dance|p1a: Ursaluna
|-boost|p1a: Ursaluna|atk|2
|
|-damage|p2a: Conkeldurr|88/100 brn|[from] brn
|-status|p1a: Ursaluna|brn|[from] item: Flame Orb
|upkeep
|turn|8
|-message|woshishui000 forfeited.
|
|win|pxouzza
|raw|woshishui000's rating: 1116 &rarr; <strong>1095</strong><br />(-21 for losing)
|raw|pxouzza's rating: 1169 &rarr; <strong>1190</strong><br />(+21 for winning)
|l|☆woshishui000
|player|p1|
|l|☆pxouzza
|player|p2|
