|j|☆oxlerd11
|j|☆Mr_Stonks0406
|t:|1758955913
|gametype|singles
|player|p1|oxlerd11|ingo|1133
|player|p2|Mr_Stonks0406|rocketgrunt|1161
|gen|9
|tier|[Gen 9] OU
|rated|
|rule|HP Percentage Mod: HP is shown in percentages
|rule|Endless Battle Clause: Forcing endless battles is banned
|rule|Species Clause: Limit one of each Pokémon
|rule|OHKO Clause: OHKO moves are banned
|rule|Evasion Items Clause: Evasion items are banned
|rule|Evasion Moves Clause: Evasion moves are banned
|rule|Evasion Abilities Clause: Evasion abilities are banned
|rule|Sleep Moves Clause: Sleep-inducing moves are banned
|clearpoke
|poke|p1|Dondozo, F|
|poke|p1|Clefable, M|
|poke|p1|Gliscor, M|
|poke|p1|Pecharunt|
|poke|p1|Chansey, F|
|poke|p1|Alomomola, M|
|poke|p2|Quagsire, F|
|poke|p2|Blissey, F|
|poke|p2|Toxapex, F|
|poke|p2|Sinistcha|
|poke|p2|Gliscor, M|
|poke|p2|Corviknight, F|
|teampreview
|
|t:|1758955940
|teamsize|p1|6
|teamsize|p2|6
|start
|switch|p1a: Clefable|Clefable, M|100/100
|switch|p2a: Raven|Corviknight, F, shiny|100/100
|-ability|p2a: Raven|Pressure
|turn|1
|
|t:|1758955949
|move|p2a: Raven|Iron Defense|p2a: Raven
|-boost|p2a: Raven|def|2
|move|p1a: Clefable|Thunder Wave|p2a: Raven
|-status|p2a: Raven|par
|
|upkeep
|turn|2
|
|t:|1758955960
|switch|p1a: Pecharunt|Pecharunt|100/100
|move|p2a: Raven|Iron Defense|p2a: Raven
|-boost|p2a: Raven|def|2
|
|upkeep
|turn|3
|
|t:|1758955976
|switch|p2a: Prickly|Toxapex, F|100/100
|move|p1a: Pecharunt|Night Shade|p2a: Prickly
|-damage|p2a: Prickly|67/100
|
|upkeep
|turn|4
|
|t:|1758955984
|move|p1a: Pecharunt|Substitute|p1a: Pecharunt
|-start|p1a: Pecharunt|Substitute
|-damage|p1a: Pecharunt|75/100
|move|p2a: Prickly|Lunge|p1a: Pecharunt
|-resisted|p1a: Pecharunt
|-activate|p1a: Pecharunt|move: Substitute|[damage]
|
|-heal|p1a: Pecharunt|82/100|[from] item: Leftovers
|upkeep
|turn|5
|
|t:|1758956005
|switch|p2a: Greninga|Quagsire, F|100/100
|move|p1a: Pecharunt|Night Shade|p2a: Greninga
|-damage|p2a: Greninga|75/100
|
|-heal|p1a: Pecharunt|88/100|[from] item: Leftovers
|upkeep
|turn|6
|
|t:|1758956014
|move|p1a: Pecharunt|Toxic|p2a: Greninga
|-status|p2a: Greninga|tox
|-start|p2a: Greninga|confusion|[from] ability: Poison Puppeteer|[of] p1a: Pecharunt
|-activate|p2a: Greninga|confusion
|move|p2a: Greninga|Stealth Rock|p1a: Pecharunt
|-sidestart|p1: oxlerd11|move: Stealth Rock
|
|-heal|p1a: Pecharunt|94/100|[from] item: Leftovers
|-damage|p2a: Greninga|69/100 tox|[from] psn
|upkeep
|turn|7
|
|t:|1758956043
|move|p1a: Pecharunt|Night Shade|p2a: Greninga
|-damage|p2a: Greninga|44/100 tox
|-activate|p2a: Greninga|confusion
|move|p2a: Greninga|Recover|p2a: Greninga
|-heal|p2a: Greninga|94/100 tox
|
|-heal|p1a: Pecharunt|99/100|[from] item: Leftovers
|-damage|p2a: Greninga|81/100 tox|[from] psn
|upkeep
|turn|8
|
|t:|1758956066
|switch|p2a: Lobster|Gliscor, M|100/100
|move|p1a: Pecharunt|Night Shade|p2a: Lobster
|-damage|p2a: Lobster|72/100
|
|-heal|p1a: Pecharunt|100/100|[from] item: Leftovers
|-status|p2a: Lobster|tox|[from] item: Toxic Orb
|upkeep
|turn|9
|inactive|Battle timer is ON: inactive players will automatically lose when time's up. (requested by Mr_Stonks0406)
|
|t:|1758956076
|move|p2a: Lobster|Spikes|p1a: Pecharunt
|-sidestart|p1: oxlerd11|Spikes
|move|p1a: Pecharunt|Night Shade|p2a: Lobster
|-damage|p2a: Lobster|43/100 tox
|
|-heal|p2a: Lobster|55/100 tox|[from] ability: Poison Heal
|upkeep
|turn|10
|
|t:|1758956089
|move|p2a: Lobster|Knock Off|p1a: Pecharunt
|-supereffective|p1a: Pecharunt
|-crit|p1a: Pecharunt
|-end|p1a: Pecharunt|Substitute
|move|p1a: Pecharunt|Night Shade|p2a: Lobster
|-damage|p2a: Lobster|27/100 tox
|
|-heal|p2a: Lobster|39/100 tox|[from] ability: Poison Heal
|upkeep
|turn|11
|
|t:|1758956105
|switch|p1a: Clefable|Clefable, M|100/100
|move|p2a: Lobster|Protect||[still]
|-fail|p2a: Lobster
|
|-heal|p2a: Lobster|51/100 tox|[from] ability: Poison Heal
|upkeep
|turn|12
|
|t:|1758956130
|move|p2a: Lobster|Earthquake|p1a: Clefable
|-damage|p1a: Clefable|67/100
|move|p1a: Clefable|Draining Kiss|p2a: Lobster
|-damage|p2a: Lobster|35/100 tox
|-heal|p1a: Clefable|78/100|[from] drain|[of] p2a: Lobster
|
|-heal|p1a: Clefable|84/100|[from] item: Leftovers
|-heal|p2a: Lobster|47/100 tox|[from] ability: Poison Heal
|upkeep
|turn|13
|
|t:|1758956141
|move|p2a: Lobster|Knock Off|p1a: Clefable
|-resisted|p1a: Clefable
|-damage|p1a: Clefable|73/100
|-enditem|p1a: Clefable|Leftovers|[from] move: Knock Off|[of] p2a: Lobster
|move|p1a: Clefable|Draining Kiss|p2a: Lobster
|-damage|p2a: Lobster|33/100 tox
|-heal|p1a: Clefable|82/100|[from] drain|[of] p2a: Lobster
|
|-heal|p2a: Lobster|46/100 tox|[from] ability: Poison Heal
|upkeep
|turn|14
|
|t:|1758956151
|move|p2a: Lobster|Protect|p2a: Lobster
|-singleturn|p2a: Lobster|Protect
|move|p1a: Clefable|Wish|p1a: Clefable
|
|-heal|p2a: Lobster|58/100 tox|[from] ability: Poison Heal
|upkeep
|turn|15
|
|t:|1758956162
|switch|p2a: Prickly|Toxapex, F|100/100
|move|p1a: Clefable|Draining Kiss|p2a: Prickly
|-resisted|p2a: Prickly
|-damage|p2a: Prickly|95/100
|-heal|p1a: Clefable|86/100|[from] drain|[of] p2a: Prickly
|
|-heal|p1a: Clefable|100/100|[from] move: Wish|[wisher] Clefable
|upkeep
|turn|16
|
|t:|1758956179
|switch|p1a: Gliscor|Gliscor, M|100/100
|-damage|p1a: Gliscor|88/100|[from] Stealth Rock
|move|p2a: Prickly|Toxic|p1a: Gliscor
|-status|p1a: Gliscor|tox
|
|-heal|p1a: Gliscor|100/100 tox|[from] ability: Poison Heal
|upkeep
|turn|17
|inactive|oxlerd11 has 120 seconds left.
|inactive|Mr_Stonks0406 has 120 seconds left.
|
|t:|1758956205
|switch|p2a: Raven|Corviknight, F, shiny|100/100 par
|-ability|p2a: Raven|Pressure
|move|p1a: Gliscor|Facade|p2a: Raven
|-resisted|p2a: Raven
|-damage|p2a: Raven|90/100 par
|
|upkeep
|turn|18
|inactive|oxlerd11 has 120 seconds left.
|
|t:|1758956223
|move|p1a: Gliscor|Crabhammer|p2a: Raven
|-damage|p2a: Raven|75/100 par
|move|p2a: Raven|Iron Defense|p2a: Raven
|-boost|p2a: Raven|def|2
|
|upkeep
|turn|19
|
|t:|1758956231
|move|p1a: Gliscor|Crabhammer|p2a: Raven
|-damage|p2a: Raven|68/100 par
|move|p2a: Raven|Iron Defense|p2a: Raven
|-boost|p2a: Raven|def|2
|
|upkeep
|turn|20
|inactive|oxlerd11 has 120 seconds left.
|
|t:|1758956242
|switch|p1a: Dondozo|Dondozo, F|100/100
|-damage|p1a: Dondozo|88/100|[from] Stealth Rock
|-damage|p1a: Dondozo|76/100|[from] Spikes
|move|p2a: Raven|Roost|p2a: Raven
|-heal|p2a: Raven|100/100 par
|-singleturn|p2a: Raven|move: Roost
|
|upkeep
|turn|21
|inactive|oxlerd11 has 120 seconds left.
|
|t:|1758956252
|move|p1a: Dondozo|Soak|p2a: Raven
|-start|p2a: Raven|typechange|Water
|move|p2a: Raven|Body Press|p1a: Dondozo
|-damage|p1a: Dondozo|63/100
|
|upkeep
|turn|22
|inactive|oxlerd11 has 120 seconds left.
|
|t:|1758956265
|move|p1a: Dondozo|Body Press|p2a: Raven
|-damage|p2a: Raven|83/100 par
|move|p2a: Raven|Iron Defense|p2a: Raven
|-boost|p2a: Raven|def|2
|
|upkeep
|turn|23
|inactive|oxlerd11 has 120 seconds left.
|
|t:|1758956272
|move|p1a: Dondozo|Body Press|p2a: Raven
|-damage|p2a: Raven|64/100 par
|move|p2a: Raven|Body Press|p1a: Dondozo
|-damage|p1a: Dondozo|50/100
|
|upkeep
|turn|24
|
|t:|1758956282
|move|p1a: Dondozo|Body Press|p2a: Raven
|-damage|p2a: Raven|44/100 par
|cant|p2a: Raven|par
|
|upkeep
|turn|25
|
|t:|1758956290
|move|p1a: Dondozo|Body Press|p2a: Raven
|-damage|p2a: Raven|25/100 par
|cant|p2a: Raven|par
|
|upkeep
|turn|26
|
|t:|1758956300
|move|p1a: Dondozo|Body Press|p2a: Raven
|-damage|p2a: Raven|6/100 par
|cant|p2a: Raven|par
|
|upkeep
|turn|27
|c|☆Mr_Stonks0406|bruh
|
|t:|1758956322
|switch|p2a: Prickly|Toxapex, F|100/100
|move|p1a: Dondozo|Soak|p2a: Prickly
|-start|p2a: Prickly|typechange|Water
|
|upkeep
|turn|28
|
|t:|1758956335
|switch|p1a: Pecharunt|Pecharunt|100/100
|-damage|p1a: Pecharunt|88/100|[from] Stealth Rock
|-damage|p1a: Pecharunt|76/100|[from] Spikes
|move|p2a: Prickly|Toxic|p1a: Pecharunt|[miss]
|-miss|p2a: Prickly|p1a: Pecharunt
|
|-heal|p1a: Pecharunt|82/100|[from] item: Leftovers
|upkeep
|turn|29
|inactive|Mr_Stonks0406 has 120 seconds left.
|
|t:|1758956358
|switch|p2a: Lobster|Gliscor, M|58/100 tox
|move|p1a: Pecharunt|Toxic|p2a: Lobster
|-fail|p2a: Lobster|tox
|
|-heal|p1a: Pecharunt|88/100|[from] item: Leftovers
|-heal|p2a: Lobster|70/100 tox|[from] ability: Poison Heal
|upkeep
|turn|30
|
|t:|1758956377
|switch|p1a: Alomomola|Alomomola, M|100/100
|-damage|p1a: Alomomola|88/100|[from] Stealth Rock
|-damage|p1a: Alomomola|76/100|[from] Spikes
|move|p2a: Lobster|Knock Off|p1a: Alomomola
|-damage|p1a: Alomomola|63/100
|-enditem|p1a: Alomomola|Sitrus Berry|[from] move: Knock Off|[of] p2a: Lobster
|
|-heal|p2a: Lobster|83/100 tox|[from] ability: Poison Heal
|upkeep
|turn|31
|
|t:|1758956392
|switch|p2a: Prickly|Toxapex, F|100/100
|move|p1a: Alomomola|Wish|p1a: Alomomola
|
|upkeep
|turn|32
|
|t:|1758956406
|switch|p2a: Lobster|Gliscor, M|83/100 tox
|move|p1a: Alomomola|Flip Turn|p2a: Lobster
|-supereffective|p2a: Lobster
|-damage|p2a: Lobster|58/100 tox
|
|t:|1758956413
|switch|p1a: Dondozo|Dondozo, F|50/100|[from] Flip Turn
|-damage|p1a: Dondozo|37/100|[from] Stealth Rock
|-damage|p1a: Dondozo|25/100|[from] Spikes
|
|-heal|p1a: Dondozo|81/100|[from] move: Wish|[wisher] Alomomola
|-heal|p2a: Lobster|70/100 tox|[from] ability: Poison Heal
|upkeep
|turn|33
|inactive|Mr_Stonks0406 has 120 seconds left.
|
|t:|1758956435
|switch|p2a: Prickly|Toxapex, F|100/100
|move|p1a: Dondozo|Soak|p2a: Prickly
|-start|p2a: Prickly|typechange|Water
|
|upkeep
|turn|34
|inactive|Mr_Stonks0406 has 120 seconds left.
|
|t:|1758956446
|move|p1a: Dondozo|Body Press|p2a: Prickly
|-damage|p2a: Prickly|81/100
|move|p2a: Prickly|Lunge|p1a: Dondozo
|-damage|p1a: Dondozo|75/100
|-unboost|p1a: Dondozo|atk|1
|
|upkeep
|turn|35
|inactive|Mr_Stonks0406 has 120 seconds left.
|inactive|oxlerd11 has 120 seconds left.
|
|t:|1758956466
|switch|p1a: Pecharunt|Pecharunt|88/100
|-damage|p1a: Pecharunt|75/100|[from] Stealth Rock
|-damage|p1a: Pecharunt|63/100|[from] Spikes
|move|p2a: Prickly|Lunge|p1a: Pecharunt
|-resisted|p1a: Pecharunt
|-damage|p1a: Pecharunt|62/100
|-unboost|p1a: Pecharunt|atk|1
|
|-heal|p1a: Pecharunt|68/100|[from] item: Leftovers
|upkeep
|turn|36
|inactive|oxlerd11 has 120 seconds left.
|inactive|Mr_Stonks0406 has 120 seconds left.
|
|t:|1758956484
|switch|p2a: Lobster|Gliscor, M|70/100 tox
|move|p1a: Pecharunt|Recover|p1a: Pecharunt
|-heal|p1a: Pecharunt|100/100
|
|-heal|p2a: Lobster|83/100 tox|[from] ability: Poison Heal
|upkeep
|turn|37
|inactive|oxlerd11 has 120 seconds left.
|inactive|Mr_Stonks0406 has 120 seconds left.
|
|t:|1758956501
|switch|p1a: Gliscor|Gliscor, M|100/100 tox
|-damage|p1a: Gliscor|88/100 tox|[from] Stealth Rock
|move|p2a: Lobster|Spikes|p1a: Gliscor
|-sidestart|p1: oxlerd11|Spikes
|
|-heal|p2a: Lobster|95/100 tox|[from] ability: Poison Heal
|-heal|p1a: Gliscor|100/100 tox|[from] ability: Poison Heal
|upkeep
|turn|38
|
|t:|1758956519
|switch|p2a: Raven|Corviknight, F, shiny|6/100 par
|-ability|p2a: Raven|Pressure
|move|p1a: Gliscor|Crabhammer|p2a: Raven
|-damage|p2a: Raven|0 fnt
|faint|p2a: Raven
|
|upkeep
|
|t:|1758956536
|switch|p2a: Prickly|Toxapex, F|100/100
|turn|39
|
|t:|1758956543
|move|p1a: Gliscor|Earthquake|p2a: Prickly
|-supereffective|p2a: Prickly
|-damage|p2a: Prickly|50/100
|move|p2a: Prickly|Lunge|p1a: Gliscor
|-resisted|p1a: Gliscor
|-damage|p1a: Gliscor|97/100 tox
|-unboost|p1a: Gliscor|atk|1
|
|-heal|p1a: Gliscor|100/100 tox|[from] ability: Poison Heal
|upkeep
|turn|40
|inactive|oxlerd11 has 120 seconds left.
|inactive|Mr_Stonks0406 has 90 seconds left.
|
|t:|1758956578
|switch|p2a: Greninga|Quagsire, F|81/100 tox
|move|p1a: Gliscor|Earthquake|p2a: Greninga
|-damage|p2a: Greninga|59/100 tox
|
|-damage|p2a: Greninga|53/100 tox|[from] psn
|upkeep
|turn|41
|inactive|Mr_Stonks0406 has 90 seconds left.
|
|t:|1758956588
|switch|p1a: Clefable|Clefable, M|100/100
|move|p2a: Greninga|Recover|p2a: Greninga
|-heal|p2a: Greninga|100/100 tox
|
|-damage|p2a: Greninga|88/100 tox|[from] psn
|upkeep
|turn|42
|inactive|Mr_Stonks0406 has 90 seconds left.
|
|t:|1758956612
|switch|p2a: Lobster|Gliscor, M|95/100 tox
|move|p1a: Clefable|Wish|p1a: Clefable
|
|-heal|p2a: Lobster|100/100 tox|[from] ability: Poison Heal
|upkeep
|turn|43
|c|☆Mr_Stonks0406|bruh this is taking so long
|c|☆Mr_Stonks0406|stall vs stall
|c|☆Mr_Stonks0406|wtf
|inactive|Mr_Stonks0406 has 60 seconds left.
|
|t:|1758956645
|switch|p1a: Dondozo|Dondozo, F|75/100
|-damage|p1a: Dondozo|62/100|[from] Stealth Rock
|-damage|p1a: Dondozo|46/100|[from] Spikes
|move|p2a: Lobster|Earthquake|p1a: Dondozo
|-damage|p1a: Dondozo|31/100
|
|-heal|p1a: Dondozo|72/100|[from] move: Wish|[wisher] Clefable
|upkeep
|turn|44
|inactive|Mr_Stonks0406 has 60 seconds left.
|
|t:|1758956664
|switch|p2a: Prickly|Toxapex, F|84/100
|move|p1a: Dondozo|Liquidation|p2a: Prickly
|-resisted|p2a: Prickly
|-damage|p2a: Prickly|73/100
|
|upkeep
|turn|45
|inactive|Mr_Stonks0406 has 60 seconds left.
|
|t:|1758956674
|switch|p2a: Lobster|Gliscor, M|100/100 tox
|move|p1a: Dondozo|Soak|p2a: Lobster
|-start|p2a: Lobster|typechange|Water
|
|upkeep
|turn|46
|inactive|Mr_Stonks0406 has 60 seconds left.
|
|t:|1758956689
|switch|p1a: Gliscor|Gliscor, M|100/100 tox
|-damage|p1a: Gliscor|88/100 tox|[from] Stealth Rock
|move|p2a: Lobster|Spikes|p1a: Gliscor
|-sidestart|p1: oxlerd11|Spikes
|
|-heal|p1a: Gliscor|100/100 tox|[from] ability: Poison Heal
|upkeep
|turn|47
|inactive|Mr_Stonks0406 has 60 seconds left.
|inactive|oxlerd11 has 90 seconds left.
|
|t:|1758956719
|switch|p2a: Matcha|Sinistcha|100/100
|move|p1a: Gliscor|Earthquake|p2a: Matcha
|-resisted|p2a: Matcha
|-damage|p2a: Matcha|87/100
|
|upkeep
|turn|48
|inactive|oxlerd11 has 90 seconds left.
|
|t:|1758956729
|switch|p1a: Chansey|Chansey, F|100/100
|-damage|p1a: Chansey|88/100|[from] Stealth Rock
|-damage|p1a: Chansey|63/100|[from] Spikes
|move|p2a: Matcha|Matcha Gotcha|p1a: Chansey
|-damage|p1a: Chansey|55/100
|-heal|p2a: Matcha|96/100|[from] drain|[of] p1a: Chansey
|
|upkeep
|turn|49
|inactive|Mr_Stonks0406 has 60 seconds left.
|inactive|oxlerd11 has 90 seconds left.
|
|t:|1758956743
|move|p2a: Matcha|Matcha Gotcha|p1a: Chansey
|-crit|p1a: Chansey
|-damage|p1a: Chansey|45/100
|-heal|p2a: Matcha|100/100|[from] drain|[of] p1a: Chansey
|-status|p1a: Chansey|brn
|move|p1a: Chansey|Light Screen|p1a: Chansey
|-sidestart|p1: oxlerd11|move: Light Screen
|
|-damage|p1a: Chansey|38/100 brn|[from] brn
|upkeep
|turn|50
|inactive|Mr_Stonks0406 has 60 seconds left.
|inactive|oxlerd11 has 90 seconds left.
|
|t:|1758956770
|switch|p2a: Prickly|Toxapex, F|100/100
|move|p1a: Chansey|Soft-Boiled|p1a: Chansey
|-heal|p1a: Chansey|88/100 brn
|
|-damage|p1a: Chansey|82/100 brn|[from] brn
|upkeep
|turn|51
|inactive|oxlerd11 has 90 seconds left.
|
|t:|1758956781
|-curestatus|p1a: Chansey|brn|[from] ability: Natural Cure
|switch|p1a: Clefable|Clefable, M|100/100
|switch|p2a: Lobster|Gliscor, M|100/100 tox
|
|upkeep
|turn|52
|
|t:|1758956801
|switch|p2a: Prickly|Toxapex, F|100/100
|move|p1a: Clefable|Wish|p1a: Clefable
|
|upkeep
|turn|53
|inactive|oxlerd11 has 90 seconds left.
|
|t:|1758956820
|switch|p1a: Dondozo|Dondozo, F|72/100
|-damage|p1a: Dondozo|60/100|[from] Stealth Rock
|-damage|p1a: Dondozo|35/100|[from] Spikes
|switch|p2a: Matcha|Sinistcha|100/100
|
|-heal|p1a: Dondozo|76/100|[from] move: Wish|[wisher] Clefable
|-sideend|p1: oxlerd11|move: Light Screen
|upkeep
|turn|54
|inactive|oxlerd11 has 90 seconds left.
|inactive|Mr_Stonks0406 has 30 seconds left.
|
|t:|1758956838
|move|p2a: Matcha|Matcha Gotcha|p1a: Dondozo
|-supereffective|p1a: Dondozo
|-damage|p1a: Dondozo|14/100
|move|p1a: Dondozo|Soak|p2a: Matcha
|-start|p2a: Matcha|typechange|Water
|
|upkeep
|turn|55
|inactive|oxlerd11 has 90 seconds left.
|
|t:|1758956849
|move|p2a: Matcha|Matcha Gotcha|p1a: Dondozo
|-supereffective|p1a: Dondozo
|-damage|p1a: Dondozo|0 fnt
|faint|p1a: Dondozo
|
|upkeep
|inactive|oxlerd11 has 90 seconds left.
|
|t:|1758956857
|switch|p1a: Pecharunt|Pecharunt|100/100
|-damage|p1a: Pecharunt|88/100|[from] Stealth Rock
|-damage|p1a: Pecharunt|63/100|[from] Spikes
|turn|56
|
|t:|1758956867
|switch|p2a: Lobster|Gliscor, M|100/100 tox
|move|p1a: Pecharunt|Substitute|p1a: Pecharunt
|-start|p1a: Pecharunt|Substitute
|-damage|p1a: Pecharunt|38/100
|
|-heal|p1a: Pecharunt|44/100|[from] item: Leftovers
|upkeep
|turn|57
|
|t:|1758956876
|move|p2a: Lobster|Earthquake|p1a: Pecharunt
|-supereffective|p1a: Pecharunt
|-end|p1a: Pecharunt|Substitute
|move|p1a: Pecharunt|Recover|p1a: Pecharunt
|-heal|p1a: Pecharunt|94/100
|
|-heal|p1a: Pecharunt|99/100|[from] item: Leftovers
|upkeep
|turn|58
|
|t:|1758956890
|-terastallize|p1a: Pecharunt|Grass
|move|p2a: Lobster|Earthquake|p1a: Pecharunt
|-resisted|p1a: Pecharunt
|-damage|p1a: Pecharunt|93/100
|move|p1a: Pecharunt|Substitute|p1a: Pecharunt
|-start|p1a: Pecharunt|Substitute
|-damage|p1a: Pecharunt|68/100
|
|-heal|p1a: Pecharunt|74/100|[from] item: Leftovers
|upkeep
|turn|59
|
|t:|1758956905
|switch|p2a: Prickly|Toxapex, F|100/100
|move|p1a: Pecharunt|Night Shade|p2a: Prickly
|-damage|p2a: Prickly|67/100
|
|-heal|p1a: Pecharunt|80/100|[from] item: Leftovers
|upkeep
|turn|60
|
|t:|1758956916
|move|p1a: Pecharunt|Night Shade|p2a: Prickly
|-damage|p2a: Prickly|34/100
|move|p2a: Prickly|Toxic||[still]
|-fail|p2a: Prickly
|
|-heal|p1a: Pecharunt|86/100|[from] item: Leftovers
|upkeep
|turn|61
|inactive|Mr_Stonks0406 has 60 seconds left.
|inactive|oxlerd11 has 90 seconds left.
|
|t:|1758956946
|switch|p2a: Chungus|Blissey, F|100/100
|move|p1a: Pecharunt|Night Shade|p2a: Chungus
|-immune|p2a: Chungus
|
|-heal|p1a: Pecharunt|92/100|[from] item: Leftovers
|upkeep
|turn|62
|inactive|Mr_Stonks0406 has 60 seconds left.
|
|t:|1758956956
|move|p1a: Pecharunt|Toxic|p2a: Chungus
|-status|p2a: Chungus|tox
|-start|p2a: Chungus|confusion|[from] ability: Poison Puppeteer|[of] p1a: Pecharunt
|-activate|p2a: Chungus|confusion
|move|p2a: Chungus|Calm Mind|p2a: Chungus
|-boost|p2a: Chungus|spa|1
|-boost|p2a: Chungus|spd|1
|
|-heal|p1a: Pecharunt|98/100|[from] item: Leftovers
|-damage|p2a: Chungus|94/100 tox|[from] psn
|upkeep
|turn|63
|inactive|oxlerd11 has 90 seconds left.
|inactive|Mr_Stonks0406 has 60 seconds left.
|
|t:|1758956970
|move|p1a: Pecharunt|Night Shade|p2a: Chungus
|-immune|p2a: Chungus
|-end|p2a: Chungus|confusion
|move|p2a: Chungus|Alluring Voice|p1a: Pecharunt
|-crit|p1a: Pecharunt
|-damage|p1a: Pecharunt|65/100
|
|-heal|p1a: Pecharunt|71/100|[from] item: Leftovers
|-damage|p2a: Chungus|82/100 tox|[from] psn
|upkeep
|turn|64
|inactive|oxlerd11 has 90 seconds left.
|inactive|Mr_Stonks0406 has 60 seconds left.
|
|t:|1758956982
|move|p1a: Pecharunt|Recover|p1a: Pecharunt
|-heal|p1a: Pecharunt|100/100
|move|p2a: Chungus|Alluring Voice|p1a: Pecharunt
|-damage|p1a: Pecharunt|78/100
|
|-heal|p1a: Pecharunt|84/100|[from] item: Leftovers
|-damage|p2a: Chungus|64/100 tox|[from] psn
|upkeep
|turn|65
|inactive|oxlerd11 has 90 seconds left.
|inactive|Mr_Stonks0406 has 60 seconds left.
|
|t:|1758956993
|move|p1a: Pecharunt|Recover|p1a: Pecharunt
|-heal|p1a: Pecharunt|100/100
|move|p2a: Chungus|Soft-Boiled|p2a: Chungus
|-heal|p2a: Chungus|100/100 tox
|
|-damage|p2a: Chungus|76/100 tox|[from] psn
|upkeep
|turn|66
|
|t:|1758957003
|-curestatus|p2a: Chungus|tox|[from] ability: Natural Cure
|switch|p2a: Prickly|Toxapex, F|68/100
|move|p1a: Pecharunt|Night Shade|p2a: Prickly
|-damage|p2a: Prickly|35/100
|
|upkeep
|turn|67
|inactive|Mr_Stonks0406 has 60 seconds left.
|
|t:|1758957031
|switch|p2a: Chungus|Blissey, F|76/100
|move|p1a: Pecharunt|Night Shade|p2a: Chungus
|-immune|p2a: Chungus
|
|upkeep
|turn|68
|
|t:|1758957037
|switch|p2a: Prickly|Toxapex, F|68/100
|move|p1a: Pecharunt|Toxic|p2a: Prickly
|-immune|p2a: Prickly
|
|upkeep
|turn|69
|inactive|Mr_Stonks0406 has 60 seconds left.
|
|t:|1758957044
|switch|p2a: Chungus|Blissey, F|76/100
|move|p1a: Pecharunt|Toxic|p2a: Chungus
|-status|p2a: Chungus|tox
|-start|p2a: Chungus|confusion|[from] ability: Poison Puppeteer|[of] p1a: Pecharunt
|
|-damage|p2a: Chungus|70/100 tox|[from] psn
|upkeep
|turn|70
|
|t:|1758957054
|-curestatus|p2a: Chungus|tox|[from] ability: Natural Cure
|switch|p2a: Prickly|Toxapex, F|100/100
|move|p1a: Pecharunt|Night Shade|p2a: Prickly
|-damage|p2a: Prickly|67/100
|
|upkeep
|turn|71
|
|t:|1758957062
|move|p1a: Pecharunt|Toxic|p2a: Prickly
|-immune|p2a: Prickly
|move|p2a: Prickly|Lunge|p1a: Pecharunt
|-supereffective|p1a: Pecharunt
|-activate|p1a: Pecharunt|move: Substitute|[damage]
|
|upkeep
|turn|72
|inactive|oxlerd11 has 120 seconds left.
|
|t:|1758957075
|move|p1a: Pecharunt|Toxic|p2a: Prickly
|-immune|p2a: Prickly
|move|p2a: Prickly|Lunge|p1a: Pecharunt
|-supereffective|p1a: Pecharunt
|-activate|p1a: Pecharunt|move: Substitute|[damage]
|
|upkeep
|turn|73
|
|t:|1758957082
|move|p1a: Pecharunt|Night Shade|p2a: Prickly
|-damage|p2a: Prickly|34/100
|move|p2a: Prickly|Lunge|p1a: Pecharunt
|-supereffective|p1a: Pecharunt
|-end|p1a: Pecharunt|Substitute
|
|upkeep
|turn|74
|
|t:|1758957092
|move|p1a: Pecharunt|Substitute|p1a: Pecharunt
|-start|p1a: Pecharunt|Substitute
|-damage|p1a: Pecharunt|75/100
|move|p2a: Prickly|Lunge|p1a: Pecharunt
|-supereffective|p1a: Pecharunt
|-activate|p1a: Pecharunt|move: Substitute|[damage]
|
|-heal|p1a: Pecharunt|82/100|[from] item: Leftovers
|upkeep
|turn|75
|inactive|Mr_Stonks0406 has 60 seconds left.
|
|t:|1758957124
|switch|p2a: Chungus|Blissey, F|70/100
|move|p1a: Pecharunt|Night Shade|p2a: Chungus
|-immune|p2a: Chungus
|
|-heal|p1a: Pecharunt|88/100|[from] item: Leftovers
|upkeep
|turn|76
|inactive|Mr_Stonks0406 has 60 seconds left.
|
|t:|1758957142
|move|p1a: Pecharunt|Toxic|p2a: Chungus
|-status|p2a: Chungus|tox
|-start|p2a: Chungus|confusion|[from] ability: Poison Puppeteer|[of] p1a: Pecharunt
|-activate|p2a: Chungus|confusion
|-damage|p2a: Chungus|69/100 tox|[from] confusion
|
|-heal|p1a: Pecharunt|94/100|[from] item: Leftovers
|-damage|p2a: Chungus|63/100 tox|[from] psn
|upkeep
|turn|77
|
|t:|1758957151
|move|p1a: Pecharunt|Substitute|p1a: Pecharunt
|-fail|p1a: Pecharunt|move: Substitute
|-activate|p2a: Chungus|confusion
|move|p2a: Chungus|Soft-Boiled|p2a: Chungus
|-heal|p2a: Chungus|100/100 tox
|
|-heal|p1a: Pecharunt|99/100|[from] item: Leftovers
|-damage|p2a: Chungus|88/100 tox|[from] psn
|upkeep
|turn|78
|inactive|Mr_Stonks0406 has 60 seconds left.
|
|t:|1758957165
|-curestatus|p2a: Chungus|tox|[from] ability: Natural Cure
|switch|p2a: Prickly|Toxapex, F|68/100
|move|p1a: Pecharunt|Substitute|p1a: Pecharunt
|-fail|p1a: Pecharunt|move: Substitute
|
|-heal|p1a: Pecharunt|100/100|[from] item: Leftovers
|upkeep
|turn|79
|inactive|Mr_Stonks0406 has 60 seconds left.
|
|t:|1758957173
|move|p1a: Pecharunt|Night Shade|p2a: Prickly
|-damage|p2a: Prickly|35/100
|move|p2a: Prickly|Lunge|p1a: Pecharunt
|-supereffective|p1a: Pecharunt
|-activate|p1a: Pecharunt|move: Substitute|[damage]
|
|upkeep
|turn|80
|inactive|Mr_Stonks0406 has 60 seconds left.
|c|☆Mr_Stonks0406|bruh
|
|t:|1758957200
|switch|p2a: Chungus|Blissey, F|88/100
|move|p1a: Pecharunt|Night Shade|p2a: Chungus
|-immune|p2a: Chungus
|
|upkeep
|turn|81
|c|☆Mr_Stonks0406|this is never gonna end is it
|inactive|Mr_Stonks0406 has 60 seconds left.
|
|t:|1758957231
|switch|p1a: Alomomola|Alomomola, M|97/100
|-damage|p1a: Alomomola|84/100|[from] Stealth Rock
|-damage|p1a: Alomomola|59/100|[from] Spikes
|move|p2a: Chungus|Alluring Voice|p1a: Alomomola
|-damage|p1a: Alomomola|42/100
|
|upkeep
|turn|82
|c|☆oxlerd11|You can forfeit, if you want
|
|t:|1758957244
|move|p1a: Alomomola|Wish|p1a: Alomomola
|move|p2a: Chungus|Seismic Toss|p1a: Alomomola
|-damage|p1a: Alomomola|24/100
|
|upkeep
|turn|83
|
|t:|1758957253
|switch|p2a: Matcha|Sinistcha|100/100
|move|p1a: Alomomola|Flip Turn|p2a: Matcha
|-resisted|p2a: Matcha
|-damage|p2a: Matcha|95/100
|
|t:|1758957263
|switch|p1a: Chansey|Chansey, F|82/100|[from] Flip Turn
|-damage|p1a: Chansey|70/100|[from] Stealth Rock
|-damage|p1a: Chansey|45/100|[from] Spikes
|
|-heal|p1a: Chansey|82/100|[from] move: Wish|[wisher] Alomomola
|upkeep
|turn|84
|
|t:|1758957273
|move|p2a: Matcha|Matcha Gotcha|p1a: Chansey
|-damage|p1a: Chansey|75/100
|-heal|p2a: Matcha|100/100|[from] drain|[of] p1a: Chansey
|-status|p1a: Chansey|brn
|move|p1a: Chansey|Light Screen|p1a: Chansey
|-sidestart|p1: oxlerd11|move: Light Screen
|
|-damage|p1a: Chansey|69/100 brn|[from] brn
|upkeep
|turn|85
|
|t:|1758957285
|switch|p2a: Prickly|Toxapex, F|68/100
|move|p1a: Chansey|Heal Bell|p1a: Chansey
|-activate|p1a: Chansey|move: Heal Bell
|-curestatus|p1a: Chansey|brn|[msg]
|-curestatus|p1: Gliscor|tox|[msg]
|
|upkeep
|turn|86
|c|☆Mr_Stonks0406|hell nah
|inactive|Mr_Stonks0406 has 30 seconds left.
|
|t:|1758957315
|switch|p2a: Matcha|Sinistcha|100/100
|move|p1a: Chansey|Seismic Toss|p2a: Matcha
|-immune|p2a: Matcha
|
|upkeep
|turn|87
|inactive|Mr_Stonks0406 has 30 seconds left.
|
|t:|1758957329
|move|p2a: Matcha|Matcha Gotcha|p1a: Chansey
|-damage|p1a: Chansey|65/100
|move|p1a: Chansey|Soft-Boiled|p1a: Chansey
|-heal|p1a: Chansey|100/100
|
|upkeep
|turn|88
|inactive|Mr_Stonks0406 has 30 seconds left.
|
|t:|1758957349
|switch|p2a: Lobster|Gliscor, M|100/100 tox
|switch|p1a: Clefable|Clefable, M|100/100
|
|-sideend|p1: oxlerd11|move: Light Screen
|upkeep
|turn|89
|inactive|Mr_Stonks0406 has 30 seconds left.
|
|t:|1758957362
|move|p2a: Lobster|Earthquake|p1a: Clefable
|-damage|p1a: Clefable|66/100
|move|p1a: Clefable|Wish|p1a: Clefable
|
|upkeep
|turn|90
|inactive|Mr_Stonks0406 has 30 seconds left.
|
|t:|1758957375
|move|p2a: Lobster|Earthquake|p1a: Clefable
|-damage|p1a: Clefable|29/100
|move|p1a: Clefable|Draining Kiss|p2a: Lobster
|-damage|p2a: Lobster|86/100 tox
|-heal|p1a: Clefable|38/100|[from] drain|[of] p2a: Lobster
|
|-heal|p1a: Clefable|88/100|[from] move: Wish|[wisher] Clefable
|-heal|p2a: Lobster|99/100 tox|[from] ability: Poison Heal
|upkeep
|turn|91
|inactive|Mr_Stonks0406 has 30 seconds left.
|
|t:|1758957386
|move|p2a: Lobster|Earthquake|p1a: Clefable
|-crit|p1a: Clefable
|-damage|p1a: Clefable|30/100
|move|p1a: Clefable|Wish|p1a: Clefable
|
|-heal|p2a: Lobster|100/100 tox|[from] ability: Poison Heal
|upkeep
|turn|92
|
|t:|1758957394
|switch|p1a: Pecharunt|Pecharunt, tera:Grass|100/100
|-damage|p1a: Pecharunt|88/100|[from] Stealth Rock
|-damage|p1a: Pecharunt|63/100|[from] Spikes
|move|p2a: Lobster|Earthquake|p1a: Pecharunt
|-resisted|p1a: Pecharunt
|-damage|p1a: Pecharunt|56/100
|
|-heal|p1a: Pecharunt|100/100|[from] move: Wish|[wisher] Clefable
|upkeep
|turn|93
|
|t:|1758957407
|move|p2a: Lobster|Knock Off|p1a: Pecharunt
|-damage|p1a: Pecharunt|91/100
|-enditem|p1a: Pecharunt|Leftovers|[from] move: Knock Off|[of] p2a: Lobster
|move|p1a: Pecharunt|Substitute|p1a: Pecharunt
|-start|p1a: Pecharunt|Substitute
|-damage|p1a: Pecharunt|66/100
|
|upkeep
|turn|94
|
|t:|1758957419
|switch|p2a: Chungus|Blissey, F|88/100
|move|p1a: Pecharunt|Night Shade|p2a: Chungus
|-immune|p2a: Chungus
|
|upkeep
|turn|95
|
|t:|1758957426
|move|p1a: Pecharunt|Recover|p1a: Pecharunt
|-heal|p1a: Pecharunt|100/100
|move|p2a: Chungus|Alluring Voice|p1a: Pecharunt
|-damage|p1a: Pecharunt|87/100
|
|upkeep
|turn|96
|inactive|oxlerd11 has 120 seconds left.
|
|t:|1758957461
|move|p1a: Pecharunt|Toxic|p2a: Chungus
|-status|p2a: Chungus|tox
|-start|p2a: Chungus|confusion|[from] ability: Poison Puppeteer|[of] p1a: Pecharunt
|-activate|p2a: Chungus|confusion
|move|p2a: Chungus|Alluring Voice|p1a: Pecharunt
|-damage|p1a: Pecharunt|72/100
|
|-damage|p2a: Chungus|82/100 tox|[from] psn
|upkeep
|turn|97
|
|t:|1758957483
|move|p1a: Pecharunt|Recover|p1a: Pecharunt
|-heal|p1a: Pecharunt|100/100
|-activate|p2a: Chungus|confusion
|-damage|p2a: Chungus|81/100 tox|[from] confusion
|
|-damage|p2a: Chungus|69/100 tox|[from] psn
|upkeep
|turn|98
|inactive|oxlerd11 has 120 seconds left.
|
|t:|1758957507
|switch|p1a: Clefable|Clefable, M|30/100
|-activate|p2a: Chungus|confusion
|-damage|p2a: Chungus|68/100 tox|[from] confusion
|
|-damage|p2a: Chungus|49/100 tox|[from] psn
|upkeep
|turn|99
|inactive|oxlerd11 has 120 seconds left.
|inactive|Mr_Stonks0406 has 30 seconds left.
|
|t:|1758957528
|move|p1a: Clefable|Moonlight|p1a: Clefable
|-heal|p1a: Clefable|80/100
|-end|p2a: Chungus|confusion
|move|p2a: Chungus|Seismic Toss|p1a: Clefable
|-damage|p1a: Clefable|55/100
|
|-damage|p2a: Chungus|25/100 tox|[from] psn
|upkeep
|turn|100
|inactive|Mr_Stonks0406 has 30 seconds left.
|
|t:|1758957546
|-curestatus|p2a: Chungus|tox|[from] ability: Natural Cure
|switch|p2a: Prickly|Toxapex, F|100/100
|move|p1a: Clefable|Moonlight|p1a: Clefable
|-heal|p1a: Clefable|100/100
|
|upkeep
|turn|101
|inactive|Mr_Stonks0406 has 30 seconds left this turn.
|inactive|Mr_Stonks0406 has 20 seconds left.
|
|t:|1758957557
|switch|p2a: Chungus|Blissey, F|25/100
|move|p1a: Clefable|Thunder Wave|p2a: Chungus
|-status|p2a: Chungus|par
|
|upkeep
|turn|102
|inactive|Mr_Stonks0406 has 25 seconds left this turn.
|inactive|Mr_Stonks0406 has 20 seconds left.
|
|t:|1758957565
|move|p1a: Clefable|Draining Kiss|p2a: Chungus
|-damage|p2a: Chungus|19/100 par
|cant|p2a: Chungus|par
|
|upkeep
|turn|103
|inactive|Mr_Stonks0406 has 25 seconds left this turn.
|inactive|Mr_Stonks0406 has 20 seconds left.
|
|t:|1758957572
|move|p1a: Clefable|Wish|p1a: Clefable
|move|p2a: Chungus|Soft-Boiled|p2a: Chungus
|-heal|p2a: Chungus|69/100 par
|
|upkeep
|turn|104
|inactive|Mr_Stonks0406 has 25 seconds left this turn.
|inactive|Mr_Stonks0406 has 20 seconds left.
|inactive|oxlerd11 has 120 seconds left.
|inactive|Mr_Stonks0406 has 15 seconds left.
|inactive|Mr_Stonks0406 has 10 seconds left.
|
|t:|1758957589
|move|p1a: Clefable|Draining Kiss|p2a: Chungus
|-damage|p2a: Chungus|64/100 par
|move|p2a: Chungus|Seismic Toss|p1a: Clefable
|-damage|p1a: Clefable|75/100
|
|-heal|p1a: Clefable|100/100|[from] move: Wish|[wisher] Clefable
|upkeep
|turn|105
|inactive|Mr_Stonks0406 has 15 seconds left this turn.
|inactive|oxlerd11 has 120 seconds left.
|inactive|Mr_Stonks0406 has 10 seconds left.
|
|t:|1758957600
|move|p1a: Clefable|Draining Kiss|p2a: Chungus
|-damage|p2a: Chungus|58/100 par
|move|p2a: Chungus|Seismic Toss|p1a: Clefable
|-damage|p1a: Clefable|75/100
|
|upkeep
|turn|106
|inactive|Mr_Stonks0406 has 15 seconds left this turn.
|inactive|Mr_Stonks0406 has 10 seconds left.
|
|t:|1758957613
|move|p1a: Clefable|Wish|p1a: Clefable
|cant|p2a: Chungus|par
|
|upkeep
|turn|107
|inactive|Mr_Stonks0406 has 15 seconds left this turn.
|
|t:|1758957630
|switch|p1a: Pecharunt|Pecharunt, tera:Grass|100/100
|-damage|p1a: Pecharunt|88/100|[from] Stealth Rock
|-damage|p1a: Pecharunt|63/100|[from] Spikes
|move|p2a: Chungus|Soft-Boiled|p2a: Chungus
|-heal|p2a: Chungus|100/100 par
|
|-heal|p1a: Pecharunt|100/100|[from] move: Wish|[wisher] Clefable
|upkeep
|turn|108
|inactive|Mr_Stonks0406 has 20 seconds left this turn.
|inactive|Mr_Stonks0406 has 15 seconds left.
|inactive|oxlerd11 has 90 seconds left.
|
|t:|1758957645
|move|p1a: Pecharunt|Substitute|p1a: Pecharunt
|-start|p1a: Pecharunt|Substitute
|-damage|p1a: Pecharunt|75/100
|cant|p2a: Chungus|par
|
|upkeep
|turn|109
|inactive|Mr_Stonks0406 has 20 seconds left this turn.
|inactive|oxlerd11 has 90 seconds left.
|inactive|Mr_Stonks0406 has 15 seconds left.
|
|t:|1758957653
|switch|p1a: Gliscor|Gliscor, M|100/100
|-damage|p1a: Gliscor|88/100|[from] Stealth Rock
|move|p2a: Chungus|Seismic Toss|p1a: Gliscor
|-damage|p1a: Gliscor|60/100
|
|-status|p1a: Gliscor|tox|[from] item: Toxic Orb
|upkeep
|turn|110
|inactive|Mr_Stonks0406 has 20 seconds left this turn.
|inactive|oxlerd11 has 90 seconds left.
|inactive|Mr_Stonks0406 has 15 seconds left.
|inactive|Mr_Stonks0406 has 10 seconds left.
|
|t:|1758957668
|move|p1a: Gliscor|Crabhammer|p2a: Chungus
|-damage|p2a: Chungus|78/100 par
|move|p2a: Chungus|Alluring Voice|p1a: Gliscor
|-damage|p1a: Gliscor|43/100 tox
|
|-heal|p1a: Gliscor|56/100 tox|[from] ability: Poison Heal
|upkeep
|turn|111
|inactive|Mr_Stonks0406 has 15 seconds left this turn.
|inactive|Mr_Stonks0406 has 10 seconds left.
|
|t:|1758957678
|move|p1a: Gliscor|Crabhammer|p2a: Chungus
|-damage|p2a: Chungus|57/100 par
|move|p2a: Chungus|Alluring Voice|p1a: Gliscor
|-damage|p1a: Gliscor|38/100 tox
|
|-heal|p1a: Gliscor|50/100 tox|[from] ability: Poison Heal
|upkeep
|turn|112
|inactive|Mr_Stonks0406 has 15 seconds left this turn.
|inactive|Mr_Stonks0406 has 10 seconds left.
|
|t:|1758957685
|move|p1a: Gliscor|Protect|p1a: Gliscor
|-singleturn|p1a: Gliscor|Protect
|cant|p2a: Chungus|par
|
|-heal|p1a: Gliscor|62/100 tox|[from] ability: Poison Heal
|upkeep
|turn|113
|inactive|Mr_Stonks0406 has 15 seconds left this turn.
|inactive|Mr_Stonks0406 has 10 seconds left.
|
|t:|1758957708
|move|p1a: Gliscor|Facade|p2a: Chungus
|-damage|p2a: Chungus|26/100 par
|move|p2a: Chungus|Soft-Boiled|p2a: Chungus
|-heal|p2a: Chungus|76/100 par
|
|-heal|p1a: Gliscor|75/100 tox|[from] ability: Poison Heal
|upkeep
|turn|114
|inactive|Mr_Stonks0406 has 15 seconds left this turn.
|inactive|Mr_Stonks0406 has 10 seconds left.
|inactive|oxlerd11 has 60 seconds left.
|inactive|Mr_Stonks0406 has 5 seconds left.
|c|☆Mr_Stonks0406|gg
|-message|Mr_Stonks0406 lost due to inactivity.
|
|win|oxlerd11
|raw|oxlerd11's rating: 1133 &rarr; <strong>1160</strong><br />(+27 for winning)
|raw|Mr_Stonks0406's rating: 1161 &rarr; <strong>1134</strong><br />(-27 for losing)
|c|☆Mr_Stonks0406|gg
|c|☆oxlerd11|gg
|l|☆Mr_Stonks0406
|player|p2|
