|badge|p1|bronze|gen9ou|100-6
|uhtml|medal-msg|<div class="broadcast-blue">Curious what those medals under the avatar are? PS now has Ladder Seasons! For more information, check out the <a href="https://www.smogon.com/forums/threads/3740067/">thread on Smogon.</a></div>
|badge|p2|silver|gen9ou|30-6
|uhtml|medal-msg|<div class="broadcast-blue">Curious what those medals under the avatar are? PS now has Ladder Seasons! For more information, check out the <a href="https://www.smogon.com/forums/threads/3740067/">thread on Smogon.</a></div>
|j|☆WogerHater
|j|☆butts99999
|t:|1758919643
|gametype|singles
|player|p1|WogerHater|dawn-gen4pt|1810
|player|p2|butts99999|skierf|1915
|gen|9
|tier|[Gen 9] OU
|rated|
|rule|HP Percentage Mod: HP is shown in percentages
|rule|Endless Battle Clause: Forcing endless battles is banned
|rule|Species Clause: Limit one of each Pokémon
|rule|OHKO Clause: OHKO moves are banned
|rule|Evasion Items Clause: Evasion items are banned
|rule|Evasion Moves Clause: Evasion moves are banned
|rule|Evasion Abilities Clause: Evasion abilities are banned
|rule|Sleep Moves Clause: Sleep-inducing moves are banned
|clearpoke
|poke|p1|Ogerpon-Wellspring, F|
|poke|p1|Weezing-Galar, F|
|poke|p1|Ting-Lu|
|poke|p1|Corviknight, F|
|poke|p1|Skeledirge, F|
|poke|p1|Dragapult, M|
|poke|p2|Kingambit, F|
|poke|p2|Cinderace, F|
|poke|p2|Landorus-Therian, M|
|poke|p2|Iron Valiant|
|poke|p2|Kyurem|
|poke|p2|Slowking-Galar, M|
|teampreview
|inactive|Battle timer is ON: inactive players will automatically lose when time's up. (requested by WogerHater)
|inactive|butts99999 has 120 seconds left.
|c|☆butts99999|hf
|
|t:|1758919700
|teamsize|p1|6
|teamsize|p2|6
|start
|switch|p1a: Ting-Lu|Ting-Lu|100/100
|switch|p2a: Mr. Freeze|Kyurem, shiny|100/100
|-ability|p2a: Mr. Freeze|Pressure
|-ability|p1a: Ting-Lu|Vessel of Ruin
|turn|1
|j| LegitimatePotato
|
|t:|1758919712
|move|p2a: Mr. Freeze|Freeze-Dry|p1a: Ting-Lu
|-supereffective|p1a: Ting-Lu
|-damage|p1a: Ting-Lu|70/100
|-status|p1a: Ting-Lu|frz
|cant|p1a: Ting-Lu|frz
|
|-heal|p1a: Ting-Lu|76/100 frz|[from] item: Leftovers
|upkeep
|turn|2
|j| PalletTownNoob
|
|t:|1758919718
|move|p2a: Mr. Freeze|Freeze-Dry|p1a: Ting-Lu
|-supereffective|p1a: Ting-Lu
|-damage|p1a: Ting-Lu|47/100 frz
|-curestatus|p1a: Ting-Lu|frz|[msg]
|move|p1a: Ting-Lu|Stealth Rock|p2a: Mr. Freeze
|-sidestart|p2: butts99999|move: Stealth Rock
|
|-heal|p1a: Ting-Lu|53/100|[from] item: Leftovers
|upkeep
|turn|3
|
|t:|1758919722
|move|p2a: Mr. Freeze|Freeze-Dry|p1a: Ting-Lu
|-supereffective|p1a: Ting-Lu
|-damage|p1a: Ting-Lu|26/100
|move|p1a: Ting-Lu|Rest|p1a: Ting-Lu
|-status|p1a: Ting-Lu|slp|[from] move: Rest
|-heal|p1a: Ting-Lu|100/100 slp|[silent]
|
|upkeep
|turn|4
|
|t:|1758919727
|move|p2a: Mr. Freeze|Freeze-Dry|p1a: Ting-Lu
|-supereffective|p1a: Ting-Lu
|-damage|p1a: Ting-Lu|73/100 slp
|cant|p1a: Ting-Lu|slp
|
|-heal|p1a: Ting-Lu|79/100 slp|[from] item: Leftovers
|upkeep
|turn|5
|
|t:|1758919731
|move|p2a: Mr. Freeze|Freeze-Dry|p1a: Ting-Lu
|-supereffective|p1a: Ting-Lu
|-damage|p1a: Ting-Lu|49/100 slp
|cant|p1a: Ting-Lu|slp
|
|-heal|p1a: Ting-Lu|55/100 slp|[from] item: Leftovers
|upkeep
|turn|6
|
|t:|1758919733
|move|p2a: Mr. Freeze|Freeze-Dry|p1a: Ting-Lu
|-supereffective|p1a: Ting-Lu
|-damage|p1a: Ting-Lu|25/100 slp
|-curestatus|p1a: Ting-Lu|slp|[msg]
|move|p1a: Ting-Lu|Rest|p1a: Ting-Lu
|-status|p1a: Ting-Lu|slp|[from] move: Rest
|-heal|p1a: Ting-Lu|100/100 slp|[silent]
|
|upkeep
|turn|7
|
|t:|1758919739
|switch|p1a: Skeledirge|Skeledirge, F|100/100
|move|p2a: Mr. Freeze|Substitute|p2a: Mr. Freeze
|-start|p2a: Mr. Freeze|Substitute
|-damage|p2a: Mr. Freeze|76/100
|
|-heal|p2a: Mr. Freeze|82/100|[from] item: Leftovers
|upkeep
|turn|8
|
|t:|1758919742
|move|p2a: Mr. Freeze|Protect|p2a: Mr. Freeze
|-singleturn|p2a: Mr. Freeze|Protect
|move|p1a: Skeledirge|Torch Song|p2a: Mr. Freeze
|-activate|p2a: Mr. Freeze|move: Protect
|
|-heal|p2a: Mr. Freeze|88/100|[from] item: Leftovers
|upkeep
|turn|9
|
|t:|1758919745
|switch|p1a: Corviknight|Corviknight, F|100/100
|-ability|p1a: Corviknight|Pressure
|move|p2a: Mr. Freeze|Earth Power|p1a: Corviknight
|-immune|p1a: Corviknight
|
|-heal|p2a: Mr. Freeze|94/100|[from] item: Leftovers
|upkeep
|turn|10
|
|t:|1758919748
|switch|p1a: Skeledirge|Skeledirge, F|100/100
|move|p2a: Mr. Freeze|Protect||[still]
|-fail|p2a: Mr. Freeze
|
|-heal|p2a: Mr. Freeze|99/100|[from] item: Leftovers
|upkeep
|turn|11
|
|t:|1758919751
|switch|p1a: Ting-Lu|Ting-Lu|100/100 slp
|-ability|p1a: Ting-Lu|Vessel of Ruin
|move|p2a: Mr. Freeze|Earth Power|p1a: Ting-Lu
|-damage|p1a: Ting-Lu|88/100 slp
|
|-heal|p2a: Mr. Freeze|100/100|[from] item: Leftovers
|-heal|p1a: Ting-Lu|94/100 slp|[from] item: Leftovers
|upkeep
|turn|12
|
|t:|1758919756
|-terastallize|p1a: Ting-Lu|Fairy
|move|p2a: Mr. Freeze|Freeze-Dry|p1a: Ting-Lu
|-damage|p1a: Ting-Lu|80/100 slp
|cant|p1a: Ting-Lu|slp
|
|-heal|p1a: Ting-Lu|86/100 slp|[from] item: Leftovers
|upkeep
|turn|13
|
|t:|1758919773
|switch|p2a: Kristine|Cinderace, F, shiny|100/100
|cant|p1a: Ting-Lu|slp
|
|-heal|p1a: Ting-Lu|92/100 slp|[from] item: Leftovers
|upkeep
|turn|14
|
|t:|1758919781
|move|p2a: Kristine|Court Change|p2a: Kristine
|-swapsideconditions
|-activate|p2a: Kristine|move: Court Change
|-curestatus|p1a: Ting-Lu|slp|[msg]
|move|p1a: Ting-Lu|Earthquake|p2a: Kristine
|-supereffective|p2a: Kristine
|-damage|p2a: Kristine|21/100
|
|-heal|p1a: Ting-Lu|98/100|[from] item: Leftovers
|upkeep
|turn|15
|
|t:|1758919792
|move|p2a: Kristine|Pyro Ball|p1a: Ting-Lu
|-damage|p1a: Ting-Lu|60/100
|move|p1a: Ting-Lu|Stealth Rock|p2a: Kristine
|-sidestart|p2: butts99999|move: Stealth Rock
|
|-heal|p1a: Ting-Lu|66/100|[from] item: Leftovers
|upkeep
|turn|16
|
|t:|1758919796
|move|p2a: Kristine|Pyro Ball|p1a: Ting-Lu
|-damage|p1a: Ting-Lu|26/100
|move|p1a: Ting-Lu|Earthquake|p2a: Kristine
|-supereffective|p2a: Kristine
|-damage|p2a: Kristine|0 fnt
|faint|p2a: Kristine
|
|-heal|p1a: Ting-Lu|32/100|[from] item: Leftovers
|upkeep
|
|t:|1758919802
|switch|p2a: Daenerys|Kingambit, F|100/100
|-damage|p2a: Daenerys|94/100|[from] Stealth Rock
|-activate|p2a: Daenerys|ability: Supreme Overlord
|-start|p2a: Daenerys|fallen1|[silent]
|turn|17
|
|t:|1758919812
|-end|p2a: Daenerys|fallen1|[silent]
|switch|p2a: Chillionaire|Slowking-Galar, M, shiny|100/100
|switch|p1a: Weezing|Weezing-Galar, F|100/100
|-ability|p1a: Weezing|Neutralizing Gas
|
|upkeep
|turn|18
|
|t:|1758919822
|move|p1a: Weezing|Defog|p2a: Chillionaire
|-unboost|p2a: Chillionaire|evasion|1
|-sideend|p2: butts99999|Stealth Rock|[from] move: Defog|[of] p1a: Weezing
|-sideend|p1: WogerHater|Stealth Rock|[from] move: Defog|[of] p1a: Weezing
|move|p2a: Chillionaire|Sludge Bomb|p1a: Weezing
|-damage|p1a: Weezing|58/100
|
|upkeep
|turn|19
|
|t:|1758919831
|move|p1a: Weezing|Pain Split|p2a: Chillionaire
|-sethp|p2a: Chillionaire|75/100|[from] move: Pain Split|[silent]
|-sethp|p1a: Weezing|88/100|[from] move: Pain Split
|move|p2a: Chillionaire|Sludge Bomb|p1a: Weezing
|-damage|p1a: Weezing|46/100
|
|upkeep
|turn|20
|
|t:|1758919837
|-end|p1a: Weezing|ability: Neutralizing Gas
|switch|p1a: Dragapult|Dragapult, M|100/100
|move|p2a: Chillionaire|Future Sight|p1a: Dragapult
|-start|p2a: Chillionaire|move: Future Sight
|
|upkeep
|turn|21
|
|t:|1758919847
|move|p1a: Dragapult|Shadow Ball|p2a: Chillionaire
|-supereffective|p2a: Chillionaire
|-damage|p2a: Chillionaire|13/100
|move|p2a: Chillionaire|Thunder Wave|p1a: Dragapult
|-status|p1a: Dragapult|par
|
|upkeep
|turn|22
|
|t:|1758919857
|switch|p2a: Daenerys|Kingambit, F|94/100
|-activate|p2a: Daenerys|ability: Supreme Overlord
|-start|p2a: Daenerys|fallen1|[silent]
|move|p1a: Dragapult|Shadow Ball|p2a: Daenerys
|-resisted|p2a: Daenerys
|-damage|p2a: Daenerys|65/100
|
|-end|p1a: Dragapult|move: Future Sight
|-damage|p1a: Dragapult|44/100 par
|-heal|p2a: Daenerys|72/100|[from] item: Leftovers
|upkeep
|turn|23
|
|t:|1758919870
|switch|p1a: Corviknight|Corviknight, F|100/100
|-ability|p1a: Corviknight|Pressure
|move|p2a: Daenerys|Swords Dance|p2a: Daenerys
|-boost|p2a: Daenerys|atk|2
|
|-heal|p2a: Daenerys|78/100|[from] item: Leftovers
|upkeep
|turn|24
|
|t:|1758919887
|move|p1a: Corviknight|Iron Defense|p1a: Corviknight
|-boost|p1a: Corviknight|def|2
|move|p2a: Daenerys|Kowtow Cleave|p1a: Corviknight
|-damage|p1a: Corviknight|61/100
|-damage|p2a: Daenerys|61/100|[from] item: Rocky Helmet|[of] p1a: Corviknight
|
|-heal|p2a: Daenerys|67/100|[from] item: Leftovers
|upkeep
|turn|25
|
|t:|1758919890
|-end|p2a: Daenerys|fallen1|[silent]
|switch|p2a: Chillionaire|Slowking-Galar, M, shiny|47/100
|move|p1a: Corviknight|Roost|p1a: Corviknight
|-heal|p1a: Corviknight|100/100
|-singleturn|p1a: Corviknight|move: Roost
|
|upkeep
|turn|26
|
|t:|1758919893
|move|p1a: Corviknight|U-turn|p2a: Chillionaire
|-damage|p2a: Chillionaire|33/100
|
|t:|1758919896
|switch|p1a: Dragapult|Dragapult, M|44/100 par|[from] U-turn
|-prepare|p2a: Chillionaire|Chilly Reception|[premajor]
|move|p2a: Chillionaire|Chilly Reception|p2a: Chillionaire
|-weather|Snowscape
|
|t:|1758919899
|switch|p2a: Mr. Freeze|Kyurem, shiny|100/100|[from] Chilly Reception
|-ability|p2a: Mr. Freeze|Pressure
|
|-weather|Snowscape|[upkeep]
|upkeep
|turn|27
|
|t:|1758919903
|move|p2a: Mr. Freeze|Freeze-Dry|p1a: Dragapult
|-supereffective|p1a: Dragapult
|-damage|p1a: Dragapult|0 fnt
|faint|p1a: Dragapult
|
|-weather|Snowscape|[upkeep]
|upkeep
|
|t:|1758919904
|switch|p1a: Ting-Lu|Ting-Lu, tera:Fairy|32/100
|-ability|p1a: Ting-Lu|Vessel of Ruin
|turn|28
|
|t:|1758919909
|move|p2a: Mr. Freeze|Freeze-Dry|p1a: Ting-Lu
|-damage|p1a: Ting-Lu|16/100
|move|p1a: Ting-Lu|Rest|p1a: Ting-Lu
|-status|p1a: Ting-Lu|slp|[from] move: Rest
|-heal|p1a: Ting-Lu|100/100 slp|[silent]
|
|-weather|Snowscape|[upkeep]
|upkeep
|turn|29
|
|t:|1758919918
|switch|p2a: Chillionaire|Slowking-Galar, M, shiny|67/100
|cant|p1a: Ting-Lu|slp
|
|-weather|Snowscape|[upkeep]
|upkeep
|turn|30
|c|☆WogerHater|Thank god lol
|c|☆WogerHater|no freeze
|
|t:|1758919929
|switch|p2a: Homelandor|Landorus-Therian, M, shiny|100/100
|-ability|p2a: Homelandor|Intimidate|boost
|-unboost|p1a: Ting-Lu|atk|1
|cant|p1a: Ting-Lu|slp
|
|-weather|none
|upkeep
|turn|31
|
|t:|1758919933
|switch|p1a: Ogerpon|Ogerpon-Wellspring, F|100/100
|move|p2a: Homelandor|Taunt|p1a: Ogerpon
|-start|p1a: Ogerpon|move: Taunt
|
|upkeep
|turn|32
|inactive|butts99999 has 120 seconds left.
|
|t:|1758919976
|-terastallize|p2a: Homelandor|Water
|move|p1a: Ogerpon|Knock Off|p2a: Homelandor
|-damage|p2a: Homelandor|71/100
|-damage|p1a: Ogerpon|84/100|[from] item: Rocky Helmet|[of] p2a: Homelandor
|-enditem|p2a: Homelandor|Rocky Helmet|[from] move: Knock Off|[of] p1a: Ogerpon
|move|p2a: Homelandor|U-turn|p1a: Ogerpon
|-supereffective|p1a: Ogerpon
|-damage|p1a: Ogerpon|32/100
|
|t:|1758919985
|switch|p2a: Chillionaire|Slowking-Galar, M, shiny|99/100|[from] U-turn
|
|upkeep
|turn|33
|
|t:|1758919992
|move|p1a: Ogerpon|Knock Off|p2a: Chillionaire
|-supereffective|p2a: Chillionaire
|-crit|p2a: Chillionaire
|-damage|p2a: Chillionaire|0 fnt
|-enditem|p2a: Chillionaire|Heavy-Duty Boots|[from] move: Knock Off|[of] p1a: Ogerpon
|faint|p2a: Chillionaire
|
|-end|p1a: Ogerpon|move: Taunt
|upkeep
|c|☆butts99999|cmon bro
|inactive|butts99999 has 120 seconds left.
|c|☆butts99999|lol
|c|☆butts99999|why risk that
|inactive|butts99999 has 90 seconds left.
|c|☆butts99999|u have a lu at full
|
|t:|1758920033
|switch|p2a: Mr. Freeze|Kyurem, shiny|100/100
|-ability|p2a: Mr. Freeze|Pressure
|turn|34
|inactive|butts99999 has 90 seconds left.
|
|t:|1758920043
|move|p1a: Ogerpon|Spikes|p2a: Mr. Freeze
|-sidestart|p2: butts99999|Spikes
|move|p2a: Mr. Freeze|Freeze-Dry|p1a: Ogerpon
|-supereffective|p1a: Ogerpon
|-damage|p1a: Ogerpon|0 fnt
|faint|p1a: Ogerpon
|
|upkeep
|
|t:|1758920049
|switch|p1a: Ting-Lu|Ting-Lu, tera:Fairy|100/100 slp
|-ability|p1a: Ting-Lu|Vessel of Ruin
|turn|35
|
|t:|1758920056
|move|p2a: Mr. Freeze|Substitute|p2a: Mr. Freeze
|-start|p2a: Mr. Freeze|Substitute
|-damage|p2a: Mr. Freeze|76/100
|-curestatus|p1a: Ting-Lu|slp|[msg]
|move|p1a: Ting-Lu|Stealth Rock|p2a: Mr. Freeze
|-sidestart|p2: butts99999|move: Stealth Rock
|
|-heal|p2a: Mr. Freeze|82/100|[from] item: Leftovers
|upkeep
|turn|36
|
|t:|1758920060
|move|p2a: Mr. Freeze|Protect|p2a: Mr. Freeze
|-singleturn|p2a: Mr. Freeze|Protect
|move|p1a: Ting-Lu|Earthquake|p2a: Mr. Freeze
|-activate|p2a: Mr. Freeze|move: Protect
|
|-heal|p2a: Mr. Freeze|88/100|[from] item: Leftovers
|upkeep
|turn|37
|
|t:|1758920064
|move|p2a: Mr. Freeze|Freeze-Dry|p1a: Ting-Lu
|-damage|p1a: Ting-Lu|86/100
|move|p1a: Ting-Lu|Earthquake|p2a: Mr. Freeze
|-end|p2a: Mr. Freeze|Substitute
|
|-heal|p2a: Mr. Freeze|94/100|[from] item: Leftovers
|-heal|p1a: Ting-Lu|92/100|[from] item: Leftovers
|upkeep
|turn|38
|
|t:|1758920070
|move|p2a: Mr. Freeze|Substitute|p2a: Mr. Freeze
|-start|p2a: Mr. Freeze|Substitute
|-damage|p2a: Mr. Freeze|69/100
|move|p1a: Ting-Lu|Stealth Rock||[still]
|-fail|p1a: Ting-Lu
|
|-heal|p2a: Mr. Freeze|75/100|[from] item: Leftovers
|-heal|p1a: Ting-Lu|98/100|[from] item: Leftovers
|upkeep
|turn|39
|
|t:|1758920075
|move|p2a: Mr. Freeze|Protect|p2a: Mr. Freeze
|-singleturn|p2a: Mr. Freeze|Protect
|move|p1a: Ting-Lu|Stealth Rock||[still]
|-fail|p1a: Ting-Lu
|
|-heal|p2a: Mr. Freeze|81/100|[from] item: Leftovers
|-heal|p1a: Ting-Lu|100/100|[from] item: Leftovers
|upkeep
|turn|40
|
|t:|1758920078
|move|p2a: Mr. Freeze|Freeze-Dry|p1a: Ting-Lu
|-crit|p1a: Ting-Lu
|-damage|p1a: Ting-Lu|77/100
|move|p1a: Ting-Lu|Stealth Rock||[still]
|-fail|p1a: Ting-Lu
|
|-heal|p2a: Mr. Freeze|88/100|[from] item: Leftovers
|-heal|p1a: Ting-Lu|83/100|[from] item: Leftovers
|upkeep
|turn|41
|
|t:|1758920082
|move|p2a: Mr. Freeze|Freeze-Dry|p1a: Ting-Lu
|-damage|p1a: Ting-Lu|69/100
|move|p1a: Ting-Lu|Stealth Rock||[still]
|-fail|p1a: Ting-Lu
|
|-heal|p2a: Mr. Freeze|94/100|[from] item: Leftovers
|-heal|p1a: Ting-Lu|75/100|[from] item: Leftovers
|upkeep
|turn|42
|
|t:|1758920088
|switch|p1a: Skeledirge|Skeledirge, F|100/100
|move|p2a: Mr. Freeze|Freeze-Dry|p1a: Skeledirge
|-resisted|p1a: Skeledirge
|-damage|p1a: Skeledirge|88/100
|
|-heal|p2a: Mr. Freeze|99/100|[from] item: Leftovers
|upkeep
|turn|43
|
|t:|1758920093
|switch|p1a: Corviknight|Corviknight, F|100/100
|-ability|p1a: Corviknight|Pressure
|move|p2a: Mr. Freeze|Earth Power|p1a: Corviknight
|-immune|p1a: Corviknight
|
|-heal|p2a: Mr. Freeze|100/100|[from] item: Leftovers
|upkeep
|turn|44
|
|t:|1758920095
|switch|p1a: Ting-Lu|Ting-Lu, tera:Fairy|75/100
|-ability|p1a: Ting-Lu|Vessel of Ruin
|move|p2a: Mr. Freeze|Freeze-Dry|p1a: Ting-Lu
|-damage|p1a: Ting-Lu|61/100
|
|-heal|p1a: Ting-Lu|67/100|[from] item: Leftovers
|upkeep
|turn|45
|
|t:|1758920098
|move|p2a: Mr. Freeze|Freeze-Dry|p1a: Ting-Lu
|-damage|p1a: Ting-Lu|54/100
|move|p1a: Ting-Lu|Rest|p1a: Ting-Lu
|-status|p1a: Ting-Lu|slp|[from] move: Rest
|-heal|p1a: Ting-Lu|100/100 slp|[silent]
|
|upkeep
|turn|46
|
|t:|1758920104
|switch|p2a: WALL-Y|Iron Valiant|100/100
|-damage|p2a: WALL-Y|88/100|[from] Spikes
|-damage|p2a: WALL-Y|82/100|[from] Stealth Rock
|-enditem|p2a: WALL-Y|Booster Energy
|-activate|p2a: WALL-Y|ability: Quark Drive|[fromitem]
|-start|p2a: WALL-Y|quarkdrivespe
|cant|p1a: Ting-Lu|slp
|
|upkeep
|turn|47
|j| aniteshori
|
|t:|1758920110
|switch|p1a: Weezing|Weezing-Galar, F|46/100
|-ability|p1a: Weezing|Neutralizing Gas
|move|p2a: WALL-Y|Calm Mind|p2a: WALL-Y
|-boost|p2a: WALL-Y|spa|1
|-boost|p2a: WALL-Y|spd|1
|
|upkeep
|turn|48
|
|t:|1758920113
|move|p2a: WALL-Y|Shadow Ball|p1a: Weezing
|-damage|p1a: Weezing|0 fnt
|faint|p1a: Weezing
|-end|p1a: Weezing|ability: Neutralizing Gas
|
|upkeep
|
|t:|1758920115
|switch|p1a: Skeledirge|Skeledirge, F|88/100
|turn|49
|
|t:|1758920118
|move|p2a: WALL-Y|Shadow Ball|p1a: Skeledirge
|-supereffective|p1a: Skeledirge
|-damage|p1a: Skeledirge|47/100
|move|p1a: Skeledirge|Torch Song|p2a: WALL-Y
|-damage|p2a: WALL-Y|25/100
|-boost|p1a: Skeledirge|spa|1
|
|upkeep
|turn|50
|
|t:|1758920126
|move|p2a: WALL-Y|Shadow Ball|p1a: Skeledirge
|-supereffective|p1a: Skeledirge
|-damage|p1a: Skeledirge|7/100
|move|p1a: Skeledirge|Earth Power|p2a: WALL-Y
|-damage|p2a: WALL-Y|0 fnt
|faint|p2a: WALL-Y
|-end|p2a: WALL-Y|Quark Drive|[silent]
|
|upkeep
|
|t:|1758920132
|switch|p2a: Mr. Freeze|Kyurem, shiny|100/100
|-damage|p2a: Mr. Freeze|88/100|[from] Spikes
|-damage|p2a: Mr. Freeze|63/100|[from] Stealth Rock
|-ability|p2a: Mr. Freeze|Pressure
|turn|51
|
|t:|1758920136
|move|p2a: Mr. Freeze|Freeze-Dry|p1a: Skeledirge
|-resisted|p1a: Skeledirge
|-damage|p1a: Skeledirge|0 fnt
|faint|p1a: Skeledirge
|
|-heal|p2a: Mr. Freeze|69/100|[from] item: Leftovers
|upkeep
|
|t:|1758920138
|switch|p1a: Ting-Lu|Ting-Lu, tera:Fairy|100/100 slp
|-ability|p1a: Ting-Lu|Vessel of Ruin
|turn|52
|
|t:|1758920144
|move|p2a: Mr. Freeze|Substitute|p2a: Mr. Freeze
|-start|p2a: Mr. Freeze|Substitute
|-damage|p2a: Mr. Freeze|44/100
|cant|p1a: Ting-Lu|slp
|
|-heal|p2a: Mr. Freeze|51/100|[from] item: Leftovers
|upkeep
|turn|53
|
|t:|1758920147
|move|p2a: Mr. Freeze|Protect|p2a: Mr. Freeze
|-singleturn|p2a: Mr. Freeze|Protect
|-curestatus|p1a: Ting-Lu|slp|[msg]
|move|p1a: Ting-Lu|Earthquake|p2a: Mr. Freeze
|-activate|p2a: Mr. Freeze|move: Protect
|
|-heal|p2a: Mr. Freeze|57/100|[from] item: Leftovers
|upkeep
|turn|54
|
|t:|1758920156
|move|p2a: Mr. Freeze|Freeze-Dry|p1a: Ting-Lu
|-damage|p1a: Ting-Lu|86/100
|move|p1a: Ting-Lu|Earthquake|p2a: Mr. Freeze
|-end|p2a: Mr. Freeze|Substitute
|
|-heal|p2a: Mr. Freeze|63/100|[from] item: Leftovers
|-heal|p1a: Ting-Lu|93/100|[from] item: Leftovers
|upkeep
|turn|55
|j| krampus gon get u
|
|t:|1758920159
|move|p2a: Mr. Freeze|Earth Power|p1a: Ting-Lu
|-damage|p1a: Ting-Lu|80/100
|move|p1a: Ting-Lu|Heavy Slam|p2a: Mr. Freeze
|-supereffective|p2a: Mr. Freeze
|-damage|p2a: Mr. Freeze|34/100
|
|-heal|p2a: Mr. Freeze|40/100|[from] item: Leftovers
|-heal|p1a: Ting-Lu|86/100|[from] item: Leftovers
|upkeep
|turn|56
|
|t:|1758920163
|move|p2a: Mr. Freeze|Protect|p2a: Mr. Freeze
|-singleturn|p2a: Mr. Freeze|Protect
|move|p1a: Ting-Lu|Heavy Slam|p2a: Mr. Freeze
|-activate|p2a: Mr. Freeze|move: Protect
|
|-heal|p2a: Mr. Freeze|46/100|[from] item: Leftovers
|-heal|p1a: Ting-Lu|92/100|[from] item: Leftovers
|upkeep
|turn|57
|
|t:|1758920182
|move|p2a: Mr. Freeze|Freeze-Dry|p1a: Ting-Lu
|-damage|p1a: Ting-Lu|79/100
|move|p1a: Ting-Lu|Earthquake|p2a: Mr. Freeze
|-damage|p2a: Mr. Freeze|12/100
|
|-heal|p2a: Mr. Freeze|18/100|[from] item: Leftovers
|-heal|p1a: Ting-Lu|85/100|[from] item: Leftovers
|upkeep
|turn|58
|
|t:|1758920186
|move|p2a: Mr. Freeze|Freeze-Dry|p1a: Ting-Lu
|-damage|p1a: Ting-Lu|71/100
|move|p1a: Ting-Lu|Heavy Slam|p2a: Mr. Freeze
|-supereffective|p2a: Mr. Freeze
|-damage|p2a: Mr. Freeze|0 fnt
|faint|p2a: Mr. Freeze
|
|-heal|p1a: Ting-Lu|77/100|[from] item: Leftovers
|upkeep
|
|t:|1758920188
|switch|p2a: Daenerys|Kingambit, F|67/100
|-damage|p2a: Daenerys|55/100|[from] Spikes
|-damage|p2a: Daenerys|49/100|[from] Stealth Rock
|-activate|p2a: Daenerys|ability: Supreme Overlord
|-start|p2a: Daenerys|fallen4|[silent]
|turn|59
|
|t:|1758920193
|move|p2a: Daenerys|Iron Head|p1a: Ting-Lu
|-supereffective|p1a: Ting-Lu
|-damage|p1a: Ting-Lu|9/100
|move|p1a: Ting-Lu|Earthquake|p2a: Daenerys
|-supereffective|p2a: Daenerys
|-damage|p2a: Daenerys|0 fnt
|faint|p2a: Daenerys
|-end|p2a: Daenerys|fallen4|[silent]
|
|-heal|p1a: Ting-Lu|16/100|[from] item: Leftovers
|upkeep
|
|t:|1758920195
|switch|p2a: Homelandor|Landorus-Therian, M, shiny, tera:Water|71/100
|-damage|p2a: Homelandor|58/100|[from] Spikes
|-damage|p2a: Homelandor|46/100|[from] Stealth Rock
|-ability|p2a: Homelandor|Intimidate|boost
|-unboost|p1a: Ting-Lu|atk|1
|turn|60
|
|t:|1758920197
|move|p2a: Homelandor|Earthquake|p1a: Ting-Lu
|-damage|p1a: Ting-Lu|0 fnt
|faint|p1a: Ting-Lu
|
|upkeep
|
|t:|1758920198
|switch|p1a: Corviknight|Corviknight, F|100/100
|-ability|p1a: Corviknight|Pressure
|turn|61
|
|t:|1758920201
|move|p2a: Homelandor|Taunt|p1a: Corviknight
|-start|p1a: Corviknight|move: Taunt
|move|p1a: Corviknight|Body Press|p2a: Homelandor
|-damage|p2a: Homelandor|24/100
|
|upkeep
|turn|62
|-message|butts99999 forfeited.
|
|win|WogerHater
|raw|WogerHater's rating: 1810 &rarr; <strong>1836</strong><br />(+26 for winning)
|raw|butts99999's rating: 1915 &rarr; <strong>1889</strong><br />(-26 for losing)
|l|☆WogerHater
|player|p1|
|l|☆butts99999
|player|p2|
|l| PalletTownNoob
|l| LegitimatePotato
