|j|☆buraneo
|j|☆DrGivingtheNews
|t:|1759075058
|gametype|singles
|player|p1|buraneo|hoopster|1057
|player|p2|DrGivingtheNews|doctor|1075
|gen|9
|tier|[Gen 9] OU
|rated|
|rule|HP Percentage Mod: HP is shown in percentages
|rule|Endless Battle Clause: Forcing endless battles is banned
|rule|Species Clause: Limit one of each Pokémon
|rule|OHKO Clause: OHKO moves are banned
|rule|Evasion Items Clause: Evasion items are banned
|rule|Evasion Moves Clause: Evasion moves are banned
|rule|Evasion Abilities Clause: Evasion abilities are banned
|rule|Sleep Moves Clause: Sleep-inducing moves are banned
|clearpoke
|poke|p1|Excadrill, F|
|poke|p1|Toxapex, M|
|poke|p1|Iron Valiant|
|poke|p1|Weavile, M|
|poke|p1|Zapdos|
|poke|p1|Dragapult, M|
|poke|p2|Clodsire, M|
|poke|p2|Corviknight, M|
|poke|p2|Electivire, M|
|poke|p2|Quaquaval, M|
|poke|p2|Ditto|
|poke|p2|Espeon, F|
|teampreview
|inactive|Battle timer is ON: inactive players will automatically lose when time's up. (requested by DrGivingtheNews)
|c|☆DrGivingtheNews|glhfffffffffffffffffffffffffffffffffffffffffff
|
|t:|1759075078
|teamsize|p1|6
|teamsize|p2|6
|start
|switch|p1a: Dragapult|Dragapult, M|100/100
|switch|p2a: Bird|Quaquaval, M|100/100
|turn|1
|
|t:|1759075086
|switch|p2a: Big Bird!|Corviknight, M|100/100
|move|p1a: Dragapult|U-turn|p2a: Big Bird!
|-resisted|p2a: Big Bird!
|-damage|p2a: Big Bird!|98/100
|-damage|p1a: Dragapult|84/100|[from] item: Rocky Helmet|[of] p2a: Big Bird!
|
|t:|1759075093
|switch|p1a: Zapdos|Zapdos|100/100|[from] U-turn
|
|upkeep
|turn|2
|
|t:|1759075097
|switch|p2a: Big Bird?|Electivire, M|100/100
|move|p1a: Zapdos|Thunderbolt|p2a: Big Bird?
|-ability|p2a: Big Bird?|Motor Drive|boost
|-boost|p2a: Big Bird?|spe|1
|
|upkeep
|turn|3
|
|t:|1759075109
|move|p2a: Big Bird?|Ice Punch|p1a: Zapdos
|-supereffective|p1a: Zapdos
|-damage|p1a: Zapdos|51/100
|-status|p1a: Zapdos|frz
|-curestatus|p1a: Zapdos|frz|[msg]
|move|p1a: Zapdos|Hurricane|p2a: Big Bird?
|-resisted|p2a: Big Bird?
|-crit|p2a: Big Bird?
|-damage|p2a: Big Bird?|69/100
|
|-heal|p1a: Zapdos|58/100|[from] item: Leftovers
|upkeep
|turn|4
|
|t:|1759075123
|switch|p1a: Toxapex|Toxapex, M|100/100
|move|p2a: Big Bird?|Ice Punch|p1a: Toxapex
|-resisted|p1a: Toxapex
|-crit|p1a: Toxapex
|-damage|p1a: Toxapex|84/100
|
|-heal|p1a: Toxapex|91/100|[from] item: Black Sludge
|upkeep
|turn|5
|
|t:|1759075135
|move|p1a: Toxapex|Baneful Bunker|p1a: Toxapex
|-singleturn|p1a: Toxapex|move: Protect
|move|p2a: Big Bird?|Thunder Punch|p1a: Toxapex
|-activate|p1a: Toxapex|move: Protect
|-status|p2a: Big Bird?|psn
|
|-heal|p1a: Toxapex|97/100|[from] item: Black Sludge
|-damage|p2a: Big Bird?|57/100 psn|[from] psn
|upkeep
|turn|6
|
|t:|1759075147
|move|p2a: Big Bird?|Thunder Punch|p1a: Toxapex
|-supereffective|p1a: Toxapex
|-damage|p1a: Toxapex|27/100
|move|p1a: Toxapex|Recover|p1a: Toxapex
|-heal|p1a: Toxapex|77/100
|
|-heal|p1a: Toxapex|83/100|[from] item: Black Sludge
|-damage|p2a: Big Bird?|44/100 psn|[from] psn
|upkeep
|turn|7
|
|t:|1759075157
|switch|p2a: Cloud Desire|Clodsire, M|100/100
|move|p1a: Toxapex|Baneful Bunker||[still]
|-fail|p1a: Toxapex
|
|-heal|p1a: Toxapex|89/100|[from] item: Black Sludge
|upkeep
|turn|8
|
|t:|1759075170
|switch|p1a: Zapdos|Zapdos|58/100
|move|p2a: Cloud Desire|Stealth Rock|p1a: Zapdos
|-sidestart|p1: buraneo|move: Stealth Rock
|
|-heal|p1a: Zapdos|64/100|[from] item: Leftovers
|upkeep
|turn|9
|
|t:|1759075179
|move|p1a: Zapdos|Hurricane|p2a: Cloud Desire
|-damage|p2a: Cloud Desire|65/100
|move|p2a: Cloud Desire|Toxic Spikes|p1a: Zapdos
|-sidestart|p1: buraneo|move: Toxic Spikes
|
|-heal|p1a: Zapdos|70/100|[from] item: Leftovers
|-heal|p2a: Cloud Desire|72/100|[from] item: Leftovers
|upkeep
|turn|10
|
|t:|1759075187
|move|p1a: Zapdos|Hurricane|p2a: Cloud Desire|[miss]
|-miss|p1a: Zapdos|p2a: Cloud Desire
|move|p2a: Cloud Desire|Spikes|p1a: Zapdos
|-sidestart|p1: buraneo|Spikes
|
|-heal|p1a: Zapdos|76/100|[from] item: Leftovers
|-heal|p2a: Cloud Desire|78/100|[from] item: Leftovers
|upkeep
|turn|11
|
|t:|1759075197
|move|p1a: Zapdos|U-turn|p2a: Cloud Desire
|-resisted|p2a: Cloud Desire
|-damage|p2a: Cloud Desire|70/100
|
|t:|1759075201
|switch|p1a: Excadrill|Excadrill, F|100/100|[from] U-turn
|-damage|p1a: Excadrill|97/100|[from] Stealth Rock
|-damage|p1a: Excadrill|85/100|[from] Spikes
|-ability|p1a: Excadrill|Mold Breaker
|move|p2a: Cloud Desire|Spikes|p1a: Excadrill
|-sidestart|p1: buraneo|Spikes
|
|-heal|p2a: Cloud Desire|77/100|[from] item: Leftovers
|upkeep
|turn|12
|
|t:|1759075215
|move|p1a: Excadrill|Rapid Spin|p2a: Cloud Desire
|-damage|p2a: Cloud Desire|56/100
|-boost|p1a: Excadrill|spe|1
|-sideend|p1: buraneo|Spikes|[from] move: Rapid Spin|[of] p1a: Excadrill
|-sideend|p1: buraneo|Toxic Spikes|[from] move: Rapid Spin|[of] p1a: Excadrill
|-sideend|p1: buraneo|Stealth Rock|[from] move: Rapid Spin|[of] p1a: Excadrill
|move|p2a: Cloud Desire|Earthquake|p1a: Excadrill
|-supereffective|p1a: Excadrill
|-damage|p1a: Excadrill|0 fnt
|faint|p1a: Excadrill
|
|-heal|p2a: Cloud Desire|62/100|[from] item: Leftovers
|upkeep
|
|t:|1759075228
|switch|p1a: Weavile|Weavile, M|100/100
|turn|13
|
|t:|1759075232
|switch|p2a: Big Bird!|Corviknight, M|98/100
|move|p1a: Weavile|Triple Axel|p2a: Big Bird!
|-damage|p2a: Big Bird!|92/100
|-damage|p1a: Weavile|84/100|[from] item: Rocky Helmet|[of] p2a: Big Bird!
|-hitcount|p2a: Big Bird!|1
|
|upkeep
|turn|14
|
|t:|1759075243
|switch|p1a: Dragapult|Dragapult, M|84/100
|move|p2a: Big Bird!|Iron Head|p1a: Dragapult
|-damage|p1a: Dragapult|50/100
|
|upkeep
|turn|15
|
|t:|1759075250
|switch|p2a: Big Bird?|Electivire, M|44/100 psn
|move|p1a: Dragapult|Fire Blast|p2a: Big Bird?
|-damage|p2a: Big Bird?|18/100 psn
|
|-damage|p2a: Big Bird?|5/100 psn|[from] psn
|upkeep
|turn|16
|
|t:|1759075259
|move|p1a: Dragapult|Shadow Ball|p2a: Big Bird?
|-damage|p2a: Big Bird?|0 fnt
|faint|p2a: Big Bird?
|
|upkeep
|
|t:|1759075261
|switch|p2a: Cloud Desire|Clodsire, M|62/100
|turn|17
|
|t:|1759075271
|move|p1a: Dragapult|Draco Meteor|p2a: Cloud Desire
|-damage|p2a: Cloud Desire|23/100
|-unboost|p1a: Dragapult|spa|2
|move|p2a: Cloud Desire|Stealth Rock|p1a: Dragapult
|-sidestart|p1: buraneo|move: Stealth Rock
|
|-heal|p2a: Cloud Desire|29/100|[from] item: Leftovers
|upkeep
|turn|18
|
|t:|1759075280
|move|p1a: Dragapult|Shadow Ball|p2a: Cloud Desire
|-damage|p2a: Cloud Desire|4/100
|-unboost|p2a: Cloud Desire|spd|1
|move|p2a: Cloud Desire|Spikes|p1a: Dragapult
|-sidestart|p1: buraneo|Spikes
|
|-heal|p2a: Cloud Desire|10/100|[from] item: Leftovers
|upkeep
|turn|19
|
|t:|1759075289
|move|p1a: Dragapult|Shadow Ball|p2a: Cloud Desire
|-damage|p2a: Cloud Desire|0 fnt
|faint|p2a: Cloud Desire
|
|upkeep
|
|t:|1759075292
|switch|p2a: Bird|Quaquaval, M|100/100
|turn|20
|
|t:|1759075302
|move|p1a: Dragapult|U-turn|p2a: Bird
|-resisted|p2a: Bird
|-damage|p2a: Bird|89/100
|
|t:|1759075308
|switch|p1a: Toxapex|Toxapex, M|100/100|[from] U-turn
|-damage|p1a: Toxapex|88/100|[from] Stealth Rock
|-damage|p1a: Toxapex|76/100|[from] Spikes
|move|p2a: Bird|Aqua Step|p1a: Toxapex
|-resisted|p1a: Toxapex
|-damage|p1a: Toxapex|58/100
|-boost|p2a: Bird|spe|1
|
|-heal|p1a: Toxapex|64/100|[from] item: Black Sludge
|upkeep
|turn|21
|
|t:|1759075320
|switch|p2a: Big Bird!|Corviknight, M|92/100
|move|p1a: Toxapex|Toxic|p2a: Big Bird!
|-immune|p2a: Big Bird!
|
|-heal|p1a: Toxapex|70/100|[from] item: Black Sludge
|upkeep
|turn|22
|
|t:|1759075328
|move|p2a: Big Bird!|Iron Head|p1a: Toxapex
|-resisted|p1a: Toxapex
|-damage|p1a: Toxapex|60/100
|cant|p1a: Toxapex|flinch
|
|-heal|p1a: Toxapex|67/100|[from] item: Black Sludge
|upkeep
|turn|23
|
|t:|1759075336
|move|p2a: Big Bird!|Iron Head|p1a: Toxapex
|-resisted|p1a: Toxapex
|-damage|p1a: Toxapex|56/100
|move|p1a: Toxapex|Hydro Pump|p2a: Big Bird!
|-damage|p2a: Big Bird!|71/100
|
|-heal|p1a: Toxapex|62/100|[from] item: Black Sludge
|upkeep
|turn|24
|
|t:|1759075345
|move|p1a: Toxapex|Baneful Bunker|p1a: Toxapex
|-singleturn|p1a: Toxapex|move: Protect
|move|p2a: Big Bird!|Iron Head|p1a: Toxapex
|-activate|p1a: Toxapex|move: Protect
|
|-heal|p1a: Toxapex|69/100|[from] item: Black Sludge
|upkeep
|turn|25
|inactive|DrGivingtheNews has 120 seconds left.
|
|t:|1759075377
|move|p2a: Big Bird!|Iron Head|p1a: Toxapex
|-resisted|p1a: Toxapex
|-damage|p1a: Toxapex|58/100
|move|p1a: Toxapex|Recover|p1a: Toxapex
|-heal|p1a: Toxapex|100/100
|
|upkeep
|turn|26
|
|t:|1759075391
|switch|p1a: Zapdos|Zapdos|76/100
|-damage|p1a: Zapdos|51/100|[from] Stealth Rock
|move|p2a: Big Bird!|Roost|p2a: Big Bird!
|-heal|p2a: Big Bird!|100/100
|-singleturn|p2a: Big Bird!|move: Roost
|
|-heal|p1a: Zapdos|58/100|[from] item: Leftovers
|upkeep
|turn|27
|
|t:|1759075401
|switch|p2a: Espeon|Espeon, F|100/100
|move|p1a: Zapdos|Roost|p1a: Zapdos
|-heal|p1a: Zapdos|100/100
|-singleturn|p1a: Zapdos|move: Roost
|
|upkeep
|turn|28
|
|t:|1759075411
|move|p2a: Espeon|Substitute|p2a: Espeon
|-start|p2a: Espeon|Substitute
|-damage|p2a: Espeon|76/100
|move|p1a: Zapdos|Thunderbolt|p2a: Espeon
|-end|p2a: Espeon|Substitute
|
|-heal|p2a: Espeon|82/100|[from] item: Leftovers
|upkeep
|turn|29
|
|t:|1759075420
|move|p2a: Espeon|Calm Mind|p2a: Espeon
|-boost|p2a: Espeon|spa|1
|-boost|p2a: Espeon|spd|1
|move|p1a: Zapdos|Thunderbolt|p2a: Espeon
|-damage|p2a: Espeon|47/100
|
|-heal|p2a: Espeon|53/100|[from] item: Leftovers
|upkeep
|turn|30
|
|t:|1759075428
|move|p2a: Espeon|Calm Mind|p2a: Espeon
|-boost|p2a: Espeon|spa|1
|-boost|p2a: Espeon|spd|1
|move|p1a: Zapdos|Hurricane|p2a: Espeon|[miss]
|-miss|p1a: Zapdos|p2a: Espeon
|
|-heal|p2a: Espeon|59/100|[from] item: Leftovers
|upkeep
|turn|31
|
|t:|1759075437
|move|p2a: Espeon|Substitute|p2a: Espeon
|-start|p2a: Espeon|Substitute
|-damage|p2a: Espeon|34/100
|move|p1a: Zapdos|U-turn|p2a: Espeon
|-supereffective|p2a: Espeon
|-end|p2a: Espeon|Substitute
|
|t:|1759075451
|switch|p1a: Weavile|Weavile, M|84/100|[from] U-turn
|-damage|p1a: Weavile|59/100|[from] Stealth Rock
|-damage|p1a: Weavile|47/100|[from] Spikes
|
|-heal|p2a: Espeon|40/100|[from] item: Leftovers
|upkeep
|turn|32
|
|t:|1759075461
|move|p1a: Weavile|Knock Off|p2a: Espeon
|-supereffective|p2a: Espeon
|-damage|p2a: Espeon|0 fnt
|-enditem|p2a: Espeon|Leftovers|[from] move: Knock Off|[of] p1a: Weavile
|faint|p2a: Espeon
|
|upkeep
|
|t:|1759075463
|switch|p2a: Bird|Quaquaval, M|89/100
|turn|33
|
|t:|1759075476
|move|p1a: Weavile|Knock Off|p2a: Bird
|-resisted|p2a: Bird
|-damage|p2a: Bird|58/100
|-enditem|p2a: Bird|Focus Sash|[from] move: Knock Off|[of] p1a: Weavile
|move|p2a: Bird|Aqua Step|p1a: Weavile
|-damage|p1a: Weavile|0 fnt
|-boost|p2a: Bird|spe|1
|faint|p1a: Weavile
|-ability|p2a: Bird|Moxie|boost
|-boost|p2a: Bird|atk|1
|
|upkeep
|
|t:|1759075487
|switch|p1a: Zapdos|Zapdos|100/100
|-damage|p1a: Zapdos|76/100|[from] Stealth Rock
|turn|34
|
|t:|1759075493
|-terastallize|p2a: Bird|Rock
|move|p2a: Bird|Aqua Step|p1a: Zapdos
|-damage|p1a: Zapdos|20/100
|-boost|p2a: Bird|spe|1
|move|p1a: Zapdos|Thunderbolt|p2a: Bird
|-damage|p2a: Bird|0 fnt
|faint|p2a: Bird
|
|-heal|p1a: Zapdos|26/100|[from] item: Leftovers
|upkeep
|
|t:|1759075500
|switch|p2a: Bob|Ditto|100/100
|-transform|p2a: Bob|p1a: Zapdos|[from] ability: Imposter
|turn|35
|
|t:|1759075522
|-terastallize|p1a: Zapdos|Steel
|move|p2a: Bob|Thunderbolt|p1a: Zapdos
|-damage|p1a: Zapdos|0 fnt
|faint|p1a: Zapdos
|
|upkeep
|
|t:|1759075533
|switch|p1a: Toxapex|Toxapex, M|100/100
|-damage|p1a: Toxapex|88/100|[from] Stealth Rock
|-damage|p1a: Toxapex|76/100|[from] Spikes
|turn|36
|
|t:|1759075538
|move|p1a: Toxapex|Baneful Bunker|p1a: Toxapex
|-singleturn|p1a: Toxapex|move: Protect
|move|p2a: Bob|Thunderbolt|p1a: Toxapex
|-activate|p1a: Toxapex|move: Protect
|
|-heal|p1a: Toxapex|82/100|[from] item: Black Sludge
|upkeep
|turn|37
|
|t:|1759075547
|move|p2a: Bob|Thunderbolt|p1a: Toxapex
|-supereffective|p1a: Toxapex
|-damage|p1a: Toxapex|22/100
|move|p1a: Toxapex|Toxic|p2a: Bob
|-status|p2a: Bob|tox
|
|-heal|p1a: Toxapex|28/100|[from] item: Black Sludge
|-damage|p2a: Bob|94/100 tox|[from] psn
|upkeep
|turn|38
|
|t:|1759075558
|move|p1a: Toxapex|Baneful Bunker|p1a: Toxapex
|-singleturn|p1a: Toxapex|move: Protect
|move|p2a: Bob|Thunderbolt|p1a: Toxapex
|-activate|p1a: Toxapex|move: Protect
|
|-heal|p1a: Toxapex|34/100|[from] item: Black Sludge
|-damage|p2a: Bob|82/100 tox|[from] psn
|upkeep
|turn|39
|
|t:|1759075569
|move|p2a: Bob|Thunderbolt|p1a: Toxapex
|-supereffective|p1a: Toxapex
|-damage|p1a: Toxapex|0 fnt
|faint|p1a: Toxapex
|
|-damage|p2a: Bob|64/100 tox|[from] psn
|upkeep
|
|t:|1759075576
|switch|p1a: Dragapult|Dragapult, M|50/100
|-damage|p1a: Dragapult|37/100|[from] Stealth Rock
|-damage|p1a: Dragapult|25/100|[from] Spikes
|turn|40
|
|t:|1759075582
|switch|p2a: Big Bird!|Corviknight, M|100/100
|move|p1a: Dragapult|Draco Meteor|p2a: Big Bird!|[miss]
|-miss|p1a: Dragapult|p2a: Big Bird!
|
|upkeep
|turn|41
|
|t:|1759075590
|move|p1a: Dragapult|Fire Blast|p2a: Big Bird!
|-supereffective|p2a: Big Bird!
|-damage|p2a: Big Bird!|25/100
|move|p2a: Big Bird!|Roost|p2a: Big Bird!
|-heal|p2a: Big Bird!|75/100
|-singleturn|p2a: Big Bird!|move: Roost
|
|upkeep
|turn|42
|
|t:|1759075598
|move|p1a: Dragapult|Fire Blast|p2a: Big Bird!
|-supereffective|p2a: Big Bird!
|-damage|p2a: Big Bird!|0 fnt
|faint|p2a: Big Bird!
|
|upkeep
|
|t:|1759075600
|switch|p2a: Bob|Ditto|64/100 tox
|-transform|p2a: Bob|p1a: Dragapult|[from] ability: Imposter
|turn|43
|
|t:|1759075616
|move|p2a: Bob|Shadow Ball|p1a: Dragapult
|-supereffective|p1a: Dragapult
|-damage|p1a: Dragapult|0 fnt
|faint|p1a: Dragapult
|
|-damage|p2a: Bob|58/100 tox|[from] psn
|upkeep
|
|t:|1759075624
|switch|p1a: Iron Valiant|Iron Valiant|100/100
|-damage|p1a: Iron Valiant|94/100|[from] Stealth Rock
|-damage|p1a: Iron Valiant|82/100|[from] Spikes
|-enditem|p1a: Iron Valiant|Booster Energy
|-activate|p1a: Iron Valiant|ability: Quark Drive|[fromitem]
|-start|p1a: Iron Valiant|quarkdrivespe
|turn|44
|
|t:|1759075638
|move|p2a: Bob|Shadow Ball|p1a: Iron Valiant
|-damage|p1a: Iron Valiant|16/100
|move|p1a: Iron Valiant|Moonblast|p2a: Bob
|-supereffective|p2a: Bob
|-damage|p2a: Bob|0 fnt
|faint|p2a: Bob
|
|win|buraneo
|raw|buraneo's rating: 1057 &rarr; <strong>1090</strong><br />(+33 for winning)
|raw|DrGivingtheNews's rating: 1075 &rarr; <strong>1053</strong><br />(-22 for losing)
|c|☆DrGivingtheNews|gg
|l|☆DrGivingtheNews
|player|p2|
