|j|☆lemontits1
|j|☆Ghostboydillon
|t:|1759017212
|gametype|singles
|player|p1|lemontits1|265|1038
|player|p2|Ghostboydillon|102|1075
|gen|9
|tier|[Gen 9] OU
|rated|
|rule|HP Percentage Mod: HP is shown in percentages
|rule|Endless Battle Clause: Forcing endless battles is banned
|rule|Species Clause: Limit one of each Pokémon
|rule|OHKO Clause: OHKO moves are banned
|rule|Evasion Items Clause: Evasion items are banned
|rule|Evasion Moves Clause: Evasion moves are banned
|rule|Evasion Abilities Clause: Evasion abilities are banned
|rule|Sleep Moves Clause: Sleep-inducing moves are banned
|clearpoke
|poke|p1|Eelektross, F|
|poke|p1|Falinks|
|poke|p1|Corviknight, F|
|poke|p1|Mew|
|poke|p1|Greninja-*, M|
|poke|p1|Sylveon, F|
|poke|p2|Dusclops, F|
|poke|p2|Grimmsnarl, M|
|poke|p2|Mimikyu, M|
|poke|p2|Mamoswine, M|
|poke|p2|Zoroark-Hisui, F|
|poke|p2|Toxicroak, F|
|teampreview
|inactive|Battle timer is ON: inactive players will automatically lose when time's up. (requested by lemontits1)
|inactive|Ghostboydillon has 120 seconds left.
|
|t:|1759017251
|teamsize|p1|6
|teamsize|p2|6
|start
|switch|p1a: Mew|Mew|100/100
|switch|p2a: Mamoswine|Mamoswine, M|100/100
|turn|1
|
|t:|1759017269
|move|p2a: Mamoswine|Shadow Ball|p1a: Mew
|-supereffective|p1a: Mew
|-damage|p1a: Mew|4/100
|-damage|p2a: Mamoswine|91/100|[from] item: Life Orb
|move|p1a: Mew|Future Sight|p2a: Mamoswine
|-start|p1a: Mew|move: Future Sight
|
|-heal|p1a: Mew|10/100|[from] item: Leftovers
|upkeep
|turn|2
|
|t:|1759017282
|move|p2a: Mamoswine|Flamethrower|p1a: Mew
|-damage|p1a: Mew|0 fnt
|faint|p1a: Mew
|-damage|p2a: Mamoswine|81/100|[from] item: Life Orb
|
|upkeep
|
|t:|1759017290
|switch|p1a: Falinks|Falinks|100/100
|turn|3
|
|t:|1759017303
|move|p1a: Falinks|First Impression|p2a: Mamoswine
|-resisted|p2a: Mamoswine
|-damage|p2a: Mamoswine|53/100
|replace|p2a: Zoroark|Zoroark-Hisui, F
|-end|p2a: Zoroark|Illusion
|move|p2a: Zoroark|Nasty Plot|p2a: Zoroark
|-boost|p2a: Zoroark|spa|2
|
|-end|p2a: Zoroark|move: Future Sight
|-damage|p2a: Zoroark|0 fnt
|faint|p2a: Zoroark
|upkeep
|inactive|Ghostboydillon has 120 seconds left.
|
|t:|1759017343
|switch|p2a: Grimmsnarl|Grimmsnarl, M|100/100
|turn|4
|
|t:|1759017361
|move|p1a: Falinks|No Retreat|p1a: Falinks
|-boost|p1a: Falinks|atk|1
|-boost|p1a: Falinks|def|1
|-boost|p1a: Falinks|spa|1
|-boost|p1a: Falinks|spd|1
|-boost|p1a: Falinks|spe|1
|-start|p1a: Falinks|move: No Retreat
|move|p2a: Grimmsnarl|Spirit Break|p1a: Falinks
|-supereffective|p1a: Falinks
|-damage|p1a: Falinks|57/100
|-unboost|p1a: Falinks|spa|1
|-ability|p1a: Falinks|Defiant|boost
|-boost|p1a: Falinks|atk|2
|-enditem|p1a: Falinks|Eject Pack
|
|t:|1759017380
|switch|p1a: Corviknight|Corviknight, F|100/100
|-ability|p1a: Corviknight|Unnerve
|
|upkeep
|turn|5
|
|t:|1759017387
|move|p2a: Grimmsnarl|Reflect|p2a: Grimmsnarl
|-sidestart|p2: Ghostboydillon|Reflect
|move|p1a: Corviknight|Iron Defense|p1a: Corviknight
|-boost|p1a: Corviknight|def|2
|
|upkeep
|turn|6
|inactive|Ghostboydillon has 120 seconds left.
|
|t:|1759017393
|move|p2a: Grimmsnarl|Thunder Wave|p1a: Corviknight|[miss]
|-miss|p2a: Grimmsnarl|p1a: Corviknight
|move|p1a: Corviknight|Iron Defense|p1a: Corviknight
|-boost|p1a: Corviknight|def|2
|
|upkeep
|turn|7
|
|t:|1759017400
|move|p2a: Grimmsnarl|Thunder Wave|p1a: Corviknight
|-status|p1a: Corviknight|par
|cant|p1a: Corviknight|par
|
|upkeep
|turn|8
|inactive|Ghostboydillon has 120 seconds left.
|
|t:|1759017443
|switch|p2a: Mimikyu|Mimikyu, M|100/100
|move|p1a: Corviknight|Body Press|p2a: Mimikyu
|-immune|p2a: Mimikyu
|
|upkeep
|turn|9
|
|t:|1759017449
|move|p2a: Mimikyu|Swords Dance|p2a: Mimikyu
|-boost|p2a: Mimikyu|atk|2
|move|p1a: Corviknight|Brave Bird|p2a: Mimikyu
|-activate|p2a: Mimikyu|ability: Disguise
|-damage|p2a: Mimikyu|100/100
|detailschange|p2a: Mimikyu|Mimikyu-Busted, M
|-damage|p2a: Mimikyu|88/100|[from] pokemon: Mimikyu-Busted
|
|upkeep
|turn|10
|
|t:|1759017466
|-terastallize|p2a: Mimikyu|Ghost
|move|p2a: Mimikyu|Shadow Sneak|p1a: Corviknight
|-damage|p1a: Corviknight|83/100 par
|-damage|p2a: Mimikyu|72/100|[from] item: Rocky Helmet|[of] p1a: Corviknight
|-damage|p2a: Mimikyu|62/100|[from] item: Life Orb
|move|p1a: Corviknight|Brave Bird|p2a: Mimikyu
|-damage|p2a: Mimikyu|29/100
|-damage|p1a: Corviknight|77/100 par|[from] Recoil
|
|upkeep
|turn|11
|
|t:|1759017477
|move|p2a: Mimikyu|Drain Punch|p1a: Corviknight
|-damage|p1a: Corviknight|63/100 par
|-heal|p2a: Mimikyu|40/100|[from] drain|[of] p1a: Corviknight
|-damage|p2a: Mimikyu|24/100|[from] item: Rocky Helmet|[of] p1a: Corviknight
|-damage|p2a: Mimikyu|14/100|[from] item: Life Orb
|move|p1a: Corviknight|Iron Defense|p1a: Corviknight
|-boost|p1a: Corviknight|def|2
|
|upkeep
|turn|12
|
|t:|1759017493
|move|p2a: Mimikyu|Shadow Sneak|p1a: Corviknight
|-damage|p1a: Corviknight|51/100 par
|-damage|p2a: Mimikyu|0 fnt|[from] item: Rocky Helmet|[of] p1a: Corviknight
|faint|p2a: Mimikyu
|cant|p1a: Corviknight|par
|
|-sideend|p2: Ghostboydillon|Reflect
|upkeep
|
|t:|1759017501
|switch|p2a: Dusclops|Dusclops, F|100/100
|-item|p1a: Corviknight|Rocky Helmet|[from] ability: Frisk|[of] p2a: Dusclops
|turn|13
|
|t:|1759017509
|move|p2a: Dusclops|Hex|p1a: Corviknight
|-damage|p1a: Corviknight|34/100 par
|cant|p1a: Corviknight|par
|
|upkeep
|turn|14
|
|t:|1759017515
|move|p2a: Dusclops|Hex|p1a: Corviknight
|-damage|p1a: Corviknight|16/100 par
|move|p1a: Corviknight|Brave Bird|p2a: Dusclops
|-damage|p2a: Dusclops|76/100
|-damage|p1a: Corviknight|11/100 par|[from] Recoil
|
|upkeep
|turn|15
|
|t:|1759017523
|move|p2a: Dusclops|Hex|p1a: Corviknight
|-damage|p1a: Corviknight|0 fnt
|faint|p1a: Corviknight
|
|upkeep
|
|t:|1759017551
|switch|p1a: Eelektross|Eelektross, F|100/100
|turn|16
|inactive|Ghostboydillon has 120 seconds left.
|
|t:|1759017556
|move|p1a: Eelektross|Thunder|p2a: Dusclops|[miss]
|-miss|p1a: Eelektross|p2a: Dusclops
|-enditem|p1a: Eelektross|Blunder Policy
|-boost|p1a: Eelektross|spe|2
|move|p2a: Dusclops|Pain Split|p1a: Eelektross
|-sethp|p1a: Eelektross|85/100|[from] move: Pain Split|[silent]
|-sethp|p2a: Dusclops|93/100|[from] move: Pain Split
|
|upkeep
|turn|17
|
|t:|1759017566
|switch|p2a: Grimmsnarl|Grimmsnarl, M|100/100
|move|p1a: Eelektross|Thunder|p2a: Grimmsnarl
|-damage|p2a: Grimmsnarl|73/100
|
|upkeep
|turn|18
|inactive|Ghostboydillon has 120 seconds left.
|
|t:|1759017585
|move|p2a: Grimmsnarl|Light Screen|p2a: Grimmsnarl
|-sidestart|p2: Ghostboydillon|move: Light Screen
|move|p1a: Eelektross|Acrobatics|p2a: Grimmsnarl
|-damage|p2a: Grimmsnarl|29/100
|
|upkeep
|turn|19
|inactive|Ghostboydillon has 120 seconds left.
|
|t:|1759017596
|move|p1a: Eelektross|Acrobatics|p2a: Grimmsnarl
|-damage|p2a: Grimmsnarl|0 fnt
|faint|p2a: Grimmsnarl
|
|upkeep
|inactive|Ghostboydillon has 120 seconds left.
|
|t:|1759017601
|switch|p2a: Dusclops|Dusclops, F|93/100
|turn|20
|
|t:|1759017608
|move|p1a: Eelektross|Thunder|p2a: Dusclops
|-damage|p2a: Dusclops|84/100
|-status|p2a: Dusclops|par
|move|p2a: Dusclops|Will-O-Wisp|p1a: Eelektross
|-status|p1a: Eelektross|brn
|
|-damage|p1a: Eelektross|79/100 brn|[from] brn
|upkeep
|turn|21
|inactive|Ghostboydillon has 120 seconds left.
|
|t:|1759017625
|switch|p1a: Sylveon|Sylveon, F|100/100
|cant|p2a: Dusclops|par
|
|upkeep
|turn|22
|
|t:|1759017631
|move|p1a: Sylveon|Calm Mind|p1a: Sylveon
|-boost|p1a: Sylveon|spa|1
|-boost|p1a: Sylveon|spd|1
|move|p2a: Dusclops|Curse|p1a: Sylveon
|-start|p1a: Sylveon|Curse|[of] p2a: Dusclops
|-damage|p2a: Dusclops|34/100 par
|
|-damage|p1a: Sylveon|76/100|[from] Curse
|upkeep
|turn|23
|
|t:|1759017641
|move|p1a: Sylveon|Double-Edge|p2a: Dusclops
|-damage|p2a: Dusclops|12/100 par
|-damage|p1a: Sylveon|71/100|[from] Recoil
|move|p2a: Dusclops|Pain Split|p1a: Sylveon
|-sethp|p1a: Sylveon|40/100|[from] move: Pain Split|[silent]
|-sethp|p2a: Dusclops|55/100 par|[from] move: Pain Split
|
|-heal|p1a: Sylveon|46/100|[from] item: Leftovers
|-damage|p1a: Sylveon|21/100|[from] Curse
|upkeep
|turn|24
|inactive|Ghostboydillon has 120 seconds left.
|
|t:|1759017665
|switch|p2a: Mamoswine|Mamoswine, M|100/100
|move|p1a: Sylveon|Shadow Ball|p2a: Mamoswine
|-damage|p2a: Mamoswine|73/100
|
|-heal|p1a: Sylveon|27/100|[from] item: Leftovers
|-damage|p1a: Sylveon|2/100|[from] Curse
|upkeep
|turn|25
|inactive|Ghostboydillon has 120 seconds left.
|
|t:|1759017682
|move|p2a: Mamoswine|Icicle Crash|p1a: Sylveon
|-damage|p1a: Sylveon|0 fnt
|faint|p1a: Sylveon
|
|-sideend|p2: Ghostboydillon|move: Light Screen
|upkeep
|
|t:|1759017685
|switch|p1a: Falinks|Falinks|57/100
|turn|26
|
|t:|1759017690
|move|p2a: Mamoswine|Icicle Crash|p1a: Falinks
|-damage|p1a: Falinks|0 fnt
|faint|p1a: Falinks
|
|upkeep
|
|t:|1759017695
|switch|p1a: Greninja|Greninja, M|100/100
|turn|27
|
|t:|1759017699
|move|p1a: Greninja|Water Shuriken|p2a: Mamoswine
|-start|p1a: Greninja|typechange|Water|[from] ability: Protean
|-supereffective|p2a: Mamoswine
|-damage|p2a: Mamoswine|53/100
|-supereffective|p2a: Mamoswine
|-damage|p2a: Mamoswine|31/100
|-supereffective|p2a: Mamoswine
|-damage|p2a: Mamoswine|11/100
|-supereffective|p2a: Mamoswine
|-damage|p2a: Mamoswine|0 fnt
|faint|p2a: Mamoswine
|-hitcount|p2: Mamoswine|4
|
|upkeep
|
|t:|1759017712
|switch|p2a: Dusclops|Dusclops, F|55/100 par
|-item|p1a: Greninja|Heavy-Duty Boots|[from] ability: Frisk|[of] p2a: Dusclops
|turn|28
|
|t:|1759017718
|move|p1a: Greninja|Dark Pulse|p2a: Dusclops
|-supereffective|p2a: Dusclops
|-crit|p2a: Dusclops
|-damage|p2a: Dusclops|14/100 par
|cant|p2a: Dusclops|par
|
|upkeep
|turn|29
|
|t:|1759017740
|move|p1a: Greninja|Dark Pulse|p2a: Dusclops
|-supereffective|p2a: Dusclops
|-damage|p2a: Dusclops|0 fnt
|faint|p2a: Dusclops
|
|upkeep
|
|t:|1759017746
|switch|p2a: Toxicroak|Toxicroak, F|100/100
|turn|30
|
|t:|1759017750
|-terastallize|p1a: Greninja|Water
|move|p1a: Greninja|Water Shuriken|p2a: Toxicroak
|-immune|p2a: Toxicroak|[from] ability: Dry Skin
|move|p2a: Toxicroak|Swords Dance|p2a: Toxicroak
|-boost|p2a: Toxicroak|atk|2
|
|upkeep
|turn|31
|
|t:|1759017758
|move|p1a: Greninja|U-turn|p2a: Toxicroak
|-resisted|p2a: Toxicroak
|-damage|p2a: Toxicroak|95/100
|c|☆lemontits1|lmao nice
|
|t:|1759017761
|switch|p1a: Eelektross|Eelektross, F|79/100 brn|[from] U-turn
|move|p2a: Toxicroak|Gunk Shot|p1a: Eelektross
|-damage|p1a: Eelektross|0 fnt
|faint|p1a: Eelektross
|-damage|p2a: Toxicroak|86/100|[from] item: Life Orb
|
|upkeep
|
|t:|1759017763
|switch|p1a: Greninja|Greninja, M, tera:Water|100/100
|turn|32
|
|t:|1759017774
|move|p1a: Greninja|Dark Pulse|p2a: Toxicroak
|-resisted|p2a: Toxicroak
|-damage|p2a: Toxicroak|58/100
|move|p2a: Toxicroak|Gunk Shot|p1a: Greninja
|-damage|p1a: Greninja|0 fnt
|faint|p1a: Greninja
|-damage|p2a: Toxicroak|48/100|[from] item: Life Orb
|
|win|Ghostboydillon
|raw|lemontits1's rating: 1038 &rarr; <strong>1024</strong><br />(-14 for losing)
|raw|Ghostboydillon's rating: 1075 &rarr; <strong>1101</strong><br />(+26 for winning)
|l|☆lemontits1
|player|p1|
|l|☆Ghostboydillon
|player|p2|
|j|☆Ghostboydillon
|player|p2|Ghostboydillon|102|
