|j|☆SBYK
|j|☆HoveringWoman
|t:|1759065373
|gametype|singles
|player|p1|SBYK|aaron|1432
|player|p2|HoveringWoman|caitlin|1477
|gen|9
|tier|[Gen 9] OU
|rated|
|rule|HP Percentage Mod: HP is shown in percentages
|rule|Endless Battle Clause: Forcing endless battles is banned
|rule|Species Clause: Limit one of each Pokémon
|rule|OHKO Clause: OHKO moves are banned
|rule|Evasion Items Clause: Evasion items are banned
|rule|Evasion Moves Clause: Evasion moves are banned
|rule|Evasion Abilities Clause: Evasion abilities are banned
|rule|Sleep Moves Clause: Sleep-inducing moves are banned
|clearpoke
|poke|p1|Kingambit, F|
|poke|p1|Garchomp, M|
|poke|p1|Swampert, F|
|poke|p1|Weezing-Galar, F|
|poke|p1|Tornadus-Therian, M|
|poke|p1|Meowscarada, M|
|poke|p2|Dragonite, F|
|poke|p2|Iron Treads|
|poke|p2|Zapdos|
|poke|p2|Quaquaval, M|
|poke|p2|Kingambit, F|
|poke|p2|Weezing-Galar, F|
|teampreview
|inactive|Battle timer is ON: inactive players will automatically lose when time's up. (requested by SBYK)
|
|t:|1759065390
|teamsize|p1|6
|teamsize|p2|6
|start
|switch|p1a: Tornadus|Tornadus-Therian, M, shiny|100/100
|switch|p2a: Mr. Electric|Zapdos|100/100
|turn|1
|
|t:|1759065395
|move|p1a: Tornadus|U-turn|p2a: Mr. Electric
|-resisted|p2a: Mr. Electric
|-damage|p2a: Mr. Electric|92/100
|
|t:|1759065396
|switch|p1a: Swampert|Swampert, F|100/100|[from] U-turn
|move|p2a: Mr. Electric|Hurricane|p1a: Swampert
|-damage|p1a: Swampert|67/100
|
|upkeep
|turn|2
|
|t:|1759065401
|move|p2a: Mr. Electric|Hurricane|p1a: Swampert|[miss]
|-miss|p2a: Mr. Electric|p1a: Swampert
|move|p1a: Swampert|Mirror Coat||[still]
|-fail|p1a: Swampert
|
|upkeep
|turn|3
|
|t:|1759065404
|move|p2a: Mr. Electric|Hurricane|p1a: Swampert
|-damage|p1a: Swampert|33/100
|move|p1a: Swampert|Flip Turn|p2a: Mr. Electric
|-damage|p2a: Mr. Electric|59/100
|-status|p1a: Swampert|par|[from] ability: Static|[of] p2a: Mr. Electric
|
|t:|1759065408
|switch|p1a: Meowscarada|Meowscarada, M, shiny|100/100|[from] Flip Turn
|
|upkeep
|turn|4
|inactive|HoveringWoman has 120 seconds left.
|
|t:|1759065449
|move|p1a: Meowscarada|Triple Axel|p2a: Mr. Electric
|-start|p1a: Meowscarada|typechange|Ice|[from] ability: Protean
|-supereffective|p2a: Mr. Electric
|-crit|p2a: Mr. Electric
|-damage|p2a: Mr. Electric|29/100
|-supereffective|p2a: Mr. Electric
|-crit|p2a: Mr. Electric
|-damage|p2a: Mr. Electric|0 fnt
|faint|p2a: Mr. Electric
|-hitcount|p2: Mr. Electric|2
|
|upkeep
|
|t:|1759065452
|switch|p2a: Not Excadrill|Iron Treads|100/100
|-item|p2a: Not Excadrill|Air Balloon
|turn|5
|
|t:|1759065465
|switch|p1a: Tornadus|Tornadus-Therian, M, shiny|100/100
|move|p2a: Not Excadrill|Stealth Rock|p1a: Tornadus
|-sidestart|p1: SBYK|move: Stealth Rock
|
|upkeep
|turn|6
|
|t:|1759065471
|move|p2a: Not Excadrill|Iron Head|p1a: Tornadus
|-damage|p1a: Tornadus|52/100
|move|p1a: Tornadus|Heat Wave|p2a: Not Excadrill
|-supereffective|p2a: Not Excadrill
|-damage|p2a: Not Excadrill|17/100
|-enditem|p2a: Not Excadrill|Air Balloon
|
|upkeep
|turn|7
|
|t:|1759065479
|move|p2a: Not Excadrill|Iron Head|p1a: Tornadus
|-damage|p1a: Tornadus|2/100
|move|p1a: Tornadus|U-turn|p2a: Not Excadrill
|-resisted|p2a: Not Excadrill
|-damage|p2a: Not Excadrill|10/100
|
|t:|1759065486
|switch|p1a: Meowscarada|Meowscarada, M, shiny|100/100|[from] U-turn
|-damage|p1a: Meowscarada|88/100|[from] Stealth Rock
|
|upkeep
|turn|8
|
|t:|1759065505
|-end|p2a: Not Excadrill|Quark Drive|[silent]
|switch|p2a: Pip Pip|Weezing-Galar, F|100/100
|-ability|p2a: Pip Pip|Neutralizing Gas
|move|p1a: Meowscarada|Triple Axel|p2a: Pip Pip
|-damage|p2a: Pip Pip|95/100
|-damage|p2a: Pip Pip|85/100
|-damage|p2a: Pip Pip|67/100
|-hitcount|p2a: Pip Pip|3
|
|-heal|p2a: Pip Pip|73/100|[from] item: Leftovers
|upkeep
|turn|9
|
|t:|1759065518
|switch|p1a: Weezing|Weezing-Galar, F, shiny|100/100
|-ability|p1a: Weezing|Neutralizing Gas
|-damage|p1a: Weezing|88/100|[from] Stealth Rock
|move|p2a: Pip Pip|Strange Steam|p1a: Weezing
|-resisted|p1a: Weezing
|-damage|p1a: Weezing|72/100
|
|-heal|p1a: Weezing|79/100|[from] item: Leftovers
|-heal|p2a: Pip Pip|79/100|[from] item: Leftovers
|upkeep
|turn|10
|
|t:|1759065521
|move|p1a: Weezing|Defog|p2a: Pip Pip
|-unboost|p2a: Pip Pip|evasion|1
|-sideend|p1: SBYK|Stealth Rock|[from] move: Defog|[of] p1a: Weezing
|move|p2a: Pip Pip|Sludge Bomb|p1a: Weezing
|-damage|p1a: Weezing|48/100
|
|-heal|p1a: Weezing|54/100|[from] item: Leftovers
|-heal|p2a: Pip Pip|85/100|[from] item: Leftovers
|upkeep
|turn|11
|
|t:|1759065529
|move|p1a: Weezing|Pain Split|p2a: Pip Pip
|-sethp|p2a: Pip Pip|69/100|[from] move: Pain Split|[silent]
|-sethp|p1a: Weezing|71/100|[from] move: Pain Split
|move|p2a: Pip Pip|Sludge Bomb|p1a: Weezing
|-damage|p1a: Weezing|38/100
|
|-heal|p1a: Weezing|44/100|[from] item: Leftovers
|-heal|p2a: Pip Pip|75/100|[from] item: Leftovers
|upkeep
|turn|12
|
|t:|1759065532
|move|p1a: Weezing|Pain Split|p2a: Pip Pip
|-sethp|p2a: Pip Pip|59/100|[from] move: Pain Split|[silent]
|-sethp|p1a: Weezing|60/100|[from] move: Pain Split
|move|p2a: Pip Pip|Sludge Bomb|p1a: Weezing
|-damage|p1a: Weezing|29/100
|
|-heal|p1a: Weezing|35/100|[from] item: Leftovers
|-heal|p2a: Pip Pip|65/100|[from] item: Leftovers
|upkeep
|turn|13
|
|t:|1759065535
|move|p1a: Weezing|Will-O-Wisp|p2a: Pip Pip
|-status|p2a: Pip Pip|brn
|move|p2a: Pip Pip|Sludge Bomb|p1a: Weezing
|-damage|p1a: Weezing|5/100
|
|-heal|p1a: Weezing|11/100|[from] item: Leftovers
|-heal|p2a: Pip Pip|71/100 brn|[from] item: Leftovers
|-damage|p2a: Pip Pip|65/100 brn|[from] brn
|upkeep
|turn|14
|
|t:|1759065538
|move|p1a: Weezing|Pain Split|p2a: Pip Pip
|-sethp|p2a: Pip Pip|38/100 brn|[from] move: Pain Split|[silent]
|-sethp|p1a: Weezing|39/100|[from] move: Pain Split
|move|p2a: Pip Pip|Sludge Bomb|p1a: Weezing
|-damage|p1a: Weezing|5/100
|
|-heal|p1a: Weezing|11/100|[from] item: Leftovers
|-heal|p2a: Pip Pip|44/100 brn|[from] item: Leftovers
|-damage|p2a: Pip Pip|38/100 brn|[from] brn
|upkeep
|turn|15
|
|t:|1759065543
|switch|p1a: Kingambit|Kingambit, F, shiny|100/100
|move|p2a: Pip Pip|Sludge Bomb|p1a: Kingambit
|-immune|p1a: Kingambit
|
|-heal|p2a: Pip Pip|44/100 brn|[from] item: Leftovers
|-damage|p2a: Pip Pip|38/100 brn|[from] brn
|upkeep
|turn|16
|
|t:|1759065545
|move|p1a: Kingambit|Iron Head|p2a: Pip Pip
|-supereffective|p2a: Pip Pip
|-damage|p2a: Pip Pip|0 fnt
|faint|p2a: Pip Pip
|-end|p2a: Pip Pip|ability: Neutralizing Gas
|
|upkeep
|
|t:|1759065550
|switch|p2a: Godfather|Kingambit, F|100/100
|-activate|p2a: Godfather|ability: Supreme Overlord
|-start|p2a: Godfather|fallen2|[silent]
|turn|17
|
|t:|1759065558
|move|p1a: Kingambit|Thunder Wave|p2a: Godfather
|-status|p2a: Godfather|par
|move|p2a: Godfather|Low Kick|p1a: Kingambit
|-supereffective|p1a: Kingambit
|-damage|p1a: Kingambit|0 fnt
|faint|p1a: Kingambit
|-end|p1a: Kingambit|fallenundefined|[silent]
|
|upkeep
|
|t:|1759065574
|switch|p1a: Meowscarada|Meowscarada, M, shiny|88/100
|turn|18
|inactive|HoveringWoman has 120 seconds left.
|inactive|HoveringWoman has 90 seconds left.
|
|t:|1759065661
|-end|p2a: Godfather|fallen2|[silent]
|switch|p2a: Not Excadrill|Iron Treads|10/100
|move|p1a: Meowscarada|Low Kick|p2a: Not Excadrill
|-start|p1a: Meowscarada|typechange|Fighting|[from] ability: Protean
|-supereffective|p2a: Not Excadrill
|-damage|p2a: Not Excadrill|0 fnt
|faint|p2a: Not Excadrill
|-end|p2a: Not Excadrill|Quark Drive|[silent]
|
|upkeep
|
|t:|1759065666
|switch|p2a: Silky|Dragonite, F|100/100
|turn|19
|
|t:|1759065669
|move|p1a: Meowscarada|Triple Axel|p2a: Silky
|-supereffective|p2a: Silky
|-damage|p2a: Silky|87/100
|-supereffective|p2a: Silky
|-damage|p2a: Silky|31/100
|-supereffective|p2a: Silky
|-damage|p2a: Silky|0 fnt
|faint|p2a: Silky
|-hitcount|p2: Silky|3
|
|upkeep
|
|t:|1759065671
|switch|p2a: Joestar|Quaquaval, M|100/100
|turn|20
|inactive|HoveringWoman has 90 seconds left.
|
|t:|1759065679
|-terastallize|p2a: Joestar|Fire
|move|p1a: Meowscarada|Flower Trick|p2a: Joestar
|-resisted|p2a: Joestar
|-crit|p2a: Joestar
|-damage|p2a: Joestar|78/100
|move|p2a: Joestar|Aqua Step|p1a: Meowscarada
|-damage|p1a: Meowscarada|23/100
|-boost|p2a: Joestar|spe|1
|
|-heal|p2a: Joestar|84/100|[from] item: Leftovers
|upkeep
|turn|21
|
|t:|1759065689
|switch|p1a: Garchomp|Garchomp, M, shiny|100/100
|move|p2a: Joestar|Aqua Step|p1a: Garchomp
|-damage|p1a: Garchomp|71/100
|-boost|p2a: Joestar|spe|1
|-damage|p2a: Joestar|72/100|[from] ability: Rough Skin|[of] p1a: Garchomp
|
|-heal|p2a: Joestar|78/100|[from] item: Leftovers
|upkeep
|turn|22
|
|t:|1759065694
|move|p2a: Joestar|Ice Spinner|p1a: Garchomp
|-supereffective|p1a: Garchomp
|-damage|p1a: Garchomp|0 fnt
|-damage|p2a: Joestar|65/100|[from] ability: Rough Skin|[of] p1a: Garchomp
|faint|p1a: Garchomp
|-ability|p2a: Joestar|Moxie|boost
|-boost|p2a: Joestar|atk|1
|
|-heal|p2a: Joestar|72/100|[from] item: Leftovers
|upkeep
|
|t:|1759065705
|switch|p1a: Meowscarada|Meowscarada, M, shiny|23/100
|turn|23
|
|t:|1759065720
|-terastallize|p1a: Meowscarada|Ghost
|move|p2a: Joestar|Aqua Step|p1a: Meowscarada
|-damage|p1a: Meowscarada|0 fnt
|-boost|p2a: Joestar|spe|1
|faint|p1a: Meowscarada
|-ability|p2a: Joestar|Moxie|boost
|-boost|p2a: Joestar|atk|1
|
|-heal|p2a: Joestar|78/100|[from] item: Leftovers
|upkeep
|-message|SBYK forfeited.
|
|win|HoveringWoman
|raw|SBYK's rating: 1432 &rarr; <strong>1415</strong><br />(-17 for losing)
|raw|HoveringWoman's rating: 1477 &rarr; <strong>1494</strong><br />(+17 for winning)
|l|☆SBYK
|player|p1|
|l|☆HoveringWoman
|player|p2|
