|j|☆seaslugg22
|j|☆slashkin
|t:|1758954842
|gametype|singles
|player|p1|seaslugg22|1|1329
|player|p2|slashkin|266|1362
|gen|9
|tier|[Gen 9] OU
|rated|
|rule|HP Percentage Mod: HP is shown in percentages
|rule|Endless Battle Clause: Forcing endless battles is banned
|rule|Species Clause: Limit one of each Pokémon
|rule|OHKO Clause: OHKO moves are banned
|rule|Evasion Items Clause: Evasion items are banned
|rule|Evasion Moves Clause: Evasion moves are banned
|rule|Evasion Abilities Clause: Evasion abilities are banned
|rule|Sleep Moves Clause: Sleep-inducing moves are banned
|clearpoke
|poke|p1|Torkoal, F|
|poke|p1|Walking Wake|
|poke|p1|Great Tusk|
|poke|p1|Slowking-Galar, M|
|poke|p1|Gholdengo|
|poke|p1|Samurott-Hisui, F|
|poke|p2|Zarude|
|poke|p2|Thundurus-Therian, M|
|poke|p2|Slowking-Galar, M|
|poke|p2|Iron Treads|
|poke|p2|Moltres|
|poke|p2|Iron Valiant|
|teampreview
|inactive|Battle timer is ON: inactive players will automatically lose when time's up. (requested by seaslugg22)
|
|t:|1758954854
|teamsize|p1|6
|teamsize|p2|6
|start
|switch|p1a: Samurott|Samurott-Hisui, F|100/100
|switch|p2a: Slowking|Slowking-Galar, M|100/100
|turn|1
|
|t:|1758954858
|switch|p2a: Zarude|Zarude|100/100
|move|p1a: Samurott|Ceaseless Edge|p2a: Zarude
|-resisted|p2a: Zarude
|-damage|p2a: Zarude|79/100
|-sidestart|p2: slashkin|Spikes
|
|upkeep
|turn|2
|
|t:|1758954865
|switch|p1a: Torkoal|Torkoal, F|100/100
|-weather|SunnyDay|[from] ability: Drought|[of] p1a: Torkoal
|move|p2a: Zarude|Knock Off|p1a: Torkoal
|-damage|p1a: Torkoal|66/100
|-enditem|p1a: Torkoal|Eject Button|[from] move: Knock Off|[of] p2a: Zarude
|
|-weather|SunnyDay|[upkeep]
|upkeep
|turn|3
|
|t:|1758954871
|switch|p2a: Slowking|Slowking-Galar, M|100/100
|move|p1a: Torkoal|Lava Plume|p2a: Slowking
|-damage|p2a: Slowking|78/100
|
|-weather|SunnyDay|[upkeep]
|upkeep
|turn|4
|
|t:|1758954877
|-prepare|p2a: Slowking|Chilly Reception|[premajor]
|move|p2a: Slowking|Chilly Reception|p2a: Slowking
|-weather|Snowscape
|
|t:|1758954880
|switch|p2a: Iron Treads|Iron Treads|100/100|[from] Chilly Reception
|-damage|p2a: Iron Treads|88/100|[from] Spikes
|move|p1a: Torkoal|Eruption|p2a: Iron Treads
|-supereffective|p2a: Iron Treads
|-damage|p2a: Iron Treads|13/100
|
|-weather|Snowscape|[upkeep]
|-heal|p2a: Iron Treads|19/100|[from] item: Leftovers
|upkeep
|turn|5
|
|t:|1758954891
|-end|p2a: Iron Treads|Quark Drive|[silent]
|switch|p2a: Moltres|Moltres|100/100
|switch|p1a: Great Tusk|Great Tusk|100/100
|
|-weather|Snowscape|[upkeep]
|upkeep
|turn|6
|
|t:|1758954897
|-end|p1a: Great Tusk|Protosynthesis|[silent]
|switch|p1a: Samurott|Samurott-Hisui, F|100/100
|move|p2a: Moltres|Will-O-Wisp|p1a: Samurott
|-status|p1a: Samurott|brn
|
|-weather|Snowscape|[upkeep]
|-damage|p1a: Samurott|94/100 brn|[from] brn
|upkeep
|turn|7
|
|t:|1758954903
|move|p1a: Samurott|Ceaseless Edge|p2a: Moltres
|-damage|p2a: Moltres|84/100
|-sidestart|p2: slashkin|Spikes
|move|p2a: Moltres|Roar|p1a: Samurott
|drag|p1a: Torkoal|Torkoal, F|66/100
|-weather|SunnyDay|[from] ability: Drought|[of] p1a: Torkoal
|
|-weather|SunnyDay|[upkeep]
|upkeep
|turn|8
|
|t:|1758954911
|switch|p2a: Slowking|Slowking-Galar, M|100/100
|switch|p1a: Samurott|Samurott-Hisui, F|94/100 brn
|
|-weather|SunnyDay|[upkeep]
|-damage|p1a: Samurott|88/100 brn|[from] brn
|upkeep
|turn|9
|
|t:|1758954923
|move|p1a: Samurott|Ceaseless Edge|p2a: Slowking
|-supereffective|p2a: Slowking
|-damage|p2a: Slowking|56/100
|-sidestart|p2: slashkin|Spikes
|move|p2a: Slowking|Future Sight|p1a: Samurott
|-start|p2a: Slowking|move: Future Sight
|
|-weather|SunnyDay|[upkeep]
|-damage|p1a: Samurott|82/100 brn|[from] brn
|upkeep
|turn|10
|
|t:|1758954929
|switch|p2a: Moltres|Moltres|84/100
|move|p1a: Samurott|Ceaseless Edge|p2a: Moltres
|-damage|p2a: Moltres|70/100
|
|-weather|SunnyDay|[upkeep]
|-damage|p1a: Samurott|76/100 brn|[from] brn
|upkeep
|turn|11
|
|t:|1758954934
|move|p1a: Samurott|Ceaseless Edge|p2a: Moltres|[miss]
|-miss|p1a: Samurott|p2a: Moltres
|move|p2a: Moltres|Flamethrower|p1a: Samurott
|-resisted|p1a: Samurott
|-damage|p1a: Samurott|36/100 brn
|
|-weather|none
|-end|p1a: Samurott|move: Future Sight
|-immune|p1a: Samurott
|-damage|p1a: Samurott|30/100 brn|[from] brn
|upkeep
|turn|12
|
|t:|1758954943
|switch|p1a: Walking Wake|Walking Wake|100/100
|move|p2a: Moltres|Flamethrower|p1a: Walking Wake
|-resisted|p1a: Walking Wake
|-damage|p1a: Walking Wake|90/100
|
|upkeep
|turn|13
|
|t:|1758954951
|switch|p2a: Slowking|Slowking-Galar, M|90/100
|move|p1a: Walking Wake|Hydro Steam|p2a: Slowking
|-damage|p2a: Slowking|64/100
|
|upkeep
|turn|14
|
|t:|1758954961
|-end|p1a: Walking Wake|Protosynthesis|[silent]
|switch|p1a: Samurott|Samurott-Hisui, F|30/100 brn
|-prepare|p2a: Slowking|Chilly Reception|[premajor]
|move|p2a: Slowking|Chilly Reception|p2a: Slowking
|-weather|Snowscape
|
|t:|1758954964
|switch|p2a: Moltres|Moltres|70/100|[from] Chilly Reception
|
|-weather|Snowscape|[upkeep]
|-damage|p1a: Samurott|24/100 brn|[from] brn
|upkeep
|turn|15
|
|t:|1758954967
|move|p1a: Samurott|Knock Off|p2a: Moltres
|-damage|p2a: Moltres|56/100
|-enditem|p2a: Moltres|Heavy-Duty Boots|[from] move: Knock Off|[of] p1a: Samurott
|move|p2a: Moltres|Roost|p2a: Moltres
|-heal|p2a: Moltres|100/100
|-singleturn|p2a: Moltres|move: Roost
|
|-weather|Snowscape|[upkeep]
|-damage|p1a: Samurott|18/100 brn|[from] brn
|upkeep
|turn|16
|
|t:|1758954974
|switch|p1a: Walking Wake|Walking Wake|90/100
|move|p2a: Moltres|Flamethrower|p1a: Walking Wake
|-resisted|p1a: Walking Wake
|-crit|p1a: Walking Wake
|-damage|p1a: Walking Wake|73/100
|
|-weather|Snowscape|[upkeep]
|upkeep
|turn|17
|
|t:|1758954980
|-end|p1a: Walking Wake|Protosynthesis|[silent]
|switch|p1a: Slowking|Slowking-Galar, M|100/100
|switch|p2a: Slowking|Slowking-Galar, M|97/100
|
|-weather|Snowscape|[upkeep]
|upkeep
|turn|18
|
|t:|1758954985
|move|p2a: Slowking|Future Sight|p1a: Slowking
|-start|p2a: Slowking|move: Future Sight
|move|p1a: Slowking|Future Sight|p2a: Slowking
|-start|p1a: Slowking|move: Future Sight
|
|-weather|none
|upkeep
|turn|19
|
|t:|1758954989
|move|p2a: Slowking|Sludge Bomb|p1a: Slowking
|-resisted|p1a: Slowking
|-damage|p1a: Slowking|91/100
|-enditem|p1a: Slowking|Red Card|[of] p2a: Slowking
|drag|p2a: Thundurus|Thundurus-Therian, M|100/100
|-prepare|p1a: Slowking|Chilly Reception|[premajor]
|move|p1a: Slowking|Chilly Reception|p1a: Slowking
|-weather|Snowscape
|
|t:|1758954997
|switch|p1a: Great Tusk|Great Tusk|100/100|[from] Chilly Reception
|
|-weather|Snowscape|[upkeep]
|upkeep
|turn|20
|
|t:|1758955008
|-end|p1a: Great Tusk|Protosynthesis|[silent]
|switch|p1a: Samurott|Samurott-Hisui, F|18/100 brn
|move|p2a: Thundurus|Grass Knot|p1a: Samurott
|-supereffective|p1a: Samurott
|-damage|p1a: Samurott|0 fnt
|faint|p1a: Samurott
|
|-weather|Snowscape|[upkeep]
|-end|p2a: Thundurus|move: Future Sight
|-damage|p2a: Thundurus|42/100
|-hint|Future Sight did not hit because the target is fainted.
|upkeep
|
|t:|1758955018
|switch|p1a: Walking Wake|Walking Wake|73/100
|turn|21
|
|t:|1758955021
|switch|p2a: Slowking|Slowking-Galar, M|100/100
|move|p1a: Walking Wake|Hydro Steam|p2a: Slowking
|-damage|p2a: Slowking|76/100
|
|-weather|Snowscape|[upkeep]
|upkeep
|turn|22
|
|t:|1758955028
|-end|p1a: Walking Wake|Protosynthesis|[silent]
|switch|p1a: Great Tusk|Great Tusk|100/100
|move|p2a: Slowking|Future Sight|p1a: Great Tusk
|-start|p2a: Slowking|move: Future Sight
|
|-weather|Snowscape|[upkeep]
|upkeep
|turn|23
|
|t:|1758955035
|-end|p1a: Great Tusk|Protosynthesis|[silent]
|switch|p1a: Gholdengo|Gholdengo|100/100
|switch|p2a: Moltres|Moltres|100/100
|
|-weather|none
|upkeep
|turn|24
|
|t:|1758955042
|move|p1a: Gholdengo|Trick|p2a: Moltres
|-activate|p1a: Gholdengo|move: Trick|[of] p2a: Moltres
|-item|p2a: Moltres|Choice Scarf|[from] move: Trick
|-enditem|p1a: Gholdengo|Choice Scarf|[silent]|[from] move: Trick
|move|p2a: Moltres|Flamethrower|p1a: Gholdengo
|-supereffective|p1a: Gholdengo
|-damage|p1a: Gholdengo|21/100
|
|-end|p1a: Gholdengo|move: Future Sight
|-resisted|p1a: Gholdengo
|-damage|p1a: Gholdengo|0 fnt
|faint|p1a: Gholdengo
|upkeep
|
|t:|1758955048
|switch|p1a: Walking Wake|Walking Wake|73/100
|turn|25
|
|t:|1758955051
|switch|p2a: Slowking|Slowking-Galar, M|100/100
|move|p1a: Walking Wake|Draco Meteor|p2a: Slowking
|-damage|p2a: Slowking|57/100
|-unboost|p1a: Walking Wake|spa|2
|
|upkeep
|turn|26
|
|t:|1758955057
|-end|p1a: Walking Wake|Protosynthesis|[silent]
|switch|p1a: Great Tusk|Great Tusk|100/100
|move|p2a: Slowking|Future Sight|p1a: Great Tusk
|-start|p2a: Slowking|move: Future Sight
|
|upkeep
|turn|27
|
|t:|1758955063
|switch|p2a: Moltres|Moltres|100/100
|move|p1a: Great Tusk|Headlong Rush|p2a: Moltres
|-immune|p2a: Moltres
|
|upkeep
|turn|28
|-message|seaslugg22 forfeited.
|
|win|slashkin
|raw|seaslugg22's rating: 1329 &rarr; <strong>1311</strong><br />(-18 for losing)
|raw|slashkin's rating: 1362 &rarr; <strong>1380</strong><br />(+18 for winning)
|l|☆seaslugg22
|player|p1|
|l|☆slashkin
|player|p2|
