|j|☆Waterfallquest
|j|☆zonix14
|t:|1759044194
|gametype|singles
|player|p1|Waterfallquest|janitor|1385
|player|p2|zonix14|170|1398
|gen|9
|tier|[Gen 9] OU
|rated|
|rule|HP Percentage Mod: HP is shown in percentages
|rule|Endless Battle Clause: Forcing endless battles is banned
|rule|Species Clause: Limit one of each Pokémon
|rule|OHKO Clause: OHKO moves are banned
|rule|Evasion Items Clause: Evasion items are banned
|rule|Evasion Moves Clause: Evasion moves are banned
|rule|Evasion Abilities Clause: Evasion abilities are banned
|rule|Sleep Moves Clause: Sleep-inducing moves are banned
|clearpoke
|poke|p1|Clefable, F|
|poke|p1|Araquanid, F|
|poke|p1|Great Tusk|
|poke|p1|Slowking-Galar, F|
|poke|p1|Dragapult, M|
|poke|p1|Kingambit, F|
|poke|p2|Masquerain, M|
|poke|p2|Cinderace, F|
|poke|p2|Serperior, M|
|poke|p2|Gholdengo|
|poke|p2|Iron Moth|
|poke|p2|Hawlucha, M|
|teampreview
|inactive|Battle timer is ON: inactive players will automatically lose when time's up. (requested by zonix14)
|l|☆Waterfallquest
|inactive|Waterfallquest disconnected and has a minute to reconnect!
|player|p1|
|inactive|Waterfallquest has 30 seconds to reconnect!
|inactive|Waterfallquest has 20 seconds to reconnect!
|inactive|Waterfallquest has 15 seconds to reconnect!
|inactive|Waterfallquest has 10 seconds to reconnect!
|j|☆Waterfallquest
|inactive|Waterfallquest reconnected and has 80 seconds left.
|player|p1|Waterfallquest|janitor|
|
|t:|1759044270
|teamsize|p1|6
|teamsize|p2|6
|start
|switch|p1a: Araquanid|Araquanid, F|100/100
|switch|p2a: Masquerain|Masquerain, M|100/100
|-ability|p2a: Masquerain|Intimidate|boost
|-unboost|p1a: Araquanid|atk|1
|turn|1
|
|t:|1759044273
|switch|p1a: Slowking|Slowking-Galar, F|100/100
|move|p2a: Masquerain|Sticky Web|p1a: Slowking
|-sidestart|p1: Waterfallquest|move: Sticky Web
|
|upkeep
|turn|2
|
|t:|1759044280
|switch|p2a: Cinderace|Cinderace, F|100/100
|move|p1a: Slowking|Future Sight|p2a: Cinderace
|-start|p1a: Slowking|move: Future Sight
|
|upkeep
|turn|3
|
|t:|1759044285
|move|p2a: Cinderace|Court Change|p2a: Cinderace
|-swapsideconditions
|-activate|p2a: Cinderace|move: Court Change
|move|p1a: Slowking|Sludge Bomb|p2a: Cinderace
|-damage|p2a: Cinderace|52/100
|-status|p2a: Cinderace|psn
|
|-damage|p2a: Cinderace|40/100 psn|[from] psn
|upkeep
|turn|4
|
|t:|1759044297
|move|p2a: Cinderace|Pyro Ball|p1a: Slowking
|-damage|p1a: Slowking|41/100
|-status|p1a: Slowking|brn
|move|p1a: Slowking|Sludge Bomb|p2a: Cinderace
|-damage|p2a: Cinderace|0 fnt
|faint|p2a: Cinderace
|
|-hint|Future Sight did not hit because the target is fainted.
|-damage|p1a: Slowking|35/100 brn|[from] brn
|upkeep
|
|t:|1759044300
|switch|p2a: Masquerain|Masquerain, M|100/100
|-ability|p2a: Masquerain|Intimidate|boost
|-unboost|p1a: Slowking|atk|1
|turn|5
|
|t:|1759044305
|switch|p1a: Clefable|Clefable, F|100/100
|move|p2a: Masquerain|Sticky Web|p1a: Clefable
|-sidestart|p1: Waterfallquest|move: Sticky Web
|
|upkeep
|turn|6
|
|t:|1759044309
|move|p2a: Masquerain|Bug Buzz|p1a: Clefable
|-resisted|p1a: Clefable
|-damage|p1a: Clefable|82/100
|-unboost|p1a: Clefable|spd|1
|move|p1a: Clefable|Stealth Rock|p2a: Masquerain
|-sidestart|p2: zonix14|move: Stealth Rock
|
|-heal|p1a: Clefable|88/100|[from] item: Leftovers
|upkeep
|turn|7
|
|t:|1759044315
|move|p2a: Masquerain|Ice Beam|p1a: Clefable
|-damage|p1a: Clefable|49/100
|move|p1a: Clefable|Calm Mind|p1a: Clefable
|-boost|p1a: Clefable|spa|1
|-boost|p1a: Clefable|spd|1
|
|-heal|p1a: Clefable|55/100|[from] item: Leftovers
|upkeep
|turn|8
|
|t:|1759044320
|move|p2a: Masquerain|Ice Beam|p1a: Clefable
|-damage|p1a: Clefable|29/100
|move|p1a: Clefable|Calm Mind|p1a: Clefable
|-boost|p1a: Clefable|spa|1
|-boost|p1a: Clefable|spd|1
|
|-heal|p1a: Clefable|35/100|[from] item: Leftovers
|upkeep
|turn|9
|
|t:|1759044328
|move|p2a: Masquerain|Ice Beam|p1a: Clefable
|-damage|p1a: Clefable|19/100
|move|p1a: Clefable|Moonlight|p1a: Clefable
|-heal|p1a: Clefable|69/100
|
|-heal|p1a: Clefable|75/100|[from] item: Leftovers
|upkeep
|turn|10
|
|t:|1759044331
|move|p2a: Masquerain|Ice Beam|p1a: Clefable
|-damage|p1a: Clefable|60/100
|move|p1a: Clefable|Calm Mind|p1a: Clefable
|-boost|p1a: Clefable|spa|1
|-boost|p1a: Clefable|spd|1
|
|-heal|p1a: Clefable|66/100|[from] item: Leftovers
|upkeep
|turn|11
|
|t:|1759044333
|move|p2a: Masquerain|Ice Beam|p1a: Clefable
|-damage|p1a: Clefable|53/100
|move|p1a: Clefable|Calm Mind|p1a: Clefable
|-boost|p1a: Clefable|spa|1
|-boost|p1a: Clefable|spd|1
|
|-heal|p1a: Clefable|59/100|[from] item: Leftovers
|upkeep
|turn|12
|
|t:|1759044336
|move|p2a: Masquerain|Ice Beam|p1a: Clefable
|-damage|p1a: Clefable|50/100
|move|p1a: Clefable|Moonlight|p1a: Clefable
|-heal|p1a: Clefable|99/100
|
|-heal|p1a: Clefable|100/100|[from] item: Leftovers
|upkeep
|turn|13
|
|t:|1759044338
|move|p2a: Masquerain|Ice Beam|p1a: Clefable
|-damage|p1a: Clefable|91/100
|move|p1a: Clefable|Calm Mind|p1a: Clefable
|-boost|p1a: Clefable|spa|1
|-boost|p1a: Clefable|spd|1
|
|-heal|p1a: Clefable|97/100|[from] item: Leftovers
|upkeep
|turn|14
|
|t:|1759044341
|move|p2a: Masquerain|Ice Beam|p1a: Clefable
|-damage|p1a: Clefable|89/100
|move|p1a: Clefable|Calm Mind|p1a: Clefable
|-boost|p1a: Clefable|spa|1
|-boost|p1a: Clefable|spd|1
|
|-heal|p1a: Clefable|95/100|[from] item: Leftovers
|upkeep
|turn|15
|
|t:|1759044344
|switch|p2a: Hawlucha|Hawlucha, M|100/100
|-damage|p2a: Hawlucha|88/100|[from] Stealth Rock
|-ability|p2a: Hawlucha|Mold Breaker
|move|p1a: Clefable|Calm Mind|p1a: Clefable
|-boost|p1a: Clefable|spa|0
|-boost|p1a: Clefable|spd|1
|
|-heal|p1a: Clefable|100/100|[from] item: Leftovers
|upkeep
|turn|16
|
|t:|1759044346
|move|p2a: Hawlucha|Encore|p1a: Clefable
|-start|p1a: Clefable|Encore
|move|p1a: Clefable|Calm Mind|p1a: Clefable
|-boost|p1a: Clefable|spa|0
|-boost|p1a: Clefable|spd|0
|
|upkeep
|turn|17
|
|t:|1759044350
|switch|p1a: Dragapult|Dragapult, M|100/100
|-activate|p1a: Dragapult|move: Sticky Web
|-fail|p1a: Dragapult|unboost|[from] ability: Clear Body|[of] p1a: Dragapult
|move|p2a: Hawlucha|Swords Dance|p2a: Hawlucha
|-boost|p2a: Hawlucha|atk|2
|
|upkeep
|turn|18
|
|t:|1759044356
|switch|p2a: Masquerain|Masquerain, M|100/100
|-damage|p2a: Masquerain|50/100|[from] Stealth Rock
|-ability|p2a: Masquerain|Intimidate|boost
|-fail|p1a: Dragapult|unboost|[from] ability: Clear Body|[of] p1a: Dragapult
|move|p1a: Dragapult|Draco Meteor|p2a: Masquerain
|-damage|p2a: Masquerain|0 fnt
|-unboost|p1a: Dragapult|spa|2
|faint|p2a: Masquerain
|
|upkeep
|
|t:|1759044366
|switch|p2a: Gholdengo|Gholdengo|100/100
|-damage|p2a: Gholdengo|94/100|[from] Stealth Rock
|-item|p2a: Gholdengo|Air Balloon
|turn|19
|
|t:|1759044371
|switch|p1a: Araquanid|Araquanid, F|100/100
|-activate|p1a: Araquanid|move: Sticky Web
|-unboost|p1a: Araquanid|spe|1
|move|p2a: Gholdengo|Shadow Ball|p1a: Araquanid
|-damage|p1a: Araquanid|69/100
|
|upkeep
|turn|20
|
|t:|1759044379
|move|p2a: Gholdengo|Shadow Ball|p1a: Araquanid
|-damage|p1a: Araquanid|37/100
|move|p1a: Araquanid|Liquidation|p2a: Gholdengo
|-damage|p2a: Gholdengo|47/100
|-enditem|p2a: Gholdengo|Air Balloon
|
|upkeep
|turn|21
|
|t:|1759044385
|move|p2a: Gholdengo|Shadow Ball|p1a: Araquanid
|-damage|p1a: Araquanid|5/100
|move|p1a: Araquanid|Liquidation|p2a: Gholdengo
|-damage|p2a: Gholdengo|0 fnt
|faint|p2a: Gholdengo
|
|upkeep
|
|t:|1759044390
|switch|p2a: Iron Moth|Iron Moth|100/100
|turn|22
|-enditem|p1a: Araquanid|Custap Berry|[eat]
|-activate|p1a: Araquanid|item: Custap Berry|[consumed]
|
|t:|1759044396
|move|p1a: Araquanid|Liquidation|p2a: Iron Moth
|-supereffective|p2a: Iron Moth
|-damage|p2a: Iron Moth|0 fnt
|faint|p2a: Iron Moth
|-end|p2a: Iron Moth|Quark Drive|[silent]
|
|upkeep
|
|t:|1759044399
|switch|p2a: Serperior|Serperior, M|100/100
|-activate|p2a: Serperior|move: Sticky Web
|-boost|p2a: Serperior|spe|1
|-damage|p2a: Serperior|88/100|[from] Stealth Rock
|turn|23
|
|t:|1759044404
|move|p2a: Serperior|Leaf Storm|p1a: Araquanid
|-crit|p1a: Araquanid
|-damage|p1a: Araquanid|0 fnt
|-boost|p2a: Serperior|spa|2
|faint|p1a: Araquanid
|
|upkeep
|
|t:|1759044408
|switch|p1a: Slowking|Slowking-Galar, F|68/100 brn
|turn|24
|
|t:|1759044411
|-terastallize|p2a: Serperior|Ghost
|move|p2a: Serperior|Tera Blast|p1a: Slowking|[anim] Tera Blast Ghost
|-supereffective|p1a: Slowking
|-damage|p1a: Slowking|1/100 brn
|move|p1a: Slowking|Sludge Bomb|p2a: Serperior
|-resisted|p2a: Serperior
|-damage|p2a: Serperior|66/100
|
|-damage|p1a: Slowking|0 fnt|[from] brn
|faint|p1a: Slowking
|upkeep
|
|t:|1759044419
|switch|p1a: Kingambit|Kingambit, F|100/100
|-activate|p1a: Kingambit|move: Sticky Web
|-unboost|p1a: Kingambit|spe|1
|-activate|p1a: Kingambit|ability: Supreme Overlord
|-start|p1a: Kingambit|fallen2|[silent]
|turn|25
|
|t:|1759044423
|move|p2a: Serperior|Substitute|p2a: Serperior
|-start|p2a: Serperior|Substitute
|-damage|p2a: Serperior|41/100
|move|p1a: Kingambit|Kowtow Cleave|p2a: Serperior
|-supereffective|p2a: Serperior
|-end|p2a: Serperior|Substitute
|
|upkeep
|turn|26
|
|t:|1759044426
|move|p2a: Serperior|Leaf Storm|p1a: Kingambit
|-resisted|p1a: Kingambit
|-damage|p1a: Kingambit|50/100
|-boost|p2a: Serperior|spa|2
|move|p1a: Kingambit|Kowtow Cleave|p2a: Serperior
|-supereffective|p2a: Serperior
|-damage|p2a: Serperior|0 fnt
|faint|p2a: Serperior
|
|upkeep
|
|t:|1759044428
|switch|p2a: Hawlucha|Hawlucha, M|88/100
|-damage|p2a: Hawlucha|76/100|[from] Stealth Rock
|-ability|p2a: Hawlucha|Mold Breaker
|turn|27
|
|t:|1759044439
|-end|p1a: Kingambit|fallen2|[silent]
|switch|p1a: Clefable|Clefable, F|100/100
|-activate|p1a: Clefable|move: Sticky Web
|-unboost|p1a: Clefable|spe|1
|move|p2a: Hawlucha|Swords Dance|p2a: Hawlucha
|-boost|p2a: Hawlucha|atk|2
|
|upkeep
|turn|28
|l|☆Waterfallquest
|inactive|Waterfallquest disconnected and has a minute to reconnect!
|player|p1|
|inactive|Waterfallquest has 30 seconds to reconnect!
|inactive|Waterfallquest has 20 seconds to reconnect!
|j|☆Waterfallquest
|inactive|Waterfallquest reconnected and has 105 seconds left.
|player|p1|Waterfallquest|janitor|
|
|t:|1759044487
|move|p2a: Hawlucha|Swords Dance|p2a: Hawlucha
|-boost|p2a: Hawlucha|atk|2
|move|p1a: Clefable|Moonblast|p2a: Hawlucha
|-supereffective|p2a: Hawlucha
|-damage|p2a: Hawlucha|0 fnt
|faint|p2a: Hawlucha
|
|win|Waterfallquest
|raw|Waterfallquest's rating: 1385 &rarr; <strong>1406</strong><br />(+21 for winning)
|raw|zonix14's rating: 1398 &rarr; <strong>1377</strong><br />(-21 for losing)
|l|☆Waterfallquest
|player|p1|
|l|☆zonix14
|player|p2|
