|j|☆MRH1106
|j|☆Shibuya Arc
|t:|1759001427
|gametype|singles
|player|p1|MRH1106|miku-ghost|1670
|player|p2|Shibuya Arc|169|1819
|gen|9
|tier|[Gen 9] OU
|rated|
|rule|HP Percentage Mod: HP is shown in percentages
|rule|Endless Battle Clause: Forcing endless battles is banned
|rule|Species Clause: Limit one of each Pokémon
|rule|OHKO Clause: OHKO moves are banned
|rule|Evasion Items Clause: Evasion items are banned
|rule|Evasion Moves Clause: Evasion moves are banned
|rule|Evasion Abilities Clause: Evasion abilities are banned
|rule|Sleep Moves Clause: Sleep-inducing moves are banned
|clearpoke
|poke|p1|Dondozo, M|
|poke|p1|Blissey, F|
|poke|p1|Corviknight, M|
|poke|p1|Weezing-Galar, F|
|poke|p1|Gliscor, M|
|poke|p1|Toxapex, F|
|poke|p2|Dragapult, F|
|poke|p2|Dragonite, F|
|poke|p2|Ting-Lu|
|poke|p2|Weezing-Galar, F|
|poke|p2|Iron Crown|
|poke|p2|Zapdos|
|teampreview
|inactive|Battle timer is ON: inactive players will automatically lose when time's up. (requested by Shibuya Arc)
|j| arrito
|
|t:|1759001448
|teamsize|p1|6
|teamsize|p2|6
|start
|switch|p1a: Gliscor|Gliscor, M|100/100
|switch|p2a: Ting-Lu|Ting-Lu|100/100
|-ability|p2a: Ting-Lu|Vessel of Ruin
|turn|1
|j| FaronAan
|
|t:|1759001453
|move|p1a: Gliscor|Knock Off|p2a: Ting-Lu
|-resisted|p2a: Ting-Lu
|-damage|p2a: Ting-Lu|94/100
|-enditem|p2a: Ting-Lu|Leftovers|[from] move: Knock Off|[of] p1a: Gliscor
|move|p2a: Ting-Lu|Stealth Rock|p1a: Gliscor
|-sidestart|p1: MRH1106|move: Stealth Rock
|
|-status|p1a: Gliscor|tox|[from] item: Toxic Orb
|upkeep
|turn|2
|
|t:|1759001462
|move|p1a: Gliscor|Spikes|p2a: Ting-Lu
|-sidestart|p2: Shibuya Arc|Spikes
|move|p2a: Ting-Lu|Ruination|p1a: Gliscor
|-damage|p1a: Gliscor|50/100 tox
|
|-heal|p1a: Gliscor|63/100 tox|[from] ability: Poison Heal
|upkeep
|turn|3
|
|t:|1759001470
|move|p1a: Gliscor|Spikes|p2a: Ting-Lu
|-sidestart|p2: Shibuya Arc|Spikes
|move|p2a: Ting-Lu|Whirlwind|p1a: Gliscor
|drag|p1a: Weezing|Weezing-Galar, F|100/100
|-ability|p1a: Weezing|Neutralizing Gas
|
|upkeep
|turn|4
|
|t:|1759001478
|move|p1a: Weezing|Will-O-Wisp|p2a: Ting-Lu
|-status|p2a: Ting-Lu|brn
|move|p2a: Ting-Lu|Ruination|p1a: Weezing
|-damage|p1a: Weezing|50/100
|
|-damage|p2a: Ting-Lu|88/100 brn|[from] brn
|upkeep
|turn|5
|
|t:|1759001488
|switch|p2a: Iron Crown|Iron Crown|100/100
|-damage|p2a: Iron Crown|84/100|[from] Spikes
|move|p1a: Weezing|Pain Split|p2a: Iron Crown
|-sethp|p2a: Iron Crown|68/100|[from] move: Pain Split|[silent]
|-sethp|p1a: Weezing|65/100|[from] move: Pain Split
|
|upkeep
|turn|6
|
|t:|1759001493
|-end|p1a: Weezing|ability: Neutralizing Gas
|switch|p1a: Blissey|Blissey, F|100/100
|-damage|p1a: Blissey|88/100|[from] Stealth Rock
|move|p2a: Iron Crown|Psyshock|p1a: Blissey
|-damage|p1a: Blissey|29/100
|
|-heal|p1a: Blissey|35/100|[from] item: Leftovers
|upkeep
|turn|7
|
|t:|1759001502
|-end|p2a: Iron Crown|Quark Drive|[silent]
|switch|p2a: Dragonite|Dragonite, F|100/100
|-terastallize|p1a: Blissey|Dark
|move|p1a: Blissey|Soft-Boiled|p1a: Blissey
|-heal|p1a: Blissey|85/100
|
|-heal|p1a: Blissey|91/100|[from] item: Leftovers
|upkeep
|turn|8
|
|t:|1759001516
|switch|p1a: Dondozo|Dondozo, M|100/100
|-damage|p1a: Dondozo|88/100|[from] Stealth Rock
|move|p2a: Dragonite|Dragon Dance|p2a: Dragonite
|-boost|p2a: Dragonite|atk|1
|-boost|p2a: Dragonite|spe|1
|
|-heal|p1a: Dondozo|94/100|[from] item: Leftovers
|upkeep
|turn|9
|
|t:|1759001522
|move|p2a: Dragonite|Dragon Dance|p2a: Dragonite
|-boost|p2a: Dragonite|atk|1
|-boost|p2a: Dragonite|spe|1
|move|p1a: Dondozo|Avalanche|p2a: Dragonite
|-supereffective|p2a: Dragonite
|-damage|p2a: Dragonite|70/100
|
|-heal|p1a: Dondozo|100/100|[from] item: Leftovers
|upkeep
|turn|10
|
|t:|1759001531
|-terastallize|p2a: Dragonite|Normal
|move|p2a: Dragonite|Dragon Dance|p2a: Dragonite
|-boost|p2a: Dragonite|atk|1
|-boost|p2a: Dragonite|spe|1
|move|p1a: Dondozo|Avalanche|p2a: Dragonite
|-damage|p2a: Dragonite|55/100
|
|upkeep
|turn|11
|
|t:|1759001539
|move|p2a: Dragonite|Roost|p2a: Dragonite
|-heal|p2a: Dragonite|100/100
|move|p1a: Dondozo|Body Press|p2a: Dragonite
|-supereffective|p2a: Dragonite
|-damage|p2a: Dragonite|74/100
|
|upkeep
|turn|12
|
|t:|1759001547
|move|p2a: Dragonite|Roost|p2a: Dragonite
|-heal|p2a: Dragonite|100/100
|move|p1a: Dondozo|Body Press|p2a: Dragonite
|-supereffective|p2a: Dragonite
|-damage|p2a: Dragonite|73/100
|
|upkeep
|turn|13
|
|t:|1759001556
|move|p2a: Dragonite|Roost|p2a: Dragonite
|-heal|p2a: Dragonite|100/100
|move|p1a: Dondozo|Body Press|p2a: Dragonite
|-supereffective|p2a: Dragonite
|-damage|p2a: Dragonite|74/100
|
|upkeep
|turn|14
|
|t:|1759001563
|switch|p2a: Zapdos|Zapdos|100/100
|move|p1a: Dondozo|Body Press|p2a: Zapdos
|-resisted|p2a: Zapdos
|-damage|p2a: Zapdos|84/100
|-status|p1a: Dondozo|par|[from] ability: Static|[of] p2a: Zapdos
|
|upkeep
|turn|15
|
|t:|1759001572
|switch|p1a: Blissey|Blissey, F, tera:Dark|91/100
|-damage|p1a: Blissey|79/100|[from] Stealth Rock
|move|p2a: Zapdos|Hurricane|p1a: Blissey
|-damage|p1a: Blissey|61/100
|
|-heal|p1a: Blissey|68/100|[from] item: Leftovers
|upkeep
|turn|16
|
|t:|1759001579
|switch|p2a: Dragonite|Dragonite, F, tera:Normal|74/100
|move|p1a: Blissey|Soft-Boiled|p1a: Blissey
|-heal|p1a: Blissey|100/100
|
|upkeep
|turn|17
|
|t:|1759001585
|switch|p1a: Dondozo|Dondozo, M|100/100 par
|-damage|p1a: Dondozo|88/100 par|[from] Stealth Rock
|move|p2a: Dragonite|Earthquake|p1a: Dondozo
|-damage|p1a: Dondozo|70/100 par
|
|-heal|p1a: Dondozo|77/100 par|[from] item: Leftovers
|upkeep
|turn|18
|
|t:|1759001592
|move|p2a: Dragonite|Roost|p2a: Dragonite
|-heal|p2a: Dragonite|100/100
|cant|p1a: Dondozo|par
|
|-heal|p1a: Dondozo|83/100 par|[from] item: Leftovers
|upkeep
|turn|19
|
|t:|1759001598
|move|p2a: Dragonite|Dragon Dance|p2a: Dragonite
|-boost|p2a: Dragonite|atk|1
|-boost|p2a: Dragonite|spe|1
|move|p1a: Dondozo|Body Press|p2a: Dragonite
|-supereffective|p2a: Dragonite
|-damage|p2a: Dragonite|74/100
|
|-heal|p1a: Dondozo|89/100 par|[from] item: Leftovers
|upkeep
|turn|20
|
|t:|1759001605
|move|p2a: Dragonite|Roost|p2a: Dragonite
|-heal|p2a: Dragonite|100/100
|move|p1a: Dondozo|Body Press|p2a: Dragonite
|-supereffective|p2a: Dragonite
|-damage|p2a: Dragonite|74/100
|
|-heal|p1a: Dondozo|95/100 par|[from] item: Leftovers
|upkeep
|turn|21
|
|t:|1759001612
|move|p2a: Dragonite|Roost|p2a: Dragonite
|-heal|p2a: Dragonite|100/100
|move|p1a: Dondozo|Body Press|p2a: Dragonite
|-supereffective|p2a: Dragonite
|-damage|p2a: Dragonite|70/100
|
|-heal|p1a: Dondozo|100/100 par|[from] item: Leftovers
|upkeep
|turn|22
|
|t:|1759001619
|move|p2a: Dragonite|Roost|p2a: Dragonite
|-heal|p2a: Dragonite|100/100
|move|p1a: Dondozo|Body Press|p2a: Dragonite
|-supereffective|p2a: Dragonite
|-damage|p2a: Dragonite|72/100
|
|upkeep
|turn|23
|
|t:|1759001636
|move|p2a: Dragonite|Roost|p2a: Dragonite
|-heal|p2a: Dragonite|100/100
|cant|p1a: Dondozo|par
|
|upkeep
|turn|24
|
|t:|1759001641
|switch|p2a: Zapdos|Zapdos|84/100
|cant|p1a: Dondozo|par
|
|upkeep
|turn|25
|inactive|MRH1106 has 120 seconds left.
|
|t:|1759001673
|switch|p1a: Gliscor|Gliscor, M|63/100 tox
|-damage|p1a: Gliscor|50/100 tox|[from] Stealth Rock
|move|p2a: Zapdos|Hurricane|p1a: Gliscor
|-damage|p1a: Gliscor|3/100 tox
|-start|p1a: Gliscor|confusion
|
|-heal|p1a: Gliscor|16/100 tox|[from] ability: Poison Heal
|upkeep
|turn|26
|
|t:|1759001681
|-activate|p1a: Gliscor|confusion
|move|p1a: Gliscor|Protect|p1a: Gliscor
|-singleturn|p1a: Gliscor|Protect
|move|p2a: Zapdos|Hurricane|p1a: Gliscor
|-activate|p1a: Gliscor|move: Protect
|
|-heal|p1a: Gliscor|28/100 tox|[from] ability: Poison Heal
|upkeep
|turn|27
|
|t:|1759001687
|switch|p1a: Blissey|Blissey, F, tera:Dark|100/100
|-damage|p1a: Blissey|88/100|[from] Stealth Rock
|move|p2a: Zapdos|Hurricane|p1a: Blissey|[miss]
|-miss|p2a: Zapdos|p1a: Blissey
|
|-heal|p1a: Blissey|94/100|[from] item: Leftovers
|upkeep
|turn|28
|
|t:|1759001692
|move|p2a: Zapdos|Volt Switch|p1a: Blissey
|-damage|p1a: Blissey|84/100
|
|t:|1759001699
|switch|p2a: Dragonite|Dragonite, F, tera:Normal|100/100|[from] Volt Switch
|move|p1a: Blissey|Stealth Rock|p2a: Dragonite
|-sidestart|p2: Shibuya Arc|move: Stealth Rock
|
|-heal|p1a: Blissey|90/100|[from] item: Leftovers
|upkeep
|turn|29
|
|t:|1759001706
|switch|p1a: Dondozo|Dondozo, M|100/100 par
|-damage|p1a: Dondozo|88/100 par|[from] Stealth Rock
|move|p2a: Dragonite|Dragon Dance|p2a: Dragonite
|-boost|p2a: Dragonite|atk|1
|-boost|p2a: Dragonite|spe|1
|
|-heal|p1a: Dondozo|94/100 par|[from] item: Leftovers
|upkeep
|turn|30
|
|t:|1759001712
|switch|p2a: Zapdos|Zapdos|84/100
|move|p1a: Dondozo|Body Press|p2a: Zapdos
|-resisted|p2a: Zapdos
|-damage|p2a: Zapdos|67/100
|
|-heal|p1a: Dondozo|100/100 par|[from] item: Leftovers
|upkeep
|turn|31
|
|t:|1759001718
|switch|p1a: Blissey|Blissey, F, tera:Dark|90/100
|-damage|p1a: Blissey|77/100|[from] Stealth Rock
|move|p2a: Zapdos|Roost|p2a: Zapdos
|-heal|p2a: Zapdos|100/100
|-singleturn|p2a: Zapdos|move: Roost
|
|-heal|p1a: Blissey|84/100|[from] item: Leftovers
|upkeep
|turn|32
|
|t:|1759001725
|move|p2a: Zapdos|Volt Switch|p1a: Blissey
|-damage|p1a: Blissey|72/100
|
|t:|1759001731
|switch|p2a: Dragonite|Dragonite, F, tera:Normal|100/100|[from] Volt Switch
|move|p1a: Blissey|Seismic Toss|p2a: Dragonite
|-damage|p2a: Dragonite|72/100
|
|-heal|p1a: Blissey|78/100|[from] item: Leftovers
|upkeep
|turn|33
|
|t:|1759001743
|switch|p1a: Corviknight|Corviknight, M|100/100
|-damage|p1a: Corviknight|88/100|[from] Stealth Rock
|-ability|p1a: Corviknight|Pressure
|move|p2a: Dragonite|Extreme Speed|p1a: Corviknight
|-resisted|p1a: Corviknight
|-damage|p1a: Corviknight|74/100
|
|-heal|p1a: Corviknight|80/100|[from] item: Leftovers
|upkeep
|turn|34
|
|t:|1759001756
|switch|p2a: Zapdos|Zapdos|100/100
|move|p1a: Corviknight|Defog|p2a: Zapdos
|-unboost|p2a: Zapdos|evasion|1
|-sideend|p2: Shibuya Arc|Spikes|[from] move: Defog|[of] p1a: Corviknight
|-sideend|p2: Shibuya Arc|Stealth Rock|[from] move: Defog|[of] p1a: Corviknight
|-sideend|p1: MRH1106|Stealth Rock|[from] move: Defog|[of] p1a: Corviknight
|
|-heal|p1a: Corviknight|86/100|[from] item: Leftovers
|upkeep
|turn|35
|
|t:|1759001765
|switch|p1a: Blissey|Blissey, F, tera:Dark|78/100
|move|p2a: Zapdos|Volt Switch|p1a: Blissey
|-damage|p1a: Blissey|68/100
|
|t:|1759001771
|switch|p2a: Dragonite|Dragonite, F, tera:Normal|72/100|[from] Volt Switch
|
|-heal|p1a: Blissey|74/100|[from] item: Leftovers
|upkeep
|turn|36
|
|t:|1759001779
|switch|p1a: Dondozo|Dondozo, M|100/100 par
|move|p2a: Dragonite|Extreme Speed|p1a: Dondozo
|-damage|p1a: Dondozo|81/100 par
|
|-heal|p1a: Dondozo|87/100 par|[from] item: Leftovers
|upkeep
|turn|37
|
|t:|1759001788
|switch|p2a: Iron Crown|Iron Crown|68/100
|switch|p1a: Gliscor|Gliscor, M|28/100 tox
|
|-heal|p1a: Gliscor|41/100 tox|[from] ability: Poison Heal
|upkeep
|turn|38
|
|t:|1759001794
|-end|p2a: Iron Crown|Quark Drive|[silent]
|switch|p2a: Weezing|Weezing-Galar, F|100/100
|-ability|p2a: Weezing|Neutralizing Gas
|move|p1a: Gliscor|Protect||[still]
|-fail|p1a: Gliscor
|
|-damage|p1a: Gliscor|28/100 tox|[from] psn
|upkeep
|turn|39
|
|t:|1759001805
|switch|p1a: Blissey|Blissey, F, tera:Dark|74/100
|move|p2a: Weezing|Toxic Spikes|p1a: Blissey
|-sidestart|p1: MRH1106|move: Toxic Spikes
|
|-heal|p1a: Blissey|80/100|[from] item: Leftovers
|upkeep
|turn|40
|
|t:|1759001812
|-end|p2a: Weezing|ability: Neutralizing Gas
|switch|p2a: Dragapult|Dragapult, F|100/100
|move|p1a: Blissey|Seismic Toss|p2a: Dragapult
|-immune|p2a: Dragapult
|
|-heal|p1a: Blissey|87/100|[from] item: Leftovers
|upkeep
|turn|41
|
|t:|1759001825
|switch|p1a: Toxapex|Toxapex, F|100/100
|-sideend|p1: MRH1106|move: Toxic Spikes|[of] p1a: Toxapex
|move|p2a: Dragapult|Dragon Darts|p1a: Toxapex
|-damage|p1a: Toxapex|83/100
|-anim|p2a: Dragapult|Dragon Darts|p1a: Toxapex
|-damage|p1a: Toxapex|67/100
|
|-heal|p1a: Toxapex|73/100|[from] item: Leftovers
|upkeep
|turn|42
|
|t:|1759001836
|switch|p2a: Weezing|Weezing-Galar, F|100/100
|-ability|p2a: Weezing|Neutralizing Gas
|move|p1a: Toxapex|Toxic Spikes|p2a: Weezing
|-sidestart|p2: Shibuya Arc|move: Toxic Spikes
|
|-heal|p1a: Toxapex|79/100|[from] item: Leftovers
|upkeep
|turn|43
|
|t:|1759001849
|move|p2a: Weezing|Toxic Spikes|p1a: Toxapex
|-sidestart|p1: MRH1106|move: Toxic Spikes
|move|p1a: Toxapex|Toxic Spikes|p2a: Weezing
|-sidestart|p2: Shibuya Arc|move: Toxic Spikes
|
|-heal|p1a: Toxapex|85/100|[from] item: Leftovers
|upkeep
|turn|44
|
|t:|1759001856
|-end|p2a: Weezing|ability: Neutralizing Gas
|switch|p2a: Iron Crown|Iron Crown|68/100
|switch|p1a: Weezing|Weezing-Galar, F|65/100
|-ability|p1a: Weezing|Neutralizing Gas
|-sideend|p1: MRH1106|move: Toxic Spikes|[of] p1a: Weezing
|
|upkeep
|turn|45
|
|t:|1759001864
|-end|p1a: Weezing|ability: Neutralizing Gas
|switch|p1a: Blissey|Blissey, F, tera:Dark|87/100
|move|p2a: Iron Crown|Volt Switch|p1a: Blissey
|-damage|p1a: Blissey|76/100
|
|t:|1759001869
|-end|p2a: Iron Crown|Quark Drive|[silent]
|switch|p2a: Dragonite|Dragonite, F, tera:Normal|72/100|[from] Volt Switch
|
|-heal|p1a: Blissey|82/100|[from] item: Leftovers
|upkeep
|turn|46
|
|t:|1759001875
|switch|p1a: Dondozo|Dondozo, M|87/100 par
|move|p2a: Dragonite|Extreme Speed|p1a: Dondozo
|-damage|p1a: Dondozo|67/100 par
|
|-heal|p1a: Dondozo|74/100 par|[from] item: Leftovers
|upkeep
|turn|47
|
|t:|1759001882
|switch|p2a: Weezing|Weezing-Galar, F|100/100
|-ability|p2a: Weezing|Neutralizing Gas
|-sideend|p2: Shibuya Arc|move: Toxic Spikes|[of] p2a: Weezing
|cant|p1a: Dondozo|par
|
|-heal|p1a: Dondozo|80/100 par|[from] item: Leftovers
|upkeep
|turn|48
|
|t:|1759001888
|move|p2a: Weezing|Toxic Spikes|p1a: Dondozo
|-sidestart|p1: MRH1106|move: Toxic Spikes
|move|p1a: Dondozo|Rest|p1a: Dondozo
|-status|p1a: Dondozo|slp|[from] move: Rest
|-heal|p1a: Dondozo|100/100 slp|[silent]
|
|upkeep
|turn|49
|
|t:|1759001893
|move|p2a: Weezing|Toxic Spikes|p1a: Dondozo
|-sidestart|p1: MRH1106|move: Toxic Spikes
|cant|p1a: Dondozo|slp
|move|p1a: Dondozo|Sleep Talk|p1a: Dondozo
|move|p1a: Dondozo|Rest||[from] move: Sleep Talk|[still]
|-fail|p1a: Dondozo
|
|upkeep
|turn|50
|
|t:|1759001899
|move|p2a: Weezing|Toxic Spikes||[still]
|-fail|p2a: Weezing
|cant|p1a: Dondozo|slp
|move|p1a: Dondozo|Sleep Talk|p1a: Dondozo
|move|p1a: Dondozo|Body Press|p2a: Weezing|[from] move: Sleep Talk
|-resisted|p2a: Weezing
|-damage|p2a: Weezing|96/100
|
|upkeep
|turn|51
|
|t:|1759001905
|switch|p1a: Toxapex|Toxapex, F|100/100
|-sideend|p1: MRH1106|move: Toxic Spikes|[of] p1a: Toxapex
|move|p2a: Weezing|Toxic Spikes|p1a: Toxapex
|-sidestart|p1: MRH1106|move: Toxic Spikes
|
|upkeep
|turn|52
|
|t:|1759001915
|switch|p1a: Weezing|Weezing-Galar, F|65/100
|-ability|p1a: Weezing|Neutralizing Gas
|-sideend|p1: MRH1106|move: Toxic Spikes|[of] p1a: Weezing
|move|p2a: Weezing|Toxic Spikes|p1a: Weezing
|-sidestart|p1: MRH1106|move: Toxic Spikes
|
|upkeep
|turn|53
|
|t:|1759001924
|move|p1a: Weezing|Will-O-Wisp|p2a: Weezing
|-status|p2a: Weezing|brn
|move|p2a: Weezing|Toxic Spikes|p1a: Weezing
|-sidestart|p1: MRH1106|move: Toxic Spikes
|
|-damage|p2a: Weezing|90/100 brn|[from] brn
|upkeep
|turn|54
|
|t:|1759001929
|switch|p2a: Iron Crown|Iron Crown|68/100
|move|p1a: Weezing|Pain Split|p2a: Iron Crown
|-sethp|p2a: Iron Crown|68/100|[from] move: Pain Split|[silent]
|-sethp|p1a: Weezing|65/100|[from] move: Pain Split
|
|upkeep
|turn|55
|
|t:|1759001936
|-end|p1a: Weezing|ability: Neutralizing Gas
|switch|p1a: Toxapex|Toxapex, F|100/100
|-sideend|p1: MRH1106|move: Toxic Spikes|[of] p1a: Toxapex
|move|p2a: Iron Crown|Psyshock|p1a: Toxapex
|-supereffective|p1a: Toxapex
|-damage|p1a: Toxapex|1/100
|
|-heal|p1a: Toxapex|7/100|[from] item: Leftovers
|upkeep
|turn|56
|
|t:|1759001948
|-end|p2a: Iron Crown|Quark Drive|[silent]
|switch|p2a: Weezing|Weezing-Galar, F|90/100 brn
|-ability|p2a: Weezing|Neutralizing Gas
|switch|p1a: Corviknight|Corviknight, M|86/100
|
|-heal|p1a: Corviknight|93/100|[from] item: Leftovers
|-damage|p2a: Weezing|84/100 brn|[from] brn
|upkeep
|turn|57
|l| arrito
|
|t:|1759001970
|switch|p1a: Blissey|Blissey, F, tera:Dark|82/100
|move|p2a: Weezing|Toxic Spikes|p1a: Blissey
|-sidestart|p1: MRH1106|move: Toxic Spikes
|
|-heal|p1a: Blissey|88/100|[from] item: Leftovers
|-damage|p2a: Weezing|78/100 brn|[from] brn
|upkeep
|turn|58
|
|t:|1759001976
|move|p2a: Weezing|Toxic Spikes|p1a: Blissey
|-sidestart|p1: MRH1106|move: Toxic Spikes
|move|p1a: Blissey|Stealth Rock|p2a: Weezing
|-sidestart|p2: Shibuya Arc|move: Stealth Rock
|
|-heal|p1a: Blissey|94/100|[from] item: Leftovers
|-damage|p2a: Weezing|72/100 brn|[from] brn
|upkeep
|turn|59
|
|t:|1759001983
|-end|p2a: Weezing|ability: Neutralizing Gas
|switch|p2a: Zapdos|Zapdos|100/100
|switch|p1a: Weezing|Weezing-Galar, F|65/100
|-ability|p1a: Weezing|Neutralizing Gas
|-sideend|p1: MRH1106|move: Toxic Spikes|[of] p1a: Weezing
|
|upkeep
|turn|60
|
|t:|1759001995
|move|p2a: Zapdos|Hurricane|p1a: Weezing|[miss]
|-miss|p2a: Zapdos|p1a: Weezing
|move|p1a: Weezing|Pain Split|p2a: Zapdos
|-sethp|p2a: Zapdos|83/100|[from] move: Pain Split|[silent]
|-sethp|p1a: Weezing|83/100|[from] move: Pain Split
|
|upkeep
|turn|61
|
|t:|1759002002
|-end|p1a: Weezing|ability: Neutralizing Gas
|switch|p1a: Blissey|Blissey, F, tera:Dark|94/100
|move|p2a: Zapdos|Roost|p2a: Zapdos
|-heal|p2a: Zapdos|100/100
|-singleturn|p2a: Zapdos|move: Roost
|
|-heal|p1a: Blissey|100/100|[from] item: Leftovers
|upkeep
|turn|62
|
|t:|1759002008
|move|p2a: Zapdos|Volt Switch|p1a: Blissey
|-crit|p1a: Blissey
|-damage|p1a: Blissey|85/100
|
|t:|1759002014
|switch|p2a: Dragapult|Dragapult, F|100/100|[from] Volt Switch
|move|p1a: Blissey|Seismic Toss|p2a: Dragapult
|-immune|p2a: Dragapult
|
|-heal|p1a: Blissey|91/100|[from] item: Leftovers
|upkeep
|turn|63
|
|t:|1759002021
|switch|p1a: Dondozo|Dondozo, M|100/100 slp
|move|p2a: Dragapult|Dragon Darts|p1a: Dondozo
|-damage|p1a: Dondozo|91/100 slp
|-anim|p2a: Dragapult|Dragon Darts|p1a: Dondozo
|-damage|p1a: Dondozo|81/100 slp
|
|-heal|p1a: Dondozo|87/100 slp|[from] item: Leftovers
|upkeep
|turn|64
|
|t:|1759002029
|move|p2a: Dragapult|U-turn|p1a: Dondozo
|-damage|p1a: Dondozo|77/100 slp
|
|t:|1759002035
|switch|p2a: Zapdos|Zapdos|100/100|[from] U-turn
|-curestatus|p1a: Dondozo|slp|[msg]
|move|p1a: Dondozo|Avalanche|p2a: Zapdos
|-supereffective|p2a: Zapdos
|-damage|p2a: Zapdos|70/100
|
|-heal|p1a: Dondozo|84/100|[from] item: Leftovers
|upkeep
|turn|65
|
|t:|1759002042
|switch|p1a: Blissey|Blissey, F, tera:Dark|91/100
|move|p2a: Zapdos|Roost|p2a: Zapdos
|-heal|p2a: Zapdos|100/100
|-singleturn|p2a: Zapdos|move: Roost
|
|-heal|p1a: Blissey|97/100|[from] item: Leftovers
|upkeep
|turn|66
|
|t:|1759002052
|switch|p1a: Gliscor|Gliscor, M|28/100 tox
|move|p2a: Zapdos|Volt Switch|p1a: Gliscor
|-immune|p1a: Gliscor
|
|-heal|p1a: Gliscor|41/100 tox|[from] ability: Poison Heal
|upkeep
|turn|67
|
|t:|1759002065
|switch|p1a: Blissey|Blissey, F, tera:Dark|97/100
|move|p2a: Zapdos|Hurricane|p1a: Blissey
|-crit|p1a: Blissey
|-damage|p1a: Blissey|73/100
|
|-heal|p1a: Blissey|80/100|[from] item: Leftovers
|upkeep
|turn|68
|
|t:|1759002077
|move|p2a: Zapdos|Volt Switch|p1a: Blissey
|-damage|p1a: Blissey|69/100
|
|t:|1759002083
|switch|p2a: Dragapult|Dragapult, F|100/100|[from] Volt Switch
|move|p1a: Blissey|Soft-Boiled|p1a: Blissey
|-heal|p1a: Blissey|100/100
|
|upkeep
|turn|69
|
|t:|1759002092
|switch|p1a: Dondozo|Dondozo, M|84/100
|move|p2a: Dragapult|Dragon Darts|p1a: Dondozo
|-damage|p1a: Dondozo|74/100
|-anim|p2a: Dragapult|Dragon Darts|p1a: Dondozo
|-damage|p1a: Dondozo|64/100
|
|-heal|p1a: Dondozo|70/100|[from] item: Leftovers
|upkeep
|turn|70
|
|t:|1759002100
|switch|p1a: Toxapex|Toxapex, F|7/100
|move|p2a: Dragapult|U-turn|p1a: Toxapex
|-resisted|p1a: Toxapex
|-damage|p1a: Toxapex|0 fnt
|faint|p1a: Toxapex
|c|☆MRH1106|oh
|
|t:|1759002108
|switch|p2a: Dragonite|Dragonite, F, tera:Normal|72/100|[from] U-turn
|
|upkeep
|c|☆MRH1106|wait
|c|☆MRH1106|regenerator got cancelled
|c|☆MRH1106|what
|
|t:|1759002119
|switch|p1a: Gliscor|Gliscor, M|41/100 tox
|turn|71
|
|t:|1759002128
|move|p2a: Dragonite|Dragon Dance|p2a: Dragonite
|-boost|p2a: Dragonite|atk|1
|-boost|p2a: Dragonite|spe|1
|move|p1a: Gliscor|Knock Off|p2a: Dragonite
|-damage|p2a: Dragonite|49/100
|-enditem|p2a: Dragonite|Heavy-Duty Boots|[from] move: Knock Off|[of] p1a: Gliscor
|
|-heal|p1a: Gliscor|53/100 tox|[from] ability: Poison Heal
|upkeep
|turn|72
|
|t:|1759002134
|move|p1a: Gliscor|Protect|p1a: Gliscor
|-singleturn|p1a: Gliscor|Protect
|move|p2a: Dragonite|Extreme Speed|p1a: Gliscor
|-activate|p1a: Gliscor|move: Protect
|
|-heal|p1a: Gliscor|66/100 tox|[from] ability: Poison Heal
|upkeep
|turn|73
|
|t:|1759002140
|switch|p1a: Dondozo|Dondozo, M|70/100
|move|p2a: Dragonite|Extreme Speed|p1a: Dondozo
|-damage|p1a: Dondozo|51/100
|
|-heal|p1a: Dondozo|57/100|[from] item: Leftovers
|upkeep
|turn|74
|
|t:|1759002146
|switch|p2a: Weezing|Weezing-Galar, F|72/100 brn
|-ability|p2a: Weezing|Neutralizing Gas
|move|p1a: Dondozo|Body Press|p2a: Weezing
|-resisted|p2a: Weezing
|-damage|p2a: Weezing|68/100 brn
|
|-heal|p1a: Dondozo|63/100|[from] item: Leftovers
|-damage|p2a: Weezing|62/100 brn|[from] brn
|upkeep
|turn|75
|
|t:|1759002155
|switch|p1a: Blissey|Blissey, F, tera:Dark|100/100
|move|p2a: Weezing|Defog|p1a: Blissey
|-unboost|p1a: Blissey|evasion|1
|-sideend|p2: Shibuya Arc|Stealth Rock|[from] move: Defog|[of] p2a: Weezing
|
|-damage|p2a: Weezing|56/100 brn|[from] brn
|upkeep
|turn|76
|
|t:|1759002161
|move|p2a: Weezing|Pain Split|p1a: Blissey
|-sethp|p1a: Blissey|65/100|[from] move: Pain Split|[silent]
|-sethp|p2a: Weezing|100/100 brn|[from] move: Pain Split
|move|p1a: Blissey|Stealth Rock|p2a: Weezing
|-sidestart|p2: Shibuya Arc|move: Stealth Rock
|
|-heal|p1a: Blissey|71/100|[from] item: Leftovers
|-damage|p2a: Weezing|95/100 brn|[from] brn
|upkeep
|turn|77
|
|t:|1759002167
|move|p2a: Weezing|Defog|p1a: Blissey
|-unboost|p1a: Blissey|evasion|1
|-sideend|p2: Shibuya Arc|Stealth Rock|[from] move: Defog|[of] p2a: Weezing
|move|p1a: Blissey|Seismic Toss|p2a: Weezing
|-damage|p2a: Weezing|65/100 brn
|
|-heal|p1a: Blissey|77/100|[from] item: Leftovers
|-damage|p2a: Weezing|59/100 brn|[from] brn
|upkeep
|turn|78
|
|t:|1759002181
|switch|p1a: Gliscor|Gliscor, M|66/100 tox
|move|p2a: Weezing|Pain Split|p1a: Gliscor
|-sethp|p1a: Gliscor|61/100 tox|[from] move: Pain Split|[silent]
|-sethp|p2a: Weezing|64/100 brn|[from] move: Pain Split
|
|-damage|p1a: Gliscor|54/100 tox|[from] psn
|-damage|p2a: Weezing|58/100 brn|[from] brn
|upkeep
|turn|79
|
|t:|1759002187
|move|p1a: Gliscor|Earthquake|p2a: Weezing
|-supereffective|p2a: Weezing
|-damage|p2a: Weezing|12/100 brn
|move|p2a: Weezing|Pain Split|p1a: Gliscor
|-sethp|p1a: Gliscor|33/100 tox|[from] move: Pain Split|[silent]
|-sethp|p2a: Weezing|35/100 brn|[from] move: Pain Split
|
|-damage|p1a: Gliscor|21/100 tox|[from] psn
|-damage|p2a: Weezing|29/100 brn|[from] brn
|upkeep
|turn|80
|
|t:|1759002194
|-end|p2a: Weezing|ability: Neutralizing Gas
|switch|p2a: Zapdos|Zapdos|100/100
|move|p1a: Gliscor|Earthquake|p2a: Zapdos
|-immune|p2a: Zapdos
|
|-heal|p1a: Gliscor|33/100 tox|[from] ability: Poison Heal
|upkeep
|turn|81
|
|t:|1759002201
|move|p1a: Gliscor|Protect|p1a: Gliscor
|-singleturn|p1a: Gliscor|Protect
|move|p2a: Zapdos|Volt Switch|p1a: Gliscor
|-activate|p1a: Gliscor|move: Protect
|
|-heal|p1a: Gliscor|46/100 tox|[from] ability: Poison Heal
|upkeep
|turn|82
|
|t:|1759002207
|move|p2a: Zapdos|Hurricane|p1a: Gliscor
|-damage|p1a: Gliscor|0 fnt
|faint|p1a: Gliscor
|
|upkeep
|-message|MRH1106 forfeited.
|
|win|Shibuya Arc
|raw|MRH1106's rating: 1670 &rarr; <strong>1658</strong><br />(-12 for losing)
|raw|Shibuya Arc's rating: 1819 &rarr; <strong>1831</strong><br />(+12 for winning)
