|j|☆Ivanpmd
|j|☆Raydex0123
|t:|1758970648
|gametype|singles
|player|p1|Ivanpmd|cheren-gen5bw2|1165
|player|p2|Raydex0123|lucas|1119
|gen|9
|tier|[Gen 9] OU
|rated|
|rule|HP Percentage Mod: HP is shown in percentages
|rule|Endless Battle Clause: Forcing endless battles is banned
|rule|Species Clause: Limit one of each Pokémon
|rule|OHKO Clause: OHKO moves are banned
|rule|Evasion Items Clause: Evasion items are banned
|rule|Evasion Moves Clause: Evasion moves are banned
|rule|Evasion Abilities Clause: Evasion abilities are banned
|rule|Sleep Moves Clause: Sleep-inducing moves are banned
|clearpoke
|poke|p1|Umbreon, F|
|poke|p1|Iron Treads|
|poke|p1|Dragonite, M|
|poke|p1|Meowscarada, F|
|poke|p1|Typhlosion-Hisui, F|
|poke|p1|Swampert, M|
|poke|p2|Iron Valiant|
|poke|p2|Cobalion|
|poke|p2|Sylveon, M|
|poke|p2|Corviknight, M|
|poke|p2|Alomomola, F|
|poke|p2|Clawitzer, M|
|teampreview
|inactive|Battle timer is ON: inactive players will automatically lose when time's up. (requested by Ivanpmd)
|
|t:|1758970667
|teamsize|p1|6
|teamsize|p2|6
|start
|switch|p1a: Typhlosion|Typhlosion-Hisui, F|100/100
|switch|p2a: Sylveon|Sylveon, M, shiny|100/100
|turn|1
|
|t:|1758970676
|move|p1a: Typhlosion|Eruption|p2a: Sylveon
|-crit|p2a: Sylveon
|-damage|p2a: Sylveon|21/100
|move|p2a: Sylveon|Shadow Ball|p1a: Typhlosion
|-supereffective|p1a: Typhlosion
|-damage|p1a: Typhlosion|29/100
|
|-heal|p2a: Sylveon|27/100|[from] item: Leftovers
|upkeep
|turn|2
|
|t:|1758970689
|switch|p2a: Clawitzer|Clawitzer, M, shiny|100/100
|move|p1a: Typhlosion|Eruption|p2a: Clawitzer
|-resisted|p2a: Clawitzer
|-damage|p2a: Clawitzer|79/100
|
|upkeep
|turn|3
|
|t:|1758970710
|switch|p1a: Dragonite|Dragonite, M|100/100
|move|p2a: Clawitzer|Water Pulse|p1a: Dragonite
|-resisted|p1a: Dragonite
|-crit|p1a: Dragonite
|-damage|p1a: Dragonite|82/100
|-start|p1a: Dragonite|confusion
|
|upkeep
|turn|4
|
|t:|1758970721
|switch|p2a: Iron Valiant|Iron Valiant|100/100
|-enditem|p2a: Iron Valiant|Booster Energy
|-activate|p2a: Iron Valiant|ability: Quark Drive|[fromitem]
|-start|p2a: Iron Valiant|quarkdrivespe
|-terastallize|p1a: Dragonite|Normal
|-activate|p1a: Dragonite|confusion
|move|p1a: Dragonite|Extreme Speed|p2a: Iron Valiant
|-damage|p2a: Iron Valiant|5/100
|
|upkeep
|turn|5
|
|t:|1758970732
|-end|p2a: Iron Valiant|Quark Drive|[silent]
|switch|p2a: Corviknight|Corviknight, M, shiny|100/100
|-ability|p2a: Corviknight|Pressure
|-activate|p1a: Dragonite|confusion
|move|p1a: Dragonite|Extreme Speed|p2a: Corviknight
|-resisted|p2a: Corviknight
|-damage|p2a: Corviknight|73/100
|-damage|p1a: Dragonite|65/100|[from] item: Rocky Helmet|[of] p2a: Corviknight
|
|upkeep
|turn|6
|inactive|Ivanpmd has 120 seconds left.
|
|t:|1758970761
|switch|p1a: Iron Treads|Iron Treads|100/100
|move|p2a: Corviknight|Body Press|p1a: Iron Treads
|-supereffective|p1a: Iron Treads
|-damage|p1a: Iron Treads|67/100
|
|upkeep
|turn|7
|
|t:|1758970769
|move|p1a: Iron Treads|Knock Off|p2a: Corviknight
|-damage|p2a: Corviknight|51/100
|-damage|p1a: Iron Treads|51/100|[from] item: Rocky Helmet|[of] p2a: Corviknight
|-enditem|p2a: Corviknight|Rocky Helmet|[from] move: Knock Off|[of] p1a: Iron Treads
|move|p2a: Corviknight|Iron Defense|p2a: Corviknight
|-boost|p2a: Corviknight|def|2
|
|upkeep
|turn|8
|
|t:|1758970779
|-end|p1a: Iron Treads|Quark Drive|[silent]
|switch|p1a: Typhlosion|Typhlosion-Hisui, F|29/100
|move|p2a: Corviknight|Body Press|p1a: Typhlosion
|-immune|p1a: Typhlosion
|
|upkeep
|turn|9
|
|t:|1758970786
|switch|p2a: Clawitzer|Clawitzer, M, shiny|79/100
|move|p1a: Typhlosion|Flamethrower|p2a: Clawitzer
|-resisted|p2a: Clawitzer
|-damage|p2a: Clawitzer|37/100
|
|upkeep
|turn|10
|
|t:|1758970795
|move|p1a: Typhlosion|Flamethrower|p2a: Clawitzer
|-resisted|p2a: Clawitzer
|-damage|p2a: Clawitzer|0 fnt
|faint|p2a: Clawitzer
|
|upkeep
|
|t:|1758970801
|switch|p2a: Iron Valiant|Iron Valiant|5/100
|turn|11
|
|t:|1758970807
|move|p1a: Typhlosion|Flamethrower|p2a: Iron Valiant
|-damage|p2a: Iron Valiant|0 fnt
|faint|p2a: Iron Valiant
|-end|p2a: Iron Valiant|Quark Drive|[silent]
|
|upkeep
|
|t:|1758970812
|switch|p2a: Alomomola|Alomomola, F|100/100
|turn|12
|
|t:|1758970816
|move|p1a: Typhlosion|Flamethrower|p2a: Alomomola
|-resisted|p2a: Alomomola
|-damage|p2a: Alomomola|65/100
|move|p2a: Alomomola|Scald|p1a: Typhlosion
|-supereffective|p1a: Typhlosion
|-damage|p1a: Typhlosion|0 fnt
|faint|p1a: Typhlosion
|
|upkeep
|
|t:|1758970824
|switch|p1a: Meowscarada|Meowscarada, F|100/100
|turn|13
|
|t:|1758970829
|switch|p2a: Cobalion|Cobalion, shiny|100/100
|move|p1a: Meowscarada|Flower Trick|p2a: Cobalion
|-start|p1a: Meowscarada|typechange|Grass|[from] ability: Protean
|-resisted|p2a: Cobalion
|-crit|p2a: Cobalion
|-damage|p2a: Cobalion|83/100
|-damage|p1a: Meowscarada|91/100|[from] item: Life Orb
|
|-heal|p2a: Cobalion|89/100|[from] item: Leftovers
|upkeep
|turn|14
|
|t:|1758970842
|move|p1a: Meowscarada|Knock Off|p2a: Cobalion
|-resisted|p2a: Cobalion
|-damage|p2a: Cobalion|79/100
|-ability|p2a: Cobalion|Justified|boost
|-boost|p2a: Cobalion|atk|1
|-enditem|p2a: Cobalion|Leftovers|[from] move: Knock Off|[of] p1a: Meowscarada
|-damage|p1a: Meowscarada|81/100|[from] item: Life Orb
|move|p2a: Cobalion|Iron Defense|p2a: Cobalion
|-boost|p2a: Cobalion|def|2
|
|upkeep
|turn|15
|
|t:|1758970855
|move|p1a: Meowscarada|Knock Off|p2a: Cobalion
|-resisted|p2a: Cobalion
|-damage|p2a: Cobalion|75/100
|-ability|p2a: Cobalion|Justified|boost
|-boost|p2a: Cobalion|atk|1
|-damage|p1a: Meowscarada|71/100|[from] item: Life Orb
|move|p2a: Cobalion|Body Press|p1a: Meowscarada
|-damage|p1a: Meowscarada|0 fnt
|faint|p1a: Meowscarada
|
|upkeep
|
|t:|1758970864
|switch|p1a: Umbreon|Umbreon, F, shiny|100/100
|turn|16
|
|t:|1758970868
|move|p2a: Cobalion|Body Press|p1a: Umbreon
|-supereffective|p1a: Umbreon
|-damage|p1a: Umbreon|0 fnt
|faint|p1a: Umbreon
|
|upkeep
|
|t:|1758970874
|switch|p1a: Swampert|Swampert, M, shiny|100/100
|turn|17
|
|t:|1758970878
|move|p2a: Cobalion|Body Press|p1a: Swampert
|-damage|p1a: Swampert|18/100
|-damage|p2a: Cobalion|58/100|[from] item: Rocky Helmet|[of] p1a: Swampert
|move|p1a: Swampert|Earthquake|p2a: Cobalion
|-supereffective|p2a: Cobalion
|-damage|p2a: Cobalion|33/100
|
|upkeep
|turn|18
|-message|Ivanpmd forfeited.
|
|win|Raydex0123
|raw|Ivanpmd's rating: 1165 &rarr; <strong>1137</strong><br />(-28 for losing)
|raw|Raydex0123's rating: 1119 &rarr; <strong>1147</strong><br />(+28 for winning)
|l|☆Ivanpmd
|player|p1|
|l|☆Raydex0123
|player|p2|
