|j|☆Allen2000
|j|☆Campyy
|t:|1758961608
|gametype|singles
|player|p1|Allen2000|steven|1300
|player|p2|Campyy|102|1346
|gen|9
|tier|[Gen 9] OU
|rated|
|rule|HP Percentage Mod: HP is shown in percentages
|rule|Endless Battle Clause: Forcing endless battles is banned
|rule|Species Clause: Limit one of each Pokémon
|rule|OHKO Clause: OHKO moves are banned
|rule|Evasion Items Clause: Evasion items are banned
|rule|Evasion Moves Clause: Evasion moves are banned
|rule|Evasion Abilities Clause: Evasion abilities are banned
|rule|Sleep Moves Clause: Sleep-inducing moves are banned
|clearpoke
|poke|p1|Galvantula, F|
|poke|p1|Charizard, M|
|poke|p1|Torkoal, M|
|poke|p1|Great Tusk|
|poke|p1|Lilligant-Hisui, F|
|poke|p1|Walking Wake|
|poke|p2|Kommo-o, F|
|poke|p2|Gholdengo|
|poke|p2|Ninetales-Alola, F|
|poke|p2|Hatterene, F|
|poke|p2|Zamazenta-*|
|poke|p2|Kingambit, F|
|teampreview
|inactive|Battle timer is ON: inactive players will automatically lose when time's up. (requested by Campyy)
|
|t:|1758961617
|teamsize|p1|6
|teamsize|p2|6
|start
|switch|p1a: 村野一和|Galvantula, F|100/100
|switch|p2a: Ninetales|Ninetales-Alola, F|100/100
|-weather|Snowscape|[from] ability: Snow Warning|[of] p2a: Ninetales
|turn|1
|
|t:|1758961623
|move|p2a: Ninetales|Aurora Veil|p2a: Ninetales
|-sidestart|p2: Campyy|move: Aurora Veil
|move|p1a: 村野一和|Thunder|p2a: Ninetales
|-damage|p2a: Ninetales|76/100
|-status|p2a: Ninetales|par
|
|-weather|Snowscape|[upkeep]
|upkeep
|turn|2
|
|t:|1758961636
|switch|p1a: 河内恭介|Torkoal, M|100/100
|-weather|SunnyDay|[from] ability: Drought|[of] p1a: 河内恭介
|switch|p2a: Kommo-o|Kommo-o, F|100/100
|
|-weather|SunnyDay|[upkeep]
|upkeep
|turn|3
|
|t:|1758961648
|move|p2a: Kommo-o|Clangorous Soul|p2a: Kommo-o
|-boost|p2a: Kommo-o|atk|1
|-boost|p2a: Kommo-o|def|1
|-boost|p2a: Kommo-o|spa|1
|-boost|p2a: Kommo-o|spd|1
|-boost|p2a: Kommo-o|spe|1
|-damage|p2a: Kommo-o|68/100
|-enditem|p2a: Kommo-o|Throat Spray
|-boost|p2a: Kommo-o|spa|1|[from] item: Throat Spray
|move|p1a: 河内恭介|Clear Smog|p2a: Kommo-o
|-damage|p2a: Kommo-o|63/100
|-clearboost|p2a: Kommo-o
|
|-weather|SunnyDay|[upkeep]
|upkeep
|turn|4
|
|t:|1758961662
|move|p2a: Kommo-o|Clangorous Soul|p2a: Kommo-o
|-boost|p2a: Kommo-o|atk|1
|-boost|p2a: Kommo-o|def|1
|-boost|p2a: Kommo-o|spa|1
|-boost|p2a: Kommo-o|spd|1
|-boost|p2a: Kommo-o|spe|1
|-damage|p2a: Kommo-o|30/100
|move|p1a: 河内恭介|Stealth Rock|p2a: Kommo-o
|-sidestart|p2: Campyy|move: Stealth Rock
|
|-weather|SunnyDay|[upkeep]
|upkeep
|turn|5
|
|t:|1758961671
|-terastallize|p2a: Kommo-o|Normal
|move|p2a: Kommo-o|Boomburst|p1a: 河内恭介
|-damage|p1a: 河内恭介|0 fnt
|faint|p1a: 河内恭介
|
|-weather|SunnyDay|[upkeep]
|upkeep
|
|t:|1758961682
|switch|p1a: 诹访原戒|Lilligant-Hisui, F|100/100
|turn|6
|
|t:|1758961687
|move|p1a: 诹访原戒|Close Combat|p2a: Kommo-o
|-supereffective|p2a: Kommo-o
|-damage|p2a: Kommo-o|0 fnt
|-unboost|p1a: 诹访原戒|def|1
|-unboost|p1a: 诹访原戒|spd|1
|faint|p2a: Kommo-o
|-damage|p1a: 诹访原戒|91/100|[from] item: Life Orb
|
|-weather|SunnyDay|[upkeep]
|upkeep
|
|t:|1758961693
|switch|p2a: Zamazenta|Zamazenta|100/100
|-damage|p2a: Zamazenta|94/100|[from] Stealth Rock
|-ability|p2a: Zamazenta|Dauntless Shield|boost
|-boost|p2a: Zamazenta|def|1
|turn|7
|
|t:|1758961703
|switch|p1a: 村野一和|Galvantula, F|100/100
|move|p2a: Zamazenta|Close Combat|p1a: 村野一和
|-resisted|p1a: 村野一和
|-damage|p1a: 村野一和|30/100
|-unboost|p2a: Zamazenta|def|1
|-unboost|p2a: Zamazenta|spd|1
|-damage|p2a: Zamazenta|84/100|[from] item: Life Orb
|
|-weather|SunnyDay|[upkeep]
|upkeep
|turn|8
|
|t:|1758961710
|move|p2a: Zamazenta|Close Combat|p1a: 村野一和
|-resisted|p1a: 村野一和
|-damage|p1a: 村野一和|0 fnt
|-unboost|p2a: Zamazenta|def|1
|-unboost|p2a: Zamazenta|spd|1
|faint|p1a: 村野一和
|-damage|p2a: Zamazenta|75/100|[from] item: Life Orb
|
|-weather|SunnyDay|[upkeep]
|-sideend|p2: Campyy|move: Aurora Veil
|upkeep
|
|t:|1758961719
|switch|p1a: 诹访原戒|Lilligant-Hisui, F|91/100
|turn|9
|
|t:|1758961724
|switch|p2a: Hatterene|Hatterene, F|100/100
|-damage|p2a: Hatterene|88/100|[from] Stealth Rock
|move|p1a: 诹访原戒|Solar Blade||[still]
|-prepare|p1a: 诹访原戒|Solar Blade
|-anim|p1a: 诹访原戒|Solar Blade|p2a: Hatterene
|-damage|p2a: Hatterene|16/100
|-damage|p1a: 诹访原戒|81/100|[from] item: Life Orb
|
|-weather|none
|upkeep
|turn|10
|
|t:|1758961735
|move|p1a: 诹访原戒|Triple Axel|p2a: Hatterene
|-damage|p2a: Hatterene|8/100
|-hitcount|p2a: Hatterene|1
|-damage|p1a: 诹访原戒|71/100|[from] item: Life Orb
|move|p2a: Hatterene|Nuzzle|p1a: 诹访原戒
|-resisted|p1a: 诹访原戒
|-damage|p1a: 诹访原戒|69/100
|-status|p1a: 诹访原戒|par
|
|upkeep
|turn|11
|
|t:|1758961756
|cant|p1a: 诹访原戒|par
|move|p2a: Hatterene|Draining Kiss|p1a: 诹访原戒
|-supereffective|p1a: 诹访原戒
|-damage|p1a: 诹访原戒|0 fnt
|-heal|p2a: Hatterene|53/100|[from] drain|[of] p1a: 诹访原戒
|faint|p1a: 诹访原戒
|
|upkeep
|inactive|Allen2000 has 120 seconds left.
|
|t:|1758961771
|switch|p1a: 东和马|Charizard, M|100/100
|turn|12
|inactive|Allen2000 has 120 seconds left.
|
|t:|1758961783
|-terastallize|p1a: 东和马|Fire
|move|p1a: 东和马|Flamethrower|p2a: Hatterene
|-damage|p2a: Hatterene|0 fnt
|faint|p2a: Hatterene
|
|upkeep
|
|t:|1758961794
|switch|p2a: Zamazenta|Zamazenta|75/100
|-damage|p2a: Zamazenta|68/100|[from] Stealth Rock
|turn|13
|
|t:|1758961800
|move|p2a: Zamazenta|Stone Edge|p1a: 东和马|[miss]
|-miss|p2a: Zamazenta|p1a: 东和马
|move|p1a: 东和马|Flamethrower|p2a: Zamazenta
|-damage|p2a: Zamazenta|0 fnt
|faint|p2a: Zamazenta
|
|upkeep
|
|t:|1758961807
|switch|p2a: Kingambit|Kingambit, F|100/100
|-damage|p2a: Kingambit|94/100|[from] Stealth Rock
|-activate|p2a: Kingambit|ability: Supreme Overlord
|-start|p2a: Kingambit|fallen3|[silent]
|-item|p2a: Kingambit|Air Balloon
|turn|14
|
|t:|1758961815
|move|p2a: Kingambit|Sucker Punch|p1a: 东和马
|-damage|p1a: 东和马|25/100
|move|p1a: 东和马|Flamethrower|p2a: Kingambit
|-supereffective|p2a: Kingambit
|-damage|p2a: Kingambit|0 fnt
|-enditem|p2a: Kingambit|Air Balloon
|faint|p2a: Kingambit
|-end|p2a: Kingambit|fallen3|[silent]
|
|upkeep
|
|t:|1758961822
|switch|p2a: Gholdengo|Gholdengo|100/100
|-damage|p2a: Gholdengo|94/100|[from] Stealth Rock
|turn|15
|
|t:|1758961826
|move|p1a: 东和马|Flamethrower|p2a: Gholdengo
|-supereffective|p2a: Gholdengo
|-damage|p2a: Gholdengo|0 fnt
|faint|p2a: Gholdengo
|
|upkeep
|-message|Campyy forfeited.
|
|win|Allen2000
|raw|Allen2000's rating: 1279 &rarr; <strong>1309</strong><br />(+30 for winning)
|raw|Campyy's rating: 1346 &rarr; <strong>1322</strong><br />(-24 for losing)
|l|☆Campyy
|player|p2|
|l|☆Allen2000
|player|p1|
