|j|☆NicoTexUs
|j|☆Raging Malt
|t:|1758920371
|gametype|singles
|player|p1|NicoTexUs|ethan|1378
|player|p2|Raging Malt|li|1384
|gen|9
|tier|[Gen 9] OU
|rated|
|rule|HP Percentage Mod: HP is shown in percentages
|rule|Endless Battle Clause: Forcing endless battles is banned
|rule|Species Clause: Limit one of each Pokémon
|rule|OHKO Clause: OHKO moves are banned
|rule|Evasion Items Clause: Evasion items are banned
|rule|Evasion Moves Clause: Evasion moves are banned
|rule|Evasion Abilities Clause: Evasion abilities are banned
|rule|Sleep Moves Clause: Sleep-inducing moves are banned
|clearpoke
|poke|p1|Kingambit, M|
|poke|p1|Iron Valiant|
|poke|p1|Corviknight, M|
|poke|p1|Slowking-Galar, M|
|poke|p1|Garganacl, F|
|poke|p1|Ogerpon-Wellspring, F|
|poke|p2|Arcanine, F|
|poke|p2|Torkoal, M|
|poke|p2|Raging Bolt|
|poke|p2|Great Tusk|
|poke|p2|Venusaur, M|
|poke|p2|Hatterene, F|
|teampreview
|inactive|Battle timer is ON: inactive players will automatically lose when time's up. (requested by NicoTexUs)
|
|t:|1758920410
|teamsize|p1|6
|teamsize|p2|6
|start
|switch|p1a: Garganacl|Garganacl, F, shiny|100/100
|switch|p2a: Raging Bolt|Raging Bolt|100/100
|turn|1
|
|t:|1758920416
|switch|p1a: Slowking|Slowking-Galar, M, shiny|100/100
|move|p2a: Raging Bolt|Volt Switch|p1a: Slowking
|-crit|p1a: Slowking
|-damage|p1a: Slowking|73/100
|
|t:|1758920424
|-end|p2a: Raging Bolt|Protosynthesis|[silent]
|switch|p2a: Great Tusk|Great Tusk|100/100|[from] Volt Switch
|
|upkeep
|turn|2
|
|t:|1758920430
|switch|p1a: Corviknight|Corviknight, M, shiny|100/100
|-ability|p1a: Corviknight|Pressure
|move|p2a: Great Tusk|Temper Flare|p1a: Corviknight
|-supereffective|p1a: Corviknight
|-damage|p1a: Corviknight|75/100
|-damage|p2a: Great Tusk|84/100|[from] item: Rocky Helmet|[of] p1a: Corviknight
|
|upkeep
|turn|3
|
|t:|1758920444
|-end|p2a: Great Tusk|Protosynthesis|[silent]
|switch|p2a: Torkoal|Torkoal, M|100/100
|-weather|SunnyDay|[from] ability: Drought|[of] p2a: Torkoal
|move|p1a: Corviknight|U-turn|p2a: Torkoal
|-resisted|p2a: Torkoal
|-damage|p2a: Torkoal|97/100
|
|t:|1758920451
|switch|p1a: Garganacl|Garganacl, F, shiny|100/100|[from] U-turn
|
|-weather|SunnyDay|[upkeep]
|upkeep
|turn|4
|
|t:|1758920456
|move|p1a: Garganacl|Stealth Rock|p2a: Torkoal
|-sidestart|p2: Raging Malt|move: Stealth Rock
|move|p2a: Torkoal|Stealth Rock|p1a: Garganacl
|-sidestart|p1: NicoTexUs|move: Stealth Rock
|
|-weather|SunnyDay|[upkeep]
|upkeep
|turn|5
|
|t:|1758920461
|move|p1a: Garganacl|Salt Cure|p2a: Torkoal
|-supereffective|p2a: Torkoal
|-damage|p2a: Torkoal|79/100
|-start|p2a: Torkoal|Salt Cure
|move|p2a: Torkoal|Rapid Spin|p1a: Garganacl
|-resisted|p1a: Garganacl
|-damage|p1a: Garganacl|98/100
|-boost|p2a: Torkoal|spe|1
|-sideend|p2: Raging Malt|Stealth Rock|[from] move: Rapid Spin|[of] p2a: Torkoal
|
|-weather|SunnyDay|[upkeep]
|-heal|p1a: Garganacl|100/100|[from] item: Leftovers
|-damage|p2a: Torkoal|67/100|[from] Salt Cure
|upkeep
|turn|6
|
|t:|1758920472
|switch|p2a: Hatterene|Hatterene, F|100/100
|move|p1a: Garganacl|Stealth Rock|p2a: Hatterene
|move|p2a: Hatterene|Stealth Rock||[from] ability: Magic Bounce|[still]
|-fail|p2a: Hatterene
|
|-weather|SunnyDay|[upkeep]
|upkeep
|turn|7
|
|t:|1758920488
|move|p2a: Hatterene|Dazzling Gleam|p1a: Garganacl
|-damage|p1a: Garganacl|77/100
|move|p1a: Garganacl|Salt Cure|p2a: Hatterene
|-damage|p2a: Hatterene|87/100
|-start|p2a: Hatterene|Salt Cure
|-enditem|p2a: Hatterene|Eject Button
|
|t:|1758920504
|switch|p2a: Venusaur|Venusaur, M|100/100
|
|-weather|SunnyDay|[upkeep]
|-heal|p1a: Garganacl|84/100|[from] item: Leftovers
|upkeep
|turn|8
|j| PJpizza
|
|t:|1758920511
|move|p1a: Garganacl|Protect|p1a: Garganacl
|-singleturn|p1a: Garganacl|Protect
|move|p2a: Venusaur|Growth|p2a: Venusaur
|-boost|p2a: Venusaur|atk|2
|-boost|p2a: Venusaur|spa|2
|
|-weather|SunnyDay|[upkeep]
|-heal|p1a: Garganacl|90/100|[from] item: Leftovers
|upkeep
|turn|9
|
|t:|1758920526
|switch|p1a: Slowking|Slowking-Galar, M, shiny|100/100
|-damage|p1a: Slowking|88/100|[from] Stealth Rock
|move|p2a: Venusaur|Weather Ball|p1a: Slowking
|-damage|p1a: Slowking|38/100
|-damage|p2a: Venusaur|91/100|[from] item: Life Orb
|
|-weather|SunnyDay|[upkeep]
|upkeep
|turn|10
|
|t:|1758920537
|switch|p1a: Garganacl|Garganacl, F, shiny|90/100
|-damage|p1a: Garganacl|77/100|[from] Stealth Rock
|move|p2a: Venusaur|Weather Ball|p1a: Garganacl
|-resisted|p1a: Garganacl
|-damage|p1a: Garganacl|37/100
|-damage|p2a: Venusaur|81/100|[from] item: Life Orb
|
|-weather|none
|-heal|p1a: Garganacl|43/100|[from] item: Leftovers
|upkeep
|turn|11
|l| PJpizza
|
|t:|1758920555
|-terastallize|p1a: Garganacl|Fairy
|move|p2a: Venusaur|Growth|p2a: Venusaur
|-boost|p2a: Venusaur|atk|1
|-boost|p2a: Venusaur|spa|1
|move|p1a: Garganacl|Recover|p1a: Garganacl
|-heal|p1a: Garganacl|93/100
|
|-heal|p1a: Garganacl|99/100|[from] item: Leftovers
|upkeep
|turn|12
|
|t:|1758920564
|move|p2a: Venusaur|Giga Drain|p1a: Garganacl
|-damage|p1a: Garganacl|30/100
|-heal|p2a: Venusaur|100/100|[from] drain|[of] p1a: Garganacl
|-damage|p2a: Venusaur|91/100|[from] item: Life Orb
|move|p1a: Garganacl|Salt Cure|p2a: Venusaur
|-damage|p2a: Venusaur|73/100
|-start|p2a: Venusaur|Salt Cure
|
|-heal|p1a: Garganacl|36/100|[from] item: Leftovers
|-damage|p2a: Venusaur|60/100|[from] Salt Cure
|upkeep
|turn|13
|
|t:|1758920575
|move|p1a: Garganacl|Protect|p1a: Garganacl
|-singleturn|p1a: Garganacl|Protect
|move|p2a: Venusaur|Giga Drain|p1a: Garganacl
|-activate|p1a: Garganacl|move: Protect
|
|-heal|p1a: Garganacl|42/100|[from] item: Leftovers
|-damage|p2a: Venusaur|48/100|[from] Salt Cure
|upkeep
|turn|14
|
|t:|1758920587
|switch|p1a: Slowking|Slowking-Galar, M, shiny|71/100
|-damage|p1a: Slowking|58/100|[from] Stealth Rock
|move|p2a: Venusaur|Giga Drain|p1a: Slowking
|-resisted|p1a: Slowking
|-damage|p1a: Slowking|32/100
|-heal|p2a: Venusaur|64/100|[from] drain|[of] p1a: Slowking
|-damage|p2a: Venusaur|54/100|[from] item: Life Orb
|
|-damage|p2a: Venusaur|42/100|[from] Salt Cure
|upkeep
|turn|15
|
|t:|1758920602
|switch|p2a: Torkoal|Torkoal, M|67/100
|-weather|SunnyDay|[from] ability: Drought|[of] p2a: Torkoal
|move|p1a: Slowking|Sludge Bomb|p2a: Torkoal
|-damage|p2a: Torkoal|11/100
|
|-weather|SunnyDay|[upkeep]
|upkeep
|turn|16
|
|t:|1758920612
|switch|p2a: Arcanine|Arcanine, F|100/100
|-ability|p2a: Arcanine|Intimidate|boost
|-unboost|p1a: Slowking|atk|1
|move|p1a: Slowking|Sludge Bomb|p2a: Arcanine
|-damage|p2a: Arcanine|48/100
|
|-weather|SunnyDay|[upkeep]
|upkeep
|turn|17
|
|t:|1758920637
|switch|p1a: Garganacl|Garganacl, F, shiny, tera:Fairy|42/100
|-damage|p1a: Garganacl|30/100|[from] Stealth Rock
|move|p2a: Arcanine|Flame Charge|p1a: Garganacl
|-damage|p1a: Garganacl|7/100
|-boost|p2a: Arcanine|spe|1
|
|-weather|SunnyDay|[upkeep]
|-heal|p1a: Garganacl|13/100|[from] item: Leftovers
|upkeep
|turn|18
|
|t:|1758920650
|move|p1a: Garganacl|Protect|p1a: Garganacl
|-singleturn|p1a: Garganacl|Protect
|move|p2a: Arcanine|Flame Charge|p1a: Garganacl
|-activate|p1a: Garganacl|move: Protect
|
|-weather|SunnyDay|[upkeep]
|-heal|p1a: Garganacl|19/100|[from] item: Leftovers
|upkeep
|turn|19
|inactive|NicoTexUs has 120 seconds left.
|
|t:|1758920668
|move|p1a: Garganacl|Protect|p1a: Garganacl
|-singleturn|p1a: Garganacl|Protect
|move|p2a: Arcanine|Flame Charge|p1a: Garganacl
|-activate|p1a: Garganacl|move: Protect
|
|-weather|SunnyDay|[upkeep]
|-heal|p1a: Garganacl|25/100|[from] item: Leftovers
|upkeep
|turn|20
|
|t:|1758920677
|-terastallize|p2a: Arcanine|Fire
|move|p2a: Arcanine|Flame Charge|p1a: Garganacl
|-damage|p1a: Garganacl|0 fnt
|-boost|p2a: Arcanine|spe|1
|faint|p1a: Garganacl
|
|-weather|SunnyDay|[upkeep]
|upkeep
|inactive|NicoTexUs has 120 seconds left.
|
|t:|1758920688
|switch|p1a: Kingambit|Kingambit, M, shiny|100/100
|-damage|p1a: Kingambit|94/100|[from] Stealth Rock
|-activate|p1a: Kingambit|ability: Supreme Overlord
|-start|p1a: Kingambit|fallen1|[silent]
|turn|21
|
|t:|1758920694
|switch|p2a: Great Tusk|Great Tusk|84/100
|-activate|p2a: Great Tusk|ability: Protosynthesis
|-start|p2a: Great Tusk|protosynthesisspe
|move|p1a: Kingambit|Sucker Punch||[still]
|-fail|p1a: Kingambit
|
|-weather|SunnyDay|[upkeep]
|upkeep
|turn|22
|
|t:|1758920702
|-end|p1a: Kingambit|fallen1|[silent]
|switch|p1a: Corviknight|Corviknight, M, shiny|75/100
|-damage|p1a: Corviknight|63/100|[from] Stealth Rock
|-ability|p1a: Corviknight|Pressure
|move|p2a: Great Tusk|Temper Flare|p1a: Corviknight
|-supereffective|p1a: Corviknight
|-damage|p1a: Corviknight|27/100
|-damage|p2a: Great Tusk|67/100|[from] item: Rocky Helmet|[of] p1a: Corviknight
|
|-weather|none
|-end|p2a: Great Tusk|Protosynthesis
|upkeep
|turn|23
|
|t:|1758920715
|-end|p2a: Great Tusk|Protosynthesis|[silent]
|switch|p2a: Torkoal|Torkoal, M|11/100
|-weather|SunnyDay|[from] ability: Drought|[of] p2a: Torkoal
|move|p1a: Corviknight|Roost|p1a: Corviknight
|-heal|p1a: Corviknight|77/100
|-singleturn|p1a: Corviknight|move: Roost
|
|-weather|SunnyDay|[upkeep]
|upkeep
|turn|24
|
|t:|1758920726
|switch|p2a: Raging Bolt|Raging Bolt|100/100
|-activate|p2a: Raging Bolt|ability: Protosynthesis
|-start|p2a: Raging Bolt|protosynthesisspa
|move|p1a: Corviknight|Brave Bird|p2a: Raging Bolt
|-resisted|p2a: Raging Bolt
|-damage|p2a: Raging Bolt|84/100
|-damage|p1a: Corviknight|71/100|[from] Recoil
|
|-weather|SunnyDay|[upkeep]
|upkeep
|turn|25
|inactive|NicoTexUs has 120 seconds left.
|
|t:|1758920754
|move|p2a: Raging Bolt|Volt Switch|p1a: Corviknight
|-supereffective|p1a: Corviknight
|-damage|p1a: Corviknight|0 fnt
|faint|p1a: Corviknight
|
|t:|1758920769
|-end|p2a: Raging Bolt|Protosynthesis|[silent]
|switch|p2a: Venusaur|Venusaur, M|42/100|[from] Volt Switch
|
|-weather|SunnyDay|[upkeep]
|upkeep
|inactive|NicoTexUs has 120 seconds left.
|
|t:|1758920778
|switch|p1a: Iron Valiant|Iron Valiant, shiny|100/100
|-damage|p1a: Iron Valiant|94/100|[from] Stealth Rock
|turn|26
|
|t:|1758920784
|move|p2a: Venusaur|Weather Ball|p1a: Iron Valiant
|-damage|p1a: Iron Valiant|0 fnt
|faint|p1a: Iron Valiant
|-end|p1a: Iron Valiant|Quark Drive|[silent]
|-damage|p2a: Venusaur|32/100|[from] item: Life Orb
|
|-weather|SunnyDay|[upkeep]
|upkeep
|c|☆NicoTexUs|gg
|c|☆Raging Malt|gg
|-message|NicoTexUs forfeited.
|
|win|Raging Malt
|raw|NicoTexUs's rating: 1378 &rarr; <strong>1358</strong><br />(-20 for losing)
|raw|Raging Malt's rating: 1384 &rarr; <strong>1404</strong><br />(+20 for winning)
|l|☆NicoTexUs
|player|p1|
|l|☆Raging Malt
|player|p2|
