|j|☆protastic123
|j|☆dimeeenietreecko
|t:|1759055167
|gametype|singles
|player|p1|protastic123|265|1150
|player|p2|dimeeenietreecko|265|1127
|gen|9
|tier|[Gen 9] OU
|rated|
|rule|HP Percentage Mod: HP is shown in percentages
|rule|Endless Battle Clause: Forcing endless battles is banned
|rule|Species Clause: Limit one of each Pokémon
|rule|OHKO Clause: OHKO moves are banned
|rule|Evasion Items Clause: Evasion items are banned
|rule|Evasion Moves Clause: Evasion moves are banned
|rule|Evasion Abilities Clause: Evasion abilities are banned
|rule|Sleep Moves Clause: Sleep-inducing moves are banned
|clearpoke
|poke|p1|Slowbro-Galar, M|
|poke|p1|Corviknight, M|
|poke|p1|Cinderace, F|
|poke|p1|Dragapult, F|
|poke|p1|Landorus-Therian, M|
|poke|p1|Dondozo, M|
|poke|p2|Alomomola, F|
|poke|p2|Slowking-Galar, M|
|poke|p2|Rillaboom, M|
|poke|p2|Brambleghast, M|
|poke|p2|Enamorus, F|
|poke|p2|Latios, M|
|teampreview
|inactive|Battle timer is ON: inactive players will automatically lose when time's up. (requested by dimeeenietreecko)
|
|t:|1759055203
|teamsize|p1|6
|teamsize|p2|6
|start
|switch|p1a: Slowbro|Slowbro-Galar, M|100/100
|switch|p2a: Brambleghast|Brambleghast, M|100/100
|turn|1
|
|t:|1759055220
|move|p2a: Brambleghast|Spikes|p1a: Slowbro
|-sidestart|p1: protastic123|Spikes
|move|p1a: Slowbro|Calm Mind|p1a: Slowbro
|-boost|p1a: Slowbro|spa|1
|-boost|p1a: Slowbro|spd|1
|
|upkeep
|turn|2
|inactive|dimeeenietreecko has 120 seconds left.
|
|t:|1759055280
|switch|p2a: Latios|Latios, M|100/100
|move|p1a: Slowbro|Calm Mind|p1a: Slowbro
|-boost|p1a: Slowbro|spa|1
|-boost|p1a: Slowbro|spd|1
|
|upkeep
|turn|3
|
|t:|1759055301
|move|p2a: Latios|Luster Purge|p1a: Slowbro
|-damage|p1a: Slowbro|63/100
|-unboost|p1a: Slowbro|spd|1
|-damage|p2a: Latios|91/100|[from] item: Life Orb
|move|p1a: Slowbro|Shell Side Arm|p2a: Latios|[anim] Shell Side Arm Special
|-damage|p2a: Latios|6/100
|-hint|Special Shell Side Arm
|
|upkeep
|turn|4
|inactive|dimeeenietreecko has 90 seconds left.
|
|t:|1759055321
|move|p2a: Latios|Draco Meteor|p1a: Slowbro
|-damage|p1a: Slowbro|0 fnt
|-unboost|p2a: Latios|spa|2
|faint|p1a: Slowbro
|-damage|p2a: Latios|0 fnt|[from] item: Life Orb
|faint|p2a: Latios
|
|upkeep
|inactive|dimeeenietreecko has 90 seconds left.
|
|t:|1759055343
|switch|p2a: Brambleghast|Brambleghast, M|100/100
|switch|p1a: Corviknight|Corviknight, M|100/100
|-ability|p1a: Corviknight|Pressure
|turn|5
|inactive|protastic123 has 120 seconds left.
|
|t:|1759055366
|move|p2a: Brambleghast|Spikes|p1a: Corviknight
|-sidestart|p1: protastic123|Spikes
|move|p1a: Corviknight|Defog|p2a: Brambleghast
|-unboost|p2a: Brambleghast|evasion|1
|-sideend|p1: protastic123|Spikes|[from] move: Defog|[of] p1a: Corviknight
|
|upkeep
|turn|6
|inactive|protastic123 has 120 seconds left.
|
|t:|1759055399
|switch|p1a: Cinderace|Cinderace, F|100/100
|move|p2a: Brambleghast|Poltergeist|p1a: Cinderace
|-activate|p1a: Cinderace|move: Poltergeist|Leftovers
|-damage|p1a: Cinderace|53/100
|
|-heal|p1a: Cinderace|59/100|[from] item: Leftovers
|upkeep
|turn|7
|inactive|dimeeenietreecko has 90 seconds left.
|inactive|dimeeenietreecko has 60 seconds left.
|inactive|dimeeenietreecko has 30 seconds left.
|
|t:|1759055468
|switch|p2a: Alomomola|Alomomola, F|100/100
|move|p1a: Cinderace|Substitute|p1a: Cinderace
|-start|p1a: Cinderace|typechange|Normal|[from] ability: Libero
|-start|p1a: Cinderace|Substitute
|-damage|p1a: Cinderace|34/100
|
|-heal|p1a: Cinderace|40/100|[from] item: Leftovers
|upkeep
|turn|8
|inactive|protastic123 has 90 seconds left.
|
|t:|1759055495
|move|p1a: Cinderace|Bulk Up|p1a: Cinderace
|-boost|p1a: Cinderace|atk|1
|-boost|p1a: Cinderace|def|1
|move|p2a: Alomomola|Scald|p1a: Cinderace
|-activate|p1a: Cinderace|move: Substitute|[damage]
|
|-heal|p1a: Cinderace|46/100|[from] item: Leftovers
|upkeep
|turn|9
|inactive|dimeeenietreecko has 30 seconds left.
|inactive|dimeeenietreecko has 20 seconds left.
|inactive|dimeeenietreecko has 15 seconds left.
|inactive|dimeeenietreecko has 10 seconds left.
|
|t:|1759055533
|move|p1a: Cinderace|Bulk Up|p1a: Cinderace
|-boost|p1a: Cinderace|atk|1
|-boost|p1a: Cinderace|def|1
|move|p2a: Alomomola|Scald|p1a: Cinderace
|-end|p1a: Cinderace|Substitute
|
|-heal|p1a: Cinderace|52/100|[from] item: Leftovers
|upkeep
|turn|10
|inactive|dimeeenietreecko has 20 seconds left this turn.
|inactive|dimeeenietreecko has 15 seconds left.
|
|t:|1759055542
|switch|p2a: Rillaboom|Rillaboom, M|100/100
|-fieldstart|move: Grassy Terrain|[from] ability: Grassy Surge|[of] p2a: Rillaboom
|move|p1a: Cinderace|High Jump Kick|p2a: Rillaboom
|-damage|p2a: Rillaboom|36/100
|
|-heal|p1a: Cinderace|58/100|[from] Grassy Terrain
|-heal|p1a: Cinderace|64/100|[from] item: Leftovers
|-heal|p2a: Rillaboom|42/100|[from] Grassy Terrain
|upkeep
|turn|11
|inactive|dimeeenietreecko has 25 seconds left this turn.
|inactive|dimeeenietreecko has 20 seconds left.
|inactive|dimeeenietreecko has 15 seconds left.
|
|t:|1759055556
|move|p1a: Cinderace|High Jump Kick|p2a: Rillaboom
|-damage|p2a: Rillaboom|0 fnt
|faint|p2a: Rillaboom
|
|-heal|p1a: Cinderace|70/100|[from] Grassy Terrain
|-heal|p1a: Cinderace|76/100|[from] item: Leftovers
|upkeep
|inactive|dimeeenietreecko has 20 seconds left this turn.
|inactive|dimeeenietreecko has 15 seconds left.
|
|t:|1759055565
|switch|p2a: Slowking|Slowking-Galar, M|100/100
|turn|12
|inactive|dimeeenietreecko has 25 seconds left this turn.
|inactive|dimeeenietreecko has 20 seconds left.
|
|t:|1759055573
|move|p1a: Cinderace|Flare Blitz|p2a: Slowking
|-damage|p2a: Slowking|30/100
|-damage|p1a: Cinderace|51/100|[from] Recoil
|move|p2a: Slowking|Sludge Bomb|p1a: Cinderace
|-damage|p1a: Cinderace|0 fnt
|faint|p1a: Cinderace
|
|-heal|p2a: Slowking|37/100|[from] Grassy Terrain
|upkeep
|
|t:|1759055582
|switch|p1a: Dragapult|Dragapult, F|100/100
|turn|13
|inactive|protastic123 has 120 seconds left.
|
|t:|1759055587
|switch|p2a: Alomomola|Alomomola, F|100/100
|move|p1a: Dragapult|Dragon Darts|p2a: Alomomola
|-damage|p2a: Alomomola|83/100
|-anim|p1a: Dragapult|Dragon Darts|p2a: Alomomola
|-damage|p2a: Alomomola|65/100
|-damage|p1a: Dragapult|91/100|[from] item: Life Orb
|
|-heal|p1a: Dragapult|97/100|[from] Grassy Terrain
|-heal|p2a: Alomomola|71/100|[from] Grassy Terrain
|upkeep
|turn|14
|
|t:|1759055600
|move|p1a: Dragapult|Dragon Dance|p1a: Dragapult
|-boost|p1a: Dragapult|atk|1
|-boost|p1a: Dragapult|spe|1
|move|p2a: Alomomola|Wish|p2a: Alomomola
|
|-heal|p1a: Dragapult|100/100|[from] Grassy Terrain
|-heal|p2a: Alomomola|77/100|[from] Grassy Terrain
|-fieldend|move: Grassy Terrain
|upkeep
|turn|15
|
|t:|1759055608
|switch|p2a: Enamorus|Enamorus, F|100/100
|move|p1a: Dragapult|Dragon Dance|p1a: Dragapult
|-boost|p1a: Dragapult|atk|1
|-boost|p1a: Dragapult|spe|1
|
|upkeep
|turn|16
|inactive|protastic123 has 120 seconds left.
|
|t:|1759055638
|move|p1a: Dragapult|Tera Blast|p2a: Enamorus
|-damage|p2a: Enamorus|73/100
|-damage|p1a: Dragapult|91/100|[from] item: Life Orb
|move|p2a: Enamorus|Play Rough|p1a: Dragapult
|-supereffective|p1a: Dragapult
|-damage|p1a: Dragapult|0 fnt
|faint|p1a: Dragapult
|-damage|p2a: Enamorus|63/100|[from] item: Life Orb
|
|upkeep
|
|t:|1759055646
|switch|p1a: Landorus|Landorus-Therian, M|100/100
|-ability|p1a: Landorus|Intimidate|boost
|-boost|p2a: Enamorus|atk|1
|turn|17
|inactive|dimeeenietreecko has 30 seconds left.
|inactive|dimeeenietreecko has 20 seconds left.
|inactive|dimeeenietreecko has 15 seconds left.
|inactive|dimeeenietreecko has 10 seconds left.
|
|t:|1759055699
|move|p1a: Landorus|Swords Dance|p1a: Landorus
|-boost|p1a: Landorus|atk|2
|move|p2a: Enamorus|Superpower|p1a: Landorus
|-resisted|p1a: Landorus
|-damage|p1a: Landorus|52/100
|-boost|p2a: Enamorus|atk|1
|-boost|p2a: Enamorus|def|1
|-damage|p2a: Enamorus|53/100|[from] item: Life Orb
|
|upkeep
|turn|18
|inactive|dimeeenietreecko has 20 seconds left this turn.
|inactive|dimeeenietreecko has 15 seconds left.
|inactive|dimeeenietreecko has 10 seconds left.
|
|t:|1759055710
|-terastallize|p1a: Landorus|Ice
|move|p1a: Landorus|Tera Blast|p2a: Enamorus|[anim] Tera Blast Ice
|-supereffective|p2a: Enamorus
|-damage|p2a: Enamorus|0 fnt
|faint|p2a: Enamorus
|
|upkeep
|inactive|dimeeenietreecko has 15 seconds left this turn.
|inactive|dimeeenietreecko has 10 seconds left.
|
|t:|1759055718
|switch|p2a: Slowking|Slowking-Galar, M|70/100
|turn|19
|inactive|dimeeenietreecko has 20 seconds left this turn.
|
|t:|1759055723
|move|p1a: Landorus|Earthquake|p2a: Slowking
|-supereffective|p2a: Slowking
|-damage|p2a: Slowking|0 fnt
|faint|p2a: Slowking
|
|upkeep
|inactive|dimeeenietreecko has 25 seconds left this turn.
|inactive|dimeeenietreecko has 20 seconds left.
|
|t:|1759055729
|switch|p2a: Alomomola|Alomomola, F|100/100
|turn|20
|inactive|dimeeenietreecko has 30 seconds left this turn.
|
|t:|1759055751
|move|p1a: Landorus|Earthquake|p2a: Alomomola
|-damage|p2a: Alomomola|42/100
|move|p2a: Alomomola|Scald|p1a: Landorus
|-damage|p1a: Landorus|32/100
|
|upkeep
|turn|21
|inactive|dimeeenietreecko has 30 seconds left.
|inactive|dimeeenietreecko has 20 seconds left.
|inactive|dimeeenietreecko has 15 seconds left.
|
|t:|1759055777
|move|p1a: Landorus|Earthquake|p2a: Alomomola
|-damage|p2a: Alomomola|0 fnt
|faint|p2a: Alomomola
|
|upkeep
|inactive|dimeeenietreecko has 20 seconds left this turn.
|
|t:|1759055781
|switch|p2a: Brambleghast|Brambleghast, M|100/100
|turn|22
|inactive|dimeeenietreecko has 30 seconds left this turn.
|
|t:|1759055786
|move|p1a: Landorus|Tera Blast|p2a: Brambleghast|[anim] Tera Blast Ice
|-supereffective|p2a: Brambleghast
|-enditem|p2a: Brambleghast|Focus Sash
|-damage|p2a: Brambleghast|1/100
|move|p2a: Brambleghast|Poltergeist|p1a: Landorus
|-activate|p1a: Landorus|move: Poltergeist|Heavy-Duty Boots
|-damage|p1a: Landorus|0 fnt
|faint|p1a: Landorus
|
|upkeep
|inactive|protastic123 has 120 seconds left.
|
|t:|1759055819
|switch|p1a: Corviknight|Corviknight, M|100/100
|-ability|p1a: Corviknight|Pressure
|turn|23
|
|t:|1759055825
|move|p2a: Brambleghast|Strength Sap|p1a: Corviknight
|-unboost|p1a: Corviknight|atk|1
|-heal|p2a: Brambleghast|68/100
|move|p1a: Corviknight|Iron Head|p2a: Brambleghast
|-damage|p2a: Brambleghast|43/100
|
|upkeep
|turn|24
|
|t:|1759055839
|switch|p1a: Dondozo|Dondozo, M|100/100
|move|p2a: Brambleghast|Strength Sap|p1a: Dondozo
|-unboost|p1a: Dondozo|atk|1
|-heal|p2a: Brambleghast|100/100
|
|upkeep
|turn|25
|inactive|protastic123 has 120 seconds left.
|
|t:|1759055859
|move|p2a: Brambleghast|Poltergeist|p1a: Dondozo
|-activate|p1a: Dondozo|move: Poltergeist|Leftovers
|-damage|p1a: Dondozo|74/100
|move|p1a: Dondozo|Heavy Slam|p2a: Brambleghast
|-damage|p2a: Brambleghast|65/100
|
|-heal|p1a: Dondozo|80/100|[from] item: Leftovers
|upkeep
|turn|26
|
|t:|1759055868
|move|p2a: Brambleghast|Poltergeist|p1a: Dondozo|[miss]
|-miss|p2a: Brambleghast|p1a: Dondozo
|move|p1a: Dondozo|Heavy Slam|p2a: Brambleghast
|-damage|p2a: Brambleghast|29/100
|
|-heal|p1a: Dondozo|86/100|[from] item: Leftovers
|upkeep
|turn|27
|
|t:|1759055876
|move|p2a: Brambleghast|Strength Sap|p1a: Dondozo
|-unboost|p1a: Dondozo|atk|1
|-heal|p2a: Brambleghast|99/100
|move|p1a: Dondozo|Heavy Slam|p2a: Brambleghast
|-damage|p2a: Brambleghast|73/100
|
|-heal|p1a: Dondozo|92/100|[from] item: Leftovers
|upkeep
|turn|28
|inactive|dimeeenietreecko has 60 seconds left.
|
|t:|1759055884
|move|p2a: Brambleghast|Poltergeist|p1a: Dondozo
|-activate|p1a: Dondozo|move: Poltergeist|Leftovers
|-damage|p1a: Dondozo|68/100
|move|p1a: Dondozo|Heavy Slam|p2a: Brambleghast
|-damage|p2a: Brambleghast|46/100
|
|-heal|p1a: Dondozo|74/100|[from] item: Leftovers
|upkeep
|turn|29
|inactive|dimeeenietreecko has 60 seconds left.
|
|t:|1759055896
|move|p2a: Brambleghast|Strength Sap|p1a: Dondozo
|-unboost|p1a: Dondozo|atk|1
|-heal|p2a: Brambleghast|98/100
|move|p1a: Dondozo|Heavy Slam|p2a: Brambleghast
|-damage|p2a: Brambleghast|74/100
|
|-heal|p1a: Dondozo|80/100|[from] item: Leftovers
|upkeep
|turn|30
|
|t:|1759055906
|move|p2a: Brambleghast|Rapid Spin|p1a: Dondozo
|-damage|p1a: Dondozo|72/100
|-boost|p2a: Brambleghast|spe|1
|move|p1a: Dondozo|Heavy Slam|p2a: Brambleghast
|-damage|p2a: Brambleghast|50/100
|
|-heal|p1a: Dondozo|78/100|[from] item: Leftovers
|upkeep
|turn|31
|
|t:|1759055914
|move|p2a: Brambleghast|Rapid Spin|p1a: Dondozo
|-damage|p1a: Dondozo|71/100
|-boost|p2a: Brambleghast|spe|1
|move|p1a: Dondozo|Heavy Slam|p2a: Brambleghast
|-damage|p2a: Brambleghast|27/100
|
|-heal|p1a: Dondozo|77/100|[from] item: Leftovers
|upkeep
|turn|32
|
|t:|1759055922
|move|p2a: Brambleghast|Strength Sap|p1a: Dondozo
|-unboost|p1a: Dondozo|atk|1
|-heal|p2a: Brambleghast|68/100
|move|p1a: Dondozo|Heavy Slam|p2a: Brambleghast
|-damage|p2a: Brambleghast|49/100
|
|-heal|p1a: Dondozo|83/100|[from] item: Leftovers
|upkeep
|turn|33
|
|t:|1759055931
|move|p2a: Brambleghast|Spikes|p1a: Dondozo
|-sidestart|p1: protastic123|Spikes
|move|p1a: Dondozo|Heavy Slam|p2a: Brambleghast
|-damage|p2a: Brambleghast|29/100
|
|-heal|p1a: Dondozo|90/100|[from] item: Leftovers
|upkeep
|turn|34
|
|t:|1759055950
|move|p2a: Brambleghast|Strength Sap|p1a: Dondozo
|-unboost|p1a: Dondozo|atk|1
|-heal|p2a: Brambleghast|64/100
|move|p1a: Dondozo|Heavy Slam|p2a: Brambleghast
|-damage|p2a: Brambleghast|49/100
|
|-heal|p1a: Dondozo|96/100|[from] item: Leftovers
|upkeep
|turn|35
|inactive|dimeeenietreecko has 90 seconds left.
|inactive|dimeeenietreecko has 60 seconds left.
|
|t:|1759056007
|move|p2a: Brambleghast|Strength Sap|p1a: Dondozo
|-unboost|p1a: Dondozo|atk|1
|-heal|p2a: Brambleghast|79/100
|move|p1a: Dondozo|Heavy Slam|p2a: Brambleghast
|-damage|p2a: Brambleghast|64/100
|
|-heal|p1a: Dondozo|100/100|[from] item: Leftovers
|upkeep
|turn|36
|
|t:|1759056019
|move|p2a: Brambleghast|Poltergeist|p1a: Dondozo
|-activate|p1a: Dondozo|move: Poltergeist|Leftovers
|-damage|p1a: Dondozo|77/100
|move|p1a: Dondozo|Heavy Slam|p2a: Brambleghast
|-damage|p2a: Brambleghast|50/100
|
|-heal|p1a: Dondozo|83/100|[from] item: Leftovers
|upkeep
|turn|37
|
|t:|1759056042
|move|p2a: Brambleghast|Strength Sap||[still]
|-fail|p2a: Brambleghast
|move|p1a: Dondozo|Heavy Slam|p2a: Brambleghast
|-damage|p2a: Brambleghast|36/100
|
|-heal|p1a: Dondozo|89/100|[from] item: Leftovers
|upkeep
|turn|38
|
|t:|1759056059
|move|p2a: Brambleghast|Rapid Spin|p1a: Dondozo
|-damage|p1a: Dondozo|81/100
|-boost|p2a: Brambleghast|spe|1
|move|p1a: Dondozo|Heavy Slam|p2a: Brambleghast
|-damage|p2a: Brambleghast|21/100
|
|-heal|p1a: Dondozo|87/100|[from] item: Leftovers
|upkeep
|turn|39
|inactive|protastic123 has 120 seconds left.
|
|t:|1759056076
|move|p2a: Brambleghast|Poltergeist|p1a: Dondozo
|-activate|p1a: Dondozo|move: Poltergeist|Leftovers
|-damage|p1a: Dondozo|61/100
|move|p1a: Dondozo|Heavy Slam|p2a: Brambleghast
|-damage|p2a: Brambleghast|6/100
|
|-heal|p1a: Dondozo|67/100|[from] item: Leftovers
|upkeep
|turn|40
|inactive|dimeeenietreecko has 60 seconds left.
|
|t:|1759056085
|move|p2a: Brambleghast|Strength Sap||[still]
|-fail|p2a: Brambleghast
|move|p1a: Dondozo|Heavy Slam|p2a: Brambleghast
|-damage|p2a: Brambleghast|0 fnt
|faint|p2a: Brambleghast
|
|win|protastic123
|raw|protastic123's rating: 1150 &rarr; <strong>1173</strong><br />(+23 for winning)
|raw|dimeeenietreecko's rating: 1127 &rarr; <strong>1104</strong><br />(-23 for losing)
|l|☆protastic123
|player|p1|
