|j|☆LikeEmerald
|j|☆sx nbswjhcvw
|t:|1759068588
|gametype|singles
|player|p1|LikeEmerald|265|1083
|player|p2|sx nbswjhcvw|169|1040
|gen|9
|tier|[Gen 9] OU
|rated|
|rule|HP Percentage Mod: HP is shown in percentages
|rule|Endless Battle Clause: Forcing endless battles is banned
|rule|Species Clause: Limit one of each Pokémon
|rule|OHKO Clause: OHKO moves are banned
|rule|Evasion Items Clause: Evasion items are banned
|rule|Evasion Moves Clause: Evasion moves are banned
|rule|Evasion Abilities Clause: Evasion abilities are banned
|rule|Sleep Moves Clause: Sleep-inducing moves are banned
|clearpoke
|poke|p1|Deoxys-Speed|
|poke|p1|Pikachu, F|
|poke|p1|Moltres|
|poke|p1|Haunter, F|
|poke|p1|Hydrapple, F|
|poke|p1|Empoleon, F|
|poke|p2|Sceptile, M|
|poke|p2|Rillaboom, M|
|poke|p2|Charizard, F|
|poke|p2|Vikavolt, F|
|poke|p2|Gengar, F|
|poke|p2|Garchomp, F|
|teampreview
|inactive|Battle timer is ON: inactive players will automatically lose when time's up. (requested by sx nbswjhcvw)
|
|t:|1759068611
|teamsize|p1|6
|teamsize|p2|6
|start
|switch|p1a: Haunter|Haunter, F|100/100
|switch|p2a: Garchomp|Garchomp, F|100/100
|turn|1
|
|t:|1759068616
|move|p1a: Haunter|Icy Wind|p2a: Garchomp
|-supereffective|p2a: Garchomp
|-damage|p2a: Garchomp|43/100
|-unboost|p2a: Garchomp|spe|1
|move|p2a: Garchomp|Stealth Rock|p1a: Haunter
|-sidestart|p1: LikeEmerald|move: Stealth Rock
|
|upkeep
|turn|2
|
|t:|1759068629
|move|p1a: Haunter|Icy Wind|p2a: Garchomp
|-supereffective|p2a: Garchomp
|-damage|p2a: Garchomp|0 fnt
|faint|p2a: Garchomp
|
|upkeep
|
|t:|1759068654
|switch|p2a: Gengar|Gengar, F|100/100
|turn|3
|
|t:|1759068664
|switch|p1a: Hydrapple|Hydrapple, F|100/100
|move|p2a: Gengar|Shadow Ball|p1a: Hydrapple
|-damage|p1a: Hydrapple|52/100
|-unboost|p1a: Hydrapple|spd|1
|-damage|p2a: Gengar|91/100|[from] item: Life Orb
|
|upkeep
|turn|4
|
|t:|1759068677
|move|p2a: Gengar|Nasty Plot|p2a: Gengar
|-boost|p2a: Gengar|spa|2
|move|p1a: Hydrapple|Earth Power|p2a: Gengar
|-supereffective|p2a: Gengar
|-crit|p2a: Gengar
|-damage|p2a: Gengar|0 fnt
|faint|p2a: Gengar
|
|upkeep
|
|t:|1759068689
|switch|p2a: Rillaboom|Rillaboom, M, shiny|100/100
|-fieldstart|move: Grassy Terrain|[from] ability: Grassy Surge|[of] p2a: Rillaboom
|turn|5
|
|t:|1759068695
|move|p2a: Rillaboom|Drain Punch|p1a: Hydrapple
|-damage|p1a: Hydrapple|22/100
|move|p1a: Hydrapple|Syrup Bomb|p2a: Rillaboom
|-resisted|p2a: Rillaboom
|-damage|p2a: Rillaboom|76/100
|-start|p2a: Rillaboom|Syrup Bomb
|
|-heal|p2a: Rillaboom|83/100|[from] Grassy Terrain
|-heal|p1a: Hydrapple|28/100|[from] Grassy Terrain
|-unboost|p2a: Rillaboom|spe|1
|upkeep
|turn|6
|
|t:|1759068703
|move|p1a: Hydrapple|Protect|p1a: Hydrapple
|-singleturn|p1a: Hydrapple|Protect
|move|p2a: Rillaboom|Drain Punch|p1a: Hydrapple
|-activate|p1a: Hydrapple|move: Protect
|
|-heal|p2a: Rillaboom|89/100|[from] Grassy Terrain
|-heal|p1a: Hydrapple|34/100|[from] Grassy Terrain
|-unboost|p2a: Rillaboom|spe|1
|upkeep
|turn|7
|
|t:|1759068729
|move|p1a: Hydrapple|Fickle Beam|p2a: Rillaboom|[anim] Fickle Beam All Out
|-activate|p1a: Hydrapple|move: Fickle Beam
|-damage|p2a: Rillaboom|0 fnt
|faint|p2a: Rillaboom
|
|-heal|p1a: Hydrapple|40/100|[from] Grassy Terrain
|upkeep
|
|t:|1759068733
|switch|p2a: Sceptile|Sceptile, M, shiny|100/100
|-enditem|p2a: Sceptile|Grassy Seed
|-boost|p2a: Sceptile|def|1|[from] item: Grassy Seed
|turn|8
|
|t:|1759068738
|move|p2a: Sceptile|Acrobatics|p1a: Hydrapple
|-supereffective|p1a: Hydrapple
|-damage|p1a: Hydrapple|0 fnt
|faint|p1a: Hydrapple
|
|upkeep
|
|t:|1759068744
|switch|p1a: Moltres|Moltres|100/100
|turn|9
|
|t:|1759068752
|-terastallize|p2a: Sceptile|Flying
|move|p2a: Sceptile|Swords Dance|p2a: Sceptile
|-boost|p2a: Sceptile|atk|2
|move|p1a: Moltres|Air Slash|p2a: Sceptile
|-damage|p2a: Sceptile|54/100
|
|-fieldend|move: Grassy Terrain
|upkeep
|turn|10
|
|t:|1759068763
|move|p2a: Sceptile|Acrobatics|p1a: Moltres
|-damage|p1a: Moltres|12/100
|move|p1a: Moltres|Flamethrower|p2a: Sceptile
|-damage|p2a: Sceptile|0 fnt
|faint|p2a: Sceptile
|
|upkeep
|
|t:|1759068784
|switch|p2a: Vikavolt|Vikavolt, F, shiny|100/100
|turn|11
|
|t:|1759068789
|move|p1a: Moltres|Flamethrower|p2a: Vikavolt
|-supereffective|p2a: Vikavolt
|-damage|p2a: Vikavolt|0 fnt
|faint|p2a: Vikavolt
|
|upkeep
|
|t:|1759068793
|switch|p2a: Charizard|Charizard, F, shiny|100/100
|turn|12
|
|t:|1759068796
|move|p2a: Charizard|Belly Drum|p2a: Charizard
|-damage|p2a: Charizard|50/100
|-setboost|p2a: Charizard|atk|6|[from] move: Belly Drum
|-enditem|p2a: Charizard|Sitrus Berry|[eat]
|-heal|p2a: Charizard|75/100|[from] item: Sitrus Berry
|move|p1a: Moltres|Air Slash|p2a: Charizard
|-damage|p2a: Charizard|28/100
|
|upkeep
|turn|13
|
|t:|1759068813
|move|p2a: Charizard|Flame Charge|p1a: Moltres
|-resisted|p1a: Moltres
|-damage|p1a: Moltres|0 fnt
|-boost|p2a: Charizard|spe|1
|faint|p1a: Moltres
|
|upkeep
|
|t:|1759068817
|switch|p1a: Pikachu|Pikachu, F|100/100
|-damage|p1a: Pikachu|88/100|[from] Stealth Rock
|turn|14
|
|t:|1759068830
|move|p1a: Pikachu|Fake Out|p2a: Charizard
|-damage|p2a: Charizard|5/100
|cant|p2a: Charizard|flinch
|
|upkeep
|turn|15
|
|t:|1759068835
|switch|p1a: Haunter|Haunter, F|100/100
|-damage|p1a: Haunter|88/100|[from] Stealth Rock
|move|p2a: Charizard|Earthquake|p1a: Haunter
|-immune|p1a: Haunter|[from] ability: Levitate
|
|upkeep
|turn|16
|
|t:|1759068842
|move|p2a: Charizard|Flame Charge|p1a: Haunter
|-damage|p1a: Haunter|0 fnt
|-boost|p2a: Charizard|spe|1
|faint|p1a: Haunter
|
|upkeep
|
|t:|1759068845
|switch|p1a: Pikachu|Pikachu, F|88/100
|-damage|p1a: Pikachu|76/100|[from] Stealth Rock
|turn|17
|
|t:|1759068856
|move|p1a: Pikachu|Fake Out|p2a: Charizard
|-damage|p2a: Charizard|0 fnt
|faint|p2a: Charizard
|
|win|LikeEmerald
|raw|LikeEmerald's rating: 1083 &rarr; <strong>1107</strong><br />(+24 for winning)
|raw|sx nbswjhcvw's rating: 1040 &rarr; <strong>1026</strong><br />(-14 for losing)
|l|☆sx nbswjhcvw
|player|p2|
