|j|☆Choopingas
|j|☆cygg
|t:|1758941787
|gametype|singles
|player|p1|Choopingas|pokemonrangerf|1303
|player|p2|cygg|harlequin|1305
|gen|9
|tier|[Gen 9] OU
|rated|
|rule|HP Percentage Mod: HP is shown in percentages
|rule|Endless Battle Clause: Forcing endless battles is banned
|rule|Species Clause: Limit one of each Pokémon
|rule|OHKO Clause: OHKO moves are banned
|rule|Evasion Items Clause: Evasion items are banned
|rule|Evasion Moves Clause: Evasion moves are banned
|rule|Evasion Abilities Clause: Evasion abilities are banned
|rule|Sleep Moves Clause: Sleep-inducing moves are banned
|clearpoke
|poke|p1|Meowscarada, F|
|poke|p1|Slowking-Galar, F|
|poke|p1|Iron Treads|
|poke|p1|Garganacl, M|
|poke|p1|Zamazenta-*|
|poke|p1|Kyurem|
|poke|p2|Zarude-Dada|
|poke|p2|Dragonite, M|
|poke|p2|Azumarill, M|
|poke|p2|Gliscor, F|
|poke|p2|Glimmora, F|
|poke|p2|Pelipper, M|
|teampreview
|
|t:|1758941805
|teamsize|p1|6
|teamsize|p2|6
|start
|switch|p1a: Iron Treads|Iron Treads|100/100
|switch|p2a: Pelipper|Pelipper, M|100/100
|-weather|RainDance|[from] ability: Drizzle|[of] p2a: Pelipper
|-enditem|p1a: Iron Treads|Booster Energy
|-activate|p1a: Iron Treads|ability: Quark Drive|[fromitem]
|-start|p1a: Iron Treads|quarkdrivespe
|turn|1
|inactive|Battle timer is ON: inactive players will automatically lose when time's up. (requested by cygg)
|
|t:|1758941819
|move|p1a: Iron Treads|Stealth Rock|p2a: Pelipper
|-sidestart|p2: cygg|move: Stealth Rock
|move|p2a: Pelipper|Surf|p1a: Iron Treads
|-supereffective|p1a: Iron Treads
|-damage|p1a: Iron Treads|0 fnt
|faint|p1a: Iron Treads
|-end|p1a: Iron Treads|Quark Drive|[silent]
|
|-weather|RainDance|[upkeep]
|upkeep
|
|t:|1758941822
|switch|p1a: Kyurem|Kyurem, shiny|100/100
|-ability|p1a: Kyurem|Pressure
|turn|2
|
|t:|1758941839
|move|p1a: Kyurem|Freeze-Dry|p2a: Pelipper
|-supereffective|p2a: Pelipper
|-damage|p2a: Pelipper|0 fnt
|faint|p2a: Pelipper
|
|-weather|RainDance|[upkeep]
|upkeep
|
|t:|1758941850
|switch|p2a: Glimmora|Glimmora, F|100/100
|-damage|p2a: Glimmora|88/100|[from] Stealth Rock
|turn|3
|
|t:|1758941857
|switch|p1a: Garganacl|Garganacl, M, shiny|100/100
|move|p2a: Glimmora|Dazzling Gleam|p1a: Garganacl
|-damage|p1a: Garganacl|82/100
|
|-weather|RainDance|[upkeep]
|-heal|p1a: Garganacl|88/100|[from] item: Leftovers
|upkeep
|turn|4
|
|t:|1758941864
|move|p2a: Glimmora|Mortal Spin|p1a: Garganacl
|-resisted|p1a: Garganacl
|-damage|p1a: Garganacl|86/100
|-sideend|p2: cygg|Stealth Rock|[from] move: Mortal Spin|[of] p2a: Glimmora
|move|p1a: Garganacl|Curse|p1a: Garganacl
|-unboost|p1a: Garganacl|spe|1
|-boost|p1a: Garganacl|atk|1
|-boost|p1a: Garganacl|def|1
|
|-weather|RainDance|[upkeep]
|-heal|p1a: Garganacl|92/100|[from] item: Leftovers
|upkeep
|turn|5
|
|t:|1758941877
|move|p2a: Glimmora|Dazzling Gleam|p1a: Garganacl
|-damage|p1a: Garganacl|75/100
|move|p1a: Garganacl|Earthquake|p2a: Glimmora
|-supereffective|p2a: Glimmora
|-damage|p2a: Glimmora|0 fnt
|-activate|p2a: Glimmora|ability: Toxic Debris
|-sidestart|p1: Choopingas|move: Toxic Spikes
|faint|p2a: Glimmora
|
|-weather|none
|-heal|p1a: Garganacl|81/100|[from] item: Leftovers
|upkeep
|
|t:|1758941887
|switch|p2a: Azumarill|Azumarill, M|100/100
|turn|6
|
|t:|1758941892
|switch|p1a: Slowking|Slowking-Galar, F|100/100
|-sideend|p1: Choopingas|move: Toxic Spikes|[of] p1a: Slowking
|move|p2a: Azumarill|Aqua Tail|p1a: Slowking|[miss]
|-miss|p2a: Azumarill|p1a: Slowking
|
|upkeep
|turn|7
|
|t:|1758941902
|move|p2a: Azumarill|Aqua Tail|p1a: Slowking
|-damage|p1a: Slowking|18/100
|-prepare|p1a: Slowking|Chilly Reception|[premajor]
|move|p1a: Slowking|Chilly Reception|p1a: Slowking
|-weather|Snowscape
|
|t:|1758941905
|switch|p1a: Kyurem|Kyurem, shiny|100/100|[from] Chilly Reception
|-ability|p1a: Kyurem|Pressure
|
|-weather|Snowscape|[upkeep]
|upkeep
|turn|8
|
|t:|1758941912
|switch|p2a: Gliscor|Gliscor, F|100/100
|-terastallize|p1a: Kyurem|Ice
|move|p1a: Kyurem|Freeze-Dry|p2a: Gliscor
|-supereffective|p2a: Gliscor
|-damage|p2a: Gliscor|0 fnt
|faint|p2a: Gliscor
|
|-weather|Snowscape|[upkeep]
|upkeep
|
|t:|1758941921
|switch|p2a: Dragonite|Dragonite, M|100/100
|turn|9
|
|t:|1758941925
|move|p1a: Kyurem|Freeze-Dry|p2a: Dragonite
|-supereffective|p2a: Dragonite
|-damage|p2a: Dragonite|13/100
|move|p2a: Dragonite|Thunder Wave|p1a: Kyurem
|-status|p1a: Kyurem|par
|
|-weather|Snowscape|[upkeep]
|upkeep
|turn|10
|
|t:|1758941933
|move|p2a: Dragonite|Bulldoze|p1a: Kyurem
|-crit|p1a: Kyurem
|-damage|p1a: Kyurem|84/100 par
|-unboost|p1a: Kyurem|spe|1
|move|p1a: Kyurem|Freeze-Dry|p2a: Dragonite
|-supereffective|p2a: Dragonite
|-damage|p2a: Dragonite|0 fnt
|faint|p2a: Dragonite
|
|-weather|Snowscape|[upkeep]
|upkeep
|
|t:|1758941942
|switch|p2a: Azumarill|Azumarill, M|100/100
|turn|11
|
|t:|1758941945
|move|p2a: Azumarill|Aqua Tail|p1a: Kyurem
|-damage|p1a: Kyurem|28/100 par
|move|p1a: Kyurem|Freeze-Dry|p2a: Azumarill
|-supereffective|p2a: Azumarill
|-damage|p2a: Azumarill|0 fnt
|faint|p2a: Azumarill
|
|-weather|none
|upkeep
|
|t:|1758941953
|switch|p2a: Zarude|Zarude-Dada|100/100
|turn|12
|
|t:|1758941958
|move|p2a: Zarude|Knock Off|p1a: Kyurem
|-damage|p1a: Kyurem|0 fnt
|-enditem|p1a: Kyurem|Choice Specs|[from] move: Knock Off|[of] p2a: Zarude
|faint|p1a: Kyurem
|
|upkeep
|
|t:|1758941961
|switch|p1a: Zamazenta|Zamazenta|100/100
|-ability|p1a: Zamazenta|Dauntless Shield|boost
|-boost|p1a: Zamazenta|def|1
|turn|13
|
|t:|1758941967
|-terastallize|p2a: Zarude|Water
|move|p1a: Zamazenta|Close Combat|p2a: Zarude
|-damage|p2a: Zarude|49/100
|-unboost|p1a: Zamazenta|def|1
|-unboost|p1a: Zamazenta|spd|1
|move|p2a: Zarude|Swords Dance|p2a: Zarude
|-boost|p2a: Zarude|atk|2
|
|upkeep
|turn|14
|
|t:|1758941979
|move|p1a: Zamazenta|Close Combat|p2a: Zarude
|-damage|p2a: Zarude|0 fnt
|-unboost|p1a: Zamazenta|def|1
|-unboost|p1a: Zamazenta|spd|1
|faint|p2a: Zarude
|
|win|Choopingas
|raw|Choopingas's rating: 1303 &rarr; <strong>1323</strong><br />(+20 for winning)
|raw|cygg's rating: 1305 &rarr; <strong>1285</strong><br />(-20 for losing)
|l|☆cygg
|player|p2|
|l|☆Choopingas
|player|p1|
