|j|☆The Burger
|j|☆dbcool
|t:|1759010524
|gametype|singles
|player|p1|The Burger|palmer|1399
|player|p2|dbcool|dahlia|1367
|gen|9
|tier|[Gen 9] OU
|rated|
|rule|HP Percentage Mod: HP is shown in percentages
|rule|Endless Battle Clause: Forcing endless battles is banned
|rule|Species Clause: Limit one of each Pokémon
|rule|OHKO Clause: OHKO moves are banned
|rule|Evasion Items Clause: Evasion items are banned
|rule|Evasion Moves Clause: Evasion moves are banned
|rule|Evasion Abilities Clause: Evasion abilities are banned
|rule|Sleep Moves Clause: Sleep-inducing moves are banned
|clearpoke
|poke|p1|Ninetales, M|
|poke|p1|Iron Moth|
|poke|p1|Raging Bolt|
|poke|p1|Cinderace, M|
|poke|p1|Exeggutor-Alola, M|
|poke|p1|Great Tusk|
|poke|p2|Dragonite, F|
|poke|p2|Zamazenta-*|
|poke|p2|Landorus-Therian, M|
|poke|p2|Gholdengo|
|poke|p2|Darkrai|
|poke|p2|Hatterene, F|
|teampreview
|inactive|Battle timer is ON: inactive players will automatically lose when time's up. (requested by The Burger)
|inactive|dbcool has 120 seconds left.
|inactive|dbcool has 90 seconds left.
|
|t:|1759010597
|teamsize|p1|6
|teamsize|p2|6
|start
|switch|p1a: Cinderace|Cinderace, M|100/100
|switch|p2a: Darkrai|Darkrai|100/100
|turn|1
|
|t:|1759010604
|switch|p2a: Landorus|Landorus-Therian, M|100/100
|-ability|p2a: Landorus|Intimidate|boost
|-unboost|p1a: Cinderace|atk|1
|move|p1a: Cinderace|U-turn|p2a: Landorus
|-resisted|p2a: Landorus
|-damage|p2a: Landorus|94/100
|-damage|p1a: Cinderace|84/100|[from] item: Rocky Helmet|[of] p2a: Landorus
|
|t:|1759010609
|switch|p1a: Ninetales|Ninetales, M|100/100|[from] U-turn
|-weather|SunnyDay|[from] ability: Drought|[of] p1a: Ninetales
|
|-weather|SunnyDay|[upkeep]
|upkeep
|turn|2
|inactive|dbcool has 120 seconds left.
|
|t:|1759010645
|switch|p1a: Cinderace|Cinderace, M|84/100
|move|p2a: Landorus|Earthquake|p1a: Cinderace
|-supereffective|p1a: Cinderace
|-damage|p1a: Cinderace|0 fnt
|faint|p1a: Cinderace
|
|-weather|SunnyDay|[upkeep]
|upkeep
|
|t:|1759010647
|switch|p1a: Great Tusk|Great Tusk|100/100
|-activate|p1a: Great Tusk|ability: Protosynthesis
|-start|p1a: Great Tusk|protosynthesisatk
|turn|3
|inactive|dbcool has 120 seconds left.
|
|t:|1759010663
|switch|p2a: Gholdengo|Gholdengo|100/100
|move|p1a: Great Tusk|Ice Spinner|p2a: Gholdengo
|-resisted|p2a: Gholdengo
|-damage|p2a: Gholdengo|83/100
|
|-weather|SunnyDay|[upkeep]
|upkeep
|turn|4
|
|t:|1759010670
|-end|p1a: Great Tusk|Protosynthesis|[silent]
|switch|p1a: Iron Moth|Iron Moth|100/100
|-enditem|p1a: Iron Moth|Booster Energy
|-activate|p1a: Iron Moth|ability: Quark Drive|[fromitem]
|-start|p1a: Iron Moth|quarkdrivespe
|switch|p2a: Landorus|Landorus-Therian, M|94/100
|-ability|p2a: Landorus|Intimidate|boost
|-unboost|p1a: Iron Moth|atk|1
|
|-weather|SunnyDay|[upkeep]
|upkeep
|turn|5
|
|t:|1759010679
|-terastallize|p1a: Iron Moth|Grass
|move|p1a: Iron Moth|Fiery Dance|p2a: Landorus
|-damage|p2a: Landorus|36/100
|move|p2a: Landorus|Earthquake|p1a: Iron Moth
|-resisted|p1a: Iron Moth
|-damage|p1a: Iron Moth|66/100
|
|-weather|SunnyDay|[upkeep]
|upkeep
|turn|6
|
|t:|1759010694
|move|p1a: Iron Moth|Fiery Dance|p2a: Landorus
|-damage|p2a: Landorus|0 fnt
|faint|p2a: Landorus
|
|-weather|SunnyDay|[upkeep]
|upkeep
|
|t:|1759010710
|switch|p2a: Hatterene|Hatterene, F|100/100
|turn|7
|
|t:|1759010712
|move|p1a: Iron Moth|Sludge Wave|p2a: Hatterene
|-supereffective|p2a: Hatterene
|-damage|p2a: Hatterene|39/100
|move|p2a: Hatterene|Mystical Fire|p1a: Iron Moth
|-supereffective|p1a: Iron Moth
|-damage|p1a: Iron Moth|0 fnt
|faint|p1a: Iron Moth
|-end|p1a: Iron Moth|Quark Drive|[silent]
|
|-weather|SunnyDay|[upkeep]
|upkeep
|
|t:|1759010723
|switch|p1a: Great Tusk|Great Tusk|100/100
|-activate|p1a: Great Tusk|ability: Protosynthesis
|-start|p1a: Great Tusk|protosynthesisatk
|turn|8
|
|t:|1759010728
|move|p1a: Great Tusk|Headlong Rush|p2a: Hatterene
|-damage|p2a: Hatterene|0 fnt
|-unboost|p1a: Great Tusk|def|1
|-unboost|p1a: Great Tusk|spd|1
|faint|p2a: Hatterene
|
|-weather|none
|-end|p1a: Great Tusk|Protosynthesis
|upkeep
|
|t:|1759010731
|switch|p2a: Zamazenta|Zamazenta|100/100
|-ability|p2a: Zamazenta|Dauntless Shield|boost
|-boost|p2a: Zamazenta|def|1
|turn|9
|
|t:|1759010734
|-end|p1a: Great Tusk|Protosynthesis|[silent]
|switch|p1a: Ninetales|Ninetales, M|100/100
|-weather|SunnyDay|[from] ability: Drought|[of] p1a: Ninetales
|move|p2a: Zamazenta|Iron Defense|p2a: Zamazenta
|-boost|p2a: Zamazenta|def|2
|
|-weather|SunnyDay|[upkeep]
|upkeep
|turn|10
|
|t:|1759010737
|move|p2a: Zamazenta|Body Press|p1a: Ninetales
|-damage|p1a: Ninetales|0 fnt
|faint|p1a: Ninetales
|
|-weather|SunnyDay|[upkeep]
|upkeep
|
|t:|1759010747
|switch|p1a: Exeggutor|Exeggutor-Alola, M|100/100
|turn|11
|
|t:|1759010751
|move|p1a: Exeggutor|Endure|p1a: Exeggutor
|-singleturn|p1a: Exeggutor|move: Endure
|move|p2a: Zamazenta|Body Press|p1a: Exeggutor
|-activate|p1a: Exeggutor|move: Endure
|-damage|p1a: Exeggutor|1/100
|
|-weather|SunnyDay|[upkeep]
|upkeep
|turn|12
|-enditem|p1a: Exeggutor|Custap Berry|[eat]
|-activate|p1a: Exeggutor|item: Custap Berry|[consumed]
|
|t:|1759010758
|move|p1a: Exeggutor|Solar Beam||[still]
|-prepare|p1a: Exeggutor|Solar Beam
|-anim|p1a: Exeggutor|Solar Beam|p2a: Zamazenta
|-damage|p2a: Zamazenta|40/100
|move|p2a: Zamazenta|Body Press|p1a: Exeggutor
|-damage|p1a: Exeggutor|0 fnt
|faint|p1a: Exeggutor
|
|-weather|SunnyDay|[upkeep]
|-heal|p2a: Zamazenta|46/100|[from] item: Leftovers
|upkeep
|
|t:|1759010760
|switch|p1a: Raging Bolt|Raging Bolt|100/100
|-activate|p1a: Raging Bolt|ability: Protosynthesis
|-start|p1a: Raging Bolt|protosynthesisspa
|turn|13
|
|t:|1759010766
|move|p1a: Raging Bolt|Thunderclap|p2a: Zamazenta
|-crit|p2a: Zamazenta
|-damage|p2a: Zamazenta|0 fnt
|faint|p2a: Zamazenta
|-damage|p1a: Raging Bolt|91/100|[from] item: Life Orb
|
|-weather|SunnyDay|[upkeep]
|upkeep
|
|t:|1759010776
|switch|p2a: Dragonite|Dragonite, F|100/100
|turn|14
|
|t:|1759010789
|move|p2a: Dragonite|Earthquake|p1a: Raging Bolt
|-supereffective|p1a: Raging Bolt
|-damage|p1a: Raging Bolt|31/100
|move|p1a: Raging Bolt|Dragon Pulse|p2a: Dragonite
|-supereffective|p2a: Dragonite
|-damage|p2a: Dragonite|4/100
|-damage|p1a: Raging Bolt|21/100|[from] item: Life Orb
|
|-weather|SunnyDay|[upkeep]
|upkeep
|turn|15
|
|t:|1759010795
|-end|p1a: Raging Bolt|Protosynthesis|[silent]
|switch|p1a: Great Tusk|Great Tusk|100/100
|-activate|p1a: Great Tusk|ability: Protosynthesis
|-start|p1a: Great Tusk|protosynthesisatk
|move|p2a: Dragonite|Extreme Speed|p1a: Great Tusk
|-damage|p1a: Great Tusk|79/100
|
|-weather|SunnyDay|[upkeep]
|-heal|p1a: Great Tusk|86/100|[from] item: Leftovers
|upkeep
|turn|16
|
|t:|1759010803
|move|p2a: Dragonite|Extreme Speed|p1a: Great Tusk
|-damage|p1a: Great Tusk|65/100
|move|p1a: Great Tusk|Rapid Spin|p2a: Dragonite
|-damage|p2a: Dragonite|0 fnt
|-boost|p1a: Great Tusk|spe|1
|faint|p2a: Dragonite
|
|-weather|none
|-end|p1a: Great Tusk|Protosynthesis
|-heal|p1a: Great Tusk|71/100|[from] item: Leftovers
|upkeep
|
|t:|1759010809
|switch|p2a: Darkrai|Darkrai|100/100
|turn|17
|
|t:|1759010810
|move|p1a: Great Tusk|Close Combat|p2a: Darkrai
|-supereffective|p2a: Darkrai
|-damage|p2a: Darkrai|0 fnt
|-unboost|p1a: Great Tusk|def|1
|-unboost|p1a: Great Tusk|spd|1
|faint|p2a: Darkrai
|
|-heal|p1a: Great Tusk|78/100|[from] item: Leftovers
|upkeep
|
|t:|1759010813
|switch|p2a: Gholdengo|Gholdengo|83/100
|turn|18
|
|t:|1759010816
|move|p1a: Great Tusk|Headlong Rush|p2a: Gholdengo
|-supereffective|p2a: Gholdengo
|-damage|p2a: Gholdengo|0 fnt
|-unboost|p1a: Great Tusk|def|1
|-unboost|p1a: Great Tusk|spd|1
|faint|p2a: Gholdengo
|
|win|The Burger
|raw|The Burger's rating: 1399 &rarr; <strong>1417</strong><br />(+18 for winning)
|raw|dbcool's rating: 1367 &rarr; <strong>1349</strong><br />(-18 for losing)
|l|☆dbcool
|player|p2|
|l|☆The Burger
|player|p1|
