|j|☆boldenhauer
|j|☆sam playplu
|t:|1758924773
|gametype|singles
|player|p1|boldenhauer|102|1384
|player|p2|sam playplu|169|1381
|gen|9
|tier|[Gen 9] OU
|rated|
|rule|HP Percentage Mod: HP is shown in percentages
|rule|Endless Battle Clause: Forcing endless battles is banned
|rule|Species Clause: Limit one of each Pokémon
|rule|OHKO Clause: OHKO moves are banned
|rule|Evasion Items Clause: Evasion items are banned
|rule|Evasion Moves Clause: Evasion moves are banned
|rule|Evasion Abilities Clause: Evasion abilities are banned
|rule|Sleep Moves Clause: Sleep-inducing moves are banned
|clearpoke
|poke|p1|Ogerpon, F|
|poke|p1|Moltres|
|poke|p1|Malamar, F|
|poke|p1|Dragapult, M|
|poke|p1|Spidops, M|
|poke|p1|Empoleon, M|
|poke|p2|Ninetales, F|
|poke|p2|Charizard, F|
|poke|p2|Great Tusk|
|poke|p2|Walking Wake|
|poke|p2|Raging Bolt|
|poke|p2|Hatterene, F|
|teampreview
|inactive|Battle timer is ON: inactive players will automatically lose when time's up. (requested by sam playplu)
|
|t:|1758924790
|teamsize|p1|6
|teamsize|p2|6
|start
|switch|p1a: Spidops|Spidops, M|100/100
|switch|p2a: Ninetales|Ninetales, F|100/100
|-weather|SunnyDay|[from] ability: Drought|[of] p2a: Ninetales
|turn|1
|
|t:|1758924798
|move|p2a: Ninetales|Weather Ball|p1a: Spidops
|-supereffective|p1a: Spidops
|-damage|p1a: Spidops|11/100
|move|p1a: Spidops|Sticky Web|p2a: Ninetales
|-sidestart|p2: sam playplu|move: Sticky Web
|
|-weather|SunnyDay|[upkeep]
|upkeep
|turn|2
|
|t:|1758924807
|move|p2a: Ninetales|Weather Ball|p1a: Spidops
|-supereffective|p1a: Spidops
|-damage|p1a: Spidops|0 fnt
|faint|p1a: Spidops
|
|-weather|SunnyDay|[upkeep]
|upkeep
|
|t:|1758924812
|switch|p1a: Moltres|Moltres|100/100
|turn|3
|
|t:|1758924821
|switch|p2a: Hatterene|Hatterene, F|100/100
|-activate|p2a: Hatterene|move: Sticky Web
|-unboost|p2a: Hatterene|spe|1
|move|p1a: Moltres|Flamethrower|p2a: Hatterene
|-damage|p2a: Hatterene|68/100
|
|-weather|SunnyDay|[upkeep]
|upkeep
|turn|4
|
|t:|1758924831
|move|p1a: Moltres|Flamethrower|p2a: Hatterene
|-damage|p2a: Hatterene|29/100
|move|p2a: Hatterene|Nuzzle|p1a: Moltres
|-supereffective|p1a: Moltres
|-damage|p1a: Moltres|95/100
|-status|p1a: Moltres|par
|
|-weather|SunnyDay|[upkeep]
|upkeep
|turn|5
|
|t:|1758924843
|move|p1a: Moltres|Flamethrower|p2a: Hatterene
|-damage|p2a: Hatterene|0 fnt
|faint|p2a: Hatterene
|
|-weather|SunnyDay|[upkeep]
|upkeep
|
|t:|1758924851
|switch|p2a: Great Tusk|Great Tusk|100/100
|-activate|p2a: Great Tusk|ability: Protosynthesis
|-start|p2a: Great Tusk|protosynthesisspe
|turn|6
|
|t:|1758924857
|switch|p1a: Dragapult|Dragapult, M|100/100
|move|p2a: Great Tusk|Rapid Spin|p1a: Dragapult
|-immune|p1a: Dragapult
|
|-weather|SunnyDay|[upkeep]
|upkeep
|turn|7
|
|t:|1758924867
|move|p2a: Great Tusk|Headlong Rush|p1a: Dragapult
|-damage|p1a: Dragapult|24/100
|-unboost|p2a: Great Tusk|def|1
|-unboost|p2a: Great Tusk|spd|1
|move|p1a: Dragapult|Will-O-Wisp|p2a: Great Tusk
|-status|p2a: Great Tusk|brn
|
|-weather|SunnyDay|[upkeep]
|-damage|p2a: Great Tusk|94/100 brn|[from] brn
|upkeep
|turn|8
|
|t:|1758924881
|move|p2a: Great Tusk|Ice Spinner|p1a: Dragapult
|-supereffective|p1a: Dragapult
|-crit|p1a: Dragapult
|-damage|p1a: Dragapult|0 fnt
|faint|p1a: Dragapult
|
|-weather|none
|-end|p2a: Great Tusk|Protosynthesis
|-damage|p2a: Great Tusk|88/100 brn|[from] brn
|upkeep
|
|t:|1758924887
|switch|p1a: Moltres|Moltres|95/100 par
|turn|9
|
|t:|1758924892
|-terastallize|p1a: Moltres|Ghost
|move|p2a: Great Tusk|Rapid Spin|p1a: Moltres
|-immune|p1a: Moltres
|move|p1a: Moltres|Flamethrower|p2a: Great Tusk
|-damage|p2a: Great Tusk|11/100 brn
|
|-damage|p2a: Great Tusk|5/100 brn|[from] brn
|upkeep
|turn|10
|
|t:|1758924902
|-end|p2a: Great Tusk|Protosynthesis|[silent]
|switch|p2a: Ninetales|Ninetales, F|100/100
|-activate|p2a: Ninetales|move: Sticky Web
|-unboost|p2a: Ninetales|spe|1
|-weather|SunnyDay|[from] ability: Drought|[of] p2a: Ninetales
|move|p1a: Moltres|Flamethrower|p2a: Ninetales
|-resisted|p2a: Ninetales
|-damage|p2a: Ninetales|72/100
|
|-weather|SunnyDay|[upkeep]
|upkeep
|turn|11
|
|t:|1758924913
|switch|p2a: Raging Bolt|Raging Bolt|100/100
|-activate|p2a: Raging Bolt|move: Sticky Web
|-unboost|p2a: Raging Bolt|spe|1
|-activate|p2a: Raging Bolt|ability: Protosynthesis
|-start|p2a: Raging Bolt|protosynthesisspa
|move|p1a: Moltres|Flamethrower|p2a: Raging Bolt
|-resisted|p2a: Raging Bolt
|-damage|p2a: Raging Bolt|83/100
|
|-weather|SunnyDay|[upkeep]
|upkeep
|turn|12
|
|t:|1758924924
|move|p2a: Raging Bolt|Weather Ball|p1a: Moltres
|-damage|p1a: Moltres|18/100 par
|move|p1a: Moltres|Roar|p2a: Raging Bolt
|-end|p2a: Raging Bolt|Protosynthesis|[silent]
|drag|p2a: Charizard|Charizard, F, shiny|100/100
|
|-weather|SunnyDay|[upkeep]
|-damage|p2a: Charizard|88/100|[from] ability: Solar Power|[of] p2a: Charizard
|upkeep
|turn|13
|
|t:|1758924935
|move|p2a: Charizard|Weather Ball|p1a: Moltres
|-damage|p1a: Moltres|0 fnt
|faint|p1a: Moltres
|
|-weather|SunnyDay|[upkeep]
|-damage|p2a: Charizard|76/100|[from] ability: Solar Power|[of] p2a: Charizard
|upkeep
|
|t:|1758924955
|switch|p1a: Empoleon|Empoleon, M|100/100
|turn|14
|
|t:|1758924966
|move|p2a: Charizard|Weather Ball|p1a: Empoleon
|-damage|p1a: Empoleon|14/100
|move|p1a: Empoleon|Ice Beam|p2a: Charizard
|-damage|p2a: Charizard|11/100
|
|-weather|SunnyDay|[upkeep]
|-damage|p2a: Charizard|0 fnt|[from] ability: Solar Power|[of] p2a: Charizard
|faint|p2a: Charizard
|upkeep
|
|t:|1758924977
|switch|p2a: Great Tusk|Great Tusk|5/100 brn
|-activate|p2a: Great Tusk|ability: Protosynthesis
|-start|p2a: Great Tusk|protosynthesisspe
|turn|15
|
|t:|1758924984
|move|p2a: Great Tusk|Rapid Spin|p1a: Empoleon
|-resisted|p1a: Empoleon
|-damage|p1a: Empoleon|10/100
|-boost|p2a: Great Tusk|spe|1
|-sideend|p2: sam playplu|Sticky Web|[from] move: Rapid Spin|[of] p2a: Great Tusk
|move|p1a: Empoleon|Ice Beam|p2a: Great Tusk
|-supereffective|p2a: Great Tusk
|-damage|p2a: Great Tusk|0 fnt
|faint|p2a: Great Tusk
|-end|p2a: Great Tusk|Protosynthesis|[silent]
|
|-weather|SunnyDay|[upkeep]
|upkeep
|
|t:|1758924997
|switch|p2a: Raging Bolt|Raging Bolt|83/100
|-activate|p2a: Raging Bolt|ability: Protosynthesis
|-start|p2a: Raging Bolt|protosynthesisspa
|turn|16
|inactive|boldenhauer has 120 seconds left.
|
|t:|1758925050
|move|p2a: Raging Bolt|Weather Ball|p1a: Empoleon
|-damage|p1a: Empoleon|0 fnt
|faint|p1a: Empoleon
|
|-weather|SunnyDay|[upkeep]
|upkeep
|
|t:|1758925056
|switch|p1a: Malamar|Malamar, F|100/100
|turn|17
|
|t:|1758925065
|move|p1a: Malamar|Disable|p2a: Raging Bolt
|-start|p2a: Raging Bolt|Disable|Weather Ball
|move|p2a: Raging Bolt|Draco Meteor|p1a: Malamar
|-damage|p1a: Malamar|0 fnt
|-unboost|p2a: Raging Bolt|spa|2
|faint|p1a: Malamar
|
|-weather|none
|-end|p2a: Raging Bolt|Protosynthesis
|upkeep
|
|t:|1758925075
|switch|p1a: Ogerpon|Ogerpon, F|100/100
|turn|18
|
|t:|1758925079
|-end|p2a: Raging Bolt|Protosynthesis|[silent]
|switch|p2a: Ninetales|Ninetales, F|72/100
|-weather|SunnyDay|[from] ability: Drought|[of] p2a: Ninetales
|move|p1a: Ogerpon|Swords Dance|p1a: Ogerpon
|-boost|p1a: Ogerpon|atk|2
|
|-weather|SunnyDay|[upkeep]
|upkeep
|turn|19
|
|t:|1758925093
|-terastallize|p2a: Ninetales|Grass
|move|p1a: Ogerpon|Knock Off|p2a: Ninetales
|-damage|p2a: Ninetales|0 fnt
|-enditem|p2a: Ninetales|Heat Rock|[from] move: Knock Off|[of] p1a: Ogerpon
|faint|p2a: Ninetales
|
|-weather|SunnyDay|[upkeep]
|upkeep
|
|t:|1758925102
|switch|p2a: Raging Bolt|Raging Bolt|83/100
|-activate|p2a: Raging Bolt|ability: Protosynthesis
|-start|p2a: Raging Bolt|protosynthesisspa
|turn|20
|
|t:|1758925114
|move|p1a: Ogerpon|Knock Off|p2a: Raging Bolt
|-damage|p2a: Raging Bolt|27/100
|-enditem|p2a: Raging Bolt|Assault Vest|[from] move: Knock Off|[of] p1a: Ogerpon
|move|p2a: Raging Bolt|Weather Ball|p1a: Ogerpon
|-supereffective|p1a: Ogerpon
|-damage|p1a: Ogerpon|0 fnt
|faint|p1a: Ogerpon
|
|win|sam playplu
|raw|boldenhauer's rating: 1406 &rarr; <strong>1385</strong><br />(-21 for losing)
|raw|sam playplu's rating: 1381 &rarr; <strong>1402</strong><br />(+21 for winning)
|l|☆boldenhauer
|player|p1|
|l|☆sam playplu
|player|p2|
