|j|☆chrxn't
|j|☆uihjvb
|t:|1758971575
|gametype|singles
|player|p1|chrxn't|psychic-gen4|1134
|player|p2|uihjvb|hilda|1095
|gen|9
|tier|[Gen 9] OU
|rated|
|rule|HP Percentage Mod: HP is shown in percentages
|rule|Endless Battle Clause: Forcing endless battles is banned
|rule|Species Clause: Limit one of each Pokémon
|rule|OHKO Clause: OHKO moves are banned
|rule|Evasion Items Clause: Evasion items are banned
|rule|Evasion Moves Clause: Evasion moves are banned
|rule|Evasion Abilities Clause: Evasion abilities are banned
|rule|Sleep Moves Clause: Sleep-inducing moves are banned
|clearpoke
|poke|p1|Noivern, F|
|poke|p1|Deoxys-Speed|
|poke|p1|Maushold-Four|
|poke|p1|Iron Treads|
|poke|p1|Squawkabilly-White, F|
|poke|p1|Jirachi|
|poke|p2|Deoxys-Speed|
|poke|p2|Iron Treads|
|poke|p2|Alomomola, M|
|poke|p2|Cinderace, M|
|poke|p2|Sableye, M|
|poke|p2|Toxapex, F|
|teampreview
|inactive|Battle timer is ON: inactive players will automatically lose when time's up. (requested by uihjvb)
|inactive|chrxn't also wants the timer to be on.
|
|t:|1758971579
|teamsize|p1|6
|teamsize|p2|6
|start
|switch|p1a: Deoxys|Deoxys-Speed|100/100
|switch|p2a: Deoxys|Deoxys-Speed|100/100
|-ability|p2a: Deoxys|Pressure
|-ability|p1a: Deoxys|Pressure
|turn|1
|
|t:|1758971589
|move|p1a: Deoxys|Ice Beam|p2a: Deoxys
|-damage|p2a: Deoxys|72/100
|move|p2a: Deoxys|Spikes|p1a: Deoxys
|-sidestart|p1: chrxn't|Spikes
|
|upkeep
|turn|2
|
|t:|1758971596
|move|p1a: Deoxys|Ice Beam|p2a: Deoxys
|-crit|p2a: Deoxys
|-damage|p2a: Deoxys|26/100
|move|p2a: Deoxys|Spikes|p1a: Deoxys
|-sidestart|p1: chrxn't|Spikes
|
|upkeep
|turn|3
|
|t:|1758971603
|move|p2a: Deoxys|Spikes|p1a: Deoxys
|-sidestart|p1: chrxn't|Spikes
|move|p1a: Deoxys|Psycho Boost|p2a: Deoxys
|-resisted|p2a: Deoxys
|-damage|p2a: Deoxys|0 fnt
|-unboost|p1a: Deoxys|spa|2
|faint|p2a: Deoxys
|-enditem|p1a: Deoxys|Eject Pack
|
|t:|1758971606
|switch|p1a: very boring name|Iron Treads|100/100
|-damage|p1a: very boring name|76/100|[from] Spikes
|-enditem|p1a: very boring name|Booster Energy
|-activate|p1a: very boring name|ability: Quark Drive|[fromitem]
|-start|p1a: very boring name|quarkdrivespe
|
|upkeep
|
|t:|1758971618
|switch|p2a: Iron Treads|Iron Treads|100/100
|-enditem|p2a: Iron Treads|Booster Energy
|-activate|p2a: Iron Treads|ability: Quark Drive|[fromitem]
|-start|p2a: Iron Treads|quarkdrivespe
|turn|4
|
|t:|1758971626
|-terastallize|p1a: very boring name|Ground
|move|p2a: Iron Treads|Stealth Rock|p1a: very boring name
|-sidestart|p1: chrxn't|move: Stealth Rock
|move|p1a: very boring name|Earthquake|p2a: Iron Treads
|-supereffective|p2a: Iron Treads
|-damage|p2a: Iron Treads|0 fnt
|faint|p2a: Iron Treads
|-end|p2a: Iron Treads|Quark Drive|[silent]
|
|upkeep
|
|t:|1758971648
|switch|p2a: Sableye|Sableye, M|100/100
|turn|5
|
|t:|1758971653
|move|p2a: Sableye|Disable|p1a: very boring name
|-start|p1a: very boring name|Disable|Earthquake
|cant|p1a: very boring name|Disable|Earthquake
|
|upkeep
|turn|6
|
|t:|1758971663
|-end|p1a: very boring name|Quark Drive|[silent]
|switch|p1a: Noivern|Noivern, F|100/100
|-damage|p1a: Noivern|75/100|[from] Stealth Rock
|move|p2a: Sableye|Encore||[still]
|-fail|p2a: Sableye
|
|upkeep
|turn|7
|
|t:|1758971671
|move|p2a: Sableye|Will-O-Wisp|p1a: Noivern
|-status|p1a: Noivern|brn
|move|p1a: Noivern|Psychic Noise|p2a: Sableye
|-immune|p2a: Sableye
|
|-damage|p1a: Noivern|69/100 brn|[from] brn
|upkeep
|turn|8
|
|t:|1758971682
|move|p2a: Sableye|Encore|p1a: Noivern
|-start|p1a: Noivern|Encore
|move|p1a: Noivern|Psychic Noise|p2a: Sableye
|-immune|p2a: Sableye
|
|-damage|p1a: Noivern|63/100 brn|[from] brn
|upkeep
|turn|9
|
|t:|1758971691
|switch|p1a: TacticalNuke|Squawkabilly-White, F|100/100
|-damage|p1a: TacticalNuke|76/100|[from] Stealth Rock
|move|p2a: Sableye|Disable||[still]
|-fail|p2a: Sableye
|
|upkeep
|turn|10
|
|t:|1758971699
|switch|p1a: Noivern|Noivern, F|63/100 brn
|-damage|p1a: Noivern|38/100 brn|[from] Stealth Rock
|move|p2a: Sableye|Will-O-Wisp|p1a: Noivern
|-fail|p1a: Noivern|brn
|
|-damage|p1a: Noivern|32/100 brn|[from] brn
|upkeep
|turn|11
|
|t:|1758971716
|switch|p2a: Alomomola|Alomomola, M|100/100
|move|p1a: Noivern|Air Slash|p2a: Alomomola
|-crit|p2a: Alomomola
|-damage|p2a: Alomomola|44/100
|
|-damage|p1a: Noivern|26/100 brn|[from] brn
|upkeep
|turn|12
|
|t:|1758971725
|move|p1a: Noivern|Psychic Noise|p2a: Alomomola
|-damage|p2a: Alomomola|16/100
|-start|p2a: Alomomola|move: Heal Block
|-enditem|p1a: Noivern|Throat Spray
|-boost|p1a: Noivern|spa|1|[from] item: Throat Spray
|move|p2a: Alomomola|Flip Turn|p1a: Noivern
|-resisted|p1a: Noivern
|-damage|p1a: Noivern|15/100 brn
|
|t:|1758971737
|switch|p2a: Toxapex|Toxapex, F|100/100|[from] Flip Turn
|
|-damage|p1a: Noivern|9/100 brn|[from] brn
|upkeep
|turn|13
|
|t:|1758971745
|move|p2a: Toxapex|Baneful Bunker|p2a: Toxapex
|-singleturn|p2a: Toxapex|move: Protect
|move|p1a: Noivern|Boomburst|p2a: Toxapex
|-activate|p2a: Toxapex|move: Protect
|
|-damage|p1a: Noivern|3/100 brn|[from] brn
|upkeep
|turn|14
|
|t:|1758971755
|move|p2a: Toxapex|Baneful Bunker||[still]
|-fail|p2a: Toxapex
|move|p1a: Noivern|Psychic Noise|p2a: Toxapex
|-supereffective|p2a: Toxapex
|-damage|p2a: Toxapex|49/100
|-start|p2a: Toxapex|move: Heal Block
|
|-damage|p1a: Noivern|0 fnt|[from] brn
|faint|p1a: Noivern
|upkeep
|
|t:|1758971762
|switch|p1a: very boring name|Iron Treads, tera:Ground|76/100
|-damage|p1a: very boring name|51/100|[from] Spikes
|-damage|p1a: very boring name|45/100|[from] Stealth Rock
|turn|15
|
|t:|1758971784
|move|p2a: Toxapex|Baneful Bunker|p2a: Toxapex
|-singleturn|p2a: Toxapex|move: Protect
|move|p1a: very boring name|Earthquake|p2a: Toxapex
|-activate|p2a: Toxapex|move: Protect
|
|-end|p2a: Toxapex|move: Heal Block
|upkeep
|turn|16
|
|t:|1758971801
|switch|p2a: Cinderace|Cinderace, M|100/100
|move|p1a: very boring name|Rapid Spin|p2a: Cinderace
|-damage|p2a: Cinderace|83/100
|-boost|p1a: very boring name|spe|1
|-sideend|p1: chrxn't|Spikes|[from] move: Rapid Spin|[of] p1a: very boring name
|-sideend|p1: chrxn't|Stealth Rock|[from] move: Rapid Spin|[of] p1a: very boring name
|
|upkeep
|turn|17
|
|t:|1758971811
|move|p1a: very boring name|Earthquake|p2a: Cinderace
|-supereffective|p2a: Cinderace
|-damage|p2a: Cinderace|0 fnt
|faint|p2a: Cinderace
|
|upkeep
|
|t:|1758971818
|switch|p2a: Sableye|Sableye, M|100/100
|turn|18
|
|t:|1758971828
|-end|p1a: very boring name|Quark Drive|[silent]
|switch|p1a: Deoxys|Deoxys-Speed|100/100
|-ability|p1a: Deoxys|Pressure
|move|p2a: Sableye|Will-O-Wisp|p1a: Deoxys
|-status|p1a: Deoxys|brn
|
|-damage|p1a: Deoxys|94/100 brn|[from] brn
|upkeep
|turn|19
|
|t:|1758971843
|switch|p2a: Alomomola|Alomomola, M|49/100
|move|p1a: Deoxys|Energy Ball|p2a: Alomomola
|-supereffective|p2a: Alomomola
|-damage|p2a: Alomomola|0 fnt
|faint|p2a: Alomomola
|
|-damage|p1a: Deoxys|88/100 brn|[from] brn
|upkeep
|
|t:|1758971853
|switch|p2a: Toxapex|Toxapex, F|82/100
|turn|20
|
|t:|1758971857
|move|p1a: Deoxys|Psycho Boost|p2a: Toxapex
|-supereffective|p2a: Toxapex
|-damage|p2a: Toxapex|0 fnt
|-unboost|p1a: Deoxys|spa|2
|faint|p2a: Toxapex
|
|-damage|p1a: Deoxys|82/100 brn|[from] brn
|upkeep
|-message|uihjvb forfeited.
|
|win|chrxn't
|raw|chrxn&apos;t's rating: 1134 &rarr; <strong>1156</strong><br />(+22 for winning)
|raw|uihjvb's rating: 1095 &rarr; <strong>1073</strong><br />(-22 for losing)
|l|☆uihjvb
|player|p2|
|c|☆chrxn't|gg
|l|☆chrxn't
|player|p1|
