|j|☆darkgamer080
|j|☆whitertin
|t:|1759070422
|gametype|singles
|player|p1|darkgamer080|ghetsis|1106
|player|p2|whitertin|fisherman-gen4|1100
|gen|9
|tier|[Gen 9] OU
|rated|
|rule|HP Percentage Mod: HP is shown in percentages
|rule|Endless Battle Clause: Forcing endless battles is banned
|rule|Species Clause: Limit one of each Pokémon
|rule|OHKO Clause: OHKO moves are banned
|rule|Evasion Items Clause: Evasion items are banned
|rule|Evasion Moves Clause: Evasion moves are banned
|rule|Evasion Abilities Clause: Evasion abilities are banned
|rule|Sleep Moves Clause: Sleep-inducing moves are banned
|clearpoke
|poke|p1|Kingambit, F|
|poke|p1|Serperior, F|
|poke|p1|Great Tusk|
|poke|p1|Latias, F|
|poke|p1|Dragapult, M|
|poke|p1|Thundurus-Therian, M|
|poke|p2|Tyranitar, F|
|poke|p2|Lokix, M|
|poke|p2|Alomomola, M|
|poke|p2|Gliscor, F|
|poke|p2|Excadrill, M|
|poke|p2|Magmortar, F|
|teampreview
|inactive|Battle timer is ON: inactive players will automatically lose when time's up. (requested by darkgamer080)
|
|t:|1759070452
|teamsize|p1|6
|teamsize|p2|6
|start
|switch|p1a: Latias|Latias, F|100/100
|switch|p2a: Lokix|Lokix, M|100/100
|turn|1
|
|t:|1759070470
|-terastallize|p1a: Latias|Steel
|move|p2a: Lokix|First Impression|p1a: Latias
|-resisted|p1a: Latias
|-damage|p1a: Latias|68/100
|move|p1a: Latias|Calm Mind|p1a: Latias
|-boost|p1a: Latias|spa|1
|-boost|p1a: Latias|spd|1
|
|-heal|p1a: Latias|74/100|[from] item: Leftovers
|upkeep
|turn|2
|
|t:|1759070481
|move|p2a: Lokix|Axe Kick|p1a: Latias
|-supereffective|p1a: Latias
|-damage|p1a: Latias|0 fnt
|faint|p1a: Latias
|
|upkeep
|
|t:|1759070490
|switch|p1a: Dragapult|Dragapult, M|100/100
|turn|3
|
|t:|1759070514
|switch|p2a: Tyranitar|Tyranitar, F|100/100
|-weather|Sandstorm|[from] ability: Sand Stream|[of] p2a: Tyranitar
|move|p1a: Dragapult|Dragon Dance|p1a: Dragapult
|-boost|p1a: Dragapult|atk|1
|-boost|p1a: Dragapult|spe|1
|
|-weather|Sandstorm|[upkeep]
|-damage|p1a: Dragapult|95/100|[from] Sandstorm
|upkeep
|turn|4
|
|t:|1759070522
|move|p1a: Dragapult|Dragon Dance|p1a: Dragapult
|-boost|p1a: Dragapult|atk|1
|-boost|p1a: Dragapult|spe|1
|move|p2a: Tyranitar|Crunch|p1a: Dragapult
|-supereffective|p1a: Dragapult
|-damage|p1a: Dragapult|0 fnt
|faint|p1a: Dragapult
|
|-weather|Sandstorm|[upkeep]
|upkeep
|
|t:|1759070527
|switch|p1a: Serperior|Serperior, F|100/100
|turn|5
|c|☆whitertin|'/
|
|t:|1759070531
|move|p1a: Serperior|Leaf Storm|p2a: Tyranitar
|-supereffective|p2a: Tyranitar
|-damage|p2a: Tyranitar|64/100
|-boost|p1a: Serperior|spa|2
|move|p2a: Tyranitar|Stealth Rock|p1a: Serperior
|-sidestart|p1: darkgamer080|move: Stealth Rock
|
|-weather|Sandstorm|[upkeep]
|-damage|p1a: Serperior|94/100|[from] Sandstorm
|-heal|p2a: Tyranitar|71/100|[from] item: Leftovers
|upkeep
|turn|6
|
|t:|1759070537
|switch|p2a: Magmortar|Magmortar, F|100/100
|move|p1a: Serperior|Leaf Storm|p2a: Magmortar
|-resisted|p2a: Magmortar
|-damage|p2a: Magmortar|41/100
|-boost|p1a: Serperior|spa|2
|
|-weather|Sandstorm|[upkeep]
|-damage|p1a: Serperior|88/100|[from] Sandstorm
|-damage|p2a: Magmortar|35/100|[from] Sandstorm
|upkeep
|turn|7
|
|t:|1759070544
|move|p1a: Serperior|Dragon Pulse|p2a: Magmortar
|-crit|p2a: Magmortar
|-damage|p2a: Magmortar|0 fnt
|faint|p2a: Magmortar
|
|-weather|none
|upkeep
|
|t:|1759070549
|switch|p2a: Lokix|Lokix, M|100/100
|turn|8
|
|t:|1759070554
|-terastallize|p2a: Lokix|Bug
|move|p2a: Lokix|First Impression|p1a: Serperior
|-supereffective|p1a: Serperior
|-damage|p1a: Serperior|0 fnt
|faint|p1a: Serperior
|
|upkeep
|
|t:|1759070560
|switch|p1a: Great Tusk|Great Tusk|100/100
|-damage|p1a: Great Tusk|98/100|[from] Stealth Rock
|-enditem|p1a: Great Tusk|Booster Energy
|-activate|p1a: Great Tusk|ability: Protosynthesis|[fromitem]
|-start|p1a: Great Tusk|protosynthesisatk
|turn|9
|
|t:|1759070565
|move|p2a: Lokix|U-turn|p1a: Great Tusk
|-resisted|p1a: Great Tusk
|-damage|p1a: Great Tusk|66/100
|
|t:|1759070568
|switch|p2a: Gliscor|Gliscor, F|100/100|[from] U-turn
|move|p1a: Great Tusk|Rapid Spin|p2a: Gliscor
|-damage|p2a: Gliscor|79/100
|-boost|p1a: Great Tusk|spe|1
|-sideend|p1: darkgamer080|Stealth Rock|[from] move: Rapid Spin|[of] p1a: Great Tusk
|
|-status|p2a: Gliscor|tox|[from] item: Toxic Orb
|upkeep
|turn|10
|
|t:|1759070586
|switch|p2a: Alomomola|Alomomola, M|100/100
|move|p1a: Great Tusk|Close Combat|p2a: Alomomola
|-damage|p2a: Alomomola|54/100
|-unboost|p1a: Great Tusk|def|1
|-unboost|p1a: Great Tusk|spd|1
|-damage|p1a: Great Tusk|49/100|[from] item: Rocky Helmet|[of] p2a: Alomomola
|
|upkeep
|turn|11
|
|t:|1759070596
|move|p1a: Great Tusk|Stealth Rock|p2a: Alomomola
|-sidestart|p2: whitertin|move: Stealth Rock
|move|p2a: Alomomola|Wish|p2a: Alomomola
|
|upkeep
|turn|12
|
|t:|1759070604
|move|p1a: Great Tusk|Close Combat|p2a: Alomomola
|-damage|p2a: Alomomola|7/100
|-unboost|p1a: Great Tusk|def|1
|-unboost|p1a: Great Tusk|spd|1
|-damage|p1a: Great Tusk|33/100|[from] item: Rocky Helmet|[of] p2a: Alomomola
|move|p2a: Alomomola|Scald|p1a: Great Tusk
|-supereffective|p1a: Great Tusk
|-damage|p1a: Great Tusk|0 fnt
|faint|p1a: Great Tusk
|-end|p1a: Great Tusk|Protosynthesis|[silent]
|
|-heal|p2a: Alomomola|57/100|[from] move: Wish|[wisher] Alomomola
|upkeep
|
|t:|1759070609
|switch|p1a: Thundurus|Thundurus-Therian, M|100/100
|turn|13
|
|t:|1759070614
|switch|p2a: Tyranitar|Tyranitar, F|71/100
|-damage|p2a: Tyranitar|58/100|[from] Stealth Rock
|-weather|Sandstorm|[from] ability: Sand Stream|[of] p2a: Tyranitar
|move|p1a: Thundurus|Wildbolt Storm|p2a: Tyranitar|[miss]
|-miss|p1a: Thundurus|p2a: Tyranitar
|
|-weather|Sandstorm|[upkeep]
|-damage|p1a: Thundurus|94/100|[from] Sandstorm
|-heal|p2a: Tyranitar|64/100|[from] item: Leftovers
|upkeep
|turn|14
|
|t:|1759070617
|move|p1a: Thundurus|Grass Knot|p2a: Tyranitar
|-supereffective|p2a: Tyranitar
|-damage|p2a: Tyranitar|28/100
|move|p2a: Tyranitar|Taunt|p1a: Thundurus
|-start|p1a: Thundurus|move: Taunt
|
|-weather|Sandstorm|[upkeep]
|-damage|p1a: Thundurus|88/100|[from] Sandstorm
|-heal|p2a: Tyranitar|34/100|[from] item: Leftovers
|upkeep
|turn|15
|
|t:|1759070624
|move|p1a: Thundurus|Grass Knot|p2a: Tyranitar
|-supereffective|p2a: Tyranitar
|-damage|p2a: Tyranitar|0 fnt
|faint|p2a: Tyranitar
|
|-weather|Sandstorm|[upkeep]
|-damage|p1a: Thundurus|82/100|[from] Sandstorm
|upkeep
|
|t:|1759070627
|switch|p2a: Excadrill|Excadrill, M|100/100
|-damage|p2a: Excadrill|97/100|[from] Stealth Rock
|turn|16
|
|t:|1759070636
|move|p2a: Excadrill|Rock Slide|p1a: Thundurus
|-supereffective|p1a: Thundurus
|-damage|p1a: Thundurus|2/100
|cant|p1a: Thundurus|flinch
|
|-weather|Sandstorm|[upkeep]
|-damage|p1a: Thundurus|0 fnt|[from] Sandstorm
|faint|p1a: Thundurus
|upkeep
|
|t:|1759070640
|switch|p1a: Kingambit|Kingambit, F|100/100
|-activate|p1a: Kingambit|ability: Supreme Overlord
|-start|p1a: Kingambit|fallen5|[silent]
|turn|17
|
|t:|1759070645
|move|p2a: Excadrill|Earthquake|p1a: Kingambit
|-supereffective|p1a: Kingambit
|-damage|p1a: Kingambit|23/100
|move|p1a: Kingambit|Kowtow Cleave|p2a: Excadrill
|-damage|p2a: Excadrill|0 fnt
|faint|p2a: Excadrill
|
|-weather|none
|upkeep
|
|t:|1759070651
|switch|p2a: Lokix|Lokix, M, tera:Bug|100/100
|-damage|p2a: Lokix|76/100|[from] Stealth Rock
|turn|18
|
|t:|1759070656
|move|p2a: Lokix|First Impression|p1a: Kingambit
|-damage|p1a: Kingambit|0 fnt
|faint|p1a: Kingambit
|-end|p1a: Kingambit|fallen5|[silent]
|
|win|whitertin
|raw|darkgamer080's rating: 1106 &rarr; <strong>1081</strong><br />(-25 for losing)
|raw|whitertin's rating: 1100 &rarr; <strong>1125</strong><br />(+25 for winning)
|l|☆darkgamer080
|player|p1|
