|j|☆GummyDeino
|j|☆Mr.X&Y97
|t:|1759001152
|gametype|singles
|player|p1|GummyDeino|2|1645
|player|p2|Mr.X&Y97|ingo|1596
|gen|9
|tier|[Gen 9] OU
|rated|
|rule|HP Percentage Mod: HP is shown in percentages
|rule|Endless Battle Clause: Forcing endless battles is banned
|rule|Species Clause: Limit one of each Pokémon
|rule|OHKO Clause: OHKO moves are banned
|rule|Evasion Items Clause: Evasion items are banned
|rule|Evasion Moves Clause: Evasion moves are banned
|rule|Evasion Abilities Clause: Evasion abilities are banned
|rule|Sleep Moves Clause: Sleep-inducing moves are banned
|clearpoke
|poke|p1|Indeedee, M|
|poke|p1|Hatterene, F|
|poke|p1|Ursaluna, F|
|poke|p1|Iron Hands|
|poke|p1|Hoopa-Unbound|
|poke|p1|Mimikyu, F|
|poke|p2|Ursaluna, M|
|poke|p2|Hatterene, F|
|poke|p2|Keldeo-Resolute|
|poke|p2|Cresselia, F|
|poke|p2|Iron Valiant|
|poke|p2|Glimmora, F|
|teampreview
|inactive|Battle timer is ON: inactive players will automatically lose when time's up. (requested by Mr.X&Y97)
|inactive|GummyDeino also wants the timer to be on.
|
|t:|1759001177
|teamsize|p1|6
|teamsize|p2|6
|start
|switch|p1a: Catch These Hands|Iron Hands, shiny|100/100
|switch|p2a: Iron Valiant|Iron Valiant|100/100
|-enditem|p2a: Iron Valiant|Booster Energy
|-activate|p2a: Iron Valiant|ability: Quark Drive|[fromitem]
|-start|p2a: Iron Valiant|quarkdrivespe
|-enditem|p1a: Catch These Hands|Booster Energy
|-activate|p1a: Catch These Hands|ability: Quark Drive|[fromitem]
|-start|p1a: Catch These Hands|quarkdriveatk
|turn|1
|
|t:|1759001188
|move|p2a: Iron Valiant|Moonblast|p1a: Catch These Hands
|-supereffective|p1a: Catch These Hands
|-damage|p1a: Catch These Hands|32/100
|-unboost|p1a: Catch These Hands|spa|1
|move|p1a: Catch These Hands|Heavy Slam|p2a: Iron Valiant
|-supereffective|p2a: Iron Valiant
|-damage|p2a: Iron Valiant|0 fnt
|faint|p2a: Iron Valiant
|-end|p2a: Iron Valiant|Quark Drive|[silent]
|
|upkeep
|
|t:|1759001196
|switch|p2a: Keldeo|Keldeo-Resolute|100/100
|turn|2
|
|t:|1759001203
|-end|p1a: Catch These Hands|Quark Drive|[silent]
|switch|p1a: Ayo Doc Heal Me|Indeedee, M, shiny|100/100
|-fieldstart|move: Psychic Terrain|[from] ability: Psychic Surge|[of] p1a: Ayo Doc Heal Me
|move|p2a: Keldeo|Surf|p1a: Ayo Doc Heal Me
|-damage|p1a: Ayo Doc Heal Me|11/100
|
|upkeep
|turn|3
|
|t:|1759001210
|switch|p2a: Hatterene|Hatterene, F|100/100
|switch|p1a: Sukuna|Hoopa-Unbound|100/100
|-enditem|p1a: Sukuna|Psychic Seed
|-boost|p1a: Sukuna|spd|1|[from] item: Psychic Seed
|
|upkeep
|turn|4
|
|t:|1759001226
|move|p1a: Sukuna|Hyperspace Fury|p2a: Hatterene
|-damage|p2a: Hatterene|42/100
|-unboost|p1a: Sukuna|def|1
|-item|p1a: Sukuna|Focus Sash|[from] ability: Magician|[of] p2a: Hatterene
|move|p2a: Hatterene|Trick Room|p2a: Hatterene
|-fieldstart|move: Trick Room|[of] p2a: Hatterene
|
|upkeep
|turn|5
|
|t:|1759001234
|move|p2a: Hatterene|Healing Wish|p2a: Hatterene
|faint|p2a: Hatterene
|move|p1a: Sukuna|Hyperspace Fury|p2: Hatterene|[notarget]
|-fail|p1a: Sukuna
|
|upkeep
|
|t:|1759001238
|switch|p2a: Ursaluna|Ursaluna, M|100/100
|turn|6
|
|t:|1759001244
|switch|p1a: Mimi :3|Mimikyu, F, shiny|100/100
|move|p2a: Ursaluna|Headlong Rush|p1a: Mimi :3
|-activate|p1a: Mimi :3|ability: Disguise
|-damage|p1a: Mimi :3|100/100
|-unboost|p2a: Ursaluna|def|1
|-unboost|p2a: Ursaluna|spd|1
|detailschange|p1a: Mimi :3|Mimikyu-Busted, F, shiny
|-damage|p1a: Mimi :3|88/100|[from] pokemon: Mimikyu-Busted
|-enditem|p1a: Mimi :3|Red Card|[of] p2a: Ursaluna
|drag|p2a: Keldeo|Keldeo-Resolute|100/100
|
|upkeep
|turn|7
|
|t:|1759001262
|move|p1a: Mimi :3|Curse|p2a: Keldeo
|-start|p2a: Keldeo|Curse|[of] p1a: Mimi :3
|-damage|p1a: Mimi :3|38/100
|move|p2a: Keldeo|Flip Turn|p1a: Mimi :3
|-damage|p1a: Mimi :3|26/100
|
|t:|1759001265
|switch|p2a: Glimmora|Glimmora, F|100/100|[from] Flip Turn
|
|upkeep
|turn|8
|
|t:|1759001272
|move|p2a: Glimmora|Meteor Beam||[still]
|-prepare|p2a: Glimmora|Meteor Beam
|-boost|p2a: Glimmora|spa|1
|-enditem|p2a: Glimmora|Power Herb
|-anim|p2a: Glimmora|Meteor Beam|p1a: Mimi :3
|-damage|p1a: Mimi :3|0 fnt
|faint|p1a: Mimi :3
|
|-fieldend|move: Trick Room
|upkeep
|
|t:|1759001279
|switch|p1a: Sukuna|Hoopa-Unbound|100/100
|turn|9
|
|t:|1759001296
|move|p2a: Glimmora|Dazzling Gleam|p1a: Sukuna
|-supereffective|p1a: Sukuna
|-damage|p1a: Sukuna|32/100
|move|p1a: Sukuna|Expanding Force|p2a: Glimmora
|-supereffective|p2a: Glimmora
|-damage|p2a: Glimmora|0 fnt
|faint|p2a: Glimmora
|
|-fieldend|move: Psychic Terrain
|upkeep
|
|t:|1759001306
|switch|p2a: Keldeo|Keldeo-Resolute|100/100
|turn|10
|
|t:|1759001311
|switch|p1a: Catch These Hands|Iron Hands, shiny|32/100
|move|p2a: Keldeo|Surf|p1a: Catch These Hands
|-damage|p1a: Catch These Hands|0 fnt
|faint|p1a: Catch These Hands
|-end|p1a: Catch These Hands|Quark Drive|[silent]
|
|upkeep
|
|t:|1759001316
|switch|p1a: Satella|Hatterene, F, shiny|100/100
|turn|11
|
|t:|1759001324
|move|p2a: Keldeo|Surf|p1a: Satella
|-damage|p1a: Satella|15/100
|move|p1a: Satella|Trick Room|p1a: Satella
|-fieldstart|move: Trick Room|[of] p1a: Satella
|
|upkeep
|turn|12
|
|t:|1759001329
|switch|p2a: Cresselia|Cresselia, F|100/100
|move|p1a: Satella|Draining Kiss|p2a: Cresselia
|-damage|p2a: Cresselia|79/100
|-heal|p1a: Satella|37/100|[from] drain|[of] p2a: Cresselia
|-damage|p1a: Satella|21/100|[from] item: Rocky Helmet|[of] p2a: Cresselia
|-damage|p1a: Satella|11/100|[from] item: Life Orb
|
|upkeep
|turn|13
|
|t:|1759001338
|switch|p1a: 5 Nights In TR|Ursaluna, F, shiny|100/100
|move|p2a: Cresselia|Trick Room|p2a: Cresselia
|-fieldend|move: Trick Room
|
|-status|p1a: 5 Nights In TR|brn|[from] item: Flame Orb
|upkeep
|turn|14
|
|t:|1759001344
|move|p2a: Cresselia|Ice Beam|p1a: 5 Nights In TR
|-supereffective|p1a: 5 Nights In TR
|-damage|p1a: 5 Nights In TR|72/100 brn
|move|p1a: 5 Nights In TR|Facade|p2a: Cresselia
|-damage|p2a: Cresselia|3/100
|-damage|p1a: 5 Nights In TR|55/100 brn|[from] item: Rocky Helmet|[of] p2a: Cresselia
|
|-damage|p1a: 5 Nights In TR|49/100 brn|[from] brn
|upkeep
|turn|15
|
|t:|1759001353
|-terastallize|p1a: 5 Nights In TR|Normal
|move|p2a: Cresselia|Ice Beam|p1a: 5 Nights In TR
|-damage|p1a: 5 Nights In TR|34/100 brn
|move|p1a: 5 Nights In TR|Facade|p2a: Cresselia
|-damage|p2a: Cresselia|0 fnt
|-damage|p1a: 5 Nights In TR|17/100 brn|[from] item: Rocky Helmet|[of] p2a: Cresselia
|faint|p2a: Cresselia
|
|-damage|p1a: 5 Nights In TR|11/100 brn|[from] brn
|upkeep
|
|t:|1759001363
|switch|p2a: Keldeo|Keldeo-Resolute|100/100
|turn|16
|
|t:|1759001367
|switch|p1a: Ayo Doc Heal Me|Indeedee, M, shiny|11/100
|-fieldstart|move: Psychic Terrain|[from] ability: Psychic Surge|[of] p1a: Ayo Doc Heal Me
|move|p2a: Keldeo|Surf|p1a: Ayo Doc Heal Me
|-damage|p1a: Ayo Doc Heal Me|0 fnt
|faint|p1a: Ayo Doc Heal Me
|
|upkeep
|
|t:|1759001374
|switch|p1a: Sukuna|Hoopa-Unbound|32/100
|turn|17
|
|t:|1759001376
|-terastallize|p2a: Keldeo|Water
|move|p2a: Keldeo|Surf|p1a: Sukuna
|-damage|p1a: Sukuna|0 fnt
|faint|p1a: Sukuna
|
|upkeep
|-message|GummyDeino forfeited.
|
|win|Mr.X&Y97
|raw|GummyDeino's rating: 1645 &rarr; <strong>1622</strong><br />(-23 for losing)
|raw|Mr.X&amp;Y97's rating: 1596 &rarr; <strong>1619</strong><br />(+23 for winning)
|l|☆GummyDeino
|player|p1|
