|j|☆FearedStriker
|j|☆thefunbegins
|t:|1758980980
|gametype|singles
|player|p1|FearedStriker|crasherwake|1155
|player|p2|thefunbegins|gentleman-gen4|1117
|gen|9
|tier|[Gen 9] OU
|rated|
|rule|HP Percentage Mod: HP is shown in percentages
|rule|Endless Battle Clause: Forcing endless battles is banned
|rule|Species Clause: Limit one of each Pokémon
|rule|OHKO Clause: OHKO moves are banned
|rule|Evasion Items Clause: Evasion items are banned
|rule|Evasion Moves Clause: Evasion moves are banned
|rule|Evasion Abilities Clause: Evasion abilities are banned
|rule|Sleep Moves Clause: Sleep-inducing moves are banned
|clearpoke
|poke|p1|Glimmora, F|
|poke|p1|Great Tusk|
|poke|p1|Greninja-*, M|
|poke|p1|Ceruledge, M|
|poke|p1|Corviknight, M|
|poke|p1|Weavile, M|
|poke|p2|Decidueye, F|
|poke|p2|Meowstic-F, F|
|poke|p2|Zapdos|
|poke|p2|Tentacruel, F|
|poke|p2|Cresselia, F|
|poke|p2|Nosepass, M|
|teampreview
|inactive|Battle timer is ON: inactive players will automatically lose when time's up. (requested by FearedStriker)
|inactive|FearedStriker has 120 seconds left.
|inactive|FearedStriker has 90 seconds left.
|inactive|FearedStriker has 60 seconds left.
|
|t:|1758981083
|teamsize|p1|6
|teamsize|p2|6
|start
|switch|p1a: Weavile|Weavile, M, shiny|100/100
|switch|p2a: Cresselia|Cresselia, F|100/100
|turn|1
|
|t:|1758981091
|switch|p2a: Nosepass|Nosepass, M|100/100
|move|p1a: Weavile|Beat Up|p2a: Nosepass
|-damage|p2a: Nosepass|96/100
|-damage|p2a: Nosepass|89/100
|-damage|p2a: Nosepass|84/100
|-damage|p2a: Nosepass|78/100
|-damage|p2a: Nosepass|73/100
|-damage|p2a: Nosepass|70/100
|-hitcount|p2a: Nosepass|6
|
|upkeep
|turn|2
|inactive|FearedStriker has 120 seconds left.
|
|t:|1758981101
|move|p1a: Weavile|Triple Axel|p2a: Nosepass
|-damage|p2a: Nosepass|62/100
|-damage|p2a: Nosepass|50/100
|-damage|p2a: Nosepass|29/100
|-hitcount|p2a: Nosepass|3
|move|p2a: Nosepass|Thunder Wave|p1a: Weavile
|-status|p1a: Weavile|par
|
|upkeep
|turn|3
|inactive|FearedStriker has 120 seconds left.
|
|t:|1758981112
|move|p1a: Weavile|Swords Dance|p1a: Weavile
|-boost|p1a: Weavile|atk|2
|move|p2a: Nosepass|Body Press|p1a: Weavile
|-supereffective|p1a: Weavile
|-enditem|p1a: Weavile|Focus Sash
|-damage|p1a: Weavile|1/100 par
|-enditem|p2a: Nosepass|Eviolite|[silent]|[from] ability: Pickpocket|[of] p2a: Nosepass
|-item|p1a: Weavile|Eviolite|[from] ability: Pickpocket|[of] p2a: Nosepass
|
|upkeep
|turn|4
|
|t:|1758981121
|move|p1a: Weavile|Beat Up|p2a: Nosepass
|-damage|p2a: Nosepass|11/100
|-damage|p2a: Nosepass|0 fnt
|faint|p2a: Nosepass
|-hitcount|p2: Nosepass|2
|
|upkeep
|
|t:|1758981132
|switch|p2a: Zapdos|Zapdos|100/100
|turn|5
|inactive|FearedStriker has 120 seconds left.
|
|t:|1758981162
|cant|p1a: Weavile|par
|move|p2a: Zapdos|Tera Blast|p1a: Weavile
|-damage|p1a: Weavile|0 fnt
|faint|p1a: Weavile
|
|upkeep
|
|t:|1758981165
|switch|p1a: Glimmora|Glimmora, F|100/100
|turn|6
|
|t:|1758981172
|switch|p2a: Cresselia|Cresselia, F|100/100
|move|p1a: Glimmora|Power Gem|p2a: Cresselia
|-damage|p2a: Cresselia|68/100
|
|-heal|p2a: Cresselia|74/100|[from] item: Leftovers
|upkeep
|turn|7
|inactive|FearedStriker has 120 seconds left.
|inactive|FearedStriker has 90 seconds left.
|
|t:|1758981229
|move|p1a: Glimmora|Power Gem|p2a: Cresselia
|-damage|p2a: Cresselia|46/100
|move|p2a: Cresselia|Thunder Wave|p1a: Glimmora
|-status|p1a: Glimmora|par
|
|-heal|p2a: Cresselia|52/100|[from] item: Leftovers
|upkeep
|turn|8
|
|t:|1758981234
|move|p2a: Cresselia|Moonlight|p2a: Cresselia
|-heal|p2a: Cresselia|100/100
|move|p1a: Glimmora|Power Gem|p2a: Cresselia
|-crit|p2a: Cresselia
|-damage|p2a: Cresselia|56/100
|
|-heal|p2a: Cresselia|62/100|[from] item: Leftovers
|upkeep
|turn|9
|
|t:|1758981240
|move|p2a: Cresselia|Psychic|p1a: Glimmora
|-supereffective|p1a: Glimmora
|-damage|p1a: Glimmora|10/100 par
|move|p1a: Glimmora|Power Gem|p2a: Cresselia
|-damage|p2a: Cresselia|30/100
|
|-heal|p2a: Cresselia|37/100|[from] item: Leftovers
|upkeep
|turn|10
|
|t:|1758981245
|move|p2a: Cresselia|Moonlight|p2a: Cresselia
|-heal|p2a: Cresselia|87/100
|cant|p1a: Glimmora|par
|
|-heal|p2a: Cresselia|93/100|[from] item: Leftovers
|upkeep
|turn|11
|
|t:|1758981249
|switch|p1a: Greninja|Greninja, M, shiny|100/100
|move|p2a: Cresselia|Ice Beam|p1a: Greninja
|-resisted|p1a: Greninja
|-damage|p1a: Greninja|83/100
|
|-heal|p2a: Cresselia|99/100|[from] item: Leftovers
|upkeep
|turn|12
|
|t:|1758981264
|move|p1a: Greninja|Dark Pulse|p2a: Cresselia
|-start|p1a: Greninja|typechange|Dark|[from] ability: Protean
|-supereffective|p2a: Cresselia
|-damage|p2a: Cresselia|41/100
|move|p2a: Cresselia|Thunder Wave|p1a: Greninja
|-status|p1a: Greninja|par
|
|-heal|p2a: Cresselia|48/100|[from] item: Leftovers
|upkeep
|turn|13
|
|t:|1758981277
|switch|p2a: Tentacruel|Tentacruel, F|100/100
|move|p1a: Greninja|Dark Pulse|p2a: Tentacruel
|-damage|p2a: Tentacruel|86/100
|
|upkeep
|turn|14
|
|t:|1758981298
|move|p2a: Tentacruel|Surf|p1a: Greninja
|-damage|p1a: Greninja|42/100 par
|cant|p1a: Greninja|par
|
|upkeep
|turn|15
|
|t:|1758981304
|move|p2a: Tentacruel|Surf|p1a: Greninja
|-damage|p1a: Greninja|0 fnt
|faint|p1a: Greninja
|
|upkeep
|
|t:|1758981322
|switch|p1a: Corviknight|Corviknight, M, shiny|100/100
|-ability|p1a: Corviknight|Pressure
|turn|16
|
|t:|1758981330
|switch|p2a: Cresselia|Cresselia, F|48/100
|move|p1a: Corviknight|Drill Peck|p2a: Cresselia
|-damage|p2a: Cresselia|21/100
|
|-heal|p2a: Cresselia|27/100|[from] item: Leftovers
|upkeep
|turn|17
|inactive|FearedStriker has 120 seconds left.
|
|t:|1758981359
|move|p2a: Cresselia|Moonlight|p2a: Cresselia
|-heal|p2a: Cresselia|77/100
|move|p1a: Corviknight|Drill Peck|p2a: Cresselia
|-damage|p2a: Cresselia|52/100
|
|-heal|p2a: Cresselia|58/100|[from] item: Leftovers
|upkeep
|turn|18
|
|t:|1758981365
|switch|p1a: Glimmora|Glimmora, F|10/100 par
|move|p2a: Cresselia|Thunder Wave|p1a: Glimmora
|-fail|p1a: Glimmora|par
|
|-heal|p2a: Cresselia|64/100|[from] item: Leftovers
|upkeep
|turn|19
|
|t:|1758981380
|move|p2a: Cresselia|Ice Beam|p1a: Glimmora
|-damage|p1a: Glimmora|0 fnt
|faint|p1a: Glimmora
|
|-heal|p2a: Cresselia|70/100|[from] item: Leftovers
|upkeep
|
|t:|1758981385
|switch|p1a: Ceruledge|Ceruledge, M|100/100
|turn|20
|
|t:|1758981397
|move|p1a: Ceruledge|Shadow Sneak|p2a: Cresselia
|-supereffective|p2a: Cresselia
|-damage|p2a: Cresselia|40/100
|move|p2a: Cresselia|Thunder Wave|p1a: Ceruledge
|-status|p1a: Ceruledge|par
|
|-heal|p2a: Cresselia|46/100|[from] item: Leftovers
|upkeep
|turn|21
|
|t:|1758981404
|switch|p2a: Decidueye|Decidueye, F|100/100
|move|p1a: Ceruledge|Bulk Up|p1a: Ceruledge
|-boost|p1a: Ceruledge|atk|1
|-boost|p1a: Ceruledge|def|1
|
|upkeep
|turn|22
|
|t:|1758981410
|-terastallize|p1a: Ceruledge|Grass
|move|p2a: Decidueye|Spirit Shackle|p1a: Ceruledge
|-damage|p1a: Ceruledge|62/100 par
|-activate|p1a: Ceruledge|trapped
|move|p1a: Ceruledge|Bulk Up|p1a: Ceruledge
|-boost|p1a: Ceruledge|atk|1
|-boost|p1a: Ceruledge|def|1
|
|-heal|p1a: Ceruledge|69/100 par|[from] item: Leftovers
|upkeep
|turn|23
|
|t:|1758981419
|move|p1a: Ceruledge|Shadow Sneak|p2a: Decidueye
|-supereffective|p2a: Decidueye
|-damage|p2a: Decidueye|7/100
|move|p2a: Decidueye|Knock Off|p1a: Ceruledge
|-damage|p1a: Ceruledge|46/100 par
|-enditem|p1a: Ceruledge|Leftovers|[from] move: Knock Off|[of] p2a: Decidueye
|
|upkeep
|turn|24
|
|t:|1758981430
|move|p2a: Decidueye|Shadow Sneak|p1a: Ceruledge
|-damage|p1a: Ceruledge|31/100 par
|move|p1a: Ceruledge|Shadow Sneak|p2a: Decidueye
|-supereffective|p2a: Decidueye
|-damage|p2a: Decidueye|0 fnt
|faint|p2a: Decidueye
|
|upkeep
|
|t:|1758981442
|switch|p2a: Tentacruel|Tentacruel, F|86/100
|turn|25
|
|t:|1758981449
|move|p1a: Ceruledge|Shadow Sneak|p2a: Tentacruel
|-damage|p2a: Tentacruel|34/100
|move|p2a: Tentacruel|Ice Beam|p1a: Ceruledge
|-supereffective|p1a: Ceruledge
|-damage|p1a: Ceruledge|0 fnt
|faint|p1a: Ceruledge
|
|upkeep
|
|t:|1758981453
|switch|p1a: Great Tusk|Great Tusk|100/100
|turn|26
|
|t:|1758981463
|move|p1a: Great Tusk|Earthquake|p2a: Tentacruel
|-supereffective|p2a: Tentacruel
|-damage|p2a: Tentacruel|0 fnt
|faint|p2a: Tentacruel
|
|upkeep
|
|t:|1758981470
|switch|p2a: Zapdos|Zapdos|100/100
|turn|27
|
|t:|1758981475
|move|p1a: Great Tusk|Ice Spinner|p2a: Zapdos
|-supereffective|p2a: Zapdos
|-damage|p2a: Zapdos|44/100
|-status|p1a: Great Tusk|par|[from] ability: Static|[of] p2a: Zapdos
|-enditem|p2a: Zapdos|Weakness Policy
|-boost|p2a: Zapdos|atk|2|[from] item: Weakness Policy
|-boost|p2a: Zapdos|spa|2|[from] item: Weakness Policy
|move|p2a: Zapdos|Agility|p2a: Zapdos
|-boost|p2a: Zapdos|spe|2
|
|upkeep
|turn|28
|
|t:|1758981485
|-terastallize|p2a: Zapdos|Steel
|move|p2a: Zapdos|Acrobatics|p1a: Great Tusk
|-supereffective|p1a: Great Tusk
|-damage|p1a: Great Tusk|0 fnt
|faint|p1a: Great Tusk
|-end|p1a: Great Tusk|Protosynthesis|[silent]
|
|upkeep
|
|t:|1758981488
|switch|p1a: Corviknight|Corviknight, M, shiny|100/100
|-ability|p1a: Corviknight|Pressure
|turn|29
|
|t:|1758981490
|move|p2a: Zapdos|Supercell Slam|p1a: Corviknight
|-supereffective|p1a: Corviknight
|-damage|p1a: Corviknight|0 fnt
|-damage|p2a: Zapdos|28/100|[from] item: Rocky Helmet|[of] p1a: Corviknight
|faint|p1a: Corviknight
|
|win|thefunbegins
|raw|FearedStriker's rating: 1155 &rarr; <strong>1127</strong><br />(-28 for losing)
|raw|thefunbegins's rating: 1117 &rarr; <strong>1145</strong><br />(+28 for winning)
|l|☆FearedStriker
|player|p1|
|l|☆thefunbegins
|player|p2|
