|j|☆harc
|j|☆TouchedByJoey
|t:|1759041541
|gametype|singles
|player|p1|harc|ninjaboy|1280
|player|p2|TouchedByJoey|n|1247
|gen|9
|tier|[Gen 9] OU
|rated|
|rule|HP Percentage Mod: HP is shown in percentages
|rule|Endless Battle Clause: Forcing endless battles is banned
|rule|Species Clause: Limit one of each Pokémon
|rule|OHKO Clause: OHKO moves are banned
|rule|Evasion Items Clause: Evasion items are banned
|rule|Evasion Moves Clause: Evasion moves are banned
|rule|Evasion Abilities Clause: Evasion abilities are banned
|rule|Sleep Moves Clause: Sleep-inducing moves are banned
|clearpoke
|poke|p1|Corviknight, F|
|poke|p1|Clefable, M|
|poke|p1|Tyranitar, F|
|poke|p1|Hippowdon, F|
|poke|p1|Excadrill, F|
|poke|p1|Reuniclus, M|
|poke|p2|Landorus-Therian, M|
|poke|p2|Samurott-Hisui, M|
|poke|p2|Pecharunt|
|poke|p2|Scizor, M|
|poke|p2|Latios, M|
|poke|p2|Zamazenta-*|
|teampreview
|inactive|Battle timer is ON: inactive players will automatically lose when time's up. (requested by TouchedByJoey)
|inactive|harc has 120 seconds left.
|inactive|harc has 90 seconds left.
|inactive|harc has 60 seconds left.
|
|t:|1759041638
|teamsize|p1|6
|teamsize|p2|6
|start
|switch|p1a: Hippowdon|Hippowdon, F|100/100
|switch|p2a: Landorus|Landorus-Therian, M|100/100
|-ability|p2a: Landorus|Intimidate|boost
|-unboost|p1a: Hippowdon|atk|1
|-weather|Sandstorm|[from] ability: Sand Stream|[of] p1a: Hippowdon
|turn|1
|inactive|harc has 120 seconds left.
|
|t:|1759041650
|move|p2a: Landorus|Stealth Rock|p1a: Hippowdon
|-sidestart|p1: harc|move: Stealth Rock
|move|p1a: Hippowdon|Stealth Rock|p2a: Landorus
|-sidestart|p2: TouchedByJoey|move: Stealth Rock
|
|-weather|Sandstorm|[upkeep]
|upkeep
|turn|2
|
|t:|1759041661
|move|p2a: Landorus|Earthquake|p1a: Hippowdon
|-damage|p1a: Hippowdon|75/100
|move|p1a: Hippowdon|Earthquake|p2a: Landorus
|-immune|p2a: Landorus
|
|-weather|Sandstorm|[upkeep]
|upkeep
|turn|3
|
|t:|1759041669
|move|p2a: Landorus|Earthquake|p1a: Hippowdon
|-damage|p1a: Hippowdon|52/100
|move|p1a: Hippowdon|Slack Off|p1a: Hippowdon
|-heal|p1a: Hippowdon|100/100
|
|-weather|Sandstorm|[upkeep]
|upkeep
|turn|4
|
|t:|1759041678
|move|p2a: Landorus|Earthquake|p1a: Hippowdon
|-damage|p1a: Hippowdon|74/100
|move|p1a: Hippowdon|Roar|p2a: Landorus
|drag|p2a: Scizor|Scizor, M|100/100
|
|-weather|Sandstorm|[upkeep]
|upkeep
|turn|5
|
|t:|1759041688
|switch|p2a: Landorus|Landorus-Therian, M|100/100
|-damage|p2a: Landorus|88/100|[from] Stealth Rock
|-ability|p2a: Landorus|Intimidate|boost
|-unboost|p1a: Hippowdon|atk|1
|move|p1a: Hippowdon|Earthquake|p2a: Landorus
|-immune|p2a: Landorus
|
|-weather|Sandstorm|[upkeep]
|upkeep
|turn|6
|
|t:|1759041698
|move|p2a: Landorus|Earthquake|p1a: Hippowdon
|-damage|p1a: Hippowdon|51/100
|move|p1a: Hippowdon|Slack Off|p1a: Hippowdon
|-heal|p1a: Hippowdon|100/100
|
|-weather|Sandstorm|[upkeep]
|upkeep
|turn|7
|
|t:|1759041714
|switch|p1a: Corviknight|Corviknight, F|100/100
|-damage|p1a: Corviknight|88/100|[from] Stealth Rock
|move|p2a: Landorus|Earthquake|p1a: Corviknight
|-immune|p1a: Corviknight
|
|-weather|Sandstorm|[upkeep]
|upkeep
|turn|8
|
|t:|1759041726
|move|p2a: Landorus|Smack Down|p1a: Corviknight
|-damage|p1a: Corviknight|75/100
|-start|p1a: Corviknight|Smack Down
|move|p1a: Corviknight|Bulk Up|p1a: Corviknight
|-boost|p1a: Corviknight|atk|1
|-boost|p1a: Corviknight|def|1
|
|-weather|none
|upkeep
|turn|9
|
|t:|1759041735
|move|p2a: Landorus|Earthquake|p1a: Corviknight
|-supereffective|p1a: Corviknight
|-damage|p1a: Corviknight|24/100
|-enditem|p1a: Corviknight|Weakness Policy
|-boost|p1a: Corviknight|atk|2|[from] item: Weakness Policy
|-boost|p1a: Corviknight|spa|2|[from] item: Weakness Policy
|move|p1a: Corviknight|Roost|p1a: Corviknight
|-heal|p1a: Corviknight|74/100
|-singleturn|p1a: Corviknight|move: Roost
|
|upkeep
|turn|10
|
|t:|1759041746
|move|p2a: Landorus|Earthquake|p1a: Corviknight
|-supereffective|p1a: Corviknight
|-damage|p1a: Corviknight|21/100
|move|p1a: Corviknight|Power Trip|p2a: Landorus
|-damage|p2a: Landorus|20/100
|-damage|p1a: Corviknight|4/100|[from] item: Rocky Helmet|[of] p2a: Landorus
|
|upkeep
|turn|11
|
|t:|1759041759
|switch|p1a: Hippowdon|Hippowdon, F|100/100
|-damage|p1a: Hippowdon|94/100|[from] Stealth Rock
|-weather|Sandstorm|[from] ability: Sand Stream|[of] p1a: Hippowdon
|move|p2a: Landorus|Earthquake|p1a: Hippowdon
|-damage|p1a: Hippowdon|70/100
|
|-weather|Sandstorm|[upkeep]
|upkeep
|turn|12
|
|t:|1759041769
|move|p2a: Landorus|U-turn|p1a: Hippowdon
|-damage|p1a: Hippowdon|59/100
|
|t:|1759041772
|switch|p2a: Latios|Latios, M|100/100|[from] U-turn
|-damage|p2a: Latios|88/100|[from] Stealth Rock
|move|p1a: Hippowdon|Slack Off|p1a: Hippowdon
|-heal|p1a: Hippowdon|100/100
|
|-weather|Sandstorm|[upkeep]
|-damage|p2a: Latios|82/100|[from] Sandstorm
|upkeep
|turn|13
|
|t:|1759041787
|switch|p1a: Tyranitar|Tyranitar, F|100/100
|-damage|p1a: Tyranitar|88/100|[from] Stealth Rock
|move|p2a: Latios|Calm Mind|p2a: Latios
|-boost|p2a: Latios|spa|1
|-boost|p2a: Latios|spd|1
|
|-weather|Sandstorm|[upkeep]
|-damage|p2a: Latios|76/100|[from] Sandstorm
|upkeep
|turn|14
|
|t:|1759041799
|move|p2a: Latios|Draco Meteor|p1a: Tyranitar
|-damage|p1a: Tyranitar|57/100
|-unboost|p2a: Latios|spa|2
|move|p1a: Tyranitar|Knock Off|p2a: Latios
|-supereffective|p2a: Latios
|-damage|p2a: Latios|0 fnt
|-enditem|p2a: Latios|Soul Dew|[from] move: Knock Off|[of] p1a: Tyranitar
|faint|p2a: Latios
|
|-weather|Sandstorm|[upkeep]
|upkeep
|
|t:|1759041805
|switch|p2a: Scizor|Scizor, M|100/100
|turn|15
|
|t:|1759041812
|switch|p1a: Hippowdon|Hippowdon, F|100/100
|-damage|p1a: Hippowdon|94/100|[from] Stealth Rock
|move|p2a: Scizor|Bullet Punch|p1a: Hippowdon
|-damage|p1a: Hippowdon|78/100
|
|-weather|Sandstorm|[upkeep]
|upkeep
|turn|16
|
|t:|1759041828
|move|p2a: Scizor|Swords Dance|p2a: Scizor
|-boost|p2a: Scizor|atk|2
|move|p1a: Hippowdon|Roar|p2a: Scizor
|drag|p2a: Zamazenta|Zamazenta|100/100
|-damage|p2a: Zamazenta|94/100|[from] Stealth Rock
|-ability|p2a: Zamazenta|Dauntless Shield|boost
|-boost|p2a: Zamazenta|def|1
|
|-weather|Sandstorm|[upkeep]
|-damage|p2a: Zamazenta|88/100|[from] Sandstorm
|-heal|p2a: Zamazenta|94/100|[from] item: Leftovers
|upkeep
|turn|17
|
|t:|1759041843
|move|p2a: Zamazenta|Iron Defense|p2a: Zamazenta
|-boost|p2a: Zamazenta|def|2
|move|p1a: Hippowdon|Roar|p2a: Zamazenta
|drag|p2a: Scizor|Scizor, M|100/100
|
|-weather|Sandstorm|[upkeep]
|upkeep
|turn|18
|
|t:|1759041853
|switch|p2a: Landorus|Landorus-Therian, M|20/100
|-damage|p2a: Landorus|8/100|[from] Stealth Rock
|-ability|p2a: Landorus|Intimidate|boost
|-unboost|p1a: Hippowdon|atk|1
|move|p1a: Hippowdon|Earthquake|p2a: Landorus
|-immune|p2a: Landorus
|
|-weather|none
|upkeep
|turn|19
|
|t:|1759041863
|move|p2a: Landorus|U-turn|p1a: Hippowdon
|-damage|p1a: Hippowdon|67/100
|
|t:|1759041867
|switch|p2a: Samurott|Samurott-Hisui, M|100/100|[from] U-turn
|-damage|p2a: Samurott|88/100|[from] Stealth Rock
|move|p1a: Hippowdon|Roar|p2a: Samurott
|drag|p2a: Scizor|Scizor, M|100/100
|
|upkeep
|turn|20
|
|t:|1759041876
|move|p2a: Scizor|Knock Off|p1a: Hippowdon
|-damage|p1a: Hippowdon|48/100
|-enditem|p1a: Hippowdon|Smooth Rock|[from] move: Knock Off|[of] p2a: Scizor
|move|p1a: Hippowdon|Earthquake|p2a: Scizor
|-damage|p2a: Scizor|70/100
|
|upkeep
|turn|21
|
|t:|1759041886
|move|p2a: Scizor|Swords Dance|p2a: Scizor
|-boost|p2a: Scizor|atk|2
|move|p1a: Hippowdon|Slack Off|p1a: Hippowdon
|-heal|p1a: Hippowdon|98/100
|
|upkeep
|turn|22
|
|t:|1759041893
|move|p2a: Scizor|Bullet Punch|p1a: Hippowdon
|-damage|p1a: Hippowdon|65/100
|move|p1a: Hippowdon|Roar|p2a: Scizor
|drag|p2a: Pecharunt|Pecharunt|100/100
|
|upkeep
|turn|23
|
|t:|1759041903
|switch|p1a: Excadrill|Excadrill, F|100/100
|move|p2a: Pecharunt|Malignant Chain|p1a: Excadrill
|-immune|p1a: Excadrill
|
|upkeep
|turn|24
|
|t:|1759041913
|move|p1a: Excadrill|Earthquake|p2a: Pecharunt
|-supereffective|p2a: Pecharunt
|-crit|p2a: Pecharunt
|-damage|p2a: Pecharunt|6/100
|move|p2a: Pecharunt|Parting Shot|p1a: Excadrill
|-unboost|p1a: Excadrill|atk|1
|-unboost|p1a: Excadrill|spa|1
|
|t:|1759041918
|switch|p2a: Samurott|Samurott-Hisui, M|88/100|[from] Parting Shot
|-damage|p2a: Samurott|76/100|[from] Stealth Rock
|
|upkeep
|turn|25
|
|t:|1759041929
|switch|p1a: Hippowdon|Hippowdon, F|65/100
|-damage|p1a: Hippowdon|58/100|[from] Stealth Rock
|-weather|Sandstorm|[from] ability: Sand Stream|[of] p1a: Hippowdon
|move|p2a: Samurott|Ceaseless Edge|p1a: Hippowdon
|-damage|p1a: Hippowdon|30/100
|-sidestart|p1: harc|Spikes
|
|-weather|Sandstorm|[upkeep]
|-damage|p2a: Samurott|70/100|[from] Sandstorm
|upkeep
|turn|26
|
|t:|1759041942
|move|p2a: Samurott|Razor Shell|p1a: Hippowdon
|-supereffective|p1a: Hippowdon
|-damage|p1a: Hippowdon|0 fnt
|faint|p1a: Hippowdon
|
|-weather|Sandstorm|[upkeep]
|-damage|p2a: Samurott|63/100|[from] Sandstorm
|upkeep
|
|t:|1759041951
|switch|p1a: Excadrill|Excadrill, F|100/100
|turn|27
|
|t:|1759041960
|move|p2a: Samurott|Aqua Jet|p1a: Excadrill
|-supereffective|p1a: Excadrill
|-damage|p1a: Excadrill|47/100
|move|p1a: Excadrill|Earthquake|p2a: Samurott
|-damage|p2a: Samurott|0 fnt
|faint|p2a: Samurott
|
|-weather|Sandstorm|[upkeep]
|upkeep
|
|t:|1759041967
|switch|p2a: Zamazenta|Zamazenta|94/100
|-damage|p2a: Zamazenta|88/100|[from] Stealth Rock
|turn|28
|
|t:|1759041980
|move|p2a: Zamazenta|Iron Defense|p2a: Zamazenta
|-boost|p2a: Zamazenta|def|2
|move|p1a: Excadrill|Rapid Spin|p2a: Zamazenta
|-damage|p2a: Zamazenta|82/100
|-boost|p1a: Excadrill|spe|1
|-sideend|p1: harc|Spikes|[from] move: Rapid Spin|[of] p1a: Excadrill
|-sideend|p1: harc|Stealth Rock|[from] move: Rapid Spin|[of] p1a: Excadrill
|
|-weather|Sandstorm|[upkeep]
|-damage|p2a: Zamazenta|76/100|[from] Sandstorm
|-heal|p2a: Zamazenta|82/100|[from] item: Leftovers
|upkeep
|turn|29
|
|t:|1759041995
|switch|p1a: Clefable|Clefable, M|100/100
|move|p2a: Zamazenta|Body Press|p1a: Clefable
|-resisted|p1a: Clefable
|-damage|p1a: Clefable|87/100
|
|-weather|none
|-heal|p2a: Zamazenta|88/100|[from] item: Leftovers
|-heal|p1a: Clefable|93/100|[from] item: Leftovers
|upkeep
|turn|30
|
|t:|1759042005
|move|p1a: Clefable|Thunder Wave|p2a: Zamazenta
|-status|p2a: Zamazenta|par
|move|p2a: Zamazenta|Roar|p1a: Clefable
|drag|p1a: Corviknight|Corviknight, F|4/100
|
|-heal|p2a: Zamazenta|94/100 par|[from] item: Leftovers
|upkeep
|turn|31
|
|t:|1759042014
|move|p2a: Zamazenta|Body Press|p1a: Corviknight
|-crit|p1a: Corviknight
|-damage|p1a: Corviknight|0 fnt
|faint|p1a: Corviknight
|
|-heal|p2a: Zamazenta|99/100 par|[from] item: Leftovers
|upkeep
|
|t:|1759042023
|switch|p1a: Reuniclus|Reuniclus, M|100/100
|turn|32
|
|t:|1759042030
|move|p2a: Zamazenta|Crunch|p1a: Reuniclus
|-supereffective|p1a: Reuniclus
|-damage|p1a: Reuniclus|68/100
|move|p1a: Reuniclus|Psychic Noise|p2a: Zamazenta
|-supereffective|p2a: Zamazenta
|-damage|p2a: Zamazenta|25/100 par
|-start|p2a: Zamazenta|move: Heal Block
|
|upkeep
|turn|33
|
|t:|1759042041
|move|p2a: Zamazenta|Crunch|p1a: Reuniclus
|-supereffective|p1a: Reuniclus
|-damage|p1a: Reuniclus|37/100
|-unboost|p1a: Reuniclus|def|1
|move|p1a: Reuniclus|Calm Mind|p1a: Reuniclus
|-boost|p1a: Reuniclus|spa|1
|-boost|p1a: Reuniclus|spd|1
|
|-end|p2a: Zamazenta|move: Heal Block
|upkeep
|turn|34
|
|t:|1759042052
|switch|p1a: Clefable|Clefable, M|93/100
|move|p2a: Zamazenta|Crunch|p1a: Clefable
|-resisted|p1a: Clefable
|-damage|p1a: Clefable|84/100
|-unboost|p1a: Clefable|def|1
|
|-heal|p2a: Zamazenta|32/100 par|[from] item: Leftovers
|-heal|p1a: Clefable|90/100|[from] item: Leftovers
|upkeep
|turn|35
|
|t:|1759042064
|move|p2a: Zamazenta|Body Press|p1a: Clefable
|-resisted|p1a: Clefable
|-damage|p1a: Clefable|69/100
|move|p1a: Clefable|Moonblast|p2a: Zamazenta
|-supereffective|p2a: Zamazenta
|-damage|p2a: Zamazenta|0 fnt
|faint|p2a: Zamazenta
|
|-heal|p1a: Clefable|75/100|[from] item: Leftovers
|upkeep
|
|t:|1759042067
|switch|p2a: Scizor|Scizor, M|70/100
|turn|36
|
|t:|1759042081
|move|p2a: Scizor|Swords Dance|p2a: Scizor
|-boost|p2a: Scizor|atk|2
|move|p1a: Clefable|Thunder Wave|p2a: Scizor
|-status|p2a: Scizor|par
|
|-heal|p1a: Clefable|81/100|[from] item: Leftovers
|upkeep
|turn|37
|inactive|harc has 120 seconds left.
|
|t:|1759042120
|switch|p1a: Tyranitar|Tyranitar, F|57/100
|-weather|Sandstorm|[from] ability: Sand Stream|[of] p1a: Tyranitar
|move|p2a: Scizor|Bullet Punch|p1a: Tyranitar
|-supereffective|p1a: Tyranitar
|-damage|p1a: Tyranitar|0 fnt
|faint|p1a: Tyranitar
|
|-weather|Sandstorm|[upkeep]
|upkeep
|
|t:|1759042131
|switch|p1a: Excadrill|Excadrill, F|47/100
|turn|38
|
|t:|1759042139
|cant|p2a: Scizor|par
|move|p1a: Excadrill|Earthquake|p2a: Scizor
|-damage|p2a: Scizor|0 fnt
|faint|p2a: Scizor
|
|-weather|Sandstorm|[upkeep]
|upkeep
|-message|TouchedByJoey forfeited.
|
|win|harc
|raw|harc's rating: 1280 &rarr; <strong>1303</strong><br />(+23 for winning)
|raw|TouchedByJoey's rating: 1247 &rarr; <strong>1224</strong><br />(-23 for losing)
|l|☆TouchedByJoey
|player|p2|
|l|☆harc
|player|p1|
