|j|☆miscellandorus
|j|☆zonix14
|t:|1758954162
|gametype|singles
|player|p1|miscellandorus|1|1397
|player|p2|zonix14|266|1348
|gen|9
|tier|[Gen 9] OU
|rated|
|rule|HP Percentage Mod: HP is shown in percentages
|rule|Endless Battle Clause: Forcing endless battles is banned
|rule|Species Clause: Limit one of each Pokémon
|rule|OHKO Clause: OHKO moves are banned
|rule|Evasion Items Clause: Evasion items are banned
|rule|Evasion Moves Clause: Evasion moves are banned
|rule|Evasion Abilities Clause: Evasion abilities are banned
|rule|Sleep Moves Clause: Sleep-inducing moves are banned
|clearpoke
|poke|p1|Meowscarada, M|
|poke|p1|Rotom-Wash|
|poke|p1|Gholdengo|
|poke|p1|Great Tusk|
|poke|p1|Corviknight, M|
|poke|p1|Latios, M|
|poke|p2|Masquerain, F|
|poke|p2|Cinderace, M|
|poke|p2|Serperior, F|
|poke|p2|Gholdengo|
|poke|p2|Iron Moth|
|poke|p2|Hawlucha, M|
|teampreview
|inactive|Battle timer is ON: inactive players will automatically lose when time's up. (requested by zonix14)
|inactive|miscellandorus has 120 seconds left.
|
|t:|1758954203
|teamsize|p1|6
|teamsize|p2|6
|start
|switch|p1a: Great Tusk|Great Tusk|100/100
|switch|p2a: Masquerain|Masquerain, F|100/100
|-ability|p2a: Masquerain|Intimidate|boost
|-unboost|p1a: Great Tusk|atk|1
|turn|1
|
|t:|1758954209
|-end|p1a: Great Tusk|Protosynthesis|[silent]
|switch|p1a: Rotom|Rotom-Wash|100/100
|move|p2a: Masquerain|Sticky Web|p1a: Rotom
|-sidestart|p1: miscellandorus|move: Sticky Web
|
|upkeep
|turn|2
|
|t:|1758954218
|switch|p2a: Cinderace|Cinderace, M|100/100
|move|p1a: Rotom|Volt Switch|p2a: Cinderace
|-damage|p2a: Cinderace|65/100
|
|t:|1758954227
|switch|p1a: Great Tusk|Great Tusk|100/100|[from] Volt Switch
|-activate|p1a: Great Tusk|move: Sticky Web
|-unboost|p1a: Great Tusk|spe|1
|
|upkeep
|turn|3
|
|t:|1758954231
|move|p2a: Cinderace|Court Change|p2a: Cinderace
|-swapsideconditions
|-activate|p2a: Cinderace|move: Court Change
|move|p1a: Great Tusk|Knock Off|p2a: Cinderace
|-damage|p2a: Cinderace|28/100
|-enditem|p2a: Cinderace|Focus Sash|[from] move: Knock Off|[of] p1a: Great Tusk
|
|upkeep
|turn|4
|
|t:|1758954236
|move|p2a: Cinderace|Pyro Ball|p1a: Great Tusk
|-damage|p1a: Great Tusk|60/100
|move|p1a: Great Tusk|Stealth Rock|p2a: Cinderace
|-sidestart|p2: zonix14|move: Stealth Rock
|
|-heal|p1a: Great Tusk|67/100|[from] item: Leftovers
|upkeep
|turn|5
|
|t:|1758954246
|move|p2a: Cinderace|Pyro Ball|p1a: Great Tusk|[miss]
|-miss|p2a: Cinderace|p1a: Great Tusk
|move|p1a: Great Tusk|Earthquake|p2a: Cinderace
|-supereffective|p2a: Cinderace
|-damage|p2a: Cinderace|0 fnt
|faint|p2a: Cinderace
|
|-heal|p1a: Great Tusk|73/100|[from] item: Leftovers
|upkeep
|
|t:|1758954248
|switch|p2a: Masquerain|Masquerain, F|100/100
|-damage|p2a: Masquerain|50/100|[from] Stealth Rock
|-ability|p2a: Masquerain|Intimidate|boost
|-unboost|p1a: Great Tusk|atk|1
|turn|6
|
|t:|1758954258
|-end|p1a: Great Tusk|Protosynthesis|[silent]
|switch|p1a: Gholdengo|Gholdengo|100/100
|move|p2a: Masquerain|Sticky Web|p1a: Gholdengo
|-sidestart|p1: miscellandorus|move: Sticky Web
|
|upkeep
|turn|7
|
|t:|1758954267
|move|p1a: Gholdengo|Hex|p2a: Masquerain
|-damage|p2a: Masquerain|5/100
|move|p2a: Masquerain|Surf|p1a: Gholdengo
|-damage|p1a: Gholdengo|67/100
|
|upkeep
|turn|8
|
|t:|1758954270
|move|p1a: Gholdengo|Hex|p2a: Masquerain
|-damage|p2a: Masquerain|0 fnt
|faint|p2a: Masquerain
|
|upkeep
|
|t:|1758954276
|switch|p2a: Iron Moth|Iron Moth|100/100
|turn|9
|
|t:|1758954281
|switch|p1a: Latios|Latios, M|100/100
|move|p2a: Iron Moth|Fiery Dance|p1a: Latios
|-resisted|p1a: Latios
|-damage|p1a: Latios|89/100
|-boost|p2a: Iron Moth|spa|1
|
|upkeep
|turn|10
|
|t:|1758954291
|move|p2a: Iron Moth|Dazzling Gleam|p1a: Latios
|-supereffective|p1a: Latios
|-damage|p1a: Latios|42/100
|move|p1a: Latios|Luster Purge|p2a: Iron Moth
|-supereffective|p2a: Iron Moth
|-damage|p2a: Iron Moth|0 fnt
|faint|p2a: Iron Moth
|-end|p2a: Iron Moth|Quark Drive|[silent]
|
|upkeep
|
|t:|1758954314
|switch|p2a: Serperior|Serperior, F|100/100
|-activate|p2a: Serperior|move: Sticky Web
|-boost|p2a: Serperior|spe|1
|-damage|p2a: Serperior|88/100|[from] Stealth Rock
|turn|11
|
|t:|1758954326
|move|p2a: Serperior|Leaf Storm|p1a: Latios
|-resisted|p1a: Latios
|-damage|p1a: Latios|29/100
|-boost|p2a: Serperior|spa|2
|move|p1a: Latios|Draco Meteor|p2a: Serperior
|-damage|p2a: Serperior|0 fnt
|-unboost|p1a: Latios|spa|2
|faint|p2a: Serperior
|
|upkeep
|
|t:|1758954336
|switch|p2a: Hawlucha|Hawlucha, M|100/100
|-damage|p2a: Hawlucha|88/100|[from] Stealth Rock
|-ability|p2a: Hawlucha|Mold Breaker
|turn|12
|
|t:|1758954349
|switch|p1a: Rotom|Rotom-Wash|100/100
|move|p2a: Hawlucha|Swords Dance|p2a: Hawlucha
|-boost|p2a: Hawlucha|atk|2
|
|upkeep
|turn|13
|
|t:|1758954355
|move|p2a: Hawlucha|Swords Dance|p2a: Hawlucha
|-boost|p2a: Hawlucha|atk|2
|move|p1a: Rotom|Thunder Wave|p2a: Hawlucha
|-status|p2a: Hawlucha|par
|-enditem|p2a: Hawlucha|Lum Berry|[eat]
|-curestatus|p2a: Hawlucha|par|[msg]
|
|upkeep
|turn|14
|
|t:|1758954364
|-terastallize|p2a: Hawlucha|Ground
|move|p2a: Hawlucha|Swords Dance|p2a: Hawlucha
|-boost|p2a: Hawlucha|atk|2
|move|p1a: Rotom|Thunder Wave|p2a: Hawlucha
|-immune|p2a: Hawlucha
|
|upkeep
|turn|15
|
|t:|1758954371
|move|p1a: Rotom|Protect|p1a: Rotom
|-singleturn|p1a: Rotom|Protect
|move|p2a: Hawlucha|Acrobatics|p1a: Rotom
|-activate|p1a: Rotom|move: Protect
|
|upkeep
|turn|16
|
|t:|1758954378
|move|p2a: Hawlucha|Acrobatics|p1a: Rotom
|-resisted|p1a: Rotom
|-damage|p1a: Rotom|35/100
|move|p1a: Rotom|Hydro Pump|p2a: Hawlucha
|-supereffective|p2a: Hawlucha
|-damage|p2a: Hawlucha|0 fnt
|faint|p2a: Hawlucha
|
|-heal|p1a: Rotom|41/100|[from] item: Leftovers
|upkeep
|-message|zonix14 forfeited.
|
|win|miscellandorus
|raw|miscellandorus's rating: 1397 &rarr; <strong>1414</strong><br />(+17 for winning)
|raw|zonix14's rating: 1348 &rarr; <strong>1331</strong><br />(-17 for losing)
|l|☆zonix14
|player|p2|
|l|☆miscellandorus
|player|p1|
