|j|☆ohjeebus
|j|☆aquagoboom
|t:|1758968798
|gametype|singles
|player|p1|ohjeebus|koga|1515
|player|p2|aquagoboom|101|1579
|gen|9
|tier|[Gen 9] OU
|rated|
|rule|HP Percentage Mod: HP is shown in percentages
|rule|Endless Battle Clause: Forcing endless battles is banned
|rule|Species Clause: Limit one of each Pokémon
|rule|OHKO Clause: OHKO moves are banned
|rule|Evasion Items Clause: Evasion items are banned
|rule|Evasion Moves Clause: Evasion moves are banned
|rule|Evasion Abilities Clause: Evasion abilities are banned
|rule|Sleep Moves Clause: Sleep-inducing moves are banned
|clearpoke
|poke|p1|Golem, F|
|poke|p1|Gholdengo|
|poke|p1|Cinderace, M|
|poke|p1|Alomomola, M|
|poke|p1|Samurott-Hisui, F|
|poke|p1|Raging Bolt|
|poke|p2|Kyurem|
|poke|p2|Indeedee, M|
|poke|p2|Ceruledge, M|
|poke|p2|Deoxys-Speed|
|poke|p2|Hatterene, F|
|poke|p2|Iron Treads|
|teampreview
|inactive|Battle timer is ON: inactive players will automatically lose when time's up. (requested by ohjeebus)
|c|☆aquagoboom|Gollem
|c|☆aquagoboom|I am scared
|
|t:|1758968819
|teamsize|p1|6
|teamsize|p2|6
|start
|switch|p1a: Samurott|Samurott-Hisui, F|100/100
|switch|p2a: Kyurem|Kyurem|100/100
|-ability|p2a: Kyurem|Pressure
|turn|1
|
|t:|1758968826
|move|p2a: Kyurem|Scale Shot|p1a: Samurott
|-damage|p1a: Samurott|83/100
|-damage|p1a: Samurott|65/100
|-damage|p1a: Samurott|47/100
|-damage|p1a: Samurott|30/100
|-hitcount|p1a: Samurott|4
|-unboost|p2a: Kyurem|def|1
|-boost|p2a: Kyurem|spe|1
|move|p1a: Samurott|Ceaseless Edge|p2a: Kyurem
|-damage|p2a: Kyurem|38/100
|-sidestart|p2: aquagoboom|Spikes
|
|upkeep
|turn|2
|
|t:|1758968835
|move|p1a: Samurott|Sucker Punch|p2a: Kyurem
|-damage|p2a: Kyurem|0 fnt
|faint|p2a: Kyurem
|
|upkeep
|
|t:|1758968842
|switch|p2a: Iron Treads|Iron Treads|100/100
|-damage|p2a: Iron Treads|88/100|[from] Spikes
|-enditem|p2a: Iron Treads|Booster Energy
|-activate|p2a: Iron Treads|ability: Quark Drive|[fromitem]
|-start|p2a: Iron Treads|quarkdrivespe
|turn|3
|
|t:|1758968850
|move|p2a: Iron Treads|Earth Power|p1a: Samurott
|-damage|p1a: Samurott|0 fnt
|faint|p1a: Samurott
|
|upkeep
|
|t:|1758968855
|switch|p1a: Golem|Golem, F|100/100
|turn|4
|
|t:|1758968859
|move|p2a: Iron Treads|Rapid Spin|p1a: Golem
|-resisted|p1a: Golem
|-damage|p1a: Golem|95/100
|-boost|p2a: Iron Treads|spe|1
|-sideend|p2: aquagoboom|Spikes|[from] move: Rapid Spin|[of] p2a: Iron Treads
|move|p1a: Golem|Earthquake|p2a: Iron Treads
|-supereffective|p2a: Iron Treads
|-damage|p2a: Iron Treads|0 fnt
|faint|p2a: Iron Treads
|-end|p2a: Iron Treads|Quark Drive|[silent]
|
|upkeep
|
|t:|1758968876
|switch|p2a: Indeedee|Indeedee, M|100/100
|-fieldstart|move: Psychic Terrain|[from] ability: Psychic Surge|[of] p2a: Indeedee
|turn|5
|
|t:|1758968881
|switch|p1a: Gholdengo|Gholdengo|100/100
|move|p2a: Indeedee|Expanding Force|p1a: Gholdengo
|-resisted|p1a: Gholdengo
|-damage|p1a: Gholdengo|68/100
|
|-heal|p1a: Gholdengo|75/100|[from] item: Leftovers
|upkeep
|turn|6
|
|t:|1758968888
|switch|p2a: Ceruledge|Ceruledge, M|100/100
|move|p1a: Gholdengo|Nasty Plot|p1a: Gholdengo
|-boost|p1a: Gholdengo|spa|2
|
|-heal|p1a: Gholdengo|81/100|[from] item: Leftovers
|upkeep
|turn|7
|
|t:|1758968893
|switch|p1a: Golem|Golem, F|95/100
|move|p2a: Ceruledge|Swords Dance|p2a: Ceruledge
|-boost|p2a: Ceruledge|atk|2
|
|upkeep
|turn|8
|
|t:|1758968897
|move|p2a: Ceruledge|Poltergeist|p1a: Golem
|-activate|p1a: Golem|move: Poltergeist|Custap Berry
|-damage|p1a: Golem|0 fnt
|faint|p1a: Golem
|
|upkeep
|
|t:|1758968902
|switch|p1a: Cinderace|Cinderace, M|100/100
|turn|9
|
|t:|1758968907
|move|p1a: Cinderace|Pyro Ball|p2a: Ceruledge
|-resisted|p2a: Ceruledge
|-crit|p2a: Ceruledge
|-damage|p2a: Ceruledge|55/100
|-ability|p2a: Ceruledge|Weak Armor|boost
|-unboost|p2a: Ceruledge|def|1
|-boost|p2a: Ceruledge|spe|2
|move|p2a: Ceruledge|Poltergeist|p1a: Cinderace
|-activate|p1a: Cinderace|move: Poltergeist|Heavy-Duty Boots
|-damage|p1a: Cinderace|0 fnt
|faint|p1a: Cinderace
|
|upkeep
|
|t:|1758968910
|switch|p1a: Alomomola|Alomomola, M|100/100
|turn|10
|
|t:|1758968928
|move|p2a: Ceruledge|Destiny Bond|p2a: Ceruledge
|-singlemove|p2a: Ceruledge|Destiny Bond
|move|p1a: Alomomola|Scald|p2a: Ceruledge
|-supereffective|p2a: Ceruledge
|-damage|p2a: Ceruledge|23/100
|
|upkeep
|turn|11
|
|t:|1758968938
|move|p2a: Ceruledge|Bitter Blade|p1a: Alomomola
|-resisted|p1a: Alomomola
|-damage|p1a: Alomomola|77/100
|-heal|p2a: Ceruledge|45/100|[from] drain|[of] p1a: Alomomola
|move|p1a: Alomomola|Scald|p2a: Ceruledge
|-supereffective|p2a: Ceruledge
|-damage|p2a: Ceruledge|14/100
|
|upkeep
|turn|12
|
|t:|1758968946
|move|p2a: Ceruledge|Destiny Bond|p2a: Ceruledge
|-singlemove|p2a: Ceruledge|Destiny Bond
|move|p1a: Alomomola|Wish|p1a: Alomomola
|
|-fieldend|move: Psychic Terrain
|upkeep
|turn|13
|
|t:|1758968957
|move|p2a: Ceruledge|Bitter Blade|p1a: Alomomola
|-resisted|p1a: Alomomola
|-damage|p1a: Alomomola|54/100
|-heal|p2a: Ceruledge|35/100|[from] drain|[of] p1a: Alomomola
|move|p1a: Alomomola|Scald|p2a: Ceruledge
|-supereffective|p2a: Ceruledge
|-damage|p2a: Ceruledge|3/100
|
|-heal|p1a: Alomomola|100/100|[from] move: Wish|[wisher] Alomomola
|upkeep
|turn|14
|
|t:|1758968969
|move|p1a: Alomomola|Protect|p1a: Alomomola
|-singleturn|p1a: Alomomola|Protect
|move|p2a: Ceruledge|Destiny Bond|p2a: Ceruledge
|-singlemove|p2a: Ceruledge|Destiny Bond
|
|upkeep
|turn|15
|
|t:|1758968975
|move|p2a: Ceruledge|Poltergeist|p1a: Alomomola|[miss]
|-miss|p2a: Ceruledge|p1a: Alomomola
|move|p1a: Alomomola|Scald|p2a: Ceruledge
|-supereffective|p2a: Ceruledge
|-damage|p2a: Ceruledge|0 fnt
|faint|p2a: Ceruledge
|
|upkeep
|
|t:|1758968980
|switch|p2a: Indeedee|Indeedee, M|100/100
|-fieldstart|move: Psychic Terrain|[from] ability: Psychic Surge|[of] p2a: Indeedee
|turn|16
|
|t:|1758968986
|move|p2a: Indeedee|Expanding Force|p1a: Alomomola
|-damage|p1a: Alomomola|21/100
|move|p1a: Alomomola|Icy Wind|p2a: Indeedee
|-damage|p2a: Indeedee|92/100
|-unboost|p2a: Indeedee|spe|1
|
|upkeep
|turn|17
|
|t:|1758968991
|move|p2a: Indeedee|Expanding Force|p1a: Alomomola
|-damage|p1a: Alomomola|0 fnt
|faint|p1a: Alomomola
|
|upkeep
|
|t:|1758968994
|switch|p1a: Gholdengo|Gholdengo|81/100
|turn|18
|
|t:|1758969002
|move|p1a: Gholdengo|Nasty Plot|p1a: Gholdengo
|-boost|p1a: Gholdengo|spa|2
|move|p2a: Indeedee|Expanding Force|p1a: Gholdengo
|-resisted|p1a: Gholdengo
|-damage|p1a: Gholdengo|48/100
|
|-heal|p1a: Gholdengo|54/100|[from] item: Leftovers
|upkeep
|turn|19
|
|t:|1758969007
|move|p1a: Gholdengo|Make It Rain|p2a: Indeedee
|-damage|p2a: Indeedee|0 fnt
|-unboost|p1a: Gholdengo|spa|1
|faint|p2a: Indeedee
|
|-heal|p1a: Gholdengo|60/100|[from] item: Leftovers
|upkeep
|
|t:|1758969011
|switch|p2a: Deoxys|Deoxys-Speed|100/100
|-ability|p2a: Deoxys|Pressure
|turn|20
|
|t:|1758969018
|move|p2a: Deoxys|Knock Off|p1a: Gholdengo
|-supereffective|p1a: Gholdengo
|-damage|p1a: Gholdengo|13/100
|-enditem|p1a: Gholdengo|Leftovers|[from] move: Knock Off|[of] p2a: Deoxys
|-damage|p2a: Deoxys|91/100|[from] item: Life Orb
|move|p1a: Gholdengo|Shadow Ball|p2a: Deoxys
|-supereffective|p2a: Deoxys
|-crit|p2a: Deoxys
|-damage|p2a: Deoxys|0 fnt
|faint|p2a: Deoxys
|
|upkeep
|
|t:|1758969023
|switch|p2a: Hatterene|Hatterene, F|100/100
|turn|21
|
|t:|1758969034
|-terastallize|p2a: Hatterene|Steel
|move|p1a: Gholdengo|Shadow Ball|p2a: Hatterene
|-damage|p2a: Hatterene|47/100
|move|p2a: Hatterene|Psychic Noise|p1a: Gholdengo
|-resisted|p1a: Gholdengo
|-damage|p1a: Gholdengo|0 fnt
|faint|p1a: Gholdengo
|
|upkeep
|
|t:|1758969042
|switch|p1a: Raging Bolt|Raging Bolt|100/100
|turn|22
|
|t:|1758969053
|move|p1a: Raging Bolt|Thunderbolt|p2a: Hatterene
|-damage|p2a: Hatterene|0 fnt
|faint|p2a: Hatterene
|
|win|ohjeebus
|raw|ohjeebus's rating: 1515 &rarr; <strong>1539</strong><br />(+24 for winning)
|raw|aquagoboom's rating: 1579 &rarr; <strong>1555</strong><br />(-24 for losing)
|l|☆aquagoboom
|player|p2|
|l|☆ohjeebus
|player|p1|
