|j|☆rosie54
|j|☆Athal14
|t:|1759000181
|gametype|singles
|player|p1|rosie54|lady-gen4|1111
|player|p2|Athal14|2|1164
|gen|9
|tier|[Gen 9] OU
|rated|
|rule|HP Percentage Mod: HP is shown in percentages
|rule|Endless Battle Clause: Forcing endless battles is banned
|rule|Species Clause: Limit one of each Pokémon
|rule|OHKO Clause: OHKO moves are banned
|rule|Evasion Items Clause: Evasion items are banned
|rule|Evasion Moves Clause: Evasion moves are banned
|rule|Evasion Abilities Clause: Evasion abilities are banned
|rule|Sleep Moves Clause: Sleep-inducing moves are banned
|clearpoke
|poke|p1|Vaporeon, F|
|poke|p1|Gardevoir, F|
|poke|p1|Persian, F|
|poke|p1|Mew|
|poke|p1|Cloyster, F|
|poke|p1|Clefable, F|
|poke|p2|Zapdos|
|poke|p2|Muk-Alola, M|
|poke|p2|Skarmory, M|
|poke|p2|Inteleon, M|
|poke|p2|Hitmontop, M|
|poke|p2|Salazzle, F|
|teampreview
|inactive|Battle timer is ON: inactive players will automatically lose when time's up. (requested by rosie54)
|
|t:|1759000190
|teamsize|p1|6
|teamsize|p2|6
|start
|switch|p1a: Persian|Persian, F|100/100
|switch|p2a: Muk|Muk-Alola, M|100/100
|turn|1
|
|t:|1759000204
|switch|p1a: Gardevoir|Gardevoir, F|100/100
|-ability|p1a: Gardevoir|Poison Touch|Trace|[from] ability: Trace|[of] p2a: Muk
|-terastallize|p2a: Muk|Ghost
|move|p2a: Muk|Drain Punch|p1a: Gardevoir
|-resisted|p1a: Gardevoir
|-damage|p1a: Gardevoir|90/100
|
|upkeep
|turn|2
|
|t:|1759000217
|move|p1a: Gardevoir|Moonblast|p2a: Muk
|-damage|p2a: Muk|75/100
|move|p2a: Muk|Knock Off|p1a: Gardevoir
|-damage|p1a: Gardevoir|11/100
|-enditem|p1a: Gardevoir|Choice Scarf|[from] move: Knock Off|[of] p2a: Muk
|
|upkeep
|turn|3
|
|t:|1759000227
|move|p2a: Muk|Shadow Sneak|p1a: Gardevoir
|-supereffective|p1a: Gardevoir
|-damage|p1a: Gardevoir|0 fnt
|faint|p1a: Gardevoir
|
|upkeep
|
|t:|1759000233
|switch|p1a: Cloyster|Cloyster, F|100/100
|turn|4
|
|t:|1759000240
|move|p1a: Cloyster|Icicle Spear|p2a: Muk
|-damage|p2a: Muk|56/100
|-damage|p2a: Muk|38/100
|-damage|p2a: Muk|20/100
|-crit|p2a: Muk
|-damage|p2a: Muk|0 fnt
|faint|p2a: Muk
|-hitcount|p2: Muk|4
|
|upkeep
|
|t:|1759000255
|switch|p2a: Zapdos|Zapdos|100/100
|turn|5
|
|t:|1759000260
|-terastallize|p1a: Cloyster|Ground
|move|p2a: Zapdos|Volt Switch|p1a: Cloyster
|-immune|p1a: Cloyster
|move|p1a: Cloyster|Icicle Spear|p2a: Zapdos
|-supereffective|p2a: Zapdos
|-damage|p2a: Zapdos|62/100
|-supereffective|p2a: Zapdos
|-damage|p2a: Zapdos|22/100
|-supereffective|p2a: Zapdos
|-damage|p2a: Zapdos|0 fnt
|faint|p2a: Zapdos
|-hitcount|p2: Zapdos|3
|
|upkeep
|
|t:|1759000284
|switch|p2a: Hitmontop|Hitmontop, M|100/100
|-ability|p2a: Hitmontop|Intimidate|boost
|-unboost|p1a: Cloyster|atk|1
|turn|6
|
|t:|1759000291
|switch|p1a: Clefable|Clefable, F|100/100
|move|p2a: Hitmontop|Triple Axel|p1a: Clefable
|-damage|p1a: Clefable|96/100
|-damage|p1a: Clefable|87/100
|-damage|p1a: Clefable|75/100
|-hitcount|p1a: Clefable|3
|
|-heal|p1a: Clefable|81/100|[from] item: Leftovers
|upkeep
|turn|7
|
|t:|1759000307
|switch|p2a: Salazzle|Salazzle, F|100/100
|move|p1a: Clefable|Wish|p1a: Clefable
|
|-heal|p1a: Clefable|87/100|[from] item: Leftovers
|upkeep
|turn|8
|
|t:|1759000315
|switch|p1a: Mew|Mew|100/100
|move|p2a: Salazzle|Toxic|p1a: Mew
|-status|p1a: Mew|tox
|-activate|p1a: Mew|ability: Synchronize
|-immune|p2a: Salazzle
|
|-damage|p1a: Mew|94/100 tox|[from] psn
|upkeep
|turn|9
|
|t:|1759000329
|switch|p2a: Skarmory|Skarmory, M|100/100
|move|p1a: Mew|Psychic Fangs|p2a: Skarmory
|-resisted|p2a: Skarmory
|-damage|p2a: Skarmory|89/100
|-damage|p1a: Mew|78/100 tox|[from] item: Rocky Helmet|[of] p2a: Skarmory
|-ability|p2a: Skarmory|Weak Armor|boost
|-unboost|p2a: Skarmory|def|1
|-boost|p2a: Skarmory|spe|2
|
|-heal|p1a: Mew|84/100 tox|[from] item: Leftovers
|-damage|p1a: Mew|72/100 tox|[from] psn
|upkeep
|turn|10
|
|t:|1759000342
|move|p2a: Skarmory|Stealth Rock|p1a: Mew
|-sidestart|p1: rosie54|move: Stealth Rock
|move|p1a: Mew|Drain Punch|p2a: Skarmory
|-damage|p2a: Skarmory|69/100
|-heal|p1a: Mew|81/100 tox|[from] drain|[of] p2a: Skarmory
|-damage|p1a: Mew|65/100 tox|[from] item: Rocky Helmet|[of] p2a: Skarmory
|-ability|p2a: Skarmory|Weak Armor|boost
|-unboost|p2a: Skarmory|def|1
|-boost|p2a: Skarmory|spe|2
|
|-heal|p1a: Mew|71/100 tox|[from] item: Leftovers
|-damage|p1a: Mew|53/100 tox|[from] psn
|upkeep
|turn|11
|
|t:|1759000359
|move|p2a: Skarmory|Brave Bird|p1a: Mew
|-damage|p1a: Mew|19/100 tox
|-damage|p2a: Skarmory|58/100|[from] Recoil
|move|p1a: Mew|Drain Punch|p2a: Skarmory
|-damage|p2a: Skarmory|28/100
|-heal|p1a: Mew|33/100 tox|[from] drain|[of] p2a: Skarmory
|-damage|p1a: Mew|17/100 tox|[from] item: Rocky Helmet|[of] p2a: Skarmory
|-ability|p2a: Skarmory|Weak Armor|boost
|-unboost|p2a: Skarmory|def|1
|-boost|p2a: Skarmory|spe|2
|
|-heal|p1a: Mew|23/100 tox|[from] item: Leftovers
|-damage|p1a: Mew|0 fnt|[from] psn
|faint|p1a: Mew
|upkeep
|
|t:|1759000375
|switch|p1a: Cloyster|Cloyster, F, tera:Ground|100/100
|-damage|p1a: Cloyster|95/100|[from] Stealth Rock
|turn|12
|
|t:|1759000382
|move|p1a: Cloyster|Icicle Spear|p2a: Skarmory
|-damage|p2a: Skarmory|1/100
|-ability|p2a: Skarmory|Weak Armor|boost
|-unboost|p2a: Skarmory|def|1
|-damage|p2a: Skarmory|0 fnt
|faint|p2a: Skarmory
|-hitcount|p2: Skarmory|2
|
|upkeep
|
|t:|1759000393
|switch|p2a: Inteleon|Inteleon, M|100/100
|turn|13
|
|t:|1759000397
|move|p2a: Inteleon|Snipe Shot|p1a: Cloyster
|-supereffective|p1a: Cloyster
|-damage|p1a: Cloyster|0 fnt
|faint|p1a: Cloyster
|
|upkeep
|
|t:|1759000408
|switch|p1a: Clefable|Clefable, F|87/100
|-damage|p1a: Clefable|74/100|[from] Stealth Rock
|turn|14
|
|t:|1759000414
|switch|p2a: Salazzle|Salazzle, F|100/100
|move|p1a: Clefable|Wish|p1a: Clefable
|
|-heal|p1a: Clefable|80/100|[from] item: Leftovers
|upkeep
|turn|15
|
|t:|1759000422
|switch|p1a: Vaporeon|Vaporeon, F|100/100
|-damage|p1a: Vaporeon|88/100|[from] Stealth Rock
|move|p2a: Salazzle|Toxic|p1a: Vaporeon
|-status|p1a: Vaporeon|tox
|
|-heal|p1a: Vaporeon|100/100 tox|[from] move: Wish|[wisher] Clefable
|-damage|p1a: Vaporeon|94/100 tox|[from] psn
|upkeep
|turn|16
|
|t:|1759000434
|switch|p2a: Hitmontop|Hitmontop, M|100/100
|-ability|p2a: Hitmontop|Intimidate|boost
|-unboost|p1a: Vaporeon|atk|1
|move|p1a: Vaporeon|Scald|p2a: Hitmontop
|-damage|p2a: Hitmontop|82/100
|
|-heal|p1a: Vaporeon|100/100 tox|[from] item: Leftovers
|-damage|p1a: Vaporeon|88/100 tox|[from] psn
|upkeep
|turn|17
|
|t:|1759000456
|move|p2a: Hitmontop|Close Combat|p1a: Vaporeon
|-damage|p1a: Vaporeon|33/100 tox
|-unboost|p2a: Hitmontop|def|1
|-unboost|p2a: Hitmontop|spd|1
|move|p1a: Vaporeon|Scald|p2a: Hitmontop
|-damage|p2a: Hitmontop|55/100
|
|-heal|p1a: Vaporeon|39/100 tox|[from] item: Leftovers
|-damage|p1a: Vaporeon|21/100 tox|[from] psn
|upkeep
|turn|18
|
|t:|1759000469
|switch|p2a: Inteleon|Inteleon, M|100/100
|move|p1a: Vaporeon|Scald|p2a: Inteleon
|-resisted|p2a: Inteleon
|-damage|p2a: Inteleon|71/100
|
|-heal|p1a: Vaporeon|27/100 tox|[from] item: Leftovers
|-damage|p1a: Vaporeon|2/100 tox|[from] psn
|upkeep
|turn|19
|
|t:|1759000482
|move|p2a: Inteleon|Snipe Shot|p1a: Vaporeon
|-heal|p1a: Vaporeon|27/100 tox|[from] ability: Water Absorb|[of] p2a: Inteleon
|move|p1a: Vaporeon|Scald|p2a: Inteleon
|-resisted|p2a: Inteleon
|-damage|p2a: Inteleon|42/100
|
|-heal|p1a: Vaporeon|33/100 tox|[from] item: Leftovers
|-damage|p1a: Vaporeon|2/100 tox|[from] psn
|upkeep
|turn|20
|
|t:|1759000493
|switch|p2a: Hitmontop|Hitmontop, M|55/100
|-ability|p2a: Hitmontop|Intimidate|boost
|-unboost|p1a: Vaporeon|atk|1
|move|p1a: Vaporeon|Scald|p2a: Hitmontop
|-damage|p2a: Hitmontop|37/100
|
|-heal|p1a: Vaporeon|8/100 tox|[from] item: Leftovers
|-damage|p1a: Vaporeon|0 fnt|[from] psn
|faint|p1a: Vaporeon
|upkeep
|
|t:|1759000506
|switch|p1a: Clefable|Clefable, F|80/100
|-damage|p1a: Clefable|68/100|[from] Stealth Rock
|turn|21
|
|t:|1759000515
|switch|p2a: Salazzle|Salazzle, F|100/100
|move|p1a: Clefable|Moonblast|p2a: Salazzle
|-resisted|p2a: Salazzle
|-damage|p2a: Salazzle|89/100
|
|-heal|p2a: Salazzle|95/100|[from] item: Leftovers
|-heal|p1a: Clefable|74/100|[from] item: Leftovers
|upkeep
|turn|22
|-message|rosie54 forfeited.
|
|win|Athal14
|raw|rosie54's rating: 1111 &rarr; <strong>1090</strong><br />(-21 for losing)
|raw|Athal14's rating: 1164 &rarr; <strong>1185</strong><br />(+21 for winning)
|l|☆rosie54
|player|p1|
|l|☆Athal14
|player|p2|
|j|☆Athal14
|player|p2|Athal14|2|
