|j|☆abctp123
|j|☆Aggrhy
|t:|1759038704
|gametype|singles
|player|p1|abctp123|102|1298
|player|p2|Aggrhy|red-masters|1390
|gen|9
|tier|[Gen 9] OU
|rated|
|rule|HP Percentage Mod: HP is shown in percentages
|rule|Endless Battle Clause: Forcing endless battles is banned
|rule|Species Clause: Limit one of each Pokémon
|rule|OHKO Clause: OHKO moves are banned
|rule|Evasion Items Clause: Evasion items are banned
|rule|Evasion Moves Clause: Evasion moves are banned
|rule|Evasion Abilities Clause: Evasion abilities are banned
|rule|Sleep Moves Clause: Sleep-inducing moves are banned
|clearpoke
|poke|p1|Araquanid, F|
|poke|p1|Ceruledge, F|
|poke|p1|Moltres-Galar|
|poke|p1|Iron Valiant|
|poke|p1|Manaphy|
|poke|p1|Great Tusk|
|poke|p2|Pikachu, M|
|poke|p2|Metagross|
|poke|p2|Gardevoir, F|
|poke|p2|Glimmora, F|
|poke|p2|Milotic, F|
|poke|p2|Hydrapple, M|
|teampreview
|inactive|Battle timer is ON: inactive players will automatically lose when time's up. (requested by Aggrhy)
|
|t:|1759038709
|teamsize|p1|6
|teamsize|p2|6
|start
|switch|p1a: Araquanid|Araquanid, F|100/100
|switch|p2a: Pikachu|Pikachu, M|100/100
|turn|1
|
|t:|1759038737
|move|p1a: Araquanid|Endure|p1a: Araquanid
|-singleturn|p1a: Araquanid|move: Endure
|move|p2a: Pikachu|Volt Tackle|p1a: Araquanid
|-supereffective|p1a: Araquanid
|-activate|p1a: Araquanid|move: Endure
|-damage|p1a: Araquanid|1/100
|-damage|p2a: Pikachu|48/100|[from] Recoil
|
|upkeep
|turn|2
|-enditem|p1a: Araquanid|Custap Berry|[eat]
|-activate|p1a: Araquanid|item: Custap Berry|[consumed]
|
|t:|1759038746
|move|p2a: Pikachu|Quick Attack|p1a: Araquanid
|-damage|p1a: Araquanid|0 fnt
|faint|p1a: Araquanid
|
|upkeep
|
|t:|1759038754
|switch|p1a: Iron Valiant|Iron Valiant|100/100
|turn|3
|
|t:|1759038761
|switch|p2a: Glimmora|Glimmora, F|100/100
|move|p1a: Iron Valiant|Moonblast|p2a: Glimmora
|-resisted|p2a: Glimmora
|-damage|p2a: Glimmora|55/100
|
|upkeep
|turn|4
|
|t:|1759038783
|-end|p1a: Iron Valiant|Quark Drive|[silent]
|switch|p1a: Moltres|Moltres-Galar|100/100
|move|p2a: Glimmora|Energy Ball|p1a: Moltres
|-resisted|p1a: Moltres
|-damage|p1a: Moltres|85/100
|-unboost|p1a: Moltres|spd|1
|
|upkeep
|turn|5
|
|t:|1759038794
|switch|p2a: Gardevoir|Gardevoir, F|100/100
|-ability|p2a: Gardevoir|Berserk|Trace|[from] ability: Trace|[of] p1a: Moltres
|move|p1a: Moltres|Fiery Wrath|p2a: Gardevoir
|-damage|p2a: Gardevoir|75/100
|
|upkeep
|turn|6
|
|t:|1759038817
|move|p1a: Moltres|Fiery Wrath|p2a: Gardevoir
|-damage|p2a: Gardevoir|54/100
|move|p2a: Gardevoir|Moonblast|p1a: Moltres
|-supereffective|p1a: Moltres
|-damage|p1a: Moltres|0 fnt
|faint|p1a: Moltres
|
|upkeep
|
|t:|1759038828
|switch|p1a: Ceruledge|Ceruledge, F|100/100
|turn|7
|
|t:|1759038832
|move|p1a: Ceruledge|Bulk Up|p1a: Ceruledge
|-boost|p1a: Ceruledge|atk|1
|-boost|p1a: Ceruledge|def|1
|move|p2a: Gardevoir|Psyshock|p1a: Ceruledge
|-damage|p1a: Ceruledge|67/100
|
|upkeep
|turn|8
|
|t:|1759038845
|switch|p2a: Hydrapple|Hydrapple, M|100/100
|move|p1a: Ceruledge|Bulk Up|p1a: Ceruledge
|-boost|p1a: Ceruledge|atk|1
|-boost|p1a: Ceruledge|def|1
|
|upkeep
|turn|9
|
|t:|1759038853
|move|p1a: Ceruledge|Bitter Blade|p2a: Hydrapple
|-damage|p2a: Hydrapple|49/100
|-heal|p1a: Ceruledge|93/100|[from] drain|[of] p2a: Hydrapple
|-damage|p1a: Ceruledge|76/100|[from] item: Rocky Helmet|[of] p2a: Hydrapple
|move|p2a: Hydrapple|Earth Power|p1a: Ceruledge
|-supereffective|p1a: Ceruledge
|-damage|p1a: Ceruledge|28/100
|
|upkeep
|turn|10
|
|t:|1759038864
|-terastallize|p2a: Hydrapple|Water
|move|p1a: Ceruledge|Bitter Blade|p2a: Hydrapple
|-resisted|p2a: Hydrapple
|-damage|p2a: Hydrapple|22/100
|-heal|p1a: Ceruledge|42/100|[from] drain|[of] p2a: Hydrapple
|-damage|p1a: Ceruledge|25/100|[from] item: Rocky Helmet|[of] p2a: Hydrapple
|move|p2a: Hydrapple|Earth Power|p1a: Ceruledge
|-supereffective|p1a: Ceruledge
|-damage|p1a: Ceruledge|0 fnt
|faint|p1a: Ceruledge
|
|upkeep
|
|t:|1759038873
|switch|p1a: Manaphy|Manaphy|100/100
|turn|11
|
|t:|1759038879
|move|p1a: Manaphy|Energy Ball|p2a: Hydrapple
|-supereffective|p2a: Hydrapple
|-damage|p2a: Hydrapple|0 fnt
|faint|p2a: Hydrapple
|
|upkeep
|
|t:|1759038889
|switch|p2a: Gardevoir|Gardevoir, F|54/100
|-ability|p2a: Gardevoir|Hydration|Trace|[from] ability: Trace|[of] p1a: Manaphy
|turn|12
|
|t:|1759038901
|move|p1a: Manaphy|Tail Glow|p1a: Manaphy
|-boost|p1a: Manaphy|spa|3
|move|p2a: Gardevoir|Moonblast|p1a: Manaphy
|-damage|p1a: Manaphy|49/100
|
|upkeep
|turn|13
|
|t:|1759038907
|move|p1a: Manaphy|Surf|p2a: Gardevoir
|-damage|p2a: Gardevoir|0 fnt
|faint|p2a: Gardevoir
|
|upkeep
|
|t:|1759038915
|switch|p2a: Glimmora|Glimmora, F|55/100
|turn|14
|
|t:|1759038919
|move|p2a: Glimmora|Energy Ball|p1a: Manaphy
|-supereffective|p1a: Manaphy
|-damage|p1a: Manaphy|0 fnt
|faint|p1a: Manaphy
|
|upkeep
|
|t:|1759038926
|switch|p1a: Iron Valiant|Iron Valiant|100/100
|turn|15
|
|t:|1759038930
|switch|p2a: Milotic|Milotic, F|100/100
|move|p1a: Iron Valiant|Shadow Ball|p2a: Milotic
|-damage|p2a: Milotic|78/100
|
|-heal|p2a: Milotic|85/100|[from] item: Leftovers
|upkeep
|turn|16
|
|t:|1759038939
|-end|p1a: Iron Valiant|Quark Drive|[silent]
|switch|p1a: Great Tusk|Great Tusk|100/100
|move|p2a: Milotic|Scald|p1a: Great Tusk
|-supereffective|p1a: Great Tusk
|-damage|p1a: Great Tusk|14/100
|-status|p1a: Great Tusk|brn
|
|-heal|p2a: Milotic|91/100|[from] item: Leftovers
|-damage|p1a: Great Tusk|8/100 brn|[from] brn
|upkeep
|turn|17
|
|t:|1759038951
|move|p1a: Great Tusk|Close Combat|p2a: Milotic
|-damage|p2a: Milotic|57/100
|-unboost|p1a: Great Tusk|def|1
|-unboost|p1a: Great Tusk|spd|1
|move|p2a: Milotic|Scald|p1a: Great Tusk
|-supereffective|p1a: Great Tusk
|-damage|p1a: Great Tusk|0 fnt
|faint|p1a: Great Tusk
|-end|p1a: Great Tusk|Protosynthesis|[silent]
|
|-heal|p2a: Milotic|63/100|[from] item: Leftovers
|upkeep
|
|t:|1759038956
|switch|p1a: Iron Valiant|Iron Valiant|100/100
|turn|18
|
|t:|1759038965
|-terastallize|p1a: Iron Valiant|Fairy
|move|p1a: Iron Valiant|Moonblast|p2a: Milotic
|-damage|p2a: Milotic|11/100
|move|p2a: Milotic|Scald|p1a: Iron Valiant
|-damage|p1a: Iron Valiant|51/100
|
|-heal|p2a: Milotic|17/100|[from] item: Leftovers
|upkeep
|turn|19
|inactive|abctp123 has 120 seconds left.
|
|t:|1759039010
|move|p1a: Iron Valiant|Moonblast|p2a: Milotic
|-damage|p2a: Milotic|0 fnt
|faint|p2a: Milotic
|
|upkeep
|
|t:|1759039015
|switch|p2a: Metagross|Metagross|100/100
|turn|20
|
|t:|1759039019
|move|p1a: Iron Valiant|Moonblast|p2a: Metagross
|-resisted|p2a: Metagross
|-damage|p2a: Metagross|61/100
|move|p2a: Metagross|Meteor Mash|p1a: Iron Valiant
|-supereffective|p1a: Iron Valiant
|-damage|p1a: Iron Valiant|0 fnt
|faint|p1a: Iron Valiant
|-end|p1a: Iron Valiant|Quark Drive|[silent]
|
|win|Aggrhy
|raw|abctp123's rating: 1298 &rarr; <strong>1279</strong><br />(-19 for losing)
|raw|Aggrhy's rating: 1390 &rarr; <strong>1405</strong><br />(+15 for winning)
|l|☆abctp123
|player|p1|
|l|☆Aggrhy
|player|p2|
