|j|☆lerendezvous
|j|☆XIBOWEN
|t:|1758995796
|gametype|singles
|player|p1|lerendezvous|101|1780
|player|p2|XIBOWEN|alder|1659
|gen|9
|tier|[Gen 9] OU
|rated|
|rule|HP Percentage Mod: HP is shown in percentages
|rule|Endless Battle Clause: Forcing endless battles is banned
|rule|Species Clause: Limit one of each Pokémon
|rule|OHKO Clause: OHKO moves are banned
|rule|Evasion Items Clause: Evasion items are banned
|rule|Evasion Moves Clause: Evasion moves are banned
|rule|Evasion Abilities Clause: Evasion abilities are banned
|rule|Sleep Moves Clause: Sleep-inducing moves are banned
|clearpoke
|poke|p1|Ogerpon-Wellspring, F|
|poke|p1|Slowking-Galar, M|
|poke|p1|Great Tusk|
|poke|p1|Moltres|
|poke|p1|Dragapult, M|
|poke|p1|Kingambit, M|
|poke|p2|Dragonite, M|
|poke|p2|Kingambit, M|
|poke|p2|Glimmora, F|
|poke|p2|Primarina, F|
|poke|p2|Great Tusk|
|poke|p2|Kyurem|
|teampreview
|j| shrek5baby
|inactive|Battle timer is ON: inactive players will automatically lose when time's up. (requested by lerendezvous)
|
|t:|1758995811
|teamsize|p1|6
|teamsize|p2|6
|start
|switch|p1a: Slowking|Slowking-Galar, M|100/100
|switch|p2a: Primarina|Primarina, F|100/100
|turn|1
|
|t:|1758995817
|switch|p2a: Kyurem|Kyurem, shiny|100/100
|-ability|p2a: Kyurem|Pressure
|move|p1a: Slowking|Flamethrower|p2a: Kyurem
|-damage|p2a: Kyurem|74/100
|-status|p2a: Kyurem|brn
|
|-damage|p2a: Kyurem|68/100 brn|[from] brn
|upkeep
|turn|2
|j| Rizzofreko
|
|t:|1758995830
|switch|p2a: Great Tusk|Great Tusk|100/100
|move|p1a: Slowking|Flamethrower|p2a: Great Tusk
|-damage|p2a: Great Tusk|62/100
|
|upkeep
|turn|3
|
|t:|1758995837
|switch|p1a: Great Tusk|Great Tusk|100/100
|move|p2a: Great Tusk|Knock Off|p1a: Great Tusk
|-resisted|p1a: Great Tusk
|-damage|p1a: Great Tusk|90/100
|-damage|p2a: Great Tusk|46/100|[from] item: Rocky Helmet|[of] p1a: Great Tusk
|-enditem|p1a: Great Tusk|Rocky Helmet|[from] move: Knock Off|[of] p2a: Great Tusk
|
|upkeep
|turn|4
|
|t:|1758995846
|move|p1a: Great Tusk|Rapid Spin|p2a: Great Tusk
|-damage|p2a: Great Tusk|34/100
|-boost|p1a: Great Tusk|spe|1
|-damage|p1a: Great Tusk|74/100|[from] item: Rocky Helmet|[of] p2a: Great Tusk
|move|p2a: Great Tusk|Ice Spinner|p1a: Great Tusk
|-supereffective|p1a: Great Tusk
|-damage|p1a: Great Tusk|42/100
|
|upkeep
|turn|5
|
|t:|1758995854
|-end|p2a: Great Tusk|Protosynthesis|[silent]
|switch|p2a: Glimmora|Glimmora, F, shiny|100/100
|move|p1a: Great Tusk|Headlong Rush|p2a: Glimmora
|-supereffective|p2a: Glimmora
|-damage|p2a: Glimmora|0 fnt
|-unboost|p1a: Great Tusk|def|1
|-unboost|p1a: Great Tusk|spd|1
|-activate|p2a: Glimmora|ability: Toxic Debris
|-sidestart|p1: lerendezvous|move: Toxic Spikes
|faint|p2a: Glimmora
|
|upkeep
|
|t:|1758995861
|switch|p2a: Kyurem|Kyurem, shiny|68/100 brn
|-ability|p2a: Kyurem|Pressure
|turn|6
|
|t:|1758995866
|move|p1a: Great Tusk|Headlong Rush|p2a: Kyurem
|-damage|p2a: Kyurem|11/100 brn
|-unboost|p1a: Great Tusk|def|1
|-unboost|p1a: Great Tusk|spd|1
|move|p2a: Kyurem|Freeze-Dry|p1a: Great Tusk
|-supereffective|p1a: Great Tusk
|-damage|p1a: Great Tusk|0 fnt
|faint|p1a: Great Tusk
|-end|p1a: Great Tusk|Protosynthesis|[silent]
|
|-damage|p2a: Kyurem|5/100 brn|[from] brn
|upkeep
|
|t:|1758995872
|switch|p1a: Slowking|Slowking-Galar, M|100/100
|-sideend|p1: lerendezvous|move: Toxic Spikes|[of] p1a: Slowking
|turn|7
|
|t:|1758995877
|move|p2a: Kyurem|Freeze-Dry|p1a: Slowking
|-damage|p1a: Slowking|80/100
|move|p1a: Slowking|Flamethrower|p2a: Kyurem
|-damage|p2a: Kyurem|0 fnt
|faint|p2a: Kyurem
|
|upkeep
|
|t:|1758995883
|switch|p2a: Great Tusk|Great Tusk|34/100
|turn|8
|
|t:|1758995888
|switch|p1a: Moltres|Moltres|100/100
|move|p2a: Great Tusk|Knock Off|p1a: Moltres
|-damage|p1a: Moltres|81/100
|-enditem|p1a: Moltres|Heavy-Duty Boots|[from] move: Knock Off|[of] p2a: Great Tusk
|
|upkeep
|turn|9
|
|t:|1758995899
|move|p2a: Great Tusk|Knock Off|p1a: Moltres
|-damage|p1a: Moltres|69/100
|move|p1a: Moltres|Flamethrower|p2a: Great Tusk
|-damage|p2a: Great Tusk|0 fnt
|faint|p2a: Great Tusk
|-end|p2a: Great Tusk|Protosynthesis|[silent]
|
|upkeep
|
|t:|1758995903
|switch|p2a: Primarina|Primarina, F|100/100
|turn|10
|
|t:|1758995908
|move|p1a: Moltres|U-turn|p2a: Primarina
|-resisted|p2a: Primarina
|-damage|p2a: Primarina|92/100
|
|t:|1758995915
|switch|p1a: Slowking|Slowking-Galar, M|100/100|[from] U-turn
|move|p2a: Primarina|Flip Turn|p1a: Slowking
|-damage|p1a: Slowking|85/100
|
|t:|1758995920
|switch|p2a: Kingambit|Kingambit, M|100/100|[from] Flip Turn
|-activate|p2a: Kingambit|ability: Supreme Overlord
|-start|p2a: Kingambit|fallen3|[silent]
|
|upkeep
|turn|11
|
|t:|1758995926
|switch|p1a: Kingambit|Kingambit, M|100/100
|-activate|p1a: Kingambit|ability: Supreme Overlord
|-start|p1a: Kingambit|fallen1|[silent]
|move|p2a: Kingambit|Kowtow Cleave|p1a: Kingambit
|-resisted|p1a: Kingambit
|-damage|p1a: Kingambit|76/100
|
|-heal|p1a: Kingambit|82/100|[from] item: Leftovers
|upkeep
|turn|12
|
|t:|1758995935
|move|p1a: Kingambit|Swords Dance|p1a: Kingambit
|-boost|p1a: Kingambit|atk|2
|move|p2a: Kingambit|Low Kick|p1a: Kingambit
|-supereffective|p1a: Kingambit
|-damage|p1a: Kingambit|0 fnt
|faint|p1a: Kingambit
|-end|p1a: Kingambit|fallen1|[silent]
|
|upkeep
|
|t:|1758995944
|switch|p1a: Moltres|Moltres|69/100
|turn|13
|
|t:|1758995951
|-end|p2a: Kingambit|fallen3|[silent]
|switch|p2a: Primarina|Primarina, F|92/100
|move|p1a: Moltres|Roar|p2a: Primarina
|drag|p2a: Kingambit|Kingambit, M|100/100
|-activate|p2a: Kingambit|ability: Supreme Overlord
|-start|p2a: Kingambit|fallen3|[silent]
|
|upkeep
|turn|14
|
|t:|1758995958
|-end|p2a: Kingambit|fallen3|[silent]
|switch|p2a: Primarina|Primarina, F|92/100
|move|p1a: Moltres|Roar|p2a: Primarina
|drag|p2a: Kingambit|Kingambit, M|100/100
|-activate|p2a: Kingambit|ability: Supreme Overlord
|-start|p2a: Kingambit|fallen3|[silent]
|
|upkeep
|turn|15
|
|t:|1758995963
|-end|p2a: Kingambit|fallen3|[silent]
|switch|p2a: Primarina|Primarina, F|92/100
|move|p1a: Moltres|Roar|p2a: Primarina
|drag|p2a: Kingambit|Kingambit, M|100/100
|-activate|p2a: Kingambit|ability: Supreme Overlord
|-start|p2a: Kingambit|fallen3|[silent]
|
|upkeep
|turn|16
|
|t:|1758995970
|-end|p2a: Kingambit|fallen3|[silent]
|switch|p2a: Primarina|Primarina, F|92/100
|move|p1a: Moltres|Roar|p2a: Primarina
|drag|p2a: Dragonite|Dragonite, M, shiny|100/100
|
|upkeep
|turn|17
|
|t:|1758995977
|switch|p2a: Primarina|Primarina, F|92/100
|move|p1a: Moltres|Roost|p1a: Moltres
|-heal|p1a: Moltres|100/100
|-singleturn|p1a: Moltres|move: Roost
|
|upkeep
|turn|18
|l| shrek5baby
|c| Rizzofreko|Lol
|
|t:|1758995985
|move|p1a: Moltres|U-turn|p2a: Primarina
|-resisted|p2a: Primarina
|-damage|p2a: Primarina|83/100
|
|t:|1758995993
|switch|p1a: Slowking|Slowking-Galar, M|100/100|[from] U-turn
|move|p2a: Primarina|Moonblast|p1a: Slowking
|-resisted|p1a: Slowking
|-damage|p1a: Slowking|89/100
|
|upkeep
|turn|19
|
|t:|1758996000
|move|p2a: Primarina|Flip Turn|p1a: Slowking
|-damage|p1a: Slowking|75/100
|
|t:|1758996003
|switch|p2a: Kingambit|Kingambit, M|100/100|[from] Flip Turn
|-activate|p2a: Kingambit|ability: Supreme Overlord
|-start|p2a: Kingambit|fallen3|[silent]
|move|p1a: Slowking|Flamethrower|p2a: Kingambit
|-supereffective|p2a: Kingambit
|-damage|p2a: Kingambit|40/100
|
|-heal|p2a: Kingambit|46/100|[from] item: Leftovers
|upkeep
|turn|20
|
|t:|1758996012
|switch|p1a: Moltres|Moltres|100/100
|move|p2a: Kingambit|Kowtow Cleave|p1a: Moltres
|-damage|p1a: Moltres|52/100
|-status|p2a: Kingambit|brn|[from] ability: Flame Body|[of] p1a: Moltres
|
|-heal|p2a: Kingambit|52/100 brn|[from] item: Leftovers
|-damage|p2a: Kingambit|46/100 brn|[from] brn
|upkeep
|turn|21
|
|t:|1758996019
|move|p1a: Moltres|Roost|p1a: Moltres
|-heal|p1a: Moltres|100/100
|-singleturn|p1a: Moltres|move: Roost
|move|p2a: Kingambit|Kowtow Cleave|p1a: Moltres
|-damage|p1a: Moltres|78/100
|
|-heal|p2a: Kingambit|52/100 brn|[from] item: Leftovers
|-damage|p2a: Kingambit|46/100 brn|[from] brn
|upkeep
|turn|22
|
|t:|1758996026
|move|p1a: Moltres|Flamethrower|p2a: Kingambit
|-supereffective|p2a: Kingambit
|-damage|p2a: Kingambit|0 fnt
|faint|p2a: Kingambit
|-end|p2a: Kingambit|fallen3|[silent]
|
|upkeep
|
|t:|1758996029
|switch|p2a: Primarina|Primarina, F|83/100
|turn|23
|
|t:|1758996033
|move|p1a: Moltres|U-turn|p2a: Primarina
|-resisted|p2a: Primarina
|-damage|p2a: Primarina|74/100
|
|t:|1758996040
|switch|p1a: Slowking|Slowking-Galar, M|100/100|[from] U-turn
|move|p2a: Primarina|Moonblast|p1a: Slowking
|-resisted|p1a: Slowking
|-damage|p1a: Slowking|89/100
|
|upkeep
|turn|24
|
|t:|1758996047
|move|p2a: Primarina|Surf|p1a: Slowking
|-crit|p1a: Slowking
|-damage|p1a: Slowking|58/100
|move|p1a: Slowking|Psyshock|p2a: Primarina
|-damage|p2a: Primarina|30/100
|
|upkeep
|turn|25
|
|t:|1758996054
|move|p2a: Primarina|Moonblast|p1a: Slowking
|-resisted|p1a: Slowking
|-damage|p1a: Slowking|47/100
|move|p1a: Slowking|Sludge Bomb|p2a: Primarina
|-supereffective|p2a: Primarina
|-damage|p2a: Primarina|0 fnt
|faint|p2a: Primarina
|
|upkeep
|
|t:|1758996059
|switch|p2a: Dragonite|Dragonite, M, shiny|100/100
|turn|26
|
|t:|1758996064
|-terastallize|p2a: Dragonite|Ground
|-terastallize|p1a: Slowking|Water
|move|p2a: Dragonite|Dragon Dance|p2a: Dragonite
|-boost|p2a: Dragonite|atk|1
|-boost|p2a: Dragonite|spe|1
|move|p1a: Slowking|Sludge Bomb|p2a: Dragonite
|-resisted|p2a: Dragonite
|-damage|p2a: Dragonite|90/100
|
|upkeep
|turn|27
|
|t:|1758996073
|move|p2a: Dragonite|Dragon Dance|p2a: Dragonite
|-boost|p2a: Dragonite|atk|1
|-boost|p2a: Dragonite|spe|1
|move|p1a: Slowking|Ice Beam|p2a: Dragonite
|-supereffective|p2a: Dragonite
|-damage|p2a: Dragonite|27/100
|
|upkeep
|turn|28
|j| shrek5baby
|
|t:|1758996090
|move|p2a: Dragonite|Earthquake|p1a: Slowking
|-damage|p1a: Slowking|0 fnt
|faint|p1a: Slowking
|
|upkeep
|
|t:|1758996095
|switch|p1a: Ogerpon|Ogerpon-Wellspring, F|100/100
|turn|29
|
|t:|1758996100
|move|p2a: Dragonite|Ice Spinner|p1a: Ogerpon
|-damage|p1a: Ogerpon|27/100
|move|p1a: Ogerpon|U-turn|p2a: Dragonite
|-damage|p2a: Dragonite|0 fnt
|faint|p2a: Dragonite
|
|win|lerendezvous
|raw|lerendezvous's rating: 1780 &rarr; <strong>1793</strong><br />(+13 for winning)
|raw|XIBOWEN's rating: 1659 &rarr; <strong>1646</strong><br />(-13 for losing)
