|j|☆romeo30001
|j|☆Kanto's Finest
|t:|1758941663
|gametype|singles
|player|p1|romeo30001|266|1110
|player|p2|Kanto's Finest|archer|1146
|gen|9
|tier|[Gen 9] OU
|rated|
|rule|HP Percentage Mod: HP is shown in percentages
|rule|Endless Battle Clause: Forcing endless battles is banned
|rule|Species Clause: Limit one of each Pokémon
|rule|OHKO Clause: OHKO moves are banned
|rule|Evasion Items Clause: Evasion items are banned
|rule|Evasion Moves Clause: Evasion moves are banned
|rule|Evasion Abilities Clause: Evasion abilities are banned
|rule|Sleep Moves Clause: Sleep-inducing moves are banned
|clearpoke
|poke|p1|Zarude|
|poke|p1|Ninetales-Alola, M|
|poke|p1|Alomomola, F|
|poke|p1|Toxapex, F|
|poke|p1|Thundurus-Therian, M|
|poke|p1|Hydrapple, F|
|poke|p2|Vileplume, M|
|poke|p2|Primeape, F|
|poke|p2|Electrode|
|poke|p2|Dragonite, F|
|poke|p2|Scream Tail|
|poke|p2|Blastoise, F|
|teampreview
|inactive|Battle timer is ON: inactive players will automatically lose when time's up. (requested by romeo30001)
|
|t:|1758941671
|teamsize|p1|6
|teamsize|p2|6
|start
|switch|p1a: Toxapex|Toxapex, F|100/100
|switch|p2a: Scream Tail|Scream Tail|100/100
|turn|1
|
|t:|1758941688
|move|p2a: Scream Tail|Stealth Rock|p1a: Toxapex
|-sidestart|p1: romeo30001|move: Stealth Rock
|move|p1a: Toxapex|Toxic|p2a: Scream Tail
|-status|p2a: Scream Tail|tox
|
|-damage|p2a: Scream Tail|94/100 tox|[from] psn
|upkeep
|turn|2
|
|t:|1758941709
|move|p2a: Scream Tail|Perish Song|p2a: Scream Tail
|-start|p1a: Toxapex|perish3|[silent]
|-start|p2a: Scream Tail|perish3|[silent]
|-fieldactivate|move: Perish Song
|move|p1a: Toxapex|Surf|p2a: Scream Tail
|-damage|p2a: Scream Tail|82/100 tox
|
|-heal|p2a: Scream Tail|88/100 tox|[from] item: Leftovers
|-damage|p2a: Scream Tail|76/100 tox|[from] psn
|-start|p2a: Scream Tail|perish3
|-start|p1a: Toxapex|perish3
|upkeep
|turn|3
|
|t:|1758941717
|switch|p1a: Alomomola|Alomomola, F|100/100
|-damage|p1a: Alomomola|88/100|[from] Stealth Rock
|move|p2a: Scream Tail|Wish|p2a: Scream Tail
|
|-heal|p2a: Scream Tail|82/100 tox|[from] item: Leftovers
|-damage|p2a: Scream Tail|63/100 tox|[from] psn
|-start|p2a: Scream Tail|perish2
|upkeep
|turn|4
|
|t:|1758941726
|-end|p2a: Scream Tail|Protosynthesis|[silent]
|switch|p2a: Electrode|Electrode, shiny|100/100
|move|p1a: Alomomola|Wish|p1a: Alomomola
|
|upkeep
|turn|5
|
|t:|1758941737
|switch|p1a: Hydrapple|Hydrapple, F|100/100
|move|p2a: Electrode|Charge Beam|p1a: Hydrapple
|-resisted|p1a: Hydrapple
|-damage|p1a: Hydrapple|96/100
|-boost|p2a: Electrode|spa|1
|
|-heal|p1a: Hydrapple|100/100|[from] move: Wish|[wisher] Alomomola
|upkeep
|turn|6
|
|t:|1758941750
|-terastallize|p2a: Electrode|Ice
|move|p2a: Electrode|Tera Blast|p1a: Hydrapple|[anim] Tera Blast Ice
|-supereffective|p1a: Hydrapple
|-damage|p1a: Hydrapple|0 fnt
|faint|p1a: Hydrapple
|
|upkeep
|inactive|romeo30001 has 120 seconds left.
|
|t:|1758941782
|switch|p1a: Toxapex|Toxapex, F|100/100
|turn|7
|
|t:|1758941786
|move|p2a: Electrode|Thunderbolt|p1a: Toxapex
|-supereffective|p1a: Toxapex
|-damage|p1a: Toxapex|25/100
|-status|p1a: Toxapex|par
|move|p1a: Toxapex|Toxic|p2a: Electrode
|-status|p2a: Electrode|tox
|
|-damage|p2a: Electrode|94/100 tox|[from] psn
|upkeep
|turn|8
|
|t:|1758941793
|switch|p1a: Thundurus|Thundurus-Therian, M|100/100
|-damage|p1a: Thundurus|76/100|[from] Stealth Rock
|move|p2a: Electrode|Charge Beam|p1a: Thundurus
|-heal|p1a: Thundurus|100/100|[from] ability: Volt Absorb|[of] p2a: Electrode
|
|-damage|p2a: Electrode|82/100 tox|[from] psn
|upkeep
|turn|9
|
|t:|1758941809
|switch|p1a: Toxapex|Toxapex, F|58/100 par
|move|p2a: Electrode|Tera Blast|p1a: Toxapex|[anim] Tera Blast Ice
|-resisted|p1a: Toxapex
|-damage|p1a: Toxapex|39/100 par
|
|-damage|p2a: Electrode|64/100 tox|[from] psn
|upkeep
|turn|10
|
|t:|1758941821
|switch|p2a: Scream Tail|Scream Tail|63/100 tox
|switch|p1a: Zarude|Zarude|100/100
|-damage|p1a: Zarude|88/100|[from] Stealth Rock
|
|-heal|p2a: Scream Tail|69/100 tox|[from] item: Leftovers
|-damage|p2a: Scream Tail|63/100 tox|[from] psn
|upkeep
|turn|11
|
|t:|1758941834
|move|p1a: Zarude|Knock Off|p2a: Scream Tail
|-damage|p2a: Scream Tail|19/100 tox
|-enditem|p2a: Scream Tail|Leftovers|[from] move: Knock Off|[of] p1a: Zarude
|move|p2a: Scream Tail|Light Screen|p2a: Scream Tail
|-sidestart|p2: Kanto's Finest|move: Light Screen
|
|-damage|p2a: Scream Tail|7/100 tox|[from] psn
|upkeep
|turn|12
|
|t:|1758941839
|move|p1a: Zarude|Knock Off|p2a: Scream Tail
|-damage|p2a: Scream Tail|0 fnt
|faint|p2a: Scream Tail
|-end|p2a: Scream Tail|Protosynthesis|[silent]
|
|upkeep
|
|t:|1758941844
|switch|p2a: Primeape|Primeape, F|100/100
|turn|13
|
|t:|1758941848
|switch|p1a: Toxapex|Toxapex, F|72/100 par
|move|p2a: Primeape|Bulk Up|p2a: Primeape
|-boost|p2a: Primeape|atk|1
|-boost|p2a: Primeape|def|1
|
|upkeep
|turn|14
|
|t:|1758941851
|move|p2a: Primeape|Taunt|p1a: Toxapex
|-start|p1a: Toxapex|move: Taunt
|cant|p1a: Toxapex|move: Taunt|Toxic
|
|upkeep
|turn|15
|
|t:|1758941868
|switch|p1a: Thundurus|Thundurus-Therian, M|100/100
|-damage|p1a: Thundurus|76/100|[from] Stealth Rock
|move|p2a: Primeape|Bulk Up|p2a: Primeape
|-boost|p2a: Primeape|atk|1
|-boost|p2a: Primeape|def|1
|
|-sideend|p2: Kanto's Finest|move: Light Screen
|upkeep
|turn|16
|
|t:|1758941879
|move|p1a: Thundurus|Nasty Plot|p1a: Thundurus
|-boost|p1a: Thundurus|spa|2
|move|p2a: Primeape|Rage Fist|p1a: Thundurus
|-damage|p1a: Thundurus|38/100
|
|upkeep
|turn|17
|
|t:|1758941888
|move|p1a: Thundurus|Thunderbolt|p2a: Primeape
|-damage|p2a: Primeape|16/100
|-damage|p1a: Thundurus|28/100|[from] item: Life Orb
|move|p2a: Primeape|Rage Fist|p1a: Thundurus
|-damage|p1a: Thundurus|0 fnt
|faint|p1a: Thundurus
|
|upkeep
|c|☆Kanto's Finest|Woah woah woah
|c|☆Kanto's Finest|you don’t know you’re beautiful
|
|t:|1758941904
|switch|p1a: Zarude|Zarude|88/100
|-damage|p1a: Zarude|76/100|[from] Stealth Rock
|turn|18
|
|t:|1758941920
|switch|p2a: Vileplume|Vileplume, M|100/100
|move|p1a: Zarude|Close Combat|p2a: Vileplume
|-resisted|p2a: Vileplume
|-damage|p2a: Vileplume|84/100
|-unboost|p1a: Zarude|def|1
|-unboost|p1a: Zarude|spd|1
|-damage|p1a: Zarude|59/100|[from] item: Rocky Helmet|[of] p2a: Vileplume
|
|upkeep
|turn|19
|c|☆romeo30001|tf
|
|t:|1758941933
|switch|p1a: Toxapex|Toxapex, F|100/100 par
|move|p2a: Vileplume|Sludge Wave|p1a: Toxapex
|-resisted|p1a: Toxapex
|-damage|p1a: Toxapex|87/100 par
|
|upkeep
|turn|20
|
|t:|1758941958
|switch|p1a: Alomomola|Alomomola, F|100/100
|-damage|p1a: Alomomola|88/100|[from] Stealth Rock
|move|p2a: Vileplume|Leech Seed|p1a: Alomomola
|-start|p1a: Alomomola|move: Leech Seed
|
|-damage|p1a: Alomomola|76/100|[from] Leech Seed|[of] p2a: Vileplume
|-heal|p2a: Vileplume|100/100|[silent]
|upkeep
|turn|21
|inactive|romeo30001 has 120 seconds left.
|
|t:|1758941990
|move|p2a: Vileplume|Giga Drain|p1a: Alomomola
|-supereffective|p1a: Alomomola
|-damage|p1a: Alomomola|14/100
|move|p1a: Alomomola|Flip Turn|p2a: Vileplume
|-resisted|p2a: Vileplume
|-damage|p2a: Vileplume|95/100
|-damage|p1a: Alomomola|0 fnt|[from] item: Rocky Helmet|[of] p2a: Vileplume
|faint|p1a: Alomomola
|
|upkeep
|inactive|romeo30001 has 90 seconds left.
|
|t:|1758942015
|switch|p1a: Ninetales|Ninetales-Alola, M|100/100
|-damage|p1a: Ninetales|76/100|[from] Stealth Rock
|-weather|Snowscape|[from] ability: Snow Warning|[of] p1a: Ninetales
|turn|22
|
|t:|1758942019
|move|p1a: Ninetales|Blizzard|p2a: Vileplume
|-supereffective|p2a: Vileplume
|-damage|p2a: Vileplume|0 fnt
|faint|p2a: Vileplume
|
|-weather|Snowscape|[upkeep]
|upkeep
|c|☆romeo30001|specs baby
|
|t:|1758942030
|switch|p2a: Electrode|Electrode, shiny, tera:Ice|64/100 tox
|turn|23
|
|t:|1758942042
|switch|p1a: Zarude|Zarude|59/100
|-damage|p1a: Zarude|47/100|[from] Stealth Rock
|move|p2a: Electrode|Charge Beam|p1a: Zarude
|-resisted|p1a: Zarude
|-damage|p1a: Zarude|37/100
|-boost|p2a: Electrode|spa|1
|
|-weather|Snowscape|[upkeep]
|-damage|p2a: Electrode|58/100 tox|[from] psn
|upkeep
|turn|24
|
|t:|1758942056
|move|p1a: Zarude|Close Combat|p2a: Electrode
|-supereffective|p2a: Electrode
|-damage|p2a: Electrode|0 fnt
|-unboost|p1a: Zarude|def|1
|-unboost|p1a: Zarude|spd|1
|-damage|p1a: Zarude|12/100|[from] ability: Aftermath|[of] p2a: Electrode
|faint|p2a: Electrode
|
|-weather|Snowscape|[upkeep]
|upkeep
|
|t:|1758942066
|switch|p2a: Dragonite|Dragonite, F|100/100
|turn|25
|
|t:|1758942077
|move|p1a: Zarude|Close Combat|p2a: Dragonite
|-resisted|p2a: Dragonite
|-damage|p2a: Dragonite|89/100
|-unboost|p1a: Zarude|def|1
|-unboost|p1a: Zarude|spd|1
|move|p2a: Dragonite|Dragon Dance|p2a: Dragonite
|-boost|p2a: Dragonite|atk|1
|-boost|p2a: Dragonite|spe|1
|
|-weather|Snowscape|[upkeep]
|upkeep
|turn|26
|
|t:|1758942084
|switch|p1a: Ninetales|Ninetales-Alola, M|76/100
|-damage|p1a: Ninetales|51/100|[from] Stealth Rock
|move|p2a: Dragonite|Dragon Dance|p2a: Dragonite
|-boost|p2a: Dragonite|atk|1
|-boost|p2a: Dragonite|spe|1
|
|-weather|none
|upkeep
|turn|27
|inactive|romeo30001 has 120 seconds left.
|
|t:|1758942094
|move|p2a: Dragonite|Fire Punch|p1a: Ninetales
|-supereffective|p1a: Ninetales
|-damage|p1a: Ninetales|0 fnt
|faint|p1a: Ninetales
|
|upkeep
|inactive|romeo30001 has 120 seconds left.
|
|t:|1758942099
|switch|p1a: Toxapex|Toxapex, F|100/100 par
|turn|28
|c|☆Kanto's Finest|Baby girl
|
|t:|1758942108
|move|p2a: Dragonite|Scale Shot|p1a: Toxapex
|-damage|p1a: Toxapex|81/100 par
|-damage|p1a: Toxapex|62/100 par
|-damage|p1a: Toxapex|43/100 par
|-damage|p1a: Toxapex|24/100 par
|-hitcount|p1a: Toxapex|4
|-unboost|p2a: Dragonite|def|1
|-boost|p2a: Dragonite|spe|1
|move|p1a: Toxapex|Toxic|p2a: Dragonite
|-status|p2a: Dragonite|tox
|
|-damage|p2a: Dragonite|83/100 tox|[from] psn
|upkeep
|turn|29
|
|t:|1758942121
|switch|p1a: Zarude|Zarude|12/100
|-damage|p1a: Zarude|0 fnt|[from] Stealth Rock
|faint|p1a: Zarude
|move|p2a: Dragonite|Scale Shot|p1: Zarude|[notarget]
|-fail|p2a: Dragonite
|
|-damage|p2a: Dragonite|70/100 tox|[from] psn
|upkeep
|c|☆romeo30001|kmt
|
|t:|1758942128
|switch|p1a: Toxapex|Toxapex, F|57/100 par
|turn|30
|
|t:|1758942136
|-terastallize|p1a: Toxapex|Fairy
|move|p2a: Dragonite|Scale Shot|p1a: Toxapex
|-immune|p1a: Toxapex
|move|p1a: Toxapex|Haze|p1a: Toxapex
|-clearallboost
|
|-damage|p2a: Dragonite|52/100 tox|[from] psn
|upkeep
|turn|31
|
|t:|1758942147
|move|p2a: Dragonite|Encore|p1a: Toxapex
|-start|p1a: Toxapex|Encore
|move|p1a: Toxapex|Haze|p1a: Toxapex
|-clearallboost
|
|-damage|p2a: Dragonite|27/100 tox|[from] psn
|upkeep
|turn|32
|
|t:|1758942152
|switch|p2a: Primeape|Primeape, F|16/100
|move|p1a: Toxapex|Haze|p1a: Toxapex
|-clearallboost
|
|upkeep
|turn|33
|
|t:|1758942156
|move|p2a: Primeape|Rage Fist|p1a: Toxapex
|-damage|p1a: Toxapex|43/100 par
|move|p1a: Toxapex|Haze|p1a: Toxapex
|-clearallboost
|
|-end|p1a: Toxapex|Encore
|upkeep
|turn|34
|
|t:|1758942164
|move|p2a: Primeape|Rage Fist|p1a: Toxapex
|-damage|p1a: Toxapex|28/100 par
|move|p1a: Toxapex|Surf|p2a: Primeape
|-damage|p2a: Primeape|3/100
|
|upkeep
|turn|35
|
|t:|1758942170
|move|p2a: Primeape|Rage Fist|p1a: Toxapex
|-damage|p1a: Toxapex|5/100 par
|move|p1a: Toxapex|Surf|p2a: Primeape
|-damage|p2a: Primeape|0 fnt
|faint|p2a: Primeape
|
|upkeep
|
|t:|1758942172
|switch|p2a: Blastoise|Blastoise, F|100/100
|turn|36
|
|t:|1758942176
|move|p2a: Blastoise|Surf|p1a: Toxapex
|-crit|p1a: Toxapex
|-damage|p1a: Toxapex|0 fnt
|faint|p1a: Toxapex
|
|win|Kanto's Finest
|raw|romeo30001's rating: 1110 &rarr; <strong>1088</strong><br />(-22 for losing)
|raw|Kanto&apos;s Finest's rating: 1146 &rarr; <strong>1168</strong><br />(+22 for winning)
|l|☆romeo30001
|player|p1|
|l|☆Kanto's Finest
|player|p2|
