|j|☆ihatemyself223
|j|☆JorgoBarbas
|t:|1758918049
|gametype|singles
|player|p1|ihatemyself223|serena-masters3|1490
|player|p2|JorgoBarbas|1|1486
|gen|9
|tier|[Gen 9] OU
|rated|
|rule|HP Percentage Mod: HP is shown in percentages
|rule|Endless Battle Clause: Forcing endless battles is banned
|rule|Species Clause: Limit one of each Pokémon
|rule|OHKO Clause: OHKO moves are banned
|rule|Evasion Items Clause: Evasion items are banned
|rule|Evasion Moves Clause: Evasion moves are banned
|rule|Evasion Abilities Clause: Evasion abilities are banned
|rule|Sleep Moves Clause: Sleep-inducing moves are banned
|clearpoke
|poke|p1|Keldeo-Resolute|
|poke|p1|Dragapult, M|
|poke|p1|Slowking-Galar, F|
|poke|p1|Kingambit, M|
|poke|p1|Zapdos|
|poke|p1|Great Tusk|
|poke|p2|Dragapult, M|
|poke|p2|Slowbro, M|
|poke|p2|Cinderace, F|
|poke|p2|Scizor, M|
|poke|p2|Rillaboom, M|
|poke|p2|Samurott-Hisui, F|
|teampreview
|inactive|Battle timer is ON: inactive players will automatically lose when time's up. (requested by JorgoBarbas)
|
|t:|1758918072
|teamsize|p1|6
|teamsize|p2|6
|start
|switch|p1a: Raijin Kaiōken|Zapdos|100/100
|switch|p2a: Rillaboom|Rillaboom, M|100/100
|-fieldstart|move: Grassy Terrain|[from] ability: Grassy Surge|[of] p2a: Rillaboom
|turn|1
|
|t:|1758918084
|move|p2a: Rillaboom|Fake Out|p1a: Raijin Kaiōken
|-damage|p1a: Raijin Kaiōken|90/100
|-status|p2a: Rillaboom|par|[from] ability: Static|[of] p1a: Raijin Kaiōken
|cant|p1a: Raijin Kaiōken|flinch
|
|upkeep
|turn|2
|
|t:|1758918091
|move|p1a: Raijin Kaiōken|Hurricane|p2a: Rillaboom
|-supereffective|p2a: Rillaboom
|-damage|p2a: Rillaboom|0 fnt
|faint|p2a: Rillaboom
|
|upkeep
|
|t:|1758918094
|switch|p2a: Cinderace|Cinderace, F|100/100
|turn|3
|
|t:|1758918097
|move|p2a: Cinderace|Pyro Ball|p1a: Raijin Kaiōken
|-damage|p1a: Raijin Kaiōken|46/100
|move|p1a: Raijin Kaiōken|Discharge|p2a: Cinderace
|-damage|p2a: Cinderace|51/100
|-status|p2a: Cinderace|par
|
|-heal|p2a: Cinderace|57/100 par|[from] Grassy Terrain
|upkeep
|turn|4
|
|t:|1758918102
|move|p1a: Raijin Kaiōken|Roost|p1a: Raijin Kaiōken
|-heal|p1a: Raijin Kaiōken|96/100
|-singleturn|p1a: Raijin Kaiōken|move: Roost
|move|p2a: Cinderace|U-turn|p1a: Raijin Kaiōken
|-start|p2a: Cinderace|typechange|Bug|[from] ability: Libero
|-damage|p1a: Raijin Kaiōken|72/100
|
|t:|1758918115
|switch|p2a: Dragapult|Dragapult, M|100/100|[from] U-turn
|
|-heal|p1a: Raijin Kaiōken|78/100|[from] Grassy Terrain
|upkeep
|turn|5
|
|t:|1758918121
|switch|p1a: Crutch Gambit|Kingambit, M|100/100
|move|p2a: Dragapult|Shadow Ball|p1a: Crutch Gambit
|-resisted|p1a: Crutch Gambit
|-damage|p1a: Crutch Gambit|75/100
|-unboost|p1a: Crutch Gambit|spd|1
|
|-heal|p1a: Crutch Gambit|81/100|[from] Grassy Terrain
|-heal|p1a: Crutch Gambit|87/100|[from] item: Leftovers
|-fieldend|move: Grassy Terrain
|upkeep
|turn|6
|
|t:|1758918125
|switch|p2a: Cinderace|Cinderace, F|57/100 par
|move|p1a: Crutch Gambit|Kowtow Cleave|p2a: Cinderace
|-damage|p2a: Cinderace|0 fnt
|faint|p2a: Cinderace
|
|-heal|p1a: Crutch Gambit|93/100|[from] item: Leftovers
|upkeep
|
|t:|1758918132
|switch|p2a: Scizor|Scizor, M|100/100
|turn|7
|
|t:|1758918134
|-end|p1a: Crutch Gambit|fallenundefined|[silent]
|switch|p1a: Raijin Kaiōken|Zapdos|78/100
|move|p2a: Scizor|Close Combat|p1a: Raijin Kaiōken
|-resisted|p1a: Raijin Kaiōken
|-damage|p1a: Raijin Kaiōken|52/100
|-unboost|p2a: Scizor|def|1
|-unboost|p2a: Scizor|spd|1
|
|upkeep
|turn|8
|
|t:|1758918138
|switch|p2a: Dragapult|Dragapult, M|100/100
|move|p1a: Raijin Kaiōken|Roost|p1a: Raijin Kaiōken
|-heal|p1a: Raijin Kaiōken|100/100
|-singleturn|p1a: Raijin Kaiōken|move: Roost
|
|upkeep
|turn|9
|
|t:|1758918144
|move|p2a: Dragapult|Draco Meteor|p1a: Raijin Kaiōken
|-damage|p1a: Raijin Kaiōken|22/100
|-unboost|p2a: Dragapult|spa|2
|move|p1a: Raijin Kaiōken|Discharge|p2a: Dragapult
|-resisted|p2a: Dragapult
|-damage|p2a: Dragapult|79/100
|
|upkeep
|turn|10
|
|t:|1758918153
|switch|p1a: Kami’s Vision|Slowking-Galar, F|100/100
|move|p2a: Dragapult|Draco Meteor|p1a: Kami’s Vision
|-damage|p1a: Kami’s Vision|75/100
|-unboost|p2a: Dragapult|spa|2
|
|-heal|p1a: Kami’s Vision|81/100|[from] item: Black Sludge
|upkeep
|turn|11
|
|t:|1758918158
|switch|p2a: Samurott|Samurott-Hisui, F|100/100
|-prepare|p1a: Kami’s Vision|Chilly Reception|[premajor]
|move|p1a: Kami’s Vision|Chilly Reception|p1a: Kami’s Vision
|-weather|Snowscape
|
|t:|1758918164
|switch|p1a: Trunks’ Resolve|Keldeo-Resolute|100/100|[from] Chilly Reception
|
|-weather|Snowscape|[upkeep]
|upkeep
|turn|12
|
|t:|1758918172
|move|p2a: Samurott|Flip Turn|p1a: Trunks’ Resolve
|-resisted|p1a: Trunks’ Resolve
|-damage|p1a: Trunks’ Resolve|85/100
|
|t:|1758918177
|switch|p2a: Slowbro|Slowbro, M|100/100|[from] Flip Turn
|move|p1a: Trunks’ Resolve|Calm Mind|p1a: Trunks’ Resolve
|-boost|p1a: Trunks’ Resolve|spa|1
|-boost|p1a: Trunks’ Resolve|spd|1
|
|-weather|Snowscape|[upkeep]
|-heal|p1a: Trunks’ Resolve|91/100|[from] item: Leftovers
|upkeep
|turn|13
|
|t:|1758918185
|-terastallize|p1a: Trunks’ Resolve|Steel
|move|p1a: Trunks’ Resolve|Calm Mind|p1a: Trunks’ Resolve
|-boost|p1a: Trunks’ Resolve|spa|1
|-boost|p1a: Trunks’ Resolve|spd|1
|move|p2a: Slowbro|Psyshock|p1a: Trunks’ Resolve
|-resisted|p1a: Trunks’ Resolve
|-damage|p1a: Trunks’ Resolve|78/100
|
|-weather|Snowscape|[upkeep]
|-heal|p1a: Trunks’ Resolve|84/100|[from] item: Leftovers
|upkeep
|turn|14
|
|t:|1758918189
|move|p1a: Trunks’ Resolve|Substitute|p1a: Trunks’ Resolve
|-start|p1a: Trunks’ Resolve|Substitute
|-damage|p1a: Trunks’ Resolve|59/100
|move|p2a: Slowbro|Body Press|p1a: Trunks’ Resolve
|-supereffective|p1a: Trunks’ Resolve
|-end|p1a: Trunks’ Resolve|Substitute
|
|-weather|Snowscape|[upkeep]
|-heal|p1a: Trunks’ Resolve|65/100|[from] item: Leftovers
|upkeep
|turn|15
|
|t:|1758918194
|move|p1a: Trunks’ Resolve|Surf|p2a: Slowbro
|-resisted|p2a: Slowbro
|-damage|p2a: Slowbro|68/100
|move|p2a: Slowbro|Body Press|p1a: Trunks’ Resolve
|-supereffective|p1a: Trunks’ Resolve
|-crit|p1a: Trunks’ Resolve
|-damage|p1a: Trunks’ Resolve|0 fnt
|faint|p1a: Trunks’ Resolve
|
|-weather|none
|upkeep
|
|t:|1758918199
|switch|p1a: Kami’s Vision|Slowking-Galar, F|100/100
|turn|16
|
|t:|1758918206
|move|p2a: Slowbro|Psyshock|p1a: Kami’s Vision
|-damage|p1a: Kami’s Vision|72/100
|-prepare|p1a: Kami’s Vision|Chilly Reception|[premajor]
|move|p1a: Kami’s Vision|Chilly Reception|p1a: Kami’s Vision
|-weather|Snowscape
|
|t:|1758918209
|switch|p1a: Crutch Gambit|Kingambit, M|93/100|[from] Chilly Reception
|-activate|p1a: Crutch Gambit|ability: Supreme Overlord
|-start|p1a: Crutch Gambit|fallen1|[silent]
|
|-weather|Snowscape|[upkeep]
|-heal|p1a: Crutch Gambit|99/100|[from] item: Leftovers
|upkeep
|turn|17
|
|t:|1758918214
|-end|p1a: Crutch Gambit|fallen1|[silent]
|switch|p1a: Kami’s Vision|Slowking-Galar, F|100/100
|-terastallize|p2a: Slowbro|Fighting
|move|p2a: Slowbro|Body Press|p1a: Kami’s Vision
|-resisted|p1a: Kami’s Vision
|-damage|p1a: Kami’s Vision|90/100
|
|-weather|Snowscape|[upkeep]
|-heal|p1a: Kami’s Vision|96/100|[from] item: Black Sludge
|upkeep
|turn|18
|
|t:|1758918222
|switch|p2a: Samurott|Samurott-Hisui, F|100/100
|move|p1a: Kami’s Vision|Sludge Bomb|p2a: Samurott
|-damage|p2a: Samurott|53/100
|-status|p2a: Samurott|psn
|
|-weather|Snowscape|[upkeep]
|-heal|p1a: Kami’s Vision|100/100|[from] item: Black Sludge
|-damage|p2a: Samurott|40/100 psn|[from] psn
|upkeep
|turn|19
|
|t:|1758918226
|switch|p1a: Wrath of Broly|Great Tusk|100/100
|-enditem|p1a: Wrath of Broly|Booster Energy
|-activate|p1a: Wrath of Broly|ability: Protosynthesis|[fromitem]
|-start|p1a: Wrath of Broly|protosynthesisatk
|move|p2a: Samurott|Ceaseless Edge|p1a: Wrath of Broly
|-resisted|p1a: Wrath of Broly
|-damage|p1a: Wrath of Broly|82/100
|-sidestart|p1: ihatemyself223|Spikes
|
|-weather|Snowscape|[upkeep]
|-damage|p2a: Samurott|28/100 psn|[from] psn
|upkeep
|turn|20
|
|t:|1758918231
|switch|p2a: Dragapult|Dragapult, M|79/100
|move|p1a: Wrath of Broly|Stealth Rock|p2a: Dragapult
|-sidestart|p2: JorgoBarbas|move: Stealth Rock
|
|-weather|none
|upkeep
|turn|21
|
|t:|1758918237
|-end|p1a: Wrath of Broly|Protosynthesis|[silent]
|switch|p1a: Crutch Gambit|Kingambit, M|99/100
|-damage|p1a: Crutch Gambit|87/100|[from] Spikes
|-activate|p1a: Crutch Gambit|ability: Supreme Overlord
|-start|p1a: Crutch Gambit|fallen1|[silent]
|move|p2a: Dragapult|Shadow Ball|p1a: Crutch Gambit
|-resisted|p1a: Crutch Gambit
|-damage|p1a: Crutch Gambit|60/100
|
|-heal|p1a: Crutch Gambit|66/100|[from] item: Leftovers
|upkeep
|turn|22
|
|t:|1758918246
|switch|p2a: Samurott|Samurott-Hisui, F|28/100 psn
|-damage|p2a: Samurott|15/100 psn|[from] Stealth Rock
|move|p1a: Crutch Gambit|Iron Head|p2a: Samurott
|-resisted|p2a: Samurott
|-damage|p2a: Samurott|0 fnt
|faint|p2a: Samurott
|
|-heal|p1a: Crutch Gambit|72/100|[from] item: Leftovers
|upkeep
|
|t:|1758918256
|switch|p2a: Scizor|Scizor, M|100/100
|-damage|p2a: Scizor|88/100|[from] Stealth Rock
|turn|23
|
|t:|1758918261
|-end|p1a: Crutch Gambit|fallen1|[silent]
|switch|p1a: Raijin Kaiōken|Zapdos|22/100
|move|p2a: Scizor|U-turn|p1a: Raijin Kaiōken
|-resisted|p1a: Raijin Kaiōken
|-damage|p1a: Raijin Kaiōken|1/100
|
|t:|1758918265
|switch|p2a: Dragapult|Dragapult, M|79/100|[from] U-turn
|-damage|p2a: Dragapult|67/100|[from] Stealth Rock
|
|upkeep
|turn|24
|
|t:|1758918273
|switch|p1a: Crutch Gambit|Kingambit, M|72/100
|-damage|p1a: Crutch Gambit|60/100|[from] Spikes
|-activate|p1a: Crutch Gambit|ability: Supreme Overlord
|-start|p1a: Crutch Gambit|fallen1|[silent]
|move|p2a: Dragapult|Shadow Ball|p1a: Crutch Gambit
|-resisted|p1a: Crutch Gambit
|-damage|p1a: Crutch Gambit|30/100
|
|-heal|p1a: Crutch Gambit|37/100|[from] item: Leftovers
|upkeep
|turn|25
|
|t:|1758918277
|move|p2a: Dragapult|Shadow Ball|p1a: Crutch Gambit
|-resisted|p1a: Crutch Gambit
|-damage|p1a: Crutch Gambit|11/100
|move|p1a: Crutch Gambit|Iron Head|p2a: Dragapult
|-damage|p2a: Dragapult|0 fnt
|faint|p2a: Dragapult
|
|-heal|p1a: Crutch Gambit|17/100|[from] item: Leftovers
|upkeep
|
|t:|1758918283
|switch|p2a: Scizor|Scizor, M|88/100
|-damage|p2a: Scizor|76/100|[from] Stealth Rock
|turn|26
|
|t:|1758918292
|move|p2a: Scizor|Bullet Punch|p1a: Crutch Gambit
|-resisted|p1a: Crutch Gambit
|-damage|p1a: Crutch Gambit|0 fnt
|faint|p1a: Crutch Gambit
|-end|p1a: Crutch Gambit|fallen1|[silent]
|
|upkeep
|
|t:|1758918294
|switch|p1a: Wrath of Broly|Great Tusk|82/100
|-damage|p1a: Wrath of Broly|70/100|[from] Spikes
|turn|27
|
|t:|1758918297
|switch|p2a: Slowbro|Slowbro, M, tera:Fighting|100/100
|-damage|p2a: Slowbro|94/100|[from] Stealth Rock
|move|p1a: Wrath of Broly|Rapid Spin|p2a: Slowbro
|-damage|p2a: Slowbro|84/100
|-boost|p1a: Wrath of Broly|spe|1
|-sideend|p1: ihatemyself223|Spikes|[from] move: Rapid Spin|[of] p1a: Wrath of Broly
|
|upkeep
|turn|28
|
|t:|1758918304
|-end|p1a: Wrath of Broly|Protosynthesis|[silent]
|switch|p1a: Kami’s Vision|Slowking-Galar, F|100/100
|move|p2a: Slowbro|Scald|p1a: Kami’s Vision
|-damage|p1a: Kami’s Vision|85/100
|-status|p1a: Kami’s Vision|brn
|
|-heal|p1a: Kami’s Vision|91/100 brn|[from] item: Black Sludge
|-damage|p1a: Kami’s Vision|85/100 brn|[from] brn
|upkeep
|turn|29
|
|t:|1758918308
|move|p2a: Slowbro|Psyshock|p1a: Kami’s Vision
|-damage|p1a: Kami’s Vision|55/100 brn
|-prepare|p1a: Kami’s Vision|Chilly Reception|[premajor]
|move|p1a: Kami’s Vision|Chilly Reception|p1a: Kami’s Vision
|-weather|Snowscape
|
|t:|1758918310
|switch|p1a: Raijin Kaiōken|Zapdos|1/100|[from] Chilly Reception
|
|-weather|Snowscape|[upkeep]
|upkeep
|turn|30
|
|t:|1758918314
|move|p1a: Raijin Kaiōken|Roost|p1a: Raijin Kaiōken
|-heal|p1a: Raijin Kaiōken|51/100
|-singleturn|p1a: Raijin Kaiōken|move: Roost
|move|p2a: Slowbro|Scald|p1a: Raijin Kaiōken
|-damage|p1a: Raijin Kaiōken|25/100
|
|-weather|Snowscape|[upkeep]
|upkeep
|turn|31
|
|t:|1758918318
|move|p1a: Raijin Kaiōken|Roost|p1a: Raijin Kaiōken
|-heal|p1a: Raijin Kaiōken|75/100
|-singleturn|p1a: Raijin Kaiōken|move: Roost
|move|p2a: Slowbro|Scald|p1a: Raijin Kaiōken
|-damage|p1a: Raijin Kaiōken|46/100
|-status|p1a: Raijin Kaiōken|brn
|
|-weather|Snowscape|[upkeep]
|-damage|p1a: Raijin Kaiōken|40/100 brn|[from] brn
|upkeep
|turn|32
|
|t:|1758918320
|switch|p2a: Scizor|Scizor, M|76/100
|-damage|p2a: Scizor|63/100|[from] Stealth Rock
|move|p1a: Raijin Kaiōken|Roost|p1a: Raijin Kaiōken
|-heal|p1a: Raijin Kaiōken|91/100 brn
|-singleturn|p1a: Raijin Kaiōken|move: Roost
|
|-weather|Snowscape|[upkeep]
|-damage|p1a: Raijin Kaiōken|85/100 brn|[from] brn
|upkeep
|turn|33
|
|t:|1758918322
|move|p2a: Scizor|Bullet Punch|p1a: Raijin Kaiōken
|-resisted|p1a: Raijin Kaiōken
|-damage|p1a: Raijin Kaiōken|67/100 brn
|move|p1a: Raijin Kaiōken|Discharge|p2a: Scizor
|-damage|p2a: Scizor|10/100
|-status|p2a: Scizor|par
|
|-weather|none
|-damage|p1a: Raijin Kaiōken|61/100 brn|[from] brn
|upkeep
|turn|34
|
|t:|1758918326
|move|p2a: Scizor|Bullet Punch|p1a: Raijin Kaiōken
|-resisted|p1a: Raijin Kaiōken
|-damage|p1a: Raijin Kaiōken|41/100 brn
|move|p1a: Raijin Kaiōken|Discharge|p2a: Scizor
|-damage|p2a: Scizor|0 fnt
|faint|p2a: Scizor
|
|-damage|p1a: Raijin Kaiōken|35/100 brn|[from] brn
|upkeep
|
|t:|1758918327
|switch|p2a: Slowbro|Slowbro, M, tera:Fighting|100/100
|-damage|p2a: Slowbro|94/100|[from] Stealth Rock
|turn|35
|
|t:|1758918330
|move|p1a: Raijin Kaiōken|Roost|p1a: Raijin Kaiōken
|-heal|p1a: Raijin Kaiōken|85/100 brn
|-singleturn|p1a: Raijin Kaiōken|move: Roost
|move|p2a: Slowbro|Psyshock|p1a: Raijin Kaiōken
|-damage|p1a: Raijin Kaiōken|66/100 brn
|
|-damage|p1a: Raijin Kaiōken|60/100 brn|[from] brn
|upkeep
|turn|36
|
|t:|1758918332
|move|p1a: Raijin Kaiōken|Discharge|p2a: Slowbro
|-damage|p2a: Slowbro|70/100
|move|p2a: Slowbro|Scald|p1a: Raijin Kaiōken
|-damage|p1a: Raijin Kaiōken|33/100 brn
|
|-damage|p1a: Raijin Kaiōken|27/100 brn|[from] brn
|upkeep
|turn|37
|-message|JorgoBarbas forfeited.
|
|win|ihatemyself223
|raw|ihatemyself223's rating: 1490 &rarr; <strong>1510</strong><br />(+20 for winning)
|raw|JorgoBarbas's rating: 1486 &rarr; <strong>1466</strong><br />(-20 for losing)
|l|☆JorgoBarbas
|player|p2|
|l|☆ihatemyself223
|player|p1|
