|j|☆igneo3000
|j|☆Rising Ursaring
|t:|1759069004
|gametype|singles
|player|p1|igneo3000|unknown|1421
|player|p2|Rising Ursaring|burglar|1440
|gen|9
|tier|[Gen 9] OU
|rated|
|rule|HP Percentage Mod: HP is shown in percentages
|rule|Endless Battle Clause: Forcing endless battles is banned
|rule|Species Clause: Limit one of each Pokémon
|rule|OHKO Clause: OHKO moves are banned
|rule|Evasion Items Clause: Evasion items are banned
|rule|Evasion Moves Clause: Evasion moves are banned
|rule|Evasion Abilities Clause: Evasion abilities are banned
|rule|Sleep Moves Clause: Sleep-inducing moves are banned
|clearpoke
|poke|p1|Cinderace, M|
|poke|p1|Iron Moth|
|poke|p1|Kingambit, M|
|poke|p1|Glimmora, F|
|poke|p1|Greninja-*, M|
|poke|p1|Meowscarada, F|
|poke|p2|Raging Bolt|
|poke|p2|Wo-Chien|
|poke|p2|Empoleon, M|
|poke|p2|Ceruledge, M|
|poke|p2|Weezing-Galar, M|
|poke|p2|Landorus-Therian, M|
|teampreview
|inactive|Battle timer is ON: inactive players will automatically lose when time's up. (requested by Rising Ursaring)
|
|t:|1759069014
|teamsize|p1|6
|teamsize|p2|6
|start
|switch|p1a: Hattori|Greninja, M|100/100
|switch|p2a: Landorus|Landorus-Therian, M|100/100
|-ability|p2a: Landorus|Intimidate|boost
|-unboost|p1a: Hattori|atk|1
|turn|1
|
|t:|1759069023
|move|p2a: Landorus|U-turn|p1a: Hattori
|-supereffective|p1a: Hattori
|-damage|p1a: Hattori|12/100
|
|t:|1759069026
|switch|p2a: Empoleon|Empoleon, M|100/100|[from] U-turn
|move|p1a: Hattori|Ice Beam|p2a: Empoleon
|-start|p1a: Hattori|typechange|Ice|[from] ability: Protean
|-resisted|p2a: Empoleon
|-damage|p2a: Empoleon|91/100
|
|-heal|p2a: Empoleon|97/100|[from] item: Leftovers
|upkeep
|turn|2
|
|t:|1759069035
|switch|p1a: Lady Cat|Meowscarada, F|100/100
|move|p2a: Empoleon|Knock Off|p1a: Lady Cat
|-resisted|p1a: Lady Cat
|-damage|p1a: Lady Cat|90/100
|-enditem|p1a: Lady Cat|Choice Band|[from] move: Knock Off|[of] p2a: Empoleon
|
|-heal|p2a: Empoleon|100/100|[from] item: Leftovers
|upkeep
|turn|3
|
|t:|1759069044
|move|p1a: Lady Cat|Knock Off|p2a: Empoleon
|-start|p1a: Lady Cat|typechange|Dark|[from] ability: Protean
|-damage|p2a: Empoleon|58/100
|-enditem|p2a: Empoleon|Leftovers|[from] move: Knock Off|[of] p1a: Lady Cat
|move|p2a: Empoleon|Stealth Rock|p1a: Lady Cat
|-sidestart|p1: igneo3000|move: Stealth Rock
|
|upkeep
|turn|4
|
|t:|1759069053
|move|p1a: Lady Cat|Flower Trick|p2a: Empoleon
|-crit|p2a: Empoleon
|-damage|p2a: Empoleon|23/100
|move|p2a: Empoleon|Roost|p2a: Empoleon
|-heal|p2a: Empoleon|73/100
|-singleturn|p2a: Empoleon|move: Roost
|
|upkeep
|turn|5
|inactive|Rising Ursaring has 120 seconds left.
|
|t:|1759069085
|move|p1a: Lady Cat|Knock Off|p2a: Empoleon
|-damage|p2a: Empoleon|44/100
|move|p2a: Empoleon|Surf|p1a: Lady Cat
|-damage|p1a: Lady Cat|39/100
|
|upkeep
|turn|6
|
|t:|1759069091
|move|p1a: Lady Cat|Flower Trick|p2a: Empoleon
|-crit|p2a: Empoleon
|-damage|p2a: Empoleon|9/100
|move|p2a: Empoleon|Roost|p2a: Empoleon
|-heal|p2a: Empoleon|59/100
|-singleturn|p2a: Empoleon|move: Roost
|
|upkeep
|turn|7
|
|t:|1759069095
|move|p1a: Lady Cat|Flower Trick|p2a: Empoleon
|-crit|p2a: Empoleon
|-damage|p2a: Empoleon|26/100
|move|p2a: Empoleon|Roost|p2a: Empoleon
|-heal|p2a: Empoleon|76/100
|-singleturn|p2a: Empoleon|move: Roost
|
|upkeep
|turn|8
|
|t:|1759069101
|move|p1a: Lady Cat|Flower Trick|p2a: Empoleon
|-crit|p2a: Empoleon
|-damage|p2a: Empoleon|45/100
|move|p2a: Empoleon|Roost|p2a: Empoleon
|-heal|p2a: Empoleon|95/100
|-singleturn|p2a: Empoleon|move: Roost
|
|upkeep
|turn|9
|
|t:|1759069112
|move|p1a: Lady Cat|Flower Trick|p2a: Empoleon
|-crit|p2a: Empoleon
|-damage|p2a: Empoleon|62/100
|move|p2a: Empoleon|Surf|p1a: Lady Cat
|-damage|p1a: Lady Cat|0 fnt
|faint|p1a: Lady Cat
|
|upkeep
|
|t:|1759069117
|switch|p1a: Tsubasa|Cinderace, M|100/100
|turn|10
|
|t:|1759069121
|move|p1a: Tsubasa|Court Change|p1a: Tsubasa
|-start|p1a: Tsubasa|typechange|Normal|[from] ability: Libero
|-swapsideconditions
|-activate|p1a: Tsubasa|move: Court Change
|move|p2a: Empoleon|Surf|p1a: Tsubasa
|-damage|p1a: Tsubasa|52/100
|
|upkeep
|turn|11
|
|t:|1759069125
|move|p1a: Tsubasa|U-turn|p2a: Empoleon
|-resisted|p2a: Empoleon
|-damage|p2a: Empoleon|52/100
|
|t:|1759069128
|switch|p1a: Freya|Iron Moth|100/100|[from] U-turn
|-enditem|p1a: Freya|Booster Energy
|-activate|p1a: Freya|ability: Quark Drive|[fromitem]
|-start|p1a: Freya|quarkdrivespe
|move|p2a: Empoleon|Stealth Rock|p1a: Freya
|-sidestart|p1: igneo3000|move: Stealth Rock
|
|upkeep
|turn|12
|
|t:|1759069133
|-terastallize|p1a: Freya|Flying
|move|p1a: Freya|Fiery Dance|p2a: Empoleon
|-damage|p2a: Empoleon|24/100
|move|p2a: Empoleon|Roost|p2a: Empoleon
|-heal|p2a: Empoleon|74/100
|-singleturn|p2a: Empoleon|move: Roost
|
|upkeep
|turn|13
|
|t:|1759069139
|move|p1a: Freya|Fiery Dance|p2a: Empoleon
|-damage|p2a: Empoleon|50/100
|move|p2a: Empoleon|Surf|p1a: Freya
|-damage|p1a: Freya|62/100
|
|upkeep
|turn|14
|
|t:|1759069144
|-end|p1a: Freya|Quark Drive|[silent]
|switch|p1a: Mefitis|Glimmora, F|100/100
|-damage|p1a: Mefitis|88/100|[from] Stealth Rock
|move|p2a: Empoleon|Roost|p2a: Empoleon
|-heal|p2a: Empoleon|99/100
|-singleturn|p2a: Empoleon|move: Roost
|
|upkeep
|turn|15
|
|t:|1759069147
|move|p1a: Mefitis|Earth Power|p2a: Empoleon
|-supereffective|p2a: Empoleon
|-damage|p2a: Empoleon|43/100
|move|p2a: Empoleon|Surf|p1a: Mefitis
|-supereffective|p1a: Mefitis
|-damage|p1a: Mefitis|5/100
|
|upkeep
|turn|16
|
|t:|1759069154
|move|p1a: Mefitis|Earth Power|p2a: Empoleon
|-supereffective|p2a: Empoleon
|-damage|p2a: Empoleon|0 fnt
|faint|p2a: Empoleon
|
|upkeep
|
|t:|1759069164
|switch|p2a: Landorus|Landorus-Therian, M|100/100
|-damage|p2a: Landorus|88/100|[from] Stealth Rock
|-ability|p2a: Landorus|Intimidate|boost
|-unboost|p1a: Mefitis|atk|1
|turn|17
|
|t:|1759069168
|move|p2a: Landorus|U-turn|p1a: Mefitis
|-resisted|p1a: Mefitis
|-damage|p1a: Mefitis|0 fnt
|-activate|p1a: Mefitis|ability: Toxic Debris
|-sidestart|p2: Rising Ursaring|move: Toxic Spikes
|faint|p1a: Mefitis
|
|t:|1759069170
|switch|p2a: Weezing|Weezing-Galar, M|100/100|[from] U-turn
|-ability|p2a: Weezing|Neutralizing Gas
|-damage|p2a: Weezing|88/100|[from] Stealth Rock
|-sideend|p2: Rising Ursaring|move: Toxic Spikes|[of] p2a: Weezing
|
|upkeep
|
|t:|1759069181
|switch|p1a: Tsubasa|Cinderace, M|52/100
|turn|18
|
|t:|1759069190
|move|p1a: Tsubasa|Pyro Ball|p2a: Weezing
|-crit|p2a: Weezing
|-damage|p2a: Weezing|29/100
|-status|p2a: Weezing|brn
|move|p2a: Weezing|Strange Steam|p1a: Tsubasa
|-resisted|p1a: Tsubasa
|-damage|p1a: Tsubasa|34/100
|
|-damage|p2a: Weezing|23/100 brn|[from] brn
|upkeep
|turn|19
|
|t:|1759069196
|move|p1a: Tsubasa|Pyro Ball|p2a: Weezing
|-damage|p2a: Weezing|0 fnt
|faint|p2a: Weezing
|-end|p2a: Weezing|ability: Neutralizing Gas
|
|upkeep
|
|t:|1759069201
|switch|p2a: Landorus|Landorus-Therian, M|88/100
|-damage|p2a: Landorus|76/100|[from] Stealth Rock
|-ability|p2a: Landorus|Intimidate|boost
|-unboost|p1a: Tsubasa|atk|1
|turn|20
|
|t:|1759069207
|move|p1a: Tsubasa|Sucker Punch|p2a: Landorus
|-start|p1a: Tsubasa|typechange|Dark|[from] ability: Libero
|-damage|p2a: Landorus|48/100
|move|p2a: Landorus|Stone Edge|p1a: Tsubasa
|-damage|p1a: Tsubasa|0 fnt
|faint|p1a: Tsubasa
|
|upkeep
|
|t:|1759069217
|switch|p1a: Hattori|Greninja, M|12/100
|-damage|p1a: Hattori|0 fnt|[from] Stealth Rock
|faint|p1a: Hattori
|
|t:|1759069219
|switch|p1a: Freya|Iron Moth, tera:Flying|62/100
|-damage|p1a: Freya|37/100|[from] Stealth Rock
|turn|21
|
|t:|1759069225
|move|p2a: Landorus|Stone Edge|p1a: Freya
|-supereffective|p1a: Freya
|-crit|p1a: Freya
|-damage|p1a: Freya|0 fnt
|faint|p1a: Freya
|-end|p1a: Freya|Quark Drive|[silent]
|
|upkeep
|
|t:|1759069227
|switch|p1a: Ains oal gown|Kingambit, M|100/100
|-damage|p1a: Ains oal gown|94/100|[from] Stealth Rock
|-activate|p1a: Ains oal gown|ability: Supreme Overlord
|-start|p1a: Ains oal gown|fallen5|[silent]
|turn|22
|
|t:|1759069232
|switch|p2a: Wo-Chien|Wo-Chien|100/100
|-damage|p2a: Wo-Chien|88/100|[from] Stealth Rock
|-ability|p2a: Wo-Chien|Tablets of Ruin
|move|p1a: Ains oal gown|Swords Dance|p1a: Ains oal gown
|-boost|p1a: Ains oal gown|atk|2
|
|-heal|p2a: Wo-Chien|94/100|[from] item: Leftovers
|upkeep
|turn|23
|
|t:|1759069236
|move|p2a: Wo-Chien|Leech Seed|p1a: Ains oal gown
|-start|p1a: Ains oal gown|move: Leech Seed
|move|p1a: Ains oal gown|Iron Head|p2a: Wo-Chien
|-damage|p2a: Wo-Chien|0 fnt
|faint|p2a: Wo-Chien
|
|upkeep
|
|t:|1759069239
|switch|p2a: Raging Bolt|Raging Bolt|100/100
|turn|24
|
|t:|1759069250
|move|p2a: Raging Bolt|Thunderclap|p1a: Ains oal gown
|-damage|p1a: Ains oal gown|52/100
|move|p1a: Ains oal gown|Iron Head|p2a: Raging Bolt
|-resisted|p2a: Raging Bolt
|-damage|p2a: Raging Bolt|38/100
|
|-damage|p1a: Ains oal gown|39/100|[from] Leech Seed|[of] p2a: Raging Bolt
|-heal|p2a: Raging Bolt|51/100|[silent]
|upkeep
|turn|25
|
|t:|1759069258
|move|p1a: Ains oal gown|Sucker Punch|p2a: Raging Bolt
|-damage|p2a: Raging Bolt|0 fnt
|faint|p2a: Raging Bolt
|-end|p2a: Raging Bolt|Protosynthesis|[silent]
|
|upkeep
|
|t:|1759069266
|switch|p2a: Landorus|Landorus-Therian, M|48/100
|-damage|p2a: Landorus|36/100|[from] Stealth Rock
|-ability|p2a: Landorus|Intimidate|boost
|-unboost|p1a: Ains oal gown|atk|1
|turn|26
|
|t:|1759069271
|switch|p2a: Ceruledge|Ceruledge, M|100/100
|-damage|p2a: Ceruledge|76/100|[from] Stealth Rock
|move|p1a: Ains oal gown|Sucker Punch||[still]
|-fail|p1a: Ains oal gown
|
|-damage|p1a: Ains oal gown|27/100|[from] Leech Seed|[of] p2a: Ceruledge
|-heal|p2a: Ceruledge|93/100|[silent]
|upkeep
|turn|27
|
|t:|1759069280
|move|p2a: Ceruledge|Bitter Blade|p1a: Ains oal gown
|-supereffective|p1a: Ains oal gown
|-damage|p1a: Ains oal gown|0 fnt
|-heal|p2a: Ceruledge|100/100|[from] drain|[of] p1a: Ains oal gown
|faint|p1a: Ains oal gown
|-end|p1a: Ains oal gown|fallen5|[silent]
|
|win|Rising Ursaring
|raw|igneo3000's rating: 1421 &rarr; <strong>1402</strong><br />(-19 for losing)
|raw|Rising Ursaring's rating: 1440 &rarr; <strong>1459</strong><br />(+19 for winning)
|l|☆igneo3000
|player|p1|
|c|☆Rising Ursaring|Ayyyyy
|l|☆Rising Ursaring
|player|p2|
