|j|☆jobro132
|j|☆harc
|t:|1759035706
|gametype|singles
|player|p1|jobro132|emmet|1124
|player|p2|harc|ninjaboy|1166
|gen|9
|tier|[Gen 9] OU
|rated|
|rule|HP Percentage Mod: HP is shown in percentages
|rule|Endless Battle Clause: Forcing endless battles is banned
|rule|Species Clause: Limit one of each Pokémon
|rule|OHKO Clause: OHKO moves are banned
|rule|Evasion Items Clause: Evasion items are banned
|rule|Evasion Moves Clause: Evasion moves are banned
|rule|Evasion Abilities Clause: Evasion abilities are banned
|rule|Sleep Moves Clause: Sleep-inducing moves are banned
|clearpoke
|poke|p1|Garganacl, M|
|poke|p1|Great Tusk|
|poke|p1|Kyurem|
|poke|p1|Dragonite, M|
|poke|p1|Zamazenta-*|
|poke|p1|Zapdos|
|poke|p2|Corviknight, M|
|poke|p2|Clefable, F|
|poke|p2|Tyranitar, F|
|poke|p2|Hippowdon, F|
|poke|p2|Excadrill, M|
|poke|p2|Reuniclus, M|
|teampreview
|
|t:|1759035731
|teamsize|p1|6
|teamsize|p2|6
|start
|switch|p1a: Garganacl|Garganacl, M|100/100
|switch|p2a: Hippowdon|Hippowdon, F|100/100
|-weather|Sandstorm|[from] ability: Sand Stream|[of] p2a: Hippowdon
|turn|1
|
|t:|1759035738
|move|p2a: Hippowdon|Stealth Rock|p1a: Garganacl
|-sidestart|p1: jobro132|move: Stealth Rock
|move|p1a: Garganacl|Salt Cure|p2a: Hippowdon
|-resisted|p2a: Hippowdon
|-damage|p2a: Hippowdon|97/100
|-start|p2a: Hippowdon|Salt Cure
|
|-weather|Sandstorm|[upkeep]
|-damage|p2a: Hippowdon|85/100|[from] Salt Cure
|upkeep
|turn|2
|
|t:|1759035748
|move|p2a: Hippowdon|Earthquake|p1a: Garganacl
|-supereffective|p1a: Garganacl
|-damage|p1a: Garganacl|56/100
|move|p1a: Garganacl|Stealth Rock|p2a: Hippowdon
|-sidestart|p2: harc|move: Stealth Rock
|
|-weather|Sandstorm|[upkeep]
|-heal|p1a: Garganacl|62/100|[from] item: Leftovers
|-damage|p2a: Hippowdon|72/100|[from] Salt Cure
|upkeep
|turn|3
|
|t:|1759035760
|switch|p2a: Reuniclus|Reuniclus, M|100/100
|move|p1a: Garganacl|Protect||[still]
|-fail|p1a: Garganacl
|
|-weather|Sandstorm|[upkeep]
|-heal|p1a: Garganacl|68/100|[from] item: Leftovers
|upkeep
|turn|4
|
|t:|1759035770
|switch|p1a: Dragonite|Dragonite, M|100/100
|move|p2a: Reuniclus|Calm Mind|p2a: Reuniclus
|-boost|p2a: Reuniclus|spa|1
|-boost|p2a: Reuniclus|spd|1
|
|-weather|Sandstorm|[upkeep]
|-damage|p1a: Dragonite|94/100|[from] Sandstorm
|upkeep
|turn|5
|
|t:|1759035779
|move|p1a: Dragonite|Dragon Dance|p1a: Dragonite
|-boost|p1a: Dragonite|atk|1
|-boost|p1a: Dragonite|spe|1
|move|p2a: Reuniclus|Psychic Noise|p1a: Dragonite
|-damage|p1a: Dragonite|31/100
|-start|p1a: Dragonite|move: Heal Block
|
|-weather|Sandstorm|[upkeep]
|-damage|p1a: Dragonite|25/100|[from] Sandstorm
|upkeep
|turn|6
|
|t:|1759035794
|switch|p2a: Clefable|Clefable, F|100/100
|-damage|p2a: Clefable|88/100|[from] Stealth Rock
|-terastallize|p1a: Dragonite|Ghost
|move|p1a: Dragonite|Tera Blast|p2a: Clefable|[anim] Tera Blast Ghost
|-damage|p2a: Clefable|50/100
|
|-weather|Sandstorm|[upkeep]
|-damage|p1a: Dragonite|19/100|[from] Sandstorm
|-damage|p2a: Clefable|44/100|[from] Sandstorm
|-heal|p2a: Clefable|50/100|[from] item: Leftovers
|-end|p1a: Dragonite|move: Heal Block
|upkeep
|turn|7
|l|☆jobro132
|player|p1|
|inactive|Battle timer is ON: inactive players will automatically lose when time's up. (requested by harc)
|inactive|jobro132 has 30 seconds to reconnect!
|inactive|jobro132 has 20 seconds to reconnect!
|inactive|jobro132 has 15 seconds to reconnect!
|inactive|jobro132 has 10 seconds to reconnect!
|inactive|jobro132 has 5 seconds to reconnect!
|-message|jobro132 lost due to inactivity.
|
|win|harc
|raw|jobro132's rating: 1124 &rarr; <strong>1102</strong><br />(-22 for losing)
|raw|harc's rating: 1166 &rarr; <strong>1188</strong><br />(+22 for winning)
