|j|☆seismitoaduser123
|j|☆Atg_turtle
|t:|1758964453
|gametype|singles
|player|p1|seismitoaduser123|ltsurge|1267
|player|p2|Atg_turtle|2|1222
|gen|9
|tier|[Gen 9] OU
|rated|
|rule|HP Percentage Mod: HP is shown in percentages
|rule|Endless Battle Clause: Forcing endless battles is banned
|rule|Species Clause: Limit one of each Pokémon
|rule|OHKO Clause: OHKO moves are banned
|rule|Evasion Items Clause: Evasion items are banned
|rule|Evasion Moves Clause: Evasion moves are banned
|rule|Evasion Abilities Clause: Evasion abilities are banned
|rule|Sleep Moves Clause: Sleep-inducing moves are banned
|clearpoke
|poke|p1|Tyranitar, M|
|poke|p1|Excadrill, M|
|poke|p1|Keldeo-Resolute|
|poke|p1|Tornadus-Therian, M|
|poke|p1|Heatran, M|
|poke|p1|Hydrapple, F|
|poke|p2|Heatran, M|
|poke|p2|Golem, F|
|poke|p2|Dragapult, F|
|poke|p2|Zamazenta-*|
|poke|p2|Iron Moth|
|poke|p2|Skeledirge, F|
|teampreview
|
|t:|1758964464
|teamsize|p1|6
|teamsize|p2|6
|start
|switch|p1a: Keldeo|Keldeo-Resolute|100/100
|switch|p2a: Zamazenta|Zamazenta|100/100
|-ability|p2a: Zamazenta|Dauntless Shield|boost
|-boost|p2a: Zamazenta|def|1
|turn|1
|
|t:|1758964475
|move|p2a: Zamazenta|Play Rough|p1a: Keldeo
|-supereffective|p1a: Keldeo
|-damage|p1a: Keldeo|27/100
|move|p1a: Keldeo|Surf|p2a: Zamazenta
|-crit|p2a: Zamazenta
|-damage|p2a: Zamazenta|4/100
|
|-heal|p2a: Zamazenta|11/100|[from] item: Leftovers
|upkeep
|turn|2
|
|t:|1758964485
|switch|p1a: Hydrapple|Hydrapple, F|100/100
|move|p2a: Zamazenta|Play Rough|p1a: Hydrapple
|-supereffective|p1a: Hydrapple
|-damage|p1a: Hydrapple|64/100
|-damage|p2a: Zamazenta|0 fnt|[from] item: Rocky Helmet|[of] p1a: Hydrapple
|faint|p2a: Zamazenta
|
|upkeep
|
|t:|1758964500
|switch|p2a: Dragapult|Dragapult, F|100/100
|turn|3
|
|t:|1758964510
|switch|p1a: Tornadus|Tornadus-Therian, M|100/100
|move|p2a: Dragapult|Dragon Darts|p1a: Tornadus
|-damage|p1a: Tornadus|64/100
|-anim|p2a: Dragapult|Dragon Darts|p1a: Tornadus
|-damage|p1a: Tornadus|28/100
|-damage|p2a: Dragapult|91/100|[from] item: Life Orb
|
|upkeep
|turn|4
|
|t:|1758964518
|switch|p1a: Heatran|Heatran, M|100/100
|move|p2a: Dragapult|Dragon Darts|p1a: Heatran
|-resisted|p1a: Heatran
|-damage|p1a: Heatran|86/100
|-anim|p2a: Dragapult|Dragon Darts|p1a: Heatran
|-resisted|p1a: Heatran
|-damage|p1a: Heatran|72/100
|-damage|p2a: Dragapult|81/100|[from] item: Life Orb
|
|-heal|p1a: Heatran|78/100|[from] item: Leftovers
|upkeep
|turn|5
|
|t:|1758964528
|move|p2a: Dragapult|Dragon Dance|p2a: Dragapult
|-boost|p2a: Dragapult|atk|1
|-boost|p2a: Dragapult|spe|1
|move|p1a: Heatran|Stealth Rock|p2a: Dragapult
|-sidestart|p2: Atg_turtle|move: Stealth Rock
|
|-heal|p1a: Heatran|84/100|[from] item: Leftovers
|upkeep
|turn|6
|
|t:|1758964537
|move|p2a: Dragapult|Dragon Darts|p1a: Heatran
|-resisted|p1a: Heatran
|-damage|p1a: Heatran|64/100
|-anim|p2a: Dragapult|Dragon Darts|p1a: Heatran
|-resisted|p1a: Heatran
|-damage|p1a: Heatran|41/100
|-damage|p2a: Dragapult|71/100|[from] item: Life Orb
|move|p1a: Heatran|Magma Storm|p2a: Dragapult
|-resisted|p2a: Dragapult
|-damage|p2a: Dragapult|42/100
|-activate|p2a: Dragapult|move: Magma Storm|[of] p1a: Heatran
|
|-heal|p1a: Heatran|47/100|[from] item: Leftovers
|-damage|p2a: Dragapult|30/100|[from] move: Magma Storm|[partiallytrapped]
|upkeep
|turn|7
|
|t:|1758964549
|move|p2a: Dragapult|Dragon Darts|p1a: Heatran
|-resisted|p1a: Heatran
|-damage|p1a: Heatran|27/100
|-anim|p2a: Dragapult|Dragon Darts|p1a: Heatran
|-resisted|p1a: Heatran
|-damage|p1a: Heatran|6/100
|-damage|p2a: Dragapult|20/100|[from] item: Life Orb
|move|p1a: Heatran|Earth Power|p2a: Dragapult
|-damage|p2a: Dragapult|0 fnt
|faint|p2a: Dragapult
|
|-heal|p1a: Heatran|12/100|[from] item: Leftovers
|upkeep
|
|t:|1758964560
|switch|p2a: Iron Moth|Iron Moth|100/100
|-damage|p2a: Iron Moth|76/100|[from] Stealth Rock
|-enditem|p2a: Iron Moth|Booster Energy
|-activate|p2a: Iron Moth|ability: Quark Drive|[fromitem]
|-start|p2a: Iron Moth|quarkdrivespa
|turn|8
|
|t:|1758964566
|move|p2a: Iron Moth|Fiery Dance|p1a: Heatran
|-damage|p1a: Heatran|0 fnt
|-boost|p2a: Iron Moth|spa|1
|faint|p1a: Heatran
|
|upkeep
|
|t:|1758964575
|switch|p1a: Tyranitar|Tyranitar, M|100/100
|-weather|Sandstorm|[from] ability: Sand Stream|[of] p1a: Tyranitar
|turn|9
|
|t:|1758964580
|-terastallize|p2a: Iron Moth|Grass
|move|p2a: Iron Moth|Energy Ball|p1a: Tyranitar
|-supereffective|p1a: Tyranitar
|-damage|p1a: Tyranitar|0 fnt
|faint|p1a: Tyranitar
|
|-weather|Sandstorm|[upkeep]
|-damage|p2a: Iron Moth|70/100|[from] Sandstorm
|upkeep
|
|t:|1758964593
|switch|p1a: Excadrill|Excadrill, M|100/100
|-item|p1a: Excadrill|Air Balloon
|turn|10
|
|t:|1758964600
|move|p1a: Excadrill|Iron Head|p2a: Iron Moth
|-crit|p2a: Iron Moth
|-damage|p2a: Iron Moth|0 fnt
|faint|p2a: Iron Moth
|-end|p2a: Iron Moth|Quark Drive|[silent]
|
|-weather|Sandstorm|[upkeep]
|upkeep
|
|t:|1758964612
|switch|p2a: Vegeta|Golem, F, shiny|100/100
|-damage|p2a: Vegeta|95/100|[from] Stealth Rock
|turn|11
|
|t:|1758964619
|move|p1a: Excadrill|Earthquake|p2a: Vegeta
|-supereffective|p2a: Vegeta
|-damage|p2a: Vegeta|0 fnt
|faint|p2a: Vegeta
|
|-weather|Sandstorm|[upkeep]
|upkeep
|
|t:|1758964623
|switch|p2a: Skeledirge|Skeledirge, F|100/100
|-damage|p2a: Skeledirge|75/100|[from] Stealth Rock
|turn|12
|
|t:|1758964629
|move|p1a: Excadrill|Earthquake|p2a: Skeledirge
|-supereffective|p2a: Skeledirge
|-damage|p2a: Skeledirge|0 fnt
|faint|p2a: Skeledirge
|
|-weather|Sandstorm|[upkeep]
|upkeep
|
|t:|1758964631
|switch|p2a: Heatran|Heatran, M|100/100
|-damage|p2a: Heatran|88/100|[from] Stealth Rock
|-item|p2a: Heatran|Air Balloon
|turn|13
|
|t:|1758964637
|-terastallize|p1a: Excadrill|Ghost
|move|p1a: Excadrill|Iron Head|p2a: Heatran
|-resisted|p2a: Heatran
|-damage|p2a: Heatran|78/100
|-enditem|p2a: Heatran|Air Balloon
|move|p2a: Heatran|Magma Storm|p1a: Excadrill
|-damage|p1a: Excadrill|18/100
|-activate|p1a: Excadrill|move: Magma Storm|[of] p2a: Heatran
|-enditem|p1a: Excadrill|Air Balloon
|
|-weather|none
|-damage|p1a: Excadrill|6/100|[from] move: Magma Storm|[partiallytrapped]
|upkeep
|turn|14
|
|t:|1758964645
|move|p1a: Excadrill|Earthquake|p2a: Heatran
|-supereffective|p2a: Heatran
|-damage|p2a: Heatran|0 fnt
|faint|p2a: Heatran
|
|win|seismitoaduser123
|raw|seismitoaduser123's rating: 1267 &rarr; <strong>1289</strong><br />(+22 for winning)
|raw|Atg_turtle's rating: 1222 &rarr; <strong>1200</strong><br />(-22 for losing)
|l|☆seismitoaduser123
|player|p1|
|j|☆seismitoaduser123
|player|p1|seismitoaduser123|ltsurge|
|l|☆Atg_turtle
|player|p2|
|l|☆seismitoaduser123
|player|p1|
