|j|☆Tteokbokkei
|j|☆Why Dusk
|t:|1758992560
|gametype|singles
|player|p1|Tteokbokkei|170|1076
|player|p2|Why Dusk|collector|1109
|gen|9
|tier|[Gen 9] OU
|rated|
|rule|HP Percentage Mod: HP is shown in percentages
|rule|Endless Battle Clause: Forcing endless battles is banned
|rule|Species Clause: Limit one of each Pokémon
|rule|OHKO Clause: OHKO moves are banned
|rule|Evasion Items Clause: Evasion items are banned
|rule|Evasion Moves Clause: Evasion moves are banned
|rule|Evasion Abilities Clause: Evasion abilities are banned
|rule|Sleep Moves Clause: Sleep-inducing moves are banned
|clearpoke
|poke|p1|Reuniclus, F|
|poke|p1|Kingambit, F|
|poke|p1|Hatterene, F|
|poke|p1|Iron Hands|
|poke|p1|Torkoal, M|
|poke|p1|Clawitzer, M|
|poke|p2|Mimikyu, F|
|poke|p2|Dragonite, M|
|poke|p2|Porygon2|
|poke|p2|Hydreigon, M|
|poke|p2|Wugtrio, F|
|poke|p2|Weezing, F|
|teampreview
|inactive|Battle timer is ON: inactive players will automatically lose when time's up. (requested by Why Dusk)
|inactive|Why Dusk has 120 seconds left.
|inactive|Why Dusk has 90 seconds left.
|inactive|Why Dusk has 60 seconds left.
|c|☆Tteokbokkei|man i was excited to play your team
|
|t:|1758992669
|teamsize|p1|6
|teamsize|p2|6
|start
|switch|p1a: Hatterene|Hatterene, F|100/100
|switch|p2a: Weezing|Weezing, F|100/100
|turn|1
|
|t:|1758992685
|move|p2a: Weezing|Sludge Wave|p1a: Hatterene
|-supereffective|p1a: Hatterene
|-damage|p1a: Hatterene|38/100
|move|p1a: Hatterene|Trick Room|p1a: Hatterene
|-fieldstart|move: Trick Room|[of] p1a: Hatterene
|
|upkeep
|turn|2
|
|t:|1758992714
|move|p1a: Hatterene|Psyshock|p2a: Weezing
|-supereffective|p2a: Weezing
|-damage|p2a: Weezing|23/100
|move|p2a: Weezing|Sludge Wave|p1a: Hatterene
|-supereffective|p1a: Hatterene
|-damage|p1a: Hatterene|0 fnt
|faint|p1a: Hatterene
|
|-heal|p2a: Weezing|29/100|[from] item: Leftovers
|upkeep
|
|t:|1758992722
|switch|p1a: Reuniclus|Reuniclus, F, shiny|100/100
|turn|3
|
|t:|1758992734
|move|p1a: Reuniclus|Shadow Ball|p2a: Weezing
|-damage|p2a: Weezing|0 fnt
|faint|p2a: Weezing
|
|upkeep
|
|t:|1758992744
|switch|p2a: Porygon2|Porygon2|100/100
|-ability|p2a: Porygon2|Magic Guard|Trace|[from] ability: Trace|[of] p1a: Reuniclus
|turn|4
|
|t:|1758992752
|move|p1a: Reuniclus|Focus Blast|p2a: Porygon2
|-supereffective|p2a: Porygon2
|-damage|p2a: Porygon2|48/100
|move|p2a: Porygon2|Charge Beam|p1a: Reuniclus
|-damage|p1a: Reuniclus|90/100
|-boost|p2a: Porygon2|spa|1
|
|upkeep
|turn|5
|
|t:|1758992760
|-terastallize|p1a: Reuniclus|Fighting
|move|p1a: Reuniclus|Focus Blast|p2a: Porygon2
|-supereffective|p2a: Porygon2
|-damage|p2a: Porygon2|0 fnt
|faint|p2a: Porygon2
|
|-fieldend|move: Trick Room
|upkeep
|
|t:|1758992772
|switch|p2a: Mimikyu|Mimikyu, F|100/100
|turn|6
|inactive|Tteokbokkei has 120 seconds left.
|
|t:|1758992806
|switch|p1a: Kingambit|Kingambit, F|100/100
|-activate|p1a: Kingambit|ability: Supreme Overlord
|-start|p1a: Kingambit|fallen1|[silent]
|move|p2a: Mimikyu|Substitute|p2a: Mimikyu
|-start|p2a: Mimikyu|Substitute
|-damage|p2a: Mimikyu|76/100
|
|upkeep
|turn|7
|inactive|Tteokbokkei has 120 seconds left.
|
|t:|1758992819
|move|p2a: Mimikyu|Play Rough|p1a: Kingambit
|-damage|p1a: Kingambit|60/100
|-damage|p2a: Mimikyu|66/100|[from] item: Life Orb
|move|p1a: Kingambit|Iron Head|p2a: Mimikyu
|-supereffective|p2a: Mimikyu
|-end|p2a: Mimikyu|Substitute
|
|upkeep
|turn|8
|
|t:|1758992832
|move|p1a: Kingambit|Sucker Punch||[still]
|-fail|p1a: Kingambit
|move|p2a: Mimikyu|Substitute|p2a: Mimikyu
|-start|p2a: Mimikyu|Substitute
|-damage|p2a: Mimikyu|41/100
|
|upkeep
|turn|9
|
|t:|1758992845
|move|p2a: Mimikyu|Play Rough|p1a: Kingambit
|-damage|p1a: Kingambit|24/100
|-damage|p2a: Mimikyu|31/100|[from] item: Life Orb
|move|p1a: Kingambit|Iron Head|p2a: Mimikyu
|-supereffective|p2a: Mimikyu
|-crit|p2a: Mimikyu
|-end|p2a: Mimikyu|Substitute
|
|upkeep
|turn|10
|inactive|Tteokbokkei has 120 seconds left.
|
|t:|1758992871
|-end|p1a: Kingambit|fallen1|[silent]
|switch|p1a: Torkoal|Torkoal, M|100/100
|-weather|SunnyDay|[from] ability: Drought|[of] p1a: Torkoal
|move|p2a: Mimikyu|Play Rough|p1a: Torkoal
|-resisted|p1a: Torkoal
|-damage|p1a: Torkoal|81/100
|-damage|p2a: Mimikyu|21/100|[from] item: Life Orb
|
|-weather|SunnyDay|[upkeep]
|upkeep
|turn|11
|
|t:|1758992888
|switch|p2a: Wugtrio|Wugtrio, F|100/100
|move|p1a: Torkoal|Earth Power|p2a: Wugtrio
|-crit|p2a: Wugtrio
|-damage|p2a: Wugtrio|10/100
|
|-weather|SunnyDay|[upkeep]
|upkeep
|turn|12
|
|t:|1758992899
|switch|p1a: Iron Hands|Iron Hands|100/100
|move|p2a: Wugtrio|Pain Split|p1a: Iron Hands
|-sethp|p1a: Iron Hands|52/100|[from] move: Pain Split|[silent]
|-sethp|p2a: Wugtrio|100/100|[from] move: Pain Split
|
|-weather|SunnyDay|[upkeep]
|upkeep
|turn|13
|inactive|Tteokbokkei has 120 seconds left.
|
|t:|1758992911
|move|p2a: Wugtrio|Stomping Tantrum|p1a: Iron Hands
|-supereffective|p1a: Iron Hands
|-crit|p1a: Iron Hands
|-damage|p1a: Iron Hands|2/100
|-damage|p2a: Wugtrio|91/100|[from] item: Life Orb
|move|p1a: Iron Hands|Thunder Punch|p2a: Wugtrio
|-supereffective|p2a: Wugtrio
|-damage|p2a: Wugtrio|0 fnt
|-ability|p2a: Wugtrio|Gooey
|-unboost|p1a: Iron Hands|spe|1
|faint|p2a: Wugtrio
|
|-weather|SunnyDay|[upkeep]
|upkeep
|
|t:|1758992925
|switch|p2a: Hydreigon|Hydreigon, M|100/100
|turn|14
|
|t:|1758992932
|move|p2a: Hydreigon|U-turn|p1a: Iron Hands
|-resisted|p1a: Iron Hands
|-damage|p1a: Iron Hands|0 fnt
|faint|p1a: Iron Hands
|-end|p1a: Iron Hands|Quark Drive|[silent]
|
|t:|1758992941
|switch|p2a: Mimikyu|Mimikyu, F|21/100|[from] U-turn
|
|-weather|SunnyDay|[upkeep]
|upkeep
|
|t:|1758992956
|switch|p1a: Reuniclus|Reuniclus, F, shiny, tera:Fighting|90/100
|turn|15
|
|t:|1758992965
|move|p2a: Mimikyu|Play Rough|p1a: Reuniclus
|-supereffective|p1a: Reuniclus
|-damage|p1a: Reuniclus|0 fnt
|faint|p1a: Reuniclus
|-damage|p2a: Mimikyu|11/100|[from] item: Life Orb
|
|-weather|SunnyDay|[upkeep]
|upkeep
|
|t:|1758992973
|switch|p1a: Torkoal|Torkoal, M|81/100
|turn|16
|inactive|Why Dusk has 120 seconds left.
|
|t:|1758992984
|switch|p2a: Hydreigon|Hydreigon, M|100/100
|move|p1a: Torkoal|Fire Blast|p2a: Hydreigon
|-resisted|p2a: Hydreigon
|-damage|p2a: Hydreigon|63/100
|
|-weather|SunnyDay|[upkeep]
|upkeep
|turn|17
|
|t:|1758992995
|move|p2a: Hydreigon|Draco Meteor|p1a: Torkoal
|-damage|p1a: Torkoal|0 fnt
|-unboost|p2a: Hydreigon|spa|2
|faint|p1a: Torkoal
|
|-weather|none
|upkeep
|
|t:|1758993004
|switch|p1a: Clawitzer|Clawitzer, M|100/100
|turn|18
|
|t:|1758993009
|move|p2a: Hydreigon|Draco Meteor|p1a: Clawitzer
|-damage|p1a: Clawitzer|62/100
|-unboost|p2a: Hydreigon|spa|2
|move|p1a: Clawitzer|Ice Beam|p2a: Hydreigon
|-supereffective|p2a: Hydreigon
|-damage|p2a: Hydreigon|0 fnt
|faint|p2a: Hydreigon
|-damage|p1a: Clawitzer|52/100|[from] item: Life Orb
|
|upkeep
|
|t:|1758993019
|switch|p2a: Mimikyu|Mimikyu, F|11/100
|turn|19
|
|t:|1758993043
|move|p2a: Mimikyu|Wood Hammer|p1a: Clawitzer
|-supereffective|p1a: Clawitzer
|-damage|p1a: Clawitzer|0 fnt
|faint|p1a: Clawitzer
|-damage|p2a: Mimikyu|0 fnt|[from] Recoil
|faint|p2a: Mimikyu
|
|upkeep
|
|t:|1758993057
|switch|p2a: Dragonite|Dragonite, M|100/100
|switch|p1a: Kingambit|Kingambit, F|24/100
|-activate|p1a: Kingambit|ability: Supreme Overlord
|-start|p1a: Kingambit|fallen5|[silent]
|turn|20
|c|☆Why Dusk|Ded do ka men hrhe
|inactive|Why Dusk has 120 seconds left.
|
|t:|1758993093
|move|p2a: Dragonite|Fire Punch|p1a: Kingambit
|-supereffective|p1a: Kingambit
|-damage|p1a: Kingambit|0 fnt
|faint|p1a: Kingambit
|-end|p1a: Kingambit|fallen5|[silent]
|
|win|Why Dusk
|raw|Tteokbokkei's rating: 1076 &rarr; <strong>1057</strong><br />(-19 for losing)
|raw|Why Dusk's rating: 1109 &rarr; <strong>1132</strong><br />(+23 for winning)
|c|☆Tteokbokkei|gg
|l|☆Tteokbokkei
|player|p1|
|l|☆Why Dusk
|player|p2|
