|j|☆chaheed
|j|☆IzzyFl0
|t:|1758955037
|gametype|singles
|player|p1|chaheed|ninjaboy|1747
|player|p2|IzzyFl0|unknown|1672
|gen|9
|tier|[Gen 9] OU
|rated|
|rule|HP Percentage Mod: HP is shown in percentages
|rule|Endless Battle Clause: Forcing endless battles is banned
|rule|Species Clause: Limit one of each Pokémon
|rule|OHKO Clause: OHKO moves are banned
|rule|Evasion Items Clause: Evasion items are banned
|rule|Evasion Moves Clause: Evasion moves are banned
|rule|Evasion Abilities Clause: Evasion abilities are banned
|rule|Sleep Moves Clause: Sleep-inducing moves are banned
|clearpoke
|poke|p1|Dragonite, F|
|poke|p1|Dragapult, F|
|poke|p1|Iron Moth|
|poke|p1|Greninja-*, M|
|poke|p1|Serperior, M|
|poke|p1|Iron Treads|
|poke|p2|Kommo-o, M|
|poke|p2|Gholdengo|
|poke|p2|Ninetales-Alola, F|
|poke|p2|Hatterene, F|
|poke|p2|Zamazenta-*|
|poke|p2|Kingambit, F|
|teampreview
|inactive|Battle timer is ON: inactive players will automatically lose when time's up. (requested by IzzyFl0)
|
|t:|1758955049
|teamsize|p1|6
|teamsize|p2|6
|start
|switch|p1a: Iron Moth|Iron Moth|100/100
|switch|p2a: Zamazenta|Zamazenta|100/100
|-ability|p2a: Zamazenta|Dauntless Shield|boost
|-boost|p2a: Zamazenta|def|1
|-enditem|p1a: Iron Moth|Booster Energy
|-activate|p1a: Iron Moth|ability: Quark Drive|[fromitem]
|-start|p1a: Iron Moth|quarkdrivespe
|turn|1
|
|t:|1758955061
|move|p1a: Iron Moth|Sludge Wave|p2a: Zamazenta
|-damage|p2a: Zamazenta|54/100
|move|p2a: Zamazenta|Stone Edge|p1a: Iron Moth
|-supereffective|p1a: Iron Moth
|-damage|p1a: Iron Moth|0 fnt
|faint|p1a: Iron Moth
|-end|p1a: Iron Moth|Quark Drive|[silent]
|-damage|p2a: Zamazenta|44/100|[from] item: Life Orb
|
|upkeep
|
|t:|1758955081
|switch|p1a: Dragapult|Dragapult, F|100/100
|turn|2
|
|t:|1758955097
|move|p1a: Dragapult|Will-O-Wisp|p2a: Zamazenta
|-status|p2a: Zamazenta|brn
|move|p2a: Zamazenta|Crunch|p1a: Dragapult
|-supereffective|p1a: Dragapult
|-damage|p1a: Dragapult|47/100
|-damage|p2a: Zamazenta|35/100 brn|[from] item: Life Orb
|
|-damage|p2a: Zamazenta|28/100 brn|[from] brn
|upkeep
|turn|3
|
|t:|1758955108
|move|p1a: Dragapult|Hex|p2a: Zamazenta
|-damage|p2a: Zamazenta|0 fnt
|faint|p2a: Zamazenta
|
|upkeep
|j| iron quark
|
|t:|1758955119
|switch|p2a: Ninetales|Ninetales-Alola, F|100/100
|-weather|Snowscape|[from] ability: Snow Warning|[of] p2a: Ninetales
|turn|4
|
|t:|1758955123
|move|p1a: Dragapult|Will-O-Wisp|p2a: Ninetales
|-status|p2a: Ninetales|brn
|move|p2a: Ninetales|Aurora Veil|p2a: Ninetales
|-sidestart|p2: IzzyFl0|move: Aurora Veil
|
|-weather|Snowscape|[upkeep]
|-damage|p2a: Ninetales|94/100 brn|[from] brn
|upkeep
|turn|5
|
|t:|1758955136
|move|p1a: Dragapult|Hex|p2a: Ninetales
|-damage|p2a: Ninetales|41/100 brn
|move|p2a: Ninetales|Freeze-Dry|p1a: Dragapult
|-supereffective|p1a: Dragapult
|-damage|p1a: Dragapult|0 fnt
|faint|p1a: Dragapult
|
|-weather|Snowscape|[upkeep]
|-damage|p2a: Ninetales|35/100 brn|[from] brn
|upkeep
|
|t:|1758955145
|switch|p1a: Iron Treads|Iron Treads|100/100
|-enditem|p1a: Iron Treads|Booster Energy
|-activate|p1a: Iron Treads|ability: Quark Drive|[fromitem]
|-start|p1a: Iron Treads|quarkdrivespe
|turn|6
|
|t:|1758955172
|switch|p2a: Gholdengo|Gholdengo|100/100
|move|p1a: Iron Treads|Earthquake|p2a: Gholdengo
|-supereffective|p2a: Gholdengo
|-damage|p2a: Gholdengo|47/100
|
|-weather|Snowscape|[upkeep]
|upkeep
|turn|7
|
|t:|1758955182
|move|p1a: Iron Treads|Earthquake|p2a: Gholdengo
|-supereffective|p2a: Gholdengo
|-damage|p2a: Gholdengo|0 fnt
|faint|p2a: Gholdengo
|
|-weather|Snowscape|[upkeep]
|upkeep
|
|t:|1758955187
|switch|p2a: Kommo-o|Kommo-o, M|100/100
|turn|8
|
|t:|1758955192
|move|p1a: Iron Treads|Ice Spinner|p2a: Kommo-o
|-supereffective|p2a: Kommo-o
|-damage|p2a: Kommo-o|75/100
|move|p2a: Kommo-o|Clangorous Soul|p2a: Kommo-o
|-boost|p2a: Kommo-o|atk|1
|-boost|p2a: Kommo-o|def|1
|-boost|p2a: Kommo-o|spa|1
|-boost|p2a: Kommo-o|spd|1
|-boost|p2a: Kommo-o|spe|1
|-damage|p2a: Kommo-o|42/100
|-enditem|p2a: Kommo-o|Throat Spray
|-boost|p2a: Kommo-o|spa|1|[from] item: Throat Spray
|
|-weather|none
|upkeep
|turn|9
|
|t:|1758955206
|-terastallize|p1a: Iron Treads|Ghost
|move|p1a: Iron Treads|Ice Spinner|p2a: Kommo-o
|-supereffective|p2a: Kommo-o
|-damage|p2a: Kommo-o|27/100
|move|p2a: Kommo-o|Flamethrower|p1a: Iron Treads
|-damage|p1a: Iron Treads|22/100
|
|upkeep
|turn|10
|
|t:|1758955219
|move|p1a: Iron Treads|Earthquake|p2a: Kommo-o
|-damage|p2a: Kommo-o|13/100
|move|p2a: Kommo-o|Clanging Scales|p1a: Iron Treads
|-damage|p1a: Iron Treads|0 fnt
|faint|p1a: Iron Treads
|-end|p1a: Iron Treads|Quark Drive|[silent]
|-unboost|p2a: Kommo-o|def|1
|
|upkeep
|
|t:|1758955236
|switch|p1a: Serperior|Serperior, M|100/100
|turn|11
|
|t:|1758955243
|move|p1a: Serperior|Endure|p1a: Serperior
|-singleturn|p1a: Serperior|move: Endure
|move|p2a: Kommo-o|Clanging Scales|p1a: Serperior
|-activate|p1a: Serperior|move: Endure
|-damage|p1a: Serperior|1/100
|-unboost|p2a: Kommo-o|def|1
|
|-sideend|p2: IzzyFl0|move: Aurora Veil
|upkeep
|turn|12
|-enditem|p1a: Serperior|Custap Berry|[eat]
|-activate|p1a: Serperior|item: Custap Berry|[consumed]
|
|t:|1758955250
|move|p1a: Serperior|Leaf Storm|p2a: Kommo-o|[miss]
|-miss|p1a: Serperior|p2a: Kommo-o
|move|p2a: Kommo-o|Flamethrower|p1a: Serperior
|-supereffective|p1a: Serperior
|-damage|p1a: Serperior|0 fnt
|faint|p1a: Serperior
|
|upkeep
|
|t:|1758955258
|switch|p1a: Greninja|Greninja, M|100/100
|turn|13
|
|t:|1758955263
|move|p1a: Greninja|Water Shuriken|p2a: Kommo-o
|-resisted|p2a: Kommo-o
|-damage|p2a: Kommo-o|9/100
|-resisted|p2a: Kommo-o
|-crit|p2a: Kommo-o
|-damage|p2a: Kommo-o|1/100
|-resisted|p2a: Kommo-o
|-damage|p2a: Kommo-o|0 fnt
|faint|p2a: Kommo-o
|-ability|p1a: Greninja|Battle Bond|boost
|-boost|p1a: Greninja|atk|1
|-boost|p1a: Greninja|spa|1
|-boost|p1a: Greninja|spe|1
|-activate|p1a: Greninja|ability: Battle Bond
|-hitcount|p2: Kommo-o|3
|-damage|p1a: Greninja|91/100|[from] item: Life Orb
|
|upkeep
|
|t:|1758955292
|switch|p2a: Hatterene|Hatterene, F|100/100
|turn|14
|inactive|IzzyFl0 has 120 seconds left.
|
|t:|1758955330
|move|p1a: Greninja|Dark Pulse|p2a: Hatterene
|-damage|p2a: Hatterene|27/100
|-damage|p1a: Greninja|81/100|[from] item: Life Orb
|move|p2a: Hatterene|Draining Kiss|p1a: Greninja
|-supereffective|p1a: Greninja
|-damage|p1a: Greninja|7/100
|-heal|p2a: Hatterene|77/100|[from] drain|[of] p1a: Greninja
|
|upkeep
|turn|15
|
|t:|1758955341
|move|p1a: Greninja|Surf|p2a: Hatterene
|-damage|p2a: Hatterene|0 fnt
|faint|p2a: Hatterene
|-damage|p1a: Greninja|0 fnt|[from] item: Life Orb
|faint|p1a: Greninja
|
|upkeep
|
|t:|1758955350
|switch|p1a: Dragonite|Dragonite, F|100/100
|switch|p2a: Ninetales|Ninetales-Alola, F|35/100 brn
|-weather|Snowscape|[from] ability: Snow Warning|[of] p2a: Ninetales
|turn|16
|j| bananana324
|
|t:|1758955365
|move|p2a: Ninetales|Aurora Veil|p2a: Ninetales
|-sidestart|p2: IzzyFl0|move: Aurora Veil
|move|p1a: Dragonite|Dragon Dance|p1a: Dragonite
|-boost|p1a: Dragonite|atk|1
|-boost|p1a: Dragonite|spe|1
|
|-weather|Snowscape|[upkeep]
|-damage|p2a: Ninetales|29/100 brn|[from] brn
|upkeep
|turn|17
|
|t:|1758955375
|move|p1a: Dragonite|Encore|p2a: Ninetales
|-start|p2a: Ninetales|Encore
|move|p2a: Ninetales|Aurora Veil||[still]
|-fail|p2a: Ninetales
|
|-weather|Snowscape|[upkeep]
|-damage|p2a: Ninetales|23/100 brn|[from] brn
|upkeep
|turn|18
|
|t:|1758955381
|switch|p2a: Kingambit|Kingambit, F|100/100
|-activate|p2a: Kingambit|ability: Supreme Overlord
|-start|p2a: Kingambit|fallen4|[silent]
|-item|p2a: Kingambit|Air Balloon
|move|p1a: Dragonite|Dragon Dance|p1a: Dragonite
|-boost|p1a: Dragonite|atk|1
|-boost|p1a: Dragonite|spe|1
|
|-weather|Snowscape|[upkeep]
|upkeep
|turn|19
|
|t:|1758955400
|move|p1a: Dragonite|Fire Punch|p2a: Kingambit
|-supereffective|p2a: Kingambit
|-damage|p2a: Kingambit|53/100
|-enditem|p2a: Kingambit|Air Balloon
|move|p2a: Kingambit|Kowtow Cleave|p1a: Dragonite
|-damage|p1a: Dragonite|65/100
|
|-weather|Snowscape|[upkeep]
|upkeep
|turn|20
|
|t:|1758955411
|-terastallize|p2a: Kingambit|Dark
|move|p1a: Dragonite|Fire Punch|p2a: Kingambit
|-damage|p2a: Kingambit|29/100
|move|p2a: Kingambit|Kowtow Cleave|p1a: Dragonite
|-damage|p1a: Dragonite|0 fnt
|faint|p1a: Dragonite
|
|win|IzzyFl0
|raw|chaheed's rating: 1747 &rarr; <strong>1723</strong><br />(-24 for losing)
|raw|IzzyFl0's rating: 1672 &rarr; <strong>1696</strong><br />(+24 for winning)
|l|☆chaheed
|player|p1|
|l| iron quark
|l|☆IzzyFl0
|player|p2|
