|j|☆miataylor612
|j|☆Shibuya Arc
|t:|1759000115
|gametype|singles
|player|p1|miataylor612|idol|1729
|player|p2|Shibuya Arc|169|1788
|gen|9
|tier|[Gen 9] OU
|rated|
|rule|HP Percentage Mod: HP is shown in percentages
|rule|Endless Battle Clause: Forcing endless battles is banned
|rule|Species Clause: Limit one of each Pokémon
|rule|OHKO Clause: OHKO moves are banned
|rule|Evasion Items Clause: Evasion items are banned
|rule|Evasion Moves Clause: Evasion moves are banned
|rule|Evasion Abilities Clause: Evasion abilities are banned
|rule|Sleep Moves Clause: Sleep-inducing moves are banned
|clearpoke
|poke|p1|Hoopa-Unbound|
|poke|p1|Pecharunt|
|poke|p1|Slowking-Galar, M|
|poke|p1|Great Tusk|
|poke|p1|Corviknight, F|
|poke|p1|Cinderace, F|
|poke|p2|Dragapult, M|
|poke|p2|Dragonite, F|
|poke|p2|Ting-Lu|
|poke|p2|Weezing-Galar, F|
|poke|p2|Iron Crown|
|poke|p2|Zapdos|
|teampreview
|inactive|Battle timer is ON: inactive players will automatically lose when time's up. (requested by miataylor612)
|
|t:|1759000124
|teamsize|p1|6
|teamsize|p2|6
|start
|switch|p1a: Slowking|Slowking-Galar, M|100/100
|switch|p2a: Ting-Lu|Ting-Lu|100/100
|-ability|p2a: Ting-Lu|Vessel of Ruin
|turn|1
|inactive|Shibuya Arc also wants the timer to be on.
|
|t:|1759000136
|move|p2a: Ting-Lu|Earthquake|p1a: Slowking
|-supereffective|p1a: Slowking
|-damage|p1a: Slowking|19/100
|move|p1a: Slowking|Sludge Bomb|p2a: Ting-Lu
|-resisted|p2a: Ting-Lu
|-damage|p2a: Ting-Lu|93/100
|
|-heal|p2a: Ting-Lu|99/100|[from] item: Leftovers
|upkeep
|turn|2
|j| Pa7riCK
|
|t:|1759000148
|switch|p1a: Corviknight|Corviknight, F|100/100
|-ability|p1a: Corviknight|Pressure
|move|p2a: Ting-Lu|Earthquake|p1a: Corviknight
|-immune|p1a: Corviknight
|
|-heal|p2a: Ting-Lu|100/100|[from] item: Leftovers
|upkeep
|turn|3
|
|t:|1759000153
|move|p1a: Corviknight|Body Press|p2a: Ting-Lu
|-supereffective|p2a: Ting-Lu
|-damage|p2a: Ting-Lu|70/100
|move|p2a: Ting-Lu|Earthquake|p1a: Corviknight
|-immune|p1a: Corviknight
|
|-heal|p2a: Ting-Lu|76/100|[from] item: Leftovers
|upkeep
|turn|4
|
|t:|1759000163
|move|p1a: Corviknight|U-turn|p2a: Ting-Lu
|-supereffective|p2a: Ting-Lu
|-damage|p2a: Ting-Lu|60/100
|
|t:|1759000166
|switch|p1a: Slowking|Slowking-Galar, M|53/100|[from] U-turn
|move|p2a: Ting-Lu|Ruination|p1a: Slowking
|-damage|p1a: Slowking|27/100
|
|-heal|p2a: Ting-Lu|67/100|[from] item: Leftovers
|upkeep
|turn|5
|
|t:|1759000173
|switch|p1a: Corviknight|Corviknight, F|100/100
|-ability|p1a: Corviknight|Pressure
|move|p2a: Ting-Lu|Ruination|p1a: Corviknight
|-damage|p1a: Corviknight|51/100
|
|-heal|p2a: Ting-Lu|73/100|[from] item: Leftovers
|upkeep
|turn|6
|
|t:|1759000181
|move|p1a: Corviknight|Body Press|p2a: Ting-Lu
|-supereffective|p2a: Ting-Lu
|-damage|p2a: Ting-Lu|45/100
|move|p2a: Ting-Lu|Stealth Rock|p1a: Corviknight
|-sidestart|p1: miataylor612|move: Stealth Rock
|
|-heal|p2a: Ting-Lu|51/100|[from] item: Leftovers
|upkeep
|turn|7
|
|t:|1759000188
|switch|p2a: Zapdos|Zapdos|100/100
|move|p1a: Corviknight|U-turn|p2a: Zapdos
|-resisted|p2a: Zapdos
|-damage|p2a: Zapdos|91/100
|
|t:|1759000191
|switch|p1a: Slowking|Slowking-Galar, M|60/100|[from] U-turn
|
|upkeep
|turn|8
|
|t:|1759000197
|move|p2a: Zapdos|Volt Switch|p1a: Slowking
|-damage|p1a: Slowking|40/100
|
|t:|1759000204
|switch|p2a: Weezing|Weezing-Galar, F|100/100|[from] Volt Switch
|-ability|p2a: Weezing|Neutralizing Gas
|-prepare|p1a: Slowking|Chilly Reception|[premajor]
|move|p1a: Slowking|Chilly Reception|p1a: Slowking
|-weather|Snowscape
|
|t:|1759000216
|switch|p1a: Hoopa|Hoopa-Unbound|100/100|[from] Chilly Reception
|-damage|p1a: Hoopa|88/100|[from] Stealth Rock
|
|-weather|Snowscape|[upkeep]
|upkeep
|turn|9
|
|t:|1759000221
|-end|p2a: Weezing|ability: Neutralizing Gas
|switch|p2a: Dragonite|Dragonite, F|100/100
|move|p1a: Hoopa|Knock Off|p2a: Dragonite
|-damage|p2a: Dragonite|73/100
|-enditem|p2a: Dragonite|Heavy-Duty Boots|[from] move: Knock Off|[of] p1a: Hoopa
|
|-weather|Snowscape|[upkeep]
|upkeep
|turn|10
|
|t:|1759000231
|move|p1a: Hoopa|Psychic Noise|p2a: Dragonite
|-damage|p2a: Dragonite|24/100
|-start|p2a: Dragonite|move: Heal Block
|cant|p2a: Dragonite|move: Heal Block|Roost
|
|-weather|Snowscape|[upkeep]
|upkeep
|turn|11
|
|t:|1759000240
|move|p1a: Hoopa|Psychic Noise|p2a: Dragonite
|-damage|p2a: Dragonite|0 fnt
|faint|p2a: Dragonite
|
|-weather|Snowscape|[upkeep]
|upkeep
|
|t:|1759000246
|switch|p2a: Dragapult|Dragapult, M|100/100
|turn|12
|
|t:|1759000254
|switch|p1a: Great Tusk|Great Tusk|100/100
|move|p2a: Dragapult|U-turn|p1a: Great Tusk
|-resisted|p1a: Great Tusk
|-damage|p1a: Great Tusk|93/100
|
|t:|1759000261
|switch|p2a: Iron Crown|Iron Crown|100/100|[from] U-turn
|
|-weather|none
|upkeep
|turn|13
|
|t:|1759000276
|-end|p1a: Great Tusk|Protosynthesis|[silent]
|switch|p1a: Cinderace|Cinderace, F|100/100
|move|p2a: Iron Crown|Tachyon Cutter|p1a: Cinderace
|-resisted|p1a: Cinderace
|-damage|p1a: Cinderace|76/100
|-resisted|p1a: Cinderace
|-damage|p1a: Cinderace|49/100
|-hitcount|p1a: Cinderace|2
|
|upkeep
|turn|14
|
|t:|1759000284
|-end|p2a: Iron Crown|Quark Drive|[silent]
|switch|p2a: Dragapult|Dragapult, M|100/100
|move|p1a: Cinderace|Pyro Ball|p2a: Dragapult
|-resisted|p2a: Dragapult
|-damage|p2a: Dragapult|62/100
|
|upkeep
|turn|15
|
|t:|1759000294
|-terastallize|p2a: Dragapult|Dragon
|move|p1a: Cinderace|Sucker Punch|p2a: Dragapult
|-start|p1a: Cinderace|typechange|Dark|[from] ability: Libero
|-damage|p2a: Dragapult|14/100
|move|p2a: Dragapult|Dragon Darts|p1a: Cinderace
|-damage|p1a: Cinderace|9/100
|-anim|p2a: Dragapult|Dragon Darts|p1a: Cinderace
|-crit|p1a: Cinderace
|-damage|p1a: Cinderace|0 fnt
|faint|p1a: Cinderace
|
|upkeep
|
|t:|1759000299
|switch|p1a: Great Tusk|Great Tusk|93/100
|turn|16
|
|t:|1759000305
|move|p2a: Dragapult|Will-O-Wisp|p1a: Great Tusk|[miss]
|-miss|p2a: Dragapult|p1a: Great Tusk
|move|p1a: Great Tusk|Rapid Spin|p2a: Dragapult
|-damage|p2a: Dragapult|0 fnt
|-boost|p1a: Great Tusk|spe|1
|-sideend|p1: miataylor612|Stealth Rock|[from] move: Rapid Spin|[of] p1a: Great Tusk
|faint|p2a: Dragapult
|
|upkeep
|
|t:|1759000311
|switch|p2a: Zapdos|Zapdos|91/100
|turn|17
|
|t:|1759000317
|-end|p1a: Great Tusk|Protosynthesis|[silent]
|switch|p1a: Slowking|Slowking-Galar, M|40/100
|move|p2a: Zapdos|Hurricane|p1a: Slowking
|-damage|p1a: Slowking|9/100
|
|upkeep
|turn|18
|
|t:|1759000329
|move|p2a: Zapdos|Volt Switch|p1a: Slowking
|-crit|p1a: Slowking
|-damage|p1a: Slowking|0 fnt
|faint|p1a: Slowking
|
|t:|1759000335
|switch|p2a: Ting-Lu|Ting-Lu|51/100|[from] Volt Switch
|-ability|p2a: Ting-Lu|Vessel of Ruin
|
|-heal|p2a: Ting-Lu|57/100|[from] item: Leftovers
|upkeep
|
|t:|1759000340
|switch|p1a: Great Tusk|Great Tusk|93/100
|turn|19
|
|t:|1759000346
|move|p1a: Great Tusk|Ice Spinner|p2a: Ting-Lu
|-supereffective|p2a: Ting-Lu
|-damage|p2a: Ting-Lu|25/100
|move|p2a: Ting-Lu|Ruination|p1a: Great Tusk
|-damage|p1a: Great Tusk|47/100
|
|-heal|p2a: Ting-Lu|31/100|[from] item: Leftovers
|upkeep
|turn|20
|
|t:|1759000354
|move|p1a: Great Tusk|Ice Spinner|p2a: Ting-Lu
|-supereffective|p2a: Ting-Lu
|-damage|p2a: Ting-Lu|3/100
|move|p2a: Ting-Lu|Whirlwind|p1a: Great Tusk
|-end|p1a: Great Tusk|Protosynthesis|[silent]
|drag|p1a: Hoopa|Hoopa-Unbound|88/100
|
|-heal|p2a: Ting-Lu|9/100|[from] item: Leftovers
|upkeep
|turn|21
|
|t:|1759000360
|switch|p2a: Zapdos|Zapdos|91/100
|move|p1a: Hoopa|Knock Off|p2a: Zapdos
|-damage|p2a: Zapdos|25/100
|-enditem|p2a: Zapdos|Heavy-Duty Boots|[from] move: Knock Off|[of] p1a: Hoopa
|
|upkeep
|turn|22
|
|t:|1759000366
|move|p2a: Zapdos|Volt Switch|p1a: Hoopa
|-damage|p1a: Hoopa|68/100
|
|t:|1759000372
|switch|p2a: Ting-Lu|Ting-Lu|9/100|[from] Volt Switch
|-ability|p2a: Ting-Lu|Vessel of Ruin
|move|p1a: Hoopa|Knock Off|p2a: Ting-Lu
|-resisted|p2a: Ting-Lu
|-damage|p2a: Ting-Lu|0 fnt
|-enditem|p2a: Ting-Lu|Leftovers|[from] move: Knock Off|[of] p1a: Hoopa
|faint|p2a: Ting-Lu
|
|upkeep
|
|t:|1759000378
|switch|p2a: Zapdos|Zapdos|25/100
|turn|23
|
|t:|1759000384
|move|p2a: Zapdos|Hurricane|p1a: Hoopa|[miss]
|-miss|p2a: Zapdos|p1a: Hoopa
|move|p1a: Hoopa|Thunderbolt|p2a: Zapdos
|-damage|p2a: Zapdos|0 fnt
|faint|p2a: Zapdos
|
|upkeep
|
|t:|1759000389
|switch|p2a: Iron Crown|Iron Crown|100/100
|turn|24
|j| cynasaurus
|
|t:|1759000395
|switch|p1a: Great Tusk|Great Tusk|47/100
|move|p2a: Iron Crown|Volt Switch|p1a: Great Tusk
|-immune|p1a: Great Tusk
|
|upkeep
|turn|25
|
|t:|1759000400
|move|p2a: Iron Crown|Volt Switch|p1a: Great Tusk
|-immune|p1a: Great Tusk
|move|p1a: Great Tusk|Headlong Rush|p2a: Iron Crown
|-supereffective|p2a: Iron Crown
|-damage|p2a: Iron Crown|0 fnt
|-unboost|p1a: Great Tusk|def|1
|-unboost|p1a: Great Tusk|spd|1
|faint|p2a: Iron Crown
|-end|p2a: Iron Crown|Quark Drive|[silent]
|
|upkeep
|
|t:|1759000406
|switch|p2a: Weezing|Weezing-Galar, F|100/100
|-ability|p2a: Weezing|Neutralizing Gas
|turn|26
|
|t:|1759000411
|-end|p1a: Great Tusk|Protosynthesis|[silent]
|switch|p1a: Pecharunt|Pecharunt|100/100
|move|p2a: Weezing|Toxic Spikes|p1a: Pecharunt
|-sidestart|p1: miataylor612|move: Toxic Spikes
|
|upkeep
|turn|27
|
|t:|1759000416
|move|p1a: Pecharunt|Malignant Chain|p2a: Weezing
|-damage|p2a: Weezing|60/100
|move|p2a: Weezing|Pain Split|p1a: Pecharunt
|-sethp|p1a: Pecharunt|77/100|[from] move: Pain Split|[silent]
|-sethp|p2a: Weezing|87/100|[from] move: Pain Split
|
|upkeep
|turn|28
|
|t:|1759000422
|move|p1a: Pecharunt|Malignant Chain|p2a: Weezing
|-damage|p2a: Weezing|46/100
|move|p2a: Weezing|Pain Split|p1a: Pecharunt
|-sethp|p1a: Pecharunt|59/100|[from] move: Pain Split|[silent]
|-sethp|p2a: Weezing|67/100|[from] move: Pain Split
|
|upkeep
|turn|29
|
|t:|1759000437
|move|p1a: Pecharunt|Malignant Chain|p2a: Weezing
|-damage|p2a: Weezing|21/100
|move|p2a: Weezing|Toxic Spikes|p1a: Pecharunt
|-sidestart|p1: miataylor612|move: Toxic Spikes
|
|upkeep
|turn|30
|
|t:|1759000441
|move|p1a: Pecharunt|Malignant Chain|p2a: Weezing
|-damage|p2a: Weezing|0 fnt
|faint|p2a: Weezing
|-end|p2a: Weezing|ability: Neutralizing Gas
|
|win|miataylor612
|raw|miataylor612's rating: 1729 &rarr; <strong>1752</strong><br />(+23 for winning)
|raw|Shibuya Arc's rating: 1788 &rarr; <strong>1765</strong><br />(-23 for losing)
