|j|☆enrique2503alt
|j|☆gashner
|t:|1759055746
|gametype|singles
|player|p1|enrique2503alt|ghetsis|1096
|player|p2|gashner|169|1167
|gen|9
|tier|[Gen 9] OU
|rated|
|rule|HP Percentage Mod: HP is shown in percentages
|rule|Endless Battle Clause: Forcing endless battles is banned
|rule|Species Clause: Limit one of each Pokémon
|rule|OHKO Clause: OHKO moves are banned
|rule|Evasion Items Clause: Evasion items are banned
|rule|Evasion Moves Clause: Evasion moves are banned
|rule|Evasion Abilities Clause: Evasion abilities are banned
|rule|Sleep Moves Clause: Sleep-inducing moves are banned
|clearpoke
|poke|p1|Maushold|
|poke|p1|Dragapult, F|
|poke|p1|Rillaboom, F|
|poke|p1|Hawlucha, M|
|poke|p1|Ogerpon-Wellspring, F|
|poke|p1|Corviknight, F|
|poke|p2|Tornadus, M|
|poke|p2|Toxtricity, M|
|poke|p2|Iron Valiant|
|poke|p2|Arcanine-Hisui, M|
|poke|p2|Brambleghast, M|
|poke|p2|Hydreigon, M|
|teampreview
|inactive|Battle timer is ON: inactive players will automatically lose when time's up. (requested by gashner)
|
|t:|1759055751
|teamsize|p1|6
|teamsize|p2|6
|start
|switch|p1a: Rillaboom|Rillaboom, F|100/100
|switch|p2a: Tornadus|Tornadus, M, shiny|100/100
|-fieldstart|move: Grassy Terrain|[from] ability: Grassy Surge|[of] p1a: Rillaboom
|turn|1
|
|t:|1759055761
|move|p2a: Tornadus|Tailwind|p2a: Tornadus
|-sidestart|p2: gashner|move: Tailwind
|move|p1a: Rillaboom|U-turn|p2a: Tornadus
|-resisted|p2a: Tornadus
|-damage|p2a: Tornadus|74/100
|-enditem|p2a: Tornadus|Eject Button
|-damage|p1a: Rillaboom|91/100|[from] item: Life Orb
|inactive|gashner has 120 seconds left.
|
|t:|1759055791
|switch|p2a: Brambleghast|Brambleghast, M, shiny|100/100
|-ability|p2a: Brambleghast|Wind Rider|boost
|-boost|p2a: Brambleghast|atk|1
|
|-heal|p1a: Rillaboom|97/100|[from] Grassy Terrain
|upkeep
|turn|2
|inactive|gashner has 120 seconds left.
|
|t:|1759055807
|switch|p1a: Corviknight|Corviknight, F|100/100
|-ability|p1a: Corviknight|Pressure
|move|p2a: Brambleghast|Poltergeist|p1a: Corviknight
|-activate|p1a: Corviknight|move: Poltergeist|Leftovers
|-damage|p1a: Corviknight|38/100
|-damage|p2a: Brambleghast|91/100|[from] item: Life Orb
|
|-heal|p2a: Brambleghast|97/100|[from] Grassy Terrain
|-heal|p1a: Corviknight|44/100|[from] item: Leftovers
|upkeep
|turn|3
|inactive|gashner has 120 seconds left.
|
|t:|1759055825
|move|p2a: Brambleghast|Poltergeist|p1a: Corviknight
|-activate|p1a: Corviknight|move: Poltergeist|Leftovers
|-damage|p1a: Corviknight|0 fnt
|faint|p1a: Corviknight
|-damage|p2a: Brambleghast|87/100|[from] item: Life Orb
|
|-heal|p2a: Brambleghast|93/100|[from] Grassy Terrain
|upkeep
|
|t:|1759055835
|switch|p1a: Maushold|Maushold|100/100
|turn|4
|
|t:|1759055851
|move|p2a: Brambleghast|Power Whip|p1a: Maushold
|-damage|p1a: Maushold|0 fnt
|faint|p1a: Maushold
|-damage|p2a: Brambleghast|83/100|[from] item: Life Orb
|
|-heal|p2a: Brambleghast|89/100|[from] Grassy Terrain
|-sideend|p2: gashner|move: Tailwind
|upkeep
|
|t:|1759055860
|switch|p1a: Hawlucha|Hawlucha, M|100/100
|-enditem|p1a: Hawlucha|Grassy Seed
|-boost|p1a: Hawlucha|def|1|[from] item: Grassy Seed
|turn|5
|
|t:|1759055877
|switch|p2a: Arcanine|Arcanine-Hisui, M, shiny|100/100
|move|p1a: Hawlucha|Swords Dance|p1a: Hawlucha
|-boost|p1a: Hawlucha|atk|2
|
|-fieldend|move: Grassy Terrain
|upkeep
|turn|6
|c|☆enrique2503alt|yess
|
|t:|1759055888
|-terastallize|p1a: Hawlucha|Flying
|-terastallize|p2a: Arcanine|Normal
|move|p2a: Arcanine|Extreme Speed|p1a: Hawlucha
|-damage|p1a: Hawlucha|51/100
|move|p1a: Hawlucha|Acrobatics|p2a: Arcanine
|-damage|p2a: Arcanine|0 fnt
|faint|p2a: Arcanine
|
|upkeep
|
|t:|1759055902
|switch|p2a: Toxtricity|Toxtricity, M, shiny|100/100
|turn|7
|c|☆enrique2503alt|ggs man
|
|t:|1759055907
|move|p1a: Hawlucha|Acrobatics|p2a: Toxtricity
|-resisted|p2a: Toxtricity
|-damage|p2a: Toxtricity|3/100
|move|p2a: Toxtricity|Overdrive|p1a: Hawlucha
|-supereffective|p1a: Hawlucha
|-damage|p1a: Hawlucha|0 fnt
|faint|p1a: Hawlucha
|
|upkeep
|
|t:|1759055917
|switch|p1a: Dragapult|Dragapult, F|100/100
|turn|8
|
|t:|1759055921
|move|p1a: Dragapult|Shadow Ball|p2a: Toxtricity
|-damage|p2a: Toxtricity|0 fnt
|faint|p2a: Toxtricity
|
|upkeep
|
|t:|1759055928
|switch|p2a: Tornadus|Tornadus, M, shiny|74/100
|turn|9
|
|t:|1759055942
|move|p1a: Dragapult|Shadow Ball|p2a: Tornadus
|-damage|p2a: Tornadus|0 fnt
|faint|p2a: Tornadus
|
|upkeep
|
|t:|1759055948
|switch|p2a: Hydreigon|Hydreigon, M, shiny|100/100
|turn|10
|c|☆enrique2503alt|no ggs is crazy
|
|t:|1759055953
|switch|p1a: Rillaboom|Rillaboom, F|97/100
|-fieldstart|move: Grassy Terrain|[from] ability: Grassy Surge|[of] p1a: Rillaboom
|move|p2a: Hydreigon|Draco Meteor|p1a: Rillaboom
|-damage|p1a: Rillaboom|2/100
|-unboost|p2a: Hydreigon|spa|2
|-enditem|p2a: Hydreigon|Eject Pack
|
|t:|1759055965
|switch|p2a: Iron Valiant|Iron Valiant, shiny|100/100
|
|-heal|p1a: Rillaboom|8/100|[from] Grassy Terrain
|upkeep
|turn|11
|
|t:|1759055973
|move|p2a: Iron Valiant|Vacuum Wave|p1a: Rillaboom
|-damage|p1a: Rillaboom|0 fnt
|faint|p1a: Rillaboom
|
|upkeep
|
|t:|1759055977
|switch|p1a: Dragapult|Dragapult, F|100/100
|turn|12
|
|t:|1759055997
|-end|p2a: Iron Valiant|Quark Drive|[silent]
|switch|p2a: Hydreigon|Hydreigon, M, shiny|100/100
|move|p1a: Dragapult|Shadow Ball|p2a: Hydreigon
|-resisted|p2a: Hydreigon
|-damage|p2a: Hydreigon|72/100
|
|upkeep
|turn|13
|
|t:|1759056018
|switch|p1a: Ogerpon|Ogerpon-Wellspring, F|100/100
|move|p2a: Hydreigon|Tailwind|p2a: Hydreigon
|-sidestart|p2: gashner|move: Tailwind
|
|upkeep
|turn|14
|
|t:|1759056027
|move|p2a: Hydreigon|Draco Meteor|p1a: Ogerpon
|-damage|p1a: Ogerpon|17/100
|-unboost|p2a: Hydreigon|spa|2
|move|p1a: Ogerpon|Ivy Cudgel|p2a: Hydreigon|[anim] Ivy Cudgel Water
|-resisted|p2a: Hydreigon
|-damage|p2a: Hydreigon|39/100
|
|-heal|p1a: Ogerpon|23/100|[from] Grassy Terrain
|-fieldend|move: Grassy Terrain
|upkeep
|turn|15
|
|t:|1759056038
|move|p2a: Hydreigon|Draco Meteor|p1a: Ogerpon
|-damage|p1a: Ogerpon|0 fnt
|-unboost|p2a: Hydreigon|spa|2
|faint|p1a: Ogerpon
|
|upkeep
|
|t:|1759056044
|switch|p1a: Dragapult|Dragapult, F|100/100
|turn|16
|
|t:|1759056073
|move|p2a: Hydreigon|Draco Meteor|p1a: Dragapult
|-supereffective|p1a: Dragapult
|-damage|p1a: Dragapult|45/100
|-unboost|p2a: Hydreigon|spa|2
|move|p1a: Dragapult|Shadow Ball|p2a: Hydreigon
|-resisted|p2a: Hydreigon
|-damage|p2a: Hydreigon|8/100
|-unboost|p2a: Hydreigon|spd|1
|
|-sideend|p2: gashner|move: Tailwind
|upkeep
|turn|17
|
|t:|1759056083
|move|p1a: Dragapult|Shadow Ball|p2a: Hydreigon
|-resisted|p2a: Hydreigon
|-damage|p2a: Hydreigon|0 fnt
|faint|p2a: Hydreigon
|
|upkeep
|
|t:|1759056087
|switch|p2a: Iron Valiant|Iron Valiant, shiny|100/100
|turn|18
|c|☆enrique2503alt|now its ggs
|
|t:|1759056092
|move|p1a: Dragapult|Shadow Ball|p2a: Iron Valiant
|-damage|p2a: Iron Valiant|15/100
|move|p2a: Iron Valiant|Shadow Ball|p1a: Dragapult
|-supereffective|p1a: Dragapult
|-damage|p1a: Dragapult|0 fnt
|faint|p1a: Dragapult
|
|win|gashner
|raw|enrique2503alt's rating: 1096 &rarr; <strong>1077</strong><br />(-19 for losing)
|raw|gashner's rating: 1167 &rarr; <strong>1187</strong><br />(+20 for winning)
|c|☆gashner|gg
|c|☆enrique2503alt|gg
|l|☆enrique2503alt
|player|p1|
