|j|☆spreadcrosser
|j|☆Azunail
|t:|1758993307
|gametype|singles
|player|p1|spreadcrosser|102|1495
|player|p2|Azunail|yellow|1547
|gen|9
|tier|[Gen 9] OU
|rated|
|rule|HP Percentage Mod: HP is shown in percentages
|rule|Endless Battle Clause: Forcing endless battles is banned
|rule|Species Clause: Limit one of each Pokémon
|rule|OHKO Clause: OHKO moves are banned
|rule|Evasion Items Clause: Evasion items are banned
|rule|Evasion Moves Clause: Evasion moves are banned
|rule|Evasion Abilities Clause: Evasion abilities are banned
|rule|Sleep Moves Clause: Sleep-inducing moves are banned
|clearpoke
|poke|p1|Serperior, M|
|poke|p1|Kingambit, F|
|poke|p1|Excadrill, M|
|poke|p1|Iron Hands|
|poke|p1|Ceruledge, M|
|poke|p1|Raging Bolt|
|poke|p2|Ribombee, M|
|poke|p2|Cinderace, M|
|poke|p2|Serperior, M|
|poke|p2|Mimikyu, F|
|poke|p2|Dragapult, M|
|poke|p2|Bisharp, F|
|teampreview
|inactive|Battle timer is ON: inactive players will automatically lose when time's up. (requested by spreadcrosser)
|
|t:|1758993315
|teamsize|p1|6
|teamsize|p2|6
|start
|switch|p1a: Excadrill|Excadrill, M|100/100
|switch|p2a: Ribombee|Ribombee, M|100/100
|-ability|p1a: Excadrill|Mold Breaker
|turn|1
|
|t:|1758993321
|move|p2a: Ribombee|Sticky Web|p1a: Excadrill
|-sidestart|p1: spreadcrosser|move: Sticky Web
|move|p1a: Excadrill|Stealth Rock|p2a: Ribombee
|-sidestart|p2: Azunail|move: Stealth Rock
|
|upkeep
|turn|2
|
|t:|1758993326
|move|p2a: Ribombee|Stun Spore|p1a: Excadrill
|-status|p1a: Excadrill|par
|move|p1a: Excadrill|Rock Tomb|p2a: Ribombee
|-supereffective|p2a: Ribombee
|-damage|p2a: Ribombee|12/100
|-unboost|p2a: Ribombee|spe|1
|
|upkeep
|turn|3
|
|t:|1758993332
|move|p2a: Ribombee|Moonblast|p1a: Excadrill
|-resisted|p1a: Excadrill
|-damage|p1a: Excadrill|73/100 par
|move|p1a: Excadrill|Rock Tomb|p2a: Ribombee
|-supereffective|p2a: Ribombee
|-damage|p2a: Ribombee|0 fnt
|faint|p2a: Ribombee
|
|upkeep
|
|t:|1758993338
|switch|p2a: Cinderace|Cinderace, M|100/100
|turn|4
|
|t:|1758993344
|move|p2a: Cinderace|Court Change|p2a: Cinderace
|-swapsideconditions
|-activate|p2a: Cinderace|move: Court Change
|move|p1a: Excadrill|Stealth Rock|p2a: Cinderace
|-sidestart|p2: Azunail|move: Stealth Rock
|
|upkeep
|turn|5
|
|t:|1758993348
|move|p2a: Cinderace|Pyro Ball|p1a: Excadrill
|-supereffective|p1a: Excadrill
|-damage|p1a: Excadrill|0 fnt
|faint|p1a: Excadrill
|
|upkeep
|
|t:|1758993352
|switch|p1a: Serperior|Serperior, M|100/100
|-damage|p1a: Serperior|88/100|[from] Stealth Rock
|turn|6
|
|t:|1758993357
|-terastallize|p1a: Serperior|Water
|move|p2a: Cinderace|Pyro Ball|p1a: Serperior
|-resisted|p1a: Serperior
|-damage|p1a: Serperior|53/100
|move|p1a: Serperior|Glare|p2a: Cinderace
|-status|p2a: Cinderace|par
|
|upkeep
|turn|7
|
|t:|1758993365
|move|p1a: Serperior|Synthesis|p1a: Serperior
|-heal|p1a: Serperior|100/100
|cant|p2a: Cinderace|par
|
|upkeep
|turn|8
|
|t:|1758993371
|move|p1a: Serperior|Leaf Storm|p2a: Cinderace
|-resisted|p2a: Cinderace
|-crit|p2a: Cinderace
|-damage|p2a: Cinderace|36/100 par
|-boost|p1a: Serperior|spa|2
|-damage|p1a: Serperior|91/100|[from] item: Life Orb
|cant|p2a: Cinderace|par
|
|upkeep
|turn|9
|
|t:|1758993379
|move|p1a: Serperior|Leaf Storm|p2a: Cinderace
|-resisted|p2a: Cinderace
|-damage|p2a: Cinderace|0 fnt
|-boost|p1a: Serperior|spa|2
|faint|p2a: Cinderace
|-damage|p1a: Serperior|81/100|[from] item: Life Orb
|
|upkeep
|
|t:|1758993383
|switch|p2a: Serperior|Serperior, M|100/100
|-activate|p2a: Serperior|move: Sticky Web
|-boost|p2a: Serperior|spe|1
|-damage|p2a: Serperior|88/100|[from] Stealth Rock
|turn|10
|
|t:|1758993389
|switch|p1a: Raging Bolt|Raging Bolt|100/100
|-damage|p1a: Raging Bolt|88/100|[from] Stealth Rock
|move|p2a: Serperior|Leaf Storm|p1a: Raging Bolt
|-resisted|p1a: Raging Bolt
|-damage|p1a: Raging Bolt|67/100
|-boost|p2a: Serperior|spa|2
|
|-heal|p2a: Serperior|94/100|[from] item: Leftovers
|-heal|p1a: Raging Bolt|73/100|[from] item: Leftovers
|upkeep
|turn|11
|
|t:|1758993403
|move|p2a: Serperior|Substitute|p2a: Serperior
|-start|p2a: Serperior|Substitute
|-damage|p2a: Serperior|70/100
|move|p1a: Raging Bolt|Dragon Pulse|p2a: Serperior
|-end|p2a: Serperior|Substitute
|
|-heal|p2a: Serperior|76/100|[from] item: Leftovers
|-heal|p1a: Raging Bolt|79/100|[from] item: Leftovers
|upkeep
|turn|12
|
|t:|1758993408
|move|p2a: Serperior|Dragon Pulse|p1a: Raging Bolt
|-supereffective|p1a: Raging Bolt
|-damage|p1a: Raging Bolt|12/100
|move|p1a: Raging Bolt|Dragon Pulse|p2a: Serperior
|-damage|p2a: Serperior|17/100
|
|-heal|p2a: Serperior|23/100|[from] item: Leftovers
|-heal|p1a: Raging Bolt|18/100|[from] item: Leftovers
|upkeep
|turn|13
|
|t:|1758993411
|move|p1a: Raging Bolt|Thunderclap|p2a: Serperior
|-resisted|p2a: Serperior
|-damage|p2a: Serperior|0 fnt
|faint|p2a: Serperior
|
|-heal|p1a: Raging Bolt|24/100|[from] item: Leftovers
|upkeep
|
|t:|1758993418
|switch|p2a: Dragapult|Dragapult, M|100/100
|-activate|p2a: Dragapult|move: Sticky Web
|-fail|p2a: Dragapult|unboost|[from] ability: Clear Body|[of] p2a: Dragapult
|-damage|p2a: Dragapult|88/100|[from] Stealth Rock
|turn|14
|
|t:|1758993428
|-end|p1a: Raging Bolt|Protosynthesis|[silent]
|switch|p1a: Kingambit|Kingambit, F|100/100
|-damage|p1a: Kingambit|94/100|[from] Stealth Rock
|-item|p1a: Kingambit|Air Balloon
|move|p2a: Dragapult|Dragon Darts|p1a: Kingambit
|-resisted|p1a: Kingambit
|-damage|p1a: Kingambit|85/100
|-enditem|p1a: Kingambit|Air Balloon
|-anim|p2a: Dragapult|Dragon Darts|p1a: Kingambit
|-resisted|p1a: Kingambit
|-damage|p1a: Kingambit|75/100
|-damage|p2a: Dragapult|78/100|[from] item: Life Orb
|
|upkeep
|turn|15
|
|t:|1758993435
|move|p2a: Dragapult|Flamethrower|p1a: Kingambit
|-supereffective|p1a: Kingambit
|-damage|p1a: Kingambit|13/100
|-damage|p2a: Dragapult|69/100|[from] item: Life Orb
|move|p1a: Kingambit|Kowtow Cleave|p2a: Dragapult
|-supereffective|p2a: Dragapult
|-damage|p2a: Dragapult|0 fnt
|faint|p2a: Dragapult
|
|upkeep
|
|t:|1758993441
|switch|p2a: Bisharp|Bisharp, F|100/100
|-activate|p2a: Bisharp|move: Sticky Web
|-unboost|p2a: Bisharp|spe|1
|-ability|p2a: Bisharp|Defiant|boost
|-boost|p2a: Bisharp|atk|2
|-damage|p2a: Bisharp|94/100|[from] Stealth Rock
|turn|16
|
|t:|1758993447
|move|p1a: Kingambit|Kowtow Cleave|p2a: Bisharp
|-resisted|p2a: Bisharp
|-damage|p2a: Bisharp|76/100
|move|p2a: Bisharp|Throat Chop|p1a: Kingambit
|-resisted|p1a: Kingambit
|-damage|p1a: Kingambit|0 fnt
|faint|p1a: Kingambit
|
|upkeep
|
|t:|1758993454
|switch|p1a: Iron Hands|Iron Hands|100/100
|-damage|p1a: Iron Hands|94/100|[from] Stealth Rock
|-enditem|p1a: Iron Hands|Booster Energy
|-activate|p1a: Iron Hands|ability: Quark Drive|[fromitem]
|-start|p1a: Iron Hands|quarkdriveatk
|turn|17
|
|t:|1758993466
|-terastallize|p2a: Bisharp|Fire
|move|p1a: Iron Hands|Earthquake|p2a: Bisharp
|-supereffective|p2a: Bisharp
|-damage|p2a: Bisharp|0 fnt
|faint|p2a: Bisharp
|
|upkeep
|
|t:|1758993470
|switch|p2a: Mimikyu|Mimikyu, F|100/100
|-activate|p2a: Mimikyu|move: Sticky Web
|-unboost|p2a: Mimikyu|spe|1
|-damage|p2a: Mimikyu|88/100|[from] Stealth Rock
|turn|18
|
|t:|1758993478
|move|p2a: Mimikyu|Play Rough|p1a: Iron Hands
|-supereffective|p1a: Iron Hands
|-damage|p1a: Iron Hands|40/100
|move|p1a: Iron Hands|Earthquake|p2a: Mimikyu
|-activate|p2a: Mimikyu|ability: Disguise
|-damage|p2a: Mimikyu|88/100
|detailschange|p2a: Mimikyu|Mimikyu-Busted, F
|-damage|p2a: Mimikyu|76/100|[from] pokemon: Mimikyu-Busted
|-enditem|p2a: Mimikyu|Red Card|[of] p1a: Iron Hands
|-end|p1a: Iron Hands|Quark Drive|[silent]
|drag|p1a: Raging Bolt|Raging Bolt|24/100
|-damage|p1a: Raging Bolt|12/100|[from] Stealth Rock
|
|-heal|p1a: Raging Bolt|18/100|[from] item: Leftovers
|upkeep
|turn|19
|
|t:|1758993486
|move|p1a: Raging Bolt|Thunderclap|p2a: Mimikyu
|-damage|p2a: Mimikyu|23/100
|move|p2a: Mimikyu|Shadow Claw|p1a: Raging Bolt
|-damage|p1a: Raging Bolt|0 fnt
|faint|p1a: Raging Bolt
|-end|p1a: Raging Bolt|Protosynthesis|[silent]
|
|upkeep
|-message|Azunail forfeited.
|
|win|spreadcrosser
|raw|spreadcrosser's rating: 1495 &rarr; <strong>1518</strong><br />(+23 for winning)
|raw|Azunail's rating: 1547 &rarr; <strong>1524</strong><br />(-23 for losing)
|l|☆Azunail
|player|p2|
