|j|☆Dryosaurus
|j|☆ilytrix
|t:|1759033686
|gametype|singles
|player|p1|Dryosaurus|koga|1577
|player|p2|ilytrix|n-masters|1689
|gen|9
|tier|[Gen 9] OU
|rated|
|rule|HP Percentage Mod: HP is shown in percentages
|rule|Endless Battle Clause: Forcing endless battles is banned
|rule|Species Clause: Limit one of each Pokémon
|rule|OHKO Clause: OHKO moves are banned
|rule|Evasion Items Clause: Evasion items are banned
|rule|Evasion Moves Clause: Evasion moves are banned
|rule|Evasion Abilities Clause: Evasion abilities are banned
|rule|Sleep Moves Clause: Sleep-inducing moves are banned
|clearpoke
|poke|p1|Typhlosion-Hisui, M|
|poke|p1|Conkeldurr, M|
|poke|p1|Ting-Lu|
|poke|p1|Gholdengo|
|poke|p1|Voltorb|
|poke|p1|Alomomola, F|
|poke|p2|Ogerpon-Wellspring, F|
|poke|p2|Raging Bolt|
|poke|p2|Latias, F|
|poke|p2|Kyurem|
|poke|p2|Ninetales-Alola, F|
|poke|p2|Iron Moth|
|teampreview
|
|t:|1759033709
|teamsize|p1|6
|teamsize|p2|6
|start
|switch|p1a: Typhlosion|Typhlosion-Hisui, M|100/100
|switch|p2a: snow bunny|Ninetales-Alola, F|100/100
|-weather|Snowscape|[from] ability: Snow Warning|[of] p2a: snow bunny
|turn|1
|
|t:|1759033718
|switch|p2a: 50/50|Raging Bolt|100/100
|-enditem|p2a: 50/50|Booster Energy
|-activate|p2a: 50/50|ability: Protosynthesis|[fromitem]
|-start|p2a: 50/50|protosynthesisspa
|move|p1a: Typhlosion|Eruption|p2a: 50/50
|-resisted|p2a: 50/50
|-damage|p2a: 50/50|71/100
|
|-weather|Snowscape|[upkeep]
|upkeep
|turn|2
|
|t:|1759033727
|switch|p1a: Ting-Lu|Ting-Lu|100/100
|-ability|p1a: Ting-Lu|Vessel of Ruin
|move|p2a: 50/50|Calm Mind|p2a: 50/50
|-boost|p2a: 50/50|spa|1
|-boost|p2a: 50/50|spd|1
|
|-weather|Snowscape|[upkeep]
|upkeep
|turn|3
|
|t:|1759033734
|move|p2a: 50/50|Dragon Pulse|p1a: Ting-Lu
|-damage|p1a: Ting-Lu|62/100
|move|p1a: Ting-Lu|Earthquake|p2a: 50/50
|-supereffective|p2a: 50/50
|-damage|p2a: 50/50|7/100
|
|-weather|Snowscape|[upkeep]
|-heal|p1a: Ting-Lu|68/100|[from] item: Leftovers
|upkeep
|turn|4
|
|t:|1759033743
|move|p2a: 50/50|Dragon Pulse|p1a: Ting-Lu
|-damage|p1a: Ting-Lu|26/100
|move|p1a: Ting-Lu|Stealth Rock|p2a: 50/50
|-sidestart|p2: ilytrix|move: Stealth Rock
|
|-weather|Snowscape|[upkeep]
|-heal|p1a: Ting-Lu|32/100|[from] item: Leftovers
|upkeep
|turn|5
|
|t:|1759033750
|move|p2a: 50/50|Dragon Pulse|p1a: Ting-Lu
|-damage|p1a: Ting-Lu|0 fnt
|faint|p1a: Ting-Lu
|
|-weather|none
|upkeep
|
|t:|1759033756
|switch|p1a: Voltorb|Voltorb, shiny|100/100
|turn|6
|
|t:|1759033759
|move|p2a: 50/50|Thunderclap|p1a: Voltorb
|-resisted|p1a: Voltorb
|-enditem|p1a: Voltorb|Focus Sash
|-damage|p1a: Voltorb|1/100
|move|p1a: Voltorb|Tera Blast|p2a: 50/50
|-damage|p2a: 50/50|0 fnt
|faint|p2a: 50/50
|-end|p2a: 50/50|Protosynthesis|[silent]
|
|upkeep
|
|t:|1759033763
|switch|p2a: snow bunny|Ninetales-Alola, F|100/100
|-damage|p2a: snow bunny|76/100|[from] Stealth Rock
|-weather|Snowscape|[from] ability: Snow Warning|[of] p2a: snow bunny
|turn|7
|
|t:|1759033771
|move|p2a: snow bunny|Aurora Veil|p2a: snow bunny
|-sidestart|p2: ilytrix|move: Aurora Veil
|move|p1a: Voltorb|Thunder Wave|p2a: snow bunny
|-status|p2a: snow bunny|par
|
|-weather|Snowscape|[upkeep]
|upkeep
|turn|8
|
|t:|1759033781
|move|p1a: Voltorb|Thunder|p2a: snow bunny
|-damage|p2a: snow bunny|57/100 par
|cant|p2a: snow bunny|par
|
|-weather|Snowscape|[upkeep]
|upkeep
|turn|9
|
|t:|1759033787
|move|p1a: Voltorb|Thunder|p2a: snow bunny|[miss]
|-miss|p1a: Voltorb|p2a: snow bunny
|move|p2a: snow bunny|Freeze-Dry|p1a: Voltorb
|-damage|p1a: Voltorb|0 fnt
|faint|p1a: Voltorb
|
|-weather|Snowscape|[upkeep]
|upkeep
|
|t:|1759033794
|switch|p1a: Typhlosion|Typhlosion-Hisui, M|100/100
|turn|10
|
|t:|1759033798
|switch|p2a: MoveMerchant|Iron Moth|100/100
|-damage|p2a: MoveMerchant|76/100|[from] Stealth Rock
|-enditem|p2a: MoveMerchant|Booster Energy
|-activate|p2a: MoveMerchant|ability: Quark Drive|[fromitem]
|-start|p2a: MoveMerchant|quarkdrivespe
|move|p1a: Typhlosion|Calm Mind|p1a: Typhlosion
|-boost|p1a: Typhlosion|spa|1
|-boost|p1a: Typhlosion|spd|1
|
|-weather|Snowscape|[upkeep]
|upkeep
|turn|11
|
|t:|1759033808
|move|p2a: MoveMerchant|Fiery Dance|p1a: Typhlosion
|-resisted|p1a: Typhlosion
|-damage|p1a: Typhlosion|82/100
|-boost|p2a: MoveMerchant|spa|1
|move|p1a: Typhlosion|Calm Mind|p1a: Typhlosion
|-boost|p1a: Typhlosion|spa|1
|-boost|p1a: Typhlosion|spd|1
|
|-weather|none
|upkeep
|turn|12
|
|t:|1759033816
|-end|p2a: MoveMerchant|Quark Drive|[silent]
|switch|p2a: Ogerpon|Ogerpon-Wellspring, F|100/100
|-damage|p2a: Ogerpon|88/100|[from] Stealth Rock
|move|p1a: Typhlosion|Hex|p2a: Ogerpon
|-damage|p2a: Ogerpon|51/100
|
|upkeep
|turn|13
|
|t:|1759033827
|switch|p1a: Alomomola|Alomomola, F|100/100
|move|p2a: Ogerpon|Ivy Cudgel|p1a: Alomomola|[anim] Ivy Cudgel Water
|-resisted|p1a: Alomomola
|-damage|p1a: Alomomola|84/100
|
|upkeep
|turn|14
|
|t:|1759033833
|switch|p1a: Gholdengo|Gholdengo|100/100
|-item|p1a: Gholdengo|Air Balloon
|move|p2a: Ogerpon|Swords Dance|p2a: Ogerpon
|-boost|p2a: Ogerpon|atk|2
|
|-sideend|p2: ilytrix|move: Aurora Veil
|upkeep
|turn|15
|
|t:|1759033840
|move|p2a: Ogerpon|Ivy Cudgel|p1a: Gholdengo|[anim] Ivy Cudgel Water
|-damage|p1a: Gholdengo|20/100
|-enditem|p1a: Gholdengo|Air Balloon
|move|p1a: Gholdengo|Thunder Wave|p2a: Ogerpon
|-status|p2a: Ogerpon|par
|
|upkeep
|turn|16
|
|t:|1759033847
|move|p1a: Gholdengo|Hex|p2a: Ogerpon
|-damage|p2a: Ogerpon|0 fnt
|faint|p2a: Ogerpon
|
|upkeep
|
|t:|1759033850
|switch|p2a: snow bunny|Ninetales-Alola, F|57/100 par
|-damage|p2a: snow bunny|32/100 par|[from] Stealth Rock
|-weather|Snowscape|[from] ability: Snow Warning|[of] p2a: snow bunny
|turn|17
|
|t:|1759033855
|move|p1a: Gholdengo|Hex|p2a: snow bunny
|-damage|p2a: snow bunny|0 fnt
|faint|p2a: snow bunny
|
|-weather|Snowscape|[upkeep]
|upkeep
|
|t:|1759033857
|switch|p2a: MoveMerchant|Iron Moth|76/100
|-damage|p2a: MoveMerchant|51/100|[from] Stealth Rock
|turn|18
|
|t:|1759033869
|move|p2a: MoveMerchant|Fiery Dance|p1a: Gholdengo
|-supereffective|p1a: Gholdengo
|-damage|p1a: Gholdengo|0 fnt
|-boost|p2a: MoveMerchant|spa|1
|faint|p1a: Gholdengo
|
|-weather|Snowscape|[upkeep]
|upkeep
|
|t:|1759033900
|switch|p1a: Alomomola|Alomomola, F|100/100
|turn|19
|
|t:|1759033904
|move|p2a: MoveMerchant|Energy Ball|p1a: Alomomola
|-supereffective|p1a: Alomomola
|-damage|p1a: Alomomola|0 fnt
|faint|p1a: Alomomola
|
|-weather|Snowscape|[upkeep]
|upkeep
|
|t:|1759033910
|switch|p1a: Conkeldurr|Conkeldurr, M, shiny|100/100
|turn|20
|
|t:|1759033915
|move|p2a: MoveMerchant|Dazzling Gleam|p1a: Conkeldurr
|-supereffective|p1a: Conkeldurr
|-damage|p1a: Conkeldurr|0 fnt
|faint|p1a: Conkeldurr
|
|-weather|Snowscape|[upkeep]
|upkeep
|
|t:|1759033920
|switch|p1a: Typhlosion|Typhlosion-Hisui, M|82/100
|turn|21
|
|t:|1759033924
|move|p2a: MoveMerchant|Sludge Wave|p1a: Typhlosion
|-resisted|p1a: Typhlosion
|-crit|p1a: Typhlosion
|-damage|p1a: Typhlosion|13/100
|move|p1a: Typhlosion|Calm Mind|p1a: Typhlosion
|-boost|p1a: Typhlosion|spa|1
|-boost|p1a: Typhlosion|spd|1
|
|-weather|none
|upkeep
|turn|22
|-message|Dryosaurus forfeited.
|
|win|ilytrix
|raw|Dryosaurus's rating: 1577 &rarr; <strong>1563</strong><br />(-14 for losing)
|raw|ilytrix's rating: 1681 &rarr; <strong>1695</strong><br />(+14 for winning)
|l|☆Dryosaurus
|player|p1|
|l|☆ilytrix
|player|p2|
