|j|☆victory 4 u
|j|☆dimeeenietreecko
|t:|1759058764
|gametype|singles
|player|p1|victory 4 u|102|1113
|player|p2|dimeeenietreecko|265|1037
|gen|9
|tier|[Gen 9] OU
|rated|
|rule|HP Percentage Mod: HP is shown in percentages
|rule|Endless Battle Clause: Forcing endless battles is banned
|rule|Species Clause: Limit one of each Pokémon
|rule|OHKO Clause: OHKO moves are banned
|rule|Evasion Items Clause: Evasion items are banned
|rule|Evasion Moves Clause: Evasion moves are banned
|rule|Evasion Abilities Clause: Evasion abilities are banned
|rule|Sleep Moves Clause: Sleep-inducing moves are banned
|clearpoke
|poke|p1|Plusle, M|
|poke|p1|Flapple, M|
|poke|p1|Moltres|
|poke|p1|Great Tusk|
|poke|p1|Conkeldurr, F|
|poke|p1|Thundurus-Therian, M|
|poke|p2|Gliscor, F|
|poke|p2|Talonflame, M|
|poke|p2|Frosmoth, M|
|poke|p2|Araquanid, M|
|poke|p2|Tropius, F|
|poke|p2|Houndoom, M|
|teampreview
|inactive|Battle timer is ON: inactive players will automatically lose when time's up. (requested by dimeeenietreecko)
|
|t:|1759058773
|teamsize|p1|6
|teamsize|p2|6
|start
|switch|p1a: schindler|Plusle, M|100/100
|switch|p2a: Houndoom|Houndoom, M|100/100
|turn|1
|
|t:|1759058783
|move|p2a: Houndoom|Fire Blast|p1a: schindler
|-damage|p1a: schindler|25/100
|move|p1a: schindler|Volt Switch|p2a: Houndoom
|-damage|p2a: Houndoom|39/100
|
|t:|1759058790
|switch|p1a: useless|Flapple, M|100/100|[from] Volt Switch
|
|upkeep
|turn|2
|
|t:|1759058796
|move|p1a: useless|Sucker Punch||[still]
|-fail|p1a: useless
|move|p2a: Houndoom|Destiny Bond|p2a: Houndoom
|-singlemove|p2a: Houndoom|Destiny Bond
|
|upkeep
|turn|3
|
|t:|1759058816
|switch|p1a: schindler|Plusle, M|25/100
|move|p2a: Houndoom|Fire Blast|p1a: schindler
|-damage|p1a: schindler|0 fnt
|faint|p1a: schindler
|
|upkeep
|
|t:|1759058835
|switch|p1a: pls|Thundurus-Therian, M|100/100
|turn|4
|
|t:|1759058842
|move|p2a: Houndoom|Endure|p2a: Houndoom
|-singleturn|p2a: Houndoom|move: Endure
|move|p1a: pls|Agility|p1a: pls
|-boost|p1a: pls|spe|2
|
|upkeep
|turn|5
|
|t:|1759058849
|move|p2a: Houndoom|Endure|p2a: Houndoom
|-singleturn|p2a: Houndoom|move: Endure
|move|p1a: pls|Thunderbolt|p2a: Houndoom
|-activate|p2a: Houndoom|move: Endure
|-damage|p2a: Houndoom|1/100
|
|upkeep
|turn|6
|-enditem|p2a: Houndoom|Custap Berry|[eat]
|-activate|p2a: Houndoom|item: Custap Berry|[consumed]
|
|t:|1759058857
|move|p2a: Houndoom|Destiny Bond|p2a: Houndoom
|-singlemove|p2a: Houndoom|Destiny Bond
|move|p1a: pls|Nasty Plot|p1a: pls
|-boost|p1a: pls|spa|2
|
|upkeep
|turn|7
|
|t:|1759058872
|move|p1a: pls|Nasty Plot|p1a: pls
|-boost|p1a: pls|spa|2
|move|p2a: Houndoom|Fire Blast|p1a: pls
|-damage|p1a: pls|45/100
|
|-heal|p1a: pls|52/100|[from] item: Leftovers
|upkeep
|turn|8
|
|t:|1759058881
|move|p1a: pls|Tera Blast|p2a: Houndoom
|-damage|p2a: Houndoom|0 fnt
|faint|p2a: Houndoom
|
|-heal|p1a: pls|58/100|[from] item: Leftovers
|upkeep
|
|t:|1759058893
|switch|p2a: Gliscor|Gliscor, F|100/100
|turn|9
|
|t:|1759058898
|-terastallize|p1a: pls|Fairy
|move|p1a: pls|Tera Blast|p2a: Gliscor|[anim] Tera Blast Fairy
|-damage|p2a: Gliscor|0 fnt
|faint|p2a: Gliscor
|
|-heal|p1a: pls|64/100|[from] item: Leftovers
|upkeep
|
|t:|1759058909
|switch|p2a: Frosmoth|Frosmoth, M|100/100
|turn|10
|
|t:|1759058914
|move|p1a: pls|Thunderbolt|p2a: Frosmoth
|-damage|p2a: Frosmoth|19/100
|-status|p2a: Frosmoth|par
|move|p2a: Frosmoth|Calm Mind|p2a: Frosmoth
|-boost|p2a: Frosmoth|spa|1
|-boost|p2a: Frosmoth|spd|1
|
|-heal|p1a: pls|70/100|[from] item: Leftovers
|upkeep
|turn|11
|
|t:|1759058927
|move|p1a: pls|Tera Blast|p2a: Frosmoth|[anim] Tera Blast Fairy
|-damage|p2a: Frosmoth|0 fnt
|faint|p2a: Frosmoth
|
|-heal|p1a: pls|76/100|[from] item: Leftovers
|upkeep
|-message|dimeeenietreecko forfeited.
|
|win|victory 4 u
|raw|victory 4 u's rating: 1113 &rarr; <strong>1133</strong><br />(+20 for winning)
|raw|dimeeenietreecko's rating: 1037 &rarr; <strong>1025</strong><br />(-12 for losing)
|l|☆dimeeenietreecko
|player|p2|
|c|☆victory 4 u|gg
