|j|☆crossnymphia
|j|☆Mr_Stonks0406
|t:|1758943219
|gametype|singles
|player|p1|crossnymphia|nate|1079
|player|p2|Mr_Stonks0406|rocketgrunt|1105
|gen|9
|tier|[Gen 9] OU
|rated|
|rule|HP Percentage Mod: HP is shown in percentages
|rule|Endless Battle Clause: Forcing endless battles is banned
|rule|Species Clause: Limit one of each Pokémon
|rule|OHKO Clause: OHKO moves are banned
|rule|Evasion Items Clause: Evasion items are banned
|rule|Evasion Moves Clause: Evasion moves are banned
|rule|Evasion Abilities Clause: Evasion abilities are banned
|rule|Sleep Moves Clause: Sleep-inducing moves are banned
|clearpoke
|poke|p1|Noctowl, M|
|poke|p1|Whimsicott, M|
|poke|p1|Wo-Chien|
|poke|p1|Dragonite, M|
|poke|p1|Noivern, F|
|poke|p1|Iron Treads|
|poke|p2|Weavile, M|
|poke|p2|Samurott-Hisui, F|
|poke|p2|Gholdengo|
|poke|p2|Great Tusk|
|poke|p2|Ogerpon-Wellspring, F|
|poke|p2|Slowking-Galar, M|
|teampreview
|
|t:|1758943229
|teamsize|p1|6
|teamsize|p2|6
|start
|switch|p1a: Noivern|Noivern, F|100/100
|switch|p2a: Otter|Samurott-Hisui, F|100/100
|-item|p2a: Otter|Choice Scarf|[from] ability: Frisk|[of] p1a: Noivern
|turn|1
|
|t:|1758943243
|move|p2a: Otter|Ceaseless Edge|p1a: Noivern
|-damage|p1a: Noivern|40/100
|-sidestart|p1: crossnymphia|Spikes
|move|p1a: Noivern|U-turn|p2a: Otter
|-supereffective|p2a: Otter
|-damage|p2a: Otter|71/100
|
|t:|1758943254
|switch|p1a: Wo-Chien|Wo-Chien, shiny|100/100|[from] U-turn
|-damage|p1a: Wo-Chien|88/100|[from] Spikes
|-ability|p1a: Wo-Chien|Tablets of Ruin
|
|-heal|p1a: Wo-Chien|94/100|[from] item: Leftovers
|upkeep
|turn|2
|
|t:|1758943289
|switch|p2a: Ferret|Weavile, M|100/100
|-ability|p2a: Ferret|Pressure
|move|p1a: Wo-Chien|Giga Drain|p2a: Ferret
|-damage|p2a: Ferret|51/100
|-heal|p1a: Wo-Chien|100/100|[from] drain|[of] p2a: Ferret
|
|upkeep
|turn|3
|
|t:|1758943319
|switch|p1a: Iron Treads|Iron Treads|100/100
|-item|p1a: Iron Treads|Air Balloon
|move|p2a: Ferret|Triple Axel|p1a: Iron Treads
|-damage|p1a: Iron Treads|88/100
|-enditem|p1a: Iron Treads|Air Balloon
|-damage|p1a: Iron Treads|64/100
|-damage|p1a: Iron Treads|27/100
|-hitcount|p1a: Iron Treads|3
|-damage|p2a: Ferret|41/100|[from] item: Life Orb
|
|upkeep
|turn|4
|
|t:|1758943363
|-end|p1a: Iron Treads|Quark Drive|[silent]
|switch|p1a: Wo-Chien|Wo-Chien, shiny|100/100
|-damage|p1a: Wo-Chien|88/100|[from] Spikes
|-ability|p1a: Wo-Chien|Tablets of Ruin
|move|p2a: Ferret|Triple Axel|p1a: Wo-Chien|[miss]
|-miss|p2a: Ferret|p1a: Wo-Chien
|
|-heal|p1a: Wo-Chien|94/100|[from] item: Leftovers
|upkeep
|turn|5
|
|t:|1758943377
|move|p2a: Ferret|Triple Axel|p1a: Wo-Chien
|-supereffective|p1a: Wo-Chien
|-damage|p1a: Wo-Chien|76/100
|-supereffective|p1a: Wo-Chien
|-damage|p1a: Wo-Chien|42/100
|-supereffective|p1a: Wo-Chien
|-damage|p1a: Wo-Chien|0 fnt
|faint|p1a: Wo-Chien
|-hitcount|p1: Wo-Chien|3
|-damage|p2a: Ferret|31/100|[from] item: Life Orb
|
|upkeep
|
|t:|1758943384
|switch|p1a: Dragonite|Dragonite, M|100/100
|turn|6
|
|t:|1758943394
|switch|p2a: Cheesestick|Gholdengo|100/100
|-item|p2a: Cheesestick|Air Balloon
|move|p1a: Dragonite|Extreme Speed|p2a: Cheesestick
|-immune|p2a: Cheesestick
|
|upkeep
|turn|7
|
|t:|1758943407
|move|p1a: Dragonite|Dragon Dance|p1a: Dragonite
|-boost|p1a: Dragonite|atk|1
|-boost|p1a: Dragonite|spe|1
|move|p2a: Cheesestick|Shadow Ball|p1a: Dragonite
|-damage|p1a: Dragonite|78/100
|
|upkeep
|turn|8
|
|t:|1758943419
|move|p1a: Dragonite|Fire Punch|p2a: Cheesestick
|-supereffective|p2a: Cheesestick
|-damage|p2a: Cheesestick|18/100
|-enditem|p2a: Cheesestick|Air Balloon
|move|p2a: Cheesestick|Make It Rain|p1a: Dragonite
|-damage|p1a: Dragonite|0 fnt
|-unboost|p2a: Cheesestick|spa|1
|faint|p1a: Dragonite
|
|upkeep
|
|t:|1758943431
|switch|p1a: Noivern|Noivern, F|40/100
|turn|9
|
|t:|1758943441
|move|p1a: Noivern|Draco Meteor|p2a: Cheesestick
|-resisted|p2a: Cheesestick
|-damage|p2a: Cheesestick|0 fnt
|-unboost|p1a: Noivern|spa|2
|faint|p2a: Cheesestick
|
|upkeep
|
|t:|1758943454
|switch|p2a: Otter|Samurott-Hisui, F|71/100
|turn|10
|
|t:|1758943459
|move|p2a: Otter|Ceaseless Edge|p1a: Noivern
|-damage|p1a: Noivern|0 fnt
|-sidestart|p1: crossnymphia|Spikes
|faint|p1a: Noivern
|
|upkeep
|
|t:|1758943464
|switch|p1a: Whimsicott|Whimsicott, M|100/100
|-damage|p1a: Whimsicott|84/100|[from] Spikes
|turn|11
|
|t:|1758943471
|move|p1a: Whimsicott|Tailwind|p1a: Whimsicott
|-sidestart|p1: crossnymphia|move: Tailwind
|move|p2a: Otter|Ceaseless Edge|p1a: Whimsicott
|-resisted|p1a: Whimsicott
|-damage|p1a: Whimsicott|49/100
|-sidestart|p1: crossnymphia|Spikes
|-enditem|p1a: Whimsicott|Eject Button
|
|t:|1758943484
|switch|p1a: Iron Treads|Iron Treads|27/100
|-damage|p1a: Iron Treads|2/100|[from] Spikes
|
|upkeep
|turn|12
|
|t:|1758943508
|switch|p2a: Mammoth|Great Tusk|100/100
|move|p1a: Iron Treads|Knock Off|p2a: Mammoth
|-resisted|p2a: Mammoth
|-damage|p2a: Mammoth|89/100
|-enditem|p2a: Mammoth|Leftovers|[from] move: Knock Off|[of] p1a: Iron Treads
|
|upkeep
|turn|13
|
|t:|1758943517
|move|p1a: Iron Treads|Rapid Spin|p2a: Mammoth
|-damage|p2a: Mammoth|79/100
|-boost|p1a: Iron Treads|spe|1
|-sideend|p1: crossnymphia|Spikes|[from] move: Rapid Spin|[of] p1a: Iron Treads
|move|p2a: Mammoth|Stealth Rock|p1a: Iron Treads
|-sidestart|p1: crossnymphia|move: Stealth Rock
|
|upkeep
|turn|14
|
|t:|1758943529
|move|p1a: Iron Treads|Rapid Spin|p2a: Mammoth
|-damage|p2a: Mammoth|68/100
|-boost|p1a: Iron Treads|spe|1
|-sideend|p1: crossnymphia|Stealth Rock|[from] move: Rapid Spin|[of] p1a: Iron Treads
|move|p2a: Mammoth|Rapid Spin|p1a: Iron Treads
|-resisted|p1a: Iron Treads
|-damage|p1a: Iron Treads|0 fnt
|-boost|p2a: Mammoth|spe|1
|faint|p1a: Iron Treads
|-end|p1a: Iron Treads|Quark Drive|[silent]
|
|-sideend|p1: crossnymphia|move: Tailwind
|upkeep
|
|t:|1758943540
|switch|p1a: Whimsicott|Whimsicott, M|49/100
|turn|15
|
|t:|1758943548
|move|p2a: Mammoth|Close Combat|p1a: Whimsicott
|-resisted|p1a: Whimsicott
|-damage|p1a: Whimsicott|0 fnt
|-unboost|p2a: Mammoth|def|1
|-unboost|p2a: Mammoth|spd|1
|faint|p1a: Whimsicott
|
|upkeep
|
|t:|1758943553
|switch|p1a: Noctowl|Noctowl, M|100/100
|turn|16
|
|t:|1758943562
|move|p2a: Mammoth|Close Combat|p1a: Noctowl
|-damage|p1a: Noctowl|9/100
|-unboost|p2a: Mammoth|def|1
|-unboost|p2a: Mammoth|spd|1
|move|p1a: Noctowl|Air Slash|p2a: Mammoth
|-supereffective|p2a: Mammoth
|-damage|p2a: Mammoth|0 fnt
|faint|p2a: Mammoth
|-end|p2a: Mammoth|Protosynthesis|[silent]
|
|upkeep
|
|t:|1758943572
|switch|p2a: Ferret|Weavile, M|31/100
|-ability|p2a: Ferret|Pressure
|turn|17
|
|t:|1758943577
|move|p2a: Ferret|Knock Off|p1a: Noctowl
|-damage|p1a: Noctowl|0 fnt
|-enditem|p1a: Noctowl|Focus Sash|[from] move: Knock Off|[of] p2a: Ferret
|faint|p1a: Noctowl
|-damage|p2a: Ferret|21/100|[from] item: Life Orb
|
|win|Mr_Stonks0406
|raw|crossnymphia's rating: 1079 &rarr; <strong>1059</strong><br />(-20 for losing)
|raw|Mr_Stonks0406's rating: 1105 &rarr; <strong>1128</strong><br />(+23 for winning)
|l|☆crossnymphia
|player|p1|
|l|☆Mr_Stonks0406
|player|p2|
