|badge|p2|silver|gen9ou|30-6
|html|<div class="broadcast-red"><strong>This battle is required to be public due to one or more player having a season medal.</strong><br />During the public phase, you can discuss the state of the ladder <a href="/seasondiscussion">in a special chatroom.</a></div>
|uhtml|medal-msg|<div class="broadcast-blue">Curious what those medals under the avatar are? PS now has Ladder Seasons! For more information, check out the <a href="https://www.smogon.com/forums/threads/3740067/">thread on Smogon.</a></div>
|raw|<div class="broadcast-blue"><strong>This battle is required to be public due to a player having a name starting with 'medal'.</div>
|j|☆Auburn Hills
|j|☆D Gym Teacher
|t:|1759065485
|gametype|singles
|player|p1|Auburn Hills|alder|1755
|player|p2|D Gym Teacher|veteran|1929
|gen|9
|tier|[Gen 9] OU
|rated|
|rule|HP Percentage Mod: HP is shown in percentages
|rule|Endless Battle Clause: Forcing endless battles is banned
|rule|Species Clause: Limit one of each Pokémon
|rule|OHKO Clause: OHKO moves are banned
|rule|Evasion Items Clause: Evasion items are banned
|rule|Evasion Moves Clause: Evasion moves are banned
|rule|Evasion Abilities Clause: Evasion abilities are banned
|rule|Sleep Moves Clause: Sleep-inducing moves are banned
|clearpoke
|poke|p1|Iron Moth|
|poke|p1|Umbreon, M|
|poke|p1|Garchomp, F|
|poke|p1|Glimmora, F|
|poke|p1|Gholdengo|
|poke|p1|Dragonite, F|
|poke|p2|Great Tusk|
|poke|p2|Slowking-Galar, M|
|poke|p2|Corviknight, F|
|poke|p2|Clefable, F|
|poke|p2|Samurott-Hisui, M|
|poke|p2|Dragapult, F|
|teampreview
|j| tiochicodobos
|c|☆D Gym Teacher|hf bud
|l| tiochicodobos
|c|☆Auburn Hills|oh wait
|c|☆Auburn Hills|this guy
|
|t:|1759065511
|teamsize|p1|6
|teamsize|p2|6
|start
|switch|p1a: Julia Jacklin|Glimmora, F|100/100
|switch|p2a: P!nk|Clefable, F|100/100
|turn|1
|
|t:|1759065516
|switch|p2a: Alchemist|Slowking-Galar, M|100/100
|move|p1a: Julia Jacklin|Stealth Rock|p2a: Alchemist
|-sidestart|p2: D Gym Teacher|move: Stealth Rock
|
|upkeep
|turn|2
|j| cynasaurus
|
|t:|1759065523
|switch|p1a: Smino|Gholdengo|100/100
|move|p2a: Alchemist|Ice Beam|p1a: Smino
|-resisted|p1a: Smino
|-damage|p1a: Smino|83/100
|
|upkeep
|turn|3
|
|t:|1759065545
|move|p1a: Smino|Trick|p2a: Alchemist
|-activate|p1a: Smino|move: Trick|[of] p2a: Alchemist
|-item|p2a: Alchemist|Choice Scarf|[from] move: Trick
|-item|p1a: Smino|Assault Vest|[from] move: Trick
|move|p2a: Alchemist|Flamethrower|p1a: Smino
|-supereffective|p1a: Smino
|-damage|p1a: Smino|41/100
|
|upkeep
|turn|4
|j| LT124YH Ghoul
|
|t:|1759065567
|switch|p1a: Alvvays|Umbreon, M|100/100
|switch|p2a: P!nk|Clefable, F|100/100
|
|upkeep
|turn|5
|
|t:|1759065569
|move|p1a: Alvvays|Thunder Wave|p2a: P!nk
|-status|p2a: P!nk|par
|move|p2a: P!nk|Stealth Rock|p1a: Alvvays
|-sidestart|p1: Auburn Hills|move: Stealth Rock
|
|upkeep
|turn|6
|
|t:|1759065578
|move|p1a: Alvvays|Wish|p1a: Alvvays
|move|p2a: P!nk|Knock Off|p1a: Alvvays
|-resisted|p1a: Alvvays
|-damage|p1a: Alvvays|95/100
|-enditem|p1a: Alvvays|Leftovers|[from] move: Knock Off|[of] p2a: P!nk
|
|upkeep
|turn|7
|
|t:|1759065584
|switch|p1a: Julia Jacklin|Glimmora, F|100/100
|-damage|p1a: Julia Jacklin|88/100|[from] Stealth Rock
|switch|p2a: Loxodonta|Great Tusk|100/100
|-damage|p2a: Loxodonta|98/100|[from] Stealth Rock
|
|-heal|p1a: Julia Jacklin|100/100|[from] move: Wish|[wisher] Alvvays
|-heal|p2a: Loxodonta|100/100|[from] item: Leftovers
|upkeep
|turn|8
|
|t:|1759065604
|-end|p2a: Loxodonta|Protosynthesis|[silent]
|switch|p2a: Voyageur|Corviknight, F|100/100
|-damage|p2a: Voyageur|88/100|[from] Stealth Rock
|-ability|p2a: Voyageur|Pressure
|move|p1a: Julia Jacklin|Mortal Spin|p2a: Voyageur
|-immune|p2a: Voyageur
|
|upkeep
|turn|9
|
|t:|1759065614
|switch|p1a: Smino|Gholdengo|41/100
|-damage|p1a: Smino|35/100|[from] Stealth Rock
|move|p2a: Voyageur|U-turn|p1a: Smino
|-resisted|p1a: Smino
|-damage|p1a: Smino|31/100
|
|t:|1759065621
|switch|p2a: Loxodonta|Great Tusk|100/100|[from] U-turn
|-damage|p2a: Loxodonta|98/100|[from] Stealth Rock
|
|-heal|p2a: Loxodonta|100/100|[from] item: Leftovers
|upkeep
|turn|10
|
|t:|1759065627
|-terastallize|p1a: Smino|Flying
|move|p2a: Loxodonta|Headlong Rush|p1a: Smino
|-immune|p1a: Smino
|move|p1a: Smino|Make It Rain|p2a: Loxodonta
|-damage|p2a: Loxodonta|3/100
|-unboost|p1a: Smino|spa|1
|
|-heal|p2a: Loxodonta|10/100|[from] item: Leftovers
|upkeep
|turn|11
|j| amimec
|
|t:|1759065671
|switch|p1a: Carly Rae|Iron Moth|100/100
|-damage|p1a: Carly Rae|76/100|[from] Stealth Rock
|-enditem|p1a: Carly Rae|Booster Energy
|-activate|p1a: Carly Rae|ability: Quark Drive|[fromitem]
|-start|p1a: Carly Rae|quarkdrivespe
|move|p2a: Loxodonta|Ice Spinner|p1a: Carly Rae
|-resisted|p1a: Carly Rae
|-damage|p1a: Carly Rae|55/100
|
|-heal|p2a: Loxodonta|16/100|[from] item: Leftovers
|upkeep
|turn|12
|
|t:|1759065680
|-end|p2a: Loxodonta|Protosynthesis|[silent]
|switch|p2a: Alchemist|Slowking-Galar, M|100/100
|-damage|p2a: Alchemist|88/100|[from] Stealth Rock
|move|p1a: Carly Rae|Fiery Dance|p2a: Alchemist
|-damage|p2a: Alchemist|59/100
|
|upkeep
|turn|13
|
|t:|1759065687
|move|p1a: Carly Rae|Discharge|p2a: Alchemist
|-damage|p2a: Alchemist|40/100
|move|p2a: Alchemist|Psyshock|p1a: Carly Rae
|-supereffective|p1a: Carly Rae
|-damage|p1a: Carly Rae|0 fnt
|faint|p1a: Carly Rae
|-end|p1a: Carly Rae|Quark Drive|[silent]
|
|upkeep
|c|☆Auburn Hills|yeah gg
|-message|Auburn Hills forfeited.
|
|win|D Gym Teacher
|raw|Auburn Hills's rating: 1755 &rarr; <strong>1744</strong><br />(-11 for losing)
|raw|D Gym Teacher's rating: 1929 &rarr; <strong>1940</strong><br />(+11 for winning)
|l|☆Auburn Hills
|player|p1|
|c|☆D Gym Teacher|gg
|l|☆D Gym Teacher
|player|p2|
|l| cynasaurus
