|j|☆klefki_did_it
|j|☆OtherMinfan
|t:|1758998508
|gametype|singles
|player|p1|klefki_did_it|pokemonbreeder-gen4|1364
|player|p2|OtherMinfan|clerkf|1319
|gen|9
|tier|[Gen 9] OU
|rated|
|rule|HP Percentage Mod: HP is shown in percentages
|rule|Endless Battle Clause: Forcing endless battles is banned
|rule|Species Clause: Limit one of each Pokémon
|rule|OHKO Clause: OHKO moves are banned
|rule|Evasion Items Clause: Evasion items are banned
|rule|Evasion Moves Clause: Evasion moves are banned
|rule|Evasion Abilities Clause: Evasion abilities are banned
|rule|Sleep Moves Clause: Sleep-inducing moves are banned
|clearpoke
|poke|p1|Staraptor, F|
|poke|p1|Kingambit, F|
|poke|p1|Emboar, M|
|poke|p1|Thundurus, M|
|poke|p1|Mandibuzz, F|
|poke|p1|Gardevoir, M|
|poke|p2|Dragapult, M|
|poke|p2|Dragonite, F|
|poke|p2|Ting-Lu|
|poke|p2|Weezing-Galar, F|
|poke|p2|Iron Crown|
|poke|p2|Zapdos|
|teampreview
|inactive|Battle timer is ON: inactive players will automatically lose when time's up. (requested by klefki_did_it)
|
|t:|1758998535
|teamsize|p1|6
|teamsize|p2|6
|start
|switch|p1a: Mandibuzz|Mandibuzz, F|100/100
|switch|p2a: The Drink|Zapdos|100/100
|turn|1
|
|t:|1758998545
|move|p2a: The Drink|Volt Switch|p1a: Mandibuzz
|-supereffective|p1a: Mandibuzz
|-damage|p1a: Mandibuzz|40/100
|
|t:|1758998553
|switch|p2a: The Stink Sisters|Weezing-Galar, F|100/100|[from] Volt Switch
|-ability|p2a: The Stink Sisters|Neutralizing Gas
|move|p1a: Mandibuzz|Toxic|p2a: The Stink Sisters
|-immune|p2a: The Stink Sisters
|
|upkeep
|turn|2
|
|t:|1758998559
|-end|p2a: The Stink Sisters|ability: Neutralizing Gas
|switch|p2a: The Drink|Zapdos|100/100
|move|p1a: Mandibuzz|Roost|p1a: Mandibuzz
|-heal|p1a: Mandibuzz|91/100
|-singleturn|p1a: Mandibuzz|move: Roost
|
|upkeep
|turn|3
|
|t:|1758998570
|switch|p1a: Gardevoir|Gardevoir, M|100/100
|-ability|p1a: Gardevoir|Static|Trace|[from] ability: Trace|[of] p2a: The Drink
|move|p2a: The Drink|Volt Switch|p1a: Gardevoir
|-crit|p1a: Gardevoir
|-damage|p1a: Gardevoir|43/100
|
|t:|1758998595
|switch|p2a: Dr. Smackaroo|Iron Crown|100/100|[from] Volt Switch
|
|upkeep
|turn|4
|
|t:|1758998624
|switch|p1a: Thundurus|Thundurus, M|100/100
|move|p2a: Dr. Smackaroo|Tachyon Cutter|p1a: Thundurus
|-resisted|p1a: Thundurus
|-damage|p1a: Thundurus|73/100
|-resisted|p1a: Thundurus
|-damage|p1a: Thundurus|50/100
|-hitcount|p1a: Thundurus|2
|
|upkeep
|turn|5
|
|t:|1758998633
|-end|p2a: Dr. Smackaroo|Quark Drive|[silent]
|switch|p2a: The Cup|Ting-Lu, shiny|100/100
|-ability|p2a: The Cup|Vessel of Ruin
|move|p1a: Thundurus|Knock Off|p2a: The Cup
|-resisted|p2a: The Cup
|-damage|p2a: The Cup|89/100
|-enditem|p2a: The Cup|Leftovers|[from] move: Knock Off|[of] p1a: Thundurus
|-damage|p1a: Thundurus|40/100|[from] item: Life Orb
|
|upkeep
|turn|6
|
|t:|1758998647
|move|p1a: Thundurus|Fly||[still]
|-prepare|p1a: Thundurus|Fly
|move|p2a: The Cup|Stealth Rock|p1a: Thundurus
|-sidestart|p1: klefki_did_it|move: Stealth Rock
|
|upkeep
|turn|7
|
|t:|1758998652
|switch|p2a: The Drink|Zapdos|100/100
|move|p1a: Thundurus|Fly|p2a: The Drink|[from] lockedmove
|-resisted|p2a: The Drink
|-damage|p2a: The Drink|70/100
|-damage|p1a: Thundurus|30/100|[from] item: Life Orb
|
|upkeep
|turn|8
|
|t:|1758998659
|switch|p2a: The Cup|Ting-Lu, shiny|89/100
|-ability|p2a: The Cup|Vessel of Ruin
|-terastallize|p1a: Thundurus|Ice
|move|p1a: Thundurus|Tera Blast|p2a: The Cup|[anim] Tera Blast Ice
|-supereffective|p2a: The Cup
|-damage|p2a: The Cup|32/100
|-damage|p1a: Thundurus|21/100|[from] item: Life Orb
|
|upkeep
|turn|9
|
|t:|1758998667
|switch|p2a: The Stink Sisters|Weezing-Galar, F|100/100
|-ability|p2a: The Stink Sisters|Neutralizing Gas
|move|p1a: Thundurus|Tera Blast|p2a: The Stink Sisters|[anim] Tera Blast Ice
|-damage|p2a: The Stink Sisters|66/100
|-damage|p1a: Thundurus|11/100|[from] item: Life Orb
|
|upkeep
|turn|10
|
|t:|1758998677
|move|p1a: Thundurus|Wild Charge|p2a: The Stink Sisters
|-damage|p2a: The Stink Sisters|30/100
|-damage|p1a: Thundurus|0 fnt|[from] Recoil
|faint|p1a: Thundurus
|move|p2a: The Stink Sisters|Will-O-Wisp|p1: Thundurus|[notarget]
|-fail|p2a: The Stink Sisters
|
|upkeep
|
|t:|1758998697
|switch|p1a: Gardevoir|Gardevoir, M|43/100
|-damage|p1a: Gardevoir|30/100|[from] Stealth Rock
|turn|11
|
|t:|1758998707
|-end|p2a: The Stink Sisters|ability: Neutralizing Gas
|switch|p2a: The Cup|Ting-Lu, shiny|32/100
|-ability|p1a: Gardevoir|Vessel of Ruin|Trace|[from] ability: Trace|[of] p2a: The Cup
|-ability|p1a: Gardevoir|Vessel of Ruin
|-ability|p2a: The Cup|Vessel of Ruin
|move|p1a: Gardevoir|Moonblast|p2a: The Cup
|-supereffective|p2a: The Cup
|-damage|p2a: The Cup|0 fnt
|faint|p2a: The Cup
|
|upkeep
|
|t:|1758998713
|switch|p2a: Dr. Smackaroo|Iron Crown|100/100
|turn|12
|
|t:|1758998724
|move|p1a: Gardevoir|Moonblast|p2a: Dr. Smackaroo
|-resisted|p2a: Dr. Smackaroo
|-damage|p2a: Dr. Smackaroo|75/100
|move|p2a: Dr. Smackaroo|Tachyon Cutter|p1a: Gardevoir
|-supereffective|p1a: Gardevoir
|-damage|p1a: Gardevoir|0 fnt
|faint|p1a: Gardevoir
|-hitcount|p1: Gardevoir|1
|
|upkeep
|
|t:|1758998729
|switch|p1a: Emboar|Emboar, M, shiny|100/100
|-damage|p1a: Emboar|88/100|[from] Stealth Rock
|turn|13
|
|t:|1758998733
|-end|p2a: Dr. Smackaroo|Quark Drive|[silent]
|switch|p2a: Good morning...|Dragapult, M, shiny|100/100
|move|p1a: Emboar|Flare Blitz|p2a: Good morning...
|-resisted|p2a: Good morning...
|-damage|p2a: Good morning...|26/100
|-damage|p1a: Emboar|70/100|[from] Recoil
|
|upkeep
|turn|14
|
|t:|1758998751
|switch|p1a: Mandibuzz|Mandibuzz, F|91/100
|move|p2a: Good morning...|Dragon Darts|p1a: Mandibuzz
|-damage|p1a: Mandibuzz|78/100
|-anim|p2a: Good morning...|Dragon Darts|p1a: Mandibuzz
|-damage|p1a: Mandibuzz|66/100
|
|upkeep
|turn|15
|
|t:|1758998758
|move|p2a: Good morning...|U-turn|p1a: Mandibuzz
|-damage|p1a: Mandibuzz|54/100
|
|t:|1758998760
|switch|p2a: The Stink Sisters|Weezing-Galar, F|30/100|[from] U-turn
|-ability|p2a: The Stink Sisters|Neutralizing Gas
|move|p1a: Mandibuzz|Roost|p1a: Mandibuzz
|-heal|p1a: Mandibuzz|100/100
|-singleturn|p1a: Mandibuzz|move: Roost
|
|upkeep
|turn|16
|
|t:|1758998772
|switch|p1a: Emboar|Emboar, M, shiny|70/100
|-damage|p1a: Emboar|57/100|[from] Stealth Rock
|move|p2a: The Stink Sisters|Pain Split|p1a: Emboar
|-sethp|p1a: Emboar|40/100|[from] move: Pain Split|[silent]
|-sethp|p2a: The Stink Sisters|51/100|[from] move: Pain Split
|
|upkeep
|turn|17
|
|t:|1758998783
|move|p1a: Emboar|Flare Blitz|p2a: The Stink Sisters
|-damage|p2a: The Stink Sisters|0 fnt
|faint|p2a: The Stink Sisters
|-end|p2a: The Stink Sisters|ability: Neutralizing Gas
|-damage|p1a: Emboar|27/100|[from] Recoil
|
|upkeep
|
|t:|1758998786
|switch|p2a: Good night!!|Dragonite, F|100/100
|turn|18
|
|t:|1758998792
|move|p2a: Good night!!|Dragon Dance|p2a: Good night!!
|-boost|p2a: Good night!!|atk|1
|-boost|p2a: Good night!!|spe|1
|move|p1a: Emboar|Flare Blitz|p2a: Good night!!
|-resisted|p2a: Good night!!
|-damage|p2a: Good night!!|72/100
|-damage|p1a: Emboar|20/100|[from] Recoil
|
|upkeep
|turn|19
|
|t:|1758998799
|move|p2a: Good night!!|Dragon Dance|p2a: Good night!!
|-boost|p2a: Good night!!|atk|1
|-boost|p2a: Good night!!|spe|1
|move|p1a: Emboar|Flare Blitz|p2a: Good night!!
|-resisted|p2a: Good night!!
|-damage|p2a: Good night!!|10/100
|-damage|p1a: Emboar|3/100|[from] Recoil
|
|upkeep
|turn|20
|
|t:|1758998807
|move|p2a: Good night!!|Earthquake|p1a: Emboar
|-supereffective|p1a: Emboar
|-damage|p1a: Emboar|0 fnt
|faint|p1a: Emboar
|
|upkeep
|
|t:|1758998824
|switch|p1a: Mandibuzz|Mandibuzz, F|100/100
|turn|21
|
|t:|1758998843
|-terastallize|p2a: Good night!!|Normal
|move|p2a: Good night!!|Extreme Speed|p1a: Mandibuzz
|-damage|p1a: Mandibuzz|48/100
|move|p1a: Mandibuzz|Foul Play|p2a: Good night!!
|-damage|p2a: Good night!!|0 fnt
|faint|p2a: Good night!!
|
|upkeep
|
|t:|1758998851
|switch|p2a: The Drink|Zapdos|70/100
|turn|22
|
|t:|1758998873
|switch|p1a: Kingambit|Kingambit, F|100/100
|-damage|p1a: Kingambit|94/100|[from] Stealth Rock
|-activate|p1a: Kingambit|ability: Supreme Overlord
|-start|p1a: Kingambit|fallen3|[silent]
|move|p2a: The Drink|Volt Switch|p1a: Kingambit
|-damage|p1a: Kingambit|58/100
|
|t:|1758998876
|switch|p2a: Good morning...|Dragapult, M, shiny|26/100|[from] Volt Switch
|
|-heal|p1a: Kingambit|65/100|[from] item: Leftovers
|upkeep
|turn|23
|
|t:|1758998882
|move|p1a: Kingambit|Sucker Punch||[still]
|-fail|p1a: Kingambit
|move|p2a: Good morning...|Will-O-Wisp|p1a: Kingambit
|-status|p1a: Kingambit|brn
|
|-heal|p1a: Kingambit|71/100 brn|[from] item: Leftovers
|-damage|p1a: Kingambit|65/100 brn|[from] brn
|upkeep
|turn|24
|
|t:|1758998888
|move|p1a: Kingambit|Sucker Punch|p2a: Good morning...
|-supereffective|p2a: Good morning...
|-damage|p2a: Good morning...|0 fnt
|faint|p2a: Good morning...
|
|-heal|p1a: Kingambit|71/100 brn|[from] item: Leftovers
|-damage|p1a: Kingambit|65/100 brn|[from] brn
|upkeep
|
|t:|1758998891
|switch|p2a: The Drink|Zapdos|70/100
|turn|25
|
|t:|1758998899
|move|p2a: The Drink|Heat Wave|p1a: Kingambit
|-supereffective|p1a: Kingambit
|-crit|p1a: Kingambit
|-damage|p1a: Kingambit|0 fnt
|faint|p1a: Kingambit
|-end|p1a: Kingambit|fallen3|[silent]
|
|upkeep
|
|t:|1758998911
|switch|p1a: Staraptor|Staraptor, F|100/100
|-damage|p1a: Staraptor|76/100|[from] Stealth Rock
|turn|26
|
|t:|1758998923
|move|p1a: Staraptor|Double-Edge|p2a: The Drink
|-damage|p2a: The Drink|2/100
|-damage|p1a: Staraptor|56/100|[from] Recoil
|move|p2a: The Drink|Volt Switch|p1a: Staraptor
|-supereffective|p1a: Staraptor
|-damage|p1a: Staraptor|0 fnt
|faint|p1a: Staraptor
|
|t:|1758998927
|switch|p2a: Dr. Smackaroo|Iron Crown|75/100|[from] Volt Switch
|
|upkeep
|
|t:|1758998930
|switch|p1a: Mandibuzz|Mandibuzz, F|48/100
|turn|27
|
|t:|1758998933
|move|p2a: Dr. Smackaroo|Tachyon Cutter|p1a: Mandibuzz
|-damage|p1a: Mandibuzz|17/100
|-damage|p1a: Mandibuzz|0 fnt
|faint|p1a: Mandibuzz
|-hitcount|p1: Mandibuzz|2
|
|win|OtherMinfan
|raw|klefki_did_it's rating: 1364 &rarr; <strong>1341</strong><br />(-23 for losing)
|raw|OtherMinfan's rating: 1319 &rarr; <strong>1342</strong><br />(+23 for winning)
|l|☆OtherMinfan
|player|p2|
|l|☆klefki_did_it
|player|p1|
