|j|☆Yogogo123456
|j|☆lildevious1337
|t:|1759006379
|gametype|singles
|player|p1|Yogogo123456|170|1161
|player|p2|lildevious1337|ethan|1185
|gen|9
|tier|[Gen 9] OU
|rated|
|rule|HP Percentage Mod: HP is shown in percentages
|rule|Endless Battle Clause: Forcing endless battles is banned
|rule|Species Clause: Limit one of each Pokémon
|rule|OHKO Clause: OHKO moves are banned
|rule|Evasion Items Clause: Evasion items are banned
|rule|Evasion Moves Clause: Evasion moves are banned
|rule|Evasion Abilities Clause: Evasion abilities are banned
|rule|Sleep Moves Clause: Sleep-inducing moves are banned
|clearpoke
|poke|p1|Blaziken, F|
|poke|p1|Hatterene, F|
|poke|p1|Jirachi|
|poke|p1|Quaquaval, F|
|poke|p1|Ting-Lu|
|poke|p1|Zapdos|
|poke|p2|Slowking-Galar, M|
|poke|p2|Cinderace, M|
|poke|p2|Enamorus, F|
|poke|p2|Meowscarada, M|
|poke|p2|Dragapult, M|
|poke|p2|Fezandipiti, M|
|teampreview
|
|t:|1759006389
|teamsize|p1|6
|teamsize|p2|6
|start
|switch|p1a: Ting-Lu|Ting-Lu|100/100
|switch|p2a: Toxic|Fezandipiti, M|100/100
|-ability|p1a: Ting-Lu|Vessel of Ruin
|turn|1
|
|t:|1759006399
|move|p2a: Toxic|U-turn|p1a: Ting-Lu
|-supereffective|p1a: Ting-Lu
|-damage|p1a: Ting-Lu|86/100
|-status|p1a: Ting-Lu|tox|[from] ability: Toxic Chain|[of] p2a: Toxic
|
|t:|1759006420
|switch|p2a: Jester|Meowscarada, M, shiny|100/100|[from] U-turn
|move|p1a: Ting-Lu|Earthquake|p2a: Jester
|-resisted|p2a: Jester
|-damage|p2a: Jester|70/100
|
|-heal|p1a: Ting-Lu|92/100 tox|[from] item: Leftovers
|-damage|p1a: Ting-Lu|86/100 tox|[from] psn
|upkeep
|turn|2
|
|t:|1759006437
|move|p2a: Jester|Triple Axel|p1a: Ting-Lu
|-start|p2a: Jester|typechange|Ice|[from] ability: Protean
|-supereffective|p1a: Ting-Lu
|-damage|p1a: Ting-Lu|72/100 tox
|-supereffective|p1a: Ting-Lu
|-damage|p1a: Ting-Lu|46/100 tox
|-supereffective|p1a: Ting-Lu
|-damage|p1a: Ting-Lu|6/100 tox
|-hitcount|p1a: Ting-Lu|3
|move|p1a: Ting-Lu|Earthquake|p2a: Jester
|-damage|p2a: Jester|10/100
|
|-heal|p1a: Ting-Lu|12/100 tox|[from] item: Leftovers
|-damage|p1a: Ting-Lu|0 fnt|[from] psn
|faint|p1a: Ting-Lu
|upkeep
|
|t:|1759006459
|switch|p1a: Quaquaval|Quaquaval, F|100/100
|turn|3
|
|t:|1759006477
|switch|p2a: Jet|Dragapult, M, shiny|100/100
|move|p1a: Quaquaval|Aqua Step|p2a: Jet
|-resisted|p2a: Jet
|-damage|p2a: Jet|71/100
|-boost|p1a: Quaquaval|spe|1
|
|upkeep
|turn|4
|
|t:|1759006486
|-terastallize|p1a: Quaquaval|Water
|move|p2a: Jet|Thunderbolt|p1a: Quaquaval
|-supereffective|p1a: Quaquaval
|-enditem|p1a: Quaquaval|Focus Sash
|-damage|p1a: Quaquaval|1/100
|move|p1a: Quaquaval|Aqua Step|p2a: Jet
|-resisted|p2a: Jet
|-damage|p2a: Jet|31/100
|-boost|p1a: Quaquaval|spe|1
|
|upkeep
|turn|5
|
|t:|1759006493
|switch|p2a: Jester|Meowscarada, M, shiny|10/100
|move|p1a: Quaquaval|Aqua Step|p2a: Jester
|-resisted|p2a: Jester
|-damage|p2a: Jester|0 fnt
|-boost|p1a: Quaquaval|spe|1
|faint|p2a: Jester
|-ability|p1a: Quaquaval|Moxie|boost
|-boost|p1a: Quaquaval|atk|1
|
|upkeep
|
|t:|1759006502
|switch|p2a: KingSlow|Slowking-Galar, M, shiny|100/100
|turn|6
|
|t:|1759006507
|move|p1a: Quaquaval|Aqua Step|p2a: KingSlow
|-damage|p2a: KingSlow|16/100
|-boost|p1a: Quaquaval|spe|1
|move|p2a: KingSlow|Psychic Noise|p1a: Quaquaval
|-crit|p1a: Quaquaval
|-damage|p1a: Quaquaval|0 fnt
|faint|p1a: Quaquaval
|
|upkeep
|
|t:|1759006520
|switch|p1a: Blaziken|Blaziken, F|100/100
|turn|7
|
|t:|1759006526
|move|p1a: Blaziken|Swords Dance|p1a: Blaziken
|-boost|p1a: Blaziken|atk|2
|move|p2a: KingSlow|Psychic Noise|p1a: Blaziken
|-supereffective|p1a: Blaziken
|-damage|p1a: Blaziken|0 fnt
|faint|p1a: Blaziken
|
|upkeep
|
|t:|1759006532
|switch|p1a: Hatterene|Hatterene, F|100/100
|turn|8
|
|t:|1759006536
|move|p2a: KingSlow|Sludge Bomb|p1a: Hatterene
|-supereffective|p1a: Hatterene
|-damage|p1a: Hatterene|6/100
|move|p1a: Hatterene|Calm Mind|p1a: Hatterene
|-boost|p1a: Hatterene|spa|1
|-boost|p1a: Hatterene|spd|1
|
|-heal|p1a: Hatterene|12/100|[from] item: Leftovers
|upkeep
|turn|9
|-message|Yogogo123456 forfeited.
|
|win|lildevious1337
|raw|Yogogo123456's rating: 1161 &rarr; <strong>1138</strong><br />(-23 for losing)
|raw|lildevious1337's rating: 1185 &rarr; <strong>1208</strong><br />(+23 for winning)
|l|☆Yogogo123456
|player|p1|
|c|☆lildevious1337|bros greedy
