|j|☆isochrysis
|j|☆Hexylo
|t:|1758997694
|gametype|singles
|player|p1|isochrysis|psychic-gen4|1163
|player|p2|Hexylo|lucas|1139
|gen|9
|tier|[Gen 9] OU
|rated|
|rule|HP Percentage Mod: HP is shown in percentages
|rule|Endless Battle Clause: Forcing endless battles is banned
|rule|Species Clause: Limit one of each Pokémon
|rule|OHKO Clause: OHKO moves are banned
|rule|Evasion Items Clause: Evasion items are banned
|rule|Evasion Moves Clause: Evasion moves are banned
|rule|Evasion Abilities Clause: Evasion abilities are banned
|rule|Sleep Moves Clause: Sleep-inducing moves are banned
|clearpoke
|poke|p1|Thundurus, M|
|poke|p1|Weavile, F|
|poke|p1|Gyarados, M|
|poke|p1|Jirachi|
|poke|p1|Volbeat, M|
|poke|p1|Garchomp, F|
|poke|p2|Inteleon, M|
|poke|p2|Cinderace, M|
|poke|p2|Meowscarada, F|
|poke|p2|Corviknight, M|
|poke|p2|Garganacl, M|
|poke|p2|Hatterene, F|
|teampreview
|
|t:|1758997703
|teamsize|p1|6
|teamsize|p2|6
|start
|switch|p1a: Thundurus|Thundurus, M|100/100
|switch|p2a: The Rock|Garganacl, M|100/100
|turn|1
|
|t:|1758997711
|switch|p2a: Wanda|Hatterene, F|100/100
|move|p1a: Thundurus|Taunt|p2a: Wanda
|move|p2a: Wanda|Taunt|p1a: Thundurus|[from] ability: Magic Bounce
|-start|p1a: Thundurus|move: Taunt
|
|upkeep
|turn|2
|
|t:|1758997719
|move|p1a: Thundurus|Thunderbolt|p2a: Wanda
|-damage|p2a: Wanda|54/100
|-damage|p1a: Thundurus|91/100|[from] item: Life Orb
|move|p2a: Wanda|Calm Mind|p2a: Wanda
|-boost|p2a: Wanda|spa|1
|-boost|p2a: Wanda|spd|1
|
|-heal|p2a: Wanda|60/100|[from] item: Leftovers
|upkeep
|turn|3
|
|t:|1758997727
|switch|p1a: Volbeat|Volbeat, M|100/100
|move|p2a: Wanda|Draining Kiss|p1a: Volbeat
|-crit|p1a: Volbeat
|-damage|p1a: Volbeat|50/100
|-heal|p2a: Wanda|99/100|[from] drain|[of] p1a: Volbeat
|
|-heal|p2a: Wanda|100/100|[from] item: Leftovers
|upkeep
|turn|4
|
|t:|1758997738
|move|p1a: Volbeat|Light Screen|p1a: Volbeat
|-sidestart|p1: isochrysis|move: Light Screen
|move|p2a: Wanda|Calm Mind|p2a: Wanda
|-boost|p2a: Wanda|spa|1
|-boost|p2a: Wanda|spd|1
|
|upkeep
|turn|5
|
|t:|1758997744
|move|p1a: Volbeat|Encore|p2a: Wanda
|move|p2a: Wanda|Encore||[from] ability: Magic Bounce|[still]
|-fail|p2a: Wanda
|move|p2a: Wanda|Draining Kiss|p1a: Volbeat
|-damage|p1a: Volbeat|30/100
|
|upkeep
|turn|6
|
|t:|1758997754
|switch|p1a: Jirachi|Jirachi|100/100
|move|p2a: Wanda|Psychic Noise|p1a: Jirachi
|-resisted|p1a: Jirachi
|-damage|p1a: Jirachi|91/100
|-start|p1a: Jirachi|move: Heal Block
|
|upkeep
|turn|7
|
|t:|1758997764
|-terastallize|p2a: Wanda|Steel
|move|p1a: Jirachi|Iron Head|p2a: Wanda
|-resisted|p2a: Wanda
|-damage|p2a: Wanda|85/100
|move|p2a: Wanda|Calm Mind|p2a: Wanda
|-boost|p2a: Wanda|spa|1
|-boost|p2a: Wanda|spd|1
|
|-heal|p2a: Wanda|91/100|[from] item: Leftovers
|-end|p1a: Jirachi|move: Heal Block
|upkeep
|turn|8
|
|t:|1758997789
|switch|p1a: Gyarados|Gyarados, M|100/100
|-ability|p1a: Gyarados|Intimidate|boost
|-unboost|p2a: Wanda|atk|1
|move|p2a: Wanda|Calm Mind|p2a: Wanda
|-boost|p2a: Wanda|spa|1
|-boost|p2a: Wanda|spd|1
|
|-heal|p2a: Wanda|97/100|[from] item: Leftovers
|-sideend|p1: isochrysis|move: Light Screen
|upkeep
|turn|9
|
|t:|1758997801
|switch|p1a: Jirachi|Jirachi|91/100
|move|p2a: Wanda|Draining Kiss|p1a: Jirachi
|-resisted|p1a: Jirachi
|-damage|p1a: Jirachi|55/100
|-heal|p2a: Wanda|100/100|[from] drain|[of] p1a: Jirachi
|
|upkeep
|turn|10
|
|t:|1758997813
|move|p1a: Jirachi|Trick|p2a: Wanda
|-activate|p1a: Jirachi|move: Trick|[of] p2a: Wanda
|-item|p2a: Wanda|Choice Scarf|[from] move: Trick
|-item|p1a: Jirachi|Leftovers|[from] move: Trick
|move|p2a: Wanda|Psychic Noise|p1a: Jirachi
|-resisted|p1a: Jirachi
|-damage|p1a: Jirachi|25/100
|-start|p1a: Jirachi|move: Heal Block
|
|upkeep
|turn|11
|
|t:|1758997826
|switch|p1a: Weavile|Weavile, F|100/100
|move|p2a: Wanda|Psychic Noise|p1a: Weavile
|-immune|p1a: Weavile
|
|upkeep
|turn|12
|
|t:|1758997850
|switch|p2a: Itachi|Corviknight, M|100/100
|-ability|p2a: Itachi|Pressure
|move|p1a: Weavile|Icicle Crash|p2a: Itachi
|-damage|p2a: Itachi|67/100
|
|upkeep
|turn|13
|
|t:|1758997867
|-terastallize|p1a: Weavile|Dark
|move|p1a: Weavile|Knock Off|p2a: Itachi
|-damage|p2a: Itachi|14/100
|-damage|p1a: Weavile|84/100|[from] item: Rocky Helmet|[of] p2a: Itachi
|-enditem|p2a: Itachi|Rocky Helmet|[from] move: Knock Off|[of] p1a: Weavile
|move|p2a: Itachi|Body Press|p1a: Weavile
|-supereffective|p1a: Weavile
|-damage|p1a: Weavile|20/100
|
|upkeep
|turn|14
|
|t:|1758997877
|move|p1a: Weavile|Icicle Crash|p2a: Itachi
|-damage|p2a: Itachi|0 fnt
|faint|p2a: Itachi
|
|upkeep
|
|t:|1758997885
|switch|p2a: Kitty|Meowscarada, F|100/100
|turn|15
|
|t:|1758997941
|switch|p1a: Gyarados|Gyarados, M|100/100
|-ability|p1a: Gyarados|Intimidate|boost
|-unboost|p2a: Kitty|atk|1
|move|p2a: Kitty|Sucker Punch||[still]
|-fail|p2a: Kitty
|
|upkeep
|turn|16
|
|t:|1758997951
|move|p2a: Kitty|Thunder Punch|p1a: Gyarados
|-start|p2a: Kitty|typechange|Electric|[from] ability: Protean
|-supereffective|p1a: Gyarados
|-damage|p1a: Gyarados|0 fnt
|-damage|p2a: Kitty|84/100|[from] item: Rocky Helmet|[of] p1a: Gyarados
|faint|p1a: Gyarados
|
|upkeep
|
|t:|1758997963
|switch|p1a: Garchomp|Garchomp, F|100/100
|turn|17
|
|t:|1758997969
|move|p2a: Kitty|Triple Axel|p1a: Garchomp|[miss]
|-miss|p2a: Kitty|p1a: Garchomp
|move|p1a: Garchomp|Earthquake|p2a: Kitty
|-supereffective|p2a: Kitty
|-damage|p2a: Kitty|0 fnt
|faint|p2a: Kitty
|
|upkeep
|-message|Hexylo forfeited.
|
|win|isochrysis
|raw|isochrysis's rating: 1163 &rarr; <strong>1186</strong><br />(+23 for winning)
|raw|Hexylo's rating: 1139 &rarr; <strong>1116</strong><br />(-23 for losing)
|l|☆Hexylo
|player|p2|
|l|☆isochrysis
|player|p1|
