|j|☆uberryumaru
|j|☆sakuya 2hu
|t:|1759032059
|gametype|singles
|player|p1|uberryumaru|102|1125
|player|p2|sakuya 2hu|rocketgruntf|1161
|gen|9
|tier|[Gen 9] OU
|rated|
|rule|HP Percentage Mod: HP is shown in percentages
|rule|Endless Battle Clause: Forcing endless battles is banned
|rule|Species Clause: Limit one of each Pokémon
|rule|OHKO Clause: OHKO moves are banned
|rule|Evasion Items Clause: Evasion items are banned
|rule|Evasion Moves Clause: Evasion moves are banned
|rule|Evasion Abilities Clause: Evasion abilities are banned
|rule|Sleep Moves Clause: Sleep-inducing moves are banned
|clearpoke
|poke|p1|Hoopa-Unbound|
|poke|p1|Metagross|
|poke|p1|Latios, M|
|poke|p1|Iron Boulder|
|poke|p1|Espeon, F|
|poke|p1|Bruxish, M|
|poke|p2|Tornadus-Therian, M|
|poke|p2|Gliscor, M|
|poke|p2|Rillaboom, M|
|poke|p2|Basculegion-F, F|
|poke|p2|Darkrai|
|poke|p2|Pelipper, F|
|teampreview
|inactive|Battle timer is ON: inactive players will automatically lose when time's up. (requested by uberryumaru)
|
|t:|1759032086
|teamsize|p1|6
|teamsize|p2|6
|start
|switch|p1a: Bruxish|Bruxish, M, shiny|100/100
|switch|p2a: Birra Moretti|Gliscor, M|100/100
|turn|1
|inactive|uberryumaru has 120 seconds left.
|
|t:|1759032136
|move|p1a: Bruxish|Liquidation|p2a: Birra Moretti
|-supereffective|p2a: Birra Moretti
|-damage|p2a: Birra Moretti|24/100
|move|p2a: Birra Moretti|Substitute|p2a: Birra Moretti
|-fail|p2a: Birra Moretti|move: Substitute|[weak]
|
|-status|p2a: Birra Moretti|tox|[from] item: Toxic Orb
|upkeep
|turn|2
|
|t:|1759032142
|switch|p2a: Milky way|Rillaboom, M|100/100
|-fieldstart|move: Grassy Terrain|[from] ability: Grassy Surge|[of] p2a: Milky way
|move|p1a: Bruxish|Aqua Jet|p2a: Milky way
|-resisted|p2a: Milky way
|-damage|p2a: Milky way|90/100
|
|-heal|p2a: Milky way|96/100|[from] Grassy Terrain
|upkeep
|turn|3
|
|t:|1759032154
|switch|p1a: Hoopa|Hoopa-Unbound|100/100
|move|p2a: Milky way|U-turn|p1a: Hoopa
|-supereffective|p1a: Hoopa
|-damage|p1a: Hoopa|0 fnt
|faint|p1a: Hoopa
|
|t:|1759032161
|switch|p2a: AE86 Panda Trueno|Pelipper, F|100/100|[from] U-turn
|-weather|RainDance|[from] ability: Drizzle|[of] p2a: AE86 Panda Trueno
|
|-weather|RainDance|[upkeep]
|upkeep
|inactive|uberryumaru has 120 seconds left.
|
|t:|1759032185
|switch|p1a: Iron Boulder|Iron Boulder|100/100
|-item|p1a: Iron Boulder|Air Balloon
|turn|4
|
|t:|1759032197
|switch|p2a: Birra Moretti|Gliscor, M|24/100 tox
|move|p1a: Iron Boulder|Mighty Cleave|p2a: Birra Moretti
|-damage|p2a: Birra Moretti|0 fnt
|faint|p2a: Birra Moretti
|
|-weather|RainDance|[upkeep]
|upkeep
|
|t:|1759032202
|switch|p2a: Bass Boost|Basculegion-F, F|100/100
|turn|5
|inactive|uberryumaru has 120 seconds left.
|
|t:|1759032234
|-end|p1a: Iron Boulder|Quark Drive|[silent]
|switch|p1a: Latios|Latios, M, shiny|100/100
|move|p2a: Bass Boost|Surf|p1a: Latios
|-resisted|p1a: Latios
|-damage|p1a: Latios|53/100
|-damage|p2a: Bass Boost|91/100|[from] item: Life Orb
|
|-weather|RainDance|[upkeep]
|-heal|p2a: Bass Boost|97/100|[from] Grassy Terrain
|upkeep
|turn|6
|
|t:|1759032244
|move|p2a: Bass Boost|Shadow Ball|p1a: Latios
|-supereffective|p1a: Latios
|-damage|p1a: Latios|0 fnt
|faint|p1a: Latios
|-damage|p2a: Bass Boost|87/100|[from] item: Life Orb
|
|-weather|RainDance|[upkeep]
|-heal|p2a: Bass Boost|93/100|[from] Grassy Terrain
|-fieldend|move: Grassy Terrain
|upkeep
|
|t:|1759032254
|switch|p1a: Metagross|Metagross, shiny|100/100
|turn|7
|
|t:|1759032257
|move|p2a: Bass Boost|Shadow Ball|p1a: Metagross
|-supereffective|p1a: Metagross
|-damage|p1a: Metagross|0 fnt
|faint|p1a: Metagross
|-damage|p2a: Bass Boost|83/100|[from] item: Life Orb
|
|-weather|RainDance|[upkeep]
|upkeep
|
|t:|1759032274
|switch|p1a: Iron Boulder|Iron Boulder|100/100
|-item|p1a: Iron Boulder|Air Balloon
|turn|8
|
|t:|1759032279
|move|p2a: Bass Boost|Surf|p1a: Iron Boulder
|-supereffective|p1a: Iron Boulder
|-damage|p1a: Iron Boulder|0 fnt
|-enditem|p1a: Iron Boulder|Air Balloon
|faint|p1a: Iron Boulder
|-end|p1a: Iron Boulder|Quark Drive|[silent]
|-damage|p2a: Bass Boost|73/100|[from] item: Life Orb
|
|-weather|RainDance|[upkeep]
|upkeep
|-message|uberryumaru forfeited.
|
|win|sakuya 2hu
|raw|uberryumaru's rating: 1125 &rarr; <strong>1103</strong><br />(-22 for losing)
|raw|sakuya 2hu's rating: 1161 &rarr; <strong>1183</strong><br />(+22 for winning)
|l|☆uberryumaru
|player|p1|
|l|☆sakuya 2hu
|player|p2|
