|j|☆MassiveFinland4234
|j|☆TUMECENTZELL
|t:|1759031987
|gametype|singles
|player|p1|MassiveFinland4234|cynthia|1376
|player|p2|TUMECENTZELL|1|1412
|gen|9
|tier|[Gen 9] OU
|rated|
|rule|HP Percentage Mod: HP is shown in percentages
|rule|Endless Battle Clause: Forcing endless battles is banned
|rule|Species Clause: Limit one of each Pokémon
|rule|OHKO Clause: OHKO moves are banned
|rule|Evasion Items Clause: Evasion items are banned
|rule|Evasion Moves Clause: Evasion moves are banned
|rule|Evasion Abilities Clause: Evasion abilities are banned
|rule|Sleep Moves Clause: Sleep-inducing moves are banned
|clearpoke
|poke|p1|Weavile, M|
|poke|p1|Primarina, F|
|poke|p1|Raging Bolt|
|poke|p1|Scizor, M|
|poke|p1|Landorus-Therian, M|
|poke|p1|Moltres|
|poke|p2|Lokix, M|
|poke|p2|Goodra-Hisui, F|
|poke|p2|Slowbro, M|
|poke|p2|Corviknight, F|
|poke|p2|Staraptor, F|
|poke|p2|Iron Moth|
|teampreview
|inactive|Battle timer is ON: inactive players will automatically lose when time's up. (requested by TUMECENTZELL)
|
|t:|1759031999
|teamsize|p1|6
|teamsize|p2|6
|start
|switch|p1a: Colonel|Moltres|100/100
|switch|p2a: Staraptor|Staraptor, F|100/100
|turn|1
|
|t:|1759032007
|move|p2a: Staraptor|U-turn|p1a: Colonel
|-resisted|p1a: Colonel
|-damage|p1a: Colonel|95/100
|-status|p2a: Staraptor|brn|[from] ability: Flame Body|[of] p1a: Colonel
|
|t:|1759032015
|switch|p2a: Goodra|Goodra-Hisui, F|100/100|[from] U-turn
|move|p1a: Colonel|Will-O-Wisp|p2a: Goodra
|-status|p2a: Goodra|brn
|
|-damage|p2a: Goodra|94/100 brn|[from] brn
|upkeep
|turn|2
|
|t:|1759032028
|move|p1a: Colonel|Fire Blast|p2a: Goodra
|-damage|p2a: Goodra|69/100 brn
|move|p2a: Goodra|Surf|p1a: Colonel
|-supereffective|p1a: Colonel
|-damage|p1a: Colonel|32/100
|
|-damage|p2a: Goodra|63/100 brn|[from] brn
|upkeep
|turn|3
|
|t:|1759032041
|switch|p1a: Raiden|Raging Bolt|100/100
|-enditem|p1a: Raiden|Booster Energy
|-activate|p1a: Raiden|ability: Protosynthesis|[fromitem]
|-start|p1a: Raiden|protosynthesisspa
|move|p2a: Goodra|Surf|p1a: Raiden
|-resisted|p1a: Raiden
|-damage|p1a: Raiden|88/100
|
|-damage|p2a: Goodra|57/100 brn|[from] brn
|upkeep
|turn|4
|
|t:|1759032053
|move|p1a: Raiden|Draco Meteor|p2a: Goodra|[miss]
|-miss|p1a: Raiden|p2a: Goodra
|move|p2a: Goodra|Dragon Pulse|p1a: Raiden
|-supereffective|p1a: Raiden
|-damage|p1a: Raiden|20/100
|
|-damage|p2a: Goodra|51/100 brn|[from] brn
|upkeep
|turn|5
|
|t:|1759032073
|-terastallize|p2a: Goodra|Fairy
|move|p1a: Raiden|Draco Meteor|p2a: Goodra
|-immune|p2a: Goodra
|move|p2a: Goodra|Dragon Pulse|p1a: Raiden
|-supereffective|p1a: Raiden
|-damage|p1a: Raiden|0 fnt
|faint|p1a: Raiden
|-end|p1a: Raiden|Protosynthesis|[silent]
|
|-damage|p2a: Goodra|45/100 brn|[from] brn
|upkeep
|
|t:|1759032084
|switch|p1a: Guillotine|Scizor, M|100/100
|turn|6
|
|t:|1759032090
|switch|p2a: Corviknight|Corviknight, F|100/100
|-ability|p2a: Corviknight|Pressure
|move|p1a: Guillotine|Bullet Punch|p2a: Corviknight
|-resisted|p2a: Corviknight
|-damage|p2a: Corviknight|82/100
|-damage|p1a: Guillotine|84/100|[from] item: Rocky Helmet|[of] p2a: Corviknight
|
|upkeep
|turn|7
|
|t:|1759032104
|switch|p1a: Colonel|Moltres|32/100
|move|p2a: Corviknight|Bulk Up|p2a: Corviknight
|-boost|p2a: Corviknight|atk|1
|-boost|p2a: Corviknight|def|1
|
|upkeep
|turn|8
|
|t:|1759032114
|switch|p2a: Slowbro|Slowbro, M|100/100
|move|p1a: Colonel|Roost|p1a: Colonel
|-heal|p1a: Colonel|82/100
|-singleturn|p1a: Colonel|move: Roost
|
|upkeep
|turn|9
|
|t:|1759032125
|switch|p1a: Guillotine|Scizor, M|84/100
|move|p2a: Slowbro|Scald|p1a: Guillotine
|-damage|p1a: Guillotine|49/100
|
|upkeep
|turn|10
|
|t:|1759032133
|switch|p2a: Corviknight|Corviknight, F|82/100
|-ability|p2a: Corviknight|Pressure
|move|p1a: Guillotine|Knock Off|p2a: Corviknight
|-damage|p2a: Corviknight|48/100
|-damage|p1a: Guillotine|32/100|[from] item: Rocky Helmet|[of] p2a: Corviknight
|-enditem|p2a: Corviknight|Rocky Helmet|[from] move: Knock Off|[of] p1a: Guillotine
|
|upkeep
|turn|11
|
|t:|1759032159
|switch|p1a: Colonel|Moltres|82/100
|move|p2a: Corviknight|Roost|p2a: Corviknight
|-heal|p2a: Corviknight|98/100
|-singleturn|p2a: Corviknight|move: Roost
|
|upkeep
|turn|12
|
|t:|1759032172
|switch|p2a: Slowbro|Slowbro, M|100/100
|move|p1a: Colonel|Will-O-Wisp|p2a: Slowbro|[miss]
|-miss|p1a: Colonel|p2a: Slowbro
|
|upkeep
|turn|13
|inactive|TUMECENTZELL has 120 seconds left.
|
|t:|1759032191
|switch|p1a: Circe|Primarina, F|100/100
|move|p2a: Slowbro|Scald|p1a: Circe
|-resisted|p1a: Circe
|-damage|p1a: Circe|89/100
|
|-heal|p1a: Circe|95/100|[from] item: Leftovers
|upkeep
|turn|14
|inactive|TUMECENTZELL has 120 seconds left.
|
|t:|1759032223
|move|p1a: Circe|Calm Mind|p1a: Circe
|-boost|p1a: Circe|spa|1
|-boost|p1a: Circe|spd|1
|move|p2a: Slowbro|Future Sight|p1a: Circe
|-start|p2a: Slowbro|move: Future Sight
|
|-heal|p1a: Circe|100/100|[from] item: Leftovers
|upkeep
|turn|15
|
|t:|1759032231
|switch|p2a: Goodra|Goodra-Hisui, F, tera:Fairy|45/100 brn
|move|p1a: Circe|Calm Mind|p1a: Circe
|-boost|p1a: Circe|spa|1
|-boost|p1a: Circe|spd|1
|
|-damage|p2a: Goodra|39/100 brn|[from] brn
|upkeep
|turn|16
|
|t:|1759032245
|move|p2a: Goodra|Sludge Bomb|p1a: Circe
|-supereffective|p1a: Circe
|-damage|p1a: Circe|73/100
|move|p1a: Circe|Calm Mind|p1a: Circe
|-boost|p1a: Circe|spa|1
|-boost|p1a: Circe|spd|1
|
|-end|p1a: Circe|move: Future Sight
|-damage|p1a: Circe|60/100
|-heal|p1a: Circe|66/100|[from] item: Leftovers
|-damage|p2a: Goodra|33/100 brn|[from] brn
|upkeep
|turn|17
|
|t:|1759032261
|move|p2a: Goodra|Sludge Bomb|p1a: Circe
|-supereffective|p1a: Circe
|-damage|p1a: Circe|46/100
|move|p1a: Circe|Moonblast|p2a: Goodra
|-damage|p2a: Goodra|0 fnt
|faint|p2a: Goodra
|
|-heal|p1a: Circe|52/100|[from] item: Leftovers
|upkeep
|
|t:|1759032274
|switch|p2a: Staraptor|Staraptor, F|100/100 brn
|turn|18
|
|t:|1759032283
|move|p2a: Staraptor|Facade|p1a: Circe
|-crit|p1a: Circe
|-damage|p1a: Circe|0 fnt
|faint|p1a: Circe
|
|-damage|p2a: Staraptor|94/100 brn|[from] brn
|upkeep
|
|t:|1759032291
|switch|p1a: Frostbite|Weavile, M|100/100
|-ability|p1a: Frostbite|Pressure
|turn|19
|inactive|TUMECENTZELL has 120 seconds left.
|
|t:|1759032304
|move|p2a: Staraptor|Facade|p1a: Frostbite
|-damage|p1a: Frostbite|0 fnt
|faint|p1a: Frostbite
|
|-damage|p2a: Staraptor|88/100 brn|[from] brn
|upkeep
|
|t:|1759032311
|switch|p1a: Guillotine|Scizor, M|32/100
|turn|20
|
|t:|1759032315
|switch|p2a: Corviknight|Corviknight, F|98/100
|-ability|p2a: Corviknight|Pressure
|move|p1a: Guillotine|Knock Off|p2a: Corviknight
|-damage|p2a: Corviknight|74/100
|
|upkeep
|turn|21
|-message|MassiveFinland4234 forfeited.
|
|win|TUMECENTZELL
|raw|MassiveFinland4234's rating: 1376 &rarr; <strong>1358</strong><br />(-18 for losing)
|raw|TUMECENTZELL's rating: 1412 &rarr; <strong>1430</strong><br />(+18 for winning)
|l|☆MassiveFinland4234
|player|p1|
|l|☆TUMECENTZELL
|player|p2|
