|badge|p2|bronze|gen9ou|100-6
|html|<div class="broadcast-red"><strong>This battle is required to be public due to one or more player having a season medal.</strong><br />During the public phase, you can discuss the state of the ladder <a href="/seasondiscussion">in a special chatroom.</a></div>
|uhtml|medal-msg|<div class="broadcast-blue">Curious what those medals under the avatar are? PS now has Ladder Seasons! For more information, check out the <a href="https://www.smogon.com/forums/threads/3740067/">thread on Smogon.</a></div>
|raw|<div class="broadcast-blue"><strong>This battle is required to be public due to a player having a name starting with 'medal'.</div>
|j|☆powerfull_rock
|j|‽Losts0ulsmc
|t:|1759077950
|gametype|singles
|player|p1|powerfull_rock|blackbelt|1745
|player|p2|Losts0ulsmc|265|1906
|gen|9
|tier|[Gen 9] OU
|rated|
|rule|HP Percentage Mod: HP is shown in percentages
|rule|Endless Battle Clause: Forcing endless battles is banned
|rule|Species Clause: Limit one of each Pokémon
|rule|OHKO Clause: OHKO moves are banned
|rule|Evasion Items Clause: Evasion items are banned
|rule|Evasion Moves Clause: Evasion moves are banned
|rule|Evasion Abilities Clause: Evasion abilities are banned
|rule|Sleep Moves Clause: Sleep-inducing moves are banned
|clearpoke
|poke|p1|Clodsire, M|
|poke|p1|Conkeldurr, F|
|poke|p1|Enamorus, F|
|poke|p1|Ceruledge, M|
|poke|p1|Skarmory, M|
|poke|p1|Sinistcha|
|poke|p2|Great Tusk|
|poke|p2|Gholdengo|
|poke|p2|Iron Valiant|
|poke|p2|Kingambit, F|
|poke|p2|Samurott-Hisui, F|
|poke|p2|Landorus-Therian, M|
|teampreview
|inactive|Battle timer is ON: inactive players will automatically lose when time's up. (requested by Losts0ulsmc)
|
|t:|1759077965
|teamsize|p1|6
|teamsize|p2|6
|start
|switch|p1a: Love Snake|Enamorus, F|100/100
|switch|p2a: Gholdengo|Gholdengo, shiny|100/100
|turn|1
|
|t:|1759077973
|switch|p1a: Fat Body|Clodsire, M, shiny|100/100
|move|p2a: Gholdengo|Make It Rain|p1a: Fat Body
|-damage|p1a: Fat Body|38/100
|-unboost|p2a: Gholdengo|spa|1
|
|-heal|p1a: Fat Body|44/100|[from] item: Leftovers
|upkeep
|turn|2
|
|t:|1759077976
|move|p2a: Gholdengo|Make It Rain|p1a: Fat Body
|-damage|p1a: Fat Body|3/100
|-unboost|p2a: Gholdengo|spa|1
|move|p1a: Fat Body|Recover|p1a: Fat Body
|-heal|p1a: Fat Body|53/100
|
|-heal|p1a: Fat Body|59/100|[from] item: Leftovers
|upkeep
|turn|3
|
|t:|1759077981
|switch|p2a: Samurott|Samurott-Hisui, F, shiny|100/100
|move|p1a: Fat Body|Stealth Rock|p2a: Samurott
|-sidestart|p2: Losts0ulsmc|move: Stealth Rock
|
|-heal|p1a: Fat Body|65/100|[from] item: Leftovers
|upkeep
|turn|4
|
|t:|1759077986
|move|p2a: Samurott|Knock Off|p1a: Fat Body
|-damage|p1a: Fat Body|28/100
|-enditem|p1a: Fat Body|Leftovers|[from] move: Knock Off|[of] p2a: Samurott
|move|p1a: Fat Body|Toxic|p2a: Samurott
|-status|p2a: Samurott|tox
|
|-damage|p2a: Samurott|94/100 tox|[from] psn
|upkeep
|turn|5
|
|t:|1759077988
|move|p2a: Samurott|Ceaseless Edge|p1a: Fat Body
|-damage|p1a: Fat Body|0 fnt
|-sidestart|p1: powerfull_rock|Spikes
|faint|p1a: Fat Body
|
|-damage|p2a: Samurott|82/100 tox|[from] psn
|upkeep
|j| Rizzofreko
|
|t:|1759077991
|switch|p1a: Love Snake|Enamorus, F|100/100
|turn|6
|
|t:|1759078004
|move|p2a: Samurott|Sucker Punch|p1a: Love Snake
|-resisted|p1a: Love Snake
|-damage|p1a: Love Snake|67/100
|move|p1a: Love Snake|Moonblast|p2a: Samurott
|-supereffective|p2a: Samurott
|-damage|p2a: Samurott|0 fnt
|faint|p2a: Samurott
|
|-heal|p1a: Love Snake|73/100|[from] item: Leftovers
|upkeep
|
|t:|1759078013
|switch|p2a: Gholdengo|Gholdengo, shiny|100/100
|-damage|p2a: Gholdengo|94/100|[from] Stealth Rock
|turn|7
|
|t:|1759078017
|switch|p1a: Wide Shoulder|Conkeldurr, F, shiny|100/100
|-damage|p1a: Wide Shoulder|88/100|[from] Spikes
|move|p2a: Gholdengo|Make It Rain|p1a: Wide Shoulder
|-damage|p1a: Wide Shoulder|28/100
|-unboost|p2a: Gholdengo|spa|1
|
|upkeep
|turn|8
|
|t:|1759078026
|move|p2a: Gholdengo|Make It Rain|p1a: Wide Shoulder
|-damage|p1a: Wide Shoulder|0 fnt
|-unboost|p2a: Gholdengo|spa|1
|faint|p1a: Wide Shoulder
|
|upkeep
|
|t:|1759078029
|switch|p1a: Clean Edge|Ceruledge, M|100/100
|turn|9
|
|t:|1759078033
|switch|p2a: Landorus|Landorus-Therian, M, shiny|100/100
|-damage|p2a: Landorus|88/100|[from] Stealth Rock
|-ability|p2a: Landorus|Intimidate|boost
|-unboost|p1a: Clean Edge|atk|1
|move|p1a: Clean Edge|Bulk Up|p1a: Clean Edge
|-boost|p1a: Clean Edge|atk|1
|-boost|p1a: Clean Edge|def|1
|
|upkeep
|turn|10
|
|t:|1759078037
|-terastallize|p1a: Clean Edge|Bug
|move|p2a: Landorus|Earthquake|p1a: Clean Edge
|-resisted|p1a: Clean Edge
|-damage|p1a: Clean Edge|80/100
|move|p1a: Clean Edge|Bulk Up|p1a: Clean Edge
|-boost|p1a: Clean Edge|atk|1
|-boost|p1a: Clean Edge|def|1
|
|upkeep
|turn|11
|
|t:|1759078040
|switch|p2a: Great Tusk|Great Tusk, shiny|100/100
|-damage|p2a: Great Tusk|98/100|[from] Stealth Rock
|-enditem|p2a: Great Tusk|Booster Energy
|-activate|p2a: Great Tusk|ability: Protosynthesis|[fromitem]
|-start|p2a: Great Tusk|protosynthesisatk
|move|p1a: Clean Edge|Bulk Up|p1a: Clean Edge
|-boost|p1a: Clean Edge|atk|1
|-boost|p1a: Clean Edge|def|1
|
|upkeep
|turn|12
|
|t:|1759078043
|move|p2a: Great Tusk|Head Smash|p1a: Clean Edge
|-supereffective|p1a: Clean Edge
|-damage|p1a: Clean Edge|13/100
|-damage|p2a: Great Tusk|65/100|[from] Recoil
|move|p1a: Clean Edge|Bitter Blade|p2a: Great Tusk
|-damage|p2a: Great Tusk|13/100
|-heal|p1a: Clean Edge|40/100|[from] drain|[of] p2a: Great Tusk
|
|upkeep
|turn|13
|
|t:|1759078046
|move|p1a: Clean Edge|Shadow Sneak|p2a: Great Tusk
|-damage|p2a: Great Tusk|0 fnt
|faint|p2a: Great Tusk
|-end|p2a: Great Tusk|Protosynthesis|[silent]
|
|upkeep
|
|t:|1759078049
|switch|p2a: Landorus|Landorus-Therian, M, shiny|88/100
|-damage|p2a: Landorus|75/100|[from] Stealth Rock
|-ability|p2a: Landorus|Intimidate|boost
|-unboost|p1a: Clean Edge|atk|1
|turn|14
|
|t:|1759078053
|move|p2a: Landorus|Stone Edge|p1a: Clean Edge|[miss]
|-miss|p2a: Landorus|p1a: Clean Edge
|move|p1a: Clean Edge|Bitter Blade|p2a: Landorus
|-damage|p2a: Landorus|12/100
|-heal|p1a: Clean Edge|69/100|[from] drain|[of] p2a: Landorus
|
|upkeep
|turn|15
|
|t:|1759078055
|move|p1a: Clean Edge|Shadow Sneak|p2a: Landorus
|-damage|p2a: Landorus|0 fnt
|faint|p2a: Landorus
|
|upkeep
|l| Rizzofreko
|
|t:|1759078063
|switch|p2a: Gholdengo|Gholdengo, shiny|94/100
|-damage|p2a: Gholdengo|88/100|[from] Stealth Rock
|turn|16
|
|t:|1759078067
|-terastallize|p2a: Gholdengo|Steel
|move|p2a: Gholdengo|Make It Rain|p1a: Clean Edge
|-damage|p1a: Clean Edge|0 fnt
|-unboost|p2a: Gholdengo|spa|1
|faint|p1a: Clean Edge
|
|upkeep
|
|t:|1759078087
|switch|p1a: Metal Wing|Skarmory, M|100/100
|turn|17
|
|t:|1759078091
|switch|p2a: Iron Valiant|Iron Valiant, shiny|100/100
|-damage|p2a: Iron Valiant|94/100|[from] Stealth Rock
|-enditem|p2a: Iron Valiant|Booster Energy
|-activate|p2a: Iron Valiant|ability: Quark Drive|[fromitem]
|-start|p2a: Iron Valiant|quarkdrivespe
|move|p1a: Metal Wing|Spikes|p2a: Iron Valiant
|-sidestart|p2: Losts0ulsmc|Spikes
|
|upkeep
|turn|18
|
|t:|1759078095
|move|p2a: Iron Valiant|Swords Dance|p2a: Iron Valiant
|-boost|p2a: Iron Valiant|atk|2
|move|p1a: Metal Wing|Brave Bird|p2a: Iron Valiant
|-supereffective|p2a: Iron Valiant
|-damage|p2a: Iron Valiant|7/100
|-damage|p1a: Metal Wing|76/100|[from] Recoil
|
|-heal|p1a: Metal Wing|82/100|[from] item: Leftovers
|upkeep
|turn|19
|
|t:|1759078098
|move|p2a: Iron Valiant|Close Combat|p1a: Metal Wing
|-damage|p1a: Metal Wing|0 fnt
|-unboost|p2a: Iron Valiant|def|1
|-unboost|p2a: Iron Valiant|spd|1
|faint|p1a: Metal Wing
|
|upkeep
|
|t:|1759078105
|switch|p1a: Broken Vessel|Sinistcha, shiny|100/100
|turn|20
|
|t:|1759078107
|move|p2a: Iron Valiant|Swords Dance|p2a: Iron Valiant
|-boost|p2a: Iron Valiant|atk|2
|move|p1a: Broken Vessel|Shadow Ball|p2a: Iron Valiant
|-damage|p2a: Iron Valiant|0 fnt
|faint|p2a: Iron Valiant
|-end|p2a: Iron Valiant|Quark Drive|[silent]
|
|upkeep
|
|t:|1759078111
|switch|p2a: Kingambit|Kingambit, F, shiny|100/100
|-damage|p2a: Kingambit|94/100|[from] Stealth Rock
|-damage|p2a: Kingambit|82/100|[from] Spikes
|-activate|p2a: Kingambit|ability: Supreme Overlord
|-start|p2a: Kingambit|fallen4|[silent]
|turn|21
|
|t:|1759078114
|move|p1a: Broken Vessel|Iron Defense|p1a: Broken Vessel
|-boost|p1a: Broken Vessel|def|2
|move|p2a: Kingambit|Swords Dance|p2a: Kingambit
|-boost|p2a: Kingambit|atk|2
|
|-heal|p2a: Kingambit|88/100|[from] item: Leftovers
|upkeep
|turn|22
|
|t:|1759078118
|move|p1a: Broken Vessel|Iron Defense|p1a: Broken Vessel
|-boost|p1a: Broken Vessel|def|2
|move|p2a: Kingambit|Kowtow Cleave|p1a: Broken Vessel
|-supereffective|p1a: Broken Vessel
|-damage|p1a: Broken Vessel|31/100
|
|-heal|p2a: Kingambit|94/100|[from] item: Leftovers
|upkeep
|turn|23
|j| tapu moxo
|
|t:|1759078121
|-end|p2a: Kingambit|fallen4|[silent]
|switch|p2a: Gholdengo|Gholdengo, shiny, tera:Steel|88/100
|-damage|p2a: Gholdengo|82/100|[from] Stealth Rock
|-damage|p2a: Gholdengo|70/100|[from] Spikes
|move|p1a: Broken Vessel|Strength Sap|p2a: Gholdengo
|-immune|p2a: Gholdengo|[from] ability: Good as Gold
|
|upkeep
|turn|24
|
|t:|1759078125
|move|p2a: Gholdengo|Make It Rain|p1a: Broken Vessel
|-damage|p1a: Broken Vessel|0 fnt
|-unboost|p2a: Gholdengo|spa|1
|faint|p1a: Broken Vessel
|
|upkeep
|
|t:|1759078127
|switch|p1a: Love Snake|Enamorus, F|73/100
|turn|25
|
|t:|1759078128
|move|p1a: Love Snake|Earth Power|p2a: Gholdengo
|-supereffective|p2a: Gholdengo
|-damage|p2a: Gholdengo|0 fnt
|faint|p2a: Gholdengo
|
|-heal|p1a: Love Snake|79/100|[from] item: Leftovers
|upkeep
|
|t:|1759078129
|switch|p2a: Kingambit|Kingambit, F, shiny|94/100
|-damage|p2a: Kingambit|88/100|[from] Stealth Rock
|-damage|p2a: Kingambit|76/100|[from] Spikes
|-activate|p2a: Kingambit|ability: Supreme Overlord
|-start|p2a: Kingambit|fallen5|[silent]
|turn|26
|
|t:|1759078131
|move|p1a: Love Snake|Substitute|p1a: Love Snake
|-start|p1a: Love Snake|Substitute
|-damage|p1a: Love Snake|54/100
|move|p2a: Kingambit|Iron Head|p1a: Love Snake
|-supereffective|p1a: Love Snake
|-end|p1a: Love Snake|Substitute
|
|-heal|p1a: Love Snake|61/100|[from] item: Leftovers
|-heal|p2a: Kingambit|82/100|[from] item: Leftovers
|upkeep
|turn|27
|
|t:|1759078133
|move|p1a: Love Snake|Superpower|p2a: Kingambit
|-supereffective|p2a: Kingambit
|-damage|p2a: Kingambit|0 fnt
|-boost|p1a: Love Snake|atk|1
|-boost|p1a: Love Snake|def|1
|faint|p2a: Kingambit
|-end|p2a: Kingambit|fallen5|[silent]
|
|win|powerfull_rock
|raw|powerfull_rock's rating: 1745 &rarr; <strong>1774</strong><br />(+29 for winning)
|raw|Losts0ulsmc's rating: 1906 &rarr; <strong>1877</strong><br />(-29 for losing)
|l|‽Losts0ulsmc
|player|p2|
