|j|☆noahthebadplayer
|j|☆ColdWar001
|t:|1759050900
|gametype|singles
|player|p1|noahthebadplayer|169|1168
|player|p2|ColdWar001|drayden|1164
|gen|9
|tier|[Gen 9] OU
|rated|
|rule|HP Percentage Mod: HP is shown in percentages
|rule|Endless Battle Clause: Forcing endless battles is banned
|rule|Species Clause: Limit one of each Pokémon
|rule|OHKO Clause: OHKO moves are banned
|rule|Evasion Items Clause: Evasion items are banned
|rule|Evasion Moves Clause: Evasion moves are banned
|rule|Evasion Abilities Clause: Evasion abilities are banned
|rule|Sleep Moves Clause: Sleep-inducing moves are banned
|clearpoke
|poke|p1|Politoed, F|
|poke|p1|Ogerpon-Wellspring, F|
|poke|p1|Tornadus-Therian, M|
|poke|p1|Scizor, M|
|poke|p1|Iron Hands|
|poke|p1|Ludicolo, F|
|poke|p2|Kyurem|
|poke|p2|Conkeldurr, M|
|poke|p2|Kleavor, F|
|poke|p2|Tentacruel, M|
|poke|p2|Skeledirge, M|
|poke|p2|Raikou|
|teampreview
|inactive|Battle timer is ON: inactive players will automatically lose when time's up. (requested by ColdWar001)
|c|☆noahthebadplayer|Glhf
|
|t:|1759050917
|teamsize|p1|6
|teamsize|p2|6
|start
|switch|p1a: Tornadus|Tornadus-Therian, M|100/100
|switch|p2a: Raikou|Raikou|100/100
|turn|1
|c|☆ColdWar001|U2
|
|t:|1759050925
|switch|p1a: Iron Hands|Iron Hands|100/100
|move|p2a: Raikou|Thunder Wave|p1a: Iron Hands
|-immune|p1a: Iron Hands
|
|upkeep
|turn|2
|
|t:|1759050932
|move|p2a: Raikou|Volt Switch|p1a: Iron Hands
|-resisted|p1a: Iron Hands
|-damage|p1a: Iron Hands|85/100
|
|t:|1759050940
|switch|p2a: Conkeldurr|Conkeldurr, M|100/100|[from] Volt Switch
|move|p1a: Iron Hands|Belly Drum|p1a: Iron Hands
|-damage|p1a: Iron Hands|35/100
|-setboost|p1a: Iron Hands|atk|6|[from] move: Belly Drum
|-enditem|p1a: Iron Hands|Sitrus Berry|[eat]
|-heal|p1a: Iron Hands|60/100|[from] item: Sitrus Berry
|
|upkeep
|turn|3
|
|t:|1759050950
|move|p1a: Iron Hands|Drain Punch|p2a: Conkeldurr
|-damage|p2a: Conkeldurr|0 fnt
|-heal|p1a: Iron Hands|100/100|[from] drain|[of] p2a: Conkeldurr
|faint|p2a: Conkeldurr
|
|upkeep
|
|t:|1759050963
|switch|p2a: Skeledirge|Skeledirge, M|100/100
|turn|4
|
|t:|1759050970
|move|p2a: Skeledirge|Will-O-Wisp|p1a: Iron Hands|[miss]
|-miss|p2a: Skeledirge|p1a: Iron Hands
|move|p1a: Iron Hands|Earthquake|p2a: Skeledirge
|-supereffective|p2a: Skeledirge
|-damage|p2a: Skeledirge|30/100
|
|-heal|p2a: Skeledirge|37/100|[from] item: Leftovers
|upkeep
|turn|5
|
|t:|1759050979
|move|p2a: Skeledirge|Slack Off|p2a: Skeledirge
|-heal|p2a: Skeledirge|87/100
|move|p1a: Iron Hands|Earthquake|p2a: Skeledirge
|-supereffective|p2a: Skeledirge
|-damage|p2a: Skeledirge|24/100
|
|-heal|p2a: Skeledirge|30/100|[from] item: Leftovers
|upkeep
|turn|6
|
|t:|1759050987
|move|p2a: Skeledirge|Will-O-Wisp|p1a: Iron Hands
|-status|p1a: Iron Hands|brn
|move|p1a: Iron Hands|Earthquake|p2a: Skeledirge
|-supereffective|p2a: Skeledirge
|-damage|p2a: Skeledirge|0 fnt
|faint|p2a: Skeledirge
|
|-damage|p1a: Iron Hands|94/100 brn|[from] brn
|upkeep
|
|t:|1759050995
|switch|p2a: Tentacruel|Tentacruel, M|100/100
|turn|7
|
|t:|1759051000
|move|p2a: Tentacruel|Surf|p1a: Iron Hands
|-damage|p1a: Iron Hands|73/100 brn
|move|p1a: Iron Hands|Supercell Slam|p2a: Tentacruel
|-supereffective|p2a: Tentacruel
|-damage|p2a: Tentacruel|0 fnt
|faint|p2a: Tentacruel
|
|-damage|p1a: Iron Hands|66/100 brn|[from] brn
|upkeep
|
|t:|1759051011
|switch|p2a: Raikou|Raikou|100/100
|turn|8
|
|t:|1759051015
|move|p2a: Raikou|Volt Switch|p1a: Iron Hands
|-resisted|p1a: Iron Hands
|-damage|p1a: Iron Hands|52/100 brn
|
|t:|1759051019
|switch|p2a: Kleavor|Kleavor, F|100/100|[from] Volt Switch
|move|p1a: Iron Hands|Drain Punch|p2a: Kleavor
|-damage|p2a: Kleavor|14/100
|-heal|p1a: Iron Hands|81/100 brn|[from] drain|[of] p2a: Kleavor
|
|-damage|p1a: Iron Hands|75/100 brn|[from] brn
|upkeep
|turn|9
|
|t:|1759051029
|move|p2a: Kleavor|Stone Axe|p1a: Iron Hands
|-resisted|p1a: Iron Hands
|-damage|p1a: Iron Hands|58/100 brn
|-sidestart|p1: noahthebadplayer|move: Stealth Rock
|move|p1a: Iron Hands|Drain Punch|p2a: Kleavor
|-damage|p2a: Kleavor|0 fnt
|-heal|p1a: Iron Hands|63/100 brn|[from] drain|[of] p2a: Kleavor
|faint|p2a: Kleavor
|
|-damage|p1a: Iron Hands|57/100 brn|[from] brn
|upkeep
|
|t:|1759051040
|switch|p2a: Kyurem|Kyurem|100/100
|-ability|p2a: Kyurem|Pressure
|turn|10
|
|t:|1759051052
|move|p2a: Kyurem|Icicle Spear|p1a: Iron Hands
|-damage|p1a: Iron Hands|50/100 brn
|-damage|p1a: Iron Hands|43/100 brn
|-damage|p1a: Iron Hands|36/100 brn
|-damage|p1a: Iron Hands|30/100 brn
|-damage|p1a: Iron Hands|23/100 brn
|-hitcount|p1a: Iron Hands|5
|move|p1a: Iron Hands|Drain Punch|p2a: Kyurem
|-supereffective|p2a: Kyurem
|-damage|p2a: Kyurem|0 fnt
|-heal|p1a: Iron Hands|61/100 brn|[from] drain|[of] p2a: Kyurem
|faint|p2a: Kyurem
|
|-damage|p1a: Iron Hands|55/100 brn|[from] brn
|upkeep
|
|t:|1759051066
|switch|p2a: Raikou|Raikou|100/100
|turn|11
|
|t:|1759051070
|move|p2a: Raikou|Volt Switch|p1a: Iron Hands
|-resisted|p1a: Iron Hands
|-damage|p1a: Iron Hands|40/100 brn
|move|p1a: Iron Hands|Drain Punch|p2a: Raikou
|-damage|p2a: Raikou|0 fnt
|-heal|p1a: Iron Hands|71/100 brn|[from] drain|[of] p2a: Raikou
|faint|p2a: Raikou
|
|win|noahthebadplayer
|raw|noahthebadplayer's rating: 1168 &rarr; <strong>1193</strong><br />(+25 for winning)
|raw|ColdWar001's rating: 1164 &rarr; <strong>1139</strong><br />(-25 for losing)
|l|☆ColdWar001
|player|p2|
|l|☆noahthebadplayer
|player|p1|
