|j|☆Naz-sama
|j|☆Seltzergod
|t:|1758948794
|gametype|singles
|player|p1|Naz-sama|lady|1589
|player|p2|Seltzergod|flannery|1523
|gen|9
|tier|[Gen 9] OU
|rated|
|rule|HP Percentage Mod: HP is shown in percentages
|rule|Endless Battle Clause: Forcing endless battles is banned
|rule|Species Clause: Limit one of each Pokémon
|rule|OHKO Clause: OHKO moves are banned
|rule|Evasion Items Clause: Evasion items are banned
|rule|Evasion Moves Clause: Evasion moves are banned
|rule|Evasion Abilities Clause: Evasion abilities are banned
|rule|Sleep Moves Clause: Sleep-inducing moves are banned
|clearpoke
|poke|p1|Pelipper, M|
|poke|p1|Iron Treads|
|poke|p1|Hatterene, F|
|poke|p1|Toxicroak, M|
|poke|p1|Barraskewda, F|
|poke|p1|Talonflame, F|
|poke|p2|Alomomola, F|
|poke|p2|Raging Bolt|
|poke|p2|Cinderace, F|
|poke|p2|Hatterene, F|
|poke|p2|Ogerpon-Wellspring, F|
|poke|p2|Mandibuzz, F|
|teampreview
|inactive|Battle timer is ON: inactive players will automatically lose when time's up. (requested by Naz-sama)
|
|t:|1758948815
|teamsize|p1|6
|teamsize|p2|6
|start
|switch|p1a: Iron Treads|Iron Treads|100/100
|switch|p2a: Raging Bolt|Raging Bolt|100/100
|turn|1
|
|t:|1758948836
|-end|p2a: Raging Bolt|Protosynthesis|[silent]
|switch|p2a: Hatterene|Hatterene, F|100/100
|move|p1a: Iron Treads|Volt Switch|p2a: Hatterene
|-damage|p2a: Hatterene|89/100
|-enditem|p2a: Hatterene|Eject Button
|
|t:|1758948847
|switch|p2a: Ogerpon|Ogerpon-Wellspring, F|100/100
|
|upkeep
|turn|2
|
|t:|1758948854
|-end|p1a: Iron Treads|Quark Drive|[silent]
|switch|p1a: Toxicroak|Toxicroak, M|100/100
|move|p2a: Ogerpon|Spikes|p1a: Toxicroak
|-sidestart|p1: Naz-sama|Spikes
|
|upkeep
|turn|3
|
|t:|1758948866
|switch|p2a: Mandibuzz|Mandibuzz, F|100/100
|move|p1a: Toxicroak|Knock Off|p2a: Mandibuzz
|-resisted|p2a: Mandibuzz
|-damage|p2a: Mandibuzz|94/100
|-enditem|p2a: Mandibuzz|Heavy-Duty Boots|[from] move: Knock Off|[of] p1a: Toxicroak
|
|upkeep
|turn|4
|
|t:|1758948876
|move|p1a: Toxicroak|Toxic|p2a: Mandibuzz
|-status|p2a: Mandibuzz|tox
|move|p2a: Mandibuzz|Knock Off|p1a: Toxicroak
|-resisted|p1a: Toxicroak
|-damage|p1a: Toxicroak|90/100
|-damage|p2a: Mandibuzz|77/100 tox|[from] item: Rocky Helmet|[of] p1a: Toxicroak
|-enditem|p1a: Toxicroak|Rocky Helmet|[from] move: Knock Off|[of] p2a: Mandibuzz
|
|-damage|p2a: Mandibuzz|71/100 tox|[from] psn
|upkeep
|turn|5
|
|t:|1758948889
|move|p1a: Toxicroak|Knock Off|p2a: Mandibuzz
|-resisted|p2a: Mandibuzz
|-damage|p2a: Mandibuzz|67/100 tox
|move|p2a: Mandibuzz|U-turn|p1a: Toxicroak
|-resisted|p1a: Toxicroak
|-damage|p1a: Toxicroak|88/100
|
|t:|1758948907
|switch|p2a: Raging Bolt|Raging Bolt|100/100|[from] U-turn
|
|upkeep
|turn|6
|
|t:|1758948925
|switch|p1a: Hatterene|Hatterene, F|100/100
|-damage|p1a: Hatterene|88/100|[from] Spikes
|move|p2a: Raging Bolt|Draco Meteor|p1a: Hatterene
|-immune|p1a: Hatterene
|
|upkeep
|turn|7
|
|t:|1758948937
|move|p2a: Raging Bolt|Volt Switch|p1a: Hatterene
|-damage|p1a: Hatterene|36/100
|-enditem|p1a: Hatterene|Eject Button
|inactive|Naz-sama has 120 seconds left.
|
|t:|1758948968
|switch|p1a: Iron Treads|Iron Treads|100/100
|-damage|p1a: Iron Treads|88/100|[from] Spikes
|
|-heal|p1a: Iron Treads|94/100|[from] item: Leftovers
|upkeep
|turn|8
|
|t:|1758948986
|-end|p2a: Raging Bolt|Protosynthesis|[silent]
|switch|p2a: Alomomola|Alomomola, F|100/100
|move|p1a: Iron Treads|Rapid Spin|p2a: Alomomola
|-damage|p2a: Alomomola|92/100
|-boost|p1a: Iron Treads|spe|1
|-sideend|p1: Naz-sama|Spikes|[from] move: Rapid Spin|[of] p1a: Iron Treads
|
|-heal|p1a: Iron Treads|100/100|[from] item: Leftovers
|upkeep
|turn|9
|inactive|Naz-sama has 120 seconds left.
|
|t:|1758949006
|move|p1a: Iron Treads|Volt Switch|p2a: Alomomola
|-supereffective|p2a: Alomomola
|-damage|p2a: Alomomola|79/100
|
|t:|1758949009
|-end|p1a: Iron Treads|Quark Drive|[silent]
|switch|p1a: Pelipper|Pelipper, M|100/100|[from] Volt Switch
|-weather|RainDance|[from] ability: Drizzle|[of] p1a: Pelipper
|move|p2a: Alomomola|Icy Wind|p1a: Pelipper
|-damage|p1a: Pelipper|94/100
|-unboost|p1a: Pelipper|spe|1
|
|-weather|RainDance|[upkeep]
|upkeep
|turn|10
|
|t:|1758949018
|move|p2a: Alomomola|Flip Turn|p1a: Pelipper
|-resisted|p1a: Pelipper
|-damage|p1a: Pelipper|83/100
|
|t:|1758949025
|switch|p2a: Raging Bolt|Raging Bolt|100/100|[from] Flip Turn
|move|p1a: Pelipper|U-turn|p2a: Raging Bolt
|-damage|p2a: Raging Bolt|91/100
|inactive|Naz-sama has 120 seconds left.
|
|t:|1758949045
|switch|p1a: Iron Treads|Iron Treads|100/100|[from] U-turn
|
|-weather|RainDance|[upkeep]
|upkeep
|turn|11
|
|t:|1758949062
|-end|p2a: Raging Bolt|Protosynthesis|[silent]
|switch|p2a: Mandibuzz|Mandibuzz, F|67/100 tox
|move|p1a: Iron Treads|Earthquake|p2a: Mandibuzz
|-immune|p2a: Mandibuzz
|
|-weather|RainDance|[upkeep]
|-damage|p2a: Mandibuzz|60/100 tox|[from] psn
|upkeep
|turn|12
|
|t:|1758949074
|move|p1a: Iron Treads|Volt Switch|p2a: Mandibuzz
|-supereffective|p2a: Mandibuzz
|-damage|p2a: Mandibuzz|43/100 tox
|inactive|Naz-sama has 90 seconds left.
|
|t:|1758949093
|-end|p1a: Iron Treads|Quark Drive|[silent]
|switch|p1a: Toxicroak|Toxicroak, M|88/100|[from] Volt Switch
|move|p2a: Mandibuzz|Roost|p2a: Mandibuzz
|-heal|p2a: Mandibuzz|93/100 tox
|-singleturn|p2a: Mandibuzz|move: Roost
|
|-weather|RainDance|[upkeep]
|-heal|p1a: Toxicroak|99/100|[from] ability: Dry Skin
|-damage|p2a: Mandibuzz|81/100 tox|[from] psn
|upkeep
|turn|13
|inactive|Naz-sama has 90 seconds left.
|
|t:|1758949103
|move|p1a: Toxicroak|Encore|p2a: Mandibuzz
|-start|p2a: Mandibuzz|Encore
|move|p2a: Mandibuzz|Roost|p2a: Mandibuzz
|-heal|p2a: Mandibuzz|100/100 tox
|-singleturn|p2a: Mandibuzz|move: Roost
|
|-weather|RainDance|[upkeep]
|-heal|p1a: Toxicroak|100/100|[from] ability: Dry Skin
|-damage|p2a: Mandibuzz|82/100 tox|[from] psn
|upkeep
|turn|14
|inactive|Naz-sama has 90 seconds left.
|
|t:|1758949123
|switch|p2a: Alomomola|Alomomola, F|100/100
|move|p1a: Toxicroak|Knock Off|p2a: Alomomola
|-damage|p2a: Alomomola|85/100
|-enditem|p2a: Alomomola|Assault Vest|[from] move: Knock Off|[of] p1a: Toxicroak
|
|-weather|RainDance|[upkeep]
|upkeep
|turn|15
|
|t:|1758949131
|switch|p2a: Mandibuzz|Mandibuzz, F|82/100 tox
|move|p1a: Toxicroak|Toxic|p2a: Mandibuzz
|-fail|p2a: Mandibuzz|tox
|
|-weather|RainDance|[upkeep]
|-damage|p2a: Mandibuzz|76/100 tox|[from] psn
|upkeep
|turn|16
|
|t:|1758949139
|move|p1a: Toxicroak|Knock Off|p2a: Mandibuzz
|-resisted|p2a: Mandibuzz
|-damage|p2a: Mandibuzz|72/100 tox
|move|p2a: Mandibuzz|U-turn|p1a: Toxicroak
|-resisted|p1a: Toxicroak
|-damage|p1a: Toxicroak|98/100
|
|t:|1758949148
|switch|p2a: Cinderace|Cinderace, F|100/100|[from] U-turn
|
|-weather|none
|upkeep
|turn|17
|
|t:|1758949160
|move|p2a: Cinderace|Pyro Ball|p1a: Toxicroak
|-damage|p1a: Toxicroak|0 fnt
|faint|p1a: Toxicroak
|
|upkeep
|inactive|Naz-sama has 90 seconds left.
|
|t:|1758949198
|switch|p1a: Pelipper|Pelipper, M|83/100
|-weather|RainDance|[from] ability: Drizzle|[of] p1a: Pelipper
|turn|18
|
|t:|1758949210
|switch|p2a: Alomomola|Alomomola, F|100/100
|move|p1a: Pelipper|U-turn|p2a: Alomomola
|-damage|p2a: Alomomola|94/100
|inactive|Naz-sama has 90 seconds left.
|
|t:|1758949228
|switch|p1a: Hatterene|Hatterene, F|36/100|[from] U-turn
|
|-weather|RainDance|[upkeep]
|upkeep
|turn|19
|
|t:|1758949238
|move|p2a: Alomomola|Aqua Jet|p1a: Hatterene
|-damage|p1a: Hatterene|21/100
|move|p1a: Hatterene|Draining Kiss|p2a: Alomomola
|-damage|p2a: Alomomola|75/100
|-heal|p1a: Hatterene|43/100|[from] drain|[of] p2a: Alomomola
|
|-weather|RainDance|[upkeep]
|upkeep
|turn|20
|inactive|Naz-sama has 90 seconds left.
|
|t:|1758949245
|move|p2a: Alomomola|Aqua Jet|p1a: Hatterene
|-damage|p1a: Hatterene|28/100
|move|p1a: Hatterene|Nuzzle|p2a: Alomomola
|-supereffective|p2a: Alomomola
|-damage|p2a: Alomomola|69/100
|-status|p2a: Alomomola|par
|
|-weather|RainDance|[upkeep]
|upkeep
|turn|21
|
|t:|1758949254
|move|p1a: Hatterene|Draining Kiss|p2a: Alomomola
|-damage|p2a: Alomomola|51/100 par
|-heal|p1a: Hatterene|49/100|[from] drain|[of] p2a: Alomomola
|move|p2a: Alomomola|Flip Turn|p1a: Hatterene
|-damage|p1a: Hatterene|29/100
|
|t:|1758949262
|switch|p2a: Ogerpon|Ogerpon-Wellspring, F|100/100|[from] Flip Turn
|
|-weather|RainDance|[upkeep]
|upkeep
|turn|22
|inactive|Naz-sama has 90 seconds left.
|
|t:|1758949285
|move|p2a: Ogerpon|Ivy Cudgel|p1a: Hatterene|[anim] Ivy Cudgel Water
|-damage|p1a: Hatterene|0 fnt
|faint|p1a: Hatterene
|
|-weather|RainDance|[upkeep]
|upkeep
|inactive|Naz-sama has 90 seconds left.
|
|t:|1758949299
|switch|p1a: Talonflame|Talonflame, F|100/100
|turn|23
|inactive|Naz-sama has 90 seconds left.
|
|t:|1758949305
|switch|p2a: Alomomola|Alomomola, F|84/100 par
|move|p1a: Talonflame|U-turn|p2a: Alomomola
|-damage|p2a: Alomomola|76/100 par
|inactive|Naz-sama has 90 seconds left.
|
|t:|1758949313
|switch|p1a: Pelipper|Pelipper, M|83/100|[from] U-turn
|
|-weather|RainDance|[upkeep]
|upkeep
|turn|24
|
|t:|1758949337
|move|p1a: Pelipper|Hurricane|p2a: Alomomola
|-damage|p2a: Alomomola|46/100 par
|move|p2a: Alomomola|Flip Turn|p1a: Pelipper
|-resisted|p1a: Pelipper
|-damage|p1a: Pelipper|70/100
|
|t:|1758949349
|switch|p2a: Raging Bolt|Raging Bolt|91/100|[from] Flip Turn
|
|-weather|RainDance|[upkeep]
|upkeep
|turn|25
|
|t:|1758949352
|switch|p1a: Iron Treads|Iron Treads|100/100
|move|p2a: Raging Bolt|Draco Meteor|p1a: Iron Treads
|-resisted|p1a: Iron Treads
|-damage|p1a: Iron Treads|70/100
|-unboost|p2a: Raging Bolt|spa|2
|
|-weather|none
|-heal|p1a: Iron Treads|76/100|[from] item: Leftovers
|upkeep
|turn|26
|
|t:|1758949366
|-end|p2a: Raging Bolt|Protosynthesis|[silent]
|switch|p2a: Mandibuzz|Mandibuzz, F|72/100 tox
|move|p1a: Iron Treads|Rapid Spin|p2a: Mandibuzz
|-damage|p2a: Mandibuzz|65/100 tox
|-boost|p1a: Iron Treads|spe|1
|
|-heal|p1a: Iron Treads|83/100|[from] item: Leftovers
|-damage|p2a: Mandibuzz|59/100 tox|[from] psn
|upkeep
|turn|27
|
|t:|1758949376
|move|p1a: Iron Treads|Stealth Rock|p2a: Mandibuzz
|-sidestart|p2: Seltzergod|move: Stealth Rock
|move|p2a: Mandibuzz|Knock Off|p1a: Iron Treads
|-damage|p1a: Iron Treads|64/100
|-enditem|p1a: Iron Treads|Leftovers|[from] move: Knock Off|[of] p2a: Mandibuzz
|
|-damage|p2a: Mandibuzz|46/100 tox|[from] psn
|upkeep
|turn|28
|inactive|Naz-sama has 120 seconds left.
|
|t:|1758949388
|move|p1a: Iron Treads|Volt Switch|p2a: Mandibuzz
|-supereffective|p2a: Mandibuzz
|-damage|p2a: Mandibuzz|26/100 tox
|
|t:|1758949391
|-end|p1a: Iron Treads|Quark Drive|[silent]
|switch|p1a: Pelipper|Pelipper, M|70/100|[from] Volt Switch
|-weather|RainDance|[from] ability: Drizzle|[of] p1a: Pelipper
|move|p2a: Mandibuzz|Roost|p2a: Mandibuzz
|-heal|p2a: Mandibuzz|76/100 tox
|-singleturn|p2a: Mandibuzz|move: Roost
|
|-weather|RainDance|[upkeep]
|-damage|p2a: Mandibuzz|58/100 tox|[from] psn
|upkeep
|turn|29
|inactive|Naz-sama has 120 seconds left.
|
|t:|1758949403
|move|p2a: Mandibuzz|Defog|p1a: Pelipper
|-unboost|p1a: Pelipper|evasion|1
|-sideend|p2: Seltzergod|Stealth Rock|[from] move: Defog|[of] p2a: Mandibuzz
|move|p1a: Pelipper|Surf|p2a: Mandibuzz
|-damage|p2a: Mandibuzz|17/100 tox
|
|-weather|RainDance|[upkeep]
|-damage|p2a: Mandibuzz|0 fnt|[from] psn
|faint|p2a: Mandibuzz
|upkeep
|
|t:|1758949408
|switch|p2a: Raging Bolt|Raging Bolt|91/100
|turn|30
|
|t:|1758949412
|switch|p1a: Iron Treads|Iron Treads|64/100
|move|p2a: Raging Bolt|Draco Meteor|p1a: Iron Treads
|-resisted|p1a: Iron Treads
|-damage|p1a: Iron Treads|35/100
|-unboost|p2a: Raging Bolt|spa|2
|
|-weather|RainDance|[upkeep]
|upkeep
|turn|31
|
|t:|1758949422
|-end|p2a: Raging Bolt|Protosynthesis|[silent]
|switch|p2a: Hatterene|Hatterene, F|89/100
|move|p1a: Iron Treads|Rapid Spin|p2a: Hatterene
|-damage|p2a: Hatterene|73/100
|-boost|p1a: Iron Treads|spe|1
|
|-weather|RainDance|[upkeep]
|upkeep
|turn|32
|inactive|Naz-sama has 120 seconds left.
|
|t:|1758949448
|move|p1a: Iron Treads|Earthquake|p2a: Hatterene
|-damage|p2a: Hatterene|29/100
|move|p2a: Hatterene|Future Sight|p1a: Iron Treads
|-start|p2a: Hatterene|move: Future Sight
|
|-weather|RainDance|[upkeep]
|upkeep
|turn|33
|inactive|Naz-sama has 120 seconds left.
|
|t:|1758949466
|switch|p2a: Alomomola|Alomomola, F|79/100 par
|move|p1a: Iron Treads|Earthquake|p2a: Alomomola
|-damage|p2a: Alomomola|54/100 par
|
|-weather|RainDance|[upkeep]
|upkeep
|turn|34
|inactive|Naz-sama has 120 seconds left.
|
|t:|1758949483
|move|p1a: Iron Treads|Stealth Rock|p2a: Alomomola
|-sidestart|p2: Seltzergod|move: Stealth Rock
|move|p2a: Alomomola|Flip Turn|p1a: Iron Treads
|-supereffective|p1a: Iron Treads
|-damage|p1a: Iron Treads|0 fnt
|faint|p1a: Iron Treads
|-end|p1a: Iron Treads|Quark Drive|[silent]
|
|t:|1758949489
|switch|p2a: Hatterene|Hatterene, F|29/100|[from] Flip Turn
|-damage|p2a: Hatterene|17/100|[from] Stealth Rock
|
|-weather|RainDance|[upkeep]
|-hint|Future Sight did not hit because the target is fainted.
|upkeep
|
|t:|1758949500
|switch|p1a: Talonflame|Talonflame, F|100/100
|turn|35
|inactive|Naz-sama has 90 seconds left.
|inactive|Naz-sama has 60 seconds left.
|
|t:|1758949563
|move|p1a: Talonflame|Hurricane|p2a: Hatterene
|-damage|p2a: Hatterene|0 fnt
|faint|p2a: Hatterene
|
|-weather|none
|upkeep
|
|t:|1758949581
|switch|p2a: Alomomola|Alomomola, F|87/100 par
|-damage|p2a: Alomomola|74/100 par|[from] Stealth Rock
|turn|36
|
|t:|1758949590
|switch|p1a: Pelipper|Pelipper, M|70/100
|-weather|RainDance|[from] ability: Drizzle|[of] p1a: Pelipper
|move|p2a: Alomomola|Flip Turn|p1a: Pelipper
|-resisted|p1a: Pelipper
|-damage|p1a: Pelipper|59/100
|
|t:|1758949597
|switch|p2a: Raging Bolt|Raging Bolt|91/100|[from] Flip Turn
|-damage|p2a: Raging Bolt|79/100|[from] Stealth Rock
|
|-weather|RainDance|[upkeep]
|upkeep
|turn|37
|inactive|Naz-sama has 60 seconds left.
|inactive|Naz-sama has 30 seconds left.
|inactive|Naz-sama has 20 seconds left.
|
|t:|1758949663
|-terastallize|p1a: Pelipper|Ghost
|move|p2a: Raging Bolt|Thunderbolt|p1a: Pelipper
|-damage|p1a: Pelipper|0 fnt
|faint|p1a: Pelipper
|
|-weather|RainDance|[upkeep]
|upkeep
|inactive|Naz-sama has 25 seconds left this turn.
|inactive|Naz-sama has 20 seconds left.
|inactive|Naz-sama has 15 seconds left.
|inactive|Naz-sama has 10 seconds left.
|
|t:|1758949682
|switch|p1a: Talonflame|Talonflame, F|100/100
|turn|38
|inactive|Naz-sama has 20 seconds left this turn.
|inactive|Naz-sama has 15 seconds left.
|
|t:|1758949687
|move|p1a: Talonflame|Hurricane|p2a: Raging Bolt
|-resisted|p2a: Raging Bolt
|-damage|p2a: Raging Bolt|47/100
|move|p2a: Raging Bolt|Thunderbolt|p1a: Talonflame
|-supereffective|p1a: Talonflame
|-damage|p1a: Talonflame|0 fnt
|faint|p1a: Talonflame
|
|-weather|RainDance|[upkeep]
|upkeep
|inactive|Naz-sama has 20 seconds left this turn.
|
|t:|1758949692
|switch|p1a: Barraskewda|Barraskewda, F|100/100
|turn|39
|inactive|Naz-sama has 30 seconds left this turn.
|
|t:|1758949696
|-end|p2a: Raging Bolt|Protosynthesis|[silent]
|switch|p2a: Alomomola|Alomomola, F|100/100 par
|-damage|p2a: Alomomola|88/100 par|[from] Stealth Rock
|move|p1a: Barraskewda|Close Combat|p2a: Alomomola
|-damage|p2a: Alomomola|48/100 par
|-unboost|p1a: Barraskewda|def|1
|-unboost|p1a: Barraskewda|spd|1
|
|-weather|RainDance|[upkeep]
|upkeep
|turn|40
|
|t:|1758949702
|move|p1a: Barraskewda|Close Combat|p2a: Alomomola
|-damage|p2a: Alomomola|5/100 par
|-unboost|p1a: Barraskewda|def|1
|-unboost|p1a: Barraskewda|spd|1
|move|p2a: Alomomola|Flip Turn|p1a: Barraskewda
|-resisted|p1a: Barraskewda
|-damage|p1a: Barraskewda|50/100
|
|t:|1758949705
|switch|p2a: Raging Bolt|Raging Bolt|47/100|[from] Flip Turn
|-damage|p2a: Raging Bolt|35/100|[from] Stealth Rock
|
|-weather|RainDance|[upkeep]
|upkeep
|turn|41
|
|t:|1758949708
|move|p2a: Raging Bolt|Thunderclap|p1a: Barraskewda
|-supereffective|p1a: Barraskewda
|-damage|p1a: Barraskewda|0 fnt
|faint|p1a: Barraskewda
|
|win|Seltzergod
|raw|Naz-sama's rating: 1589 &rarr; <strong>1565</strong><br />(-24 for losing)
|raw|Seltzergod's rating: 1523 &rarr; <strong>1547</strong><br />(+24 for winning)
|l|☆Naz-sama
|player|p1|
|l|☆Seltzergod
|player|p2|
