|j|☆leevoiceact
|j|☆gashner
|t:|1759054257
|gametype|singles
|player|p1|leevoiceact|giovanni|1215
|player|p2|gashner|169|1238
|gen|9
|tier|[Gen 9] OU
|rated|
|rule|HP Percentage Mod: HP is shown in percentages
|rule|Endless Battle Clause: Forcing endless battles is banned
|rule|Species Clause: Limit one of each Pokémon
|rule|OHKO Clause: OHKO moves are banned
|rule|Evasion Items Clause: Evasion items are banned
|rule|Evasion Moves Clause: Evasion moves are banned
|rule|Evasion Abilities Clause: Evasion abilities are banned
|rule|Sleep Moves Clause: Sleep-inducing moves are banned
|clearpoke
|poke|p1|Cinderace, M|
|poke|p1|Muk-Alola, F|
|poke|p1|Enamorus, F|
|poke|p1|Iron Boulder|
|poke|p1|Darkrai|
|poke|p1|Inteleon, F|
|poke|p2|Alomomola, F|
|poke|p2|Dragalge, F|
|poke|p2|Lokix, F|
|poke|p2|Great Tusk|
|poke|p2|Gholdengo|
|poke|p2|Moltres|
|teampreview
|inactive|Battle timer is ON: inactive players will automatically lose when time's up. (requested by gashner)
|
|t:|1759054270
|teamsize|p1|6
|teamsize|p2|6
|start
|switch|p1a: Lethal|Muk-Alola, F|100/100
|switch|p2a: Dragalge|Dragalge, F|100/100
|turn|1
|
|t:|1759054277
|-terastallize|p2a: Dragalge|Dragon
|move|p2a: Dragalge|Draco Meteor|p1a: Lethal
|-damage|p1a: Lethal|6/100
|-unboost|p2a: Dragalge|spa|2
|move|p1a: Lethal|Knock Off|p2a: Dragalge
|-damage|p2a: Dragalge|52/100
|-enditem|p2a: Dragalge|Choice Specs|[from] move: Knock Off|[of] p1a: Lethal
|
|upkeep
|turn|2
|
|t:|1759054293
|switch|p1a: Piper|Enamorus, F|100/100
|move|p2a: Dragalge|Sludge Wave|p1a: Piper
|-supereffective|p1a: Piper
|-damage|p1a: Piper|38/100
|
|-heal|p1a: Piper|44/100|[from] item: Leftovers
|upkeep
|turn|3
|
|t:|1759054309
|switch|p2a: Alomomola|Alomomola, F|100/100
|move|p1a: Piper|Moonblast|p2a: Alomomola
|-crit|p2a: Alomomola
|-damage|p2a: Alomomola|57/100
|
|-heal|p1a: Piper|50/100|[from] item: Leftovers
|upkeep
|turn|4
|
|t:|1759054322
|switch|p1a: Lethal|Muk-Alola, F|6/100
|move|p2a: Alomomola|Mirror Coat||[still]
|-fail|p2a: Alomomola
|
|upkeep
|turn|5
|
|t:|1759054328
|move|p1a: Lethal|Knock Off|p2a: Alomomola
|-damage|p2a: Alomomola|30/100
|-status|p2a: Alomomola|psn|[from] ability: Poison Touch|[of] p1a: Lethal
|-enditem|p2a: Alomomola|Assault Vest|[from] move: Knock Off|[of] p1a: Lethal
|move|p2a: Alomomola|Flip Turn|p1a: Lethal
|-damage|p1a: Lethal|0 fnt
|faint|p1a: Lethal
|
|t:|1759054347
|switch|p2a: Great Tusk|Great Tusk|100/100|[from] Flip Turn
|
|upkeep
|
|t:|1759054351
|switch|p1a: Geico|Inteleon, F|100/100
|turn|6
|
|t:|1759054358
|move|p1a: Geico|Snipe Shot|p2a: Great Tusk
|-supereffective|p2a: Great Tusk
|-crit|p2a: Great Tusk
|-damage|p2a: Great Tusk|0 fnt
|faint|p2a: Great Tusk
|-end|p2a: Great Tusk|Protosynthesis|[silent]
|
|upkeep
|
|t:|1759054362
|switch|p2a: Lokix|Lokix, F|100/100
|turn|7
|
|t:|1759054384
|switch|p1a: Piper|Enamorus, F|50/100
|move|p2a: Lokix|First Impression|p1a: Piper
|-resisted|p1a: Piper
|-damage|p1a: Piper|0 fnt
|faint|p1a: Piper
|
|upkeep
|
|t:|1759054392
|switch|p1a: Geico|Inteleon, F|100/100
|turn|8
|
|t:|1759054396
|switch|p2a: Alomomola|Alomomola, F|64/100 psn
|move|p1a: Geico|Snipe Shot|p2a: Alomomola
|-resisted|p2a: Alomomola
|-damage|p2a: Alomomola|47/100 psn
|
|-damage|p2a: Alomomola|34/100 psn|[from] psn
|upkeep
|turn|9
|
|t:|1759054406
|move|p1a: Geico|Shadow Ball|p2a: Alomomola
|-damage|p2a: Alomomola|11/100 psn
|move|p2a: Alomomola|Mirror Coat|p1a: Geico
|-damage|p1a: Geico|22/100
|
|-damage|p2a: Alomomola|0 fnt|[from] psn
|faint|p2a: Alomomola
|upkeep
|
|t:|1759054416
|switch|p2a: Lokix|Lokix, F|100/100
|turn|10
|
|t:|1759054420
|move|p2a: Lokix|First Impression|p1a: Geico
|-damage|p1a: Geico|0 fnt
|faint|p1a: Geico
|
|upkeep
|
|t:|1759054428
|switch|p1a: Obsidian|Iron Boulder|100/100
|turn|11
|
|t:|1759054441
|switch|p2a: Gholdengo|Gholdengo|100/100
|move|p1a: Obsidian|Mighty Cleave|p2a: Gholdengo
|-resisted|p2a: Gholdengo
|-damage|p2a: Gholdengo|71/100
|
|upkeep
|turn|12
|
|t:|1759054453
|-end|p1a: Obsidian|Quark Drive|[silent]
|switch|p1a: Reaper|Darkrai|100/100
|move|p2a: Gholdengo|Shadow Ball|p1a: Reaper
|-resisted|p1a: Reaper
|-damage|p1a: Reaper|73/100
|-unboost|p1a: Reaper|spd|1
|
|upkeep
|turn|13
|
|t:|1759054465
|switch|p2a: Moltres|Moltres|100/100
|move|p1a: Reaper|Dark Pulse|p2a: Moltres
|-damage|p2a: Moltres|64/100
|
|upkeep
|turn|14
|
|t:|1759054486
|move|p1a: Reaper|Dark Pulse|p2a: Moltres
|-damage|p2a: Moltres|29/100
|move|p2a: Moltres|Flamethrower|p1a: Reaper
|-damage|p1a: Reaper|3/100
|
|upkeep
|turn|15
|
|t:|1759054496
|move|p1a: Reaper|Dark Pulse|p2a: Moltres
|-damage|p2a: Moltres|0 fnt
|faint|p2a: Moltres
|
|upkeep
|
|t:|1759054500
|switch|p2a: Lokix|Lokix, F|100/100
|turn|16
|
|t:|1759054506
|move|p2a: Lokix|First Impression|p1a: Reaper
|-supereffective|p1a: Reaper
|-damage|p1a: Reaper|0 fnt
|faint|p1a: Reaper
|
|upkeep
|
|t:|1759054511
|switch|p1a: Hotfoot|Cinderace, M|100/100
|turn|17
|
|t:|1759054516
|switch|p2a: Dragalge|Dragalge, F, tera:Dragon|52/100
|move|p1a: Hotfoot|Pyro Ball|p2a: Dragalge
|-resisted|p2a: Dragalge
|-damage|p2a: Dragalge|20/100
|
|upkeep
|turn|18
|
|t:|1759054523
|move|p1a: Hotfoot|Pyro Ball|p2a: Dragalge
|-resisted|p2a: Dragalge
|-damage|p2a: Dragalge|0 fnt
|faint|p2a: Dragalge
|
|upkeep
|
|t:|1759054546
|switch|p2a: Gholdengo|Gholdengo|71/100
|turn|19
|
|t:|1759054551
|move|p2a: Gholdengo|Shadow Ball|p1a: Hotfoot
|-damage|p1a: Hotfoot|37/100
|move|p1a: Hotfoot|Pyro Ball|p2a: Gholdengo
|-supereffective|p2a: Gholdengo
|-damage|p2a: Gholdengo|0 fnt
|faint|p2a: Gholdengo
|
|upkeep
|
|t:|1759054554
|switch|p2a: Lokix|Lokix, F|100/100
|turn|20
|
|t:|1759054562
|move|p1a: Hotfoot|Sucker Punch|p2a: Lokix
|-start|p1a: Hotfoot|typechange|Dark|[from] ability: Libero
|-resisted|p2a: Lokix
|-damage|p2a: Lokix|74/100
|move|p2a: Lokix|Knock Off|p1a: Hotfoot
|-resisted|p1a: Hotfoot
|-damage|p1a: Hotfoot|0 fnt
|-enditem|p1a: Hotfoot|Heavy-Duty Boots|[from] move: Knock Off|[of] p2a: Lokix
|faint|p1a: Hotfoot
|
|upkeep
|
|t:|1759054572
|switch|p1a: Obsidian|Iron Boulder|100/100
|turn|21
|
|t:|1759054577
|-terastallize|p1a: Obsidian|Fighting
|move|p1a: Obsidian|Mighty Cleave|p2a: Lokix
|-supereffective|p2a: Lokix
|-damage|p2a: Lokix|0 fnt
|faint|p2a: Lokix
|
|win|leevoiceact
|raw|leevoiceact's rating: 1215 &rarr; <strong>1242</strong><br />(+27 for winning)
|raw|gashner's rating: 1238 &rarr; <strong>1211</strong><br />(-27 for losing)
|c|☆leevoiceact|Gg
|c|☆leevoiceact|Close
|l|☆leevoiceact
|player|p1|
