|j|☆LaughingCamelzz
|j|☆IUseGimmickyShit
|t:|1759043596
|gametype|singles
|player|p1|LaughingCamelzz|102|1287
|player|p2|IUseGimmickyShit|harlequin|1366
|gen|9
|tier|[Gen 9] OU
|rated|
|rule|HP Percentage Mod: HP is shown in percentages
|rule|Endless Battle Clause: Forcing endless battles is banned
|rule|Species Clause: Limit one of each Pokémon
|rule|OHKO Clause: OHKO moves are banned
|rule|Evasion Items Clause: Evasion items are banned
|rule|Evasion Moves Clause: Evasion moves are banned
|rule|Evasion Abilities Clause: Evasion abilities are banned
|rule|Sleep Moves Clause: Sleep-inducing moves are banned
|clearpoke
|poke|p1|Dragonite, F|
|poke|p1|Zamazenta-*|
|poke|p1|Gholdengo|
|poke|p1|Great Tusk|
|poke|p1|Kingambit, F|
|poke|p1|Primarina, M|
|poke|p2|Krookodile, M|
|poke|p2|Kommo-o, M|
|poke|p2|Araquanid, M|
|poke|p2|Inteleon, M|
|poke|p2|Noivern, F|
|poke|p2|Muk-Alola, M|
|teampreview
|
|t:|1759043614
|teamsize|p1|6
|teamsize|p2|6
|start
|switch|p1a: Primarina|Primarina, M|100/100
|switch|p2a: Blitzø|Inteleon, M, shiny|100/100
|turn|1
|
|t:|1759043619
|move|p2a: Blitzø|U-turn|p1a: Primarina
|-resisted|p1a: Primarina
|-damage|p1a: Primarina|91/100
|
|t:|1759043623
|switch|p2a: Sunshine|Muk-Alola, M|100/100|[from] U-turn
|move|p1a: Primarina|Calm Mind|p1a: Primarina
|-boost|p1a: Primarina|spa|1
|-boost|p1a: Primarina|spd|1
|
|-heal|p1a: Primarina|97/100|[from] item: Leftovers
|upkeep
|turn|2
|
|t:|1759043643
|switch|p1a: Great Tusk|Great Tusk|100/100
|move|p2a: Sunshine|Knock Off|p1a: Great Tusk
|-resisted|p1a: Great Tusk
|-damage|p1a: Great Tusk|82/100
|-enditem|p1a: Great Tusk|Heavy-Duty Boots|[from] move: Knock Off|[of] p2a: Sunshine
|
|upkeep
|turn|3
|
|t:|1759043650
|switch|p2a: Spoder|Araquanid, M, shiny|100/100
|move|p1a: Great Tusk|Stealth Rock|p2a: Spoder
|-sidestart|p2: IUseGimmickyShit|move: Stealth Rock
|
|upkeep
|turn|4
|
|t:|1759043662
|-end|p1a: Great Tusk|Protosynthesis|[silent]
|switch|p1a: Dragonite|Dragonite, F|100/100
|move|p2a: Spoder|Liquidation|p1a: Dragonite
|-resisted|p1a: Dragonite
|-damage|p1a: Dragonite|83/100
|
|upkeep
|turn|5
|
|t:|1759043669
|move|p1a: Dragonite|Dragon Dance|p1a: Dragonite
|-boost|p1a: Dragonite|atk|1
|-boost|p1a: Dragonite|spe|1
|move|p2a: Spoder|Chilling Water|p1a: Dragonite
|-resisted|p1a: Dragonite
|-damage|p1a: Dragonite|73/100
|-unboost|p1a: Dragonite|atk|1
|
|upkeep
|turn|6
|
|t:|1759043678
|move|p1a: Dragonite|Roost|p1a: Dragonite
|-heal|p1a: Dragonite|100/100
|-singleturn|p1a: Dragonite|move: Roost
|move|p2a: Spoder|Chilling Water|p1a: Dragonite
|-resisted|p1a: Dragonite
|-damage|p1a: Dragonite|95/100
|-unboost|p1a: Dragonite|atk|1
|
|upkeep
|turn|7
|
|t:|1759043700
|switch|p1a: Primarina|Primarina, M|97/100
|move|p2a: Spoder|Liquidation|p1a: Primarina
|-resisted|p1a: Primarina
|-damage|p1a: Primarina|52/100
|-unboost|p1a: Primarina|def|1
|
|-heal|p1a: Primarina|58/100|[from] item: Leftovers
|upkeep
|turn|8
|
|t:|1759043712
|move|p1a: Primarina|Moonblast|p2a: Spoder
|-damage|p2a: Spoder|55/100
|move|p2a: Spoder|Liquidation|p1a: Primarina
|-resisted|p1a: Primarina
|-damage|p1a: Primarina|0 fnt
|faint|p1a: Primarina
|
|-heal|p2a: Spoder|62/100|[from] item: Leftovers
|upkeep
|
|t:|1759043722
|switch|p1a: Gholdengo|Gholdengo|100/100
|turn|9
|
|t:|1759043735
|move|p1a: Gholdengo|Nasty Plot|p1a: Gholdengo
|-boost|p1a: Gholdengo|spa|2
|move|p2a: Spoder|Liquidation|p1a: Gholdengo
|-damage|p1a: Gholdengo|32/100
|
|-heal|p2a: Spoder|68/100|[from] item: Leftovers
|upkeep
|turn|10
|
|t:|1759043743
|move|p1a: Gholdengo|Thunderbolt|p2a: Spoder
|-supereffective|p2a: Spoder
|-crit|p2a: Spoder
|-damage|p2a: Spoder|0 fnt
|faint|p2a: Spoder
|
|upkeep
|
|t:|1759043748
|switch|p2a: Bat|Noivern, F|100/100
|-damage|p2a: Bat|76/100|[from] Stealth Rock
|-item|p1a: Gholdengo|Metal Coat|[from] ability: Frisk|[of] p2a: Bat
|turn|11
|
|t:|1759043754
|move|p2a: Bat|Flamethrower|p1a: Gholdengo
|-supereffective|p1a: Gholdengo
|-damage|p1a: Gholdengo|0 fnt
|faint|p1a: Gholdengo
|-damage|p2a: Bat|66/100|[from] item: Life Orb
|
|upkeep
|
|t:|1759043762
|switch|p1a: Dragonite|Dragonite, F|95/100
|turn|12
|
|t:|1759043769
|switch|p2a: Saleos|Krookodile, M|100/100
|-damage|p2a: Saleos|94/100|[from] Stealth Rock
|-ability|p2a: Saleos|Intimidate|boost
|-unboost|p1a: Dragonite|atk|1
|-terastallize|p1a: Dragonite|Fairy
|move|p1a: Dragonite|Dragon Dance|p1a: Dragonite
|-boost|p1a: Dragonite|atk|1
|-boost|p1a: Dragonite|spe|1
|
|-heal|p2a: Saleos|100/100|[from] item: Leftovers
|upkeep
|turn|13
|
|t:|1759043782
|move|p1a: Dragonite|Dragon Dance|p1a: Dragonite
|-boost|p1a: Dragonite|atk|1
|-boost|p1a: Dragonite|spe|1
|move|p2a: Saleos|Bulk Up|p2a: Saleos
|-boost|p2a: Saleos|atk|1
|-boost|p2a: Saleos|def|1
|
|upkeep
|turn|14
|
|t:|1759043789
|move|p1a: Dragonite|Tera Blast|p2a: Saleos|[anim] Tera Blast Fairy
|-supereffective|p2a: Saleos
|-damage|p2a: Saleos|17/100
|move|p2a: Saleos|Earthquake|p1a: Dragonite
|-damage|p1a: Dragonite|1/100
|
|-heal|p2a: Saleos|23/100|[from] item: Leftovers
|upkeep
|turn|15
|
|t:|1759043797
|move|p1a: Dragonite|Tera Blast|p2a: Saleos|[anim] Tera Blast Fairy
|-supereffective|p2a: Saleos
|-damage|p2a: Saleos|0 fnt
|faint|p2a: Saleos
|
|upkeep
|
|t:|1759043807
|switch|p2a: Blitzø|Inteleon, M, shiny|100/100
|-damage|p2a: Blitzø|88/100|[from] Stealth Rock
|turn|16
|
|t:|1759043812
|move|p2a: Blitzø|Aqua Jet|p1a: Dragonite
|-damage|p1a: Dragonite|0 fnt
|faint|p1a: Dragonite
|
|upkeep
|
|t:|1759043819
|switch|p1a: Zamazenta|Zamazenta|100/100
|-ability|p1a: Zamazenta|Dauntless Shield|boost
|-boost|p1a: Zamazenta|def|1
|turn|17
|
|t:|1759043823
|move|p1a: Zamazenta|Iron Defense|p1a: Zamazenta
|-boost|p1a: Zamazenta|def|2
|move|p2a: Blitzø|Snipe Shot|p1a: Zamazenta
|-crit|p1a: Zamazenta
|-damage|p1a: Zamazenta|20/100
|
|-heal|p1a: Zamazenta|27/100|[from] item: Leftovers
|upkeep
|turn|18
|
|t:|1759043831
|move|p1a: Zamazenta|Body Press|p2a: Blitzø
|-damage|p2a: Blitzø|0 fnt
|faint|p2a: Blitzø
|
|-heal|p1a: Zamazenta|33/100|[from] item: Leftovers
|upkeep
|
|t:|1759043836
|switch|p2a: Bat|Noivern, F|66/100
|-damage|p2a: Bat|41/100|[from] Stealth Rock
|-item|p1a: Zamazenta|Leftovers|[from] ability: Frisk|[of] p2a: Bat
|turn|19
|
|t:|1759043843
|move|p1a: Zamazenta|Body Press|p2a: Bat
|-resisted|p2a: Bat
|-damage|p2a: Bat|0 fnt
|faint|p2a: Bat
|
|-heal|p1a: Zamazenta|39/100|[from] item: Leftovers
|upkeep
|
|t:|1759043850
|switch|p2a: Lace|Kommo-o, M|100/100
|-damage|p2a: Lace|94/100|[from] Stealth Rock
|turn|20
|
|t:|1759043855
|move|p1a: Zamazenta|Body Press|p2a: Lace
|-damage|p2a: Lace|3/100
|move|p2a: Lace|Boomburst|p1a: Zamazenta
|-damage|p1a: Zamazenta|4/100
|-enditem|p2a: Lace|Throat Spray
|-boost|p2a: Lace|spa|1|[from] item: Throat Spray
|
|-heal|p1a: Zamazenta|10/100|[from] item: Leftovers
|upkeep
|turn|21
|-message|IUseGimmickyShit forfeited.
|
|win|LaughingCamelzz
|raw|LaughingCamelzz's rating: 1287 &rarr; <strong>1318</strong><br />(+31 for winning)
|raw|IUseGimmickyShit's rating: 1366 &rarr; <strong>1342</strong><br />(-24 for losing)
|l|☆IUseGimmickyShit
|player|p2|
|l|☆LaughingCamelzz
|player|p1|
