|j|☆estosnueses
|j|☆qygdh
|t:|1758952845
|gametype|singles
|player|p1|estosnueses|169|1127
|player|p2|qygdh|1|1137
|gen|9
|tier|[Gen 9] OU
|rated|
|rule|HP Percentage Mod: HP is shown in percentages
|rule|Endless Battle Clause: Forcing endless battles is banned
|rule|Species Clause: Limit one of each Pokémon
|rule|OHKO Clause: OHKO moves are banned
|rule|Evasion Items Clause: Evasion items are banned
|rule|Evasion Moves Clause: Evasion moves are banned
|rule|Evasion Abilities Clause: Evasion abilities are banned
|rule|Sleep Moves Clause: Sleep-inducing moves are banned
|clearpoke
|poke|p1|Samurott-Hisui, M|
|poke|p1|Goodra-Hisui, F|
|poke|p1|Arcanine-Hisui, M|
|poke|p1|Ogerpon, F|
|poke|p1|Sandy Shocks|
|poke|p1|Froslass, F|
|poke|p2|Corviknight, M|
|poke|p2|Glimmora, F|
|poke|p2|Clefable, M|
|poke|p2|Ceruledge, M|
|poke|p2|Iron Crown|
|poke|p2|Ogerpon-Wellspring, F|
|teampreview
|
|t:|1758952855
|teamsize|p1|6
|teamsize|p2|6
|start
|switch|p1a: Froslass|Froslass, F|100/100
|switch|p2a: Glimmora|Glimmora, F|100/100
|turn|1
|
|t:|1758952859
|move|p1a: Froslass|Taunt|p2a: Glimmora
|-start|p2a: Glimmora|move: Taunt
|cant|p2a: Glimmora|move: Taunt|Stealth Rock
|
|upkeep
|turn|2
|
|t:|1758952864
|move|p1a: Froslass|Destiny Bond|p1a: Froslass
|-singlemove|p1a: Froslass|Destiny Bond
|move|p2a: Glimmora|Power Gem|p1a: Froslass
|-supereffective|p1a: Froslass
|-damage|p1a: Froslass|8/100
|
|-heal|p1a: Froslass|14/100|[from] item: Leftovers
|upkeep
|turn|3
|
|t:|1758952870
|switch|p2a: Corviknight|Corviknight, M|100/100
|-ability|p2a: Corviknight|Pressure
|move|p1a: Froslass|Destiny Bond||[still]
|-fail|p1a: Froslass
|
|-heal|p1a: Froslass|20/100|[from] item: Leftovers
|upkeep
|turn|4
|
|t:|1758952875
|move|p1a: Froslass|Destiny Bond|p1a: Froslass
|-singlemove|p1a: Froslass|Destiny Bond
|move|p2a: Corviknight|U-turn|p1a: Froslass
|-resisted|p1a: Froslass
|-damage|p1a: Froslass|11/100
|-start|p2a: Corviknight|Disable|U-turn|[from] ability: Cursed Body|[of] p1a: Froslass
|
|t:|1758952882
|switch|p2a: Glimmora|Glimmora, F|100/100|[from] U-turn
|
|-heal|p1a: Froslass|17/100|[from] item: Leftovers
|upkeep
|turn|5
|
|t:|1758952894
|switch|p1a: Samurott|Samurott-Hisui, M, shiny|100/100
|move|p2a: Glimmora|Mortal Spin|p1a: Samurott
|-damage|p1a: Samurott|92/100
|-status|p1a: Samurott|psn
|
|-damage|p1a: Samurott|80/100 psn|[from] psn
|upkeep
|turn|6
|
|t:|1758952899
|move|p2a: Glimmora|Stealth Rock|p1a: Samurott
|-sidestart|p1: estosnueses|move: Stealth Rock
|move|p1a: Samurott|Ceaseless Edge|p2a: Glimmora
|-damage|p2a: Glimmora|53/100
|-activate|p2a: Glimmora|ability: Toxic Debris
|-sidestart|p1: estosnueses|move: Toxic Spikes
|-sidestart|p2: qygdh|Spikes
|
|-damage|p1a: Samurott|67/100 psn|[from] psn
|upkeep
|turn|7
|
|t:|1758952903
|move|p2a: Glimmora|Spikes|p1a: Samurott
|-sidestart|p1: estosnueses|Spikes
|move|p1a: Samurott|Ceaseless Edge|p2a: Glimmora
|-damage|p2a: Glimmora|6/100
|-activate|p2a: Glimmora|ability: Toxic Debris
|-sidestart|p1: estosnueses|move: Toxic Spikes
|-sidestart|p2: qygdh|Spikes
|
|-damage|p1a: Samurott|55/100 psn|[from] psn
|upkeep
|turn|8
|
|t:|1758952907
|move|p2a: Glimmora|Mortal Spin|p1a: Samurott
|-damage|p1a: Samurott|45/100 psn
|-sideend|p2: qygdh|Spikes|[from] move: Mortal Spin|[of] p2a: Glimmora
|move|p1a: Samurott|Ceaseless Edge|p2a: Glimmora
|-damage|p2a: Glimmora|0 fnt
|-sidestart|p2: qygdh|Spikes
|faint|p2a: Glimmora
|
|-damage|p1a: Samurott|33/100 psn|[from] psn
|upkeep
|
|t:|1758952916
|switch|p2a: Iron Crown|Iron Crown|100/100
|-damage|p2a: Iron Crown|88/100|[from] Spikes
|turn|9
|
|t:|1758952925
|move|p1a: Samurott|Sucker Punch|p2a: Iron Crown
|-supereffective|p2a: Iron Crown
|-damage|p2a: Iron Crown|21/100
|move|p2a: Iron Crown|Volt Switch|p1a: Samurott
|-supereffective|p1a: Samurott
|-damage|p1a: Samurott|0 fnt
|faint|p1a: Samurott
|
|t:|1758952939
|-end|p2a: Iron Crown|Quark Drive|[silent]
|switch|p2a: Ceruledge|Ceruledge, M|100/100|[from] Volt Switch
|-damage|p2a: Ceruledge|88/100|[from] Spikes
|
|upkeep
|
|t:|1758952949
|switch|p1a: Arcanine|Arcanine-Hisui, M, shiny|100/100
|turn|10
|
|t:|1758952961
|switch|p2a: Corviknight|Corviknight, M|100/100
|-ability|p2a: Corviknight|Pressure
|move|p1a: Arcanine|Head Smash|p2a: Corviknight
|-damage|p2a: Corviknight|61/100
|
|upkeep
|turn|11
|
|t:|1758952969
|move|p1a: Arcanine|Flare Blitz|p2a: Corviknight
|-supereffective|p2a: Corviknight
|-damage|p2a: Corviknight|0 fnt
|faint|p2a: Corviknight
|
|upkeep
|
|t:|1758952983
|switch|p2a: Ogerpon|Ogerpon-Wellspring, F|100/100
|-damage|p2a: Ogerpon|88/100|[from] Spikes
|turn|12
|
|t:|1758952989
|move|p2a: Ogerpon|Ivy Cudgel|p1a: Arcanine|[anim] Ivy Cudgel Water
|-supereffective|p1a: Arcanine
|-crit|p1a: Arcanine
|-damage|p1a: Arcanine|0 fnt
|faint|p1a: Arcanine
|
|upkeep
|
|t:|1758952999
|switch|p1a: Froslass|Froslass, F|17/100
|-damage|p1a: Froslass|0 fnt|[from] Stealth Rock
|faint|p1a: Froslass
|
|t:|1758953003
|switch|p1a: Sandy Shocks|Sandy Shocks, shiny|100/100
|-damage|p1a: Sandy Shocks|94/100|[from] Stealth Rock
|-status|p1a: Sandy Shocks|tox
|-damage|p1a: Sandy Shocks|82/100 tox|[from] Spikes
|-enditem|p1a: Sandy Shocks|Booster Energy
|-activate|p1a: Sandy Shocks|ability: Protosynthesis|[fromitem]
|-start|p1a: Sandy Shocks|protosynthesisspa
|turn|13
|
|t:|1758953017
|switch|p2a: Clefable|Clefable, M|100/100
|move|p1a: Sandy Shocks|Thunderbolt|p2a: Clefable
|-damage|p2a: Clefable|54/100
|-status|p2a: Clefable|par
|
|-damage|p1a: Sandy Shocks|76/100 tox|[from] psn
|upkeep
|turn|14
|
|t:|1758953024
|move|p2a: Clefable|Wish|p2a: Clefable
|move|p1a: Sandy Shocks|Mirror Coat||[still]
|-fail|p1a: Sandy Shocks
|
|-damage|p1a: Sandy Shocks|64/100 tox|[from] psn
|upkeep
|turn|15
|
|t:|1758953031
|move|p1a: Sandy Shocks|Thunderbolt|p2a: Clefable
|-damage|p2a: Clefable|11/100 par
|move|p2a: Clefable|Knock Off|p1a: Sandy Shocks
|-damage|p1a: Sandy Shocks|51/100 tox
|
|-heal|p2a: Clefable|61/100 par|[from] move: Wish|[wisher] Clefable
|-damage|p1a: Sandy Shocks|32/100 tox|[from] psn
|upkeep
|turn|16
|
|t:|1758953037
|move|p1a: Sandy Shocks|Thunderbolt|p2a: Clefable
|-damage|p2a: Clefable|15/100 par
|cant|p2a: Clefable|par
|
|-damage|p1a: Sandy Shocks|8/100 tox|[from] psn
|upkeep
|turn|17
|
|t:|1758953047
|move|p1a: Sandy Shocks|Thunderbolt|p2a: Clefable
|-damage|p2a: Clefable|0 fnt
|faint|p2a: Clefable
|
|-damage|p1a: Sandy Shocks|0 fnt|[from] psn
|faint|p1a: Sandy Shocks
|-end|p1a: Sandy Shocks|Protosynthesis|[silent]
|upkeep
|
|t:|1758953054
|switch|p1a: Ogerpon|Ogerpon, F|100/100
|switch|p2a: Iron Crown|Iron Crown|21/100
|-damage|p1a: Ogerpon|88/100|[from] Stealth Rock
|-status|p1a: Ogerpon|tox
|-damage|p1a: Ogerpon|76/100 tox|[from] Spikes
|-damage|p2a: Iron Crown|8/100|[from] Spikes
|turn|18
|
|t:|1758953067
|move|p1a: Ogerpon|Stomping Tantrum|p2a: Iron Crown
|-supereffective|p2a: Iron Crown
|-damage|p2a: Iron Crown|0 fnt
|faint|p2a: Iron Crown
|-end|p2a: Iron Crown|Quark Drive|[silent]
|-damage|p1a: Ogerpon|66/100 tox|[from] item: Life Orb
|
|-damage|p1a: Ogerpon|60/100 tox|[from] psn
|upkeep
|
|t:|1758953072
|switch|p2a: Ceruledge|Ceruledge, M|88/100
|-damage|p2a: Ceruledge|76/100|[from] Spikes
|turn|19
|
|t:|1758953076
|move|p1a: Ogerpon|Stomping Tantrum|p2a: Ceruledge
|-supereffective|p2a: Ceruledge
|-damage|p2a: Ceruledge|0 fnt
|faint|p2a: Ceruledge
|-damage|p1a: Ogerpon|50/100 tox|[from] item: Life Orb
|
|-damage|p1a: Ogerpon|38/100 tox|[from] psn
|upkeep
|
|t:|1758953079
|switch|p2a: Ogerpon|Ogerpon-Wellspring, F|88/100
|-damage|p2a: Ogerpon|76/100|[from] Spikes
|turn|20
|
|t:|1758953098
|move|p1a: Ogerpon|Ivy Cudgel|p2a: Ogerpon
|-damage|p2a: Ogerpon|0 fnt
|faint|p2a: Ogerpon
|-damage|p1a: Ogerpon|28/100 tox|[from] item: Life Orb
|
|win|estosnueses
|raw|estosnueses's rating: 1127 &rarr; <strong>1153</strong><br />(+26 for winning)
|raw|qygdh's rating: 1137 &rarr; <strong>1111</strong><br />(-26 for losing)
|l|☆qygdh
|player|p2|
