|j|☆lt124yh 925
|j|☆Obito 2001
|t:|1759053808
|gametype|singles
|player|p1|lt124yh 925|pokemonbreederf-gen4|1839
|player|p2|Obito 2001|blue-gen3two|1740
|gen|9
|tier|[Gen 9] OU
|rated|
|rule|HP Percentage Mod: HP is shown in percentages
|rule|Endless Battle Clause: Forcing endless battles is banned
|rule|Species Clause: Limit one of each Pokémon
|rule|OHKO Clause: OHKO moves are banned
|rule|Evasion Items Clause: Evasion items are banned
|rule|Evasion Moves Clause: Evasion moves are banned
|rule|Evasion Abilities Clause: Evasion abilities are banned
|rule|Sleep Moves Clause: Sleep-inducing moves are banned
|clearpoke
|poke|p1|Porygon2|
|poke|p1|Ursaluna, M|
|poke|p1|Cresselia, F|
|poke|p1|Volcanion|
|poke|p1|Hatterene, F|
|poke|p1|Iron Hands|
|poke|p2|Kingambit, F|
|poke|p2|Garganacl, M|
|poke|p2|Torkoal, F|
|poke|p2|Slither Wing|
|poke|p2|Raging Bolt|
|poke|p2|Dragapult, F|
|teampreview
|inactive|Battle timer is ON: inactive players will automatically lose when time's up. (requested by Obito 2001)
|inactive|lt124yh 925 also wants the timer to be on.
|c|☆lt124yh 925|hf
|
|t:|1759053821
|teamsize|p1|6
|teamsize|p2|6
|start
|switch|p1a: Ursaluna|Ursaluna, M|100/100
|switch|p2a: Volcrona|Slither Wing|100/100
|turn|1
|
|t:|1759053830
|move|p1a: Ursaluna|Protect|p1a: Ursaluna
|-singleturn|p1a: Ursaluna|Protect
|move|p2a: Volcrona|U-turn|p1a: Ursaluna
|-activate|p1a: Ursaluna|move: Protect
|
|-status|p1a: Ursaluna|brn|[from] item: Flame Orb
|upkeep
|turn|2
|
|t:|1759053834
|move|p2a: Volcrona|U-turn|p1a: Ursaluna
|-damage|p1a: Ursaluna|54/100 brn
|
|t:|1759053837
|-end|p2a: Volcrona|Protosynthesis|[silent]
|switch|p2a: DraGhost|Dragapult, F|100/100|[from] U-turn
|move|p1a: Ursaluna|Headlong Rush|p2a: DraGhost
|-damage|p2a: DraGhost|0 fnt
|-unboost|p1a: Ursaluna|def|1
|-unboost|p1a: Ursaluna|spd|1
|faint|p2a: DraGhost
|
|-damage|p1a: Ursaluna|48/100 brn|[from] brn
|upkeep
|
|t:|1759053843
|switch|p2a: Volcrona|Slither Wing|100/100
|turn|3
|j| seiko leich
|j| ilytrix
|
|t:|1759053852
|switch|p1a: Hatterene|Hatterene, F|100/100
|move|p2a: Volcrona|U-turn|p1a: Hatterene
|-damage|p1a: Hatterene|50/100
|j| PokemaYakumo
|
|t:|1759053856
|-end|p2a: Volcrona|Protosynthesis|[silent]
|switch|p2a: Ban Zamazenta|Kingambit, F, shiny|100/100|[from] U-turn
|-activate|p2a: Ban Zamazenta|ability: Supreme Overlord
|-start|p2a: Ban Zamazenta|fallen1|[silent]
|
|upkeep
|turn|4
|
|t:|1759053859
|switch|p1a: Iron Hands|Iron Hands|100/100
|-enditem|p1a: Iron Hands|Booster Energy
|-activate|p1a: Iron Hands|ability: Quark Drive|[fromitem]
|-start|p1a: Iron Hands|quarkdriveatk
|move|p2a: Ban Zamazenta|Iron Head|p1a: Iron Hands
|-resisted|p1a: Iron Hands
|-damage|p1a: Iron Hands|80/100
|
|upkeep
|turn|5
|
|t:|1759053863
|-end|p2a: Ban Zamazenta|fallen1|[silent]
|switch|p2a: Torkoal|Torkoal, F|100/100
|-weather|SunnyDay|[from] ability: Drought|[of] p2a: Torkoal
|move|p1a: Iron Hands|Supercell Slam|p2a: Torkoal
|-damage|p2a: Torkoal|56/100
|
|-weather|SunnyDay|[upkeep]
|upkeep
|turn|6
|
|t:|1759053873
|switch|p2a: Volcrona|Slither Wing|100/100
|-activate|p2a: Volcrona|ability: Protosynthesis
|-start|p2a: Volcrona|protosynthesisatk
|move|p1a: Iron Hands|Close Combat|p2a: Volcrona
|-resisted|p2a: Volcrona
|-damage|p2a: Volcrona|35/100
|-unboost|p1a: Iron Hands|def|1
|-unboost|p1a: Iron Hands|spd|1
|
|-weather|SunnyDay|[upkeep]
|upkeep
|turn|7
|c| PokemaYakumo|Please obligated gargnacl for me
|c| PokemaYakumo|*obliterate
|j| wgw2333
|l| PokemaYakumo
|
|t:|1759053898
|-end|p1a: Iron Hands|Quark Drive|[silent]
|switch|p1a: Hatterene|Hatterene, F|50/100
|move|p2a: Volcrona|U-turn|p1a: Hatterene
|-damage|p1a: Hatterene|0 fnt
|faint|p1a: Hatterene
|
|t:|1759053913
|-end|p2a: Volcrona|Protosynthesis|[silent]
|switch|p2a: Ban Dragonite|Raging Bolt|100/100|[from] U-turn
|-activate|p2a: Ban Dragonite|ability: Protosynthesis
|-start|p2a: Ban Dragonite|protosynthesisspa
|
|-weather|SunnyDay|[upkeep]
|upkeep
|inactive|lt124yh 925 has 120 seconds left.
|
|t:|1759053931
|switch|p1a: Cresselia|Cresselia, F|100/100
|turn|8
|j| cynasaurus
|l| seiko leich
|
|t:|1759053943
|move|p2a: Ban Dragonite|Calm Mind|p2a: Ban Dragonite
|-boost|p2a: Ban Dragonite|spa|1
|-boost|p2a: Ban Dragonite|spd|1
|move|p1a: Cresselia|Trick Room|p1a: Cresselia
|-fieldstart|move: Trick Room|[of] p1a: Cresselia
|
|-weather|SunnyDay|[upkeep]
|upkeep
|turn|9
|
|t:|1759053950
|move|p1a: Cresselia|Lunar Dance|p1a: Cresselia
|faint|p1a: Cresselia
|move|p2a: Ban Dragonite|Calm Mind|p2a: Ban Dragonite
|-boost|p2a: Ban Dragonite|spa|1
|-boost|p2a: Ban Dragonite|spd|1
|
|-weather|none
|-end|p2a: Ban Dragonite|Protosynthesis
|upkeep
|
|t:|1759053953
|switch|p1a: Ursaluna|Ursaluna, M|48/100 brn
|-heal|p1a: Ursaluna|100/100|[from] move: Lunar Dance
|turn|10
|
|t:|1759053965
|move|p1a: Ursaluna|Protect|p1a: Ursaluna
|-singleturn|p1a: Ursaluna|Protect
|move|p2a: Ban Dragonite|Dragon Pulse|p1a: Ursaluna
|-activate|p1a: Ursaluna|move: Protect
|
|-status|p1a: Ursaluna|brn|[from] item: Flame Orb
|upkeep
|turn|11
|
|t:|1759053986
|-end|p2a: Ban Dragonite|Protosynthesis|[silent]
|switch|p2a: Titan|Garganacl, M|100/100
|move|p1a: Ursaluna|Facade|p2a: Titan
|-resisted|p2a: Titan
|-damage|p2a: Titan|65/100
|
|-heal|p2a: Titan|71/100|[from] item: Leftovers
|-damage|p1a: Ursaluna|94/100 brn|[from] brn
|upkeep
|turn|12
|
|t:|1759053995
|move|p2a: Titan|Protect|p2a: Titan
|-singleturn|p2a: Titan|Protect
|move|p1a: Ursaluna|Headlong Rush|p2a: Titan
|-activate|p2a: Titan|move: Protect
|
|-heal|p2a: Titan|77/100|[from] item: Leftovers
|-damage|p1a: Ursaluna|88/100 brn|[from] brn
|-fieldend|move: Trick Room
|upkeep
|turn|13
|
|t:|1759054006
|move|p2a: Titan|Body Press|p1a: Ursaluna
|-supereffective|p1a: Ursaluna
|-crit|p1a: Ursaluna
|-damage|p1a: Ursaluna|27/100 brn
|move|p1a: Ursaluna|Headlong Rush|p2a: Titan
|-supereffective|p2a: Titan
|-damage|p2a: Titan|0 fnt
|-unboost|p1a: Ursaluna|def|1
|-unboost|p1a: Ursaluna|spd|1
|faint|p2a: Titan
|
|-damage|p1a: Ursaluna|21/100 brn|[from] brn
|upkeep
|l| cynasaurus
|
|t:|1759054024
|switch|p2a: Volcrona|Slither Wing|35/100
|turn|14
|
|t:|1759054033
|move|p2a: Volcrona|U-turn|p1a: Ursaluna
|-damage|p1a: Ursaluna|0 fnt
|faint|p1a: Ursaluna
|
|t:|1759054042
|-end|p2a: Volcrona|Protosynthesis|[silent]
|switch|p2a: Ban Dragonite|Raging Bolt|100/100|[from] U-turn
|
|upkeep
|
|t:|1759054044
|switch|p1a: Iron Hands|Iron Hands|80/100
|turn|15
|
|t:|1759054051
|move|p2a: Ban Dragonite|Dragon Pulse|p1a: Iron Hands
|-damage|p1a: Iron Hands|42/100
|move|p1a: Iron Hands|Ice Punch|p2a: Ban Dragonite
|-supereffective|p2a: Ban Dragonite
|-damage|p2a: Ban Dragonite|40/100
|
|-heal|p2a: Ban Dragonite|46/100|[from] item: Leftovers
|upkeep
|turn|16
|
|t:|1759054059
|-end|p2a: Ban Dragonite|Protosynthesis|[silent]
|switch|p2a: Torkoal|Torkoal, F|56/100
|-weather|SunnyDay|[from] ability: Drought|[of] p2a: Torkoal
|move|p1a: Iron Hands|Ice Punch|p2a: Torkoal
|-resisted|p2a: Torkoal
|-damage|p2a: Torkoal|48/100
|
|-weather|SunnyDay|[upkeep]
|upkeep
|turn|17
|
|t:|1759054068
|move|p1a: Iron Hands|Close Combat|p2a: Torkoal
|-damage|p2a: Torkoal|6/100
|-unboost|p1a: Iron Hands|def|1
|-unboost|p1a: Iron Hands|spd|1
|move|p2a: Torkoal|Stealth Rock|p1a: Iron Hands
|-sidestart|p1: lt124yh 925|move: Stealth Rock
|
|-weather|SunnyDay|[upkeep]
|upkeep
|turn|18
|
|t:|1759054076
|-end|p1a: Iron Hands|Quark Drive|[silent]
|switch|p1a: Porygon2|Porygon2|100/100
|-damage|p1a: Porygon2|88/100|[from] Stealth Rock
|-ability|p1a: Porygon2|Download|boost
|-boost|p1a: Porygon2|spa|1
|move|p2a: Torkoal|Lava Plume|p1a: Porygon2
|-damage|p1a: Porygon2|65/100
|
|-weather|SunnyDay|[upkeep]
|upkeep
|turn|19
|
|t:|1759054086
|move|p2a: Torkoal|Body Press|p1a: Porygon2
|-supereffective|p1a: Porygon2
|-crit|p1a: Porygon2
|-damage|p1a: Porygon2|1/100
|move|p1a: Porygon2|Trick Room|p1a: Porygon2
|-fieldstart|move: Trick Room|[of] p1a: Porygon2
|
|-weather|SunnyDay|[upkeep]
|upkeep
|turn|20
|
|t:|1759054089
|move|p2a: Torkoal|Lava Plume|p1a: Porygon2
|-damage|p1a: Porygon2|0 fnt
|faint|p1a: Porygon2
|
|-weather|none
|upkeep
|
|t:|1759054095
|switch|p1a: Iron Hands|Iron Hands|42/100
|-damage|p1a: Iron Hands|35/100|[from] Stealth Rock
|turn|21
|
|t:|1759054105
|switch|p2a: Ban Zamazenta|Kingambit, F, shiny|100/100
|-activate|p2a: Ban Zamazenta|ability: Supreme Overlord
|-start|p2a: Ban Zamazenta|fallen2|[silent]
|move|p1a: Iron Hands|Supercell Slam|p2a: Ban Zamazenta
|-damage|p2a: Ban Zamazenta|56/100
|
|-heal|p2a: Ban Zamazenta|62/100|[from] item: Leftovers
|upkeep
|turn|22
|
|t:|1759054111
|move|p2a: Ban Zamazenta|Sucker Punch|p1a: Iron Hands
|-resisted|p1a: Iron Hands
|-damage|p1a: Iron Hands|17/100
|move|p1a: Iron Hands|Close Combat|p2a: Ban Zamazenta
|-supereffective|p2a: Ban Zamazenta
|-damage|p2a: Ban Zamazenta|0 fnt
|-unboost|p1a: Iron Hands|def|1
|-unboost|p1a: Iron Hands|spd|1
|faint|p2a: Ban Zamazenta
|-end|p2a: Ban Zamazenta|fallen2|[silent]
|
|upkeep
|c|☆lt124yh 925|gg
|
|t:|1759054113
|switch|p2a: Torkoal|Torkoal, F|6/100
|-weather|SunnyDay|[from] ability: Drought|[of] p2a: Torkoal
|turn|23
|-message|lt124yh 925 forfeited.
|
|win|Obito 2001
|raw|lt124yh 925's rating: 1839 &rarr; <strong>1813</strong><br />(-26 for losing)
|raw|Obito 2001's rating: 1740 &rarr; <strong>1766</strong><br />(+26 for winning)
|l|☆lt124yh 925
|player|p1|
|l|☆Obito 2001
|player|p2|
|l| wgw2333
