|badge|p1|bronze|gen9ou|100-6
|uhtml|medal-msg|<div class="broadcast-blue">Curious what those medals under the avatar are? PS now has Ladder Seasons! For more information, check out the <a href="https://www.smogon.com/forums/threads/3740067/">thread on Smogon.</a></div>
|j|☆WogerHater
|j|☆lerendezvous
|t:|1758917949
|gametype|singles
|player|p1|WogerHater|dawn-gen4pt|1805
|player|p2|lerendezvous|101|1721
|gen|9
|tier|[Gen 9] OU
|rated|
|rule|HP Percentage Mod: HP is shown in percentages
|rule|Endless Battle Clause: Forcing endless battles is banned
|rule|Species Clause: Limit one of each Pokémon
|rule|OHKO Clause: OHKO moves are banned
|rule|Evasion Items Clause: Evasion items are banned
|rule|Evasion Moves Clause: Evasion moves are banned
|rule|Evasion Abilities Clause: Evasion abilities are banned
|rule|Sleep Moves Clause: Sleep-inducing moves are banned
|clearpoke
|poke|p1|Ogerpon-Wellspring, F|
|poke|p1|Weezing-Galar, M|
|poke|p1|Ting-Lu|
|poke|p1|Corviknight, F|
|poke|p1|Skeledirge, M|
|poke|p1|Dragapult, F|
|poke|p2|Ogerpon-Wellspring, F|
|poke|p2|Slowking-Galar, F|
|poke|p2|Great Tusk|
|poke|p2|Moltres|
|poke|p2|Dragapult, F|
|poke|p2|Kingambit, M|
|teampreview
|inactive|Battle timer is ON: inactive players will automatically lose when time's up. (requested by WogerHater)
|
|t:|1758917958
|teamsize|p1|6
|teamsize|p2|6
|start
|switch|p1a: Dragapult|Dragapult, F|100/100
|switch|p2a: Kingambit|Kingambit, M|100/100
|turn|1
|inactive|lerendezvous also wants the timer to be on.
|
|t:|1758917963
|switch|p1a: Corviknight|Corviknight, F|100/100
|-ability|p1a: Corviknight|Pressure
|-end|p2a: Kingambit|fallenundefined|[silent]
|switch|p2a: Ogerpon|Ogerpon-Wellspring, F|100/100
|
|upkeep
|turn|2
|
|t:|1758917971
|switch|p2a: Moltres|Moltres|100/100
|move|p1a: Corviknight|U-turn|p2a: Moltres
|-resisted|p2a: Moltres
|-damage|p2a: Moltres|98/100
|
|t:|1758917977
|switch|p1a: Ogerpon|Ogerpon-Wellspring, F|100/100|[from] U-turn
|
|upkeep
|turn|3
|
|t:|1758917983
|switch|p2a: Ogerpon|Ogerpon-Wellspring, F|100/100
|move|p1a: Ogerpon|Spikes|p2a: Ogerpon
|-sidestart|p2: lerendezvous|Spikes
|
|upkeep
|turn|4
|
|t:|1758917989
|switch|p2a: Moltres|Moltres|98/100
|switch|p1a: Weezing|Weezing-Galar, M|100/100
|-ability|p1a: Weezing|Neutralizing Gas
|
|upkeep
|turn|5
|
|t:|1758917994
|-end|p1a: Weezing|ability: Neutralizing Gas
|switch|p1a: Ting-Lu|Ting-Lu|100/100
|-ability|p1a: Ting-Lu|Vessel of Ruin
|move|p2a: Moltres|U-turn|p1a: Ting-Lu
|-supereffective|p1a: Ting-Lu
|-damage|p1a: Ting-Lu|84/100
|
|t:|1758918002
|switch|p2a: Ogerpon|Ogerpon-Wellspring, F|100/100|[from] U-turn
|-damage|p2a: Ogerpon|88/100|[from] Spikes
|
|-heal|p1a: Ting-Lu|90/100|[from] item: Leftovers
|upkeep
|turn|6
|
|t:|1758918008
|switch|p1a: Weezing|Weezing-Galar, M|100/100
|-ability|p1a: Weezing|Neutralizing Gas
|move|p2a: Ogerpon|Ivy Cudgel|p1a: Weezing|[anim] Ivy Cudgel Water
|-damage|p1a: Weezing|65/100
|
|upkeep
|turn|7
|
|t:|1758918017
|move|p2a: Ogerpon|U-turn|p1a: Weezing
|-resisted|p1a: Weezing
|-damage|p1a: Weezing|61/100
|
|t:|1758918024
|switch|p2a: Slowking|Slowking-Galar, F|100/100|[from] U-turn
|-damage|p2a: Slowking|88/100|[from] Spikes
|move|p1a: Weezing|Sludge Bomb|p2a: Slowking
|-resisted|p2a: Slowking
|-damage|p2a: Slowking|81/100
|
|upkeep
|turn|8
|
|t:|1758918030
|-end|p1a: Weezing|ability: Neutralizing Gas
|switch|p1a: Ting-Lu|Ting-Lu|90/100
|-ability|p1a: Ting-Lu|Vessel of Ruin
|switch|p2a: Ogerpon|Ogerpon-Wellspring, F|88/100
|-damage|p2a: Ogerpon|76/100|[from] Spikes
|
|-heal|p1a: Ting-Lu|97/100|[from] item: Leftovers
|upkeep
|turn|9
|
|t:|1758918036
|switch|p1a: Ogerpon|Ogerpon-Wellspring, F|100/100
|move|p2a: Ogerpon|Ivy Cudgel|p1a: Ogerpon|[anim] Ivy Cudgel Water
|-immune|p1a: Ogerpon|[from] ability: Water Absorb
|
|upkeep
|turn|10
|
|t:|1758918041
|switch|p2a: Moltres|Moltres|98/100
|switch|p1a: Corviknight|Corviknight, F|100/100
|-ability|p1a: Corviknight|Pressure
|
|upkeep
|turn|11
|l|☆WogerHater
|inactive|WogerHater disconnected and has a minute to reconnect!
|player|p1|
|j| ertyplm
|j|☆WogerHater
|inactive|WogerHater reconnected and has 105 seconds left.
|player|p1|WogerHater|dawn-gen4pt|
|
|t:|1758918088
|switch|p1a: Dragapult|Dragapult, F|100/100
|move|p2a: Moltres|U-turn|p1a: Dragapult
|-resisted|p1a: Dragapult
|-damage|p1a: Dragapult|91/100
|
|t:|1758918098
|switch|p2a: Kingambit|Kingambit, M|100/100|[from] U-turn
|-damage|p2a: Kingambit|88/100|[from] Spikes
|
|-heal|p2a: Kingambit|94/100|[from] item: Leftovers
|upkeep
|turn|12
|
|t:|1758918103
|switch|p1a: Ting-Lu|Ting-Lu|97/100
|-ability|p1a: Ting-Lu|Vessel of Ruin
|-end|p2a: Kingambit|fallenundefined|[silent]
|switch|p2a: Ogerpon|Ogerpon-Wellspring, F|76/100
|-damage|p2a: Ogerpon|64/100|[from] Spikes
|
|-heal|p1a: Ting-Lu|100/100|[from] item: Leftovers
|upkeep
|turn|13
|
|t:|1758918111
|switch|p1a: Corviknight|Corviknight, F|100/100
|-ability|p1a: Corviknight|Pressure
|move|p2a: Ogerpon|Ivy Cudgel|p1a: Corviknight|[anim] Ivy Cudgel Water
|-damage|p1a: Corviknight|58/100
|
|upkeep
|turn|14
|
|t:|1758918121
|switch|p1a: Dragapult|Dragapult, F|91/100
|move|p2a: Ogerpon|Ivy Cudgel|p1a: Dragapult|[anim] Ivy Cudgel Water
|-resisted|p1a: Dragapult
|-damage|p1a: Dragapult|54/100
|
|upkeep
|turn|15
|
|t:|1758918131
|switch|p2a: Slowking|Slowking-Galar, F|100/100
|-damage|p2a: Slowking|88/100|[from] Spikes
|move|p1a: Dragapult|Shadow Ball|p2a: Slowking
|-supereffective|p2a: Slowking
|-damage|p2a: Slowking|36/100
|
|upkeep
|turn|16
|
|t:|1758918143
|switch|p2a: Kingambit|Kingambit, M|94/100
|-damage|p2a: Kingambit|82/100|[from] Spikes
|move|p1a: Dragapult|Shadow Ball|p2a: Kingambit
|-resisted|p2a: Kingambit
|-damage|p2a: Kingambit|55/100
|
|-heal|p2a: Kingambit|61/100|[from] item: Leftovers
|upkeep
|turn|17
|
|t:|1758918149
|switch|p1a: Ogerpon|Ogerpon-Wellspring, F|100/100
|move|p2a: Kingambit|Swords Dance|p2a: Kingambit
|-boost|p2a: Kingambit|atk|2
|
|-heal|p2a: Kingambit|67/100|[from] item: Leftovers
|upkeep
|turn|18
|
|t:|1758918155
|switch|p1a: Weezing|Weezing-Galar, M|61/100
|-ability|p1a: Weezing|Neutralizing Gas
|-end|p2a: Kingambit|fallenundefined|[silent]
|switch|p2a: Ogerpon|Ogerpon-Wellspring, F|64/100
|-damage|p2a: Ogerpon|51/100|[from] Spikes
|
|upkeep
|turn|19
|
|t:|1758918161
|move|p2a: Ogerpon|U-turn|p1a: Weezing
|-resisted|p1a: Weezing
|-damage|p1a: Weezing|56/100
|
|t:|1758918167
|switch|p2a: Slowking|Slowking-Galar, F|69/100|[from] U-turn
|-damage|p2a: Slowking|56/100|[from] Spikes
|move|p1a: Weezing|Will-O-Wisp|p2a: Slowking
|-status|p2a: Slowking|brn
|
|-damage|p2a: Slowking|50/100 brn|[from] brn
|upkeep
|turn|20
|
|t:|1758918173
|move|p1a: Weezing|Will-O-Wisp|p2a: Slowking
|-fail|p2a: Slowking|brn
|move|p2a: Slowking|Ice Beam|p1a: Weezing
|-damage|p1a: Weezing|15/100
|
|-damage|p2a: Slowking|44/100 brn|[from] brn
|upkeep
|turn|21
|
|t:|1758918179
|move|p1a: Weezing|Sludge Bomb|p2a: Slowking
|-resisted|p2a: Slowking
|-damage|p2a: Slowking|37/100 brn
|move|p2a: Slowking|Ice Beam|p1a: Weezing
|-damage|p1a: Weezing|0 fnt
|faint|p1a: Weezing
|-end|p1a: Weezing|ability: Neutralizing Gas
|
|-damage|p2a: Slowking|31/100 brn|[from] brn
|upkeep
|
|t:|1758918181
|switch|p1a: Dragapult|Dragapult, F|54/100
|turn|22
|
|t:|1758918187
|switch|p2a: Kingambit|Kingambit, M|67/100
|-damage|p2a: Kingambit|55/100|[from] Spikes
|move|p1a: Dragapult|U-turn|p2a: Kingambit
|-damage|p2a: Kingambit|42/100
|
|t:|1758918188
|switch|p1a: Ting-Lu|Ting-Lu|100/100|[from] U-turn
|-ability|p1a: Ting-Lu|Vessel of Ruin
|
|-heal|p2a: Kingambit|48/100|[from] item: Leftovers
|upkeep
|turn|23
|
|t:|1758918194
|move|p2a: Kingambit|Iron Head|p1a: Ting-Lu
|-damage|p1a: Ting-Lu|76/100
|move|p1a: Ting-Lu|Stealth Rock|p2a: Kingambit
|-sidestart|p2: lerendezvous|move: Stealth Rock
|
|-heal|p2a: Kingambit|54/100|[from] item: Leftovers
|-heal|p1a: Ting-Lu|83/100|[from] item: Leftovers
|upkeep
|turn|24
|
|t:|1758918200
|switch|p1a: Ogerpon|Ogerpon-Wellspring, F|100/100
|move|p2a: Kingambit|Iron Head|p1a: Ogerpon
|-resisted|p1a: Ogerpon
|-damage|p1a: Ogerpon|75/100
|
|-heal|p2a: Kingambit|61/100|[from] item: Leftovers
|upkeep
|turn|25
|
|t:|1758918208
|switch|p1a: Corviknight|Corviknight, F|58/100
|-ability|p1a: Corviknight|Pressure
|move|p2a: Kingambit|Sucker Punch||[still]
|-fail|p2a: Kingambit
|
|-heal|p2a: Kingambit|67/100|[from] item: Leftovers
|upkeep
|turn|26
|
|t:|1758918213
|-end|p2a: Kingambit|fallenundefined|[silent]
|switch|p2a: Great Tusk|Great Tusk|100/100
|-damage|p2a: Great Tusk|88/100|[from] Spikes
|-damage|p2a: Great Tusk|85/100|[from] Stealth Rock
|move|p1a: Corviknight|Roost|p1a: Corviknight
|-heal|p1a: Corviknight|100/100
|-singleturn|p1a: Corviknight|move: Roost
|
|upkeep
|turn|27
|
|t:|1758918219
|switch|p1a: Dragapult|Dragapult, F|54/100
|move|p2a: Great Tusk|Rapid Spin|p1a: Dragapult
|-immune|p1a: Dragapult
|
|upkeep
|turn|28
|
|t:|1758918225
|-end|p2a: Great Tusk|Protosynthesis|[silent]
|switch|p2a: Kingambit|Kingambit, M|67/100
|-damage|p2a: Kingambit|54/100|[from] Spikes
|-damage|p2a: Kingambit|48/100|[from] Stealth Rock
|move|p1a: Dragapult|Shadow Ball|p2a: Kingambit
|-resisted|p2a: Kingambit
|-damage|p2a: Kingambit|21/100
|
|-heal|p2a: Kingambit|27/100|[from] item: Leftovers
|upkeep
|turn|29
|
|t:|1758918231
|switch|p1a: Corviknight|Corviknight, F|100/100
|-ability|p1a: Corviknight|Pressure
|move|p2a: Kingambit|Sucker Punch||[still]
|-fail|p2a: Kingambit
|
|-heal|p2a: Kingambit|34/100|[from] item: Leftovers
|upkeep
|turn|30
|
|t:|1758918236
|move|p2a: Kingambit|Sucker Punch|p1a: Corviknight
|-damage|p1a: Corviknight|73/100
|-damage|p2a: Kingambit|17/100|[from] item: Rocky Helmet|[of] p1a: Corviknight
|move|p1a: Corviknight|U-turn|p2a: Kingambit
|-damage|p2a: Kingambit|5/100
|
|t:|1758918240
|switch|p1a: Ogerpon|Ogerpon-Wellspring, F|75/100|[from] U-turn
|
|-heal|p2a: Kingambit|11/100|[from] item: Leftovers
|upkeep
|turn|31
|j| 12723 Dong
|j| Nikator98
|
|t:|1758918246
|move|p2a: Kingambit|Sucker Punch|p1a: Ogerpon
|-crit|p1a: Ogerpon
|-damage|p1a: Ogerpon|8/100
|move|p1a: Ogerpon|Ivy Cudgel|p2a: Kingambit|[anim] Ivy Cudgel Water
|-damage|p2a: Kingambit|0 fnt
|faint|p2a: Kingambit
|-end|p2a: Kingambit|fallenundefined|[silent]
|
|upkeep
|
|t:|1758918252
|switch|p2a: Dragapult|Dragapult, F|100/100
|turn|32
|
|t:|1758918257
|switch|p1a: Ting-Lu|Ting-Lu|83/100
|-ability|p1a: Ting-Lu|Vessel of Ruin
|move|p2a: Dragapult|Dragon Darts|p1a: Ting-Lu
|-crit|p1a: Ting-Lu
|-damage|p1a: Ting-Lu|66/100
|-anim|p2a: Dragapult|Dragon Darts|p1a: Ting-Lu
|-damage|p1a: Ting-Lu|54/100
|
|-heal|p1a: Ting-Lu|60/100|[from] item: Leftovers
|upkeep
|turn|33
|
|t:|1758918264
|move|p2a: Dragapult|U-turn|p1a: Ting-Lu
|-supereffective|p1a: Ting-Lu
|-damage|p1a: Ting-Lu|39/100
|
|t:|1758918271
|switch|p2a: Great Tusk|Great Tusk|85/100|[from] U-turn
|-damage|p2a: Great Tusk|73/100|[from] Spikes
|-damage|p2a: Great Tusk|70/100|[from] Stealth Rock
|move|p1a: Ting-Lu|Earthquake|p2a: Great Tusk
|-damage|p2a: Great Tusk|41/100
|
|-heal|p1a: Ting-Lu|46/100|[from] item: Leftovers
|upkeep
|turn|34
|
|t:|1758918277
|move|p2a: Great Tusk|Ice Spinner|p1a: Ting-Lu
|-supereffective|p1a: Ting-Lu
|-damage|p1a: Ting-Lu|13/100
|move|p1a: Ting-Lu|Earthquake|p2a: Great Tusk
|-damage|p2a: Great Tusk|13/100
|
|-heal|p1a: Ting-Lu|19/100|[from] item: Leftovers
|upkeep
|turn|35
|
|t:|1758918284
|switch|p1a: Corviknight|Corviknight, F|73/100
|-ability|p1a: Corviknight|Pressure
|move|p2a: Great Tusk|Rapid Spin|p1a: Corviknight
|-resisted|p1a: Corviknight
|-damage|p1a: Corviknight|67/100
|-boost|p2a: Great Tusk|spe|1
|-damage|p2a: Great Tusk|0 fnt|[from] item: Rocky Helmet|[of] p1a: Corviknight
|faint|p2a: Great Tusk
|-end|p2a: Great Tusk|Protosynthesis|[silent]
|
|upkeep
|
|t:|1758918293
|switch|p2a: Dragapult|Dragapult, F|100/100
|turn|36
|
|t:|1758918298
|move|p2a: Dragapult|Will-O-Wisp|p1a: Corviknight
|-status|p1a: Corviknight|brn
|move|p1a: Corviknight|U-turn|p2a: Dragapult
|-resisted|p2a: Dragapult
|-damage|p2a: Dragapult|95/100
|
|t:|1758918300
|switch|p1a: Ting-Lu|Ting-Lu|19/100|[from] U-turn
|-ability|p1a: Ting-Lu|Vessel of Ruin
|
|-heal|p1a: Ting-Lu|26/100|[from] item: Leftovers
|upkeep
|turn|37
|
|t:|1758918306
|-terastallize|p1a: Ting-Lu|Fairy
|move|p2a: Dragapult|U-turn|p1a: Ting-Lu
|-resisted|p1a: Ting-Lu
|-damage|p1a: Ting-Lu|20/100
|
|t:|1758918312
|switch|p2a: Moltres|Moltres|98/100|[from] U-turn
|move|p1a: Ting-Lu|Rest|p1a: Ting-Lu
|-status|p1a: Ting-Lu|slp|[from] move: Rest
|-heal|p1a: Ting-Lu|100/100 slp|[silent]
|
|upkeep
|turn|38
|
|t:|1758918318
|cant|p1a: Ting-Lu|slp
|move|p2a: Moltres|Roar|p1a: Ting-Lu
|drag|p1a: Skeledirge|Skeledirge, M|100/100
|
|upkeep
|turn|39
|
|t:|1758918323
|move|p2a: Moltres|Flamethrower|p1a: Skeledirge
|-resisted|p1a: Skeledirge
|-damage|p1a: Skeledirge|87/100
|move|p1a: Skeledirge|Torch Song|p2a: Moltres
|-resisted|p2a: Moltres
|-damage|p2a: Moltres|83/100
|-boost|p1a: Skeledirge|spa|1
|
|upkeep
|turn|40
|
|t:|1758918333
|move|p2a: Moltres|Flamethrower|p1a: Skeledirge
|-resisted|p1a: Skeledirge
|-damage|p1a: Skeledirge|73/100
|move|p1a: Skeledirge|Torch Song|p2a: Moltres
|-resisted|p2a: Moltres
|-damage|p2a: Moltres|59/100
|-boost|p1a: Skeledirge|spa|1
|
|upkeep
|turn|41
|l| Nikator98
|
|t:|1758918340
|move|p1a: Skeledirge|Torch Song|p2a: Moltres
|-resisted|p2a: Moltres
|-damage|p2a: Moltres|30/100
|-boost|p1a: Skeledirge|spa|1
|move|p2a: Moltres|Roar|p1a: Skeledirge
|drag|p1a: Ogerpon|Ogerpon-Wellspring, F|8/100
|
|upkeep
|turn|42
|
|t:|1758918346
|switch|p2a: Ogerpon|Ogerpon-Wellspring, F|51/100
|-damage|p2a: Ogerpon|39/100|[from] Spikes
|-damage|p2a: Ogerpon|27/100|[from] Stealth Rock
|move|p1a: Ogerpon|Knock Off|p2a: Ogerpon
|-damage|p2a: Ogerpon|0 fnt
|faint|p2a: Ogerpon
|
|upkeep
|
|t:|1758918352
|switch|p2a: Dragapult|Dragapult, F|95/100
|turn|43
|
|t:|1758918358
|switch|p1a: Ting-Lu|Ting-Lu, tera:Fairy|100/100 slp
|-ability|p1a: Ting-Lu|Vessel of Ruin
|move|p2a: Dragapult|U-turn|p1a: Ting-Lu
|-resisted|p1a: Ting-Lu
|-damage|p1a: Ting-Lu|95/100 slp
|
|t:|1758918364
|switch|p2a: Moltres|Moltres|30/100|[from] U-turn
|
|-heal|p1a: Ting-Lu|100/100 slp|[from] item: Leftovers
|upkeep
|turn|44
|
|t:|1758918370
|switch|p1a: Skeledirge|Skeledirge, M|73/100
|move|p2a: Moltres|Roost|p2a: Moltres
|-heal|p2a: Moltres|80/100
|-singleturn|p2a: Moltres|move: Roost
|
|upkeep
|turn|45
|
|t:|1758918375
|move|p2a: Moltres|Roost|p2a: Moltres
|-heal|p2a: Moltres|100/100
|-singleturn|p2a: Moltres|move: Roost
|move|p1a: Skeledirge|Torch Song|p2a: Moltres
|-resisted|p2a: Moltres
|-damage|p2a: Moltres|85/100
|-boost|p1a: Skeledirge|spa|1
|
|upkeep
|turn|46
|
|t:|1758918382
|move|p1a: Skeledirge|Torch Song|p2a: Moltres
|-resisted|p2a: Moltres
|-damage|p2a: Moltres|60/100
|-boost|p1a: Skeledirge|spa|1
|move|p2a: Moltres|Roar|p1a: Skeledirge
|drag|p1a: Ogerpon|Ogerpon-Wellspring, F|8/100
|
|upkeep
|turn|47
|
|t:|1758918389
|-terastallize|p2a: Moltres|Fairy
|move|p1a: Ogerpon|Knock Off|p2a: Moltres
|-resisted|p2a: Moltres
|-damage|p2a: Moltres|49/100
|-enditem|p2a: Moltres|Heavy-Duty Boots|[from] move: Knock Off|[of] p1a: Ogerpon
|move|p2a: Moltres|Roost|p2a: Moltres
|-heal|p2a: Moltres|99/100
|
|upkeep
|turn|48
|j| a jellyfish
|
|t:|1758918394
|move|p1a: Ogerpon|Spikes|p2a: Moltres
|-sidestart|p2: lerendezvous|Spikes
|move|p2a: Moltres|Roar|p1a: Ogerpon
|drag|p1a: Skeledirge|Skeledirge, M|73/100
|
|upkeep
|turn|49
|
|t:|1758918400
|move|p1a: Skeledirge|Will-O-Wisp|p2a: Moltres
|-status|p2a: Moltres|brn
|move|p2a: Moltres|Roar|p1a: Skeledirge
|drag|p1a: Ogerpon|Ogerpon-Wellspring, F|8/100
|
|-damage|p2a: Moltres|93/100 brn|[from] brn
|upkeep
|turn|50
|
|t:|1758918406
|move|p1a: Ogerpon|Synthesis|p1a: Ogerpon
|-heal|p1a: Ogerpon|58/100
|move|p2a: Moltres|Roar|p1a: Ogerpon
|drag|p1a: Skeledirge|Skeledirge, M|73/100
|
|-damage|p2a: Moltres|87/100 brn|[from] brn
|upkeep
|turn|51
|
|t:|1758918411
|move|p1a: Skeledirge|Will-O-Wisp|p2a: Moltres
|-fail|p2a: Moltres|brn
|move|p2a: Moltres|Roar|p1a: Skeledirge
|drag|p1a: Dragapult|Dragapult, F|54/100
|
|-damage|p2a: Moltres|81/100 brn|[from] brn
|upkeep
|turn|52
|
|t:|1758918417
|move|p1a: Dragapult|Hex|p2a: Moltres
|-damage|p2a: Moltres|0 fnt
|faint|p2a: Moltres
|
|upkeep
|
|t:|1758918422
|switch|p2a: Dragapult|Dragapult, F|95/100
|turn|53
|
|t:|1758918428
|move|p1a: Dragapult|Hex|p2a: Dragapult
|-supereffective|p2a: Dragapult
|-damage|p2a: Dragapult|0 fnt
|faint|p2a: Dragapult
|
|upkeep
|
|t:|1758918432
|switch|p2a: Slowking|Slowking-Galar, F|64/100 brn
|-damage|p2a: Slowking|48/100 brn|[from] Spikes
|-damage|p2a: Slowking|35/100 brn|[from] Stealth Rock
|turn|54
|
|t:|1758918434
|move|p1a: Dragapult|Hex|p2a: Slowking
|-supereffective|p2a: Slowking
|-damage|p2a: Slowking|0 fnt
|faint|p2a: Slowking
|
|win|WogerHater
|raw|WogerHater's rating: 1805 &rarr; <strong>1820</strong><br />(+15 for winning)
|raw|lerendezvous's rating: 1721 &rarr; <strong>1706</strong><br />(-15 for losing)
