|j|☆milman26
|j|☆Keivankov237
|t:|1758956135
|gametype|singles
|player|p1|milman26|twins-gen4dp|1190
|player|p2|Keivankov237|2|1153
|gen|9
|tier|[Gen 9] OU
|rated|
|rule|HP Percentage Mod: HP is shown in percentages
|rule|Endless Battle Clause: Forcing endless battles is banned
|rule|Species Clause: Limit one of each Pokémon
|rule|OHKO Clause: OHKO moves are banned
|rule|Evasion Items Clause: Evasion items are banned
|rule|Evasion Moves Clause: Evasion moves are banned
|rule|Evasion Abilities Clause: Evasion abilities are banned
|rule|Sleep Moves Clause: Sleep-inducing moves are banned
|clearpoke
|poke|p1|Ogerpon, F|
|poke|p1|Rillaboom, F|
|poke|p1|Great Tusk|
|poke|p1|Gholdengo|
|poke|p1|Moltres|
|poke|p1|Muk-Alola, F|
|poke|p2|Grafaiai, F|
|poke|p2|Mew|
|poke|p2|Salamence, F|
|poke|p2|Zoroark, M|
|poke|p2|Houndoom, M|
|poke|p2|Scyther, M|
|teampreview
|inactive|Battle timer is ON: inactive players will automatically lose when time's up. (requested by Keivankov237)
|inactive|milman26 has 120 seconds left.
|
|t:|1758956174
|teamsize|p1|6
|teamsize|p2|6
|start
|switch|p1a: Great Tusk|Great Tusk|100/100
|switch|p2a: Scyther|Scyther, M|100/100
|turn|1
|
|t:|1758956187
|move|p2a: Scyther|Dual Wingbeat|p1a: Great Tusk
|-supereffective|p1a: Great Tusk
|-damage|p1a: Great Tusk|61/100
|-supereffective|p1a: Great Tusk
|-damage|p1a: Great Tusk|15/100
|-hitcount|p1a: Great Tusk|2
|move|p1a: Great Tusk|Stealth Rock|p2a: Scyther
|-sidestart|p2: Keivankov237|move: Stealth Rock
|
|upkeep
|turn|2
|
|t:|1758956201
|-end|p1a: Great Tusk|Protosynthesis|[silent]
|switch|p1a: Moltres|Moltres|100/100
|move|p2a: Scyther|Defog|p1a: Moltres
|-unboost|p1a: Moltres|evasion|1
|-sideend|p2: Keivankov237|Stealth Rock|[from] move: Defog|[of] p2a: Scyther
|
|upkeep
|turn|3
|
|t:|1758956213
|switch|p2a: Mew|Mew|100/100
|move|p1a: Moltres|U-turn|p2a: Mew
|-supereffective|p2a: Mew
|-damage|p2a: Mew|70/100
|
|t:|1758956240
|switch|p1a: Great Tusk|Great Tusk|15/100|[from] U-turn
|
|upkeep
|turn|4
|
|t:|1758956246
|move|p2a: Mew|Draining Kiss|p1a: Great Tusk
|-supereffective|p1a: Great Tusk
|-damage|p1a: Great Tusk|0 fnt
|-heal|p2a: Mew|83/100|[from] drain|[of] p1a: Great Tusk
|faint|p1a: Great Tusk
|-end|p1a: Great Tusk|Protosynthesis|[silent]
|
|upkeep
|
|t:|1758956263
|switch|p1a: Tyrantr|Muk-Alola, F|100/100
|turn|5
|
|t:|1758956276
|move|p2a: Mew|Stealth Rock|p1a: Tyrantr
|-sidestart|p1: milman26|move: Stealth Rock
|move|p1a: Tyrantr|Knock Off|p2a: Mew
|-supereffective|p2a: Mew
|-damage|p2a: Mew|3/100
|-enditem|p2a: Mew|Wide Lens|[from] move: Knock Off|[of] p1a: Tyrantr
|
|upkeep
|turn|6
|
|t:|1758956284
|move|p2a: Mew|Thunder Wave|p1a: Tyrantr|[miss]
|-miss|p2a: Mew|p1a: Tyrantr
|move|p1a: Tyrantr|Poison Jab|p2a: Mew
|-damage|p2a: Mew|0 fnt
|faint|p2a: Mew
|
|upkeep
|inactive|Keivankov237 has 120 seconds left.
|
|t:|1758956332
|switch|p2a: Houndoom|Houndoom, M|100/100
|turn|7
|
|t:|1758956341
|move|p2a: Houndoom|Nasty Plot|p2a: Houndoom
|-boost|p2a: Houndoom|spa|2
|move|p1a: Tyrantr|Stone Edge|p2a: Houndoom|[miss]
|-miss|p1a: Tyrantr|p2a: Houndoom
|
|upkeep
|turn|8
|
|t:|1758956353
|move|p2a: Houndoom|Overheat|p1a: Tyrantr
|-damage|p1a: Tyrantr|37/100
|-unboost|p2a: Houndoom|spa|2
|move|p1a: Tyrantr|Stone Edge|p2a: Houndoom
|-supereffective|p2a: Houndoom
|-damage|p2a: Houndoom|0 fnt
|faint|p2a: Houndoom
|
|upkeep
|
|t:|1758956366
|switch|p2a: Scyther|Scyther, M|100/100
|turn|9
|
|t:|1758956371
|switch|p1a: Moltres|Moltres|100/100
|move|p2a: Scyther|Dual Wingbeat|p1a: Moltres
|-damage|p1a: Moltres|79/100
|-crit|p1a: Moltres
|-damage|p1a: Moltres|46/100
|-hitcount|p1a: Moltres|2
|
|upkeep
|turn|10
|
|t:|1758956387
|switch|p1a: Gholdengo|Gholdengo|100/100
|-damage|p1a: Gholdengo|94/100|[from] Stealth Rock
|move|p2a: Scyther|Dual Wingbeat|p1a: Gholdengo
|-resisted|p1a: Gholdengo
|-damage|p1a: Gholdengo|77/100
|-resisted|p1a: Gholdengo
|-damage|p1a: Gholdengo|60/100
|-hitcount|p1a: Gholdengo|2
|
|upkeep
|turn|11
|
|t:|1758956398
|move|p2a: Scyther|U-turn|p1a: Gholdengo
|-resisted|p1a: Gholdengo
|-damage|p1a: Gholdengo|50/100
|
|t:|1758956405
|switch|p2a: Grafaiai|Grafaiai, F|100/100|[from] U-turn
|move|p1a: Gholdengo|Trick|p2a: Grafaiai
|-activate|p1a: Gholdengo|move: Trick|[of] p2a: Grafaiai
|-item|p2a: Grafaiai|Choice Specs|[from] move: Trick
|-item|p1a: Gholdengo|Focus Sash|[from] move: Trick
|
|upkeep
|turn|12
|inactive|Keivankov237 has 120 seconds left.
|
|t:|1758956433
|switch|p1a: Tyrantr|Muk-Alola, F|37/100
|-damage|p1a: Tyrantr|25/100|[from] Stealth Rock
|move|p2a: Grafaiai|Knock Off|p1a: Tyrantr
|-resisted|p1a: Tyrantr
|-damage|p1a: Tyrantr|10/100
|-enditem|p1a: Tyrantr|Assault Vest|[from] move: Knock Off|[of] p2a: Grafaiai
|
|upkeep
|turn|13
|
|t:|1758956442
|move|p2a: Grafaiai|Knock Off|p1a: Tyrantr
|-resisted|p1a: Tyrantr
|-crit|p1a: Tyrantr
|-damage|p1a: Tyrantr|0 fnt
|faint|p1a: Tyrantr
|
|upkeep
|
|t:|1758956452
|switch|p1a: Ogerpon|Ogerpon, F|100/100
|-damage|p1a: Ogerpon|88/100|[from] Stealth Rock
|turn|14
|
|t:|1758956457
|-terastallize|p1a: Ogerpon|Grass
|detailschange|p1a: Ogerpon|Ogerpon-Teal-Tera, F, tera:Grass
|-ability|p1a: Ogerpon|Embody Aspect (Teal)|boost
|-boost|p1a: Ogerpon|spe|1
|move|p1a: Ogerpon|Superpower|p2a: Grafaiai
|-crit|p2a: Grafaiai
|-damage|p2a: Grafaiai|0 fnt
|-unboost|p1a: Ogerpon|atk|1
|-unboost|p1a: Ogerpon|def|1
|faint|p2a: Grafaiai
|
|upkeep
|
|t:|1758956471
|switch|p2a: Scyther|Scyther, M|100/100
|turn|15
|
|t:|1758956480
|switch|p1a: Moltres|Moltres|46/100
|move|p2a: Scyther|Knock Off|p1a: Moltres
|-damage|p1a: Moltres|9/100
|-enditem|p1a: Moltres|Heavy-Duty Boots|[from] move: Knock Off|[of] p2a: Scyther
|
|upkeep
|turn|16
|
|t:|1758956500
|move|p2a: Scyther|Knock Off|p1a: Moltres
|-damage|p1a: Moltres|0 fnt
|-status|p2a: Scyther|brn|[from] ability: Flame Body|[of] p1a: Moltres
|faint|p1a: Moltres
|
|-damage|p2a: Scyther|94/100 brn|[from] brn
|upkeep
|
|t:|1758956510
|switch|p1a: Gholdengo|Gholdengo|50/100
|-damage|p1a: Gholdengo|44/100|[from] Stealth Rock
|turn|17
|
|t:|1758956516
|move|p2a: Scyther|Knock Off|p1a: Gholdengo
|-supereffective|p1a: Gholdengo
|-damage|p1a: Gholdengo|0 fnt
|-enditem|p1a: Gholdengo|Focus Sash|[from] move: Knock Off|[of] p2a: Scyther
|faint|p1a: Gholdengo
|
|-damage|p2a: Scyther|88/100 brn|[from] brn
|upkeep
|
|t:|1758956523
|switch|p1a: Ogerpon|Ogerpon-Teal-Tera, F, tera:Grass|88/100
|-damage|p1a: Ogerpon|76/100|[from] Stealth Rock
|-ability|p1a: Ogerpon|Embody Aspect (Teal)|boost
|-boost|p1a: Ogerpon|spe|1
|turn|18
|
|t:|1758956531
|move|p2a: Scyther|Sucker Punch|p1a: Ogerpon
|-damage|p1a: Ogerpon|53/100
|move|p1a: Ogerpon|Rock Tomb|p2a: Scyther
|-damage|p2a: Scyther|23/100 brn
|-unboost|p2a: Scyther|spe|1
|replace|p2a: Zoroark|Zoroark, M
|-end|p2a: Zoroark|Illusion
|
|-damage|p2a: Zoroark|17/100 brn|[from] brn
|upkeep
|turn|19
|
|t:|1758956544
|switch|p1a: Rillaboom|Rillaboom, F|100/100
|-damage|p1a: Rillaboom|88/100|[from] Stealth Rock
|-fieldstart|move: Grassy Terrain|[from] ability: Grassy Surge|[of] p1a: Rillaboom
|move|p2a: Zoroark|Sucker Punch||[still]
|-fail|p2a: Zoroark
|
|-heal|p1a: Rillaboom|94/100|[from] Grassy Terrain
|-heal|p2a: Zoroark|23/100 brn|[from] Grassy Terrain
|-damage|p2a: Zoroark|17/100 brn|[from] brn
|upkeep
|turn|20
|
|t:|1758956552
|move|p2a: Zoroark|Sucker Punch||[still]
|-fail|p2a: Zoroark
|move|p1a: Rillaboom|Swords Dance|p1a: Rillaboom
|-boost|p1a: Rillaboom|atk|2
|
|-heal|p1a: Rillaboom|99/100|[from] Grassy Terrain
|-heal|p2a: Zoroark|23/100 brn|[from] Grassy Terrain
|-damage|p2a: Zoroark|17/100 brn|[from] brn
|upkeep
|turn|21
|
|t:|1758956556
|move|p1a: Rillaboom|Swords Dance|p1a: Rillaboom
|-boost|p1a: Rillaboom|atk|2
|move|p2a: Zoroark|Knock Off|p1a: Rillaboom
|-damage|p1a: Rillaboom|75/100
|-enditem|p1a: Rillaboom|Terrain Extender|[from] move: Knock Off|[of] p2a: Zoroark
|
|-heal|p1a: Rillaboom|81/100|[from] Grassy Terrain
|-heal|p2a: Zoroark|23/100 brn|[from] Grassy Terrain
|-damage|p2a: Zoroark|17/100 brn|[from] brn
|upkeep
|turn|22
|
|t:|1758956562
|move|p1a: Rillaboom|Grassy Glide|p2a: Zoroark
|-damage|p2a: Zoroark|0 fnt
|faint|p2a: Zoroark
|
|-heal|p1a: Rillaboom|87/100|[from] Grassy Terrain
|upkeep
|
|t:|1758956575
|switch|p2a: Scyther|Scyther, M|100/100
|turn|23
|
|t:|1758956585
|move|p1a: Rillaboom|Grassy Glide|p2a: Scyther
|-resisted|p2a: Scyther
|-damage|p2a: Scyther|53/100
|move|p2a: Scyther|Dual Wingbeat|p1a: Rillaboom
|-supereffective|p1a: Rillaboom
|-damage|p1a: Rillaboom|20/100
|-supereffective|p1a: Rillaboom
|-damage|p1a: Rillaboom|0 fnt
|faint|p1a: Rillaboom
|-hitcount|p1: Rillaboom|2
|
|upkeep
|
|t:|1758956590
|switch|p1a: Ogerpon|Ogerpon-Teal-Tera, F, tera:Grass|53/100
|-damage|p1a: Ogerpon|40/100|[from] Stealth Rock
|-ability|p1a: Ogerpon|Embody Aspect (Teal)|boost
|-boost|p1a: Ogerpon|spe|1
|turn|24
|
|t:|1758956606
|move|p1a: Ogerpon|Rock Tomb|p2a: Scyther
|-supereffective|p2a: Scyther
|-damage|p2a: Scyther|0 fnt
|faint|p2a: Scyther
|
|-heal|p1a: Ogerpon|46/100|[from] Grassy Terrain
|upkeep
|
|t:|1758956609
|switch|p2a: Salamence|Salamence, F|100/100
|turn|25
|c|☆milman26|gg
|-message|milman26 forfeited.
|
|win|Keivankov237
|raw|milman26's rating: 1190 &rarr; <strong>1162</strong><br />(-28 for losing)
|raw|Keivankov237's rating: 1153 &rarr; <strong>1181</strong><br />(+28 for winning)
|l|☆milman26
|player|p1|
|l|☆Keivankov237
|player|p2|
