|j|☆chaheed
|j|☆jojosworld
|t:|1758955421
|gametype|singles
|player|p1|chaheed|ninjaboy|1723
|player|p2|jojosworld|cynthia|1757
|gen|9
|tier|[Gen 9] OU
|rated|
|rule|HP Percentage Mod: HP is shown in percentages
|rule|Endless Battle Clause: Forcing endless battles is banned
|rule|Species Clause: Limit one of each Pokémon
|rule|OHKO Clause: OHKO moves are banned
|rule|Evasion Items Clause: Evasion items are banned
|rule|Evasion Moves Clause: Evasion moves are banned
|rule|Evasion Abilities Clause: Evasion abilities are banned
|rule|Sleep Moves Clause: Sleep-inducing moves are banned
|clearpoke
|poke|p1|Dragonite, F|
|poke|p1|Dragapult, F|
|poke|p1|Iron Moth|
|poke|p1|Greninja-*, M|
|poke|p1|Serperior, M|
|poke|p1|Iron Treads|
|poke|p2|Alomomola, F|
|poke|p2|Amoonguss, F|
|poke|p2|Great Tusk|
|poke|p2|Goodra-Hisui, F|
|poke|p2|Dragapult, F|
|poke|p2|Garganacl, F|
|teampreview
|inactive|Battle timer is ON: inactive players will automatically lose when time's up. (requested by jojosworld)
|
|t:|1758955432
|teamsize|p1|6
|teamsize|p2|6
|start
|switch|p1a: Greninja|Greninja, M|100/100
|switch|p2a: Garganacl|Garganacl, F, shiny|100/100
|turn|1
|
|t:|1758955436
|move|p1a: Greninja|Surf|p2a: Garganacl
|-supereffective|p2a: Garganacl
|-damage|p2a: Garganacl|28/100
|-damage|p1a: Greninja|91/100|[from] item: Life Orb
|move|p2a: Garganacl|Salt Cure|p1a: Greninja
|-damage|p1a: Greninja|66/100
|-start|p1a: Greninja|Salt Cure
|
|-heal|p2a: Garganacl|35/100|[from] item: Leftovers
|-damage|p1a: Greninja|41/100|[from] Salt Cure
|upkeep
|turn|2
|
|t:|1758955450
|switch|p2a: Alomomola|Alomomola, F, shiny|100/100
|move|p1a: Greninja|Dark Pulse|p2a: Alomomola
|-damage|p2a: Alomomola|45/100
|-damage|p1a: Greninja|32/100|[from] item: Life Orb
|
|-damage|p1a: Greninja|7/100|[from] Salt Cure
|upkeep
|turn|3
|j| Zeyrho
|
|t:|1758955464
|move|p2a: Alomomola|Protect|p2a: Alomomola
|-singleturn|p2a: Alomomola|Protect
|move|p1a: Greninja|Dark Pulse|p2a: Alomomola
|-activate|p2a: Alomomola|move: Protect
|
|-damage|p1a: Greninja|0 fnt|[from] Salt Cure
|faint|p1a: Greninja
|upkeep
|j| Yugiohvn
|
|t:|1758955480
|switch|p1a: Dragonite|Dragonite, F|100/100
|turn|4
|
|t:|1758955483
|move|p1a: Dragonite|Scale Shot|p2a: Alomomola
|-damage|p2a: Alomomola|38/100
|-damage|p2a: Alomomola|30/100
|-damage|p2a: Alomomola|21/100
|-damage|p2a: Alomomola|14/100
|-damage|p2a: Alomomola|6/100
|-hitcount|p2a: Alomomola|5
|-unboost|p1a: Dragonite|def|1
|-boost|p1a: Dragonite|spe|1
|move|p2a: Alomomola|Flip Turn|p1a: Dragonite
|-resisted|p1a: Dragonite
|-damage|p1a: Dragonite|94/100
|
|t:|1758955486
|switch|p2a: Amoonguss|Amoonguss, F, shiny|100/100|[from] Flip Turn
|
|upkeep
|turn|5
|
|t:|1758955505
|move|p1a: Dragonite|Scale Shot|p2a: Amoonguss
|-damage|p2a: Amoonguss|89/100
|-damage|p2a: Amoonguss|78/100
|-damage|p2a: Amoonguss|68/100
|-damage|p2a: Amoonguss|58/100
|-damage|p2a: Amoonguss|47/100
|-hitcount|p2a: Amoonguss|5
|-unboost|p1a: Dragonite|def|1
|-boost|p1a: Dragonite|spe|1
|move|p2a: Amoonguss|Foul Play|p1a: Dragonite
|-damage|p1a: Dragonite|14/100
|
|upkeep
|turn|6
|
|t:|1758955519
|switch|p2a: Garganacl|Garganacl, F, shiny|35/100
|move|p1a: Dragonite|Scale Shot|p2a: Garganacl
|-damage|p2a: Garganacl|25/100
|-damage|p2a: Garganacl|16/100
|-damage|p2a: Garganacl|6/100
|-damage|p2a: Garganacl|0 fnt
|faint|p2a: Garganacl
|-hitcount|p2: Garganacl|4
|-unboost|p1a: Dragonite|def|1
|-boost|p1a: Dragonite|spe|1
|
|upkeep
|
|t:|1758955521
|switch|p2a: Amoonguss|Amoonguss, F, shiny|80/100
|turn|7
|
|t:|1758955532
|move|p1a: Dragonite|Scale Shot|p2a: Amoonguss
|-damage|p2a: Amoonguss|68/100
|-damage|p2a: Amoonguss|57/100
|-damage|p2a: Amoonguss|46/100
|-damage|p2a: Amoonguss|35/100
|-hitcount|p2a: Amoonguss|4
|-unboost|p1a: Dragonite|def|1
|-boost|p1a: Dragonite|spe|1
|move|p2a: Amoonguss|Foul Play|p1a: Dragonite
|-damage|p1a: Dragonite|0 fnt
|faint|p1a: Dragonite
|
|upkeep
|inactive|chaheed has 120 seconds left.
|
|t:|1758955562
|switch|p1a: Iron Moth|Iron Moth|100/100
|-enditem|p1a: Iron Moth|Booster Energy
|-activate|p1a: Iron Moth|ability: Quark Drive|[fromitem]
|-start|p1a: Iron Moth|quarkdrivespe
|turn|8
|
|t:|1758955566
|switch|p2a: Goodra|Goodra-Hisui, F, shiny|100/100
|move|p1a: Iron Moth|Fiery Dance|p2a: Goodra
|-damage|p2a: Goodra|86/100
|-boost|p1a: Iron Moth|spa|1
|
|upkeep
|turn|9
|
|t:|1758955572
|move|p1a: Iron Moth|Substitute|p1a: Iron Moth
|-start|p1a: Iron Moth|Substitute
|-damage|p1a: Iron Moth|76/100
|move|p2a: Goodra|Dragon Tail|p1a: Iron Moth
|-end|p1a: Iron Moth|Substitute
|
|upkeep
|turn|10
|
|t:|1758955579
|move|p1a: Iron Moth|Fiery Dance|p2a: Goodra
|-damage|p2a: Goodra|65/100
|-boost|p1a: Iron Moth|spa|1
|move|p2a: Goodra|Dragon Tail|p1a: Iron Moth
|-damage|p1a: Iron Moth|46/100
|-end|p1a: Iron Moth|Quark Drive|[silent]
|drag|p1a: Dragapult|Dragapult, F|100/100
|
|upkeep
|turn|11
|
|t:|1758955588
|move|p1a: Dragapult|Dragon Darts|p2a: Goodra
|-damage|p2a: Goodra|43/100
|-anim|p1a: Dragapult|Dragon Darts|p2a: Goodra
|-damage|p2a: Goodra|22/100
|move|p2a: Goodra|Draco Meteor|p1a: Dragapult
|-supereffective|p1a: Dragapult
|-enditem|p1a: Dragapult|Focus Sash
|-damage|p1a: Dragapult|1/100
|-unboost|p2a: Goodra|spa|2
|
|upkeep
|turn|12
|
|t:|1758955604
|switch|p2a: Alomomola|Alomomola, F, shiny|39/100
|move|p1a: Dragapult|Dragon Darts|p2a: Alomomola
|-damage|p2a: Alomomola|27/100
|-anim|p1a: Dragapult|Dragon Darts|p2a: Alomomola
|-damage|p2a: Alomomola|16/100
|
|upkeep
|turn|13
|
|t:|1758955612
|switch|p2a: Great Tusk|Great Tusk, shiny|100/100
|move|p1a: Dragapult|Hex|p2a: Great Tusk
|-damage|p2a: Great Tusk|62/100
|
|upkeep
|turn|14
|
|t:|1758955617
|move|p1a: Dragapult|Hydro Pump|p2a: Great Tusk
|-supereffective|p2a: Great Tusk
|-damage|p2a: Great Tusk|0 fnt
|faint|p2a: Great Tusk
|-end|p2a: Great Tusk|Protosynthesis|[silent]
|
|upkeep
|
|t:|1758955622
|switch|p2a: Alomomola|Alomomola, F, shiny|49/100
|turn|15
|
|t:|1758955638
|move|p1a: Dragapult|Hex|p2a: Alomomola
|-damage|p2a: Alomomola|18/100
|move|p2a: Alomomola|Flip Turn|p1a: Dragapult
|-resisted|p1a: Dragapult
|-damage|p1a: Dragapult|0 fnt
|faint|p1a: Dragapult
|
|t:|1758955641
|switch|p2a: Dragapult|Dragapult, F, shiny|100/100|[from] Flip Turn
|
|upkeep
|
|t:|1758955649
|switch|p1a: Iron Treads|Iron Treads|100/100
|-enditem|p1a: Iron Treads|Booster Energy
|-activate|p1a: Iron Treads|ability: Quark Drive|[fromitem]
|-start|p1a: Iron Treads|quarkdrivespe
|turn|16
|
|t:|1758955654
|switch|p2a: Alomomola|Alomomola, F, shiny|51/100
|move|p1a: Iron Treads|Earthquake|p2a: Alomomola
|-damage|p2a: Alomomola|25/100
|
|upkeep
|turn|17
|
|t:|1758955659
|switch|p2a: Amoonguss|Amoonguss, F, shiny|68/100
|move|p1a: Iron Treads|Earthquake|p2a: Amoonguss
|-damage|p2a: Amoonguss|32/100
|
|upkeep
|turn|18
|
|t:|1758955665
|switch|p2a: Alomomola|Alomomola, F, shiny|58/100
|move|p1a: Iron Treads|Earthquake|p2a: Alomomola
|-damage|p2a: Alomomola|32/100
|
|upkeep
|turn|19
|
|t:|1758955670
|switch|p2a: Amoonguss|Amoonguss, F, shiny|65/100
|move|p1a: Iron Treads|Earthquake|p2a: Amoonguss
|-damage|p2a: Amoonguss|30/100
|
|upkeep
|turn|20
|
|t:|1758955679
|switch|p2a: Alomomola|Alomomola, F, shiny|65/100
|move|p1a: Iron Treads|Earthquake|p2a: Alomomola
|-damage|p2a: Alomomola|42/100
|
|upkeep
|turn|21
|
|t:|1758955685
|move|p1a: Iron Treads|Earthquake|p2a: Alomomola
|-damage|p2a: Alomomola|17/100
|move|p2a: Alomomola|Wish|p2a: Alomomola
|
|upkeep
|turn|22
|
|t:|1758955690
|move|p2a: Alomomola|Protect|p2a: Alomomola
|-singleturn|p2a: Alomomola|Protect
|move|p1a: Iron Treads|Stealth Rock|p2a: Alomomola
|-sidestart|p2: jojosworld|move: Stealth Rock
|
|-heal|p2a: Alomomola|67/100|[from] move: Wish|[wisher] Alomomola
|upkeep
|turn|23
|
|t:|1758955696
|move|p1a: Iron Treads|Earthquake|p2a: Alomomola
|-damage|p2a: Alomomola|40/100
|move|p2a: Alomomola|Wish|p2a: Alomomola
|
|upkeep
|turn|24
|
|t:|1758955701
|switch|p2a: Amoonguss|Amoonguss, F, shiny|63/100
|move|p1a: Iron Treads|Earthquake|p2a: Amoonguss
|-damage|p2a: Amoonguss|28/100
|
|-heal|p2a: Amoonguss|89/100|[from] move: Wish|[wisher] Alomomola
|upkeep
|turn|25
|j| shuinifengB
|
|t:|1758955707
|switch|p2a: Alomomola|Alomomola, F, shiny|73/100
|move|p1a: Iron Treads|Earthquake|p2a: Alomomola
|-damage|p2a: Alomomola|50/100
|
|upkeep
|turn|26
|
|t:|1758955713
|-end|p1a: Iron Treads|Quark Drive|[silent]
|switch|p1a: Serperior|Serperior, M|100/100
|move|p2a: Alomomola|Wish|p2a: Alomomola
|
|upkeep
|turn|27
|
|t:|1758955718
|switch|p1a: Iron Treads|Iron Treads|100/100
|switch|p2a: Goodra|Goodra-Hisui, F, shiny|22/100
|-damage|p2a: Goodra|16/100|[from] Stealth Rock
|
|-heal|p2a: Goodra|89/100|[from] move: Wish|[wisher] Alomomola
|upkeep
|turn|28
|
|t:|1758955726
|switch|p2a: Alomomola|Alomomola, F, shiny|83/100
|move|p1a: Iron Treads|Earthquake|p2a: Alomomola
|-damage|p2a: Alomomola|59/100
|
|upkeep
|turn|29
|
|t:|1758955731
|move|p1a: Iron Treads|Earthquake|p2a: Alomomola
|-damage|p2a: Alomomola|32/100
|move|p2a: Alomomola|Flip Turn|p1a: Iron Treads
|-supereffective|p1a: Iron Treads
|-damage|p1a: Iron Treads|71/100
|l| shuinifengB
|
|t:|1758955738
|switch|p2a: Amoonguss|Amoonguss, F, shiny|100/100|[from] Flip Turn
|
|upkeep
|turn|30
|
|t:|1758955742
|move|p1a: Iron Treads|Ice Spinner|p2a: Amoonguss
|-supereffective|p2a: Amoonguss
|-damage|p2a: Amoonguss|68/100
|move|p2a: Amoonguss|Giga Drain|p1a: Iron Treads
|-damage|p1a: Iron Treads|41/100
|-heal|p2a: Amoonguss|79/100|[from] drain|[of] p1a: Iron Treads
|
|upkeep
|turn|31
|
|t:|1758955749
|switch|p2a: Alomomola|Alomomola, F, shiny|65/100
|move|p1a: Iron Treads|Ice Spinner|p2a: Alomomola
|-resisted|p2a: Alomomola
|-damage|p2a: Alomomola|59/100
|
|upkeep
|turn|32
|
|t:|1758955755
|-end|p1a: Iron Treads|Quark Drive|[silent]
|switch|p1a: Serperior|Serperior, M|100/100
|move|p2a: Alomomola|Flip Turn|p1a: Serperior
|-resisted|p1a: Serperior
|-damage|p1a: Serperior|91/100
|
|t:|1758955756
|switch|p2a: Dragapult|Dragapult, F, shiny|100/100|[from] Flip Turn
|-damage|p2a: Dragapult|88/100|[from] Stealth Rock
|
|upkeep
|turn|33
|
|t:|1758955763
|move|p2a: Dragapult|U-turn|p1a: Serperior
|-supereffective|p1a: Serperior
|-damage|p1a: Serperior|49/100
|
|t:|1758955765
|switch|p2a: Goodra|Goodra-Hisui, F, shiny|89/100|[from] U-turn
|-damage|p2a: Goodra|83/100|[from] Stealth Rock
|move|p1a: Serperior|Leaf Storm|p2a: Goodra
|-ability|p2a: Goodra|Sap Sipper|boost
|-boost|p2a: Goodra|atk|1
|
|upkeep
|turn|34
|
|t:|1758955773
|switch|p1a: Iron Treads|Iron Treads|41/100
|move|p2a: Goodra|Knock Off|p1a: Iron Treads
|-damage|p1a: Iron Treads|19/100
|
|upkeep
|turn|35
|
|t:|1758955778
|switch|p2a: Alomomola|Alomomola, F, shiny|92/100
|move|p1a: Iron Treads|Earthquake|p2a: Alomomola
|-damage|p2a: Alomomola|69/100
|
|upkeep
|turn|36
|
|t:|1758955783
|move|p1a: Iron Treads|Earthquake|p2a: Alomomola
|-damage|p2a: Alomomola|44/100
|move|p2a: Alomomola|Flip Turn|p1a: Iron Treads
|-supereffective|p1a: Iron Treads
|-damage|p1a: Iron Treads|0 fnt
|faint|p1a: Iron Treads
|-end|p1a: Iron Treads|Quark Drive|[silent]
|
|t:|1758955786
|switch|p2a: Dragapult|Dragapult, F, shiny|88/100|[from] Flip Turn
|-damage|p2a: Dragapult|76/100|[from] Stealth Rock
|
|upkeep
|
|t:|1758955793
|switch|p1a: Iron Moth|Iron Moth|46/100
|turn|37
|
|t:|1758955796
|-terastallize|p2a: Dragapult|Ghost
|move|p2a: Dragapult|Shadow Ball|p1a: Iron Moth
|-damage|p1a: Iron Moth|0 fnt
|faint|p1a: Iron Moth
|-end|p1a: Iron Moth|Quark Drive|[silent]
|
|upkeep
|
|t:|1758955802
|switch|p1a: Serperior|Serperior, M|49/100
|turn|38
|
|t:|1758955810
|move|p1a: Serperior|Endure|p1a: Serperior
|-singleturn|p1a: Serperior|move: Endure
|move|p2a: Dragapult|Shadow Ball|p1a: Serperior
|-activate|p1a: Serperior|move: Endure
|-damage|p1a: Serperior|1/100
|
|upkeep
|turn|39
|-enditem|p1a: Serperior|Custap Berry|[eat]
|-activate|p1a: Serperior|item: Custap Berry|[consumed]
|
|t:|1758955816
|move|p1a: Serperior|Leaf Storm|p2a: Dragapult
|-damage|p2a: Dragapult|14/100
|-boost|p1a: Serperior|spa|2
|move|p2a: Dragapult|Shadow Ball|p1a: Serperior
|-damage|p1a: Serperior|0 fnt
|faint|p1a: Serperior
|
|win|jojosworld
|raw|chaheed's rating: 1723 &rarr; <strong>1705</strong><br />(-18 for losing)
|raw|jojosworld's rating: 1757 &rarr; <strong>1775</strong><br />(+18 for winning)
|l|☆chaheed
|player|p1|
|l|☆jojosworld
|player|p2|
