|badge|p2|silver|gen9randombattle|30-6
|uhtml|medal-msg|<div class="broadcast-blue">Curious what those medals under the avatar are? PS now has Ladder Seasons! For more information, check out the <a href="https://www.smogon.com/forums/threads/3740067/">thread on Smogon.</a></div>
|j|☆right fully all go
|j|☆LordST
|t:|1758955170
|gametype|singles
|player|p1|right fully all go|giovanni|1095
|player|p2|LordST|#pu|1122
|gen|9
|tier|[Gen 9] OU
|rated|
|rule|HP Percentage Mod: HP is shown in percentages
|rule|Endless Battle Clause: Forcing endless battles is banned
|rule|Species Clause: Limit one of each Pokémon
|rule|OHKO Clause: OHKO moves are banned
|rule|Evasion Items Clause: Evasion items are banned
|rule|Evasion Moves Clause: Evasion moves are banned
|rule|Evasion Abilities Clause: Evasion abilities are banned
|rule|Sleep Moves Clause: Sleep-inducing moves are banned
|clearpoke
|poke|p1|Snorlax, F|
|poke|p1|Tauros, M|
|poke|p1|Jolteon, M|
|poke|p1|Rhydon, F|
|poke|p1|Exeggutor, M|
|poke|p1|Cloyster, F|
|poke|p2|Samurott-Hisui, M|
|poke|p2|Iron Treads|
|poke|p2|Iron Valiant|
|poke|p2|Volcanion|
|poke|p2|Gholdengo|
|poke|p2|Tornadus-Therian, M|
|teampreview
|inactive|Battle timer is ON: inactive players will automatically lose when time's up. (requested by right fully all go)
|
|t:|1758955189
|teamsize|p1|6
|teamsize|p2|6
|start
|switch|p1a: Cloyster|Cloyster, F|100/100
|switch|p2a: Iron Treads|Iron Treads|100/100
|-item|p2a: Iron Treads|Air Balloon
|turn|1
|
|t:|1758955210
|-end|p2a: Iron Treads|Quark Drive|[silent]
|switch|p2a: Samurott|Samurott-Hisui, M|100/100
|move|p1a: Cloyster|Shell Smash|p1a: Cloyster
|-unboost|p1a: Cloyster|def|1
|-unboost|p1a: Cloyster|spd|1
|-boost|p1a: Cloyster|atk|2
|-boost|p1a: Cloyster|spa|2
|-boost|p1a: Cloyster|spe|2
|
|upkeep
|turn|2
|
|t:|1758955220
|move|p1a: Cloyster|Rock Blast|p2a: Samurott
|-damage|p2a: Samurott|84/100
|-damage|p2a: Samurott|68/100
|-damage|p2a: Samurott|52/100
|-damage|p2a: Samurott|36/100
|-damage|p2a: Samurott|20/100
|-hitcount|p2a: Samurott|5
|move|p2a: Samurott|Ceaseless Edge|p1a: Cloyster
|-damage|p1a: Cloyster|41/100
|-sidestart|p1: right fully all go|Spikes
|
|upkeep
|turn|3
|
|t:|1758955233
|move|p2a: Samurott|Sucker Punch|p1a: Cloyster
|-damage|p1a: Cloyster|0 fnt
|faint|p1a: Cloyster
|
|upkeep
|
|t:|1758955238
|switch|p1a: Tauros|Tauros, M|100/100
|-damage|p1a: Tauros|88/100|[from] Spikes
|turn|4
|
|t:|1758955250
|move|p2a: Samurott|Sucker Punch|p1a: Tauros
|-damage|p1a: Tauros|50/100
|move|p1a: Tauros|Body Slam|p2a: Samurott
|-damage|p2a: Samurott|0 fnt
|faint|p2a: Samurott
|
|upkeep
|
|t:|1758955261
|switch|p2a: Tornadus|Tornadus-Therian, M|100/100
|turn|5
|
|t:|1758955265
|move|p2a: Tornadus|Bleakwind Storm|p1a: Tauros
|-damage|p1a: Tauros|0 fnt
|faint|p1a: Tauros
|
|upkeep
|
|t:|1758955271
|switch|p1a: Jolteon|Jolteon, M|100/100
|-damage|p1a: Jolteon|88/100|[from] Spikes
|turn|6
|
|t:|1758955277
|switch|p2a: Iron Treads|Iron Treads|100/100
|-item|p2a: Iron Treads|Air Balloon
|move|p1a: Jolteon|Substitute|p1a: Jolteon
|-start|p1a: Jolteon|Substitute
|-damage|p1a: Jolteon|64/100
|
|-status|p1a: Jolteon|brn|[from] item: Flame Orb
|upkeep
|turn|7
|
|t:|1758955289
|move|p1a: Jolteon|Calm Mind|p1a: Jolteon
|-boost|p1a: Jolteon|spa|1
|-boost|p1a: Jolteon|spd|1
|move|p2a: Iron Treads|Rapid Spin|p1a: Jolteon
|-end|p1a: Jolteon|Substitute
|-boost|p2a: Iron Treads|spe|1
|
|-damage|p1a: Jolteon|58/100 brn|[from] brn
|upkeep
|turn|8
|
|t:|1758955302
|-terastallize|p1a: Jolteon|Ice
|move|p1a: Jolteon|Tera Blast|p2a: Iron Treads|[anim] Tera Blast Ice
|-damage|p2a: Iron Treads|20/100
|-enditem|p2a: Iron Treads|Air Balloon
|move|p2a: Iron Treads|Earthquake|p1a: Jolteon
|-damage|p1a: Jolteon|0 fnt
|faint|p1a: Jolteon
|
|upkeep
|
|t:|1758955313
|switch|p1a: Snorlax|Snorlax, F|100/100
|-damage|p1a: Snorlax|88/100|[from] Spikes
|turn|9
|
|t:|1758955321
|move|p2a: Iron Treads|Earthquake|p1a: Snorlax
|-damage|p1a: Snorlax|46/100
|move|p1a: Snorlax|Curse|p1a: Snorlax
|-unboost|p1a: Snorlax|spe|1
|-boost|p1a: Snorlax|atk|1
|-boost|p1a: Snorlax|def|1
|
|upkeep
|turn|10
|
|t:|1758955329
|move|p2a: Iron Treads|Earthquake|p1a: Snorlax
|-damage|p1a: Snorlax|17/100
|move|p1a: Snorlax|Rest|p1a: Snorlax
|-status|p1a: Snorlax|slp|[from] move: Rest
|-heal|p1a: Snorlax|100/100 slp|[silent]
|-enditem|p1a: Snorlax|Chesto Berry|[eat]
|-curestatus|p1a: Snorlax|slp|[msg]
|
|upkeep
|turn|11
|
|t:|1758955342
|move|p2a: Iron Treads|Earthquake|p1a: Snorlax
|-damage|p1a: Snorlax|70/100
|move|p1a: Snorlax|Curse|p1a: Snorlax
|-unboost|p1a: Snorlax|spe|1
|-boost|p1a: Snorlax|atk|1
|-boost|p1a: Snorlax|def|1
|
|upkeep
|turn|12
|
|t:|1758955350
|-end|p2a: Iron Treads|Quark Drive|[silent]
|switch|p2a: Gholdengo|Gholdengo|100/100
|move|p1a: Snorlax|Recycle|p1a: Snorlax
|-item|p1a: Snorlax|Chesto Berry|[from] move: Recycle
|
|upkeep
|turn|13
|
|t:|1758955358
|move|p2a: Gholdengo|Trick|p1a: Snorlax
|-activate|p2a: Gholdengo|move: Trick|[of] p1a: Snorlax
|-item|p1a: Snorlax|Choice Scarf|[from] move: Trick
|-item|p2a: Gholdengo|Chesto Berry|[from] move: Trick
|move|p1a: Snorlax|Rest|p1a: Snorlax
|-status|p1a: Snorlax|slp|[from] move: Rest
|-heal|p1a: Snorlax|100/100 slp|[silent]
|
|upkeep
|turn|14
|-message|right fully all go forfeited.
|
|win|LordST
|raw|right fully all go's rating: 1095 &rarr; <strong>1073</strong><br />(-22 for losing)
|raw|LordST's rating: 1122 &rarr; <strong>1145</strong><br />(+23 for winning)
|l|☆right fully all go
|player|p1|
|l|☆LordST
|player|p2|
