|j|☆DavyDXebecc
|j|☆qaqkiller
|t:|1759036620
|gametype|singles
|player|p1|DavyDXebecc|169|1527
|player|p2|qaqkiller|maid|1620
|gen|9
|tier|[Gen 9] OU
|rated|
|rule|HP Percentage Mod: HP is shown in percentages
|rule|Endless Battle Clause: Forcing endless battles is banned
|rule|Species Clause: Limit one of each Pokémon
|rule|OHKO Clause: OHKO moves are banned
|rule|Evasion Items Clause: Evasion items are banned
|rule|Evasion Moves Clause: Evasion moves are banned
|rule|Evasion Abilities Clause: Evasion abilities are banned
|rule|Sleep Moves Clause: Sleep-inducing moves are banned
|clearpoke
|poke|p1|Gholdengo|
|poke|p1|Toxapex, F|
|poke|p1|Landorus-Therian, M|
|poke|p1|Mimikyu, M|
|poke|p1|Cinderace, F|
|poke|p1|Clefable, F|
|poke|p2|Kyurem|
|poke|p2|Zapdos|
|poke|p2|Kingambit, M|
|poke|p2|Slowking-Galar, M|
|poke|p2|Cinderace, M|
|poke|p2|Great Tusk|
|teampreview
|inactive|Battle timer is ON: inactive players will automatically lose when time's up. (requested by qaqkiller)
|
|t:|1759036635
|teamsize|p1|6
|teamsize|p2|6
|start
|switch|p1a: Gholdengo|Gholdengo|100/100
|switch|p2a: Kyurem|Kyurem, shiny|100/100
|-ability|p2a: Kyurem|Pressure
|turn|1
|
|t:|1759036645
|move|p1a: Gholdengo|Make It Rain|p2a: Kyurem
|-supereffective|p2a: Kyurem
|-damage|p2a: Kyurem|0 fnt
|-unboost|p1a: Gholdengo|spa|1
|faint|p2a: Kyurem
|
|upkeep
|
|t:|1759036657
|switch|p2a: Kingambit|Kingambit, M|100/100
|-activate|p2a: Kingambit|ability: Supreme Overlord
|-start|p2a: Kingambit|fallen1|[silent]
|-item|p2a: Kingambit|Air Balloon
|turn|2
|
|t:|1759036666
|switch|p1a: Landorus|Landorus-Therian, M|100/100
|-ability|p1a: Landorus|Intimidate|boost
|-unboost|p2a: Kingambit|atk|1
|move|p2a: Kingambit|Swords Dance|p2a: Kingambit
|-boost|p2a: Kingambit|atk|2
|
|upkeep
|turn|3
|
|t:|1759036679
|move|p1a: Landorus|Taunt|p2a: Kingambit
|-start|p2a: Kingambit|move: Taunt
|move|p2a: Kingambit|Kowtow Cleave|p1a: Landorus
|-damage|p1a: Landorus|27/100
|
|-heal|p1a: Landorus|33/100|[from] item: Leftovers
|upkeep
|turn|4
|
|t:|1759036688
|move|p2a: Kingambit|Sucker Punch||[still]
|-fail|p2a: Kingambit
|move|p1a: Landorus|Stealth Rock|p2a: Kingambit
|-sidestart|p2: qaqkiller|move: Stealth Rock
|
|-heal|p1a: Landorus|39/100|[from] item: Leftovers
|upkeep
|turn|5
|
|t:|1759036696
|switch|p1a: Toxapex|Toxapex, F|100/100
|move|p2a: Kingambit|Kowtow Cleave|p1a: Toxapex
|-damage|p1a: Toxapex|40/100
|
|-heal|p1a: Toxapex|46/100|[from] item: Leftovers
|-end|p2a: Kingambit|move: Taunt
|upkeep
|turn|6
|
|t:|1759036707
|move|p2a: Kingambit|Kowtow Cleave|p1a: Toxapex
|-damage|p1a: Toxapex|0 fnt
|faint|p1a: Toxapex
|
|upkeep
|
|t:|1759036712
|switch|p1a: Gholdengo|Gholdengo|100/100
|turn|7
|
|t:|1759036716
|-terastallize|p1a: Gholdengo|Fighting
|move|p2a: Kingambit|Sucker Punch|p1a: Gholdengo
|-resisted|p1a: Gholdengo
|-damage|p1a: Gholdengo|64/100
|move|p1a: Gholdengo|Tera Blast|p2a: Kingambit|[anim] Tera Blast Fighting
|-supereffective|p2a: Kingambit
|-damage|p2a: Kingambit|0 fnt
|-enditem|p2a: Kingambit|Air Balloon
|faint|p2a: Kingambit
|-end|p2a: Kingambit|fallen1|[silent]
|
|upkeep
|
|t:|1759036735
|switch|p2a: Slowking|Slowking-Galar, M|100/100
|turn|8
|
|t:|1759036744
|switch|p1a: Cinderace|Cinderace, F|100/100
|move|p2a: Slowking|Future Sight|p1a: Cinderace
|-start|p2a: Slowking|move: Future Sight
|
|upkeep
|turn|9
|
|t:|1759036750
|move|p1a: Cinderace|Pyro Ball|p2a: Slowking
|-damage|p2a: Slowking|42/100
|move|p2a: Slowking|Thunder Wave|p1a: Cinderace
|-status|p1a: Cinderace|par
|
|upkeep
|turn|10
|
|t:|1759036760
|switch|p2a: Great Tusk|Great Tusk, shiny|100/100
|-damage|p2a: Great Tusk|98/100|[from] Stealth Rock
|move|p1a: Cinderace|Pyro Ball|p2a: Great Tusk
|-damage|p2a: Great Tusk|54/100
|-status|p2a: Great Tusk|brn
|
|-end|p1a: Cinderace|move: Future Sight
|-damage|p1a: Cinderace|39/100 par
|-damage|p2a: Great Tusk|48/100 brn|[from] brn
|upkeep
|turn|11
|
|t:|1759036778
|move|p2a: Great Tusk|Ice Spinner|p1a: Cinderace
|-resisted|p1a: Cinderace
|-damage|p1a: Cinderace|28/100 par
|move|p1a: Cinderace|Pyro Ball|p2a: Great Tusk
|-damage|p2a: Great Tusk|5/100 brn
|
|-damage|p2a: Great Tusk|0 fnt|[from] brn
|faint|p2a: Great Tusk
|-end|p2a: Great Tusk|Protosynthesis|[silent]
|upkeep
|
|t:|1759036783
|switch|p2a: Cinderace|Cinderace, M|100/100
|turn|12
|
|t:|1759036795
|move|p2a: Cinderace|Court Change|p2a: Cinderace
|-start|p2a: Cinderace|typechange|Normal|[from] ability: Libero
|-swapsideconditions
|-activate|p2a: Cinderace|move: Court Change
|move|p1a: Cinderace|U-turn|p2a: Cinderace
|-start|p1a: Cinderace|typechange|Bug|[from] ability: Libero
|-crit|p2a: Cinderace
|-damage|p2a: Cinderace|26/100
|
|t:|1759036814
|switch|p1a: Gholdengo|Gholdengo, tera:Fighting|64/100|[from] U-turn
|-damage|p1a: Gholdengo|58/100|[from] Stealth Rock
|
|upkeep
|turn|13
|
|t:|1759036823
|switch|p2a: Zapdos|Zapdos|100/100
|move|p1a: Gholdengo|Make It Rain|p2a: Zapdos
|-resisted|p2a: Zapdos
|-damage|p2a: Zapdos|72/100
|-unboost|p1a: Gholdengo|spa|1
|
|upkeep
|turn|14
|
|t:|1759036833
|switch|p1a: Cinderace|Cinderace, F|28/100 par
|move|p2a: Zapdos|Hurricane|p1a: Cinderace
|-damage|p1a: Cinderace|0 fnt
|faint|p1a: Cinderace
|
|upkeep
|
|t:|1759036844
|switch|p1a: Clefable|Clefable, F|100/100
|turn|15
|
|t:|1759036848
|move|p2a: Zapdos|Volt Switch|p1a: Clefable
|-damage|p1a: Clefable|71/100
|
|t:|1759036852
|switch|p2a: Slowking|Slowking-Galar, M|76/100|[from] Volt Switch
|move|p1a: Clefable|Ice Beam|p2a: Slowking
|-damage|p2a: Slowking|55/100
|-status|p2a: Slowking|frz
|
|upkeep
|turn|16
|
|t:|1759036860
|move|p1a: Clefable|Thunderbolt|p2a: Slowking
|-damage|p2a: Slowking|34/100 frz
|-curestatus|p2a: Slowking|frz|[msg]
|move|p2a: Slowking|Sludge Bomb|p1a: Clefable
|-supereffective|p1a: Clefable
|-damage|p1a: Clefable|8/100
|-status|p1a: Clefable|psn
|
|upkeep
|turn|17
|
|t:|1759036869
|move|p1a: Clefable|Thunderbolt|p2a: Slowking
|-damage|p2a: Slowking|13/100
|-prepare|p2a: Slowking|Chilly Reception|[premajor]
|move|p2a: Slowking|Chilly Reception|p2a: Slowking
|-weather|Snowscape
|
|t:|1759036875
|switch|p2a: Cinderace|Cinderace, M|26/100|[from] Chilly Reception
|
|-weather|Snowscape|[upkeep]
|upkeep
|turn|18
|
|t:|1759036881
|move|p2a: Cinderace|Pyro Ball|p1a: Clefable
|-crit|p1a: Clefable
|-damage|p1a: Clefable|0 fnt
|faint|p1a: Clefable
|
|-weather|Snowscape|[upkeep]
|upkeep
|
|t:|1759036887
|switch|p1a: Gholdengo|Gholdengo, tera:Fighting|58/100
|-damage|p1a: Gholdengo|52/100|[from] Stealth Rock
|turn|19
|
|t:|1759036899
|move|p1a: Gholdengo|Shadow Ball|p2a: Cinderace
|-damage|p2a: Cinderace|0 fnt
|faint|p2a: Cinderace
|
|-weather|Snowscape|[upkeep]
|upkeep
|
|t:|1759036902
|switch|p2a: Zapdos|Zapdos|72/100
|turn|20
|
|t:|1759036911
|move|p1a: Gholdengo|Shadow Ball|p2a: Zapdos
|-damage|p2a: Zapdos|32/100
|move|p2a: Zapdos|Roost|p2a: Zapdos
|-heal|p2a: Zapdos|82/100
|-singleturn|p2a: Zapdos|move: Roost
|
|-weather|Snowscape|[upkeep]
|upkeep
|turn|21
|
|t:|1759036920
|move|p1a: Gholdengo|Shadow Ball|p2a: Zapdos
|-damage|p2a: Zapdos|39/100
|move|p2a: Zapdos|Hurricane|p1a: Gholdengo
|-supereffective|p1a: Gholdengo
|-damage|p1a: Gholdengo|0 fnt
|faint|p1a: Gholdengo
|
|-weather|none
|upkeep
|
|t:|1759036930
|switch|p1a: Mimikyu|Mimikyu, M|100/100
|-damage|p1a: Mimikyu|88/100|[from] Stealth Rock
|turn|22
|
|t:|1759036937
|move|p1a: Mimikyu|Swords Dance|p1a: Mimikyu
|-boost|p1a: Mimikyu|atk|2
|move|p2a: Zapdos|Roost|p2a: Zapdos
|-heal|p2a: Zapdos|90/100
|-singleturn|p2a: Zapdos|move: Roost
|
|upkeep
|turn|23
|
|t:|1759036949
|-terastallize|p2a: Zapdos|Steel
|move|p1a: Mimikyu|Swords Dance|p1a: Mimikyu
|-boost|p1a: Mimikyu|atk|2
|move|p2a: Zapdos|Volt Switch|p1a: Mimikyu
|-activate|p1a: Mimikyu|ability: Disguise
|-damage|p1a: Mimikyu|88/100
|detailschange|p1a: Mimikyu|Mimikyu-Busted, M
|-damage|p1a: Mimikyu|76/100|[from] pokemon: Mimikyu-Busted
|
|t:|1759036952
|switch|p2a: Slowking|Slowking-Galar, M|46/100|[from] Volt Switch
|
|upkeep
|turn|24
|
|t:|1759036963
|move|p1a: Mimikyu|Shadow Claw|p2a: Slowking
|-supereffective|p2a: Slowking
|-damage|p2a: Slowking|0 fnt
|faint|p2a: Slowking
|-damage|p1a: Mimikyu|66/100|[from] item: Life Orb
|
|upkeep
|
|t:|1759036965
|switch|p2a: Zapdos|Zapdos, tera:Steel|90/100
|turn|25
|
|t:|1759036972
|move|p1a: Mimikyu|Shadow Claw|p2a: Zapdos
|-damage|p2a: Zapdos|15/100
|-status|p1a: Mimikyu|par|[from] ability: Static|[of] p2a: Zapdos
|-damage|p1a: Mimikyu|56/100 par|[from] item: Life Orb
|move|p2a: Zapdos|Volt Switch|p1a: Mimikyu
|-damage|p1a: Mimikyu|21/100 par
|
|upkeep
|turn|26
|
|t:|1759036981
|move|p1a: Mimikyu|Shadow Sneak|p2a: Zapdos
|-damage|p2a: Zapdos|0 fnt
|faint|p2a: Zapdos
|-damage|p1a: Mimikyu|11/100 par|[from] item: Life Orb
|
|win|DavyDXebecc
|raw|DavyDXebecc's rating: 1527 &rarr; <strong>1552</strong><br />(+25 for winning)
|raw|qaqkiller's rating: 1620 &rarr; <strong>1595</strong><br />(-25 for losing)
|l|☆qaqkiller
|player|p2|
|l|☆DavyDXebecc
|player|p1|
