|j|☆sparky599
|j|☆subway sniffers
|t:|1758930962
|gametype|singles
|player|p1|sparky599|emmet|1087
|player|p2|subway sniffers|unknown|1056
|gen|9
|tier|[Gen 9] OU
|rated|
|rule|HP Percentage Mod: HP is shown in percentages
|rule|Endless Battle Clause: Forcing endless battles is banned
|rule|Species Clause: Limit one of each Pokémon
|rule|OHKO Clause: OHKO moves are banned
|rule|Evasion Items Clause: Evasion items are banned
|rule|Evasion Moves Clause: Evasion moves are banned
|rule|Evasion Abilities Clause: Evasion abilities are banned
|rule|Sleep Moves Clause: Sleep-inducing moves are banned
|clearpoke
|poke|p1|Deoxys-Speed|
|poke|p1|Ogerpon-Wellspring, F|
|poke|p1|Kyurem|
|poke|p1|Iron Moth|
|poke|p1|Iron Valiant|
|poke|p1|Landorus-Therian, M|
|poke|p2|Gardevoir, M|
|poke|p2|Latios, M|
|poke|p2|Greninja-*, F|
|teampreview
|inactive|Battle timer is ON: inactive players will automatically lose when time's up. (requested by subway sniffers)
|inactive|sparky599 also wants the timer to be on.
|c|☆sparky599|why only three?
|
|t:|1758930980
|teamsize|p1|6
|teamsize|p2|3
|start
|switch|p1a: Landorus|Landorus-Therian, M|100/100
|switch|p2a: the one|Latios, M, shiny|100/100
|-ability|p1a: Landorus|Intimidate|boost
|-unboost|p2a: the one|atk|1
|turn|1
|c|☆subway sniffers|couldnt think of anyone else
|
|t:|1758930996
|move|p2a: the one|Simple Beam|p1a: Landorus
|-ability|p1a: Landorus|Simple|Intimidate|[from] move: Simple Beam
|move|p1a: Landorus|Stealth Rock|p2a: the one
|-sidestart|p2: subway sniffers|move: Stealth Rock
|
|upkeep
|turn|2
|
|t:|1758931005
|switch|p2a: support|Gardevoir, M|100/100
|-damage|p2a: support|88/100|[from] Stealth Rock
|-ability|p2a: support|Simple|Trace|[from] ability: Trace|[of] p1a: Landorus
|move|p1a: Landorus|U-turn|p2a: support
|-damage|p2a: support|40/100
|
|t:|1758931015
|switch|p1a: Deoxys|Deoxys-Speed|100/100|[from] U-turn
|-ability|p1a: Deoxys|Pressure
|
|upkeep
|turn|3
|
|t:|1758931027
|move|p1a: Deoxys|Nasty Plot|p1a: Deoxys
|-boost|p1a: Deoxys|spa|2
|move|p2a: support|Calm Mind|p2a: support
|-boost|p2a: support|spa|2
|-boost|p2a: support|spd|2
|
|upkeep
|turn|4
|c|☆sparky599|oh i get it now
|inactive|subway sniffers has 120 seconds left.
|
|t:|1758931060
|-terastallize|p2a: support|Steel
|move|p1a: Deoxys|Dark Pulse|p2a: support
|-damage|p2a: support|16/100
|-enditem|p2a: support|Salac Berry|[eat]
|-boost|p2a: support|spe|2|[from] item: Salac Berry
|cant|p2a: support|flinch
|
|upkeep
|turn|5
|inactive|subway sniffers has 120 seconds left.
|
|t:|1758931072
|move|p2a: support|Draining Kiss|p1a: Deoxys
|-damage|p1a: Deoxys|23/100
|-heal|p2a: support|67/100|[from] drain|[of] p1a: Deoxys
|move|p1a: Deoxys|Tera Blast|p2a: support
|-resisted|p2a: support
|-damage|p2a: support|55/100
|
|upkeep
|turn|6
|
|t:|1758931081
|-terastallize|p1a: Deoxys|Fighting
|move|p2a: support|Calm Mind|p2a: support
|-boost|p2a: support|spa|2
|-boost|p2a: support|spd|2
|move|p1a: Deoxys|Tera Blast|p2a: support|[anim] Tera Blast Fighting
|-supereffective|p2a: support
|-damage|p2a: support|3/100
|
|upkeep
|turn|7
|
|t:|1758931090
|move|p2a: support|Draining Kiss|p1a: Deoxys
|-supereffective|p1a: Deoxys
|-damage|p1a: Deoxys|0 fnt
|-heal|p2a: support|17/100|[from] drain|[of] p1a: Deoxys
|faint|p1a: Deoxys
|
|upkeep
|
|t:|1758931093
|switch|p1a: Landorus|Landorus-Therian, M|100/100
|-ability|p1a: Landorus|Intimidate|boost
|-unboost|p2a: support|atk|2
|turn|8
|
|t:|1758931099
|move|p2a: support|Stored Power|p1a: Landorus
|-damage|p1a: Landorus|0 fnt
|faint|p1a: Landorus
|
|upkeep
|
|t:|1758931105
|switch|p1a: Iron Valiant|Iron Valiant|100/100
|-enditem|p1a: Iron Valiant|Booster Energy
|-activate|p1a: Iron Valiant|ability: Quark Drive|[fromitem]
|-start|p1a: Iron Valiant|quarkdrivespe
|turn|9
|
|t:|1758931125
|move|p2a: support|Draining Kiss|p1a: Iron Valiant
|-supereffective|p1a: Iron Valiant
|-damage|p1a: Iron Valiant|0 fnt
|-heal|p2a: support|96/100|[from] drain|[of] p1a: Iron Valiant
|faint|p1a: Iron Valiant
|-end|p1a: Iron Valiant|Quark Drive|[silent]
|
|upkeep
|
|t:|1758931131
|switch|p1a: Kyurem|Kyurem|100/100
|-ability|p1a: Kyurem|Pressure
|turn|10
|
|t:|1758931142
|move|p2a: support|Draining Kiss|p1a: Kyurem
|-supereffective|p1a: Kyurem
|-damage|p1a: Kyurem|0 fnt
|-heal|p2a: support|100/100|[from] drain|[of] p1a: Kyurem
|faint|p1a: Kyurem
|
|upkeep
|c|☆sparky599|damn
|c|☆subway sniffers|gg
|c|☆sparky599|yeah gg
|c|☆subway sniffers|you like my strat
|c|☆sparky599|yeah it is cool
|c|☆sparky599|unexpected
|c|☆subway sniffers|greninja had roleplay (basically trace) and s dance w/ trailblaze
|inactive|sparky599 has 120 seconds left.
|-message|sparky599 forfeited.
|
|win|subway sniffers
|raw|sparky599's rating: 1087 &rarr; <strong>1062</strong><br />(-25 for losing)
|raw|subway sniffers's rating: 1056 &rarr; <strong>1090</strong><br />(+34 for winning)
|l|☆sparky599
|player|p1|
