|badge|p2|bronze|gen9ou|100-6
|badge|p2|bronze|gen9ru|100-6
|badge|p2|bronze|gen9uu|100-6
|html|<div class="broadcast-red"><strong>This battle is required to be public due to one or more player having a season medal.</strong><br />During the public phase, you can discuss the state of the ladder <a href="/seasondiscussion">in a special chatroom.</a></div>
|uhtml|medal-msg|<div class="broadcast-blue">Curious what those medals under the avatar are? PS now has Ladder Seasons! For more information, check out the <a href="https://www.smogon.com/forums/threads/3740067/">thread on Smogon.</a></div>
|raw|<div class="broadcast-blue"><strong>This battle is required to be public due to a player having a name starting with 'medal'.</div>
|j|☆mrbrazy
|j|☆SirPeanutCronch
|t:|1758987427
|gametype|singles
|player|p1|mrbrazy|pokemonbreederf-gen4|1787
|player|p2|SirPeanutCronch|#wcop2025africa|1899
|gen|9
|tier|[Gen 9] OU
|rated|
|rule|HP Percentage Mod: HP is shown in percentages
|rule|Endless Battle Clause: Forcing endless battles is banned
|rule|Species Clause: Limit one of each Pokémon
|rule|OHKO Clause: OHKO moves are banned
|rule|Evasion Items Clause: Evasion items are banned
|rule|Evasion Moves Clause: Evasion moves are banned
|rule|Evasion Abilities Clause: Evasion abilities are banned
|rule|Sleep Moves Clause: Sleep-inducing moves are banned
|clearpoke
|poke|p1|Kyurem|
|poke|p1|Slowking-Galar, F|
|poke|p1|Landorus-Therian, M|
|poke|p1|Great Tusk|
|poke|p1|Samurott-Hisui, F|
|poke|p1|Kingambit, F|
|poke|p2|Ting-Lu|
|poke|p2|Gliscor, M|
|poke|p2|Sinistcha-Masterpiece|
|poke|p2|Keldeo|
|poke|p2|Tinkaton, F|
|poke|p2|Dragonite, M|
|teampreview
|inactive|Battle timer is ON: inactive players will automatically lose when time's up. (requested by SirPeanutCronch)
|j| djw69
|j| dsvdv
|inactive|mrbrazy has 120 seconds left.
|l| djw69
|inactive|mrbrazy has 90 seconds left.
|
|t:|1758987499
|teamsize|p1|6
|teamsize|p2|6
|start
|switch|p1a: Landorus|Landorus-Therian, M|100/100
|switch|p2a: My Little Pwny|Keldeo|100/100
|-ability|p1a: Landorus|Intimidate|boost
|-unboost|p2a: My Little Pwny|atk|1
|turn|1
|
|t:|1758987511
|move|p1a: Landorus|U-turn|p2a: My Little Pwny
|-resisted|p2a: My Little Pwny
|-damage|p2a: My Little Pwny|84/100
|
|t:|1758987513
|switch|p1a: Slowking|Slowking-Galar, F|100/100|[from] U-turn
|move|p2a: My Little Pwny|Flip Turn|p1a: Slowking
|-damage|p1a: Slowking|91/100
|
|t:|1758987517
|switch|p2a: Jarhead|Ting-Lu|100/100|[from] Flip Turn
|-ability|p2a: Jarhead|Vessel of Ruin
|
|-heal|p1a: Slowking|97/100|[from] item: Black Sludge
|upkeep
|turn|2
|
|t:|1758987525
|switch|p1a: Kyurem|Kyurem, shiny|100/100
|-ability|p1a: Kyurem|Pressure
|move|p2a: Jarhead|Earthquake|p1a: Kyurem
|-damage|p1a: Kyurem|62/100
|
|upkeep
|turn|3
|
|t:|1758987531
|switch|p2a: Tinkki Minaj|Tinkaton, F|100/100
|-ability|p2a: Tinkki Minaj|Mold Breaker
|-item|p2a: Tinkki Minaj|Air Balloon
|move|p1a: Kyurem|Ice Beam|p2a: Tinkki Minaj
|-resisted|p2a: Tinkki Minaj
|-damage|p2a: Tinkki Minaj|68/100
|-enditem|p2a: Tinkki Minaj|Air Balloon
|
|upkeep
|turn|4
|
|t:|1758987535
|switch|p1a: Great Tusk|Great Tusk, shiny|100/100
|move|p2a: Tinkki Minaj|Stealth Rock|p1a: Great Tusk
|-sidestart|p1: mrbrazy|move: Stealth Rock
|
|upkeep
|turn|5
|
|t:|1758987545
|move|p2a: Tinkki Minaj|Encore||[still]
|-fail|p2a: Tinkki Minaj
|move|p1a: Great Tusk|Ice Spinner|p2a: Tinkki Minaj
|-resisted|p2a: Tinkki Minaj
|-damage|p2a: Tinkki Minaj|52/100
|
|upkeep
|turn|6
|
|t:|1758987554
|move|p2a: Tinkki Minaj|Encore|p1a: Great Tusk
|-start|p1a: Great Tusk|Encore
|move|p1a: Great Tusk|Ice Spinner|p2a: Tinkki Minaj
|-resisted|p2a: Tinkki Minaj
|-damage|p2a: Tinkki Minaj|37/100
|
|upkeep
|turn|7
|
|t:|1758987563
|move|p2a: Tinkki Minaj|Gigaton Hammer|p1a: Great Tusk
|-damage|p1a: Great Tusk|69/100
|move|p1a: Great Tusk|Ice Spinner|p2a: Tinkki Minaj
|-resisted|p2a: Tinkki Minaj
|-crit|p2a: Tinkki Minaj
|-damage|p2a: Tinkki Minaj|12/100
|
|upkeep
|turn|8
|
|t:|1758987566
|switch|p2a: My Little Pwny|Keldeo|84/100
|move|p1a: Great Tusk|Ice Spinner|p2a: My Little Pwny
|-resisted|p2a: My Little Pwny
|-damage|p2a: My Little Pwny|67/100
|
|-end|p1a: Great Tusk|Encore
|upkeep
|turn|9
|
|t:|1758987571
|-end|p1a: Great Tusk|Protosynthesis|[silent]
|switch|p1a: Slowking|Slowking-Galar, F|100/100
|-damage|p1a: Slowking|88/100|[from] Stealth Rock
|move|p2a: My Little Pwny|Flip Turn|p1a: Slowking
|-damage|p1a: Slowking|75/100
|
|t:|1758987573
|switch|p2a: Jarhead|Ting-Lu|100/100|[from] Flip Turn
|-ability|p2a: Jarhead|Vessel of Ruin
|
|-heal|p1a: Slowking|81/100|[from] item: Black Sludge
|upkeep
|turn|10
|
|t:|1758987581
|switch|p1a: Great Tusk|Great Tusk, shiny|69/100
|-damage|p1a: Great Tusk|66/100|[from] Stealth Rock
|move|p2a: Jarhead|Spikes|p1a: Great Tusk
|-sidestart|p1: mrbrazy|Spikes
|
|upkeep
|turn|11
|
|t:|1758987595
|switch|p2a: Tchavis Scott|Sinistcha-Masterpiece|100/100
|move|p1a: Great Tusk|Ice Spinner|p2a: Tchavis Scott
|-supereffective|p2a: Tchavis Scott
|-damage|p2a: Tchavis Scott|59/100
|
|upkeep
|turn|12
|
|t:|1758987600
|-end|p1a: Great Tusk|Protosynthesis|[silent]
|switch|p1a: Slowking|Slowking-Galar, F|100/100
|-damage|p1a: Slowking|88/100|[from] Stealth Rock
|-damage|p1a: Slowking|76/100|[from] Spikes
|move|p2a: Tchavis Scott|Strength Sap|p1a: Slowking
|-unboost|p1a: Slowking|atk|1
|-heal|p2a: Tchavis Scott|98/100
|
|-heal|p1a: Slowking|82/100|[from] item: Black Sludge
|upkeep
|turn|13
|
|t:|1758987608
|switch|p2a: Jarhead|Ting-Lu|100/100
|-ability|p2a: Jarhead|Vessel of Ruin
|-prepare|p1a: Slowking|Chilly Reception|[premajor]
|move|p1a: Slowking|Chilly Reception|p1a: Slowking
|-weather|Snowscape
|
|t:|1758987610
|switch|p1a: Samurott|Samurott-Hisui, F, shiny|100/100|[from] Chilly Reception
|-damage|p1a: Samurott|88/100|[from] Stealth Rock
|-damage|p1a: Samurott|75/100|[from] Spikes
|
|-weather|Snowscape|[upkeep]
|upkeep
|turn|14
|
|t:|1758987614
|move|p1a: Samurott|Knock Off|p2a: Jarhead
|-resisted|p2a: Jarhead
|-damage|p2a: Jarhead|89/100
|-enditem|p2a: Jarhead|Leftovers|[from] move: Knock Off|[of] p1a: Samurott
|move|p2a: Jarhead|Earthquake|p1a: Samurott
|-damage|p1a: Samurott|35/100
|
|-weather|Snowscape|[upkeep]
|upkeep
|turn|15
|
|t:|1758987619
|move|p1a: Samurott|Flip Turn|p2a: Jarhead
|-supereffective|p2a: Jarhead
|-damage|p2a: Jarhead|62/100
|
|t:|1758987622
|switch|p1a: Great Tusk|Great Tusk, shiny|66/100|[from] Flip Turn
|-damage|p1a: Great Tusk|63/100|[from] Stealth Rock
|-damage|p1a: Great Tusk|50/100|[from] Spikes
|move|p2a: Jarhead|Earthquake|p1a: Great Tusk
|-damage|p1a: Great Tusk|25/100
|
|-weather|Snowscape|[upkeep]
|upkeep
|turn|16
|
|t:|1758987629
|switch|p2a: Tchavis Scott|Sinistcha-Masterpiece|98/100
|move|p1a: Great Tusk|Stealth Rock|p2a: Tchavis Scott
|-sidestart|p2: SirPeanutCronch|move: Stealth Rock
|
|-weather|Snowscape|[upkeep]
|upkeep
|turn|17
|
|t:|1758987635
|-end|p1a: Great Tusk|Protosynthesis|[silent]
|switch|p1a: Slowking|Slowking-Galar, F|100/100
|-damage|p1a: Slowking|88/100|[from] Stealth Rock
|-damage|p1a: Slowking|76/100|[from] Spikes
|move|p2a: Tchavis Scott|Shadow Ball|p1a: Slowking
|-supereffective|p1a: Slowking
|-damage|p1a: Slowking|32/100
|
|-weather|none
|-heal|p1a: Slowking|39/100|[from] item: Black Sludge
|upkeep
|turn|18
|
|t:|1758987642
|switch|p1a: Samurott|Samurott-Hisui, F, shiny|35/100
|-damage|p1a: Samurott|22/100|[from] Stealth Rock
|-damage|p1a: Samurott|10/100|[from] Spikes
|move|p2a: Tchavis Scott|Shadow Ball|p1a: Samurott
|-resisted|p1a: Samurott
|-damage|p1a: Samurott|0 fnt
|faint|p1a: Samurott
|
|upkeep
|
|t:|1758987650
|switch|p1a: Kyurem|Kyurem, shiny|62/100
|-damage|p1a: Kyurem|37/100|[from] Stealth Rock
|-damage|p1a: Kyurem|25/100|[from] Spikes
|-ability|p1a: Kyurem|Pressure
|turn|19
|
|t:|1758987653
|switch|p2a: Tinkki Minaj|Tinkaton, F|12/100
|-damage|p2a: Tinkki Minaj|6/100|[from] Stealth Rock
|-ability|p2a: Tinkki Minaj|Mold Breaker
|move|p1a: Kyurem|Ice Beam|p2a: Tinkki Minaj
|-resisted|p2a: Tinkki Minaj
|-damage|p2a: Tinkki Minaj|0 fnt
|faint|p2a: Tinkki Minaj
|
|upkeep
|
|t:|1758987659
|switch|p2a: Secret Service|Dragonite, M|100/100
|turn|20
|
|t:|1758987664
|switch|p1a: Great Tusk|Great Tusk, shiny|25/100
|-damage|p1a: Great Tusk|22/100|[from] Stealth Rock
|-damage|p1a: Great Tusk|10/100|[from] Spikes
|move|p2a: Secret Service|Extreme Speed|p1a: Great Tusk
|-damage|p1a: Great Tusk|0 fnt
|-damage|p2a: Secret Service|84/100|[from] item: Rocky Helmet|[of] p1a: Great Tusk
|faint|p1a: Great Tusk
|-end|p1a: Great Tusk|Protosynthesis|[silent]
|
|upkeep
|
|t:|1758987672
|switch|p1a: Landorus|Landorus-Therian, M|100/100
|-damage|p1a: Landorus|88/100|[from] Stealth Rock
|-ability|p1a: Landorus|Intimidate|boost
|-unboost|p2a: Secret Service|atk|1
|turn|21
|
|t:|1758987674
|move|p1a: Landorus|U-turn|p2a: Secret Service
|-resisted|p2a: Secret Service
|-damage|p2a: Secret Service|73/100
|
|t:|1758987678
|switch|p1a: Slowking|Slowking-Galar, F|72/100|[from] U-turn
|-damage|p1a: Slowking|59/100|[from] Stealth Rock
|-damage|p1a: Slowking|47/100|[from] Spikes
|move|p2a: Secret Service|Roost|p2a: Secret Service
|-heal|p2a: Secret Service|100/100
|-singleturn|p2a: Secret Service|move: Roost
|
|-heal|p1a: Slowking|53/100|[from] item: Black Sludge
|upkeep
|turn|22
|
|t:|1758987685
|move|p2a: Secret Service|Earthquake|p1a: Slowking
|-supereffective|p1a: Slowking
|-damage|p1a: Slowking|5/100
|-prepare|p1a: Slowking|Chilly Reception|[premajor]
|move|p1a: Slowking|Chilly Reception|p1a: Slowking
|-weather|Snowscape
|
|t:|1758987687
|switch|p1a: Landorus|Landorus-Therian, M|88/100|[from] Chilly Reception
|-damage|p1a: Landorus|76/100|[from] Stealth Rock
|-ability|p1a: Landorus|Intimidate|boost
|-unboost|p2a: Secret Service|atk|1
|
|-weather|Snowscape|[upkeep]
|upkeep
|turn|23
|
|t:|1758987691
|move|p1a: Landorus|Stone Edge|p2a: Secret Service
|-supereffective|p2a: Secret Service
|-damage|p2a: Secret Service|65/100
|move|p2a: Secret Service|Roost|p2a: Secret Service
|-heal|p2a: Secret Service|100/100
|-singleturn|p2a: Secret Service|move: Roost
|
|-weather|Snowscape|[upkeep]
|upkeep
|turn|24
|
|t:|1758987699
|switch|p2a: Dance Armstrong|Gliscor, M|100/100
|-damage|p2a: Dance Armstrong|88/100|[from] Stealth Rock
|move|p1a: Landorus|Stone Edge|p2a: Dance Armstrong
|-damage|p2a: Dance Armstrong|56/100
|
|-weather|Snowscape|[upkeep]
|-status|p2a: Dance Armstrong|tox|[from] item: Toxic Orb
|upkeep
|turn|25
|
|t:|1758987705
|switch|p1a: Kyurem|Kyurem, shiny|25/100
|-damage|p1a: Kyurem|0 fnt|[from] Stealth Rock
|faint|p1a: Kyurem
|move|p2a: Dance Armstrong|Protect||[still]
|-fail|p2a: Dance Armstrong
|
|-weather|Snowscape|[upkeep]
|-heal|p2a: Dance Armstrong|69/100 tox|[from] ability: Poison Heal
|upkeep
|
|t:|1758987713
|switch|p1a: Landorus|Landorus-Therian, M|76/100
|-damage|p1a: Landorus|64/100|[from] Stealth Rock
|-ability|p1a: Landorus|Intimidate|boost
|-unboost|p2a: Dance Armstrong|atk|1
|turn|26
|
|t:|1758987717
|move|p2a: Dance Armstrong|Protect|p2a: Dance Armstrong
|-singleturn|p2a: Dance Armstrong|Protect
|move|p1a: Landorus|Weather Ball|p2a: Dance Armstrong
|-activate|p2a: Dance Armstrong|move: Protect
|
|-weather|none
|-heal|p2a: Dance Armstrong|81/100 tox|[from] ability: Poison Heal
|upkeep
|turn|27
|
|t:|1758987719
|switch|p1a: Slowking|Slowking-Galar, F|39/100
|-damage|p1a: Slowking|26/100|[from] Stealth Rock
|-damage|p1a: Slowking|14/100|[from] Spikes
|move|p2a: Dance Armstrong|Swords Dance|p2a: Dance Armstrong
|-boost|p2a: Dance Armstrong|atk|2
|
|-heal|p1a: Slowking|20/100|[from] item: Black Sludge
|-heal|p2a: Dance Armstrong|94/100 tox|[from] ability: Poison Heal
|upkeep
|turn|28
|
|t:|1758987723
|move|p2a: Dance Armstrong|Knock Off|p1a: Slowking
|-supereffective|p1a: Slowking
|-damage|p1a: Slowking|0 fnt
|-enditem|p1a: Slowking|Black Sludge|[from] move: Knock Off|[of] p2a: Dance Armstrong
|faint|p1a: Slowking
|
|-heal|p2a: Dance Armstrong|100/100 tox|[from] ability: Poison Heal
|upkeep
|
|t:|1758987724
|switch|p1a: Landorus|Landorus-Therian, M|64/100
|-damage|p1a: Landorus|52/100|[from] Stealth Rock
|-ability|p1a: Landorus|Intimidate|boost
|-unboost|p2a: Dance Armstrong|atk|1
|turn|29
|
|t:|1758987727
|switch|p1a: Kingambit|Kingambit, F, shiny|100/100
|-damage|p1a: Kingambit|94/100|[from] Stealth Rock
|-damage|p1a: Kingambit|82/100|[from] Spikes
|-activate|p1a: Kingambit|ability: Supreme Overlord
|-start|p1a: Kingambit|fallen4|[silent]
|move|p2a: Dance Armstrong|Protect||[still]
|-fail|p2a: Dance Armstrong
|
|-heal|p1a: Kingambit|88/100|[from] item: Leftovers
|upkeep
|turn|30
|
|t:|1758987733
|switch|p2a: Secret Service|Dragonite, M|100/100
|-terastallize|p1a: Kingambit|Ghost
|move|p1a: Kingambit|Swords Dance|p1a: Kingambit
|-boost|p1a: Kingambit|atk|2
|
|-heal|p1a: Kingambit|94/100|[from] item: Leftovers
|upkeep
|turn|31
|
|t:|1758987739
|-end|p1a: Kingambit|fallen4|[silent]
|switch|p1a: Landorus|Landorus-Therian, M|52/100
|-damage|p1a: Landorus|39/100|[from] Stealth Rock
|-ability|p1a: Landorus|Intimidate|boost
|-unboost|p2a: Secret Service|atk|1
|move|p2a: Secret Service|Dragon Tail|p1a: Landorus|[miss]
|-miss|p2a: Secret Service|p1a: Landorus
|
|upkeep
|turn|32
|
|t:|1758987745
|switch|p2a: Dance Armstrong|Gliscor, M|100/100 tox
|-damage|p2a: Dance Armstrong|88/100 tox|[from] Stealth Rock
|move|p1a: Landorus|U-turn|p2a: Dance Armstrong
|-resisted|p2a: Dance Armstrong
|-damage|p2a: Dance Armstrong|78/100 tox
|
|t:|1758987746
|switch|p1a: Kingambit|Kingambit, F, shiny, tera:Ghost|94/100|[from] U-turn
|-damage|p1a: Kingambit|82/100|[from] Stealth Rock
|-damage|p1a: Kingambit|70/100|[from] Spikes
|-activate|p1a: Kingambit|ability: Supreme Overlord
|-start|p1a: Kingambit|fallen4|[silent]
|
|-heal|p1a: Kingambit|76/100|[from] item: Leftovers
|-heal|p2a: Dance Armstrong|90/100 tox|[from] ability: Poison Heal
|upkeep
|turn|33
|
|t:|1758987750
|move|p2a: Dance Armstrong|Knock Off|p1a: Kingambit
|-supereffective|p1a: Kingambit
|-damage|p1a: Kingambit|43/100
|-enditem|p1a: Kingambit|Leftovers|[from] move: Knock Off|[of] p2a: Dance Armstrong
|move|p1a: Kingambit|Swords Dance|p1a: Kingambit
|-boost|p1a: Kingambit|atk|2
|
|-heal|p2a: Dance Armstrong|100/100 tox|[from] ability: Poison Heal
|upkeep
|turn|34
|
|t:|1758987753
|move|p2a: Dance Armstrong|Knock Off|p1a: Kingambit
|-supereffective|p1a: Kingambit
|-damage|p1a: Kingambit|22/100
|move|p1a: Kingambit|Kowtow Cleave|p2a: Dance Armstrong
|-damage|p2a: Dance Armstrong|0 fnt
|faint|p2a: Dance Armstrong
|
|upkeep
|
|t:|1758987760
|switch|p2a: Secret Service|Dragonite, M|100/100
|turn|35
|
|t:|1758987768
|move|p2a: Secret Service|Earthquake|p1a: Kingambit
|-damage|p1a: Kingambit|0 fnt
|faint|p1a: Kingambit
|-end|p1a: Kingambit|fallen4|[silent]
|
|upkeep
|-message|mrbrazy forfeited.
|
|win|SirPeanutCronch
|raw|mrbrazy's rating: 1787 &rarr; <strong>1773</strong><br />(-14 for losing)
|raw|SirPeanutCronch's rating: 1899 &rarr; <strong>1913</strong><br />(+14 for winning)
|l|☆mrbrazy
|player|p1|
