|j|☆jibreel69
|j|☆crunktothewall
|t:|1758985222
|gametype|singles
|player|p1|jibreel69|2|1461
|player|p2|crunktothewall|101|1437
|gen|9
|tier|[Gen 9] OU
|rated|
|rule|HP Percentage Mod: HP is shown in percentages
|rule|Endless Battle Clause: Forcing endless battles is banned
|rule|Species Clause: Limit one of each Pokémon
|rule|OHKO Clause: OHKO moves are banned
|rule|Evasion Items Clause: Evasion items are banned
|rule|Evasion Moves Clause: Evasion moves are banned
|rule|Evasion Abilities Clause: Evasion abilities are banned
|rule|Sleep Moves Clause: Sleep-inducing moves are banned
|clearpoke
|poke|p1|Dragapult, F|
|poke|p1|Dragonite, F|
|poke|p1|Ting-Lu|
|poke|p1|Weezing-Galar, F|
|poke|p1|Iron Crown|
|poke|p1|Zapdos|
|poke|p2|Volcanion|
|poke|p2|Keldeo-Resolute|
|poke|p2|Samurott-Hisui, M|
|poke|p2|Corviknight, M|
|poke|p2|Fezandipiti, M|
|poke|p2|Mamoswine, M|
|teampreview
|
|t:|1758985238
|teamsize|p1|6
|teamsize|p2|6
|start
|switch|p1a: Zapdos|Zapdos|100/100
|switch|p2a: Keldeo|Keldeo-Resolute|100/100
|turn|1
|
|t:|1758985243
|switch|p2a: Mamoswine|Mamoswine, M|100/100
|move|p1a: Zapdos|Volt Switch|p2a: Mamoswine
|-immune|p2a: Mamoswine
|
|upkeep
|turn|2
|
|t:|1758985255
|move|p2a: Mamoswine|Stealth Rock|p1a: Zapdos
|-sidestart|p1: jibreel69|move: Stealth Rock
|move|p1a: Zapdos|Heat Wave|p2a: Mamoswine
|-supereffective|p2a: Mamoswine
|-damage|p2a: Mamoswine|55/100
|
|upkeep
|turn|3
|
|t:|1758985264
|switch|p2a: Fezandipiti|Fezandipiti, M|100/100
|move|p1a: Zapdos|Volt Switch|p2a: Fezandipiti
|-damage|p2a: Fezandipiti|82/100
|
|t:|1758985272
|switch|p1a: Iron Crown|Iron Crown|100/100|[from] Volt Switch
|-damage|p1a: Iron Crown|94/100|[from] Stealth Rock
|
|-heal|p2a: Fezandipiti|88/100|[from] item: Leftovers
|upkeep
|turn|4
|
|t:|1758985276
|switch|p2a: Corviknight|Corviknight, M|100/100
|-ability|p2a: Corviknight|Pressure
|move|p1a: Iron Crown|Volt Switch|p2a: Corviknight
|-supereffective|p2a: Corviknight
|-damage|p2a: Corviknight|31/100
|
|t:|1758985283
|-end|p1a: Iron Crown|Quark Drive|[silent]
|switch|p1a: Zapdos|Zapdos|100/100|[from] Volt Switch
|
|upkeep
|turn|5
|
|t:|1758985287
|switch|p2a: Fezandipiti|Fezandipiti, M|88/100
|move|p1a: Zapdos|Heat Wave|p2a: Fezandipiti
|-damage|p2a: Fezandipiti|70/100
|
|-heal|p2a: Fezandipiti|76/100|[from] item: Leftovers
|upkeep
|turn|6
|
|t:|1758985290
|move|p1a: Zapdos|Volt Switch|p2a: Fezandipiti
|-damage|p2a: Fezandipiti|55/100
|
|t:|1758985296
|switch|p1a: Iron Crown|Iron Crown|94/100|[from] Volt Switch
|-damage|p1a: Iron Crown|88/100|[from] Stealth Rock
|move|p2a: Fezandipiti|U-turn|p1a: Iron Crown
|-damage|p1a: Iron Crown|74/100
|
|t:|1758985305
|switch|p2a: Volcanion|Volcanion|100/100|[from] U-turn
|
|upkeep
|turn|7
|
|t:|1758985309
|move|p1a: Iron Crown|Volt Switch|p2a: Volcanion
|-supereffective|p2a: Volcanion
|-damage|p2a: Volcanion|33/100
|
|t:|1758985318
|-end|p1a: Iron Crown|Quark Drive|[silent]
|switch|p1a: Dragapult|Dragapult, F|100/100|[from] Volt Switch
|move|p2a: Volcanion|Steam Eruption|p1a: Dragapult
|-resisted|p1a: Dragapult
|-damage|p1a: Dragapult|53/100
|
|upkeep
|turn|8
|
|t:|1758985327
|switch|p2a: Fezandipiti|Fezandipiti, M|55/100
|move|p1a: Dragapult|Dragon Darts|p2a: Fezandipiti
|-immune|p2a: Fezandipiti
|
|-heal|p2a: Fezandipiti|61/100|[from] item: Leftovers
|upkeep
|turn|9
|
|t:|1758985331
|move|p1a: Dragapult|U-turn|p2a: Fezandipiti
|-resisted|p2a: Fezandipiti
|-damage|p2a: Fezandipiti|56/100
|
|t:|1758985334
|switch|p1a: Zapdos|Zapdos|100/100|[from] U-turn
|move|p2a: Fezandipiti|U-turn|p1a: Zapdos
|-resisted|p1a: Zapdos
|-damage|p1a: Zapdos|92/100
|-status|p2a: Fezandipiti|par|[from] ability: Static|[of] p1a: Zapdos
|
|t:|1758985340
|switch|p2a: Mamoswine|Mamoswine, M|55/100|[from] U-turn
|
|upkeep
|turn|10
|
|t:|1758985348
|move|p2a: Mamoswine|Icicle Crash|p1a: Zapdos
|-supereffective|p1a: Zapdos
|-damage|p1a: Zapdos|0 fnt
|faint|p1a: Zapdos
|
|upkeep
|
|t:|1758985355
|switch|p1a: Iron Crown|Iron Crown|74/100
|-damage|p1a: Iron Crown|68/100|[from] Stealth Rock
|turn|11
|
|t:|1758985358
|move|p2a: Mamoswine|Icicle Crash|p1a: Iron Crown
|-resisted|p1a: Iron Crown
|-damage|p1a: Iron Crown|45/100
|move|p1a: Iron Crown|Tachyon Cutter|p2a: Mamoswine
|-supereffective|p2a: Mamoswine
|-damage|p2a: Mamoswine|0 fnt
|faint|p2a: Mamoswine
|-hitcount|p2: Mamoswine|1
|
|upkeep
|
|t:|1758985363
|switch|p2a: Keldeo|Keldeo-Resolute|100/100
|turn|12
|
|t:|1758985372
|-end|p1a: Iron Crown|Quark Drive|[silent]
|switch|p1a: Dragapult|Dragapult, F|53/100
|move|p2a: Keldeo|Surf|p1a: Dragapult
|-resisted|p1a: Dragapult
|-damage|p1a: Dragapult|0 fnt
|faint|p1a: Dragapult
|
|upkeep
|
|t:|1758985381
|switch|p1a: Dragonite|Dragonite, F|100/100
|turn|13
|
|t:|1758985390
|switch|p2a: Corviknight|Corviknight, M|31/100
|-ability|p2a: Corviknight|Pressure
|switch|p1a: Iron Crown|Iron Crown|45/100
|-damage|p1a: Iron Crown|39/100|[from] Stealth Rock
|
|upkeep
|turn|14
|
|t:|1758985399
|switch|p2a: Volcanion|Volcanion|33/100
|move|p1a: Iron Crown|Volt Switch|p2a: Volcanion
|-supereffective|p2a: Volcanion
|-damage|p2a: Volcanion|0 fnt
|faint|p2a: Volcanion
|
|t:|1758985404
|-end|p1a: Iron Crown|Quark Drive|[silent]
|switch|p1a: Dragonite|Dragonite, F|100/100|[from] Volt Switch
|
|upkeep
|
|t:|1758985407
|switch|p2a: Fezandipiti|Fezandipiti, M|56/100 par
|turn|15
|
|t:|1758985412
|move|p1a: Dragonite|Earthquake|p2a: Fezandipiti
|-supereffective|p2a: Fezandipiti
|-damage|p2a: Fezandipiti|0 fnt
|faint|p2a: Fezandipiti
|
|upkeep
|
|t:|1758985416
|switch|p2a: Samurott|Samurott-Hisui, M|100/100
|turn|16
|
|t:|1758985422
|switch|p1a: Weezing|Weezing-Galar, F|100/100
|-ability|p1a: Weezing|Neutralizing Gas
|move|p2a: Samurott|Ceaseless Edge|p1a: Weezing
|-resisted|p1a: Weezing
|-damage|p1a: Weezing|92/100
|-sidestart|p1: jibreel69|Spikes
|
|upkeep
|turn|17
|
|t:|1758985428
|switch|p2a: Keldeo|Keldeo-Resolute|100/100
|move|p1a: Weezing|Defog|p2a: Keldeo
|-unboost|p2a: Keldeo|evasion|1
|-sideend|p1: jibreel69|Spikes|[from] move: Defog|[of] p1a: Weezing
|-sideend|p1: jibreel69|Stealth Rock|[from] move: Defog|[of] p1a: Weezing
|
|upkeep
|turn|18
|
|t:|1758985440
|-end|p1a: Weezing|ability: Neutralizing Gas
|switch|p1a: Dragonite|Dragonite, F|100/100
|move|p2a: Keldeo|Surf|p1a: Dragonite
|-resisted|p1a: Dragonite
|-damage|p1a: Dragonite|84/100
|
|upkeep
|turn|19
|
|t:|1758985449
|switch|p1a: Iron Crown|Iron Crown|39/100
|-terastallize|p2a: Keldeo|Water
|move|p2a: Keldeo|Surf|p1a: Iron Crown
|-damage|p1a: Iron Crown|0 fnt
|faint|p1a: Iron Crown
|-end|p1a: Iron Crown|Quark Drive|[silent]
|
|upkeep
|
|t:|1758985461
|switch|p1a: Dragonite|Dragonite, F|84/100
|turn|20
|
|t:|1758985474
|move|p2a: Keldeo|Surf|p1a: Dragonite
|-resisted|p1a: Dragonite
|-damage|p1a: Dragonite|40/100
|move|p1a: Dragonite|Dragon Dance|p1a: Dragonite
|-boost|p1a: Dragonite|atk|1
|-boost|p1a: Dragonite|spe|1
|
|upkeep
|turn|21
|
|t:|1758985478
|move|p1a: Dragonite|Roost|p1a: Dragonite
|-heal|p1a: Dragonite|90/100
|-singleturn|p1a: Dragonite|move: Roost
|move|p2a: Keldeo|Surf|p1a: Dragonite
|-resisted|p1a: Dragonite
|-damage|p1a: Dragonite|43/100
|
|upkeep
|turn|22
|
|t:|1758985486
|move|p1a: Dragonite|Roost|p1a: Dragonite
|-heal|p1a: Dragonite|93/100
|-singleturn|p1a: Dragonite|move: Roost
|move|p2a: Keldeo|Surf|p1a: Dragonite
|-resisted|p1a: Dragonite
|-damage|p1a: Dragonite|49/100
|
|upkeep
|turn|23
|
|t:|1758985492
|move|p1a: Dragonite|Roost|p1a: Dragonite
|-heal|p1a: Dragonite|99/100
|-singleturn|p1a: Dragonite|move: Roost
|move|p2a: Keldeo|Surf|p1a: Dragonite
|-resisted|p1a: Dragonite
|-damage|p1a: Dragonite|51/100
|
|upkeep
|turn|24
|
|t:|1758985495
|move|p1a: Dragonite|Roost|p1a: Dragonite
|-heal|p1a: Dragonite|100/100
|-singleturn|p1a: Dragonite|move: Roost
|move|p2a: Keldeo|Surf|p1a: Dragonite
|-resisted|p1a: Dragonite
|-crit|p1a: Dragonite
|-damage|p1a: Dragonite|65/100
|
|upkeep
|turn|25
|
|t:|1758985501
|move|p1a: Dragonite|Roost|p1a: Dragonite
|-heal|p1a: Dragonite|100/100
|-singleturn|p1a: Dragonite|move: Roost
|move|p2a: Keldeo|Surf|p1a: Dragonite
|-resisted|p1a: Dragonite
|-damage|p1a: Dragonite|76/100
|
|upkeep
|turn|26
|
|t:|1758985504
|move|p1a: Dragonite|Dragon Dance|p1a: Dragonite
|-boost|p1a: Dragonite|atk|1
|-boost|p1a: Dragonite|spe|1
|move|p2a: Keldeo|Surf|p1a: Dragonite
|-resisted|p1a: Dragonite
|-damage|p1a: Dragonite|30/100
|
|upkeep
|turn|27
|
|t:|1758985507
|-terastallize|p1a: Dragonite|Normal
|move|p1a: Dragonite|Extreme Speed|p2a: Keldeo
|-damage|p2a: Keldeo|0 fnt
|faint|p2a: Keldeo
|
|upkeep
|
|t:|1758985512
|switch|p2a: Samurott|Samurott-Hisui, M|100/100
|turn|28
|
|t:|1758985516
|move|p1a: Dragonite|Extreme Speed|p2a: Samurott
|-damage|p2a: Samurott|0 fnt
|faint|p2a: Samurott
|
|upkeep
|-message|crunktothewall forfeited.
|
|win|jibreel69
|raw|jibreel69's rating: 1461 &rarr; <strong>1480</strong><br />(+19 for winning)
|raw|crunktothewall's rating: 1437 &rarr; <strong>1418</strong><br />(-19 for losing)
|l|☆crunktothewall
|player|p2|
