|j|☆KleinerTriwi
|j|‽nekron010
|t:|1759078002
|gametype|singles
|player|p1|KleinerTriwi|li|1111
|player|p2|nekron010|hilbert-wonderlauncher|1138
|gen|9
|tier|[Gen 9] OU
|rated|
|rule|HP Percentage Mod: HP is shown in percentages
|rule|Endless Battle Clause: Forcing endless battles is banned
|rule|Species Clause: Limit one of each Pokémon
|rule|OHKO Clause: OHKO moves are banned
|rule|Evasion Items Clause: Evasion items are banned
|rule|Evasion Moves Clause: Evasion moves are banned
|rule|Evasion Abilities Clause: Evasion abilities are banned
|rule|Sleep Moves Clause: Sleep-inducing moves are banned
|clearpoke
|poke|p1|Araquanid, F|
|poke|p1|Alomomola, M|
|poke|p1|Meowscarada, M|
|poke|p1|Dragapult, F|
|poke|p1|Zapdos|
|poke|p1|Iron Treads|
|poke|p2|Ninetales, F|
|poke|p2|Victreebel, F|
|poke|p2|Venusaur, F|
|poke|p2|Espeon, F|
|poke|p2|Cloyster, F|
|poke|p2|Infernape, M|
|teampreview
|inactive|Battle timer is ON: inactive players will automatically lose when time's up. (requested by KleinerTriwi)
|inactive|nekron010 also wants the timer to be on.
|
|t:|1759078014
|teamsize|p1|6
|teamsize|p2|6
|start
|switch|p1a: Araquanid|Araquanid, F|100/100
|switch|p2a: Ninetales|Ninetales, F|100/100
|-weather|SunnyDay|[from] ability: Drought|[of] p2a: Ninetales
|-item|p2a: Ninetales|Air Balloon
|turn|1
|
|t:|1759078028
|switch|p2a: Venusaur|Venusaur, F|100/100
|move|p1a: Araquanid|Liquidation|p2a: Venusaur
|-resisted|p2a: Venusaur
|-damage|p2a: Venusaur|71/100
|-unboost|p2a: Venusaur|def|1
|
|-weather|SunnyDay|[upkeep]
|upkeep
|turn|2
|
|t:|1759078044
|switch|p1a: Zapdos|Zapdos|100/100
|-ability|p1a: Zapdos|Pressure
|move|p2a: Venusaur|Solar Beam||[still]
|-prepare|p2a: Venusaur|Solar Beam
|-anim|p2a: Venusaur|Solar Beam|p1a: Zapdos
|-resisted|p1a: Zapdos
|-damage|p1a: Zapdos|66/100
|-damage|p2a: Venusaur|61/100|[from] item: Life Orb
|
|-weather|SunnyDay|[upkeep]
|upkeep
|turn|3
|
|t:|1759078058
|move|p2a: Venusaur|Sludge Bomb|p1a: Zapdos
|-damage|p1a: Zapdos|8/100
|-damage|p2a: Venusaur|51/100|[from] item: Life Orb
|move|p1a: Zapdos|Hurricane|p2a: Venusaur
|-supereffective|p2a: Venusaur
|-damage|p2a: Venusaur|0 fnt
|faint|p2a: Venusaur
|
|-weather|SunnyDay|[upkeep]
|upkeep
|
|t:|1759078072
|switch|p2a: Victreebel|Victreebel, F|100/100
|turn|4
|
|t:|1759078078
|move|p2a: Victreebel|Sludge Bomb|p1a: Zapdos
|-damage|p1a: Zapdos|0 fnt
|faint|p1a: Zapdos
|-damage|p2a: Victreebel|91/100|[from] item: Life Orb
|
|-weather|SunnyDay|[upkeep]
|upkeep
|
|t:|1759078092
|switch|p1a: Dragapult|Dragapult, F|100/100
|turn|5
|
|t:|1759078097
|-terastallize|p1a: Dragapult|Dragon
|move|p2a: Victreebel|Solar Beam||[still]
|-prepare|p2a: Victreebel|Solar Beam
|-anim|p2a: Victreebel|Solar Beam|p1a: Dragapult
|-resisted|p1a: Dragapult
|-damage|p1a: Dragapult|57/100
|-damage|p2a: Victreebel|81/100|[from] item: Life Orb
|move|p1a: Dragapult|Draco Meteor|p2a: Victreebel|[miss]
|-miss|p1a: Dragapult|p2a: Victreebel
|
|-weather|none
|upkeep
|turn|6
|
|t:|1759078110
|move|p1a: Dragapult|Draco Meteor|p2a: Victreebel
|-crit|p2a: Victreebel
|-damage|p2a: Victreebel|0 fnt
|-unboost|p1a: Dragapult|spa|2
|faint|p2a: Victreebel
|
|upkeep
|
|t:|1759078117
|switch|p2a: Cloyster|Cloyster, F|100/100
|turn|7
|
|t:|1759078124
|switch|p1a: Alomomola|Alomomola, M|100/100
|move|p2a: Cloyster|Shell Smash|p2a: Cloyster
|-unboost|p2a: Cloyster|def|1
|-unboost|p2a: Cloyster|spd|1
|-boost|p2a: Cloyster|atk|2
|-boost|p2a: Cloyster|spa|2
|-boost|p2a: Cloyster|spe|2
|
|upkeep
|turn|8
|
|t:|1759078140
|move|p2a: Cloyster|Rock Blast|p1a: Alomomola
|-crit|p1a: Alomomola
|-damage|p1a: Alomomola|88/100
|-damage|p1a: Alomomola|80/100
|-damage|p1a: Alomomola|71/100
|-damage|p1a: Alomomola|63/100
|-damage|p1a: Alomomola|55/100
|-hitcount|p1a: Alomomola|5
|move|p1a: Alomomola|Wish|p1a: Alomomola
|
|-heal|p1a: Alomomola|61/100|[from] item: Leftovers
|upkeep
|turn|9
|
|t:|1759078159
|switch|p1a: Meowscarada|Meowscarada, M|100/100
|move|p2a: Cloyster|Icicle Spear|p1a: Meowscarada
|-supereffective|p1a: Meowscarada
|-damage|p1a: Meowscarada|22/100
|-supereffective|p1a: Meowscarada
|-damage|p1a: Meowscarada|0 fnt
|faint|p1a: Meowscarada
|-hitcount|p1: Meowscarada|2
|
|upkeep
|
|t:|1759078164
|switch|p1a: Araquanid|Araquanid, F|100/100
|turn|10
|
|t:|1759078174
|move|p2a: Cloyster|Rock Blast|p1a: Araquanid|[miss]
|-miss|p2a: Cloyster|p1a: Araquanid
|move|p1a: Araquanid|Poison Jab|p2a: Cloyster
|-damage|p2a: Cloyster|60/100
|
|upkeep
|turn|11
|
|t:|1759078181
|move|p2a: Cloyster|Rock Blast|p1a: Araquanid
|-supereffective|p1a: Araquanid
|-damage|p1a: Araquanid|66/100
|-supereffective|p1a: Araquanid
|-damage|p1a: Araquanid|32/100
|-supereffective|p1a: Araquanid
|-damage|p1a: Araquanid|0 fnt
|faint|p1a: Araquanid
|-hitcount|p1: Araquanid|3
|
|upkeep
|
|t:|1759078188
|switch|p1a: Dragapult|Dragapult, F, tera:Dragon|57/100
|turn|12
|
|t:|1759078191
|move|p2a: Cloyster|Icicle Spear|p1a: Dragapult
|-supereffective|p1a: Dragapult
|-damage|p1a: Dragapult|0 fnt
|faint|p1a: Dragapult
|-hitcount|p1: Dragapult|1
|
|upkeep
|-message|KleinerTriwi forfeited.
|
|win|nekron010
|raw|KleinerTriwi's rating: 1111 &rarr; <strong>1088</strong><br />(-23 for losing)
|raw|nekron010's rating: 1138 &rarr; <strong>1161</strong><br />(+23 for winning)
|l|☆KleinerTriwi
|player|p1|
|l|‽nekron010
|player|p2|
|j|‽nekron010
|player|p2|nekron010|hilbert-wonderlauncher|
|n|‽nekron010|nekron010
|l|‽nekron010
|player|p2|
