|j|☆shoebat
|j|☆redcolorcap
|t:|1759041278
|gametype|singles
|player|p1|shoebat|sage|1432
|player|p2|redcolorcap|gentleman|1398
|gen|9
|tier|[Gen 9] OU
|rated|
|rule|HP Percentage Mod: HP is shown in percentages
|rule|Endless Battle Clause: Forcing endless battles is banned
|rule|Species Clause: Limit one of each Pokémon
|rule|OHKO Clause: OHKO moves are banned
|rule|Evasion Items Clause: Evasion items are banned
|rule|Evasion Moves Clause: Evasion moves are banned
|rule|Evasion Abilities Clause: Evasion abilities are banned
|rule|Sleep Moves Clause: Sleep-inducing moves are banned
|clearpoke
|poke|p1|Skarmory, F|
|poke|p1|Ting-Lu|
|poke|p1|Zamazenta-*|
|poke|p1|Pecharunt|
|poke|p1|Clefable, F|
|poke|p1|Walking Wake|
|poke|p2|Infernape, M|
|poke|p2|Slowking, F|
|poke|p2|Dragapult, M|
|poke|p2|Samurott-Hisui, F|
|poke|p2|Gholdengo|
|poke|p2|Landorus-Therian, M|
|teampreview
|inactive|Battle timer is ON: inactive players will automatically lose when time's up. (requested by shoebat)
|inactive|redcolorcap also wants the timer to be on.
|
|t:|1759041289
|teamsize|p1|6
|teamsize|p2|6
|start
|switch|p1a: Clefable|Clefable, F|100/100
|switch|p2a: Samurott|Samurott-Hisui, F|100/100
|turn|1
|
|t:|1759041303
|switch|p2a: Gholdengo|Gholdengo|100/100
|move|p1a: Clefable|Knock Off|p2a: Gholdengo
|-supereffective|p2a: Gholdengo
|-damage|p2a: Gholdengo|82/100
|-enditem|p2a: Gholdengo|Leftovers|[from] move: Knock Off|[of] p1a: Clefable
|
|upkeep
|turn|2
|
|t:|1759041313
|switch|p1a: Ting-Lu|Ting-Lu|100/100
|-ability|p1a: Ting-Lu|Vessel of Ruin
|move|p2a: Gholdengo|Nasty Plot|p2a: Gholdengo
|-boost|p2a: Gholdengo|spa|2
|
|upkeep
|turn|3
|
|t:|1759041329
|move|p2a: Gholdengo|Thunder Wave|p1a: Ting-Lu
|-immune|p1a: Ting-Lu
|move|p1a: Ting-Lu|Earthquake|p2a: Gholdengo
|-supereffective|p2a: Gholdengo
|-damage|p2a: Gholdengo|31/100
|
|upkeep
|turn|4
|
|t:|1759041339
|switch|p2a: Landorus|Landorus-Therian, M|100/100
|-ability|p2a: Landorus|Intimidate|boost
|-unboost|p1a: Ting-Lu|atk|1
|move|p1a: Ting-Lu|Earthquake|p2a: Landorus
|-immune|p2a: Landorus
|
|upkeep
|turn|5
|
|t:|1759041344
|switch|p1a: Skarmory|Skarmory, F|100/100
|move|p2a: Landorus|U-turn|p1a: Skarmory
|-resisted|p1a: Skarmory
|-damage|p1a: Skarmory|97/100
|-damage|p2a: Landorus|84/100|[from] item: Rocky Helmet|[of] p1a: Skarmory
|
|t:|1759041367
|switch|p2a: Gholdengo|Gholdengo|31/100|[from] U-turn
|
|upkeep
|turn|6
|
|t:|1759041372
|switch|p1a: Ting-Lu|Ting-Lu|100/100
|-ability|p1a: Ting-Lu|Vessel of Ruin
|move|p2a: Gholdengo|Recover|p2a: Gholdengo
|-heal|p2a: Gholdengo|81/100
|
|upkeep
|turn|7
|
|t:|1759041378
|switch|p2a: Landorus|Landorus-Therian, M|84/100
|-ability|p2a: Landorus|Intimidate|boost
|-unboost|p1a: Ting-Lu|atk|1
|move|p1a: Ting-Lu|Stealth Rock|p2a: Landorus
|-sidestart|p2: redcolorcap|move: Stealth Rock
|
|upkeep
|turn|8
|
|t:|1759041385
|switch|p1a: Clefable|Clefable, F|100/100
|move|p2a: Landorus|Stealth Rock|p1a: Clefable
|-sidestart|p1: shoebat|move: Stealth Rock
|
|upkeep
|turn|9
|
|t:|1759041391
|move|p2a: Landorus|Earthquake|p1a: Clefable
|-damage|p1a: Clefable|59/100
|move|p1a: Clefable|Calm Mind|p1a: Clefable
|-boost|p1a: Clefable|spa|1
|-boost|p1a: Clefable|spd|1
|
|-heal|p1a: Clefable|65/100|[from] item: Leftovers
|upkeep
|turn|10
|
|t:|1759041396
|move|p2a: Landorus|Earthquake|p1a: Clefable
|-damage|p1a: Clefable|26/100
|move|p1a: Clefable|Moonblast|p2a: Landorus
|-damage|p2a: Landorus|36/100
|
|-heal|p1a: Clefable|32/100|[from] item: Leftovers
|upkeep
|turn|11
|
|t:|1759041404
|switch|p1a: Skarmory|Skarmory, F|97/100
|-damage|p1a: Skarmory|84/100|[from] Stealth Rock
|move|p2a: Landorus|U-turn|p1a: Skarmory
|-resisted|p1a: Skarmory
|-damage|p1a: Skarmory|80/100
|-damage|p2a: Landorus|19/100|[from] item: Rocky Helmet|[of] p1a: Skarmory
|
|t:|1759041424
|switch|p2a: Infernape|Infernape, M, shiny|100/100|[from] U-turn
|-damage|p2a: Infernape|88/100|[from] Stealth Rock
|
|upkeep
|turn|12
|
|t:|1759041434
|switch|p1a: Pecharunt|Pecharunt|100/100
|move|p2a: Infernape|Fire Blast|p1a: Pecharunt
|-damage|p1a: Pecharunt|45/100
|-damage|p2a: Infernape|78/100|[from] item: Life Orb
|
|upkeep
|turn|13
|
|t:|1759041444
|move|p2a: Infernape|Fire Blast|p1a: Pecharunt
|-damage|p1a: Pecharunt|0 fnt
|faint|p1a: Pecharunt
|-damage|p2a: Infernape|68/100|[from] item: Life Orb
|
|upkeep
|
|t:|1759041447
|switch|p1a: Walking Wake|Walking Wake|100/100
|turn|14
|
|t:|1759041475
|switch|p2a: Gholdengo|Gholdengo|81/100
|-damage|p2a: Gholdengo|75/100|[from] Stealth Rock
|move|p1a: Walking Wake|Surf|p2a: Gholdengo
|-damage|p2a: Gholdengo|31/100
|
|upkeep
|turn|15
|
|t:|1759041482
|move|p1a: Walking Wake|Surf|p2a: Gholdengo
|-damage|p2a: Gholdengo|0 fnt
|faint|p2a: Gholdengo
|
|upkeep
|
|t:|1759041487
|switch|p2a: Dragapult|Dragapult, M|100/100
|-damage|p2a: Dragapult|88/100|[from] Stealth Rock
|turn|16
|
|t:|1759041496
|-end|p1a: Walking Wake|Protosynthesis|[silent]
|switch|p1a: Ting-Lu|Ting-Lu|100/100
|-damage|p1a: Ting-Lu|94/100|[from] Stealth Rock
|-ability|p1a: Ting-Lu|Vessel of Ruin
|move|p2a: Dragapult|Shadow Ball|p1a: Ting-Lu
|-resisted|p1a: Ting-Lu
|-damage|p1a: Ting-Lu|84/100
|
|-heal|p1a: Ting-Lu|91/100|[from] item: Leftovers
|upkeep
|turn|17
|
|t:|1759041504
|switch|p2a: Landorus|Landorus-Therian, M|19/100
|-damage|p2a: Landorus|7/100|[from] Stealth Rock
|-ability|p2a: Landorus|Intimidate|boost
|-unboost|p1a: Ting-Lu|atk|1
|move|p1a: Ting-Lu|Whirlwind|p2a: Landorus
|drag|p2a: Samurott|Samurott-Hisui, F|100/100
|-damage|p2a: Samurott|88/100|[from] Stealth Rock
|
|-heal|p1a: Ting-Lu|97/100|[from] item: Leftovers
|upkeep
|turn|18
|
|t:|1759041525
|switch|p1a: Skarmory|Skarmory, F|80/100
|-damage|p1a: Skarmory|68/100|[from] Stealth Rock
|move|p2a: Samurott|Ceaseless Edge|p1a: Skarmory
|-damage|p1a: Skarmory|41/100
|-damage|p2a: Samurott|72/100|[from] item: Rocky Helmet|[of] p1a: Skarmory
|-sidestart|p1: shoebat|Spikes
|
|upkeep
|turn|19
|
|t:|1759041539
|-terastallize|p2a: Samurott|Ghost
|move|p2a: Samurott|Ceaseless Edge|p1a: Skarmory
|-damage|p1a: Skarmory|16/100
|-damage|p2a: Samurott|55/100|[from] item: Rocky Helmet|[of] p1a: Skarmory
|-sidestart|p1: shoebat|Spikes
|move|p1a: Skarmory|Roost|p1a: Skarmory
|-heal|p1a: Skarmory|67/100
|-singleturn|p1a: Skarmory|move: Roost
|
|upkeep
|turn|20
|
|t:|1759041553
|move|p2a: Samurott|Ceaseless Edge|p1a: Skarmory
|-damage|p1a: Skarmory|41/100
|-damage|p2a: Samurott|39/100|[from] item: Rocky Helmet|[of] p1a: Skarmory
|-sidestart|p1: shoebat|Spikes
|move|p1a: Skarmory|Whirlwind|p2a: Samurott
|drag|p2a: Slowking|Slowking, F|100/100
|
|upkeep
|turn|21
|
|t:|1759041562
|move|p1a: Skarmory|Roost|p1a: Skarmory
|-heal|p1a: Skarmory|91/100
|-singleturn|p1a: Skarmory|move: Roost
|move|p2a: Slowking|Future Sight|p1a: Skarmory
|-start|p2a: Slowking|move: Future Sight
|
|upkeep
|turn|22
|
|t:|1759041568
|-prepare|p2a: Slowking|Chilly Reception|[premajor]
|move|p2a: Slowking|Chilly Reception|p2a: Slowking
|-weather|Snowscape
|
|t:|1759041572
|switch|p2a: Landorus|Landorus-Therian, M|7/100|[from] Chilly Reception
|-damage|p2a: Landorus|0 fnt|[from] Stealth Rock
|faint|p2a: Landorus
|move|p1a: Skarmory|Whirlwind|p2: Landorus|[notarget]
|-fail|p1a: Skarmory
|
|-weather|Snowscape|[upkeep]
|upkeep
|
|t:|1759041580
|switch|p2a: Infernape|Infernape, M, shiny|68/100
|-damage|p2a: Infernape|56/100|[from] Stealth Rock
|turn|23
|
|t:|1759041593
|switch|p1a: Ting-Lu|Ting-Lu|97/100
|-damage|p1a: Ting-Lu|91/100|[from] Stealth Rock
|-damage|p1a: Ting-Lu|66/100|[from] Spikes
|-ability|p1a: Ting-Lu|Vessel of Ruin
|move|p2a: Infernape|Fire Blast|p1a: Ting-Lu
|-damage|p1a: Ting-Lu|43/100
|-damage|p2a: Infernape|46/100|[from] item: Life Orb
|
|-weather|Snowscape|[upkeep]
|-end|p1a: Ting-Lu|move: Future Sight
|-immune|p1a: Ting-Lu
|-heal|p1a: Ting-Lu|49/100|[from] item: Leftovers
|upkeep
|turn|24
|
|t:|1759041609
|move|p2a: Infernape|Close Combat|p1a: Ting-Lu
|-supereffective|p1a: Ting-Lu
|-damage|p1a: Ting-Lu|0 fnt
|-unboost|p2a: Infernape|def|1
|-unboost|p2a: Infernape|spd|1
|faint|p1a: Ting-Lu
|-damage|p2a: Infernape|36/100|[from] item: Life Orb
|
|-weather|Snowscape|[upkeep]
|upkeep
|
|t:|1759041614
|switch|p1a: Walking Wake|Walking Wake|100/100
|turn|25
|
|t:|1759041626
|switch|p2a: Slowking|Slowking, F|100/100
|move|p1a: Walking Wake|Surf|p2a: Slowking
|-resisted|p2a: Slowking
|-damage|p2a: Slowking|85/100
|
|-weather|Snowscape|[upkeep]
|upkeep
|turn|26
|
|t:|1759041631
|move|p1a: Walking Wake|Knock Off|p2a: Slowking
|-supereffective|p2a: Slowking
|-damage|p2a: Slowking|51/100
|-enditem|p2a: Slowking|Heavy-Duty Boots|[from] move: Knock Off|[of] p1a: Walking Wake
|move|p2a: Slowking|Future Sight|p1a: Walking Wake
|-start|p2a: Slowking|move: Future Sight
|
|-weather|none
|upkeep
|turn|27
|
|t:|1759041640
|move|p1a: Walking Wake|Draco Meteor|p2a: Slowking
|-damage|p2a: Slowking|7/100
|-unboost|p1a: Walking Wake|spa|2
|move|p2a: Slowking|Slack Off|p2a: Slowking
|-heal|p2a: Slowking|57/100
|
|upkeep
|turn|28
|
|t:|1759041648
|-end|p1a: Walking Wake|Protosynthesis|[silent]
|switch|p1a: Skarmory|Skarmory, F|91/100
|-damage|p1a: Skarmory|79/100|[from] Stealth Rock
|-prepare|p2a: Slowking|Chilly Reception|[premajor]
|move|p2a: Slowking|Chilly Reception|p2a: Slowking
|-weather|Snowscape
|
|t:|1759041651
|switch|p2a: Infernape|Infernape, M, shiny|36/100|[from] Chilly Reception
|-damage|p2a: Infernape|24/100|[from] Stealth Rock
|
|-weather|Snowscape|[upkeep]
|-end|p1a: Skarmory|move: Future Sight
|-resisted|p1a: Skarmory
|-damage|p1a: Skarmory|52/100
|upkeep
|turn|29
|
|t:|1759041668
|move|p2a: Infernape|Close Combat|p1a: Skarmory
|-damage|p1a: Skarmory|16/100
|-unboost|p2a: Infernape|def|1
|-unboost|p2a: Infernape|spd|1
|-damage|p2a: Infernape|8/100|[from] item: Rocky Helmet|[of] p1a: Skarmory
|-damage|p2a: Infernape|0 fnt|[from] item: Life Orb
|faint|p2a: Infernape
|move|p1a: Skarmory|Roost|p1a: Skarmory
|-heal|p1a: Skarmory|66/100
|-singleturn|p1a: Skarmory|move: Roost
|
|-weather|Snowscape|[upkeep]
|upkeep
|
|t:|1759041680
|switch|p2a: Dragapult|Dragapult, M|88/100
|-damage|p2a: Dragapult|76/100|[from] Stealth Rock
|turn|30
|
|t:|1759041689
|move|p2a: Dragapult|Flamethrower|p1a: Skarmory
|-supereffective|p1a: Skarmory
|-damage|p1a: Skarmory|0 fnt
|faint|p1a: Skarmory
|
|-weather|Snowscape|[upkeep]
|upkeep
|
|t:|1759041694
|switch|p1a: Walking Wake|Walking Wake|100/100
|turn|31
|
|t:|1759041701
|switch|p2a: Samurott|Samurott-Hisui, F, tera:Ghost|39/100
|-damage|p2a: Samurott|26/100|[from] Stealth Rock
|move|p1a: Walking Wake|Knock Off|p2a: Samurott
|-supereffective|p2a: Samurott
|-damage|p2a: Samurott|0 fnt
|-enditem|p2a: Samurott|Focus Sash|[from] move: Knock Off|[of] p1a: Walking Wake
|faint|p2a: Samurott
|
|-weather|Snowscape|[upkeep]
|upkeep
|
|t:|1759041707
|switch|p2a: Dragapult|Dragapult, M|76/100
|-damage|p2a: Dragapult|64/100|[from] Stealth Rock
|turn|32
|
|t:|1759041718
|move|p2a: Dragapult|Draco Meteor|p1a: Walking Wake|[miss]
|-miss|p2a: Dragapult|p1a: Walking Wake
|move|p1a: Walking Wake|Draco Meteor|p2a: Dragapult
|-supereffective|p2a: Dragapult
|-damage|p2a: Dragapult|0 fnt
|-unboost|p1a: Walking Wake|spa|2
|faint|p2a: Dragapult
|
|-weather|none
|upkeep
|c|☆redcolorcap|？？？
|
|t:|1759041727
|switch|p2a: Slowking|Slowking, F|90/100
|-damage|p2a: Slowking|78/100|[from] Stealth Rock
|turn|33
|c|☆shoebat|🚶‍♀️
|c|☆redcolorcap|what？
|c|☆redcolorcap|gg
|c|☆shoebat|u wouldn't get it
|c|☆shoebat|gg
|inactive|shoebat has 120 seconds left.
|-message|redcolorcap forfeited.
|
|win|shoebat
|raw|shoebat's rating: 1432 &rarr; <strong>1450</strong><br />(+18 for winning)
|raw|redcolorcap's rating: 1398 &rarr; <strong>1380</strong><br />(-18 for losing)
|l|☆redcolorcap
|player|p2|
|l|☆shoebat
|player|p1|
