|j|☆macaronauxcitrons
|j|☆simmons of ben
|t:|1759061522
|gametype|singles
|player|p1|macaronauxcitrons|drayden|1557
|player|p2|simmons of ben|169|1552
|gen|9
|tier|[Gen 9] OU
|rated|
|rule|HP Percentage Mod: HP is shown in percentages
|rule|Endless Battle Clause: Forcing endless battles is banned
|rule|Species Clause: Limit one of each Pokémon
|rule|OHKO Clause: OHKO moves are banned
|rule|Evasion Items Clause: Evasion items are banned
|rule|Evasion Moves Clause: Evasion moves are banned
|rule|Evasion Abilities Clause: Evasion abilities are banned
|rule|Sleep Moves Clause: Sleep-inducing moves are banned
|clearpoke
|poke|p1|Landorus-Therian, M|
|poke|p1|Sinistcha|
|poke|p1|Tinkaton, F|
|poke|p1|Moltres|
|poke|p1|Samurott-Hisui, M|
|poke|p1|Hydreigon, M|
|poke|p2|Kyurem|
|poke|p2|Slowking-Galar, M|
|poke|p2|Great Tusk|
|poke|p2|Mandibuzz, F|
|poke|p2|Metagross|
|poke|p2|Samurott-Hisui, M|
|teampreview
|
|t:|1759061534
|teamsize|p1|6
|teamsize|p2|6
|start
|switch|p1a: Landorus|Landorus-Therian, M, shiny|100/100
|switch|p2a: Kyurem|Kyurem|100/100
|-ability|p1a: Landorus|Intimidate|boost
|-unboost|p2a: Kyurem|atk|1
|-ability|p2a: Kyurem|Pressure
|turn|1
|
|t:|1759061546
|switch|p1a: Tinkaton|Tinkaton, F, shiny|100/100
|-item|p1a: Tinkaton|Air Balloon
|move|p2a: Kyurem|Ice Beam|p1a: Tinkaton
|-resisted|p1a: Tinkaton
|-damage|p1a: Tinkaton|62/100
|-enditem|p1a: Tinkaton|Air Balloon
|
|upkeep
|turn|2
|
|t:|1759061559
|switch|p2a: Samurott|Samurott-Hisui, M|100/100
|move|p1a: Tinkaton|Knock Off|p2a: Samurott
|-resisted|p2a: Samurott
|-damage|p2a: Samurott|86/100
|-enditem|p2a: Samurott|Assault Vest|[from] move: Knock Off|[of] p1a: Tinkaton
|
|upkeep
|turn|3
|
|t:|1759061567
|switch|p1a: Moltres|Moltres, shiny|100/100
|move|p2a: Samurott|Ceaseless Edge|p1a: Moltres
|-damage|p1a: Moltres|62/100
|-sidestart|p1: macaronauxcitrons|Spikes
|
|upkeep
|turn|4
|
|t:|1759061575
|move|p2a: Samurott|Aqua Cutter|p1a: Moltres
|-supereffective|p1a: Moltres
|-damage|p1a: Moltres|0 fnt
|faint|p1a: Moltres
|
|upkeep
|
|t:|1759061582
|switch|p1a: Hydreigon|Hydreigon, M, shiny|100/100
|turn|5
|
|t:|1759061585
|move|p1a: Hydreigon|Draco Meteor|p2a: Samurott
|-damage|p2a: Samurott|0 fnt
|-unboost|p1a: Hydreigon|spa|2
|faint|p2a: Samurott
|
|upkeep
|
|t:|1759061604
|switch|p2a: Great Tusk|Great Tusk|100/100
|turn|6
|
|t:|1759061611
|move|p1a: Hydreigon|Draco Meteor|p2a: Great Tusk
|-damage|p2a: Great Tusk|32/100
|-unboost|p1a: Hydreigon|spa|2
|move|p2a: Great Tusk|Stealth Rock|p1a: Hydreigon
|-sidestart|p1: macaronauxcitrons|move: Stealth Rock
|
|-heal|p2a: Great Tusk|38/100|[from] item: Leftovers
|upkeep
|turn|7
|
|t:|1759061617
|-end|p2a: Great Tusk|Protosynthesis|[silent]
|switch|p2a: Metagross|Metagross|100/100
|move|p1a: Hydreigon|Draco Meteor|p2a: Metagross
|-resisted|p2a: Metagross
|-damage|p2a: Metagross|82/100
|-unboost|p1a: Hydreigon|spa|2
|
|upkeep
|turn|8
|
|t:|1759061622
|switch|p1a: Tinkaton|Tinkaton, F, shiny|62/100
|-damage|p1a: Tinkaton|50/100|[from] Spikes
|-damage|p1a: Tinkaton|44/100|[from] Stealth Rock
|move|p2a: Metagross|Heavy Slam|p1a: Tinkaton
|-damage|p1a: Tinkaton|0 fnt
|faint|p1a: Tinkaton
|
|upkeep
|
|t:|1759061630
|switch|p1a: Hydreigon|Hydreigon, M, shiny|100/100
|-damage|p1a: Hydreigon|88/100|[from] Stealth Rock
|turn|9
|
|t:|1759061635
|switch|p2a: Great Tusk|Great Tusk|38/100
|move|p1a: Hydreigon|Dark Pulse|p2a: Great Tusk
|-resisted|p2a: Great Tusk
|-damage|p2a: Great Tusk|0 fnt
|faint|p2a: Great Tusk
|-end|p2a: Great Tusk|Protosynthesis|[silent]
|
|upkeep
|
|t:|1759061639
|switch|p2a: Mandibuzz|Mandibuzz, F|100/100
|turn|10
|
|t:|1759061645
|switch|p1a: Samurott|Samurott-Hisui, M, shiny|100/100
|move|p2a: Mandibuzz|Toxic|p1a: Samurott|[miss]
|-miss|p2a: Mandibuzz|p1a: Samurott
|
|upkeep
|turn|11
|
|t:|1759061650
|move|p1a: Samurott|Ceaseless Edge|p2a: Mandibuzz
|-resisted|p2a: Mandibuzz
|-crit|p2a: Mandibuzz
|-damage|p2a: Mandibuzz|81/100
|-sidestart|p2: simmons of ben|Spikes
|move|p2a: Mandibuzz|Toxic|p1a: Samurott
|-status|p1a: Samurott|tox
|
|-damage|p1a: Samurott|94/100 tox|[from] psn
|upkeep
|turn|12
|
|t:|1759061656
|move|p1a: Samurott|Ceaseless Edge|p2a: Mandibuzz
|-resisted|p2a: Mandibuzz
|-damage|p2a: Mandibuzz|67/100
|-sidestart|p2: simmons of ben|Spikes
|move|p2a: Mandibuzz|Foul Play|p1a: Samurott
|-resisted|p1a: Samurott
|-damage|p1a: Samurott|63/100 tox
|
|-damage|p1a: Samurott|51/100 tox|[from] psn
|upkeep
|turn|13
|
|t:|1759061665
|move|p1a: Samurott|Ceaseless Edge|p2a: Mandibuzz
|-resisted|p2a: Mandibuzz
|-damage|p2a: Mandibuzz|54/100
|-sidestart|p2: simmons of ben|Spikes
|move|p2a: Mandibuzz|Roost|p2a: Mandibuzz
|-heal|p2a: Mandibuzz|100/100
|-singleturn|p2a: Mandibuzz|move: Roost
|
|-damage|p1a: Samurott|32/100 tox|[from] psn
|upkeep
|turn|14
|
|t:|1759061676
|switch|p1a: Hydreigon|Hydreigon, M, shiny|88/100
|-damage|p1a: Hydreigon|76/100|[from] Stealth Rock
|move|p2a: Mandibuzz|Toxic|p1a: Hydreigon
|-status|p1a: Hydreigon|tox
|
|-damage|p1a: Hydreigon|70/100 tox|[from] psn
|upkeep
|turn|15
|
|t:|1759061685
|switch|p2a: Slowking|Slowking-Galar, M|100/100
|move|p1a: Hydreigon|Draco Meteor|p2a: Slowking
|-damage|p2a: Slowking|47/100
|-unboost|p1a: Hydreigon|spa|2
|
|-damage|p1a: Hydreigon|57/100 tox|[from] psn
|upkeep
|turn|16
|
|t:|1759061695
|switch|p1a: Landorus|Landorus-Therian, M, shiny|100/100
|-damage|p1a: Landorus|88/100|[from] Stealth Rock
|-ability|p1a: Landorus|Intimidate|boost
|-unboost|p2a: Slowking|atk|1
|move|p2a: Slowking|Sludge Bomb|p1a: Landorus
|-resisted|p1a: Landorus
|-damage|p1a: Landorus|64/100
|
|upkeep
|turn|17
|
|t:|1759061705
|switch|p2a: Mandibuzz|Mandibuzz, F|100/100
|move|p1a: Landorus|Stone Edge|p2a: Mandibuzz
|-supereffective|p2a: Mandibuzz
|-damage|p2a: Mandibuzz|59/100
|
|upkeep
|turn|18
|
|t:|1759061718
|switch|p1a: Hydreigon|Hydreigon, M, shiny|57/100 tox
|-damage|p1a: Hydreigon|45/100 tox|[from] Stealth Rock
|move|p2a: Mandibuzz|Defog|p1a: Hydreigon
|-unboost|p1a: Hydreigon|evasion|1
|-sideend|p1: macaronauxcitrons|Spikes|[from] move: Defog|[of] p2a: Mandibuzz
|-sideend|p1: macaronauxcitrons|Stealth Rock|[from] move: Defog|[of] p2a: Mandibuzz
|-sideend|p2: simmons of ben|Spikes|[from] move: Defog|[of] p2a: Mandibuzz
|
|-damage|p1a: Hydreigon|39/100 tox|[from] psn
|upkeep
|turn|19
|
|t:|1759061726
|move|p1a: Hydreigon|Draco Meteor|p2a: Mandibuzz|[miss]
|-miss|p1a: Hydreigon|p2a: Mandibuzz
|move|p2a: Mandibuzz|Roost|p2a: Mandibuzz
|-heal|p2a: Mandibuzz|100/100
|-singleturn|p2a: Mandibuzz|move: Roost
|
|-damage|p1a: Hydreigon|27/100 tox|[from] psn
|upkeep
|turn|20
|
|t:|1759061732
|switch|p2a: Slowking|Slowking-Galar, M|80/100
|move|p1a: Hydreigon|Draco Meteor|p2a: Slowking
|-damage|p2a: Slowking|24/100
|-unboost|p1a: Hydreigon|spa|2
|
|-damage|p1a: Hydreigon|8/100 tox|[from] psn
|upkeep
|turn|21
|
|t:|1759061737
|switch|p2a: Metagross|Metagross|82/100
|move|p1a: Hydreigon|Draco Meteor|p2a: Metagross
|-resisted|p2a: Metagross
|-damage|p2a: Metagross|49/100
|-unboost|p1a: Hydreigon|spa|2
|
|-damage|p1a: Hydreigon|0 fnt|[from] psn
|faint|p1a: Hydreigon
|upkeep
|
|t:|1759061740
|switch|p1a: Samurott|Samurott-Hisui, M, shiny|32/100 tox
|turn|22
|
|t:|1759061745
|move|p2a: Metagross|Bullet Punch|p1a: Samurott
|-resisted|p1a: Samurott
|-damage|p1a: Samurott|9/100 tox
|move|p1a: Samurott|Ceaseless Edge|p2a: Metagross
|-supereffective|p2a: Metagross
|-damage|p2a: Metagross|0 fnt
|-sidestart|p2: simmons of ben|Spikes
|faint|p2a: Metagross
|
|-damage|p1a: Samurott|2/100 tox|[from] psn
|upkeep
|
|t:|1759061753
|switch|p2a: Mandibuzz|Mandibuzz, F|100/100
|turn|23
|
|t:|1759061757
|switch|p1a: Sinistcha|Sinistcha, shiny|100/100
|move|p2a: Mandibuzz|Defog|p1a: Sinistcha
|-unboost|p1a: Sinistcha|evasion|1
|-sideend|p2: simmons of ben|Spikes|[from] move: Defog|[of] p2a: Mandibuzz
|
|upkeep
|turn|24
|
|t:|1759061763
|-terastallize|p1a: Sinistcha|Poison
|move|p2a: Mandibuzz|Toxic|p1a: Sinistcha
|-immune|p1a: Sinistcha
|move|p1a: Sinistcha|Calm Mind|p1a: Sinistcha
|-boost|p1a: Sinistcha|spa|1
|-boost|p1a: Sinistcha|spd|1
|
|upkeep
|turn|25
|
|t:|1759061767
|switch|p2a: Slowking|Slowking-Galar, M|57/100
|move|p1a: Sinistcha|Calm Mind|p1a: Sinistcha
|-boost|p1a: Sinistcha|spa|1
|-boost|p1a: Sinistcha|spd|1
|
|upkeep
|turn|26
|
|t:|1759061770
|-terastallize|p2a: Slowking|Dark
|move|p1a: Sinistcha|Shadow Ball|p2a: Slowking
|-resisted|p2a: Slowking
|-damage|p2a: Slowking|38/100
|move|p2a: Slowking|Future Sight|p1a: Sinistcha
|-start|p2a: Slowking|move: Future Sight
|
|upkeep
|turn|27
|inactive|Battle timer is ON: inactive players will automatically lose when time's up. (requested by simmons of ben)
|
|t:|1759061778
|move|p1a: Sinistcha|Calm Mind|p1a: Sinistcha
|-boost|p1a: Sinistcha|spa|1
|-boost|p1a: Sinistcha|spd|1
|-prepare|p2a: Slowking|Chilly Reception|[premajor]
|move|p2a: Slowking|Chilly Reception|p2a: Slowking
|-weather|Snowscape
|
|t:|1759061782
|switch|p2a: Kyurem|Kyurem|100/100|[from] Chilly Reception
|-ability|p2a: Kyurem|Pressure
|
|-weather|Snowscape|[upkeep]
|upkeep
|turn|28
|
|t:|1759061785
|move|p2a: Kyurem|Ice Beam|p1a: Sinistcha
|-damage|p1a: Sinistcha|67/100
|move|p1a: Sinistcha|Strength Sap|p2a: Kyurem
|-unboost|p2a: Kyurem|atk|1
|-heal|p1a: Sinistcha|100/100
|
|-weather|Snowscape|[upkeep]
|-end|p1a: Sinistcha|move: Future Sight
|-supereffective|p1a: Sinistcha
|-damage|p1a: Sinistcha|57/100
|upkeep
|turn|29
|
|t:|1759061794
|move|p2a: Kyurem|Ice Beam|p1a: Sinistcha
|-damage|p1a: Sinistcha|21/100
|move|p1a: Sinistcha|Strength Sap|p2a: Kyurem
|-unboost|p2a: Kyurem|atk|1
|-heal|p1a: Sinistcha|67/100
|
|-weather|Snowscape|[upkeep]
|upkeep
|turn|30
|
|t:|1759061801
|move|p2a: Kyurem|Ice Beam|p1a: Sinistcha
|-damage|p1a: Sinistcha|31/100
|move|p1a: Sinistcha|Shadow Ball|p2a: Kyurem
|-damage|p2a: Kyurem|27/100
|
|-weather|Snowscape|[upkeep]
|upkeep
|turn|31
|
|t:|1759061805
|switch|p1a: Samurott|Samurott-Hisui, M, shiny|2/100 tox
|move|p2a: Kyurem|Ice Beam|p1a: Samurott
|-resisted|p1a: Samurott
|-damage|p1a: Samurott|0 fnt
|faint|p1a: Samurott
|
|-weather|none
|upkeep
|
|t:|1759061807
|switch|p1a: Landorus|Landorus-Therian, M, shiny|64/100
|-ability|p1a: Landorus|Intimidate|boost
|-unboost|p2a: Kyurem|atk|1
|turn|32
|
|t:|1759061810
|switch|p2a: Mandibuzz|Mandibuzz, F|100/100
|move|p1a: Landorus|Stone Edge|p2a: Mandibuzz
|-supereffective|p2a: Mandibuzz
|-damage|p2a: Mandibuzz|54/100
|
|upkeep
|turn|33
|
|t:|1759061819
|move|p1a: Landorus|Stone Edge|p2a: Mandibuzz
|-supereffective|p2a: Mandibuzz
|-crit|p2a: Mandibuzz
|-damage|p2a: Mandibuzz|0 fnt
|faint|p2a: Mandibuzz
|
|upkeep
|
|t:|1759061822
|switch|p2a: Slowking|Slowking-Galar, M, tera:Dark|72/100
|turn|34
|
|t:|1759061826
|switch|p1a: Sinistcha|Sinistcha, shiny, tera:Poison|31/100
|move|p2a: Slowking|Future Sight|p1a: Sinistcha
|-start|p2a: Slowking|move: Future Sight
|
|upkeep
|turn|35
|
|t:|1759061833
|move|p1a: Sinistcha|Strength Sap|p2a: Slowking
|-unboost|p2a: Slowking|atk|1
|-heal|p1a: Sinistcha|66/100
|-prepare|p2a: Slowking|Chilly Reception|[premajor]
|move|p2a: Slowking|Chilly Reception|p2a: Slowking
|-weather|Snowscape
|
|t:|1759061835
|switch|p2a: Kyurem|Kyurem|27/100|[from] Chilly Reception
|-ability|p2a: Kyurem|Pressure
|
|-weather|Snowscape|[upkeep]
|upkeep
|turn|36
|
|t:|1759061839
|move|p2a: Kyurem|Ice Beam|p1a: Sinistcha
|-damage|p1a: Sinistcha|0 fnt
|faint|p1a: Sinistcha
|
|-weather|Snowscape|[upkeep]
|-hint|Future Sight did not hit because the target is fainted.
|upkeep
|
|t:|1759061841
|switch|p1a: Landorus|Landorus-Therian, M, shiny|64/100
|-ability|p1a: Landorus|Intimidate|boost
|-unboost|p2a: Kyurem|atk|1
|turn|37
|
|t:|1759061846
|move|p1a: Landorus|Earthquake|p2a: Kyurem
|-damage|p2a: Kyurem|0 fnt
|faint|p2a: Kyurem
|
|-weather|Snowscape|[upkeep]
|upkeep
|
|t:|1759061848
|switch|p2a: Slowking|Slowking-Galar, M, tera:Dark|100/100
|turn|38
|
|t:|1759061852
|move|p1a: Landorus|Earthquake|p2a: Slowking
|-damage|p2a: Slowking|39/100
|move|p2a: Slowking|Future Sight|p1a: Landorus
|-start|p2a: Slowking|move: Future Sight
|
|-weather|Snowscape|[upkeep]
|upkeep
|turn|39
|
|t:|1759061856
|move|p1a: Landorus|Earthquake|p2a: Slowking
|-damage|p2a: Slowking|0 fnt
|faint|p2a: Slowking
|
|win|macaronauxcitrons
|raw|macaronauxcitrons's rating: 1557 &rarr; <strong>1577</strong><br />(+20 for winning)
|raw|simmons of ben's rating: 1552 &rarr; <strong>1532</strong><br />(-20 for losing)
|l|☆simmons of ben
|player|p2|
|l|☆macaronauxcitrons
|player|p1|
