|j|☆sugarpot
|j|☆bogglebob
|t:|1759071075
|gametype|singles
|player|p1|sugarpot|170|1155
|player|p2|bogglebob|clown|1138
|gen|9
|tier|[Gen 9] OU
|rated|
|rule|HP Percentage Mod: HP is shown in percentages
|rule|Endless Battle Clause: Forcing endless battles is banned
|rule|Species Clause: Limit one of each Pokémon
|rule|OHKO Clause: OHKO moves are banned
|rule|Evasion Items Clause: Evasion items are banned
|rule|Evasion Moves Clause: Evasion moves are banned
|rule|Evasion Abilities Clause: Evasion abilities are banned
|rule|Sleep Moves Clause: Sleep-inducing moves are banned
|clearpoke
|poke|p1|Great Tusk|
|poke|p1|Dragapult, F|
|poke|p1|Ogerpon-Wellspring, F|
|poke|p1|Zamazenta-*|
|poke|p1|Gholdengo|
|poke|p1|Iron Valiant|
|poke|p2|Swalot, M|
|poke|p2|Walking Wake|
|poke|p2|Gholdengo|
|poke|p2|Garganacl, M|
|poke|p2|Great Tusk|
|poke|p2|Ogerpon-Wellspring, F|
|teampreview
|inactive|Battle timer is ON: inactive players will automatically lose when time's up. (requested by bogglebob)
|
|t:|1759071082
|teamsize|p1|6
|teamsize|p2|6
|start
|switch|p1a: not the great tusk|Great Tusk|100/100
|switch|p2a: Swalot|Swalot, M|100/100
|turn|1
|
|t:|1759071090
|-terastallize|p2a: Swalot|Dark
|move|p1a: not the great tusk|Stealth Rock|p2a: Swalot
|-sidestart|p2: bogglebob|move: Stealth Rock
|move|p2a: Swalot|Stuff Cheeks|p2a: Swalot
|-boost|p2a: Swalot|def|2
|-enditem|p2a: Swalot|Starf Berry|[eat]
|-boost|p2a: Swalot|spd|2|[from] item: Starf Berry
|
|upkeep
|turn|2
|inactive|sugarpot has 120 seconds left.
|
|t:|1759071136
|-end|p1a: not the great tusk|Protosynthesis|[silent]
|switch|p1a: Zamhamamam|Zamazenta|100/100
|-ability|p1a: Zamhamamam|Dauntless Shield|boost
|-boost|p1a: Zamhamamam|def|1
|move|p2a: Swalot|Belch|p1a: Zamhamamam
|-damage|p1a: Zamhamamam|81/100
|
|upkeep
|turn|3
|
|t:|1759071153
|move|p1a: Zamhamamam|Crunch|p2a: Swalot
|-resisted|p2a: Swalot
|-damage|p2a: Swalot|94/100
|-unboost|p2a: Swalot|def|1
|move|p2a: Swalot|Thief|p1a: Zamhamamam
|-resisted|p1a: Zamhamamam
|-damage|p1a: Zamhamamam|76/100
|-enditem|p1a: Zamhamamam|Assault Vest|[silent]|[from] move: Thief|[of] p2a: Swalot
|-item|p2a: Swalot|Assault Vest|[from] move: Thief|[of] p1a: Zamhamamam
|
|upkeep
|turn|4
|
|t:|1759071172
|move|p1a: Zamhamamam|Close Combat|p2a: Swalot
|-supereffective|p2a: Swalot
|-damage|p2a: Swalot|17/100
|-unboost|p1a: Zamhamamam|def|1
|-unboost|p1a: Zamhamamam|spd|1
|move|p2a: Swalot|Body Press|p1a: Zamhamamam
|-damage|p1a: Zamhamamam|54/100
|
|upkeep
|turn|5
|
|t:|1759071181
|move|p1a: Zamhamamam|Close Combat|p2a: Swalot
|-supereffective|p2a: Swalot
|-damage|p2a: Swalot|0 fnt
|-unboost|p1a: Zamhamamam|def|1
|-unboost|p1a: Zamhamamam|spd|1
|faint|p2a: Swalot
|
|upkeep
|-message|bogglebob forfeited.
|
|win|sugarpot
|raw|sugarpot's rating: 1155 &rarr; <strong>1179</strong><br />(+24 for winning)
|raw|bogglebob's rating: 1138 &rarr; <strong>1114</strong><br />(-24 for losing)
|l|☆bogglebob
|player|p2|
|l|☆sugarpot
|player|p1|
