|j|☆ohjeebus
|j|☆ibuilthtihs
|t:|1758971315
|gametype|singles
|player|p1|ohjeebus|koga|1498
|player|p2|ibuilthtihs|linebacker|1561
|gen|9
|tier|[Gen 9] OU
|rated|
|rule|HP Percentage Mod: HP is shown in percentages
|rule|Endless Battle Clause: Forcing endless battles is banned
|rule|Species Clause: Limit one of each Pokémon
|rule|OHKO Clause: OHKO moves are banned
|rule|Evasion Items Clause: Evasion items are banned
|rule|Evasion Moves Clause: Evasion moves are banned
|rule|Evasion Abilities Clause: Evasion abilities are banned
|rule|Sleep Moves Clause: Sleep-inducing moves are banned
|clearpoke
|poke|p1|Darkrai|
|poke|p1|Araquanid, M|
|poke|p1|Gliscor, M|
|poke|p1|Hatterene, F|
|poke|p1|Moltres|
|poke|p1|Kingambit, M|
|poke|p2|Tyranitar, F|
|poke|p2|Raichu, F|
|poke|p2|Hydrapple, M|
|poke|p2|Great Tusk|
|poke|p2|Alomomola, F|
|poke|p2|Garganacl, M|
|teampreview
|inactive|Battle timer is ON: inactive players will automatically lose when time's up. (requested by ohjeebus)
|
|t:|1758971327
|teamsize|p1|6
|teamsize|p2|6
|start
|switch|p1a: Araquanid|Araquanid, M|100/100
|switch|p2a: Hydrapple|Hydrapple, M|100/100
|turn|1
|
|t:|1758971330
|move|p2a: Hydrapple|Nasty Plot|p2a: Hydrapple
|-boost|p2a: Hydrapple|spa|2
|move|p1a: Araquanid|Sticky Web|p2a: Hydrapple
|-sidestart|p2: ibuilthtihs|move: Sticky Web
|
|upkeep
|turn|2
|
|t:|1758971336
|move|p2a: Hydrapple|Giga Drain|p1a: Araquanid
|-damage|p1a: Araquanid|53/100
|move|p1a: Araquanid|Leech Life|p2a: Hydrapple
|-supereffective|p2a: Hydrapple
|-damage|p2a: Hydrapple|77/100
|-heal|p1a: Araquanid|69/100|[from] drain|[of] p2a: Hydrapple
|
|upkeep
|turn|3
|
|t:|1758971342
|switch|p1a: Moltres|Moltres|100/100
|move|p2a: Hydrapple|Fickle Beam|p1a: Moltres
|-damage|p1a: Moltres|40/100
|
|upkeep
|turn|4
|
|t:|1758971348
|move|p1a: Moltres|U-turn|p2a: Hydrapple
|-supereffective|p2a: Hydrapple
|-damage|p2a: Hydrapple|62/100
|
|t:|1758971349
|switch|p1a: Hatterene|Hatterene, F|100/100|[from] U-turn
|move|p2a: Hydrapple|Fickle Beam|p1a: Hatterene
|-immune|p1a: Hatterene
|
|upkeep
|turn|5
|
|t:|1758971353
|switch|p2a: Garganacl|Garganacl, M|100/100
|-activate|p2a: Garganacl|move: Sticky Web
|-unboost|p2a: Garganacl|spe|1
|move|p1a: Hatterene|Nuzzle|p2a: Garganacl
|-damage|p2a: Garganacl|98/100
|
|-heal|p2a: Garganacl|100/100|[from] item: Leftovers
|upkeep
|turn|6
|
|t:|1758971356
|move|p1a: Hatterene|Calm Mind|p1a: Hatterene
|-boost|p1a: Hatterene|spa|1
|-boost|p1a: Hatterene|spd|1
|move|p2a: Garganacl|Stealth Rock|p1a: Hatterene
|move|p1a: Hatterene|Stealth Rock|p2a: Garganacl|[from] ability: Magic Bounce
|-sidestart|p2: ibuilthtihs|move: Stealth Rock
|
|upkeep
|turn|7
|
|t:|1758971358
|move|p1a: Hatterene|Calm Mind|p1a: Hatterene
|-boost|p1a: Hatterene|spa|1
|-boost|p1a: Hatterene|spd|1
|move|p2a: Garganacl|Salt Cure|p1a: Hatterene
|-damage|p1a: Hatterene|88/100
|-start|p1a: Hatterene|Salt Cure
|
|-damage|p1a: Hatterene|76/100|[from] Salt Cure
|upkeep
|turn|8
|
|t:|1758971362
|switch|p2a: Alomomola|Alomomola, F|100/100
|-activate|p2a: Alomomola|move: Sticky Web
|-unboost|p2a: Alomomola|spe|1
|-damage|p2a: Alomomola|88/100|[from] Stealth Rock
|move|p1a: Hatterene|Calm Mind|p1a: Hatterene
|-boost|p1a: Hatterene|spa|1
|-boost|p1a: Hatterene|spd|1
|
|-damage|p1a: Hatterene|63/100|[from] Salt Cure
|upkeep
|turn|9
|
|t:|1758971367
|move|p1a: Hatterene|Nuzzle|p2a: Alomomola
|-supereffective|p2a: Alomomola
|-damage|p2a: Alomomola|82/100
|-status|p2a: Alomomola|par
|cant|p2a: Alomomola|par
|
|-damage|p1a: Hatterene|51/100|[from] Salt Cure
|upkeep
|turn|10
|
|t:|1758971373
|move|p1a: Hatterene|Draining Kiss|p2a: Alomomola
|-damage|p2a: Alomomola|54/100 par
|-heal|p1a: Hatterene|87/100|[from] drain|[of] p2a: Alomomola
|move|p2a: Alomomola|Mirror Coat|p1a: Hatterene
|-damage|p1a: Hatterene|0 fnt
|faint|p1a: Hatterene
|
|upkeep
|
|t:|1758971377
|switch|p1a: Darkrai|Darkrai|100/100
|turn|11
|
|t:|1758971379
|move|p1a: Darkrai|Nasty Plot|p1a: Darkrai
|-boost|p1a: Darkrai|spa|2
|move|p2a: Alomomola|Flip Turn|p1a: Darkrai
|-damage|p1a: Darkrai|79/100
|
|t:|1758971389
|switch|p2a: Tyranitar|Tyranitar, F|100/100|[from] Flip Turn
|-activate|p2a: Tyranitar|move: Sticky Web
|-unboost|p2a: Tyranitar|spe|1
|-damage|p2a: Tyranitar|88/100|[from] Stealth Rock
|-weather|Sandstorm|[from] ability: Sand Stream|[of] p2a: Tyranitar
|
|-weather|Sandstorm|[upkeep]
|-damage|p1a: Darkrai|73/100|[from] Sandstorm
|-heal|p2a: Tyranitar|94/100|[from] item: Leftovers
|upkeep
|turn|12
|
|t:|1758971394
|switch|p1a: Moltres|Moltres|40/100
|move|p2a: Tyranitar|Rock Blast|p1a: Moltres
|-supereffective|p1a: Moltres
|-damage|p1a: Moltres|8/100
|-supereffective|p1a: Moltres
|-damage|p1a: Moltres|0 fnt
|faint|p1a: Moltres
|-hitcount|p1: Moltres|2
|
|-weather|Sandstorm|[upkeep]
|-heal|p2a: Tyranitar|100/100|[from] item: Leftovers
|upkeep
|
|t:|1758971397
|switch|p1a: Araquanid|Araquanid, M|69/100
|turn|13
|
|t:|1758971403
|switch|p2a: Hydrapple|Hydrapple, M|95/100
|move|p1a: Araquanid|Liquidation|p2a: Hydrapple
|-resisted|p2a: Hydrapple
|-damage|p2a: Hydrapple|89/100
|
|-weather|Sandstorm|[upkeep]
|-damage|p2a: Hydrapple|82/100|[from] Sandstorm
|-damage|p1a: Araquanid|63/100|[from] Sandstorm
|upkeep
|turn|14
|
|t:|1758971406
|move|p2a: Hydrapple|Nasty Plot|p2a: Hydrapple
|-boost|p2a: Hydrapple|spa|2
|move|p1a: Araquanid|Leech Life|p2a: Hydrapple
|-supereffective|p2a: Hydrapple
|-damage|p2a: Hydrapple|59/100
|-heal|p1a: Araquanid|78/100|[from] drain|[of] p2a: Hydrapple
|
|-weather|Sandstorm|[upkeep]
|-damage|p2a: Hydrapple|53/100|[from] Sandstorm
|-damage|p1a: Araquanid|72/100|[from] Sandstorm
|upkeep
|turn|15
|
|t:|1758971409
|move|p2a: Hydrapple|Giga Drain|p1a: Araquanid
|-damage|p1a: Araquanid|26/100
|-heal|p2a: Hydrapple|70/100|[from] drain|[of] p1a: Araquanid
|move|p1a: Araquanid|Leech Life|p2a: Hydrapple
|-supereffective|p2a: Hydrapple
|-damage|p2a: Hydrapple|48/100
|-heal|p1a: Araquanid|41/100|[from] drain|[of] p2a: Hydrapple
|
|-weather|none
|upkeep
|turn|16
|
|t:|1758971414
|move|p2a: Hydrapple|Giga Drain|p1a: Araquanid
|-damage|p1a: Araquanid|0 fnt
|-heal|p2a: Hydrapple|63/100|[from] drain|[of] p1a: Araquanid
|faint|p1a: Araquanid
|
|upkeep
|
|t:|1758971416
|switch|p1a: Darkrai|Darkrai|73/100
|turn|17
|
|t:|1758971423
|switch|p2a: Tyranitar|Tyranitar, F|100/100
|-activate|p2a: Tyranitar|move: Sticky Web
|-unboost|p2a: Tyranitar|spe|1
|-damage|p2a: Tyranitar|88/100|[from] Stealth Rock
|-weather|Sandstorm|[from] ability: Sand Stream|[of] p2a: Tyranitar
|move|p1a: Darkrai|Ice Beam|p2a: Tyranitar
|-damage|p2a: Tyranitar|75/100
|
|-weather|Sandstorm|[upkeep]
|-damage|p1a: Darkrai|67/100|[from] Sandstorm
|-heal|p2a: Tyranitar|81/100|[from] item: Leftovers
|upkeep
|turn|18
|
|t:|1758971432
|switch|p1a: Gliscor|Gliscor, M|100/100
|move|p2a: Tyranitar|Ice Beam|p1a: Gliscor
|-supereffective|p1a: Gliscor
|-damage|p1a: Gliscor|10/100
|
|-weather|Sandstorm|[upkeep]
|-heal|p2a: Tyranitar|87/100|[from] item: Leftovers
|-status|p1a: Gliscor|tox|[from] item: Toxic Orb
|upkeep
|turn|19
|
|t:|1758971437
|move|p1a: Gliscor|Earthquake|p2a: Tyranitar
|-supereffective|p2a: Tyranitar
|-damage|p2a: Tyranitar|36/100
|move|p2a: Tyranitar|Knock Off|p1a: Gliscor
|-damage|p1a: Gliscor|0 fnt
|-enditem|p1a: Gliscor|Toxic Orb|[from] move: Knock Off|[of] p2a: Tyranitar
|faint|p1a: Gliscor
|
|-weather|Sandstorm|[upkeep]
|-heal|p2a: Tyranitar|42/100|[from] item: Leftovers
|upkeep
|
|t:|1758971439
|switch|p1a: Kingambit|Kingambit, M|100/100
|-activate|p1a: Kingambit|ability: Supreme Overlord
|-start|p1a: Kingambit|fallen4|[silent]
|turn|20
|
|t:|1758971442
|switch|p2a: Great Tusk|Great Tusk|100/100
|move|p1a: Kingambit|Swords Dance|p1a: Kingambit
|-boost|p1a: Kingambit|atk|2
|
|-weather|Sandstorm|[upkeep]
|upkeep
|turn|21
|
|t:|1758971445
|move|p2a: Great Tusk|Bulk Up|p2a: Great Tusk
|-boost|p2a: Great Tusk|atk|1
|-boost|p2a: Great Tusk|def|1
|move|p1a: Kingambit|Iron Head|p2a: Great Tusk
|-damage|p2a: Great Tusk|51/100
|
|-weather|none
|upkeep
|turn|22
|
|t:|1758971450
|move|p2a: Great Tusk|Rapid Spin|p1a: Kingambit
|-resisted|p1a: Kingambit
|-damage|p1a: Kingambit|91/100
|-boost|p2a: Great Tusk|spe|1
|-sideend|p2: ibuilthtihs|Stealth Rock|[from] move: Rapid Spin|[of] p2a: Great Tusk
|-sideend|p2: ibuilthtihs|Sticky Web|[from] move: Rapid Spin|[of] p2a: Great Tusk
|move|p1a: Kingambit|Iron Head|p2a: Great Tusk
|-damage|p2a: Great Tusk|3/100
|
|upkeep
|turn|23
|
|t:|1758971452
|move|p1a: Kingambit|Sucker Punch||[still]
|-fail|p1a: Kingambit
|move|p2a: Great Tusk|Bulk Up|p2a: Great Tusk
|-boost|p2a: Great Tusk|atk|1
|-boost|p2a: Great Tusk|def|1
|
|upkeep
|turn|24
|
|t:|1758971453
|move|p1a: Kingambit|Sucker Punch||[still]
|-fail|p1a: Kingambit
|move|p2a: Great Tusk|Bulk Up|p2a: Great Tusk
|-boost|p2a: Great Tusk|atk|1
|-boost|p2a: Great Tusk|def|1
|
|upkeep
|turn|25
|
|t:|1758971455
|move|p1a: Kingambit|Sucker Punch||[still]
|-fail|p1a: Kingambit
|move|p2a: Great Tusk|Bulk Up|p2a: Great Tusk
|-boost|p2a: Great Tusk|atk|1
|-boost|p2a: Great Tusk|def|1
|
|upkeep
|turn|26
|
|t:|1758971457
|move|p1a: Kingambit|Sucker Punch|p2a: Great Tusk
|-resisted|p2a: Great Tusk
|-damage|p2a: Great Tusk|0 fnt
|faint|p2a: Great Tusk
|-end|p2a: Great Tusk|Protosynthesis|[silent]
|
|upkeep
|
|t:|1758971461
|switch|p2a: Raichu|Raichu, F|100/100
|turn|27
|
|t:|1758971466
|move|p2a: Raichu|Focus Blast|p1a: Kingambit|[miss]
|-miss|p2a: Raichu|p1a: Kingambit
|move|p1a: Kingambit|Kowtow Cleave|p2a: Raichu
|-enditem|p2a: Raichu|Focus Sash
|-damage|p2a: Raichu|1/100
|
|upkeep
|turn|28
|
|t:|1758971470
|move|p1a: Kingambit|Sucker Punch||[still]
|-fail|p1a: Kingambit
|move|p2a: Raichu|Nasty Plot|p2a: Raichu
|-boost|p2a: Raichu|spa|2
|
|upkeep
|turn|29
|
|t:|1758971473
|move|p2a: Raichu|Nasty Plot|p2a: Raichu
|-boost|p2a: Raichu|spa|2
|move|p1a: Kingambit|Kowtow Cleave|p2a: Raichu
|-damage|p2a: Raichu|0 fnt
|faint|p2a: Raichu
|
|upkeep
|
|t:|1758971480
|switch|p2a: Garganacl|Garganacl, M|100/100
|turn|30
|
|t:|1758971482
|-terastallize|p2a: Garganacl|Flying
|move|p1a: Kingambit|Iron Head|p2a: Garganacl
|-damage|p2a: Garganacl|11/100
|move|p2a: Garganacl|Salt Cure|p1a: Kingambit
|-resisted|p1a: Kingambit
|-damage|p1a: Kingambit|86/100
|-start|p1a: Kingambit|Salt Cure
|
|-heal|p2a: Garganacl|18/100|[from] item: Leftovers
|-damage|p1a: Kingambit|61/100|[from] Salt Cure
|upkeep
|turn|31
|
|t:|1758971486
|-end|p1a: Kingambit|fallen4|[silent]
|switch|p1a: Darkrai|Darkrai|67/100
|move|p2a: Garganacl|Protect||[still]
|-fail|p2a: Garganacl
|
|-heal|p2a: Garganacl|24/100|[from] item: Leftovers
|upkeep
|turn|32
|
|t:|1758971491
|switch|p2a: Tyranitar|Tyranitar, F|42/100
|-weather|Sandstorm|[from] ability: Sand Stream|[of] p2a: Tyranitar
|move|p1a: Darkrai|Ice Beam|p2a: Tyranitar
|-damage|p2a: Tyranitar|26/100
|
|-weather|Sandstorm|[upkeep]
|-damage|p1a: Darkrai|61/100|[from] Sandstorm
|-heal|p2a: Tyranitar|32/100|[from] item: Leftovers
|upkeep
|turn|33
|
|t:|1758971495
|move|p1a: Darkrai|Ice Beam|p2a: Tyranitar
|-damage|p2a: Tyranitar|17/100
|move|p2a: Tyranitar|Rock Blast|p1a: Darkrai|[miss]
|-miss|p2a: Tyranitar|p1a: Darkrai
|
|-weather|Sandstorm|[upkeep]
|-damage|p1a: Darkrai|55/100|[from] Sandstorm
|-heal|p2a: Tyranitar|24/100|[from] item: Leftovers
|upkeep
|turn|34
|
|t:|1758971499
|move|p1a: Darkrai|Sludge Bomb|p2a: Tyranitar
|-resisted|p2a: Tyranitar
|-damage|p2a: Tyranitar|16/100
|-status|p2a: Tyranitar|psn
|move|p2a: Tyranitar|Rock Blast|p1a: Darkrai
|-damage|p1a: Darkrai|39/100
|-damage|p1a: Darkrai|24/100
|-damage|p1a: Darkrai|9/100
|-damage|p1a: Darkrai|0 fnt
|faint|p1a: Darkrai
|-hitcount|p1: Darkrai|4
|
|-weather|Sandstorm|[upkeep]
|-heal|p2a: Tyranitar|23/100 psn|[from] item: Leftovers
|-damage|p2a: Tyranitar|10/100 psn|[from] psn
|upkeep
|
|t:|1758971501
|switch|p1a: Kingambit|Kingambit, M|61/100
|-activate|p1a: Kingambit|ability: Supreme Overlord
|-start|p1a: Kingambit|fallen5|[silent]
|turn|35
|
|t:|1758971506
|move|p1a: Kingambit|Swords Dance|p1a: Kingambit
|-boost|p1a: Kingambit|atk|2
|move|p2a: Tyranitar|Knock Off|p1a: Kingambit
|-resisted|p1a: Kingambit
|-damage|p1a: Kingambit|43/100
|-enditem|p1a: Kingambit|Black Glasses|[from] move: Knock Off|[of] p2a: Tyranitar
|
|-weather|Sandstorm|[upkeep]
|-heal|p2a: Tyranitar|16/100 psn|[from] item: Leftovers
|-damage|p2a: Tyranitar|4/100 psn|[from] psn
|upkeep
|turn|36
|
|t:|1758971510
|move|p1a: Kingambit|Iron Head|p2a: Tyranitar
|-supereffective|p2a: Tyranitar
|-damage|p2a: Tyranitar|0 fnt
|faint|p2a: Tyranitar
|
|-weather|none
|upkeep
|
|t:|1758971513
|switch|p2a: Hydrapple|Hydrapple, M|96/100
|turn|37
|
|t:|1758971519
|move|p1a: Kingambit|Kowtow Cleave|p2a: Hydrapple
|-damage|p2a: Hydrapple|7/100
|move|p2a: Hydrapple|Earth Power|p1a: Kingambit
|-supereffective|p1a: Kingambit
|-damage|p1a: Kingambit|0 fnt
|faint|p1a: Kingambit
|-end|p1a: Kingambit|fallen5|[silent]
|
|win|ibuilthtihs
|raw|ohjeebus's rating: 1498 &rarr; <strong>1482</strong><br />(-16 for losing)
|raw|ibuilthtihs's rating: 1561 &rarr; <strong>1577</strong><br />(+16 for winning)
|l|☆ohjeebus
|player|p1|
|l|☆ibuilthtihs
|player|p2|
