|j|☆GetterAlice
|j|☆occean sick jasper
|t:|1759024795
|gametype|singles
|player|p1|GetterAlice|2|1086
|player|p2|occean sick jasper|parasollady|1072
|gen|9
|tier|[Gen 9] OU
|rated|
|rule|HP Percentage Mod: HP is shown in percentages
|rule|Endless Battle Clause: Forcing endless battles is banned
|rule|Species Clause: Limit one of each Pokémon
|rule|OHKO Clause: OHKO moves are banned
|rule|Evasion Items Clause: Evasion items are banned
|rule|Evasion Moves Clause: Evasion moves are banned
|rule|Evasion Abilities Clause: Evasion abilities are banned
|rule|Sleep Moves Clause: Sleep-inducing moves are banned
|clearpoke
|poke|p1|Araquanid, M|
|poke|p1|Samurott-Hisui, F|
|poke|p1|Darkrai|
|poke|p1|Great Tusk|
|poke|p1|Dragapult, F|
|poke|p1|Hatterene, F|
|poke|p2|Necrozma|
|poke|p2|Whimsicott, F|
|poke|p2|Primarina, F|
|poke|p2|Weezing-Galar, M|
|poke|p2|Appletun, M|
|poke|p2|Minior-Blue|
|teampreview
|
|t:|1759024807
|teamsize|p1|6
|teamsize|p2|6
|start
|switch|p1a: Araquanid|Araquanid, M|100/100
|switch|p2a: Whimsicott|Whimsicott, F, shiny|100/100
|turn|1
|
|t:|1759024817
|move|p2a: Whimsicott|Leech Seed|p1a: Araquanid
|-start|p1a: Araquanid|move: Leech Seed
|move|p1a: Araquanid|Substitute|p1a: Araquanid
|-start|p1a: Araquanid|Substitute
|-damage|p1a: Araquanid|76/100
|
|-heal|p1a: Araquanid|82/100|[from] item: Leftovers
|-damage|p1a: Araquanid|70/100|[from] Leech Seed|[of] p2a: Whimsicott
|upkeep
|turn|2
|
|t:|1759024825
|move|p2a: Whimsicott|Substitute|p2a: Whimsicott
|-start|p2a: Whimsicott|Substitute
|-damage|p2a: Whimsicott|76/100
|move|p1a: Araquanid|Bug Buzz|p2a: Whimsicott
|-damage|p2a: Whimsicott|27/100
|
|-heal|p1a: Araquanid|76/100|[from] item: Leftovers
|-damage|p1a: Araquanid|63/100|[from] Leech Seed|[of] p2a: Whimsicott
|-heal|p2a: Whimsicott|43/100|[silent]
|upkeep
|turn|3
|
|t:|1759024834
|move|p2a: Whimsicott|Protect|p2a: Whimsicott
|-singleturn|p2a: Whimsicott|Protect
|move|p1a: Araquanid|Bug Buzz|p2a: Whimsicott
|-activate|p2a: Whimsicott|move: Protect
|
|-heal|p1a: Araquanid|70/100|[from] item: Leftovers
|-damage|p1a: Araquanid|57/100|[from] Leech Seed|[of] p2a: Whimsicott
|-heal|p2a: Whimsicott|60/100|[silent]
|upkeep
|turn|4
|
|t:|1759024848
|move|p2a: Whimsicott|Leech Seed||[still]
|-fail|p2a: Whimsicott
|move|p1a: Araquanid|Sticky Web|p2a: Whimsicott
|-sidestart|p2: occean sick jasper|move: Sticky Web
|
|-heal|p1a: Araquanid|63/100|[from] item: Leftovers
|-damage|p1a: Araquanid|51/100|[from] Leech Seed|[of] p2a: Whimsicott
|-heal|p2a: Whimsicott|76/100|[silent]
|upkeep
|turn|5
|
|t:|1759024856
|move|p2a: Whimsicott|Protect|p2a: Whimsicott
|-singleturn|p2a: Whimsicott|Protect
|move|p1a: Araquanid|Bug Buzz|p2a: Whimsicott
|-activate|p2a: Whimsicott|move: Protect
|
|-heal|p1a: Araquanid|57/100|[from] item: Leftovers
|-damage|p1a: Araquanid|45/100|[from] Leech Seed|[of] p2a: Whimsicott
|-heal|p2a: Whimsicott|92/100|[silent]
|upkeep
|turn|6
|
|t:|1759024866
|move|p2a: Whimsicott|Substitute|p2a: Whimsicott
|-fail|p2a: Whimsicott|move: Substitute
|move|p1a: Araquanid|Bug Buzz|p2a: Whimsicott
|-damage|p2a: Whimsicott|47/100
|
|-heal|p1a: Araquanid|51/100|[from] item: Leftovers
|-damage|p1a: Araquanid|39/100|[from] Leech Seed|[of] p2a: Whimsicott
|-heal|p2a: Whimsicott|63/100|[silent]
|upkeep
|turn|7
|
|t:|1759024890
|switch|p1a: Darkrai|Darkrai|100/100
|move|p2a: Whimsicott|Protect||[still]
|-fail|p2a: Whimsicott
|
|upkeep
|turn|8
|
|t:|1759024899
|-terastallize|p1a: Darkrai|Steel
|move|p2a: Whimsicott|Leech Seed|p1a: Darkrai
|-start|p1a: Darkrai|move: Leech Seed
|move|p1a: Darkrai|Sludge Bomb|p2a: Whimsicott
|-supereffective|p2a: Whimsicott
|-end|p2a: Whimsicott|Substitute
|
|-damage|p1a: Darkrai|88/100|[from] Leech Seed|[of] p2a: Whimsicott
|-heal|p2a: Whimsicott|76/100|[silent]
|upkeep
|turn|9
|
|t:|1759024908
|move|p2a: Whimsicott|Protect|p2a: Whimsicott
|-singleturn|p2a: Whimsicott|Protect
|move|p1a: Darkrai|Sludge Bomb|p2a: Whimsicott
|-activate|p2a: Whimsicott|move: Protect
|
|-damage|p1a: Darkrai|76/100|[from] Leech Seed|[of] p2a: Whimsicott
|-heal|p2a: Whimsicott|90/100|[silent]
|upkeep
|turn|10
|
|t:|1759024916
|move|p2a: Whimsicott|Substitute|p2a: Whimsicott
|-start|p2a: Whimsicott|Substitute
|-damage|p2a: Whimsicott|65/100
|move|p1a: Darkrai|Sludge Bomb|p2a: Whimsicott
|-supereffective|p2a: Whimsicott
|-end|p2a: Whimsicott|Substitute
|
|-damage|p1a: Darkrai|63/100|[from] Leech Seed|[of] p2a: Whimsicott
|-heal|p2a: Whimsicott|78/100|[silent]
|upkeep
|turn|11
|
|t:|1759024924
|switch|p1a: the first|Samurott-Hisui, F|100/100
|move|p2a: Whimsicott|Protect||[still]
|-fail|p2a: Whimsicott
|
|upkeep
|turn|12
|
|t:|1759024937
|switch|p1a: Darkrai|Darkrai, tera:Steel|63/100
|move|p2a: Whimsicott|Substitute|p2a: Whimsicott
|-start|p2a: Whimsicott|Substitute
|-damage|p2a: Whimsicott|53/100
|
|upkeep
|turn|13
|
|t:|1759024943
|switch|p1a: the first|Samurott-Hisui, F|100/100
|move|p2a: Whimsicott|Leech Seed|p1a: the first
|-hint|Since gen 7, Dark is immune to Prankster moves.
|-immune|p1a: the first
|
|upkeep
|turn|14
|
|t:|1759024953
|move|p2a: Whimsicott|Protect|p2a: Whimsicott
|-singleturn|p2a: Whimsicott|Protect
|move|p1a: the first|Sacred Sword|p2a: Whimsicott
|-activate|p2a: Whimsicott|move: Protect
|
|upkeep
|turn|15
|
|t:|1759024967
|switch|p2a: Weezing|Weezing-Galar, M|100/100
|-ability|p2a: Weezing|Neutralizing Gas
|-activate|p2a: Weezing|move: Sticky Web
|-unboost|p2a: Weezing|spe|1
|move|p1a: the first|Ceaseless Edge|p2a: Weezing|[miss]
|-miss|p1a: the first|p2a: Weezing
|
|upkeep
|turn|16
|
|t:|1759024990
|switch|p1a: Darkrai|Darkrai, tera:Steel|63/100
|move|p2a: Weezing|Defog|p1a: Darkrai
|-unboost|p1a: Darkrai|evasion|1
|-sideend|p2: occean sick jasper|Sticky Web|[from] move: Defog|[of] p2a: Weezing
|
|upkeep
|turn|17
|
|t:|1759024997
|move|p1a: Darkrai|Nasty Plot|p1a: Darkrai
|-boost|p1a: Darkrai|spa|2
|move|p2a: Weezing|Flamethrower|p1a: Darkrai
|-supereffective|p1a: Darkrai
|-damage|p1a: Darkrai|0 fnt
|faint|p1a: Darkrai
|
|upkeep
|
|t:|1759025011
|switch|p1a: Araquanid|Araquanid, M|39/100
|turn|18
|
|t:|1759025020
|move|p1a: Araquanid|Hydro Pump|p2a: Weezing
|-damage|p2a: Weezing|44/100
|-enditem|p2a: Weezing|Sitrus Berry|[eat]
|-heal|p2a: Weezing|68/100|[from] item: Sitrus Berry
|move|p2a: Weezing|Strange Steam|p1a: Araquanid
|-damage|p1a: Araquanid|9/100
|
|-heal|p1a: Araquanid|15/100|[from] item: Leftovers
|upkeep
|turn|19
|
|t:|1759025035
|switch|p1a: Great Tusk|Great Tusk|100/100
|move|p2a: Weezing|Sludge Wave|p1a: Great Tusk
|-resisted|p1a: Great Tusk
|-damage|p1a: Great Tusk|70/100
|
|upkeep
|turn|20
|
|t:|1759025042
|move|p1a: Great Tusk|Headlong Rush|p2a: Weezing
|-supereffective|p2a: Weezing
|-damage|p2a: Weezing|0 fnt
|-unboost|p1a: Great Tusk|def|1
|-unboost|p1a: Great Tusk|spd|1
|faint|p2a: Weezing
|-end|p2a: Weezing|ability: Neutralizing Gas
|
|upkeep
|
|t:|1759025051
|switch|p2a: Minior|Minior-Blue|100/100
|-formechange|p2a: Minior|Minior-Meteor||[from] ability: Shields Down
|turn|21
|
|t:|1759025057
|move|p1a: Great Tusk|Knock Off|p2a: Minior
|-damage|p2a: Minior|51/100
|-enditem|p2a: Minior|Focus Sash|[from] move: Knock Off|[of] p1a: Great Tusk
|move|p2a: Minior|Shell Smash|p2a: Minior
|-unboost|p2a: Minior|def|1
|-unboost|p2a: Minior|spd|1
|-boost|p2a: Minior|atk|2
|-boost|p2a: Minior|spa|2
|-boost|p2a: Minior|spe|2
|
|upkeep
|turn|22
|
|t:|1759025068
|-end|p1a: Great Tusk|Protosynthesis|[silent]
|switch|p1a: Hatterene|Hatterene, F|100/100
|move|p2a: Minior|Acrobatics|p1a: Hatterene
|-damage|p1a: Hatterene|18/100
|
|-heal|p1a: Hatterene|24/100|[from] item: Leftovers
|upkeep
|turn|23
|
|t:|1759025079
|switch|p1a: Dragapult|Dragapult, F|100/100
|move|p2a: Minior|Rock Blast|p1a: Dragapult
|-damage|p1a: Dragapult|77/100
|-damage|p1a: Dragapult|54/100
|-hitcount|p1a: Dragapult|2
|
|upkeep
|turn|24
|
|t:|1759025087
|move|p2a: Minior|Acrobatics|p1a: Dragapult
|-damage|p1a: Dragapult|0 fnt
|faint|p1a: Dragapult
|
|upkeep
|
|t:|1759025092
|switch|p1a: the first|Samurott-Hisui, F|100/100
|turn|25
|
|t:|1759025098
|move|p2a: Minior|Acrobatics|p1a: the first
|-damage|p1a: the first|3/100
|move|p1a: the first|Sacred Sword|p2a: Minior
|-damage|p2a: Minior|0 fnt
|faint|p2a: Minior
|
|upkeep
|
|t:|1759025107
|switch|p2a: Appletun|Appletun, M|100/100
|turn|26
|
|t:|1759025113
|move|p1a: the first|Ceaseless Edge|p2a: Appletun|[miss]
|-miss|p1a: the first|p2a: Appletun
|move|p2a: Appletun|Apple Acid|p1a: the first
|-supereffective|p1a: the first
|-damage|p1a: the first|0 fnt
|faint|p1a: the first
|
|upkeep
|
|t:|1759025121
|switch|p1a: Hatterene|Hatterene, F|24/100
|turn|27
|
|t:|1759025127
|-terastallize|p2a: Appletun|Normal
|move|p2a: Appletun|Apple Acid|p1a: Hatterene
|-damage|p1a: Hatterene|0 fnt
|faint|p1a: Hatterene
|
|upkeep
|
|t:|1759025131
|switch|p1a: Araquanid|Araquanid, M|15/100
|turn|28
|
|t:|1759025139
|move|p1a: Araquanid|Hydro Pump|p2a: Appletun
|-damage|p2a: Appletun|20/100
|move|p2a: Appletun|Dragon Pulse|p1a: Araquanid
|-damage|p1a: Araquanid|0 fnt
|faint|p1a: Araquanid
|
|-heal|p2a: Appletun|26/100|[from] item: Leftovers
|upkeep
|
|t:|1759025144
|switch|p1a: Great Tusk|Great Tusk|70/100
|turn|29
|
|t:|1759025149
|move|p1a: Great Tusk|Close Combat|p2a: Appletun
|-supereffective|p2a: Appletun
|-damage|p2a: Appletun|0 fnt
|-unboost|p1a: Great Tusk|def|1
|-unboost|p1a: Great Tusk|spd|1
|faint|p2a: Appletun
|
|upkeep
|
|t:|1759025156
|switch|p2a: Necrozma|Necrozma|100/100
|turn|30
|
|t:|1759025160
|move|p1a: Great Tusk|Headlong Rush|p2a: Necrozma
|-damage|p2a: Necrozma|39/100
|-unboost|p1a: Great Tusk|def|1
|-unboost|p1a: Great Tusk|spd|1
|move|p2a: Necrozma|Dragon Dance|p2a: Necrozma
|-boost|p2a: Necrozma|atk|1
|-boost|p2a: Necrozma|spe|1
|
|-heal|p2a: Necrozma|45/100|[from] item: Leftovers
|upkeep
|turn|31
|
|t:|1759025169
|move|p2a: Necrozma|Photon Geyser|p1a: Great Tusk
|-supereffective|p1a: Great Tusk
|-damage|p1a: Great Tusk|0 fnt
|faint|p1a: Great Tusk
|-end|p1a: Great Tusk|Protosynthesis|[silent]
|
|win|occean sick jasper
|raw|GetterAlice's rating: 1086 &rarr; <strong>1062</strong><br />(-24 for losing)
|raw|occean sick jasper's rating: 1072 &rarr; <strong>1102</strong><br />(+30 for winning)
|c|☆GetterAlice|gg
