|j|☆gabsmaluco
|j|☆Showdown GOAT
|t:|1758980189
|gametype|singles
|player|p1|gabsmaluco|ethan|1471
|player|p2|Showdown GOAT|crispin|1519
|gen|9
|tier|[Gen 9] OU
|rated|
|rule|HP Percentage Mod: HP is shown in percentages
|rule|Endless Battle Clause: Forcing endless battles is banned
|rule|Species Clause: Limit one of each Pokémon
|rule|OHKO Clause: OHKO moves are banned
|rule|Evasion Items Clause: Evasion items are banned
|rule|Evasion Moves Clause: Evasion moves are banned
|rule|Evasion Abilities Clause: Evasion abilities are banned
|rule|Sleep Moves Clause: Sleep-inducing moves are banned
|clearpoke
|poke|p1|Blaziken, M|
|poke|p1|Shiftry, M|
|poke|p1|Torkoal, F|
|poke|p1|Jirachi|
|poke|p1|Salamence, M|
|poke|p1|Gardevoir, M|
|poke|p2|Glimmora, F|
|poke|p2|Raging Bolt|
|poke|p2|Ogerpon-Wellspring, F|
|poke|p2|Ceruledge, M|
|poke|p2|Dragapult, F|
|poke|p2|Iron Valiant|
|teampreview
|inactive|Battle timer is ON: inactive players will automatically lose when time's up. (requested by Showdown GOAT)
|inactive|gabsmaluco also wants the timer to be on.
|c|☆Showdown GOAT|gl hf
|c|☆Showdown GOAT|cool team
|
|t:|1758980206
|teamsize|p1|6
|teamsize|p2|6
|start
|switch|p1a: Jirachi|Jirachi|100/100
|switch|p2a: Glimmora|Glimmora, F|100/100
|turn|1
|
|t:|1758980214
|move|p2a: Glimmora|Stealth Rock|p1a: Jirachi
|-sidestart|p1: gabsmaluco|move: Stealth Rock
|move|p1a: Jirachi|Iron Head|p2a: Glimmora
|-supereffective|p2a: Glimmora
|-damage|p2a: Glimmora|4/100
|-activate|p2a: Glimmora|ability: Toxic Debris
|-sidestart|p1: gabsmaluco|move: Toxic Spikes
|
|upkeep
|turn|2
|
|t:|1758980221
|move|p2a: Glimmora|Earth Power|p1a: Jirachi
|-supereffective|p1a: Jirachi
|-crit|p1a: Jirachi
|-damage|p1a: Jirachi|15/100
|move|p1a: Jirachi|Meteor Mash|p2a: Glimmora
|-supereffective|p2a: Glimmora
|-damage|p2a: Glimmora|0 fnt
|-activate|p2a: Glimmora|ability: Toxic Debris
|-sidestart|p1: gabsmaluco|move: Toxic Spikes
|faint|p2a: Glimmora
|
|-heal|p1a: Jirachi|21/100|[from] item: Leftovers
|upkeep
|
|t:|1758980231
|switch|p2a: Ceruledge|Ceruledge, M|100/100
|turn|3
|
|t:|1758980242
|move|p2a: Ceruledge|Swords Dance|p2a: Ceruledge
|-boost|p2a: Ceruledge|atk|2
|move|p1a: Jirachi|Iron Head|p2a: Ceruledge
|-resisted|p2a: Ceruledge
|-damage|p2a: Ceruledge|74/100
|-ability|p2a: Ceruledge|Weak Armor|boost
|-unboost|p2a: Ceruledge|def|1
|-boost|p2a: Ceruledge|spe|2
|
|-heal|p1a: Jirachi|27/100|[from] item: Leftovers
|upkeep
|turn|4
|
|t:|1758980246
|move|p2a: Ceruledge|Bitter Blade|p1a: Jirachi
|-supereffective|p1a: Jirachi
|-crit|p1a: Jirachi
|-damage|p1a: Jirachi|0 fnt
|-heal|p2a: Ceruledge|92/100|[from] drain|[of] p1a: Jirachi
|faint|p1a: Jirachi
|
|upkeep
|
|t:|1758980254
|switch|p1a: Salamence|Salamence, M|100/100
|turn|5
|
|t:|1758980262
|move|p2a: Ceruledge|Bitter Blade|p1a: Salamence
|-resisted|p1a: Salamence
|-damage|p1a: Salamence|46/100
|-heal|p2a: Ceruledge|100/100|[from] drain|[of] p1a: Salamence
|move|p1a: Salamence|Dual Wingbeat|p2a: Ceruledge
|-damage|p2a: Ceruledge|58/100
|-ability|p2a: Ceruledge|Weak Armor|boost
|-unboost|p2a: Ceruledge|def|1
|-boost|p2a: Ceruledge|spe|2
|-crit|p2a: Ceruledge
|-damage|p2a: Ceruledge|0 fnt
|faint|p2a: Ceruledge
|-ability|p1a: Salamence|Moxie|boost
|-boost|p1a: Salamence|atk|1
|-hitcount|p2: Ceruledge|2
|
|upkeep
|
|t:|1758980272
|switch|p2a: Dragapult|Dragapult, F|100/100
|turn|6
|
|t:|1758980275
|move|p2a: Dragapult|Shadow Ball|p1a: Salamence
|-damage|p1a: Salamence|0 fnt
|faint|p1a: Salamence
|
|upkeep
|
|t:|1758980287
|switch|p1a: Gardevoir|Gardevoir, M|100/100
|-damage|p1a: Gardevoir|88/100|[from] Stealth Rock
|-status|p1a: Gardevoir|tox
|-ability|p1a: Gardevoir|Infiltrator|Trace|[from] ability: Trace|[of] p2a: Dragapult
|turn|7
|
|t:|1758980295
|-terastallize|p2a: Dragapult|Ghost
|move|p1a: Gardevoir|Moonblast|p2a: Dragapult
|-damage|p2a: Dragapult|30/100
|move|p2a: Dragapult|Shadow Ball|p1a: Gardevoir
|-supereffective|p1a: Gardevoir
|-damage|p1a: Gardevoir|0 fnt
|faint|p1a: Gardevoir
|
|upkeep
|
|t:|1758980300
|switch|p1a: Torkoal|Torkoal, F|100/100
|-damage|p1a: Torkoal|75/100|[from] Stealth Rock
|-status|p1a: Torkoal|tox
|-weather|SunnyDay|[from] ability: Drought|[of] p1a: Torkoal
|turn|8
|
|t:|1758980303
|move|p2a: Dragapult|Shadow Ball|p1a: Torkoal
|-damage|p1a: Torkoal|0 fnt
|faint|p1a: Torkoal
|
|-weather|SunnyDay|[upkeep]
|upkeep
|
|t:|1758980306
|switch|p1a: Shiftry|Shiftry, M|100/100
|-damage|p1a: Shiftry|88/100|[from] Stealth Rock
|-status|p1a: Shiftry|tox
|turn|9
|
|t:|1758980318
|switch|p2a: Iron Valiant|Iron Valiant|100/100
|-enditem|p2a: Iron Valiant|Booster Energy
|-activate|p2a: Iron Valiant|ability: Quark Drive|[fromitem]
|-start|p2a: Iron Valiant|quarkdrivespe
|move|p1a: Shiftry|Solar Blade||[still]
|-prepare|p1a: Shiftry|Solar Blade
|-anim|p1a: Shiftry|Solar Blade|p2a: Iron Valiant
|-damage|p2a: Iron Valiant|0 fnt
|faint|p2a: Iron Valiant
|-end|p2a: Iron Valiant|Quark Drive|[silent]
|
|-weather|SunnyDay|[upkeep]
|-damage|p1a: Shiftry|82/100 tox|[from] psn
|upkeep
|
|t:|1758980322
|switch|p2a: Raging Bolt|Raging Bolt|100/100
|-activate|p2a: Raging Bolt|ability: Protosynthesis
|-start|p2a: Raging Bolt|protosynthesisspa
|turn|10
|
|t:|1758980328
|move|p1a: Shiftry|Solar Blade||[still]
|-prepare|p1a: Shiftry|Solar Blade
|-anim|p1a: Shiftry|Solar Blade|p2a: Raging Bolt
|-resisted|p2a: Raging Bolt
|-damage|p2a: Raging Bolt|68/100
|move|p2a: Raging Bolt|Dragon Pulse|p1a: Shiftry
|-damage|p1a: Shiftry|0 fnt
|faint|p1a: Shiftry
|
|-weather|SunnyDay|[upkeep]
|upkeep
|
|t:|1758980332
|switch|p1a: Blaziken|Blaziken, M|100/100
|-damage|p1a: Blaziken|88/100|[from] Stealth Rock
|-status|p1a: Blaziken|tox
|turn|11
|
|t:|1758980339
|move|p1a: Blaziken|Protect|p1a: Blaziken
|-singleturn|p1a: Blaziken|Protect
|move|p2a: Raging Bolt|Dragon Pulse|p1a: Blaziken
|-activate|p1a: Blaziken|move: Protect
|
|-weather|SunnyDay|[upkeep]
|-damage|p1a: Blaziken|82/100 tox|[from] psn
|-ability|p1a: Blaziken|Speed Boost|boost
|-boost|p1a: Blaziken|spe|1
|upkeep
|turn|12
|
|t:|1758980345
|move|p2a: Raging Bolt|Thunderclap|p1a: Blaziken
|-damage|p1a: Blaziken|0 fnt
|faint|p1a: Blaziken
|
|win|Showdown GOAT
|raw|gabsmaluco's rating: 1471 &rarr; <strong>1454</strong><br />(-17 for losing)
|raw|Showdown GOAT's rating: 1519 &rarr; <strong>1536</strong><br />(+17 for winning)
|l|☆gabsmaluco
|player|p1|
|c|☆Showdown GOAT|gg
|l|☆Showdown GOAT
|player|p2|
