|j|☆LDJohnson
|j|☆Salvage0708
|t:|1759053000
|gametype|singles
|player|p1|LDJohnson|169|1228
|player|p2|Salvage0708|169|1224
|gen|9
|tier|[Gen 9] OU
|rated|
|rule|HP Percentage Mod: HP is shown in percentages
|rule|Endless Battle Clause: Forcing endless battles is banned
|rule|Species Clause: Limit one of each Pokémon
|rule|OHKO Clause: OHKO moves are banned
|rule|Evasion Items Clause: Evasion items are banned
|rule|Evasion Moves Clause: Evasion moves are banned
|rule|Evasion Abilities Clause: Evasion abilities are banned
|rule|Sleep Moves Clause: Sleep-inducing moves are banned
|clearpoke
|poke|p1|Raging Bolt|
|poke|p1|Cinderace, F|
|poke|p1|Pecharunt|
|poke|p1|Ting-Lu|
|poke|p1|Weavile, F|
|poke|p1|Primarina, F|
|poke|p2|Walking Wake|
|poke|p2|Hatterene, F|
|poke|p2|Cinccino, F|
|poke|p2|Meowscarada, F|
|poke|p2|Iron Valiant|
|poke|p2|Thundurus-Therian, M|
|teampreview
|inactive|Battle timer is ON: inactive players will automatically lose when time's up. (requested by Salvage0708)
|c|☆Salvage0708|hi
|
|t:|1759053012
|teamsize|p1|6
|teamsize|p2|6
|start
|switch|p1a: Weavile|Weavile, F|100/100
|switch|p2a: Walking Wake|Walking Wake|100/100
|turn|1
|
|t:|1759053028
|switch|p1a: Primarina|Primarina, F|100/100
|move|p2a: Walking Wake|Flip Turn|p1a: Primarina
|-resisted|p1a: Primarina
|-damage|p1a: Primarina|92/100
|
|t:|1759053034
|-end|p2a: Walking Wake|Protosynthesis|[silent]
|switch|p2a: Ker|Meowscarada, F, shiny|100/100|[from] Flip Turn
|
|upkeep
|turn|2
|
|t:|1759053041
|switch|p1a: Pecharunt|Pecharunt|100/100
|move|p2a: Ker|Flower Trick|p1a: Pecharunt
|-start|p2a: Ker|typechange|Grass|[from] ability: Protean
|-resisted|p1a: Pecharunt
|-crit|p1a: Pecharunt
|-damage|p1a: Pecharunt|89/100
|
|-heal|p1a: Pecharunt|95/100|[from] item: Black Sludge
|upkeep
|turn|3
|
|t:|1759053051
|move|p2a: Ker|U-turn|p1a: Pecharunt
|-resisted|p1a: Pecharunt
|-damage|p1a: Pecharunt|92/100
|
|t:|1759053054
|switch|p2a: Walking Wake|Walking Wake|100/100|[from] U-turn
|move|p1a: Pecharunt|Malignant Chain|p2a: Walking Wake
|-damage|p2a: Walking Wake|57/100
|-status|p2a: Walking Wake|tox
|-start|p2a: Walking Wake|confusion|[from] ability: Poison Puppeteer|[of] p1a: Pecharunt
|
|-heal|p1a: Pecharunt|98/100|[from] item: Black Sludge
|-damage|p2a: Walking Wake|51/100 tox|[from] psn
|upkeep
|turn|4
|inactive|LDJohnson has 120 seconds left.
|
|t:|1759053088
|-activate|p2a: Walking Wake|confusion
|move|p2a: Walking Wake|Hydro Steam|p1a: Pecharunt
|-damage|p1a: Pecharunt|56/100
|move|p1a: Pecharunt|Hex|p2a: Walking Wake
|-damage|p2a: Walking Wake|0 fnt
|faint|p2a: Walking Wake
|-end|p2a: Walking Wake|Protosynthesis|[silent]
|
|-heal|p1a: Pecharunt|62/100|[from] item: Black Sludge
|upkeep
|
|t:|1759053098
|switch|p2a: Ker|Meowscarada, F, shiny|100/100
|turn|5
|inactive|LDJohnson has 120 seconds left.
|inactive|LDJohnson has 90 seconds left.
|
|t:|1759053148
|switch|p1a: Raging Bolt|Raging Bolt|100/100
|-enditem|p1a: Raging Bolt|Booster Energy
|-activate|p1a: Raging Bolt|ability: Protosynthesis|[fromitem]
|-start|p1a: Raging Bolt|protosynthesisspa
|move|p2a: Ker|Knock Off|p1a: Raging Bolt
|-start|p2a: Ker|typechange|Dark|[from] ability: Protean
|-damage|p1a: Raging Bolt|74/100
|
|upkeep
|turn|6
|inactive|LDJohnson has 90 seconds left.
|
|t:|1759053159
|switch|p2a: Soup|Thundurus-Therian, M|100/100
|move|p1a: Raging Bolt|Calm Mind|p1a: Raging Bolt
|-boost|p1a: Raging Bolt|spa|1
|-boost|p1a: Raging Bolt|spd|1
|
|upkeep
|turn|7
|
|t:|1759053165
|move|p2a: Soup|Nasty Plot|p2a: Soup
|-boost|p2a: Soup|spa|2
|move|p1a: Raging Bolt|Dragon Pulse|p2a: Soup
|-damage|p2a: Soup|0 fnt
|faint|p2a: Soup
|
|upkeep
|
|t:|1759053171
|switch|p2a: Violet|Iron Valiant|100/100
|-enditem|p2a: Violet|Booster Energy
|-activate|p2a: Violet|ability: Quark Drive|[fromitem]
|-start|p2a: Violet|quarkdrivespe
|turn|8
|inactive|LDJohnson has 90 seconds left.
|
|t:|1759053192
|-terastallize|p1a: Raging Bolt|Fairy
|move|p2a: Violet|Encore|p1a: Raging Bolt
|-start|p1a: Raging Bolt|Encore
|move|p1a: Raging Bolt|Dragon Pulse|p2a: Violet
|-immune|p2a: Violet
|
|upkeep
|turn|9
|inactive|LDJohnson has 90 seconds left.
|
|t:|1759053205
|-end|p1a: Raging Bolt|Protosynthesis|[silent]
|switch|p1a: Pecharunt|Pecharunt|62/100
|move|p2a: Violet|Calm Mind|p2a: Violet
|-boost|p2a: Violet|spa|1
|-boost|p2a: Violet|spd|1
|
|-heal|p1a: Pecharunt|68/100|[from] item: Black Sludge
|upkeep
|turn|10
|
|t:|1759053213
|-terastallize|p2a: Violet|Ghost
|move|p2a: Violet|Shadow Ball|p1a: Pecharunt
|-supereffective|p1a: Pecharunt
|-damage|p1a: Pecharunt|0 fnt
|faint|p1a: Pecharunt
|
|upkeep
|inactive|LDJohnson has 90 seconds left.
|
|t:|1759053251
|switch|p1a: Cinderace|Cinderace, F, shiny|100/100
|turn|11
|
|t:|1759053259
|move|p1a: Cinderace|Sucker Punch|p2a: Violet
|-start|p1a: Cinderace|typechange|Dark|[from] ability: Libero
|-supereffective|p2a: Violet
|-damage|p2a: Violet|13/100
|move|p2a: Violet|Shadow Ball|p1a: Cinderace
|-resisted|p1a: Cinderace
|-damage|p1a: Cinderace|58/100
|-unboost|p1a: Cinderace|spd|1
|
|upkeep
|turn|12
|inactive|LDJohnson has 60 seconds left.
|
|t:|1759053288
|move|p1a: Cinderace|Sucker Punch||[still]
|-fail|p1a: Cinderace
|move|p2a: Violet|Encore|p1a: Cinderace
|-start|p1a: Cinderace|Encore
|
|upkeep
|turn|13
|
|t:|1759053294
|move|p1a: Cinderace|Sucker Punch||[still]
|-fail|p1a: Cinderace
|move|p2a: Violet|Calm Mind|p2a: Violet
|-boost|p2a: Violet|spa|1
|-boost|p2a: Violet|spd|1
|
|upkeep
|turn|14
|
|t:|1759053301
|move|p1a: Cinderace|Sucker Punch||[still]
|-fail|p1a: Cinderace
|move|p2a: Violet|Calm Mind|p2a: Violet
|-boost|p2a: Violet|spa|1
|-boost|p2a: Violet|spd|1
|
|upkeep
|turn|15
|
|t:|1759053306
|move|p1a: Cinderace|Sucker Punch||[still]
|-fail|p1a: Cinderace
|move|p2a: Violet|Calm Mind|p2a: Violet
|-boost|p2a: Violet|spa|1
|-boost|p2a: Violet|spd|1
|
|-end|p1a: Cinderace|Encore
|upkeep
|turn|16
|
|t:|1759053316
|move|p1a: Cinderace|Sucker Punch||[still]
|-fail|p1a: Cinderace
|move|p2a: Violet|Encore|p1a: Cinderace
|-start|p1a: Cinderace|Encore
|
|upkeep
|turn|17
|
|t:|1759053321
|move|p1a: Cinderace|Sucker Punch||[still]
|-fail|p1a: Cinderace
|move|p2a: Violet|Calm Mind|p2a: Violet
|-boost|p2a: Violet|spa|1
|-boost|p2a: Violet|spd|1
|
|upkeep
|turn|18
|inactive|LDJohnson has 90 seconds left.
|
|t:|1759053338
|switch|p1a: Raging Bolt|Raging Bolt, tera:Fairy|74/100
|move|p2a: Violet|Calm Mind|p2a: Violet
|-boost|p2a: Violet|spa|1
|-boost|p2a: Violet|spd|1
|
|upkeep
|turn|19
|
|t:|1759053344
|move|p1a: Raging Bolt|Thunderclap|p2a: Violet
|-damage|p2a: Violet|0 fnt
|faint|p2a: Violet
|-end|p2a: Violet|Quark Drive|[silent]
|
|upkeep
|
|t:|1759053348
|switch|p2a: Cinccino|Cinccino, F|100/100
|turn|20
|
|t:|1759053353
|move|p2a: Cinccino|Tail Slap|p1a: Raging Bolt
|-damage|p1a: Raging Bolt|60/100
|-damage|p1a: Raging Bolt|47/100
|-crit|p1a: Raging Bolt
|-damage|p1a: Raging Bolt|26/100
|-damage|p1a: Raging Bolt|12/100
|-damage|p1a: Raging Bolt|0 fnt
|faint|p1a: Raging Bolt
|-end|p1a: Raging Bolt|Protosynthesis|[silent]
|-hitcount|p1: Raging Bolt|5
|
|upkeep
|
|t:|1759053366
|switch|p1a: Cinderace|Cinderace, F, shiny|58/100
|turn|21
|
|t:|1759053370
|move|p1a: Cinderace|Pyro Ball|p2a: Cinccino
|-damage|p2a: Cinccino|0 fnt
|faint|p2a: Cinccino
|
|upkeep
|
|t:|1759053375
|switch|p2a: Ker|Meowscarada, F, shiny|100/100
|turn|22
|
|t:|1759053379
|move|p2a: Ker|Knock Off|p1a: Cinderace
|-start|p2a: Ker|typechange|Dark|[from] ability: Protean
|-damage|p1a: Cinderace|0 fnt
|-enditem|p1a: Cinderace|Heavy-Duty Boots|[from] move: Knock Off|[of] p2a: Ker
|faint|p1a: Cinderace
|
|upkeep
|inactive|LDJohnson has 120 seconds left.
|
|t:|1759053390
|switch|p1a: Weavile|Weavile, F|100/100
|turn|23
|
|t:|1759053394
|move|p1a: Weavile|Triple Axel|p2a: Ker
|-damage|p2a: Ker|83/100
|-damage|p2a: Ker|54/100
|-damage|p2a: Ker|11/100
|-hitcount|p2a: Ker|3
|move|p2a: Ker|U-turn|p1a: Weavile
|-supereffective|p1a: Weavile
|-crit|p1a: Weavile
|-damage|p1a: Weavile|0 fnt
|faint|p1a: Weavile
|
|t:|1759053403
|switch|p2a: Hatterene|Hatterene, F, shiny|100/100|[from] U-turn
|
|upkeep
|
|t:|1759053417
|switch|p1a: Ting-Lu|Ting-Lu|100/100
|-ability|p1a: Ting-Lu|Vessel of Ruin
|turn|24
|
|t:|1759053422
|move|p1a: Ting-Lu|Earthquake|p2a: Hatterene
|-damage|p2a: Hatterene|67/100
|move|p2a: Hatterene|Calm Mind|p2a: Hatterene
|-boost|p2a: Hatterene|spa|1
|-boost|p2a: Hatterene|spd|1
|
|-heal|p2a: Hatterene|73/100|[from] item: Leftovers
|upkeep
|turn|25
|
|t:|1759053431
|move|p2a: Hatterene|Calm Mind|p2a: Hatterene
|-boost|p2a: Hatterene|spa|1
|-boost|p2a: Hatterene|spd|1
|move|p1a: Ting-Lu|Whirlwind|p2a: Hatterene
|move|p2a: Hatterene|Whirlwind|p1a: Ting-Lu|[from] ability: Magic Bounce
|drag|p1a: Primarina|Primarina, F|92/100
|
|-heal|p2a: Hatterene|79/100|[from] item: Leftovers
|upkeep
|turn|26
|
|t:|1759053445
|move|p1a: Primarina|Surf|p2a: Hatterene
|-damage|p2a: Hatterene|55/100
|move|p2a: Hatterene|Draining Kiss|p1a: Primarina
|-damage|p1a: Primarina|66/100
|-heal|p2a: Hatterene|74/100|[from] drain|[of] p1a: Primarina
|
|-heal|p2a: Hatterene|80/100|[from] item: Leftovers
|upkeep
|turn|27
|
|t:|1759053452
|move|p1a: Primarina|Surf|p2a: Hatterene
|-damage|p2a: Hatterene|56/100
|move|p2a: Hatterene|Calm Mind|p2a: Hatterene
|-boost|p2a: Hatterene|spa|1
|-boost|p2a: Hatterene|spd|1
|
|-heal|p2a: Hatterene|62/100|[from] item: Leftovers
|upkeep
|turn|28
|
|t:|1759053456
|move|p1a: Primarina|Surf|p2a: Hatterene
|-damage|p2a: Hatterene|41/100
|move|p2a: Hatterene|Calm Mind|p2a: Hatterene
|-boost|p2a: Hatterene|spa|1
|-boost|p2a: Hatterene|spd|1
|
|-heal|p2a: Hatterene|47/100|[from] item: Leftovers
|upkeep
|turn|29
|
|t:|1759053460
|move|p1a: Primarina|Surf|p2a: Hatterene
|-damage|p2a: Hatterene|29/100
|move|p2a: Hatterene|Draining Kiss|p1a: Primarina
|-damage|p1a: Primarina|25/100
|-heal|p2a: Hatterene|61/100|[from] drain|[of] p1a: Primarina
|
|-heal|p2a: Hatterene|67/100|[from] item: Leftovers
|upkeep
|turn|30
|
|t:|1759053468
|move|p1a: Primarina|Surf|p2a: Hatterene
|-damage|p2a: Hatterene|40/100
|move|p2a: Hatterene|Draining Kiss|p1a: Primarina
|-damage|p1a: Primarina|0 fnt
|-heal|p2a: Hatterene|58/100|[from] drain|[of] p1a: Primarina
|faint|p1a: Primarina
|
|-heal|p2a: Hatterene|64/100|[from] item: Leftovers
|upkeep
|
|t:|1759053476
|switch|p1a: Ting-Lu|Ting-Lu|100/100
|-ability|p1a: Ting-Lu|Vessel of Ruin
|turn|31
|
|t:|1759053480
|move|p1a: Ting-Lu|Ruination|p2a: Hatterene
|-damage|p2a: Hatterene|33/100
|move|p2a: Hatterene|Draining Kiss|p1a: Ting-Lu
|-supereffective|p1a: Ting-Lu
|-damage|p1a: Ting-Lu|45/100
|-heal|p2a: Hatterene|98/100|[from] drain|[of] p1a: Ting-Lu
|
|-heal|p1a: Ting-Lu|51/100|[from] item: Leftovers
|-heal|p2a: Hatterene|100/100|[from] item: Leftovers
|upkeep
|turn|32
|
|t:|1759053489
|move|p1a: Ting-Lu|Ruination|p2a: Hatterene
|-damage|p2a: Hatterene|50/100
|move|p2a: Hatterene|Draining Kiss|p1a: Ting-Lu
|-supereffective|p1a: Ting-Lu
|-damage|p1a: Ting-Lu|0 fnt
|-heal|p2a: Hatterene|100/100|[from] drain|[of] p1a: Ting-Lu
|faint|p1a: Ting-Lu
|
|win|Salvage0708
|raw|LDJohnson's rating: 1204 &rarr; <strong>1180</strong><br />(-24 for losing)
|raw|Salvage0708's rating: 1224 &rarr; <strong>1248</strong><br />(+24 for winning)
|c|☆Salvage0708|gg
|l|☆LDJohnson
|player|p1|
|l|☆Salvage0708
|player|p2|
