|j|☆liujindadi
|j|☆palcom
|t:|1758970720
|gametype|singles
|player|p1|liujindadi|169|1411
|player|p2|palcom|170|1404
|gen|9
|tier|[Gen 9] OU
|rated|
|rule|HP Percentage Mod: HP is shown in percentages
|rule|Endless Battle Clause: Forcing endless battles is banned
|rule|Species Clause: Limit one of each Pokémon
|rule|OHKO Clause: OHKO moves are banned
|rule|Evasion Items Clause: Evasion items are banned
|rule|Evasion Moves Clause: Evasion moves are banned
|rule|Evasion Abilities Clause: Evasion abilities are banned
|rule|Sleep Moves Clause: Sleep-inducing moves are banned
|clearpoke
|poke|p1|Darkrai|
|poke|p1|Great Tusk|
|poke|p1|Zamazenta-*|
|poke|p1|Sinistcha-Masterpiece|
|poke|p1|Kingambit, M|
|poke|p1|Alomomola, F|
|poke|p2|Charizard, F|
|poke|p2|Torkoal, M|
|poke|p2|Walking Wake|
|poke|p2|Leafeon, M|
|poke|p2|Hatterene, F|
|poke|p2|Mamoswine, F|
|teampreview
|inactive|Battle timer is ON: inactive players will automatically lose when time's up. (requested by palcom)
|
|t:|1758970727
|teamsize|p1|6
|teamsize|p2|6
|start
|switch|p1a: Zamazenta|Zamazenta|100/100
|switch|p2a: Torkoal|Torkoal, M|100/100
|-ability|p1a: Zamazenta|Dauntless Shield|boost
|-boost|p1a: Zamazenta|def|1
|-weather|SunnyDay|[from] ability: Drought|[of] p2a: Torkoal
|turn|1
|
|t:|1758970741
|move|p1a: Zamazenta|Stone Edge|p2a: Torkoal
|-supereffective|p2a: Torkoal
|-damage|p2a: Torkoal|54/100
|-damage|p1a: Zamazenta|91/100|[from] item: Life Orb
|move|p2a: Torkoal|Lava Plume|p1a: Zamazenta
|-damage|p1a: Zamazenta|56/100
|
|-weather|SunnyDay|[upkeep]
|upkeep
|turn|2
|
|t:|1758970752
|switch|p2a: Hatterene|Hatterene, F, shiny|100/100
|move|p1a: Zamazenta|Close Combat|p2a: Hatterene
|-resisted|p2a: Hatterene
|-damage|p2a: Hatterene|86/100
|-unboost|p1a: Zamazenta|def|1
|-unboost|p1a: Zamazenta|spd|1
|-enditem|p2a: Hatterene|Eject Button
|-damage|p1a: Zamazenta|46/100|[from] item: Life Orb
|
|t:|1758970761
|switch|p2a: Leafeon|Leafeon, M|100/100
|
|-weather|SunnyDay|[upkeep]
|upkeep
|turn|3
|
|t:|1758970767
|move|p2a: Leafeon|Solar Blade||[still]
|-prepare|p2a: Leafeon|Solar Blade
|-anim|p2a: Leafeon|Solar Blade|p1a: Zamazenta
|-damage|p1a: Zamazenta|0 fnt
|faint|p1a: Zamazenta
|-damage|p2a: Leafeon|91/100|[from] item: Life Orb
|
|-weather|SunnyDay|[upkeep]
|upkeep
|
|t:|1758970781
|switch|p1a: Darkrai|Darkrai|100/100
|turn|4
|
|t:|1758970795
|move|p2a: Leafeon|Solar Blade||[still]
|-prepare|p2a: Leafeon|Solar Blade
|-anim|p2a: Leafeon|Solar Blade|p1a: Darkrai
|-damage|p1a: Darkrai|0 fnt
|faint|p1a: Darkrai
|-damage|p2a: Leafeon|81/100|[from] item: Life Orb
|
|-weather|SunnyDay|[upkeep]
|upkeep
|
|t:|1758970804
|switch|p1a: Sinistcha|Sinistcha-Masterpiece|100/100
|turn|5
|
|t:|1758970813
|-terastallize|p2a: Leafeon|Fire
|move|p2a: Leafeon|Tera Blast|p1a: Sinistcha|[anim] Tera Blast Fire
|-supereffective|p1a: Sinistcha
|-damage|p1a: Sinistcha|42/100
|-damage|p2a: Leafeon|71/100|[from] item: Life Orb
|move|p1a: Sinistcha|Calm Mind|p1a: Sinistcha
|-boost|p1a: Sinistcha|spa|1
|-boost|p1a: Sinistcha|spd|1
|
|-weather|SunnyDay|[upkeep]
|-heal|p1a: Sinistcha|48/100|[from] item: Leftovers
|upkeep
|turn|6
|
|t:|1758970826
|-terastallize|p1a: Sinistcha|Poison
|move|p2a: Leafeon|Tera Blast|p1a: Sinistcha|[anim] Tera Blast Fire
|-damage|p1a: Sinistcha|21/100
|-damage|p2a: Leafeon|61/100|[from] item: Life Orb
|move|p1a: Sinistcha|Strength Sap|p2a: Leafeon
|-unboost|p2a: Leafeon|atk|1
|-heal|p1a: Sinistcha|100/100
|
|-weather|SunnyDay|[upkeep]
|upkeep
|turn|7
|
|t:|1758970840
|move|p2a: Leafeon|Knock Off|p1a: Sinistcha
|-damage|p1a: Sinistcha|82/100
|-enditem|p1a: Sinistcha|Leftovers|[from] move: Knock Off|[of] p2a: Leafeon
|-damage|p2a: Leafeon|51/100|[from] item: Life Orb
|move|p1a: Sinistcha|Calm Mind|p1a: Sinistcha
|-boost|p1a: Sinistcha|spa|1
|-boost|p1a: Sinistcha|spd|1
|
|-weather|SunnyDay|[upkeep]
|upkeep
|turn|8
|inactive|liujindadi has 120 seconds left.
|
|t:|1758970876
|move|p2a: Leafeon|Swords Dance|p2a: Leafeon
|-boost|p2a: Leafeon|atk|2
|move|p1a: Sinistcha|Calm Mind|p1a: Sinistcha
|-boost|p1a: Sinistcha|spa|1
|-boost|p1a: Sinistcha|spd|1
|
|-weather|none
|upkeep
|turn|9
|inactive|liujindadi has 120 seconds left.
|
|t:|1758970886
|move|p2a: Leafeon|Tera Blast|p1a: Sinistcha|[anim] Tera Blast Fire
|-damage|p1a: Sinistcha|55/100
|-damage|p2a: Leafeon|41/100|[from] item: Life Orb
|move|p1a: Sinistcha|Shadow Ball|p2a: Leafeon
|-damage|p2a: Leafeon|0 fnt
|faint|p2a: Leafeon
|
|upkeep
|
|t:|1758970895
|switch|p2a: Torkoal|Torkoal, M|54/100
|-weather|SunnyDay|[from] ability: Drought|[of] p2a: Torkoal
|turn|10
|
|t:|1758970905
|move|p1a: Sinistcha|Shadow Ball|p2a: Torkoal
|-damage|p2a: Torkoal|0 fnt
|faint|p2a: Torkoal
|
|-weather|SunnyDay|[upkeep]
|upkeep
|
|t:|1758970914
|switch|p2a: Mamoswine|Mamoswine, F|100/100
|turn|11
|
|t:|1758970920
|move|p2a: Mamoswine|Earthquake|p1a: Sinistcha
|-supereffective|p1a: Sinistcha
|-damage|p1a: Sinistcha|0 fnt
|faint|p1a: Sinistcha
|
|-weather|SunnyDay|[upkeep]
|upkeep
|
|t:|1758970935
|switch|p1a: Alomomola|Alomomola, F|100/100
|turn|12
|
|t:|1758970941
|switch|p2a: Walking Wake|Walking Wake|100/100
|-activate|p2a: Walking Wake|ability: Protosynthesis
|-start|p2a: Walking Wake|protosynthesisspa
|move|p1a: Alomomola|Scald|p2a: Walking Wake
|-resisted|p2a: Walking Wake
|-damage|p2a: Walking Wake|99/100
|-status|p2a: Walking Wake|brn
|
|-weather|SunnyDay|[upkeep]
|-damage|p2a: Walking Wake|93/100 brn|[from] brn
|upkeep
|turn|13
|
|t:|1758970954
|move|p2a: Walking Wake|Dragon Pulse|p1a: Alomomola
|-damage|p1a: Alomomola|60/100
|move|p1a: Alomomola|Mirror Coat|p2a: Walking Wake
|-damage|p2a: Walking Wake|0 fnt
|faint|p2a: Walking Wake
|-end|p2a: Walking Wake|Protosynthesis|[silent]
|
|-weather|SunnyDay|[upkeep]
|-heal|p1a: Alomomola|66/100|[from] item: Leftovers
|upkeep
|
|t:|1758970959
|switch|p2a: Charizard|Charizard, F, shiny|100/100
|turn|14
|
|t:|1758970970
|switch|p1a: Great Tusk|Great Tusk|100/100
|-activate|p1a: Great Tusk|ability: Protosynthesis
|-start|p1a: Great Tusk|protosynthesisatk
|move|p2a: Charizard|Solar Beam||[still]
|-prepare|p2a: Charizard|Solar Beam
|-anim|p2a: Charizard|Solar Beam|p1a: Great Tusk
|-supereffective|p1a: Great Tusk
|-damage|p1a: Great Tusk|0 fnt
|faint|p1a: Great Tusk
|-end|p1a: Great Tusk|Protosynthesis|[silent]
|
|-weather|SunnyDay|[upkeep]
|-damage|p2a: Charizard|88/100|[from] ability: Solar Power|[of] p2a: Charizard
|upkeep
|
|t:|1758970984
|switch|p1a: Kingambit|Kingambit, M|100/100
|-activate|p1a: Kingambit|ability: Supreme Overlord
|-start|p1a: Kingambit|fallen4|[silent]
|turn|15
|
|t:|1758970990
|switch|p2a: Mamoswine|Mamoswine, F|100/100
|move|p1a: Kingambit|Sucker Punch||[still]
|-fail|p1a: Kingambit
|
|-weather|SunnyDay|[upkeep]
|upkeep
|turn|16
|
|t:|1758970999
|move|p2a: Mamoswine|Earthquake|p1a: Kingambit
|-supereffective|p1a: Kingambit
|-damage|p1a: Kingambit|27/100
|move|p1a: Kingambit|Kowtow Cleave|p2a: Mamoswine
|-damage|p2a: Mamoswine|8/100
|
|-weather|SunnyDay|[upkeep]
|upkeep
|turn|17
|
|t:|1758971009
|-end|p1a: Kingambit|fallen4|[silent]
|switch|p1a: Alomomola|Alomomola, F|99/100
|move|p2a: Mamoswine|Ice Shard|p1a: Alomomola
|-resisted|p1a: Alomomola
|-crit|p1a: Alomomola
|-damage|p1a: Alomomola|87/100
|
|-weather|none
|-heal|p1a: Alomomola|93/100|[from] item: Leftovers
|upkeep
|turn|18
|
|t:|1758971020
|move|p2a: Mamoswine|Earthquake|p1a: Alomomola
|-damage|p1a: Alomomola|58/100
|move|p1a: Alomomola|Wish|p1a: Alomomola
|
|-heal|p1a: Alomomola|65/100|[from] item: Leftovers
|upkeep
|turn|19
|
|t:|1758971028
|switch|p2a: Hatterene|Hatterene, F, shiny|86/100
|move|p1a: Alomomola|Flip Turn|p2a: Hatterene
|-damage|p2a: Hatterene|73/100
|
|t:|1758971037
|switch|p1a: Kingambit|Kingambit, M|27/100|[from] Flip Turn
|-activate|p1a: Kingambit|ability: Supreme Overlord
|-start|p1a: Kingambit|fallen4|[silent]
|
|-heal|p1a: Kingambit|93/100|[from] move: Wish|[wisher] Alomomola
|upkeep
|turn|20
|-message|palcom forfeited.
|
|win|liujindadi
|raw|liujindadi's rating: 1411 &rarr; <strong>1431</strong><br />(+20 for winning)
|raw|palcom's rating: 1404 &rarr; <strong>1384</strong><br />(-20 for losing)
|l|☆palcom
|player|p2|
|l|☆liujindadi
|player|p1|
