|j|☆jessies boyfriend
|j|☆v4lbu-p0k3
|t:|1759068766
|gametype|singles
|player|p1|jessies boyfriend|brock|1300
|player|p2|v4lbu-p0k3|ingo|1328
|gen|9
|tier|[Gen 9] OU
|rated|
|rule|HP Percentage Mod: HP is shown in percentages
|rule|Endless Battle Clause: Forcing endless battles is banned
|rule|Species Clause: Limit one of each Pokémon
|rule|OHKO Clause: OHKO moves are banned
|rule|Evasion Items Clause: Evasion items are banned
|rule|Evasion Moves Clause: Evasion moves are banned
|rule|Evasion Abilities Clause: Evasion abilities are banned
|rule|Sleep Moves Clause: Sleep-inducing moves are banned
|clearpoke
|poke|p1|Walking Wake|
|poke|p1|Heatran, F|
|poke|p1|Ninetales, F|
|poke|p1|Torkoal, F|
|poke|p1|Great Tusk|
|poke|p1|Chandelure, F|
|poke|p2|Metagross|
|poke|p2|Ceruledge, M|
|poke|p2|Kingambit, M|
|poke|p2|Qwilfish-Hisui, M|
|poke|p2|Iron Valiant|
|poke|p2|Kyurem|
|teampreview
|inactive|Battle timer is ON: inactive players will automatically lose when time's up. (requested by v4lbu-p0k3)
|
|t:|1759068784
|teamsize|p1|6
|teamsize|p2|6
|start
|switch|p1a: Ninetales|Ninetales, F|100/100
|switch|p2a: Roll|Iron Valiant, shiny|100/100
|-weather|SunnyDay|[from] ability: Drought|[of] p1a: Ninetales
|-enditem|p2a: Roll|Booster Energy
|-activate|p2a: Roll|ability: Quark Drive|[fromitem]
|-start|p2a: Roll|quarkdrivespe
|turn|1
|
|t:|1759068789
|move|p2a: Roll|Knock Off|p1a: Ninetales
|-damage|p1a: Ninetales|56/100
|-enditem|p1a: Ninetales|Eject Pack|[from] move: Knock Off|[of] p2a: Roll
|move|p1a: Ninetales|Overheat|p2a: Roll
|-damage|p2a: Roll|0 fnt
|-unboost|p1a: Ninetales|spa|2
|faint|p2a: Roll
|-end|p2a: Roll|Quark Drive|[silent]
|
|-weather|SunnyDay|[upkeep]
|upkeep
|
|t:|1759068804
|switch|p2a: Aegon|Kyurem, shiny|100/100
|-ability|p2a: Aegon|Pressure
|turn|2
|
|t:|1759068808
|move|p1a: Ninetales|Memento|p2a: Aegon
|-unboost|p2a: Aegon|atk|2
|-unboost|p2a: Aegon|spa|2
|faint|p1a: Ninetales
|move|p2a: Aegon|Dragon Dance|p2a: Aegon
|-boost|p2a: Aegon|atk|1
|-boost|p2a: Aegon|spe|1
|
|-weather|SunnyDay|[upkeep]
|upkeep
|
|t:|1759068827
|switch|p1a: Heatran|Heatran, F|100/100
|turn|3
|
|t:|1759068835
|switch|p2a: Paladín|Ceruledge, M, shiny|100/100
|move|p1a: Heatran|Flame Charge|p2a: Paladín
|-resisted|p2a: Paladín
|-damage|p2a: Paladín|84/100
|-boost|p1a: Heatran|spe|1
|-ability|p2a: Paladín|Weak Armor|boost
|-unboost|p2a: Paladín|def|1
|-boost|p2a: Paladín|spe|2
|
|-weather|SunnyDay|[upkeep]
|upkeep
|turn|4
|
|t:|1759068857
|-terastallize|p1a: Heatran|Fire
|move|p2a: Paladín|Poltergeist|p1a: Heatran
|-activate|p1a: Heatran|move: Poltergeist|Throat Spray
|-damage|p1a: Heatran|43/100
|move|p1a: Heatran|Overheat|p2a: Paladín
|-resisted|p2a: Paladín
|-damage|p2a: Paladín|0 fnt
|-unboost|p1a: Heatran|spa|2
|faint|p2a: Paladín
|
|-weather|SunnyDay|[upkeep]
|upkeep
|inactive|v4lbu-p0k3 has 120 seconds left.
|l|☆v4lbu-p0k3
|inactive|v4lbu-p0k3 disconnected and has a minute to reconnect!
|player|p2|
|j|☆v4lbu-p0k3
|inactive|v4lbu-p0k3 reconnected and has 95 seconds left.
|player|p2|v4lbu-p0k3|ingo|
|inactive|v4lbu-p0k3 has 90 seconds left.
|
|t:|1759068902
|switch|p2a: Sandor|Kingambit, M|100/100
|-activate|p2a: Sandor|ability: Supreme Overlord
|-start|p2a: Sandor|fallen2|[silent]
|turn|5
|
|t:|1759068913
|-terastallize|p2a: Sandor|Dark
|move|p2a: Sandor|Sucker Punch|p1a: Heatran
|-damage|p1a: Heatran|0 fnt
|faint|p1a: Heatran
|
|-weather|none
|upkeep
|
|t:|1759068924
|switch|p1a: Torkoal|Torkoal, F|100/100
|-weather|SunnyDay|[from] ability: Drought|[of] p1a: Torkoal
|turn|6
|
|t:|1759068937
|-end|p2a: Sandor|fallen2|[silent]
|switch|p2a: Van Loon|Qwilfish-Hisui, M|100/100
|-ability|p2a: Van Loon|Intimidate|boost
|-unboost|p1a: Torkoal|atk|1
|move|p1a: Torkoal|Will-O-Wisp|p2a: Van Loon
|-status|p2a: Van Loon|brn
|
|-weather|SunnyDay|[upkeep]
|-damage|p2a: Van Loon|95/100 brn|[from] brn
|upkeep
|turn|7
|inactive|jessies boyfriend has 120 seconds left.
|
|t:|1759068979
|switch|p1a: Great Tusk|Great Tusk|100/100
|-activate|p1a: Great Tusk|ability: Protosynthesis
|-start|p1a: Great Tusk|protosynthesisspe
|move|p2a: Van Loon|Toxic|p1a: Great Tusk
|-status|p1a: Great Tusk|tox
|
|-weather|SunnyDay|[upkeep]
|-damage|p1a: Great Tusk|94/100 tox|[from] psn
|-damage|p2a: Van Loon|89/100 brn|[from] brn
|upkeep
|turn|8
|
|t:|1759068992
|move|p1a: Great Tusk|Headlong Rush|p2a: Van Loon
|-supereffective|p2a: Van Loon
|-damage|p2a: Van Loon|31/100 brn
|-unboost|p1a: Great Tusk|def|1
|-unboost|p1a: Great Tusk|spd|1
|move|p2a: Van Loon|Pain Split|p1a: Great Tusk
|-sethp|p1a: Great Tusk|61/100 tox|[from] move: Pain Split|[silent]
|-sethp|p2a: Van Loon|68/100 brn|[from] move: Pain Split
|
|-weather|SunnyDay|[upkeep]
|-damage|p1a: Great Tusk|49/100 tox|[from] psn
|-damage|p2a: Van Loon|62/100 brn|[from] brn
|upkeep
|turn|9
|
|t:|1759069003
|move|p1a: Great Tusk|Bulk Up|p1a: Great Tusk
|-boost|p1a: Great Tusk|atk|1
|-boost|p1a: Great Tusk|def|1
|move|p2a: Van Loon|Pain Split|p1a: Great Tusk
|-sethp|p1a: Great Tusk|52/100 tox|[from] move: Pain Split|[silent]
|-sethp|p2a: Van Loon|58/100 brn|[from] move: Pain Split
|
|-weather|SunnyDay|[upkeep]
|-damage|p1a: Great Tusk|34/100 tox|[from] psn
|-damage|p2a: Van Loon|52/100 brn|[from] brn
|upkeep
|turn|10
|
|t:|1759069011
|move|p1a: Great Tusk|Headlong Rush|p2a: Van Loon
|-supereffective|p2a: Van Loon
|-damage|p2a: Van Loon|0 fnt
|-unboost|p1a: Great Tusk|def|1
|-unboost|p1a: Great Tusk|spd|1
|faint|p2a: Van Loon
|
|-weather|none
|-end|p1a: Great Tusk|Protosynthesis
|-damage|p1a: Great Tusk|9/100 tox|[from] psn
|upkeep
|-enditem|p1a: Great Tusk|Booster Energy
|-activate|p1a: Great Tusk|ability: Protosynthesis|[fromitem]
|-start|p1a: Great Tusk|protosynthesisatk
|
|t:|1759069026
|switch|p2a: Sandor|Kingambit, M, tera:Dark|100/100
|-activate|p2a: Sandor|ability: Supreme Overlord
|-start|p2a: Sandor|fallen3|[silent]
|turn|11
|
|t:|1759069031
|move|p2a: Sandor|Sucker Punch|p1a: Great Tusk
|-resisted|p1a: Great Tusk
|-damage|p1a: Great Tusk|0 fnt
|faint|p1a: Great Tusk
|-end|p1a: Great Tusk|Protosynthesis|[silent]
|
|upkeep
|
|t:|1759069034
|switch|p1a: Torkoal|Torkoal, F|100/100
|-weather|SunnyDay|[from] ability: Drought|[of] p1a: Torkoal
|turn|12
|
|t:|1759069038
|-end|p2a: Sandor|fallen3|[silent]
|switch|p2a: Aegon|Kyurem, shiny|100/100
|-ability|p2a: Aegon|Pressure
|move|p1a: Torkoal|Will-O-Wisp|p2a: Aegon
|-status|p2a: Aegon|brn
|
|-weather|SunnyDay|[upkeep]
|-damage|p2a: Aegon|94/100 brn|[from] brn
|upkeep
|turn|13
|
|t:|1759069046
|switch|p1a: Walking Wake|Walking Wake|100/100
|-activate|p1a: Walking Wake|ability: Protosynthesis
|-start|p1a: Walking Wake|protosynthesisspe
|move|p2a: Aegon|Dragon Dance|p2a: Aegon
|-boost|p2a: Aegon|atk|1
|-boost|p2a: Aegon|spe|1
|
|-weather|SunnyDay|[upkeep]
|-damage|p2a: Aegon|88/100 brn|[from] brn
|upkeep
|turn|14
|
|t:|1759069055
|move|p1a: Walking Wake|Flamethrower|p2a: Aegon
|-damage|p2a: Aegon|47/100 brn
|move|p2a: Aegon|Scale Shot|p1a: Walking Wake
|-supereffective|p1a: Walking Wake
|-damage|p1a: Walking Wake|78/100
|-supereffective|p1a: Walking Wake
|-damage|p1a: Walking Wake|55/100
|-supereffective|p1a: Walking Wake
|-damage|p1a: Walking Wake|33/100
|-supereffective|p1a: Walking Wake
|-damage|p1a: Walking Wake|11/100
|-hitcount|p1a: Walking Wake|4
|-unboost|p2a: Aegon|def|1
|-boost|p2a: Aegon|spe|1
|
|-weather|SunnyDay|[upkeep]
|-damage|p2a: Aegon|41/100 brn|[from] brn
|upkeep
|turn|15
|
|t:|1759069069
|move|p2a: Aegon|Scale Shot|p1a: Walking Wake
|-supereffective|p1a: Walking Wake
|-damage|p1a: Walking Wake|0 fnt
|faint|p1a: Walking Wake
|-end|p1a: Walking Wake|Protosynthesis|[silent]
|-hitcount|p1: Walking Wake|1
|-unboost|p2a: Aegon|def|1
|-boost|p2a: Aegon|spe|1
|
|-weather|SunnyDay|[upkeep]
|-damage|p2a: Aegon|35/100 brn|[from] brn
|upkeep
|
|t:|1759069078
|switch|p1a: Chandelure|Chandelure, F|100/100
|turn|16
|
|t:|1759069084
|move|p2a: Aegon|Scale Shot|p1a: Chandelure
|-damage|p1a: Chandelure|85/100
|-damage|p1a: Chandelure|69/100
|-damage|p1a: Chandelure|54/100
|-damage|p1a: Chandelure|40/100
|-damage|p1a: Chandelure|24/100
|-hitcount|p1a: Chandelure|5
|-unboost|p2a: Aegon|def|1
|-boost|p2a: Aegon|spe|1
|move|p1a: Chandelure|Flamethrower|p2a: Aegon
|-damage|p2a: Aegon|0 fnt
|faint|p2a: Aegon
|
|-weather|none
|upkeep
|
|t:|1759069103
|switch|p2a: Sandor|Kingambit, M, tera:Dark|100/100
|-activate|p2a: Sandor|ability: Supreme Overlord
|-start|p2a: Sandor|fallen4|[silent]
|turn|17
|
|t:|1759069110
|switch|p1a: Torkoal|Torkoal, F|100/100
|-weather|SunnyDay|[from] ability: Drought|[of] p1a: Torkoal
|move|p2a: Sandor|Sucker Punch||[still]
|-fail|p2a: Sandor
|
|-weather|SunnyDay|[upkeep]
|upkeep
|turn|18
|
|t:|1759069118
|-end|p2a: Sandor|fallen4|[silent]
|switch|p2a: Máximo|Metagross, shiny|100/100
|move|p1a: Torkoal|Will-O-Wisp|p2a: Máximo
|-status|p2a: Máximo|brn
|
|-weather|SunnyDay|[upkeep]
|-damage|p2a: Máximo|95/100 brn|[from] brn
|upkeep
|turn|19
|
|t:|1759069125
|move|p2a: Máximo|Agility|p2a: Máximo
|-boost|p2a: Máximo|spe|2
|move|p1a: Torkoal|Lava Plume|p2a: Máximo
|-supereffective|p2a: Máximo
|-damage|p2a: Máximo|4/100 brn
|-enditem|p2a: Máximo|Weakness Policy
|-boost|p2a: Máximo|atk|2|[from] item: Weakness Policy
|-boost|p2a: Máximo|spa|2|[from] item: Weakness Policy
|
|-weather|SunnyDay|[upkeep]
|-damage|p2a: Máximo|0 fnt|[from] brn
|faint|p2a: Máximo
|upkeep
|
|t:|1759069130
|switch|p2a: Sandor|Kingambit, M, tera:Dark|100/100
|-activate|p2a: Sandor|ability: Supreme Overlord
|-start|p2a: Sandor|fallen5|[silent]
|turn|20
|
|t:|1759069132
|move|p2a: Sandor|Swords Dance|p2a: Sandor
|-boost|p2a: Sandor|atk|2
|move|p1a: Torkoal|Will-O-Wisp|p2a: Sandor
|-status|p2a: Sandor|brn
|
|-weather|SunnyDay|[upkeep]
|-damage|p2a: Sandor|94/100 brn|[from] brn
|upkeep
|turn|21
|
|t:|1759069141
|move|p2a: Sandor|Kowtow Cleave|p1a: Torkoal
|-damage|p1a: Torkoal|15/100
|-enditem|p1a: Torkoal|Eject Button
|
|t:|1759069145
|switch|p1a: Chandelure|Chandelure, F|24/100
|
|-weather|none
|-damage|p2a: Sandor|88/100 brn|[from] brn
|upkeep
|turn|22
|
|t:|1759069153
|move|p1a: Chandelure|Overheat|p2a: Sandor
|-damage|p2a: Sandor|8/100 brn
|-unboost|p1a: Chandelure|spa|2
|move|p2a: Sandor|Kowtow Cleave|p1a: Chandelure
|-supereffective|p1a: Chandelure
|-damage|p1a: Chandelure|0 fnt
|faint|p1a: Chandelure
|
|-damage|p2a: Sandor|1/100 brn|[from] brn
|upkeep
|
|t:|1759069157
|switch|p1a: Torkoal|Torkoal, F|15/100
|-weather|SunnyDay|[from] ability: Drought|[of] p1a: Torkoal
|turn|23
|l|☆v4lbu-p0k3
|inactive|v4lbu-p0k3 disconnected and has a minute to reconnect!
|player|p2|
|j|☆v4lbu-p0k3
|inactive|v4lbu-p0k3 reconnected and has 135 seconds left.
|player|p2|v4lbu-p0k3|ingo|
|
|t:|1759069179
|move|p2a: Sandor|Kowtow Cleave|p1a: Torkoal
|-damage|p1a: Torkoal|0 fnt
|faint|p1a: Torkoal
|
|win|v4lbu-p0k3
|raw|jessies boyfriend's rating: 1300 &rarr; <strong>1277</strong><br />(-23 for losing)
|raw|v4lbu-p0k3's rating: 1328 &rarr; <strong>1346</strong><br />(+18 for winning)
|l|☆jessies boyfriend
|player|p1|
|l|☆v4lbu-p0k3
|player|p2|
|j|☆v4lbu-p0k3
|player|p2|v4lbu-p0k3|ingo|
