|j|☆kasage
|j|☆Alain201711
|t:|1758951722
|gametype|singles
|player|p1|kasage|lorelei-gen1rb|1275
|player|p2|Alain201711|steven|1252
|gen|9
|tier|[Gen 9] OU
|rated|
|rule|HP Percentage Mod: HP is shown in percentages
|rule|Endless Battle Clause: Forcing endless battles is banned
|rule|Species Clause: Limit one of each Pokémon
|rule|OHKO Clause: OHKO moves are banned
|rule|Evasion Items Clause: Evasion items are banned
|rule|Evasion Moves Clause: Evasion moves are banned
|rule|Evasion Abilities Clause: Evasion abilities are banned
|rule|Sleep Moves Clause: Sleep-inducing moves are banned
|clearpoke
|poke|p1|Keldeo-Resolute|
|poke|p1|Glimmora, F|
|poke|p1|Dragonite, M|
|poke|p1|Lilligant, F|
|poke|p1|Ting-Lu|
|poke|p1|Corviknight, F|
|poke|p2|Ogerpon-Wellspring, F|
|poke|p2|Kyurem|
|poke|p2|Zapdos|
|poke|p2|Scizor, F|
|poke|p2|Iron Moth|
|poke|p2|Iron Hands|
|teampreview
|
|t:|1758951725
|teamsize|p1|6
|teamsize|p2|6
|start
|switch|p1a: Lilligant|Lilligant, F, shiny|100/100
|switch|p2a: Iron Hands|Iron Hands|100/100
|turn|1
|
|t:|1758951729
|move|p1a: Lilligant|Quiver Dance|p1a: Lilligant
|-boost|p1a: Lilligant|spa|1
|-boost|p1a: Lilligant|spd|1
|-boost|p1a: Lilligant|spe|1
|move|p2a: Iron Hands|Ice Punch|p1a: Lilligant
|-supereffective|p1a: Lilligant
|-damage|p1a: Lilligant|11/100
|
|upkeep
|turn|2
|
|t:|1758951733
|move|p1a: Lilligant|Petal Dance|p2a: Iron Hands
|-damage|p2a: Iron Hands|38/100
|-damage|p1a: Lilligant|1/100|[from] item: Life Orb
|move|p2a: Iron Hands|Ice Punch|p1a: Lilligant
|-supereffective|p1a: Lilligant
|-damage|p1a: Lilligant|0 fnt
|faint|p1a: Lilligant
|
|upkeep
|
|t:|1758951740
|switch|p1a: Keldeo|Keldeo-Resolute|100/100
|turn|3
|
|t:|1758951745
|-terastallize|p2a: Iron Hands|Fairy
|move|p1a: Keldeo|Secret Sword|p2a: Iron Hands
|-resisted|p2a: Iron Hands
|-damage|p2a: Iron Hands|21/100
|move|p2a: Iron Hands|Play Rough|p1a: Keldeo
|-supereffective|p1a: Keldeo
|-damage|p1a: Keldeo|0 fnt
|faint|p1a: Keldeo
|
|upkeep
|
|t:|1758951751
|switch|p1a: Glimmora|Glimmora, F|100/100
|turn|4
|
|t:|1758951755
|move|p1a: Glimmora|Mortal Spin|p2a: Iron Hands
|-supereffective|p2a: Iron Hands
|-damage|p2a: Iron Hands|14/100
|-status|p2a: Iron Hands|psn
|move|p2a: Iron Hands|Drain Punch|p1a: Glimmora
|-damage|p1a: Glimmora|45/100
|-heal|p2a: Iron Hands|30/100 psn|[from] drain|[of] p1a: Glimmora
|-activate|p1a: Glimmora|ability: Toxic Debris
|-sidestart|p2: Alain201711|move: Toxic Spikes
|
|-damage|p2a: Iron Hands|18/100 psn|[from] psn
|upkeep
|turn|5
|
|t:|1758951759
|move|p1a: Glimmora|Stealth Rock|p2a: Iron Hands
|-sidestart|p2: Alain201711|move: Stealth Rock
|move|p2a: Iron Hands|Drain Punch|p1a: Glimmora
|-damage|p1a: Glimmora|0 fnt
|-heal|p2a: Iron Hands|32/100 psn|[from] drain|[of] p1a: Glimmora
|-activate|p1a: Glimmora|ability: Toxic Debris
|-sidestart|p2: Alain201711|move: Toxic Spikes
|faint|p1a: Glimmora
|
|-damage|p2a: Iron Hands|19/100 psn|[from] psn
|upkeep
|
|t:|1758951763
|switch|p1a: Dragonite|Dragonite, M|100/100
|turn|6
|
|t:|1758951766
|move|p1a: Dragonite|Earthquake|p2a: Iron Hands
|-damage|p2a: Iron Hands|0 fnt
|faint|p2a: Iron Hands
|-end|p2a: Iron Hands|Quark Drive|[silent]
|
|upkeep
|
|t:|1758951772
|switch|p2a: Iron Moth|Iron Moth|100/100
|-sideend|p2: Alain201711|move: Toxic Spikes|[of] p2a: Iron Moth
|-damage|p2a: Iron Moth|76/100|[from] Stealth Rock
|-enditem|p2a: Iron Moth|Booster Energy
|-activate|p2a: Iron Moth|ability: Quark Drive|[fromitem]
|-start|p2a: Iron Moth|quarkdrivespa
|turn|7
|
|t:|1758951779
|switch|p1a: Ting-Lu|Ting-Lu|100/100
|-ability|p1a: Ting-Lu|Vessel of Ruin
|move|p2a: Iron Moth|Dazzling Gleam|p1a: Ting-Lu
|-supereffective|p1a: Ting-Lu
|-damage|p1a: Ting-Lu|61/100
|
|-heal|p1a: Ting-Lu|67/100|[from] item: Leftovers
|upkeep
|turn|8
|
|t:|1758951785
|-end|p2a: Iron Moth|Quark Drive|[silent]
|switch|p2a: Zapdos|Zapdos|100/100
|move|p1a: Ting-Lu|Earthquake|p2a: Zapdos
|-immune|p2a: Zapdos
|
|-heal|p1a: Ting-Lu|73/100|[from] item: Leftovers
|upkeep
|turn|9
|
|t:|1758951790
|move|p2a: Zapdos|Hurricane|p1a: Ting-Lu
|-damage|p1a: Ting-Lu|42/100
|move|p1a: Ting-Lu|Ruination|p2a: Zapdos
|-damage|p2a: Zapdos|51/100
|
|-heal|p1a: Ting-Lu|48/100|[from] item: Leftovers
|upkeep
|turn|10
|
|t:|1758951796
|move|p2a: Zapdos|Hurricane|p1a: Ting-Lu|[miss]
|-miss|p2a: Zapdos|p1a: Ting-Lu
|move|p1a: Ting-Lu|Ruination|p2a: Zapdos
|-damage|p2a: Zapdos|26/100
|
|-heal|p1a: Ting-Lu|55/100|[from] item: Leftovers
|upkeep
|turn|11
|
|t:|1758951800
|move|p2a: Zapdos|Roost|p2a: Zapdos
|-heal|p2a: Zapdos|76/100
|-singleturn|p2a: Zapdos|move: Roost
|move|p1a: Ting-Lu|Earthquake|p2a: Zapdos
|-supereffective|p2a: Zapdos
|-damage|p2a: Zapdos|0 fnt
|faint|p2a: Zapdos
|
|-heal|p1a: Ting-Lu|61/100|[from] item: Leftovers
|upkeep
|
|t:|1758951807
|switch|p2a: Kyurem|Kyurem|100/100
|-damage|p2a: Kyurem|76/100|[from] Stealth Rock
|-ability|p2a: Kyurem|Pressure
|turn|12
|
|t:|1758951816
|-terastallize|p1a: Ting-Lu|Poison
|move|p2a: Kyurem|Dragon Dance|p2a: Kyurem
|-boost|p2a: Kyurem|atk|1
|-boost|p2a: Kyurem|spe|1
|move|p1a: Ting-Lu|Earthquake|p2a: Kyurem
|-damage|p2a: Kyurem|37/100
|
|-heal|p1a: Ting-Lu|67/100|[from] item: Leftovers
|upkeep
|turn|13
|
|t:|1758951822
|move|p2a: Kyurem|Scale Shot|p1a: Ting-Lu
|-damage|p1a: Ting-Lu|58/100
|-damage|p1a: Ting-Lu|48/100
|-damage|p1a: Ting-Lu|39/100
|-damage|p1a: Ting-Lu|29/100
|-crit|p1a: Ting-Lu
|-damage|p1a: Ting-Lu|15/100
|-hitcount|p1a: Ting-Lu|5
|-unboost|p2a: Kyurem|def|1
|-boost|p2a: Kyurem|spe|1
|move|p1a: Ting-Lu|Heavy Slam|p2a: Kyurem
|-supereffective|p2a: Kyurem
|-damage|p2a: Kyurem|0 fnt
|faint|p2a: Kyurem
|
|-heal|p1a: Ting-Lu|21/100|[from] item: Leftovers
|upkeep
|
|t:|1758951831
|switch|p2a: Ogerpon|Ogerpon-Wellspring, F|100/100
|-damage|p2a: Ogerpon|88/100|[from] Stealth Rock
|turn|14
|
|t:|1758951834
|move|p2a: Ogerpon|Ivy Cudgel|p1a: Ting-Lu|[anim] Ivy Cudgel Water
|-damage|p1a: Ting-Lu|0 fnt
|faint|p1a: Ting-Lu
|
|upkeep
|
|t:|1758951845
|switch|p1a: Corviknight|Corviknight, F|100/100
|-ability|p1a: Corviknight|Pressure
|turn|15
|
|t:|1758951850
|move|p2a: Ogerpon|Swords Dance|p2a: Ogerpon
|-boost|p2a: Ogerpon|atk|2
|move|p1a: Corviknight|Brave Bird|p2a: Ogerpon
|-supereffective|p2a: Ogerpon
|-damage|p2a: Ogerpon|0 fnt
|faint|p2a: Ogerpon
|-damage|p1a: Corviknight|79/100|[from] Recoil
|
|-heal|p1a: Corviknight|85/100|[from] item: Leftovers
|upkeep
|
|t:|1758951855
|switch|p2a: Iron Moth|Iron Moth|76/100
|-damage|p2a: Iron Moth|51/100|[from] Stealth Rock
|turn|16
|
|t:|1758951859
|move|p2a: Iron Moth|Fiery Dance|p1a: Corviknight
|-supereffective|p1a: Corviknight
|-damage|p1a: Corviknight|5/100
|move|p1a: Corviknight|Brave Bird|p2a: Iron Moth
|-damage|p2a: Iron Moth|0 fnt
|faint|p2a: Iron Moth
|-end|p2a: Iron Moth|Quark Drive|[silent]
|-damage|p1a: Corviknight|0 fnt|[from] Recoil
|faint|p1a: Corviknight
|
|upkeep
|
|t:|1758951864
|switch|p2a: Scizor|Scizor, F|100/100
|switch|p1a: Dragonite|Dragonite, M|100/100
|turn|17
|
|t:|1758951868
|move|p1a: Dragonite|Dragon Dance|p1a: Dragonite
|-boost|p1a: Dragonite|atk|1
|-boost|p1a: Dragonite|spe|1
|move|p2a: Scizor|Knock Off|p1a: Dragonite
|-damage|p1a: Dragonite|81/100
|-enditem|p1a: Dragonite|Heavy-Duty Boots|[from] move: Knock Off|[of] p2a: Scizor
|
|upkeep
|turn|18
|
|t:|1758951872
|move|p2a: Scizor|Bullet Punch|p1a: Dragonite
|-damage|p1a: Dragonite|46/100
|move|p1a: Dragonite|Earthquake|p2a: Scizor
|-damage|p2a: Scizor|45/100
|
|upkeep
|turn|19
|
|t:|1758951879
|move|p2a: Scizor|Bullet Punch|p1a: Dragonite
|-damage|p1a: Dragonite|5/100
|move|p1a: Dragonite|Earthquake|p2a: Scizor
|-damage|p2a: Scizor|0 fnt
|faint|p2a: Scizor
|
|win|kasage
|raw|kasage's rating: 1275 &rarr; <strong>1298</strong><br />(+23 for winning)
|raw|Alain201711's rating: 1252 &rarr; <strong>1229</strong><br />(-23 for losing)
|l|☆Alain201711
|player|p2|
|l|☆kasage
|player|p1|
