|badge|p1|bronze|gen9ou|100-6
|html|<div class="broadcast-red"><strong>This battle is required to be public due to one or more player having a season medal.</strong><br />During the public phase, you can discuss the state of the ladder <a href="/seasondiscussion">in a special chatroom.</a></div>
|uhtml|medal-msg|<div class="broadcast-blue">Curious what those medals under the avatar are? PS now has Ladder Seasons! For more information, check out the <a href="https://www.smogon.com/forums/threads/3740067/">thread on Smogon.</a></div>
|raw|<div class="broadcast-blue"><strong>This battle is required to be public due to a player having a name starting with 'medal'.</div>
|j|☆JackRG1
|j|☆shyahngyoo
|t:|1759035745
|gametype|singles
|player|p1|JackRG1|dawn-gen4pt|1889
|player|p2|shyahngyoo|1|1764
|gen|9
|tier|[Gen 9] OU
|rated|
|rule|HP Percentage Mod: HP is shown in percentages
|rule|Endless Battle Clause: Forcing endless battles is banned
|rule|Species Clause: Limit one of each Pokémon
|rule|OHKO Clause: OHKO moves are banned
|rule|Evasion Items Clause: Evasion items are banned
|rule|Evasion Moves Clause: Evasion moves are banned
|rule|Evasion Abilities Clause: Evasion abilities are banned
|rule|Sleep Moves Clause: Sleep-inducing moves are banned
|clearpoke
|poke|p1|Weezing-Galar, M|
|poke|p1|Ting-Lu|
|poke|p1|Corviknight, M|
|poke|p1|Skeledirge, F|
|poke|p1|Dragapult, F|
|poke|p1|Ogerpon-Wellspring, F|
|poke|p2|Tyranitar, M|
|poke|p2|Excadrill, F|
|poke|p2|Tornadus-Therian, M|
|poke|p2|Keldeo-Resolute|
|poke|p2|Tinkaton, F|
|poke|p2|Hydrapple, M|
|teampreview
|inactive|Battle timer is ON: inactive players will automatically lose when time's up. (requested by shyahngyoo)
|inactive|JackRG1 also wants the timer to be on.
|
|t:|1759035758
|teamsize|p1|6
|teamsize|p2|6
|start
|switch|p1a: Ting-Lu|Ting-Lu, shiny|100/100
|switch|p2a: Tornadus|Tornadus-Therian, M|100/100
|-ability|p1a: Ting-Lu|Vessel of Ruin
|turn|1
|
|t:|1759035760
|move|p2a: Tornadus|Taunt|p1a: Ting-Lu
|-start|p1a: Ting-Lu|move: Taunt
|cant|p1a: Ting-Lu|move: Taunt|Stealth Rock
|
|upkeep
|turn|2
|
|t:|1759035763
|move|p2a: Tornadus|Bleakwind Storm|p1a: Ting-Lu|[miss]
|-miss|p2a: Tornadus|p1a: Ting-Lu
|move|p1a: Ting-Lu|Earthquake|p2a: Tornadus
|-immune|p2a: Tornadus
|
|upkeep
|turn|3
|
|t:|1759035766
|move|p2a: Tornadus|Bleakwind Storm|p1a: Ting-Lu
|-damage|p1a: Ting-Lu|85/100
|-unboost|p1a: Ting-Lu|spe|1
|move|p1a: Ting-Lu|Heavy Slam|p2a: Tornadus
|-damage|p2a: Tornadus|68/100
|
|-heal|p1a: Ting-Lu|91/100|[from] item: Leftovers
|-end|p1a: Ting-Lu|move: Taunt
|upkeep
|turn|4
|
|t:|1759035770
|move|p2a: Tornadus|Taunt|p1a: Ting-Lu
|-start|p1a: Ting-Lu|move: Taunt
|move|p1a: Ting-Lu|Heavy Slam|p2a: Tornadus
|-damage|p2a: Tornadus|34/100
|
|-heal|p1a: Ting-Lu|97/100|[from] item: Leftovers
|upkeep
|turn|5
|
|t:|1759035774
|move|p2a: Tornadus|U-turn|p1a: Ting-Lu
|-supereffective|p1a: Ting-Lu
|-damage|p1a: Ting-Lu|82/100
|j| catarina valentine
|
|t:|1759035777
|switch|p2a: Keldeo|Keldeo-Resolute|100/100|[from] U-turn
|move|p1a: Ting-Lu|Earthquake|p2a: Keldeo
|-damage|p2a: Keldeo|54/100
|
|-heal|p2a: Keldeo|60/100|[from] item: Leftovers
|-heal|p1a: Ting-Lu|88/100|[from] item: Leftovers
|upkeep
|turn|6
|l| catarina valentine
|
|t:|1759035781
|switch|p1a: Ogerpon|Ogerpon-Wellspring, F|100/100
|move|p2a: Keldeo|Secret Sword|p1a: Ogerpon
|-damage|p1a: Ogerpon|49/100
|
|-heal|p2a: Keldeo|66/100|[from] item: Leftovers
|upkeep
|turn|7
|
|t:|1759035786
|switch|p2a: Hydrapple|Hydrapple, M|100/100
|switch|p1a: Dragapult|Dragapult, F|100/100
|
|upkeep
|turn|8
|
|t:|1759035791
|switch|p2a: Tyranitar|Tyranitar, M|100/100
|-weather|Sandstorm|[from] ability: Sand Stream|[of] p2a: Tyranitar
|move|p1a: Dragapult|U-turn|p2a: Tyranitar
|-supereffective|p2a: Tyranitar
|-damage|p2a: Tyranitar|66/100
|
|t:|1759035793
|switch|p1a: Ogerpon|Ogerpon-Wellspring, F|49/100|[from] U-turn
|
|-weather|Sandstorm|[upkeep]
|-damage|p1a: Ogerpon|43/100|[from] Sandstorm
|upkeep
|turn|9
|
|t:|1759035798
|switch|p2a: Hydrapple|Hydrapple, M|100/100
|move|p1a: Ogerpon|Spikes|p2a: Hydrapple
|-sidestart|p2: shyahngyoo|Spikes
|
|-weather|Sandstorm|[upkeep]
|-damage|p1a: Ogerpon|36/100|[from] Sandstorm
|-damage|p2a: Hydrapple|94/100|[from] Sandstorm
|upkeep
|turn|10
|
|t:|1759035802
|switch|p1a: GAS.|Weezing-Galar, M|100/100
|-ability|p1a: GAS.|Neutralizing Gas
|move|p2a: Hydrapple|Fickle Beam|p1a: GAS.
|-immune|p1a: GAS.
|
|-weather|Sandstorm|[upkeep]
|-damage|p2a: Hydrapple|88/100|[from] Sandstorm
|-damage|p1a: GAS.|95/100|[from] Sandstorm
|upkeep
|turn|11
|
|t:|1759035809
|switch|p2a: Keldeo|Keldeo-Resolute|66/100
|-damage|p2a: Keldeo|54/100|[from] Spikes
|move|p1a: GAS.|Will-O-Wisp|p2a: Keldeo
|-status|p2a: Keldeo|brn
|
|-weather|Sandstorm|[upkeep]
|-damage|p2a: Keldeo|48/100 brn|[from] Sandstorm
|-damage|p1a: GAS.|89/100|[from] Sandstorm
|-heal|p2a: Keldeo|54/100 brn|[from] item: Leftovers
|-damage|p2a: Keldeo|48/100 brn|[from] brn
|upkeep
|turn|12
|
|t:|1759035814
|-end|p1a: GAS.|ability: Neutralizing Gas
|switch|p1a: Dragapult|Dragapult, F|100/100
|move|p2a: Keldeo|Surf|p1a: Dragapult
|-resisted|p1a: Dragapult
|-damage|p1a: Dragapult|69/100
|
|-weather|none
|-heal|p2a: Keldeo|54/100 brn|[from] item: Leftovers
|-damage|p2a: Keldeo|48/100 brn|[from] brn
|upkeep
|turn|13
|
|t:|1759035820
|switch|p2a: Tyranitar|Tyranitar, M|66/100
|-damage|p2a: Tyranitar|54/100|[from] Spikes
|-weather|Sandstorm|[from] ability: Sand Stream|[of] p2a: Tyranitar
|move|p1a: Dragapult|Shadow Ball|p2a: Tyranitar
|-resisted|p2a: Tyranitar
|-damage|p2a: Tyranitar|38/100
|
|-weather|Sandstorm|[upkeep]
|-damage|p1a: Dragapult|63/100|[from] Sandstorm
|upkeep
|turn|14
|
|t:|1759035827
|switch|p1a: Corviknight|Corviknight, M|100/100
|-ability|p1a: Corviknight|Pressure
|move|p2a: Tyranitar|Knock Off|p1a: Corviknight
|-damage|p1a: Corviknight|39/100
|-damage|p2a: Tyranitar|22/100|[from] item: Rocky Helmet|[of] p1a: Corviknight
|-enditem|p1a: Corviknight|Rocky Helmet|[from] move: Knock Off|[of] p2a: Tyranitar
|
|-weather|Sandstorm|[upkeep]
|upkeep
|turn|15
|
|t:|1759035834
|move|p2a: Tyranitar|Knock Off|p1a: Corviknight
|-damage|p1a: Corviknight|0 fnt
|faint|p1a: Corviknight
|
|-weather|Sandstorm|[upkeep]
|upkeep
|
|t:|1759035838
|switch|p1a: Ogerpon|Ogerpon-Wellspring, F|36/100
|turn|16
|
|t:|1759035848
|switch|p2a: Tornadus|Tornadus-Therian, M|67/100
|move|p1a: Ogerpon|Spikes|p2a: Tornadus
|-sidestart|p2: shyahngyoo|Spikes
|
|-weather|Sandstorm|[upkeep]
|-damage|p2a: Tornadus|61/100|[from] Sandstorm
|-damage|p1a: Ogerpon|30/100|[from] Sandstorm
|upkeep
|turn|17
|
|t:|1759035854
|switch|p1a: Ting-Lu|Ting-Lu, shiny|88/100
|-ability|p1a: Ting-Lu|Vessel of Ruin
|move|p2a: Tornadus|Bleakwind Storm|p1a: Ting-Lu
|-damage|p1a: Ting-Lu|72/100
|
|-weather|none
|-heal|p1a: Ting-Lu|78/100|[from] item: Leftovers
|upkeep
|turn|18
|
|t:|1759035863
|move|p2a: Tornadus|Taunt|p1a: Ting-Lu
|-start|p1a: Ting-Lu|move: Taunt
|move|p1a: Ting-Lu|Heavy Slam|p2a: Tornadus
|-damage|p2a: Tornadus|30/100
|
|-heal|p1a: Ting-Lu|85/100|[from] item: Leftovers
|upkeep
|turn|19
|
|t:|1759035866
|move|p2a: Tornadus|U-turn|p1a: Ting-Lu
|-supereffective|p1a: Ting-Lu
|-damage|p1a: Ting-Lu|70/100
|
|t:|1759035868
|switch|p2a: Hydrapple|Hydrapple, M|88/100|[from] U-turn
|-damage|p2a: Hydrapple|72/100|[from] Spikes
|move|p1a: Ting-Lu|Heavy Slam|p2a: Hydrapple
|-damage|p2a: Hydrapple|47/100
|
|-heal|p1a: Ting-Lu|76/100|[from] item: Leftovers
|upkeep
|turn|20
|
|t:|1759035876
|switch|p1a: Ogerpon|Ogerpon-Wellspring, F|30/100
|move|p2a: Hydrapple|Giga Drain|p1a: Ogerpon
|-damage|p1a: Ogerpon|0 fnt
|-heal|p2a: Hydrapple|62/100|[from] drain|[of] p1a: Ogerpon
|faint|p1a: Ogerpon
|
|upkeep
|j| lvBreakfast
|l| lvBreakfast
|
|t:|1759035893
|switch|p1a: Ting-Lu|Ting-Lu, shiny|76/100
|-ability|p1a: Ting-Lu|Vessel of Ruin
|turn|21
|
|t:|1759035897
|move|p2a: Hydrapple|Giga Drain|p1a: Ting-Lu
|-supereffective|p1a: Ting-Lu
|-damage|p1a: Ting-Lu|29/100
|-heal|p2a: Hydrapple|96/100|[from] drain|[of] p1a: Ting-Lu
|move|p1a: Ting-Lu|Stealth Rock|p2a: Hydrapple
|-sidestart|p2: shyahngyoo|move: Stealth Rock
|
|-heal|p1a: Ting-Lu|35/100|[from] item: Leftovers
|upkeep
|turn|22
|
|t:|1759035901
|switch|p1a: GAS.|Weezing-Galar, M|89/100
|-ability|p1a: GAS.|Neutralizing Gas
|move|p2a: Hydrapple|Giga Drain|p1a: GAS.
|-resisted|p1a: GAS.
|-damage|p1a: GAS.|46/100
|-heal|p2a: Hydrapple|100/100|[from] drain|[of] p1a: GAS.
|
|upkeep
|turn|23
|
|t:|1759035906
|move|p2a: Hydrapple|Giga Drain|p1a: GAS.
|-resisted|p1a: GAS.
|-damage|p1a: GAS.|4/100
|move|p1a: GAS.|Sludge Bomb|p2a: Hydrapple
|-supereffective|p2a: Hydrapple
|-damage|p2a: Hydrapple|39/100
|
|upkeep
|turn|24
|
|t:|1759035909
|move|p2a: Hydrapple|Giga Drain|p1a: GAS.
|-resisted|p1a: GAS.
|-damage|p1a: GAS.|0 fnt
|-heal|p2a: Hydrapple|41/100|[from] drain|[of] p1a: GAS.
|faint|p1a: GAS.
|-end|p1a: GAS.|ability: Neutralizing Gas
|
|upkeep
|
|t:|1759035911
|switch|p1a: Dragapult|Dragapult, F|63/100
|turn|25
|j| lanarey
|j| Rizzofreko
|l| lanarey
|l| Rizzofreko
|
|t:|1759035929
|switch|p2a: Tyranitar|Tyranitar, M|22/100
|-damage|p2a: Tyranitar|5/100|[from] Spikes
|-damage|p2a: Tyranitar|0 fnt|[from] Stealth Rock
|faint|p2a: Tyranitar
|move|p1a: Dragapult|Shadow Ball|p2: Tyranitar|[notarget]
|-fail|p1a: Dragapult
|
|upkeep
|j| Rizzofreko
|inactive|shyahngyoo has 120 seconds left.
|
|t:|1759035949
|switch|p2a: Tinkaton|Tinkaton, F|100/100
|-damage|p2a: Tinkaton|84/100|[from] Spikes
|-damage|p2a: Tinkaton|78/100|[from] Stealth Rock
|-ability|p2a: Tinkaton|Mold Breaker
|turn|26
|
|t:|1759035954
|switch|p1a: Skeledirge|Skeledirge, F|100/100
|move|p2a: Tinkaton|Knock Off|p1a: Skeledirge
|-supereffective|p1a: Skeledirge
|-damage|p1a: Skeledirge|73/100
|-enditem|p1a: Skeledirge|Heavy-Duty Boots|[from] move: Knock Off|[of] p2a: Tinkaton
|
|-heal|p2a: Tinkaton|84/100|[from] item: Leftovers
|upkeep
|turn|27
|
|t:|1759035963
|switch|p2a: Keldeo|Keldeo-Resolute|48/100 brn
|-damage|p2a: Keldeo|31/100 brn|[from] Spikes
|-damage|p2a: Keldeo|25/100 brn|[from] Stealth Rock
|switch|p1a: Dragapult|Dragapult, F|63/100
|
|-heal|p2a: Keldeo|31/100 brn|[from] item: Leftovers
|-damage|p2a: Keldeo|25/100 brn|[from] brn
|upkeep
|turn|28
|
|t:|1759035977
|move|p1a: Dragapult|Shadow Ball|p2a: Keldeo
|-damage|p2a: Keldeo|0 fnt
|faint|p2a: Keldeo
|
|upkeep
|j| frit
|
|t:|1759035987
|switch|p2a: Tinkaton|Tinkaton, F|84/100
|-damage|p2a: Tinkaton|67/100|[from] Spikes
|-damage|p2a: Tinkaton|61/100|[from] Stealth Rock
|-ability|p2a: Tinkaton|Mold Breaker
|turn|29
|
|t:|1759035992
|switch|p1a: Skeledirge|Skeledirge, F|73/100
|move|p2a: Tinkaton|Knock Off|p1a: Skeledirge
|-supereffective|p1a: Skeledirge
|-damage|p1a: Skeledirge|53/100
|
|-heal|p2a: Tinkaton|67/100|[from] item: Leftovers
|upkeep
|turn|30
|
|t:|1759035999
|switch|p2a: Tornadus|Tornadus-Therian, M|63/100
|move|p1a: Skeledirge|Torch Song|p2a: Tornadus
|-damage|p2a: Tornadus|34/100
|-boost|p1a: Skeledirge|spa|1
|
|upkeep
|turn|31
|j| lilchamoyboi
|l| Rizzofreko
|
|t:|1759036006
|move|p2a: Tornadus|Bleakwind Storm|p1a: Skeledirge
|-damage|p1a: Skeledirge|27/100
|-unboost|p1a: Skeledirge|spe|1
|move|p1a: Skeledirge|Torch Song|p2a: Tornadus
|-damage|p2a: Tornadus|0 fnt
|-boost|p1a: Skeledirge|spa|1
|faint|p2a: Tornadus
|
|upkeep
|j| cryyysneasel
|
|t:|1759036022
|switch|p2a: Excadrill|Excadrill, F|100/100
|-damage|p2a: Excadrill|84/100|[from] Spikes
|-damage|p2a: Excadrill|81/100|[from] Stealth Rock
|turn|32
|
|t:|1759036025
|move|p2a: Excadrill|Earthquake|p1a: Skeledirge
|-supereffective|p1a: Skeledirge
|-damage|p1a: Skeledirge|0 fnt
|faint|p1a: Skeledirge
|
|-heal|p2a: Excadrill|87/100|[from] item: Leftovers
|upkeep
|
|t:|1759036027
|switch|p1a: Dragapult|Dragapult, F|63/100
|turn|33
|
|t:|1759036033
|-terastallize|p1a: Dragapult|Ghost
|-terastallize|p2a: Excadrill|Steel
|move|p1a: Dragapult|Shadow Ball|p2a: Excadrill
|-damage|p2a: Excadrill|0 fnt
|faint|p2a: Excadrill
|
|upkeep
|
|t:|1759036041
|switch|p2a: Tinkaton|Tinkaton, F|67/100
|-damage|p2a: Tinkaton|51/100|[from] Spikes
|-damage|p2a: Tinkaton|45/100|[from] Stealth Rock
|-ability|p2a: Tinkaton|Mold Breaker
|turn|34
|j| Liminal Crow
|
|t:|1759036043
|move|p1a: Dragapult|Shadow Ball|p2a: Tinkaton
|-damage|p2a: Tinkaton|0 fnt
|faint|p2a: Tinkaton
|
|upkeep
|
|t:|1759036045
|switch|p2a: Hydrapple|Hydrapple, M|74/100
|-damage|p2a: Hydrapple|58/100|[from] Spikes
|-damage|p2a: Hydrapple|45/100|[from] Stealth Rock
|turn|35
|
|t:|1759036048
|move|p1a: Dragapult|Shadow Ball|p2a: Hydrapple
|-damage|p2a: Hydrapple|0 fnt
|faint|p2a: Hydrapple
|
|win|JackRG1
|raw|JackRG1's rating: 1889 &rarr; <strong>1902</strong><br />(+13 for winning)
|raw|shyahngyoo's rating: 1764 &rarr; <strong>1751</strong><br />(-13 for losing)
|l|☆shyahngyoo
|player|p2|
|l|☆JackRG1
|player|p1|
|l| lilchamoyboi
