|j|☆yutt7
|j|☆waterdrinker48
|t:|1759034256
|gametype|singles
|player|p1|yutt7|266|1205
|player|p2|waterdrinker48|miku-ghost|1276
|gen|9
|tier|[Gen 9] OU
|rated|
|rule|HP Percentage Mod: HP is shown in percentages
|rule|Endless Battle Clause: Forcing endless battles is banned
|rule|Species Clause: Limit one of each Pokémon
|rule|OHKO Clause: OHKO moves are banned
|rule|Evasion Items Clause: Evasion items are banned
|rule|Evasion Moves Clause: Evasion moves are banned
|rule|Evasion Abilities Clause: Evasion abilities are banned
|rule|Sleep Moves Clause: Sleep-inducing moves are banned
|clearpoke
|poke|p1|Pelipper, M|
|poke|p1|Garchomp, F|
|poke|p1|Kingdra, M|
|poke|p1|Araquanid, M|
|poke|p1|Clefable, M|
|poke|p1|Jirachi|
|poke|p2|Orthworm, M|
|poke|p2|Alomomola, F|
|poke|p2|Slowking-Galar, M|
|poke|p2|Ogerpon-Wellspring, F|
|poke|p2|Iron Treads|
|poke|p2|Raging Bolt|
|teampreview
|inactive|Battle timer is ON: inactive players will automatically lose when time's up. (requested by waterdrinker48)
|
|t:|1759034270
|teamsize|p1|6
|teamsize|p2|6
|start
|switch|p1a: Pelipper|Pelipper, M|100/100
|switch|p2a: Slowking|Slowking-Galar, M|100/100
|-weather|RainDance|[from] ability: Drizzle|[of] p1a: Pelipper
|turn|1
|
|t:|1759034280
|move|p1a: Pelipper|Weather Ball|p2a: Slowking
|-damage|p2a: Slowking|39/100
|move|p2a: Slowking|Future Sight|p1a: Pelipper
|-start|p2a: Slowking|move: Future Sight
|
|-weather|RainDance|[upkeep]
|upkeep
|turn|2
|
|t:|1759034288
|switch|p2a: Raging Bolt|Raging Bolt|100/100
|move|p1a: Pelipper|Weather Ball|p2a: Raging Bolt
|-resisted|p2a: Raging Bolt
|-damage|p2a: Raging Bolt|61/100
|
|-weather|RainDance|[upkeep]
|-heal|p2a: Raging Bolt|67/100|[from] item: Leftovers
|upkeep
|turn|3
|
|t:|1759034308
|switch|p1a: Jirachi|Jirachi|100/100
|move|p2a: Raging Bolt|Draco Meteor|p1a: Jirachi
|-resisted|p1a: Jirachi
|-damage|p1a: Jirachi|62/100
|-unboost|p2a: Raging Bolt|spa|2
|
|-weather|RainDance|[upkeep]
|-end|p1a: Jirachi|move: Future Sight
|-resisted|p1a: Jirachi
|-damage|p1a: Jirachi|50/100
|-heal|p2a: Raging Bolt|73/100|[from] item: Leftovers
|upkeep
|turn|4
|
|t:|1759034325
|-end|p2a: Raging Bolt|Protosynthesis|[silent]
|switch|p2a: Slowking|Slowking-Galar, M|72/100
|move|p1a: Jirachi|U-turn|p2a: Slowking
|-damage|p2a: Slowking|53/100
|
|t:|1759034330
|switch|p1a: Kingdra|Kingdra, M|100/100|[from] U-turn
|
|-weather|RainDance|[upkeep]
|upkeep
|turn|5
|
|t:|1759034349
|switch|p2a: Alomomola|Alomomola, F|100/100
|move|p1a: Kingdra|Outrage|p2a: Alomomola
|-damage|p2a: Alomomola|53/100
|
|-weather|none
|upkeep
|turn|6
|
|t:|1759034358
|move|p1a: Kingdra|Outrage|p2a: Alomomola|[from] lockedmove
|-damage|p2a: Alomomola|9/100
|-start|p1a: Kingdra|confusion|[fatigue]
|move|p2a: Alomomola|Wish|p2a: Alomomola
|
|upkeep
|turn|7
|inactive|yutt7 has 120 seconds left.
|
|t:|1759034379
|switch|p1a: Pelipper|Pelipper, M|100/100
|-weather|RainDance|[from] ability: Drizzle|[of] p1a: Pelipper
|switch|p2a: Orthworm|Orthworm, M|100/100
|
|-weather|RainDance|[upkeep]
|upkeep
|turn|8
|inactive|yutt7 has 120 seconds left.
|
|t:|1759034395
|switch|p2a: Slowking|Slowking-Galar, M|87/100
|move|p1a: Pelipper|Hurricane|p2a: Slowking
|-damage|p2a: Slowking|41/100
|
|-weather|RainDance|[upkeep]
|upkeep
|turn|9
|inactive|yutt7 has 120 seconds left.
|
|t:|1759034403
|switch|p2a: Iron Treads|Iron Treads|100/100
|move|p1a: Pelipper|Hurricane|p2a: Iron Treads
|-resisted|p2a: Iron Treads
|-damage|p2a: Iron Treads|50/100
|-start|p2a: Iron Treads|confusion
|
|-weather|RainDance|[upkeep]
|upkeep
|turn|10
|
|t:|1759034412
|-activate|p2a: Iron Treads|confusion
|move|p2a: Iron Treads|Stealth Rock|p1a: Pelipper
|-sidestart|p1: yutt7|move: Stealth Rock
|move|p1a: Pelipper|Hurricane|p2a: Iron Treads
|-resisted|p2a: Iron Treads
|-crit|p2a: Iron Treads
|-damage|p2a: Iron Treads|0 fnt
|faint|p2a: Iron Treads
|-end|p2a: Iron Treads|Quark Drive|[silent]
|
|-weather|RainDance|[upkeep]
|upkeep
|
|t:|1759034417
|switch|p2a: Raging Bolt|Raging Bolt|73/100
|turn|11
|
|t:|1759034429
|-terastallize|p1a: Pelipper|Ground
|move|p2a: Raging Bolt|Thunderbolt|p1a: Pelipper
|-immune|p1a: Pelipper
|move|p1a: Pelipper|Hurricane|p2a: Raging Bolt
|-resisted|p2a: Raging Bolt
|-damage|p2a: Raging Bolt|44/100
|
|-weather|none
|-heal|p2a: Raging Bolt|50/100|[from] item: Leftovers
|upkeep
|turn|12
|
|t:|1759034442
|-end|p2a: Raging Bolt|Protosynthesis|[silent]
|switch|p2a: Alomomola|Alomomola, F|43/100
|switch|p1a: Clefable|Clefable, M|100/100
|-damage|p1a: Clefable|88/100|[from] Stealth Rock
|
|-heal|p1a: Clefable|94/100|[from] item: Leftovers
|upkeep
|turn|13
|
|t:|1759034451
|move|p2a: Alomomola|Wish|p2a: Alomomola
|move|p1a: Clefable|Calm Mind|p1a: Clefable
|-boost|p1a: Clefable|spa|1
|-boost|p1a: Clefable|spd|1
|
|-heal|p1a: Clefable|99/100|[from] item: Leftovers
|upkeep
|turn|14
|
|t:|1759034469
|switch|p2a: Ogerpon|Ogerpon-Wellspring, F|100/100
|move|p1a: Clefable|Calm Mind|p1a: Clefable
|-boost|p1a: Clefable|spa|1
|-boost|p1a: Clefable|spd|1
|
|-heal|p1a: Clefable|100/100|[from] item: Leftovers
|upkeep
|turn|15
|
|t:|1759034482
|-terastallize|p2a: Ogerpon|Water
|detailschange|p2a: Ogerpon|Ogerpon-Wellspring-Tera, F, tera:Water
|-ability|p2a: Ogerpon|Embody Aspect (Wellspring)|boost
|-boost|p2a: Ogerpon|spd|1
|move|p2a: Ogerpon|Swords Dance|p2a: Ogerpon
|-boost|p2a: Ogerpon|atk|2
|move|p1a: Clefable|Draining Kiss|p2a: Ogerpon
|-damage|p2a: Ogerpon|59/100
|
|upkeep
|turn|16
|
|t:|1759034495
|move|p2a: Ogerpon|Ivy Cudgel|p1a: Clefable|[anim] Ivy Cudgel Water
|-crit|p1a: Clefable
|-damage|p1a: Clefable|3/100
|move|p1a: Clefable|Draining Kiss|p2a: Ogerpon
|-damage|p2a: Ogerpon|21/100
|-heal|p1a: Clefable|26/100|[from] drain|[of] p2a: Ogerpon
|
|-heal|p1a: Clefable|32/100|[from] item: Leftovers
|upkeep
|turn|17
|
|t:|1759034515
|move|p2a: Ogerpon|Ivy Cudgel|p1a: Clefable|[anim] Ivy Cudgel Water
|-crit|p1a: Clefable
|-damage|p1a: Clefable|0 fnt
|faint|p1a: Clefable
|
|upkeep
|inactive|yutt7 has 120 seconds left.
|
|t:|1759034527
|switch|p1a: Jirachi|Jirachi|50/100
|-damage|p1a: Jirachi|44/100|[from] Stealth Rock
|turn|18
|
|t:|1759034533
|move|p1a: Jirachi|U-turn|p2a: Ogerpon
|-damage|p2a: Ogerpon|0 fnt
|faint|p2a: Ogerpon
|detailschange|p2: Ogerpon|Ogerpon-Wellspring, F|[silent]
|
|t:|1759034542
|switch|p1a: Garchomp|Garchomp, F|100/100|[from] U-turn
|-damage|p1a: Garchomp|94/100|[from] Stealth Rock
|
|upkeep
|
|t:|1759034545
|switch|p2a: Orthworm|Orthworm, M|100/100
|turn|19
|
|t:|1759034552
|move|p1a: Garchomp|Swords Dance|p1a: Garchomp
|-boost|p1a: Garchomp|atk|2
|move|p2a: Orthworm|Coil|p2a: Orthworm
|-boost|p2a: Orthworm|atk|1
|-boost|p2a: Orthworm|def|1
|-boost|p2a: Orthworm|accuracy|1
|
|upkeep
|turn|20
|
|t:|1759034561
|move|p1a: Garchomp|Swords Dance|p1a: Garchomp
|-boost|p1a: Garchomp|atk|2
|move|p2a: Orthworm|Coil|p2a: Orthworm
|-boost|p2a: Orthworm|atk|1
|-boost|p2a: Orthworm|def|1
|-boost|p2a: Orthworm|accuracy|1
|
|upkeep
|turn|21
|
|t:|1759034572
|move|p1a: Garchomp|Swords Dance|p1a: Garchomp
|-boost|p1a: Garchomp|atk|2
|move|p2a: Orthworm|Coil|p2a: Orthworm
|-boost|p2a: Orthworm|atk|1
|-boost|p2a: Orthworm|def|1
|-boost|p2a: Orthworm|accuracy|1
|
|upkeep
|turn|22
|
|t:|1759034586
|move|p1a: Garchomp|Iron Head|p2a: Orthworm
|-resisted|p2a: Orthworm
|-damage|p2a: Orthworm|84/100
|-damage|p1a: Garchomp|85/100|[from] item: Life Orb
|cant|p2a: Orthworm|flinch
|
|upkeep
|turn|23
|
|t:|1759034597
|switch|p1a: Jirachi|Jirachi|44/100
|-damage|p1a: Jirachi|38/100|[from] Stealth Rock
|move|p2a: Orthworm|Iron Tail|p1a: Jirachi
|-resisted|p1a: Jirachi
|-damage|p1a: Jirachi|0 fnt
|faint|p1a: Jirachi
|
|upkeep
|
|t:|1759034607
|switch|p1a: Pelipper|Pelipper, M, tera:Ground|100/100
|-damage|p1a: Pelipper|94/100|[from] Stealth Rock
|-weather|RainDance|[from] ability: Drizzle|[of] p1a: Pelipper
|turn|24
|
|t:|1759034616
|move|p2a: Orthworm|Body Press|p1a: Pelipper
|-damage|p1a: Pelipper|9/100
|move|p1a: Pelipper|Weather Ball|p2a: Orthworm
|-damage|p2a: Orthworm|0 fnt
|faint|p2a: Orthworm
|
|-weather|RainDance|[upkeep]
|upkeep
|
|t:|1759034620
|switch|p2a: Slowking|Slowking-Galar, M|74/100
|turn|25
|
|t:|1759034626
|move|p1a: Pelipper|Weather Ball|p2a: Slowking
|-damage|p2a: Slowking|8/100
|-prepare|p2a: Slowking|Chilly Reception|[premajor]
|move|p2a: Slowking|Chilly Reception|p2a: Slowking
|-weather|Snowscape
|
|t:|1759034632
|switch|p2a: Raging Bolt|Raging Bolt|50/100|[from] Chilly Reception
|
|-weather|Snowscape|[upkeep]
|-heal|p2a: Raging Bolt|56/100|[from] item: Leftovers
|upkeep
|turn|26
|
|t:|1759034638
|move|p2a: Raging Bolt|Draco Meteor|p1a: Pelipper
|-damage|p1a: Pelipper|0 fnt
|-unboost|p2a: Raging Bolt|spa|2
|faint|p1a: Pelipper
|
|-weather|Snowscape|[upkeep]
|-heal|p2a: Raging Bolt|62/100|[from] item: Leftovers
|upkeep
|inactive|yutt7 has 120 seconds left.
|
|t:|1759034689
|switch|p1a: Araquanid|Araquanid, M|100/100
|-damage|p1a: Araquanid|76/100|[from] Stealth Rock
|turn|27
|
|t:|1759034694
|move|p2a: Raging Bolt|Calm Mind|p2a: Raging Bolt
|-boost|p2a: Raging Bolt|spa|1
|-boost|p2a: Raging Bolt|spd|1
|move|p1a: Araquanid|Sticky Web|p2a: Raging Bolt
|-sidestart|p2: waterdrinker48|move: Sticky Web
|
|-weather|Snowscape|[upkeep]
|-heal|p2a: Raging Bolt|68/100|[from] item: Leftovers
|upkeep
|turn|28
|
|t:|1759034703
|move|p2a: Raging Bolt|Calm Mind|p2a: Raging Bolt
|-boost|p2a: Raging Bolt|spa|1
|-boost|p2a: Raging Bolt|spd|1
|move|p1a: Araquanid|Leech Life|p2a: Raging Bolt
|-damage|p2a: Raging Bolt|42/100
|-heal|p1a: Araquanid|94/100|[from] drain|[of] p2a: Raging Bolt
|
|-weather|Snowscape|[upkeep]
|-heal|p2a: Raging Bolt|48/100|[from] item: Leftovers
|upkeep
|turn|29
|inactive|yutt7 has 120 seconds left.
|
|t:|1759034712
|move|p2a: Raging Bolt|Thunderbolt|p1a: Araquanid
|-supereffective|p1a: Araquanid
|-crit|p1a: Araquanid
|-damage|p1a: Araquanid|0 fnt
|faint|p1a: Araquanid
|
|-weather|none
|-heal|p2a: Raging Bolt|54/100|[from] item: Leftovers
|upkeep
|inactive|yutt7 has 120 seconds left.
|
|t:|1759034720
|switch|p1a: Garchomp|Garchomp, F|85/100
|-damage|p1a: Garchomp|78/100|[from] Stealth Rock
|turn|30
|inactive|yutt7 has 120 seconds left.
|
|t:|1759034730
|move|p1a: Garchomp|Earthquake|p2a: Raging Bolt
|-supereffective|p2a: Raging Bolt
|-damage|p2a: Raging Bolt|0 fnt
|faint|p2a: Raging Bolt
|-end|p2a: Raging Bolt|Protosynthesis|[silent]
|-damage|p1a: Garchomp|69/100|[from] item: Life Orb
|
|upkeep
|
|t:|1759034733
|switch|p2a: Alomomola|Alomomola, F|76/100
|turn|31
|
|t:|1759034743
|move|p1a: Garchomp|Swords Dance|p1a: Garchomp
|-boost|p1a: Garchomp|atk|2
|move|p2a: Alomomola|Scald|p1a: Garchomp
|-damage|p1a: Garchomp|54/100
|
|upkeep
|turn|32
|
|t:|1759034749
|move|p1a: Garchomp|Earthquake|p2a: Alomomola
|-damage|p2a: Alomomola|8/100
|-damage|p1a: Garchomp|44/100|[from] item: Life Orb
|move|p2a: Alomomola|Scald|p1a: Garchomp
|-damage|p1a: Garchomp|29/100
|-status|p1a: Garchomp|brn
|
|-damage|p1a: Garchomp|23/100 brn|[from] brn
|upkeep
|turn|33
|l|☆waterdrinker48
|inactive|waterdrinker48 disconnected and has a minute to reconnect!
|player|p2|
|
|t:|1759034759
|move|p2a: Alomomola|Protect|p2a: Alomomola
|-singleturn|p2a: Alomomola|Protect
|move|p1a: Garchomp|Earthquake|p2a: Alomomola
|-activate|p2a: Alomomola|move: Protect
|
|-damage|p1a: Garchomp|17/100 brn|[from] brn
|upkeep
|turn|34
|inactive|waterdrinker48 has 30 seconds to reconnect!
|inactive|waterdrinker48 has 20 seconds to reconnect!
|inactive|waterdrinker48 has 15 seconds to reconnect!
|inactive|waterdrinker48 has 10 seconds to reconnect!
|inactive|waterdrinker48 has 5 seconds to reconnect!
|-message|waterdrinker48 lost due to inactivity.
|
|win|yutt7
|raw|yutt7's rating: 1205 &rarr; <strong>1235</strong><br />(+30 for winning)
|raw|waterdrinker48's rating: 1276 &rarr; <strong>1246</strong><br />(-30 for losing)
|l|☆yutt7
|player|p1|
