|j|☆aawwa
|j|☆CadenG18
|t:|1758951909
|gametype|singles
|player|p1|aawwa|bianca-masters|1240
|player|p2|CadenG18|hilbert|1252
|gen|9
|tier|[Gen 9] OU
|rated|
|rule|HP Percentage Mod: HP is shown in percentages
|rule|Endless Battle Clause: Forcing endless battles is banned
|rule|Species Clause: Limit one of each Pokémon
|rule|OHKO Clause: OHKO moves are banned
|rule|Evasion Items Clause: Evasion items are banned
|rule|Evasion Moves Clause: Evasion moves are banned
|rule|Evasion Abilities Clause: Evasion abilities are banned
|rule|Sleep Moves Clause: Sleep-inducing moves are banned
|clearpoke
|poke|p1|Weavile, F|
|poke|p1|Pecharunt|
|poke|p1|Ting-Lu|
|poke|p1|Tinkaton, F|
|poke|p1|Keldeo-Resolute|
|poke|p1|Dragonite, F|
|poke|p2|Greninja-*, M|
|poke|p2|Armarouge, F|
|poke|p2|Hydreigon, F|
|poke|p2|Kommo-o, M|
|poke|p2|Ceruledge, F|
|poke|p2|Tsareena, F|
|teampreview
|inactive|Battle timer is ON: inactive players will automatically lose when time's up. (requested by CadenG18)
|inactive|aawwa also wants the timer to be on.
|
|t:|1758951936
|teamsize|p1|6
|teamsize|p2|6
|start
|switch|p1a: horsie|Ting-Lu|100/100
|switch|p2a: Tsuyo-sa|Kommo-o, M|100/100
|-ability|p1a: horsie|Vessel of Ruin
|turn|1
|
|t:|1758951965
|move|p2a: Tsuyo-sa|Clangorous Soul|p2a: Tsuyo-sa
|-boost|p2a: Tsuyo-sa|atk|1
|-boost|p2a: Tsuyo-sa|def|1
|-boost|p2a: Tsuyo-sa|spa|1
|-boost|p2a: Tsuyo-sa|spd|1
|-boost|p2a: Tsuyo-sa|spe|1
|-damage|p2a: Tsuyo-sa|68/100
|move|p1a: horsie|Spikes|p2a: Tsuyo-sa
|-sidestart|p2: CadenG18|Spikes
|
|-heal|p2a: Tsuyo-sa|74/100|[from] item: Leftovers
|upkeep
|turn|2
|inactive|CadenG18 has 120 seconds left.
|
|t:|1758951988
|move|p2a: Tsuyo-sa|Brick Break|p1a: horsie
|-supereffective|p1a: horsie
|-damage|p1a: horsie|50/100
|-damage|p2a: Tsuyo-sa|57/100|[from] item: Rocky Helmet|[of] p1a: horsie
|move|p1a: horsie|Whirlwind|p2a: Tsuyo-sa
|drag|p2a: Soleia|Armarouge, F, shiny|100/100
|-damage|p2a: Soleia|88/100|[from] Spikes
|
|upkeep
|turn|3
|inactive|CadenG18 has 120 seconds left.
|
|t:|1758952017
|switch|p2a: Cybele|Tsareena, F|100/100
|move|p1a: horsie|Earthquake|p2a: Cybele
|-resisted|p2a: Cybele
|-damage|p2a: Cybele|80/100
|
|upkeep
|turn|4
|inactive|CadenG18 has 120 seconds left.
|inactive|aawwa has 120 seconds left.
|
|t:|1758952042
|switch|p1a: goomie|Pecharunt|100/100
|move|p2a: Cybele|Rapid Spin|p1a: goomie
|-immune|p1a: goomie
|
|upkeep
|turn|5
|
|t:|1758952064
|switch|p2a: Soleia|Armarouge, F, shiny|88/100
|-damage|p2a: Soleia|76/100|[from] Spikes
|move|p1a: goomie|Malignant Chain|p2a: Soleia
|-damage|p2a: Soleia|43/100
|
|upkeep
|turn|6
|inactive|aawwa has 120 seconds left.
|
|t:|1758952080
|move|p1a: goomie|Hex|p2a: Soleia
|-supereffective|p2a: Soleia
|-damage|p2a: Soleia|2/100
|move|p2a: Soleia|Psychic|p1a: goomie
|-supereffective|p1a: goomie
|-damage|p1a: goomie|13/100
|-unboost|p1a: goomie|spd|1
|
|upkeep
|turn|7
|inactive|aawwa has 120 seconds left.
|inactive|CadenG18 has 90 seconds left.
|
|t:|1758952123
|move|p1a: goomie|Hex|p2a: Soleia
|-supereffective|p2a: Soleia
|-damage|p2a: Soleia|0 fnt
|faint|p2a: Soleia
|
|upkeep
|
|t:|1758952133
|switch|p2a: Cieri|Ceruledge, F, shiny|100/100
|-damage|p2a: Cieri|88/100|[from] Spikes
|turn|8
|inactive|aawwa has 120 seconds left.
|
|t:|1758952155
|switch|p1a: horsie|Ting-Lu|50/100
|-ability|p1a: horsie|Vessel of Ruin
|move|p2a: Cieri|Shadow Sneak|p1a: horsie
|-resisted|p1a: horsie
|-damage|p1a: horsie|45/100
|-damage|p2a: Cieri|72/100|[from] item: Rocky Helmet|[of] p1a: horsie
|
|upkeep
|turn|9
|
|t:|1758952169
|switch|p2a: Cybele|Tsareena, F|80/100
|move|p1a: horsie|Earthquake|p2a: Cybele
|-resisted|p2a: Cybele
|-damage|p2a: Cybele|61/100
|
|upkeep
|turn|10
|
|t:|1758952179
|switch|p1a: goomie|Pecharunt|13/100
|move|p2a: Cybele|Knock Off|p1a: goomie
|-supereffective|p1a: goomie
|-damage|p1a: goomie|0 fnt
|-enditem|p1a: goomie|Heavy-Duty Boots|[from] move: Knock Off|[of] p2a: Cybele
|faint|p1a: goomie
|
|upkeep
|
|t:|1758952186
|switch|p1a: chewie|Weavile, F|100/100
|-ability|p1a: chewie|Pressure
|turn|11
|inactive|CadenG18 has 90 seconds left.
|
|t:|1758952213
|switch|p2a: Megumi|Greninja, M, shiny|100/100
|-damage|p2a: Megumi|88/100|[from] Spikes
|move|p1a: chewie|Triple Axel|p2a: Megumi
|-resisted|p2a: Megumi
|-damage|p2a: Megumi|79/100
|-resisted|p2a: Megumi
|-damage|p2a: Megumi|63/100
|-resisted|p2a: Megumi
|-damage|p2a: Megumi|40/100
|-hitcount|p2a: Megumi|3
|
|upkeep
|turn|12
|inactive|aawwa has 120 seconds left.
|
|t:|1758952238
|move|p1a: chewie|Triple Axel|p2a: Megumi
|-resisted|p2a: Megumi
|-damage|p2a: Megumi|32/100
|-resisted|p2a: Megumi
|-damage|p2a: Megumi|15/100
|-resisted|p2a: Megumi
|-damage|p2a: Megumi|0 fnt
|faint|p2a: Megumi
|-hitcount|p2: Megumi|3
|
|upkeep
|
|t:|1758952244
|switch|p2a: Tsuyo-sa|Kommo-o, M|57/100
|-damage|p2a: Tsuyo-sa|45/100|[from] Spikes
|turn|13
|
|t:|1758952249
|-terastallize|p2a: Tsuyo-sa|Steel
|move|p1a: chewie|Triple Axel|p2a: Tsuyo-sa|[miss]
|-miss|p1a: chewie|p2a: Tsuyo-sa
|move|p2a: Tsuyo-sa|Clangorous Soul|p2a: Tsuyo-sa
|-boost|p2a: Tsuyo-sa|atk|1
|-boost|p2a: Tsuyo-sa|def|1
|-boost|p2a: Tsuyo-sa|spa|1
|-boost|p2a: Tsuyo-sa|spd|1
|-boost|p2a: Tsuyo-sa|spe|1
|-damage|p2a: Tsuyo-sa|12/100
|
|-heal|p2a: Tsuyo-sa|18/100|[from] item: Leftovers
|upkeep
|turn|14
|inactive|aawwa has 120 seconds left.
|inactive|CadenG18 has 90 seconds left.
|
|t:|1758952300
|-terastallize|p1a: chewie|Ghost
|move|p2a: Tsuyo-sa|Brick Break|p1a: chewie
|-immune|p1a: chewie
|move|p1a: chewie|Knock Off|p2a: Tsuyo-sa
|-damage|p2a: Tsuyo-sa|0 fnt
|-enditem|p2a: Tsuyo-sa|Leftovers|[from] move: Knock Off|[of] p1a: chewie
|faint|p2a: Tsuyo-sa
|
|upkeep
|inactive|CadenG18 has 60 seconds left.
|
|t:|1758952312
|switch|p2a: Yamata|Hydreigon, F|100/100
|turn|15
|
|t:|1758952319
|move|p1a: chewie|Triple Axel|p2a: Yamata
|-supereffective|p2a: Yamata
|-damage|p2a: Yamata|76/100
|-supereffective|p2a: Yamata
|-damage|p2a: Yamata|32/100
|-supereffective|p2a: Yamata
|-damage|p2a: Yamata|0 fnt
|faint|p2a: Yamata
|-hitcount|p2: Yamata|3
|
|upkeep
|
|t:|1758952327
|switch|p2a: Cybele|Tsareena, F|61/100
|turn|16
|
|t:|1758952332
|move|p1a: chewie|Triple Axel|p2a: Cybele
|-supereffective|p2a: Cybele
|-damage|p2a: Cybele|40/100
|-supereffective|p2a: Cybele
|-damage|p2a: Cybele|0 fnt
|faint|p2a: Cybele
|-hitcount|p2: Cybele|2
|
|upkeep
|
|t:|1758952334
|switch|p2a: Cieri|Ceruledge, F, shiny|72/100
|-damage|p2a: Cieri|59/100|[from] Spikes
|turn|17
|
|t:|1758952338
|move|p2a: Cieri|Shadow Sneak|p1a: chewie
|-supereffective|p1a: chewie
|-damage|p1a: chewie|27/100
|move|p1a: chewie|Knock Off|p2a: Cieri
|-supereffective|p2a: Cieri
|-damage|p2a: Cieri|0 fnt
|-enditem|p2a: Cieri|Focus Sash|[from] move: Knock Off|[of] p1a: chewie
|faint|p2a: Cieri
|
|win|aawwa
|raw|aawwa's rating: 1240 &rarr; <strong>1266</strong><br />(+26 for winning)
|raw|CadenG18's rating: 1252 &rarr; <strong>1226</strong><br />(-26 for losing)
|l|☆CadenG18
|player|p2|
|l|☆aawwa
|player|p1|
