|j|☆bertoskyT
|j|☆Auburn Hills
|t:|1758971303
|gametype|singles
|player|p1|bertoskyT|ethan|1603
|player|p2|Auburn Hills|alder|1691
|gen|9
|tier|[Gen 9] OU
|rated|
|rule|HP Percentage Mod: HP is shown in percentages
|rule|Endless Battle Clause: Forcing endless battles is banned
|rule|Species Clause: Limit one of each Pokémon
|rule|OHKO Clause: OHKO moves are banned
|rule|Evasion Items Clause: Evasion items are banned
|rule|Evasion Moves Clause: Evasion moves are banned
|rule|Evasion Abilities Clause: Evasion abilities are banned
|rule|Sleep Moves Clause: Sleep-inducing moves are banned
|clearpoke
|poke|p1|Dragapult, F|
|poke|p1|Landorus-Therian, M|
|poke|p1|Ogerpon-Wellspring, F|
|poke|p1|Greninja-*, M|
|poke|p1|Slowking-Galar, M|
|poke|p1|Forretress, M|
|poke|p2|Iron Moth|
|poke|p2|Umbreon, F|
|poke|p2|Garchomp, M|
|poke|p2|Glimmora, M|
|poke|p2|Gholdengo|
|poke|p2|Dragonite, M|
|teampreview
|
|t:|1758971312
|teamsize|p1|6
|teamsize|p2|6
|start
|switch|p1a: Landorus|Landorus-Therian, M|100/100
|switch|p2a: Julia Jacklin|Glimmora, M|100/100
|-ability|p1a: Landorus|Intimidate|boost
|-unboost|p2a: Julia Jacklin|atk|1
|turn|1
|
|t:|1758971316
|move|p2a: Julia Jacklin|Stealth Rock|p1a: Landorus
|-sidestart|p1: bertoskyT|move: Stealth Rock
|move|p1a: Landorus|Earth Power|p2a: Julia Jacklin
|-supereffective|p2a: Julia Jacklin
|-enditem|p2a: Julia Jacklin|Focus Sash
|-damage|p2a: Julia Jacklin|1/100
|
|upkeep
|turn|2
|
|t:|1758971326
|move|p2a: Julia Jacklin|Mortal Spin|p1a: Landorus
|-resisted|p1a: Landorus
|-damage|p1a: Landorus|99/100
|-status|p1a: Landorus|psn
|-damage|p2a: Julia Jacklin|0 fnt|[from] item: Rocky Helmet|[of] p1a: Landorus
|faint|p2a: Julia Jacklin
|move|p1a: Landorus|U-turn|p2: Julia Jacklin|[notarget]
|-fail|p1a: Landorus
|
|-damage|p1a: Landorus|87/100 psn|[from] psn
|upkeep
|
|t:|1758971337
|switch|p2a: Elucid|Dragonite, M|100/100
|turn|3
|
|t:|1758971342
|move|p2a: Elucid|Ice Spinner|p1a: Landorus
|-supereffective|p1a: Landorus
|-damage|p1a: Landorus|0 fnt
|-damage|p2a: Elucid|84/100|[from] item: Rocky Helmet|[of] p1a: Landorus
|faint|p1a: Landorus
|
|upkeep
|
|t:|1758971347
|switch|p1a: Greninja|Greninja, M|100/100
|-damage|p1a: Greninja|88/100|[from] Stealth Rock
|turn|4
|
|t:|1758971351
|switch|p2a: Alvvays|Umbreon, F|100/100
|move|p1a: Greninja|Ice Beam|p2a: Alvvays
|-damage|p2a: Alvvays|82/100
|-damage|p1a: Greninja|78/100|[from] item: Life Orb
|
|-heal|p2a: Alvvays|88/100|[from] item: Leftovers
|upkeep
|turn|5
|
|t:|1758971361
|switch|p1a: Forretress|Forretress, M|100/100
|-damage|p1a: Forretress|88/100|[from] Stealth Rock
|move|p2a: Alvvays|Thunder Wave|p1a: Forretress
|-status|p1a: Forretress|par
|
|-heal|p2a: Alvvays|94/100|[from] item: Leftovers
|upkeep
|turn|6
|
|t:|1758971370
|switch|p2a: Smino|Gholdengo|100/100
|move|p1a: Forretress|Spikes|p2a: Smino
|-sidestart|p2: Auburn Hills|Spikes
|
|upkeep
|turn|7
|
|t:|1758971386
|switch|p1a: Slowking|Slowking-Galar, M|100/100
|move|p2a: Smino|Shadow Ball|p1a: Slowking
|-supereffective|p1a: Slowking
|-damage|p1a: Slowking|52/100
|
|upkeep
|turn|8
|
|t:|1758971392
|move|p2a: Smino|Shadow Ball|p1a: Slowking
|-supereffective|p1a: Slowking
|-damage|p1a: Slowking|5/100
|-unboost|p1a: Slowking|spd|1
|-prepare|p1a: Slowking|Chilly Reception|[premajor]
|move|p1a: Slowking|Chilly Reception|p1a: Slowking
|-weather|Snowscape
|
|t:|1758971408
|switch|p1a: Ogerpon|Ogerpon-Wellspring, F|100/100|[from] Chilly Reception
|-damage|p1a: Ogerpon|88/100|[from] Stealth Rock
|
|-weather|Snowscape|[upkeep]
|upkeep
|turn|9
|
|t:|1758971413
|move|p2a: Smino|Shadow Ball|p1a: Ogerpon
|-damage|p1a: Ogerpon|41/100
|move|p1a: Ogerpon|Knock Off|p2a: Smino
|-supereffective|p2a: Smino
|-damage|p2a: Smino|26/100
|-enditem|p2a: Smino|Choice Scarf|[from] move: Knock Off|[of] p1a: Ogerpon
|
|-weather|Snowscape|[upkeep]
|upkeep
|turn|10
|
|t:|1758971421
|move|p1a: Ogerpon|Knock Off|p2a: Smino
|-supereffective|p2a: Smino
|-damage|p2a: Smino|0 fnt
|faint|p2a: Smino
|
|-weather|Snowscape|[upkeep]
|upkeep
|
|t:|1758971424
|switch|p2a: Elucid|Dragonite, M|84/100
|turn|11
|
|t:|1758971431
|move|p1a: Ogerpon|Knock Off|p2a: Elucid
|-damage|p2a: Elucid|39/100
|-enditem|p2a: Elucid|Heavy-Duty Boots|[from] move: Knock Off|[of] p1a: Ogerpon
|move|p2a: Elucid|Ice Spinner|p1a: Ogerpon
|-damage|p1a: Ogerpon|2/100
|
|-weather|Snowscape|[upkeep]
|upkeep
|turn|12
|
|t:|1758971436
|move|p2a: Elucid|Extreme Speed|p1a: Ogerpon
|-damage|p1a: Ogerpon|0 fnt
|faint|p1a: Ogerpon
|
|-weather|none
|upkeep
|
|t:|1758971439
|switch|p1a: Dragapult|Dragapult, F|100/100
|-damage|p1a: Dragapult|88/100|[from] Stealth Rock
|turn|13
|
|t:|1758971444
|move|p1a: Dragapult|Dragon Darts|p2a: Elucid
|-supereffective|p2a: Elucid
|-damage|p2a: Elucid|0 fnt
|faint|p2a: Elucid
|
|upkeep
|
|t:|1758971449
|switch|p2a: Alvvays|Umbreon, F|94/100
|-damage|p2a: Alvvays|81/100|[from] Spikes
|turn|14
|
|t:|1758971452
|switch|p1a: Forretress|Forretress, M|88/100 par
|-damage|p1a: Forretress|76/100 par|[from] Stealth Rock
|move|p2a: Alvvays|Foul Play|p1a: Forretress
|-damage|p1a: Forretress|60/100 par
|-damage|p2a: Alvvays|65/100|[from] item: Rocky Helmet|[of] p1a: Forretress
|
|-heal|p2a: Alvvays|71/100|[from] item: Leftovers
|upkeep
|turn|15
|
|t:|1758971459
|switch|p2a: Carly Rae|Iron Moth|100/100
|-damage|p2a: Carly Rae|88/100|[from] Spikes
|-enditem|p2a: Carly Rae|Booster Energy
|-activate|p2a: Carly Rae|ability: Quark Drive|[fromitem]
|-start|p2a: Carly Rae|quarkdrivespe
|move|p1a: Forretress|Body Press|p2a: Carly Rae
|-resisted|p2a: Carly Rae
|-damage|p2a: Carly Rae|67/100
|
|upkeep
|turn|16
|
|t:|1758971465
|move|p2a: Carly Rae|Fiery Dance|p1a: Forretress
|-supereffective|p1a: Forretress
|-damage|p1a: Forretress|0 fnt
|faint|p1a: Forretress
|
|upkeep
|
|t:|1758971470
|switch|p1a: Slowking|Slowking-Galar, M|38/100
|turn|17
|
|t:|1758971481
|-terastallize|p2a: Carly Rae|Fairy
|move|p2a: Carly Rae|Fiery Dance|p1a: Slowking
|-damage|p1a: Slowking|14/100
|-boost|p2a: Carly Rae|spa|1
|move|p1a: Slowking|Thunder Wave|p2a: Carly Rae
|-status|p2a: Carly Rae|par
|
|upkeep
|turn|18
|
|t:|1758971489
|move|p2a: Carly Rae|Fiery Dance|p1a: Slowking
|-crit|p1a: Slowking
|-damage|p1a: Slowking|0 fnt
|-boost|p2a: Carly Rae|spa|1
|faint|p1a: Slowking
|
|upkeep
|
|t:|1758971492
|switch|p1a: Greninja|Greninja, M|78/100
|-damage|p1a: Greninja|66/100|[from] Stealth Rock
|turn|19
|
|t:|1758971495
|move|p1a: Greninja|Sludge Wave|p2a: Carly Rae
|-supereffective|p2a: Carly Rae
|-damage|p2a: Carly Rae|0 fnt
|faint|p2a: Carly Rae
|-end|p2a: Carly Rae|Quark Drive|[silent]
|-ability|p1a: Greninja|Battle Bond|boost
|-boost|p1a: Greninja|atk|1
|-boost|p1a: Greninja|spa|1
|-boost|p1a: Greninja|spe|1
|-activate|p1a: Greninja|ability: Battle Bond
|-damage|p1a: Greninja|56/100|[from] item: Life Orb
|
|upkeep
|
|t:|1758971498
|switch|p2a: Alvvays|Umbreon, F|71/100
|-damage|p2a: Alvvays|59/100|[from] Spikes
|turn|20
|
|t:|1758971505
|-terastallize|p1a: Greninja|Water
|move|p2a: Alvvays|Protect|p2a: Alvvays
|-singleturn|p2a: Alvvays|Protect
|move|p1a: Greninja|Surf|p2a: Alvvays
|-activate|p2a: Alvvays|move: Protect
|
|-heal|p2a: Alvvays|65/100|[from] item: Leftovers
|upkeep
|turn|21
|
|t:|1758971509
|move|p1a: Greninja|Surf|p2a: Alvvays
|-crit|p2a: Alvvays
|-damage|p2a: Alvvays|0 fnt
|faint|p2a: Alvvays
|-damage|p1a: Greninja|46/100|[from] item: Life Orb
|
|upkeep
|-message|Auburn Hills forfeited.
|
|win|bertoskyT
|raw|bertoskyT's rating: 1603 &rarr; <strong>1628</strong><br />(+25 for winning)
|raw|Auburn Hills's rating: 1691 &rarr; <strong>1666</strong><br />(-25 for losing)
|l|☆Auburn Hills
|player|p2|
|l|☆bertoskyT
|player|p1|
