|j|☆EditorialMercedes
|j|☆l.1amper0uge
|t:|1758929415
|gametype|singles
|player|p1|EditorialMercedes|shauntal|1355
|player|p2|l.1amper0uge|cilan|1371
|gen|9
|tier|[Gen 9] OU
|rated|
|rule|HP Percentage Mod: HP is shown in percentages
|rule|Endless Battle Clause: Forcing endless battles is banned
|rule|Species Clause: Limit one of each Pokémon
|rule|OHKO Clause: OHKO moves are banned
|rule|Evasion Items Clause: Evasion items are banned
|rule|Evasion Moves Clause: Evasion moves are banned
|rule|Evasion Abilities Clause: Evasion abilities are banned
|rule|Sleep Moves Clause: Sleep-inducing moves are banned
|clearpoke
|poke|p1|Meowscarada, F|
|poke|p1|Slowking-Galar, F|
|poke|p1|Arcanine-Hisui, M|
|poke|p1|Araquanid, M|
|poke|p1|Great Tusk|
|poke|p1|Latios, M|
|poke|p2|Hydreigon, M|
|poke|p2|Scizor, M|
|poke|p2|Weezing-Galar, F|
|poke|p2|Ting-Lu|
|poke|p2|Slowking-Galar, F|
|poke|p2|Rillaboom, F|
|teampreview
|inactive|Battle timer is ON: inactive players will automatically lose when time's up. (requested by l.1amper0uge)
|inactive|l.1amper0uge has 120 seconds left.
|
|t:|1758929464
|teamsize|p1|6
|teamsize|p2|6
|start
|switch|p1a: Meowscarada|Meowscarada, F|100/100
|switch|p2a: Rillaboom|Rillaboom, F|100/100
|-fieldstart|move: Grassy Terrain|[from] ability: Grassy Surge|[of] p2a: Rillaboom
|turn|1
|
|t:|1758929484
|switch|p1a: Araquanid|Araquanid, M|100/100
|move|p2a: Rillaboom|U-turn|p1a: Araquanid
|-damage|p1a: Araquanid|55/100
|
|t:|1758929499
|switch|p2a: Hydreigon|Hydreigon, M|100/100|[from] U-turn
|
|-heal|p1a: Araquanid|61/100|[from] Grassy Terrain
|upkeep
|turn|2
|
|t:|1758929506
|move|p2a: Hydreigon|Nasty Plot|p2a: Hydreigon
|-boost|p2a: Hydreigon|spa|2
|move|p1a: Araquanid|Sticky Web|p2a: Hydreigon
|-sidestart|p2: l.1amper0uge|move: Sticky Web
|
|-heal|p1a: Araquanid|67/100|[from] Grassy Terrain
|upkeep
|turn|3
|
|t:|1758929514
|move|p2a: Hydreigon|Substitute|p2a: Hydreigon
|-start|p2a: Hydreigon|Substitute
|-damage|p2a: Hydreigon|76/100
|move|p1a: Araquanid|Leech Life|p2a: Hydreigon
|-supereffective|p2a: Hydreigon
|-end|p2a: Hydreigon|Substitute
|-heal|p1a: Araquanid|80/100|[from] drain|[of] p2a: Hydreigon
|
|-heal|p2a: Hydreigon|82/100|[from] item: Leftovers
|-heal|p1a: Araquanid|86/100|[from] Grassy Terrain
|upkeep
|turn|4
|
|t:|1758929524
|switch|p2a: Slowking|Slowking-Galar, F|100/100
|move|p1a: Araquanid|Leech Life|p2a: Slowking
|-damage|p2a: Slowking|68/100
|-heal|p1a: Araquanid|100/100|[from] drain|[of] p2a: Slowking
|
|-heal|p2a: Slowking|74/100|[from] Grassy Terrain
|upkeep
|turn|5
|
|t:|1758929537
|switch|p1a: Slowking|Slowking-Galar, F|100/100
|move|p2a: Slowking|Future Sight|p1a: Slowking
|-start|p2a: Slowking|move: Future Sight
|
|-heal|p2a: Slowking|80/100|[from] Grassy Terrain
|-fieldend|move: Grassy Terrain
|upkeep
|turn|6
|
|t:|1758929545
|move|p1a: Slowking|Future Sight|p2a: Slowking
|-start|p1a: Slowking|move: Future Sight
|-prepare|p2a: Slowking|Chilly Reception|[premajor]
|move|p2a: Slowking|Chilly Reception|p2a: Slowking
|-weather|Snowscape
|
|t:|1758929550
|switch|p2a: Ting-Lu|Ting-Lu|100/100|[from] Chilly Reception
|-activate|p2a: Ting-Lu|move: Sticky Web
|-unboost|p2a: Ting-Lu|spe|1
|-ability|p2a: Ting-Lu|Vessel of Ruin
|
|-weather|Snowscape|[upkeep]
|upkeep
|turn|7
|
|t:|1758929563
|move|p2a: Ting-Lu|Stealth Rock|p1a: Slowking
|-sidestart|p1: EditorialMercedes|move: Stealth Rock
|-prepare|p1a: Slowking|Chilly Reception|[premajor]
|move|p1a: Slowking|Chilly Reception|p1a: Slowking
|
|t:|1758929567
|switch|p1a: Meowscarada|Meowscarada, F|100/100|[from] Chilly Reception
|-damage|p1a: Meowscarada|88/100|[from] Stealth Rock
|
|-weather|Snowscape|[upkeep]
|-end|p1a: Meowscarada|move: Future Sight
|-immune|p1a: Meowscarada
|upkeep
|turn|8
|
|t:|1758929577
|switch|p2a: Weezing|Weezing-Galar, F|100/100
|-ability|p2a: Weezing|Neutralizing Gas
|move|p1a: Meowscarada|U-turn|p2a: Weezing
|-resisted|p2a: Weezing
|-damage|p2a: Weezing|96/100
|
|t:|1758929590
|switch|p1a: Slowking|Slowking-Galar, F|100/100|[from] U-turn
|
|-weather|Snowscape|[upkeep]
|-end|p2a: Weezing|move: Future Sight
|-supereffective|p2a: Weezing
|-damage|p2a: Weezing|0 fnt
|faint|p2a: Weezing
|-end|p2a: Weezing|ability: Neutralizing Gas
|upkeep
|
|t:|1758929608
|switch|p2a: Rillaboom|Rillaboom, F|100/100
|-activate|p2a: Rillaboom|move: Sticky Web
|-unboost|p2a: Rillaboom|spe|1
|-fieldstart|move: Grassy Terrain|[from] ability: Grassy Surge|[of] p2a: Rillaboom
|turn|9
|
|t:|1758929615
|move|p2a: Rillaboom|Knock Off|p1a: Slowking
|-supereffective|p1a: Slowking
|-damage|p1a: Slowking|0 fnt
|-enditem|p1a: Slowking|Heavy-Duty Boots|[from] move: Knock Off|[of] p2a: Rillaboom
|faint|p1a: Slowking
|
|-weather|Snowscape|[upkeep]
|upkeep
|
|t:|1758929625
|switch|p1a: Arcanine|Arcanine-Hisui, M|100/100
|-damage|p1a: Arcanine|76/100|[from] Stealth Rock
|turn|10
|
|t:|1758929634
|switch|p2a: Ting-Lu|Ting-Lu|100/100
|-activate|p2a: Ting-Lu|move: Sticky Web
|-unboost|p2a: Ting-Lu|spe|1
|-ability|p2a: Ting-Lu|Vessel of Ruin
|move|p1a: Arcanine|Head Smash|p2a: Ting-Lu
|-resisted|p2a: Ting-Lu
|-damage|p2a: Ting-Lu|67/100
|
|-weather|none
|-heal|p1a: Arcanine|82/100|[from] Grassy Terrain
|-heal|p2a: Ting-Lu|74/100|[from] Grassy Terrain
|-heal|p2a: Ting-Lu|80/100|[from] item: Leftovers
|upkeep
|turn|11
|
|t:|1758929647
|switch|p1a: Great Tusk|Great Tusk|100/100
|move|p2a: Ting-Lu|Whirlwind|p1a: Great Tusk
|-end|p1a: Great Tusk|Protosynthesis|[silent]
|drag|p1a: Meowscarada|Meowscarada, F|88/100
|-damage|p1a: Meowscarada|76/100|[from] Stealth Rock
|
|-heal|p1a: Meowscarada|82/100|[from] Grassy Terrain
|-heal|p2a: Ting-Lu|86/100|[from] Grassy Terrain
|-heal|p2a: Ting-Lu|92/100|[from] item: Leftovers
|upkeep
|turn|12
|
|t:|1758929657
|move|p1a: Meowscarada|Flower Trick|p2a: Ting-Lu
|-start|p1a: Meowscarada|typechange|Grass|[from] ability: Protean
|-supereffective|p2a: Ting-Lu
|-crit|p2a: Ting-Lu
|-damage|p2a: Ting-Lu|0 fnt
|faint|p2a: Ting-Lu
|
|-heal|p1a: Meowscarada|88/100|[from] Grassy Terrain
|upkeep
|
|t:|1758929664
|switch|p2a: Scizor|Scizor, M, shiny|100/100
|-activate|p2a: Scizor|move: Sticky Web
|-unboost|p2a: Scizor|spe|1
|turn|13
|
|t:|1758929673
|switch|p1a: Araquanid|Araquanid, M|100/100
|-damage|p1a: Araquanid|76/100|[from] Stealth Rock
|move|p2a: Scizor|U-turn|p1a: Araquanid
|-damage|p1a: Araquanid|11/100
|
|t:|1758929679
|switch|p2a: Hydreigon|Hydreigon, M|82/100|[from] U-turn
|
|-heal|p2a: Hydreigon|88/100|[from] item: Leftovers
|-heal|p1a: Araquanid|17/100|[from] Grassy Terrain
|-fieldend|move: Grassy Terrain
|upkeep
|turn|14
|-enditem|p1a: Araquanid|Custap Berry|[eat]
|-activate|p1a: Araquanid|item: Custap Berry|[consumed]
|
|t:|1758929686
|move|p1a: Araquanid|Endeavor|p2a: Hydreigon
|-damage|p2a: Hydreigon|17/100
|move|p2a: Hydreigon|Dark Pulse|p1a: Araquanid
|-crit|p1a: Araquanid
|-damage|p1a: Araquanid|0 fnt
|faint|p1a: Araquanid
|
|-heal|p2a: Hydreigon|23/100|[from] item: Leftovers
|upkeep
|
|t:|1758929697
|switch|p1a: Meowscarada|Meowscarada, F|88/100
|-damage|p1a: Meowscarada|76/100|[from] Stealth Rock
|turn|15
|
|t:|1758929711
|switch|p2a: Slowking|Slowking-Galar, F|100/100
|move|p1a: Meowscarada|Sucker Punch||[still]
|-fail|p1a: Meowscarada
|
|upkeep
|turn|16
|
|t:|1758929718
|switch|p1a: Latios|Latios, M|100/100
|-damage|p1a: Latios|88/100|[from] Stealth Rock
|-prepare|p2a: Slowking|Chilly Reception|[premajor]
|move|p2a: Slowking|Chilly Reception|p2a: Slowking
|-weather|Snowscape
|
|t:|1758929734
|switch|p2a: Scizor|Scizor, M, shiny|100/100|[from] Chilly Reception
|-activate|p2a: Scizor|move: Sticky Web
|-unboost|p2a: Scizor|spe|1
|
|-weather|Snowscape|[upkeep]
|upkeep
|turn|17
|
|t:|1758929742
|-terastallize|p2a: Scizor|Steel
|move|p2a: Scizor|Bullet Punch|p1a: Latios
|-damage|p1a: Latios|0 fnt
|faint|p1a: Latios
|
|-weather|Snowscape|[upkeep]
|upkeep
|
|t:|1758929748
|switch|p1a: Great Tusk|Great Tusk|100/100
|turn|18
|
|t:|1758929762
|move|p2a: Scizor|Bullet Punch|p1a: Great Tusk
|-damage|p1a: Great Tusk|46/100
|move|p1a: Great Tusk|Rapid Spin|p2a: Scizor
|-resisted|p2a: Scizor
|-damage|p2a: Scizor|91/100
|-boost|p1a: Great Tusk|spe|1
|-sideend|p1: EditorialMercedes|Stealth Rock|[from] move: Rapid Spin|[of] p1a: Great Tusk
|
|-weather|Snowscape|[upkeep]
|upkeep
|turn|19
|
|t:|1758929771
|move|p2a: Scizor|Bullet Punch|p1a: Great Tusk
|-damage|p1a: Great Tusk|0 fnt
|faint|p1a: Great Tusk
|-end|p1a: Great Tusk|Protosynthesis|[silent]
|
|-weather|Snowscape|[upkeep]
|upkeep
|
|t:|1758929777
|switch|p1a: Meowscarada|Meowscarada, F|76/100
|turn|20
|
|t:|1758929782
|move|p2a: Scizor|Bullet Punch|p1a: Meowscarada
|-damage|p1a: Meowscarada|0 fnt
|faint|p1a: Meowscarada
|
|-weather|none
|upkeep
|-message|EditorialMercedes forfeited.
|
|win|l.1amper0uge
|raw|EditorialMercedes's rating: 1355 &rarr; <strong>1336</strong><br />(-19 for losing)
|raw|l.1amper0uge's rating: 1371 &rarr; <strong>1390</strong><br />(+19 for winning)
|l|☆EditorialMercedes
|player|p1|
