|j|☆vendivugi
|j|☆homojeff
|t:|1759003246
|gametype|singles
|player|p1|vendivugi|265|1068
|player|p2|homojeff|swimmer-gen4|1100
|gen|9
|tier|[Gen 9] OU
|rated|
|rule|HP Percentage Mod: HP is shown in percentages
|rule|Endless Battle Clause: Forcing endless battles is banned
|rule|Species Clause: Limit one of each Pokémon
|rule|OHKO Clause: OHKO moves are banned
|rule|Evasion Items Clause: Evasion items are banned
|rule|Evasion Moves Clause: Evasion moves are banned
|rule|Evasion Abilities Clause: Evasion abilities are banned
|rule|Sleep Moves Clause: Sleep-inducing moves are banned
|clearpoke
|poke|p1|Chandelure, M|
|poke|p1|Empoleon, M|
|poke|p1|Hypno, M|
|poke|p1|Cacturne, F|
|poke|p1|Toucannon, M|
|poke|p1|Hitmonlee, M|
|poke|p2|Corviknight, M|
|poke|p2|Gliscor, F|
|poke|p2|Deoxys-Defense|
|poke|p2|Arboliva, M|
|poke|p2|Clefable, F|
|poke|p2|Garganacl, F|
|teampreview
|
|t:|1759003253
|teamsize|p1|6
|teamsize|p2|6
|start
|switch|p1a: Empoleon|Empoleon, M|100/100
|switch|p2a: Gliscor|Gliscor, F, shiny|100/100
|turn|1
|
|t:|1759003261
|move|p2a: Gliscor|Knock Off|p1a: Empoleon
|-damage|p1a: Empoleon|81/100
|-enditem|p1a: Empoleon|Leftovers|[from] move: Knock Off|[of] p2a: Gliscor
|move|p1a: Empoleon|Hydro Pump|p2a: Gliscor
|-supereffective|p2a: Gliscor
|-damage|p2a: Gliscor|6/100
|
|-status|p2a: Gliscor|tox|[from] item: Toxic Orb
|upkeep
|turn|2
|
|t:|1759003270
|move|p2a: Gliscor|Earthquake|p1a: Empoleon
|-supereffective|p1a: Empoleon
|-damage|p1a: Empoleon|24/100
|move|p1a: Empoleon|Flip Turn|p2a: Gliscor
|-supereffective|p2a: Gliscor
|-damage|p2a: Gliscor|0 fnt
|faint|p2a: Gliscor
|
|t:|1759003277
|switch|p1a: Cacturne|Cacturne, F|100/100|[from] Flip Turn
|
|upkeep
|
|t:|1759003284
|switch|p2a: Garganacl|Garganacl, F, shiny|100/100
|turn|3
|
|t:|1759003291
|move|p1a: Cacturne|Swords Dance|p1a: Cacturne
|-boost|p1a: Cacturne|atk|2
|move|p2a: Garganacl|Salt Cure|p1a: Cacturne
|-damage|p1a: Cacturne|81/100
|-start|p1a: Cacturne|Salt Cure
|
|-heal|p1a: Cacturne|87/100|[from] item: Leftovers
|-damage|p1a: Cacturne|75/100|[from] Salt Cure
|upkeep
|turn|4
|inactive|Battle timer is ON: inactive players will automatically lose when time's up. (requested by homojeff)
|
|t:|1759003297
|move|p1a: Cacturne|Seed Bomb|p2a: Garganacl
|-supereffective|p2a: Garganacl
|-damage|p2a: Garganacl|0 fnt
|faint|p2a: Garganacl
|
|-heal|p1a: Cacturne|81/100|[from] item: Leftovers
|-damage|p1a: Cacturne|69/100|[from] Salt Cure
|upkeep
|
|t:|1759003303
|switch|p2a: Clefable|Clefable, F, shiny|100/100
|turn|5
|
|t:|1759003308
|move|p2a: Clefable|Knock Off|p1a: Cacturne
|-resisted|p1a: Cacturne
|-damage|p1a: Cacturne|56/100
|-enditem|p1a: Cacturne|Leftovers|[from] move: Knock Off|[of] p2a: Clefable
|move|p1a: Cacturne|Seed Bomb|p2a: Clefable
|-damage|p2a: Clefable|40/100
|
|-heal|p2a: Clefable|46/100|[from] item: Leftovers
|-damage|p1a: Cacturne|44/100|[from] Salt Cure
|upkeep
|turn|6
|
|t:|1759003316
|move|p2a: Clefable|Moonlight|p2a: Clefable
|-heal|p2a: Clefable|96/100
|move|p1a: Cacturne|Leech Seed|p2a: Clefable
|-start|p2a: Clefable|move: Leech Seed
|
|-heal|p2a: Clefable|100/100|[from] item: Leftovers
|-damage|p1a: Cacturne|31/100|[from] Salt Cure
|upkeep
|turn|7
|
|t:|1759003320
|move|p2a: Clefable|Cosmic Power|p2a: Clefable
|-boost|p2a: Clefable|def|1
|-boost|p2a: Clefable|spd|1
|move|p1a: Cacturne|Seed Bomb|p2a: Clefable
|-damage|p2a: Clefable|60/100
|
|-heal|p2a: Clefable|66/100|[from] item: Leftovers
|-damage|p1a: Cacturne|19/100|[from] Salt Cure
|upkeep
|turn|8
|
|t:|1759003331
|move|p2a: Clefable|Cosmic Power|p2a: Clefable
|-boost|p2a: Clefable|def|1
|-boost|p2a: Clefable|spd|1
|move|p1a: Cacturne|Seed Bomb|p2a: Clefable
|-damage|p2a: Clefable|34/100
|
|-heal|p2a: Clefable|40/100|[from] item: Leftovers
|-damage|p1a: Cacturne|6/100|[from] Salt Cure
|upkeep
|turn|9
|
|t:|1759003337
|move|p2a: Clefable|Moonlight|p2a: Clefable
|-heal|p2a: Clefable|90/100
|move|p1a: Cacturne|Seed Bomb|p2a: Clefable
|-damage|p2a: Clefable|58/100
|
|-heal|p2a: Clefable|64/100|[from] item: Leftovers
|-damage|p1a: Cacturne|0 fnt|[from] Salt Cure
|faint|p1a: Cacturne
|upkeep
|
|t:|1759003349
|switch|p1a: Empoleon|Empoleon, M|24/100
|turn|10
|
|t:|1759003352
|move|p1a: Empoleon|Haze|p1a: Empoleon
|-clearallboost
|move|p2a: Clefable|Stored Power|p1a: Empoleon
|-resisted|p1a: Empoleon
|-damage|p1a: Empoleon|22/100
|
|-heal|p2a: Clefable|70/100|[from] item: Leftovers
|upkeep
|turn|11
|
|t:|1759003357
|move|p1a: Empoleon|Steel Beam|p2a: Clefable
|-supereffective|p2a: Clefable
|-damage|p2a: Clefable|0 fnt
|-damage|p1a: Empoleon|0 fnt|[from] steelbeam
|faint|p1a: Empoleon
|faint|p2a: Clefable
|
|upkeep
|
|t:|1759003365
|switch|p2a: Arboliva|Arboliva, M, shiny|100/100
|switch|p1a: Chandelure|Chandelure, M|100/100
|turn|12
|
|t:|1759003369
|move|p1a: Chandelure|Flamethrower|p2a: Arboliva
|-supereffective|p2a: Arboliva
|-damage|p2a: Arboliva|0 fnt
|-fieldstart|move: Grassy Terrain|[from] ability: Seed Sower|[of] p2a: Arboliva
|faint|p2a: Arboliva
|
|upkeep
|
|t:|1759003373
|switch|p2a: Deoxys|Deoxys-Defense, shiny|100/100
|-ability|p2a: Deoxys|Pressure
|turn|13
|
|t:|1759003376
|move|p1a: Chandelure|Flamethrower|p2a: Deoxys
|-damage|p2a: Deoxys|49/100
|move|p2a: Deoxys|Cosmic Power|p2a: Deoxys
|-boost|p2a: Deoxys|def|1
|-boost|p2a: Deoxys|spd|1
|
|-heal|p2a: Deoxys|55/100|[from] Grassy Terrain
|-heal|p2a: Deoxys|61/100|[from] item: Leftovers
|upkeep
|turn|14
|
|t:|1759003382
|move|p1a: Chandelure|Flamethrower|p2a: Deoxys
|-damage|p2a: Deoxys|30/100
|move|p2a: Deoxys|Recover|p2a: Deoxys
|-heal|p2a: Deoxys|80/100
|
|-heal|p2a: Deoxys|87/100|[from] Grassy Terrain
|-heal|p2a: Deoxys|93/100|[from] item: Leftovers
|upkeep
|turn|15
|
|t:|1759003390
|switch|p1a: Hypno|Hypno, M|100/100
|-activate|p1a: Hypno|ability: Forewarn|Poison Jab|[of] p2a: Deoxys
|move|p2a: Deoxys|Cosmic Power|p2a: Deoxys
|-boost|p2a: Deoxys|def|1
|-boost|p2a: Deoxys|spd|1
|
|-heal|p2a: Deoxys|99/100|[from] Grassy Terrain
|-heal|p2a: Deoxys|100/100|[from] item: Leftovers
|upkeep
|turn|16
|
|t:|1759003397
|-terastallize|p2a: Deoxys|Steel
|move|p2a: Deoxys|Cosmic Power|p2a: Deoxys
|-boost|p2a: Deoxys|def|1
|-boost|p2a: Deoxys|spd|1
|move|p1a: Hypno|Thunder Wave|p2a: Deoxys
|-status|p2a: Deoxys|par
|
|-fieldend|move: Grassy Terrain
|upkeep
|turn|17
|
|t:|1759003417
|move|p1a: Hypno|Hex|p2a: Deoxys
|-damage|p2a: Deoxys|93/100 par
|move|p2a: Deoxys|Cosmic Power|p2a: Deoxys
|-boost|p2a: Deoxys|def|1
|-boost|p2a: Deoxys|spd|1
|
|-heal|p2a: Deoxys|99/100 par|[from] item: Leftovers
|upkeep
|turn|18
|
|t:|1759003422
|move|p1a: Hypno|Hex|p2a: Deoxys
|-damage|p2a: Deoxys|93/100 par
|move|p2a: Deoxys|Cosmic Power|p2a: Deoxys
|-boost|p2a: Deoxys|def|1
|-boost|p2a: Deoxys|spd|1
|
|-heal|p2a: Deoxys|99/100 par|[from] item: Leftovers
|upkeep
|turn|19
|
|t:|1759003427
|move|p1a: Hypno|Psychic Noise|p2a: Deoxys
|-resisted|p2a: Deoxys
|-damage|p2a: Deoxys|96/100 par
|-start|p2a: Deoxys|move: Heal Block
|move|p2a: Deoxys|Cosmic Power|p2a: Deoxys
|-boost|p2a: Deoxys|def|1
|-boost|p2a: Deoxys|spd|1
|
|upkeep
|turn|20
|
|t:|1759003432
|move|p1a: Hypno|Psychic Noise|p2a: Deoxys
|-resisted|p2a: Deoxys
|-damage|p2a: Deoxys|94/100 par
|move|p2a: Deoxys|Poison Jab|p1a: Hypno
|-damage|p1a: Hypno|84/100
|-status|p1a: Hypno|psn
|
|-damage|p1a: Hypno|71/100 psn|[from] psn
|-end|p2a: Deoxys|move: Heal Block
|upkeep
|turn|21
|
|t:|1759003438
|move|p1a: Hypno|Psychic Noise|p2a: Deoxys
|-resisted|p2a: Deoxys
|-damage|p2a: Deoxys|92/100 par
|-start|p2a: Deoxys|move: Heal Block
|move|p2a: Deoxys|Stored Power|p1a: Hypno
|-resisted|p1a: Hypno
|-damage|p1a: Hypno|46/100 psn
|
|-damage|p1a: Hypno|34/100 psn|[from] psn
|upkeep
|turn|22
|
|t:|1759003443
|move|p1a: Hypno|Psychic Noise|p2a: Deoxys
|-resisted|p2a: Deoxys
|-damage|p2a: Deoxys|90/100 par
|move|p2a: Deoxys|Stored Power|p1a: Hypno
|-resisted|p1a: Hypno
|-damage|p1a: Hypno|8/100 psn
|
|-damage|p1a: Hypno|0 fnt|[from] psn
|faint|p1a: Hypno
|-end|p2a: Deoxys|move: Heal Block
|upkeep
|
|t:|1759003455
|switch|p1a: Hitmonlee|Hitmonlee, M|100/100
|turn|23
|
|t:|1759003457
|move|p1a: Hitmonlee|Fake Out|p2a: Deoxys
|-resisted|p2a: Deoxys
|-damage|p2a: Deoxys|89/100 par
|cant|p2a: Deoxys|flinch
|
|-heal|p2a: Deoxys|95/100 par|[from] item: Leftovers
|upkeep
|turn|24
|
|t:|1759003461
|move|p1a: Hitmonlee|High Jump Kick|p2a: Deoxys|[miss]
|-miss|p1a: Hitmonlee|p2a: Deoxys
|-damage|p1a: Hitmonlee|51/100|[from] highjumpkick
|move|p2a: Deoxys|Stored Power|p1a: Hitmonlee
|-supereffective|p1a: Hitmonlee
|-damage|p1a: Hitmonlee|0 fnt
|faint|p1a: Hitmonlee
|
|-heal|p2a: Deoxys|100/100 par|[from] item: Leftovers
|upkeep
|
|t:|1759003468
|switch|p1a: Chandelure|Chandelure, M|100/100
|turn|25
|
|t:|1759003469
|move|p1a: Chandelure|Flamethrower|p2a: Deoxys
|-supereffective|p2a: Deoxys
|-damage|p2a: Deoxys|74/100 par
|cant|p2a: Deoxys|par
|
|-heal|p2a: Deoxys|80/100 par|[from] item: Leftovers
|upkeep
|turn|26
|
|t:|1759003474
|move|p1a: Chandelure|Flamethrower|p2a: Deoxys
|-supereffective|p2a: Deoxys
|-damage|p2a: Deoxys|57/100 par
|cant|p2a: Deoxys|par
|
|-heal|p2a: Deoxys|63/100 par|[from] item: Leftovers
|upkeep
|turn|27
|
|t:|1759003478
|move|p1a: Chandelure|Flamethrower|p2a: Deoxys
|-supereffective|p2a: Deoxys
|-damage|p2a: Deoxys|39/100 par
|move|p2a: Deoxys|Stored Power|p1a: Chandelure
|-damage|p1a: Chandelure|8/100
|
|-heal|p2a: Deoxys|45/100 par|[from] item: Leftovers
|upkeep
|turn|28
|
|t:|1759003483
|move|p1a: Chandelure|Flamethrower|p2a: Deoxys
|-supereffective|p2a: Deoxys
|-damage|p2a: Deoxys|19/100 par
|move|p2a: Deoxys|Recover|p2a: Deoxys
|-heal|p2a: Deoxys|69/100 par
|
|-heal|p2a: Deoxys|75/100 par|[from] item: Leftovers
|upkeep
|turn|29
|
|t:|1759003491
|move|p1a: Chandelure|Flamethrower|p2a: Deoxys
|-supereffective|p2a: Deoxys
|-damage|p2a: Deoxys|54/100 par
|cant|p2a: Deoxys|par
|
|-heal|p2a: Deoxys|60/100 par|[from] item: Leftovers
|upkeep
|turn|30
|
|t:|1759003495
|move|p1a: Chandelure|Flamethrower|p2a: Deoxys
|-supereffective|p2a: Deoxys
|-damage|p2a: Deoxys|36/100 par
|cant|p2a: Deoxys|par
|
|-heal|p2a: Deoxys|43/100 par|[from] item: Leftovers
|upkeep
|turn|31
|
|t:|1759003500
|move|p1a: Chandelure|Flamethrower|p2a: Deoxys
|-supereffective|p2a: Deoxys
|-damage|p2a: Deoxys|19/100 par
|move|p2a: Deoxys|Recover|p2a: Deoxys
|-heal|p2a: Deoxys|69/100 par
|
|-heal|p2a: Deoxys|75/100 par|[from] item: Leftovers
|upkeep
|turn|32
|
|t:|1759003507
|move|p1a: Chandelure|Flamethrower|p2a: Deoxys
|-supereffective|p2a: Deoxys
|-damage|p2a: Deoxys|51/100 par
|cant|p2a: Deoxys|par
|
|-heal|p2a: Deoxys|58/100 par|[from] item: Leftovers
|upkeep
|turn|33
|
|t:|1759003511
|move|p1a: Chandelure|Flamethrower|p2a: Deoxys
|-supereffective|p2a: Deoxys
|-damage|p2a: Deoxys|33/100 par
|cant|p2a: Deoxys|par
|
|-heal|p2a: Deoxys|40/100 par|[from] item: Leftovers
|upkeep
|turn|34
|
|t:|1759003516
|move|p1a: Chandelure|Flamethrower|p2a: Deoxys
|-supereffective|p2a: Deoxys
|-damage|p2a: Deoxys|15/100 par
|cant|p2a: Deoxys|par
|
|-heal|p2a: Deoxys|22/100 par|[from] item: Leftovers
|upkeep
|turn|35
|
|t:|1759003522
|-activate|p1a: Chandelure|move: Struggle
|move|p1a: Chandelure|Struggle|p2a: Deoxys
|-damage|p2a: Deoxys|21/100 par
|-damage|p1a: Chandelure|0 fnt|[from] recoil
|faint|p1a: Chandelure
|move|p2a: Deoxys|Recover|p2a: Deoxys
|-heal|p2a: Deoxys|71/100 par
|
|-heal|p2a: Deoxys|77/100 par|[from] item: Leftovers
|upkeep
|
|t:|1759003527
|switch|p1a: Toucannon|Toucannon, M|100/100
|turn|36
|
|t:|1759003533
|move|p1a: Toucannon|Flame Charge|p2a: Deoxys
|-supereffective|p2a: Deoxys
|-damage|p2a: Deoxys|71/100 par
|-boost|p1a: Toucannon|spe|1
|move|p2a: Deoxys|Stored Power|p1a: Toucannon
|-damage|p1a: Toucannon|42/100
|
|-heal|p2a: Deoxys|77/100 par|[from] item: Leftovers
|upkeep
|turn|37
|
|t:|1759003537
|-singleturn|p1a: Toucannon|move: Beak Blast
|cant|p2a: Deoxys|par
|move|p1a: Toucannon|Beak Blast|p2a: Deoxys
|-resisted|p2a: Deoxys
|-damage|p2a: Deoxys|73/100 par
|
|-heal|p2a: Deoxys|79/100 par|[from] item: Leftovers
|upkeep
|turn|38
|
|t:|1759003546
|move|p1a: Toucannon|Bullet Seed|p2a: Deoxys
|-resisted|p2a: Deoxys
|-damage|p2a: Deoxys|78/100 par
|-resisted|p2a: Deoxys
|-damage|p2a: Deoxys|77/100 par
|-resisted|p2a: Deoxys
|-damage|p2a: Deoxys|77/100 par
|-resisted|p2a: Deoxys
|-damage|p2a: Deoxys|76/100 par
|-resisted|p2a: Deoxys
|-damage|p2a: Deoxys|75/100 par
|-hitcount|p2a: Deoxys|5
|move|p2a: Deoxys|Stored Power|p1a: Toucannon
|-damage|p1a: Toucannon|0 fnt
|faint|p1a: Toucannon
|
|win|homojeff
|raw|vendivugi's rating: 1068 &rarr; <strong>1050</strong><br />(-18 for losing)
|raw|homojeff's rating: 1100 &rarr; <strong>1123</strong><br />(+23 for winning)
|l|☆vendivugi
|player|p1|
|l|☆homojeff
|player|p2|
