|j|☆mysunshine
|j|☆Callooee
|t:|1758920222
|gametype|singles
|player|p1|mysunshine|waitress|1350
|player|p2|Callooee|wallace|1326
|gen|9
|tier|[Gen 9] OU
|rated|
|rule|HP Percentage Mod: HP is shown in percentages
|rule|Endless Battle Clause: Forcing endless battles is banned
|rule|Species Clause: Limit one of each Pokémon
|rule|OHKO Clause: OHKO moves are banned
|rule|Evasion Items Clause: Evasion items are banned
|rule|Evasion Moves Clause: Evasion moves are banned
|rule|Evasion Abilities Clause: Evasion abilities are banned
|rule|Sleep Moves Clause: Sleep-inducing moves are banned
|clearpoke
|poke|p1|Bellibolt, F|
|poke|p1|Pelipper, F|
|poke|p1|Iron Treads|
|poke|p1|Barraskewda, F|
|poke|p1|Dragonite, F|
|poke|p1|Iron Valiant|
|poke|p2|Slowking-Galar, F|
|poke|p2|Landorus-Therian, M|
|poke|p2|Darkrai|
|poke|p2|Ogerpon-Wellspring, F|
|poke|p2|Dragapult, F|
|poke|p2|Iron Crown|
|teampreview
|inactive|Battle timer is ON: inactive players will automatically lose when time's up. (requested by mysunshine)
|
|t:|1758920230
|teamsize|p1|6
|teamsize|p2|6
|start
|switch|p1a: Pelipper|Pelipper, F|100/100
|switch|p2a: Slowking|Slowking-Galar, F|100/100
|-weather|RainDance|[from] ability: Drizzle|[of] p1a: Pelipper
|turn|1
|
|t:|1758920234
|move|p1a: Pelipper|U-turn|p2a: Slowking
|-damage|p2a: Slowking|93/100
|
|t:|1758920239
|switch|p1a: Iron Treads|Iron Treads, shiny|100/100|[from] U-turn
|move|p2a: Slowking|Ice Beam|p1a: Iron Treads
|-damage|p1a: Iron Treads|63/100
|
|-weather|RainDance|[upkeep]
|upkeep
|turn|2
|
|t:|1758920249
|move|p1a: Iron Treads|Stealth Rock|p2a: Slowking
|-sidestart|p2: Callooee|move: Stealth Rock
|move|p2a: Slowking|Ice Beam|p1a: Iron Treads
|-damage|p1a: Iron Treads|24/100
|
|-weather|RainDance|[upkeep]
|upkeep
|turn|3
|
|t:|1758920259
|-terastallize|p2a: Slowking|Water
|move|p1a: Iron Treads|Volt Switch|p2a: Slowking
|-supereffective|p2a: Slowking
|-crit|p2a: Slowking
|-damage|p2a: Slowking|73/100
|
|t:|1758920265
|-end|p1a: Iron Treads|Quark Drive|[silent]
|switch|p1a: Bellibolt|Bellibolt, F|100/100|[from] Volt Switch
|move|p2a: Slowking|Ice Beam|p1a: Bellibolt
|-damage|p1a: Bellibolt|82/100
|-start|p1a: Bellibolt|Charge|Ice Beam|[from] ability: Electromorphosis
|
|-weather|RainDance|[upkeep]
|upkeep
|turn|4
|
|t:|1758920273
|move|p1a: Bellibolt|Thunder|p2a: Slowking
|-supereffective|p2a: Slowking
|-damage|p2a: Slowking|0 fnt
|faint|p2a: Slowking
|-end|p1a: Bellibolt|Charge|[silent]
|
|-weather|RainDance|[upkeep]
|upkeep
|
|t:|1758920277
|switch|p2a: Landorus|Landorus-Therian, M|100/100
|-damage|p2a: Landorus|88/100|[from] Stealth Rock
|-ability|p2a: Landorus|Intimidate|boost
|-unboost|p1a: Bellibolt|atk|1
|turn|5
|
|t:|1758920281
|move|p2a: Landorus|Stealth Rock|p1a: Bellibolt
|-sidestart|p1: mysunshine|move: Stealth Rock
|move|p1a: Bellibolt|Weather Ball|p2a: Landorus
|-supereffective|p2a: Landorus
|-damage|p2a: Landorus|0 fnt
|faint|p2a: Landorus
|
|-weather|RainDance|[upkeep]
|upkeep
|
|t:|1758920292
|switch|p2a: Darkrai|Darkrai|100/100
|turn|6
|
|t:|1758920295
|move|p2a: Darkrai|Dark Pulse|p1a: Bellibolt
|-damage|p1a: Bellibolt|54/100
|-start|p1a: Bellibolt|Charge|Dark Pulse|[from] ability: Electromorphosis
|move|p1a: Bellibolt|Thunder|p2a: Darkrai
|-damage|p2a: Darkrai|0 fnt
|faint|p2a: Darkrai
|-end|p1a: Bellibolt|Charge|[silent]
|
|-weather|RainDance|[upkeep]
|upkeep
|
|t:|1758920303
|switch|p2a: Ogerpon|Ogerpon-Wellspring, F|100/100
|-damage|p2a: Ogerpon|88/100|[from] Stealth Rock
|turn|7
|inactive|mysunshine has 120 seconds left.
|
|t:|1758920343
|move|p2a: Ogerpon|Ivy Cudgel|p1a: Bellibolt|[anim] Ivy Cudgel Water
|-damage|p1a: Bellibolt|0 fnt
|faint|p1a: Bellibolt
|
|-weather|RainDance|[upkeep]
|upkeep
|
|t:|1758920351
|switch|p1a: Pelipper|Pelipper, F|100/100
|-damage|p1a: Pelipper|76/100|[from] Stealth Rock
|turn|8
|
|t:|1758920361
|switch|p2a: Iron Crown|Iron Crown|100/100
|-damage|p2a: Iron Crown|94/100|[from] Stealth Rock
|move|p1a: Pelipper|Hurricane|p2a: Iron Crown
|-resisted|p2a: Iron Crown
|-damage|p2a: Iron Crown|75/100
|
|-weather|none
|upkeep
|turn|9
|
|t:|1758920367
|switch|p1a: Iron Treads|Iron Treads, shiny|24/100
|move|p2a: Iron Crown|Volt Switch|p1a: Iron Treads
|-immune|p1a: Iron Treads
|
|upkeep
|turn|10
|
|t:|1758920374
|-end|p2a: Iron Crown|Quark Drive|[silent]
|switch|p2a: Dragapult|Dragapult, F|100/100
|move|p1a: Iron Treads|Earth Power|p2a: Dragapult
|-damage|p2a: Dragapult|62/100
|
|upkeep
|turn|11
|
|t:|1758920380
|move|p2a: Dragapult|Dragon Darts|p1a: Iron Treads
|-resisted|p1a: Iron Treads
|-damage|p1a: Iron Treads|14/100
|-anim|p2a: Dragapult|Dragon Darts|p1a: Iron Treads
|-resisted|p1a: Iron Treads
|-damage|p1a: Iron Treads|4/100
|move|p1a: Iron Treads|Earth Power|p2a: Dragapult
|-damage|p2a: Dragapult|23/100
|
|upkeep
|turn|12
|
|t:|1758920386
|move|p2a: Dragapult|U-turn|p1a: Iron Treads
|-resisted|p1a: Iron Treads
|-damage|p1a: Iron Treads|0 fnt
|faint|p1a: Iron Treads
|-end|p1a: Iron Treads|Quark Drive|[silent]
|
|t:|1758920388
|switch|p2a: Ogerpon|Ogerpon-Wellspring, F|88/100|[from] U-turn
|-damage|p2a: Ogerpon|76/100|[from] Stealth Rock
|
|upkeep
|
|t:|1758920390
|switch|p1a: Pelipper|Pelipper, F|76/100
|-damage|p1a: Pelipper|51/100|[from] Stealth Rock
|-weather|RainDance|[from] ability: Drizzle|[of] p1a: Pelipper
|turn|13
|
|t:|1758920396
|move|p2a: Ogerpon|Swords Dance|p2a: Ogerpon
|-boost|p2a: Ogerpon|atk|2
|move|p1a: Pelipper|Hurricane|p2a: Ogerpon
|-supereffective|p2a: Ogerpon
|-damage|p2a: Ogerpon|0 fnt
|faint|p2a: Ogerpon
|
|-weather|RainDance|[upkeep]
|upkeep
|
|t:|1758920401
|switch|p2a: Iron Crown|Iron Crown|75/100
|-damage|p2a: Iron Crown|69/100|[from] Stealth Rock
|turn|14
|
|t:|1758920407
|move|p2a: Iron Crown|Volt Switch|p1a: Pelipper
|-supereffective|p1a: Pelipper
|-damage|p1a: Pelipper|0 fnt
|faint|p1a: Pelipper
|
|t:|1758920409
|-end|p2a: Iron Crown|Quark Drive|[silent]
|switch|p2a: Dragapult|Dragapult, F|23/100|[from] Volt Switch
|
|-weather|RainDance|[upkeep]
|upkeep
|
|t:|1758920414
|switch|p1a: Barraskewda|Barraskewda, F, shiny|100/100
|-damage|p1a: Barraskewda|88/100|[from] Stealth Rock
|turn|15
|
|t:|1758920418
|-terastallize|p1a: Barraskewda|Water
|move|p1a: Barraskewda|Liquidation|p2a: Dragapult
|-resisted|p2a: Dragapult
|-damage|p2a: Dragapult|0 fnt
|faint|p2a: Dragapult
|
|-weather|RainDance|[upkeep]
|upkeep
|
|t:|1758920422
|switch|p2a: Iron Crown|Iron Crown|69/100
|-damage|p2a: Iron Crown|63/100|[from] Stealth Rock
|turn|16
|
|t:|1758920423
|move|p1a: Barraskewda|Liquidation|p2a: Iron Crown
|-damage|p2a: Iron Crown|0 fnt
|faint|p2a: Iron Crown
|-end|p2a: Iron Crown|Quark Drive|[silent]
|
|win|mysunshine
|raw|mysunshine's rating: 1350 &rarr; <strong>1369</strong><br />(+19 for winning)
|raw|Callooee's rating: 1326 &rarr; <strong>1307</strong><br />(-19 for losing)
|l|☆Callooee
|player|p2|
|l|☆mysunshine
|player|p1|
