|j|☆ojjohi
|j|☆syk1307
|t:|1758999472
|gametype|singles
|player|p1|ojjohi|lucas-gen4pt|1525
|player|p2|syk1307|giovanni|1502
|gen|9
|tier|[Gen 9] OU
|rated|
|rule|HP Percentage Mod: HP is shown in percentages
|rule|Endless Battle Clause: Forcing endless battles is banned
|rule|Species Clause: Limit one of each Pokémon
|rule|OHKO Clause: OHKO moves are banned
|rule|Evasion Items Clause: Evasion items are banned
|rule|Evasion Moves Clause: Evasion moves are banned
|rule|Evasion Abilities Clause: Evasion abilities are banned
|rule|Sleep Moves Clause: Sleep-inducing moves are banned
|clearpoke
|poke|p1|Lokix, M|
|poke|p1|Cinderace, M|
|poke|p1|Great Tusk|
|poke|p1|Alomomola, M|
|poke|p1|Enamorus, F|
|poke|p1|Slowking-Galar, M|
|poke|p2|Jolteon, M|
|poke|p2|Greninja-*, M|
|poke|p2|Arcanine, M|
|poke|p2|Scizor, M|
|poke|p2|Corviknight, M|
|poke|p2|Mew|
|teampreview
|
|t:|1758999477
|teamsize|p1|6
|teamsize|p2|6
|start
|switch|p1a: Lokix|Lokix, M|100/100
|switch|p2a: Greninja|Greninja, M|100/100
|turn|1
|inactive|Battle timer is ON: inactive players will automatically lose when time's up. (requested by ojjohi)
|
|t:|1758999482
|switch|p2a: Corviknight|Corviknight, M|100/100
|move|p1a: Lokix|U-turn|p2a: Corviknight
|-resisted|p2a: Corviknight
|-damage|p2a: Corviknight|85/100
|-damage|p1a: Lokix|84/100|[from] item: Rocky Helmet|[of] p2a: Corviknight
|
|t:|1758999489
|switch|p1a: Cinderace|Cinderace, M|100/100|[from] U-turn
|
|upkeep
|turn|2
|
|t:|1758999492
|switch|p2a: Arcanine|Arcanine, M|100/100
|move|p1a: Cinderace|U-turn|p2a: Arcanine
|-resisted|p2a: Arcanine
|-damage|p2a: Arcanine|89/100
|
|t:|1758999500
|switch|p1a: Slowking|Slowking-Galar, M|100/100|[from] U-turn
|
|upkeep
|turn|3
|
|t:|1758999513
|move|p2a: Arcanine|Flare Blitz|p1a: Slowking
|-damage|p1a: Slowking|36/100
|-status|p1a: Slowking|brn
|-damage|p2a: Arcanine|63/100|[from] Recoil
|move|p1a: Slowking|Future Sight|p2a: Arcanine
|-start|p1a: Slowking|move: Future Sight
|
|-damage|p1a: Slowking|30/100 brn|[from] brn
|upkeep
|turn|4
|
|t:|1758999524
|switch|p2a: Scizor|Scizor, M|100/100
|switch|p1a: Alomomola|Alomomola, M|100/100
|
|upkeep
|turn|5
|inactive|syk1307 has 120 seconds left.
|
|t:|1758999577
|move|p2a: Scizor|Knock Off|p1a: Alomomola
|-damage|p1a: Alomomola|55/100
|-enditem|p1a: Alomomola|Assault Vest|[from] move: Knock Off|[of] p2a: Scizor
|move|p1a: Alomomola|Flip Turn|p2a: Scizor
|-damage|p2a: Scizor|83/100
|
|t:|1758999584
|switch|p1a: Cinderace|Cinderace, M|100/100|[from] Flip Turn
|
|-end|p2a: Scizor|move: Future Sight
|-resisted|p2a: Scizor
|-damage|p2a: Scizor|56/100
|upkeep
|turn|6
|
|t:|1758999591
|switch|p2a: Arcanine|Arcanine, M|63/100
|move|p1a: Cinderace|U-turn|p2a: Arcanine
|-resisted|p2a: Arcanine
|-damage|p2a: Arcanine|52/100
|
|t:|1758999600
|switch|p1a: Great Tusk|Great Tusk|100/100|[from] U-turn
|
|upkeep
|turn|7
|
|t:|1758999604
|switch|p2a: Corviknight|Corviknight, M|85/100
|move|p1a: Great Tusk|Knock Off|p2a: Corviknight
|-damage|p2a: Corviknight|69/100
|-damage|p1a: Great Tusk|84/100|[from] item: Rocky Helmet|[of] p2a: Corviknight
|-enditem|p2a: Corviknight|Rocky Helmet|[from] move: Knock Off|[of] p1a: Great Tusk
|
|-heal|p1a: Great Tusk|90/100|[from] item: Leftovers
|upkeep
|turn|8
|
|t:|1758999614
|move|p1a: Great Tusk|Bulk Up|p1a: Great Tusk
|-boost|p1a: Great Tusk|atk|1
|-boost|p1a: Great Tusk|def|1
|move|p2a: Corviknight|U-turn|p1a: Great Tusk
|-resisted|p1a: Great Tusk
|-damage|p1a: Great Tusk|88/100
|inactive|syk1307 has 120 seconds left.
|
|t:|1758999633
|switch|p2a: Greninja|Greninja, M|100/100|[from] U-turn
|
|-heal|p1a: Great Tusk|94/100|[from] item: Leftovers
|upkeep
|turn|9
|inactive|syk1307 has 120 seconds left.
|
|t:|1758999647
|-end|p1a: Great Tusk|Protosynthesis|[silent]
|switch|p1a: Alomomola|Alomomola, M|89/100
|move|p2a: Greninja|Ice Beam|p1a: Alomomola
|-start|p2a: Greninja|typechange|Ice|[from] ability: Protean
|-resisted|p1a: Alomomola
|-damage|p1a: Alomomola|67/100
|-status|p1a: Alomomola|frz
|
|upkeep
|turn|10
|inactive|syk1307 has 120 seconds left.
|
|t:|1758999660
|switch|p2a: Scizor|Scizor, M|56/100
|cant|p1a: Alomomola|frz
|
|upkeep
|turn|11
|inactive|syk1307 has 120 seconds left.
|
|t:|1758999668
|switch|p1a: Great Tusk|Great Tusk|94/100
|move|p2a: Scizor|U-turn|p1a: Great Tusk
|-resisted|p1a: Great Tusk
|-damage|p1a: Great Tusk|78/100
|inactive|syk1307 has 120 seconds left.
|
|t:|1758999692
|switch|p2a: Mew|Mew, shiny|100/100|[from] U-turn
|
|-heal|p1a: Great Tusk|85/100|[from] item: Leftovers
|upkeep
|turn|12
|
|t:|1758999704
|-end|p1a: Great Tusk|Protosynthesis|[silent]
|switch|p1a: Lokix|Lokix, M|84/100
|move|p2a: Mew|Nasty Plot|p2a: Mew
|-boost|p2a: Mew|spa|2
|
|upkeep
|turn|13
|
|t:|1758999713
|-terastallize|p2a: Mew|Fairy
|move|p1a: Lokix|First Impression|p2a: Mew
|-resisted|p2a: Mew
|-damage|p2a: Mew|48/100
|-enditem|p2a: Mew|Sitrus Berry|[eat]
|-heal|p2a: Mew|73/100|[from] item: Sitrus Berry
|move|p2a: Mew|Draining Kiss|p1a: Lokix
|-supereffective|p1a: Lokix
|-damage|p1a: Lokix|0 fnt
|-heal|p2a: Mew|100/100|[from] drain|[of] p1a: Lokix
|faint|p1a: Lokix
|
|upkeep
|-message|ojjohi forfeited.
|
|win|syk1307
|raw|ojjohi's rating: 1525 &rarr; <strong>1504</strong><br />(-21 for losing)
|raw|syk1307's rating: 1502 &rarr; <strong>1523</strong><br />(+21 for winning)
|l|☆ojjohi
|player|p1|
