|j|☆gashner
|j|☆dimeeenietreecko
|t:|1759051781
|gametype|singles
|player|p1|gashner|169|1146
|player|p2|dimeeenietreecko|265|1124
|gen|9
|tier|[Gen 9] OU
|rated|
|rule|HP Percentage Mod: HP is shown in percentages
|rule|Endless Battle Clause: Forcing endless battles is banned
|rule|Species Clause: Limit one of each Pokémon
|rule|OHKO Clause: OHKO moves are banned
|rule|Evasion Items Clause: Evasion items are banned
|rule|Evasion Moves Clause: Evasion moves are banned
|rule|Evasion Abilities Clause: Evasion abilities are banned
|rule|Sleep Moves Clause: Sleep-inducing moves are banned
|clearpoke
|poke|p1|Alomomola, M|
|poke|p1|Dragalge, F|
|poke|p1|Lokix, M|
|poke|p1|Great Tusk|
|poke|p1|Gholdengo|
|poke|p1|Moltres|
|poke|p2|Okidogi, M|
|poke|p2|Dragapult, F|
|poke|p2|Sylveon, F|
|poke|p2|Rillaboom, M|
|poke|p2|Glimmora, F|
|poke|p2|Moltres|
|teampreview
|inactive|Battle timer is ON: inactive players will automatically lose when time's up. (requested by gashner)
|inactive|dimeeenietreecko has 120 seconds left.
|
|t:|1759051826
|teamsize|p1|6
|teamsize|p2|6
|start
|switch|p1a: Dragalge|Dragalge, F|100/100
|switch|p2a: Moltres|Moltres|100/100
|-ability|p2a: Moltres|Pressure
|turn|1
|
|t:|1759051840
|move|p2a: Moltres|U-turn|p1a: Dragalge
|-resisted|p1a: Dragalge
|-damage|p1a: Dragalge|91/100
|
|t:|1759051849
|switch|p2a: Glimmora|Glimmora, F|100/100|[from] U-turn
|move|p1a: Dragalge|Flip Turn|p2a: Glimmora
|-supereffective|p2a: Glimmora
|-damage|p2a: Glimmora|79/100
|-activate|p2a: Glimmora|ability: Toxic Debris
|-sidestart|p1: gashner|move: Toxic Spikes
|
|t:|1759051861
|switch|p1a: Great Tusk|Great Tusk|100/100|[from] Flip Turn
|
|upkeep
|turn|2
|
|t:|1759051879
|switch|p2a: Dragapult|Dragapult, F|100/100
|move|p1a: Great Tusk|Stealth Rock|p2a: Dragapult
|-sidestart|p2: dimeeenietreecko|move: Stealth Rock
|
|upkeep
|turn|3
|
|t:|1759051893
|move|p2a: Dragapult|Reflect|p2a: Dragapult
|-sidestart|p2: dimeeenietreecko|Reflect
|move|p1a: Great Tusk|Headlong Rush|p2a: Dragapult
|-damage|p2a: Dragapult|66/100
|-unboost|p1a: Great Tusk|def|1
|-unboost|p1a: Great Tusk|spd|1
|
|-heal|p2a: Dragapult|72/100|[from] item: Leftovers
|upkeep
|turn|4
|
|t:|1759051902
|-end|p1a: Great Tusk|Protosynthesis|[silent]
|switch|p1a: Moltres|Moltres|100/100
|move|p2a: Dragapult|Dragon Darts|p1a: Moltres
|-damage|p1a: Moltres|82/100
|-anim|p2a: Dragapult|Dragon Darts|p1a: Moltres
|-damage|p1a: Moltres|61/100
|
|-heal|p2a: Dragapult|78/100|[from] item: Leftovers
|upkeep
|turn|5
|
|t:|1759051913
|move|p2a: Dragapult|Dragon Darts|p1a: Moltres
|-damage|p1a: Moltres|41/100
|-anim|p2a: Dragapult|Dragon Darts|p1a: Moltres
|-damage|p1a: Moltres|23/100
|move|p1a: Moltres|Roar|p2a: Dragapult
|drag|p2a: Glimmora|Glimmora, F|79/100
|-damage|p2a: Glimmora|66/100|[from] Stealth Rock
|
|upkeep
|turn|6
|
|t:|1759051925
|switch|p1a: Dragalge|Dragalge, F|91/100
|-sideend|p1: gashner|move: Toxic Spikes|[of] p1a: Dragalge
|move|p2a: Glimmora|Mortal Spin|p1a: Dragalge
|-resisted|p1a: Dragalge
|-damage|p1a: Dragalge|88/100
|-sideend|p2: dimeeenietreecko|Stealth Rock|[from] move: Mortal Spin|[of] p2a: Glimmora
|
|upkeep
|turn|7
|
|t:|1759051937
|move|p2a: Glimmora|Meteor Beam||[still]
|-prepare|p2a: Glimmora|Meteor Beam
|-boost|p2a: Glimmora|spa|1
|-enditem|p2a: Glimmora|Power Herb
|-anim|p2a: Glimmora|Meteor Beam|p1a: Dragalge
|-damage|p1a: Dragalge|2/100
|move|p1a: Dragalge|Draco Meteor|p2a: Glimmora
|-damage|p2a: Glimmora|0 fnt
|-unboost|p1a: Dragalge|spa|2
|faint|p2a: Glimmora
|
|-sideend|p2: dimeeenietreecko|Reflect
|upkeep
|
|t:|1759051954
|switch|p2a: Moltres|Moltres|100/100
|-ability|p2a: Moltres|Pressure
|turn|8
|
|t:|1759051959
|move|p2a: Moltres|U-turn|p1a: Dragalge
|-resisted|p1a: Dragalge
|-damage|p1a: Dragalge|0 fnt
|faint|p1a: Dragalge
|
|t:|1759051970
|switch|p2a: Dragapult|Dragapult, F|78/100|[from] U-turn
|
|-heal|p2a: Dragapult|84/100|[from] item: Leftovers
|upkeep
|
|t:|1759051977
|switch|p1a: Alomomola|Alomomola, M|100/100
|turn|9
|
|t:|1759051984
|move|p2a: Dragapult|Reflect|p2a: Dragapult
|-sidestart|p2: dimeeenietreecko|Reflect
|move|p1a: Alomomola|Scald|p2a: Dragapult
|-resisted|p2a: Dragapult
|-damage|p2a: Dragapult|76/100
|
|-heal|p2a: Dragapult|82/100|[from] item: Leftovers
|upkeep
|turn|10
|
|t:|1759051991
|move|p2a: Dragapult|Curse|p1a: Alomomola
|-start|p1a: Alomomola|Curse|[of] p2a: Dragapult
|-damage|p2a: Dragapult|32/100
|move|p1a: Alomomola|Scald|p2a: Dragapult
|-resisted|p2a: Dragapult
|-damage|p2a: Dragapult|25/100
|-status|p2a: Dragapult|brn
|
|-heal|p2a: Dragapult|31/100 brn|[from] item: Leftovers
|-damage|p2a: Dragapult|25/100 brn|[from] brn
|-damage|p1a: Alomomola|75/100|[from] Curse
|upkeep
|turn|11
|
|t:|1759052019
|switch|p2a: Rillaboom|Rillaboom, M|100/100
|-fieldstart|move: Grassy Terrain|[from] ability: Grassy Surge|[of] p2a: Rillaboom
|switch|p1a: Moltres|Moltres|23/100
|
|upkeep
|turn|12
|
|t:|1759052032
|switch|p2a: Dragapult|Dragapult, F|25/100 brn
|move|p1a: Moltres|Roost|p1a: Moltres
|-heal|p1a: Moltres|73/100
|-singleturn|p1a: Moltres|move: Roost
|
|-heal|p2a: Dragapult|31/100 brn|[from] Grassy Terrain
|-heal|p2a: Dragapult|37/100 brn|[from] item: Leftovers
|-heal|p1a: Moltres|79/100|[from] Grassy Terrain
|-damage|p2a: Dragapult|31/100 brn|[from] brn
|upkeep
|turn|13
|inactive|dimeeenietreecko has 120 seconds left.
|
|t:|1759052054
|move|p2a: Dragapult|Disable|p1a: Moltres
|-start|p1a: Moltres|Disable|Roost
|move|p1a: Moltres|U-turn|p2a: Dragapult
|-resisted|p2a: Dragapult
|-damage|p2a: Dragapult|27/100 brn
|
|t:|1759052060
|switch|p1a: Gholdengo|Gholdengo|100/100|[from] U-turn
|
|-heal|p2a: Dragapult|33/100 brn|[from] Grassy Terrain
|-heal|p2a: Dragapult|39/100 brn|[from] item: Leftovers
|-damage|p2a: Dragapult|33/100 brn|[from] brn
|-sideend|p2: dimeeenietreecko|Reflect
|upkeep
|turn|14
|
|t:|1759052067
|move|p1a: Gholdengo|Shadow Ball|p2a: Dragapult
|-supereffective|p2a: Dragapult
|-damage|p2a: Dragapult|0 fnt
|faint|p2a: Dragapult
|
|upkeep
|
|t:|1759052082
|switch|p2a: Moltres|Moltres|100/100
|-ability|p2a: Moltres|Pressure
|turn|15
|
|t:|1759052087
|switch|p1a: Alomomola|Alomomola, M|100/100
|move|p2a: Moltres|Overheat|p1a: Alomomola
|-resisted|p1a: Alomomola
|-damage|p1a: Alomomola|72/100
|-unboost|p2a: Moltres|spa|2
|
|-heal|p1a: Alomomola|78/100|[from] Grassy Terrain
|-fieldend|move: Grassy Terrain
|upkeep
|turn|16
|
|t:|1759052097
|switch|p2a: Sylveon|Sylveon, F|100/100
|move|p1a: Alomomola|Flip Turn|p2a: Sylveon
|-damage|p2a: Sylveon|81/100
|
|t:|1759052109
|switch|p1a: Gholdengo|Gholdengo|100/100|[from] Flip Turn
|
|-heal|p2a: Sylveon|87/100|[from] item: Leftovers
|upkeep
|turn|17
|
|t:|1759052118
|move|p2a: Sylveon|Protect|p2a: Sylveon
|-singleturn|p2a: Sylveon|Protect
|move|p1a: Gholdengo|Shadow Ball|p2a: Sylveon
|-activate|p2a: Sylveon|move: Protect
|
|-heal|p2a: Sylveon|93/100|[from] item: Leftovers
|upkeep
|turn|18
|
|t:|1759052125
|move|p1a: Gholdengo|Shadow Ball|p2a: Sylveon
|-damage|p2a: Sylveon|69/100
|move|p2a: Sylveon|Wish|p2a: Sylveon
|
|-heal|p2a: Sylveon|75/100|[from] item: Leftovers
|upkeep
|turn|19
|
|t:|1759052138
|switch|p1a: Alomomola|Alomomola, M|100/100
|switch|p2a: Rillaboom|Rillaboom, M|100/100
|-fieldstart|move: Grassy Terrain|[from] ability: Grassy Surge|[of] p2a: Rillaboom
|
|upkeep
|turn|20
|inactive|gashner has 120 seconds left.
|
|t:|1759052177
|-terastallize|p1a: Alomomola|Normal
|move|p2a: Rillaboom|Drum Beating|p1a: Alomomola
|-damage|p1a: Alomomola|52/100
|-unboost|p1a: Alomomola|spe|1
|-damage|p2a: Rillaboom|91/100|[from] item: Life Orb
|move|p1a: Alomomola|Scald|p2a: Rillaboom
|-resisted|p2a: Rillaboom
|-damage|p2a: Rillaboom|83/100
|-status|p2a: Rillaboom|brn
|
|-heal|p2a: Rillaboom|89/100 brn|[from] Grassy Terrain
|-heal|p1a: Alomomola|58/100|[from] Grassy Terrain
|-damage|p2a: Rillaboom|83/100 brn|[from] brn
|upkeep
|turn|21
|inactive|gashner has 120 seconds left.
|
|t:|1759052191
|switch|p1a: Moltres|Moltres|79/100
|move|p2a: Rillaboom|Leech Seed|p1a: Moltres|[miss]
|-miss|p2a: Rillaboom|p1a: Moltres
|
|-heal|p2a: Rillaboom|89/100 brn|[from] Grassy Terrain
|-damage|p2a: Rillaboom|83/100 brn|[from] brn
|upkeep
|turn|22
|inactive|gashner has 120 seconds left.
|
|t:|1759052203
|move|p1a: Moltres|U-turn|p2a: Rillaboom
|-supereffective|p2a: Rillaboom
|-damage|p2a: Rillaboom|56/100 brn
|
|t:|1759052206
|switch|p1a: Lokix|Lokix, M|100/100|[from] U-turn
|move|p2a: Rillaboom|Leech Seed|p1a: Lokix
|-start|p1a: Lokix|move: Leech Seed
|
|-heal|p2a: Rillaboom|62/100 brn|[from] Grassy Terrain
|-damage|p1a: Lokix|88/100|[from] Leech Seed|[of] p2a: Rillaboom
|-heal|p2a: Rillaboom|71/100 brn|[silent]
|-damage|p2a: Rillaboom|64/100 brn|[from] brn
|upkeep
|turn|23
|
|t:|1759052221
|move|p1a: Lokix|Knock Off|p2a: Rillaboom
|-damage|p2a: Rillaboom|3/100 brn
|-enditem|p2a: Rillaboom|Life Orb|[from] move: Knock Off|[of] p1a: Lokix
|move|p2a: Rillaboom|Drum Beating|p1a: Lokix
|-resisted|p1a: Lokix
|-damage|p1a: Lokix|66/100
|-unboost|p1a: Lokix|spe|1
|
|-heal|p2a: Rillaboom|9/100 brn|[from] Grassy Terrain
|-heal|p1a: Lokix|72/100|[from] Grassy Terrain
|-damage|p1a: Lokix|60/100|[from] Leech Seed|[of] p2a: Rillaboom
|-heal|p2a: Rillaboom|18/100 brn|[silent]
|-damage|p2a: Rillaboom|11/100 brn|[from] brn
|-fieldend|move: Grassy Terrain
|upkeep
|turn|24
|
|t:|1759052241
|switch|p2a: Sylveon|Sylveon, F|75/100
|move|p1a: Lokix|Knock Off|p2a: Sylveon
|-resisted|p2a: Sylveon
|-damage|p2a: Sylveon|0 fnt
|-enditem|p2a: Sylveon|Leftovers|[from] move: Knock Off|[of] p1a: Lokix
|faint|p2a: Sylveon
|
|upkeep
|inactive|dimeeenietreecko has 120 seconds left.
|
|t:|1759052264
|switch|p2a: Okidogi|Okidogi, M|100/100
|turn|25
|
|t:|1759052269
|switch|p1a: Great Tusk|Great Tusk|100/100
|move|p2a: Okidogi|Bulk Up|p2a: Okidogi
|-boost|p2a: Okidogi|atk|1
|-boost|p2a: Okidogi|def|1
|
|upkeep
|turn|26
|
|t:|1759052284
|move|p1a: Great Tusk|Headlong Rush|p2a: Okidogi
|-supereffective|p2a: Okidogi
|-damage|p2a: Okidogi|38/100
|-unboost|p1a: Great Tusk|def|1
|-unboost|p1a: Great Tusk|spd|1
|move|p2a: Okidogi|Bulk Up|p2a: Okidogi
|-boost|p2a: Okidogi|atk|1
|-boost|p2a: Okidogi|def|1
|
|upkeep
|turn|27
|
|t:|1759052292
|move|p1a: Great Tusk|Headlong Rush|p2a: Okidogi
|-supereffective|p2a: Okidogi
|-crit|p2a: Okidogi
|-damage|p2a: Okidogi|0 fnt
|-unboost|p1a: Great Tusk|def|1
|-unboost|p1a: Great Tusk|spd|1
|faint|p2a: Okidogi
|
|upkeep
|
|t:|1759052301
|switch|p2a: Moltres|Moltres|100/100
|-ability|p2a: Moltres|Pressure
|turn|28
|
|t:|1759052306
|-end|p1a: Great Tusk|Protosynthesis|[silent]
|switch|p1a: Alomomola|Alomomola, M, tera:Normal|91/100
|move|p2a: Moltres|Air Slash|p1a: Alomomola
|-damage|p1a: Alomomola|59/100
|
|upkeep
|turn|29
|
|t:|1759052313
|switch|p2a: Rillaboom|Rillaboom, M|11/100 brn
|-fieldstart|move: Grassy Terrain|[from] ability: Grassy Surge|[of] p2a: Rillaboom
|move|p1a: Alomomola|Mirror Coat||[still]
|-fail|p1a: Alomomola
|
|-heal|p2a: Rillaboom|18/100 brn|[from] Grassy Terrain
|-heal|p1a: Alomomola|65/100|[from] Grassy Terrain
|-damage|p2a: Rillaboom|11/100 brn|[from] brn
|upkeep
|turn|30
|
|t:|1759052324
|move|p2a: Rillaboom|Leech Seed|p1a: Alomomola
|-start|p1a: Alomomola|move: Leech Seed
|move|p1a: Alomomola|Body Slam|p2a: Rillaboom
|-crit|p2a: Rillaboom
|-damage|p2a: Rillaboom|0 fnt
|faint|p2a: Rillaboom
|
|-heal|p1a: Alomomola|71/100|[from] Grassy Terrain
|upkeep
|
|t:|1759052331
|switch|p2a: Moltres|Moltres|100/100
|-ability|p2a: Moltres|Pressure
|turn|31
|
|t:|1759052339
|move|p2a: Moltres|Air Slash|p1a: Alomomola
|-damage|p1a: Alomomola|37/100
|move|p1a: Alomomola|Flip Turn|p2a: Moltres
|-supereffective|p2a: Moltres
|-damage|p2a: Moltres|59/100
|
|t:|1759052348
|switch|p1a: Gholdengo|Gholdengo|100/100|[from] Flip Turn
|
|upkeep
|turn|32
|
|t:|1759052369
|move|p1a: Gholdengo|Make It Rain|p2a: Moltres
|-resisted|p2a: Moltres
|-damage|p2a: Moltres|23/100
|-unboost|p1a: Gholdengo|spa|1
|move|p2a: Moltres|Air Slash|p1a: Gholdengo
|-resisted|p1a: Gholdengo
|-damage|p1a: Gholdengo|69/100
|
|-heal|p1a: Gholdengo|75/100|[from] Grassy Terrain
|upkeep
|turn|33
|
|t:|1759052388
|switch|p1a: Alomomola|Alomomola, M, tera:Normal|71/100
|move|p2a: Moltres|Air Slash|p1a: Alomomola
|-crit|p1a: Alomomola
|-damage|p1a: Alomomola|24/100
|
|-heal|p1a: Alomomola|31/100|[from] Grassy Terrain
|-fieldend|move: Grassy Terrain
|upkeep
|turn|34
|
|t:|1759052396
|move|p2a: Moltres|Air Slash|p1a: Alomomola
|-damage|p1a: Alomomola|0 fnt
|faint|p1a: Alomomola
|
|upkeep
|
|t:|1759052401
|switch|p1a: Gholdengo|Gholdengo|75/100
|turn|35
|
|t:|1759052405
|move|p1a: Gholdengo|Make It Rain|p2a: Moltres
|-resisted|p2a: Moltres
|-damage|p2a: Moltres|0 fnt
|-unboost|p1a: Gholdengo|spa|1
|faint|p2a: Moltres
|
|win|gashner
|raw|gashner's rating: 1146 &rarr; <strong>1169</strong><br />(+23 for winning)
|raw|dimeeenietreecko's rating: 1124 &rarr; <strong>1101</strong><br />(-23 for losing)
|l|☆dimeeenietreecko
|player|p2|
