|badge|p1|silver|gen9ou|30-6
|html|<div class="broadcast-red"><strong>This battle is required to be public due to one or more player having a season medal.</strong><br />During the public phase, you can discuss the state of the ladder <a href="/seasondiscussion">in a special chatroom.</a></div>
|uhtml|medal-msg|<div class="broadcast-blue">Curious what those medals under the avatar are? PS now has Ladder Seasons! For more information, check out the <a href="https://www.smogon.com/forums/threads/3740067/">thread on Smogon.</a></div>
|raw|<div class="broadcast-blue"><strong>This battle is required to be public due to a player having a name starting with 'medal'.</div>
|j|☆LT124YH Ghoul
|j|☆lerendezvous
|t:|1758982646
|gametype|singles
|player|p1|LT124YH Ghoul|allister|1971
|player|p2|lerendezvous|101|1772
|gen|9
|tier|[Gen 9] OU
|rated|
|rule|HP Percentage Mod: HP is shown in percentages
|rule|Endless Battle Clause: Forcing endless battles is banned
|rule|Species Clause: Limit one of each Pokémon
|rule|OHKO Clause: OHKO moves are banned
|rule|Evasion Items Clause: Evasion items are banned
|rule|Evasion Moves Clause: Evasion moves are banned
|rule|Evasion Abilities Clause: Evasion abilities are banned
|rule|Sleep Moves Clause: Sleep-inducing moves are banned
|clearpoke
|poke|p1|Enamorus, F|
|poke|p1|Araquanid, M|
|poke|p1|Gholdengo|
|poke|p1|Iron Valiant|
|poke|p1|Kingambit, M|
|poke|p1|Great Tusk|
|poke|p2|Ogerpon-Wellspring, F|
|poke|p2|Slowking-Galar, M|
|poke|p2|Great Tusk|
|poke|p2|Moltres|
|poke|p2|Dragapult, F|
|poke|p2|Kingambit, M|
|teampreview
|inactive|Battle timer is ON: inactive players will automatically lose when time's up. (requested by LT124YH Ghoul)
|j| cryyysneasel
|j| cynasaurus
|inactive|lerendezvous also wants the timer to be on.
|
|t:|1758982660
|teamsize|p1|6
|teamsize|p2|6
|start
|switch|p1a: Doc Seismic|Araquanid, M, shiny|100/100
|switch|p2a: Ogerpon|Ogerpon-Wellspring, F|100/100
|turn|1
|
|t:|1758982673
|move|p2a: Ogerpon|Knock Off|p1a: Doc Seismic
|-damage|p1a: Doc Seismic|57/100
|-enditem|p1a: Doc Seismic|Custap Berry|[from] move: Knock Off|[of] p2a: Ogerpon
|move|p1a: Doc Seismic|Lunge|p2a: Ogerpon
|-supereffective|p2a: Ogerpon
|-damage|p2a: Ogerpon|27/100
|-unboost|p2a: Ogerpon|atk|1
|
|upkeep
|turn|2
|
|t:|1758982691
|switch|p1a: Atom Eve|Iron Valiant|100/100
|-enditem|p1a: Atom Eve|Booster Energy
|-activate|p1a: Atom Eve|ability: Quark Drive|[fromitem]
|-start|p1a: Atom Eve|quarkdrivespa
|move|p2a: Ogerpon|Power Whip|p1a: Atom Eve|[miss]
|-miss|p2a: Ogerpon|p1a: Atom Eve
|
|upkeep
|turn|3
|l| cryyysneasel
|
|t:|1758982696
|switch|p2a: Slowking|Slowking-Galar, M|100/100
|move|p1a: Atom Eve|Calm Mind|p1a: Atom Eve
|-boost|p1a: Atom Eve|spa|1
|-boost|p1a: Atom Eve|spd|1
|
|upkeep
|turn|4
|
|t:|1758982700
|move|p1a: Atom Eve|Thunderbolt|p2a: Slowking
|-damage|p2a: Slowking|68/100
|move|p2a: Slowking|Psyshock|p1a: Atom Eve
|-supereffective|p1a: Atom Eve
|-damage|p1a: Atom Eve|4/100
|
|upkeep
|turn|5
|
|t:|1758982707
|switch|p2a: Ogerpon|Ogerpon-Wellspring, F|27/100
|move|p1a: Atom Eve|Thunderbolt|p2a: Ogerpon
|-damage|p2a: Ogerpon|0 fnt
|faint|p2a: Ogerpon
|
|upkeep
|j| Almighty Sa'
|
|t:|1758982712
|switch|p2a: Dragapult|Dragapult, F|100/100
|turn|6
|
|t:|1758982716
|move|p2a: Dragapult|U-turn|p1a: Atom Eve
|-resisted|p1a: Atom Eve
|-damage|p1a: Atom Eve|0 fnt
|faint|p1a: Atom Eve
|-end|p1a: Atom Eve|Quark Drive|[silent]
|
|t:|1758982721
|switch|p2a: Kingambit|Kingambit, M|100/100|[from] U-turn
|-activate|p2a: Kingambit|ability: Supreme Overlord
|-start|p2a: Kingambit|fallen1|[silent]
|
|upkeep
|j| cryyysneasel
|
|t:|1758982732
|switch|p1a: Conquest|Enamorus, F|100/100
|turn|7
|
|t:|1758982740
|move|p1a: Conquest|Superpower|p2a: Kingambit
|-supereffective|p2a: Kingambit
|-damage|p2a: Kingambit|0 fnt
|-boost|p1a: Conquest|atk|1
|-boost|p1a: Conquest|def|1
|faint|p2a: Kingambit
|-end|p2a: Kingambit|fallen1|[silent]
|
|upkeep
|
|t:|1758982747
|switch|p2a: Slowking|Slowking-Galar, M|100/100
|turn|8
|j| webs webs webs
|
|t:|1758982756
|-terastallize|p1a: Conquest|Ghost
|move|p1a: Conquest|Tera Blast|p2a: Slowking|[anim] Tera Blast Ghost
|-supereffective|p2a: Slowking
|-damage|p2a: Slowking|0 fnt
|faint|p2a: Slowking
|
|upkeep
|j| Storm cone
|j| Disscratch
|
|t:|1758982763
|switch|p2a: Moltres|Moltres|100/100
|turn|9
|
|t:|1758982768
|switch|p1a: Doc Seismic|Araquanid, M, shiny|57/100
|move|p2a: Moltres|Flamethrower|p1a: Doc Seismic
|-crit|p1a: Doc Seismic
|-damage|p1a: Doc Seismic|32/100
|
|upkeep
|turn|10
|
|t:|1758982773
|move|p2a: Moltres|U-turn|p1a: Doc Seismic
|-damage|p1a: Doc Seismic|16/100
|
|t:|1758982777
|switch|p2a: Dragapult|Dragapult, F|100/100|[from] U-turn
|move|p1a: Doc Seismic|Liquidation|p2a: Dragapult
|-resisted|p2a: Dragapult
|-damage|p2a: Dragapult|54/100
|
|upkeep
|turn|11
|
|t:|1758982782
|move|p2a: Dragapult|U-turn|p1a: Doc Seismic
|-damage|p1a: Doc Seismic|0 fnt
|faint|p1a: Doc Seismic
|j| weirdhamster alt
|
|t:|1758982787
|switch|p2a: Moltres|Moltres|100/100|[from] U-turn
|
|upkeep
|c| Storm cone|What rank ru rn ghoul
|c|☆LT124YH Ghoul|idk
|l| cynasaurus
|inactive|LT124YH Ghoul has 120 seconds left.
|c|☆LT124YH Ghoul|11
|l| Storm cone
|
|t:|1758982840
|switch|p1a: Conquest|Enamorus, F, tera:Ghost|100/100
|turn|12
|
|t:|1758982845
|move|p1a: Conquest|Tera Blast|p2a: Moltres|[anim] Tera Blast Ghost
|-damage|p2a: Moltres|71/100
|move|p2a: Moltres|Flamethrower|p1a: Conquest
|-damage|p1a: Conquest|47/100
|
|-heal|p1a: Conquest|53/100|[from] item: Leftovers
|upkeep
|turn|13
|
|t:|1758982853
|move|p1a: Conquest|Tera Blast|p2a: Moltres|[anim] Tera Blast Ghost
|-damage|p2a: Moltres|43/100
|move|p2a: Moltres|Roost|p2a: Moltres
|-heal|p2a: Moltres|93/100
|-singleturn|p2a: Moltres|move: Roost
|
|-heal|p1a: Conquest|59/100|[from] item: Leftovers
|upkeep
|turn|14
|
|t:|1758982858
|move|p1a: Conquest|Tera Blast|p2a: Moltres|[anim] Tera Blast Ghost
|-damage|p2a: Moltres|67/100
|move|p2a: Moltres|Flamethrower|p1a: Conquest
|-damage|p1a: Conquest|8/100
|-status|p1a: Conquest|brn
|
|-heal|p1a: Conquest|14/100 brn|[from] item: Leftovers
|-damage|p1a: Conquest|8/100 brn|[from] brn
|upkeep
|turn|15
|j| IM AT MY LIMIT
|
|t:|1758982864
|move|p1a: Conquest|Moonblast|p2a: Moltres
|-resisted|p2a: Moltres
|-damage|p2a: Moltres|46/100
|move|p2a: Moltres|U-turn|p1a: Conquest
|-resisted|p1a: Conquest
|-damage|p1a: Conquest|0 fnt
|faint|p1a: Conquest
|
|t:|1758982869
|switch|p2a: Great Tusk|Great Tusk|100/100|[from] U-turn
|
|upkeep
|
|t:|1758982876
|switch|p1a: Invincible|Great Tusk|100/100
|-enditem|p1a: Invincible|Booster Energy
|-activate|p1a: Invincible|ability: Protosynthesis|[fromitem]
|-start|p1a: Invincible|protosynthesisspe
|turn|16
|j| Storm cone
|
|t:|1758982880
|move|p1a: Invincible|Headlong Rush|p2a: Great Tusk
|-damage|p2a: Great Tusk|65/100
|-unboost|p1a: Invincible|def|1
|-unboost|p1a: Invincible|spd|1
|-damage|p1a: Invincible|84/100|[from] item: Rocky Helmet|[of] p2a: Great Tusk
|move|p2a: Great Tusk|Headlong Rush|p1a: Invincible
|-damage|p1a: Invincible|22/100
|-unboost|p2a: Great Tusk|def|1
|-unboost|p2a: Great Tusk|spd|1
|
|upkeep
|turn|17
|n| weirdhamster alt|weirdhamsteralt
|j| SirPeanutCronch
|c| weirdhamster alt|worlds finest enam performance
|
|t:|1758982889
|-end|p2a: Great Tusk|Protosynthesis|[silent]
|switch|p2a: Moltres|Moltres|46/100
|move|p1a: Invincible|Headlong Rush|p2a: Moltres
|-immune|p2a: Moltres
|
|upkeep
|turn|18
|
|t:|1758982894
|move|p1a: Invincible|Head Smash|p2a: Moltres
|-supereffective|p2a: Moltres
|-damage|p2a: Moltres|0 fnt
|faint|p2a: Moltres
|-damage|p1a: Invincible|2/100|[from] Recoil
|
|upkeep
|
|t:|1758982898
|switch|p2a: Dragapult|Dragapult, F|54/100
|turn|19
|
|t:|1758982902
|-terastallize|p2a: Dragapult|Fairy
|move|p1a: Invincible|Headlong Rush|p2a: Dragapult
|-damage|p2a: Dragapult|0 fnt
|-unboost|p1a: Invincible|def|1
|-unboost|p1a: Invincible|spd|1
|faint|p2a: Dragapult
|
|upkeep
|
|t:|1758982907
|switch|p2a: Great Tusk|Great Tusk|65/100
|turn|20
|c| Almighty Sa'|o.0
|
|t:|1758982911
|move|p1a: Invincible|Headlong Rush|p2a: Great Tusk
|-damage|p2a: Great Tusk|29/100
|-unboost|p1a: Invincible|def|1
|-unboost|p1a: Invincible|spd|1
|-damage|p1a: Invincible|0 fnt|[from] item: Rocky Helmet|[of] p2a: Great Tusk
|faint|p1a: Invincible
|-end|p1a: Invincible|Protosynthesis|[silent]
|move|p2a: Great Tusk|Stealth Rock|p1: Invincible
|-sidestart|p1: LT124YH Ghoul|move: Stealth Rock
|
|upkeep
|
|t:|1758982916
|switch|p1a: Robot|Gholdengo|100/100
|-damage|p1a: Robot|94/100|[from] Stealth Rock
|turn|21
|c| weirdhamster alt|hi almighty sa
|
|t:|1758982920
|move|p2a: Great Tusk|Stealth Rock||[still]
|-fail|p2a: Great Tusk
|move|p1a: Robot|Shadow Ball|p2a: Great Tusk
|-damage|p2a: Great Tusk|0 fnt
|faint|p2a: Great Tusk
|-end|p2a: Great Tusk|Protosynthesis|[silent]
|
|win|LT124YH Ghoul
|raw|LT124YH Ghoul's rating: 1971 &rarr; <strong>1981</strong><br />(+10 for winning)
|raw|lerendezvous's rating: 1772 &rarr; <strong>1762</strong><br />(-10 for losing)
|l|☆lerendezvous
|player|p2|
