|j|☆Ai Specialist 144
|j|☆Dreilek
|t:|1759006040
|gametype|singles
|player|p1|Ai Specialist 144|marley|1372
|player|p2|Dreilek|benga|1426
|gen|9
|tier|[Gen 9] OU
|rated|
|rule|HP Percentage Mod: HP is shown in percentages
|rule|Endless Battle Clause: Forcing endless battles is banned
|rule|Species Clause: Limit one of each Pokémon
|rule|OHKO Clause: OHKO moves are banned
|rule|Evasion Items Clause: Evasion items are banned
|rule|Evasion Moves Clause: Evasion moves are banned
|rule|Evasion Abilities Clause: Evasion abilities are banned
|rule|Sleep Moves Clause: Sleep-inducing moves are banned
|clearpoke
|poke|p1|Charizard, M|
|poke|p1|Ceruledge, M|
|poke|p1|Raging Bolt|
|poke|p1|Ninetales, F|
|poke|p1|Hatterene, F|
|poke|p1|Great Tusk|
|poke|p2|Iron Crown|
|poke|p2|Dragapult, M|
|poke|p2|Samurott-Hisui, M|
|poke|p2|Zamazenta-*|
|poke|p2|Muk-Alola, F|
|poke|p2|Iron Treads|
|teampreview
|
|t:|1759006054
|teamsize|p1|6
|teamsize|p2|6
|start
|switch|p1a: Raging Bolt|Raging Bolt|100/100
|switch|p2a: Samurott|Samurott-Hisui, M, shiny|100/100
|turn|1
|inactive|Battle timer is ON: inactive players will automatically lose when time's up. (requested by Ai Specialist 144)
|
|t:|1759006061
|switch|p2a: Iron Treads|Iron Treads, shiny|100/100
|-enditem|p2a: Iron Treads|Booster Energy
|-activate|p2a: Iron Treads|ability: Quark Drive|[fromitem]
|-start|p2a: Iron Treads|quarkdrivespe
|move|p1a: Raging Bolt|Volt Switch|p2a: Iron Treads
|-immune|p2a: Iron Treads
|
|upkeep
|turn|2
|
|t:|1759006071
|-end|p1a: Raging Bolt|Protosynthesis|[silent]
|switch|p1a: Hatterene|Hatterene, F, shiny|100/100
|move|p2a: Iron Treads|Knock Off|p1a: Hatterene
|-crit|p1a: Hatterene
|-damage|p1a: Hatterene|65/100
|-enditem|p1a: Hatterene|Eject Button|[from] move: Knock Off|[of] p2a: Iron Treads
|
|upkeep
|turn|3
|
|t:|1759006081
|switch|p1a: S4M04N SP1K3|Great Tusk, shiny|100/100
|move|p2a: Iron Treads|Earthquake|p1a: S4M04N SP1K3
|-damage|p1a: S4M04N SP1K3|76/100
|
|upkeep
|turn|4
|
|t:|1759006091
|move|p2a: Iron Treads|Knock Off|p1a: S4M04N SP1K3
|-resisted|p1a: S4M04N SP1K3
|-damage|p1a: S4M04N SP1K3|68/100
|-enditem|p1a: S4M04N SP1K3|Heavy-Duty Boots|[from] move: Knock Off|[of] p2a: Iron Treads
|move|p1a: S4M04N SP1K3|Stealth Rock|p2a: Iron Treads
|-sidestart|p2: Dreilek|move: Stealth Rock
|
|upkeep
|turn|5
|
|t:|1759006100
|move|p2a: Iron Treads|Rapid Spin|p1a: S4M04N SP1K3
|-damage|p1a: S4M04N SP1K3|59/100
|-boost|p2a: Iron Treads|spe|1
|-sideend|p2: Dreilek|Stealth Rock|[from] move: Rapid Spin|[of] p2a: Iron Treads
|move|p1a: S4M04N SP1K3|Headlong Rush|p2a: Iron Treads
|-supereffective|p2a: Iron Treads
|-damage|p2a: Iron Treads|0 fnt
|-unboost|p1a: S4M04N SP1K3|def|1
|-unboost|p1a: S4M04N SP1K3|spd|1
|faint|p2a: Iron Treads
|-end|p2a: Iron Treads|Quark Drive|[silent]
|
|upkeep
|
|t:|1759006107
|switch|p2a: Iron Crown|Iron Crown|100/100
|turn|6
|
|t:|1759006113
|-end|p1a: S4M04N SP1K3|Protosynthesis|[silent]
|switch|p1a: SUN SH1N9|Ninetales, F, shiny|100/100
|-weather|SunnyDay|[from] ability: Drought|[of] p1a: SUN SH1N9
|move|p2a: Iron Crown|Psyshock|p1a: SUN SH1N9
|-damage|p1a: SUN SH1N9|25/100
|
|-weather|SunnyDay|[upkeep]
|upkeep
|turn|7
|
|t:|1759006122
|switch|p1a: Hatterene|Hatterene, F, shiny|65/100
|-end|p2a: Iron Crown|Quark Drive|[silent]
|switch|p2a: Samurott|Samurott-Hisui, M, shiny|100/100
|
|-weather|SunnyDay|[upkeep]
|upkeep
|turn|8
|
|t:|1759006133
|move|p2a: Samurott|Ceaseless Edge|p1a: Hatterene
|-damage|p1a: Hatterene|23/100
|-sidestart|p1: Ai Specialist 144|Spikes
|move|p1a: Hatterene|Draining Kiss|p2a: Samurott
|-supereffective|p2a: Samurott
|-damage|p2a: Samurott|37/100
|-heal|p1a: Hatterene|72/100|[from] drain|[of] p2a: Samurott
|
|-weather|SunnyDay|[upkeep]
|upkeep
|turn|9
|
|t:|1759006143
|move|p2a: Samurott|Ceaseless Edge|p1a: Hatterene
|-damage|p1a: Hatterene|31/100
|-sidestart|p1: Ai Specialist 144|Spikes
|move|p1a: Hatterene|Nuzzle|p2a: Samurott
|-supereffective|p2a: Samurott
|-damage|p2a: Samurott|28/100
|-status|p2a: Samurott|par
|
|-weather|SunnyDay|[upkeep]
|upkeep
|turn|10
|
|t:|1759006156
|cant|p2a: Samurott|par
|move|p1a: Hatterene|Healing Wish|p1a: Hatterene
|faint|p1a: Hatterene
|
|-weather|SunnyDay|[upkeep]
|upkeep
|
|t:|1759006163
|switch|p1a: S4M04N SP1K3|Great Tusk, shiny|59/100
|-heal|p1a: S4M04N SP1K3|100/100|[from] move: Healing Wish
|-damage|p1a: S4M04N SP1K3|84/100|[from] Spikes
|-activate|p1a: S4M04N SP1K3|ability: Protosynthesis
|-start|p1a: S4M04N SP1K3|protosynthesisatk
|turn|11
|
|t:|1759006174
|switch|p2a: Dragapult|Dragapult, M|100/100
|move|p1a: S4M04N SP1K3|Ice Spinner|p2a: Dragapult
|-supereffective|p2a: Dragapult
|-damage|p2a: Dragapult|0 fnt
|faint|p2a: Dragapult
|
|-weather|SunnyDay|[upkeep]
|upkeep
|
|t:|1759006179
|switch|p2a: Iron Crown|Iron Crown|100/100
|turn|12
|
|t:|1759006186
|-end|p1a: S4M04N SP1K3|Protosynthesis|[silent]
|switch|p1a: Raging Bolt|Raging Bolt|100/100
|-damage|p1a: Raging Bolt|84/100|[from] Spikes
|-activate|p1a: Raging Bolt|ability: Protosynthesis
|-start|p1a: Raging Bolt|protosynthesisspa
|move|p2a: Iron Crown|Psyshock|p1a: Raging Bolt
|-damage|p1a: Raging Bolt|24/100
|
|-weather|SunnyDay|[upkeep]
|upkeep
|turn|13
|
|t:|1759006198
|-end|p2a: Iron Crown|Quark Drive|[silent]
|switch|p2a: Muk|Muk-Alola, F|100/100
|move|p1a: Raging Bolt|Thunderclap||[still]
|-fail|p1a: Raging Bolt
|
|-weather|none
|-end|p1a: Raging Bolt|Protosynthesis
|upkeep
|turn|14
|
|t:|1759006207
|-end|p1a: Raging Bolt|Protosynthesis|[silent]
|switch|p1a: S4M04N SP1K3|Great Tusk, shiny|84/100
|-damage|p1a: S4M04N SP1K3|67/100|[from] Spikes
|move|p2a: Muk|Knock Off|p1a: S4M04N SP1K3
|-resisted|p1a: S4M04N SP1K3
|-damage|p1a: S4M04N SP1K3|56/100
|
|upkeep
|turn|15
|
|t:|1759006221
|-terastallize|p2a: Muk|Flying
|move|p1a: S4M04N SP1K3|Rapid Spin|p2a: Muk
|-damage|p2a: Muk|82/100
|-boost|p1a: S4M04N SP1K3|spe|1
|-sideend|p1: Ai Specialist 144|Spikes|[from] move: Rapid Spin|[of] p1a: S4M04N SP1K3
|move|p2a: Muk|Poison Jab|p1a: S4M04N SP1K3
|-resisted|p1a: S4M04N SP1K3
|-damage|p1a: S4M04N SP1K3|42/100
|-status|p1a: S4M04N SP1K3|psn
|
|-damage|p1a: S4M04N SP1K3|30/100 psn|[from] psn
|upkeep
|turn|16
|
|t:|1759006235
|move|p2a: Muk|Shadow Sneak|p1a: S4M04N SP1K3
|-damage|p1a: S4M04N SP1K3|21/100 psn
|move|p1a: S4M04N SP1K3|Stealth Rock|p2a: Muk
|-sidestart|p2: Dreilek|move: Stealth Rock
|
|-damage|p1a: S4M04N SP1K3|8/100 psn|[from] psn
|upkeep
|turn|17
|
|t:|1759006247
|move|p2a: Muk|Shadow Sneak|p1a: S4M04N SP1K3
|-damage|p1a: S4M04N SP1K3|0 fnt
|faint|p1a: S4M04N SP1K3
|-end|p1a: S4M04N SP1K3|Protosynthesis|[silent]
|
|upkeep
|
|t:|1759006252
|switch|p1a: SUN SH1N9|Ninetales, F, shiny|25/100
|-weather|SunnyDay|[from] ability: Drought|[of] p1a: SUN SH1N9
|turn|18
|
|t:|1759006262
|move|p2a: Muk|Shadow Sneak|p1a: SUN SH1N9
|-damage|p1a: SUN SH1N9|8/100
|move|p1a: SUN SH1N9|Healing Wish|p1a: SUN SH1N9
|faint|p1a: SUN SH1N9
|
|-weather|SunnyDay|[upkeep]
|upkeep
|
|t:|1759006269
|switch|p1a: Raging Bolt|Raging Bolt|24/100
|-heal|p1a: Raging Bolt|100/100|[from] move: Healing Wish
|-activate|p1a: Raging Bolt|ability: Protosynthesis
|-start|p1a: Raging Bolt|protosynthesisspa
|turn|19
|
|t:|1759006281
|switch|p2a: Samurott|Samurott-Hisui, M, shiny|28/100 par
|-damage|p2a: Samurott|16/100 par|[from] Stealth Rock
|move|p1a: Raging Bolt|Thunderbolt|p2a: Samurott
|-supereffective|p2a: Samurott
|-damage|p2a: Samurott|0 fnt
|faint|p2a: Samurott
|
|-weather|SunnyDay|[upkeep]
|upkeep
|
|t:|1759006289
|switch|p2a: Iron Crown|Iron Crown|100/100
|-damage|p2a: Iron Crown|94/100|[from] Stealth Rock
|turn|20
|
|t:|1759006302
|move|p2a: Iron Crown|Psyshock|p1a: Raging Bolt
|-damage|p1a: Raging Bolt|48/100
|move|p1a: Raging Bolt|Thunderbolt|p2a: Iron Crown
|-damage|p2a: Iron Crown|27/100
|
|-weather|SunnyDay|[upkeep]
|upkeep
|turn|21
|
|t:|1759006309
|move|p1a: Raging Bolt|Thunderclap|p2a: Iron Crown
|-damage|p2a: Iron Crown|0 fnt
|faint|p2a: Iron Crown
|-end|p2a: Iron Crown|Quark Drive|[silent]
|
|-weather|SunnyDay|[upkeep]
|upkeep
|
|t:|1759006313
|switch|p2a: Zamazenta|Zamazenta, shiny|100/100
|-damage|p2a: Zamazenta|94/100|[from] Stealth Rock
|-ability|p2a: Zamazenta|Dauntless Shield|boost
|-boost|p2a: Zamazenta|def|1
|turn|22
|
|t:|1759006320
|move|p1a: Raging Bolt|Thunderclap||[still]
|-fail|p1a: Raging Bolt
|move|p2a: Zamazenta|Iron Defense|p2a: Zamazenta
|-boost|p2a: Zamazenta|def|2
|
|-weather|SunnyDay|[upkeep]
|-heal|p2a: Zamazenta|100/100|[from] item: Leftovers
|upkeep
|turn|23
|
|t:|1759006329
|move|p1a: Raging Bolt|Thunderclap|p2a: Zamazenta
|-damage|p2a: Zamazenta|56/100
|move|p2a: Zamazenta|Body Press|p1a: Raging Bolt
|-damage|p1a: Raging Bolt|0 fnt
|faint|p1a: Raging Bolt
|-end|p1a: Raging Bolt|Protosynthesis|[silent]
|
|-weather|SunnyDay|[upkeep]
|-heal|p2a: Zamazenta|62/100|[from] item: Leftovers
|upkeep
|
|t:|1759006338
|switch|p1a: DR4G0N B0RN|Charizard, M, shiny|100/100
|turn|24
|
|t:|1759006344
|switch|p2a: Muk|Muk-Alola, F, tera:Flying|82/100
|-damage|p2a: Muk|57/100|[from] Stealth Rock
|move|p1a: DR4G0N B0RN|Weather Ball|p2a: Muk
|-damage|p2a: Muk|0 fnt
|faint|p2a: Muk
|
|-weather|SunnyDay|[upkeep]
|-damage|p1a: DR4G0N B0RN|88/100|[from] ability: Solar Power|[of] p1a: DR4G0N B0RN
|upkeep
|
|t:|1759006346
|switch|p2a: Zamazenta|Zamazenta, shiny|62/100
|-damage|p2a: Zamazenta|56/100|[from] Stealth Rock
|turn|25
|
|t:|1759006363
|move|p1a: DR4G0N B0RN|Weather Ball|p2a: Zamazenta
|-damage|p2a: Zamazenta|0 fnt
|faint|p2a: Zamazenta
|
|win|Ai Specialist 144
|raw|Ai Specialist 144's rating: 1372 &rarr; <strong>1395</strong><br />(+23 for winning)
|raw|Dreilek's rating: 1426 &rarr; <strong>1403</strong><br />(-23 for losing)
|l|☆Dreilek
|player|p2|
