|j|☆doovergubben
|j|☆go b3yond
|t:|1758998512
|gametype|singles
|player|p1|doovergubben|2|1341
|player|p2|go b3yond|eusine|1370
|gen|9
|tier|[Gen 9] OU
|rated|
|rule|HP Percentage Mod: HP is shown in percentages
|rule|Endless Battle Clause: Forcing endless battles is banned
|rule|Species Clause: Limit one of each Pokémon
|rule|OHKO Clause: OHKO moves are banned
|rule|Evasion Items Clause: Evasion items are banned
|rule|Evasion Moves Clause: Evasion moves are banned
|rule|Evasion Abilities Clause: Evasion abilities are banned
|rule|Sleep Moves Clause: Sleep-inducing moves are banned
|clearpoke
|poke|p1|Enamorus, F|
|poke|p1|Deoxys-Speed|
|poke|p1|Raging Bolt|
|poke|p1|Samurott-Hisui, M|
|poke|p1|Great Tusk|
|poke|p1|Gholdengo|
|poke|p2|Vikavolt, F|
|poke|p2|Ogerpon-Wellspring, F|
|poke|p2|Hatterene, F|
|poke|p2|Landorus-Therian, M|
|poke|p2|Kingambit, M|
|poke|p2|Zamazenta-*|
|teampreview
|inactive|Battle timer is ON: inactive players will automatically lose when time's up. (requested by go b3yond)
|
|t:|1758998537
|teamsize|p1|6
|teamsize|p2|6
|start
|switch|p1a: Gholdengo|Gholdengo|100/100
|switch|p2a: Vikavolt|Vikavolt, F|100/100
|turn|1
|
|t:|1758998549
|move|p1a: Gholdengo|Shadow Ball|p2a: Vikavolt
|-damage|p2a: Vikavolt|48/100
|move|p2a: Vikavolt|Volt Switch|p1a: Gholdengo
|-crit|p1a: Gholdengo
|-damage|p1a: Gholdengo|0 fnt
|faint|p1a: Gholdengo
|
|t:|1758998562
|switch|p2a: Landorus|Landorus-Therian, M|100/100|[from] Volt Switch
|
|upkeep
|
|t:|1758998573
|switch|p1a: Samurott|Samurott-Hisui, M|100/100
|turn|2
|
|t:|1758998596
|move|p2a: Landorus|U-turn|p1a: Samurott
|-supereffective|p1a: Samurott
|-damage|p1a: Samurott|46/100
|
|t:|1758998600
|switch|p2a: Zamazenta|Zamazenta|100/100|[from] U-turn
|-ability|p2a: Zamazenta|Dauntless Shield|boost
|-boost|p2a: Zamazenta|def|1
|move|p1a: Samurott|Ceaseless Edge|p2a: Zamazenta
|-resisted|p2a: Zamazenta
|-damage|p2a: Zamazenta|89/100
|-sidestart|p2: go b3yond|Spikes
|
|-heal|p2a: Zamazenta|96/100|[from] item: Leftovers
|upkeep
|turn|3
|
|t:|1758998617
|switch|p1a: Deoxys|Deoxys-Speed|100/100
|-ability|p1a: Deoxys|Pressure
|move|p2a: Zamazenta|Body Press|p1a: Deoxys
|-resisted|p1a: Deoxys
|-damage|p1a: Deoxys|60/100
|
|-heal|p2a: Zamazenta|100/100|[from] item: Leftovers
|upkeep
|turn|4
|inactive|doovergubben has 120 seconds left.
|
|t:|1758998645
|switch|p1a: Enamorus|Enamorus, F|100/100
|switch|p2a: Hatterene|Hatterene, F|100/100
|-damage|p2a: Hatterene|88/100|[from] Spikes
|
|upkeep
|turn|5
|inactive|doovergubben has 120 seconds left.
|
|t:|1758998659
|move|p1a: Enamorus|Moonblast|p2a: Hatterene
|-damage|p2a: Hatterene|53/100
|move|p2a: Hatterene|Nuzzle|p1a: Enamorus
|-supereffective|p1a: Enamorus
|-damage|p1a: Enamorus|86/100
|-status|p1a: Enamorus|par
|
|upkeep
|turn|6
|
|t:|1758998678
|cant|p1a: Enamorus|par
|move|p2a: Hatterene|Draining Kiss|p1a: Enamorus
|-damage|p1a: Enamorus|45/100 par
|-heal|p2a: Hatterene|81/100|[from] drain|[of] p1a: Enamorus
|
|upkeep
|turn|7
|
|t:|1758998688
|move|p1a: Enamorus|Moonblast|p2a: Hatterene
|-damage|p2a: Hatterene|51/100
|move|p2a: Hatterene|Draining Kiss|p1a: Enamorus
|-damage|p1a: Enamorus|3/100 par
|-heal|p2a: Hatterene|80/100|[from] drain|[of] p1a: Enamorus
|
|upkeep
|turn|8
|
|t:|1758998710
|move|p1a: Enamorus|Moonblast|p2a: Hatterene
|-damage|p2a: Hatterene|45/100
|move|p2a: Hatterene|Draining Kiss|p1a: Enamorus
|-damage|p1a: Enamorus|0 fnt
|-heal|p2a: Hatterene|46/100|[from] drain|[of] p1a: Enamorus
|faint|p1a: Enamorus
|
|upkeep
|
|t:|1758998726
|switch|p1a: Raging Bolt|Raging Bolt|100/100
|turn|9
|
|t:|1758998738
|move|p1a: Raging Bolt|Tera Blast|p2a: Hatterene
|-damage|p2a: Hatterene|14/100
|move|p2a: Hatterene|Draining Kiss|p1a: Raging Bolt
|-supereffective|p1a: Raging Bolt
|-damage|p1a: Raging Bolt|58/100
|-heal|p2a: Hatterene|60/100|[from] drain|[of] p1a: Raging Bolt
|
|upkeep
|turn|10
|-message|doovergubben forfeited.
|
|win|go b3yond
|raw|doovergubben's rating: 1341 &rarr; <strong>1323</strong><br />(-18 for losing)
|raw|go b3yond's rating: 1370 &rarr; <strong>1388</strong><br />(+18 for winning)
|l|☆doovergubben
|player|p1|
|l|☆go b3yond
|player|p2|
