|inactive|Battle timer is ON: inactive players will automatically lose when time's up.
|t:|1759066529
|gametype|singles
|player|p1|SOULWIND|#scl5foxes2|
|player|p2|JJ09LIE|#bltxiipangoros|
|gen|9
|tier|[Gen 9] OU
|rule|HP Percentage Mod: HP is shown in percentages
|rule|Endless Battle Clause: Forcing endless battles is banned
|rule|Species Clause: Limit one of each Pokémon
|rule|OHKO Clause: OHKO moves are banned
|rule|Evasion Items Clause: Evasion items are banned
|rule|Evasion Moves Clause: Evasion moves are banned
|rule|Evasion Abilities Clause: Evasion abilities are banned
|rule|Sleep Moves Clause: Sleep-inducing moves are banned
|clearpoke
|poke|p1|Scizor, F|
|poke|p1|Iron Valiant|
|poke|p1|Great Tusk|
|poke|p1|Kingambit, M|
|poke|p1|Kyurem|
|poke|p1|Dragonite, F|
|poke|p2|Gliscor, M|
|poke|p2|Garganacl, F|
|poke|p2|Corviknight, M|
|poke|p2|Clefable, F|
|poke|p2|Hoopa-Unbound|
|poke|p2|Dragapult, F|
|teampreview
|inactive|SOULWIND has 270 seconds left.
|inactive|JJ09LIE has 270 seconds left.
|rated|Smogon Champions League
|inactive|SOULWIND has 240 seconds left.
|inactive|JJ09LIE has 240 seconds left.
|inactive|SOULWIND has 210 seconds left.
|inactive|JJ09LIE has 210 seconds left.
|inactive|SOULWIND has 180 seconds left.
|inactive|SOULWIND has 150 seconds left.
|
|t:|1759066704
|teamsize|p1|6
|teamsize|p2|6
|start
|switch|p1a: Scizor|Scizor, F|100/100
|switch|p2a: Dragapult|Dragapult, F|100/100
|turn|1
|
|t:|1759066708
|move|p2a: Dragapult|Will-O-Wisp|p1a: Scizor
|-status|p1a: Scizor|brn
|move|p1a: Scizor|Knock Off|p2a: Dragapult
|-supereffective|p2a: Dragapult
|-damage|p2a: Dragapult|26/100
|-enditem|p2a: Dragapult|Heavy-Duty Boots|[from] move: Knock Off|[of] p1a: Scizor
|
|-damage|p1a: Scizor|94/100 brn|[from] brn
|upkeep
|turn|2
|inactive|JJ09LIE has 270 seconds left.
|
|t:|1759066724
|move|p2a: Dragapult|U-turn|p1a: Scizor
|-resisted|p1a: Scizor
|-damage|p1a: Scizor|85/100 brn
|inactive|JJ09LIE has 270 seconds left.
|
|t:|1759066738
|switch|p2a: Clefable|Clefable, F|100/100|[from] U-turn
|move|p1a: Scizor|Knock Off|p2a: Clefable
|-resisted|p2a: Clefable
|-damage|p2a: Clefable|90/100
|-enditem|p2a: Clefable|Heavy-Duty Boots|[from] move: Knock Off|[of] p1a: Scizor
|
|-damage|p1a: Scizor|79/100 brn|[from] brn
|upkeep
|turn|3
|inactive|SOULWIND has 210 seconds left.
|
|t:|1759066751
|move|p1a: Scizor|Knock Off|p2a: Clefable
|-resisted|p2a: Clefable
|-damage|p2a: Clefable|82/100
|move|p2a: Clefable|Moonblast|p1a: Scizor
|-resisted|p1a: Scizor
|-damage|p1a: Scizor|57/100 brn
|-unboost|p1a: Scizor|spa|1
|
|-damage|p1a: Scizor|51/100 brn|[from] brn
|upkeep
|turn|4
|inactive|SOULWIND has 210 seconds left.
|inactive|SOULWIND has 180 seconds left.
|
|t:|1759066801
|switch|p1a: Dragonite|Dragonite, F|100/100
|move|p2a: Clefable|Moonblast|p1a: Dragonite
|-supereffective|p1a: Dragonite
|-damage|p1a: Dragonite|73/100
|
|upkeep
|turn|5
|
|t:|1759066819
|move|p1a: Dragonite|Roost|p1a: Dragonite
|-heal|p1a: Dragonite|100/100
|-singleturn|p1a: Dragonite|move: Roost
|move|p2a: Clefable|Moonblast|p1a: Dragonite
|-supereffective|p1a: Dragonite
|-damage|p1a: Dragonite|70/100
|
|upkeep
|turn|6
|
|t:|1759066828
|move|p1a: Dragonite|Roost|p1a: Dragonite
|-heal|p1a: Dragonite|100/100
|-singleturn|p1a: Dragonite|move: Roost
|move|p2a: Clefable|Moonblast|p1a: Dragonite
|-supereffective|p1a: Dragonite
|-damage|p1a: Dragonite|75/100
|
|upkeep
|turn|7
|
|t:|1759066835
|switch|p1a: Scizor|Scizor, F|51/100 brn
|move|p2a: Clefable|Moonblast|p1a: Scizor
|-resisted|p1a: Scizor
|-damage|p1a: Scizor|32/100 brn
|
|-damage|p1a: Scizor|25/100 brn|[from] brn
|upkeep
|turn|8
|
|t:|1759066840
|move|p1a: Scizor|Bullet Punch|p2a: Clefable
|-supereffective|p2a: Clefable
|-damage|p2a: Clefable|45/100
|move|p2a: Clefable|Moonlight|p2a: Clefable
|-heal|p2a: Clefable|95/100
|
|-damage|p1a: Scizor|19/100 brn|[from] brn
|upkeep
|turn|9
|
|t:|1759066846
|move|p1a: Scizor|Bullet Punch|p2a: Clefable
|-supereffective|p2a: Clefable
|-damage|p2a: Clefable|54/100
|move|p2a: Clefable|Wish|p2a: Clefable
|
|-damage|p1a: Scizor|13/100 brn|[from] brn
|upkeep
|turn|10
|
|t:|1759066854
|move|p1a: Scizor|Bullet Punch|p2a: Clefable
|-supereffective|p2a: Clefable
|-damage|p2a: Clefable|14/100
|move|p2a: Clefable|Moonlight|p2a: Clefable
|-heal|p2a: Clefable|64/100
|
|-heal|p2a: Clefable|100/100|[from] move: Wish|[wisher] Clefable
|-damage|p1a: Scizor|7/100 brn|[from] brn
|upkeep
|turn|11
|
|t:|1759066860
|move|p1a: Scizor|Bullet Punch|p2a: Clefable
|-supereffective|p2a: Clefable
|-damage|p2a: Clefable|61/100
|move|p2a: Clefable|Wish|p2a: Clefable
|
|-damage|p1a: Scizor|1/100 brn|[from] brn
|upkeep
|turn|12
|
|t:|1759066869
|move|p1a: Scizor|Bullet Punch|p2a: Clefable
|-supereffective|p2a: Clefable
|-damage|p2a: Clefable|22/100
|move|p2a: Clefable|Moonblast|p1a: Scizor
|-resisted|p1a: Scizor
|-damage|p1a: Scizor|0 fnt
|faint|p1a: Scizor
|
|-heal|p2a: Clefable|72/100|[from] move: Wish|[wisher] Clefable
|upkeep
|
|t:|1759066876
|switch|p1a: Kingambit|Kingambit, M|100/100
|-activate|p1a: Kingambit|ability: Supreme Overlord
|-start|p1a: Kingambit|fallen1|[silent]
|turn|13
|
|t:|1759066887
|-end|p1a: Kingambit|fallen1|[silent]
|switch|p1a: Iron Valiant|Iron Valiant|100/100
|-enditem|p1a: Iron Valiant|Booster Energy
|-activate|p1a: Iron Valiant|ability: Quark Drive|[fromitem]
|-start|p1a: Iron Valiant|quarkdrivespe
|switch|p2a: Corviknight|Corviknight, M|100/100
|-ability|p2a: Corviknight|Pressure
|
|upkeep
|turn|14
|
|t:|1759066897
|move|p1a: Iron Valiant|Knock Off|p2a: Corviknight
|-damage|p2a: Corviknight|83/100
|-damage|p1a: Iron Valiant|84/100|[from] item: Rocky Helmet|[of] p2a: Corviknight
|-enditem|p2a: Corviknight|Rocky Helmet|[from] move: Knock Off|[of] p1a: Iron Valiant
|move|p2a: Corviknight|U-turn|p1a: Iron Valiant
|-resisted|p1a: Iron Valiant
|-damage|p1a: Iron Valiant|79/100
|inactive|JJ09LIE has 270 seconds left.
|inactive|JJ09LIE has 240 seconds left.
|inactive|JJ09LIE has 210 seconds left.
|
|t:|1759066993
|switch|p2a: Hoopa|Hoopa-Unbound|100/100|[from] U-turn
|
|upkeep
|turn|15
|
|t:|1759067007
|move|p1a: Iron Valiant|Destiny Bond|p1a: Iron Valiant
|-singlemove|p1a: Iron Valiant|Destiny Bond
|move|p2a: Hoopa|Psychic Noise|p1a: Iron Valiant
|-supereffective|p1a: Iron Valiant
|-damage|p1a: Iron Valiant|0 fnt
|faint|p1a: Iron Valiant
|-activate|p1a: Iron Valiant|move: Destiny Bond
|-end|p1a: Iron Valiant|Quark Drive|[silent]
|faint|p2a: Hoopa
|
|upkeep
|inactive|JJ09LIE has 210 seconds left.
|inactive|SOULWIND has 240 seconds left.
|
|t:|1759067031
|switch|p1a: Kyurem|Kyurem|100/100
|switch|p2a: Dragapult|Dragapult, F|26/100
|-ability|p1a: Kyurem|Pressure
|turn|16
|
|t:|1759067035
|move|p1a: Kyurem|Ice Beam|p2a: Dragapult
|-supereffective|p2a: Dragapult
|-damage|p2a: Dragapult|0 fnt
|faint|p2a: Dragapult
|
|upkeep
|
|t:|1759067046
|switch|p2a: Garganacl|Garganacl, F|100/100
|turn|17
|
|t:|1759067049
|switch|p1a: Great Tusk|Great Tusk|100/100
|-enditem|p1a: Great Tusk|Booster Energy
|-activate|p1a: Great Tusk|ability: Protosynthesis|[fromitem]
|-start|p1a: Great Tusk|protosynthesisatk
|move|p2a: Garganacl|Salt Cure|p1a: Great Tusk
|-resisted|p1a: Great Tusk
|-damage|p1a: Great Tusk|98/100
|-start|p1a: Great Tusk|Salt Cure
|
|-damage|p1a: Great Tusk|86/100|[from] Salt Cure
|upkeep
|turn|18
|
|t:|1759067054
|switch|p2a: Corviknight|Corviknight, M|83/100
|-ability|p2a: Corviknight|Pressure
|move|p1a: Great Tusk|Stealth Rock|p2a: Corviknight
|-sidestart|p2: JJ09LIE|move: Stealth Rock
|
|-damage|p1a: Great Tusk|73/100|[from] Salt Cure
|upkeep
|turn|19
|
|t:|1759067057
|-end|p1a: Great Tusk|Protosynthesis|[silent]
|switch|p1a: Kyurem|Kyurem|100/100
|-ability|p1a: Kyurem|Pressure
|move|p2a: Corviknight|Defog|p1a: Kyurem
|-unboost|p1a: Kyurem|evasion|1
|-sideend|p2: JJ09LIE|Stealth Rock|[from] move: Defog|[of] p2a: Corviknight
|
|upkeep
|turn|20
|
|t:|1759067063
|switch|p2a: Garganacl|Garganacl, F|100/100
|move|p1a: Kyurem|Ice Beam|p2a: Garganacl
|-damage|p2a: Garganacl|63/100
|
|-heal|p2a: Garganacl|69/100|[from] item: Leftovers
|upkeep
|turn|21
|
|t:|1759067068
|switch|p1a: Great Tusk|Great Tusk|73/100
|move|p2a: Garganacl|Recover|p2a: Garganacl
|-heal|p2a: Garganacl|100/100
|
|upkeep
|turn|22
|
|t:|1759067071
|switch|p2a: Corviknight|Corviknight, M|83/100
|-ability|p2a: Corviknight|Pressure
|move|p1a: Great Tusk|Stealth Rock|p2a: Corviknight
|-sidestart|p2: JJ09LIE|move: Stealth Rock
|
|upkeep
|turn|23
|
|t:|1759067076
|move|p1a: Great Tusk|Ice Spinner|p2a: Corviknight
|-damage|p2a: Corviknight|65/100
|move|p2a: Corviknight|Defog|p1a: Great Tusk
|-unboost|p1a: Great Tusk|evasion|1
|-sideend|p2: JJ09LIE|Stealth Rock|[from] move: Defog|[of] p2a: Corviknight
|
|upkeep
|turn|24
|
|t:|1759067080
|move|p1a: Great Tusk|Stealth Rock|p2a: Corviknight
|-sidestart|p2: JJ09LIE|move: Stealth Rock
|move|p2a: Corviknight|Roost|p2a: Corviknight
|-heal|p2a: Corviknight|100/100
|-singleturn|p2a: Corviknight|move: Roost
|
|upkeep
|turn|25
|
|t:|1759067085
|move|p1a: Great Tusk|Ice Spinner|p2a: Corviknight
|-damage|p2a: Corviknight|82/100
|move|p2a: Corviknight|Defog|p1a: Great Tusk
|-unboost|p1a: Great Tusk|evasion|1
|-sideend|p2: JJ09LIE|Stealth Rock|[from] move: Defog|[of] p2a: Corviknight
|
|upkeep
|turn|26
|
|t:|1759067090
|move|p1a: Great Tusk|Stealth Rock|p2a: Corviknight
|-sidestart|p2: JJ09LIE|move: Stealth Rock
|move|p2a: Corviknight|Body Press|p1a: Great Tusk
|-damage|p1a: Great Tusk|57/100
|
|upkeep
|turn|27
|
|t:|1759067095
|move|p1a: Great Tusk|Ice Spinner|p2a: Corviknight
|-damage|p2a: Corviknight|63/100
|move|p2a: Corviknight|Defog|p1a: Great Tusk
|-unboost|p1a: Great Tusk|evasion|1
|-sideend|p2: JJ09LIE|Stealth Rock|[from] move: Defog|[of] p2a: Corviknight
|
|upkeep
|turn|28
|
|t:|1759067108
|move|p1a: Great Tusk|Stealth Rock|p2a: Corviknight
|-sidestart|p2: JJ09LIE|move: Stealth Rock
|move|p2a: Corviknight|Roost|p2a: Corviknight
|-heal|p2a: Corviknight|100/100
|-singleturn|p2a: Corviknight|move: Roost
|
|upkeep
|turn|29
|
|t:|1759067111
|move|p1a: Great Tusk|Ice Spinner|p2a: Corviknight
|-damage|p2a: Corviknight|81/100
|move|p2a: Corviknight|Defog|p1a: Great Tusk
|-unboost|p1a: Great Tusk|evasion|1
|-sideend|p2: JJ09LIE|Stealth Rock|[from] move: Defog|[of] p2a: Corviknight
|
|upkeep
|turn|30
|
|t:|1759067115
|move|p1a: Great Tusk|Stealth Rock|p2a: Corviknight
|-sidestart|p2: JJ09LIE|move: Stealth Rock
|move|p2a: Corviknight|Body Press|p1a: Great Tusk
|-damage|p1a: Great Tusk|38/100
|
|upkeep
|turn|31
|
|t:|1759067121
|-end|p1a: Great Tusk|Protosynthesis|[silent]
|switch|p1a: Dragonite|Dragonite, F|75/100
|move|p2a: Corviknight|Defog|p1a: Dragonite
|-unboost|p1a: Dragonite|evasion|1
|-sideend|p2: JJ09LIE|Stealth Rock|[from] move: Defog|[of] p2a: Corviknight
|
|upkeep
|turn|32
|
|t:|1759067130
|switch|p2a: Clefable|Clefable, F|72/100
|move|p1a: Dragonite|Dragon Dance|p1a: Dragonite
|-boost|p1a: Dragonite|atk|1
|-boost|p1a: Dragonite|spe|1
|
|upkeep
|turn|33
|inactive|SOULWIND has 270 seconds left.
|inactive|SOULWIND has 240 seconds left.
|
|t:|1759067202
|switch|p1a: Great Tusk|Great Tusk|38/100
|move|p2a: Clefable|Moonblast|p1a: Great Tusk
|-supereffective|p1a: Great Tusk
|-damage|p1a: Great Tusk|0 fnt
|faint|p1a: Great Tusk
|-end|p1a: Great Tusk|Protosynthesis|[silent]
|
|upkeep
|
|t:|1759067205
|switch|p1a: Kingambit|Kingambit, M|100/100
|-activate|p1a: Kingambit|ability: Supreme Overlord
|-start|p1a: Kingambit|fallen3|[silent]
|turn|34
|
|t:|1759067215
|switch|p2a: Corviknight|Corviknight, M|81/100
|-ability|p2a: Corviknight|Pressure
|move|p1a: Kingambit|Swords Dance|p1a: Kingambit
|-boost|p1a: Kingambit|atk|2
|
|upkeep
|turn|35
|
|t:|1759067222
|-terastallize|p1a: Kingambit|Dark
|move|p2a: Corviknight|Body Press|p1a: Kingambit
|-supereffective|p1a: Kingambit
|-damage|p1a: Kingambit|63/100
|move|p1a: Kingambit|Kowtow Cleave|p2a: Corviknight
|-damage|p2a: Corviknight|0 fnt
|faint|p2a: Corviknight
|
|upkeep
|inactive|JJ09LIE has 270 seconds left.
|inactive|JJ09LIE has 240 seconds left.
|inactive|JJ09LIE has 210 seconds left.
|inactive|JJ09LIE has 180 seconds left.
|inactive|JJ09LIE has 150 seconds left.
|
|t:|1759067394
|switch|p2a: Clefable|Clefable, F|72/100
|turn|36
|
|t:|1759067415
|-terastallize|p2a: Clefable|Water
|move|p1a: Kingambit|Kowtow Cleave|p2a: Clefable
|-damage|p2a: Clefable|2/100
|move|p2a: Clefable|Moonblast|p1a: Kingambit
|-supereffective|p1a: Kingambit
|-damage|p1a: Kingambit|0 fnt
|faint|p1a: Kingambit
|-end|p1a: Kingambit|fallen3|[silent]
|
|upkeep
|inactive|SOULWIND has 240 seconds left.
|inactive|SOULWIND has 210 seconds left.
|
|t:|1759067472
|switch|p1a: Dragonite|Dragonite, F|75/100
|turn|37
|inactive|JJ09LIE has 150 seconds left.
|
|t:|1759067478
|move|p1a: Dragonite|Earthquake|p2a: Clefable
|-damage|p2a: Clefable|0 fnt
|faint|p2a: Clefable
|
|upkeep
|inactive|JJ09LIE has 150 seconds left.
|
|t:|1759067496
|switch|p2a: Garganacl|Garganacl, F|100/100
|turn|38
|
|t:|1759067500
|move|p1a: Dragonite|Earthquake|p2a: Garganacl
|-supereffective|p2a: Garganacl
|-damage|p2a: Garganacl|59/100
|move|p2a: Garganacl|Salt Cure|p1a: Dragonite
|-supereffective|p1a: Dragonite
|-damage|p1a: Dragonite|48/100
|
|-heal|p2a: Garganacl|66/100|[from] item: Leftovers
|upkeep
|turn|39
|inactive|JJ09LIE has 150 seconds left.
|
|t:|1759067523
|move|p1a: Dragonite|Earthquake|p2a: Garganacl
|-supereffective|p2a: Garganacl
|-damage|p2a: Garganacl|24/100
|move|p2a: Garganacl|Recover|p2a: Garganacl
|-heal|p2a: Garganacl|74/100
|
|-heal|p2a: Garganacl|80/100|[from] item: Leftovers
|upkeep
|turn|40
|
|t:|1759067526
|switch|p2a: Gliscor|Gliscor, M|100/100
|move|p1a: Dragonite|Earthquake|p2a: Gliscor
|-immune|p2a: Gliscor
|
|-status|p2a: Gliscor|tox|[from] item: Toxic Orb
|upkeep
|turn|41
|
|t:|1759067533
|switch|p1a: Kyurem|Kyurem|100/100
|-ability|p1a: Kyurem|Pressure
|move|p2a: Gliscor|Facade|p1a: Kyurem
|-damage|p1a: Kyurem|70/100
|
|upkeep
|turn|42
|
|t:|1759067536
|move|p2a: Gliscor|Protect|p2a: Gliscor
|-singleturn|p2a: Gliscor|Protect
|move|p1a: Kyurem|Ice Beam|p2a: Gliscor
|-activate|p2a: Gliscor|move: Protect
|
|upkeep
|turn|43
|
|t:|1759067538
|switch|p2a: Garganacl|Garganacl, F|80/100
|move|p1a: Kyurem|Ice Beam|p2a: Garganacl
|-damage|p2a: Garganacl|46/100
|
|-heal|p2a: Garganacl|52/100|[from] item: Leftovers
|upkeep
|turn|44
|
|t:|1759067541
|move|p1a: Kyurem|Ice Beam|p2a: Garganacl
|-damage|p2a: Garganacl|19/100
|move|p2a: Garganacl|Recover|p2a: Garganacl
|-heal|p2a: Garganacl|69/100
|
|-heal|p2a: Garganacl|75/100|[from] item: Leftovers
|upkeep
|turn|45
|
|t:|1759067544
|switch|p1a: Dragonite|Dragonite, F|48/100
|move|p2a: Garganacl|Stealth Rock|p1a: Dragonite
|-sidestart|p1: SOULWIND|move: Stealth Rock
|
|-heal|p2a: Garganacl|82/100|[from] item: Leftovers
|upkeep
|turn|46
|
|t:|1759067547
|switch|p2a: Gliscor|Gliscor, M|100/100 tox
|move|p1a: Dragonite|Roost|p1a: Dragonite
|-heal|p1a: Dragonite|98/100
|-singleturn|p1a: Dragonite|move: Roost
|
|upkeep
|turn|47
|inactive|SOULWIND has 270 seconds left.
|inactive|SOULWIND has 240 seconds left.
|inactive|SOULWIND has 210 seconds left.
|inactive|SOULWIND has 180 seconds left.
|
|t:|1759067675
|switch|p1a: Kyurem|Kyurem|70/100
|-damage|p1a: Kyurem|46/100|[from] Stealth Rock
|-ability|p1a: Kyurem|Pressure
|move|p2a: Gliscor|Swords Dance|p2a: Gliscor
|-boost|p2a: Gliscor|atk|2
|
|upkeep
|turn|48
|
|t:|1759067678
|move|p2a: Gliscor|Protect|p2a: Gliscor
|-singleturn|p2a: Gliscor|Protect
|move|p1a: Kyurem|Ice Beam|p2a: Gliscor
|-activate|p2a: Gliscor|move: Protect
|
|upkeep
|turn|49
|
|t:|1759067680
|switch|p2a: Garganacl|Garganacl, F|82/100
|move|p1a: Kyurem|Ice Beam|p2a: Garganacl
|-damage|p2a: Garganacl|50/100
|
|-heal|p2a: Garganacl|56/100|[from] item: Leftovers
|upkeep
|turn|50
|inactive|JJ09LIE has 240 seconds left.
|
|t:|1759067686
|move|p1a: Kyurem|Ice Beam|p2a: Garganacl
|-damage|p2a: Garganacl|19/100
|move|p2a: Garganacl|Recover|p2a: Garganacl
|-heal|p2a: Garganacl|69/100
|
|-heal|p2a: Garganacl|75/100|[from] item: Leftovers
|upkeep
|turn|51
|inactive|SOULWIND has 210 seconds left.
|
|t:|1759067694
|switch|p1a: Dragonite|Dragonite, F|98/100
|-damage|p1a: Dragonite|73/100|[from] Stealth Rock
|move|p2a: Garganacl|Salt Cure|p1a: Dragonite
|-supereffective|p1a: Dragonite
|-damage|p1a: Dragonite|46/100
|
|-heal|p2a: Garganacl|81/100|[from] item: Leftovers
|upkeep
|turn|52
|
|t:|1759067698
|switch|p1a: Kyurem|Kyurem|46/100
|-damage|p1a: Kyurem|21/100|[from] Stealth Rock
|-ability|p1a: Kyurem|Pressure
|switch|p2a: Gliscor|Gliscor, M|100/100 tox
|
|upkeep
|turn|53
|
|t:|1759067700
|move|p2a: Gliscor|Protect|p2a: Gliscor
|-singleturn|p2a: Gliscor|Protect
|move|p1a: Kyurem|Ice Beam|p2a: Gliscor
|-activate|p2a: Gliscor|move: Protect
|
|upkeep
|turn|54
|
|t:|1759067702
|switch|p2a: Garganacl|Garganacl, F|81/100
|move|p1a: Kyurem|Ice Beam|p2a: Garganacl
|-damage|p2a: Garganacl|48/100
|
|-heal|p2a: Garganacl|54/100|[from] item: Leftovers
|upkeep
|turn|55
|
|t:|1759067721
|move|p2a: Garganacl|Protect|p2a: Garganacl
|-singleturn|p2a: Garganacl|Protect
|move|p1a: Kyurem|Ice Beam|p2a: Garganacl
|-activate|p2a: Garganacl|move: Protect
|
|-heal|p2a: Garganacl|61/100|[from] item: Leftovers
|upkeep
|turn|56
|
|t:|1759067724
|move|p1a: Kyurem|Ice Beam|p2a: Garganacl
|-damage|p2a: Garganacl|25/100
|move|p2a: Garganacl|Salt Cure|p1a: Kyurem
|-supereffective|p1a: Kyurem
|-damage|p1a: Kyurem|0 fnt
|faint|p1a: Kyurem
|
|-heal|p2a: Garganacl|31/100|[from] item: Leftovers
|upkeep
|
|t:|1759067727
|switch|p1a: Dragonite|Dragonite, F|46/100
|-damage|p1a: Dragonite|21/100|[from] Stealth Rock
|turn|57
|
|t:|1759067729
|switch|p2a: Gliscor|Gliscor, M|100/100 tox
|move|p1a: Dragonite|Roost|p1a: Dragonite
|-heal|p1a: Dragonite|71/100
|-singleturn|p1a: Dragonite|move: Roost
|
|upkeep
|turn|58
|c|☆SOULWIND|gg
|c|☆JJ09LIE|gg
|-message|SOULWIND forfeited.
|
|win|JJ09LIE
|player|p1|
