|badge|p1|bronze|gen9ou|100-6
|html|<div class="broadcast-red"><strong>This battle is required to be public due to one or more player having a season medal.</strong><br />During the public phase, you can discuss the state of the ladder <a href="/seasondiscussion">in a special chatroom.</a></div>
|uhtml|medal-msg|<div class="broadcast-blue">Curious what those medals under the avatar are? PS now has Ladder Seasons! For more information, check out the <a href="https://www.smogon.com/forums/threads/3740067/">thread on Smogon.</a></div>
|badge|p2|silver|gen9ou|30-6
|uhtml|medal-msg|<div class="broadcast-blue">Curious what those medals under the avatar are? PS now has Ladder Seasons! For more information, check out the <a href="https://www.smogon.com/forums/threads/3740067/">thread on Smogon.</a></div>
|raw|<div class="broadcast-blue"><strong>This battle is required to be public due to a player having a name starting with 'medal'.</div>
|j|☆Dr Greg H
|j|☆Almighty Sa'
|t:|1758996841
|gametype|singles
|player|p1|Dr Greg H|pokemonbreeder-gen4|1837
|player|p2|Almighty Sa'|#wcop2025netherlands|1943
|gen|9
|tier|[Gen 9] OU
|rated|
|rule|HP Percentage Mod: HP is shown in percentages
|rule|Endless Battle Clause: Forcing endless battles is banned
|rule|Species Clause: Limit one of each Pokémon
|rule|OHKO Clause: OHKO moves are banned
|rule|Evasion Items Clause: Evasion items are banned
|rule|Evasion Moves Clause: Evasion moves are banned
|rule|Evasion Abilities Clause: Evasion abilities are banned
|rule|Sleep Moves Clause: Sleep-inducing moves are banned
|clearpoke
|poke|p1|Samurott-Hisui, F|
|poke|p1|Gholdengo|
|poke|p1|Dragonite, F|
|poke|p1|Great Tusk|
|poke|p1|Moltres|
|poke|p1|Enamorus, F|
|poke|p2|Pecharunt|
|poke|p2|Latios, M|
|poke|p2|Great Tusk|
|poke|p2|Zamazenta-*|
|poke|p2|Samurott-Hisui, M|
|poke|p2|Heatran, F|
|teampreview
|inactive|Battle timer is ON: inactive players will automatically lose when time's up. (requested by Dr Greg H)
|j| wgw2333
|inactive|Almighty Sa' has 120 seconds left.
|l| wgw2333
|
|t:|1758996883
|teamsize|p1|6
|teamsize|p2|6
|start
|switch|p1a: Enamorus|Enamorus, F|100/100
|switch|p2a: Great Tusk|Great Tusk|100/100
|turn|1
|
|t:|1758996902
|-end|p2a: Great Tusk|Protosynthesis|[silent]
|switch|p2a: Pecharunt|Pecharunt|100/100
|move|p1a: Enamorus|Moonblast|p2a: Pecharunt
|-resisted|p2a: Pecharunt
|-damage|p2a: Pecharunt|73/100
|
|upkeep
|turn|2
|
|t:|1758996909
|switch|p2a: Samurott|Samurott-Hisui, M|100/100
|move|p1a: Enamorus|Moonblast|p2a: Samurott
|-supereffective|p2a: Samurott
|-damage|p2a: Samurott|17/100
|
|upkeep
|turn|3
|
|t:|1758996916
|switch|p1a: Gholdengo|Gholdengo|100/100
|-item|p1a: Gholdengo|Air Balloon
|switch|p2a: Heatran|Heatran, F|100/100
|
|upkeep
|turn|4
|
|t:|1758996922
|switch|p1a: Samurott|Samurott-Hisui, F|100/100
|move|p2a: Heatran|Magma Storm|p1a: Samurott|[miss]
|-miss|p2a: Heatran|p1a: Samurott
|
|upkeep
|turn|5
|
|t:|1758996927
|switch|p2a: Great Tusk|Great Tusk|100/100
|move|p1a: Samurott|Razor Shell|p2a: Great Tusk
|-supereffective|p2a: Great Tusk
|-damage|p2a: Great Tusk|18/100
|
|upkeep
|turn|6
|
|t:|1758996938
|switch|p1a: Gholdengo|Gholdengo|100/100
|-item|p1a: Gholdengo|Air Balloon
|move|p2a: Great Tusk|Close Combat|p1a: Gholdengo
|-immune|p1a: Gholdengo
|
|upkeep
|turn|7
|j| FaronAan
|
|t:|1758996944
|-end|p2a: Great Tusk|Protosynthesis|[silent]
|switch|p2a: Heatran|Heatran, F|100/100
|move|p1a: Gholdengo|Shadow Ball|p2a: Heatran
|-damage|p2a: Heatran|76/100
|
|-heal|p2a: Heatran|82/100|[from] item: Leftovers
|upkeep
|turn|8
|
|t:|1758996954
|switch|p1a: Samurott|Samurott-Hisui, F|100/100
|move|p2a: Heatran|Stealth Rock|p1a: Samurott
|-sidestart|p1: Dr Greg H|move: Stealth Rock
|
|-heal|p2a: Heatran|89/100|[from] item: Leftovers
|upkeep
|turn|9
|
|t:|1758996962
|switch|p2a: Zamazenta|Zamazenta|100/100
|-ability|p2a: Zamazenta|Dauntless Shield|boost
|-boost|p2a: Zamazenta|def|1
|move|p1a: Samurott|Razor Shell|p2a: Zamazenta
|-damage|p2a: Zamazenta|74/100
|
|-heal|p2a: Zamazenta|80/100|[from] item: Leftovers
|upkeep
|turn|10
|
|t:|1758996971
|switch|p1a: Great Tusk|Great Tusk|100/100
|move|p2a: Zamazenta|Crunch|p1a: Great Tusk
|-resisted|p1a: Great Tusk
|-damage|p1a: Great Tusk|94/100
|
|-heal|p2a: Zamazenta|86/100|[from] item: Leftovers
|upkeep
|turn|11
|
|t:|1758996976
|switch|p2a: Pecharunt|Pecharunt|73/100
|move|p1a: Great Tusk|Rapid Spin|p2a: Pecharunt
|-immune|p2a: Pecharunt
|
|upkeep
|turn|12
|
|t:|1758996981
|move|p2a: Pecharunt|Shadow Ball|p1a: Great Tusk
|-damage|p1a: Great Tusk|61/100
|move|p1a: Great Tusk|Stealth Rock|p2a: Pecharunt
|-sidestart|p2: Almighty Sa'|move: Stealth Rock
|
|upkeep
|turn|13
|j| cryyysneasel
|
|t:|1758996987
|-end|p1a: Great Tusk|Protosynthesis|[silent]
|switch|p1a: Gholdengo|Gholdengo|100/100
|-damage|p1a: Gholdengo|94/100|[from] Stealth Rock
|-item|p1a: Gholdengo|Air Balloon
|move|p2a: Pecharunt|Parting Shot|p1a: Gholdengo
|-immune|p1a: Gholdengo|[from] ability: Good as Gold
|
|upkeep
|turn|14
|c|☆Almighty Sa'|ok buddy
|
|t:|1758996996
|switch|p2a: Heatran|Heatran, F|89/100
|-damage|p2a: Heatran|76/100|[from] Stealth Rock
|move|p1a: Gholdengo|Shadow Ball|p2a: Heatran
|-damage|p2a: Heatran|53/100
|
|-heal|p2a: Heatran|60/100|[from] item: Leftovers
|upkeep
|turn|15
|
|t:|1758997002
|switch|p1a: Samurott|Samurott-Hisui, F|100/100
|-damage|p1a: Samurott|88/100|[from] Stealth Rock
|switch|p2a: Zamazenta|Zamazenta|86/100
|-damage|p2a: Zamazenta|80/100|[from] Stealth Rock
|
|-heal|p2a: Zamazenta|86/100|[from] item: Leftovers
|upkeep
|turn|16
|
|t:|1758997008
|switch|p2a: Latios|Latios, M|100/100
|-damage|p2a: Latios|88/100|[from] Stealth Rock
|switch|p1a: Moltres|Moltres|100/100
|
|upkeep
|turn|17
|
|t:|1758997014
|move|p2a: Latios|Flip Turn|p1a: Moltres
|-supereffective|p1a: Moltres
|-damage|p1a: Moltres|78/100
|
|t:|1758997020
|switch|p2a: Zamazenta|Zamazenta|86/100|[from] Flip Turn
|-damage|p2a: Zamazenta|80/100|[from] Stealth Rock
|move|p1a: Moltres|U-turn|p2a: Zamazenta
|-resisted|p2a: Zamazenta
|-damage|p2a: Zamazenta|75/100
|
|t:|1758997030
|switch|p1a: Great Tusk|Great Tusk|61/100|[from] U-turn
|
|-heal|p2a: Zamazenta|81/100|[from] item: Leftovers
|upkeep
|turn|18
|
|t:|1758997037
|switch|p2a: Pecharunt|Pecharunt|73/100
|move|p1a: Great Tusk|Rapid Spin|p2a: Pecharunt
|-immune|p2a: Pecharunt
|
|upkeep
|turn|19
|
|t:|1758997043
|-end|p1a: Great Tusk|Protosynthesis|[silent]
|switch|p1a: Samurott|Samurott-Hisui, F|88/100
|-damage|p1a: Samurott|76/100|[from] Stealth Rock
|move|p2a: Pecharunt|Shadow Ball|p1a: Samurott
|-resisted|p1a: Samurott
|-damage|p1a: Samurott|57/100
|-unboost|p1a: Samurott|spd|1
|
|upkeep
|turn|20
|
|t:|1758997046
|move|p2a: Pecharunt|Malignant Chain|p1a: Samurott
|-damage|p1a: Samurott|0 fnt
|faint|p1a: Samurott
|
|upkeep
|
|t:|1758997050
|switch|p1a: Gholdengo|Gholdengo|94/100
|-damage|p1a: Gholdengo|88/100|[from] Stealth Rock
|-item|p1a: Gholdengo|Air Balloon
|turn|21
|
|t:|1758997058
|switch|p2a: Heatran|Heatran, F|60/100
|-damage|p2a: Heatran|47/100|[from] Stealth Rock
|move|p1a: Gholdengo|Shadow Ball|p2a: Heatran
|-damage|p2a: Heatran|26/100
|
|-heal|p2a: Heatran|32/100|[from] item: Leftovers
|upkeep
|turn|22
|
|t:|1758997068
|switch|p1a: Dragonite|Dragonite, F|100/100
|move|p2a: Heatran|Magma Storm|p1a: Dragonite
|-resisted|p1a: Dragonite
|-damage|p1a: Dragonite|91/100
|-activate|p1a: Dragonite|move: Magma Storm|[of] p2a: Heatran
|
|-heal|p2a: Heatran|39/100|[from] item: Leftovers
|-damage|p1a: Dragonite|79/100|[from] move: Magma Storm|[partiallytrapped]
|upkeep
|turn|23
|
|t:|1758997084
|switch|p2a: Latios|Latios, M|88/100
|-damage|p2a: Latios|76/100|[from] Stealth Rock
|move|p1a: Dragonite|Earthquake|p2a: Latios
|-immune|p2a: Latios|[from] ability: Levitate
|
|-end|p1a: Dragonite|Magma Storm|[partiallytrapped]|[silent]
|upkeep
|turn|24
|
|t:|1758997095
|switch|p1a: Gholdengo|Gholdengo|88/100
|-damage|p1a: Gholdengo|82/100|[from] Stealth Rock
|-item|p1a: Gholdengo|Air Balloon
|move|p2a: Latios|Draco Meteor|p1a: Gholdengo
|-resisted|p1a: Gholdengo
|-damage|p1a: Gholdengo|45/100
|-unboost|p2a: Latios|spa|2
|-enditem|p1a: Gholdengo|Air Balloon
|
|upkeep
|turn|25
|
|t:|1758997103
|switch|p2a: Heatran|Heatran, F|39/100
|-damage|p2a: Heatran|26/100|[from] Stealth Rock
|move|p1a: Gholdengo|Shadow Ball|p2a: Heatran
|-damage|p2a: Heatran|5/100
|-unboost|p2a: Heatran|spd|1
|
|-heal|p2a: Heatran|11/100|[from] item: Leftovers
|upkeep
|turn|26
|
|t:|1758997107
|move|p1a: Gholdengo|Shadow Ball|p2a: Heatran
|-damage|p2a: Heatran|0 fnt
|faint|p2a: Heatran
|
|upkeep
|
|t:|1758997114
|switch|p2a: Pecharunt|Pecharunt|73/100
|turn|27
|
|t:|1758997118
|switch|p1a: Moltres|Moltres|78/100
|move|p2a: Pecharunt|Shadow Ball|p1a: Moltres
|-damage|p1a: Moltres|60/100
|
|upkeep
|turn|28
|
|t:|1758997121
|move|p2a: Pecharunt|Malignant Chain|p1a: Moltres
|-damage|p1a: Moltres|39/100
|-status|p1a: Moltres|tox
|-start|p1a: Moltres|confusion|[from] ability: Poison Puppeteer|[of] p2a: Pecharunt
|-activate|p1a: Moltres|confusion
|move|p1a: Moltres|Flamethrower|p2a: Pecharunt
|-damage|p2a: Pecharunt|34/100
|
|-damage|p1a: Moltres|33/100 tox|[from] psn
|upkeep
|turn|29
|
|t:|1758997126
|move|p2a: Pecharunt|Recover|p2a: Pecharunt
|-heal|p2a: Pecharunt|84/100
|-end|p1a: Moltres|confusion
|move|p1a: Moltres|U-turn|p2a: Pecharunt
|-resisted|p2a: Pecharunt
|-damage|p2a: Pecharunt|83/100
|
|t:|1758997130
|switch|p1a: Gholdengo|Gholdengo|45/100|[from] U-turn
|-damage|p1a: Gholdengo|39/100|[from] Stealth Rock
|
|upkeep
|turn|30
|
|t:|1758997134
|move|p2a: Pecharunt|Shadow Ball|p1a: Gholdengo
|-supereffective|p1a: Gholdengo
|-damage|p1a: Gholdengo|0 fnt
|faint|p1a: Gholdengo
|
|upkeep
|
|t:|1758997137
|switch|p1a: Great Tusk|Great Tusk|61/100
|turn|31
|
|t:|1758997141
|switch|p2a: Latios|Latios, M|76/100
|-damage|p2a: Latios|64/100|[from] Stealth Rock
|move|p1a: Great Tusk|Headlong Rush|p2a: Latios
|-immune|p2a: Latios|[from] ability: Levitate
|
|upkeep
|turn|32
|
|t:|1758997146
|-end|p1a: Great Tusk|Protosynthesis|[silent]
|switch|p1a: Moltres|Moltres|33/100 tox
|move|p2a: Latios|Psychic Noise|p1a: Moltres
|-damage|p1a: Moltres|0 fnt
|faint|p1a: Moltres
|
|upkeep
|
|t:|1758997158
|switch|p1a: Dragonite|Dragonite, F|79/100
|turn|33
|
|t:|1758997165
|move|p2a: Latios|Psychic Noise|p1a: Dragonite
|-damage|p1a: Dragonite|29/100
|-start|p1a: Dragonite|move: Heal Block
|move|p1a: Dragonite|Dragon Dance|p1a: Dragonite
|-boost|p1a: Dragonite|atk|1
|-boost|p1a: Dragonite|spe|1
|
|upkeep
|turn|34
|
|t:|1758997170
|switch|p2a: Pecharunt|Pecharunt|83/100
|move|p1a: Dragonite|Extreme Speed|p2a: Pecharunt
|-immune|p2a: Pecharunt
|
|-end|p1a: Dragonite|move: Heal Block
|upkeep
|turn|35
|
|t:|1758997177
|move|p1a: Dragonite|Earthquake|p2a: Pecharunt
|-supereffective|p2a: Pecharunt
|-damage|p2a: Pecharunt|17/100
|move|p2a: Pecharunt|Malignant Chain|p1a: Dragonite
|-damage|p1a: Dragonite|0 fnt
|faint|p1a: Dragonite
|
|upkeep
|
|t:|1758997184
|switch|p1a: Enamorus|Enamorus, F|100/100
|-damage|p1a: Enamorus|76/100|[from] Stealth Rock
|turn|36
|
|t:|1758997197
|switch|p2a: Great Tusk|Great Tusk|18/100
|-terastallize|p1a: Enamorus|Stellar
|move|p1a: Enamorus|Tera Blast|p2a: Great Tusk|[anim] Tera Blast Stellar
|-damage|p2a: Great Tusk|0 fnt
|-boost|p1a: Enamorus|atk|1
|-boost|p1a: Enamorus|spa|1
|faint|p2a: Great Tusk
|-end|p2a: Great Tusk|Protosynthesis|[silent]
|
|upkeep
|inactive|Almighty Sa' has 120 seconds left.
|
|t:|1758997234
|switch|p2a: Samurott|Samurott-Hisui, M|17/100
|-damage|p2a: Samurott|5/100|[from] Stealth Rock
|turn|37
|
|t:|1758997243
|move|p2a: Samurott|Sucker Punch|p1a: Enamorus
|-resisted|p1a: Enamorus
|-damage|p1a: Enamorus|52/100
|move|p1a: Enamorus|Tera Blast|p2a: Samurott|[anim] Tera Blast Stellar
|-damage|p2a: Samurott|0 fnt
|-boost|p1a: Enamorus|atk|1
|-boost|p1a: Enamorus|spa|1
|faint|p2a: Samurott
|
|upkeep
|
|t:|1758997251
|switch|p2a: Latios|Latios, M|64/100
|-damage|p2a: Latios|51/100|[from] Stealth Rock
|turn|38
|
|t:|1758997253
|move|p2a: Latios|Psychic Noise|p1a: Enamorus
|-damage|p1a: Enamorus|0 fnt
|faint|p1a: Enamorus
|
|upkeep
|c|☆Dr Greg H|gg
|
|t:|1758997261
|switch|p1a: Great Tusk|Great Tusk|61/100
|turn|39
|c|☆Almighty Sa'|gg
|
|t:|1758997266
|move|p2a: Latios|Psychic Noise|p1a: Great Tusk
|-supereffective|p1a: Great Tusk
|-damage|p1a: Great Tusk|0 fnt
|faint|p1a: Great Tusk
|-end|p1a: Great Tusk|Protosynthesis|[silent]
|
|win|Almighty Sa'
|raw|Dr Greg H's rating: 1837 &rarr; <strong>1823</strong><br />(-14 for losing)
|raw|Almighty Sa&apos;'s rating: 1943 &rarr; <strong>1957</strong><br />(+14 for winning)
|l|☆Dr Greg H
|player|p1|
|l| FaronAan
|l| cryyysneasel
