|j|☆pokentus
|j|☆Ammanemo
|t:|1758970666
|gametype|singles
|player|p1|pokentus|170|1071
|player|p2|Ammanemo|2|1071
|gen|9
|tier|[Gen 9] OU
|rated|
|rule|HP Percentage Mod: HP is shown in percentages
|rule|Endless Battle Clause: Forcing endless battles is banned
|rule|Species Clause: Limit one of each Pokémon
|rule|OHKO Clause: OHKO moves are banned
|rule|Evasion Items Clause: Evasion items are banned
|rule|Evasion Moves Clause: Evasion moves are banned
|rule|Evasion Abilities Clause: Evasion abilities are banned
|rule|Sleep Moves Clause: Sleep-inducing moves are banned
|clearpoke
|poke|p1|Weezing, F|
|poke|p1|Seviper, M|
|poke|p1|Toxicroak, M|
|poke|p1|Toxtricity, F|
|poke|p1|Gengar, M|
|poke|p1|Pecharunt|
|poke|p2|Comfey, F|
|poke|p2|Whimsicott, M|
|poke|p2|Iron Moth|
|poke|p2|Walking Wake|
|poke|p2|Great Tusk|
|poke|p2|Ninetales, F|
|teampreview
|inactive|Battle timer is ON: inactive players will automatically lose when time's up. (requested by Ammanemo)
|inactive|pokentus also wants the timer to be on.
|
|t:|1758970681
|teamsize|p1|6
|teamsize|p2|6
|start
|switch|p1a: Seviper|Seviper, M|100/100
|switch|p2a: Ninetales|Ninetales, F|100/100
|-weather|SunnyDay|[from] ability: Drought|[of] p2a: Ninetales
|turn|1
|
|t:|1758970690
|move|p2a: Ninetales|Will-O-Wisp|p1a: Seviper
|-status|p1a: Seviper|brn
|move|p1a: Seviper|Earthquake|p2a: Ninetales
|-supereffective|p2a: Ninetales
|-crit|p2a: Ninetales
|-damage|p2a: Ninetales|17/100
|
|-weather|SunnyDay|[upkeep]
|-damage|p1a: Seviper|94/100 brn|[from] brn
|upkeep
|turn|2
|
|t:|1758970703
|switch|p2a: Great Tusk|Great Tusk|100/100
|-activate|p2a: Great Tusk|ability: Protosynthesis
|-start|p2a: Great Tusk|protosynthesisspe
|move|p1a: Seviper|Earthquake|p2a: Great Tusk
|-damage|p2a: Great Tusk|86/100
|
|-weather|SunnyDay|[upkeep]
|-damage|p1a: Seviper|88/100 brn|[from] brn
|upkeep
|turn|3
|
|t:|1758970713
|switch|p1a: Weezing|Weezing, F|100/100
|move|p2a: Great Tusk|Headlong Rush|p1a: Weezing
|-immune|p1a: Weezing|[from] ability: Levitate
|
|-weather|SunnyDay|[upkeep]
|upkeep
|turn|4
|
|t:|1758970720
|move|p2a: Great Tusk|Stealth Rock|p1a: Weezing
|-sidestart|p1: pokentus|move: Stealth Rock
|move|p1a: Weezing|Toxic Spikes|p2a: Great Tusk
|-sidestart|p2: Ammanemo|move: Toxic Spikes
|
|-weather|SunnyDay|[upkeep]
|upkeep
|turn|5
|
|t:|1758970737
|move|p2a: Great Tusk|Ice Spinner|p1a: Weezing
|-damage|p1a: Weezing|81/100
|-damage|p2a: Great Tusk|69/100|[from] item: Rocky Helmet|[of] p1a: Weezing
|move|p1a: Weezing|Toxic Spikes|p2a: Great Tusk
|-sidestart|p2: Ammanemo|move: Toxic Spikes
|
|-weather|SunnyDay|[upkeep]
|upkeep
|turn|6
|
|t:|1758970747
|move|p2a: Great Tusk|Rapid Spin|p1a: Weezing
|-damage|p1a: Weezing|69/100
|-boost|p2a: Great Tusk|spe|1
|-damage|p2a: Great Tusk|52/100|[from] item: Rocky Helmet|[of] p1a: Weezing
|-sideend|p2: Ammanemo|Toxic Spikes|[from] move: Rapid Spin|[of] p2a: Great Tusk
|move|p1a: Weezing|Pain Split|p2a: Great Tusk
|-sethp|p2a: Great Tusk|53/100|[from] move: Pain Split|[silent]
|-sethp|p1a: Weezing|68/100|[from] move: Pain Split
|
|-weather|SunnyDay|[upkeep]
|upkeep
|turn|7
|
|t:|1758970770
|-end|p2a: Great Tusk|Protosynthesis|[silent]
|switch|p2a: Walking Wake|Walking Wake|100/100
|-activate|p2a: Walking Wake|ability: Protosynthesis
|-start|p2a: Walking Wake|protosynthesisspe
|move|p1a: Weezing|Explosion|p2a: Walking Wake
|-damage|p2a: Walking Wake|39/100
|faint|p1a: Weezing
|
|-weather|SunnyDay|[upkeep]
|upkeep
|
|t:|1758970779
|switch|p1a: Pecharunt|Pecharunt|100/100
|-damage|p1a: Pecharunt|88/100|[from] Stealth Rock
|turn|8
|
|t:|1758970784
|move|p2a: Walking Wake|Hydro Steam|p1a: Pecharunt
|-damage|p1a: Pecharunt|29/100
|move|p1a: Pecharunt|Malignant Chain|p2a: Walking Wake
|-damage|p2a: Walking Wake|17/100
|
|-weather|none
|-end|p2a: Walking Wake|Protosynthesis
|-heal|p1a: Pecharunt|35/100|[from] item: Leftovers
|upkeep
|turn|9
|
|t:|1758970803
|move|p2a: Walking Wake|Flip Turn|p1a: Pecharunt
|-damage|p1a: Pecharunt|28/100
|
|t:|1758970810
|-end|p2a: Walking Wake|Protosynthesis|[silent]
|switch|p2a: Ninetales|Ninetales, F|17/100|[from] Flip Turn
|-weather|SunnyDay|[from] ability: Drought|[of] p2a: Ninetales
|move|p1a: Pecharunt|Malignant Chain|p2a: Ninetales
|-damage|p2a: Ninetales|0 fnt
|faint|p2a: Ninetales
|
|-weather|SunnyDay|[upkeep]
|-heal|p1a: Pecharunt|34/100|[from] item: Leftovers
|upkeep
|
|t:|1758970826
|switch|p2a: Great Tusk|Great Tusk|53/100
|-activate|p2a: Great Tusk|ability: Protosynthesis
|-start|p2a: Great Tusk|protosynthesisspe
|turn|10
|
|t:|1758970837
|move|p2a: Great Tusk|Headlong Rush|p1a: Pecharunt
|-supereffective|p1a: Pecharunt
|-damage|p1a: Pecharunt|0 fnt
|-unboost|p2a: Great Tusk|def|1
|-unboost|p2a: Great Tusk|spd|1
|faint|p1a: Pecharunt
|
|-weather|SunnyDay|[upkeep]
|upkeep
|
|t:|1758970845
|switch|p1a: Gengar|Gengar, M|100/100
|-damage|p1a: Gengar|88/100|[from] Stealth Rock
|turn|11
|
|t:|1758970859
|move|p2a: Great Tusk|Headlong Rush|p1a: Gengar
|-supereffective|p1a: Gengar
|-damage|p1a: Gengar|0 fnt
|-unboost|p2a: Great Tusk|def|1
|-unboost|p2a: Great Tusk|spd|1
|faint|p1a: Gengar
|
|-weather|SunnyDay|[upkeep]
|upkeep
|
|t:|1758970869
|switch|p1a: Toxicroak|Toxicroak, M|100/100
|-damage|p1a: Toxicroak|94/100|[from] Stealth Rock
|turn|12
|
|t:|1758970876
|move|p2a: Great Tusk|Headlong Rush|p1a: Toxicroak
|-supereffective|p1a: Toxicroak
|-damage|p1a: Toxicroak|0 fnt
|-unboost|p2a: Great Tusk|def|1
|-unboost|p2a: Great Tusk|spd|1
|faint|p1a: Toxicroak
|
|-weather|SunnyDay|[upkeep]
|upkeep
|inactive|pokentus has 120 seconds left.
|
|t:|1758970910
|switch|p1a: Toxtricity|Toxtricity, F|100/100
|-damage|p1a: Toxtricity|88/100|[from] Stealth Rock
|turn|13
|
|t:|1758970921
|-terastallize|p1a: Toxtricity|Grass
|move|p2a: Great Tusk|Headlong Rush|p1a: Toxtricity
|-resisted|p1a: Toxtricity
|-damage|p1a: Toxtricity|45/100
|-unboost|p2a: Great Tusk|def|1
|-unboost|p2a: Great Tusk|spd|1
|move|p1a: Toxtricity|Boomburst|p2a: Great Tusk
|-damage|p2a: Great Tusk|0 fnt
|faint|p2a: Great Tusk
|-end|p2a: Great Tusk|Protosynthesis|[silent]
|
|-weather|SunnyDay|[upkeep]
|upkeep
|
|t:|1758970932
|switch|p2a: Iron Moth|Iron Moth|100/100
|-enditem|p2a: Iron Moth|Booster Energy
|-activate|p2a: Iron Moth|ability: Quark Drive|[fromitem]
|-start|p2a: Iron Moth|quarkdrivespa
|turn|14
|
|t:|1758970940
|move|p2a: Iron Moth|Overheat|p1a: Toxtricity
|-supereffective|p1a: Toxtricity
|-damage|p1a: Toxtricity|0 fnt
|-unboost|p2a: Iron Moth|spa|2
|faint|p1a: Toxtricity
|
|-weather|SunnyDay|[upkeep]
|upkeep
|
|t:|1758970942
|switch|p1a: Seviper|Seviper, M|88/100 brn
|-damage|p1a: Seviper|75/100 brn|[from] Stealth Rock
|turn|15
|
|t:|1758970950
|move|p2a: Iron Moth|Overheat|p1a: Seviper
|-damage|p1a: Seviper|0 fnt
|-unboost|p2a: Iron Moth|spa|2
|faint|p1a: Seviper
|
|win|Ammanemo
|raw|pokentus's rating: 1101 &rarr; <strong>1074</strong><br />(-27 for losing)
|raw|Ammanemo's rating: 1071 &rarr; <strong>1103</strong><br />(+32 for winning)
|l|☆pokentus
|player|p1|
|l|☆Ammanemo
|player|p2|
