|j|☆go b3yond
|j|☆vghhjg
|t:|1758919404
|gametype|singles
|player|p1|go b3yond|eusine|1511
|player|p2|vghhjg|2|1578
|gen|9
|tier|[Gen 9] OU
|rated|
|rule|HP Percentage Mod: HP is shown in percentages
|rule|Endless Battle Clause: Forcing endless battles is banned
|rule|Species Clause: Limit one of each Pokémon
|rule|OHKO Clause: OHKO moves are banned
|rule|Evasion Items Clause: Evasion items are banned
|rule|Evasion Moves Clause: Evasion moves are banned
|rule|Evasion Abilities Clause: Evasion abilities are banned
|rule|Sleep Moves Clause: Sleep-inducing moves are banned
|clearpoke
|poke|p1|Torkoal, F|
|poke|p1|Brute Bonnet|
|poke|p1|Walking Wake|
|poke|p1|Hatterene, F|
|poke|p1|Thundurus-Therian, M|
|poke|p1|Ceruledge, M|
|poke|p2|Gholdengo|
|poke|p2|Ribombee, M|
|poke|p2|Dragonite, F|
|poke|p2|Comfey, M|
|poke|p2|Primarina, F|
|poke|p2|Scrafty, F|
|teampreview
|inactive|Battle timer is ON: inactive players will automatically lose when time's up. (requested by go b3yond)
|
|t:|1758919434
|teamsize|p1|6
|teamsize|p2|6
|start
|switch|p1a: Great Bait|Torkoal, F, shiny|100/100
|switch|p2a: Ribombee|Ribombee, M|100/100
|-weather|SunnyDay|[from] ability: Drought|[of] p1a: Great Bait
|turn|1
|
|t:|1758919437
|move|p2a: Ribombee|Stun Spore|p1a: Great Bait
|-status|p1a: Great Bait|par
|move|p1a: Great Bait|Eruption|p2a: Ribombee
|-supereffective|p2a: Ribombee
|-enditem|p2a: Ribombee|Focus Sash
|-damage|p2a: Ribombee|1/100
|
|-weather|SunnyDay|[upkeep]
|upkeep
|turn|2
|
|t:|1758919442
|move|p2a: Ribombee|Skill Swap|p1a: Great Bait
|-activate|p2a: Ribombee|move: Skill Swap|Drought|Shield Dust|[of] p1a: Great Bait
|move|p1a: Great Bait|Rapid Spin|p2a: Ribombee
|-damage|p2a: Ribombee|0 fnt
|-boost|p1a: Great Bait|spe|1
|faint|p2a: Ribombee
|
|-weather|SunnyDay|[upkeep]
|upkeep
|
|t:|1758919446
|switch|p2a: Primarina|Primarina, F|100/100
|turn|3
|
|t:|1758919449
|switch|p1a: Witch|Hatterene, F, shiny|100/100
|move|p2a: Primarina|Substitute|p2a: Primarina
|-start|p2a: Primarina|Substitute
|-damage|p2a: Primarina|76/100
|
|-weather|SunnyDay|[upkeep]
|-heal|p2a: Primarina|82/100|[from] item: Leftovers
|upkeep
|turn|4
|
|t:|1758919453
|move|p2a: Primarina|Surf|p1a: Witch
|-damage|p1a: Witch|76/100
|-enditem|p1a: Witch|Eject Button
|
|t:|1758919457
|switch|p1a: BRUTE FORCE|Brute Bonnet|100/100
|-activate|p1a: BRUTE FORCE|ability: Protosynthesis
|-start|p1a: BRUTE FORCE|protosynthesisatk
|
|-weather|SunnyDay|[upkeep]
|-heal|p2a: Primarina|88/100|[from] item: Leftovers
|upkeep
|turn|5
|
|t:|1758919462
|-terastallize|p1a: BRUTE FORCE|Fire
|move|p2a: Primarina|Moonblast|p1a: BRUTE FORCE
|-resisted|p1a: BRUTE FORCE
|-damage|p1a: BRUTE FORCE|80/100
|move|p1a: BRUTE FORCE|Bullet Seed|p2a: Primarina
|-supereffective|p2a: Primarina
|-end|p2a: Primarina|Substitute
|-supereffective|p2a: Primarina
|-damage|p2a: Primarina|36/100
|-supereffective|p2a: Primarina
|-damage|p2a: Primarina|0 fnt
|faint|p2a: Primarina
|-hitcount|p2: Primarina|3
|
|-weather|SunnyDay|[upkeep]
|upkeep
|
|t:|1758919473
|switch|p2a: Scrafty|Scrafty, F|100/100
|turn|6
|
|t:|1758919481
|move|p2a: Scrafty|Dragon Dance|p2a: Scrafty
|-boost|p2a: Scrafty|atk|1
|-boost|p2a: Scrafty|spe|1
|move|p1a: BRUTE FORCE|Growth|p1a: BRUTE FORCE
|-boost|p1a: BRUTE FORCE|atk|2
|-boost|p1a: BRUTE FORCE|spa|2
|
|-weather|SunnyDay|[upkeep]
|upkeep
|turn|7
|
|t:|1758919488
|move|p2a: Scrafty|Encore|p1a: BRUTE FORCE
|-start|p1a: BRUTE FORCE|Encore
|move|p1a: BRUTE FORCE|Growth|p1a: BRUTE FORCE
|-boost|p1a: BRUTE FORCE|atk|2
|-boost|p1a: BRUTE FORCE|spa|2
|
|-weather|SunnyDay|[upkeep]
|upkeep
|turn|8
|
|t:|1758919494
|-end|p1a: BRUTE FORCE|Protosynthesis|[silent]
|switch|p1a: Witch|Hatterene, F, shiny|76/100
|move|p2a: Scrafty|Dragon Dance|p2a: Scrafty
|-boost|p2a: Scrafty|atk|1
|-boost|p2a: Scrafty|spe|1
|
|-weather|none
|upkeep
|turn|9
|
|t:|1758919500
|-terastallize|p2a: Scrafty|Flying
|move|p2a: Scrafty|Tera Blast|p1a: Witch|[anim] Tera Blast Flying
|-damage|p1a: Witch|18/100
|move|p1a: Witch|Nuzzle|p2a: Scrafty
|-supereffective|p2a: Scrafty
|-damage|p2a: Scrafty|92/100
|-status|p2a: Scrafty|par
|
|upkeep
|turn|10
|
|t:|1758919511
|move|p2a: Scrafty|Dragon Dance|p2a: Scrafty
|-boost|p2a: Scrafty|atk|1
|-boost|p2a: Scrafty|spe|1
|move|p1a: Witch|Dazzling Gleam|p2a: Scrafty
|-damage|p2a: Scrafty|53/100 par
|
|upkeep
|turn|11
|
|t:|1758919518
|move|p2a: Scrafty|Tera Blast|p1a: Witch|[anim] Tera Blast Flying
|-damage|p1a: Witch|0 fnt
|faint|p1a: Witch
|-ability|p2a: Scrafty|Moxie|boost
|-boost|p2a: Scrafty|atk|1
|
|upkeep
|
|t:|1758919539
|switch|p1a: Knight|Ceruledge, M|100/100
|turn|12
|inactive|go b3yond has 120 seconds left.
|
|t:|1758919573
|move|p1a: Knight|Swords Dance|p1a: Knight
|-boost|p1a: Knight|atk|2
|move|p2a: Scrafty|Tera Blast|p1a: Knight|[anim] Tera Blast Flying
|-enditem|p1a: Knight|Focus Sash
|-damage|p1a: Knight|1/100
|-ability|p1a: Knight|Weak Armor|boost
|-unboost|p1a: Knight|def|1
|-boost|p1a: Knight|spe|2
|
|upkeep
|turn|13
|inactive|go b3yond has 120 seconds left.
|inactive|vghhjg has 120 seconds left.
|
|t:|1758919607
|move|p1a: Knight|Bitter Blade|p2a: Scrafty
|-damage|p2a: Scrafty|0 fnt
|-heal|p1a: Knight|25/100|[from] drain|[of] p2a: Scrafty
|faint|p2a: Scrafty
|
|upkeep
|inactive|vghhjg has 120 seconds left.
|
|t:|1758919613
|switch|p2a: Dragonite|Dragonite, F|100/100
|turn|14
|
|t:|1758919618
|move|p1a: Knight|Poltergeist|p2a: Dragonite
|-activate|p2a: Dragonite|move: Poltergeist|Heavy-Duty Boots
|-damage|p2a: Dragonite|43/100
|move|p2a: Dragonite|Earthquake|p1a: Knight
|-supereffective|p1a: Knight
|-damage|p1a: Knight|0 fnt
|faint|p1a: Knight
|
|upkeep
|
|t:|1758919630
|switch|p1a: Storm|Thundurus-Therian, M|100/100
|turn|15
|
|t:|1758919638
|move|p1a: Storm|Volt Switch|p2a: Dragonite
|-damage|p2a: Dragonite|0 fnt
|faint|p2a: Dragonite
|
|t:|1758919645
|switch|p1a: Great Bait|Torkoal, F, shiny|100/100 par|[from] Volt Switch
|-weather|SunnyDay|[from] ability: Drought|[of] p1a: Great Bait
|
|-weather|SunnyDay|[upkeep]
|upkeep
|
|t:|1758919650
|switch|p2a: Gholdengo|Gholdengo|100/100
|-item|p2a: Gholdengo|Air Balloon
|turn|16
|
|t:|1758919654
|move|p2a: Gholdengo|Shadow Ball|p1a: Great Bait
|-damage|p1a: Great Bait|46/100 par
|move|p1a: Great Bait|Overheat|p2a: Gholdengo
|-supereffective|p2a: Gholdengo
|-damage|p2a: Gholdengo|0 fnt
|-unboost|p1a: Great Bait|spa|2
|-enditem|p2a: Gholdengo|Air Balloon
|faint|p2a: Gholdengo
|
|-weather|SunnyDay|[upkeep]
|upkeep
|
|t:|1758919659
|switch|p2a: Comfey|Comfey, M|100/100
|turn|17
|
|t:|1758919663
|switch|p1a: Storm|Thundurus-Therian, M|100/100
|move|p2a: Comfey|Calm Mind|p2a: Comfey
|-boost|p2a: Comfey|spa|1
|-boost|p2a: Comfey|spd|1
|
|-weather|SunnyDay|[upkeep]
|upkeep
|turn|18
|
|t:|1758919671
|move|p1a: Storm|Weather Ball|p2a: Comfey
|-damage|p2a: Comfey|44/100
|move|p2a: Comfey|Calm Mind|p2a: Comfey
|-boost|p2a: Comfey|spa|1
|-boost|p2a: Comfey|spd|1
|
|-weather|SunnyDay|[upkeep]
|upkeep
|turn|19
|
|t:|1758919677
|switch|p1a: Great Bait|Torkoal, F, shiny|46/100 par
|move|p2a: Comfey|Draining Kiss|p1a: Great Bait
|-resisted|p1a: Great Bait
|-damage|p1a: Great Bait|14/100 par
|-heal|p2a: Comfey|69/100|[from] drain|[of] p1a: Great Bait
|-damage|p2a: Comfey|59/100|[from] item: Life Orb
|
|-weather|SunnyDay|[upkeep]
|upkeep
|turn|20
|
|t:|1758919698
|move|p2a: Comfey|Draining Kiss|p1a: Great Bait
|-resisted|p1a: Great Bait
|-damage|p1a: Great Bait|0 fnt
|-heal|p2a: Comfey|69/100|[from] drain|[of] p1a: Great Bait
|faint|p1a: Great Bait
|-damage|p2a: Comfey|59/100|[from] item: Life Orb
|
|-weather|SunnyDay|[upkeep]
|upkeep
|
|t:|1758919701
|switch|p1a: BRUTE FORCE|Brute Bonnet, tera:Fire|80/100
|-activate|p1a: BRUTE FORCE|ability: Protosynthesis
|-start|p1a: BRUTE FORCE|protosynthesisatk
|turn|21
|
|t:|1758919710
|move|p2a: Comfey|Tera Blast|p1a: BRUTE FORCE
|-damage|p1a: BRUTE FORCE|25/100
|-damage|p2a: Comfey|49/100|[from] item: Life Orb
|move|p1a: BRUTE FORCE|Tera Blast|p2a: Comfey|[anim] Tera Blast Fire
|-damage|p2a: Comfey|0 fnt
|faint|p2a: Comfey
|
|win|go b3yond
|raw|go b3yond's rating: 1511 &rarr; <strong>1535</strong><br />(+24 for winning)
|raw|vghhjg's rating: 1578 &rarr; <strong>1554</strong><br />(-24 for losing)
|l|☆go b3yond
|player|p1|
|l|☆vghhjg
|player|p2|
