|j|☆megacigil02
|j|☆polgo
|t:|1758971771
|gametype|singles
|player|p1|megacigil02|101|1089
|player|p2|polgo|swimmer-gen4|1105
|gen|9
|tier|[Gen 9] OU
|rated|
|rule|HP Percentage Mod: HP is shown in percentages
|rule|Endless Battle Clause: Forcing endless battles is banned
|rule|Species Clause: Limit one of each Pokémon
|rule|OHKO Clause: OHKO moves are banned
|rule|Evasion Items Clause: Evasion items are banned
|rule|Evasion Moves Clause: Evasion moves are banned
|rule|Evasion Abilities Clause: Evasion abilities are banned
|rule|Sleep Moves Clause: Sleep-inducing moves are banned
|clearpoke
|poke|p1|Iron Valiant|
|poke|p1|Pecharunt|
|poke|p1|Serperior, M|
|poke|p1|Garganacl, M|
|poke|p1|Landorus-Therian, M|
|poke|p1|Iron Crown|
|poke|p2|Krookodile, M|
|poke|p2|Ariados, M|
|poke|p2|Scrafty, M|
|poke|p2|Drifblim, F|
|poke|p2|Dewgong, M|
|poke|p2|Magnezone|
|teampreview
|inactive|Battle timer is ON: inactive players will automatically lose when time's up. (requested by megacigil02)
|
|t:|1758971783
|teamsize|p1|6
|teamsize|p2|6
|start
|switch|p1a: Garganacl|Garganacl, M, shiny|100/100
|switch|p2a: Ariados|Ariados, M, shiny|100/100
|turn|1
|
|t:|1758971790
|switch|p2a: Krookodile|Krookodile, M, shiny|100/100
|move|p1a: Garganacl|Salt Cure|p2a: Krookodile
|-resisted|p2a: Krookodile
|-damage|p2a: Krookodile|93/100
|-start|p2a: Krookodile|Salt Cure
|
|-damage|p2a: Krookodile|80/100|[from] Salt Cure
|upkeep
|turn|2
|
|t:|1758971799
|move|p2a: Krookodile|Bulk Up|p2a: Krookodile
|-boost|p2a: Krookodile|atk|1
|-boost|p2a: Krookodile|def|1
|move|p1a: Garganacl|Block|p2a: Krookodile
|-activate|p2a: Krookodile|trapped
|
|-damage|p2a: Krookodile|68/100|[from] Salt Cure
|upkeep
|turn|3
|
|t:|1758971808
|-terastallize|p1a: Garganacl|Ghost
|move|p2a: Krookodile|Earthquake|p1a: Garganacl
|-damage|p1a: Garganacl|69/100
|move|p1a: Garganacl|Curse|p2a: Krookodile
|-start|p2a: Krookodile|Curse|[of] p1a: Garganacl
|-damage|p1a: Garganacl|19/100
|
|-heal|p1a: Garganacl|25/100|[from] item: Leftovers
|-damage|p2a: Krookodile|43/100|[from] Curse
|-damage|p2a: Krookodile|30/100|[from] Salt Cure
|upkeep
|turn|4
|
|t:|1758971821
|move|p1a: Garganacl|Protect|p1a: Garganacl
|-singleturn|p1a: Garganacl|Protect
|move|p2a: Krookodile|Knock Off|p1a: Garganacl
|-activate|p1a: Garganacl|move: Protect
|
|-heal|p1a: Garganacl|31/100|[from] item: Leftovers
|-damage|p2a: Krookodile|5/100|[from] Curse
|-damage|p2a: Krookodile|0 fnt|[from] Salt Cure
|faint|p2a: Krookodile
|upkeep
|
|t:|1758971832
|switch|p2a: Magnezone|Magnezone, shiny|100/100
|turn|5
|
|t:|1758971838
|move|p2a: Magnezone|Volt Switch|p1a: Garganacl
|-damage|p1a: Garganacl|0 fnt
|faint|p1a: Garganacl
|
|t:|1758971847
|switch|p2a: Drifblim|Drifblim, F, shiny|100/100|[from] Volt Switch
|
|-status|p2a: Drifblim|brn|[from] item: Flame Orb
|upkeep
|
|t:|1758971872
|switch|p1a: Pecharunt|Pecharunt|100/100
|turn|6
|
|t:|1758971878
|move|p2a: Drifblim|Trick|p1a: Pecharunt
|-activate|p2a: Drifblim|move: Trick|[of] p1a: Pecharunt
|-item|p1a: Pecharunt|Flame Orb|[from] move: Trick
|-item|p2a: Drifblim|Black Sludge|[from] move: Trick
|move|p1a: Pecharunt|Malignant Chain|p2a: Drifblim
|-resisted|p2a: Drifblim
|-damage|p2a: Drifblim|74/100 brn
|
|-damage|p2a: Drifblim|62/100 brn|[from] item: Black Sludge
|-damage|p2a: Drifblim|56/100 brn|[from] brn
|-status|p1a: Pecharunt|brn|[from] item: Flame Orb
|upkeep
|turn|7
|
|t:|1758971889
|move|p2a: Drifblim|Hex|p1a: Pecharunt
|-supereffective|p1a: Pecharunt
|-damage|p1a: Pecharunt|0 fnt
|faint|p1a: Pecharunt
|
|-damage|p2a: Drifblim|43/100 brn|[from] item: Black Sludge
|-damage|p2a: Drifblim|37/100 brn|[from] brn
|upkeep
|
|t:|1758971898
|switch|p1a: Iron Valiant|Iron Valiant, shiny|100/100
|-enditem|p1a: Iron Valiant|Booster Energy
|-activate|p1a: Iron Valiant|ability: Quark Drive|[fromitem]
|-start|p1a: Iron Valiant|quarkdrivespe
|turn|8
|
|t:|1758971905
|move|p1a: Iron Valiant|Knock Off|p2a: Drifblim
|-supereffective|p2a: Drifblim
|-damage|p2a: Drifblim|0 fnt
|-enditem|p2a: Drifblim|Black Sludge|[from] move: Knock Off|[of] p1a: Iron Valiant
|faint|p2a: Drifblim
|
|upkeep
|
|t:|1758971912
|switch|p2a: Ariados|Ariados, M, shiny|100/100
|turn|9
|
|t:|1758971917
|-end|p1a: Iron Valiant|Quark Drive|[silent]
|switch|p1a: Iron Crown|Iron Crown|100/100
|-enditem|p1a: Iron Crown|Booster Energy
|-activate|p1a: Iron Crown|ability: Quark Drive|[fromitem]
|-start|p1a: Iron Crown|quarkdrivespa
|move|p2a: Ariados|Lunge|p1a: Iron Crown
|-damage|p1a: Iron Crown|61/100
|-unboost|p1a: Iron Crown|atk|1
|
|upkeep
|turn|10
|
|t:|1758971933
|move|p1a: Iron Crown|Tachyon Cutter|p2a: Ariados
|-damage|p2a: Ariados|58/100
|-damage|p2a: Ariados|18/100
|-hitcount|p2a: Ariados|2
|move|p2a: Ariados|Lunge|p1a: Iron Crown
|-damage|p1a: Iron Crown|22/100
|-unboost|p1a: Iron Crown|atk|1
|
|upkeep
|turn|11
|
|t:|1758971943
|move|p2a: Ariados|Sucker Punch|p1a: Iron Crown
|-supereffective|p1a: Iron Crown
|-damage|p1a: Iron Crown|0 fnt
|faint|p1a: Iron Crown
|-end|p1a: Iron Crown|Quark Drive|[silent]
|
|upkeep
|
|t:|1758971950
|switch|p1a: Iron Valiant|Iron Valiant, shiny|100/100
|turn|12
|
|t:|1758971957
|move|p1a: Iron Valiant|Spirit Break|p2a: Ariados
|-resisted|p2a: Ariados
|-damage|p2a: Ariados|0 fnt
|faint|p2a: Ariados
|
|upkeep
|
|t:|1758971966
|switch|p2a: Magnezone|Magnezone, shiny|100/100
|turn|13
|
|t:|1758971974
|-terastallize|p2a: Magnezone|Flying
|move|p1a: Iron Valiant|Close Combat|p2a: Magnezone
|-resisted|p2a: Magnezone
|-damage|p2a: Magnezone|78/100
|-unboost|p1a: Iron Valiant|def|1
|-unboost|p1a: Iron Valiant|spd|1
|move|p2a: Magnezone|Thunderbolt|p1a: Iron Valiant
|-damage|p1a: Iron Valiant|0 fnt
|faint|p1a: Iron Valiant
|-end|p1a: Iron Valiant|Quark Drive|[silent]
|
|upkeep
|
|t:|1758971981
|switch|p1a: Landorus|Landorus-Therian, M, shiny|100/100
|-ability|p1a: Landorus|Intimidate|boost
|-unboost|p2a: Magnezone|atk|1
|turn|14
|
|t:|1758971989
|move|p1a: Landorus|Stealth Rock|p2a: Magnezone
|-sidestart|p2: polgo|move: Stealth Rock
|move|p2a: Magnezone|Steel Beam|p1a: Landorus
|-crit|p1a: Landorus
|-damage|p1a: Landorus|0 fnt
|-damage|p2a: Magnezone|28/100|[from] steelbeam
|faint|p1a: Landorus
|
|upkeep
|
|t:|1758971997
|switch|p1a: Serperior|Serperior, M, shiny|100/100
|turn|15
|
|t:|1758972002
|move|p1a: Serperior|Leaf Storm|p2a: Magnezone
|-resisted|p2a: Magnezone
|-damage|p2a: Magnezone|11/100
|-boost|p1a: Serperior|spa|2
|move|p2a: Magnezone|Steel Beam|p1a: Serperior
|-damage|p1a: Serperior|0 fnt
|-damage|p2a: Magnezone|0 fnt|[from] steelbeam
|faint|p2a: Magnezone
|faint|p1a: Serperior
|
|win|polgo
|raw|megacigil02's rating: 1089 &rarr; <strong>1067</strong><br />(-22 for losing)
|raw|polgo's rating: 1105 &rarr; <strong>1129</strong><br />(+24 for winning)
|l|☆megacigil02
|player|p1|
|l|☆polgo
|player|p2|
