|j|☆will-i-am2
|j|☆modegobelin
|t:|1759019563
|gametype|singles
|player|p1|will-i-am2|266|1655
|player|p2|modegobelin|169|1589
|gen|9
|tier|[Gen 9] OU
|rated|
|rule|HP Percentage Mod: HP is shown in percentages
|rule|Endless Battle Clause: Forcing endless battles is banned
|rule|Species Clause: Limit one of each Pokémon
|rule|OHKO Clause: OHKO moves are banned
|rule|Evasion Items Clause: Evasion items are banned
|rule|Evasion Moves Clause: Evasion moves are banned
|rule|Evasion Abilities Clause: Evasion abilities are banned
|rule|Sleep Moves Clause: Sleep-inducing moves are banned
|clearpoke
|poke|p1|Registeel|
|poke|p1|Mamoswine, F|
|poke|p1|Mimikyu, F|
|poke|p1|Hydreigon, F|
|poke|p1|Slowbro, F|
|poke|p1|Mandibuzz, F|
|poke|p2|Lycanroc-Dusk, M|
|poke|p2|Clefable, F|
|poke|p2|Ogerpon-Wellspring, F|
|poke|p2|Slowking-Galar, M|
|poke|p2|Iron Treads|
|poke|p2|Darkrai|
|teampreview
|inactive|Battle timer is ON: inactive players will automatically lose when time's up. (requested by will-i-am2)
|
|t:|1759019570
|teamsize|p1|6
|teamsize|p2|6
|start
|switch|p1a: Mamoswine|Mamoswine, F|100/100
|switch|p2a: Clefable|Clefable, F|100/100
|turn|1
|inactive|will-i-am2 has 120 seconds left.
|
|t:|1759019608
|move|p1a: Mamoswine|Earthquake|p2a: Clefable
|-damage|p2a: Clefable|36/100
|move|p2a: Clefable|Stealth Rock|p1a: Mamoswine
|-sidestart|p1: will-i-am2|move: Stealth Rock
|
|upkeep
|turn|2
|j| Nikator98
|
|t:|1759019614
|switch|p2a: Ogerpon|Ogerpon-Wellspring, F|100/100
|move|p1a: Mamoswine|Earthquake|p2a: Ogerpon
|-resisted|p2a: Ogerpon
|-damage|p2a: Ogerpon|48/100
|
|upkeep
|turn|3
|
|t:|1759019628
|switch|p1a: Mandibuzz|Mandibuzz, F|100/100
|-damage|p1a: Mandibuzz|76/100|[from] Stealth Rock
|move|p2a: Ogerpon|Ivy Cudgel|p1a: Mandibuzz|[anim] Ivy Cudgel Water
|-damage|p1a: Mandibuzz|43/100
|
|upkeep
|turn|4
|
|t:|1759019640
|switch|p2a: Darkrai|Darkrai|100/100
|move|p1a: Mandibuzz|Roost|p1a: Mandibuzz
|-heal|p1a: Mandibuzz|93/100
|-singleturn|p1a: Mandibuzz|move: Roost
|
|upkeep
|turn|5
|
|t:|1759019645
|move|p2a: Darkrai|Trick|p1a: Mandibuzz
|-activate|p2a: Darkrai|move: Trick|[of] p1a: Mandibuzz
|-item|p1a: Mandibuzz|Choice Scarf|[from] move: Trick
|-item|p2a: Darkrai|Rocky Helmet|[from] move: Trick
|move|p1a: Mandibuzz|Defog|p2a: Darkrai
|-unboost|p2a: Darkrai|evasion|1
|-sideend|p1: will-i-am2|Stealth Rock|[from] move: Defog|[of] p1a: Mandibuzz
|
|upkeep
|turn|6
|
|t:|1759019653
|switch|p2a: Ogerpon|Ogerpon-Wellspring, F|48/100
|switch|p1a: Registeel|Registeel|100/100
|
|upkeep
|turn|7
|
|t:|1759019659
|switch|p2a: Iron Treads|Iron Treads|100/100
|switch|p1a: Mandibuzz|Mandibuzz, F|93/100
|
|upkeep
|turn|8
|
|t:|1759019663
|move|p1a: Mandibuzz|Taunt|p2a: Iron Treads
|-start|p2a: Iron Treads|move: Taunt
|move|p2a: Iron Treads|Volt Switch|p1a: Mandibuzz
|-supereffective|p1a: Mandibuzz
|-damage|p1a: Mandibuzz|74/100
|
|t:|1759019671
|-end|p2a: Iron Treads|Quark Drive|[silent]
|switch|p2a: Lycanroc|Lycanroc-Dusk, M|100/100|[from] Volt Switch
|
|upkeep
|turn|9
|
|t:|1759019677
|switch|p1a: Registeel|Registeel|100/100
|move|p2a: Lycanroc|Stone Edge|p1a: Registeel
|-resisted|p1a: Registeel
|-damage|p1a: Registeel|77/100
|
|-heal|p1a: Registeel|83/100|[from] item: Leftovers
|upkeep
|turn|10
|
|t:|1759019684
|switch|p2a: Slowking|Slowking-Galar, M|100/100
|move|p1a: Registeel|Stealth Rock|p2a: Slowking
|-sidestart|p2: modegobelin|move: Stealth Rock
|
|-heal|p1a: Registeel|89/100|[from] item: Leftovers
|upkeep
|turn|11
|
|t:|1759019688
|move|p1a: Registeel|Thunder Wave|p2a: Slowking
|-status|p2a: Slowking|par
|move|p2a: Slowking|Flamethrower|p1a: Registeel
|-supereffective|p1a: Registeel
|-damage|p1a: Registeel|66/100
|
|-heal|p1a: Registeel|72/100|[from] item: Leftovers
|upkeep
|turn|12
|
|t:|1759019695
|switch|p1a: Hydreigon|Hydreigon, F|100/100
|move|p2a: Slowking|Flamethrower|p1a: Hydreigon
|-resisted|p1a: Hydreigon
|-damage|p1a: Hydreigon|88/100
|
|upkeep
|turn|13
|
|t:|1759019699
|move|p1a: Hydreigon|Dark Pulse|p2a: Slowking
|-supereffective|p2a: Slowking
|-crit|p2a: Slowking
|-damage|p2a: Slowking|18/100 par
|cant|p2a: Slowking|par
|
|upkeep
|turn|14
|
|t:|1759019705
|switch|p2a: Iron Treads|Iron Treads|100/100
|-damage|p2a: Iron Treads|98/100|[from] Stealth Rock
|move|p1a: Hydreigon|Dark Pulse|p2a: Iron Treads
|-damage|p2a: Iron Treads|62/100
|
|-heal|p2a: Iron Treads|68/100|[from] item: Leftovers
|upkeep
|turn|15
|
|t:|1759019712
|switch|p1a: Slowbro|Slowbro, F|100/100
|move|p2a: Iron Treads|Rapid Spin|p1a: Slowbro
|-damage|p1a: Slowbro|91/100
|-boost|p2a: Iron Treads|spe|1
|-sideend|p2: modegobelin|Stealth Rock|[from] move: Rapid Spin|[of] p2a: Iron Treads
|
|-heal|p2a: Iron Treads|74/100|[from] item: Leftovers
|-heal|p1a: Slowbro|97/100|[from] item: Leftovers
|upkeep
|turn|16
|
|t:|1759019716
|move|p2a: Iron Treads|Knock Off|p1a: Slowbro
|-supereffective|p1a: Slowbro
|-damage|p1a: Slowbro|58/100
|-enditem|p1a: Slowbro|Leftovers|[from] move: Knock Off|[of] p2a: Iron Treads
|move|p1a: Slowbro|Scald|p2a: Iron Treads
|-supereffective|p2a: Iron Treads
|-damage|p2a: Iron Treads|17/100
|
|-heal|p2a: Iron Treads|23/100|[from] item: Leftovers
|upkeep
|turn|17
|
|t:|1759019723
|move|p2a: Iron Treads|Volt Switch|p1a: Slowbro
|-supereffective|p1a: Slowbro
|-damage|p1a: Slowbro|33/100
|
|t:|1759019725
|-end|p2a: Iron Treads|Quark Drive|[silent]
|switch|p2a: Slowking|Slowking-Galar, M|51/100 par|[from] Volt Switch
|move|p1a: Slowbro|Psychic|p2a: Slowking
|-damage|p2a: Slowking|26/100 par
|
|upkeep
|turn|18
|
|t:|1759019731
|switch|p2a: Darkrai|Darkrai|100/100
|move|p1a: Slowbro|Psychic|p2a: Darkrai
|-immune|p2a: Darkrai
|
|upkeep
|turn|19
|
|t:|1759019739
|switch|p1a: Registeel|Registeel|72/100
|move|p2a: Darkrai|Dark Pulse|p1a: Registeel
|-damage|p1a: Registeel|48/100
|
|-heal|p1a: Registeel|54/100|[from] item: Leftovers
|upkeep
|turn|20
|
|t:|1759019746
|switch|p2a: Iron Treads|Iron Treads|23/100
|move|p1a: Registeel|Stealth Rock|p2a: Iron Treads
|-sidestart|p2: modegobelin|move: Stealth Rock
|
|-heal|p2a: Iron Treads|29/100|[from] item: Leftovers
|-heal|p1a: Registeel|60/100|[from] item: Leftovers
|upkeep
|turn|21
|
|t:|1759019750
|move|p2a: Iron Treads|Earthquake|p1a: Registeel
|-supereffective|p1a: Registeel
|-damage|p1a: Registeel|16/100
|move|p1a: Registeel|Body Press|p2a: Iron Treads
|-supereffective|p2a: Iron Treads
|-damage|p2a: Iron Treads|0 fnt
|faint|p2a: Iron Treads
|-end|p2a: Iron Treads|Quark Drive|[silent]
|
|-heal|p1a: Registeel|22/100|[from] item: Leftovers
|upkeep
|
|t:|1759019755
|switch|p2a: Darkrai|Darkrai|100/100
|-damage|p2a: Darkrai|88/100|[from] Stealth Rock
|turn|22
|
|t:|1759019764
|move|p2a: Darkrai|Dark Pulse|p1a: Registeel
|-damage|p1a: Registeel|0 fnt
|faint|p1a: Registeel
|
|upkeep
|
|t:|1759019767
|switch|p1a: Mamoswine|Mamoswine, F|100/100
|turn|23
|
|t:|1759019772
|move|p2a: Darkrai|Dark Pulse|p1a: Mamoswine
|-damage|p1a: Mamoswine|45/100
|move|p1a: Mamoswine|Earthquake|p2a: Darkrai
|-damage|p2a: Darkrai|0 fnt
|faint|p2a: Darkrai
|
|upkeep
|
|t:|1759019776
|switch|p2a: Ogerpon|Ogerpon-Wellspring, F|48/100
|-damage|p2a: Ogerpon|35/100|[from] Stealth Rock
|turn|24
|
|t:|1759019782
|switch|p1a: Mandibuzz|Mandibuzz, F|74/100
|move|p2a: Ogerpon|Ivy Cudgel|p1a: Mandibuzz|[anim] Ivy Cudgel Water
|-crit|p1a: Mandibuzz
|-damage|p1a: Mandibuzz|25/100
|
|upkeep
|turn|25
|
|t:|1759019785
|move|p2a: Ogerpon|Ivy Cudgel|p1a: Mandibuzz|[anim] Ivy Cudgel Water
|-crit|p1a: Mandibuzz
|-damage|p1a: Mandibuzz|0 fnt
|faint|p1a: Mandibuzz
|
|upkeep
|
|t:|1759019788
|switch|p1a: Mimikyu|Mimikyu, F|100/100
|turn|26
|
|t:|1759019798
|move|p2a: Ogerpon|U-turn|p1a: Mimikyu
|-activate|p1a: Mimikyu|ability: Disguise
|-damage|p1a: Mimikyu|100/100
|detailschange|p1a: Mimikyu|Mimikyu-Busted, F
|-damage|p1a: Mimikyu|88/100|[from] pokemon: Mimikyu-Busted
|
|t:|1759019801
|switch|p2a: Clefable|Clefable, F|36/100|[from] U-turn
|move|p1a: Mimikyu|Swords Dance|p1a: Mimikyu
|-boost|p1a: Mimikyu|atk|2
|
|upkeep
|turn|27
|
|t:|1759019806
|move|p1a: Mimikyu|Play Rough|p2a: Clefable
|-damage|p2a: Clefable|0 fnt
|-damage|p1a: Mimikyu|72/100|[from] item: Rocky Helmet|[of] p2a: Clefable
|faint|p2a: Clefable
|-damage|p1a: Mimikyu|62/100|[from] item: Life Orb
|
|upkeep
|
|t:|1759019808
|switch|p2a: Lycanroc|Lycanroc-Dusk, M|100/100
|-damage|p2a: Lycanroc|88/100|[from] Stealth Rock
|turn|28
|
|t:|1759019819
|-terastallize|p2a: Lycanroc|Rock
|-terastallize|p1a: Mimikyu|Fighting
|move|p2a: Lycanroc|Accelerock|p1a: Mimikyu
|-resisted|p1a: Mimikyu
|-damage|p1a: Mimikyu|14/100
|move|p1a: Mimikyu|Drain Punch|p2a: Lycanroc
|-supereffective|p2a: Lycanroc
|-damage|p2a: Lycanroc|0 fnt
|-heal|p1a: Mimikyu|65/100|[from] drain|[of] p2a: Lycanroc
|faint|p2a: Lycanroc
|-damage|p1a: Mimikyu|55/100|[from] item: Life Orb
|
|upkeep
|c|☆modegobelin|gg
|c|☆will-i-am2|gg
|-message|modegobelin forfeited.
|
|win|will-i-am2
|raw|will-i-am2's rating: 1655 &rarr; <strong>1671</strong><br />(+16 for winning)
|raw|modegobelin's rating: 1589 &rarr; <strong>1573</strong><br />(-16 for losing)
|l|☆modegobelin
|player|p2|
|c|☆will-i-am2|wp
