|j|☆Sungrace
|j|☆Piiierrr
|t:|1758956315
|gametype|singles
|player|p1|Sungrace|swimmerf|1254
|player|p2|Piiierrr|266|1208
|gen|9
|tier|[Gen 9] OU
|rated|
|rule|HP Percentage Mod: HP is shown in percentages
|rule|Endless Battle Clause: Forcing endless battles is banned
|rule|Species Clause: Limit one of each Pokémon
|rule|OHKO Clause: OHKO moves are banned
|rule|Evasion Items Clause: Evasion items are banned
|rule|Evasion Moves Clause: Evasion moves are banned
|rule|Evasion Abilities Clause: Evasion abilities are banned
|rule|Sleep Moves Clause: Sleep-inducing moves are banned
|clearpoke
|poke|p1|Lilligant-Hisui, F|
|poke|p1|Ninetales, F|
|poke|p1|Florges-Yellow, F|
|poke|p1|Raging Bolt|
|poke|p1|Araquanid, F|
|poke|p1|Gholdengo|
|poke|p2|Ninetales, F|
|poke|p2|Raging Bolt|
|poke|p2|Walking Wake|
|poke|p2|Landorus-Therian, M|
|poke|p2|Venusaur, F|
|poke|p2|Zamazenta-*|
|teampreview
|inactive|Battle timer is ON: inactive players will automatically lose when time's up. (requested by Sungrace)
|
|t:|1758956332
|teamsize|p1|6
|teamsize|p2|6
|start
|switch|p1a: Surskit-Alola|Araquanid, F, shiny|100/100
|switch|p2a: Raging Bolt|Raging Bolt|100/100
|turn|1
|
|t:|1758956340
|-terastallize|p1a: Surskit-Alola|Ghost
|move|p2a: Raging Bolt|Draco Meteor|p1a: Surskit-Alola
|-damage|p1a: Surskit-Alola|39/100
|-unboost|p2a: Raging Bolt|spa|2
|move|p1a: Surskit-Alola|Sticky Web|p2a: Raging Bolt
|-sidestart|p2: Piiierrr|move: Sticky Web
|
|upkeep
|turn|2
|
|t:|1758956351
|-end|p2a: Raging Bolt|Protosynthesis|[silent]
|switch|p2a: Ninetales|Ninetales, F, shiny|100/100
|-activate|p2a: Ninetales|move: Sticky Web
|-unboost|p2a: Ninetales|spe|1
|-weather|SunnyDay|[from] ability: Drought|[of] p2a: Ninetales
|move|p1a: Surskit-Alola|Endeavor|p2a: Ninetales
|-damage|p2a: Ninetales|37/100
|
|-weather|SunnyDay|[upkeep]
|upkeep
|turn|3
|
|t:|1758956372
|move|p1a: Surskit-Alola|Endure|p1a: Surskit-Alola
|-singleturn|p1a: Surskit-Alola|move: Endure
|move|p2a: Ninetales|Encore|p1a: Surskit-Alola
|-start|p1a: Surskit-Alola|Encore
|
|-weather|SunnyDay|[upkeep]
|upkeep
|turn|4
|
|t:|1758956379
|switch|p2a: Venusaur|Venusaur, F, shiny|100/100
|-activate|p2a: Venusaur|move: Sticky Web
|-unboost|p2a: Venusaur|spe|1
|switch|p1a: Dawnbloom|Florges-Yellow, F, shiny|100/100
|
|-weather|SunnyDay|[upkeep]
|upkeep
|turn|5
|
|t:|1758956391
|switch|p1a: Surskit-Alola|Araquanid, F, shiny, tera:Ghost|39/100
|move|p2a: Venusaur|Sludge Bomb|p1a: Surskit-Alola
|-resisted|p1a: Surskit-Alola
|-damage|p1a: Surskit-Alola|17/100
|-damage|p2a: Venusaur|91/100|[from] item: Life Orb
|
|-weather|SunnyDay|[upkeep]
|upkeep
|turn|6
|-enditem|p1a: Surskit-Alola|Custap Berry|[eat]
|-activate|p1a: Surskit-Alola|item: Custap Berry|[consumed]
|
|t:|1758956401
|move|p1a: Surskit-Alola|Endeavor|p2a: Venusaur
|-damage|p2a: Venusaur|19/100
|move|p2a: Venusaur|Giga Drain|p1a: Surskit-Alola
|-damage|p1a: Surskit-Alola|0 fnt
|-heal|p2a: Venusaur|28/100|[from] drain|[of] p1a: Surskit-Alola
|faint|p1a: Surskit-Alola
|-damage|p2a: Venusaur|18/100|[from] item: Life Orb
|
|-weather|SunnyDay|[upkeep]
|upkeep
|
|t:|1758956407
|switch|p1a: Cringing Gold|Raging Bolt|100/100
|-activate|p1a: Cringing Gold|ability: Protosynthesis
|-start|p1a: Cringing Gold|protosynthesisspa
|turn|7
|
|t:|1758956416
|move|p1a: Cringing Gold|Thunderclap||[still]
|-fail|p1a: Cringing Gold
|move|p2a: Venusaur|Growth|p2a: Venusaur
|-boost|p2a: Venusaur|atk|2
|-boost|p2a: Venusaur|spa|2
|
|-weather|SunnyDay|[upkeep]
|upkeep
|turn|8
|
|t:|1758956426
|move|p1a: Cringing Gold|Thunderclap|p2a: Venusaur
|-resisted|p2a: Venusaur
|-damage|p2a: Venusaur|0 fnt
|faint|p2a: Venusaur
|
|-weather|SunnyDay|[upkeep]
|upkeep
|
|t:|1758956433
|switch|p2a: Landorus|Landorus-Therian, M, shiny|100/100
|-ability|p2a: Landorus|Intimidate|boost
|-unboost|p1a: Cringing Gold|atk|1
|turn|9
|
|t:|1758956441
|-end|p1a: Cringing Gold|Protosynthesis|[silent]
|switch|p1a: Dawnbloom|Florges-Yellow, F, shiny|100/100
|move|p2a: Landorus|Stealth Rock|p1a: Dawnbloom
|-sidestart|p1: Sungrace|move: Stealth Rock
|
|-weather|none
|upkeep
|turn|10
|
|t:|1758956449
|move|p2a: Landorus|Taunt|p1a: Dawnbloom
|-start|p1a: Dawnbloom|move: Taunt
|cant|p1a: Dawnbloom|move: Taunt|Calm Mind
|
|upkeep
|turn|11
|
|t:|1758956454
|move|p2a: Landorus|U-turn|p1a: Dawnbloom
|-resisted|p1a: Dawnbloom
|-crit|p1a: Dawnbloom
|-damage|p1a: Dawnbloom|81/100
|
|t:|1758956459
|switch|p2a: Ninetales|Ninetales, F, shiny|37/100|[from] U-turn
|-activate|p2a: Ninetales|move: Sticky Web
|-unboost|p2a: Ninetales|spe|1
|-weather|SunnyDay|[from] ability: Drought|[of] p2a: Ninetales
|move|p1a: Dawnbloom|Moonblast|p2a: Ninetales
|-resisted|p2a: Ninetales
|-damage|p2a: Ninetales|24/100
|-unboost|p2a: Ninetales|spa|1
|
|-weather|SunnyDay|[upkeep]
|-heal|p1a: Dawnbloom|87/100|[from] item: Leftovers
|upkeep
|turn|12
|
|t:|1758956471
|move|p1a: Dawnbloom|Moonblast|p2a: Ninetales
|-resisted|p2a: Ninetales
|-damage|p2a: Ninetales|12/100
|move|p2a: Ninetales|Will-O-Wisp|p1a: Dawnbloom
|-status|p1a: Dawnbloom|brn
|
|-weather|SunnyDay|[upkeep]
|-heal|p1a: Dawnbloom|93/100 brn|[from] item: Leftovers
|-damage|p1a: Dawnbloom|87/100 brn|[from] brn
|-end|p1a: Dawnbloom|move: Taunt
|upkeep
|turn|13
|
|t:|1758956484
|move|p1a: Dawnbloom|Calm Mind|p1a: Dawnbloom
|-boost|p1a: Dawnbloom|spa|1
|-boost|p1a: Dawnbloom|spd|1
|move|p2a: Ninetales|Weather Ball|p1a: Dawnbloom
|-damage|p1a: Dawnbloom|73/100 brn
|
|-weather|SunnyDay|[upkeep]
|-heal|p1a: Dawnbloom|80/100 brn|[from] item: Leftovers
|-damage|p1a: Dawnbloom|73/100 brn|[from] brn
|upkeep
|turn|14
|
|t:|1758956490
|move|p1a: Dawnbloom|Wish|p1a: Dawnbloom
|move|p2a: Ninetales|Encore|p1a: Dawnbloom
|-start|p1a: Dawnbloom|Encore
|
|-weather|SunnyDay|[upkeep]
|-heal|p1a: Dawnbloom|80/100 brn|[from] item: Leftovers
|-damage|p1a: Dawnbloom|73/100 brn|[from] brn
|upkeep
|turn|15
|
|t:|1758956497
|switch|p2a: Landorus|Landorus-Therian, M, shiny|100/100
|-ability|p2a: Landorus|Intimidate|boost
|-unboost|p1a: Dawnbloom|atk|1
|move|p1a: Dawnbloom|Wish||[still]
|-fail|p1a: Dawnbloom
|
|-weather|SunnyDay|[upkeep]
|-heal|p1a: Dawnbloom|100/100 brn|[from] move: Wish|[wisher] Dawnbloom
|-damage|p1a: Dawnbloom|94/100 brn|[from] brn
|upkeep
|turn|16
|
|t:|1758956504
|move|p2a: Landorus|Taunt|p1a: Dawnbloom
|-start|p1a: Dawnbloom|move: Taunt
|cant|p1a: Dawnbloom|move: Taunt|Wish
|
|-weather|SunnyDay|[upkeep]
|-heal|p1a: Dawnbloom|100/100 brn|[from] item: Leftovers
|-damage|p1a: Dawnbloom|94/100 brn|[from] brn
|upkeep
|turn|17
|
|t:|1758956509
|move|p2a: Landorus|Earthquake|p1a: Dawnbloom
|-damage|p1a: Dawnbloom|39/100 brn
|-activate|p1a: Dawnbloom|move: Struggle
|move|p1a: Dawnbloom|Struggle|p2a: Landorus
|-damage|p2a: Landorus|98/100
|-damage|p1a: Dawnbloom|22/100 brn|[from] item: Rocky Helmet|[of] p2a: Landorus
|-damage|p1a: Dawnbloom|0 fnt|[from] recoil
|faint|p1a: Dawnbloom
|
|-weather|SunnyDay|[upkeep]
|upkeep
|
|t:|1758956524
|switch|p1a: Lesbian|Lilligant-Hisui, F, shiny|100/100
|turn|18
|
|t:|1758956531
|move|p1a: Lesbian|Triple Axel|p2a: Landorus
|-supereffective|p2a: Landorus
|-damage|p2a: Landorus|67/100
|-damage|p1a: Lesbian|84/100|[from] item: Rocky Helmet|[of] p2a: Landorus
|-supereffective|p2a: Landorus
|-damage|p2a: Landorus|9/100
|-damage|p1a: Lesbian|68/100|[from] item: Rocky Helmet|[of] p2a: Landorus
|-supereffective|p2a: Landorus
|-damage|p2a: Landorus|0 fnt
|-damage|p1a: Lesbian|51/100|[from] item: Rocky Helmet|[of] p2a: Landorus
|faint|p2a: Landorus
|-hitcount|p2: Landorus|3
|
|-weather|none
|upkeep
|
|t:|1758956541
|switch|p2a: Ninetales|Ninetales, F, shiny|12/100
|-activate|p2a: Ninetales|move: Sticky Web
|-unboost|p2a: Ninetales|spe|1
|-weather|SunnyDay|[from] ability: Drought|[of] p2a: Ninetales
|turn|19
|
|t:|1758956548
|move|p1a: Lesbian|Close Combat|p2a: Ninetales
|-damage|p2a: Ninetales|0 fnt
|-unboost|p1a: Lesbian|def|1
|-unboost|p1a: Lesbian|spd|1
|faint|p2a: Ninetales
|
|-weather|SunnyDay|[upkeep]
|upkeep
|
|t:|1758956556
|switch|p2a: Zamazenta|Zamazenta, shiny|100/100
|-activate|p2a: Zamazenta|move: Sticky Web
|-unboost|p2a: Zamazenta|spe|1
|-ability|p2a: Zamazenta|Dauntless Shield|boost
|-boost|p2a: Zamazenta|def|1
|turn|20
|
|t:|1758956564
|move|p1a: Lesbian|Close Combat|p2a: Zamazenta
|-damage|p2a: Zamazenta|74/100
|-unboost|p1a: Lesbian|def|1
|-unboost|p1a: Lesbian|spd|1
|move|p2a: Zamazenta|Dazzling Gleam|p1a: Lesbian
|-supereffective|p1a: Lesbian
|-damage|p1a: Lesbian|0 fnt
|faint|p1a: Lesbian
|
|-weather|SunnyDay|[upkeep]
|-heal|p2a: Zamazenta|80/100|[from] item: Leftovers
|upkeep
|
|t:|1758956574
|switch|p1a: Cringing Gold|Raging Bolt|100/100
|-activate|p1a: Cringing Gold|ability: Protosynthesis
|-start|p1a: Cringing Gold|protosynthesisspa
|turn|21
|
|t:|1758956578
|move|p1a: Cringing Gold|Thunderbolt|p2a: Zamazenta
|-damage|p2a: Zamazenta|26/100
|move|p2a: Zamazenta|Dazzling Gleam|p1a: Cringing Gold
|-supereffective|p1a: Cringing Gold
|-damage|p1a: Cringing Gold|75/100
|
|-weather|SunnyDay|[upkeep]
|-heal|p2a: Zamazenta|32/100|[from] item: Leftovers
|upkeep
|turn|22
|
|t:|1758956584
|move|p1a: Cringing Gold|Thunderbolt|p2a: Zamazenta
|-crit|p2a: Zamazenta
|-damage|p2a: Zamazenta|0 fnt
|faint|p2a: Zamazenta
|
|-weather|SunnyDay|[upkeep]
|upkeep
|
|t:|1758956591
|switch|p2a: Raging Bolt|Raging Bolt|100/100
|-activate|p2a: Raging Bolt|move: Sticky Web
|-unboost|p2a: Raging Bolt|spe|1
|-activate|p2a: Raging Bolt|ability: Protosynthesis
|-start|p2a: Raging Bolt|protosynthesisspa
|turn|23
|
|t:|1758956603
|-terastallize|p2a: Raging Bolt|Grass
|move|p1a: Cringing Gold|Dragon Pulse|p2a: Raging Bolt
|-damage|p2a: Raging Bolt|64/100
|move|p2a: Raging Bolt|Draco Meteor|p1a: Cringing Gold
|-supereffective|p1a: Cringing Gold
|-damage|p1a: Cringing Gold|0 fnt
|-unboost|p2a: Raging Bolt|spa|2
|faint|p1a: Cringing Gold
|-end|p1a: Cringing Gold|Protosynthesis|[silent]
|
|-weather|SunnyDay|[upkeep]
|upkeep
|
|t:|1758956624
|switch|p1a: Romanian|Gholdengo, shiny|100/100
|-damage|p1a: Romanian|94/100|[from] Stealth Rock
|turn|24
|
|t:|1758956630
|move|p1a: Romanian|Shadow Ball|p2a: Raging Bolt
|-damage|p2a: Raging Bolt|37/100
|move|p2a: Raging Bolt|Weather Ball|p1a: Romanian
|-supereffective|p1a: Romanian
|-damage|p1a: Romanian|5/100
|
|-weather|SunnyDay|[upkeep]
|upkeep
|turn|25
|
|t:|1758956640
|move|p1a: Romanian|Shadow Ball|p2a: Raging Bolt
|-damage|p2a: Raging Bolt|11/100
|-unboost|p2a: Raging Bolt|spd|1
|move|p2a: Raging Bolt|Weather Ball|p1a: Romanian
|-supereffective|p1a: Romanian
|-damage|p1a: Romanian|0 fnt
|faint|p1a: Romanian
|
|-weather|SunnyDay|[upkeep]
|upkeep
|
|t:|1758956643
|switch|p1a: Angel|Ninetales, F, shiny|100/100
|-damage|p1a: Angel|76/100|[from] Stealth Rock
|turn|26
|
|t:|1758956650
|-end|p2a: Raging Bolt|Protosynthesis|[silent]
|switch|p2a: Walking Wake|Walking Wake|100/100
|-activate|p2a: Walking Wake|ability: Protosynthesis
|-start|p2a: Walking Wake|protosynthesisspa
|move|p1a: Angel|Nasty Plot|p1a: Angel
|-boost|p1a: Angel|spa|2
|
|-weather|none
|-end|p2a: Walking Wake|Protosynthesis
|upkeep
|turn|27
|
|t:|1758956659
|move|p2a: Walking Wake|Hydro Steam|p1a: Angel
|-supereffective|p1a: Angel
|-damage|p1a: Angel|0 fnt
|faint|p1a: Angel
|
|win|Piiierrr
|raw|Sungrace's rating: 1254 &rarr; <strong>1226</strong><br />(-28 for losing)
|raw|Piiierrr's rating: 1208 &rarr; <strong>1236</strong><br />(+28 for winning)
|l|☆Piiierrr
|player|p2|
|l|☆Sungrace
|player|p1|
