|j|☆barfgirl
|j|☆kuraiyagare
|t:|1758997216
|gametype|singles
|player|p1|barfgirl|2|1301
|player|p2|kuraiyagare|mars|1281
|gen|9
|tier|[Gen 9] OU
|rated|
|rule|HP Percentage Mod: HP is shown in percentages
|rule|Endless Battle Clause: Forcing endless battles is banned
|rule|Species Clause: Limit one of each Pokémon
|rule|OHKO Clause: OHKO moves are banned
|rule|Evasion Items Clause: Evasion items are banned
|rule|Evasion Moves Clause: Evasion moves are banned
|rule|Evasion Abilities Clause: Evasion abilities are banned
|rule|Sleep Moves Clause: Sleep-inducing moves are banned
|clearpoke
|poke|p1|Gholdengo|
|poke|p1|Zamazenta-*|
|poke|p1|Ting-Lu|
|poke|p1|Clefable, F|
|poke|p1|Dragonite, M|
|poke|p1|Deoxys-Speed|
|poke|p2|Talonflame, M|
|poke|p2|Drifblim, F|
|poke|p2|Bastiodon, F|
|poke|p2|Lokix, M|
|poke|p2|Gardevoir, F|
|poke|p2|Flygon, M|
|teampreview
|inactive|Battle timer is ON: inactive players will automatically lose when time's up. (requested by kuraiyagare)
|
|t:|1758997240
|teamsize|p1|6
|teamsize|p2|6
|start
|switch|p1a: Moonrock 350|Clefable, F|100/100
|switch|p2a: avg linux user|Lokix, M|100/100
|turn|1
|
|t:|1758997250
|switch|p2a: Bastiodon|Bastiodon, F|100/100
|move|p1a: Moonrock 350|Stealth Rock|p2a: Bastiodon
|-sidestart|p2: kuraiyagare|move: Stealth Rock
|
|upkeep
|turn|2
|
|t:|1758997271
|switch|p1a: Up Bowl On Em|Ting-Lu|100/100
|-ability|p1a: Up Bowl On Em|Vessel of Ruin
|move|p2a: Bastiodon|Stealth Rock|p1a: Up Bowl On Em
|-sidestart|p1: barfgirl|move: Stealth Rock
|
|upkeep
|turn|3
|
|t:|1758997282
|move|p1a: Up Bowl On Em|Spikes|p2a: Bastiodon
|-sidestart|p2: kuraiyagare|Spikes
|move|p2a: Bastiodon|Metal Burst||[still]
|-fail|p2a: Bastiodon
|
|upkeep
|turn|4
|
|t:|1758997289
|switch|p2a: Vatra|Talonflame, M|100/100
|move|p1a: Up Bowl On Em|Whirlwind|p2a: Vatra
|drag|p2a: Gardenia|Gardevoir, F|100/100
|-damage|p2a: Gardenia|88/100|[from] Stealth Rock
|-damage|p2a: Gardenia|76/100|[from] Spikes
|-ability|p2a: Gardenia|Vessel of Ruin|Trace|[from] ability: Trace|[of] p1a: Up Bowl On Em
|-ability|p2a: Gardenia|Vessel of Ruin
|
|upkeep
|turn|5
|
|t:|1758997301
|switch|p1a: Djengo Unrained|Gholdengo|100/100
|move|p2a: Gardenia|Moonblast|p1a: Djengo Unrained
|-resisted|p1a: Djengo Unrained
|-damage|p1a: Djengo Unrained|75/100
|
|upkeep
|turn|6
|
|t:|1758997320
|switch|p1a: Dude Nasty Asf|Deoxys-Speed|100/100
|-ability|p1a: Dude Nasty Asf|Pressure
|move|p2a: Gardenia|Moonblast|p1a: Dude Nasty Asf
|-damage|p1a: Dude Nasty Asf|29/100
|-unboost|p1a: Dude Nasty Asf|spa|1
|
|upkeep
|turn|7
|
|t:|1758997327
|move|p1a: Dude Nasty Asf|Psycho Boost|p2a: Gardenia|[miss]
|-miss|p1a: Dude Nasty Asf|p2a: Gardenia
|move|p2a: Gardenia|Moonblast|p1a: Dude Nasty Asf
|-damage|p1a: Dude Nasty Asf|0 fnt
|faint|p1a: Dude Nasty Asf
|
|upkeep
|
|t:|1758997331
|switch|p1a: Djengo Unrained|Gholdengo|75/100
|turn|8
|
|t:|1758997336
|move|p2a: Gardenia|Destiny Bond|p2a: Gardenia
|-singlemove|p2a: Gardenia|Destiny Bond
|move|p1a: Djengo Unrained|Make It Rain|p2a: Gardenia
|-supereffective|p2a: Gardenia
|-damage|p2a: Gardenia|0 fnt
|-unboost|p1a: Djengo Unrained|spa|1
|faint|p2a: Gardenia
|-activate|p2a: Gardenia|move: Destiny Bond
|faint|p1a: Djengo Unrained
|
|upkeep
|
|t:|1758997349
|switch|p2a: Vatra|Talonflame, M|100/100
|switch|p1a: Up Bowl On Em|Ting-Lu|100/100
|-damage|p1a: Up Bowl On Em|94/100|[from] Stealth Rock
|-ability|p1a: Up Bowl On Em|Vessel of Ruin
|turn|9
|
|t:|1758997359
|move|p2a: Vatra|Defog|p1a: Up Bowl On Em
|-unboost|p1a: Up Bowl On Em|evasion|1
|-sideend|p1: barfgirl|Stealth Rock|[from] move: Defog|[of] p2a: Vatra
|-sideend|p2: kuraiyagare|Spikes|[from] move: Defog|[of] p2a: Vatra
|-sideend|p2: kuraiyagare|Stealth Rock|[from] move: Defog|[of] p2a: Vatra
|move|p1a: Up Bowl On Em|Ruination|p2a: Vatra|[miss]
|-miss|p1a: Up Bowl On Em|p2a: Vatra
|
|-heal|p1a: Up Bowl On Em|100/100|[from] item: Leftovers
|upkeep
|turn|10
|
|t:|1758997372
|switch|p1a: Moonrock 350|Clefable, F|100/100
|move|p2a: Vatra|Will-O-Wisp|p1a: Moonrock 350
|-status|p1a: Moonrock 350|brn
|
|upkeep
|turn|11
|
|t:|1758997387
|switch|p2a: Bastiodon|Bastiodon, F|100/100
|move|p1a: Moonrock 350|Knock Off|p2a: Bastiodon
|-damage|p2a: Bastiodon|97/100
|-enditem|p2a: Bastiodon|Chesto Berry|[from] move: Knock Off|[of] p1a: Moonrock 350
|
|upkeep
|turn|12
|
|t:|1758997400
|switch|p1a: Up Bowl On Em|Ting-Lu|100/100
|-ability|p1a: Up Bowl On Em|Vessel of Ruin
|switch|p2a: avg linux user|Lokix, M|100/100
|
|upkeep
|turn|13
|
|t:|1758997410
|switch|p1a: Moonrock 350|Clefable, F|100/100 brn
|move|p2a: avg linux user|First Impression|p1a: Moonrock 350
|-resisted|p1a: Moonrock 350
|-damage|p1a: Moonrock 350|63/100 brn
|-damage|p2a: avg linux user|84/100|[from] item: Rocky Helmet|[of] p1a: Moonrock 350
|
|upkeep
|turn|14
|
|t:|1758997419
|move|p2a: avg linux user|Knock Off|p1a: Moonrock 350
|-resisted|p1a: Moonrock 350
|-damage|p1a: Moonrock 350|20/100 brn
|-damage|p2a: avg linux user|67/100|[from] item: Rocky Helmet|[of] p1a: Moonrock 350
|-enditem|p1a: Moonrock 350|Rocky Helmet|[from] move: Knock Off|[of] p2a: avg linux user
|move|p1a: Moonrock 350|Moonblast|p2a: avg linux user
|-supereffective|p2a: avg linux user
|-damage|p2a: avg linux user|0 fnt
|faint|p2a: avg linux user
|
|upkeep
|inactive|kuraiyagare has 120 seconds left.
|
|t:|1758997459
|switch|p2a: Flygon|Flygon, M|100/100
|turn|15
|inactive|kuraiyagare has 120 seconds left.
|
|t:|1758997488
|switch|p1a: Up Bowl On Em|Ting-Lu|100/100
|-ability|p1a: Up Bowl On Em|Vessel of Ruin
|move|p2a: Flygon|Earthquake|p1a: Up Bowl On Em
|-damage|p1a: Up Bowl On Em|73/100
|
|-heal|p1a: Up Bowl On Em|79/100|[from] item: Leftovers
|upkeep
|turn|16
|inactive|kuraiyagare has 120 seconds left.
|
|t:|1758997496
|switch|p2a: Vatra|Talonflame, M|100/100
|move|p1a: Up Bowl On Em|Ruination|p2a: Vatra
|-damage|p2a: Vatra|51/100
|
|-heal|p1a: Up Bowl On Em|85/100|[from] item: Leftovers
|upkeep
|turn|17
|
|t:|1758997506
|switch|p1a: Moonrock 350|Clefable, F|20/100 brn
|move|p2a: Vatra|Flare Blitz|p1a: Moonrock 350
|-damage|p1a: Moonrock 350|0 fnt
|faint|p1a: Moonrock 350
|-damage|p2a: Vatra|42/100|[from] Recoil
|
|upkeep
|
|t:|1758997517
|switch|p1a: CClifford|Zamazenta|100/100
|-ability|p1a: CClifford|Dauntless Shield|boost
|-boost|p1a: CClifford|def|1
|turn|18
|inactive|kuraiyagare has 120 seconds left.
|
|t:|1758997539
|move|p1a: CClifford|Stone Edge|p2a: Vatra
|-supereffective|p2a: Vatra
|-damage|p2a: Vatra|0 fnt
|faint|p2a: Vatra
|
|upkeep
|inactive|kuraiyagare has 120 seconds left.
|
|t:|1758997546
|switch|p2a: Bastiodon|Bastiodon, F|97/100
|turn|19
|
|t:|1758997551
|move|p1a: CClifford|Close Combat|p2a: Bastiodon
|-supereffective|p2a: Bastiodon
|-damage|p2a: Bastiodon|0 fnt
|-unboost|p1a: CClifford|def|1
|-unboost|p1a: CClifford|spd|1
|faint|p2a: Bastiodon
|
|upkeep
|
|t:|1758997558
|switch|p2a: Drifflim|Drifblim, F|100/100
|turn|20
|
|t:|1758997569
|switch|p1a: Up Bowl On Em|Ting-Lu|85/100
|-ability|p1a: Up Bowl On Em|Vessel of Ruin
|move|p2a: Drifflim|Calm Mind|p2a: Drifflim
|-boost|p2a: Drifflim|spa|1
|-boost|p2a: Drifflim|spd|1
|
|-heal|p1a: Up Bowl On Em|92/100|[from] item: Leftovers
|upkeep
|turn|21
|
|t:|1758997576
|move|p2a: Drifflim|Shadow Ball|p1a: Up Bowl On Em
|-resisted|p1a: Up Bowl On Em
|-damage|p1a: Up Bowl On Em|80/100
|move|p1a: Up Bowl On Em|Whirlwind|p2a: Drifflim
|drag|p2a: Flygon|Flygon, M|100/100
|
|-heal|p1a: Up Bowl On Em|87/100|[from] item: Leftovers
|upkeep
|turn|22
|
|t:|1758997588
|move|p2a: Flygon|Earthquake|p1a: Up Bowl On Em
|-damage|p1a: Up Bowl On Em|60/100
|move|p1a: Up Bowl On Em|Ruination|p2a: Flygon
|-damage|p2a: Flygon|51/100
|
|-heal|p1a: Up Bowl On Em|67/100|[from] item: Leftovers
|upkeep
|turn|23
|
|t:|1758997601
|move|p2a: Flygon|Earthquake|p1a: Up Bowl On Em
|-crit|p1a: Up Bowl On Em
|-damage|p1a: Up Bowl On Em|27/100
|move|p1a: Up Bowl On Em|Ruination|p2a: Flygon
|-damage|p2a: Flygon|26/100
|
|-heal|p1a: Up Bowl On Em|33/100|[from] item: Leftovers
|upkeep
|turn|24
|
|t:|1758997605
|switch|p1a: Secret Service|Dragonite, M|100/100
|move|p2a: Flygon|Dragon Dance|p2a: Flygon
|-boost|p2a: Flygon|atk|1
|-boost|p2a: Flygon|spe|1
|
|upkeep
|turn|25
|
|t:|1758997611
|move|p1a: Secret Service|Extreme Speed|p2a: Flygon
|-damage|p2a: Flygon|0 fnt
|faint|p2a: Flygon
|
|upkeep
|
|t:|1758997613
|switch|p2a: Drifflim|Drifblim, F|100/100
|turn|26
|
|t:|1758997626
|move|p2a: Drifflim|Calm Mind|p2a: Drifflim
|-boost|p2a: Drifflim|spa|1
|-boost|p2a: Drifflim|spd|1
|move|p1a: Secret Service|Dragon Tail|p2a: Drifflim
|-damage|p2a: Drifflim|56/100
|
|upkeep
|turn|27
|
|t:|1758997635
|move|p2a: Drifflim|Strength Sap|p1a: Secret Service
|-unboost|p1a: Secret Service|atk|1
|-heal|p2a: Drifflim|100/100
|move|p1a: Secret Service|Dragon Tail|p2a: Drifflim
|-damage|p2a: Drifflim|73/100
|
|upkeep
|turn|28
|
|t:|1758997652
|switch|p1a: CClifford|Zamazenta|100/100
|move|p2a: Drifflim|Calm Mind|p2a: Drifflim
|-boost|p2a: Drifflim|spa|1
|-boost|p2a: Drifflim|spd|1
|
|upkeep
|turn|29
|
|t:|1758997655
|move|p1a: CClifford|Crunch|p2a: Drifflim
|-supereffective|p2a: Drifflim
|-damage|p2a: Drifflim|5/100
|-enditem|p2a: Drifflim|Weakness Policy
|-boost|p2a: Drifflim|atk|2|[from] item: Weakness Policy
|-boost|p2a: Drifflim|spa|2|[from] item: Weakness Policy
|move|p2a: Drifflim|Strength Sap|p1a: CClifford
|-unboost|p1a: CClifford|atk|1
|-heal|p2a: Drifflim|82/100
|
|upkeep
|turn|30
|
|t:|1758997672
|move|p2a: Drifflim|Shadow Ball|p1a: CClifford
|-damage|p1a: CClifford|7/100
|move|p1a: CClifford|Crunch|p2a: Drifflim
|-supereffective|p2a: Drifflim
|-damage|p2a: Drifflim|38/100
|
|upkeep
|turn|31
|
|t:|1758997677
|switch|p1a: Up Bowl On Em|Ting-Lu|33/100
|-ability|p1a: Up Bowl On Em|Vessel of Ruin
|move|p2a: Drifflim|Strength Sap|p1a: Up Bowl On Em
|-unboost|p1a: Up Bowl On Em|atk|1
|-heal|p2a: Drifflim|96/100
|
|-heal|p1a: Up Bowl On Em|39/100|[from] item: Leftovers
|upkeep
|turn|32
|
|t:|1758997686
|move|p2a: Drifflim|Shadow Ball|p1a: Up Bowl On Em
|-resisted|p1a: Up Bowl On Em
|-damage|p1a: Up Bowl On Em|16/100
|move|p1a: Up Bowl On Em|Ruination|p2a: Drifflim
|-damage|p2a: Drifflim|48/100
|
|-heal|p1a: Up Bowl On Em|22/100|[from] item: Leftovers
|upkeep
|turn|33
|
|t:|1758997691
|move|p2a: Drifflim|Shadow Ball|p1a: Up Bowl On Em
|-resisted|p1a: Up Bowl On Em
|-damage|p1a: Up Bowl On Em|0 fnt
|faint|p1a: Up Bowl On Em
|
|upkeep
|
|t:|1758997699
|switch|p1a: Secret Service|Dragonite, M|100/100
|turn|34
|
|t:|1758997709
|-terastallize|p1a: Secret Service|Normal
|move|p2a: Drifflim|Strength Sap|p1a: Secret Service
|-unboost|p1a: Secret Service|atk|1
|-heal|p2a: Drifflim|100/100
|move|p1a: Secret Service|Dragon Tail|p2a: Drifflim
|-damage|p2a: Drifflim|73/100
|
|upkeep
|turn|35
|
|t:|1758997720
|move|p2a: Drifflim|Thunderbolt|p1a: Secret Service
|-damage|p1a: Secret Service|64/100
|move|p1a: Secret Service|Roost|p1a: Secret Service
|-heal|p1a: Secret Service|100/100
|
|upkeep
|turn|36
|
|t:|1758997731
|move|p2a: Drifflim|Calm Mind|p2a: Drifflim
|-boost|p2a: Drifflim|spa|1
|-boost|p2a: Drifflim|spd|1
|move|p1a: Secret Service|Dragon Tail|p2a: Drifflim
|-damage|p2a: Drifflim|44/100
|
|upkeep
|turn|37
|
|t:|1758997744
|move|p2a: Drifflim|Strength Sap|p1a: Secret Service
|-unboost|p1a: Secret Service|atk|1
|-heal|p2a: Drifflim|100/100
|move|p1a: Secret Service|Dragon Tail|p2a: Drifflim
|-damage|p2a: Drifflim|79/100
|
|upkeep
|turn|38
|
|t:|1758997749
|switch|p1a: CClifford|Zamazenta|7/100
|move|p2a: Drifflim|Thunderbolt|p1a: CClifford
|-damage|p1a: CClifford|0 fnt
|faint|p1a: CClifford
|
|upkeep
|
|t:|1758997751
|switch|p1a: Secret Service|Dragonite, M, tera:Normal|100/100
|turn|39
|
|t:|1758997755
|move|p2a: Drifflim|Thunderbolt|p1a: Secret Service
|-damage|p1a: Secret Service|58/100
|move|p1a: Secret Service|Dragon Tail|p2a: Drifflim
|-crit|p2a: Drifflim
|-damage|p2a: Drifflim|11/100
|
|upkeep
|turn|40
|
|t:|1758997765
|move|p2a: Drifflim|Thunderbolt|p1a: Secret Service
|-damage|p1a: Secret Service|0 fnt
|faint|p1a: Secret Service
|
|win|kuraiyagare
|raw|barfgirl's rating: 1301 &rarr; <strong>1280</strong><br />(-21 for losing)
|raw|kuraiyagare's rating: 1281 &rarr; <strong>1307</strong><br />(+26 for winning)
|l|☆kuraiyagare
|player|p2|
|l|☆barfgirl
|player|p1|
