|j|☆eighteenPancakes
|j|☆enormouschilli
|t:|1758950532
|gametype|singles
|player|p1|eighteenPancakes|boarder|1437
|player|p2|enormouschilli|102|1409
|gen|9
|tier|[Gen 9] OU
|rated|
|rule|HP Percentage Mod: HP is shown in percentages
|rule|Endless Battle Clause: Forcing endless battles is banned
|rule|Species Clause: Limit one of each Pokémon
|rule|OHKO Clause: OHKO moves are banned
|rule|Evasion Items Clause: Evasion items are banned
|rule|Evasion Moves Clause: Evasion moves are banned
|rule|Evasion Abilities Clause: Evasion abilities are banned
|rule|Sleep Moves Clause: Sleep-inducing moves are banned
|clearpoke
|poke|p1|Skarmory, F|
|poke|p1|Primarina, F|
|poke|p1|Slowking-Galar, M|
|poke|p1|Great Tusk|
|poke|p1|Ogerpon-Wellspring, F|
|poke|p1|Kingambit, M|
|poke|p2|Zamazenta-*|
|poke|p2|Meowscarada, F|
|poke|p2|Gholdengo|
|poke|p2|Ting-Lu|
|poke|p2|Hydrapple, M|
|poke|p2|Landorus-Therian, M|
|teampreview
|c|☆eighteenPancakes|hf
|inactive|Battle timer is ON: inactive players will automatically lose when time's up. (requested by enormouschilli)
|
|t:|1758950544
|teamsize|p1|6
|teamsize|p2|6
|start
|switch|p1a: Classic Condor|Skarmory, F, shiny|100/100
|switch|p2a: Meowscarada|Meowscarada, F|100/100
|turn|1
|
|t:|1758950555
|move|p2a: Meowscarada|Knock Off|p1a: Classic Condor
|-start|p2a: Meowscarada|typechange|Dark|[from] ability: Protean
|-damage|p1a: Classic Condor|72/100
|-damage|p2a: Meowscarada|84/100|[from] item: Rocky Helmet|[of] p1a: Classic Condor
|-enditem|p1a: Classic Condor|Rocky Helmet|[from] move: Knock Off|[of] p2a: Meowscarada
|move|p1a: Classic Condor|Brave Bird|p2a: Meowscarada
|-damage|p2a: Meowscarada|31/100
|-damage|p1a: Classic Condor|57/100|[from] Recoil
|
|upkeep
|turn|2
|
|t:|1758950559
|switch|p2a: Landorus|Landorus-Therian, M|100/100
|-ability|p2a: Landorus|Intimidate|boost
|-unboost|p1a: Classic Condor|atk|1
|move|p1a: Classic Condor|Spikes|p2a: Landorus
|-sidestart|p2: enormouschilli|Spikes
|
|upkeep
|turn|3
|
|t:|1758950567
|move|p2a: Landorus|Taunt|p1a: Classic Condor
|-start|p1a: Classic Condor|move: Taunt
|cant|p1a: Classic Condor|move: Taunt|Roost
|
|upkeep
|turn|4
|
|t:|1758950571
|switch|p1a: Trusty Tuskothy|Great Tusk|100/100
|move|p2a: Landorus|Stealth Rock|p1a: Trusty Tuskothy
|-sidestart|p1: eighteenPancakes|move: Stealth Rock
|
|upkeep
|turn|5
|
|t:|1758950577
|move|p2a: Landorus|Earth Power|p1a: Trusty Tuskothy
|-damage|p1a: Trusty Tuskothy|59/100
|move|p1a: Trusty Tuskothy|Knock Off|p2a: Landorus
|-damage|p2a: Landorus|72/100
|-damage|p1a: Trusty Tuskothy|42/100|[from] item: Rocky Helmet|[of] p2a: Landorus
|-enditem|p2a: Landorus|Rocky Helmet|[from] move: Knock Off|[of] p1a: Trusty Tuskothy
|
|upkeep
|turn|6
|
|t:|1758950584
|switch|p2a: Gholdengo|Gholdengo|100/100
|-item|p2a: Gholdengo|Air Balloon
|move|p1a: Trusty Tuskothy|Rapid Spin|p2a: Gholdengo
|-immune|p2a: Gholdengo
|
|upkeep
|turn|7
|
|t:|1758950587
|move|p1a: Trusty Tuskothy|Knock Off|p2a: Gholdengo
|-supereffective|p2a: Gholdengo
|-damage|p2a: Gholdengo|63/100
|-enditem|p2a: Gholdengo|Air Balloon
|move|p2a: Gholdengo|Make It Rain|p1a: Trusty Tuskothy
|-damage|p1a: Trusty Tuskothy|0 fnt
|-unboost|p2a: Gholdengo|spa|1
|faint|p1a: Trusty Tuskothy
|-end|p1a: Trusty Tuskothy|Protosynthesis|[silent]
|
|upkeep
|
|t:|1758950594
|switch|p1a: Moist Mischief|Ogerpon-Wellspring, F|100/100
|-damage|p1a: Moist Mischief|88/100|[from] Stealth Rock
|turn|8
|inactive|enormouschilli has 120 seconds left.
|
|t:|1758950637
|switch|p1a: Classic Condor|Skarmory, F, shiny|57/100
|-damage|p1a: Classic Condor|45/100|[from] Stealth Rock
|switch|p2a: Hydrapple|Hydrapple, M|100/100
|
|upkeep
|turn|9
|
|t:|1758950647
|move|p1a: Classic Condor|Spikes|p2a: Hydrapple
|-sidestart|p2: enormouschilli|Spikes
|move|p2a: Hydrapple|Nasty Plot|p2a: Hydrapple
|-boost|p2a: Hydrapple|spa|2
|
|upkeep
|turn|10
|inactive|enormouschilli has 120 seconds left.
|
|t:|1758950664
|move|p2a: Hydrapple|Nasty Plot|p2a: Hydrapple
|-boost|p2a: Hydrapple|spa|2
|move|p1a: Classic Condor|Whirlwind|p2a: Hydrapple
|drag|p2a: Ting-Lu|Ting-Lu|100/100
|-damage|p2a: Ting-Lu|84/100|[from] Spikes
|-ability|p2a: Ting-Lu|Vessel of Ruin
|
|-heal|p2a: Ting-Lu|90/100|[from] item: Leftovers
|upkeep
|turn|11
|inactive|enormouschilli has 120 seconds left.
|
|t:|1758950671
|move|p1a: Classic Condor|Roost|p1a: Classic Condor
|-heal|p1a: Classic Condor|95/100
|-singleturn|p1a: Classic Condor|move: Roost
|move|p2a: Ting-Lu|Ruination|p1a: Classic Condor
|-damage|p1a: Classic Condor|48/100
|
|-heal|p2a: Ting-Lu|96/100|[from] item: Leftovers
|upkeep
|turn|12
|
|t:|1758950677
|move|p1a: Classic Condor|Spikes|p2a: Ting-Lu
|-sidestart|p2: enormouschilli|Spikes
|move|p2a: Ting-Lu|Ruination|p1a: Classic Condor
|-damage|p1a: Classic Condor|24/100
|
|-heal|p2a: Ting-Lu|100/100|[from] item: Leftovers
|upkeep
|turn|13
|
|t:|1758950680
|move|p1a: Classic Condor|Roost|p1a: Classic Condor
|-heal|p1a: Classic Condor|74/100
|-singleturn|p1a: Classic Condor|move: Roost
|move|p2a: Ting-Lu|Earthquake|p1a: Classic Condor
|-supereffective|p1a: Classic Condor
|-damage|p1a: Classic Condor|29/100
|
|upkeep
|turn|14
|
|t:|1758950688
|move|p1a: Classic Condor|Roost|p1a: Classic Condor
|-heal|p1a: Classic Condor|79/100
|-singleturn|p1a: Classic Condor|move: Roost
|move|p2a: Ting-Lu|Ruination|p1a: Classic Condor
|-damage|p1a: Classic Condor|40/100
|
|upkeep
|turn|15
|
|t:|1758950691
|switch|p1a: Moist Mischief|Ogerpon-Wellspring, F|88/100
|-damage|p1a: Moist Mischief|76/100|[from] Stealth Rock
|move|p2a: Ting-Lu|Earthquake|p1a: Moist Mischief
|-resisted|p1a: Moist Mischief
|-damage|p1a: Moist Mischief|52/100
|
|upkeep
|turn|16
|
|t:|1758950695
|switch|p2a: Hydrapple|Hydrapple, M|100/100
|move|p1a: Moist Mischief|Swords Dance|p1a: Moist Mischief
|-boost|p1a: Moist Mischief|atk|2
|
|upkeep
|turn|17
|
|t:|1758950701
|switch|p1a: Mr. Metagame|Kingambit, M, shiny|100/100
|-damage|p1a: Mr. Metagame|94/100|[from] Stealth Rock
|move|p2a: Hydrapple|Giga Drain|p1a: Mr. Metagame
|-resisted|p1a: Mr. Metagame
|-damage|p1a: Mr. Metagame|79/100
|
|-heal|p1a: Mr. Metagame|85/100|[from] item: Leftovers
|upkeep
|turn|18
|
|t:|1758950709
|move|p1a: Mr. Metagame|Swords Dance|p1a: Mr. Metagame
|-boost|p1a: Mr. Metagame|atk|2
|move|p2a: Hydrapple|Earth Power|p1a: Mr. Metagame
|-supereffective|p1a: Mr. Metagame
|-damage|p1a: Mr. Metagame|35/100
|
|-heal|p1a: Mr. Metagame|41/100|[from] item: Leftovers
|upkeep
|turn|19
|
|t:|1758950713
|move|p1a: Mr. Metagame|Iron Head|p2a: Hydrapple
|-damage|p2a: Hydrapple|47/100
|move|p2a: Hydrapple|Earth Power|p1a: Mr. Metagame
|-supereffective|p1a: Mr. Metagame
|-damage|p1a: Mr. Metagame|0 fnt
|faint|p1a: Mr. Metagame
|
|upkeep
|
|t:|1758950717
|switch|p1a: Señora Siren|Primarina, F, shiny|100/100
|-damage|p1a: Señora Siren|88/100|[from] Stealth Rock
|turn|20
|
|t:|1758950727
|switch|p2a: Ting-Lu|Ting-Lu|100/100
|-damage|p2a: Ting-Lu|76/100|[from] Spikes
|-ability|p2a: Ting-Lu|Vessel of Ruin
|move|p1a: Señora Siren|Calm Mind|p1a: Señora Siren
|-boost|p1a: Señora Siren|spa|1
|-boost|p1a: Señora Siren|spd|1
|
|-heal|p1a: Señora Siren|94/100|[from] item: Leftovers
|-heal|p2a: Ting-Lu|82/100|[from] item: Leftovers
|upkeep
|turn|21
|
|t:|1758950738
|move|p1a: Señora Siren|Psychic Noise|p2a: Ting-Lu
|-supereffective|p2a: Ting-Lu
|-damage|p2a: Ting-Lu|41/100
|-start|p2a: Ting-Lu|move: Heal Block
|move|p2a: Ting-Lu|Ruination|p1a: Señora Siren
|-damage|p1a: Señora Siren|47/100
|
|-heal|p1a: Señora Siren|54/100|[from] item: Leftovers
|upkeep
|turn|22
|
|t:|1758950748
|-terastallize|p2a: Ting-Lu|Water
|move|p1a: Señora Siren|Draining Kiss|p2a: Ting-Lu
|-damage|p2a: Ting-Lu|27/100
|-heal|p1a: Señora Siren|68/100|[from] drain|[of] p2a: Ting-Lu
|move|p2a: Ting-Lu|Earthquake|p1a: Señora Siren
|-damage|p1a: Señora Siren|38/100
|
|-heal|p1a: Señora Siren|44/100|[from] item: Leftovers
|-end|p2a: Ting-Lu|move: Heal Block
|upkeep
|turn|23
|
|t:|1758950759
|move|p1a: Señora Siren|Draining Kiss|p2a: Ting-Lu
|-damage|p2a: Ting-Lu|14/100
|-heal|p1a: Señora Siren|57/100|[from] drain|[of] p2a: Ting-Lu
|move|p2a: Ting-Lu|Rest|p2a: Ting-Lu
|-status|p2a: Ting-Lu|slp|[from] move: Rest
|-heal|p2a: Ting-Lu|100/100 slp|[silent]
|
|-heal|p1a: Señora Siren|63/100|[from] item: Leftovers
|upkeep
|turn|24
|
|t:|1758950763
|move|p1a: Señora Siren|Substitute|p1a: Señora Siren
|-start|p1a: Señora Siren|Substitute
|-damage|p1a: Señora Siren|38/100
|cant|p2a: Ting-Lu|slp
|move|p2a: Ting-Lu|Sleep Talk|p2a: Ting-Lu
|move|p2a: Ting-Lu|Ruination|p1a: Señora Siren|[from] move: Sleep Talk
|-activate|p1a: Señora Siren|move: Substitute|[damage]
|
|-heal|p1a: Señora Siren|44/100|[from] item: Leftovers
|upkeep
|turn|25
|
|t:|1758950769
|move|p1a: Señora Siren|Calm Mind|p1a: Señora Siren
|-boost|p1a: Señora Siren|spa|1
|-boost|p1a: Señora Siren|spd|1
|cant|p2a: Ting-Lu|slp
|move|p2a: Ting-Lu|Sleep Talk|p2a: Ting-Lu
|move|p2a: Ting-Lu|Ruination|p1a: Señora Siren|[from] move: Sleep Talk
|-end|p1a: Señora Siren|Substitute
|
|-heal|p1a: Señora Siren|50/100|[from] item: Leftovers
|upkeep
|turn|26
|
|t:|1758950774
|move|p1a: Señora Siren|Substitute|p1a: Señora Siren
|-start|p1a: Señora Siren|Substitute
|-damage|p1a: Señora Siren|25/100
|-curestatus|p2a: Ting-Lu|slp|[msg]
|move|p2a: Ting-Lu|Earthquake|p1a: Señora Siren
|-end|p1a: Señora Siren|Substitute
|
|-heal|p1a: Señora Siren|31/100|[from] item: Leftovers
|upkeep
|turn|27
|
|t:|1758950776
|move|p1a: Señora Siren|Draining Kiss|p2a: Ting-Lu
|-damage|p2a: Ting-Lu|83/100
|-heal|p1a: Señora Siren|50/100|[from] drain|[of] p2a: Ting-Lu
|move|p2a: Ting-Lu|Earthquake|p1a: Señora Siren
|-damage|p1a: Señora Siren|21/100
|
|-heal|p1a: Señora Siren|27/100|[from] item: Leftovers
|-heal|p2a: Ting-Lu|89/100|[from] item: Leftovers
|upkeep
|turn|28
|
|t:|1758950780
|move|p1a: Señora Siren|Draining Kiss|p2a: Ting-Lu
|-damage|p2a: Ting-Lu|71/100
|-heal|p1a: Señora Siren|46/100|[from] drain|[of] p2a: Ting-Lu
|move|p2a: Ting-Lu|Earthquake|p1a: Señora Siren
|-damage|p1a: Señora Siren|17/100
|
|-heal|p1a: Señora Siren|23/100|[from] item: Leftovers
|-heal|p2a: Ting-Lu|77/100|[from] item: Leftovers
|upkeep
|turn|29
|
|t:|1758950784
|move|p1a: Señora Siren|Draining Kiss|p2a: Ting-Lu
|-damage|p2a: Ting-Lu|61/100
|-heal|p1a: Señora Siren|40/100|[from] drain|[of] p2a: Ting-Lu
|move|p2a: Ting-Lu|Earthquake|p1a: Señora Siren
|-crit|p1a: Señora Siren
|-damage|p1a: Señora Siren|0 fnt
|faint|p1a: Señora Siren
|
|-heal|p2a: Ting-Lu|67/100|[from] item: Leftovers
|upkeep
|
|t:|1758950793
|switch|p1a: Moist Mischief|Ogerpon-Wellspring, F|52/100
|-damage|p1a: Moist Mischief|40/100|[from] Stealth Rock
|turn|30
|
|t:|1758950816
|switch|p2a: Landorus|Landorus-Therian, M|72/100
|-ability|p2a: Landorus|Intimidate|boost
|-unboost|p1a: Moist Mischief|atk|1
|move|p1a: Moist Mischief|Swords Dance|p1a: Moist Mischief
|-boost|p1a: Moist Mischief|atk|2
|
|upkeep
|turn|31
|
|t:|1758950824
|move|p1a: Moist Mischief|Ivy Cudgel|p2a: Landorus|[anim] Ivy Cudgel Water
|-supereffective|p2a: Landorus
|-damage|p2a: Landorus|0 fnt
|faint|p2a: Landorus
|
|upkeep
|
|t:|1758950834
|switch|p2a: Meowscarada|Meowscarada, F|31/100
|-damage|p2a: Meowscarada|6/100|[from] Spikes
|turn|32
|
|t:|1758950845
|switch|p1a: Classic Condor|Skarmory, F, shiny|40/100
|-damage|p1a: Classic Condor|28/100|[from] Stealth Rock
|move|p2a: Meowscarada|U-turn|p1a: Classic Condor
|-start|p2a: Meowscarada|typechange|Bug|[from] ability: Protean
|-resisted|p1a: Classic Condor
|-damage|p1a: Classic Condor|22/100
|
|t:|1758950851
|switch|p2a: Zamazenta|Zamazenta|100/100|[from] U-turn
|-ability|p2a: Zamazenta|Dauntless Shield|boost
|-boost|p2a: Zamazenta|def|1
|
|upkeep
|turn|33
|
|t:|1758950855
|move|p2a: Zamazenta|Close Combat|p1a: Classic Condor
|-crit|p1a: Classic Condor
|-damage|p1a: Classic Condor|0 fnt
|-unboost|p2a: Zamazenta|def|1
|-unboost|p2a: Zamazenta|spd|1
|faint|p1a: Classic Condor
|
|upkeep
|
|t:|1758950859
|switch|p1a: Sir Sludge|Slowking-Galar, M, shiny|100/100
|turn|34
|
|t:|1758950861
|move|p2a: Zamazenta|Crunch|p1a: Sir Sludge
|-supereffective|p1a: Sir Sludge
|-damage|p1a: Sir Sludge|48/100
|move|p1a: Sir Sludge|Future Sight|p2a: Zamazenta
|-start|p1a: Sir Sludge|move: Future Sight
|
|upkeep
|turn|35
|
|t:|1758950866
|-terastallize|p1a: Sir Sludge|Water
|move|p2a: Zamazenta|Crunch|p1a: Sir Sludge
|-damage|p1a: Sir Sludge|21/100
|move|p1a: Sir Sludge|Thunder Wave|p2a: Zamazenta
|-status|p2a: Zamazenta|par
|
|upkeep
|turn|36
|
|t:|1758950870
|move|p2a: Zamazenta|Close Combat|p1a: Sir Sludge
|-damage|p1a: Sir Sludge|0 fnt
|-unboost|p2a: Zamazenta|def|1
|-unboost|p2a: Zamazenta|spd|1
|faint|p1a: Sir Sludge
|
|-end|p2a: Zamazenta|move: Future Sight
|-supereffective|p2a: Zamazenta
|-damage|p2a: Zamazenta|0 fnt
|faint|p2a: Zamazenta
|upkeep
|
|t:|1758950877
|switch|p2a: Hydrapple|Hydrapple, M|80/100
|switch|p1a: Moist Mischief|Ogerpon-Wellspring, F|40/100
|-damage|p1a: Moist Mischief|27/100|[from] Stealth Rock
|turn|37
|
|t:|1758950880
|move|p1a: Moist Mischief|Swords Dance|p1a: Moist Mischief
|-boost|p1a: Moist Mischief|atk|2
|move|p2a: Hydrapple|Fickle Beam|p1a: Moist Mischief
|-damage|p1a: Moist Mischief|0 fnt
|faint|p1a: Moist Mischief
|
|win|enormouschilli
|raw|eighteenPancakes's rating: 1437 &rarr; <strong>1415</strong><br />(-22 for losing)
|raw|enormouschilli's rating: 1409 &rarr; <strong>1431</strong><br />(+22 for winning)
|l|☆eighteenPancakes
|player|p1|
|l|☆enormouschilli
|player|p2|
