|j|☆youyouboubou
|j|☆CRAPUSTULA FRENCH
|t:|1758918824
|gametype|singles
|player|p1|youyouboubou|teamrocket|1110
|player|p2|CRAPUSTULA FRENCH|dawn-gen4pt|1079
|gen|9
|tier|[Gen 9] OU
|rated|
|rule|HP Percentage Mod: HP is shown in percentages
|rule|Endless Battle Clause: Forcing endless battles is banned
|rule|Species Clause: Limit one of each Pokémon
|rule|OHKO Clause: OHKO moves are banned
|rule|Evasion Items Clause: Evasion items are banned
|rule|Evasion Moves Clause: Evasion moves are banned
|rule|Evasion Abilities Clause: Evasion abilities are banned
|rule|Sleep Moves Clause: Sleep-inducing moves are banned
|clearpoke
|poke|p1|Ninetales-Alola, F|
|poke|p1|Conkeldurr, F|
|poke|p1|Ceruledge, F|
|poke|p1|Zapdos|
|poke|p1|Gholdengo|
|poke|p1|Great Tusk|
|poke|p2|Ting-Lu|
|poke|p2|Pikachu-Alola, M|
|poke|p2|Corviknight, M|
|poke|p2|Blaziken, M|
|poke|p2|Great Tusk|
|poke|p2|Iron Valiant|
|teampreview
|inactive|Battle timer is ON: inactive players will automatically lose when time's up. (requested by CRAPUSTULA FRENCH)
|
|t:|1758918831
|teamsize|p1|6
|teamsize|p2|6
|start
|switch|p1a: Ninetales|Ninetales-Alola, F|100/100
|switch|p2a: SEAN|Corviknight, M|100/100
|-weather|Snowscape|[from] ability: Snow Warning|[of] p1a: Ninetales
|turn|1
|c|☆youyouboubou|wsh pelo
|
|t:|1758918850
|switch|p1a: Zapdos|Zapdos|100/100
|move|p2a: SEAN|Iron Head|p1a: Zapdos
|-resisted|p1a: Zapdos
|-damage|p1a: Zapdos|90/100
|
|-weather|Snowscape|[upkeep]
|upkeep
|turn|2
|
|t:|1758918860
|switch|p2a: CHARAL VERDE|Ting-Lu, shiny|100/100
|-ability|p2a: CHARAL VERDE|Vessel of Ruin
|move|p1a: Zapdos|Hurricane|p2a: CHARAL VERDE|[miss]
|-miss|p1a: Zapdos|p2a: CHARAL VERDE
|
|-weather|Snowscape|[upkeep]
|upkeep
|turn|3
|c|☆CRAPUSTULA FRENCH|Oh un français la vie de ta mère
|
|t:|1758918881
|switch|p1a: Great Tusk|Great Tusk|100/100
|move|p2a: CHARAL VERDE|Stealth Rock|p1a: Great Tusk
|-sidestart|p1: youyouboubou|move: Stealth Rock
|
|-weather|Snowscape|[upkeep]
|upkeep
|turn|4
|c|☆youyouboubou|Nan c'est faux
|c|☆youyouboubou|Je suis russe tkt
|inactive|CRAPUSTULA FRENCH has 120 seconds left.
|c|☆CRAPUSTULA FRENCH|-_-
|
|t:|1758918912
|move|p1a: Great Tusk|Knock Off|p2a: CHARAL VERDE
|-resisted|p2a: CHARAL VERDE
|-damage|p2a: CHARAL VERDE|94/100
|-damage|p1a: Great Tusk|84/100|[from] item: Rocky Helmet|[of] p2a: CHARAL VERDE
|-enditem|p2a: CHARAL VERDE|Rocky Helmet|[from] move: Knock Off|[of] p1a: Great Tusk
|move|p2a: CHARAL VERDE|Ruination|p1a: Great Tusk
|-damage|p1a: Great Tusk|42/100
|
|-weather|Snowscape|[upkeep]
|-heal|p1a: Great Tusk|48/100|[from] item: Leftovers
|upkeep
|turn|5
|c|☆CRAPUSTULA FRENCH|Aze
|
|t:|1758918925
|move|p1a: Great Tusk|Rapid Spin|p2a: CHARAL VERDE
|-damage|p2a: CHARAL VERDE|87/100
|-boost|p1a: Great Tusk|spe|1
|-sideend|p1: youyouboubou|Stealth Rock|[from] move: Rapid Spin|[of] p1a: Great Tusk
|move|p2a: CHARAL VERDE|Whirlwind|p1a: Great Tusk
|-end|p1a: Great Tusk|Protosynthesis|[silent]
|drag|p1a: Ninetales|Ninetales-Alola, F|100/100
|
|-weather|none
|upkeep
|turn|6
|
|t:|1758918939
|switch|p2a: MAXENCE|Blaziken, M|100/100
|move|p1a: Ninetales|Moonblast|p2a: MAXENCE
|-damage|p2a: MAXENCE|42/100
|
|upkeep
|turn|7
|
|t:|1758918961
|switch|p1a: Zapdos|Zapdos|90/100
|move|p2a: MAXENCE|Swords Dance|p2a: MAXENCE
|-boost|p2a: MAXENCE|atk|2
|
|-ability|p2a: MAXENCE|Speed Boost|boost
|-boost|p2a: MAXENCE|spe|1
|upkeep
|turn|8
|
|t:|1758918968
|move|p2a: MAXENCE|Protect|p2a: MAXENCE
|-singleturn|p2a: MAXENCE|Protect
|move|p1a: Zapdos|Hurricane|p2a: MAXENCE
|-activate|p2a: MAXENCE|move: Protect
|
|-ability|p2a: MAXENCE|Speed Boost|boost
|-boost|p2a: MAXENCE|spe|1
|upkeep
|turn|9
|
|t:|1758918987
|move|p2a: MAXENCE|Flare Blitz|p1a: Zapdos
|-damage|p1a: Zapdos|0 fnt
|faint|p1a: Zapdos
|-damage|p2a: MAXENCE|4/100|[from] Recoil
|-damage|p2a: MAXENCE|0 fnt|[from] item: Life Orb
|faint|p2a: MAXENCE
|
|upkeep
|
|t:|1758919008
|switch|p1a: Ninetales|Ninetales-Alola, F|100/100
|switch|p2a: CHARAL VERDE|Ting-Lu, shiny|87/100
|-weather|Snowscape|[from] ability: Snow Warning|[of] p1a: Ninetales
|-ability|p2a: CHARAL VERDE|Vessel of Ruin
|turn|10
|
|t:|1758919025
|switch|p2a: SEAN|Corviknight, M|100/100
|move|p1a: Ninetales|Blizzard|p2a: SEAN
|-damage|p2a: SEAN|71/100
|
|-weather|Snowscape|[upkeep]
|-heal|p2a: SEAN|77/100|[from] item: Leftovers
|upkeep
|turn|11
|
|t:|1758919044
|move|p1a: Ninetales|Aurora Veil|p1a: Ninetales
|-sidestart|p1: youyouboubou|move: Aurora Veil
|move|p2a: SEAN|Iron Head|p1a: Ninetales
|-supereffective|p1a: Ninetales
|-damage|p1a: Ninetales|50/100
|
|-weather|Snowscape|[upkeep]
|-heal|p2a: SEAN|83/100|[from] item: Leftovers
|upkeep
|turn|12
|
|t:|1758919051
|move|p1a: Ninetales|Blizzard|p2a: SEAN
|-damage|p2a: SEAN|53/100
|move|p2a: SEAN|Iron Head|p1a: Ninetales
|-supereffective|p1a: Ninetales
|-crit|p1a: Ninetales
|-damage|p1a: Ninetales|0 fnt
|faint|p1a: Ninetales
|
|-weather|Snowscape|[upkeep]
|-heal|p2a: SEAN|60/100|[from] item: Leftovers
|upkeep
|
|t:|1758919056
|switch|p1a: Conkeldurr|Conkeldurr, F|100/100
|turn|13
|
|t:|1758919070
|move|p1a: Conkeldurr|Bulk Up|p1a: Conkeldurr
|-boost|p1a: Conkeldurr|atk|1
|-boost|p1a: Conkeldurr|def|1
|move|p2a: SEAN|U-turn|p1a: Conkeldurr
|-resisted|p1a: Conkeldurr
|-damage|p1a: Conkeldurr|98/100
|
|t:|1758919079
|switch|p2a: CHARAL VERDE|Ting-Lu, shiny|87/100|[from] U-turn
|-ability|p2a: CHARAL VERDE|Vessel of Ruin
|
|-weather|Snowscape|[upkeep]
|upkeep
|turn|14
|
|t:|1758919099
|-terastallize|p2a: CHARAL VERDE|Poison
|move|p1a: Conkeldurr|Dynamic Punch|p2a: CHARAL VERDE
|-resisted|p2a: CHARAL VERDE
|-damage|p2a: CHARAL VERDE|67/100
|-start|p2a: CHARAL VERDE|confusion
|-activate|p2a: CHARAL VERDE|confusion
|-damage|p2a: CHARAL VERDE|63/100|[from] confusion
|
|-weather|none
|upkeep
|turn|15
|
|t:|1758919108
|move|p1a: Conkeldurr|Dynamic Punch|p2a: CHARAL VERDE|[miss]
|-miss|p1a: Conkeldurr|p2a: CHARAL VERDE
|-enditem|p1a: Conkeldurr|Blunder Policy
|-boost|p1a: Conkeldurr|spe|2
|-activate|p2a: CHARAL VERDE|confusion
|move|p2a: CHARAL VERDE|Whirlwind|p1a: Conkeldurr
|drag|p1a: Great Tusk|Great Tusk|48/100
|
|-heal|p1a: Great Tusk|55/100|[from] item: Leftovers
|upkeep
|turn|16
|c|☆youyouboubou|NOOOON
|c|☆youyouboubou|Pitié j'ai créé la team entière pour essayer cette strat
|
|t:|1758919137
|switch|p2a: SEAN|Corviknight, M|60/100
|move|p1a: Great Tusk|Stealth Rock|p2a: SEAN
|-sidestart|p2: CRAPUSTULA FRENCH|move: Stealth Rock
|
|-heal|p1a: Great Tusk|61/100|[from] item: Leftovers
|-heal|p2a: SEAN|66/100|[from] item: Leftovers
|upkeep
|turn|17
|c|☆CRAPUSTULA FRENCH|C t quoi..?
|
|t:|1758919150
|-end|p1a: Great Tusk|Protosynthesis|[silent]
|switch|p1a: Conkeldurr|Conkeldurr, F|98/100
|move|p2a: SEAN|Body Press|p1a: Conkeldurr
|-damage|p1a: Conkeldurr|88/100
|
|-heal|p2a: SEAN|72/100|[from] item: Leftovers
|upkeep
|turn|18
|c|☆youyouboubou|Bah conkeldur +2 en speed
|c|☆CRAPUSTULA FRENCH|Ah oui avec Begchef ?
|inactive|CRAPUSTULA FRENCH has 90 seconds left.
|c|☆youyouboubou|Yes
|c|☆CRAPUSTULA FRENCH|Betochef oe cvca
|c|☆CRAPUSTULA FRENCH|Ça
|c|☆youyouboubou|Mais du coup c'est mort
|
|t:|1758919194
|move|p1a: Conkeldurr|Bulk Up|p1a: Conkeldurr
|-boost|p1a: Conkeldurr|atk|1
|-boost|p1a: Conkeldurr|def|1
|move|p2a: SEAN|Iron Head|p1a: Conkeldurr
|-damage|p1a: Conkeldurr|80/100
|
|-heal|p2a: SEAN|78/100|[from] item: Leftovers
|-sideend|p1: youyouboubou|move: Aurora Veil
|upkeep
|turn|19
|
|t:|1758919200
|move|p1a: Conkeldurr|Bulk Up|p1a: Conkeldurr
|-boost|p1a: Conkeldurr|atk|1
|-boost|p1a: Conkeldurr|def|1
|move|p2a: SEAN|U-turn|p1a: Conkeldurr
|-resisted|p1a: Conkeldurr
|-damage|p1a: Conkeldurr|76/100
|c|☆CRAPUSTULA FRENCH|J'ai bien placé le Cyclone
|
|t:|1758919225
|switch|p2a: BENOÎT|Iron Valiant|100/100|[from] U-turn
|-damage|p2a: BENOÎT|94/100|[from] Stealth Rock
|-enditem|p2a: BENOÎT|Booster Energy
|-activate|p2a: BENOÎT|ability: Quark Drive|[fromitem]
|-start|p2a: BENOÎT|quarkdrivespe
|
|upkeep
|turn|20
|
|t:|1758919233
|move|p2a: BENOÎT|Moonblast|p1a: Conkeldurr
|-supereffective|p1a: Conkeldurr
|-damage|p1a: Conkeldurr|0 fnt
|faint|p1a: Conkeldurr
|
|upkeep
|
|t:|1758919238
|switch|p1a: Gholdengo|Gholdengo|100/100
|-item|p1a: Gholdengo|Air Balloon
|turn|21
|c|☆CRAPUSTULA FRENCH|Très bon Poké, au passage
|
|t:|1758919259
|move|p2a: BENOÎT|Knock Off|p1a: Gholdengo
|-supereffective|p1a: Gholdengo
|-damage|p1a: Gholdengo|50/100
|-enditem|p1a: Gholdengo|Air Balloon
|move|p1a: Gholdengo|Shadow Ball|p2a: BENOÎT
|-damage|p2a: BENOÎT|12/100
|
|upkeep
|turn|22
|
|t:|1758919270
|-end|p2a: BENOÎT|Quark Drive|[silent]
|switch|p2a: SEAN|Corviknight, M|78/100
|-damage|p2a: SEAN|66/100|[from] Stealth Rock
|move|p1a: Gholdengo|Shadow Ball|p2a: SEAN
|-damage|p2a: SEAN|28/100
|
|-heal|p2a: SEAN|35/100|[from] item: Leftovers
|upkeep
|turn|23
|
|t:|1758919277
|move|p1a: Gholdengo|Recover|p1a: Gholdengo
|-heal|p1a: Gholdengo|99/100
|move|p2a: SEAN|U-turn|p1a: Gholdengo
|-resisted|p1a: Gholdengo
|-damage|p1a: Gholdengo|96/100
|
|t:|1758919284
|switch|p2a: KIM JONG UN|Great Tusk|100/100|[from] U-turn
|
|upkeep
|turn|24
|
|t:|1758919290
|move|p2a: KIM JONG UN|Headlong Rush|p1a: Gholdengo
|-supereffective|p1a: Gholdengo
|-damage|p1a: Gholdengo|0 fnt
|-unboost|p2a: KIM JONG UN|def|1
|-unboost|p2a: KIM JONG UN|spd|1
|faint|p1a: Gholdengo
|
|upkeep
|
|t:|1758919296
|switch|p1a: Great Tusk|Great Tusk|61/100
|turn|25
|
|t:|1758919310
|-end|p2a: KIM JONG UN|Protosynthesis|[silent]
|switch|p2a: CHARAL VERDE|Ting-Lu, shiny, tera:Poison|63/100
|-damage|p2a: CHARAL VERDE|50/100|[from] Stealth Rock
|-ability|p2a: CHARAL VERDE|Vessel of Ruin
|move|p1a: Great Tusk|Earthquake|p2a: CHARAL VERDE
|-supereffective|p2a: CHARAL VERDE
|-damage|p2a: CHARAL VERDE|11/100
|
|-heal|p1a: Great Tusk|67/100|[from] item: Leftovers
|upkeep
|turn|26
|
|t:|1758919329
|move|p1a: Great Tusk|Knock Off|p2a: CHARAL VERDE
|-damage|p2a: CHARAL VERDE|1/100
|move|p2a: CHARAL VERDE|Whirlwind|p1a: Great Tusk
|-end|p1a: Great Tusk|Protosynthesis|[silent]
|drag|p1a: Ceruledge|Ceruledge, F|100/100
|
|upkeep
|turn|27
|
|t:|1758919341
|move|p1a: Ceruledge|Swords Dance|p1a: Ceruledge
|-boost|p1a: Ceruledge|atk|2
|move|p2a: CHARAL VERDE|Earthquake|p1a: Ceruledge
|-supereffective|p1a: Ceruledge
|-enditem|p1a: Ceruledge|Focus Sash
|-damage|p1a: Ceruledge|1/100
|
|upkeep
|turn|28
|
|t:|1758919353
|move|p1a: Ceruledge|Bitter Blade|p2a: CHARAL VERDE
|-damage|p2a: CHARAL VERDE|0 fnt
|-heal|p1a: Ceruledge|2/100|[from] drain|[of] p2a: CHARAL VERDE
|faint|p2a: CHARAL VERDE
|
|upkeep
|inactive|CRAPUSTULA FRENCH has 90 seconds left.
|
|t:|1758919360
|switch|p2a: SEAN|Corviknight, M|35/100
|-damage|p2a: SEAN|22/100|[from] Stealth Rock
|turn|29
|
|t:|1758919370
|move|p1a: Ceruledge|Bitter Blade|p2a: SEAN
|-supereffective|p2a: SEAN
|-damage|p2a: SEAN|0 fnt
|-heal|p1a: Ceruledge|17/100|[from] drain|[of] p2a: SEAN
|faint|p2a: SEAN
|
|upkeep
|
|t:|1758919382
|switch|p2a: KIM JONG UN|Great Tusk|100/100
|turn|30
|
|t:|1758919394
|-terastallize|p1a: Ceruledge|Fairy
|move|p2a: KIM JONG UN|Knock Off|p1a: Ceruledge
|-resisted|p1a: Ceruledge
|-damage|p1a: Ceruledge|2/100
|move|p1a: Ceruledge|Bitter Blade|p2a: KIM JONG UN
|-crit|p2a: KIM JONG UN
|-damage|p2a: KIM JONG UN|0 fnt
|-heal|p1a: Ceruledge|66/100|[from] drain|[of] p2a: KIM JONG UN
|faint|p2a: KIM JONG UN
|-end|p2a: KIM JONG UN|Protosynthesis|[silent]
|
|upkeep
|
|t:|1758919400
|switch|p2a: BENOÎT|Iron Valiant|12/100
|-damage|p2a: BENOÎT|6/100|[from] Stealth Rock
|turn|31
|
|t:|1758919405
|move|p2a: BENOÎT|Moonblast|p1a: Ceruledge
|-damage|p1a: Ceruledge|15/100
|move|p1a: Ceruledge|Bitter Blade|p2a: BENOÎT
|-damage|p2a: BENOÎT|0 fnt
|-heal|p1a: Ceruledge|18/100|[from] drain|[of] p2a: BENOÎT
|faint|p2a: BENOÎT
|-end|p2a: BENOÎT|Quark Drive|[silent]
|
|upkeep
|
|t:|1758919408
|switch|p2a: JEAN-LUC|Pikachu-Alola, M|100/100
|-damage|p2a: JEAN-LUC|88/100|[from] Stealth Rock
|turn|32
|c|☆youyouboubou|pk knock off ?
|c|☆youyouboubou|J'avais plus d'items
|
|t:|1758919423
|move|p2a: JEAN-LUC|Surf|p1a: Ceruledge
|-damage|p1a: Ceruledge|0 fnt
|faint|p1a: Ceruledge
|
|upkeep
|
|t:|1758919427
|switch|p1a: Great Tusk|Great Tusk|67/100
|turn|33
|c|☆CRAPUSTULA FRENCH|Js pas g paniqué je crois XD
|c|☆youyouboubou|gg
|inactive|CRAPUSTULA FRENCH has 120 seconds left.
|
|t:|1758919442
|move|p2a: JEAN-LUC|Surf|p1a: Great Tusk
|-supereffective|p1a: Great Tusk
|-damage|p1a: Great Tusk|0 fnt
|faint|p1a: Great Tusk
|-end|p1a: Great Tusk|Protosynthesis|[silent]
|
|win|CRAPUSTULA FRENCH
|raw|youyouboubou's rating: 1088 &rarr; <strong>1064</strong><br />(-24 for losing)
|raw|CRAPUSTULA FRENCH's rating: 1079 &rarr; <strong>1108</strong><br />(+29 for winning)
|c|☆CRAPUSTULA FRENCH|Pika le goat gg
|l|☆youyouboubou
|player|p1|
|l|☆CRAPUSTULA FRENCH
|player|p2|
