|j|☆saaseded
|j|☆hylid3
|t:|1758994839
|gametype|singles
|player|p1|saaseded|ingo|1150
|player|p2|hylid3|blackbelt-gen4dp|1144
|gen|9
|tier|[Gen 9] OU
|rated|
|rule|HP Percentage Mod: HP is shown in percentages
|rule|Endless Battle Clause: Forcing endless battles is banned
|rule|Species Clause: Limit one of each Pokémon
|rule|OHKO Clause: OHKO moves are banned
|rule|Evasion Items Clause: Evasion items are banned
|rule|Evasion Moves Clause: Evasion moves are banned
|rule|Evasion Abilities Clause: Evasion abilities are banned
|rule|Sleep Moves Clause: Sleep-inducing moves are banned
|clearpoke
|poke|p1|Hatterene, F|
|poke|p1|Glastrier|
|poke|p1|Deoxys-Defense|
|poke|p1|Ursaluna, M|
|poke|p1|Cresselia, F|
|poke|p1|Camerupt, M|
|poke|p2|Kingambit, M|
|poke|p2|Ceruledge, F|
|poke|p2|Weezing-Galar, M|
|poke|p2|Landorus-Therian, M|
|poke|p2|Zamazenta-*|
|poke|p2|Kyurem|
|teampreview
|inactive|Battle timer is ON: inactive players will automatically lose when time's up. (requested by hylid3)
|
|t:|1758994842
|teamsize|p1|6
|teamsize|p2|6
|start
|switch|p1a: Meteor Virus|Deoxys-Defense|100/100
|switch|p2a: Eleicebug|Landorus-Therian, M|100/100
|-ability|p2a: Eleicebug|Intimidate|boost
|-unboost|p1a: Meteor Virus|atk|1
|-ability|p1a: Meteor Virus|Pressure
|turn|1
|
|t:|1758994855
|move|p2a: Eleicebug|Stealth Rock|p1a: Meteor Virus
|-sidestart|p1: saaseded|move: Stealth Rock
|move|p1a: Meteor Virus|Trick Room|p1a: Meteor Virus
|-fieldstart|move: Trick Room|[of] p1a: Meteor Virus
|
|upkeep
|turn|2
|
|t:|1758994860
|move|p2a: Eleicebug|Earthquake|p1a: Meteor Virus
|-damage|p1a: Meteor Virus|72/100
|move|p1a: Meteor Virus|Teleport|p1a: Meteor Virus
|
|t:|1758994864
|switch|p1a: Tundra Prince|Glastrier|100/100|[from] Teleport
|
|upkeep
|turn|3
|
|t:|1758994871
|move|p1a: Tundra Prince|Icicle Crash|p2a: Eleicebug
|-supereffective|p2a: Eleicebug
|-damage|p2a: Eleicebug|0 fnt
|faint|p2a: Eleicebug
|-ability|p1a: Tundra Prince|Chilling Neigh|boost
|-boost|p1a: Tundra Prince|atk|1
|
|upkeep
|
|t:|1758994887
|switch|p2a: Psygho×nor|Ceruledge, F|100/100
|turn|4
|
|t:|1758994891
|move|p1a: Tundra Prince|High Horsepower|p2a: Psygho×nor
|-supereffective|p2a: Psygho×nor
|-enditem|p2a: Psygho×nor|Focus Sash
|-damage|p2a: Psygho×nor|1/100
|-ability|p2a: Psygho×nor|Weak Armor|boost
|-unboost|p2a: Psygho×nor|def|1
|-boost|p2a: Psygho×nor|spe|2
|move|p2a: Psygho×nor|Swords Dance|p2a: Psygho×nor
|-boost|p2a: Psygho×nor|atk|2
|
|upkeep
|turn|5
|
|t:|1758994904
|move|p1a: Tundra Prince|Icicle Crash|p2a: Psygho×nor
|-resisted|p2a: Psygho×nor
|-damage|p2a: Psygho×nor|0 fnt
|faint|p2a: Psygho×nor
|-ability|p1a: Tundra Prince|Chilling Neigh|boost
|-boost|p1a: Tundra Prince|atk|1
|
|-fieldend|move: Trick Room
|upkeep
|
|t:|1758994908
|switch|p2a: Psyflyfai|Zamazenta|100/100
|-ability|p2a: Psyflyfai|Dauntless Shield|boost
|-boost|p2a: Psyflyfai|def|1
|turn|6
|
|t:|1758994935
|-terastallize|p1a: Tundra Prince|Electric
|move|p2a: Psyflyfai|Iron Defense|p2a: Psyflyfai
|-boost|p2a: Psyflyfai|def|2
|move|p1a: Tundra Prince|Tera Blast|p2a: Psyflyfai|[anim] Tera Blast Electric
|-damage|p2a: Psyflyfai|71/100
|
|-heal|p2a: Psyflyfai|77/100|[from] item: Leftovers
|upkeep
|turn|7
|
|t:|1758994945
|move|p1a: Tundra Prince|Swords Dance|p1a: Tundra Prince
|-boost|p1a: Tundra Prince|atk|2
|move|p2a: Psyflyfai|Roar|p1a: Tundra Prince
|drag|p1a: Camerupt|Camerupt, M|100/100
|-damage|p1a: Camerupt|88/100|[from] Stealth Rock
|
|-heal|p2a: Psyflyfai|83/100|[from] item: Leftovers
|upkeep
|turn|8
|
|t:|1758994958
|switch|p1a: Meteor Virus|Deoxys-Defense|72/100
|-damage|p1a: Meteor Virus|60/100|[from] Stealth Rock
|-ability|p1a: Meteor Virus|Pressure
|move|p2a: Psyflyfai|Iron Defense|p2a: Psyflyfai
|-boost|p2a: Psyflyfai|def|2
|
|-heal|p2a: Psyflyfai|89/100|[from] item: Leftovers
|upkeep
|turn|9
|
|t:|1758994969
|-terastallize|p2a: Psyflyfai|Dark
|move|p2a: Psyflyfai|Crunch|p1a: Meteor Virus
|-supereffective|p1a: Meteor Virus
|-damage|p1a: Meteor Virus|21/100
|-unboost|p1a: Meteor Virus|def|1
|move|p1a: Meteor Virus|Teleport|p1a: Meteor Virus
|
|t:|1758994977
|switch|p1a: Cresselia|Cresselia, F|100/100|[from] Teleport
|-damage|p1a: Cresselia|88/100|[from] Stealth Rock
|
|-heal|p2a: Psyflyfai|95/100|[from] item: Leftovers
|upkeep
|turn|10
|
|t:|1758994985
|move|p2a: Psyflyfai|Crunch|p1a: Cresselia
|-supereffective|p1a: Cresselia
|-damage|p1a: Cresselia|42/100
|move|p1a: Cresselia|Trick Room|p1a: Cresselia
|-fieldstart|move: Trick Room|[of] p1a: Cresselia
|
|-heal|p2a: Psyflyfai|100/100|[from] item: Leftovers
|upkeep
|turn|11
|
|t:|1758994996
|move|p1a: Cresselia|Moonblast|p2a: Psyflyfai
|-supereffective|p2a: Psyflyfai
|-damage|p2a: Psyflyfai|73/100
|move|p2a: Psyflyfai|Body Press|p1a: Cresselia
|-resisted|p1a: Cresselia
|-damage|p1a: Cresselia|0 fnt
|faint|p1a: Cresselia
|
|-heal|p2a: Psyflyfai|79/100|[from] item: Leftovers
|upkeep
|
|t:|1758995007
|switch|p1a: Camerupt|Camerupt, M|88/100
|-damage|p1a: Camerupt|76/100|[from] Stealth Rock
|turn|12
|
|t:|1758995019
|move|p1a: Camerupt|Eruption|p2a: Psyflyfai
|-damage|p2a: Psyflyfai|24/100
|move|p2a: Psyflyfai|Body Press|p1a: Camerupt
|-damage|p1a: Camerupt|0 fnt
|faint|p1a: Camerupt
|
|-heal|p2a: Psyflyfai|30/100|[from] item: Leftovers
|upkeep
|
|t:|1758995032
|switch|p1a: Morgane|Hatterene, F|100/100
|-damage|p1a: Morgane|88/100|[from] Stealth Rock
|turn|13
|inactive|saaseded has 120 seconds left.
|
|t:|1758995049
|move|p1a: Morgane|Misty Explosion|p2a: Psyflyfai
|-supereffective|p2a: Psyflyfai
|-damage|p2a: Psyflyfai|0 fnt
|faint|p1a: Morgane
|faint|p2a: Psyflyfai
|
|upkeep
|inactive|saaseded has 120 seconds left.
|
|t:|1758995057
|switch|p1a: Tundra Prince|Glastrier, tera:Electric|100/100
|switch|p2a: Figgrofir×poipsy|Kingambit, M, shiny|100/100
|-activate|p2a: Figgrofir×poipsy|ability: Supreme Overlord
|-start|p2a: Figgrofir×poipsy|fallen3|[silent]
|turn|14
|
|t:|1758995063
|move|p1a: Tundra Prince|High Horsepower|p2a: Figgrofir×poipsy
|-supereffective|p2a: Figgrofir×poipsy
|-damage|p2a: Figgrofir×poipsy|31/100
|move|p2a: Figgrofir×poipsy|Swords Dance|p2a: Figgrofir×poipsy
|-boost|p2a: Figgrofir×poipsy|atk|2
|
|-fieldend|move: Trick Room
|upkeep
|turn|15
|
|t:|1758995077
|move|p2a: Figgrofir×poipsy|Sucker Punch|p1a: Tundra Prince
|-damage|p1a: Tundra Prince|15/100
|move|p1a: Tundra Prince|High Horsepower|p2a: Figgrofir×poipsy
|-supereffective|p2a: Figgrofir×poipsy
|-damage|p2a: Figgrofir×poipsy|0 fnt
|faint|p2a: Figgrofir×poipsy
|-end|p2a: Figgrofir×poipsy|fallen3|[silent]
|-ability|p1a: Tundra Prince|Chilling Neigh|boost
|-boost|p1a: Tundra Prince|atk|1
|
|upkeep
|
|t:|1758995080
|switch|p2a: Drarocstefigfai|Kyurem|100/100
|-ability|p2a: Drarocstefigfai|Pressure
|turn|16
|
|t:|1758995090
|move|p2a: Drarocstefigfai|Earth Power|p1a: Tundra Prince
|-supereffective|p1a: Tundra Prince
|-damage|p1a: Tundra Prince|0 fnt
|faint|p1a: Tundra Prince
|
|upkeep
|
|t:|1758995095
|switch|p1a: Meteor Virus|Deoxys-Defense|21/100
|-damage|p1a: Meteor Virus|8/100|[from] Stealth Rock
|-ability|p1a: Meteor Virus|Pressure
|turn|17
|
|t:|1758995102
|move|p2a: Drarocstefigfai|Earth Power|p1a: Meteor Virus
|-damage|p1a: Meteor Virus|0 fnt
|faint|p1a: Meteor Virus
|
|upkeep
|
|t:|1758995107
|switch|p1a: Casimodo|Ursaluna, M|100/100
|-damage|p1a: Casimodo|94/100|[from] Stealth Rock
|turn|18
|
|t:|1758995115
|move|p2a: Drarocstefigfai|Earth Power|p1a: Casimodo
|-damage|p1a: Casimodo|69/100
|move|p1a: Casimodo|Swords Dance|p1a: Casimodo
|-boost|p1a: Casimodo|atk|2
|
|-status|p1a: Casimodo|brn|[from] item: Flame Orb
|upkeep
|turn|19
|
|t:|1758995125
|move|p2a: Drarocstefigfai|Scale Shot|p1a: Casimodo
|-damage|p1a: Casimodo|62/100 brn
|-damage|p1a: Casimodo|55/100 brn
|-damage|p1a: Casimodo|47/100 brn
|-damage|p1a: Casimodo|40/100 brn
|-damage|p1a: Casimodo|34/100 brn
|-hitcount|p1a: Casimodo|5
|-unboost|p2a: Drarocstefigfai|def|1
|-boost|p2a: Drarocstefigfai|spe|1
|move|p1a: Casimodo|Facade|p2a: Drarocstefigfai
|-damage|p2a: Drarocstefigfai|0 fnt
|faint|p2a: Drarocstefigfai
|
|-damage|p1a: Casimodo|28/100 brn|[from] brn
|upkeep
|
|t:|1758995127
|switch|p2a: Grostepsy|Weezing-Galar, M|100/100
|-ability|p2a: Grostepsy|Neutralizing Gas
|turn|20
|
|t:|1758995145
|move|p2a: Grostepsy|Sludge Bomb|p1a: Casimodo
|-resisted|p1a: Casimodo
|-damage|p1a: Casimodo|15/100 brn
|move|p1a: Casimodo|Facade|p2a: Grostepsy
|-damage|p2a: Grostepsy|0 fnt
|faint|p2a: Grostepsy
|-end|p2a: Grostepsy|ability: Neutralizing Gas
|
|win|saaseded
|raw|saaseded's rating: 1150 &rarr; <strong>1175</strong><br />(+25 for winning)
|raw|hylid3's rating: 1144 &rarr; <strong>1119</strong><br />(-25 for losing)
|l|☆hylid3
|player|p2|
|l|☆saaseded
|player|p1|
