|j|☆zg4h11
|j|☆vlumvlam7
|t:|1758992379
|gametype|singles
|player|p1|zg4h11|266|1495
|player|p2|vlumvlam7|boarder|1579
|gen|9
|tier|[Gen 9] OU
|rated|
|rule|HP Percentage Mod: HP is shown in percentages
|rule|Endless Battle Clause: Forcing endless battles is banned
|rule|Species Clause: Limit one of each Pokémon
|rule|OHKO Clause: OHKO moves are banned
|rule|Evasion Items Clause: Evasion items are banned
|rule|Evasion Moves Clause: Evasion moves are banned
|rule|Evasion Abilities Clause: Evasion abilities are banned
|rule|Sleep Moves Clause: Sleep-inducing moves are banned
|clearpoke
|poke|p1|Hatterene, F|
|poke|p1|Darkrai|
|poke|p1|Ogerpon-Wellspring, F|
|poke|p1|Thundurus-Therian, M|
|poke|p1|Tyranitar, M|
|poke|p1|Corviknight, M|
|poke|p2|Dragapult, M|
|poke|p2|Glastrier|
|poke|p2|Tinkaton, F|
|poke|p2|Ting-Lu|
|poke|p2|Iron Hands|
|poke|p2|Moltres|
|teampreview
|inactive|Battle timer is ON: inactive players will automatically lose when time's up. (requested by zg4h11)
|
|t:|1758992390
|teamsize|p1|6
|teamsize|p2|6
|start
|switch|p1a: Thundurus|Thundurus-Therian, M|100/100
|switch|p2a: Iron Hands|Iron Hands|100/100
|turn|1
|
|t:|1758992412
|-terastallize|p1a: Thundurus|Flying
|move|p1a: Thundurus|Tera Blast|p2a: Iron Hands|[anim] Tera Blast Flying
|-damage|p2a: Iron Hands|9/100
|move|p2a: Iron Hands|Ice Punch|p1a: Thundurus
|-supereffective|p1a: Thundurus
|-damage|p1a: Thundurus|4/100
|
|upkeep
|turn|2
|inactive|vlumvlam7 has 120 seconds left.
|
|t:|1758992436
|move|p1a: Thundurus|Tera Blast|p2a: Iron Hands|[anim] Tera Blast Flying
|-damage|p2a: Iron Hands|0 fnt
|faint|p2a: Iron Hands
|-end|p2a: Iron Hands|Quark Drive|[silent]
|
|upkeep
|
|t:|1758992437
|switch|p2a: Dragapult|Dragapult, M|100/100
|turn|3
|
|t:|1758992446
|switch|p1a: Corviknight|Corviknight, M|100/100
|-ability|p1a: Corviknight|Pressure
|move|p2a: Dragapult|U-turn|p1a: Corviknight
|-resisted|p1a: Corviknight
|-damage|p1a: Corviknight|98/100
|-damage|p2a: Dragapult|84/100|[from] item: Rocky Helmet|[of] p1a: Corviknight
|inactive|vlumvlam7 has 120 seconds left.
|
|t:|1758992472
|switch|p2a: Moltres|Moltres|100/100|[from] U-turn
|
|upkeep
|turn|4
|
|t:|1758992485
|switch|p1a: Hatterene|Hatterene, F|100/100
|move|p2a: Moltres|Will-O-Wisp|p1a: Hatterene
|move|p1a: Hatterene|Will-O-Wisp|p2a: Moltres|[from] ability: Magic Bounce
|-immune|p2a: Moltres
|
|upkeep
|turn|5
|inactive|vlumvlam7 has 120 seconds left.
|
|t:|1758992505
|move|p2a: Moltres|U-turn|p1a: Hatterene
|-damage|p1a: Hatterene|88/100
|
|t:|1758992507
|switch|p2a: Ting-Lu|Ting-Lu|100/100|[from] U-turn
|-ability|p2a: Ting-Lu|Vessel of Ruin
|move|p1a: Hatterene|Future Sight|p2a: Ting-Lu
|-start|p1a: Hatterene|move: Future Sight
|
|-heal|p1a: Hatterene|94/100|[from] item: Leftovers
|upkeep
|turn|6
|inactive|vlumvlam7 has 120 seconds left.
|
|t:|1758992518
|switch|p2a: Moltres|Moltres|100/100
|move|p1a: Hatterene|Draining Kiss|p2a: Moltres
|-resisted|p2a: Moltres
|-damage|p2a: Moltres|88/100
|-heal|p1a: Hatterene|100/100|[from] drain|[of] p2a: Moltres
|-status|p1a: Hatterene|brn|[from] ability: Flame Body|[of] p2a: Moltres
|
|-damage|p1a: Hatterene|95/100 brn|[from] brn
|upkeep
|turn|7
|
|t:|1758992530
|switch|p2a: Ting-Lu|Ting-Lu|100/100
|-ability|p2a: Ting-Lu|Vessel of Ruin
|move|p1a: Hatterene|Draining Kiss|p2a: Ting-Lu
|-supereffective|p2a: Ting-Lu
|-damage|p2a: Ting-Lu|81/100
|-heal|p1a: Hatterene|100/100 brn|[from] drain|[of] p2a: Ting-Lu
|
|-end|p2a: Ting-Lu|move: Future Sight
|-immune|p2a: Ting-Lu
|-heal|p2a: Ting-Lu|87/100|[from] item: Leftovers
|-damage|p1a: Hatterene|95/100 brn|[from] brn
|upkeep
|turn|8
|
|t:|1758992542
|move|p2a: Ting-Lu|Ruination|p1a: Hatterene|[miss]
|-miss|p2a: Ting-Lu|p1a: Hatterene
|move|p1a: Hatterene|Nuzzle|p2a: Ting-Lu
|-immune|p2a: Ting-Lu
|
|-heal|p2a: Ting-Lu|93/100|[from] item: Leftovers
|-heal|p1a: Hatterene|100/100 brn|[from] item: Leftovers
|-damage|p1a: Hatterene|95/100 brn|[from] brn
|upkeep
|turn|9
|
|t:|1758992551
|move|p2a: Ting-Lu|Ruination|p1a: Hatterene
|-damage|p1a: Hatterene|48/100 brn
|move|p1a: Hatterene|Draining Kiss|p2a: Ting-Lu
|-supereffective|p2a: Ting-Lu
|-damage|p2a: Ting-Lu|74/100
|-heal|p1a: Hatterene|70/100 brn|[from] drain|[of] p2a: Ting-Lu
|
|-heal|p2a: Ting-Lu|81/100|[from] item: Leftovers
|-heal|p1a: Hatterene|76/100 brn|[from] item: Leftovers
|-damage|p1a: Hatterene|70/100 brn|[from] brn
|upkeep
|turn|10
|
|t:|1758992562
|move|p2a: Ting-Lu|Ruination|p1a: Hatterene
|-damage|p1a: Hatterene|35/100 brn
|move|p1a: Hatterene|Draining Kiss|p2a: Ting-Lu
|-supereffective|p2a: Ting-Lu
|-damage|p2a: Ting-Lu|63/100
|-heal|p1a: Hatterene|57/100 brn|[from] drain|[of] p2a: Ting-Lu
|
|-heal|p2a: Ting-Lu|69/100|[from] item: Leftovers
|-heal|p1a: Hatterene|63/100 brn|[from] item: Leftovers
|-damage|p1a: Hatterene|57/100 brn|[from] brn
|upkeep
|turn|11
|
|t:|1758992577
|switch|p2a: Tinkaton|Tinkaton, F|100/100
|-item|p2a: Tinkaton|Air Balloon
|move|p1a: Hatterene|Draining Kiss|p2a: Tinkaton
|-resisted|p2a: Tinkaton
|-damage|p2a: Tinkaton|90/100
|-heal|p1a: Hatterene|66/100 brn|[from] drain|[of] p2a: Tinkaton
|-enditem|p2a: Tinkaton|Air Balloon
|-enditem|p1a: Hatterene|Leftovers|[silent]|[from] ability: Pickpocket|[of] p1a: Hatterene
|-item|p2a: Tinkaton|Leftovers|[from] ability: Pickpocket|[of] p1a: Hatterene
|
|-heal|p2a: Tinkaton|96/100|[from] item: Leftovers
|-damage|p1a: Hatterene|60/100 brn|[from] brn
|upkeep
|turn|12
|
|t:|1758992592
|switch|p1a: Corviknight|Corviknight, M|98/100
|-ability|p1a: Corviknight|Pressure
|move|p2a: Tinkaton|Stealth Rock|p1a: Corviknight
|-sidestart|p1: zg4h11|move: Stealth Rock
|
|-heal|p2a: Tinkaton|100/100|[from] item: Leftovers
|upkeep
|turn|13
|
|t:|1758992601
|move|p2a: Tinkaton|Knock Off|p1a: Corviknight
|-damage|p1a: Corviknight|87/100
|-damage|p2a: Tinkaton|84/100|[from] item: Rocky Helmet|[of] p1a: Corviknight
|-enditem|p1a: Corviknight|Rocky Helmet|[from] move: Knock Off|[of] p2a: Tinkaton
|move|p1a: Corviknight|U-turn|p2a: Tinkaton
|-resisted|p2a: Tinkaton
|-damage|p2a: Tinkaton|80/100
|
|t:|1758992630
|switch|p1a: Ogerpon|Ogerpon-Wellspring, F|100/100|[from] U-turn
|-damage|p1a: Ogerpon|88/100|[from] Stealth Rock
|
|-heal|p2a: Tinkaton|86/100|[from] item: Leftovers
|upkeep
|turn|14
|
|t:|1758992650
|switch|p1a: Hatterene|Hatterene, F|60/100 brn
|-damage|p1a: Hatterene|48/100 brn|[from] Stealth Rock
|switch|p2a: Glastrier|Glastrier|100/100
|
|-damage|p1a: Hatterene|42/100 brn|[from] brn
|upkeep
|turn|15
|
|t:|1758992666
|move|p2a: Glastrier|Icicle Crash|p1a: Hatterene
|-crit|p1a: Hatterene
|-damage|p1a: Hatterene|0 fnt
|faint|p1a: Hatterene
|-ability|p2a: Glastrier|Chilling Neigh|boost
|-boost|p2a: Glastrier|atk|1
|
|upkeep
|
|t:|1758992675
|switch|p1a: Corviknight|Corviknight, M|87/100
|-damage|p1a: Corviknight|74/100|[from] Stealth Rock
|-ability|p1a: Corviknight|Pressure
|turn|16
|
|t:|1758992688
|switch|p2a: Moltres|Moltres|88/100
|move|p1a: Corviknight|Defog|p2a: Moltres
|-unboost|p2a: Moltres|evasion|1
|-sideend|p1: zg4h11|Stealth Rock|[from] move: Defog|[of] p1a: Corviknight
|
|upkeep
|turn|17
|
|t:|1758992702
|switch|p1a: Tyranitar|Tyranitar, M|100/100
|-weather|Sandstorm|[from] ability: Sand Stream|[of] p1a: Tyranitar
|move|p2a: Moltres|Will-O-Wisp|p1a: Tyranitar|[miss]
|-miss|p2a: Moltres|p1a: Tyranitar
|
|-weather|Sandstorm|[upkeep]
|-damage|p2a: Moltres|82/100|[from] Sandstorm
|upkeep
|turn|18
|
|t:|1758992724
|switch|p2a: Ting-Lu|Ting-Lu|69/100
|-ability|p2a: Ting-Lu|Vessel of Ruin
|move|p1a: Tyranitar|Knock Off|p2a: Ting-Lu
|-resisted|p2a: Ting-Lu
|-damage|p2a: Ting-Lu|54/100
|-enditem|p2a: Ting-Lu|Leftovers|[from] move: Knock Off|[of] p1a: Tyranitar
|
|-weather|Sandstorm|[upkeep]
|upkeep
|turn|19
|inactive|vlumvlam7 has 120 seconds left.
|
|t:|1758992749
|switch|p1a: Corviknight|Corviknight, M|74/100
|-ability|p1a: Corviknight|Pressure
|move|p2a: Ting-Lu|Ruination|p1a: Corviknight
|-damage|p1a: Corviknight|37/100
|
|-weather|Sandstorm|[upkeep]
|upkeep
|turn|20
|
|t:|1758992763
|move|p1a: Corviknight|Roost|p1a: Corviknight
|-heal|p1a: Corviknight|87/100
|-singleturn|p1a: Corviknight|move: Roost
|move|p2a: Ting-Lu|Spikes|p1a: Corviknight
|-sidestart|p1: zg4h11|Spikes
|
|-weather|Sandstorm|[upkeep]
|upkeep
|turn|21
|
|t:|1758992775
|switch|p2a: Moltres|Moltres|82/100
|move|p1a: Corviknight|Defog|p2a: Moltres
|-unboost|p2a: Moltres|evasion|1
|-sideend|p1: zg4h11|Spikes|[from] move: Defog|[of] p1a: Corviknight
|
|-weather|none
|upkeep
|turn|22
|
|t:|1758992782
|move|p2a: Moltres|Will-O-Wisp|p1a: Corviknight
|-status|p1a: Corviknight|brn
|move|p1a: Corviknight|U-turn|p2a: Moltres
|-resisted|p2a: Moltres
|-damage|p2a: Moltres|81/100
|
|t:|1758992788
|switch|p1a: Thundurus|Thundurus-Therian, M, tera:Flying|4/100|[from] U-turn
|
|upkeep
|turn|23
|inactive|vlumvlam7 has 120 seconds left.
|
|t:|1758992813
|switch|p2a: Tinkaton|Tinkaton, F|86/100
|move|p1a: Thundurus|Grass Knot|p2a: Tinkaton
|-resisted|p2a: Tinkaton
|-damage|p2a: Tinkaton|63/100
|
|-heal|p2a: Tinkaton|69/100|[from] item: Leftovers
|upkeep
|turn|24
|inactive|vlumvlam7 has 120 seconds left.
|
|t:|1758992832
|switch|p1a: Corviknight|Corviknight, M|87/100 brn
|-ability|p1a: Corviknight|Pressure
|move|p2a: Tinkaton|Knock Off|p1a: Corviknight
|-damage|p1a: Corviknight|81/100 brn
|
|-heal|p2a: Tinkaton|75/100|[from] item: Leftovers
|-damage|p1a: Corviknight|75/100 brn|[from] brn
|upkeep
|turn|25
|inactive|vlumvlam7 has 120 seconds left.
|
|t:|1758992845
|move|p2a: Tinkaton|Stealth Rock|p1a: Corviknight
|-sidestart|p1: zg4h11|move: Stealth Rock
|move|p1a: Corviknight|U-turn|p2a: Tinkaton
|-resisted|p2a: Tinkaton
|-damage|p2a: Tinkaton|73/100
|
|t:|1758992851
|switch|p1a: Ogerpon|Ogerpon-Wellspring, F|88/100|[from] U-turn
|-damage|p1a: Ogerpon|76/100|[from] Stealth Rock
|
|-heal|p2a: Tinkaton|80/100|[from] item: Leftovers
|upkeep
|turn|26
|inactive|vlumvlam7 has 120 seconds left.
|inactive|vlumvlam7 has 90 seconds left.
|
|t:|1758992903
|switch|p2a: Ting-Lu|Ting-Lu|54/100
|-ability|p2a: Ting-Lu|Vessel of Ruin
|move|p1a: Ogerpon|Ivy Cudgel|p2a: Ting-Lu|[anim] Ivy Cudgel Water
|-supereffective|p2a: Ting-Lu
|-damage|p2a: Ting-Lu|0 fnt
|faint|p2a: Ting-Lu
|
|upkeep
|
|t:|1758992926
|switch|p2a: Glastrier|Glastrier|100/100
|turn|27
|
|t:|1758992941
|move|p1a: Ogerpon|Ivy Cudgel|p2a: Glastrier|[anim] Ivy Cudgel Water
|-damage|p2a: Glastrier|57/100
|move|p2a: Glastrier|Icicle Crash|p1a: Ogerpon
|-damage|p1a: Ogerpon|6/100
|
|upkeep
|turn|28
|inactive|vlumvlam7 has 60 seconds left.
|
|t:|1758992963
|move|p1a: Ogerpon|Ivy Cudgel|p2a: Glastrier|[anim] Ivy Cudgel Water
|-damage|p2a: Glastrier|16/100
|move|p2a: Glastrier|Icicle Crash|p1a: Ogerpon
|-damage|p1a: Ogerpon|0 fnt
|faint|p1a: Ogerpon
|-ability|p2a: Glastrier|Chilling Neigh|boost
|-boost|p2a: Glastrier|atk|1
|
|upkeep
|
|t:|1758992971
|switch|p1a: Corviknight|Corviknight, M|75/100 brn
|-damage|p1a: Corviknight|62/100 brn|[from] Stealth Rock
|-ability|p1a: Corviknight|Pressure
|turn|29
|
|t:|1758992977
|move|p1a: Corviknight|Defog|p2a: Glastrier
|-unboost|p2a: Glastrier|evasion|1
|-sideend|p1: zg4h11|Stealth Rock|[from] move: Defog|[of] p1a: Corviknight
|move|p2a: Glastrier|Icicle Crash|p1a: Corviknight|[miss]
|-miss|p2a: Glastrier|p1a: Corviknight
|
|-damage|p1a: Corviknight|56/100 brn|[from] brn
|upkeep
|turn|30
|
|t:|1758992988
|switch|p2a: Dragapult|Dragapult, M|84/100
|move|p1a: Corviknight|Body Press|p2a: Dragapult
|-immune|p2a: Dragapult
|
|-damage|p1a: Corviknight|50/100 brn|[from] brn
|upkeep
|turn|31
|
|t:|1758993000
|move|p2a: Dragapult|Hex|p1a: Corviknight
|-damage|p1a: Corviknight|0 fnt
|faint|p1a: Corviknight
|
|upkeep
|
|t:|1758993020
|switch|p1a: Tyranitar|Tyranitar, M|100/100
|-weather|Sandstorm|[from] ability: Sand Stream|[of] p1a: Tyranitar
|turn|32
|
|t:|1758993027
|move|p2a: Dragapult|U-turn|p1a: Tyranitar
|-supereffective|p1a: Tyranitar
|-damage|p1a: Tyranitar|74/100
|
|t:|1758993039
|switch|p2a: Moltres|Moltres|81/100|[from] U-turn
|move|p1a: Tyranitar|Knock Off|p2a: Moltres
|-damage|p2a: Moltres|42/100
|-status|p1a: Tyranitar|brn|[from] ability: Flame Body|[of] p2a: Moltres
|-enditem|p2a: Moltres|Heavy-Duty Boots|[from] move: Knock Off|[of] p1a: Tyranitar
|
|-weather|Sandstorm|[upkeep]
|-damage|p2a: Moltres|36/100|[from] Sandstorm
|-damage|p1a: Tyranitar|68/100 brn|[from] brn
|upkeep
|turn|33
|inactive|vlumvlam7 has 60 seconds left.
|
|t:|1758993064
|move|p2a: Moltres|U-turn|p1a: Tyranitar
|-supereffective|p1a: Tyranitar
|-damage|p1a: Tyranitar|42/100 brn
|
|t:|1758993067
|switch|p2a: Tinkaton|Tinkaton, F|80/100|[from] U-turn
|move|p1a: Tyranitar|Knock Off|p2a: Tinkaton
|-resisted|p2a: Tinkaton
|-damage|p2a: Tinkaton|64/100
|-enditem|p2a: Tinkaton|Leftovers|[from] move: Knock Off|[of] p1a: Tyranitar
|-enditem|p1a: Tyranitar|Assault Vest|[silent]|[from] ability: Pickpocket|[of] p1a: Tyranitar
|-item|p2a: Tinkaton|Assault Vest|[from] ability: Pickpocket|[of] p1a: Tyranitar
|
|-weather|Sandstorm|[upkeep]
|-damage|p1a: Tyranitar|36/100 brn|[from] brn
|upkeep
|turn|34
|inactive|zg4h11 has 120 seconds left.
|
|t:|1758993098
|move|p2a: Tinkaton|Gigaton Hammer|p1a: Tyranitar
|-supereffective|p1a: Tyranitar
|-damage|p1a: Tyranitar|0 fnt
|faint|p1a: Tyranitar
|
|-weather|Sandstorm|[upkeep]
|upkeep
|inactive|zg4h11 has 120 seconds left.
|
|t:|1758993105
|switch|p1a: Thundurus|Thundurus-Therian, M, tera:Flying|4/100
|turn|35
|inactive|zg4h11 has 120 seconds left.
|
|t:|1758993116
|move|p1a: Thundurus|Thunderbolt|p2a: Tinkaton
|-damage|p2a: Tinkaton|23/100
|move|p2a: Tinkaton|Knock Off|p1a: Thundurus
|-damage|p1a: Thundurus|0 fnt
|-enditem|p1a: Thundurus|Choice Specs|[from] move: Knock Off|[of] p2a: Tinkaton
|faint|p1a: Thundurus
|
|-weather|Sandstorm|[upkeep]
|upkeep
|inactive|zg4h11 has 120 seconds left.
|
|t:|1758993124
|switch|p1a: Darkrai|Darkrai|100/100
|turn|36
|
|t:|1758993131
|move|p1a: Darkrai|Dark Pulse|p2a: Tinkaton
|-resisted|p2a: Tinkaton
|-damage|p2a: Tinkaton|11/100
|cant|p2a: Tinkaton|flinch
|
|-weather|none
|upkeep
|turn|37
|
|t:|1758993146
|move|p1a: Darkrai|Dark Pulse|p2a: Tinkaton
|-resisted|p2a: Tinkaton
|-damage|p2a: Tinkaton|0 fnt
|faint|p2a: Tinkaton
|
|upkeep
|
|t:|1758993147
|switch|p2a: Dragapult|Dragapult, M|84/100
|turn|38
|
|t:|1758993152
|move|p1a: Darkrai|Dark Pulse|p2a: Dragapult
|-supereffective|p2a: Dragapult
|-damage|p2a: Dragapult|0 fnt
|faint|p2a: Dragapult
|
|upkeep
|inactive|vlumvlam7 has 90 seconds left.
|
|t:|1758993178
|switch|p2a: Moltres|Moltres|36/100
|turn|39
|inactive|vlumvlam7 has 90 seconds left.
|
|t:|1758993196
|move|p1a: Darkrai|Dark Pulse|p2a: Moltres
|-damage|p2a: Moltres|0 fnt
|faint|p2a: Moltres
|
|upkeep
|
|t:|1758993199
|switch|p2a: Glastrier|Glastrier|16/100
|turn|40
|c|☆vlumvlam7|that scarf ive never seen
|inactive|vlumvlam7 has 90 seconds left.
|c|☆vlumvlam7|gg
|
|t:|1758993213
|move|p1a: Darkrai|Dark Pulse|p2a: Glastrier
|-damage|p2a: Glastrier|0 fnt
|faint|p2a: Glastrier
|
|win|zg4h11
|raw|zg4h11's rating: 1495 &rarr; <strong>1520</strong><br />(+25 for winning)
|raw|vlumvlam7's rating: 1579 &rarr; <strong>1554</strong><br />(-25 for losing)
|c|☆vlumvlam7|i had tera too :(
|l|☆vlumvlam7
|player|p2|
