|j|☆xail44
|j|‽CalmaV8
|t:|1758998278
|gametype|singles
|player|p1|xail44|2|1101
|player|p2|CalmaV8|266|1141
|gen|9
|tier|[Gen 9] OU
|rated|
|rule|HP Percentage Mod: HP is shown in percentages
|rule|Endless Battle Clause: Forcing endless battles is banned
|rule|Species Clause: Limit one of each Pokémon
|rule|OHKO Clause: OHKO moves are banned
|rule|Evasion Items Clause: Evasion items are banned
|rule|Evasion Moves Clause: Evasion moves are banned
|rule|Evasion Abilities Clause: Evasion abilities are banned
|rule|Sleep Moves Clause: Sleep-inducing moves are banned
|clearpoke
|poke|p1|Empoleon, F|
|poke|p1|Spidops, F|
|poke|p1|Alomomola, M|
|poke|p1|Banette, M|
|poke|p1|Swalot, F|
|poke|p1|Landorus-Therian, M|
|poke|p2|Whimsicott, M|
|poke|p2|Gholdengo|
|poke|p2|Gliscor, F|
|poke|p2|Incineroar, F|
|poke|p2|Dragonite, M|
|poke|p2|Clefable, M|
|teampreview
|inactive|Battle timer is ON: inactive players will automatically lose when time's up. (requested by xail44)
|
|t:|1758998294
|teamsize|p1|6
|teamsize|p2|6
|start
|switch|p1a: Landorus|Landorus-Therian, M|100/100
|switch|p2a: Incineroar|Incineroar, F|100/100
|-ability|p1a: Landorus|Intimidate|boost
|-unboost|p2a: Incineroar|atk|1
|-ability|p2a: Incineroar|Intimidate|boost
|-unboost|p1a: Landorus|atk|1
|turn|1
|
|t:|1758998313
|move|p1a: Landorus|Stealth Rock|p2a: Incineroar
|-sidestart|p2: CalmaV8|move: Stealth Rock
|move|p2a: Incineroar|Parting Shot|p1a: Landorus
|-unboost|p1a: Landorus|atk|1
|-unboost|p1a: Landorus|spa|1
|
|t:|1758998323
|switch|p2a: Dragonite|Dragonite, M|100/100|[from] Parting Shot
|-damage|p2a: Dragonite|76/100|[from] Stealth Rock
|
|upkeep
|turn|2
|
|t:|1758998331
|move|p1a: Landorus|U-turn|p2a: Dragonite
|-resisted|p2a: Dragonite
|-damage|p2a: Dragonite|71/100
|
|t:|1758998347
|switch|p1a: Spidops|Spidops, F|100/100|[from] U-turn
|move|p2a: Dragonite|Dragon Dance|p2a: Dragonite
|-boost|p2a: Dragonite|atk|1
|-boost|p2a: Dragonite|spe|1
|
|upkeep
|turn|3
|
|t:|1758998359
|move|p2a: Dragonite|Dragon Dance|p2a: Dragonite
|-boost|p2a: Dragonite|atk|1
|-boost|p2a: Dragonite|spe|1
|move|p1a: Spidops|Circle Throw|p2a: Dragonite
|-resisted|p2a: Dragonite
|-damage|p2a: Dragonite|63/100
|drag|p2a: Whimsicott|Whimsicott, M|100/100
|-damage|p2a: Whimsicott|88/100|[from] Stealth Rock
|
|upkeep
|turn|4
|
|t:|1758998369
|move|p2a: Whimsicott|Encore|p1a: Spidops
|-start|p1a: Spidops|Encore
|move|p1a: Spidops|Circle Throw|p2a: Whimsicott
|-resisted|p2a: Whimsicott
|-damage|p2a: Whimsicott|75/100
|drag|p2a: Gholdengo|Gholdengo|100/100
|-damage|p2a: Gholdengo|94/100|[from] Stealth Rock
|
|upkeep
|turn|5
|
|t:|1758998391
|switch|p1a: Alomomola|Alomomola, M|100/100
|move|p2a: Gholdengo|Make It Rain|p1a: Alomomola
|-resisted|p1a: Alomomola
|-damage|p1a: Alomomola|48/100
|-unboost|p2a: Gholdengo|spa|1
|-damage|p2a: Gholdengo|85/100|[from] item: Life Orb
|
|-heal|p1a: Alomomola|54/100|[from] item: Leftovers
|upkeep
|turn|6
|
|t:|1758998399
|switch|p2a: Clefable|Clefable, M|100/100
|move|p1a: Alomomola|Wish|p1a: Alomomola
|
|-heal|p1a: Alomomola|60/100|[from] item: Leftovers
|-status|p2a: Clefable|tox|[from] item: Toxic Orb
|upkeep
|turn|7
|
|t:|1758998409
|move|p2a: Clefable|Thunder Wave|p1a: Alomomola
|-status|p1a: Alomomola|par
|move|p1a: Alomomola|Mirror Coat||[still]
|-fail|p1a: Alomomola
|
|-heal|p1a: Alomomola|100/100 par|[from] move: Wish|[wisher] Alomomola
|upkeep
|turn|8
|
|t:|1758998415
|move|p2a: Clefable|Trick|p1a: Alomomola
|-activate|p2a: Clefable|move: Trick|[of] p1a: Alomomola
|-item|p1a: Alomomola|Toxic Orb|[from] move: Trick
|-item|p2a: Clefable|Leftovers|[from] move: Trick
|move|p1a: Alomomola|Flip Turn|p2a: Clefable
|-damage|p2a: Clefable|88/100 tox
|
|t:|1758998437
|switch|p1a: Banette|Banette, M|100/100|[from] Flip Turn
|
|-heal|p2a: Clefable|94/100 tox|[from] item: Leftovers
|upkeep
|turn|9
|
|t:|1758998450
|move|p1a: Banette|Swords Dance|p1a: Banette
|-boost|p1a: Banette|atk|2
|move|p2a: Clefable|Thunder Wave|p1a: Banette
|-status|p1a: Banette|par
|
|-heal|p2a: Clefable|99/100 tox|[from] item: Leftovers
|upkeep
|turn|10
|
|t:|1758998461
|move|p2a: Clefable|Alluring Voice|p1a: Banette
|-crit|p1a: Banette
|-damage|p1a: Banette|41/100 par
|move|p1a: Banette|Poltergeist|p2a: Clefable|[miss]
|-miss|p1a: Banette|p2a: Clefable
|
|-heal|p2a: Clefable|100/100 tox|[from] item: Leftovers
|upkeep
|turn|11
|
|t:|1758998472
|switch|p1a: Swalot|Swalot, F|100/100
|move|p2a: Clefable|Alluring Voice|p1a: Swalot
|-resisted|p1a: Swalot
|-damage|p1a: Swalot|90/100
|
|upkeep
|turn|12
|
|t:|1758998480
|switch|p2a: Gliscor|Gliscor, F|100/100
|-damage|p2a: Gliscor|88/100|[from] Stealth Rock
|move|p1a: Swalot|Stuff Cheeks|p1a: Swalot
|-boost|p1a: Swalot|def|2
|-enditem|p1a: Swalot|Starf Berry|[eat]
|-boost|p1a: Swalot|spd|2|[from] item: Starf Berry
|
|-status|p2a: Gliscor|tox|[from] item: Toxic Orb
|upkeep
|turn|13
|
|t:|1758998496
|move|p2a: Gliscor|Agility|p2a: Gliscor
|-boost|p2a: Gliscor|spe|2
|move|p1a: Swalot|Belch|p2a: Gliscor
|-resisted|p2a: Gliscor
|-damage|p2a: Gliscor|68/100 tox
|
|-heal|p2a: Gliscor|80/100 tox|[from] ability: Poison Heal
|upkeep
|turn|14
|
|t:|1758998504
|move|p2a: Gliscor|Swords Dance|p2a: Gliscor
|-boost|p2a: Gliscor|atk|2
|move|p1a: Swalot|Body Press|p2a: Gliscor
|-resisted|p2a: Gliscor
|-damage|p2a: Gliscor|69/100 tox
|
|-heal|p2a: Gliscor|81/100 tox|[from] ability: Poison Heal
|upkeep
|turn|15
|
|t:|1758998509
|move|p2a: Gliscor|Swords Dance|p2a: Gliscor
|-boost|p2a: Gliscor|atk|2
|move|p1a: Swalot|Belch|p2a: Gliscor
|-resisted|p2a: Gliscor
|-damage|p2a: Gliscor|63/100 tox
|
|-heal|p2a: Gliscor|75/100 tox|[from] ability: Poison Heal
|upkeep
|turn|16
|
|t:|1758998515
|move|p2a: Gliscor|Swords Dance|p2a: Gliscor
|-boost|p2a: Gliscor|atk|2
|move|p1a: Swalot|Belch|p2a: Gliscor
|-resisted|p2a: Gliscor
|-damage|p2a: Gliscor|57/100 tox
|
|-heal|p2a: Gliscor|69/100 tox|[from] ability: Poison Heal
|upkeep
|turn|17
|
|t:|1758998521
|switch|p1a: Alomomola|Alomomola, M|100/100 par
|move|p2a: Gliscor|Earthquake|p1a: Alomomola
|-damage|p1a: Alomomola|8/100 par
|
|-heal|p2a: Gliscor|82/100 tox|[from] ability: Poison Heal
|upkeep
|turn|18
|
|t:|1758998530
|move|p2a: Gliscor|Facade|p1a: Alomomola
|-damage|p1a: Alomomola|0 fnt
|faint|p1a: Alomomola
|
|-heal|p2a: Gliscor|94/100 tox|[from] ability: Poison Heal
|upkeep
|
|t:|1758998533
|switch|p1a: Spidops|Spidops, F|100/100
|turn|19
|
|t:|1758998544
|move|p2a: Gliscor|Facade|p1a: Spidops
|-enditem|p1a: Spidops|Focus Sash
|-damage|p1a: Spidops|1/100
|move|p1a: Spidops|Circle Throw|p2a: Gliscor
|-resisted|p2a: Gliscor
|-damage|p2a: Gliscor|88/100 tox
|drag|p2a: Gholdengo|Gholdengo|85/100
|-damage|p2a: Gholdengo|79/100|[from] Stealth Rock
|
|upkeep
|turn|20
|
|t:|1758998555
|move|p2a: Gholdengo|Shadow Ball|p1a: Spidops
|-damage|p1a: Spidops|0 fnt
|faint|p1a: Spidops
|-damage|p2a: Gholdengo|69/100|[from] item: Life Orb
|
|upkeep
|
|t:|1758998582
|switch|p1a: Banette|Banette, M|41/100 par
|turn|21
|
|t:|1758998601
|move|p1a: Banette|Sucker Punch|p2a: Gholdengo
|-supereffective|p2a: Gholdengo
|-damage|p2a: Gholdengo|16/100
|move|p2a: Gholdengo|Shadow Ball|p1a: Banette
|-supereffective|p1a: Banette
|-damage|p1a: Banette|0 fnt
|faint|p1a: Banette
|-damage|p2a: Gholdengo|6/100|[from] item: Life Orb
|
|upkeep
|
|t:|1758998607
|switch|p1a: Empoleon|Empoleon, F|100/100
|turn|22
|
|t:|1758998622
|switch|p2a: Clefable|Clefable, M|100/100 tox
|move|p1a: Empoleon|Agility|p1a: Empoleon
|-boost|p1a: Empoleon|spe|2
|
|upkeep
|turn|23
|
|t:|1758998630
|move|p1a: Empoleon|Agility|p1a: Empoleon
|-boost|p1a: Empoleon|spe|2
|move|p2a: Clefable|Thunder Wave|p1a: Empoleon
|-status|p1a: Empoleon|par
|
|upkeep
|turn|24
|
|t:|1758998642
|cant|p1a: Empoleon|par
|move|p2a: Clefable|Alluring Voice|p1a: Empoleon
|-resisted|p1a: Empoleon
|-damage|p1a: Empoleon|87/100 par
|
|upkeep
|turn|25
|
|t:|1758998656
|switch|p2a: Incineroar|Incineroar, F|100/100
|-damage|p2a: Incineroar|76/100|[from] Stealth Rock
|-ability|p2a: Incineroar|Intimidate|boost
|-unboost|p1a: Empoleon|atk|1
|-ability|p1a: Empoleon|Competitive|boost
|-boost|p1a: Empoleon|spa|2
|move|p1a: Empoleon|Metal Sound|p2a: Incineroar
|-unboost|p2a: Incineroar|spd|2
|-enditem|p1a: Empoleon|Throat Spray
|-boost|p1a: Empoleon|spa|1|[from] item: Throat Spray
|
|upkeep
|turn|26
|
|t:|1758998668
|-terastallize|p1a: Empoleon|Ghost
|cant|p1a: Empoleon|par
|move|p2a: Incineroar|Knock Off|p1a: Empoleon
|-supereffective|p1a: Empoleon
|-damage|p1a: Empoleon|0 fnt
|faint|p1a: Empoleon
|
|upkeep
|
|t:|1758998676
|switch|p1a: Landorus|Landorus-Therian, M|100/100
|-ability|p1a: Landorus|Intimidate|boost
|-unboost|p2a: Incineroar|atk|1
|turn|27
|
|t:|1758998681
|switch|p2a: Gliscor|Gliscor, F|88/100 tox
|-damage|p2a: Gliscor|76/100 tox|[from] Stealth Rock
|move|p1a: Landorus|Earth Power|p2a: Gliscor
|-immune|p2a: Gliscor
|
|-heal|p2a: Gliscor|88/100 tox|[from] ability: Poison Heal
|upkeep
|turn|28
|-message|xail44 forfeited.
|
|win|CalmaV8
|raw|xail44's rating: 1101 &rarr; <strong>1080</strong><br />(-21 for losing)
|raw|CalmaV8's rating: 1163 &rarr; <strong>1184</strong><br />(+21 for winning)
|l|☆xail44
|player|p1|
|l|‽CalmaV8
|player|p2|
