|j|☆YuriTime
|j|☆ay cheu
|t:|1759033267
|gametype|singles
|player|p1|YuriTime|dawn-gen4pt|1396
|player|p2|ay cheu|riley|1407
|gen|9
|tier|[Gen 9] OU
|rated|
|rule|HP Percentage Mod: HP is shown in percentages
|rule|Endless Battle Clause: Forcing endless battles is banned
|rule|Species Clause: Limit one of each Pokémon
|rule|OHKO Clause: OHKO moves are banned
|rule|Evasion Items Clause: Evasion items are banned
|rule|Evasion Moves Clause: Evasion moves are banned
|rule|Evasion Abilities Clause: Evasion abilities are banned
|rule|Sleep Moves Clause: Sleep-inducing moves are banned
|clearpoke
|poke|p1|Great Tusk|
|poke|p1|Kingambit, F|
|poke|p1|Raging Bolt|
|poke|p1|Walking Wake|
|poke|p1|Ninetales, M|
|poke|p1|Ceruledge, F|
|poke|p2|Hydreigon, M|
|poke|p2|Mimikyu, M|
|poke|p2|Excadrill, M|
|poke|p2|Greninja-*, M|
|poke|p2|Vileplume, F|
|poke|p2|Iron Hands|
|teampreview
|inactive|Battle timer is ON: inactive players will automatically lose when time's up. (requested by YuriTime)
|
|t:|1759033274
|teamsize|p1|6
|teamsize|p2|6
|start
|switch|p1a: Ninetales|Ninetales, M|100/100
|switch|p2a: Hydreigon|Hydreigon, M|100/100
|-weather|SunnyDay|[from] ability: Drought|[of] p1a: Ninetales
|turn|1
|
|t:|1759033284
|switch|p1a: Kingambit|Kingambit, F|100/100
|-item|p1a: Kingambit|Air Balloon
|move|p2a: Hydreigon|Fire Blast|p1a: Kingambit
|-supereffective|p1a: Kingambit
|-damage|p1a: Kingambit|0 fnt
|-enditem|p1a: Kingambit|Air Balloon
|faint|p1a: Kingambit
|-end|p1a: Kingambit|fallenundefined|[silent]
|
|-weather|SunnyDay|[upkeep]
|upkeep
|
|t:|1759033292
|switch|p1a: Walking Wake|Walking Wake|100/100
|-activate|p1a: Walking Wake|ability: Protosynthesis
|-start|p1a: Walking Wake|protosynthesisspe
|turn|2
|
|t:|1759033301
|switch|p2a: Vileplume|Vileplume, F|100/100
|move|p1a: Walking Wake|Weather Ball|p2a: Vileplume
|-supereffective|p2a: Vileplume
|-damage|p2a: Vileplume|0 fnt
|faint|p2a: Vileplume
|
|-weather|SunnyDay|[upkeep]
|upkeep
|
|t:|1759033307
|switch|p2a: Hydreigon|Hydreigon, M|100/100
|turn|3
|
|t:|1759033310
|move|p1a: Walking Wake|Draco Meteor|p2a: Hydreigon
|-supereffective|p2a: Hydreigon
|-damage|p2a: Hydreigon|0 fnt
|-unboost|p1a: Walking Wake|spa|2
|faint|p2a: Hydreigon
|
|-weather|SunnyDay|[upkeep]
|upkeep
|
|t:|1759033318
|switch|p2a: Greninja|Greninja, M|100/100
|turn|4
|
|t:|1759033328
|-end|p1a: Walking Wake|Protosynthesis|[silent]
|switch|p1a: Raging Bolt|Raging Bolt|100/100
|-activate|p1a: Raging Bolt|ability: Protosynthesis
|-start|p1a: Raging Bolt|protosynthesisspa
|move|p2a: Greninja|Toxic Spikes|p1a: Raging Bolt
|-start|p2a: Greninja|typechange|Poison|[from] ability: Protean
|-sidestart|p1: YuriTime|move: Toxic Spikes
|
|-weather|SunnyDay|[upkeep]
|upkeep
|turn|5
|
|t:|1759033337
|switch|p2a: Mimikyu|Mimikyu, M|100/100
|move|p1a: Raging Bolt|Dragon Pulse|p2a: Mimikyu
|-immune|p2a: Mimikyu
|
|-weather|SunnyDay|[upkeep]
|upkeep
|turn|6
|
|t:|1759033342
|move|p2a: Mimikyu|Curse|p1a: Raging Bolt
|-start|p1a: Raging Bolt|Curse|[of] p2a: Mimikyu
|-damage|p2a: Mimikyu|51/100
|move|p1a: Raging Bolt|Weather Ball|p2a: Mimikyu
|-activate|p2a: Mimikyu|ability: Disguise
|-damage|p2a: Mimikyu|51/100
|detailschange|p2a: Mimikyu|Mimikyu-Busted, M
|-damage|p2a: Mimikyu|38/100|[from] pokemon: Mimikyu-Busted
|-damage|p1a: Raging Bolt|91/100|[from] item: Life Orb
|
|-weather|SunnyDay|[upkeep]
|-damage|p1a: Raging Bolt|66/100|[from] Curse
|upkeep
|turn|7
|
|t:|1759033352
|move|p2a: Mimikyu|Substitute|p2a: Mimikyu
|-start|p2a: Mimikyu|Substitute
|-damage|p2a: Mimikyu|13/100
|-enditem|p2a: Mimikyu|Salac Berry|[eat]
|-boost|p2a: Mimikyu|spe|1|[from] item: Salac Berry
|move|p1a: Raging Bolt|Weather Ball|p2a: Mimikyu
|-end|p2a: Mimikyu|Substitute
|-damage|p1a: Raging Bolt|56/100|[from] item: Life Orb
|
|-weather|SunnyDay|[upkeep]
|-damage|p1a: Raging Bolt|31/100|[from] Curse
|upkeep
|turn|8
|
|t:|1759033358
|move|p2a: Mimikyu|Shadow Claw|p1a: Raging Bolt
|-damage|p1a: Raging Bolt|11/100
|move|p1a: Raging Bolt|Weather Ball|p2a: Mimikyu
|-damage|p2a: Mimikyu|0 fnt
|faint|p2a: Mimikyu
|-damage|p1a: Raging Bolt|2/100|[from] item: Life Orb
|
|-weather|none
|-end|p1a: Raging Bolt|Protosynthesis
|-damage|p1a: Raging Bolt|0 fnt|[from] Curse
|faint|p1a: Raging Bolt
|-end|p1a: Raging Bolt|Protosynthesis|[silent]
|upkeep
|
|t:|1759033364
|switch|p2a: Greninja|Greninja, M|100/100
|switch|p1a: Ninetales|Ninetales, M|100/100
|-status|p1a: Ninetales|psn
|-weather|SunnyDay|[from] ability: Drought|[of] p1a: Ninetales
|turn|9
|
|t:|1759033380
|move|p2a: Greninja|Sludge Wave|p1a: Ninetales
|-start|p2a: Greninja|typechange|Poison|[from] ability: Protean
|-damage|p1a: Ninetales|51/100 psn
|move|p1a: Ninetales|Encore|p2a: Greninja
|-start|p2a: Greninja|Encore
|
|-weather|SunnyDay|[upkeep]
|-damage|p1a: Ninetales|39/100 psn|[from] psn
|upkeep
|turn|10
|
|t:|1759033388
|switch|p1a: Great Tusk|Great Tusk|100/100
|-status|p1a: Great Tusk|psn
|-activate|p1a: Great Tusk|ability: Protosynthesis
|-start|p1a: Great Tusk|protosynthesisatk
|move|p2a: Greninja|Sludge Wave|p1a: Great Tusk
|-resisted|p1a: Great Tusk
|-damage|p1a: Great Tusk|81/100 psn
|
|-weather|SunnyDay|[upkeep]
|-damage|p1a: Great Tusk|69/100 psn|[from] psn
|upkeep
|turn|11
|
|t:|1759033399
|switch|p2a: Iron Hands|Iron Hands|100/100
|move|p1a: Great Tusk|Rapid Spin|p2a: Iron Hands
|-damage|p2a: Iron Hands|85/100
|-boost|p1a: Great Tusk|spe|1
|-sideend|p1: YuriTime|Toxic Spikes|[from] move: Rapid Spin|[of] p1a: Great Tusk
|
|-weather|SunnyDay|[upkeep]
|-damage|p1a: Great Tusk|57/100 psn|[from] psn
|upkeep
|turn|12
|
|t:|1759033402
|-terastallize|p2a: Iron Hands|Fighting
|move|p1a: Great Tusk|Headlong Rush|p2a: Iron Hands
|-damage|p2a: Iron Hands|27/100
|-unboost|p1a: Great Tusk|def|1
|-unboost|p1a: Great Tusk|spd|1
|move|p2a: Iron Hands|Drain Punch|p1a: Great Tusk
|-damage|p1a: Great Tusk|0 fnt
|-heal|p2a: Iron Hands|49/100|[from] drain|[of] p1a: Great Tusk
|faint|p1a: Great Tusk
|-end|p1a: Great Tusk|Protosynthesis|[silent]
|
|-weather|SunnyDay|[upkeep]
|upkeep
|
|t:|1759033407
|switch|p1a: Ceruledge|Ceruledge, F|100/100
|turn|13
|
|t:|1759033415
|-end|p2a: Iron Hands|Quark Drive|[silent]
|switch|p2a: Greninja|Greninja, M|100/100
|move|p1a: Ceruledge|Swords Dance|p1a: Ceruledge
|-boost|p1a: Ceruledge|atk|2
|
|-weather|SunnyDay|[upkeep]
|upkeep
|turn|14
|
|t:|1759033420
|move|p2a: Greninja|Hydro Pump|p1a: Ceruledge
|-start|p2a: Greninja|typechange|Water|[from] ability: Protean
|-supereffective|p1a: Ceruledge
|-damage|p1a: Ceruledge|54/100
|move|p1a: Ceruledge|Bitter Blade|p2a: Greninja
|-resisted|p2a: Greninja
|-crit|p2a: Greninja
|-damage|p2a: Greninja|0 fnt
|-heal|p1a: Ceruledge|95/100|[from] drain|[of] p2a: Greninja
|faint|p2a: Greninja
|
|-weather|SunnyDay|[upkeep]
|upkeep
|-message|ay cheu forfeited.
|
|win|YuriTime
|raw|YuriTime's rating: 1396 &rarr; <strong>1417</strong><br />(+21 for winning)
|raw|ay cheu's rating: 1407 &rarr; <strong>1386</strong><br />(-21 for losing)
|l|☆ay cheu
|player|p2|
|l|☆YuriTime
|player|p1|
