|j|☆Couchpilotjack
|j|☆fjfdidodj
|t:|1759000292
|gametype|singles
|player|p1|Couchpilotjack|169|1098
|player|p2|fjfdidodj|2|1076
|gen|9
|tier|[Gen 9] OU
|rated|
|rule|HP Percentage Mod: HP is shown in percentages
|rule|Endless Battle Clause: Forcing endless battles is banned
|rule|Species Clause: Limit one of each Pokémon
|rule|OHKO Clause: OHKO moves are banned
|rule|Evasion Items Clause: Evasion items are banned
|rule|Evasion Moves Clause: Evasion moves are banned
|rule|Evasion Abilities Clause: Evasion abilities are banned
|rule|Sleep Moves Clause: Sleep-inducing moves are banned
|clearpoke
|poke|p1|Clodsire, F|
|poke|p1|Glimmora, F|
|poke|p1|Muk, M|
|poke|p1|Swalot, M|
|poke|p1|Weezing, F|
|poke|p1|Venomoth, F|
|poke|p2|Iron Valiant|
|poke|p2|Gholdengo|
|poke|p2|Landorus-Therian, M|
|poke|p2|Zamazenta-*|
|poke|p2|Ting-Lu|
|poke|p2|Weezing-Galar, F|
|teampreview
|inactive|Battle timer is ON: inactive players will automatically lose when time's up. (requested by fjfdidodj)
|
|t:|1759000326
|teamsize|p1|6
|teamsize|p2|6
|start
|switch|p1a: Weezing|Weezing, F|100/100
|switch|p2a: Landorus|Landorus-Therian, M|100/100
|-ability|p2a: Landorus|Intimidate|boost
|-unboost|p1a: Weezing|atk|1
|turn|1
|
|t:|1759000332
|move|p2a: Landorus|Taunt|p1a: Weezing
|-start|p1a: Weezing|move: Taunt
|cant|p1a: Weezing|move: Taunt|Toxic
|
|upkeep
|turn|2
|
|t:|1759000338
|switch|p1a: Glimmora|Glimmora, F|100/100
|move|p2a: Landorus|Stealth Rock|p1a: Glimmora
|-sidestart|p1: Couchpilotjack|move: Stealth Rock
|
|upkeep
|turn|3
|
|t:|1759000347
|move|p2a: Landorus|Earth Power|p1a: Glimmora
|-supereffective|p1a: Glimmora
|-damage|p1a: Glimmora|0 fnt
|faint|p1a: Glimmora
|
|upkeep
|inactive|Couchpilotjack has 120 seconds left.
|
|t:|1759000378
|switch|p1a: Venomoth|Venomoth, F|100/100
|-damage|p1a: Venomoth|76/100|[from] Stealth Rock
|turn|4
|
|t:|1759000382
|move|p2a: Landorus|Taunt|p1a: Venomoth
|-start|p1a: Venomoth|move: Taunt
|move|p1a: Venomoth|Giga Drain|p2a: Landorus
|-damage|p2a: Landorus|70/100
|-heal|p1a: Venomoth|97/100|[from] drain|[of] p2a: Landorus
|-damage|p1a: Venomoth|87/100|[from] item: Life Orb
|
|upkeep
|turn|5
|inactive|Couchpilotjack has 120 seconds left.
|
|t:|1759000405
|switch|p2a: Gholdengo|Gholdengo|100/100
|-item|p2a: Gholdengo|Air Balloon
|move|p1a: Venomoth|Giga Drain|p2a: Gholdengo
|-resisted|p2a: Gholdengo
|-damage|p2a: Gholdengo|83/100
|-heal|p1a: Venomoth|97/100|[from] drain|[of] p2a: Gholdengo
|-enditem|p2a: Gholdengo|Air Balloon
|-damage|p1a: Venomoth|87/100|[from] item: Life Orb
|
|upkeep
|turn|6
|inactive|Couchpilotjack has 120 seconds left.
|
|t:|1759000425
|switch|p1a: Muk|Muk, M|100/100
|-damage|p1a: Muk|88/100|[from] Stealth Rock
|move|p2a: Gholdengo|Nasty Plot|p2a: Gholdengo
|-boost|p2a: Gholdengo|spa|2
|
|-heal|p1a: Muk|94/100|[from] item: Leftovers
|upkeep
|turn|7
|
|t:|1759000432
|-terastallize|p1a: Muk|Fire
|move|p2a: Gholdengo|Shadow Ball|p1a: Muk
|-damage|p1a: Muk|19/100
|move|p1a: Muk|Haze|p1a: Muk
|-clearallboost
|
|-heal|p1a: Muk|25/100|[from] item: Leftovers
|upkeep
|turn|8
|inactive|Couchpilotjack has 120 seconds left.
|
|t:|1759000452
|switch|p1a: Swalot|Swalot, M|100/100
|-damage|p1a: Swalot|88/100|[from] Stealth Rock
|move|p2a: Gholdengo|Shadow Ball|p1a: Swalot
|-damage|p1a: Swalot|61/100
|
|upkeep
|turn|9
|
|t:|1759000455
|move|p2a: Gholdengo|Nasty Plot|p2a: Gholdengo
|-boost|p2a: Gholdengo|spa|2
|move|p1a: Swalot|Acid Armor|p1a: Swalot
|-boost|p1a: Swalot|def|2
|
|upkeep
|turn|10
|inactive|Couchpilotjack has 120 seconds left.
|
|t:|1759000480
|move|p2a: Gholdengo|Shadow Ball|p1a: Swalot
|-damage|p1a: Swalot|0 fnt
|faint|p1a: Swalot
|
|upkeep
|
|t:|1759000483
|switch|p1a: Clodsire|Clodsire, F|100/100
|-damage|p1a: Clodsire|94/100|[from] Stealth Rock
|turn|11
|
|t:|1759000494
|move|p2a: Gholdengo|Shadow Ball|p1a: Clodsire
|-damage|p1a: Clodsire|73/100
|move|p1a: Clodsire|Earthquake|p2a: Gholdengo
|-supereffective|p2a: Gholdengo
|-damage|p2a: Gholdengo|16/100
|
|upkeep
|turn|12
|
|t:|1759000498
|switch|p2a: Landorus|Landorus-Therian, M|70/100
|-ability|p2a: Landorus|Intimidate|boost
|-unboost|p1a: Clodsire|atk|1
|move|p1a: Clodsire|Earthquake|p2a: Landorus
|-immune|p2a: Landorus
|
|upkeep
|turn|13
|
|t:|1759000503
|move|p2a: Landorus|Taunt|p1a: Clodsire
|-start|p1a: Clodsire|move: Taunt
|move|p1a: Clodsire|Chilling Water|p2a: Landorus
|-supereffective|p2a: Landorus
|-damage|p2a: Landorus|56/100
|-unboost|p2a: Landorus|atk|1
|
|upkeep
|turn|14
|
|t:|1759000513
|move|p2a: Landorus|Earth Power|p1a: Clodsire
|-supereffective|p1a: Clodsire
|-damage|p1a: Clodsire|40/100
|move|p1a: Clodsire|Gunk Shot|p2a: Landorus
|-resisted|p2a: Landorus
|-damage|p2a: Landorus|45/100
|
|upkeep
|turn|15
|
|t:|1759000522
|move|p2a: Landorus|U-turn|p1a: Clodsire
|-resisted|p1a: Clodsire
|-damage|p1a: Clodsire|29/100
|-damage|p2a: Landorus|28/100|[from] item: Rocky Helmet|[of] p1a: Clodsire
|
|t:|1759000528
|switch|p2a: Iron Valiant|Iron Valiant|100/100|[from] U-turn
|-enditem|p2a: Iron Valiant|Booster Energy
|-activate|p2a: Iron Valiant|ability: Quark Drive|[fromitem]
|-start|p2a: Iron Valiant|quarkdrivespe
|move|p1a: Clodsire|Gunk Shot|p2a: Iron Valiant
|-supereffective|p2a: Iron Valiant
|-damage|p2a: Iron Valiant|44/100
|-status|p2a: Iron Valiant|psn
|
|-damage|p2a: Iron Valiant|31/100 psn|[from] psn
|-end|p1a: Clodsire|move: Taunt
|upkeep
|turn|16
|
|t:|1759000545
|switch|p1a: Venomoth|Venomoth, F|87/100
|-damage|p1a: Venomoth|62/100|[from] Stealth Rock
|move|p2a: Iron Valiant|Ice Punch|p1a: Venomoth
|-damage|p1a: Venomoth|10/100
|
|-damage|p2a: Iron Valiant|19/100 psn|[from] psn
|upkeep
|turn|17
|
|t:|1759000561
|move|p2a: Iron Valiant|Knock Off|p1a: Venomoth
|-damage|p1a: Venomoth|0 fnt
|-enditem|p1a: Venomoth|Life Orb|[from] move: Knock Off|[of] p2a: Iron Valiant
|faint|p1a: Venomoth
|
|-damage|p2a: Iron Valiant|6/100 psn|[from] psn
|upkeep
|
|t:|1759000567
|switch|p1a: Weezing|Weezing, F|100/100
|-damage|p1a: Weezing|88/100|[from] Stealth Rock
|turn|18
|
|t:|1759000572
|move|p2a: Iron Valiant|Knock Off|p1a: Weezing
|-damage|p1a: Weezing|67/100
|-enditem|p1a: Weezing|Leftovers|[from] move: Knock Off|[of] p2a: Iron Valiant
|move|p1a: Weezing|Stockpile|p1a: Weezing
|-start|p1a: Weezing|stockpile1
|-boost|p1a: Weezing|def|1
|-boost|p1a: Weezing|spd|1
|
|-damage|p2a: Iron Valiant|0 fnt|[from] psn
|faint|p2a: Iron Valiant
|-end|p2a: Iron Valiant|Quark Drive|[silent]
|upkeep
|
|t:|1759000580
|switch|p2a: Gholdengo|Gholdengo|16/100
|turn|19
|
|t:|1759000583
|move|p2a: Gholdengo|Recover|p2a: Gholdengo
|-heal|p2a: Gholdengo|66/100
|move|p1a: Weezing|Fire Blast|p2a: Gholdengo
|-supereffective|p2a: Gholdengo
|-damage|p2a: Gholdengo|11/100
|
|upkeep
|turn|20
|
|t:|1759000599
|move|p2a: Gholdengo|Shadow Ball|p1a: Weezing
|-damage|p1a: Weezing|28/100
|move|p1a: Weezing|Fire Blast|p2a: Gholdengo
|-supereffective|p2a: Gholdengo
|-damage|p2a: Gholdengo|0 fnt
|faint|p2a: Gholdengo
|
|upkeep
|
|t:|1759000613
|switch|p2a: Weezing|Weezing-Galar, F|100/100
|-ability|p2a: Weezing|Neutralizing Gas
|turn|21
|
|t:|1759000625
|move|p1a: Weezing|Spit Up|p2a: Weezing
|-damage|p2a: Weezing|75/100
|-unboost|p1a: Weezing|def|1
|-unboost|p1a: Weezing|spd|1
|-end|p1a: Weezing|Stockpile
|move|p2a: Weezing|Will-O-Wisp|p1a: Weezing|[miss]
|-miss|p2a: Weezing|p1a: Weezing
|
|upkeep
|turn|22
|
|t:|1759000635
|switch|p1a: Muk|Muk, M, tera:Fire|25/100
|-damage|p1a: Muk|0 fnt|[from] Stealth Rock
|faint|p1a: Muk
|move|p2a: Weezing|Will-O-Wisp|p1: Muk|[notarget]
|-fail|p2a: Weezing
|
|upkeep
|
|t:|1759000638
|switch|p1a: Clodsire|Clodsire, F|29/100
|-damage|p1a: Clodsire|23/100|[from] Stealth Rock
|turn|23
|
|t:|1759000640
|move|p2a: Weezing|Will-O-Wisp|p1a: Clodsire
|-status|p1a: Clodsire|brn
|move|p1a: Clodsire|Chilling Water|p2a: Weezing
|-damage|p2a: Weezing|67/100
|-unboost|p2a: Weezing|atk|1
|
|-damage|p1a: Clodsire|17/100 brn|[from] brn
|upkeep
|turn|24
|
|t:|1759000646
|move|p2a: Weezing|Sludge Bomb|p1a: Clodsire
|-resisted|p1a: Clodsire
|-damage|p1a: Clodsire|14/100 brn
|move|p1a: Clodsire|Recover|p1a: Clodsire
|-heal|p1a: Clodsire|64/100 brn
|
|-damage|p1a: Clodsire|58/100 brn|[from] brn
|upkeep
|turn|25
|
|t:|1759000651
|-end|p2a: Weezing|ability: Neutralizing Gas
|switch|p2a: Landorus|Landorus-Therian, M|28/100
|-ability|p2a: Landorus|Intimidate|boost
|-unboost|p1a: Clodsire|atk|1
|move|p1a: Clodsire|Recover|p1a: Clodsire
|-heal|p1a: Clodsire|100/100 brn
|
|-damage|p1a: Clodsire|94/100 brn|[from] brn
|upkeep
|turn|26
|
|t:|1759000664
|move|p2a: Landorus|U-turn|p1a: Clodsire
|-resisted|p1a: Clodsire
|-damage|p1a: Clodsire|84/100 brn
|-damage|p2a: Landorus|12/100|[from] item: Rocky Helmet|[of] p1a: Clodsire
|
|t:|1759000668
|switch|p2a: Zamazenta|Zamazenta|100/100|[from] U-turn
|-ability|p2a: Zamazenta|Dauntless Shield|boost
|-boost|p2a: Zamazenta|def|1
|move|p1a: Clodsire|Chilling Water|p2a: Zamazenta
|-damage|p2a: Zamazenta|96/100
|-unboost|p2a: Zamazenta|atk|1
|
|-heal|p2a: Zamazenta|100/100|[from] item: Leftovers
|-damage|p1a: Clodsire|78/100 brn|[from] brn
|upkeep
|turn|27
|
|t:|1759000680
|move|p2a: Zamazenta|Substitute|p2a: Zamazenta
|-start|p2a: Zamazenta|Substitute
|-damage|p2a: Zamazenta|75/100
|move|p1a: Clodsire|Gunk Shot|p2a: Zamazenta|[miss]
|-miss|p1a: Clodsire|p2a: Zamazenta
|
|-heal|p2a: Zamazenta|82/100|[from] item: Leftovers
|-damage|p1a: Clodsire|72/100 brn|[from] brn
|upkeep
|turn|28
|
|t:|1759000686
|move|p2a: Zamazenta|Iron Defense|p2a: Zamazenta
|-boost|p2a: Zamazenta|def|2
|move|p1a: Clodsire|Gunk Shot|p2a: Zamazenta
|-activate|p2a: Zamazenta|move: Substitute|[damage]
|
|-heal|p2a: Zamazenta|88/100|[from] item: Leftovers
|-damage|p1a: Clodsire|66/100 brn|[from] brn
|upkeep
|turn|29
|
|t:|1759000692
|move|p2a: Zamazenta|Iron Defense|p2a: Zamazenta
|-boost|p2a: Zamazenta|def|2
|move|p1a: Clodsire|Earthquake|p2a: Zamazenta
|-activate|p2a: Zamazenta|move: Substitute|[damage]
|
|-heal|p2a: Zamazenta|94/100|[from] item: Leftovers
|-damage|p1a: Clodsire|59/100 brn|[from] brn
|upkeep
|turn|30
|
|t:|1759000699
|move|p2a: Zamazenta|Body Press|p1a: Clodsire
|-resisted|p1a: Clodsire
|-damage|p1a: Clodsire|40/100 brn
|-damage|p2a: Zamazenta|78/100|[from] item: Rocky Helmet|[of] p1a: Clodsire
|move|p1a: Clodsire|Earthquake|p2a: Zamazenta
|-activate|p2a: Zamazenta|move: Substitute|[damage]
|
|-heal|p2a: Zamazenta|84/100|[from] item: Leftovers
|-damage|p1a: Clodsire|34/100 brn|[from] brn
|upkeep
|turn|31
|
|t:|1759000703
|move|p2a: Zamazenta|Body Press|p1a: Clodsire
|-resisted|p1a: Clodsire
|-damage|p1a: Clodsire|17/100 brn
|-damage|p2a: Zamazenta|67/100|[from] item: Rocky Helmet|[of] p1a: Clodsire
|move|p1a: Clodsire|Earthquake|p2a: Zamazenta
|-end|p2a: Zamazenta|Substitute
|
|-heal|p2a: Zamazenta|73/100|[from] item: Leftovers
|-damage|p1a: Clodsire|11/100 brn|[from] brn
|upkeep
|turn|32
|
|t:|1759000711
|move|p2a: Zamazenta|Body Press|p1a: Clodsire
|-resisted|p1a: Clodsire
|-damage|p1a: Clodsire|0 fnt
|-damage|p2a: Zamazenta|57/100|[from] item: Rocky Helmet|[of] p1a: Clodsire
|faint|p1a: Clodsire
|
|-heal|p2a: Zamazenta|63/100|[from] item: Leftovers
|upkeep
|
|t:|1759000713
|switch|p1a: Weezing|Weezing, F|28/100
|-damage|p1a: Weezing|15/100|[from] Stealth Rock
|turn|33
|
|t:|1759000715
|move|p2a: Zamazenta|Body Press|p1a: Weezing
|-resisted|p1a: Weezing
|-damage|p1a: Weezing|0 fnt
|faint|p1a: Weezing
|
|win|fjfdidodj
|raw|Couchpilotjack's rating: 1098 &rarr; <strong>1072</strong><br />(-26 for losing)
|raw|fjfdidodj's rating: 1076 &rarr; <strong>1106</strong><br />(+30 for winning)
|l|☆fjfdidodj
|player|p2|
|l|☆Couchpilotjack
|player|p1|
