|j|☆Slendy3214
|j|☆Thunder0114
|t:|1758919489
|gametype|singles
|player|p1|Slendy3214|pokemaniac|1244
|player|p2|Thunder0114|102|1245
|gen|9
|tier|[Gen 9] OU
|rated|
|rule|HP Percentage Mod: HP is shown in percentages
|rule|Endless Battle Clause: Forcing endless battles is banned
|rule|Species Clause: Limit one of each Pokémon
|rule|OHKO Clause: OHKO moves are banned
|rule|Evasion Items Clause: Evasion items are banned
|rule|Evasion Moves Clause: Evasion moves are banned
|rule|Evasion Abilities Clause: Evasion abilities are banned
|rule|Sleep Moves Clause: Sleep-inducing moves are banned
|clearpoke
|poke|p1|Skeledirge, M|
|poke|p1|Ursaluna, M|
|poke|p1|Braviary, M|
|poke|p1|Zamazenta-*|
|poke|p1|Samurott-Hisui, F|
|poke|p1|Goodra-Hisui, M|
|poke|p2|Cinderace, F|
|poke|p2|Serperior, M|
|poke|p2|Araquanid, M|
|poke|p2|Milotic, M|
|poke|p2|Kingambit, F|
|poke|p2|Enamorus, F|
|teampreview
|inactive|Battle timer is ON: inactive players will automatically lose when time's up. (requested by Thunder0114)
|
|t:|1758919510
|teamsize|p1|6
|teamsize|p2|6
|start
|switch|p1a: Braviary|Braviary, M|100/100
|switch|p2a: Araquanid|Araquanid, M|100/100
|turn|1
|
|t:|1758919522
|move|p1a: Braviary|Agility|p1a: Braviary
|-boost|p1a: Braviary|spe|2
|move|p2a: Araquanid|Sticky Web|p1a: Braviary
|-sidestart|p1: Slendy3214|move: Sticky Web
|
|upkeep
|turn|2
|
|t:|1758919528
|switch|p2a: Cinderace|Cinderace, F, shiny|100/100
|move|p1a: Braviary|Body Slam|p2a: Cinderace
|-damage|p2a: Cinderace|4/100
|
|upkeep
|turn|3
|
|t:|1758919534
|move|p1a: Braviary|Body Slam|p2a: Cinderace
|-damage|p2a: Cinderace|0 fnt
|faint|p2a: Cinderace
|
|upkeep
|
|t:|1758919539
|switch|p2a: Milotic|Milotic, M, shiny|100/100
|turn|4
|
|t:|1758919543
|move|p1a: Braviary|Body Slam|p2a: Milotic
|-damage|p2a: Milotic|46/100
|move|p2a: Milotic|Ice Beam|p1a: Braviary
|-supereffective|p1a: Braviary
|-damage|p1a: Braviary|63/100
|
|-heal|p2a: Milotic|52/100|[from] item: Leftovers
|upkeep
|turn|5
|
|t:|1758919548
|move|p1a: Braviary|Body Slam|p2a: Milotic
|-damage|p2a: Milotic|0 fnt
|faint|p2a: Milotic
|
|upkeep
|
|t:|1758919552
|switch|p2a: Kingambit|Kingambit, F, shiny|100/100
|turn|6
|
|t:|1758919560
|move|p2a: Kingambit|Sucker Punch|p1a: Braviary
|-damage|p1a: Braviary|11/100
|-damage|p2a: Kingambit|91/100|[from] item: Life Orb
|move|p1a: Braviary|Body Slam|p2a: Kingambit
|-resisted|p2a: Kingambit
|-damage|p2a: Kingambit|63/100
|
|upkeep
|turn|7
|
|t:|1758919574
|move|p2a: Kingambit|Sucker Punch|p1a: Braviary
|-damage|p1a: Braviary|0 fnt
|faint|p1a: Braviary
|-damage|p2a: Kingambit|53/100|[from] item: Life Orb
|
|upkeep
|
|t:|1758919585
|switch|p1a: Samurott|Samurott-Hisui, F|100/100
|turn|8
|
|t:|1758919598
|move|p1a: Samurott|Sacred Sword|p2a: Kingambit
|-supereffective|p2a: Kingambit
|-damage|p2a: Kingambit|0 fnt
|faint|p2a: Kingambit
|
|upkeep
|
|t:|1758919601
|switch|p2a: Enamorus|Enamorus, F|100/100
|turn|9
|
|t:|1758919616
|-terastallize|p1a: Samurott|Water
|move|p2a: Enamorus|Calm Mind|p2a: Enamorus
|-boost|p2a: Enamorus|spa|1
|-boost|p2a: Enamorus|spd|1
|move|p1a: Samurott|Razor Shell|p2a: Enamorus
|-damage|p2a: Enamorus|0 fnt
|faint|p2a: Enamorus
|
|upkeep
|inactive|Thunder0114 has 120 seconds left.
|
|t:|1758919662
|switch|p2a: Serperior|Serperior, M, shiny|100/100
|turn|10
|
|t:|1758919665
|move|p2a: Serperior|Leaf Storm|p1a: Samurott
|-supereffective|p1a: Samurott
|-damage|p1a: Samurott|0 fnt
|-boost|p2a: Serperior|spa|2
|faint|p1a: Samurott
|
|upkeep
|
|t:|1758919667
|switch|p1a: Goodra|Goodra-Hisui, M|100/100
|-activate|p1a: Goodra|move: Sticky Web
|-unboost|p1a: Goodra|spe|1
|turn|11
|
|t:|1758919675
|move|p2a: Serperior|Substitute|p2a: Serperior
|-start|p2a: Serperior|Substitute
|-damage|p2a: Serperior|75/100
|move|p1a: Goodra|Dragon Pulse|p2a: Serperior
|-end|p2a: Serperior|Substitute
|
|-heal|p2a: Serperior|82/100|[from] item: Leftovers
|upkeep
|turn|12
|
|t:|1758919694
|move|p2a: Serperior|Glare|p1a: Goodra
|-status|p1a: Goodra|par
|cant|p1a: Goodra|par
|
|-heal|p2a: Serperior|88/100|[from] item: Leftovers
|upkeep
|turn|13
|
|t:|1758919700
|move|p2a: Serperior|Substitute|p2a: Serperior
|-start|p2a: Serperior|Substitute
|-damage|p2a: Serperior|63/100
|move|p1a: Goodra|Dragon Pulse|p2a: Serperior
|-end|p2a: Serperior|Substitute
|
|-heal|p2a: Serperior|69/100|[from] item: Leftovers
|upkeep
|turn|14
|
|t:|1758919718
|move|p2a: Serperior|Substitute|p2a: Serperior
|-start|p2a: Serperior|Substitute
|-damage|p2a: Serperior|44/100
|move|p1a: Goodra|Dragon Pulse|p2a: Serperior
|-end|p2a: Serperior|Substitute
|
|-heal|p2a: Serperior|50/100|[from] item: Leftovers
|upkeep
|turn|15
|
|t:|1758919725
|move|p2a: Serperior|Leaf Storm|p1a: Goodra
|-ability|p1a: Goodra|Sap Sipper|boost
|-boost|p1a: Goodra|atk|1
|move|p1a: Goodra|Dragon Pulse|p2a: Serperior
|-damage|p2a: Serperior|0 fnt
|faint|p2a: Serperior
|
|upkeep
|
|t:|1758919729
|switch|p2a: Araquanid|Araquanid, M|100/100
|turn|16
|l|☆Thunder0114
|inactive|Thunder0114 disconnected and has a minute to reconnect!
|player|p2|
|inactive|Thunder0114 has 30 seconds to reconnect!
|inactive|Thunder0114 has 20 seconds to reconnect!
|inactive|Thunder0114 has 15 seconds to reconnect!
|inactive|Thunder0114 has 10 seconds to reconnect!
|inactive|Thunder0114 has 5 seconds to reconnect!
|-message|Thunder0114 lost due to inactivity.
|
|win|Slendy3214
|raw|Slendy3214's rating: 1244 &rarr; <strong>1269</strong><br />(+25 for winning)
|raw|Thunder0114's rating: 1245 &rarr; <strong>1220</strong><br />(-25 for losing)
|l|☆Slendy3214
|player|p1|
