|j|‽dorinkashixv
|j|☆desayd
|t:|1759066237
|gametype|singles
|player|p1|dorinkashixv|265|1075
|player|p2|desayd|blackbelt-gen4dp|1100
|gen|9
|tier|[Gen 9] OU
|rated|
|rule|HP Percentage Mod: HP is shown in percentages
|rule|Endless Battle Clause: Forcing endless battles is banned
|rule|Species Clause: Limit one of each Pokémon
|rule|OHKO Clause: OHKO moves are banned
|rule|Evasion Items Clause: Evasion items are banned
|rule|Evasion Moves Clause: Evasion moves are banned
|rule|Evasion Abilities Clause: Evasion abilities are banned
|rule|Sleep Moves Clause: Sleep-inducing moves are banned
|clearpoke
|poke|p1|Iron Treads|
|poke|p1|Zangoose, M|
|poke|p1|Zamazenta-*|
|poke|p1|Iron Valiant|
|poke|p1|Dragonite, M|
|poke|p1|Zapdos|
|poke|p2|Dragonite, M|
|poke|p2|Gholdengo|
|poke|p2|Regidrago|
|poke|p2|Scizor, F|
|poke|p2|Ting-Lu|
|poke|p2|Weezing-Galar, F|
|teampreview
|
|t:|1759066244
|teamsize|p1|6
|teamsize|p2|6
|start
|switch|p1a: Zangoose|Zangoose, M|100/100
|switch|p2a: Scizor|Scizor, F|100/100
|turn|1
|inactive|Battle timer is ON: inactive players will automatically lose when time's up. (requested by dorinkashixv)
|
|t:|1759066267
|switch|p1a: Zapdos|Zapdos|100/100
|move|p2a: Scizor|Knock Off|p1a: Zapdos
|-damage|p1a: Zapdos|30/100
|-enditem|p1a: Zapdos|Choice Specs|[from] move: Knock Off|[of] p2a: Scizor
|
|upkeep
|turn|2
|
|t:|1759066278
|move|p1a: Zapdos|Heat Wave|p2a: Scizor
|-supereffective|p2a: Scizor
|-damage|p2a: Scizor|0 fnt
|faint|p2a: Scizor
|
|upkeep
|
|t:|1759066286
|switch|p2a: Regidrago|Regidrago|100/100
|turn|3
|inactive|desayd has 120 seconds left.
|
|t:|1759066320
|move|p2a: Regidrago|Dragon Energy|p1a: Zapdos
|-damage|p1a: Zapdos|0 fnt
|faint|p1a: Zapdos
|
|upkeep
|
|t:|1759066330
|switch|p1a: Iron Valiant|Iron Valiant|100/100
|-enditem|p1a: Iron Valiant|Booster Energy
|-activate|p1a: Iron Valiant|ability: Quark Drive|[fromitem]
|-start|p1a: Iron Valiant|quarkdrivespe
|turn|4
|inactive|desayd has 120 seconds left.
|
|t:|1759066348
|switch|p2a: Weezing|Weezing-Galar, F|100/100
|-ability|p2a: Weezing|Neutralizing Gas
|move|p1a: Iron Valiant|Encore||[still]
|-fail|p1a: Iron Valiant
|
|upkeep
|turn|5
|inactive|desayd has 120 seconds left.
|
|t:|1759066378
|-end|p1a: Iron Valiant|Quark Drive|[silent]
|switch|p1a: Iron Treads|Iron Treads|100/100
|-item|p1a: Iron Treads|Air Balloon
|move|p2a: Weezing|Sludge Bomb|p1a: Iron Treads
|-immune|p1a: Iron Treads
|
|upkeep
|turn|6
|
|t:|1759066386
|move|p1a: Iron Treads|Ice Spinner|p2a: Weezing
|-damage|p2a: Weezing|84/100
|move|p2a: Weezing|Will-O-Wisp|p1a: Iron Treads
|-status|p1a: Iron Treads|brn
|
|-damage|p1a: Iron Treads|94/100 brn|[from] brn
|upkeep
|turn|7
|
|t:|1759066398
|-end|p2a: Weezing|ability: Neutralizing Gas
|switch|p2a: Dragonite|Dragonite, M|100/100
|move|p1a: Iron Treads|Earthquake|p2a: Dragonite
|-immune|p2a: Dragonite
|
|-damage|p1a: Iron Treads|88/100 brn|[from] brn
|upkeep
|turn|8
|inactive|dorinkashixv has 120 seconds left.
|
|t:|1759066442
|move|p1a: Iron Treads|Ice Spinner|p2a: Dragonite
|-supereffective|p2a: Dragonite
|-damage|p2a: Dragonite|74/100
|move|p2a: Dragonite|Dragon Dance|p2a: Dragonite
|-boost|p2a: Dragonite|atk|1
|-boost|p2a: Dragonite|spe|1
|
|-damage|p1a: Iron Treads|82/100 brn|[from] brn
|upkeep
|turn|9
|
|t:|1759066458
|move|p2a: Dragonite|Earthquake|p1a: Iron Treads
|-immune|p1a: Iron Treads
|move|p1a: Iron Treads|Ice Spinner|p2a: Dragonite
|-supereffective|p2a: Dragonite
|-damage|p2a: Dragonite|30/100
|
|-damage|p1a: Iron Treads|76/100 brn|[from] brn
|upkeep
|turn|10
|inactive|dorinkashixv has 120 seconds left.
|
|t:|1759066466
|move|p2a: Dragonite|Roost|p2a: Dragonite
|-heal|p2a: Dragonite|80/100
|-singleturn|p2a: Dragonite|move: Roost
|move|p1a: Iron Treads|Ice Spinner|p2a: Dragonite
|-supereffective|p2a: Dragonite
|-damage|p2a: Dragonite|54/100
|
|-damage|p1a: Iron Treads|70/100 brn|[from] brn
|upkeep
|turn|11
|inactive|dorinkashixv has 120 seconds left.
|
|t:|1759066479
|move|p2a: Dragonite|Dragon Dance|p2a: Dragonite
|-boost|p2a: Dragonite|atk|1
|-boost|p2a: Dragonite|spe|1
|move|p1a: Iron Treads|Knock Off|p2a: Dragonite
|-damage|p2a: Dragonite|40/100
|-enditem|p2a: Dragonite|Heavy-Duty Boots|[from] move: Knock Off|[of] p1a: Iron Treads
|
|-damage|p1a: Iron Treads|64/100 brn|[from] brn
|upkeep
|turn|12
|
|t:|1759066488
|move|p2a: Dragonite|Roost|p2a: Dragonite
|-heal|p2a: Dragonite|90/100
|-singleturn|p2a: Dragonite|move: Roost
|move|p1a: Iron Treads|Ice Spinner|p2a: Dragonite
|-supereffective|p2a: Dragonite
|-damage|p2a: Dragonite|64/100
|
|-damage|p1a: Iron Treads|58/100 brn|[from] brn
|upkeep
|turn|13
|
|t:|1759066496
|move|p2a: Dragonite|Extreme Speed|p1a: Iron Treads
|-resisted|p1a: Iron Treads
|-damage|p1a: Iron Treads|30/100 brn
|-enditem|p1a: Iron Treads|Air Balloon
|move|p1a: Iron Treads|Ice Spinner|p2a: Dragonite
|-supereffective|p2a: Dragonite
|-damage|p2a: Dragonite|15/100
|
|-damage|p1a: Iron Treads|24/100 brn|[from] brn
|upkeep
|turn|14
|
|t:|1759066507
|move|p2a: Dragonite|Roost|p2a: Dragonite
|-heal|p2a: Dragonite|65/100
|-singleturn|p2a: Dragonite|move: Roost
|move|p1a: Iron Treads|Ice Spinner|p2a: Dragonite
|-supereffective|p2a: Dragonite
|-damage|p2a: Dragonite|41/100
|
|-damage|p1a: Iron Treads|18/100 brn|[from] brn
|upkeep
|turn|15
|
|t:|1759066517
|move|p2a: Dragonite|Roost|p2a: Dragonite
|-heal|p2a: Dragonite|92/100
|-singleturn|p2a: Dragonite|move: Roost
|move|p1a: Iron Treads|Ice Spinner|p2a: Dragonite
|-supereffective|p2a: Dragonite
|-damage|p2a: Dragonite|69/100
|
|-damage|p1a: Iron Treads|12/100 brn|[from] brn
|upkeep
|turn|16
|
|t:|1759066526
|move|p2a: Dragonite|Extreme Speed|p1a: Iron Treads
|-resisted|p1a: Iron Treads
|-damage|p1a: Iron Treads|0 fnt
|faint|p1a: Iron Treads
|-end|p1a: Iron Treads|Quark Drive|[silent]
|
|upkeep
|
|t:|1759066531
|switch|p1a: Zamazenta|Zamazenta|100/100
|-ability|p1a: Zamazenta|Dauntless Shield|boost
|-boost|p1a: Zamazenta|def|1
|turn|17
|
|t:|1759066538
|move|p2a: Dragonite|Earthquake|p1a: Zamazenta
|-damage|p1a: Zamazenta|58/100
|move|p1a: Zamazenta|Ice Fang|p2a: Dragonite
|-supereffective|p2a: Dragonite
|-crit|p2a: Dragonite
|-damage|p2a: Dragonite|0 fnt
|faint|p2a: Dragonite
|
|upkeep
|
|t:|1759066549
|switch|p2a: Regidrago|Regidrago|100/100
|turn|18
|
|t:|1759066558
|move|p2a: Regidrago|Dragon Energy|p1a: Zamazenta
|-damage|p1a: Zamazenta|0 fnt
|faint|p1a: Zamazenta
|
|upkeep
|
|t:|1759066562
|switch|p1a: Iron Valiant|Iron Valiant|100/100
|turn|19
|
|t:|1759066573
|switch|p2a: Weezing|Weezing-Galar, F|84/100
|-ability|p2a: Weezing|Neutralizing Gas
|move|p1a: Iron Valiant|Encore||[still]
|-fail|p1a: Iron Valiant
|
|upkeep
|turn|20
|
|t:|1759066580
|-end|p1a: Iron Valiant|Quark Drive|[silent]
|switch|p1a: Zangoose|Zangoose, M|100/100
|move|p2a: Weezing|Will-O-Wisp|p1a: Zangoose|[miss]
|-miss|p2a: Weezing|p1a: Zangoose
|
|upkeep
|turn|21
|
|t:|1759066589
|move|p1a: Zangoose|Final Gambit|p2a: Weezing
|-damage|p2a: Weezing|0 fnt
|faint|p1a: Zangoose
|faint|p2a: Weezing
|-end|p2a: Weezing|ability: Neutralizing Gas
|
|upkeep
|
|t:|1759066600
|switch|p1a: Dragonite|Dragonite, M|100/100
|switch|p2a: Gholdengo|Gholdengo|100/100
|turn|22
|
|t:|1759066609
|move|p2a: Gholdengo|Thunderbolt|p1a: Dragonite
|-damage|p1a: Dragonite|83/100
|move|p1a: Dragonite|Dragon Dance|p1a: Dragonite
|-boost|p1a: Dragonite|atk|1
|-boost|p1a: Dragonite|spe|1
|
|upkeep
|turn|23
|
|t:|1759066620
|-terastallize|p1a: Dragonite|Fire
|move|p1a: Dragonite|Fire Punch|p2a: Gholdengo
|-supereffective|p2a: Gholdengo
|-damage|p2a: Gholdengo|0 fnt
|faint|p2a: Gholdengo
|
|upkeep
|
|t:|1759066627
|switch|p2a: Regidrago|Regidrago|100/100
|turn|24
|
|t:|1759066634
|move|p2a: Regidrago|Dragon Energy|p1a: Dragonite
|-damage|p1a: Dragonite|0 fnt
|faint|p1a: Dragonite
|
|upkeep
|
|t:|1759066651
|switch|p1a: Iron Valiant|Iron Valiant|100/100
|turn|25
|
|t:|1759066656
|move|p2a: Regidrago|Dragon Energy|p1a: Iron Valiant
|-immune|p1a: Iron Valiant
|move|p1a: Iron Valiant|Swords Dance|p1a: Iron Valiant
|-boost|p1a: Iron Valiant|atk|2
|
|upkeep
|turn|26
|
|t:|1759066662
|switch|p2a: Ting-Lu|Ting-Lu|100/100
|-ability|p2a: Ting-Lu|Vessel of Ruin
|move|p1a: Iron Valiant|Encore||[still]
|-fail|p1a: Iron Valiant
|
|upkeep
|turn|27
|
|t:|1759066680
|move|p1a: Iron Valiant|Close Combat|p2a: Ting-Lu
|-supereffective|p2a: Ting-Lu
|-damage|p2a: Ting-Lu|0 fnt
|-unboost|p1a: Iron Valiant|def|1
|-unboost|p1a: Iron Valiant|spd|1
|faint|p2a: Ting-Lu
|
|upkeep
|
|t:|1759066686
|switch|p2a: Regidrago|Regidrago|100/100
|turn|28
|
|t:|1759066691
|move|p2a: Regidrago|Earth Power|p1a: Iron Valiant
|-damage|p1a: Iron Valiant|26/100
|move|p1a: Iron Valiant|Close Combat|p2a: Regidrago
|-damage|p2a: Regidrago|0 fnt
|-unboost|p1a: Iron Valiant|def|1
|-unboost|p1a: Iron Valiant|spd|1
|faint|p2a: Regidrago
|
|win|dorinkashixv
|raw|dorinkashixv's rating: 1075 &rarr; <strong>1106</strong><br />(+31 for winning)
|raw|desayd's rating: 1100 &rarr; <strong>1073</strong><br />(-27 for losing)
|l|‽dorinkashixv
|player|p1|
|l|☆desayd
|player|p2|
