|j|‽Vvvvviiiiccccccc
|j|☆findmyhair
|t:|1758973677
|gametype|singles
|player|p1|Vvvvviiiiccccccc|2|1178
|player|p2|findmyhair|acetrainercouple|1149
|gen|9
|tier|[Gen 9] OU
|rated|
|rule|HP Percentage Mod: HP is shown in percentages
|rule|Endless Battle Clause: Forcing endless battles is banned
|rule|Species Clause: Limit one of each Pokémon
|rule|OHKO Clause: OHKO moves are banned
|rule|Evasion Items Clause: Evasion items are banned
|rule|Evasion Moves Clause: Evasion moves are banned
|rule|Evasion Abilities Clause: Evasion abilities are banned
|rule|Sleep Moves Clause: Sleep-inducing moves are banned
|clearpoke
|poke|p1|Venusaur, M|
|poke|p1|Ninetales, F|
|poke|p1|Moltres|
|poke|p1|Clefable, F|
|poke|p1|Great Tusk|
|poke|p1|Kingambit, M|
|poke|p2|Cresselia, F|
|poke|p2|Slowking-Galar, M|
|poke|p2|Iron Hands|
|poke|p2|Ursaluna, F|
|poke|p2|Crawdaunt, F|
|poke|p2|Klefki, M|
|teampreview
|inactive|Battle timer is ON: inactive players will automatically lose when time's up. (requested by findmyhair)
|
|t:|1758973696
|teamsize|p1|6
|teamsize|p2|6
|start
|switch|p1a: Ninetales|Ninetales, F|100/100
|switch|p2a: Klefki|Klefki, M|100/100
|-weather|SunnyDay|[from] ability: Drought|[of] p1a: Ninetales
|turn|1
|j| GruesomeLovelies
|
|t:|1758973705
|move|p2a: Klefki|Reflect|p2a: Klefki
|-sidestart|p2: findmyhair|Reflect
|move|p1a: Ninetales|Flamethrower|p2a: Klefki
|-supereffective|p2a: Klefki
|-damage|p2a: Klefki|0 fnt
|faint|p2a: Klefki
|
|-weather|SunnyDay|[upkeep]
|upkeep
|
|t:|1758973711
|switch|p2a: Slowking|Slowking-Galar, M|100/100
|turn|2
|
|t:|1758973721
|move|p1a: Ninetales|Flamethrower|p2a: Slowking
|-damage|p2a: Slowking|69/100
|move|p2a: Slowking|Trick Room|p2a: Slowking
|-fieldstart|move: Trick Room|[of] p2a: Slowking
|
|-weather|SunnyDay|[upkeep]
|-heal|p2a: Slowking|75/100|[from] item: Black Sludge
|upkeep
|turn|3
|
|t:|1758973729
|switch|p2a: Ursaluna|Ursaluna, F|100/100
|move|p1a: Ninetales|Encore||[still]
|-fail|p1a: Ninetales
|
|-weather|SunnyDay|[upkeep]
|-status|p2a: Ursaluna|brn|[from] item: Flame Orb
|upkeep
|turn|4
|
|t:|1758973739
|switch|p1a: Moltres|Moltres|100/100
|move|p2a: Ursaluna|Facade|p1a: Moltres
|-damage|p1a: Moltres|6/100
|
|-weather|SunnyDay|[upkeep]
|-damage|p2a: Ursaluna|94/100 brn|[from] brn
|upkeep
|turn|5
|
|t:|1758973750
|switch|p1a: Kingambit|Kingambit, M|100/100
|move|p2a: Ursaluna|Facade|p1a: Kingambit
|-resisted|p1a: Kingambit
|-damage|p1a: Kingambit|59/100
|
|-weather|SunnyDay|[upkeep]
|-heal|p1a: Kingambit|65/100|[from] item: Leftovers
|-damage|p2a: Ursaluna|88/100 brn|[from] brn
|upkeep
|turn|6
|
|t:|1758973761
|-end|p1a: Kingambit|fallenundefined|[silent]
|switch|p1a: Moltres|Moltres|6/100
|move|p2a: Ursaluna|Facade|p1a: Moltres
|-damage|p1a: Moltres|0 fnt
|faint|p1a: Moltres
|
|-weather|SunnyDay|[upkeep]
|-damage|p2a: Ursaluna|82/100 brn|[from] brn
|-fieldend|move: Trick Room
|upkeep
|
|t:|1758973780
|switch|p1a: Great Tusk|Great Tusk|100/100
|-activate|p1a: Great Tusk|ability: Protosynthesis
|-start|p1a: Great Tusk|protosynthesisatk
|turn|7
|
|t:|1758973797
|move|p1a: Great Tusk|Ice Spinner|p2a: Ursaluna
|-supereffective|p2a: Ursaluna
|-damage|p2a: Ursaluna|56/100 brn
|move|p2a: Ursaluna|Facade|p1a: Great Tusk
|-damage|p1a: Great Tusk|18/100
|
|-weather|SunnyDay|[upkeep]
|-damage|p2a: Ursaluna|50/100 brn|[from] brn
|upkeep
|turn|8
|inactive|Vvvvviiiiccccccc has 120 seconds left.
|
|t:|1758973812
|-end|p1a: Great Tusk|Protosynthesis|[silent]
|switch|p1a: Kingambit|Kingambit, M|65/100
|-activate|p1a: Kingambit|ability: Supreme Overlord
|-start|p1a: Kingambit|fallen1|[silent]
|move|p2a: Ursaluna|Earthquake|p1a: Kingambit
|-supereffective|p1a: Kingambit
|-damage|p1a: Kingambit|0 fnt
|faint|p1a: Kingambit
|-end|p1a: Kingambit|fallen1|[silent]
|
|-weather|none
|-damage|p2a: Ursaluna|43/100 brn|[from] brn
|-sideend|p2: findmyhair|Reflect
|upkeep
|inactive|Vvvvviiiiccccccc has 120 seconds left.
|
|t:|1758973825
|switch|p1a: Great Tusk|Great Tusk|18/100
|turn|9
|
|t:|1758973835
|switch|p2a: Crawdaunt|Crawdaunt, F|100/100
|move|p1a: Great Tusk|Ice Spinner|p2a: Crawdaunt
|-resisted|p2a: Crawdaunt
|-damage|p2a: Crawdaunt|83/100
|
|upkeep
|turn|10
|
|t:|1758973847
|move|p1a: Great Tusk|Earthquake|p2a: Crawdaunt
|-damage|p2a: Crawdaunt|26/100
|move|p2a: Crawdaunt|Swords Dance|p2a: Crawdaunt
|-boost|p2a: Crawdaunt|atk|2
|
|upkeep
|turn|11
|
|t:|1758973855
|move|p2a: Crawdaunt|Aqua Jet|p1a: Great Tusk
|-supereffective|p1a: Great Tusk
|-damage|p1a: Great Tusk|0 fnt
|faint|p1a: Great Tusk
|-end|p1a: Great Tusk|Protosynthesis|[silent]
|-damage|p2a: Crawdaunt|16/100|[from] item: Life Orb
|
|upkeep
|
|t:|1758973863
|switch|p1a: Ninetales|Ninetales, F|100/100
|-weather|SunnyDay|[from] ability: Drought|[of] p1a: Ninetales
|turn|12
|
|t:|1758973879
|move|p2a: Crawdaunt|Aqua Jet|p1a: Ninetales
|-supereffective|p1a: Ninetales
|-damage|p1a: Ninetales|13/100
|-damage|p2a: Crawdaunt|6/100|[from] item: Life Orb
|move|p1a: Ninetales|Will-O-Wisp|p2a: Crawdaunt
|-status|p2a: Crawdaunt|brn
|
|-weather|SunnyDay|[upkeep]
|-damage|p2a: Crawdaunt|0 fnt|[from] brn
|faint|p2a: Crawdaunt
|upkeep
|
|t:|1758973891
|switch|p2a: Slowking|Slowking-Galar, M|100/100
|turn|13
|
|t:|1758973896
|switch|p1a: Clefable|Clefable, F|100/100
|move|p2a: Slowking|Trick Room|p2a: Slowking
|-fieldstart|move: Trick Room|[of] p2a: Slowking
|
|-weather|SunnyDay|[upkeep]
|upkeep
|turn|14
|
|t:|1758973904
|move|p2a: Slowking|Sludge Bomb|p1a: Clefable
|-supereffective|p1a: Clefable
|-damage|p1a: Clefable|35/100
|move|p1a: Clefable|Cosmic Power|p1a: Clefable
|-boost|p1a: Clefable|def|1
|-boost|p1a: Clefable|spd|1
|
|-weather|SunnyDay|[upkeep]
|-heal|p1a: Clefable|41/100|[from] item: Leftovers
|upkeep
|turn|15
|
|t:|1758973915
|-terastallize|p2a: Slowking|Poison
|-terastallize|p1a: Clefable|Steel
|move|p2a: Slowking|Sludge Bomb|p1a: Clefable
|-immune|p1a: Clefable
|move|p1a: Clefable|Cosmic Power|p1a: Clefable
|-boost|p1a: Clefable|def|1
|-boost|p1a: Clefable|spd|1
|
|-weather|SunnyDay|[upkeep]
|-heal|p1a: Clefable|47/100|[from] item: Leftovers
|upkeep
|turn|16
|
|t:|1758973930
|move|p2a: Slowking|Fire Blast|p1a: Clefable
|-supereffective|p1a: Clefable
|-damage|p1a: Clefable|9/100
|move|p1a: Clefable|Moonlight|p1a: Clefable
|-heal|p1a: Clefable|76/100
|
|-weather|SunnyDay|[upkeep]
|-heal|p1a: Clefable|82/100|[from] item: Leftovers
|upkeep
|turn|17
|
|t:|1758973941
|move|p2a: Slowking|Nasty Plot|p2a: Slowking
|-boost|p2a: Slowking|spa|2
|move|p1a: Clefable|Cosmic Power|p1a: Clefable
|-boost|p1a: Clefable|def|1
|-boost|p1a: Clefable|spd|1
|
|-weather|SunnyDay|[upkeep]
|-heal|p1a: Clefable|88/100|[from] item: Leftovers
|-fieldend|move: Trick Room
|upkeep
|turn|18
|
|t:|1758973951
|move|p1a: Clefable|Cosmic Power|p1a: Clefable
|-boost|p1a: Clefable|def|1
|-boost|p1a: Clefable|spd|1
|move|p2a: Slowking|Trick Room|p2a: Slowking
|-fieldstart|move: Trick Room|[of] p2a: Slowking
|
|-weather|SunnyDay|[upkeep]
|-heal|p1a: Clefable|94/100|[from] item: Leftovers
|upkeep
|turn|19
|
|t:|1758973960
|move|p2a: Slowking|Nasty Plot|p2a: Slowking
|-boost|p2a: Slowking|spa|2
|move|p1a: Clefable|Cosmic Power|p1a: Clefable
|-boost|p1a: Clefable|def|1
|-boost|p1a: Clefable|spd|1
|
|-weather|none
|-heal|p1a: Clefable|99/100|[from] item: Leftovers
|upkeep
|turn|20
|
|t:|1758973970
|move|p2a: Slowking|Fire Blast|p1a: Clefable
|-supereffective|p1a: Clefable
|-damage|p1a: Clefable|85/100
|move|p1a: Clefable|Stored Power|p2a: Slowking
|-supereffective|p2a: Slowking
|-damage|p2a: Slowking|26/100
|
|-heal|p2a: Slowking|32/100|[from] item: Black Sludge
|-heal|p1a: Clefable|91/100|[from] item: Leftovers
|upkeep
|turn|21
|
|t:|1758973983
|switch|p2a: Cresselia|Cresselia, F|100/100
|move|p1a: Clefable|Cosmic Power|p1a: Clefable
|-boost|p1a: Clefable|def|1
|-boost|p1a: Clefable|spd|1
|
|-heal|p1a: Clefable|97/100|[from] item: Leftovers
|upkeep
|turn|22
|
|t:|1758973993
|move|p1a: Clefable|Flamethrower|p2a: Cresselia
|-damage|p2a: Cresselia|89/100
|move|p2a: Cresselia|Trick Room|p2a: Cresselia
|-fieldend|move: Trick Room
|
|-heal|p1a: Clefable|100/100|[from] item: Leftovers
|upkeep
|turn|23
|
|t:|1758974001
|move|p1a: Clefable|Flamethrower|p2a: Cresselia
|-damage|p2a: Cresselia|75/100
|move|p2a: Cresselia|Trick Room|p2a: Cresselia
|-fieldstart|move: Trick Room|[of] p2a: Cresselia
|
|upkeep
|turn|24
|
|t:|1758974009
|move|p1a: Clefable|Flamethrower|p2a: Cresselia
|-damage|p2a: Cresselia|64/100
|move|p2a: Cresselia|Lunar Blessing|p2a: Cresselia
|-heal|p2a: Cresselia|89/100
|
|upkeep
|turn|25
|
|t:|1758974018
|move|p1a: Clefable|Flamethrower|p2a: Cresselia
|-damage|p2a: Cresselia|77/100
|-status|p2a: Cresselia|brn
|move|p2a: Cresselia|Lunar Blessing|p2a: Cresselia
|-heal|p2a: Cresselia|100/100 brn
|-curestatus|p2a: Cresselia|brn|[msg]
|
|upkeep
|turn|26
|
|t:|1758974031
|move|p1a: Clefable|Flamethrower|p2a: Cresselia
|-damage|p2a: Cresselia|89/100
|move|p2a: Cresselia|Psychic|p1a: Clefable
|-resisted|p1a: Clefable
|-damage|p1a: Clefable|98/100
|
|-heal|p1a: Clefable|100/100|[from] item: Leftovers
|upkeep
|turn|27
|
|t:|1758974043
|move|p1a: Clefable|Flamethrower|p2a: Cresselia
|-damage|p2a: Cresselia|76/100
|-status|p2a: Cresselia|brn
|move|p2a: Cresselia|Lunar Blessing|p2a: Cresselia
|-heal|p2a: Cresselia|100/100 brn
|-curestatus|p2a: Cresselia|brn|[msg]
|
|-fieldend|move: Trick Room
|upkeep
|turn|28
|
|t:|1758974057
|move|p1a: Clefable|Flamethrower|p2a: Cresselia
|-damage|p2a: Cresselia|89/100
|move|p2a: Cresselia|Trick Room|p2a: Cresselia
|-fieldstart|move: Trick Room|[of] p2a: Cresselia
|
|upkeep
|turn|29
|
|t:|1758974068
|switch|p2a: Ursaluna|Ursaluna, F|43/100 brn
|move|p1a: Clefable|Flamethrower|p2a: Ursaluna
|-damage|p2a: Ursaluna|25/100 brn
|
|-damage|p2a: Ursaluna|19/100 brn|[from] brn
|upkeep
|turn|30
|
|t:|1758974078
|move|p2a: Ursaluna|Protect|p2a: Ursaluna
|-singleturn|p2a: Ursaluna|Protect
|move|p1a: Clefable|Stored Power|p2a: Ursaluna
|-activate|p2a: Ursaluna|move: Protect
|
|-damage|p2a: Ursaluna|13/100 brn|[from] brn
|upkeep
|turn|31
|
|t:|1758974087
|switch|p2a: Cresselia|Cresselia, F|89/100
|move|p1a: Clefable|Stored Power|p2a: Cresselia
|-resisted|p2a: Cresselia
|-damage|p2a: Cresselia|72/100
|
|upkeep
|turn|32
|
|t:|1758974099
|move|p1a: Clefable|Flamethrower|p2a: Cresselia
|-damage|p2a: Cresselia|60/100
|move|p2a: Cresselia|Psychic|p1a: Clefable
|-resisted|p1a: Clefable
|-damage|p1a: Clefable|98/100
|
|-heal|p1a: Clefable|100/100|[from] item: Leftovers
|-fieldend|move: Trick Room
|upkeep
|turn|33
|
|t:|1758974109
|move|p1a: Clefable|Flamethrower|p2a: Cresselia
|-damage|p2a: Cresselia|48/100
|move|p2a: Cresselia|Trick Room|p2a: Cresselia
|-fieldstart|move: Trick Room|[of] p2a: Cresselia
|
|upkeep
|turn|34
|
|t:|1758974119
|move|p1a: Clefable|Stored Power|p2a: Cresselia
|-resisted|p2a: Cresselia
|-damage|p2a: Cresselia|30/100
|move|p2a: Cresselia|Psychic|p1a: Clefable
|-resisted|p1a: Clefable
|-damage|p1a: Clefable|98/100
|
|-heal|p1a: Clefable|100/100|[from] item: Leftovers
|upkeep
|turn|35
|
|t:|1758974128
|move|p1a: Clefable|Flamethrower|p2a: Cresselia
|-damage|p2a: Cresselia|18/100
|move|p2a: Cresselia|Lunar Blessing|p2a: Cresselia
|-heal|p2a: Cresselia|43/100
|
|upkeep
|turn|36
|
|t:|1758974138
|move|p1a: Clefable|Flamethrower|p2a: Cresselia
|-damage|p2a: Cresselia|31/100
|move|p2a: Cresselia|Lunar Blessing|p2a: Cresselia
|-heal|p2a: Cresselia|56/100
|
|upkeep
|turn|37
|
|t:|1758974146
|move|p1a: Clefable|Flamethrower|p2a: Cresselia
|-damage|p2a: Cresselia|44/100
|move|p2a: Cresselia|Lunar Blessing|p2a: Cresselia
|-heal|p2a: Cresselia|69/100
|
|-fieldend|move: Trick Room
|upkeep
|turn|38
|
|t:|1758974155
|move|p1a: Clefable|Flamethrower|p2a: Cresselia
|-damage|p2a: Cresselia|57/100
|move|p2a: Cresselia|Trick Room|p2a: Cresselia
|-fieldstart|move: Trick Room|[of] p2a: Cresselia
|
|upkeep
|turn|39
|
|t:|1758974164
|move|p1a: Clefable|Flamethrower|p2a: Cresselia
|-damage|p2a: Cresselia|45/100
|move|p2a: Cresselia|Lunar Dance|p2a: Cresselia
|faint|p2a: Cresselia
|
|upkeep
|
|t:|1758974169
|switch|p2a: Ursaluna|Ursaluna, F|13/100 brn
|-heal|p2a: Ursaluna|100/100|[from] move: Lunar Dance
|turn|40
|
|t:|1758974176
|move|p2a: Ursaluna|Protect|p2a: Ursaluna
|-singleturn|p2a: Ursaluna|Protect
|move|p1a: Clefable|Stored Power|p2a: Ursaluna
|-activate|p2a: Ursaluna|move: Protect
|
|-status|p2a: Ursaluna|brn|[from] item: Flame Orb
|upkeep
|turn|41
|
|t:|1758974184
|move|p2a: Ursaluna|Earthquake|p1a: Clefable
|-supereffective|p1a: Clefable
|-damage|p1a: Clefable|47/100
|move|p1a: Clefable|Stored Power|p2a: Ursaluna
|-damage|p2a: Ursaluna|48/100 brn
|
|-heal|p1a: Clefable|53/100|[from] item: Leftovers
|-damage|p2a: Ursaluna|41/100 brn|[from] brn
|upkeep
|turn|42
|
|t:|1758974195
|move|p2a: Ursaluna|Earthquake|p1a: Clefable
|-supereffective|p1a: Clefable
|-damage|p1a: Clefable|3/100
|move|p1a: Clefable|Moonlight|p1a: Clefable
|-heal|p1a: Clefable|53/100
|
|-heal|p1a: Clefable|59/100|[from] item: Leftovers
|-damage|p2a: Ursaluna|35/100 brn|[from] brn
|-fieldend|move: Trick Room
|upkeep
|turn|43
|
|t:|1758974206
|move|p1a: Clefable|Moonlight|p1a: Clefable
|-heal|p1a: Clefable|100/100
|move|p2a: Ursaluna|Earthquake|p1a: Clefable
|-supereffective|p1a: Clefable
|-damage|p1a: Clefable|48/100
|
|-heal|p1a: Clefable|54/100|[from] item: Leftovers
|-damage|p2a: Ursaluna|29/100 brn|[from] brn
|upkeep
|turn|44
|
|t:|1758974218
|move|p1a: Clefable|Stored Power|p2a: Ursaluna
|-damage|p2a: Ursaluna|0 fnt
|faint|p2a: Ursaluna
|
|-heal|p1a: Clefable|60/100|[from] item: Leftovers
|upkeep
|
|t:|1758974230
|switch|p2a: Slowking|Slowking-Galar, M, tera:Poison|66/100
|turn|45
|
|t:|1758974235
|move|p1a: Clefable|Stored Power|p2a: Slowking
|-supereffective|p2a: Slowking
|-damage|p2a: Slowking|0 fnt
|faint|p2a: Slowking
|
|-heal|p1a: Clefable|66/100|[from] item: Leftovers
|upkeep
|
|t:|1758974241
|switch|p2a: Iron Hands|Iron Hands|100/100
|turn|46
|
|t:|1758974258
|move|p2a: Iron Hands|Fake Out|p1a: Clefable
|-resisted|p1a: Clefable
|-damage|p1a: Clefable|64/100
|cant|p1a: Clefable|flinch
|
|-heal|p1a: Clefable|70/100|[from] item: Leftovers
|upkeep
|turn|47
|
|t:|1758974268
|move|p1a: Clefable|Stored Power|p2a: Iron Hands
|-supereffective|p2a: Iron Hands
|-damage|p2a: Iron Hands|36/100
|move|p2a: Iron Hands|Close Combat|p1a: Clefable
|-supereffective|p1a: Clefable
|-damage|p1a: Clefable|31/100
|-unboost|p2a: Iron Hands|def|1
|-unboost|p2a: Iron Hands|spd|1
|
|-heal|p1a: Clefable|38/100|[from] item: Leftovers
|upkeep
|turn|48
|
|t:|1758974280
|move|p1a: Clefable|Stored Power|p2a: Iron Hands
|-supereffective|p2a: Iron Hands
|-crit|p2a: Iron Hands
|-damage|p2a: Iron Hands|0 fnt
|faint|p2a: Iron Hands
|-end|p2a: Iron Hands|Quark Drive|[silent]
|
|win|Vvvvviiiiccccccc
|raw|Vvvvviiiiccccccc's rating: 1150 &rarr; <strong>1175</strong><br />(+25 for winning)
|raw|findmyhair's rating: 1149 &rarr; <strong>1124</strong><br />(-25 for losing)
|c|☆findmyhair|gg 48 moves
|c|☆findmyhair|stalled
