|j|☆Happy_Joe
|j|☆moehre4now
|inactive|Battle timer is ON: inactive players will automatically lose when time's up.
|t:|1759068624
|gametype|singles
|player|p1|Happy_Joe|tate|
|player|p2|moehre4now|giovanni|
|gen|9
|tier|[Gen 9] OU
|rated|Tournament battle
|rule|HP Percentage Mod: HP is shown in percentages
|rule|Endless Battle Clause: Forcing endless battles is banned
|rule|Species Clause: Limit one of each Pokémon
|rule|OHKO Clause: OHKO moves are banned
|rule|Evasion Items Clause: Evasion items are banned
|rule|Evasion Moves Clause: Evasion moves are banned
|rule|Evasion Abilities Clause: Evasion abilities are banned
|rule|Sleep Moves Clause: Sleep-inducing moves are banned
|raw|<div class="infobox"><details class="readmore"><summary><strong>15 custom rules:</strong></summary> -burmy, -caterpie, -combee, -kricketot, -magikarp, -scatterbug, -sunkern, -tynamo, -typenull, -weedle, -wurmple, -cosmog, -blipbug, -snom, -wynaut</details></div>
|clearpoke
|poke|p1|Kilowattrel, M|
|poke|p1|Froslass, F|
|poke|p1|Mudsdale, F|
|poke|p1|Dragonite, F|
|poke|p2|Bergmite, M|
|poke|p2|Lilligant-Hisui, F|
|poke|p2|Kingambit, F|
|poke|p2|Reuniclus, F|
|teampreview
|j|*Lady Monita ☀
|j| ayushrizzler
|c|☆moehre4now|hf
|
|t:|1759068636
|teamsize|p1|4
|teamsize|p2|4
|start
|switch|p1a: Froslass|Froslass, F|100/100
|switch|p2a: Bergmite|Bergmite, M|100/100
|turn|1
|
|t:|1759068641
|move|p1a: Froslass|Spikes|p2a: Bergmite
|-sidestart|p2: moehre4now|Spikes
|move|p2a: Bergmite|Ice Spinner|p1a: Froslass
|-resisted|p1a: Froslass
|-damage|p1a: Froslass|76/100
|-start|p2a: Bergmite|Disable|Ice Spinner|[from] ability: Cursed Body|[of] p1a: Froslass
|
|upkeep
|turn|2
|
|t:|1759068644
|move|p1a: Froslass|Spikes|p2a: Bergmite
|-sidestart|p2: moehre4now|Spikes
|move|p2a: Bergmite|Avalanche|p1a: Froslass
|-resisted|p1a: Froslass
|-crit|p1a: Froslass
|-damage|p1a: Froslass|48/100
|
|upkeep
|turn|3
|
|t:|1759068650
|move|p1a: Froslass|Spikes|p2a: Bergmite
|-sidestart|p2: moehre4now|Spikes
|move|p2a: Bergmite|Avalanche|p1a: Froslass
|-resisted|p1a: Froslass
|-damage|p1a: Froslass|30/100
|
|upkeep
|turn|4
|
|t:|1759068653
|move|p1a: Froslass|Light Screen|p1a: Froslass
|-sidestart|p1: Happy_Joe|move: Light Screen
|move|p2a: Bergmite|Avalanche|p1a: Froslass
|-resisted|p1a: Froslass
|-damage|p1a: Froslass|11/100
|
|-end|p2a: Bergmite|Disable
|upkeep
|turn|5
|
|t:|1759068658
|move|p1a: Froslass|Destiny Bond|p1a: Froslass
|-singlemove|p1a: Froslass|Destiny Bond
|move|p2a: Bergmite|Avalanche|p1a: Froslass
|-resisted|p1a: Froslass
|-damage|p1a: Froslass|0 fnt
|faint|p1a: Froslass
|-activate|p1a: Froslass|move: Destiny Bond
|faint|p2a: Bergmite
|
|upkeep
|
|t:|1759068666
|switch|p1a: Dragonite|Dragonite, F|100/100
|switch|p2a: Lilligant|Lilligant-Hisui, F|100/100
|-damage|p2a: Lilligant|76/100|[from] Spikes
|turn|6
|
|t:|1759068670
|move|p2a: Lilligant|Triple Axel|p1a: Dragonite
|-supereffective|p1a: Dragonite
|-damage|p1a: Dragonite|84/100
|-supereffective|p1a: Dragonite
|-damage|p1a: Dragonite|29/100
|-supereffective|p1a: Dragonite
|-damage|p1a: Dragonite|0 fnt
|faint|p1a: Dragonite
|-hitcount|p1: Dragonite|3
|
|upkeep
|j| Albrtix
|
|t:|1759068674
|switch|p1a: Kilowattrel|Kilowattrel, M|100/100
|turn|7
|
|t:|1759068681
|move|p1a: Kilowattrel|Hurricane|p2a: Lilligant|[miss]
|-miss|p1a: Kilowattrel|p2a: Lilligant
|move|p2a: Lilligant|Triple Axel|p1a: Kilowattrel
|-supereffective|p1a: Kilowattrel
|-damage|p1a: Kilowattrel|78/100
|-supereffective|p1a: Kilowattrel
|-damage|p1a: Kilowattrel|32/100
|-supereffective|p1a: Kilowattrel
|-damage|p1a: Kilowattrel|0 fnt
|faint|p1a: Kilowattrel
|-hitcount|p1: Kilowattrel|3
|
|upkeep
|
|t:|1759068683
|switch|p1a: Mudsdale|Mudsdale, F|100/100
|turn|8
|
|t:|1759068696
|-terastallize|p1a: Mudsdale|Fighting
|move|p2a: Lilligant|Victory Dance|p2a: Lilligant
|-boost|p2a: Lilligant|atk|1
|-boost|p2a: Lilligant|def|1
|-boost|p2a: Lilligant|spe|1
|move|p1a: Mudsdale|Body Press|p2a: Lilligant
|-damage|p2a: Lilligant|34/100
|
|-sideend|p1: Happy_Joe|move: Light Screen
|upkeep
|turn|9
|
|t:|1759068703
|move|p2a: Lilligant|Close Combat|p1a: Mudsdale
|-damage|p1a: Mudsdale|42/100
|-unboost|p2a: Lilligant|def|1
|-unboost|p2a: Lilligant|spd|1
|-ability|p1a: Mudsdale|Stamina|boost
|-boost|p1a: Mudsdale|def|1
|move|p1a: Mudsdale|Body Press|p2a: Lilligant
|-damage|p2a: Lilligant|0 fnt
|faint|p2a: Lilligant
|
|-heal|p1a: Mudsdale|48/100|[from] item: Leftovers
|upkeep
|
|t:|1759068707
|switch|p2a: Reuniclus|Reuniclus, F|100/100
|turn|10
|
|t:|1759068710
|move|p1a: Mudsdale|Earthquake|p2a: Reuniclus
|-crit|p2a: Reuniclus
|-damage|p2a: Reuniclus|34/100
|move|p2a: Reuniclus|Psychic|p1a: Mudsdale
|-supereffective|p1a: Mudsdale
|-damage|p1a: Mudsdale|0 fnt
|faint|p1a: Mudsdale
|
|win|moehre4now
|n|☆Happy_Joe|happyjoe
|n|☆moehre4now|moehre4now
|n|*Lady Monita ☀|ladymonita
|n| ayushrizzler|ayushrizzler
|n| Albrtix|albrtix
|l|*Lady Monita ☀
|c|☆Happy_Joe|gg
|l|☆Happy_Joe
|player|p1|
|c|☆moehre4now|gg
|l|☆moehre4now
|player|p2|
|l| ayushrizzler
