|j|☆Mimx2
|j|☆panzershock
|t:|1758963846
|gametype|singles
|player|p1|Mimx2|lucas|1217
|player|p2|panzershock|102|1199
|gen|9
|tier|[Gen 9] OU
|rated|
|rule|HP Percentage Mod: HP is shown in percentages
|rule|Endless Battle Clause: Forcing endless battles is banned
|rule|Species Clause: Limit one of each Pokémon
|rule|OHKO Clause: OHKO moves are banned
|rule|Evasion Items Clause: Evasion items are banned
|rule|Evasion Moves Clause: Evasion moves are banned
|rule|Evasion Abilities Clause: Evasion abilities are banned
|rule|Sleep Moves Clause: Sleep-inducing moves are banned
|clearpoke
|poke|p1|Greninja-*, M|
|poke|p1|Indeedee, M|
|poke|p1|Iron Crown|
|poke|p1|Primeape, F|
|poke|p1|Gholdengo|
|poke|p1|Weavile, M|
|poke|p2|Bellibolt, F|
|poke|p2|Bruxish, M|
|poke|p2|Grafaiai, F|
|poke|p2|Pelipper, M|
|poke|p2|Wo-Chien|
|poke|p2|Toxicroak, M|
|teampreview
|
|t:|1758963865
|teamsize|p1|6
|teamsize|p2|6
|start
|switch|p1a: Greninja|Greninja, M|100/100
|switch|p2a: Bellibolt|Bellibolt, F|100/100
|turn|1
|
|t:|1758963873
|move|p1a: Greninja|Grass Knot|p2a: Bellibolt
|-damage|p2a: Bellibolt|78/100
|-start|p2a: Bellibolt|Charge|Grass Knot|[from] ability: Electromorphosis
|-damage|p1a: Greninja|91/100|[from] item: Life Orb
|move|p2a: Bellibolt|Volt Switch|p1a: Greninja
|-supereffective|p1a: Greninja
|-damage|p1a: Greninja|0 fnt
|faint|p1a: Greninja
|-end|p2a: Bellibolt|Charge|[silent]
|
|t:|1758963886
|switch|p2a: Pelipper|Pelipper, M|100/100|[from] Volt Switch
|-weather|RainDance|[from] ability: Drizzle|[of] p2a: Pelipper
|
|-weather|RainDance|[upkeep]
|upkeep
|
|t:|1758963890
|switch|p1a: Indeedee|Indeedee, M, shiny|100/100
|-fieldstart|move: Psychic Terrain|[from] ability: Psychic Surge|[of] p1a: Indeedee
|turn|2
|
|t:|1758963902
|move|p1a: Indeedee|Calm Mind|p1a: Indeedee
|-boost|p1a: Indeedee|spa|1
|-boost|p1a: Indeedee|spd|1
|move|p2a: Pelipper|Surf|p1a: Indeedee
|-damage|p1a: Indeedee|41/100
|
|-weather|RainDance|[upkeep]
|upkeep
|turn|3
|
|t:|1758963906
|move|p1a: Indeedee|Stored Power|p2a: Pelipper
|-damage|p2a: Pelipper|48/100
|move|p2a: Pelipper|Surf|p1a: Indeedee
|-damage|p1a: Indeedee|0 fnt
|faint|p1a: Indeedee
|
|-weather|RainDance|[upkeep]
|upkeep
|
|t:|1758963910
|switch|p1a: Iron Crown|Iron Crown|100/100
|-enditem|p1a: Iron Crown|Booster Energy
|-activate|p1a: Iron Crown|ability: Quark Drive|[fromitem]
|-start|p1a: Iron Crown|quarkdrivespa
|turn|4
|
|t:|1758963918
|move|p1a: Iron Crown|Expanding Force|p2a: Pelipper
|-damage|p2a: Pelipper|0 fnt
|faint|p2a: Pelipper
|
|-weather|RainDance|[upkeep]
|upkeep
|
|t:|1758963926
|switch|p2a: Grafaiai|Grafaiai, F|100/100
|turn|5
|
|t:|1758963931
|move|p2a: Grafaiai|Parting Shot|p1a: Iron Crown
|-activate|p1a: Iron Crown|move: Psychic Terrain
|move|p1a: Iron Crown|Expanding Force|p2a: Grafaiai
|-supereffective|p2a: Grafaiai
|-damage|p2a: Grafaiai|0 fnt
|faint|p2a: Grafaiai
|
|-weather|none
|upkeep
|
|t:|1758963936
|switch|p2a: Wo-Chien|Wo-Chien|100/100
|-ability|p2a: Wo-Chien|Tablets of Ruin
|turn|6
|
|t:|1758963948
|move|p1a: Iron Crown|Tachyon Cutter|p2a: Wo-Chien
|-damage|p2a: Wo-Chien|76/100
|-damage|p2a: Wo-Chien|54/100
|-hitcount|p2a: Wo-Chien|2
|move|p2a: Wo-Chien|Snarl|p1a: Iron Crown
|-supereffective|p1a: Iron Crown
|-damage|p1a: Iron Crown|66/100
|-unboost|p1a: Iron Crown|spa|1
|
|-heal|p2a: Wo-Chien|60/100|[from] item: Leftovers
|upkeep
|turn|7
|
|t:|1758963955
|move|p1a: Iron Crown|Tachyon Cutter|p2a: Wo-Chien
|-damage|p2a: Wo-Chien|45/100
|-damage|p2a: Wo-Chien|29/100
|-hitcount|p2a: Wo-Chien|2
|move|p2a: Wo-Chien|Snarl|p1a: Iron Crown
|-supereffective|p1a: Iron Crown
|-damage|p1a: Iron Crown|29/100
|-unboost|p1a: Iron Crown|spa|1
|
|-heal|p2a: Wo-Chien|36/100|[from] item: Leftovers
|upkeep
|turn|8
|
|t:|1758963962
|move|p1a: Iron Crown|Volt Switch|p2a: Wo-Chien
|-resisted|p2a: Wo-Chien
|-damage|p2a: Wo-Chien|30/100
|
|t:|1758963970
|-end|p1a: Iron Crown|Quark Drive|[silent]
|switch|p1a: Weavile|Weavile, M, shiny|100/100|[from] Volt Switch
|-ability|p1a: Weavile|Pressure
|move|p2a: Wo-Chien|Snarl|p1a: Weavile
|-resisted|p1a: Weavile
|-damage|p1a: Weavile|88/100
|-unboost|p1a: Weavile|spa|1
|
|-heal|p2a: Wo-Chien|37/100|[from] item: Leftovers
|upkeep
|turn|9
|
|t:|1758963986
|move|p1a: Weavile|X-Scissor|p2a: Wo-Chien
|-supereffective|p2a: Wo-Chien
|-damage|p2a: Wo-Chien|0 fnt
|faint|p2a: Wo-Chien
|
|-fieldend|move: Psychic Terrain
|upkeep
|
|t:|1758964006
|switch|p2a: Toxicroak|Toxicroak, M|100/100
|turn|10
|
|t:|1758964018
|move|p1a: Weavile|Knock Off|p2a: Toxicroak
|-resisted|p2a: Toxicroak
|-damage|p2a: Toxicroak|70/100
|-enditem|p2a: Toxicroak|Life Orb|[from] move: Knock Off|[of] p1a: Weavile
|move|p2a: Toxicroak|Shadow Ball|p1a: Weavile
|-resisted|p1a: Weavile
|-damage|p1a: Weavile|73/100
|-unboost|p1a: Weavile|spd|1
|
|upkeep
|turn|11
|
|t:|1758964025
|move|p2a: Toxicroak|Vacuum Wave|p1a: Weavile
|-supereffective|p1a: Weavile
|-damage|p1a: Weavile|0 fnt
|faint|p1a: Weavile
|
|upkeep
|
|t:|1758964037
|switch|p1a: Iron Crown|Iron Crown|29/100
|turn|12
|
|t:|1758964044
|move|p2a: Toxicroak|Vacuum Wave|p1a: Iron Crown
|-damage|p1a: Iron Crown|12/100
|move|p1a: Iron Crown|Expanding Force|p2a: Toxicroak
|-supereffective|p2a: Toxicroak
|-crit|p2a: Toxicroak
|-damage|p2a: Toxicroak|0 fnt
|faint|p2a: Toxicroak
|
|upkeep
|
|t:|1758964054
|switch|p2a: Bruxish|Bruxish, M|100/100
|turn|13
|
|t:|1758964064
|move|p2a: Bruxish|Aqua Jet|p1a: Iron Crown
|-crit|p1a: Iron Crown
|-damage|p1a: Iron Crown|0 fnt
|faint|p1a: Iron Crown
|-end|p1a: Iron Crown|Quark Drive|[silent]
|
|upkeep
|
|t:|1758964068
|switch|p1a: Primeape|Primeape, F, shiny|100/100
|turn|14
|
|t:|1758964072
|switch|p2a: Bellibolt|Bellibolt, F|78/100
|move|p1a: Primeape|Bulk Up|p1a: Primeape
|-boost|p1a: Primeape|atk|1
|-boost|p1a: Primeape|def|1
|
|upkeep
|turn|15
|
|t:|1758964089
|move|p1a: Primeape|Bulk Up|p1a: Primeape
|-boost|p1a: Primeape|atk|1
|-boost|p1a: Primeape|def|1
|move|p2a: Bellibolt|Volt Switch|p1a: Primeape
|-damage|p1a: Primeape|67/100
|
|t:|1758964091
|switch|p2a: Bruxish|Bruxish, M|100/100|[from] Volt Switch
|
|upkeep
|turn|16
|
|t:|1758964101
|-terastallize|p2a: Bruxish|Dark
|-terastallize|p1a: Primeape|Stellar
|move|p2a: Bruxish|Psychic Fangs|p1a: Primeape
|-supereffective|p1a: Primeape
|-damage|p1a: Primeape|4/100
|move|p1a: Primeape|Rage Fist|p2a: Bruxish
|-resisted|p2a: Bruxish
|-damage|p2a: Bruxish|0 fnt
|faint|p2a: Bruxish
|
|upkeep
|
|t:|1758964112
|switch|p2a: Bellibolt|Bellibolt, F|78/100
|turn|17
|
|t:|1758964116
|move|p2a: Bellibolt|Sucker Punch|p1a: Primeape
|-resisted|p1a: Primeape
|-damage|p1a: Primeape|1/100
|move|p1a: Primeape|Rage Fist|p2a: Bellibolt
|-damage|p2a: Bellibolt|0 fnt
|faint|p2a: Bellibolt
|
|win|Mimx2
|raw|Mimx2's rating: 1217 &rarr; <strong>1241</strong><br />(+24 for winning)
|raw|panzershock's rating: 1199 &rarr; <strong>1175</strong><br />(-24 for losing)
|l|☆panzershock
|player|p2|
|l|☆Mimx2
|player|p1|
