|j|☆LousiV
|j|☆alex12381723898
|t:|1758948259
|gametype|singles
|player|p1|LousiV|volkner|1209
|player|p2|alex12381723898|170|1220
|gen|9
|tier|[Gen 9] OU
|rated|
|rule|HP Percentage Mod: HP is shown in percentages
|rule|Endless Battle Clause: Forcing endless battles is banned
|rule|Species Clause: Limit one of each Pokémon
|rule|OHKO Clause: OHKO moves are banned
|rule|Evasion Items Clause: Evasion items are banned
|rule|Evasion Moves Clause: Evasion moves are banned
|rule|Evasion Abilities Clause: Evasion abilities are banned
|rule|Sleep Moves Clause: Sleep-inducing moves are banned
|clearpoke
|poke|p1|Weavile, F|
|poke|p1|Ariados, M|
|poke|p1|Alomomola, F|
|poke|p1|Forretress, F|
|poke|p1|Porygon-Z|
|poke|p1|Lucario, F|
|poke|p2|Darkrai|
|poke|p2|Ogerpon-Wellspring, F|
|poke|p2|Cinderace, M|
|poke|p2|Kyurem|
|poke|p2|Kingambit, M|
|poke|p2|Iron Valiant|
|teampreview
|inactive|Battle timer is ON: inactive players will automatically lose when time's up. (requested by LousiV)
|
|t:|1758948271
|teamsize|p1|6
|teamsize|p2|6
|start
|switch|p1a: Forretress|Forretress, F|100/100
|switch|p2a: Cinderace|Cinderace, M|100/100
|turn|1
|
|t:|1758948275
|switch|p1a: Alomomola|Alomomola, F|100/100
|move|p2a: Cinderace|Pyro Ball|p1a: Alomomola
|-resisted|p1a: Alomomola
|-damage|p1a: Alomomola|83/100
|
|upkeep
|turn|2
|
|t:|1758948279
|move|p2a: Cinderace|U-turn|p1a: Alomomola
|-start|p2a: Cinderace|typechange|Bug|[from] ability: Libero
|-damage|p1a: Alomomola|62/100
|
|t:|1758948286
|switch|p2a: Ogerpon|Ogerpon-Wellspring, F|100/100|[from] U-turn
|move|p1a: Alomomola|Flip Turn|p2a: Ogerpon
|-immune|p2a: Ogerpon|[from] ability: Water Absorb
|
|upkeep
|turn|3
|
|t:|1758948291
|switch|p1a: Forretress|Forretress, F|100/100
|move|p2a: Ogerpon|Horn Leech|p1a: Forretress
|-resisted|p1a: Forretress
|-damage|p1a: Forretress|95/100
|
|-heal|p1a: Forretress|100/100|[from] item: Leftovers
|upkeep
|turn|4
|
|t:|1758948297
|move|p2a: Ogerpon|Knock Off|p1a: Forretress
|-damage|p1a: Forretress|78/100
|-enditem|p1a: Forretress|Leftovers|[from] move: Knock Off|[of] p2a: Ogerpon
|move|p1a: Forretress|Stealth Rock|p2a: Ogerpon
|-sidestart|p2: alex12381723898|move: Stealth Rock
|
|upkeep
|turn|5
|
|t:|1758948307
|move|p2a: Ogerpon|Swords Dance|p2a: Ogerpon
|-boost|p2a: Ogerpon|atk|2
|move|p1a: Forretress|Volt Switch|p2a: Ogerpon
|-damage|p2a: Ogerpon|88/100
|
|t:|1758948324
|switch|p1a: Weavile|Weavile, F|100/100|[from] Volt Switch
|-ability|p1a: Weavile|Pressure
|
|upkeep
|turn|6
|
|t:|1758948328
|move|p1a: Weavile|Icicle Spear|p2a: Ogerpon
|-damage|p2a: Ogerpon|70/100
|-crit|p2a: Ogerpon
|-damage|p2a: Ogerpon|47/100
|-damage|p2a: Ogerpon|30/100
|-crit|p2a: Ogerpon
|-damage|p2a: Ogerpon|4/100
|-damage|p2a: Ogerpon|0 fnt
|faint|p2a: Ogerpon
|-hitcount|p2: Ogerpon|5
|
|upkeep
|
|t:|1758948332
|switch|p2a: Cinderace|Cinderace, M|100/100
|turn|7
|
|t:|1758948339
|switch|p1a: Alomomola|Alomomola, F|95/100
|move|p2a: Cinderace|Pyro Ball|p1a: Alomomola
|-resisted|p1a: Alomomola
|-damage|p1a: Alomomola|77/100
|
|upkeep
|turn|8
|
|t:|1758948342
|move|p2a: Cinderace|Court Change|p2a: Cinderace
|-start|p2a: Cinderace|typechange|Normal|[from] ability: Libero
|-swapsideconditions
|-activate|p2a: Cinderace|move: Court Change
|move|p1a: Alomomola|Scald|p2a: Cinderace
|-damage|p2a: Cinderace|81/100
|-status|p2a: Cinderace|brn
|
|-damage|p2a: Cinderace|75/100 brn|[from] brn
|upkeep
|turn|9
|
|t:|1758948348
|move|p2a: Cinderace|U-turn|p1a: Alomomola
|-damage|p1a: Alomomola|70/100
|
|t:|1758948352
|switch|p2a: Kyurem|Kyurem|100/100|[from] U-turn
|-ability|p2a: Kyurem|Pressure
|move|p1a: Alomomola|Flip Turn|p2a: Kyurem
|-resisted|p2a: Kyurem
|-damage|p2a: Kyurem|91/100
|
|t:|1758948355
|switch|p1a: Forretress|Forretress, F|78/100|[from] Flip Turn
|-damage|p1a: Forretress|66/100|[from] Stealth Rock
|
|upkeep
|turn|10
|
|t:|1758948359
|move|p2a: Kyurem|Earth Power|p1a: Forretress
|-damage|p1a: Forretress|28/100
|move|p1a: Forretress|Rapid Spin|p2a: Kyurem
|-damage|p2a: Kyurem|80/100
|-boost|p1a: Forretress|spe|1
|-sideend|p1: LousiV|Stealth Rock|[from] move: Rapid Spin|[of] p1a: Forretress
|
|upkeep
|turn|11
|
|t:|1758948366
|move|p2a: Kyurem|Earth Power|p1a: Forretress
|-damage|p1a: Forretress|0 fnt
|faint|p1a: Forretress
|
|upkeep
|
|t:|1758948373
|switch|p1a: Weavile|Weavile, F|100/100
|-ability|p1a: Weavile|Pressure
|turn|12
|
|t:|1758948381
|move|p1a: Weavile|Low Kick|p2a: Kyurem
|-supereffective|p2a: Kyurem
|-damage|p2a: Kyurem|2/100
|move|p2a: Kyurem|Scale Shot|p1a: Weavile
|-damage|p1a: Weavile|75/100
|-damage|p1a: Weavile|47/100
|-damage|p1a: Weavile|24/100
|-damage|p1a: Weavile|0 fnt
|faint|p1a: Weavile
|-hitcount|p1: Weavile|4
|-unboost|p2a: Kyurem|def|1
|-boost|p2a: Kyurem|spe|1
|
|upkeep
|
|t:|1758948392
|switch|p1a: Ariados|Ariados, M|100/100
|turn|13
|
|t:|1758948396
|move|p1a: Ariados|Sucker Punch|p2a: Kyurem
|-damage|p2a: Kyurem|0 fnt
|faint|p2a: Kyurem
|
|upkeep
|
|t:|1758948403
|switch|p2a: Cinderace|Cinderace, M|75/100 brn
|turn|14
|
|t:|1758948406
|switch|p1a: Alomomola|Alomomola, F|100/100
|move|p2a: Cinderace|Pyro Ball|p1a: Alomomola
|-resisted|p1a: Alomomola
|-damage|p1a: Alomomola|91/100
|
|-damage|p2a: Cinderace|69/100 brn|[from] brn
|upkeep
|turn|15
|
|t:|1758948412
|move|p2a: Cinderace|U-turn|p1a: Alomomola
|-start|p2a: Cinderace|typechange|Bug|[from] ability: Libero
|-damage|p1a: Alomomola|80/100
|
|t:|1758948414
|switch|p2a: Iron Valiant|Iron Valiant|100/100|[from] U-turn
|-enditem|p2a: Iron Valiant|Booster Energy
|-activate|p2a: Iron Valiant|ability: Quark Drive|[fromitem]
|-start|p2a: Iron Valiant|quarkdrivespe
|move|p1a: Alomomola|Flip Turn|p2a: Iron Valiant
|-crit|p2a: Iron Valiant
|-damage|p2a: Iron Valiant|66/100
|
|t:|1758948422
|switch|p1a: Ariados|Ariados, M|100/100|[from] Flip Turn
|
|upkeep
|turn|16
|
|t:|1758948431
|move|p2a: Iron Valiant|Calm Mind|p2a: Iron Valiant
|-boost|p2a: Iron Valiant|spa|1
|-boost|p2a: Iron Valiant|spd|1
|move|p1a: Ariados|Focus Energy|p1a: Ariados
|-start|p1a: Ariados|move: Focus Energy
|
|upkeep
|turn|17
|
|t:|1758948443
|move|p2a: Iron Valiant|Shadow Ball|p1a: Ariados
|-damage|p1a: Ariados|49/100
|move|p1a: Ariados|Poison Jab|p2a: Iron Valiant
|-supereffective|p2a: Iron Valiant
|-crit|p2a: Iron Valiant
|-damage|p2a: Iron Valiant|0 fnt
|faint|p2a: Iron Valiant
|-end|p2a: Iron Valiant|Quark Drive|[silent]
|
|upkeep
|
|t:|1758948450
|switch|p2a: Cinderace|Cinderace, M|69/100 brn
|turn|18
|
|t:|1758948453
|move|p1a: Ariados|Sucker Punch|p2a: Cinderace
|-crit|p2a: Cinderace
|-damage|p2a: Cinderace|3/100 brn
|move|p2a: Cinderace|Pyro Ball|p1a: Ariados
|-supereffective|p1a: Ariados
|-damage|p1a: Ariados|0 fnt
|faint|p1a: Ariados
|
|-damage|p2a: Cinderace|0 fnt|[from] brn
|faint|p2a: Cinderace
|upkeep
|
|t:|1758948464
|switch|p2a: Kingambit|Kingambit, M|100/100
|switch|p1a: Porygon-Z|Porygon-Z|100/100
|-ability|p1a: Porygon-Z|Download|boost
|-boost|p1a: Porygon-Z|spa|1
|-activate|p2a: Kingambit|ability: Supreme Overlord
|-start|p2a: Kingambit|fallen4|[silent]
|turn|19
|
|t:|1758948472
|move|p1a: Porygon-Z|Thunderbolt|p2a: Kingambit
|-damage|p2a: Kingambit|45/100
|move|p2a: Kingambit|Low Kick|p1a: Porygon-Z
|-supereffective|p1a: Porygon-Z
|-damage|p1a: Porygon-Z|16/100
|
|upkeep
|turn|20
|
|t:|1758948480
|move|p2a: Kingambit|Sucker Punch|p1a: Porygon-Z
|-damage|p1a: Porygon-Z|0 fnt
|faint|p1a: Porygon-Z
|
|upkeep
|
|t:|1758948483
|switch|p1a: Lucario|Lucario, F|100/100
|turn|21
|
|t:|1758948490
|-terastallize|p2a: Kingambit|Fairy
|move|p1a: Lucario|Vacuum Wave|p2a: Kingambit
|-resisted|p2a: Kingambit
|-damage|p2a: Kingambit|29/100
|-damage|p1a: Lucario|91/100|[from] item: Life Orb
|move|p2a: Kingambit|Low Kick|p1a: Lucario
|-supereffective|p1a: Lucario
|-damage|p1a: Lucario|0 fnt
|faint|p1a: Lucario
|
|upkeep
|
|t:|1758948495
|switch|p1a: Alomomola|Alomomola, F|100/100
|turn|22
|
|t:|1758948503
|move|p2a: Kingambit|Swords Dance|p2a: Kingambit
|-boost|p2a: Kingambit|atk|2
|move|p1a: Alomomola|Body Slam|p2a: Kingambit
|-crit|p2a: Kingambit
|-damage|p2a: Kingambit|9/100
|
|upkeep
|turn|23
|
|t:|1758948510
|-terastallize|p1a: Alomomola|Fairy
|move|p2a: Kingambit|Tera Blast|p1a: Alomomola|[anim] Tera Blast Fairy
|-damage|p1a: Alomomola|18/100
|move|p1a: Alomomola|Body Slam|p2a: Kingambit
|-damage|p2a: Kingambit|0 fnt
|faint|p2a: Kingambit
|-end|p2a: Kingambit|fallen4|[silent]
|
|upkeep
|
|t:|1758948517
|switch|p2a: Darkrai|Darkrai|100/100
|turn|24
|
|t:|1758948519
|move|p2a: Darkrai|Sludge Bomb|p1a: Alomomola
|-supereffective|p1a: Alomomola
|-damage|p1a: Alomomola|0 fnt
|faint|p1a: Alomomola
|
|win|alex12381723898
|raw|LousiV's rating: 1209 &rarr; <strong>1185</strong><br />(-24 for losing)
|raw|alex12381723898's rating: 1220 &rarr; <strong>1244</strong><br />(+24 for winning)
|l|☆alex12381723898
|player|p2|
|l|☆LousiV
|player|p1|
