|j|☆back2fally2
|j|☆underquill
|t:|1758963995
|gametype|singles
|player|p1|back2fally2|janine|1230
|player|p2|underquill|102|1298
|gen|9
|tier|[Gen 9] OU
|rated|
|rule|HP Percentage Mod: HP is shown in percentages
|rule|Endless Battle Clause: Forcing endless battles is banned
|rule|Species Clause: Limit one of each Pokémon
|rule|OHKO Clause: OHKO moves are banned
|rule|Evasion Items Clause: Evasion items are banned
|rule|Evasion Moves Clause: Evasion moves are banned
|rule|Evasion Abilities Clause: Evasion abilities are banned
|rule|Sleep Moves Clause: Sleep-inducing moves are banned
|clearpoke
|poke|p1|Ogerpon-Cornerstone, F|
|poke|p1|Hatterene, F|
|poke|p1|Pecharunt|
|poke|p1|Landorus-Therian, M|
|poke|p1|Kingambit, M|
|poke|p1|Latios, M|
|poke|p2|Ninetales-Alola, M|
|poke|p2|Ceruledge, M|
|poke|p2|Haxorus, M|
|poke|p2|Frosmoth, F|
|poke|p2|Ting-Lu|
|poke|p2|Iron Thorns|
|teampreview
|inactive|Battle timer is ON: inactive players will automatically lose when time's up. (requested by back2fally2)
|inactive|underquill also wants the timer to be on.
|
|t:|1758964014
|teamsize|p1|6
|teamsize|p2|6
|start
|switch|p1a: Ogerpon|Ogerpon-Cornerstone, F|100/100
|switch|p2a: Ninetales|Ninetales-Alola, M|100/100
|-weather|Snowscape|[from] ability: Snow Warning|[of] p2a: Ninetales
|turn|1
|
|t:|1758964017
|move|p1a: Ogerpon|Ivy Cudgel|p2a: Ninetales|[anim] Ivy Cudgel Rock
|-supereffective|p2a: Ninetales
|-damage|p2a: Ninetales|0 fnt
|faint|p2a: Ninetales
|
|-weather|Snowscape|[upkeep]
|upkeep
|
|t:|1758964026
|switch|p2a: Ting-Lu|Ting-Lu|100/100
|-ability|p2a: Ting-Lu|Vessel of Ruin
|turn|2
|
|t:|1758964034
|move|p1a: Ogerpon|Swords Dance|p1a: Ogerpon
|-boost|p1a: Ogerpon|atk|2
|move|p2a: Ting-Lu|Heavy Slam|p1a: Ogerpon
|-supereffective|p1a: Ogerpon
|-ability|p1a: Ogerpon|Sturdy
|-damage|p1a: Ogerpon|1/100
|
|-weather|Snowscape|[upkeep]
|upkeep
|turn|3
|
|t:|1758964049
|-terastallize|p2a: Ting-Lu|Dark
|move|p1a: Ogerpon|Power Whip|p2a: Ting-Lu
|-damage|p2a: Ting-Lu|29/100
|move|p2a: Ting-Lu|Heavy Slam|p1a: Ogerpon
|-supereffective|p1a: Ogerpon
|-damage|p1a: Ogerpon|0 fnt
|faint|p1a: Ogerpon
|
|-weather|Snowscape|[upkeep]
|upkeep
|inactive|back2fally2 has 120 seconds left.
|
|t:|1758964086
|switch|p1a: Kingambit|Kingambit, M|100/100
|-activate|p1a: Kingambit|ability: Supreme Overlord
|-start|p1a: Kingambit|fallen1|[silent]
|turn|4
|
|t:|1758964090
|move|p1a: Kingambit|Low Kick|p2a: Ting-Lu
|-supereffective|p2a: Ting-Lu
|-damage|p2a: Ting-Lu|0 fnt
|faint|p2a: Ting-Lu
|
|-weather|Snowscape|[upkeep]
|upkeep
|
|t:|1758964097
|switch|p2a: Haxorus|Haxorus, M|100/100
|-ability|p2a: Haxorus|Mold Breaker
|turn|5
|
|t:|1758964112
|-end|p1a: Kingambit|fallen1|[silent]
|switch|p1a: Landorus|Landorus-Therian, M|100/100
|-ability|p1a: Landorus|Intimidate|boost
|-unboost|p2a: Haxorus|atk|1
|move|p2a: Haxorus|Earthquake|p1a: Landorus
|-immune|p1a: Landorus
|
|-weather|none
|upkeep
|turn|6
|
|t:|1758964129
|move|p2a: Haxorus|Dragon Dance|p2a: Haxorus
|-boost|p2a: Haxorus|atk|1
|-boost|p2a: Haxorus|spe|1
|move|p1a: Landorus|U-turn|p2a: Haxorus
|-damage|p2a: Haxorus|70/100
|
|t:|1758964135
|switch|p1a: Latios|Latios, M|100/100|[from] U-turn
|
|upkeep
|turn|7
|
|t:|1758964141
|move|p1a: Latios|Luster Purge|p2a: Haxorus
|-crit|p2a: Haxorus
|-damage|p2a: Haxorus|0 fnt
|faint|p2a: Haxorus
|
|upkeep
|
|t:|1758964145
|switch|p2a: Frosmoth|Frosmoth, F|100/100
|turn|8
|
|t:|1758964152
|switch|p1a: Hatterene|Hatterene, F|100/100
|move|p2a: Frosmoth|Quiver Dance|p2a: Frosmoth
|-boost|p2a: Frosmoth|spa|1
|-boost|p2a: Frosmoth|spd|1
|-boost|p2a: Frosmoth|spe|1
|
|upkeep
|turn|9
|
|t:|1758964158
|move|p2a: Frosmoth|Quiver Dance|p2a: Frosmoth
|-boost|p2a: Frosmoth|spa|1
|-boost|p2a: Frosmoth|spd|1
|-boost|p2a: Frosmoth|spe|1
|move|p1a: Hatterene|Nuzzle|p2a: Frosmoth
|-damage|p2a: Frosmoth|93/100
|-status|p2a: Frosmoth|par
|
|upkeep
|turn|10
|
|t:|1758964182
|move|p2a: Frosmoth|Quiver Dance|p2a: Frosmoth
|-boost|p2a: Frosmoth|spa|1
|-boost|p2a: Frosmoth|spd|1
|-boost|p2a: Frosmoth|spe|1
|move|p1a: Hatterene|Mystical Fire|p2a: Frosmoth
|-supereffective|p2a: Frosmoth
|-damage|p2a: Frosmoth|65/100 par
|-unboost|p2a: Frosmoth|spa|1
|
|upkeep
|turn|11
|
|t:|1758964185
|move|p2a: Frosmoth|Ice Beam|p1a: Hatterene
|-damage|p1a: Hatterene|36/100
|move|p1a: Hatterene|Mystical Fire|p2a: Frosmoth
|-supereffective|p2a: Frosmoth
|-damage|p2a: Frosmoth|34/100 par
|-unboost|p2a: Frosmoth|spa|1
|
|upkeep
|turn|12
|
|t:|1758964189
|move|p2a: Frosmoth|Ice Beam|p1a: Hatterene
|-damage|p1a: Hatterene|0 fnt
|faint|p1a: Hatterene
|
|upkeep
|inactive|back2fally2 has 120 seconds left.
|
|t:|1758964235
|switch|p1a: Landorus|Landorus-Therian, M|100/100
|-ability|p1a: Landorus|Intimidate|boost
|-unboost|p2a: Frosmoth|atk|1
|turn|13
|
|t:|1758964246
|-terastallize|p1a: Landorus|Water
|move|p2a: Frosmoth|Ice Beam|p1a: Landorus
|-resisted|p1a: Landorus
|-damage|p1a: Landorus|63/100
|move|p1a: Landorus|Earthquake|p2a: Frosmoth
|-resisted|p2a: Frosmoth
|-damage|p2a: Frosmoth|0 fnt
|faint|p2a: Frosmoth
|
|upkeep
|
|t:|1758964258
|switch|p2a: Iron Thorns|Iron Thorns|100/100
|turn|14
|inactive|back2fally2 has 120 seconds left.
|-message|underquill forfeited.
|
|win|back2fally2
|raw|back2fally2's rating: 1230 &rarr; <strong>1260</strong><br />(+30 for winning)
|raw|underquill's rating: 1298 &rarr; <strong>1268</strong><br />(-30 for losing)
|l|☆underquill
|player|p2|
|l|☆back2fally2
|player|p1|
