|j|☆RomanticM
|j|☆All Max
|t:|1758928375
|gametype|singles
|player|p1|RomanticM|morty|1129
|player|p2|All Max|unknown|1171
|gen|9
|tier|[Gen 9] OU
|rated|
|rule|HP Percentage Mod: HP is shown in percentages
|rule|Endless Battle Clause: Forcing endless battles is banned
|rule|Species Clause: Limit one of each Pokémon
|rule|OHKO Clause: OHKO moves are banned
|rule|Evasion Items Clause: Evasion items are banned
|rule|Evasion Moves Clause: Evasion moves are banned
|rule|Evasion Abilities Clause: Evasion abilities are banned
|rule|Sleep Moves Clause: Sleep-inducing moves are banned
|clearpoke
|poke|p1|Dusknoir, F|
|poke|p1|Golurk|
|poke|p1|Hydreigon, M|
|poke|p1|Empoleon, F|
|poke|p1|Florges, F|
|poke|p1|Exeggutor, M|
|poke|p2|Conkeldurr, M|
|poke|p2|Deoxys-Defense|
|poke|p2|Ting-Lu|
|poke|p2|Corviknight, F|
|poke|p2|Froslass, F|
|poke|p2|Lokix, F|
|teampreview
|inactive|Battle timer is ON: inactive players will automatically lose when time's up. (requested by All Max)
|inactive|All Max has 120 seconds left.
|
|t:|1758928408
|teamsize|p1|6
|teamsize|p2|6
|start
|switch|p1a: Dusknoir|Dusknoir, F|100/100
|switch|p2a: Lokix|Lokix, F|100/100
|-ability|p1a: Dusknoir|Pressure
|turn|1
|
|t:|1758928427
|switch|p1a: Florges|Florges, F|100/100
|move|p2a: Lokix|Knock Off|p1a: Florges
|-resisted|p1a: Florges
|-damage|p1a: Florges|24/100
|-enditem|p1a: Florges|Leftovers|[from] move: Knock Off|[of] p2a: Lokix
|
|upkeep
|turn|2
|
|t:|1758928438
|move|p2a: Lokix|Knock Off|p1a: Florges
|-resisted|p1a: Florges
|-damage|p1a: Florges|0 fnt
|faint|p1a: Florges
|
|upkeep
|
|t:|1758928444
|switch|p1a: Hydreigon|Hydreigon, M|100/100
|turn|3
|
|t:|1758928452
|switch|p2a: Ting-Lu|Ting-Lu|100/100
|-ability|p2a: Ting-Lu|Vessel of Ruin
|move|p1a: Hydreigon|Flamethrower|p2a: Ting-Lu
|-damage|p2a: Ting-Lu|90/100
|
|-heal|p2a: Ting-Lu|96/100|[from] item: Leftovers
|upkeep
|turn|4
|
|t:|1758928460
|move|p1a: Hydreigon|Surf|p2a: Ting-Lu
|-supereffective|p2a: Ting-Lu
|-damage|p2a: Ting-Lu|67/100
|move|p2a: Ting-Lu|Stealth Rock|p1a: Hydreigon
|-sidestart|p1: RomanticM|move: Stealth Rock
|
|-heal|p2a: Ting-Lu|73/100|[from] item: Leftovers
|upkeep
|turn|5
|
|t:|1758928472
|switch|p2a: Froslass|Froslass, F|100/100
|move|p1a: Hydreigon|Surf|p2a: Froslass
|-damage|p2a: Froslass|54/100
|
|upkeep
|turn|6
|
|t:|1758928478
|move|p2a: Froslass|Destiny Bond|p2a: Froslass
|-singlemove|p2a: Froslass|Destiny Bond
|move|p1a: Hydreigon|Dark Pulse|p2a: Froslass
|-supereffective|p2a: Froslass
|-damage|p2a: Froslass|0 fnt
|faint|p2a: Froslass
|-activate|p2a: Froslass|move: Destiny Bond
|faint|p1a: Hydreigon
|
|upkeep
|
|t:|1758928496
|switch|p2a: Conkeldurr|Conkeldurr, M|100/100
|switch|p1a: Golurk|Golurk|100/100
|-damage|p1a: Golurk|94/100|[from] Stealth Rock
|turn|7
|
|t:|1758928513
|switch|p2a: Lokix|Lokix, F|100/100
|switch|p1a: Exeggutor|Exeggutor, M|100/100
|-damage|p1a: Exeggutor|88/100|[from] Stealth Rock
|
|upkeep
|turn|8
|
|t:|1758928528
|switch|p1a: Golurk|Golurk|94/100
|-damage|p1a: Golurk|88/100|[from] Stealth Rock
|move|p2a: Lokix|U-turn|p1a: Golurk
|-resisted|p1a: Golurk
|-damage|p1a: Golurk|37/100
|
|t:|1758928537
|switch|p2a: Deoxys|Deoxys-Defense|100/100|[from] U-turn
|-ability|p2a: Deoxys|Pressure
|
|-heal|p1a: Golurk|44/100|[from] item: Leftovers
|upkeep
|turn|9
|
|t:|1758928545
|-terastallize|p2a: Deoxys|Poison
|move|p2a: Deoxys|Cosmic Power|p2a: Deoxys
|-boost|p2a: Deoxys|def|1
|-boost|p2a: Deoxys|spd|1
|move|p1a: Golurk|Poltergeist|p2a: Deoxys
|-activate|p2a: Deoxys|move: Poltergeist|Leftovers
|-damage|p2a: Deoxys|78/100
|
|-heal|p2a: Deoxys|85/100|[from] item: Leftovers
|-heal|p1a: Golurk|50/100|[from] item: Leftovers
|upkeep
|turn|10
|
|t:|1758928561
|move|p2a: Deoxys|Cosmic Power|p2a: Deoxys
|-boost|p2a: Deoxys|def|1
|-boost|p2a: Deoxys|spd|1
|move|p1a: Golurk|Dynamic Punch|p2a: Deoxys
|-resisted|p2a: Deoxys
|-damage|p2a: Deoxys|80/100
|-start|p2a: Deoxys|confusion
|
|-heal|p2a: Deoxys|86/100|[from] item: Leftovers
|-heal|p1a: Golurk|56/100|[from] item: Leftovers
|upkeep
|turn|11
|
|t:|1758928574
|-activate|p2a: Deoxys|confusion
|move|p2a: Deoxys|Cosmic Power|p2a: Deoxys
|-boost|p2a: Deoxys|def|1
|-boost|p2a: Deoxys|spd|1
|move|p1a: Golurk|Earthquake|p2a: Deoxys
|-supereffective|p2a: Deoxys
|-damage|p2a: Deoxys|62/100
|
|-heal|p2a: Deoxys|69/100|[from] item: Leftovers
|-heal|p1a: Golurk|62/100|[from] item: Leftovers
|upkeep
|turn|12
|
|t:|1758928584
|-activate|p2a: Deoxys|confusion
|-damage|p2a: Deoxys|67/100|[from] confusion
|move|p1a: Golurk|Earthquake|p2a: Deoxys
|-supereffective|p2a: Deoxys
|-damage|p2a: Deoxys|43/100
|
|-heal|p2a: Deoxys|49/100|[from] item: Leftovers
|-heal|p1a: Golurk|69/100|[from] item: Leftovers
|upkeep
|turn|13
|
|t:|1758928592
|-activate|p2a: Deoxys|confusion
|-damage|p2a: Deoxys|47/100|[from] confusion
|move|p1a: Golurk|Earthquake|p2a: Deoxys
|-supereffective|p2a: Deoxys
|-damage|p2a: Deoxys|24/100
|
|-heal|p2a: Deoxys|30/100|[from] item: Leftovers
|-heal|p1a: Golurk|75/100|[from] item: Leftovers
|upkeep
|turn|14
|
|t:|1758928600
|-end|p2a: Deoxys|confusion
|move|p2a: Deoxys|Recover|p2a: Deoxys
|-heal|p2a: Deoxys|80/100
|move|p1a: Golurk|Earthquake|p2a: Deoxys
|-supereffective|p2a: Deoxys
|-damage|p2a: Deoxys|56/100
|
|-heal|p2a: Deoxys|62/100|[from] item: Leftovers
|-heal|p1a: Golurk|81/100|[from] item: Leftovers
|upkeep
|turn|15
|
|t:|1758928610
|move|p2a: Deoxys|Stored Power|p1a: Golurk
|-damage|p1a: Golurk|49/100
|move|p1a: Golurk|Dynamic Punch|p2a: Deoxys
|-resisted|p2a: Deoxys
|-damage|p2a: Deoxys|58/100
|-start|p2a: Deoxys|confusion
|
|-heal|p2a: Deoxys|64/100|[from] item: Leftovers
|-heal|p1a: Golurk|55/100|[from] item: Leftovers
|upkeep
|turn|16
|
|t:|1758928620
|-activate|p2a: Deoxys|confusion
|move|p2a: Deoxys|Cosmic Power|p2a: Deoxys
|-boost|p2a: Deoxys|def|1
|-boost|p2a: Deoxys|spd|1
|move|p1a: Golurk|Earthquake|p2a: Deoxys
|-supereffective|p2a: Deoxys
|-damage|p2a: Deoxys|43/100
|
|-heal|p2a: Deoxys|49/100|[from] item: Leftovers
|-heal|p1a: Golurk|61/100|[from] item: Leftovers
|upkeep
|turn|17
|
|t:|1758928629
|-activate|p2a: Deoxys|confusion
|-damage|p2a: Deoxys|47/100|[from] confusion
|move|p1a: Golurk|Earthquake|p2a: Deoxys
|-supereffective|p2a: Deoxys
|-damage|p2a: Deoxys|25/100
|
|-heal|p2a: Deoxys|32/100|[from] item: Leftovers
|-heal|p1a: Golurk|68/100|[from] item: Leftovers
|upkeep
|turn|18
|
|t:|1758928637
|-end|p2a: Deoxys|confusion
|move|p2a: Deoxys|Recover|p2a: Deoxys
|-heal|p2a: Deoxys|82/100
|move|p1a: Golurk|Earthquake|p2a: Deoxys
|-supereffective|p2a: Deoxys
|-damage|p2a: Deoxys|58/100
|
|-heal|p2a: Deoxys|64/100|[from] item: Leftovers
|-heal|p1a: Golurk|74/100|[from] item: Leftovers
|upkeep
|turn|19
|
|t:|1758928647
|move|p2a: Deoxys|Cosmic Power|p2a: Deoxys
|-boost|p2a: Deoxys|def|1
|-boost|p2a: Deoxys|spd|1
|move|p1a: Golurk|Earthquake|p2a: Deoxys
|-supereffective|p2a: Deoxys
|-damage|p2a: Deoxys|45/100
|
|-heal|p2a: Deoxys|51/100|[from] item: Leftovers
|-heal|p1a: Golurk|80/100|[from] item: Leftovers
|upkeep
|turn|20
|
|t:|1758928659
|move|p2a: Deoxys|Recover|p2a: Deoxys
|-heal|p2a: Deoxys|100/100
|move|p1a: Golurk|Dynamic Punch|p2a: Deoxys
|-resisted|p2a: Deoxys
|-damage|p2a: Deoxys|98/100
|-start|p2a: Deoxys|confusion
|
|-heal|p2a: Deoxys|100/100|[from] item: Leftovers
|-heal|p1a: Golurk|86/100|[from] item: Leftovers
|upkeep
|turn|21
|
|t:|1758928670
|switch|p1a: Exeggutor|Exeggutor, M|88/100
|-damage|p1a: Exeggutor|76/100|[from] Stealth Rock
|-activate|p2a: Deoxys|confusion
|move|p2a: Deoxys|Cosmic Power|p2a: Deoxys
|-boost|p2a: Deoxys|def|1
|-boost|p2a: Deoxys|spd|1
|
|upkeep
|turn|22
|
|t:|1758928679
|-activate|p2a: Deoxys|confusion
|move|p2a: Deoxys|Stored Power|p1a: Exeggutor
|-resisted|p1a: Exeggutor
|-damage|p1a: Exeggutor|46/100
|-enditem|p1a: Exeggutor|Sitrus Berry|[eat]
|-heal|p1a: Exeggutor|70/100|[from] item: Sitrus Berry
|move|p1a: Exeggutor|Future Sight|p2a: Deoxys
|-start|p1a: Exeggutor|move: Future Sight
|
|-item|p1a: Exeggutor|Sitrus Berry|[from] ability: Harvest
|upkeep
|turn|23
|
|t:|1758928691
|-activate|p2a: Deoxys|confusion
|move|p2a: Deoxys|Stored Power|p1a: Exeggutor
|-resisted|p1a: Exeggutor
|-damage|p1a: Exeggutor|40/100
|-enditem|p1a: Exeggutor|Sitrus Berry|[eat]
|-heal|p1a: Exeggutor|65/100|[from] item: Sitrus Berry
|move|p1a: Exeggutor|Psychic|p2a: Deoxys
|-supereffective|p2a: Deoxys
|-damage|p2a: Deoxys|88/100
|
|-heal|p2a: Deoxys|94/100|[from] item: Leftovers
|upkeep
|turn|24
|
|t:|1758928701
|-end|p2a: Deoxys|confusion
|move|p2a: Deoxys|Stored Power|p1a: Exeggutor
|-resisted|p1a: Exeggutor
|-damage|p1a: Exeggutor|38/100
|move|p1a: Exeggutor|Psychic|p2a: Deoxys
|-supereffective|p2a: Deoxys
|-damage|p2a: Deoxys|82/100
|
|-end|p2a: Deoxys|move: Future Sight
|-supereffective|p2a: Deoxys
|-damage|p2a: Deoxys|65/100
|-heal|p2a: Deoxys|71/100|[from] item: Leftovers
|-item|p1a: Exeggutor|Sitrus Berry|[from] ability: Harvest
|upkeep
|-enditem|p1a: Exeggutor|Sitrus Berry|[eat]
|-heal|p1a: Exeggutor|62/100|[from] item: Sitrus Berry
|turn|25
|c|☆All Max|Ok this Deoxys is wrong builded...
|c|☆RomanticM|thats tuff
|
|t:|1758928730
|move|p2a: Deoxys|Stored Power|p1a: Exeggutor
|-resisted|p1a: Exeggutor
|-damage|p1a: Exeggutor|32/100
|move|p1a: Exeggutor|Future Sight|p2a: Deoxys
|-start|p1a: Exeggutor|move: Future Sight
|
|-heal|p2a: Deoxys|77/100|[from] item: Leftovers
|upkeep
|turn|26
|c|☆All Max|But the damage is minimum
|inactive|RomanticM has 120 seconds left.
|
|t:|1758928748
|move|p2a: Deoxys|Stored Power|p1a: Exeggutor
|-resisted|p1a: Exeggutor
|-damage|p1a: Exeggutor|0 fnt
|faint|p1a: Exeggutor
|
|-heal|p2a: Deoxys|83/100|[from] item: Leftovers
|upkeep
|inactive|RomanticM has 120 seconds left.
|
|t:|1758928762
|switch|p1a: Dusknoir|Dusknoir, F|100/100
|-damage|p1a: Dusknoir|88/100|[from] Stealth Rock
|-ability|p1a: Dusknoir|Pressure
|turn|27
|inactive|RomanticM has 120 seconds left.
|
|t:|1758928771
|move|p2a: Deoxys|Stored Power|p1a: Dusknoir
|-damage|p1a: Dusknoir|32/100
|move|p1a: Dusknoir|Earthquake|p2a: Deoxys
|-supereffective|p2a: Deoxys
|-damage|p2a: Deoxys|72/100
|
|-end|p2a: Deoxys|move: Future Sight
|-supereffective|p2a: Deoxys
|-damage|p2a: Deoxys|54/100
|-heal|p2a: Deoxys|61/100|[from] item: Leftovers
|-heal|p1a: Dusknoir|38/100|[from] item: Leftovers
|upkeep
|turn|28
|inactive|RomanticM has 120 seconds left.
|
|t:|1758928782
|move|p2a: Deoxys|Stored Power|p1a: Dusknoir
|-damage|p1a: Dusknoir|0 fnt
|faint|p1a: Dusknoir
|
|-heal|p2a: Deoxys|67/100|[from] item: Leftovers
|upkeep
|-message|RomanticM forfeited.
|
|win|All Max
|raw|RomanticM's rating: 1129 &rarr; <strong>1107</strong><br />(-22 for losing)
|raw|All Max's rating: 1171 &rarr; <strong>1193</strong><br />(+22 for winning)
|l|☆RomanticM
|player|p1|
|l|☆All Max
|player|p2|
