|j|☆LousiV
|j|‽only the lonely
|t:|1758939733
|gametype|singles
|player|p1|LousiV|volkner|1134
|player|p2|only the lonely|unknownf|1167
|gen|9
|tier|[Gen 9] OU
|rated|
|rule|HP Percentage Mod: HP is shown in percentages
|rule|Endless Battle Clause: Forcing endless battles is banned
|rule|Species Clause: Limit one of each Pokémon
|rule|OHKO Clause: OHKO moves are banned
|rule|Evasion Items Clause: Evasion items are banned
|rule|Evasion Moves Clause: Evasion moves are banned
|rule|Evasion Abilities Clause: Evasion abilities are banned
|rule|Sleep Moves Clause: Sleep-inducing moves are banned
|clearpoke
|poke|p1|Golduck, F|
|poke|p1|Ariados, M|
|poke|p1|Charizard, M|
|poke|p1|Torkoal, F|
|poke|p1|Victreebel, F|
|poke|p1|Gallade, M|
|poke|p2|Lokix, F|
|poke|p2|Iron Crown|
|poke|p2|Hatterene, F|
|poke|p2|Zamazenta-*|
|poke|p2|Cinderace, F|
|poke|p2|Raging Bolt|
|teampreview
|inactive|Battle timer is ON: inactive players will automatically lose when time's up. (requested by only the lonely)
|
|t:|1758939740
|teamsize|p1|6
|teamsize|p2|6
|start
|switch|p1a: Torkoal|Torkoal, F|100/100
|switch|p2a: Lokix|Lokix, F|100/100
|-weather|SunnyDay|[from] ability: Drought|[of] p1a: Torkoal
|turn|1
|
|t:|1758939750
|move|p2a: Lokix|U-turn|p1a: Torkoal
|-resisted|p1a: Torkoal
|-damage|p1a: Torkoal|64/100
|
|t:|1758939752
|switch|p2a: Hatterene|Hatterene, F|100/100|[from] U-turn
|move|p1a: Torkoal|Stealth Rock|p2a: Hatterene
|move|p2a: Hatterene|Stealth Rock|p1a: Torkoal|[from] ability: Magic Bounce
|-sidestart|p1: LousiV|move: Stealth Rock
|
|-weather|SunnyDay|[upkeep]
|upkeep
|turn|2
|
|t:|1758939759
|move|p2a: Hatterene|Nuzzle|p1a: Torkoal
|-damage|p1a: Torkoal|61/100
|-status|p1a: Torkoal|par
|move|p1a: Torkoal|Rapid Spin|p2a: Hatterene
|-damage|p2a: Hatterene|90/100
|-boost|p1a: Torkoal|spe|1
|-sideend|p1: LousiV|Stealth Rock|[from] move: Rapid Spin|[of] p1a: Torkoal
|
|-weather|SunnyDay|[upkeep]
|upkeep
|turn|3
|
|t:|1758939767
|switch|p1a: Victreebel|Victreebel, F|100/100
|move|p2a: Hatterene|Psyshock|p1a: Victreebel
|-supereffective|p1a: Victreebel
|-damage|p1a: Victreebel|0 fnt
|faint|p1a: Victreebel
|
|-weather|SunnyDay|[upkeep]
|upkeep
|
|t:|1758939771
|switch|p1a: Charizard|Charizard, M|100/100
|turn|4
|
|t:|1758939780
|move|p1a: Charizard|Overheat|p2a: Hatterene
|-damage|p2a: Hatterene|0 fnt
|-unboost|p1a: Charizard|spa|2
|faint|p2a: Hatterene
|
|-weather|SunnyDay|[upkeep]
|-damage|p1a: Charizard|88/100|[from] ability: Solar Power|[of] p1a: Charizard
|upkeep
|
|t:|1758939784
|switch|p2a: Cinderace|Cinderace, F|100/100
|turn|5
|
|t:|1758939787
|switch|p1a: Golduck|Golduck, F|100/100
|-ability|p1a: Golduck|Cloud Nine
|move|p2a: Cinderace|Pyro Ball|p1a: Golduck
|-resisted|p1a: Golduck
|-damage|p1a: Golduck|69/100
|
|-weather|SunnyDay|[upkeep]
|upkeep
|turn|6
|
|t:|1758939793
|move|p2a: Cinderace|U-turn|p1a: Golduck
|-start|p2a: Cinderace|typechange|Bug|[from] ability: Libero
|-damage|p1a: Golduck|26/100
|
|t:|1758939795
|switch|p2a: Raging Bolt|Raging Bolt|100/100|[from] U-turn
|move|p1a: Golduck|Hydro Pump|p2a: Raging Bolt
|-resisted|p2a: Raging Bolt
|-damage|p2a: Raging Bolt|79/100
|
|-weather|SunnyDay|[upkeep]
|-heal|p2a: Raging Bolt|85/100|[from] item: Leftovers
|upkeep
|turn|7
|inactive|LousiV has 120 seconds left.
|
|t:|1758939832
|move|p1a: Golduck|Ice Beam|p2a: Raging Bolt
|-supereffective|p2a: Raging Bolt
|-damage|p2a: Raging Bolt|39/100
|-status|p2a: Raging Bolt|frz
|cant|p2a: Raging Bolt|frz
|
|-weather|SunnyDay|[upkeep]
|-heal|p2a: Raging Bolt|46/100 frz|[from] item: Leftovers
|upkeep
|turn|8
|
|t:|1758939841
|move|p1a: Golduck|Ice Beam|p2a: Raging Bolt
|-supereffective|p2a: Raging Bolt
|-damage|p2a: Raging Bolt|0 fnt
|faint|p2a: Raging Bolt
|-end|p2a: Raging Bolt|Protosynthesis|[silent]
|
|-weather|none
|upkeep
|
|t:|1758939843
|switch|p2a: Zamazenta|Zamazenta|100/100
|-ability|p2a: Zamazenta|Dauntless Shield|boost
|-boost|p2a: Zamazenta|def|1
|turn|9
|
|t:|1758939850
|switch|p1a: Torkoal|Torkoal, F|61/100 par
|-weather|SunnyDay|[from] ability: Drought|[of] p1a: Torkoal
|move|p2a: Zamazenta|Iron Defense|p2a: Zamazenta
|-boost|p2a: Zamazenta|def|2
|
|-weather|SunnyDay|[upkeep]
|upkeep
|turn|10
|
|t:|1758939867
|-terastallize|p2a: Zamazenta|Fire
|move|p2a: Zamazenta|Iron Defense|p2a: Zamazenta
|-boost|p2a: Zamazenta|def|2
|move|p1a: Torkoal|Stealth Rock|p2a: Zamazenta
|-sidestart|p2: only the lonely|move: Stealth Rock
|
|-weather|SunnyDay|[upkeep]
|upkeep
|turn|11
|
|t:|1758939882
|switch|p1a: Charizard|Charizard, M|88/100
|move|p2a: Zamazenta|Body Press|p1a: Charizard
|-resisted|p1a: Charizard
|-damage|p1a: Charizard|3/100
|
|-weather|SunnyDay|[upkeep]
|-damage|p1a: Charizard|0 fnt|[from] ability: Solar Power|[of] p1a: Charizard
|faint|p1a: Charizard
|upkeep
|
|t:|1758939903
|switch|p1a: Gallade|Gallade, M, shiny|100/100
|turn|12
|
|t:|1758939917
|move|p2a: Zamazenta|Body Press|p1a: Gallade
|-resisted|p1a: Gallade
|-damage|p1a: Gallade|6/100
|move|p1a: Gallade|Psycho Cut|p2a: Zamazenta
|-damage|p2a: Zamazenta|88/100
|
|-weather|SunnyDay|[upkeep]
|-heal|p2a: Zamazenta|94/100|[from] item: Leftovers
|-heal|p1a: Gallade|12/100|[from] item: Leftovers
|upkeep
|turn|13
|
|t:|1758939930
|move|p2a: Zamazenta|Body Press|p1a: Gallade
|-resisted|p1a: Gallade
|-damage|p1a: Gallade|0 fnt
|faint|p1a: Gallade
|
|-weather|SunnyDay|[upkeep]
|-heal|p2a: Zamazenta|100/100|[from] item: Leftovers
|upkeep
|
|t:|1758939932
|switch|p1a: Ariados|Ariados, M|100/100
|turn|14
|
|t:|1758939938
|move|p2a: Zamazenta|Body Press|p1a: Ariados
|-resisted|p1a: Ariados
|-damage|p1a: Ariados|61/100
|move|p1a: Ariados|Knock Off|p2a: Zamazenta
|-damage|p2a: Zamazenta|94/100
|-enditem|p2a: Zamazenta|Leftovers|[from] move: Knock Off|[of] p1a: Ariados
|
|-weather|SunnyDay|[upkeep]
|upkeep
|turn|15
|-message|LousiV forfeited.
|
|win|only the lonely
|raw|LousiV's rating: 1134 &rarr; <strong>1113</strong><br />(-21 for losing)
|raw|only the lonely's rating: 1194 &rarr; <strong>1215</strong><br />(+21 for winning)
|l|☆LousiV
|player|p1|
|l|‽only the lonely
|player|p2|
