|j|☆venjazanzhes123
|j|☆Rustyaftergen4
|t:|1758974927
|gametype|singles
|player|p1|venjazanzhes123|blue|1432
|player|p2|Rustyaftergen4|benga|1414
|gen|9
|tier|[Gen 9] OU
|rated|
|rule|HP Percentage Mod: HP is shown in percentages
|rule|Endless Battle Clause: Forcing endless battles is banned
|rule|Species Clause: Limit one of each Pokémon
|rule|OHKO Clause: OHKO moves are banned
|rule|Evasion Items Clause: Evasion items are banned
|rule|Evasion Moves Clause: Evasion moves are banned
|rule|Evasion Abilities Clause: Evasion abilities are banned
|rule|Sleep Moves Clause: Sleep-inducing moves are banned
|clearpoke
|poke|p1|Goodra-Hisui, M|
|poke|p1|Dragapult, M|
|poke|p1|Dragonite, M|
|poke|p1|Slowking-Galar, M|
|poke|p1|Corviknight, M|
|poke|p1|Quagsire, M|
|poke|p2|Dragonite, M|
|poke|p2|Heatran, F|
|poke|p2|Landorus-Therian, M|
|poke|p2|Manaphy|
|poke|p2|Kyurem|
|poke|p2|Hydrapple, F|
|teampreview
|
|t:|1758974937
|teamsize|p1|6
|teamsize|p2|6
|start
|switch|p1a: Quagsire|Quagsire, M|100/100
|switch|p2a: Kyurem|Kyurem|100/100
|-ability|p2a: Kyurem|Pressure
|turn|1
|
|t:|1758974944
|switch|p1a: Goodra|Goodra-Hisui, M|100/100
|move|p2a: Kyurem|Icicle Spear|p1a: Goodra
|-damage|p1a: Goodra|86/100
|-damage|p1a: Goodra|71/100
|-damage|p1a: Goodra|57/100
|-damage|p1a: Goodra|43/100
|-hitcount|p1a: Goodra|4
|
|upkeep
|turn|2
|
|t:|1758974958
|-terastallize|p2a: Kyurem|Electric
|move|p2a: Kyurem|Substitute|p2a: Kyurem
|-start|p2a: Kyurem|Substitute
|-damage|p2a: Kyurem|76/100
|move|p1a: Goodra|Dragon Pulse|p2a: Kyurem
|-end|p2a: Kyurem|Substitute
|
|upkeep
|turn|3
|
|t:|1758974966
|move|p2a: Kyurem|Dragon Dance|p2a: Kyurem
|-boost|p2a: Kyurem|atk|1
|-boost|p2a: Kyurem|spe|1
|move|p1a: Goodra|Dragon Pulse|p2a: Kyurem
|-damage|p2a: Kyurem|32/100
|
|upkeep
|turn|4
|
|t:|1758974973
|switch|p1a: Quagsire|Quagsire, M|100/100
|move|p2a: Kyurem|Scale Shot|p1a: Quagsire
|-damage|p1a: Quagsire|90/100
|-damage|p1a: Quagsire|80/100
|-damage|p1a: Quagsire|70/100
|-damage|p1a: Quagsire|60/100
|-damage|p1a: Quagsire|49/100
|-enditem|p1a: Quagsire|Sitrus Berry|[eat]
|-heal|p1a: Quagsire|74/100|[from] item: Sitrus Berry
|-hitcount|p1a: Quagsire|5
|-unboost|p2a: Kyurem|def|1
|-boost|p2a: Kyurem|spe|1
|
|upkeep
|turn|5
|
|t:|1758974988
|move|p2a: Kyurem|Icicle Spear|p1a: Quagsire
|-damage|p1a: Quagsire|63/100
|-damage|p1a: Quagsire|53/100
|-damage|p1a: Quagsire|43/100
|-damage|p1a: Quagsire|33/100
|-hitcount|p1a: Quagsire|4
|move|p1a: Quagsire|Earthquake|p2a: Kyurem
|-supereffective|p2a: Kyurem
|-damage|p2a: Kyurem|0 fnt
|faint|p2a: Kyurem
|
|upkeep
|
|t:|1758974999
|switch|p2a: Hydrapple|Hydrapple, F|100/100
|turn|6
|
|t:|1758975006
|move|p2a: Hydrapple|Nasty Plot|p2a: Hydrapple
|-boost|p2a: Hydrapple|spa|2
|move|p1a: Quagsire|Toxic|p2a: Hydrapple
|-status|p2a: Hydrapple|tox
|
|-damage|p2a: Hydrapple|94/100 tox|[from] psn
|upkeep
|turn|7
|
|t:|1758975013
|move|p2a: Hydrapple|Giga Drain|p1a: Quagsire
|-supereffective|p1a: Quagsire
|-damage|p1a: Quagsire|0 fnt
|-heal|p2a: Hydrapple|100/100 tox|[from] drain|[of] p1a: Quagsire
|faint|p1a: Quagsire
|
|-damage|p2a: Hydrapple|88/100 tox|[from] psn
|upkeep
|
|t:|1758975018
|switch|p1a: Goodra|Goodra-Hisui, M|43/100
|turn|8
|
|t:|1758975023
|move|p1a: Goodra|Ice Beam|p2a: Hydrapple
|-supereffective|p2a: Hydrapple
|-damage|p2a: Hydrapple|0 fnt
|faint|p2a: Hydrapple
|
|upkeep
|
|t:|1758975028
|switch|p2a: Heatran|Heatran, F|100/100
|turn|9
|
|t:|1758975031
|move|p2a: Heatran|Magma Storm|p1a: Goodra|[miss]
|-miss|p2a: Heatran|p1a: Goodra
|move|p1a: Goodra|Dragon Pulse|p2a: Heatran
|-resisted|p2a: Heatran
|-damage|p2a: Heatran|88/100
|
|upkeep
|turn|10
|
|t:|1758975038
|move|p2a: Heatran|Magma Storm|p1a: Goodra
|-damage|p1a: Goodra|25/100
|-activate|p1a: Goodra|move: Magma Storm|[of] p2a: Heatran
|move|p1a: Goodra|Dragon Pulse|p2a: Heatran
|-resisted|p2a: Heatran
|-damage|p2a: Heatran|75/100
|
|-damage|p1a: Goodra|12/100|[from] move: Magma Storm|[partiallytrapped]
|upkeep
|turn|11
|
|t:|1758975046
|move|p2a: Heatran|Protect|p2a: Heatran
|-singleturn|p2a: Heatran|Protect
|move|p1a: Goodra|Dragon Pulse|p2a: Heatran
|-activate|p2a: Heatran|move: Protect
|
|-damage|p1a: Goodra|0 fnt|[from] move: Magma Storm|[partiallytrapped]
|faint|p1a: Goodra
|upkeep
|
|t:|1758975053
|switch|p1a: Dragonite|Dragonite, M|100/100
|turn|12
|
|t:|1758975057
|move|p1a: Dragonite|Earthquake|p2a: Heatran
|-supereffective|p2a: Heatran
|-damage|p2a: Heatran|0 fnt
|faint|p2a: Heatran
|
|upkeep
|
|t:|1758975063
|switch|p2a: Landorus|Landorus-Therian, M|100/100
|-ability|p2a: Landorus|Intimidate|boost
|-unboost|p1a: Dragonite|atk|1
|turn|13
|
|t:|1758975068
|move|p2a: Landorus|Rock Tomb|p1a: Dragonite
|-supereffective|p1a: Dragonite
|-damage|p1a: Dragonite|71/100
|-unboost|p1a: Dragonite|spe|1
|-enditem|p1a: Dragonite|Weakness Policy
|-boost|p1a: Dragonite|atk|2|[from] item: Weakness Policy
|-boost|p1a: Dragonite|spa|2|[from] item: Weakness Policy
|move|p1a: Dragonite|Dragon Dance|p1a: Dragonite
|-boost|p1a: Dragonite|atk|1
|-boost|p1a: Dragonite|spe|1
|
|upkeep
|turn|14
|
|t:|1758975078
|move|p2a: Landorus|Rock Tomb|p1a: Dragonite|[miss]
|-miss|p2a: Landorus|p1a: Dragonite
|move|p1a: Dragonite|Ice Spinner|p2a: Landorus
|-supereffective|p2a: Landorus
|-damage|p2a: Landorus|0 fnt
|faint|p2a: Landorus
|
|upkeep
|
|t:|1758975085
|switch|p2a: Dragonite|Dragonite, M|100/100
|turn|15
|
|t:|1758975089
|move|p1a: Dragonite|Ice Spinner|p2a: Dragonite
|-supereffective|p2a: Dragonite
|-damage|p2a: Dragonite|0 fnt
|faint|p2a: Dragonite
|
|upkeep
|
|t:|1758975094
|switch|p2a: Manaphy|Manaphy|100/100
|turn|16
|
|t:|1758975097
|-terastallize|p1a: Dragonite|Steel
|move|p1a: Dragonite|Earthquake|p2a: Manaphy
|-damage|p2a: Manaphy|39/100
|move|p2a: Manaphy|Acid Armor|p2a: Manaphy
|-boost|p2a: Manaphy|def|2
|
|-heal|p2a: Manaphy|45/100|[from] item: Leftovers
|upkeep
|turn|17
|
|t:|1758975107
|move|p1a: Dragonite|Earthquake|p2a: Manaphy
|-damage|p2a: Manaphy|14/100
|move|p2a: Manaphy|Scald|p1a: Dragonite
|-damage|p1a: Dragonite|33/100
|
|-heal|p2a: Manaphy|20/100|[from] item: Leftovers
|upkeep
|turn|18
|
|t:|1758975114
|move|p1a: Dragonite|Earthquake|p2a: Manaphy
|-damage|p2a: Manaphy|0 fnt
|faint|p2a: Manaphy
|
|win|venjazanzhes123
|raw|venjazanzhes123's rating: 1432 &rarr; <strong>1451</strong><br />(+19 for winning)
|raw|Rustyaftergen4's rating: 1414 &rarr; <strong>1395</strong><br />(-19 for losing)
|l|☆venjazanzhes123
|player|p1|
|l|☆Rustyaftergen4
|player|p2|
