|j|☆EnjoyedSiren
|j|☆Decadeking
|t:|1759048998
|gametype|singles
|player|p1|EnjoyedSiren|giovanni|1095
|player|p2|Decadeking|iris-gen5bw2|1136
|gen|9
|tier|[Gen 9] OU
|rated|
|rule|HP Percentage Mod: HP is shown in percentages
|rule|Endless Battle Clause: Forcing endless battles is banned
|rule|Species Clause: Limit one of each Pokémon
|rule|OHKO Clause: OHKO moves are banned
|rule|Evasion Items Clause: Evasion items are banned
|rule|Evasion Moves Clause: Evasion moves are banned
|rule|Evasion Abilities Clause: Evasion abilities are banned
|rule|Sleep Moves Clause: Sleep-inducing moves are banned
|clearpoke
|poke|p1|Sawsbuck-Autumn, F|
|poke|p1|Armarouge, F|
|poke|p1|Torkoal, M|
|poke|p1|Primarina, F|
|poke|p1|Basculegion, M|
|poke|p1|Pelipper, M|
|poke|p2|Pikachu, F|
|poke|p2|Greninja-*, M|
|poke|p2|Charizard, M|
|poke|p2|Krookodile, M|
|poke|p2|Zoroark-Hisui, M|
|poke|p2|Meowscarada, F|
|teampreview
|inactive|Battle timer is ON: inactive players will automatically lose when time's up. (requested by EnjoyedSiren)
|
|t:|1759049004
|teamsize|p1|6
|teamsize|p2|6
|start
|switch|p1a: Armarouge|Armarouge, F|100/100
|switch|p2a: Meowscarada|Meowscarada, F, shiny|100/100
|turn|1
|
|t:|1759049014
|move|p2a: Meowscarada|U-turn|p1a: Armarouge
|-start|p2a: Meowscarada|typechange|Bug|[from] ability: Protean
|-damage|p1a: Armarouge|56/100
|-ability|p1a: Armarouge|Weak Armor|boost
|-unboost|p1a: Armarouge|def|1
|-boost|p1a: Armarouge|spe|2
|
|t:|1759049024
|switch|p2a: Greninja|Greninja, M, shiny|100/100|[from] U-turn
|move|p1a: Armarouge|Calm Mind|p1a: Armarouge
|-boost|p1a: Armarouge|spa|1
|-boost|p1a: Armarouge|spd|1
|
|upkeep
|turn|2
|
|t:|1759049035
|-terastallize|p2a: Greninja|Water
|move|p2a: Greninja|Water Shuriken|p1a: Armarouge
|-supereffective|p1a: Armarouge
|-damage|p1a: Armarouge|30/100
|-supereffective|p1a: Armarouge
|-damage|p1a: Armarouge|7/100
|-hitcount|p1a: Armarouge|2
|move|p1a: Armarouge|Armor Cannon|p2a: Greninja
|-resisted|p2a: Greninja
|-damage|p2a: Greninja|22/100
|-unboost|p1a: Armarouge|def|1
|-unboost|p1a: Armarouge|spd|1
|
|upkeep
|turn|3
|
|t:|1759049046
|move|p2a: Greninja|Water Shuriken|p1a: Armarouge
|-supereffective|p1a: Armarouge
|-damage|p1a: Armarouge|0 fnt
|faint|p1a: Armarouge
|-hitcount|p1: Armarouge|1
|
|upkeep
|
|t:|1759049051
|switch|p1a: Torkoal|Torkoal, M|100/100
|-weather|SunnyDay|[from] ability: Drought|[of] p1a: Torkoal
|turn|4
|
|t:|1759049057
|move|p2a: Greninja|Water Shuriken|p1a: Torkoal
|-supereffective|p1a: Torkoal
|-damage|p1a: Torkoal|82/100
|-supereffective|p1a: Torkoal
|-damage|p1a: Torkoal|64/100
|-supereffective|p1a: Torkoal
|-damage|p1a: Torkoal|47/100
|-hitcount|p1a: Torkoal|3
|move|p1a: Torkoal|Lava Plume|p2a: Greninja
|-resisted|p2a: Greninja
|-damage|p2a: Greninja|0 fnt
|faint|p2a: Greninja
|
|-weather|SunnyDay|[upkeep]
|upkeep
|
|t:|1759049067
|switch|p2a: Pikachu|Pikachu, F|100/100
|turn|5
|
|t:|1759049085
|switch|p1a: Sawsbuck|Sawsbuck-Autumn, F|100/100
|move|p2a: Pikachu|Fake Out|p1a: Sawsbuck
|-damage|p1a: Sawsbuck|71/100
|
|-weather|SunnyDay|[upkeep]
|upkeep
|turn|6
|
|t:|1759049093
|move|p2a: Pikachu|Quick Attack|p1a: Sawsbuck
|-damage|p1a: Sawsbuck|46/100
|move|p1a: Sawsbuck|High Horsepower|p2a: Pikachu
|-supereffective|p2a: Pikachu
|-damage|p2a: Pikachu|0 fnt
|faint|p2a: Pikachu
|-damage|p1a: Sawsbuck|36/100|[from] item: Life Orb
|
|-weather|SunnyDay|[upkeep]
|upkeep
|
|t:|1759049098
|switch|p2a: Charizard|Charizard, M, shiny|100/100
|turn|7
|
|t:|1759049105
|move|p1a: Sawsbuck|Double-Edge|p2a: Charizard
|-damage|p2a: Charizard|2/100
|-damage|p1a: Sawsbuck|4/100|[from] Recoil
|-damage|p1a: Sawsbuck|0 fnt|[from] item: Life Orb
|faint|p1a: Sawsbuck
|move|p2a: Charizard|Fire Blast|p1: Sawsbuck|[notarget]
|-fail|p2a: Charizard
|
|-weather|SunnyDay|[upkeep]
|upkeep
|
|t:|1759049108
|switch|p1a: Pelipper|Pelipper, M|100/100
|-weather|RainDance|[from] ability: Drizzle|[of] p1a: Pelipper
|turn|8
|
|t:|1759049122
|move|p2a: Charizard|Dragon Pulse|p1a: Pelipper
|-damage|p1a: Pelipper|65/100
|move|p1a: Pelipper|Hurricane|p2a: Charizard
|-crit|p2a: Charizard
|-damage|p2a: Charizard|0 fnt
|faint|p2a: Charizard
|
|-weather|RainDance|[upkeep]
|upkeep
|
|t:|1759049132
|switch|p2a: Meowscarada|Meowscarada, F, shiny|100/100
|turn|9
|
|t:|1759049137
|move|p2a: Meowscarada|Flower Trick|p1a: Pelipper
|-start|p2a: Meowscarada|typechange|Grass|[from] ability: Protean
|-crit|p1a: Pelipper
|-damage|p1a: Pelipper|0 fnt
|faint|p1a: Pelipper
|
|-weather|RainDance|[upkeep]
|upkeep
|
|t:|1759049144
|switch|p1a: Basculegion|Basculegion, M|100/100
|turn|10
|
|t:|1759049151
|switch|p2a: Meowscarada|Meowscarada, F, shiny|100/100
|-terastallize|p1a: Basculegion|Water
|move|p1a: Basculegion|Wave Crash|p2a: Meowscarada
|-damage|p2a: Meowscarada|0 fnt
|replace|p2a: Zoroark|Zoroark-Hisui, M, shiny
|-end|p2a: Zoroark|Illusion
|faint|p2a: Zoroark
|-damage|p1a: Basculegion|79/100|[from] Recoil
|
|-weather|RainDance|[upkeep]
|upkeep
|
|t:|1759049164
|switch|p2a: Meowscarada|Meowscarada, F, shiny|100/100
|turn|11
|
|t:|1759049170
|move|p1a: Basculegion|Wave Crash|p2a: Meowscarada
|-resisted|p2a: Meowscarada
|-damage|p2a: Meowscarada|0 fnt
|faint|p2a: Meowscarada
|-damage|p1a: Basculegion|53/100|[from] Recoil
|
|-weather|RainDance|[upkeep]
|upkeep
|
|t:|1759049178
|switch|p2a: Krookodile|Krookodile, M, shiny|100/100
|turn|12
|
|t:|1759049182
|move|p1a: Basculegion|Wave Crash|p2a: Krookodile
|-supereffective|p2a: Krookodile
|-damage|p2a: Krookodile|0 fnt
|faint|p2a: Krookodile
|-damage|p1a: Basculegion|24/100|[from] Recoil
|
|win|EnjoyedSiren
|raw|EnjoyedSiren's rating: 1095 &rarr; <strong>1124</strong><br />(+29 for winning)
|raw|Decadeking's rating: 1136 &rarr; <strong>1108</strong><br />(-28 for losing)
|l|☆EnjoyedSiren
|player|p1|
|l|☆Decadeking
|player|p2|
