|j|☆lilyleite
|j|☆zeucros12
|t:|1759072127
|gametype|singles
|player|p1|lilyleite|170|1101
|player|p2|zeucros12|266|1134
|gen|9
|tier|[Gen 9] OU
|rated|
|rule|HP Percentage Mod: HP is shown in percentages
|rule|Endless Battle Clause: Forcing endless battles is banned
|rule|Species Clause: Limit one of each Pokémon
|rule|OHKO Clause: OHKO moves are banned
|rule|Evasion Items Clause: Evasion items are banned
|rule|Evasion Moves Clause: Evasion moves are banned
|rule|Evasion Abilities Clause: Evasion abilities are banned
|rule|Sleep Moves Clause: Sleep-inducing moves are banned
|clearpoke
|poke|p1|Clefable, M|
|poke|p1|Scizor, F|
|poke|p1|Great Tusk|
|poke|p1|Zapdos|
|poke|p1|Hydreigon, M|
|poke|p1|Deoxys-Speed|
|poke|p2|Arcanine, M|
|poke|p2|Goodra-Hisui, M|
|poke|p2|Sylveon, M|
|poke|p2|Blastoise, F|
|poke|p2|Dragonite, M|
|poke|p2|Scrafty, M|
|teampreview
|
|t:|1759072135
|teamsize|p1|6
|teamsize|p2|6
|start
|switch|p1a: Hydreigon|Hydreigon, M|100/100
|switch|p2a: Scrafty|Scrafty, M|100/100
|-ability|p2a: Scrafty|Intimidate|boost
|-unboost|p1a: Hydreigon|atk|1
|turn|1
|inactive|Battle timer is ON: inactive players will automatically lose when time's up. (requested by zeucros12)
|
|t:|1759072146
|move|p1a: Hydreigon|Substitute|p1a: Hydreigon
|-start|p1a: Hydreigon|Substitute
|-damage|p1a: Hydreigon|76/100
|move|p2a: Scrafty|Drain Punch|p1a: Hydreigon
|-supereffective|p1a: Hydreigon
|-end|p1a: Hydreigon|Substitute
|
|-heal|p1a: Hydreigon|82/100|[from] item: Leftovers
|upkeep
|turn|2
|
|t:|1759072156
|move|p1a: Hydreigon|Draco Meteor|p2a: Scrafty
|-damage|p2a: Scrafty|62/100
|-unboost|p1a: Hydreigon|spa|2
|move|p2a: Scrafty|Drain Punch|p1a: Hydreigon
|-supereffective|p1a: Hydreigon
|-damage|p1a: Hydreigon|0 fnt
|-heal|p2a: Scrafty|100/100|[from] drain|[of] p1a: Hydreigon
|faint|p1a: Hydreigon
|
|upkeep
|
|t:|1759072168
|switch|p1a: Zapdos|Zapdos|100/100
|turn|3
|
|t:|1759072177
|-terastallize|p2a: Scrafty|Electric
|move|p1a: Zapdos|Thunder Wave|p2a: Scrafty
|-immune|p2a: Scrafty
|move|p2a: Scrafty|Knock Off|p1a: Zapdos
|-damage|p1a: Zapdos|72/100
|-enditem|p1a: Zapdos|Heavy-Duty Boots|[from] move: Knock Off|[of] p2a: Scrafty
|
|upkeep
|turn|4
|
|t:|1759072188
|move|p1a: Zapdos|Volt Switch|p2a: Scrafty
|-resisted|p2a: Scrafty
|-damage|p2a: Scrafty|92/100
|
|t:|1759072195
|switch|p1a: Clefable|Clefable, M|100/100|[from] Volt Switch
|move|p2a: Scrafty|Stone Edge|p1a: Clefable
|-damage|p1a: Clefable|79/100
|
|-heal|p1a: Clefable|85/100|[from] item: Leftovers
|upkeep
|turn|5
|
|t:|1759072203
|move|p1a: Clefable|Knock Off|p2a: Scrafty
|-damage|p2a: Scrafty|77/100
|-enditem|p2a: Scrafty|Assault Vest|[from] move: Knock Off|[of] p1a: Clefable
|move|p2a: Scrafty|Knock Off|p1a: Clefable
|-resisted|p1a: Clefable
|-damage|p1a: Clefable|70/100
|-enditem|p1a: Clefable|Leftovers|[from] move: Knock Off|[of] p2a: Scrafty
|
|upkeep
|turn|6
|
|t:|1759072218
|move|p1a: Clefable|Stealth Rock|p2a: Scrafty
|-sidestart|p2: zeucros12|move: Stealth Rock
|move|p2a: Scrafty|Drain Punch|p1a: Clefable
|-resisted|p1a: Clefable
|-damage|p1a: Clefable|57/100
|-heal|p2a: Scrafty|85/100|[from] drain|[of] p1a: Clefable
|
|upkeep
|turn|7
|
|t:|1759072228
|move|p1a: Clefable|Moonblast|p2a: Scrafty
|-damage|p2a: Scrafty|55/100
|move|p2a: Scrafty|Thunder Punch|p1a: Clefable
|-crit|p1a: Clefable
|-damage|p1a: Clefable|22/100
|
|upkeep
|turn|8
|
|t:|1759072236
|switch|p1a: Deoxys|Deoxys-Speed|100/100
|-ability|p1a: Deoxys|Pressure
|move|p2a: Scrafty|Thunder Punch|p1a: Deoxys
|-damage|p1a: Deoxys|47/100
|
|upkeep
|turn|9
|
|t:|1759072245
|move|p1a: Deoxys|Superpower|p2a: Scrafty
|-damage|p2a: Scrafty|27/100
|-unboost|p1a: Deoxys|atk|1
|-unboost|p1a: Deoxys|def|1
|-enditem|p1a: Deoxys|Eject Pack
|
|t:|1759072252
|switch|p1a: Great Tusk|Great Tusk|100/100
|move|p2a: Scrafty|Thunder Punch|p1a: Great Tusk
|-immune|p1a: Great Tusk
|
|upkeep
|turn|10
|
|t:|1759072265
|switch|p2a: Blastoise|Blastoise, F|100/100
|-damage|p2a: Blastoise|88/100|[from] Stealth Rock
|move|p1a: Great Tusk|Headlong Rush|p2a: Blastoise
|-damage|p2a: Blastoise|41/100
|-unboost|p1a: Great Tusk|def|1
|-unboost|p1a: Great Tusk|spd|1
|
|upkeep
|turn|11
|
|t:|1759072277
|-end|p1a: Great Tusk|Protosynthesis|[silent]
|switch|p1a: Zapdos|Zapdos|72/100
|move|p2a: Blastoise|Surf|p1a: Zapdos
|-damage|p1a: Zapdos|40/100
|
|upkeep
|turn|12
|
|t:|1759072286
|move|p1a: Zapdos|Roost|p1a: Zapdos
|-heal|p1a: Zapdos|90/100
|-singleturn|p1a: Zapdos|move: Roost
|move|p2a: Blastoise|Surf|p1a: Zapdos
|-damage|p1a: Zapdos|63/100
|
|upkeep
|turn|13
|
|t:|1759072294
|switch|p2a: Goodra|Goodra-Hisui, M, shiny|100/100
|-damage|p2a: Goodra|94/100|[from] Stealth Rock
|move|p1a: Zapdos|Volt Switch|p2a: Goodra
|-resisted|p2a: Goodra
|-damage|p2a: Goodra|84/100
|
|t:|1759072301
|switch|p1a: Clefable|Clefable, M|22/100|[from] Volt Switch
|
|-heal|p2a: Goodra|90/100|[from] item: Leftovers
|upkeep
|turn|14
|
|t:|1759072309
|move|p2a: Goodra|Iron Head|p1a: Clefable
|-supereffective|p1a: Clefable
|-damage|p1a: Clefable|0 fnt
|faint|p1a: Clefable
|
|-heal|p2a: Goodra|96/100|[from] item: Leftovers
|upkeep
|
|t:|1759072313
|switch|p1a: Scizor|Scizor, F|100/100
|turn|15
|
|t:|1759072318
|move|p1a: Scizor|Swords Dance|p1a: Scizor
|-boost|p1a: Scizor|atk|2
|move|p2a: Goodra|Knock Off|p1a: Scizor
|-damage|p1a: Scizor|73/100
|-enditem|p1a: Scizor|Life Orb|[from] move: Knock Off|[of] p2a: Goodra
|
|-heal|p2a: Goodra|100/100|[from] item: Leftovers
|upkeep
|turn|16
|
|t:|1759072330
|move|p1a: Scizor|Close Combat|p2a: Goodra
|-supereffective|p2a: Goodra
|-damage|p2a: Goodra|0 fnt
|-unboost|p1a: Scizor|def|1
|-unboost|p1a: Scizor|spd|1
|faint|p2a: Goodra
|
|upkeep
|
|t:|1759072338
|switch|p2a: Scrafty|Scrafty, M, tera:Electric|27/100
|-damage|p2a: Scrafty|15/100|[from] Stealth Rock
|-ability|p2a: Scrafty|Intimidate|boost
|-unboost|p1a: Scizor|atk|1
|turn|17
|
|t:|1759072344
|move|p1a: Scizor|Bullet Punch|p2a: Scrafty
|-resisted|p2a: Scrafty
|-damage|p2a: Scrafty|0 fnt
|faint|p2a: Scrafty
|
|upkeep
|
|t:|1759072348
|switch|p2a: Arcanine|Arcanine, M, shiny|100/100
|-damage|p2a: Arcanine|76/100|[from] Stealth Rock
|-ability|p2a: Arcanine|Intimidate|boost
|-unboost|p1a: Scizor|atk|1
|turn|18
|
|t:|1759072354
|switch|p1a: Zapdos|Zapdos|63/100
|move|p2a: Arcanine|Flamethrower|p1a: Zapdos
|-damage|p1a: Zapdos|30/100
|
|upkeep
|turn|19
|
|t:|1759072361
|move|p1a: Zapdos|Roost|p1a: Zapdos
|-heal|p1a: Zapdos|80/100
|-singleturn|p1a: Zapdos|move: Roost
|move|p2a: Arcanine|Flamethrower|p1a: Zapdos
|-damage|p1a: Zapdos|51/100
|
|upkeep
|turn|20
|
|t:|1759072368
|move|p1a: Zapdos|Thunder Wave|p2a: Arcanine
|-status|p2a: Arcanine|par
|move|p2a: Arcanine|Will-O-Wisp|p1a: Zapdos
|-status|p1a: Zapdos|brn
|
|-damage|p1a: Zapdos|45/100 brn|[from] brn
|upkeep
|turn|21
|
|t:|1759072377
|move|p1a: Zapdos|Roost|p1a: Zapdos
|-heal|p1a: Zapdos|96/100 brn
|-singleturn|p1a: Zapdos|move: Roost
|cant|p2a: Arcanine|par
|
|-damage|p1a: Zapdos|90/100 brn|[from] brn
|upkeep
|turn|22
|
|t:|1759072385
|move|p1a: Zapdos|Hurricane|p2a: Arcanine|[miss]
|-miss|p1a: Zapdos|p2a: Arcanine
|move|p2a: Arcanine|Flamethrower|p1a: Zapdos
|-damage|p1a: Zapdos|59/100 brn
|
|-damage|p1a: Zapdos|53/100 brn|[from] brn
|upkeep
|turn|23
|
|t:|1759072393
|move|p1a: Zapdos|Hurricane|p2a: Arcanine
|-damage|p2a: Arcanine|24/100 par
|cant|p2a: Arcanine|par
|
|-damage|p1a: Zapdos|47/100 brn|[from] brn
|upkeep
|turn|24
|
|t:|1759072400
|move|p1a: Zapdos|Roost|p1a: Zapdos
|-heal|p1a: Zapdos|97/100 brn
|-singleturn|p1a: Zapdos|move: Roost
|cant|p2a: Arcanine|par
|
|-damage|p1a: Zapdos|91/100 brn|[from] brn
|upkeep
|turn|25
|
|t:|1759072408
|move|p1a: Zapdos|Hurricane|p2a: Arcanine|[miss]
|-miss|p1a: Zapdos|p2a: Arcanine
|move|p2a: Arcanine|Morning Sun|p2a: Arcanine
|-heal|p2a: Arcanine|74/100 par
|
|-damage|p1a: Zapdos|85/100 brn|[from] brn
|upkeep
|turn|26
|
|t:|1759072417
|move|p1a: Zapdos|Hurricane|p2a: Arcanine
|-damage|p2a: Arcanine|26/100 par
|move|p2a: Arcanine|Flamethrower|p1a: Zapdos
|-damage|p1a: Zapdos|55/100 brn
|
|-damage|p1a: Zapdos|49/100 brn|[from] brn
|upkeep
|turn|27
|
|t:|1759072425
|move|p1a: Zapdos|Roost|p1a: Zapdos
|-heal|p1a: Zapdos|99/100 brn
|-singleturn|p1a: Zapdos|move: Roost
|cant|p2a: Arcanine|par
|
|-damage|p1a: Zapdos|93/100 brn|[from] brn
|upkeep
|turn|28
|
|t:|1759072433
|move|p1a: Zapdos|Hurricane|p2a: Arcanine|[miss]
|-miss|p1a: Zapdos|p2a: Arcanine
|move|p2a: Arcanine|Morning Sun|p2a: Arcanine
|-heal|p2a: Arcanine|76/100 par
|
|-damage|p1a: Zapdos|87/100 brn|[from] brn
|upkeep
|turn|29
|
|t:|1759072441
|move|p1a: Zapdos|Volt Switch|p2a: Arcanine
|-damage|p2a: Arcanine|45/100 par
|
|t:|1759072451
|switch|p1a: Great Tusk|Great Tusk|100/100|[from] Volt Switch
|move|p2a: Arcanine|Flamethrower|p1a: Great Tusk
|-damage|p1a: Great Tusk|55/100
|
|upkeep
|turn|30
|
|t:|1759072460
|switch|p2a: Dragonite|Dragonite, M, shiny|100/100
|-damage|p2a: Dragonite|76/100|[from] Stealth Rock
|move|p1a: Great Tusk|Headlong Rush|p2a: Dragonite
|-immune|p2a: Dragonite
|
|-heal|p2a: Dragonite|82/100|[from] item: Leftovers
|upkeep
|turn|31
|
|t:|1759072469
|move|p1a: Great Tusk|Ice Spinner|p2a: Dragonite
|-supereffective|p2a: Dragonite
|-damage|p2a: Dragonite|0 fnt
|faint|p2a: Dragonite
|
|upkeep
|
|t:|1759072475
|switch|p2a: Sylveon|Sylveon, M, shiny|100/100
|-damage|p2a: Sylveon|88/100|[from] Stealth Rock
|turn|32
|
|t:|1759072483
|-terastallize|p1a: Great Tusk|Ground
|move|p1a: Great Tusk|Heavy Slam|p2a: Sylveon
|-supereffective|p2a: Sylveon
|-damage|p2a: Sylveon|19/100
|move|p2a: Sylveon|Moonblast|p1a: Great Tusk
|-damage|p1a: Great Tusk|4/100
|
|-heal|p2a: Sylveon|25/100|[from] item: Leftovers
|upkeep
|turn|33
|
|t:|1759072492
|move|p2a: Sylveon|Protect|p2a: Sylveon
|-singleturn|p2a: Sylveon|Protect
|move|p1a: Great Tusk|Heavy Slam|p2a: Sylveon
|-activate|p2a: Sylveon|move: Protect
|
|-heal|p2a: Sylveon|31/100|[from] item: Leftovers
|upkeep
|turn|34
|
|t:|1759072500
|move|p1a: Great Tusk|Heavy Slam|p2a: Sylveon
|-supereffective|p2a: Sylveon
|-damage|p2a: Sylveon|0 fnt
|faint|p2a: Sylveon
|
|upkeep
|
|t:|1759072507
|switch|p2a: Blastoise|Blastoise, F|41/100
|-damage|p2a: Blastoise|28/100|[from] Stealth Rock
|turn|35
|
|t:|1759072512
|move|p1a: Great Tusk|Headlong Rush|p2a: Blastoise
|-damage|p2a: Blastoise|0 fnt
|-unboost|p1a: Great Tusk|def|1
|-unboost|p1a: Great Tusk|spd|1
|faint|p2a: Blastoise
|
|upkeep
|
|t:|1759072517
|switch|p2a: Arcanine|Arcanine, M, shiny|45/100 par
|-damage|p2a: Arcanine|20/100 par|[from] Stealth Rock
|-ability|p2a: Arcanine|Intimidate|boost
|-unboost|p1a: Great Tusk|atk|1
|turn|36
|
|t:|1759072524
|move|p1a: Great Tusk|Headlong Rush|p2a: Arcanine
|-supereffective|p2a: Arcanine
|-damage|p2a: Arcanine|0 fnt
|-unboost|p1a: Great Tusk|def|1
|-unboost|p1a: Great Tusk|spd|1
|-damage|p1a: Great Tusk|0 fnt|[from] item: Rocky Helmet|[of] p2a: Arcanine
|faint|p2a: Arcanine
|faint|p1a: Great Tusk
|-end|p1a: Great Tusk|Protosynthesis|[silent]
|
|win|lilyleite
|raw|lilyleite's rating: 1101 &rarr; <strong>1128</strong><br />(+27 for winning)
|raw|zeucros12's rating: 1134 &rarr; <strong>1107</strong><br />(-27 for losing)
|l|☆zeucros12
|player|p2|
