|j|☆Havestol
|j|☆serial 01216
|t:|1758937929
|gametype|singles
|player|p1|Havestol|mars|1467
|player|p2|serial 01216|101|1443
|gen|9
|tier|[Gen 9] OU
|rated|
|rule|HP Percentage Mod: HP is shown in percentages
|rule|Endless Battle Clause: Forcing endless battles is banned
|rule|Species Clause: Limit one of each Pokémon
|rule|OHKO Clause: OHKO moves are banned
|rule|Evasion Items Clause: Evasion items are banned
|rule|Evasion Moves Clause: Evasion moves are banned
|rule|Evasion Abilities Clause: Evasion abilities are banned
|rule|Sleep Moves Clause: Sleep-inducing moves are banned
|clearpoke
|poke|p1|Tauros, M|
|poke|p1|Gliscor, M|
|poke|p1|Kyurem|
|poke|p1|Slowking-Galar, M|
|poke|p1|Cinderace, M|
|poke|p1|Dondozo, M|
|poke|p2|Hydrapple, F|
|poke|p2|Slowking-Galar, M|
|poke|p2|Cinderace, F|
|poke|p2|Darkrai|
|poke|p2|Manaphy|
|poke|p2|Cobalion|
|teampreview
|inactive|Battle timer is ON: inactive players will automatically lose when time's up. (requested by serial 01216)
|inactive|Havestol has 120 seconds left.
|inactive|Havestol has 90 seconds left.
|
|t:|1758938016
|teamsize|p1|6
|teamsize|p2|6
|start
|switch|p1a: Tauros|Tauros, M|100/100
|switch|p2a: Manaphy|Manaphy|100/100
|turn|1
|
|t:|1758938024
|move|p1a: Tauros|Body Slam|p2a: Manaphy
|-damage|p2a: Manaphy|42/100
|move|p2a: Manaphy|Scald|p1a: Tauros
|-damage|p1a: Tauros|51/100
|
|-heal|p2a: Manaphy|48/100|[from] item: Leftovers
|upkeep
|turn|2
|
|t:|1758938034
|switch|p2a: Cobalion|Cobalion|100/100
|move|p1a: Tauros|Body Slam|p2a: Cobalion
|-resisted|p2a: Cobalion
|-crit|p2a: Cobalion
|-damage|p2a: Cobalion|70/100
|
|-heal|p2a: Cobalion|76/100|[from] item: Leftovers
|upkeep
|turn|3
|
|t:|1758938041
|move|p1a: Tauros|Close Combat|p2a: Cobalion
|-supereffective|p2a: Cobalion
|-damage|p2a: Cobalion|19/100
|-unboost|p1a: Tauros|def|1
|-unboost|p1a: Tauros|spd|1
|-damage|p1a: Tauros|41/100|[from] item: Life Orb
|move|p2a: Cobalion|Body Press|p1a: Tauros
|-supereffective|p1a: Tauros
|-damage|p1a: Tauros|0 fnt
|faint|p1a: Tauros
|
|-heal|p2a: Cobalion|25/100|[from] item: Leftovers
|upkeep
|
|t:|1758938045
|switch|p1a: Gliscor|Gliscor, M|100/100
|turn|4
|
|t:|1758938052
|switch|p2a: Hydrapple|Hydrapple, F|100/100
|move|p1a: Gliscor|Earthquake|p2a: Hydrapple
|-resisted|p2a: Hydrapple
|-crit|p2a: Hydrapple
|-damage|p2a: Hydrapple|81/100
|
|-status|p1a: Gliscor|tox|[from] item: Toxic Orb
|upkeep
|turn|5
|
|t:|1758938056
|switch|p2a: Manaphy|Manaphy|48/100
|move|p1a: Gliscor|Toxic|p2a: Manaphy
|-status|p2a: Manaphy|tox
|
|-heal|p2a: Manaphy|54/100 tox|[from] item: Leftovers
|-damage|p2a: Manaphy|48/100 tox|[from] psn
|upkeep
|turn|6
|
|t:|1758938063
|switch|p1a: Slowking|Slowking-Galar, M|100/100
|move|p2a: Manaphy|Take Heart|p2a: Manaphy
|-boost|p2a: Manaphy|spa|1
|-boost|p2a: Manaphy|spd|1
|-curestatus|p2a: Manaphy|tox|[msg]
|
|-heal|p2a: Manaphy|54/100|[from] item: Leftovers
|upkeep
|turn|7
|
|t:|1758938066
|move|p2a: Manaphy|Scald|p1a: Slowking
|-damage|p1a: Slowking|71/100
|move|p1a: Slowking|Future Sight|p2a: Manaphy
|-start|p1a: Slowking|move: Future Sight
|
|-heal|p2a: Manaphy|60/100|[from] item: Leftovers
|upkeep
|turn|8
|
|t:|1758938072
|move|p2a: Manaphy|Scald|p1a: Slowking
|-damage|p1a: Slowking|41/100
|-prepare|p1a: Slowking|Chilly Reception|[premajor]
|move|p1a: Slowking|Chilly Reception|p1a: Slowking
|-weather|Snowscape
|
|t:|1758938079
|switch|p1a: Kyurem|Kyurem|100/100|[from] Chilly Reception
|-ability|p1a: Kyurem|Pressure
|
|-weather|Snowscape|[upkeep]
|-heal|p2a: Manaphy|66/100|[from] item: Leftovers
|upkeep
|turn|9
|
|t:|1758938090
|move|p2a: Manaphy|Scald|p1a: Kyurem
|-resisted|p1a: Kyurem
|-damage|p1a: Kyurem|77/100
|move|p1a: Kyurem|Freeze-Dry|p2a: Manaphy
|-supereffective|p2a: Manaphy
|-damage|p2a: Manaphy|0 fnt
|faint|p2a: Manaphy
|
|-weather|Snowscape|[upkeep]
|-hint|Future Sight did not hit because the target is fainted.
|upkeep
|
|t:|1758938103
|switch|p2a: Slowking|Slowking-Galar, M|100/100
|turn|10
|
|t:|1758938106
|switch|p1a: Gliscor|Gliscor, M|100/100 tox
|move|p2a: Slowking|Trick|p1a: Gliscor
|-activate|p2a: Slowking|move: Trick|[of] p1a: Gliscor
|-item|p1a: Gliscor|Black Sludge|[from] move: Trick
|-item|p2a: Slowking|Toxic Orb|[from] move: Trick
|
|-weather|Snowscape|[upkeep]
|-damage|p1a: Gliscor|88/100 tox|[from] item: Black Sludge
|-heal|p1a: Gliscor|100/100 tox|[from] ability: Poison Heal
|upkeep
|turn|11
|
|t:|1758938112
|move|p1a: Gliscor|Knock Off|p2a: Slowking
|-supereffective|p2a: Slowking
|-damage|p2a: Slowking|56/100
|-enditem|p2a: Slowking|Toxic Orb|[from] move: Knock Off|[of] p1a: Gliscor
|-prepare|p2a: Slowking|Chilly Reception|[premajor]
|move|p2a: Slowking|Chilly Reception|p2a: Slowking
|
|t:|1758938117
|switch|p2a: Darkrai|Darkrai|100/100|[from] Chilly Reception
|
|-weather|Snowscape|[upkeep]
|-damage|p1a: Gliscor|88/100 tox|[from] item: Black Sludge
|-heal|p1a: Gliscor|100/100 tox|[from] ability: Poison Heal
|upkeep
|turn|12
|
|t:|1758938123
|switch|p1a: Dondozo|Dondozo, M|100/100
|move|p2a: Darkrai|Nasty Plot|p2a: Darkrai
|-boost|p2a: Darkrai|spa|2
|
|-weather|none
|upkeep
|turn|13
|
|t:|1758938130
|-terastallize|p1a: Dondozo|Dark
|move|p2a: Darkrai|Dark Pulse|p1a: Dondozo
|-resisted|p1a: Dondozo
|-damage|p1a: Dondozo|89/100
|move|p1a: Dondozo|Curse|p1a: Dondozo
|-unboost|p1a: Dondozo|spe|1
|-boost|p1a: Dondozo|atk|1
|-boost|p1a: Dondozo|def|1
|
|upkeep
|turn|14
|
|t:|1758938134
|move|p2a: Darkrai|Focus Blast|p1a: Dondozo
|-supereffective|p1a: Dondozo
|-damage|p1a: Dondozo|42/100
|move|p1a: Dondozo|Curse|p1a: Dondozo
|-unboost|p1a: Dondozo|spe|1
|-boost|p1a: Dondozo|atk|1
|-boost|p1a: Dondozo|def|1
|
|upkeep
|turn|15
|
|t:|1758938142
|move|p2a: Darkrai|Focus Blast|p1a: Dondozo
|-supereffective|p1a: Dondozo
|-damage|p1a: Dondozo|0 fnt
|faint|p1a: Dondozo
|
|upkeep
|-message|Havestol forfeited.
|
|win|serial 01216
|raw|Havestol's rating: 1467 &rarr; <strong>1446</strong><br />(-21 for losing)
|raw|serial 01216's rating: 1443 &rarr; <strong>1464</strong><br />(+21 for winning)
|l|☆Havestol
|player|p1|
|l|☆serial 01216
|player|p2|
