|j|☆Pepepeponez
|j|☆simmons of ben
|t:|1759061067
|gametype|singles
|player|p1|Pepepeponez|265|1527
|player|p2|simmons of ben|169|1532
|gen|9
|tier|[Gen 9] OU
|rated|
|rule|HP Percentage Mod: HP is shown in percentages
|rule|Endless Battle Clause: Forcing endless battles is banned
|rule|Species Clause: Limit one of each Pokémon
|rule|OHKO Clause: OHKO moves are banned
|rule|Evasion Items Clause: Evasion items are banned
|rule|Evasion Moves Clause: Evasion moves are banned
|rule|Evasion Abilities Clause: Evasion abilities are banned
|rule|Sleep Moves Clause: Sleep-inducing moves are banned
|clearpoke
|poke|p1|Clefable, F|
|poke|p1|Iron Moth|
|poke|p1|Gliscor, F|
|poke|p1|Blissey, F|
|poke|p1|Zamazenta-*|
|poke|p1|Dragapult, M|
|poke|p2|Snorlax, M|
|poke|p2|Darkrai|
|poke|p2|Garganacl, M|
|poke|p2|Corviknight, M|
|poke|p2|Dragapult, M|
|poke|p2|Ogerpon-Wellspring, F|
|teampreview
|inactive|Battle timer is ON: inactive players will automatically lose when time's up. (requested by Pepepeponez)
|
|t:|1759061078
|teamsize|p1|6
|teamsize|p2|6
|start
|switch|p1a: Blissey|Blissey, F|100/100
|switch|p2a: Dragapult|Dragapult, M|100/100
|turn|1
|
|t:|1759061081
|move|p2a: Dragapult|U-turn|p1a: Blissey
|-damage|p1a: Blissey|82/100
|
|t:|1759061083
|switch|p2a: Garganacl|Garganacl, M|100/100|[from] U-turn
|move|p1a: Blissey|Stealth Rock|p2a: Garganacl
|-sidestart|p2: simmons of ben|move: Stealth Rock
|
|upkeep
|turn|2
|
|t:|1759061094
|move|p1a: Blissey|Ice Beam|p2a: Garganacl
|-crit|p2a: Garganacl
|-damage|p2a: Garganacl|84/100
|move|p2a: Garganacl|Stealth Rock|p1a: Blissey
|-sidestart|p1: Pepepeponez|move: Stealth Rock
|
|-heal|p2a: Garganacl|90/100|[from] item: Leftovers
|upkeep
|turn|3
|
|t:|1759061100
|move|p1a: Blissey|Ice Beam|p2a: Garganacl
|-damage|p2a: Garganacl|79/100
|move|p2a: Garganacl|Salt Cure|p1a: Blissey
|-damage|p1a: Blissey|69/100
|-start|p1a: Blissey|Salt Cure
|
|-heal|p2a: Garganacl|86/100|[from] item: Leftovers
|-damage|p1a: Blissey|57/100|[from] Salt Cure
|upkeep
|turn|4
|
|t:|1759061108
|move|p1a: Blissey|Soft-Boiled|p1a: Blissey
|-heal|p1a: Blissey|100/100
|move|p2a: Garganacl|Salt Cure|p1a: Blissey
|-damage|p1a: Blissey|89/100
|
|-heal|p2a: Garganacl|92/100|[from] item: Leftovers
|-damage|p1a: Blissey|77/100|[from] Salt Cure
|upkeep
|turn|5
|
|t:|1759061124
|switch|p1a: Gliscor|Gliscor, F|100/100
|-damage|p1a: Gliscor|88/100|[from] Stealth Rock
|move|p2a: Garganacl|Salt Cure|p1a: Gliscor
|-damage|p1a: Gliscor|79/100
|-start|p1a: Gliscor|Salt Cure
|
|-heal|p2a: Garganacl|98/100|[from] item: Leftovers
|-damage|p1a: Gliscor|66/100|[from] Salt Cure
|-status|p1a: Gliscor|tox|[from] item: Toxic Orb
|upkeep
|turn|6
|
|t:|1759061131
|switch|p2a: Ogerpon|Ogerpon-Wellspring, F|100/100
|-damage|p2a: Ogerpon|88/100|[from] Stealth Rock
|move|p1a: Gliscor|Knock Off|p2a: Ogerpon
|-damage|p2a: Ogerpon|68/100
|
|-heal|p1a: Gliscor|79/100 tox|[from] ability: Poison Heal
|-damage|p1a: Gliscor|66/100 tox|[from] Salt Cure
|upkeep
|turn|7
|
|t:|1759061144
|switch|p1a: Zamazenta|Zamazenta|100/100
|-damage|p1a: Zamazenta|94/100|[from] Stealth Rock
|-ability|p1a: Zamazenta|Dauntless Shield|boost
|-boost|p1a: Zamazenta|def|1
|move|p2a: Ogerpon|Power Whip|p1a: Zamazenta
|-damage|p1a: Zamazenta|58/100
|
|-heal|p1a: Zamazenta|64/100|[from] item: Leftovers
|upkeep
|turn|8
|
|t:|1759061158
|switch|p2a: Dragapult|Dragapult, M|100/100
|move|p1a: Zamazenta|Iron Defense|p1a: Zamazenta
|-boost|p1a: Zamazenta|def|2
|
|-heal|p1a: Zamazenta|70/100|[from] item: Leftovers
|upkeep
|turn|9
|
|t:|1759061163
|move|p2a: Dragapult|Will-O-Wisp|p1a: Zamazenta
|-status|p1a: Zamazenta|brn
|move|p1a: Zamazenta|Crunch|p2a: Dragapult
|-supereffective|p2a: Dragapult
|-damage|p2a: Dragapult|69/100
|
|-heal|p1a: Zamazenta|77/100 brn|[from] item: Leftovers
|-damage|p1a: Zamazenta|70/100 brn|[from] brn
|upkeep
|turn|10
|
|t:|1759061171
|move|p2a: Dragapult|U-turn|p1a: Zamazenta
|-resisted|p1a: Zamazenta
|-damage|p1a: Zamazenta|67/100 brn
|
|t:|1759061174
|switch|p2a: Corviknight|Corviknight, M|100/100|[from] U-turn
|-damage|p2a: Corviknight|88/100|[from] Stealth Rock
|-ability|p2a: Corviknight|Pressure
|move|p1a: Zamazenta|Crunch|p2a: Corviknight
|-damage|p2a: Corviknight|82/100
|-damage|p1a: Zamazenta|50/100 brn|[from] item: Rocky Helmet|[of] p2a: Corviknight
|
|-heal|p1a: Zamazenta|56/100 brn|[from] item: Leftovers
|-damage|p1a: Zamazenta|50/100 brn|[from] brn
|upkeep
|turn|11
|
|t:|1759061178
|move|p1a: Zamazenta|Iron Defense|p1a: Zamazenta
|-boost|p1a: Zamazenta|def|2
|move|p2a: Corviknight|Defog|p1a: Zamazenta
|-unboost|p1a: Zamazenta|evasion|1
|-sideend|p1: Pepepeponez|Stealth Rock|[from] move: Defog|[of] p2a: Corviknight
|-sideend|p2: simmons of ben|Stealth Rock|[from] move: Defog|[of] p2a: Corviknight
|
|-heal|p1a: Zamazenta|56/100 brn|[from] item: Leftovers
|-damage|p1a: Zamazenta|50/100 brn|[from] brn
|upkeep
|turn|12
|
|t:|1759061182
|move|p1a: Zamazenta|Body Press|p2a: Corviknight
|-damage|p2a: Corviknight|48/100
|-damage|p1a: Zamazenta|34/100 brn|[from] item: Rocky Helmet|[of] p2a: Corviknight
|move|p2a: Corviknight|Iron Defense|p2a: Corviknight
|-boost|p2a: Corviknight|def|2
|
|-heal|p1a: Zamazenta|40/100 brn|[from] item: Leftovers
|-damage|p1a: Zamazenta|34/100 brn|[from] brn
|upkeep
|turn|13
|
|t:|1759061187
|move|p2a: Corviknight|Roost|p2a: Corviknight
|-heal|p2a: Corviknight|98/100
|-singleturn|p2a: Corviknight|move: Roost
|move|p1a: Zamazenta|Roar|p2a: Corviknight
|drag|p2a: Darkrai|Darkrai|100/100
|
|-heal|p1a: Zamazenta|40/100 brn|[from] item: Leftovers
|-damage|p1a: Zamazenta|34/100 brn|[from] brn
|upkeep
|turn|14
|
|t:|1759061194
|switch|p2a: Dragapult|Dragapult, M|69/100
|move|p1a: Zamazenta|Body Press|p2a: Dragapult
|-immune|p2a: Dragapult
|
|-heal|p1a: Zamazenta|40/100 brn|[from] item: Leftovers
|-damage|p1a: Zamazenta|34/100 brn|[from] brn
|upkeep
|turn|15
|
|t:|1759061199
|move|p2a: Dragapult|U-turn|p1a: Zamazenta
|-resisted|p1a: Zamazenta
|-damage|p1a: Zamazenta|31/100 brn
|
|t:|1759061201
|switch|p2a: Corviknight|Corviknight, M|98/100|[from] U-turn
|-ability|p2a: Corviknight|Pressure
|move|p1a: Zamazenta|Crunch|p2a: Corviknight
|-damage|p2a: Corviknight|91/100
|-damage|p1a: Zamazenta|15/100 brn|[from] item: Rocky Helmet|[of] p2a: Corviknight
|
|-heal|p1a: Zamazenta|21/100 brn|[from] item: Leftovers
|-damage|p1a: Zamazenta|15/100 brn|[from] brn
|upkeep
|turn|16
|
|t:|1759061203
|move|p1a: Zamazenta|Body Press|p2a: Corviknight
|-damage|p2a: Corviknight|59/100
|-damage|p1a: Zamazenta|0 fnt|[from] item: Rocky Helmet|[of] p2a: Corviknight
|faint|p1a: Zamazenta
|move|p2a: Corviknight|Roost|p2a: Corviknight
|-heal|p2a: Corviknight|100/100
|-singleturn|p2a: Corviknight|move: Roost
|
|upkeep
|
|t:|1759061210
|switch|p1a: Blissey|Blissey, F|77/100
|turn|17
|
|t:|1759061215
|move|p2a: Corviknight|Body Press|p1a: Blissey
|-supereffective|p1a: Blissey
|-damage|p1a: Blissey|34/100
|move|p1a: Blissey|Thunder Wave|p2a: Corviknight
|-status|p2a: Corviknight|par
|
|upkeep
|turn|18
|
|t:|1759061221
|switch|p2a: Ogerpon|Ogerpon-Wellspring, F|68/100
|move|p1a: Blissey|Soft-Boiled|p1a: Blissey
|-heal|p1a: Blissey|84/100
|
|upkeep
|turn|19
|
|t:|1759061235
|move|p2a: Ogerpon|Power Whip|p1a: Blissey
|-damage|p1a: Blissey|12/100
|move|p1a: Blissey|Thunder Wave|p2a: Ogerpon
|-status|p2a: Ogerpon|par
|
|upkeep
|turn|20
|
|t:|1759061242
|switch|p1a: Iron Moth|Iron Moth|100/100
|-enditem|p1a: Iron Moth|Booster Energy
|-activate|p1a: Iron Moth|ability: Quark Drive|[fromitem]
|-start|p1a: Iron Moth|quarkdrivespe
|move|p2a: Ogerpon|Ivy Cudgel|p1a: Iron Moth|[anim] Ivy Cudgel Water
|-supereffective|p1a: Iron Moth
|-damage|p1a: Iron Moth|0 fnt
|faint|p1a: Iron Moth
|-end|p1a: Iron Moth|Quark Drive|[silent]
|
|upkeep
|
|t:|1759061250
|switch|p1a: Gliscor|Gliscor, F|66/100 tox
|turn|21
|
|t:|1759061252
|move|p1a: Gliscor|Protect|p1a: Gliscor
|-singleturn|p1a: Gliscor|Protect
|move|p2a: Ogerpon|Ivy Cudgel|p1a: Gliscor|[anim] Ivy Cudgel Water
|-activate|p1a: Gliscor|move: Protect
|
|-heal|p1a: Gliscor|79/100 tox|[from] ability: Poison Heal
|upkeep
|turn|22
|
|t:|1759061257
|switch|p1a: Dragapult|Dragapult, M|100/100
|move|p2a: Ogerpon|Power Whip|p1a: Dragapult
|-resisted|p1a: Dragapult
|-damage|p1a: Dragapult|50/100
|
|upkeep
|turn|23
|
|t:|1759061263
|move|p1a: Dragapult|Hex|p2a: Ogerpon
|-damage|p2a: Ogerpon|9/100 par
|cant|p2a: Ogerpon|par
|
|upkeep
|turn|24
|
|t:|1759061269
|move|p1a: Dragapult|Hex|p2a: Ogerpon
|-damage|p2a: Ogerpon|0 fnt
|faint|p2a: Ogerpon
|
|upkeep
|
|t:|1759061282
|switch|p2a: Garganacl|Garganacl, M|98/100
|turn|25
|
|t:|1759061286
|move|p1a: Dragapult|Substitute|p1a: Dragapult
|-start|p1a: Dragapult|Substitute
|-damage|p1a: Dragapult|25/100
|move|p2a: Garganacl|Salt Cure|p1a: Dragapult
|-activate|p1a: Dragapult|move: Substitute|[damage]
|
|-heal|p2a: Garganacl|100/100|[from] item: Leftovers
|upkeep
|turn|26
|
|t:|1759061298
|move|p1a: Dragapult|Will-O-Wisp|p2a: Garganacl
|-immune|p2a: Garganacl|[from] ability: Purifying Salt
|move|p2a: Garganacl|Stealth Rock|p1a: Dragapult
|-sidestart|p1: Pepepeponez|move: Stealth Rock
|
|upkeep
|turn|27
|
|t:|1759061305
|move|p1a: Dragapult|Dragon Darts|p2a: Garganacl
|-crit|p2a: Garganacl
|-damage|p2a: Garganacl|80/100
|-anim|p1a: Dragapult|Dragon Darts|p2a: Garganacl
|-damage|p2a: Garganacl|65/100
|move|p2a: Garganacl|Salt Cure|p1a: Dragapult
|-end|p1a: Dragapult|Substitute
|
|-heal|p2a: Garganacl|72/100|[from] item: Leftovers
|upkeep
|turn|28
|
|t:|1759061319
|move|p1a: Dragapult|Hex|p2a: Garganacl
|-damage|p2a: Garganacl|62/100
|move|p2a: Garganacl|Recover|p2a: Garganacl
|-heal|p2a: Garganacl|100/100
|
|upkeep
|turn|29
|
|t:|1759061329
|switch|p1a: Gliscor|Gliscor, F|79/100 tox
|-damage|p1a: Gliscor|66/100 tox|[from] Stealth Rock
|move|p2a: Garganacl|Salt Cure|p1a: Gliscor
|-crit|p1a: Gliscor
|-damage|p1a: Gliscor|52/100 tox
|-start|p1a: Gliscor|Salt Cure
|
|-heal|p1a: Gliscor|65/100 tox|[from] ability: Poison Heal
|-damage|p1a: Gliscor|52/100 tox|[from] Salt Cure
|upkeep
|turn|30
|
|t:|1759061340
|switch|p2a: Corviknight|Corviknight, M|100/100 par
|-ability|p2a: Corviknight|Pressure
|move|p1a: Gliscor|Knock Off|p2a: Corviknight
|-damage|p2a: Corviknight|87/100 par
|-damage|p1a: Gliscor|36/100 tox|[from] item: Rocky Helmet|[of] p2a: Corviknight
|-enditem|p2a: Corviknight|Rocky Helmet|[from] move: Knock Off|[of] p1a: Gliscor
|
|-heal|p1a: Gliscor|49/100 tox|[from] ability: Poison Heal
|-damage|p1a: Gliscor|36/100 tox|[from] Salt Cure
|upkeep
|turn|31
|
|t:|1759061351
|switch|p1a: Blissey|Blissey, F|12/100
|switch|p2a: Darkrai|Darkrai|100/100
|
|upkeep
|turn|32
|
|t:|1759061358
|move|p2a: Darkrai|Dark Pulse|p1a: Blissey
|-damage|p1a: Blissey|0 fnt
|faint|p1a: Blissey
|
|upkeep
|
|t:|1759061371
|switch|p1a: Dragapult|Dragapult, M|25/100
|turn|33
|
|t:|1759061375
|move|p2a: Darkrai|Dark Pulse|p1a: Dragapult
|-supereffective|p1a: Dragapult
|-damage|p1a: Dragapult|0 fnt
|faint|p1a: Dragapult
|
|upkeep
|
|t:|1759061377
|switch|p1a: Clefable|Clefable, F|100/100
|turn|34
|
|t:|1759061384
|switch|p2a: Garganacl|Garganacl, M|100/100
|move|p1a: Clefable|Calm Mind|p1a: Clefable
|-boost|p1a: Clefable|spa|1
|-boost|p1a: Clefable|spd|1
|
|upkeep
|turn|35
|
|t:|1759061392
|move|p1a: Clefable|Calm Mind|p1a: Clefable
|-boost|p1a: Clefable|spa|1
|-boost|p1a: Clefable|spd|1
|move|p2a: Garganacl|Salt Cure|p1a: Clefable
|-damage|p1a: Clefable|90/100
|-start|p1a: Clefable|Salt Cure
|
|-damage|p1a: Clefable|77/100|[from] Salt Cure
|upkeep
|turn|36
|
|t:|1759061400
|switch|p2a: Dragapult|Dragapult, M|69/100
|move|p1a: Clefable|Calm Mind|p1a: Clefable
|-boost|p1a: Clefable|spa|1
|-boost|p1a: Clefable|spd|1
|
|-damage|p1a: Clefable|65/100|[from] Salt Cure
|upkeep
|turn|37
|
|t:|1759061408
|move|p2a: Dragapult|Will-O-Wisp|p1a: Clefable
|-status|p1a: Clefable|brn
|move|p1a: Clefable|Moonblast|p2a: Dragapult
|-supereffective|p2a: Dragapult
|-damage|p2a: Dragapult|0 fnt
|faint|p2a: Dragapult
|
|-damage|p1a: Clefable|59/100 brn|[from] brn
|-damage|p1a: Clefable|46/100 brn|[from] Salt Cure
|upkeep
|
|t:|1759061413
|switch|p2a: Corviknight|Corviknight, M|87/100 par
|-ability|p2a: Corviknight|Pressure
|turn|38
|
|t:|1759061422
|switch|p2a: Darkrai|Darkrai|100/100
|move|p1a: Clefable|Moonlight|p1a: Clefable
|-heal|p1a: Clefable|96/100 brn
|
|-damage|p1a: Clefable|90/100 brn|[from] brn
|-damage|p1a: Clefable|78/100 brn|[from] Salt Cure
|upkeep
|turn|39
|
|t:|1759061435
|-terastallize|p1a: Clefable|Poison
|move|p2a: Darkrai|Trick|p1a: Clefable
|-activate|p2a: Darkrai|move: Trick|[of] p1a: Clefable
|-item|p1a: Clefable|Choice Scarf|[from] move: Trick
|-item|p2a: Darkrai|Heavy-Duty Boots|[from] move: Trick
|move|p1a: Clefable|Thunder Wave|p2a: Darkrai
|-status|p2a: Darkrai|par
|
|-damage|p1a: Clefable|72/100 brn|[from] brn
|-damage|p1a: Clefable|59/100 brn|[from] Salt Cure
|upkeep
|turn|40
|
|t:|1759061442
|switch|p1a: Gliscor|Gliscor, F|36/100 tox
|-damage|p1a: Gliscor|24/100 tox|[from] Stealth Rock
|move|p2a: Darkrai|Ice Beam|p1a: Gliscor
|-supereffective|p1a: Gliscor
|-damage|p1a: Gliscor|0 fnt
|faint|p1a: Gliscor
|
|upkeep
|
|t:|1759061447
|switch|p1a: Clefable|Clefable, F, tera:Poison|59/100 brn
|-damage|p1a: Clefable|47/100 brn|[from] Stealth Rock
|turn|41
|
|t:|1759061449
|move|p1a: Clefable|Moonblast|p2a: Darkrai
|-supereffective|p2a: Darkrai
|-damage|p2a: Darkrai|11/100 par
|move|p2a: Darkrai|Ice Beam|p1a: Clefable
|-damage|p1a: Clefable|18/100 brn
|
|-damage|p1a: Clefable|11/100 brn|[from] brn
|upkeep
|turn|42
|
|t:|1759061452
|move|p1a: Clefable|Moonblast|p2a: Darkrai
|-supereffective|p2a: Darkrai
|-damage|p2a: Darkrai|0 fnt
|faint|p2a: Darkrai
|
|-damage|p1a: Clefable|5/100 brn|[from] brn
|upkeep
|
|t:|1759061454
|switch|p2a: mr yaya|Snorlax, M|100/100
|turn|43
|-message|Pepepeponez forfeited.
|
|win|simmons of ben
|raw|Pepepeponez's rating: 1527 &rarr; <strong>1507</strong><br />(-20 for losing)
|raw|simmons of ben's rating: 1532 &rarr; <strong>1552</strong><br />(+20 for winning)
|l|☆Pepepeponez
|player|p1|
|l|☆simmons of ben
|player|p2|
