|j|☆plant610
|j|☆sam playplu
|t:|1758920919
|gametype|singles
|player|p1|plant610|gardenia|1380
|player|p2|sam playplu|169|1424
|gen|9
|tier|[Gen 9] OU
|rated|
|rule|HP Percentage Mod: HP is shown in percentages
|rule|Endless Battle Clause: Forcing endless battles is banned
|rule|Species Clause: Limit one of each Pokémon
|rule|OHKO Clause: OHKO moves are banned
|rule|Evasion Items Clause: Evasion items are banned
|rule|Evasion Moves Clause: Evasion moves are banned
|rule|Evasion Abilities Clause: Evasion abilities are banned
|rule|Sleep Moves Clause: Sleep-inducing moves are banned
|clearpoke
|poke|p1|Slither Wing|
|poke|p1|Walking Wake|
|poke|p1|Venusaur, F|
|poke|p1|Ninetales, M|
|poke|p1|Great Tusk|
|poke|p1|Hatterene, F|
|poke|p2|Ninetales, F|
|poke|p2|Charizard, F|
|poke|p2|Great Tusk|
|poke|p2|Walking Wake|
|poke|p2|Raging Bolt|
|poke|p2|Hatterene, F|
|teampreview
|inactive|Battle timer is ON: inactive players will automatically lose when time's up. (requested by sam playplu)
|
|t:|1758920935
|teamsize|p1|6
|teamsize|p2|6
|start
|switch|p1a: Walking Wake|Walking Wake|100/100
|switch|p2a: Raging Bolt|Raging Bolt|100/100
|turn|1
|
|t:|1758920942
|-end|p1a: Walking Wake|Protosynthesis|[silent]
|switch|p1a: Hatterene|Hatterene, F|100/100
|-end|p2a: Raging Bolt|Protosynthesis|[silent]
|switch|p2a: Hatterene|Hatterene, F|100/100
|
|upkeep
|turn|2
|
|t:|1758920951
|move|p1a: Hatterene|Nuzzle|p2a: Hatterene
|-damage|p2a: Hatterene|96/100
|-status|p2a: Hatterene|par
|cant|p2a: Hatterene|par
|
|upkeep
|turn|3
|
|t:|1758920961
|move|p1a: Hatterene|Dazzling Gleam|p2a: Hatterene
|-damage|p2a: Hatterene|74/100 par
|cant|p2a: Hatterene|par
|
|upkeep
|turn|4
|
|t:|1758920966
|move|p1a: Hatterene|Nuzzle|p2a: Hatterene
|-damage|p2a: Hatterene|69/100 par
|move|p2a: Hatterene|Nuzzle|p1a: Hatterene
|-damage|p1a: Hatterene|96/100
|-status|p1a: Hatterene|par
|-enditem|p1a: Hatterene|Eject Button
|
|t:|1758920973
|switch|p1a: Ninetales|Ninetales, M|100/100
|-weather|SunnyDay|[from] ability: Drought|[of] p1a: Ninetales
|
|-weather|SunnyDay|[upkeep]
|upkeep
|turn|5
|
|t:|1758920982
|switch|p1a: Great Tusk|Great Tusk|100/100
|-activate|p1a: Great Tusk|ability: Protosynthesis
|-start|p1a: Great Tusk|protosynthesisatk
|switch|p2a: Raging Bolt|Raging Bolt|100/100
|-activate|p2a: Raging Bolt|ability: Protosynthesis
|-start|p2a: Raging Bolt|protosynthesisspa
|
|-weather|SunnyDay|[upkeep]
|upkeep
|turn|6
|
|t:|1758920995
|-end|p2a: Raging Bolt|Protosynthesis|[silent]
|switch|p2a: Charizard|Charizard, F, shiny|100/100
|move|p1a: Great Tusk|Headlong Rush|p2a: Charizard
|-immune|p2a: Charizard
|
|-weather|SunnyDay|[upkeep]
|-damage|p2a: Charizard|88/100|[from] ability: Solar Power|[of] p2a: Charizard
|upkeep
|turn|7
|
|t:|1758921004
|-end|p1a: Great Tusk|Protosynthesis|[silent]
|switch|p1a: Hatterene|Hatterene, F|96/100 par
|move|p2a: Charizard|Weather Ball|p1a: Hatterene
|-crit|p1a: Hatterene
|-damage|p1a: Hatterene|0 fnt
|faint|p1a: Hatterene
|
|-weather|SunnyDay|[upkeep]
|-damage|p2a: Charizard|76/100|[from] ability: Solar Power|[of] p2a: Charizard
|upkeep
|
|t:|1758921012
|switch|p1a: Walking Wake|Walking Wake|100/100
|-activate|p1a: Walking Wake|ability: Protosynthesis
|-start|p1a: Walking Wake|protosynthesisspe
|turn|8
|
|t:|1758921025
|switch|p2a: Hatterene|Hatterene, F|69/100 par
|move|p1a: Walking Wake|Hydro Steam|p2a: Hatterene
|-damage|p2a: Hatterene|9/100 par
|
|-weather|SunnyDay|[upkeep]
|upkeep
|turn|9
|
|t:|1758921033
|move|p1a: Walking Wake|Hydro Steam|p2a: Hatterene
|-damage|p2a: Hatterene|0 fnt
|faint|p2a: Hatterene
|
|-weather|SunnyDay|[upkeep]
|upkeep
|
|t:|1758921041
|switch|p2a: Raging Bolt|Raging Bolt|100/100
|-activate|p2a: Raging Bolt|ability: Protosynthesis
|-start|p2a: Raging Bolt|protosynthesisspa
|turn|10
|
|t:|1758921049
|-terastallize|p1a: Walking Wake|Fairy
|move|p1a: Walking Wake|Hydro Steam|p2a: Raging Bolt
|-resisted|p2a: Raging Bolt
|-damage|p2a: Raging Bolt|74/100
|move|p2a: Raging Bolt|Weather Ball|p1a: Walking Wake
|-crit|p1a: Walking Wake
|-damage|p1a: Walking Wake|0 fnt
|faint|p1a: Walking Wake
|-end|p1a: Walking Wake|Protosynthesis|[silent]
|
|-weather|SunnyDay|[upkeep]
|upkeep
|
|t:|1758921064
|switch|p1a: Venusaur|Venusaur, F|100/100
|turn|11
|
|t:|1758921068
|move|p1a: Venusaur|Earth Power|p2a: Raging Bolt
|-supereffective|p2a: Raging Bolt
|-damage|p2a: Raging Bolt|28/100
|-damage|p1a: Venusaur|91/100|[from] item: Life Orb
|move|p2a: Raging Bolt|Weather Ball|p1a: Venusaur
|-supereffective|p1a: Venusaur
|-damage|p1a: Venusaur|0 fnt
|faint|p1a: Venusaur
|
|-weather|none
|-end|p2a: Raging Bolt|Protosynthesis
|upkeep
|-message|plant610 forfeited.
|
|win|sam playplu
|raw|plant610's rating: 1380 &rarr; <strong>1363</strong><br />(-17 for losing)
|raw|sam playplu's rating: 1424 &rarr; <strong>1441</strong><br />(+17 for winning)
|l|☆plant610
|player|p1|
