|j|☆dbcool
|j|☆XtraToe
|t:|1759009438
|gametype|singles
|player|p1|dbcool|dahlia|1309
|player|p2|XtraToe|101|1258
|gen|9
|tier|[Gen 9] OU
|rated|
|rule|HP Percentage Mod: HP is shown in percentages
|rule|Endless Battle Clause: Forcing endless battles is banned
|rule|Species Clause: Limit one of each Pokémon
|rule|OHKO Clause: OHKO moves are banned
|rule|Evasion Items Clause: Evasion items are banned
|rule|Evasion Moves Clause: Evasion moves are banned
|rule|Evasion Abilities Clause: Evasion abilities are banned
|rule|Sleep Moves Clause: Sleep-inducing moves are banned
|clearpoke
|poke|p1|Dragonite, F|
|poke|p1|Zamazenta-*|
|poke|p1|Landorus-Therian, M|
|poke|p1|Gholdengo|
|poke|p1|Darkrai|
|poke|p1|Hatterene, F|
|poke|p2|Appletun, M|
|poke|p2|Indeedee, M|
|poke|p2|Iron Crown|
|poke|p2|Hoopa-Unbound|
|poke|p2|Weezing-Galar, F|
|poke|p2|Scizor, M|
|teampreview
|inactive|Battle timer is ON: inactive players will automatically lose when time's up. (requested by dbcool)
|inactive|XtraToe has 120 seconds left.
|
|t:|1759009488
|teamsize|p1|6
|teamsize|p2|6
|start
|switch|p1a: Darkrai|Darkrai|100/100
|switch|p2a: DJ Coldcuts|Scizor, M|100/100
|turn|1
|
|t:|1759009513
|move|p1a: Darkrai|Will-O-Wisp|p2a: DJ Coldcuts
|-status|p2a: DJ Coldcuts|brn
|move|p2a: DJ Coldcuts|Knock Off|p1a: Darkrai
|-resisted|p1a: Darkrai
|-damage|p1a: Darkrai|89/100
|-enditem|p1a: Darkrai|Heavy-Duty Boots|[from] move: Knock Off|[of] p2a: DJ Coldcuts
|
|-damage|p2a: DJ Coldcuts|94/100 brn|[from] brn
|upkeep
|turn|2
|
|t:|1759009529
|switch|p1a: Landorus|Landorus-Therian, M|100/100
|-ability|p1a: Landorus|Intimidate|boost
|-unboost|p2a: DJ Coldcuts|atk|1
|move|p2a: DJ Coldcuts|U-turn|p1a: Landorus
|-resisted|p1a: Landorus
|-damage|p1a: Landorus|94/100
|-damage|p2a: DJ Coldcuts|78/100 brn|[from] item: Rocky Helmet|[of] p1a: Landorus
|
|t:|1759009534
|switch|p2a: Laverne|Appletun, M|100/100|[from] U-turn
|
|upkeep
|turn|3
|
|t:|1759009541
|move|p1a: Landorus|Stealth Rock|p2a: Laverne
|-sidestart|p2: XtraToe|move: Stealth Rock
|move|p2a: Laverne|Apple Acid|p1a: Landorus
|-damage|p1a: Landorus|68/100
|-unboost|p1a: Landorus|spd|1
|
|upkeep
|turn|4
|
|t:|1759009548
|move|p1a: Landorus|U-turn|p2a: Laverne
|-supereffective|p2a: Laverne
|-damage|p2a: Laverne|72/100
|-damage|p1a: Landorus|51/100|[from] item: Rocky Helmet|[of] p2a: Laverne
|
|t:|1759009553
|switch|p1a: Hatterene|Hatterene, F|100/100|[from] U-turn
|move|p2a: Laverne|Apple Acid|p1a: Hatterene
|-damage|p1a: Hatterene|82/100
|-unboost|p1a: Hatterene|spd|1
|
|upkeep
|turn|5
|
|t:|1759009565
|switch|p2a: Big Father|Weezing-Galar, F|100/100
|-ability|p2a: Big Father|Neutralizing Gas
|-damage|p2a: Big Father|88/100|[from] Stealth Rock
|move|p1a: Hatterene|Draining Kiss|p2a: Big Father
|-resisted|p2a: Big Father
|-damage|p2a: Big Father|75/100
|-heal|p1a: Hatterene|93/100|[from] drain|[of] p2a: Big Father
|
|-heal|p2a: Big Father|81/100|[from] item: Black Sludge
|upkeep
|turn|6
|
|t:|1759009569
|move|p2a: Big Father|Sludge Bomb|p1a: Hatterene
|-supereffective|p1a: Hatterene
|-damage|p1a: Hatterene|43/100
|-status|p1a: Hatterene|psn
|move|p1a: Hatterene|Psychic Noise|p2a: Big Father
|-supereffective|p2a: Big Father
|-damage|p2a: Big Father|6/100
|-start|p2a: Big Father|move: Heal Block
|
|-damage|p1a: Hatterene|30/100 psn|[from] psn
|upkeep
|turn|7
|
|t:|1759009576
|move|p2a: Big Father|Will-O-Wisp||[still]
|-fail|p2a: Big Father
|move|p1a: Hatterene|Draining Kiss|p2a: Big Father
|-resisted|p2a: Big Father
|-damage|p2a: Big Father|0 fnt
|-heal|p1a: Hatterene|35/100 psn|[from] drain|[of] p2a: Big Father
|faint|p2a: Big Father
|-end|p2a: Big Father|ability: Neutralizing Gas
|
|-damage|p1a: Hatterene|22/100 psn|[from] psn
|upkeep
|
|t:|1759009580
|switch|p2a: DJ Coldcuts|Scizor, M|78/100 brn
|turn|8
|
|t:|1759009585
|move|p2a: DJ Coldcuts|Defog|p1a: Hatterene
|move|p1a: Hatterene|Defog|p2a: DJ Coldcuts|[from] ability: Magic Bounce
|-unboost|p2a: DJ Coldcuts|evasion|1
|-sideend|p2: XtraToe|Stealth Rock|[from] move: Defog|[of] p1a: Hatterene
|move|p1a: Hatterene|Mystical Fire|p2a: DJ Coldcuts
|-supereffective|p2a: DJ Coldcuts
|-damage|p2a: DJ Coldcuts|0 fnt
|faint|p2a: DJ Coldcuts
|
|-damage|p1a: Hatterene|10/100 psn|[from] psn
|upkeep
|
|t:|1759009592
|switch|p2a: Mr. Tumnus|Indeedee, M|100/100
|-fieldstart|move: Psychic Terrain|[from] ability: Psychic Surge|[of] p2a: Mr. Tumnus
|turn|9
|
|t:|1759009595
|move|p2a: Mr. Tumnus|Expanding Force|p1a: Hatterene
|-resisted|p1a: Hatterene
|-damage|p1a: Hatterene|0 fnt
|faint|p1a: Hatterene
|
|upkeep
|
|t:|1759009601
|switch|p1a: Darkrai|Darkrai|89/100
|turn|10
|
|t:|1759009607
|switch|p2a: Pelican Eel|Hoopa-Unbound|100/100
|move|p1a: Darkrai|Dark Pulse|p2a: Pelican Eel
|-damage|p2a: Pelican Eel|63/100
|
|upkeep
|turn|11
|
|t:|1759009623
|switch|p1a: Gholdengo|Gholdengo|100/100
|move|p2a: Pelican Eel|Zen Headbutt|p1a: Gholdengo
|-resisted|p1a: Gholdengo
|-crit|p1a: Gholdengo
|-damage|p1a: Gholdengo|48/100
|
|upkeep
|turn|12
|
|t:|1759009629
|move|p2a: Pelican Eel|Zen Headbutt|p1a: Gholdengo
|-resisted|p1a: Gholdengo
|-damage|p1a: Gholdengo|13/100
|move|p1a: Gholdengo|Make It Rain|p2a: Pelican Eel
|-damage|p2a: Pelican Eel|0 fnt
|-unboost|p1a: Gholdengo|spa|1
|faint|p2a: Pelican Eel
|
|upkeep
|
|t:|1759009646
|switch|p2a: Ethan Baron|Iron Crown|100/100
|-enditem|p2a: Ethan Baron|Booster Energy
|-activate|p2a: Ethan Baron|ability: Quark Drive|[fromitem]
|-start|p2a: Ethan Baron|quarkdrivespa
|turn|13
|
|t:|1759009653
|move|p2a: Ethan Baron|Agility|p2a: Ethan Baron
|-boost|p2a: Ethan Baron|spe|2
|move|p1a: Gholdengo|Make It Rain|p2a: Ethan Baron
|-resisted|p2a: Ethan Baron
|-damage|p2a: Ethan Baron|74/100
|-unboost|p1a: Gholdengo|spa|1
|
|-fieldend|move: Psychic Terrain
|upkeep
|turn|14
|
|t:|1759009658
|move|p2a: Ethan Baron|Expanding Force|p1a: Gholdengo
|-resisted|p1a: Gholdengo
|-damage|p1a: Gholdengo|0 fnt
|faint|p1a: Gholdengo
|
|upkeep
|
|t:|1759009665
|switch|p1a: Dragonite|Dragonite, F|100/100
|turn|15
|
|t:|1759009669
|move|p2a: Ethan Baron|Tachyon Cutter|p1a: Dragonite
|-damage|p1a: Dragonite|83/100
|-damage|p1a: Dragonite|46/100
|-hitcount|p1a: Dragonite|2
|move|p1a: Dragonite|Earthquake|p2a: Ethan Baron
|-supereffective|p2a: Ethan Baron
|-crit|p2a: Ethan Baron
|-damage|p2a: Ethan Baron|0 fnt
|faint|p2a: Ethan Baron
|-end|p2a: Ethan Baron|Quark Drive|[silent]
|
|upkeep
|
|t:|1759009674
|switch|p2a: Mr. Tumnus|Indeedee, M|100/100
|-fieldstart|move: Psychic Terrain|[from] ability: Psychic Surge|[of] p2a: Mr. Tumnus
|turn|16
|
|t:|1759009680
|move|p2a: Mr. Tumnus|Hyper Voice|p1a: Dragonite
|-damage|p1a: Dragonite|1/100
|move|p1a: Dragonite|Earthquake|p2a: Mr. Tumnus
|-damage|p2a: Mr. Tumnus|27/100
|
|upkeep
|turn|17
|
|t:|1759009685
|move|p2a: Mr. Tumnus|Hyper Voice|p1a: Dragonite
|-damage|p1a: Dragonite|0 fnt
|faint|p1a: Dragonite
|
|upkeep
|
|t:|1759009691
|switch|p1a: Darkrai|Darkrai|89/100
|turn|18
|
|t:|1759009695
|-terastallize|p1a: Darkrai|Ghost
|move|p2a: Mr. Tumnus|Hyper Voice|p1a: Darkrai
|-immune|p1a: Darkrai
|move|p1a: Darkrai|Dark Pulse|p2a: Mr. Tumnus
|-supereffective|p2a: Mr. Tumnus
|-damage|p2a: Mr. Tumnus|0 fnt
|faint|p2a: Mr. Tumnus
|
|upkeep
|
|t:|1759009697
|switch|p2a: Laverne|Appletun, M|72/100
|turn|19
|
|t:|1759009700
|move|p1a: Darkrai|Ice Beam|p2a: Laverne
|-supereffective|p2a: Laverne
|-crit|p2a: Laverne
|-damage|p2a: Laverne|0 fnt
|faint|p2a: Laverne
|
|win|dbcool
|raw|dbcool's rating: 1309 &rarr; <strong>1326</strong><br />(+17 for winning)
|raw|XtraToe's rating: 1258 &rarr; <strong>1237</strong><br />(-21 for losing)
|l|☆dbcool
|player|p1|
|l|☆XtraToe
|player|p2|
