|j|☆NeoSel
|j|☆KaiZX49
|t:|1759010083
|gametype|singles
|player|p1|NeoSel|rei|1159
|player|p2|KaiZX49|youngster|1217
|gen|9
|tier|[Gen 9] OU
|rated|
|rule|HP Percentage Mod: HP is shown in percentages
|rule|Endless Battle Clause: Forcing endless battles is banned
|rule|Species Clause: Limit one of each Pokémon
|rule|OHKO Clause: OHKO moves are banned
|rule|Evasion Items Clause: Evasion items are banned
|rule|Evasion Moves Clause: Evasion moves are banned
|rule|Evasion Abilities Clause: Evasion abilities are banned
|rule|Sleep Moves Clause: Sleep-inducing moves are banned
|clearpoke
|poke|p1|Dragapult, F|
|poke|p1|Glimmora, M|
|poke|p1|Gholdengo|
|poke|p1|Garganacl, M|
|poke|p1|Deoxys-Speed|
|poke|p1|Iron Crown|
|poke|p2|Forretress, M|
|poke|p2|Flygon, M|
|poke|p2|Clodsire, M|
|poke|p2|Jumpluff, M|
|poke|p2|Dragapult, M|
|poke|p2|Heatran, F|
|teampreview
|inactive|Battle timer is ON: inactive players will automatically lose when time's up. (requested by NeoSel)
|
|t:|1759010091
|teamsize|p1|6
|teamsize|p2|6
|start
|switch|p1a: Glimmora|Glimmora, M|100/100
|switch|p2a: Forretress|Forretress, M|100/100
|turn|1
|
|t:|1759010099
|move|p1a: Glimmora|Stealth Rock|p2a: Forretress
|-sidestart|p2: KaiZX49|move: Stealth Rock
|move|p2a: Forretress|Thunder Wave|p1a: Glimmora
|-status|p1a: Glimmora|par
|
|upkeep
|turn|2
|
|t:|1759010105
|move|p1a: Glimmora|Spikes|p2a: Forretress
|-sidestart|p2: KaiZX49|Spikes
|move|p2a: Forretress|Stealth Rock|p1a: Glimmora
|-sidestart|p1: NeoSel|move: Stealth Rock
|
|upkeep
|turn|3
|
|t:|1759010113
|switch|p1a: Deoxys|Deoxys-Speed|100/100
|-damage|p1a: Deoxys|88/100|[from] Stealth Rock
|-ability|p1a: Deoxys|Pressure
|switch|p2a: Jumpluff|Jumpluff, M|100/100
|
|upkeep
|turn|4
|
|t:|1759010121
|move|p1a: Deoxys|Thunder Wave|p2a: Jumpluff
|-status|p2a: Jumpluff|par
|cant|p2a: Jumpluff|par
|
|upkeep
|turn|5
|
|t:|1759010127
|move|p1a: Deoxys|Taunt|p2a: Jumpluff
|-start|p2a: Jumpluff|move: Taunt
|cant|p2a: Jumpluff|move: Taunt|Stun Spore
|
|upkeep
|turn|6
|
|t:|1759010133
|switch|p2a: Forretress|Forretress, M|100/100
|-damage|p2a: Forretress|88/100|[from] Stealth Rock
|-damage|p2a: Forretress|76/100|[from] Spikes
|move|p1a: Deoxys|Knock Off|p2a: Forretress
|-damage|p2a: Forretress|64/100
|-enditem|p2a: Forretress|Custap Berry|[from] move: Knock Off|[of] p1a: Deoxys
|
|upkeep
|turn|7
|
|t:|1759010144
|move|p1a: Deoxys|Taunt|p2a: Forretress
|-start|p2a: Forretress|move: Taunt
|move|p2a: Forretress|Rapid Spin|p1a: Deoxys
|-damage|p1a: Deoxys|75/100
|-boost|p2a: Forretress|spe|1
|-sideend|p2: KaiZX49|Spikes|[from] move: Rapid Spin|[of] p2a: Forretress
|-sideend|p2: KaiZX49|Stealth Rock|[from] move: Rapid Spin|[of] p2a: Forretress
|-enditem|p1a: Deoxys|Red Card|[of] p2a: Forretress
|drag|p2a: Dragapult|Dragapult, M|100/100
|
|upkeep
|turn|8
|
|t:|1759010153
|switch|p2a: Forretress|Forretress, M|64/100
|move|p1a: Deoxys|Thunder Wave|p2a: Forretress
|-status|p2a: Forretress|par
|
|upkeep
|turn|9
|
|t:|1759010165
|move|p1a: Deoxys|Taunt|p2a: Forretress
|-start|p2a: Forretress|move: Taunt
|cant|p2a: Forretress|par
|
|upkeep
|turn|10
|
|t:|1759010172
|switch|p1a: Garganacl|Garganacl, M, shiny|100/100
|-damage|p1a: Garganacl|88/100|[from] Stealth Rock
|move|p2a: Forretress|Explosion|p1a: Garganacl
|-resisted|p1a: Garganacl
|-damage|p1a: Garganacl|71/100
|faint|p2a: Forretress
|
|-heal|p1a: Garganacl|77/100|[from] item: Leftovers
|upkeep
|
|t:|1759010188
|switch|p2a: Heatran|Heatran, F|100/100
|turn|11
|
|t:|1759010193
|move|p2a: Heatran|Magma Storm|p1a: Garganacl|[miss]
|-miss|p2a: Heatran|p1a: Garganacl
|move|p1a: Garganacl|Salt Cure|p2a: Heatran
|-damage|p2a: Heatran|86/100
|-start|p2a: Heatran|Salt Cure
|
|-heal|p2a: Heatran|92/100|[from] item: Leftovers
|-heal|p1a: Garganacl|84/100|[from] item: Leftovers
|-damage|p2a: Heatran|67/100|[from] Salt Cure
|upkeep
|turn|12
|
|t:|1759010203
|switch|p2a: Jumpluff|Jumpluff, M|100/100 par
|move|p1a: Garganacl|Body Press|p2a: Jumpluff
|-resisted|p2a: Jumpluff
|-damage|p2a: Jumpluff|84/100 par
|
|-heal|p1a: Garganacl|90/100|[from] item: Leftovers
|upkeep
|turn|13
|
|t:|1759010211
|move|p2a: Jumpluff|Encore|p1a: Garganacl
|-start|p1a: Garganacl|Encore
|move|p1a: Garganacl|Body Press|p2a: Jumpluff
|-resisted|p2a: Jumpluff
|-damage|p2a: Jumpluff|69/100 par
|
|-heal|p1a: Garganacl|96/100|[from] item: Leftovers
|upkeep
|turn|14
|
|t:|1759010219
|switch|p1a: Deoxys|Deoxys-Speed|75/100
|-damage|p1a: Deoxys|63/100|[from] Stealth Rock
|-ability|p1a: Deoxys|Pressure
|move|p2a: Jumpluff|Leech Seed|p1a: Deoxys
|-start|p1a: Deoxys|move: Leech Seed
|
|-damage|p1a: Deoxys|51/100|[from] Leech Seed|[of] p2a: Jumpluff
|-heal|p2a: Jumpluff|80/100 par|[silent]
|upkeep
|turn|15
|
|t:|1759010231
|move|p1a: Deoxys|Taunt|p2a: Jumpluff
|-start|p2a: Jumpluff|move: Taunt
|cant|p2a: Jumpluff|move: Taunt|Stun Spore
|
|-damage|p1a: Deoxys|39/100|[from] Leech Seed|[of] p2a: Jumpluff
|-heal|p2a: Jumpluff|90/100 par|[silent]
|upkeep
|turn|16
|
|t:|1759010242
|switch|p2a: Clodsire|Clodsire, M|100/100
|move|p1a: Deoxys|Psychic Noise|p2a: Clodsire
|-supereffective|p2a: Clodsire
|-damage|p2a: Clodsire|75/100
|-start|p2a: Clodsire|move: Heal Block
|
|-damage|p1a: Deoxys|27/100|[from] Leech Seed|[of] p2a: Clodsire
|upkeep
|turn|17
|
|t:|1759010253
|move|p1a: Deoxys|Knock Off|p2a: Clodsire
|-damage|p2a: Clodsire|54/100
|-enditem|p2a: Clodsire|Leftovers|[from] move: Knock Off|[of] p1a: Deoxys
|move|p2a: Clodsire|Spikes|p1a: Deoxys
|-sidestart|p1: NeoSel|Spikes
|
|-damage|p1a: Deoxys|14/100|[from] Leech Seed|[of] p2a: Clodsire
|-end|p2a: Clodsire|move: Heal Block
|upkeep
|turn|18
|
|t:|1759010263
|move|p1a: Deoxys|Taunt|p2a: Clodsire
|-start|p2a: Clodsire|move: Taunt
|move|p2a: Clodsire|Earthquake|p1a: Deoxys
|-damage|p1a: Deoxys|0 fnt
|faint|p1a: Deoxys
|
|upkeep
|
|t:|1759010272
|switch|p1a: Glimmora|Glimmora, M|100/100 par
|-damage|p1a: Glimmora|88/100 par|[from] Stealth Rock
|-damage|p1a: Glimmora|76/100 par|[from] Spikes
|turn|19
|
|t:|1759010279
|cant|p1a: Glimmora|par
|move|p2a: Clodsire|Earthquake|p1a: Glimmora
|-supereffective|p1a: Glimmora
|-damage|p1a: Glimmora|0 fnt
|-activate|p1a: Glimmora|ability: Toxic Debris
|-sidestart|p2: KaiZX49|move: Toxic Spikes
|faint|p1a: Glimmora
|
|upkeep
|
|t:|1759010289
|switch|p1a: Iron Crown|Iron Crown|100/100
|-damage|p1a: Iron Crown|94/100|[from] Stealth Rock
|-damage|p1a: Iron Crown|82/100|[from] Spikes
|-enditem|p1a: Iron Crown|Booster Energy
|-activate|p1a: Iron Crown|ability: Quark Drive|[fromitem]
|-start|p1a: Iron Crown|quarkdrivespa
|turn|20
|
|t:|1759010296
|-terastallize|p2a: Clodsire|Dark
|move|p1a: Iron Crown|Agility|p1a: Iron Crown
|-boost|p1a: Iron Crown|spe|2
|move|p2a: Clodsire|Earthquake|p1a: Iron Crown
|-supereffective|p1a: Iron Crown
|-damage|p1a: Iron Crown|25/100
|
|-end|p2a: Clodsire|move: Taunt
|upkeep
|turn|21
|
|t:|1759010309
|move|p1a: Iron Crown|Tachyon Cutter|p2a: Clodsire
|-damage|p2a: Clodsire|36/100
|-damage|p2a: Clodsire|17/100
|-hitcount|p2a: Clodsire|2
|move|p2a: Clodsire|Earthquake|p1a: Iron Crown
|-supereffective|p1a: Iron Crown
|-damage|p1a: Iron Crown|0 fnt
|faint|p1a: Iron Crown
|-end|p1a: Iron Crown|Quark Drive|[silent]
|
|upkeep
|
|t:|1759010319
|switch|p1a: Dragapult|Dragapult, F|100/100
|turn|22
|
|t:|1759010322
|switch|p2a: Jumpluff|Jumpluff, M|90/100 par
|move|p1a: Dragapult|Dragon Dance|p1a: Dragapult
|-boost|p1a: Dragapult|atk|1
|-boost|p1a: Dragapult|spe|1
|
|upkeep
|turn|23
|
|t:|1759010328
|move|p1a: Dragapult|Dragon Darts|p2a: Jumpluff
|-damage|p2a: Jumpluff|38/100 par
|-anim|p1a: Dragapult|Dragon Darts|p2a: Jumpluff
|-crit|p2a: Jumpluff
|-damage|p2a: Jumpluff|0 fnt
|faint|p2a: Jumpluff
|
|upkeep
|
|t:|1759010334
|switch|p2a: Heatran|Heatran, F|67/100
|turn|24
|
|t:|1759010344
|move|p1a: Dragapult|Phantom Force||[still]
|-prepare|p1a: Dragapult|Phantom Force
|move|p2a: Heatran|Magma Storm|p1a: Dragapult|[miss]
|-miss|p2a: Heatran|p1a: Dragapult
|
|-heal|p2a: Heatran|73/100|[from] item: Leftovers
|upkeep
|turn|25
|
|t:|1759010350
|move|p2a: Heatran|Protect|p2a: Heatran
|-singleturn|p2a: Heatran|Protect
|move|p1a: Dragapult|Phantom Force|p2a: Heatran|[from] lockedmove
|-activate|p2a: Heatran|move: Phantom Force|[broken]
|-damage|p2a: Heatran|4/100
|
|-heal|p2a: Heatran|10/100|[from] item: Leftovers
|upkeep
|turn|26
|
|t:|1759010360
|move|p1a: Dragapult|Dragon Darts|p2a: Heatran
|-resisted|p2a: Heatran
|-damage|p2a: Heatran|0 fnt
|faint|p2a: Heatran
|
|upkeep
|-message|KaiZX49 forfeited.
|
|win|NeoSel
|raw|NeoSel's rating: 1159 &rarr; <strong>1188</strong><br />(+29 for winning)
|raw|KaiZX49's rating: 1217 &rarr; <strong>1188</strong><br />(-29 for losing)
|l|☆KaiZX49
|player|p2|
|l|☆NeoSel
|player|p1|
