|j|☆Shabooya1
|j|☆Luzzio
|t:|1759067091
|gametype|singles
|player|p1|Shabooya1|unknown|1465
|player|p2|Luzzio|lucas-gen4pt|1444
|gen|9
|tier|[Gen 9] OU
|rated|
|rule|HP Percentage Mod: HP is shown in percentages
|rule|Endless Battle Clause: Forcing endless battles is banned
|rule|Species Clause: Limit one of each Pokémon
|rule|OHKO Clause: OHKO moves are banned
|rule|Evasion Items Clause: Evasion items are banned
|rule|Evasion Moves Clause: Evasion moves are banned
|rule|Evasion Abilities Clause: Evasion abilities are banned
|rule|Sleep Moves Clause: Sleep-inducing moves are banned
|clearpoke
|poke|p1|Cresselia, F|
|poke|p1|Torkoal, M|
|poke|p1|Mimikyu, M|
|poke|p1|Iron Hands|
|poke|p1|Hatterene, F|
|poke|p1|Glastrier|
|poke|p2|Araquanid, F|
|poke|p2|Kingambit, F|
|poke|p2|Gholdengo|
|poke|p2|Great Tusk|
|poke|p2|Iron Moth|
|poke|p2|Luxray, M|
|teampreview
|
|t:|1759067104
|teamsize|p1|6
|teamsize|p2|6
|start
|switch|p1a: Glastrier|Glastrier|100/100
|switch|p2a: I Carry This Team|Araquanid, F|100/100
|turn|1
|
|t:|1759067110
|move|p2a: I Carry This Team|Surf|p1a: Glastrier
|-damage|p1a: Glastrier|61/100
|move|p1a: Glastrier|Substitute|p1a: Glastrier
|-start|p1a: Glastrier|Substitute
|-damage|p1a: Glastrier|36/100
|
|upkeep
|turn|2
|
|t:|1759067116
|move|p2a: I Carry This Team|Surf|p1a: Glastrier
|-end|p1a: Glastrier|Substitute
|move|p1a: Glastrier|Swords Dance|p1a: Glastrier
|-boost|p1a: Glastrier|atk|2
|
|upkeep
|turn|3
|
|t:|1759067121
|move|p2a: I Carry This Team|Surf|p1a: Glastrier
|-damage|p1a: Glastrier|0 fnt
|faint|p1a: Glastrier
|
|upkeep
|
|t:|1759067126
|switch|p1a: Hatterene|Hatterene, F, shiny|100/100
|turn|4
|
|t:|1759067129
|move|p2a: I Carry This Team|Surf|p1a: Hatterene
|-damage|p1a: Hatterene|43/100
|move|p1a: Hatterene|Trick Room|p1a: Hatterene
|-fieldstart|move: Trick Room|[of] p1a: Hatterene
|
|upkeep
|turn|5
|
|t:|1759067134
|move|p1a: Hatterene|Misty Explosion|p2a: I Carry This Team
|-damage|p2a: I Carry This Team|64/100
|faint|p1a: Hatterene
|move|p2a: I Carry This Team|Surf|p1: Hatterene|[notarget]
|-fail|p2a: I Carry This Team
|
|upkeep
|
|t:|1759067144
|switch|p1a: EZAF|Torkoal, M, shiny|100/100
|-weather|SunnyDay|[from] ability: Drought|[of] p1a: EZAF
|turn|6
|
|t:|1759067148
|-terastallize|p1a: EZAF|Fire
|move|p2a: I Carry This Team|Endure|p2a: I Carry This Team
|-singleturn|p2a: I Carry This Team|move: Endure
|move|p1a: EZAF|Eruption|p2a: I Carry This Team
|-activate|p2a: I Carry This Team|move: Endure
|-damage|p2a: I Carry This Team|1/100
|
|-weather|SunnyDay|[upkeep]
|upkeep
|turn|7
|-enditem|p2a: I Carry This Team|Custap Berry|[eat]
|-activate|p2a: I Carry This Team|item: Custap Berry|[consumed]
|
|t:|1759067157
|switch|p1a: Hit me|Mimikyu, M, shiny|100/100
|move|p2a: I Carry This Team|Endeavor|p1a: Hit me
|-immune|p1a: Hit me
|
|-weather|SunnyDay|[upkeep]
|upkeep
|turn|8
|
|t:|1759067162
|move|p1a: Hit me|Shadow Sneak|p2a: I Carry This Team
|-damage|p2a: I Carry This Team|0 fnt
|faint|p2a: I Carry This Team
|
|-weather|SunnyDay|[upkeep]
|-fieldend|move: Trick Room
|upkeep
|
|t:|1759067168
|switch|p2a: I Sweep Teams|Iron Moth|100/100
|-enditem|p2a: I Sweep Teams|Booster Energy
|-activate|p2a: I Sweep Teams|ability: Quark Drive|[fromitem]
|-start|p2a: I Sweep Teams|quarkdrivespe
|turn|9
|
|t:|1759067172
|move|p1a: Hit me|Shadow Sneak|p2a: I Sweep Teams
|-damage|p2a: I Sweep Teams|74/100
|move|p2a: I Sweep Teams|Substitute|p2a: I Sweep Teams
|-start|p2a: I Sweep Teams|Substitute
|-damage|p2a: I Sweep Teams|49/100
|
|-weather|SunnyDay|[upkeep]
|upkeep
|turn|10
|
|t:|1759067178
|move|p1a: Hit me|Shadow Sneak|p2a: I Sweep Teams
|-end|p2a: I Sweep Teams|Substitute
|move|p2a: I Sweep Teams|Sludge Wave|p1a: Hit me
|-activate|p1a: Hit me|ability: Disguise
|-damage|p1a: Hit me|100/100
|-status|p1a: Hit me|psn
|detailschange|p1a: Hit me|Mimikyu-Busted, M, shiny
|-damage|p1a: Hit me|88/100 psn|[from] pokemon: Mimikyu-Busted
|-enditem|p1a: Hit me|Red Card|[of] p2a: I Sweep Teams
|-end|p2a: I Sweep Teams|Quark Drive|[silent]
|drag|p2a: I Hit Hard|Luxray, M|100/100
|
|-weather|none
|-damage|p1a: Hit me|76/100 psn|[from] psn
|-status|p2a: I Hit Hard|brn|[from] item: Flame Orb
|upkeep
|turn|11
|
|t:|1759067187
|move|p2a: I Hit Hard|Supercell Slam|p1a: Hit me
|-damage|p1a: Hit me|0 fnt
|faint|p1a: Hit me
|
|-damage|p2a: I Hit Hard|95/100 brn|[from] brn
|upkeep
|
|t:|1759067192
|switch|p1a: Iron Hands|Iron Hands|100/100
|-enditem|p1a: Iron Hands|Booster Energy
|-activate|p1a: Iron Hands|ability: Quark Drive|[fromitem]
|-start|p1a: Iron Hands|quarkdriveatk
|turn|12
|
|t:|1759067195
|move|p2a: I Hit Hard|Volt Switch|p1a: Iron Hands
|-resisted|p1a: Iron Hands
|-damage|p1a: Iron Hands|91/100
|
|t:|1759067199
|switch|p2a: I Sweep Teams|Iron Moth|49/100|[from] Volt Switch
|move|p1a: Iron Hands|Earthquake|p2a: I Sweep Teams
|-supereffective|p2a: I Sweep Teams
|-damage|p2a: I Sweep Teams|0 fnt
|faint|p2a: I Sweep Teams
|-end|p2a: I Sweep Teams|Quark Drive|[silent]
|
|upkeep
|
|t:|1759067201
|switch|p2a: I Clean The Floor|Great Tusk|100/100
|turn|13
|
|t:|1759067207
|-end|p2a: I Clean The Floor|Protosynthesis|[silent]
|switch|p2a: I Hit Hard|Luxray, M|95/100 brn
|move|p1a: Iron Hands|Drain Punch|p2a: I Hit Hard
|-damage|p2a: I Hit Hard|19/100 brn
|-heal|p1a: Iron Hands|100/100|[from] drain|[of] p2a: I Hit Hard
|
|-damage|p2a: I Hit Hard|13/100 brn|[from] brn
|upkeep
|turn|14
|
|t:|1759067214
|move|p2a: I Hit Hard|Play Rough|p1a: Iron Hands
|-supereffective|p1a: Iron Hands
|-damage|p1a: Iron Hands|44/100
|move|p1a: Iron Hands|Drain Punch|p2a: I Hit Hard
|-damage|p2a: I Hit Hard|0 fnt
|-heal|p1a: Iron Hands|48/100|[from] drain|[of] p2a: I Hit Hard
|faint|p2a: I Hit Hard
|
|upkeep
|
|t:|1759067243
|switch|p2a: I Also Need a Nerf|Gholdengo|100/100
|-item|p2a: I Also Need a Nerf|Air Balloon
|turn|15
|
|t:|1759067246
|move|p2a: I Also Need a Nerf|Make It Rain|p1a: Iron Hands
|-resisted|p1a: Iron Hands
|-damage|p1a: Iron Hands|17/100
|-unboost|p2a: I Also Need a Nerf|spa|1
|move|p1a: Iron Hands|Supercell Slam|p2a: I Also Need a Nerf
|-damage|p2a: I Also Need a Nerf|10/100
|-enditem|p2a: I Also Need a Nerf|Air Balloon
|
|upkeep
|turn|16
|
|t:|1759067252
|move|p2a: I Also Need a Nerf|Make It Rain|p1a: Iron Hands
|-resisted|p1a: Iron Hands
|-damage|p1a: Iron Hands|0 fnt
|-unboost|p2a: I Also Need a Nerf|spa|1
|faint|p1a: Iron Hands
|-end|p1a: Iron Hands|Quark Drive|[silent]
|
|upkeep
|
|t:|1759067263
|switch|p1a: Git gud|Cresselia, F, shiny|100/100
|turn|17
|
|t:|1759067267
|move|p2a: I Also Need a Nerf|Recover|p2a: I Also Need a Nerf
|-heal|p2a: I Also Need a Nerf|60/100
|move|p1a: Git gud|Trick Room|p1a: Git gud
|-fieldstart|move: Trick Room|[of] p1a: Git gud
|
|upkeep
|turn|18
|
|t:|1759067270
|move|p1a: Git gud|Lunar Dance|p1a: Git gud
|faint|p1a: Git gud
|move|p2a: I Also Need a Nerf|Recover|p2a: I Also Need a Nerf
|-heal|p2a: I Also Need a Nerf|100/100
|
|upkeep
|
|t:|1759067272
|switch|p1a: EZAF|Torkoal, M, shiny, tera:Fire|100/100
|-heal|p1a: EZAF|100/100|[from] move: Lunar Dance
|-weather|SunnyDay|[from] ability: Drought|[of] p1a: EZAF
|turn|19
|
|t:|1759067290
|move|p1a: EZAF|Eruption|p2a: I Also Need a Nerf
|-supereffective|p2a: I Also Need a Nerf
|-damage|p2a: I Also Need a Nerf|0 fnt
|faint|p2a: I Also Need a Nerf
|
|-weather|SunnyDay|[upkeep]
|upkeep
|
|t:|1759067293
|switch|p2a: I Need A Nerf|Kingambit, F|100/100
|-activate|p2a: I Need A Nerf|ability: Supreme Overlord
|-start|p2a: I Need A Nerf|fallen4|[silent]
|turn|20
|
|t:|1759067295
|move|p2a: I Need A Nerf|Sucker Punch|p1a: EZAF
|-damage|p1a: EZAF|54/100
|move|p1a: EZAF|Eruption|p2a: I Need A Nerf
|-supereffective|p2a: I Need A Nerf
|-crit|p2a: I Need A Nerf
|-damage|p2a: I Need A Nerf|0 fnt
|faint|p2a: I Need A Nerf
|-end|p2a: I Need A Nerf|fallen4|[silent]
|
|-weather|SunnyDay|[upkeep]
|upkeep
|
|t:|1759067300
|switch|p2a: I Clean The Floor|Great Tusk|100/100
|-activate|p2a: I Clean The Floor|ability: Protosynthesis
|-start|p2a: I Clean The Floor|protosynthesisatk
|turn|21
|
|t:|1759067301
|move|p1a: EZAF|Eruption|p2a: I Clean The Floor
|-damage|p2a: I Clean The Floor|0 fnt
|faint|p2a: I Clean The Floor
|-end|p2a: I Clean The Floor|Protosynthesis|[silent]
|
|win|Shabooya1
|raw|Shabooya1's rating: 1465 &rarr; <strong>1484</strong><br />(+19 for winning)
|raw|Luzzio's rating: 1444 &rarr; <strong>1425</strong><br />(-19 for losing)
|c|☆Shabooya1|Gg
|c|☆Luzzio|gg
|c|☆Luzzio|ngl i though Tusk survived that
|c|☆Shabooya1|Yeah I have spec
|c|☆Shabooya1|Sun
|c|☆Shabooya1|And Tera
|c|☆Luzzio|since Kingambit dropped Torkoal's hp a bit
|c|☆Shabooya1|It's nuts in t room
|c|☆Shabooya1|Exactly
|c|☆Luzzio|Holy fuck
|c|☆Shabooya1|Most people don't know how hard this shit hits
|c|☆Shabooya1|Araq is aids
|c|☆Shabooya1|Amazing lead
|c|☆Luzzio|thoughs on Lux btw?
|c|☆Shabooya1|I thought it hits very hard and I like the move pool
|c|☆Luzzio|I've been using this team since 1150
|c|☆Shabooya1|Good against the ogerpon spam
|c|☆Luzzio|in webs yea
|c|☆Luzzio|and with tera it one shots SpDef Slowking Galar
|c|☆Luzzio|iirc
|c|☆Shabooya1|Who did you end up Tera?
|c|☆Shabooya1|That's wild^
|c|☆Luzzio|didn't find a chance to tera
|c|☆Shabooya1|People have been doing assault vest
|c|☆Shabooya1|Gloking full def
|c|☆Shabooya1|Copy
|c|☆Shabooya1|Gg add me if you wanna play again and test shit in the future
|c|☆Luzzio|252+ Atk Guts Tera Electric Luxray Supercell Slam vs. 252 HP / 8 Def Slowking-Galar: 404-476 (102.5 - 120.8%) -- guaranteed OHKO
|c|☆Luzzio|252+ Atk Guts Tera Electric Luxray Supercell Slam vs. 252 HP / 8 Def Slowking-Galar: 404-476 (102.5 - 120.8%) -- guaranteed OHKO
|l|☆Shabooya1
|player|p1|
|c|☆Luzzio|sure, didn't know you can add ppl here lol
|l|☆Luzzio
|player|p2|
