|j|☆lostmanjayk
|j|☆Golden Chrisp
|t:|1759003215
|gametype|singles
|player|p1|lostmanjayk|266|1095
|player|p2|Golden Chrisp|steven|1083
|gen|9
|tier|[Gen 9] OU
|rated|
|rule|HP Percentage Mod: HP is shown in percentages
|rule|Endless Battle Clause: Forcing endless battles is banned
|rule|Species Clause: Limit one of each Pokémon
|rule|OHKO Clause: OHKO moves are banned
|rule|Evasion Items Clause: Evasion items are banned
|rule|Evasion Moves Clause: Evasion moves are banned
|rule|Evasion Abilities Clause: Evasion abilities are banned
|rule|Sleep Moves Clause: Sleep-inducing moves are banned
|clearpoke
|poke|p1|Jolteon, M|
|poke|p1|Mudsdale, F|
|poke|p1|Iron Boulder|
|poke|p1|Conkeldurr, M|
|poke|p1|Enamorus, F|
|poke|p1|Empoleon, F|
|poke|p2|Fezandipiti, M|
|poke|p2|Okidogi, M|
|poke|p2|Munkidori, M|
|poke|p2|Pecharunt|
|poke|p2|Glimmora, F|
|poke|p2|Overqwil, M|
|teampreview
|
|t:|1759003224
|teamsize|p1|6
|teamsize|p2|6
|start
|switch|p1a: Enamorus|Enamorus, F|100/100
|switch|p2a: Pretty Bird|Fezandipiti, M|100/100
|-item|p2a: Pretty Bird|Air Balloon
|turn|1
|
|t:|1759003242
|switch|p1a: Empoleon|Empoleon, F|100/100
|move|p2a: Pretty Bird|Beat Up|p1a: Empoleon
|-damage|p1a: Empoleon|97/100
|-damage|p1a: Empoleon|92/100
|-damage|p1a: Empoleon|90/100
|-damage|p1a: Empoleon|87/100
|-damage|p1a: Empoleon|84/100
|-damage|p1a: Empoleon|81/100
|-hitcount|p1a: Empoleon|6
|
|upkeep
|turn|2
|inactive|Battle timer is ON: inactive players will automatically lose when time's up. (requested by Golden Chrisp)
|
|t:|1759003254
|move|p2a: Pretty Bird|Tailwind|p2a: Pretty Bird
|-sidestart|p2: Golden Chrisp|move: Tailwind
|move|p1a: Empoleon|Chilling Water|p2a: Pretty Bird
|-damage|p2a: Pretty Bird|90/100
|-unboost|p2a: Pretty Bird|atk|1
|-enditem|p2a: Pretty Bird|Air Balloon
|
|upkeep
|turn|3
|
|t:|1759003274
|move|p2a: Pretty Bird|U-turn|p1a: Empoleon
|-resisted|p1a: Empoleon
|-damage|p1a: Empoleon|76/100
|-damage|p2a: Pretty Bird|73/100|[from] item: Rocky Helmet|[of] p1a: Empoleon
|
|t:|1759003278
|switch|p2a: Glimmer|Glimmora, F, shiny|100/100|[from] U-turn
|-item|p2a: Glimmer|Air Balloon
|move|p1a: Empoleon|Stealth Rock|p2a: Glimmer
|-sidestart|p2: Golden Chrisp|move: Stealth Rock
|
|upkeep
|turn|4
|
|t:|1759003287
|move|p2a: Glimmer|Toxic|p1a: Empoleon
|-status|p1a: Empoleon|tox
|move|p1a: Empoleon|Chilling Water|p2a: Glimmer
|-supereffective|p2a: Glimmer
|-damage|p2a: Glimmer|69/100
|-unboost|p2a: Glimmer|atk|1
|-enditem|p2a: Glimmer|Air Balloon
|
|-damage|p1a: Empoleon|70/100 tox|[from] psn
|upkeep
|turn|5
|
|t:|1759003297
|move|p2a: Glimmer|Sand Tomb|p1a: Empoleon
|-supereffective|p1a: Empoleon
|-damage|p1a: Empoleon|63/100 tox
|-activate|p1a: Empoleon|move: Sand Tomb|[of] p2a: Glimmer
|move|p1a: Empoleon|Chilling Water|p2a: Glimmer
|-supereffective|p2a: Glimmer
|-damage|p2a: Glimmer|37/100
|-unboost|p2a: Glimmer|atk|1
|
|-damage|p1a: Empoleon|51/100 tox|[from] psn
|-damage|p1a: Empoleon|38/100 tox|[from] move: Sand Tomb|[partiallytrapped]
|-sideend|p2: Golden Chrisp|move: Tailwind
|upkeep
|turn|6
|
|t:|1759003309
|move|p2a: Glimmer|Spiky Shield|p2a: Glimmer
|-singleturn|p2a: Glimmer|move: Protect
|move|p1a: Empoleon|Chilling Water|p2a: Glimmer
|-activate|p2a: Glimmer|move: Protect
|
|-damage|p1a: Empoleon|20/100 tox|[from] psn
|-damage|p1a: Empoleon|7/100 tox|[from] move: Sand Tomb|[partiallytrapped]
|upkeep
|turn|7
|
|t:|1759003331
|move|p2a: Glimmer|Spiky Shield||[still]
|-fail|p2a: Glimmer
|move|p1a: Empoleon|Chilling Water|p2a: Glimmer
|-supereffective|p2a: Glimmer
|-damage|p2a: Glimmer|4/100
|-unboost|p2a: Glimmer|atk|1
|
|-damage|p1a: Empoleon|0 fnt|[from] psn
|faint|p1a: Empoleon
|upkeep
|
|t:|1759003340
|switch|p1a: Jolteon|Jolteon, M|100/100
|turn|8
|
|t:|1759003346
|move|p1a: Jolteon|Substitute|p1a: Jolteon
|-start|p1a: Jolteon|Substitute
|-damage|p1a: Jolteon|76/100
|move|p2a: Glimmer|Mortal Spin|p1a: Jolteon
|-activate|p1a: Jolteon|move: Substitute|[damage]
|-sideend|p2: Golden Chrisp|Stealth Rock|[from] move: Mortal Spin|[of] p2a: Glimmer
|
|-heal|p1a: Jolteon|82/100|[from] item: Leftovers
|upkeep
|turn|9
|
|t:|1759003365
|switch|p2a: Pretty Bird|Fezandipiti, M|73/100
|move|p1a: Jolteon|Thunderbolt|p2a: Pretty Bird
|-damage|p2a: Pretty Bird|52/100
|
|-heal|p1a: Jolteon|88/100|[from] item: Leftovers
|upkeep
|turn|10
|
|t:|1759003382
|-terastallize|p1a: Jolteon|Ice
|move|p1a: Jolteon|Tera Blast|p2a: Pretty Bird|[anim] Tera Blast Ice
|-damage|p2a: Pretty Bird|30/100
|move|p2a: Pretty Bird|Beat Up|p1a: Jolteon
|-activate|p1a: Jolteon|move: Substitute|[damage]
|-activate|p1a: Jolteon|move: Substitute|[damage]
|-activate|p1a: Jolteon|move: Substitute|[damage]
|-end|p1a: Jolteon|Substitute
|-crit|p1a: Jolteon
|-damage|p1a: Jolteon|81/100
|-damage|p1a: Jolteon|75/100
|-hitcount|p1a: Jolteon|6
|
|-heal|p1a: Jolteon|81/100|[from] item: Leftovers
|upkeep
|turn|11
|
|t:|1759003401
|move|p1a: Jolteon|Tera Blast|p2a: Pretty Bird|[anim] Tera Blast Ice
|-damage|p2a: Pretty Bird|12/100
|move|p2a: Pretty Bird|Roost|p2a: Pretty Bird
|-heal|p2a: Pretty Bird|62/100
|-singleturn|p2a: Pretty Bird|move: Roost
|
|-heal|p1a: Jolteon|87/100|[from] item: Leftovers
|upkeep
|turn|12
|
|t:|1759003409
|switch|p1a: Enamorus|Enamorus, F|100/100
|move|p2a: Pretty Bird|Beat Up|p1a: Enamorus
|-resisted|p1a: Enamorus
|-damage|p1a: Enamorus|98/100
|-resisted|p1a: Enamorus
|-damage|p1a: Enamorus|95/100
|-resisted|p1a: Enamorus
|-damage|p1a: Enamorus|93/100
|-status|p1a: Enamorus|tox|[from] ability: Toxic Chain|[of] p2a: Pretty Bird
|-resisted|p1a: Enamorus
|-damage|p1a: Enamorus|91/100 tox
|-resisted|p1a: Enamorus
|-damage|p1a: Enamorus|89/100 tox
|-resisted|p1a: Enamorus
|-damage|p1a: Enamorus|86/100 tox
|-hitcount|p1a: Enamorus|6
|
|-damage|p1a: Enamorus|80/100 tox|[from] psn
|upkeep
|turn|13
|
|t:|1759003425
|move|p1a: Enamorus|Earth Power|p2a: Pretty Bird
|-supereffective|p2a: Pretty Bird
|-damage|p2a: Pretty Bird|25/100
|move|p2a: Pretty Bird|Roost|p2a: Pretty Bird
|-heal|p2a: Pretty Bird|75/100
|-singleturn|p2a: Pretty Bird|move: Roost
|
|-damage|p1a: Enamorus|68/100 tox|[from] psn
|upkeep
|turn|14
|
|t:|1759003435
|switch|p1a: Conkeldurr|Conkeldurr, M|100/100
|move|p2a: Pretty Bird|Tailwind|p2a: Pretty Bird
|-sidestart|p2: Golden Chrisp|move: Tailwind
|
|-status|p1a: Conkeldurr|brn|[from] item: Flame Orb
|upkeep
|turn|15
|
|t:|1759003442
|move|p2a: Pretty Bird|U-turn|p1a: Conkeldurr
|-resisted|p1a: Conkeldurr
|-damage|p1a: Conkeldurr|96/100 brn
|
|t:|1759003445
|switch|p2a: Momo|Pecharunt|100/100|[from] U-turn
|-item|p2a: Momo|Air Balloon
|move|p1a: Conkeldurr|Bulk Up|p1a: Conkeldurr
|-boost|p1a: Conkeldurr|atk|1
|-boost|p1a: Conkeldurr|def|1
|
|-damage|p1a: Conkeldurr|90/100 brn|[from] brn
|upkeep
|turn|16
|
|t:|1759003455
|move|p2a: Momo|Hex|p1a: Conkeldurr
|-damage|p1a: Conkeldurr|27/100 brn
|move|p1a: Conkeldurr|Knock Off|p2a: Momo
|-supereffective|p2a: Momo
|-damage|p2a: Momo|13/100
|-enditem|p2a: Momo|Air Balloon
|
|-damage|p1a: Conkeldurr|21/100 brn|[from] brn
|upkeep
|turn|17
|inactive|lostmanjayk has 120 seconds left.
|
|t:|1759003487
|move|p2a: Momo|Hex|p1a: Conkeldurr
|-damage|p1a: Conkeldurr|0 fnt
|faint|p1a: Conkeldurr
|
|-sideend|p2: Golden Chrisp|move: Tailwind
|upkeep
|inactive|lostmanjayk has 120 seconds left.
|
|t:|1759003500
|switch|p1a: Iron Boulder|Iron Boulder|100/100
|-enditem|p1a: Iron Boulder|Booster Energy
|-activate|p1a: Iron Boulder|ability: Quark Drive|[fromitem]
|-start|p1a: Iron Boulder|quarkdrivespe
|turn|18
|inactive|lostmanjayk has 120 seconds left.
|
|t:|1759003508
|move|p1a: Iron Boulder|Earthquake|p2a: Momo
|-supereffective|p2a: Momo
|-damage|p2a: Momo|0 fnt
|faint|p2a: Momo
|
|upkeep
|
|t:|1759003518
|switch|p2a: Monkey Fist|Munkidori, M|100/100
|turn|19
|
|t:|1759003532
|move|p2a: Monkey Fist|Fake Out|p1a: Iron Boulder
|-resisted|p1a: Iron Boulder
|-damage|p1a: Iron Boulder|96/100
|-status|p1a: Iron Boulder|tox|[from] ability: Toxic Chain|[of] p2a: Monkey Fist
|cant|p1a: Iron Boulder|flinch
|
|-damage|p1a: Iron Boulder|90/100 tox|[from] psn
|upkeep
|turn|20
|
|t:|1759003541
|-terastallize|p2a: Monkey Fist|Ghost
|move|p1a: Iron Boulder|Earthquake|p2a: Monkey Fist
|-damage|p2a: Monkey Fist|47/100
|move|p2a: Monkey Fist|Hex|p1a: Iron Boulder
|-supereffective|p1a: Iron Boulder
|-damage|p1a: Iron Boulder|0 fnt
|faint|p1a: Iron Boulder
|-end|p1a: Iron Boulder|Quark Drive|[silent]
|
|-heal|p2a: Monkey Fist|53/100|[from] item: Leftovers
|upkeep
|-message|lostmanjayk forfeited.
|
|win|Golden Chrisp
|raw|lostmanjayk's rating: 1095 &rarr; <strong>1070</strong><br />(-25 for losing)
|raw|Golden Chrisp's rating: 1083 &rarr; <strong>1112</strong><br />(+29 for winning)
|l|☆lostmanjayk
|player|p1|
|l|☆Golden Chrisp
|player|p2|
