|j|☆daojiangxing
|j|☆ollscoil.v
|t:|1759067099
|gametype|singles
|player|p1|daojiangxing|102|1190
|player|p2|ollscoil.v|hilbert-wonderlauncher|1171
|gen|9
|tier|[Gen 9] OU
|rated|
|rule|HP Percentage Mod: HP is shown in percentages
|rule|Endless Battle Clause: Forcing endless battles is banned
|rule|Species Clause: Limit one of each Pokémon
|rule|OHKO Clause: OHKO moves are banned
|rule|Evasion Items Clause: Evasion items are banned
|rule|Evasion Moves Clause: Evasion moves are banned
|rule|Evasion Abilities Clause: Evasion abilities are banned
|rule|Sleep Moves Clause: Sleep-inducing moves are banned
|clearpoke
|poke|p1|Pelipper, M|
|poke|p1|Greninja-*, M|
|poke|p1|Iron Treads|
|poke|p1|Azumarill, F|
|poke|p1|Basculegion, M|
|poke|p1|Zapdos|
|poke|p2|Uxie|
|poke|p2|Porygon2|
|poke|p2|Hatterene, F|
|poke|p2|Garganacl, M|
|poke|p2|Gholdengo|
|poke|p2|Bisharp, F|
|teampreview
|inactive|Battle timer is ON: inactive players will automatically lose when time's up. (requested by ollscoil.v)
|
|t:|1759067128
|teamsize|p1|6
|teamsize|p2|6
|start
|switch|p1a: Iron Treads|Iron Treads|100/100
|switch|p2a: Uxie|Uxie|100/100
|-enditem|p1a: Iron Treads|Booster Energy
|-activate|p1a: Iron Treads|ability: Quark Drive|[fromitem]
|-start|p1a: Iron Treads|quarkdrivespe
|turn|1
|
|t:|1759067135
|move|p1a: Iron Treads|Stealth Rock|p2a: Uxie
|-sidestart|p2: ollscoil.v|move: Stealth Rock
|move|p2a: Uxie|Trick|p1a: Iron Treads
|-activate|p2a: Uxie|move: Trick|[of] p1a: Iron Treads
|-item|p1a: Iron Treads|Toxic Orb|[from] move: Trick
|-enditem|p2a: Uxie|Toxic Orb|[silent]|[from] move: Trick
|
|upkeep
|turn|2
|
|t:|1759067143
|move|p1a: Iron Treads|Earthquake|p2a: Uxie
|-immune|p2a: Uxie|[from] ability: Levitate
|move|p2a: Uxie|Trick Room|p2a: Uxie
|-fieldstart|move: Trick Room|[of] p2a: Uxie
|
|upkeep
|turn|3
|
|t:|1759067158
|move|p2a: Uxie|Stealth Rock|p1a: Iron Treads
|-sidestart|p1: daojiangxing|move: Stealth Rock
|move|p1a: Iron Treads|Iron Head|p2a: Uxie
|-damage|p2a: Uxie|74/100
|
|upkeep
|turn|4
|
|t:|1759067165
|switch|p2a: Porygon2|Porygon2|100/100
|-damage|p2a: Porygon2|88/100|[from] Stealth Rock
|-ability|p2a: Porygon2|Download|boost
|-boost|p2a: Porygon2|spa|1
|move|p1a: Iron Treads|Rapid Spin|p2a: Porygon2
|-damage|p2a: Porygon2|78/100
|-boost|p1a: Iron Treads|spe|1
|-sideend|p1: daojiangxing|Stealth Rock|[from] move: Rapid Spin|[of] p1a: Iron Treads
|
|upkeep
|turn|5
|
|t:|1759067177
|-end|p1a: Iron Treads|Quark Drive|[silent]
|switch|p1a: Azumarill|Azumarill, F|100/100
|move|p2a: Porygon2|Ice Beam|p1a: Azumarill
|-resisted|p1a: Azumarill
|-damage|p1a: Azumarill|79/100
|
|upkeep
|turn|6
|
|t:|1759067183
|move|p2a: Porygon2|Thunderbolt|p1a: Azumarill
|-supereffective|p1a: Azumarill
|-damage|p1a: Azumarill|0 fnt
|faint|p1a: Azumarill
|
|-fieldend|move: Trick Room
|upkeep
|
|t:|1759067189
|switch|p1a: Pelipper|Pelipper, M|100/100
|-weather|RainDance|[from] ability: Drizzle|[of] p1a: Pelipper
|turn|7
|
|t:|1759067195
|switch|p1a: Iron Treads|Iron Treads|100/100
|move|p2a: Porygon2|Thunderbolt|p1a: Iron Treads
|-immune|p1a: Iron Treads
|
|-weather|RainDance|[upkeep]
|upkeep
|turn|8
|
|t:|1759067202
|move|p1a: Iron Treads|Iron Head|p2a: Porygon2
|-damage|p2a: Porygon2|57/100
|move|p2a: Porygon2|Trick Room|p2a: Porygon2
|-fieldstart|move: Trick Room|[of] p2a: Porygon2
|
|-weather|RainDance|[upkeep]
|upkeep
|turn|9
|
|t:|1759067207
|move|p2a: Porygon2|Recover|p2a: Porygon2
|-heal|p2a: Porygon2|100/100
|move|p1a: Iron Treads|Earthquake|p2a: Porygon2
|-damage|p2a: Porygon2|74/100
|
|-weather|RainDance|[upkeep]
|upkeep
|turn|10
|
|t:|1759067214
|move|p2a: Porygon2|Ice Beam|p1a: Iron Treads
|-damage|p1a: Iron Treads|42/100
|move|p1a: Iron Treads|Iron Head|p2a: Porygon2
|-damage|p2a: Porygon2|51/100
|
|-weather|RainDance|[upkeep]
|upkeep
|turn|11
|
|t:|1759067223
|-end|p1a: Iron Treads|Quark Drive|[silent]
|switch|p1a: Zapdos|Zapdos|100/100
|move|p2a: Porygon2|Ice Beam|p1a: Zapdos
|-supereffective|p1a: Zapdos
|-damage|p1a: Zapdos|5/100
|
|-weather|RainDance|[upkeep]
|upkeep
|turn|12
|
|t:|1759067232
|move|p2a: Porygon2|Ice Beam|p1a: Zapdos
|-supereffective|p1a: Zapdos
|-damage|p1a: Zapdos|0 fnt
|faint|p1a: Zapdos
|
|-weather|RainDance|[upkeep]
|-fieldend|move: Trick Room
|upkeep
|
|t:|1759067238
|switch|p1a: Greninja|Greninja, M|100/100
|turn|13
|
|t:|1759067241
|move|p1a: Greninja|Surf|p2a: Porygon2
|-damage|p2a: Porygon2|1/100
|-damage|p1a: Greninja|91/100|[from] item: Life Orb
|move|p2a: Porygon2|Thunderbolt|p1a: Greninja
|-supereffective|p1a: Greninja
|-damage|p1a: Greninja|0 fnt
|faint|p1a: Greninja
|
|-weather|RainDance|[upkeep]
|upkeep
|
|t:|1759067250
|switch|p1a: Basculegion|Basculegion, M|100/100
|turn|14
|
|t:|1759067259
|switch|p2a: Uxie|Uxie|74/100
|-damage|p2a: Uxie|62/100|[from] Stealth Rock
|move|p1a: Basculegion|Aqua Jet|p2a: Uxie
|-damage|p2a: Uxie|34/100
|
|-weather|none
|upkeep
|turn|15
|
|t:|1759067268
|switch|p1a: Pelipper|Pelipper, M|100/100
|-weather|RainDance|[from] ability: Drizzle|[of] p1a: Pelipper
|move|p2a: Uxie|Trick Room|p2a: Uxie
|-fieldstart|move: Trick Room|[of] p2a: Uxie
|
|-weather|RainDance|[upkeep]
|upkeep
|turn|16
|
|t:|1759067293
|switch|p2a: Hatterene|Hatterene, F|100/100
|-damage|p2a: Hatterene|88/100|[from] Stealth Rock
|move|p1a: Pelipper|Surf|p2a: Hatterene
|-damage|p2a: Hatterene|38/100
|
|-weather|RainDance|[upkeep]
|upkeep
|turn|17
|
|t:|1759067300
|move|p2a: Hatterene|Draining Kiss|p1a: Pelipper
|-damage|p1a: Pelipper|68/100
|-heal|p2a: Hatterene|69/100|[from] drain|[of] p1a: Pelipper
|-damage|p2a: Hatterene|59/100|[from] item: Life Orb
|move|p1a: Pelipper|Surf|p2a: Hatterene
|-damage|p2a: Hatterene|6/100
|
|-weather|RainDance|[upkeep]
|upkeep
|turn|18
|
|t:|1759067310
|move|p2a: Hatterene|Psychic|p1a: Pelipper
|-damage|p1a: Pelipper|12/100
|-damage|p2a: Hatterene|0 fnt|[from] item: Life Orb
|faint|p2a: Hatterene
|move|p1a: Pelipper|U-turn|p2: Hatterene|[notarget]
|-fail|p1a: Pelipper
|
|-weather|RainDance|[upkeep]
|upkeep
|
|t:|1759067320
|switch|p2a: Garganacl|Garganacl, M|100/100
|-damage|p2a: Garganacl|88/100|[from] Stealth Rock
|turn|19
|
|t:|1759067333
|switch|p1a: Iron Treads|Iron Treads|42/100
|-terastallize|p2a: Garganacl|Steel
|move|p2a: Garganacl|Salt Cure|p1a: Iron Treads
|-resisted|p1a: Iron Treads
|-damage|p1a: Iron Treads|38/100
|-start|p1a: Iron Treads|Salt Cure
|
|-weather|RainDance|[upkeep]
|-heal|p2a: Garganacl|94/100|[from] item: Leftovers
|-damage|p1a: Iron Treads|13/100|[from] Salt Cure
|-fieldend|move: Trick Room
|upkeep
|turn|20
|
|t:|1759067346
|move|p1a: Iron Treads|Earthquake|p2a: Garganacl
|-supereffective|p2a: Garganacl
|-damage|p2a: Garganacl|31/100
|move|p2a: Garganacl|Iron Defense|p2a: Garganacl
|-boost|p2a: Garganacl|def|2
|
|-weather|RainDance|[upkeep]
|-heal|p2a: Garganacl|37/100|[from] item: Leftovers
|-damage|p1a: Iron Treads|0 fnt|[from] Salt Cure
|faint|p1a: Iron Treads
|-end|p1a: Iron Treads|Quark Drive|[silent]
|upkeep
|
|t:|1759067355
|switch|p1a: Basculegion|Basculegion, M|100/100
|turn|21
|
|t:|1759067359
|move|p1a: Basculegion|Liquidation|p2a: Garganacl
|-damage|p2a: Garganacl|1/100
|move|p2a: Garganacl|Salt Cure|p1a: Basculegion
|-damage|p1a: Basculegion|77/100
|-start|p1a: Basculegion|Salt Cure
|
|-weather|RainDance|[upkeep]
|-heal|p2a: Garganacl|7/100|[from] item: Leftovers
|-damage|p1a: Basculegion|52/100|[from] Salt Cure
|upkeep
|turn|22
|
|t:|1759067368
|move|p1a: Basculegion|Liquidation|p2a: Garganacl
|-damage|p2a: Garganacl|0 fnt
|faint|p2a: Garganacl
|
|-weather|none
|-damage|p1a: Basculegion|27/100|[from] Salt Cure
|upkeep
|
|t:|1759067372
|switch|p2a: Porygon2|Porygon2|1/100
|-damage|p2a: Porygon2|0 fnt|[from] Stealth Rock
|faint|p2a: Porygon2
|
|t:|1759067379
|switch|p2a: Bisharp|Bisharp, F|100/100
|-damage|p2a: Bisharp|94/100|[from] Stealth Rock
|turn|23
|
|t:|1759067386
|switch|p1a: Pelipper|Pelipper, M|12/100
|-weather|RainDance|[from] ability: Drizzle|[of] p1a: Pelipper
|move|p2a: Bisharp|Sucker Punch||[still]
|-fail|p2a: Bisharp
|
|-weather|RainDance|[upkeep]
|upkeep
|turn|24
|
|t:|1759067394
|move|p2a: Bisharp|Sucker Punch||[still]
|-fail|p2a: Bisharp
|move|p1a: Pelipper|Roost|p1a: Pelipper
|-heal|p1a: Pelipper|62/100
|-singleturn|p1a: Pelipper|move: Roost
|
|-weather|RainDance|[upkeep]
|upkeep
|turn|25
|
|t:|1759067400
|move|p2a: Bisharp|Swords Dance|p2a: Bisharp
|-boost|p2a: Bisharp|atk|2
|move|p1a: Pelipper|Roost|p1a: Pelipper
|-heal|p1a: Pelipper|100/100
|-singleturn|p1a: Pelipper|move: Roost
|
|-weather|RainDance|[upkeep]
|upkeep
|turn|26
|
|t:|1759067411
|move|p2a: Bisharp|Swords Dance|p2a: Bisharp
|-boost|p2a: Bisharp|atk|2
|move|p1a: Pelipper|Surf|p2a: Bisharp
|-damage|p2a: Bisharp|58/100
|
|-weather|RainDance|[upkeep]
|upkeep
|turn|27
|
|t:|1759067418
|move|p2a: Bisharp|Sucker Punch|p1a: Pelipper
|-damage|p1a: Pelipper|0 fnt
|faint|p1a: Pelipper
|
|-weather|RainDance|[upkeep]
|upkeep
|
|t:|1759067422
|switch|p1a: Basculegion|Basculegion, M|27/100
|turn|28
|
|t:|1759067425
|move|p2a: Bisharp|Sucker Punch|p1a: Basculegion
|-supereffective|p1a: Basculegion
|-damage|p1a: Basculegion|0 fnt
|faint|p1a: Basculegion
|
|win|ollscoil.v
|raw|daojiangxing's rating: 1190 &rarr; <strong>1164</strong><br />(-26 for losing)
|raw|ollscoil.v's rating: 1171 &rarr; <strong>1197</strong><br />(+26 for winning)
|l|☆daojiangxing
|player|p1|
|l|☆ollscoil.v
|player|p2|
