|j|☆wiggilydiggily
|j|‽tasty sardine 408
|t:|1759018495
|gametype|singles
|player|p1|wiggilydiggily|265|1646
|player|p2|tasty sardine 408|harlequin|1599
|gen|9
|tier|[Gen 9] OU
|rated|
|rule|HP Percentage Mod: HP is shown in percentages
|rule|Endless Battle Clause: Forcing endless battles is banned
|rule|Species Clause: Limit one of each Pokémon
|rule|OHKO Clause: OHKO moves are banned
|rule|Evasion Items Clause: Evasion items are banned
|rule|Evasion Moves Clause: Evasion moves are banned
|rule|Evasion Abilities Clause: Evasion abilities are banned
|rule|Sleep Moves Clause: Sleep-inducing moves are banned
|clearpoke
|poke|p1|Glimmora, M|
|poke|p1|Zamazenta-*|
|poke|p1|Gholdengo|
|poke|p1|Lycanroc-Dusk, M|
|poke|p1|Kyurem|
|poke|p1|Rillaboom, M|
|poke|p2|Umbreon, M|
|poke|p2|Serperior, F|
|poke|p2|Cresselia, F|
|poke|p2|Revavroom, F|
|poke|p2|Skeledirge, M|
|poke|p2|Manaphy|
|teampreview
|inactive|Battle timer is ON: inactive players will automatically lose when time's up. (requested by wiggilydiggily)
|inactive|tasty sardine 408 has 120 seconds left.
|
|t:|1759018541
|teamsize|p1|6
|teamsize|p2|6
|start
|switch|p1a: Glimmora|Glimmora, M|100/100
|switch|p2a: Serperior|Serperior, F, shiny|100/100
|turn|1
|
|t:|1759018545
|-terastallize|p2a: Serperior|Electric
|move|p2a: Serperior|Glare|p1a: Glimmora
|-status|p1a: Glimmora|par
|cant|p1a: Glimmora|par
|
|upkeep
|turn|2
|
|t:|1759018562
|switch|p1a: Gholdengo|Gholdengo|100/100
|move|p2a: Serperior|Leaf Storm|p1a: Gholdengo|[miss]
|-miss|p2a: Serperior|p1a: Gholdengo
|
|upkeep
|turn|3
|
|t:|1759018569
|move|p1a: Gholdengo|Shadow Ball|p2a: Serperior
|-damage|p2a: Serperior|55/100
|move|p2a: Serperior|Leaf Storm|p1a: Gholdengo
|-resisted|p1a: Gholdengo
|-damage|p1a: Gholdengo|81/100
|-boost|p2a: Serperior|spa|2
|
|-heal|p2a: Serperior|62/100|[from] item: Leftovers
|upkeep
|turn|4
|
|t:|1759018574
|move|p1a: Gholdengo|Shadow Ball|p2a: Serperior
|-damage|p2a: Serperior|21/100
|move|p2a: Serperior|Synthesis|p2a: Serperior
|-heal|p2a: Serperior|71/100
|
|-heal|p2a: Serperior|77/100|[from] item: Leftovers
|upkeep
|turn|5
|
|t:|1759018576
|move|p1a: Gholdengo|Shadow Ball|p2a: Serperior
|-damage|p2a: Serperior|34/100
|move|p2a: Serperior|Synthesis|p2a: Serperior
|-heal|p2a: Serperior|84/100
|
|-heal|p2a: Serperior|90/100|[from] item: Leftovers
|upkeep
|turn|6
|
|t:|1759018580
|move|p1a: Gholdengo|Shadow Ball|p2a: Serperior
|-damage|p2a: Serperior|43/100
|move|p2a: Serperior|Synthesis|p2a: Serperior
|-heal|p2a: Serperior|93/100
|
|-heal|p2a: Serperior|99/100|[from] item: Leftovers
|upkeep
|turn|7
|
|t:|1759018583
|move|p1a: Gholdengo|Shadow Ball|p2a: Serperior
|-damage|p2a: Serperior|54/100
|move|p2a: Serperior|Leaf Storm|p1a: Gholdengo
|-resisted|p1a: Gholdengo
|-damage|p1a: Gholdengo|37/100
|-boost|p2a: Serperior|spa|2
|
|-heal|p2a: Serperior|60/100|[from] item: Leftovers
|upkeep
|turn|8
|
|t:|1759018586
|move|p1a: Gholdengo|Shadow Ball|p2a: Serperior
|-damage|p2a: Serperior|17/100
|move|p2a: Serperior|Synthesis|p2a: Serperior
|-heal|p2a: Serperior|67/100
|
|-heal|p2a: Serperior|74/100|[from] item: Leftovers
|upkeep
|turn|9
|
|t:|1759018589
|move|p1a: Gholdengo|Shadow Ball|p2a: Serperior
|-damage|p2a: Serperior|28/100
|-boost|p2a: Serperior|spd|1
|move|p2a: Serperior|Synthesis|p2a: Serperior
|-heal|p2a: Serperior|78/100
|
|-heal|p2a: Serperior|84/100|[from] item: Leftovers
|upkeep
|turn|10
|
|t:|1759018592
|move|p1a: Gholdengo|Shadow Ball|p2a: Serperior
|-damage|p2a: Serperior|55/100
|move|p2a: Serperior|Synthesis|p2a: Serperior
|-heal|p2a: Serperior|100/100
|
|upkeep
|turn|11
|
|t:|1759018597
|move|p1a: Gholdengo|Shadow Ball|p2a: Serperior
|-damage|p2a: Serperior|74/100
|move|p2a: Serperior|Leaf Storm|p1a: Gholdengo
|-resisted|p1a: Gholdengo
|-damage|p1a: Gholdengo|0 fnt
|-boost|p2a: Serperior|spa|2
|faint|p1a: Gholdengo
|
|-heal|p2a: Serperior|80/100|[from] item: Leftovers
|upkeep
|
|t:|1759018606
|switch|p1a: Zamazenta|Zamazenta|100/100
|-ability|p1a: Zamazenta|Dauntless Shield|boost
|-boost|p1a: Zamazenta|def|1
|turn|12
|
|t:|1759018608
|move|p1a: Zamazenta|Close Combat|p2a: Serperior
|-damage|p2a: Serperior|0 fnt
|-unboost|p1a: Zamazenta|def|1
|-unboost|p1a: Zamazenta|spd|1
|faint|p2a: Serperior
|
|upkeep
|
|t:|1759018612
|switch|p2a: Manaphy|Manaphy, shiny|100/100
|turn|13
|
|t:|1759018615
|move|p1a: Zamazenta|Close Combat|p2a: Manaphy
|-damage|p2a: Manaphy|30/100
|-unboost|p1a: Zamazenta|def|1
|-unboost|p1a: Zamazenta|spd|1
|move|p2a: Manaphy|Acid Armor|p2a: Manaphy
|-boost|p2a: Manaphy|def|2
|
|-heal|p2a: Manaphy|37/100|[from] item: Leftovers
|upkeep
|turn|14
|
|t:|1759018619
|move|p1a: Zamazenta|Close Combat|p2a: Manaphy
|-damage|p2a: Manaphy|2/100
|-unboost|p1a: Zamazenta|def|1
|-unboost|p1a: Zamazenta|spd|1
|move|p2a: Manaphy|Scald|p1a: Zamazenta
|-damage|p1a: Zamazenta|31/100
|-status|p1a: Zamazenta|brn
|
|-heal|p2a: Manaphy|8/100|[from] item: Leftovers
|-damage|p1a: Zamazenta|25/100 brn|[from] brn
|upkeep
|turn|15
|
|t:|1759018622
|move|p1a: Zamazenta|Close Combat|p2a: Manaphy
|-damage|p2a: Manaphy|0 fnt
|-unboost|p1a: Zamazenta|def|1
|-unboost|p1a: Zamazenta|spd|1
|faint|p2a: Manaphy
|
|-damage|p1a: Zamazenta|19/100 brn|[from] brn
|upkeep
|
|t:|1759018629
|switch|p2a: Cresselia|Cresselia, F, shiny|100/100
|turn|16
|
|t:|1759018638
|switch|p1a: Lycanroc|Lycanroc-Dusk, M|100/100
|move|p2a: Cresselia|Calm Mind|p2a: Cresselia
|-boost|p2a: Cresselia|spa|1
|-boost|p2a: Cresselia|spd|1
|
|upkeep
|turn|17
|
|t:|1759018645
|move|p1a: Lycanroc|Stone Edge|p2a: Cresselia
|-damage|p2a: Cresselia|60/100
|move|p2a: Cresselia|Moonblast|p1a: Lycanroc
|-damage|p1a: Lycanroc|54/100
|
|-heal|p2a: Cresselia|66/100|[from] item: Leftovers
|upkeep
|turn|18
|
|t:|1759018650
|move|p1a: Lycanroc|Stone Edge|p2a: Cresselia
|-damage|p2a: Cresselia|31/100
|move|p2a: Cresselia|Moonlight|p2a: Cresselia
|-heal|p2a: Cresselia|81/100
|
|-heal|p2a: Cresselia|87/100|[from] item: Leftovers
|upkeep
|turn|19
|
|t:|1759018654
|move|p1a: Lycanroc|Stone Edge|p2a: Cresselia
|-damage|p2a: Cresselia|49/100
|move|p2a: Cresselia|Moonblast|p1a: Lycanroc
|-damage|p1a: Lycanroc|13/100
|
|-heal|p2a: Cresselia|55/100|[from] item: Leftovers
|upkeep
|turn|20
|
|t:|1759018657
|move|p1a: Lycanroc|Stone Edge|p2a: Cresselia
|-damage|p2a: Cresselia|17/100
|move|p2a: Cresselia|Moonlight|p2a: Cresselia
|-heal|p2a: Cresselia|67/100
|
|-heal|p2a: Cresselia|73/100|[from] item: Leftovers
|upkeep
|turn|21
|
|t:|1759018660
|move|p1a: Lycanroc|Stone Edge|p2a: Cresselia
|-crit|p2a: Cresselia
|-damage|p2a: Cresselia|17/100
|move|p2a: Cresselia|Moonlight|p2a: Cresselia
|-heal|p2a: Cresselia|67/100
|
|-heal|p2a: Cresselia|73/100|[from] item: Leftovers
|upkeep
|turn|22
|
|t:|1759018663
|move|p1a: Lycanroc|Stone Edge|p2a: Cresselia
|-damage|p2a: Cresselia|36/100
|move|p2a: Cresselia|Moonlight|p2a: Cresselia
|-heal|p2a: Cresselia|86/100
|
|-heal|p2a: Cresselia|92/100|[from] item: Leftovers
|upkeep
|turn|23
|
|t:|1759018666
|move|p1a: Lycanroc|Stone Edge|p2a: Cresselia
|-damage|p2a: Cresselia|52/100
|move|p2a: Cresselia|Moonblast|p1a: Lycanroc
|-damage|p1a: Lycanroc|0 fnt
|faint|p1a: Lycanroc
|
|-heal|p2a: Cresselia|58/100|[from] item: Leftovers
|upkeep
|
|t:|1759018670
|switch|p1a: Rillaboom|Rillaboom, M|100/100
|-fieldstart|move: Grassy Terrain|[from] ability: Grassy Surge|[of] p1a: Rillaboom
|turn|24
|
|t:|1759018675
|move|p1a: Rillaboom|Wood Hammer|p2a: Cresselia
|-damage|p2a: Cresselia|0 fnt
|faint|p2a: Cresselia
|-damage|p1a: Rillaboom|76/100|[from] Recoil
|
|-heal|p1a: Rillaboom|82/100|[from] Grassy Terrain
|upkeep
|
|t:|1759018678
|switch|p2a: Skeledirge|Skeledirge, M, shiny|100/100
|turn|25
|
|t:|1759018685
|switch|p1a: Zamazenta|Zamazenta|19/100 brn
|move|p2a: Skeledirge|Torch Song|p1a: Zamazenta
|-damage|p1a: Zamazenta|0 fnt
|-boost|p2a: Skeledirge|spa|1
|faint|p1a: Zamazenta
|
|upkeep
|
|t:|1759018688
|switch|p1a: Glimmora|Glimmora, M|100/100 par
|turn|26
|
|t:|1759018691
|move|p2a: Skeledirge|Hex|p1a: Glimmora
|-damage|p1a: Glimmora|3/100 par
|cant|p1a: Glimmora|par
|
|-heal|p1a: Glimmora|9/100 par|[from] Grassy Terrain
|upkeep
|turn|27
|
|t:|1759018696
|move|p2a: Skeledirge|Torch Song|p1a: Glimmora
|-resisted|p1a: Glimmora
|-crit|p1a: Glimmora
|-damage|p1a: Glimmora|0 fnt
|-boost|p2a: Skeledirge|spa|1
|faint|p1a: Glimmora
|
|upkeep
|
|t:|1759018697
|switch|p1a: Kyurem|Kyurem|100/100
|-ability|p1a: Kyurem|Pressure
|turn|28
|
|t:|1759018700
|move|p1a: Kyurem|Earth Power|p2a: Skeledirge
|-supereffective|p2a: Skeledirge
|-damage|p2a: Skeledirge|30/100
|move|p2a: Skeledirge|Torch Song|p1a: Kyurem
|-damage|p1a: Kyurem|43/100
|-boost|p2a: Skeledirge|spa|1
|
|-heal|p1a: Kyurem|49/100|[from] Grassy Terrain
|-heal|p2a: Skeledirge|36/100|[from] Grassy Terrain
|-fieldend|move: Grassy Terrain
|upkeep
|turn|29
|
|t:|1759018704
|move|p1a: Kyurem|Earth Power|p2a: Skeledirge
|-supereffective|p2a: Skeledirge
|-damage|p2a: Skeledirge|0 fnt
|faint|p2a: Skeledirge
|
|upkeep
|
|t:|1759018705
|switch|p2a: Revavroom|Revavroom, F, shiny|100/100
|-item|p2a: Revavroom|Air Balloon
|turn|30
|
|t:|1759018708
|switch|p1a: Rillaboom|Rillaboom, M|82/100
|-fieldstart|move: Grassy Terrain|[from] ability: Grassy Surge|[of] p1a: Rillaboom
|move|p2a: Revavroom|Shift Gear|p2a: Revavroom
|-boost|p2a: Revavroom|spe|2
|-boost|p2a: Revavroom|atk|1
|
|-heal|p1a: Rillaboom|88/100|[from] Grassy Terrain
|upkeep
|turn|31
|
|t:|1759018711
|move|p1a: Rillaboom|Grassy Glide|p2a: Revavroom
|-resisted|p2a: Revavroom
|-damage|p2a: Revavroom|85/100
|-enditem|p2a: Revavroom|Air Balloon
|move|p2a: Revavroom|Gunk Shot|p1a: Rillaboom
|-supereffective|p1a: Rillaboom
|-damage|p1a: Rillaboom|0 fnt
|faint|p1a: Rillaboom
|
|-heal|p2a: Revavroom|91/100|[from] Grassy Terrain
|upkeep
|
|t:|1759018715
|switch|p1a: Kyurem|Kyurem|49/100
|-ability|p1a: Kyurem|Pressure
|turn|32
|
|t:|1759018718
|move|p2a: Revavroom|Iron Head|p1a: Kyurem
|-supereffective|p1a: Kyurem
|-damage|p1a: Kyurem|0 fnt
|faint|p1a: Kyurem
|
|win|tasty sardine 408
|raw|wiggilydiggily's rating: 1646 &rarr; <strong>1623</strong><br />(-23 for losing)
|raw|tasty sardine 408's rating: 1599 &rarr; <strong>1622</strong><br />(+23 for winning)
|l|‽tasty sardine 408
|player|p2|
|l|☆wiggilydiggily
|player|p1|
