|j|☆Shim-0N
|j|☆vaynete
|t:|1759039420
|gametype|singles
|player|p1|Shim-0N|101|1567
|player|p2|vaynete|winona|1567
|gen|9
|tier|[Gen 9] OU
|rated|
|rule|HP Percentage Mod: HP is shown in percentages
|rule|Endless Battle Clause: Forcing endless battles is banned
|rule|Species Clause: Limit one of each Pokémon
|rule|OHKO Clause: OHKO moves are banned
|rule|Evasion Items Clause: Evasion items are banned
|rule|Evasion Moves Clause: Evasion moves are banned
|rule|Evasion Abilities Clause: Evasion abilities are banned
|rule|Sleep Moves Clause: Sleep-inducing moves are banned
|clearpoke
|poke|p1|Primarina, F|
|poke|p1|Ribombee, F|
|poke|p1|Gholdengo|
|poke|p1|Dragonite, M|
|poke|p1|Great Tusk|
|poke|p1|Enamorus, F|
|poke|p2|Dondozo, M|
|poke|p2|Weezing-Galar, M|
|poke|p2|Toxapex, F|
|poke|p2|Iron Treads|
|poke|p2|Blissey, F|
|poke|p2|Alomomola, M|
|teampreview
|inactive|Battle timer is ON: inactive players will automatically lose when time's up. (requested by vaynete)
|inactive|Shim-0N also wants the timer to be on.
|inactive|Shim-0N has 120 seconds left.
|
|t:|1759039461
|teamsize|p1|6
|teamsize|p2|6
|start
|switch|p1a: Ribomb-B|Ribombee, F|100/100
|switch|p2a: Wheezy F(og) Baby|Weezing-Galar, M|100/100
|-ability|p2a: Wheezy F(og) Baby|Neutralizing Gas
|turn|1
|j| wgw2333
|inactive|vaynete has 120 seconds left.
|
|t:|1759039495
|move|p1a: Ribomb-B|Stun Spore|p2a: Wheezy F(og) Baby
|-status|p2a: Wheezy F(og) Baby|par
|move|p2a: Wheezy F(og) Baby|Sludge Bomb|p1a: Ribomb-B
|-supereffective|p1a: Ribomb-B
|-crit|p1a: Ribomb-B
|-enditem|p1a: Ribomb-B|Focus Sash
|-damage|p1a: Ribomb-B|1/100
|
|upkeep
|turn|2
|
|t:|1759039509
|-end|p2a: Wheezy F(og) Baby|ability: Neutralizing Gas
|switch|p2a: Traverse Scott|Iron Treads|100/100
|move|p1a: Ribomb-B|Moonblast|p2a: Traverse Scott
|-resisted|p2a: Traverse Scott
|-damage|p2a: Traverse Scott|83/100
|
|-heal|p2a: Traverse Scott|90/100|[from] item: Leftovers
|upkeep
|turn|3
|
|t:|1759039519
|move|p1a: Ribomb-B|Stun Spore|p2a: Traverse Scott
|-status|p2a: Traverse Scott|par
|move|p2a: Traverse Scott|Rapid Spin|p1a: Ribomb-B
|-damage|p1a: Ribomb-B|0 fnt
|-boost|p2a: Traverse Scott|spe|1
|faint|p1a: Ribomb-B
|
|-heal|p2a: Traverse Scott|96/100 par|[from] item: Leftovers
|upkeep
|
|t:|1759039530
|switch|p1a: Tusk the great|Great Tusk|100/100
|turn|4
|
|t:|1759039548
|-end|p2a: Traverse Scott|Quark Drive|[silent]
|switch|p2a: Notorious ZZZ|Dondozo, M|100/100
|move|p1a: Tusk the great|Earthquake|p2a: Notorious ZZZ
|-damage|p2a: Notorious ZZZ|80/100
|
|upkeep
|turn|5
|
|t:|1759039558
|-end|p1a: Tusk the great|Protosynthesis|[silent]
|switch|p1a: Primariana|Primarina, F|100/100
|move|p2a: Notorious ZZZ|Avalanche|p1a: Primariana
|-resisted|p1a: Primariana
|-damage|p1a: Primariana|91/100
|
|upkeep
|turn|6
|
|t:|1759039565
|switch|p2a: Toxapex|Toxapex, F|100/100
|move|p1a: Primariana|Hydro Pump|p2a: Toxapex
|-resisted|p2a: Toxapex
|-damage|p2a: Toxapex|74/100
|
|upkeep
|turn|7
|
|t:|1759039574
|switch|p1a: Tusk the great|Great Tusk|100/100
|move|p2a: Toxapex|Infestation|p1a: Tusk the great
|-resisted|p1a: Tusk the great
|-damage|p1a: Tusk the great|98/100
|-activate|p1a: Tusk the great|move: Infestation|[of] p2a: Toxapex
|
|-heal|p1a: Tusk the great|100/100|[from] item: Leftovers
|-damage|p1a: Tusk the great|88/100|[from] move: Infestation|[partiallytrapped]
|upkeep
|turn|8
|
|t:|1759039585
|switch|p2a: Wishy Minaj|Alomomola, M|100/100
|move|p1a: Tusk the great|Earthquake|p2a: Wishy Minaj
|-damage|p2a: Wishy Minaj|78/100
|
|-heal|p1a: Tusk the great|94/100|[from] item: Leftovers
|-end|p1a: Tusk the great|Infestation|[partiallytrapped]|[silent]
|upkeep
|turn|9
|
|t:|1759039593
|move|p1a: Tusk the great|Body Press|p2a: Wishy Minaj
|-damage|p2a: Wishy Minaj|55/100
|-damage|p1a: Tusk the great|78/100|[from] item: Rocky Helmet|[of] p2a: Wishy Minaj
|move|p2a: Wishy Minaj|Wish|p2a: Wishy Minaj
|
|-heal|p1a: Tusk the great|84/100|[from] item: Leftovers
|upkeep
|turn|10
|
|t:|1759039602
|move|p1a: Tusk the great|Bulk Up|p1a: Tusk the great
|-boost|p1a: Tusk the great|atk|1
|-boost|p1a: Tusk the great|def|1
|move|p2a: Wishy Minaj|Flip Turn|p1a: Tusk the great
|-supereffective|p1a: Tusk the great
|-damage|p1a: Tusk the great|72/100
|
|t:|1759039607
|switch|p2a: Notorious ZZZ|Dondozo, M|80/100|[from] Flip Turn
|
|-heal|p2a: Notorious ZZZ|100/100|[from] move: Wish|[wisher] Wishy Minaj
|-heal|p1a: Tusk the great|79/100|[from] item: Leftovers
|upkeep
|turn|11
|
|t:|1759039616
|move|p1a: Tusk the great|Body Press|p2a: Notorious ZZZ
|-damage|p2a: Notorious ZZZ|79/100
|move|p2a: Notorious ZZZ|Avalanche|p1a: Tusk the great
|-supereffective|p1a: Tusk the great
|-damage|p1a: Tusk the great|55/100
|
|-heal|p1a: Tusk the great|61/100|[from] item: Leftovers
|upkeep
|turn|12
|
|t:|1759039629
|-end|p1a: Tusk the great|Protosynthesis|[silent]
|switch|p1a: Primariana|Primarina, F|91/100
|switch|p2a: Wishy Minaj|Alomomola, M|88/100
|
|upkeep
|turn|13
|
|t:|1759039635
|move|p2a: Wishy Minaj|Protect|p2a: Wishy Minaj
|-singleturn|p2a: Wishy Minaj|Protect
|move|p1a: Primariana|Moonblast|p2a: Wishy Minaj
|-activate|p2a: Wishy Minaj|move: Protect
|
|upkeep
|turn|14
|-message|Shim-0N forfeited.
|
|win|vaynete
|raw|Shim-0N's rating: 1567 &rarr; <strong>1547</strong><br />(-20 for losing)
|raw|vaynete's rating: 1567 &rarr; <strong>1587</strong><br />(+20 for winning)
|l|☆Shim-0N
|player|p1|
|l|☆vaynete
|player|p2|
|j| Le583u
|l| wgw2333
|l| Le583u
