|j|☆r1se 0f j1mothy
|j|☆ribuluobaolong.atk
|t:|1759071403
|gametype|singles
|player|p1|r1se 0f j1mothy|veteran|1135
|player|p2|ribuluobaolong.atk|102|1084
|gen|9
|tier|[Gen 9] OU
|rated|
|rule|HP Percentage Mod: HP is shown in percentages
|rule|Endless Battle Clause: Forcing endless battles is banned
|rule|Species Clause: Limit one of each Pokémon
|rule|OHKO Clause: OHKO moves are banned
|rule|Evasion Items Clause: Evasion items are banned
|rule|Evasion Moves Clause: Evasion moves are banned
|rule|Evasion Abilities Clause: Evasion abilities are banned
|rule|Sleep Moves Clause: Sleep-inducing moves are banned
|clearpoke
|poke|p1|Serperior, F|
|poke|p1|Azumarill, F|
|poke|p1|Weezing-Galar, M|
|poke|p1|Maushold-Four|
|poke|p1|Kingambit, M|
|poke|p1|Polteageist-Antique|
|poke|p2|Mimikyu, F|
|poke|p2|Slowbro, M|
|poke|p2|Lycanroc-Dusk, M|
|poke|p2|Dipplin, M|
|poke|p2|Corviknight, M|
|poke|p2|Rhydon, F|
|teampreview
|inactive|Battle timer is ON: inactive players will automatically lose when time's up. (requested by r1se 0f j1mothy)
|
|t:|1759071418
|teamsize|p1|6
|teamsize|p2|6
|start
|switch|p1a: Azumarill|Azumarill, F, shiny|100/100
|switch|p2a: 大恐龙|Rhydon, F, shiny|100/100
|turn|1
|
|t:|1759071427
|move|p1a: Azumarill|Belly Drum|p1a: Azumarill
|-damage|p1a: Azumarill|50/100
|-setboost|p1a: Azumarill|atk|6|[from] move: Belly Drum
|-enditem|p1a: Azumarill|Sitrus Berry|[eat]
|-heal|p1a: Azumarill|75/100|[from] item: Sitrus Berry
|move|p2a: 大恐龙|Supercell Slam|p1a: Azumarill
|-supereffective|p1a: Azumarill
|-damage|p1a: Azumarill|0 fnt
|faint|p1a: Azumarill
|
|upkeep
|
|t:|1759071436
|switch|p1a: Serperior|Serperior, F|100/100
|turn|2
|
|t:|1759071461
|switch|p2a: 出租车|Corviknight, M|100/100
|move|p1a: Serperior|Leaf Storm|p2a: 出租车
|-resisted|p2a: 出租车
|-damage|p2a: 出租车|87/100
|-boost|p1a: Serperior|spa|2
|
|-heal|p2a: 出租车|93/100|[from] item: Leftovers
|upkeep
|turn|3
|
|t:|1759071469
|move|p1a: Serperior|Glare|p2a: 出租车
|-status|p2a: 出租车|par
|cant|p2a: 出租车|par
|
|-heal|p2a: 出租车|99/100 par|[from] item: Leftovers
|upkeep
|turn|4
|
|t:|1759071476
|move|p1a: Serperior|Substitute|p1a: Serperior
|-start|p1a: Serperior|Substitute
|-damage|p1a: Serperior|76/100
|move|p2a: 出租车|Brave Bird|p1a: Serperior
|-supereffective|p1a: Serperior
|-end|p1a: Serperior|Substitute
|-damage|p2a: 出租车|92/100 par|[from] Recoil|[of] p1a: Serperior
|
|-heal|p1a: Serperior|82/100|[from] item: Leftovers
|-heal|p2a: 出租车|98/100 par|[from] item: Leftovers
|upkeep
|turn|5
|
|t:|1759071483
|-terastallize|p1a: Serperior|Stellar
|move|p1a: Serperior|Tera Blast|p2a: 出租车|[anim] Tera Blast Stellar
|-damage|p2a: 出租车|21/100 par
|-boost|p1a: Serperior|atk|1
|-boost|p1a: Serperior|spa|1
|move|p2a: 出租车|Brave Bird|p1a: Serperior
|-supereffective|p1a: Serperior
|-damage|p1a: Serperior|0 fnt
|faint|p1a: Serperior
|-damage|p2a: 出租车|0 fnt|[from] Recoil
|faint|p2a: 出租车
|
|upkeep
|
|t:|1759071504
|switch|p1a: Rule Britannia|Polteageist-Antique|100/100
|switch|p2a: 大狗嚼|Lycanroc-Dusk, M|100/100
|turn|6
|
|t:|1759071511
|move|p2a: 大狗嚼|Crunch|p1a: Rule Britannia
|-supereffective|p1a: Rule Britannia
|-enditem|p1a: Rule Britannia|Focus Sash
|-damage|p1a: Rule Britannia|1/100
|-ability|p1a: Rule Britannia|Weak Armor|boost
|-unboost|p1a: Rule Britannia|def|1
|-boost|p1a: Rule Britannia|spe|2
|move|p1a: Rule Britannia|Shell Smash|p1a: Rule Britannia
|-unboost|p1a: Rule Britannia|def|1
|-unboost|p1a: Rule Britannia|spd|1
|-boost|p1a: Rule Britannia|atk|2
|-boost|p1a: Rule Britannia|spa|2
|-boost|p1a: Rule Britannia|spe|2
|
|upkeep
|turn|7
|
|t:|1759071526
|switch|p2a: 大恐龙|Rhydon, F, shiny|100/100
|move|p1a: Rule Britannia|Stored Power|p2a: 大恐龙
|-damage|p2a: 大恐龙|0 fnt
|faint|p2a: 大恐龙
|
|upkeep
|
|t:|1759071532
|switch|p2a: 皮卡超|Mimikyu, F, shiny|100/100
|turn|8
|
|t:|1759071535
|move|p2a: 皮卡超|Shadow Sneak|p1a: Rule Britannia
|-supereffective|p1a: Rule Britannia
|-damage|p1a: Rule Britannia|0 fnt
|faint|p1a: Rule Britannia
|-damage|p2a: 皮卡超|91/100|[from] item: Life Orb
|
|upkeep
|
|t:|1759071543
|switch|p1a: Gambit|Kingambit, M, shiny|100/100
|-activate|p1a: Gambit|ability: Supreme Overlord
|-start|p1a: Gambit|fallen3|[silent]
|turn|9
|
|t:|1759071555
|move|p2a: 皮卡超|Swords Dance|p2a: 皮卡超
|-boost|p2a: 皮卡超|atk|2
|move|p1a: Gambit|Swords Dance|p1a: Gambit
|-boost|p1a: Gambit|atk|2
|
|upkeep
|turn|10
|
|t:|1759071559
|move|p2a: 皮卡超|Swords Dance|p2a: 皮卡超
|-boost|p2a: 皮卡超|atk|2
|move|p1a: Gambit|Iron Head|p2a: 皮卡超
|-activate|p2a: 皮卡超|ability: Disguise
|-damage|p2a: 皮卡超|91/100
|detailschange|p2a: 皮卡超|Mimikyu-Busted, F, shiny
|-damage|p2a: 皮卡超|78/100|[from] pokemon: Mimikyu-Busted
|
|upkeep
|turn|11
|
|t:|1759071563
|move|p1a: Gambit|Sucker Punch|p2a: 皮卡超
|-damage|p2a: 皮卡超|0 fnt
|faint|p2a: 皮卡超
|
|upkeep
|
|t:|1759071574
|switch|p2a: 大狗嚼|Lycanroc-Dusk, M|100/100
|turn|12
|
|t:|1759071579
|-terastallize|p2a: 大狗嚼|Fighting
|move|p2a: 大狗嚼|Close Combat|p1a: Gambit
|-supereffective|p1a: Gambit
|-damage|p1a: Gambit|0 fnt
|-unboost|p2a: 大狗嚼|def|1
|-unboost|p2a: 大狗嚼|spd|1
|faint|p1a: Gambit
|-end|p1a: Gambit|fallen3|[silent]
|
|upkeep
|
|t:|1759071587
|switch|p1a: Weezing|Weezing-Galar, M|100/100
|-ability|p1a: Weezing|Neutralizing Gas
|turn|13
|
|t:|1759071594
|switch|p2a: 附魔金苹果|Dipplin, M, shiny|100/100
|move|p1a: Weezing|Strange Steam|p2a: 附魔金苹果
|-supereffective|p2a: 附魔金苹果
|-damage|p2a: 附魔金苹果|66/100
|
|upkeep
|turn|14
|
|t:|1759071600
|move|p1a: Weezing|Toxic|p2a: 附魔金苹果
|-status|p2a: 附魔金苹果|tox
|move|p2a: 附魔金苹果|Energy Ball|p1a: Weezing
|-resisted|p1a: Weezing
|-damage|p1a: Weezing|77/100
|
|-damage|p2a: 附魔金苹果|60/100 tox|[from] psn
|upkeep
|turn|15
|
|t:|1759071607
|move|p1a: Weezing|Strange Steam|p2a: 附魔金苹果
|-supereffective|p2a: 附魔金苹果
|-damage|p2a: 附魔金苹果|22/100 tox
|move|p2a: 附魔金苹果|Energy Ball|p1a: Weezing
|-resisted|p1a: Weezing
|-damage|p1a: Weezing|52/100
|
|-damage|p2a: 附魔金苹果|10/100 tox|[from] psn
|upkeep
|turn|16
|
|t:|1759071620
|move|p1a: Weezing|Strange Steam|p2a: 附魔金苹果
|-supereffective|p2a: 附魔金苹果
|-damage|p2a: 附魔金苹果|0 fnt
|faint|p2a: 附魔金苹果
|
|upkeep
|
|t:|1759071624
|switch|p2a: 神巴呆|Slowbro, M|100/100
|turn|17
|
|t:|1759071633
|move|p1a: Weezing|Toxic|p2a: 神巴呆
|-status|p2a: 神巴呆|tox
|move|p2a: 神巴呆|Psyshock|p1a: Weezing
|-supereffective|p1a: Weezing
|-damage|p1a: Weezing|15/100
|
|-damage|p2a: 神巴呆|95/100 tox|[from] psn
|upkeep
|turn|18
|
|t:|1759071639
|move|p1a: Weezing|Pain Split|p2a: 神巴呆
|-sethp|p2a: 神巴呆|54/100 tox|[from] move: Pain Split|[silent]
|-sethp|p1a: Weezing|59/100|[from] move: Pain Split
|move|p2a: 神巴呆|Psyshock|p1a: Weezing
|-supereffective|p1a: Weezing
|-damage|p1a: Weezing|24/100
|
|-damage|p2a: 神巴呆|42/100 tox|[from] psn
|upkeep
|turn|19
|
|t:|1759071646
|move|p1a: Weezing|Strange Steam|p2a: 神巴呆
|-damage|p2a: 神巴呆|21/100 tox
|move|p2a: 神巴呆|Hydro Pump|p1a: Weezing
|-damage|p1a: Weezing|0 fnt
|faint|p1a: Weezing
|-end|p1a: Weezing|ability: Neutralizing Gas
|
|-damage|p2a: 神巴呆|3/100 tox|[from] psn
|upkeep
|
|t:|1759071651
|switch|p1a: Maushold|Maushold-Four|100/100
|turn|20
|
|t:|1759071655
|move|p1a: Maushold|Bite|p2a: 神巴呆
|-supereffective|p2a: 神巴呆
|-damage|p2a: 神巴呆|0 fnt
|faint|p2a: 神巴呆
|
|upkeep
|
|t:|1759071657
|switch|p2a: 大狗嚼|Lycanroc-Dusk, M, tera:Fighting|100/100
|turn|21
|
|t:|1759071672
|move|p2a: 大狗嚼|Accelerock|p1a: Maushold
|-damage|p1a: Maushold|47/100
|move|p1a: Maushold|Population Bomb|p2a: 大狗嚼
|-damage|p2a: 大狗嚼|82/100
|-damage|p2a: 大狗嚼|62/100
|-crit|p2a: 大狗嚼
|-damage|p2a: 大狗嚼|33/100
|-damage|p2a: 大狗嚼|15/100
|-damage|p2a: 大狗嚼|0 fnt
|faint|p2a: 大狗嚼
|-hitcount|p2: 大狗嚼|5
|
|win|r1se 0f j1mothy
|raw|r1se 0f j1mothy's rating: 1135 &rarr; <strong>1156</strong><br />(+21 for winning)
|raw|ribuluobaolong.atk's rating: 1084 &rarr; <strong>1065</strong><br />(-19 for losing)
|l|☆r1se 0f j1mothy
|player|p1|
|l|☆ribuluobaolong.atk
|player|p2|
|j|☆ribuluobaolong.atk
|player|p2|ribuluobaolong.atk|102|
|l|☆ribuluobaolong.atk
|player|p2|
