|j|☆Gulptubus
|j|☆diegoluquechaves
|t:|1758965878
|gametype|singles
|player|p1|Gulptubus|pokemonranger-gen4|1454
|player|p2|diegoluquechaves|169|1502
|gen|9
|tier|[Gen 9] OU
|rated|
|rule|HP Percentage Mod: HP is shown in percentages
|rule|Endless Battle Clause: Forcing endless battles is banned
|rule|Species Clause: Limit one of each Pokémon
|rule|OHKO Clause: OHKO moves are banned
|rule|Evasion Items Clause: Evasion items are banned
|rule|Evasion Moves Clause: Evasion moves are banned
|rule|Evasion Abilities Clause: Evasion abilities are banned
|rule|Sleep Moves Clause: Sleep-inducing moves are banned
|clearpoke
|poke|p1|Ogerpon-Wellspring, F|
|poke|p1|Darkrai|
|poke|p1|Garganacl, M|
|poke|p1|Zapdos|
|poke|p1|Great Tusk|
|poke|p1|Kingambit, M|
|poke|p2|Typhlosion-Hisui, F|
|poke|p2|Corviknight, F|
|poke|p2|Glimmora, F|
|poke|p2|Great Tusk|
|poke|p2|Araquanid, M|
|poke|p2|Thundurus, M|
|teampreview
|
|t:|1758965911
|teamsize|p1|6
|teamsize|p2|6
|start
|switch|p1a: Paralyzer|Zapdos|100/100
|switch|p2a: Glimmora|Glimmora, F|100/100
|turn|1
|
|t:|1758965919
|move|p2a: Glimmora|Meteor Beam||[still]
|-prepare|p2a: Glimmora|Meteor Beam
|-boost|p2a: Glimmora|spa|1
|-enditem|p2a: Glimmora|Power Herb
|-anim|p2a: Glimmora|Meteor Beam|p1a: Paralyzer
|-supereffective|p1a: Paralyzer
|-damage|p1a: Paralyzer|0 fnt
|faint|p1a: Paralyzer
|
|upkeep
|
|t:|1758965929
|switch|p1a: Bronze Jade|Great Tusk, shiny|100/100
|turn|2
|
|t:|1758965943
|-terastallize|p2a: Glimmora|Grass
|move|p1a: Bronze Jade|Stealth Rock|p2a: Glimmora
|-sidestart|p2: diegoluquechaves|move: Stealth Rock
|move|p2a: Glimmora|Energy Ball|p1a: Bronze Jade
|-supereffective|p1a: Bronze Jade
|-damage|p1a: Bronze Jade|0 fnt
|faint|p1a: Bronze Jade
|-end|p1a: Bronze Jade|Protosynthesis|[silent]
|
|upkeep
|
|t:|1758965959
|switch|p1a: Isshin|Kingambit, M|100/100
|-activate|p1a: Isshin|ability: Supreme Overlord
|-start|p1a: Isshin|fallen2|[silent]
|turn|3
|
|t:|1758965964
|move|p2a: Glimmora|Earth Power|p1a: Isshin
|-supereffective|p1a: Isshin
|-crit|p1a: Isshin
|-damage|p1a: Isshin|0 fnt
|faint|p1a: Isshin
|-end|p1a: Isshin|fallen2|[silent]
|
|upkeep
|
|t:|1758965971
|switch|p1a: Nocturne|Darkrai, shiny|100/100
|turn|4
|
|t:|1758965977
|move|p1a: Nocturne|Dark Pulse|p2a: Glimmora
|-damage|p2a: Glimmora|45/100
|move|p2a: Glimmora|Energy Ball|p1a: Nocturne
|-damage|p1a: Nocturne|14/100
|
|upkeep
|turn|5
|
|t:|1758965994
|move|p1a: Nocturne|Dark Pulse|p2a: Glimmora
|-damage|p2a: Glimmora|0 fnt
|faint|p2a: Glimmora
|
|upkeep
|
|t:|1758966000
|switch|p2a: Great Tusk|Great Tusk|100/100
|-damage|p2a: Great Tusk|98/100|[from] Stealth Rock
|-enditem|p2a: Great Tusk|Booster Energy
|-activate|p2a: Great Tusk|ability: Protosynthesis|[fromitem]
|-start|p2a: Great Tusk|protosynthesisatk
|turn|6
|
|t:|1758966014
|switch|p1a: Salty Snack|Garganacl, M|100/100
|move|p2a: Great Tusk|Rapid Spin|p1a: Salty Snack
|-resisted|p1a: Salty Snack
|-damage|p1a: Salty Snack|92/100
|-boost|p2a: Great Tusk|spe|1
|-sideend|p2: diegoluquechaves|Stealth Rock|[from] move: Rapid Spin|[of] p2a: Great Tusk
|
|-heal|p1a: Salty Snack|99/100|[from] item: Leftovers
|upkeep
|turn|7
|
|t:|1758966029
|-terastallize|p1a: Salty Snack|Fairy
|move|p2a: Great Tusk|Stealth Rock|p1a: Salty Snack
|-sidestart|p1: Gulptubus|move: Stealth Rock
|move|p1a: Salty Snack|Iron Defense|p1a: Salty Snack
|-boost|p1a: Salty Snack|def|2
|
|-heal|p1a: Salty Snack|100/100|[from] item: Leftovers
|upkeep
|turn|8
|
|t:|1758966051
|-end|p2a: Great Tusk|Protosynthesis|[silent]
|switch|p2a: Typhlosion|Typhlosion-Hisui, F|100/100
|-item|p1a: Salty Snack|Leftovers|[from] ability: Frisk|[of] p2a: Typhlosion
|move|p1a: Salty Snack|Salt Cure|p2a: Typhlosion
|-supereffective|p2a: Typhlosion
|-damage|p2a: Typhlosion|60/100
|-start|p2a: Typhlosion|Salt Cure
|
|-damage|p2a: Typhlosion|48/100|[from] Salt Cure
|upkeep
|turn|9
|
|t:|1758966077
|move|p2a: Typhlosion|Lava Plume|p1a: Salty Snack
|-damage|p1a: Salty Snack|68/100
|move|p1a: Salty Snack|Recover|p1a: Salty Snack
|-heal|p1a: Salty Snack|100/100
|
|-damage|p2a: Typhlosion|36/100|[from] Salt Cure
|upkeep
|turn|10
|
|t:|1758966096
|move|p2a: Typhlosion|Lava Plume|p1a: Salty Snack
|-damage|p1a: Salty Snack|71/100
|move|p1a: Salty Snack|Iron Defense|p1a: Salty Snack
|-boost|p1a: Salty Snack|def|2
|
|-heal|p1a: Salty Snack|77/100|[from] item: Leftovers
|-damage|p2a: Typhlosion|23/100|[from] Salt Cure
|upkeep
|turn|11
|
|t:|1758966106
|move|p2a: Typhlosion|Lava Plume|p1a: Salty Snack
|-damage|p1a: Salty Snack|47/100
|move|p1a: Salty Snack|Iron Defense|p1a: Salty Snack
|-boost|p1a: Salty Snack|def|2
|
|-heal|p1a: Salty Snack|53/100|[from] item: Leftovers
|-damage|p2a: Typhlosion|11/100|[from] Salt Cure
|upkeep
|turn|12
|
|t:|1758966115
|move|p2a: Typhlosion|Lava Plume|p1a: Salty Snack
|-damage|p1a: Salty Snack|21/100
|move|p1a: Salty Snack|Recover|p1a: Salty Snack
|-heal|p1a: Salty Snack|71/100
|
|-heal|p1a: Salty Snack|77/100|[from] item: Leftovers
|-damage|p2a: Typhlosion|0 fnt|[from] Salt Cure
|faint|p2a: Typhlosion
|upkeep
|
|t:|1758966131
|switch|p2a: Thundurus|Thundurus, M|100/100
|turn|13
|
|t:|1758966137
|move|p2a: Thundurus|Supercell Slam|p1a: Salty Snack
|-damage|p1a: Salty Snack|69/100
|move|p1a: Salty Snack|Body Press|p2a: Thundurus
|-resisted|p2a: Thundurus
|-damage|p2a: Thundurus|32/100
|-enditem|p2a: Thundurus|Red Card|[of] p1a: Salty Snack
|drag|p1a: Nocturne|Darkrai, shiny|14/100
|-damage|p1a: Nocturne|2/100|[from] Stealth Rock
|
|upkeep
|turn|14
|
|t:|1758966169
|switch|p2a: Araquanid|Araquanid, M|100/100
|move|p1a: Nocturne|Ice Beam|p2a: Araquanid
|-resisted|p2a: Araquanid
|-damage|p2a: Araquanid|91/100
|
|-heal|p2a: Araquanid|97/100|[from] item: Leftovers
|upkeep
|turn|15
|
|t:|1758966185
|move|p1a: Nocturne|Ice Beam|p2a: Araquanid
|-resisted|p2a: Araquanid
|-damage|p2a: Araquanid|87/100
|move|p2a: Araquanid|Liquidation|p1a: Nocturne
|-damage|p1a: Nocturne|0 fnt
|faint|p1a: Nocturne
|
|-heal|p2a: Araquanid|93/100|[from] item: Leftovers
|upkeep
|
|t:|1758966194
|switch|p1a: Mizuki|Ogerpon-Wellspring, F|100/100
|-damage|p1a: Mizuki|88/100|[from] Stealth Rock
|turn|16
|
|t:|1758966199
|move|p1a: Mizuki|Knock Off|p2a: Araquanid
|-damage|p2a: Araquanid|51/100
|-enditem|p2a: Araquanid|Leftovers|[from] move: Knock Off|[of] p1a: Mizuki
|move|p2a: Araquanid|Lunge|p1a: Mizuki
|-supereffective|p1a: Mizuki
|-damage|p1a: Mizuki|32/100
|-unboost|p1a: Mizuki|atk|1
|
|upkeep
|turn|17
|
|t:|1758966208
|move|p1a: Mizuki|Power Whip|p2a: Araquanid
|-damage|p2a: Araquanid|0 fnt
|faint|p2a: Araquanid
|
|upkeep
|
|t:|1758966214
|switch|p2a: Corviknight|Corviknight, F|100/100
|turn|18
|
|t:|1758966218
|switch|p1a: Salty Snack|Garganacl, M, tera:Fairy|69/100
|-damage|p1a: Salty Snack|56/100|[from] Stealth Rock
|move|p2a: Corviknight|U-turn|p1a: Salty Snack
|-resisted|p1a: Salty Snack
|-damage|p1a: Salty Snack|52/100
|
|t:|1758966229
|switch|p2a: Great Tusk|Great Tusk|98/100|[from] U-turn
|
|-heal|p1a: Salty Snack|58/100|[from] item: Leftovers
|upkeep
|turn|19
|
|t:|1758966237
|move|p2a: Great Tusk|Headlong Rush|p1a: Salty Snack
|-damage|p1a: Salty Snack|10/100
|-unboost|p2a: Great Tusk|def|1
|-unboost|p2a: Great Tusk|spd|1
|move|p1a: Salty Snack|Recover|p1a: Salty Snack
|-heal|p1a: Salty Snack|60/100
|
|-heal|p1a: Salty Snack|66/100|[from] item: Leftovers
|upkeep
|turn|20
|
|t:|1758966248
|move|p2a: Great Tusk|Headlong Rush|p1a: Salty Snack
|-damage|p1a: Salty Snack|19/100
|-unboost|p2a: Great Tusk|def|1
|-unboost|p2a: Great Tusk|spd|1
|move|p1a: Salty Snack|Iron Defense|p1a: Salty Snack
|-boost|p1a: Salty Snack|def|2
|
|-heal|p1a: Salty Snack|25/100|[from] item: Leftovers
|upkeep
|turn|21
|
|t:|1758966258
|move|p2a: Great Tusk|Headlong Rush|p1a: Salty Snack
|-damage|p1a: Salty Snack|1/100
|-unboost|p2a: Great Tusk|def|1
|-unboost|p2a: Great Tusk|spd|1
|move|p1a: Salty Snack|Recover|p1a: Salty Snack
|-heal|p1a: Salty Snack|51/100
|
|-heal|p1a: Salty Snack|57/100|[from] item: Leftovers
|upkeep
|turn|22
|
|t:|1758966268
|move|p2a: Great Tusk|Headlong Rush|p1a: Salty Snack
|-damage|p1a: Salty Snack|33/100
|-unboost|p2a: Great Tusk|def|1
|-unboost|p2a: Great Tusk|spd|1
|move|p1a: Salty Snack|Recover|p1a: Salty Snack
|-heal|p1a: Salty Snack|83/100
|
|-heal|p1a: Salty Snack|89/100|[from] item: Leftovers
|upkeep
|turn|23
|
|t:|1758966279
|move|p2a: Great Tusk|Headlong Rush|p1a: Salty Snack
|-damage|p1a: Salty Snack|67/100
|-unboost|p2a: Great Tusk|def|1
|-unboost|p2a: Great Tusk|spd|1
|move|p1a: Salty Snack|Iron Defense|p1a: Salty Snack
|-boost|p1a: Salty Snack|def|2
|
|-heal|p1a: Salty Snack|73/100|[from] item: Leftovers
|upkeep
|turn|24
|-message|diegoluquechaves forfeited.
|
|win|Gulptubus
|raw|Gulptubus's rating: 1454 &rarr; <strong>1477</strong><br />(+23 for winning)
|raw|diegoluquechaves's rating: 1502 &rarr; <strong>1479</strong><br />(-23 for losing)
|l|☆diegoluquechaves
|player|p2|
|l|☆Gulptubus
|player|p1|
