|j|☆Mr.X&Y97
|j|‽kaxhi
|t:|1758923255
|gametype|singles
|player|p1|Mr.X&Y97|ingo|1572
|player|p2|kaxhi|170|1585
|gen|9
|tier|[Gen 9] OU
|rated|
|rule|HP Percentage Mod: HP is shown in percentages
|rule|Endless Battle Clause: Forcing endless battles is banned
|rule|Species Clause: Limit one of each Pokémon
|rule|OHKO Clause: OHKO moves are banned
|rule|Evasion Items Clause: Evasion items are banned
|rule|Evasion Moves Clause: Evasion moves are banned
|rule|Evasion Abilities Clause: Evasion abilities are banned
|rule|Sleep Moves Clause: Sleep-inducing moves are banned
|clearpoke
|poke|p1|Ursaluna, M|
|poke|p1|Hatterene, F|
|poke|p1|Keldeo-Resolute|
|poke|p1|Cresselia, F|
|poke|p1|Iron Valiant|
|poke|p1|Samurott-Hisui, M|
|poke|p2|Dragapult, F|
|poke|p2|Iron Moth|
|poke|p2|Serperior, F|
|poke|p2|Iron Treads|
|poke|p2|Dragonite, F|
|poke|p2|Greninja-*, M|
|teampreview
|inactive|Battle timer is ON: inactive players will automatically lose when time's up. (requested by Mr.X&Y97)
|
|t:|1758923282
|teamsize|p1|6
|teamsize|p2|6
|start
|switch|p1a: Samurott|Samurott-Hisui, M|100/100
|switch|p2a: Serperior|Serperior, F|100/100
|turn|1
|
|t:|1758923287
|move|p1a: Samurott|Ceaseless Edge|p2a: Serperior
|-damage|p2a: Serperior|40/100
|-sidestart|p2: kaxhi|Spikes
|move|p2a: Serperior|Leaf Storm|p1a: Samurott
|-supereffective|p1a: Samurott
|-damage|p1a: Samurott|0 fnt
|-boost|p2a: Serperior|spa|2
|faint|p1a: Samurott
|
|upkeep
|
|t:|1758923308
|switch|p1a: Hatterene|Hatterene, F|100/100
|turn|2
|
|t:|1758923319
|move|p2a: Serperior|Leaf Storm|p1a: Hatterene|[miss]
|-miss|p2a: Serperior|p1a: Hatterene
|move|p1a: Hatterene|Trick Room|p1a: Hatterene
|-fieldstart|move: Trick Room|[of] p1a: Hatterene
|
|upkeep
|turn|3
|
|t:|1758923322
|move|p2a: Serperior|Endure|p2a: Serperior
|-singleturn|p2a: Serperior|move: Endure
|move|p1a: Hatterene|Psychic Noise|p2a: Serperior
|-activate|p2a: Serperior|move: Endure
|-damage|p2a: Serperior|1/100
|-start|p2a: Serperior|move: Heal Block
|
|upkeep
|turn|4
|-enditem|p2a: Serperior|Custap Berry|[eat]
|-activate|p2a: Serperior|item: Custap Berry|[consumed]
|
|t:|1758923330
|move|p2a: Serperior|Leaf Storm|p1a: Hatterene
|-damage|p1a: Hatterene|11/100
|-boost|p2a: Serperior|spa|2
|move|p1a: Hatterene|Dazzling Gleam|p2a: Serperior
|-damage|p2a: Serperior|0 fnt
|faint|p2a: Serperior
|
|upkeep
|
|t:|1758923337
|switch|p2a: Greninja|Greninja, M|100/100
|-damage|p2a: Greninja|88/100|[from] Spikes
|turn|5
|
|t:|1758923340
|switch|p1a: Keldeo|Keldeo-Resolute|100/100
|move|p2a: Greninja|Water Shuriken|p1a: Keldeo
|-resisted|p1a: Keldeo
|-damage|p1a: Keldeo|96/100
|-resisted|p1a: Keldeo
|-damage|p1a: Keldeo|91/100
|-hitcount|p1a: Keldeo|2
|-damage|p2a: Greninja|78/100|[from] item: Life Orb
|
|upkeep
|turn|6
|
|t:|1758923343
|-terastallize|p2a: Greninja|Ghost
|move|p1a: Keldeo|Surf|p2a: Greninja
|-damage|p2a: Greninja|0 fnt
|faint|p2a: Greninja
|
|-fieldend|move: Trick Room
|upkeep
|
|t:|1758923348
|switch|p2a: Dragonite|Dragonite, F|100/100
|turn|7
|
|t:|1758923355
|switch|p1a: Iron Valiant|Iron Valiant|100/100
|-enditem|p1a: Iron Valiant|Booster Energy
|-activate|p1a: Iron Valiant|ability: Quark Drive|[fromitem]
|-start|p1a: Iron Valiant|quarkdrivespe
|move|p2a: Dragonite|Dragon Dance|p2a: Dragonite
|-boost|p2a: Dragonite|atk|1
|-boost|p2a: Dragonite|spe|1
|
|upkeep
|turn|8
|
|t:|1758923361
|-terastallize|p1a: Iron Valiant|Ghost
|move|p1a: Iron Valiant|Moonblast|p2a: Dragonite
|-supereffective|p2a: Dragonite
|-damage|p2a: Dragonite|52/100
|move|p2a: Dragonite|Fire Punch|p1a: Iron Valiant
|-damage|p1a: Iron Valiant|41/100
|
|upkeep
|turn|9
|
|t:|1758923369
|move|p1a: Iron Valiant|Moonblast|p2a: Dragonite
|-supereffective|p2a: Dragonite
|-damage|p2a: Dragonite|0 fnt
|faint|p2a: Dragonite
|
|upkeep
|
|t:|1758923371
|switch|p2a: Iron Moth|Iron Moth|100/100
|-damage|p2a: Iron Moth|88/100|[from] Spikes
|-enditem|p2a: Iron Moth|Booster Energy
|-activate|p2a: Iron Moth|ability: Quark Drive|[fromitem]
|-start|p2a: Iron Moth|quarkdrivespe
|turn|10
|
|t:|1758923373
|move|p1a: Iron Valiant|Destiny Bond|p1a: Iron Valiant
|-singlemove|p1a: Iron Valiant|Destiny Bond
|move|p2a: Iron Moth|Fiery Dance|p1a: Iron Valiant
|-damage|p1a: Iron Valiant|0 fnt
|-boost|p2a: Iron Moth|spa|1
|faint|p1a: Iron Valiant
|-activate|p1a: Iron Valiant|move: Destiny Bond
|-end|p1a: Iron Valiant|Quark Drive|[silent]
|faint|p2a: Iron Moth
|-end|p2a: Iron Moth|Quark Drive|[silent]
|
|upkeep
|-message|kaxhi forfeited.
|
|win|Mr.X&Y97
|raw|Mr.X&amp;Y97's rating: 1572 &rarr; <strong>1593</strong><br />(+21 for winning)
|raw|kaxhi's rating: 1585 &rarr; <strong>1564</strong><br />(-21 for losing)
|l|‽kaxhi
|player|p2|
