|j|☆oficial matute
|j|☆AmphiZestial
|t:|1759008566
|gametype|singles
|player|p1|oficial matute|policeman|1192
|player|p2|AmphiZestial|170|1148
|gen|9
|tier|[Gen 9] OU
|rated|
|rule|HP Percentage Mod: HP is shown in percentages
|rule|Endless Battle Clause: Forcing endless battles is banned
|rule|Species Clause: Limit one of each Pokémon
|rule|OHKO Clause: OHKO moves are banned
|rule|Evasion Items Clause: Evasion items are banned
|rule|Evasion Moves Clause: Evasion moves are banned
|rule|Evasion Abilities Clause: Evasion abilities are banned
|rule|Sleep Moves Clause: Sleep-inducing moves are banned
|clearpoke
|poke|p1|Noivern, M|
|poke|p1|Tropius, M|
|poke|p1|Garchomp, F|
|poke|p1|Hydrapple, M|
|poke|p1|Torterra, F|
|poke|p1|Landorus-Therian, M|
|poke|p2|Greninja-*, M|
|poke|p2|Walking Wake|
|poke|p2|Ceruledge, F|
|poke|p2|Tinkaton, F|
|poke|p2|Scizor, M|
|poke|p2|Samurott-Hisui, M|
|teampreview
|inactive|Battle timer is ON: inactive players will automatically lose when time's up. (requested by oficial matute)
|
|t:|1759008580
|teamsize|p1|6
|teamsize|p2|6
|start
|switch|p1a: 👁👅👁|Noivern, M|100/100
|switch|p2a: Fukushū|Samurott-Hisui, M|100/100
|-item|p2a: Fukushū|Life Orb|[from] ability: Frisk|[of] p1a: 👁👅👁
|turn|1
|
|t:|1759008594
|move|p1a: 👁👅👁|Air Slash|p2a: Fukushū
|-damage|p2a: Fukushū|49/100
|move|p2a: Fukushū|Ceaseless Edge|p1a: 👁👅👁
|-damage|p1a: 👁👅👁|30/100
|-sidestart|p1: oficial matute|Spikes
|-damage|p2a: Fukushū|39/100|[from] item: Life Orb
|
|upkeep
|turn|2
|
|t:|1759008602
|switch|p1a: 👁👃👁|Landorus-Therian, M|100/100
|-ability|p1a: 👁👃👁|Intimidate|boost
|-unboost|p2a: Fukushū|atk|1
|move|p2a: Fukushū|Aqua Jet|p1a: 👁👃👁
|-supereffective|p1a: 👁👃👁
|-damage|p1a: 👁👃👁|80/100
|-damage|p2a: Fukushū|22/100|[from] item: Rocky Helmet|[of] p1a: 👁👃👁
|-damage|p2a: Fukushū|12/100|[from] item: Life Orb
|
|upkeep
|turn|3
|
|t:|1759008613
|move|p2a: Fukushū|Aqua Cutter|p1a: 👁👃👁
|-supereffective|p1a: 👁👃👁
|-damage|p1a: 👁👃👁|25/100
|-damage|p2a: Fukushū|2/100|[from] item: Life Orb
|move|p1a: 👁👃👁|Stealth Rock|p2a: Fukushū
|-sidestart|p2: AmphiZestial|move: Stealth Rock
|
|upkeep
|turn|4
|
|t:|1759008622
|switch|p1a: 👁👅👁|Noivern, M|30/100
|-item|p2a: Fukushū|Life Orb|[from] ability: Frisk|[of] p1a: 👁👅👁
|move|p2a: Fukushū|Aqua Cutter|p1a: 👁👅👁
|-resisted|p1a: 👁👅👁
|-damage|p1a: 👁👅👁|7/100
|-damage|p2a: Fukushū|0 fnt|[from] item: Life Orb
|faint|p2a: Fukushū
|
|upkeep
|
|t:|1759008638
|switch|p2a: Zestial|Greninja, M, shiny|100/100
|-damage|p2a: Zestial|88/100|[from] Stealth Rock
|turn|5
|
|t:|1759008642
|move|p1a: 👁👅👁|Air Slash|p2a: Zestial
|-damage|p2a: Zestial|40/100
|move|p2a: Zestial|Ice Beam|p1a: 👁👅👁
|-start|p2a: Zestial|typechange|Ice|[from] ability: Protean
|-supereffective|p1a: 👁👅👁
|-damage|p1a: 👁👅👁|0 fnt
|faint|p1a: 👁👅👁
|-damage|p2a: Zestial|31/100|[from] item: Life Orb
|
|upkeep
|
|t:|1759008653
|switch|p1a: 👁🐽👁|Tropius, M, shiny|100/100
|turn|6
|
|t:|1759008658
|-terastallize|p1a: 👁🐽👁|Ghost
|move|p2a: Zestial|Ice Beam|p1a: 👁🐽👁
|-damage|p1a: 👁🐽👁|66/100
|-damage|p2a: Zestial|21/100|[from] item: Life Orb
|move|p1a: 👁🐽👁|Leech Seed|p2a: Zestial
|-start|p2a: Zestial|move: Leech Seed
|
|-damage|p2a: Zestial|9/100|[from] Leech Seed|[of] p1a: 👁🐽👁
|-heal|p1a: 👁🐽👁|75/100|[silent]
|upkeep
|turn|7
|
|t:|1759008669
|move|p1a: 👁🐽👁|Protect|p1a: 👁🐽👁
|-singleturn|p1a: 👁🐽👁|Protect
|move|p2a: Zestial|Dark Pulse|p1a: 👁🐽👁
|-activate|p1a: 👁🐽👁|move: Protect
|
|-damage|p2a: Zestial|0 fnt|[from] Leech Seed|[of] p1a: 👁🐽👁
|-heal|p1a: 👁🐽👁|81/100|[silent]
|faint|p2a: Zestial
|upkeep
|
|t:|1759008680
|switch|p2a: Machina|Ceruledge, F, shiny|100/100
|-damage|p2a: Machina|76/100|[from] Stealth Rock
|turn|8
|
|t:|1759008690
|switch|p1a: 👁🫦👁|Garchomp, F|100/100
|-damage|p1a: 👁🫦👁|88/100|[from] Spikes
|move|p2a: Machina|Poltergeist|p1a: 👁🫦👁
|-activate|p1a: 👁🫦👁|move: Poltergeist|Loaded Dice
|-damage|p1a: 👁🫦👁|26/100
|
|upkeep
|turn|9
|
|t:|1759008704
|move|p1a: 👁🫦👁|Scale Shot|p2a: Machina
|-damage|p2a: Machina|58/100
|-ability|p2a: Machina|Weak Armor|boost
|-unboost|p2a: Machina|def|1
|-boost|p2a: Machina|spe|2
|-damage|p2a: Machina|28/100
|-ability|p2a: Machina|Weak Armor|boost
|-unboost|p2a: Machina|def|1
|-boost|p2a: Machina|spe|2
|-damage|p2a: Machina|0 fnt
|faint|p2a: Machina
|-hitcount|p2: Machina|3
|-unboost|p1a: 👁🫦👁|def|1
|-boost|p1a: 👁🫦👁|spe|1
|
|upkeep
|
|t:|1759008710
|switch|p2a: Quiet|Scizor, M|100/100
|turn|10
|
|t:|1759008720
|switch|p1a: 👁👃👁|Landorus-Therian, M|25/100
|-ability|p1a: 👁👃👁|Intimidate|boost
|-unboost|p2a: Quiet|atk|1
|move|p2a: Quiet|Bullet Punch|p1a: 👁👃👁
|-damage|p1a: 👁👃👁|8/100
|-damage|p2a: Quiet|84/100|[from] item: Rocky Helmet|[of] p1a: 👁👃👁
|
|upkeep
|turn|11
|
|t:|1759008730
|switch|p1a: 👁🫦👁|Garchomp, F|26/100
|-damage|p1a: 👁🫦👁|14/100|[from] Spikes
|move|p2a: Quiet|Bullet Punch|p1a: 👁🫦👁
|-damage|p1a: 👁🫦👁|0 fnt
|-damage|p2a: Quiet|72/100|[from] ability: Rough Skin|[of] p1a: 👁🫦👁
|faint|p1a: 👁🫦👁
|
|upkeep
|
|t:|1759008739
|switch|p1a: 👁💋👁|Torterra, F|100/100
|-damage|p1a: 👁💋👁|88/100|[from] Spikes
|turn|12
|
|t:|1759008745
|move|p1a: 👁💋👁|Shell Smash|p1a: 👁💋👁
|-unboost|p1a: 👁💋👁|def|1
|-unboost|p1a: 👁💋👁|spd|1
|-boost|p1a: 👁💋👁|atk|2
|-boost|p1a: 👁💋👁|spa|2
|-boost|p1a: 👁💋👁|spe|2
|move|p2a: Quiet|Lunge|p1a: 👁💋👁
|-supereffective|p1a: 👁💋👁
|-damage|p1a: 👁💋👁|4/100
|-unboost|p1a: 👁💋👁|atk|1
|
|upkeep
|turn|13
|
|t:|1759008756
|move|p2a: Quiet|Bullet Punch|p1a: 👁💋👁
|-damage|p1a: 👁💋👁|0 fnt
|faint|p1a: 👁💋👁
|
|upkeep
|
|t:|1759008761
|switch|p1a: 👁👃👁|Landorus-Therian, M|8/100
|-ability|p1a: 👁👃👁|Intimidate|boost
|-unboost|p2a: Quiet|atk|1
|turn|14
|
|t:|1759008765
|move|p2a: Quiet|Bullet Punch|p1a: 👁👃👁
|-damage|p1a: 👁👃👁|0 fnt
|-damage|p2a: Quiet|55/100|[from] item: Rocky Helmet|[of] p1a: 👁👃👁
|faint|p1a: 👁👃👁
|
|upkeep
|
|t:|1759008771
|switch|p1a: 👁👄👁|Hydrapple, M|100/100
|-damage|p1a: 👁👄👁|88/100|[from] Spikes
|turn|15
|
|t:|1759008776
|move|p2a: Quiet|Lunge|p1a: 👁👄👁
|-supereffective|p1a: 👁👄👁
|-damage|p1a: 👁👄👁|53/100
|-unboost|p1a: 👁👄👁|atk|1
|move|p1a: 👁👄👁|Dragon Breath|p2a: Quiet
|-resisted|p2a: Quiet
|-damage|p2a: Quiet|38/100
|
|upkeep
|turn|16
|
|t:|1759008786
|switch|p2a: Drya|Tinkaton, F|100/100
|-damage|p2a: Drya|94/100|[from] Stealth Rock
|switch|p1a: 👁🐽👁|Tropius, M, shiny, tera:Ghost|81/100
|-damage|p1a: 👁🐽👁|68/100|[from] Spikes
|
|-heal|p2a: Drya|100/100|[from] item: Leftovers
|upkeep
|turn|17
|
|t:|1759008799
|move|p2a: Drya|Thunder Wave|p1a: 👁🐽👁
|-status|p1a: 👁🐽👁|par
|move|p1a: 👁🐽👁|Leech Seed|p2a: Drya
|-start|p2a: Drya|move: Leech Seed
|
|-damage|p2a: Drya|88/100|[from] Leech Seed|[of] p1a: 👁🐽👁
|-heal|p1a: 👁🐽👁|78/100 par|[silent]
|upkeep
|turn|18
|
|t:|1759008815
|move|p2a: Drya|Gigaton Hammer|p1a: 👁🐽👁
|-damage|p1a: 👁🐽👁|15/100 par
|-enditem|p1a: 👁🐽👁|Sitrus Berry|[eat]
|-heal|p1a: 👁🐽👁|40/100 par|[from] item: Sitrus Berry
|move|p1a: 👁🐽👁|Curse|p2a: Drya
|-start|p2a: Drya|Curse|[of] p1a: 👁🐽👁
|-damage|p1a: 👁🐽👁|0 fnt
|faint|p1a: 👁🐽👁
|
|-heal|p2a: Drya|94/100|[from] item: Leftovers
|-damage|p2a: Drya|70/100|[from] Curse
|upkeep
|-message|oficial matute forfeited.
|
|win|AmphiZestial
|raw|oficial matute's rating: 1192 &rarr; <strong>1164</strong><br />(-28 for losing)
|raw|AmphiZestial's rating: 1148 &rarr; <strong>1176</strong><br />(+28 for winning)
|l|☆oficial matute
|player|p1|
|l|☆AmphiZestial
|player|p2|
