|j|☆Zavanna
|j|☆Lilcj_2k
|t:|1758940998
|gametype|singles
|player|p1|Zavanna|1|1334
|player|p2|Lilcj_2k|veteran|1282
|gen|9
|tier|[Gen 9] OU
|rated|
|rule|HP Percentage Mod: HP is shown in percentages
|rule|Endless Battle Clause: Forcing endless battles is banned
|rule|Species Clause: Limit one of each Pokémon
|rule|OHKO Clause: OHKO moves are banned
|rule|Evasion Items Clause: Evasion items are banned
|rule|Evasion Moves Clause: Evasion moves are banned
|rule|Evasion Abilities Clause: Evasion abilities are banned
|rule|Sleep Moves Clause: Sleep-inducing moves are banned
|clearpoke
|poke|p1|Arcanine-Hisui, M|
|poke|p1|Great Tusk|
|poke|p1|Weezing-Galar, M|
|poke|p1|Sinistcha|
|poke|p1|Samurott-Hisui, M|
|poke|p1|Latios, M|
|poke|p2|Duraludon, F|
|poke|p2|Skarmory, M|
|poke|p2|Tyranitar, F|
|poke|p2|Gholdengo|
|poke|p2|Hatterene, F|
|poke|p2|Rillaboom, M|
|teampreview
|
|t:|1758941016
|teamsize|p1|6
|teamsize|p2|6
|start
|switch|p1a: Sagittarius|Sinistcha, shiny|100/100
|switch|p2a: Duraludon|Duraludon, F, shiny|100/100
|turn|1
|inactive|Battle timer is ON: inactive players will automatically lose when time's up. (requested by Lilcj_2k)
|
|t:|1758941026
|move|p2a: Duraludon|Stealth Rock|p1a: Sagittarius
|-sidestart|p1: Zavanna|move: Stealth Rock
|move|p1a: Sagittarius|Calm Mind|p1a: Sagittarius
|-boost|p1a: Sagittarius|spa|1
|-boost|p1a: Sagittarius|spd|1
|
|upkeep
|turn|2
|
|t:|1758941037
|move|p2a: Duraludon|Foul Play|p1a: Sagittarius
|-supereffective|p1a: Sagittarius
|-crit|p1a: Sagittarius
|-damage|p1a: Sagittarius|80/100
|move|p1a: Sagittarius|Shadow Ball|p2a: Duraludon
|-damage|p2a: Duraludon|42/100
|
|-heal|p1a: Sagittarius|86/100|[from] item: Leftovers
|upkeep
|turn|3
|
|t:|1758941040
|move|p2a: Duraludon|Draco Meteor|p1a: Sagittarius
|-damage|p1a: Sagittarius|45/100
|-unboost|p2a: Duraludon|spa|2
|move|p1a: Sagittarius|Shadow Ball|p2a: Duraludon
|-damage|p2a: Duraludon|0 fnt
|faint|p2a: Duraludon
|
|-heal|p1a: Sagittarius|51/100|[from] item: Leftovers
|upkeep
|
|t:|1758941056
|switch|p2a: Tyranitar|Tyranitar, F, shiny|100/100
|-weather|Sandstorm|[from] ability: Sand Stream|[of] p2a: Tyranitar
|turn|4
|
|t:|1758941065
|-terastallize|p1a: Sagittarius|Poison
|move|p1a: Sagittarius|Matcha Gotcha|p2a: Tyranitar
|-supereffective|p2a: Tyranitar
|-damage|p2a: Tyranitar|66/100
|-heal|p1a: Sagittarius|71/100|[from] drain|[of] p2a: Tyranitar
|move|p2a: Tyranitar|Knock Off|p1a: Sagittarius
|-damage|p1a: Sagittarius|31/100
|-enditem|p1a: Sagittarius|Leftovers|[from] move: Knock Off|[of] p2a: Tyranitar
|
|-weather|Sandstorm|[upkeep]
|-damage|p1a: Sagittarius|25/100|[from] Sandstorm
|upkeep
|turn|5
|
|t:|1758941079
|move|p1a: Sagittarius|Strength Sap|p2a: Tyranitar
|-unboost|p2a: Tyranitar|atk|1
|-heal|p1a: Sagittarius|100/100
|move|p2a: Tyranitar|Dragon Tail|p1a: Sagittarius|[miss]
|-miss|p2a: Tyranitar|p1a: Sagittarius
|
|-weather|Sandstorm|[upkeep]
|-damage|p1a: Sagittarius|94/100|[from] Sandstorm
|upkeep
|turn|6
|-message|Lilcj_2k forfeited.
|
|win|Zavanna
|raw|Zavanna's rating: 1334 &rarr; <strong>1351</strong><br />(+17 for winning)
|raw|Lilcj_2k's rating: 1282 &rarr; <strong>1261</strong><br />(-21 for losing)
|l|☆Lilcj_2k
|player|p2|
|l|☆Zavanna
|player|p1|
