|j|☆Yeeticus P
|j|☆TheToasterMessiah
|t:|1759017318
|gametype|singles
|player|p1|Yeeticus P|hilbert-wonderlauncher|1163
|player|p2|TheToasterMessiah|dawn-masters3|1183
|gen|9
|tier|[Gen 9] OU
|rated|
|rule|HP Percentage Mod: HP is shown in percentages
|rule|Endless Battle Clause: Forcing endless battles is banned
|rule|Species Clause: Limit one of each Pokémon
|rule|OHKO Clause: OHKO moves are banned
|rule|Evasion Items Clause: Evasion items are banned
|rule|Evasion Moves Clause: Evasion moves are banned
|rule|Evasion Abilities Clause: Evasion abilities are banned
|rule|Sleep Moves Clause: Sleep-inducing moves are banned
|clearpoke
|poke|p1|Ninetales-Alola, M|
|poke|p1|Iron Valiant|
|poke|p1|Dragonite, F|
|poke|p1|Great Tusk|
|poke|p1|Ogerpon-Wellspring, F|
|poke|p1|Iron Moth|
|poke|p2|Cinderace, F|
|poke|p2|Serperior, M|
|poke|p2|Milotic, M|
|poke|p2|Araquanid, F|
|poke|p2|Kingambit, M|
|poke|p2|Corviknight, M|
|teampreview
|
|t:|1759017322
|teamsize|p1|6
|teamsize|p2|6
|start
|switch|p1a: Ninetales|Ninetales-Alola, M|100/100
|switch|p2a: Araquanid|Araquanid, F|100/100
|-weather|Snowscape|[from] ability: Snow Warning|[of] p1a: Ninetales
|turn|1
|
|t:|1759017329
|move|p1a: Ninetales|Aurora Veil|p1a: Ninetales
|-sidestart|p1: Yeeticus P|move: Aurora Veil
|move|p2a: Araquanid|Sticky Web|p1a: Ninetales
|-sidestart|p1: Yeeticus P|move: Sticky Web
|
|-weather|Snowscape|[upkeep]
|upkeep
|turn|2
|
|t:|1759017343
|switch|p2a: Cinderace|Cinderace, F|100/100
|move|p1a: Ninetales|Freeze-Dry|p2a: Cinderace
|-resisted|p2a: Cinderace
|-damage|p2a: Cinderace|85/100
|
|-weather|Snowscape|[upkeep]
|upkeep
|turn|3
|
|t:|1759017351
|move|p2a: Cinderace|Court Change|p2a: Cinderace
|-start|p2a: Cinderace|typechange|Normal|[from] ability: Libero
|-swapsideconditions
|-activate|p2a: Cinderace|move: Court Change
|move|p1a: Ninetales|Encore|p2a: Cinderace
|-start|p2a: Cinderace|Encore
|
|-weather|Snowscape|[upkeep]
|upkeep
|turn|4
|
|t:|1759017366
|switch|p2a: Corviknight|Corviknight, M|100/100
|switch|p1a: Dragonite|Dragonite, F|100/100
|
|-weather|Snowscape|[upkeep]
|upkeep
|turn|5
|
|t:|1759017381
|move|p1a: Dragonite|Dragon Dance|p1a: Dragonite
|-boost|p1a: Dragonite|atk|1
|-boost|p1a: Dragonite|spe|1
|move|p2a: Corviknight|U-turn|p1a: Dragonite
|-resisted|p1a: Dragonite
|-damage|p1a: Dragonite|96/100
|
|t:|1759017387
|switch|p2a: Milotic|Milotic, M|100/100|[from] U-turn
|-activate|p2a: Milotic|move: Sticky Web
|-unboost|p2a: Milotic|spe|1
|-ability|p2a: Milotic|Competitive|boost
|-boost|p2a: Milotic|spa|2
|
|-weather|none
|upkeep
|turn|6
|
|t:|1759017396
|move|p1a: Dragonite|Dragon Dance|p1a: Dragonite
|-boost|p1a: Dragonite|atk|1
|-boost|p1a: Dragonite|spe|1
|move|p2a: Milotic|Substitute|p2a: Milotic
|-start|p2a: Milotic|Substitute
|-damage|p2a: Milotic|76/100
|
|upkeep
|turn|7
|
|t:|1759017403
|-terastallize|p2a: Milotic|Fairy
|move|p1a: Dragonite|Scale Shot|p2a: Milotic
|-immune|p2a: Milotic
|move|p2a: Milotic|Draining Kiss|p1a: Dragonite
|-supereffective|p1a: Dragonite
|-crit|p1a: Dragonite
|-damage|p1a: Dragonite|0 fnt
|-heal|p2a: Milotic|100/100|[from] drain|[of] p1a: Dragonite
|faint|p1a: Dragonite
|-damage|p2a: Milotic|91/100|[from] item: Life Orb
|
|upkeep
|-message|Yeeticus P forfeited.
|
|win|TheToasterMessiah
|raw|Yeeticus P's rating: 1163 &rarr; <strong>1139</strong><br />(-24 for losing)
|raw|TheToasterMessiah's rating: 1183 &rarr; <strong>1207</strong><br />(+24 for winning)
|l|☆Yeeticus P
|player|p1|
