|j|☆acespec23
|j|☆rip_natu
|t:|1758965837
|gametype|singles
|player|p1|acespec23|2|1074
|player|p2|rip_natu|linebacker|1103
|gen|9
|tier|[Gen 9] OU
|rated|
|rule|HP Percentage Mod: HP is shown in percentages
|rule|Endless Battle Clause: Forcing endless battles is banned
|rule|Species Clause: Limit one of each Pokémon
|rule|OHKO Clause: OHKO moves are banned
|rule|Evasion Items Clause: Evasion items are banned
|rule|Evasion Moves Clause: Evasion moves are banned
|rule|Evasion Abilities Clause: Evasion abilities are banned
|rule|Sleep Moves Clause: Sleep-inducing moves are banned
|clearpoke
|poke|p1|Torkoal, F|
|poke|p1|Hatterene, F|
|poke|p1|Raging Bolt|
|poke|p1|Slither Wing|
|poke|p1|Venusaur, M|
|poke|p1|Walking Wake|
|poke|p2|Iron Valiant|
|poke|p2|Darkrai|
|poke|p2|Iron Treads|
|poke|p2|Dondozo, F|
|poke|p2|Zapdos|
|poke|p2|Slowking-Galar, M|
|teampreview
|
|t:|1758965851
|teamsize|p1|6
|teamsize|p2|6
|start
|switch|p1a: Torkoal|Torkoal, F|100/100
|switch|p2a: Zapdos|Zapdos|100/100
|-weather|SunnyDay|[from] ability: Drought|[of] p1a: Torkoal
|turn|1
|
|t:|1758965861
|move|p2a: Zapdos|Hurricane|p1a: Torkoal|[miss]
|-miss|p2a: Zapdos|p1a: Torkoal
|move|p1a: Torkoal|Stealth Rock|p2a: Zapdos
|-sidestart|p2: rip_natu|move: Stealth Rock
|
|-weather|SunnyDay|[upkeep]
|upkeep
|turn|2
|
|t:|1758965882
|move|p2a: Zapdos|Hurricane|p1a: Torkoal
|-damage|p1a: Torkoal|28/100
|-start|p1a: Torkoal|confusion
|-activate|p1a: Torkoal|confusion
|-damage|p1a: Torkoal|22/100|[from] confusion
|
|-weather|SunnyDay|[upkeep]
|upkeep
|turn|3
|
|t:|1758965900
|switch|p1a: Hatterene|Hatterene, F|100/100
|-item|p1a: Hatterene|Air Balloon
|move|p2a: Zapdos|Thunderbolt|p1a: Hatterene
|-damage|p1a: Hatterene|51/100
|-enditem|p1a: Hatterene|Air Balloon
|
|-weather|SunnyDay|[upkeep]
|upkeep
|turn|4
|
|t:|1758965914
|move|p2a: Zapdos|Volt Switch|p1a: Hatterene
|-damage|p1a: Hatterene|14/100
|
|t:|1758965921
|switch|p2a: Iron Treads|Iron Treads|100/100|[from] Volt Switch
|-damage|p2a: Iron Treads|97/100|[from] Stealth Rock
|move|p1a: Hatterene|Dazzling Gleam|p2a: Iron Treads
|-resisted|p2a: Iron Treads
|-damage|p2a: Iron Treads|74/100
|
|-weather|SunnyDay|[upkeep]
|-heal|p2a: Iron Treads|80/100|[from] item: Leftovers
|upkeep
|turn|5
|
|t:|1758965930
|move|p2a: Iron Treads|Earthquake|p1a: Hatterene
|-damage|p1a: Hatterene|0 fnt
|faint|p1a: Hatterene
|
|-weather|SunnyDay|[upkeep]
|-heal|p2a: Iron Treads|86/100|[from] item: Leftovers
|upkeep
|
|t:|1758965942
|switch|p1a: Raging Bolt|Raging Bolt|100/100
|-activate|p1a: Raging Bolt|ability: Protosynthesis
|-start|p1a: Raging Bolt|protosynthesisspa
|turn|6
|
|t:|1758965949
|move|p2a: Iron Treads|Earthquake|p1a: Raging Bolt
|-supereffective|p1a: Raging Bolt
|-damage|p1a: Raging Bolt|19/100
|move|p1a: Raging Bolt|Solar Beam||[still]
|-prepare|p1a: Raging Bolt|Solar Beam
|-anim|p1a: Raging Bolt|Solar Beam|p2a: Iron Treads
|-damage|p2a: Iron Treads|0 fnt
|faint|p2a: Iron Treads
|-end|p2a: Iron Treads|Quark Drive|[silent]
|-damage|p1a: Raging Bolt|9/100|[from] item: Life Orb
|
|-weather|SunnyDay|[upkeep]
|upkeep
|
|t:|1758965957
|switch|p2a: kross tia|Iron Valiant, shiny|100/100
|-damage|p2a: kross tia|94/100|[from] Stealth Rock
|-enditem|p2a: kross tia|Booster Energy
|-activate|p2a: kross tia|ability: Quark Drive|[fromitem]
|-start|p2a: kross tia|quarkdrivespe
|turn|7
|inactive|Battle timer is ON: inactive players will automatically lose when time's up. (requested by rip_natu)
|inactive|acespec23 has 120 seconds left.
|inactive|acespec23 has 90 seconds left.
|inactive|acespec23 has 60 seconds left.
|
|t:|1758966100
|move|p1a: Raging Bolt|Thunderclap|p2a: kross tia
|-damage|p2a: kross tia|0 fnt
|faint|p2a: kross tia
|-end|p2a: kross tia|Quark Drive|[silent]
|-damage|p1a: Raging Bolt|0 fnt|[from] item: Life Orb
|faint|p1a: Raging Bolt
|-end|p1a: Raging Bolt|Protosynthesis|[silent]
|
|-weather|SunnyDay|[upkeep]
|upkeep
|inactive|acespec23 has 90 seconds left.
|inactive|rip_natu has 120 seconds left.
|inactive|rip_natu has 90 seconds left.
|c|☆acespec23|sorry had to wash dishes
|c|☆acespec23|mb here
|inactive|rip_natu has 60 seconds left.
|
|t:|1758966192
|switch|p2a: Zapdos|Zapdos|100/100
|switch|p1a: Walking Wake|Walking Wake|100/100
|-activate|p1a: Walking Wake|ability: Protosynthesis
|-start|p1a: Walking Wake|protosynthesisspe
|turn|8
|inactive|acespec23 has 90 seconds left.
|c|☆rip_natu|Sorry bro
|
|t:|1758966214
|-terastallize|p1a: Walking Wake|Fairy
|move|p1a: Walking Wake|Draco Meteor|p2a: Zapdos
|-damage|p2a: Zapdos|27/100
|-unboost|p1a: Walking Wake|spa|2
|move|p2a: Zapdos|Thunderbolt|p1a: Walking Wake
|-damage|p1a: Walking Wake|46/100
|
|-weather|none
|-end|p1a: Walking Wake|Protosynthesis
|upkeep
|turn|9
|c|☆rip_natu|It's 6 am in Brazil
|c|☆acespec23|oh shit you're in brazil?
|
|t:|1758966235
|switch|p2a: Slowking|Slowking-Galar, M|100/100
|move|p1a: Walking Wake|Draco Meteor|p2a: Slowking
|-damage|p2a: Slowking|80/100
|-unboost|p1a: Walking Wake|spa|2
|
|upkeep
|turn|10
|c|☆acespec23|how long have you been playing pokemon for
|
|t:|1758966244
|-end|p1a: Walking Wake|Protosynthesis|[silent]
|switch|p1a: Torkoal|Torkoal, F|22/100
|-weather|SunnyDay|[from] ability: Drought|[of] p1a: Torkoal
|move|p2a: Slowking|Sludge Bomb|p1a: Torkoal
|-damage|p1a: Torkoal|0 fnt
|faint|p1a: Torkoal
|
|-weather|SunnyDay|[upkeep]
|upkeep
|c|☆rip_natu|Yes, I'm from Brazil
|
|t:|1758966266
|switch|p1a: Slither Wing|Slither Wing|100/100
|-activate|p1a: Slither Wing|ability: Protosynthesis
|-start|p1a: Slither Wing|protosynthesisatk
|turn|11
|
|t:|1758966273
|move|p1a: Slither Wing|First Impression|p2a: Slowking
|-damage|p2a: Slowking|16/100
|-prepare|p2a: Slowking|Chilly Reception|[premajor]
|move|p2a: Slowking|Chilly Reception|p2a: Slowking
|-weather|Snowscape
|-end|p1a: Slither Wing|Protosynthesis
|
|t:|1758966280
|switch|p2a: Dondozo|Dondozo, F|100/100|[from] Chilly Reception
|-damage|p2a: Dondozo|88/100|[from] Stealth Rock
|
|-weather|Snowscape|[upkeep]
|-heal|p2a: Dondozo|94/100|[from] item: Leftovers
|upkeep
|turn|12
|
|t:|1758966290
|move|p1a: Slither Wing|U-turn|p2a: Dondozo
|-damage|p2a: Dondozo|75/100
|
|t:|1758966293
|-end|p1a: Slither Wing|Protosynthesis|[silent]
|switch|p1a: Venusaur|Venusaur, M|100/100|[from] U-turn
|move|p2a: Dondozo|Curse|p2a: Dondozo
|-unboost|p2a: Dondozo|spe|1
|-boost|p2a: Dondozo|atk|1
|-boost|p2a: Dondozo|def|1
|
|-weather|Snowscape|[upkeep]
|-heal|p2a: Dondozo|82/100|[from] item: Leftovers
|upkeep
|turn|13
|inactive|acespec23 has 90 seconds left.
|c|☆rip_natu|I've been playing for 2 months
|inactive|rip_natu has 120 seconds left.
|
|t:|1758966326
|move|p1a: Venusaur|Giga Drain|p2a: Dondozo
|-supereffective|p2a: Dondozo
|-damage|p2a: Dondozo|0 fnt
|faint|p2a: Dondozo
|-damage|p1a: Venusaur|91/100|[from] item: Life Orb
|
|-weather|Snowscape|[upkeep]
|upkeep
|
|t:|1758966329
|switch|p2a: Darkrai|Darkrai|100/100
|-damage|p2a: Darkrai|88/100|[from] Stealth Rock
|turn|14
|c|☆acespec23|cool cool
|c|☆acespec23|did you build this team?
|inactive|acespec23 has 90 seconds left.
|
|t:|1758966351
|move|p2a: Darkrai|Dark Pulse|p1a: Venusaur
|-crit|p1a: Venusaur
|-damage|p1a: Venusaur|3/100
|move|p1a: Venusaur|Growth|p1a: Venusaur
|-boost|p1a: Venusaur|atk|1
|-boost|p1a: Venusaur|spa|1
|
|-weather|Snowscape|[upkeep]
|upkeep
|turn|15
|c|☆rip_natu|Yes
|
|t:|1758966368
|move|p2a: Darkrai|Dark Pulse|p1a: Venusaur
|-damage|p1a: Venusaur|0 fnt
|faint|p1a: Venusaur
|
|-weather|none
|upkeep
|
|t:|1758966374
|switch|p1a: Slither Wing|Slither Wing|100/100
|turn|16
|
|t:|1758966383
|switch|p2a: Slowking|Slowking-Galar, M|49/100
|move|p1a: Slither Wing|First Impression|p2a: Slowking
|-damage|p2a: Slowking|0 fnt
|faint|p2a: Slowking
|
|upkeep
|
|t:|1758966385
|switch|p2a: Zapdos|Zapdos|27/100
|turn|17
|inactive|acespec23 has 90 seconds left.
|
|t:|1758966401
|move|p2a: Zapdos|Thunderbolt|p1a: Slither Wing
|-damage|p1a: Slither Wing|69/100
|move|p1a: Slither Wing|U-turn|p2a: Zapdos
|-resisted|p2a: Zapdos
|-damage|p2a: Zapdos|6/100
|
|t:|1758966406
|-end|p1a: Slither Wing|Protosynthesis|[silent]
|switch|p1a: Walking Wake|Walking Wake, tera:Fairy|46/100|[from] U-turn
|
|upkeep
|turn|18
|inactive|rip_natu has 120 seconds left.
|c|☆rip_natu|I'm trying to get to 1500 but it's difficult, tier OU is horrible
|
|t:|1758966448
|move|p1a: Walking Wake|Flip Turn|p2a: Zapdos
|-damage|p2a: Zapdos|0 fnt
|-status|p1a: Walking Wake|par|[from] ability: Static|[of] p2a: Zapdos
|faint|p2a: Zapdos
|
|t:|1758966455
|-end|p1a: Walking Wake|Protosynthesis|[silent]
|switch|p1a: Slither Wing|Slither Wing|69/100|[from] Flip Turn
|
|upkeep
|
|t:|1758966458
|switch|p2a: Darkrai|Darkrai|88/100
|-damage|p2a: Darkrai|76/100|[from] Stealth Rock
|turn|19
|inactive|acespec23 has 90 seconds left.
|
|t:|1758966463
|-terastallize|p2a: Darkrai|Poison
|move|p1a: Slither Wing|First Impression|p2a: Darkrai
|-resisted|p2a: Darkrai
|-damage|p2a: Darkrai|44/100
|move|p2a: Darkrai|Sludge Bomb|p1a: Slither Wing
|-damage|p1a: Slither Wing|35/100
|
|upkeep
|turn|20
|
|t:|1758966473
|move|p2a: Darkrai|Sludge Bomb|p1a: Slither Wing
|-damage|p1a: Slither Wing|5/100
|move|p1a: Slither Wing|Temper Flare|p2a: Darkrai
|-damage|p2a: Darkrai|7/100
|
|upkeep
|turn|21
|
|t:|1758966483
|-end|p1a: Slither Wing|Protosynthesis|[silent]
|switch|p1a: Walking Wake|Walking Wake, tera:Fairy|46/100 par
|move|p2a: Darkrai|Sludge Bomb|p1a: Walking Wake
|-supereffective|p1a: Walking Wake
|-damage|p1a: Walking Wake|0 fnt
|faint|p1a: Walking Wake
|-end|p1a: Walking Wake|Protosynthesis|[silent]
|
|upkeep
|
|t:|1758966489
|switch|p1a: Slither Wing|Slither Wing|5/100
|turn|22
|
|t:|1758966492
|move|p1a: Slither Wing|First Impression|p2a: Darkrai
|-resisted|p2a: Darkrai
|-damage|p2a: Darkrai|0 fnt
|faint|p2a: Darkrai
|
|win|acespec23
|raw|acespec23's rating: 1074 &rarr; <strong>1105</strong><br />(+31 for winning)
|raw|rip_natu's rating: 1103 &rarr; <strong>1076</strong><br />(-27 for losing)
|c|☆rip_natu|NOOOOK
|c|☆acespec23|GG haha
|c|☆acespec23|that was sooo close
