|j|☆ig _yang_20_11
|j|☆Pol3mik
|t:|1758967792
|gametype|singles
|player|p1|ig _yang_20_11|depotagent|1307
|player|p2|Pol3mik|101|1294
|gen|9
|tier|[Gen 9] OU
|rated|
|rule|HP Percentage Mod: HP is shown in percentages
|rule|Endless Battle Clause: Forcing endless battles is banned
|rule|Species Clause: Limit one of each Pokémon
|rule|OHKO Clause: OHKO moves are banned
|rule|Evasion Items Clause: Evasion items are banned
|rule|Evasion Moves Clause: Evasion moves are banned
|rule|Evasion Abilities Clause: Evasion abilities are banned
|rule|Sleep Moves Clause: Sleep-inducing moves are banned
|clearpoke
|poke|p1|Moltres|
|poke|p1|Darkrai|
|poke|p1|Zamazenta-*|
|poke|p1|Hydrapple, M|
|poke|p1|Tinkaton, F|
|poke|p1|Ting-Lu|
|poke|p2|Grimmsnarl, M|
|poke|p2|Arcanine, M|
|poke|p2|Thundurus-Therian, M|
|poke|p2|Pelipper, M|
|poke|p2|Kingdra, F|
|poke|p2|Barraskewda, F|
|teampreview
|inactive|Battle timer is ON: inactive players will automatically lose when time's up. (requested by ig _yang_20_11)
|
|t:|1758967799
|teamsize|p1|6
|teamsize|p2|6
|start
|switch|p1a: Tinkaton|Tinkaton, F|100/100
|switch|p2a: Grimmsnarl|Grimmsnarl, M|100/100
|-ability|p1a: Tinkaton|Mold Breaker
|-item|p1a: Tinkaton|Air Balloon
|turn|1
|
|t:|1758967806
|move|p2a: Grimmsnarl|Parting Shot|p1a: Tinkaton
|-unboost|p1a: Tinkaton|atk|1
|-unboost|p1a: Tinkaton|spa|1
|
|t:|1758967810
|switch|p2a: Arcanine|Arcanine, M|100/100|[from] Parting Shot
|-ability|p2a: Arcanine|Intimidate|boost
|-unboost|p1a: Tinkaton|atk|1
|move|p1a: Tinkaton|Encore||[still]
|-fail|p1a: Tinkaton
|
|upkeep
|turn|2
|
|t:|1758967816
|switch|p1a: Moltres|Moltres, shiny|100/100
|move|p2a: Arcanine|Will-O-Wisp|p1a: Moltres
|-immune|p1a: Moltres
|
|upkeep
|turn|3
|
|t:|1758967828
|switch|p2a: Thundurus|Thundurus-Therian, M|100/100
|move|p1a: Moltres|U-turn|p2a: Thundurus
|-resisted|p2a: Thundurus
|-damage|p2a: Thundurus|88/100
|
|t:|1758967835
|switch|p1a: Ting-Lu|Ting-Lu|100/100|[from] U-turn
|-ability|p1a: Ting-Lu|Vessel of Ruin
|
|upkeep
|turn|4
|
|t:|1758967843
|-terastallize|p2a: Thundurus|Fairy
|move|p2a: Thundurus|Tera Blast|p1a: Ting-Lu|[anim] Tera Blast Fairy
|-supereffective|p1a: Ting-Lu
|-damage|p1a: Ting-Lu|59/100
|move|p1a: Ting-Lu|Spikes|p2a: Thundurus
|-sidestart|p2: Pol3mik|Spikes
|
|-heal|p1a: Ting-Lu|65/100|[from] item: Leftovers
|upkeep
|turn|5
|
|t:|1758967852
|switch|p1a: Moltres|Moltres, shiny|100/100
|move|p2a: Thundurus|Tera Blast|p1a: Moltres|[anim] Tera Blast Fairy
|-resisted|p1a: Moltres
|-damage|p1a: Moltres|78/100
|
|upkeep
|turn|6
|
|t:|1758967859
|switch|p2a: Pelipper|Pelipper, M|100/100
|-weather|RainDance|[from] ability: Drizzle|[of] p2a: Pelipper
|move|p1a: Moltres|U-turn|p2a: Pelipper
|-resisted|p2a: Pelipper
|-damage|p2a: Pelipper|95/100
|
|t:|1758967870
|switch|p1a: Zamazenta|Zamazenta|100/100|[from] U-turn
|-ability|p1a: Zamazenta|Dauntless Shield|boost
|-boost|p1a: Zamazenta|def|1
|
|-weather|RainDance|[upkeep]
|upkeep
|turn|7
|
|t:|1758967878
|move|p1a: Zamazenta|Stone Edge|p2a: Pelipper|[miss]
|-miss|p1a: Zamazenta|p2a: Pelipper
|move|p2a: Pelipper|Knock Off|p1a: Zamazenta
|-resisted|p1a: Zamazenta
|-damage|p1a: Zamazenta|96/100
|-enditem|p1a: Zamazenta|Heavy-Duty Boots|[from] move: Knock Off|[of] p2a: Pelipper
|
|-weather|RainDance|[upkeep]
|upkeep
|turn|8
|
|t:|1758967895
|switch|p2a: Kingdra|Kingdra, F|100/100
|-damage|p2a: Kingdra|88/100|[from] Spikes
|move|p1a: Zamazenta|Stone Edge|p2a: Kingdra
|-crit|p2a: Kingdra
|-damage|p2a: Kingdra|30/100
|
|-weather|RainDance|[upkeep]
|upkeep
|turn|9
|
|t:|1758967905
|switch|p2a: Barraskewda|Barraskewda, F|100/100
|-damage|p2a: Barraskewda|88/100|[from] Spikes
|move|p1a: Zamazenta|Ice Fang|p2a: Barraskewda
|-resisted|p2a: Barraskewda
|-damage|p2a: Barraskewda|66/100
|
|-weather|RainDance|[upkeep]
|upkeep
|turn|10
|
|t:|1758967915
|move|p2a: Barraskewda|Liquidation|p1a: Zamazenta
|-damage|p1a: Zamazenta|35/100
|move|p1a: Zamazenta|Close Combat|p2a: Barraskewda
|-damage|p2a: Barraskewda|0 fnt
|-unboost|p1a: Zamazenta|def|1
|-unboost|p1a: Zamazenta|spd|1
|faint|p2a: Barraskewda
|
|-weather|RainDance|[upkeep]
|upkeep
|
|t:|1758967925
|switch|p2a: Thundurus|Thundurus-Therian, M, tera:Fairy|88/100
|-damage|p2a: Thundurus|76/100|[from] Spikes
|turn|11
|
|t:|1758967936
|switch|p1a: Ting-Lu|Ting-Lu|65/100
|-ability|p1a: Ting-Lu|Vessel of Ruin
|move|p2a: Thundurus|Tera Blast|p1a: Ting-Lu|[anim] Tera Blast Fairy
|-supereffective|p1a: Ting-Lu
|-damage|p1a: Ting-Lu|30/100
|
|-weather|RainDance|[upkeep]
|-heal|p1a: Ting-Lu|36/100|[from] item: Leftovers
|upkeep
|turn|12
|
|t:|1758967947
|move|p2a: Thundurus|Tera Blast|p1a: Ting-Lu|[anim] Tera Blast Fairy
|-supereffective|p1a: Ting-Lu
|-damage|p1a: Ting-Lu|0 fnt
|faint|p1a: Ting-Lu
|
|-weather|RainDance|[upkeep]
|upkeep
|
|t:|1758967952
|switch|p1a: Darkrai|Darkrai, shiny|100/100
|turn|13
|
|t:|1758967955
|move|p2a: Thundurus|Tera Blast|p1a: Darkrai|[anim] Tera Blast Fairy
|-supereffective|p1a: Darkrai
|-damage|p1a: Darkrai|0 fnt
|faint|p1a: Darkrai
|
|-weather|none
|upkeep
|
|t:|1758967963
|switch|p1a: Hydrapple|Hydrapple, M|100/100
|turn|14
|
|t:|1758967972
|-terastallize|p1a: Hydrapple|Poison
|move|p2a: Thundurus|Tera Blast|p1a: Hydrapple|[anim] Tera Blast Fairy
|-resisted|p1a: Hydrapple
|-damage|p1a: Hydrapple|78/100
|move|p1a: Hydrapple|Nasty Plot|p1a: Hydrapple
|-boost|p1a: Hydrapple|spa|2
|
|upkeep
|turn|15
|
|t:|1758967984
|switch|p2a: Grimmsnarl|Grimmsnarl, M|100/100
|-damage|p2a: Grimmsnarl|88/100|[from] Spikes
|move|p1a: Hydrapple|Giga Drain|p2a: Grimmsnarl
|-damage|p2a: Grimmsnarl|35/100
|-heal|p1a: Hydrapple|100/100|[from] drain|[of] p2a: Grimmsnarl
|
|upkeep
|turn|16
|
|t:|1758967993
|move|p2a: Grimmsnarl|Parting Shot|p1a: Hydrapple
|-unboost|p1a: Hydrapple|atk|1
|-unboost|p1a: Hydrapple|spa|1
|
|t:|1758967997
|switch|p2a: Pelipper|Pelipper, M|95/100|[from] Parting Shot
|-weather|RainDance|[from] ability: Drizzle|[of] p2a: Pelipper
|move|p1a: Hydrapple|Earth Power|p2a: Pelipper
|-immune|p2a: Pelipper
|
|-weather|RainDance|[upkeep]
|upkeep
|turn|17
|
|t:|1758968009
|move|p2a: Pelipper|Knock Off|p1a: Hydrapple
|-damage|p1a: Hydrapple|93/100
|-enditem|p1a: Hydrapple|Heavy-Duty Boots|[from] move: Knock Off|[of] p2a: Pelipper
|move|p1a: Hydrapple|Giga Drain|p2a: Pelipper
|-damage|p2a: Pelipper|26/100
|-heal|p1a: Hydrapple|100/100|[from] drain|[of] p2a: Pelipper
|
|-weather|RainDance|[upkeep]
|upkeep
|turn|18
|
|t:|1758968017
|move|p2a: Pelipper|U-turn|p1a: Hydrapple
|-resisted|p1a: Hydrapple
|-damage|p1a: Hydrapple|98/100
|
|t:|1758968021
|switch|p2a: Arcanine|Arcanine, M|100/100|[from] U-turn
|-ability|p2a: Arcanine|Intimidate|boost
|-unboost|p1a: Hydrapple|atk|1
|move|p1a: Hydrapple|Giga Drain|p2a: Arcanine
|-resisted|p2a: Arcanine
|-damage|p2a: Arcanine|72/100
|-heal|p1a: Hydrapple|100/100|[from] drain|[of] p2a: Arcanine
|
|-weather|RainDance|[upkeep]
|upkeep
|turn|19
|
|t:|1758968030
|move|p2a: Arcanine|Will-O-Wisp|p1a: Hydrapple
|-status|p1a: Hydrapple|brn
|move|p1a: Hydrapple|Fickle Beam|p2a: Arcanine
|-damage|p2a: Arcanine|14/100
|
|-weather|RainDance|[upkeep]
|-damage|p1a: Hydrapple|94/100 brn|[from] brn
|upkeep
|turn|20
|
|t:|1758968044
|move|p2a: Arcanine|Morning Sun|p2a: Arcanine
|-heal|p2a: Arcanine|39/100
|move|p1a: Hydrapple|Giga Drain|p2a: Arcanine
|-resisted|p2a: Arcanine
|-damage|p2a: Arcanine|12/100
|-heal|p1a: Hydrapple|100/100 brn|[from] drain|[of] p2a: Arcanine
|
|-weather|RainDance|[upkeep]
|-damage|p1a: Hydrapple|94/100 brn|[from] brn
|upkeep
|turn|21
|
|t:|1758968053
|move|p2a: Arcanine|Morning Sun|p2a: Arcanine
|-heal|p2a: Arcanine|37/100
|move|p1a: Hydrapple|Giga Drain|p2a: Arcanine
|-resisted|p2a: Arcanine
|-damage|p2a: Arcanine|10/100
|-heal|p1a: Hydrapple|100/100 brn|[from] drain|[of] p2a: Arcanine
|
|-weather|RainDance|[upkeep]
|-damage|p1a: Hydrapple|94/100 brn|[from] brn
|upkeep
|turn|22
|
|t:|1758968062
|move|p2a: Arcanine|Morning Sun|p2a: Arcanine
|-heal|p2a: Arcanine|35/100
|move|p1a: Hydrapple|Fickle Beam|p2a: Arcanine
|-damage|p2a: Arcanine|0 fnt
|faint|p2a: Arcanine
|
|-weather|RainDance|[upkeep]
|-damage|p1a: Hydrapple|88/100 brn|[from] brn
|upkeep
|
|t:|1758968070
|switch|p2a: Thundurus|Thundurus-Therian, M, tera:Fairy|76/100
|-damage|p2a: Thundurus|64/100|[from] Spikes
|turn|23
|
|t:|1758968080
|move|p2a: Thundurus|Weather Ball|p1a: Hydrapple
|-damage|p1a: Hydrapple|32/100 brn
|move|p1a: Hydrapple|Giga Drain|p2a: Thundurus
|-damage|p2a: Thundurus|0 fnt
|-heal|p1a: Hydrapple|55/100 brn|[from] drain|[of] p2a: Thundurus
|faint|p2a: Thundurus
|
|-weather|none
|-damage|p1a: Hydrapple|49/100 brn|[from] brn
|upkeep
|
|t:|1758968092
|switch|p2a: Grimmsnarl|Grimmsnarl, M|35/100
|-damage|p2a: Grimmsnarl|23/100|[from] Spikes
|turn|24
|
|t:|1758968103
|move|p2a: Grimmsnarl|Parting Shot|p1a: Hydrapple
|-unboost|p1a: Hydrapple|atk|1
|-unboost|p1a: Hydrapple|spa|1
|
|t:|1758968106
|switch|p2a: Pelipper|Pelipper, M|26/100|[from] Parting Shot
|-weather|RainDance|[from] ability: Drizzle|[of] p2a: Pelipper
|move|p1a: Hydrapple|Giga Drain|p2a: Pelipper
|-damage|p2a: Pelipper|0 fnt
|-heal|p1a: Hydrapple|59/100 brn|[from] drain|[of] p2a: Pelipper
|faint|p2a: Pelipper
|
|-weather|RainDance|[upkeep]
|-damage|p1a: Hydrapple|53/100 brn|[from] brn
|upkeep
|-message|Pol3mik forfeited.
|
|win|ig _yang_20_11
|raw|ig _yang_20_11's rating: 1307 &rarr; <strong>1326</strong><br />(+19 for winning)
|raw|Pol3mik's rating: 1294 &rarr; <strong>1270</strong><br />(-24 for losing)
|l|☆Pol3mik
|player|p2|
|l|☆ig _yang_20_11
|player|p1|
