|j|☆TataylorSuit
|j|☆roxty
|t:|1758979032
|gametype|singles
|player|p1|TataylorSuit|battlegirl-gen4|1463
|player|p2|roxty|101|1530
|gen|9
|tier|[Gen 9] OU
|rated|
|rule|HP Percentage Mod: HP is shown in percentages
|rule|Endless Battle Clause: Forcing endless battles is banned
|rule|Species Clause: Limit one of each Pokémon
|rule|OHKO Clause: OHKO moves are banned
|rule|Evasion Items Clause: Evasion items are banned
|rule|Evasion Moves Clause: Evasion moves are banned
|rule|Evasion Abilities Clause: Evasion abilities are banned
|rule|Sleep Moves Clause: Sleep-inducing moves are banned
|clearpoke
|poke|p1|Polteageist-Antique|
|poke|p1|Minior-Indigo|
|poke|p1|Blastoise, F|
|poke|p1|Cinderace, M|
|poke|p1|Torterra, M|
|poke|p1|Indeedee, M|
|poke|p2|Gliscor, F|
|poke|p2|Blissey, F|
|poke|p2|Clefable, F|
|poke|p2|Toxapex, F|
|poke|p2|Dondozo, F|
|poke|p2|Corviknight, M|
|teampreview
|inactive|Battle timer is ON: inactive players will automatically lose when time's up. (requested by roxty)
|inactive|roxty has 120 seconds left.
|inactive|roxty has 90 seconds left.
|
|t:|1758979092
|teamsize|p1|6
|teamsize|p2|6
|start
|switch|p1a: Indeedee|Indeedee, M|100/100
|switch|p2a: Toxapex|Toxapex, F, shiny|100/100
|-fieldstart|move: Psychic Terrain|[from] ability: Psychic Surge|[of] p1a: Indeedee
|turn|1
|
|t:|1758979099
|-terastallize|p2a: Toxapex|Steel
|move|p1a: Indeedee|Trick|p2a: Toxapex
|-activate|p1a: Indeedee|move: Trick|[of] p2a: Toxapex
|-item|p2a: Toxapex|Choice Scarf|[from] move: Trick
|-item|p1a: Indeedee|Heavy-Duty Boots|[from] move: Trick
|move|p2a: Toxapex|Toxic|p1a: Indeedee
|-status|p1a: Indeedee|tox
|
|-damage|p1a: Indeedee|94/100 tox|[from] psn
|upkeep
|turn|2
|
|t:|1758979111
|switch|p1a: Minior|Minior-Indigo|100/100
|-formechange|p1a: Minior|Minior-Meteor||[from] ability: Shields Down
|move|p2a: Toxapex|Toxic|p1a: Minior
|-immune|p1a: Minior|[from] ability: Shields Down
|
|upkeep
|turn|3
|inactive|roxty has 120 seconds left.
|
|t:|1758979153
|move|p1a: Minior|Shell Smash|p1a: Minior
|-unboost|p1a: Minior|def|1
|-unboost|p1a: Minior|spd|1
|-boost|p1a: Minior|atk|2
|-boost|p1a: Minior|spa|2
|-boost|p1a: Minior|spe|2
|move|p2a: Toxapex|Toxic|p1a: Minior
|-immune|p1a: Minior|[from] ability: Shields Down
|
|upkeep
|turn|4
|
|t:|1758979175
|switch|p2a: Dondozo|Dondozo, F, shiny|100/100
|move|p1a: Minior|Earth Power|p2a: Dondozo
|-damage|p2a: Dondozo|82/100
|
|upkeep
|turn|5
|inactive|roxty has 120 seconds left.
|
|t:|1758979214
|switch|p1a: Cinderace|Cinderace, M|100/100
|move|p2a: Dondozo|Body Press|p1a: Cinderace
|-damage|p1a: Cinderace|61/100
|
|-fieldend|move: Psychic Terrain
|upkeep
|turn|6
|
|t:|1758979228
|switch|p2a: Clefable|Clefable, F|100/100
|move|p1a: Cinderace|Taunt|p2a: Clefable
|-start|p1a: Cinderace|typechange|Dark|[from] ability: Libero
|-start|p2a: Clefable|move: Taunt
|
|upkeep
|turn|7
|
|t:|1758979236
|move|p1a: Cinderace|Pyro Ball|p2a: Clefable
|-damage|p2a: Clefable|69/100
|move|p2a: Clefable|Knock Off|p1a: Cinderace
|-resisted|p1a: Cinderace
|-damage|p1a: Cinderace|53/100
|-enditem|p1a: Cinderace|Heavy-Duty Boots|[from] move: Knock Off|[of] p2a: Clefable
|
|upkeep
|turn|8
|
|t:|1758979240
|move|p1a: Cinderace|Pyro Ball|p2a: Clefable
|-damage|p2a: Clefable|37/100
|move|p2a: Clefable|Moonblast|p1a: Cinderace
|-supereffective|p1a: Cinderace
|-damage|p1a: Cinderace|0 fnt
|faint|p1a: Cinderace
|
|-end|p2a: Clefable|move: Taunt
|upkeep
|
|t:|1758979247
|switch|p1a: Indeedee|Indeedee, M|94/100 tox
|-fieldstart|move: Psychic Terrain|[from] ability: Psychic Surge|[of] p1a: Indeedee
|turn|9
|
|t:|1758979253
|switch|p1a: Blastoise|Blastoise, F|100/100
|move|p2a: Clefable|Stealth Rock|p1a: Blastoise
|-sidestart|p1: TataylorSuit|move: Stealth Rock
|
|upkeep
|turn|10
|
|t:|1758979257
|move|p1a: Blastoise|Shell Smash|p1a: Blastoise
|-unboost|p1a: Blastoise|def|1
|-unboost|p1a: Blastoise|spd|1
|-boost|p1a: Blastoise|atk|2
|-boost|p1a: Blastoise|spa|2
|-boost|p1a: Blastoise|spe|2
|move|p2a: Clefable|Knock Off|p1a: Blastoise
|-damage|p1a: Blastoise|80/100
|-enditem|p1a: Blastoise|Focus Sash|[from] move: Knock Off|[of] p2a: Clefable
|
|upkeep
|turn|11
|
|t:|1758979261
|move|p1a: Blastoise|Rapid Spin|p2a: Clefable
|-crit|p2a: Clefable
|-damage|p2a: Clefable|16/100
|-boost|p1a: Blastoise|spe|1
|-sideend|p1: TataylorSuit|Stealth Rock|[from] move: Rapid Spin|[of] p1a: Blastoise
|move|p2a: Clefable|Moonblast|p1a: Blastoise
|-damage|p1a: Blastoise|27/100
|
|-damage|p1a: Blastoise|15/100|[from] item: Sticky Barb
|upkeep
|turn|12
|
|t:|1758979270
|move|p1a: Blastoise|Surf|p2a: Clefable
|-damage|p2a: Clefable|0 fnt
|faint|p2a: Clefable
|
|-damage|p1a: Blastoise|2/100|[from] item: Sticky Barb
|upkeep
|
|t:|1758979274
|switch|p2a: Gliscor|Gliscor, F, shiny|100/100
|turn|13
|
|t:|1758979282
|move|p2a: Gliscor|Protect|p2a: Gliscor
|-singleturn|p2a: Gliscor|Protect
|move|p1a: Blastoise|Surf|p2a: Gliscor
|-activate|p2a: Gliscor|move: Protect
|
|-fieldend|move: Psychic Terrain
|-damage|p1a: Blastoise|0 fnt|[from] item: Sticky Barb
|faint|p1a: Blastoise
|-status|p2a: Gliscor|tox|[from] item: Toxic Orb
|upkeep
|
|t:|1758979284
|switch|p1a: Indeedee|Indeedee, M|94/100 tox
|-fieldstart|move: Psychic Terrain|[from] ability: Psychic Surge|[of] p1a: Indeedee
|turn|14
|
|t:|1758979293
|switch|p2a: Corviknight|Corviknight, M, shiny|100/100
|-ability|p2a: Corviknight|Pressure
|move|p1a: Indeedee|Expanding Force|p2a: Corviknight
|-resisted|p2a: Corviknight
|-damage|p2a: Corviknight|68/100
|
|-heal|p2a: Corviknight|74/100|[from] item: Leftovers
|-damage|p1a: Indeedee|88/100 tox|[from] psn
|upkeep
|turn|15
|
|t:|1758979301
|switch|p1a: Torterra|Torterra, M|100/100
|move|p2a: Corviknight|Substitute|p2a: Corviknight
|-start|p2a: Corviknight|Substitute
|-damage|p2a: Corviknight|50/100
|
|-heal|p2a: Corviknight|56/100|[from] item: Leftovers
|upkeep
|turn|16
|
|t:|1758979306
|move|p2a: Corviknight|Protect|p2a: Corviknight
|-singleturn|p2a: Corviknight|Protect
|move|p1a: Torterra|Shell Smash|p1a: Torterra
|-unboost|p1a: Torterra|def|1
|-unboost|p1a: Torterra|spd|1
|-boost|p1a: Torterra|atk|2
|-boost|p1a: Torterra|spa|2
|-boost|p1a: Torterra|spe|2
|
|-heal|p2a: Corviknight|62/100|[from] item: Leftovers
|upkeep
|turn|17
|
|t:|1758979314
|move|p1a: Torterra|Rock Slide|p2a: Corviknight
|-end|p2a: Corviknight|Substitute
|move|p2a: Corviknight|Substitute|p2a: Corviknight
|-start|p2a: Corviknight|Substitute
|-damage|p2a: Corviknight|37/100
|
|-heal|p2a: Corviknight|43/100|[from] item: Leftovers
|upkeep
|turn|18
|
|t:|1758979320
|move|p2a: Corviknight|Protect|p2a: Corviknight
|-singleturn|p2a: Corviknight|Protect
|move|p1a: Torterra|Rock Slide|p2a: Corviknight
|-activate|p2a: Corviknight|move: Protect
|
|-heal|p2a: Corviknight|49/100|[from] item: Leftovers
|-fieldend|move: Psychic Terrain
|upkeep
|turn|19
|
|t:|1758979325
|move|p1a: Torterra|Rock Slide|p2a: Corviknight
|-end|p2a: Corviknight|Substitute
|move|p2a: Corviknight|Spite|p1a: Torterra
|-activate|p1a: Torterra|move: Spite|Rock Slide|4
|
|-heal|p2a: Corviknight|55/100|[from] item: Leftovers
|upkeep
|turn|20
|
|t:|1758979335
|switch|p1a: Indeedee|Indeedee, M|88/100 tox
|-fieldstart|move: Psychic Terrain|[from] ability: Psychic Surge|[of] p1a: Indeedee
|move|p2a: Corviknight|Protect||[still]
|-fail|p2a: Corviknight
|
|-heal|p2a: Corviknight|61/100|[from] item: Leftovers
|-damage|p1a: Indeedee|82/100 tox|[from] psn
|upkeep
|turn|21
|
|t:|1758979339
|move|p1a: Indeedee|Expanding Force|p2a: Corviknight
|-resisted|p2a: Corviknight
|-damage|p2a: Corviknight|29/100
|move|p2a: Corviknight|Substitute|p2a: Corviknight
|-start|p2a: Corviknight|Substitute
|-damage|p2a: Corviknight|4/100
|
|-heal|p2a: Corviknight|10/100|[from] item: Leftovers
|-damage|p1a: Indeedee|70/100 tox|[from] psn
|upkeep
|turn|22
|
|t:|1758979343
|move|p2a: Corviknight|Protect|p2a: Corviknight
|-singleturn|p2a: Corviknight|Protect
|move|p1a: Indeedee|Expanding Force|p2a: Corviknight
|-activate|p2a: Corviknight|move: Protect
|
|-heal|p2a: Corviknight|16/100|[from] item: Leftovers
|-damage|p1a: Indeedee|51/100 tox|[from] psn
|upkeep
|turn|23
|
|t:|1758979346
|move|p1a: Indeedee|Expanding Force|p2a: Corviknight
|-resisted|p2a: Corviknight
|-end|p2a: Corviknight|Substitute
|move|p2a: Corviknight|Roost|p2a: Corviknight
|-heal|p2a: Corviknight|66/100
|-singleturn|p2a: Corviknight|move: Roost
|
|-heal|p2a: Corviknight|72/100|[from] item: Leftovers
|-damage|p1a: Indeedee|27/100 tox|[from] psn
|upkeep
|turn|24
|
|t:|1758979353
|switch|p1a: Minior|Minior-Indigo|100/100
|-formechange|p1a: Minior|Minior-Meteor||[from] ability: Shields Down
|move|p2a: Corviknight|Substitute|p2a: Corviknight
|-start|p2a: Corviknight|Substitute
|-damage|p2a: Corviknight|47/100
|
|-heal|p2a: Corviknight|53/100|[from] item: Leftovers
|-fieldend|move: Psychic Terrain
|upkeep
|turn|25
|
|t:|1758979357
|move|p2a: Corviknight|Protect|p2a: Corviknight
|-singleturn|p2a: Corviknight|Protect
|move|p1a: Minior|Shell Smash|p1a: Minior
|-unboost|p1a: Minior|def|1
|-unboost|p1a: Minior|spd|1
|-boost|p1a: Minior|atk|2
|-boost|p1a: Minior|spa|2
|-boost|p1a: Minior|spe|2
|
|-heal|p2a: Corviknight|59/100|[from] item: Leftovers
|upkeep
|turn|26
|
|t:|1758979359
|move|p1a: Minior|Power Gem|p2a: Corviknight
|-end|p2a: Corviknight|Substitute
|move|p2a: Corviknight|Substitute|p2a: Corviknight
|-start|p2a: Corviknight|Substitute
|-damage|p2a: Corviknight|35/100
|
|-heal|p2a: Corviknight|41/100|[from] item: Leftovers
|upkeep
|turn|27
|
|t:|1758979363
|move|p2a: Corviknight|Protect|p2a: Corviknight
|-singleturn|p2a: Corviknight|Protect
|move|p1a: Minior|Power Gem|p2a: Corviknight
|-activate|p2a: Corviknight|move: Protect
|
|-heal|p2a: Corviknight|47/100|[from] item: Leftovers
|upkeep
|turn|28
|
|t:|1758979370
|move|p1a: Minior|Power Gem|p2a: Corviknight
|-end|p2a: Corviknight|Substitute
|move|p2a: Corviknight|Spite|p1a: Minior
|-activate|p1a: Minior|move: Spite|Power Gem|4
|
|-heal|p2a: Corviknight|53/100|[from] item: Leftovers
|upkeep
|turn|29
|
|t:|1758979373
|move|p2a: Corviknight|Protect|p2a: Corviknight
|-singleturn|p2a: Corviknight|Protect
|move|p1a: Minior|Power Gem|p2a: Corviknight
|-activate|p2a: Corviknight|move: Protect
|
|-heal|p2a: Corviknight|59/100|[from] item: Leftovers
|upkeep
|turn|30
|
|t:|1758979380
|switch|p2a: Dondozo|Dondozo, F, shiny|82/100
|move|p1a: Minior|Power Gem|p2a: Dondozo
|-damage|p2a: Dondozo|57/100
|
|upkeep
|turn|31
|
|t:|1758979384
|switch|p1a: Indeedee|Indeedee, M|27/100 tox
|-fieldstart|move: Psychic Terrain|[from] ability: Psychic Surge|[of] p1a: Indeedee
|move|p2a: Dondozo|Rest|p2a: Dondozo
|-status|p2a: Dondozo|slp|[from] move: Rest
|-heal|p2a: Dondozo|100/100 slp|[silent]
|
|-damage|p1a: Indeedee|21/100 tox|[from] psn
|upkeep
|turn|32
|
|t:|1758979387
|switch|p2a: Corviknight|Corviknight, M, shiny|59/100
|-ability|p2a: Corviknight|Pressure
|move|p1a: Indeedee|Expanding Force|p2a: Corviknight
|-resisted|p2a: Corviknight
|-damage|p2a: Corviknight|26/100
|
|-heal|p2a: Corviknight|32/100|[from] item: Leftovers
|-damage|p1a: Indeedee|9/100 tox|[from] psn
|upkeep
|turn|33
|
|t:|1758979391
|move|p1a: Indeedee|Expanding Force|p2a: Corviknight
|-resisted|p2a: Corviknight
|-damage|p2a: Corviknight|0 fnt
|faint|p2a: Corviknight
|
|-damage|p1a: Indeedee|0 fnt|[from] psn
|faint|p1a: Indeedee
|upkeep
|
|t:|1758979402
|switch|p1a: Polteageist|Polteageist-Antique|100/100
|switch|p2a: Gliscor|Gliscor, F, shiny|100/100 tox
|turn|34
|
|t:|1758979407
|move|p2a: Gliscor|Toxic|p1a: Polteageist
|-status|p1a: Polteageist|tox
|move|p1a: Polteageist|Shell Smash|p1a: Polteageist
|-unboost|p1a: Polteageist|def|1
|-unboost|p1a: Polteageist|spd|1
|-boost|p1a: Polteageist|atk|2
|-boost|p1a: Polteageist|spa|2
|-boost|p1a: Polteageist|spe|2
|
|-damage|p1a: Polteageist|94/100 tox|[from] psn
|upkeep
|turn|35
|
|t:|1758979411
|move|p2a: Gliscor|Protect|p2a: Gliscor
|-singleturn|p2a: Gliscor|Protect
|move|p1a: Polteageist|Shell Smash|p1a: Polteageist
|-unboost|p1a: Polteageist|def|1
|-unboost|p1a: Polteageist|spd|1
|-boost|p1a: Polteageist|atk|2
|-boost|p1a: Polteageist|spa|2
|-boost|p1a: Polteageist|spe|2
|
|-damage|p1a: Polteageist|82/100 tox|[from] psn
|-fieldend|move: Psychic Terrain
|upkeep
|turn|36
|
|t:|1758979417
|move|p1a: Polteageist|Stored Power|p2a: Gliscor
|-damage|p2a: Gliscor|0 fnt
|faint|p2a: Gliscor
|
|-damage|p1a: Polteageist|64/100 tox|[from] psn
|upkeep
|
|t:|1758979419
|switch|p2a: Blissey|Blissey, F|100/100
|turn|37
|
|t:|1758979428
|switch|p2a: Toxapex|Toxapex, F, shiny, tera:Steel|100/100
|-terastallize|p1a: Polteageist|Fighting
|move|p1a: Polteageist|Tera Blast|p2a: Toxapex|[anim] Tera Blast Fighting
|-supereffective|p2a: Toxapex
|-damage|p2a: Toxapex|0 fnt
|faint|p2a: Toxapex
|
|-damage|p1a: Polteageist|39/100 tox|[from] psn
|upkeep
|
|t:|1758979452
|switch|p2a: Dondozo|Dondozo, F, shiny|100/100 slp
|turn|38
|
|t:|1758979455
|move|p1a: Polteageist|Stored Power|p2a: Dondozo
|-damage|p2a: Dondozo|16/100 slp
|cant|p2a: Dondozo|slp
|move|p2a: Dondozo|Sleep Talk|p2a: Dondozo
|move|p2a: Dondozo|Avalanche|p1a: Polteageist|[from] move: Sleep Talk
|-damage|p1a: Polteageist|0 fnt
|faint|p1a: Polteageist
|
|upkeep
|
|t:|1758979458
|switch|p1a: Torterra|Torterra, M|100/100
|turn|39
|
|t:|1758979467
|move|p1a: Torterra|Seed Bomb|p2a: Dondozo
|-supereffective|p2a: Dondozo
|-damage|p2a: Dondozo|0 fnt
|faint|p2a: Dondozo
|
|upkeep
|
|t:|1758979470
|switch|p2a: Blissey|Blissey, F|100/100
|turn|40
|
|t:|1758979476
|move|p1a: Torterra|Shell Smash|p1a: Torterra
|-unboost|p1a: Torterra|def|1
|-unboost|p1a: Torterra|spd|1
|-boost|p1a: Torterra|atk|2
|-boost|p1a: Torterra|spa|2
|-boost|p1a: Torterra|spe|2
|move|p2a: Blissey|Seismic Toss|p1a: Torterra
|-damage|p1a: Torterra|70/100
|
|upkeep
|turn|41
|
|t:|1758979478
|move|p1a: Torterra|Headlong Rush|p2a: Blissey
|-damage|p2a: Blissey|0 fnt
|-unboost|p1a: Torterra|def|1
|-unboost|p1a: Torterra|spd|1
|faint|p2a: Blissey
|
|win|TataylorSuit
|raw|TataylorSuit's rating: 1463 &rarr; <strong>1487</strong><br />(+24 for winning)
|raw|roxty's rating: 1530 &rarr; <strong>1506</strong><br />(-24 for losing)
|l|☆roxty
|player|p2|
|l|☆TataylorSuit
|player|p1|
