|badge|p1|bronze|gen9ou|100-6
|html|<div class="broadcast-red"><strong>This battle is required to be public due to one or more player having a season medal.</strong><br />During the public phase, you can discuss the state of the ladder <a href="/seasondiscussion">in a special chatroom.</a></div>
|uhtml|medal-msg|<div class="broadcast-blue">Curious what those medals under the avatar are? PS now has Ladder Seasons! For more information, check out the <a href="https://www.smogon.com/forums/threads/3740067/">thread on Smogon.</a></div>
|j|☆ilytrix
|j|☆lt124yh 925
|t:|1759054476
|gametype|singles
|player|p1|ilytrix|n-masters|1841
|player|p2|lt124yh 925|pokemonbreederf-gen4|1796
|gen|9
|tier|[Gen 9] OU
|rated|
|rule|HP Percentage Mod: HP is shown in percentages
|rule|Endless Battle Clause: Forcing endless battles is banned
|rule|Species Clause: Limit one of each Pokémon
|rule|OHKO Clause: OHKO moves are banned
|rule|Evasion Items Clause: Evasion items are banned
|rule|Evasion Moves Clause: Evasion moves are banned
|rule|Evasion Abilities Clause: Evasion abilities are banned
|rule|Sleep Moves Clause: Sleep-inducing moves are banned
|clearpoke
|poke|p1|Ceruledge, F|
|poke|p1|Raging Bolt|
|poke|p1|Latias, F|
|poke|p1|Kyurem|
|poke|p1|Ninetales-Alola, F|
|poke|p1|Iron Moth|
|poke|p2|Porygon2|
|poke|p2|Ursaluna, M|
|poke|p2|Cresselia, F|
|poke|p2|Volcanion|
|poke|p2|Hatterene, F|
|poke|p2|Iron Hands|
|teampreview
|inactive|Battle timer is ON: inactive players will automatically lose when time's up. (requested by lt124yh 925)
|c|☆lt124yh 925|hf
|c|☆ilytrix|hf
|j| cynasaurus
|j| wgw2333
|inactive|lt124yh 925 has 120 seconds left.
|
|t:|1759054525
|teamsize|p1|6
|teamsize|p2|6
|start
|switch|p1a: snow bunny|Ninetales-Alola, F|100/100
|switch|p2a: Volcanion|Volcanion|100/100
|-weather|Snowscape|[from] ability: Snow Warning|[of] p1a: snow bunny
|turn|1
|
|t:|1759054531
|move|p1a: snow bunny|Aurora Veil|p1a: snow bunny
|-sidestart|p1: ilytrix|move: Aurora Veil
|move|p2a: Volcanion|Fire Blast|p1a: snow bunny
|-supereffective|p1a: snow bunny
|-damage|p1a: snow bunny|0 fnt
|faint|p1a: snow bunny
|
|-weather|Snowscape|[upkeep]
|upkeep
|
|t:|1759054533
|switch|p1a: 50/50|Raging Bolt|100/100
|-enditem|p1a: 50/50|Booster Energy
|-activate|p1a: 50/50|ability: Protosynthesis|[fromitem]
|-start|p1a: 50/50|protosynthesisspa
|turn|2
|
|t:|1759054538
|switch|p2a: Porygon2|Porygon2|100/100
|-ability|p2a: Porygon2|Download|boost
|-boost|p2a: Porygon2|spa|1
|move|p1a: 50/50|Calm Mind|p1a: 50/50
|-boost|p1a: 50/50|spa|1
|-boost|p1a: 50/50|spd|1
|
|-weather|Snowscape|[upkeep]
|upkeep
|turn|3
|
|t:|1759054543
|move|p1a: 50/50|Thunderbolt|p2a: Porygon2
|-damage|p2a: Porygon2|40/100
|move|p2a: Porygon2|Trick Room|p2a: Porygon2
|-fieldstart|move: Trick Room|[of] p2a: Porygon2
|
|-weather|Snowscape|[upkeep]
|upkeep
|turn|4
|
|t:|1759054546
|move|p2a: Porygon2|Ice Beam|p1a: 50/50
|-supereffective|p1a: 50/50
|-damage|p1a: 50/50|77/100
|move|p1a: 50/50|Thunderbolt|p2a: Porygon2
|-damage|p2a: Porygon2|0 fnt
|faint|p2a: Porygon2
|
|-weather|Snowscape|[upkeep]
|upkeep
|
|t:|1759054549
|switch|p2a: Ursaluna|Ursaluna, M|100/100
|turn|5
|
|t:|1759054560
|move|p2a: Ursaluna|Protect|p2a: Ursaluna
|-singleturn|p2a: Ursaluna|Protect
|move|p1a: 50/50|Dragon Pulse|p2a: Ursaluna
|-activate|p2a: Ursaluna|move: Protect
|
|-weather|none
|-status|p2a: Ursaluna|brn|[from] item: Flame Orb
|upkeep
|turn|6
|
|t:|1759054566
|-terastallize|p2a: Ursaluna|Normal
|move|p2a: Ursaluna|Facade|p1a: 50/50
|-damage|p1a: 50/50|7/100
|move|p1a: 50/50|Dragon Pulse|p2a: Ursaluna
|-damage|p2a: Ursaluna|17/100 brn
|
|-damage|p2a: Ursaluna|11/100 brn|[from] brn
|upkeep
|turn|7
|
|t:|1759054577
|switch|p2a: Iron Hands|Iron Hands|100/100
|-enditem|p2a: Iron Hands|Booster Energy
|-activate|p2a: Iron Hands|ability: Quark Drive|[fromitem]
|-start|p2a: Iron Hands|quarkdriveatk
|move|p1a: 50/50|Thunderclap||[still]
|-fail|p1a: 50/50
|
|-fieldend|move: Trick Room
|upkeep
|turn|8
|
|t:|1759054583
|move|p1a: 50/50|Dragon Pulse|p2a: Iron Hands
|-damage|p2a: Iron Hands|30/100
|move|p2a: Iron Hands|Close Combat|p1a: 50/50
|-damage|p1a: 50/50|0 fnt
|-unboost|p2a: Iron Hands|def|1
|-unboost|p2a: Iron Hands|spd|1
|faint|p1a: 50/50
|-end|p1a: 50/50|Protosynthesis|[silent]
|
|-sideend|p1: ilytrix|move: Aurora Veil
|upkeep
|
|t:|1759054586
|switch|p1a: MoveMerchant|Iron Moth|100/100
|-enditem|p1a: MoveMerchant|Booster Energy
|-activate|p1a: MoveMerchant|ability: Quark Drive|[fromitem]
|-start|p1a: MoveMerchant|quarkdrivespe
|turn|9
|
|t:|1759054593
|move|p1a: MoveMerchant|Fiery Dance|p2a: Iron Hands
|-damage|p2a: Iron Hands|0 fnt
|-boost|p1a: MoveMerchant|spa|1
|faint|p2a: Iron Hands
|-end|p2a: Iron Hands|Quark Drive|[silent]
|
|upkeep
|
|t:|1759054596
|switch|p2a: Cresselia|Cresselia, F|100/100
|turn|10
|
|t:|1759054605
|move|p1a: MoveMerchant|Sludge Wave|p2a: Cresselia
|-damage|p2a: Cresselia|56/100
|move|p2a: Cresselia|Psychic|p1a: MoveMerchant
|-supereffective|p1a: MoveMerchant
|-damage|p1a: MoveMerchant|59/100
|
|upkeep
|turn|11
|
|t:|1759054609
|move|p1a: MoveMerchant|Sludge Wave|p2a: Cresselia
|-damage|p2a: Cresselia|7/100
|move|p2a: Cresselia|Trick Room|p2a: Cresselia
|-fieldstart|move: Trick Room|[of] p2a: Cresselia
|
|upkeep
|turn|12
|
|t:|1759054626
|move|p2a: Cresselia|Lunar Dance|p2a: Cresselia
|faint|p2a: Cresselia
|move|p1a: MoveMerchant|Sludge Wave|p2: Cresselia|[notarget]
|-fail|p1a: MoveMerchant
|
|upkeep
|
|t:|1759054628
|switch|p2a: Ursaluna|Ursaluna, M, tera:Normal|11/100 brn
|-heal|p2a: Ursaluna|100/100|[from] move: Lunar Dance
|turn|13
|
|t:|1759054633
|move|p2a: Ursaluna|Facade|p1a: MoveMerchant
|-damage|p1a: MoveMerchant|0 fnt
|faint|p1a: MoveMerchant
|-end|p1a: MoveMerchant|Quark Drive|[silent]
|
|-status|p2a: Ursaluna|brn|[from] item: Flame Orb
|upkeep
|
|t:|1759054635
|switch|p1a: bury the light|Ceruledge, F|100/100
|turn|14
|
|t:|1759054646
|move|p2a: Ursaluna|Headlong Rush|p1a: bury the light
|-supereffective|p1a: bury the light
|-enditem|p1a: bury the light|Focus Sash
|-damage|p1a: bury the light|1/100
|-unboost|p2a: Ursaluna|def|1
|-unboost|p2a: Ursaluna|spd|1
|-ability|p1a: bury the light|Weak Armor|boost
|-unboost|p1a: bury the light|def|1
|-boost|p1a: bury the light|spe|2
|move|p1a: bury the light|Bitter Blade|p2a: Ursaluna
|-damage|p2a: Ursaluna|51/100 brn
|-heal|p1a: bury the light|40/100|[from] drain|[of] p2a: Ursaluna
|
|-damage|p2a: Ursaluna|45/100 brn|[from] brn
|upkeep
|turn|15
|
|t:|1759054654
|move|p2a: Ursaluna|Headlong Rush|p1a: bury the light
|-supereffective|p1a: bury the light
|-damage|p1a: bury the light|0 fnt
|-unboost|p2a: Ursaluna|def|1
|-unboost|p2a: Ursaluna|spd|1
|faint|p1a: bury the light
|
|-damage|p2a: Ursaluna|39/100 brn|[from] brn
|-fieldend|move: Trick Room
|upkeep
|
|t:|1759054656
|switch|p1a: rng my ahh|Kyurem|100/100
|-ability|p1a: rng my ahh|Pressure
|turn|16
|
|t:|1759054660
|switch|p2a: Hatterene|Hatterene, F|100/100
|move|p1a: rng my ahh|Icicle Spear|p2a: Hatterene
|-damage|p2a: Hatterene|89/100
|-damage|p2a: Hatterene|76/100
|-damage|p2a: Hatterene|62/100
|-damage|p2a: Hatterene|50/100
|-hitcount|p2a: Hatterene|4
|
|upkeep
|turn|17
|
|t:|1759054666
|switch|p2a: Volcanion|Volcanion|100/100
|move|p1a: rng my ahh|Icicle Spear|p2a: Volcanion
|-resisted|p2a: Volcanion
|-damage|p2a: Volcanion|97/100
|-resisted|p2a: Volcanion
|-damage|p2a: Volcanion|95/100
|-resisted|p2a: Volcanion
|-damage|p2a: Volcanion|92/100
|-resisted|p2a: Volcanion
|-damage|p2a: Volcanion|89/100
|-hitcount|p2a: Volcanion|4
|
|upkeep
|turn|18
|
|t:|1759054670
|move|p1a: rng my ahh|Dragon Dance|p1a: rng my ahh
|-boost|p1a: rng my ahh|atk|1
|-boost|p1a: rng my ahh|spe|1
|move|p2a: Volcanion|Fire Blast|p1a: rng my ahh
|-damage|p1a: rng my ahh|7/100
|
|upkeep
|turn|19
|
|t:|1759054673
|move|p1a: rng my ahh|Scale Shot|p2a: Volcanion
|-damage|p2a: Volcanion|73/100
|-damage|p2a: Volcanion|57/100
|-damage|p2a: Volcanion|40/100
|-damage|p2a: Volcanion|24/100
|-damage|p2a: Volcanion|7/100
|-hitcount|p2a: Volcanion|5
|-unboost|p1a: rng my ahh|def|1
|-boost|p1a: rng my ahh|spe|1
|move|p2a: Volcanion|Fire Blast|p1a: rng my ahh
|-damage|p1a: rng my ahh|0 fnt
|faint|p1a: rng my ahh
|
|upkeep
|
|t:|1759054678
|switch|p1a: realpsyspam|Latias, F|100/100
|turn|20
|
|t:|1759054681
|switch|p2a: Hatterene|Hatterene, F|50/100
|move|p1a: realpsyspam|Calm Mind|p1a: realpsyspam
|-boost|p1a: realpsyspam|spa|1
|-boost|p1a: realpsyspam|spd|1
|
|upkeep
|turn|21
|
|t:|1759054688
|move|p1a: realpsyspam|Calm Mind|p1a: realpsyspam
|-boost|p1a: realpsyspam|spa|1
|-boost|p1a: realpsyspam|spd|1
|move|p2a: Hatterene|Trick Room|p2a: Hatterene
|-fieldstart|move: Trick Room|[of] p2a: Hatterene
|
|upkeep
|turn|22
|
|t:|1759054693
|-terastallize|p1a: realpsyspam|Steel
|move|p2a: Hatterene|Healing Wish|p2a: Hatterene
|faint|p2a: Hatterene
|move|p1a: realpsyspam|Stored Power|p2: Hatterene|[notarget]
|-fail|p1a: realpsyspam
|
|upkeep
|
|t:|1759054697
|switch|p2a: Ursaluna|Ursaluna, M, tera:Normal|39/100 brn
|-heal|p2a: Ursaluna|100/100|[from] move: Healing Wish
|turn|23
|inactive|lt124yh 925 has 120 seconds left.
|inactive|lt124yh 925 has 90 seconds left.
|
|t:|1759054760
|switch|p2a: Volcanion|Volcanion|7/100
|move|p1a: realpsyspam|Aura Sphere|p2a: Volcanion
|-damage|p2a: Volcanion|0 fnt
|faint|p2a: Volcanion
|
|upkeep
|
|t:|1759054762
|switch|p2a: Ursaluna|Ursaluna, M, tera:Normal|100/100
|turn|24
|inactive|lt124yh 925 has 90 seconds left.
|
|t:|1759054803
|move|p2a: Ursaluna|Fire Punch|p1a: realpsyspam
|-supereffective|p1a: realpsyspam
|-damage|p1a: realpsyspam|29/100
|move|p1a: realpsyspam|Aura Sphere|p2a: Ursaluna
|-supereffective|p2a: Ursaluna
|-damage|p2a: Ursaluna|7/100
|
|-heal|p1a: realpsyspam|35/100|[from] item: Leftovers
|-status|p2a: Ursaluna|brn|[from] item: Flame Orb
|upkeep
|turn|25
|
|t:|1759054808
|move|p2a: Ursaluna|Fire Punch|p1a: realpsyspam
|-supereffective|p1a: realpsyspam
|-damage|p1a: realpsyspam|0 fnt
|faint|p1a: realpsyspam
|
|win|lt124yh 925
|raw|ilytrix's rating: 1856 &rarr; <strong>1833</strong><br />(-23 for losing)
|raw|lt124yh 925's rating: 1796 &rarr; <strong>1819</strong><br />(+23 for winning)
|c|☆lt124yh 925|gg
|l|☆ilytrix
|player|p1|
