|j|☆life is a paradox
|j|☆Chromelaser
|t:|1758970932
|gametype|singles
|player|p1|life is a paradox|cowgirl|1149
|player|p2|Chromelaser|marshal|1122
|gen|9
|tier|[Gen 9] OU
|rated|
|rule|HP Percentage Mod: HP is shown in percentages
|rule|Endless Battle Clause: Forcing endless battles is banned
|rule|Species Clause: Limit one of each Pokémon
|rule|OHKO Clause: OHKO moves are banned
|rule|Evasion Items Clause: Evasion items are banned
|rule|Evasion Moves Clause: Evasion moves are banned
|rule|Evasion Abilities Clause: Evasion abilities are banned
|rule|Sleep Moves Clause: Sleep-inducing moves are banned
|clearpoke
|poke|p1|Crabominable, F|
|poke|p1|Staraptor, F|
|poke|p1|Enamorus-Therian, F|
|poke|p1|Iron Crown|
|poke|p1|Quaquaval, M|
|poke|p1|Okidogi, M|
|poke|p2|Swalot, M|
|poke|p2|Hoopa-Unbound|
|poke|p2|Ogerpon-Cornerstone, F|
|poke|p2|Primarina, F|
|poke|p2|Blaziken, M|
|poke|p2|Darkrai|
|teampreview
|inactive|Battle timer is ON: inactive players will automatically lose when time's up. (requested by Chromelaser)
|
|t:|1758970941
|teamsize|p1|6
|teamsize|p2|6
|start
|switch|p1a: Crabominable|Crabominable, F|100/100
|switch|p2a: Reaper|Darkrai, shiny|100/100
|turn|1
|
|t:|1758970947
|move|p2a: Reaper|Will-O-Wisp|p1a: Crabominable
|-status|p1a: Crabominable|brn
|move|p1a: Crabominable|Drain Punch|p2a: Reaper
|-supereffective|p2a: Reaper
|-damage|p2a: Reaper|21/100
|
|-damage|p1a: Crabominable|94/100 brn|[from] brn
|upkeep
|turn|2
|
|t:|1758970956
|move|p2a: Reaper|Psychic|p1a: Crabominable
|-supereffective|p1a: Crabominable
|-damage|p1a: Crabominable|22/100 brn
|move|p1a: Crabominable|Drain Punch|p2a: Reaper
|-supereffective|p2a: Reaper
|-damage|p2a: Reaper|0 fnt
|-heal|p1a: Crabominable|29/100 brn|[from] drain|[of] p2a: Reaper
|faint|p2a: Reaper
|
|-damage|p1a: Crabominable|23/100 brn|[from] brn
|upkeep
|
|t:|1758970975
|switch|p2a: Chicken|Blaziken, M, shiny|100/100
|turn|3
|
|t:|1758970982
|move|p2a: Chicken|Bulk Up|p2a: Chicken
|-boost|p2a: Chicken|atk|1
|-boost|p2a: Chicken|def|1
|move|p1a: Crabominable|Crabhammer|p2a: Chicken
|-supereffective|p2a: Chicken
|-damage|p2a: Chicken|64/100
|
|-damage|p1a: Crabominable|17/100 brn|[from] brn
|-ability|p2a: Chicken|Speed Boost|boost
|-boost|p2a: Chicken|spe|1
|upkeep
|turn|4
|
|t:|1758970992
|move|p2a: Chicken|Bulk Up|p2a: Chicken
|-boost|p2a: Chicken|atk|1
|-boost|p2a: Chicken|def|1
|move|p1a: Crabominable|Crabhammer|p2a: Chicken
|-supereffective|p2a: Chicken
|-damage|p2a: Chicken|32/100
|
|-damage|p1a: Crabominable|11/100 brn|[from] brn
|-ability|p2a: Chicken|Speed Boost|boost
|-boost|p2a: Chicken|spe|1
|upkeep
|turn|5
|-message|life is a paradox forfeited.
|
|win|Chromelaser
|raw|life is a paradox's rating: 1149 &rarr; <strong>1122</strong><br />(-27 for losing)
|raw|Chromelaser's rating: 1122 &rarr; <strong>1149</strong><br />(+27 for winning)
|l|☆life is a paradox
|player|p1|
|l|☆Chromelaser
|player|p2|
