|j|☆aria4games
|j|☆Tbcccc_15
|t:|1758978409
|gametype|singles
|player|p1|aria4games|janine|1292
|player|p2|Tbcccc_15|tate|1281
|gen|9
|tier|[Gen 9] OU
|rated|
|rule|HP Percentage Mod: HP is shown in percentages
|rule|Endless Battle Clause: Forcing endless battles is banned
|rule|Species Clause: Limit one of each Pokémon
|rule|OHKO Clause: OHKO moves are banned
|rule|Evasion Items Clause: Evasion items are banned
|rule|Evasion Moves Clause: Evasion moves are banned
|rule|Evasion Abilities Clause: Evasion abilities are banned
|rule|Sleep Moves Clause: Sleep-inducing moves are banned
|clearpoke
|poke|p1|Cinderace, F|
|poke|p1|Darkrai|
|poke|p1|Reuniclus, M|
|poke|p1|Kyurem|
|poke|p1|Keldeo-Resolute|
|poke|p1|Raging Bolt|
|poke|p2|Iron Moth|
|poke|p2|Enamorus, F|
|poke|p2|Ceruledge, M|
|poke|p2|Samurott-Hisui, M|
|poke|p2|Iron Treads|
|poke|p2|Vikavolt, F|
|teampreview
|
|t:|1758978424
|teamsize|p1|6
|teamsize|p2|6
|start
|switch|p1a: ankara mesi|Cinderace, F|100/100
|switch|p2a: Vikavolt|Vikavolt, F|100/100
|turn|1
|
|t:|1758978455
|switch|p2a: Ceruledge|Ceruledge, M, shiny|100/100
|move|p1a: ankara mesi|Pyro Ball|p2a: Ceruledge
|-start|p2a: Ceruledge|ability: Flash Fire
|
|upkeep
|turn|2
|
|t:|1758978465
|switch|p1a: smiling friends|Keldeo-Resolute|100/100
|-end|p2a: Ceruledge|ability: Flash Fire|[silent]
|switch|p2a: Vikavolt|Vikavolt, F|100/100
|
|upkeep
|turn|3
|
|t:|1758978471
|move|p1a: smiling friends|Flip Turn|p2a: Vikavolt
|-damage|p2a: Vikavolt|84/100
|
|t:|1758978475
|switch|p1a: sink or schwim|Raging Bolt|100/100|[from] Flip Turn
|-enditem|p1a: sink or schwim|Booster Energy
|-activate|p1a: sink or schwim|ability: Protosynthesis|[fromitem]
|-start|p1a: sink or schwim|protosynthesisspa
|move|p2a: Vikavolt|Sticky Web|p1a: sink or schwim
|-sidestart|p1: aria4games|move: Sticky Web
|
|upkeep
|turn|4
|
|t:|1758978485
|move|p1a: sink or schwim|Calm Mind|p1a: sink or schwim
|-boost|p1a: sink or schwim|spa|1
|-boost|p1a: sink or schwim|spd|1
|move|p2a: Vikavolt|Volt Switch|p1a: sink or schwim
|-resisted|p1a: sink or schwim
|-damage|p1a: sink or schwim|94/100
|
|t:|1758978492
|switch|p2a: Iron Treads|Iron Treads|100/100|[from] Volt Switch
|
|upkeep
|turn|5
|
|t:|1758978502
|move|p2a: Iron Treads|Stealth Rock|p1a: sink or schwim
|-sidestart|p1: aria4games|move: Stealth Rock
|move|p1a: sink or schwim|Dragon Pulse|p2a: Iron Treads
|-resisted|p2a: Iron Treads
|-damage|p2a: Iron Treads|28/100
|
|-heal|p2a: Iron Treads|34/100|[from] item: Leftovers
|upkeep
|turn|6
|
|t:|1758978510
|move|p2a: Iron Treads|Earthquake|p1a: sink or schwim
|-supereffective|p1a: sink or schwim
|-damage|p1a: sink or schwim|9/100
|move|p1a: sink or schwim|Dragon Pulse|p2a: Iron Treads
|-resisted|p2a: Iron Treads
|-damage|p2a: Iron Treads|0 fnt
|faint|p2a: Iron Treads
|-end|p2a: Iron Treads|Quark Drive|[silent]
|
|upkeep
|
|t:|1758978548
|switch|p2a: Iron Moth|Iron Moth|100/100
|-enditem|p2a: Iron Moth|Booster Energy
|-activate|p2a: Iron Moth|ability: Quark Drive|[fromitem]
|-start|p2a: Iron Moth|quarkdrivespa
|turn|7
|
|t:|1758978553
|move|p1a: sink or schwim|Thunderclap||[still]
|-fail|p1a: sink or schwim
|move|p2a: Iron Moth|Substitute|p2a: Iron Moth
|-start|p2a: Iron Moth|Substitute
|-damage|p2a: Iron Moth|76/100
|
|upkeep
|turn|8
|
|t:|1758978558
|move|p1a: sink or schwim|Thunderclap|p2a: Iron Moth
|-end|p2a: Iron Moth|Substitute
|move|p2a: Iron Moth|Fiery Dance|p1a: sink or schwim
|-resisted|p1a: sink or schwim
|-damage|p1a: sink or schwim|0 fnt
|faint|p1a: sink or schwim
|-end|p1a: sink or schwim|Protosynthesis|[silent]
|
|upkeep
|
|t:|1758978601
|switch|p1a: ankara mesi|Cinderace, F|100/100
|turn|9
|
|t:|1758978606
|move|p1a: ankara mesi|Court Change|p1a: ankara mesi
|-start|p1a: ankara mesi|typechange|Normal|[from] ability: Libero
|-swapsideconditions
|-activate|p1a: ankara mesi|move: Court Change
|move|p2a: Iron Moth|Substitute|p2a: Iron Moth
|-start|p2a: Iron Moth|Substitute
|-damage|p2a: Iron Moth|51/100
|
|upkeep
|turn|10
|
|t:|1758978613
|move|p1a: ankara mesi|U-turn|p2a: Iron Moth
|-resisted|p2a: Iron Moth
|-activate|p2a: Iron Moth|move: Substitute|[damage]
|
|t:|1758978616
|switch|p1a: low tier glob|Reuniclus, M|100/100|[from] U-turn
|move|p2a: Iron Moth|Sludge Wave|p1a: low tier glob
|-damage|p1a: low tier glob|42/100
|
|upkeep
|turn|11
|
|t:|1758978635
|move|p2a: Iron Moth|Sludge Wave|p1a: low tier glob
|-damage|p1a: low tier glob|0 fnt
|faint|p1a: low tier glob
|
|upkeep
|
|t:|1758978638
|switch|p1a: king nasir|Kyurem|100/100
|-ability|p1a: king nasir|Pressure
|turn|12
|
|t:|1758978644
|move|p2a: Iron Moth|Sludge Wave|p1a: king nasir
|-damage|p1a: king nasir|73/100
|move|p1a: king nasir|Earth Power|p2a: Iron Moth
|-supereffective|p2a: Iron Moth
|-end|p2a: Iron Moth|Substitute
|
|upkeep
|turn|13
|
|t:|1758978656
|-end|p2a: Iron Moth|Quark Drive|[silent]
|switch|p2a: Enamorus|Enamorus, F|100/100
|-damage|p2a: Enamorus|76/100|[from] Stealth Rock
|move|p1a: king nasir|Earth Power|p2a: Enamorus
|-immune|p2a: Enamorus
|
|upkeep
|turn|14
|
|t:|1758978663
|move|p2a: Enamorus|Moonblast|p1a: king nasir
|-supereffective|p1a: king nasir
|-damage|p1a: king nasir|24/100
|move|p1a: king nasir|Freeze-Dry|p2a: Enamorus
|-supereffective|p2a: Enamorus
|-damage|p2a: Enamorus|0 fnt
|faint|p2a: Enamorus
|
|upkeep
|
|t:|1758978676
|switch|p2a: Vikavolt|Vikavolt, F|84/100
|turn|15
|
|t:|1758978682
|move|p1a: king nasir|Scale Shot|p2a: Vikavolt
|-damage|p2a: Vikavolt|70/100
|-damage|p2a: Vikavolt|59/100
|-damage|p2a: Vikavolt|48/100
|-damage|p2a: Vikavolt|35/100
|-hitcount|p2a: Vikavolt|4
|-unboost|p1a: king nasir|def|1
|-boost|p1a: king nasir|spe|1
|move|p2a: Vikavolt|Sticky Web|p1a: king nasir
|-sidestart|p1: aria4games|move: Sticky Web
|
|upkeep
|turn|16
|
|t:|1758978702
|move|p1a: king nasir|Freeze-Dry|p2a: Vikavolt
|-damage|p2a: Vikavolt|0 fnt
|faint|p2a: Vikavolt
|
|upkeep
|
|t:|1758978716
|switch|p2a: Samurott|Samurott-Hisui, M, shiny|100/100
|-activate|p2a: Samurott|move: Sticky Web
|-unboost|p2a: Samurott|spe|1
|-damage|p2a: Samurott|88/100|[from] Stealth Rock
|turn|17
|
|t:|1758978724
|move|p1a: king nasir|Freeze-Dry|p2a: Samurott
|-supereffective|p2a: Samurott
|-damage|p2a: Samurott|23/100
|move|p2a: Samurott|Ceaseless Edge|p1a: king nasir
|-damage|p1a: king nasir|0 fnt
|-sidestart|p1: aria4games|Spikes
|faint|p1a: king nasir
|
|upkeep
|
|t:|1758978731
|switch|p1a: ankara mesi|Cinderace, F|100/100
|turn|18
|
|t:|1758978740
|switch|p2a: Ceruledge|Ceruledge, M, shiny|100/100
|move|p1a: ankara mesi|U-turn|p2a: Ceruledge
|-start|p1a: ankara mesi|typechange|Bug|[from] ability: Libero
|-resisted|p2a: Ceruledge
|-damage|p2a: Ceruledge|88/100
|
|t:|1758978743
|switch|p1a: smiling friends|Keldeo-Resolute|100/100|[from] U-turn
|-activate|p1a: smiling friends|move: Sticky Web
|-unboost|p1a: smiling friends|spe|1
|-damage|p1a: smiling friends|88/100|[from] Spikes
|
|upkeep
|turn|19
|
|t:|1758978755
|-terastallize|p2a: Ceruledge|Grass
|move|p1a: smiling friends|Surf|p2a: Ceruledge
|-resisted|p2a: Ceruledge
|-damage|p2a: Ceruledge|58/100
|move|p2a: Ceruledge|Bulk Up|p2a: Ceruledge
|-boost|p2a: Ceruledge|atk|1
|-boost|p2a: Ceruledge|def|1
|
|upkeep
|turn|20
|
|t:|1758978766
|switch|p1a: ankara mesi|Cinderace, F|100/100
|move|p2a: Ceruledge|Bitter Blade|p1a: ankara mesi
|-resisted|p1a: ankara mesi
|-damage|p1a: ankara mesi|48/100
|-heal|p2a: Ceruledge|85/100|[from] drain|[of] p1a: ankara mesi
|
|upkeep
|turn|21
|
|t:|1758978785
|move|p1a: ankara mesi|Sucker Punch|p2a: Ceruledge
|-start|p1a: ankara mesi|typechange|Dark|[from] ability: Libero
|-damage|p2a: Ceruledge|54/100
|move|p2a: Ceruledge|Bitter Blade|p1a: ankara mesi
|-damage|p1a: ankara mesi|0 fnt
|-heal|p2a: Ceruledge|79/100|[from] drain|[of] p1a: ankara mesi
|faint|p1a: ankara mesi
|
|upkeep
|
|t:|1758978787
|switch|p1a: smiling friends|Keldeo-Resolute|88/100
|-activate|p1a: smiling friends|move: Sticky Web
|-unboost|p1a: smiling friends|spe|1
|-damage|p1a: smiling friends|76/100|[from] Spikes
|turn|22
|
|t:|1758978798
|move|p1a: smiling friends|Air Slash|p2a: Ceruledge
|-supereffective|p2a: Ceruledge
|-damage|p2a: Ceruledge|13/100
|move|p2a: Ceruledge|Bulk Up|p2a: Ceruledge
|-boost|p2a: Ceruledge|atk|1
|-boost|p2a: Ceruledge|def|1
|
|upkeep
|turn|23
|
|t:|1758978807
|move|p2a: Ceruledge|Shadow Sneak|p1a: smiling friends
|-damage|p1a: smiling friends|31/100
|move|p1a: smiling friends|Air Slash|p2a: Ceruledge
|-supereffective|p2a: Ceruledge
|-crit|p2a: Ceruledge
|-damage|p2a: Ceruledge|0 fnt
|faint|p2a: Ceruledge
|
|upkeep
|
|t:|1758978817
|switch|p2a: Iron Moth|Iron Moth|51/100
|-activate|p2a: Iron Moth|move: Sticky Web
|-unboost|p2a: Iron Moth|spe|1
|-damage|p2a: Iron Moth|26/100|[from] Stealth Rock
|turn|24
|
|t:|1758978823
|move|p1a: smiling friends|Air Slash|p2a: Iron Moth
|-damage|p2a: Iron Moth|0 fnt
|faint|p2a: Iron Moth
|-end|p2a: Iron Moth|Quark Drive|[silent]
|
|upkeep
|
|t:|1758978826
|switch|p2a: Samurott|Samurott-Hisui, M, shiny|23/100
|-activate|p2a: Samurott|move: Sticky Web
|-unboost|p2a: Samurott|spe|1
|-damage|p2a: Samurott|10/100|[from] Stealth Rock
|turn|25
|
|t:|1758978831
|move|p2a: Samurott|Sucker Punch|p1a: smiling friends
|-resisted|p1a: smiling friends
|-damage|p1a: smiling friends|12/100
|-ability|p1a: smiling friends|Justified|boost
|-boost|p1a: smiling friends|atk|1
|move|p1a: smiling friends|Air Slash|p2a: Samurott
|-damage|p2a: Samurott|0 fnt
|faint|p2a: Samurott
|
|win|aria4games
|raw|aria4games's rating: 1292 &rarr; <strong>1316</strong><br />(+24 for winning)
|raw|Tbcccc_15's rating: 1281 &rarr; <strong>1257</strong><br />(-24 for losing)
|l|☆Tbcccc_15
|player|p2|
|l|☆aria4games
|player|p1|
