|j|‽mantikarp2.0
|j|☆faless
|t:|1758948316
|gametype|singles
|player|p1|mantikarp2.0|medium|1578
|player|p2|faless|kimonogirl-gen2|1610
|gen|9
|tier|[Gen 9] OU
|rated|
|rule|HP Percentage Mod: HP is shown in percentages
|rule|Endless Battle Clause: Forcing endless battles is banned
|rule|Species Clause: Limit one of each Pokémon
|rule|OHKO Clause: OHKO moves are banned
|rule|Evasion Items Clause: Evasion items are banned
|rule|Evasion Moves Clause: Evasion moves are banned
|rule|Evasion Abilities Clause: Evasion abilities are banned
|rule|Sleep Moves Clause: Sleep-inducing moves are banned
|clearpoke
|poke|p1|Ribombee, M|
|poke|p1|Gholdengo|
|poke|p1|Great Tusk|
|poke|p1|Raging Bolt|
|poke|p1|Ogerpon-Cornerstone, F|
|poke|p1|Ceruledge, F|
|poke|p2|Ting-Lu|
|poke|p2|Gholdengo|
|poke|p2|Garchomp, M|
|poke|p2|Hatterene, F|
|poke|p2|Zamazenta-*|
|poke|p2|Volcanion|
|teampreview
|inactive|Battle timer is ON: inactive players will automatically lose when time's up. (requested by mantikarp2.0)
|
|t:|1758948331
|teamsize|p1|6
|teamsize|p2|6
|start
|switch|p1a: Ribombee|Ribombee, M, shiny|100/100
|switch|p2a: Garchomp|Garchomp, M|100/100
|turn|1
|
|t:|1758948337
|switch|p2a: Hatterene|Hatterene, F|100/100
|move|p1a: Ribombee|Sticky Web|p2a: Hatterene
|move|p2a: Hatterene|Sticky Web|p1a: Ribombee|[from] ability: Magic Bounce
|-sidestart|p1: mantikarp2.0|move: Sticky Web
|
|upkeep
|turn|2
|
|t:|1758948343
|move|p1a: Ribombee|Skill Swap|p2a: Hatterene
|-activate|p1a: Ribombee|move: Skill Swap|Magic Bounce|Shield Dust|[of] p2a: Hatterene
|move|p2a: Hatterene|Dazzling Gleam|p1a: Ribombee
|-damage|p1a: Ribombee|41/100
|
|upkeep
|turn|3
|
|t:|1758948346
|move|p1a: Ribombee|Sticky Web|p2a: Hatterene
|-sidestart|p2: faless|move: Sticky Web
|move|p2a: Hatterene|Dazzling Gleam|p1a: Ribombee
|-damage|p1a: Ribombee|0 fnt
|faint|p1a: Ribombee
|
|upkeep
|
|t:|1758948350
|switch|p1a: Great Tusk|Great Tusk, shiny|100/100
|-activate|p1a: Great Tusk|move: Sticky Web
|-unboost|p1a: Great Tusk|spe|1
|-enditem|p1a: Great Tusk|Booster Energy
|-activate|p1a: Great Tusk|ability: Protosynthesis|[fromitem]
|-start|p1a: Great Tusk|protosynthesisatk
|turn|4
|
|t:|1758948354
|move|p1a: Great Tusk|Headlong Rush|p2a: Hatterene
|-damage|p2a: Hatterene|26/100
|-unboost|p1a: Great Tusk|def|1
|-unboost|p1a: Great Tusk|spd|1
|move|p2a: Hatterene|Dazzling Gleam|p1a: Great Tusk
|-supereffective|p1a: Great Tusk
|-damage|p1a: Great Tusk|0 fnt
|faint|p1a: Great Tusk
|-end|p1a: Great Tusk|Protosynthesis|[silent]
|
|upkeep
|
|t:|1758948358
|switch|p1a: Gholdengo|Gholdengo, shiny|100/100
|-item|p1a: Gholdengo|Air Balloon
|turn|5
|
|t:|1758948362
|switch|p2a: Ting-Lu|Ting-Lu|100/100
|-activate|p2a: Ting-Lu|move: Sticky Web
|-unboost|p2a: Ting-Lu|spe|1
|-ability|p2a: Ting-Lu|Vessel of Ruin
|move|p1a: Gholdengo|Shadow Ball|p2a: Ting-Lu
|-resisted|p2a: Ting-Lu
|-damage|p2a: Ting-Lu|90/100
|-enditem|p2a: Ting-Lu|Red Card|[of] p1a: Gholdengo
|drag|p1a: Ogerpon|Ogerpon-Cornerstone, F|100/100
|-activate|p1a: Ogerpon|move: Sticky Web
|-unboost|p1a: Ogerpon|spe|1
|
|upkeep
|turn|6
|inactive|mantikarp2.0 has 120 seconds left.
|inactive|mantikarp2.0 has 90 seconds left.
|inactive|mantikarp2.0 has 60 seconds left.
|inactive|mantikarp2.0 has 30 seconds left.
|inactive|mantikarp2.0 has 20 seconds left.
|inactive|mantikarp2.0 has 15 seconds left.
|inactive|mantikarp2.0 has 10 seconds left.
|inactive|mantikarp2.0 has 5 seconds left.
|-message|mantikarp2.0 lost due to inactivity.
|
|win|faless
|raw|mantikarp2.0's rating: 1578 &rarr; <strong>1560</strong><br />(-18 for losing)
|raw|faless's rating: 1610 &rarr; <strong>1628</strong><br />(+18 for winning)
|n|‽mantikarp2.0|mantikarp20
|n|‽mantikarp2.0|mantikarp20
|n|‽mantikarp2.0|mantikarp20
|l|☆faless
|player|p2|
