|j|☆LikeEmerald
|j|☆kharionn
|t:|1759076039
|gametype|singles
|player|p1|LikeEmerald|265|1127
|player|p2|kharionn|101|1087
|gen|9
|tier|[Gen 9] OU
|rated|
|rule|HP Percentage Mod: HP is shown in percentages
|rule|Endless Battle Clause: Forcing endless battles is banned
|rule|Species Clause: Limit one of each Pokémon
|rule|OHKO Clause: OHKO moves are banned
|rule|Evasion Items Clause: Evasion items are banned
|rule|Evasion Moves Clause: Evasion moves are banned
|rule|Evasion Abilities Clause: Evasion abilities are banned
|rule|Sleep Moves Clause: Sleep-inducing moves are banned
|clearpoke
|poke|p1|Deoxys-Speed|
|poke|p1|Pikachu, F|
|poke|p1|Moltres|
|poke|p1|Haunter, F|
|poke|p1|Hydrapple, M|
|poke|p1|Empoleon, M|
|poke|p2|Chandelure, M|
|poke|p2|Klefki, F|
|poke|p2|Altaria, M|
|poke|p2|Hitmontop, M|
|poke|p2|Farigiraf, F|
|poke|p2|Gallade, M|
|teampreview
|
|t:|1759076058
|teamsize|p1|6
|teamsize|p2|6
|start
|switch|p1a: Moltres|Moltres|100/100
|switch|p2a: Gallade|Gallade, M|100/100
|turn|1
|
|t:|1759076069
|move|p2a: Gallade|Aqua Cutter|p1a: Moltres
|-supereffective|p1a: Moltres
|-damage|p1a: Moltres|28/100
|move|p1a: Moltres|Air Slash|p2a: Gallade
|-supereffective|p2a: Gallade
|-damage|p2a: Gallade|29/100
|
|upkeep
|turn|2
|
|t:|1759076079
|switch|p1a: Hydrapple|Hydrapple, M|100/100
|move|p2a: Gallade|Aqua Cutter|p1a: Hydrapple
|-resisted|p1a: Hydrapple
|-damage|p1a: Hydrapple|94/100
|
|upkeep
|turn|3
|
|t:|1759076090
|switch|p2a: Klefki|Klefki, F|100/100
|move|p1a: Hydrapple|Syrup Bomb|p2a: Klefki
|-resisted|p2a: Klefki
|-crit|p2a: Klefki
|-damage|p2a: Klefki|74/100
|-start|p2a: Klefki|Syrup Bomb
|
|-heal|p2a: Klefki|80/100|[from] item: Leftovers
|-unboost|p2a: Klefki|spe|1
|upkeep
|turn|4
|
|t:|1759076102
|move|p1a: Hydrapple|Protect|p1a: Hydrapple
|-singleturn|p1a: Hydrapple|Protect
|move|p2a: Klefki|Light Screen|p2a: Klefki
|-sidestart|p2: kharionn|move: Light Screen
|
|-heal|p2a: Klefki|87/100|[from] item: Leftovers
|-unboost|p2a: Klefki|spe|1
|upkeep
|turn|5
|
|t:|1759076110
|move|p2a: Klefki|Reflect|p2a: Klefki
|-sidestart|p2: kharionn|Reflect
|move|p1a: Hydrapple|Earth Power|p2a: Klefki
|-supereffective|p2a: Klefki
|-damage|p2a: Klefki|45/100
|
|-heal|p2a: Klefki|51/100|[from] item: Leftovers
|-unboost|p2a: Klefki|spe|1
|upkeep
|turn|6
|
|t:|1759076120
|move|p2a: Klefki|Thunder Wave|p1a: Hydrapple
|-status|p1a: Hydrapple|par
|move|p1a: Hydrapple|Earth Power|p2a: Klefki
|-supereffective|p2a: Klefki
|-damage|p2a: Klefki|11/100
|
|-heal|p2a: Klefki|17/100|[from] item: Leftovers
|-end|p2a: Klefki|Syrup Bomb|[silent]
|upkeep
|turn|7
|
|t:|1759076136
|switch|p2a: Altaria|Altaria, M|100/100
|-ability|p2a: Altaria|Cloud Nine
|cant|p1a: Hydrapple|par
|
|upkeep
|turn|8
|
|t:|1759076145
|move|p2a: Altaria|Breaking Swipe|p1a: Hydrapple
|-supereffective|p1a: Hydrapple
|-damage|p1a: Hydrapple|66/100 par
|-unboost|p1a: Hydrapple|atk|1
|move|p1a: Hydrapple|Syrup Bomb|p2a: Altaria
|-resisted|p2a: Altaria
|-damage|p2a: Altaria|98/100
|-start|p2a: Altaria|Syrup Bomb
|
|-unboost|p2a: Altaria|spe|1
|-sideend|p2: kharionn|move: Light Screen
|upkeep
|turn|9
|
|t:|1759076156
|move|p2a: Altaria|Breaking Swipe|p1a: Hydrapple
|-supereffective|p1a: Hydrapple
|-damage|p1a: Hydrapple|37/100 par
|-unboost|p1a: Hydrapple|atk|1
|move|p1a: Hydrapple|Fickle Beam|p2a: Altaria
|-supereffective|p2a: Altaria
|-damage|p2a: Altaria|22/100
|
|-unboost|p2a: Altaria|spe|1
|-sideend|p2: kharionn|Reflect
|upkeep
|turn|10
|
|t:|1759076167
|switch|p1a: Empoleon|Empoleon, M|100/100
|-end|p2a: Altaria|Syrup Bomb|[silent]
|move|p2a: Altaria|Breaking Swipe|p1a: Empoleon
|-resisted|p1a: Empoleon
|-crit|p1a: Empoleon
|-damage|p1a: Empoleon|82/100
|-unboost|p1a: Empoleon|atk|1
|-ability|p1a: Empoleon|Competitive|boost
|-boost|p1a: Empoleon|spa|2
|
|upkeep
|turn|11
|
|t:|1759076178
|move|p1a: Empoleon|Agility|p1a: Empoleon
|-boost|p1a: Empoleon|spe|2
|move|p2a: Altaria|Breaking Swipe|p1a: Empoleon
|-resisted|p1a: Empoleon
|-damage|p1a: Empoleon|71/100
|-unboost|p1a: Empoleon|atk|1
|-ability|p1a: Empoleon|Competitive|boost
|-boost|p1a: Empoleon|spa|2
|
|upkeep
|turn|12
|
|t:|1759076189
|move|p1a: Empoleon|Agility|p1a: Empoleon
|-boost|p1a: Empoleon|spe|2
|move|p2a: Altaria|Will-O-Wisp|p1a: Empoleon
|-status|p1a: Empoleon|brn
|
|-damage|p1a: Empoleon|65/100 brn|[from] brn
|upkeep
|turn|13
|
|t:|1759076198
|move|p1a: Empoleon|Ice Beam|p2a: Altaria
|-supereffective|p2a: Altaria
|-damage|p2a: Altaria|0 fnt
|faint|p2a: Altaria
|
|-damage|p1a: Empoleon|59/100 brn|[from] brn
|upkeep
|
|t:|1759076206
|switch|p2a: Klefki|Klefki, F|17/100
|turn|14
|
|t:|1759076212
|-terastallize|p1a: Empoleon|Water
|move|p2a: Klefki|Light Screen|p2a: Klefki
|-sidestart|p2: kharionn|move: Light Screen
|move|p1a: Empoleon|Surf|p2a: Klefki
|-damage|p2a: Klefki|0 fnt
|faint|p2a: Klefki
|
|-damage|p1a: Empoleon|53/100 brn|[from] brn
|upkeep
|
|t:|1759076222
|switch|p2a: Hitmontop|Hitmontop, M|100/100
|-ability|p2a: Hitmontop|Intimidate|boost
|-unboost|p1a: Empoleon|atk|1
|-ability|p1a: Empoleon|Competitive|boost
|-boost|p1a: Empoleon|spa|2
|turn|15
|
|t:|1759076229
|move|p2a: Hitmontop|Fake Out|p1a: Empoleon
|-damage|p1a: Empoleon|33/100 brn
|-damage|p2a: Hitmontop|90/100|[from] item: Life Orb
|cant|p1a: Empoleon|flinch
|
|-damage|p1a: Empoleon|27/100 brn|[from] brn
|upkeep
|turn|16
|
|t:|1759076238
|move|p1a: Empoleon|Surf|p2a: Hitmontop
|-damage|p2a: Hitmontop|0 fnt
|faint|p2a: Hitmontop
|
|-damage|p1a: Empoleon|21/100 brn|[from] brn
|upkeep
|
|t:|1759076255
|switch|p2a: Gallade|Gallade, M|29/100
|turn|17
|
|t:|1759076258
|move|p1a: Empoleon|Surf|p2a: Gallade
|-damage|p2a: Gallade|0 fnt
|faint|p2a: Gallade
|
|-damage|p1a: Empoleon|15/100 brn|[from] brn
|upkeep
|
|t:|1759076267
|switch|p2a: Farigiraf|Farigiraf, F|100/100
|turn|18
|
|t:|1759076272
|move|p1a: Empoleon|Surf|p2a: Farigiraf
|-damage|p2a: Farigiraf|0 fnt
|faint|p2a: Farigiraf
|
|-damage|p1a: Empoleon|9/100 brn|[from] brn
|-sideend|p2: kharionn|move: Light Screen
|upkeep
|
|t:|1759076279
|switch|p2a: Chandelure|Chandelure, M|100/100
|turn|19
|
|t:|1759076282
|move|p2a: Chandelure|Protect|p2a: Chandelure
|-singleturn|p2a: Chandelure|Protect
|move|p1a: Empoleon|Surf|p2a: Chandelure
|-activate|p2a: Chandelure|move: Protect
|
|-damage|p1a: Empoleon|2/100 brn|[from] brn
|upkeep
|turn|20
|
|t:|1759076291
|move|p2a: Chandelure|Protect||[still]
|-fail|p2a: Chandelure
|move|p1a: Empoleon|Surf|p2a: Chandelure
|-supereffective|p2a: Chandelure
|-damage|p2a: Chandelure|0 fnt
|faint|p2a: Chandelure
|
|win|LikeEmerald
|raw|LikeEmerald's rating: 1127 &rarr; <strong>1149</strong><br />(+22 for winning)
|raw|kharionn's rating: 1087 &rarr; <strong>1067</strong><br />(-20 for losing)
|l|☆kharionn
|player|p2|
|c|☆LikeEmerald|Gg
