|j|☆bludsucca
|j|☆EnjoyedSiren
|t:|1758946863
|gametype|singles
|player|p1|bludsucca|schoolkidf-gen4|1256
|player|p2|EnjoyedSiren|giovanni|1224
|gen|9
|tier|[Gen 9] OU
|rated|
|rule|HP Percentage Mod: HP is shown in percentages
|rule|Endless Battle Clause: Forcing endless battles is banned
|rule|Species Clause: Limit one of each Pokémon
|rule|OHKO Clause: OHKO moves are banned
|rule|Evasion Items Clause: Evasion items are banned
|rule|Evasion Moves Clause: Evasion moves are banned
|rule|Evasion Abilities Clause: Evasion abilities are banned
|rule|Sleep Moves Clause: Sleep-inducing moves are banned
|clearpoke
|poke|p1|Feraligatr, M|
|poke|p1|Zapdos|
|poke|p1|Raging Bolt|
|poke|p1|Zamazenta-*|
|poke|p1|Klefki, F|
|poke|p1|Weezing-Galar, M|
|poke|p2|Sawsbuck-Autumn, M|
|poke|p2|Torkoal, F|
|poke|p2|Scovillain, M|
|poke|p2|Basculegion, M|
|poke|p2|Primarina, M|
|poke|p2|Pelipper, M|
|teampreview
|
|t:|1758946883
|teamsize|p1|6
|teamsize|p2|6
|start
|switch|p1a: Zapdos|Zapdos, shiny|100/100
|switch|p2a: Pelipper|Pelipper, M|100/100
|-weather|RainDance|[from] ability: Drizzle|[of] p2a: Pelipper
|turn|1
|inactive|Battle timer is ON: inactive players will automatically lose when time's up. (requested by EnjoyedSiren)
|
|t:|1758946896
|move|p1a: Zapdos|Volt Switch|p2a: Pelipper
|-supereffective|p2a: Pelipper
|-damage|p2a: Pelipper|0 fnt
|faint|p2a: Pelipper
|
|t:|1758946905
|switch|p1a: Klefki|Klefki, F|100/100|[from] Volt Switch
|
|-weather|RainDance|[upkeep]
|upkeep
|
|t:|1758946918
|switch|p2a: Basculegion|Basculegion, M|100/100
|turn|2
|
|t:|1758946927
|-terastallize|p2a: Basculegion|Water
|move|p1a: Klefki|Reflect|p1a: Klefki
|-sidestart|p1: bludsucca|Reflect
|move|p2a: Basculegion|Wave Crash|p1a: Klefki
|-damage|p1a: Klefki|0 fnt
|faint|p1a: Klefki
|-damage|p2a: Basculegion|73/100|[from] Recoil
|
|-weather|RainDance|[upkeep]
|upkeep
|
|t:|1758946944
|switch|p1a: Feraligatr|Feraligatr, M|100/100
|turn|3
|
|t:|1758946957
|move|p2a: Basculegion|Wave Crash|p1a: Feraligatr
|-resisted|p1a: Feraligatr
|-damage|p1a: Feraligatr|54/100
|-damage|p2a: Basculegion|60/100|[from] Recoil
|move|p1a: Feraligatr|Dragon Dance|p1a: Feraligatr
|-boost|p1a: Feraligatr|atk|1
|-boost|p1a: Feraligatr|spe|1
|
|-weather|RainDance|[upkeep]
|upkeep
|turn|4
|
|t:|1758946964
|move|p2a: Basculegion|Wave Crash|p1a: Feraligatr
|-resisted|p1a: Feraligatr
|-damage|p1a: Feraligatr|0 fnt
|faint|p1a: Feraligatr
|-damage|p2a: Basculegion|46/100|[from] Recoil
|
|-weather|RainDance|[upkeep]
|upkeep
|
|t:|1758946972
|switch|p1a: Raging Bolt|Raging Bolt|100/100
|-enditem|p1a: Raging Bolt|Booster Energy
|-activate|p1a: Raging Bolt|ability: Protosynthesis|[fromitem]
|-start|p1a: Raging Bolt|protosynthesisspa
|turn|5
|
|t:|1758946975
|move|p1a: Raging Bolt|Thunderclap|p2a: Basculegion
|-supereffective|p2a: Basculegion
|-damage|p2a: Basculegion|0 fnt
|faint|p2a: Basculegion
|
|-weather|RainDance|[upkeep]
|upkeep
|
|t:|1758946977
|switch|p2a: Torkoal|Torkoal, F|100/100
|-weather|SunnyDay|[from] ability: Drought|[of] p2a: Torkoal
|turn|6
|
|t:|1758946982
|move|p1a: Raging Bolt|Draco Meteor|p2a: Torkoal
|-damage|p2a: Torkoal|0 fnt
|-unboost|p1a: Raging Bolt|spa|2
|faint|p2a: Torkoal
|
|-weather|SunnyDay|[upkeep]
|upkeep
|
|t:|1758946989
|switch|p2a: Scovillain|Scovillain, M|100/100
|turn|7
|
|t:|1758946992
|move|p2a: Scovillain|Growth|p2a: Scovillain
|-boost|p2a: Scovillain|atk|2
|-boost|p2a: Scovillain|spa|2
|move|p1a: Raging Bolt|Volt Switch|p2a: Scovillain
|-resisted|p2a: Scovillain
|-damage|p2a: Scovillain|77/100
|
|t:|1758947005
|-end|p1a: Raging Bolt|Protosynthesis|[silent]
|switch|p1a: Zapdos|Zapdos, shiny|100/100|[from] Volt Switch
|
|-weather|SunnyDay|[upkeep]
|upkeep
|turn|8
|
|t:|1758947015
|move|p2a: Scovillain|Flamethrower|p1a: Zapdos
|-damage|p1a: Zapdos|0 fnt
|faint|p1a: Zapdos
|-damage|p2a: Scovillain|67/100|[from] item: Life Orb
|
|-weather|SunnyDay|[upkeep]
|upkeep
|
|t:|1758947037
|switch|p1a: Zamazenta|Zamazenta|100/100
|-ability|p1a: Zamazenta|Dauntless Shield|boost
|-boost|p1a: Zamazenta|def|1
|turn|9
|
|t:|1758947047
|move|p2a: Scovillain|Flamethrower|p1a: Zamazenta
|-damage|p1a: Zamazenta|0 fnt
|faint|p1a: Zamazenta
|-damage|p2a: Scovillain|57/100|[from] item: Life Orb
|
|-weather|SunnyDay|[upkeep]
|-sideend|p1: bludsucca|Reflect
|upkeep
|
|t:|1758947051
|switch|p1a: Weezing|Weezing-Galar, M|100/100
|-ability|p1a: Weezing|Neutralizing Gas
|turn|10
|
|t:|1758947055
|move|p2a: Scovillain|Flamethrower|p1a: Weezing
|-damage|p1a: Weezing|0 fnt
|faint|p1a: Weezing
|-end|p1a: Weezing|ability: Neutralizing Gas
|-damage|p2a: Scovillain|47/100|[from] item: Life Orb
|
|-weather|SunnyDay|[upkeep]
|upkeep
|
|t:|1758947058
|switch|p1a: Raging Bolt|Raging Bolt|100/100
|-activate|p1a: Raging Bolt|ability: Protosynthesis
|-start|p1a: Raging Bolt|protosynthesisspa
|turn|11
|
|t:|1758947064
|move|p1a: Raging Bolt|Thunderclap|p2a: Scovillain
|-resisted|p2a: Scovillain
|-damage|p2a: Scovillain|0 fnt
|faint|p2a: Scovillain
|
|-weather|SunnyDay|[upkeep]
|upkeep
|
|t:|1758947070
|switch|p2a: Primarina|Primarina, M|100/100
|turn|12
|
|t:|1758947076
|-terastallize|p1a: Raging Bolt|Electric
|move|p1a: Raging Bolt|Volt Switch|p2a: Primarina
|-supereffective|p2a: Primarina
|-damage|p2a: Primarina|19/100
|move|p2a: Primarina|Moonblast|p1a: Raging Bolt
|-damage|p1a: Raging Bolt|60/100
|
|-weather|SunnyDay|[upkeep]
|upkeep
|turn|13
|
|t:|1758947085
|move|p1a: Raging Bolt|Volt Switch|p2a: Primarina
|-supereffective|p2a: Primarina
|-damage|p2a: Primarina|0 fnt
|faint|p2a: Primarina
|
|-weather|none
|-end|p1a: Raging Bolt|Protosynthesis
|upkeep
|
|t:|1758947087
|switch|p2a: Sawsbuck|Sawsbuck-Autumn, M|100/100
|turn|14
|
|t:|1758947092
|move|p2a: Sawsbuck|Double-Edge|p1a: Raging Bolt
|-damage|p1a: Raging Bolt|0 fnt
|faint|p1a: Raging Bolt
|-end|p1a: Raging Bolt|Protosynthesis|[silent]
|-damage|p2a: Sawsbuck|71/100|[from] Recoil
|-damage|p2a: Sawsbuck|61/100|[from] item: Life Orb
|
|win|EnjoyedSiren
|raw|bludsucca's rating: 1256 &rarr; <strong>1229</strong><br />(-27 for losing)
|raw|EnjoyedSiren's rating: 1224 &rarr; <strong>1251</strong><br />(+27 for winning)
|l|☆bludsucca
|player|p1|
|l|☆EnjoyedSiren
|player|p2|
