|j|☆gazoil
|j|☆redner bo
|t:|1759007247
|gametype|singles
|player|p1|gazoil|169|1323
|player|p2|redner bo|266|1381
|gen|9
|tier|[Gen 9] OU
|rated|
|rule|HP Percentage Mod: HP is shown in percentages
|rule|Endless Battle Clause: Forcing endless battles is banned
|rule|Species Clause: Limit one of each Pokémon
|rule|OHKO Clause: OHKO moves are banned
|rule|Evasion Items Clause: Evasion items are banned
|rule|Evasion Moves Clause: Evasion moves are banned
|rule|Evasion Abilities Clause: Evasion abilities are banned
|rule|Sleep Moves Clause: Sleep-inducing moves are banned
|clearpoke
|poke|p1|Ribombee, F|
|poke|p1|Primarina, F|
|poke|p1|Weavile, M|
|poke|p1|Heatran, M|
|poke|p1|Cyclizar, F|
|poke|p1|Oricorio-Sensu, F|
|poke|p2|Hydreigon, F|
|poke|p2|Meowscarada, F|
|poke|p2|Volcanion|
|poke|p2|Hatterene, F|
|poke|p2|Gholdengo|
|poke|p2|Gliscor, M|
|teampreview
|
|t:|1759007257
|teamsize|p1|6
|teamsize|p2|6
|start
|switch|p1a: Ribombee|Ribombee, F|100/100
|switch|p2a: Gholdengo|Gholdengo, shiny|100/100
|turn|1
|
|t:|1759007266
|switch|p1a: Heatran|Heatran, M|100/100
|-item|p1a: Heatran|Air Balloon
|move|p2a: Gholdengo|Nasty Plot|p2a: Gholdengo
|-boost|p2a: Gholdengo|spa|2
|
|upkeep
|turn|2
|
|t:|1759007275
|move|p2a: Gholdengo|Shadow Ball|p1a: Heatran
|-damage|p1a: Heatran|31/100
|-enditem|p1a: Heatran|Air Balloon
|move|p1a: Heatran|Magma Storm|p2a: Gholdengo
|-supereffective|p2a: Gholdengo
|-damage|p2a: Gholdengo|0 fnt
|faint|p2a: Gholdengo
|
|upkeep
|
|t:|1759007286
|switch|p2a: Hydreigon|Hydreigon, F|100/100
|turn|3
|
|t:|1759007290
|move|p2a: Hydreigon|Stealth Rock|p1a: Heatran
|-sidestart|p1: gazoil|move: Stealth Rock
|move|p1a: Heatran|Taunt|p2a: Hydreigon
|-start|p2a: Hydreigon|move: Taunt
|
|upkeep
|turn|4
|
|t:|1759007300
|move|p2a: Hydreigon|Dark Pulse|p1a: Heatran
|-damage|p1a: Heatran|0 fnt
|faint|p1a: Heatran
|
|upkeep
|
|t:|1759007305
|switch|p1a: Cyclizar|Cyclizar, F|100/100
|-damage|p1a: Cyclizar|88/100|[from] Stealth Rock
|turn|5
|
|t:|1759007311
|move|p1a: Cyclizar|Rapid Spin|p2a: Hydreigon
|-damage|p2a: Hydreigon|79/100
|-boost|p1a: Cyclizar|spe|1
|-sideend|p1: gazoil|Stealth Rock|[from] move: Rapid Spin|[of] p1a: Cyclizar
|move|p2a: Hydreigon|Draco Meteor|p1a: Cyclizar
|-supereffective|p1a: Cyclizar
|-damage|p1a: Cyclizar|0 fnt
|-unboost|p2a: Hydreigon|spa|2
|faint|p1a: Cyclizar
|
|upkeep
|
|t:|1759007320
|switch|p1a: Ribombee|Ribombee, F|100/100
|turn|6
|
|t:|1759007330
|switch|p2a: Hatterene|Hatterene, F|100/100
|move|p1a: Ribombee|Moonblast|p2a: Hatterene
|-damage|p2a: Hatterene|61/100
|
|-heal|p2a: Hatterene|67/100|[from] item: Leftovers
|upkeep
|turn|7
|
|t:|1759007339
|move|p1a: Ribombee|Moonblast|p2a: Hatterene
|-damage|p2a: Hatterene|27/100
|move|p2a: Hatterene|Calm Mind|p2a: Hatterene
|-boost|p2a: Hatterene|spa|1
|-boost|p2a: Hatterene|spd|1
|
|-heal|p2a: Hatterene|33/100|[from] item: Leftovers
|upkeep
|turn|8
|
|t:|1759007347
|move|p1a: Ribombee|Moonblast|p2a: Hatterene
|-damage|p2a: Hatterene|9/100
|move|p2a: Hatterene|Draining Kiss|p1a: Ribombee
|-damage|p1a: Ribombee|24/100
|-heal|p2a: Hatterene|56/100|[from] drain|[of] p1a: Ribombee
|
|-heal|p2a: Hatterene|62/100|[from] item: Leftovers
|upkeep
|turn|9
|
|t:|1759007356
|switch|p1a: Weavile|Weavile, M|100/100
|-ability|p1a: Weavile|Pressure
|move|p2a: Hatterene|Draining Kiss|p1a: Weavile
|-supereffective|p1a: Weavile
|-damage|p1a: Weavile|0 fnt
|-heal|p2a: Hatterene|100/100|[from] drain|[of] p1a: Weavile
|faint|p1a: Weavile
|
|upkeep
|
|t:|1759007364
|switch|p1a: Oricorio|Oricorio-Sensu, F|100/100
|turn|10
|
|t:|1759007368
|move|p1a: Oricorio|Quiver Dance|p1a: Oricorio
|-boost|p1a: Oricorio|spa|1
|-boost|p1a: Oricorio|spd|1
|-boost|p1a: Oricorio|spe|1
|move|p2a: Hatterene|Draining Kiss|p1a: Oricorio
|-damage|p1a: Oricorio|54/100
|
|upkeep
|turn|11
|
|t:|1759007376
|move|p1a: Oricorio|Quiver Dance|p1a: Oricorio
|-boost|p1a: Oricorio|spa|1
|-boost|p1a: Oricorio|spd|1
|-boost|p1a: Oricorio|spe|1
|move|p2a: Hatterene|Draining Kiss|p1a: Oricorio
|-damage|p1a: Oricorio|21/100
|
|upkeep
|turn|12
|
|t:|1759007382
|move|p1a: Oricorio|Roost|p1a: Oricorio
|-heal|p1a: Oricorio|71/100
|-singleturn|p1a: Oricorio|move: Roost
|move|p2a: Hatterene|Draining Kiss|p1a: Oricorio
|-damage|p1a: Oricorio|37/100
|
|upkeep
|turn|13
|
|t:|1759007389
|move|p1a: Oricorio|Roost|p1a: Oricorio
|-heal|p1a: Oricorio|87/100
|-singleturn|p1a: Oricorio|move: Roost
|move|p2a: Hatterene|Calm Mind|p2a: Hatterene
|-boost|p2a: Hatterene|spa|1
|-boost|p2a: Hatterene|spd|1
|
|upkeep
|turn|14
|
|t:|1759007395
|move|p1a: Oricorio|Revelation Dance|p2a: Hatterene
|-supereffective|p2a: Hatterene
|-damage|p2a: Hatterene|30/100
|move|p2a: Hatterene|Stored Power|p1a: Oricorio
|-damage|p1a: Oricorio|0 fnt
|faint|p1a: Oricorio
|
|-heal|p2a: Hatterene|36/100|[from] item: Leftovers
|upkeep
|
|t:|1759007404
|switch|p1a: Primarina|Primarina, F|100/100
|turn|15
|
|t:|1759007412
|move|p1a: Primarina|Moonblast|p2a: Hatterene
|-damage|p2a: Hatterene|11/100
|-unboost|p2a: Hatterene|spa|1
|move|p2a: Hatterene|Stored Power|p1a: Primarina
|-damage|p1a: Primarina|56/100
|
|-heal|p2a: Hatterene|17/100|[from] item: Leftovers
|upkeep
|turn|16
|
|t:|1759007420
|move|p1a: Primarina|Moonblast|p2a: Hatterene
|-damage|p2a: Hatterene|0 fnt
|faint|p2a: Hatterene
|
|upkeep
|
|t:|1759007425
|switch|p2a: Meowscarada|Meowscarada, F|100/100
|turn|17
|
|t:|1759007433
|-terastallize|p1a: Primarina|Steel
|move|p2a: Meowscarada|Flower Trick|p1a: Primarina
|-start|p2a: Meowscarada|typechange|Grass|[from] ability: Protean
|-resisted|p1a: Primarina
|-crit|p1a: Primarina
|-damage|p1a: Primarina|23/100
|move|p1a: Primarina|Moonblast|p2a: Meowscarada
|-damage|p2a: Meowscarada|22/100
|
|upkeep
|turn|18
|
|t:|1759007442
|move|p2a: Meowscarada|Flower Trick|p1a: Primarina
|-resisted|p1a: Primarina
|-crit|p1a: Primarina
|-damage|p1a: Primarina|0 fnt
|faint|p1a: Primarina
|
|upkeep
|
|t:|1759007447
|switch|p1a: Ribombee|Ribombee, F|24/100
|turn|19
|
|t:|1759007450
|move|p2a: Meowscarada|Flower Trick|p1a: Ribombee
|-resisted|p1a: Ribombee
|-crit|p1a: Ribombee
|-damage|p1a: Ribombee|0 fnt
|faint|p1a: Ribombee
|
|win|redner bo
|raw|gazoil's rating: 1323 &rarr; <strong>1306</strong><br />(-17 for losing)
|raw|redner bo's rating: 1381 &rarr; <strong>1398</strong><br />(+17 for winning)
|l|☆redner bo
|player|p2|
|l|☆gazoil
|player|p1|
