|j|☆Omari P
|j|☆GummyDeino
|t:|1759019295
|gametype|singles
|player|p1|Omari P|pokemonrangerf|1784
|player|p2|GummyDeino|2|1715
|gen|9
|tier|[Gen 9] OU
|rated|
|rule|HP Percentage Mod: HP is shown in percentages
|rule|Endless Battle Clause: Forcing endless battles is banned
|rule|Species Clause: Limit one of each Pokémon
|rule|OHKO Clause: OHKO moves are banned
|rule|Evasion Items Clause: Evasion items are banned
|rule|Evasion Moves Clause: Evasion moves are banned
|rule|Evasion Abilities Clause: Evasion abilities are banned
|rule|Sleep Moves Clause: Sleep-inducing moves are banned
|clearpoke
|poke|p1|Cinderace, F|
|poke|p1|Volcanion|
|poke|p1|Torkoal, M|
|poke|p1|Mandibuzz, F|
|poke|p1|Great Tusk|
|poke|p1|Fezandipiti, M|
|poke|p2|Indeedee, M|
|poke|p2|Hatterene, F|
|poke|p2|Ursaluna, F|
|poke|p2|Iron Hands|
|poke|p2|Hoopa-Unbound|
|poke|p2|Mimikyu, F|
|teampreview
|inactive|Battle timer is ON: inactive players will automatically lose when time's up. (requested by GummyDeino)
|inactive|Omari P has 120 seconds left.
|inactive|Omari P has 90 seconds left.
|
|t:|1759019368
|teamsize|p1|6
|teamsize|p2|6
|start
|switch|p1a: Torkoal|Torkoal, M, shiny|100/100
|switch|p2a: Machine|Iron Hands, shiny|100/100
|-weather|SunnyDay|[from] ability: Drought|[of] p1a: Torkoal
|-enditem|p2a: Machine|Booster Energy
|-activate|p2a: Machine|ability: Quark Drive|[fromitem]
|-start|p2a: Machine|quarkdriveatk
|turn|1
|
|t:|1759019378
|move|p2a: Machine|Close Combat|p1a: Torkoal
|-damage|p1a: Torkoal|36/100
|-unboost|p2a: Machine|def|1
|-unboost|p2a: Machine|spd|1
|move|p1a: Torkoal|Stealth Rock|p2a: Machine
|-sidestart|p2: GummyDeino|move: Stealth Rock
|
|-weather|SunnyDay|[upkeep]
|upkeep
|turn|2
|
|t:|1759019387
|move|p2a: Machine|Close Combat|p1a: Torkoal
|-damage|p1a: Torkoal|0 fnt
|-unboost|p2a: Machine|def|1
|-unboost|p2a: Machine|spd|1
|faint|p1a: Torkoal
|
|-weather|SunnyDay|[upkeep]
|upkeep
|
|t:|1759019389
|switch|p1a: Cinderace|Cinderace, F|100/100
|turn|3
|
|t:|1759019398
|-end|p2a: Machine|Quark Drive|[silent]
|switch|p2a: Mimi|Mimikyu, F, shiny|100/100
|-damage|p2a: Mimi|88/100|[from] Stealth Rock
|move|p1a: Cinderace|Pyro Ball|p2a: Mimi
|-activate|p2a: Mimi|ability: Disguise
|-damage|p2a: Mimi|88/100
|detailschange|p2a: Mimi|Mimikyu-Busted, F, shiny
|-damage|p2a: Mimi|76/100|[from] pokemon: Mimikyu-Busted
|-enditem|p2a: Mimi|Red Card|[of] p1a: Cinderace
|drag|p1a: Chihiro|Fezandipiti, M|100/100
|
|-weather|SunnyDay|[upkeep]
|upkeep
|turn|4
|
|t:|1759019411
|move|p1a: Chihiro|Sludge Bomb|p2a: Mimi
|-damage|p2a: Mimi|39/100
|move|p2a: Mimi|Trick Room|p2a: Mimi
|-fieldstart|move: Trick Room|[of] p2a: Mimi
|
|-weather|SunnyDay|[upkeep]
|upkeep
|turn|5
|
|t:|1759019417
|move|p2a: Mimi|Curse|p1a: Chihiro
|-start|p1a: Chihiro|Curse|[of] p2a: Mimi
|-damage|p2a: Mimi|0 fnt
|faint|p2a: Mimi
|move|p1a: Chihiro|Sludge Bomb|p2: Mimi|[notarget]
|-fail|p1a: Chihiro
|
|-weather|SunnyDay|[upkeep]
|-damage|p1a: Chihiro|75/100|[from] Curse
|upkeep
|
|t:|1759019426
|switch|p2a: Stampede|Ursaluna, F, shiny|100/100
|-damage|p2a: Stampede|94/100|[from] Stealth Rock
|turn|6
|
|t:|1759019431
|switch|p1a: Omari P Bird|Mandibuzz, F, shiny|100/100
|move|p2a: Stampede|Headlong Rush|p1a: Omari P Bird
|-immune|p1a: Omari P Bird
|
|-weather|SunnyDay|[upkeep]
|-status|p2a: Stampede|brn|[from] item: Flame Orb
|upkeep
|turn|7
|
|t:|1759019440
|move|p2a: Stampede|Supercell Slam|p1a: Omari P Bird
|-supereffective|p1a: Omari P Bird
|-damage|p1a: Omari P Bird|31/100
|-damage|p2a: Stampede|78/100 brn|[from] item: Rocky Helmet|[of] p1a: Omari P Bird
|move|p1a: Omari P Bird|Roost|p1a: Omari P Bird
|-heal|p1a: Omari P Bird|81/100
|-singleturn|p1a: Omari P Bird|move: Roost
|
|-weather|SunnyDay|[upkeep]
|-damage|p2a: Stampede|72/100 brn|[from] brn
|upkeep
|turn|8
|
|t:|1759019452
|move|p2a: Stampede|Ice Punch|p1a: Omari P Bird
|-supereffective|p1a: Omari P Bird
|-damage|p1a: Omari P Bird|28/100
|-damage|p2a: Stampede|55/100 brn|[from] item: Rocky Helmet|[of] p1a: Omari P Bird
|move|p1a: Omari P Bird|Roost|p1a: Omari P Bird
|-heal|p1a: Omari P Bird|78/100
|-singleturn|p1a: Omari P Bird|move: Roost
|
|-weather|none
|-damage|p2a: Stampede|49/100 brn|[from] brn
|-fieldend|move: Trick Room
|upkeep
|turn|9
|
|t:|1759019465
|switch|p2a: Scientist|Indeedee, M, shiny|100/100
|-damage|p2a: Scientist|88/100|[from] Stealth Rock
|-fieldstart|move: Psychic Terrain|[from] ability: Psychic Surge|[of] p2a: Scientist
|move|p1a: Omari P Bird|Foul Play|p2a: Scientist
|-supereffective|p2a: Scientist
|-damage|p2a: Scientist|52/100
|
|upkeep
|turn|10
|
|t:|1759019475
|move|p1a: Omari P Bird|Defog|p2a: Scientist
|-unboost|p2a: Scientist|evasion|1
|-sideend|p2: GummyDeino|Stealth Rock|[from] move: Defog|[of] p1a: Omari P Bird
|-fieldend|move: Psychic Terrain
|move|p2a: Scientist|Trick Room|p2a: Scientist
|-fieldstart|move: Trick Room|[of] p2a: Scientist
|
|upkeep
|turn|11
|
|t:|1759019486
|move|p1a: Omari P Bird|Foul Play|p2a: Scientist
|-supereffective|p2a: Scientist
|-damage|p2a: Scientist|17/100
|move|p2a: Scientist|Encore|p1a: Omari P Bird
|-start|p1a: Omari P Bird|Encore
|
|upkeep
|turn|12
|
|t:|1759019502
|switch|p2a: Witch|Hatterene, F, shiny|100/100
|move|p1a: Omari P Bird|Foul Play|p2a: Witch
|-damage|p2a: Witch|71/100
|
|upkeep
|turn|13
|
|t:|1759019510
|switch|p1a: Cinderace|Cinderace, F|100/100
|move|p2a: Witch|Draining Kiss|p1a: Cinderace
|-resisted|p1a: Cinderace
|-damage|p1a: Cinderace|71/100
|-heal|p2a: Witch|93/100|[from] drain|[of] p1a: Cinderace
|-damage|p2a: Witch|83/100|[from] item: Life Orb
|
|upkeep
|turn|14
|
|t:|1759019518
|move|p1a: Cinderace|Sucker Punch|p2a: Witch
|-start|p1a: Cinderace|typechange|Dark|[from] ability: Libero
|-damage|p2a: Witch|42/100
|move|p2a: Witch|Expanding Force|p1a: Cinderace
|-immune|p1a: Cinderace
|
|-fieldend|move: Trick Room
|upkeep
|turn|15
|
|t:|1759019527
|switch|p2a: Machine|Iron Hands, shiny|100/100
|move|p1a: Cinderace|Pyro Ball|p2a: Machine
|-crit|p2a: Machine
|-damage|p2a: Machine|48/100
|
|upkeep
|turn|16
|
|t:|1759019535
|switch|p1a: Volcanion|Volcanion|100/100
|move|p2a: Machine|Close Combat|p1a: Volcanion
|-damage|p1a: Volcanion|38/100
|-unboost|p2a: Machine|def|1
|-unboost|p2a: Machine|spd|1
|
|upkeep
|turn|17
|
|t:|1759019542
|move|p1a: Volcanion|Steam Eruption|p2a: Machine
|-damage|p2a: Machine|0 fnt
|faint|p2a: Machine
|-end|p2a: Machine|Quark Drive|[silent]
|
|upkeep
|
|t:|1759019548
|switch|p2a: Scientist|Indeedee, M, shiny|17/100
|-fieldstart|move: Psychic Terrain|[from] ability: Psychic Surge|[of] p2a: Scientist
|turn|18
|
|t:|1759019570
|switch|p2a: Catastrophe|Hoopa-Unbound|100/100
|-enditem|p2a: Catastrophe|Psychic Seed
|-boost|p2a: Catastrophe|spd|1|[from] item: Psychic Seed
|move|p1a: Volcanion|Steam Eruption|p2a: Catastrophe
|-damage|p2a: Catastrophe|53/100
|
|upkeep
|turn|19
|
|t:|1759019578
|move|p1a: Volcanion|Steam Eruption|p2a: Catastrophe
|-damage|p2a: Catastrophe|4/100
|-status|p2a: Catastrophe|brn
|move|p2a: Catastrophe|Trick Room|p2a: Catastrophe
|-fieldstart|move: Trick Room|[of] p2a: Catastrophe
|
|-damage|p2a: Catastrophe|0 fnt|[from] brn
|faint|p2a: Catastrophe
|upkeep
|
|t:|1759019588
|switch|p2a: Stampede|Ursaluna, F, shiny|49/100 brn
|turn|20
|
|t:|1759019609
|move|p2a: Stampede|Facade|p1a: Volcanion
|-damage|p1a: Volcanion|0 fnt
|faint|p1a: Volcanion
|
|-damage|p2a: Stampede|43/100 brn|[from] brn
|upkeep
|
|t:|1759019613
|switch|p1a: Omari P Bird|Mandibuzz, F, shiny|78/100
|turn|21
|
|t:|1759019620
|-terastallize|p2a: Stampede|Normal
|move|p2a: Stampede|Facade|p1a: Omari P Bird
|-damage|p1a: Omari P Bird|0 fnt
|-damage|p2a: Stampede|26/100 brn|[from] item: Rocky Helmet|[of] p1a: Omari P Bird
|faint|p1a: Omari P Bird
|
|-damage|p2a: Stampede|20/100 brn|[from] brn
|upkeep
|
|t:|1759019628
|switch|p1a: Chihiro|Fezandipiti, M|75/100
|turn|22
|
|t:|1759019631
|move|p2a: Stampede|Facade|p1a: Chihiro
|-damage|p1a: Chihiro|0 fnt
|faint|p1a: Chihiro
|
|-damage|p2a: Stampede|14/100 brn|[from] brn
|upkeep
|
|t:|1759019637
|switch|p1a: Haku|Great Tusk, shiny|100/100
|turn|23
|
|t:|1759019641
|move|p2a: Stampede|Facade|p1a: Haku
|-damage|p1a: Haku|0 fnt
|faint|p1a: Haku
|-end|p1a: Haku|Protosynthesis|[silent]
|
|-damage|p2a: Stampede|8/100 brn|[from] brn
|-fieldend|move: Trick Room
|upkeep
|
|t:|1759019643
|switch|p1a: Cinderace|Cinderace, F|71/100
|turn|24
|
|t:|1759019651
|switch|p2a: Scientist|Indeedee, M, shiny|17/100
|move|p1a: Cinderace|Pyro Ball|p2a: Scientist
|-damage|p2a: Scientist|0 fnt
|faint|p2a: Scientist
|
|upkeep
|
|t:|1759019658
|switch|p2a: Witch|Hatterene, F, shiny|42/100
|turn|25
|
|t:|1759019678
|move|p1a: Cinderace|Pyro Ball|p2a: Witch
|-damage|p2a: Witch|0 fnt
|faint|p2a: Witch
|
|-fieldend|move: Psychic Terrain
|upkeep
|
|t:|1759019692
|switch|p2a: Stampede|Ursaluna, F, shiny, tera:Normal|8/100 brn
|turn|26
|-message|GummyDeino forfeited.
|
|win|Omari P
|raw|Omari P's rating: 1802 &rarr; <strong>1817</strong><br />(+15 for winning)
|raw|GummyDeino's rating: 1715 &rarr; <strong>1700</strong><br />(-15 for losing)
|l|☆GummyDeino
|player|p2|
