|j|☆bornusdino
|j|☆Samarand
|t:|1758966743
|gametype|singles
|player|p1|bornusdino|miku-ground|1434
|player|p2|Samarand|veteranf|1411
|gen|9
|tier|[Gen 9] OU
|rated|
|rule|HP Percentage Mod: HP is shown in percentages
|rule|Endless Battle Clause: Forcing endless battles is banned
|rule|Species Clause: Limit one of each Pokémon
|rule|OHKO Clause: OHKO moves are banned
|rule|Evasion Items Clause: Evasion items are banned
|rule|Evasion Moves Clause: Evasion moves are banned
|rule|Evasion Abilities Clause: Evasion abilities are banned
|rule|Sleep Moves Clause: Sleep-inducing moves are banned
|clearpoke
|poke|p1|Walking Wake|
|poke|p1|Raging Bolt|
|poke|p1|Hatterene, F|
|poke|p1|Torkoal, M|
|poke|p1|Venusaur, M|
|poke|p1|Ceruledge, M|
|poke|p2|Delphox, F|
|poke|p2|Glimmora, F|
|poke|p2|Toucannon, M|
|poke|p2|Primarina, M|
|poke|p2|Meowscarada, F|
|poke|p2|Iron Treads|
|teampreview
|inactive|Battle timer is ON: inactive players will automatically lose when time's up. (requested by bornusdino)
|
|t:|1758966764
|teamsize|p1|6
|teamsize|p2|6
|start
|switch|p1a: Torkoal|Torkoal, M|100/100
|switch|p2a: Glimmora|Glimmora, F|100/100
|-weather|SunnyDay|[from] ability: Drought|[of] p1a: Torkoal
|turn|1
|
|t:|1758966780
|switch|p1a: Hatterene|Hatterene, F|100/100
|move|p2a: Glimmora|Power Gem|p1a: Hatterene
|-damage|p1a: Hatterene|49/100
|-enditem|p1a: Hatterene|Eject Button
|
|t:|1758966784
|switch|p1a: Walking Wake|Walking Wake|100/100
|-activate|p1a: Walking Wake|ability: Protosynthesis
|-start|p1a: Walking Wake|protosynthesisspe
|
|-weather|SunnyDay|[upkeep]
|upkeep
|turn|2
|
|t:|1758966788
|switch|p2a: Primarina|Primarina, M|100/100
|move|p1a: Walking Wake|Hydro Steam|p2a: Primarina
|-resisted|p2a: Primarina
|-damage|p2a: Primarina|63/100
|
|-weather|SunnyDay|[upkeep]
|-heal|p2a: Primarina|69/100|[from] item: Leftovers
|upkeep
|turn|3
|
|t:|1758966791
|-end|p1a: Walking Wake|Protosynthesis|[silent]
|switch|p1a: Raging Bolt|Raging Bolt|100/100
|-activate|p1a: Raging Bolt|ability: Protosynthesis
|-start|p1a: Raging Bolt|protosynthesisspa
|move|p2a: Primarina|Moonblast|p1a: Raging Bolt
|-supereffective|p1a: Raging Bolt
|-damage|p1a: Raging Bolt|42/100
|
|-weather|SunnyDay|[upkeep]
|-heal|p2a: Primarina|75/100|[from] item: Leftovers
|upkeep
|turn|4
|
|t:|1758966798
|switch|p2a: Iron Treads|Iron Treads|100/100
|move|p1a: Raging Bolt|Thunderclap||[still]
|-fail|p1a: Raging Bolt
|
|-weather|SunnyDay|[upkeep]
|upkeep
|turn|5
|
|t:|1758966811
|-end|p1a: Raging Bolt|Protosynthesis|[silent]
|switch|p1a: Hatterene|Hatterene, F|49/100
|move|p2a: Iron Treads|Stealth Rock|p1a: Hatterene
|move|p1a: Hatterene|Stealth Rock|p2a: Iron Treads|[from] ability: Magic Bounce
|-sidestart|p2: Samarand|move: Stealth Rock
|
|-weather|SunnyDay|[upkeep]
|upkeep
|turn|6
|
|t:|1758966817
|-end|p2a: Iron Treads|Quark Drive|[silent]
|switch|p2a: Delphox|Delphox, F|100/100
|-damage|p2a: Delphox|76/100|[from] Stealth Rock
|move|p1a: Hatterene|Healing Wish|p1a: Hatterene
|faint|p1a: Hatterene
|
|-weather|SunnyDay|[upkeep]
|upkeep
|
|t:|1758966822
|switch|p1a: Walking Wake|Walking Wake|100/100
|-activate|p1a: Walking Wake|ability: Protosynthesis
|-start|p1a: Walking Wake|protosynthesisspe
|turn|7
|
|t:|1758966833
|move|p1a: Walking Wake|Hydro Steam|p2a: Delphox
|-supereffective|p2a: Delphox
|-damage|p2a: Delphox|0 fnt
|faint|p2a: Delphox
|
|-weather|SunnyDay|[upkeep]
|upkeep
|
|t:|1758966837
|switch|p2a: Primarina|Primarina, M|75/100
|-damage|p2a: Primarina|62/100|[from] Stealth Rock
|turn|8
|
|t:|1758966842
|-terastallize|p1a: Walking Wake|Water
|move|p1a: Walking Wake|Hydro Steam|p2a: Primarina
|-resisted|p2a: Primarina
|-damage|p2a: Primarina|10/100
|move|p2a: Primarina|Draining Kiss|p1a: Walking Wake
|-damage|p1a: Walking Wake|65/100
|-heal|p2a: Primarina|35/100|[from] drain|[of] p1a: Walking Wake
|
|-weather|none
|-end|p1a: Walking Wake|Protosynthesis
|-heal|p2a: Primarina|41/100|[from] item: Leftovers
|upkeep
|turn|9
|
|t:|1758966852
|-end|p1a: Walking Wake|Protosynthesis|[silent]
|switch|p1a: Torkoal|Torkoal, M|100/100
|-weather|SunnyDay|[from] ability: Drought|[of] p1a: Torkoal
|move|p2a: Primarina|Moonblast|p1a: Torkoal
|-resisted|p1a: Torkoal
|-damage|p1a: Torkoal|68/100
|-unboost|p1a: Torkoal|spa|1
|
|-weather|SunnyDay|[upkeep]
|-heal|p2a: Primarina|47/100|[from] item: Leftovers
|upkeep
|turn|10
|
|t:|1758966858
|switch|p1a: Venusaur|Venusaur, M|100/100
|move|p2a: Primarina|Surf|p1a: Venusaur
|-resisted|p1a: Venusaur
|-damage|p1a: Venusaur|87/100
|
|-weather|SunnyDay|[upkeep]
|-heal|p2a: Primarina|53/100|[from] item: Leftovers
|upkeep
|turn|11
|
|t:|1758966873
|switch|p2a: Glimmora|Glimmora, F|100/100
|-damage|p2a: Glimmora|88/100|[from] Stealth Rock
|move|p1a: Venusaur|Growth|p1a: Venusaur
|-boost|p1a: Venusaur|atk|2
|-boost|p1a: Venusaur|spa|2
|
|-weather|SunnyDay|[upkeep]
|upkeep
|turn|12
|
|t:|1758966882
|-terastallize|p2a: Glimmora|Grass
|move|p1a: Venusaur|Giga Drain|p2a: Glimmora
|-resisted|p2a: Glimmora
|-damage|p2a: Glimmora|56/100
|-heal|p1a: Venusaur|100/100|[from] drain|[of] p2a: Glimmora
|-damage|p1a: Venusaur|91/100|[from] item: Life Orb
|move|p2a: Glimmora|Mortal Spin|p1a: Venusaur
|-damage|p1a: Venusaur|83/100
|-sideend|p2: Samarand|Stealth Rock|[from] move: Mortal Spin|[of] p2a: Glimmora
|
|-weather|SunnyDay|[upkeep]
|upkeep
|turn|13
|
|t:|1758966904
|move|p1a: Venusaur|Weather Ball|p2a: Glimmora
|-supereffective|p2a: Glimmora
|-damage|p2a: Glimmora|0 fnt
|faint|p2a: Glimmora
|-damage|p1a: Venusaur|73/100|[from] item: Life Orb
|
|-weather|SunnyDay|[upkeep]
|upkeep
|
|t:|1758966907
|switch|p2a: Toucannon|Toucannon, M|100/100
|turn|14
|
|t:|1758966918
|-singleturn|p2a: Toucannon|move: Beak Blast
|move|p1a: Venusaur|Weather Ball|p2a: Toucannon
|-damage|p2a: Toucannon|0 fnt
|faint|p2a: Toucannon
|-damage|p1a: Venusaur|63/100|[from] item: Life Orb
|
|-weather|SunnyDay|[upkeep]
|upkeep
|
|t:|1758966938
|switch|p2a: Meowscarada|Meowscarada, F|100/100
|turn|15
|
|t:|1758966940
|move|p1a: Venusaur|Weather Ball|p2a: Meowscarada
|-supereffective|p2a: Meowscarada
|-damage|p2a: Meowscarada|0 fnt
|faint|p2a: Meowscarada
|-damage|p1a: Venusaur|53/100|[from] item: Life Orb
|
|-weather|SunnyDay|[upkeep]
|upkeep
|-message|Samarand forfeited.
|
|win|bornusdino
|raw|bornusdino's rating: 1434 &rarr; <strong>1453</strong><br />(+19 for winning)
|raw|Samarand's rating: 1411 &rarr; <strong>1392</strong><br />(-19 for losing)
|l|☆Samarand
|player|p2|
|l|☆bornusdino
|player|p1|
