|j|☆Dxvofauni
|j|☆sixsevenlowtaper
|t:|1758922288
|gametype|singles
|player|p1|Dxvofauni|volkner|1377
|player|p2|sixsevenlowtaper|brendan|1378
|gen|9
|tier|[Gen 9] OU
|rated|
|rule|HP Percentage Mod: HP is shown in percentages
|rule|Endless Battle Clause: Forcing endless battles is banned
|rule|Species Clause: Limit one of each Pokémon
|rule|OHKO Clause: OHKO moves are banned
|rule|Evasion Items Clause: Evasion items are banned
|rule|Evasion Moves Clause: Evasion moves are banned
|rule|Evasion Abilities Clause: Evasion abilities are banned
|rule|Sleep Moves Clause: Sleep-inducing moves are banned
|clearpoke
|poke|p1|Bombirdier, F|
|poke|p1|Slither Wing|
|poke|p1|Kilowattrel, M|
|poke|p1|Mudsdale, M|
|poke|p1|Jirachi|
|poke|p1|Ogerpon-Wellspring, F|
|poke|p2|Dragapult, M|
|poke|p2|Glimmora, M|
|poke|p2|Comfey, M|
|poke|p2|Kingambit, M|
|poke|p2|Ogerpon-Wellspring, F|
|poke|p2|Blaziken, M|
|teampreview
|inactive|Battle timer is ON: inactive players will automatically lose when time's up. (requested by sixsevenlowtaper)
|
|t:|1758922299
|teamsize|p1|6
|teamsize|p2|6
|start
|switch|p1a: Jirachi|Jirachi|100/100
|switch|p2a: Skillzi|Blaziken, M, shiny|100/100
|turn|1
|
|t:|1758922309
|move|p2a: Skillzi|Protect|p2a: Skillzi
|-singleturn|p2a: Skillzi|Protect
|move|p1a: Jirachi|Zen Headbutt|p2a: Skillzi
|-activate|p2a: Skillzi|move: Protect
|
|-ability|p2a: Skillzi|Speed Boost|boost
|-boost|p2a: Skillzi|spe|1
|upkeep
|turn|2
|
|t:|1758922316
|switch|p1a: Mudsdale|Mudsdale, M|100/100
|move|p2a: Skillzi|Flare Blitz|p1a: Mudsdale
|-damage|p1a: Mudsdale|51/100
|-ability|p1a: Mudsdale|Stamina|boost
|-boost|p1a: Mudsdale|def|1
|-damage|p2a: Skillzi|79/100|[from] Recoil
|-damage|p2a: Skillzi|69/100|[from] item: Life Orb
|
|-heal|p1a: Mudsdale|57/100|[from] item: Leftovers
|-ability|p2a: Skillzi|Speed Boost|boost
|-boost|p2a: Skillzi|spe|1
|upkeep
|turn|3
|
|t:|1758922325
|switch|p2a: Unclepon|Ogerpon-Wellspring, F|100/100
|move|p1a: Mudsdale|Rest|p1a: Mudsdale
|-status|p1a: Mudsdale|slp|[from] move: Rest
|-heal|p1a: Mudsdale|100/100 slp|[silent]
|
|upkeep
|turn|4
|
|t:|1758922334
|-terastallize|p1a: Mudsdale|Water
|move|p2a: Unclepon|Ivy Cudgel|p1a: Mudsdale|[anim] Ivy Cudgel Water
|-resisted|p1a: Mudsdale
|-crit|p1a: Mudsdale
|-damage|p1a: Mudsdale|71/100 slp
|-ability|p1a: Mudsdale|Stamina|boost
|-boost|p1a: Mudsdale|def|1
|cant|p1a: Mudsdale|slp
|move|p1a: Mudsdale|Sleep Talk|p1a: Mudsdale
|move|p1a: Mudsdale|Earthquake|p2a: Unclepon|[from] move: Sleep Talk
|-resisted|p2a: Unclepon
|-damage|p2a: Unclepon|71/100
|
|-heal|p1a: Mudsdale|77/100 slp|[from] item: Leftovers
|upkeep
|turn|5
|
|t:|1758922346
|move|p2a: Unclepon|U-turn|p1a: Mudsdale
|-damage|p1a: Mudsdale|69/100 slp
|-ability|p1a: Mudsdale|Stamina|boost
|-boost|p1a: Mudsdale|def|1
|
|t:|1758922349
|switch|p2a: Trebuchet|Dragapult, M, shiny|100/100|[from] U-turn
|cant|p1a: Mudsdale|slp
|move|p1a: Mudsdale|Sleep Talk|p1a: Mudsdale
|move|p1a: Mudsdale|Body Press|p2a: Trebuchet|[from] move: Sleep Talk
|-immune|p2a: Trebuchet
|
|-heal|p1a: Mudsdale|75/100 slp|[from] item: Leftovers
|upkeep
|turn|6
|
|t:|1758922365
|-terastallize|p2a: Trebuchet|Dragon
|move|p2a: Trebuchet|Draco Meteor|p1a: Mudsdale
|-damage|p1a: Mudsdale|0 fnt
|-unboost|p2a: Trebuchet|spa|2
|faint|p1a: Mudsdale
|-damage|p2a: Trebuchet|91/100|[from] item: Life Orb
|
|upkeep
|
|t:|1758922370
|switch|p1a: Bombirdier|Bombirdier, F|100/100
|turn|7
|
|t:|1758922378
|switch|p2a: Miche|Glimmora, M, shiny|100/100
|move|p1a: Bombirdier|Sucker Punch||[still]
|-fail|p1a: Bombirdier
|
|upkeep
|turn|8
|
|t:|1758922385
|switch|p1a: Jirachi|Jirachi|100/100
|move|p2a: Miche|Power Gem|p1a: Jirachi
|-resisted|p1a: Jirachi
|-damage|p1a: Jirachi|82/100
|
|upkeep
|turn|9
|
|t:|1758922393
|switch|p2a: 50/50|Kingambit, M, shiny|100/100
|move|p1a: Jirachi|Iron Head|p2a: 50/50
|-resisted|p2a: 50/50
|-damage|p2a: 50/50|88/100
|
|-heal|p2a: 50/50|94/100|[from] item: Leftovers
|upkeep
|turn|10
|
|t:|1758922399
|switch|p1a: Slither Wing|Slither Wing|100/100
|-enditem|p1a: Slither Wing|Booster Energy
|-activate|p1a: Slither Wing|ability: Protosynthesis|[fromitem]
|-start|p1a: Slither Wing|protosynthesisatk
|move|p2a: 50/50|Swords Dance|p2a: 50/50
|-boost|p2a: 50/50|atk|2
|
|-heal|p2a: 50/50|99/100|[from] item: Leftovers
|upkeep
|turn|11
|
|t:|1758922406
|-end|p2a: 50/50|fallenundefined|[silent]
|switch|p2a: Eville|Comfey, M, shiny|100/100
|move|p1a: Slither Wing|Close Combat|p2a: Eville
|-resisted|p2a: Eville
|-damage|p2a: Eville|47/100
|-unboost|p1a: Slither Wing|def|1
|-unboost|p1a: Slither Wing|spd|1
|
|upkeep
|turn|12
|
|t:|1758922416
|move|p2a: Eville|Draining Kiss|p1a: Slither Wing
|-supereffective|p1a: Slither Wing
|-damage|p1a: Slither Wing|18/100
|-heal|p2a: Eville|100/100|[from] drain|[of] p1a: Slither Wing
|-damage|p2a: Eville|91/100|[from] item: Life Orb
|move|p1a: Slither Wing|Close Combat|p2a: Eville
|-resisted|p2a: Eville
|-damage|p2a: Eville|42/100
|-unboost|p1a: Slither Wing|def|1
|-unboost|p1a: Slither Wing|spd|1
|
|upkeep
|turn|13
|
|t:|1758922421
|-end|p1a: Slither Wing|Protosynthesis|[silent]
|switch|p1a: Jirachi|Jirachi|82/100
|move|p2a: Eville|Draining Kiss|p1a: Jirachi
|-resisted|p1a: Jirachi
|-damage|p1a: Jirachi|69/100
|-heal|p2a: Eville|53/100|[from] drain|[of] p1a: Jirachi
|-damage|p2a: Eville|43/100|[from] item: Life Orb
|
|upkeep
|turn|14
|
|t:|1758922426
|switch|p2a: 50/50|Kingambit, M, shiny|99/100
|move|p1a: Jirachi|Drain Punch|p2a: 50/50
|-supereffective|p2a: 50/50
|-damage|p2a: 50/50|29/100
|-heal|p1a: Jirachi|100/100|[from] drain|[of] p2a: 50/50
|
|-heal|p2a: 50/50|35/100|[from] item: Leftovers
|upkeep
|turn|15
|
|t:|1758922433
|-end|p2a: 50/50|fallenundefined|[silent]
|switch|p2a: Unclepon|Ogerpon-Wellspring, F|71/100
|move|p1a: Jirachi|Drain Punch|p2a: Unclepon
|-damage|p2a: Unclepon|41/100
|
|upkeep
|turn|16
|
|t:|1758922445
|switch|p1a: Ogerpon|Ogerpon-Wellspring, F|100/100
|move|p2a: Unclepon|Ivy Cudgel|p1a: Ogerpon|[anim] Ivy Cudgel Water
|-immune|p1a: Ogerpon|[from] ability: Water Absorb
|
|upkeep
|turn|17
|
|t:|1758922453
|move|p1a: Ogerpon|Horn Leech|p2a: Unclepon
|-damage|p2a: Unclepon|0 fnt
|faint|p2a: Unclepon
|
|upkeep
|
|t:|1758922457
|switch|p2a: Trebuchet|Dragapult, M, shiny, tera:Dragon|91/100
|turn|18
|
|t:|1758922460
|move|p2a: Trebuchet|Dragon Darts|p1a: Ogerpon
|-crit|p1a: Ogerpon
|-damage|p1a: Ogerpon|28/100
|-anim|p2a: Trebuchet|Dragon Darts|p1a: Ogerpon
|-damage|p1a: Ogerpon|0 fnt
|faint|p1a: Ogerpon
|-damage|p2a: Trebuchet|81/100|[from] item: Life Orb
|
|upkeep
|
|t:|1758922471
|switch|p1a: Bombirdier|Bombirdier, F|100/100
|turn|19
|
|t:|1758922478
|move|p2a: Trebuchet|Dragon Darts|p1a: Bombirdier
|-damage|p1a: Bombirdier|53/100
|-anim|p2a: Trebuchet|Dragon Darts|p1a: Bombirdier
|-damage|p1a: Bombirdier|0 fnt
|faint|p1a: Bombirdier
|-damage|p2a: Trebuchet|71/100|[from] item: Life Orb
|
|upkeep
|
|t:|1758922485
|switch|p1a: Jirachi|Jirachi|100/100
|turn|20
|
|t:|1758922489
|switch|p2a: Eville|Comfey, M, shiny|43/100
|move|p1a: Jirachi|Iron Head|p2a: Eville
|-supereffective|p2a: Eville
|-damage|p2a: Eville|0 fnt
|faint|p2a: Eville
|
|upkeep
|
|t:|1758922492
|switch|p2a: Skillzi|Blaziken, M, shiny|69/100
|turn|21
|
|t:|1758922495
|move|p2a: Skillzi|Protect|p2a: Skillzi
|-singleturn|p2a: Skillzi|Protect
|move|p1a: Jirachi|Iron Head|p2a: Skillzi
|-activate|p2a: Skillzi|move: Protect
|
|-ability|p2a: Skillzi|Speed Boost|boost
|-boost|p2a: Skillzi|spe|1
|upkeep
|turn|22
|
|t:|1758922499
|move|p1a: Jirachi|Iron Head|p2a: Skillzi
|-resisted|p2a: Skillzi
|-damage|p2a: Skillzi|41/100
|move|p2a: Skillzi|Flare Blitz|p1a: Jirachi
|-supereffective|p1a: Jirachi
|-damage|p1a: Jirachi|0 fnt
|faint|p1a: Jirachi
|-damage|p2a: Skillzi|4/100|[from] Recoil
|-damage|p2a: Skillzi|0 fnt|[from] item: Life Orb
|faint|p2a: Skillzi
|
|upkeep
|
|t:|1758922517
|switch|p1a: Slither Wing|Slither Wing|18/100
|switch|p2a: Trebuchet|Dragapult, M, shiny, tera:Dragon|71/100
|turn|23
|
|t:|1758922522
|switch|p2a: Miche|Glimmora, M, shiny|100/100
|move|p1a: Slither Wing|First Impression|p2a: Miche
|-resisted|p2a: Miche
|-crit|p2a: Miche
|-damage|p2a: Miche|73/100
|-activate|p2a: Miche|ability: Toxic Debris
|-sidestart|p1: Dxvofauni|move: Toxic Spikes
|-enditem|p2a: Miche|Red Card|[of] p1a: Slither Wing
|-end|p1a: Slither Wing|Protosynthesis|[silent]
|drag|p1a: Kilowattrel|Kilowattrel, M|100/100
|
|upkeep
|turn|24
|
|t:|1758922535
|move|p1a: Kilowattrel|Volt Switch|p2a: Miche
|-damage|p2a: Miche|39/100
|
|t:|1758922538
|switch|p1a: Slither Wing|Slither Wing|18/100|[from] Volt Switch
|-status|p1a: Slither Wing|psn
|move|p2a: Miche|Power Gem|p1a: Slither Wing
|-damage|p1a: Slither Wing|0 fnt
|faint|p1a: Slither Wing
|-end|p1a: Slither Wing|Protosynthesis|[silent]
|
|upkeep
|
|t:|1758922543
|switch|p1a: Kilowattrel|Kilowattrel, M|100/100
|turn|25
|
|t:|1758922548
|move|p1a: Kilowattrel|Thunderbolt|p2a: Miche
|-damage|p2a: Miche|0 fnt
|faint|p2a: Miche
|
|upkeep
|
|t:|1758922551
|switch|p2a: Trebuchet|Dragapult, M, shiny, tera:Dragon|71/100
|turn|26
|
|t:|1758922555
|move|p2a: Trebuchet|Draco Meteor|p1a: Kilowattrel
|-damage|p1a: Kilowattrel|0 fnt
|-unboost|p2a: Trebuchet|spa|2
|faint|p1a: Kilowattrel
|-damage|p2a: Trebuchet|61/100|[from] item: Life Orb
|
|win|sixsevenlowtaper
|raw|Dxvofauni's rating: 1377 &rarr; <strong>1357</strong><br />(-20 for losing)
|raw|sixsevenlowtaper's rating: 1378 &rarr; <strong>1398</strong><br />(+20 for winning)
|l|☆Dxvofauni
|player|p1|
|l|☆sixsevenlowtaper
|player|p2|
