|j|☆meganub123
|j|☆TJ13_SSB
|t:|1758919437
|gametype|singles
|player|p1|meganub123|roark|1205
|player|p2|TJ13_SSB|265|1240
|gen|9
|tier|[Gen 9] OU
|rated|
|rule|HP Percentage Mod: HP is shown in percentages
|rule|Endless Battle Clause: Forcing endless battles is banned
|rule|Species Clause: Limit one of each Pokémon
|rule|OHKO Clause: OHKO moves are banned
|rule|Evasion Items Clause: Evasion items are banned
|rule|Evasion Moves Clause: Evasion moves are banned
|rule|Evasion Abilities Clause: Evasion abilities are banned
|rule|Sleep Moves Clause: Sleep-inducing moves are banned
|clearpoke
|poke|p1|Slither Wing|
|poke|p1|Great Tusk|
|poke|p1|Trevenant, F|
|poke|p1|Torkoal, F|
|poke|p1|Walking Wake|
|poke|p1|Ninetales, M|
|poke|p2|Great Tusk|
|poke|p2|Landorus-Therian, M|
|poke|p2|Heatran, M|
|poke|p2|Darkrai|
|poke|p2|Rotom-Wash|
|poke|p2|Weezing-Galar, M|
|teampreview
|
|t:|1758919459
|teamsize|p1|6
|teamsize|p2|6
|start
|switch|p1a: Great Tusk|Great Tusk|100/100
|switch|p2a: Landorus|Landorus-Therian, M|100/100
|-ability|p2a: Landorus|Intimidate|boost
|-unboost|p1a: Great Tusk|atk|1
|turn|1
|
|t:|1758919469
|move|p2a: Landorus|Bulk Up|p2a: Landorus
|-boost|p2a: Landorus|atk|1
|-boost|p2a: Landorus|def|1
|move|p1a: Great Tusk|Rapid Spin|p2a: Landorus
|-damage|p2a: Landorus|91/100
|-boost|p1a: Great Tusk|spe|1
|-damage|p1a: Great Tusk|84/100|[from] item: Rocky Helmet|[of] p2a: Landorus
|
|upkeep
|turn|2
|
|t:|1758919484
|-end|p1a: Great Tusk|Protosynthesis|[silent]
|switch|p1a: Trevenant|Trevenant, F|100/100
|move|p2a: Landorus|Bulk Up|p2a: Landorus
|-boost|p2a: Landorus|atk|1
|-boost|p2a: Landorus|def|1
|
|upkeep
|turn|3
|
|t:|1758919493
|move|p2a: Landorus|Earthquake|p1a: Trevenant
|-resisted|p1a: Trevenant
|-damage|p1a: Trevenant|51/100
|move|p1a: Trevenant|Will-O-Wisp|p2a: Landorus
|-status|p2a: Landorus|brn
|
|-damage|p2a: Landorus|85/100 brn|[from] brn
|upkeep
|turn|4
|
|t:|1758919500
|move|p2a: Landorus|Stealth Rock|p1a: Trevenant
|-sidestart|p1: meganub123|move: Stealth Rock
|move|p1a: Trevenant|Leech Seed|p2a: Landorus
|-start|p2a: Landorus|move: Leech Seed
|
|-damage|p2a: Landorus|73/100 brn|[from] Leech Seed|[of] p1a: Trevenant
|-heal|p1a: Trevenant|63/100|[silent]
|-damage|p2a: Landorus|67/100 brn|[from] brn
|upkeep
|turn|5
|
|t:|1758919511
|switch|p2a: Weezing|Weezing-Galar, M|100/100
|move|p1a: Trevenant|Growth|p1a: Trevenant
|-boost|p1a: Trevenant|atk|1
|-boost|p1a: Trevenant|spa|1
|
|upkeep
|turn|6
|
|t:|1758919521
|move|p2a: Weezing|Clear Smog|p1a: Trevenant
|-damage|p1a: Trevenant|50/100
|-clearboost|p1a: Trevenant
|-enditem|p1a: Trevenant|Sitrus Berry|[eat]
|-heal|p1a: Trevenant|75/100|[from] item: Sitrus Berry
|move|p1a: Trevenant|Knock Off|p2a: Weezing
|-resisted|p2a: Weezing
|-crit|p2a: Weezing
|-damage|p2a: Weezing|88/100
|-enditem|p2a: Weezing|Black Sludge|[from] move: Knock Off|[of] p1a: Trevenant
|
|-item|p1a: Trevenant|Sitrus Berry|[from] ability: Harvest
|upkeep
|turn|7
|
|t:|1758919535
|move|p2a: Weezing|Toxic Spikes|p1a: Trevenant
|-sidestart|p1: meganub123|move: Toxic Spikes
|move|p1a: Trevenant|Leech Seed|p2a: Weezing
|-start|p2a: Weezing|move: Leech Seed
|
|-damage|p2a: Weezing|76/100|[from] Leech Seed|[of] p1a: Trevenant
|-heal|p1a: Trevenant|88/100|[silent]
|upkeep
|turn|8
|
|t:|1758919542
|switch|p1a: Great Tusk|Great Tusk|84/100
|move|p2a: Weezing|Toxic Spikes|p1a: Great Tusk
|-sidestart|p1: meganub123|move: Toxic Spikes
|
|-damage|p2a: Weezing|63/100|[from] Leech Seed|[of] p1a: Great Tusk
|-heal|p1a: Great Tusk|95/100|[silent]
|upkeep
|turn|9
|
|t:|1758919554
|move|p1a: Great Tusk|Rapid Spin|p2a: Weezing
|-damage|p2a: Weezing|52/100
|-boost|p1a: Great Tusk|spe|1
|-sideend|p1: meganub123|Toxic Spikes|[from] move: Rapid Spin|[of] p1a: Great Tusk
|-sideend|p1: meganub123|Stealth Rock|[from] move: Rapid Spin|[of] p1a: Great Tusk
|move|p2a: Weezing|Will-O-Wisp|p1a: Great Tusk
|-status|p1a: Great Tusk|brn
|
|-damage|p2a: Weezing|40/100|[from] Leech Seed|[of] p1a: Great Tusk
|-heal|p1a: Great Tusk|100/100 brn|[silent]
|-damage|p1a: Great Tusk|94/100 brn|[from] brn
|upkeep
|turn|10
|
|t:|1758919566
|switch|p2a: Rotom|Rotom-Wash|100/100
|move|p1a: Great Tusk|Headlong Rush|p2a: Rotom
|-immune|p2a: Rotom|[from] ability: Levitate
|
|-damage|p1a: Great Tusk|88/100 brn|[from] brn
|upkeep
|turn|11
|
|t:|1758919575
|-end|p1a: Great Tusk|Protosynthesis|[silent]
|switch|p1a: Ninetales|Ninetales, M|100/100
|-weather|SunnyDay|[from] ability: Drought|[of] p1a: Ninetales
|move|p2a: Rotom|Hydro Pump|p1a: Ninetales|[miss]
|-miss|p2a: Rotom|p1a: Ninetales
|
|-weather|SunnyDay|[upkeep]
|upkeep
|turn|12
|
|t:|1758919587
|move|p1a: Ninetales|Solar Beam||[still]
|-prepare|p1a: Ninetales|Solar Beam
|-anim|p1a: Ninetales|Solar Beam|p2a: Rotom
|-supereffective|p2a: Rotom
|-damage|p2a: Rotom|36/100
|move|p2a: Rotom|Thunder Wave|p1a: Ninetales
|-status|p1a: Ninetales|par
|
|-weather|SunnyDay|[upkeep]
|-heal|p2a: Rotom|42/100|[from] item: Leftovers
|upkeep
|turn|13
|
|t:|1758919599
|move|p2a: Rotom|Volt Switch|p1a: Ninetales
|-damage|p1a: Ninetales|69/100 par
|
|t:|1758919605
|switch|p2a: Heatran|Heatran, M|100/100|[from] Volt Switch
|move|p1a: Ninetales|Solar Beam||[still]
|-prepare|p1a: Ninetales|Solar Beam
|-anim|p1a: Ninetales|Solar Beam|p2a: Heatran
|-resisted|p2a: Heatran
|-crit|p2a: Heatran
|-damage|p2a: Heatran|94/100
|
|-weather|SunnyDay|[upkeep]
|upkeep
|turn|14
|
|t:|1758919620
|switch|p1a: Walking Wake|Walking Wake|100/100
|-activate|p1a: Walking Wake|ability: Protosynthesis
|-start|p1a: Walking Wake|protosynthesisspa
|move|p2a: Heatran|Earth Power|p1a: Walking Wake
|-damage|p1a: Walking Wake|78/100
|
|-weather|SunnyDay|[upkeep]
|upkeep
|turn|15
|
|t:|1758919638
|switch|p2a: Rotom|Rotom-Wash|42/100
|move|p1a: Walking Wake|Hydro Steam|p2a: Rotom
|-resisted|p2a: Rotom
|-damage|p2a: Rotom|5/100
|
|-weather|SunnyDay|[upkeep]
|-heal|p2a: Rotom|12/100|[from] item: Leftovers
|upkeep
|turn|16
|
|t:|1758919649
|move|p1a: Walking Wake|Hydro Steam|p2a: Rotom
|-resisted|p2a: Rotom
|-damage|p2a: Rotom|0 fnt
|faint|p2a: Rotom
|
|-weather|SunnyDay|[upkeep]
|upkeep
|
|t:|1758919665
|switch|p2a: Darkrai|Darkrai|100/100
|turn|17
|
|t:|1758919673
|-end|p1a: Walking Wake|Protosynthesis|[silent]
|switch|p1a: Ninetales|Ninetales, M|69/100 par
|-terastallize|p2a: Darkrai|Ghost
|move|p2a: Darkrai|Nasty Plot|p2a: Darkrai
|-boost|p2a: Darkrai|spa|2
|
|-weather|SunnyDay|[upkeep]
|upkeep
|turn|18
|
|t:|1758919682
|move|p2a: Darkrai|Shadow Ball|p1a: Ninetales
|-damage|p1a: Ninetales|0 fnt
|faint|p1a: Ninetales
|
|-weather|none
|upkeep
|
|t:|1758919686
|switch|p1a: Torkoal|Torkoal, F|100/100
|-weather|SunnyDay|[from] ability: Drought|[of] p1a: Torkoal
|turn|19
|
|t:|1758919691
|move|p2a: Darkrai|Shadow Ball|p1a: Torkoal
|-damage|p1a: Torkoal|27/100
|move|p1a: Torkoal|Eruption|p2a: Darkrai
|-damage|p2a: Darkrai|79/100
|
|-weather|SunnyDay|[upkeep]
|upkeep
|turn|20
|
|t:|1758919698
|move|p2a: Darkrai|Shadow Ball|p1a: Torkoal
|-damage|p1a: Torkoal|0 fnt
|faint|p1a: Torkoal
|
|-weather|SunnyDay|[upkeep]
|upkeep
|
|t:|1758919700
|switch|p1a: Slither Wing|Slither Wing|100/100
|-activate|p1a: Slither Wing|ability: Protosynthesis
|-start|p1a: Slither Wing|protosynthesisatk
|turn|21
|
|t:|1758919709
|move|p2a: Darkrai|Nasty Plot|p2a: Darkrai
|-boost|p2a: Darkrai|spa|2
|move|p1a: Slither Wing|Flare Blitz|p2a: Darkrai
|-damage|p2a: Darkrai|0 fnt
|faint|p2a: Darkrai
|-damage|p1a: Slither Wing|77/100|[from] Recoil
|
|-weather|SunnyDay|[upkeep]
|upkeep
|
|t:|1758919725
|switch|p2a: Landorus|Landorus-Therian, M|67/100 brn
|-ability|p2a: Landorus|Intimidate|boost
|-unboost|p1a: Slither Wing|atk|1
|turn|22
|
|t:|1758919733
|move|p2a: Landorus|Bulk Up|p2a: Landorus
|-boost|p2a: Landorus|atk|1
|-boost|p2a: Landorus|def|1
|move|p1a: Slither Wing|Flare Blitz|p2a: Landorus
|-damage|p2a: Landorus|0 fnt
|-damage|p1a: Slither Wing|61/100|[from] item: Rocky Helmet|[of] p2a: Landorus
|faint|p2a: Landorus
|-damage|p1a: Slither Wing|38/100|[from] Recoil
|
|-weather|SunnyDay|[upkeep]
|upkeep
|
|t:|1758919743
|switch|p2a: Great Tusk|Great Tusk|100/100
|-activate|p2a: Great Tusk|ability: Protosynthesis
|-start|p2a: Great Tusk|protosynthesisatk
|turn|23
|
|t:|1758919752
|-end|p1a: Slither Wing|Protosynthesis|[silent]
|switch|p1a: Trevenant|Trevenant, F|88/100
|move|p2a: Great Tusk|Rapid Spin|p1a: Trevenant
|-immune|p1a: Trevenant
|
|-weather|SunnyDay|[upkeep]
|upkeep
|turn|24
|
|t:|1758919761
|move|p2a: Great Tusk|Knock Off|p1a: Trevenant
|-supereffective|p1a: Trevenant
|-damage|p1a: Trevenant|0 fnt
|-enditem|p1a: Trevenant|Sitrus Berry|[from] move: Knock Off|[of] p2a: Great Tusk
|faint|p1a: Trevenant
|
|-weather|SunnyDay|[upkeep]
|upkeep
|
|t:|1758919767
|switch|p1a: Walking Wake|Walking Wake|78/100
|-activate|p1a: Walking Wake|ability: Protosynthesis
|-start|p1a: Walking Wake|protosynthesisspa
|turn|25
|
|t:|1758919775
|-end|p2a: Great Tusk|Protosynthesis|[silent]
|switch|p2a: Weezing|Weezing-Galar, M|40/100
|move|p1a: Walking Wake|Hydro Steam|p2a: Weezing
|-damage|p2a: Weezing|0 fnt
|faint|p2a: Weezing
|
|-weather|SunnyDay|[upkeep]
|upkeep
|
|t:|1758919783
|switch|p2a: Heatran|Heatran, M|94/100
|turn|26
|
|t:|1758919792
|move|p1a: Walking Wake|Hydro Steam|p2a: Heatran
|-supereffective|p2a: Heatran
|-damage|p2a: Heatran|11/100
|move|p2a: Heatran|Power Gem|p1a: Walking Wake
|-damage|p1a: Walking Wake|55/100
|
|-weather|none
|-end|p1a: Walking Wake|Protosynthesis
|upkeep
|turn|27
|
|t:|1758919806
|move|p1a: Walking Wake|Hydro Steam|p2a: Heatran
|-supereffective|p2a: Heatran
|-damage|p2a: Heatran|0 fnt
|faint|p2a: Heatran
|
|upkeep
|
|t:|1758919811
|switch|p2a: Great Tusk|Great Tusk|100/100
|turn|28
|
|t:|1758919820
|move|p1a: Walking Wake|Hydro Steam|p2a: Great Tusk
|-supereffective|p2a: Great Tusk
|-damage|p2a: Great Tusk|0 fnt
|faint|p2a: Great Tusk
|-end|p2a: Great Tusk|Protosynthesis|[silent]
|
|win|meganub123
|raw|meganub123's rating: 1205 &rarr; <strong>1233</strong><br />(+28 for winning)
|raw|TJ13_SSB's rating: 1240 &rarr; <strong>1212</strong><br />(-28 for losing)
