|j|☆labombabird1
|j|☆Great_Beat
|t:|1759005119
|gametype|singles
|player|p1|labombabird1|scientistf|1103
|player|p2|Great_Beat|red|1087
|gen|9
|tier|[Gen 9] OU
|rated|
|rule|HP Percentage Mod: HP is shown in percentages
|rule|Endless Battle Clause: Forcing endless battles is banned
|rule|Species Clause: Limit one of each Pokémon
|rule|OHKO Clause: OHKO moves are banned
|rule|Evasion Items Clause: Evasion items are banned
|rule|Evasion Moves Clause: Evasion moves are banned
|rule|Evasion Abilities Clause: Evasion abilities are banned
|rule|Sleep Moves Clause: Sleep-inducing moves are banned
|clearpoke
|poke|p1|Zapdos|
|poke|p1|Pelipper, M|
|poke|p1|Quaquaval, F|
|poke|p1|Araquanid, F|
|poke|p1|Tinkaton, F|
|poke|p1|Clodsire, M|
|poke|p2|Weezing, M|
|poke|p2|Komala, M|
|poke|p2|Arbok, M|
|poke|p2|Jumpluff, F|
|poke|p2|Whiscash, M|
|poke|p2|Crabominable, M|
|teampreview
|
|t:|1759005136
|teamsize|p1|6
|teamsize|p2|6
|start
|switch|p1a: Araquanid|Araquanid, F|100/100
|switch|p2a: Weezing|Weezing, M|100/100
|turn|1
|
|t:|1759005148
|switch|p2a: Crabominable|Crabominable, M|100/100
|move|p1a: Araquanid|Sticky Web|p2a: Crabominable
|-sidestart|p2: Great_Beat|move: Sticky Web
|
|upkeep
|turn|2
|
|t:|1759005153
|move|p2a: Crabominable|Thunder Punch|p1a: Araquanid
|-supereffective|p1a: Araquanid
|-damage|p1a: Araquanid|2/100
|move|p1a: Araquanid|Surf|p2a: Crabominable
|-damage|p2a: Crabominable|23/100
|
|upkeep
|turn|3
|
|t:|1759005161
|move|p2a: Crabominable|Thunder Punch|p1a: Araquanid
|-supereffective|p1a: Araquanid
|-damage|p1a: Araquanid|0 fnt
|faint|p1a: Araquanid
|
|upkeep
|
|t:|1759005164
|switch|p1a: Quaquaval|Quaquaval, F|100/100
|turn|4
|
|t:|1759005167
|move|p1a: Quaquaval|Aqua Step|p2a: Crabominable
|-damage|p2a: Crabominable|0 fnt
|-boost|p1a: Quaquaval|spe|1
|faint|p2a: Crabominable
|-ability|p1a: Quaquaval|Moxie|boost
|-boost|p1a: Quaquaval|atk|1
|
|upkeep
|
|t:|1759005172
|switch|p2a: Weezing|Weezing, M|100/100
|turn|5
|
|t:|1759005178
|move|p1a: Quaquaval|Flip Turn|p2a: Weezing
|-damage|p2a: Weezing|70/100
|-damage|p1a: Quaquaval|84/100|[from] item: Rocky Helmet|[of] p2a: Weezing
|
|t:|1759005182
|switch|p1a: Clodsire|Clodsire, M|100/100|[from] Flip Turn
|move|p2a: Weezing|Will-O-Wisp|p1a: Clodsire
|-status|p1a: Clodsire|brn
|
|-damage|p1a: Clodsire|94/100 brn|[from] brn
|upkeep
|turn|6
|
|t:|1759005191
|switch|p2a: Jumpluff|Jumpluff, F|100/100
|move|p1a: Clodsire|Stealth Rock|p2a: Jumpluff
|-sidestart|p2: Great_Beat|move: Stealth Rock
|
|-heal|p1a: Clodsire|100/100 brn|[from] item: Black Sludge
|-damage|p1a: Clodsire|94/100 brn|[from] brn
|upkeep
|turn|7
|
|t:|1759005196
|move|p2a: Jumpluff|Switcheroo|p1a: Clodsire
|-activate|p2a: Jumpluff|move: Trick|[of] p1a: Clodsire
|-item|p1a: Clodsire|Choice Scarf|[from] move: Switcheroo
|-item|p2a: Jumpluff|Black Sludge|[from] move: Switcheroo
|move|p1a: Clodsire|Toxic|p2a: Jumpluff
|-status|p2a: Jumpluff|tox
|
|-damage|p2a: Jumpluff|88/100 tox|[from] item: Black Sludge
|-damage|p2a: Jumpluff|82/100 tox|[from] psn
|-damage|p1a: Clodsire|88/100 brn|[from] brn
|upkeep
|turn|8
|
|t:|1759005203
|switch|p1a: Pelipper|Pelipper, M|100/100
|-weather|RainDance|[from] ability: Drizzle|[of] p1a: Pelipper
|move|p2a: Jumpluff|Leech Seed|p1a: Pelipper
|-start|p1a: Pelipper|move: Leech Seed
|
|-weather|RainDance|[upkeep]
|-damage|p2a: Jumpluff|69/100 tox|[from] item: Black Sludge
|-damage|p1a: Pelipper|88/100|[from] Leech Seed|[of] p2a: Jumpluff
|-heal|p2a: Jumpluff|81/100 tox|[silent]
|-damage|p2a: Jumpluff|68/100 tox|[from] psn
|upkeep
|turn|9
|
|t:|1759005241
|switch|p2a: Komala|Komala, M, shiny|100/100
|-activate|p2a: Komala|move: Sticky Web
|-unboost|p2a: Komala|spe|1
|-damage|p2a: Komala|88/100|[from] Stealth Rock
|-ability|p2a: Komala|Comatose
|move|p1a: Pelipper|U-turn|p2a: Komala
|-damage|p2a: Komala|76/100
|
|t:|1759005255
|switch|p1a: Quaquaval|Quaquaval, F|84/100|[from] U-turn
|
|-weather|RainDance|[upkeep]
|upkeep
|turn|10
|
|t:|1759005261
|-terastallize|p2a: Komala|Ghost
|move|p1a: Quaquaval|Flip Turn|p2a: Komala
|-crit|p2a: Komala
|-damage|p2a: Komala|0 fnt
|faint|p2a: Komala
|-ability|p1a: Quaquaval|Moxie|boost
|-boost|p1a: Quaquaval|atk|1
|-message|Great_Beat forfeited.
|
|win|labombabird1
|raw|labombabird1's rating: 1103 &rarr; <strong>1127</strong><br />(+24 for winning)
|raw|Great_Beat's rating: 1087 &rarr; <strong>1065</strong><br />(-22 for losing)
|l|☆Great_Beat
|player|p2|
|l|☆labombabird1
|player|p1|
