|j|☆Amaisora
|j|☆models&baddies
|t:|1758925170
|gametype|singles
|player|p1|Amaisora|cynthia|1423
|player|p2|models&baddies|benga|1373
|gen|9
|tier|[Gen 9] OU
|rated|
|rule|HP Percentage Mod: HP is shown in percentages
|rule|Endless Battle Clause: Forcing endless battles is banned
|rule|Species Clause: Limit one of each Pokémon
|rule|OHKO Clause: OHKO moves are banned
|rule|Evasion Items Clause: Evasion items are banned
|rule|Evasion Moves Clause: Evasion moves are banned
|rule|Evasion Abilities Clause: Evasion abilities are banned
|rule|Sleep Moves Clause: Sleep-inducing moves are banned
|clearpoke
|poke|p1|Clefable, F|
|poke|p1|Corviknight, M|
|poke|p1|Dragapult, F|
|poke|p1|Ting-Lu|
|poke|p1|Ogerpon-Wellspring, F|
|poke|p1|Zamazenta-*|
|poke|p2|Rillaboom, M|
|poke|p2|Salazzle, F|
|poke|p2|Latias, F|
|poke|p2|Espeon, M|
|poke|p2|Milotic, M|
|poke|p2|Hitmontop, M|
|teampreview
|inactive|Battle timer is ON: inactive players will automatically lose when time's up. (requested by Amaisora)
|
|t:|1758925188
|teamsize|p1|6
|teamsize|p2|6
|start
|switch|p1a: Dragapult|Dragapult, F|100/100
|switch|p2a: Latias|Latias, F|100/100
|turn|1
|
|t:|1758925196
|move|p2a: Latias|Draco Meteor|p1a: Dragapult|[miss]
|-miss|p2a: Latias|p1a: Dragapult
|move|p1a: Dragapult|Shadow Ball|p2a: Latias
|-supereffective|p2a: Latias
|-damage|p2a: Latias|3/100
|
|upkeep
|turn|2
|
|t:|1758925206
|switch|p2a: Salazzle|Salazzle, F|100/100
|switch|p1a: Ting-Lu|Ting-Lu|100/100
|-ability|p1a: Ting-Lu|Vessel of Ruin
|
|upkeep
|turn|3
|
|t:|1758925212
|move|p2a: Salazzle|Substitute|p2a: Salazzle
|-start|p2a: Salazzle|Substitute
|-damage|p2a: Salazzle|76/100
|move|p1a: Ting-Lu|Earthquake|p2a: Salazzle
|-supereffective|p2a: Salazzle
|-end|p2a: Salazzle|Substitute
|
|-heal|p2a: Salazzle|82/100|[from] item: Leftovers
|upkeep
|turn|4
|
|t:|1758925217
|move|p2a: Salazzle|Protect|p2a: Salazzle
|-singleturn|p2a: Salazzle|Protect
|move|p1a: Ting-Lu|Earthquake|p2a: Salazzle
|-activate|p2a: Salazzle|move: Protect
|
|-heal|p2a: Salazzle|88/100|[from] item: Leftovers
|upkeep
|turn|5
|
|t:|1758925224
|move|p2a: Salazzle|Substitute|p2a: Salazzle
|-start|p2a: Salazzle|Substitute
|-damage|p2a: Salazzle|63/100
|move|p1a: Ting-Lu|Earthquake|p2a: Salazzle
|-supereffective|p2a: Salazzle
|-end|p2a: Salazzle|Substitute
|
|-heal|p2a: Salazzle|70/100|[from] item: Leftovers
|upkeep
|turn|6
|
|t:|1758925228
|switch|p1a: Dragapult|Dragapult, F|100/100
|move|p2a: Salazzle|Protect||[still]
|-fail|p2a: Salazzle
|
|-heal|p2a: Salazzle|76/100|[from] item: Leftovers
|upkeep
|turn|7
|
|t:|1758925235
|move|p2a: Salazzle|Protect|p2a: Salazzle
|-singleturn|p2a: Salazzle|Protect
|move|p1a: Dragapult|Draco Meteor|p2a: Salazzle
|-activate|p2a: Salazzle|move: Protect
|
|-heal|p2a: Salazzle|82/100|[from] item: Leftovers
|upkeep
|turn|8
|
|t:|1758925241
|switch|p2a: Milotic|Milotic, M|100/100
|move|p1a: Dragapult|Draco Meteor|p2a: Milotic
|-crit|p2a: Milotic
|-damage|p2a: Milotic|29/100
|-unboost|p1a: Dragapult|spa|2
|
|-heal|p2a: Milotic|36/100|[from] item: Leftovers
|upkeep
|turn|9
|
|t:|1758925251
|switch|p1a: Ogerpon|Ogerpon-Wellspring, F|100/100
|move|p2a: Milotic|Recover|p2a: Milotic
|-heal|p2a: Milotic|86/100
|
|-heal|p2a: Milotic|92/100|[from] item: Leftovers
|upkeep
|turn|10
|
|t:|1758925256
|switch|p2a: Rillaboom|Rillaboom, M|100/100
|-fieldstart|move: Grassy Terrain|[from] ability: Grassy Surge|[of] p2a: Rillaboom
|move|p1a: Ogerpon|Encore||[still]
|-fail|p1a: Ogerpon
|
|upkeep
|turn|11
|
|t:|1758925264
|move|p1a: Ogerpon|U-turn|p2a: Rillaboom
|-supereffective|p2a: Rillaboom
|-damage|p2a: Rillaboom|51/100
|
|t:|1758925266
|switch|p1a: Corviknight|Corviknight, M, shiny|100/100|[from] U-turn
|-ability|p1a: Corviknight|Pressure
|move|p2a: Rillaboom|U-turn|p1a: Corviknight
|-resisted|p1a: Corviknight
|-damage|p1a: Corviknight|96/100
|
|t:|1758925275
|switch|p2a: Salazzle|Salazzle, F|82/100|[from] U-turn
|
|-heal|p2a: Salazzle|88/100|[from] Grassy Terrain
|-heal|p2a: Salazzle|94/100|[from] item: Leftovers
|upkeep
|turn|12
|
|t:|1758925284
|move|p2a: Salazzle|Toxic|p1a: Corviknight
|-status|p1a: Corviknight|tox
|move|p1a: Corviknight|U-turn|p2a: Salazzle
|-resisted|p2a: Salazzle
|-damage|p2a: Salazzle|89/100
|
|t:|1758925286
|switch|p1a: Dragapult|Dragapult, F|100/100|[from] U-turn
|
|-heal|p2a: Salazzle|95/100|[from] Grassy Terrain
|-heal|p2a: Salazzle|100/100|[from] item: Leftovers
|upkeep
|turn|13
|
|t:|1758925296
|move|p2a: Salazzle|Protect|p2a: Salazzle
|-singleturn|p2a: Salazzle|Protect
|move|p1a: Dragapult|Draco Meteor|p2a: Salazzle
|-activate|p2a: Salazzle|move: Protect
|
|upkeep
|turn|14
|
|t:|1758925302
|switch|p2a: Milotic|Milotic, M|92/100
|move|p1a: Dragapult|Draco Meteor|p2a: Milotic
|-damage|p2a: Milotic|50/100
|-unboost|p1a: Dragapult|spa|2
|
|-heal|p2a: Milotic|56/100|[from] Grassy Terrain
|-heal|p2a: Milotic|62/100|[from] item: Leftovers
|upkeep
|turn|15
|
|t:|1758925308
|switch|p1a: Ogerpon|Ogerpon-Wellspring, F|100/100
|switch|p2a: Hitmontop|Hitmontop, M|100/100
|
|upkeep
|turn|16
|
|t:|1758925314
|move|p1a: Ogerpon|U-turn|p2a: Hitmontop
|-resisted|p2a: Hitmontop
|-damage|p2a: Hitmontop|84/100
|
|t:|1758925324
|switch|p1a: Corviknight|Corviknight, M, shiny|96/100 tox|[from] U-turn
|-ability|p1a: Corviknight|Pressure
|move|p2a: Hitmontop|Triple Axel|p1a: Corviknight
|-damage|p1a: Corviknight|91/100 tox
|-damage|p1a: Corviknight|80/100 tox
|-damage|p1a: Corviknight|63/100 tox
|-hitcount|p1a: Corviknight|3
|
|-heal|p2a: Hitmontop|90/100|[from] Grassy Terrain
|-damage|p1a: Corviknight|57/100 tox|[from] psn
|upkeep
|turn|17
|
|t:|1758925335
|move|p2a: Hitmontop|Triple Axel|p1a: Corviknight
|-damage|p1a: Corviknight|52/100 tox
|-hitcount|p1a: Corviknight|1
|move|p1a: Corviknight|Roost|p1a: Corviknight
|-heal|p1a: Corviknight|100/100 tox
|-singleturn|p1a: Corviknight|move: Roost
|
|-heal|p2a: Hitmontop|96/100|[from] Grassy Terrain
|-damage|p1a: Corviknight|88/100 tox|[from] psn
|-fieldend|move: Grassy Terrain
|upkeep
|turn|18
|
|t:|1758925346
|switch|p2a: Rillaboom|Rillaboom, M|51/100
|-fieldstart|move: Grassy Terrain|[from] ability: Grassy Surge|[of] p2a: Rillaboom
|switch|p1a: Zamazenta|Zamazenta|100/100
|-ability|p1a: Zamazenta|Dauntless Shield|boost
|-boost|p1a: Zamazenta|def|1
|
|-heal|p2a: Rillaboom|57/100|[from] Grassy Terrain
|upkeep
|turn|19
|
|t:|1758925364
|switch|p2a: Salazzle|Salazzle, F|100/100
|-terastallize|p1a: Zamazenta|Fighting
|move|p1a: Zamazenta|Close Combat|p2a: Salazzle
|-resisted|p2a: Salazzle
|-damage|p2a: Salazzle|0 fnt
|-unboost|p1a: Zamazenta|def|1
|-unboost|p1a: Zamazenta|spd|1
|faint|p2a: Salazzle
|
|upkeep
|
|t:|1758925389
|switch|p2a: Espeon|Espeon, M|100/100
|-enditem|p2a: Espeon|Grassy Seed
|-boost|p2a: Espeon|def|1|[from] item: Grassy Seed
|turn|20
|
|t:|1758925414
|switch|p1a: Ogerpon|Ogerpon-Wellspring, F|100/100
|move|p2a: Espeon|Calm Mind|p2a: Espeon
|-boost|p2a: Espeon|spa|1
|-boost|p2a: Espeon|spd|1
|
|upkeep
|turn|21
|
|t:|1758925424
|move|p1a: Ogerpon|Encore|p2a: Espeon
|move|p2a: Espeon|Encore||[from] ability: Magic Bounce|[still]
|-fail|p2a: Espeon
|move|p2a: Espeon|Morning Sun|p2a: Espeon
|-fail|p2a: Espeon|heal
|
|upkeep
|turn|22
|
|t:|1758925431
|move|p1a: Ogerpon|U-turn|p2a: Espeon
|-supereffective|p2a: Espeon
|-damage|p2a: Espeon|60/100
|
|t:|1758925433
|switch|p1a: Ting-Lu|Ting-Lu|100/100|[from] U-turn
|-ability|p1a: Ting-Lu|Vessel of Ruin
|move|p2a: Espeon|Morning Sun|p2a: Espeon
|-heal|p2a: Espeon|100/100
|
|upkeep
|turn|23
|
|t:|1758925440
|move|p2a: Espeon|Calm Mind|p2a: Espeon
|-boost|p2a: Espeon|spa|1
|-boost|p2a: Espeon|spd|1
|move|p1a: Ting-Lu|Ruination|p2a: Espeon|[miss]
|-miss|p1a: Ting-Lu|p2a: Espeon
|
|upkeep
|turn|24
|
|t:|1758925443
|move|p2a: Espeon|Calm Mind|p2a: Espeon
|-boost|p2a: Espeon|spa|1
|-boost|p2a: Espeon|spd|1
|move|p1a: Ting-Lu|Ruination|p2a: Espeon
|-damage|p2a: Espeon|50/100
|
|-heal|p2a: Espeon|56/100|[from] Grassy Terrain
|upkeep
|turn|25
|
|t:|1758925447
|move|p2a: Espeon|Calm Mind|p2a: Espeon
|-boost|p2a: Espeon|spa|1
|-boost|p2a: Espeon|spd|1
|move|p1a: Ting-Lu|Earthquake|p2a: Espeon
|-damage|p2a: Espeon|45/100
|
|-heal|p2a: Espeon|50/100|[from] Grassy Terrain
|-fieldend|move: Grassy Terrain
|upkeep
|turn|26
|
|t:|1758925452
|switch|p1a: Clefable|Clefable, F, shiny|100/100
|move|p2a: Espeon|Morning Sun|p2a: Espeon
|-heal|p2a: Espeon|100/100
|
|upkeep
|turn|27
|
|t:|1758925454
|move|p2a: Espeon|Stored Power|p1a: Clefable
|-damage|p1a: Clefable|42/100
|move|p1a: Clefable|Moonblast|p2a: Espeon
|-damage|p2a: Espeon|65/100
|
|upkeep
|turn|28
|
|t:|1758925462
|move|p2a: Espeon|Stored Power|p1a: Clefable
|-damage|p1a: Clefable|0 fnt
|faint|p1a: Clefable
|
|upkeep
|
|t:|1758925466
|switch|p1a: Zamazenta|Zamazenta, tera:Fighting|100/100
|turn|29
|
|t:|1758925471
|switch|p1a: Ting-Lu|Ting-Lu|100/100
|-ability|p1a: Ting-Lu|Vessel of Ruin
|-terastallize|p2a: Espeon|Fairy
|move|p2a: Espeon|Draining Kiss|p1a: Ting-Lu
|-supereffective|p1a: Ting-Lu
|-damage|p1a: Ting-Lu|56/100
|-heal|p2a: Espeon|100/100|[from] drain|[of] p1a: Ting-Lu
|
|upkeep
|turn|30
|
|t:|1758925480
|move|p2a: Espeon|Calm Mind|p2a: Espeon
|-boost|p2a: Espeon|spa|1
|-boost|p2a: Espeon|spd|1
|move|p1a: Ting-Lu|Heavy Slam|p2a: Espeon
|-supereffective|p2a: Espeon
|-damage|p2a: Espeon|62/100
|
|upkeep
|turn|31
|
|t:|1758925484
|move|p2a: Espeon|Draining Kiss|p1a: Ting-Lu
|-supereffective|p1a: Ting-Lu
|-damage|p1a: Ting-Lu|10/100
|-heal|p2a: Espeon|100/100|[from] drain|[of] p1a: Ting-Lu
|move|p1a: Ting-Lu|Heavy Slam|p2a: Espeon
|-supereffective|p2a: Espeon
|-damage|p2a: Espeon|63/100
|
|upkeep
|turn|32
|
|t:|1758925488
|move|p2a: Espeon|Calm Mind|p2a: Espeon
|-boost|p2a: Espeon|spa|1
|-boost|p2a: Espeon|spd|1
|move|p1a: Ting-Lu|Heavy Slam|p2a: Espeon
|-supereffective|p2a: Espeon
|-damage|p2a: Espeon|20/100
|
|upkeep
|turn|33
|
|t:|1758925490
|move|p2a: Espeon|Morning Sun|p2a: Espeon
|-heal|p2a: Espeon|70/100
|move|p1a: Ting-Lu|Heavy Slam|p2a: Espeon
|-supereffective|p2a: Espeon
|-damage|p2a: Espeon|27/100
|
|upkeep
|turn|34
|
|t:|1758925495
|move|p2a: Espeon|Morning Sun|p2a: Espeon
|-heal|p2a: Espeon|77/100
|move|p1a: Ting-Lu|Heavy Slam|p2a: Espeon
|-supereffective|p2a: Espeon
|-damage|p2a: Espeon|38/100
|
|upkeep
|turn|35
|
|t:|1758925498
|move|p2a: Espeon|Morning Sun|p2a: Espeon
|-heal|p2a: Espeon|88/100
|move|p1a: Ting-Lu|Heavy Slam|p2a: Espeon
|-supereffective|p2a: Espeon
|-damage|p2a: Espeon|46/100
|
|upkeep
|turn|36
|
|t:|1758925500
|move|p2a: Espeon|Morning Sun|p2a: Espeon
|-heal|p2a: Espeon|96/100
|move|p1a: Ting-Lu|Heavy Slam|p2a: Espeon
|-supereffective|p2a: Espeon
|-damage|p2a: Espeon|53/100
|
|upkeep
|turn|37
|
|t:|1758925505
|move|p2a: Espeon|Draining Kiss|p1a: Ting-Lu
|-supereffective|p1a: Ting-Lu
|-damage|p1a: Ting-Lu|0 fnt
|-heal|p2a: Espeon|63/100|[from] drain|[of] p1a: Ting-Lu
|faint|p1a: Ting-Lu
|
|upkeep
|
|t:|1758925507
|switch|p1a: Zamazenta|Zamazenta, tera:Fighting|100/100
|turn|38
|
|t:|1758925509
|move|p1a: Zamazenta|Heavy Slam|p2a: Espeon
|-supereffective|p2a: Espeon
|-damage|p2a: Espeon|0 fnt
|faint|p2a: Espeon
|
|upkeep
|c|☆models&baddies|never seen anybody choice band that
|inactive|models&baddies has 120 seconds left.
|
|t:|1758925544
|switch|p2a: Milotic|Milotic, M|62/100
|turn|39
|
|t:|1758925552
|switch|p1a: Ogerpon|Ogerpon-Wellspring, F|100/100
|switch|p2a: Rillaboom|Rillaboom, M|57/100
|-fieldstart|move: Grassy Terrain|[from] ability: Grassy Surge|[of] p2a: Rillaboom
|
|-heal|p2a: Rillaboom|63/100|[from] Grassy Terrain
|upkeep
|turn|40
|
|t:|1758925563
|switch|p1a: Corviknight|Corviknight, M, shiny|88/100 tox
|-ability|p1a: Corviknight|Pressure
|move|p2a: Rillaboom|Grassy Glide|p1a: Corviknight
|-resisted|p1a: Corviknight
|-crit|p1a: Corviknight
|-damage|p1a: Corviknight|79/100 tox
|
|-heal|p2a: Rillaboom|70/100|[from] Grassy Terrain
|-damage|p1a: Corviknight|73/100 tox|[from] psn
|upkeep
|turn|41
|
|t:|1758925569
|switch|p2a: Milotic|Milotic, M|62/100
|move|p1a: Corviknight|U-turn|p2a: Milotic
|-damage|p2a: Milotic|46/100
|
|t:|1758925574
|switch|p1a: Zamazenta|Zamazenta, tera:Fighting|100/100|[from] U-turn
|
|-heal|p2a: Milotic|52/100|[from] Grassy Terrain
|-heal|p2a: Milotic|58/100|[from] item: Leftovers
|upkeep
|turn|42
|
|t:|1758925580
|move|p1a: Zamazenta|Close Combat|p2a: Milotic
|-damage|p2a: Milotic|0 fnt
|-unboost|p1a: Zamazenta|def|1
|-unboost|p1a: Zamazenta|spd|1
|faint|p2a: Milotic
|
|upkeep
|
|t:|1758925587
|switch|p2a: Latias|Latias, F|3/100
|turn|43
|
|t:|1758925593
|switch|p1a: Corviknight|Corviknight, M, shiny|73/100 tox
|-ability|p1a: Corviknight|Pressure
|move|p2a: Latias|Trick|p1a: Corviknight
|-activate|p2a: Latias|move: Trick|[of] p1a: Corviknight
|-item|p1a: Corviknight|Choice Scarf|[from] move: Trick
|-item|p2a: Latias|Covert Cloak|[from] move: Trick
|
|-damage|p1a: Corviknight|67/100 tox|[from] psn
|upkeep
|turn|44
|
|t:|1758925601
|move|p2a: Latias|Healing Wish|p2a: Latias
|faint|p2a: Latias
|move|p1a: Corviknight|U-turn|p2: Latias|[notarget]
|-fail|p1a: Corviknight
|
|-damage|p1a: Corviknight|55/100 tox|[from] psn
|upkeep
|
|t:|1758925609
|switch|p2a: Rillaboom|Rillaboom, M|70/100
|-heal|p2a: Rillaboom|100/100|[from] move: Healing Wish
|turn|45
|
|t:|1758925611
|switch|p2a: Hitmontop|Hitmontop, M|96/100
|move|p1a: Corviknight|U-turn|p2a: Hitmontop
|-resisted|p2a: Hitmontop
|-damage|p2a: Hitmontop|88/100
|
|t:|1758925616
|switch|p1a: Zamazenta|Zamazenta, tera:Fighting|100/100|[from] U-turn
|
|-heal|p2a: Hitmontop|94/100|[from] Grassy Terrain
|upkeep
|turn|46
|
|t:|1758925621
|move|p1a: Zamazenta|Close Combat|p2a: Hitmontop
|-damage|p2a: Hitmontop|0 fnt
|-unboost|p1a: Zamazenta|def|1
|-unboost|p1a: Zamazenta|spd|1
|faint|p2a: Hitmontop
|
|-fieldend|move: Grassy Terrain
|upkeep
|
|t:|1758925624
|switch|p2a: Rillaboom|Rillaboom, M|100/100
|-fieldstart|move: Grassy Terrain|[from] ability: Grassy Surge|[of] p2a: Rillaboom
|turn|47
|
|t:|1758925626
|move|p1a: Zamazenta|Close Combat|p2a: Rillaboom
|-damage|p2a: Rillaboom|0 fnt
|-unboost|p1a: Zamazenta|def|1
|-unboost|p1a: Zamazenta|spd|1
|faint|p2a: Rillaboom
|
|win|Amaisora
|raw|Amaisora's rating: 1423 &rarr; <strong>1440</strong><br />(+17 for winning)
|raw|models&amp;baddies's rating: 1373 &rarr; <strong>1356</strong><br />(-17 for losing)
|l|☆models&baddies
|player|p2|
|c|☆Amaisora|ggs
|l|☆Amaisora
|player|p1|
