|j|☆Shahahatyyyy
|j|☆nice kanto teen
|t:|1758963769
|gametype|singles
|player|p1|Shahahatyyyy|101|1108
|player|p2|nice kanto teen|266|1101
|gen|9
|tier|[Gen 9] OU
|rated|
|rule|HP Percentage Mod: HP is shown in percentages
|rule|Endless Battle Clause: Forcing endless battles is banned
|rule|Species Clause: Limit one of each Pokémon
|rule|OHKO Clause: OHKO moves are banned
|rule|Evasion Items Clause: Evasion items are banned
|rule|Evasion Moves Clause: Evasion moves are banned
|rule|Evasion Abilities Clause: Evasion abilities are banned
|rule|Sleep Moves Clause: Sleep-inducing moves are banned
|clearpoke
|poke|p1|Gardevoir, F|
|poke|p1|Articuno|
|poke|p1|Ninetales-Alola, F|
|poke|p1|Avalugg-Hisui, M|
|poke|p1|Cloyster, F|
|poke|p1|Abomasnow, F|
|poke|p2|Gengar, M|
|poke|p2|Lurantis, F|
|poke|p2|Blaziken, M|
|poke|p2|Lanturn, M|
|poke|p2|Sandslash, M|
|poke|p2|Corviknight, M|
|teampreview
|
|t:|1758963775
|teamsize|p1|6
|teamsize|p2|6
|start
|switch|p1a: Ninetales|Ninetales-Alola, F|100/100
|switch|p2a: David|Gengar, M|100/100
|-weather|Snowscape|[from] ability: Snow Warning|[of] p1a: Ninetales
|turn|1
|
|t:|1758963792
|move|p2a: David|Sludge Wave|p1a: Ninetales
|-supereffective|p1a: Ninetales
|-damage|p1a: Ninetales|0 fnt
|faint|p1a: Ninetales
|
|-weather|Snowscape|[upkeep]
|upkeep
|
|t:|1758963801
|switch|p1a: Avalugg|Avalugg-Hisui, M|100/100
|turn|2
|
|t:|1758963804
|move|p2a: David|Shadow Ball|p1a: Avalugg
|-damage|p1a: Avalugg|27/100
|move|p1a: Avalugg|Earthquake|p2a: David
|-supereffective|p2a: David
|-damage|p2a: David|0 fnt
|faint|p2a: David
|
|-weather|Snowscape|[upkeep]
|upkeep
|
|t:|1758963811
|switch|p2a: Kent|Blaziken, M|100/100
|turn|3
|
|t:|1758963817
|switch|p1a: Gardevoir|Gardevoir, F|100/100
|-ability|p1a: Gardevoir|Speed Boost|Trace|[from] ability: Trace|[of] p2a: Kent
|move|p2a: Kent|Earthquake|p1a: Gardevoir
|-damage|p1a: Gardevoir|36/100
|
|-weather|Snowscape|[upkeep]
|-ability|p2a: Kent|Speed Boost|boost
|-boost|p2a: Kent|spe|1
|upkeep
|turn|4
|
|t:|1758963829
|move|p2a: Kent|Earthquake|p1a: Gardevoir
|-damage|p1a: Gardevoir|0 fnt
|faint|p1a: Gardevoir
|
|-weather|Snowscape|[upkeep]
|-ability|p2a: Kent|Speed Boost|boost
|-boost|p2a: Kent|spe|1
|upkeep
|
|t:|1758963836
|switch|p1a: Articuno|Articuno|100/100
|-ability|p1a: Articuno|Pressure
|turn|5
|
|t:|1758963841
|-terastallize|p2a: Kent|Fire
|move|p2a: Kent|Blaze Kick|p1a: Articuno
|-supereffective|p1a: Articuno
|-damage|p1a: Articuno|0 fnt
|faint|p1a: Articuno
|
|-weather|none
|-ability|p2a: Kent|Speed Boost|boost
|-boost|p2a: Kent|spe|1
|upkeep
|
|t:|1758963863
|switch|p1a: Avalugg|Avalugg-Hisui, M|27/100
|turn|6
|
|t:|1758963868
|move|p2a: Kent|Earthquake|p1a: Avalugg
|-supereffective|p1a: Avalugg
|-damage|p1a: Avalugg|0 fnt
|faint|p1a: Avalugg
|
|-ability|p2a: Kent|Speed Boost|boost
|-boost|p2a: Kent|spe|1
|upkeep
|
|t:|1758963875
|switch|p1a: Abomasnow|Abomasnow, F|100/100
|-weather|Snowscape|[from] ability: Snow Warning|[of] p1a: Abomasnow
|turn|7
|
|t:|1758963879
|move|p2a: Kent|Blaze Kick|p1a: Abomasnow
|-supereffective|p1a: Abomasnow
|-damage|p1a: Abomasnow|0 fnt
|faint|p1a: Abomasnow
|
|-weather|Snowscape|[upkeep]
|-ability|p2a: Kent|Speed Boost|boost
|-boost|p2a: Kent|spe|1
|upkeep
|
|t:|1758963885
|switch|p1a: Cloyster|Cloyster, F|100/100
|turn|8
|
|t:|1758963889
|move|p2a: Kent|Blaze Kick|p1a: Cloyster
|-damage|p1a: Cloyster|66/100
|-status|p1a: Cloyster|brn
|move|p1a: Cloyster|Shell Smash|p1a: Cloyster
|-unboost|p1a: Cloyster|def|1
|-unboost|p1a: Cloyster|spd|1
|-boost|p1a: Cloyster|atk|2
|-boost|p1a: Cloyster|spa|2
|-boost|p1a: Cloyster|spe|2
|
|-weather|Snowscape|[upkeep]
|-damage|p1a: Cloyster|60/100 brn|[from] brn
|-ability|p2a: Kent|Speed Boost|boost
|-boost|p2a: Kent|spe|1
|upkeep
|turn|9
|
|t:|1758963909
|move|p2a: Kent|Close Combat|p1a: Cloyster
|-supereffective|p1a: Cloyster
|-damage|p1a: Cloyster|0 fnt
|-unboost|p2a: Kent|def|1
|-unboost|p2a: Kent|spd|1
|faint|p1a: Cloyster
|
|win|nice kanto teen
|raw|Shahahatyyyy's rating: 1108 &rarr; <strong>1082</strong><br />(-26 for losing)
|raw|nice kanto teen's rating: 1101 &rarr; <strong>1127</strong><br />(+26 for winning)
|l|☆Shahahatyyyy
|player|p1|
