|badge|p1|bronze|gen9ou|100-6
|html|<div class="broadcast-red"><strong>This battle is required to be public due to one or more player having a season medal.</strong><br />During the public phase, you can discuss the state of the ladder <a href="/seasondiscussion">in a special chatroom.</a></div>
|uhtml|medal-msg|<div class="broadcast-blue">Curious what those medals under the avatar are? PS now has Ladder Seasons! For more information, check out the <a href="https://www.smogon.com/forums/threads/3740067/">thread on Smogon.</a></div>
|badge|p2|silver|gen9ou|30-6
|uhtml|medal-msg|<div class="broadcast-blue">Curious what those medals under the avatar are? PS now has Ladder Seasons! For more information, check out the <a href="https://www.smogon.com/forums/threads/3740067/">thread on Smogon.</a></div>
|raw|<div class="broadcast-blue"><strong>This battle is required to be public due to a player having a name starting with 'medal'.</div>
|j|‽JackRG1
|j|☆Almighty Sa'
|t:|1759007992
|gametype|singles
|player|p1|JackRG1|dawn-gen4pt|1863
|player|p2|Almighty Sa'|#wcop2025netherlands|1934
|gen|9
|tier|[Gen 9] OU
|rated|
|rule|HP Percentage Mod: HP is shown in percentages
|rule|Endless Battle Clause: Forcing endless battles is banned
|rule|Species Clause: Limit one of each Pokémon
|rule|OHKO Clause: OHKO moves are banned
|rule|Evasion Items Clause: Evasion items are banned
|rule|Evasion Moves Clause: Evasion moves are banned
|rule|Evasion Abilities Clause: Evasion abilities are banned
|rule|Sleep Moves Clause: Sleep-inducing moves are banned
|clearpoke
|poke|p1|Weezing-Galar, M|
|poke|p1|Ting-Lu|
|poke|p1|Corviknight, M|
|poke|p1|Skeledirge, M|
|poke|p1|Dragapult, F|
|poke|p1|Ogerpon-Wellspring, F|
|poke|p2|Hoopa-Unbound|
|poke|p2|Zamazenta-*|
|poke|p2|Iron Moth|
|poke|p2|Hatterene, F|
|poke|p2|Iron Treads|
|poke|p2|Dragonite, M|
|teampreview
|inactive|Battle timer is ON: inactive players will automatically lose when time's up. (requested by JackRG1)
|
|t:|1759008015
|teamsize|p1|6
|teamsize|p2|6
|start
|switch|p1a: Ting-Lu|Ting-Lu, shiny|100/100
|switch|p2a: Hatterene|Hatterene, F|100/100
|-ability|p1a: Ting-Lu|Vessel of Ruin
|turn|1
|
|t:|1759008023
|switch|p1a: Ogerpon|Ogerpon-Wellspring, F|100/100
|move|p2a: Hatterene|Pain Split|p1a: Ogerpon
|-sethp|p1a: Ogerpon|94/100|[from] move: Pain Split|[silent]
|-sethp|p2a: Hatterene|100/100|[from] move: Pain Split
|
|upkeep
|turn|2
|
|t:|1759008027
|move|p1a: Ogerpon|Knock Off|p2a: Hatterene
|-damage|p2a: Hatterene|70/100
|-damage|p1a: Ogerpon|78/100|[from] item: Rocky Helmet|[of] p2a: Hatterene
|-enditem|p2a: Hatterene|Rocky Helmet|[from] move: Knock Off|[of] p1a: Ogerpon
|move|p2a: Hatterene|Future Sight|p1a: Ogerpon
|-start|p2a: Hatterene|move: Future Sight
|
|upkeep
|turn|3
|
|t:|1759008032
|switch|p1a: Ting-Lu|Ting-Lu, shiny|100/100
|-ability|p1a: Ting-Lu|Vessel of Ruin
|move|p2a: Hatterene|Draining Kiss|p1a: Ting-Lu
|-supereffective|p1a: Ting-Lu
|-damage|p1a: Ting-Lu|80/100
|-heal|p2a: Hatterene|95/100|[from] drain|[of] p1a: Ting-Lu
|
|-heal|p1a: Ting-Lu|86/100|[from] item: Leftovers
|upkeep
|turn|4
|
|t:|1759008040
|switch|p1a: Skeledirge|Skeledirge, M|100/100
|move|p2a: Hatterene|Draining Kiss|p1a: Skeledirge
|-resisted|p1a: Skeledirge
|-damage|p1a: Skeledirge|92/100
|-heal|p2a: Hatterene|100/100|[from] drain|[of] p1a: Skeledirge
|
|-end|p1a: Skeledirge|move: Future Sight
|-damage|p1a: Skeledirge|52/100
|upkeep
|turn|5
|
|t:|1759008046
|move|p1a: Skeledirge|Slack Off|p1a: Skeledirge
|-heal|p1a: Skeledirge|100/100
|move|p2a: Hatterene|Future Sight|p1a: Skeledirge
|-start|p2a: Hatterene|move: Future Sight
|
|upkeep
|turn|6
|j| dsvdv
|
|t:|1759008050
|switch|p2a: Hoopa|Hoopa-Unbound|100/100
|move|p1a: Skeledirge|Torch Song|p2a: Hoopa
|-damage|p2a: Hoopa|73/100
|-boost|p1a: Skeledirge|spa|1
|
|upkeep
|turn|7
|
|t:|1759008055
|switch|p1a: Ting-Lu|Ting-Lu, shiny|86/100
|-ability|p1a: Ting-Lu|Vessel of Ruin
|move|p2a: Hoopa|Trick|p1a: Ting-Lu
|-activate|p2a: Hoopa|move: Trick|[of] p1a: Ting-Lu
|-item|p1a: Ting-Lu|Choice Scarf|[from] move: Trick
|-item|p2a: Hoopa|Leftovers|[from] move: Trick
|
|-end|p1a: Ting-Lu|move: Future Sight
|-immune|p1a: Ting-Lu
|-heal|p2a: Hoopa|79/100|[from] item: Leftovers
|upkeep
|turn|8
|
|t:|1759008071
|move|p2a: Hoopa|Drain Punch|p1a: Ting-Lu
|-supereffective|p1a: Ting-Lu
|-damage|p1a: Ting-Lu|54/100
|-heal|p2a: Hoopa|100/100|[from] drain|[of] p1a: Ting-Lu
|move|p1a: Ting-Lu|Heavy Slam|p2a: Hoopa
|-damage|p2a: Hoopa|81/100
|
|-heal|p2a: Hoopa|87/100|[from] item: Leftovers
|upkeep
|turn|9
|
|t:|1759008078
|switch|p1a: Ogerpon|Ogerpon-Wellspring, F|78/100
|move|p2a: Hoopa|Knock Off|p1a: Ogerpon
|-damage|p1a: Ogerpon|36/100
|
|-heal|p2a: Hoopa|93/100|[from] item: Leftovers
|upkeep
|turn|10
|
|t:|1759008086
|switch|p2a: Hatterene|Hatterene, F|100/100
|move|p1a: Ogerpon|Synthesis|p1a: Ogerpon
|-heal|p1a: Ogerpon|86/100
|
|upkeep
|turn|11
|
|t:|1759008091
|move|p1a: Ogerpon|Ivy Cudgel|p2a: Hatterene|[anim] Ivy Cudgel Water
|-crit|p2a: Hatterene
|-damage|p2a: Hatterene|38/100
|move|p2a: Hatterene|Future Sight|p1a: Ogerpon
|-start|p2a: Hatterene|move: Future Sight
|
|upkeep
|turn|12
|
|t:|1759008097
|switch|p2a: Zamasu|Zamazenta|100/100
|-ability|p2a: Zamasu|Dauntless Shield|boost
|-boost|p2a: Zamasu|def|1
|move|p1a: Ogerpon|Ivy Cudgel|p2a: Zamasu|[anim] Ivy Cudgel Water
|-damage|p2a: Zamasu|68/100
|
|upkeep
|turn|13
|
|t:|1759008103
|switch|p1a: Ting-Lu|Ting-Lu, shiny|54/100
|-ability|p1a: Ting-Lu|Vessel of Ruin
|move|p2a: Zamasu|Close Combat|p1a: Ting-Lu
|-supereffective|p1a: Ting-Lu
|-damage|p1a: Ting-Lu|0 fnt
|-unboost|p2a: Zamasu|def|1
|-unboost|p2a: Zamasu|spd|1
|faint|p1a: Ting-Lu
|
|-hint|Future Sight did not hit because the target is fainted.
|upkeep
|
|t:|1759008109
|switch|p1a: Dragapult|Dragapult, F|100/100
|turn|14
|
|t:|1759008121
|move|p1a: Dragapult|Shadow Ball|p2a: Zamasu
|-damage|p2a: Zamasu|0 fnt
|faint|p2a: Zamasu
|
|upkeep
|
|t:|1759008128
|switch|p2a: Iron Treads|Iron Treads|100/100
|turn|15
|
|t:|1759008131
|switch|p1a: Corviknight|Corviknight, M|100/100
|-ability|p1a: Corviknight|Pressure
|move|p2a: Iron Treads|Stealth Rock|p1a: Corviknight
|-sidestart|p1: JackRG1|move: Stealth Rock
|
|upkeep
|turn|16
|l| dsvdv
|
|t:|1759008134
|move|p2a: Iron Treads|Knock Off|p1a: Corviknight
|-damage|p1a: Corviknight|78/100
|-damage|p2a: Iron Treads|84/100|[from] item: Rocky Helmet|[of] p1a: Corviknight
|-enditem|p1a: Corviknight|Rocky Helmet|[from] move: Knock Off|[of] p2a: Iron Treads
|move|p1a: Corviknight|U-turn|p2a: Iron Treads
|-resisted|p2a: Iron Treads
|-damage|p2a: Iron Treads|77/100
|
|t:|1759008136
|switch|p1a: Ogerpon|Ogerpon-Wellspring, F|86/100|[from] U-turn
|-damage|p1a: Ogerpon|74/100|[from] Stealth Rock
|
|-heal|p2a: Iron Treads|84/100|[from] item: Leftovers
|upkeep
|turn|17
|
|t:|1759008156
|-end|p2a: Iron Treads|Quark Drive|[silent]
|switch|p2a: Hatterene|Hatterene, F|38/100
|move|p1a: Ogerpon|Ivy Cudgel|p2a: Hatterene|[anim] Ivy Cudgel Water
|-damage|p2a: Hatterene|0 fnt
|faint|p2a: Hatterene
|
|upkeep
|
|t:|1759008170
|switch|p2a: Dragonite|Dragonite, M|100/100
|turn|18
|
|t:|1759008177
|switch|p1a: Skeledirge|Skeledirge, M|100/100
|switch|p2a: Iron Moth|Iron Moth|100/100
|-enditem|p2a: Iron Moth|Booster Energy
|-activate|p2a: Iron Moth|ability: Quark Drive|[fromitem]
|-start|p2a: Iron Moth|quarkdrivespe
|
|upkeep
|turn|19
|
|t:|1759008195
|-terastallize|p2a: Iron Moth|Ground
|move|p2a: Iron Moth|Tera Blast|p1a: Skeledirge|[anim] Tera Blast Ground
|-supereffective|p1a: Skeledirge
|-damage|p1a: Skeledirge|46/100
|move|p1a: Skeledirge|Will-O-Wisp|p2a: Iron Moth
|-status|p2a: Iron Moth|brn
|
|-damage|p2a: Iron Moth|95/100 brn|[from] brn
|upkeep
|turn|20
|
|t:|1759008200
|-terastallize|p1a: Skeledirge|Dark
|move|p2a: Iron Moth|Tera Blast|p1a: Skeledirge|[anim] Tera Blast Ground
|-damage|p1a: Skeledirge|18/100
|move|p1a: Skeledirge|Slack Off|p1a: Skeledirge
|-heal|p1a: Skeledirge|68/100
|
|-damage|p2a: Iron Moth|89/100 brn|[from] brn
|upkeep
|turn|21
|
|t:|1759008213
|move|p2a: Iron Moth|Sludge Wave|p1a: Skeledirge
|-damage|p1a: Skeledirge|32/100
|move|p1a: Skeledirge|Slack Off|p1a: Skeledirge
|-heal|p1a: Skeledirge|82/100
|
|-damage|p2a: Iron Moth|83/100 brn|[from] brn
|upkeep
|turn|22
|
|t:|1759008219
|switch|p1a: Dragapult|Dragapult, F|100/100
|-damage|p1a: Dragapult|88/100|[from] Stealth Rock
|move|p2a: Iron Moth|Sludge Wave|p1a: Dragapult
|-resisted|p1a: Dragapult
|-damage|p1a: Dragapult|57/100
|
|-damage|p2a: Iron Moth|77/100 brn|[from] brn
|upkeep
|turn|23
|j| Disscratch
|
|t:|1759008225
|move|p2a: Iron Moth|Tera Blast|p1a: Dragapult|[anim] Tera Blast Ground
|-damage|p1a: Dragapult|3/100
|move|p1a: Dragapult|Shadow Ball|p2a: Iron Moth
|-damage|p2a: Iron Moth|23/100 brn
|
|-damage|p2a: Iron Moth|17/100 brn|[from] brn
|upkeep
|turn|24
|
|t:|1759008231
|move|p2a: Iron Moth|Fiery Dance|p1a: Dragapult
|-resisted|p1a: Dragapult
|-damage|p1a: Dragapult|0 fnt
|faint|p1a: Dragapult
|
|-damage|p2a: Iron Moth|11/100 brn|[from] brn
|upkeep
|
|t:|1759008236
|switch|p1a: Weezing|Weezing-Galar, M|100/100
|-ability|p1a: Weezing|Neutralizing Gas
|turn|25
|
|t:|1759008239
|-end|p2a: Iron Moth|Quark Drive|[silent]
|switch|p2a: Hoopa|Hoopa-Unbound|93/100
|move|p1a: Weezing|Sludge Bomb|p2a: Hoopa
|-damage|p2a: Hoopa|67/100
|
|-heal|p2a: Hoopa|73/100|[from] item: Leftovers
|upkeep
|turn|26
|
|t:|1759008245
|move|p2a: Hoopa|Psychic|p1a: Weezing
|-supereffective|p1a: Weezing
|-damage|p1a: Weezing|0 fnt
|faint|p1a: Weezing
|-end|p1a: Weezing|ability: Neutralizing Gas
|
|-heal|p2a: Hoopa|79/100|[from] item: Leftovers
|upkeep
|
|t:|1759008246
|switch|p1a: Ogerpon|Ogerpon-Wellspring, F|74/100
|-damage|p1a: Ogerpon|62/100|[from] Stealth Rock
|turn|27
|j| cynasaurus
|
|t:|1759008253
|switch|p2a: Iron Treads|Iron Treads|84/100
|move|p1a: Ogerpon|Ivy Cudgel|p2a: Iron Treads|[anim] Ivy Cudgel Water
|-supereffective|p2a: Iron Treads
|-damage|p2a: Iron Treads|0 fnt
|faint|p2a: Iron Treads
|-end|p2a: Iron Treads|Quark Drive|[silent]
|
|upkeep
|j| FaronAan
|
|t:|1759008256
|switch|p2a: Iron Moth|Iron Moth, tera:Ground|11/100 brn
|turn|28
|
|t:|1759008261
|-end|p2a: Iron Moth|Quark Drive|[silent]
|switch|p2a: Hoopa|Hoopa-Unbound|79/100
|switch|p1a: Skeledirge|Skeledirge, M, tera:Dark|82/100
|
|-heal|p2a: Hoopa|85/100|[from] item: Leftovers
|upkeep
|turn|29
|
|t:|1759008266
|move|p2a: Hoopa|Drain Punch|p1a: Skeledirge
|-supereffective|p1a: Skeledirge
|-damage|p1a: Skeledirge|36/100
|-heal|p2a: Hoopa|100/100|[from] drain|[of] p1a: Skeledirge
|move|p1a: Skeledirge|Will-O-Wisp|p2a: Hoopa
|-status|p2a: Hoopa|brn
|
|-damage|p2a: Hoopa|95/100 brn|[from] brn
|upkeep
|turn|30
|
|t:|1759008279
|move|p2a: Hoopa|Knock Off|p1a: Skeledirge
|-resisted|p1a: Skeledirge
|-damage|p1a: Skeledirge|23/100
|-enditem|p1a: Skeledirge|Heavy-Duty Boots|[from] move: Knock Off|[of] p2a: Hoopa
|move|p1a: Skeledirge|Slack Off|p1a: Skeledirge
|-heal|p1a: Skeledirge|73/100
|
|-heal|p2a: Hoopa|100/100 brn|[from] item: Leftovers
|-damage|p2a: Hoopa|95/100 brn|[from] brn
|upkeep
|turn|31
|
|t:|1759008281
|move|p2a: Hoopa|Drain Punch|p1a: Skeledirge
|-supereffective|p1a: Skeledirge
|-damage|p1a: Skeledirge|49/100
|-heal|p2a: Hoopa|100/100 brn|[from] drain|[of] p1a: Skeledirge
|move|p1a: Skeledirge|Torch Song|p2a: Hoopa
|-damage|p2a: Hoopa|72/100 brn
|-boost|p1a: Skeledirge|spa|1
|
|-heal|p2a: Hoopa|78/100 brn|[from] item: Leftovers
|-damage|p2a: Hoopa|72/100 brn|[from] brn
|upkeep
|turn|32
|j| ollierob1
|inactive|Almighty Sa' has 120 seconds left.
|l| ollierob1
|
|t:|1759008324
|switch|p2a: Iron Moth|Iron Moth, tera:Ground|11/100 brn
|move|p1a: Skeledirge|Slack Off|p1a: Skeledirge
|-heal|p1a: Skeledirge|99/100
|
|-damage|p2a: Iron Moth|5/100 brn|[from] brn
|upkeep
|turn|33
|
|t:|1759008330
|switch|p1a: Ogerpon|Ogerpon-Wellspring, F|62/100
|-damage|p1a: Ogerpon|49/100|[from] Stealth Rock
|move|p2a: Iron Moth|Toxic Spikes|p1a: Ogerpon
|-sidestart|p1: JackRG1|move: Toxic Spikes
|
|-damage|p2a: Iron Moth|0 fnt|[from] brn
|faint|p2a: Iron Moth
|-end|p2a: Iron Moth|Quark Drive|[silent]
|upkeep
|
|t:|1759008335
|switch|p2a: Dragonite|Dragonite, M|100/100
|turn|34
|j| Le Bouquetin
|
|t:|1759008340
|move|p1a: Ogerpon|Knock Off|p2a: Dragonite
|-damage|p2a: Dragonite|82/100
|-enditem|p2a: Dragonite|Silk Scarf|[from] move: Knock Off|[of] p1a: Ogerpon
|move|p2a: Dragonite|Dragon Dance|p2a: Dragonite
|-boost|p2a: Dragonite|atk|1
|-boost|p2a: Dragonite|spe|1
|
|upkeep
|turn|35
|
|t:|1759008345
|move|p2a: Dragonite|Dragon Dance|p2a: Dragonite
|-boost|p2a: Dragonite|atk|1
|-boost|p2a: Dragonite|spe|1
|move|p1a: Ogerpon|Ivy Cudgel|p2a: Dragonite|[anim] Ivy Cudgel Water
|-resisted|p2a: Dragonite
|-damage|p2a: Dragonite|53/100
|
|upkeep
|turn|36
|
|t:|1759008349
|move|p2a: Dragonite|Dragon Claw|p1a: Ogerpon
|-damage|p1a: Ogerpon|0 fnt
|faint|p1a: Ogerpon
|
|upkeep
|l| Le Bouquetin
|
|t:|1759008351
|switch|p1a: Skeledirge|Skeledirge, M, tera:Dark|99/100
|-damage|p1a: Skeledirge|87/100|[from] Stealth Rock
|-status|p1a: Skeledirge|psn
|turn|37
|
|t:|1759008375
|switch|p2a: Hoopa|Hoopa-Unbound|72/100 brn
|move|p1a: Skeledirge|Will-O-Wisp|p2a: Hoopa
|-fail|p2a: Hoopa|brn
|
|-heal|p2a: Hoopa|78/100 brn|[from] item: Leftovers
|-damage|p1a: Skeledirge|74/100 psn|[from] psn
|-damage|p2a: Hoopa|72/100 brn|[from] brn
|upkeep
|turn|38
|
|t:|1759008379
|move|p2a: Hoopa|Drain Punch|p1a: Skeledirge
|-supereffective|p1a: Skeledirge
|-damage|p1a: Skeledirge|49/100 psn
|-heal|p2a: Hoopa|89/100 brn|[from] drain|[of] p1a: Skeledirge
|move|p1a: Skeledirge|Torch Song|p2a: Hoopa
|-crit|p2a: Hoopa
|-damage|p2a: Hoopa|49/100 brn
|-boost|p1a: Skeledirge|spa|1
|
|-heal|p2a: Hoopa|55/100 brn|[from] item: Leftovers
|-damage|p1a: Skeledirge|37/100 psn|[from] psn
|-damage|p2a: Hoopa|49/100 brn|[from] brn
|upkeep
|turn|39
|
|t:|1759008383
|move|p2a: Hoopa|Drain Punch|p1a: Skeledirge
|-supereffective|p1a: Skeledirge
|-damage|p1a: Skeledirge|12/100 psn
|-heal|p2a: Hoopa|66/100 brn|[from] drain|[of] p1a: Skeledirge
|move|p1a: Skeledirge|Slack Off|p1a: Skeledirge
|-heal|p1a: Skeledirge|62/100 psn
|
|-heal|p2a: Hoopa|72/100 brn|[from] item: Leftovers
|-damage|p1a: Skeledirge|50/100 psn|[from] psn
|-damage|p2a: Hoopa|66/100 brn|[from] brn
|upkeep
|turn|40
|
|t:|1759008385
|move|p2a: Hoopa|Drain Punch|p1a: Skeledirge
|-supereffective|p1a: Skeledirge
|-damage|p1a: Skeledirge|23/100 psn
|-heal|p2a: Hoopa|85/100 brn|[from] drain|[of] p1a: Skeledirge
|move|p1a: Skeledirge|Slack Off|p1a: Skeledirge
|-heal|p1a: Skeledirge|73/100 psn
|
|-heal|p2a: Hoopa|91/100 brn|[from] item: Leftovers
|-damage|p1a: Skeledirge|61/100 psn|[from] psn
|-damage|p2a: Hoopa|85/100 brn|[from] brn
|upkeep
|turn|41
|
|t:|1759008387
|move|p2a: Hoopa|Drain Punch|p1a: Skeledirge
|-supereffective|p1a: Skeledirge
|-damage|p1a: Skeledirge|35/100 psn
|-heal|p2a: Hoopa|100/100 brn|[from] drain|[of] p1a: Skeledirge
|move|p1a: Skeledirge|Slack Off|p1a: Skeledirge
|-heal|p1a: Skeledirge|85/100 psn
|
|-damage|p1a: Skeledirge|73/100 psn|[from] psn
|-damage|p2a: Hoopa|95/100 brn|[from] brn
|upkeep
|turn|42
|
|t:|1759008390
|switch|p1a: Corviknight|Corviknight, M|78/100
|-damage|p1a: Corviknight|66/100|[from] Stealth Rock
|-ability|p1a: Corviknight|Pressure
|move|p2a: Hoopa|Drain Punch|p1a: Corviknight
|-damage|p1a: Corviknight|56/100
|-heal|p2a: Hoopa|99/100 brn|[from] drain|[of] p1a: Corviknight
|
|-heal|p2a: Hoopa|100/100 brn|[from] item: Leftovers
|-damage|p2a: Hoopa|95/100 brn|[from] brn
|upkeep
|turn|43
|
|t:|1759008400
|switch|p2a: Dragonite|Dragonite, M|53/100
|move|p1a: Corviknight|Roost|p1a: Corviknight
|-heal|p1a: Corviknight|100/100
|-singleturn|p1a: Corviknight|move: Roost
|
|upkeep
|turn|44
|
|t:|1759008403
|move|p2a: Dragonite|Dragon Dance|p2a: Dragonite
|-boost|p2a: Dragonite|atk|1
|-boost|p2a: Dragonite|spe|1
|move|p1a: Corviknight|Body Press|p2a: Dragonite
|-resisted|p2a: Dragonite
|-damage|p2a: Dragonite|38/100
|
|upkeep
|turn|45
|
|t:|1759008406
|move|p2a: Dragonite|Dragon Dance|p2a: Dragonite
|-boost|p2a: Dragonite|atk|1
|-boost|p2a: Dragonite|spe|1
|move|p1a: Corviknight|Iron Defense|p1a: Corviknight
|-boost|p1a: Corviknight|def|2
|
|upkeep
|turn|46
|-message|Almighty Sa' forfeited.
|
|win|JackRG1
|raw|JackRG1's rating: 1863 &rarr; <strong>1887</strong><br />(+24 for winning)
|raw|Almighty Sa&apos;'s rating: 1934 &rarr; <strong>1910</strong><br />(-24 for losing)
|l| Disscratch
