|j|☆gen 9 sab truther
|j|☆GummyDeino
|t:|1758991699
|gametype|singles
|player|p1|gen 9 sab truther|morty-masters|1704
|player|p2|GummyDeino|2|1697
|gen|9
|tier|[Gen 9] OU
|rated|
|rule|HP Percentage Mod: HP is shown in percentages
|rule|Endless Battle Clause: Forcing endless battles is banned
|rule|Species Clause: Limit one of each Pokémon
|rule|OHKO Clause: OHKO moves are banned
|rule|Evasion Items Clause: Evasion items are banned
|rule|Evasion Moves Clause: Evasion moves are banned
|rule|Evasion Abilities Clause: Evasion abilities are banned
|rule|Sleep Moves Clause: Sleep-inducing moves are banned
|clearpoke
|poke|p1|Dipplin, M|
|poke|p1|Gholdengo|
|poke|p1|Ting-Lu|
|poke|p1|Hatterene, F|
|poke|p1|Moltres|
|poke|p1|Blissey, F|
|poke|p2|Indeedee, M|
|poke|p2|Hatterene, F|
|poke|p2|Ursaluna, F|
|poke|p2|Iron Hands|
|poke|p2|Hoopa-Unbound|
|poke|p2|Mimikyu, F|
|teampreview
|inactive|Battle timer is ON: inactive players will automatically lose when time's up. (requested by GummyDeino)
|inactive|gen 9 sab truther also wants the timer to be on.
|
|t:|1758991721
|teamsize|p1|6
|teamsize|p2|6
|start
|switch|p1a: Ting-Lu|Ting-Lu|100/100
|switch|p2a: Catch These Hands|Iron Hands, shiny|100/100
|-ability|p1a: Ting-Lu|Vessel of Ruin
|-enditem|p2a: Catch These Hands|Booster Energy
|-activate|p2a: Catch These Hands|ability: Quark Drive|[fromitem]
|-start|p2a: Catch These Hands|quarkdriveatk
|turn|1
|
|t:|1758991741
|move|p2a: Catch These Hands|Close Combat|p1a: Ting-Lu
|-supereffective|p1a: Ting-Lu
|-damage|p1a: Ting-Lu|16/100
|-unboost|p2a: Catch These Hands|def|1
|-unboost|p2a: Catch These Hands|spd|1
|move|p1a: Ting-Lu|Ruination|p2a: Catch These Hands
|-damage|p2a: Catch These Hands|50/100
|
|-heal|p1a: Ting-Lu|23/100|[from] item: Leftovers
|upkeep
|turn|2
|
|t:|1758991761
|-terastallize|p1a: Ting-Lu|Ghost
|move|p2a: Catch These Hands|Ice Punch|p1a: Ting-Lu
|-damage|p1a: Ting-Lu|8/100
|move|p1a: Ting-Lu|Spikes|p2a: Catch These Hands
|-sidestart|p2: GummyDeino|Spikes
|
|-heal|p1a: Ting-Lu|14/100|[from] item: Leftovers
|upkeep
|turn|3
|inactive|gen 9 sab truther has 120 seconds left.
|
|t:|1758991788
|switch|p1a: Gholdengo|Gholdengo|100/100
|-item|p1a: Gholdengo|Air Balloon
|move|p2a: Catch These Hands|Supercell Slam|p1a: Gholdengo
|-damage|p1a: Gholdengo|50/100
|-enditem|p1a: Gholdengo|Air Balloon
|
|upkeep
|turn|4
|
|t:|1758991796
|move|p1a: Gholdengo|Recover|p1a: Gholdengo
|-heal|p1a: Gholdengo|100/100
|move|p2a: Catch These Hands|Supercell Slam|p1a: Gholdengo
|-damage|p1a: Gholdengo|43/100
|
|upkeep
|turn|5
|
|t:|1758991802
|move|p1a: Gholdengo|Recover|p1a: Gholdengo
|-heal|p1a: Gholdengo|93/100
|move|p2a: Catch These Hands|Supercell Slam|p1a: Gholdengo
|-crit|p1a: Gholdengo
|-damage|p1a: Gholdengo|19/100
|
|upkeep
|turn|6
|
|t:|1758991808
|move|p1a: Gholdengo|Recover|p1a: Gholdengo
|-heal|p1a: Gholdengo|69/100
|move|p2a: Catch These Hands|Supercell Slam|p1a: Gholdengo
|-damage|p1a: Gholdengo|19/100
|
|upkeep
|turn|7
|
|t:|1758991813
|move|p1a: Gholdengo|Recover|p1a: Gholdengo
|-heal|p1a: Gholdengo|69/100
|move|p2a: Catch These Hands|Supercell Slam|p1a: Gholdengo
|-damage|p1a: Gholdengo|15/100
|
|upkeep
|turn|8
|
|t:|1758991819
|move|p1a: Gholdengo|Recover|p1a: Gholdengo
|-heal|p1a: Gholdengo|65/100
|move|p2a: Catch These Hands|Supercell Slam|p1a: Gholdengo
|-damage|p1a: Gholdengo|14/100
|
|upkeep
|turn|9
|
|t:|1758991824
|move|p1a: Gholdengo|Recover|p1a: Gholdengo
|-heal|p1a: Gholdengo|64/100
|move|p2a: Catch These Hands|Supercell Slam|p1a: Gholdengo
|-damage|p1a: Gholdengo|12/100
|
|upkeep
|turn|10
|
|t:|1758991829
|move|p1a: Gholdengo|Recover|p1a: Gholdengo
|-heal|p1a: Gholdengo|62/100
|move|p2a: Catch These Hands|Supercell Slam|p1a: Gholdengo
|-damage|p1a: Gholdengo|9/100
|
|upkeep
|turn|11
|
|t:|1758991835
|move|p1a: Gholdengo|Recover|p1a: Gholdengo
|-heal|p1a: Gholdengo|59/100
|move|p2a: Catch These Hands|Supercell Slam|p1a: Gholdengo
|-damage|p1a: Gholdengo|7/100
|
|upkeep
|turn|12
|c|☆gen 9 sab truther|incredible
|c|☆gen 9 sab truther|no misses over all hits
|c|☆gen 9 sab truther|play the fucking lottery pls
|
|t:|1758991850
|move|p1a: Gholdengo|Shadow Ball|p2a: Catch These Hands
|-damage|p2a: Catch These Hands|10/100
|-unboost|p2a: Catch These Hands|spd|1
|move|p2a: Catch These Hands|Supercell Slam|p1a: Gholdengo
|-damage|p1a: Gholdengo|0 fnt
|faint|p1a: Gholdengo
|
|upkeep
|
|t:|1758991853
|switch|p1a: Moltres|Moltres|100/100
|turn|13
|
|t:|1758991861
|move|p1a: Moltres|Flamethrower|p2a: Catch These Hands
|-damage|p2a: Catch These Hands|0 fnt
|faint|p2a: Catch These Hands
|-end|p2a: Catch These Hands|Quark Drive|[silent]
|
|upkeep
|
|t:|1758991865
|switch|p2a: Ayo Doc Heal Me|Indeedee, M, shiny|100/100
|-damage|p2a: Ayo Doc Heal Me|88/100|[from] Spikes
|-fieldstart|move: Psychic Terrain|[from] ability: Psychic Surge|[of] p2a: Ayo Doc Heal Me
|turn|14
|
|t:|1758991874
|move|p1a: Moltres|Roar|p2a: Ayo Doc Heal Me
|drag|p2a: Sukuna|Hoopa-Unbound|100/100
|-damage|p2a: Sukuna|88/100|[from] Spikes
|-enditem|p2a: Sukuna|Psychic Seed
|-boost|p2a: Sukuna|spd|1|[from] item: Psychic Seed
|
|upkeep
|turn|15
|
|t:|1758991880
|move|p1a: Moltres|U-turn|p2a: Sukuna
|-supereffective|p2a: Sukuna
|-damage|p2a: Sukuna|18/100
|
|t:|1758991884
|switch|p1a: Ting-Lu|Ting-Lu, tera:Ghost|14/100|[from] U-turn
|-ability|p1a: Ting-Lu|Vessel of Ruin
|move|p2a: Sukuna|Expanding Force|p1a: Ting-Lu
|-damage|p1a: Ting-Lu|0 fnt
|faint|p1a: Ting-Lu
|-item|p2a: Sukuna|Leftovers|[from] ability: Magician|[of] p1: Ting-Lu
|
|-heal|p2a: Sukuna|24/100|[from] item: Leftovers
|upkeep
|
|t:|1758991886
|switch|p1a: Moltres|Moltres|100/100
|turn|16
|
|t:|1758991898
|switch|p2a: Mimi :3|Mimikyu, F, shiny|100/100
|-damage|p2a: Mimi :3|88/100|[from] Spikes
|move|p1a: Moltres|U-turn|p2a: Mimi :3
|-activate|p2a: Mimi :3|ability: Disguise
|-damage|p2a: Mimi :3|88/100
|detailschange|p2a: Mimi :3|Mimikyu-Busted, F, shiny
|-damage|p2a: Mimi :3|76/100|[from] pokemon: Mimikyu-Busted
|-enditem|p2a: Mimi :3|Red Card|[of] p1a: Moltres
|drag|p1a: Dipplin|Dipplin, M|100/100
|
|upkeep
|turn|17
|
|t:|1758991908
|move|p1a: Dipplin|Infestation|p2a: Mimi :3
|-resisted|p2a: Mimi :3
|-damage|p2a: Mimi :3|75/100
|-activate|p2a: Mimi :3|move: Infestation|[of] p1a: Dipplin
|move|p2a: Mimi :3|Trick Room|p2a: Mimi :3
|-fieldstart|move: Trick Room|[of] p2a: Mimi :3
|
|-damage|p2a: Mimi :3|62/100|[from] move: Infestation|[partiallytrapped]
|upkeep
|turn|18
|
|t:|1758991919
|move|p2a: Mimi :3|Curse|p1a: Dipplin
|-start|p1a: Dipplin|Curse|[of] p2a: Mimi :3
|-damage|p2a: Mimi :3|12/100
|move|p1a: Dipplin|Dragon Tail|p2a: Mimi :3
|-immune|p2a: Mimi :3
|
|-damage|p1a: Dipplin|75/100|[from] Curse
|-damage|p2a: Mimi :3|0 fnt|[from] move: Infestation|[partiallytrapped]
|faint|p2a: Mimi :3
|upkeep
|
|t:|1758991940
|switch|p2a: 5 Nights In TR|Ursaluna, F, shiny|100/100
|-damage|p2a: 5 Nights In TR|88/100|[from] Spikes
|turn|19
|
|t:|1758991945
|move|p1a: Dipplin|Giga Drain|p2a: 5 Nights In TR
|-supereffective|p2a: 5 Nights In TR
|-damage|p2a: 5 Nights In TR|43/100
|-heal|p1a: Dipplin|100/100|[from] drain|[of] p2a: 5 Nights In TR
|move|p2a: 5 Nights In TR|Ice Punch|p1a: Dipplin
|-supereffective|p1a: Dipplin
|-damage|p1a: Dipplin|52/100
|
|-damage|p1a: Dipplin|27/100|[from] Curse
|-status|p2a: 5 Nights In TR|brn|[from] item: Flame Orb
|upkeep
|turn|20
|inactive|gen 9 sab truther has 120 seconds left.
|
|t:|1758991983
|move|p1a: Dipplin|Giga Drain|p2a: 5 Nights In TR
|-supereffective|p2a: 5 Nights In TR
|-damage|p2a: 5 Nights In TR|0 fnt
|-heal|p1a: Dipplin|54/100|[from] drain|[of] p2a: 5 Nights In TR
|faint|p2a: 5 Nights In TR
|
|-damage|p1a: Dipplin|29/100|[from] Curse
|upkeep
|c|☆GummyDeino|0.95 to the 9th power is roughly 0.66
|c|☆GummyDeino|I meant 8th
|
|t:|1758991997
|switch|p2a: Ayo Doc Heal Me|Indeedee, M, shiny|88/100
|-damage|p2a: Ayo Doc Heal Me|76/100|[from] Spikes
|turn|21
|c|☆gen 9 sab truther|oh huh i guess it's actually not that much
|inactive|gen 9 sab truther has 120 seconds left.
|
|t:|1758992013
|switch|p1a: Blissey|Blissey, F|100/100
|move|p2a: Ayo Doc Heal Me|Expanding Force|p1a: Blissey
|-damage|p1a: Blissey|84/100
|
|-heal|p1a: Blissey|90/100|[from] item: Leftovers
|-fieldend|move: Trick Room
|-fieldend|move: Psychic Terrain
|upkeep
|turn|22
|inactive|gen 9 sab truther has 120 seconds left.
|
|t:|1758992024
|switch|p2a: Satella|Hatterene, F, shiny|100/100
|-damage|p2a: Satella|88/100|[from] Spikes
|switch|p1a: Moltres|Moltres|100/100
|
|upkeep
|turn|23
|
|t:|1758992030
|move|p1a: Moltres|Flamethrower|p2a: Satella
|-damage|p2a: Satella|49/100
|-status|p2a: Satella|brn
|move|p2a: Satella|Trick Room|p2a: Satella
|-fieldstart|move: Trick Room|[of] p2a: Satella
|
|-damage|p2a: Satella|43/100 brn|[from] brn
|upkeep
|turn|24
|
|t:|1758992041
|switch|p2a: Ayo Doc Heal Me|Indeedee, M, shiny|76/100
|-damage|p2a: Ayo Doc Heal Me|63/100|[from] Spikes
|-fieldstart|move: Psychic Terrain|[from] ability: Psychic Surge|[of] p2a: Ayo Doc Heal Me
|move|p1a: Moltres|Flamethrower|p2a: Ayo Doc Heal Me
|-damage|p2a: Ayo Doc Heal Me|22/100
|
|upkeep
|turn|25
|inactive|gen 9 sab truther has 120 seconds left.
|
|t:|1758992063
|move|p1a: Moltres|U-turn|p2a: Ayo Doc Heal Me
|-supereffective|p2a: Ayo Doc Heal Me
|-damage|p2a: Ayo Doc Heal Me|0 fnt
|faint|p2a: Ayo Doc Heal Me
|inactive|gen 9 sab truther has 120 seconds left.
|
|t:|1758992078
|switch|p1a: Hatterene|Hatterene, F|100/100|[from] U-turn
|
|upkeep
|-message|GummyDeino forfeited.
|
|win|gen 9 sab truther
|raw|gen 9 sab truther's rating: 1704 &rarr; <strong>1724</strong><br />(+20 for winning)
|raw|GummyDeino's rating: 1697 &rarr; <strong>1677</strong><br />(-20 for losing)
|l|☆GummyDeino
|player|p2|
|l|☆gen 9 sab truther
|player|p1|
