|j|☆Mat567
|j|☆panzershock
|t:|1759064532
|gametype|singles
|player|p1|Mat567|hilbert|1298
|player|p2|panzershock|2|1288
|gen|9
|tier|[Gen 9] OU
|rated|
|rule|HP Percentage Mod: HP is shown in percentages
|rule|Endless Battle Clause: Forcing endless battles is banned
|rule|Species Clause: Limit one of each Pokémon
|rule|OHKO Clause: OHKO moves are banned
|rule|Evasion Items Clause: Evasion items are banned
|rule|Evasion Moves Clause: Evasion moves are banned
|rule|Evasion Abilities Clause: Evasion abilities are banned
|rule|Sleep Moves Clause: Sleep-inducing moves are banned
|clearpoke
|poke|p1|Landorus-Therian, M|
|poke|p1|Samurott-Hisui, F|
|poke|p1|Pecharunt|
|poke|p1|Scizor, F|
|poke|p1|Latios, M|
|poke|p1|Zamazenta-*|
|poke|p2|Toucannon, M|
|poke|p2|Flapple, M|
|poke|p2|Ditto|
|poke|p2|Metagross|
|poke|p2|Yanmega, M|
|poke|p2|Cinccino, M|
|teampreview
|inactive|Battle timer is ON: inactive players will automatically lose when time's up. (requested by Mat567)
|
|t:|1759064544
|teamsize|p1|6
|teamsize|p2|6
|start
|switch|p1a: Samurott|Samurott-Hisui, F|100/100
|switch|p2a: Yanmega|Yanmega, M|100/100
|turn|1
|
|t:|1759064550
|move|p1a: Samurott|Ceaseless Edge|p2a: Yanmega
|-damage|p2a: Yanmega|63/100
|-sidestart|p2: panzershock|Spikes
|move|p2a: Yanmega|Bug Buzz|p1a: Samurott
|-supereffective|p1a: Samurott
|-damage|p1a: Samurott|33/100
|
|-heal|p2a: Yanmega|69/100|[from] item: Leftovers
|upkeep
|turn|2
|
|t:|1759064558
|switch|p1a: Landorus|Landorus-Therian, M|100/100
|-ability|p1a: Landorus|Intimidate|boost
|-unboost|p2a: Yanmega|atk|1
|move|p2a: Yanmega|Giga Drain|p1a: Landorus
|-damage|p1a: Landorus|78/100
|-heal|p2a: Yanmega|81/100|[from] drain|[of] p1a: Landorus
|
|-heal|p2a: Yanmega|87/100|[from] item: Leftovers
|upkeep
|turn|3
|
|t:|1759064570
|move|p1a: Landorus|Stealth Rock|p2a: Yanmega
|-sidestart|p2: panzershock|move: Stealth Rock
|move|p2a: Yanmega|Bug Buzz|p1a: Landorus
|-resisted|p1a: Landorus
|-damage|p1a: Landorus|38/100
|
|-heal|p2a: Yanmega|93/100|[from] item: Leftovers
|upkeep
|turn|4
|
|t:|1759064579
|move|p1a: Landorus|Smack Down|p2a: Yanmega
|-supereffective|p2a: Yanmega
|-damage|p2a: Yanmega|49/100
|-start|p2a: Yanmega|Smack Down
|move|p2a: Yanmega|Bug Buzz|p1a: Landorus
|-resisted|p1a: Landorus
|-damage|p1a: Landorus|0 fnt
|faint|p1a: Landorus
|
|-heal|p2a: Yanmega|56/100|[from] item: Leftovers
|upkeep
|
|t:|1759064595
|switch|p1a: Latios|Latios, M|100/100
|turn|5
|
|t:|1759064599
|move|p1a: Latios|Psychic Noise|p2a: Yanmega
|-damage|p2a: Yanmega|0 fnt
|faint|p2a: Yanmega
|
|upkeep
|
|t:|1759064615
|switch|p2a: Cinccino|Cinccino, M|100/100
|-damage|p2a: Cinccino|88/100|[from] Spikes
|-damage|p2a: Cinccino|76/100|[from] Stealth Rock
|turn|6
|
|t:|1759064623
|switch|p1a: Pecharunt|Pecharunt|100/100
|move|p2a: Cinccino|Tidy Up|p2a: Cinccino
|-sideend|p2: panzershock|Spikes
|-sideend|p2: panzershock|Stealth Rock
|-activate|p2a: Cinccino|move: Tidy Up
|-boost|p2a: Cinccino|atk|1
|-boost|p2a: Cinccino|spe|1
|
|upkeep
|turn|7
|
|t:|1759064632
|switch|p2a: Metagross|Metagross|100/100
|move|p1a: Pecharunt|Malignant Chain|p2a: Metagross
|-immune|p2a: Metagross
|
|upkeep
|turn|8
|
|t:|1759064642
|move|p1a: Pecharunt|Shadow Ball|p2a: Metagross
|-supereffective|p2a: Metagross
|-damage|p2a: Metagross|68/100
|move|p2a: Metagross|Earthquake|p1a: Pecharunt
|-supereffective|p1a: Pecharunt
|-damage|p1a: Pecharunt|50/100
|
|upkeep
|turn|9
|
|t:|1759064651
|move|p1a: Pecharunt|Recover|p1a: Pecharunt
|-heal|p1a: Pecharunt|99/100
|move|p2a: Metagross|Psychic Noise|p1a: Pecharunt
|-supereffective|p1a: Pecharunt
|-damage|p1a: Pecharunt|48/100
|-start|p1a: Pecharunt|move: Heal Block
|
|upkeep
|turn|10
|
|t:|1759064661
|switch|p1a: Latios|Latios, M|100/100
|move|p2a: Metagross|Earthquake|p1a: Latios
|-immune|p1a: Latios|[from] ability: Levitate
|
|upkeep
|turn|11
|
|t:|1759064675
|move|p2a: Metagross|Bullet Punch|p1a: Latios
|-damage|p1a: Latios|70/100
|move|p1a: Latios|Calm Mind|p1a: Latios
|-boost|p1a: Latios|spa|1
|-boost|p1a: Latios|spd|1
|
|upkeep
|turn|12
|
|t:|1759064683
|move|p2a: Metagross|Bullet Punch|p1a: Latios
|-damage|p1a: Latios|34/100
|move|p1a: Latios|Draco Meteor|p2a: Metagross
|-resisted|p2a: Metagross
|-damage|p2a: Metagross|20/100
|-unboost|p1a: Latios|spa|2
|
|upkeep
|turn|13
|
|t:|1759064689
|move|p2a: Metagross|Bullet Punch|p1a: Latios
|-crit|p1a: Latios
|-damage|p1a: Latios|0 fnt
|faint|p1a: Latios
|
|upkeep
|
|t:|1759064698
|switch|p1a: Pecharunt|Pecharunt|48/100
|turn|14
|
|t:|1759064707
|switch|p2a: Toucannon|Toucannon, M|100/100
|move|p1a: Pecharunt|Recover|p1a: Pecharunt
|-heal|p1a: Pecharunt|98/100
|
|upkeep
|turn|15
|
|t:|1759064712
|move|p1a: Pecharunt|Malignant Chain|p2a: Toucannon
|-crit|p2a: Toucannon
|-damage|p2a: Toucannon|43/100
|move|p2a: Toucannon|Throat Chop|p1a: Pecharunt
|-supereffective|p1a: Pecharunt
|-damage|p1a: Pecharunt|35/100
|
|upkeep
|turn|16
|
|t:|1759064726
|switch|p2a: Ditto|Ditto|100/100
|-transform|p2a: Ditto|p1a: Pecharunt|[from] ability: Imposter
|move|p1a: Pecharunt|Parting Shot|p2a: Ditto
|-unboost|p2a: Ditto|atk|1
|-unboost|p2a: Ditto|spa|1
|
|t:|1759064736
|switch|p1a: Scizor|Scizor, F|100/100|[from] Parting Shot
|
|upkeep
|turn|17
|
|t:|1759064741
|move|p2a: Ditto|Parting Shot|p1a: Scizor
|-unboost|p1a: Scizor|atk|1
|-unboost|p1a: Scizor|spa|1
|
|t:|1759064746
|switch|p2a: Toucannon|Toucannon, M|43/100|[from] Parting Shot
|move|p1a: Scizor|Swords Dance|p1a: Scizor
|-boost|p1a: Scizor|atk|2
|
|upkeep
|turn|18
|
|t:|1759064754
|-singleturn|p2a: Toucannon|move: Beak Blast
|move|p1a: Scizor|Bullet Punch|p2a: Toucannon
|-damage|p2a: Toucannon|0 fnt
|-status|p1a: Scizor|brn
|faint|p2a: Toucannon
|
|-damage|p1a: Scizor|94/100 brn|[from] brn
|upkeep
|
|t:|1759064762
|switch|p2a: Ditto|Ditto|100/100
|-transform|p2a: Ditto|p1a: Scizor|[from] ability: Imposter
|turn|19
|
|t:|1759064781
|move|p1a: Scizor|Knock Off|p2a: Ditto
|-damage|p2a: Ditto|66/100
|-enditem|p2a: Ditto|Expert Belt|[from] move: Knock Off|[of] p1a: Scizor
|move|p2a: Ditto|Knock Off|p1a: Scizor
|-damage|p1a: Scizor|26/100 brn
|-enditem|p1a: Scizor|Heavy-Duty Boots|[from] move: Knock Off|[of] p2a: Ditto
|
|-damage|p1a: Scizor|20/100 brn|[from] brn
|upkeep
|turn|20
|
|t:|1759064791
|move|p1a: Scizor|Bullet Punch|p2a: Ditto
|-resisted|p2a: Ditto
|-damage|p2a: Ditto|51/100
|move|p2a: Ditto|Knock Off|p1a: Scizor
|-damage|p1a: Scizor|0 fnt
|faint|p1a: Scizor
|
|upkeep
|
|t:|1759064794
|switch|p1a: Zamazenta|Zamazenta|100/100
|-ability|p1a: Zamazenta|Dauntless Shield|boost
|-boost|p1a: Zamazenta|def|1
|turn|21
|
|t:|1759064808
|switch|p2a: Flapple|Flapple, M|100/100
|move|p1a: Zamazenta|Iron Defense|p1a: Zamazenta
|-boost|p1a: Zamazenta|def|2
|
|upkeep
|turn|22
|
|t:|1759064812
|move|p1a: Zamazenta|Body Press|p2a: Flapple
|-enditem|p2a: Flapple|Focus Sash
|-damage|p2a: Flapple|1/100
|move|p2a: Flapple|Grav Apple|p1a: Zamazenta|[miss]
|-miss|p2a: Flapple|p1a: Zamazenta
|
|upkeep
|turn|23
|
|t:|1759064819
|move|p1a: Zamazenta|Body Press|p2a: Flapple
|-damage|p2a: Flapple|0 fnt
|faint|p2a: Flapple
|
|upkeep
|
|t:|1759064822
|switch|p2a: Ditto|Ditto|51/100
|-transform|p2a: Ditto|p1a: Zamazenta|[from] ability: Imposter
|-ability|p2a: Ditto|Dauntless Shield|boost
|-boost|p2a: Ditto|def|1
|turn|24
|
|t:|1759064831
|move|p2a: Ditto|Body Press|p1a: Zamazenta
|-damage|p1a: Zamazenta|68/100
|move|p1a: Zamazenta|Body Press|p2a: Ditto
|-damage|p2a: Ditto|23/100
|
|-heal|p1a: Zamazenta|74/100|[from] item: Leftovers
|upkeep
|turn|25
|
|t:|1759064850
|move|p1a: Zamazenta|Body Press|p2a: Ditto
|-damage|p2a: Ditto|0 fnt
|faint|p2a: Ditto
|
|-heal|p1a: Zamazenta|80/100|[from] item: Leftovers
|upkeep
|-message|panzershock forfeited.
|
|win|Mat567
|raw|Mat567's rating: 1298 &rarr; <strong>1322</strong><br />(+24 for winning)
|raw|panzershock's rating: 1288 &rarr; <strong>1264</strong><br />(-24 for losing)
|l|☆panzershock
|player|p2|
|l|☆Mat567
|player|p1|
