|badge|p2|bronze|gen9ou|100-6
|html|<div class="broadcast-red"><strong>This battle is required to be public due to one or more player having a season medal.</strong><br />During the public phase, you can discuss the state of the ladder <a href="/seasondiscussion">in a special chatroom.</a></div>
|uhtml|medal-msg|<div class="broadcast-blue">Curious what those medals under the avatar are? PS now has Ladder Seasons! For more information, check out the <a href="https://www.smogon.com/forums/threads/3740067/">thread on Smogon.</a></div>
|j|☆noob1877
|j|☆WogerHater
|t:|1758934958
|gametype|singles
|player|p1|noob1877|169|1702
|player|p2|WogerHater|dawn-gen4pt|1809
|gen|9
|tier|[Gen 9] OU
|rated|
|rule|HP Percentage Mod: HP is shown in percentages
|rule|Endless Battle Clause: Forcing endless battles is banned
|rule|Species Clause: Limit one of each Pokémon
|rule|OHKO Clause: OHKO moves are banned
|rule|Evasion Items Clause: Evasion items are banned
|rule|Evasion Moves Clause: Evasion moves are banned
|rule|Evasion Abilities Clause: Evasion abilities are banned
|rule|Sleep Moves Clause: Sleep-inducing moves are banned
|clearpoke
|poke|p1|Ursaluna, M|
|poke|p1|Alomomola, F|
|poke|p1|Ogerpon, F|
|poke|p1|Iron Treads|
|poke|p1|Iron Valiant|
|poke|p1|Dragonite, M|
|poke|p2|Weezing-Galar, F|
|poke|p2|Ting-Lu|
|poke|p2|Corviknight, F|
|poke|p2|Skeledirge, M|
|poke|p2|Dragapult, M|
|poke|p2|Ogerpon-Wellspring, F|
|teampreview
|inactive|Battle timer is ON: inactive players will automatically lose when time's up. (requested by WogerHater)
|
|t:|1758934970
|teamsize|p1|6
|teamsize|p2|6
|start
|switch|p1a: Ogerpon|Ogerpon, F|100/100
|switch|p2a: Ogerpon|Ogerpon-Wellspring, F|100/100
|turn|1
|
|t:|1758934978
|move|p1a: Ogerpon|U-turn|p2a: Ogerpon
|-supereffective|p2a: Ogerpon
|-damage|p2a: Ogerpon|29/100
|
|t:|1758935003
|switch|p1a: Alomomola|Alomomola, F|100/100|[from] U-turn
|move|p2a: Ogerpon|Spikes|p1a: Alomomola
|-sidestart|p1: noob1877|Spikes
|
|upkeep
|turn|2
|
|t:|1758935020
|move|p2a: Ogerpon|Synthesis|p2a: Ogerpon
|-heal|p2a: Ogerpon|79/100
|move|p1a: Alomomola|Wish|p1a: Alomomola
|
|upkeep
|turn|3
|
|t:|1758935028
|switch|p1a: Dragonite|Dragonite, M|100/100
|move|p2a: Ogerpon|Knock Off|p1a: Dragonite
|-damage|p1a: Dragonite|81/100
|-enditem|p1a: Dragonite|Loaded Dice|[from] move: Knock Off|[of] p2a: Ogerpon
|
|-heal|p1a: Dragonite|100/100|[from] move: Wish|[wisher] Alomomola
|upkeep
|turn|4
|
|t:|1758935038
|switch|p2a: GAS.|Weezing-Galar, F|100/100
|-ability|p2a: GAS.|Neutralizing Gas
|move|p1a: Dragonite|Dragon Dance|p1a: Dragonite
|-boost|p1a: Dragonite|atk|1
|-boost|p1a: Dragonite|spe|1
|
|upkeep
|turn|5
|
|t:|1758935046
|switch|p1a: Ursaluna|Ursaluna, M|100/100
|-damage|p1a: Ursaluna|88/100|[from] Spikes
|move|p2a: GAS.|Sludge Bomb|p1a: Ursaluna
|-resisted|p1a: Ursaluna
|-damage|p1a: Ursaluna|75/100
|-status|p1a: Ursaluna|psn
|
|-damage|p1a: Ursaluna|62/100 psn|[from] psn
|upkeep
|turn|6
|
|t:|1758935068
|switch|p1a: Dragonite|Dragonite, M|100/100
|-end|p2a: GAS.|ability: Neutralizing Gas
|switch|p2a: Corviknight|Corviknight, F|100/100
|-ability|p2a: Corviknight|Pressure
|
|upkeep
|turn|7
|
|t:|1758935071
|move|p1a: Dragonite|Dragon Dance|p1a: Dragonite
|-boost|p1a: Dragonite|atk|1
|-boost|p1a: Dragonite|spe|1
|move|p2a: Corviknight|U-turn|p1a: Dragonite
|-resisted|p1a: Dragonite
|-damage|p1a: Dragonite|96/100
|
|t:|1758935074
|switch|p2a: GAS.|Weezing-Galar, F|100/100|[from] U-turn
|-ability|p2a: GAS.|Neutralizing Gas
|
|upkeep
|turn|8
|
|t:|1758935079
|switch|p1a: Iron Treads|Iron Treads|100/100
|-damage|p1a: Iron Treads|88/100|[from] Spikes
|move|p2a: GAS.|Sludge Bomb|p1a: Iron Treads
|-immune|p1a: Iron Treads
|
|upkeep
|turn|9
|
|t:|1758935083
|move|p1a: Iron Treads|Rapid Spin|p2a: GAS.
|-damage|p2a: GAS.|92/100
|-boost|p1a: Iron Treads|spe|1
|-sideend|p1: noob1877|Spikes|[from] move: Rapid Spin|[of] p1a: Iron Treads
|move|p2a: GAS.|Will-O-Wisp|p1a: Iron Treads
|-status|p1a: Iron Treads|brn
|
|-damage|p1a: Iron Treads|82/100 brn|[from] brn
|upkeep
|turn|10
|
|t:|1758935086
|-end|p2a: GAS.|ability: Neutralizing Gas
|switch|p2a: Ting-Lu|Ting-Lu, shiny|100/100
|-ability|p2a: Ting-Lu|Vessel of Ruin
|move|p1a: Iron Treads|Volt Switch|p2a: Ting-Lu
|-immune|p2a: Ting-Lu
|
|-damage|p1a: Iron Treads|75/100 brn|[from] brn
|upkeep
|turn|11
|-message|noob1877 forfeited.
|
|win|WogerHater
|raw|noob1877's rating: 1702 &rarr; <strong>1688</strong><br />(-14 for losing)
|raw|WogerHater's rating: 1809 &rarr; <strong>1823</strong><br />(+14 for winning)
|l|☆noob1877
|player|p1|
|l|☆WogerHater
|player|p2|
