|j|☆FOX lRL
|j|☆dyata
|t:|1758991743
|gametype|singles
|player|p1|FOX lRL|266|1384
|player|p2|dyata|hooligans|1372
|gen|9
|tier|[Gen 9] OU
|rated|
|rule|HP Percentage Mod: HP is shown in percentages
|rule|Endless Battle Clause: Forcing endless battles is banned
|rule|Species Clause: Limit one of each Pokémon
|rule|OHKO Clause: OHKO moves are banned
|rule|Evasion Items Clause: Evasion items are banned
|rule|Evasion Moves Clause: Evasion moves are banned
|rule|Evasion Abilities Clause: Evasion abilities are banned
|rule|Sleep Moves Clause: Sleep-inducing moves are banned
|clearpoke
|poke|p1|Gholdengo|
|poke|p1|Ting-Lu|
|poke|p1|Great Tusk|
|poke|p1|Ogerpon-Wellspring, F|
|poke|p1|Dragonite, M|
|poke|p1|Tornadus-Therian, M|
|poke|p2|Corviknight, F|
|poke|p2|Cinderace, F|
|poke|p2|Sylveon, F|
|poke|p2|Raging Bolt|
|poke|p2|Zamazenta-*|
|poke|p2|Keldeo|
|teampreview
|inactive|Battle timer is ON: inactive players will automatically lose when time's up. (requested by dyata)
|
|t:|1758991755
|teamsize|p1|6
|teamsize|p2|6
|start
|switch|p1a: Tornadus|Tornadus-Therian, M|100/100
|switch|p2a: Cinderace|Cinderace, F|100/100
|turn|1
|
|t:|1758991771
|move|p1a: Tornadus|Knock Off|p2a: Cinderace
|-damage|p2a: Cinderace|71/100
|-enditem|p2a: Cinderace|Choice Band|[from] move: Knock Off|[of] p1a: Tornadus
|move|p2a: Cinderace|Pyro Ball|p1a: Tornadus
|-damage|p1a: Tornadus|35/100
|
|upkeep
|turn|2
|
|t:|1758991782
|switch|p2a: Sylveon|Sylveon, F|100/100
|move|p1a: Tornadus|U-turn|p2a: Sylveon
|-resisted|p2a: Sylveon
|-damage|p2a: Sylveon|92/100
|
|t:|1758991806
|switch|p1a: Ogerpon|Ogerpon-Wellspring, F|100/100|[from] U-turn
|
|upkeep
|turn|3
|
|t:|1758991814
|move|p1a: Ogerpon|Ivy Cudgel|p2a: Sylveon|[anim] Ivy Cudgel Water
|-damage|p2a: Sylveon|25/100
|move|p2a: Sylveon|Hyper Voice|p1a: Ogerpon
|-damage|p1a: Ogerpon|32/100
|
|upkeep
|turn|4
|
|t:|1758991823
|switch|p2a: Corviknight|Corviknight, F|100/100
|-ability|p2a: Corviknight|Pressure
|move|p1a: Ogerpon|Ivy Cudgel|p2a: Corviknight|[anim] Ivy Cudgel Water
|-damage|p2a: Corviknight|64/100
|
|upkeep
|turn|5
|
|t:|1758991831
|switch|p1a: Tornadus|Tornadus-Therian, M|68/100
|move|p2a: Corviknight|Brave Bird|p1a: Tornadus
|-damage|p1a: Tornadus|24/100
|-damage|p2a: Corviknight|51/100|[from] Recoil
|
|upkeep
|turn|6
|
|t:|1758991848
|switch|p2a: Zamazenta|Zamazenta|100/100
|-ability|p2a: Zamazenta|Dauntless Shield|boost
|-boost|p2a: Zamazenta|def|1
|move|p1a: Tornadus|Heat Wave|p2a: Zamazenta
|-damage|p2a: Zamazenta|78/100
|
|-heal|p2a: Zamazenta|84/100|[from] item: Leftovers
|upkeep
|turn|7
|inactive|FOX lRL has 120 seconds left.
|
|t:|1758991893
|switch|p1a: Gholdengo|Gholdengo|100/100
|-item|p1a: Gholdengo|Air Balloon
|move|p2a: Zamazenta|Crunch|p1a: Gholdengo
|-supereffective|p1a: Gholdengo
|-damage|p1a: Gholdengo|62/100
|-enditem|p1a: Gholdengo|Air Balloon
|
|-heal|p2a: Zamazenta|90/100|[from] item: Leftovers
|upkeep
|turn|8
|inactive|dyata has 120 seconds left.
|
|t:|1758991928
|move|p2a: Zamazenta|Crunch|p1a: Gholdengo
|-supereffective|p1a: Gholdengo
|-damage|p1a: Gholdengo|26/100
|move|p1a: Gholdengo|Recover|p1a: Gholdengo
|-heal|p1a: Gholdengo|76/100
|
|-heal|p2a: Zamazenta|96/100|[from] item: Leftovers
|upkeep
|turn|9
|inactive|dyata has 120 seconds left.
|
|t:|1758991947
|switch|p2a: Cinderace|Cinderace, F|71/100
|move|p1a: Gholdengo|Recover|p1a: Gholdengo
|-heal|p1a: Gholdengo|100/100
|
|upkeep
|turn|10
|inactive|FOX lRL has 90 seconds left.
|
|t:|1758991990
|switch|p1a: Great Tusk|Great Tusk|100/100
|move|p2a: Cinderace|Pyro Ball|p1a: Great Tusk
|-damage|p1a: Great Tusk|55/100
|
|upkeep
|turn|11
|inactive|dyata has 120 seconds left.
|
|t:|1758992002
|move|p2a: Cinderace|High Jump Kick|p1a: Great Tusk
|-start|p2a: Cinderace|typechange|Fighting|[from] ability: Libero
|-damage|p1a: Great Tusk|13/100
|move|p1a: Great Tusk|Stealth Rock|p2a: Cinderace
|-sidestart|p2: dyata|move: Stealth Rock
|
|upkeep
|turn|12
|inactive|FOX lRL has 90 seconds left.
|inactive|dyata has 120 seconds left.
|
|t:|1758992012
|move|p2a: Cinderace|U-turn|p1a: Great Tusk
|-resisted|p1a: Great Tusk
|-damage|p1a: Great Tusk|4/100
|
|t:|1758992016
|switch|p2a: Keldeo|Keldeo|100/100|[from] U-turn
|move|p1a: Great Tusk|Headlong Rush|p2a: Keldeo
|-damage|p2a: Keldeo|26/100
|-unboost|p1a: Great Tusk|def|1
|-unboost|p1a: Great Tusk|spd|1
|
|upkeep
|turn|13
|
|t:|1758992022
|move|p2a: Keldeo|Surf|p1a: Great Tusk
|-supereffective|p1a: Great Tusk
|-crit|p1a: Great Tusk
|-damage|p1a: Great Tusk|0 fnt
|faint|p1a: Great Tusk
|-end|p1a: Great Tusk|Protosynthesis|[silent]
|
|upkeep
|
|t:|1758992027
|switch|p1a: Tornadus|Tornadus-Therian, M|57/100
|turn|14
|
|t:|1758992032
|move|p1a: Tornadus|Bleakwind Storm|p2a: Keldeo
|-supereffective|p2a: Keldeo
|-crit|p2a: Keldeo
|-damage|p2a: Keldeo|0 fnt
|faint|p2a: Keldeo
|
|upkeep
|
|t:|1758992035
|switch|p2a: Raging Bolt|Raging Bolt|100/100
|-damage|p2a: Raging Bolt|88/100|[from] Stealth Rock
|-enditem|p2a: Raging Bolt|Booster Energy
|-activate|p2a: Raging Bolt|ability: Protosynthesis|[fromitem]
|-start|p2a: Raging Bolt|protosynthesisspa
|turn|15
|inactive|FOX lRL has 120 seconds left.
|inactive|FOX lRL has 90 seconds left.
|
|t:|1758992086
|switch|p1a: Ogerpon|Ogerpon-Wellspring, F|32/100
|move|p2a: Raging Bolt|Dragon Pulse|p1a: Ogerpon
|-damage|p1a: Ogerpon|0 fnt
|faint|p1a: Ogerpon
|
|upkeep
|
|t:|1758992090
|switch|p1a: Ting-Lu|Ting-Lu|100/100
|-ability|p1a: Ting-Lu|Vessel of Ruin
|turn|16
|
|t:|1758992096
|-end|p2a: Raging Bolt|Protosynthesis|[silent]
|switch|p2a: Corviknight|Corviknight, F|51/100
|-damage|p2a: Corviknight|39/100|[from] Stealth Rock
|-ability|p2a: Corviknight|Pressure
|move|p1a: Ting-Lu|Spikes|p2a: Corviknight
|-sidestart|p2: dyata|Spikes
|
|upkeep
|turn|17
|inactive|FOX lRL has 90 seconds left.
|
|t:|1758992111
|switch|p1a: Gholdengo|Gholdengo|100/100
|move|p2a: Corviknight|Roost|p2a: Corviknight
|-heal|p2a: Corviknight|89/100
|-singleturn|p2a: Corviknight|move: Roost
|
|upkeep
|turn|18
|inactive|FOX lRL has 90 seconds left.
|
|t:|1758992119
|move|p1a: Gholdengo|Nasty Plot|p1a: Gholdengo
|-boost|p1a: Gholdengo|spa|2
|move|p2a: Corviknight|U-turn|p1a: Gholdengo
|-resisted|p1a: Gholdengo
|-damage|p1a: Gholdengo|98/100
|
|t:|1758992122
|switch|p2a: Cinderace|Cinderace, F|71/100|[from] U-turn
|-damage|p2a: Cinderace|47/100|[from] Stealth Rock
|-damage|p2a: Cinderace|34/100|[from] Spikes
|
|upkeep
|turn|19
|inactive|FOX lRL has 90 seconds left.
|
|t:|1758992151
|switch|p1a: Dragonite|Dragonite, M|100/100
|move|p2a: Cinderace|Pyro Ball|p1a: Dragonite
|-resisted|p1a: Dragonite
|-damage|p1a: Dragonite|88/100
|-status|p1a: Dragonite|brn
|
|-damage|p1a: Dragonite|82/100 brn|[from] brn
|upkeep
|turn|20
|
|t:|1758992176
|move|p2a: Cinderace|U-turn|p1a: Dragonite
|-start|p2a: Cinderace|typechange|Bug|[from] ability: Libero
|-resisted|p1a: Dragonite
|-damage|p1a: Dragonite|65/100 brn
|
|t:|1758992178
|switch|p2a: Zamazenta|Zamazenta|96/100|[from] U-turn
|-damage|p2a: Zamazenta|90/100|[from] Stealth Rock
|-damage|p2a: Zamazenta|78/100|[from] Spikes
|move|p1a: Dragonite|Dragon Tail|p2a: Zamazenta
|-damage|p2a: Zamazenta|61/100
|drag|p2a: Raging Bolt|Raging Bolt|88/100
|-damage|p2a: Raging Bolt|76/100|[from] Stealth Rock
|-damage|p2a: Raging Bolt|63/100|[from] Spikes
|
|-damage|p1a: Dragonite|59/100 brn|[from] brn
|upkeep
|turn|21
|inactive|FOX lRL has 60 seconds left.
|
|t:|1758992228
|move|p2a: Raging Bolt|Dragon Pulse|p1a: Dragonite
|-supereffective|p1a: Dragonite
|-damage|p1a: Dragonite|0 fnt
|faint|p1a: Dragonite
|
|upkeep
|
|t:|1758992231
|switch|p1a: Ting-Lu|Ting-Lu|100/100
|-ability|p1a: Ting-Lu|Vessel of Ruin
|turn|22
|
|t:|1758992238
|move|p2a: Raging Bolt|Dragon Pulse|p1a: Ting-Lu
|-damage|p1a: Ting-Lu|81/100
|move|p1a: Ting-Lu|Spikes|p2a: Raging Bolt
|-sidestart|p2: dyata|Spikes
|
|-heal|p1a: Ting-Lu|87/100|[from] item: Leftovers
|upkeep
|turn|23
|
|t:|1758992244
|-end|p2a: Raging Bolt|Protosynthesis|[silent]
|switch|p2a: Corviknight|Corviknight, F|89/100
|-damage|p2a: Corviknight|77/100|[from] Stealth Rock
|-ability|p2a: Corviknight|Pressure
|move|p1a: Ting-Lu|Spikes|p2a: Corviknight
|-sidestart|p2: dyata|Spikes
|
|-heal|p1a: Ting-Lu|93/100|[from] item: Leftovers
|upkeep
|turn|24
|inactive|FOX lRL has 60 seconds left.
|
|t:|1758992253
|switch|p1a: Gholdengo|Gholdengo|98/100
|move|p2a: Corviknight|Defog|p1a: Gholdengo
|-immune|p1a: Gholdengo|[from] ability: Good as Gold
|
|upkeep
|turn|25
|
|t:|1758992262
|move|p1a: Gholdengo|Nasty Plot|p1a: Gholdengo
|-boost|p1a: Gholdengo|spa|2
|move|p2a: Corviknight|U-turn|p1a: Gholdengo
|-resisted|p1a: Gholdengo
|-damage|p1a: Gholdengo|95/100
|
|t:|1758992264
|switch|p2a: Cinderace|Cinderace, F|34/100|[from] U-turn
|-damage|p2a: Cinderace|9/100|[from] Stealth Rock
|-damage|p2a: Cinderace|0 fnt|[from] Spikes
|faint|p2a: Cinderace
|
|upkeep
|
|t:|1758992274
|switch|p2a: Zamazenta|Zamazenta|61/100
|-damage|p2a: Zamazenta|55/100|[from] Stealth Rock
|-damage|p2a: Zamazenta|30/100|[from] Spikes
|turn|26
|
|t:|1758992285
|move|p2a: Zamazenta|Crunch|p1a: Gholdengo
|-supereffective|p1a: Gholdengo
|-damage|p1a: Gholdengo|58/100
|-unboost|p1a: Gholdengo|def|1
|move|p1a: Gholdengo|Dazzling Gleam|p2a: Zamazenta
|-supereffective|p2a: Zamazenta
|-damage|p2a: Zamazenta|0 fnt
|faint|p2a: Zamazenta
|
|upkeep
|
|t:|1758992294
|switch|p2a: Raging Bolt|Raging Bolt|63/100
|-damage|p2a: Raging Bolt|51/100|[from] Stealth Rock
|-damage|p2a: Raging Bolt|26/100|[from] Spikes
|turn|27
|
|t:|1758992299
|switch|p1a: Ting-Lu|Ting-Lu|93/100
|-ability|p1a: Ting-Lu|Vessel of Ruin
|move|p2a: Raging Bolt|Thunderclap||[still]
|-fail|p2a: Raging Bolt
|
|-heal|p1a: Ting-Lu|99/100|[from] item: Leftovers
|upkeep
|turn|28
|inactive|FOX lRL has 90 seconds left.
|-message|dyata forfeited.
|
|win|FOX lRL
|raw|FOX lRL's rating: 1384 &rarr; <strong>1403</strong><br />(+19 for winning)
|raw|dyata's rating: 1372 &rarr; <strong>1353</strong><br />(-19 for losing)
|l|☆dyata
|player|p2|
|l|☆FOX lRL
|player|p1|
