|j|☆xrayinformation
|j|☆Abribus
|t:|1758939247
|gametype|singles
|player|p1|xrayinformation|dragontamer|1608
|player|p2|Abribus|volkner|1624
|gen|9
|tier|[Gen 9] OU
|rated|
|rule|HP Percentage Mod: HP is shown in percentages
|rule|Endless Battle Clause: Forcing endless battles is banned
|rule|Species Clause: Limit one of each Pokémon
|rule|OHKO Clause: OHKO moves are banned
|rule|Evasion Items Clause: Evasion items are banned
|rule|Evasion Moves Clause: Evasion moves are banned
|rule|Evasion Abilities Clause: Evasion abilities are banned
|rule|Sleep Moves Clause: Sleep-inducing moves are banned
|clearpoke
|poke|p1|Dragapult, M|
|poke|p1|Great Tusk|
|poke|p1|Samurott-Hisui, M|
|poke|p1|Dragonite, F|
|poke|p1|Ogerpon, F|
|poke|p1|Slowking-Galar, M|
|poke|p2|Iron Crown|
|poke|p2|Samurott-Hisui, M|
|poke|p2|Zapdos|
|poke|p2|Dragapult, F|
|poke|p2|Great Tusk|
|poke|p2|Iron Boulder|
|teampreview
|inactive|Battle timer is ON: inactive players will automatically lose when time's up. (requested by Abribus)
|
|t:|1758939272
|teamsize|p1|6
|teamsize|p2|6
|start
|switch|p1a: Samurott|Samurott-Hisui, M|100/100
|switch|p2a: Hattori|Iron Crown|100/100
|turn|1
|
|t:|1758939280
|-end|p2a: Hattori|Quark Drive|[silent]
|switch|p2a: Cronus|Zapdos|100/100
|move|p1a: Samurott|Ceaseless Edge|p2a: Cronus
|-damage|p2a: Cronus|52/100
|-sidestart|p2: Abribus|Spikes
|
|upkeep
|turn|2
|
|t:|1758939283
|move|p1a: Samurott|Ceaseless Edge|p2a: Cronus|[miss]
|-miss|p1a: Samurott|p2a: Cronus
|move|p2a: Cronus|U-turn|p1a: Samurott
|-supereffective|p1a: Samurott
|-damage|p1a: Samurott|64/100
|
|t:|1758939289
|switch|p2a: Almeida|Great Tusk|100/100|[from] U-turn
|-damage|p2a: Almeida|88/100|[from] Spikes
|
|upkeep
|turn|3
|
|t:|1758939297
|move|p2a: Almeida|Rapid Spin|p1a: Samurott
|-damage|p1a: Samurott|42/100
|-boost|p2a: Almeida|spe|1
|-sideend|p2: Abribus|Spikes|[from] move: Rapid Spin|[of] p2a: Almeida
|move|p1a: Samurott|Ceaseless Edge|p2a: Almeida|[miss]
|-miss|p1a: Samurott|p2a: Almeida
|
|upkeep
|turn|4
|
|t:|1758939311
|move|p2a: Almeida|Stealth Rock|p1a: Samurott
|-sidestart|p1: xrayinformation|move: Stealth Rock
|move|p1a: Samurott|Ceaseless Edge|p2a: Almeida|[miss]
|-miss|p1a: Samurott|p2a: Almeida
|
|upkeep
|turn|5
|c|☆xrayinformation|xD
|c|☆Abribus|Wow
|c|☆Abribus|Incredibe
|
|t:|1758939333
|move|p2a: Almeida|Headlong Rush|p1a: Samurott
|-damage|p1a: Samurott|0 fnt
|-unboost|p2a: Almeida|def|1
|-unboost|p2a: Almeida|spd|1
|faint|p1a: Samurott
|
|upkeep
|
|t:|1758939340
|switch|p1a: Ogerpon|Ogerpon, F|100/100
|-damage|p1a: Ogerpon|88/100|[from] Stealth Rock
|turn|6
|
|t:|1758939350
|-terastallize|p1a: Ogerpon|Grass
|detailschange|p1a: Ogerpon|Ogerpon-Teal-Tera, F, tera:Grass
|-ability|p1a: Ogerpon|Embody Aspect (Teal)|boost
|-boost|p1a: Ogerpon|spe|1
|move|p1a: Ogerpon|Ivy Cudgel|p2a: Almeida
|-supereffective|p2a: Almeida
|-damage|p2a: Almeida|0 fnt
|faint|p2a: Almeida
|-end|p2a: Almeida|Protosynthesis|[silent]
|
|upkeep
|
|t:|1758939355
|switch|p2a: Cronus|Zapdos|52/100
|turn|7
|
|t:|1758939362
|move|p1a: Ogerpon|Ivy Cudgel|p2a: Cronus
|-resisted|p2a: Cronus
|-damage|p2a: Cronus|12/100
|move|p2a: Cronus|Roost|p2a: Cronus
|-heal|p2a: Cronus|62/100
|-singleturn|p2a: Cronus|move: Roost
|
|upkeep
|turn|8
|
|t:|1758939370
|switch|p1a: Great Tusk|Great Tusk|100/100
|-damage|p1a: Great Tusk|98/100|[from] Stealth Rock
|move|p2a: Cronus|Roost|p2a: Cronus
|-heal|p2a: Cronus|100/100
|-singleturn|p2a: Cronus|move: Roost
|
|upkeep
|turn|9
|
|t:|1758939378
|move|p1a: Great Tusk|Rapid Spin|p2a: Cronus
|-damage|p2a: Cronus|81/100
|-boost|p1a: Great Tusk|spe|1
|-status|p1a: Great Tusk|par|[from] ability: Static|[of] p2a: Cronus
|-sideend|p1: xrayinformation|Stealth Rock|[from] move: Rapid Spin|[of] p1a: Great Tusk
|move|p2a: Cronus|Hurricane|p1a: Great Tusk|[miss]
|-miss|p2a: Cronus|p1a: Great Tusk
|
|upkeep
|turn|10
|
|t:|1758939385
|-end|p1a: Great Tusk|Protosynthesis|[silent]
|switch|p1a: Slowking|Slowking-Galar, M|100/100
|move|p2a: Cronus|Hurricane|p1a: Slowking
|-damage|p1a: Slowking|67/100
|-start|p1a: Slowking|confusion
|
|upkeep
|turn|11
|
|t:|1758939388
|move|p2a: Cronus|U-turn|p1a: Slowking
|-damage|p1a: Slowking|56/100
|
|t:|1758939391
|switch|p2a: Hattori|Iron Crown|100/100|[from] U-turn
|-activate|p1a: Slowking|confusion
|move|p1a: Slowking|Trick|p2a: Hattori
|-activate|p1a: Slowking|move: Trick|[of] p2a: Hattori
|-item|p2a: Hattori|Choice Band|[from] move: Trick
|-item|p1a: Slowking|Choice Specs|[from] move: Trick
|
|upkeep
|turn|12
|
|t:|1758939398
|move|p2a: Hattori|Volt Switch|p1a: Slowking
|-damage|p1a: Slowking|37/100
|
|t:|1758939400
|-end|p2a: Hattori|Quark Drive|[silent]
|switch|p2a: Droll|Samurott-Hisui, M|100/100|[from] Volt Switch
|-prepare|p1a: Slowking|Chilly Reception|[premajor]
|-end|p1a: Slowking|confusion
|move|p1a: Slowking|Chilly Reception|p1a: Slowking
|-weather|Snowscape
|
|t:|1758939403
|switch|p1a: Ogerpon|Ogerpon-Teal-Tera, F, tera:Grass|88/100|[from] Chilly Reception
|-ability|p1a: Ogerpon|Embody Aspect (Teal)|boost
|-boost|p1a: Ogerpon|spe|1
|
|-weather|Snowscape|[upkeep]
|upkeep
|turn|13
|
|t:|1758939406
|switch|p2a: Cronus|Zapdos|81/100
|move|p1a: Ogerpon|Ivy Cudgel|p2a: Cronus
|-resisted|p2a: Cronus
|-damage|p2a: Cronus|44/100
|
|-weather|Snowscape|[upkeep]
|upkeep
|turn|14
|
|t:|1758939428
|switch|p1a: Dragonite|Dragonite, F|100/100
|move|p2a: Cronus|Roost|p2a: Cronus
|-heal|p2a: Cronus|94/100
|-singleturn|p2a: Cronus|move: Roost
|
|-weather|Snowscape|[upkeep]
|upkeep
|turn|15
|
|t:|1758939432
|move|p1a: Dragonite|Outrage|p2a: Cronus
|-damage|p2a: Cronus|14/100
|move|p2a: Cronus|Discharge|p1a: Dragonite
|-damage|p1a: Dragonite|84/100
|-status|p1a: Dragonite|par
|
|-weather|Snowscape|[upkeep]
|upkeep
|turn|16
|
|t:|1758939438
|switch|p2a: Hattori|Iron Crown|100/100
|cant|p1a: Dragonite|par
|
|-weather|none
|upkeep
|turn|17
|
|t:|1758939445
|move|p2a: Hattori|Tachyon Cutter|p1a: Dragonite
|-damage|p1a: Dragonite|56/100 par
|-damage|p1a: Dragonite|29/100 par
|-hitcount|p1a: Dragonite|2
|cant|p1a: Dragonite|par
|
|upkeep
|turn|18
|c|☆xrayinformation|xDDDDD
|c|☆Abribus|Woow
|
|t:|1758939457
|move|p2a: Hattori|Tachyon Cutter|p1a: Dragonite
|-damage|p1a: Dragonite|4/100 par
|-damage|p1a: Dragonite|0 fnt
|faint|p1a: Dragonite
|-hitcount|p1: Dragonite|2
|
|upkeep
|c|☆Abribus|I'm very Lucky
|
|t:|1758939464
|switch|p1a: Great Tusk|Great Tusk|98/100 par
|turn|19
|
|t:|1758939472
|-end|p2a: Hattori|Quark Drive|[silent]
|switch|p2a: Cronus|Zapdos|14/100
|move|p1a: Great Tusk|Ice Spinner|p2a: Cronus
|-supereffective|p2a: Cronus
|-damage|p2a: Cronus|0 fnt
|faint|p2a: Cronus
|
|upkeep
|
|t:|1758939478
|switch|p2a: Droll|Samurott-Hisui, M|100/100
|turn|20
|
|t:|1758939484
|-end|p1a: Great Tusk|Protosynthesis|[silent]
|switch|p1a: Slowking|Slowking-Galar, M|71/100
|move|p2a: Droll|Razor Shell|p1a: Slowking
|-damage|p1a: Slowking|30/100
|-unboost|p1a: Slowking|def|1
|
|upkeep
|turn|21
|
|t:|1758939487
|move|p2a: Droll|Razor Shell|p1a: Slowking
|-damage|p1a: Slowking|0 fnt
|faint|p1a: Slowking
|
|upkeep
|
|t:|1758939489
|switch|p1a: Ogerpon|Ogerpon-Teal-Tera, F, tera:Grass|88/100
|-ability|p1a: Ogerpon|Embody Aspect (Teal)|boost
|-boost|p1a: Ogerpon|spe|1
|turn|22
|
|t:|1758939494
|switch|p2a: Robingo|Dragapult, F|100/100
|move|p1a: Ogerpon|Ivy Cudgel|p2a: Robingo
|-resisted|p2a: Robingo
|-damage|p2a: Robingo|22/100
|
|upkeep
|turn|23
|
|t:|1758939502
|move|p1a: Ogerpon|Ivy Cudgel|p2a: Robingo
|-resisted|p2a: Robingo
|-damage|p2a: Robingo|0 fnt
|faint|p2a: Robingo
|
|upkeep
|
|t:|1758939503
|switch|p2a: Hattori|Iron Crown|100/100
|turn|24
|
|t:|1758939510
|switch|p1a: Dragapult|Dragapult, M|100/100
|move|p2a: Hattori|Tachyon Cutter|p1a: Dragapult
|-damage|p1a: Dragapult|67/100
|-damage|p1a: Dragapult|34/100
|-hitcount|p1a: Dragapult|2
|
|upkeep
|turn|25
|
|t:|1758939514
|-end|p2a: Hattori|Quark Drive|[silent]
|switch|p2a: Droll|Samurott-Hisui, M|100/100
|move|p1a: Dragapult|U-turn|p2a: Droll
|-supereffective|p2a: Droll
|-damage|p2a: Droll|8/100
|
|t:|1758939517
|switch|p1a: Ogerpon|Ogerpon-Teal-Tera, F, tera:Grass|88/100|[from] U-turn
|-ability|p1a: Ogerpon|Embody Aspect (Teal)|boost
|-boost|p1a: Ogerpon|spe|1
|
|upkeep
|turn|26
|
|t:|1758939525
|move|p1a: Ogerpon|Knock Off|p2a: Droll
|-resisted|p2a: Droll
|-damage|p2a: Droll|0 fnt
|-enditem|p2a: Droll|Choice Scarf|[from] move: Knock Off|[of] p1a: Ogerpon
|faint|p2a: Droll
|
|upkeep
|
|t:|1758939529
|switch|p2a: Hattori|Iron Crown|100/100
|turn|27
|
|t:|1758939540
|switch|p1a: Great Tusk|Great Tusk|98/100 par
|move|p2a: Hattori|Tachyon Cutter|p1a: Great Tusk
|-damage|p1a: Great Tusk|60/100 par
|-damage|p1a: Great Tusk|20/100 par
|-hitcount|p1a: Great Tusk|2
|
|upkeep
|turn|28
|
|t:|1758939543
|move|p2a: Hattori|Tachyon Cutter|p1a: Great Tusk
|-damage|p1a: Great Tusk|0 fnt
|faint|p1a: Great Tusk
|-end|p1a: Great Tusk|Protosynthesis|[silent]
|-hitcount|p1: Great Tusk|1
|
|upkeep
|
|t:|1758939545
|switch|p1a: Dragapult|Dragapult, M|34/100
|turn|29
|
|t:|1758939561
|move|p1a: Dragapult|Dragon Darts|p2a: Hattori
|-resisted|p2a: Hattori
|-damage|p2a: Hattori|82/100
|-anim|p1a: Dragapult|Dragon Darts|p2a: Hattori
|-resisted|p2a: Hattori
|-damage|p2a: Hattori|61/100
|move|p2a: Hattori|Tachyon Cutter|p1a: Dragapult
|-damage|p1a: Dragapult|0 fnt
|faint|p1a: Dragapult
|-hitcount|p1: Dragapult|1
|
|upkeep
|
|t:|1758939564
|switch|p1a: Ogerpon|Ogerpon-Teal-Tera, F, tera:Grass|88/100
|-ability|p1a: Ogerpon|Embody Aspect (Teal)|boost
|-boost|p1a: Ogerpon|spe|1
|turn|30
|
|t:|1758939567
|move|p1a: Ogerpon|Knock Off|p2a: Hattori
|-supereffective|p2a: Hattori
|-damage|p2a: Hattori|0 fnt
|-enditem|p2a: Hattori|Choice Band|[from] move: Knock Off|[of] p1a: Ogerpon
|faint|p2a: Hattori
|-end|p2a: Hattori|Quark Drive|[silent]
|
|upkeep
|
|t:|1758939569
|switch|p2a: Nakata|Iron Boulder|100/100
|-enditem|p2a: Nakata|Booster Energy
|-activate|p2a: Nakata|ability: Quark Drive|[fromitem]
|-start|p2a: Nakata|quarkdrivespe
|turn|31
|
|t:|1758939574
|-terastallize|p2a: Nakata|Fighting
|move|p2a: Nakata|Swords Dance|p2a: Nakata
|-boost|p2a: Nakata|atk|2
|move|p1a: Ogerpon|Knock Off|p2a: Nakata
|-resisted|p2a: Nakata
|-damage|p2a: Nakata|80/100
|
|upkeep
|turn|32
|c|☆Abribus|Gg and sorry
|-message|xrayinformation forfeited.
|
|win|Abribus
|raw|xrayinformation's rating: 1608 &rarr; <strong>1589</strong><br />(-19 for losing)
|raw|Abribus's rating: 1624 &rarr; <strong>1643</strong><br />(+19 for winning)
|l|☆xrayinformation
|player|p1|
|l|☆Abribus
|player|p2|
