|j|☆Hfjsjsekskskjs
|j|☆Ash83678
|t:|1758969505
|gametype|singles
|player|p1|Hfjsjsekskskjs|leaf-masters2|1083
|player|p2|Ash83678|steven|1079
|gen|9
|tier|[Gen 9] OU
|rated|
|rule|HP Percentage Mod: HP is shown in percentages
|rule|Endless Battle Clause: Forcing endless battles is banned
|rule|Species Clause: Limit one of each Pokémon
|rule|OHKO Clause: OHKO moves are banned
|rule|Evasion Items Clause: Evasion items are banned
|rule|Evasion Moves Clause: Evasion moves are banned
|rule|Evasion Abilities Clause: Evasion abilities are banned
|rule|Sleep Moves Clause: Sleep-inducing moves are banned
|clearpoke
|poke|p1|Amoonguss, F|
|poke|p1|Alomomola, M|
|poke|p1|Great Tusk|
|poke|p1|Cinderace, F|
|poke|p1|Darkrai|
|poke|p1|Enamorus, F|
|poke|p2|Golurk|
|poke|p2|Talonflame, M|
|poke|p2|Greninja-*, M|
|poke|p2|Gliscor, M|
|poke|p2|Alomomola, M|
|poke|p2|Araquanid, M|
|teampreview
|inactive|Battle timer is ON: inactive players will automatically lose when time's up. (requested by Ash83678)
|
|t:|1758969536
|teamsize|p1|6
|teamsize|p2|6
|start
|switch|p1a: Enamorus|Enamorus, F|100/100
|switch|p2a: Golurk|Golurk|100/100
|turn|1
|
|t:|1758969544
|move|p1a: Enamorus|Moonblast|p2a: Golurk
|-damage|p2a: Golurk|9/100
|move|p2a: Golurk|Dynamic Punch|p1a: Enamorus
|-resisted|p1a: Enamorus
|-damage|p1a: Enamorus|84/100
|-start|p1a: Enamorus|confusion
|
|upkeep
|turn|2
|c|☆Ash83678|How am i hitting this
|
|t:|1758969565
|-activate|p1a: Enamorus|confusion
|-damage|p1a: Enamorus|70/100|[from] confusion
|move|p2a: Golurk|Ice Punch|p1a: Enamorus
|-supereffective|p1a: Enamorus
|-damage|p1a: Enamorus|0 fnt
|faint|p1a: Enamorus
|
|upkeep
|
|t:|1758969575
|switch|p1a: Cinderace|Cinderace, F|100/100
|turn|3
|
|t:|1758969579
|move|p1a: Cinderace|Pyro Ball|p2a: Golurk
|-damage|p2a: Golurk|0 fnt
|faint|p2a: Golurk
|
|upkeep
|
|t:|1758969584
|switch|p2a: Greninja|Greninja, M|100/100
|turn|4
|
|t:|1758969598
|switch|p1a: Alomomola|Alomomola, M|100/100
|-terastallize|p2a: Greninja|Water
|move|p2a: Greninja|Water Shuriken|p1a: Alomomola
|-resisted|p1a: Alomomola
|-damage|p1a: Alomomola|98/100
|-resisted|p1a: Alomomola
|-damage|p1a: Alomomola|96/100
|-resisted|p1a: Alomomola
|-damage|p1a: Alomomola|93/100
|-resisted|p1a: Alomomola
|-damage|p1a: Alomomola|91/100
|-hitcount|p1a: Alomomola|4
|
|upkeep
|turn|5
|
|t:|1758969613
|switch|p2a: Araquanid|Araquanid, M|100/100
|move|p1a: Alomomola|Body Slam|p2a: Araquanid
|-damage|p2a: Araquanid|85/100
|-damage|p1a: Alomomola|74/100|[from] item: Rocky Helmet|[of] p2a: Araquanid
|
|upkeep
|turn|6
|
|t:|1758969622
|move|p1a: Alomomola|Flip Turn|p2a: Araquanid
|-resisted|p2a: Araquanid
|-damage|p2a: Araquanid|77/100
|-damage|p1a: Alomomola|58/100|[from] item: Rocky Helmet|[of] p2a: Araquanid
|
|t:|1758969636
|switch|p1a: Amoonguss|Amoonguss, F|100/100|[from] Flip Turn
|move|p2a: Araquanid|Sticky Web|p1a: Amoonguss
|-sidestart|p1: Hfjsjsekskskjs|move: Sticky Web
|
|upkeep
|turn|7
|
|t:|1758969642
|move|p2a: Araquanid|Infestation|p1a: Amoonguss
|-damage|p1a: Amoonguss|97/100
|-activate|p1a: Amoonguss|move: Infestation|[of] p2a: Araquanid
|-damage|p2a: Araquanid|60/100|[from] item: Rocky Helmet|[of] p1a: Amoonguss
|move|p1a: Amoonguss|Toxic|p2a: Araquanid
|-status|p2a: Araquanid|tox
|
|-damage|p2a: Araquanid|54/100 tox|[from] psn
|-damage|p1a: Amoonguss|84/100|[from] move: Infestation|[partiallytrapped]
|upkeep
|turn|8
|
|t:|1758969653
|move|p2a: Araquanid|Lunge|p1a: Amoonguss
|-damage|p1a: Amoonguss|70/100
|-unboost|p1a: Amoonguss|atk|1
|-damage|p2a: Araquanid|38/100 tox|[from] item: Rocky Helmet|[of] p1a: Amoonguss
|move|p1a: Amoonguss|Clear Smog|p2a: Araquanid
|-damage|p2a: Araquanid|27/100 tox
|-clearboost|p2a: Araquanid
|
|-damage|p2a: Araquanid|15/100 tox|[from] psn
|-damage|p1a: Amoonguss|58/100|[from] move: Infestation|[partiallytrapped]
|upkeep
|turn|9
|
|t:|1758969665
|move|p2a: Araquanid|Lunge|p1a: Amoonguss
|-damage|p1a: Amoonguss|42/100
|-unboost|p1a: Amoonguss|atk|1
|-damage|p2a: Araquanid|0 fnt|[from] item: Rocky Helmet|[of] p1a: Amoonguss
|faint|p2a: Araquanid
|move|p1a: Amoonguss|Synthesis|p1a: Amoonguss
|-heal|p1a: Amoonguss|92/100
|
|-end|p1a: Amoonguss|Infestation|[partiallytrapped]|[silent]
|upkeep
|
|t:|1758969673
|switch|p2a: Gliscor|Gliscor, M|100/100
|turn|10
|
|t:|1758969685
|move|p2a: Gliscor|Agility|p2a: Gliscor
|-boost|p2a: Gliscor|spe|2
|move|p1a: Amoonguss|Foul Play|p2a: Gliscor
|-damage|p2a: Gliscor|74/100
|
|-status|p2a: Gliscor|tox|[from] item: Toxic Orb
|upkeep
|turn|11
|
|t:|1758969693
|move|p2a: Gliscor|Fling|p1a: Amoonguss
|-crit|p1a: Amoonguss
|-damage|p1a: Amoonguss|83/100
|-enditem|p2a: Gliscor|Toxic Orb|[from] move: Fling
|move|p1a: Amoonguss|Foul Play|p2a: Gliscor
|-damage|p2a: Gliscor|50/100 tox
|
|-heal|p2a: Gliscor|62/100 tox|[from] ability: Poison Heal
|upkeep
|turn|12
|
|t:|1758969701
|move|p2a: Gliscor|Acrobatics|p1a: Amoonguss
|-supereffective|p1a: Amoonguss
|-damage|p1a: Amoonguss|14/100
|-damage|p2a: Gliscor|46/100 tox|[from] item: Rocky Helmet|[of] p1a: Amoonguss
|move|p1a: Amoonguss|Foul Play|p2a: Gliscor
|-damage|p2a: Gliscor|19/100 tox
|
|-heal|p2a: Gliscor|31/100 tox|[from] ability: Poison Heal
|upkeep
|turn|13
|
|t:|1758969712
|move|p2a: Gliscor|Acrobatics|p1a: Amoonguss
|-supereffective|p1a: Amoonguss
|-damage|p1a: Amoonguss|0 fnt
|-damage|p2a: Gliscor|15/100 tox|[from] item: Rocky Helmet|[of] p1a: Amoonguss
|faint|p1a: Amoonguss
|
|-heal|p2a: Gliscor|27/100 tox|[from] ability: Poison Heal
|upkeep
|
|t:|1758969715
|switch|p1a: Darkrai|Darkrai|100/100
|-activate|p1a: Darkrai|move: Sticky Web
|-unboost|p1a: Darkrai|spe|1
|turn|14
|
|t:|1758969727
|move|p2a: Gliscor|Acrobatics|p1a: Darkrai
|-damage|p1a: Darkrai|41/100
|move|p1a: Darkrai|Dark Pulse|p2a: Gliscor
|-damage|p2a: Gliscor|0 fnt
|faint|p2a: Gliscor
|
|upkeep
|
|t:|1758969734
|switch|p2a: Greninja|Greninja, M, tera:Water|100/100
|turn|15
|
|t:|1758969741
|switch|p1a: Alomomola|Alomomola, M|91/100
|-activate|p1a: Alomomola|move: Sticky Web
|-unboost|p1a: Alomomola|spe|1
|move|p2a: Greninja|Low Sweep|p1a: Alomomola
|-damage|p1a: Alomomola|80/100
|-unboost|p1a: Alomomola|spe|1
|
|upkeep
|turn|16
|
|t:|1758969750
|move|p2a: Greninja|Dark Pulse|p1a: Alomomola
|-damage|p1a: Alomomola|62/100
|cant|p1a: Alomomola|flinch
|
|upkeep
|turn|17
|
|t:|1758969756
|switch|p2a: Alomomola|Alomomola, M|100/100
|move|p1a: Alomomola|Mirror Coat||[still]
|-fail|p1a: Alomomola
|
|upkeep
|turn|18
|
|t:|1758969767
|move|p2a: Alomomola|Scald|p1a: Alomomola
|-resisted|p1a: Alomomola
|-damage|p1a: Alomomola|58/100
|-status|p1a: Alomomola|brn
|move|p1a: Alomomola|Flip Turn|p2a: Alomomola
|-resisted|p2a: Alomomola
|-damage|p2a: Alomomola|98/100
|-damage|p1a: Alomomola|42/100 brn|[from] item: Rocky Helmet|[of] p2a: Alomomola
|
|t:|1758969770
|switch|p1a: Cinderace|Cinderace, F|100/100|[from] Flip Turn
|
|upkeep
|turn|19
|
|t:|1758969779
|move|p1a: Cinderace|Court Change|p1a: Cinderace
|-swapsideconditions
|-activate|p1a: Cinderace|move: Court Change
|move|p2a: Alomomola|Scald|p1a: Cinderace
|-supereffective|p1a: Cinderace
|-damage|p1a: Cinderace|68/100
|
|upkeep
|turn|20
|
|t:|1758969785
|move|p1a: Cinderace|U-turn|p2a: Alomomola
|-damage|p2a: Alomomola|89/100
|-damage|p1a: Cinderace|51/100|[from] item: Rocky Helmet|[of] p2a: Alomomola
|
|t:|1758969789
|switch|p1a: Alomomola|Alomomola, M|75/100 brn|[from] U-turn
|move|p2a: Alomomola|Scald|p1a: Alomomola
|-resisted|p1a: Alomomola
|-damage|p1a: Alomomola|72/100 brn
|
|-damage|p1a: Alomomola|65/100 brn|[from] brn
|upkeep
|turn|21
|
|t:|1758969799
|move|p2a: Alomomola|Scald|p1a: Alomomola
|-resisted|p1a: Alomomola
|-damage|p1a: Alomomola|62/100 brn
|move|p1a: Alomomola|Body Slam|p2a: Alomomola
|-crit|p2a: Alomomola
|-damage|p2a: Alomomola|82/100
|-damage|p1a: Alomomola|46/100 brn|[from] item: Rocky Helmet|[of] p2a: Alomomola
|
|-damage|p1a: Alomomola|39/100 brn|[from] brn
|upkeep
|turn|22
|
|t:|1758969812
|move|p2a: Alomomola|Scald|p1a: Alomomola
|-resisted|p1a: Alomomola
|-damage|p1a: Alomomola|36/100 brn
|move|p1a: Alomomola|Flip Turn|p2a: Alomomola
|-resisted|p2a: Alomomola
|-damage|p2a: Alomomola|80/100
|-damage|p1a: Alomomola|20/100 brn|[from] item: Rocky Helmet|[of] p2a: Alomomola
|
|t:|1758969815
|switch|p1a: Darkrai|Darkrai|41/100|[from] Flip Turn
|
|upkeep
|turn|23
|
|t:|1758969823
|-terastallize|p1a: Darkrai|Dark
|move|p1a: Darkrai|Dark Pulse|p2a: Alomomola
|-damage|p2a: Alomomola|7/100
|move|p2a: Alomomola|Scald|p1a: Darkrai
|-damage|p1a: Darkrai|20/100
|
|upkeep
|turn|24
|
|t:|1758969831
|move|p2a: Alomomola|Protect|p2a: Alomomola
|-singleturn|p2a: Alomomola|Protect
|move|p1a: Darkrai|Knock Off|p2a: Alomomola
|-activate|p2a: Alomomola|move: Protect
|
|upkeep
|turn|25
|
|t:|1758969837
|move|p1a: Darkrai|Dark Pulse|p2a: Alomomola
|-damage|p2a: Alomomola|0 fnt
|faint|p2a: Alomomola
|
|upkeep
|
|t:|1758969841
|switch|p2a: Talonflame|Talonflame, M|100/100
|turn|26
|
|t:|1758969854
|move|p2a: Talonflame|Dual Wingbeat|p1a: Darkrai
|-damage|p1a: Darkrai|1/100
|-damage|p1a: Darkrai|0 fnt
|faint|p1a: Darkrai
|-hitcount|p1: Darkrai|2
|
|upkeep
|
|t:|1758969867
|switch|p1a: Alomomola|Alomomola, M|53/100 brn
|turn|27
|
|t:|1758969872
|move|p2a: Talonflame|Brave Bird|p1a: Alomomola
|-damage|p1a: Alomomola|16/100 brn
|-damage|p2a: Talonflame|78/100|[from] Recoil
|move|p1a: Alomomola|Flip Turn|p2a: Talonflame
|-supereffective|p2a: Talonflame
|-damage|p2a: Talonflame|55/100
|
|t:|1758969878
|switch|p1a: Great Tusk|Great Tusk|100/100|[from] Flip Turn
|
|upkeep
|turn|28
|
|t:|1758969884
|move|p1a: Great Tusk|Knock Off|p2a: Talonflame
|-damage|p2a: Talonflame|0 fnt
|-enditem|p2a: Talonflame|Heavy-Duty Boots|[from] move: Knock Off|[of] p1a: Great Tusk
|faint|p2a: Talonflame
|
|upkeep
|c|☆Ash83678|Ggs
|
|t:|1758969892
|switch|p2a: Greninja|Greninja, M, tera:Water|100/100
|-activate|p2a: Greninja|move: Sticky Web
|-unboost|p2a: Greninja|spe|1
|turn|29
|
|t:|1758969899
|-end|p1a: Great Tusk|Protosynthesis|[silent]
|switch|p1a: Cinderace|Cinderace, F|51/100
|move|p2a: Greninja|Water Shuriken|p1a: Cinderace
|-supereffective|p1a: Cinderace
|-damage|p1a: Cinderace|30/100
|-supereffective|p1a: Cinderace
|-damage|p1a: Cinderace|8/100
|-supereffective|p1a: Cinderace
|-damage|p1a: Cinderace|0 fnt
|faint|p1a: Cinderace
|-ability|p2a: Greninja|Battle Bond|boost
|-boost|p2a: Greninja|atk|1
|-boost|p2a: Greninja|spa|1
|-boost|p2a: Greninja|spe|1
|-activate|p2a: Greninja|ability: Battle Bond
|-hitcount|p1: Cinderace|3
|
|upkeep
|
|t:|1758969904
|switch|p1a: Alomomola|Alomomola, M|49/100 brn
|turn|30
|
|t:|1758969919
|move|p2a: Greninja|Dark Pulse|p1a: Alomomola
|-damage|p1a: Alomomola|21/100 brn
|move|p1a: Alomomola|Mirror Coat|p2a: Greninja
|-damage|p2a: Greninja|0 fnt
|faint|p2a: Greninja
|
|win|Hfjsjsekskskjs
|raw|Hfjsjsekskskjs's rating: 1110 &rarr; <strong>1133</strong><br />(+23 for winning)
|raw|Ash83678's rating: 1079 &rarr; <strong>1059</strong><br />(-20 for losing)
|l|☆Hfjsjsekskskjs
|player|p1|
|l|☆Ash83678
|player|p2|
