|j|☆BrazyBray
|j|☆arxxxxxx
|t:|1758932246
|gametype|singles
|player|p1|BrazyBray|101|1168
|player|p2|arxxxxxx|preschooler|1177
|gen|9
|tier|[Gen 9] OU
|rated|
|rule|HP Percentage Mod: HP is shown in percentages
|rule|Endless Battle Clause: Forcing endless battles is banned
|rule|Species Clause: Limit one of each Pokémon
|rule|OHKO Clause: OHKO moves are banned
|rule|Evasion Items Clause: Evasion items are banned
|rule|Evasion Moves Clause: Evasion moves are banned
|rule|Evasion Abilities Clause: Evasion abilities are banned
|rule|Sleep Moves Clause: Sleep-inducing moves are banned
|clearpoke
|poke|p1|Indeedee, M|
|poke|p1|Hatterene, F|
|poke|p1|Iron Treads|
|poke|p1|Deoxys-Speed|
|poke|p1|Ceruledge, M|
|poke|p1|Walking Wake|
|poke|p2|Samurott-Hisui, M|
|poke|p2|Dragapult, F|
|poke|p2|Arcanine-Hisui, M|
|poke|p2|Weezing-Galar, M|
|poke|p2|Ursaluna, F|
|poke|p2|Tornadus-Therian, M|
|teampreview
|inactive|Battle timer is ON: inactive players will automatically lose when time's up. (requested by BrazyBray)
|
|t:|1758932252
|teamsize|p1|6
|teamsize|p2|6
|start
|switch|p1a: Indeedee|Indeedee, M|100/100
|switch|p2a: Tornadus|Tornadus-Therian, M|100/100
|-fieldstart|move: Psychic Terrain|[from] ability: Psychic Surge|[of] p1a: Indeedee
|turn|1
|
|t:|1758932264
|move|p2a: Tornadus|Taunt|p1a: Indeedee
|-start|p1a: Indeedee|move: Taunt
|move|p1a: Indeedee|Expanding Force|p2a: Tornadus
|-damage|p2a: Tornadus|22/100
|
|upkeep
|turn|2
|
|t:|1758932269
|move|p2a: Tornadus|U-turn|p1a: Indeedee
|-supereffective|p1a: Indeedee
|-damage|p1a: Indeedee|41/100
|
|t:|1758932278
|switch|p2a: Samurott|Samurott-Hisui, M|100/100|[from] U-turn
|move|p1a: Indeedee|Dazzling Gleam|p2a: Samurott
|-supereffective|p2a: Samurott
|-damage|p2a: Samurott|27/100
|
|upkeep
|turn|3
|
|t:|1758932296
|switch|p1a: Walking Wake|Walking Wake|100/100
|-enditem|p1a: Walking Wake|Booster Energy
|-activate|p1a: Walking Wake|ability: Protosynthesis|[fromitem]
|-start|p1a: Walking Wake|protosynthesisspa
|move|p2a: Samurott|Night Slash|p1a: Walking Wake
|-damage|p1a: Walking Wake|41/100
|
|upkeep
|turn|4
|
|t:|1758932304
|move|p2a: Samurott|Night Slash|p1a: Walking Wake
|-damage|p1a: Walking Wake|0 fnt
|faint|p1a: Walking Wake
|-end|p1a: Walking Wake|Protosynthesis|[silent]
|
|upkeep
|
|t:|1758932309
|switch|p1a: Ceruledge|Ceruledge, M|100/100
|turn|5
|
|t:|1758932312
|-terastallize|p1a: Ceruledge|Bug
|move|p2a: Samurott|Night Slash|p1a: Ceruledge
|-damage|p1a: Ceruledge|28/100
|-ability|p1a: Ceruledge|Weak Armor|boost
|-unboost|p1a: Ceruledge|def|1
|-boost|p1a: Ceruledge|spe|2
|move|p1a: Ceruledge|Swords Dance|p1a: Ceruledge
|-boost|p1a: Ceruledge|atk|2
|
|upkeep
|turn|6
|
|t:|1758932321
|move|p1a: Ceruledge|Close Combat|p2a: Samurott
|-supereffective|p2a: Samurott
|-damage|p2a: Samurott|0 fnt
|-unboost|p1a: Ceruledge|def|1
|-unboost|p1a: Ceruledge|spd|1
|faint|p2a: Samurott
|
|upkeep
|
|t:|1758932328
|switch|p2a: Arcanine|Arcanine-Hisui, M|100/100
|turn|7
|
|t:|1758932347
|-terastallize|p2a: Arcanine|Water
|move|p1a: Ceruledge|Poltergeist|p2a: Arcanine
|-activate|p2a: Arcanine|move: Poltergeist|Choice Band
|-crit|p2a: Arcanine
|-damage|p2a: Arcanine|0 fnt
|faint|p2a: Arcanine
|
|upkeep
|
|t:|1758932356
|switch|p2a: Ursaluna|Ursaluna, F|100/100
|turn|8
|
|t:|1758932366
|move|p1a: Ceruledge|Close Combat|p2a: Ursaluna
|-supereffective|p2a: Ursaluna
|-damage|p2a: Ursaluna|0 fnt
|-unboost|p1a: Ceruledge|def|1
|-unboost|p1a: Ceruledge|spd|1
|faint|p2a: Ursaluna
|
|-fieldend|move: Psychic Terrain
|upkeep
|
|t:|1758932371
|switch|p2a: Tornadus|Tornadus-Therian, M|56/100
|turn|9
|
|t:|1758932375
|move|p1a: Ceruledge|Bitter Blade|p2a: Tornadus
|-damage|p2a: Tornadus|0 fnt
|-heal|p1a: Ceruledge|57/100|[from] drain|[of] p2a: Tornadus
|faint|p2a: Tornadus
|
|upkeep
|
|t:|1758932378
|switch|p2a: Dragapult|Dragapult, F|100/100
|turn|10
|
|t:|1758932385
|move|p1a: Ceruledge|Swords Dance|p1a: Ceruledge
|-boost|p1a: Ceruledge|atk|2
|move|p2a: Dragapult|Draco Meteor|p1a: Ceruledge
|-damage|p1a: Ceruledge|0 fnt
|-unboost|p2a: Dragapult|spa|2
|faint|p1a: Ceruledge
|
|upkeep
|
|t:|1758932391
|switch|p1a: Indeedee|Indeedee, M|41/100
|-fieldstart|move: Psychic Terrain|[from] ability: Psychic Surge|[of] p1a: Indeedee
|turn|11
|
|t:|1758932400
|move|p2a: Dragapult|Draco Meteor|p1a: Indeedee
|-damage|p1a: Indeedee|0 fnt
|-unboost|p2a: Dragapult|spa|2
|faint|p1a: Indeedee
|
|upkeep
|
|t:|1758932403
|switch|p1a: Deoxys|Deoxys-Speed|100/100
|-ability|p1a: Deoxys|Pressure
|turn|12
|
|t:|1758932408
|switch|p2a: Weezing|Weezing-Galar, M|100/100
|move|p1a: Deoxys|Expanding Force|p2a: Weezing
|-supereffective|p2a: Weezing
|-damage|p2a: Weezing|0 fnt
|faint|p2a: Weezing
|-damage|p1a: Deoxys|91/100|[from] item: Life Orb
|
|upkeep
|
|t:|1758932412
|switch|p2a: Dragapult|Dragapult, F|100/100
|turn|13
|
|t:|1758932417
|move|p1a: Deoxys|Expanding Force|p2a: Dragapult
|-damage|p2a: Dragapult|0 fnt
|faint|p2a: Dragapult
|-damage|p1a: Deoxys|81/100|[from] item: Life Orb
|
|win|BrazyBray
|raw|BrazyBray's rating: 1168 &rarr; <strong>1194</strong><br />(+26 for winning)
|raw|arxxxxxx's rating: 1177 &rarr; <strong>1151</strong><br />(-26 for losing)
|l|☆arxxxxxx
|player|p2|
|c|☆BrazyBray|gg
