|j|☆UltraGodGreninja
|j|☆xcPurple
|t:|1758982370
|gametype|singles
|player|p1|UltraGodGreninja|skyla|1409
|player|p2|xcPurple|rosa|1426
|gen|9
|tier|[Gen 9] OU
|rated|
|rule|HP Percentage Mod: HP is shown in percentages
|rule|Endless Battle Clause: Forcing endless battles is banned
|rule|Species Clause: Limit one of each Pokémon
|rule|OHKO Clause: OHKO moves are banned
|rule|Evasion Items Clause: Evasion items are banned
|rule|Evasion Moves Clause: Evasion moves are banned
|rule|Evasion Abilities Clause: Evasion abilities are banned
|rule|Sleep Moves Clause: Sleep-inducing moves are banned
|clearpoke
|poke|p1|Greninja-*, M|
|poke|p1|Alomomola, F|
|poke|p1|Scizor, F|
|poke|p1|Dragapult, M|
|poke|p1|Zapdos|
|poke|p1|Great Tusk|
|poke|p2|Galvantula, M|
|poke|p2|Gholdengo|
|poke|p2|Ting-Lu|
|poke|p2|Great Tusk|
|poke|p2|Dragapult, M|
|poke|p2|Ogerpon-Cornerstone, F|
|teampreview
|inactive|Battle timer is ON: inactive players will automatically lose when time's up. (requested by xcPurple)
|
|t:|1758982386
|teamsize|p1|6
|teamsize|p2|6
|start
|switch|p1a: Greninja|Greninja, M|100/100
|switch|p2a: Galvantula|Galvantula, M|100/100
|turn|1
|
|t:|1758982391
|move|p1a: Greninja|Sludge Wave|p2a: Galvantula
|-start|p1a: Greninja|typechange|Poison|[from] ability: Protean
|-enditem|p2a: Galvantula|Focus Sash
|-damage|p2a: Galvantula|1/100
|-status|p2a: Galvantula|psn
|move|p2a: Galvantula|Thunder Wave|p1a: Greninja
|-status|p1a: Greninja|par
|
|-damage|p2a: Galvantula|0 fnt|[from] psn
|faint|p2a: Galvantula
|upkeep
|
|t:|1758982408
|switch|p2a: Great Tusk|Great Tusk, shiny|100/100
|turn|2
|
|t:|1758982411
|switch|p1a: Zapdos|Zapdos|100/100
|move|p2a: Great Tusk|Knock Off|p1a: Zapdos
|-damage|p1a: Zapdos|76/100
|-status|p2a: Great Tusk|par|[from] ability: Static|[of] p1a: Zapdos
|-enditem|p1a: Zapdos|Heavy-Duty Boots|[from] move: Knock Off|[of] p2a: Great Tusk
|
|upkeep
|turn|3
|
|t:|1758982422
|-end|p2a: Great Tusk|Protosynthesis|[silent]
|switch|p2a: Ting-Lu|Ting-Lu|100/100
|-ability|p2a: Ting-Lu|Vessel of Ruin
|move|p1a: Zapdos|U-turn|p2a: Ting-Lu
|-supereffective|p2a: Ting-Lu
|-damage|p2a: Ting-Lu|89/100
|
|t:|1758982424
|switch|p1a: Greninja|Greninja, M|100/100 par|[from] U-turn
|
|upkeep
|turn|4
|
|t:|1758982431
|move|p1a: Greninja|Hydro Pump|p2a: Ting-Lu
|-start|p1a: Greninja|typechange|Water|[from] ability: Protean
|-supereffective|p2a: Ting-Lu
|-damage|p2a: Ting-Lu|18/100
|-enditem|p2a: Ting-Lu|Sitrus Berry|[eat]
|-heal|p2a: Ting-Lu|43/100|[from] item: Sitrus Berry
|move|p2a: Ting-Lu|Stealth Rock|p1a: Greninja
|-sidestart|p1: UltraGodGreninja|move: Stealth Rock
|
|upkeep
|turn|5
|
|t:|1758982449
|switch|p2a: Dragapult|Dragapult, M, shiny|100/100
|move|p1a: Greninja|Hydro Pump|p2a: Dragapult
|-resisted|p2a: Dragapult
|-damage|p2a: Dragapult|53/100
|
|upkeep
|turn|6
|
|t:|1758982457
|switch|p1a: Alomomola|Alomomola, F|100/100
|-damage|p1a: Alomomola|88/100|[from] Stealth Rock
|move|p2a: Dragapult|Light Screen|p2a: Dragapult
|-sidestart|p2: xcPurple|move: Light Screen
|
|upkeep
|turn|7
|
|t:|1758982462
|move|p2a: Dragapult|Reflect|p2a: Dragapult
|-sidestart|p2: xcPurple|Reflect
|move|p1a: Alomomola|Flip Turn|p2a: Dragapult
|-resisted|p2a: Dragapult
|-damage|p2a: Dragapult|48/100
|
|t:|1758982464
|switch|p1a: Great Tusk|Great Tusk|100/100|[from] Flip Turn
|
|upkeep
|turn|8
|
|t:|1758982473
|move|p2a: Dragapult|Will-O-Wisp|p1a: Great Tusk
|-status|p1a: Great Tusk|brn
|move|p1a: Great Tusk|Stealth Rock|p2a: Dragapult
|-sidestart|p2: xcPurple|move: Stealth Rock
|
|-damage|p1a: Great Tusk|94/100 brn|[from] brn
|upkeep
|turn|9
|
|t:|1758982491
|switch|p2a: Great Tusk|Great Tusk, shiny|100/100 par
|-damage|p2a: Great Tusk|98/100 par|[from] Stealth Rock
|move|p1a: Great Tusk|Ice Spinner|p2a: Great Tusk
|-supereffective|p2a: Great Tusk
|-damage|p2a: Great Tusk|88/100 par
|
|-damage|p1a: Great Tusk|88/100 brn|[from] brn
|upkeep
|turn|10
|
|t:|1758982498
|-end|p1a: Great Tusk|Protosynthesis|[silent]
|switch|p1a: Dragapult|Dragapult, M|100/100
|move|p2a: Great Tusk|Knock Off|p1a: Dragapult
|-supereffective|p1a: Dragapult
|-damage|p1a: Dragapult|13/100
|-enditem|p1a: Dragapult|Heavy-Duty Boots|[from] move: Knock Off|[of] p2a: Great Tusk
|
|upkeep
|turn|11
|
|t:|1758982510
|move|p1a: Dragapult|Hex|p2a: Great Tusk
|-damage|p2a: Great Tusk|44/100 par
|move|p2a: Great Tusk|Knock Off|p1a: Dragapult
|-supereffective|p1a: Dragapult
|-damage|p1a: Dragapult|0 fnt
|faint|p1a: Dragapult
|
|upkeep
|
|t:|1758982514
|switch|p1a: Greninja|Greninja, M|100/100 par
|-damage|p1a: Greninja|88/100 par|[from] Stealth Rock
|turn|12
|
|t:|1758982531
|-terastallize|p2a: Great Tusk|Water
|move|p1a: Greninja|Ice Beam|p2a: Great Tusk
|-start|p1a: Greninja|typechange|Ice|[from] ability: Protean
|-resisted|p2a: Great Tusk
|-damage|p2a: Great Tusk|29/100 par
|move|p2a: Great Tusk|Rapid Spin|p1a: Greninja
|-damage|p1a: Greninja|58/100 par
|-boost|p2a: Great Tusk|spe|1
|-sideend|p2: xcPurple|Stealth Rock|[from] move: Rapid Spin|[of] p2a: Great Tusk
|
|upkeep
|turn|13
|
|t:|1758982539
|switch|p1a: Zapdos|Zapdos|76/100
|-damage|p1a: Zapdos|52/100|[from] Stealth Rock
|move|p2a: Great Tusk|Close Combat|p1a: Zapdos
|-resisted|p1a: Zapdos
|-damage|p1a: Zapdos|31/100
|-unboost|p2a: Great Tusk|def|1
|-unboost|p2a: Great Tusk|spd|1
|
|-sideend|p2: xcPurple|move: Light Screen
|upkeep
|turn|14
|
|t:|1758982547
|-end|p2a: Great Tusk|Protosynthesis|[silent]
|switch|p2a: Ting-Lu|Ting-Lu|43/100
|-ability|p2a: Ting-Lu|Vessel of Ruin
|move|p1a: Zapdos|Roost|p1a: Zapdos
|-heal|p1a: Zapdos|81/100
|-singleturn|p1a: Zapdos|move: Roost
|
|-sideend|p2: xcPurple|Reflect
|upkeep
|turn|15
|
|t:|1758982552
|move|p1a: Zapdos|U-turn|p2a: Ting-Lu
|-supereffective|p2a: Ting-Lu
|-damage|p2a: Ting-Lu|31/100
|
|t:|1758982555
|switch|p1a: Great Tusk|Great Tusk|88/100 brn|[from] U-turn
|move|p2a: Ting-Lu|Spikes|p1a: Great Tusk
|-sidestart|p1: UltraGodGreninja|Spikes
|
|-damage|p1a: Great Tusk|82/100 brn|[from] brn
|upkeep
|turn|16
|
|t:|1758982559
|move|p1a: Great Tusk|Stealth Rock|p2a: Ting-Lu
|-sidestart|p2: xcPurple|move: Stealth Rock
|move|p2a: Ting-Lu|Spikes|p1a: Great Tusk
|-sidestart|p1: UltraGodGreninja|Spikes
|
|-damage|p1a: Great Tusk|76/100 brn|[from] brn
|upkeep
|turn|17
|
|t:|1758982565
|switch|p2a: Gholdengo|Gholdengo, shiny|100/100
|-damage|p2a: Gholdengo|94/100|[from] Stealth Rock
|-item|p2a: Gholdengo|Air Balloon
|move|p1a: Great Tusk|Rapid Spin|p2a: Gholdengo
|-immune|p2a: Gholdengo
|
|-damage|p1a: Great Tusk|70/100 brn|[from] brn
|upkeep
|turn|18
|
|t:|1758982573
|move|p1a: Great Tusk|Ice Spinner|p2a: Gholdengo
|-resisted|p2a: Gholdengo
|-damage|p2a: Gholdengo|88/100
|-enditem|p2a: Gholdengo|Air Balloon
|move|p2a: Gholdengo|Make It Rain|p1a: Great Tusk
|-damage|p1a: Great Tusk|0 fnt
|-unboost|p2a: Gholdengo|spa|1
|faint|p1a: Great Tusk
|-end|p1a: Great Tusk|Protosynthesis|[silent]
|
|upkeep
|
|t:|1758982582
|switch|p1a: Alomomola|Alomomola, F|100/100
|-damage|p1a: Alomomola|88/100|[from] Stealth Rock
|-damage|p1a: Alomomola|72/100|[from] Spikes
|turn|19
|
|t:|1758982585
|move|p2a: Gholdengo|Nasty Plot|p2a: Gholdengo
|-boost|p2a: Gholdengo|spa|2
|move|p1a: Alomomola|Mirror Coat||[still]
|-fail|p1a: Alomomola
|
|upkeep
|turn|20
|
|t:|1758982590
|move|p2a: Gholdengo|Nasty Plot|p2a: Gholdengo
|-boost|p2a: Gholdengo|spa|2
|move|p1a: Alomomola|Mirror Coat||[still]
|-fail|p1a: Alomomola
|
|upkeep
|turn|21
|
|t:|1758982594
|move|p2a: Gholdengo|Shadow Ball|p1a: Alomomola
|-damage|p1a: Alomomola|18/100
|move|p1a: Alomomola|Mirror Coat|p2a: Gholdengo
|-damage|p2a: Gholdengo|0 fnt
|faint|p2a: Gholdengo
|
|upkeep
|
|t:|1758982600
|switch|p2a: Dragapult|Dragapult, M, shiny|48/100
|-damage|p2a: Dragapult|36/100|[from] Stealth Rock
|turn|22
|
|t:|1758982603
|move|p2a: Dragapult|Dragon Darts|p1a: Alomomola
|-damage|p1a: Alomomola|2/100
|-anim|p2a: Dragapult|Dragon Darts|p1a: Alomomola
|-damage|p1a: Alomomola|0 fnt
|faint|p1a: Alomomola
|
|upkeep
|
|t:|1758982606
|switch|p1a: Scizor|Scizor, F|100/100
|-damage|p1a: Scizor|88/100|[from] Stealth Rock
|-damage|p1a: Scizor|71/100|[from] Spikes
|turn|23
|
|t:|1758982611
|switch|p2a: Ting-Lu|Ting-Lu|31/100
|-damage|p2a: Ting-Lu|25/100|[from] Stealth Rock
|-ability|p2a: Ting-Lu|Vessel of Ruin
|-terastallize|p1a: Scizor|Steel
|move|p1a: Scizor|Bullet Punch|p2a: Ting-Lu
|-damage|p2a: Ting-Lu|0 fnt
|faint|p2a: Ting-Lu
|
|upkeep
|
|t:|1758982617
|switch|p2a: Dragapult|Dragapult, M, shiny|36/100
|-damage|p2a: Dragapult|23/100|[from] Stealth Rock
|turn|24
|
|t:|1758982619
|move|p1a: Scizor|Bullet Punch|p2a: Dragapult
|-damage|p2a: Dragapult|0 fnt
|faint|p2a: Dragapult
|
|upkeep
|
|t:|1758982621
|switch|p2a: Great Tusk|Great Tusk, shiny, tera:Water|29/100 par
|-damage|p2a: Great Tusk|17/100 par|[from] Stealth Rock
|turn|25
|
|t:|1758982623
|move|p1a: Scizor|Bullet Punch|p2a: Great Tusk
|-resisted|p2a: Great Tusk
|-damage|p2a: Great Tusk|0 fnt
|faint|p2a: Great Tusk
|-end|p2a: Great Tusk|Protosynthesis|[silent]
|
|upkeep
|
|t:|1758982624
|switch|p2a: Ogerpon|Ogerpon-Cornerstone, F|100/100
|-damage|p2a: Ogerpon|88/100|[from] Stealth Rock
|turn|26
|
|t:|1758982629
|move|p1a: Scizor|Bullet Punch|p2a: Ogerpon
|-supereffective|p2a: Ogerpon
|-damage|p2a: Ogerpon|0 fnt
|faint|p2a: Ogerpon
|
|win|UltraGodGreninja
|raw|UltraGodGreninja's rating: 1415 &rarr; <strong>1436</strong><br />(+21 for winning)
|raw|xcPurple's rating: 1426 &rarr; <strong>1405</strong><br />(-21 for losing)
|l|☆UltraGodGreninja
|player|p1|
|l|☆xcPurple
|player|p2|
