|j|☆young hansen
|j|☆Shimeon91
|t:|1759052128
|gametype|singles
|player|p1|young hansen|giovanni|1345
|player|p2|Shimeon91|169|1309
|gen|9
|tier|[Gen 9] OU
|rated|
|rule|HP Percentage Mod: HP is shown in percentages
|rule|Endless Battle Clause: Forcing endless battles is banned
|rule|Species Clause: Limit one of each Pokémon
|rule|OHKO Clause: OHKO moves are banned
|rule|Evasion Items Clause: Evasion items are banned
|rule|Evasion Moves Clause: Evasion moves are banned
|rule|Evasion Abilities Clause: Evasion abilities are banned
|rule|Sleep Moves Clause: Sleep-inducing moves are banned
|clearpoke
|poke|p1|Ogerpon-Cornerstone, F|
|poke|p1|Hatterene, F|
|poke|p1|Pecharunt|
|poke|p1|Landorus-Therian, M|
|poke|p1|Kingambit, F|
|poke|p1|Latios, M|
|poke|p2|Cetitan, F|
|poke|p2|Infernape, M|
|poke|p2|Pecharunt|
|poke|p2|Toxicroak, M|
|poke|p2|Slowking-Galar, M|
|poke|p2|Glimmora, F|
|teampreview
|inactive|Battle timer is ON: inactive players will automatically lose when time's up. (requested by Shimeon91)
|
|t:|1759052142
|teamsize|p1|6
|teamsize|p2|6
|start
|switch|p1a: Latios|Latios, M|100/100
|switch|p2a: Glimmora|Glimmora, F|100/100
|turn|1
|
|t:|1759052154
|move|p1a: Latios|Luster Purge|p2a: Glimmora
|-supereffective|p2a: Glimmora
|-enditem|p2a: Glimmora|Focus Sash
|-damage|p2a: Glimmora|1/100
|move|p2a: Glimmora|Mortal Spin|p1a: Latios
|-damage|p1a: Latios|92/100
|-status|p1a: Latios|psn
|
|-damage|p1a: Latios|80/100 psn|[from] psn
|upkeep
|turn|2
|
|t:|1759052165
|switch|p2a: Slowking|Slowking-Galar, M|100/100
|move|p1a: Latios|Luster Purge|p2a: Slowking
|-damage|p2a: Slowking|70/100
|
|-damage|p1a: Latios|68/100 psn|[from] psn
|upkeep
|turn|3
|
|t:|1759052173
|switch|p1a: Hatterene|Hatterene, F|100/100
|-prepare|p2a: Slowking|Chilly Reception|[premajor]
|move|p2a: Slowking|Chilly Reception|p2a: Slowking
|-weather|Snowscape
|
|t:|1759052180
|switch|p2a: Glimmora|Glimmora, F|1/100|[from] Chilly Reception
|
|-weather|Snowscape|[upkeep]
|upkeep
|turn|4
|
|t:|1759052189
|move|p2a: Glimmora|Mortal Spin|p1a: Hatterene
|-supereffective|p1a: Hatterene
|-damage|p1a: Hatterene|87/100
|-status|p1a: Hatterene|psn
|move|p1a: Hatterene|Draining Kiss|p2a: Glimmora
|-resisted|p2a: Glimmora
|-damage|p2a: Glimmora|0 fnt
|-heal|p1a: Hatterene|87/100 psn|[from] drain|[of] p2a: Glimmora
|faint|p2a: Glimmora
|
|-weather|Snowscape|[upkeep]
|-damage|p1a: Hatterene|75/100 psn|[from] psn
|upkeep
|l|☆Shimeon91
|inactive|Shimeon91 disconnected and has a minute to reconnect!
|player|p2|
|j|☆Shimeon91
|inactive|Shimeon91 reconnected and has 130 seconds left.
|player|p2|Shimeon91|169|
|inactive|Shimeon91 has 120 seconds left.
|
|t:|1759052243
|switch|p2a: Cetitan|Cetitan, F, shiny|100/100
|turn|5
|
|t:|1759052251
|switch|p1a: Pecharunt|Pecharunt|100/100
|move|p2a: Cetitan|Knock Off|p1a: Pecharunt
|-supereffective|p1a: Pecharunt
|-damage|p1a: Pecharunt|68/100
|-enditem|p1a: Pecharunt|Heavy-Duty Boots|[from] move: Knock Off|[of] p2a: Cetitan
|
|-weather|Snowscape|[upkeep]
|upkeep
|turn|6
|
|t:|1759052265
|switch|p2a: Slowking|Slowking-Galar, M|100/100
|move|p1a: Pecharunt|Parting Shot|p2a: Slowking
|-unboost|p2a: Slowking|atk|1
|-unboost|p2a: Slowking|spa|1
|
|t:|1759052276
|switch|p1a: Landorus|Landorus-Therian, M|100/100|[from] Parting Shot
|-ability|p1a: Landorus|Intimidate|boost
|-unboost|p2a: Slowking|atk|1
|
|-weather|Snowscape|[upkeep]
|upkeep
|turn|7
|inactive|Shimeon91 has 120 seconds left.
|
|t:|1759052298
|switch|p2a: Toxicroak|Toxicroak, M|100/100
|-item|p2a: Toxicroak|Air Balloon
|move|p1a: Landorus|Earthquake|p2a: Toxicroak
|-immune|p2a: Toxicroak
|
|-weather|none
|upkeep
|turn|8
|
|t:|1759052314
|switch|p2a: Infernape|Infernape, M|100/100
|move|p1a: Landorus|Stealth Rock|p2a: Infernape
|-sidestart|p2: Shimeon91|move: Stealth Rock
|
|upkeep
|turn|9
|
|t:|1759052320
|move|p2a: Infernape|Flamethrower|p1a: Landorus
|-damage|p1a: Landorus|55/100
|move|p1a: Landorus|U-turn|p2a: Infernape
|-resisted|p2a: Infernape
|-damage|p2a: Infernape|92/100
|
|t:|1759052330
|switch|p1a: Ogerpon|Ogerpon-Cornerstone, F|100/100|[from] U-turn
|
|upkeep
|turn|10
|
|t:|1759052341
|switch|p2a: Pecharunt|Pecharunt|100/100
|move|p1a: Ogerpon|Ivy Cudgel|p2a: Pecharunt|[anim] Ivy Cudgel Rock
|-damage|p2a: Pecharunt|73/100
|
|upkeep
|turn|11
|
|t:|1759052350
|switch|p1a: Kingambit|Kingambit, F|100/100
|move|p2a: Pecharunt|Shadow Ball|p1a: Kingambit
|-resisted|p1a: Kingambit
|-damage|p1a: Kingambit|86/100
|
|-heal|p1a: Kingambit|92/100|[from] item: Leftovers
|upkeep
|turn|12
|inactive|Shimeon91 has 120 seconds left.
|
|t:|1759052361
|move|p2a: Pecharunt|Parting Shot|p1a: Kingambit
|-unboost|p1a: Kingambit|atk|1
|-unboost|p1a: Kingambit|spa|1
|
|t:|1759052364
|switch|p2a: Infernape|Infernape, M|92/100|[from] Parting Shot
|move|p1a: Kingambit|Kowtow Cleave|p2a: Infernape
|-resisted|p2a: Infernape
|-damage|p2a: Infernape|65/100
|
|-heal|p1a: Kingambit|98/100|[from] item: Leftovers
|upkeep
|turn|13
|
|t:|1759052373
|-end|p1a: Kingambit|fallenundefined|[silent]
|switch|p1a: Hatterene|Hatterene, F|75/100 psn
|move|p2a: Infernape|Flamethrower|p1a: Hatterene
|-damage|p1a: Hatterene|49/100 psn
|
|-damage|p1a: Hatterene|37/100 psn|[from] psn
|upkeep
|turn|14
|inactive|Shimeon91 has 120 seconds left.
|
|t:|1759052390
|switch|p2a: Slowking|Slowking-Galar, M|100/100
|move|p1a: Hatterene|Nuzzle|p2a: Slowking
|-damage|p2a: Slowking|97/100
|-status|p2a: Slowking|par
|
|-damage|p1a: Hatterene|24/100 psn|[from] psn
|upkeep
|turn|15
|inactive|Shimeon91 has 120 seconds left.
|
|t:|1759052417
|switch|p1a: Kingambit|Kingambit, F|98/100
|-prepare|p2a: Slowking|Chilly Reception|[premajor]
|move|p2a: Slowking|Chilly Reception|p2a: Slowking
|-weather|Snowscape
|
|t:|1759052426
|switch|p2a: Cetitan|Cetitan, F, shiny|100/100|[from] Chilly Reception
|
|-weather|Snowscape|[upkeep]
|-heal|p1a: Kingambit|100/100|[from] item: Leftovers
|upkeep
|turn|16
|
|t:|1759052434
|-end|p1a: Kingambit|fallenundefined|[silent]
|switch|p1a: Pecharunt|Pecharunt|68/100
|move|p2a: Cetitan|Superpower|p1a: Pecharunt
|-immune|p1a: Pecharunt
|
|-weather|Snowscape|[upkeep]
|upkeep
|turn|17
|
|t:|1759052444
|switch|p2a: Slowking|Slowking-Galar, M|100/100 par
|move|p1a: Pecharunt|Parting Shot|p2a: Slowking
|-unboost|p2a: Slowking|atk|1
|-unboost|p2a: Slowking|spa|1
|
|t:|1759052452
|switch|p1a: Landorus|Landorus-Therian, M|55/100|[from] Parting Shot
|-ability|p1a: Landorus|Intimidate|boost
|-unboost|p2a: Slowking|atk|1
|
|-weather|Snowscape|[upkeep]
|upkeep
|turn|18
|inactive|Shimeon91 has 120 seconds left.
|
|t:|1759052463
|move|p1a: Landorus|U-turn|p2a: Slowking
|-damage|p2a: Slowking|77/100 par
|
|t:|1759052467
|switch|p1a: Pecharunt|Pecharunt|68/100|[from] U-turn
|-prepare|p2a: Slowking|Chilly Reception|[premajor]
|cant|p2a: Slowking|par
|
|-weather|Snowscape|[upkeep]
|upkeep
|turn|19
|
|t:|1759052478
|move|p1a: Pecharunt|Shadow Ball|p2a: Slowking
|-supereffective|p2a: Slowking
|-damage|p2a: Slowking|46/100 par
|-prepare|p2a: Slowking|Chilly Reception|[premajor]
|move|p2a: Slowking|Chilly Reception|p2a: Slowking
|
|t:|1759052485
|switch|p2a: Infernape|Infernape, M|65/100|[from] Chilly Reception
|
|-weather|none
|upkeep
|turn|20
|
|t:|1759052492
|switch|p1a: Hatterene|Hatterene, F|24/100 psn
|move|p2a: Infernape|Flamethrower|p1a: Hatterene
|-damage|p1a: Hatterene|0 fnt
|faint|p1a: Hatterene
|
|upkeep
|
|t:|1759052503
|switch|p1a: Latios|Latios, M|68/100 psn
|turn|21
|
|t:|1759052507
|switch|p2a: Slowking|Slowking-Galar, M|79/100 par
|move|p1a: Latios|Trick|p2a: Slowking
|-activate|p1a: Latios|move: Trick|[of] p2a: Slowking
|-item|p2a: Slowking|Choice Scarf|[from] move: Trick
|-item|p1a: Latios|Heavy-Duty Boots|[from] move: Trick
|
|-damage|p1a: Latios|55/100 psn|[from] psn
|upkeep
|turn|22
|
|t:|1759052517
|switch|p1a: Kingambit|Kingambit, F|100/100
|-activate|p1a: Kingambit|ability: Supreme Overlord
|-start|p1a: Kingambit|fallen1|[silent]
|-prepare|p2a: Slowking|Chilly Reception|[premajor]
|cant|p2a: Slowking|par
|
|upkeep
|turn|23
|
|t:|1759052532
|-terastallize|p2a: Slowking|Fairy
|move|p1a: Kingambit|Kowtow Cleave|p2a: Slowking
|-resisted|p2a: Slowking
|-damage|p2a: Slowking|48/100 par
|-prepare|p2a: Slowking|Chilly Reception|[premajor]
|move|p2a: Slowking|Chilly Reception|p2a: Slowking
|-weather|Snowscape
|
|t:|1759052541
|switch|p2a: Cetitan|Cetitan, F, shiny|100/100|[from] Chilly Reception
|
|-weather|Snowscape|[upkeep]
|upkeep
|turn|24
|
|t:|1759052546
|-end|p1a: Kingambit|fallen1|[silent]
|switch|p1a: Pecharunt|Pecharunt|68/100
|move|p2a: Cetitan|Knock Off|p1a: Pecharunt
|-supereffective|p1a: Pecharunt
|-damage|p1a: Pecharunt|44/100
|
|-weather|Snowscape|[upkeep]
|upkeep
|turn|25
|
|t:|1759052553
|move|p2a: Cetitan|Knock Off|p1a: Pecharunt
|-supereffective|p1a: Pecharunt
|-damage|p1a: Pecharunt|20/100
|move|p1a: Pecharunt|Recover|p1a: Pecharunt
|-heal|p1a: Pecharunt|70/100
|
|-weather|Snowscape|[upkeep]
|upkeep
|turn|26
|
|t:|1759052562
|switch|p2a: Slowking|Slowking-Galar, M, tera:Fairy|81/100 par
|-damage|p2a: Slowking|69/100 par|[from] Stealth Rock
|move|p1a: Pecharunt|Malignant Chain|p2a: Slowking
|-supereffective|p2a: Slowking
|-damage|p2a: Slowking|31/100 par
|
|-weather|Snowscape|[upkeep]
|upkeep
|turn|27
|
|t:|1759052572
|switch|p2a: Pecharunt|Pecharunt|73/100
|move|p1a: Pecharunt|Malignant Chain|p2a: Pecharunt
|-resisted|p2a: Pecharunt
|-damage|p2a: Pecharunt|65/100
|
|-weather|none
|upkeep
|turn|28
|l|☆young hansen
|inactive|young hansen disconnected and has a minute to reconnect!
|player|p1|
|j|☆young hansen
|inactive|young hansen reconnected and has 140 seconds left.
|player|p1|young hansen|giovanni|
|
|t:|1759052586
|switch|p2a: Slowking|Slowking-Galar, M, tera:Fairy|65/100 par
|-damage|p2a: Slowking|52/100 par|[from] Stealth Rock
|move|p1a: Pecharunt|Shadow Ball|p2a: Slowking
|-damage|p2a: Slowking|38/100 par
|
|upkeep
|turn|29
|
|t:|1759052594
|move|p1a: Pecharunt|Malignant Chain|p2a: Slowking
|-supereffective|p2a: Slowking
|-damage|p2a: Slowking|3/100 par
|-prepare|p2a: Slowking|Chilly Reception|[premajor]
|move|p2a: Slowking|Chilly Reception|p2a: Slowking
|-weather|Snowscape
|
|t:|1759052602
|switch|p2a: Infernape|Infernape, M|65/100|[from] Chilly Reception
|
|-weather|Snowscape|[upkeep]
|upkeep
|turn|30
|
|t:|1759052617
|switch|p1a: Latios|Latios, M|55/100 psn
|move|p2a: Infernape|Flamethrower|p1a: Latios
|-resisted|p1a: Latios
|-damage|p1a: Latios|34/100 psn
|
|-weather|Snowscape|[upkeep]
|-damage|p1a: Latios|21/100 psn|[from] psn
|upkeep
|turn|31
|
|t:|1759052627
|switch|p2a: Slowking|Slowking-Galar, M, tera:Fairy|36/100 par
|-damage|p2a: Slowking|23/100 par|[from] Stealth Rock
|move|p1a: Latios|Luster Purge|p2a: Slowking
|-damage|p2a: Slowking|0 fnt
|faint|p2a: Slowking
|
|-weather|Snowscape|[upkeep]
|-damage|p1a: Latios|9/100 psn|[from] psn
|upkeep
|
|t:|1759052639
|switch|p2a: Cetitan|Cetitan, F, shiny|100/100
|turn|32
|
|t:|1759052643
|move|p2a: Cetitan|Knock Off|p1a: Latios
|-supereffective|p1a: Latios
|-damage|p1a: Latios|0 fnt
|-enditem|p1a: Latios|Heavy-Duty Boots|[from] move: Knock Off|[of] p2a: Cetitan
|faint|p1a: Latios
|
|-weather|Snowscape|[upkeep]
|upkeep
|
|t:|1759052653
|switch|p1a: Ogerpon|Ogerpon-Cornerstone, F|100/100
|turn|33
|
|t:|1759052664
|-terastallize|p1a: Ogerpon|Rock
|detailschange|p1a: Ogerpon|Ogerpon-Cornerstone-Tera, F, tera:Rock
|-ability|p1a: Ogerpon|Embody Aspect (Cornerstone)|boost
|-boost|p1a: Ogerpon|def|1
|move|p2a: Cetitan|Knock Off|p1a: Ogerpon
|-damage|p1a: Ogerpon|79/100
|move|p1a: Ogerpon|Swords Dance|p1a: Ogerpon
|-boost|p1a: Ogerpon|atk|2
|
|-weather|none
|upkeep
|turn|34
|l|☆Shimeon91
|inactive|Shimeon91 disconnected and has a minute to reconnect!
|player|p2|
|j|☆Shimeon91
|inactive|Shimeon91 reconnected and has 130 seconds left.
|player|p2|Shimeon91|169|
|
|t:|1759052691
|move|p1a: Ogerpon|Ivy Cudgel|p2a: Cetitan|[anim] Ivy Cudgel Rock
|-supereffective|p2a: Cetitan
|-damage|p2a: Cetitan|0 fnt
|faint|p2a: Cetitan
|
|upkeep
|-message|Shimeon91 forfeited.
|
|win|young hansen
|raw|young hansen's rating: 1345 &rarr; <strong>1363</strong><br />(+18 for winning)
|raw|Shimeon91's rating: 1309 &rarr; <strong>1291</strong><br />(-18 for losing)
|l|☆Shimeon91
|player|p2|
|l|☆young hansen
|player|p1|
