|j|☆kabomz
|j|☆potat112
|t:|1759064468
|gametype|singles
|player|p1|kabomz|1|1141
|player|p2|potat112|gambler|1196
|gen|9
|tier|[Gen 9] OU
|rated|
|rule|HP Percentage Mod: HP is shown in percentages
|rule|Endless Battle Clause: Forcing endless battles is banned
|rule|Species Clause: Limit one of each Pokémon
|rule|OHKO Clause: OHKO moves are banned
|rule|Evasion Items Clause: Evasion items are banned
|rule|Evasion Moves Clause: Evasion moves are banned
|rule|Evasion Abilities Clause: Evasion abilities are banned
|rule|Sleep Moves Clause: Sleep-inducing moves are banned
|clearpoke
|poke|p1|Kingambit, F|
|poke|p1|Deoxys-Speed|
|poke|p1|Great Tusk|
|poke|p1|Dragonite, M|
|poke|p1|Iron Moth|
|poke|p1|Primarina, F|
|poke|p2|Yanmega, F|
|poke|p2|Kleavor, M|
|poke|p2|Cryogonal|
|poke|p2|Emboar, M|
|poke|p2|Crawdaunt, F|
|poke|p2|Torterra, F|
|teampreview
|
|t:|1759064491
|teamsize|p1|6
|teamsize|p2|6
|start
|switch|p1a: Anomаly|Iron Moth|100/100
|switch|p2a: Kleavor|Kleavor, M|100/100
|-enditem|p1a: Anomаly|Booster Energy
|-activate|p1a: Anomаly|ability: Quark Drive|[fromitem]
|-start|p1a: Anomаly|quarkdrivespe
|turn|1
|inactive|Battle timer is ON: inactive players will automatically lose when time's up. (requested by potat112)
|
|t:|1759064512
|-end|p1a: Anomаly|Quark Drive|[silent]
|switch|p1a: Siren|Primarina, F|100/100
|move|p2a: Kleavor|Stone Axe|p1a: Siren|[miss]
|-miss|p2a: Kleavor|p1a: Siren
|
|upkeep
|turn|2
|
|t:|1759064520
|move|p2a: Kleavor|Stone Axe|p1a: Siren
|-damage|p1a: Siren|24/100
|-sidestart|p1: kabomz|move: Stealth Rock
|move|p1a: Siren|Whirlpool|p2a: Kleavor
|-supereffective|p2a: Kleavor
|-damage|p2a: Kleavor|12/100
|-activate|p2a: Kleavor|move: Whirlpool|[of] p1a: Siren
|
|-damage|p2a: Kleavor|0 fnt|[from] move: Whirlpool|[partiallytrapped]
|faint|p2a: Kleavor
|upkeep
|
|t:|1759064539
|switch|p2a: Torterra|Torterra, F|100/100
|turn|3
|
|t:|1759064557
|switch|p1a: Anomаly|Iron Moth|100/100
|-damage|p1a: Anomаly|76/100|[from] Stealth Rock
|move|p2a: Torterra|Bullet Seed|p1a: Anomаly
|-resisted|p1a: Anomаly
|-damage|p1a: Anomаly|72/100
|-resisted|p1a: Anomаly
|-damage|p1a: Anomаly|68/100
|-resisted|p1a: Anomаly
|-damage|p1a: Anomаly|63/100
|-resisted|p1a: Anomаly
|-damage|p1a: Anomаly|59/100
|-resisted|p1a: Anomаly
|-damage|p1a: Anomаly|55/100
|-hitcount|p1a: Anomаly|5
|
|upkeep
|turn|4
|
|t:|1759064575
|-terastallize|p2a: Torterra|Rock
|move|p1a: Anomаly|Fiery Dance|p2a: Torterra
|-resisted|p2a: Torterra
|-damage|p2a: Torterra|75/100
|-boost|p1a: Anomаly|spa|1
|move|p2a: Torterra|Shell Smash|p2a: Torterra
|-unboost|p2a: Torterra|def|1
|-unboost|p2a: Torterra|spd|1
|-boost|p2a: Torterra|atk|2
|-boost|p2a: Torterra|spa|2
|-boost|p2a: Torterra|spe|2
|
|upkeep
|turn|5
|
|t:|1759064592
|-terastallize|p1a: Anomаly|Ground
|move|p2a: Torterra|Earthquake|p1a: Anomаly
|-damage|p1a: Anomаly|0 fnt
|faint|p1a: Anomаly
|-end|p1a: Anomаly|Quark Drive|[silent]
|
|upkeep
|
|t:|1759064600
|switch|p1a: Moebius|Deoxys-Speed|100/100
|-damage|p1a: Moebius|88/100|[from] Stealth Rock
|-ability|p1a: Moebius|Pressure
|turn|6
|
|t:|1759064608
|move|p2a: Torterra|Bullet Seed|p1a: Moebius
|-crit|p1a: Moebius
|-damage|p1a: Moebius|40/100
|-damage|p1a: Moebius|3/100
|-damage|p1a: Moebius|0 fnt
|faint|p1a: Moebius
|-hitcount|p1: Moebius|3
|
|upkeep
|
|t:|1759064621
|switch|p1a: Anomaly|Great Tusk|100/100
|-damage|p1a: Anomaly|98/100|[from] Stealth Rock
|-enditem|p1a: Anomaly|Booster Energy
|-activate|p1a: Anomaly|ability: Protosynthesis|[fromitem]
|-start|p1a: Anomaly|protosynthesisatk
|turn|7
|
|t:|1759064629
|move|p2a: Torterra|Bullet Seed|p1a: Anomaly
|-supereffective|p1a: Anomaly
|-damage|p1a: Anomaly|63/100
|-supereffective|p1a: Anomaly
|-damage|p1a: Anomaly|31/100
|-supereffective|p1a: Anomaly
|-damage|p1a: Anomaly|0 fnt
|faint|p1a: Anomaly
|-end|p1a: Anomaly|Protosynthesis|[silent]
|-hitcount|p1: Anomaly|3
|
|upkeep
|inactive|kabomz has 120 seconds left.
|
|t:|1759064651
|switch|p1a: Siren|Primarina, F|24/100
|-damage|p1a: Siren|12/100|[from] Stealth Rock
|turn|8
|
|t:|1759064655
|move|p2a: Torterra|Bullet Seed|p1a: Siren
|-supereffective|p1a: Siren
|-damage|p1a: Siren|0 fnt
|faint|p1a: Siren
|-hitcount|p1: Siren|1
|
|upkeep
|
|t:|1759064662
|switch|p1a: Yoshi|Dragonite, M, shiny|100/100
|-damage|p1a: Yoshi|76/100|[from] Stealth Rock
|turn|9
|
|t:|1759064672
|move|p2a: Torterra|Rock Blast|p1a: Yoshi
|-supereffective|p1a: Yoshi
|-damage|p1a: Yoshi|26/100
|-supereffective|p1a: Yoshi
|-damage|p1a: Yoshi|0 fnt
|faint|p1a: Yoshi
|-hitcount|p1: Yoshi|2
|
|upkeep
|
|t:|1759064679
|switch|p1a: Meruem|Kingambit, F|100/100
|-damage|p1a: Meruem|94/100|[from] Stealth Rock
|-activate|p1a: Meruem|ability: Supreme Overlord
|-start|p1a: Meruem|fallen5|[silent]
|turn|10
|
|t:|1759064688
|move|p1a: Meruem|Sucker Punch|p2a: Torterra
|-damage|p2a: Torterra|0 fnt
|faint|p2a: Torterra
|
|-heal|p1a: Meruem|100/100|[from] item: Leftovers
|upkeep
|
|t:|1759064691
|switch|p2a: Emboar|Emboar, M|100/100
|turn|11
|
|t:|1759064711
|move|p1a: Meruem|Sucker Punch|p2a: Emboar
|-resisted|p2a: Emboar
|-damage|p2a: Emboar|61/100
|move|p2a: Emboar|Close Combat|p1a: Meruem
|-supereffective|p1a: Meruem
|-damage|p1a: Meruem|0 fnt
|-unboost|p2a: Emboar|def|1
|-unboost|p2a: Emboar|spd|1
|faint|p1a: Meruem
|-end|p1a: Meruem|fallen5|[silent]
|
|win|potat112
|raw|kabomz's rating: 1141 &rarr; <strong>1120</strong><br />(-21 for losing)
|raw|potat112's rating: 1196 &rarr; <strong>1217</strong><br />(+21 for winning)
|l|☆potat112
|player|p2|
|c|☆kabomz|gg
