|j|☆Xavier2094
|j|☆oydess222
|t:|1758967839
|gametype|singles
|player|p1|Xavier2094|n|1181
|player|p2|oydess222|102|1221
|gen|9
|tier|[Gen 9] OU
|rated|
|rule|HP Percentage Mod: HP is shown in percentages
|rule|Endless Battle Clause: Forcing endless battles is banned
|rule|Species Clause: Limit one of each Pokémon
|rule|OHKO Clause: OHKO moves are banned
|rule|Evasion Items Clause: Evasion items are banned
|rule|Evasion Moves Clause: Evasion moves are banned
|rule|Evasion Abilities Clause: Evasion abilities are banned
|rule|Sleep Moves Clause: Sleep-inducing moves are banned
|clearpoke
|poke|p1|Garganacl, M|
|poke|p1|Clodsire, M|
|poke|p1|Corviknight, M|
|poke|p1|Moltres-Galar|
|poke|p1|Primarina, F|
|poke|p1|Garchomp, F|
|poke|p2|Ambipom, M|
|poke|p2|Pecharunt|
|poke|p2|Araquanid, M|
|poke|p2|Dragapult, F|
|poke|p2|Garganacl, F|
|poke|p2|Cyclizar, M|
|teampreview
|inactive|Battle timer is ON: inactive players will automatically lose when time's up. (requested by oydess222)
|
|t:|1758967847
|teamsize|p1|6
|teamsize|p2|6
|start
|switch|p1a: Clodsire|Clodsire, M|100/100
|switch|p2a: Ambipom|Ambipom, M|100/100
|turn|1
|
|t:|1758967851
|move|p2a: Ambipom|Fake Out|p1a: Clodsire
|-damage|p1a: Clodsire|71/100
|cant|p1a: Clodsire|flinch
|
|upkeep
|turn|2
|
|t:|1758967857
|move|p2a: Ambipom|Triple Axel|p1a: Clodsire
|-supereffective|p1a: Clodsire
|-damage|p1a: Clodsire|49/100
|-supereffective|p1a: Clodsire
|-damage|p1a: Clodsire|5/100
|-supereffective|p1a: Clodsire
|-crit|p1a: Clodsire
|-damage|p1a: Clodsire|0 fnt
|faint|p1a: Clodsire
|-hitcount|p1: Clodsire|3
|
|upkeep
|
|t:|1758967868
|switch|p1a: Corviknight|Corviknight, M|100/100
|turn|3
|
|t:|1758967871
|switch|p2a: Pecharunt|Pecharunt|100/100
|move|p1a: Corviknight|Body Press|p2a: Pecharunt
|-immune|p2a: Pecharunt
|
|upkeep
|turn|4
|
|t:|1758967878
|move|p2a: Pecharunt|Shadow Ball|p1a: Corviknight
|-damage|p1a: Corviknight|63/100
|move|p1a: Corviknight|Brave Bird|p2a: Pecharunt
|-damage|p2a: Pecharunt|79/100
|-damage|p1a: Corviknight|57/100|[from] Recoil
|
|-heal|p2a: Pecharunt|85/100|[from] item: Leftovers
|upkeep
|turn|5
|
|t:|1758967884
|move|p2a: Pecharunt|Shadow Ball|p1a: Corviknight
|-damage|p1a: Corviknight|23/100
|move|p1a: Corviknight|Roost|p1a: Corviknight
|-heal|p1a: Corviknight|73/100
|-singleturn|p1a: Corviknight|move: Roost
|
|-heal|p2a: Pecharunt|91/100|[from] item: Leftovers
|upkeep
|turn|6
|
|t:|1758967894
|move|p2a: Pecharunt|Shadow Ball|p1a: Corviknight
|-damage|p1a: Corviknight|36/100
|move|p1a: Corviknight|Brave Bird|p2a: Pecharunt
|-damage|p2a: Pecharunt|69/100
|-damage|p1a: Corviknight|29/100|[from] Recoil
|
|-heal|p2a: Pecharunt|75/100|[from] item: Leftovers
|upkeep
|turn|7
|
|t:|1758967899
|switch|p1a: Primarina|Primarina, F|100/100
|move|p2a: Pecharunt|Shadow Ball|p1a: Primarina
|-damage|p1a: Primarina|81/100
|
|-heal|p2a: Pecharunt|81/100|[from] item: Leftovers
|upkeep
|turn|8
|
|t:|1758967917
|move|p2a: Pecharunt|Malignant Chain|p1a: Primarina
|-supereffective|p1a: Primarina
|-damage|p1a: Primarina|36/100
|-status|p1a: Primarina|tox
|-start|p1a: Primarina|confusion|[from] ability: Poison Puppeteer|[of] p2a: Pecharunt
|-activate|p1a: Primarina|confusion
|move|p1a: Primarina|Psychic|p2a: Pecharunt
|-supereffective|p2a: Pecharunt
|-damage|p2a: Pecharunt|13/100
|
|-heal|p2a: Pecharunt|19/100|[from] item: Leftovers
|-damage|p1a: Primarina|30/100 tox|[from] psn
|upkeep
|turn|9
|
|t:|1758967928
|switch|p1a: Corviknight|Corviknight, M|29/100
|move|p2a: Pecharunt|Protect||[still]
|-fail|p2a: Pecharunt
|
|-heal|p2a: Pecharunt|25/100|[from] item: Leftovers
|upkeep
|turn|10
|
|t:|1758967931
|move|p2a: Pecharunt|Recover|p2a: Pecharunt
|-heal|p2a: Pecharunt|75/100
|move|p1a: Corviknight|Roost|p1a: Corviknight
|-heal|p1a: Corviknight|79/100
|-singleturn|p1a: Corviknight|move: Roost
|
|-heal|p2a: Pecharunt|81/100|[from] item: Leftovers
|upkeep
|turn|11
|
|t:|1758967935
|move|p2a: Pecharunt|Shadow Ball|p1a: Corviknight
|-damage|p1a: Corviknight|46/100
|move|p1a: Corviknight|Brave Bird|p2a: Pecharunt
|-damage|p2a: Pecharunt|61/100
|-damage|p1a: Corviknight|40/100|[from] Recoil
|
|-heal|p2a: Pecharunt|67/100|[from] item: Leftovers
|upkeep
|turn|12
|
|t:|1758967942
|switch|p1a: Primarina|Primarina, F|30/100 tox
|move|p2a: Pecharunt|Shadow Ball|p1a: Primarina
|-damage|p1a: Primarina|10/100 tox
|
|-heal|p2a: Pecharunt|73/100|[from] item: Leftovers
|-damage|p1a: Primarina|4/100 tox|[from] psn
|upkeep
|turn|13
|
|t:|1758967944
|move|p2a: Pecharunt|Protect|p2a: Pecharunt
|-singleturn|p2a: Pecharunt|Protect
|move|p1a: Primarina|Psychic|p2a: Pecharunt
|-activate|p2a: Pecharunt|move: Protect
|
|-heal|p2a: Pecharunt|79/100|[from] item: Leftovers
|-damage|p1a: Primarina|0 fnt|[from] psn
|faint|p1a: Primarina
|upkeep
|
|t:|1758967948
|switch|p1a: Garganacl|Garganacl, M|100/100
|turn|14
|
|t:|1758967954
|switch|p2a: Garganacl|Garganacl, F|100/100
|move|p1a: Garganacl|Salt Cure|p2a: Garganacl
|-damage|p2a: Garganacl|93/100
|-start|p2a: Garganacl|Salt Cure
|
|-heal|p2a: Garganacl|99/100|[from] item: Leftovers
|-damage|p2a: Garganacl|87/100|[from] Salt Cure
|upkeep
|turn|15
|
|t:|1758967960
|move|p1a: Garganacl|Protect|p1a: Garganacl
|-singleturn|p1a: Garganacl|Protect
|move|p2a: Garganacl|Stealth Rock|p1a: Garganacl
|-sidestart|p1: Xavier2094|move: Stealth Rock
|
|-heal|p2a: Garganacl|93/100|[from] item: Leftovers
|-damage|p2a: Garganacl|80/100|[from] Salt Cure
|upkeep
|turn|16
|
|t:|1758967970
|move|p1a: Garganacl|Iron Defense|p1a: Garganacl
|-boost|p1a: Garganacl|def|2
|move|p2a: Garganacl|Salt Cure|p1a: Garganacl
|-damage|p1a: Garganacl|95/100
|-start|p1a: Garganacl|Salt Cure
|
|-heal|p2a: Garganacl|87/100|[from] item: Leftovers
|-heal|p1a: Garganacl|100/100|[from] item: Leftovers
|-damage|p2a: Garganacl|74/100|[from] Salt Cure
|-damage|p1a: Garganacl|88/100|[from] Salt Cure
|upkeep
|turn|17
|
|t:|1758967981
|switch|p2a: Pecharunt|Pecharunt|79/100
|move|p1a: Garganacl|Iron Defense|p1a: Garganacl
|-boost|p1a: Garganacl|def|2
|
|-heal|p2a: Pecharunt|85/100|[from] item: Leftovers
|-heal|p1a: Garganacl|94/100|[from] item: Leftovers
|-damage|p1a: Garganacl|82/100|[from] Salt Cure
|upkeep
|turn|18
|
|t:|1758967986
|move|p2a: Pecharunt|Protect|p2a: Pecharunt
|-singleturn|p2a: Pecharunt|Protect
|move|p1a: Garganacl|Salt Cure|p2a: Pecharunt
|-activate|p2a: Pecharunt|move: Protect
|
|-heal|p2a: Pecharunt|91/100|[from] item: Leftovers
|-heal|p1a: Garganacl|88/100|[from] item: Leftovers
|-damage|p1a: Garganacl|76/100|[from] Salt Cure
|upkeep
|turn|19
|
|t:|1758968000
|switch|p2a: Dragapult|Dragapult, F|100/100
|move|p1a: Garganacl|Salt Cure|p2a: Dragapult
|-damage|p2a: Dragapult|82/100
|-start|p2a: Dragapult|Salt Cure
|
|-heal|p1a: Garganacl|82/100|[from] item: Leftovers
|-damage|p2a: Dragapult|69/100|[from] Salt Cure
|-damage|p1a: Garganacl|70/100|[from] Salt Cure
|upkeep
|turn|20
|
|t:|1758968008
|-terastallize|p1a: Garganacl|Ghost
|move|p1a: Garganacl|Protect|p1a: Garganacl
|-singleturn|p1a: Garganacl|Protect
|move|p2a: Dragapult|Dragon Darts|p1a: Garganacl
|-activate|p1a: Garganacl|move: Protect
|
|-heal|p1a: Garganacl|76/100|[from] item: Leftovers
|-damage|p2a: Dragapult|57/100|[from] Salt Cure
|-damage|p1a: Garganacl|63/100|[from] Salt Cure
|upkeep
|turn|21
|
|t:|1758968012
|move|p2a: Dragapult|Phantom Force||[still]
|-prepare|p2a: Dragapult|Phantom Force
|move|p1a: Garganacl|Salt Cure|p2a: Dragapult|[miss]
|-miss|p1a: Garganacl|p2a: Dragapult
|
|-heal|p1a: Garganacl|70/100|[from] item: Leftovers
|-damage|p2a: Dragapult|45/100|[from] Salt Cure
|-damage|p1a: Garganacl|57/100|[from] Salt Cure
|upkeep
|turn|22
|
|t:|1758968019
|move|p1a: Garganacl|Protect|p1a: Garganacl
|-singleturn|p1a: Garganacl|Protect
|move|p2a: Dragapult|Phantom Force|p1a: Garganacl|[from] lockedmove
|-activate|p1a: Garganacl|move: Phantom Force|[broken]
|-supereffective|p1a: Garganacl
|-crit|p1a: Garganacl
|-damage|p1a: Garganacl|10/100
|
|-heal|p1a: Garganacl|16/100|[from] item: Leftovers
|-damage|p2a: Dragapult|32/100|[from] Salt Cure
|-damage|p1a: Garganacl|3/100|[from] Salt Cure
|upkeep
|turn|23
|
|t:|1758968027
|move|p2a: Dragapult|Dragon Darts|p1a: Garganacl
|-damage|p1a: Garganacl|0 fnt
|faint|p1a: Garganacl
|
|-damage|p2a: Dragapult|20/100|[from] Salt Cure
|upkeep
|
|t:|1758968030
|switch|p1a: Corviknight|Corviknight, M|40/100
|-damage|p1a: Corviknight|27/100|[from] Stealth Rock
|turn|24
|
|t:|1758968036
|move|p2a: Dragapult|Dragon Darts|p1a: Corviknight
|-resisted|p1a: Corviknight
|-crit|p1a: Corviknight
|-damage|p1a: Corviknight|15/100
|-anim|p2a: Dragapult|Dragon Darts|p1a: Corviknight
|-resisted|p1a: Corviknight
|-damage|p1a: Corviknight|7/100
|move|p1a: Corviknight|Defog|p2a: Dragapult
|-unboost|p2a: Dragapult|evasion|1
|-sideend|p1: Xavier2094|Stealth Rock|[from] move: Defog|[of] p1a: Corviknight
|
|-damage|p2a: Dragapult|8/100|[from] Salt Cure
|upkeep
|turn|25
|
|t:|1758968043
|move|p2a: Dragapult|Dragon Darts|p1a: Corviknight
|-resisted|p1a: Corviknight
|-damage|p1a: Corviknight|0 fnt
|faint|p1a: Corviknight
|
|-damage|p2a: Dragapult|0 fnt|[from] Salt Cure
|faint|p2a: Dragapult
|upkeep
|
|t:|1758968046
|switch|p2a: Garganacl|Garganacl, F|74/100
|switch|p1a: Moltres|Moltres-Galar|100/100
|turn|26
|
|t:|1758968060
|move|p1a: Moltres|Agility|p1a: Moltres
|-boost|p1a: Moltres|spe|2
|move|p2a: Garganacl|Salt Cure|p1a: Moltres
|-supereffective|p1a: Moltres
|-damage|p1a: Moltres|70/100
|-start|p1a: Moltres|Salt Cure
|
|-heal|p2a: Garganacl|80/100|[from] item: Leftovers
|-damage|p1a: Moltres|58/100|[from] Salt Cure
|upkeep
|turn|27
|
|t:|1758968067
|move|p1a: Moltres|Fiery Wrath|p2a: Garganacl
|-damage|p2a: Garganacl|37/100
|move|p2a: Garganacl|Recover|p2a: Garganacl
|-heal|p2a: Garganacl|87/100
|
|-heal|p2a: Garganacl|94/100|[from] item: Leftovers
|-damage|p1a: Moltres|45/100|[from] Salt Cure
|upkeep
|-enditem|p1a: Moltres|Sitrus Berry|[eat]
|-heal|p1a: Moltres|70/100|[from] item: Sitrus Berry
|turn|28
|
|t:|1758968077
|move|p1a: Moltres|Fiery Wrath|p2a: Garganacl
|-damage|p2a: Garganacl|53/100
|move|p2a: Garganacl|Salt Cure|p1a: Moltres
|-supereffective|p1a: Moltres
|-damage|p1a: Moltres|40/100
|-ability|p1a: Moltres|Berserk|boost
|-boost|p1a: Moltres|spa|1
|
|-heal|p2a: Garganacl|59/100|[from] item: Leftovers
|-damage|p1a: Moltres|28/100|[from] Salt Cure
|upkeep
|turn|29
|
|t:|1758968089
|switch|p2a: Araquanid|Araquanid, M|100/100
|move|p1a: Moltres|Fiery Wrath|p2a: Araquanid
|-damage|p2a: Araquanid|50/100
|-enditem|p2a: Araquanid|Red Card|[of] p1a: Moltres
|drag|p1a: Garchomp|Garchomp, F|100/100
|
|upkeep
|turn|30
|
|t:|1758968099
|move|p1a: Garchomp|Swords Dance|p1a: Garchomp
|-boost|p1a: Garchomp|atk|2
|move|p2a: Araquanid|Liquidation|p1a: Garchomp
|-damage|p1a: Garchomp|38/100
|-damage|p2a: Araquanid|37/100|[from] ability: Rough Skin|[of] p1a: Garchomp
|
|upkeep
|turn|31
|
|t:|1758968104
|move|p1a: Garchomp|Earthquake|p2a: Araquanid
|-resisted|p2a: Araquanid
|-damage|p2a: Araquanid|0 fnt
|faint|p2a: Araquanid
|
|upkeep
|
|t:|1758968108
|switch|p2a: Pecharunt|Pecharunt|91/100
|turn|32
|
|t:|1758968116
|move|p2a: Pecharunt|Protect|p2a: Pecharunt
|-singleturn|p2a: Pecharunt|Protect
|move|p1a: Garchomp|Earthquake|p2a: Pecharunt
|-activate|p2a: Pecharunt|move: Protect
|
|-heal|p2a: Pecharunt|97/100|[from] item: Leftovers
|upkeep
|turn|33
|
|t:|1758968122
|-terastallize|p2a: Pecharunt|Flying
|move|p1a: Garchomp|Earthquake|p2a: Pecharunt
|-immune|p2a: Pecharunt
|move|p2a: Pecharunt|Shadow Ball|p1a: Garchomp
|-damage|p1a: Garchomp|0 fnt
|faint|p1a: Garchomp
|
|-heal|p2a: Pecharunt|100/100|[from] item: Leftovers
|upkeep
|-message|Xavier2094 forfeited.
|
|win|oydess222
|raw|Xavier2094's rating: 1181 &rarr; <strong>1159</strong><br />(-22 for losing)
|raw|oydess222's rating: 1221 &rarr; <strong>1243</strong><br />(+22 for winning)
|l|☆Xavier2094
|player|p1|
|l|☆oydess222
|player|p2|
