|j|☆lucasquaque
|j|☆hina uwu
|t:|1758938968
|gametype|singles
|player|p1|lucasquaque|lucas|
|player|p2|hina uwu|dawn|
|gen|9
|tier|[Gen 9] OU
|rule|HP Percentage Mod: HP is shown in percentages
|rule|Endless Battle Clause: Forcing endless battles is banned
|rule|Species Clause: Limit one of each Pokémon
|rule|OHKO Clause: OHKO moves are banned
|rule|Evasion Items Clause: Evasion items are banned
|rule|Evasion Moves Clause: Evasion moves are banned
|rule|Evasion Abilities Clause: Evasion abilities are banned
|rule|Sleep Moves Clause: Sleep-inducing moves are banned
|clearpoke
|poke|p1|Iron Valiant|
|poke|p1|Tornadus-Therian, M|
|poke|p1|Kyurem|
|poke|p1|Gholdengo|
|poke|p1|Great Tusk|
|poke|p1|Garchomp, F|
|poke|p2|Great Tusk|
|poke|p2|Kingambit, M|
|poke|p2|Dragapult, M|
|poke|p2|Iron Valiant|
|poke|p2|Gholdengo|
|poke|p2|Dragonite, F|
|teampreview
|
|t:|1758938979
|teamsize|p1|6
|teamsize|p2|6
|start
|switch|p1a: Tornadus|Tornadus-Therian, M|100/100
|switch|p2a: Dragapult|Dragapult, M|100/100
|turn|1
|
|t:|1758938987
|move|p2a: Dragapult|Draco Meteor|p1a: Tornadus
|-damage|p1a: Tornadus|49/100
|-unboost|p2a: Dragapult|spa|2
|move|p1a: Tornadus|Knock Off|p2a: Dragapult
|-supereffective|p2a: Dragapult
|-damage|p2a: Dragapult|41/100
|-enditem|p2a: Dragapult|Choice Specs|[from] move: Knock Off|[of] p1a: Tornadus
|
|upkeep
|turn|2
|
|t:|1758938994
|move|p2a: Dragapult|U-turn|p1a: Tornadus
|-resisted|p1a: Tornadus
|-damage|p1a: Tornadus|39/100
|
|t:|1758939002
|switch|p2a: Gholdengo|Gholdengo|100/100|[from] U-turn
|-item|p2a: Gholdengo|Air Balloon
|move|p1a: Tornadus|U-turn|p2a: Gholdengo
|-resisted|p2a: Gholdengo
|-damage|p2a: Gholdengo|96/100
|-enditem|p2a: Gholdengo|Air Balloon
|
|t:|1758939011
|switch|p1a: Garchomp|Garchomp, F|100/100|[from] U-turn
|
|upkeep
|turn|3
|
|t:|1758939021
|move|p1a: Garchomp|Stealth Rock|p2a: Gholdengo
|-sidestart|p2: hina uwu|move: Stealth Rock
|move|p2a: Gholdengo|Make It Rain|p1a: Garchomp
|-damage|p1a: Garchomp|37/100
|-unboost|p2a: Gholdengo|spa|1
|
|upkeep
|turn|4
|
|t:|1758939027
|switch|p2a: Dragonite|Dragonite, F|100/100
|move|p1a: Garchomp|Earthquake|p2a: Dragonite
|-immune|p2a: Dragonite
|
|upkeep
|turn|5
|
|t:|1758939034
|move|p1a: Garchomp|Stone Edge|p2a: Dragonite
|-supereffective|p2a: Dragonite
|-damage|p2a: Dragonite|70/100
|move|p2a: Dragonite|Ice Spinner|p1a: Garchomp
|-supereffective|p1a: Garchomp
|-crit|p1a: Garchomp
|-damage|p1a: Garchomp|0 fnt
|-damage|p2a: Dragonite|57/100|[from] ability: Rough Skin|[of] p1a: Garchomp
|-damage|p2a: Dragonite|41/100|[from] item: Rocky Helmet|[of] p1a: Garchomp
|faint|p1a: Garchomp
|
|upkeep
|
|t:|1758939041
|switch|p1a: Great Tusk|Great Tusk|100/100
|turn|6
|
|t:|1758939048
|switch|p2a: Kingambit|Kingambit, M|100/100
|-damage|p2a: Kingambit|94/100|[from] Stealth Rock
|move|p1a: Great Tusk|Ice Spinner|p2a: Kingambit
|-resisted|p2a: Kingambit
|-damage|p2a: Kingambit|84/100
|
|-heal|p2a: Kingambit|91/100|[from] item: Leftovers
|upkeep
|turn|7
|
|t:|1758939059
|move|p1a: Great Tusk|Ice Spinner|p2a: Kingambit
|-resisted|p2a: Kingambit
|-damage|p2a: Kingambit|81/100
|move|p2a: Kingambit|Swords Dance|p2a: Kingambit
|-boost|p2a: Kingambit|atk|2
|
|-heal|p2a: Kingambit|87/100|[from] item: Leftovers
|upkeep
|turn|8
|
|t:|1758939066
|-terastallize|p2a: Kingambit|Flying
|move|p1a: Great Tusk|Headlong Rush|p2a: Kingambit
|-immune|p2a: Kingambit
|move|p2a: Kingambit|Iron Head|p1a: Great Tusk
|-damage|p1a: Great Tusk|34/100
|
|-heal|p2a: Kingambit|93/100|[from] item: Leftovers
|upkeep
|turn|9
|
|t:|1758939076
|move|p1a: Great Tusk|Ice Spinner|p2a: Kingambit
|-supereffective|p2a: Kingambit
|-damage|p2a: Kingambit|60/100
|move|p2a: Kingambit|Swords Dance|p2a: Kingambit
|-boost|p2a: Kingambit|atk|2
|
|-heal|p2a: Kingambit|66/100|[from] item: Leftovers
|upkeep
|turn|10
|
|t:|1758939082
|move|p2a: Kingambit|Sucker Punch|p1a: Great Tusk
|-resisted|p1a: Great Tusk
|-damage|p1a: Great Tusk|0 fnt
|faint|p1a: Great Tusk
|-end|p1a: Great Tusk|Protosynthesis|[silent]
|
|-heal|p2a: Kingambit|72/100|[from] item: Leftovers
|upkeep
|
|t:|1758939089
|switch|p1a: Kyurem|Kyurem|100/100
|-ability|p1a: Kyurem|Pressure
|turn|11
|c|☆lucasquaque|Caralho
|
|t:|1758939098
|move|p2a: Kingambit|Sucker Punch||[still]
|-fail|p2a: Kingambit
|move|p1a: Kyurem|Substitute|p1a: Kyurem
|-start|p1a: Kyurem|Substitute
|-damage|p1a: Kyurem|76/100
|
|-heal|p2a: Kingambit|78/100|[from] item: Leftovers
|upkeep
|turn|12
|c|☆hina uwu|LIXO
|
|t:|1758939106
|move|p1a: Kyurem|Dragon Dance|p1a: Kyurem
|-boost|p1a: Kyurem|atk|1
|-boost|p1a: Kyurem|spe|1
|move|p2a: Kingambit|Iron Head|p1a: Kyurem
|-supereffective|p1a: Kyurem
|-end|p1a: Kyurem|Substitute
|
|-heal|p2a: Kingambit|84/100|[from] item: Leftovers
|upkeep
|turn|13
|
|t:|1758939113
|move|p2a: Kingambit|Sucker Punch|p1a: Kyurem
|-damage|p1a: Kyurem|0 fnt
|faint|p1a: Kyurem
|
|-heal|p2a: Kingambit|91/100|[from] item: Leftovers
|upkeep
|
|t:|1758939115
|switch|p1a: Iron Valiant|Iron Valiant|100/100
|-enditem|p1a: Iron Valiant|Booster Energy
|-activate|p1a: Iron Valiant|ability: Quark Drive|[fromitem]
|-start|p1a: Iron Valiant|quarkdrivespe
|turn|14
|c|☆lucasquaque|Brutal
|
|t:|1758939125
|move|p1a: Iron Valiant|Knock Off|p2a: Kingambit
|-damage|p2a: Kingambit|65/100
|-enditem|p2a: Kingambit|Leftovers|[from] move: Knock Off|[of] p1a: Iron Valiant
|move|p2a: Kingambit|Iron Head|p1a: Iron Valiant
|-supereffective|p1a: Iron Valiant
|-damage|p1a: Iron Valiant|0 fnt
|faint|p1a: Iron Valiant
|-end|p1a: Iron Valiant|Quark Drive|[silent]
|
|upkeep
|
|t:|1758939132
|switch|p1a: Gholdengo|Gholdengo|100/100
|turn|15
|
|t:|1758939139
|-terastallize|p1a: Gholdengo|Water
|move|p1a: Gholdengo|Make It Rain|p2a: Kingambit
|-damage|p2a: Kingambit|10/100
|-unboost|p1a: Gholdengo|spa|1
|move|p2a: Kingambit|Kowtow Cleave|p1a: Gholdengo
|-damage|p1a: Gholdengo|0 fnt
|faint|p1a: Gholdengo
|
|upkeep
|
|t:|1758939143
|switch|p1a: Tornadus|Tornadus-Therian, M|72/100
|turn|16
|
|t:|1758939150
|move|p2a: Kingambit|Sucker Punch|p1a: Tornadus
|-damage|p1a: Tornadus|0 fnt
|faint|p1a: Tornadus
|
|win|hina uwu
|c|☆lucasquaque|Sinistro
|c|☆lucasquaque|Isso aí
