|j|☆jibreel69
|j|☆ennvee98
|t:|1759017945
|gametype|singles
|player|p1|jibreel69|265|1468
|player|p2|ennvee98|266|1439
|gen|9
|tier|[Gen 9] OU
|rated|
|rule|HP Percentage Mod: HP is shown in percentages
|rule|Endless Battle Clause: Forcing endless battles is banned
|rule|Species Clause: Limit one of each Pokémon
|rule|OHKO Clause: OHKO moves are banned
|rule|Evasion Items Clause: Evasion items are banned
|rule|Evasion Moves Clause: Evasion moves are banned
|rule|Evasion Abilities Clause: Evasion abilities are banned
|rule|Sleep Moves Clause: Sleep-inducing moves are banned
|clearpoke
|poke|p1|Kyurem|
|poke|p1|Ting-Lu|
|poke|p1|Corviknight, M|
|poke|p1|Weezing-Galar, M|
|poke|p1|Zamazenta-*|
|poke|p1|Toxapex, M|
|poke|p2|Clefable, M|
|poke|p2|Gliscor, M|
|poke|p2|Slowking-Galar, M|
|poke|p2|Gholdengo|
|poke|p2|Zamazenta-*|
|poke|p2|Samurott-Hisui, F|
|teampreview
|
|t:|1759017955
|teamsize|p1|6
|teamsize|p2|6
|start
|switch|p1a: Kyotaro|Kyurem, shiny|100/100
|switch|p2a: Gholdengo|Gholdengo|100/100
|-ability|p1a: Kyotaro|Pressure
|-item|p2a: Gholdengo|Air Balloon
|turn|1
|
|t:|1759017964
|move|p1a: Kyotaro|Substitute|p1a: Kyotaro
|-start|p1a: Kyotaro|Substitute
|-damage|p1a: Kyotaro|76/100
|move|p2a: Gholdengo|Make It Rain|p1a: Kyotaro
|-supereffective|p1a: Kyotaro
|-end|p1a: Kyotaro|Substitute
|-unboost|p2a: Gholdengo|spa|1
|
|-heal|p1a: Kyotaro|82/100|[from] item: Leftovers
|upkeep
|turn|2
|
|t:|1759017974
|move|p1a: Kyotaro|Protect|p1a: Kyotaro
|-singleturn|p1a: Kyotaro|Protect
|move|p2a: Gholdengo|Make It Rain|p1a: Kyotaro
|-activate|p1a: Kyotaro|move: Protect
|
|-heal|p1a: Kyotaro|88/100|[from] item: Leftovers
|upkeep
|turn|3
|
|t:|1759017982
|move|p1a: Kyotaro|Substitute|p1a: Kyotaro
|-start|p1a: Kyotaro|Substitute
|-damage|p1a: Kyotaro|63/100
|move|p2a: Gholdengo|Shadow Ball|p1a: Kyotaro
|-activate|p1a: Kyotaro|move: Substitute|[damage]
|
|-heal|p1a: Kyotaro|69/100|[from] item: Leftovers
|upkeep
|turn|4
|
|t:|1759017991
|move|p1a: Kyotaro|Freeze-Dry|p2a: Gholdengo
|-resisted|p2a: Gholdengo
|-damage|p2a: Gholdengo|82/100
|-enditem|p2a: Gholdengo|Air Balloon
|move|p2a: Gholdengo|Shadow Ball|p1a: Kyotaro
|-end|p1a: Kyotaro|Substitute
|
|-heal|p1a: Kyotaro|75/100|[from] item: Leftovers
|upkeep
|turn|5
|
|t:|1759018001
|move|p1a: Kyotaro|Protect|p1a: Kyotaro
|-singleturn|p1a: Kyotaro|Protect
|move|p2a: Gholdengo|Nasty Plot|p2a: Gholdengo
|-boost|p2a: Gholdengo|spa|2
|
|-heal|p1a: Kyotaro|81/100|[from] item: Leftovers
|upkeep
|turn|6
|
|t:|1759018009
|move|p1a: Kyotaro|Substitute|p1a: Kyotaro
|-start|p1a: Kyotaro|Substitute
|-damage|p1a: Kyotaro|57/100
|move|p2a: Gholdengo|Nasty Plot|p2a: Gholdengo
|-boost|p2a: Gholdengo|spa|2
|
|-heal|p1a: Kyotaro|63/100|[from] item: Leftovers
|upkeep
|turn|7
|
|t:|1759018018
|move|p1a: Kyotaro|Earth Power|p2a: Gholdengo
|-supereffective|p2a: Gholdengo
|-damage|p2a: Gholdengo|19/100
|-unboost|p2a: Gholdengo|spd|1
|move|p2a: Gholdengo|Shadow Ball|p1a: Kyotaro
|-end|p1a: Kyotaro|Substitute
|
|-heal|p1a: Kyotaro|69/100|[from] item: Leftovers
|upkeep
|turn|8
|
|t:|1759018030
|switch|p2a: Gliscor|Gliscor, M|100/100
|move|p1a: Kyotaro|Earth Power|p2a: Gliscor
|-immune|p2a: Gliscor
|
|-heal|p1a: Kyotaro|75/100|[from] item: Leftovers
|-status|p2a: Gliscor|tox|[from] item: Toxic Orb
|upkeep
|turn|9
|l|☆ennvee98
|player|p2|
|inactive|Battle timer is ON: inactive players will automatically lose when time's up. (requested by jibreel69)
|inactive|ennvee98 has 30 seconds to reconnect!
|j|☆ennvee98
|inactive|ennvee98 reconnected and has 115 seconds left.
|player|p2|ennvee98|266|
|
|t:|1759018090
|-terastallize|p2a: Gliscor|Normal
|move|p1a: Kyotaro|Protect|p1a: Kyotaro
|-singleturn|p1a: Kyotaro|Protect
|move|p2a: Gliscor|Swords Dance|p2a: Gliscor
|-boost|p2a: Gliscor|atk|2
|
|-heal|p1a: Kyotaro|81/100|[from] item: Leftovers
|upkeep
|turn|10
|
|t:|1759018101
|switch|p1a: Yami|Corviknight, M, shiny|100/100
|-ability|p1a: Yami|Pressure
|move|p2a: Gliscor|Swords Dance|p2a: Gliscor
|-boost|p2a: Gliscor|atk|2
|
|upkeep
|turn|11
|
|t:|1759018108
|move|p2a: Gliscor|Knock Off|p1a: Yami
|-damage|p1a: Yami|63/100
|-damage|p2a: Gliscor|84/100 tox|[from] item: Rocky Helmet|[of] p1a: Yami
|-enditem|p1a: Yami|Rocky Helmet|[from] move: Knock Off|[of] p2a: Gliscor
|move|p1a: Yami|Iron Defense|p1a: Yami
|-boost|p1a: Yami|def|2
|
|-heal|p2a: Gliscor|97/100 tox|[from] ability: Poison Heal
|upkeep
|turn|12
|
|t:|1759018118
|move|p2a: Gliscor|Facade|p1a: Yami
|-resisted|p1a: Yami
|-damage|p1a: Yami|41/100
|move|p1a: Yami|Roost|p1a: Yami
|-heal|p1a: Yami|91/100
|-singleturn|p1a: Yami|move: Roost
|
|-heal|p2a: Gliscor|100/100 tox|[from] ability: Poison Heal
|upkeep
|turn|13
|
|t:|1759018129
|switch|p2a: Zamazenta|Zamazenta|100/100
|-ability|p2a: Zamazenta|Dauntless Shield|boost
|-boost|p2a: Zamazenta|def|1
|move|p1a: Yami|Iron Defense|p1a: Yami
|-boost|p1a: Yami|def|2
|
|upkeep
|turn|14
|
|t:|1759018142
|move|p1a: Yami|Brave Bird|p2a: Zamazenta
|-supereffective|p2a: Zamazenta
|-damage|p2a: Zamazenta|64/100
|-damage|p1a: Yami|79/100|[from] Recoil
|move|p2a: Zamazenta|Roar|p1a: Yami
|drag|p1a: Serpentine|Toxapex, M, shiny|100/100
|
|-heal|p2a: Zamazenta|71/100|[from] item: Leftovers
|upkeep
|turn|15
|
|t:|1759018157
|switch|p2a: Gholdengo|Gholdengo|19/100
|move|p1a: Serpentine|Acid Spray|p2a: Gholdengo
|-immune|p2a: Gholdengo
|
|upkeep
|turn|16
|
|t:|1759018163
|move|p2a: Gholdengo|Recover|p2a: Gholdengo
|-heal|p2a: Gholdengo|69/100
|move|p1a: Serpentine|Surf|p2a: Gholdengo
|-damage|p2a: Gholdengo|42/100
|
|upkeep
|turn|17
|
|t:|1759018171
|switch|p1a: Trojan|Zamazenta, shiny|100/100
|-ability|p1a: Trojan|Dauntless Shield|boost
|-boost|p1a: Trojan|def|1
|move|p2a: Gholdengo|Recover|p2a: Gholdengo
|-heal|p2a: Gholdengo|92/100
|
|upkeep
|turn|18
|
|t:|1759018181
|move|p1a: Trojan|Heavy Slam|p2a: Gholdengo
|-resisted|p2a: Gholdengo
|-damage|p2a: Gholdengo|72/100
|move|p2a: Gholdengo|Nasty Plot|p2a: Gholdengo
|-boost|p2a: Gholdengo|spa|2
|
|upkeep
|turn|19
|
|t:|1759018192
|switch|p1a: Serpentine|Toxapex, M, shiny|100/100
|move|p2a: Gholdengo|Shadow Ball|p1a: Serpentine
|-damage|p1a: Serpentine|62/100
|
|upkeep
|turn|20
|
|t:|1759018201
|switch|p1a: Trojan|Zamazenta, shiny|100/100
|move|p2a: Gholdengo|Shadow Ball|p1a: Trojan
|-damage|p1a: Trojan|34/100
|
|upkeep
|turn|21
|
|t:|1759018207
|move|p1a: Trojan|Crunch|p2a: Gholdengo
|-supereffective|p2a: Gholdengo
|-damage|p2a: Gholdengo|20/100
|move|p2a: Gholdengo|Shadow Ball|p1a: Trojan
|-damage|p1a: Trojan|0 fnt
|faint|p1a: Trojan
|
|upkeep
|
|t:|1759018214
|switch|p1a: Kyotaro|Kyurem, shiny|81/100
|-ability|p1a: Kyotaro|Pressure
|turn|22
|
|t:|1759018223
|switch|p2a: Slowking|Slowking-Galar, M|100/100
|move|p1a: Kyotaro|Earth Power|p2a: Slowking
|-supereffective|p2a: Slowking
|-damage|p2a: Slowking|65/100
|
|-heal|p1a: Kyotaro|87/100|[from] item: Leftovers
|upkeep
|turn|23
|l|☆ennvee98
|inactive|ennvee98 disconnected and has a minute to reconnect!
|player|p2|
|j|☆ennvee98
|inactive|ennvee98 reconnected and has 130 seconds left.
|player|p2|ennvee98|266|
|
|t:|1759018253
|move|p1a: Kyotaro|Substitute|p1a: Kyotaro
|-start|p1a: Kyotaro|Substitute
|-damage|p1a: Kyotaro|62/100
|-prepare|p2a: Slowking|Chilly Reception|[premajor]
|move|p2a: Slowking|Chilly Reception|p2a: Slowking
|-weather|Snowscape
|inactive|ennvee98 has 120 seconds left.
|
|t:|1759018266
|switch|p2a: Gliscor|Gliscor, M, tera:Normal|100/100 tox|[from] Chilly Reception
|
|-weather|Snowscape|[upkeep]
|-heal|p1a: Kyotaro|69/100|[from] item: Leftovers
|upkeep
|turn|24
|
|t:|1759018274
|switch|p1a: Yami|Corviknight, M, shiny|79/100
|-ability|p1a: Yami|Pressure
|move|p2a: Gliscor|Swords Dance|p2a: Gliscor
|-boost|p2a: Gliscor|atk|2
|
|-weather|Snowscape|[upkeep]
|upkeep
|turn|25
|
|t:|1759018284
|switch|p2a: Gholdengo|Gholdengo|20/100
|move|p1a: Yami|Iron Defense|p1a: Yami
|-boost|p1a: Yami|def|2
|
|-weather|Snowscape|[upkeep]
|upkeep
|turn|26
|
|t:|1759018293
|move|p2a: Gholdengo|Recover|p2a: Gholdengo
|-heal|p2a: Gholdengo|70/100
|move|p1a: Yami|U-turn|p2a: Gholdengo
|-resisted|p2a: Gholdengo
|-damage|p2a: Gholdengo|68/100
|
|t:|1759018303
|switch|p1a: Goliath|Ting-Lu|100/100|[from] U-turn
|-ability|p1a: Goliath|Vessel of Ruin
|
|-weather|Snowscape|[upkeep]
|upkeep
|turn|27
|
|t:|1759018311
|switch|p2a: Clefable|Clefable, M|100/100
|move|p1a: Goliath|Earthquake|p2a: Clefable
|-damage|p2a: Clefable|70/100
|
|-weather|none
|upkeep
|turn|28
|
|t:|1759018319
|move|p2a: Clefable|Stealth Rock|p1a: Goliath
|-sidestart|p1: jibreel69|move: Stealth Rock
|move|p1a: Goliath|Stealth Rock|p2a: Clefable
|-sidestart|p2: ennvee98|move: Stealth Rock
|
|upkeep
|turn|29
|
|t:|1759018323
|move|p2a: Clefable|Moonblast|p1a: Goliath
|-supereffective|p1a: Goliath
|-damage|p1a: Goliath|73/100
|move|p1a: Goliath|Ruination|p2a: Clefable
|-damage|p2a: Clefable|35/100
|
|-heal|p1a: Goliath|79/100|[from] item: Leftovers
|upkeep
|turn|30
|
|t:|1759018337
|switch|p1a: Serpentine|Toxapex, M, shiny|95/100
|-damage|p1a: Serpentine|83/100|[from] Stealth Rock
|move|p2a: Clefable|Moonlight|p2a: Clefable
|-heal|p2a: Clefable|85/100
|
|upkeep
|turn|31
|
|t:|1759018349
|switch|p2a: Gliscor|Gliscor, M, tera:Normal|100/100 tox
|-damage|p2a: Gliscor|88/100 tox|[from] Stealth Rock
|switch|p1a: Goliath|Ting-Lu|79/100
|-damage|p1a: Goliath|73/100|[from] Stealth Rock
|-ability|p1a: Goliath|Vessel of Ruin
|
|-heal|p1a: Goliath|79/100|[from] item: Leftovers
|-heal|p2a: Gliscor|100/100 tox|[from] ability: Poison Heal
|upkeep
|turn|32
|
|t:|1759018361
|switch|p1a: Yami|Corviknight, M, shiny|79/100
|-damage|p1a: Yami|67/100|[from] Stealth Rock
|-ability|p1a: Yami|Pressure
|move|p2a: Gliscor|Swords Dance|p2a: Gliscor
|-boost|p2a: Gliscor|atk|2
|
|upkeep
|turn|33
|
|t:|1759018371
|switch|p2a: Gholdengo|Gholdengo|68/100
|-damage|p2a: Gholdengo|62/100|[from] Stealth Rock
|move|p1a: Yami|Iron Defense|p1a: Yami
|-boost|p1a: Yami|def|2
|
|upkeep
|turn|34
|
|t:|1759018379
|move|p2a: Gholdengo|Recover|p2a: Gholdengo
|-heal|p2a: Gholdengo|100/100
|move|p1a: Yami|U-turn|p2a: Gholdengo
|-resisted|p2a: Gholdengo
|-damage|p2a: Gholdengo|98/100
|
|t:|1759018382
|switch|p1a: Goliath|Ting-Lu|79/100|[from] U-turn
|-damage|p1a: Goliath|73/100|[from] Stealth Rock
|-ability|p1a: Goliath|Vessel of Ruin
|
|-heal|p1a: Goliath|79/100|[from] item: Leftovers
|upkeep
|turn|35
|
|t:|1759018404
|move|p2a: Gholdengo|Make It Rain|p1a: Goliath
|-damage|p1a: Goliath|58/100
|-unboost|p2a: Gholdengo|spa|1
|move|p1a: Goliath|Earthquake|p2a: Gholdengo
|-supereffective|p2a: Gholdengo
|-crit|p2a: Gholdengo
|-damage|p2a: Gholdengo|13/100
|
|-heal|p1a: Goliath|64/100|[from] item: Leftovers
|upkeep
|turn|36
|
|t:|1759018417
|switch|p2a: Clefable|Clefable, M|85/100
|move|p1a: Goliath|Earthquake|p2a: Clefable
|-damage|p2a: Clefable|56/100
|
|-heal|p1a: Goliath|70/100|[from] item: Leftovers
|upkeep
|turn|37
|
|t:|1759018434
|switch|p1a: Serpentine|Toxapex, M, shiny|100/100
|-damage|p1a: Serpentine|88/100|[from] Stealth Rock
|move|p2a: Clefable|Moonlight|p2a: Clefable
|-heal|p2a: Clefable|100/100
|
|upkeep
|turn|38
|
|t:|1759018444
|switch|p2a: Slowking|Slowking-Galar, M|98/100
|move|p1a: Serpentine|Surf|p2a: Slowking
|-damage|p2a: Slowking|81/100
|
|upkeep
|turn|39
|
|t:|1759018450
|switch|p1a: Goliath|Ting-Lu|70/100
|-damage|p1a: Goliath|64/100|[from] Stealth Rock
|-ability|p1a: Goliath|Vessel of Ruin
|-prepare|p2a: Slowking|Chilly Reception|[premajor]
|move|p2a: Slowking|Chilly Reception|p2a: Slowking
|-weather|Snowscape
|
|t:|1759018458
|switch|p2a: Samurott|Samurott-Hisui, F|100/100|[from] Chilly Reception
|-damage|p2a: Samurott|88/100|[from] Stealth Rock
|
|-weather|Snowscape|[upkeep]
|-heal|p1a: Goliath|70/100|[from] item: Leftovers
|upkeep
|turn|40
|
|t:|1759018469
|switch|p1a: Sentinel|Weezing-Galar, M, shiny|100/100
|-ability|p1a: Sentinel|Neutralizing Gas
|move|p2a: Samurott|Ceaseless Edge|p1a: Sentinel
|-resisted|p1a: Sentinel
|-crit|p1a: Sentinel
|-damage|p1a: Sentinel|84/100
|-sidestart|p1: jibreel69|Spikes
|
|-weather|Snowscape|[upkeep]
|upkeep
|turn|41
|
|t:|1759018480
|switch|p2a: Slowking|Slowking-Galar, M|100/100
|move|p1a: Sentinel|Strange Steam|p2a: Slowking
|-resisted|p2a: Slowking
|-damage|p2a: Slowking|93/100
|
|-weather|Snowscape|[upkeep]
|upkeep
|turn|42
|
|t:|1759018488
|move|p1a: Sentinel|Defog|p2a: Slowking
|-unboost|p2a: Slowking|evasion|1
|-sideend|p2: ennvee98|Stealth Rock|[from] move: Defog|[of] p1a: Sentinel
|-sideend|p1: jibreel69|Spikes|[from] move: Defog|[of] p1a: Sentinel
|-sideend|p1: jibreel69|Stealth Rock|[from] move: Defog|[of] p1a: Sentinel
|move|p2a: Slowking|Future Sight|p1a: Sentinel
|-start|p2a: Slowking|move: Future Sight
|
|-weather|Snowscape|[upkeep]
|upkeep
|turn|43
|
|t:|1759018497
|-end|p1a: Sentinel|ability: Neutralizing Gas
|switch|p1a: Goliath|Ting-Lu|70/100
|-ability|p1a: Goliath|Vessel of Ruin
|move|p2a: Slowking|Ice Beam|p1a: Goliath
|-supereffective|p1a: Goliath
|-damage|p1a: Goliath|52/100
|
|-weather|none
|-heal|p1a: Goliath|59/100|[from] item: Leftovers
|upkeep
|turn|44
|
|t:|1759018514
|switch|p2a: Gliscor|Gliscor, M, tera:Normal|100/100 tox
|move|p1a: Goliath|Earthquake|p2a: Gliscor
|-damage|p2a: Gliscor|72/100 tox
|
|-end|p1a: Goliath|move: Future Sight
|-immune|p1a: Goliath
|-heal|p1a: Goliath|65/100|[from] item: Leftovers
|-heal|p2a: Gliscor|84/100 tox|[from] ability: Poison Heal
|upkeep
|turn|45
|
|t:|1759018526
|switch|p1a: Yami|Corviknight, M, shiny|67/100
|-ability|p1a: Yami|Pressure
|move|p2a: Gliscor|Knock Off|p1a: Yami
|-damage|p1a: Yami|58/100
|
|-heal|p2a: Gliscor|97/100 tox|[from] ability: Poison Heal
|upkeep
|turn|46
|inactive|ennvee98 has 120 seconds left.
|l|☆ennvee98
|inactive|ennvee98 disconnected and has a minute to reconnect!
|player|p2|
|j|☆ennvee98
|inactive|ennvee98 reconnected and has 105 seconds left.
|player|p2|ennvee98|266|
|
|t:|1759018571
|switch|p2a: Slowking|Slowking-Galar, M|100/100
|move|p1a: Yami|U-turn|p2a: Slowking
|-damage|p2a: Slowking|86/100
|
|t:|1759018576
|switch|p1a: Goliath|Ting-Lu|65/100|[from] U-turn
|-ability|p1a: Goliath|Vessel of Ruin
|
|-heal|p1a: Goliath|71/100|[from] item: Leftovers
|upkeep
|turn|47
|
|t:|1759018584
|switch|p2a: Gliscor|Gliscor, M, tera:Normal|97/100 tox
|move|p1a: Goliath|Earthquake|p2a: Gliscor
|-damage|p2a: Gliscor|66/100 tox
|
|-heal|p1a: Goliath|77/100|[from] item: Leftovers
|-heal|p2a: Gliscor|78/100 tox|[from] ability: Poison Heal
|upkeep
|turn|48
|inactive|ennvee98 has 120 seconds left.
|
|t:|1759018593
|move|p2a: Gliscor|Facade|p1a: Goliath
|-damage|p1a: Goliath|53/100
|move|p1a: Goliath|Stealth Rock|p2a: Gliscor
|-sidestart|p2: ennvee98|move: Stealth Rock
|
|-heal|p1a: Goliath|59/100|[from] item: Leftovers
|-heal|p2a: Gliscor|91/100 tox|[from] ability: Poison Heal
|upkeep
|turn|49
|
|t:|1759018602
|switch|p1a: Yami|Corviknight, M, shiny|58/100
|-ability|p1a: Yami|Pressure
|move|p2a: Gliscor|Facade|p1a: Yami
|-resisted|p1a: Yami
|-damage|p1a: Yami|46/100
|
|-heal|p2a: Gliscor|100/100 tox|[from] ability: Poison Heal
|upkeep
|turn|50
|
|t:|1759018614
|switch|p2a: Slowking|Slowking-Galar, M|100/100
|move|p1a: Yami|U-turn|p2a: Slowking
|-damage|p2a: Slowking|86/100
|
|t:|1759018623
|switch|p1a: Goliath|Ting-Lu|59/100|[from] U-turn
|-ability|p1a: Goliath|Vessel of Ruin
|
|-heal|p1a: Goliath|65/100|[from] item: Leftovers
|upkeep
|turn|51
|
|t:|1759018634
|move|p1a: Goliath|Ruination|p2a: Slowking
|-damage|p2a: Slowking|43/100
|-prepare|p2a: Slowking|Chilly Reception|[premajor]
|move|p2a: Slowking|Chilly Reception|p2a: Slowking
|-weather|Snowscape
|
|t:|1759018640
|switch|p2a: Samurott|Samurott-Hisui, F|88/100|[from] Chilly Reception
|-damage|p2a: Samurott|76/100|[from] Stealth Rock
|
|-weather|Snowscape|[upkeep]
|-heal|p1a: Goliath|71/100|[from] item: Leftovers
|upkeep
|turn|52
|
|t:|1759018662
|switch|p1a: Serpentine|Toxapex, M, shiny|100/100
|move|p2a: Samurott|Ceaseless Edge|p1a: Serpentine
|-damage|p1a: Serpentine|63/100
|-sidestart|p1: jibreel69|Spikes
|
|-weather|Snowscape|[upkeep]
|upkeep
|turn|53
|
|t:|1759018671
|switch|p2a: Clefable|Clefable, M|100/100
|move|p1a: Serpentine|Surf|p2a: Clefable
|-damage|p2a: Clefable|72/100
|
|-weather|Snowscape|[upkeep]
|upkeep
|turn|54
|
|t:|1759018685
|switch|p1a: Yami|Corviknight, M, shiny|46/100
|-ability|p1a: Yami|Pressure
|move|p2a: Clefable|Stealth Rock|p1a: Yami
|-sidestart|p1: jibreel69|move: Stealth Rock
|
|-weather|Snowscape|[upkeep]
|upkeep
|turn|55
|
|t:|1759018695
|switch|p2a: Slowking|Slowking-Galar, M|77/100
|move|p1a: Yami|Roost|p1a: Yami
|-heal|p1a: Yami|96/100
|-singleturn|p1a: Yami|move: Roost
|
|-weather|none
|upkeep
|turn|56
|
|t:|1759018715
|move|p1a: Yami|U-turn|p2a: Slowking
|-damage|p2a: Slowking|61/100
|
|t:|1759018718
|switch|p1a: Sentinel|Weezing-Galar, M, shiny|84/100|[from] U-turn
|-ability|p1a: Sentinel|Neutralizing Gas
|-prepare|p2a: Slowking|Chilly Reception|[premajor]
|move|p2a: Slowking|Chilly Reception|p2a: Slowking
|-weather|Snowscape
|
|t:|1759018726
|switch|p2a: Gholdengo|Gholdengo|13/100|[from] Chilly Reception
|-damage|p2a: Gholdengo|7/100|[from] Stealth Rock
|
|-weather|Snowscape|[upkeep]
|upkeep
|turn|57
|
|t:|1759018745
|move|p2a: Gholdengo|Recover|p2a: Gholdengo
|-heal|p2a: Gholdengo|57/100
|move|p1a: Sentinel|Will-O-Wisp|p2a: Gholdengo
|-status|p2a: Gholdengo|brn
|
|-weather|Snowscape|[upkeep]
|-damage|p2a: Gholdengo|51/100 brn|[from] brn
|upkeep
|turn|58
|
|t:|1759018760
|-end|p1a: Sentinel|ability: Neutralizing Gas
|switch|p1a: Goliath|Ting-Lu|71/100
|-damage|p1a: Goliath|59/100|[from] Spikes
|-damage|p1a: Goliath|53/100|[from] Stealth Rock
|-ability|p1a: Goliath|Vessel of Ruin
|move|p2a: Gholdengo|Recover|p2a: Gholdengo
|-heal|p2a: Gholdengo|100/100 brn
|
|-weather|Snowscape|[upkeep]
|-heal|p1a: Goliath|59/100|[from] item: Leftovers
|-damage|p2a: Gholdengo|94/100 brn|[from] brn
|upkeep
|turn|59
|
|t:|1759018775
|switch|p2a: Gliscor|Gliscor, M, tera:Normal|100/100 tox
|-damage|p2a: Gliscor|88/100 tox|[from] Stealth Rock
|move|p1a: Goliath|Rest|p1a: Goliath
|-status|p1a: Goliath|slp|[from] move: Rest
|-heal|p1a: Goliath|100/100 slp|[silent]
|
|-weather|Snowscape|[upkeep]
|-heal|p2a: Gliscor|100/100 tox|[from] ability: Poison Heal
|upkeep
|turn|60
|
|t:|1759018800
|switch|p2a: Samurott|Samurott-Hisui, F|76/100
|-damage|p2a: Samurott|63/100|[from] Stealth Rock
|cant|p1a: Goliath|slp
|
|-weather|none
|upkeep
|turn|61
|inactive|jibreel69 has 120 seconds left.
|
|t:|1759018819
|move|p2a: Samurott|Ceaseless Edge|p1a: Goliath
|-resisted|p1a: Goliath
|-damage|p1a: Goliath|88/100 slp
|-sidestart|p1: jibreel69|Spikes
|cant|p1a: Goliath|slp
|
|-heal|p1a: Goliath|94/100 slp|[from] item: Leftovers
|upkeep
|turn|62
|inactive|jibreel69 has 120 seconds left.
|
|t:|1759018831
|move|p2a: Samurott|Knock Off|p1a: Goliath
|-resisted|p1a: Goliath
|-damage|p1a: Goliath|82/100 slp
|-enditem|p1a: Goliath|Leftovers|[from] move: Knock Off|[of] p2a: Samurott
|-curestatus|p1a: Goliath|slp|[msg]
|move|p1a: Goliath|Earthquake|p2a: Samurott
|-damage|p2a: Samurott|17/100
|
|upkeep
|turn|63
|inactive|jibreel69 has 120 seconds left.
|
|t:|1759018842
|move|p2a: Samurott|Razor Shell|p1a: Goliath
|-supereffective|p1a: Goliath
|-damage|p1a: Goliath|23/100
|-unboost|p1a: Goliath|def|1
|move|p1a: Goliath|Ruination|p2a: Samurott
|-damage|p2a: Samurott|9/100
|
|upkeep
|turn|64
|
|t:|1759018851
|move|p2a: Samurott|Ceaseless Edge|p1a: Goliath
|-resisted|p1a: Goliath
|-damage|p1a: Goliath|3/100
|-sidestart|p1: jibreel69|Spikes
|move|p1a: Goliath|Earthquake|p2a: Samurott
|-damage|p2a: Samurott|0 fnt
|faint|p2a: Samurott
|
|upkeep
|
|t:|1759018861
|switch|p2a: Gholdengo|Gholdengo|94/100 brn
|-damage|p2a: Gholdengo|88/100 brn|[from] Stealth Rock
|turn|65
|
|t:|1759018875
|move|p2a: Gholdengo|Shadow Ball|p1a: Goliath
|-resisted|p1a: Goliath
|-damage|p1a: Goliath|0 fnt
|faint|p1a: Goliath
|
|-damage|p2a: Gholdengo|82/100 brn|[from] brn
|upkeep
|
|t:|1759018882
|switch|p1a: Kyotaro|Kyurem, shiny|69/100
|-damage|p1a: Kyotaro|44/100|[from] Spikes
|-damage|p1a: Kyotaro|19/100|[from] Stealth Rock
|-ability|p1a: Kyotaro|Pressure
|turn|66
|
|t:|1759018890
|move|p1a: Kyotaro|Protect|p1a: Kyotaro
|-singleturn|p1a: Kyotaro|Protect
|move|p2a: Gholdengo|Make It Rain|p1a: Kyotaro
|-activate|p1a: Kyotaro|move: Protect
|
|-heal|p1a: Kyotaro|25/100|[from] item: Leftovers
|-damage|p2a: Gholdengo|76/100 brn|[from] brn
|upkeep
|turn|67
|
|t:|1759018900
|-terastallize|p1a: Kyotaro|Ground
|move|p1a: Kyotaro|Earth Power|p2a: Gholdengo
|-supereffective|p2a: Gholdengo
|-damage|p2a: Gholdengo|0 fnt
|faint|p2a: Gholdengo
|
|-heal|p1a: Kyotaro|31/100|[from] item: Leftovers
|upkeep
|
|t:|1759018909
|switch|p2a: Gliscor|Gliscor, M, tera:Normal|100/100 tox
|-damage|p2a: Gliscor|88/100 tox|[from] Stealth Rock
|turn|68
|
|t:|1759018921
|switch|p1a: Yami|Corviknight, M, shiny|96/100
|-damage|p1a: Yami|83/100|[from] Stealth Rock
|-ability|p1a: Yami|Pressure
|move|p2a: Gliscor|Knock Off|p1a: Yami
|-damage|p1a: Yami|75/100
|
|-heal|p2a: Gliscor|100/100 tox|[from] ability: Poison Heal
|upkeep
|turn|69
|
|t:|1759018936
|switch|p2a: Slowking|Slowking-Galar, M|61/100
|move|p1a: Yami|Iron Defense|p1a: Yami
|-boost|p1a: Yami|def|2
|
|upkeep
|turn|70
|
|t:|1759018942
|move|p1a: Yami|Brave Bird|p2a: Slowking
|-damage|p2a: Slowking|26/100
|-damage|p1a: Yami|63/100|[from] Recoil
|move|p2a: Slowking|Ice Beam|p1a: Yami
|-damage|p1a: Yami|43/100
|
|upkeep
|turn|71
|
|t:|1759018953
|move|p1a: Yami|Brave Bird|p2a: Slowking
|-damage|p2a: Slowking|0 fnt
|faint|p2a: Slowking
|-damage|p1a: Yami|34/100|[from] Recoil
|
|upkeep
|
|t:|1759018965
|switch|p2a: Gliscor|Gliscor, M, tera:Normal|100/100 tox
|-damage|p2a: Gliscor|88/100 tox|[from] Stealth Rock
|turn|72
|
|t:|1759018969
|move|p2a: Gliscor|Swords Dance|p2a: Gliscor
|-boost|p2a: Gliscor|atk|2
|move|p1a: Yami|Roost|p1a: Yami
|-heal|p1a: Yami|84/100
|-singleturn|p1a: Yami|move: Roost
|
|-heal|p2a: Gliscor|100/100 tox|[from] ability: Poison Heal
|upkeep
|turn|73
|
|t:|1759018979
|move|p2a: Gliscor|Swords Dance|p2a: Gliscor
|-boost|p2a: Gliscor|atk|2
|move|p1a: Yami|Iron Defense|p1a: Yami
|-boost|p1a: Yami|def|2
|
|upkeep
|turn|74
|
|t:|1759018984
|move|p2a: Gliscor|Swords Dance|p2a: Gliscor
|-boost|p2a: Gliscor|atk|2
|move|p1a: Yami|Iron Defense|p1a: Yami
|-boost|p1a: Yami|def|2
|
|upkeep
|turn|75
|
|t:|1759018991
|move|p2a: Gliscor|Knock Off|p1a: Yami
|-damage|p1a: Yami|75/100
|move|p1a: Yami|Brave Bird|p2a: Gliscor
|-damage|p2a: Gliscor|74/100 tox
|-damage|p1a: Yami|67/100|[from] Recoil
|
|-heal|p2a: Gliscor|87/100 tox|[from] ability: Poison Heal
|upkeep
|turn|76
|
|t:|1759019000
|move|p2a: Gliscor|Facade|p1a: Yami
|-resisted|p1a: Yami
|-damage|p1a: Yami|54/100
|move|p1a: Yami|Iron Defense|p1a: Yami
|-boost|p1a: Yami|def|0
|
|-heal|p2a: Gliscor|99/100 tox|[from] ability: Poison Heal
|upkeep
|turn|77
|
|t:|1759019009
|move|p2a: Gliscor|Facade|p1a: Yami
|-resisted|p1a: Yami
|-damage|p1a: Yami|40/100
|move|p1a: Yami|Roost|p1a: Yami
|-heal|p1a: Yami|90/100
|-singleturn|p1a: Yami|move: Roost
|
|-heal|p2a: Gliscor|100/100 tox|[from] ability: Poison Heal
|upkeep
|turn|78
|
|t:|1759019022
|move|p2a: Gliscor|Facade|p1a: Yami
|-resisted|p1a: Yami
|-damage|p1a: Yami|77/100
|move|p1a: Yami|Iron Defense|p1a: Yami
|-boost|p1a: Yami|def|0
|
|upkeep
|turn|79
|
|t:|1759019030
|move|p2a: Gliscor|Knock Off|p1a: Yami
|-damage|p1a: Yami|69/100
|move|p1a: Yami|Brave Bird|p2a: Gliscor
|-damage|p2a: Gliscor|72/100 tox
|-damage|p1a: Yami|60/100|[from] Recoil
|
|-heal|p2a: Gliscor|84/100 tox|[from] ability: Poison Heal
|upkeep
|turn|80
|
|t:|1759019053
|move|p2a: Gliscor|Protect|p2a: Gliscor
|-singleturn|p2a: Gliscor|Protect
|move|p1a: Yami|Brave Bird|p2a: Gliscor
|-activate|p2a: Gliscor|move: Protect
|
|-heal|p2a: Gliscor|97/100 tox|[from] ability: Poison Heal
|upkeep
|turn|81
|inactive|jibreel69 has 120 seconds left.
|inactive|ennvee98 has 120 seconds left.
|
|t:|1759019093
|move|p2a: Gliscor|Swords Dance|p2a: Gliscor
|-boost|p2a: Gliscor|atk|0
|move|p1a: Yami|Iron Defense|p1a: Yami
|-boost|p1a: Yami|def|0
|
|-heal|p2a: Gliscor|100/100 tox|[from] ability: Poison Heal
|upkeep
|turn|82
|inactive|ennvee98 has 120 seconds left.
|-message|ennvee98 forfeited.
|
|win|jibreel69
|raw|jibreel69's rating: 1468 &rarr; <strong>1486</strong><br />(+18 for winning)
|raw|ennvee98's rating: 1439 &rarr; <strong>1421</strong><br />(-18 for losing)
|l|☆ennvee98
|player|p2|
