|j|☆Lolgasm
|j|☆cowboykale
|t:|1758953213
|gametype|singles
|player|p1|Lolgasm|101|1371
|player|p2|cowboykale|170|1393
|gen|9
|tier|[Gen 9] OU
|rated|
|rule|HP Percentage Mod: HP is shown in percentages
|rule|Endless Battle Clause: Forcing endless battles is banned
|rule|Species Clause: Limit one of each Pokémon
|rule|OHKO Clause: OHKO moves are banned
|rule|Evasion Items Clause: Evasion items are banned
|rule|Evasion Moves Clause: Evasion moves are banned
|rule|Evasion Abilities Clause: Evasion abilities are banned
|rule|Sleep Moves Clause: Sleep-inducing moves are banned
|clearpoke
|poke|p1|Ninetales, M|
|poke|p1|Walking Wake|
|poke|p1|Hatterene, F|
|poke|p1|Great Tusk|
|poke|p1|Comfey, F|
|poke|p1|Ceruledge, F|
|poke|p2|Raging Bolt|
|poke|p2|Skeledirge, F|
|poke|p2|Lokix, M|
|poke|p2|Okidogi, M|
|poke|p2|Keldeo-Resolute|
|poke|p2|Ribombee, M|
|teampreview
|inactive|Battle timer is ON: inactive players will automatically lose when time's up. (requested by Lolgasm)
|
|t:|1758953228
|teamsize|p1|6
|teamsize|p2|6
|start
|switch|p1a: Daydream|Ninetales, M, shiny|100/100
|switch|p2a: Ribombee|Ribombee, M|100/100
|-weather|SunnyDay|[from] ability: Drought|[of] p1a: Daydream
|turn|1
|
|t:|1758953235
|switch|p2a: Okidogi|Okidogi, M|100/100
|switch|p1a: Duko|Hatterene, F, shiny|100/100
|
|-weather|SunnyDay|[upkeep]
|upkeep
|turn|2
|
|t:|1758953244
|switch|p1a: Glass Shadows|Ceruledge, F, shiny|100/100
|-terastallize|p2a: Okidogi|Water
|move|p2a: Okidogi|Gunk Shot|p1a: Glass Shadows|[miss]
|-miss|p2a: Okidogi|p1a: Glass Shadows
|
|-weather|SunnyDay|[upkeep]
|upkeep
|turn|3
|
|t:|1758953262
|move|p1a: Glass Shadows|Solar Blade||[still]
|-prepare|p1a: Glass Shadows|Solar Blade
|-anim|p1a: Glass Shadows|Solar Blade|p2a: Okidogi
|-supereffective|p2a: Okidogi
|-damage|p2a: Okidogi|27/100
|move|p2a: Okidogi|Knock Off|p1a: Glass Shadows
|-supereffective|p1a: Glass Shadows
|-damage|p1a: Glass Shadows|0 fnt
|-enditem|p1a: Glass Shadows|Weakness Policy|[from] move: Knock Off|[of] p2a: Okidogi
|faint|p1a: Glass Shadows
|
|-weather|SunnyDay|[upkeep]
|upkeep
|inactive|Lolgasm has 120 seconds left.
|
|t:|1758953284
|switch|p1a: Mr. Banana|Walking Wake|100/100
|-activate|p1a: Mr. Banana|ability: Protosynthesis
|-start|p1a: Mr. Banana|protosynthesisspe
|turn|4
|
|t:|1758953298
|-terastallize|p1a: Mr. Banana|Water
|move|p1a: Mr. Banana|Hydro Steam|p2a: Okidogi
|-resisted|p2a: Okidogi
|-damage|p2a: Okidogi|0 fnt
|faint|p2a: Okidogi
|
|-weather|SunnyDay|[upkeep]
|upkeep
|
|t:|1758953304
|switch|p2a: Raging Bolt|Raging Bolt|100/100
|-activate|p2a: Raging Bolt|ability: Protosynthesis
|-start|p2a: Raging Bolt|protosynthesisspa
|turn|5
|
|t:|1758953317
|-end|p1a: Mr. Banana|Protosynthesis|[silent]
|switch|p1a: Luisin|Great Tusk|100/100
|-activate|p1a: Luisin|ability: Protosynthesis
|-start|p1a: Luisin|protosynthesisatk
|move|p2a: Raging Bolt|Thunderclap||[still]
|-fail|p2a: Raging Bolt
|
|-weather|SunnyDay|[upkeep]
|upkeep
|turn|6
|
|t:|1758953332
|-end|p2a: Raging Bolt|Protosynthesis|[silent]
|switch|p2a: Ribombee|Ribombee, M|100/100
|move|p1a: Luisin|Rapid Spin|p2a: Ribombee
|-damage|p2a: Ribombee|45/100
|-boost|p1a: Luisin|spe|1
|-damage|p1a: Luisin|90/100|[from] item: Life Orb
|
|-weather|SunnyDay|[upkeep]
|upkeep
|turn|7
|
|t:|1758953347
|move|p1a: Luisin|Rapid Spin|p2a: Ribombee
|-damage|p2a: Ribombee|0 fnt
|-boost|p1a: Luisin|spe|1
|faint|p2a: Ribombee
|-damage|p1a: Luisin|80/100|[from] item: Life Orb
|
|-weather|SunnyDay|[upkeep]
|upkeep
|
|t:|1758953355
|switch|p2a: Keldeo|Keldeo-Resolute|100/100
|turn|8
|
|t:|1758953367
|move|p1a: Luisin|Close Combat|p2a: Keldeo
|-damage|p2a: Keldeo|0 fnt
|-unboost|p1a: Luisin|def|1
|-unboost|p1a: Luisin|spd|1
|faint|p2a: Keldeo
|-damage|p1a: Luisin|70/100|[from] item: Life Orb
|
|-weather|none
|-end|p1a: Luisin|Protosynthesis
|upkeep
|
|t:|1758953379
|switch|p2a: Skeledirge|Skeledirge, F|100/100
|turn|9
|
|t:|1758953385
|move|p1a: Luisin|Headlong Rush|p2a: Skeledirge
|-supereffective|p2a: Skeledirge
|-damage|p2a: Skeledirge|0 fnt
|-unboost|p1a: Luisin|def|1
|-unboost|p1a: Luisin|spd|1
|faint|p2a: Skeledirge
|-damage|p1a: Luisin|60/100|[from] item: Life Orb
|
|upkeep
|
|t:|1758953408
|switch|p2a: Lokix|Lokix, M|100/100
|turn|10
|
|t:|1758953413
|move|p2a: Lokix|First Impression|p1a: Luisin
|-resisted|p1a: Luisin
|-damage|p1a: Luisin|6/100
|move|p1a: Luisin|Close Combat|p2a: Lokix
|-damage|p2a: Lokix|0 fnt
|-unboost|p1a: Luisin|def|1
|-unboost|p1a: Luisin|spd|1
|faint|p2a: Lokix
|-damage|p1a: Luisin|0 fnt|[from] item: Life Orb
|faint|p1a: Luisin
|-end|p1a: Luisin|Protosynthesis|[silent]
|
|upkeep
|
|t:|1758953421
|switch|p2a: Raging Bolt|Raging Bolt|100/100
|switch|p1a: Daydream|Ninetales, M, shiny|100/100
|-weather|SunnyDay|[from] ability: Drought|[of] p1a: Daydream
|-activate|p2a: Raging Bolt|ability: Protosynthesis
|-start|p2a: Raging Bolt|protosynthesisspa
|turn|11
|
|t:|1758953431
|move|p1a: Daydream|Will-O-Wisp|p2a: Raging Bolt
|-status|p2a: Raging Bolt|brn
|move|p2a: Raging Bolt|Thunderbolt|p1a: Daydream
|-damage|p1a: Daydream|36/100
|
|-weather|SunnyDay|[upkeep]
|-damage|p2a: Raging Bolt|94/100 brn|[from] brn
|upkeep
|turn|12
|
|t:|1758953445
|move|p2a: Raging Bolt|Thunderclap|p1a: Daydream
|-damage|p1a: Daydream|0 fnt
|faint|p1a: Daydream
|
|-weather|SunnyDay|[upkeep]
|-damage|p2a: Raging Bolt|88/100 brn|[from] brn
|upkeep
|
|t:|1758953461
|switch|p1a: Mr. Banana|Walking Wake, tera:Water|100/100
|-activate|p1a: Mr. Banana|ability: Protosynthesis
|-start|p1a: Mr. Banana|protosynthesisspe
|turn|13
|
|t:|1758953467
|move|p2a: Raging Bolt|Thunderclap|p1a: Mr. Banana
|-supereffective|p1a: Mr. Banana
|-damage|p1a: Mr. Banana|0 fnt
|faint|p1a: Mr. Banana
|-end|p1a: Mr. Banana|Protosynthesis|[silent]
|
|-weather|SunnyDay|[upkeep]
|-damage|p2a: Raging Bolt|82/100 brn|[from] brn
|upkeep
|
|t:|1758953471
|switch|p1a: Asmi|Comfey, F, shiny|100/100
|turn|14
|
|t:|1758953478
|move|p2a: Raging Bolt|Thunderbolt|p1a: Asmi
|-damage|p1a: Asmi|31/100
|move|p1a: Asmi|Growth|p1a: Asmi
|-boost|p1a: Asmi|atk|2
|-boost|p1a: Asmi|spa|2
|
|-weather|SunnyDay|[upkeep]
|-damage|p2a: Raging Bolt|76/100 brn|[from] brn
|upkeep
|turn|15
|
|t:|1758953487
|move|p1a: Asmi|Draining Kiss|p2a: Raging Bolt
|-supereffective|p2a: Raging Bolt
|-damage|p2a: Raging Bolt|0 fnt
|-heal|p1a: Asmi|100/100|[from] drain|[of] p2a: Raging Bolt
|faint|p2a: Raging Bolt
|-end|p2a: Raging Bolt|Protosynthesis|[silent]
|-damage|p1a: Asmi|91/100|[from] item: Life Orb
|
|win|Lolgasm
|raw|Lolgasm's rating: 1371 &rarr; <strong>1394</strong><br />(+23 for winning)
|raw|cowboykale's rating: 1415 &rarr; <strong>1392</strong><br />(-23 for losing)
|l|☆cowboykale
|player|p2|
|l|☆Lolgasm
|player|p1|
