|j|☆seaean
|j|☆MiahOD
|t:|1758935505
|gametype|singles
|player|p1|seaean|blue|1328
|player|p2|MiahOD|marlon|1317
|gen|9
|tier|[Gen 9] OU
|rated|
|rule|HP Percentage Mod: HP is shown in percentages
|rule|Endless Battle Clause: Forcing endless battles is banned
|rule|Species Clause: Limit one of each Pokémon
|rule|OHKO Clause: OHKO moves are banned
|rule|Evasion Items Clause: Evasion items are banned
|rule|Evasion Moves Clause: Evasion moves are banned
|rule|Evasion Abilities Clause: Evasion abilities are banned
|rule|Sleep Moves Clause: Sleep-inducing moves are banned
|clearpoke
|poke|p1|Gholdengo|
|poke|p1|Clefable, M|
|poke|p1|Gliscor, M|
|poke|p1|Slowking-Galar, F|
|poke|p1|Greninja-*, M|
|poke|p1|Lucario, F|
|poke|p2|Slowking-Galar, M|
|poke|p2|Sandslash-Alola, M|
|poke|p2|Keldeo-Resolute|
|poke|p2|Gliscor, M|
|poke|p2|Wo-Chien|
|poke|p2|Skeledirge, M|
|teampreview
|inactive|Battle timer is ON: inactive players will automatically lose when time's up. (requested by seaean)
|
|t:|1758935516
|teamsize|p1|6
|teamsize|p2|6
|start
|switch|p1a: Clefable|Clefable, M|100/100
|switch|p2a: Slowking|Slowking-Galar, M, shiny|100/100
|turn|1
|
|t:|1758935536
|move|p1a: Clefable|Stealth Rock|p2a: Slowking
|-sidestart|p2: MiahOD|move: Stealth Rock
|move|p2a: Slowking|Sludge Bomb|p1a: Clefable
|-supereffective|p1a: Clefable
|-damage|p1a: Clefable|33/100
|
|upkeep
|turn|2
|
|t:|1758935543
|switch|p1a: Gholdengo|Gholdengo|100/100
|-prepare|p2a: Slowking|Chilly Reception|[premajor]
|move|p2a: Slowking|Chilly Reception|p2a: Slowking
|-weather|Snowscape
|
|t:|1758935557
|switch|p2a: Wo-Chien|Wo-Chien|100/100|[from] Chilly Reception
|-damage|p2a: Wo-Chien|88/100|[from] Stealth Rock
|-ability|p2a: Wo-Chien|Tablets of Ruin
|
|-weather|Snowscape|[upkeep]
|upkeep
|turn|3
|
|t:|1758935569
|move|p1a: Gholdengo|Trick|p2a: Wo-Chien
|-activate|p1a: Gholdengo|move: Trick|[of] p2a: Wo-Chien
|-item|p2a: Wo-Chien|Choice Scarf|[from] move: Trick
|-item|p1a: Gholdengo|Rocky Helmet|[from] move: Trick
|move|p2a: Wo-Chien|Snarl|p1a: Gholdengo
|-supereffective|p1a: Gholdengo
|-damage|p1a: Gholdengo|60/100
|-unboost|p1a: Gholdengo|spa|1
|
|-weather|Snowscape|[upkeep]
|upkeep
|turn|4
|
|t:|1758935578
|switch|p1a: Lucario|Lucario, F|100/100
|switch|p2a: Sandslash|Sandslash-Alola, M, shiny|100/100
|
|-weather|Snowscape|[upkeep]
|upkeep
|turn|5
|
|t:|1758935597
|switch|p2a: Skeledirge|Skeledirge, M, shiny|100/100
|-damage|p2a: Skeledirge|76/100|[from] Stealth Rock
|move|p1a: Lucario|Swords Dance|p1a: Lucario
|-boost|p1a: Lucario|atk|2
|
|-weather|Snowscape|[upkeep]
|-heal|p2a: Skeledirge|82/100|[from] item: Leftovers
|upkeep
|turn|6
|
|t:|1758935605
|switch|p1a: Greninja|Greninja, M|100/100
|move|p2a: Skeledirge|Will-O-Wisp|p1a: Greninja|[miss]
|-miss|p2a: Skeledirge|p1a: Greninja
|
|-weather|Snowscape|[upkeep]
|-heal|p2a: Skeledirge|88/100|[from] item: Leftovers
|upkeep
|turn|7
|
|t:|1758935619
|switch|p2a: Wo-Chien|Wo-Chien|88/100
|-damage|p2a: Wo-Chien|76/100|[from] Stealth Rock
|-ability|p2a: Wo-Chien|Tablets of Ruin
|move|p1a: Greninja|Hydro Pump|p2a: Wo-Chien
|-resisted|p2a: Wo-Chien
|-damage|p2a: Wo-Chien|54/100
|-damage|p1a: Greninja|91/100|[from] item: Life Orb
|
|-weather|Snowscape|[upkeep]
|upkeep
|turn|8
|
|t:|1758935638
|switch|p1a: Gliscor|Gliscor, M|100/100
|move|p2a: Wo-Chien|Leech Seed|p1a: Gliscor
|-start|p1a: Gliscor|move: Leech Seed
|
|-weather|Snowscape|[upkeep]
|-damage|p1a: Gliscor|88/100|[from] Leech Seed|[of] p2a: Wo-Chien
|-heal|p2a: Wo-Chien|66/100|[silent]
|-status|p1a: Gliscor|tox|[from] item: Toxic Orb
|upkeep
|turn|9
|
|t:|1758935647
|move|p2a: Wo-Chien|Leech Seed||[still]
|-fail|p2a: Wo-Chien
|move|p1a: Gliscor|Spikes|p2a: Wo-Chien
|-sidestart|p2: MiahOD|Spikes
|
|-weather|none
|-damage|p1a: Gliscor|75/100 tox|[from] Leech Seed|[of] p2a: Wo-Chien
|-heal|p2a: Wo-Chien|78/100|[silent]
|-heal|p1a: Gliscor|88/100 tox|[from] ability: Poison Heal
|upkeep
|turn|10
|
|t:|1758935659
|switch|p2a: Sandslash|Sandslash-Alola, M, shiny|100/100
|move|p1a: Gliscor|Spikes|p2a: Sandslash
|-sidestart|p2: MiahOD|Spikes
|
|-damage|p1a: Gliscor|75/100 tox|[from] Leech Seed|[of] p2a: Sandslash
|-heal|p1a: Gliscor|88/100 tox|[from] ability: Poison Heal
|upkeep
|turn|11
|
|t:|1758935672
|-terastallize|p1a: Gliscor|Ghost
|move|p2a: Sandslash|Icicle Crash|p1a: Gliscor
|-damage|p1a: Gliscor|62/100 tox
|move|p1a: Gliscor|Earthquake|p2a: Sandslash
|-supereffective|p2a: Sandslash
|-damage|p2a: Sandslash|39/100
|
|-damage|p1a: Gliscor|49/100 tox|[from] Leech Seed|[of] p2a: Sandslash
|-heal|p2a: Sandslash|54/100|[silent]
|-heal|p1a: Gliscor|62/100 tox|[from] ability: Poison Heal
|upkeep
|turn|12
|
|t:|1758935690
|switch|p2a: Gliscor|Gliscor, M, shiny|100/100
|-damage|p2a: Gliscor|88/100|[from] Stealth Rock
|move|p1a: Gliscor|Knock Off|p2a: Gliscor
|-damage|p2a: Gliscor|72/100
|-enditem|p2a: Gliscor|Toxic Orb|[from] move: Knock Off|[of] p1a: Gliscor
|
|-damage|p1a: Gliscor|49/100 tox|[from] Leech Seed|[of] p2a: Gliscor
|-heal|p2a: Gliscor|85/100|[silent]
|-heal|p1a: Gliscor|62/100 tox|[from] ability: Poison Heal
|upkeep
|turn|13
|
|t:|1758935698
|switch|p1a: Greninja|Greninja, M|91/100
|move|p2a: Gliscor|Swords Dance|p2a: Gliscor
|-boost|p2a: Gliscor|atk|2
|
|upkeep
|turn|14
|
|t:|1758935708
|move|p2a: Gliscor|Protect|p2a: Gliscor
|-singleturn|p2a: Gliscor|Protect
|move|p1a: Greninja|Ice Beam|p2a: Gliscor
|-activate|p2a: Gliscor|move: Protect
|
|upkeep
|turn|15
|
|t:|1758935715
|switch|p2a: Slowking|Slowking-Galar, M, shiny|100/100
|-damage|p2a: Slowking|88/100|[from] Stealth Rock
|-damage|p2a: Slowking|72/100|[from] Spikes
|move|p1a: Greninja|Hydro Pump|p2a: Slowking|[miss]
|-miss|p1a: Greninja|p2a: Slowking
|
|upkeep
|turn|16
|
|t:|1758935729
|move|p1a: Greninja|Dark Pulse|p2a: Slowking
|-supereffective|p2a: Slowking
|-damage|p2a: Slowking|0 fnt
|faint|p2a: Slowking
|-ability|p1a: Greninja|Battle Bond|boost
|-boost|p1a: Greninja|atk|1
|-boost|p1a: Greninja|spa|1
|-boost|p1a: Greninja|spe|1
|-activate|p1a: Greninja|ability: Battle Bond
|-damage|p1a: Greninja|81/100|[from] item: Life Orb
|
|upkeep
|
|t:|1758935738
|switch|p2a: Keldeo|Keldeo-Resolute|100/100
|-damage|p2a: Keldeo|94/100|[from] Stealth Rock
|-damage|p2a: Keldeo|78/100|[from] Spikes
|turn|17
|
|t:|1758935751
|move|p2a: Keldeo|Vacuum Wave|p1a: Greninja
|-supereffective|p1a: Greninja
|-damage|p1a: Greninja|0 fnt
|faint|p1a: Greninja
|
|upkeep
|
|t:|1758935755
|switch|p1a: Gholdengo|Gholdengo|60/100
|turn|18
|
|t:|1758935760
|switch|p2a: Wo-Chien|Wo-Chien|78/100
|-damage|p2a: Wo-Chien|65/100|[from] Stealth Rock
|-damage|p2a: Wo-Chien|49/100|[from] Spikes
|-ability|p2a: Wo-Chien|Tablets of Ruin
|move|p1a: Gholdengo|Dazzling Gleam|p2a: Wo-Chien
|-supereffective|p2a: Wo-Chien
|-damage|p2a: Wo-Chien|8/100
|
|upkeep
|turn|19
|
|t:|1758935771
|move|p1a: Gholdengo|Shadow Ball|p2a: Wo-Chien
|-resisted|p2a: Wo-Chien
|-damage|p2a: Wo-Chien|0 fnt
|faint|p2a: Wo-Chien
|
|upkeep
|
|t:|1758935781
|switch|p2a: Gliscor|Gliscor, M, shiny|85/100
|-damage|p2a: Gliscor|72/100|[from] Stealth Rock
|turn|20
|
|t:|1758935789
|move|p1a: Gholdengo|Shadow Ball|p2a: Gliscor
|-damage|p2a: Gliscor|37/100
|move|p2a: Gliscor|Swords Dance|p2a: Gliscor
|-boost|p2a: Gliscor|atk|2
|
|upkeep
|turn|21
|
|t:|1758935794
|move|p1a: Gholdengo|Make It Rain|p2a: Gliscor
|-damage|p2a: Gliscor|0 fnt
|-unboost|p1a: Gholdengo|spa|1
|faint|p2a: Gliscor
|
|upkeep
|
|t:|1758935798
|switch|p2a: Skeledirge|Skeledirge, M, shiny|88/100
|-damage|p2a: Skeledirge|63/100|[from] Stealth Rock
|-damage|p2a: Skeledirge|46/100|[from] Spikes
|turn|22
|
|t:|1758935800
|move|p1a: Gholdengo|Shadow Ball|p2a: Skeledirge
|-supereffective|p2a: Skeledirge
|-damage|p2a: Skeledirge|0 fnt
|faint|p2a: Skeledirge
|
|upkeep
|
|t:|1758935803
|switch|p2a: Sandslash|Sandslash-Alola, M, shiny|54/100
|turn|23
|
|t:|1758935807
|move|p1a: Gholdengo|Make It Rain|p2a: Sandslash
|-damage|p2a: Sandslash|0 fnt
|-unboost|p1a: Gholdengo|spa|1
|faint|p2a: Sandslash
|
|upkeep
|
|t:|1758935810
|switch|p2a: Keldeo|Keldeo-Resolute|78/100
|-damage|p2a: Keldeo|72/100|[from] Stealth Rock
|-damage|p2a: Keldeo|55/100|[from] Spikes
|turn|24
|
|t:|1758935815
|move|p2a: Keldeo|Surf|p1a: Gholdengo
|-damage|p1a: Gholdengo|0 fnt
|faint|p1a: Gholdengo
|
|upkeep
|
|t:|1758935820
|switch|p1a: Slowking|Slowking-Galar, F|100/100
|turn|25
|
|t:|1758935824
|-terastallize|p2a: Keldeo|Water
|move|p2a: Keldeo|Surf|p1a: Slowking
|-damage|p1a: Slowking|42/100
|move|p1a: Slowking|Future Sight|p2a: Keldeo
|-start|p1a: Slowking|move: Future Sight
|
|upkeep
|turn|26
|
|t:|1758935831
|move|p2a: Keldeo|Surf|p1a: Slowking
|-damage|p1a: Slowking|0 fnt
|faint|p1a: Slowking
|
|upkeep
|
|t:|1758935833
|switch|p1a: Lucario|Lucario, F|100/100
|turn|27
|
|t:|1758935837
|move|p1a: Lucario|Extreme Speed|p2a: Keldeo
|-damage|p2a: Keldeo|26/100
|move|p2a: Keldeo|Surf|p1a: Lucario
|-damage|p1a: Lucario|0 fnt
|faint|p1a: Lucario
|
|-end|p2a: Keldeo|move: Future Sight
|-damage|p2a: Keldeo|0 fnt
|faint|p2a: Keldeo
|
|win|seaean
|raw|seaean's rating: 1328 &rarr; <strong>1347</strong><br />(+19 for winning)
|raw|MiahOD's rating: 1317 &rarr; <strong>1298</strong><br />(-19 for losing)
|l|☆seaean
|player|p1|
|l|☆MiahOD
|player|p2|
