|j|☆tz142174606
|j|☆Charle_phate
|t:|1759029610
|gametype|singles
|player|p1|tz142174606|crasherwake|1338
|player|p2|Charle_phate|blue|1356
|gen|9
|tier|[Gen 9] OU
|rated|
|rule|HP Percentage Mod: HP is shown in percentages
|rule|Endless Battle Clause: Forcing endless battles is banned
|rule|Species Clause: Limit one of each Pokémon
|rule|OHKO Clause: OHKO moves are banned
|rule|Evasion Items Clause: Evasion items are banned
|rule|Evasion Moves Clause: Evasion moves are banned
|rule|Evasion Abilities Clause: Evasion abilities are banned
|rule|Sleep Moves Clause: Sleep-inducing moves are banned
|clearpoke
|poke|p1|Pelipper, M|
|poke|p1|Kingdra, M|
|poke|p1|Scizor, F|
|poke|p1|Zapdos|
|poke|p1|Serperior, F|
|poke|p1|Chansey, F|
|poke|p2|Serperior, M|
|poke|p2|Rotom-Wash|
|poke|p2|Zapdos|
|poke|p2|Heatran, F|
|poke|p2|Clefable, F|
|poke|p2|Landorus-Therian, M|
|teampreview
|inactive|Battle timer is ON: inactive players will automatically lose when time's up. (requested by Charle_phate)
|
|t:|1759029629
|teamsize|p1|6
|teamsize|p2|6
|start
|switch|p1a: Chansey|Chansey, F, shiny|100/100
|switch|p2a: Rotom|Rotom-Wash|100/100
|turn|1
|
|t:|1759029644
|move|p2a: Rotom|Thunder Wave|p1a: Chansey
|-status|p1a: Chansey|par
|move|p1a: Chansey|Stealth Rock|p2a: Rotom
|-sidestart|p2: Charle_phate|move: Stealth Rock
|
|upkeep
|turn|2
|
|t:|1759029651
|switch|p2a: Serperior|Serperior, M|100/100
|-damage|p2a: Serperior|88/100|[from] Stealth Rock
|move|p1a: Chansey|Seismic Toss|p2a: Serperior
|-damage|p2a: Serperior|54/100
|
|-heal|p2a: Serperior|60/100|[from] item: Leftovers
|upkeep
|turn|3
|
|t:|1759029659
|move|p2a: Serperior|Substitute|p2a: Serperior
|-start|p2a: Serperior|Substitute
|-damage|p2a: Serperior|35/100
|cant|p1a: Chansey|par
|
|-heal|p2a: Serperior|41/100|[from] item: Leftovers
|upkeep
|turn|4
|
|t:|1759029668
|move|p2a: Serperior|Leech Seed|p1a: Chansey
|-start|p1a: Chansey|move: Leech Seed
|cant|p1a: Chansey|par
|
|-heal|p2a: Serperior|47/100|[from] item: Leftovers
|-damage|p1a: Chansey|88/100 par|[from] Leech Seed|[of] p2a: Serperior
|-heal|p2a: Serperior|77/100|[silent]
|upkeep
|turn|5
|
|t:|1759029676
|move|p2a: Serperior|Leaf Storm|p1a: Chansey
|-damage|p1a: Chansey|75/100 par
|-boost|p2a: Serperior|spa|2
|move|p1a: Chansey|Seismic Toss|p2a: Serperior
|-end|p2a: Serperior|Substitute
|
|-heal|p2a: Serperior|83/100|[from] item: Leftovers
|-damage|p1a: Chansey|63/100 par|[from] Leech Seed|[of] p2a: Serperior
|-heal|p2a: Serperior|100/100|[silent]
|upkeep
|turn|6
|
|t:|1759029700
|-curestatus|p1a: Chansey|par|[from] ability: Natural Cure
|switch|p1a: Zapdos|Zapdos, shiny|100/100
|move|p2a: Serperior|Leaf Storm|p1a: Zapdos
|-resisted|p1a: Zapdos
|-damage|p1a: Zapdos|43/100
|-boost|p2a: Serperior|spa|2
|
|upkeep
|turn|7
|
|t:|1759029710
|move|p1a: Zapdos|Volt Switch|p2a: Serperior
|-resisted|p2a: Serperior
|-damage|p2a: Serperior|76/100
|
|t:|1759029715
|switch|p1a: Pelipper|Pelipper, M, shiny|100/100|[from] Volt Switch
|-weather|RainDance|[from] ability: Drizzle|[of] p1a: Pelipper
|move|p2a: Serperior|Leaf Storm|p1a: Pelipper
|-damage|p1a: Pelipper|0 fnt
|-boost|p2a: Serperior|spa|2
|faint|p1a: Pelipper
|
|-weather|RainDance|[upkeep]
|-heal|p2a: Serperior|82/100|[from] item: Leftovers
|upkeep
|
|t:|1759029725
|switch|p1a: Zapdos|Zapdos, shiny|43/100
|turn|8
|
|t:|1759029737
|switch|p2a: Heatran|Heatran, F|100/100
|-damage|p2a: Heatran|88/100|[from] Stealth Rock
|move|p1a: Zapdos|Hurricane|p2a: Heatran
|-resisted|p2a: Heatran
|-damage|p2a: Heatran|69/100
|-start|p2a: Heatran|confusion
|
|-weather|RainDance|[upkeep]
|-heal|p2a: Heatran|75/100|[from] item: Leftovers
|upkeep
|turn|9
|
|t:|1759029748
|switch|p1a: Kingdra|Kingdra, M, shiny|100/100
|-activate|p2a: Heatran|confusion
|move|p2a: Heatran|Substitute|p2a: Heatran
|-start|p2a: Heatran|Substitute
|-damage|p2a: Heatran|50/100
|
|-weather|RainDance|[upkeep]
|-heal|p2a: Heatran|56/100|[from] item: Leftovers
|upkeep
|turn|10
|
|t:|1759029755
|move|p1a: Kingdra|Surf|p2a: Heatran
|-supereffective|p2a: Heatran
|-end|p2a: Heatran|Substitute
|-end|p2a: Heatran|confusion
|move|p2a: Heatran|Ancient Power|p1a: Kingdra
|-damage|p1a: Kingdra|81/100
|
|-weather|RainDance|[upkeep]
|-heal|p2a: Heatran|63/100|[from] item: Leftovers
|upkeep
|turn|11
|
|t:|1759029772
|switch|p2a: Rotom|Rotom-Wash|100/100
|-damage|p2a: Rotom|88/100|[from] Stealth Rock
|-terastallize|p1a: Kingdra|Water
|move|p1a: Kingdra|Surf|p2a: Rotom
|-resisted|p2a: Rotom
|-damage|p2a: Rotom|23/100
|
|-weather|RainDance|[upkeep]
|-heal|p2a: Rotom|29/100|[from] item: Leftovers
|upkeep
|turn|12
|
|t:|1759029789
|move|p1a: Kingdra|Surf|p2a: Rotom
|-resisted|p2a: Rotom
|-crit|p2a: Rotom
|-damage|p2a: Rotom|0 fnt
|faint|p2a: Rotom
|
|-weather|RainDance|[upkeep]
|upkeep
|
|t:|1759029795
|switch|p2a: Serperior|Serperior, M|82/100
|-damage|p2a: Serperior|70/100|[from] Stealth Rock
|turn|13
|
|t:|1759029799
|move|p1a: Kingdra|Surf|p2a: Serperior
|-resisted|p2a: Serperior
|-damage|p2a: Serperior|0 fnt
|faint|p2a: Serperior
|
|-weather|RainDance|[upkeep]
|upkeep
|
|t:|1759029812
|switch|p2a: Zapdos|Zapdos|100/100
|-damage|p2a: Zapdos|76/100|[from] Stealth Rock
|turn|14
|
|t:|1759029816
|move|p1a: Kingdra|Surf|p2a: Zapdos
|-damage|p2a: Zapdos|0 fnt
|faint|p2a: Zapdos
|
|-weather|none
|upkeep
|
|t:|1759029844
|switch|p2a: Clefable|Clefable, F|100/100
|turn|15
|
|t:|1759029848
|move|p1a: Kingdra|Surf|p2a: Clefable
|-damage|p2a: Clefable|30/100
|move|p2a: Clefable|Cosmic Power|p2a: Clefable
|-boost|p2a: Clefable|def|1
|-boost|p2a: Clefable|spd|1
|
|-heal|p2a: Clefable|36/100|[from] item: Leftovers
|upkeep
|turn|16
|
|t:|1759029867
|move|p1a: Kingdra|Surf|p2a: Clefable
|-damage|p2a: Clefable|0 fnt
|faint|p2a: Clefable
|
|upkeep
|
|t:|1759029870
|switch|p2a: Heatran|Heatran, F|63/100
|-damage|p2a: Heatran|50/100|[from] Stealth Rock
|turn|17
|-message|Charle_phate forfeited.
|
|win|tz142174606
|raw|tz142174606's rating: 1338 &rarr; <strong>1359</strong><br />(+21 for winning)
|raw|Charle_phate's rating: 1356 &rarr; <strong>1335</strong><br />(-21 for losing)
|l|☆Charle_phate
|player|p2|
|l|☆tz142174606
|player|p1|
