|j|☆dseokp
|j|☆ohjeebus
|t:|1758965330
|gametype|singles
|player|p1|dseokp|unknown|1545
|player|p2|ohjeebus|koga|1555
|gen|9
|tier|[Gen 9] OU
|rated|
|rule|HP Percentage Mod: HP is shown in percentages
|rule|Endless Battle Clause: Forcing endless battles is banned
|rule|Species Clause: Limit one of each Pokémon
|rule|OHKO Clause: OHKO moves are banned
|rule|Evasion Items Clause: Evasion items are banned
|rule|Evasion Moves Clause: Evasion moves are banned
|rule|Evasion Abilities Clause: Evasion abilities are banned
|rule|Sleep Moves Clause: Sleep-inducing moves are banned
|clearpoke
|poke|p1|Glimmora, M|
|poke|p1|Iron Treads|
|poke|p1|Polteageist-Antique|
|poke|p1|Raging Bolt|
|poke|p1|Dragonite, M|
|poke|p1|Zamazenta-*|
|poke|p2|Zamazenta-*|
|poke|p2|Weezing-Galar, F|
|poke|p2|Kingambit, M|
|poke|p2|Weavile, F|
|poke|p2|Ceruledge, M|
|poke|p2|Ting-Lu|
|teampreview
|inactive|Battle timer is ON: inactive players will automatically lose when time's up. (requested by ohjeebus)
|
|t:|1758965347
|teamsize|p1|6
|teamsize|p2|6
|start
|switch|p1a: Glimmora|Glimmora, M|100/100
|switch|p2a: Weavile|Weavile, F|100/100
|-ability|p2a: Weavile|Pressure
|turn|1
|
|t:|1758965355
|-terastallize|p2a: Weavile|Ice
|move|p1a: Glimmora|Power Gem|p2a: Weavile
|-supereffective|p2a: Weavile
|-damage|p2a: Weavile|0 fnt
|faint|p2a: Weavile
|
|upkeep
|
|t:|1758965375
|switch|p2a: Kingambit|Kingambit, M|100/100
|-activate|p2a: Kingambit|ability: Supreme Overlord
|-start|p2a: Kingambit|fallen1|[silent]
|turn|2
|
|t:|1758965389
|switch|p1a: Raging Bolt|Raging Bolt|100/100
|-enditem|p1a: Raging Bolt|Booster Energy
|-activate|p1a: Raging Bolt|ability: Protosynthesis|[fromitem]
|-start|p1a: Raging Bolt|protosynthesisspa
|move|p2a: Kingambit|Iron Head|p1a: Raging Bolt
|-resisted|p1a: Raging Bolt
|-damage|p1a: Raging Bolt|74/100
|
|upkeep
|turn|3
|
|t:|1758965406
|-end|p2a: Kingambit|fallen1|[silent]
|switch|p2a: Ting-Lu|Ting-Lu|100/100
|-ability|p2a: Ting-Lu|Vessel of Ruin
|move|p1a: Raging Bolt|Calm Mind|p1a: Raging Bolt
|-boost|p1a: Raging Bolt|spa|1
|-boost|p1a: Raging Bolt|spd|1
|
|upkeep
|turn|4
|
|t:|1758965427
|-end|p1a: Raging Bolt|Protosynthesis|[silent]
|switch|p1a: Iron Treads|Iron Treads|100/100
|-enditem|p1a: Iron Treads|Booster Energy
|-activate|p1a: Iron Treads|ability: Quark Drive|[fromitem]
|-start|p1a: Iron Treads|quarkdrivespe
|move|p2a: Ting-Lu|Earthquake|p1a: Iron Treads
|-supereffective|p1a: Iron Treads
|-damage|p1a: Iron Treads|50/100
|
|upkeep
|turn|5
|inactive|dseokp has 120 seconds left.
|
|t:|1758965460
|move|p1a: Iron Treads|Stealth Rock|p2a: Ting-Lu
|-sidestart|p2: ohjeebus|move: Stealth Rock
|move|p2a: Ting-Lu|Earthquake|p1a: Iron Treads
|-supereffective|p1a: Iron Treads
|-damage|p1a: Iron Treads|0 fnt
|faint|p1a: Iron Treads
|-end|p1a: Iron Treads|Quark Drive|[silent]
|
|upkeep
|
|t:|1758965473
|switch|p1a: Zamazenta|Zamazenta|100/100
|-ability|p1a: Zamazenta|Dauntless Shield|boost
|-boost|p1a: Zamazenta|def|1
|turn|6
|
|t:|1758965491
|switch|p1a: Glimmora|Glimmora, M|100/100
|switch|p2a: Weezing|Weezing-Galar, F|100/100
|-ability|p2a: Weezing|Neutralizing Gas
|-damage|p2a: Weezing|88/100|[from] Stealth Rock
|
|upkeep
|turn|7
|
|t:|1758965506
|-end|p2a: Weezing|ability: Neutralizing Gas
|switch|p2a: Ting-Lu|Ting-Lu|100/100
|-damage|p2a: Ting-Lu|94/100|[from] Stealth Rock
|-ability|p2a: Ting-Lu|Vessel of Ruin
|move|p1a: Glimmora|Earth Power|p2a: Ting-Lu
|-damage|p2a: Ting-Lu|80/100
|
|-heal|p2a: Ting-Lu|86/100|[from] item: Leftovers
|upkeep
|turn|8
|
|t:|1758965516
|switch|p1a: Polteageist|Polteageist-Antique|100/100
|move|p2a: Ting-Lu|Payback|p1a: Polteageist
|-supereffective|p1a: Polteageist
|-crit|p1a: Polteageist
|-enditem|p1a: Polteageist|Focus Sash
|-damage|p1a: Polteageist|1/100
|-ability|p1a: Polteageist|Weak Armor|boost
|-unboost|p1a: Polteageist|def|1
|-boost|p1a: Polteageist|spe|2
|
|-heal|p2a: Ting-Lu|92/100|[from] item: Leftovers
|upkeep
|turn|9
|inactive|dseokp has 90 seconds left.
|
|t:|1758965545
|move|p1a: Polteageist|Tera Blast|p2a: Ting-Lu
|-damage|p2a: Ting-Lu|79/100
|move|p2a: Ting-Lu|Payback|p1a: Polteageist
|-supereffective|p1a: Polteageist
|-crit|p1a: Polteageist
|-damage|p1a: Polteageist|0 fnt
|faint|p1a: Polteageist
|
|-heal|p2a: Ting-Lu|85/100|[from] item: Leftovers
|upkeep
|
|t:|1758965565
|switch|p1a: 快龙一定要快|Dragonite, M|100/100
|turn|10
|inactive|dseokp has 60 seconds left.
|
|t:|1758965590
|move|p1a: 快龙一定要快|Earthquake|p2a: Ting-Lu
|-damage|p2a: Ting-Lu|54/100
|move|p2a: Ting-Lu|Whirlwind|p1a: 快龙一定要快
|drag|p1a: Glimmora|Glimmora, M|100/100
|
|-heal|p2a: Ting-Lu|60/100|[from] item: Leftovers
|upkeep
|turn|11
|inactive|dseokp has 60 seconds left.
|
|t:|1758965620
|switch|p1a: 快龙一定要快|Dragonite, M|100/100
|move|p2a: Ting-Lu|Payback|p1a: 快龙一定要快
|-damage|p1a: 快龙一定要快|91/100
|
|-heal|p2a: Ting-Lu|66/100|[from] item: Leftovers
|upkeep
|turn|12
|inactive|dseokp has 30 seconds left.
|
|t:|1758965642
|switch|p2a: Zamazenta|Zamazenta|100/100
|-ability|p2a: Zamazenta|Dauntless Shield|boost
|-boost|p2a: Zamazenta|def|1
|move|p1a: 快龙一定要快|Fire Punch|p2a: Zamazenta
|-damage|p2a: Zamazenta|72/100
|-status|p2a: Zamazenta|brn
|
|-damage|p2a: Zamazenta|66/100 brn|[from] brn
|upkeep
|turn|13
|inactive|dseokp has 30 seconds left.
|inactive|dseokp has 20 seconds left.
|
|t:|1758965657
|switch|p1a: Zamazenta|Zamazenta|100/100
|move|p2a: Zamazenta|Ice Fang|p1a: Zamazenta
|-damage|p1a: Zamazenta|93/100
|
|-heal|p1a: Zamazenta|99/100|[from] item: Leftovers
|-damage|p2a: Zamazenta|60/100 brn|[from] brn
|upkeep
|turn|14
|inactive|dseokp has 30 seconds left this turn.
|inactive|dseokp has 20 seconds left.
|
|t:|1758965668
|move|p2a: Zamazenta|Close Combat|p1a: Zamazenta
|-damage|p1a: Zamazenta|77/100
|-unboost|p2a: Zamazenta|def|1
|-unboost|p2a: Zamazenta|spd|1
|move|p1a: Zamazenta|Roar|p2a: Zamazenta
|drag|p2a: Kingambit|Kingambit, M|100/100
|-damage|p2a: Kingambit|94/100|[from] Stealth Rock
|-activate|p2a: Kingambit|ability: Supreme Overlord
|-start|p2a: Kingambit|fallen1|[silent]
|
|-heal|p1a: Zamazenta|83/100|[from] item: Leftovers
|-heal|p2a: Kingambit|100/100|[from] item: Leftovers
|upkeep
|turn|15
|inactive|dseokp has 30 seconds left this turn.
|inactive|dseokp has 20 seconds left.
|
|t:|1758965681
|-end|p2a: Kingambit|fallen1|[silent]
|switch|p2a: Zamazenta|Zamazenta|60/100 brn
|move|p1a: Zamazenta|Body Press|p2a: Zamazenta
|-damage|p2a: Zamazenta|24/100 brn
|
|-heal|p1a: Zamazenta|89/100|[from] item: Leftovers
|-damage|p2a: Zamazenta|18/100 brn|[from] brn
|upkeep
|turn|16
|inactive|dseokp has 30 seconds left this turn.
|inactive|dseokp has 20 seconds left.
|inactive|dseokp has 15 seconds left.
|
|t:|1758965700
|move|p2a: Zamazenta|Close Combat|p1a: Zamazenta
|-damage|p1a: Zamazenta|70/100
|-unboost|p2a: Zamazenta|def|1
|-unboost|p2a: Zamazenta|spd|1
|move|p1a: Zamazenta|Roar|p2a: Zamazenta
|drag|p2a: Ceruledge|Ceruledge, M|100/100
|
|-heal|p1a: Zamazenta|76/100|[from] item: Leftovers
|upkeep
|turn|17
|inactive|dseokp has 25 seconds left this turn.
|inactive|dseokp has 20 seconds left.
|inactive|dseokp has 15 seconds left.
|inactive|dseokp has 10 seconds left.
|
|t:|1758965716
|switch|p2a: Weezing|Weezing-Galar, F|88/100
|-ability|p2a: Weezing|Neutralizing Gas
|-damage|p2a: Weezing|76/100|[from] Stealth Rock
|move|p1a: Zamazenta|Iron Defense|p1a: Zamazenta
|-boost|p1a: Zamazenta|def|2
|
|-heal|p1a: Zamazenta|82/100|[from] item: Leftovers
|upkeep
|turn|18
|inactive|dseokp has 20 seconds left this turn.
|inactive|dseokp has 15 seconds left.
|inactive|dseokp has 10 seconds left.
|
|t:|1758965727
|switch|p1a: Glimmora|Glimmora, M|100/100
|move|p2a: Weezing|Defog|p1a: Glimmora
|-unboost|p1a: Glimmora|evasion|1
|-sideend|p2: ohjeebus|Stealth Rock|[from] move: Defog|[of] p2a: Weezing
|
|upkeep
|turn|19
|inactive|dseokp has 20 seconds left this turn.
|inactive|dseokp has 15 seconds left.
|inactive|dseokp has 10 seconds left.
|
|t:|1758965740
|switch|p1a: 快龙一定要快|Dragonite, M|91/100
|-end|p2a: Weezing|ability: Neutralizing Gas
|switch|p2a: Zamazenta|Zamazenta|18/100 brn
|
|-damage|p2a: Zamazenta|12/100 brn|[from] brn
|upkeep
|turn|20
|inactive|dseokp has 20 seconds left this turn.
|inactive|dseokp has 15 seconds left.
|inactive|dseokp has 10 seconds left.
|
|t:|1758965751
|switch|p1a: Zamazenta|Zamazenta|82/100
|move|p2a: Zamazenta|Ice Fang|p1a: Zamazenta|[miss]
|-miss|p2a: Zamazenta|p1a: Zamazenta
|
|-heal|p1a: Zamazenta|88/100|[from] item: Leftovers
|-damage|p2a: Zamazenta|6/100 brn|[from] brn
|upkeep
|turn|21
|inactive|dseokp has 20 seconds left this turn.
|inactive|dseokp has 15 seconds left.
|
|t:|1758965757
|move|p2a: Zamazenta|Close Combat|p1a: Zamazenta
|-damage|p1a: Zamazenta|68/100
|-unboost|p2a: Zamazenta|def|1
|-unboost|p2a: Zamazenta|spd|1
|move|p1a: Zamazenta|Crunch|p2a: Zamazenta
|-resisted|p2a: Zamazenta
|-damage|p2a: Zamazenta|0 fnt
|faint|p2a: Zamazenta
|
|-heal|p1a: Zamazenta|74/100|[from] item: Leftovers
|upkeep
|
|t:|1758965759
|switch|p2a: Weezing|Weezing-Galar, F|76/100
|-ability|p2a: Weezing|Neutralizing Gas
|turn|22
|inactive|dseokp has 30 seconds left this turn.
|inactive|dseokp has 20 seconds left.
|
|t:|1758965773
|switch|p1a: Glimmora|Glimmora, M|100/100
|move|p2a: Weezing|Will-O-Wisp|p1a: Glimmora
|-status|p1a: Glimmora|brn
|
|-damage|p1a: Glimmora|94/100 brn|[from] brn
|upkeep
|turn|23
|inactive|dseokp has 30 seconds left this turn.
|inactive|dseokp has 20 seconds left.
|inactive|dseokp has 15 seconds left.
|inactive|dseokp has 10 seconds left.
|
|t:|1758965793
|switch|p1a: Raging Bolt|Raging Bolt|74/100
|-end|p2a: Weezing|ability: Neutralizing Gas
|switch|p2a: Ting-Lu|Ting-Lu|66/100
|-ability|p2a: Ting-Lu|Vessel of Ruin
|
|-heal|p2a: Ting-Lu|73/100|[from] item: Leftovers
|upkeep
|turn|24
|inactive|dseokp has 20 seconds left this turn.
|inactive|dseokp has 15 seconds left.
|inactive|dseokp has 10 seconds left.
|
|t:|1758965807
|-end|p1a: Raging Bolt|Protosynthesis|[silent]
|switch|p1a: 快龙一定要快|Dragonite, M|91/100
|move|p2a: Ting-Lu|Payback|p1a: 快龙一定要快
|-damage|p1a: 快龙一定要快|74/100
|
|-heal|p2a: Ting-Lu|79/100|[from] item: Leftovers
|upkeep
|turn|25
|inactive|dseokp has 20 seconds left this turn.
|inactive|dseokp has 15 seconds left.
|inactive|dseokp has 10 seconds left.
|
|t:|1758965818
|move|p1a: 快龙一定要快|Outrage|p2a: Ting-Lu
|-damage|p2a: Ting-Lu|22/100
|move|p2a: Ting-Lu|Heavy Slam|p1a: 快龙一定要快
|-damage|p1a: 快龙一定要快|55/100
|
|-heal|p2a: Ting-Lu|28/100|[from] item: Leftovers
|upkeep
|turn|26
|inactive|dseokp has 20 seconds left this turn.
|inactive|dseokp has 15 seconds left.
|
|t:|1758965826
|switch|p2a: Weezing|Weezing-Galar, F|76/100
|-ability|p2a: Weezing|Neutralizing Gas
|move|p1a: 快龙一定要快|Outrage|p2a: Weezing|[from] lockedmove
|-immune|p2a: Weezing
|-start|p1a: 快龙一定要快|confusion|[fatigue]
|
|upkeep
|turn|27
|inactive|dseokp has 25 seconds left this turn.
|inactive|dseokp has 20 seconds left.
|
|t:|1758965832
|switch|p1a: Glimmora|Glimmora, M|94/100 brn
|move|p2a: Weezing|Strange Steam|p1a: Glimmora
|-resisted|p1a: Glimmora
|-damage|p1a: Glimmora|77/100 brn
|
|-damage|p1a: Glimmora|71/100 brn|[from] brn
|upkeep
|turn|28
|inactive|dseokp has 30 seconds left this turn.
|inactive|dseokp has 20 seconds left.
|
|t:|1758965846
|-end|p2a: Weezing|ability: Neutralizing Gas
|switch|p2a: Ceruledge|Ceruledge, M|100/100
|move|p1a: Glimmora|Power Gem|p2a: Ceruledge
|-supereffective|p2a: Ceruledge
|-damage|p2a: Ceruledge|9/100
|
|-damage|p1a: Glimmora|64/100 brn|[from] brn
|upkeep
|turn|29
|inactive|dseokp has 30 seconds left this turn.
|
|t:|1758965854
|move|p1a: Glimmora|Power Gem|p2a: Ceruledge
|-supereffective|p2a: Ceruledge
|-damage|p2a: Ceruledge|0 fnt
|faint|p2a: Ceruledge
|
|-damage|p1a: Glimmora|58/100 brn|[from] brn
|upkeep
|
|t:|1758965857
|switch|p2a: Ting-Lu|Ting-Lu|28/100
|-ability|p2a: Ting-Lu|Vessel of Ruin
|turn|30
|
|t:|1758965863
|switch|p1a: Zamazenta|Zamazenta|74/100
|move|p2a: Ting-Lu|Payback|p1a: Zamazenta
|-resisted|p1a: Zamazenta
|-damage|p1a: Zamazenta|66/100
|
|-heal|p1a: Zamazenta|73/100|[from] item: Leftovers
|-heal|p2a: Ting-Lu|35/100|[from] item: Leftovers
|upkeep
|turn|31
|
|t:|1758965869
|switch|p2a: Weezing|Weezing-Galar, F|76/100
|-ability|p2a: Weezing|Neutralizing Gas
|move|p1a: Zamazenta|Roar|p2a: Weezing
|-end|p2a: Weezing|ability: Neutralizing Gas
|drag|p2a: Kingambit|Kingambit, M|100/100
|-activate|p2a: Kingambit|ability: Supreme Overlord
|-start|p2a: Kingambit|fallen3|[silent]
|
|-heal|p1a: Zamazenta|79/100|[from] item: Leftovers
|upkeep
|turn|32
|
|t:|1758965895
|-end|p2a: Kingambit|fallen3|[silent]
|switch|p2a: Weezing|Weezing-Galar, F|76/100
|-ability|p2a: Weezing|Neutralizing Gas
|move|p1a: Zamazenta|Body Press|p2a: Weezing
|-resisted|p2a: Weezing
|-damage|p2a: Weezing|70/100
|-damage|p1a: Zamazenta|62/100|[from] item: Rocky Helmet|[of] p2a: Weezing
|
|-heal|p1a: Zamazenta|69/100|[from] item: Leftovers
|upkeep
|turn|33
|
|t:|1758965902
|switch|p1a: Glimmora|Glimmora, M|58/100 brn
|move|p2a: Weezing|Will-O-Wisp|p1a: Glimmora|[miss]
|-miss|p2a: Weezing|p1a: Glimmora
|
|-damage|p1a: Glimmora|52/100 brn|[from] brn
|upkeep
|turn|34
|
|t:|1758965913
|-end|p2a: Weezing|ability: Neutralizing Gas
|switch|p2a: Ting-Lu|Ting-Lu|35/100
|-ability|p2a: Ting-Lu|Vessel of Ruin
|move|p1a: Glimmora|Energy Ball|p2a: Ting-Lu
|-supereffective|p2a: Ting-Lu
|-damage|p2a: Ting-Lu|7/100
|
|-heal|p2a: Ting-Lu|14/100|[from] item: Leftovers
|-damage|p1a: Glimmora|46/100 brn|[from] brn
|upkeep
|turn|35
|
|t:|1758965927
|switch|p1a: Zamazenta|Zamazenta|69/100
|switch|p2a: Weezing|Weezing-Galar, F|70/100
|-ability|p2a: Weezing|Neutralizing Gas
|
|-heal|p1a: Zamazenta|75/100|[from] item: Leftovers
|upkeep
|turn|36
|
|t:|1758965946
|switch|p1a: Raging Bolt|Raging Bolt|74/100
|move|p2a: Weezing|Strange Steam|p1a: Raging Bolt
|-supereffective|p1a: Raging Bolt
|-damage|p1a: Raging Bolt|21/100
|
|upkeep
|turn|37
|
|t:|1758965960
|-end|p2a: Weezing|ability: Neutralizing Gas
|switch|p2a: Kingambit|Kingambit, M|100/100
|-activate|p2a: Kingambit|ability: Supreme Overlord
|-start|p2a: Kingambit|fallen3|[silent]
|move|p1a: Raging Bolt|Thunderbolt|p2a: Kingambit
|-damage|p2a: Kingambit|44/100
|
|-heal|p2a: Kingambit|50/100|[from] item: Leftovers
|upkeep
|turn|38
|
|t:|1758965972
|move|p2a: Kingambit|Sucker Punch|p1a: Raging Bolt
|-damage|p1a: Raging Bolt|0 fnt
|faint|p1a: Raging Bolt
|-end|p1a: Raging Bolt|Protosynthesis|[silent]
|
|-heal|p2a: Kingambit|56/100|[from] item: Leftovers
|upkeep
|
|t:|1758965983
|switch|p1a: 快龙一定要快|Dragonite, M|55/100
|turn|39
|
|t:|1758965991
|move|p2a: Kingambit|Sucker Punch|p1a: 快龙一定要快
|-damage|p1a: 快龙一定要快|8/100
|move|p1a: 快龙一定要快|Earthquake|p2a: Kingambit
|-supereffective|p2a: Kingambit
|-damage|p2a: Kingambit|0 fnt
|faint|p2a: Kingambit
|-end|p2a: Kingambit|fallen3|[silent]
|
|upkeep
|
|t:|1758965999
|switch|p2a: Weezing|Weezing-Galar, F|70/100
|-ability|p2a: Weezing|Neutralizing Gas
|turn|40
|
|t:|1758966002
|move|p1a: 快龙一定要快|Earthquake|p2a: Weezing
|-supereffective|p2a: Weezing
|-damage|p2a: Weezing|0 fnt
|faint|p2a: Weezing
|-end|p2a: Weezing|ability: Neutralizing Gas
|
|upkeep
|-message|ohjeebus forfeited.
|
|win|dseokp
|raw|dseokp's rating: 1545 &rarr; <strong>1566</strong><br />(+21 for winning)
|raw|ohjeebus's rating: 1555 &rarr; <strong>1534</strong><br />(-21 for losing)
|l|☆ohjeebus
|player|p2|
|l|☆dseokp
|player|p1|
