|j|☆epicgamer069420
|j|☆heatraniac
|t:|1759054131
|gametype|singles
|player|p1|epicgamer069420|hilbert|1616
|player|p2|heatraniac|miku-flying|1652
|gen|9
|tier|[Gen 9] OU
|rated|
|rule|HP Percentage Mod: HP is shown in percentages
|rule|Endless Battle Clause: Forcing endless battles is banned
|rule|Species Clause: Limit one of each Pokémon
|rule|OHKO Clause: OHKO moves are banned
|rule|Evasion Items Clause: Evasion items are banned
|rule|Evasion Moves Clause: Evasion moves are banned
|rule|Evasion Abilities Clause: Evasion abilities are banned
|rule|Sleep Moves Clause: Sleep-inducing moves are banned
|clearpoke
|poke|p1|Thundurus-Therian, M|
|poke|p1|Pelipper, F|
|poke|p1|Barraskewda, M|
|poke|p1|Iron Treads|
|poke|p1|Ogerpon-Wellspring, F|
|poke|p1|Dragonite, F|
|poke|p2|Kyurem|
|poke|p2|Great Tusk|
|poke|p2|Kingambit, F|
|poke|p2|Latias, F|
|poke|p2|Pecharunt|
|poke|p2|Heatran, M|
|teampreview
|inactive|Battle timer is ON: inactive players will automatically lose when time's up. (requested by epicgamer069420)
|
|t:|1759054155
|teamsize|p1|6
|teamsize|p2|6
|start
|switch|p1a: Iron Treads|Iron Treads|100/100
|switch|p2a: Pinnacle Starcage|Kyurem|100/100
|-ability|p2a: Pinnacle Starcage|Pressure
|-enditem|p1a: Iron Treads|Booster Energy
|-activate|p1a: Iron Treads|ability: Quark Drive|[fromitem]
|-start|p1a: Iron Treads|quarkdrivespe
|turn|1
|
|t:|1759054160
|move|p1a: Iron Treads|Steel Beam|p2a: Pinnacle Starcage
|-supereffective|p2a: Pinnacle Starcage
|-damage|p2a: Pinnacle Starcage|44/100
|-damage|p1a: Iron Treads|50/100|[from] steelbeam
|move|p2a: Pinnacle Starcage|Focus Blast|p1a: Iron Treads|[miss]
|-miss|p2a: Pinnacle Starcage|p1a: Iron Treads
|
|upkeep
|turn|2
|
|t:|1759054165
|switch|p2a: Fear of Isolation|Heatran, M|100/100
|move|p1a: Iron Treads|Stealth Rock|p2a: Fear of Isolation
|-sidestart|p2: heatraniac|move: Stealth Rock
|
|upkeep
|turn|3
|
|t:|1759054168
|move|p1a: Iron Treads|Earth Power|p2a: Fear of Isolation
|-supereffective|p2a: Fear of Isolation
|-damage|p2a: Fear of Isolation|6/100
|move|p2a: Fear of Isolation|Stealth Rock|p1a: Iron Treads
|-sidestart|p1: epicgamer069420|move: Stealth Rock
|
|-heal|p2a: Fear of Isolation|12/100|[from] item: Leftovers
|upkeep
|turn|4
|
|t:|1759054171
|move|p1a: Iron Treads|Rapid Spin|p2a: Fear of Isolation
|-resisted|p2a: Fear of Isolation
|-damage|p2a: Fear of Isolation|8/100
|-boost|p1a: Iron Treads|spe|1
|-sideend|p1: epicgamer069420|Stealth Rock|[from] move: Rapid Spin|[of] p1a: Iron Treads
|move|p2a: Fear of Isolation|Magma Storm|p1a: Iron Treads
|-supereffective|p1a: Iron Treads
|-damage|p1a: Iron Treads|0 fnt
|faint|p1a: Iron Treads
|-end|p1a: Iron Treads|Quark Drive|[silent]
|
|-heal|p2a: Fear of Isolation|14/100|[from] item: Leftovers
|upkeep
|
|t:|1759054179
|switch|p1a: Barraskewda|Barraskewda, M|100/100
|turn|5
|
|t:|1759054185
|move|p1a: Barraskewda|Liquidation|p2a: Fear of Isolation
|-supereffective|p2a: Fear of Isolation
|-damage|p2a: Fear of Isolation|0 fnt
|faint|p2a: Fear of Isolation
|
|upkeep
|
|t:|1759054190
|switch|p2a: Momentum Breaker|Great Tusk|100/100
|-damage|p2a: Momentum Breaker|97/100|[from] Stealth Rock
|-enditem|p2a: Momentum Breaker|Booster Energy
|-activate|p2a: Momentum Breaker|ability: Protosynthesis|[fromitem]
|-start|p2a: Momentum Breaker|protosynthesisatk
|turn|6
|
|t:|1759054198
|move|p1a: Barraskewda|Flip Turn|p2a: Momentum Breaker
|-supereffective|p2a: Momentum Breaker
|-damage|p2a: Momentum Breaker|46/100
|
|t:|1759054201
|switch|p1a: Pelipper|Pelipper, F|100/100|[from] Flip Turn
|-weather|RainDance|[from] ability: Drizzle|[of] p1a: Pelipper
|move|p2a: Momentum Breaker|Rapid Spin|p1a: Pelipper
|-damage|p1a: Pelipper|83/100
|-boost|p2a: Momentum Breaker|spe|1
|-sideend|p2: heatraniac|Stealth Rock|[from] move: Rapid Spin|[of] p2a: Momentum Breaker
|
|-weather|RainDance|[upkeep]
|upkeep
|turn|7
|
|t:|1759054211
|-end|p2a: Momentum Breaker|Protosynthesis|[silent]
|switch|p2a: Cosmogrand Zenith|Latias, F|100/100
|move|p1a: Pelipper|U-turn|p2a: Cosmogrand Zenith
|-supereffective|p2a: Cosmogrand Zenith
|-damage|p2a: Cosmogrand Zenith|77/100
|
|t:|1759054213
|switch|p1a: Barraskewda|Barraskewda, M|100/100|[from] U-turn
|
|-weather|RainDance|[upkeep]
|upkeep
|turn|8
|
|t:|1759054218
|move|p1a: Barraskewda|Liquidation|p2a: Cosmogrand Zenith
|-resisted|p2a: Cosmogrand Zenith
|-damage|p2a: Cosmogrand Zenith|26/100
|move|p2a: Cosmogrand Zenith|Draco Meteor|p1a: Barraskewda
|-damage|p1a: Barraskewda|0 fnt
|-unboost|p2a: Cosmogrand Zenith|spa|2
|faint|p1a: Barraskewda
|
|-weather|RainDance|[upkeep]
|upkeep
|
|t:|1759054224
|switch|p1a: Ogerpon|Ogerpon-Wellspring, F|100/100
|turn|9
|
|t:|1759054229
|switch|p2a: Godless Shrine|Pecharunt|100/100
|move|p1a: Ogerpon|Ivy Cudgel|p2a: Godless Shrine|[anim] Ivy Cudgel Water
|-damage|p2a: Godless Shrine|53/100
|
|-weather|RainDance|[upkeep]
|upkeep
|turn|10
|
|t:|1759054234
|-terastallize|p1a: Ogerpon|Water
|detailschange|p1a: Ogerpon|Ogerpon-Wellspring-Tera, F, tera:Water
|-ability|p1a: Ogerpon|Embody Aspect (Wellspring)|boost
|-boost|p1a: Ogerpon|spd|1
|move|p1a: Ogerpon|Ivy Cudgel|p2a: Godless Shrine|[anim] Ivy Cudgel Water
|-damage|p2a: Godless Shrine|0 fnt
|faint|p2a: Godless Shrine
|
|-weather|RainDance|[upkeep]
|upkeep
|inactive|heatraniac has 120 seconds left.
|
|t:|1759054285
|switch|p2a: Elegy Acolyte|Kingambit, F|100/100
|-activate|p2a: Elegy Acolyte|ability: Supreme Overlord
|-start|p2a: Elegy Acolyte|fallen2|[silent]
|turn|11
|
|t:|1759054301
|move|p1a: Ogerpon|Ivy Cudgel|p2a: Elegy Acolyte|[anim] Ivy Cudgel Water
|-damage|p2a: Elegy Acolyte|15/100
|move|p2a: Elegy Acolyte|Kowtow Cleave|p1a: Ogerpon
|-damage|p1a: Ogerpon|24/100
|
|-weather|RainDance|[upkeep]
|-heal|p2a: Elegy Acolyte|21/100|[from] item: Leftovers
|upkeep
|turn|12
|
|t:|1759054310
|switch|p1a: Thundurus|Thundurus-Therian, M|100/100
|move|p2a: Elegy Acolyte|Kowtow Cleave|p1a: Thundurus
|-damage|p1a: Thundurus|11/100
|
|-weather|RainDance|[upkeep]
|-heal|p2a: Elegy Acolyte|27/100|[from] item: Leftovers
|upkeep
|turn|13
|
|t:|1759054313
|move|p2a: Elegy Acolyte|Sucker Punch|p1a: Thundurus
|-crit|p1a: Thundurus
|-damage|p1a: Thundurus|0 fnt
|faint|p1a: Thundurus
|
|-weather|none
|-heal|p2a: Elegy Acolyte|33/100|[from] item: Leftovers
|upkeep
|
|t:|1759054315
|switch|p1a: Pelipper|Pelipper, F|83/100
|-weather|RainDance|[from] ability: Drizzle|[of] p1a: Pelipper
|turn|14
|
|t:|1759054322
|move|p2a: Elegy Acolyte|Kowtow Cleave|p1a: Pelipper
|-damage|p1a: Pelipper|35/100
|move|p1a: Pelipper|Surf|p2a: Elegy Acolyte
|-damage|p2a: Elegy Acolyte|0 fnt
|faint|p2a: Elegy Acolyte
|-end|p2a: Elegy Acolyte|fallen2|[silent]
|
|-weather|RainDance|[upkeep]
|upkeep
|
|t:|1759054329
|switch|p2a: Pinnacle Starcage|Kyurem|44/100
|-ability|p2a: Pinnacle Starcage|Pressure
|turn|15
|
|t:|1759054332
|move|p2a: Pinnacle Starcage|Freeze-Dry|p1a: Pelipper
|-supereffective|p1a: Pelipper
|-damage|p1a: Pelipper|0 fnt
|faint|p1a: Pelipper
|
|-weather|RainDance|[upkeep]
|upkeep
|
|t:|1759054333
|switch|p1a: Ogerpon|Ogerpon-Wellspring-Tera, F, tera:Water|24/100
|-ability|p1a: Ogerpon|Embody Aspect (Wellspring)|boost
|-boost|p1a: Ogerpon|spd|1
|turn|16
|
|t:|1759054340
|switch|p2a: Momentum Breaker|Great Tusk|46/100
|move|p1a: Ogerpon|Ivy Cudgel|p2a: Momentum Breaker|[anim] Ivy Cudgel Water
|-supereffective|p2a: Momentum Breaker
|-damage|p2a: Momentum Breaker|0 fnt
|faint|p2a: Momentum Breaker
|-end|p2a: Momentum Breaker|Protosynthesis|[silent]
|
|-weather|RainDance|[upkeep]
|upkeep
|
|t:|1759054342
|switch|p2a: Cosmogrand Zenith|Latias, F|26/100
|turn|17
|
|t:|1759054344
|move|p2a: Cosmogrand Zenith|Psyshock|p1a: Ogerpon
|-damage|p1a: Ogerpon|0 fnt
|faint|p1a: Ogerpon
|detailschange|p1: Ogerpon|Ogerpon-Wellspring, F|[silent]
|
|-weather|RainDance|[upkeep]
|upkeep
|
|t:|1759054347
|switch|p1a: Dragonite|Dragonite, F|100/100
|turn|18
|
|t:|1759054356
|move|p2a: Cosmogrand Zenith|Psyshock|p1a: Dragonite
|-damage|p1a: Dragonite|79/100
|move|p1a: Dragonite|Dragon Dance|p1a: Dragonite
|-boost|p1a: Dragonite|atk|1
|-boost|p1a: Dragonite|spe|1
|
|-weather|RainDance|[upkeep]
|upkeep
|turn|19
|
|t:|1759054359
|switch|p2a: Pinnacle Starcage|Kyurem|44/100
|-ability|p2a: Pinnacle Starcage|Pressure
|move|p1a: Dragonite|Dragon Dance|p1a: Dragonite
|-boost|p1a: Dragonite|atk|1
|-boost|p1a: Dragonite|spe|1
|
|-weather|RainDance|[upkeep]
|upkeep
|turn|20
|
|t:|1759054363
|move|p1a: Dragonite|Extreme Speed|p2a: Pinnacle Starcage
|-damage|p2a: Pinnacle Starcage|0 fnt
|faint|p2a: Pinnacle Starcage
|
|-weather|RainDance|[upkeep]
|upkeep
|
|t:|1759054365
|switch|p2a: Cosmogrand Zenith|Latias, F|26/100
|turn|21
|
|t:|1759054368
|-terastallize|p2a: Cosmogrand Zenith|Steel
|move|p1a: Dragonite|Extreme Speed|p2a: Cosmogrand Zenith
|-resisted|p2a: Cosmogrand Zenith
|-damage|p2a: Cosmogrand Zenith|0 fnt
|faint|p2a: Cosmogrand Zenith
|
|win|epicgamer069420
|raw|epicgamer069420's rating: 1616 &rarr; <strong>1638</strong><br />(+22 for winning)
|raw|heatraniac's rating: 1652 &rarr; <strong>1630</strong><br />(-22 for losing)
|l|☆heatraniac
|player|p2|
|l|☆epicgamer069420
|player|p1|
