|j|☆qiji125
|j|☆iyasih
|t:|1758983036
|gametype|singles
|player|p1|qiji125|n|1195
|player|p2|iyasih|266|1180
|gen|9
|tier|[Gen 9] OU
|rated|
|rule|HP Percentage Mod: HP is shown in percentages
|rule|Endless Battle Clause: Forcing endless battles is banned
|rule|Species Clause: Limit one of each Pokémon
|rule|OHKO Clause: OHKO moves are banned
|rule|Evasion Items Clause: Evasion items are banned
|rule|Evasion Moves Clause: Evasion moves are banned
|rule|Evasion Abilities Clause: Evasion abilities are banned
|rule|Sleep Moves Clause: Sleep-inducing moves are banned
|clearpoke
|poke|p1|Dragapult, F|
|poke|p1|Darkrai|
|poke|p1|Samurott-Hisui, M|
|poke|p1|Enamorus, F|
|poke|p1|Iron Treads|
|poke|p1|Alomomola, F|
|poke|p2|Gholdengo|
|poke|p2|Ogerpon-Wellspring, F|
|poke|p2|Vaporeon, F|
|poke|p2|Alomomola, M|
|poke|p2|Pelipper, F|
|poke|p2|Alcremie, F|
|teampreview
|
|t:|1758983068
|teamsize|p1|6
|teamsize|p2|6
|start
|switch|p1a: Samurott|Samurott-Hisui, M|100/100
|switch|p2a: Pelipper|Pelipper, F|100/100
|-weather|RainDance|[from] ability: Drizzle|[of] p2a: Pelipper
|turn|1
|
|t:|1758983078
|move|p1a: Samurott|Ceaseless Edge|p2a: Pelipper
|-damage|p2a: Pelipper|64/100
|-sidestart|p2: iyasih|Spikes
|move|p2a: Pelipper|Hurricane|p1a: Samurott
|-damage|p1a: Samurott|44/100
|
|-weather|RainDance|[upkeep]
|upkeep
|turn|2
|
|t:|1758983098
|switch|p1a: Iron Treads|Iron Treads|100/100
|-item|p1a: Iron Treads|Air Balloon
|move|p2a: Pelipper|Roost|p2a: Pelipper
|-heal|p2a: Pelipper|100/100
|-singleturn|p2a: Pelipper|move: Roost
|
|-weather|RainDance|[upkeep]
|upkeep
|turn|3
|
|t:|1758983117
|switch|p2a: Ogerpon|Ogerpon-Wellspring, F|100/100
|-damage|p2a: Ogerpon|88/100|[from] Spikes
|move|p1a: Iron Treads|Knock Off|p2a: Ogerpon
|-damage|p2a: Ogerpon|67/100
|
|-weather|RainDance|[upkeep]
|upkeep
|turn|4
|
|t:|1758983151
|-end|p1a: Iron Treads|Quark Drive|[silent]
|switch|p1a: Dragapult|Dragapult, F|100/100
|move|p2a: Ogerpon|Ivy Cudgel|p1a: Dragapult|[anim] Ivy Cudgel Water
|-resisted|p1a: Dragapult
|-damage|p1a: Dragapult|42/100
|
|-weather|RainDance|[upkeep]
|upkeep
|turn|5
|
|t:|1758983168
|switch|p2a: Alcremie|Alcremie, F|100/100
|-damage|p2a: Alcremie|88/100|[from] Spikes
|move|p1a: Dragapult|Shadow Ball|p2a: Alcremie
|-damage|p2a: Alcremie|33/100
|
|-weather|RainDance|[upkeep]
|-heal|p2a: Alcremie|39/100|[from] item: Leftovers
|upkeep
|turn|6
|
|t:|1758983187
|switch|p2a: Alomomola|Alomomola, M|100/100
|move|p1a: Dragapult|Shadow Ball|p2a: Alomomola
|-damage|p2a: Alomomola|50/100
|-unboost|p2a: Alomomola|spd|1
|
|-weather|RainDance|[upkeep]
|upkeep
|turn|7
|
|t:|1758983197
|switch|p2a: Alcremie|Alcremie, F|39/100
|-damage|p2a: Alcremie|27/100|[from] Spikes
|move|p1a: Dragapult|Shadow Ball|p2a: Alcremie
|-damage|p2a: Alcremie|0 fnt
|faint|p2a: Alcremie
|
|-weather|RainDance|[upkeep]
|upkeep
|
|t:|1758983210
|switch|p2a: Alomomola|Alomomola, M|83/100
|turn|8
|
|t:|1758983216
|move|p1a: Dragapult|Shadow Ball|p2a: Alomomola
|-damage|p2a: Alomomola|39/100
|move|p2a: Alomomola|Wish|p2a: Alomomola
|
|-weather|none
|upkeep
|turn|9
|inactive|Battle timer is ON: inactive players will automatically lose when time's up. (requested by iyasih)
|
|t:|1758983249
|switch|p1a: Samurott|Samurott-Hisui, M|44/100
|switch|p2a: Vaporeon|Vaporeon, F|100/100
|-damage|p2a: Vaporeon|88/100|[from] Spikes
|
|-heal|p2a: Vaporeon|100/100|[from] move: Wish|[wisher] Alomomola
|upkeep
|turn|10
|
|t:|1758983268
|move|p1a: Samurott|Flip Turn|p2a: Vaporeon
|-resisted|p2a: Vaporeon
|-damage|p2a: Vaporeon|90/100
|
|t:|1758983278
|switch|p1a: Alomomola|Alomomola, F|100/100|[from] Flip Turn
|move|p2a: Vaporeon|Acid Armor|p2a: Vaporeon
|-boost|p2a: Vaporeon|def|2
|
|-heal|p2a: Vaporeon|96/100|[from] item: Leftovers
|upkeep
|turn|11
|c|☆qiji125|？
|
|t:|1758983297
|move|p2a: Vaporeon|Calm Mind|p2a: Vaporeon
|-boost|p2a: Vaporeon|spa|1
|-boost|p2a: Vaporeon|spd|1
|move|p1a: Alomomola|Alluring Voice|p2a: Vaporeon
|-damage|p2a: Vaporeon|92/100
|-start|p2a: Vaporeon|confusion
|
|-heal|p2a: Vaporeon|98/100|[from] item: Leftovers
|upkeep
|turn|12
|inactive|qiji125 has 120 seconds left.
|
|t:|1758983319
|-activate|p2a: Vaporeon|confusion
|move|p2a: Vaporeon|Calm Mind|p2a: Vaporeon
|-boost|p2a: Vaporeon|spa|1
|-boost|p2a: Vaporeon|spd|1
|move|p1a: Alomomola|Mirror Coat||[still]
|-fail|p1a: Alomomola
|
|-heal|p2a: Vaporeon|100/100|[from] item: Leftovers
|upkeep
|turn|13
|inactive|qiji125 has 120 seconds left.
|
|t:|1758983335
|-activate|p2a: Vaporeon|confusion
|move|p2a: Vaporeon|Calm Mind|p2a: Vaporeon
|-boost|p2a: Vaporeon|spa|1
|-boost|p2a: Vaporeon|spd|1
|move|p1a: Alomomola|Mirror Coat||[still]
|-fail|p1a: Alomomola
|
|upkeep
|turn|14
|inactive|qiji125 has 120 seconds left.
|
|t:|1758983345
|-activate|p2a: Vaporeon|confusion
|-damage|p2a: Vaporeon|98/100|[from] confusion
|move|p1a: Alomomola|Flip Turn|p2a: Vaporeon
|-resisted|p2a: Vaporeon
|-damage|p2a: Vaporeon|95/100
|inactive|qiji125 has 120 seconds left.
|
|t:|1758983369
|switch|p1a: Dragapult|Dragapult, F|42/100|[from] Flip Turn
|
|-heal|p2a: Vaporeon|100/100|[from] item: Leftovers
|upkeep
|turn|15
|
|t:|1758983379
|move|p1a: Dragapult|Draco Meteor|p2a: Vaporeon
|-damage|p2a: Vaporeon|76/100
|-unboost|p1a: Dragapult|spa|2
|-activate|p2a: Vaporeon|confusion
|move|p2a: Vaporeon|Stored Power|p1a: Dragapult
|-damage|p1a: Dragapult|0 fnt
|faint|p1a: Dragapult
|
|-heal|p2a: Vaporeon|82/100|[from] item: Leftovers
|upkeep
|
|t:|1758983392
|switch|p1a: Darkrai|Darkrai|100/100
|turn|16
|
|t:|1758983404
|-terastallize|p2a: Vaporeon|Water
|move|p1a: Darkrai|Trick|p2a: Vaporeon
|-activate|p1a: Darkrai|move: Trick|[of] p2a: Vaporeon
|-item|p2a: Vaporeon|Choice Scarf|[from] move: Trick
|-item|p1a: Darkrai|Leftovers|[from] move: Trick
|-end|p2a: Vaporeon|confusion
|move|p2a: Vaporeon|Scald|p1a: Darkrai
|-damage|p1a: Darkrai|0 fnt
|faint|p1a: Darkrai
|
|upkeep
|c|☆qiji125|gg
|inactive|qiji125 has 90 seconds left.
|-message|qiji125 forfeited.
|
|win|iyasih
|raw|qiji125's rating: 1195 &rarr; <strong>1169</strong><br />(-26 for losing)
|raw|iyasih's rating: 1180 &rarr; <strong>1206</strong><br />(+26 for winning)
|l|☆qiji125
|player|p1|
|l|☆iyasih
|player|p2|
