|badge|p2|bronze|gen9ou|100-6
|html|<div class="broadcast-red"><strong>This battle is required to be public due to one or more player having a season medal.</strong><br />During the public phase, you can discuss the state of the ladder <a href="/seasondiscussion">in a special chatroom.</a></div>
|uhtml|medal-msg|<div class="broadcast-blue">Curious what those medals under the avatar are? PS now has Ladder Seasons! For more information, check out the <a href="https://www.smogon.com/forums/threads/3740067/">thread on Smogon.</a></div>
|raw|<div class="broadcast-blue"><strong>This battle is required to be public due to a player having a name starting with 'medal'.</div>
|j|☆xKwat
|j|☆chien-pookie
|t:|1758943686
|gametype|singles
|player|p1|xKwat|swimmer|1574
|player|p2|chien-pookie|leaf-masters|1808
|gen|9
|tier|[Gen 9] OU
|rated|
|rule|HP Percentage Mod: HP is shown in percentages
|rule|Endless Battle Clause: Forcing endless battles is banned
|rule|Species Clause: Limit one of each Pokémon
|rule|OHKO Clause: OHKO moves are banned
|rule|Evasion Items Clause: Evasion items are banned
|rule|Evasion Moves Clause: Evasion moves are banned
|rule|Evasion Abilities Clause: Evasion abilities are banned
|rule|Sleep Moves Clause: Sleep-inducing moves are banned
|clearpoke
|poke|p1|Mamoswine, F|
|poke|p1|Raging Bolt|
|poke|p1|Slowking-Galar, F|
|poke|p1|Corviknight, F|
|poke|p1|Samurott-Hisui, M|
|poke|p1|Great Tusk|
|poke|p2|Keldeo|
|poke|p2|Gholdengo|
|poke|p2|Landorus-Therian, M|
|poke|p2|Great Tusk|
|poke|p2|Iron Moth|
|poke|p2|Kingambit, M|
|teampreview
|inactive|Battle timer is ON: inactive players will automatically lose when time's up. (requested by chien-pookie)
|j| larp legion
|c|☆xKwat|ooo someone famous
|inactive|chien-pookie has 120 seconds left.
|inactive|chien-pookie has 90 seconds left.
|c|☆chien-pookie|real
|
|t:|1758943771
|teamsize|p1|6
|teamsize|p2|6
|start
|switch|p1a: Slowking|Slowking-Galar, F, shiny|100/100
|switch|p2a: Keldeo|Keldeo|100/100
|turn|1
|
|t:|1758943785
|switch|p2a: Landorus|Landorus-Therian, M|100/100
|-ability|p2a: Landorus|Intimidate|boost
|-unboost|p1a: Slowking|atk|1
|move|p1a: Slowking|Future Sight|p2a: Landorus
|-start|p1a: Slowking|move: Future Sight
|
|upkeep
|turn|2
|
|t:|1758943795
|move|p2a: Landorus|U-turn|p1a: Slowking
|-damage|p1a: Slowking|73/100
|
|t:|1758943800
|switch|p2a: Kingambit|Kingambit, M|100/100|[from] U-turn
|-item|p2a: Kingambit|Air Balloon
|-prepare|p1a: Slowking|Chilly Reception|[premajor]
|move|p1a: Slowking|Chilly Reception|p1a: Slowking
|-weather|Snowscape
|
|t:|1758943803
|switch|p1a: Samurott|Samurott-Hisui, M, shiny|100/100|[from] Chilly Reception
|
|-weather|Snowscape|[upkeep]
|upkeep
|turn|3
|
|t:|1758943811
|move|p1a: Samurott|Sacred Sword|p2a: Kingambit
|-supereffective|p2a: Kingambit
|-damage|p2a: Kingambit|0 fnt
|-enditem|p2a: Kingambit|Air Balloon
|faint|p2a: Kingambit
|-end|p2a: Kingambit|fallenundefined|[silent]
|
|-weather|Snowscape|[upkeep]
|-hint|Future Sight did not hit because the target is fainted.
|upkeep
|
|t:|1758943821
|switch|p2a: Keldeo|Keldeo|100/100
|turn|4
|j| locked in bro
|inactive|xKwat has 120 seconds left.
|
|t:|1758943868
|switch|p1a: Slowking|Slowking-Galar, F, shiny|100/100
|move|p2a: Keldeo|Swords Dance|p2a: Keldeo
|-boost|p2a: Keldeo|atk|2
|
|-weather|Snowscape|[upkeep]
|upkeep
|turn|5
|
|t:|1758943890
|move|p2a: Keldeo|Liquidation|p1a: Slowking
|-damage|p1a: Slowking|11/100
|-damage|p2a: Keldeo|91/100|[from] item: Life Orb
|move|p1a: Slowking|Future Sight|p2a: Keldeo
|-start|p1a: Slowking|move: Future Sight
|
|-weather|Snowscape|[upkeep]
|upkeep
|turn|6
|inactive|xKwat has 90 seconds left.
|
|t:|1758943909
|switch|p1a: Solid Tusks|Great Tusk, shiny|100/100
|move|p2a: Keldeo|Liquidation|p1a: Solid Tusks
|-supereffective|p1a: Solid Tusks
|-damage|p1a: Solid Tusks|1/100
|-damage|p2a: Keldeo|74/100|[from] item: Rocky Helmet|[of] p1a: Solid Tusks
|-damage|p2a: Keldeo|64/100|[from] item: Life Orb
|
|-weather|none
|upkeep
|turn|7
|c| larp legion|is keldeo frauded
|
|t:|1758943920
|switch|p2a: Great Tusk|Great Tusk|100/100
|move|p1a: Solid Tusks|Stealth Rock|p2a: Great Tusk
|-sidestart|p2: chien-pookie|move: Stealth Rock
|
|-end|p2a: Great Tusk|move: Future Sight
|-supereffective|p2a: Great Tusk
|-damage|p2a: Great Tusk|0 fnt
|faint|p2a: Great Tusk
|-end|p2a: Great Tusk|Protosynthesis|[silent]
|upkeep
|c|☆xKwat|it is
|
|t:|1758943944
|switch|p2a: Iron Moth|Iron Moth|100/100
|-damage|p2a: Iron Moth|76/100|[from] Stealth Rock
|-enditem|p2a: Iron Moth|Booster Energy
|-activate|p2a: Iron Moth|ability: Quark Drive|[fromitem]
|-start|p2a: Iron Moth|quarkdrivespe
|turn|8
|
|t:|1758943950
|move|p2a: Iron Moth|Fiery Dance|p1a: Solid Tusks
|-damage|p1a: Solid Tusks|0 fnt
|-boost|p2a: Iron Moth|spa|1
|faint|p1a: Solid Tusks
|-end|p1a: Solid Tusks|Protosynthesis|[silent]
|
|upkeep
|
|t:|1758943954
|switch|p1a: Samurott|Samurott-Hisui, M, shiny|100/100
|turn|9
|
|t:|1758943958
|move|p2a: Iron Moth|Sludge Wave|p1a: Samurott
|-damage|p1a: Samurott|49/100
|move|p1a: Samurott|Ceaseless Edge|p2a: Iron Moth
|-damage|p2a: Iron Moth|11/100
|-sidestart|p2: chien-pookie|Spikes
|
|upkeep
|turn|10
|
|t:|1758943964
|move|p1a: Samurott|Aqua Jet|p2a: Iron Moth
|-supereffective|p2a: Iron Moth
|-damage|p2a: Iron Moth|0 fnt
|faint|p2a: Iron Moth
|-end|p2a: Iron Moth|Quark Drive|[silent]
|
|upkeep
|
|t:|1758943971
|switch|p2a: Landorus|Landorus-Therian, M|100/100
|-damage|p2a: Landorus|88/100|[from] Stealth Rock
|-ability|p2a: Landorus|Intimidate|boost
|-unboost|p1a: Samurott|atk|1
|turn|11
|
|t:|1758943977
|switch|p1a: Mamoswine|Mamoswine, F, shiny|100/100
|move|p2a: Landorus|U-turn|p1a: Mamoswine
|-damage|p1a: Mamoswine|70/100
|
|t:|1758943980
|switch|p2a: Keldeo|Keldeo|64/100|[from] U-turn
|-damage|p2a: Keldeo|58/100|[from] Stealth Rock
|-damage|p2a: Keldeo|46/100|[from] Spikes
|
|upkeep
|turn|12
|
|t:|1758943987
|switch|p1a: Slowking|Slowking-Galar, F, shiny|45/100
|move|p2a: Keldeo|Swords Dance|p2a: Keldeo
|-boost|p2a: Keldeo|atk|2
|
|upkeep
|turn|13
|
|t:|1758943993
|switch|p1a: Corviknight|Corviknight, F, shiny|100/100
|-ability|p1a: Corviknight|Pressure
|move|p2a: Keldeo|Liquidation|p1a: Corviknight
|-damage|p1a: Corviknight|51/100
|-damage|p2a: Keldeo|29/100|[from] item: Rocky Helmet|[of] p1a: Corviknight
|-damage|p2a: Keldeo|19/100|[from] item: Life Orb
|
|upkeep
|turn|14
|
|t:|1758944000
|move|p2a: Keldeo|Liquidation|p1a: Corviknight
|-damage|p1a: Corviknight|0 fnt
|-damage|p2a: Keldeo|3/100|[from] item: Rocky Helmet|[of] p1a: Corviknight
|faint|p1a: Corviknight
|-damage|p2a: Keldeo|0 fnt|[from] item: Life Orb
|faint|p2a: Keldeo
|
|upkeep
|
|t:|1758944012
|switch|p2a: Landorus|Landorus-Therian, M|88/100
|switch|p1a: Samurott|Samurott-Hisui, M, shiny|49/100
|-damage|p2a: Landorus|76/100|[from] Stealth Rock
|-ability|p2a: Landorus|Intimidate|boost
|-unboost|p1a: Samurott|atk|1
|turn|15
|
|t:|1758944020
|switch|p1a: Raging Bolt|Raging Bolt|100/100
|move|p2a: Landorus|Earthquake|p1a: Raging Bolt
|-supereffective|p1a: Raging Bolt
|-damage|p1a: Raging Bolt|0 fnt
|faint|p1a: Raging Bolt
|-end|p1a: Raging Bolt|Protosynthesis|[silent]
|
|upkeep
|
|t:|1758944022
|switch|p1a: Mamoswine|Mamoswine, F, shiny|70/100
|turn|16
|
|t:|1758944026
|switch|p2a: Gholdengo|Gholdengo|100/100
|-damage|p2a: Gholdengo|94/100|[from] Stealth Rock
|-item|p2a: Gholdengo|Air Balloon
|move|p1a: Mamoswine|Ice Shard|p2a: Gholdengo
|-resisted|p2a: Gholdengo
|-damage|p2a: Gholdengo|85/100
|-enditem|p2a: Gholdengo|Air Balloon
|
|upkeep
|turn|17
|inactive|chien-pookie has 120 seconds left.
|inactive|chien-pookie has 90 seconds left.
|
|t:|1758944112
|switch|p1a: Slowking|Slowking-Galar, F, shiny|78/100
|move|p2a: Gholdengo|Make It Rain|p1a: Slowking
|-damage|p1a: Slowking|47/100
|-unboost|p2a: Gholdengo|spa|1
|
|upkeep
|turn|18
|inactive|chien-pookie has 60 seconds left.
|inactive|xKwat has 120 seconds left.
|inactive|chien-pookie has 30 seconds left.
|inactive|chien-pookie has 20 seconds left.
|inactive|chien-pookie has 15 seconds left.
|inactive|chien-pookie has 10 seconds left.
|inactive|chien-pookie has 5 seconds left.
|-message|chien-pookie lost due to inactivity.
|
|win|xKwat
|raw|xKwat's rating: 1574 &rarr; <strong>1606</strong><br />(+32 for winning)
|raw|chien-pookie's rating: 1808 &rarr; <strong>1776</strong><br />(-32 for losing)
|c| larp legion|POOKIE
|c| larp legion|rip
|c|☆chien-pookie|noo
|c|☆chien-pookie|wtf
|l|☆chien-pookie
|player|p2|
|c|☆xKwat|lol
|c|☆xKwat|im too good
