|j|☆106abd
|j|☆sunnysoon
|t:|1758989418
|gametype|singles
|player|p1|106abd|hilbert-wonderlauncher|1478
|player|p2|sunnysoon|dancer|1530
|gen|9
|tier|[Gen 9] OU
|rated|
|rule|HP Percentage Mod: HP is shown in percentages
|rule|Endless Battle Clause: Forcing endless battles is banned
|rule|Species Clause: Limit one of each Pokémon
|rule|OHKO Clause: OHKO moves are banned
|rule|Evasion Items Clause: Evasion items are banned
|rule|Evasion Moves Clause: Evasion moves are banned
|rule|Evasion Abilities Clause: Evasion abilities are banned
|rule|Sleep Moves Clause: Sleep-inducing moves are banned
|clearpoke
|poke|p1|Whimsicott, M|
|poke|p1|Garganacl, M|
|poke|p1|Dragapult, M|
|poke|p1|Talonflame, M|
|poke|p1|Kingambit, M|
|poke|p1|Greninja-*, M|
|poke|p2|Mamoswine, M|
|poke|p2|Glimmora, M|
|poke|p2|Iron Crown|
|poke|p2|Zamazenta-*|
|poke|p2|Sinistcha|
|poke|p2|Samurott-Hisui, M|
|teampreview
|
|t:|1758989440
|teamsize|p1|6
|teamsize|p2|6
|start
|switch|p1a: Dragapult|Dragapult, M|100/100
|switch|p2a: Glimmora|Glimmora, M, shiny|100/100
|turn|1
|
|t:|1758989449
|move|p1a: Dragapult|Dragon Darts|p2a: Glimmora
|-damage|p2a: Glimmora|74/100
|-activate|p2a: Glimmora|ability: Toxic Debris
|-sidestart|p1: 106abd|move: Toxic Spikes
|-anim|p1a: Dragapult|Dragon Darts|p2a: Glimmora
|-damage|p2a: Glimmora|50/100
|-activate|p2a: Glimmora|ability: Toxic Debris
|-sidestart|p1: 106abd|move: Toxic Spikes
|-enditem|p2a: Glimmora|Red Card|[of] p1a: Dragapult
|drag|p1a: Talonflame|Talonflame, M|100/100
|move|p2a: Glimmora|Stealth Rock|p1a: Talonflame
|-sidestart|p1: 106abd|move: Stealth Rock
|
|upkeep
|turn|2
|
|t:|1758989456
|move|p1a: Talonflame|Defog|p2a: Glimmora
|-unboost|p2a: Glimmora|evasion|1
|-sideend|p1: 106abd|Toxic Spikes|[from] move: Defog|[of] p1a: Talonflame
|-sideend|p1: 106abd|Stealth Rock|[from] move: Defog|[of] p1a: Talonflame
|move|p2a: Glimmora|Power Gem|p1a: Talonflame
|-supereffective|p1a: Talonflame
|-damage|p1a: Talonflame|0 fnt
|faint|p1a: Talonflame
|
|upkeep
|
|t:|1758989462
|switch|p1a: Dragapult|Dragapult, M|100/100
|turn|3
|
|t:|1758989476
|switch|p2a: Iron Crown|Iron Crown|100/100
|move|p1a: Dragapult|Dragon Darts|p2a: Iron Crown
|-resisted|p2a: Iron Crown
|-damage|p2a: Iron Crown|86/100
|-anim|p1a: Dragapult|Dragon Darts|p2a: Iron Crown
|-resisted|p2a: Iron Crown
|-damage|p2a: Iron Crown|72/100
|
|upkeep
|turn|4
|
|t:|1758989484
|switch|p1a: Kingambit|Kingambit, M|100/100
|-activate|p1a: Kingambit|ability: Supreme Overlord
|-start|p1a: Kingambit|fallen1|[silent]
|move|p2a: Iron Crown|Volt Switch|p1a: Kingambit
|-damage|p1a: Kingambit|62/100
|
|t:|1758989493
|-end|p2a: Iron Crown|Quark Drive|[silent]
|switch|p2a: Samurott|Samurott-Hisui, M, shiny|100/100|[from] Volt Switch
|
|-heal|p1a: Kingambit|68/100|[from] item: Leftovers
|upkeep
|turn|5
|
|t:|1758989518
|-end|p1a: Kingambit|fallen1|[silent]
|switch|p1a: Whimsicott|Whimsicott, M|100/100
|move|p2a: Samurott|Ceaseless Edge|p1a: Whimsicott
|-resisted|p1a: Whimsicott
|-damage|p1a: Whimsicott|62/100
|-sidestart|p1: 106abd|Spikes
|
|upkeep
|turn|6
|
|t:|1758989532
|switch|p2a: Iron Crown|Iron Crown|72/100
|move|p1a: Whimsicott|Shadow Ball|p2a: Iron Crown
|-supereffective|p2a: Iron Crown
|-damage|p2a: Iron Crown|21/100
|-unboost|p2a: Iron Crown|spd|1
|
|upkeep
|turn|7
|
|t:|1758989539
|-end|p2a: Iron Crown|Quark Drive|[silent]
|switch|p2a: Samurott|Samurott-Hisui, M, shiny|100/100
|move|p1a: Whimsicott|Shadow Ball|p2a: Samurott
|-resisted|p2a: Samurott
|-crit|p2a: Samurott
|-damage|p2a: Samurott|68/100
|-unboost|p2a: Samurott|spd|1
|
|upkeep
|turn|8
|
|t:|1758989550
|switch|p1a: Greninja|Greninja, M, shiny|100/100
|-damage|p1a: Greninja|88/100|[from] Spikes
|move|p2a: Samurott|Ceaseless Edge|p1a: Greninja
|-resisted|p1a: Greninja
|-damage|p1a: Greninja|38/100
|-sidestart|p1: 106abd|Spikes
|
|upkeep
|turn|9
|
|t:|1758989561
|move|p2a: Samurott|Sucker Punch|p1a: Greninja
|-resisted|p1a: Greninja
|-damage|p1a: Greninja|2/100
|move|p1a: Greninja|Sludge Wave|p2a: Samurott
|-start|p1a: Greninja|typechange|Poison|[from] ability: Protean
|-damage|p2a: Samurott|0 fnt
|faint|p2a: Samurott
|-damage|p1a: Greninja|0 fnt|[from] item: Life Orb
|faint|p1a: Greninja
|
|upkeep
|
|t:|1758989576
|switch|p1a: Whimsicott|Whimsicott, M|62/100
|switch|p2a: Mamoswine|Mamoswine, M, shiny|100/100
|-damage|p1a: Whimsicott|46/100|[from] Spikes
|turn|10
|
|t:|1758989582
|-terastallize|p1a: Whimsicott|Ghost
|move|p2a: Mamoswine|Ice Shard|p1a: Whimsicott
|-damage|p1a: Whimsicott|0 fnt
|faint|p1a: Whimsicott
|
|upkeep
|
|t:|1758989586
|switch|p1a: Kingambit|Kingambit, M|68/100
|-damage|p1a: Kingambit|52/100|[from] Spikes
|-activate|p1a: Kingambit|ability: Supreme Overlord
|-start|p1a: Kingambit|fallen3|[silent]
|turn|11
|
|t:|1758989593
|switch|p2a: Glimmora|Glimmora, M, shiny|50/100
|move|p1a: Kingambit|Swords Dance|p1a: Kingambit
|-boost|p1a: Kingambit|atk|2
|
|-heal|p1a: Kingambit|58/100|[from] item: Leftovers
|upkeep
|turn|12
|-message|106abd forfeited.
|
|win|sunnysoon
|raw|106abd's rating: 1478 &rarr; <strong>1461</strong><br />(-17 for losing)
|raw|sunnysoon's rating: 1530 &rarr; <strong>1547</strong><br />(+17 for winning)
|l|☆106abd
|player|p1|
|l|☆sunnysoon
|player|p2|
