|j|☆Tidk
|j|☆yoAbyss
|t:|1758928575
|gametype|singles
|player|p1|Tidk|silver|1168
|player|p2|yoAbyss|koga|1143
|gen|9
|tier|[Gen 9] OU
|rated|
|rule|HP Percentage Mod: HP is shown in percentages
|rule|Endless Battle Clause: Forcing endless battles is banned
|rule|Species Clause: Limit one of each Pokémon
|rule|OHKO Clause: OHKO moves are banned
|rule|Evasion Items Clause: Evasion items are banned
|rule|Evasion Moves Clause: Evasion moves are banned
|rule|Evasion Abilities Clause: Evasion abilities are banned
|rule|Sleep Moves Clause: Sleep-inducing moves are banned
|clearpoke
|poke|p1|Pincurchin, F|
|poke|p1|Raichu-Alola, M|
|poke|p1|Ambipom, F|
|poke|p1|Salamence, M|
|poke|p1|Serperior, M|
|poke|p1|Hawlucha, M|
|poke|p2|Flapple, M|
|poke|p2|Slither Wing|
|poke|p2|Delphox, F|
|poke|p2|Grimmsnarl, M|
|poke|p2|Tinkaton, F|
|poke|p2|Walking Wake|
|teampreview
|inactive|Battle timer is ON: inactive players will automatically lose when time's up. (requested by yoAbyss)
|
|t:|1758928581
|teamsize|p1|6
|teamsize|p2|6
|start
|switch|p1a: Ambipom|Ambipom, F, shiny|100/100
|switch|p2a: Grimmsnarl|Grimmsnarl, M|100/100
|turn|1
|
|t:|1758928589
|move|p1a: Ambipom|Fake Out|p2a: Grimmsnarl
|-damage|p2a: Grimmsnarl|71/100
|cant|p2a: Grimmsnarl|flinch
|
|upkeep
|turn|2
|
|t:|1758928605
|move|p2a: Grimmsnarl|Reflect|p2a: Grimmsnarl
|-sidestart|p2: yoAbyss|Reflect
|move|p1a: Ambipom|Thunder Wave|p2a: Grimmsnarl
|-status|p2a: Grimmsnarl|par
|
|upkeep
|turn|3
|
|t:|1758928611
|switch|p1a: Serperior|Serperior, M|100/100
|move|p2a: Grimmsnarl|Thunder Wave|p1a: Serperior
|-status|p1a: Serperior|par
|
|upkeep
|turn|4
|
|t:|1758928623
|move|p2a: Grimmsnarl|Light Screen|p2a: Grimmsnarl
|-sidestart|p2: yoAbyss|move: Light Screen
|move|p1a: Serperior|Substitute|p1a: Serperior
|-start|p1a: Serperior|Substitute
|-damage|p1a: Serperior|76/100 par
|
|-heal|p1a: Serperior|82/100 par|[from] item: Leftovers
|upkeep
|turn|5
|
|t:|1758928631
|switch|p2a: Flapple|Flapple, M|100/100
|cant|p1a: Serperior|par
|
|-heal|p1a: Serperior|88/100 par|[from] item: Leftovers
|upkeep
|turn|6
|
|t:|1758928639
|move|p2a: Flapple|Dragon Dance|p2a: Flapple
|-boost|p2a: Flapple|atk|1
|-boost|p2a: Flapple|spe|1
|cant|p1a: Serperior|par
|
|-heal|p1a: Serperior|94/100 par|[from] item: Leftovers
|upkeep
|turn|7
|
|t:|1758928647
|move|p2a: Flapple|Dual Wingbeat|p1a: Serperior
|-supereffective|p1a: Serperior
|-end|p1a: Serperior|Substitute
|-supereffective|p1a: Serperior
|-damage|p1a: Serperior|48/100 par
|-hitcount|p1a: Serperior|2
|cant|p1a: Serperior|par
|
|-heal|p1a: Serperior|54/100 par|[from] item: Leftovers
|upkeep
|turn|8
|-message|Tidk forfeited.
|
|win|yoAbyss
|raw|Tidk's rating: 1168 &rarr; <strong>1141</strong><br />(-27 for losing)
|raw|yoAbyss's rating: 1143 &rarr; <strong>1170</strong><br />(+27 for winning)
|l|☆Tidk
|player|p1|
|l|☆yoAbyss
|player|p2|
