|j|☆ash5501
|j|☆lullaby disk
|t:|1759023926
|gametype|singles
|player|p1|ash5501|101|1306
|player|p2|lullaby disk|roxie-masters|1355
|gen|9
|tier|[Gen 9] OU
|rated|
|rule|HP Percentage Mod: HP is shown in percentages
|rule|Endless Battle Clause: Forcing endless battles is banned
|rule|Species Clause: Limit one of each Pokémon
|rule|OHKO Clause: OHKO moves are banned
|rule|Evasion Items Clause: Evasion items are banned
|rule|Evasion Moves Clause: Evasion moves are banned
|rule|Evasion Abilities Clause: Evasion abilities are banned
|rule|Sleep Moves Clause: Sleep-inducing moves are banned
|clearpoke
|poke|p1|Dragonite, F|
|poke|p1|Umbreon, F|
|poke|p1|Azumarill, M|
|poke|p1|Donphan, M|
|poke|p1|Scizor, F|
|poke|p1|Ceruledge, F|
|poke|p2|Primarina, M|
|poke|p2|Great Tusk|
|poke|p2|Kingambit, M|
|poke|p2|Slowking-Galar, M|
|poke|p2|Ogerpon, F|
|poke|p2|Enamorus, F|
|teampreview
|inactive|Battle timer is ON: inactive players will automatically lose when time's up. (requested by ash5501)
|inactive|lullaby disk has 120 seconds left.
|
|t:|1759023964
|teamsize|p1|6
|teamsize|p2|6
|start
|switch|p1a: Azumarill|Azumarill, M|100/100
|switch|p2a: Slowking|Slowking-Galar, M, shiny|100/100
|turn|1
|
|t:|1759023980
|move|p1a: Azumarill|Belly Drum|p1a: Azumarill
|-damage|p1a: Azumarill|50/100
|-setboost|p1a: Azumarill|atk|6|[from] move: Belly Drum
|-enditem|p1a: Azumarill|Sitrus Berry|[eat]
|-heal|p1a: Azumarill|75/100|[from] item: Sitrus Berry
|move|p2a: Slowking|Sludge Bomb|p1a: Azumarill
|-supereffective|p1a: Azumarill
|-damage|p1a: Azumarill|10/100
|
|upkeep
|turn|2
|
|t:|1759024000
|move|p1a: Azumarill|Aqua Jet|p2a: Slowking
|-damage|p2a: Slowking|24/100
|move|p2a: Slowking|Sludge Bomb|p1a: Azumarill
|-supereffective|p1a: Azumarill
|-damage|p1a: Azumarill|0 fnt
|faint|p1a: Azumarill
|
|upkeep
|
|t:|1759024016
|switch|p1a: Donphan|Donphan, M|100/100
|turn|3
|
|t:|1759024022
|switch|p2a: Great Tusk|Great Tusk, shiny|100/100
|move|p1a: Donphan|Earthquake|p2a: Great Tusk
|-damage|p2a: Great Tusk|58/100
|
|upkeep
|turn|4
|
|t:|1759024027
|move|p2a: Great Tusk|Stealth Rock|p1a: Donphan
|-sidestart|p1: ash5501|move: Stealth Rock
|move|p1a: Donphan|Earthquake|p2a: Great Tusk
|-damage|p2a: Great Tusk|22/100
|
|upkeep
|turn|5
|
|t:|1759024041
|move|p1a: Donphan|Ice Shard|p2a: Great Tusk
|-supereffective|p2a: Great Tusk
|-damage|p2a: Great Tusk|2/100
|move|p2a: Great Tusk|Ice Spinner|p1a: Donphan
|-supereffective|p1a: Donphan
|-damage|p1a: Donphan|60/100
|
|upkeep
|turn|6
|
|t:|1759024047
|move|p1a: Donphan|Ice Shard|p2a: Great Tusk
|-supereffective|p2a: Great Tusk
|-damage|p2a: Great Tusk|0 fnt
|faint|p2a: Great Tusk
|-end|p2a: Great Tusk|Protosynthesis|[silent]
|
|upkeep
|
|t:|1759024053
|switch|p2a: Primarina|Primarina, M, shiny|100/100
|turn|7
|
|t:|1759024059
|move|p2a: Primarina|Psychic Noise|p1a: Donphan
|-supereffective|p1a: Donphan
|-damage|p1a: Donphan|0 fnt
|faint|p1a: Donphan
|
|upkeep
|
|t:|1759024065
|switch|p1a: Umbreon|Umbreon, F|100/100
|-damage|p1a: Umbreon|88/100|[from] Stealth Rock
|turn|8
|
|t:|1759024078
|move|p2a: Primarina|Moonblast|p1a: Umbreon
|-supereffective|p1a: Umbreon
|-damage|p1a: Umbreon|15/100
|move|p1a: Umbreon|Toxic|p2a: Primarina
|-status|p2a: Primarina|tox
|
|-heal|p1a: Umbreon|21/100|[from] item: Leftovers
|-damage|p2a: Primarina|95/100 tox|[from] psn
|upkeep
|turn|9
|
|t:|1759024085
|move|p1a: Umbreon|Protect|p1a: Umbreon
|-singleturn|p1a: Umbreon|Protect
|move|p2a: Primarina|Moonblast|p1a: Umbreon
|-activate|p1a: Umbreon|move: Protect
|
|-heal|p2a: Primarina|100/100 tox|[from] item: Leftovers
|-heal|p1a: Umbreon|27/100|[from] item: Leftovers
|-damage|p2a: Primarina|89/100 tox|[from] psn
|upkeep
|turn|10
|
|t:|1759024107
|move|p2a: Primarina|Moonblast|p1a: Umbreon
|-supereffective|p1a: Umbreon
|-damage|p1a: Umbreon|0 fnt
|faint|p1a: Umbreon
|
|-heal|p2a: Primarina|95/100 tox|[from] item: Leftovers
|-damage|p2a: Primarina|77/100 tox|[from] psn
|upkeep
|
|t:|1759024110
|switch|p1a: Scizor|Scizor, F|100/100
|-damage|p1a: Scizor|88/100|[from] Stealth Rock
|turn|11
|
|t:|1759024116
|switch|p2a: Kingambit|Kingambit, M, shiny|100/100
|-activate|p2a: Kingambit|ability: Supreme Overlord
|-start|p2a: Kingambit|fallen1|[silent]
|move|p1a: Scizor|Bullet Punch|p2a: Kingambit
|-resisted|p2a: Kingambit
|-damage|p2a: Kingambit|87/100
|
|-heal|p2a: Kingambit|94/100|[from] item: Leftovers
|upkeep
|turn|12
|
|t:|1759024124
|move|p1a: Scizor|U-turn|p2a: Kingambit
|-damage|p2a: Kingambit|67/100
|
|t:|1759024126
|switch|p1a: Ceruledge|Ceruledge, F|100/100|[from] U-turn
|-damage|p1a: Ceruledge|76/100|[from] Stealth Rock
|move|p2a: Kingambit|Swords Dance|p2a: Kingambit
|-boost|p2a: Kingambit|atk|2
|
|-heal|p2a: Kingambit|73/100|[from] item: Leftovers
|upkeep
|turn|13
|
|t:|1759024132
|move|p2a: Kingambit|Sucker Punch|p1a: Ceruledge
|-supereffective|p1a: Ceruledge
|-damage|p1a: Ceruledge|0 fnt
|faint|p1a: Ceruledge
|
|-heal|p2a: Kingambit|79/100|[from] item: Leftovers
|upkeep
|
|t:|1759024134
|switch|p1a: Dragonite|Dragonite, F|100/100
|-damage|p1a: Dragonite|75/100|[from] Stealth Rock
|turn|14
|inactive|lullaby disk has 120 seconds left.
|
|t:|1759024173
|move|p1a: Dragonite|Dragon Dance|p1a: Dragonite
|-boost|p1a: Dragonite|atk|1
|-boost|p1a: Dragonite|spe|1
|move|p2a: Kingambit|Iron Head|p1a: Dragonite
|-damage|p1a: Dragonite|0 fnt
|faint|p1a: Dragonite
|
|-heal|p2a: Kingambit|85/100|[from] item: Leftovers
|upkeep
|
|t:|1759024177
|switch|p1a: Scizor|Scizor, F|88/100
|-damage|p1a: Scizor|76/100|[from] Stealth Rock
|turn|15
|inactive|lullaby disk has 120 seconds left.
|
|t:|1759024202
|move|p2a: Kingambit|Sucker Punch|p1a: Scizor
|-damage|p1a: Scizor|0 fnt
|faint|p1a: Scizor
|
|win|lullaby disk
|raw|ash5501's rating: 1306 &rarr; <strong>1289</strong><br />(-17 for losing)
|raw|lullaby disk's rating: 1355 &rarr; <strong>1372</strong><br />(+17 for winning)
