|j|☆Alex Corzoma
|j|☆VGC_Ren
|t:|1759046725
|gametype|singles
|player|p1|Alex Corzoma|scientist-gen4dp|1128
|player|p2|VGC_Ren|n|1081
|gen|9
|tier|[Gen 9] OU
|rated|
|rule|HP Percentage Mod: HP is shown in percentages
|rule|Endless Battle Clause: Forcing endless battles is banned
|rule|Species Clause: Limit one of each Pokémon
|rule|OHKO Clause: OHKO moves are banned
|rule|Evasion Items Clause: Evasion items are banned
|rule|Evasion Moves Clause: Evasion moves are banned
|rule|Evasion Abilities Clause: Evasion abilities are banned
|rule|Sleep Moves Clause: Sleep-inducing moves are banned
|clearpoke
|poke|p1|Garganacl, M|
|poke|p1|Kingambit, M|
|poke|p1|Slowking-Galar, F|
|poke|p1|Iron Valiant|
|poke|p1|Alomomola, F|
|poke|p1|Sinistcha|
|poke|p2|Corviknight, M|
|poke|p2|Dragapult, M|
|poke|p2|Garchomp, F|
|poke|p2|Umbreon, M|
|poke|p2|Raging Bolt|
|poke|p2|Gholdengo|
|teampreview
|inactive|Battle timer is ON: inactive players will automatically lose when time's up. (requested by VGC_Ren)
|c|☆VGC_Ren|glhf!
|
|t:|1759046740
|teamsize|p1|6
|teamsize|p2|6
|start
|switch|p1a: Steve|Garganacl, M|100/100
|switch|p2a: Land Shark|Garchomp, F|100/100
|turn|1
|
|t:|1759046747
|move|p2a: Land Shark|Stealth Rock|p1a: Steve
|-sidestart|p1: Alex Corzoma|move: Stealth Rock
|move|p1a: Steve|Stealth Rock|p2a: Land Shark
|-sidestart|p2: VGC_Ren|move: Stealth Rock
|
|upkeep
|turn|2
|
|t:|1759046752
|move|p2a: Land Shark|Earthquake|p1a: Steve
|-supereffective|p1a: Steve
|-crit|p1a: Steve
|-damage|p1a: Steve|10/100
|move|p1a: Steve|Salt Cure|p2a: Land Shark
|-resisted|p2a: Land Shark
|-damage|p2a: Land Shark|94/100
|-start|p2a: Land Shark|Salt Cure
|
|-heal|p1a: Steve|16/100|[from] item: Leftovers
|-damage|p2a: Land Shark|82/100|[from] Salt Cure
|upkeep
|turn|3
|
|t:|1759046765
|move|p1a: Steve|Protect|p1a: Steve
|-singleturn|p1a: Steve|Protect
|move|p2a: Land Shark|Earthquake|p1a: Steve
|-activate|p1a: Steve|move: Protect
|
|-heal|p1a: Steve|22/100|[from] item: Leftovers
|-damage|p2a: Land Shark|69/100|[from] Salt Cure
|upkeep
|turn|4
|
|t:|1759046779
|switch|p1a: Non mais Alo !|Alomomola, F|100/100
|-damage|p1a: Non mais Alo !|88/100|[from] Stealth Rock
|move|p2a: Land Shark|Earthquake|p1a: Non mais Alo !
|-damage|p1a: Non mais Alo !|63/100
|
|-damage|p2a: Land Shark|57/100|[from] Salt Cure
|upkeep
|turn|5
|
|t:|1759046790
|switch|p2a: Sky Knight|Corviknight, M|100/100
|-damage|p2a: Sky Knight|88/100|[from] Stealth Rock
|move|p1a: Non mais Alo !|Wish|p1a: Non mais Alo !
|
|-heal|p2a: Sky Knight|94/100|[from] item: Leftovers
|upkeep
|turn|6
|
|t:|1759046797
|move|p2a: Sky Knight|Defog|p1a: Non mais Alo !
|-unboost|p1a: Non mais Alo !|evasion|1
|-sideend|p1: Alex Corzoma|Stealth Rock|[from] move: Defog|[of] p2a: Sky Knight
|-sideend|p2: VGC_Ren|Stealth Rock|[from] move: Defog|[of] p2a: Sky Knight
|move|p1a: Non mais Alo !|Scald|p2a: Sky Knight
|-damage|p2a: Sky Knight|80/100
|-status|p2a: Sky Knight|brn
|
|-heal|p1a: Non mais Alo !|100/100|[from] move: Wish|[wisher] Non mais Alo !
|-heal|p2a: Sky Knight|86/100 brn|[from] item: Leftovers
|-damage|p2a: Sky Knight|80/100 brn|[from] brn
|upkeep
|turn|7
|
|t:|1759046811
|switch|p2a: Land Shark|Garchomp, F|57/100
|move|p1a: Non mais Alo !|Scald|p2a: Land Shark
|-damage|p2a: Land Shark|44/100
|
|upkeep
|turn|8
|
|t:|1759046818
|move|p2a: Land Shark|Stealth Rock|p1a: Non mais Alo !
|-sidestart|p1: Alex Corzoma|move: Stealth Rock
|move|p1a: Non mais Alo !|Scald|p2a: Land Shark
|-damage|p2a: Land Shark|31/100
|
|upkeep
|turn|9
|
|t:|1759046826
|switch|p2a: Which?|Dragapult, M, shiny|100/100
|move|p1a: Non mais Alo !|Scald|p2a: Which?
|-resisted|p2a: Which?
|-crit|p2a: Which?
|-damage|p2a: Which?|89/100
|
|upkeep
|turn|10
|
|t:|1759046839
|switch|p1a: Gardemanger|Iron Valiant|100/100
|-damage|p1a: Gardemanger|94/100|[from] Stealth Rock
|-enditem|p1a: Gardemanger|Booster Energy
|-activate|p1a: Gardemanger|ability: Quark Drive|[fromitem]
|-start|p1a: Gardemanger|quarkdrivespe
|move|p2a: Which?|Light Screen|p2a: Which?
|-sidestart|p2: VGC_Ren|move: Light Screen
|
|upkeep
|turn|11
|
|t:|1759046849
|move|p1a: Gardemanger|Knock Off|p2a: Which?
|-supereffective|p2a: Which?
|-damage|p2a: Which?|27/100
|-enditem|p2a: Which?|Light Clay|[from] move: Knock Off|[of] p1a: Gardemanger
|move|p2a: Which?|Reflect|p2a: Which?
|-sidestart|p2: VGC_Ren|Reflect
|
|upkeep
|turn|12
|
|t:|1759046856
|move|p1a: Gardemanger|Moonblast|p2a: Which?
|-supereffective|p2a: Which?
|-damage|p2a: Which?|0 fnt
|faint|p2a: Which?
|
|upkeep
|
|t:|1759046859
|switch|p2a: Cheese!|Gholdengo|100/100
|turn|13
|
|t:|1759046865
|move|p1a: Gardemanger|Knock Off|p2a: Cheese!
|-supereffective|p2a: Cheese!
|-damage|p2a: Cheese!|68/100
|-enditem|p2a: Cheese!|Choice Scarf|[from] move: Knock Off|[of] p1a: Gardemanger
|move|p2a: Cheese!|Focus Blast|p1a: Gardemanger
|-resisted|p1a: Gardemanger
|-damage|p1a: Gardemanger|50/100
|-unboost|p1a: Gardemanger|spd|1
|
|upkeep
|turn|14
|
|t:|1759046878
|-end|p1a: Gardemanger|Quark Drive|[silent]
|switch|p1a: Amer|Sinistcha|100/100
|move|p2a: Cheese!|Make It Rain|p1a: Amer
|-damage|p1a: Amer|30/100
|-unboost|p2a: Cheese!|spa|1
|
|upkeep
|turn|15
|
|t:|1759046889
|switch|p2a: Umbro|Umbreon, M|100/100
|move|p1a: Amer|Shadow Ball|p2a: Umbro
|-resisted|p2a: Umbro
|-damage|p2a: Umbro|95/100
|
|-sideend|p2: VGC_Ren|Reflect
|upkeep
|turn|16
|
|t:|1759046905
|move|p1a: Amer|Calm Mind|p1a: Amer
|-boost|p1a: Amer|spa|1
|-boost|p1a: Amer|spd|1
|move|p2a: Umbro|Foul Play|p1a: Amer
|-supereffective|p1a: Amer
|-crit|p1a: Amer
|-damage|p1a: Amer|0 fnt
|faint|p1a: Amer
|
|upkeep
|
|t:|1759046915
|switch|p1a: Gardemanger|Iron Valiant|50/100
|-damage|p1a: Gardemanger|44/100|[from] Stealth Rock
|turn|17
|
|t:|1759046922
|move|p1a: Gardemanger|Close Combat|p2a: Umbro
|-supereffective|p2a: Umbro
|-damage|p2a: Umbro|25/100
|-unboost|p1a: Gardemanger|def|1
|-unboost|p1a: Gardemanger|spd|1
|move|p2a: Umbro|Foul Play|p1a: Gardemanger
|-resisted|p1a: Gardemanger
|-damage|p1a: Gardemanger|24/100
|
|-sideend|p2: VGC_Ren|move: Light Screen
|upkeep
|turn|18
|
|t:|1759046935
|move|p2a: Umbro|Protect|p2a: Umbro
|-singleturn|p2a: Umbro|Protect
|move|p1a: Gardemanger|Moonblast|p2a: Umbro
|-activate|p2a: Umbro|move: Protect
|
|upkeep
|turn|19
|
|t:|1759046943
|switch|p2a: Sky Knight|Corviknight, M|80/100 brn
|move|p1a: Gardemanger|Moonblast|p2a: Sky Knight
|-resisted|p2a: Sky Knight
|-damage|p2a: Sky Knight|55/100 brn
|-ability|p2a: Sky Knight|Mirror Armor
|-unboost|p1a: Gardemanger|spa|1
|
|-heal|p2a: Sky Knight|61/100 brn|[from] item: Leftovers
|-damage|p2a: Sky Knight|55/100 brn|[from] brn
|upkeep
|turn|20
|
|t:|1759046960
|move|p1a: Gardemanger|Knock Off|p2a: Sky Knight
|-damage|p2a: Sky Knight|34/100 brn
|-enditem|p2a: Sky Knight|Leftovers|[from] move: Knock Off|[of] p1a: Gardemanger
|move|p2a: Sky Knight|U-turn|p1a: Gardemanger
|-resisted|p1a: Gardemanger
|-damage|p1a: Gardemanger|20/100
|
|t:|1759046980
|switch|p2a: Mad Giraffe|Raging Bolt|100/100|[from] U-turn
|-enditem|p2a: Mad Giraffe|Booster Energy
|-activate|p2a: Mad Giraffe|ability: Protosynthesis|[fromitem]
|-start|p2a: Mad Giraffe|protosynthesisspa
|
|upkeep
|turn|21
|
|t:|1759046988
|-terastallize|p2a: Mad Giraffe|Electric
|move|p2a: Mad Giraffe|Thunderclap|p1a: Gardemanger
|-damage|p1a: Gardemanger|0 fnt
|faint|p1a: Gardemanger
|-end|p1a: Gardemanger|Quark Drive|[silent]
|
|upkeep
|
|t:|1759046997
|switch|p1a: Régine|Slowking-Galar, F|100/100
|-damage|p1a: Régine|88/100|[from] Stealth Rock
|turn|22
|
|t:|1759047012
|move|p2a: Mad Giraffe|Thunderbolt|p1a: Régine
|-damage|p1a: Régine|46/100
|move|p1a: Régine|Psyshock|p2a: Mad Giraffe
|-damage|p2a: Mad Giraffe|71/100
|
|upkeep
|turn|23
|
|t:|1759047022
|move|p2a: Mad Giraffe|Thunderbolt|p1a: Régine
|-damage|p1a: Régine|3/100
|move|p1a: Régine|Psyshock|p2a: Mad Giraffe
|-damage|p2a: Mad Giraffe|37/100
|
|upkeep
|turn|24
|
|t:|1759047028
|move|p2a: Mad Giraffe|Thunderclap|p1a: Régine
|-damage|p1a: Régine|0 fnt
|faint|p1a: Régine
|
|upkeep
|
|t:|1759047035
|switch|p1a: Laguiole|Kingambit, M|100/100
|-damage|p1a: Laguiole|94/100|[from] Stealth Rock
|-activate|p1a: Laguiole|ability: Supreme Overlord
|-start|p1a: Laguiole|fallen3|[silent]
|turn|25
|
|t:|1759047044
|-end|p2a: Mad Giraffe|Protosynthesis|[silent]
|switch|p2a: Umbro|Umbreon, M|25/100
|move|p1a: Laguiole|Sucker Punch||[still]
|-fail|p1a: Laguiole
|
|-heal|p1a: Laguiole|100/100|[from] item: Leftovers
|upkeep
|turn|26
|
|t:|1759047051
|move|p1a: Laguiole|Swords Dance|p1a: Laguiole
|-boost|p1a: Laguiole|atk|2
|move|p2a: Umbro|Moonlight|p2a: Umbro
|-heal|p2a: Umbro|75/100
|
|upkeep
|turn|27
|
|t:|1759047059
|switch|p2a: Sky Knight|Corviknight, M|34/100 brn
|move|p1a: Laguiole|Iron Head|p2a: Sky Knight
|-resisted|p2a: Sky Knight
|-damage|p2a: Sky Knight|0 fnt
|faint|p2a: Sky Knight
|
|upkeep
|
|t:|1759047064
|switch|p2a: Land Shark|Garchomp, F|31/100
|turn|28
|
|t:|1759047068
|move|p1a: Laguiole|Sucker Punch|p2a: Land Shark
|-damage|p2a: Land Shark|0 fnt
|-damage|p1a: Laguiole|88/100|[from] ability: Rough Skin|[of] p2a: Land Shark
|-damage|p1a: Laguiole|72/100|[from] item: Rocky Helmet|[of] p2a: Land Shark
|faint|p2a: Land Shark
|
|-heal|p1a: Laguiole|78/100|[from] item: Leftovers
|upkeep
|
|t:|1759047074
|switch|p2a: Mad Giraffe|Raging Bolt, tera:Electric|37/100
|turn|29
|
|t:|1759047078
|move|p1a: Laguiole|Sucker Punch||[still]
|-fail|p1a: Laguiole
|move|p2a: Mad Giraffe|Calm Mind|p2a: Mad Giraffe
|-boost|p2a: Mad Giraffe|spa|1
|-boost|p2a: Mad Giraffe|spd|1
|
|-heal|p1a: Laguiole|84/100|[from] item: Leftovers
|upkeep
|turn|30
|
|t:|1759047085
|move|p1a: Laguiole|Sucker Punch|p2a: Mad Giraffe
|-damage|p2a: Mad Giraffe|0 fnt
|faint|p2a: Mad Giraffe
|-end|p2a: Mad Giraffe|Protosynthesis|[silent]
|
|-heal|p1a: Laguiole|90/100|[from] item: Leftovers
|upkeep
|
|t:|1759047092
|switch|p2a: Cheese!|Gholdengo|68/100
|turn|31
|
|t:|1759047095
|move|p2a: Cheese!|Trick|p1a: Laguiole
|-activate|p2a: Cheese!|move: Trick|[of] p1a: Laguiole
|-enditem|p1a: Laguiole|Leftovers|[silent]|[from] move: Trick
|-item|p2a: Cheese!|Leftovers|[from] move: Trick
|move|p1a: Laguiole|Kowtow Cleave|p2a: Cheese!
|-supereffective|p2a: Cheese!
|-damage|p2a: Cheese!|0 fnt
|faint|p2a: Cheese!
|
|upkeep
|
|t:|1759047100
|switch|p2a: Umbro|Umbreon, M|75/100
|turn|32
|c|☆VGC_Ren|oof ggwp
|
|t:|1759047110
|move|p1a: Laguiole|Iron Head|p2a: Umbro
|-damage|p2a: Umbro|0 fnt
|faint|p2a: Umbro
|
|win|Alex Corzoma
|raw|Alex Corzoma's rating: 1128 &rarr; <strong>1150</strong><br />(+22 for winning)
|raw|VGC_Ren's rating: 1081 &rarr; <strong>1062</strong><br />(-19 for losing)
|c|☆Alex Corzoma|GG
