|j|☆Dinku god
|j|☆RK Earth 9000
|t:|1758995548
|gametype|singles
|player|p1|Dinku god|169|1118
|player|p2|RK Earth 9000|volkner|1103
|gen|9
|tier|[Gen 9] OU
|rated|
|rule|HP Percentage Mod: HP is shown in percentages
|rule|Endless Battle Clause: Forcing endless battles is banned
|rule|Species Clause: Limit one of each Pokémon
|rule|OHKO Clause: OHKO moves are banned
|rule|Evasion Items Clause: Evasion items are banned
|rule|Evasion Moves Clause: Evasion moves are banned
|rule|Evasion Abilities Clause: Evasion abilities are banned
|rule|Sleep Moves Clause: Sleep-inducing moves are banned
|clearpoke
|poke|p1|Dragapult, M|
|poke|p1|Ceruledge, M|
|poke|p1|Landorus-Therian, M|
|poke|p1|Kingambit, M|
|poke|p1|Raging Bolt|
|poke|p1|Walking Wake|
|poke|p2|Primeape, F|
|poke|p2|Ribombee, M|
|poke|p2|Tentacruel, M|
|poke|p2|Landorus-Therian, M|
|poke|p2|Incineroar, M|
|poke|p2|Meowscarada, M|
|teampreview
|
|t:|1758995563
|teamsize|p1|6
|teamsize|p2|6
|start
|switch|p1a: Landorus|Landorus-Therian, M, shiny|100/100
|switch|p2a: Incineroar|Incineroar, M, shiny|100/100
|-ability|p1a: Landorus|Intimidate|boost
|-unboost|p2a: Incineroar|atk|1
|-ability|p2a: Incineroar|Intimidate|boost
|-unboost|p1a: Landorus|atk|1
|turn|1
|
|t:|1758995572
|move|p2a: Incineroar|Fake Out|p1a: Landorus
|-damage|p1a: Landorus|93/100
|cant|p1a: Landorus|flinch
|
|-heal|p1a: Landorus|99/100|[from] item: Leftovers
|upkeep
|turn|2
|
|t:|1758995584
|switch|p2a: Landorus|Landorus-Therian, M, shiny|100/100
|-ability|p2a: Landorus|Intimidate|boost
|-unboost|p1a: Landorus|atk|1
|move|p1a: Landorus|Stealth Rock|p2a: Landorus
|-sidestart|p2: RK Earth 9000|move: Stealth Rock
|
|-heal|p1a: Landorus|100/100|[from] item: Leftovers
|upkeep
|turn|3
|
|t:|1758995593
|switch|p1a: Walking Wake|Walking Wake|100/100
|-enditem|p1a: Walking Wake|Booster Energy
|-activate|p1a: Walking Wake|ability: Protosynthesis|[fromitem]
|-start|p1a: Walking Wake|protosynthesisspa
|move|p2a: Landorus|Stealth Rock|p1a: Walking Wake
|-sidestart|p1: Dinku god|move: Stealth Rock
|
|upkeep
|turn|4
|
|t:|1758995606
|switch|p2a: Tentacruel|Tentacruel, M|100/100
|-damage|p2a: Tentacruel|88/100|[from] Stealth Rock
|move|p1a: Walking Wake|Surf|p2a: Tentacruel
|-resisted|p2a: Tentacruel
|-damage|p2a: Tentacruel|64/100
|
|-heal|p2a: Tentacruel|70/100|[from] item: Leftovers
|upkeep
|turn|5
|
|t:|1758995621
|-end|p1a: Walking Wake|Protosynthesis|[silent]
|switch|p1a: Landorus|Landorus-Therian, M, shiny|100/100
|-damage|p1a: Landorus|88/100|[from] Stealth Rock
|-ability|p1a: Landorus|Intimidate|boost
|-unboost|p2a: Tentacruel|atk|1
|move|p2a: Tentacruel|Rapid Spin|p1a: Landorus
|-damage|p1a: Landorus|83/100
|-boost|p2a: Tentacruel|spe|1
|-sideend|p2: RK Earth 9000|Stealth Rock|[from] move: Rapid Spin|[of] p2a: Tentacruel
|
|-heal|p2a: Tentacruel|76/100|[from] item: Leftovers
|-heal|p1a: Landorus|89/100|[from] item: Leftovers
|upkeep
|turn|6
|
|t:|1758995637
|switch|p2a: Landorus|Landorus-Therian, M, shiny|100/100
|-ability|p2a: Landorus|Intimidate|boost
|-unboost|p1a: Landorus|atk|1
|move|p1a: Landorus|Earthquake|p2a: Landorus
|-immune|p2a: Landorus
|
|-heal|p1a: Landorus|95/100|[from] item: Leftovers
|upkeep
|turn|7
|
|t:|1758995648
|switch|p1a: Walking Wake|Walking Wake|100/100
|-damage|p1a: Walking Wake|88/100|[from] Stealth Rock
|move|p2a: Landorus|Psychic|p1a: Walking Wake
|-damage|p1a: Walking Wake|42/100
|
|upkeep
|turn|8
|
|t:|1758995657
|switch|p2a: Tentacruel|Tentacruel, M|76/100
|move|p1a: Walking Wake|Surf|p2a: Tentacruel
|-resisted|p2a: Tentacruel
|-damage|p2a: Tentacruel|57/100
|
|-heal|p2a: Tentacruel|63/100|[from] item: Leftovers
|upkeep
|turn|9
|
|t:|1758995666
|move|p1a: Walking Wake|Rest|p1a: Walking Wake
|-status|p1a: Walking Wake|slp|[from] move: Rest
|-heal|p1a: Walking Wake|100/100 slp|[silent]
|move|p2a: Tentacruel|Toxic||[still]
|-fail|p2a: Tentacruel
|
|-heal|p2a: Tentacruel|69/100|[from] item: Leftovers
|upkeep
|turn|10
|
|t:|1758995675
|switch|p2a: Ribombee|Ribombee, M|100/100
|cant|p1a: Walking Wake|slp
|move|p1a: Walking Wake|Sleep Talk|p1a: Walking Wake
|move|p1a: Walking Wake|Rest||[from] move: Sleep Talk|[still]
|-fail|p1a: Walking Wake
|
|upkeep
|turn|11
|
|t:|1758995685
|move|p2a: Ribombee|Sticky Web|p1a: Walking Wake
|-sidestart|p1: Dinku god|move: Sticky Web
|cant|p1a: Walking Wake|slp
|move|p1a: Walking Wake|Sleep Talk|p1a: Walking Wake
|move|p1a: Walking Wake|Rest||[from] move: Sleep Talk|[still]
|-fail|p1a: Walking Wake
|
|upkeep
|turn|12
|
|t:|1758995695
|switch|p2a: Tentacruel|Tentacruel, M|69/100
|-curestatus|p1a: Walking Wake|slp|[msg]
|move|p1a: Walking Wake|Draco Meteor|p2a: Tentacruel
|-damage|p2a: Tentacruel|16/100
|-unboost|p1a: Walking Wake|spa|2
|
|-heal|p2a: Tentacruel|22/100|[from] item: Leftovers
|upkeep
|turn|13
|
|t:|1758995712
|switch|p2a: Ribombee|Ribombee, M|100/100
|move|p1a: Walking Wake|Draco Meteor|p2a: Ribombee
|-immune|p2a: Ribombee
|
|upkeep
|turn|14
|
|t:|1758995719
|move|p2a: Ribombee|Moonblast|p1a: Walking Wake
|-supereffective|p1a: Walking Wake
|-damage|p1a: Walking Wake|0 fnt
|faint|p1a: Walking Wake
|-end|p1a: Walking Wake|Protosynthesis|[silent]
|
|upkeep
|
|t:|1758995723
|switch|p1a: Ceruledge|Ceruledge, M, shiny|100/100
|-damage|p1a: Ceruledge|75/100|[from] Stealth Rock
|-activate|p1a: Ceruledge|move: Sticky Web
|-unboost|p1a: Ceruledge|spe|1
|turn|15
|
|t:|1758995731
|switch|p2a: Incineroar|Incineroar, M, shiny|100/100
|-ability|p2a: Incineroar|Intimidate|boost
|-unboost|p1a: Ceruledge|atk|1
|move|p1a: Ceruledge|Bitter Blade|p2a: Incineroar
|-resisted|p2a: Incineroar
|-damage|p2a: Incineroar|78/100
|-heal|p1a: Ceruledge|89/100|[from] drain|[of] p2a: Incineroar
|-damage|p1a: Ceruledge|79/100|[from] item: Life Orb
|
|upkeep
|turn|16
|
|t:|1758995748
|switch|p1a: Dragapult|Dragapult, M, shiny|100/100
|-damage|p1a: Dragapult|88/100|[from] Stealth Rock
|-activate|p1a: Dragapult|move: Sticky Web
|-fail|p1a: Dragapult|unboost|[from] ability: Clear Body|[of] p1a: Dragapult
|move|p2a: Incineroar|Knock Off|p1a: Dragapult
|-supereffective|p1a: Dragapult
|-damage|p1a: Dragapult|0 fnt
|-enditem|p1a: Dragapult|Life Orb|[from] move: Knock Off|[of] p2a: Incineroar
|faint|p1a: Dragapult
|
|upkeep
|
|t:|1758995754
|switch|p1a: Ceruledge|Ceruledge, M, shiny|79/100
|-damage|p1a: Ceruledge|54/100|[from] Stealth Rock
|-activate|p1a: Ceruledge|move: Sticky Web
|-unboost|p1a: Ceruledge|spe|1
|turn|17
|
|t:|1758995766
|move|p2a: Incineroar|Knock Off|p1a: Ceruledge
|-supereffective|p1a: Ceruledge
|-crit|p1a: Ceruledge
|-damage|p1a: Ceruledge|0 fnt
|-enditem|p1a: Ceruledge|Life Orb|[from] move: Knock Off|[of] p2a: Incineroar
|faint|p1a: Ceruledge
|
|upkeep
|
|t:|1758995772
|switch|p1a: Raging Bolt|Raging Bolt|100/100
|-damage|p1a: Raging Bolt|88/100|[from] Stealth Rock
|-activate|p1a: Raging Bolt|move: Sticky Web
|-unboost|p1a: Raging Bolt|spe|1
|-enditem|p1a: Raging Bolt|Booster Energy
|-activate|p1a: Raging Bolt|ability: Protosynthesis|[fromitem]
|-start|p1a: Raging Bolt|protosynthesisspa
|turn|18
|
|t:|1758995780
|move|p1a: Raging Bolt|Thunderclap||[still]
|-fail|p1a: Raging Bolt
|move|p2a: Incineroar|Parting Shot|p1a: Raging Bolt
|-unboost|p1a: Raging Bolt|atk|1
|-unboost|p1a: Raging Bolt|spa|1
|
|t:|1758995788
|switch|p2a: Ribombee|Ribombee, M|100/100|[from] Parting Shot
|
|upkeep
|turn|19
|
|t:|1758995795
|move|p2a: Ribombee|Moonblast|p1a: Raging Bolt
|-supereffective|p1a: Raging Bolt
|-damage|p1a: Raging Bolt|0 fnt
|faint|p1a: Raging Bolt
|-end|p1a: Raging Bolt|Protosynthesis|[silent]
|
|upkeep
|
|t:|1758995798
|switch|p1a: Landorus|Landorus-Therian, M, shiny|95/100
|-damage|p1a: Landorus|82/100|[from] Stealth Rock
|-ability|p1a: Landorus|Intimidate|boost
|-unboost|p2a: Ribombee|atk|1
|turn|20
|
|t:|1758995806
|switch|p2a: Landorus|Landorus-Therian, M, shiny|100/100
|-ability|p2a: Landorus|Intimidate|boost
|-unboost|p1a: Landorus|atk|1
|move|p1a: Landorus|Stone Edge|p2a: Landorus
|-damage|p2a: Landorus|69/100
|
|-heal|p1a: Landorus|88/100|[from] item: Leftovers
|upkeep
|turn|21
|
|t:|1758995818
|move|p2a: Landorus|Psychic|p1a: Landorus
|-damage|p1a: Landorus|42/100
|move|p1a: Landorus|Stealth Rock|p2a: Landorus
|-sidestart|p2: RK Earth 9000|move: Stealth Rock
|
|-heal|p1a: Landorus|48/100|[from] item: Leftovers
|upkeep
|turn|22
|
|t:|1758995825
|move|p2a: Landorus|Psychic|p1a: Landorus
|-damage|p1a: Landorus|8/100
|move|p1a: Landorus|Stone Edge|p2a: Landorus
|-damage|p2a: Landorus|34/100
|
|-heal|p1a: Landorus|14/100|[from] item: Leftovers
|upkeep
|turn|23
|
|t:|1758995833
|move|p2a: Landorus|Psychic|p1a: Landorus
|-damage|p1a: Landorus|0 fnt
|faint|p1a: Landorus
|
|upkeep
|
|t:|1758995837
|switch|p1a: Kingambit|Kingambit, M, shiny|100/100
|-damage|p1a: Kingambit|94/100|[from] Stealth Rock
|-activate|p1a: Kingambit|move: Sticky Web
|-unboost|p1a: Kingambit|spe|1
|-activate|p1a: Kingambit|ability: Supreme Overlord
|-start|p1a: Kingambit|fallen5|[silent]
|turn|24
|
|t:|1758995846
|switch|p2a: Incineroar|Incineroar, M, shiny|78/100
|-damage|p2a: Incineroar|53/100|[from] Stealth Rock
|-ability|p2a: Incineroar|Intimidate|boost
|-unboost|p1a: Kingambit|atk|1
|move|p1a: Kingambit|Swords Dance|p1a: Kingambit
|-boost|p1a: Kingambit|atk|2
|
|-heal|p1a: Kingambit|100/100|[from] item: Leftovers
|upkeep
|turn|25
|
|t:|1758995856
|move|p2a: Incineroar|Fake Out|p1a: Kingambit
|-resisted|p1a: Kingambit
|-damage|p1a: Kingambit|96/100
|cant|p1a: Kingambit|flinch
|
|-heal|p1a: Kingambit|100/100|[from] item: Leftovers
|upkeep
|turn|26
|
|t:|1758995864
|move|p1a: Kingambit|Sucker Punch|p2a: Incineroar
|-resisted|p2a: Incineroar
|-damage|p2a: Incineroar|8/100
|-enditem|p2a: Incineroar|Sitrus Berry|[eat]
|-heal|p2a: Incineroar|33/100|[from] item: Sitrus Berry
|move|p2a: Incineroar|Close Combat|p1a: Kingambit
|-supereffective|p1a: Kingambit
|-damage|p1a: Kingambit|0 fnt
|-unboost|p2a: Incineroar|def|1
|-unboost|p2a: Incineroar|spd|1
|faint|p1a: Kingambit
|-end|p1a: Kingambit|fallen5|[silent]
|
|win|RK Earth 9000
|raw|Dinku god's rating: 1118 &rarr; <strong>1092</strong><br />(-26 for losing)
|raw|RK Earth 9000's rating: 1103 &rarr; <strong>1129</strong><br />(+26 for winning)
|l|☆Dinku god
|player|p1|
