|j|☆LousiV
|j|☆MoneyMachine
|t:|1758947081
|gametype|singles
|player|p1|LousiV|volkner|1214
|player|p2|MoneyMachine|266|1197
|gen|9
|tier|[Gen 9] OU
|rated|
|rule|HP Percentage Mod: HP is shown in percentages
|rule|Endless Battle Clause: Forcing endless battles is banned
|rule|Species Clause: Limit one of each Pokémon
|rule|OHKO Clause: OHKO moves are banned
|rule|Evasion Items Clause: Evasion items are banned
|rule|Evasion Moves Clause: Evasion moves are banned
|rule|Evasion Abilities Clause: Evasion abilities are banned
|rule|Sleep Moves Clause: Sleep-inducing moves are banned
|clearpoke
|poke|p1|Weavile, M|
|poke|p1|Ariados, M|
|poke|p1|Alomomola, M|
|poke|p1|Forretress, F|
|poke|p1|Porygon-Z|
|poke|p1|Lucario, F|
|poke|p2|Kyurem|
|poke|p2|Iron Moth|
|poke|p2|Kingambit, M|
|poke|p2|Landorus-Therian, M|
|poke|p2|Hatterene, F|
|poke|p2|Zamazenta-*|
|teampreview
|inactive|Battle timer is ON: inactive players will automatically lose when time's up. (requested by LousiV)
|
|t:|1758947096
|teamsize|p1|6
|teamsize|p2|6
|start
|switch|p1a: Weavile|Weavile, M|100/100
|switch|p2a: Hatterene|Hatterene, F, shiny|100/100
|-ability|p1a: Weavile|Pressure
|turn|1
|
|t:|1758947102
|move|p1a: Weavile|Knock Off|p2a: Hatterene
|-damage|p2a: Hatterene|63/100
|-enditem|p2a: Hatterene|Custap Berry|[from] move: Knock Off|[of] p1a: Weavile
|move|p2a: Hatterene|Dazzling Gleam|p1a: Weavile
|-supereffective|p1a: Weavile
|-damage|p1a: Weavile|0 fnt
|faint|p1a: Weavile
|
|upkeep
|
|t:|1758947111
|switch|p1a: Ariados|Ariados, M|100/100
|turn|2
|
|t:|1758947116
|switch|p2a: Landorus|Landorus-Therian, M|100/100
|-ability|p2a: Landorus|Intimidate|boost
|-unboost|p1a: Ariados|atk|1
|move|p1a: Ariados|Focus Energy|p1a: Ariados
|-start|p1a: Ariados|move: Focus Energy
|
|upkeep
|turn|3
|
|t:|1758947123
|move|p2a: Landorus|Earthquake|p1a: Ariados
|-damage|p1a: Ariados|34/100
|move|p1a: Ariados|Poison Jab|p2a: Landorus
|-resisted|p2a: Landorus
|-crit|p2a: Landorus
|-damage|p2a: Landorus|62/100
|-status|p2a: Landorus|psn
|-damage|p1a: Ariados|17/100|[from] item: Rocky Helmet|[of] p2a: Landorus
|
|-damage|p2a: Landorus|50/100 psn|[from] psn
|upkeep
|turn|4
|
|t:|1758947132
|move|p1a: Ariados|Sucker Punch||[still]
|-fail|p1a: Ariados
|move|p2a: Landorus|Stealth Rock|p1a: Ariados
|-sidestart|p1: LousiV|move: Stealth Rock
|
|-damage|p2a: Landorus|37/100 psn|[from] psn
|upkeep
|turn|5
|
|t:|1758947137
|move|p1a: Ariados|Sucker Punch|p2a: Landorus
|-crit|p2a: Landorus
|-damage|p2a: Landorus|0 fnt
|-damage|p1a: Ariados|0 fnt|[from] item: Rocky Helmet|[of] p2a: Landorus
|faint|p2a: Landorus
|faint|p1a: Ariados
|
|upkeep
|
|t:|1758947141
|switch|p2a: Hatterene|Hatterene, F, shiny|63/100
|switch|p1a: Forretress|Forretress, F|100/100
|-damage|p1a: Forretress|88/100|[from] Stealth Rock
|turn|6
|
|t:|1758947150
|switch|p2a: Iron Moth|Iron Moth, shiny|100/100
|-enditem|p2a: Iron Moth|Booster Energy
|-activate|p2a: Iron Moth|ability: Quark Drive|[fromitem]
|-start|p2a: Iron Moth|quarkdrivespe
|move|p1a: Forretress|Volt Switch|p2a: Iron Moth
|-damage|p2a: Iron Moth|90/100
|
|t:|1758947153
|switch|p1a: Alomomola|Alomomola, M|100/100|[from] Volt Switch
|-damage|p1a: Alomomola|88/100|[from] Stealth Rock
|
|upkeep
|turn|7
|
|t:|1758947175
|move|p2a: Iron Moth|Sludge Wave|p1a: Alomomola
|-damage|p1a: Alomomola|63/100
|move|p1a: Alomomola|Mirror Coat|p2a: Iron Moth
|-damage|p2a: Iron Moth|11/100
|
|upkeep
|turn|8
|
|t:|1758947189
|-end|p2a: Iron Moth|Quark Drive|[silent]
|switch|p2a: Kyurem|Kyurem|100/100
|-ability|p2a: Kyurem|Pressure
|move|p1a: Alomomola|Flip Turn|p2a: Kyurem
|-resisted|p2a: Kyurem
|-damage|p2a: Kyurem|92/100
|
|t:|1758947193
|switch|p1a: Forretress|Forretress, F|88/100|[from] Flip Turn
|-damage|p1a: Forretress|76/100|[from] Stealth Rock
|
|-heal|p1a: Forretress|82/100|[from] item: Leftovers
|upkeep
|turn|9
|
|t:|1758947199
|move|p2a: Kyurem|Dragon Dance|p2a: Kyurem
|-boost|p2a: Kyurem|atk|1
|-boost|p2a: Kyurem|spe|1
|move|p1a: Forretress|Rapid Spin|p2a: Kyurem
|-damage|p2a: Kyurem|83/100
|-boost|p1a: Forretress|spe|1
|-sideend|p1: LousiV|Stealth Rock|[from] move: Rapid Spin|[of] p1a: Forretress
|
|-heal|p1a: Forretress|88/100|[from] item: Leftovers
|upkeep
|turn|10
|
|t:|1758947206
|move|p2a: Kyurem|Dragon Dance|p2a: Kyurem
|-boost|p2a: Kyurem|atk|1
|-boost|p2a: Kyurem|spe|1
|move|p1a: Forretress|Body Press|p2a: Kyurem
|-supereffective|p2a: Kyurem
|-damage|p2a: Kyurem|26/100
|
|-heal|p1a: Forretress|94/100|[from] item: Leftovers
|upkeep
|turn|11
|
|t:|1758947216
|move|p2a: Kyurem|Scale Shot|p1a: Forretress
|-resisted|p1a: Forretress
|-damage|p1a: Forretress|87/100
|-resisted|p1a: Forretress
|-damage|p1a: Forretress|79/100
|-resisted|p1a: Forretress
|-damage|p1a: Forretress|71/100
|-resisted|p1a: Forretress
|-damage|p1a: Forretress|63/100
|-resisted|p1a: Forretress
|-damage|p1a: Forretress|55/100
|-hitcount|p1a: Forretress|5
|-unboost|p2a: Kyurem|def|1
|-boost|p2a: Kyurem|spe|1
|move|p1a: Forretress|Body Press|p2a: Kyurem
|-supereffective|p2a: Kyurem
|-damage|p2a: Kyurem|0 fnt
|faint|p2a: Kyurem
|
|-heal|p1a: Forretress|62/100|[from] item: Leftovers
|upkeep
|
|t:|1758947220
|switch|p2a: Iron Moth|Iron Moth, shiny|11/100
|turn|12
|
|t:|1758947226
|-terastallize|p1a: Forretress|Water
|move|p2a: Iron Moth|Fiery Dance|p1a: Forretress
|-resisted|p1a: Forretress
|-damage|p1a: Forretress|30/100
|move|p1a: Forretress|Volt Switch|p2a: Iron Moth
|-damage|p2a: Iron Moth|1/100
|
|t:|1758947232
|switch|p1a: Lucario|Lucario, F|100/100|[from] Volt Switch
|
|upkeep
|turn|13
|
|t:|1758947238
|move|p1a: Lucario|Vacuum Wave|p2a: Iron Moth
|-resisted|p2a: Iron Moth
|-damage|p2a: Iron Moth|0 fnt
|faint|p2a: Iron Moth
|-end|p2a: Iron Moth|Quark Drive|[silent]
|-damage|p1a: Lucario|91/100|[from] item: Life Orb
|
|upkeep
|
|t:|1758947242
|switch|p2a: Zamazenta|Zamazenta|100/100
|-ability|p2a: Zamazenta|Dauntless Shield|boost
|-boost|p2a: Zamazenta|def|1
|turn|14
|
|t:|1758947248
|switch|p1a: Forretress|Forretress, F, tera:Water|30/100
|move|p2a: Zamazenta|Iron Defense|p2a: Zamazenta
|-boost|p2a: Zamazenta|def|2
|
|-heal|p1a: Forretress|36/100|[from] item: Leftovers
|upkeep
|turn|15
|
|t:|1758947253
|move|p2a: Zamazenta|Body Press|p1a: Forretress
|-crit|p1a: Forretress
|-damage|p1a: Forretress|0 fnt
|faint|p1a: Forretress
|
|upkeep
|
|t:|1758947268
|switch|p1a: Alomomola|Alomomola, M|97/100
|turn|16
|
|t:|1758947273
|move|p2a: Zamazenta|Iron Defense|p2a: Zamazenta
|-boost|p2a: Zamazenta|def|2
|move|p1a: Alomomola|Scald|p2a: Zamazenta
|-damage|p2a: Zamazenta|89/100
|
|-heal|p2a: Zamazenta|95/100|[from] item: Leftovers
|upkeep
|turn|17
|
|t:|1758947278
|move|p2a: Zamazenta|Iron Defense|p2a: Zamazenta
|-boost|p2a: Zamazenta|def|1
|move|p1a: Alomomola|Scald|p2a: Zamazenta
|-damage|p2a: Zamazenta|82/100
|
|-heal|p2a: Zamazenta|88/100|[from] item: Leftovers
|upkeep
|turn|18
|
|t:|1758947285
|move|p2a: Zamazenta|Body Press|p1a: Alomomola
|-damage|p1a: Alomomola|5/100
|move|p1a: Alomomola|Scald|p2a: Zamazenta
|-crit|p2a: Zamazenta
|-damage|p2a: Zamazenta|69/100
|
|-heal|p2a: Zamazenta|75/100|[from] item: Leftovers
|upkeep
|turn|19
|
|t:|1758947290
|move|p2a: Zamazenta|Body Press|p1a: Alomomola
|-damage|p1a: Alomomola|0 fnt
|faint|p1a: Alomomola
|
|-heal|p2a: Zamazenta|81/100|[from] item: Leftovers
|upkeep
|
|t:|1758947296
|switch|p1a: Lucario|Lucario, F|91/100
|turn|20
|
|t:|1758947299
|move|p2a: Zamazenta|Body Press|p1a: Lucario
|-supereffective|p1a: Lucario
|-damage|p1a: Lucario|0 fnt
|faint|p1a: Lucario
|
|-heal|p2a: Zamazenta|87/100|[from] item: Leftovers
|upkeep
|
|t:|1758947300
|switch|p1a: Porygon-Z|Porygon-Z|100/100
|-ability|p1a: Porygon-Z|Download|boost
|-boost|p1a: Porygon-Z|spa|1
|turn|21
|
|t:|1758947302
|move|p2a: Zamazenta|Body Press|p1a: Porygon-Z
|-supereffective|p1a: Porygon-Z
|-damage|p1a: Porygon-Z|0 fnt
|faint|p1a: Porygon-Z
|
|win|MoneyMachine
|raw|LousiV's rating: 1214 &rarr; <strong>1188</strong><br />(-26 for losing)
|raw|MoneyMachine's rating: 1197 &rarr; <strong>1223</strong><br />(+26 for winning)
|l|☆LousiV
|player|p1|
|l|☆MoneyMachine
|player|p2|
