|badge|p2|bronze|gen9ou|100-6
|html|<div class="broadcast-red"><strong>This battle is required to be public due to one or more player having a season medal.</strong><br />During the public phase, you can discuss the state of the ladder <a href="/seasondiscussion">in a special chatroom.</a></div>
|uhtml|medal-msg|<div class="broadcast-blue">Curious what those medals under the avatar are? PS now has Ladder Seasons! For more information, check out the <a href="https://www.smogon.com/forums/threads/3740067/">thread on Smogon.</a></div>
|raw|<div class="broadcast-blue"><strong>This battle is required to be public due to a player having a name starting with 'medal'.</div>
|j|☆a1dpads
|j|☆abdkkgja
|t:|1758946323
|gametype|singles
|player|p1|a1dpads|101|1761
|player|p2|abdkkgja|lacey|1800
|gen|9
|tier|[Gen 9] OU
|rated|
|rule|HP Percentage Mod: HP is shown in percentages
|rule|Endless Battle Clause: Forcing endless battles is banned
|rule|Species Clause: Limit one of each Pokémon
|rule|OHKO Clause: OHKO moves are banned
|rule|Evasion Items Clause: Evasion items are banned
|rule|Evasion Moves Clause: Evasion moves are banned
|rule|Evasion Abilities Clause: Evasion abilities are banned
|rule|Sleep Moves Clause: Sleep-inducing moves are banned
|clearpoke
|poke|p1|Iron Treads|
|poke|p1|Moltres|
|poke|p1|Zamazenta-*|
|poke|p1|Primarina, F|
|poke|p1|Hoopa-Unbound|
|poke|p1|Ogerpon, F|
|poke|p2|Keldeo-Resolute|
|poke|p2|Kingambit, F|
|poke|p2|Slowking-Galar, M|
|poke|p2|Meowscarada, F|
|poke|p2|Landorus-Therian, M|
|poke|p2|Cinderace, M|
|teampreview
|inactive|Battle timer is ON: inactive players will automatically lose when time's up. (requested by a1dpads)
|c|☆abdkkgja|gl
|j| IM AT MY LIMIT
|j| amefurikoneko
|j| Bobaba
|
|t:|1758946352
|teamsize|p1|6
|teamsize|p2|6
|start
|switch|p1a: Ogerpon|Ogerpon, F|100/100
|switch|p2a: Meowscarada|Meowscarada, F|100/100
|turn|1
|
|t:|1758946364
|switch|p2a: Cinderace|Cinderace, M|100/100
|switch|p1a: Moltres|Moltres|100/100
|
|upkeep
|turn|2
|
|t:|1758946378
|switch|p2a: Slowking|Slowking-Galar, M, shiny|100/100
|move|p1a: Moltres|Flamethrower|p2a: Slowking
|-damage|p2a: Slowking|79/100
|-status|p2a: Slowking|brn
|
|-damage|p2a: Slowking|73/100 brn|[from] brn
|upkeep
|turn|3
|
|t:|1758946382
|switch|p1a: Iron Treads|Iron Treads|100/100
|move|p2a: Slowking|Flamethrower|p1a: Iron Treads
|-supereffective|p1a: Iron Treads
|-damage|p1a: Iron Treads|63/100
|
|-damage|p2a: Slowking|67/100 brn|[from] brn
|upkeep
|turn|4
|
|t:|1758946389
|switch|p2a: bro fist|Keldeo-Resolute|100/100
|move|p1a: Iron Treads|Ice Spinner|p2a: bro fist
|-resisted|p2a: bro fist
|-damage|p2a: bro fist|88/100
|
|upkeep
|turn|5
|
|t:|1758946395
|move|p2a: bro fist|Secret Sword|p1a: Iron Treads
|-supereffective|p1a: Iron Treads
|-damage|p1a: Iron Treads|0 fnt
|faint|p1a: Iron Treads
|-end|p1a: Iron Treads|Quark Drive|[silent]
|
|upkeep
|
|t:|1758946402
|switch|p1a: Hoopa|Hoopa-Unbound|100/100
|turn|6
|
|t:|1758946413
|move|p2a: bro fist|Secret Sword|p1a: Hoopa
|-damage|p1a: Hoopa|23/100
|move|p1a: Hoopa|Psychic Noise|p2a: bro fist
|-supereffective|p2a: bro fist
|-damage|p2a: bro fist|0 fnt
|faint|p2a: bro fist
|
|upkeep
|
|t:|1758946416
|switch|p2a: Meowscarada|Meowscarada, F|100/100
|turn|7
|-enditem|p1a: Hoopa|Custap Berry|[eat]
|-activate|p1a: Hoopa|item: Custap Berry|[consumed]
|
|t:|1758946421
|move|p1a: Hoopa|Destiny Bond|p1a: Hoopa
|-singlemove|p1a: Hoopa|Destiny Bond
|move|p2a: Meowscarada|Knock Off|p1a: Hoopa
|-start|p2a: Meowscarada|typechange|Dark|[from] ability: Protean
|-damage|p1a: Hoopa|0 fnt
|faint|p1a: Hoopa
|-activate|p1a: Hoopa|move: Destiny Bond
|faint|p2a: Meowscarada
|
|upkeep
|l| amefurikoneko
|inactive|abdkkgja has 120 seconds left.
|inactive|a1dpads has 120 seconds left.
|j| amefurikoneko
|
|t:|1758946476
|switch|p2a: Cinderace|Cinderace, M|100/100
|switch|p1a: Ogerpon|Ogerpon, F|100/100
|turn|8
|inactive|a1dpads has 120 seconds left.
|
|t:|1758946490
|switch|p1a: Moltres|Moltres|100/100
|move|p2a: Cinderace|U-turn|p1a: Moltres
|-start|p2a: Cinderace|typechange|Bug|[from] ability: Libero
|-resisted|p1a: Moltres
|-damage|p1a: Moltres|93/100
|
|t:|1758946493
|switch|p2a: Slowking|Slowking-Galar, M, shiny|99/100 brn|[from] U-turn
|
|-damage|p2a: Slowking|94/100 brn|[from] brn
|upkeep
|turn|9
|l| Bobaba
|inactive|a1dpads has 120 seconds left.
|
|t:|1758946512
|switch|p1a: Ogerpon|Ogerpon, F|100/100
|move|p2a: Slowking|Sludge Bomb|p1a: Ogerpon
|-supereffective|p1a: Ogerpon
|-damage|p1a: Ogerpon|22/100
|
|-damage|p2a: Slowking|88/100 brn|[from] brn
|upkeep
|turn|10
|
|t:|1758946520
|switch|p2a: Cinderace|Cinderace, M|100/100
|move|p1a: Ogerpon|Knock Off|p2a: Cinderace
|-damage|p2a: Cinderace|34/100
|-enditem|p2a: Cinderace|Heavy-Duty Boots|[from] move: Knock Off|[of] p1a: Ogerpon
|
|upkeep
|turn|11
|inactive|a1dpads has 120 seconds left.
|
|t:|1758946536
|switch|p1a: Primarina|Primarina, F|100/100
|move|p2a: Cinderace|U-turn|p1a: Primarina
|-start|p2a: Cinderace|typechange|Bug|[from] ability: Libero
|-resisted|p1a: Primarina
|-damage|p1a: Primarina|77/100
|
|t:|1758946539
|switch|p2a: Slowking|Slowking-Galar, M, shiny|100/100 brn|[from] U-turn
|
|-damage|p2a: Slowking|94/100 brn|[from] brn
|upkeep
|turn|12
|
|t:|1758946546
|-terastallize|p1a: Primarina|Poison
|move|p1a: Primarina|Whirlpool|p2a: Slowking
|-damage|p2a: Slowking|84/100 brn
|-activate|p2a: Slowking|move: Whirlpool|[of] p1a: Primarina
|move|p2a: Slowking|Psyshock|p1a: Primarina
|-supereffective|p1a: Primarina
|-damage|p1a: Primarina|0 fnt
|faint|p1a: Primarina
|
|-damage|p2a: Slowking|78/100 brn|[from] brn
|-end|p2a: Slowking|Whirlpool|[partiallytrapped]|[silent]
|upkeep
|
|t:|1758946557
|switch|p1a: Ogerpon|Ogerpon, F|22/100
|turn|13
|
|t:|1758946568
|switch|p2a: Cinderace|Cinderace, M|34/100
|move|p1a: Ogerpon|Ivy Cudgel|p2a: Cinderace
|-resisted|p2a: Cinderace
|-damage|p2a: Cinderace|0 fnt
|faint|p2a: Cinderace
|
|upkeep
|
|t:|1758946571
|switch|p2a: Kingambit|Kingambit, F|100/100
|-activate|p2a: Kingambit|ability: Supreme Overlord
|-start|p2a: Kingambit|fallen3|[silent]
|turn|14
|
|t:|1758946576
|switch|p1a: Zamazenta|Zamazenta|100/100
|-ability|p1a: Zamazenta|Dauntless Shield|boost
|-boost|p1a: Zamazenta|def|1
|move|p2a: Kingambit|Kowtow Cleave|p1a: Zamazenta
|-resisted|p1a: Zamazenta
|-damage|p1a: Zamazenta|85/100
|
|upkeep
|turn|15
|
|t:|1758946581
|-end|p2a: Kingambit|fallen3|[silent]
|switch|p2a: Landorus|Landorus-Therian, M|100/100
|-ability|p2a: Landorus|Intimidate|boost
|-unboost|p1a: Zamazenta|atk|1
|move|p1a: Zamazenta|Crunch|p2a: Landorus
|-damage|p2a: Landorus|85/100
|-unboost|p2a: Landorus|def|1
|-damage|p1a: Zamazenta|69/100|[from] item: Rocky Helmet|[of] p2a: Landorus
|
|upkeep
|turn|16
|
|t:|1758946585
|move|p1a: Zamazenta|Iron Defense|p1a: Zamazenta
|-boost|p1a: Zamazenta|def|2
|move|p2a: Landorus|U-turn|p1a: Zamazenta
|-resisted|p1a: Zamazenta
|-damage|p1a: Zamazenta|65/100
|
|t:|1758946587
|switch|p2a: Slowking|Slowking-Galar, M, shiny|100/100 brn|[from] U-turn
|
|-damage|p2a: Slowking|94/100 brn|[from] brn
|upkeep
|turn|17
|
|t:|1758946596
|move|p1a: Zamazenta|Iron Defense|p1a: Zamazenta
|-boost|p1a: Zamazenta|def|2
|move|p2a: Slowking|Future Sight|p1a: Zamazenta
|-start|p2a: Slowking|move: Future Sight
|
|-damage|p2a: Slowking|88/100 brn|[from] brn
|upkeep
|turn|18
|
|t:|1758946601
|move|p1a: Zamazenta|Crunch|p2a: Slowking
|-supereffective|p2a: Slowking
|-damage|p2a: Slowking|66/100 brn
|-unboost|p2a: Slowking|def|1
|move|p2a: Slowking|Sludge Bomb|p1a: Zamazenta
|-damage|p1a: Zamazenta|40/100
|-status|p1a: Zamazenta|psn
|
|-damage|p1a: Zamazenta|28/100 psn|[from] psn
|-damage|p2a: Slowking|60/100 brn|[from] brn
|upkeep
|turn|19
|
|t:|1758946618
|move|p1a: Zamazenta|Rest|p1a: Zamazenta
|-status|p1a: Zamazenta|slp|[from] move: Rest
|-heal|p1a: Zamazenta|100/100 slp|[silent]
|-enditem|p1a: Zamazenta|Chesto Berry|[eat]
|-curestatus|p1a: Zamazenta|slp|[msg]
|move|p2a: Slowking|Sludge Bomb|p1a: Zamazenta
|-damage|p1a: Zamazenta|73/100
|
|-end|p1a: Zamazenta|move: Future Sight
|-supereffective|p1a: Zamazenta
|-damage|p1a: Zamazenta|0 fnt
|faint|p1a: Zamazenta
|-damage|p2a: Slowking|54/100 brn|[from] brn
|upkeep
|-message|a1dpads forfeited.
|
|win|abdkkgja
|raw|a1dpads's rating: 1761 &rarr; <strong>1743</strong><br />(-18 for losing)
|raw|abdkkgja's rating: 1800 &rarr; <strong>1818</strong><br />(+18 for winning)
|l|☆a1dpads
|player|p1|
|c|☆abdkkgja|gg
|l|☆abdkkgja
|player|p2|
|l| amefurikoneko
