|j|☆wholo
|j|☆SamiFawad
|t:|1758976863
|gametype|singles
|player|p1|wholo|allister|1477
|player|p2|SamiFawad|2|1560
|gen|9
|tier|[Gen 9] OU
|rated|
|rule|HP Percentage Mod: HP is shown in percentages
|rule|Endless Battle Clause: Forcing endless battles is banned
|rule|Species Clause: Limit one of each Pokémon
|rule|OHKO Clause: OHKO moves are banned
|rule|Evasion Items Clause: Evasion items are banned
|rule|Evasion Moves Clause: Evasion moves are banned
|rule|Evasion Abilities Clause: Evasion abilities are banned
|rule|Sleep Moves Clause: Sleep-inducing moves are banned
|clearpoke
|poke|p1|Dondozo, F|
|poke|p1|Blissey, F|
|poke|p1|Corviknight, M|
|poke|p1|Weezing-Galar, F|
|poke|p1|Gliscor, F|
|poke|p1|Toxapex, M|
|poke|p2|Landorus-Therian, M|
|poke|p2|Samurott-Hisui, M|
|poke|p2|Great Tusk|
|poke|p2|Basculegion-F, F|
|poke|p2|Slowking-Galar, M|
|poke|p2|Zamazenta-*|
|teampreview
|
|t:|1758976873
|teamsize|p1|6
|teamsize|p2|6
|start
|switch|p1a: Toxapex|Toxapex, M|100/100
|switch|p2a: Basculegion|Basculegion-F, F|100/100
|turn|1
|
|t:|1758976876
|move|p2a: Basculegion|Flip Turn|p1a: Toxapex
|-resisted|p1a: Toxapex
|-damage|p1a: Toxapex|91/100
|
|t:|1758976880
|switch|p2a: Slowking|Slowking-Galar, M|100/100|[from] Flip Turn
|move|p1a: Toxapex|Toxic|p2a: Slowking
|-immune|p2a: Slowking
|
|-heal|p1a: Toxapex|98/100|[from] item: Leftovers
|upkeep
|turn|2
|
|t:|1758976910
|move|p1a: Toxapex|Toxic Spikes|p2a: Slowking
|-sidestart|p2: SamiFawad|move: Toxic Spikes
|move|p2a: Slowking|Future Sight|p1a: Toxapex
|-start|p2a: Slowking|move: Future Sight
|
|-heal|p1a: Toxapex|100/100|[from] item: Leftovers
|upkeep
|turn|3
|
|t:|1758976916
|switch|p2a: Landorus|Landorus-Therian, M|100/100
|-ability|p2a: Landorus|Intimidate|boost
|-unboost|p1a: Toxapex|atk|1
|move|p1a: Toxapex|Toxic Spikes|p2a: Landorus
|-sidestart|p2: SamiFawad|move: Toxic Spikes
|
|upkeep
|turn|4
|
|t:|1758976933
|switch|p1a: Corviknight|Corviknight, M|100/100
|-ability|p1a: Corviknight|Pressure
|move|p2a: Landorus|U-turn|p1a: Corviknight
|-resisted|p1a: Corviknight
|-damage|p1a: Corviknight|96/100
|
|t:|1758976937
|switch|p2a: Slowking|Slowking-Galar, M|100/100|[from] U-turn
|-sideend|p2: SamiFawad|move: Toxic Spikes|[of] p2a: Slowking
|
|-end|p1a: Corviknight|move: Future Sight
|-resisted|p1a: Corviknight
|-damage|p1a: Corviknight|69/100
|-heal|p1a: Corviknight|75/100|[from] item: Leftovers
|upkeep
|turn|5
|
|t:|1758976949
|switch|p1a: Blissey|Blissey, F|100/100
|move|p2a: Slowking|Future Sight|p1a: Blissey
|-start|p2a: Slowking|move: Future Sight
|
|upkeep
|turn|6
|
|t:|1758976958
|switch|p2a: Samurott|Samurott-Hisui, M|100/100
|move|p1a: Blissey|Stealth Rock|p2a: Samurott
|-sidestart|p2: SamiFawad|move: Stealth Rock
|
|upkeep
|turn|7
|
|t:|1758976966
|switch|p1a: Corviknight|Corviknight, M|75/100
|-ability|p1a: Corviknight|Pressure
|move|p2a: Samurott|Ceaseless Edge|p1a: Corviknight
|-damage|p1a: Corviknight|50/100
|-sidestart|p1: wholo|Spikes
|
|-end|p1a: Corviknight|move: Future Sight
|-resisted|p1a: Corviknight
|-damage|p1a: Corviknight|20/100
|-heal|p1a: Corviknight|26/100|[from] item: Leftovers
|upkeep
|turn|8
|
|t:|1758976970
|switch|p1a: Dondozo|Dondozo, F|100/100
|-damage|p1a: Dondozo|88/100|[from] Spikes
|move|p2a: Samurott|Ceaseless Edge|p1a: Dondozo|[miss]
|-miss|p2a: Samurott|p1a: Dondozo
|
|-heal|p1a: Dondozo|94/100|[from] item: Leftovers
|upkeep
|turn|9
|
|t:|1758976978
|switch|p1a: Corviknight|Corviknight, M|26/100
|-ability|p1a: Corviknight|Pressure
|move|p2a: Samurott|Ceaseless Edge|p1a: Corviknight
|-damage|p1a: Corviknight|0 fnt
|-sidestart|p1: wholo|Spikes
|faint|p1a: Corviknight
|
|upkeep
|
|t:|1758976981
|switch|p1a: Dondozo|Dondozo, F|94/100
|-damage|p1a: Dondozo|78/100|[from] Spikes
|turn|10
|c|☆wholo|????
|
|t:|1758976986
|move|p2a: Samurott|Ceaseless Edge|p1a: Dondozo
|-damage|p1a: Dondozo|59/100
|-sidestart|p1: wholo|Spikes
|move|p1a: Dondozo|Body Press|p2a: Samurott
|-supereffective|p2a: Samurott
|-damage|p2a: Samurott|26/100
|
|-heal|p1a: Dondozo|65/100|[from] item: Leftovers
|upkeep
|turn|11
|
|t:|1758976996
|switch|p2a: Slowking|Slowking-Galar, M|100/100
|-damage|p2a: Slowking|88/100|[from] Stealth Rock
|move|p1a: Dondozo|Avalanche|p2a: Slowking
|-damage|p2a: Slowking|74/100
|
|-heal|p1a: Dondozo|71/100|[from] item: Leftovers
|upkeep
|turn|12
|
|t:|1758977001
|switch|p1a: Gliscor|Gliscor, F|100/100
|move|p2a: Slowking|Future Sight|p1a: Gliscor
|-start|p2a: Slowking|move: Future Sight
|
|-status|p1a: Gliscor|tox|[from] item: Toxic Orb
|upkeep
|turn|13
|
|t:|1758977009
|switch|p2a: Samurott|Samurott-Hisui, M|26/100
|-damage|p2a: Samurott|13/100|[from] Stealth Rock
|move|p1a: Gliscor|Spikes|p2a: Samurott
|-sidestart|p2: SamiFawad|Spikes
|
|upkeep
|turn|14
|
|t:|1758977015
|move|p1a: Gliscor|Protect|p1a: Gliscor
|-singleturn|p1a: Gliscor|Protect
|move|p2a: Samurott|Razor Shell|p1a: Gliscor
|-activate|p1a: Gliscor|move: Protect
|
|-end|p1a: Gliscor|move: Future Sight
|-damage|p1a: Gliscor|52/100 tox
|-heal|p1a: Gliscor|65/100 tox|[from] ability: Poison Heal
|upkeep
|turn|15
|
|t:|1758977026
|switch|p1a: Dondozo|Dondozo, F|71/100
|-damage|p1a: Dondozo|46/100|[from] Spikes
|move|p2a: Samurott|Razor Shell|p1a: Dondozo
|-resisted|p1a: Dondozo
|-damage|p1a: Dondozo|35/100
|
|-heal|p1a: Dondozo|41/100|[from] item: Leftovers
|upkeep
|turn|16
|
|t:|1758977031
|switch|p2a: Slowking|Slowking-Galar, M|100/100
|-damage|p2a: Slowking|88/100|[from] Stealth Rock
|-damage|p2a: Slowking|76/100|[from] Spikes
|move|p1a: Dondozo|Rest|p1a: Dondozo
|-status|p1a: Dondozo|slp|[from] move: Rest
|-heal|p1a: Dondozo|100/100 slp|[silent]
|
|upkeep
|turn|17
|
|t:|1758977034
|switch|p1a: Gliscor|Gliscor, F|65/100 tox
|move|p2a: Slowking|Future Sight|p1a: Gliscor
|-start|p2a: Slowking|move: Future Sight
|
|-heal|p1a: Gliscor|77/100 tox|[from] ability: Poison Heal
|upkeep
|turn|18
|
|t:|1758977041
|switch|p2a: Great Tusk|Great Tusk|100/100
|-damage|p2a: Great Tusk|98/100|[from] Stealth Rock
|-damage|p2a: Great Tusk|85/100|[from] Spikes
|move|p1a: Gliscor|Spikes|p2a: Great Tusk
|-sidestart|p2: SamiFawad|Spikes
|
|-heal|p1a: Gliscor|90/100 tox|[from] ability: Poison Heal
|upkeep
|turn|19
|
|t:|1758977047
|move|p1a: Gliscor|Protect|p1a: Gliscor
|-singleturn|p1a: Gliscor|Protect
|move|p2a: Great Tusk|Stealth Rock|p1a: Gliscor
|-sidestart|p1: wholo|move: Stealth Rock
|
|-end|p1a: Gliscor|move: Future Sight
|-damage|p1a: Gliscor|40/100 tox
|-heal|p1a: Gliscor|53/100 tox|[from] ability: Poison Heal
|upkeep
|turn|20
|
|t:|1758977054
|switch|p1a: Dondozo|Dondozo, F|100/100 slp
|-damage|p1a: Dondozo|76/100 slp|[from] Spikes
|-damage|p1a: Dondozo|63/100 slp|[from] Stealth Rock
|move|p2a: Great Tusk|Rapid Spin|p1a: Dondozo
|-damage|p1a: Dondozo|57/100 slp
|-boost|p2a: Great Tusk|spe|1
|-sideend|p2: SamiFawad|Spikes|[from] move: Rapid Spin|[of] p2a: Great Tusk
|-sideend|p2: SamiFawad|Stealth Rock|[from] move: Rapid Spin|[of] p2a: Great Tusk
|
|-heal|p1a: Dondozo|63/100 slp|[from] item: Leftovers
|upkeep
|turn|21
|
|t:|1758977057
|move|p2a: Great Tusk|Knock Off|p1a: Dondozo
|-damage|p1a: Dondozo|50/100 slp
|-enditem|p1a: Dondozo|Leftovers|[from] move: Knock Off|[of] p2a: Great Tusk
|cant|p1a: Dondozo|slp
|move|p1a: Dondozo|Sleep Talk|p1a: Dondozo
|move|p1a: Dondozo|Rest||[from] move: Sleep Talk|[still]
|-fail|p1a: Dondozo
|
|upkeep
|turn|22
|
|t:|1758977061
|-end|p2a: Great Tusk|Protosynthesis|[silent]
|switch|p2a: Slowking|Slowking-Galar, M|100/100
|cant|p1a: Dondozo|slp
|move|p1a: Dondozo|Sleep Talk|p1a: Dondozo
|move|p1a: Dondozo|Body Press|p2a: Slowking|[from] move: Sleep Talk
|-resisted|p2a: Slowking
|-damage|p2a: Slowking|94/100
|
|upkeep
|turn|23
|
|t:|1758977069
|switch|p1a: Weezing|Weezing-Galar, F|100/100
|-ability|p1a: Weezing|Neutralizing Gas
|move|p2a: Slowking|Future Sight|p1a: Weezing
|-start|p2a: Slowking|move: Future Sight
|
|upkeep
|turn|24
|
|t:|1758977079
|move|p1a: Weezing|Defog|p2a: Slowking
|-unboost|p2a: Slowking|evasion|1
|-sideend|p1: wholo|Spikes|[from] move: Defog|[of] p1a: Weezing
|-sideend|p1: wholo|Stealth Rock|[from] move: Defog|[of] p1a: Weezing
|move|p2a: Slowking|Acid Spray|p1a: Weezing
|-damage|p1a: Weezing|70/100
|-unboost|p1a: Weezing|spd|2
|
|upkeep
|turn|25
|
|t:|1758977089
|-end|p1a: Weezing|ability: Neutralizing Gas
|switch|p1a: Blissey|Blissey, F|100/100
|move|p2a: Slowking|Acid Spray|p1a: Blissey
|-damage|p1a: Blissey|94/100
|-unboost|p1a: Blissey|spd|2
|
|-end|p1a: Blissey|move: Future Sight
|-crit|p1a: Blissey
|-damage|p1a: Blissey|35/100
|-heal|p1a: Blissey|41/100|[from] item: Leftovers
|upkeep
|turn|26
|
|t:|1758977095
|move|p1a: Blissey|Soft-Boiled|p1a: Blissey
|-heal|p1a: Blissey|91/100
|move|p2a: Slowking|Future Sight|p1a: Blissey
|-start|p2a: Slowking|move: Future Sight
|
|-heal|p1a: Blissey|98/100|[from] item: Leftovers
|upkeep
|turn|27
|
|t:|1758977097
|move|p1a: Blissey|Stealth Rock|p2a: Slowking
|-sidestart|p2: SamiFawad|move: Stealth Rock
|move|p2a: Slowking|Acid Spray|p1a: Blissey
|-damage|p1a: Blissey|85/100
|-unboost|p1a: Blissey|spd|2
|
|-heal|p1a: Blissey|92/100|[from] item: Leftovers
|upkeep
|turn|28
|
|t:|1758977102
|move|p1a: Blissey|Seismic Toss|p2a: Slowking
|-damage|p2a: Slowking|68/100
|move|p2a: Slowking|Acid Spray|p1a: Blissey
|-damage|p1a: Blissey|73/100
|-unboost|p1a: Blissey|spd|2
|
|-end|p1a: Blissey|move: Future Sight
|-damage|p1a: Blissey|2/100
|-heal|p1a: Blissey|8/100|[from] item: Leftovers
|upkeep
|turn|29
|
|t:|1758977107
|switch|p1a: Gliscor|Gliscor, F|53/100 tox
|move|p2a: Slowking|Future Sight|p1a: Gliscor
|-start|p2a: Slowking|move: Future Sight
|
|-heal|p1a: Gliscor|65/100 tox|[from] ability: Poison Heal
|upkeep
|turn|30
|
|t:|1758977111
|switch|p2a: Great Tusk|Great Tusk|85/100
|-damage|p2a: Great Tusk|82/100|[from] Stealth Rock
|move|p1a: Gliscor|Earthquake|p2a: Great Tusk
|-crit|p2a: Great Tusk
|-damage|p2a: Great Tusk|60/100
|
|-heal|p1a: Gliscor|78/100 tox|[from] ability: Poison Heal
|upkeep
|turn|31
|
|t:|1758977118
|move|p1a: Gliscor|Knock Off|p2a: Great Tusk
|-resisted|p2a: Great Tusk
|-damage|p2a: Great Tusk|55/100
|-damage|p1a: Gliscor|61/100 tox|[from] item: Rocky Helmet|[of] p2a: Great Tusk
|-enditem|p2a: Great Tusk|Rocky Helmet|[from] move: Knock Off|[of] p1a: Gliscor
|move|p2a: Great Tusk|Rapid Spin|p1a: Gliscor
|-damage|p1a: Gliscor|50/100 tox
|-boost|p2a: Great Tusk|spe|1
|-sideend|p2: SamiFawad|Stealth Rock|[from] move: Rapid Spin|[of] p2a: Great Tusk
|
|-end|p1a: Gliscor|move: Future Sight
|-damage|p1a: Gliscor|0 fnt
|faint|p1a: Gliscor
|upkeep
|
|t:|1758977127
|switch|p1a: Toxapex|Toxapex, M|100/100
|turn|32
|
|t:|1758977140
|-end|p2a: Great Tusk|Protosynthesis|[silent]
|switch|p2a: Slowking|Slowking-Galar, M|100/100
|move|p1a: Toxapex|Toxic|p2a: Slowking
|-immune|p2a: Slowking
|
|upkeep
|turn|33
|
|t:|1758977151
|switch|p1a: Blissey|Blissey, F|8/100
|move|p2a: Slowking|Future Sight|p1a: Blissey
|-start|p2a: Slowking|move: Future Sight
|
|-heal|p1a: Blissey|14/100|[from] item: Leftovers
|upkeep
|turn|34
|l|☆SamiFawad
|player|p2|
|j|☆SamiFawad
|player|p2|SamiFawad|2|
|
|t:|1758977196
|move|p1a: Blissey|Soft-Boiled|p1a: Blissey
|-heal|p1a: Blissey|64/100
|move|p2a: Slowking|Acid Spray|p1a: Blissey
|-damage|p1a: Blissey|57/100
|-unboost|p1a: Blissey|spd|2
|
|-heal|p1a: Blissey|64/100|[from] item: Leftovers
|upkeep
|turn|35
|
|t:|1758977224
|move|p1a: Blissey|Calm Mind|p1a: Blissey
|-boost|p1a: Blissey|spa|1
|-boost|p1a: Blissey|spd|1
|move|p2a: Slowking|Acid Spray|p1a: Blissey
|-damage|p1a: Blissey|55/100
|-unboost|p1a: Blissey|spd|2
|
|-end|p1a: Blissey|move: Future Sight
|-damage|p1a: Blissey|11/100
|-heal|p1a: Blissey|17/100|[from] item: Leftovers
|upkeep
|turn|36
|
|t:|1758977229
|move|p1a: Blissey|Soft-Boiled|p1a: Blissey
|-heal|p1a: Blissey|67/100
|move|p2a: Slowking|Acid Spray|p1a: Blissey
|-damage|p1a: Blissey|51/100
|-unboost|p1a: Blissey|spd|2
|
|-heal|p1a: Blissey|58/100|[from] item: Leftovers
|upkeep
|turn|37
|
|t:|1758977236
|switch|p1a: Toxapex|Toxapex, M|100/100
|move|p2a: Slowking|Future Sight|p1a: Toxapex
|-start|p2a: Slowking|move: Future Sight
|
|upkeep
|turn|38
|
|t:|1758977239
|switch|p1a: Blissey|Blissey, F|58/100
|move|p2a: Slowking|Acid Spray|p1a: Blissey
|-damage|p1a: Blissey|51/100
|-unboost|p1a: Blissey|spd|2
|
|-heal|p1a: Blissey|57/100|[from] item: Leftovers
|upkeep
|turn|39
|
|t:|1758977242
|switch|p1a: Toxapex|Toxapex, M|100/100
|move|p2a: Slowking|Acid Spray|p1a: Toxapex
|-resisted|p1a: Toxapex
|-damage|p1a: Toxapex|94/100
|-unboost|p1a: Toxapex|spd|2
|
|-end|p1a: Toxapex|move: Future Sight
|-supereffective|p1a: Toxapex
|-damage|p1a: Toxapex|0 fnt
|faint|p1a: Toxapex
|upkeep
|-message|wholo forfeited.
|
|win|SamiFawad
|raw|wholo's rating: 1458 &rarr; <strong>1444</strong><br />(-14 for losing)
|raw|SamiFawad's rating: 1560 &rarr; <strong>1574</strong><br />(+14 for winning)
|l|☆wholo
|player|p1|
|l|☆SamiFawad
|player|p2|
