|j|☆Sunshinne
|j|☆jamel1
|t:|1759073669
|gametype|singles
|player|p1|Sunshinne|lacey|1733
|player|p2|jamel1|102|1700
|gen|9
|tier|[Gen 9] OU
|rated|
|rule|HP Percentage Mod: HP is shown in percentages
|rule|Endless Battle Clause: Forcing endless battles is banned
|rule|Species Clause: Limit one of each Pokémon
|rule|OHKO Clause: OHKO moves are banned
|rule|Evasion Items Clause: Evasion items are banned
|rule|Evasion Moves Clause: Evasion moves are banned
|rule|Evasion Abilities Clause: Evasion abilities are banned
|rule|Sleep Moves Clause: Sleep-inducing moves are banned
|clearpoke
|poke|p1|Ribombee, M|
|poke|p1|Glimmora, F|
|poke|p1|Manaphy|
|poke|p1|Zamazenta-*|
|poke|p1|Gholdengo|
|poke|p1|Kingambit, M|
|poke|p2|Gyarados, M|
|poke|p2|Maushold|
|poke|p2|Deoxys-Defense|
|poke|p2|Sandaconda, F|
|poke|p2|Serperior, M|
|poke|p2|Kommo-o, M|
|teampreview
|inactive|Battle timer is ON: inactive players will automatically lose when time's up. (requested by Sunshinne)
|
|t:|1759073678
|teamsize|p1|6
|teamsize|p2|6
|start
|switch|p1a: Glimmora|Glimmora, F|100/100
|switch|p2a: Sandaconda|Sandaconda, F|100/100
|turn|1
|
|t:|1759073681
|switch|p1a: Ribombee|Ribombee, M|100/100
|move|p2a: Sandaconda|Glare|p1a: Ribombee
|-status|p1a: Ribombee|par
|
|upkeep
|turn|2
|
|t:|1759073684
|move|p2a: Sandaconda|Stealth Rock|p1a: Ribombee
|-sidestart|p1: Sunshinne|move: Stealth Rock
|move|p1a: Ribombee|Stun Spore|p2a: Sandaconda
|-status|p2a: Sandaconda|par
|
|-activate|p2a: Sandaconda|ability: Shed Skin
|-curestatus|p2a: Sandaconda|par|[msg]
|upkeep
|turn|3
|
|t:|1759073687
|switch|p2a: Serperior|Serperior, M|100/100
|move|p1a: Ribombee|Stun Spore|p2a: Serperior
|-immune|p2a: Serperior
|
|upkeep
|turn|4
|
|t:|1759073692
|move|p2a: Serperior|Light Screen|p2a: Serperior
|-sidestart|p2: jamel1|move: Light Screen
|move|p1a: Ribombee|Sticky Web|p2a: Serperior
|-sidestart|p2: jamel1|move: Sticky Web
|
|upkeep
|turn|5
|
|t:|1759073696
|move|p2a: Serperior|Reflect|p2a: Serperior
|-sidestart|p2: jamel1|Reflect
|move|p1a: Ribombee|Psychic Noise|p2a: Serperior
|-damage|p2a: Serperior|89/100
|-start|p2a: Serperior|move: Heal Block
|
|upkeep
|turn|6
|
|t:|1759073703
|switch|p2a: Maushold|Maushold|100/100
|-activate|p2a: Maushold|move: Sticky Web
|-unboost|p2a: Maushold|spe|1
|switch|p1a: Kingambit|Kingambit, M|100/100
|-damage|p1a: Kingambit|94/100|[from] Stealth Rock
|
|-heal|p1a: Kingambit|100/100|[from] item: Leftovers
|upkeep
|turn|7
|
|t:|1759073706
|-end|p1a: Kingambit|fallenundefined|[silent]
|switch|p1a: Zamazenta|Zamazenta|100/100
|-damage|p1a: Zamazenta|94/100|[from] Stealth Rock
|-ability|p1a: Zamazenta|Dauntless Shield|boost
|-boost|p1a: Zamazenta|def|1
|move|p2a: Maushold|Tidy Up|p2a: Maushold
|-sideend|p2: jamel1|Sticky Web
|-sideend|p1: Sunshinne|Stealth Rock
|-activate|p2a: Maushold|move: Tidy Up
|-boost|p2a: Maushold|atk|1
|-boost|p2a: Maushold|spe|1
|-enditem|p1a: Zamazenta|Mirror Herb
|-boost|p1a: Zamazenta|atk|1|[from] item: Mirror Herb
|-boost|p1a: Zamazenta|spe|1|[from] item: Mirror Herb
|
|upkeep
|turn|8
|
|t:|1759073711
|move|p1a: Zamazenta|Iron Defense|p1a: Zamazenta
|-boost|p1a: Zamazenta|def|2
|move|p2a: Maushold|Thunder Wave|p1a: Zamazenta
|-status|p1a: Zamazenta|par
|
|upkeep
|turn|9
|
|t:|1759073714
|cant|p1a: Zamazenta|par
|move|p2a: Maushold|Tidy Up|p2a: Maushold
|-boost|p2a: Maushold|atk|1
|-boost|p2a: Maushold|spe|1
|
|upkeep
|turn|10
|
|t:|1759073716
|move|p2a: Maushold|Population Bomb|p1a: Zamazenta
|-damage|p1a: Zamazenta|88/100 par
|-damage|p1a: Zamazenta|80/100 par
|-hitcount|p1a: Zamazenta|2
|move|p1a: Zamazenta|Body Press|p2a: Maushold
|-supereffective|p2a: Maushold
|-damage|p2a: Maushold|0 fnt
|faint|p2a: Maushold
|
|upkeep
|
|t:|1759073719
|switch|p2a: Deoxys|Deoxys-Defense|100/100
|-ability|p2a: Deoxys|Pressure
|turn|11
|
|t:|1759073722
|move|p1a: Zamazenta|Iron Head|p2a: Deoxys
|-damage|p2a: Deoxys|90/100
|-enditem|p2a: Deoxys|Kee Berry|[eat]
|-boost|p2a: Deoxys|def|1|[from] item: Kee Berry
|move|p2a: Deoxys|Calm Mind|p2a: Deoxys
|-boost|p2a: Deoxys|spa|1
|-boost|p2a: Deoxys|spd|1
|
|-sideend|p2: jamel1|move: Light Screen
|upkeep
|turn|12
|
|t:|1759073729
|switch|p1a: Gholdengo|Gholdengo|100/100
|-item|p1a: Gholdengo|Air Balloon
|move|p2a: Deoxys|Calm Mind|p2a: Deoxys
|-boost|p2a: Deoxys|spa|1
|-boost|p2a: Deoxys|spd|1
|
|-sideend|p2: jamel1|Reflect
|upkeep
|turn|13
|
|t:|1759073733
|move|p1a: Gholdengo|Thunder Wave|p2a: Deoxys
|-status|p2a: Deoxys|par
|move|p2a: Deoxys|Calm Mind|p2a: Deoxys
|-boost|p2a: Deoxys|spa|1
|-boost|p2a: Deoxys|spd|1
|
|upkeep
|turn|14
|
|t:|1759073736
|move|p1a: Gholdengo|Hex|p2a: Deoxys
|-supereffective|p2a: Deoxys
|-damage|p2a: Deoxys|50/100 par
|cant|p2a: Deoxys|par
|
|upkeep
|turn|15
|
|t:|1759073739
|move|p1a: Gholdengo|Hex|p2a: Deoxys
|-supereffective|p2a: Deoxys
|-damage|p2a: Deoxys|8/100 par
|cant|p2a: Deoxys|par
|
|upkeep
|turn|16
|
|t:|1759073741
|move|p1a: Gholdengo|Hex|p2a: Deoxys
|-supereffective|p2a: Deoxys
|-damage|p2a: Deoxys|0 fnt
|faint|p2a: Deoxys
|
|upkeep
|
|t:|1759073743
|switch|p2a: Sandaconda|Sandaconda, F|100/100
|turn|17
|
|t:|1759073746
|move|p2a: Sandaconda|Iron Head|p1a: Gholdengo
|-resisted|p1a: Gholdengo
|-damage|p1a: Gholdengo|90/100
|-enditem|p1a: Gholdengo|Air Balloon
|move|p1a: Gholdengo|Make It Rain|p2a: Sandaconda
|-enditem|p2a: Sandaconda|Focus Sash
|-damage|p2a: Sandaconda|1/100
|-unboost|p1a: Gholdengo|spa|1
|
|upkeep
|turn|18
|
|t:|1759073751
|switch|p1a: Glimmora|Glimmora, F|100/100
|move|p2a: Sandaconda|Stealth Rock|p1a: Glimmora
|-sidestart|p1: Sunshinne|move: Stealth Rock
|
|upkeep
|turn|19
|
|t:|1759073759
|move|p1a: Glimmora|Sludge Bomb|p2a: Sandaconda
|-resisted|p2a: Sandaconda
|-damage|p2a: Sandaconda|0 fnt
|faint|p2a: Sandaconda
|
|upkeep
|
|t:|1759073765
|switch|p2a: Serperior|Serperior, M|89/100
|turn|20
|
|t:|1759073767
|move|p2a: Serperior|Light Screen|p2a: Serperior
|-sidestart|p2: jamel1|move: Light Screen
|move|p1a: Glimmora|Sludge Bomb|p2a: Serperior
|-supereffective|p2a: Serperior
|-damage|p2a: Serperior|24/100
|
|upkeep
|turn|21
|
|t:|1759073772
|move|p2a: Serperior|Reflect|p2a: Serperior
|-sidestart|p2: jamel1|Reflect
|move|p1a: Glimmora|Sludge Bomb|p2a: Serperior
|-supereffective|p2a: Serperior
|-damage|p2a: Serperior|0 fnt
|faint|p2a: Serperior
|
|upkeep
|
|t:|1759073773
|switch|p2a: Gyarados|Gyarados, M|100/100
|turn|22
|
|t:|1759073775
|-terastallize|p2a: Gyarados|Ground
|move|p2a: Gyarados|Substitute|p2a: Gyarados
|-start|p2a: Gyarados|Substitute
|-damage|p2a: Gyarados|76/100
|move|p1a: Glimmora|Meteor Beam||[still]
|-prepare|p1a: Glimmora|Meteor Beam
|-boost|p1a: Glimmora|spa|1
|-enditem|p1a: Glimmora|Power Herb
|-anim|p1a: Glimmora|Meteor Beam|p2a: Gyarados
|-resisted|p2a: Gyarados
|-activate|p2a: Gyarados|move: Substitute|[damage]
|
|-heal|p2a: Gyarados|82/100|[from] item: Leftovers
|upkeep
|turn|23
|
|t:|1759073783
|move|p2a: Gyarados|Dragon Dance|p2a: Gyarados
|-boost|p2a: Gyarados|atk|1
|-boost|p2a: Gyarados|spe|1
|move|p1a: Glimmora|Dazzling Gleam|p2a: Gyarados
|-end|p2a: Gyarados|Substitute
|
|-heal|p2a: Gyarados|88/100|[from] item: Leftovers
|upkeep
|turn|24
|
|t:|1759073790
|move|p2a: Gyarados|Dragon Dance|p2a: Gyarados
|-boost|p2a: Gyarados|atk|1
|-boost|p2a: Gyarados|spe|1
|move|p1a: Glimmora|Sludge Bomb|p2a: Gyarados
|-resisted|p2a: Gyarados
|-damage|p2a: Gyarados|68/100
|
|-heal|p2a: Gyarados|74/100|[from] item: Leftovers
|upkeep
|turn|25
|
|t:|1759073794
|switch|p1a: Ribombee|Ribombee, M|100/100 par
|-damage|p1a: Ribombee|76/100 par|[from] Stealth Rock
|move|p2a: Gyarados|Dragon Dance|p2a: Gyarados
|-boost|p2a: Gyarados|atk|1
|-boost|p2a: Gyarados|spe|1
|
|-heal|p2a: Gyarados|80/100|[from] item: Leftovers
|upkeep
|turn|26
|
|t:|1759073796
|move|p2a: Gyarados|Waterfall|p1a: Ribombee
|-damage|p1a: Ribombee|0 fnt
|faint|p1a: Ribombee
|-ability|p2a: Gyarados|Moxie|boost
|-boost|p2a: Gyarados|atk|1
|
|-heal|p2a: Gyarados|86/100|[from] item: Leftovers
|upkeep
|
|t:|1759073802
|switch|p1a: Manaphy|Manaphy|100/100
|-damage|p1a: Manaphy|88/100|[from] Stealth Rock
|turn|27
|
|t:|1759073806
|move|p2a: Gyarados|Earthquake|p1a: Manaphy
|-damage|p1a: Manaphy|0 fnt
|faint|p1a: Manaphy
|-ability|p2a: Gyarados|Moxie|boost
|-boost|p2a: Gyarados|atk|1
|
|-heal|p2a: Gyarados|92/100|[from] item: Leftovers
|-sideend|p2: jamel1|move: Light Screen
|upkeep
|
|t:|1759073810
|switch|p1a: Zamazenta|Zamazenta|80/100 par
|-damage|p1a: Zamazenta|74/100 par|[from] Stealth Rock
|turn|28
|
|t:|1759073812
|move|p2a: Gyarados|Earthquake|p1a: Zamazenta
|-damage|p1a: Zamazenta|0 fnt
|faint|p1a: Zamazenta
|-ability|p2a: Gyarados|Moxie|boost
|-boost|p2a: Gyarados|atk|1
|
|-heal|p2a: Gyarados|98/100|[from] item: Leftovers
|-sideend|p2: jamel1|Reflect
|upkeep
|
|t:|1759073814
|switch|p1a: Gholdengo|Gholdengo|90/100
|-damage|p1a: Gholdengo|84/100|[from] Stealth Rock
|turn|29
|
|t:|1759073816
|move|p2a: Gyarados|Earthquake|p1a: Gholdengo
|-supereffective|p1a: Gholdengo
|-damage|p1a: Gholdengo|0 fnt
|faint|p1a: Gholdengo
|
|-heal|p2a: Gyarados|100/100|[from] item: Leftovers
|upkeep
|
|t:|1759073819
|switch|p1a: Glimmora|Glimmora, F|100/100
|-damage|p1a: Glimmora|88/100|[from] Stealth Rock
|turn|30
|
|t:|1759073822
|move|p2a: Gyarados|Earthquake|p1a: Glimmora
|-supereffective|p1a: Glimmora
|-damage|p1a: Glimmora|0 fnt
|-activate|p1a: Glimmora|ability: Toxic Debris
|-sidestart|p2: jamel1|move: Toxic Spikes
|faint|p1a: Glimmora
|
|upkeep
|
|t:|1759073823
|switch|p1a: Kingambit|Kingambit, M|100/100
|-damage|p1a: Kingambit|94/100|[from] Stealth Rock
|-activate|p1a: Kingambit|ability: Supreme Overlord
|-start|p1a: Kingambit|fallen5|[silent]
|turn|31
|
|t:|1759073825
|move|p1a: Kingambit|Sucker Punch||[still]
|-fail|p1a: Kingambit
|move|p2a: Gyarados|Substitute|p2a: Gyarados
|-start|p2a: Gyarados|Substitute
|-damage|p2a: Gyarados|76/100
|
|-heal|p2a: Gyarados|82/100|[from] item: Leftovers
|-heal|p1a: Kingambit|100/100|[from] item: Leftovers
|upkeep
|turn|32
|
|t:|1759073828
|-terastallize|p1a: Kingambit|Fairy
|move|p2a: Gyarados|Earthquake|p1a: Kingambit
|-damage|p1a: Kingambit|0 fnt
|faint|p1a: Kingambit
|-end|p1a: Kingambit|fallen5|[silent]
|
|win|jamel1
|raw|Sunshinne's rating: 1733 &rarr; <strong>1711</strong><br />(-22 for losing)
|raw|jamel1's rating: 1700 &rarr; <strong>1722</strong><br />(+22 for winning)
|j| wgw2333
|l|☆Sunshinne
|player|p1|
