|j|☆Crocodile E
|j|‽Sleepy753
|t:|1758945728
|gametype|singles
|player|p1|Crocodile E|depotagent|1376
|player|p2|Sleepy753|steven|1400
|gen|9
|tier|[Gen 9] OU
|rated|
|rule|HP Percentage Mod: HP is shown in percentages
|rule|Endless Battle Clause: Forcing endless battles is banned
|rule|Species Clause: Limit one of each Pokémon
|rule|OHKO Clause: OHKO moves are banned
|rule|Evasion Items Clause: Evasion items are banned
|rule|Evasion Moves Clause: Evasion moves are banned
|rule|Evasion Abilities Clause: Evasion abilities are banned
|rule|Sleep Moves Clause: Sleep-inducing moves are banned
|clearpoke
|poke|p1|Samurott-Hisui, F|
|poke|p1|Dragapult, F|
|poke|p1|Gholdengo|
|poke|p1|Great Tusk|
|poke|p1|Moltres|
|poke|p1|Scizor, F|
|poke|p2|Quaquaval, M|
|poke|p2|Skeledirge, F|
|poke|p2|Araquanid, F|
|poke|p2|Dragapult, F|
|poke|p2|Weavile, F|
|poke|p2|Weezing-Galar, M|
|teampreview
|inactive|Battle timer is ON: inactive players will automatically lose when time's up. (requested by Sleepy753)
|
|t:|1758945735
|teamsize|p1|6
|teamsize|p2|6
|start
|switch|p1a: Scizor|Scizor, F|100/100
|switch|p2a: Quaquaval|Quaquaval, M|100/100
|turn|1
|
|t:|1758945742
|switch|p2a: Araquanid|Araquanid, F|100/100
|move|p1a: Scizor|Knock Off|p2a: Araquanid
|-damage|p2a: Araquanid|40/100
|-enditem|p2a: Araquanid|Heavy-Duty Boots|[from] move: Knock Off|[of] p1a: Scizor
|
|upkeep
|turn|2
|
|t:|1758945747
|move|p1a: Scizor|Knock Off|p2a: Araquanid
|-damage|p2a: Araquanid|0 fnt
|faint|p2a: Araquanid
|
|upkeep
|
|t:|1758945752
|switch|p2a: Weezing|Weezing-Galar, M|100/100
|turn|3
|
|t:|1758945756
|switch|p1a: Moltres|Moltres|100/100
|move|p2a: Weezing|Will-O-Wisp|p1a: Moltres
|-immune|p1a: Moltres
|
|upkeep
|turn|4
|
|t:|1758945760
|move|p1a: Moltres|U-turn|p2a: Weezing
|-resisted|p2a: Weezing
|-damage|p2a: Weezing|97/100
|
|t:|1758945763
|switch|p1a: Dragapult|Dragapult, F|100/100|[from] U-turn
|move|p2a: Weezing|Sludge Bomb|p1a: Dragapult
|-resisted|p1a: Dragapult
|-damage|p1a: Dragapult|72/100
|-status|p1a: Dragapult|psn
|
|-heal|p2a: Weezing|100/100|[from] item: Leftovers
|-damage|p1a: Dragapult|60/100 psn|[from] psn
|upkeep
|turn|5
|
|t:|1758945768
|move|p1a: Dragapult|Shadow Ball|p2a: Weezing
|-damage|p2a: Weezing|21/100
|move|p2a: Weezing|Strange Steam|p1a: Dragapult
|-supereffective|p1a: Dragapult
|-damage|p1a: Dragapult|0 fnt
|faint|p1a: Dragapult
|
|-heal|p2a: Weezing|27/100|[from] item: Leftovers
|upkeep
|
|t:|1758945778
|switch|p1a: Scizor|Scizor, F|100/100
|turn|6
|
|t:|1758945782
|move|p1a: Scizor|Bullet Punch|p2a: Weezing
|-supereffective|p2a: Weezing
|-damage|p2a: Weezing|0 fnt
|faint|p2a: Weezing
|
|upkeep
|
|t:|1758945784
|switch|p2a: Skeledirge|Skeledirge, F|100/100
|turn|7
|
|t:|1758945793
|switch|p1a: Moltres|Moltres|100/100
|move|p2a: Skeledirge|Torch Song|p1a: Moltres
|-resisted|p1a: Moltres
|-damage|p1a: Moltres|85/100
|-boost|p2a: Skeledirge|spa|1
|
|upkeep
|turn|8
|
|t:|1758945798
|move|p1a: Moltres|Hurricane|p2a: Skeledirge
|-damage|p2a: Skeledirge|68/100
|move|p2a: Skeledirge|Torch Song|p1a: Moltres
|-resisted|p1a: Moltres
|-damage|p1a: Moltres|61/100
|-boost|p2a: Skeledirge|spa|1
|
|upkeep
|turn|9
|
|t:|1758945811
|move|p1a: Moltres|Hurricane|p2a: Skeledirge
|-damage|p2a: Skeledirge|37/100
|move|p2a: Skeledirge|Will-O-Wisp|p1a: Moltres
|-immune|p1a: Moltres
|
|upkeep
|turn|10
|
|t:|1758945816
|move|p1a: Moltres|Hurricane|p2a: Skeledirge
|-damage|p2a: Skeledirge|4/100
|move|p2a: Skeledirge|Slack Off|p2a: Skeledirge
|-heal|p2a: Skeledirge|55/100
|
|upkeep
|turn|11
|
|t:|1758945824
|move|p1a: Moltres|Hurricane|p2a: Skeledirge
|-damage|p2a: Skeledirge|21/100
|-start|p2a: Skeledirge|confusion
|-activate|p2a: Skeledirge|confusion
|move|p2a: Skeledirge|Will-O-Wisp|p1a: Moltres
|-immune|p1a: Moltres
|
|upkeep
|turn|12
|
|t:|1758945828
|move|p1a: Moltres|Hurricane|p2a: Skeledirge
|-damage|p2a: Skeledirge|0 fnt
|faint|p2a: Skeledirge
|
|upkeep
|
|t:|1758945847
|switch|p2a: Dragapult|Dragapult, F|100/100
|turn|13
|
|t:|1758945850
|switch|p1a: Samurott|Samurott-Hisui, F|100/100
|move|p2a: Dragapult|Substitute|p2a: Dragapult
|-start|p2a: Dragapult|Substitute
|-damage|p2a: Dragapult|76/100
|
|-heal|p2a: Dragapult|82/100|[from] item: Leftovers
|upkeep
|turn|14
|
|t:|1758945855
|move|p2a: Dragapult|Will-O-Wisp|p1a: Samurott
|-status|p1a: Samurott|brn
|move|p1a: Samurott|Ceaseless Edge|p2a: Dragapult
|-supereffective|p2a: Dragapult
|-end|p2a: Dragapult|Substitute
|-sidestart|p2: Sleepy753|Spikes
|
|-heal|p2a: Dragapult|88/100|[from] item: Leftovers
|-damage|p1a: Samurott|94/100 brn|[from] brn
|upkeep
|turn|15
|
|t:|1758945858
|move|p2a: Dragapult|Dragon Darts|p1a: Samurott
|-damage|p1a: Samurott|70/100 brn
|-anim|p2a: Dragapult|Dragon Darts|p1a: Samurott
|-damage|p1a: Samurott|48/100 brn
|move|p1a: Samurott|Ceaseless Edge|p2a: Dragapult
|-supereffective|p2a: Dragapult
|-damage|p2a: Dragapult|31/100
|-sidestart|p2: Sleepy753|Spikes
|
|-heal|p2a: Dragapult|37/100|[from] item: Leftovers
|-damage|p1a: Samurott|42/100 brn|[from] brn
|upkeep
|turn|16
|
|t:|1758945863
|switch|p2a: Quaquaval|Quaquaval, M|100/100
|-damage|p2a: Quaquaval|84/100|[from] Spikes
|move|p1a: Samurott|Sucker Punch||[still]
|-fail|p1a: Samurott
|
|-heal|p2a: Quaquaval|90/100|[from] item: Leftovers
|-damage|p1a: Samurott|36/100 brn|[from] brn
|upkeep
|turn|17
|
|t:|1758945867
|switch|p1a: Moltres|Moltres|61/100
|move|p2a: Quaquaval|Swords Dance|p2a: Quaquaval
|-boost|p2a: Quaquaval|atk|2
|
|-heal|p2a: Quaquaval|96/100|[from] item: Leftovers
|upkeep
|turn|18
|
|t:|1758945874
|-terastallize|p2a: Quaquaval|Ground
|-terastallize|p1a: Moltres|Grass
|move|p2a: Quaquaval|Aqua Step|p1a: Moltres
|-resisted|p1a: Moltres
|-damage|p1a: Moltres|31/100
|-boost|p2a: Quaquaval|spe|1
|move|p1a: Moltres|Hurricane|p2a: Quaquaval
|-damage|p2a: Quaquaval|32/100
|
|-heal|p2a: Quaquaval|38/100|[from] item: Leftovers
|upkeep
|turn|19
|
|t:|1758945881
|move|p2a: Quaquaval|Ice Spinner|p1a: Moltres
|-supereffective|p1a: Moltres
|-damage|p1a: Moltres|0 fnt
|faint|p1a: Moltres
|-ability|p2a: Quaquaval|Moxie|boost
|-boost|p2a: Quaquaval|atk|1
|
|-heal|p2a: Quaquaval|45/100|[from] item: Leftovers
|upkeep
|
|t:|1758945896
|switch|p1a: Scizor|Scizor, F|100/100
|turn|20
|
|t:|1758945900
|move|p1a: Scizor|Bullet Punch|p2a: Quaquaval
|-damage|p2a: Quaquaval|0 fnt
|faint|p2a: Quaquaval
|
|upkeep
|-message|Sleepy753 forfeited.
|
|win|Crocodile E
|raw|Crocodile E's rating: 1376 &rarr; <strong>1397</strong><br />(+21 for winning)
|raw|Sleepy753's rating: 1400 &rarr; <strong>1379</strong><br />(-21 for losing)
|l|‽Sleepy753
|player|p2|
|l|☆Crocodile E
|player|p1|
