|j|☆wateraus281
|j|☆Ruler of the Sand
|t:|1758914473
|gametype|singles
|player|p1|wateraus281|burglar|1149
|player|p2|Ruler of the Sand|marshal|1075
|gen|9
|tier|[Gen 9] OU
|rated|
|rule|HP Percentage Mod: HP is shown in percentages
|rule|Endless Battle Clause: Forcing endless battles is banned
|rule|Species Clause: Limit one of each Pokémon
|rule|OHKO Clause: OHKO moves are banned
|rule|Evasion Items Clause: Evasion items are banned
|rule|Evasion Moves Clause: Evasion moves are banned
|rule|Evasion Abilities Clause: Evasion abilities are banned
|rule|Sleep Moves Clause: Sleep-inducing moves are banned
|clearpoke
|poke|p1|Malamar, M|
|poke|p1|Porygon2|
|poke|p1|Ursaluna, F|
|poke|p1|Cresselia, F|
|poke|p1|Torkoal, F|
|poke|p1|Hatterene, F|
|poke|p2|Articuno-Galar|
|poke|p2|Corviknight, M|
|poke|p2|Oricorio-Pom-Pom, F|
|poke|p2|Landorus-Therian, M|
|poke|p2|Flygon, F|
|poke|p2|Moltres|
|teampreview
|inactive|Battle timer is ON: inactive players will automatically lose when time's up. (requested by wateraus281)
|
|t:|1758914492
|teamsize|p1|6
|teamsize|p2|6
|start
|switch|p1a: Torkoal|Torkoal, F|100/100
|switch|p2a: Moltres|Moltres|100/100
|-weather|SunnyDay|[from] ability: Drought|[of] p1a: Torkoal
|turn|1
|
|t:|1758914512
|move|p1a: Torkoal|Flamethrower|p2a: Moltres
|-resisted|p2a: Moltres
|-damage|p2a: Moltres|72/100
|move|p2a: Moltres|Roar|p1a: Torkoal
|drag|p1a: Cresselia|Cresselia, F|100/100
|
|-weather|SunnyDay|[upkeep]
|upkeep
|turn|2
|
|t:|1758914523
|move|p2a: Moltres|Flamethrower|p1a: Cresselia
|-damage|p1a: Cresselia|71/100
|move|p1a: Cresselia|Trick Room|p1a: Cresselia
|-fieldstart|move: Trick Room|[of] p1a: Cresselia
|
|-weather|SunnyDay|[upkeep]
|upkeep
|turn|3
|
|t:|1758914532
|switch|p1a: Ursaluna|Ursaluna, F|100/100
|move|p2a: Moltres|Will-O-Wisp|p1a: Ursaluna
|-status|p1a: Ursaluna|brn
|
|-weather|SunnyDay|[upkeep]
|-damage|p1a: Ursaluna|94/100 brn|[from] brn
|upkeep
|turn|4
|
|t:|1758914543
|switch|p2a: Landorus|Landorus-Therian, M|100/100
|-ability|p2a: Landorus|Intimidate|boost
|-unboost|p1a: Ursaluna|atk|1
|move|p1a: Ursaluna|Facade|p2a: Landorus
|-damage|p2a: Landorus|1/100
|-damage|p1a: Ursaluna|78/100 brn|[from] item: Rocky Helmet|[of] p2a: Landorus
|
|-weather|SunnyDay|[upkeep]
|-damage|p1a: Ursaluna|72/100 brn|[from] brn
|upkeep
|turn|5
|
|t:|1758914554
|switch|p2a: Corviknight|Corviknight, M|100/100
|move|p1a: Ursaluna|Fire Punch|p2a: Corviknight
|-supereffective|p2a: Corviknight
|-damage|p2a: Corviknight|31/100
|-damage|p1a: Ursaluna|55/100 brn|[from] item: Rocky Helmet|[of] p2a: Corviknight
|
|-weather|none
|-damage|p1a: Ursaluna|49/100 brn|[from] brn
|upkeep
|turn|6
|
|t:|1758914565
|switch|p2a: Landorus|Landorus-Therian, M|1/100
|-ability|p2a: Landorus|Intimidate|boost
|-unboost|p1a: Ursaluna|atk|1
|move|p1a: Ursaluna|Facade|p2a: Landorus
|-damage|p2a: Landorus|0 fnt
|-damage|p1a: Ursaluna|32/100 brn|[from] item: Rocky Helmet|[of] p2a: Landorus
|faint|p2a: Landorus
|
|-damage|p1a: Ursaluna|26/100 brn|[from] brn
|-fieldend|move: Trick Room
|upkeep
|
|t:|1758914577
|switch|p2a: Moltres|Moltres|72/100
|turn|7
|
|t:|1758914584
|move|p2a: Moltres|Roost|p2a: Moltres
|-heal|p2a: Moltres|100/100
|-singleturn|p2a: Moltres|move: Roost
|move|p1a: Ursaluna|Facade|p2a: Moltres
|-damage|p2a: Moltres|44/100
|
|-damage|p1a: Ursaluna|20/100 brn|[from] brn
|upkeep
|turn|8
|
|t:|1758914595
|move|p2a: Moltres|Flamethrower|p1a: Ursaluna
|-damage|p1a: Ursaluna|0 fnt
|faint|p1a: Ursaluna
|
|upkeep
|
|t:|1758914611
|switch|p1a: Porygon2|Porygon2|100/100
|-ability|p1a: Porygon2|Download|boost
|-boost|p1a: Porygon2|atk|1
|turn|9
|
|t:|1758914616
|move|p2a: Moltres|Roost|p2a: Moltres
|-heal|p2a: Moltres|94/100
|-singleturn|p2a: Moltres|move: Roost
|move|p1a: Porygon2|Trick Room|p1a: Porygon2
|-fieldstart|move: Trick Room|[of] p1a: Porygon2
|
|upkeep
|turn|10
|
|t:|1758914624
|move|p1a: Porygon2|Tera Blast|p2a: Moltres
|-damage|p2a: Moltres|64/100
|move|p2a: Moltres|Will-O-Wisp|p1a: Porygon2
|-status|p1a: Porygon2|brn
|
|-damage|p1a: Porygon2|94/100 brn|[from] brn
|upkeep
|turn|11
|
|t:|1758914633
|move|p1a: Porygon2|Tera Blast|p2a: Moltres
|-damage|p2a: Moltres|35/100
|move|p2a: Moltres|Flamethrower|p1a: Porygon2
|-damage|p1a: Porygon2|71/100 brn
|
|-damage|p1a: Porygon2|65/100 brn|[from] brn
|upkeep
|turn|12
|
|t:|1758914646
|move|p1a: Porygon2|Tera Blast|p2a: Moltres
|-damage|p2a: Moltres|9/100
|move|p2a: Moltres|Roost|p2a: Moltres
|-heal|p2a: Moltres|59/100
|-singleturn|p2a: Moltres|move: Roost
|
|-damage|p1a: Porygon2|59/100 brn|[from] brn
|upkeep
|turn|13
|
|t:|1758914657
|move|p1a: Porygon2|Hyper Beam|p2a: Moltres
|-damage|p2a: Moltres|4/100
|-mustrecharge|p1a: Porygon2
|move|p2a: Moltres|Roost|p2a: Moltres
|-heal|p2a: Moltres|55/100
|-singleturn|p2a: Moltres|move: Roost
|
|-damage|p1a: Porygon2|52/100 brn|[from] brn
|-fieldend|move: Trick Room
|upkeep
|turn|14
|
|t:|1758914668
|move|p2a: Moltres|Flamethrower|p1a: Porygon2
|-damage|p1a: Porygon2|28/100 brn
|cant|p1a: Porygon2|recharge
|
|-damage|p1a: Porygon2|22/100 brn|[from] brn
|upkeep
|turn|15
|
|t:|1758914679
|switch|p1a: Cresselia|Cresselia, F|71/100
|move|p2a: Moltres|Roost|p2a: Moltres
|-heal|p2a: Moltres|100/100
|-singleturn|p2a: Moltres|move: Roost
|
|upkeep
|turn|16
|
|t:|1758914687
|move|p2a: Moltres|Will-O-Wisp|p1a: Cresselia
|-status|p1a: Cresselia|brn
|move|p1a: Cresselia|Trick Room|p1a: Cresselia
|-fieldstart|move: Trick Room|[of] p1a: Cresselia
|
|-damage|p1a: Cresselia|65/100 brn|[from] brn
|upkeep
|turn|17
|
|t:|1758914698
|switch|p1a: Hatterene|Hatterene, F|100/100
|move|p2a: Moltres|Flamethrower|p1a: Hatterene
|-damage|p1a: Hatterene|62/100
|
|upkeep
|turn|18
|
|t:|1758914705
|move|p1a: Hatterene|Psyshock|p2a: Moltres
|-crit|p2a: Moltres
|-damage|p2a: Moltres|6/100
|-damage|p1a: Hatterene|52/100|[from] item: Life Orb
|move|p2a: Moltres|Flamethrower|p1a: Hatterene
|-damage|p1a: Hatterene|15/100
|
|upkeep
|turn|19
|
|t:|1758914715
|switch|p2a: Corviknight|Corviknight, M|31/100
|move|p1a: Hatterene|Psyshock|p2a: Corviknight
|-resisted|p2a: Corviknight
|-damage|p2a: Corviknight|7/100
|-damage|p1a: Hatterene|5/100|[from] item: Life Orb
|
|upkeep
|turn|20
|
|t:|1758914724
|switch|p1a: Malamar|Malamar, M|100/100
|-enditem|p1a: Malamar|Room Service
|-boost|p1a: Malamar|spe|1|[from] item: Room Service
|move|p2a: Corviknight|Roost|p2a: Corviknight
|-heal|p2a: Corviknight|57/100
|-singleturn|p2a: Corviknight|move: Roost
|
|-fieldend|move: Trick Room
|upkeep
|turn|21
|
|t:|1758914734
|move|p1a: Malamar|Superpower|p2a: Corviknight
|-damage|p2a: Corviknight|29/100
|-boost|p1a: Malamar|atk|1
|-boost|p1a: Malamar|def|1
|-damage|p1a: Malamar|84/100|[from] item: Rocky Helmet|[of] p2a: Corviknight
|move|p2a: Corviknight|Iron Defense|p2a: Corviknight
|-boost|p2a: Corviknight|def|2
|
|upkeep
|turn|22
|
|t:|1758914746
|move|p1a: Malamar|Superpower|p2a: Corviknight
|-damage|p2a: Corviknight|9/100
|-boost|p1a: Malamar|atk|1
|-boost|p1a: Malamar|def|1
|-damage|p1a: Malamar|67/100|[from] item: Rocky Helmet|[of] p2a: Corviknight
|move|p2a: Corviknight|Roost|p2a: Corviknight
|-heal|p2a: Corviknight|59/100
|-singleturn|p2a: Corviknight|move: Roost
|
|upkeep
|turn|23
|
|t:|1758914773
|move|p1a: Malamar|Knock Off|p2a: Corviknight
|-damage|p2a: Corviknight|26/100
|-damage|p1a: Malamar|51/100|[from] item: Rocky Helmet|[of] p2a: Corviknight
|-enditem|p2a: Corviknight|Rocky Helmet|[from] move: Knock Off|[of] p1a: Malamar
|move|p2a: Corviknight|Roost|p2a: Corviknight
|-heal|p2a: Corviknight|76/100
|-singleturn|p2a: Corviknight|move: Roost
|
|upkeep
|turn|24
|
|t:|1758914787
|move|p1a: Malamar|Skill Swap|p2a: Corviknight
|-activate|p1a: Malamar|move: Skill Swap|Mirror Armor|Contrary|[of] p2a: Corviknight
|move|p2a: Corviknight|Iron Defense|p2a: Corviknight
|-unboost|p2a: Corviknight|def|2
|
|upkeep
|turn|25
|inactive|Ruler of the Sand has 120 seconds left.
|
|t:|1758914806
|move|p1a: Malamar|Skill Swap|p2a: Corviknight
|-activate|p1a: Malamar|move: Skill Swap|Contrary|Mirror Armor|[of] p2a: Corviknight
|move|p2a: Corviknight|Body Press|p1a: Malamar
|-damage|p1a: Malamar|39/100
|
|upkeep
|turn|26
|inactive|Ruler of the Sand has 120 seconds left.
|
|t:|1758914816
|move|p1a: Malamar|Superpower|p2a: Corviknight
|-damage|p2a: Corviknight|26/100
|-boost|p1a: Malamar|atk|1
|-boost|p1a: Malamar|def|1
|move|p2a: Corviknight|Body Press|p1a: Malamar
|-damage|p1a: Malamar|29/100
|
|upkeep
|turn|27
|inactive|Ruler of the Sand has 120 seconds left.
|
|t:|1758914826
|move|p1a: Malamar|Superpower|p2a: Corviknight
|-damage|p2a: Corviknight|0 fnt
|-boost|p1a: Malamar|atk|1
|-boost|p1a: Malamar|def|1
|faint|p2a: Corviknight
|
|upkeep
|inactive|Ruler of the Sand has 120 seconds left.
|
|t:|1758914849
|switch|p2a: Oricorio|Oricorio-Pom-Pom, F|100/100
|turn|28
|
|t:|1758914856
|move|p1a: Malamar|Psycho Cut|p2a: Oricorio
|-damage|p2a: Oricorio|0 fnt
|faint|p2a: Oricorio
|
|upkeep
|
|t:|1758914866
|switch|p2a: Moltres|Moltres|6/100
|turn|29
|
|t:|1758914869
|move|p1a: Malamar|Knock Off|p2a: Moltres
|-damage|p2a: Moltres|0 fnt
|-status|p1a: Malamar|brn|[from] ability: Flame Body|[of] p2a: Moltres
|-enditem|p2a: Moltres|Heavy-Duty Boots|[from] move: Knock Off|[of] p1a: Malamar
|faint|p2a: Moltres
|
|-damage|p1a: Malamar|23/100 brn|[from] brn
|upkeep
|inactive|Ruler of the Sand has 120 seconds left.
|
|t:|1758914879
|switch|p2a: Articuno|Articuno-Galar|100/100
|turn|30
|
|t:|1758914887
|-terastallize|p2a: Articuno|Normal
|move|p1a: Malamar|Knock Off|p2a: Articuno
|-damage|p2a: Articuno|30/100
|-enditem|p2a: Articuno|Heavy-Duty Boots|[from] move: Knock Off|[of] p1a: Malamar
|move|p2a: Articuno|Agility|p2a: Articuno
|-boost|p2a: Articuno|spe|2
|
|-damage|p1a: Malamar|16/100 brn|[from] brn
|upkeep
|turn|31
|
|t:|1758914901
|move|p2a: Articuno|Shadow Ball|p1a: Malamar
|-damage|p1a: Malamar|0 fnt
|faint|p1a: Malamar
|
|upkeep
|
|t:|1758914915
|switch|p1a: Cresselia|Cresselia, F|65/100 brn
|turn|32
|
|t:|1758914919
|move|p2a: Articuno|Shadow Ball|p1a: Cresselia
|-supereffective|p1a: Cresselia
|-damage|p1a: Cresselia|34/100 brn
|move|p1a: Cresselia|Moonblast|p2a: Articuno
|-damage|p2a: Articuno|13/100
|-unboost|p2a: Articuno|spa|1
|-ability|p2a: Articuno|Competitive|boost
|-boost|p2a: Articuno|spa|2
|
|-damage|p1a: Cresselia|28/100 brn|[from] brn
|upkeep
|turn|33
|
|t:|1758914934
|switch|p1a: Porygon2|Porygon2|22/100 brn
|-ability|p1a: Porygon2|Download|boost
|-boost|p1a: Porygon2|atk|1
|move|p2a: Articuno|Shadow Ball|p1a: Porygon2
|-immune|p1a: Porygon2
|
|-damage|p1a: Porygon2|16/100 brn|[from] brn
|upkeep
|turn|34
|
|t:|1758914943
|move|p2a: Articuno|Freezing Glare|p1a: Porygon2
|-damage|p1a: Porygon2|0 fnt
|faint|p1a: Porygon2
|
|upkeep
|
|t:|1758914953
|switch|p1a: Torkoal|Torkoal, F|100/100
|-weather|SunnyDay|[from] ability: Drought|[of] p1a: Torkoal
|turn|35
|
|t:|1758914962
|move|p2a: Articuno|Freezing Glare|p1a: Torkoal
|-damage|p1a: Torkoal|3/100
|move|p1a: Torkoal|Flamethrower|p2a: Articuno
|-crit|p2a: Articuno
|-damage|p2a: Articuno|0 fnt
|faint|p2a: Articuno
|
|-weather|SunnyDay|[upkeep]
|upkeep
|
|t:|1758914971
|switch|p2a: Flygon|Flygon, F|100/100
|turn|36
|
|t:|1758914975
|switch|p1a: Hatterene|Hatterene, F|5/100
|move|p2a: Flygon|Dragon Dance|p2a: Flygon
|-boost|p2a: Flygon|atk|1
|-boost|p2a: Flygon|spe|1
|
|-weather|SunnyDay|[upkeep]
|upkeep
|turn|37
|
|t:|1758914985
|move|p2a: Flygon|Earthquake|p1a: Hatterene
|-damage|p1a: Hatterene|0 fnt
|faint|p1a: Hatterene
|-damage|p2a: Flygon|91/100|[from] item: Life Orb
|
|-weather|SunnyDay|[upkeep]
|upkeep
|
|t:|1758914988
|switch|p1a: Cresselia|Cresselia, F|28/100 brn
|turn|38
|
|t:|1758914995
|move|p2a: Flygon|Dragon Claw|p1a: Cresselia
|-damage|p1a: Cresselia|0 fnt
|faint|p1a: Cresselia
|-damage|p2a: Flygon|81/100|[from] item: Life Orb
|
|-weather|SunnyDay|[upkeep]
|upkeep
|
|t:|1758914998
|switch|p1a: Torkoal|Torkoal, F|3/100
|turn|39
|
|t:|1758915005
|move|p2a: Flygon|Dragon Claw|p1a: Torkoal
|-damage|p1a: Torkoal|0 fnt
|faint|p1a: Torkoal
|-damage|p2a: Flygon|71/100|[from] item: Life Orb
|
|win|Ruler of the Sand
|raw|wateraus281's rating: 1149 &rarr; <strong>1119</strong><br />(-30 for losing)
|raw|Ruler of the Sand's rating: 1075 &rarr; <strong>1110</strong><br />(+35 for winning)
|l|☆wateraus281
|player|p1|
|c|☆Ruler of the Sand|Gg
|l|☆Ruler of the Sand
|player|p2|
