|j|☆Noxthebest10
|j|☆420Pimmelberger
|t:|1758962846
|gametype|singles
|player|p1|Noxthebest10|1|1180
|player|p2|420Pimmelberger|101|1239
|gen|9
|tier|[Gen 9] OU
|rated|
|rule|HP Percentage Mod: HP is shown in percentages
|rule|Endless Battle Clause: Forcing endless battles is banned
|rule|Species Clause: Limit one of each Pokémon
|rule|OHKO Clause: OHKO moves are banned
|rule|Evasion Items Clause: Evasion items are banned
|rule|Evasion Moves Clause: Evasion moves are banned
|rule|Evasion Abilities Clause: Evasion abilities are banned
|rule|Sleep Moves Clause: Sleep-inducing moves are banned
|clearpoke
|poke|p1|Thundurus, M|
|poke|p1|Zamazenta-*|
|poke|p1|Dragapult, F|
|poke|p1|Araquanid, F|
|poke|p1|Toxtricity-Low-Key, F|
|poke|p1|Metagross|
|poke|p2|Bastiodon, F|
|poke|p2|Salamence, M|
|poke|p2|Hoopa|
|poke|p2|Moltres|
|poke|p2|Abomasnow, M|
|poke|p2|Scrafty, F|
|teampreview
|inactive|Battle timer is ON: inactive players will automatically lose when time's up. (requested by Noxthebest10)
|
|t:|1758962862
|teamsize|p1|6
|teamsize|p2|6
|start
|switch|p1a: Araquanid|Araquanid, F|100/100
|switch|p2a: Vanilla Shmoving|Salamence, M|100/100
|-ability|p2a: Vanilla Shmoving|Intimidate|boost
|-unboost|p1a: Araquanid|atk|1
|turn|1
|
|t:|1758962873
|move|p2a: Vanilla Shmoving|Dragon Dance|p2a: Vanilla Shmoving
|-boost|p2a: Vanilla Shmoving|atk|1
|-boost|p2a: Vanilla Shmoving|spe|1
|move|p1a: Araquanid|Sticky Web|p2a: Vanilla Shmoving
|-sidestart|p2: 420Pimmelberger|move: Sticky Web
|
|upkeep
|turn|2
|
|t:|1758962880
|move|p2a: Vanilla Shmoving|Dual Wingbeat|p1a: Araquanid
|-supereffective|p1a: Araquanid
|-damage|p1a: Araquanid|25/100
|-supereffective|p1a: Araquanid
|-damage|p1a: Araquanid|0 fnt
|faint|p1a: Araquanid
|-hitcount|p1: Araquanid|2
|
|upkeep
|
|t:|1758962898
|switch|p1a: Metagross|Metagross, shiny|100/100
|turn|3
|
|t:|1758962908
|move|p2a: Vanilla Shmoving|Dual Wingbeat|p1a: Metagross
|-resisted|p1a: Metagross
|-damage|p1a: Metagross|87/100
|-resisted|p1a: Metagross
|-damage|p1a: Metagross|74/100
|-hitcount|p1a: Metagross|2
|move|p1a: Metagross|Ice Punch|p2a: Vanilla Shmoving
|-supereffective|p2a: Vanilla Shmoving
|-damage|p2a: Vanilla Shmoving|0 fnt
|faint|p2a: Vanilla Shmoving
|
|upkeep
|
|t:|1758962918
|switch|p2a: KFC in da Hood|Moltres|100/100
|turn|4
|
|t:|1758962939
|move|p2a: KFC in da Hood|U-turn|p1a: Metagross
|-damage|p1a: Metagross|62/100
|
|t:|1758962944
|switch|p2a: Lil Oatmeal|Scrafty, F|100/100|[from] U-turn
|-activate|p2a: Lil Oatmeal|move: Sticky Web
|-unboost|p2a: Lil Oatmeal|spe|1
|move|p1a: Metagross|Zen Headbutt|p2a: Lil Oatmeal
|-immune|p2a: Lil Oatmeal
|
|upkeep
|turn|5
|inactive|Noxthebest10 has 120 seconds left.
|
|t:|1758962976
|move|p1a: Metagross|Earthquake|p2a: Lil Oatmeal
|-damage|p2a: Lil Oatmeal|68/100
|move|p2a: Lil Oatmeal|Bulk Up|p2a: Lil Oatmeal
|-boost|p2a: Lil Oatmeal|atk|1
|-boost|p2a: Lil Oatmeal|def|1
|
|-heal|p2a: Lil Oatmeal|74/100|[from] item: Leftovers
|upkeep
|turn|6
|inactive|Noxthebest10 has 120 seconds left.
|
|t:|1758962986
|move|p1a: Metagross|Ice Punch|p2a: Lil Oatmeal
|-damage|p2a: Lil Oatmeal|56/100
|move|p2a: Lil Oatmeal|Knock Off|p1a: Metagross
|-supereffective|p1a: Metagross
|-damage|p1a: Metagross|0 fnt
|-enditem|p1a: Metagross|Weakness Policy|[from] move: Knock Off|[of] p2a: Lil Oatmeal
|faint|p1a: Metagross
|
|-heal|p2a: Lil Oatmeal|62/100|[from] item: Leftovers
|upkeep
|
|t:|1758963008
|switch|p1a: Zamazenta|Zamazenta|100/100
|-ability|p1a: Zamazenta|Dauntless Shield|boost
|-boost|p1a: Zamazenta|def|1
|turn|7
|
|t:|1758963014
|switch|p2a: KFC in da Hood|Moltres|100/100
|move|p1a: Zamazenta|Body Press|p2a: KFC in da Hood
|-resisted|p2a: KFC in da Hood
|-damage|p2a: KFC in da Hood|79/100
|
|upkeep
|turn|8
|
|t:|1758963026
|move|p1a: Zamazenta|Crunch|p2a: KFC in da Hood
|-damage|p2a: KFC in da Hood|63/100
|-unboost|p2a: KFC in da Hood|def|1
|move|p2a: KFC in da Hood|Roar|p1a: Zamazenta
|drag|p1a: Dragapult|Dragapult, F|100/100
|
|upkeep
|turn|9
|
|t:|1758963038
|switch|p2a: 4x Babyyyyyyyy|Bastiodon, F|100/100
|-activate|p2a: 4x Babyyyyyyyy|move: Sticky Web
|-unboost|p2a: 4x Babyyyyyyyy|spe|1
|move|p1a: Dragapult|Draco Meteor|p2a: 4x Babyyyyyyyy|[miss]
|-miss|p1a: Dragapult|p2a: 4x Babyyyyyyyy
|
|upkeep
|turn|10
|
|t:|1758963048
|move|p1a: Dragapult|Flamethrower|p2a: 4x Babyyyyyyyy
|-damage|p2a: 4x Babyyyyyyyy|81/100
|move|p2a: 4x Babyyyyyyyy|Foul Play|p1a: Dragapult
|-supereffective|p1a: Dragapult
|-damage|p1a: Dragapult|43/100
|
|upkeep
|turn|11
|
|t:|1758963057
|move|p1a: Dragapult|U-turn|p2a: 4x Babyyyyyyyy
|-resisted|p2a: 4x Babyyyyyyyy
|-damage|p2a: 4x Babyyyyyyyy|76/100
|
|t:|1758963065
|switch|p1a: Zamazenta|Zamazenta|100/100|[from] U-turn
|move|p2a: 4x Babyyyyyyyy|Foul Play|p1a: Zamazenta
|-resisted|p1a: Zamazenta
|-damage|p1a: Zamazenta|93/100
|
|-heal|p1a: Zamazenta|99/100|[from] item: Leftovers
|upkeep
|turn|12
|inactive|Noxthebest10 has 120 seconds left.
|
|t:|1758963073
|switch|p2a: KFC in da Hood|Moltres|63/100
|move|p1a: Zamazenta|Iron Defense|p1a: Zamazenta
|-boost|p1a: Zamazenta|def|2
|
|-heal|p1a: Zamazenta|100/100|[from] item: Leftovers
|upkeep
|turn|13
|
|t:|1758963083
|move|p1a: Zamazenta|Iron Defense|p1a: Zamazenta
|-boost|p1a: Zamazenta|def|2
|move|p2a: KFC in da Hood|Roar|p1a: Zamazenta
|drag|p1a: Dragapult|Dragapult, F|43/100
|
|upkeep
|turn|14
|
|t:|1758963097
|switch|p2a: 4x Babyyyyyyyy|Bastiodon, F|76/100
|-activate|p2a: 4x Babyyyyyyyy|move: Sticky Web
|-unboost|p2a: 4x Babyyyyyyyy|spe|1
|move|p1a: Dragapult|Hex|p2a: 4x Babyyyyyyyy
|-damage|p2a: 4x Babyyyyyyyy|56/100
|
|upkeep
|turn|15
|
|t:|1758963108
|move|p1a: Dragapult|U-turn|p2a: 4x Babyyyyyyyy
|-resisted|p2a: 4x Babyyyyyyyy
|-damage|p2a: 4x Babyyyyyyyy|51/100
|
|t:|1758963114
|switch|p1a: Zamazenta|Zamazenta|100/100|[from] U-turn
|move|p2a: 4x Babyyyyyyyy|Iron Defense|p2a: 4x Babyyyyyyyy
|-boost|p2a: 4x Babyyyyyyyy|def|2
|
|upkeep
|turn|16
|
|t:|1758963122
|move|p2a: 4x Babyyyyyyyy|Body Press|p1a: Zamazenta
|-damage|p1a: Zamazenta|60/100
|move|p1a: Zamazenta|Roar|p2a: 4x Babyyyyyyyy
|-immune|p2a: 4x Babyyyyyyyy|[from] ability: Soundproof
|
|-heal|p1a: Zamazenta|66/100|[from] item: Leftovers
|upkeep
|turn|17
|
|t:|1758963133
|move|p1a: Zamazenta|Body Press|p2a: 4x Babyyyyyyyy
|-supereffective|p2a: 4x Babyyyyyyyy
|-damage|p2a: 4x Babyyyyyyyy|0 fnt
|faint|p2a: 4x Babyyyyyyyy
|
|-heal|p1a: Zamazenta|73/100|[from] item: Leftovers
|upkeep
|
|t:|1758963139
|switch|p2a: KFC in da Hood|Moltres|63/100
|turn|18
|
|t:|1758963143
|move|p1a: Zamazenta|Iron Defense|p1a: Zamazenta
|-boost|p1a: Zamazenta|def|2
|move|p2a: KFC in da Hood|Flamethrower|p1a: Zamazenta
|-damage|p1a: Zamazenta|45/100
|
|-heal|p1a: Zamazenta|51/100|[from] item: Leftovers
|upkeep
|turn|19
|
|t:|1758963152
|move|p1a: Zamazenta|Iron Defense|p1a: Zamazenta
|-boost|p1a: Zamazenta|def|2
|move|p2a: KFC in da Hood|Roar|p1a: Zamazenta
|drag|p1a: Thundurus|Thundurus, M|100/100
|
|upkeep
|turn|20
|
|t:|1758963163
|switch|p2a: Barack|Abomasnow, M|100/100
|-weather|Snowscape|[from] ability: Snow Warning|[of] p2a: Barack
|move|p1a: Thundurus|Volt Switch|p2a: Barack
|-resisted|p2a: Barack
|-damage|p2a: Barack|87/100
|
|t:|1758963171
|switch|p1a: Toxtricity|Toxtricity-Low-Key, F|100/100|[from] Volt Switch
|
|-weather|Snowscape|[upkeep]
|upkeep
|turn|21
|
|t:|1758963195
|switch|p2a: Lil Oatmeal|Scrafty, F|62/100
|-activate|p2a: Lil Oatmeal|move: Sticky Web
|-unboost|p2a: Lil Oatmeal|spe|1
|move|p1a: Toxtricity|Toxic Spikes|p2a: Lil Oatmeal
|-sidestart|p2: 420Pimmelberger|move: Toxic Spikes
|
|-weather|Snowscape|[upkeep]
|-heal|p2a: Lil Oatmeal|68/100|[from] item: Leftovers
|upkeep
|turn|22
|
|t:|1758963208
|move|p1a: Toxtricity|Nuzzle|p2a: Lil Oatmeal
|-damage|p2a: Lil Oatmeal|63/100
|-status|p2a: Lil Oatmeal|par
|move|p2a: Lil Oatmeal|Knock Off|p1a: Toxtricity
|-damage|p1a: Toxtricity|79/100
|
|-weather|Snowscape|[upkeep]
|-heal|p2a: Lil Oatmeal|69/100 par|[from] item: Leftovers
|upkeep
|turn|23
|
|t:|1758963226
|move|p1a: Toxtricity|Volt Switch|p2a: Lil Oatmeal
|-damage|p2a: Lil Oatmeal|45/100 par
|
|t:|1758963229
|switch|p1a: Zamazenta|Zamazenta|51/100|[from] Volt Switch
|move|p2a: Lil Oatmeal|Bulk Up|p2a: Lil Oatmeal
|-boost|p2a: Lil Oatmeal|atk|1
|-boost|p2a: Lil Oatmeal|def|1
|
|-weather|Snowscape|[upkeep]
|-heal|p1a: Zamazenta|57/100|[from] item: Leftovers
|-activate|p2a: Lil Oatmeal|ability: Shed Skin
|-curestatus|p2a: Lil Oatmeal|par|[msg]
|-heal|p2a: Lil Oatmeal|51/100|[from] item: Leftovers
|upkeep
|turn|24
|
|t:|1758963245
|move|p1a: Zamazenta|Body Press|p2a: Lil Oatmeal
|-supereffective|p2a: Lil Oatmeal
|-damage|p2a: Lil Oatmeal|4/100
|move|p2a: Lil Oatmeal|Drain Punch|p1a: Zamazenta
|-damage|p1a: Zamazenta|38/100
|-heal|p2a: Lil Oatmeal|15/100|[from] drain|[of] p1a: Zamazenta
|
|-weather|none
|-heal|p1a: Zamazenta|44/100|[from] item: Leftovers
|-heal|p2a: Lil Oatmeal|21/100|[from] item: Leftovers
|upkeep
|turn|25
|
|t:|1758963254
|switch|p2a: KFC in da Hood|Moltres|63/100
|move|p1a: Zamazenta|Iron Defense|p1a: Zamazenta
|-boost|p1a: Zamazenta|def|2
|
|-heal|p1a: Zamazenta|50/100|[from] item: Leftovers
|upkeep
|turn|26
|
|t:|1758963265
|move|p1a: Zamazenta|Body Press|p2a: KFC in da Hood
|-resisted|p2a: KFC in da Hood
|-crit|p2a: KFC in da Hood
|-damage|p2a: KFC in da Hood|22/100
|move|p2a: KFC in da Hood|Flamethrower|p1a: Zamazenta
|-damage|p1a: Zamazenta|22/100
|
|-heal|p1a: Zamazenta|29/100|[from] item: Leftovers
|upkeep
|turn|27
|
|t:|1758963276
|move|p1a: Zamazenta|Body Press|p2a: KFC in da Hood
|-resisted|p2a: KFC in da Hood
|-damage|p2a: KFC in da Hood|0 fnt
|faint|p2a: KFC in da Hood
|
|-heal|p1a: Zamazenta|35/100|[from] item: Leftovers
|upkeep
|
|t:|1758963282
|switch|p2a: MJ|Hoopa|100/100
|-activate|p2a: MJ|move: Sticky Web
|-unboost|p2a: MJ|spe|1
|-status|p2a: MJ|psn
|turn|28
|
|t:|1758963292
|-terastallize|p2a: MJ|Fairy
|move|p1a: Zamazenta|Crunch|p2a: MJ
|-resisted|p2a: MJ
|-damage|p2a: MJ|83/100 psn
|-unboost|p2a: MJ|def|1
|move|p2a: MJ|Shadow Ball|p1a: Zamazenta
|-damage|p1a: Zamazenta|1/100
|-unboost|p1a: Zamazenta|spd|1
|
|-heal|p1a: Zamazenta|7/100|[from] item: Leftovers
|-heal|p2a: MJ|89/100 psn|[from] item: Leftovers
|-damage|p2a: MJ|76/100 psn|[from] psn
|upkeep
|turn|29
|-message|420Pimmelberger forfeited.
|
|win|Noxthebest10
|raw|Noxthebest10's rating: 1180 &rarr; <strong>1209</strong><br />(+29 for winning)
|raw|420Pimmelberger's rating: 1239 &rarr; <strong>1210</strong><br />(-29 for losing)
|l|☆420Pimmelberger
|player|p2|
|l|☆Noxthebest10
|player|p1|
