|j|☆indigozz
|j|☆sad9
|t:|1758977871
|gametype|singles
|player|p1|indigozz|iris-gen5bw2|1047
|player|p2|sad9|101|1070
|gen|9
|tier|[Gen 9] OU
|rated|
|rule|HP Percentage Mod: HP is shown in percentages
|rule|Endless Battle Clause: Forcing endless battles is banned
|rule|Species Clause: Limit one of each Pokémon
|rule|OHKO Clause: OHKO moves are banned
|rule|Evasion Items Clause: Evasion items are banned
|rule|Evasion Moves Clause: Evasion moves are banned
|rule|Evasion Abilities Clause: Evasion abilities are banned
|rule|Sleep Moves Clause: Sleep-inducing moves are banned
|clearpoke
|poke|p1|Flygon, F|
|poke|p1|Sableye, M|
|poke|p1|Quagsire, M|
|poke|p1|Blaziken, M|
|poke|p1|Bronzong|
|poke|p1|Tentacruel, F|
|poke|p2|Swalot, M|
|poke|p2|Blaziken, F|
|poke|p2|Landorus-Therian, M|
|poke|p2|Komala, M|
|poke|p2|Hydrapple, M|
|poke|p2|Vivillon-Tundra, F|
|teampreview
|inactive|Battle timer is ON: inactive players will automatically lose when time's up. (requested by sad9)
|
|t:|1758977880
|teamsize|p1|6
|teamsize|p2|6
|start
|switch|p1a: Sableye|Sableye, M|100/100
|switch|p2a: Blaziken|Blaziken, F|100/100
|turn|1
|
|t:|1758977890
|move|p1a: Sableye|Reflect|p1a: Sableye
|-sidestart|p1: indigozz|Reflect
|move|p2a: Blaziken|Focus Energy|p2a: Blaziken
|-start|p2a: Blaziken|move: Focus Energy
|
|-ability|p2a: Blaziken|Speed Boost|boost
|-boost|p2a: Blaziken|spe|1
|upkeep
|turn|2
|
|t:|1758977899
|move|p1a: Sableye|Light Screen|p1a: Sableye
|-sidestart|p1: indigozz|move: Light Screen
|move|p2a: Blaziken|Overheat|p1a: Sableye
|-crit|p1a: Sableye
|-damage|p1a: Sableye|0 fnt
|-unboost|p2a: Blaziken|spa|2
|faint|p1a: Sableye
|
|-ability|p2a: Blaziken|Speed Boost|boost
|-boost|p2a: Blaziken|spe|1
|upkeep
|
|t:|1758977910
|switch|p1a: Tentacruel|Tentacruel, F|100/100
|-item|p1a: Tentacruel|Air Balloon
|turn|3
|c|☆sad9|!weak tentacruel
|c| sad9|/raw <div class="infobox">Tentacruel (ignoring abilities):<br /><span class="message-effect-weak">Weaknesses</span>: Electric, Ground, Psychic<br /><span class="message-effect-resist">Resistances</span>: Bug, Fairy, Fighting, Fire, Ice, Poison, Steel, Water<br /><span class="message-effect-immune">Immunities</span>: Toxic</div>
|
|t:|1758977937
|-terastallize|p2a: Blaziken|Fire
|move|p2a: Blaziken|Overheat|p1a: Tentacruel
|-resisted|p1a: Tentacruel
|-crit|p1a: Tentacruel
|-damage|p1a: Tentacruel|51/100
|-unboost|p2a: Blaziken|spa|2
|-enditem|p1a: Tentacruel|Air Balloon
|move|p1a: Tentacruel|Toxic Spikes|p2a: Blaziken
|-sidestart|p2: sad9|move: Toxic Spikes
|
|-ability|p2a: Blaziken|Speed Boost|boost
|-boost|p2a: Blaziken|spe|1
|upkeep
|turn|4
|
|t:|1758977952
|move|p2a: Blaziken|Overheat|p1a: Tentacruel
|-resisted|p1a: Tentacruel
|-crit|p1a: Tentacruel
|-damage|p1a: Tentacruel|0 fnt
|-unboost|p2a: Blaziken|spa|2
|faint|p1a: Tentacruel
|
|-ability|p2a: Blaziken|Speed Boost|boost
|-boost|p2a: Blaziken|spe|1
|upkeep
|
|t:|1758977962
|switch|p1a: Flygon|Flygon, F|100/100
|turn|5
|inactive|sad9 has 120 seconds left.
|
|t:|1758978013
|move|p2a: Blaziken|Close Combat|p1a: Flygon
|-crit|p1a: Flygon
|-enditem|p1a: Flygon|Focus Sash
|-damage|p1a: Flygon|1/100
|-unboost|p2a: Blaziken|def|1
|-unboost|p2a: Blaziken|spd|1
|move|p1a: Flygon|Earthquake|p2a: Blaziken
|-supereffective|p2a: Blaziken
|-damage|p2a: Blaziken|0 fnt
|faint|p2a: Blaziken
|
|-sideend|p1: indigozz|Reflect
|upkeep
|inactive|sad9 has 90 seconds left.
|
|t:|1758978024
|switch|p2a: Komala|Komala, M|100/100
|-ability|p2a: Komala|Comatose
|turn|6
|
|t:|1758978032
|move|p1a: Flygon|U-turn|p2a: Komala
|-crit|p2a: Komala
|-damage|p2a: Komala|65/100
|
|t:|1758978036
|switch|p1a: Quagsire|Quagsire, M|100/100|[from] U-turn
|move|p2a: Komala|Rapid Spin|p1a: Quagsire
|-damage|p1a: Quagsire|73/100
|-boost|p2a: Komala|spe|1
|-sideend|p2: sad9|Toxic Spikes|[from] move: Rapid Spin|[of] p2a: Komala
|
|-heal|p1a: Quagsire|79/100|[from] item: Leftovers
|-sideend|p1: indigozz|move: Light Screen
|upkeep
|turn|7
|
|t:|1758978049
|move|p2a: Komala|Body Slam|p1a: Quagsire
|-damage|p1a: Quagsire|30/100
|move|p1a: Quagsire|Curse|p1a: Quagsire
|-unboost|p1a: Quagsire|spe|1
|-boost|p1a: Quagsire|atk|1
|-boost|p1a: Quagsire|def|1
|
|-heal|p1a: Quagsire|36/100|[from] item: Leftovers
|upkeep
|turn|8
|
|t:|1758978066
|move|p2a: Komala|Knock Off|p1a: Quagsire
|-damage|p1a: Quagsire|12/100
|-enditem|p1a: Quagsire|Leftovers|[from] move: Knock Off|[of] p2a: Komala
|move|p1a: Quagsire|Aqua Tail|p2a: Komala
|-damage|p2a: Komala|3/100
|
|upkeep
|turn|9
|
|t:|1758978075
|move|p2a: Komala|Body Slam|p1a: Quagsire
|-damage|p1a: Quagsire|0 fnt
|faint|p1a: Quagsire
|
|upkeep
|
|t:|1758978082
|switch|p1a: Blaziken|Blaziken, M|100/100
|turn|10
|inactive|sad9 has 120 seconds left.
|
|t:|1758978089
|move|p2a: Komala|Double-Edge|p1a: Blaziken
|-damage|p1a: Blaziken|8/100
|-damage|p2a: Komala|0 fnt|[from] item: Rocky Helmet|[of] p1a: Blaziken
|faint|p2a: Komala
|move|p1a: Blaziken|Aura Sphere|p2: Komala|[notarget]
|-fail|p1a: Blaziken
|
|-ability|p1a: Blaziken|Speed Boost|boost
|-boost|p1a: Blaziken|spe|1
|upkeep
|inactive|sad9 has 120 seconds left.
|
|t:|1758978102
|switch|p2a: Hydrapple|Hydrapple, M|100/100
|turn|11
|
|t:|1758978106
|move|p1a: Blaziken|Fire Punch|p2a: Hydrapple
|-damage|p2a: Hydrapple|73/100
|move|p2a: Hydrapple|Draco Meteor|p1a: Blaziken
|-damage|p1a: Blaziken|0 fnt
|-unboost|p2a: Hydrapple|spa|2
|faint|p1a: Blaziken
|-enditem|p2a: Hydrapple|Eject Pack
|
|t:|1758978112
|switch|p2a: Vivillon|Vivillon-Tundra, F|100/100
|
|upkeep
|
|t:|1758978122
|switch|p1a: Bronzong|Bronzong|100/100
|turn|12
|
|t:|1758978128
|move|p2a: Vivillon|Quiver Dance|p2a: Vivillon
|-boost|p2a: Vivillon|spa|1
|-boost|p2a: Vivillon|spd|1
|-boost|p2a: Vivillon|spe|1
|move|p1a: Bronzong|Calm Mind|p1a: Bronzong
|-boost|p1a: Bronzong|spa|1
|-boost|p1a: Bronzong|spd|1
|
|upkeep
|turn|13
|
|t:|1758978137
|move|p2a: Vivillon|Quiver Dance|p2a: Vivillon
|-boost|p2a: Vivillon|spa|1
|-boost|p2a: Vivillon|spd|1
|-boost|p2a: Vivillon|spe|1
|move|p1a: Bronzong|Future Sight|p2a: Vivillon
|-start|p1a: Bronzong|move: Future Sight
|
|upkeep
|turn|14
|inactive|sad9 has 120 seconds left.
|
|t:|1758978180
|move|p2a: Vivillon|Tera Blast|p1a: Bronzong
|-resisted|p1a: Bronzong
|-damage|p1a: Bronzong|84/100
|move|p1a: Bronzong|Calm Mind|p1a: Bronzong
|-boost|p1a: Bronzong|spa|1
|-boost|p1a: Bronzong|spd|1
|
|-heal|p1a: Bronzong|90/100|[from] item: Leftovers
|upkeep
|turn|15
|
|t:|1758978201
|move|p2a: Vivillon|Hurricane|p1a: Bronzong
|-resisted|p1a: Bronzong
|-damage|p1a: Bronzong|65/100
|move|p1a: Bronzong|Calm Mind|p1a: Bronzong
|-boost|p1a: Bronzong|spa|1
|-boost|p1a: Bronzong|spd|1
|
|-end|p2a: Vivillon|move: Future Sight
|-damage|p2a: Vivillon|22/100
|-heal|p1a: Bronzong|71/100|[from] item: Leftovers
|upkeep
|turn|16
|
|t:|1758978213
|move|p2a: Vivillon|Hurricane|p1a: Bronzong
|-resisted|p1a: Bronzong
|-damage|p1a: Bronzong|50/100
|-start|p1a: Bronzong|confusion
|-activate|p1a: Bronzong|confusion
|-damage|p1a: Bronzong|43/100|[from] confusion
|
|-heal|p1a: Bronzong|49/100|[from] item: Leftovers
|upkeep
|turn|17
|
|t:|1758978226
|move|p2a: Vivillon|Quiver Dance|p2a: Vivillon
|-boost|p2a: Vivillon|spa|1
|-boost|p2a: Vivillon|spd|1
|-boost|p2a: Vivillon|spe|1
|-activate|p1a: Bronzong|confusion
|move|p1a: Bronzong|Calm Mind|p1a: Bronzong
|-boost|p1a: Bronzong|spa|1
|-boost|p1a: Bronzong|spd|1
|
|-heal|p1a: Bronzong|55/100|[from] item: Leftovers
|upkeep
|turn|18
|
|t:|1758978237
|move|p2a: Vivillon|Quiver Dance|p2a: Vivillon
|-boost|p2a: Vivillon|spa|1
|-boost|p2a: Vivillon|spd|1
|-boost|p2a: Vivillon|spe|1
|-activate|p1a: Bronzong|confusion
|move|p1a: Bronzong|Psychic|p2a: Vivillon
|-damage|p2a: Vivillon|0 fnt
|faint|p2a: Vivillon
|
|-heal|p1a: Bronzong|61/100|[from] item: Leftovers
|upkeep
|
|t:|1758978243
|switch|p2a: Swalot|Swalot, M|100/100
|turn|19
|
|t:|1758978252
|move|p2a: Swalot|Stuff Cheeks|p2a: Swalot
|-boost|p2a: Swalot|def|2
|-enditem|p2a: Swalot|Starf Berry|[eat]
|-boost|p2a: Swalot|spa|2|[from] item: Starf Berry
|-end|p1a: Bronzong|confusion
|move|p1a: Bronzong|Psychic|p2a: Swalot
|-supereffective|p2a: Swalot
|-damage|p2a: Swalot|0 fnt
|faint|p2a: Swalot
|
|-heal|p1a: Bronzong|67/100|[from] item: Leftovers
|upkeep
|
|t:|1758978266
|switch|p2a: Hydrapple|Hydrapple, M|100/100
|turn|20
|
|t:|1758978273
|move|p2a: Hydrapple|Draco Meteor|p1a: Bronzong
|-resisted|p1a: Bronzong
|-damage|p1a: Bronzong|54/100
|-unboost|p2a: Hydrapple|spa|2
|move|p1a: Bronzong|Psychic|p2a: Hydrapple
|-damage|p2a: Hydrapple|28/100
|
|-heal|p1a: Bronzong|60/100|[from] item: Leftovers
|upkeep
|turn|21
|
|t:|1758978284
|move|p2a: Hydrapple|Draco Meteor|p1a: Bronzong
|-resisted|p1a: Bronzong
|-damage|p1a: Bronzong|54/100
|-unboost|p2a: Hydrapple|spa|2
|move|p1a: Bronzong|Psychic|p2a: Hydrapple
|-damage|p2a: Hydrapple|0 fnt
|faint|p2a: Hydrapple
|
|-heal|p1a: Bronzong|60/100|[from] item: Leftovers
|upkeep
|
|t:|1758978288
|switch|p2a: Landorus|Landorus-Therian, M|100/100
|-ability|p2a: Landorus|Intimidate|boost
|-unboost|p1a: Bronzong|atk|1
|turn|22
|
|t:|1758978301
|move|p2a: Landorus|U-turn|p1a: Bronzong
|-damage|p1a: Bronzong|38/100
|move|p1a: Bronzong|Psychic|p2a: Landorus
|-damage|p2a: Landorus|5/100
|
|-heal|p1a: Bronzong|44/100|[from] item: Leftovers
|upkeep
|turn|23
|
|t:|1758978310
|move|p2a: Landorus|U-turn|p1a: Bronzong
|-damage|p1a: Bronzong|24/100
|move|p1a: Bronzong|Psychic|p2a: Landorus
|-damage|p2a: Landorus|0 fnt
|faint|p2a: Landorus
|
|win|indigozz
|raw|indigozz's rating: 1047 &rarr; <strong>1082</strong><br />(+35 for winning)
|raw|sad9's rating: 1070 &rarr; <strong>1048</strong><br />(-22 for losing)
|l|☆sad9
|player|p2|
