|badge|p2|bronze|gen9ou|100-6
|badge|p2|silver|gen9ru|30-6
|badge|p2|silver|gen9uu|30-6
|html|<div class="broadcast-red"><strong>This battle is required to be public due to one or more player having a season medal.</strong><br />During the public phase, you can discuss the state of the ladder <a href="/seasondiscussion">in a special chatroom.</a></div>
|uhtml|medal-msg|<div class="broadcast-blue">Curious what those medals under the avatar are? PS now has Ladder Seasons! For more information, check out the <a href="https://www.smogon.com/forums/threads/3740067/">thread on Smogon.</a></div>
|raw|<div class="broadcast-blue"><strong>This battle is required to be public due to a player having a name starting with 'medal'.</div>
|j|☆trunksdelfuturoo
|j|☆Sirpeanutcronch
|t:|1759062217
|gametype|singles
|player|p1|trunksdelfuturoo|102|1775
|player|p2|Sirpeanutcronch|#wcop2025africa|1857
|gen|9
|tier|[Gen 9] OU
|rated|
|rule|HP Percentage Mod: HP is shown in percentages
|rule|Endless Battle Clause: Forcing endless battles is banned
|rule|Species Clause: Limit one of each Pokémon
|rule|OHKO Clause: OHKO moves are banned
|rule|Evasion Items Clause: Evasion items are banned
|rule|Evasion Moves Clause: Evasion moves are banned
|rule|Evasion Abilities Clause: Evasion abilities are banned
|rule|Sleep Moves Clause: Sleep-inducing moves are banned
|clearpoke
|poke|p1|Samurott-Hisui, M|
|poke|p1|Zamazenta-*|
|poke|p1|Glimmora, M|
|poke|p1|Dragapult, F|
|poke|p1|Raging Bolt|
|poke|p1|Blissey, F|
|poke|p2|Skarmory, M|
|poke|p2|Clodsire, F|
|poke|p2|Volcanion|
|poke|p2|Kyurem|
|poke|p2|Iron Valiant|
|poke|p2|Ting-Lu|
|teampreview
|inactive|Battle timer is ON: inactive players will automatically lose when time's up. (requested by Sirpeanutcronch)
|j| Zombini62
|
|t:|1759062233
|teamsize|p1|6
|teamsize|p2|6
|start
|switch|p1a: Korabas|Dragapult, F|100/100
|switch|p2a: Ting-Lu|Ting-Lu|100/100
|-ability|p2a: Ting-Lu|Vessel of Ruin
|turn|1
|
|t:|1759062237
|move|p1a: Korabas|Dragon Darts|p2a: Ting-Lu
|-damage|p2a: Ting-Lu|78/100
|-anim|p1a: Korabas|Dragon Darts|p2a: Ting-Lu
|-damage|p2a: Ting-Lu|57/100
|move|p2a: Ting-Lu|Earthquake|p1a: Korabas
|-damage|p1a: Korabas|50/100
|
|-heal|p2a: Ting-Lu|63/100|[from] item: Leftovers
|upkeep
|turn|2
|
|t:|1759062245
|switch|p2a: Iron Valiant|Iron Valiant|100/100
|move|p1a: Korabas|Dragon Darts|p2a: Iron Valiant
|-immune|p2a: Iron Valiant
|
|upkeep
|turn|3
|
|t:|1759062252
|switch|p1a: Peccado|Blissey, F|100/100
|move|p2a: Iron Valiant|Close Combat|p1a: Peccado
|-supereffective|p1a: Peccado
|-damage|p1a: Peccado|0 fnt
|-unboost|p2a: Iron Valiant|def|1
|-unboost|p2a: Iron Valiant|spd|1
|faint|p1a: Peccado
|
|upkeep
|
|t:|1759062256
|switch|p1a: Korabas|Dragapult, F|50/100
|turn|4
|j| cynasaurus
|
|t:|1759062259
|-end|p2a: Iron Valiant|Quark Drive|[silent]
|switch|p2a: Skarmory|Skarmory, M|100/100
|move|p1a: Korabas|U-turn|p2a: Skarmory
|-resisted|p2a: Skarmory
|-damage|p2a: Skarmory|95/100
|-damage|p1a: Korabas|34/100|[from] item: Rocky Helmet|[of] p2a: Skarmory
|
|t:|1759062261
|switch|p1a: Itkovian|Glimmora, M, shiny|100/100|[from] U-turn
|
|upkeep
|turn|5
|
|t:|1759062264
|switch|p2a: Clodsire|Clodsire, F|100/100
|move|p1a: Itkovian|Meteor Beam||[still]
|-prepare|p1a: Itkovian|Meteor Beam
|-boost|p1a: Itkovian|spa|1
|-enditem|p1a: Itkovian|Power Herb
|-anim|p1a: Itkovian|Meteor Beam|p2a: Clodsire
|-resisted|p2a: Clodsire
|-damage|p2a: Clodsire|81/100
|
|upkeep
|turn|6
|
|t:|1759062267
|move|p1a: Itkovian|Earth Power|p2a: Clodsire
|-supereffective|p2a: Clodsire
|-damage|p2a: Clodsire|43/100
|move|p2a: Clodsire|Earthquake|p1a: Itkovian
|-supereffective|p1a: Itkovian
|-damage|p1a: Itkovian|0 fnt
|-activate|p1a: Itkovian|ability: Toxic Debris
|-sidestart|p2: Sirpeanutcronch|move: Toxic Spikes
|faint|p1a: Itkovian
|
|upkeep
|
|t:|1759062273
|switch|p1a: Toc|Samurott-Hisui, M|100/100
|turn|7
|
|t:|1759062278
|switch|p2a: Skarmory|Skarmory, M|95/100
|move|p1a: Toc|Ceaseless Edge|p2a: Skarmory
|-damage|p2a: Skarmory|49/100
|-damage|p1a: Toc|84/100|[from] item: Rocky Helmet|[of] p2a: Skarmory
|-sidestart|p2: Sirpeanutcronch|Spikes
|
|upkeep
|turn|8
|
|t:|1759062284
|move|p1a: Toc|Ceaseless Edge|p2a: Skarmory|[miss]
|-miss|p1a: Toc|p2a: Skarmory
|move|p2a: Skarmory|Roost|p2a: Skarmory
|-heal|p2a: Skarmory|99/100
|-singleturn|p2a: Skarmory|move: Roost
|
|upkeep
|turn|9
|
|t:|1759062290
|move|p1a: Toc|Ceaseless Edge|p2a: Skarmory|[miss]
|-miss|p1a: Toc|p2a: Skarmory
|move|p2a: Skarmory|Spikes|p1a: Toc
|-sidestart|p1: trunksdelfuturoo|Spikes
|
|upkeep
|turn|10
|
|t:|1759062293
|move|p1a: Toc|Ceaseless Edge|p2a: Skarmory
|-damage|p2a: Skarmory|55/100
|-damage|p1a: Toc|67/100|[from] item: Rocky Helmet|[of] p2a: Skarmory
|-sidestart|p2: Sirpeanutcronch|Spikes
|move|p2a: Skarmory|Spikes|p1a: Toc
|-sidestart|p1: trunksdelfuturoo|Spikes
|
|upkeep
|turn|11
|
|t:|1759062296
|move|p1a: Toc|Ceaseless Edge|p2a: Skarmory
|-damage|p2a: Skarmory|10/100
|-damage|p1a: Toc|51/100|[from] item: Rocky Helmet|[of] p2a: Skarmory
|-sidestart|p2: Sirpeanutcronch|Spikes
|move|p2a: Skarmory|Roost|p2a: Skarmory
|-heal|p2a: Skarmory|60/100
|-singleturn|p2a: Skarmory|move: Roost
|
|upkeep
|turn|12
|
|t:|1759062300
|switch|p1a: Icarium|Raging Bolt|100/100
|-damage|p1a: Icarium|84/100|[from] Spikes
|move|p2a: Skarmory|Roost|p2a: Skarmory
|-heal|p2a: Skarmory|100/100
|-singleturn|p2a: Skarmory|move: Roost
|
|upkeep
|turn|13
|
|t:|1759062306
|switch|p2a: Clodsire|Clodsire, F|43/100
|-sideend|p2: Sirpeanutcronch|move: Toxic Spikes|[of] p2a: Clodsire
|move|p1a: Icarium|Thunderbolt|p2a: Clodsire
|-immune|p2a: Clodsire
|
|upkeep
|turn|14
|
|t:|1759062310
|move|p1a: Icarium|Dragon Pulse|p2a: Clodsire
|-damage|p2a: Clodsire|18/100
|move|p2a: Clodsire|Recover|p2a: Clodsire
|-heal|p2a: Clodsire|68/100
|
|upkeep
|turn|15
|-message|trunksdelfuturoo forfeited.
|
|win|Sirpeanutcronch
|raw|trunksdelfuturoo's rating: 1749 &rarr; <strong>1735</strong><br />(-14 for losing)
|raw|Sirpeanutcronch's rating: 1857 &rarr; <strong>1871</strong><br />(+14 for winning)
|l|☆trunksdelfuturoo
|player|p1|
|l| Zombini62
