|j|☆Paperm47
|j|☆eucalipto69!
|t:|1758949513
|gametype|singles
|player|p1|Paperm47|ash-sinnoh|1454
|player|p2|eucalipto69!|101|1372
|gen|9
|tier|[Gen 9] OU
|rated|
|rule|HP Percentage Mod: HP is shown in percentages
|rule|Endless Battle Clause: Forcing endless battles is banned
|rule|Species Clause: Limit one of each Pokémon
|rule|OHKO Clause: OHKO moves are banned
|rule|Evasion Items Clause: Evasion items are banned
|rule|Evasion Moves Clause: Evasion moves are banned
|rule|Evasion Abilities Clause: Evasion abilities are banned
|rule|Sleep Moves Clause: Sleep-inducing moves are banned
|clearpoke
|poke|p1|Weavile, M|
|poke|p1|Latios, M|
|poke|p1|Zapdos|
|poke|p1|Scizor, M|
|poke|p1|Dragapult, M|
|poke|p1|Great Tusk|
|poke|p2|Ogerpon-Cornerstone, F|
|poke|p2|Thundurus-Therian, M|
|poke|p2|Dragapult, M|
|poke|p2|Primarina, F|
|poke|p2|Kingambit, M|
|poke|p2|Great Tusk|
|teampreview
|inactive|Battle timer is ON: inactive players will automatically lose when time's up. (requested by eucalipto69!)
|
|t:|1758949542
|teamsize|p1|6
|teamsize|p2|6
|start
|switch|p1a: Dragapult|Dragapult, M|100/100
|switch|p2a: Dragapult|Dragapult, M|100/100
|turn|1
|
|t:|1758949547
|switch|p1a: Scizor|Scizor, M|100/100
|move|p2a: Dragapult|Dragon Darts|p1a: Scizor
|-resisted|p1a: Scizor
|-damage|p1a: Scizor|89/100
|-anim|p2a: Dragapult|Dragon Darts|p1a: Scizor
|-resisted|p1a: Scizor
|-damage|p1a: Scizor|78/100
|
|-heal|p1a: Scizor|84/100|[from] item: Leftovers
|upkeep
|turn|2
|
|t:|1758949556
|move|p2a: Dragapult|Will-O-Wisp|p1a: Scizor
|-status|p1a: Scizor|brn
|move|p1a: Scizor|U-turn|p2a: Dragapult
|-resisted|p2a: Dragapult
|-crit|p2a: Dragapult
|-damage|p2a: Dragapult|82/100
|
|t:|1758949561
|switch|p1a: Latios|Latios, M|100/100|[from] U-turn
|
|-heal|p2a: Dragapult|88/100|[from] item: Leftovers
|upkeep
|turn|3
|
|t:|1758949565
|switch|p2a: Primarina|Primarina, F|100/100
|move|p1a: Latios|Draco Meteor|p2a: Primarina
|-immune|p2a: Primarina
|
|upkeep
|turn|4
|
|t:|1758949572
|switch|p1a: Scizor|Scizor, M|84/100 brn
|move|p2a: Primarina|Psychic Noise|p1a: Scizor
|-damage|p1a: Scizor|43/100 brn
|-start|p1a: Scizor|move: Heal Block
|
|-damage|p1a: Scizor|37/100 brn|[from] brn
|upkeep
|turn|5
|
|t:|1758949588
|switch|p2a: Great Tusk|Great Tusk|100/100
|move|p1a: Scizor|Bullet Punch|p2a: Great Tusk
|-damage|p2a: Great Tusk|90/100
|-damage|p1a: Scizor|21/100 brn|[from] item: Rocky Helmet|[of] p2a: Great Tusk
|
|-damage|p1a: Scizor|14/100 brn|[from] brn
|-end|p1a: Scizor|move: Heal Block
|upkeep
|turn|6
|
|t:|1758949600
|switch|p1a: Zapdos|Zapdos|100/100
|move|p2a: Great Tusk|Knock Off|p1a: Zapdos
|-damage|p1a: Zapdos|74/100
|-enditem|p1a: Zapdos|Heavy-Duty Boots|[from] move: Knock Off|[of] p2a: Great Tusk
|
|upkeep
|turn|7
|
|t:|1758949611
|move|p2a: Great Tusk|Stealth Rock|p1a: Zapdos
|-sidestart|p1: Paperm47|move: Stealth Rock
|move|p1a: Zapdos|Hurricane|p2a: Great Tusk
|-supereffective|p2a: Great Tusk
|-damage|p2a: Great Tusk|0 fnt
|faint|p2a: Great Tusk
|-end|p2a: Great Tusk|Protosynthesis|[silent]
|
|upkeep
|
|t:|1758949617
|switch|p2a: Ogerpon|Ogerpon-Cornerstone, F|100/100
|turn|8
|
|t:|1758949622
|switch|p1a: Scizor|Scizor, M|14/100 brn
|-damage|p1a: Scizor|2/100 brn|[from] Stealth Rock
|move|p2a: Ogerpon|Ivy Cudgel|p1a: Scizor|[anim] Ivy Cudgel Rock
|-damage|p1a: Scizor|0 fnt
|faint|p1a: Scizor
|
|upkeep
|
|t:|1758949626
|switch|p1a: Great Tusk|Great Tusk|100/100
|-damage|p1a: Great Tusk|98/100|[from] Stealth Rock
|-enditem|p1a: Great Tusk|Booster Energy
|-activate|p1a: Great Tusk|ability: Protosynthesis|[fromitem]
|-start|p1a: Great Tusk|protosynthesisatk
|turn|9
|
|t:|1758949635
|move|p2a: Ogerpon|Horn Leech|p1a: Great Tusk
|-supereffective|p1a: Great Tusk
|-damage|p1a: Great Tusk|33/100
|move|p1a: Great Tusk|Rapid Spin|p2a: Ogerpon
|-resisted|p2a: Ogerpon
|-damage|p2a: Ogerpon|83/100
|-boost|p1a: Great Tusk|spe|1
|-sideend|p1: Paperm47|Stealth Rock|[from] move: Rapid Spin|[of] p1a: Great Tusk
|
|upkeep
|turn|10
|
|t:|1758949647
|move|p1a: Great Tusk|Close Combat|p2a: Ogerpon
|-supereffective|p2a: Ogerpon
|-damage|p2a: Ogerpon|0 fnt
|-unboost|p1a: Great Tusk|def|1
|-unboost|p1a: Great Tusk|spd|1
|faint|p2a: Ogerpon
|
|upkeep
|
|t:|1758949651
|switch|p2a: Kingambit|Kingambit, M|100/100
|turn|11
|
|t:|1758949658
|-end|p1a: Great Tusk|Protosynthesis|[silent]
|switch|p1a: Zapdos|Zapdos|74/100
|-terastallize|p2a: Kingambit|Flying
|move|p2a: Kingambit|Iron Head|p1a: Zapdos
|-resisted|p1a: Zapdos
|-damage|p1a: Zapdos|49/100
|
|upkeep
|turn|12
|
|t:|1758949661
|switch|p2a: Thundurus|Thundurus-Therian, M|100/100
|move|p1a: Zapdos|Roost|p1a: Zapdos
|-heal|p1a: Zapdos|99/100
|-singleturn|p1a: Zapdos|move: Roost
|
|upkeep
|turn|13
|
|t:|1758949667
|move|p2a: Thundurus|Thunderbolt|p1a: Zapdos
|-damage|p1a: Zapdos|49/100
|move|p1a: Zapdos|Heat Wave|p2a: Thundurus|[miss]
|-miss|p1a: Zapdos|p2a: Thundurus
|
|upkeep
|turn|14
|
|t:|1758949674
|move|p2a: Thundurus|Thunderbolt|p1a: Zapdos
|-damage|p1a: Zapdos|3/100
|move|p1a: Zapdos|Roost|p1a: Zapdos
|-heal|p1a: Zapdos|53/100
|-singleturn|p1a: Zapdos|move: Roost
|
|upkeep
|turn|15
|
|t:|1758949679
|move|p2a: Thundurus|Nasty Plot|p2a: Thundurus
|-boost|p2a: Thundurus|spa|2
|move|p1a: Zapdos|Heat Wave|p2a: Thundurus
|-damage|p2a: Thundurus|59/100
|
|upkeep
|turn|16
|
|t:|1758949684
|move|p2a: Thundurus|Thunderbolt|p1a: Zapdos
|-damage|p1a: Zapdos|0 fnt
|faint|p1a: Zapdos
|
|upkeep
|
|t:|1758949687
|switch|p1a: Latios|Latios, M|100/100
|turn|17
|
|t:|1758949695
|move|p1a: Latios|Luster Purge|p2a: Thundurus
|-damage|p2a: Thundurus|0 fnt
|faint|p2a: Thundurus
|
|upkeep
|
|t:|1758949698
|switch|p2a: Primarina|Primarina, F|100/100
|turn|18
|
|t:|1758949722
|switch|p1a: Weavile|Weavile, M|100/100
|-ability|p1a: Weavile|Pressure
|move|p2a: Primarina|Moonblast|p1a: Weavile
|-supereffective|p1a: Weavile
|-damage|p1a: Weavile|0 fnt
|faint|p1a: Weavile
|
|upkeep
|
|t:|1758949735
|switch|p1a: Dragapult|Dragapult, M|100/100
|turn|19
|
|t:|1758949739
|move|p1a: Dragapult|Shadow Ball|p2a: Primarina
|-damage|p2a: Primarina|72/100
|move|p2a: Primarina|Moonblast|p1a: Dragapult
|-supereffective|p1a: Dragapult
|-damage|p1a: Dragapult|0 fnt
|faint|p1a: Dragapult
|
|upkeep
|
|t:|1758949745
|switch|p1a: Great Tusk|Great Tusk|33/100
|turn|20
|
|t:|1758949749
|switch|p2a: Kingambit|Kingambit, M, tera:Flying|100/100
|move|p1a: Great Tusk|Headlong Rush|p2a: Kingambit
|-immune|p2a: Kingambit
|
|upkeep
|turn|21
|
|t:|1758949754
|move|p1a: Great Tusk|Ice Spinner|p2a: Kingambit
|-supereffective|p2a: Kingambit
|-damage|p2a: Kingambit|58/100
|move|p2a: Kingambit|Iron Head|p1a: Great Tusk
|-damage|p1a: Great Tusk|1/100
|
|-heal|p2a: Kingambit|64/100|[from] item: Leftovers
|upkeep
|turn|22
|
|t:|1758949763
|move|p2a: Kingambit|Sucker Punch|p1a: Great Tusk
|-resisted|p1a: Great Tusk
|-damage|p1a: Great Tusk|0 fnt
|faint|p1a: Great Tusk
|-end|p1a: Great Tusk|Protosynthesis|[silent]
|
|-heal|p2a: Kingambit|70/100|[from] item: Leftovers
|upkeep
|
|t:|1758949767
|switch|p1a: Latios|Latios, M|100/100
|turn|23
|
|t:|1758949769
|move|p2a: Kingambit|Sucker Punch|p1a: Latios
|-supereffective|p1a: Latios
|-damage|p1a: Latios|0 fnt
|faint|p1a: Latios
|
|win|eucalipto69!
|raw|Paperm47's rating: 1454 &rarr; <strong>1429</strong><br />(-25 for losing)
|raw|eucalipto69!'s rating: 1372 &rarr; <strong>1397</strong><br />(+25 for winning)
|c|☆Paperm47|gg
|l|☆eucalipto69!
|player|p2|
|l|☆Paperm47
|player|p1|
