|j|☆Yothas
|j|☆X Star_Sun Y
|t:|1758954470
|gametype|singles
|player|p1|Yothas|170|1241
|player|p2|X Star_Sun Y|169|1268
|gen|9
|tier|[Gen 9] OU
|rated|
|rule|HP Percentage Mod: HP is shown in percentages
|rule|Endless Battle Clause: Forcing endless battles is banned
|rule|Species Clause: Limit one of each Pokémon
|rule|OHKO Clause: OHKO moves are banned
|rule|Evasion Items Clause: Evasion items are banned
|rule|Evasion Moves Clause: Evasion moves are banned
|rule|Evasion Abilities Clause: Evasion abilities are banned
|rule|Sleep Moves Clause: Sleep-inducing moves are banned
|clearpoke
|poke|p1|Skarmory, F|
|poke|p1|Meowscarada, F|
|poke|p1|Rotom-Wash|
|poke|p1|Glimmora, M|
|poke|p1|Tinkaton, F|
|poke|p1|Landorus-Therian, M|
|poke|p2|Ursaluna, F|
|poke|p2|Alomomola, F|
|poke|p2|Duraludon, M|
|poke|p2|Great Tusk|
|poke|p2|Kingambit, F|
|poke|p2|Hatterene, F|
|teampreview
|inactive|Battle timer is ON: inactive players will automatically lose when time's up. (requested by Yothas)
|
|t:|1758954484
|teamsize|p1|6
|teamsize|p2|6
|start
|switch|p1a: Rotom|Rotom-Wash, shiny|100/100
|switch|p2a: Hatterene|Hatterene, F|100/100
|turn|1
|
|t:|1758954488
|move|p1a: Rotom|Volt Switch|p2a: Hatterene
|-damage|p2a: Hatterene|59/100
|
|t:|1758954491
|switch|p1a: Tinkaton|Tinkaton, F|100/100|[from] Volt Switch
|move|p2a: Hatterene|Trick Room|p2a: Hatterene
|-fieldstart|move: Trick Room|[of] p2a: Hatterene
|
|-heal|p2a: Hatterene|65/100|[from] item: Leftovers
|upkeep
|turn|2
|
|t:|1758954495
|switch|p2a: Ursaluna|Ursaluna, F|100/100
|move|p1a: Tinkaton|Knock Off|p2a: Ursaluna
|-damage|p2a: Ursaluna|83/100
|-enditem|p2a: Ursaluna|Flame Orb|[from] move: Knock Off|[of] p1a: Tinkaton
|
|upkeep
|turn|3
|
|t:|1758954503
|switch|p1a: Skarmory|Skarmory, F|100/100
|move|p2a: Ursaluna|Fire Punch|p1a: Skarmory
|-supereffective|p1a: Skarmory
|-damage|p1a: Skarmory|65/100
|-damage|p2a: Ursaluna|67/100|[from] item: Rocky Helmet|[of] p1a: Skarmory
|
|upkeep
|turn|4
|
|t:|1758954509
|move|p2a: Ursaluna|Fire Punch|p1a: Skarmory
|-supereffective|p1a: Skarmory
|-damage|p1a: Skarmory|32/100
|-damage|p2a: Ursaluna|50/100|[from] item: Rocky Helmet|[of] p1a: Skarmory
|move|p1a: Skarmory|Roost|p1a: Skarmory
|-heal|p1a: Skarmory|82/100
|-singleturn|p1a: Skarmory|move: Roost
|
|upkeep
|turn|5
|
|t:|1758954515
|switch|p2a: Duraludon|Duraludon, M|100/100
|move|p1a: Skarmory|Roost|p1a: Skarmory
|-heal|p1a: Skarmory|100/100
|-singleturn|p1a: Skarmory|move: Roost
|
|-fieldend|move: Trick Room
|upkeep
|turn|6
|
|t:|1758954518
|switch|p1a: Tinkaton|Tinkaton, F|100/100
|move|p2a: Duraludon|Stealth Rock|p1a: Tinkaton
|-sidestart|p1: Yothas|move: Stealth Rock
|
|upkeep
|turn|7
|
|t:|1758954522
|move|p1a: Tinkaton|Knock Off|p2a: Duraludon
|-damage|p2a: Duraludon|89/100
|-enditem|p2a: Duraludon|Eviolite|[from] move: Knock Off|[of] p1a: Tinkaton
|move|p2a: Duraludon|Body Press|p1a: Tinkaton
|-damage|p1a: Tinkaton|74/100
|
|upkeep
|turn|8
|
|t:|1758954531
|switch|p2a: Alomomola|Alomomola, F|100/100
|move|p1a: Tinkaton|Play Rough|p2a: Alomomola|[miss]
|-miss|p1a: Tinkaton|p2a: Alomomola
|
|upkeep
|turn|9
|
|t:|1758954540
|switch|p1a: Skarmory|Skarmory, F|100/100
|-damage|p1a: Skarmory|88/100|[from] Stealth Rock
|move|p2a: Alomomola|Wish|p2a: Alomomola
|
|upkeep
|turn|10
|
|t:|1758954545
|move|p1a: Skarmory|Stealth Rock|p2a: Alomomola
|-sidestart|p2: X Star_Sun Y|move: Stealth Rock
|move|p2a: Alomomola|Flip Turn|p1a: Skarmory
|-damage|p1a: Skarmory|79/100
|-damage|p2a: Alomomola|84/100|[from] item: Rocky Helmet|[of] p1a: Skarmory
|
|t:|1758954548
|switch|p2a: Ursaluna|Ursaluna, F|50/100|[from] Flip Turn
|-damage|p2a: Ursaluna|44/100|[from] Stealth Rock
|
|-heal|p2a: Ursaluna|100/100|[from] move: Wish|[wisher] Alomomola
|upkeep
|turn|11
|
|t:|1758954555
|switch|p2a: Hatterene|Hatterene, F|65/100
|-damage|p2a: Hatterene|53/100|[from] Stealth Rock
|move|p1a: Skarmory|Roost|p1a: Skarmory
|-heal|p1a: Skarmory|100/100
|-singleturn|p1a: Skarmory|move: Roost
|
|-heal|p2a: Hatterene|59/100|[from] item: Leftovers
|upkeep
|turn|12
|
|t:|1758954562
|switch|p1a: Tinkaton|Tinkaton, F|74/100
|-damage|p1a: Tinkaton|68/100|[from] Stealth Rock
|move|p2a: Hatterene|Mystical Fire|p1a: Tinkaton
|-supereffective|p1a: Tinkaton
|-damage|p1a: Tinkaton|42/100
|-unboost|p1a: Tinkaton|spa|1
|
|-heal|p2a: Hatterene|65/100|[from] item: Leftovers
|upkeep
|turn|13
|
|t:|1758954579
|-terastallize|p2a: Hatterene|Fire
|move|p1a: Tinkaton|Gigaton Hammer|p2a: Hatterene
|-resisted|p2a: Hatterene
|-damage|p2a: Hatterene|37/100
|move|p2a: Hatterene|Mystical Fire|p1a: Tinkaton
|-supereffective|p1a: Tinkaton
|-damage|p1a: Tinkaton|2/100
|-unboost|p1a: Tinkaton|spa|1
|
|-heal|p2a: Hatterene|43/100|[from] item: Leftovers
|upkeep
|turn|14
|
|t:|1758954587
|move|p1a: Tinkaton|Knock Off|p2a: Hatterene
|-damage|p2a: Hatterene|21/100
|-enditem|p2a: Hatterene|Leftovers|[from] move: Knock Off|[of] p1a: Tinkaton
|move|p2a: Hatterene|Mystical Fire|p1a: Tinkaton
|-supereffective|p1a: Tinkaton
|-damage|p1a: Tinkaton|0 fnt
|faint|p1a: Tinkaton
|
|upkeep
|
|t:|1758954595
|switch|p1a: Meowscarada|Meowscarada, F|100/100
|-damage|p1a: Meowscarada|88/100|[from] Stealth Rock
|turn|15
|
|t:|1758954601
|move|p1a: Meowscarada|Knock Off|p2a: Hatterene
|-start|p1a: Meowscarada|typechange|Dark|[from] ability: Protean
|-crit|p2a: Hatterene
|-damage|p2a: Hatterene|0 fnt
|faint|p2a: Hatterene
|
|upkeep
|
|t:|1758954615
|switch|p2a: Duraludon|Duraludon, M|89/100
|-damage|p2a: Duraludon|82/100|[from] Stealth Rock
|turn|16
|
|t:|1758954621
|switch|p1a: Skarmory|Skarmory, F|100/100
|-damage|p1a: Skarmory|88/100|[from] Stealth Rock
|move|p2a: Duraludon|Dragon Pulse|p1a: Skarmory
|-resisted|p1a: Skarmory
|-damage|p1a: Skarmory|61/100
|
|upkeep
|turn|17
|
|t:|1758954631
|move|p2a: Duraludon|Dragon Pulse|p1a: Skarmory
|-resisted|p1a: Skarmory
|-damage|p1a: Skarmory|34/100
|move|p1a: Skarmory|Roost|p1a: Skarmory
|-heal|p1a: Skarmory|84/100
|-singleturn|p1a: Skarmory|move: Roost
|
|upkeep
|turn|18
|
|t:|1758954636
|move|p2a: Duraludon|Dragon Pulse|p1a: Skarmory
|-resisted|p1a: Skarmory
|-damage|p1a: Skarmory|58/100
|move|p1a: Skarmory|Whirlwind|p2a: Duraludon
|drag|p2a: Ursaluna|Ursaluna, F|100/100
|-damage|p2a: Ursaluna|94/100|[from] Stealth Rock
|
|upkeep
|turn|19
|
|t:|1758954640
|move|p1a: Skarmory|Roost|p1a: Skarmory
|-heal|p1a: Skarmory|100/100
|-singleturn|p1a: Skarmory|move: Roost
|move|p2a: Ursaluna|Fire Punch|p1a: Skarmory
|-supereffective|p1a: Skarmory
|-damage|p1a: Skarmory|66/100
|-damage|p2a: Ursaluna|78/100|[from] item: Rocky Helmet|[of] p1a: Skarmory
|
|upkeep
|turn|20
|
|t:|1758954648
|move|p2a: Ursaluna|Thunder Punch|p1a: Skarmory
|-supereffective|p1a: Skarmory
|-damage|p1a: Skarmory|32/100
|-damage|p2a: Ursaluna|61/100|[from] item: Rocky Helmet|[of] p1a: Skarmory
|move|p1a: Skarmory|Whirlwind|p2a: Ursaluna
|drag|p2a: Alomomola|Alomomola, F|100/100
|-damage|p2a: Alomomola|88/100|[from] Stealth Rock
|
|upkeep
|turn|21
|
|t:|1758954655
|move|p1a: Skarmory|Roost|p1a: Skarmory
|-heal|p1a: Skarmory|82/100
|-singleturn|p1a: Skarmory|move: Roost
|move|p2a: Alomomola|Wish|p2a: Alomomola
|
|upkeep
|turn|22
|
|t:|1758954661
|move|p2a: Alomomola|Flip Turn|p1a: Skarmory
|-damage|p1a: Skarmory|72/100
|-damage|p2a: Alomomola|71/100|[from] item: Rocky Helmet|[of] p1a: Skarmory
|
|t:|1758954664
|switch|p2a: Ursaluna|Ursaluna, F|61/100|[from] Flip Turn
|-damage|p2a: Ursaluna|55/100|[from] Stealth Rock
|move|p1a: Skarmory|Whirlwind|p2a: Ursaluna
|drag|p2a: Duraludon|Duraludon, M|82/100
|-damage|p2a: Duraludon|76/100|[from] Stealth Rock
|
|-heal|p2a: Duraludon|100/100|[from] move: Wish|[wisher] Alomomola
|upkeep
|turn|23
|
|t:|1758954674
|switch|p1a: Landorus|Landorus-Therian, M|100/100
|-damage|p1a: Landorus|88/100|[from] Stealth Rock
|-ability|p1a: Landorus|Intimidate|boost
|-unboost|p2a: Duraludon|atk|1
|move|p2a: Duraludon|Dragon Pulse|p1a: Landorus
|-crit|p1a: Landorus
|-damage|p1a: Landorus|20/100
|
|upkeep
|turn|24
|
|t:|1758954682
|switch|p2a: Alomomola|Alomomola, F|100/100
|-damage|p2a: Alomomola|88/100|[from] Stealth Rock
|move|p1a: Landorus|Earthquake|p2a: Alomomola
|-damage|p2a: Alomomola|43/100
|
|upkeep
|turn|25
|
|t:|1758954689
|move|p2a: Alomomola|Protect|p2a: Alomomola
|-singleturn|p2a: Alomomola|Protect
|move|p1a: Landorus|Earthquake|p2a: Alomomola
|-activate|p2a: Alomomola|move: Protect
|
|upkeep
|turn|26
|
|t:|1758954699
|move|p1a: Landorus|Earthquake|p2a: Alomomola
|-damage|p2a: Alomomola|0 fnt
|faint|p2a: Alomomola
|
|upkeep
|
|t:|1758954704
|switch|p2a: Great Tusk|Great Tusk|100/100
|turn|27
|
|t:|1758954712
|switch|p1a: Skarmory|Skarmory, F|72/100
|-damage|p1a: Skarmory|60/100|[from] Stealth Rock
|move|p2a: Great Tusk|Rapid Spin|p1a: Skarmory
|-resisted|p1a: Skarmory
|-crit|p1a: Skarmory
|-damage|p1a: Skarmory|53/100
|-boost|p2a: Great Tusk|spe|1
|-damage|p2a: Great Tusk|84/100|[from] item: Rocky Helmet|[of] p1a: Skarmory
|-sideend|p2: X Star_Sun Y|Stealth Rock|[from] move: Rapid Spin|[of] p2a: Great Tusk
|
|upkeep
|turn|28
|
|t:|1758954722
|-end|p2a: Great Tusk|Protosynthesis|[silent]
|switch|p2a: Duraludon|Duraludon, M|100/100
|move|p1a: Skarmory|Roost|p1a: Skarmory
|-heal|p1a: Skarmory|100/100
|-singleturn|p1a: Skarmory|move: Roost
|
|upkeep
|turn|29
|
|t:|1758954730
|switch|p1a: Rotom|Rotom-Wash, shiny|100/100
|-damage|p1a: Rotom|88/100|[from] Stealth Rock
|move|p2a: Duraludon|Dragon Pulse|p1a: Rotom
|-damage|p1a: Rotom|35/100
|
|upkeep
|turn|30
|
|t:|1758954736
|move|p1a: Rotom|Trick|p2a: Duraludon
|-activate|p1a: Rotom|move: Trick|[of] p2a: Duraludon
|-item|p2a: Duraludon|Choice Specs|[from] move: Trick
|-enditem|p1a: Rotom|Choice Specs|[silent]|[from] move: Trick
|move|p2a: Duraludon|Dragon Pulse|p1a: Rotom
|-damage|p1a: Rotom|0 fnt
|faint|p1a: Rotom
|
|upkeep
|
|t:|1758954743
|switch|p1a: Glimmora|Glimmora, M|100/100
|-damage|p1a: Glimmora|88/100|[from] Stealth Rock
|turn|31
|
|t:|1758954747
|move|p1a: Glimmora|Earth Power|p2a: Duraludon
|-supereffective|p2a: Duraludon
|-damage|p2a: Duraludon|0 fnt
|faint|p2a: Duraludon
|
|upkeep
|
|t:|1758954751
|switch|p2a: Great Tusk|Great Tusk|84/100
|turn|32
|
|t:|1758954755
|move|p1a: Glimmora|Mortal Spin|p2a: Great Tusk
|-resisted|p2a: Great Tusk
|-damage|p2a: Great Tusk|82/100
|-status|p2a: Great Tusk|psn
|-sideend|p1: Yothas|Stealth Rock|[from] move: Mortal Spin|[of] p1a: Glimmora
|move|p2a: Great Tusk|Earthquake|p1a: Glimmora
|-supereffective|p1a: Glimmora
|-damage|p1a: Glimmora|0 fnt
|-activate|p1a: Glimmora|ability: Toxic Debris
|-sidestart|p2: X Star_Sun Y|move: Toxic Spikes
|faint|p1a: Glimmora
|
|-damage|p2a: Great Tusk|70/100 psn|[from] psn
|upkeep
|
|t:|1758954764
|switch|p1a: Skarmory|Skarmory, F|100/100
|turn|33
|
|t:|1758954770
|move|p2a: Great Tusk|Rapid Spin|p1a: Skarmory
|-resisted|p1a: Skarmory
|-damage|p1a: Skarmory|96/100
|-boost|p2a: Great Tusk|spe|1
|-damage|p2a: Great Tusk|53/100 psn|[from] item: Rocky Helmet|[of] p1a: Skarmory
|-sideend|p2: X Star_Sun Y|Toxic Spikes|[from] move: Rapid Spin|[of] p2a: Great Tusk
|move|p1a: Skarmory|Stealth Rock|p2a: Great Tusk
|-sidestart|p2: X Star_Sun Y|move: Stealth Rock
|
|-damage|p2a: Great Tusk|41/100 psn|[from] psn
|upkeep
|turn|34
|
|t:|1758954781
|-end|p2a: Great Tusk|Protosynthesis|[silent]
|switch|p2a: Kingambit|Kingambit, F|100/100
|-damage|p2a: Kingambit|94/100|[from] Stealth Rock
|-activate|p2a: Kingambit|ability: Supreme Overlord
|-start|p2a: Kingambit|fallen3|[silent]
|move|p1a: Skarmory|Stealth Rock||[still]
|-fail|p1a: Skarmory
|
|upkeep
|turn|35
|
|t:|1758954787
|move|p2a: Kingambit|Kowtow Cleave|p1a: Skarmory
|-damage|p1a: Skarmory|50/100
|-damage|p2a: Kingambit|78/100|[from] item: Rocky Helmet|[of] p1a: Skarmory
|move|p1a: Skarmory|Whirlwind|p2a: Kingambit
|-end|p2a: Kingambit|fallen3|[silent]
|drag|p2a: Great Tusk|Great Tusk|41/100 psn
|
|-damage|p2a: Great Tusk|28/100 psn|[from] psn
|upkeep
|turn|36
|
|t:|1758954794
|move|p2a: Great Tusk|Rapid Spin|p1a: Skarmory
|-resisted|p1a: Skarmory
|-damage|p1a: Skarmory|45/100
|-boost|p2a: Great Tusk|spe|1
|-damage|p2a: Great Tusk|12/100 psn|[from] item: Rocky Helmet|[of] p1a: Skarmory
|-sideend|p2: X Star_Sun Y|Stealth Rock|[from] move: Rapid Spin|[of] p2a: Great Tusk
|move|p1a: Skarmory|Roost|p1a: Skarmory
|-heal|p1a: Skarmory|95/100
|-singleturn|p1a: Skarmory|move: Roost
|
|-damage|p2a: Great Tusk|0 fnt|[from] psn
|faint|p2a: Great Tusk
|-end|p2a: Great Tusk|Protosynthesis|[silent]
|upkeep
|
|t:|1758954802
|switch|p2a: Ursaluna|Ursaluna, F|55/100
|turn|37
|
|t:|1758954813
|switch|p1a: Meowscarada|Meowscarada, F|88/100
|move|p2a: Ursaluna|Fire Punch|p1a: Meowscarada
|-supereffective|p1a: Meowscarada
|-damage|p1a: Meowscarada|0 fnt
|faint|p1a: Meowscarada
|
|upkeep
|
|t:|1758954818
|switch|p1a: Landorus|Landorus-Therian, M|20/100
|-ability|p1a: Landorus|Intimidate|boost
|-unboost|p2a: Ursaluna|atk|1
|turn|38
|
|t:|1758954826
|move|p1a: Landorus|Earthquake|p2a: Ursaluna
|-damage|p2a: Ursaluna|0 fnt
|faint|p2a: Ursaluna
|
|upkeep
|
|t:|1758954829
|switch|p2a: Kingambit|Kingambit, F|78/100
|-activate|p2a: Kingambit|ability: Supreme Overlord
|-start|p2a: Kingambit|fallen5|[silent]
|turn|39
|
|t:|1758954831
|switch|p1a: Skarmory|Skarmory, F|95/100
|move|p2a: Kingambit|Sucker Punch||[still]
|-fail|p2a: Kingambit
|
|upkeep
|turn|40
|
|t:|1758954836
|switch|p1a: Landorus|Landorus-Therian, M|20/100
|-ability|p1a: Landorus|Intimidate|boost
|-unboost|p2a: Kingambit|atk|1
|move|p2a: Kingambit|Swords Dance|p2a: Kingambit
|-boost|p2a: Kingambit|atk|2
|
|upkeep
|turn|41
|
|t:|1758954841
|switch|p1a: Skarmory|Skarmory, F|95/100
|move|p2a: Kingambit|Sucker Punch||[still]
|-fail|p2a: Kingambit
|
|upkeep
|turn|42
|
|t:|1758954847
|move|p1a: Skarmory|Brave Bird|p2a: Kingambit
|-resisted|p2a: Kingambit
|-damage|p2a: Kingambit|65/100
|-damage|p1a: Skarmory|90/100|[from] Recoil
|move|p2a: Kingambit|Kowtow Cleave|p1a: Skarmory
|-damage|p1a: Skarmory|10/100
|-damage|p2a: Kingambit|49/100|[from] item: Rocky Helmet|[of] p1a: Skarmory
|
|upkeep
|turn|43
|
|t:|1758954860
|switch|p1a: Landorus|Landorus-Therian, M|20/100
|-ability|p1a: Landorus|Intimidate|boost
|-unboost|p2a: Kingambit|atk|1
|move|p2a: Kingambit|Kowtow Cleave|p1a: Landorus
|-damage|p1a: Landorus|0 fnt
|faint|p1a: Landorus
|
|upkeep
|-message|Yothas forfeited.
|
|win|X Star_Sun Y
|raw|Yothas's rating: 1241 &rarr; <strong>1218</strong><br />(-23 for losing)
|raw|X Star_Sun Y's rating: 1268 &rarr; <strong>1291</strong><br />(+23 for winning)
|l|☆Yothas
|player|p1|
|l|☆X Star_Sun Y
|player|p2|
