|j|☆Caidenn
|j|☆Shrshsthhts
|t:|1759024467
|gametype|singles
|player|p1|Caidenn|scientist-gen4|1089
|player|p2|Shrshsthhts|170|1076
|gen|9
|tier|[Gen 9] OU
|rated|
|rule|HP Percentage Mod: HP is shown in percentages
|rule|Endless Battle Clause: Forcing endless battles is banned
|rule|Species Clause: Limit one of each Pokémon
|rule|OHKO Clause: OHKO moves are banned
|rule|Evasion Items Clause: Evasion items are banned
|rule|Evasion Moves Clause: Evasion moves are banned
|rule|Evasion Abilities Clause: Evasion abilities are banned
|rule|Sleep Moves Clause: Sleep-inducing moves are banned
|clearpoke
|poke|p1|Iron Valiant|
|poke|p1|Excadrill, M|
|poke|p1|Gholdengo|
|poke|p1|Dragonite, M|
|poke|p1|Toxapex, F|
|poke|p1|Thundurus-Therian, M|
|poke|p2|Kingambit, M|
|poke|p2|Weavile, M|
|poke|p2|Samurott-Hisui, M|
|poke|p2|Dragonite, M|
|poke|p2|Chesnaught, M|
|poke|p2|Scizor, M|
|teampreview
|inactive|Battle timer is ON: inactive players will automatically lose when time's up. (requested by Caidenn)
|
|t:|1759024482
|teamsize|p1|6
|teamsize|p2|6
|start
|switch|p1a: Excadrill|Excadrill, M, shiny|100/100
|switch|p2a: Scizor|Scizor, M, shiny|100/100
|turn|1
|
|t:|1759024488
|move|p1a: Excadrill|Stealth Rock|p2a: Scizor
|-sidestart|p2: Shrshsthhts|move: Stealth Rock
|move|p2a: Scizor|Close Combat|p1a: Excadrill
|-supereffective|p1a: Excadrill
|-enditem|p1a: Excadrill|Focus Sash
|-damage|p1a: Excadrill|1/100
|-unboost|p2a: Scizor|def|1
|-unboost|p2a: Scizor|spd|1
|
|upkeep
|turn|2
|
|t:|1759024504
|switch|p2a: Chesnaught|Chesnaught, M, shiny|100/100
|-damage|p2a: Chesnaught|94/100|[from] Stealth Rock
|move|p1a: Excadrill|Earthquake|p2a: Chesnaught
|-resisted|p2a: Chesnaught
|-damage|p2a: Chesnaught|81/100
|
|-heal|p2a: Chesnaught|87/100|[from] item: Leftovers
|upkeep
|turn|3
|
|t:|1759024519
|move|p1a: Excadrill|Earthquake|p2a: Chesnaught
|-resisted|p2a: Chesnaught
|-damage|p2a: Chesnaught|72/100
|move|p2a: Chesnaught|Spikes|p1a: Excadrill
|-sidestart|p1: Caidenn|Spikes
|
|-heal|p2a: Chesnaught|78/100|[from] item: Leftovers
|upkeep
|turn|4
|
|t:|1759024532
|move|p1a: Excadrill|Rapid Spin|p2a: Chesnaught
|-damage|p2a: Chesnaught|68/100
|-boost|p1a: Excadrill|spe|1
|-sideend|p1: Caidenn|Spikes|[from] move: Rapid Spin|[of] p1a: Excadrill
|move|p2a: Chesnaught|Spikes|p1a: Excadrill
|-sidestart|p1: Caidenn|Spikes
|
|-heal|p2a: Chesnaught|74/100|[from] item: Leftovers
|upkeep
|turn|5
|
|t:|1759024542
|move|p2a: Chesnaught|Spiky Shield|p2a: Chesnaught
|-singleturn|p2a: Chesnaught|move: Protect
|move|p1a: Excadrill|Rapid Spin|p2a: Chesnaught
|-activate|p2a: Chesnaught|move: Protect
|-damage|p1a: Excadrill|0 fnt|[from] Spiky Shield|[of] p2a: Chesnaught
|faint|p1a: Excadrill
|
|-heal|p2a: Chesnaught|80/100|[from] item: Leftovers
|upkeep
|
|t:|1759024547
|switch|p1a: Dragonite|Dragonite, M, shiny|100/100
|turn|6
|
|t:|1759024556
|move|p1a: Dragonite|Dragon Dance|p1a: Dragonite
|-boost|p1a: Dragonite|atk|1
|-boost|p1a: Dragonite|spe|1
|move|p2a: Chesnaught|Leech Seed|p1a: Dragonite
|-start|p1a: Dragonite|move: Leech Seed
|
|-heal|p2a: Chesnaught|86/100|[from] item: Leftovers
|-damage|p1a: Dragonite|88/100|[from] Leech Seed|[of] p2a: Chesnaught
|-heal|p2a: Chesnaught|97/100|[silent]
|upkeep
|turn|7
|
|t:|1759024571
|move|p1a: Dragonite|Ice Spinner|p2a: Chesnaught
|-supereffective|p2a: Chesnaught
|-damage|p2a: Chesnaught|41/100
|move|p2a: Chesnaught|Spikes|p1a: Dragonite
|-sidestart|p1: Caidenn|Spikes
|
|-heal|p2a: Chesnaught|47/100|[from] item: Leftovers
|-damage|p1a: Dragonite|76/100|[from] Leech Seed|[of] p2a: Chesnaught
|-heal|p2a: Chesnaught|58/100|[silent]
|upkeep
|turn|8
|
|t:|1759024582
|switch|p1a: Thundurus|Thundurus-Therian, M, shiny|100/100
|move|p2a: Chesnaught|Spikes|p1a: Thundurus
|-sidestart|p1: Caidenn|Spikes
|
|-heal|p2a: Chesnaught|64/100|[from] item: Leftovers
|upkeep
|turn|9
|
|t:|1759024592
|move|p1a: Thundurus|Focus Blast|p2a: Chesnaught
|-immune|p2a: Chesnaught|[from] ability: Bulletproof
|move|p2a: Chesnaught|Leech Seed|p1a: Thundurus
|-start|p1a: Thundurus|move: Leech Seed
|
|-heal|p2a: Chesnaught|70/100|[from] item: Leftovers
|-damage|p1a: Thundurus|88/100|[from] Leech Seed|[of] p2a: Chesnaught
|-heal|p2a: Chesnaught|80/100|[silent]
|upkeep
|turn|10
|
|t:|1759024604
|switch|p1a: Iron Valiant|Iron Valiant, shiny|100/100
|-damage|p1a: Iron Valiant|76/100|[from] Spikes
|-enditem|p1a: Iron Valiant|Booster Energy
|-activate|p1a: Iron Valiant|ability: Quark Drive|[fromitem]
|-start|p1a: Iron Valiant|quarkdrivespe
|move|p2a: Chesnaught|Spiky Shield||[still]
|-fail|p2a: Chesnaught
|
|-heal|p2a: Chesnaught|86/100|[from] item: Leftovers
|upkeep
|turn|11
|
|t:|1759024613
|move|p1a: Iron Valiant|Spirit Break|p2a: Chesnaught
|-supereffective|p2a: Chesnaught
|-damage|p2a: Chesnaught|38/100
|-unboost|p2a: Chesnaught|spa|1
|move|p2a: Chesnaught|Leech Seed|p1a: Iron Valiant
|-start|p1a: Iron Valiant|move: Leech Seed
|
|-heal|p2a: Chesnaught|44/100|[from] item: Leftovers
|-damage|p1a: Iron Valiant|63/100|[from] Leech Seed|[of] p2a: Chesnaught
|-heal|p2a: Chesnaught|54/100|[silent]
|upkeep
|turn|12
|
|t:|1759024622
|move|p2a: Chesnaught|Spiky Shield|p2a: Chesnaught
|-singleturn|p2a: Chesnaught|move: Protect
|move|p1a: Iron Valiant|Swords Dance|p1a: Iron Valiant
|-boost|p1a: Iron Valiant|atk|2
|
|-heal|p2a: Chesnaught|60/100|[from] item: Leftovers
|-damage|p1a: Iron Valiant|51/100|[from] Leech Seed|[of] p2a: Chesnaught
|-heal|p2a: Chesnaught|69/100|[silent]
|upkeep
|turn|13
|
|t:|1759024633
|move|p2a: Chesnaught|Spiky Shield||[still]
|-fail|p2a: Chesnaught
|move|p1a: Iron Valiant|Spirit Break|p2a: Chesnaught
|-supereffective|p2a: Chesnaught
|-damage|p2a: Chesnaught|0 fnt
|faint|p2a: Chesnaught
|
|upkeep
|
|t:|1759024645
|switch|p2a: Scizor|Scizor, M, shiny|100/100
|-damage|p2a: Scizor|88/100|[from] Stealth Rock
|turn|14
|
|t:|1759024649
|move|p2a: Scizor|Bullet Punch|p1a: Iron Valiant
|-supereffective|p1a: Iron Valiant
|-damage|p1a: Iron Valiant|0 fnt
|faint|p1a: Iron Valiant
|-end|p1a: Iron Valiant|Quark Drive|[silent]
|
|upkeep
|
|t:|1759024661
|switch|p1a: Thundurus|Thundurus-Therian, M, shiny|88/100
|turn|15
|
|t:|1759024686
|switch|p2a: Samurott|Samurott-Hisui, M, shiny|100/100
|move|p1a: Thundurus|Focus Blast|p2a: Samurott
|-supereffective|p2a: Samurott
|-damage|p2a: Samurott|0 fnt
|faint|p2a: Samurott
|
|upkeep
|
|t:|1759024696
|switch|p2a: Weavile|Weavile, M, shiny|100/100
|-damage|p2a: Weavile|76/100|[from] Stealth Rock
|-ability|p2a: Weavile|Pressure
|turn|16
|
|t:|1759024701
|move|p1a: Thundurus|Focus Blast|p2a: Weavile
|-supereffective|p2a: Weavile
|-damage|p2a: Weavile|0 fnt
|faint|p2a: Weavile
|
|upkeep
|
|t:|1759024707
|switch|p2a: Kingambit|Kingambit, M|100/100
|-damage|p2a: Kingambit|94/100|[from] Stealth Rock
|-activate|p2a: Kingambit|ability: Supreme Overlord
|-start|p2a: Kingambit|fallen3|[silent]
|turn|17
|
|t:|1759024714
|-terastallize|p2a: Kingambit|Ground
|move|p1a: Thundurus|Focus Blast|p2a: Kingambit
|-damage|p2a: Kingambit|50/100
|move|p2a: Kingambit|Swords Dance|p2a: Kingambit
|-boost|p2a: Kingambit|atk|2
|
|-heal|p2a: Kingambit|56/100|[from] item: Leftovers
|upkeep
|turn|18
|
|t:|1759024726
|move|p2a: Kingambit|Sucker Punch|p1a: Thundurus
|-damage|p1a: Thundurus|0 fnt
|faint|p1a: Thundurus
|
|-heal|p2a: Kingambit|63/100|[from] item: Leftovers
|upkeep
|
|t:|1759024729
|switch|p1a: Gholdengo|Gholdengo|100/100
|-damage|p1a: Gholdengo|76/100|[from] Spikes
|turn|19
|
|t:|1759024743
|move|p1a: Gholdengo|Trick|p2a: Kingambit
|-activate|p1a: Gholdengo|move: Trick|[of] p2a: Kingambit
|-item|p2a: Kingambit|Choice Scarf|[from] move: Trick
|-item|p1a: Gholdengo|Leftovers|[from] move: Trick
|move|p2a: Kingambit|Kowtow Cleave|p1a: Gholdengo
|-supereffective|p1a: Gholdengo
|-damage|p1a: Gholdengo|0 fnt
|faint|p1a: Gholdengo
|
|upkeep
|
|t:|1759024751
|switch|p1a: Dragonite|Dragonite, M, shiny|76/100
|turn|20
|-message|Caidenn forfeited.
|
|win|Shrshsthhts
|raw|Caidenn's rating: 1089 &rarr; <strong>1065</strong><br />(-24 for losing)
|raw|Shrshsthhts's rating: 1076 &rarr; <strong>1106</strong><br />(+30 for winning)
|l|☆Caidenn
|player|p1|
