|j|☆Lolgasm
|j|☆UserJexx
|t:|1759034702
|gametype|singles
|player|p1|Lolgasm|101|1469
|player|p2|UserJexx|lusamine-nihilego|1455
|gen|9
|tier|[Gen 9] OU
|rated|
|rule|HP Percentage Mod: HP is shown in percentages
|rule|Endless Battle Clause: Forcing endless battles is banned
|rule|Species Clause: Limit one of each Pokémon
|rule|OHKO Clause: OHKO moves are banned
|rule|Evasion Items Clause: Evasion items are banned
|rule|Evasion Moves Clause: Evasion moves are banned
|rule|Evasion Abilities Clause: Evasion abilities are banned
|rule|Sleep Moves Clause: Sleep-inducing moves are banned
|clearpoke
|poke|p1|Ninetales, M|
|poke|p1|Walking Wake|
|poke|p1|Hatterene, F|
|poke|p1|Great Tusk|
|poke|p1|Blaziken, F|
|poke|p1|Ceruledge, F|
|poke|p2|Hatterene, F|
|poke|p2|Goodra-Hisui, F|
|poke|p2|Corviknight, F|
|poke|p2|Gastrodon-East, M|
|poke|p2|Ditto|
|poke|p2|Ceruledge, F|
|teampreview
|
|t:|1759034707
|teamsize|p1|6
|teamsize|p2|6
|start
|switch|p1a: Daydream|Ninetales, M, shiny|100/100
|switch|p2a: Respiration III|Gastrodon-East, M|100/100
|-weather|SunnyDay|[from] ability: Drought|[of] p1a: Daydream
|turn|1
|inactive|Battle timer is ON: inactive players will automatically lose when time's up. (requested by UserJexx)
|
|t:|1759034711
|switch|p1a: Duko|Hatterene, F, shiny|100/100
|move|p2a: Respiration III|Earth Power|p1a: Duko
|-damage|p1a: Duko|57/100
|-enditem|p1a: Duko|Eject Button
|j| cthulhuux
|
|t:|1759034728
|switch|p1a: Tenny|Blaziken, F, shiny|100/100
|
|-weather|SunnyDay|[upkeep]
|upkeep
|turn|2
|
|t:|1759034744
|move|p1a: Tenny|Protect|p1a: Tenny
|-singleturn|p1a: Tenny|Protect
|move|p2a: Respiration III|Earth Power|p1a: Tenny
|-activate|p1a: Tenny|move: Protect
|
|-weather|SunnyDay|[upkeep]
|-ability|p1a: Tenny|Speed Boost|boost
|-boost|p1a: Tenny|spe|1
|upkeep
|turn|3
|
|t:|1759034750
|move|p1a: Tenny|Focus Energy|p1a: Tenny
|-start|p1a: Tenny|move: Focus Energy
|move|p2a: Respiration III|Earth Power|p1a: Tenny
|-supereffective|p1a: Tenny
|-damage|p1a: Tenny|0 fnt
|faint|p1a: Tenny
|
|-weather|SunnyDay|[upkeep]
|upkeep
|
|t:|1759034755
|switch|p1a: Glass Shadows|Ceruledge, F, shiny|100/100
|turn|4
|
|t:|1759034759
|switch|p2a: Protection IV|Goodra-Hisui, F|100/100
|move|p1a: Glass Shadows|Solar Blade||[still]
|-prepare|p1a: Glass Shadows|Solar Blade
|-anim|p1a: Glass Shadows|Solar Blade|p2a: Protection IV
|-ability|p2a: Protection IV|Sap Sipper|boost
|-boost|p2a: Protection IV|atk|1
|
|-weather|SunnyDay|[upkeep]
|upkeep
|turn|5
|
|t:|1759034775
|move|p1a: Glass Shadows|Bitter Blade|p2a: Protection IV
|-damage|p2a: Protection IV|35/100
|move|p2a: Protection IV|Earthquake|p1a: Glass Shadows
|-supereffective|p1a: Glass Shadows
|-damage|p1a: Glass Shadows|0 fnt
|faint|p1a: Glass Shadows
|
|-weather|SunnyDay|[upkeep]
|upkeep
|
|t:|1759034788
|switch|p1a: Daydream|Ninetales, M, shiny|100/100
|turn|6
|
|t:|1759034794
|move|p1a: Daydream|Weather Ball|p2a: Protection IV
|-damage|p2a: Protection IV|17/100
|move|p2a: Protection IV|Earthquake|p1a: Daydream
|-supereffective|p1a: Daydream
|-damage|p1a: Daydream|0 fnt
|faint|p1a: Daydream
|
|-weather|SunnyDay|[upkeep]
|upkeep
|l| cthulhuux
|
|t:|1759034803
|switch|p1a: Mr. Banana|Walking Wake|100/100
|-activate|p1a: Mr. Banana|ability: Protosynthesis
|-start|p1a: Mr. Banana|protosynthesisspe
|turn|7
|
|t:|1759034811
|-terastallize|p1a: Mr. Banana|Water
|move|p1a: Mr. Banana|Hydro Steam|p2a: Protection IV
|-resisted|p2a: Protection IV
|-damage|p2a: Protection IV|0 fnt
|faint|p2a: Protection IV
|
|-weather|SunnyDay|[upkeep]
|upkeep
|
|t:|1759034816
|switch|p2a: Respiration III|Gastrodon-East, M|100/100
|turn|8
|
|t:|1759034823
|-end|p1a: Mr. Banana|Protosynthesis|[silent]
|switch|p1a: Luisin|Great Tusk|100/100
|-activate|p1a: Luisin|ability: Protosynthesis
|-start|p1a: Luisin|protosynthesisatk
|-terastallize|p2a: Respiration III|Fairy
|move|p2a: Respiration III|Earth Power|p1a: Luisin
|-damage|p1a: Luisin|34/100
|
|-weather|none
|-end|p1a: Luisin|Protosynthesis
|upkeep
|turn|9
|
|t:|1759034832
|switch|p2a: Thorns II|Corviknight, F|100/100
|-ability|p2a: Thorns II|Pressure
|move|p1a: Luisin|Headlong Rush|p2a: Thorns II
|-immune|p2a: Thorns II
|
|upkeep
|turn|10
|
|t:|1759034838
|switch|p2a: Curse of Binding|Ditto|100/100
|-transform|p2a: Curse of Binding|p1a: Luisin|[from] ability: Imposter
|move|p1a: Luisin|Close Combat|p2a: Curse of Binding
|-damage|p2a: Curse of Binding|26/100
|-unboost|p1a: Luisin|def|1
|-unboost|p1a: Luisin|spd|1
|-damage|p1a: Luisin|24/100|[from] item: Life Orb
|
|upkeep
|turn|11
|
|t:|1759034850
|move|p2a: Curse of Binding|Headlong Rush|p1a: Luisin
|-damage|p1a: Luisin|0 fnt
|-unboost|p2a: Curse of Binding|def|1
|-unboost|p2a: Curse of Binding|spd|1
|faint|p1a: Luisin
|-end|p1a: Luisin|Protosynthesis|[silent]
|
|upkeep
|j| cthulhuux
|
|t:|1759034854
|switch|p1a: Mr. Banana|Walking Wake, tera:Water|100/100
|turn|12
|
|t:|1759034862
|-end|p2a: Curse of Binding|Protosynthesis|[silent]
|switch|p2a: Respiration III|Gastrodon-East, M, tera:Fairy|100/100
|move|p1a: Mr. Banana|Flip Turn|p2a: Respiration III
|-ability|p2a: Respiration III|Storm Drain|boost
|-boost|p2a: Respiration III|spa|1
|
|upkeep
|turn|13
|
|t:|1759034866
|-end|p1a: Mr. Banana|Protosynthesis|[silent]
|switch|p1a: Duko|Hatterene, F, shiny|57/100
|move|p2a: Respiration III|Earth Power|p1a: Duko
|-damage|p1a: Duko|0 fnt
|faint|p1a: Duko
|
|upkeep
|
|t:|1759034867
|switch|p1a: Mr. Banana|Walking Wake, tera:Water|100/100
|turn|14
|
|t:|1759034869
|move|p1a: Mr. Banana|Draco Meteor|p2a: Respiration III
|-immune|p2a: Respiration III
|move|p2a: Respiration III|Earth Power|p1a: Mr. Banana
|-damage|p1a: Mr. Banana|28/100
|
|upkeep
|turn|15
|-message|Lolgasm forfeited.
|
|win|UserJexx
|raw|Lolgasm's rating: 1469 &rarr; <strong>1448</strong><br />(-21 for losing)
|raw|UserJexx's rating: 1455 &rarr; <strong>1476</strong><br />(+21 for winning)
|l|☆Lolgasm
|player|p1|
|l|☆UserJexx
|player|p2|
