|j|☆Alainkiller
|j|☆dadadadaxiji
|t:|1758962548
|gametype|singles
|player|p1|Alainkiller|102|1618
|player|p2|dadadadaxiji|dawn|1698
|gen|9
|tier|[Gen 9] OU
|rated|
|rule|HP Percentage Mod: HP is shown in percentages
|rule|Endless Battle Clause: Forcing endless battles is banned
|rule|Species Clause: Limit one of each Pokémon
|rule|OHKO Clause: OHKO moves are banned
|rule|Evasion Items Clause: Evasion items are banned
|rule|Evasion Moves Clause: Evasion moves are banned
|rule|Evasion Abilities Clause: Evasion abilities are banned
|rule|Sleep Moves Clause: Sleep-inducing moves are banned
|clearpoke
|poke|p1|Darkrai|
|poke|p1|Ogerpon-Wellspring, F|
|poke|p1|Zamazenta-*|
|poke|p1|Cinderace, F|
|poke|p1|Kingambit, M|
|poke|p1|Zapdos|
|poke|p2|Pelipper, F|
|poke|p2|Tyranitar, M|
|poke|p2|Ninetales-Alola, F|
|poke|p2|Torkoal, F|
|poke|p2|Hippowdon, F|
|poke|p2|Kingambit, M|
|teampreview
|c|☆Alainkiller|Wth is this
|inactive|Battle timer is ON: inactive players will automatically lose when time's up. (requested by Alainkiller)
|
|t:|1758962599
|teamsize|p1|6
|teamsize|p2|6
|start
|switch|p1a: Ogerpon|Ogerpon-Wellspring, F|100/100
|switch|p2a: Ninetales|Ninetales-Alola, F|100/100
|-weather|Snowscape|[from] ability: Snow Warning|[of] p2a: Ninetales
|turn|1
|
|t:|1758962606
|move|p1a: Ogerpon|Power Whip|p2a: Ninetales
|-damage|p2a: Ninetales|18/100
|move|p2a: Ninetales|Blizzard|p1a: Ogerpon
|-damage|p1a: Ogerpon|33/100
|-damage|p2a: Ninetales|8/100|[from] item: Life Orb
|
|-weather|Snowscape|[upkeep]
|upkeep
|turn|2
|
|t:|1758962613
|switch|p2a: Pelipper|Pelipper, F|100/100
|-weather|RainDance|[from] ability: Drizzle|[of] p2a: Pelipper
|move|p1a: Ogerpon|Trailblaze|p2a: Pelipper
|-crit|p2a: Pelipper
|-damage|p2a: Pelipper|37/100
|-boost|p1a: Ogerpon|spe|1
|
|-weather|RainDance|[upkeep]
|upkeep
|turn|3
|
|t:|1758962620
|switch|p2a: Ninetales|Ninetales-Alola, F|8/100
|-weather|Snowscape|[from] ability: Snow Warning|[of] p2a: Ninetales
|move|p1a: Ogerpon|Ivy Cudgel|p2a: Ninetales|[anim] Ivy Cudgel Water
|-damage|p2a: Ninetales|0 fnt
|faint|p2a: Ninetales
|
|-weather|Snowscape|[upkeep]
|upkeep
|
|t:|1758962625
|switch|p2a: Kingambit|Kingambit, M|100/100
|-activate|p2a: Kingambit|ability: Supreme Overlord
|-start|p2a: Kingambit|fallen1|[silent]
|turn|4
|
|t:|1758962633
|move|p2a: Kingambit|Sucker Punch||[still]
|-fail|p2a: Kingambit
|move|p1a: Ogerpon|Encore|p2a: Kingambit
|-start|p2a: Kingambit|Encore
|
|-weather|Snowscape|[upkeep]
|upkeep
|turn|5
|
|t:|1758962638
|move|p2a: Kingambit|Sucker Punch||[still]
|-fail|p2a: Kingambit
|move|p1a: Ogerpon|Encore||[still]
|-fail|p1a: Ogerpon
|
|-weather|Snowscape|[upkeep]
|upkeep
|turn|6
|
|t:|1758962645
|-end|p2a: Kingambit|fallen1|[silent]
|switch|p2a: Torkoal|Torkoal, F|100/100
|-weather|SunnyDay|[from] ability: Drought|[of] p2a: Torkoal
|move|p1a: Ogerpon|Encore||[still]
|-fail|p1a: Ogerpon
|
|-weather|SunnyDay|[upkeep]
|upkeep
|turn|7
|
|t:|1758962649
|move|p1a: Ogerpon|Ivy Cudgel|p2a: Torkoal|[anim] Ivy Cudgel Water
|-supereffective|p2a: Torkoal
|-damage|p2a: Torkoal|60/100
|move|p2a: Torkoal|Overheat|p1a: Ogerpon|[miss]
|-miss|p2a: Torkoal|p1a: Ogerpon
|
|-weather|SunnyDay|[upkeep]
|upkeep
|turn|8
|
|t:|1758962654
|move|p1a: Ogerpon|Ivy Cudgel|p2a: Torkoal|[anim] Ivy Cudgel Water
|-supereffective|p2a: Torkoal
|-damage|p2a: Torkoal|21/100
|move|p2a: Torkoal|Overheat|p1a: Ogerpon
|-damage|p1a: Ogerpon|0 fnt
|-unboost|p2a: Torkoal|spa|2
|faint|p1a: Ogerpon
|
|-weather|SunnyDay|[upkeep]
|upkeep
|j| PsychoPowerKing精神力
|inactive|Alainkiller has 120 seconds left.
|
|t:|1758962689
|switch|p1a: Darkrai|Darkrai|100/100
|turn|9
|
|t:|1758962695
|move|p1a: Darkrai|Dark Pulse|p2a: Torkoal
|-damage|p2a: Torkoal|0 fnt
|faint|p2a: Torkoal
|
|-weather|SunnyDay|[upkeep]
|upkeep
|
|t:|1758962698
|switch|p2a: Tyranitar|Tyranitar, M|100/100
|-weather|Sandstorm|[from] ability: Sand Stream|[of] p2a: Tyranitar
|turn|10
|
|t:|1758962719
|switch|p1a: Zamazenta|Zamazenta|100/100
|-ability|p1a: Zamazenta|Dauntless Shield|boost
|-boost|p1a: Zamazenta|def|1
|move|p2a: Tyranitar|Low Kick|p1a: Zamazenta
|-crit|p1a: Zamazenta
|-damage|p1a: Zamazenta|4/100
|
|-weather|Sandstorm|[upkeep]
|-damage|p1a: Zamazenta|0 fnt|[from] Sandstorm
|faint|p1a: Zamazenta
|upkeep
|inactive|Alainkiller has 120 seconds left.
|
|t:|1758962730
|switch|p1a: Zapdos|Zapdos|100/100
|turn|11
|
|t:|1758962734
|switch|p2a: Hippowdon|Hippowdon, F|100/100
|move|p1a: Zapdos|U-turn|p2a: Hippowdon
|-crit|p2a: Hippowdon
|-damage|p2a: Hippowdon|90/100
|-damage|p1a: Zapdos|84/100|[from] item: Rocky Helmet|[of] p2a: Hippowdon
|
|t:|1758962743
|switch|p1a: Darkrai|Darkrai|100/100|[from] U-turn
|
|-weather|Sandstorm|[upkeep]
|-damage|p1a: Darkrai|94/100|[from] Sandstorm
|upkeep
|turn|12
|
|t:|1758962751
|move|p1a: Darkrai|Ice Beam|p2a: Hippowdon
|-supereffective|p2a: Hippowdon
|-damage|p2a: Hippowdon|12/100
|move|p2a: Hippowdon|Earthquake|p1a: Darkrai
|-damage|p1a: Darkrai|46/100
|
|-weather|Sandstorm|[upkeep]
|-damage|p1a: Darkrai|40/100|[from] Sandstorm
|upkeep
|turn|13
|
|t:|1758962765
|move|p1a: Darkrai|Ice Beam|p2a: Hippowdon
|-supereffective|p2a: Hippowdon
|-damage|p2a: Hippowdon|0 fnt
|faint|p2a: Hippowdon
|
|-weather|Sandstorm|[upkeep]
|-damage|p1a: Darkrai|33/100|[from] Sandstorm
|upkeep
|
|t:|1758962767
|switch|p2a: Tyranitar|Tyranitar, M|100/100
|turn|14
|
|t:|1758962779
|move|p1a: Darkrai|Ice Beam|p2a: Tyranitar
|-damage|p2a: Tyranitar|79/100
|move|p2a: Tyranitar|Knock Off|p1a: Darkrai
|-resisted|p1a: Darkrai
|-damage|p1a: Darkrai|0 fnt
|-enditem|p1a: Darkrai|Expert Belt|[from] move: Knock Off|[of] p2a: Tyranitar
|faint|p1a: Darkrai
|
|-weather|none
|upkeep
|
|t:|1758962793
|switch|p1a: Cinderace|Cinderace, F|100/100
|turn|15
|
|t:|1758962797
|move|p1a: Cinderace|Will-O-Wisp|p2a: Tyranitar
|-status|p2a: Tyranitar|brn
|move|p2a: Tyranitar|Knock Off|p1a: Cinderace
|-damage|p1a: Cinderace|43/100
|-enditem|p1a: Cinderace|Heavy-Duty Boots|[from] move: Knock Off|[of] p2a: Tyranitar
|
|-damage|p2a: Tyranitar|73/100 brn|[from] brn
|upkeep
|turn|16
|
|t:|1758962803
|move|p1a: Cinderace|U-turn|p2a: Tyranitar
|-start|p1a: Cinderace|typechange|Bug|[from] ability: Libero
|-supereffective|p2a: Tyranitar
|-damage|p2a: Tyranitar|20/100 brn
|
|t:|1758962808
|switch|p1a: Zapdos|Zapdos|84/100|[from] U-turn
|move|p2a: Tyranitar|Knock Off|p1a: Zapdos
|-damage|p1a: Zapdos|36/100
|-enditem|p1a: Zapdos|Heavy-Duty Boots|[from] move: Knock Off|[of] p2a: Tyranitar
|
|-damage|p2a: Tyranitar|14/100 brn|[from] brn
|upkeep
|turn|17
|
|t:|1758962814
|move|p1a: Zapdos|Roost|p1a: Zapdos
|-heal|p1a: Zapdos|86/100
|-singleturn|p1a: Zapdos|move: Roost
|move|p2a: Tyranitar|Knock Off|p1a: Zapdos
|-damage|p1a: Zapdos|51/100
|
|-damage|p2a: Tyranitar|8/100 brn|[from] brn
|upkeep
|turn|18
|
|t:|1758962820
|move|p1a: Zapdos|Roost|p1a: Zapdos
|-heal|p1a: Zapdos|100/100
|-singleturn|p1a: Zapdos|move: Roost
|move|p2a: Tyranitar|Knock Off|p1a: Zapdos
|-damage|p1a: Zapdos|69/100
|
|-damage|p2a: Tyranitar|2/100 brn|[from] brn
|upkeep
|turn|19
|
|t:|1758962827
|move|p1a: Zapdos|Roost|p1a: Zapdos
|-heal|p1a: Zapdos|100/100
|-singleturn|p1a: Zapdos|move: Roost
|move|p2a: Tyranitar|Knock Off|p1a: Zapdos
|-damage|p1a: Zapdos|67/100
|
|-damage|p2a: Tyranitar|0 fnt|[from] brn
|faint|p2a: Tyranitar
|upkeep
|
|t:|1758962843
|switch|p2a: Pelipper|Pelipper, F|37/100
|-weather|RainDance|[from] ability: Drizzle|[of] p2a: Pelipper
|turn|20
|
|t:|1758962847
|move|p2a: Pelipper|Weather Ball|p1a: Zapdos
|-damage|p1a: Zapdos|18/100
|move|p1a: Zapdos|Thunder Wave|p2a: Pelipper|[miss]
|-miss|p1a: Zapdos|p2a: Pelipper
|
|-weather|RainDance|[upkeep]
|upkeep
|turn|21
|
|t:|1758962866
|switch|p1a: Cinderace|Cinderace, F|43/100
|move|p2a: Pelipper|Weather Ball|p1a: Cinderace
|-supereffective|p1a: Cinderace
|-damage|p1a: Cinderace|0 fnt
|faint|p1a: Cinderace
|
|-weather|RainDance|[upkeep]
|upkeep
|
|t:|1758962869
|switch|p1a: Kingambit|Kingambit, M|100/100
|-activate|p1a: Kingambit|ability: Supreme Overlord
|-start|p1a: Kingambit|fallen4|[silent]
|turn|22
|
|t:|1758962873
|move|p1a: Kingambit|Sucker Punch|p2a: Pelipper
|-crit|p2a: Pelipper
|-damage|p2a: Pelipper|0 fnt
|faint|p2a: Pelipper
|
|-weather|RainDance|[upkeep]
|upkeep
|
|t:|1758962876
|switch|p2a: Kingambit|Kingambit, M|100/100
|-activate|p2a: Kingambit|ability: Supreme Overlord
|-start|p2a: Kingambit|fallen5|[silent]
|turn|23
|
|t:|1758962884
|-terastallize|p1a: Kingambit|Fairy
|move|p2a: Kingambit|Low Kick|p1a: Kingambit
|-resisted|p1a: Kingambit
|-damage|p1a: Kingambit|79/100
|move|p1a: Kingambit|Tera Blast|p2a: Kingambit|[anim] Tera Blast Fairy
|-damage|p2a: Kingambit|46/100
|
|-weather|RainDance|[upkeep]
|upkeep
|turn|24
|
|t:|1758962893
|move|p2a: Kingambit|Iron Head|p1a: Kingambit
|-supereffective|p1a: Kingambit
|-damage|p1a: Kingambit|0 fnt
|faint|p1a: Kingambit
|-end|p1a: Kingambit|fallen4|[silent]
|
|-weather|none
|upkeep
|
|t:|1758962896
|switch|p1a: Zapdos|Zapdos|18/100
|turn|25
|inactive|dadadadaxiji has 120 seconds left.
|
|t:|1758962939
|move|p2a: Kingambit|Sucker Punch||[still]
|-fail|p2a: Kingambit
|move|p1a: Zapdos|Roost|p1a: Zapdos
|-heal|p1a: Zapdos|68/100
|-singleturn|p1a: Zapdos|move: Roost
|
|upkeep
|turn|26
|
|t:|1758962950
|move|p1a: Zapdos|Hurricane|p2a: Kingambit|[miss]
|-miss|p1a: Zapdos|p2a: Kingambit
|move|p2a: Kingambit|Swords Dance|p2a: Kingambit
|-boost|p2a: Kingambit|atk|2
|
|upkeep
|turn|27
|inactive|dadadadaxiji has 120 seconds left.
|
|t:|1758962959
|move|p1a: Zapdos|Thunder Wave|p2a: Kingambit
|-status|p2a: Kingambit|par
|move|p2a: Kingambit|Iron Head|p1a: Zapdos
|-resisted|p1a: Zapdos
|-damage|p1a: Zapdos|0 fnt
|faint|p1a: Zapdos
|
|win|dadadadaxiji
|raw|Alainkiller's rating: 1618 &rarr; <strong>1603</strong><br />(-15 for losing)
|raw|dadadadaxiji's rating: 1698 &rarr; <strong>1713</strong><br />(+15 for winning)
|l|☆Alainkiller
|player|p1|
|l|☆dadadadaxiji
|player|p2|
|l| PsychoPowerKing精神力
|j| PsychoPowerKing精神力
|l| PsychoPowerKing精神力
