|j|☆Siroperation
|j|☆redner bo
|t:|1759028765
|gametype|singles
|player|p1|Siroperation|170|1460
|player|p2|redner bo|266|1445
|gen|9
|tier|[Gen 9] OU
|rated|
|rule|HP Percentage Mod: HP is shown in percentages
|rule|Endless Battle Clause: Forcing endless battles is banned
|rule|Species Clause: Limit one of each Pokémon
|rule|OHKO Clause: OHKO moves are banned
|rule|Evasion Items Clause: Evasion items are banned
|rule|Evasion Moves Clause: Evasion moves are banned
|rule|Evasion Abilities Clause: Evasion abilities are banned
|rule|Sleep Moves Clause: Sleep-inducing moves are banned
|clearpoke
|poke|p1|Conkeldurr, M|
|poke|p1|Slowking-Galar, F|
|poke|p1|Cyclizar, M|
|poke|p1|Gliscor, F|
|poke|p1|Clefable, F|
|poke|p1|Gholdengo|
|poke|p2|Hydreigon, F|
|poke|p2|Meowscarada, F|
|poke|p2|Volcanion|
|poke|p2|Hatterene, F|
|poke|p2|Gholdengo|
|poke|p2|Gliscor, M|
|teampreview
|
|t:|1759028788
|teamsize|p1|6
|teamsize|p2|6
|start
|switch|p1a: Conkeldurr|Conkeldurr, M|100/100
|switch|p2a: Gliscor|Gliscor, M, shiny|100/100
|turn|1
|
|t:|1759028793
|move|p2a: Gliscor|Protect|p2a: Gliscor
|-singleturn|p2a: Gliscor|Protect
|move|p1a: Conkeldurr|Knock Off|p2a: Gliscor
|-activate|p2a: Gliscor|move: Protect
|
|-status|p2a: Gliscor|tox|[from] item: Toxic Orb
|-status|p1a: Conkeldurr|brn|[from] item: Flame Orb
|upkeep
|turn|2
|
|t:|1759028801
|-terastallize|p1a: Conkeldurr|Normal
|move|p2a: Gliscor|Earthquake|p1a: Conkeldurr
|-damage|p1a: Conkeldurr|59/100 brn
|move|p1a: Conkeldurr|Facade|p2a: Gliscor
|-damage|p2a: Gliscor|0 fnt
|faint|p2a: Gliscor
|
|-damage|p1a: Conkeldurr|53/100 brn|[from] brn
|upkeep
|
|t:|1759028820
|switch|p2a: Volcanion|Volcanion|100/100
|turn|3
|
|t:|1759028834
|switch|p1a: Slowking|Slowking-Galar, F|100/100
|move|p2a: Volcanion|Steam Eruption|p1a: Slowking
|-damage|p1a: Slowking|66/100
|-status|p1a: Slowking|brn
|
|-damage|p1a: Slowking|60/100 brn|[from] brn
|upkeep
|turn|4
|
|t:|1759028850
|switch|p2a: Gholdengo|Gholdengo, shiny|100/100
|-prepare|p1a: Slowking|Chilly Reception|[premajor]
|move|p1a: Slowking|Chilly Reception|p1a: Slowking
|-weather|Snowscape
|
|t:|1759028870
|switch|p1a: Cyclizar|Cyclizar, M, shiny|100/100|[from] Chilly Reception
|
|-weather|Snowscape|[upkeep]
|upkeep
|turn|5
|
|t:|1759028877
|move|p1a: Cyclizar|Knock Off|p2a: Gholdengo
|-supereffective|p2a: Gholdengo
|-damage|p2a: Gholdengo|70/100
|-enditem|p2a: Gholdengo|Leftovers|[from] move: Knock Off|[of] p1a: Cyclizar
|move|p2a: Gholdengo|Nasty Plot|p2a: Gholdengo
|-boost|p2a: Gholdengo|spa|2
|
|-weather|Snowscape|[upkeep]
|upkeep
|turn|6
|
|t:|1759028889
|move|p1a: Cyclizar|Overheat|p2a: Gholdengo
|-supereffective|p2a: Gholdengo
|-damage|p2a: Gholdengo|26/100
|-unboost|p1a: Cyclizar|spa|2
|move|p2a: Gholdengo|Dazzling Gleam|p1a: Cyclizar
|-supereffective|p1a: Cyclizar
|-damage|p1a: Cyclizar|0 fnt
|faint|p1a: Cyclizar
|
|-weather|Snowscape|[upkeep]
|upkeep
|
|t:|1759028896
|switch|p1a: Slowking|Slowking-Galar, F|93/100 brn
|turn|7
|
|t:|1759028903
|move|p2a: Gholdengo|Shadow Ball|p1a: Slowking
|-supereffective|p1a: Slowking
|-damage|p1a: Slowking|0 fnt
|faint|p1a: Slowking
|
|-weather|Snowscape|[upkeep]
|upkeep
|-message|Siroperation forfeited.
|
|win|redner bo
|raw|Siroperation's rating: 1460 &rarr; <strong>1439</strong><br />(-21 for losing)
|raw|redner bo's rating: 1445 &rarr; <strong>1466</strong><br />(+21 for winning)
|l|☆Siroperation
|player|p1|
|l|☆redner bo
|player|p2|
