|j|☆Rising Ursaring
|j|☆this a family
|t:|1759076373
|gametype|singles
|player|p1|Rising Ursaring|burglar|1513
|player|p2|this a family|hooligans|1507
|gen|9
|tier|[Gen 9] OU
|rated|
|rule|HP Percentage Mod: HP is shown in percentages
|rule|Endless Battle Clause: Forcing endless battles is banned
|rule|Species Clause: Limit one of each Pokémon
|rule|OHKO Clause: OHKO moves are banned
|rule|Evasion Items Clause: Evasion items are banned
|rule|Evasion Moves Clause: Evasion moves are banned
|rule|Evasion Abilities Clause: Evasion abilities are banned
|rule|Sleep Moves Clause: Sleep-inducing moves are banned
|clearpoke
|poke|p1|Raging Bolt|
|poke|p1|Wo-Chien|
|poke|p1|Empoleon, M|
|poke|p1|Ceruledge, M|
|poke|p1|Weezing-Galar, F|
|poke|p1|Landorus-Therian, M|
|poke|p2|Hoopa-Unbound|
|poke|p2|Enamorus, F|
|poke|p2|Garchomp, M|
|poke|p2|Pecharunt|
|poke|p2|Hatterene, F|
|poke|p2|Kingambit, F|
|teampreview
|inactive|Battle timer is ON: inactive players will automatically lose when time's up. (requested by this a family)
|
|t:|1759076376
|teamsize|p1|6
|teamsize|p2|6
|start
|switch|p1a: Landorus|Landorus-Therian, M|100/100
|switch|p2a: Hoopa|Hoopa-Unbound|100/100
|-ability|p1a: Landorus|Intimidate|boost
|-unboost|p2a: Hoopa|atk|1
|turn|1
|
|t:|1759076381
|switch|p2a: Garchomp|Garchomp, M|100/100
|move|p1a: Landorus|U-turn|p2a: Garchomp
|-damage|p2a: Garchomp|85/100
|-damage|p1a: Landorus|88/100|[from] ability: Rough Skin|[of] p2a: Garchomp
|-damage|p1a: Landorus|72/100|[from] item: Rocky Helmet|[of] p2a: Garchomp
|
|t:|1759076393
|switch|p1a: Wo-Chien|Wo-Chien|100/100|[from] U-turn
|-ability|p1a: Wo-Chien|Tablets of Ruin
|
|upkeep
|turn|2
|
|t:|1759076400
|switch|p2a: Hatterene|Hatterene, F|100/100
|move|p1a: Wo-Chien|Leech Seed|p2a: Hatterene
|move|p2a: Hatterene|Leech Seed|p1a: Wo-Chien|[from] ability: Magic Bounce
|-immune|p1a: Wo-Chien
|
|upkeep
|turn|3
|
|t:|1759076409
|move|p1a: Wo-Chien|Knock Off|p2a: Hatterene
|-damage|p2a: Hatterene|74/100
|-enditem|p2a: Hatterene|Assault Vest|[from] move: Knock Off|[of] p1a: Wo-Chien
|move|p2a: Hatterene|Draining Kiss|p1a: Wo-Chien
|-supereffective|p1a: Wo-Chien
|-damage|p1a: Wo-Chien|73/100
|-heal|p2a: Hatterene|99/100|[from] drain|[of] p1a: Wo-Chien
|
|-heal|p1a: Wo-Chien|79/100|[from] item: Leftovers
|upkeep
|turn|4
|
|t:|1759076415
|switch|p1a: Weezing|Weezing-Galar, F|100/100
|-ability|p1a: Weezing|Neutralizing Gas
|move|p2a: Hatterene|Nuzzle|p1a: Weezing
|-damage|p1a: Weezing|98/100
|-status|p1a: Weezing|par
|-damage|p2a: Hatterene|82/100|[from] item: Rocky Helmet|[of] p1a: Weezing
|
|upkeep
|turn|5
|
|t:|1759076424
|move|p2a: Hatterene|Psyshock|p1a: Weezing
|-supereffective|p1a: Weezing
|-damage|p1a: Weezing|42/100 par
|move|p1a: Weezing|Toxic|p2a: Hatterene
|-status|p2a: Hatterene|tox
|
|-damage|p2a: Hatterene|76/100 tox|[from] psn
|upkeep
|turn|6
|
|t:|1759076437
|switch|p2a: Pecharunt|Pecharunt|100/100
|-end|p1a: Weezing|ability: Neutralizing Gas
|switch|p1a: Wo-Chien|Wo-Chien|79/100
|-ability|p1a: Wo-Chien|Tablets of Ruin
|
|-heal|p1a: Wo-Chien|85/100|[from] item: Leftovers
|upkeep
|turn|7
|j| 21stCenturyB0y
|
|t:|1759076444
|move|p2a: Pecharunt|Parting Shot|p1a: Wo-Chien
|-unboost|p1a: Wo-Chien|atk|1
|-unboost|p1a: Wo-Chien|spa|1
|
|t:|1759076449
|switch|p2a: Garchomp|Garchomp, M|85/100|[from] Parting Shot
|move|p1a: Wo-Chien|Leech Seed|p2a: Garchomp
|-start|p2a: Garchomp|move: Leech Seed
|
|-heal|p1a: Wo-Chien|91/100|[from] item: Leftovers
|-damage|p2a: Garchomp|73/100|[from] Leech Seed|[of] p1a: Wo-Chien
|-heal|p1a: Wo-Chien|100/100|[silent]
|upkeep
|turn|8
|
|t:|1759076456
|move|p2a: Garchomp|Stealth Rock|p1a: Wo-Chien
|-sidestart|p1: Rising Ursaring|move: Stealth Rock
|move|p1a: Wo-Chien|Knock Off|p2a: Garchomp
|-damage|p2a: Garchomp|60/100
|-damage|p1a: Wo-Chien|88/100|[from] ability: Rough Skin|[of] p2a: Garchomp
|-damage|p1a: Wo-Chien|72/100|[from] item: Rocky Helmet|[of] p2a: Garchomp
|-enditem|p2a: Garchomp|Rocky Helmet|[from] move: Knock Off|[of] p1a: Wo-Chien
|
|-heal|p1a: Wo-Chien|78/100|[from] item: Leftovers
|-damage|p2a: Garchomp|47/100|[from] Leech Seed|[of] p1a: Wo-Chien
|-heal|p1a: Wo-Chien|92/100|[silent]
|upkeep
|turn|9
|
|t:|1759076466
|switch|p2a: Hatterene|Hatterene, F|76/100 tox
|move|p1a: Wo-Chien|Ruination|p2a: Hatterene
|-damage|p2a: Hatterene|38/100 tox
|
|-heal|p1a: Wo-Chien|98/100|[from] item: Leftovers
|-damage|p2a: Hatterene|32/100 tox|[from] psn
|upkeep
|turn|10
|
|t:|1759076476
|move|p1a: Wo-Chien|Ruination|p2a: Hatterene
|-damage|p2a: Hatterene|17/100 tox
|move|p2a: Hatterene|Draining Kiss|p1a: Wo-Chien
|-supereffective|p1a: Wo-Chien
|-damage|p1a: Wo-Chien|70/100
|-heal|p2a: Hatterene|41/100 tox|[from] drain|[of] p1a: Wo-Chien
|
|-heal|p1a: Wo-Chien|76/100|[from] item: Leftovers
|-damage|p2a: Hatterene|29/100 tox|[from] psn
|upkeep
|turn|11
|
|t:|1759076485
|move|p1a: Wo-Chien|Protect|p1a: Wo-Chien
|-singleturn|p1a: Wo-Chien|Protect
|move|p2a: Hatterene|Draining Kiss|p1a: Wo-Chien
|-activate|p1a: Wo-Chien|move: Protect
|
|-heal|p1a: Wo-Chien|82/100|[from] item: Leftovers
|-damage|p2a: Hatterene|11/100 tox|[from] psn
|upkeep
|turn|12
|
|t:|1759076493
|move|p1a: Wo-Chien|Knock Off|p2a: Hatterene
|-damage|p2a: Hatterene|0 fnt
|faint|p2a: Hatterene
|
|-heal|p1a: Wo-Chien|88/100|[from] item: Leftovers
|upkeep
|
|t:|1759076496
|switch|p2a: Hoopa|Hoopa-Unbound|100/100
|turn|13
|
|t:|1759076501
|move|p1a: Wo-Chien|Protect|p1a: Wo-Chien
|-singleturn|p1a: Wo-Chien|Protect
|move|p2a: Hoopa|Drain Punch|p1a: Wo-Chien
|-activate|p1a: Wo-Chien|move: Protect
|
|-heal|p1a: Wo-Chien|95/100|[from] item: Leftovers
|upkeep
|turn|14
|
|t:|1759076506
|switch|p2a: Garchomp|Garchomp, M|47/100
|move|p1a: Wo-Chien|Leech Seed|p2a: Garchomp
|-start|p2a: Garchomp|move: Leech Seed
|
|-heal|p1a: Wo-Chien|100/100|[from] item: Leftovers
|-damage|p2a: Garchomp|35/100|[from] Leech Seed|[of] p1a: Wo-Chien
|upkeep
|turn|15
|
|t:|1759076525
|switch|p2a: Hoopa|Hoopa-Unbound|100/100
|move|p1a: Wo-Chien|Leech Seed|p2a: Hoopa
|-start|p2a: Hoopa|move: Leech Seed
|
|-damage|p2a: Hoopa|88/100|[from] Leech Seed|[of] p1a: Wo-Chien
|upkeep
|turn|16
|inactive|Rising Ursaring has 120 seconds left.
|
|t:|1759076564
|move|p1a: Wo-Chien|Protect|p1a: Wo-Chien
|-singleturn|p1a: Wo-Chien|Protect
|move|p2a: Hoopa|Hyperspace Fury|p1a: Wo-Chien
|-activate|p1a: Wo-Chien|move: Hyperspace Fury|[broken]
|-resisted|p1a: Wo-Chien
|-damage|p1a: Wo-Chien|63/100
|-unboost|p2a: Hoopa|def|1
|
|-heal|p1a: Wo-Chien|69/100|[from] item: Leftovers
|-damage|p2a: Hoopa|76/100|[from] Leech Seed|[of] p1a: Wo-Chien
|-heal|p1a: Wo-Chien|79/100|[silent]
|upkeep
|turn|17
|
|t:|1759076570
|switch|p2a: Pecharunt|Pecharunt|100/100
|move|p1a: Wo-Chien|Knock Off|p2a: Pecharunt
|-supereffective|p2a: Pecharunt
|-damage|p2a: Pecharunt|78/100
|-enditem|p2a: Pecharunt|Shuca Berry|[from] move: Knock Off|[of] p1a: Wo-Chien
|
|-heal|p1a: Wo-Chien|86/100|[from] item: Leftovers
|upkeep
|turn|18
|
|t:|1759076576
|switch|p1a: Empoleon|Empoleon, M|100/100
|-damage|p1a: Empoleon|94/100|[from] Stealth Rock
|move|p2a: Pecharunt|Malignant Chain|p1a: Empoleon
|-immune|p1a: Empoleon
|
|-heal|p1a: Empoleon|100/100|[from] item: Leftovers
|upkeep
|turn|19
|
|t:|1759076585
|switch|p2a: Kingambit|Kingambit, F|100/100
|-activate|p2a: Kingambit|ability: Supreme Overlord
|-start|p2a: Kingambit|fallen1|[silent]
|move|p1a: Empoleon|Stealth Rock|p2a: Kingambit
|-sidestart|p2: this a family|move: Stealth Rock
|
|upkeep
|turn|20
|
|t:|1759076592
|move|p2a: Kingambit|Low Kick|p1a: Empoleon
|-supereffective|p1a: Empoleon
|-crit|p1a: Empoleon
|-damage|p1a: Empoleon|0 fnt
|faint|p1a: Empoleon
|
|upkeep
|
|t:|1759076596
|switch|p1a: Landorus|Landorus-Therian, M|72/100
|-damage|p1a: Landorus|59/100|[from] Stealth Rock
|-ability|p1a: Landorus|Intimidate|boost
|-unboost|p2a: Kingambit|atk|1
|turn|21
|
|t:|1759076600
|-end|p2a: Kingambit|fallen1|[silent]
|switch|p2a: Garchomp|Garchomp, M|35/100
|-damage|p2a: Garchomp|29/100|[from] Stealth Rock
|move|p1a: Landorus|U-turn|p2a: Garchomp
|-damage|p2a: Garchomp|13/100
|-damage|p1a: Landorus|47/100|[from] ability: Rough Skin|[of] p2a: Garchomp
|
|t:|1759076610
|switch|p1a: Wo-Chien|Wo-Chien|86/100|[from] U-turn
|-damage|p1a: Wo-Chien|73/100|[from] Stealth Rock
|-ability|p1a: Wo-Chien|Tablets of Ruin
|
|-heal|p1a: Wo-Chien|79/100|[from] item: Leftovers
|upkeep
|turn|22
|
|t:|1759076629
|move|p2a: Garchomp|Spikes|p1a: Wo-Chien
|-sidestart|p1: Rising Ursaring|Spikes
|move|p1a: Wo-Chien|Knock Off|p2a: Garchomp
|-damage|p2a: Garchomp|0 fnt
|-damage|p1a: Wo-Chien|67/100|[from] ability: Rough Skin|[of] p2a: Garchomp
|faint|p2a: Garchomp
|
|-heal|p1a: Wo-Chien|73/100|[from] item: Leftovers
|upkeep
|
|t:|1759076640
|switch|p2a: Enamorus|Enamorus, F|100/100
|-damage|p2a: Enamorus|76/100|[from] Stealth Rock
|turn|23
|
|t:|1759076646
|-terastallize|p2a: Enamorus|Stellar
|move|p2a: Enamorus|Tera Blast|p1a: Wo-Chien|[anim] Tera Blast Stellar
|-damage|p1a: Wo-Chien|49/100
|-boost|p2a: Enamorus|atk|1
|-boost|p2a: Enamorus|spa|1
|move|p1a: Wo-Chien|Leech Seed|p2a: Enamorus
|-start|p2a: Enamorus|move: Leech Seed
|
|-heal|p1a: Wo-Chien|56/100|[from] item: Leftovers
|-damage|p2a: Enamorus|63/100|[from] Leech Seed|[of] p1a: Wo-Chien
|-heal|p1a: Wo-Chien|65/100|[silent]
|upkeep
|turn|24
|
|t:|1759076658
|move|p1a: Wo-Chien|Protect|p1a: Wo-Chien
|-singleturn|p1a: Wo-Chien|Protect
|move|p2a: Enamorus|Tera Blast|p1a: Wo-Chien|[anim] Tera Blast Stellar
|-activate|p1a: Wo-Chien|move: Protect
|
|-heal|p1a: Wo-Chien|71/100|[from] item: Leftovers
|-damage|p2a: Enamorus|51/100|[from] Leech Seed|[of] p1a: Wo-Chien
|-heal|p1a: Wo-Chien|81/100|[silent]
|upkeep
|turn|25
|
|t:|1759076666
|move|p2a: Enamorus|Tera Blast|p1a: Wo-Chien|[anim] Tera Blast Stellar
|-damage|p1a: Wo-Chien|50/100
|-boost|p2a: Enamorus|atk|1
|-boost|p2a: Enamorus|spa|1
|move|p1a: Wo-Chien|Knock Off|p2a: Enamorus
|-resisted|p2a: Enamorus
|-damage|p2a: Enamorus|27/100
|-enditem|p2a: Enamorus|Choice Scarf|[from] move: Knock Off|[of] p1a: Wo-Chien
|
|-heal|p1a: Wo-Chien|56/100|[from] item: Leftovers
|-damage|p2a: Enamorus|14/100|[from] Leech Seed|[of] p1a: Wo-Chien
|-heal|p1a: Wo-Chien|66/100|[silent]
|upkeep
|turn|26
|
|t:|1759076681
|move|p1a: Wo-Chien|Protect|p1a: Wo-Chien
|-singleturn|p1a: Wo-Chien|Protect
|move|p2a: Enamorus|Moonblast|p1a: Wo-Chien
|-activate|p1a: Wo-Chien|move: Protect
|
|-heal|p1a: Wo-Chien|72/100|[from] item: Leftovers
|-damage|p2a: Enamorus|2/100|[from] Leech Seed|[of] p1a: Wo-Chien
|-heal|p1a: Wo-Chien|82/100|[silent]
|upkeep
|turn|27
|
|t:|1759076686
|move|p1a: Wo-Chien|Protect|p1a: Wo-Chien
|-singleturn|p1a: Wo-Chien|Protect
|move|p2a: Enamorus|Moonblast|p1a: Wo-Chien
|-activate|p1a: Wo-Chien|move: Protect
|
|-heal|p1a: Wo-Chien|88/100|[from] item: Leftovers
|-damage|p2a: Enamorus|0 fnt|[from] Leech Seed|[of] p1a: Wo-Chien
|-heal|p1a: Wo-Chien|89/100|[silent]
|faint|p2a: Enamorus
|upkeep
|j| Nikator98
|l| Nikator98
|
|t:|1759076701
|switch|p2a: Kingambit|Kingambit, F|100/100
|-damage|p2a: Kingambit|94/100|[from] Stealth Rock
|-activate|p2a: Kingambit|ability: Supreme Overlord
|-start|p2a: Kingambit|fallen3|[silent]
|turn|28
|inactive|Rising Ursaring has 120 seconds left.
|
|t:|1759076740
|move|p2a: Kingambit|Iron Head|p1a: Wo-Chien
|-damage|p1a: Wo-Chien|48/100
|cant|p1a: Wo-Chien|flinch
|
|-heal|p1a: Wo-Chien|54/100|[from] item: Leftovers
|upkeep
|turn|29
|inactive|Rising Ursaring has 120 seconds left.
|
|t:|1759076750
|move|p2a: Kingambit|Iron Head|p1a: Wo-Chien
|-damage|p1a: Wo-Chien|15/100
|cant|p1a: Wo-Chien|flinch
|
|-heal|p1a: Wo-Chien|21/100|[from] item: Leftovers
|upkeep
|turn|30
|
|t:|1759076755
|move|p1a: Wo-Chien|Protect|p1a: Wo-Chien
|-singleturn|p1a: Wo-Chien|Protect
|move|p2a: Kingambit|Iron Head|p1a: Wo-Chien
|-activate|p1a: Wo-Chien|move: Protect
|
|-heal|p1a: Wo-Chien|28/100|[from] item: Leftovers
|upkeep
|turn|31
|
|t:|1759076757
|move|p2a: Kingambit|Iron Head|p1a: Wo-Chien
|-damage|p1a: Wo-Chien|0 fnt
|faint|p1a: Wo-Chien
|
|upkeep
|
|t:|1759076764
|switch|p1a: Weezing|Weezing-Galar, F|42/100 par
|-ability|p1a: Weezing|Neutralizing Gas
|-damage|p1a: Weezing|30/100 par|[from] Stealth Rock
|-damage|p1a: Weezing|17/100 par|[from] Spikes
|turn|32
|
|t:|1759076767
|move|p2a: Kingambit|Iron Head|p1a: Weezing
|-supereffective|p1a: Weezing
|-damage|p1a: Weezing|0 fnt
|-damage|p2a: Kingambit|78/100|[from] item: Rocky Helmet|[of] p1a: Weezing
|faint|p1a: Weezing
|-end|p1a: Weezing|ability: Neutralizing Gas
|-activate|p2a: Kingambit|ability: Supreme Overlord
|-start|p2a: Kingambit|fallen3|[silent]
|
|upkeep
|
|t:|1759076771
|switch|p1a: Raging Bolt|Raging Bolt|100/100
|turn|33
|
|t:|1759076776
|move|p1a: Raging Bolt|Thunderbolt|p2a: Kingambit
|-crit|p2a: Kingambit
|-damage|p2a: Kingambit|0 fnt
|faint|p2a: Kingambit
|-end|p2a: Kingambit|fallen3|[silent]
|
|upkeep
|
|t:|1759076789
|switch|p2a: Hoopa|Hoopa-Unbound|76/100
|-damage|p2a: Hoopa|64/100|[from] Stealth Rock
|turn|34
|
|t:|1759076816
|move|p2a: Hoopa|Knock Off|p1a: Raging Bolt
|-damage|p1a: Raging Bolt|6/100
|-enditem|p1a: Raging Bolt|Heavy-Duty Boots|[from] move: Knock Off|[of] p2a: Hoopa
|move|p1a: Raging Bolt|Thunderbolt|p2a: Hoopa
|-damage|p2a: Hoopa|13/100
|
|upkeep
|turn|35
|
|t:|1759076822
|move|p1a: Raging Bolt|Thunderclap|p2a: Hoopa
|-damage|p2a: Hoopa|0 fnt
|faint|p2a: Hoopa
|
|upkeep
|
|t:|1759076824
|switch|p2a: Pecharunt|Pecharunt|78/100
|-damage|p2a: Pecharunt|66/100|[from] Stealth Rock
|turn|36
|
|t:|1759076830
|move|p1a: Raging Bolt|Thunderclap||[still]
|-fail|p1a: Raging Bolt
|move|p2a: Pecharunt|Recover|p2a: Pecharunt
|-heal|p2a: Pecharunt|100/100
|
|upkeep
|turn|37
|
|t:|1759076833
|move|p1a: Raging Bolt|Thunderclap|p2a: Pecharunt
|-damage|p2a: Pecharunt|60/100
|move|p2a: Pecharunt|Hex|p1a: Raging Bolt
|-damage|p1a: Raging Bolt|0 fnt
|faint|p1a: Raging Bolt
|-end|p1a: Raging Bolt|Protosynthesis|[silent]
|
|upkeep
|
|t:|1759076836
|switch|p1a: Ceruledge|Ceruledge, M|100/100
|-damage|p1a: Ceruledge|76/100|[from] Stealth Rock
|-damage|p1a: Ceruledge|63/100|[from] Spikes
|turn|38
|
|t:|1759076842
|move|p1a: Ceruledge|Shadow Sneak|p2a: Pecharunt
|-supereffective|p2a: Pecharunt
|-damage|p2a: Pecharunt|37/100
|move|p2a: Pecharunt|Hex|p1a: Ceruledge
|-supereffective|p1a: Ceruledge
|-damage|p1a: Ceruledge|18/100
|
|upkeep
|turn|39
|
|t:|1759076845
|move|p1a: Ceruledge|Shadow Sneak|p2a: Pecharunt
|-supereffective|p2a: Pecharunt
|-damage|p2a: Pecharunt|14/100
|move|p2a: Pecharunt|Recover|p2a: Pecharunt
|-heal|p2a: Pecharunt|65/100
|
|upkeep
|turn|40
|
|t:|1759076847
|move|p1a: Ceruledge|Shadow Sneak|p2a: Pecharunt
|-supereffective|p2a: Pecharunt
|-damage|p2a: Pecharunt|39/100
|move|p2a: Pecharunt|Recover|p2a: Pecharunt
|-heal|p2a: Pecharunt|89/100
|
|upkeep
|turn|41
|
|t:|1759076854
|move|p1a: Ceruledge|Shadow Sneak|p2a: Pecharunt
|-supereffective|p2a: Pecharunt
|-damage|p2a: Pecharunt|65/100
|move|p2a: Pecharunt|Hex|p1a: Ceruledge
|-supereffective|p1a: Ceruledge
|-damage|p1a: Ceruledge|0 fnt
|faint|p1a: Ceruledge
|
|upkeep
|
|t:|1759076856
|switch|p1a: Landorus|Landorus-Therian, M|47/100
|-damage|p1a: Landorus|35/100|[from] Stealth Rock
|-ability|p1a: Landorus|Intimidate|boost
|-unboost|p2a: Pecharunt|atk|1
|turn|42
|
|t:|1759076864
|move|p1a: Landorus|Earthquake|p2a: Pecharunt
|-supereffective|p2a: Pecharunt
|-damage|p2a: Pecharunt|0 fnt
|faint|p2a: Pecharunt
|
|win|Rising Ursaring
|raw|Rising Ursaring's rating: 1513 &rarr; <strong>1533</strong><br />(+20 for winning)
|raw|this a family's rating: 1507 &rarr; <strong>1487</strong><br />(-20 for losing)
|c|☆Rising Ursaring|gg
|l|☆this a family
|player|p2|
|l|☆Rising Ursaring
|player|p1|
