|j|☆leezee-yy
|j|☆lt124yh 925
|t:|1758935381
|gametype|singles
|player|p1|leezee-yy|steven|1692
|player|p2|lt124yh 925|pokemonbreederf-gen4|1758
|gen|9
|tier|[Gen 9] OU
|rated|
|rule|HP Percentage Mod: HP is shown in percentages
|rule|Endless Battle Clause: Forcing endless battles is banned
|rule|Species Clause: Limit one of each Pokémon
|rule|OHKO Clause: OHKO moves are banned
|rule|Evasion Items Clause: Evasion items are banned
|rule|Evasion Moves Clause: Evasion moves are banned
|rule|Evasion Abilities Clause: Evasion abilities are banned
|rule|Sleep Moves Clause: Sleep-inducing moves are banned
|clearpoke
|poke|p1|Gengar, M|
|poke|p1|Conkeldurr, M|
|poke|p1|Metagross|
|poke|p1|Zapdos|
|poke|p1|Meowscarada, M|
|poke|p1|Zamazenta-*|
|poke|p2|Hatterene, F|
|poke|p2|Iron Crown|
|poke|p2|Ogerpon-Wellspring, F|
|poke|p2|Landorus-Therian, M|
|poke|p2|Zamazenta-*|
|poke|p2|Ting-Lu|
|teampreview
|inactive|Battle timer is ON: inactive players will automatically lose when time's up. (requested by lt124yh 925)
|inactive|leezee-yy also wants the timer to be on.
|inactive|leezee-yy has 120 seconds left.
|inactive|lt124yh 925 has 120 seconds left.
|c|☆lt124yh 925|hf
|
|t:|1758935434
|teamsize|p1|6
|teamsize|p2|6
|start
|switch|p1a: Zapdos|Zapdos|100/100
|switch|p2a: Hatterene|Hatterene, F|100/100
|turn|1
|
|t:|1758935446
|switch|p2a: Ting-Lu|Ting-Lu|100/100
|-ability|p2a: Ting-Lu|Vessel of Ruin
|move|p1a: Zapdos|Discharge|p2a: Ting-Lu
|-immune|p2a: Ting-Lu
|
|upkeep
|turn|2
|c|☆leezee-yy|gl
|
|t:|1758935474
|move|p1a: Zapdos|U-turn|p2a: Ting-Lu
|-supereffective|p2a: Ting-Lu
|-damage|p2a: Ting-Lu|84/100
|
|t:|1758935478
|switch|p1a: Conkeldurr|Conkeldurr, M|100/100|[from] U-turn
|move|p2a: Ting-Lu|Spikes|p1a: Conkeldurr
|-sidestart|p1: leezee-yy|Spikes
|
|-heal|p2a: Ting-Lu|90/100|[from] item: Leftovers
|upkeep
|turn|3
|
|t:|1758935483
|move|p1a: Conkeldurr|Ice Punch|p2a: Ting-Lu
|-supereffective|p2a: Ting-Lu
|-damage|p2a: Ting-Lu|55/100
|move|p2a: Ting-Lu|Ruination|p1a: Conkeldurr
|-damage|p1a: Conkeldurr|50/100
|
|-heal|p1a: Conkeldurr|57/100|[from] item: Leftovers
|-heal|p2a: Ting-Lu|62/100|[from] item: Leftovers
|upkeep
|turn|4
|
|t:|1758935488
|switch|p2a: Iron Crown|Iron Crown|100/100
|move|p1a: Conkeldurr|Defog|p2a: Iron Crown
|-unboost|p2a: Iron Crown|evasion|1
|-sideend|p1: leezee-yy|Spikes|[from] move: Defog|[of] p1a: Conkeldurr
|
|-heal|p1a: Conkeldurr|63/100|[from] item: Leftovers
|upkeep
|turn|5
|
|t:|1758935503
|switch|p1a: Zapdos|Zapdos|100/100
|move|p2a: Iron Crown|Volt Switch|p1a: Zapdos
|-damage|p1a: Zapdos|69/100
|
|t:|1758935510
|-end|p2a: Iron Crown|Quark Drive|[silent]
|switch|p2a: Ting-Lu|Ting-Lu|62/100|[from] Volt Switch
|-ability|p2a: Ting-Lu|Vessel of Ruin
|
|-heal|p2a: Ting-Lu|68/100|[from] item: Leftovers
|upkeep
|turn|6
|
|t:|1758935512
|move|p1a: Zapdos|U-turn|p2a: Ting-Lu
|-supereffective|p2a: Ting-Lu
|-damage|p2a: Ting-Lu|52/100
|
|t:|1758935514
|switch|p1a: Conkeldurr|Conkeldurr, M|63/100|[from] U-turn
|move|p2a: Ting-Lu|Spikes|p1a: Conkeldurr
|-sidestart|p1: leezee-yy|Spikes
|
|-heal|p1a: Conkeldurr|69/100|[from] item: Leftovers
|-heal|p2a: Ting-Lu|58/100|[from] item: Leftovers
|upkeep
|turn|7
|
|t:|1758935519
|switch|p2a: Landorus|Landorus-Therian, M|100/100
|-ability|p2a: Landorus|Intimidate|boost
|-unboost|p1a: Conkeldurr|atk|1
|move|p1a: Conkeldurr|Fire Punch|p2a: Landorus
|-damage|p2a: Landorus|86/100
|-damage|p1a: Conkeldurr|52/100|[from] item: Rocky Helmet|[of] p2a: Landorus
|
|-heal|p1a: Conkeldurr|58/100|[from] item: Leftovers
|upkeep
|turn|8
|
|t:|1758935524
|move|p2a: Landorus|Earth Power|p1a: Conkeldurr
|-damage|p1a: Conkeldurr|17/100
|move|p1a: Conkeldurr|Defog|p2a: Landorus
|-unboost|p2a: Landorus|evasion|1
|-sideend|p1: leezee-yy|Spikes|[from] move: Defog|[of] p1a: Conkeldurr
|
|-heal|p1a: Conkeldurr|23/100|[from] item: Leftovers
|upkeep
|turn|9
|
|t:|1758935536
|switch|p1a: Meowscarada|Meowscarada, M|100/100
|move|p2a: Landorus|Stealth Rock|p1a: Meowscarada
|-sidestart|p1: leezee-yy|move: Stealth Rock
|
|upkeep
|turn|10
|
|t:|1758935552
|switch|p2a: Hatterene|Hatterene, F|100/100
|move|p1a: Meowscarada|U-turn|p2a: Hatterene
|-start|p1a: Meowscarada|typechange|Bug|[from] ability: Protean
|-damage|p2a: Hatterene|64/100
|-damage|p1a: Meowscarada|84/100|[from] item: Rocky Helmet|[of] p2a: Hatterene
|
|t:|1758935564
|switch|p1a: Gengar|Gengar, M|100/100|[from] U-turn
|-damage|p1a: Gengar|88/100|[from] Stealth Rock
|
|upkeep
|turn|11
|
|t:|1758935585
|switch|p2a: Ting-Lu|Ting-Lu|58/100
|-ability|p2a: Ting-Lu|Vessel of Ruin
|move|p1a: Gengar|Shadow Ball|p2a: Ting-Lu
|-resisted|p2a: Ting-Lu
|-damage|p2a: Ting-Lu|49/100
|
|-heal|p2a: Ting-Lu|55/100|[from] item: Leftovers
|upkeep
|turn|12
|
|t:|1758935599
|move|p1a: Gengar|Sludge Bomb|p2a: Ting-Lu
|-resisted|p2a: Ting-Lu
|-damage|p2a: Ting-Lu|46/100
|move|p2a: Ting-Lu|Spikes|p1a: Gengar
|-sidestart|p1: leezee-yy|Spikes
|
|-heal|p2a: Ting-Lu|52/100|[from] item: Leftovers
|upkeep
|turn|13
|
|t:|1758935602
|move|p1a: Gengar|Encore|p2a: Ting-Lu
|-start|p2a: Ting-Lu|Encore
|move|p2a: Ting-Lu|Spikes|p1a: Gengar
|-sidestart|p1: leezee-yy|Spikes
|
|-heal|p2a: Ting-Lu|58/100|[from] item: Leftovers
|upkeep
|turn|14
|
|t:|1758935605
|move|p1a: Gengar|Sludge Bomb|p2a: Ting-Lu
|-resisted|p2a: Ting-Lu
|-damage|p2a: Ting-Lu|49/100
|move|p2a: Ting-Lu|Spikes|p1a: Gengar
|-sidestart|p1: leezee-yy|Spikes
|
|-heal|p2a: Ting-Lu|55/100|[from] item: Leftovers
|upkeep
|turn|15
|
|t:|1758935611
|switch|p2a: Landorus|Landorus-Therian, M|86/100
|-ability|p2a: Landorus|Intimidate|boost
|-unboost|p1a: Gengar|atk|1
|move|p1a: Gengar|Shadow Ball|p2a: Landorus
|-damage|p2a: Landorus|43/100
|
|upkeep
|turn|16
|
|t:|1758935614
|switch|p2a: Ting-Lu|Ting-Lu|55/100
|-ability|p2a: Ting-Lu|Vessel of Ruin
|move|p1a: Gengar|Shadow Ball|p2a: Ting-Lu
|-resisted|p2a: Ting-Lu
|-damage|p2a: Ting-Lu|46/100
|
|-heal|p2a: Ting-Lu|52/100|[from] item: Leftovers
|upkeep
|turn|17
|
|t:|1758935616
|move|p1a: Gengar|Focus Blast|p2a: Ting-Lu
|-supereffective|p2a: Ting-Lu
|-damage|p2a: Ting-Lu|18/100
|move|p2a: Ting-Lu|Earthquake|p1a: Gengar
|-supereffective|p1a: Gengar
|-damage|p1a: Gengar|0 fnt
|faint|p1a: Gengar
|
|-heal|p2a: Ting-Lu|24/100|[from] item: Leftovers
|upkeep
|
|t:|1758935620
|switch|p1a: Conkeldurr|Conkeldurr, M|23/100
|-damage|p1a: Conkeldurr|17/100|[from] Stealth Rock
|-damage|p1a: Conkeldurr|0 fnt|[from] Spikes
|faint|p1a: Conkeldurr
|-message|leezee-yy forfeited.
|
|win|lt124yh 925
|raw|leezee-yy's rating: 1692 &rarr; <strong>1676</strong><br />(-16 for losing)
|raw|lt124yh 925's rating: 1758 &rarr; <strong>1774</strong><br />(+16 for winning)
|l|☆leezee-yy
|player|p1|
|l|☆lt124yh 925
|player|p2|
