|j|☆TsekaiAndIncognito
|j|☆waxs
|t:|1758962603
|gametype|singles
|player|p1|TsekaiAndIncognito|hilbert|1322
|player|p2|waxs|cynthia|1263
|gen|9
|tier|[Gen 9] OU
|rated|
|rule|HP Percentage Mod: HP is shown in percentages
|rule|Endless Battle Clause: Forcing endless battles is banned
|rule|Species Clause: Limit one of each Pokémon
|rule|OHKO Clause: OHKO moves are banned
|rule|Evasion Items Clause: Evasion items are banned
|rule|Evasion Moves Clause: Evasion moves are banned
|rule|Evasion Abilities Clause: Evasion abilities are banned
|rule|Sleep Moves Clause: Sleep-inducing moves are banned
|clearpoke
|poke|p1|Heatran, F|
|poke|p1|Meowscarada, F|
|poke|p1|Raging Bolt|
|poke|p1|Zamazenta-*|
|poke|p1|Lokix, M|
|poke|p1|Haxorus, M|
|poke|p2|Charizard, F|
|poke|p2|Torkoal, M|
|poke|p2|Hatterene, F|
|poke|p2|Tornadus-Therian, M|
|poke|p2|Pawmot, F|
|poke|p2|Goodra-Hisui, M|
|teampreview
|inactive|Battle timer is ON: inactive players will automatically lose when time's up. (requested by waxs)
|inactive|TsekaiAndIncognito also wants the timer to be on.
|
|t:|1758962616
|teamsize|p1|6
|teamsize|p2|6
|start
|switch|p1a: Heatran|Heatran, F|100/100
|switch|p2a: Torkoal|Torkoal, M|100/100
|-weather|SunnyDay|[from] ability: Drought|[of] p2a: Torkoal
|turn|1
|
|t:|1758962630
|move|p1a: Heatran|Magma Storm|p2a: Torkoal|[miss]
|-miss|p1a: Heatran|p2a: Torkoal
|move|p2a: Torkoal|Stealth Rock|p1a: Heatran
|-sidestart|p1: TsekaiAndIncognito|move: Stealth Rock
|
|-weather|SunnyDay|[upkeep]
|upkeep
|turn|2
|
|t:|1758962633
|switch|p2a: Hatterene|Hatterene, F|100/100
|move|p1a: Heatran|Magma Storm|p2a: Hatterene
|-damage|p2a: Hatterene|5/100
|-activate|p2a: Hatterene|move: Magma Storm|[of] p1a: Heatran
|-enditem|p2a: Hatterene|Eject Button
|
|t:|1758962638
|switch|p2a: Pawmot|Pawmot, F|100/100
|
|-weather|SunnyDay|[upkeep]
|upkeep
|turn|3
|
|t:|1758962642
|-terastallize|p1a: Heatran|Fire
|move|p2a: Pawmot|Close Combat|p1a: Heatran
|-damage|p1a: Heatran|48/100
|-unboost|p2a: Pawmot|def|1
|-unboost|p2a: Pawmot|spd|1
|move|p1a: Heatran|Magma Storm|p2a: Pawmot
|-enditem|p2a: Pawmot|Focus Sash
|-damage|p2a: Pawmot|1/100
|-activate|p2a: Pawmot|move: Magma Storm|[of] p1a: Heatran
|
|-weather|SunnyDay|[upkeep]
|-damage|p2a: Pawmot|0 fnt|[from] move: Magma Storm|[partiallytrapped]
|faint|p2a: Pawmot
|upkeep
|
|t:|1758962658
|switch|p2a: Charizard|Charizard, F|100/100
|turn|4
|
|t:|1758962661
|move|p2a: Charizard|Scorching Sands|p1a: Heatran
|-supereffective|p1a: Heatran
|-damage|p1a: Heatran|0 fnt
|faint|p1a: Heatran
|
|-weather|SunnyDay|[upkeep]
|-damage|p2a: Charizard|88/100|[from] ability: Solar Power|[of] p2a: Charizard
|upkeep
|
|t:|1758962665
|switch|p1a: Raging Bolt|Raging Bolt|100/100
|-damage|p1a: Raging Bolt|88/100|[from] Stealth Rock
|-activate|p1a: Raging Bolt|ability: Protosynthesis
|-start|p1a: Raging Bolt|protosynthesisspa
|turn|5
|
|t:|1758962670
|switch|p2a: Goodra|Goodra-Hisui, M|100/100
|move|p1a: Raging Bolt|Thunderclap||[still]
|-fail|p1a: Raging Bolt
|
|-weather|SunnyDay|[upkeep]
|upkeep
|turn|6
|
|t:|1758962680
|-end|p1a: Raging Bolt|Protosynthesis|[silent]
|switch|p1a: Zamazenta|Zamazenta|100/100
|-damage|p1a: Zamazenta|94/100|[from] Stealth Rock
|-ability|p1a: Zamazenta|Dauntless Shield|boost
|-boost|p1a: Zamazenta|def|1
|move|p2a: Goodra|Dragon Pulse|p1a: Zamazenta
|-damage|p1a: Zamazenta|54/100
|
|-weather|SunnyDay|[upkeep]
|upkeep
|turn|7
|
|t:|1758962686
|switch|p1a: Haxorus|Haxorus, M|100/100
|-damage|p1a: Haxorus|88/100|[from] Stealth Rock
|-ability|p1a: Haxorus|Mold Breaker
|switch|p2a: Hatterene|Hatterene, F|5/100
|
|-weather|SunnyDay|[upkeep]
|upkeep
|turn|8
|
|t:|1758962697
|move|p1a: Haxorus|Iron Head|p2a: Hatterene
|-supereffective|p2a: Hatterene
|-damage|p2a: Hatterene|0 fnt
|faint|p2a: Hatterene
|
|-weather|none
|upkeep
|
|t:|1758962699
|switch|p2a: Charizard|Charizard, F|88/100
|turn|9
|
|t:|1758962703
|-terastallize|p2a: Charizard|Fire
|move|p2a: Charizard|Overheat|p1a: Haxorus
|-resisted|p1a: Haxorus
|-damage|p1a: Haxorus|0 fnt
|-unboost|p2a: Charizard|spa|2
|faint|p1a: Haxorus
|
|upkeep
|
|t:|1758962713
|switch|p1a: Raging Bolt|Raging Bolt|88/100
|-damage|p1a: Raging Bolt|76/100|[from] Stealth Rock
|turn|10
|
|t:|1758962720
|switch|p2a: Tornadus|Tornadus-Therian, M|100/100
|move|p1a: Raging Bolt|Draco Meteor|p2a: Tornadus
|-damage|p2a: Tornadus|15/100
|-unboost|p1a: Raging Bolt|spa|2
|-enditem|p2a: Tornadus|Eject Button
|
|t:|1758962735
|switch|p2a: Goodra|Goodra-Hisui, M|100/100
|
|upkeep
|turn|11
|
|t:|1758962740
|-end|p1a: Raging Bolt|Protosynthesis|[silent]
|switch|p1a: Meowscarada|Meowscarada, F, shiny|100/100
|-damage|p1a: Meowscarada|88/100|[from] Stealth Rock
|switch|p2a: Torkoal|Torkoal, M|100/100
|-weather|SunnyDay|[from] ability: Drought|[of] p2a: Torkoal
|
|-weather|SunnyDay|[upkeep]
|upkeep
|turn|12
|
|t:|1758962750
|move|p1a: Meowscarada|U-turn|p2a: Torkoal
|-start|p1a: Meowscarada|typechange|Bug|[from] ability: Protean
|-resisted|p2a: Torkoal
|-damage|p2a: Torkoal|88/100
|
|t:|1758962751
|switch|p1a: Raging Bolt|Raging Bolt|76/100|[from] U-turn
|-damage|p1a: Raging Bolt|64/100|[from] Stealth Rock
|-activate|p1a: Raging Bolt|ability: Protosynthesis
|-start|p1a: Raging Bolt|protosynthesisspa
|move|p2a: Torkoal|Lava Plume|p1a: Raging Bolt
|-resisted|p1a: Raging Bolt
|-damage|p1a: Raging Bolt|46/100
|
|-weather|SunnyDay|[upkeep]
|upkeep
|turn|13
|
|t:|1758962757
|move|p1a: Raging Bolt|Draco Meteor|p2a: Torkoal
|-damage|p2a: Torkoal|0 fnt
|-unboost|p1a: Raging Bolt|spa|2
|faint|p2a: Torkoal
|
|-weather|SunnyDay|[upkeep]
|upkeep
|
|t:|1758962762
|switch|p2a: Charizard|Charizard, F, tera:Fire|88/100
|turn|14
|
|t:|1758962771
|move|p2a: Charizard|Flamethrower|p1a: Raging Bolt
|-resisted|p1a: Raging Bolt
|-damage|p1a: Raging Bolt|0 fnt
|faint|p1a: Raging Bolt
|-end|p1a: Raging Bolt|Protosynthesis|[silent]
|
|-weather|SunnyDay|[upkeep]
|-damage|p2a: Charizard|76/100|[from] ability: Solar Power|[of] p2a: Charizard
|upkeep
|
|t:|1758962775
|switch|p1a: Lokix|Lokix, M, shiny|100/100
|-damage|p1a: Lokix|76/100|[from] Stealth Rock
|turn|15
|
|t:|1758962779
|switch|p2a: Goodra|Goodra-Hisui, M|100/100
|move|p1a: Lokix|Sucker Punch||[still]
|-fail|p1a: Lokix
|
|-weather|SunnyDay|[upkeep]
|upkeep
|turn|16
|
|t:|1758962785
|switch|p1a: Zamazenta|Zamazenta|54/100
|-damage|p1a: Zamazenta|48/100|[from] Stealth Rock
|move|p2a: Goodra|Flamethrower|p1a: Zamazenta
|-crit|p1a: Zamazenta
|-damage|p1a: Zamazenta|0 fnt
|faint|p1a: Zamazenta
|
|-weather|SunnyDay|[upkeep]
|upkeep
|
|t:|1758962789
|switch|p1a: Meowscarada|Meowscarada, F, shiny|88/100
|-damage|p1a: Meowscarada|76/100|[from] Stealth Rock
|turn|17
|
|t:|1758962791
|move|p1a: Meowscarada|Knock Off|p2a: Goodra
|-start|p1a: Meowscarada|typechange|Dark|[from] ability: Protean
|-damage|p2a: Goodra|40/100
|-enditem|p2a: Goodra|Assault Vest|[from] move: Knock Off|[of] p1a: Meowscarada
|move|p2a: Goodra|Flamethrower|p1a: Meowscarada
|-damage|p1a: Meowscarada|2/100
|
|-weather|SunnyDay|[upkeep]
|upkeep
|turn|18
|
|t:|1758962802
|move|p1a: Meowscarada|Knock Off|p2a: Goodra
|-damage|p2a: Goodra|0 fnt
|faint|p2a: Goodra
|
|-weather|none
|upkeep
|
|t:|1758962807
|switch|p2a: Tornadus|Tornadus-Therian, M|48/100
|turn|19
|
|t:|1758962809
|move|p1a: Meowscarada|Knock Off|p2a: Tornadus
|-damage|p2a: Tornadus|0 fnt
|faint|p2a: Tornadus
|
|upkeep
|
|t:|1758962811
|switch|p2a: Charizard|Charizard, F, tera:Fire|76/100
|turn|20
|
|t:|1758962814
|move|p1a: Meowscarada|Knock Off|p2a: Charizard
|-damage|p2a: Charizard|0 fnt
|-enditem|p2a: Charizard|Choice Specs|[from] move: Knock Off|[of] p1a: Meowscarada
|faint|p2a: Charizard
|
|win|TsekaiAndIncognito
|raw|TsekaiAndIncognito's rating: 1322 &rarr; <strong>1339</strong><br />(+17 for winning)
|raw|waxs's rating: 1263 &rarr; <strong>1242</strong><br />(-21 for losing)
|l|☆waxs
|player|p2|
|l|☆TsekaiAndIncognito
|player|p1|
