|j|☆jimy92
|j|☆ettiriddure
|t:|1759063723
|gametype|singles
|player|p1|jimy92|1|1513
|player|p2|ettiriddure|hilbert|1437
|gen|9
|tier|[Gen 9] OU
|rated|
|rule|HP Percentage Mod: HP is shown in percentages
|rule|Endless Battle Clause: Forcing endless battles is banned
|rule|Species Clause: Limit one of each Pokémon
|rule|OHKO Clause: OHKO moves are banned
|rule|Evasion Items Clause: Evasion items are banned
|rule|Evasion Moves Clause: Evasion moves are banned
|rule|Evasion Abilities Clause: Evasion abilities are banned
|rule|Sleep Moves Clause: Sleep-inducing moves are banned
|clearpoke
|poke|p1|Pelipper, F|
|poke|p1|Hatterene, F|
|poke|p1|Iron Treads|
|poke|p1|Toxicroak, F|
|poke|p1|Barraskewda, F|
|poke|p1|Zapdos|
|poke|p2|Slowbro, F|
|poke|p2|Great Tusk|
|poke|p2|Iron Crown|
|poke|p2|Ogerpon-Wellspring, F|
|poke|p2|Cinderace, M|
|poke|p2|Zapdos|
|teampreview
|inactive|Battle timer is ON: inactive players will automatically lose when time's up. (requested by ettiriddure)
|inactive|jimy92 has 120 seconds left.
|
|t:|1759063769
|teamsize|p1|6
|teamsize|p2|6
|start
|switch|p1a: Pelipper|Pelipper, F|100/100
|switch|p2a: Zapdos|Zapdos|100/100
|-weather|RainDance|[from] ability: Drizzle|[of] p1a: Pelipper
|turn|1
|
|t:|1759063774
|switch|p1a: Iron Treads|Iron Treads|100/100
|move|p2a: Zapdos|Hurricane|p1a: Iron Treads
|-resisted|p1a: Iron Treads
|-damage|p1a: Iron Treads|80/100
|
|-weather|RainDance|[upkeep]
|-heal|p1a: Iron Treads|86/100|[from] item: Leftovers
|upkeep
|turn|2
|inactive|jimy92 has 120 seconds left.
|
|t:|1759063819
|switch|p2a: Ogerpon|Ogerpon-Wellspring, F|100/100
|move|p1a: Iron Treads|Stealth Rock|p2a: Ogerpon
|-sidestart|p2: ettiriddure|move: Stealth Rock
|
|-weather|RainDance|[upkeep]
|-heal|p1a: Iron Treads|92/100|[from] item: Leftovers
|upkeep
|turn|3
|
|t:|1759063838
|-end|p1a: Iron Treads|Quark Drive|[silent]
|switch|p1a: Toxicroak|Toxicroak, F|100/100
|move|p2a: Ogerpon|Spikes|p1a: Toxicroak
|-sidestart|p1: jimy92|Spikes
|
|-weather|RainDance|[upkeep]
|upkeep
|turn|4
|
|t:|1759063852
|switch|p2a: Great Tusk|Great Tusk|100/100
|move|p1a: Toxicroak|Knock Off|p2a: Great Tusk
|-resisted|p2a: Great Tusk
|-damage|p2a: Great Tusk|95/100
|-enditem|p2a: Great Tusk|Heavy-Duty Boots|[from] move: Knock Off|[of] p1a: Toxicroak
|
|-weather|RainDance|[upkeep]
|upkeep
|turn|5
|l|☆jimy92
|inactive|jimy92 disconnected and has a minute to reconnect!
|player|p1|
|inactive|jimy92 has 30 seconds to reconnect!
|inactive|jimy92 has 20 seconds to reconnect!
|j|☆jimy92
|inactive|jimy92 reconnected and has 70 seconds left.
|player|p1|jimy92|1|
|inactive|jimy92 has 60 seconds left.
|
|t:|1759063909
|move|p1a: Toxicroak|Toxic|p2a: Great Tusk
|-status|p2a: Great Tusk|tox
|move|p2a: Great Tusk|Rapid Spin|p1a: Toxicroak
|-damage|p1a: Toxicroak|87/100
|-boost|p2a: Great Tusk|spe|1
|-damage|p2a: Great Tusk|78/100 tox|[from] item: Rocky Helmet|[of] p1a: Toxicroak
|-sideend|p2: ettiriddure|Stealth Rock|[from] move: Rapid Spin|[of] p2a: Great Tusk
|
|-weather|RainDance|[upkeep]
|-heal|p1a: Toxicroak|99/100|[from] ability: Dry Skin
|-damage|p2a: Great Tusk|72/100 tox|[from] psn
|upkeep
|turn|6
|inactive|jimy92 has 60 seconds left.
|
|t:|1759063923
|-end|p2a: Great Tusk|Protosynthesis|[silent]
|switch|p2a: Iron Crown|Iron Crown|100/100
|switch|p1a: Zapdos|Zapdos|100/100
|
|-weather|RainDance|[upkeep]
|upkeep
|turn|7
|inactive|jimy92 has 60 seconds left.
|
|t:|1759063939
|move|p1a: Zapdos|Thunder|p2a: Iron Crown
|-damage|p2a: Iron Crown|57/100
|move|p2a: Iron Crown|Volt Switch|p1a: Zapdos
|-damage|p1a: Zapdos|70/100
|
|t:|1759063948
|-end|p2a: Iron Crown|Quark Drive|[silent]
|switch|p2a: Ogerpon|Ogerpon-Wellspring, F|100/100|[from] Volt Switch
|
|-weather|RainDance|[upkeep]
|upkeep
|turn|8
|inactive|jimy92 has 60 seconds left.
|
|t:|1759063961
|switch|p1a: Toxicroak|Toxicroak, F|99/100
|-damage|p1a: Toxicroak|87/100|[from] Spikes
|move|p2a: Ogerpon|Ivy Cudgel|p1a: Toxicroak|[anim] Ivy Cudgel Water
|-heal|p1a: Toxicroak|100/100|[from] ability: Dry Skin|[of] p2a: Ogerpon
|
|-weather|none
|upkeep
|turn|9
|inactive|jimy92 has 60 seconds left.
|
|t:|1759063974
|switch|p2a: Iron Crown|Iron Crown|57/100
|move|p1a: Toxicroak|Knock Off|p2a: Iron Crown
|-supereffective|p2a: Iron Crown
|-damage|p2a: Iron Crown|11/100
|-enditem|p2a: Iron Crown|Assault Vest|[from] move: Knock Off|[of] p1a: Toxicroak
|
|upkeep
|turn|10
|inactive|jimy92 has 60 seconds left.
|
|t:|1759063989
|switch|p1a: Iron Treads|Iron Treads|92/100
|-damage|p1a: Iron Treads|80/100|[from] Spikes
|move|p2a: Iron Crown|Psychic Noise|p1a: Iron Treads
|-resisted|p1a: Iron Treads
|-damage|p1a: Iron Treads|64/100
|-start|p1a: Iron Treads|move: Heal Block
|
|upkeep
|turn|11
|inactive|jimy92 has 60 seconds left.
|
|t:|1759064018
|-end|p2a: Iron Crown|Quark Drive|[silent]
|switch|p2a: Slowbro|Slowbro, F|100/100
|move|p1a: Iron Treads|Stealth Rock|p2a: Slowbro
|-sidestart|p2: ettiriddure|move: Stealth Rock
|
|-end|p1a: Iron Treads|move: Heal Block
|upkeep
|turn|12
|
|t:|1759064025
|move|p1a: Iron Treads|Volt Switch|p2a: Slowbro
|-supereffective|p2a: Slowbro
|-crit|p2a: Slowbro
|-damage|p2a: Slowbro|58/100
|
|t:|1759064031
|-end|p1a: Iron Treads|Quark Drive|[silent]
|switch|p1a: Hatterene|Hatterene, F|100/100|[from] Volt Switch
|-damage|p1a: Hatterene|88/100|[from] Spikes
|move|p2a: Slowbro|Scald|p1a: Hatterene
|-damage|p1a: Hatterene|59/100
|-enditem|p1a: Hatterene|Eject Button
|
|t:|1759064038
|switch|p1a: Pelipper|Pelipper, F|100/100
|-weather|RainDance|[from] ability: Drizzle|[of] p1a: Pelipper
|
|-weather|RainDance|[upkeep]
|upkeep
|turn|13
|
|t:|1759064047
|move|p1a: Pelipper|Knock Off|p2a: Slowbro
|-supereffective|p2a: Slowbro
|-damage|p2a: Slowbro|42/100
|-enditem|p2a: Slowbro|Heavy-Duty Boots|[from] move: Knock Off|[of] p1a: Pelipper
|move|p2a: Slowbro|Slack Off|p2a: Slowbro
|-heal|p2a: Slowbro|92/100
|
|-weather|RainDance|[upkeep]
|upkeep
|turn|14
|
|t:|1759064056
|move|p1a: Pelipper|Hurricane|p2a: Slowbro
|-damage|p2a: Slowbro|54/100
|move|p2a: Slowbro|Calm Mind|p2a: Slowbro
|-boost|p2a: Slowbro|spa|1
|-boost|p2a: Slowbro|spd|1
|
|-weather|RainDance|[upkeep]
|upkeep
|turn|15
|inactive|jimy92 has 60 seconds left.
|
|t:|1759064061
|move|p1a: Pelipper|U-turn|p2a: Slowbro
|-supereffective|p2a: Slowbro
|-damage|p2a: Slowbro|42/100
|inactive|jimy92 has 60 seconds left.
|
|t:|1759064070
|switch|p1a: Toxicroak|Toxicroak, F|100/100|[from] U-turn
|-damage|p1a: Toxicroak|88/100|[from] Spikes
|move|p2a: Slowbro|Slack Off|p2a: Slowbro
|-heal|p2a: Slowbro|92/100
|
|-weather|RainDance|[upkeep]
|-heal|p1a: Toxicroak|100/100|[from] ability: Dry Skin
|upkeep
|turn|16
|
|t:|1759064074
|move|p1a: Toxicroak|Toxic|p2a: Slowbro
|-status|p2a: Slowbro|tox
|move|p2a: Slowbro|Psyshock|p1a: Toxicroak
|-supereffective|p1a: Toxicroak
|-crit|p1a: Toxicroak
|-damage|p1a: Toxicroak|0 fnt
|faint|p1a: Toxicroak
|
|-weather|RainDance|[upkeep]
|-damage|p2a: Slowbro|86/100 tox|[from] psn
|upkeep
|inactive|jimy92 has 60 seconds left.
|
|t:|1759064092
|switch|p1a: Iron Treads|Iron Treads|64/100
|-damage|p1a: Iron Treads|52/100|[from] Spikes
|turn|17
|
|t:|1759064096
|move|p1a: Iron Treads|Volt Switch|p2a: Slowbro
|-supereffective|p2a: Slowbro
|-crit|p2a: Slowbro
|-damage|p2a: Slowbro|49/100 tox
|
|t:|1759064106
|-end|p1a: Iron Treads|Quark Drive|[silent]
|switch|p1a: Pelipper|Pelipper, F|100/100|[from] Volt Switch
|move|p2a: Slowbro|Scald|p1a: Pelipper
|-resisted|p1a: Pelipper
|-damage|p1a: Pelipper|71/100
|
|-weather|RainDance|[upkeep]
|-damage|p2a: Slowbro|37/100 tox|[from] psn
|upkeep
|turn|18
|inactive|jimy92 has 60 seconds left.
|
|t:|1759064125
|switch|p2a: Zapdos|Zapdos|100/100
|move|p1a: Pelipper|U-turn|p2a: Zapdos
|-resisted|p2a: Zapdos
|-damage|p2a: Zapdos|97/100
|-status|p1a: Pelipper|par|[from] ability: Static|[of] p2a: Zapdos
|
|t:|1759064128
|switch|p1a: Zapdos|Zapdos|70/100|[from] U-turn
|
|-weather|RainDance|[upkeep]
|upkeep
|turn|19
|
|t:|1759064135
|switch|p2a: Iron Crown|Iron Crown|11/100
|-damage|p2a: Iron Crown|5/100|[from] Stealth Rock
|move|p1a: Zapdos|Hurricane|p2a: Iron Crown
|-resisted|p2a: Iron Crown
|-damage|p2a: Iron Crown|0 fnt
|faint|p2a: Iron Crown
|-end|p2a: Iron Crown|Quark Drive|[silent]
|
|-weather|none
|upkeep
|
|t:|1759064153
|switch|p2a: Cinderace|Cinderace, M|100/100
|turn|20
|
|t:|1759064164
|switch|p1a: Pelipper|Pelipper, F|71/100 par
|-weather|RainDance|[from] ability: Drizzle|[of] p1a: Pelipper
|move|p2a: Cinderace|Pyro Ball|p1a: Pelipper
|-resisted|p1a: Pelipper
|-damage|p1a: Pelipper|56/100 par
|
|-weather|RainDance|[upkeep]
|upkeep
|turn|21
|
|t:|1759064172
|switch|p2a: Zapdos|Zapdos|97/100
|move|p1a: Pelipper|U-turn|p2a: Zapdos
|-resisted|p2a: Zapdos
|-damage|p2a: Zapdos|93/100
|
|t:|1759064179
|switch|p1a: Zapdos|Zapdos|70/100|[from] U-turn
|
|-weather|RainDance|[upkeep]
|upkeep
|turn|22
|inactive|jimy92 has 90 seconds left.
|
|t:|1759064189
|move|p1a: Zapdos|Hurricane|p2a: Zapdos
|-resisted|p2a: Zapdos
|-damage|p2a: Zapdos|56/100
|move|p2a: Zapdos|Volt Switch|p1a: Zapdos
|-damage|p1a: Zapdos|31/100
|
|t:|1759064196
|switch|p2a: Ogerpon|Ogerpon-Wellspring, F|100/100|[from] Volt Switch
|-damage|p2a: Ogerpon|88/100|[from] Stealth Rock
|
|-weather|RainDance|[upkeep]
|upkeep
|turn|23
|inactive|jimy92 has 90 seconds left.
|
|t:|1759064213
|switch|p1a: Iron Treads|Iron Treads|52/100
|-damage|p1a: Iron Treads|39/100|[from] Spikes
|move|p2a: Ogerpon|Ivy Cudgel|p1a: Iron Treads|[anim] Ivy Cudgel Water
|-supereffective|p1a: Iron Treads
|-damage|p1a: Iron Treads|0 fnt
|faint|p1a: Iron Treads
|-end|p1a: Iron Treads|Quark Drive|[silent]
|
|-weather|RainDance|[upkeep]
|upkeep
|inactive|jimy92 has 90 seconds left.
|
|t:|1759064241
|switch|p1a: Barraskewda|Barraskewda, F|100/100
|-damage|p1a: Barraskewda|88/100|[from] Spikes
|turn|24
|
|t:|1759064247
|switch|p2a: Slowbro|Slowbro, F|70/100 tox
|-damage|p2a: Slowbro|58/100 tox|[from] Stealth Rock
|move|p1a: Barraskewda|Close Combat|p2a: Slowbro
|-resisted|p2a: Slowbro
|-damage|p2a: Slowbro|38/100 tox
|-unboost|p1a: Barraskewda|def|1
|-unboost|p1a: Barraskewda|spd|1
|
|-weather|RainDance|[upkeep]
|-damage|p2a: Slowbro|31/100 tox|[from] psn
|upkeep
|turn|25
|
|t:|1759064259
|switch|p1a: Zapdos|Zapdos|31/100
|move|p2a: Slowbro|Slack Off|p2a: Slowbro
|-heal|p2a: Slowbro|81/100 tox
|
|-weather|RainDance|[upkeep]
|-damage|p2a: Slowbro|69/100 tox|[from] psn
|upkeep
|turn|26
|
|t:|1759064266
|move|p1a: Zapdos|Hurricane|p2a: Slowbro
|-damage|p2a: Slowbro|0 fnt
|faint|p2a: Slowbro
|
|-weather|RainDance|[upkeep]
|upkeep
|
|t:|1759064271
|switch|p2a: Ogerpon|Ogerpon-Wellspring, F|88/100
|-damage|p2a: Ogerpon|76/100|[from] Stealth Rock
|turn|27
|inactive|jimy92 has 90 seconds left.
|
|t:|1759064301
|move|p2a: Ogerpon|Ivy Cudgel|p1a: Zapdos|[anim] Ivy Cudgel Water
|-damage|p1a: Zapdos|0 fnt
|faint|p1a: Zapdos
|
|-weather|none
|upkeep
|
|t:|1759064306
|switch|p1a: Barraskewda|Barraskewda, F|88/100
|-damage|p1a: Barraskewda|76/100|[from] Spikes
|turn|28
|
|t:|1759064315
|switch|p2a: Cinderace|Cinderace, M|100/100
|move|p1a: Barraskewda|Flip Turn|p2a: Cinderace
|-supereffective|p2a: Cinderace
|-damage|p2a: Cinderace|0 fnt
|faint|p2a: Cinderace
|
|t:|1759064321
|switch|p1a: Pelipper|Pelipper, F|56/100 par|[from] Flip Turn
|-weather|RainDance|[from] ability: Drizzle|[of] p1a: Pelipper
|
|-weather|RainDance|[upkeep]
|upkeep
|
|t:|1759064324
|switch|p2a: Zapdos|Zapdos|56/100
|turn|29
|inactive|jimy92 has 90 seconds left.
|
|t:|1759064337
|-terastallize|p1a: Pelipper|Normal
|move|p2a: Zapdos|Volt Switch|p1a: Pelipper
|-damage|p1a: Pelipper|25/100 par
|
|t:|1759064344
|switch|p2a: Great Tusk|Great Tusk|72/100 tox|[from] Volt Switch
|-damage|p2a: Great Tusk|69/100 tox|[from] Stealth Rock
|cant|p1a: Pelipper|par
|
|-weather|RainDance|[upkeep]
|-damage|p2a: Great Tusk|63/100 tox|[from] psn
|upkeep
|turn|30
|inactive|jimy92 has 90 seconds left.
|
|t:|1759064356
|switch|p1a: Barraskewda|Barraskewda, F|76/100
|-damage|p1a: Barraskewda|64/100|[from] Spikes
|move|p2a: Great Tusk|Earthquake|p1a: Barraskewda
|-damage|p1a: Barraskewda|0 fnt
|faint|p1a: Barraskewda
|
|-weather|RainDance|[upkeep]
|-damage|p2a: Great Tusk|50/100 tox|[from] psn
|upkeep
|inactive|jimy92 has 90 seconds left.
|c|☆jimy92|Oh i u turn
|inactive|jimy92 has 60 seconds left.
|c|☆jimy92|Didnt see pat
|c|☆jimy92|Para
|
|t:|1759064412
|switch|p1a: Hatterene|Hatterene, F|59/100
|-damage|p1a: Hatterene|47/100|[from] Spikes
|turn|31
|
|t:|1759064419
|move|p2a: Great Tusk|Rapid Spin|p1a: Hatterene
|-damage|p1a: Hatterene|32/100
|-boost|p2a: Great Tusk|spe|1
|-sideend|p2: ettiriddure|Stealth Rock|[from] move: Rapid Spin|[of] p2a: Great Tusk
|move|p1a: Hatterene|Healing Wish|p1a: Hatterene
|faint|p1a: Hatterene
|
|-weather|RainDance|[upkeep]
|-damage|p2a: Great Tusk|32/100 tox|[from] psn
|upkeep
|inactive|jimy92 has 30 seconds left.
|inactive|jimy92 has 20 seconds left.
|inactive|jimy92 has 15 seconds left.
|inactive|jimy92 has 10 seconds left.
|c|☆ettiriddure|yo
|
|t:|1759064468
|switch|p1a: Pelipper|Pelipper, F, tera:Normal|25/100 par
|-heal|p1a: Pelipper|100/100|[from] move: Healing Wish
|-damage|p1a: Pelipper|88/100|[from] Spikes
|turn|32
|inactive|jimy92 has 20 seconds left this turn.
|inactive|jimy92 has 15 seconds left.
|c|☆ettiriddure|gg
|inactive|jimy92 has 10 seconds left.
|l|☆jimy92
|inactive|jimy92 disconnected and has a minute to reconnect!
|player|p1|
|inactive|jimy92 has 5 seconds left.
|-message|jimy92 lost due to inactivity.
|
|win|ettiriddure
|raw|jimy92's rating: 1513 &rarr; <strong>1489</strong><br />(-24 for losing)
|raw|ettiriddure's rating: 1437 &rarr; <strong>1461</strong><br />(+24 for winning)
|c|☆ettiriddure|lol
|l|☆ettiriddure
|player|p2|
