|j|☆Shiny_kairyu
|j|☆lt124yh 925
|t:|1759054828
|gametype|singles
|player|p1|Shiny_kairyu|burglar|1740
|player|p2|lt124yh 925|pokemonbreederf-gen4|1819
|gen|9
|tier|[Gen 9] OU
|rated|
|rule|HP Percentage Mod: HP is shown in percentages
|rule|Endless Battle Clause: Forcing endless battles is banned
|rule|Species Clause: Limit one of each Pokémon
|rule|OHKO Clause: OHKO moves are banned
|rule|Evasion Items Clause: Evasion items are banned
|rule|Evasion Moves Clause: Evasion moves are banned
|rule|Evasion Abilities Clause: Evasion abilities are banned
|rule|Sleep Moves Clause: Sleep-inducing moves are banned
|clearpoke
|poke|p1|Iron Valiant|
|poke|p1|Glimmora, F|
|poke|p1|Araquanid, F|
|poke|p1|Dragapult, F|
|poke|p1|Kingambit, F|
|poke|p1|Landorus-Therian, M|
|poke|p2|Porygon2|
|poke|p2|Ursaluna, F|
|poke|p2|Cresselia, F|
|poke|p2|Volcanion|
|poke|p2|Hatterene, F|
|poke|p2|Iron Hands|
|teampreview
|inactive|Battle timer is ON: inactive players will automatically lose when time's up. (requested by lt124yh 925)
|c|☆lt124yh 925|hf
|c|☆Shiny_kairyu|hf
|
|t:|1759054844
|teamsize|p1|6
|teamsize|p2|6
|start
|switch|p1a: Landorus|Landorus-Therian, M|100/100
|switch|p2a: Hatterene|Hatterene, F|100/100
|-ability|p1a: Landorus|Intimidate|boost
|-unboost|p2a: Hatterene|atk|1
|turn|1
|
|t:|1759054852
|switch|p2a: Porygon2|Porygon2|100/100
|-ability|p2a: Porygon2|Download|boost
|-boost|p2a: Porygon2|spa|1
|move|p1a: Landorus|U-turn|p2a: Porygon2
|-damage|p2a: Porygon2|87/100
|
|t:|1759054862
|switch|p1a: Glimmora|Glimmora, F|100/100|[from] U-turn
|
|upkeep
|turn|2
|
|t:|1759054870
|move|p1a: Glimmora|Meteor Beam||[still]
|-prepare|p1a: Glimmora|Meteor Beam
|-boost|p1a: Glimmora|spa|1
|-enditem|p1a: Glimmora|Power Herb
|-anim|p1a: Glimmora|Meteor Beam|p2a: Porygon2
|-damage|p2a: Porygon2|24/100
|move|p2a: Porygon2|Trick Room|p2a: Porygon2
|-fieldstart|move: Trick Room|[of] p2a: Porygon2
|
|upkeep
|turn|3
|
|t:|1759054875
|move|p2a: Porygon2|Ice Beam|p1a: Glimmora
|-damage|p1a: Glimmora|44/100
|move|p1a: Glimmora|Sludge Wave|p2a: Porygon2
|-damage|p2a: Porygon2|0 fnt
|faint|p2a: Porygon2
|
|upkeep
|
|t:|1759054882
|switch|p2a: Volcanion|Volcanion|100/100
|turn|4
|
|t:|1759054885
|switch|p1a: Araquanid|Araquanid, F|100/100
|move|p2a: Volcanion|Steam Eruption|p1a: Araquanid
|-resisted|p1a: Araquanid
|-damage|p1a: Araquanid|61/100
|
|upkeep
|turn|5
|
|t:|1759054889
|move|p1a: Araquanid|Endeavor|p2a: Volcanion
|-damage|p2a: Volcanion|56/100
|move|p2a: Volcanion|Steam Eruption|p1a: Araquanid
|-resisted|p1a: Araquanid
|-damage|p1a: Araquanid|23/100
|
|upkeep
|turn|6
|
|t:|1759054897
|move|p1a: Araquanid|Endeavor|p2a: Volcanion
|-damage|p2a: Volcanion|21/100
|move|p2a: Volcanion|Steam Eruption|p1a: Araquanid
|-resisted|p1a: Araquanid
|-damage|p1a: Araquanid|0 fnt
|faint|p1a: Araquanid
|
|-fieldend|move: Trick Room
|upkeep
|
|t:|1759054900
|switch|p1a: Glimmora|Glimmora, F|44/100
|turn|7
|j| cynasaurus
|
|t:|1759054907
|switch|p2a: Cresselia|Cresselia, F|100/100
|move|p1a: Glimmora|Sludge Wave|p2a: Cresselia
|-crit|p2a: Cresselia
|-damage|p2a: Cresselia|51/100
|
|upkeep
|turn|8
|
|t:|1759054911
|move|p1a: Glimmora|Mortal Spin|p2a: Cresselia
|-damage|p2a: Cresselia|47/100
|-status|p2a: Cresselia|psn
|move|p2a: Cresselia|Trick Room|p2a: Cresselia
|-fieldstart|move: Trick Room|[of] p2a: Cresselia
|
|-damage|p2a: Cresselia|35/100 psn|[from] psn
|upkeep
|turn|9
|
|t:|1759054920
|switch|p1a: Landorus|Landorus-Therian, M|100/100
|-ability|p1a: Landorus|Intimidate|boost
|-unboost|p2a: Cresselia|atk|1
|move|p2a: Cresselia|Lunar Dance|p2a: Cresselia
|faint|p2a: Cresselia
|
|upkeep
|
|t:|1759054922
|switch|p2a: Volcanion|Volcanion|21/100
|-heal|p2a: Volcanion|100/100|[from] move: Lunar Dance
|turn|10
|
|t:|1759054948
|-terastallize|p1a: Landorus|Ghost
|move|p2a: Volcanion|Steam Eruption|p1a: Landorus
|-damage|p1a: Landorus|0 fnt
|faint|p1a: Landorus
|
|upkeep
|
|t:|1759054953
|switch|p1a: Dragapult|Dragapult, F|100/100
|turn|11
|
|t:|1759054978
|move|p2a: Volcanion|Steam Eruption|p1a: Dragapult
|-resisted|p1a: Dragapult
|-damage|p1a: Dragapult|41/100
|move|p1a: Dragapult|Phantom Force||[still]
|-prepare|p1a: Dragapult|Phantom Force
|
|upkeep
|turn|12
|
|t:|1759054984
|switch|p2a: Ursaluna|Ursaluna, F|100/100
|move|p1a: Dragapult|Phantom Force|p2a: Ursaluna|[from] lockedmove
|-immune|p2a: Ursaluna
|
|-fieldend|move: Trick Room
|-status|p2a: Ursaluna|brn|[from] item: Flame Orb
|upkeep
|turn|13
|
|t:|1759054989
|switch|p1a: Glimmora|Glimmora, F|44/100
|move|p2a: Ursaluna|Headlong Rush|p1a: Glimmora
|-supereffective|p1a: Glimmora
|-damage|p1a: Glimmora|0 fnt
|-unboost|p2a: Ursaluna|def|1
|-unboost|p2a: Ursaluna|spd|1
|-activate|p1a: Glimmora|ability: Toxic Debris
|-sidestart|p2: lt124yh 925|move: Toxic Spikes
|faint|p1a: Glimmora
|
|-damage|p2a: Ursaluna|94/100 brn|[from] brn
|upkeep
|
|t:|1759054996
|switch|p1a: Kingambit|Kingambit, F|100/100
|-activate|p1a: Kingambit|ability: Supreme Overlord
|-start|p1a: Kingambit|fallen3|[silent]
|turn|14
|
|t:|1759055001
|move|p1a: Kingambit|Low Kick|p2a: Ursaluna
|-supereffective|p2a: Ursaluna
|-damage|p2a: Ursaluna|0 fnt
|faint|p2a: Ursaluna
|
|upkeep
|
|t:|1759055010
|switch|p2a: Iron Hands|Iron Hands|100/100
|-status|p2a: Iron Hands|psn
|-enditem|p2a: Iron Hands|Booster Energy
|-activate|p2a: Iron Hands|ability: Quark Drive|[fromitem]
|-start|p2a: Iron Hands|quarkdriveatk
|turn|15
|
|t:|1759055014
|-end|p1a: Kingambit|fallen3|[silent]
|switch|p1a: Dragapult|Dragapult, F|41/100
|move|p2a: Iron Hands|Ice Punch|p1a: Dragapult
|-supereffective|p1a: Dragapult
|-damage|p1a: Dragapult|0 fnt
|faint|p1a: Dragapult
|
|-damage|p2a: Iron Hands|88/100 psn|[from] psn
|upkeep
|
|t:|1759055016
|switch|p1a: Iron Valiant|Iron Valiant|100/100
|-enditem|p1a: Iron Valiant|Booster Energy
|-activate|p1a: Iron Valiant|ability: Quark Drive|[fromitem]
|-start|p1a: Iron Valiant|quarkdrivespe
|turn|16
|j| hgivhigi
|
|t:|1759055026
|move|p1a: Iron Valiant|Shadow Ball|p2a: Iron Hands
|-damage|p2a: Iron Hands|68/100 psn
|move|p2a: Iron Hands|Supercell Slam|p1a: Iron Valiant
|-damage|p1a: Iron Valiant|3/100
|
|-damage|p2a: Iron Hands|55/100 psn|[from] psn
|upkeep
|turn|17
|
|t:|1759055034
|move|p1a: Iron Valiant|Moonblast|p2a: Iron Hands
|-supereffective|p2a: Iron Hands
|-damage|p2a: Iron Hands|0 fnt
|faint|p2a: Iron Hands
|-end|p2a: Iron Hands|Quark Drive|[silent]
|
|upkeep
|
|t:|1759055045
|switch|p2a: Hatterene|Hatterene, F|100/100
|-status|p2a: Hatterene|psn
|turn|18
|
|t:|1759055050
|move|p1a: Iron Valiant|Moonblast|p2a: Hatterene
|-damage|p2a: Hatterene|54/100 psn
|-unboost|p2a: Hatterene|spa|1
|move|p2a: Hatterene|Trick Room|p2a: Hatterene
|-fieldstart|move: Trick Room|[of] p2a: Hatterene
|
|-damage|p2a: Hatterene|42/100 psn|[from] psn
|upkeep
|turn|19
|
|t:|1759055052
|move|p2a: Hatterene|Healing Wish|p2a: Hatterene
|faint|p2a: Hatterene
|move|p1a: Iron Valiant|Moonblast|p2: Hatterene|[notarget]
|-fail|p1a: Iron Valiant
|
|upkeep
|
|t:|1759055054
|switch|p2a: Volcanion|Volcanion|100/100
|-status|p2a: Volcanion|psn
|turn|20
|
|t:|1759055058
|move|p2a: Volcanion|Flamethrower|p1a: Iron Valiant
|-damage|p1a: Iron Valiant|0 fnt
|faint|p1a: Iron Valiant
|-end|p1a: Iron Valiant|Quark Drive|[silent]
|
|-damage|p2a: Volcanion|88/100 psn|[from] psn
|upkeep
|
|t:|1759055060
|switch|p1a: Kingambit|Kingambit, F|100/100
|-activate|p1a: Kingambit|ability: Supreme Overlord
|-start|p1a: Kingambit|fallen5|[silent]
|turn|21
|
|t:|1759055063
|move|p2a: Volcanion|Flamethrower|p1a: Kingambit
|-supereffective|p1a: Kingambit
|-damage|p1a: Kingambit|0 fnt
|faint|p1a: Kingambit
|-end|p1a: Kingambit|fallen5|[silent]
|
|win|lt124yh 925
|raw|Shiny_kairyu's rating: 1740 &rarr; <strong>1724</strong><br />(-16 for losing)
|raw|lt124yh 925's rating: 1819 &rarr; <strong>1835</strong><br />(+16 for winning)
|c|☆lt124yh 925|gg
|c|☆Shiny_kairyu|gg
