|j|☆Zettaaa
|j|☆roasted_kitchen
|t:|1758969484
|gametype|singles
|player|p1|Zettaaa|brawly|1249
|player|p2|roasted_kitchen|102|1243
|gen|9
|tier|[Gen 9] OU
|rated|
|rule|HP Percentage Mod: HP is shown in percentages
|rule|Endless Battle Clause: Forcing endless battles is banned
|rule|Species Clause: Limit one of each Pokémon
|rule|OHKO Clause: OHKO moves are banned
|rule|Evasion Items Clause: Evasion items are banned
|rule|Evasion Moves Clause: Evasion moves are banned
|rule|Evasion Abilities Clause: Evasion abilities are banned
|rule|Sleep Moves Clause: Sleep-inducing moves are banned
|clearpoke
|poke|p1|Walking Wake|
|poke|p1|Slowking-Galar, M|
|poke|p1|Glastrier|
|poke|p1|Golem-Alola, F|
|poke|p1|Perrserker, M|
|poke|p1|Enamorus, F|
|poke|p2|Pikachu-Sinnoh, M|
|poke|p2|Infernape, F|
|poke|p2|Torterra, F|
|poke|p2|Floatzel, F|
|poke|p2|Gliscor, M|
|poke|p2|Staraptor, F|
|teampreview
|
|t:|1758969504
|teamsize|p1|6
|teamsize|p2|6
|start
|switch|p1a: Perrserker|Perrserker, M|100/100
|switch|p2a: Pikachu|Pikachu-Sinnoh, M|100/100
|turn|1
|
|t:|1758969519
|move|p1a: Perrserker|Fake Out|p2a: Pikachu
|-damage|p2a: Pikachu|47/100
|cant|p2a: Pikachu|flinch
|
|upkeep
|turn|2
|
|t:|1758969530
|move|p2a: Pikachu|Volt Switch|p1a: Perrserker
|-damage|p1a: Perrserker|67/100
|
|t:|1758969538
|switch|p2a: Floatzel|Floatzel, F|100/100|[from] Volt Switch
|move|p1a: Perrserker|Gyro Ball|p2a: Floatzel
|-resisted|p2a: Floatzel
|-damage|p2a: Floatzel|20/100
|
|upkeep
|turn|3
|
|t:|1758969545
|move|p2a: Floatzel|Low Kick|p1a: Perrserker
|-supereffective|p1a: Perrserker
|-damage|p1a: Perrserker|0 fnt
|faint|p1a: Perrserker
|
|upkeep
|
|t:|1758969559
|switch|p1a: Slowking|Slowking-Galar, M|100/100
|turn|4
|
|t:|1758969563
|switch|p2a: Pikachu|Pikachu-Sinnoh, M|47/100
|move|p1a: Slowking|Trick Room|p1a: Slowking
|-fieldstart|move: Trick Room|[of] p1a: Slowking
|
|upkeep
|turn|5
|
|t:|1758969568
|-prepare|p1a: Slowking|Chilly Reception|[premajor]
|move|p1a: Slowking|Chilly Reception|p1a: Slowking
|-weather|Snowscape
|
|t:|1758969576
|switch|p1a: Glastrier|Glastrier|100/100|[from] Chilly Reception
|move|p2a: Pikachu|Knock Off|p1a: Glastrier
|-damage|p1a: Glastrier|80/100
|-enditem|p1a: Glastrier|Clear Amulet|[from] move: Knock Off|[of] p2a: Pikachu
|
|-weather|Snowscape|[upkeep]
|upkeep
|turn|6
|
|t:|1758969589
|move|p2a: Pikachu|Quick Attack|p1a: Glastrier
|-damage|p1a: Glastrier|71/100
|move|p1a: Glastrier|Icicle Crash|p2a: Pikachu
|-damage|p2a: Pikachu|0 fnt
|faint|p2a: Pikachu
|-ability|p1a: Glastrier|Chilling Neigh|boost
|-boost|p1a: Glastrier|atk|1
|
|-weather|Snowscape|[upkeep]
|upkeep
|
|t:|1758969601
|switch|p2a: Gliscor|Gliscor, M|100/100
|turn|7
|
|t:|1758969606
|move|p2a: Gliscor|Protect|p2a: Gliscor
|-singleturn|p2a: Gliscor|Protect
|move|p1a: Glastrier|Icicle Crash|p2a: Gliscor
|-activate|p2a: Gliscor|move: Protect
|
|-weather|Snowscape|[upkeep]
|-status|p2a: Gliscor|tox|[from] item: Toxic Orb
|upkeep
|turn|8
|
|t:|1758969615
|move|p2a: Gliscor|Protect|p2a: Gliscor
|-singleturn|p2a: Gliscor|Protect
|move|p1a: Glastrier|Icicle Crash|p2a: Gliscor
|-activate|p2a: Gliscor|move: Protect
|
|-weather|Snowscape|[upkeep]
|-fieldend|move: Trick Room
|upkeep
|turn|9
|
|t:|1758969633
|move|p2a: Gliscor|Earthquake|p1a: Glastrier
|-damage|p1a: Glastrier|52/100
|move|p1a: Glastrier|Icicle Crash|p2a: Gliscor
|-supereffective|p2a: Gliscor
|-damage|p2a: Gliscor|0 fnt
|faint|p2a: Gliscor
|-ability|p1a: Glastrier|Chilling Neigh|boost
|-boost|p1a: Glastrier|atk|1
|
|-weather|none
|upkeep
|
|t:|1758969636
|switch|p2a: Staraptor|Staraptor, F|100/100
|turn|10
|
|t:|1758969654
|-terastallize|p2a: Staraptor|Normal
|move|p2a: Staraptor|Double-Edge|p1a: Glastrier
|-damage|p1a: Glastrier|0 fnt
|faint|p1a: Glastrier
|-damage|p2a: Staraptor|82/100|[from] Recoil
|
|upkeep
|
|t:|1758969673
|switch|p1a: Golem|Golem-Alola, F|100/100
|turn|11
|
|t:|1758969689
|switch|p2a: Infernape|Infernape, F|100/100
|move|p1a: Golem|Fire Punch|p2a: Infernape
|-resisted|p2a: Infernape
|-damage|p2a: Infernape|80/100
|
|upkeep
|turn|12
|
|t:|1758969699
|move|p2a: Infernape|Close Combat|p1a: Golem
|-supereffective|p1a: Golem
|-damage|p1a: Golem|1/100
|-unboost|p2a: Infernape|def|1
|-unboost|p2a: Infernape|spd|1
|-damage|p2a: Infernape|70/100|[from] item: Life Orb
|move|p1a: Golem|Double-Edge|p2a: Infernape
|-damage|p2a: Infernape|0 fnt
|faint|p2a: Infernape
|-damage|p1a: Golem|0 fnt|[from] Recoil
|faint|p1a: Golem
|
|upkeep
|
|t:|1758969719
|switch|p2a: Staraptor|Staraptor, F, tera:Normal|82/100
|switch|p1a: Enamorus|Enamorus, F|100/100
|turn|13
|
|t:|1758969731
|-terastallize|p1a: Enamorus|Stellar
|move|p2a: Staraptor|Double-Edge|p1a: Enamorus
|-damage|p1a: Enamorus|0 fnt
|faint|p1a: Enamorus
|-damage|p2a: Staraptor|51/100|[from] Recoil
|
|upkeep
|
|t:|1758969741
|switch|p1a: Walking Wake|Walking Wake|100/100
|-enditem|p1a: Walking Wake|Booster Energy
|-activate|p1a: Walking Wake|ability: Protosynthesis|[fromitem]
|-start|p1a: Walking Wake|protosynthesisspe
|turn|14
|
|t:|1758969751
|switch|p2a: Floatzel|Floatzel, F|20/100
|move|p1a: Walking Wake|Flamethrower|p2a: Floatzel
|-resisted|p2a: Floatzel
|-damage|p2a: Floatzel|0 fnt
|faint|p2a: Floatzel
|
|upkeep
|
|t:|1758969754
|switch|p2a: Torterra|Torterra, F|100/100
|turn|15
|
|t:|1758969759
|move|p1a: Walking Wake|Flamethrower|p2a: Torterra
|-supereffective|p2a: Torterra
|-damage|p2a: Torterra|30/100
|move|p2a: Torterra|Shell Smash|p2a: Torterra
|-unboost|p2a: Torterra|def|1
|-unboost|p2a: Torterra|spd|1
|-boost|p2a: Torterra|atk|2
|-boost|p2a: Torterra|spa|2
|-boost|p2a: Torterra|spe|2
|
|upkeep
|turn|16
|
|t:|1758969765
|move|p1a: Walking Wake|Flamethrower|p2a: Torterra
|-supereffective|p2a: Torterra
|-damage|p2a: Torterra|0 fnt
|faint|p2a: Torterra
|
|upkeep
|
|t:|1758969768
|switch|p2a: Staraptor|Staraptor, F, tera:Normal|51/100
|turn|17
|
|t:|1758969771
|move|p1a: Walking Wake|Flamethrower|p2a: Staraptor
|-damage|p2a: Staraptor|5/100
|move|p2a: Staraptor|Double-Edge|p1a: Walking Wake
|-damage|p1a: Walking Wake|0 fnt
|faint|p1a: Walking Wake
|-end|p1a: Walking Wake|Protosynthesis|[silent]
|-damage|p2a: Staraptor|0 fnt|[from] Recoil
|faint|p2a: Staraptor
|
|win|Zettaaa
|raw|Zettaaa's rating: 1249 &rarr; <strong>1275</strong><br />(+26 for winning)
|raw|roasted_kitchen's rating: 1265 &rarr; <strong>1239</strong><br />(-26 for losing)
|l|☆roasted_kitchen
|player|p2|
|l|☆Zettaaa
|player|p1|
