|j|☆Rabzzz
|j|☆Golem Rising
|t:|1758950427
|gametype|singles
|player|p1|Rabzzz|#mwpvimurkrows|1666
|player|p2|Golem Rising|170|1671
|gen|9
|tier|[Gen 9] OU
|rated|
|rule|HP Percentage Mod: HP is shown in percentages
|rule|Endless Battle Clause: Forcing endless battles is banned
|rule|Species Clause: Limit one of each Pokémon
|rule|OHKO Clause: OHKO moves are banned
|rule|Evasion Items Clause: Evasion items are banned
|rule|Evasion Moves Clause: Evasion moves are banned
|rule|Evasion Abilities Clause: Evasion abilities are banned
|rule|Sleep Moves Clause: Sleep-inducing moves are banned
|clearpoke
|poke|p1|Alomomola, M|
|poke|p1|Hoopa-Unbound|
|poke|p1|Pecharunt|
|poke|p1|Iron Treads|
|poke|p1|Zapdos|
|poke|p1|Ogerpon, F|
|poke|p2|Torkoal, F|
|poke|p2|Walking Wake|
|poke|p2|Venusaur, M|
|poke|p2|Great Tusk|
|poke|p2|Goodra-Hisui, M|
|poke|p2|Slither Wing|
|teampreview
|
|t:|1758950471
|teamsize|p1|6
|teamsize|p2|6
|start
|switch|p1a: Hoopa|Hoopa-Unbound|100/100
|switch|p2a: Slither Wing|Slither Wing|100/100
|turn|1
|
|t:|1758950495
|switch|p1a: Zapdos|Zapdos|100/100
|move|p2a: Slither Wing|U-turn|p1a: Zapdos
|-resisted|p1a: Zapdos
|-damage|p1a: Zapdos|76/100
|
|t:|1758950505
|-end|p2a: Slither Wing|Protosynthesis|[silent]
|switch|p2a: Torkoal|Torkoal, F|100/100|[from] U-turn
|-weather|SunnyDay|[from] ability: Drought|[of] p2a: Torkoal
|
|-weather|SunnyDay|[upkeep]
|upkeep
|turn|2
|
|t:|1758950513
|switch|p2a: Great Tusk|Great Tusk|100/100
|-activate|p2a: Great Tusk|ability: Protosynthesis
|-start|p2a: Great Tusk|protosynthesisatk
|move|p1a: Zapdos|Volt Switch|p2a: Great Tusk
|-immune|p2a: Great Tusk
|
|-weather|SunnyDay|[upkeep]
|upkeep
|turn|3
|
|t:|1758950524
|switch|p1a: Alomomola|Alomomola, M|100/100
|move|p2a: Great Tusk|Close Combat|p1a: Alomomola
|-damage|p1a: Alomomola|39/100
|-unboost|p2a: Great Tusk|def|1
|-unboost|p2a: Great Tusk|spd|1
|
|-weather|SunnyDay|[upkeep]
|upkeep
|turn|4
|
|t:|1758950532
|switch|p1a: Zapdos|Zapdos|76/100
|move|p2a: Great Tusk|Close Combat|p1a: Zapdos
|-resisted|p1a: Zapdos
|-damage|p1a: Zapdos|27/100
|-unboost|p2a: Great Tusk|def|1
|-unboost|p2a: Great Tusk|spd|1
|-status|p2a: Great Tusk|par|[from] ability: Static|[of] p1a: Zapdos
|
|-weather|SunnyDay|[upkeep]
|upkeep
|turn|5
|c|☆Golem Rising|-_-
|
|t:|1758950546
|move|p1a: Zapdos|Heat Wave|p2a: Great Tusk
|-damage|p2a: Great Tusk|0 fnt
|faint|p2a: Great Tusk
|-end|p2a: Great Tusk|Protosynthesis|[silent]
|
|-weather|SunnyDay|[upkeep]
|upkeep
|j|+Archfaewild
|
|t:|1758950551
|switch|p2a: Walking Wake|Walking Wake|100/100
|-activate|p2a: Walking Wake|ability: Protosynthesis
|-start|p2a: Walking Wake|protosynthesisspe
|turn|6
|
|t:|1758950572
|-terastallize|p2a: Walking Wake|Water
|move|p2a: Walking Wake|Hydro Steam|p1a: Zapdos
|-damage|p1a: Zapdos|0 fnt
|faint|p1a: Zapdos
|
|-weather|SunnyDay|[upkeep]
|upkeep
|
|t:|1758950624
|switch|p1a: Ogerpon|Ogerpon, F|100/100
|turn|7
|
|t:|1758950633
|-end|p2a: Walking Wake|Protosynthesis|[silent]
|switch|p2a: Slither Wing|Slither Wing|100/100
|-activate|p2a: Slither Wing|ability: Protosynthesis
|-start|p2a: Slither Wing|protosynthesisatk
|-terastallize|p1a: Ogerpon|Grass
|detailschange|p1a: Ogerpon|Ogerpon-Teal-Tera, F, tera:Grass
|-ability|p1a: Ogerpon|Embody Aspect (Teal)|boost
|-boost|p1a: Ogerpon|spe|1
|move|p1a: Ogerpon|Ivy Cudgel|p2a: Slither Wing
|-resisted|p2a: Slither Wing
|-damage|p2a: Slither Wing|63/100
|
|-weather|SunnyDay|[upkeep]
|upkeep
|turn|8
|
|t:|1758950644
|switch|p1a: Pecharunt|Pecharunt|100/100
|move|p2a: Slither Wing|U-turn|p1a: Pecharunt
|-resisted|p1a: Pecharunt
|-damage|p1a: Pecharunt|92/100
|
|t:|1758950650
|-end|p2a: Slither Wing|Protosynthesis|[silent]
|switch|p2a: Walking Wake|Walking Wake, tera:Water|100/100|[from] U-turn
|-activate|p2a: Walking Wake|ability: Protosynthesis
|-start|p2a: Walking Wake|protosynthesisspe
|
|-weather|none
|-end|p2a: Walking Wake|Protosynthesis
|upkeep
|turn|9
|
|t:|1758950660
|switch|p1a: Ogerpon|Ogerpon-Teal-Tera, F, tera:Grass|100/100
|-ability|p1a: Ogerpon|Embody Aspect (Teal)|boost
|-boost|p1a: Ogerpon|spe|1
|move|p2a: Walking Wake|Flip Turn|p1a: Ogerpon
|-resisted|p1a: Ogerpon
|-damage|p1a: Ogerpon|85/100
|
|t:|1758950667
|-end|p2a: Walking Wake|Protosynthesis|[silent]
|switch|p2a: Torkoal|Torkoal, F|100/100|[from] Flip Turn
|-weather|SunnyDay|[from] ability: Drought|[of] p2a: Torkoal
|
|-weather|SunnyDay|[upkeep]
|upkeep
|turn|10
|
|t:|1758950677
|switch|p1a: Alomomola|Alomomola, M|73/100
|move|p2a: Torkoal|Stealth Rock|p1a: Alomomola
|-sidestart|p1: Rabzzz|move: Stealth Rock
|
|-weather|SunnyDay|[upkeep]
|upkeep
|turn|11
|j| dorkman75
|
|t:|1758950687
|switch|p2a: Venusaur|Venusaur, M|100/100
|move|p1a: Alomomola|Wish|p1a: Alomomola
|
|-weather|SunnyDay|[upkeep]
|upkeep
|turn|12
|
|t:|1758950693
|switch|p1a: Hoopa|Hoopa-Unbound|100/100
|-damage|p1a: Hoopa|88/100|[from] Stealth Rock
|move|p2a: Venusaur|Growth|p2a: Venusaur
|-boost|p2a: Venusaur|atk|2
|-boost|p2a: Venusaur|spa|2
|
|-weather|SunnyDay|[upkeep]
|-heal|p1a: Hoopa|100/100|[from] move: Wish|[wisher] Alomomola
|upkeep
|turn|13
|
|t:|1758950707
|move|p2a: Venusaur|Weather Ball|p1a: Hoopa
|-damage|p1a: Hoopa|46/100
|-damage|p2a: Venusaur|91/100|[from] item: Life Orb
|move|p1a: Hoopa|Psychic Noise|p2a: Venusaur
|-supereffective|p2a: Venusaur
|-damage|p2a: Venusaur|0 fnt
|faint|p2a: Venusaur
|
|-weather|SunnyDay|[upkeep]
|upkeep
|
|t:|1758950717
|switch|p2a: Walking Wake|Walking Wake, tera:Water|100/100
|-activate|p2a: Walking Wake|ability: Protosynthesis
|-start|p2a: Walking Wake|protosynthesisspe
|turn|14
|
|t:|1758950742
|switch|p1a: Iron Treads|Iron Treads|100/100
|-damage|p1a: Iron Treads|97/100|[from] Stealth Rock
|move|p2a: Walking Wake|Hydro Steam|p1a: Iron Treads
|-supereffective|p1a: Iron Treads
|-damage|p1a: Iron Treads|0 fnt
|faint|p1a: Iron Treads
|-end|p1a: Iron Treads|Quark Drive|[silent]
|
|-weather|SunnyDay|[upkeep]
|upkeep
|
|t:|1758950751
|switch|p1a: Ogerpon|Ogerpon-Teal-Tera, F, tera:Grass|85/100
|-ability|p1a: Ogerpon|Embody Aspect (Teal)|boost
|-boost|p1a: Ogerpon|spe|1
|turn|15
|
|t:|1758950760
|switch|p1a: Alomomola|Alomomola, M|100/100
|-end|p2a: Walking Wake|Protosynthesis|[silent]
|switch|p2a: Goodra|Goodra-Hisui, M|100/100
|
|-weather|SunnyDay|[upkeep]
|upkeep
|turn|16
|
|t:|1758950767
|move|p2a: Goodra|Dragon Pulse|p1a: Alomomola
|-damage|p1a: Alomomola|52/100
|move|p1a: Alomomola|Wish|p1a: Alomomola
|
|-weather|none
|upkeep
|turn|17
|
|t:|1758950774
|switch|p1a: Hoopa|Hoopa-Unbound|46/100
|-damage|p1a: Hoopa|33/100|[from] Stealth Rock
|move|p2a: Goodra|Dragon Pulse|p1a: Hoopa
|-damage|p1a: Hoopa|9/100
|
|-heal|p1a: Hoopa|83/100|[from] move: Wish|[wisher] Alomomola
|upkeep
|turn|18
|
|t:|1758950786
|move|p1a: Hoopa|Drain Punch|p2a: Goodra
|-supereffective|p2a: Goodra
|-damage|p2a: Goodra|53/100
|-heal|p1a: Hoopa|100/100|[from] drain|[of] p2a: Goodra
|-ability|p2a: Goodra|Gooey
|-unboost|p1a: Hoopa|spe|1
|move|p2a: Goodra|Dragon Pulse|p1a: Hoopa
|-damage|p1a: Hoopa|80/100
|
|upkeep
|turn|19
|
|t:|1758950806
|move|p2a: Goodra|Dragon Pulse|p1a: Hoopa
|-damage|p1a: Hoopa|59/100
|move|p1a: Hoopa|Psychic Noise|p2a: Goodra
|-resisted|p2a: Goodra
|-damage|p2a: Goodra|43/100
|-start|p2a: Goodra|move: Heal Block
|
|upkeep
|turn|20
|
|t:|1758950814
|switch|p2a: Slither Wing|Slither Wing|63/100
|move|p1a: Hoopa|Drain Punch|p2a: Slither Wing
|-resisted|p2a: Slither Wing
|-damage|p2a: Slither Wing|48/100
|-heal|p1a: Hoopa|66/100|[from] drain|[of] p2a: Slither Wing
|
|upkeep
|turn|21
|
|t:|1758950827
|switch|p1a: Alomomola|Alomomola, M|86/100
|move|p2a: Slither Wing|U-turn|p1a: Alomomola
|-damage|p1a: Alomomola|52/100
|
|t:|1758950834
|-end|p2a: Slither Wing|Protosynthesis|[silent]
|switch|p2a: Walking Wake|Walking Wake, tera:Water|100/100|[from] U-turn
|
|upkeep
|turn|22
|
|t:|1758950839
|move|p1a: Alomomola|Protect|p1a: Alomomola
|-singleturn|p1a: Alomomola|Protect
|move|p2a: Walking Wake|Dragon Pulse|p1a: Alomomola
|-activate|p1a: Alomomola|move: Protect
|
|upkeep
|turn|23
|l|+Archfaewild
|
|t:|1758950850
|move|p2a: Walking Wake|Dragon Pulse|p1a: Alomomola
|-damage|p1a: Alomomola|0 fnt
|faint|p1a: Alomomola
|
|upkeep
|
|t:|1758950853
|switch|p1a: Ogerpon|Ogerpon-Teal-Tera, F, tera:Grass|85/100
|-ability|p1a: Ogerpon|Embody Aspect (Teal)|boost
|-boost|p1a: Ogerpon|spe|1
|turn|24
|
|t:|1758950861
|switch|p1a: Hoopa|Hoopa-Unbound|66/100
|-damage|p1a: Hoopa|54/100|[from] Stealth Rock
|-end|p2a: Walking Wake|Protosynthesis|[silent]
|switch|p2a: Torkoal|Torkoal, F|100/100
|-weather|SunnyDay|[from] ability: Drought|[of] p2a: Torkoal
|
|-weather|SunnyDay|[upkeep]
|upkeep
|turn|25
|
|t:|1758950870
|switch|p2a: Goodra|Goodra-Hisui, M|43/100
|move|p1a: Hoopa|Psychic Noise|p2a: Goodra
|-resisted|p2a: Goodra
|-damage|p2a: Goodra|32/100
|-start|p2a: Goodra|move: Heal Block
|
|-weather|SunnyDay|[upkeep]
|upkeep
|turn|26
|
|t:|1758950880
|switch|p2a: Slither Wing|Slither Wing|48/100
|-activate|p2a: Slither Wing|ability: Protosynthesis
|-start|p2a: Slither Wing|protosynthesisatk
|move|p1a: Hoopa|Drain Punch|p2a: Slither Wing
|-resisted|p2a: Slither Wing
|-damage|p2a: Slither Wing|31/100
|-heal|p1a: Hoopa|62/100|[from] drain|[of] p2a: Slither Wing
|
|-weather|SunnyDay|[upkeep]
|upkeep
|turn|27
|
|t:|1758950890
|switch|p1a: Pecharunt|Pecharunt|92/100
|move|p2a: Slither Wing|U-turn|p1a: Pecharunt
|-resisted|p1a: Pecharunt
|-damage|p1a: Pecharunt|82/100
|
|t:|1758950895
|-end|p2a: Slither Wing|Protosynthesis|[silent]
|switch|p2a: Walking Wake|Walking Wake, tera:Water|100/100|[from] U-turn
|-activate|p2a: Walking Wake|ability: Protosynthesis
|-start|p2a: Walking Wake|protosynthesisspe
|
|-weather|SunnyDay|[upkeep]
|upkeep
|turn|28
|
|t:|1758950911
|switch|p1a: Ogerpon|Ogerpon-Teal-Tera, F, tera:Grass|85/100
|-ability|p1a: Ogerpon|Embody Aspect (Teal)|boost
|-boost|p1a: Ogerpon|spe|1
|move|p2a: Walking Wake|Hydro Steam|p1a: Ogerpon
|-resisted|p1a: Ogerpon
|-damage|p1a: Ogerpon|14/100
|
|-weather|SunnyDay|[upkeep]
|upkeep
|turn|29
|
|t:|1758950931
|-end|p2a: Walking Wake|Protosynthesis|[silent]
|switch|p2a: Torkoal|Torkoal, F|100/100
|move|p1a: Ogerpon|Ivy Cudgel|p2a: Torkoal
|-resisted|p2a: Torkoal
|-crit|p2a: Torkoal
|-damage|p2a: Torkoal|73/100
|
|-weather|SunnyDay|[upkeep]
|upkeep
|turn|30
|
|t:|1758950943
|switch|p1a: Hoopa|Hoopa-Unbound|62/100
|-damage|p1a: Hoopa|50/100|[from] Stealth Rock
|move|p2a: Torkoal|Lava Plume|p1a: Hoopa
|-damage|p1a: Hoopa|31/100
|
|-weather|SunnyDay|[upkeep]
|upkeep
|turn|31
|
|t:|1758950951
|switch|p2a: Goodra|Goodra-Hisui, M|32/100
|move|p1a: Hoopa|Drain Punch|p2a: Goodra
|-supereffective|p2a: Goodra
|-damage|p2a: Goodra|0 fnt
|-heal|p1a: Hoopa|47/100|[from] drain|[of] p2a: Goodra
|-ability|p2a: Goodra|Gooey
|-unboost|p1a: Hoopa|spe|1
|faint|p2a: Goodra
|
|-weather|none
|upkeep
|
|t:|1758950962
|switch|p2a: Slither Wing|Slither Wing|31/100
|turn|32
|
|t:|1758950974
|switch|p1a: Pecharunt|Pecharunt|82/100
|move|p2a: Slither Wing|U-turn|p1a: Pecharunt
|-resisted|p1a: Pecharunt
|-damage|p1a: Pecharunt|75/100
|
|t:|1758950979
|-end|p2a: Slither Wing|Protosynthesis|[silent]
|switch|p2a: Torkoal|Torkoal, F|73/100|[from] U-turn
|-weather|SunnyDay|[from] ability: Drought|[of] p2a: Torkoal
|
|-weather|SunnyDay|[upkeep]
|upkeep
|turn|33
|
|t:|1758950991
|switch|p2a: Slither Wing|Slither Wing|31/100
|-activate|p2a: Slither Wing|ability: Protosynthesis
|-start|p2a: Slither Wing|protosynthesisatk
|move|p1a: Pecharunt|Malignant Chain|p2a: Slither Wing
|-damage|p2a: Slither Wing|2/100
|-status|p2a: Slither Wing|tox
|-start|p2a: Slither Wing|confusion|[from] ability: Poison Puppeteer|[of] p1a: Pecharunt
|
|-weather|SunnyDay|[upkeep]
|-damage|p2a: Slither Wing|0 fnt|[from] psn
|faint|p2a: Slither Wing
|-end|p2a: Slither Wing|Protosynthesis|[silent]
|upkeep
|
|t:|1758951004
|switch|p2a: Walking Wake|Walking Wake, tera:Water|100/100
|-activate|p2a: Walking Wake|ability: Protosynthesis
|-start|p2a: Walking Wake|protosynthesisspe
|turn|34
|
|t:|1758951012
|move|p2a: Walking Wake|Hydro Steam|p1a: Pecharunt
|-damage|p1a: Pecharunt|0 fnt
|faint|p1a: Pecharunt
|
|-weather|SunnyDay|[upkeep]
|upkeep
|
|t:|1758951018
|switch|p1a: Ogerpon|Ogerpon-Teal-Tera, F, tera:Grass|14/100
|-ability|p1a: Ogerpon|Embody Aspect (Teal)|boost
|-boost|p1a: Ogerpon|spe|1
|turn|35
|
|t:|1758951024
|move|p1a: Ogerpon|Ivy Cudgel|p2a: Walking Wake
|-supereffective|p2a: Walking Wake
|-crit|p2a: Walking Wake
|-damage|p2a: Walking Wake|0 fnt
|faint|p2a: Walking Wake
|-end|p2a: Walking Wake|Protosynthesis|[silent]
|
|-weather|SunnyDay|[upkeep]
|upkeep
|
|t:|1758951029
|switch|p2a: Torkoal|Torkoal, F|73/100
|turn|36
|
|t:|1758951035
|move|p1a: Ogerpon|Stomping Tantrum|p2a: Torkoal
|-supereffective|p2a: Torkoal
|-damage|p2a: Torkoal|45/100
|move|p2a: Torkoal|Body Press|p1a: Ogerpon
|-damage|p1a: Ogerpon|0 fnt
|faint|p1a: Ogerpon
|detailschange|p1: Ogerpon|Ogerpon, F|[silent]
|
|-weather|SunnyDay|[upkeep]
|upkeep
|
|t:|1758951043
|switch|p1a: Hoopa|Hoopa-Unbound|47/100
|-damage|p1a: Hoopa|35/100|[from] Stealth Rock
|turn|37
|
|t:|1758951047
|move|p1a: Hoopa|Psychic Noise|p2a: Torkoal
|-damage|p2a: Torkoal|0 fnt
|faint|p2a: Torkoal
|
|win|Rabzzz
|raw|Rabzzz's rating: 1666 &rarr; <strong>1686</strong><br />(+20 for winning)
|raw|Golem Rising's rating: 1671 &rarr; <strong>1651</strong><br />(-20 for losing)
|c|☆Rabzzz|gg
|l|☆Golem Rising
|player|p2|
|c|☆Rabzzz|idk how i won that lol
