|j|☆Daxten02
|j|☆sml shrek
|t:|1759033868
|gametype|singles
|player|p1|Daxten02|drayden|1394
|player|p2|sml shrek|hiker-gen4|1433
|gen|9
|tier|[Gen 9] OU
|rated|
|rule|HP Percentage Mod: HP is shown in percentages
|rule|Endless Battle Clause: Forcing endless battles is banned
|rule|Species Clause: Limit one of each Pokémon
|rule|OHKO Clause: OHKO moves are banned
|rule|Evasion Items Clause: Evasion items are banned
|rule|Evasion Moves Clause: Evasion moves are banned
|rule|Evasion Abilities Clause: Evasion abilities are banned
|rule|Sleep Moves Clause: Sleep-inducing moves are banned
|clearpoke
|poke|p1|Scizor, M|
|poke|p1|Zoroark-Hisui, M|
|poke|p1|Regidrago|
|poke|p1|Ursaluna, F|
|poke|p1|Sinistcha|
|poke|p1|Iron Valiant|
|poke|p2|Ribombee, F|
|poke|p2|Cinderace, F|
|poke|p2|Great Tusk|
|poke|p2|Ting-Lu|
|poke|p2|Gholdengo|
|poke|p2|Sinistcha-Masterpiece|
|teampreview
|inactive|Battle timer is ON: inactive players will automatically lose when time's up. (requested by sml shrek)
|inactive|Daxten02 has 120 seconds left.
|
|t:|1759033910
|teamsize|p1|6
|teamsize|p2|6
|start
|switch|p1a: Iron Valiant|Iron Valiant, shiny|100/100
|switch|p2a: Ribombee|Ribombee, F, shiny|100/100
|turn|1
|
|t:|1759033920
|move|p2a: Ribombee|Sticky Web|p1a: Iron Valiant
|-sidestart|p1: Daxten02|move: Sticky Web
|move|p1a: Iron Valiant|Flamethrower|p2a: Ribombee
|-supereffective|p2a: Ribombee
|-damage|p2a: Ribombee|21/100
|
|upkeep
|turn|2
|
|t:|1759033928
|move|p2a: Ribombee|Moonblast|p1a: Iron Valiant
|-damage|p1a: Iron Valiant|41/100
|replace|p1a: Zoroark|Zoroark-Hisui, M
|-end|p1a: Zoroark|Illusion
|move|p1a: Zoroark|Hyper Voice|p2a: Ribombee
|-damage|p2a: Ribombee|0 fnt
|faint|p2a: Ribombee
|
|upkeep
|
|t:|1759033942
|switch|p2a: Ting-Lu|Ting-Lu|100/100
|-ability|p2a: Ting-Lu|Vessel of Ruin
|turn|3
|
|t:|1759033949
|move|p1a: Zoroark|Will-O-Wisp|p2a: Ting-Lu
|-status|p2a: Ting-Lu|brn
|move|p2a: Ting-Lu|Stealth Rock|p1a: Zoroark
|-sidestart|p1: Daxten02|move: Stealth Rock
|
|-damage|p2a: Ting-Lu|94/100 brn|[from] brn
|upkeep
|turn|4
|
|t:|1759033960
|move|p1a: Zoroark|Hyper Voice|p2a: Ting-Lu
|-damage|p2a: Ting-Lu|74/100 brn
|move|p2a: Ting-Lu|Spikes|p1a: Zoroark
|-sidestart|p1: Daxten02|Spikes
|
|-heal|p2a: Ting-Lu|81/100 brn|[from] item: Leftovers
|-damage|p2a: Ting-Lu|74/100 brn|[from] brn
|upkeep
|turn|5
|inactive|Daxten02 has 120 seconds left.
|
|t:|1759033998
|switch|p1a: Sinistcha|Sinistcha, shiny|100/100
|-activate|p1a: Sinistcha|move: Sticky Web
|-unboost|p1a: Sinistcha|spe|1
|-damage|p1a: Sinistcha|88/100|[from] Stealth Rock
|-damage|p1a: Sinistcha|76/100|[from] Spikes
|move|p2a: Ting-Lu|Spikes|p1a: Sinistcha
|-sidestart|p1: Daxten02|Spikes
|
|-heal|p2a: Ting-Lu|81/100 brn|[from] item: Leftovers
|-damage|p2a: Ting-Lu|74/100 brn|[from] brn
|upkeep
|turn|6
|inactive|Daxten02 has 120 seconds left.
|
|t:|1759034010
|move|p2a: Ting-Lu|Spikes|p1a: Sinistcha
|-sidestart|p1: Daxten02|Spikes
|move|p1a: Sinistcha|Strength Sap|p2a: Ting-Lu
|-unboost|p2a: Ting-Lu|atk|1
|-heal|p1a: Sinistcha|100/100
|
|-heal|p2a: Ting-Lu|81/100 brn|[from] item: Leftovers
|-damage|p2a: Ting-Lu|74/100 brn|[from] brn
|upkeep
|turn|7
|inactive|Daxten02 has 120 seconds left.
|
|t:|1759034022
|move|p1a: Sinistcha|Matcha Gotcha|p2a: Ting-Lu
|-supereffective|p2a: Ting-Lu
|-damage|p2a: Ting-Lu|40/100 brn
|move|p2a: Ting-Lu|Whirlwind|p1a: Sinistcha
|drag|p1a: Ursaluna|Ursaluna, F, shiny|100/100
|-activate|p1a: Ursaluna|move: Sticky Web
|-unboost|p1a: Ursaluna|spe|1
|-damage|p1a: Ursaluna|94/100|[from] Stealth Rock
|-damage|p1a: Ursaluna|70/100|[from] Spikes
|
|-heal|p2a: Ting-Lu|46/100 brn|[from] item: Leftovers
|-damage|p2a: Ting-Lu|40/100 brn|[from] brn
|-status|p1a: Ursaluna|brn|[from] item: Flame Orb
|upkeep
|turn|8
|inactive|Daxten02 has 120 seconds left.
|
|t:|1759034047
|move|p1a: Ursaluna|Earthquake|p2a: Ting-Lu
|-damage|p2a: Ting-Lu|0 fnt
|faint|p2a: Ting-Lu
|
|-damage|p1a: Ursaluna|64/100 brn|[from] brn
|upkeep
|
|t:|1759034065
|switch|p2a: Great Tusk|Great Tusk|100/100
|turn|9
|
|t:|1759034087
|switch|p1a: Sinistcha|Sinistcha, shiny|100/100
|-activate|p1a: Sinistcha|move: Sticky Web
|-unboost|p1a: Sinistcha|spe|1
|-damage|p1a: Sinistcha|88/100|[from] Stealth Rock
|-damage|p1a: Sinistcha|63/100|[from] Spikes
|move|p2a: Great Tusk|Headlong Rush|p1a: Sinistcha
|-resisted|p1a: Sinistcha
|-damage|p1a: Sinistcha|35/100
|-unboost|p2a: Great Tusk|def|1
|-unboost|p2a: Great Tusk|spd|1
|-damage|p2a: Great Tusk|84/100|[from] item: Rocky Helmet|[of] p1a: Sinistcha
|
|upkeep
|turn|10
|
|t:|1759034100
|move|p2a: Great Tusk|Knock Off|p1a: Sinistcha
|-supereffective|p1a: Sinistcha
|-damage|p1a: Sinistcha|0 fnt
|-damage|p2a: Great Tusk|67/100|[from] item: Rocky Helmet|[of] p1a: Sinistcha
|-enditem|p1a: Sinistcha|Rocky Helmet|[from] move: Knock Off|[of] p2a: Great Tusk
|faint|p1a: Sinistcha
|
|upkeep
|
|t:|1759034113
|switch|p1a: Iron Valiant|Iron Valiant, shiny|41/100
|-activate|p1a: Iron Valiant|move: Sticky Web
|-unboost|p1a: Iron Valiant|spe|1
|-damage|p1a: Iron Valiant|28/100|[from] Stealth Rock
|-damage|p1a: Iron Valiant|4/100|[from] Spikes
|turn|11
|
|t:|1759034123
|move|p2a: Great Tusk|Knock Off|p1a: Iron Valiant
|-supereffective|p1a: Iron Valiant
|-damage|p1a: Iron Valiant|0 fnt
|replace|p1a: Zoroark|Zoroark-Hisui, M
|-end|p1a: Zoroark|Illusion
|-enditem|p1a: Zoroark|Focus Sash|[from] move: Knock Off|[of] p2a: Great Tusk
|faint|p1a: Zoroark
|
|upkeep
|inactive|Daxten02 has 90 seconds left.
|
|t:|1759034167
|switch|p1a: Iron Valiant|Iron Valiant, shiny|100/100
|-activate|p1a: Iron Valiant|move: Sticky Web
|-unboost|p1a: Iron Valiant|spe|1
|-damage|p1a: Iron Valiant|94/100|[from] Stealth Rock
|-damage|p1a: Iron Valiant|69/100|[from] Spikes
|-enditem|p1a: Iron Valiant|Booster Energy
|-activate|p1a: Iron Valiant|ability: Quark Drive|[fromitem]
|-start|p1a: Iron Valiant|quarkdriveatk
|turn|12
|
|t:|1759034180
|move|p2a: Great Tusk|Headlong Rush|p1a: Iron Valiant
|-damage|p1a: Iron Valiant|0 fnt
|-unboost|p2a: Great Tusk|def|1
|-unboost|p2a: Great Tusk|spd|1
|faint|p1a: Iron Valiant
|-end|p1a: Iron Valiant|Quark Drive|[silent]
|
|upkeep
|
|t:|1759034187
|switch|p1a: Scizor|Scizor, M|100/100
|-activate|p1a: Scizor|move: Sticky Web
|-unboost|p1a: Scizor|spe|1
|-damage|p1a: Scizor|88/100|[from] Stealth Rock
|-damage|p1a: Scizor|63/100|[from] Spikes
|turn|13
|
|t:|1759034197
|-end|p2a: Great Tusk|Protosynthesis|[silent]
|switch|p2a: Gholdengo|Gholdengo|100/100
|-item|p2a: Gholdengo|Air Balloon
|move|p1a: Scizor|Bullet Punch|p2a: Gholdengo
|-resisted|p2a: Gholdengo
|-damage|p2a: Gholdengo|73/100
|-enditem|p2a: Gholdengo|Air Balloon
|-damage|p1a: Scizor|54/100|[from] item: Life Orb
|
|upkeep
|turn|14
|
|t:|1759034211
|move|p2a: Gholdengo|Shadow Ball|p1a: Scizor
|-crit|p1a: Scizor
|-damage|p1a: Scizor|0 fnt
|faint|p1a: Scizor
|
|upkeep
|inactive|Daxten02 has 60 seconds left.
|inactive|Daxten02 has 30 seconds left.
|
|t:|1759034252
|switch|p1a: Regidrago|Regidrago, shiny|100/100
|-activate|p1a: Regidrago|move: Sticky Web
|-unboost|p1a: Regidrago|spe|1
|-damage|p1a: Regidrago|88/100|[from] Stealth Rock
|-damage|p1a: Regidrago|63/100|[from] Spikes
|turn|15
|inactive|Daxten02 has 30 seconds left.
|
|t:|1759034272
|move|p2a: Gholdengo|Make It Rain|p1a: Regidrago
|-damage|p1a: Regidrago|0 fnt
|-unboost|p2a: Gholdengo|spa|1
|faint|p1a: Regidrago
|
|upkeep
|inactive|Daxten02 has 30 seconds left this turn.
|
|t:|1759034279
|switch|p1a: Ursaluna|Ursaluna, F, shiny|64/100 brn
|-activate|p1a: Ursaluna|move: Sticky Web
|-unboost|p1a: Ursaluna|spe|1
|-damage|p1a: Ursaluna|58/100 brn|[from] Stealth Rock
|-damage|p1a: Ursaluna|33/100 brn|[from] Spikes
|turn|16
|-message|Daxten02 forfeited.
|
|win|sml shrek
|raw|Daxten02's rating: 1394 &rarr; <strong>1376</strong><br />(-18 for losing)
|raw|sml shrek's rating: 1433 &rarr; <strong>1451</strong><br />(+18 for winning)
|l|☆Daxten02
|player|p1|
|l|☆sml shrek
|player|p2|
