|j|☆JD Doggin'
|j|☆Zero to still Zero
|t:|1759076256
|gametype|singles
|player|p1|JD Doggin'|101|1219
|player|p2|Zero to still Zero|archer|1224
|gen|9
|tier|[Gen 9] OU
|rated|
|rule|HP Percentage Mod: HP is shown in percentages
|rule|Endless Battle Clause: Forcing endless battles is banned
|rule|Species Clause: Limit one of each Pokémon
|rule|OHKO Clause: OHKO moves are banned
|rule|Evasion Items Clause: Evasion items are banned
|rule|Evasion Moves Clause: Evasion moves are banned
|rule|Evasion Abilities Clause: Evasion abilities are banned
|rule|Sleep Moves Clause: Sleep-inducing moves are banned
|clearpoke
|poke|p1|Entei|
|poke|p1|Hawlucha, M|
|poke|p1|Reuniclus, M|
|poke|p1|Ting-Lu|
|poke|p1|Darkrai|
|poke|p1|Volcanion|
|poke|p2|Tyranitar, F|
|poke|p2|Excadrill, M|
|poke|p2|Landorus-Therian, M|
|poke|p2|Corviknight, F|
|poke|p2|Dragonite, F|
|poke|p2|Raging Bolt|
|teampreview
|
|t:|1759076269
|teamsize|p1|6
|teamsize|p2|6
|start
|switch|p1a: Volcanion|Volcanion|100/100
|switch|p2a: Dragonite|Dragonite, F|100/100
|turn|1
|
|t:|1759076278
|move|p2a: Dragonite|Dragon Dance|p2a: Dragonite
|-boost|p2a: Dragonite|atk|1
|-boost|p2a: Dragonite|spe|1
|move|p1a: Volcanion|Will-O-Wisp|p2a: Dragonite
|-status|p2a: Dragonite|brn
|
|-damage|p2a: Dragonite|94/100 brn|[from] brn
|upkeep
|turn|2
|
|t:|1759076287
|switch|p1a: Ting-Lu|Ting-Lu, shiny|100/100
|-ability|p1a: Ting-Lu|Vessel of Ruin
|move|p2a: Dragonite|Dragon Dance|p2a: Dragonite
|-boost|p2a: Dragonite|atk|1
|-boost|p2a: Dragonite|spe|1
|
|-heal|p2a: Dragonite|100/100 brn|[from] item: Leftovers
|-damage|p2a: Dragonite|94/100 brn|[from] brn
|upkeep
|turn|3
|
|t:|1759076292
|move|p2a: Dragonite|Dragon Dance|p2a: Dragonite
|-boost|p2a: Dragonite|atk|1
|-boost|p2a: Dragonite|spe|1
|move|p1a: Ting-Lu|Stealth Rock|p2a: Dragonite
|-sidestart|p2: Zero to still Zero|move: Stealth Rock
|
|-heal|p2a: Dragonite|100/100 brn|[from] item: Leftovers
|-damage|p2a: Dragonite|94/100 brn|[from] brn
|upkeep
|turn|4
|
|t:|1759076298
|move|p2a: Dragonite|Dragon Dance|p2a: Dragonite
|-boost|p2a: Dragonite|atk|1
|-boost|p2a: Dragonite|spe|1
|move|p1a: Ting-Lu|Whirlwind|p2a: Dragonite
|drag|p2a: Excadrill|Excadrill, M|100/100
|-damage|p2a: Excadrill|97/100|[from] Stealth Rock
|
|upkeep
|turn|5
|c|☆Zero to still Zero|I keep forgetting ting lu gets that
|c|☆Zero to still Zero|why?????
|
|t:|1759076322
|move|p2a: Excadrill|Earthquake|p1a: Ting-Lu
|-damage|p1a: Ting-Lu|53/100
|move|p1a: Ting-Lu|Earthquake|p2a: Excadrill
|-supereffective|p2a: Excadrill
|-damage|p2a: Excadrill|0 fnt
|faint|p2a: Excadrill
|
|-heal|p1a: Ting-Lu|59/100|[from] item: Leftovers
|upkeep
|
|t:|1759076333
|switch|p2a: Landorus|Landorus-Therian, M|100/100
|-damage|p2a: Landorus|88/100|[from] Stealth Rock
|-ability|p2a: Landorus|Intimidate|boost
|-unboost|p1a: Ting-Lu|atk|1
|turn|6
|
|t:|1759076340
|-terastallize|p2a: Landorus|Ground
|move|p2a: Landorus|Earthquake|p1a: Ting-Lu
|-damage|p1a: Ting-Lu|6/100
|-damage|p2a: Landorus|79/100|[from] item: Life Orb
|move|p1a: Ting-Lu|Ruination|p2a: Landorus
|-damage|p2a: Landorus|40/100
|
|-heal|p1a: Ting-Lu|13/100|[from] item: Leftovers
|upkeep
|turn|7
|
|t:|1759076346
|move|p2a: Landorus|Earthquake|p1a: Ting-Lu
|-damage|p1a: Ting-Lu|0 fnt
|faint|p1a: Ting-Lu
|-damage|p2a: Landorus|30/100|[from] item: Life Orb
|
|upkeep
|
|t:|1759076351
|switch|p1a: Entei|Entei, shiny|100/100
|turn|8
|
|t:|1759076356
|switch|p2a: Corviknight|Corviknight, F|100/100
|-ability|p2a: Corviknight|Pressure
|move|p1a: Entei|Eruption|p2a: Corviknight
|-supereffective|p2a: Corviknight
|-damage|p2a: Corviknight|0 fnt
|faint|p2a: Corviknight
|
|upkeep
|
|t:|1759076365
|switch|p2a: Raging Bolt|Raging Bolt|100/100
|-damage|p2a: Raging Bolt|88/100|[from] Stealth Rock
|-enditem|p2a: Raging Bolt|Booster Energy
|-activate|p2a: Raging Bolt|ability: Protosynthesis|[fromitem]
|-start|p2a: Raging Bolt|protosynthesisspa
|turn|9
|
|t:|1759076375
|move|p1a: Entei|Sacred Fire|p2a: Raging Bolt
|-resisted|p2a: Raging Bolt
|-damage|p2a: Raging Bolt|71/100
|-status|p2a: Raging Bolt|brn
|move|p2a: Raging Bolt|Calm Mind|p2a: Raging Bolt
|-boost|p2a: Raging Bolt|spa|1
|-boost|p2a: Raging Bolt|spd|1
|
|-damage|p2a: Raging Bolt|65/100 brn|[from] brn
|upkeep
|turn|10
|
|t:|1759076380
|move|p1a: Entei|Stone Edge|p2a: Raging Bolt
|-damage|p2a: Raging Bolt|44/100 brn
|move|p2a: Raging Bolt|Calm Mind|p2a: Raging Bolt
|-boost|p2a: Raging Bolt|spa|1
|-boost|p2a: Raging Bolt|spd|1
|
|-damage|p2a: Raging Bolt|38/100 brn|[from] brn
|upkeep
|turn|11
|
|t:|1759076387
|move|p1a: Entei|Extreme Speed|p2a: Raging Bolt
|-damage|p2a: Raging Bolt|21/100 brn
|move|p2a: Raging Bolt|Thunderclap||[still]
|-fail|p2a: Raging Bolt
|
|-damage|p2a: Raging Bolt|15/100 brn|[from] brn
|upkeep
|turn|12
|
|t:|1759076396
|move|p1a: Entei|Extreme Speed|p2a: Raging Bolt
|-damage|p2a: Raging Bolt|0 fnt
|faint|p2a: Raging Bolt
|-end|p2a: Raging Bolt|Protosynthesis|[silent]
|
|upkeep
|c|☆Zero to still Zero|I hate how you timed that
|
|t:|1759076416
|switch|p2a: Landorus|Landorus-Therian, M, tera:Ground|30/100
|-damage|p2a: Landorus|24/100|[from] Stealth Rock
|-ability|p2a: Landorus|Intimidate|boost
|-fail|p1a: Entei|unboost|Attack|[from] ability: Inner Focus|[of] p1a: Entei
|turn|13
|
|t:|1759076429
|move|p1a: Entei|Eruption|p2a: Landorus
|-damage|p2a: Landorus|0 fnt
|faint|p2a: Landorus
|
|upkeep
|c|☆Zero to still Zero|???
|c|☆Zero to still Zero|Aughh
|c|☆JD Doggin'|Hey bro sick team
|
|t:|1759076452
|switch|p2a: Tyranitar|Tyranitar, F|100/100
|-damage|p2a: Tyranitar|88/100|[from] Stealth Rock
|-weather|Sandstorm|[from] ability: Sand Stream|[of] p2a: Tyranitar
|turn|14
|c|☆Zero to still Zero|sarcastic or nah?
|c|☆Zero to still Zero|its hard to tell in text
|
|t:|1759076483
|switch|p1a: Hawlucha|Hawlucha, M, shiny|100/100
|-ability|p1a: Hawlucha|Mold Breaker
|move|p2a: Tyranitar|Earthquake|p1a: Hawlucha
|-immune|p1a: Hawlucha
|
|-weather|Sandstorm|[upkeep]
|-damage|p1a: Hawlucha|94/100|[from] Sandstorm
|upkeep
|turn|15
|c|☆JD Doggin'|My son wanted to say something way different but he is 7
|
|t:|1759076492
|move|p1a: Hawlucha|Drain Punch|p2a: Tyranitar
|-supereffective|p2a: Tyranitar
|-damage|p2a: Tyranitar|0 fnt
|-heal|p1a: Hawlucha|100/100|[from] drain|[of] p2a: Tyranitar
|faint|p2a: Tyranitar
|
|-weather|Sandstorm|[upkeep]
|-damage|p1a: Hawlucha|94/100|[from] Sandstorm
|upkeep
|c|☆Zero to still Zero|huh
|
|t:|1759076507
|switch|p2a: Dragonite|Dragonite, F|94/100 brn
|-damage|p2a: Dragonite|69/100 brn|[from] Stealth Rock
|turn|16
|c|☆Zero to still Zero|your son is watching you play?
|
|t:|1759076528
|move|p1a: Hawlucha|Drain Punch|p2a: Dragonite
|-resisted|p2a: Dragonite
|-damage|p2a: Dragonite|54/100 brn
|-heal|p1a: Hawlucha|100/100|[from] drain|[of] p2a: Dragonite
|move|p2a: Dragonite|Ice Spinner|p1a: Hawlucha
|-supereffective|p1a: Hawlucha
|-damage|p1a: Hawlucha|68/100
|-damage|p2a: Dragonite|37/100 brn|[from] item: Rocky Helmet|[of] p1a: Hawlucha
|
|-weather|Sandstorm|[upkeep]
|-damage|p1a: Hawlucha|62/100|[from] Sandstorm
|-damage|p2a: Dragonite|31/100 brn|[from] Sandstorm
|-heal|p2a: Dragonite|37/100 brn|[from] item: Leftovers
|-damage|p2a: Dragonite|31/100 brn|[from] brn
|upkeep
|turn|17
|c|☆JD Doggin'|yep he made the team
|
|t:|1759076542
|move|p1a: Hawlucha|Encore|p2a: Dragonite
|-start|p2a: Dragonite|Encore
|move|p2a: Dragonite|Ice Spinner|p1a: Hawlucha
|-supereffective|p1a: Hawlucha
|-damage|p1a: Hawlucha|32/100
|-damage|p2a: Dragonite|14/100 brn|[from] item: Rocky Helmet|[of] p1a: Hawlucha
|
|-weather|Sandstorm|[upkeep]
|-damage|p1a: Hawlucha|25/100|[from] Sandstorm
|-damage|p2a: Dragonite|8/100 brn|[from] Sandstorm
|-heal|p2a: Dragonite|14/100 brn|[from] item: Leftovers
|-damage|p2a: Dragonite|8/100 brn|[from] brn
|upkeep
|turn|18
|c|☆Zero to still Zero|He did a nice job
|c|☆JD Doggin'|thx man
|c|☆JD Doggin'|gl in future matches
|c|☆Zero to still Zero|you too
|
|t:|1759076559
|move|p1a: Hawlucha|Drain Punch|p2a: Dragonite
|-resisted|p2a: Dragonite
|-damage|p2a: Dragonite|0 fnt
|-heal|p1a: Hawlucha|30/100|[from] drain|[of] p2a: Dragonite
|faint|p2a: Dragonite
|
|win|JD Doggin'
|raw|JD Doggin&apos;'s rating: 1219 &rarr; <strong>1244</strong><br />(+25 for winning)
|raw|Zero to still Zero's rating: 1224 &rarr; <strong>1199</strong><br />(-25 for losing)
|c|☆Zero to still Zero|gg
