|badge|p2|bronze|gen9ou|100-6
|html|<div class="broadcast-red"><strong>This battle is required to be public due to one or more player having a season medal.</strong><br />During the public phase, you can discuss the state of the ladder <a href="/seasondiscussion">in a special chatroom.</a></div>
|uhtml|medal-msg|<div class="broadcast-blue">Curious what those medals under the avatar are? PS now has Ladder Seasons! For more information, check out the <a href="https://www.smogon.com/forums/threads/3740067/">thread on Smogon.</a></div>
|raw|<div class="broadcast-blue"><strong>This battle is required to be public due to a player having a name starting with 'medal'.</div>
|j|☆gravelerock
|j|☆Ladder Historian
|t:|1759037573
|gametype|singles
|player|p1|gravelerock|102|1547
|player|p2|Ladder Historian|170|1844
|gen|9
|tier|[Gen 9] OU
|rated|
|rule|HP Percentage Mod: HP is shown in percentages
|rule|Endless Battle Clause: Forcing endless battles is banned
|rule|Species Clause: Limit one of each Pokémon
|rule|OHKO Clause: OHKO moves are banned
|rule|Evasion Items Clause: Evasion items are banned
|rule|Evasion Moves Clause: Evasion moves are banned
|rule|Evasion Abilities Clause: Evasion abilities are banned
|rule|Sleep Moves Clause: Sleep-inducing moves are banned
|clearpoke
|poke|p1|Rotom-Wash|
|poke|p1|Dragapult, M|
|poke|p1|Iron Treads|
|poke|p1|Clefable, F|
|poke|p1|Landorus-Therian, M|
|poke|p1|Scizor, F|
|poke|p2|Volcanion|
|poke|p2|Dragapult, M|
|poke|p2|Gholdengo|
|poke|p2|Great Tusk|
|poke|p2|Ting-Lu|
|poke|p2|Iron Valiant|
|teampreview
|j| 101Darmanitans
|j| catarina valentine
|
|t:|1759037613
|teamsize|p1|6
|teamsize|p2|6
|start
|switch|p1a: Rotom|Rotom-Wash|100/100
|switch|p2a: Dragapult|Dragapult, M|100/100
|turn|1
|j| amefurikoneko
|
|t:|1759037618
|move|p2a: Dragapult|U-turn|p1a: Rotom
|-damage|p1a: Rotom|65/100
|
|t:|1759037620
|switch|p2a: Ting-Lu|Ting-Lu|100/100|[from] U-turn
|-ability|p2a: Ting-Lu|Vessel of Ruin
|move|p1a: Rotom|Will-O-Wisp|p2a: Ting-Lu
|-status|p2a: Ting-Lu|brn
|
|-heal|p1a: Rotom|71/100|[from] item: Leftovers
|-damage|p2a: Ting-Lu|94/100 brn|[from] brn
|upkeep
|turn|2
|
|t:|1759037628
|move|p1a: Rotom|Pain Split|p2a: Ting-Lu
|-sethp|p2a: Ting-Lu|70/100 brn|[from] move: Pain Split|[silent]
|-sethp|p1a: Rotom|100/100|[from] move: Pain Split
|move|p2a: Ting-Lu|Stealth Rock|p1a: Rotom
|-sidestart|p1: gravelerock|move: Stealth Rock
|
|-damage|p2a: Ting-Lu|64/100 brn|[from] brn
|upkeep
|turn|3
|
|t:|1759037633
|move|p1a: Rotom|Hydro Pump|p2a: Ting-Lu|[miss]
|-miss|p1a: Rotom|p2a: Ting-Lu
|move|p2a: Ting-Lu|Ruination|p1a: Rotom|[miss]
|-miss|p2a: Ting-Lu|p1a: Rotom
|
|-damage|p2a: Ting-Lu|58/100 brn|[from] brn
|upkeep
|turn|4
|
|t:|1759037640
|move|p1a: Rotom|Hydro Pump|p2a: Ting-Lu|[miss]
|-miss|p1a: Rotom|p2a: Ting-Lu
|move|p2a: Ting-Lu|Ruination|p1a: Rotom
|-damage|p1a: Rotom|50/100
|
|-heal|p1a: Rotom|57/100|[from] item: Leftovers
|-damage|p2a: Ting-Lu|52/100 brn|[from] brn
|upkeep
|turn|5
|
|t:|1759037646
|move|p1a: Rotom|Hydro Pump|p2a: Ting-Lu
|-supereffective|p2a: Ting-Lu
|-damage|p2a: Ting-Lu|3/100 brn
|move|p2a: Ting-Lu|Ruination|p1a: Rotom
|-damage|p1a: Rotom|29/100
|
|-heal|p1a: Rotom|35/100|[from] item: Leftovers
|-damage|p2a: Ting-Lu|0 fnt|[from] brn
|faint|p2a: Ting-Lu
|upkeep
|
|t:|1759037649
|switch|p2a: Gholdengo|Gholdengo|100/100
|turn|6
|
|t:|1759037653
|move|p2a: Gholdengo|Shadow Ball|p1a: Rotom
|-damage|p1a: Rotom|0 fnt
|faint|p1a: Rotom
|
|upkeep
|
|t:|1759037656
|switch|p1a: Iron Treads|Iron Treads|100/100
|turn|7
|
|t:|1759037661
|move|p1a: Iron Treads|Knock Off|p2a: Gholdengo
|-supereffective|p2a: Gholdengo
|-damage|p2a: Gholdengo|33/100
|-enditem|p2a: Gholdengo|Choice Specs|[from] move: Knock Off|[of] p1a: Iron Treads
|move|p2a: Gholdengo|Shadow Ball|p1a: Iron Treads
|-damage|p1a: Iron Treads|39/100
|
|upkeep
|turn|8
|
|t:|1759037668
|move|p1a: Iron Treads|Earthquake|p2a: Gholdengo
|-supereffective|p2a: Gholdengo
|-damage|p2a: Gholdengo|0 fnt
|faint|p2a: Gholdengo
|
|upkeep
|
|t:|1759037676
|switch|p2a: Dragapult|Dragapult, M|100/100
|turn|9
|
|t:|1759037681
|-end|p1a: Iron Treads|Quark Drive|[silent]
|switch|p1a: Clefable|Clefable, F|100/100
|-terastallize|p2a: Dragapult|Ghost
|move|p2a: Dragapult|Tera Blast|p1a: Clefable|[anim] Tera Blast Ghost
|-damage|p1a: Clefable|36/100
|
|-heal|p1a: Clefable|42/100|[from] item: Leftovers
|upkeep
|turn|10
|
|t:|1759037686
|move|p2a: Dragapult|Tera Blast|p1a: Clefable|[anim] Tera Blast Ghost
|-damage|p1a: Clefable|0 fnt
|faint|p1a: Clefable
|
|upkeep
|
|t:|1759037696
|switch|p1a: Scizor|Scizor, F|100/100
|-damage|p1a: Scizor|88/100|[from] Stealth Rock
|turn|11
|l| amefurikoneko
|
|t:|1759037706
|switch|p2a: Volcanion|Volcanion|100/100
|move|p1a: Scizor|Knock Off|p2a: Volcanion
|-damage|p2a: Volcanion|48/100
|-enditem|p2a: Volcanion|Shuca Berry|[from] move: Knock Off|[of] p1a: Scizor
|
|upkeep
|turn|12
|
|t:|1759037715
|switch|p1a: Dragapult|Dragapult, M|100/100
|-damage|p1a: Dragapult|88/100|[from] Stealth Rock
|move|p2a: Volcanion|Steam Eruption|p1a: Dragapult
|-resisted|p1a: Dragapult
|-damage|p1a: Dragapult|42/100
|
|upkeep
|turn|13
|
|t:|1759037724
|move|p1a: Dragapult|Shadow Ball|p2a: Volcanion
|-damage|p2a: Volcanion|0 fnt
|faint|p2a: Volcanion
|
|upkeep
|
|t:|1759037727
|switch|p2a: Iron Valiant|Iron Valiant|100/100
|turn|14
|
|t:|1759037733
|switch|p1a: Landorus|Landorus-Therian, M|100/100
|-damage|p1a: Landorus|88/100|[from] Stealth Rock
|-ability|p1a: Landorus|Intimidate|boost
|-unboost|p2a: Iron Valiant|atk|1
|move|p2a: Iron Valiant|Moonblast|p1a: Landorus
|-damage|p1a: Landorus|23/100
|
|-heal|p1a: Landorus|29/100|[from] item: Leftovers
|upkeep
|turn|15
|
|t:|1759037738
|move|p2a: Iron Valiant|Moonblast|p1a: Landorus
|-damage|p1a: Landorus|0 fnt
|faint|p1a: Landorus
|
|upkeep
|
|t:|1759037741
|switch|p1a: Scizor|Scizor, F|88/100
|-damage|p1a: Scizor|76/100|[from] Stealth Rock
|turn|16
|j| LuLuNaNaRaRa
|
|t:|1759037744
|-end|p2a: Iron Valiant|Quark Drive|[silent]
|switch|p2a: Great Tusk|Great Tusk|100/100
|move|p1a: Scizor|Bullet Punch|p2a: Great Tusk
|-damage|p2a: Great Tusk|65/100
|
|upkeep
|turn|17
|j| Rizzofreko
|j| Nitro611
|
|t:|1759037752
|move|p1a: Scizor|Bullet Punch|p2a: Great Tusk
|-damage|p2a: Great Tusk|30/100
|move|p2a: Great Tusk|Headlong Rush|p1a: Scizor
|-damage|p1a: Scizor|4/100
|-unboost|p2a: Great Tusk|def|1
|-unboost|p2a: Great Tusk|spd|1
|
|upkeep
|turn|18
|
|t:|1759037759
|-end|p2a: Great Tusk|Protosynthesis|[silent]
|switch|p2a: Dragapult|Dragapult, M, tera:Ghost|100/100
|move|p1a: Scizor|Bullet Punch|p2a: Dragapult
|-damage|p2a: Dragapult|17/100
|
|upkeep
|turn|19
|
|t:|1759037764
|-terastallize|p1a: Scizor|Steel
|move|p2a: Dragapult|Sucker Punch|p1a: Scizor
|-crit|p1a: Scizor
|-damage|p1a: Scizor|0 fnt
|faint|p1a: Scizor
|
|upkeep
|c| Nitro611|lol
|
|t:|1759037772
|switch|p1a: Iron Treads|Iron Treads|39/100
|turn|20
|
|t:|1759037782
|move|p2a: Dragapult|Sucker Punch|p1a: Iron Treads
|-damage|p1a: Iron Treads|9/100
|move|p1a: Iron Treads|Knock Off|p2a: Dragapult
|-supereffective|p2a: Dragapult
|-damage|p2a: Dragapult|0 fnt
|-enditem|p2a: Dragapult|Choice Band|[from] move: Knock Off|[of] p1a: Iron Treads
|faint|p2a: Dragapult
|
|upkeep
|c| Rizzofreko|Noob
|
|t:|1759037786
|switch|p2a: Iron Valiant|Iron Valiant|100/100
|turn|21
|c| Rizzofreko|Lol
|
|t:|1759037790
|move|p2a: Iron Valiant|Moonblast|p1a: Iron Treads
|-resisted|p1a: Iron Treads
|-damage|p1a: Iron Treads|0 fnt
|faint|p1a: Iron Treads
|-end|p1a: Iron Treads|Quark Drive|[silent]
|
|upkeep
|
|t:|1759037792
|switch|p1a: Dragapult|Dragapult, M|42/100
|-damage|p1a: Dragapult|30/100|[from] Stealth Rock
|turn|22
|
|t:|1759037794
|move|p2a: Iron Valiant|Moonblast|p1a: Dragapult
|-supereffective|p1a: Dragapult
|-damage|p1a: Dragapult|0 fnt
|faint|p1a: Dragapult
|
|win|Ladder Historian
|raw|gravelerock's rating: 1547 &rarr; <strong>1541</strong><br />(-6 for losing)
|raw|Ladder Historian's rating: 1844 &rarr; <strong>1850</strong><br />(+6 for winning)
|l| Nitro611
|j| Nitro611
|l| Rizzofreko
|l| Nitro611
|l|☆gravelerock
|player|p1|
|j| cryyysneasel
|l| cryyysneasel
|l| catarina valentine
