|j|☆ding111
|j|☆fregene97
|t:|1759041446
|gametype|singles
|player|p1|ding111|unknown|1409
|player|p2|fregene97|pokefan-gen4|1469
|gen|9
|tier|[Gen 9] OU
|rated|
|rule|HP Percentage Mod: HP is shown in percentages
|rule|Endless Battle Clause: Forcing endless battles is banned
|rule|Species Clause: Limit one of each Pokémon
|rule|OHKO Clause: OHKO moves are banned
|rule|Evasion Items Clause: Evasion items are banned
|rule|Evasion Moves Clause: Evasion moves are banned
|rule|Evasion Abilities Clause: Evasion abilities are banned
|rule|Sleep Moves Clause: Sleep-inducing moves are banned
|clearpoke
|poke|p1|Keldeo-Resolute|
|poke|p1|Sinistcha|
|poke|p1|Gliscor, M|
|poke|p1|Weezing-Galar, F|
|poke|p1|Ting-Lu|
|poke|p1|Gholdengo|
|poke|p2|Iron Thorns|
|poke|p2|Glimmora, M|
|poke|p2|Darkrai|
|poke|p2|Salamence, F|
|poke|p2|Gholdengo|
|poke|p2|Ogerpon-Wellspring, F|
|teampreview
|inactive|Battle timer is ON: inactive players will automatically lose when time's up. (requested by fregene97)
|
|t:|1759041464
|teamsize|p1|6
|teamsize|p2|6
|start
|switch|p1a: Keldeo|Keldeo-Resolute, shiny|100/100
|switch|p2a: Iron Thorns|Iron Thorns|100/100
|turn|1
|
|t:|1759041488
|move|p1a: Keldeo|Flip Turn|p2a: Iron Thorns
|-supereffective|p2a: Iron Thorns
|-damage|p2a: Iron Thorns|76/100
|
|t:|1759041490
|switch|p1a: Sinistcha|Sinistcha, shiny|100/100|[from] Flip Turn
|move|p2a: Iron Thorns|Dragon Dance|p2a: Iron Thorns
|-boost|p2a: Iron Thorns|atk|1
|-boost|p2a: Iron Thorns|spe|1
|
|upkeep
|turn|2
|
|t:|1759041510
|-terastallize|p2a: Iron Thorns|Rock
|move|p2a: Iron Thorns|Rock Blast|p1a: Sinistcha
|-damage|p1a: Sinistcha|81/100
|-damage|p1a: Sinistcha|62/100
|-damage|p1a: Sinistcha|43/100
|-damage|p1a: Sinistcha|24/100
|-damage|p1a: Sinistcha|4/100
|-hitcount|p1a: Sinistcha|5
|move|p1a: Sinistcha|Matcha Gotcha|p2a: Iron Thorns
|-supereffective|p2a: Iron Thorns
|-damage|p2a: Iron Thorns|7/100
|-heal|p1a: Sinistcha|38/100|[from] drain|[of] p2a: Iron Thorns
|
|upkeep
|turn|3
|
|t:|1759041527
|switch|p1a: Ting-Lu|Ting-Lu|100/100
|-ability|p1a: Ting-Lu|Vessel of Ruin
|move|p2a: Iron Thorns|Pin Missile|p1a: Ting-Lu
|-supereffective|p1a: Ting-Lu
|-damage|p1a: Ting-Lu|85/100
|-supereffective|p1a: Ting-Lu
|-damage|p1a: Ting-Lu|69/100
|-supereffective|p1a: Ting-Lu
|-damage|p1a: Ting-Lu|55/100
|-supereffective|p1a: Ting-Lu
|-damage|p1a: Ting-Lu|39/100
|-hitcount|p1a: Ting-Lu|4
|
|-heal|p1a: Ting-Lu|46/100|[from] item: Leftovers
|upkeep
|turn|4
|
|t:|1759041533
|move|p2a: Iron Thorns|Pin Missile|p1a: Ting-Lu
|-supereffective|p1a: Ting-Lu
|-damage|p1a: Ting-Lu|31/100
|-supereffective|p1a: Ting-Lu
|-damage|p1a: Ting-Lu|16/100
|-supereffective|p1a: Ting-Lu
|-damage|p1a: Ting-Lu|1/100
|-supereffective|p1a: Ting-Lu
|-damage|p1a: Ting-Lu|0 fnt
|faint|p1a: Ting-Lu
|-hitcount|p1: Ting-Lu|4
|
|upkeep
|
|t:|1759041545
|switch|p1a: Gliscor|Gliscor, M|100/100
|turn|5
|
|t:|1759041558
|move|p2a: Iron Thorns|Rock Blast|p1a: Gliscor
|-damage|p1a: Gliscor|79/100
|-damage|p1a: Gliscor|58/100
|-damage|p1a: Gliscor|38/100
|-damage|p1a: Gliscor|17/100
|-hitcount|p1a: Gliscor|4
|move|p1a: Gliscor|Knock Off|p2a: Iron Thorns
|-damage|p2a: Iron Thorns|0 fnt
|-enditem|p2a: Iron Thorns|Loaded Dice|[from] move: Knock Off|[of] p1a: Gliscor
|faint|p2a: Iron Thorns
|-end|p2a: Iron Thorns|Quark Drive|[silent]
|
|-status|p1a: Gliscor|tox|[from] item: Toxic Orb
|upkeep
|
|t:|1759041562
|switch|p2a: Darkrai|Darkrai|100/100
|turn|6
|
|t:|1759041566
|move|p1a: Gliscor|Protect|p1a: Gliscor
|-singleturn|p1a: Gliscor|Protect
|move|p2a: Darkrai|Nasty Plot|p2a: Darkrai
|-boost|p2a: Darkrai|spa|2
|
|-heal|p1a: Gliscor|29/100 tox|[from] ability: Poison Heal
|upkeep
|turn|7
|
|t:|1759041579
|switch|p1a: Sinistcha|Sinistcha, shiny|38/100
|move|p2a: Darkrai|Ice Beam|p1a: Sinistcha
|-supereffective|p1a: Sinistcha
|-damage|p1a: Sinistcha|0 fnt
|faint|p1a: Sinistcha
|
|upkeep
|
|t:|1759041587
|switch|p1a: Keldeo|Keldeo-Resolute, shiny|100/100
|turn|8
|
|t:|1759041603
|-terastallize|p1a: Keldeo|Water
|move|p2a: Darkrai|Sludge Bomb|p1a: Keldeo
|-damage|p1a: Keldeo|32/100
|-status|p1a: Keldeo|psn
|move|p1a: Keldeo|Surf|p2a: Darkrai
|-damage|p2a: Darkrai|0 fnt
|faint|p2a: Darkrai
|
|-damage|p1a: Keldeo|19/100 psn|[from] psn
|upkeep
|
|t:|1759041608
|switch|p2a: Glimmora|Glimmora, M|100/100
|turn|9
|
|t:|1759041613
|switch|p1a: Gliscor|Gliscor, M|29/100 tox
|move|p2a: Glimmora|Stealth Rock|p1a: Gliscor
|-sidestart|p1: ding111|move: Stealth Rock
|
|-heal|p1a: Gliscor|42/100 tox|[from] ability: Poison Heal
|upkeep
|turn|10
|
|t:|1759041632
|move|p2a: Glimmora|Power Gem|p1a: Gliscor
|-damage|p1a: Gliscor|8/100 tox
|move|p1a: Gliscor|Knock Off|p2a: Glimmora
|-damage|p2a: Glimmora|73/100
|-activate|p2a: Glimmora|ability: Toxic Debris
|-sidestart|p1: ding111|move: Toxic Spikes
|-enditem|p2a: Glimmora|Focus Sash|[from] move: Knock Off|[of] p1a: Gliscor
|
|-heal|p1a: Gliscor|20/100 tox|[from] ability: Poison Heal
|upkeep
|turn|11
|
|t:|1759041645
|move|p2a: Glimmora|Power Gem|p1a: Gliscor
|-damage|p1a: Gliscor|0 fnt
|faint|p1a: Gliscor
|
|upkeep
|
|t:|1759041647
|switch|p1a: Gholdengo|Gholdengo|100/100
|-damage|p1a: Gholdengo|94/100|[from] Stealth Rock
|-item|p1a: Gholdengo|Air Balloon
|turn|12
|
|t:|1759041651
|move|p2a: Glimmora|Power Gem|p1a: Gholdengo
|-resisted|p1a: Gholdengo
|-damage|p1a: Gholdengo|74/100
|-enditem|p1a: Gholdengo|Air Balloon
|move|p1a: Gholdengo|Make It Rain|p2a: Glimmora
|-supereffective|p2a: Glimmora
|-damage|p2a: Glimmora|0 fnt
|-unboost|p1a: Gholdengo|spa|1
|faint|p2a: Glimmora
|
|upkeep
|
|t:|1759041656
|switch|p2a: Salamence|Salamence, F|100/100
|turn|13
|
|t:|1759041663
|move|p2a: Salamence|Dragon Dance|p2a: Salamence
|-boost|p2a: Salamence|atk|1
|-boost|p2a: Salamence|spe|1
|move|p1a: Gholdengo|Nasty Plot|p1a: Gholdengo
|-boost|p1a: Gholdengo|spa|2
|
|upkeep
|turn|14
|
|t:|1759041668
|move|p2a: Salamence|Shadow Claw|p1a: Gholdengo
|-supereffective|p1a: Gholdengo
|-damage|p1a: Gholdengo|19/100
|move|p1a: Gholdengo|Shadow Ball|p2a: Salamence
|-damage|p2a: Salamence|30/100
|
|upkeep
|turn|15
|
|t:|1759041673
|move|p2a: Salamence|Dual Wingbeat|p1a: Gholdengo
|-resisted|p1a: Gholdengo
|-damage|p1a: Gholdengo|6/100
|-resisted|p1a: Gholdengo
|-damage|p1a: Gholdengo|0 fnt
|faint|p1a: Gholdengo
|-ability|p2a: Salamence|Moxie|boost
|-boost|p2a: Salamence|atk|1
|-hitcount|p1: Gholdengo|2
|
|upkeep
|
|t:|1759041677
|switch|p1a: Weezing|Weezing-Galar, F, shiny|100/100
|-ability|p1a: Weezing|Neutralizing Gas
|-damage|p1a: Weezing|88/100|[from] Stealth Rock
|-sideend|p1: ding111|move: Toxic Spikes|[of] p1a: Weezing
|turn|16
|
|t:|1759041682
|move|p2a: Salamence|Dual Wingbeat|p1a: Weezing
|-damage|p1a: Weezing|55/100
|-damage|p1a: Weezing|21/100
|-hitcount|p1a: Weezing|2
|move|p1a: Weezing|Strange Steam|p2a: Salamence
|-supereffective|p2a: Salamence
|-damage|p2a: Salamence|0 fnt
|faint|p2a: Salamence
|
|-heal|p1a: Weezing|27/100|[from] item: Leftovers
|upkeep
|
|t:|1759041687
|switch|p2a: Ogerpon|Ogerpon-Wellspring, F|100/100
|turn|17
|
|t:|1759041691
|move|p2a: Ogerpon|Ivy Cudgel|p1a: Weezing|[anim] Ivy Cudgel Water
|-damage|p1a: Weezing|0 fnt
|faint|p1a: Weezing
|-end|p1a: Weezing|ability: Neutralizing Gas
|
|upkeep
|
|t:|1759041694
|switch|p1a: Keldeo|Keldeo-Resolute, shiny, tera:Water|19/100 psn
|-damage|p1a: Keldeo|7/100 psn|[from] Stealth Rock
|turn|18
|
|t:|1759041697
|move|p1a: Keldeo|Icy Wind|p2a: Ogerpon
|-damage|p2a: Ogerpon|65/100
|-unboost|p2a: Ogerpon|spe|1
|move|p2a: Ogerpon|Trailblaze|p1a: Keldeo
|-supereffective|p1a: Keldeo
|-damage|p1a: Keldeo|0 fnt
|-boost|p2a: Ogerpon|spe|1
|faint|p1a: Keldeo
|
|win|fregene97
|raw|ding111's rating: 1409 &rarr; <strong>1391</strong><br />(-18 for losing)
|raw|fregene97's rating: 1450 &rarr; <strong>1468</strong><br />(+18 for winning)
|l|☆ding111
|player|p1|
|l|☆fregene97
|player|p2|
