|j|☆Megumin's Husband
|j|☆jojosworld
|t:|1758930289
|gametype|singles
|player|p1|Megumin's Husband|guitarist|1649
|player|p2|jojosworld|cynthia|1628
|gen|9
|tier|[Gen 9] OU
|rated|
|rule|HP Percentage Mod: HP is shown in percentages
|rule|Endless Battle Clause: Forcing endless battles is banned
|rule|Species Clause: Limit one of each Pokémon
|rule|OHKO Clause: OHKO moves are banned
|rule|Evasion Items Clause: Evasion items are banned
|rule|Evasion Moves Clause: Evasion moves are banned
|rule|Evasion Abilities Clause: Evasion abilities are banned
|rule|Sleep Moves Clause: Sleep-inducing moves are banned
|clearpoke
|poke|p1|Pecharunt|
|poke|p1|Primarina, F|
|poke|p1|Heatran, M|
|poke|p1|Great Tusk|
|poke|p1|Weavile, F|
|poke|p1|Ogerpon, F|
|poke|p2|Alomomola, F|
|poke|p2|Amoonguss, F|
|poke|p2|Clefable, F|
|poke|p2|Gholdengo|
|poke|p2|Great Tusk|
|poke|p2|Goodra-Hisui, F|
|teampreview
|inactive|Battle timer is ON: inactive players will automatically lose when time's up. (requested by jojosworld)
|j| Qbbandrew
|
|t:|1758930307
|teamsize|p1|6
|teamsize|p2|6
|start
|switch|p1a: Great Tusk|Great Tusk|100/100
|switch|p2a: Gholdengo|Gholdengo, shiny|100/100
|turn|1
|
|t:|1758930310
|-end|p1a: Great Tusk|Protosynthesis|[silent]
|switch|p1a: Heatran|Heatran, M, shiny|100/100
|-item|p1a: Heatran|Air Balloon
|move|p2a: Gholdengo|Make It Rain|p1a: Heatran
|-resisted|p1a: Heatran
|-damage|p1a: Heatran|93/100
|-unboost|p2a: Gholdengo|spa|1
|-enditem|p1a: Heatran|Air Balloon
|
|upkeep
|turn|2
|
|t:|1758930326
|move|p2a: Gholdengo|Thunder Wave|p1a: Heatran
|-status|p1a: Heatran|par
|move|p1a: Heatran|Stealth Rock|p2a: Gholdengo
|-sidestart|p2: jojosworld|move: Stealth Rock
|
|upkeep
|turn|3
|
|t:|1758930346
|switch|p2a: Alomomola|Alomomola, F, shiny|100/100
|switch|p1a: Weavile|Weavile, F|100/100
|-ability|p1a: Weavile|Pressure
|
|upkeep
|turn|4
|
|t:|1758930352
|move|p1a: Weavile|Knock Off|p2a: Alomomola
|-damage|p2a: Alomomola|63/100
|-enditem|p2a: Alomomola|Heavy-Duty Boots|[from] move: Knock Off|[of] p1a: Weavile
|move|p2a: Alomomola|Flip Turn|p1a: Weavile
|-damage|p1a: Weavile|71/100
|
|t:|1758930354
|switch|p2a: Clefable|Clefable, F, shiny|100/100|[from] Flip Turn
|
|upkeep
|turn|5
|
|t:|1758930362
|switch|p1a: Pecharunt|Pecharunt|100/100
|move|p2a: Clefable|Stealth Rock|p1a: Pecharunt
|-sidestart|p1: Megumin's Husband|move: Stealth Rock
|
|upkeep
|turn|6
|
|t:|1758930372
|move|p1a: Pecharunt|Parting Shot|p2a: Clefable
|-unboost|p2a: Clefable|atk|1
|-unboost|p2a: Clefable|spa|1
|
|t:|1758930375
|switch|p1a: Heatran|Heatran, M, shiny|93/100 par|[from] Parting Shot
|-damage|p1a: Heatran|80/100 par|[from] Stealth Rock
|move|p2a: Clefable|Thunder Wave|p1a: Heatran
|-fail|p1a: Heatran|par
|
|upkeep
|turn|7
|
|t:|1758930381
|switch|p2a: Alomomola|Alomomola, F, shiny|97/100
|-damage|p2a: Alomomola|84/100|[from] Stealth Rock
|switch|p1a: Pecharunt|Pecharunt|100/100
|-damage|p1a: Pecharunt|88/100|[from] Stealth Rock
|
|upkeep
|turn|8
|
|t:|1758930383
|switch|p2a: Clefable|Clefable, F, shiny|100/100
|move|p1a: Pecharunt|Malignant Chain|p2a: Clefable
|-supereffective|p2a: Clefable
|-crit|p2a: Clefable
|-damage|p2a: Clefable|19/100
|
|-heal|p2a: Clefable|25/100|[from] item: Leftovers
|upkeep
|turn|9
|
|t:|1758930389
|switch|p2a: Alomomola|Alomomola, F, shiny|100/100
|-damage|p2a: Alomomola|88/100|[from] Stealth Rock
|move|p1a: Pecharunt|Parting Shot|p2a: Alomomola
|-unboost|p2a: Alomomola|atk|1
|-unboost|p2a: Alomomola|spa|1
|
|t:|1758930392
|switch|p1a: Ogerpon|Ogerpon, F|100/100|[from] Parting Shot
|-damage|p1a: Ogerpon|88/100|[from] Stealth Rock
|
|upkeep
|turn|10
|
|t:|1758930396
|move|p2a: Alomomola|Protect|p2a: Alomomola
|-singleturn|p2a: Alomomola|Protect
|move|p1a: Ogerpon|Knock Off|p2a: Alomomola
|-activate|p2a: Alomomola|move: Protect
|
|upkeep
|turn|11
|
|t:|1758930401
|switch|p1a: Pecharunt|Pecharunt|88/100
|-damage|p1a: Pecharunt|76/100|[from] Stealth Rock
|move|p2a: Alomomola|Wish|p2a: Alomomola
|
|upkeep
|turn|12
|
|t:|1758930407
|move|p1a: Pecharunt|Malignant Chain|p2a: Alomomola
|-damage|p2a: Alomomola|51/100
|move|p2a: Alomomola|Flip Turn|p1a: Pecharunt
|-damage|p1a: Pecharunt|71/100
|-damage|p2a: Alomomola|34/100|[from] item: Rocky Helmet|[of] p1a: Pecharunt
|
|t:|1758930409
|switch|p2a: Clefable|Clefable, F, shiny|25/100|[from] Flip Turn
|
|-heal|p2a: Clefable|93/100|[from] move: Wish|[wisher] Alomomola
|-heal|p2a: Clefable|99/100|[from] item: Leftovers
|upkeep
|turn|13
|
|t:|1758930413
|move|p1a: Pecharunt|Malignant Chain|p2a: Clefable
|-supereffective|p2a: Clefable
|-damage|p2a: Clefable|38/100
|move|p2a: Clefable|Thunder Wave|p1a: Pecharunt
|-status|p1a: Pecharunt|par
|
|-heal|p2a: Clefable|44/100|[from] item: Leftovers
|upkeep
|turn|14
|
|t:|1758930420
|switch|p2a: Alomomola|Alomomola, F, shiny|68/100
|-damage|p2a: Alomomola|55/100|[from] Stealth Rock
|move|p1a: Pecharunt|Parting Shot|p2a: Alomomola
|-unboost|p2a: Alomomola|atk|1
|-unboost|p2a: Alomomola|spa|1
|
|t:|1758930423
|switch|p1a: Ogerpon|Ogerpon, F|88/100|[from] Parting Shot
|-damage|p1a: Ogerpon|76/100|[from] Stealth Rock
|
|upkeep
|turn|15
|
|t:|1758930428
|move|p2a: Alomomola|Protect|p2a: Alomomola
|-singleturn|p2a: Alomomola|Protect
|move|p1a: Ogerpon|Ivy Cudgel|p2a: Alomomola
|-activate|p2a: Alomomola|move: Protect
|
|upkeep
|turn|16
|
|t:|1758930435
|switch|p1a: Great Tusk|Great Tusk|100/100
|switch|p2a: Amoonguss|Amoonguss, F, shiny|100/100
|
|upkeep
|turn|17
|
|t:|1758930437
|move|p1a: Great Tusk|Rapid Spin|p2a: Amoonguss
|-damage|p2a: Amoonguss|87/100
|-boost|p1a: Great Tusk|spe|1
|-sideend|p1: Megumin's Husband|Stealth Rock|[from] move: Rapid Spin|[of] p1a: Great Tusk
|move|p2a: Amoonguss|Giga Drain|p1a: Great Tusk
|-supereffective|p1a: Great Tusk
|-damage|p1a: Great Tusk|29/100
|-heal|p2a: Amoonguss|100/100|[from] drain|[of] p1a: Great Tusk
|
|upkeep
|turn|18
|
|t:|1758930450
|switch|p2a: Alomomola|Alomomola, F, shiny|89/100
|-damage|p2a: Alomomola|76/100|[from] Stealth Rock
|move|p1a: Great Tusk|Headlong Rush|p2a: Alomomola
|-damage|p2a: Alomomola|43/100
|-unboost|p1a: Great Tusk|def|1
|-unboost|p1a: Great Tusk|spd|1
|
|upkeep
|turn|19
|
|t:|1758930454
|move|p1a: Great Tusk|Headlong Rush|p2a: Alomomola
|-damage|p2a: Alomomola|7/100
|-unboost|p1a: Great Tusk|def|1
|-unboost|p1a: Great Tusk|spd|1
|move|p2a: Alomomola|Wish|p2a: Alomomola
|
|upkeep
|turn|20
|
|t:|1758930460
|move|p2a: Alomomola|Protect|p2a: Alomomola
|-singleturn|p2a: Alomomola|Protect
|move|p1a: Great Tusk|Headlong Rush|p2a: Alomomola
|-activate|p2a: Alomomola|move: Protect
|
|-heal|p2a: Alomomola|57/100|[from] move: Wish|[wisher] Alomomola
|upkeep
|turn|21
|
|t:|1758930464
|-end|p1a: Great Tusk|Protosynthesis|[silent]
|switch|p1a: Ogerpon|Ogerpon, F|76/100
|move|p2a: Alomomola|Wish|p2a: Alomomola
|
|upkeep
|turn|22
|
|t:|1758930472
|move|p2a: Alomomola|Protect|p2a: Alomomola
|-singleturn|p2a: Alomomola|Protect
|move|p1a: Ogerpon|Ivy Cudgel|p2a: Alomomola
|-activate|p2a: Alomomola|move: Protect
|
|-heal|p2a: Alomomola|100/100|[from] move: Wish|[wisher] Alomomola
|upkeep
|turn|23
|
|t:|1758930476
|switch|p1a: Weavile|Weavile, F|71/100
|-ability|p1a: Weavile|Pressure
|switch|p2a: Amoonguss|Amoonguss, F, shiny|100/100
|
|upkeep
|turn|24
|
|t:|1758930490
|switch|p1a: Pecharunt|Pecharunt|71/100 par
|switch|p2a: Alomomola|Alomomola, F, shiny|100/100
|-damage|p2a: Alomomola|88/100|[from] Stealth Rock
|
|upkeep
|turn|25
|
|t:|1758930497
|move|p2a: Alomomola|Flip Turn|p1a: Pecharunt
|-damage|p1a: Pecharunt|63/100 par
|-damage|p2a: Alomomola|71/100|[from] item: Rocky Helmet|[of] p1a: Pecharunt
|
|t:|1758930499
|switch|p2a: Goodra|Goodra-Hisui, F, shiny|100/100|[from] Flip Turn
|-damage|p2a: Goodra|94/100|[from] Stealth Rock
|move|p1a: Pecharunt|Malignant Chain|p2a: Goodra
|-immune|p2a: Goodra
|
|upkeep
|turn|26
|
|t:|1758930503
|move|p2a: Goodra|Knock Off|p1a: Pecharunt
|-supereffective|p1a: Pecharunt
|-damage|p1a: Pecharunt|42/100 par
|-damage|p2a: Goodra|78/100|[from] item: Rocky Helmet|[of] p1a: Pecharunt
|-enditem|p1a: Pecharunt|Rocky Helmet|[from] move: Knock Off|[of] p2a: Goodra
|move|p1a: Pecharunt|Parting Shot|p2a: Goodra
|-unboost|p2a: Goodra|atk|1
|-unboost|p2a: Goodra|spa|1
|
|t:|1758930507
|switch|p1a: Weavile|Weavile, F|71/100|[from] Parting Shot
|-ability|p1a: Weavile|Pressure
|
|upkeep
|turn|27
|
|t:|1758930510
|switch|p2a: Alomomola|Alomomola, F, shiny|100/100
|-damage|p2a: Alomomola|88/100|[from] Stealth Rock
|move|p1a: Weavile|Triple Axel|p2a: Alomomola
|-resisted|p2a: Alomomola
|-damage|p2a: Alomomola|84/100
|-resisted|p2a: Alomomola
|-damage|p2a: Alomomola|77/100
|-resisted|p2a: Alomomola
|-damage|p2a: Alomomola|65/100
|-hitcount|p2a: Alomomola|3
|
|upkeep
|turn|28
|
|t:|1758930514
|move|p1a: Weavile|Triple Axel|p2a: Alomomola
|-resisted|p2a: Alomomola
|-damage|p2a: Alomomola|61/100
|-resisted|p2a: Alomomola
|-damage|p2a: Alomomola|52/100
|-resisted|p2a: Alomomola
|-damage|p2a: Alomomola|41/100
|-hitcount|p2a: Alomomola|3
|move|p2a: Alomomola|Flip Turn|p1a: Weavile
|-damage|p1a: Weavile|41/100
|
|t:|1758930516
|switch|p2a: Clefable|Clefable, F, shiny|44/100|[from] Flip Turn
|
|-heal|p2a: Clefable|50/100|[from] item: Leftovers
|upkeep
|turn|29
|
|t:|1758930522
|switch|p2a: Gholdengo|Gholdengo, shiny|100/100
|-damage|p2a: Gholdengo|94/100|[from] Stealth Rock
|-terastallize|p1a: Weavile|Ice
|move|p1a: Weavile|Triple Axel|p2a: Gholdengo
|-resisted|p2a: Gholdengo
|-damage|p2a: Gholdengo|88/100
|-damage|p1a: Weavile|25/100|[from] item: Rocky Helmet|[of] p2a: Gholdengo
|-resisted|p2a: Gholdengo
|-damage|p2a: Gholdengo|74/100
|-damage|p1a: Weavile|9/100|[from] item: Rocky Helmet|[of] p2a: Gholdengo
|-resisted|p2a: Gholdengo
|-damage|p2a: Gholdengo|54/100
|-damage|p1a: Weavile|0 fnt|[from] item: Rocky Helmet|[of] p2a: Gholdengo
|faint|p1a: Weavile
|-hitcount|p2a: Gholdengo|3
|
|upkeep
|j| Ctannn
|-message|Megumin's Husband forfeited.
|
|win|jojosworld
|raw|Megumin&apos;s Husband's rating: 1649 &rarr; <strong>1628</strong><br />(-21 for losing)
|raw|jojosworld's rating: 1628 &rarr; <strong>1649</strong><br />(+21 for winning)
|l|☆Megumin's Husband
|player|p1|
