|j|☆6 sweepers. why
|j|☆kenanista
|t:|1758980217
|gametype|singles
|player|p1|6 sweepers. why|1|1069
|player|p2|kenanista|ghetsis-gen5bw|1126
|gen|9
|tier|[Gen 9] OU
|rated|
|rule|HP Percentage Mod: HP is shown in percentages
|rule|Endless Battle Clause: Forcing endless battles is banned
|rule|Species Clause: Limit one of each Pokémon
|rule|OHKO Clause: OHKO moves are banned
|rule|Evasion Items Clause: Evasion items are banned
|rule|Evasion Moves Clause: Evasion moves are banned
|rule|Evasion Abilities Clause: Evasion abilities are banned
|rule|Sleep Moves Clause: Sleep-inducing moves are banned
|clearpoke
|poke|p1|Blaziken, F|
|poke|p1|Polteageist|
|poke|p1|Dragonite, M|
|poke|p1|Manaphy|
|poke|p1|Maushold|
|poke|p1|Minior|
|poke|p2|Dragapult, F|
|poke|p2|Great Tusk|
|poke|p2|Zapdos|
|poke|p2|Iron Valiant|
|poke|p2|Heatran, M|
|poke|p2|Kingambit, F|
|teampreview
|inactive|Battle timer is ON: inactive players will automatically lose when time's up. (requested by kenanista)
|
|t:|1758980245
|teamsize|p1|6
|teamsize|p2|6
|start
|switch|p1a: Blaziken|Blaziken, F|100/100
|switch|p2a: Great Tusk|Great Tusk|100/100
|turn|1
|
|t:|1758980256
|switch|p1a: Minior|Minior|100/100
|-formechange|p1a: Minior|Minior-Meteor||[from] ability: Shields Down
|move|p2a: Great Tusk|Stealth Rock|p1a: Minior
|-sidestart|p1: 6 sweepers. why|move: Stealth Rock
|
|upkeep
|turn|2
|
|t:|1758980271
|move|p1a: Minior|Shell Smash|p1a: Minior
|-unboost|p1a: Minior|def|1
|-unboost|p1a: Minior|spd|1
|-boost|p1a: Minior|atk|2
|-boost|p1a: Minior|spa|2
|-boost|p1a: Minior|spe|2
|move|p2a: Great Tusk|Knock Off|p1a: Minior
|-damage|p1a: Minior|43/100
|-enditem|p1a: Minior|Focus Sash|[from] move: Knock Off|[of] p2a: Great Tusk
|
|-formechange|p1a: Minior|Minior||[from] ability: Shields Down
|upkeep
|turn|3
|
|t:|1758980286
|move|p1a: Minior|Acrobatics|p2a: Great Tusk
|-supereffective|p2a: Great Tusk
|-damage|p2a: Great Tusk|9/100
|move|p2a: Great Tusk|Knock Off|p1a: Minior
|-damage|p1a: Minior|0 fnt
|faint|p1a: Minior
|
|-heal|p2a: Great Tusk|15/100|[from] item: Leftovers
|upkeep
|
|t:|1758980292
|switch|p1a: Maushold|Maushold|100/100
|-damage|p1a: Maushold|88/100|[from] Stealth Rock
|turn|4
|
|t:|1758980302
|-terastallize|p1a: Maushold|Ghost
|move|p1a: Maushold|Tidy Up|p1a: Maushold
|-sideend|p1: 6 sweepers. why|Stealth Rock
|-activate|p1a: Maushold|move: Tidy Up
|-boost|p1a: Maushold|atk|1
|-boost|p1a: Maushold|spe|1
|move|p2a: Great Tusk|Knock Off|p1a: Maushold
|-supereffective|p1a: Maushold
|-damage|p1a: Maushold|0 fnt
|-enditem|p1a: Maushold|Wide Lens|[from] move: Knock Off|[of] p2a: Great Tusk
|faint|p1a: Maushold
|
|-heal|p2a: Great Tusk|21/100|[from] item: Leftovers
|upkeep
|
|t:|1758980320
|switch|p1a: Manaphy|Manaphy|100/100
|turn|5
|
|t:|1758980326
|move|p1a: Manaphy|Tail Glow|p1a: Manaphy
|-boost|p1a: Manaphy|spa|3
|move|p2a: Great Tusk|Earthquake|p1a: Manaphy
|-damage|p1a: Manaphy|56/100
|
|-heal|p1a: Manaphy|62/100|[from] item: Leftovers
|-heal|p2a: Great Tusk|27/100|[from] item: Leftovers
|upkeep
|turn|6
|
|t:|1758980333
|move|p1a: Manaphy|Surf|p2a: Great Tusk
|-supereffective|p2a: Great Tusk
|-damage|p2a: Great Tusk|0 fnt
|faint|p2a: Great Tusk
|-end|p2a: Great Tusk|Protosynthesis|[silent]
|
|-heal|p1a: Manaphy|69/100|[from] item: Leftovers
|upkeep
|
|t:|1758980338
|switch|p2a: Zapdos|Zapdos|100/100
|turn|7
|
|t:|1758980347
|move|p1a: Manaphy|Ice Beam|p2a: Zapdos
|-supereffective|p2a: Zapdos
|-damage|p2a: Zapdos|0 fnt
|faint|p2a: Zapdos
|
|-heal|p1a: Manaphy|75/100|[from] item: Leftovers
|upkeep
|
|t:|1758980360
|switch|p2a: Iron Valiant|Iron Valiant|100/100
|-enditem|p2a: Iron Valiant|Booster Energy
|-activate|p2a: Iron Valiant|ability: Quark Drive|[fromitem]
|-start|p2a: Iron Valiant|quarkdrivespe
|turn|8
|
|t:|1758980371
|move|p2a: Iron Valiant|Moonblast|p1a: Manaphy
|-damage|p1a: Manaphy|25/100
|move|p1a: Manaphy|Surf|p2a: Iron Valiant
|-damage|p2a: Iron Valiant|0 fnt
|faint|p2a: Iron Valiant
|-end|p2a: Iron Valiant|Quark Drive|[silent]
|
|-heal|p1a: Manaphy|31/100|[from] item: Leftovers
|upkeep
|
|t:|1758980385
|switch|p2a: Dragapult|Dragapult, F|100/100
|turn|9
|
|t:|1758980392
|move|p2a: Dragapult|Dragon Darts|p1a: Manaphy
|-damage|p1a: Manaphy|6/100
|-anim|p2a: Dragapult|Dragon Darts|p1a: Manaphy
|-damage|p1a: Manaphy|0 fnt
|faint|p1a: Manaphy
|
|upkeep
|
|t:|1758980398
|switch|p1a: Blaziken|Blaziken, F|100/100
|turn|10
|
|t:|1758980411
|switch|p2a: Heatran|Heatran, M|100/100
|move|p1a: Blaziken|Swords Dance|p1a: Blaziken
|-boost|p1a: Blaziken|atk|2
|
|-ability|p1a: Blaziken|Speed Boost|boost
|-boost|p1a: Blaziken|spe|1
|upkeep
|turn|11
|
|t:|1758980419
|move|p1a: Blaziken|Close Combat|p2a: Heatran
|-supereffective|p2a: Heatran
|-damage|p2a: Heatran|0 fnt
|-unboost|p1a: Blaziken|def|1
|-unboost|p1a: Blaziken|spd|1
|faint|p2a: Heatran
|
|-ability|p1a: Blaziken|Speed Boost|boost
|-boost|p1a: Blaziken|spe|1
|upkeep
|
|t:|1758980427
|switch|p2a: Dragapult|Dragapult, F|100/100
|turn|12
|
|t:|1758980445
|move|p1a: Blaziken|Flare Blitz|p2a: Dragapult
|-resisted|p2a: Dragapult
|-damage|p2a: Dragapult|24/100
|-damage|p1a: Blaziken|74/100|[from] Recoil
|move|p2a: Dragapult|Substitute|p2a: Dragapult
|-fail|p2a: Dragapult|move: Substitute|[weak]
|
|-heal|p2a: Dragapult|30/100|[from] item: Leftovers
|-ability|p1a: Blaziken|Speed Boost|boost
|-boost|p1a: Blaziken|spe|1
|upkeep
|turn|13
|
|t:|1758980462
|-terastallize|p2a: Dragapult|Ghost
|move|p1a: Blaziken|Thunder Punch|p2a: Dragapult
|-damage|p2a: Dragapult|0 fnt
|faint|p2a: Dragapult
|
|-ability|p1a: Blaziken|Speed Boost|boost
|-boost|p1a: Blaziken|spe|1
|upkeep
|
|t:|1758980469
|switch|p2a: Kingambit|Kingambit, F|100/100
|-activate|p2a: Kingambit|ability: Supreme Overlord
|-start|p2a: Kingambit|fallen5|[silent]
|turn|14
|
|t:|1758980474
|move|p1a: Blaziken|Close Combat|p2a: Kingambit
|-supereffective|p2a: Kingambit
|-damage|p2a: Kingambit|0 fnt
|-unboost|p1a: Blaziken|def|1
|-unboost|p1a: Blaziken|spd|1
|faint|p2a: Kingambit
|-end|p2a: Kingambit|fallen5|[silent]
|
|win|6 sweepers. why
|raw|6 sweepers. why's rating: 1069 &rarr; <strong>1103</strong><br />(+34 for winning)
|raw|kenanista's rating: 1126 &rarr; <strong>1097</strong><br />(-29 for losing)
|l|☆6 sweepers. why
|player|p1|
