|j|☆Aquamonali
|j|☆Tyrtle li
|t:|1758945964
|gametype|singles
|player|p1|Aquamonali|miriam|1541
|player|p2|Tyrtle li|266|1642
|gen|9
|tier|[Gen 9] OU
|rated|
|rule|HP Percentage Mod: HP is shown in percentages
|rule|Endless Battle Clause: Forcing endless battles is banned
|rule|Species Clause: Limit one of each Pokémon
|rule|OHKO Clause: OHKO moves are banned
|rule|Evasion Items Clause: Evasion items are banned
|rule|Evasion Moves Clause: Evasion moves are banned
|rule|Evasion Abilities Clause: Evasion abilities are banned
|rule|Sleep Moves Clause: Sleep-inducing moves are banned
|clearpoke
|poke|p1|Grimmsnarl, M|
|poke|p1|Tinkaton, F|
|poke|p1|Dragapult, F|
|poke|p1|Gliscor, F|
|poke|p1|Cinderace, M|
|poke|p1|Zamazenta-*|
|poke|p2|Landorus-Therian, M|
|poke|p2|Samurott-Hisui, F|
|poke|p2|Pecharunt|
|poke|p2|Scizor, M|
|poke|p2|Latios, M|
|poke|p2|Zamazenta-*|
|teampreview
|inactive|Battle timer is ON: inactive players will automatically lose when time's up. (requested by Aquamonali)
|inactive|Tyrtle li has 120 seconds left.
|inactive|Tyrtle li has 90 seconds left.
|
|t:|1758946028
|teamsize|p1|6
|teamsize|p2|6
|start
|switch|p1a: Cinderace|Cinderace, M, shiny|100/100
|switch|p2a: Landorus|Landorus-Therian, M|100/100
|-ability|p2a: Landorus|Intimidate|boost
|-unboost|p1a: Cinderace|atk|1
|turn|1
|
|t:|1758946049
|move|p1a: Cinderace|U-turn|p2a: Landorus
|-start|p1a: Cinderace|typechange|Bug|[from] ability: Libero
|-resisted|p2a: Landorus
|-damage|p2a: Landorus|90/100
|-damage|p1a: Cinderace|84/100|[from] item: Rocky Helmet|[of] p2a: Landorus
|
|t:|1758946053
|switch|p1a: Gliscor|Gliscor, F, shiny|100/100|[from] U-turn
|move|p2a: Landorus|Stealth Rock|p1a: Gliscor
|-sidestart|p1: Aquamonali|move: Stealth Rock
|
|-status|p1a: Gliscor|tox|[from] item: Toxic Orb
|upkeep
|turn|2
|
|t:|1758946059
|move|p2a: Landorus|U-turn|p1a: Gliscor
|-resisted|p1a: Gliscor
|-damage|p1a: Gliscor|91/100 tox
|
|t:|1758946073
|switch|p2a: Scizor|Scizor, M|100/100|[from] U-turn
|move|p1a: Gliscor|Facade|p2a: Scizor
|-resisted|p2a: Scizor
|-damage|p2a: Scizor|83/100
|
|-heal|p1a: Gliscor|100/100 tox|[from] ability: Poison Heal
|upkeep
|turn|3
|
|t:|1758946096
|switch|p2a: Samurott|Samurott-Hisui, F|100/100
|move|p1a: Gliscor|Swords Dance|p1a: Gliscor
|-boost|p1a: Gliscor|atk|2
|
|upkeep
|turn|4
|
|t:|1758946104
|move|p2a: Samurott|Razor Shell|p1a: Gliscor
|-supereffective|p1a: Gliscor
|-damage|p1a: Gliscor|18/100 tox
|move|p1a: Gliscor|Facade|p2a: Samurott
|-damage|p2a: Samurott|24/100
|
|-heal|p1a: Gliscor|31/100 tox|[from] ability: Poison Heal
|upkeep
|turn|5
|
|t:|1758946116
|move|p2a: Samurott|Ceaseless Edge|p1a: Gliscor
|-damage|p1a: Gliscor|0 fnt
|-sidestart|p1: Aquamonali|Spikes
|faint|p1a: Gliscor
|
|upkeep
|
|t:|1758946121
|switch|p1a: Cinderace|Cinderace, M, shiny|84/100
|turn|6
|
|t:|1758946124
|move|p1a: Cinderace|Pyro Ball|p2a: Samurott
|-resisted|p2a: Samurott
|-damage|p2a: Samurott|0 fnt
|faint|p2a: Samurott
|
|upkeep
|
|t:|1758946129
|switch|p2a: Zamazenta|Zamazenta|100/100
|-ability|p2a: Zamazenta|Dauntless Shield|boost
|-boost|p2a: Zamazenta|def|1
|turn|7
|
|t:|1758946136
|move|p2a: Zamazenta|Body Press|p1a: Cinderace
|-damage|p1a: Cinderace|0 fnt
|faint|p1a: Cinderace
|
|upkeep
|
|t:|1758946140
|switch|p1a: Dragapult|Dragapult, F, shiny|100/100
|turn|8
|
|t:|1758946152
|-terastallize|p2a: Zamazenta|Fire
|move|p1a: Dragapult|Thunder Wave|p2a: Zamazenta
|-status|p2a: Zamazenta|par
|move|p2a: Zamazenta|Crunch|p1a: Dragapult
|-supereffective|p1a: Dragapult
|-damage|p1a: Dragapult|41/100
|
|upkeep
|turn|9
|
|t:|1758946162
|move|p1a: Dragapult|Hex|p2a: Zamazenta
|-damage|p2a: Zamazenta|50/100 par
|move|p2a: Zamazenta|Crunch|p1a: Dragapult
|-supereffective|p1a: Dragapult
|-damage|p1a: Dragapult|0 fnt
|faint|p1a: Dragapult
|
|-heal|p2a: Zamazenta|57/100 par|[from] item: Leftovers
|upkeep
|
|t:|1758946165
|switch|p1a: Loki|Grimmsnarl, M, shiny|100/100
|turn|10
|
|t:|1758946171
|move|p2a: Zamazenta|Iron Defense|p2a: Zamazenta
|-boost|p2a: Zamazenta|def|2
|move|p1a: Loki|Spirit Break|p2a: Zamazenta
|-resisted|p2a: Zamazenta
|-damage|p2a: Zamazenta|51/100 par
|-unboost|p2a: Zamazenta|spa|1
|
|-heal|p2a: Zamazenta|57/100 par|[from] item: Leftovers
|upkeep
|turn|11
|-message|Aquamonali forfeited.
|
|win|Tyrtle li
|raw|Aquamonali's rating: 1541 &rarr; <strong>1527</strong><br />(-14 for losing)
|raw|Tyrtle li's rating: 1642 &rarr; <strong>1656</strong><br />(+14 for winning)
|l|☆Aquamonali
|player|p1|
|l|☆Tyrtle li
|player|p2|
|j| raditzisthebest
|l| raditzisthebest
