|j|☆Borderofseal
|j|☆lerendezvous
|t:|1758954845
|gametype|singles
|player|p1|Borderofseal|169|1576
|player|p2|lerendezvous|101|1678
|gen|9
|tier|[Gen 9] OU
|rated|
|rule|HP Percentage Mod: HP is shown in percentages
|rule|Endless Battle Clause: Forcing endless battles is banned
|rule|Species Clause: Limit one of each Pokémon
|rule|OHKO Clause: OHKO moves are banned
|rule|Evasion Items Clause: Evasion items are banned
|rule|Evasion Moves Clause: Evasion moves are banned
|rule|Evasion Abilities Clause: Evasion abilities are banned
|rule|Sleep Moves Clause: Sleep-inducing moves are banned
|clearpoke
|poke|p1|Slowking-Galar, F|
|poke|p1|Moltres|
|poke|p1|Great Tusk|
|poke|p1|Samurott-Hisui, M|
|poke|p1|Dragapult, M|
|poke|p1|Weavile, M|
|poke|p2|Ogerpon-Wellspring, F|
|poke|p2|Slowking-Galar, M|
|poke|p2|Great Tusk|
|poke|p2|Moltres|
|poke|p2|Dragapult, F|
|poke|p2|Kingambit, M|
|teampreview
|inactive|Battle timer is ON: inactive players will automatically lose when time's up. (requested by Borderofseal)
|inactive|lerendezvous also wants the timer to be on.
|j| A.Omnipotent
|
|t:|1758954854
|teamsize|p1|6
|teamsize|p2|6
|start
|switch|p1a: Samurott|Samurott-Hisui, M|100/100
|switch|p2a: Slowking|Slowking-Galar, M|100/100
|turn|1
|
|t:|1758954859
|switch|p2a: Great Tusk|Great Tusk|100/100
|move|p1a: Samurott|Ceaseless Edge|p2a: Great Tusk|[miss]
|-miss|p1a: Samurott|p2a: Great Tusk
|
|upkeep
|turn|2
|
|t:|1758954863
|move|p2a: Great Tusk|Headlong Rush|p1a: Samurott
|-damage|p1a: Samurott|31/100
|-unboost|p2a: Great Tusk|def|1
|-unboost|p2a: Great Tusk|spd|1
|move|p1a: Samurott|Aqua Cutter|p2a: Great Tusk
|-supereffective|p2a: Great Tusk
|-damage|p2a: Great Tusk|0 fnt
|faint|p2a: Great Tusk
|-end|p2a: Great Tusk|Protosynthesis|[silent]
|
|upkeep
|j| Ctannn
|
|t:|1758954872
|switch|p2a: Ogerpon|Ogerpon-Wellspring, F|100/100
|turn|3
|
|t:|1758954876
|switch|p1a: Dragapult|Dragapult, M|100/100
|move|p2a: Ogerpon|Ivy Cudgel|p1a: Dragapult|[anim] Ivy Cudgel Water
|-resisted|p1a: Dragapult
|-damage|p1a: Dragapult|63/100
|
|upkeep
|turn|4
|
|t:|1758954885
|switch|p2a: Slowking|Slowking-Galar, M|100/100
|move|p1a: Dragapult|U-turn|p2a: Slowking
|-damage|p2a: Slowking|84/100
|
|t:|1758954887
|switch|p1a: Samurott|Samurott-Hisui, M|31/100|[from] U-turn
|
|upkeep
|turn|5
|
|t:|1758954891
|switch|p2a: Kingambit|Kingambit, M|100/100
|-activate|p2a: Kingambit|ability: Supreme Overlord
|-start|p2a: Kingambit|fallen1|[silent]
|move|p1a: Samurott|Ceaseless Edge|p2a: Kingambit
|-resisted|p2a: Kingambit
|-damage|p2a: Kingambit|81/100
|-sidestart|p2: lerendezvous|Spikes
|
|-heal|p2a: Kingambit|88/100|[from] item: Leftovers
|upkeep
|turn|6
|
|t:|1758954897
|-end|p2a: Kingambit|fallen1|[silent]
|switch|p2a: Ogerpon|Ogerpon-Wellspring, F|100/100
|-damage|p2a: Ogerpon|88/100|[from] Spikes
|move|p1a: Samurott|Ceaseless Edge|p2a: Ogerpon
|-damage|p2a: Ogerpon|25/100
|-sidestart|p2: lerendezvous|Spikes
|
|upkeep
|turn|7
|
|t:|1758954902
|move|p1a: Samurott|Sucker Punch|p2a: Ogerpon
|-damage|p2a: Ogerpon|0 fnt
|faint|p2a: Ogerpon
|
|upkeep
|
|t:|1758954907
|switch|p2a: Dragapult|Dragapult, F|100/100
|turn|8
|
|t:|1758954912
|move|p2a: Dragapult|Will-O-Wisp|p1a: Samurott|[miss]
|-miss|p2a: Dragapult|p1a: Samurott
|move|p1a: Samurott|Ceaseless Edge|p2a: Dragapult|[miss]
|-miss|p1a: Samurott|p2a: Dragapult
|
|upkeep
|turn|9
|
|t:|1758954916
|move|p1a: Samurott|Sucker Punch||[still]
|-fail|p1a: Samurott
|move|p2a: Dragapult|Will-O-Wisp|p1a: Samurott
|-status|p1a: Samurott|brn
|
|-damage|p1a: Samurott|24/100 brn|[from] brn
|upkeep
|turn|10
|
|t:|1758954921
|move|p1a: Samurott|Sucker Punch||[still]
|-fail|p1a: Samurott
|move|p2a: Dragapult|Will-O-Wisp|p1a: Samurott
|-fail|p1a: Samurott|brn
|
|-damage|p1a: Samurott|18/100 brn|[from] brn
|upkeep
|turn|11
|
|t:|1758954925
|move|p1a: Samurott|Sucker Punch||[still]
|-fail|p1a: Samurott
|move|p2a: Dragapult|Will-O-Wisp|p1a: Samurott|[miss]
|-miss|p2a: Dragapult|p1a: Samurott
|
|-damage|p1a: Samurott|12/100 brn|[from] brn
|upkeep
|turn|12
|
|t:|1758954930
|move|p2a: Dragapult|Will-O-Wisp|p1a: Samurott
|-fail|p1a: Samurott|brn
|move|p1a: Samurott|Ceaseless Edge|p2a: Dragapult
|-supereffective|p2a: Dragapult
|-damage|p2a: Dragapult|34/100
|-sidestart|p2: lerendezvous|Spikes
|
|-damage|p1a: Samurott|6/100 brn|[from] brn
|upkeep
|turn|13
|
|t:|1758954935
|move|p1a: Samurott|Sucker Punch||[still]
|-fail|p1a: Samurott
|move|p2a: Dragapult|Will-O-Wisp|p1a: Samurott
|-fail|p1a: Samurott|brn
|
|-damage|p1a: Samurott|0 fnt|[from] brn
|faint|p1a: Samurott
|upkeep
|
|t:|1758954938
|switch|p1a: Weavile|Weavile, M|100/100
|-ability|p1a: Weavile|Pressure
|turn|14
|
|t:|1758954942
|switch|p2a: Moltres|Moltres|100/100
|move|p1a: Weavile|Ice Shard|p2a: Moltres
|-damage|p2a: Moltres|88/100
|
|upkeep
|turn|15
|
|t:|1758954949
|switch|p1a: Slowking|Slowking-Galar, F|100/100
|move|p2a: Moltres|U-turn|p1a: Slowking
|-damage|p1a: Slowking|85/100
|
|t:|1758954958
|switch|p2a: Dragapult|Dragapult, F|34/100|[from] U-turn
|
|upkeep
|turn|16
|
|t:|1758954965
|move|p2a: Dragapult|U-turn|p1a: Slowking
|-damage|p1a: Slowking|65/100
|
|t:|1758954972
|switch|p2a: Slowking|Slowking-Galar, M|100/100|[from] U-turn
|-damage|p2a: Slowking|76/100|[from] Spikes
|-prepare|p1a: Slowking|Chilly Reception|[premajor]
|move|p1a: Slowking|Chilly Reception|p1a: Slowking
|-weather|Snowscape
|
|t:|1758954976
|switch|p1a: Great Tusk|Great Tusk|100/100|[from] Chilly Reception
|
|-weather|Snowscape|[upkeep]
|upkeep
|turn|17
|
|t:|1758954981
|switch|p2a: Moltres|Moltres|88/100
|move|p1a: Great Tusk|Stealth Rock|p2a: Moltres
|-sidestart|p2: lerendezvous|move: Stealth Rock
|
|-weather|Snowscape|[upkeep]
|upkeep
|turn|18
|
|t:|1758954986
|move|p1a: Great Tusk|Knock Off|p2a: Moltres
|-damage|p2a: Moltres|63/100
|-enditem|p2a: Moltres|Heavy-Duty Boots|[from] move: Knock Off|[of] p1a: Great Tusk
|move|p2a: Moltres|Flamethrower|p1a: Great Tusk
|-damage|p1a: Great Tusk|41/100
|
|-weather|Snowscape|[upkeep]
|upkeep
|turn|19
|
|t:|1758954992
|-end|p1a: Great Tusk|Protosynthesis|[silent]
|switch|p1a: Moltres|Moltres|100/100
|move|p2a: Moltres|Roar|p1a: Moltres
|drag|p1a: Slowking|Slowking-Galar, F|98/100
|
|-weather|Snowscape|[upkeep]
|upkeep
|turn|20
|
|t:|1758954997
|move|p2a: Moltres|Roost|p2a: Moltres
|-heal|p2a: Moltres|100/100
|-singleturn|p2a: Moltres|move: Roost
|-prepare|p1a: Slowking|Chilly Reception|[premajor]
|move|p1a: Slowking|Chilly Reception|p1a: Slowking
|
|t:|1758955003
|switch|p1a: Moltres|Moltres|100/100|[from] Chilly Reception
|
|-weather|none
|upkeep
|turn|21
|
|t:|1758955007
|move|p1a: Moltres|U-turn|p2a: Moltres
|-resisted|p2a: Moltres
|-damage|p2a: Moltres|98/100
|
|t:|1758955010
|switch|p1a: Slowking|Slowking-Galar, F|100/100|[from] U-turn
|move|p2a: Moltres|Roar|p1a: Slowking
|drag|p1a: Great Tusk|Great Tusk|41/100
|
|upkeep
|turn|22
|
|t:|1758955014
|-end|p1a: Great Tusk|Protosynthesis|[silent]
|switch|p1a: Slowking|Slowking-Galar, F|100/100
|move|p2a: Moltres|Roar|p1a: Slowking
|drag|p1a: Moltres|Moltres|100/100
|
|upkeep
|turn|23
|
|t:|1758955019
|switch|p1a: Slowking|Slowking-Galar, F|100/100
|move|p2a: Moltres|Roar|p1a: Slowking
|drag|p1a: Great Tusk|Great Tusk|41/100
|
|upkeep
|turn|24
|
|t:|1758955024
|-end|p1a: Great Tusk|Protosynthesis|[silent]
|switch|p1a: Slowking|Slowking-Galar, F|100/100
|move|p2a: Moltres|Roar|p1a: Slowking
|drag|p1a: Great Tusk|Great Tusk|41/100
|
|upkeep
|turn|25
|
|t:|1758955028
|-end|p1a: Great Tusk|Protosynthesis|[silent]
|switch|p1a: Slowking|Slowking-Galar, F|100/100
|move|p2a: Moltres|Roar|p1a: Slowking
|drag|p1a: Weavile|Weavile, M|100/100
|-ability|p1a: Weavile|Pressure
|
|upkeep
|turn|26
|
|t:|1758955033
|switch|p1a: Moltres|Moltres|100/100
|move|p2a: Moltres|Roar|p1a: Moltres
|drag|p1a: Slowking|Slowking-Galar, F|100/100
|
|upkeep
|turn|27
|
|t:|1758955038
|move|p2a: Moltres|Flamethrower|p1a: Slowking
|-damage|p1a: Slowking|79/100
|move|p1a: Slowking|Toxic|p2a: Moltres
|-status|p2a: Moltres|tox
|
|-damage|p2a: Moltres|92/100 tox|[from] psn
|upkeep
|turn|28
|
|t:|1758955045
|-prepare|p1a: Slowking|Chilly Reception|[premajor]
|move|p1a: Slowking|Chilly Reception|p1a: Slowking
|-weather|Snowscape
|j| G黄金矿工-Daiigo
|
|t:|1758955050
|switch|p1a: Moltres|Moltres|100/100|[from] Chilly Reception
|move|p2a: Moltres|Roar|p1a: Moltres
|drag|p1a: Weavile|Weavile, M|100/100
|-ability|p1a: Weavile|Pressure
|
|-weather|Snowscape|[upkeep]
|-damage|p2a: Moltres|80/100 tox|[from] psn
|upkeep
|turn|29
|
|t:|1758955055
|switch|p1a: Slowking|Slowking-Galar, F|100/100
|move|p2a: Moltres|Flamethrower|p1a: Slowking
|-damage|p1a: Slowking|80/100
|
|-weather|Snowscape|[upkeep]
|-damage|p2a: Moltres|62/100 tox|[from] psn
|upkeep
|turn|30
|
|t:|1758955060
|move|p2a: Moltres|Flamethrower|p1a: Slowking
|-damage|p1a: Slowking|56/100
|move|p1a: Slowking|Future Sight|p2a: Moltres
|-start|p1a: Slowking|move: Future Sight
|
|-weather|Snowscape|[upkeep]
|-damage|p2a: Moltres|38/100 tox|[from] psn
|upkeep
|turn|31
|
|t:|1758955066
|move|p2a: Moltres|Flamethrower|p1a: Slowking
|-damage|p1a: Slowking|35/100
|-prepare|p1a: Slowking|Chilly Reception|[premajor]
|move|p1a: Slowking|Chilly Reception|p1a: Slowking
|
|t:|1758955067
|switch|p1a: Moltres|Moltres|100/100|[from] Chilly Reception
|
|-weather|Snowscape|[upkeep]
|-damage|p2a: Moltres|8/100 tox|[from] psn
|upkeep
|turn|32
|
|t:|1758955072
|switch|p1a: Slowking|Slowking-Galar, F|69/100
|move|p2a: Moltres|Flamethrower|p1a: Slowking
|-damage|p1a: Slowking|47/100
|
|-weather|none
|-end|p2a: Moltres|move: Future Sight
|-damage|p2a: Moltres|0 fnt
|faint|p2a: Moltres
|upkeep
|
|t:|1758955077
|switch|p2a: Dragapult|Dragapult, F|34/100
|turn|33
|
|t:|1758955082
|move|p2a: Dragapult|Dragon Darts|p1a: Slowking
|-damage|p1a: Slowking|25/100
|-anim|p2a: Dragapult|Dragon Darts|p1a: Slowking
|-damage|p1a: Slowking|3/100
|move|p1a: Slowking|Toxic|p2a: Dragapult
|-status|p2a: Dragapult|tox
|
|-damage|p2a: Dragapult|28/100 tox|[from] psn
|upkeep
|turn|34
|
|t:|1758955087
|move|p2a: Dragapult|Hex|p1a: Slowking
|-supereffective|p1a: Slowking
|-damage|p1a: Slowking|0 fnt
|faint|p1a: Slowking
|
|-damage|p2a: Dragapult|16/100 tox|[from] psn
|upkeep
|
|t:|1758955089
|switch|p1a: Weavile|Weavile, M|100/100
|-ability|p1a: Weavile|Pressure
|turn|35
|
|t:|1758955094
|switch|p2a: Kingambit|Kingambit, M|88/100
|-damage|p2a: Kingambit|63/100|[from] Spikes
|-damage|p2a: Kingambit|57/100|[from] Stealth Rock
|-activate|p2a: Kingambit|ability: Supreme Overlord
|-start|p2a: Kingambit|fallen3|[silent]
|move|p1a: Weavile|Ice Shard|p2a: Kingambit
|-resisted|p2a: Kingambit
|-damage|p2a: Kingambit|49/100
|
|-heal|p2a: Kingambit|55/100|[from] item: Leftovers
|upkeep
|turn|36
|
|t:|1758955100
|move|p1a: Weavile|Low Kick|p2a: Kingambit
|-supereffective|p2a: Kingambit
|-damage|p2a: Kingambit|0 fnt
|faint|p2a: Kingambit
|-end|p2a: Kingambit|fallen3|[silent]
|
|upkeep
|
|t:|1758955107
|switch|p2a: Dragapult|Dragapult, F|16/100 tox
|turn|37
|
|t:|1758955111
|move|p1a: Weavile|Ice Shard|p2a: Dragapult
|-supereffective|p2a: Dragapult
|-damage|p2a: Dragapult|0 fnt
|faint|p2a: Dragapult
|
|upkeep
|
|t:|1758955117
|switch|p2a: Slowking|Slowking-Galar, M|100/100
|-damage|p2a: Slowking|76/100|[from] Spikes
|-damage|p2a: Slowking|63/100|[from] Stealth Rock
|turn|38
|
|t:|1758955121
|-terastallize|p2a: Slowking|Water
|move|p1a: Weavile|Knock Off|p2a: Slowking
|-damage|p2a: Slowking|16/100
|-enditem|p2a: Slowking|Assault Vest|[from] move: Knock Off|[of] p1a: Weavile
|move|p2a: Slowking|Flamethrower|p1a: Weavile
|-supereffective|p1a: Weavile
|-damage|p1a: Weavile|20/100
|
|upkeep
|turn|39
|
|t:|1758955129
|move|p1a: Weavile|Knock Off|p2a: Slowking
|-damage|p2a: Slowking|0 fnt
|faint|p2a: Slowking
|
|win|Borderofseal
|raw|Borderofseal's rating: 1576 &rarr; <strong>1602</strong><br />(+26 for winning)
|raw|lerendezvous's rating: 1678 &rarr; <strong>1652</strong><br />(-26 for losing)
