|badge|p2|bronze|gen9ou|100-6
|badge|p2|bronze|gen9ru|100-6
|badge|p2|bronze|gen9uu|100-6
|html|<div class="broadcast-red"><strong>This battle is required to be public due to one or more player having a season medal.</strong><br />During the public phase, you can discuss the state of the ladder <a href="/seasondiscussion">in a special chatroom.</a></div>
|uhtml|medal-msg|<div class="broadcast-blue">Curious what those medals under the avatar are? PS now has Ladder Seasons! For more information, check out the <a href="https://www.smogon.com/forums/threads/3740067/">thread on Smogon.</a></div>
|raw|<div class="broadcast-blue"><strong>This battle is required to be public due to a player having a name starting with 'medal'.</div>
|j|‽hyperpizza100
|j|☆Sirpeanutcronch
|t:|1759005632
|gametype|singles
|player|p1|hyperpizza100|pokemonranger-gen4|1746
|player|p2|Sirpeanutcronch|#wcop2025africa|1868
|gen|9
|tier|[Gen 9] OU
|rated|
|rule|HP Percentage Mod: HP is shown in percentages
|rule|Endless Battle Clause: Forcing endless battles is banned
|rule|Species Clause: Limit one of each Pokémon
|rule|OHKO Clause: OHKO moves are banned
|rule|Evasion Items Clause: Evasion items are banned
|rule|Evasion Moves Clause: Evasion moves are banned
|rule|Evasion Abilities Clause: Evasion abilities are banned
|rule|Sleep Moves Clause: Sleep-inducing moves are banned
|clearpoke
|poke|p1|Ting-Lu|
|poke|p1|Dragonite, F|
|poke|p1|Zamazenta-*|
|poke|p1|Clefable, F|
|poke|p1|Glimmora, M|
|poke|p1|Slowking-Galar, F|
|poke|p2|Darkrai|
|poke|p2|Landorus-Therian, M|
|poke|p2|Zamazenta-*|
|poke|p2|Raging Bolt|
|poke|p2|Primarina, F|
|poke|p2|Scizor, F|
|teampreview
|
|t:|1759005694
|teamsize|p1|6
|teamsize|p2|6
|start
|switch|p1a: Glimmora|Glimmora, M|100/100
|switch|p2a: Scizor|Scizor, F|100/100
|turn|1
|
|t:|1759005701
|switch|p1a: Ting-Lu|Ting-Lu|100/100
|-ability|p1a: Ting-Lu|Vessel of Ruin
|move|p2a: Scizor|Bullet Punch|p1a: Ting-Lu
|-damage|p1a: Ting-Lu|70/100
|
|-heal|p1a: Ting-Lu|76/100|[from] item: Leftovers
|upkeep
|turn|2
|
|t:|1759005706
|move|p2a: Scizor|Bullet Punch|p1a: Ting-Lu
|-damage|p1a: Ting-Lu|48/100
|move|p1a: Ting-Lu|Spikes|p2a: Scizor
|-sidestart|p2: Sirpeanutcronch|Spikes
|
|-heal|p1a: Ting-Lu|54/100|[from] item: Leftovers
|upkeep
|turn|3
|
|t:|1759005712
|move|p2a: Scizor|Bullet Punch|p1a: Ting-Lu
|-damage|p1a: Ting-Lu|27/100
|move|p1a: Ting-Lu|Ruination|p2a: Scizor
|-damage|p2a: Scizor|50/100
|
|-heal|p1a: Ting-Lu|33/100|[from] item: Leftovers
|upkeep
|turn|4
|
|t:|1759005716
|switch|p1a: Zamazenta|Zamazenta|100/100
|-ability|p1a: Zamazenta|Dauntless Shield|boost
|-boost|p1a: Zamazenta|def|1
|move|p2a: Scizor|Bullet Punch|p1a: Zamazenta
|-damage|p1a: Zamazenta|76/100
|
|upkeep
|turn|5
|
|t:|1759005721
|switch|p1a: Clefable|Clefable, F|100/100
|switch|p2a: Landorus|Landorus-Therian, M|100/100
|-ability|p2a: Landorus|Intimidate|boost
|-unboost|p1a: Clefable|atk|1
|
|upkeep
|turn|6
|
|t:|1759005724
|move|p2a: Landorus|Taunt|p1a: Clefable
|-start|p1a: Clefable|move: Taunt
|move|p1a: Clefable|Moonblast|p2a: Landorus
|-damage|p2a: Landorus|69/100
|-unboost|p2a: Landorus|spa|1
|
|upkeep
|turn|7
|
|t:|1759005726
|move|p2a: Landorus|Stealth Rock|p1a: Clefable
|-sidestart|p1: hyperpizza100|move: Stealth Rock
|move|p1a: Clefable|Moonblast|p2a: Landorus
|-damage|p2a: Landorus|32/100
|
|upkeep
|turn|8
|
|t:|1759005729
|move|p2a: Landorus|U-turn|p1a: Clefable
|-resisted|p1a: Clefable
|-damage|p1a: Clefable|93/100
|-damage|p2a: Landorus|16/100|[from] item: Rocky Helmet|[of] p1a: Clefable
|
|t:|1759005731
|switch|p2a: Primarina|Primarina, F|100/100|[from] U-turn
|-damage|p2a: Primarina|88/100|[from] Spikes
|move|p1a: Clefable|Knock Off|p2a: Primarina
|-resisted|p2a: Primarina
|-damage|p2a: Primarina|83/100
|-enditem|p2a: Primarina|Assault Vest|[from] move: Knock Off|[of] p1a: Clefable
|
|-end|p1a: Clefable|move: Taunt
|upkeep
|turn|9
|
|t:|1759005735
|switch|p1a: Slowking|Slowking-Galar, F|100/100
|-damage|p1a: Slowking|88/100|[from] Stealth Rock
|move|p2a: Primarina|Moonblast|p1a: Slowking
|-resisted|p1a: Slowking
|-damage|p1a: Slowking|76/100
|
|upkeep
|turn|10
|
|t:|1759005738
|move|p2a: Primarina|Surf|p1a: Slowking
|-damage|p1a: Slowking|53/100
|move|p1a: Slowking|Flamethrower|p2a: Primarina
|-resisted|p2a: Primarina
|-damage|p2a: Primarina|72/100
|
|upkeep
|turn|11
|
|t:|1759005742
|move|p2a: Primarina|Flip Turn|p1a: Slowking
|-damage|p1a: Slowking|38/100
|
|t:|1759005744
|switch|p2a: Landorus|Landorus-Therian, M|16/100|[from] Flip Turn
|-ability|p2a: Landorus|Intimidate|boost
|-unboost|p1a: Slowking|atk|1
|move|p1a: Slowking|Sludge Bomb|p2a: Landorus
|-resisted|p2a: Landorus
|-damage|p2a: Landorus|0 fnt
|faint|p2a: Landorus
|
|upkeep
|
|t:|1759005746
|switch|p2a: Scizor|Scizor, F|50/100
|-damage|p2a: Scizor|38/100|[from] Spikes
|turn|12
|
|t:|1759005751
|switch|p1a: Glimmora|Glimmora, M|100/100
|-damage|p1a: Glimmora|88/100|[from] Stealth Rock
|move|p2a: Scizor|Bullet Punch|p1a: Glimmora
|-supereffective|p1a: Glimmora
|-damage|p1a: Glimmora|0 fnt
|-activate|p1a: Glimmora|ability: Toxic Debris
|-sidestart|p2: Sirpeanutcronch|move: Toxic Spikes
|faint|p1a: Glimmora
|
|upkeep
|
|t:|1759005760
|switch|p1a: Dragonite|Dragonite, F|100/100
|turn|13
|
|t:|1759005764
|move|p2a: Scizor|Bullet Punch|p1a: Dragonite
|-damage|p1a: Dragonite|72/100
|move|p1a: Dragonite|Earthquake|p2a: Scizor
|-damage|p2a: Scizor|0 fnt
|faint|p2a: Scizor
|
|upkeep
|
|t:|1759005771
|switch|p2a: Primarina|Primarina, F|72/100
|-damage|p2a: Primarina|59/100|[from] Spikes
|-status|p2a: Primarina|psn
|turn|14
|
|t:|1759005780
|move|p1a: Dragonite|Earthquake|p2a: Primarina
|-crit|p2a: Primarina
|-damage|p2a: Primarina|0 fnt
|faint|p2a: Primarina
|
|upkeep
|
|t:|1759005784
|switch|p2a: Darkrai|Darkrai|100/100
|turn|15
|
|t:|1759005790
|move|p1a: Dragonite|Extreme Speed|p2a: Darkrai
|-damage|p2a: Darkrai|57/100
|move|p2a: Darkrai|Ice Beam|p1a: Dragonite
|-supereffective|p1a: Dragonite
|-damage|p1a: Dragonite|0 fnt
|faint|p1a: Dragonite
|
|upkeep
|
|t:|1759005795
|switch|p1a: Zamazenta|Zamazenta|76/100
|-damage|p1a: Zamazenta|70/100|[from] Stealth Rock
|turn|16
|
|t:|1759005799
|-terastallize|p2a: Darkrai|Poison
|move|p1a: Zamazenta|Body Press|p2a: Darkrai
|-resisted|p2a: Darkrai
|-damage|p2a: Darkrai|30/100
|move|p2a: Darkrai|Will-O-Wisp|p1a: Zamazenta
|-status|p1a: Zamazenta|brn
|
|-damage|p1a: Zamazenta|64/100 brn|[from] brn
|upkeep
|turn|17
|
|t:|1759005806
|move|p1a: Zamazenta|Rest|p1a: Zamazenta
|-status|p1a: Zamazenta|slp|[from] move: Rest
|-heal|p1a: Zamazenta|100/100 slp|[silent]
|-enditem|p1a: Zamazenta|Chesto Berry|[eat]
|-curestatus|p1a: Zamazenta|slp|[msg]
|move|p2a: Darkrai|Sludge Bomb|p1a: Zamazenta
|-damage|p1a: Zamazenta|56/100
|-status|p1a: Zamazenta|psn
|
|-damage|p1a: Zamazenta|44/100 psn|[from] psn
|upkeep
|turn|18
|
|t:|1759005815
|switch|p1a: Ting-Lu|Ting-Lu|33/100
|-damage|p1a: Ting-Lu|27/100|[from] Stealth Rock
|-ability|p1a: Ting-Lu|Vessel of Ruin
|switch|p2a: Zamazenta|Zamazenta|100/100
|-ability|p2a: Zamazenta|Dauntless Shield|boost
|-boost|p2a: Zamazenta|def|1
|
|-heal|p1a: Ting-Lu|33/100|[from] item: Leftovers
|upkeep
|turn|19
|
|t:|1759005826
|switch|p1a: Clefable|Clefable, F|93/100
|move|p2a: Zamazenta|Close Combat|p1a: Clefable
|-resisted|p1a: Clefable
|-damage|p1a: Clefable|71/100
|-unboost|p2a: Zamazenta|def|1
|-unboost|p2a: Zamazenta|spd|1
|-damage|p2a: Zamazenta|84/100|[from] item: Rocky Helmet|[of] p1a: Clefable
|
|upkeep
|turn|20
|
|t:|1759005832
|move|p1a: Clefable|Moonblast|p2a: Zamazenta
|-supereffective|p2a: Zamazenta
|-damage|p2a: Zamazenta|4/100
|move|p2a: Zamazenta|Roar|p1a: Clefable
|drag|p1a: Slowking|Slowking-Galar, F|72/100
|-damage|p1a: Slowking|59/100|[from] Stealth Rock
|
|upkeep
|turn|21
|
|t:|1759005837
|switch|p1a: Clefable|Clefable, F|71/100
|move|p2a: Zamazenta|Crunch|p1a: Clefable
|-resisted|p1a: Clefable
|-damage|p1a: Clefable|60/100
|-damage|p2a: Zamazenta|0 fnt|[from] item: Rocky Helmet|[of] p1a: Clefable
|faint|p2a: Zamazenta
|
|upkeep
|
|t:|1759005839
|switch|p2a: Darkrai|Darkrai, tera:Poison|30/100
|-sideend|p2: Sirpeanutcronch|move: Toxic Spikes|[of] p2a: Darkrai
|turn|22
|
|t:|1759005854
|move|p2a: Darkrai|Sludge Bomb|p1a: Clefable
|-supereffective|p1a: Clefable
|-damage|p1a: Clefable|0 fnt
|faint|p1a: Clefable
|
|upkeep
|
|t:|1759005871
|switch|p1a: Ting-Lu|Ting-Lu|33/100
|-damage|p1a: Ting-Lu|27/100|[from] Stealth Rock
|-ability|p1a: Ting-Lu|Vessel of Ruin
|turn|23
|
|t:|1759005876
|-terastallize|p1a: Ting-Lu|Steel
|move|p2a: Darkrai|Ice Beam|p1a: Ting-Lu
|-resisted|p1a: Ting-Lu
|-damage|p1a: Ting-Lu|21/100
|move|p1a: Ting-Lu|Earthquake|p2a: Darkrai
|-supereffective|p2a: Darkrai
|-damage|p2a: Darkrai|0 fnt
|faint|p2a: Darkrai
|
|-heal|p1a: Ting-Lu|27/100|[from] item: Leftovers
|upkeep
|
|t:|1759005878
|switch|p2a: Raging Bolt|Raging Bolt|100/100
|-damage|p2a: Raging Bolt|88/100|[from] Spikes
|-enditem|p2a: Raging Bolt|Booster Energy
|-activate|p2a: Raging Bolt|ability: Protosynthesis|[fromitem]
|-start|p2a: Raging Bolt|protosynthesisspa
|turn|24
|
|t:|1759005881
|move|p2a: Raging Bolt|Thunderbolt|p1a: Ting-Lu
|-damage|p1a: Ting-Lu|0 fnt
|faint|p1a: Ting-Lu
|
|upkeep
|
|t:|1759005883
|switch|p1a: Slowking|Slowking-Galar, F|92/100
|-damage|p1a: Slowking|80/100|[from] Stealth Rock
|turn|25
|
|t:|1759005886
|move|p2a: Raging Bolt|Calm Mind|p2a: Raging Bolt
|-boost|p2a: Raging Bolt|spa|1
|-boost|p2a: Raging Bolt|spd|1
|move|p1a: Slowking|Ice Beam|p2a: Raging Bolt
|-supereffective|p2a: Raging Bolt
|-damage|p2a: Raging Bolt|55/100
|
|upkeep
|turn|26
|
|t:|1759005895
|move|p2a: Raging Bolt|Thunderbolt|p1a: Slowking
|-damage|p1a: Slowking|33/100
|move|p1a: Slowking|Ice Beam|p2a: Raging Bolt
|-supereffective|p2a: Raging Bolt
|-damage|p2a: Raging Bolt|23/100
|
|upkeep
|turn|27
|
|t:|1759005898
|switch|p1a: Zamazenta|Zamazenta|44/100 psn
|-damage|p1a: Zamazenta|38/100 psn|[from] Stealth Rock
|move|p2a: Raging Bolt|Calm Mind|p2a: Raging Bolt
|-boost|p2a: Raging Bolt|spa|1
|-boost|p2a: Raging Bolt|spd|1
|
|-damage|p1a: Zamazenta|25/100 psn|[from] psn
|upkeep
|turn|28
|
|t:|1759005906
|switch|p1a: Slowking|Slowking-Galar, F|66/100
|-damage|p1a: Slowking|54/100|[from] Stealth Rock
|move|p2a: Raging Bolt|Thunderclap||[still]
|-fail|p2a: Raging Bolt
|
|upkeep
|turn|29
|
|t:|1759005912
|switch|p1a: Zamazenta|Zamazenta|25/100 psn
|-damage|p1a: Zamazenta|19/100 psn|[from] Stealth Rock
|move|p2a: Raging Bolt|Calm Mind|p2a: Raging Bolt
|-boost|p2a: Raging Bolt|spa|1
|-boost|p2a: Raging Bolt|spd|1
|
|-damage|p1a: Zamazenta|7/100 psn|[from] psn
|upkeep
|turn|30
|
|t:|1759005917
|move|p2a: Raging Bolt|Thunderclap|p1a: Zamazenta
|-damage|p1a: Zamazenta|0 fnt
|faint|p1a: Zamazenta
|
|upkeep
|
|t:|1759005919
|switch|p1a: Slowking|Slowking-Galar, F|87/100
|-damage|p1a: Slowking|74/100|[from] Stealth Rock
|turn|31
|
|t:|1759005922
|move|p2a: Raging Bolt|Thunderbolt|p1a: Slowking
|-damage|p1a: Slowking|0 fnt
|faint|p1a: Slowking
|
|win|Sirpeanutcronch
|raw|hyperpizza100's rating: 1746 &rarr; <strong>1733</strong><br />(-13 for losing)
|raw|Sirpeanutcronch's rating: 1868 &rarr; <strong>1881</strong><br />(+13 for winning)
