|j|☆GhostDumbDumb
|j|☆viutil
|t:|1758968661
|gametype|singles
|player|p1|GhostDumbDumb|unknown|1447
|player|p2|viutil|265|1529
|gen|9
|tier|[Gen 9] OU
|rated|
|rule|HP Percentage Mod: HP is shown in percentages
|rule|Endless Battle Clause: Forcing endless battles is banned
|rule|Species Clause: Limit one of each Pokémon
|rule|OHKO Clause: OHKO moves are banned
|rule|Evasion Items Clause: Evasion items are banned
|rule|Evasion Moves Clause: Evasion moves are banned
|rule|Evasion Abilities Clause: Evasion abilities are banned
|rule|Sleep Moves Clause: Sleep-inducing moves are banned
|clearpoke
|poke|p1|Dragapult, F|
|poke|p1|Gliscor, M|
|poke|p1|Reuniclus, F|
|poke|p1|Sceptile, F|
|poke|p1|Greninja-*, M|
|poke|p1|Weezing-Galar, M|
|poke|p2|Kyurem|
|poke|p2|Ogerpon-Cornerstone, F|
|poke|p2|Cinderace, M|
|poke|p2|Slowking-Galar, F|
|poke|p2|Dragapult, M|
|poke|p2|Iron Valiant|
|teampreview
|
|t:|1758968707
|teamsize|p1|6
|teamsize|p2|6
|start
|switch|p1a: Smiff|Greninja, M|100/100
|switch|p2a: Dragapult|Dragapult, M|100/100
|turn|1
|
|t:|1758968717
|move|p2a: Dragapult|U-turn|p1a: Smiff
|-supereffective|p1a: Smiff
|-damage|p1a: Smiff|48/100
|
|t:|1758968722
|switch|p2a: Iron Valiant|Iron Valiant|100/100|[from] U-turn
|-enditem|p2a: Iron Valiant|Booster Energy
|-activate|p2a: Iron Valiant|ability: Quark Drive|[fromitem]
|-start|p2a: Iron Valiant|quarkdrivespe
|move|p1a: Smiff|Dark Pulse|p2a: Iron Valiant
|-resisted|p2a: Iron Valiant
|-damage|p2a: Iron Valiant|82/100
|
|upkeep
|turn|2
|
|t:|1758968732
|move|p1a: Smiff|Water Shuriken|p2a: Iron Valiant
|-damage|p2a: Iron Valiant|67/100
|-damage|p2a: Iron Valiant|51/100
|-damage|p2a: Iron Valiant|35/100
|-damage|p2a: Iron Valiant|19/100
|-hitcount|p2a: Iron Valiant|4
|move|p2a: Iron Valiant|Moonblast|p1a: Smiff
|-supereffective|p1a: Smiff
|-damage|p1a: Smiff|0 fnt
|faint|p1a: Smiff
|
|upkeep
|
|t:|1758968749
|switch|p1a: Weezing|Weezing-Galar, M, shiny|100/100
|-ability|p1a: Weezing|Neutralizing Gas
|turn|3
|
|t:|1758968759
|-end|p2a: Iron Valiant|Quark Drive|[silent]
|switch|p2a: Slowking|Slowking-Galar, F|100/100
|move|p1a: Weezing|Sludge Bomb|p2a: Slowking
|-resisted|p2a: Slowking
|-damage|p2a: Slowking|86/100
|
|upkeep
|turn|4
|
|t:|1758968768
|-end|p1a: Weezing|ability: Neutralizing Gas
|switch|p1a: Shoots Kids|Dragapult, F, shiny|100/100
|move|p2a: Slowking|Future Sight|p1a: Shoots Kids
|-start|p2a: Slowking|move: Future Sight
|
|upkeep
|turn|5
|
|t:|1758968774
|move|p1a: Shoots Kids|Shadow Ball|p2a: Slowking
|-supereffective|p2a: Slowking
|-damage|p2a: Slowking|13/100
|-prepare|p2a: Slowking|Chilly Reception|[premajor]
|move|p2a: Slowking|Chilly Reception|p2a: Slowking
|-weather|Snowscape
|
|t:|1758968781
|switch|p2a: Ogerpon|Ogerpon-Cornerstone, F|100/100|[from] Chilly Reception
|
|-weather|Snowscape|[upkeep]
|upkeep
|turn|6
|
|t:|1758968786
|move|p1a: Shoots Kids|Shadow Ball|p2a: Ogerpon
|-damage|p2a: Ogerpon|38/100
|-unboost|p2a: Ogerpon|spd|1
|move|p2a: Ogerpon|Knock Off|p1a: Shoots Kids
|-supereffective|p1a: Shoots Kids
|-damage|p1a: Shoots Kids|0 fnt
|-enditem|p1a: Shoots Kids|Choice Specs|[from] move: Knock Off|[of] p2a: Ogerpon
|faint|p1a: Shoots Kids
|
|-weather|Snowscape|[upkeep]
|-hint|Future Sight did not hit because the target is fainted.
|upkeep
|
|t:|1758968813
|switch|p1a: Weezing|Weezing-Galar, M, shiny|100/100
|-ability|p1a: Weezing|Neutralizing Gas
|turn|7
|
|t:|1758968822
|move|p2a: Ogerpon|Power Whip|p1a: Weezing
|-resisted|p1a: Weezing
|-damage|p1a: Weezing|69/100
|move|p1a: Weezing|Strange Steam|p2a: Ogerpon
|-damage|p2a: Ogerpon|0 fnt
|faint|p2a: Ogerpon
|
|-weather|Snowscape|[upkeep]
|upkeep
|
|t:|1758968843
|switch|p2a: Dragapult|Dragapult, M|100/100
|turn|8
|
|t:|1758968849
|move|p2a: Dragapult|Shadow Ball|p1a: Weezing
|-damage|p1a: Weezing|19/100
|move|p1a: Weezing|Strange Steam|p2a: Dragapult
|-supereffective|p2a: Dragapult
|-damage|p2a: Dragapult|0 fnt
|faint|p2a: Dragapult
|
|-weather|Snowscape|[upkeep]
|upkeep
|
|t:|1758968858
|switch|p2a: Kyurem|Kyurem|100/100
|turn|9
|
|t:|1758968862
|move|p2a: Kyurem|Icicle Spear|p1a: Weezing
|-damage|p1a: Weezing|7/100
|-damage|p1a: Weezing|0 fnt
|faint|p1a: Weezing
|-end|p1a: Weezing|ability: Neutralizing Gas
|-ability|p2a: Kyurem|Pressure
|-hitcount|p1: Weezing|2
|
|-weather|none
|upkeep
|
|t:|1758968884
|switch|p1a: Typhlosions Lawyer|Sceptile, F, shiny|100/100
|turn|10
|
|t:|1758968892
|switch|p2a: Cinderace|Cinderace, M|100/100
|-terastallize|p1a: Typhlosions Lawyer|Rock
|move|p1a: Typhlosions Lawyer|Tera Blast|p2a: Cinderace|[anim] Tera Blast Rock
|-supereffective|p2a: Cinderace
|-damage|p2a: Cinderace|0 fnt
|faint|p2a: Cinderace
|
|upkeep
|
|t:|1758968897
|switch|p2a: Kyurem|Kyurem|100/100
|-ability|p2a: Kyurem|Pressure
|turn|11
|
|t:|1758968904
|-terastallize|p2a: Kyurem|Ground
|move|p1a: Typhlosions Lawyer|Tera Blast|p2a: Kyurem|[anim] Tera Blast Rock
|-resisted|p2a: Kyurem
|-damage|p2a: Kyurem|81/100
|move|p2a: Kyurem|Icicle Spear|p1a: Typhlosions Lawyer
|-damage|p1a: Typhlosions Lawyer|79/100
|-damage|p1a: Typhlosions Lawyer|57/100
|-damage|p1a: Typhlosions Lawyer|35/100
|-damage|p1a: Typhlosions Lawyer|14/100
|-damage|p1a: Typhlosions Lawyer|0 fnt
|faint|p1a: Typhlosions Lawyer
|-hitcount|p1: Typhlosions Lawyer|5
|
|upkeep
|
|t:|1758968917
|switch|p1a: Wait...|Reuniclus, F, shiny|100/100
|turn|12
|
|t:|1758968921
|move|p2a: Kyurem|Dragon Dance|p2a: Kyurem
|-boost|p2a: Kyurem|atk|1
|-boost|p2a: Kyurem|spe|1
|move|p1a: Wait...|Acid Armor|p1a: Wait...
|-boost|p1a: Wait...|def|2
|
|upkeep
|turn|13
|
|t:|1758968928
|switch|p2a: Iron Valiant|Iron Valiant|19/100
|move|p1a: Wait...|Acid Armor|p1a: Wait...
|-boost|p1a: Wait...|def|2
|
|upkeep
|turn|14
|
|t:|1758968933
|move|p2a: Iron Valiant|Encore|p1a: Wait...
|-start|p1a: Wait...|Encore
|move|p1a: Wait...|Acid Armor|p1a: Wait...
|-boost|p1a: Wait...|def|2
|
|upkeep
|turn|15
|
|t:|1758968938
|switch|p1a: Mr Middle Finger|Gliscor, M, shiny|100/100
|move|p2a: Iron Valiant|Calm Mind|p2a: Iron Valiant
|-boost|p2a: Iron Valiant|spa|1
|-boost|p2a: Iron Valiant|spd|1
|
|-status|p1a: Mr Middle Finger|tox|[from] item: Toxic Orb
|upkeep
|turn|16
|
|t:|1758968945
|-end|p2a: Iron Valiant|Quark Drive|[silent]
|switch|p2a: Slowking|Slowking-Galar, F|46/100
|move|p1a: Mr Middle Finger|Earthquake|p2a: Slowking
|-supereffective|p2a: Slowking
|-damage|p2a: Slowking|0 fnt
|faint|p2a: Slowking
|
|upkeep
|
|t:|1758968947
|switch|p2a: Kyurem|Kyurem, tera:Ground|81/100
|-ability|p2a: Kyurem|Pressure
|turn|17
|
|t:|1758968957
|move|p2a: Kyurem|Dragon Dance|p2a: Kyurem
|-boost|p2a: Kyurem|atk|1
|-boost|p2a: Kyurem|spe|1
|move|p1a: Mr Middle Finger|Substitute|p1a: Mr Middle Finger
|-start|p1a: Mr Middle Finger|Substitute
|-damage|p1a: Mr Middle Finger|76/100 tox
|
|-heal|p1a: Mr Middle Finger|88/100 tox|[from] ability: Poison Heal
|upkeep
|turn|18
|
|t:|1758968966
|move|p2a: Kyurem|Icicle Spear|p1a: Mr Middle Finger
|-supereffective|p1a: Mr Middle Finger
|-end|p1a: Mr Middle Finger|Substitute
|-supereffective|p1a: Mr Middle Finger
|-damage|p1a: Mr Middle Finger|44/100 tox
|-supereffective|p1a: Mr Middle Finger
|-damage|p1a: Mr Middle Finger|0 fnt
|faint|p1a: Mr Middle Finger
|-hitcount|p1: Mr Middle Finger|3
|
|upkeep
|
|t:|1758968973
|switch|p1a: Wait...|Reuniclus, F, shiny|100/100
|turn|19
|
|t:|1758968977
|move|p2a: Kyurem|Icicle Spear|p1a: Wait...
|-damage|p1a: Wait...|84/100
|-damage|p1a: Wait...|67/100
|-damage|p1a: Wait...|48/100
|-crit|p1a: Wait...
|-damage|p1a: Wait...|21/100
|-damage|p1a: Wait...|5/100
|-hitcount|p1a: Wait...|5
|move|p1a: Wait...|Acid Armor|p1a: Wait...
|-boost|p1a: Wait...|def|2
|
|-heal|p1a: Wait...|11/100|[from] item: Leftovers
|upkeep
|turn|20
|-message|GhostDumbDumb forfeited.
|
|win|viutil
|raw|GhostDumbDumb's rating: 1447 &rarr; <strong>1432</strong><br />(-15 for losing)
|raw|viutil's rating: 1529 &rarr; <strong>1544</strong><br />(+15 for winning)
|l|☆GhostDumbDumb
|player|p1|
|l|☆viutil
|player|p2|
