|j|☆doodle0205
|j|☆you should now
|t:|1758956816
|gametype|singles
|player|p1|doodle0205|266|1632
|player|p2|you should now|170|1538
|gen|9
|tier|[Gen 9] OU
|rated|
|rule|HP Percentage Mod: HP is shown in percentages
|rule|Endless Battle Clause: Forcing endless battles is banned
|rule|Species Clause: Limit one of each Pokémon
|rule|OHKO Clause: OHKO moves are banned
|rule|Evasion Items Clause: Evasion items are banned
|rule|Evasion Moves Clause: Evasion moves are banned
|rule|Evasion Abilities Clause: Evasion abilities are banned
|rule|Sleep Moves Clause: Sleep-inducing moves are banned
|clearpoke
|poke|p1|Great Tusk|
|poke|p1|Heatran, M|
|poke|p1|Weavile, M|
|poke|p1|Primarina, M|
|poke|p1|Ogerpon, F|
|poke|p1|Pecharunt|
|poke|p2|Meloetta|
|poke|p2|Iron Moth|
|poke|p2|Corviknight, F|
|poke|p2|Slowking-Galar, M|
|poke|p2|Great Tusk|
|poke|p2|Lokix, M|
|teampreview
|inactive|Battle timer is ON: inactive players will automatically lose when time's up. (requested by doodle0205)
|
|t:|1758956840
|teamsize|p1|6
|teamsize|p2|6
|start
|switch|p1a: Bandit|Weavile, M, shiny|100/100
|switch|p2a: Lokix|Lokix, M|100/100
|-ability|p1a: Bandit|Pressure
|turn|1
|
|t:|1758956854
|switch|p1a: Overseer|Pecharunt|100/100
|move|p2a: Lokix|First Impression|p1a: Overseer
|-resisted|p1a: Overseer
|-crit|p1a: Overseer
|-damage|p1a: Overseer|79/100
|-damage|p2a: Lokix|84/100|[from] item: Rocky Helmet|[of] p1a: Overseer
|
|upkeep
|turn|2
|
|t:|1758956869
|switch|p2a: Slowking|Slowking-Galar, M|100/100
|move|p1a: Overseer|Parting Shot|p2a: Slowking
|-unboost|p2a: Slowking|atk|1
|-unboost|p2a: Slowking|spa|1
|
|t:|1758956872
|switch|p1a: Chaos|Heatran, M, shiny|100/100|[from] Parting Shot
|-item|p1a: Chaos|Air Balloon
|
|upkeep
|turn|3
|
|t:|1758956888
|move|p1a: Chaos|Stealth Rock|p2a: Slowking
|-sidestart|p2: you should now|move: Stealth Rock
|-prepare|p2a: Slowking|Chilly Reception|[premajor]
|move|p2a: Slowking|Chilly Reception|p2a: Slowking
|-weather|Snowscape
|
|t:|1758956895
|switch|p2a: Meloetta|Meloetta|100/100|[from] Chilly Reception
|-damage|p2a: Meloetta|88/100|[from] Stealth Rock
|
|-weather|Snowscape|[upkeep]
|upkeep
|turn|4
|
|t:|1758956903
|move|p2a: Meloetta|Thunderbolt|p1a: Chaos
|-damage|p1a: Chaos|65/100
|-enditem|p1a: Chaos|Air Balloon
|move|p1a: Chaos|Magma Storm|p2a: Meloetta
|-damage|p2a: Meloetta|47/100
|-activate|p2a: Meloetta|move: Magma Storm|[of] p1a: Chaos
|
|-weather|Snowscape|[upkeep]
|-damage|p2a: Meloetta|34/100|[from] move: Magma Storm|[partiallytrapped]
|upkeep
|turn|5
|
|t:|1758956914
|switch|p1a: Anonymous|Ogerpon, F|100/100
|move|p2a: Meloetta|Thunderbolt|p1a: Anonymous
|-resisted|p1a: Anonymous
|-damage|p1a: Anonymous|81/100
|
|-weather|Snowscape|[upkeep]
|-end|p2a: Meloetta|Magma Storm|[partiallytrapped]|[silent]
|upkeep
|turn|6
|
|t:|1758956921
|switch|p2a: Corviknight|Corviknight, F|100/100
|-damage|p2a: Corviknight|88/100|[from] Stealth Rock
|-ability|p2a: Corviknight|Pressure
|move|p1a: Anonymous|U-turn|p2a: Corviknight
|-resisted|p2a: Corviknight
|-damage|p2a: Corviknight|83/100
|-damage|p1a: Anonymous|64/100|[from] item: Rocky Helmet|[of] p2a: Corviknight
|
|t:|1758956926
|switch|p1a: Chaos|Heatran, M, shiny|65/100|[from] U-turn
|
|-weather|Snowscape|[upkeep]
|upkeep
|turn|7
|inactive|you should now has 120 seconds left.
|
|t:|1758956960
|switch|p2a: Meloetta|Meloetta|34/100
|-damage|p2a: Meloetta|22/100|[from] Stealth Rock
|move|p1a: Chaos|Magma Storm|p2a: Meloetta|[miss]
|-miss|p1a: Chaos|p2a: Meloetta
|
|-weather|none
|upkeep
|turn|8
|inactive|you should now has 120 seconds left.
|
|t:|1758956971
|move|p2a: Meloetta|Shadow Ball|p1a: Chaos
|-damage|p1a: Chaos|33/100
|-unboost|p1a: Chaos|spd|1
|move|p1a: Chaos|Magma Storm|p2a: Meloetta
|-damage|p2a: Meloetta|0 fnt
|faint|p2a: Meloetta
|
|upkeep
|inactive|you should now has 120 seconds left.
|
|t:|1758956979
|switch|p2a: Great Tusk|Great Tusk|100/100
|-damage|p2a: Great Tusk|97/100|[from] Stealth Rock
|turn|9
|
|t:|1758956985
|switch|p1a: Overseer|Pecharunt|79/100
|move|p2a: Great Tusk|Stealth Rock|p1a: Overseer
|-sidestart|p1: doodle0205|move: Stealth Rock
|
|-heal|p2a: Great Tusk|100/100|[from] item: Leftovers
|upkeep
|turn|10
|
|t:|1758957000
|move|p2a: Great Tusk|Headlong Rush|p1a: Overseer
|-supereffective|p1a: Overseer
|-damage|p1a: Overseer|30/100
|-unboost|p2a: Great Tusk|def|1
|-unboost|p2a: Great Tusk|spd|1
|-damage|p2a: Great Tusk|84/100|[from] item: Rocky Helmet|[of] p1a: Overseer
|move|p1a: Overseer|Malignant Chain|p2a: Great Tusk
|-resisted|p2a: Great Tusk
|-damage|p2a: Great Tusk|51/100
|-status|p2a: Great Tusk|tox
|-start|p2a: Great Tusk|confusion|[from] ability: Poison Puppeteer|[of] p1a: Overseer
|
|-heal|p2a: Great Tusk|57/100 tox|[from] item: Leftovers
|-damage|p2a: Great Tusk|51/100 tox|[from] psn
|upkeep
|turn|11
|
|t:|1758957013
|-activate|p2a: Great Tusk|confusion
|move|p2a: Great Tusk|Headlong Rush|p1a: Overseer
|-supereffective|p1a: Overseer
|-damage|p1a: Overseer|0 fnt
|-unboost|p2a: Great Tusk|def|1
|-unboost|p2a: Great Tusk|spd|1
|-damage|p2a: Great Tusk|34/100 tox|[from] item: Rocky Helmet|[of] p1a: Overseer
|faint|p1a: Overseer
|
|-heal|p2a: Great Tusk|40/100 tox|[from] item: Leftovers
|-damage|p2a: Great Tusk|28/100 tox|[from] psn
|upkeep
|
|t:|1758957017
|switch|p1a: Behemoth|Great Tusk, shiny|100/100
|turn|12
|
|t:|1758957025
|-end|p2a: Great Tusk|Protosynthesis|[silent]
|switch|p2a: Corviknight|Corviknight, F|83/100
|-damage|p2a: Corviknight|71/100|[from] Stealth Rock
|-ability|p2a: Corviknight|Pressure
|move|p1a: Behemoth|Rapid Spin|p2a: Corviknight
|-resisted|p2a: Corviknight
|-damage|p2a: Corviknight|65/100
|-boost|p1a: Behemoth|spe|1
|-damage|p1a: Behemoth|84/100|[from] item: Rocky Helmet|[of] p2a: Corviknight
|-sideend|p1: doodle0205|Stealth Rock|[from] move: Rapid Spin|[of] p1a: Behemoth
|
|upkeep
|turn|13
|
|t:|1758957042
|-end|p1a: Behemoth|Protosynthesis|[silent]
|switch|p1a: Chaos|Heatran, M, shiny|33/100
|move|p2a: Corviknight|Roost|p2a: Corviknight
|-heal|p2a: Corviknight|100/100
|-singleturn|p2a: Corviknight|move: Roost
|
|upkeep
|turn|14
|inactive|you should now has 120 seconds left.
|
|t:|1758957082
|switch|p2a: Slowking|Slowking-Galar, M|100/100
|move|p1a: Chaos|Magma Storm|p2a: Slowking
|-damage|p2a: Slowking|71/100
|-activate|p2a: Slowking|move: Magma Storm|[of] p1a: Chaos
|
|-damage|p2a: Slowking|59/100|[from] move: Magma Storm|[partiallytrapped]
|upkeep
|turn|15
|
|t:|1758957093
|move|p1a: Chaos|Taunt|p2a: Slowking
|-start|p2a: Slowking|move: Taunt
|-prepare|p2a: Slowking|Chilly Reception|[premajor]
|cant|p2a: Slowking|move: Taunt|Chilly Reception
|
|-damage|p2a: Slowking|46/100|[from] move: Magma Storm|[partiallytrapped]
|upkeep
|turn|16
|j| wgw2333
|
|t:|1758957099
|move|p1a: Chaos|Earth Power|p2a: Slowking
|-supereffective|p2a: Slowking
|-damage|p2a: Slowking|12/100
|move|p2a: Slowking|Ice Beam|p1a: Chaos
|-resisted|p1a: Chaos
|-damage|p1a: Chaos|27/100
|
|-damage|p2a: Slowking|0 fnt|[from] move: Magma Storm|[partiallytrapped]
|faint|p2a: Slowking
|upkeep
|
|t:|1758957102
|switch|p2a: Great Tusk|Great Tusk|28/100 tox
|-damage|p2a: Great Tusk|25/100 tox|[from] Stealth Rock
|turn|17
|inactive|you should now has 120 seconds left.
|
|t:|1758957116
|move|p1a: Chaos|Earth Power|p2a: Great Tusk
|-damage|p2a: Great Tusk|0 fnt
|faint|p2a: Great Tusk
|-end|p2a: Great Tusk|Protosynthesis|[silent]
|
|upkeep
|-message|you should now forfeited.
|
|win|doodle0205
|raw|doodle0205's rating: 1632 &rarr; <strong>1647</strong><br />(+15 for winning)
|raw|you should now's rating: 1538 &rarr; <strong>1523</strong><br />(-15 for losing)
|l|☆you should now
|player|p2|
|l|☆doodle0205
|player|p1|
