|j|☆illegalsushi
|j|☆patchworrk
|t:|1759000473
|gametype|singles
|player|p1|illegalsushi|101|1125
|player|p2|patchworrk|cheren-gen5bw2|1168
|gen|9
|tier|[Gen 9] OU
|rated|
|rule|HP Percentage Mod: HP is shown in percentages
|rule|Endless Battle Clause: Forcing endless battles is banned
|rule|Species Clause: Limit one of each Pokémon
|rule|OHKO Clause: OHKO moves are banned
|rule|Evasion Items Clause: Evasion items are banned
|rule|Evasion Moves Clause: Evasion moves are banned
|rule|Evasion Abilities Clause: Evasion abilities are banned
|rule|Sleep Moves Clause: Sleep-inducing moves are banned
|clearpoke
|poke|p1|Tornadus, M|
|poke|p1|Toxtricity, M|
|poke|p1|Iron Valiant|
|poke|p1|Arcanine-Hisui, M|
|poke|p1|Brambleghast, M|
|poke|p1|Hydreigon, M|
|poke|p2|Dragonite, F|
|poke|p2|Serperior, F|
|poke|p2|Primarina, M|
|poke|p2|Zamazenta-*|
|poke|p2|Mew|
|poke|p2|Ursaluna, M|
|teampreview
|
|t:|1759000494
|teamsize|p1|6
|teamsize|p2|6
|start
|switch|p1a: Tornadus|Tornadus, M, shiny|100/100
|switch|p2a: :3|Mew, shiny|100/100
|turn|1
|
|t:|1759000501
|move|p1a: Tornadus|Taunt|p2a: :3
|-start|p2a: :3|move: Taunt
|cant|p2a: :3|move: Taunt|Taunt
|
|upkeep
|turn|2
|
|t:|1759000507
|switch|p2a: earth eater|Ursaluna, M, shiny|100/100
|move|p1a: Tornadus|Tailwind|p1a: Tornadus
|-sidestart|p1: illegalsushi|move: Tailwind
|
|-status|p2a: earth eater|brn|[from] item: Flame Orb
|upkeep
|turn|3
|
|t:|1759000516
|move|p1a: Tornadus|Focus Blast|p2a: earth eater|[miss]
|-miss|p1a: Tornadus|p2a: earth eater
|move|p2a: earth eater|Facade|p1a: Tornadus
|-damage|p1a: Tornadus|0 fnt
|faint|p1a: Tornadus
|
|-damage|p2a: earth eater|94/100 brn|[from] brn
|upkeep
|
|t:|1759000521
|switch|p1a: Brambleghast|Brambleghast, M, shiny|100/100
|-ability|p1a: Brambleghast|Wind Rider|boost
|-boost|p1a: Brambleghast|atk|1
|turn|4
|c|☆patchworrk|:eyes:
|
|t:|1759000531
|move|p1a: Brambleghast|Power Whip|p2a: earth eater|[miss]
|-miss|p1a: Brambleghast|p2a: earth eater
|move|p2a: earth eater|Fire Punch|p1a: Brambleghast
|-supereffective|p1a: Brambleghast
|-damage|p1a: Brambleghast|0 fnt
|faint|p1a: Brambleghast
|
|-damage|p2a: earth eater|88/100 brn|[from] brn
|upkeep
|
|t:|1759000533
|switch|p1a: Toxtricity|Toxtricity, M, shiny|100/100
|turn|5
|
|t:|1759000542
|-terastallize|p1a: Toxtricity|Normal
|move|p1a: Toxtricity|Boomburst|p2a: earth eater
|-damage|p2a: earth eater|0 fnt
|faint|p2a: earth eater
|
|-sideend|p1: illegalsushi|move: Tailwind
|upkeep
|
|t:|1759000549
|switch|p2a: biggie|Zamazenta, shiny|100/100
|-ability|p2a: biggie|Dauntless Shield|boost
|-boost|p2a: biggie|def|1
|turn|6
|
|t:|1759000553
|switch|p1a: Arcanine|Arcanine-Hisui, M, shiny|100/100
|move|p2a: biggie|Body Press|p1a: Arcanine
|-supereffective|p1a: Arcanine
|-damage|p1a: Arcanine|0 fnt
|faint|p1a: Arcanine
|
|upkeep
|
|t:|1759000555
|switch|p1a: Iron Valiant|Iron Valiant, shiny|100/100
|turn|7
|
|t:|1759000570
|switch|p2a: selki|Primarina, M, shiny|100/100
|move|p1a: Iron Valiant|Moonblast|p2a: selki
|-damage|p2a: selki|50/100
|-unboost|p2a: selki|spa|1
|
|upkeep
|turn|8
|
|t:|1759000595
|-terastallize|p2a: selki|Steel
|move|p1a: Iron Valiant|Moonblast|p2a: selki
|-resisted|p2a: selki
|-damage|p2a: selki|25/100
|move|p2a: selki|Moonblast|p1a: Iron Valiant
|-supereffective|p1a: Iron Valiant
|-damage|p1a: Iron Valiant|0 fnt
|faint|p1a: Iron Valiant
|-end|p1a: Iron Valiant|Quark Drive|[silent]
|
|upkeep
|
|t:|1759000600
|switch|p1a: Toxtricity|Toxtricity, M, shiny, tera:Normal|100/100
|turn|9
|
|t:|1759000612
|move|p1a: Toxtricity|Boomburst|p2a: selki
|-resisted|p2a: selki
|-damage|p2a: selki|0 fnt
|faint|p2a: selki
|
|upkeep
|
|t:|1759000617
|switch|p2a: biggie|Zamazenta, shiny|100/100
|turn|10
|
|t:|1759000622
|move|p2a: biggie|Body Press|p1a: Toxtricity
|-supereffective|p1a: Toxtricity
|-damage|p1a: Toxtricity|0 fnt
|faint|p1a: Toxtricity
|
|upkeep
|
|t:|1759000624
|switch|p1a: Hydreigon|Hydreigon, M, shiny|100/100
|turn|11
|
|t:|1759000628
|move|p2a: biggie|Body Press|p1a: Hydreigon
|-supereffective|p1a: Hydreigon
|-damage|p1a: Hydreigon|6/100
|move|p1a: Hydreigon|Draco Meteor|p2a: biggie
|-damage|p2a: biggie|40/100
|-unboost|p1a: Hydreigon|spa|2
|-enditem|p2a: biggie|Sitrus Berry|[eat]
|-heal|p2a: biggie|65/100|[from] item: Sitrus Berry
|
|upkeep
|turn|12
|-message|illegalsushi forfeited.
|
|win|patchworrk
|raw|illegalsushi's rating: 1125 &rarr; <strong>1103</strong><br />(-22 for losing)
|raw|patchworrk's rating: 1168 &rarr; <strong>1190</strong><br />(+22 for winning)
|l|☆illegalsushi
|player|p1|
|c|☆patchworrk|gg
|l|☆patchworrk
|player|p2|
