|j|☆FlytrapLeafeon
|j|☆MLshortforMemeLord
|t:|1758998809
|gametype|singles
|player|p1|FlytrapLeafeon|iris-gen5bw2|1121
|player|p2|MLshortforMemeLord|nate|1112
|gen|9
|tier|[Gen 9] OU
|rated|
|rule|HP Percentage Mod: HP is shown in percentages
|rule|Endless Battle Clause: Forcing endless battles is banned
|rule|Species Clause: Limit one of each Pokémon
|rule|OHKO Clause: OHKO moves are banned
|rule|Evasion Items Clause: Evasion items are banned
|rule|Evasion Moves Clause: Evasion moves are banned
|rule|Evasion Abilities Clause: Evasion abilities are banned
|rule|Sleep Moves Clause: Sleep-inducing moves are banned
|clearpoke
|poke|p1|Lycanroc, F|
|poke|p1|Espeon, F|
|poke|p1|Kingdra, F|
|poke|p1|Shaymin|
|poke|p1|Chandelure, F|
|poke|p1|Heracross, F|
|poke|p2|Pelipper, M|
|poke|p2|Swampert, M|
|poke|p2|Dondozo, M|
|poke|p2|Alomomola, F|
|poke|p2|Araquanid, M|
|poke|p2|Primarina, F|
|teampreview
|c|☆MLshortforMemeLord|W team I like the energy
|
|t:|1758998837
|teamsize|p1|6
|teamsize|p2|6
|start
|switch|p1a: Lycanroc|Lycanroc, F|100/100
|switch|p2a: Scientist|Pelipper, M|100/100
|-weather|RainDance|[from] ability: Drizzle|[of] p2a: Scientist
|turn|1
|inactive|Battle timer is ON: inactive players will automatically lose when time's up. (requested by FlytrapLeafeon)
|
|t:|1758998865
|switch|p2a: Favorite Child|Swampert, M|100/100
|move|p1a: Lycanroc|Stealth Rock|p2a: Favorite Child
|-sidestart|p2: MLshortforMemeLord|move: Stealth Rock
|
|-weather|RainDance|[upkeep]
|upkeep
|turn|2
|
|t:|1758998871
|move|p1a: Lycanroc|Endeavor|p2a: Favorite Child
|-damage|p2a: Favorite Child|73/100
|move|p2a: Favorite Child|Stealth Rock|p1a: Lycanroc
|-sidestart|p1: FlytrapLeafeon|move: Stealth Rock
|
|-weather|RainDance|[upkeep]
|-heal|p2a: Favorite Child|79/100|[from] item: Leftovers
|upkeep
|turn|3
|
|t:|1758998878
|move|p1a: Lycanroc|Endeavor|p2a: Favorite Child
|-damage|p2a: Favorite Child|73/100
|move|p2a: Favorite Child|Flip Turn|p1a: Lycanroc
|-supereffective|p1a: Lycanroc
|-enditem|p1a: Lycanroc|Focus Sash
|-damage|p1a: Lycanroc|1/100
|
|t:|1758998894
|switch|p2a: Doctor|Araquanid, M|100/100|[from] Flip Turn
|-damage|p2a: Doctor|76/100|[from] Stealth Rock
|
|-weather|RainDance|[upkeep]
|upkeep
|turn|4
|
|t:|1758998900
|move|p1a: Lycanroc|Endeavor|p2a: Doctor
|-damage|p2a: Doctor|1/100
|move|p2a: Doctor|Chilling Water|p1a: Lycanroc
|-supereffective|p1a: Lycanroc
|-damage|p1a: Lycanroc|0 fnt
|faint|p1a: Lycanroc
|-damage|p2a: Doctor|0 fnt|[from] item: Life Orb
|faint|p2a: Doctor
|
|-weather|RainDance|[upkeep]
|upkeep
|
|t:|1758998913
|switch|p1a: Kingdra|Kingdra, F, shiny|100/100
|switch|p2a: Scientist|Pelipper, M|100/100
|-damage|p1a: Kingdra|88/100|[from] Stealth Rock
|-damage|p2a: Scientist|76/100|[from] Stealth Rock
|turn|5
|
|t:|1758998919
|move|p1a: Kingdra|Dragon Dance|p1a: Kingdra
|-boost|p1a: Kingdra|atk|1
|-boost|p1a: Kingdra|spe|1
|move|p2a: Scientist|Hurricane|p1a: Kingdra
|-damage|p1a: Kingdra|26/100
|
|-weather|RainDance|[upkeep]
|upkeep
|turn|6
|
|t:|1758998927
|move|p1a: Kingdra|Iron Head|p2a: Scientist
|-resisted|p2a: Scientist
|-damage|p2a: Scientist|57/100
|move|p2a: Scientist|Hurricane|p1a: Kingdra
|-damage|p1a: Kingdra|0 fnt
|faint|p1a: Kingdra
|
|-weather|RainDance|[upkeep]
|upkeep
|
|t:|1758998936
|switch|p1a: Espeon|Espeon, F|100/100
|-damage|p1a: Espeon|88/100|[from] Stealth Rock
|turn|7
|
|t:|1758998943
|move|p1a: Espeon|Psychic|p2a: Scientist
|-damage|p2a: Scientist|0 fnt
|faint|p2a: Scientist
|
|-weather|RainDance|[upkeep]
|upkeep
|
|t:|1758998959
|switch|p2a: Oaf|Dondozo, M|100/100
|-damage|p2a: Oaf|88/100|[from] Stealth Rock
|turn|8
|
|t:|1758998963
|move|p1a: Espeon|Psychic|p2a: Oaf
|-damage|p2a: Oaf|19/100
|move|p2a: Oaf|Curse|p2a: Oaf
|-unboost|p2a: Oaf|spe|1
|-boost|p2a: Oaf|atk|1
|-boost|p2a: Oaf|def|1
|
|-weather|none
|-heal|p2a: Oaf|25/100|[from] item: Leftovers
|upkeep
|turn|9
|
|t:|1758998970
|move|p1a: Espeon|Psychic|p2a: Oaf
|-crit|p2a: Oaf
|-damage|p2a: Oaf|0 fnt
|faint|p2a: Oaf
|
|upkeep
|c|☆MLshortforMemeLord|uh oh
|c|☆MLshortforMemeLord|Am I bout to get clipped by espeon
|
|t:|1758998992
|switch|p2a: Test Subject|Primarina, F|100/100
|-damage|p2a: Test Subject|88/100|[from] Stealth Rock
|turn|10
|
|t:|1758999000
|move|p1a: Espeon|Psychic|p2a: Test Subject
|-damage|p2a: Test Subject|29/100
|-enditem|p2a: Test Subject|Sitrus Berry|[eat]
|-heal|p2a: Test Subject|54/100|[from] item: Sitrus Berry
|move|p2a: Test Subject|Calm Mind|p2a: Test Subject
|-boost|p2a: Test Subject|spa|1
|-boost|p2a: Test Subject|spd|1
|
|upkeep
|turn|11
|
|t:|1758999008
|-terastallize|p2a: Test Subject|Water
|move|p1a: Espeon|Psychic|p2a: Test Subject
|-damage|p2a: Test Subject|14/100
|move|p2a: Test Subject|Hydro Pump|p1a: Espeon
|-damage|p1a: Espeon|0 fnt
|faint|p1a: Espeon
|
|upkeep
|
|t:|1758999017
|switch|p1a: Shaymin|Shaymin, shiny|100/100
|-damage|p1a: Shaymin|88/100|[from] Stealth Rock
|turn|12
|
|t:|1758999026
|move|p1a: Shaymin|Earth Power|p2a: Test Subject
|-damage|p2a: Test Subject|0 fnt
|faint|p2a: Test Subject
|
|-heal|p1a: Shaymin|94/100|[from] item: Leftovers
|upkeep
|
|t:|1758999032
|switch|p2a: Favorite Child|Swampert, M|73/100
|-damage|p2a: Favorite Child|66/100|[from] Stealth Rock
|turn|13
|
|t:|1758999038
|move|p1a: Shaymin|Seed Flare|p2a: Favorite Child|[miss]
|-miss|p1a: Shaymin|p2a: Favorite Child
|move|p2a: Favorite Child|Earthquake|p1a: Shaymin
|-resisted|p1a: Shaymin
|-damage|p1a: Shaymin|77/100
|
|-heal|p1a: Shaymin|83/100|[from] item: Leftovers
|-heal|p2a: Favorite Child|73/100|[from] item: Leftovers
|upkeep
|turn|14
|
|t:|1758999046
|move|p1a: Shaymin|Seed Flare|p2a: Favorite Child
|-supereffective|p2a: Favorite Child
|-damage|p2a: Favorite Child|0 fnt
|faint|p2a: Favorite Child
|
|-heal|p1a: Shaymin|90/100|[from] item: Leftovers
|upkeep
|
|t:|1758999048
|switch|p2a: Nurse|Alomomola, F|100/100
|-damage|p2a: Nurse|88/100|[from] Stealth Rock
|turn|15
|
|t:|1758999055
|-terastallize|p1a: Shaymin|Grass
|move|p1a: Shaymin|Seed Flare|p2a: Nurse
|-supereffective|p2a: Nurse
|-damage|p2a: Nurse|0 fnt
|faint|p2a: Nurse
|
|win|FlytrapLeafeon
|raw|FlytrapLeafeon's rating: 1121 &rarr; <strong>1145</strong><br />(+24 for winning)
|raw|MLshortforMemeLord's rating: 1112 &rarr; <strong>1088</strong><br />(-24 for losing)
|c|☆MLshortforMemeLord|gg
|l|☆MLshortforMemeLord
|player|p2|
|l|☆FlytrapLeafeon
|player|p1|
