|j|☆GraphLegion
|j|☆bitter herbert
|t:|1758945354
|gametype|singles
|player|p1|GraphLegion|101|1455
|player|p2|bitter herbert|gentleman-gen4dp|1402
|gen|9
|tier|[Gen 9] OU
|rated|
|rule|HP Percentage Mod: HP is shown in percentages
|rule|Endless Battle Clause: Forcing endless battles is banned
|rule|Species Clause: Limit one of each Pokémon
|rule|OHKO Clause: OHKO moves are banned
|rule|Evasion Items Clause: Evasion items are banned
|rule|Evasion Moves Clause: Evasion moves are banned
|rule|Evasion Abilities Clause: Evasion abilities are banned
|rule|Sleep Moves Clause: Sleep-inducing moves are banned
|clearpoke
|poke|p1|Corviknight, M|
|poke|p1|Cinderace, M|
|poke|p1|Ogerpon-Wellspring, F|
|poke|p1|Kyurem|
|poke|p1|Pecharunt|
|poke|p1|Ting-Lu|
|poke|p2|Ting-Lu|
|poke|p2|Dragonite, F|
|poke|p2|Zamazenta-*|
|poke|p2|Darkrai|
|poke|p2|Moltres|
|poke|p2|Slowking-Galar, M|
|teampreview
|inactive|Battle timer is ON: inactive players will automatically lose when time's up. (requested by bitter herbert)
|
|t:|1758945370
|teamsize|p1|6
|teamsize|p2|6
|start
|switch|p1a: GetOffMySwamp|Ogerpon-Wellspring, F|100/100
|switch|p2a: Slowking|Slowking-Galar, M|100/100
|turn|1
|
|t:|1758945374
|move|p1a: GetOffMySwamp|Knock Off|p2a: Slowking
|-supereffective|p2a: Slowking
|-damage|p2a: Slowking|20/100
|-enditem|p2a: Slowking|Assault Vest|[from] move: Knock Off|[of] p1a: GetOffMySwamp
|move|p2a: Slowking|Sludge Bomb|p1a: GetOffMySwamp
|-supereffective|p1a: GetOffMySwamp
|-damage|p1a: GetOffMySwamp|0 fnt
|faint|p1a: GetOffMySwamp
|
|upkeep
|
|t:|1758945380
|switch|p1a: BossMusic|Kyurem|100/100
|-ability|p1a: BossMusic|Pressure
|turn|2
|
|t:|1758945391
|move|p1a: BossMusic|Substitute|p1a: BossMusic
|-start|p1a: BossMusic|Substitute
|-damage|p1a: BossMusic|75/100
|move|p2a: Slowking|Future Sight|p1a: BossMusic
|-start|p2a: Slowking|move: Future Sight
|
|-heal|p1a: BossMusic|82/100|[from] item: Leftovers
|upkeep
|turn|3
|
|t:|1758945406
|move|p1a: BossMusic|Freeze-Dry|p2a: Slowking
|-damage|p2a: Slowking|0 fnt
|faint|p2a: Slowking
|
|-heal|p1a: BossMusic|88/100|[from] item: Leftovers
|upkeep
|
|t:|1758945421
|switch|p2a: Zamazenta|Zamazenta|100/100
|-ability|p2a: Zamazenta|Dauntless Shield|boost
|-boost|p2a: Zamazenta|def|1
|turn|4
|
|t:|1758945425
|move|p2a: Zamazenta|Heavy Slam|p1a: BossMusic
|-supereffective|p1a: BossMusic
|-end|p1a: BossMusic|Substitute
|move|p1a: BossMusic|Freeze-Dry|p2a: Zamazenta
|-damage|p2a: Zamazenta|65/100
|
|-end|p1a: BossMusic|move: Future Sight
|-damage|p1a: BossMusic|36/100
|-heal|p1a: BossMusic|42/100|[from] item: Leftovers
|upkeep
|turn|5
|
|t:|1758945438
|switch|p1a: Yum Fruit|Pecharunt|100/100
|move|p2a: Zamazenta|Close Combat|p1a: Yum Fruit
|-immune|p1a: Yum Fruit
|
|upkeep
|turn|6
|
|t:|1758945448
|switch|p2a: Moltres|Moltres|100/100
|move|p1a: Yum Fruit|Malignant Chain|p2a: Moltres
|-damage|p2a: Moltres|68/100
|
|upkeep
|turn|7
|
|t:|1758945454
|move|p2a: Moltres|Will-O-Wisp|p1a: Yum Fruit
|-status|p1a: Yum Fruit|brn
|move|p1a: Yum Fruit|Malignant Chain|p2a: Moltres
|-damage|p2a: Moltres|38/100
|
|-damage|p1a: Yum Fruit|94/100 brn|[from] brn
|upkeep
|turn|8
|
|t:|1758945460
|move|p2a: Moltres|Roost|p2a: Moltres
|-heal|p2a: Moltres|88/100
|-singleturn|p2a: Moltres|move: Roost
|move|p1a: Yum Fruit|Malignant Chain|p2a: Moltres
|-damage|p2a: Moltres|56/100
|
|-damage|p1a: Yum Fruit|88/100 brn|[from] brn
|upkeep
|turn|9
|
|t:|1758945463
|move|p2a: Moltres|Roost|p2a: Moltres
|-heal|p2a: Moltres|100/100
|-singleturn|p2a: Moltres|move: Roost
|move|p1a: Yum Fruit|Malignant Chain|p2a: Moltres
|-crit|p2a: Moltres
|-damage|p2a: Moltres|52/100
|-status|p2a: Moltres|tox
|-start|p2a: Moltres|confusion|[from] ability: Poison Puppeteer|[of] p1a: Yum Fruit
|
|-damage|p2a: Moltres|46/100 tox|[from] psn
|-damage|p1a: Yum Fruit|82/100 brn|[from] brn
|upkeep
|turn|10
|
|t:|1758945467
|move|p1a: Yum Fruit|Parting Shot|p2a: Moltres
|-unboost|p2a: Moltres|atk|1
|-unboost|p2a: Moltres|spa|1
|
|t:|1758945470
|switch|p1a: BossMusic|Kyurem|42/100|[from] Parting Shot
|-ability|p1a: BossMusic|Pressure
|-activate|p2a: Moltres|confusion
|move|p2a: Moltres|Roost|p2a: Moltres
|-heal|p2a: Moltres|96/100 tox
|-singleturn|p2a: Moltres|move: Roost
|
|-heal|p1a: BossMusic|48/100|[from] item: Leftovers
|-damage|p2a: Moltres|84/100 tox|[from] psn
|upkeep
|turn|11
|
|t:|1758945486
|switch|p2a: Zamazenta|Zamazenta|65/100
|move|p1a: BossMusic|Freeze-Dry|p2a: Zamazenta
|-damage|p2a: Zamazenta|34/100
|
|-heal|p1a: BossMusic|54/100|[from] item: Leftovers
|upkeep
|turn|12
|
|t:|1758945495
|switch|p1a: Yum Fruit|Pecharunt|82/100 brn
|move|p2a: Zamazenta|Close Combat|p1a: Yum Fruit
|-immune|p1a: Yum Fruit
|
|-damage|p1a: Yum Fruit|76/100 brn|[from] brn
|upkeep
|turn|13
|
|t:|1758945503
|switch|p2a: Ting-Lu|Ting-Lu|100/100
|-ability|p2a: Ting-Lu|Vessel of Ruin
|move|p1a: Yum Fruit|Parting Shot|p2a: Ting-Lu
|-unboost|p2a: Ting-Lu|atk|1
|-unboost|p2a: Ting-Lu|spa|1
|
|t:|1758945511
|switch|p1a: Neymar|Cinderace, M|100/100|[from] Parting Shot
|
|upkeep
|turn|14
|
|t:|1758945526
|move|p1a: Neymar|U-turn|p2a: Ting-Lu
|-start|p1a: Neymar|typechange|Bug|[from] ability: Libero
|-supereffective|p2a: Ting-Lu
|-damage|p2a: Ting-Lu|62/100
|-enditem|p2a: Ting-Lu|Red Card|[of] p1a: Neymar
|drag|p1a: Sir Bird III|Corviknight, M|100/100
|-ability|p1a: Sir Bird III|Pressure
|move|p2a: Ting-Lu|Earthquake|p1a: Sir Bird III
|-immune|p1a: Sir Bird III
|
|upkeep
|turn|15
|
|t:|1758945535
|move|p1a: Sir Bird III|U-turn|p2a: Ting-Lu
|-supereffective|p2a: Ting-Lu
|-damage|p2a: Ting-Lu|45/100
|
|t:|1758945539
|switch|p1a: Ting-Tong|Ting-Lu|100/100|[from] U-turn
|-ability|p1a: Ting-Tong|Vessel of Ruin
|move|p2a: Ting-Lu|Ruination|p1a: Ting-Tong
|-damage|p1a: Ting-Tong|50/100
|
|-heal|p1a: Ting-Tong|57/100|[from] item: Leftovers
|upkeep
|turn|16
|
|t:|1758945545
|move|p1a: Ting-Tong|Stealth Rock|p2a: Ting-Lu
|-sidestart|p2: bitter herbert|move: Stealth Rock
|move|p2a: Ting-Lu|Stealth Rock|p1a: Ting-Tong
|-sidestart|p1: GraphLegion|move: Stealth Rock
|
|-heal|p1a: Ting-Tong|63/100|[from] item: Leftovers
|upkeep
|turn|17
|
|t:|1758945552
|move|p2a: Ting-Lu|Ruination|p1a: Ting-Tong
|-damage|p1a: Ting-Tong|32/100
|move|p1a: Ting-Tong|Whirlwind|p2a: Ting-Lu
|drag|p2a: Moltres|Moltres|84/100 tox
|
|-heal|p1a: Ting-Tong|38/100|[from] item: Leftovers
|-damage|p2a: Moltres|78/100 tox|[from] psn
|upkeep
|turn|18
|
|t:|1758945565
|move|p2a: Moltres|Will-O-Wisp|p1a: Ting-Tong|[miss]
|-miss|p2a: Moltres|p1a: Ting-Tong
|move|p1a: Ting-Tong|Ruination|p2a: Moltres
|-damage|p2a: Moltres|39/100 tox
|
|-heal|p1a: Ting-Tong|44/100|[from] item: Leftovers
|-damage|p2a: Moltres|27/100 tox|[from] psn
|upkeep
|turn|19
|
|t:|1758945570
|move|p2a: Moltres|Roost|p2a: Moltres
|-heal|p2a: Moltres|77/100 tox
|-singleturn|p2a: Moltres|move: Roost
|move|p1a: Ting-Tong|Whirlwind|p2a: Moltres
|drag|p2a: Ting-Lu|Ting-Lu|45/100
|-damage|p2a: Ting-Lu|39/100|[from] Stealth Rock
|-ability|p2a: Ting-Lu|Vessel of Ruin
|
|-heal|p1a: Ting-Tong|50/100|[from] item: Leftovers
|upkeep
|turn|20
|
|t:|1758945578
|move|p1a: Ting-Tong|Earthquake|p2a: Ting-Lu
|-damage|p2a: Ting-Lu|18/100
|move|p2a: Ting-Lu|Earthquake|p1a: Ting-Tong
|-damage|p1a: Ting-Tong|31/100
|
|-heal|p1a: Ting-Tong|37/100|[from] item: Leftovers
|upkeep
|turn|21
|
|t:|1758945583
|move|p1a: Ting-Tong|Earthquake|p2a: Ting-Lu
|-damage|p2a: Ting-Lu|0 fnt
|faint|p2a: Ting-Lu
|
|-heal|p1a: Ting-Tong|44/100|[from] item: Leftovers
|upkeep
|
|t:|1758945587
|switch|p2a: Zamazenta|Zamazenta|34/100
|turn|22
|
|t:|1758945591
|switch|p1a: Yum Fruit|Pecharunt|76/100 brn
|move|p2a: Zamazenta|Crunch|p1a: Yum Fruit
|-supereffective|p1a: Yum Fruit
|-damage|p1a: Yum Fruit|52/100 brn
|
|-damage|p1a: Yum Fruit|45/100 brn|[from] brn
|upkeep
|turn|23
|
|t:|1758945599
|move|p2a: Zamazenta|Crunch|p1a: Yum Fruit
|-supereffective|p1a: Yum Fruit
|-damage|p1a: Yum Fruit|20/100 brn
|move|p1a: Yum Fruit|Recover|p1a: Yum Fruit
|-heal|p1a: Yum Fruit|70/100 brn
|
|-damage|p1a: Yum Fruit|64/100 brn|[from] brn
|upkeep
|turn|24
|
|t:|1758945629
|move|p2a: Zamazenta|Crunch|p1a: Yum Fruit
|-supereffective|p1a: Yum Fruit
|-damage|p1a: Yum Fruit|37/100 brn
|move|p1a: Yum Fruit|Malignant Chain|p2a: Zamazenta
|-damage|p2a: Zamazenta|7/100
|-status|p2a: Zamazenta|tox
|-start|p2a: Zamazenta|confusion|[from] ability: Poison Puppeteer|[of] p1a: Yum Fruit
|
|-damage|p2a: Zamazenta|0 fnt|[from] psn
|faint|p2a: Zamazenta
|-damage|p1a: Yum Fruit|31/100 brn|[from] brn
|upkeep
|
|t:|1758945638
|switch|p2a: Darkrai|Darkrai|100/100
|turn|25
|inactive|bitter herbert has 120 seconds left.
|
|t:|1758945663
|-terastallize|p2a: Darkrai|Poison
|move|p2a: Darkrai|Nasty Plot|p2a: Darkrai
|-boost|p2a: Darkrai|spa|2
|move|p1a: Yum Fruit|Parting Shot|p2a: Darkrai
|-unboost|p2a: Darkrai|atk|1
|-unboost|p2a: Darkrai|spa|1
|
|t:|1758945672
|switch|p1a: Ting-Tong|Ting-Lu|44/100|[from] Parting Shot
|-damage|p1a: Ting-Tong|37/100|[from] Stealth Rock
|-ability|p1a: Ting-Tong|Vessel of Ruin
|
|-heal|p1a: Ting-Tong|44/100|[from] item: Leftovers
|upkeep
|turn|26
|inactive|bitter herbert has 120 seconds left.
|
|t:|1758945684
|switch|p2a: Moltres|Moltres|77/100 tox
|-terastallize|p1a: Ting-Tong|Ghost
|move|p1a: Ting-Tong|Earthquake|p2a: Moltres
|-immune|p2a: Moltres
|
|-heal|p1a: Ting-Tong|50/100|[from] item: Leftovers
|-damage|p2a: Moltres|71/100 tox|[from] psn
|upkeep
|turn|27
|inactive|bitter herbert has 120 seconds left.
|
|t:|1758945700
|move|p2a: Moltres|Will-O-Wisp|p1a: Ting-Tong
|-status|p1a: Ting-Tong|brn
|move|p1a: Ting-Tong|Ruination|p2a: Moltres
|-damage|p2a: Moltres|36/100 tox
|
|-heal|p1a: Ting-Tong|56/100 brn|[from] item: Leftovers
|-damage|p2a: Moltres|24/100 tox|[from] psn
|-damage|p1a: Ting-Tong|50/100 brn|[from] brn
|upkeep
|turn|28
|
|t:|1758945705
|move|p2a: Moltres|Roost|p2a: Moltres
|-heal|p2a: Moltres|74/100 tox
|-singleturn|p2a: Moltres|move: Roost
|move|p1a: Ting-Tong|Whirlwind|p2a: Moltres
|drag|p2a: Darkrai|Darkrai, tera:Poison|100/100
|
|-heal|p1a: Ting-Tong|56/100 brn|[from] item: Leftovers
|-damage|p1a: Ting-Tong|50/100 brn|[from] brn
|upkeep
|turn|29
|inactive|bitter herbert has 120 seconds left.
|
|t:|1758945747
|switch|p2a: Moltres|Moltres|74/100 tox
|move|p1a: Ting-Tong|Earthquake|p2a: Moltres
|-immune|p2a: Moltres
|
|-heal|p1a: Ting-Tong|56/100 brn|[from] item: Leftovers
|-damage|p2a: Moltres|68/100 tox|[from] psn
|-damage|p1a: Ting-Tong|50/100 brn|[from] brn
|upkeep
|turn|30
|
|t:|1758945757
|switch|p1a: Yum Fruit|Pecharunt|31/100 brn
|move|p2a: Moltres|Roost|p2a: Moltres
|-heal|p2a: Moltres|100/100 tox
|-singleturn|p2a: Moltres|move: Roost
|
|-damage|p2a: Moltres|88/100 tox|[from] psn
|-damage|p1a: Yum Fruit|25/100 brn|[from] brn
|upkeep
|turn|31
|
|t:|1758945764
|move|p1a: Yum Fruit|Recover|p1a: Yum Fruit
|-heal|p1a: Yum Fruit|75/100 brn
|move|p2a: Moltres|Flamethrower|p1a: Yum Fruit
|-damage|p1a: Yum Fruit|36/100 brn
|
|-damage|p2a: Moltres|70/100 tox|[from] psn
|-damage|p1a: Yum Fruit|30/100 brn|[from] brn
|upkeep
|turn|32
|
|t:|1758945770
|move|p2a: Moltres|Hurricane|p1a: Yum Fruit
|-damage|p1a: Yum Fruit|0 fnt
|faint|p1a: Yum Fruit
|
|-damage|p2a: Moltres|46/100 tox|[from] psn
|upkeep
|
|t:|1758945780
|switch|p1a: BossMusic|Kyurem|54/100
|-damage|p1a: BossMusic|29/100|[from] Stealth Rock
|-ability|p1a: BossMusic|Pressure
|turn|33
|
|t:|1758945785
|move|p1a: BossMusic|Substitute|p1a: BossMusic
|-start|p1a: BossMusic|Substitute
|-damage|p1a: BossMusic|4/100
|move|p2a: Moltres|Flamethrower|p1a: BossMusic
|-end|p1a: BossMusic|Substitute
|
|-heal|p1a: BossMusic|10/100|[from] item: Leftovers
|-damage|p2a: Moltres|16/100 tox|[from] psn
|upkeep
|turn|34
|
|t:|1758945803
|move|p1a: BossMusic|Freeze-Dry|p2a: Moltres
|-damage|p2a: Moltres|0 fnt
|faint|p2a: Moltres
|
|-heal|p1a: BossMusic|17/100|[from] item: Leftovers
|upkeep
|
|t:|1758945806
|switch|p2a: Darkrai|Darkrai, tera:Poison|100/100
|turn|35
|
|t:|1758945819
|move|p2a: Darkrai|Nasty Plot|p2a: Darkrai
|-boost|p2a: Darkrai|spa|2
|move|p1a: BossMusic|Earth Power|p2a: Darkrai
|-supereffective|p2a: Darkrai
|-damage|p2a: Darkrai|19/100
|
|-heal|p1a: BossMusic|23/100|[from] item: Leftovers
|upkeep
|turn|36
|
|t:|1758945825
|move|p1a: BossMusic|Protect|p1a: BossMusic
|-singleturn|p1a: BossMusic|Protect
|move|p2a: Darkrai|Ice Beam|p1a: BossMusic
|-activate|p1a: BossMusic|move: Protect
|
|-heal|p1a: BossMusic|29/100|[from] item: Leftovers
|upkeep
|turn|37
|
|t:|1758945829
|move|p2a: Darkrai|Ice Beam|p1a: BossMusic
|-damage|p1a: BossMusic|0 fnt
|faint|p1a: BossMusic
|
|upkeep
|
|t:|1758945831
|switch|p1a: Neymar|Cinderace, M|100/100
|turn|38
|
|t:|1758945860
|move|p1a: Neymar|Sucker Punch||[still]
|-fail|p1a: Neymar
|move|p2a: Darkrai|Nasty Plot|p2a: Darkrai
|-boost|p2a: Darkrai|spa|2
|
|upkeep
|turn|39
|
|t:|1758945866
|move|p1a: Neymar|Sucker Punch||[still]
|-fail|p1a: Neymar
|move|p2a: Darkrai|Nasty Plot|p2a: Darkrai
|-boost|p2a: Darkrai|spa|2
|
|upkeep
|turn|40
|
|t:|1758945868
|move|p1a: Neymar|Sucker Punch|p2a: Darkrai
|-start|p1a: Neymar|typechange|Dark|[from] ability: Libero
|-damage|p2a: Darkrai|0 fnt
|faint|p2a: Darkrai
|
|upkeep
|
|t:|1758945870
|switch|p2a: Dragonite|Dragonite, F|100/100
|turn|41
|
|t:|1758945876
|move|p1a: Neymar|U-turn|p2a: Dragonite
|-resisted|p2a: Dragonite
|-damage|p2a: Dragonite|94/100
|
|t:|1758945881
|switch|p1a: Sir Bird III|Corviknight, M|100/100|[from] U-turn
|-damage|p1a: Sir Bird III|88/100|[from] Stealth Rock
|-ability|p1a: Sir Bird III|Pressure
|move|p2a: Dragonite|Dragon Dance|p2a: Dragonite
|-boost|p2a: Dragonite|atk|1
|-boost|p2a: Dragonite|spe|1
|
|upkeep
|turn|42
|
|t:|1758945888
|move|p2a: Dragonite|Dragon Dance|p2a: Dragonite
|-boost|p2a: Dragonite|atk|1
|-boost|p2a: Dragonite|spe|1
|move|p1a: Sir Bird III|Body Press|p2a: Dragonite
|-resisted|p2a: Dragonite
|-damage|p2a: Dragonite|80/100
|
|upkeep
|turn|43
|-message|bitter herbert forfeited.
|
|win|GraphLegion
|raw|GraphLegion's rating: 1455 &rarr; <strong>1472</strong><br />(+17 for winning)
|raw|bitter herbert's rating: 1402 &rarr; <strong>1385</strong><br />(-17 for losing)
|l|☆bitter herbert
|player|p2|
|l|☆GraphLegion
|player|p1|
