|j|☆DragonLordEXMaster
|j|☆itoshiflwr
|t:|1759024868
|gametype|singles
|player|p1|DragonLordEXMaster|liko|1601
|player|p2|itoshiflwr|miku-ground|1626
|gen|9
|tier|[Gen 9] OU
|rated|
|rule|HP Percentage Mod: HP is shown in percentages
|rule|Endless Battle Clause: Forcing endless battles is banned
|rule|Species Clause: Limit one of each Pokémon
|rule|OHKO Clause: OHKO moves are banned
|rule|Evasion Items Clause: Evasion items are banned
|rule|Evasion Moves Clause: Evasion moves are banned
|rule|Evasion Abilities Clause: Evasion abilities are banned
|rule|Sleep Moves Clause: Sleep-inducing moves are banned
|clearpoke
|poke|p1|Cloyster, M|
|poke|p1|Ninetales-Alola, F|
|poke|p1|Ogerpon-Wellspring, F|
|poke|p1|Polteageist|
|poke|p1|Dragonite, F|
|poke|p1|Iron Treads|
|poke|p2|Raging Bolt|
|poke|p2|Weavile, M|
|poke|p2|Zamazenta-*|
|poke|p2|Ting-Lu|
|poke|p2|Clefable, M|
|poke|p2|Moltres|
|teampreview
|inactive|Battle timer is ON: inactive players will automatically lose when time's up. (requested by DragonLordEXMaster)
|
|t:|1759024876
|teamsize|p1|6
|teamsize|p2|6
|start
|switch|p1a: Iron Treads|Iron Treads|100/100
|switch|p2a: Moltres|Moltres|100/100
|-enditem|p1a: Iron Treads|Booster Energy
|-activate|p1a: Iron Treads|ability: Quark Drive|[fromitem]
|-start|p1a: Iron Treads|quarkdrivespe
|turn|1
|
|t:|1759024880
|move|p1a: Iron Treads|Stealth Rock|p2a: Moltres
|-sidestart|p2: itoshiflwr|move: Stealth Rock
|move|p2a: Moltres|Flamethrower|p1a: Iron Treads
|-supereffective|p1a: Iron Treads
|-damage|p1a: Iron Treads|0 fnt
|faint|p1a: Iron Treads
|-end|p1a: Iron Treads|Quark Drive|[silent]
|
|upkeep
|
|t:|1759024885
|switch|p1a: Ogerpon|Ogerpon-Wellspring, F|100/100
|turn|2
|
|t:|1759024895
|-terastallize|p2a: Moltres|Grass
|move|p1a: Ogerpon|Swords Dance|p1a: Ogerpon
|-boost|p1a: Ogerpon|atk|2
|move|p2a: Moltres|Hurricane|p1a: Ogerpon|[miss]
|-miss|p2a: Moltres|p1a: Ogerpon
|
|upkeep
|turn|3
|
|t:|1759024910
|-terastallize|p1a: Ogerpon|Water
|detailschange|p1a: Ogerpon|Ogerpon-Wellspring-Tera, F, tera:Water
|-ability|p1a: Ogerpon|Embody Aspect (Wellspring)|boost
|-boost|p1a: Ogerpon|spd|1
|move|p1a: Ogerpon|Ivy Cudgel|p2a: Moltres|[anim] Ivy Cudgel Water
|-resisted|p2a: Moltres
|-damage|p2a: Moltres|44/100
|move|p2a: Moltres|Hurricane|p1a: Ogerpon
|-damage|p1a: Ogerpon|64/100
|
|upkeep
|turn|4
|
|t:|1759024940
|move|p1a: Ogerpon|Ivy Cudgel|p2a: Moltres|[anim] Ivy Cudgel Water
|-resisted|p2a: Moltres
|-damage|p2a: Moltres|0 fnt
|faint|p2a: Moltres
|
|upkeep
|
|t:|1759024942
|switch|p2a: Zamazenta|Zamazenta|100/100
|-ability|p2a: Zamazenta|Dauntless Shield|boost
|-boost|p2a: Zamazenta|def|1
|turn|5
|
|t:|1759024954
|move|p2a: Zamazenta|Close Combat|p1a: Ogerpon
|-damage|p1a: Ogerpon|0 fnt
|-unboost|p2a: Zamazenta|def|1
|-unboost|p2a: Zamazenta|spd|1
|faint|p1a: Ogerpon
|detailschange|p1: Ogerpon|Ogerpon-Wellspring, F|[silent]
|
|upkeep
|
|t:|1759024957
|switch|p1a: Ninetales|Ninetales-Alola, F, shiny|100/100
|-weather|Snowscape|[from] ability: Snow Warning|[of] p1a: Ninetales
|turn|6
|
|t:|1759024959
|switch|p2a: Clefable|Clefable, M|100/100
|move|p1a: Ninetales|Aurora Veil|p1a: Ninetales
|-sidestart|p1: DragonLordEXMaster|move: Aurora Veil
|
|-weather|Snowscape|[upkeep]
|upkeep
|turn|7
|
|t:|1759024974
|switch|p1a: Cloyster|Cloyster, M, shiny|100/100
|move|p2a: Clefable|Stealth Rock|p1a: Cloyster
|-sidestart|p1: DragonLordEXMaster|move: Stealth Rock
|
|-weather|Snowscape|[upkeep]
|upkeep
|turn|8
|
|t:|1759024978
|move|p1a: Cloyster|Shell Smash|p1a: Cloyster
|-unboost|p1a: Cloyster|def|1
|-unboost|p1a: Cloyster|spd|1
|-boost|p1a: Cloyster|atk|2
|-boost|p1a: Cloyster|spa|2
|-boost|p1a: Cloyster|spe|2
|move|p2a: Clefable|Moonblast|p1a: Cloyster
|-damage|p1a: Cloyster|46/100
|
|-weather|Snowscape|[upkeep]
|upkeep
|turn|9
|
|t:|1759024992
|move|p1a: Cloyster|Icicle Spear|p2a: Clefable
|-crit|p2a: Clefable
|-damage|p2a: Clefable|68/100
|-damage|p2a: Clefable|46/100
|-damage|p2a: Clefable|24/100
|-damage|p2a: Clefable|2/100
|-damage|p2a: Clefable|0 fnt
|faint|p2a: Clefable
|-hitcount|p2: Clefable|5
|
|-weather|Snowscape|[upkeep]
|upkeep
|
|t:|1759025003
|switch|p2a: Raging Bolt|Raging Bolt|100/100
|turn|10
|
|t:|1759025006
|move|p1a: Cloyster|Ice Shard|p2a: Raging Bolt
|-supereffective|p2a: Raging Bolt
|-damage|p2a: Raging Bolt|9/100
|move|p2a: Raging Bolt|Thunderclap||[still]
|-fail|p2a: Raging Bolt
|
|-weather|none
|upkeep
|turn|11
|
|t:|1759025008
|move|p1a: Cloyster|Ice Shard|p2a: Raging Bolt
|-supereffective|p2a: Raging Bolt
|-damage|p2a: Raging Bolt|0 fnt
|faint|p2a: Raging Bolt
|-end|p2a: Raging Bolt|Protosynthesis|[silent]
|
|upkeep
|
|t:|1759025012
|switch|p2a: Zamazenta|Zamazenta|100/100
|turn|12
|
|t:|1759025022
|move|p1a: Cloyster|Icicle Spear|p2a: Zamazenta
|-damage|p2a: Zamazenta|76/100
|-damage|p2a: Zamazenta|48/100
|-crit|p2a: Zamazenta
|-damage|p2a: Zamazenta|12/100
|-damage|p2a: Zamazenta|0 fnt
|faint|p2a: Zamazenta
|-hitcount|p2: Zamazenta|4
|
|upkeep
|
|t:|1759025028
|switch|p2a: Weavile|Weavile, M|100/100
|-ability|p2a: Weavile|Pressure
|turn|13
|
|t:|1759025046
|move|p1a: Cloyster|Rock Blast|p2a: Weavile
|-supereffective|p2a: Weavile
|-damage|p2a: Weavile|46/100
|-supereffective|p2a: Weavile
|-crit|p2a: Weavile
|-damage|p2a: Weavile|0 fnt
|faint|p2a: Weavile
|-hitcount|p2: Weavile|2
|
|-sideend|p1: DragonLordEXMaster|move: Aurora Veil
|upkeep
|
|t:|1759025048
|switch|p2a: Ting-Lu|Ting-Lu|100/100
|-damage|p2a: Ting-Lu|94/100|[from] Stealth Rock
|-ability|p2a: Ting-Lu|Vessel of Ruin
|turn|14
|
|t:|1759025053
|move|p1a: Cloyster|Icicle Spear|p2a: Ting-Lu
|-supereffective|p2a: Ting-Lu
|-damage|p2a: Ting-Lu|64/100
|-supereffective|p2a: Ting-Lu
|-damage|p2a: Ting-Lu|34/100
|-supereffective|p2a: Ting-Lu
|-damage|p2a: Ting-Lu|1/100
|-supereffective|p2a: Ting-Lu
|-damage|p2a: Ting-Lu|0 fnt
|faint|p2a: Ting-Lu
|-hitcount|p2: Ting-Lu|4
|
|win|DragonLordEXMaster
|raw|DragonLordEXMaster's rating: 1601 &rarr; <strong>1622</strong><br />(+21 for winning)
|raw|itoshiflwr's rating: 1626 &rarr; <strong>1605</strong><br />(-21 for losing)
|l|☆itoshiflwr
|player|p2|
