|j|☆almighty shiest
|j|☆arkhee
|t:|1758924624
|gametype|singles
|player|p1|almighty shiest|alec-anime|1646
|player|p2|arkhee|archie-gen6|1700
|gen|9
|tier|[Gen 9] OU
|rated|
|rule|HP Percentage Mod: HP is shown in percentages
|rule|Endless Battle Clause: Forcing endless battles is banned
|rule|Species Clause: Limit one of each Pokémon
|rule|OHKO Clause: OHKO moves are banned
|rule|Evasion Items Clause: Evasion items are banned
|rule|Evasion Moves Clause: Evasion moves are banned
|rule|Evasion Abilities Clause: Evasion abilities are banned
|rule|Sleep Moves Clause: Sleep-inducing moves are banned
|clearpoke
|poke|p1|Dragapult, M|
|poke|p1|Glimmora, M|
|poke|p1|Comfey, M|
|poke|p1|Kingambit, M|
|poke|p1|Ogerpon-Wellspring, F|
|poke|p1|Blaziken, M|
|poke|p2|Lokix, F|
|poke|p2|Cinderace, F|
|poke|p2|Great Tusk|
|poke|p2|Alomomola, F|
|poke|p2|Enamorus, F|
|poke|p2|Slowking-Galar, M|
|teampreview
|inactive|Battle timer is ON: inactive players will automatically lose when time's up. (requested by almighty shiest)
|
|t:|1758924642
|teamsize|p1|6
|teamsize|p2|6
|start
|switch|p1a: Ogerpon|Ogerpon-Wellspring, F|100/100
|switch|p2a: Slowking|Slowking-Galar, M|100/100
|turn|1
|
|t:|1758924651
|move|p1a: Ogerpon|U-turn|p2a: Slowking
|-damage|p2a: Slowking|79/100
|
|t:|1758924657
|switch|p1a: Kingambit|Kingambit, M|100/100|[from] U-turn
|-prepare|p2a: Slowking|Chilly Reception|[premajor]
|move|p2a: Slowking|Chilly Reception|p2a: Slowking
|-weather|Snowscape
|
|t:|1758924666
|switch|p2a: Great Tusk|Great Tusk|100/100|[from] Chilly Reception
|
|-weather|Snowscape|[upkeep]
|upkeep
|turn|2
|
|t:|1758924673
|-end|p1a: Kingambit|fallenundefined|[silent]
|switch|p1a: Ogerpon|Ogerpon-Wellspring, F|100/100
|move|p2a: Great Tusk|Earthquake|p1a: Ogerpon
|-resisted|p1a: Ogerpon
|-damage|p1a: Ogerpon|72/100
|
|-weather|Snowscape|[upkeep]
|upkeep
|turn|3
|
|t:|1758924680
|-end|p2a: Great Tusk|Protosynthesis|[silent]
|switch|p2a: Slowking|Slowking-Galar, M|100/100
|move|p1a: Ogerpon|Spikes|p2a: Slowking
|-sidestart|p2: arkhee|Spikes
|
|-weather|Snowscape|[upkeep]
|upkeep
|turn|4
|
|t:|1758924686
|move|p1a: Ogerpon|Spikes|p2a: Slowking
|-sidestart|p2: arkhee|Spikes
|move|p2a: Slowking|Future Sight|p1a: Ogerpon
|-start|p2a: Slowking|move: Future Sight
|
|-weather|Snowscape|[upkeep]
|upkeep
|turn|5
|
|t:|1758924693
|move|p1a: Ogerpon|Ivy Cudgel|p2a: Slowking|[anim] Ivy Cudgel Water
|-damage|p2a: Slowking|59/100
|-prepare|p2a: Slowking|Chilly Reception|[premajor]
|move|p2a: Slowking|Chilly Reception|p2a: Slowking
|
|t:|1758924705
|switch|p2a: Lokix|Lokix, F|100/100|[from] Chilly Reception
|-damage|p2a: Lokix|84/100|[from] Spikes
|
|-weather|none
|upkeep
|turn|6
|j| blueberrymilkshake
|
|t:|1758924714
|switch|p1a: Glimmora|Glimmora, M|100/100
|move|p2a: Lokix|First Impression|p1a: Glimmora
|-resisted|p1a: Glimmora
|-damage|p1a: Glimmora|51/100
|-activate|p1a: Glimmora|ability: Toxic Debris
|-sidestart|p2: arkhee|move: Toxic Spikes
|-enditem|p1a: Glimmora|Red Card|[of] p2a: Lokix
|drag|p2a: Cinderace|Cinderace, F|100/100
|
|-end|p1a: Glimmora|move: Future Sight
|-supereffective|p1a: Glimmora
|-damage|p1a: Glimmora|0 fnt
|faint|p1a: Glimmora
|upkeep
|
|t:|1758924738
|switch|p1a: Blazikick|Blaziken, M, shiny|100/100
|turn|7
|c|☆almighty shiest|yeah i lose
|c|☆almighty shiest|im not even sd
|inactive|almighty shiest has 120 seconds left.
|
|t:|1758924764
|move|p2a: Cinderace|Court Change|p2a: Cinderace
|-swapsideconditions
|-activate|p2a: Cinderace|move: Court Change
|move|p1a: Blazikick|Close Combat|p2a: Cinderace
|-damage|p2a: Cinderace|8/100
|-unboost|p1a: Blazikick|def|1
|-unboost|p1a: Blazikick|spd|1
|-damage|p1a: Blazikick|91/100|[from] item: Life Orb
|
|-ability|p1a: Blazikick|Speed Boost|boost
|-boost|p1a: Blazikick|spe|1
|upkeep
|turn|8
|inactive|almighty shiest has 120 seconds left.
|inactive|arkhee has 120 seconds left.
|
|t:|1758924781
|move|p1a: Blazikick|Close Combat|p2a: Cinderace
|-damage|p2a: Cinderace|0 fnt
|-unboost|p1a: Blazikick|def|1
|-unboost|p1a: Blazikick|spd|1
|faint|p2a: Cinderace
|-damage|p1a: Blazikick|81/100|[from] item: Life Orb
|
|-ability|p1a: Blazikick|Speed Boost|boost
|-boost|p1a: Blazikick|spe|1
|upkeep
|inactive|arkhee has 120 seconds left.
|
|t:|1758924794
|switch|p2a: Great Tusk|Great Tusk|100/100
|turn|9
|l| blueberrymilkshake
|
|t:|1758924797
|move|p1a: Blazikick|Flare Blitz|p2a: Great Tusk
|-damage|p2a: Great Tusk|56/100
|-damage|p1a: Blazikick|60/100|[from] Recoil
|-damage|p1a: Blazikick|50/100|[from] item: Life Orb
|move|p2a: Great Tusk|Earthquake|p1a: Blazikick
|-supereffective|p1a: Blazikick
|-crit|p1a: Blazikick
|-damage|p1a: Blazikick|0 fnt
|faint|p1a: Blazikick
|
|-heal|p2a: Great Tusk|63/100|[from] item: Leftovers
|upkeep
|
|t:|1758924808
|switch|p1a: Comfey|Comfey, M|100/100
|-damage|p1a: Comfey|84/100|[from] Spikes
|-status|p1a: Comfey|psn
|turn|10
|c|☆arkhee|stone edge?
|inactive|almighty shiest has 120 seconds left.
|c|☆almighty shiest|ill tell u after
|inactive|arkhee has 120 seconds left.
|c|☆almighty shiest|nvm doenst matter it was knock
|
|t:|1758924854
|-end|p2a: Great Tusk|Protosynthesis|[silent]
|switch|p2a: Slowking|Slowking-Galar, M|92/100
|move|p1a: Comfey|Calm Mind|p1a: Comfey
|-boost|p1a: Comfey|spa|1
|-boost|p1a: Comfey|spd|1
|
|-damage|p1a: Comfey|72/100 psn|[from] psn
|upkeep
|turn|11
|
|t:|1758924869
|-terastallize|p1a: Comfey|Ground
|move|p1a: Comfey|Calm Mind|p1a: Comfey
|-boost|p1a: Comfey|spa|1
|-boost|p1a: Comfey|spd|1
|move|p2a: Slowking|Future Sight|p1a: Comfey
|-start|p2a: Slowking|move: Future Sight
|
|-damage|p1a: Comfey|59/100 psn|[from] psn
|upkeep
|turn|12
|
|t:|1758924876
|move|p1a: Comfey|Tera Blast|p2a: Slowking|[anim] Tera Blast Ground
|-supereffective|p2a: Slowking
|-enditem|p2a: Slowking|Shuca Berry|[eat]
|-enditem|p2a: Slowking|Shuca Berry|[weaken]
|-damage|p2a: Slowking|28/100
|-damage|p1a: Comfey|49/100 psn|[from] item: Life Orb
|move|p2a: Slowking|Ice Beam|p1a: Comfey
|-supereffective|p1a: Comfey
|-damage|p1a: Comfey|21/100 psn
|
|-damage|p1a: Comfey|8/100 psn|[from] psn
|upkeep
|turn|13
|inactive|arkhee has 120 seconds left.
|
|t:|1758924889
|switch|p2a: Alomomola|Alomomola, F|100/100
|move|p1a: Comfey|Tera Blast|p2a: Alomomola|[anim] Tera Blast Ground
|-damage|p2a: Alomomola|54/100
|-damage|p1a: Comfey|0 fnt|[from] item: Life Orb
|faint|p1a: Comfey
|
|-hint|Future Sight did not hit because the target is fainted.
|upkeep
|
|t:|1758924899
|switch|p1a: Kingambit|Kingambit, M|100/100
|-damage|p1a: Kingambit|84/100|[from] Spikes
|-activate|p1a: Kingambit|ability: Supreme Overlord
|-start|p1a: Kingambit|fallen3|[silent]
|turn|14
|
|t:|1758924905
|move|p1a: Kingambit|Swords Dance|p1a: Kingambit
|-boost|p1a: Kingambit|atk|2
|move|p2a: Alomomola|Flip Turn|p1a: Kingambit
|-damage|p1a: Kingambit|72/100
|
|t:|1758924907
|switch|p2a: Great Tusk|Great Tusk|63/100|[from] Flip Turn
|
|-heal|p2a: Great Tusk|69/100|[from] item: Leftovers
|-heal|p1a: Kingambit|79/100|[from] item: Leftovers
|upkeep
|turn|15
|
|t:|1758924916
|move|p2a: Great Tusk|Earthquake|p1a: Kingambit
|-supereffective|p1a: Kingambit
|-damage|p1a: Kingambit|19/100
|move|p1a: Kingambit|Iron Head|p2a: Great Tusk
|-damage|p2a: Great Tusk|1/100
|
|-heal|p2a: Great Tusk|7/100|[from] item: Leftovers
|-heal|p1a: Kingambit|25/100|[from] item: Leftovers
|upkeep
|turn|16
|inactive|almighty shiest has 120 seconds left.
|
|t:|1758924926
|move|p2a: Great Tusk|Earthquake|p1a: Kingambit
|-supereffective|p1a: Kingambit
|-damage|p1a: Kingambit|0 fnt
|faint|p1a: Kingambit
|-end|p1a: Kingambit|fallen3|[silent]
|
|-heal|p2a: Great Tusk|13/100|[from] item: Leftovers
|upkeep
|-message|almighty shiest forfeited.
|
|win|arkhee
|raw|almighty shiest's rating: 1646 &rarr; <strong>1629</strong><br />(-17 for losing)
|raw|arkhee's rating: 1700 &rarr; <strong>1717</strong><br />(+17 for winning)
|l|☆almighty shiest
|player|p1|
|c|☆arkhee|gg
|l|☆arkhee
|player|p2|
