|j|☆supreme tortellini
|j|☆mailman2
|t:|1759015632
|gametype|singles
|player|p1|supreme tortellini|lance|1329
|player|p2|mailman2|1|1415
|gen|9
|tier|[Gen 9] OU
|rated|
|rule|HP Percentage Mod: HP is shown in percentages
|rule|Endless Battle Clause: Forcing endless battles is banned
|rule|Species Clause: Limit one of each Pokémon
|rule|OHKO Clause: OHKO moves are banned
|rule|Evasion Items Clause: Evasion items are banned
|rule|Evasion Moves Clause: Evasion moves are banned
|rule|Evasion Abilities Clause: Evasion abilities are banned
|rule|Sleep Moves Clause: Sleep-inducing moves are banned
|clearpoke
|poke|p1|Darkrai|
|poke|p1|Kingambit, M|
|poke|p1|Ogerpon-Wellspring, F|
|poke|p1|Raging Bolt|
|poke|p1|Gliscor, M|
|poke|p1|Corviknight, M|
|poke|p2|Dragapult, F|
|poke|p2|Moltres|
|poke|p2|Gliscor, M|
|poke|p2|Corviknight, M|
|poke|p2|Ogerpon-Wellspring, F|
|poke|p2|Iron Crown|
|teampreview
|inactive|Battle timer is ON: inactive players will automatically lose when time's up. (requested by supreme tortellini)
|inactive|supreme tortellini has 120 seconds left.
|inactive|supreme tortellini has 90 seconds left.
|
|t:|1759015708
|teamsize|p1|6
|teamsize|p2|6
|start
|switch|p1a: Darkrai|Darkrai, shiny|100/100
|switch|p2a: Ogerpon|Ogerpon-Wellspring, F|100/100
|turn|1
|inactive|mailman2 has 120 seconds left.
|
|t:|1759015747
|move|p1a: Darkrai|Sludge Bomb|p2a: Ogerpon
|-supereffective|p2a: Ogerpon
|-damage|p2a: Ogerpon|0 fnt
|faint|p2a: Ogerpon
|
|upkeep
|
|t:|1759015752
|switch|p2a: Gliscor|Gliscor, M|100/100
|turn|2
|
|t:|1759015775
|switch|p1a: Ogerpon|Ogerpon-Wellspring, F|100/100
|move|p2a: Gliscor|Knock Off|p1a: Ogerpon
|-damage|p1a: Ogerpon|81/100
|
|-status|p2a: Gliscor|tox|[from] item: Toxic Orb
|upkeep
|turn|3
|inactive|mailman2 has 120 seconds left.
|
|t:|1759015791
|switch|p2a: Corviknight|Corviknight, M|100/100
|-ability|p2a: Corviknight|Pressure
|move|p1a: Ogerpon|Ivy Cudgel|p2a: Corviknight|[anim] Ivy Cudgel Water
|-damage|p2a: Corviknight|68/100
|
|-heal|p2a: Corviknight|74/100|[from] item: Leftovers
|upkeep
|turn|4
|inactive|supreme tortellini has 120 seconds left.
|
|t:|1759015819
|switch|p1a: Raging Bolt|Raging Bolt|100/100
|move|p2a: Corviknight|U-turn|p1a: Raging Bolt
|-damage|p1a: Raging Bolt|87/100
|inactive|mailman2 has 120 seconds left.
|
|t:|1759015830
|switch|p2a: Gliscor|Gliscor, M|100/100 tox|[from] U-turn
|
|upkeep
|turn|5
|inactive|supreme tortellini has 120 seconds left.
|inactive|supreme tortellini has 90 seconds left.
|
|t:|1759015877
|-end|p1a: Raging Bolt|Protosynthesis|[silent]
|switch|p1a: Corviknight|Corviknight, M, shiny|100/100
|-ability|p1a: Corviknight|Pressure
|move|p2a: Gliscor|Stealth Rock|p1a: Corviknight
|-sidestart|p1: supreme tortellini|move: Stealth Rock
|
|upkeep
|turn|6
|
|t:|1759015883
|move|p2a: Gliscor|Knock Off|p1a: Corviknight
|-damage|p1a: Corviknight|87/100
|-damage|p2a: Gliscor|84/100 tox|[from] item: Rocky Helmet|[of] p1a: Corviknight
|-enditem|p1a: Corviknight|Rocky Helmet|[from] move: Knock Off|[of] p2a: Gliscor
|move|p1a: Corviknight|Defog|p2a: Gliscor
|-unboost|p2a: Gliscor|evasion|1
|-sideend|p1: supreme tortellini|Stealth Rock|[from] move: Defog|[of] p1a: Corviknight
|
|-heal|p2a: Gliscor|97/100 tox|[from] ability: Poison Heal
|upkeep
|turn|7
|inactive|supreme tortellini has 90 seconds left.
|
|t:|1759015893
|switch|p1a: Ogerpon|Ogerpon-Wellspring, F|81/100
|move|p2a: Gliscor|Stealth Rock|p1a: Ogerpon
|-sidestart|p1: supreme tortellini|move: Stealth Rock
|
|-heal|p2a: Gliscor|100/100 tox|[from] ability: Poison Heal
|upkeep
|turn|8
|inactive|supreme tortellini has 90 seconds left.
|inactive|mailman2 has 120 seconds left.
|
|t:|1759015933
|switch|p2a: Corviknight|Corviknight, M|74/100
|-ability|p2a: Corviknight|Pressure
|-terastallize|p1a: Ogerpon|Water
|detailschange|p1a: Ogerpon|Ogerpon-Wellspring-Tera, F, tera:Water
|-ability|p1a: Ogerpon|Embody Aspect (Wellspring)|boost
|-boost|p1a: Ogerpon|spd|1
|move|p1a: Ogerpon|Ivy Cudgel|p2a: Corviknight|[anim] Ivy Cudgel Water
|-damage|p2a: Corviknight|25/100
|
|-heal|p2a: Corviknight|31/100|[from] item: Leftovers
|upkeep
|turn|9
|
|t:|1759015955
|move|p1a: Ogerpon|Ivy Cudgel|p2a: Corviknight|[anim] Ivy Cudgel Water
|-crit|p2a: Corviknight
|-damage|p2a: Corviknight|0 fnt
|faint|p2a: Corviknight
|
|upkeep
|
|t:|1759015964
|switch|p2a: Dragapult|Dragapult, F|100/100
|turn|10
|inactive|supreme tortellini has 90 seconds left.
|
|t:|1759015997
|switch|p1a: Gliscor|Gliscor, M, shiny|100/100
|-damage|p1a: Gliscor|88/100|[from] Stealth Rock
|move|p2a: Dragapult|Dragon Darts|p1a: Gliscor
|-damage|p1a: Gliscor|72/100
|-anim|p2a: Dragapult|Dragon Darts|p1a: Gliscor
|-damage|p1a: Gliscor|53/100
|
|-status|p1a: Gliscor|tox|[from] item: Toxic Orb
|upkeep
|turn|11
|
|t:|1759016016
|move|p2a: Dragapult|Hex|p1a: Gliscor
|-damage|p1a: Gliscor|8/100 tox
|move|p1a: Gliscor|Knock Off|p2a: Dragapult
|-supereffective|p2a: Dragapult
|-damage|p2a: Dragapult|47/100
|-enditem|p2a: Dragapult|Heavy-Duty Boots|[from] move: Knock Off|[of] p1a: Gliscor
|
|-heal|p1a: Gliscor|21/100 tox|[from] ability: Poison Heal
|upkeep
|turn|12
|
|t:|1759016025
|move|p1a: Gliscor|Protect|p1a: Gliscor
|-singleturn|p1a: Gliscor|Protect
|move|p2a: Dragapult|Hex|p1a: Gliscor
|-activate|p1a: Gliscor|move: Protect
|
|-heal|p1a: Gliscor|33/100 tox|[from] ability: Poison Heal
|upkeep
|turn|13
|
|t:|1759016033
|switch|p1a: Darkrai|Darkrai, shiny|100/100
|-damage|p1a: Darkrai|88/100|[from] Stealth Rock
|move|p2a: Dragapult|Dragon Darts|p1a: Darkrai
|-damage|p1a: Darkrai|60/100
|-anim|p2a: Dragapult|Dragon Darts|p1a: Darkrai
|-damage|p1a: Darkrai|30/100
|
|upkeep
|turn|14
|inactive|supreme tortellini has 90 seconds left.
|
|t:|1759016050
|switch|p1a: Corviknight|Corviknight, M, shiny|87/100
|-damage|p1a: Corviknight|75/100|[from] Stealth Rock
|-ability|p1a: Corviknight|Pressure
|move|p2a: Dragapult|Dragon Darts|p1a: Corviknight
|-resisted|p1a: Corviknight
|-damage|p1a: Corviknight|69/100
|-anim|p2a: Dragapult|Dragon Darts|p1a: Corviknight
|-resisted|p1a: Corviknight
|-damage|p1a: Corviknight|63/100
|
|upkeep
|turn|15
|
|t:|1759016065
|move|p2a: Dragapult|U-turn|p1a: Corviknight
|-resisted|p1a: Corviknight
|-damage|p1a: Corviknight|60/100
|
|t:|1759016069
|switch|p2a: Iron Crown|Iron Crown|100/100|[from] U-turn
|move|p1a: Corviknight|Defog|p2a: Iron Crown
|-unboost|p2a: Iron Crown|evasion|1
|-sideend|p1: supreme tortellini|Stealth Rock|[from] move: Defog|[of] p1a: Corviknight
|
|upkeep
|turn|16
|inactive|supreme tortellini has 90 seconds left.
|
|t:|1759016104
|switch|p1a: Raging Bolt|Raging Bolt|87/100
|move|p2a: Iron Crown|Future Sight|p1a: Raging Bolt
|-start|p2a: Iron Crown|move: Future Sight
|
|upkeep
|turn|17
|
|t:|1759016123
|-end|p1a: Raging Bolt|Protosynthesis|[silent]
|switch|p1a: Gliscor|Gliscor, M, shiny|33/100 tox
|move|p2a: Iron Crown|Volt Switch|p1a: Gliscor
|-immune|p1a: Gliscor
|
|-heal|p1a: Gliscor|46/100 tox|[from] ability: Poison Heal
|upkeep
|turn|18
|
|t:|1759016136
|-end|p2a: Iron Crown|Quark Drive|[silent]
|switch|p2a: Gliscor|Gliscor, M|100/100 tox
|move|p1a: Gliscor|Protect||[still]
|-fail|p1a: Gliscor
|
|-end|p1a: Gliscor|move: Future Sight
|-damage|p1a: Gliscor|0 fnt
|faint|p1a: Gliscor
|upkeep
|
|t:|1759016151
|switch|p1a: Ogerpon|Ogerpon-Wellspring-Tera, F, tera:Water|81/100
|-ability|p1a: Ogerpon|Embody Aspect (Wellspring)|boost
|-boost|p1a: Ogerpon|spd|1
|turn|19
|
|t:|1759016171
|-terastallize|p2a: Gliscor|Water
|move|p1a: Ogerpon|Ivy Cudgel|p2a: Gliscor|[anim] Ivy Cudgel Water
|-resisted|p2a: Gliscor
|-damage|p2a: Gliscor|72/100 tox
|move|p2a: Gliscor|U-turn|p1a: Ogerpon
|-damage|p1a: Ogerpon|61/100
|
|t:|1759016178
|switch|p2a: Dragapult|Dragapult, F|47/100|[from] U-turn
|
|upkeep
|turn|20
|inactive|supreme tortellini has 90 seconds left.
|
|t:|1759016206
|switch|p1a: Kingambit|Kingambit, M, shiny|100/100
|-activate|p1a: Kingambit|ability: Supreme Overlord
|-start|p1a: Kingambit|fallen1|[silent]
|move|p2a: Dragapult|Thunder Wave|p1a: Kingambit
|-status|p1a: Kingambit|par
|
|upkeep
|turn|21
|
|t:|1759016218
|switch|p2a: Moltres|Moltres|100/100
|move|p1a: Kingambit|Kowtow Cleave|p2a: Moltres
|-damage|p2a: Moltres|63/100
|
|upkeep
|turn|22
|
|t:|1759016232
|-end|p1a: Kingambit|fallen1|[silent]
|switch|p1a: Raging Bolt|Raging Bolt|87/100
|move|p2a: Moltres|Roost|p2a: Moltres
|-heal|p2a: Moltres|100/100
|-singleturn|p2a: Moltres|move: Roost
|
|upkeep
|turn|23
|inactive|mailman2 has 90 seconds left.
|
|t:|1759016253
|-end|p1a: Raging Bolt|Protosynthesis|[silent]
|switch|p1a: Ogerpon|Ogerpon-Wellspring-Tera, F, tera:Water|61/100
|-ability|p1a: Ogerpon|Embody Aspect (Wellspring)|boost
|-boost|p1a: Ogerpon|spd|1
|switch|p2a: Iron Crown|Iron Crown|100/100
|
|upkeep
|turn|24
|inactive|mailman2 has 90 seconds left.
|
|t:|1759016272
|-end|p2a: Iron Crown|Quark Drive|[silent]
|switch|p2a: Gliscor|Gliscor, M, tera:Water|72/100 tox
|move|p1a: Ogerpon|Knock Off|p2a: Gliscor
|-damage|p2a: Gliscor|40/100 tox
|-enditem|p2a: Gliscor|Toxic Orb|[from] move: Knock Off|[of] p1a: Ogerpon
|
|-heal|p2a: Gliscor|53/100 tox|[from] ability: Poison Heal
|upkeep
|turn|25
|inactive|mailman2 has 90 seconds left.
|
|t:|1759016298
|move|p1a: Ogerpon|U-turn|p2a: Gliscor
|-crit|p2a: Gliscor
|-damage|p2a: Gliscor|19/100 tox
|inactive|supreme tortellini has 60 seconds left.
|
|t:|1759016327
|switch|p1a: Kingambit|Kingambit, M, shiny|100/100 par|[from] U-turn
|-activate|p1a: Kingambit|ability: Supreme Overlord
|-start|p1a: Kingambit|fallen1|[silent]
|move|p2a: Gliscor|Stealth Rock|p1a: Kingambit
|-sidestart|p1: supreme tortellini|move: Stealth Rock
|
|-heal|p2a: Gliscor|31/100 tox|[from] ability: Poison Heal
|upkeep
|turn|26
|inactive|supreme tortellini has 60 seconds left.
|
|t:|1759016350
|move|p2a: Gliscor|U-turn|p1a: Kingambit
|-damage|p1a: Kingambit|88/100 par
|
|t:|1759016352
|switch|p2a: Moltres|Moltres|100/100|[from] U-turn
|cant|p1a: Kingambit|par
|
|-heal|p1a: Kingambit|94/100 par|[from] item: Leftovers
|upkeep
|turn|27
|inactive|supreme tortellini has 60 seconds left.
|
|t:|1759016375
|-end|p1a: Kingambit|fallen1|[silent]
|switch|p1a: Raging Bolt|Raging Bolt|87/100
|-damage|p1a: Raging Bolt|75/100|[from] Stealth Rock
|move|p2a: Moltres|U-turn|p1a: Raging Bolt
|-damage|p1a: Raging Bolt|63/100
|inactive|mailman2 has 60 seconds left.
|
|t:|1759016398
|switch|p2a: Iron Crown|Iron Crown|100/100|[from] U-turn
|
|upkeep
|turn|28
|inactive|supreme tortellini has 60 seconds left.
|
|t:|1759016423
|move|p2a: Iron Crown|Future Sight|p1a: Raging Bolt
|-start|p2a: Iron Crown|move: Future Sight
|move|p1a: Raging Bolt|Volt Switch|p2a: Iron Crown
|-damage|p2a: Iron Crown|71/100
|
|t:|1759016428
|-end|p1a: Raging Bolt|Protosynthesis|[silent]
|switch|p1a: Darkrai|Darkrai, shiny|30/100|[from] Volt Switch
|-damage|p1a: Darkrai|18/100|[from] Stealth Rock
|
|upkeep
|turn|29
|inactive|supreme tortellini has 60 seconds left.
|inactive|mailman2 has 60 seconds left.
|
|t:|1759016440
|move|p1a: Darkrai|Dark Pulse|p2a: Iron Crown
|-supereffective|p2a: Iron Crown
|-damage|p2a: Iron Crown|0 fnt
|faint|p2a: Iron Crown
|-end|p2a: Iron Crown|Quark Drive|[silent]
|
|upkeep
|inactive|mailman2 has 60 seconds left.
|
|t:|1759016451
|switch|p2a: Dragapult|Dragapult, F|47/100
|turn|30
|inactive|mailman2 has 60 seconds left.
|
|t:|1759016462
|switch|p1a: Corviknight|Corviknight, M, shiny|60/100
|-damage|p1a: Corviknight|48/100|[from] Stealth Rock
|-ability|p1a: Corviknight|Pressure
|move|p2a: Dragapult|U-turn|p1a: Corviknight
|-resisted|p1a: Corviknight
|-damage|p1a: Corviknight|45/100
|
|t:|1759016472
|switch|p2a: Moltres|Moltres|100/100|[from] U-turn
|
|-end|p1a: Corviknight|move: Future Sight
|-resisted|p1a: Corviknight
|-damage|p1a: Corviknight|15/100
|upkeep
|turn|31
|inactive|mailman2 has 60 seconds left.
|
|t:|1759016483
|move|p2a: Moltres|Flamethrower|p1a: Corviknight
|-supereffective|p1a: Corviknight
|-damage|p1a: Corviknight|0 fnt
|faint|p1a: Corviknight
|
|upkeep
|
|t:|1759016493
|switch|p1a: Raging Bolt|Raging Bolt|63/100
|-damage|p1a: Raging Bolt|50/100|[from] Stealth Rock
|turn|32
|
|t:|1759016499
|move|p1a: Raging Bolt|Thunderbolt|p2a: Moltres
|-supereffective|p2a: Moltres
|-damage|p2a: Moltres|0 fnt
|faint|p2a: Moltres
|
|upkeep
|
|t:|1759016503
|switch|p2a: Dragapult|Dragapult, F|47/100
|turn|33
|
|t:|1759016518
|-end|p1a: Raging Bolt|Protosynthesis|[silent]
|switch|p1a: Kingambit|Kingambit, M, shiny|94/100 par
|-damage|p1a: Kingambit|88/100 par|[from] Stealth Rock
|-activate|p1a: Kingambit|ability: Supreme Overlord
|-start|p1a: Kingambit|fallen2|[silent]
|move|p2a: Dragapult|Dragon Darts|p1a: Kingambit
|-resisted|p1a: Kingambit
|-damage|p1a: Kingambit|80/100 par
|-anim|p2a: Dragapult|Dragon Darts|p1a: Kingambit
|-resisted|p1a: Kingambit
|-damage|p1a: Kingambit|72/100 par
|
|-heal|p1a: Kingambit|78/100 par|[from] item: Leftovers
|upkeep
|turn|34
|
|t:|1759016537
|switch|p2a: Gliscor|Gliscor, M, tera:Water|31/100 tox
|move|p1a: Kingambit|Kowtow Cleave|p2a: Gliscor
|-damage|p2a: Gliscor|0 fnt
|faint|p2a: Gliscor
|
|-heal|p1a: Kingambit|84/100 par|[from] item: Leftovers
|upkeep
|
|t:|1759016542
|switch|p2a: Dragapult|Dragapult, F|47/100
|turn|35
|
|t:|1759016546
|move|p2a: Dragapult|Hex|p1a: Kingambit
|-resisted|p1a: Kingambit
|-damage|p1a: Kingambit|58/100 par
|move|p1a: Kingambit|Kowtow Cleave|p2a: Dragapult
|-supereffective|p2a: Dragapult
|-damage|p2a: Dragapult|0 fnt
|faint|p2a: Dragapult
|
|win|supreme tortellini
|raw|supreme tortellini's rating: 1329 &rarr; <strong>1354</strong><br />(+25 for winning)
|raw|mailman2's rating: 1415 &rarr; <strong>1390</strong><br />(-25 for losing)
