|j|☆CadenG18
|j|☆emspottie
|t:|1759031298
|gametype|singles
|player|p1|CadenG18|hilbert|1342
|player|p2|emspottie|cynthia|1404
|gen|9
|tier|[Gen 9] OU
|rated|
|rule|HP Percentage Mod: HP is shown in percentages
|rule|Endless Battle Clause: Forcing endless battles is banned
|rule|Species Clause: Limit one of each Pokémon
|rule|OHKO Clause: OHKO moves are banned
|rule|Evasion Items Clause: Evasion items are banned
|rule|Evasion Moves Clause: Evasion moves are banned
|rule|Evasion Abilities Clause: Evasion abilities are banned
|rule|Sleep Moves Clause: Sleep-inducing moves are banned
|clearpoke
|poke|p1|Greninja-*, M|
|poke|p1|Ceruledge, F|
|poke|p1|Armarouge, F|
|poke|p1|Hydreigon, F|
|poke|p1|Kommo-o, M|
|poke|p1|Tsareena, F|
|poke|p2|Slowking-Galar, F|
|poke|p2|Zamazenta-*|
|poke|p2|Landorus-Therian, M|
|poke|p2|Kingambit, F|
|poke|p2|Dragapult, F|
|poke|p2|Ogerpon-Wellspring, F|
|teampreview
|inactive|Battle timer is ON: inactive players will automatically lose when time's up. (requested by CadenG18)
|
|t:|1759031311
|teamsize|p1|6
|teamsize|p2|6
|start
|switch|p1a: Soleia|Armarouge, F, shiny|100/100
|switch|p2a: Slowking|Slowking-Galar, F|100/100
|turn|1
|c|☆emspottie|hf
|inactive|emspottie also wants the timer to be on.
|c|☆CadenG18|glhf
|
|t:|1759031330
|move|p1a: Soleia|Armor Cannon|p2a: Slowking
|-damage|p2a: Slowking|57/100
|-unboost|p1a: Soleia|def|1
|-unboost|p1a: Soleia|spd|1
|move|p2a: Slowking|Toxic|p1a: Soleia
|-status|p1a: Soleia|tox
|
|-damage|p1a: Soleia|94/100 tox|[from] psn
|upkeep
|turn|2
|
|t:|1759031341
|switch|p2a: Dragapult|Dragapult, F|100/100
|move|p1a: Soleia|Psychic|p2a: Dragapult
|-damage|p2a: Dragapult|26/100
|
|-damage|p1a: Soleia|82/100 tox|[from] psn
|upkeep
|turn|3
|
|t:|1759031348
|move|p2a: Dragapult|Hex|p1a: Soleia
|-supereffective|p1a: Soleia
|-damage|p1a: Soleia|0 fnt
|faint|p1a: Soleia
|
|upkeep
|
|t:|1759031353
|switch|p1a: Cieri|Ceruledge, F, shiny|100/100
|turn|4
|
|t:|1759031360
|switch|p2a: Landorus|Landorus-Therian, M|100/100
|-ability|p2a: Landorus|Intimidate|boost
|-unboost|p1a: Cieri|atk|1
|move|p1a: Cieri|Shadow Sneak|p2a: Landorus
|-damage|p2a: Landorus|90/100
|-damage|p1a: Cieri|84/100|[from] item: Rocky Helmet|[of] p2a: Landorus
|
|upkeep
|turn|5
|
|t:|1759031374
|switch|p1a: Megumi|Greninja, M, shiny|100/100
|move|p2a: Landorus|Earth Power|p1a: Megumi
|-damage|p1a: Megumi|50/100
|
|upkeep
|turn|6
|
|t:|1759031385
|switch|p2a: Zamazenta|Zamazenta|100/100
|-ability|p2a: Zamazenta|Dauntless Shield|boost
|-boost|p2a: Zamazenta|def|1
|move|p1a: Megumi|Ice Beam|p2a: Zamazenta
|-start|p1a: Megumi|typechange|Ice|[from] ability: Protean
|-crit|p2a: Zamazenta
|-damage|p2a: Zamazenta|30/100
|-status|p2a: Zamazenta|frz
|-damage|p1a: Megumi|40/100|[from] item: Life Orb
|
|upkeep
|turn|7
|
|t:|1759031397
|switch|p2a: Slowking|Slowking-Galar, F|91/100
|move|p1a: Megumi|Ice Beam|p2a: Slowking
|-crit|p2a: Slowking
|-damage|p2a: Slowking|41/100
|-damage|p1a: Megumi|30/100|[from] item: Life Orb
|
|upkeep
|turn|8
|
|t:|1759031405
|move|p1a: Megumi|Ice Beam|p2a: Slowking
|-damage|p2a: Slowking|10/100
|-damage|p1a: Megumi|20/100|[from] item: Life Orb
|-prepare|p2a: Slowking|Chilly Reception|[premajor]
|move|p2a: Slowking|Chilly Reception|p2a: Slowking
|-weather|Snowscape
|
|t:|1759031410
|switch|p2a: Dragapult|Dragapult, F|26/100|[from] Chilly Reception
|
|-weather|Snowscape|[upkeep]
|upkeep
|turn|9
|
|t:|1759031418
|move|p2a: Dragapult|Hex|p1a: Megumi
|-damage|p1a: Megumi|0 fnt
|faint|p1a: Megumi
|
|-weather|Snowscape|[upkeep]
|upkeep
|
|t:|1759031430
|switch|p1a: Tsuyo-sa|Kommo-o, M|100/100
|turn|10
|
|t:|1759031436
|-terastallize|p1a: Tsuyo-sa|Steel
|move|p2a: Dragapult|Dragon Darts|p1a: Tsuyo-sa
|-resisted|p1a: Tsuyo-sa
|-damage|p1a: Tsuyo-sa|90/100
|-anim|p2a: Dragapult|Dragon Darts|p1a: Tsuyo-sa
|-resisted|p1a: Tsuyo-sa
|-damage|p1a: Tsuyo-sa|80/100
|move|p1a: Tsuyo-sa|Clangorous Soul|p1a: Tsuyo-sa
|-boost|p1a: Tsuyo-sa|atk|1
|-boost|p1a: Tsuyo-sa|def|1
|-boost|p1a: Tsuyo-sa|spa|1
|-boost|p1a: Tsuyo-sa|spd|1
|-boost|p1a: Tsuyo-sa|spe|1
|-damage|p1a: Tsuyo-sa|47/100
|
|-weather|Snowscape|[upkeep]
|-heal|p1a: Tsuyo-sa|53/100|[from] item: Leftovers
|upkeep
|turn|11
|
|t:|1759031453
|move|p1a: Tsuyo-sa|Dragon Claw|p2a: Dragapult
|-supereffective|p2a: Dragapult
|-damage|p2a: Dragapult|0 fnt
|faint|p2a: Dragapult
|
|-weather|Snowscape|[upkeep]
|-heal|p1a: Tsuyo-sa|59/100|[from] item: Leftovers
|upkeep
|
|t:|1759031466
|switch|p2a: Kingambit|Kingambit, F|100/100
|-activate|p2a: Kingambit|ability: Supreme Overlord
|-start|p2a: Kingambit|fallen1|[silent]
|turn|12
|
|t:|1759031472
|move|p1a: Tsuyo-sa|Brick Break|p2a: Kingambit
|-supereffective|p2a: Kingambit
|-damage|p2a: Kingambit|0 fnt
|faint|p2a: Kingambit
|-end|p2a: Kingambit|fallen1|[silent]
|
|-weather|none
|-heal|p1a: Tsuyo-sa|65/100|[from] item: Leftovers
|upkeep
|
|t:|1759031484
|switch|p2a: Landorus|Landorus-Therian, M|90/100
|-ability|p2a: Landorus|Intimidate|boost
|-unboost|p1a: Tsuyo-sa|atk|1
|turn|13
|inactive|emspottie has 120 seconds left.
|
|t:|1759031506
|move|p1a: Tsuyo-sa|Iron Head|p2a: Landorus
|-damage|p2a: Landorus|63/100
|-damage|p1a: Tsuyo-sa|49/100|[from] item: Rocky Helmet|[of] p2a: Landorus
|cant|p2a: Landorus|flinch
|
|-heal|p1a: Tsuyo-sa|55/100|[from] item: Leftovers
|upkeep
|turn|14
|inactive|emspottie has 120 seconds left.
|
|t:|1759031523
|move|p1a: Tsuyo-sa|Iron Head|p2a: Landorus
|-damage|p2a: Landorus|31/100
|-damage|p1a: Tsuyo-sa|38/100|[from] item: Rocky Helmet|[of] p2a: Landorus
|move|p2a: Landorus|Earth Power|p1a: Tsuyo-sa
|-supereffective|p1a: Tsuyo-sa
|-damage|p1a: Tsuyo-sa|0 fnt
|faint|p1a: Tsuyo-sa
|
|upkeep
|
|t:|1759031541
|switch|p1a: Cybele|Tsareena, F|100/100
|turn|15
|inactive|CadenG18 has 120 seconds left.
|
|t:|1759031564
|switch|p2a: Slowking|Slowking-Galar, F|44/100
|move|p1a: Cybele|Knock Off|p2a: Slowking
|-supereffective|p2a: Slowking
|-damage|p2a: Slowking|0 fnt
|-enditem|p2a: Slowking|Heavy-Duty Boots|[from] move: Knock Off|[of] p1a: Cybele
|faint|p2a: Slowking
|
|upkeep
|inactive|emspottie has 120 seconds left.
|
|t:|1759031578
|switch|p2a: Landorus|Landorus-Therian, M|31/100
|-ability|p2a: Landorus|Intimidate|boost
|-unboost|p1a: Cybele|atk|1
|turn|16
|inactive|CadenG18 has 120 seconds left.
|
|t:|1759031603
|move|p2a: Landorus|U-turn|p1a: Cybele
|-supereffective|p1a: Cybele
|-damage|p1a: Cybele|63/100
|
|t:|1759031606
|switch|p2a: Zamazenta|Zamazenta|30/100 frz|[from] U-turn
|move|p1a: Cybele|Knock Off|p2a: Zamazenta
|-resisted|p2a: Zamazenta
|-damage|p2a: Zamazenta|20/100 frz
|-enditem|p2a: Zamazenta|Heavy-Duty Boots|[from] move: Knock Off|[of] p1a: Cybele
|
|upkeep
|turn|17
|inactive|CadenG18 has 120 seconds left.
|
|t:|1759031622
|cant|p2a: Zamazenta|frz
|move|p1a: Cybele|Play Rough|p2a: Zamazenta
|-supereffective|p2a: Zamazenta
|-damage|p2a: Zamazenta|0 fnt
|faint|p2a: Zamazenta
|
|upkeep
|
|t:|1759031635
|switch|p2a: Landorus|Landorus-Therian, M|31/100
|-ability|p2a: Landorus|Intimidate|boost
|-unboost|p1a: Cybele|atk|1
|turn|18
|
|t:|1759031648
|move|p2a: Landorus|Earth Power|p1a: Cybele
|-resisted|p1a: Cybele
|-damage|p1a: Cybele|45/100
|move|p1a: Cybele|Power Whip|p2a: Landorus
|-damage|p2a: Landorus|8/100
|-damage|p1a: Cybele|29/100|[from] item: Rocky Helmet|[of] p2a: Landorus
|
|upkeep
|turn|19
|inactive|emspottie has 120 seconds left.
|
|t:|1759031666
|move|p2a: Landorus|Earth Power|p1a: Cybele
|-resisted|p1a: Cybele
|-damage|p1a: Cybele|12/100
|move|p1a: Cybele|Knock Off|p2a: Landorus
|-damage|p2a: Landorus|0 fnt
|-damage|p1a: Cybele|0 fnt|[from] item: Rocky Helmet|[of] p2a: Landorus
|faint|p2a: Landorus
|faint|p1a: Cybele
|
|upkeep
|inactive|emspottie has 120 seconds left.
|
|t:|1759031674
|switch|p2a: Ogerpon|Ogerpon-Wellspring, F|100/100
|switch|p1a: Yamata|Hydreigon, F|100/100
|turn|20
|inactive|emspottie has 120 seconds left.
|
|t:|1759031685
|-terastallize|p2a: Ogerpon|Water
|detailschange|p2a: Ogerpon|Ogerpon-Wellspring-Tera, F, tera:Water
|-ability|p2a: Ogerpon|Embody Aspect (Wellspring)|boost
|-boost|p2a: Ogerpon|spd|1
|move|p2a: Ogerpon|Ivy Cudgel|p1a: Yamata|[anim] Ivy Cudgel Water
|-resisted|p1a: Yamata
|-damage|p1a: Yamata|55/100
|move|p1a: Yamata|Draco Meteor|p2a: Ogerpon
|-damage|p2a: Ogerpon|20/100
|-unboost|p1a: Yamata|spa|2
|
|upkeep
|turn|21
|inactive|emspottie has 120 seconds left.
|inactive|CadenG18 has 120 seconds left.
|l|☆CadenG18
|inactive|CadenG18 disconnected and has a minute to reconnect!
|player|p1|
|j|☆CadenG18
|inactive|CadenG18 reconnected and has 115 seconds left.
|player|p1|CadenG18|hilbert|
|
|t:|1759031730
|move|p2a: Ogerpon|Ivy Cudgel|p1a: Yamata|[anim] Ivy Cudgel Water
|-resisted|p1a: Yamata
|-damage|p1a: Yamata|8/100
|move|p1a: Yamata|Draco Meteor|p2a: Ogerpon|[miss]
|-miss|p1a: Yamata|p2a: Ogerpon
|
|upkeep
|turn|22
|c|☆CadenG18|uh oh
|c|☆emspottie|uh oh
|c|☆emspottie|yeahhh that's really bad hax
|c|☆CadenG18|?? hax?
|inactive|emspottie has 90 seconds left.
|c|☆emspottie|draco meteor missing
|c|☆CadenG18|oh
|c|☆CadenG18|lmao
|
|t:|1759031775
|move|p2a: Ogerpon|Horn Leech|p1a: Yamata
|-resisted|p1a: Yamata
|-damage|p1a: Yamata|0 fnt
|-heal|p2a: Ogerpon|24/100|[from] drain|[of] p1a: Yamata
|faint|p1a: Yamata
|
|upkeep
|
|t:|1759031782
|switch|p1a: Cieri|Ceruledge, F, shiny|84/100
|turn|23
|
|t:|1759031786
|move|p1a: Cieri|Shadow Sneak|p2a: Ogerpon
|-damage|p2a: Ogerpon|0 fnt
|faint|p2a: Ogerpon
|detailschange|p2: Ogerpon|Ogerpon-Wellspring, F|[silent]
|
|win|CadenG18
|raw|CadenG18's rating: 1342 &rarr; <strong>1366</strong><br />(+24 for winning)
|raw|emspottie's rating: 1404 &rarr; <strong>1380</strong><br />(-24 for losing)
|c|☆CadenG18|ggs
|c|☆emspottie|still kills
|c|☆emspottie|gg
|c|☆CadenG18|stab boosted shadow sneak makes me happy
