|badge|p2|bronze|gen9ou|100-6
|html|<div class="broadcast-red"><strong>This battle is required to be public due to one or more player having a season medal.</strong><br />During the public phase, you can discuss the state of the ladder <a href="/seasondiscussion">in a special chatroom.</a></div>
|uhtml|medal-msg|<div class="broadcast-blue">Curious what those medals under the avatar are? PS now has Ladder Seasons! For more information, check out the <a href="https://www.smogon.com/forums/threads/3740067/">thread on Smogon.</a></div>
|raw|<div class="broadcast-blue"><strong>This battle is required to be public due to a player having a name starting with 'medal'.</div>
|j|☆658Greninja
|j|☆WogerHater
|t:|1758931556
|gametype|singles
|player|p1|658Greninja|ltsurge|1778
|player|p2|WogerHater|dawn-gen4pt|1908
|gen|9
|tier|[Gen 9] OU
|rated|
|rule|HP Percentage Mod: HP is shown in percentages
|rule|Endless Battle Clause: Forcing endless battles is banned
|rule|Species Clause: Limit one of each Pokémon
|rule|OHKO Clause: OHKO moves are banned
|rule|Evasion Items Clause: Evasion items are banned
|rule|Evasion Moves Clause: Evasion moves are banned
|rule|Evasion Abilities Clause: Evasion abilities are banned
|rule|Sleep Moves Clause: Sleep-inducing moves are banned
|clearpoke
|poke|p1|Rillaboom, M|
|poke|p1|Kyurem|
|poke|p1|Darkrai|
|poke|p1|Gholdengo|
|poke|p1|Landorus-Therian, M|
|poke|p1|Hatterene, F|
|poke|p2|Weezing-Galar, M|
|poke|p2|Ting-Lu|
|poke|p2|Corviknight, M|
|poke|p2|Skeledirge, M|
|poke|p2|Dragapult, M|
|poke|p2|Ogerpon-Wellspring, F|
|teampreview
|inactive|Battle timer is ON: inactive players will automatically lose when time's up. (requested by WogerHater)
|l|☆658Greninja
|inactive|658Greninja disconnected and has a minute to reconnect!
|player|p1|
|j|☆658Greninja
|inactive|658Greninja reconnected and has 130 seconds left.
|player|p1|658Greninja|ltsurge|
|
|t:|1758931581
|teamsize|p1|6
|teamsize|p2|6
|start
|switch|p1a: Kyurem|Kyurem|100/100
|switch|p2a: Dragapult|Dragapult, M|100/100
|-ability|p1a: Kyurem|Pressure
|turn|1
|
|t:|1758931586
|switch|p1a: Hatterene|Hatterene, F|100/100
|move|p2a: Dragapult|U-turn|p1a: Hatterene
|-damage|p1a: Hatterene|87/100
|
|t:|1758931594
|switch|p2a: Ogerpon|Ogerpon-Wellspring, F|100/100|[from] U-turn
|
|upkeep
|turn|2
|
|t:|1758931597
|switch|p1a: Rillaboom|Rillaboom, M|100/100
|-fieldstart|move: Grassy Terrain|[from] ability: Grassy Surge|[of] p1a: Rillaboom
|move|p2a: Ogerpon|Knock Off|p1a: Rillaboom
|-damage|p1a: Rillaboom|63/100
|-enditem|p1a: Rillaboom|Life Orb|[from] move: Knock Off|[of] p2a: Ogerpon
|
|-heal|p1a: Rillaboom|69/100|[from] Grassy Terrain
|upkeep
|turn|3
|
|t:|1758931606
|switch|p2a: Dragapult|Dragapult, M|100/100
|switch|p1a: Landorus|Landorus-Therian, M|100/100
|-ability|p1a: Landorus|Intimidate|boost
|-fail|p2a: Dragapult|unboost|[from] ability: Clear Body|[of] p2a: Dragapult
|
|upkeep
|turn|4
|
|t:|1758931614
|move|p2a: Dragapult|Shadow Ball|p1a: Landorus
|-damage|p1a: Landorus|47/100
|-unboost|p1a: Landorus|spd|1
|move|p1a: Landorus|Stealth Rock|p2a: Dragapult
|-sidestart|p2: WogerHater|move: Stealth Rock
|
|upkeep
|turn|5
|
|t:|1758931618
|switch|p1a: Darkrai|Darkrai|100/100
|move|p2a: Dragapult|Shadow Ball|p1a: Darkrai
|-resisted|p1a: Darkrai
|-damage|p1a: Darkrai|72/100
|
|-heal|p1a: Darkrai|78/100|[from] Grassy Terrain
|-heal|p1a: Darkrai|84/100|[from] item: Leftovers
|upkeep
|turn|6
|
|t:|1758931626
|switch|p2a: GAS.|Weezing-Galar, M|100/100
|-ability|p2a: GAS.|Neutralizing Gas
|move|p1a: Darkrai|Nasty Plot|p1a: Darkrai
|-boost|p1a: Darkrai|spa|2
|
|-heal|p1a: Darkrai|90/100|[from] Grassy Terrain
|-heal|p1a: Darkrai|97/100|[from] item: Leftovers
|-fieldend|move: Grassy Terrain
|upkeep
|turn|7
|
|t:|1758931629
|move|p1a: Darkrai|Sludge Bomb|p2a: GAS.
|-damage|p2a: GAS.|28/100
|move|p2a: GAS.|Sludge Bomb|p1a: Darkrai
|-damage|p1a: Darkrai|66/100
|-status|p1a: Darkrai|psn
|
|-heal|p1a: Darkrai|72/100 psn|[from] item: Leftovers
|-damage|p1a: Darkrai|59/100 psn|[from] psn
|upkeep
|turn|8
|
|t:|1758931633
|move|p1a: Darkrai|Sludge Bomb|p2a: GAS.
|-damage|p2a: GAS.|0 fnt
|faint|p2a: GAS.
|-end|p2a: GAS.|ability: Neutralizing Gas
|
|-heal|p1a: Darkrai|65/100 psn|[from] item: Leftovers
|-damage|p1a: Darkrai|53/100 psn|[from] psn
|upkeep
|
|t:|1758931636
|switch|p2a: Ting-Lu|Ting-Lu, shiny|100/100
|-damage|p2a: Ting-Lu|94/100|[from] Stealth Rock
|-ability|p2a: Ting-Lu|Vessel of Ruin
|turn|9
|
|t:|1758931639
|switch|p1a: Rillaboom|Rillaboom, M|69/100
|-fieldstart|move: Grassy Terrain|[from] ability: Grassy Surge|[of] p1a: Rillaboom
|move|p2a: Ting-Lu|Stealth Rock|p1a: Rillaboom
|-sidestart|p1: 658Greninja|move: Stealth Rock
|
|-heal|p1a: Rillaboom|75/100|[from] Grassy Terrain
|-heal|p2a: Ting-Lu|100/100|[from] Grassy Terrain
|upkeep
|turn|10
|
|t:|1758931645
|switch|p2a: Corviknight|Corviknight, M|100/100
|-damage|p2a: Corviknight|88/100|[from] Stealth Rock
|-ability|p2a: Corviknight|Pressure
|move|p1a: Rillaboom|Swords Dance|p1a: Rillaboom
|-boost|p1a: Rillaboom|atk|2
|
|-heal|p1a: Rillaboom|81/100|[from] Grassy Terrain
|upkeep
|turn|11
|j| Ctannn
|
|t:|1758931652
|move|p1a: Rillaboom|Knock Off|p2a: Corviknight
|-damage|p2a: Corviknight|45/100
|-damage|p1a: Rillaboom|65/100|[from] item: Rocky Helmet|[of] p2a: Corviknight
|-enditem|p2a: Corviknight|Rocky Helmet|[from] move: Knock Off|[of] p1a: Rillaboom
|move|p2a: Corviknight|Roost|p2a: Corviknight
|-heal|p2a: Corviknight|95/100
|-singleturn|p2a: Corviknight|move: Roost
|
|-heal|p1a: Rillaboom|71/100|[from] Grassy Terrain
|-heal|p2a: Corviknight|100/100|[from] Grassy Terrain
|upkeep
|turn|12
|
|t:|1758931657
|switch|p1a: Landorus|Landorus-Therian, M|47/100
|-damage|p1a: Landorus|34/100|[from] Stealth Rock
|-ability|p1a: Landorus|Intimidate|boost
|-unboost|p2a: Corviknight|atk|1
|move|p2a: Corviknight|Iron Defense|p2a: Corviknight
|-boost|p2a: Corviknight|def|2
|
|upkeep
|turn|13
|
|t:|1758931666
|switch|p2a: Ogerpon|Ogerpon-Wellspring, F|100/100
|-damage|p2a: Ogerpon|88/100|[from] Stealth Rock
|move|p1a: Landorus|Taunt|p2a: Ogerpon
|-start|p2a: Ogerpon|move: Taunt
|
|-heal|p2a: Ogerpon|94/100|[from] Grassy Terrain
|-fieldend|move: Grassy Terrain
|upkeep
|turn|14
|
|t:|1758931675
|switch|p1a: Rillaboom|Rillaboom, M|71/100
|-damage|p1a: Rillaboom|59/100|[from] Stealth Rock
|-fieldstart|move: Grassy Terrain|[from] ability: Grassy Surge|[of] p1a: Rillaboom
|move|p2a: Ogerpon|Ivy Cudgel|p1a: Rillaboom|[anim] Ivy Cudgel Water
|-resisted|p1a: Rillaboom
|-damage|p1a: Rillaboom|27/100
|
|-heal|p2a: Ogerpon|99/100|[from] Grassy Terrain
|-heal|p1a: Rillaboom|33/100|[from] Grassy Terrain
|upkeep
|turn|15
|
|t:|1758931683
|switch|p1a: Kyurem|Kyurem|100/100
|-damage|p1a: Kyurem|76/100|[from] Stealth Rock
|-ability|p1a: Kyurem|Pressure
|move|p2a: Ogerpon|Ivy Cudgel|p1a: Kyurem|[anim] Ivy Cudgel Water
|-resisted|p1a: Kyurem
|-crit|p1a: Kyurem
|-damage|p1a: Kyurem|39/100
|
|-heal|p2a: Ogerpon|100/100|[from] Grassy Terrain
|-heal|p1a: Kyurem|45/100|[from] Grassy Terrain
|-end|p2a: Ogerpon|move: Taunt
|upkeep
|turn|16
|
|t:|1758931692
|switch|p2a: Skeledirge|Skeledirge, M|100/100
|move|p1a: Kyurem|Freeze-Dry|p2a: Skeledirge
|-resisted|p2a: Skeledirge
|-damage|p2a: Skeledirge|89/100
|-status|p2a: Skeledirge|frz
|
|-heal|p1a: Kyurem|52/100|[from] Grassy Terrain
|-heal|p2a: Skeledirge|95/100 frz|[from] Grassy Terrain
|upkeep
|turn|17
|
|t:|1758931700
|move|p1a: Kyurem|Earth Power|p2a: Skeledirge
|-supereffective|p2a: Skeledirge
|-damage|p2a: Skeledirge|49/100 frz
|cant|p2a: Skeledirge|frz
|
|-heal|p1a: Kyurem|58/100|[from] Grassy Terrain
|-heal|p2a: Skeledirge|55/100 frz|[from] Grassy Terrain
|upkeep
|turn|18
|
|t:|1758931702
|move|p1a: Kyurem|Freeze-Dry|p2a: Skeledirge
|-resisted|p2a: Skeledirge
|-damage|p2a: Skeledirge|42/100 frz
|cant|p2a: Skeledirge|frz
|
|-heal|p1a: Kyurem|64/100|[from] Grassy Terrain
|-heal|p2a: Skeledirge|48/100 frz|[from] Grassy Terrain
|-fieldend|move: Grassy Terrain
|upkeep
|turn|19
|
|t:|1758931704
|move|p1a: Kyurem|Earth Power|p2a: Skeledirge
|-supereffective|p2a: Skeledirge
|-damage|p2a: Skeledirge|5/100 frz
|cant|p2a: Skeledirge|frz
|
|upkeep
|turn|20
|c|☆WogerHater|seriously
|
|t:|1758931711
|move|p1a: Kyurem|Freeze-Dry|p2a: Skeledirge
|-resisted|p2a: Skeledirge
|-crit|p2a: Skeledirge
|-damage|p2a: Skeledirge|0 fnt
|faint|p2a: Skeledirge
|
|upkeep
|
|t:|1758931714
|switch|p2a: Dragapult|Dragapult, M|100/100
|-damage|p2a: Dragapult|88/100|[from] Stealth Rock
|turn|21
|
|t:|1758931726
|-terastallize|p1a: Kyurem|Fairy
|move|p2a: Dragapult|Shadow Ball|p1a: Kyurem
|-damage|p1a: Kyurem|36/100
|-unboost|p1a: Kyurem|spd|1
|move|p1a: Kyurem|Freeze-Dry|p2a: Dragapult
|-supereffective|p2a: Dragapult
|-damage|p2a: Dragapult|0 fnt
|faint|p2a: Dragapult
|
|upkeep
|j| St.Peewee
|
|t:|1758931733
|switch|p2a: Ting-Lu|Ting-Lu, shiny|100/100
|-damage|p2a: Ting-Lu|94/100|[from] Stealth Rock
|-ability|p2a: Ting-Lu|Vessel of Ruin
|turn|22
|
|t:|1758931737
|move|p1a: Kyurem|Freeze-Dry|p2a: Ting-Lu
|-supereffective|p2a: Ting-Lu
|-damage|p2a: Ting-Lu|66/100
|move|p2a: Ting-Lu|Earthquake|p1a: Kyurem
|-damage|p1a: Kyurem|3/100
|
|-heal|p2a: Ting-Lu|72/100|[from] item: Leftovers
|upkeep
|turn|23
|
|t:|1758931741
|move|p1a: Kyurem|Freeze-Dry|p2a: Ting-Lu
|-supereffective|p2a: Ting-Lu
|-damage|p2a: Ting-Lu|44/100
|-status|p2a: Ting-Lu|frz
|cant|p2a: Ting-Lu|frz
|
|-heal|p2a: Ting-Lu|50/100 frz|[from] item: Leftovers
|upkeep
|turn|24
|
|t:|1758931748
|move|p1a: Kyurem|Freeze-Dry|p2a: Ting-Lu
|-supereffective|p2a: Ting-Lu
|-damage|p2a: Ting-Lu|24/100 frz
|-curestatus|p2a: Ting-Lu|frz|[msg]
|move|p2a: Ting-Lu|Rest|p2a: Ting-Lu
|-status|p2a: Ting-Lu|slp|[from] move: Rest
|-heal|p2a: Ting-Lu|100/100 slp|[silent]
|
|upkeep
|turn|25
|
|t:|1758931750
|move|p1a: Kyurem|Freeze-Dry|p2a: Ting-Lu
|-supereffective|p2a: Ting-Lu
|-damage|p2a: Ting-Lu|72/100 slp
|cant|p2a: Ting-Lu|slp
|
|-heal|p2a: Ting-Lu|79/100 slp|[from] item: Leftovers
|upkeep
|turn|26
|
|t:|1758931753
|move|p1a: Kyurem|Freeze-Dry|p2a: Ting-Lu
|-supereffective|p2a: Ting-Lu
|-damage|p2a: Ting-Lu|53/100 slp
|cant|p2a: Ting-Lu|slp
|
|-heal|p2a: Ting-Lu|59/100 slp|[from] item: Leftovers
|upkeep
|turn|27
|
|t:|1758931755
|move|p1a: Kyurem|Ice Beam|p2a: Ting-Lu
|-supereffective|p2a: Ting-Lu
|-damage|p2a: Ting-Lu|23/100 slp
|-curestatus|p2a: Ting-Lu|slp|[msg]
|move|p2a: Ting-Lu|Earthquake|p1a: Kyurem
|-damage|p1a: Kyurem|0 fnt
|faint|p1a: Kyurem
|
|-heal|p2a: Ting-Lu|29/100|[from] item: Leftovers
|upkeep
|
|t:|1758931758
|switch|p1a: Rillaboom|Rillaboom, M|33/100
|-damage|p1a: Rillaboom|21/100|[from] Stealth Rock
|-fieldstart|move: Grassy Terrain|[from] ability: Grassy Surge|[of] p1a: Rillaboom
|turn|28
|
|t:|1758931764
|switch|p1a: Gholdengo|Gholdengo|100/100
|-damage|p1a: Gholdengo|94/100|[from] Stealth Rock
|-enditem|p1a: Gholdengo|Grassy Seed
|-boost|p1a: Gholdengo|def|1|[from] item: Grassy Seed
|switch|p2a: Corviknight|Corviknight, M|100/100
|-damage|p2a: Corviknight|88/100|[from] Stealth Rock
|-ability|p2a: Corviknight|Pressure
|
|-heal|p1a: Gholdengo|100/100|[from] Grassy Terrain
|upkeep
|turn|29
|
|t:|1758931767
|move|p1a: Gholdengo|Nasty Plot|p1a: Gholdengo
|-boost|p1a: Gholdengo|spa|2
|move|p2a: Corviknight|U-turn|p1a: Gholdengo
|-resisted|p1a: Gholdengo
|-damage|p1a: Gholdengo|98/100
|
|t:|1758931769
|switch|p2a: Ogerpon|Ogerpon-Wellspring, F|100/100|[from] U-turn
|-damage|p2a: Ogerpon|88/100|[from] Stealth Rock
|
|-heal|p2a: Ogerpon|94/100|[from] Grassy Terrain
|-heal|p1a: Gholdengo|100/100|[from] Grassy Terrain
|upkeep
|turn|30
|
|t:|1758931773
|-terastallize|p2a: Ogerpon|Water
|detailschange|p2a: Ogerpon|Ogerpon-Wellspring-Tera, F, tera:Water
|-ability|p2a: Ogerpon|Embody Aspect (Wellspring)|boost
|-boost|p2a: Ogerpon|spd|1
|move|p2a: Ogerpon|Ivy Cudgel|p1a: Gholdengo|[anim] Ivy Cudgel Water
|-damage|p1a: Gholdengo|58/100
|move|p1a: Gholdengo|Shadow Ball|p2a: Ogerpon
|-damage|p2a: Ogerpon|52/100
|
|-heal|p2a: Ogerpon|58/100|[from] Grassy Terrain
|-heal|p1a: Gholdengo|64/100|[from] Grassy Terrain
|upkeep
|turn|31
|
|t:|1758931779
|move|p2a: Ogerpon|Ivy Cudgel|p1a: Gholdengo|[anim] Ivy Cudgel Water
|-damage|p1a: Gholdengo|17/100
|move|p1a: Gholdengo|Shadow Ball|p2a: Ogerpon
|-damage|p2a: Ogerpon|10/100
|-unboost|p2a: Ogerpon|spd|1
|
|-heal|p2a: Ogerpon|16/100|[from] Grassy Terrain
|-heal|p1a: Gholdengo|24/100|[from] Grassy Terrain
|upkeep
|turn|32
|
|t:|1758931782
|switch|p1a: Landorus|Landorus-Therian, M|34/100
|-damage|p1a: Landorus|22/100|[from] Stealth Rock
|-ability|p1a: Landorus|Intimidate|boost
|-unboost|p2a: Ogerpon|atk|1
|move|p2a: Ogerpon|Ivy Cudgel|p1a: Landorus|[anim] Ivy Cudgel Water
|-supereffective|p1a: Landorus
|-damage|p1a: Landorus|0 fnt
|faint|p1a: Landorus
|
|-heal|p2a: Ogerpon|22/100|[from] Grassy Terrain
|-fieldend|move: Grassy Terrain
|upkeep
|
|t:|1758931785
|switch|p1a: Darkrai|Darkrai|53/100 psn
|-damage|p1a: Darkrai|40/100 psn|[from] Stealth Rock
|turn|33
|
|t:|1758931796
|switch|p2a: Ting-Lu|Ting-Lu, shiny|29/100
|-damage|p2a: Ting-Lu|23/100|[from] Stealth Rock
|-ability|p2a: Ting-Lu|Vessel of Ruin
|move|p1a: Darkrai|Dark Pulse|p2a: Ting-Lu
|-resisted|p2a: Ting-Lu
|-damage|p2a: Ting-Lu|15/100
|
|-heal|p1a: Darkrai|46/100 psn|[from] item: Leftovers
|-heal|p2a: Ting-Lu|22/100|[from] item: Leftovers
|-damage|p1a: Darkrai|34/100 psn|[from] psn
|upkeep
|turn|34
|
|t:|1758931806
|switch|p1a: Rillaboom|Rillaboom, M|21/100
|-damage|p1a: Rillaboom|9/100|[from] Stealth Rock
|-fieldstart|move: Grassy Terrain|[from] ability: Grassy Surge|[of] p1a: Rillaboom
|move|p2a: Ting-Lu|Earthquake|p1a: Rillaboom
|-resisted|p1a: Rillaboom
|-damage|p1a: Rillaboom|0 fnt
|faint|p1a: Rillaboom
|
|-heal|p2a: Ting-Lu|28/100|[from] Grassy Terrain
|-heal|p2a: Ting-Lu|34/100|[from] item: Leftovers
|upkeep
|
|t:|1758931808
|switch|p1a: Hatterene|Hatterene, F|87/100
|-damage|p1a: Hatterene|75/100|[from] Stealth Rock
|turn|35
|
|t:|1758931816
|move|p2a: Ting-Lu|Heavy Slam|p1a: Hatterene
|-supereffective|p1a: Hatterene
|-damage|p1a: Hatterene|29/100
|move|p1a: Hatterene|Draining Kiss|p2a: Ting-Lu
|-supereffective|p2a: Ting-Lu
|-damage|p2a: Ting-Lu|14/100
|-heal|p1a: Hatterene|53/100|[from] drain|[of] p2a: Ting-Lu
|
|-heal|p2a: Ting-Lu|20/100|[from] Grassy Terrain
|-heal|p2a: Ting-Lu|27/100|[from] item: Leftovers
|-heal|p1a: Hatterene|59/100|[from] Grassy Terrain
|upkeep
|turn|36
|j| l.1amper0uge
|
|t:|1758931822
|move|p2a: Ting-Lu|Rest|p2a: Ting-Lu
|-status|p2a: Ting-Lu|slp|[from] move: Rest
|-heal|p2a: Ting-Lu|100/100 slp|[silent]
|move|p1a: Hatterene|Draining Kiss|p2a: Ting-Lu
|-supereffective|p2a: Ting-Lu
|-damage|p2a: Ting-Lu|82/100 slp
|-heal|p1a: Hatterene|82/100|[from] drain|[of] p2a: Ting-Lu
|
|-heal|p2a: Ting-Lu|88/100 slp|[from] Grassy Terrain
|-heal|p2a: Ting-Lu|94/100 slp|[from] item: Leftovers
|-heal|p1a: Hatterene|88/100|[from] Grassy Terrain
|upkeep
|turn|37
|
|t:|1758931824
|cant|p2a: Ting-Lu|slp
|move|p1a: Hatterene|Calm Mind|p1a: Hatterene
|-boost|p1a: Hatterene|spa|1
|-boost|p1a: Hatterene|spd|1
|
|-heal|p2a: Ting-Lu|100/100 slp|[from] Grassy Terrain
|-heal|p1a: Hatterene|94/100|[from] Grassy Terrain
|upkeep
|turn|38
|
|t:|1758931826
|cant|p2a: Ting-Lu|slp
|move|p1a: Hatterene|Calm Mind|p1a: Hatterene
|-boost|p1a: Hatterene|spa|1
|-boost|p1a: Hatterene|spd|1
|
|-heal|p1a: Hatterene|99/100|[from] Grassy Terrain
|-fieldend|move: Grassy Terrain
|upkeep
|turn|39
|
|t:|1758931828
|-curestatus|p2a: Ting-Lu|slp|[msg]
|move|p2a: Ting-Lu|Heavy Slam|p1a: Hatterene
|-supereffective|p1a: Hatterene
|-damage|p1a: Hatterene|48/100
|move|p1a: Hatterene|Draining Kiss|p2a: Ting-Lu
|-supereffective|p2a: Ting-Lu
|-damage|p2a: Ting-Lu|65/100
|-heal|p1a: Hatterene|91/100|[from] drain|[of] p2a: Ting-Lu
|
|-heal|p2a: Ting-Lu|71/100|[from] item: Leftovers
|upkeep
|turn|40
|
|t:|1758931832
|move|p2a: Ting-Lu|Heavy Slam|p1a: Hatterene
|-supereffective|p1a: Hatterene
|-damage|p1a: Hatterene|43/100
|move|p1a: Hatterene|Draining Kiss|p2a: Ting-Lu
|-supereffective|p2a: Ting-Lu
|-damage|p2a: Ting-Lu|36/100
|-heal|p1a: Hatterene|86/100|[from] drain|[of] p2a: Ting-Lu
|
|-heal|p2a: Ting-Lu|42/100|[from] item: Leftovers
|upkeep
|turn|41
|
|t:|1758931835
|move|p2a: Ting-Lu|Heavy Slam|p1a: Hatterene
|-supereffective|p1a: Hatterene
|-damage|p1a: Hatterene|36/100
|move|p1a: Hatterene|Draining Kiss|p2a: Ting-Lu
|-supereffective|p2a: Ting-Lu
|-damage|p2a: Ting-Lu|5/100
|-heal|p1a: Hatterene|80/100|[from] drain|[of] p2a: Ting-Lu
|
|-heal|p2a: Ting-Lu|12/100|[from] item: Leftovers
|upkeep
|turn|42
|
|t:|1758931837
|move|p2a: Ting-Lu|Heavy Slam|p1a: Hatterene
|-supereffective|p1a: Hatterene
|-damage|p1a: Hatterene|30/100
|move|p1a: Hatterene|Draining Kiss|p2a: Ting-Lu
|-supereffective|p2a: Ting-Lu
|-damage|p2a: Ting-Lu|0 fnt
|-heal|p1a: Hatterene|44/100|[from] drain|[of] p2a: Ting-Lu
|faint|p2a: Ting-Lu
|
|upkeep
|
|t:|1758931843
|switch|p2a: Ogerpon|Ogerpon-Wellspring-Tera, F, tera:Water|22/100
|-damage|p2a: Ogerpon|10/100|[from] Stealth Rock
|-ability|p2a: Ogerpon|Embody Aspect (Wellspring)|boost
|-boost|p2a: Ogerpon|spd|1
|turn|43
|
|t:|1758931851
|move|p2a: Ogerpon|Ivy Cudgel|p1a: Hatterene|[anim] Ivy Cudgel Water
|-damage|p1a: Hatterene|0 fnt
|faint|p1a: Hatterene
|
|upkeep
|j| ShirtlessRayRizzo
|l|☆658Greninja
|inactive|658Greninja disconnected and has a minute to reconnect!
|player|p1|
|j|☆658Greninja
|inactive|658Greninja reconnected and has 145 seconds left.
|player|p1|658Greninja|ltsurge|
|
|t:|1758931860
|switch|p1a: Darkrai|Darkrai|34/100 psn
|-damage|p1a: Darkrai|21/100 psn|[from] Stealth Rock
|turn|44
|c| ShirtlessRayRizzo|44 turns...
|c|☆WogerHater|yeah another game I get robbed by kyurem freeze
|c|☆658Greninja|mb
|-message|WogerHater forfeited.
|
|win|658Greninja
|raw|658Greninja's rating: 1778 &rarr; <strong>1805</strong><br />(+27 for winning)
|raw|WogerHater's rating: 1908 &rarr; <strong>1881</strong><br />(-27 for losing)
|l|☆WogerHater
|player|p2|
|c| ShirtlessRayRizzo|Rigged!???
|c| ShirtlessRayRizzo|._.
|l| ShirtlessRayRizzo
