|j|☆werearewe
|j|☆massivesket
|t:|1758987038
|gametype|singles
|player|p1|werearewe|266|1351
|player|p2|massivesket|102|1267
|gen|9
|tier|[Gen 9] OU
|rated|
|rule|HP Percentage Mod: HP is shown in percentages
|rule|Endless Battle Clause: Forcing endless battles is banned
|rule|Species Clause: Limit one of each Pokémon
|rule|OHKO Clause: OHKO moves are banned
|rule|Evasion Items Clause: Evasion items are banned
|rule|Evasion Moves Clause: Evasion moves are banned
|rule|Evasion Abilities Clause: Evasion abilities are banned
|rule|Sleep Moves Clause: Sleep-inducing moves are banned
|clearpoke
|poke|p1|Ribombee, F|
|poke|p1|Cinderace, M|
|poke|p1|Ogerpon, F|
|poke|p1|Milotic, M|
|poke|p1|Kingambit, F|
|poke|p1|Serperior, M|
|poke|p2|Azumarill, M|
|poke|p2|Serperior, M|
|poke|p2|Incineroar, M|
|poke|p2|Great Tusk|
|poke|p2|Garganacl, M|
|poke|p2|Kingambit, M|
|teampreview
|inactive|Battle timer is ON: inactive players will automatically lose when time's up. (requested by massivesket)
|
|t:|1758987046
|teamsize|p1|6
|teamsize|p2|6
|start
|switch|p1a: Ribombee|Ribombee, F|100/100
|switch|p2a: Femboy IX|Azumarill, M, shiny|100/100
|turn|1
|
|t:|1758987067
|move|p1a: Ribombee|Sticky Web|p2a: Femboy IX
|-sidestart|p2: massivesket|move: Sticky Web
|move|p2a: Femboy IX|Belly Drum|p2a: Femboy IX
|-damage|p2a: Femboy IX|50/100
|-setboost|p2a: Femboy IX|atk|6|[from] move: Belly Drum
|-enditem|p2a: Femboy IX|Sitrus Berry|[eat]
|-heal|p2a: Femboy IX|75/100|[from] item: Sitrus Berry
|
|upkeep
|turn|2
|
|t:|1758987080
|move|p1a: Ribombee|Stun Spore|p2a: Femboy IX
|-status|p2a: Femboy IX|par
|move|p2a: Femboy IX|Play Rough|p1a: Ribombee
|-enditem|p1a: Ribombee|Focus Sash
|-damage|p1a: Ribombee|1/100
|
|upkeep
|turn|3
|
|t:|1758987098
|move|p2a: Femboy IX|Aqua Jet|p1a: Ribombee
|-damage|p1a: Ribombee|0 fnt
|faint|p1a: Ribombee
|
|upkeep
|
|t:|1758987108
|switch|p1a: Ogerpon|Ogerpon, F|100/100
|turn|4
|inactive|massivesket has 120 seconds left.
|
|t:|1758987143
|move|p2a: Femboy IX|Aqua Jet|p1a: Ogerpon
|-resisted|p1a: Ogerpon
|-damage|p1a: Ogerpon|32/100
|move|p1a: Ogerpon|Ivy Cudgel|p2a: Femboy IX
|-supereffective|p2a: Femboy IX
|-damage|p2a: Femboy IX|0 fnt
|faint|p2a: Femboy IX
|
|upkeep
|
|t:|1758987146
|switch|p2a: Joe Exotic|Incineroar, M, shiny|100/100
|-ability|p2a: Joe Exotic|Intimidate|boost
|-unboost|p1a: Ogerpon|atk|1
|-ability|p1a: Ogerpon|Defiant|boost
|-boost|p1a: Ogerpon|atk|2
|turn|5
|
|t:|1758987175
|move|p2a: Joe Exotic|Fake Out|p1a: Ogerpon
|-damage|p1a: Ogerpon|14/100
|cant|p1a: Ogerpon|flinch
|
|upkeep
|turn|6
|
|t:|1758987180
|move|p1a: Ogerpon|Superpower|p2a: Joe Exotic
|-supereffective|p2a: Joe Exotic
|-damage|p2a: Joe Exotic|0 fnt
|-unboost|p1a: Ogerpon|atk|1
|-unboost|p1a: Ogerpon|def|1
|faint|p2a: Joe Exotic
|-enditem|p1a: Ogerpon|White Herb
|-clearnegativeboost|p1a: Ogerpon|[silent]
|
|upkeep
|
|t:|1758987183
|switch|p2a: My White Ass|Great Tusk|100/100
|turn|7
|
|t:|1758987189
|-terastallize|p1a: Ogerpon|Grass
|detailschange|p1a: Ogerpon|Ogerpon-Teal-Tera, F, tera:Grass
|-ability|p1a: Ogerpon|Embody Aspect (Teal)|boost
|-boost|p1a: Ogerpon|spe|1
|move|p1a: Ogerpon|Ivy Cudgel|p2a: My White Ass
|-supereffective|p2a: My White Ass
|-damage|p2a: My White Ass|0 fnt
|faint|p2a: My White Ass
|-end|p2a: My White Ass|Protosynthesis|[silent]
|
|upkeep
|
|t:|1758987195
|switch|p2a: Cucked By Zygarde|Serperior, M, shiny|100/100
|-activate|p2a: Cucked By Zygarde|move: Sticky Web
|-boost|p2a: Cucked By Zygarde|spe|1
|turn|8
|
|t:|1758987200
|move|p2a: Cucked By Zygarde|Leaf Storm|p1a: Ogerpon
|-resisted|p1a: Ogerpon
|-damage|p1a: Ogerpon|0 fnt
|-boost|p2a: Cucked By Zygarde|spa|2
|faint|p1a: Ogerpon
|detailschange|p1: Ogerpon|Ogerpon, F|[silent]
|
|upkeep
|
|t:|1758987202
|switch|p1a: Cinderace|Cinderace, M|100/100
|turn|9
|
|t:|1758987209
|move|p2a: Cucked By Zygarde|Glare|p1a: Cinderace
|-status|p1a: Cinderace|par
|cant|p1a: Cinderace|par
|
|upkeep
|turn|10
|
|t:|1758987220
|move|p2a: Cucked By Zygarde|Tera Blast|p1a: Cinderace
|-damage|p1a: Cinderace|51/100 par
|move|p1a: Cinderace|Pyro Ball|p2a: Cucked By Zygarde
|-supereffective|p2a: Cucked By Zygarde
|-damage|p2a: Cucked By Zygarde|0 fnt
|faint|p2a: Cucked By Zygarde
|
|upkeep
|
|t:|1758987230
|switch|p2a: in garg we trust|Garganacl, M|100/100
|-activate|p2a: in garg we trust|move: Sticky Web
|-unboost|p2a: in garg we trust|spe|1
|turn|11
|
|t:|1758987233
|-terastallize|p2a: in garg we trust|Ghost
|cant|p1a: Cinderace|par
|move|p2a: in garg we trust|Salt Cure|p1a: Cinderace
|-supereffective|p1a: Cinderace
|-damage|p1a: Cinderace|17/100 par
|-start|p1a: Cinderace|Salt Cure
|
|-damage|p1a: Cinderace|5/100 par|[from] Salt Cure
|upkeep
|turn|12
|
|t:|1758987252
|move|p1a: Cinderace|Court Change|p1a: Cinderace
|-swapsideconditions
|-activate|p1a: Cinderace|move: Court Change
|move|p2a: in garg we trust|Iron Defense|p2a: in garg we trust
|-boost|p2a: in garg we trust|def|2
|
|-damage|p1a: Cinderace|0 fnt|[from] Salt Cure
|faint|p1a: Cinderace
|upkeep
|
|t:|1758987256
|switch|p1a: Milotic|Milotic, M|100/100
|-activate|p1a: Milotic|move: Sticky Web
|-unboost|p1a: Milotic|spe|1
|-ability|p1a: Milotic|Competitive|boost
|-boost|p1a: Milotic|spa|2
|turn|13
|
|t:|1758987260
|move|p1a: Milotic|Scald|p2a: in garg we trust
|-damage|p2a: in garg we trust|50/100
|move|p2a: in garg we trust|Salt Cure|p1a: Milotic
|-damage|p1a: Milotic|84/100
|-start|p1a: Milotic|Salt Cure
|
|-heal|p2a: in garg we trust|57/100|[from] item: Leftovers
|-damage|p1a: Milotic|59/100|[from] Salt Cure
|upkeep
|turn|14
|
|t:|1758987265
|move|p1a: Milotic|Scald|p2a: in garg we trust
|-damage|p2a: in garg we trust|10/100
|move|p2a: in garg we trust|Iron Defense|p2a: in garg we trust
|-boost|p2a: in garg we trust|def|2
|
|-heal|p2a: in garg we trust|16/100|[from] item: Leftovers
|-damage|p1a: Milotic|35/100|[from] Salt Cure
|upkeep
|turn|15
|
|t:|1758987279
|move|p1a: Milotic|Scald|p2a: in garg we trust
|-damage|p2a: in garg we trust|0 fnt
|faint|p2a: in garg we trust
|
|-damage|p1a: Milotic|10/100|[from] Salt Cure
|upkeep
|
|t:|1758987281
|switch|p2a: Don Hector|Kingambit, M, shiny|100/100
|-activate|p2a: Don Hector|ability: Supreme Overlord
|-start|p2a: Don Hector|fallen5|[silent]
|-item|p2a: Don Hector|Air Balloon
|turn|16
|
|t:|1758987296
|move|p2a: Don Hector|Sucker Punch|p1a: Milotic
|-damage|p1a: Milotic|0 fnt
|faint|p1a: Milotic
|
|upkeep
|
|t:|1758987299
|switch|p1a: Serperior|Serperior, M|100/100
|-activate|p1a: Serperior|move: Sticky Web
|-boost|p1a: Serperior|spe|1
|turn|17
|
|t:|1758987308
|move|p2a: Don Hector|Sucker Punch||[still]
|-fail|p2a: Don Hector
|move|p1a: Serperior|Glare|p2a: Don Hector
|-status|p2a: Don Hector|par
|
|upkeep
|turn|18
|inactive|werearewe has 120 seconds left.
|
|t:|1758987346
|move|p1a: Serperior|Dragon Pulse|p2a: Don Hector
|-resisted|p2a: Don Hector
|-damage|p2a: Don Hector|91/100 par
|-enditem|p2a: Don Hector|Air Balloon
|move|p2a: Don Hector|Kowtow Cleave|p1a: Serperior
|-damage|p1a: Serperior|8/100
|
|-heal|p1a: Serperior|15/100|[from] item: Leftovers
|upkeep
|turn|19
|
|t:|1758987353
|move|p1a: Serperior|Leaf Storm|p2a: Don Hector
|-resisted|p2a: Don Hector
|-damage|p2a: Don Hector|67/100 par
|-boost|p1a: Serperior|spa|2
|move|p2a: Don Hector|Iron Head|p1a: Serperior
|-damage|p1a: Serperior|0 fnt
|faint|p1a: Serperior
|
|upkeep
|inactive|werearewe has 120 seconds left.
|
|t:|1758987381
|switch|p1a: Kingambit|Kingambit, F|100/100
|-activate|p1a: Kingambit|move: Sticky Web
|-unboost|p1a: Kingambit|spe|1
|-ability|p1a: Kingambit|Defiant|boost
|-boost|p1a: Kingambit|atk|2
|turn|20
|
|t:|1758987388
|move|p2a: Don Hector|Sucker Punch|p1a: Kingambit
|-resisted|p1a: Kingambit
|-damage|p1a: Kingambit|76/100
|move|p1a: Kingambit|Low Kick|p2a: Don Hector
|-supereffective|p2a: Don Hector
|-damage|p2a: Don Hector|0 fnt
|faint|p2a: Don Hector
|-end|p2a: Don Hector|fallen5|[silent]
|
|win|werearewe
|raw|werearewe's rating: 1333 &rarr; <strong>1349</strong><br />(+16 for winning)
|raw|massivesket's rating: 1267 &rarr; <strong>1247</strong><br />(-20 for losing)
|l|☆massivesket
|player|p2|
|l|☆werearewe
|player|p1|
