|j|☆obezer
|j|☆coinysleftarm
|t:|1759076932
|gametype|singles
|player|p1|obezer|marshal|1066
|player|p2|coinysleftarm|cilan|1088
|gen|9
|tier|[Gen 9] OU
|rated|
|rule|HP Percentage Mod: HP is shown in percentages
|rule|Endless Battle Clause: Forcing endless battles is banned
|rule|Species Clause: Limit one of each Pokémon
|rule|OHKO Clause: OHKO moves are banned
|rule|Evasion Items Clause: Evasion items are banned
|rule|Evasion Moves Clause: Evasion moves are banned
|rule|Evasion Abilities Clause: Evasion abilities are banned
|rule|Sleep Moves Clause: Sleep-inducing moves are banned
|clearpoke
|poke|p1|Blastoise, M|
|poke|p1|Pelipper, F|
|poke|p1|Barraskewda, M|
|poke|p1|Bellibolt, F|
|poke|p1|Toxicroak, F|
|poke|p1|Cramorant, M|
|poke|p2|Greninja-*, M|
|poke|p2|Falinks|
|poke|p2|Mimikyu, M|
|poke|p2|Arcanine, M|
|poke|p2|Latios, M|
|poke|p2|Scizor, M|
|teampreview
|
|t:|1759076941
|teamsize|p1|6
|teamsize|p2|6
|start
|switch|p1a: Pelipper|Pelipper, F|100/100
|switch|p2a: Scizor|Scizor, M|100/100
|-weather|RainDance|[from] ability: Drizzle|[of] p1a: Pelipper
|turn|1
|
|t:|1759076958
|move|p1a: Pelipper|Hurricane|p2a: Scizor
|-damage|p2a: Scizor|20/100
|move|p2a: Scizor|Swords Dance|p2a: Scizor
|-boost|p2a: Scizor|atk|2
|
|-weather|RainDance|[upkeep]
|upkeep
|turn|2
|
|t:|1759076967
|move|p2a: Scizor|Bullet Punch|p1a: Pelipper
|-resisted|p1a: Pelipper
|-damage|p1a: Pelipper|58/100
|move|p1a: Pelipper|Hurricane|p2a: Scizor
|-damage|p2a: Scizor|0 fnt
|faint|p2a: Scizor
|
|-weather|RainDance|[upkeep]
|upkeep
|
|t:|1759076978
|switch|p2a: Latios|Latios, M|100/100
|turn|3
|
|t:|1759076986
|switch|p1a: Bellibolt|Bellibolt, F|100/100
|-item|p1a: Bellibolt|Air Balloon
|-terastallize|p2a: Latios|Electric
|move|p2a: Latios|Thunderbolt|p1a: Bellibolt
|-resisted|p1a: Bellibolt
|-damage|p1a: Bellibolt|79/100
|-start|p1a: Bellibolt|Charge|Thunderbolt|[from] ability: Electromorphosis
|-enditem|p1a: Bellibolt|Air Balloon
|
|-weather|RainDance|[upkeep]
|upkeep
|turn|4
|
|t:|1759077010
|move|p2a: Latios|Luster Purge|p1a: Bellibolt
|-damage|p1a: Bellibolt|34/100
|-start|p1a: Bellibolt|Charge|Luster Purge|[from] ability: Electromorphosis
|move|p1a: Bellibolt|Volt Switch|p2a: Latios
|-resisted|p2a: Latios
|-damage|p2a: Latios|64/100
|-end|p1a: Bellibolt|Charge|[silent]
|
|t:|1759077029
|switch|p1a: Barraskewda|Barraskewda, M|100/100|[from] Volt Switch
|
|-weather|RainDance|[upkeep]
|upkeep
|turn|5
|
|t:|1759077037
|move|p1a: Barraskewda|Liquidation|p2a: Latios
|-damage|p2a: Latios|0 fnt
|faint|p2a: Latios
|-damage|p1a: Barraskewda|91/100|[from] item: Life Orb
|
|-weather|none
|upkeep
|
|t:|1759077047
|switch|p2a: Mimikyu|Mimikyu, M, shiny|100/100
|turn|6
|
|t:|1759077054
|move|p1a: Barraskewda|Flip Turn|p2a: Mimikyu
|-activate|p2a: Mimikyu|ability: Disguise
|-damage|p2a: Mimikyu|100/100
|detailschange|p2a: Mimikyu|Mimikyu-Busted, M, shiny
|-damage|p2a: Mimikyu|88/100|[from] pokemon: Mimikyu-Busted
|-damage|p1a: Barraskewda|81/100|[from] item: Life Orb
|
|t:|1759077062
|switch|p1a: Pelipper|Pelipper, F|58/100|[from] Flip Turn
|-weather|RainDance|[from] ability: Drizzle|[of] p1a: Pelipper
|move|p2a: Mimikyu|Play Rough|p1a: Pelipper
|-damage|p1a: Pelipper|13/100
|
|-weather|RainDance|[upkeep]
|-heal|p2a: Mimikyu|94/100|[from] item: Leftovers
|upkeep
|turn|7
|
|t:|1759077075
|move|p1a: Pelipper|Hurricane|p2a: Mimikyu
|-crit|p2a: Mimikyu
|-damage|p2a: Mimikyu|2/100
|move|p2a: Mimikyu|Play Rough|p1a: Pelipper
|-damage|p1a: Pelipper|0 fnt
|faint|p1a: Pelipper
|
|-weather|RainDance|[upkeep]
|-heal|p2a: Mimikyu|8/100|[from] item: Leftovers
|upkeep
|
|t:|1759077094
|switch|p1a: Barraskewda|Barraskewda, M|81/100
|turn|8
|
|t:|1759077097
|move|p2a: Mimikyu|Protect|p2a: Mimikyu
|-singleturn|p2a: Mimikyu|Protect
|move|p1a: Barraskewda|Flip Turn|p2a: Mimikyu
|-activate|p2a: Mimikyu|move: Protect
|
|-weather|RainDance|[upkeep]
|-heal|p2a: Mimikyu|14/100|[from] item: Leftovers
|upkeep
|turn|9
|
|t:|1759077106
|move|p2a: Mimikyu|Protect|p2a: Mimikyu
|-singleturn|p2a: Mimikyu|Protect
|move|p1a: Barraskewda|Flip Turn|p2a: Mimikyu
|-activate|p2a: Mimikyu|move: Protect
|
|-weather|RainDance|[upkeep]
|-heal|p2a: Mimikyu|20/100|[from] item: Leftovers
|upkeep
|turn|10
|
|t:|1759077114
|move|p2a: Mimikyu|Protect||[still]
|-fail|p2a: Mimikyu
|move|p1a: Barraskewda|Flip Turn|p2a: Mimikyu
|-damage|p2a: Mimikyu|0 fnt
|faint|p2a: Mimikyu
|-damage|p1a: Barraskewda|71/100|[from] item: Life Orb
|
|t:|1759077122
|switch|p1a: Cramorant|Cramorant, M|100/100|[from] Flip Turn
|
|-weather|none
|upkeep
|
|t:|1759077129
|switch|p2a: Greninja|Greninja, M|100/100
|turn|11
|
|t:|1759077135
|move|p2a: Greninja|Dark Pulse|p1a: Cramorant
|-damage|p1a: Cramorant|63/100
|move|p1a: Cramorant|Surf|p2a: Greninja
|-formechange|p1a: Cramorant|Cramorant-Gulping|
|-resisted|p2a: Greninja
|-damage|p2a: Greninja|78/100
|
|upkeep
|turn|12
|
|t:|1759077150
|move|p2a: Greninja|Dark Pulse|p1a: Cramorant
|-damage|p1a: Cramorant|26/100
|-damage|p2a: Greninja|53/100|[from] ability: Gulp Missile|[of] p1a: Cramorant
|-unboost|p2a: Greninja|def|1
|-formechange|p1a: Cramorant|Cramorant|
|move|p1a: Cramorant|Roost|p1a: Cramorant
|-heal|p1a: Cramorant|76/100
|-singleturn|p1a: Cramorant|move: Roost
|
|upkeep
|turn|13
|
|t:|1759077162
|move|p2a: Greninja|Grass Knot|p1a: Cramorant
|-damage|p1a: Cramorant|64/100
|move|p1a: Cramorant|Surf|p2a: Greninja
|-formechange|p1a: Cramorant|Cramorant-Gulping|
|-resisted|p2a: Greninja
|-damage|p2a: Greninja|33/100
|
|upkeep
|turn|14
|
|t:|1759077172
|move|p2a: Greninja|Dark Pulse|p1a: Cramorant
|-damage|p1a: Cramorant|30/100
|-damage|p2a: Greninja|8/100|[from] ability: Gulp Missile|[of] p1a: Cramorant
|-unboost|p2a: Greninja|def|1
|-formechange|p1a: Cramorant|Cramorant|
|move|p1a: Cramorant|Roost|p1a: Cramorant
|-heal|p1a: Cramorant|80/100
|-singleturn|p1a: Cramorant|move: Roost
|
|upkeep
|turn|15
|
|t:|1759077187
|move|p2a: Greninja|Dark Pulse|p1a: Cramorant
|-damage|p1a: Cramorant|40/100
|move|p1a: Cramorant|Surf|p2a: Greninja
|-formechange|p1a: Cramorant|Cramorant-Gorging|
|-resisted|p2a: Greninja
|-damage|p2a: Greninja|0 fnt
|faint|p2a: Greninja
|
|upkeep
|
|t:|1759077196
|switch|p2a: Falinks|Falinks, shiny|100/100
|turn|16
|
|t:|1759077221
|move|p2a: Falinks|No Retreat|p2a: Falinks
|-boost|p2a: Falinks|atk|1
|-boost|p2a: Falinks|def|1
|-boost|p2a: Falinks|spa|1
|-boost|p2a: Falinks|spd|1
|-boost|p2a: Falinks|spe|1
|-start|p2a: Falinks|move: No Retreat
|move|p1a: Cramorant|Hurricane|p2a: Falinks
|-supereffective|p2a: Falinks
|-damage|p2a: Falinks|14/100
|
|upkeep
|turn|17
|
|t:|1759077230
|move|p2a: Falinks|Knock Off|p1a: Cramorant
|-damage|p1a: Cramorant|0 fnt
|-damage|p2a: Falinks|0 fnt|[from] ability: Gulp Missile|[of] p1a: Cramorant
|-formechange|p1a: Cramorant|Cramorant|
|faint|p1a: Cramorant
|faint|p2a: Falinks
|
|upkeep
|
|t:|1759077242
|switch|p2a: Arcanine|Arcanine, M|100/100
|switch|p1a: Barraskewda|Barraskewda, M|71/100
|-ability|p2a: Arcanine|Intimidate|boost
|-unboost|p1a: Barraskewda|atk|1
|turn|18
|
|t:|1759077250
|-terastallize|p1a: Barraskewda|Water
|move|p2a: Arcanine|Extreme Speed|p1a: Barraskewda
|-damage|p1a: Barraskewda|6/100
|-damage|p2a: Arcanine|91/100|[from] item: Life Orb
|move|p1a: Barraskewda|Liquidation|p2a: Arcanine
|-supereffective|p2a: Arcanine
|-damage|p2a: Arcanine|0 fnt
|faint|p2a: Arcanine
|-damage|p1a: Barraskewda|0 fnt|[from] item: Life Orb
|faint|p1a: Barraskewda
|
|win|obezer
|raw|obezer's rating: 1066 &rarr; <strong>1098</strong><br />(+32 for winning)
|raw|coinysleftarm's rating: 1088 &rarr; <strong>1063</strong><br />(-25 for losing)
|l|☆coinysleftarm
|player|p2|
