|j|☆Veronyl
|j|☆Skin Hunger
|t:|1758998472
|gametype|singles
|player|p1|Veronyl|candice|1258
|player|p2|Skin Hunger|265|1284
|gen|9
|tier|[Gen 9] OU
|rated|
|rule|HP Percentage Mod: HP is shown in percentages
|rule|Endless Battle Clause: Forcing endless battles is banned
|rule|Species Clause: Limit one of each Pokémon
|rule|OHKO Clause: OHKO moves are banned
|rule|Evasion Items Clause: Evasion items are banned
|rule|Evasion Moves Clause: Evasion moves are banned
|rule|Evasion Abilities Clause: Evasion abilities are banned
|rule|Sleep Moves Clause: Sleep-inducing moves are banned
|clearpoke
|poke|p1|Kingambit, M|
|poke|p1|Tyranitar, M|
|poke|p1|Magnezone|
|poke|p1|Great Tusk|
|poke|p1|Garchomp, M|
|poke|p1|Regice|
|poke|p2|Iron Treads|
|poke|p2|Toxapex, F|
|poke|p2|Ninetales-Alola, F|
|poke|p2|Volcanion|
|poke|p2|Jolteon, M|
|poke|p2|Deoxys-Speed|
|teampreview
|
|t:|1758998482
|teamsize|p1|6
|teamsize|p2|6
|start
|switch|p1a: Tyranitar|Tyranitar, M|100/100
|switch|p2a: Ninetales|Ninetales-Alola, F|100/100
|-weather|Snowscape|[from] ability: Snow Warning|[of] p2a: Ninetales
|-weather|Sandstorm|[from] ability: Sand Stream|[of] p1a: Tyranitar
|turn|1
|
|t:|1758998495
|switch|p2a: Iron Treads|Iron Treads|100/100
|-enditem|p2a: Iron Treads|Booster Energy
|-activate|p2a: Iron Treads|ability: Quark Drive|[fromitem]
|-start|p2a: Iron Treads|quarkdrivespe
|move|p1a: Tyranitar|Stealth Rock|p2a: Iron Treads
|-sidestart|p2: Skin Hunger|move: Stealth Rock
|
|-weather|Sandstorm|[upkeep]
|upkeep
|turn|2
|
|t:|1758998507
|switch|p1a: Regice|Regice|100/100
|move|p2a: Iron Treads|Earthquake|p1a: Regice
|-damage|p1a: Regice|53/100
|
|-weather|Sandstorm|[upkeep]
|-damage|p1a: Regice|47/100|[from] Sandstorm
|-heal|p1a: Regice|53/100|[from] item: Leftovers
|upkeep
|turn|3
|
|t:|1758998523
|move|p2a: Iron Treads|Knock Off|p1a: Regice
|-damage|p1a: Regice|24/100
|-enditem|p1a: Regice|Leftovers|[from] move: Knock Off|[of] p2a: Iron Treads
|move|p1a: Regice|Ice Beam|p2a: Iron Treads
|-damage|p2a: Iron Treads|54/100
|
|-weather|Sandstorm|[upkeep]
|-damage|p1a: Regice|18/100|[from] Sandstorm
|upkeep
|turn|4
|
|t:|1758998530
|move|p2a: Iron Treads|Earthquake|p1a: Regice
|-damage|p1a: Regice|0 fnt
|faint|p1a: Regice
|
|-weather|Sandstorm|[upkeep]
|upkeep
|
|t:|1758998533
|switch|p1a: Great Tusk|Great Tusk|100/100
|-enditem|p1a: Great Tusk|Booster Energy
|-activate|p1a: Great Tusk|ability: Protosynthesis|[fromitem]
|-start|p1a: Great Tusk|protosynthesisatk
|turn|5
|inactive|Battle timer is ON: inactive players will automatically lose when time's up. (requested by Veronyl)
|
|t:|1758998574
|move|p2a: Iron Treads|Earthquake|p1a: Great Tusk
|-damage|p1a: Great Tusk|65/100
|move|p1a: Great Tusk|Brick Break|p2a: Iron Treads
|-supereffective|p2a: Iron Treads
|-damage|p2a: Iron Treads|0 fnt
|faint|p2a: Iron Treads
|-end|p2a: Iron Treads|Quark Drive|[silent]
|
|-weather|none
|upkeep
|
|t:|1758998578
|switch|p2a: Deoxys|Deoxys-Speed|100/100
|-damage|p2a: Deoxys|88/100|[from] Stealth Rock
|-ability|p2a: Deoxys|Pressure
|turn|6
|
|t:|1758998584
|-end|p1a: Great Tusk|Protosynthesis|[silent]
|switch|p1a: Tyranitar|Tyranitar, M|100/100
|-weather|Sandstorm|[from] ability: Sand Stream|[of] p1a: Tyranitar
|move|p2a: Deoxys|Energy Ball|p1a: Tyranitar
|-supereffective|p1a: Tyranitar
|-damage|p1a: Tyranitar|71/100
|
|-weather|Sandstorm|[upkeep]
|-damage|p2a: Deoxys|82/100|[from] Sandstorm
|-heal|p1a: Tyranitar|77/100|[from] item: Leftovers
|upkeep
|turn|7
|
|t:|1758998596
|switch|p2a: Ninetales|Ninetales-Alola, F|100/100
|-damage|p2a: Ninetales|76/100|[from] Stealth Rock
|-weather|Snowscape|[from] ability: Snow Warning|[of] p2a: Ninetales
|move|p1a: Tyranitar|Dragon Dance|p1a: Tyranitar
|-boost|p1a: Tyranitar|atk|1
|-boost|p1a: Tyranitar|spe|1
|
|-weather|Snowscape|[upkeep]
|-heal|p1a: Tyranitar|83/100|[from] item: Leftovers
|upkeep
|turn|8
|
|t:|1758998606
|move|p2a: Ninetales|Aurora Veil|p2a: Ninetales
|-sidestart|p2: Skin Hunger|move: Aurora Veil
|move|p1a: Tyranitar|Dragon Dance|p1a: Tyranitar
|-boost|p1a: Tyranitar|atk|1
|-boost|p1a: Tyranitar|spe|1
|
|-weather|Snowscape|[upkeep]
|-heal|p1a: Tyranitar|89/100|[from] item: Leftovers
|upkeep
|turn|9
|
|t:|1758998613
|move|p2a: Ninetales|Dazzling Gleam|p1a: Tyranitar
|-supereffective|p1a: Tyranitar
|-damage|p1a: Tyranitar|40/100
|move|p1a: Tyranitar|Dragon Dance|p1a: Tyranitar
|-boost|p1a: Tyranitar|atk|1
|-boost|p1a: Tyranitar|spe|1
|
|-weather|Snowscape|[upkeep]
|-heal|p1a: Tyranitar|47/100|[from] item: Leftovers
|upkeep
|turn|10
|
|t:|1758998618
|move|p1a: Tyranitar|Rock Slide|p2a: Ninetales
|-supereffective|p2a: Ninetales
|-damage|p2a: Ninetales|0 fnt
|faint|p2a: Ninetales
|
|-weather|Snowscape|[upkeep]
|-heal|p1a: Tyranitar|53/100|[from] item: Leftovers
|upkeep
|
|t:|1758998626
|switch|p2a: Volcanion|Volcanion|100/100
|-damage|p2a: Volcanion|76/100|[from] Stealth Rock
|turn|11
|
|t:|1758998631
|move|p1a: Tyranitar|Crunch|p2a: Volcanion
|-damage|p2a: Volcanion|23/100
|-unboost|p2a: Volcanion|def|1
|move|p2a: Volcanion|Steam Eruption|p1a: Tyranitar
|-supereffective|p1a: Tyranitar
|-damage|p1a: Tyranitar|0 fnt
|faint|p1a: Tyranitar
|
|-weather|none
|upkeep
|
|t:|1758998638
|switch|p1a: Magnezone|Magnezone|100/100
|turn|12
|
|t:|1758998644
|switch|p2a: Jolteon|Jolteon, M|100/100
|-damage|p2a: Jolteon|88/100|[from] Stealth Rock
|move|p1a: Magnezone|Volt Switch|p2a: Jolteon
|-heal|p2a: Jolteon|100/100|[from] ability: Volt Absorb|[of] p1a: Magnezone
|
|upkeep
|turn|13
|
|t:|1758998651
|switch|p1a: Great Tusk|Great Tusk|65/100
|move|p2a: Jolteon|Alluring Voice|p1a: Great Tusk
|-supereffective|p1a: Great Tusk
|-damage|p1a: Great Tusk|0 fnt
|faint|p1a: Great Tusk
|-end|p1a: Great Tusk|Protosynthesis|[silent]
|
|upkeep
|
|t:|1758998660
|switch|p1a: Magnezone|Magnezone|100/100
|turn|14
|l|☆Skin Hunger
|inactive|Skin Hunger disconnected and has a minute to reconnect!
|player|p2|
|inactive|Skin Hunger has 30 seconds to reconnect!
|inactive|Skin Hunger has 20 seconds to reconnect!
|inactive|Skin Hunger has 15 seconds to reconnect!
|inactive|Skin Hunger has 10 seconds to reconnect!
|inactive|Skin Hunger has 5 seconds to reconnect!
|-message|Skin Hunger lost due to inactivity.
|
|win|Veronyl
|raw|Veronyl's rating: 1258 &rarr; <strong>1285</strong><br />(+27 for winning)
|raw|Skin Hunger's rating: 1284 &rarr; <strong>1257</strong><br />(-27 for losing)
|j|☆Skin Hunger
|player|p2|Skin Hunger|265|
|l|☆Veronyl
|player|p1|
|l|☆Skin Hunger
|player|p2|
