|j|☆Chrisboomin
|j|☆GlideGuy
|t:|1758991895
|gametype|singles
|player|p1|Chrisboomin|ethan|1302
|player|p2|GlideGuy|miku-ghost|1258
|gen|9
|tier|[Gen 9] OU
|rated|
|rule|HP Percentage Mod: HP is shown in percentages
|rule|Endless Battle Clause: Forcing endless battles is banned
|rule|Species Clause: Limit one of each Pokémon
|rule|OHKO Clause: OHKO moves are banned
|rule|Evasion Items Clause: Evasion items are banned
|rule|Evasion Moves Clause: Evasion moves are banned
|rule|Evasion Abilities Clause: Evasion abilities are banned
|rule|Sleep Moves Clause: Sleep-inducing moves are banned
|clearpoke
|poke|p1|Landorus-Therian, M|
|poke|p1|Samurott-Hisui, M|
|poke|p1|Scizor, M|
|poke|p1|Latios, M|
|poke|p1|Zamazenta-*|
|poke|p1|Slowbro-Galar, M|
|poke|p2|Araquanid, M|
|poke|p2|Ceruledge, F|
|poke|p2|Ogerpon-Wellspring, F|
|poke|p2|Iron Valiant|
|poke|p2|Hoopa-Unbound|
|poke|p2|Kyurem|
|teampreview
|inactive|Battle timer is ON: inactive players will automatically lose when time's up. (requested by GlideGuy)
|
|t:|1758991931
|teamsize|p1|6
|teamsize|p2|6
|start
|switch|p1a: Latios|Latios, M|100/100
|switch|p2a: Araquanid|Araquanid, M, shiny|100/100
|turn|1
|
|t:|1758991937
|move|p1a: Latios|Calm Mind|p1a: Latios
|-boost|p1a: Latios|spa|1
|-boost|p1a: Latios|spd|1
|move|p2a: Araquanid|Sticky Web|p1a: Latios
|-sidestart|p1: Chrisboomin|move: Sticky Web
|
|upkeep
|turn|2
|
|t:|1758991943
|move|p1a: Latios|Calm Mind|p1a: Latios
|-boost|p1a: Latios|spa|1
|-boost|p1a: Latios|spd|1
|move|p2a: Araquanid|Bug Buzz|p1a: Latios
|-supereffective|p1a: Latios
|-damage|p1a: Latios|71/100
|
|upkeep
|turn|3
|
|t:|1758991950
|move|p1a: Latios|Calm Mind|p1a: Latios
|-boost|p1a: Latios|spa|1
|-boost|p1a: Latios|spd|1
|move|p2a: Araquanid|Bug Buzz|p1a: Latios
|-supereffective|p1a: Latios
|-damage|p1a: Latios|45/100
|
|upkeep
|turn|4
|
|t:|1758991957
|move|p2a: Araquanid|Endure|p2a: Araquanid
|-singleturn|p2a: Araquanid|move: Endure
|move|p1a: Latios|Calm Mind|p1a: Latios
|-boost|p1a: Latios|spa|1
|-boost|p1a: Latios|spd|1
|
|upkeep
|turn|5
|
|t:|1758991960
|move|p1a: Latios|Recover|p1a: Latios
|-heal|p1a: Latios|95/100
|move|p2a: Araquanid|Bug Buzz|p1a: Latios
|-supereffective|p1a: Latios
|-damage|p1a: Latios|74/100
|
|upkeep
|turn|6
|
|t:|1758991964
|move|p1a: Latios|Psychic Noise|p2a: Araquanid
|-damage|p2a: Araquanid|0 fnt
|faint|p2a: Araquanid
|
|upkeep
|
|t:|1758991971
|switch|p2a: Ceruledge|Ceruledge, F|100/100
|turn|7
|
|t:|1758991982
|-terastallize|p1a: Latios|Steel
|move|p1a: Latios|Psychic Noise|p2a: Ceruledge
|-enditem|p2a: Ceruledge|Focus Sash
|-damage|p2a: Ceruledge|1/100
|-start|p2a: Ceruledge|move: Heal Block
|move|p2a: Ceruledge|Poltergeist|p1a: Latios
|-activate|p1a: Latios|move: Poltergeist|Soul Dew
|-damage|p1a: Latios|0 fnt
|faint|p1a: Latios
|
|upkeep
|
|t:|1758991995
|switch|p1a: Scizor|Scizor, M|100/100
|turn|8
|
|t:|1758992003
|move|p2a: Ceruledge|Shadow Sneak|p1a: Scizor
|-damage|p1a: Scizor|77/100
|move|p1a: Scizor|Bullet Punch|p2a: Ceruledge
|-resisted|p2a: Ceruledge
|-damage|p2a: Ceruledge|0 fnt
|faint|p2a: Ceruledge
|
|upkeep
|
|t:|1758992010
|switch|p2a: Ogerpon|Ogerpon-Wellspring, F|100/100
|turn|9
|
|t:|1758992015
|move|p1a: Scizor|Bullet Punch|p2a: Ogerpon
|-resisted|p2a: Ogerpon
|-damage|p2a: Ogerpon|79/100
|move|p2a: Ogerpon|Ivy Cudgel|p1a: Scizor|[anim] Ivy Cudgel Water
|-damage|p1a: Scizor|2/100
|
|upkeep
|turn|10
|
|t:|1758992022
|move|p1a: Scizor|Bullet Punch|p2a: Ogerpon
|-resisted|p2a: Ogerpon
|-damage|p2a: Ogerpon|56/100
|move|p2a: Ogerpon|Ivy Cudgel|p1a: Scizor|[anim] Ivy Cudgel Water
|-damage|p1a: Scizor|0 fnt
|faint|p1a: Scizor
|
|upkeep
|
|t:|1758992030
|switch|p1a: Slowbro|Slowbro-Galar, M|100/100
|-activate|p1a: Slowbro|move: Sticky Web
|-unboost|p1a: Slowbro|spe|1
|turn|11
|
|t:|1758992039
|-terastallize|p2a: Ogerpon|Water
|detailschange|p2a: Ogerpon|Ogerpon-Wellspring-Tera, F, tera:Water
|-ability|p2a: Ogerpon|Embody Aspect (Wellspring)|boost
|-boost|p2a: Ogerpon|spd|1
|move|p2a: Ogerpon|Swords Dance|p2a: Ogerpon
|-boost|p2a: Ogerpon|atk|2
|move|p1a: Slowbro|Shell Side Arm|p2a: Ogerpon|[anim] Shell Side Arm Physical
|-damage|p2a: Ogerpon|15/100
|-hint|Physical Shell Side Arm
|
|upkeep
|turn|12
|
|t:|1758992051
|move|p2a: Ogerpon|Ivy Cudgel|p1a: Slowbro|[anim] Ivy Cudgel Water
|-damage|p1a: Slowbro|0 fnt
|faint|p1a: Slowbro
|
|upkeep
|
|t:|1758992064
|switch|p1a: Samurott|Samurott-Hisui, M|100/100
|-activate|p1a: Samurott|move: Sticky Web
|-unboost|p1a: Samurott|spe|1
|turn|13
|
|t:|1758992067
|move|p1a: Samurott|Aqua Jet|p2a: Ogerpon
|-resisted|p2a: Ogerpon
|-damage|p2a: Ogerpon|2/100
|move|p2a: Ogerpon|Horn Leech|p1a: Samurott
|-supereffective|p1a: Samurott
|-damage|p1a: Samurott|0 fnt
|-heal|p2a: Ogerpon|59/100|[from] drain|[of] p1a: Samurott
|faint|p1a: Samurott
|
|upkeep
|
|t:|1758992073
|switch|p1a: Landorus|Landorus-Therian, M|100/100
|-ability|p1a: Landorus|Intimidate|boost
|-unboost|p2a: Ogerpon|atk|1
|turn|14
|
|t:|1758992078
|move|p2a: Ogerpon|Ivy Cudgel|p1a: Landorus|[anim] Ivy Cudgel Water
|-supereffective|p1a: Landorus
|-damage|p1a: Landorus|0 fnt
|faint|p1a: Landorus
|
|upkeep
|
|t:|1758992080
|switch|p1a: Zamazenta|Zamazenta|100/100
|-activate|p1a: Zamazenta|move: Sticky Web
|-unboost|p1a: Zamazenta|spe|1
|-ability|p1a: Zamazenta|Dauntless Shield|boost
|-boost|p1a: Zamazenta|def|1
|turn|15
|
|t:|1758992085
|move|p2a: Ogerpon|Play Rough|p1a: Zamazenta
|-supereffective|p1a: Zamazenta
|-damage|p1a: Zamazenta|50/100
|move|p1a: Zamazenta|Iron Defense|p1a: Zamazenta
|-boost|p1a: Zamazenta|def|2
|
|-heal|p1a: Zamazenta|57/100|[from] item: Leftovers
|upkeep
|turn|16
|
|t:|1758992089
|move|p2a: Ogerpon|Play Rough|p1a: Zamazenta
|-supereffective|p1a: Zamazenta
|-damage|p1a: Zamazenta|26/100
|move|p1a: Zamazenta|Iron Defense|p1a: Zamazenta
|-boost|p1a: Zamazenta|def|2
|
|-heal|p1a: Zamazenta|32/100|[from] item: Leftovers
|upkeep
|turn|17
|
|t:|1758992093
|move|p2a: Ogerpon|Play Rough|p1a: Zamazenta
|-supereffective|p1a: Zamazenta
|-damage|p1a: Zamazenta|10/100
|move|p1a: Zamazenta|Body Press|p2a: Ogerpon
|-damage|p2a: Ogerpon|0 fnt
|faint|p2a: Ogerpon
|detailschange|p2: Ogerpon|Ogerpon-Wellspring, F|[silent]
|
|-heal|p1a: Zamazenta|16/100|[from] item: Leftovers
|upkeep
|
|t:|1758992096
|switch|p2a: Iron Valiant|Iron Valiant, shiny|100/100
|-enditem|p2a: Iron Valiant|Booster Energy
|-activate|p2a: Iron Valiant|ability: Quark Drive|[fromitem]
|-start|p2a: Iron Valiant|quarkdrivespa
|turn|18
|
|t:|1758992100
|move|p2a: Iron Valiant|Moonblast|p1a: Zamazenta
|-supereffective|p1a: Zamazenta
|-damage|p1a: Zamazenta|0 fnt
|faint|p1a: Zamazenta
|
|win|GlideGuy
|raw|Chrisboomin's rating: 1302 &rarr; <strong>1279</strong><br />(-23 for losing)
|raw|GlideGuy's rating: 1258 &rarr; <strong>1286</strong><br />(+28 for winning)
|l|☆Chrisboomin
|player|p1|
|c|☆GlideGuy|Gg
