|j|☆elementpigeon
|j|☆beaudiddly
|t:|1758985327
|gametype|singles
|player|p1|elementpigeon|lady|1502
|player|p2|beaudiddly|beauty|1525
|gen|9
|tier|[Gen 9] OU
|rated|
|rule|HP Percentage Mod: HP is shown in percentages
|rule|Endless Battle Clause: Forcing endless battles is banned
|rule|Species Clause: Limit one of each Pokémon
|rule|OHKO Clause: OHKO moves are banned
|rule|Evasion Items Clause: Evasion items are banned
|rule|Evasion Moves Clause: Evasion moves are banned
|rule|Evasion Abilities Clause: Evasion abilities are banned
|rule|Sleep Moves Clause: Sleep-inducing moves are banned
|clearpoke
|poke|p1|Dragonite, M|
|poke|p1|Gholdengo|
|poke|p1|Slowking-Galar, M|
|poke|p1|Kyurem|
|poke|p1|Great Tusk|
|poke|p1|Dragapult, M|
|poke|p2|Lokix, F|
|poke|p2|Great Tusk|
|poke|p2|Skarmory, M|
|poke|p2|Alomomola, F|
|poke|p2|Slowking-Galar, M|
|poke|p2|Dragapult, F|
|teampreview
|inactive|Battle timer is ON: inactive players will automatically lose when time's up. (requested by beaudiddly)
|
|t:|1758985353
|teamsize|p1|6
|teamsize|p2|6
|start
|switch|p1a: Dragapult|Dragapult, M|100/100
|switch|p2a: Skarmory|Skarmory, M|100/100
|turn|1
|
|t:|1758985371
|switch|p2a: Alomomola|Alomomola, F|100/100
|move|p1a: Dragapult|Shadow Ball|p2a: Alomomola
|-damage|p2a: Alomomola|72/100
|
|upkeep
|turn|2
|
|t:|1758985379
|switch|p1a: Slowking|Slowking-Galar, M|100/100
|move|p2a: Alomomola|Flip Turn|p1a: Slowking
|-damage|p1a: Slowking|82/100
|
|t:|1758985390
|switch|p2a: Skarmory|Skarmory, M|100/100|[from] Flip Turn
|
|upkeep
|turn|3
|
|t:|1758985399
|move|p2a: Skarmory|Spikes|p1a: Slowking
|-sidestart|p1: elementpigeon|Spikes
|move|p1a: Slowking|Psychic Noise|p2a: Skarmory
|-resisted|p2a: Skarmory
|-damage|p2a: Skarmory|81/100
|-start|p2a: Skarmory|move: Heal Block
|
|upkeep
|turn|4
|
|t:|1758985415
|switch|p2a: Slowking|Slowking-Galar, M|100/100
|move|p1a: Slowking|Focus Blast|p2a: Slowking|[miss]
|-miss|p1a: Slowking|p2a: Slowking
|
|upkeep
|turn|5
|
|t:|1758985433
|move|p1a: Slowking|Psychic Noise|p2a: Slowking
|-damage|p2a: Slowking|83/100
|-start|p2a: Slowking|move: Heal Block
|move|p2a: Slowking|Future Sight|p1a: Slowking
|-start|p2a: Slowking|move: Future Sight
|
|upkeep
|turn|6
|
|t:|1758985436
|move|p1a: Slowking|Ice Beam|p2a: Slowking
|-crit|p2a: Slowking
|-damage|p2a: Slowking|61/100
|-prepare|p2a: Slowking|Chilly Reception|[premajor]
|move|p2a: Slowking|Chilly Reception|p2a: Slowking
|-weather|Snowscape
|
|t:|1758985442
|switch|p2a: Lokix|Lokix, F|100/100|[from] Chilly Reception
|
|-weather|Snowscape|[upkeep]
|upkeep
|turn|7
|
|t:|1758985447
|move|p2a: Lokix|Knock Off|p1a: Slowking
|-supereffective|p1a: Slowking
|-damage|p1a: Slowking|0 fnt
|-enditem|p1a: Slowking|Assault Vest|[from] move: Knock Off|[of] p2a: Lokix
|faint|p1a: Slowking
|
|-weather|Snowscape|[upkeep]
|-hint|Future Sight did not hit because the target is fainted.
|upkeep
|
|t:|1758985457
|switch|p1a: Kyurem|Kyurem|100/100
|-damage|p1a: Kyurem|88/100|[from] Spikes
|-ability|p1a: Kyurem|Pressure
|turn|8
|
|t:|1758985468
|switch|p2a: Slowking|Slowking-Galar, M|94/100
|move|p1a: Kyurem|Dragon Dance|p1a: Kyurem
|-boost|p1a: Kyurem|atk|1
|-boost|p1a: Kyurem|spe|1
|
|-weather|Snowscape|[upkeep]
|upkeep
|turn|9
|
|t:|1758985482
|-terastallize|p1a: Kyurem|Ground
|move|p1a: Kyurem|Icicle Spear|p2a: Slowking
|-damage|p2a: Slowking|74/100
|-damage|p2a: Slowking|54/100
|-damage|p2a: Slowking|34/100
|-damage|p2a: Slowking|13/100
|-damage|p2a: Slowking|0 fnt
|faint|p2a: Slowking
|-hitcount|p2: Slowking|5
|
|-weather|Snowscape|[upkeep]
|upkeep
|inactive|beaudiddly has 120 seconds left.
|
|t:|1758985507
|switch|p2a: Alomomola|Alomomola, F|100/100
|turn|10
|
|t:|1758985511
|move|p1a: Kyurem|Freeze-Dry|p2a: Alomomola
|-supereffective|p2a: Alomomola
|-damage|p2a: Alomomola|66/100
|move|p2a: Alomomola|Flip Turn|p1a: Kyurem
|-supereffective|p1a: Kyurem
|-damage|p1a: Kyurem|53/100
|
|t:|1758985522
|switch|p2a: Lokix|Lokix, F|100/100|[from] Flip Turn
|
|-weather|none
|upkeep
|turn|11
|
|t:|1758985524
|move|p2a: Lokix|First Impression|p1a: Kyurem
|-damage|p1a: Kyurem|0 fnt
|faint|p1a: Kyurem
|
|upkeep
|
|t:|1758985531
|switch|p1a: Dragonite|Dragonite, M|100/100
|turn|12
|
|t:|1758985548
|switch|p2a: Alomomola|Alomomola, F|99/100
|move|p1a: Dragonite|Dragon Dance|p1a: Dragonite
|-boost|p1a: Dragonite|atk|1
|-boost|p1a: Dragonite|spe|1
|
|upkeep
|turn|13
|
|t:|1758985554
|move|p1a: Dragonite|Dragon Dance|p1a: Dragonite
|-boost|p1a: Dragonite|atk|1
|-boost|p1a: Dragonite|spe|1
|move|p2a: Alomomola|Scald|p1a: Dragonite
|-resisted|p1a: Dragonite
|-damage|p1a: Dragonite|97/100
|
|upkeep
|turn|14
|
|t:|1758985564
|move|p1a: Dragonite|Earthquake|p2a: Alomomola
|-damage|p2a: Alomomola|45/100
|move|p2a: Alomomola|Scald|p1a: Dragonite
|-resisted|p1a: Dragonite
|-damage|p1a: Dragonite|90/100
|-status|p1a: Dragonite|brn
|
|-damage|p1a: Dragonite|84/100 brn|[from] brn
|upkeep
|turn|15
|
|t:|1758985570
|move|p1a: Dragonite|Dragon Dance|p1a: Dragonite
|-boost|p1a: Dragonite|atk|1
|-boost|p1a: Dragonite|spe|1
|move|p2a: Alomomola|Flip Turn|p1a: Dragonite
|-resisted|p1a: Dragonite
|-damage|p1a: Dragonite|75/100 brn
|
|t:|1758985578
|switch|p2a: Skarmory|Skarmory, M|81/100|[from] Flip Turn
|
|-damage|p1a: Dragonite|69/100 brn|[from] brn
|upkeep
|turn|16
|
|t:|1758985580
|move|p1a: Dragonite|Ice Spinner|p2a: Skarmory
|-damage|p2a: Skarmory|56/100
|-damage|p1a: Dragonite|53/100 brn|[from] item: Rocky Helmet|[of] p2a: Skarmory
|move|p2a: Skarmory|Iron Defense|p2a: Skarmory
|-boost|p2a: Skarmory|def|2
|
|-damage|p1a: Dragonite|47/100 brn|[from] brn
|upkeep
|turn|17
|
|t:|1758985585
|switch|p1a: Gholdengo|Gholdengo|100/100
|-item|p1a: Gholdengo|Air Balloon
|move|p2a: Skarmory|Roost|p2a: Skarmory
|-heal|p2a: Skarmory|100/100
|-singleturn|p2a: Skarmory|move: Roost
|
|upkeep
|turn|18
|
|t:|1758985595
|switch|p2a: Alomomola|Alomomola, F|79/100
|move|p1a: Gholdengo|Nasty Plot|p1a: Gholdengo
|-boost|p1a: Gholdengo|spa|2
|
|upkeep
|turn|19
|
|t:|1758985602
|move|p1a: Gholdengo|Shadow Ball|p2a: Alomomola
|-damage|p2a: Alomomola|40/100
|move|p2a: Alomomola|Flip Turn|p1a: Gholdengo
|-damage|p1a: Gholdengo|89/100
|-enditem|p1a: Gholdengo|Air Balloon
|
|t:|1758985618
|switch|p2a: Great Tusk|Great Tusk|100/100|[from] Flip Turn
|
|upkeep
|turn|20
|
|t:|1758985624
|move|p2a: Great Tusk|Headlong Rush|p1a: Gholdengo
|-supereffective|p1a: Gholdengo
|-damage|p1a: Gholdengo|5/100
|-unboost|p2a: Great Tusk|def|1
|-unboost|p2a: Great Tusk|spd|1
|move|p1a: Gholdengo|Shadow Ball|p2a: Great Tusk
|-damage|p2a: Great Tusk|0 fnt
|faint|p2a: Great Tusk
|-end|p2a: Great Tusk|Protosynthesis|[silent]
|
|upkeep
|
|t:|1758985645
|switch|p2a: Dragapult|Dragapult, F|100/100
|turn|21
|
|t:|1758985653
|switch|p1a: Dragonite|Dragonite, M|47/100 brn
|move|p2a: Dragapult|Dragon Darts|p1a: Dragonite
|-supereffective|p1a: Dragonite
|-damage|p1a: Dragonite|2/100 brn
|-anim|p2a: Dragapult|Dragon Darts|p1a: Dragonite
|-supereffective|p1a: Dragonite
|-damage|p1a: Dragonite|0 fnt
|faint|p1a: Dragonite
|
|upkeep
|
|t:|1758985655
|switch|p1a: Great Tusk|Great Tusk|100/100
|-damage|p1a: Great Tusk|88/100|[from] Spikes
|-enditem|p1a: Great Tusk|Booster Energy
|-activate|p1a: Great Tusk|ability: Protosynthesis|[fromitem]
|-start|p1a: Great Tusk|protosynthesisspe
|turn|22
|
|t:|1758985663
|move|p1a: Great Tusk|Headlong Rush|p2a: Dragapult
|-damage|p2a: Dragapult|25/100
|-unboost|p1a: Great Tusk|def|1
|-unboost|p1a: Great Tusk|spd|1
|move|p2a: Dragapult|Will-O-Wisp|p1a: Great Tusk
|-status|p1a: Great Tusk|brn
|
|-damage|p1a: Great Tusk|82/100 brn|[from] brn
|upkeep
|turn|23
|
|t:|1758985667
|move|p1a: Great Tusk|Headlong Rush|p2a: Dragapult
|-damage|p2a: Dragapult|0 fnt
|-unboost|p1a: Great Tusk|def|1
|-unboost|p1a: Great Tusk|spd|1
|faint|p2a: Dragapult
|
|-damage|p1a: Great Tusk|76/100 brn|[from] brn
|upkeep
|
|t:|1758985682
|switch|p2a: Lokix|Lokix, F|100/100
|turn|24
|
|t:|1758985687
|-terastallize|p2a: Lokix|Bug
|move|p2a: Lokix|First Impression|p1a: Great Tusk
|-resisted|p1a: Great Tusk
|-damage|p1a: Great Tusk|0 fnt
|faint|p1a: Great Tusk
|-end|p1a: Great Tusk|Protosynthesis|[silent]
|
|upkeep
|
|t:|1758985691
|switch|p1a: Dragapult|Dragapult, M|100/100
|-damage|p1a: Dragapult|88/100|[from] Spikes
|turn|25
|
|t:|1758985695
|switch|p2a: Alomomola|Alomomola, F|73/100
|move|p1a: Dragapult|Flamethrower|p2a: Alomomola
|-resisted|p2a: Alomomola
|-damage|p2a: Alomomola|62/100
|
|upkeep
|turn|26
|
|t:|1758985702
|move|p1a: Dragapult|Flamethrower|p2a: Alomomola
|-resisted|p2a: Alomomola
|-damage|p2a: Alomomola|49/100
|move|p2a: Alomomola|Flip Turn|p1a: Dragapult
|-resisted|p1a: Dragapult
|-damage|p1a: Dragapult|77/100
|
|t:|1758985706
|switch|p2a: Lokix|Lokix, F, tera:Bug|100/100|[from] Flip Turn
|
|upkeep
|turn|27
|
|t:|1758985709
|move|p2a: Lokix|First Impression|p1a: Dragapult
|-resisted|p1a: Dragapult
|-damage|p1a: Dragapult|0 fnt
|faint|p1a: Dragapult
|
|upkeep
|-message|elementpigeon forfeited.
|
|win|beaudiddly
|raw|elementpigeon's rating: 1502 &rarr; <strong>1483</strong><br />(-19 for losing)
|raw|beaudiddly's rating: 1525 &rarr; <strong>1544</strong><br />(+19 for winning)
|l|☆elementpigeon
|player|p1|
