|j|☆Jon Mateo
|j|☆jose2912
|t:|1759064474
|gametype|singles
|player|p1|Jon Mateo|266|1271
|player|p2|jose2912|2|1281
|gen|9
|tier|[Gen 9] OU
|rated|
|rule|HP Percentage Mod: HP is shown in percentages
|rule|Endless Battle Clause: Forcing endless battles is banned
|rule|Species Clause: Limit one of each Pokémon
|rule|OHKO Clause: OHKO moves are banned
|rule|Evasion Items Clause: Evasion items are banned
|rule|Evasion Moves Clause: Evasion moves are banned
|rule|Evasion Abilities Clause: Evasion abilities are banned
|rule|Sleep Moves Clause: Sleep-inducing moves are banned
|clearpoke
|poke|p1|Ceruledge, F|
|poke|p1|Quaquaval, M|
|poke|p1|Gardevoir, M|
|poke|p1|Garchomp, F|
|poke|p1|Rotom-Frost|
|poke|p1|Kingdra, M|
|poke|p2|Ninetales, F|
|poke|p2|Raging Bolt|
|poke|p2|Hatterene, F|
|poke|p2|Walking Wake|
|poke|p2|Great Tusk|
|poke|p2|Scizor, M|
|teampreview
|inactive|Battle timer is ON: inactive players will automatically lose when time's up. (requested by jose2912)
|
|t:|1759064482
|teamsize|p1|6
|teamsize|p2|6
|start
|switch|p1a: Kingdra|Kingdra, M|100/100
|switch|p2a: Great Tusk|Great Tusk, shiny|100/100
|turn|1
|
|t:|1759064506
|-end|p2a: Great Tusk|Protosynthesis|[silent]
|switch|p2a: Hatterene|Hatterene, F|100/100
|move|p1a: Kingdra|Surf|p2a: Hatterene
|-damage|p2a: Hatterene|59/100
|
|upkeep
|turn|2
|
|t:|1759064517
|switch|p1a: Ceruledge|Ceruledge, F|100/100
|move|p2a: Hatterene|Draining Kiss|p1a: Ceruledge
|-resisted|p1a: Ceruledge
|-damage|p1a: Ceruledge|89/100
|-heal|p2a: Hatterene|67/100|[from] drain|[of] p1a: Ceruledge
|
|upkeep
|turn|3
|
|t:|1759064530
|switch|p2a: Great Tusk|Great Tusk, shiny|100/100
|move|p1a: Ceruledge|Poltergeist|p2a: Great Tusk
|-activate|p2a: Great Tusk|move: Poltergeist|Rocky Helmet
|-damage|p2a: Great Tusk|46/100
|-damage|p1a: Ceruledge|79/100|[from] item: Life Orb
|
|upkeep
|turn|4
|
|t:|1759064542
|switch|p1a: Rotom|Rotom-Frost|100/100
|move|p2a: Great Tusk|Headlong Rush|p1a: Rotom
|-immune|p1a: Rotom|[from] ability: Levitate
|
|upkeep
|turn|5
|
|t:|1759064548
|move|p1a: Rotom|Blizzard|p2a: Great Tusk
|-supereffective|p2a: Great Tusk
|-damage|p2a: Great Tusk|0 fnt
|faint|p2a: Great Tusk
|-end|p2a: Great Tusk|Protosynthesis|[silent]
|
|upkeep
|
|t:|1759064573
|switch|p2a: Ninetales|Ninetales, F, shiny|100/100
|-weather|SunnyDay|[from] ability: Drought|[of] p2a: Ninetales
|turn|6
|
|t:|1759064578
|switch|p1a: Kingdra|Kingdra, M|100/100
|move|p2a: Ninetales|Weather Ball|p1a: Kingdra
|-resisted|p1a: Kingdra
|-damage|p1a: Kingdra|88/100
|
|-weather|SunnyDay|[upkeep]
|-heal|p1a: Kingdra|94/100|[from] item: Leftovers
|upkeep
|turn|7
|
|t:|1759064587
|switch|p2a: Hatterene|Hatterene, F|67/100
|move|p1a: Kingdra|Rain Dance|p1a: Kingdra
|-weather|RainDance
|
|-weather|RainDance|[upkeep]
|-heal|p1a: Kingdra|99/100|[from] item: Leftovers
|upkeep
|turn|8
|
|t:|1759064604
|switch|p1a: Ceruledge|Ceruledge, F|79/100
|move|p2a: Hatterene|Draining Kiss|p1a: Ceruledge
|-resisted|p1a: Ceruledge
|-damage|p1a: Ceruledge|68/100
|-heal|p2a: Hatterene|74/100|[from] drain|[of] p1a: Ceruledge
|
|-weather|RainDance|[upkeep]
|upkeep
|turn|9
|
|t:|1759064613
|-terastallize|p2a: Hatterene|Steel
|move|p1a: Ceruledge|Poltergeist|p2a: Hatterene
|-activate|p2a: Hatterene|move: Poltergeist|Covert Cloak
|-damage|p2a: Hatterene|5/100
|-damage|p1a: Ceruledge|58/100|[from] item: Life Orb
|move|p2a: Hatterene|Psyshock|p1a: Ceruledge
|-damage|p1a: Ceruledge|15/100
|
|-weather|RainDance|[upkeep]
|upkeep
|turn|10
|
|t:|1759064622
|move|p1a: Ceruledge|Shadow Sneak|p2a: Hatterene
|-damage|p2a: Hatterene|0 fnt
|faint|p2a: Hatterene
|-damage|p1a: Ceruledge|5/100|[from] item: Life Orb
|
|-weather|RainDance|[upkeep]
|upkeep
|
|t:|1759064632
|switch|p2a: Ninetales|Ninetales, F, shiny|100/100
|-weather|SunnyDay|[from] ability: Drought|[of] p2a: Ninetales
|turn|11
|
|t:|1759064637
|move|p1a: Ceruledge|Shadow Sneak|p2a: Ninetales
|-damage|p2a: Ninetales|64/100
|-damage|p1a: Ceruledge|0 fnt|[from] item: Life Orb
|faint|p1a: Ceruledge
|move|p2a: Ninetales|Weather Ball|p1: Ceruledge|[notarget]
|-fail|p2a: Ninetales
|
|-weather|SunnyDay|[upkeep]
|upkeep
|
|t:|1759064641
|switch|p1a: Kingdra|Kingdra, M|99/100
|turn|12
|
|t:|1759064666
|switch|p2a: Raging Bolt|Raging Bolt|100/100
|-activate|p2a: Raging Bolt|ability: Protosynthesis
|-start|p2a: Raging Bolt|protosynthesisspa
|move|p1a: Kingdra|Rain Dance|p1a: Kingdra
|-weather|RainDance
|-end|p2a: Raging Bolt|Protosynthesis
|-enditem|p2a: Raging Bolt|Booster Energy
|-activate|p2a: Raging Bolt|ability: Protosynthesis|[fromitem]
|-start|p2a: Raging Bolt|protosynthesisspa
|
|-weather|RainDance|[upkeep]
|-heal|p1a: Kingdra|100/100|[from] item: Leftovers
|upkeep
|turn|13
|
|t:|1759064673
|switch|p1a: Rotom|Rotom-Frost|100/100
|move|p2a: Raging Bolt|Thunderclap||[still]
|-fail|p2a: Raging Bolt
|
|-weather|RainDance|[upkeep]
|upkeep
|turn|14
|
|t:|1759064684
|-end|p2a: Raging Bolt|Protosynthesis|[silent]
|switch|p2a: Ninetales|Ninetales, F, shiny|64/100
|-weather|SunnyDay|[from] ability: Drought|[of] p2a: Ninetales
|move|p1a: Rotom|Volt Switch|p2a: Ninetales
|-damage|p2a: Ninetales|34/100
|
|t:|1759064689
|switch|p1a: Kingdra|Kingdra, M|100/100|[from] Volt Switch
|
|-weather|SunnyDay|[upkeep]
|upkeep
|turn|15
|
|t:|1759064696
|switch|p2a: Raging Bolt|Raging Bolt|100/100
|-activate|p2a: Raging Bolt|ability: Protosynthesis
|-start|p2a: Raging Bolt|protosynthesisspa
|move|p1a: Kingdra|Rain Dance|p1a: Kingdra
|-weather|RainDance
|-end|p2a: Raging Bolt|Protosynthesis
|
|-weather|RainDance|[upkeep]
|upkeep
|turn|16
|
|t:|1759064701
|switch|p1a: Rotom|Rotom-Frost|100/100
|move|p2a: Raging Bolt|Draco Meteor|p1a: Rotom
|-damage|p1a: Rotom|0 fnt
|-unboost|p2a: Raging Bolt|spa|2
|faint|p1a: Rotom
|
|-weather|RainDance|[upkeep]
|upkeep
|
|t:|1759064716
|switch|p1a: Kingdra|Kingdra, M|100/100
|turn|17
|
|t:|1759064725
|-end|p2a: Raging Bolt|Protosynthesis|[silent]
|switch|p2a: Ninetales|Ninetales, F, shiny|34/100
|-weather|SunnyDay|[from] ability: Drought|[of] p2a: Ninetales
|move|p1a: Kingdra|Dragon Pulse|p2a: Ninetales
|-damage|p2a: Ninetales|0 fnt
|faint|p2a: Ninetales
|
|-weather|SunnyDay|[upkeep]
|upkeep
|inactive|jose2912 has 120 seconds left.
|
|t:|1759064762
|switch|p2a: Scizor|Scizor, M|100/100
|turn|18
|inactive|jose2912 has 120 seconds left.
|
|t:|1759064772
|move|p1a: Kingdra|Rain Dance|p1a: Kingdra
|-weather|RainDance
|move|p2a: Scizor|U-turn|p1a: Kingdra
|-damage|p1a: Kingdra|37/100
|inactive|jose2912 has 120 seconds left.
|
|t:|1759064777
|switch|p2a: Raging Bolt|Raging Bolt|100/100|[from] U-turn
|
|-weather|RainDance|[upkeep]
|-heal|p1a: Kingdra|43/100|[from] item: Leftovers
|upkeep
|turn|19
|
|t:|1759064783
|switch|p1a: Garchomp|Garchomp, F|100/100
|move|p2a: Raging Bolt|Thunderclap||[still]
|-fail|p2a: Raging Bolt
|
|-weather|RainDance|[upkeep]
|upkeep
|turn|20
|
|t:|1759064788
|move|p2a: Raging Bolt|Draco Meteor|p1a: Garchomp
|-supereffective|p1a: Garchomp
|-damage|p1a: Garchomp|0 fnt
|-unboost|p2a: Raging Bolt|spa|2
|faint|p1a: Garchomp
|
|-weather|RainDance|[upkeep]
|upkeep
|
|t:|1759064794
|switch|p1a: Kingdra|Kingdra, M|43/100
|turn|21
|
|t:|1759064797
|move|p2a: Raging Bolt|Thunderclap|p1a: Kingdra
|-damage|p1a: Kingdra|18/100
|move|p1a: Kingdra|Dragon Pulse|p2a: Raging Bolt
|-supereffective|p2a: Raging Bolt
|-damage|p2a: Raging Bolt|25/100
|
|-weather|RainDance|[upkeep]
|-heal|p1a: Kingdra|24/100|[from] item: Leftovers
|upkeep
|turn|22
|
|t:|1759064804
|move|p1a: Kingdra|Dragon Pulse|p2a: Raging Bolt
|-supereffective|p2a: Raging Bolt
|-damage|p2a: Raging Bolt|0 fnt
|faint|p2a: Raging Bolt
|-end|p2a: Raging Bolt|Protosynthesis|[silent]
|
|-weather|none
|-heal|p1a: Kingdra|30/100|[from] item: Leftovers
|upkeep
|
|t:|1759064823
|switch|p2a: Scizor|Scizor, M|100/100
|turn|23
|
|t:|1759064827
|move|p1a: Kingdra|Rain Dance|p1a: Kingdra
|-weather|RainDance
|move|p2a: Scizor|U-turn|p1a: Kingdra
|-damage|p1a: Kingdra|0 fnt
|faint|p1a: Kingdra
|
|t:|1759064831
|switch|p2a: Walking Wake|Walking Wake|100/100|[from] U-turn
|
|-weather|RainDance|[upkeep]
|upkeep
|
|t:|1759064836
|switch|p1a: Quaquaval|Quaquaval, M|100/100
|turn|24
|
|t:|1759064842
|move|p2a: Walking Wake|Draco Meteor|p1a: Quaquaval
|-damage|p1a: Quaquaval|0 fnt
|-unboost|p2a: Walking Wake|spa|2
|faint|p1a: Quaquaval
|
|-weather|RainDance|[upkeep]
|upkeep
|
|t:|1759064846
|switch|p1a: Gardevoir|Gardevoir, M|100/100
|turn|25
|
|t:|1759064851
|-end|p2a: Walking Wake|Protosynthesis|[silent]
|switch|p2a: Scizor|Scizor, M|100/100
|-ability|p1a: Gardevoir|Technician|Trace|[from] ability: Trace|[of] p2a: Scizor
|move|p1a: Gardevoir|Trick|p2a: Scizor
|-activate|p1a: Gardevoir|move: Trick|[of] p2a: Scizor
|-item|p2a: Scizor|Choice Scarf|[from] move: Trick
|-item|p1a: Gardevoir|Choice Band|[from] move: Trick
|
|-weather|RainDance|[upkeep]
|upkeep
|turn|26
|
|t:|1759064857
|-terastallize|p1a: Gardevoir|Psychic
|move|p2a: Scizor|Bullet Punch|p1a: Gardevoir
|-damage|p1a: Gardevoir|44/100
|move|p1a: Gardevoir|Mystical Fire|p2a: Scizor
|-supereffective|p2a: Scizor
|-damage|p2a: Scizor|35/100
|-unboost|p2a: Scizor|spa|1
|
|-weather|RainDance|[upkeep]
|upkeep
|turn|27
|
|t:|1759064865
|move|p2a: Scizor|Bullet Punch|p1a: Gardevoir
|-damage|p1a: Gardevoir|0 fnt
|faint|p1a: Gardevoir
|
|win|jose2912
|raw|Jon Mateo's rating: 1271 &rarr; <strong>1247</strong><br />(-24 for losing)
|raw|jose2912's rating: 1281 &rarr; <strong>1305</strong><br />(+24 for winning)
|l|☆Jon Mateo
|player|p1|
|l|☆jose2912
|player|p2|
