|j|☆UnknownBolt1
|j|☆Uzizuzi
|t:|1759033692
|gametype|singles
|player|p1|UnknownBolt1|bruno|1332
|player|p2|Uzizuzi|workerice|1283
|gen|9
|tier|[Gen 9] OU
|rated|
|rule|HP Percentage Mod: HP is shown in percentages
|rule|Endless Battle Clause: Forcing endless battles is banned
|rule|Species Clause: Limit one of each Pokémon
|rule|OHKO Clause: OHKO moves are banned
|rule|Evasion Items Clause: Evasion items are banned
|rule|Evasion Moves Clause: Evasion moves are banned
|rule|Evasion Abilities Clause: Evasion abilities are banned
|rule|Sleep Moves Clause: Sleep-inducing moves are banned
|clearpoke
|poke|p1|Kingambit, F|
|poke|p1|Great Tusk|
|poke|p1|Iron Moth|
|poke|p1|Ogerpon-Wellspring, F|
|poke|p1|Dragapult, M|
|poke|p1|Garganacl, M|
|poke|p2|Dragapult, M|
|poke|p2|Great Tusk|
|poke|p2|Slowking-Galar, M|
|poke|p2|Zapdos|
|poke|p2|Kingambit, M|
|poke|p2|Espeon, F|
|teampreview
|inactive|Battle timer is ON: inactive players will automatically lose when time's up. (requested by UnknownBolt1)
|
|t:|1759033707
|teamsize|p1|6
|teamsize|p2|6
|start
|switch|p1a: N9a Salt|Garganacl, M, shiny|100/100
|switch|p2a: Dragapult|Dragapult, M|100/100
|turn|1
|
|t:|1759033712
|move|p2a: Dragapult|U-turn|p1a: N9a Salt
|-damage|p1a: N9a Salt|78/100
|
|t:|1759033714
|switch|p2a: Espeon|Espeon, F|100/100|[from] U-turn
|move|p1a: N9a Salt|Salt Cure|p2a: Espeon
|-damage|p2a: Espeon|85/100
|
|-heal|p1a: N9a Salt|85/100|[from] item: Leftovers
|upkeep
|turn|2
|
|t:|1759033723
|move|p2a: Espeon|Psychic Noise|p1a: N9a Salt
|-damage|p1a: N9a Salt|64/100
|-start|p1a: N9a Salt|move: Heal Block
|move|p1a: N9a Salt|Iron Defense|p1a: N9a Salt
|-boost|p1a: N9a Salt|def|2
|
|upkeep
|turn|3
|
|t:|1759033735
|switch|p1a: Come Back King|Kingambit, F, shiny|100/100
|move|p2a: Espeon|Grass Knot|p1a: Come Back King
|-resisted|p1a: Come Back King
|-damage|p1a: Come Back King|85/100
|
|-heal|p1a: Come Back King|91/100|[from] item: Leftovers
|upkeep
|turn|4
|
|t:|1759033742
|switch|p2a: Zapdos|Zapdos|100/100
|move|p1a: Come Back King|Kowtow Cleave|p2a: Zapdos
|-damage|p2a: Zapdos|67/100
|-status|p1a: Come Back King|par|[from] ability: Static|[of] p2a: Zapdos
|
|-heal|p1a: Come Back King|97/100 par|[from] item: Leftovers
|upkeep
|turn|5
|
|t:|1759033753
|-end|p1a: Come Back King|fallenundefined|[silent]
|switch|p1a: N9a Salt|Garganacl, M, shiny|64/100
|move|p2a: Zapdos|Volt Switch|p1a: N9a Salt
|-damage|p1a: N9a Salt|45/100
|
|t:|1759033759
|switch|p2a: Espeon|Espeon, F|85/100|[from] Volt Switch
|
|-heal|p1a: N9a Salt|51/100|[from] item: Leftovers
|upkeep
|turn|6
|
|t:|1759033765
|switch|p1a: Come Back King|Kingambit, F, shiny|97/100 par
|move|p2a: Espeon|Grass Knot|p1a: Come Back King
|-resisted|p1a: Come Back King
|-damage|p1a: Come Back King|82/100 par
|
|-heal|p1a: Come Back King|88/100 par|[from] item: Leftovers
|upkeep
|turn|7
|
|t:|1759033772
|switch|p2a: Great Tusk|Great Tusk|100/100
|cant|p1a: Come Back King|par
|
|-heal|p1a: Come Back King|94/100 par|[from] item: Leftovers
|upkeep
|turn|8
|
|t:|1759033783
|-end|p1a: Come Back King|fallenundefined|[silent]
|switch|p1a: Ogerpon|Ogerpon-Wellspring, F|100/100
|move|p2a: Great Tusk|Stealth Rock|p1a: Ogerpon
|-sidestart|p1: UnknownBolt1|move: Stealth Rock
|
|upkeep
|turn|9
|
|t:|1759033789
|-end|p2a: Great Tusk|Protosynthesis|[silent]
|switch|p2a: Kingambit|Kingambit, M|100/100
|-item|p2a: Kingambit|Air Balloon
|move|p1a: Ogerpon|Swords Dance|p1a: Ogerpon
|-boost|p1a: Ogerpon|atk|2
|
|upkeep
|turn|10
|
|t:|1759033796
|move|p1a: Ogerpon|Ivy Cudgel|p2a: Kingambit|[anim] Ivy Cudgel Water
|-damage|p2a: Kingambit|23/100
|-enditem|p2a: Kingambit|Air Balloon
|move|p2a: Kingambit|Kowtow Cleave|p1a: Ogerpon
|-damage|p1a: Ogerpon|46/100
|
|upkeep
|turn|11
|
|t:|1759033803
|move|p2a: Kingambit|Sucker Punch|p1a: Ogerpon
|-damage|p1a: Ogerpon|0 fnt
|faint|p1a: Ogerpon
|
|upkeep
|
|t:|1759033808
|switch|p1a: Great Tusk|Great Tusk|100/100
|-damage|p1a: Great Tusk|98/100|[from] Stealth Rock
|-enditem|p1a: Great Tusk|Booster Energy
|-activate|p1a: Great Tusk|ability: Protosynthesis|[fromitem]
|-start|p1a: Great Tusk|protosynthesisatk
|turn|12
|
|t:|1759033817
|-end|p2a: Kingambit|fallenundefined|[silent]
|switch|p2a: Zapdos|Zapdos|67/100
|move|p1a: Great Tusk|Rapid Spin|p2a: Zapdos
|-damage|p2a: Zapdos|50/100
|-boost|p1a: Great Tusk|spe|1
|-status|p1a: Great Tusk|par|[from] ability: Static|[of] p2a: Zapdos
|-sideend|p1: UnknownBolt1|Stealth Rock|[from] move: Rapid Spin|[of] p1a: Great Tusk
|
|upkeep
|turn|13
|
|t:|1759033824
|move|p2a: Zapdos|Roost|p2a: Zapdos
|-heal|p2a: Zapdos|99/100
|-singleturn|p2a: Zapdos|move: Roost
|move|p1a: Great Tusk|Ice Spinner|p2a: Zapdos
|-damage|p2a: Zapdos|73/100
|
|upkeep
|turn|14
|
|t:|1759033832
|move|p2a: Zapdos|Hurricane|p1a: Great Tusk
|-supereffective|p1a: Great Tusk
|-damage|p1a: Great Tusk|0 fnt
|faint|p1a: Great Tusk
|-end|p1a: Great Tusk|Protosynthesis|[silent]
|
|upkeep
|
|t:|1759033845
|switch|p1a: N9a Salt|Garganacl, M, shiny|51/100
|turn|15
|
|t:|1759033850
|move|p2a: Zapdos|Volt Switch|p1a: N9a Salt
|-damage|p1a: N9a Salt|32/100
|
|t:|1759033854
|switch|p2a: Espeon|Espeon, F|85/100|[from] Volt Switch
|move|p1a: N9a Salt|Recover|p1a: N9a Salt
|-heal|p1a: N9a Salt|82/100
|
|-heal|p1a: N9a Salt|88/100|[from] item: Leftovers
|upkeep
|turn|16
|
|t:|1759033862
|switch|p1a: Come Back King|Kingambit, F, shiny|94/100 par
|-activate|p1a: Come Back King|ability: Supreme Overlord
|-start|p1a: Come Back King|fallen2|[silent]
|move|p2a: Espeon|Draining Kiss|p1a: Come Back King
|-damage|p1a: Come Back King|80/100 par
|-heal|p2a: Espeon|99/100|[from] drain|[of] p1a: Come Back King
|
|-heal|p1a: Come Back King|86/100 par|[from] item: Leftovers
|upkeep
|turn|17
|
|t:|1759033871
|switch|p2a: Great Tusk|Great Tusk|100/100
|move|p1a: Come Back King|Kowtow Cleave|p2a: Great Tusk
|-resisted|p2a: Great Tusk
|-damage|p2a: Great Tusk|79/100
|
|-heal|p2a: Great Tusk|85/100|[from] item: Leftovers
|-heal|p1a: Come Back King|92/100 par|[from] item: Leftovers
|upkeep
|turn|18
|
|t:|1759033881
|move|p2a: Great Tusk|Stealth Rock|p1a: Come Back King
|-sidestart|p1: UnknownBolt1|move: Stealth Rock
|move|p1a: Come Back King|Iron Head|p2a: Great Tusk
|-damage|p2a: Great Tusk|46/100
|
|-heal|p2a: Great Tusk|52/100|[from] item: Leftovers
|-heal|p1a: Come Back King|98/100 par|[from] item: Leftovers
|upkeep
|turn|19
|
|t:|1759033899
|-end|p1a: Come Back King|fallen2|[silent]
|switch|p1a: Dragapult|Dragapult, M|100/100
|move|p2a: Great Tusk|Headlong Rush|p1a: Dragapult
|-damage|p1a: Dragapult|24/100
|-unboost|p2a: Great Tusk|def|1
|-unboost|p2a: Great Tusk|spd|1
|
|-heal|p2a: Great Tusk|58/100|[from] item: Leftovers
|upkeep
|turn|20
|
|t:|1759033908
|-end|p2a: Great Tusk|Protosynthesis|[silent]
|switch|p2a: Slowking|Slowking-Galar, M|100/100
|move|p1a: Dragapult|Draco Meteor|p2a: Slowking
|-damage|p2a: Slowking|68/100
|-unboost|p1a: Dragapult|spa|2
|
|upkeep
|turn|21
|
|t:|1759033915
|move|p1a: Dragapult|U-turn|p2a: Slowking
|-damage|p2a: Slowking|49/100
|
|t:|1759033919
|switch|p1a: N9a Salt|Garganacl, M, shiny|88/100|[from] U-turn
|-damage|p1a: N9a Salt|75/100|[from] Stealth Rock
|-prepare|p2a: Slowking|Chilly Reception|[premajor]
|move|p2a: Slowking|Chilly Reception|p2a: Slowking
|-weather|Snowscape
|
|t:|1759033925
|switch|p2a: Great Tusk|Great Tusk|58/100|[from] Chilly Reception
|
|-weather|Snowscape|[upkeep]
|-heal|p2a: Great Tusk|64/100|[from] item: Leftovers
|-heal|p1a: N9a Salt|82/100|[from] item: Leftovers
|upkeep
|turn|22
|
|t:|1759033932
|move|p2a: Great Tusk|Headlong Rush|p1a: N9a Salt
|-supereffective|p1a: N9a Salt
|-damage|p1a: N9a Salt|0 fnt
|-unboost|p2a: Great Tusk|def|1
|-unboost|p2a: Great Tusk|spd|1
|faint|p1a: N9a Salt
|
|-weather|Snowscape|[upkeep]
|-heal|p2a: Great Tusk|70/100|[from] item: Leftovers
|upkeep
|
|t:|1759033941
|switch|p1a: Dragapult|Dragapult, M|24/100
|turn|23
|
|t:|1759033946
|-end|p2a: Great Tusk|Protosynthesis|[silent]
|switch|p2a: Slowking|Slowking-Galar, M|82/100
|move|p1a: Dragapult|Hex|p2a: Slowking
|-supereffective|p2a: Slowking
|-damage|p2a: Slowking|48/100
|
|-weather|Snowscape|[upkeep]
|upkeep
|turn|24
|
|t:|1759033952
|move|p1a: Dragapult|Will-O-Wisp|p2a: Slowking
|-status|p2a: Slowking|brn
|-prepare|p2a: Slowking|Chilly Reception|[premajor]
|move|p2a: Slowking|Chilly Reception|p2a: Slowking
|
|t:|1759033955
|switch|p2a: Kingambit|Kingambit, M|23/100|[from] Chilly Reception
|
|-weather|Snowscape|[upkeep]
|upkeep
|turn|25
|
|t:|1759033962
|move|p1a: Dragapult|Will-O-Wisp|p2a: Kingambit
|-status|p2a: Kingambit|brn
|move|p2a: Kingambit|Kowtow Cleave|p1a: Dragapult
|-supereffective|p1a: Dragapult
|-damage|p1a: Dragapult|0 fnt
|faint|p1a: Dragapult
|
|-weather|none
|-damage|p2a: Kingambit|16/100 brn|[from] brn
|upkeep
|
|t:|1759033970
|switch|p1a: Iron Moth|Iron Moth, shiny|100/100
|-damage|p1a: Iron Moth|76/100|[from] Stealth Rock
|-enditem|p1a: Iron Moth|Booster Energy
|-activate|p1a: Iron Moth|ability: Quark Drive|[fromitem]
|-start|p1a: Iron Moth|quarkdrivespe
|turn|26
|
|t:|1759033976
|move|p1a: Iron Moth|Fiery Dance|p2a: Kingambit
|-supereffective|p2a: Kingambit
|-crit|p2a: Kingambit
|-damage|p2a: Kingambit|0 fnt
|faint|p2a: Kingambit
|-end|p2a: Kingambit|fallenundefined|[silent]
|
|upkeep
|
|t:|1759033979
|switch|p2a: Dragapult|Dragapult, M|100/100
|turn|27
|
|t:|1759033994
|move|p1a: Iron Moth|Fiery Dance|p2a: Dragapult
|-resisted|p2a: Dragapult
|-damage|p2a: Dragapult|71/100
|move|p2a: Dragapult|Dragon Darts|p1a: Iron Moth
|-damage|p1a: Iron Moth|24/100
|-anim|p2a: Dragapult|Dragon Darts|p1a: Iron Moth
|-damage|p1a: Iron Moth|0 fnt
|faint|p1a: Iron Moth
|-end|p1a: Iron Moth|Quark Drive|[silent]
|
|upkeep
|
|t:|1759034003
|switch|p1a: Come Back King|Kingambit, F, shiny|98/100 par
|-damage|p1a: Come Back King|92/100 par|[from] Stealth Rock
|-activate|p1a: Come Back King|ability: Supreme Overlord
|-start|p1a: Come Back King|fallen5|[silent]
|turn|28
|
|t:|1759034028
|switch|p2a: Great Tusk|Great Tusk|70/100
|move|p1a: Come Back King|Swords Dance|p1a: Come Back King
|-boost|p1a: Come Back King|atk|2
|
|-heal|p2a: Great Tusk|77/100|[from] item: Leftovers
|-heal|p1a: Come Back King|98/100 par|[from] item: Leftovers
|upkeep
|turn|29
|
|t:|1759034041
|-terastallize|p1a: Come Back King|Ghost
|move|p2a: Great Tusk|Headlong Rush|p1a: Come Back King
|-damage|p1a: Come Back King|47/100 par
|-unboost|p2a: Great Tusk|def|1
|-unboost|p2a: Great Tusk|spd|1
|move|p1a: Come Back King|Swords Dance|p1a: Come Back King
|-boost|p1a: Come Back King|atk|2
|
|-heal|p2a: Great Tusk|83/100|[from] item: Leftovers
|-heal|p1a: Come Back King|53/100 par|[from] item: Leftovers
|upkeep
|turn|30
|
|t:|1759034053
|-end|p2a: Great Tusk|Protosynthesis|[silent]
|switch|p2a: Slowking|Slowking-Galar, M|82/100 brn
|move|p1a: Come Back King|Sucker Punch||[still]
|-fail|p1a: Come Back King
|
|-heal|p1a: Come Back King|59/100 par|[from] item: Leftovers
|-damage|p2a: Slowking|76/100 brn|[from] brn
|upkeep
|turn|31
|
|t:|1759034062
|move|p1a: Come Back King|Kowtow Cleave|p2a: Slowking
|-supereffective|p2a: Slowking
|-crit|p2a: Slowking
|-damage|p2a: Slowking|0 fnt
|faint|p2a: Slowking
|
|-heal|p1a: Come Back King|65/100 par|[from] item: Leftovers
|upkeep
|
|t:|1759034067
|switch|p2a: Great Tusk|Great Tusk|83/100
|turn|32
|
|t:|1759034071
|move|p2a: Great Tusk|Headlong Rush|p1a: Come Back King
|-damage|p1a: Come Back King|16/100 par
|-unboost|p2a: Great Tusk|def|1
|-unboost|p2a: Great Tusk|spd|1
|move|p1a: Come Back King|Iron Head|p2a: Great Tusk
|-damage|p2a: Great Tusk|0 fnt
|faint|p2a: Great Tusk
|-end|p2a: Great Tusk|Protosynthesis|[silent]
|
|-heal|p1a: Come Back King|22/100 par|[from] item: Leftovers
|upkeep
|
|t:|1759034078
|switch|p2a: Zapdos|Zapdos|73/100
|turn|33
|
|t:|1759034086
|move|p1a: Come Back King|Sucker Punch|p2a: Zapdos
|-damage|p2a: Zapdos|0 fnt
|faint|p2a: Zapdos
|
|-heal|p1a: Come Back King|28/100 par|[from] item: Leftovers
|upkeep
|
|t:|1759034089
|switch|p2a: Espeon|Espeon, F|99/100
|turn|34
|
|t:|1759034093
|move|p1a: Come Back King|Sucker Punch|p2a: Espeon
|-supereffective|p2a: Espeon
|-damage|p2a: Espeon|0 fnt
|faint|p2a: Espeon
|
|-heal|p1a: Come Back King|34/100 par|[from] item: Leftovers
|upkeep
|
|t:|1759034095
|switch|p2a: Dragapult|Dragapult, M|71/100
|turn|35
|
|t:|1759034102
|-terastallize|p2a: Dragapult|Ghost
|move|p1a: Come Back King|Sucker Punch|p2a: Dragapult
|-supereffective|p2a: Dragapult
|-damage|p2a: Dragapult|0 fnt
|faint|p2a: Dragapult
|
|win|UnknownBolt1
|raw|UnknownBolt1's rating: 1332 &rarr; <strong>1349</strong><br />(+17 for winning)
|raw|Uzizuzi's rating: 1283 &rarr; <strong>1262</strong><br />(-21 for losing)
|l|☆Uzizuzi
|player|p2|
|c|☆UnknownBolt1|leess go
