|j|☆Chico737
|j|☆Shibuya Arc
|t:|1758916545
|gametype|singles
|player|p1|Chico737|102|1377
|player|p2|Shibuya Arc|265|1426
|gen|9
|tier|[Gen 9] OU
|rated|
|rule|HP Percentage Mod: HP is shown in percentages
|rule|Endless Battle Clause: Forcing endless battles is banned
|rule|Species Clause: Limit one of each Pokémon
|rule|OHKO Clause: OHKO moves are banned
|rule|Evasion Items Clause: Evasion items are banned
|rule|Evasion Moves Clause: Evasion moves are banned
|rule|Evasion Abilities Clause: Evasion abilities are banned
|rule|Sleep Moves Clause: Sleep-inducing moves are banned
|clearpoke
|poke|p1|Cinderace, F|
|poke|p1|Empoleon, M|
|poke|p1|Ribombee, M|
|poke|p1|Serperior, M|
|poke|p1|Kingambit, M|
|poke|p1|Wigglytuff, M|
|poke|p2|Dragapult, M|
|poke|p2|Dragonite, F|
|poke|p2|Ting-Lu|
|poke|p2|Weezing-Galar, F|
|poke|p2|Iron Crown|
|poke|p2|Zapdos|
|teampreview
|inactive|Battle timer is ON: inactive players will automatically lose when time's up. (requested by Shibuya Arc)
|
|t:|1758916556
|teamsize|p1|6
|teamsize|p2|6
|start
|switch|p1a: Ribombee|Ribombee, M|100/100
|switch|p2a: Dragonite|Dragonite, F|100/100
|turn|1
|
|t:|1758916562
|move|p2a: Dragonite|Extreme Speed|p1a: Ribombee
|-damage|p1a: Ribombee|38/100
|move|p1a: Ribombee|Sticky Web|p2a: Dragonite
|-sidestart|p2: Shibuya Arc|move: Sticky Web
|
|upkeep
|turn|2
|
|t:|1758916575
|move|p2a: Dragonite|Extreme Speed|p1a: Ribombee
|-damage|p1a: Ribombee|0 fnt
|faint|p1a: Ribombee
|
|upkeep
|
|t:|1758916581
|switch|p1a: Cinderace|Cinderace, F|100/100
|turn|3
|
|t:|1758916587
|move|p1a: Cinderace|Court Change|p1a: Cinderace
|-start|p1a: Cinderace|typechange|Normal|[from] ability: Libero
|-swapsideconditions
|-activate|p1a: Cinderace|move: Court Change
|move|p2a: Dragonite|Dragon Dance|p2a: Dragonite
|-boost|p2a: Dragonite|atk|1
|-boost|p2a: Dragonite|spe|1
|
|upkeep
|turn|4
|
|t:|1758916593
|-terastallize|p2a: Dragonite|Normal
|move|p2a: Dragonite|Extreme Speed|p1a: Cinderace
|-damage|p1a: Cinderace|20/100
|move|p1a: Cinderace|Will-O-Wisp|p2a: Dragonite|[miss]
|-miss|p1a: Cinderace|p2a: Dragonite
|
|upkeep
|turn|5
|
|t:|1758916601
|move|p2a: Dragonite|Extreme Speed|p1a: Cinderace
|-damage|p1a: Cinderace|0 fnt
|faint|p1a: Cinderace
|
|upkeep
|
|t:|1758916605
|switch|p1a: Empoleon|Empoleon, M|100/100
|-activate|p1a: Empoleon|move: Sticky Web
|-unboost|p1a: Empoleon|spe|1
|-ability|p1a: Empoleon|Competitive|boost
|-boost|p1a: Empoleon|spa|2
|turn|6
|
|t:|1758916611
|move|p2a: Dragonite|Earthquake|p1a: Empoleon
|-supereffective|p1a: Empoleon
|-damage|p1a: Empoleon|0 fnt
|faint|p1a: Empoleon
|
|upkeep
|
|t:|1758916615
|switch|p1a: Serperior|Serperior, M|100/100
|-activate|p1a: Serperior|move: Sticky Web
|-boost|p1a: Serperior|spe|1
|turn|7
|
|t:|1758916620
|move|p2a: Dragonite|Extreme Speed|p1a: Serperior
|-damage|p1a: Serperior|8/100
|move|p1a: Serperior|Leaf Storm|p2a: Dragonite
|-damage|p2a: Dragonite|78/100
|-boost|p1a: Serperior|spa|2
|
|upkeep
|turn|8
|
|t:|1758916632
|move|p2a: Dragonite|Extreme Speed|p1a: Serperior
|-damage|p1a: Serperior|0 fnt
|faint|p1a: Serperior
|
|upkeep
|-message|Chico737 forfeited.
|
|win|Shibuya Arc
|raw|Chico737's rating: 1377 &rarr; <strong>1360</strong><br />(-17 for losing)
|raw|Shibuya Arc's rating: 1426 &rarr; <strong>1443</strong><br />(+17 for winning)
