|j|☆t04styy
|j|☆popswrong4laughing
|t:|1758928989
|gametype|singles
|player|p1|t04styy|169|1483
|player|p2|popswrong4laughing|galacticgrunt|1490
|gen|9
|tier|[Gen 9] OU
|rated|
|rule|HP Percentage Mod: HP is shown in percentages
|rule|Endless Battle Clause: Forcing endless battles is banned
|rule|Species Clause: Limit one of each Pokémon
|rule|OHKO Clause: OHKO moves are banned
|rule|Evasion Items Clause: Evasion items are banned
|rule|Evasion Moves Clause: Evasion moves are banned
|rule|Evasion Abilities Clause: Evasion abilities are banned
|rule|Sleep Moves Clause: Sleep-inducing moves are banned
|clearpoke
|poke|p1|Ogerpon-Wellspring, F|
|poke|p1|Iron Moth|
|poke|p1|Great Tusk|
|poke|p1|Umbreon, F|
|poke|p1|Garchomp, F|
|poke|p1|Clefable, M|
|poke|p2|Ting-Lu|
|poke|p2|Serperior, F|
|poke|p2|Dragapult, M|
|poke|p2|Clefable, F|
|poke|p2|Moltres|
|poke|p2|Tinkaton, F|
|teampreview
|
|t:|1758929031
|teamsize|p1|6
|teamsize|p2|6
|start
|switch|p1a: Garchomp|Garchomp, F|100/100
|switch|p2a: Dragapult|Dragapult, M|100/100
|turn|1
|
|t:|1758929039
|switch|p2a: Clefable|Clefable, F, shiny|100/100
|-terastallize|p1a: Garchomp|Fairy
|move|p1a: Garchomp|Swords Dance|p1a: Garchomp
|-boost|p1a: Garchomp|atk|2
|
|upkeep
|turn|2
|
|t:|1758929050
|switch|p2a: Moltres|Moltres, shiny|100/100
|move|p1a: Garchomp|Earthquake|p2a: Moltres
|-immune|p2a: Moltres
|
|upkeep
|turn|3
|
|t:|1758929060
|move|p1a: Garchomp|Swords Dance|p1a: Garchomp
|-boost|p1a: Garchomp|atk|2
|move|p2a: Moltres|Roar|p1a: Garchomp
|drag|p1a: Umbreon|Umbreon, F|100/100
|
|upkeep
|turn|4
|
|t:|1758929066
|move|p2a: Moltres|U-turn|p1a: Umbreon
|-supereffective|p1a: Umbreon
|-damage|p1a: Umbreon|76/100
|
|t:|1758929068
|switch|p2a: Tinkaton|Tinkaton, F|100/100|[from] U-turn
|-item|p2a: Tinkaton|Air Balloon
|move|p1a: Umbreon|Toxic|p2a: Tinkaton
|-immune|p2a: Tinkaton
|
|-heal|p1a: Umbreon|82/100|[from] item: Leftovers
|upkeep
|turn|5
|
|t:|1758929080
|move|p1a: Umbreon|Protect|p1a: Umbreon
|-singleturn|p1a: Umbreon|Protect
|move|p2a: Tinkaton|Stealth Rock|p1a: Umbreon
|-sidestart|p1: t04styy|move: Stealth Rock
|
|-heal|p1a: Umbreon|88/100|[from] item: Leftovers
|upkeep
|turn|6
|
|t:|1758929085
|move|p2a: Tinkaton|Encore|p1a: Umbreon
|-start|p1a: Umbreon|Encore
|move|p1a: Umbreon|Protect||[still]
|-fail|p1a: Umbreon
|
|-heal|p1a: Umbreon|94/100|[from] item: Leftovers
|upkeep
|turn|7
|
|t:|1758929099
|switch|p2a: Ting-Lu|Ting-Lu|100/100
|-ability|p2a: Ting-Lu|Vessel of Ruin
|switch|p1a: Garchomp|Garchomp, F, tera:Fairy|100/100
|-damage|p1a: Garchomp|88/100|[from] Stealth Rock
|
|-heal|p1a: Garchomp|94/100|[from] item: Leftovers
|upkeep
|turn|8
|
|t:|1758929110
|move|p1a: Garchomp|Swords Dance|p1a: Garchomp
|-boost|p1a: Garchomp|atk|2
|move|p2a: Ting-Lu|Whirlwind|p1a: Garchomp
|drag|p1a: Great Tusk|Great Tusk|100/100
|
|upkeep
|turn|9
|
|t:|1758929115
|switch|p2a: Moltres|Moltres, shiny|100/100
|move|p1a: Great Tusk|Rapid Spin|p2a: Moltres
|-crit|p2a: Moltres
|-damage|p2a: Moltres|83/100
|-boost|p1a: Great Tusk|spe|1
|-sideend|p1: t04styy|Stealth Rock|[from] move: Rapid Spin|[of] p1a: Great Tusk
|
|upkeep
|turn|10
|
|t:|1758929123
|move|p1a: Great Tusk|Stealth Rock|p2a: Moltres
|-sidestart|p2: popswrong4laughing|move: Stealth Rock
|move|p2a: Moltres|Flamethrower|p1a: Great Tusk
|-damage|p1a: Great Tusk|45/100
|-status|p1a: Great Tusk|brn
|
|-damage|p1a: Great Tusk|39/100 brn|[from] brn
|upkeep
|turn|11
|
|t:|1758929137
|-end|p1a: Great Tusk|Protosynthesis|[silent]
|switch|p1a: Ogerpon|Ogerpon-Wellspring, F|100/100
|move|p2a: Moltres|Roost|p2a: Moltres
|-heal|p2a: Moltres|100/100
|-singleturn|p2a: Moltres|move: Roost
|
|upkeep
|turn|12
|
|t:|1758929145
|switch|p2a: Serperior|Serperior, F|100/100
|-damage|p2a: Serperior|88/100|[from] Stealth Rock
|move|p1a: Ogerpon|Knock Off|p2a: Serperior
|-damage|p2a: Serperior|44/100
|-enditem|p2a: Serperior|Leftovers|[from] move: Knock Off|[of] p1a: Ogerpon
|
|upkeep
|turn|13
|
|t:|1758929154
|move|p2a: Serperior|Synthesis|p2a: Serperior
|-heal|p2a: Serperior|94/100
|move|p1a: Ogerpon|U-turn|p2a: Serperior
|-supereffective|p2a: Serperior
|-damage|p2a: Serperior|40/100
|
|t:|1758929162
|switch|p1a: Iron Moth|Iron Moth|100/100|[from] U-turn
|-enditem|p1a: Iron Moth|Booster Energy
|-activate|p1a: Iron Moth|ability: Quark Drive|[fromitem]
|-start|p1a: Iron Moth|quarkdrivespe
|
|upkeep
|turn|14
|
|t:|1758929170
|switch|p2a: Ting-Lu|Ting-Lu|100/100
|-damage|p2a: Ting-Lu|94/100|[from] Stealth Rock
|-ability|p2a: Ting-Lu|Vessel of Ruin
|move|p1a: Iron Moth|Fiery Dance|p2a: Ting-Lu
|-damage|p2a: Ting-Lu|79/100
|
|-heal|p2a: Ting-Lu|85/100|[from] item: Leftovers
|upkeep
|turn|15
|
|t:|1758929187
|-end|p1a: Iron Moth|Quark Drive|[silent]
|switch|p1a: Ogerpon|Ogerpon-Wellspring, F|100/100
|move|p2a: Ting-Lu|Spikes|p1a: Ogerpon
|-sidestart|p1: t04styy|Spikes
|
|-heal|p2a: Ting-Lu|91/100|[from] item: Leftovers
|upkeep
|turn|16
|
|t:|1758929213
|switch|p2a: Clefable|Clefable, F, shiny|100/100
|move|p1a: Ogerpon|Knock Off|p2a: Clefable
|-resisted|p2a: Clefable
|-damage|p2a: Clefable|87/100
|-enditem|p2a: Clefable|Leftovers|[from] move: Knock Off|[of] p1a: Ogerpon
|
|upkeep
|turn|17
|
|t:|1758929234
|move|p1a: Ogerpon|Ivy Cudgel|p2a: Clefable|[anim] Ivy Cudgel Water
|-damage|p2a: Clefable|39/100
|move|p2a: Clefable|Moonblast|p1a: Ogerpon
|-damage|p1a: Ogerpon|67/100
|
|upkeep
|turn|18
|
|t:|1758929242
|move|p1a: Ogerpon|Ivy Cudgel|p2a: Clefable|[anim] Ivy Cudgel Water
|-damage|p2a: Clefable|0 fnt
|faint|p2a: Clefable
|
|upkeep
|
|t:|1758929245
|switch|p2a: Dragapult|Dragapult, M|100/100
|turn|19
|
|t:|1758929257
|switch|p1a: Clefable|Clefable, M|100/100
|move|p2a: Dragapult|U-turn|p1a: Clefable
|-resisted|p1a: Clefable
|-damage|p1a: Clefable|93/100
|
|t:|1758929263
|switch|p2a: Tinkaton|Tinkaton, F|100/100|[from] U-turn
|-damage|p2a: Tinkaton|94/100|[from] Stealth Rock
|-item|p2a: Tinkaton|Air Balloon
|
|-heal|p1a: Clefable|99/100|[from] item: Leftovers
|upkeep
|turn|20
|
|t:|1758929281
|move|p2a: Tinkaton|Gigaton Hammer|p1a: Clefable
|-supereffective|p1a: Clefable
|-damage|p1a: Clefable|30/100
|move|p1a: Clefable|Knock Off|p2a: Tinkaton
|-resisted|p2a: Tinkaton
|-damage|p2a: Tinkaton|86/100
|-enditem|p2a: Tinkaton|Air Balloon
|-enditem|p1a: Clefable|Leftovers|[silent]|[from] ability: Pickpocket|[of] p1a: Clefable
|-item|p2a: Tinkaton|Leftovers|[from] ability: Pickpocket|[of] p1a: Clefable
|
|-heal|p2a: Tinkaton|92/100|[from] item: Leftovers
|upkeep
|turn|21
|
|t:|1758929296
|move|p2a: Tinkaton|Stealth Rock|p1a: Clefable
|-sidestart|p1: t04styy|move: Stealth Rock
|move|p1a: Clefable|Moonblast|p2a: Tinkaton
|-resisted|p2a: Tinkaton
|-damage|p2a: Tinkaton|78/100
|
|-heal|p2a: Tinkaton|84/100|[from] item: Leftovers
|upkeep
|turn|22
|
|t:|1758929305
|move|p2a: Tinkaton|Gigaton Hammer|p1a: Clefable
|-supereffective|p1a: Clefable
|-damage|p1a: Clefable|0 fnt
|faint|p1a: Clefable
|
|-heal|p2a: Tinkaton|90/100|[from] item: Leftovers
|upkeep
|
|t:|1758929324
|switch|p1a: Garchomp|Garchomp, F, tera:Fairy|94/100
|-damage|p1a: Garchomp|82/100|[from] Spikes
|-damage|p1a: Garchomp|70/100|[from] Stealth Rock
|turn|23
|
|t:|1758929329
|switch|p2a: Moltres|Moltres, shiny|100/100
|move|p1a: Garchomp|Earthquake|p2a: Moltres
|-immune|p2a: Moltres
|
|-heal|p1a: Garchomp|76/100|[from] item: Leftovers
|upkeep
|turn|24
|
|t:|1758929336
|move|p1a: Garchomp|Scale Shot|p2a: Moltres
|-damage|p2a: Moltres|92/100
|-damage|p2a: Moltres|83/100
|-hitcount|p2a: Moltres|2
|-unboost|p1a: Garchomp|def|1
|-boost|p1a: Garchomp|spe|1
|move|p2a: Moltres|Flamethrower|p1a: Garchomp
|-damage|p1a: Garchomp|34/100
|
|-heal|p1a: Garchomp|40/100|[from] item: Leftovers
|upkeep
|turn|25
|
|t:|1758929347
|move|p1a: Garchomp|Protect|p1a: Garchomp
|-singleturn|p1a: Garchomp|Protect
|move|p2a: Moltres|Roar|p1a: Garchomp
|drag|p1a: Great Tusk|Great Tusk|39/100 brn
|
|-damage|p1a: Great Tusk|33/100 brn|[from] brn
|upkeep
|turn|26
|
|t:|1758929353
|switch|p2a: Dragapult|Dragapult, M|100/100
|move|p1a: Great Tusk|Rapid Spin|p2a: Dragapult
|-immune|p2a: Dragapult
|
|-damage|p1a: Great Tusk|27/100 brn|[from] brn
|upkeep
|turn|27
|
|t:|1758929360
|move|p2a: Dragapult|Dragon Darts|p1a: Great Tusk
|-damage|p1a: Great Tusk|11/100 brn
|-anim|p2a: Dragapult|Dragon Darts|p1a: Great Tusk
|-damage|p1a: Great Tusk|0 fnt
|faint|p1a: Great Tusk
|-end|p1a: Great Tusk|Protosynthesis|[silent]
|
|upkeep
|
|t:|1758929369
|switch|p1a: Umbreon|Umbreon, F|94/100
|-damage|p1a: Umbreon|81/100|[from] Spikes
|-damage|p1a: Umbreon|69/100|[from] Stealth Rock
|turn|28
|
|t:|1758929379
|move|p2a: Dragapult|U-turn|p1a: Umbreon
|-supereffective|p1a: Umbreon
|-damage|p1a: Umbreon|38/100
|
|t:|1758929384
|switch|p2a: Tinkaton|Tinkaton, F|90/100|[from] U-turn
|-damage|p2a: Tinkaton|84/100|[from] Stealth Rock
|move|p1a: Umbreon|Toxic|p2a: Tinkaton
|-immune|p2a: Tinkaton
|
|-heal|p2a: Tinkaton|90/100|[from] item: Leftovers
|-heal|p1a: Umbreon|45/100|[from] item: Leftovers
|upkeep
|turn|29
|-message|t04styy forfeited.
|
|win|popswrong4laughing
|raw|t04styy's rating: 1483 &rarr; <strong>1463</strong><br />(-20 for losing)
|raw|popswrong4laughing's rating: 1490 &rarr; <strong>1510</strong><br />(+20 for winning)
|l|☆t04styy
|player|p1|
