|j|☆ban ogerpon W
|j|☆Petermannbuga
|t:|1759063971
|gametype|singles
|player|p1|ban ogerpon W|bugcatcher-gen4dp|1504
|player|p2|Petermannbuga|ghetsis-gen5bw|1594
|gen|9
|tier|[Gen 9] OU
|rated|
|rule|HP Percentage Mod: HP is shown in percentages
|rule|Endless Battle Clause: Forcing endless battles is banned
|rule|Species Clause: Limit one of each Pokémon
|rule|OHKO Clause: OHKO moves are banned
|rule|Evasion Items Clause: Evasion items are banned
|rule|Evasion Moves Clause: Evasion moves are banned
|rule|Evasion Abilities Clause: Evasion abilities are banned
|rule|Sleep Moves Clause: Sleep-inducing moves are banned
|clearpoke
|poke|p1|Reuniclus, F|
|poke|p1|Samurott-Hisui, M|
|poke|p1|Dragonite, F|
|poke|p1|Weezing-Galar, M|
|poke|p1|Zamazenta-*|
|poke|p1|Iron Valiant|
|poke|p2|Dragapult, F|
|poke|p2|Garganacl, M|
|poke|p2|Clefable, F|
|poke|p2|Gholdengo|
|poke|p2|Great Tusk|
|poke|p2|Iron Valiant|
|teampreview
|inactive|Battle timer is ON: inactive players will automatically lose when time's up. (requested by ban ogerpon W)
|
|t:|1759063982
|teamsize|p1|6
|teamsize|p2|6
|start
|switch|p1a: Reuniclus|Reuniclus, F|100/100
|switch|p2a: Silly Edna|Dragapult, F|100/100
|turn|1
|
|t:|1759063989
|switch|p1a: Weezing|Weezing-Galar, M|100/100
|move|p2a: Silly Edna|U-turn|p1a: Weezing
|-resisted|p1a: Weezing
|-damage|p1a: Weezing|94/100
|
|t:|1759063995
|switch|p2a: Olavo of Oak|Gholdengo|100/100|[from] U-turn
|
|-heal|p1a: Weezing|99/100|[from] item: Leftovers
|upkeep
|turn|2
|
|t:|1759064005
|switch|p1a: Samurott|Samurott-Hisui, M|100/100
|move|p2a: Olavo of Oak|Make It Rain|p1a: Samurott
|-resisted|p1a: Samurott
|-damage|p1a: Samurott|75/100
|-unboost|p2a: Olavo of Oak|spa|1
|
|upkeep
|turn|3
|
|t:|1759064014
|switch|p2a: Tania secretária|Clefable, F, shiny|100/100
|move|p1a: Samurott|Knock Off|p2a: Tania secretária
|-resisted|p2a: Tania secretária
|-damage|p2a: Tania secretária|86/100
|-damage|p1a: Samurott|58/100|[from] item: Rocky Helmet|[of] p2a: Tania secretária
|-enditem|p2a: Tania secretária|Rocky Helmet|[from] move: Knock Off|[of] p1a: Samurott
|
|upkeep
|turn|4
|
|t:|1759064025
|switch|p1a: Weezing|Weezing-Galar, M|99/100
|move|p2a: Tania secretária|Moonblast|p1a: Weezing
|-resisted|p1a: Weezing
|-damage|p1a: Weezing|82/100
|
|-heal|p1a: Weezing|88/100|[from] item: Leftovers
|upkeep
|turn|5
|
|t:|1759064034
|switch|p2a: Zé Garimpeiro|Garganacl, M|100/100
|move|p1a: Weezing|Sludge Bomb|p2a: Zé Garimpeiro
|-resisted|p2a: Zé Garimpeiro
|-damage|p2a: Zé Garimpeiro|91/100
|
|-heal|p1a: Weezing|94/100|[from] item: Leftovers
|-heal|p2a: Zé Garimpeiro|98/100|[from] item: Leftovers
|upkeep
|turn|6
|
|t:|1759064043
|switch|p1a: Reuniclus|Reuniclus, F|100/100
|move|p2a: Zé Garimpeiro|Stealth Rock|p1a: Reuniclus
|-sidestart|p1: ban ogerpon W|move: Stealth Rock
|
|-heal|p2a: Zé Garimpeiro|100/100|[from] item: Leftovers
|upkeep
|turn|7
|
|t:|1759064058
|switch|p2a: Silly Edna|Dragapult, F|100/100
|move|p1a: Reuniclus|Trick Room|p1a: Reuniclus
|-fieldstart|move: Trick Room|[of] p1a: Reuniclus
|
|upkeep
|turn|8
|
|t:|1759064069
|switch|p2a: Tania secretária|Clefable, F, shiny|86/100
|move|p1a: Reuniclus|Shadow Ball|p2a: Tania secretária
|-damage|p2a: Tania secretária|48/100
|
|upkeep
|turn|9
|
|t:|1759064078
|move|p1a: Reuniclus|Calm Mind|p1a: Reuniclus
|-boost|p1a: Reuniclus|spa|1
|-boost|p1a: Reuniclus|spd|1
|move|p2a: Tania secretária|Moonblast|p1a: Reuniclus
|-damage|p1a: Reuniclus|71/100
|
|upkeep
|turn|10
|
|t:|1759064085
|move|p1a: Reuniclus|Shadow Ball|p2a: Tania secretária
|-damage|p2a: Tania secretária|14/100
|move|p2a: Tania secretária|Moonlight|p2a: Tania secretária
|-heal|p2a: Tania secretária|64/100
|
|upkeep
|turn|11
|
|t:|1759064093
|move|p1a: Reuniclus|Shadow Ball|p2a: Tania secretária
|-damage|p2a: Tania secretária|25/100
|move|p2a: Tania secretária|Moonblast|p1a: Reuniclus
|-damage|p1a: Reuniclus|44/100
|-unboost|p1a: Reuniclus|spa|1
|
|-fieldend|move: Trick Room
|upkeep
|turn|12
|
|t:|1759064102
|move|p2a: Tania secretária|Moonlight|p2a: Tania secretária
|-heal|p2a: Tania secretária|75/100
|move|p1a: Reuniclus|Shadow Ball|p2a: Tania secretária
|-damage|p2a: Tania secretária|38/100
|-unboost|p2a: Tania secretária|spd|1
|
|upkeep
|turn|13
|
|t:|1759064111
|switch|p2a: Zé Garimpeiro|Garganacl, M|100/100
|switch|p1a: Weezing|Weezing-Galar, M|94/100
|-damage|p1a: Weezing|82/100|[from] Stealth Rock
|
|-heal|p1a: Weezing|88/100|[from] item: Leftovers
|upkeep
|turn|14
|
|t:|1759064120
|switch|p1a: Reuniclus|Reuniclus, F|44/100
|move|p2a: Zé Garimpeiro|Salt Cure|p1a: Reuniclus
|-damage|p1a: Reuniclus|29/100
|-start|p1a: Reuniclus|Salt Cure
|
|upkeep
|turn|15
|
|t:|1759064128
|move|p2a: Zé Garimpeiro|Salt Cure|p1a: Reuniclus
|-damage|p1a: Reuniclus|15/100
|move|p1a: Reuniclus|Calm Mind|p1a: Reuniclus
|-boost|p1a: Reuniclus|spa|1
|-boost|p1a: Reuniclus|spd|1
|
|upkeep
|turn|16
|
|t:|1759064135
|move|p2a: Zé Garimpeiro|Salt Cure|p1a: Reuniclus
|-damage|p1a: Reuniclus|0 fnt
|faint|p1a: Reuniclus
|
|upkeep
|
|t:|1759064138
|switch|p1a: Zamazenta|Zamazenta|100/100
|-damage|p1a: Zamazenta|94/100|[from] Stealth Rock
|-ability|p1a: Zamazenta|Dauntless Shield|boost
|-boost|p1a: Zamazenta|def|1
|turn|17
|
|t:|1759064149
|switch|p2a: Olavo of Oak|Gholdengo|100/100
|move|p1a: Zamazenta|Substitute|p1a: Zamazenta
|-start|p1a: Zamazenta|Substitute
|-damage|p1a: Zamazenta|69/100
|
|-heal|p1a: Zamazenta|76/100|[from] item: Leftovers
|upkeep
|turn|18
|
|t:|1759064157
|move|p1a: Zamazenta|Crunch|p2a: Olavo of Oak
|-supereffective|p2a: Olavo of Oak
|-damage|p2a: Olavo of Oak|51/100
|move|p2a: Olavo of Oak|Dazzling Gleam|p1a: Zamazenta
|-supereffective|p1a: Zamazenta
|-end|p1a: Zamazenta|Substitute
|
|-heal|p1a: Zamazenta|82/100|[from] item: Leftovers
|upkeep
|turn|19
|
|t:|1759064183
|-terastallize|p1a: Zamazenta|Steel
|move|p1a: Zamazenta|Substitute|p1a: Zamazenta
|-start|p1a: Zamazenta|Substitute
|-damage|p1a: Zamazenta|57/100
|move|p2a: Olavo of Oak|Dazzling Gleam|p1a: Zamazenta
|-resisted|p1a: Zamazenta
|-activate|p1a: Zamazenta|move: Substitute|[damage]
|
|-heal|p1a: Zamazenta|63/100|[from] item: Leftovers
|upkeep
|turn|20
|
|t:|1759064201
|switch|p2a: Khal Droggo|Great Tusk|100/100
|move|p1a: Zamazenta|Crunch|p2a: Khal Droggo
|-resisted|p2a: Khal Droggo
|-damage|p2a: Khal Droggo|92/100
|
|-heal|p1a: Zamazenta|69/100|[from] item: Leftovers
|upkeep
|turn|21
|
|t:|1759064211
|move|p1a: Zamazenta|Iron Defense|p1a: Zamazenta
|-boost|p1a: Zamazenta|def|2
|move|p2a: Khal Droggo|Bulk Up|p2a: Khal Droggo
|-boost|p2a: Khal Droggo|atk|1
|-boost|p2a: Khal Droggo|def|1
|
|-heal|p1a: Zamazenta|75/100|[from] item: Leftovers
|upkeep
|turn|22
|
|t:|1759064220
|move|p1a: Zamazenta|Iron Defense|p1a: Zamazenta
|-boost|p1a: Zamazenta|def|2
|move|p2a: Khal Droggo|Headlong Rush|p1a: Zamazenta
|-supereffective|p1a: Zamazenta
|-end|p1a: Zamazenta|Substitute
|-unboost|p2a: Khal Droggo|def|1
|-unboost|p2a: Khal Droggo|spd|1
|
|-heal|p1a: Zamazenta|81/100|[from] item: Leftovers
|upkeep
|turn|23
|
|t:|1759064247
|move|p1a: Zamazenta|Substitute|p1a: Zamazenta
|-start|p1a: Zamazenta|Substitute
|-damage|p1a: Zamazenta|56/100
|move|p2a: Khal Droggo|Headlong Rush|p1a: Zamazenta
|-supereffective|p1a: Zamazenta
|-end|p1a: Zamazenta|Substitute
|-unboost|p2a: Khal Droggo|def|1
|-unboost|p2a: Khal Droggo|spd|1
|
|-heal|p1a: Zamazenta|63/100|[from] item: Leftovers
|upkeep
|turn|24
|
|t:|1759064259
|-end|p2a: Khal Droggo|Protosynthesis|[silent]
|switch|p2a: Tania secretária|Clefable, F, shiny|38/100
|move|p1a: Zamazenta|Body Press|p2a: Tania secretária
|-resisted|p2a: Tania secretária
|-damage|p2a: Tania secretária|23/100
|
|-heal|p1a: Zamazenta|69/100|[from] item: Leftovers
|upkeep
|turn|25
|
|t:|1759064269
|switch|p1a: Iron Valiant|Iron Valiant|100/100
|move|p2a: Tania secretária|Moonlight|p2a: Tania secretária
|-heal|p2a: Tania secretária|73/100
|
|upkeep
|turn|26
|
|t:|1759064276
|switch|p2a: Zé Garimpeiro|Garganacl, M|100/100
|move|p1a: Iron Valiant|Encore||[still]
|-fail|p1a: Iron Valiant
|
|upkeep
|turn|27
|
|t:|1759064282
|move|p1a: Iron Valiant|Moonblast|p2a: Zé Garimpeiro
|-damage|p2a: Zé Garimpeiro|70/100
|move|p2a: Zé Garimpeiro|Salt Cure|p1a: Iron Valiant
|-resisted|p1a: Iron Valiant
|-damage|p1a: Iron Valiant|92/100
|-start|p1a: Iron Valiant|Salt Cure
|
|-heal|p2a: Zé Garimpeiro|76/100|[from] item: Leftovers
|-damage|p1a: Iron Valiant|80/100|[from] Salt Cure
|upkeep
|turn|28
|-message|ban ogerpon W forfeited.
|
|win|Petermannbuga
|raw|ban ogerpon W's rating: 1504 &rarr; <strong>1489</strong><br />(-15 for losing)
|raw|Petermannbuga's rating: 1594 &rarr; <strong>1609</strong><br />(+15 for winning)
|l|☆ban ogerpon W
|player|p1|
|l|☆Petermannbuga
|player|p2|
