|j|☆ripwal11
|j|☆mattcoolcat98
|t:|1758946204
|gametype|singles
|player|p1|ripwal11|169|1632
|player|p2|mattcoolcat98|266|1548
|gen|9
|tier|[Gen 9] OU
|rated|
|rule|HP Percentage Mod: HP is shown in percentages
|rule|Endless Battle Clause: Forcing endless battles is banned
|rule|Species Clause: Limit one of each Pokémon
|rule|OHKO Clause: OHKO moves are banned
|rule|Evasion Items Clause: Evasion items are banned
|rule|Evasion Moves Clause: Evasion moves are banned
|rule|Evasion Abilities Clause: Evasion abilities are banned
|rule|Sleep Moves Clause: Sleep-inducing moves are banned
|clearpoke
|poke|p1|Indeedee, M|
|poke|p1|Hatterene, F|
|poke|p1|Ursaluna, F|
|poke|p1|Iron Hands|
|poke|p1|Hoopa-Unbound|
|poke|p1|Mimikyu, F|
|poke|p2|Pelipper, F|
|poke|p2|Hatterene, F|
|poke|p2|Iron Treads|
|poke|p2|Toxicroak, F|
|poke|p2|Barraskewda, F|
|poke|p2|Zapdos|
|teampreview
|
|t:|1758946216
|teamsize|p1|6
|teamsize|p2|6
|start
|switch|p1a: LEBRON|Iron Hands, shiny|100/100
|switch|p2a: Pelipper|Pelipper, F|100/100
|-weather|RainDance|[from] ability: Drizzle|[of] p2a: Pelipper
|-enditem|p1a: LEBRON|Booster Energy
|-activate|p1a: LEBRON|ability: Quark Drive|[fromitem]
|-start|p1a: LEBRON|quarkdriveatk
|turn|1
|inactive|Battle timer is ON: inactive players will automatically lose when time's up. (requested by ripwal11)
|
|t:|1758946258
|switch|p2a: Hatterene|Hatterene, F|100/100
|move|p1a: LEBRON|Close Combat|p2a: Hatterene
|-resisted|p2a: Hatterene
|-damage|p2a: Hatterene|81/100
|-unboost|p1a: LEBRON|def|1
|-unboost|p1a: LEBRON|spd|1
|-enditem|p2a: Hatterene|Eject Button
|
|t:|1758946274
|switch|p2a: Barraskewda|Barraskewda, F|100/100
|
|-weather|RainDance|[upkeep]
|upkeep
|turn|2
|
|t:|1758946283
|-end|p1a: LEBRON|Quark Drive|[silent]
|switch|p1a: Mimi|Mimikyu, F, shiny|100/100
|move|p2a: Barraskewda|Liquidation|p1a: Mimi
|-activate|p1a: Mimi|ability: Disguise
|-damage|p1a: Mimi|100/100
|detailschange|p1a: Mimi|Mimikyu-Busted, F, shiny
|-damage|p1a: Mimi|88/100|[from] pokemon: Mimikyu-Busted
|-enditem|p1a: Mimi|Red Card|[of] p2a: Barraskewda
|drag|p2a: Pelipper|Pelipper, F|100/100
|
|-weather|RainDance|[upkeep]
|upkeep
|turn|3
|
|t:|1758946299
|move|p2a: Pelipper|Hurricane|p1a: Mimi
|-damage|p1a: Mimi|48/100
|move|p1a: Mimi|Trick Room|p1a: Mimi
|-fieldstart|move: Trick Room|[of] p1a: Mimi
|
|-weather|RainDance|[upkeep]
|upkeep
|turn|4
|
|t:|1758946318
|switch|p1a: Crashout YN|Ursaluna, F, shiny|100/100
|move|p2a: Pelipper|Knock Off|p1a: Crashout YN
|-damage|p1a: Crashout YN|90/100
|-enditem|p1a: Crashout YN|Flame Orb|[from] move: Knock Off|[of] p2a: Pelipper
|
|-weather|RainDance|[upkeep]
|upkeep
|turn|5
|
|t:|1758946331
|switch|p2a: Iron Treads|Iron Treads|100/100
|move|p1a: Crashout YN|Supercell Slam|p2a: Iron Treads
|-immune|p2a: Iron Treads
|-damage|p1a: Crashout YN|40/100|[from] supercellslam
|
|-weather|RainDance|[upkeep]
|upkeep
|turn|6
|-message|ripwal11 forfeited.
|
|win|mattcoolcat98
|raw|ripwal11's rating: 1632 &rarr; <strong>1607</strong><br />(-25 for losing)
|raw|mattcoolcat98's rating: 1548 &rarr; <strong>1573</strong><br />(+25 for winning)
|l|☆ripwal11
|player|p1|
|l|☆mattcoolcat98
|player|p2|
