|j|‽Choppedcheeseocky
|j|☆kalyeotcho
|t:|1758978701
|gametype|singles
|player|p1|Choppedcheeseocky|169|1385
|player|p2|kalyeotcho|doctor|1440
|gen|9
|tier|[Gen 9] OU
|rated|
|rule|HP Percentage Mod: HP is shown in percentages
|rule|Endless Battle Clause: Forcing endless battles is banned
|rule|Species Clause: Limit one of each Pokémon
|rule|OHKO Clause: OHKO moves are banned
|rule|Evasion Items Clause: Evasion items are banned
|rule|Evasion Moves Clause: Evasion moves are banned
|rule|Evasion Abilities Clause: Evasion abilities are banned
|rule|Sleep Moves Clause: Sleep-inducing moves are banned
|clearpoke
|poke|p1|Azumarill, F|
|poke|p1|Iron Crown|
|poke|p1|Moltres|
|poke|p1|Iron Treads|
|poke|p1|Hoopa-Unbound|
|poke|p1|Hydrapple, F|
|poke|p2|Mimikyu, M|
|poke|p2|Cresselia, F|
|poke|p2|Enamorus-Therian, F|
|poke|p2|Tyranitar, F|
|poke|p2|Kingambit, M|
|poke|p2|Necrozma|
|teampreview
|
|t:|1758978730
|teamsize|p1|6
|teamsize|p2|6
|start
|switch|p1a: Hoopa|Hoopa-Unbound|100/100
|switch|p2a: Necrozma|Necrozma|100/100
|turn|1
|
|t:|1758978738
|move|p1a: Hoopa|Hyperspace Fury|p2a: Necrozma
|-supereffective|p2a: Necrozma
|-damage|p2a: Necrozma|20/100
|-unboost|p1a: Hoopa|def|1
|move|p2a: Necrozma|Trick Room|p2a: Necrozma
|-fieldstart|move: Trick Room|[of] p2a: Necrozma
|
|upkeep
|turn|2
|inactive|Battle timer is ON: inactive players will automatically lose when time's up. (requested by kalyeotcho)
|
|t:|1758978750
|move|p2a: Necrozma|Meteor Beam||[still]
|-prepare|p2a: Necrozma|Meteor Beam
|-boost|p2a: Necrozma|spa|1
|-enditem|p2a: Necrozma|Power Herb
|-anim|p2a: Necrozma|Meteor Beam|p1a: Hoopa|[miss]
|-miss|p2a: Necrozma|p1a: Hoopa
|move|p1a: Hoopa|Drain Punch|p2a: Necrozma
|-resisted|p2a: Necrozma
|-damage|p2a: Necrozma|5/100
|
|upkeep
|turn|3
|
|t:|1758978760
|move|p2a: Necrozma|Heat Wave|p1a: Hoopa
|-crit|p1a: Hoopa
|-damage|p1a: Hoopa|60/100
|move|p1a: Hoopa|Drain Punch|p2a: Necrozma
|-resisted|p2a: Necrozma
|-damage|p2a: Necrozma|0 fnt
|-heal|p1a: Hoopa|63/100|[from] drain|[of] p2a: Necrozma
|faint|p2a: Necrozma
|
|upkeep
|
|t:|1758978782
|switch|p2a: Enamorus|Enamorus-Therian, F|100/100
|turn|4
|
|t:|1758978792
|switch|p1a: Iron Crown|Iron Crown|100/100
|-enditem|p1a: Iron Crown|Booster Energy
|-activate|p1a: Iron Crown|ability: Quark Drive|[fromitem]
|-start|p1a: Iron Crown|quarkdrivespa
|move|p2a: Enamorus|Moonblast|p1a: Iron Crown
|-resisted|p1a: Iron Crown
|-damage|p1a: Iron Crown|70/100
|
|upkeep
|turn|5
|
|t:|1758978797
|move|p2a: Enamorus|Earth Power|p1a: Iron Crown
|-supereffective|p1a: Iron Crown
|-damage|p1a: Iron Crown|0 fnt
|faint|p1a: Iron Crown
|-end|p1a: Iron Crown|Quark Drive|[silent]
|
|-fieldend|move: Trick Room
|upkeep
|
|t:|1758978809
|switch|p1a: Moltres|Moltres|100/100
|turn|6
|
|t:|1758978814
|switch|p2a: Cresselia|Cresselia, F, shiny|100/100
|move|p1a: Moltres|U-turn|p2a: Cresselia
|-supereffective|p2a: Cresselia
|-damage|p2a: Cresselia|83/100
|
|t:|1758978816
|switch|p1a: Hoopa|Hoopa-Unbound|63/100|[from] U-turn
|
|-heal|p2a: Cresselia|89/100|[from] item: Leftovers
|upkeep
|turn|7
|
|t:|1758978823
|move|p1a: Hoopa|Hyperspace Fury|p2a: Cresselia
|-supereffective|p2a: Cresselia
|-damage|p2a: Cresselia|7/100
|-unboost|p1a: Hoopa|def|1
|move|p2a: Cresselia|Trick Room|p2a: Cresselia
|-fieldstart|move: Trick Room|[of] p2a: Cresselia
|
|-heal|p2a: Cresselia|13/100|[from] item: Leftovers
|upkeep
|turn|8
|
|t:|1758978830
|move|p2a: Cresselia|Lunar Dance|p2a: Cresselia
|faint|p2a: Cresselia
|move|p1a: Hoopa|Drain Punch|p2: Cresselia|[notarget]
|-fail|p1a: Hoopa
|
|upkeep
|
|t:|1758978841
|switch|p2a: Amunet|Tyranitar, F, shiny|100/100
|-weather|Sandstorm|[from] ability: Sand Stream|[of] p2a: Amunet
|turn|9
|inactive|Choppedcheeseocky has 120 seconds left.
|
|t:|1758978874
|switch|p1a: Iron Treads|Iron Treads|100/100
|move|p2a: Amunet|Knock Off|p1a: Iron Treads
|-damage|p1a: Iron Treads|52/100
|-enditem|p1a: Iron Treads|Heavy-Duty Boots|[from] move: Knock Off|[of] p2a: Amunet
|-damage|p2a: Amunet|91/100|[from] item: Life Orb
|
|-weather|Sandstorm|[upkeep]
|upkeep
|turn|10
|
|t:|1758978879
|move|p2a: Amunet|Low Kick|p1a: Iron Treads
|-supereffective|p1a: Iron Treads
|-damage|p1a: Iron Treads|0 fnt
|faint|p1a: Iron Treads
|-end|p1a: Iron Treads|Quark Drive|[silent]
|-damage|p2a: Amunet|81/100|[from] item: Life Orb
|
|-weather|Sandstorm|[upkeep]
|upkeep
|
|t:|1758978881
|switch|p1a: Hydrapple|Hydrapple, F|100/100
|turn|11
|
|t:|1758978886
|move|p2a: Amunet|Ice Beam|p1a: Hydrapple
|-supereffective|p1a: Hydrapple
|-damage|p1a: Hydrapple|0 fnt
|faint|p1a: Hydrapple
|-damage|p2a: Amunet|71/100|[from] item: Life Orb
|
|-weather|Sandstorm|[upkeep]
|-fieldend|move: Trick Room
|upkeep
|
|t:|1758978891
|switch|p1a: Azumarill|Azumarill, F|100/100
|turn|12
|
|t:|1758978896
|move|p1a: Azumarill|Belly Drum|p1a: Azumarill
|-damage|p1a: Azumarill|50/100
|-setboost|p1a: Azumarill|atk|6|[from] move: Belly Drum
|-enditem|p1a: Azumarill|Sitrus Berry|[eat]
|-heal|p1a: Azumarill|75/100|[from] item: Sitrus Berry
|move|p2a: Amunet|Thunderbolt|p1a: Azumarill
|-supereffective|p1a: Azumarill
|-damage|p1a: Azumarill|0 fnt
|faint|p1a: Azumarill
|-damage|p2a: Amunet|61/100|[from] item: Life Orb
|
|-weather|Sandstorm|[upkeep]
|upkeep
|
|t:|1758978901
|switch|p1a: Hoopa|Hoopa-Unbound|63/100
|turn|13
|
|t:|1758978909
|switch|p2a: Grey|Mimikyu, M, shiny|100/100
|move|p1a: Hoopa|Drain Punch|p2a: Grey
|-immune|p2a: Grey
|
|-weather|none
|upkeep
|turn|14
|
|t:|1758978915
|move|p1a: Hoopa|Psychic Noise|p2a: Grey
|-activate|p2a: Grey|ability: Disguise
|-damage|p2a: Grey|100/100
|-start|p2a: Grey|move: Heal Block
|detailschange|p2a: Grey|Mimikyu-Busted, M, shiny
|-damage|p2a: Grey|88/100|[from] pokemon: Mimikyu-Busted
|-enditem|p2a: Grey|Red Card|[of] p1a: Hoopa
|drag|p1a: Moltres|Moltres|100/100
|move|p2a: Grey|Trick Room|p2a: Grey
|-fieldstart|move: Trick Room|[of] p2a: Grey
|
|upkeep
|turn|15
|
|t:|1758978921
|move|p2a: Grey|Curse|p1a: Moltres
|-start|p1a: Moltres|Curse|[of] p2a: Grey
|-damage|p2a: Grey|38/100
|move|p1a: Moltres|Flamethrower|p2a: Grey
|-damage|p2a: Grey|0 fnt
|faint|p2a: Grey
|
|-damage|p1a: Moltres|75/100|[from] Curse
|upkeep
|
|t:|1758978931
|switch|p2a: Amunet|Tyranitar, F, shiny|61/100
|-heal|p2a: Amunet|100/100|[from] move: Lunar Dance
|-weather|Sandstorm|[from] ability: Sand Stream|[of] p2a: Amunet
|turn|16
|
|t:|1758978948
|move|p2a: Amunet|Thunderbolt|p1a: Moltres
|-supereffective|p1a: Moltres
|-damage|p1a: Moltres|0 fnt
|faint|p1a: Moltres
|-damage|p2a: Amunet|91/100|[from] item: Life Orb
|
|-weather|Sandstorm|[upkeep]
|upkeep
|
|t:|1758978950
|switch|p1a: Hoopa|Hoopa-Unbound|63/100
|turn|17
|
|t:|1758978954
|move|p2a: Amunet|Low Kick|p1a: Hoopa
|-damage|p1a: Hoopa|0 fnt
|faint|p1a: Hoopa
|-damage|p2a: Amunet|81/100|[from] item: Life Orb
|
|win|kalyeotcho
|raw|Choppedcheeseocky's rating: 1385 &rarr; <strong>1368</strong><br />(-17 for losing)
|raw|kalyeotcho's rating: 1440 &rarr; <strong>1457</strong><br />(+17 for winning)
|l|‽Choppedcheeseocky
|player|p1|
|l|☆kalyeotcho
|player|p2|
