|j|☆rivnarrex2
|j|☆Shibuya Arc
|t:|1758921826
|gametype|singles
|player|p1|rivnarrex2|benga|1548
|player|p2|Shibuya Arc|265|1585
|gen|9
|tier|[Gen 9] OU
|rated|
|rule|HP Percentage Mod: HP is shown in percentages
|rule|Endless Battle Clause: Forcing endless battles is banned
|rule|Species Clause: Limit one of each Pokémon
|rule|OHKO Clause: OHKO moves are banned
|rule|Evasion Items Clause: Evasion items are banned
|rule|Evasion Moves Clause: Evasion moves are banned
|rule|Evasion Abilities Clause: Evasion abilities are banned
|rule|Sleep Moves Clause: Sleep-inducing moves are banned
|clearpoke
|poke|p1|Ursaluna, M|
|poke|p1|Cresselia, F|
|poke|p1|Iron Valiant|
|poke|p1|Hatterene, F|
|poke|p1|Keldeo-Resolute|
|poke|p1|Ogerpon, F|
|poke|p2|Dragapult, F|
|poke|p2|Dragonite, F|
|poke|p2|Ting-Lu|
|poke|p2|Weezing-Galar, F|
|poke|p2|Iron Crown|
|poke|p2|Zapdos|
|teampreview
|inactive|Battle timer is ON: inactive players will automatically lose when time's up. (requested by Shibuya Arc)
|
|t:|1758921844
|teamsize|p1|6
|teamsize|p2|6
|start
|switch|p1a: Ogerpon|Ogerpon, F|100/100
|switch|p2a: Iron Crown|Iron Crown|100/100
|turn|1
|
|t:|1758921854
|switch|p1a: Cresselia|Cresselia, F, shiny|100/100
|move|p2a: Iron Crown|Tachyon Cutter|p1a: Cresselia
|-damage|p1a: Cresselia|79/100
|-damage|p1a: Cresselia|58/100
|-hitcount|p1a: Cresselia|2
|
|upkeep
|turn|2
|
|t:|1758921861
|move|p2a: Iron Crown|Tachyon Cutter|p1a: Cresselia
|-damage|p1a: Cresselia|35/100
|-damage|p1a: Cresselia|11/100
|-hitcount|p1a: Cresselia|2
|move|p1a: Cresselia|Trick Room|p1a: Cresselia
|-fieldstart|move: Trick Room|[of] p1a: Cresselia
|
|upkeep
|turn|3
|
|t:|1758921868
|-end|p2a: Iron Crown|Quark Drive|[silent]
|switch|p2a: Ting-Lu|Ting-Lu|100/100
|-ability|p2a: Ting-Lu|Vessel of Ruin
|move|p1a: Cresselia|Lunar Dance|p1a: Cresselia
|faint|p1a: Cresselia
|
|upkeep
|
|t:|1758921878
|switch|p1a: Keldeo|Keldeo-Resolute|100/100
|turn|4
|
|t:|1758921884
|move|p2a: Ting-Lu|Ruination|p1a: Keldeo
|-damage|p1a: Keldeo|51/100
|-ability|p1a: Keldeo|Justified|boost
|-boost|p1a: Keldeo|atk|1
|move|p1a: Keldeo|Surf|p2a: Ting-Lu
|-supereffective|p2a: Ting-Lu
|-damage|p2a: Ting-Lu|36/100
|
|-heal|p2a: Ting-Lu|42/100|[from] item: Leftovers
|upkeep
|turn|5
|
|t:|1758921893
|switch|p1a: Hatterene|Hatterene, F, shiny|100/100
|move|p2a: Ting-Lu|Ruination|p1a: Hatterene
|-damage|p1a: Hatterene|51/100
|
|-heal|p2a: Ting-Lu|48/100|[from] item: Leftovers
|upkeep
|turn|6
|
|t:|1758921903
|switch|p2a: Iron Crown|Iron Crown|100/100
|move|p1a: Hatterene|Dazzling Gleam|p2a: Iron Crown
|-resisted|p2a: Iron Crown
|-damage|p2a: Iron Crown|76/100
|
|-fieldend|move: Trick Room
|upkeep
|turn|7
|
|t:|1758921913
|switch|p1a: Keldeo|Keldeo-Resolute|51/100
|-heal|p1a: Keldeo|100/100|[from] move: Lunar Dance
|move|p2a: Iron Crown|Tachyon Cutter|p1a: Keldeo
|-resisted|p1a: Keldeo
|-damage|p1a: Keldeo|81/100
|-resisted|p1a: Keldeo
|-damage|p1a: Keldeo|61/100
|-hitcount|p1a: Keldeo|2
|
|upkeep
|turn|8
|
|t:|1758921924
|-end|p2a: Iron Crown|Quark Drive|[silent]
|switch|p2a: Dragonite|Dragonite, F|100/100
|move|p1a: Keldeo|Flip Turn|p2a: Dragonite
|-resisted|p2a: Dragonite
|-damage|p2a: Dragonite|97/100
|
|t:|1758921935
|switch|p1a: Ursaluna|Ursaluna, M, shiny|100/100|[from] Flip Turn
|
|-status|p1a: Ursaluna|brn|[from] item: Flame Orb
|upkeep
|turn|9
|
|t:|1758921940
|move|p2a: Dragonite|Earthquake|p1a: Ursaluna
|-damage|p1a: Ursaluna|75/100 brn
|move|p1a: Ursaluna|Facade|p2a: Dragonite
|-damage|p2a: Dragonite|0 fnt
|faint|p2a: Dragonite
|
|-damage|p1a: Ursaluna|69/100 brn|[from] brn
|upkeep
|
|t:|1758921954
|switch|p2a: Iron Crown|Iron Crown|76/100
|turn|10
|
|t:|1758921960
|switch|p1a: Keldeo|Keldeo-Resolute|61/100
|move|p2a: Iron Crown|Tachyon Cutter|p1a: Keldeo
|-resisted|p1a: Keldeo
|-damage|p1a: Keldeo|40/100
|-resisted|p1a: Keldeo
|-damage|p1a: Keldeo|18/100
|-hitcount|p1a: Keldeo|2
|
|upkeep
|turn|11
|
|t:|1758921970
|move|p2a: Iron Crown|Tachyon Cutter|p1a: Keldeo
|-resisted|p1a: Keldeo
|-damage|p1a: Keldeo|0 fnt
|faint|p1a: Keldeo
|-hitcount|p1: Keldeo|1
|
|upkeep
|
|t:|1758921987
|switch|p1a: Ogerpon|Ogerpon, F|100/100
|turn|12
|
|t:|1758921992
|-end|p2a: Iron Crown|Quark Drive|[silent]
|switch|p2a: Zapdos|Zapdos|100/100
|-terastallize|p1a: Ogerpon|Grass
|detailschange|p1a: Ogerpon|Ogerpon-Teal-Tera, F, tera:Grass
|-ability|p1a: Ogerpon|Embody Aspect (Teal)|boost
|-boost|p1a: Ogerpon|spe|1
|move|p1a: Ogerpon|Knock Off|p2a: Zapdos
|-damage|p2a: Zapdos|42/100
|-enditem|p2a: Zapdos|Heavy-Duty Boots|[from] move: Knock Off|[of] p1a: Ogerpon
|
|upkeep
|turn|13
|
|t:|1758921998
|switch|p1a: Ursaluna|Ursaluna, M, shiny|69/100 brn
|move|p2a: Zapdos|Roost|p2a: Zapdos
|-heal|p2a: Zapdos|92/100
|-singleturn|p2a: Zapdos|move: Roost
|
|-damage|p1a: Ursaluna|62/100 brn|[from] brn
|upkeep
|turn|14
|
|t:|1758922007
|move|p2a: Zapdos|Hurricane|p1a: Ursaluna|[miss]
|-miss|p2a: Zapdos|p1a: Ursaluna
|move|p1a: Ursaluna|Headlong Rush|p2a: Zapdos
|-immune|p2a: Zapdos
|
|-damage|p1a: Ursaluna|56/100 brn|[from] brn
|upkeep
|turn|15
|
|t:|1758922012
|switch|p2a: Dragapult|Dragapult, F|100/100
|move|p1a: Ursaluna|Facade|p2a: Dragapult
|-immune|p2a: Dragapult
|
|-damage|p1a: Ursaluna|50/100 brn|[from] brn
|upkeep
|turn|16
|
|t:|1758922018
|switch|p1a: Hatterene|Hatterene, F, shiny|51/100
|move|p2a: Dragapult|U-turn|p1a: Hatterene
|-damage|p1a: Hatterene|27/100
|
|t:|1758922025
|switch|p2a: Zapdos|Zapdos|92/100|[from] U-turn
|
|upkeep
|turn|17
|
|t:|1758922031
|move|p2a: Zapdos|Heat Wave|p1a: Hatterene
|-damage|p1a: Hatterene|0 fnt
|faint|p1a: Hatterene
|
|upkeep
|
|t:|1758922035
|switch|p1a: Iron Valiant|Iron Valiant|100/100
|-enditem|p1a: Iron Valiant|Booster Energy
|-activate|p1a: Iron Valiant|ability: Quark Drive|[fromitem]
|-start|p1a: Iron Valiant|quarkdrivespe
|turn|18
|
|t:|1758922041
|move|p1a: Iron Valiant|Destiny Bond|p1a: Iron Valiant
|-singlemove|p1a: Iron Valiant|Destiny Bond
|move|p2a: Zapdos|Hurricane|p1a: Iron Valiant|[miss]
|-miss|p2a: Zapdos|p1a: Iron Valiant
|
|upkeep
|turn|19
|
|t:|1758922047
|move|p1a: Iron Valiant|Encore|p2a: Zapdos
|-start|p2a: Zapdos|Encore
|move|p2a: Zapdos|Hurricane|p1a: Iron Valiant
|-supereffective|p1a: Iron Valiant
|-damage|p1a: Iron Valiant|0 fnt
|faint|p1a: Iron Valiant
|-end|p1a: Iron Valiant|Quark Drive|[silent]
|
|upkeep
|-message|rivnarrex2 forfeited.
|
|win|Shibuya Arc
|raw|rivnarrex2's rating: 1548 &rarr; <strong>1530</strong><br />(-18 for losing)
|raw|Shibuya Arc's rating: 1585 &rarr; <strong>1603</strong><br />(+18 for winning)
