|j|☆rmcarmicheal
|j|☆Wowbigsmall
|t:|1758966797
|gametype|singles
|player|p1|rmcarmicheal|2|1511
|player|p2|Wowbigsmall|1|1512
|gen|9
|tier|[Gen 9] OU
|rated|
|rule|HP Percentage Mod: HP is shown in percentages
|rule|Endless Battle Clause: Forcing endless battles is banned
|rule|Species Clause: Limit one of each Pokémon
|rule|OHKO Clause: OHKO moves are banned
|rule|Evasion Items Clause: Evasion items are banned
|rule|Evasion Moves Clause: Evasion moves are banned
|rule|Evasion Abilities Clause: Evasion abilities are banned
|rule|Sleep Moves Clause: Sleep-inducing moves are banned
|clearpoke
|poke|p1|Ditto|
|poke|p1|Gliscor, M|
|poke|p1|Blissey, F|
|poke|p1|Toxapex, M|
|poke|p1|Cinderace, M|
|poke|p1|Gholdengo|
|poke|p2|Hoopa-Unbound|
|poke|p2|Enamorus, F|
|poke|p2|Garchomp, F|
|poke|p2|Pecharunt|
|poke|p2|Hatterene, F|
|poke|p2|Kingambit, M|
|teampreview
|
|t:|1758966811
|teamsize|p1|6
|teamsize|p2|6
|start
|switch|p1a: Cinderace|Cinderace, M|100/100
|switch|p2a: Hoopa|Hoopa-Unbound|100/100
|turn|1
|
|t:|1758966813
|switch|p2a: Garchomp|Garchomp, F|100/100
|move|p1a: Cinderace|Pyro Ball|p2a: Garchomp
|-resisted|p2a: Garchomp
|-damage|p2a: Garchomp|83/100
|
|upkeep
|turn|2
|inactive|Battle timer is ON: inactive players will automatically lose when time's up. (requested by rmcarmicheal)
|
|t:|1758966824
|switch|p1a: Gliscor|Gliscor, M|100/100
|move|p2a: Garchomp|Dragon Tail|p1a: Gliscor
|-damage|p1a: Gliscor|82/100
|drag|p1a: Cinderace|Cinderace, M|100/100
|
|upkeep
|turn|3
|
|t:|1758966850
|move|p1a: Cinderace|Will-O-Wisp|p2a: Garchomp|[miss]
|-miss|p1a: Cinderace|p2a: Garchomp
|move|p2a: Garchomp|Dragon Tail|p1a: Cinderace
|-damage|p1a: Cinderace|65/100
|drag|p1a: Gliscor|Gliscor, M|82/100
|
|-status|p1a: Gliscor|tox|[from] item: Toxic Orb
|upkeep
|turn|4
|
|t:|1758966861
|switch|p2a: Hatterene|Hatterene, F|100/100
|move|p1a: Gliscor|Toxic|p2a: Hatterene
|move|p2a: Hatterene|Toxic|p1a: Gliscor|[from] ability: Magic Bounce
|-fail|p1a: Gliscor|tox
|
|-heal|p1a: Gliscor|94/100 tox|[from] ability: Poison Heal
|upkeep
|turn|5
|
|t:|1758966869
|switch|p1a: Gholdengo|Gholdengo|100/100
|switch|p2a: Enamorus|Enamorus, F|100/100
|
|upkeep
|turn|6
|
|t:|1758966875
|switch|p2a: Kingambit|Kingambit, M|100/100
|move|p1a: Gholdengo|Make It Rain|p2a: Kingambit
|-resisted|p2a: Kingambit
|-damage|p2a: Kingambit|63/100
|-unboost|p1a: Gholdengo|spa|1
|
|upkeep
|turn|7
|
|t:|1758966890
|switch|p1a: Toxapex|Toxapex, M|100/100
|-end|p2a: Kingambit|fallenundefined|[silent]
|switch|p2a: Hoopa|Hoopa-Unbound|100/100
|
|upkeep
|turn|8
|
|t:|1758966900
|-terastallize|p2a: Hoopa|Dark
|move|p2a: Hoopa|Hyperspace Fury|p1a: Toxapex
|-damage|p1a: Toxapex|23/100
|-unboost|p2a: Hoopa|def|1
|move|p1a: Toxapex|Toxic|p2a: Hoopa
|-status|p2a: Hoopa|tox
|
|-damage|p2a: Hoopa|95/100 tox|[from] psn
|upkeep
|turn|9
|
|t:|1758966910
|switch|p1a: Gliscor|Gliscor, M|94/100 tox
|move|p2a: Hoopa|Hyperspace Fury|p1a: Gliscor
|-damage|p1a: Gliscor|4/100 tox
|-unboost|p2a: Hoopa|def|1
|
|-heal|p1a: Gliscor|17/100 tox|[from] ability: Poison Heal
|-damage|p2a: Hoopa|83/100 tox|[from] psn
|upkeep
|turn|10
|
|t:|1758966915
|switch|p1a: Ditto|Ditto|100/100
|-transform|p1a: Ditto|p2a: Hoopa|[from] ability: Imposter
|move|p2a: Hoopa|Hyperspace Fury|p1a: Ditto
|-damage|p1a: Ditto|0 fnt
|-unboost|p2a: Hoopa|def|1
|faint|p1a: Ditto
|
|-damage|p2a: Hoopa|65/100 tox|[from] psn
|upkeep
|l|☆rmcarmicheal
|inactive|rmcarmicheal disconnected and has a minute to reconnect!
|player|p1|
|inactive|rmcarmicheal has 30 seconds to reconnect!
|inactive|rmcarmicheal has 20 seconds to reconnect!
|inactive|rmcarmicheal has 15 seconds to reconnect!
|inactive|rmcarmicheal has 10 seconds to reconnect!
|inactive|rmcarmicheal has 5 seconds to reconnect!
|-message|rmcarmicheal lost due to inactivity.
|
|win|Wowbigsmall
|raw|rmcarmicheal's rating: 1511 &rarr; <strong>1491</strong><br />(-20 for losing)
|raw|Wowbigsmall's rating: 1512 &rarr; <strong>1532</strong><br />(+20 for winning)
|l|☆Wowbigsmall
|player|p2|
