|j|☆Soft Wock
|j|☆Attackthegoat
|t:|1759034514
|gametype|singles
|player|p1|Soft Wock|picnicker|1316
|player|p2|Attackthegoat|170|1270
|gen|9
|tier|[Gen 9] OU
|rated|
|rule|HP Percentage Mod: HP is shown in percentages
|rule|Endless Battle Clause: Forcing endless battles is banned
|rule|Species Clause: Limit one of each Pokémon
|rule|OHKO Clause: OHKO moves are banned
|rule|Evasion Items Clause: Evasion items are banned
|rule|Evasion Moves Clause: Evasion moves are banned
|rule|Evasion Abilities Clause: Evasion abilities are banned
|rule|Sleep Moves Clause: Sleep-inducing moves are banned
|clearpoke
|poke|p1|Zapdos|
|poke|p1|Pelipper, F|
|poke|p1|Maushold|
|poke|p1|Greninja-*, M|
|poke|p1|Barraskewda, M|
|poke|p1|Dragapult, F|
|poke|p2|Dragonite, F|
|poke|p2|Great Tusk|
|poke|p2|Ceruledge, F|
|poke|p2|Goodra, F|
|poke|p2|Quaquaval, M|
|poke|p2|Galvantula, F|
|teampreview
|inactive|Battle timer is ON: inactive players will automatically lose when time's up. (requested by Soft Wock)
|
|t:|1759034532
|teamsize|p1|6
|teamsize|p2|6
|start
|switch|p1a: Maushold|Maushold|100/100
|switch|p2a: Quaquaval|Quaquaval, M|100/100
|turn|1
|
|t:|1759034551
|move|p1a: Maushold|Population Bomb|p2a: Quaquaval
|-damage|p2a: Quaquaval|86/100
|-damage|p2a: Quaquaval|71/100
|-damage|p2a: Quaquaval|56/100
|-damage|p2a: Quaquaval|41/100
|-damage|p2a: Quaquaval|27/100
|-crit|p2a: Quaquaval
|-damage|p2a: Quaquaval|6/100
|-damage|p2a: Quaquaval|0 fnt
|faint|p2a: Quaquaval
|-hitcount|p2: Quaquaval|7
|
|upkeep
|
|t:|1759034558
|switch|p2a: Ceruledge|Ceruledge, F|100/100
|turn|2
|
|t:|1759034566
|move|p1a: Maushold|Tidy Up|p1a: Maushold
|-boost|p1a: Maushold|atk|1
|-boost|p1a: Maushold|spe|1
|move|p2a: Ceruledge|Iron Defense|p2a: Ceruledge
|-boost|p2a: Ceruledge|def|2
|
|upkeep
|turn|3
|
|t:|1759034572
|move|p1a: Maushold|Encore|p2a: Ceruledge
|-start|p2a: Ceruledge|Encore
|move|p2a: Ceruledge|Iron Defense|p2a: Ceruledge
|-boost|p2a: Ceruledge|def|2
|
|upkeep
|turn|4
|
|t:|1759034577
|switch|p2a: Great Tusk|Great Tusk|100/100
|-enditem|p2a: Great Tusk|Booster Energy
|-activate|p2a: Great Tusk|ability: Protosynthesis|[fromitem]
|-start|p2a: Great Tusk|protosynthesisatk
|move|p1a: Maushold|Tidy Up|p1a: Maushold
|-boost|p1a: Maushold|atk|1
|-boost|p1a: Maushold|spe|1
|
|upkeep
|turn|5
|
|t:|1759034592
|move|p1a: Maushold|Population Bomb|p2a: Great Tusk
|-crit|p2a: Great Tusk
|-damage|p2a: Great Tusk|81/100
|-damage|p2a: Great Tusk|67/100
|-damage|p2a: Great Tusk|53/100
|-damage|p2a: Great Tusk|41/100
|-damage|p2a: Great Tusk|28/100
|-damage|p2a: Great Tusk|15/100
|-damage|p2a: Great Tusk|2/100
|-damage|p2a: Great Tusk|0 fnt
|faint|p2a: Great Tusk
|-end|p2a: Great Tusk|Protosynthesis|[silent]
|-hitcount|p2: Great Tusk|8
|
|upkeep
|
|t:|1759034596
|switch|p2a: Ceruledge|Ceruledge, F|100/100
|turn|6
|
|t:|1759034598
|move|p1a: Maushold|Bite|p2a: Ceruledge
|-supereffective|p2a: Ceruledge
|-damage|p2a: Ceruledge|0 fnt
|faint|p2a: Ceruledge
|
|upkeep
|
|t:|1759034602
|switch|p2a: Goodra|Goodra, F|100/100
|turn|7
|
|t:|1759034609
|move|p1a: Maushold|Population Bomb|p2a: Goodra
|-damage|p2a: Goodra|72/100
|-ability|p2a: Goodra|Gooey
|-unboost|p1a: Maushold|spe|1
|-damage|p2a: Goodra|39/100
|-ability|p2a: Goodra|Gooey
|-unboost|p1a: Maushold|spe|1
|-damage|p2a: Goodra|8/100
|-ability|p2a: Goodra|Gooey
|-unboost|p1a: Maushold|spe|1
|-damage|p2a: Goodra|0 fnt
|-ability|p2a: Goodra|Gooey
|-unboost|p1a: Maushold|spe|1
|faint|p2a: Goodra
|-hitcount|p2: Goodra|4
|
|upkeep
|
|t:|1759034632
|switch|p2a: Dragonite|Dragonite, F|100/100
|turn|8
|
|t:|1759034636
|move|p2a: Dragonite|Dragon Claw|p1a: Maushold
|-damage|p1a: Maushold|20/100
|move|p1a: Maushold|Population Bomb|p2a: Dragonite
|-damage|p2a: Dragonite|90/100
|-damage|p2a: Dragonite|70/100
|-damage|p2a: Dragonite|49/100
|-damage|p2a: Dragonite|30/100
|-damage|p2a: Dragonite|11/100
|-damage|p2a: Dragonite|0 fnt
|faint|p2a: Dragonite
|-hitcount|p2: Dragonite|6
|
|upkeep
|
|t:|1759034639
|switch|p2a: Galvantula|Galvantula, F|100/100
|turn|9
|
|t:|1759034641
|move|p2a: Galvantula|Thunder|p1a: Maushold
|-damage|p1a: Maushold|0 fnt
|faint|p1a: Maushold
|
|upkeep
|
|t:|1759034647
|switch|p1a: Dragapult|Dragapult, F|100/100
|turn|10
|
|t:|1759034657
|-terastallize|p2a: Galvantula|Grass
|move|p1a: Dragapult|Dragon Darts|p2a: Galvantula
|-damage|p2a: Galvantula|51/100
|-anim|p1a: Dragapult|Dragon Darts|p2a: Galvantula
|-damage|p2a: Galvantula|6/100
|-damage|p1a: Dragapult|91/100|[from] item: Life Orb
|move|p2a: Galvantula|Thunder|p1a: Dragapult
|-resisted|p1a: Dragapult
|-damage|p1a: Dragapult|57/100
|-status|p1a: Dragapult|par
|
|upkeep
|turn|11
|
|t:|1759034664
|move|p2a: Galvantula|Sticky Web|p1a: Dragapult
|-sidestart|p1: Soft Wock|move: Sticky Web
|move|p1a: Dragapult|Dragon Darts|p2a: Galvantula
|-damage|p2a: Galvantula|0 fnt
|faint|p2a: Galvantula
|-damage|p1a: Dragapult|47/100 par|[from] item: Life Orb
|
|win|Soft Wock
|raw|Soft Wock's rating: 1316 &rarr; <strong>1333</strong><br />(+17 for winning)
|raw|Attackthegoat's rating: 1270 &rarr; <strong>1248</strong><br />(-22 for losing)
|l|☆Attackthegoat
|player|p2|
|l|☆Soft Wock
|player|p1|
