|j|☆XxHighSoulxX
|j|☆potato123pkm
|t:|1759011066
|gametype|singles
|player|p1|XxHighSoulxX|shadowtriad|1063
|player|p2|potato123pkm|red|1066
|gen|9
|tier|[Gen 9] OU
|rated|
|rule|HP Percentage Mod: HP is shown in percentages
|rule|Endless Battle Clause: Forcing endless battles is banned
|rule|Species Clause: Limit one of each Pokémon
|rule|OHKO Clause: OHKO moves are banned
|rule|Evasion Items Clause: Evasion items are banned
|rule|Evasion Moves Clause: Evasion moves are banned
|rule|Evasion Abilities Clause: Evasion abilities are banned
|rule|Sleep Moves Clause: Sleep-inducing moves are banned
|clearpoke
|poke|p1|Dusclops, F|
|poke|p1|Scizor, F|
|poke|p1|Smeargle, M|
|poke|p1|Zarude|
|poke|p1|Minior|
|poke|p1|Quaquaval, F|
|poke|p2|Pikachu-Kalos, M|
|poke|p2|Greninja-*, M|
|poke|p2|Talonflame, M|
|poke|p2|Hawlucha, M|
|poke|p2|Noivern, M|
|poke|p2|Goodra, M|
|teampreview
|inactive|Battle timer is ON: inactive players will automatically lose when time's up. (requested by potato123pkm)
|
|t:|1759011075
|teamsize|p1|6
|teamsize|p2|6
|start
|switch|p1a: Smeargle|Smeargle, M, shiny|100/100
|switch|p2a: Pikachu|Pikachu-Kalos, M|100/100
|turn|1
|
|t:|1759011084
|move|p2a: Pikachu|Surf|p1a: Smeargle
|-damage|p1a: Smeargle|49/100
|move|p1a: Smeargle|Sticky Web|p2a: Pikachu
|-sidestart|p2: potato123pkm|move: Sticky Web
|
|upkeep
|turn|2
|
|t:|1759011090
|move|p2a: Pikachu|Surf|p1a: Smeargle
|-damage|p1a: Smeargle|0 fnt
|faint|p1a: Smeargle
|
|upkeep
|
|t:|1759011100
|switch|p1a: Zarude|Zarude|100/100
|turn|3
|
|t:|1759011107
|move|p1a: Zarude|Knock Off|p2a: Pikachu
|-damage|p2a: Pikachu|0 fnt
|-enditem|p2a: Pikachu|Light Ball|[from] move: Knock Off|[of] p1a: Zarude
|faint|p2a: Pikachu
|
|upkeep
|
|t:|1759011116
|switch|p2a: Talonflame|Talonflame, M|100/100
|turn|4
|
|t:|1759011119
|-terastallize|p1a: Zarude|Dark
|move|p2a: Talonflame|Defog|p1a: Zarude
|-unboost|p1a: Zarude|evasion|1
|-sideend|p2: potato123pkm|Sticky Web|[from] move: Defog|[of] p2a: Talonflame
|move|p1a: Zarude|Knock Off|p2a: Talonflame
|-damage|p2a: Talonflame|0 fnt
|-enditem|p2a: Talonflame|Heavy-Duty Boots|[from] move: Knock Off|[of] p1a: Zarude
|faint|p2a: Talonflame
|
|upkeep
|
|t:|1759011130
|switch|p2a: Hawlucha|Hawlucha, M|100/100
|turn|5
|l|☆potato123pkm
|inactive|potato123pkm disconnected and has a minute to reconnect!
|player|p2|
|j|☆potato123pkm
|inactive|potato123pkm reconnected and has 140 seconds left.
|player|p2|potato123pkm|red|
|
|t:|1759011145
|switch|p1a: Dusclops|Dusclops, F, shiny|100/100
|-item|p2a: Hawlucha|White Herb|[from] ability: Frisk|[of] p1a: Dusclops
|move|p2a: Hawlucha|Close Combat|p1a: Dusclops
|-immune|p1a: Dusclops
|
|upkeep
|turn|6
|inactive|XxHighSoulxX has 120 seconds left.
|
|t:|1759011183
|move|p2a: Hawlucha|Taunt|p1a: Dusclops
|-start|p1a: Dusclops|move: Taunt
|cant|p1a: Dusclops|move: Taunt|Will-O-Wisp
|
|upkeep
|turn|7
|inactive|XxHighSoulxX has 120 seconds left.
|
|t:|1759011197
|move|p2a: Hawlucha|Swords Dance|p2a: Hawlucha
|-boost|p2a: Hawlucha|atk|2
|move|p1a: Dusclops|Night Shade|p2a: Hawlucha
|-damage|p2a: Hawlucha|70/100
|
|upkeep
|turn|8
|inactive|XxHighSoulxX has 120 seconds left.
|
|t:|1759011210
|move|p2a: Hawlucha|Acrobatics|p1a: Dusclops
|-damage|p1a: Dusclops|70/100
|move|p1a: Dusclops|Night Shade|p2a: Hawlucha
|-damage|p2a: Hawlucha|40/100
|
|-end|p1a: Dusclops|move: Taunt
|upkeep
|turn|9
|inactive|XxHighSoulxX has 120 seconds left.
|
|t:|1759011220
|switch|p2a: Goodra|Goodra, M|100/100
|move|p1a: Dusclops|Night Shade|p2a: Goodra
|-damage|p2a: Goodra|69/100
|
|upkeep
|turn|10
|l|☆potato123pkm
|inactive|potato123pkm disconnected and has a minute to reconnect!
|player|p2|
|j|☆potato123pkm
|inactive|potato123pkm reconnected and has 130 seconds left.
|player|p2|potato123pkm|red|
|
|t:|1759011248
|move|p2a: Goodra|Knock Off|p1a: Dusclops
|-supereffective|p1a: Dusclops
|-damage|p1a: Dusclops|46/100
|-enditem|p1a: Dusclops|Eviolite|[from] move: Knock Off|[of] p2a: Goodra
|move|p1a: Dusclops|Leech Life|p2a: Goodra
|-damage|p2a: Goodra|45/100
|-heal|p1a: Dusclops|59/100|[from] drain|[of] p2a: Goodra
|
|upkeep
|turn|11
|inactive|XxHighSoulxX has 120 seconds left.
|
|t:|1759011267
|move|p2a: Goodra|Knock Off|p1a: Dusclops
|-supereffective|p1a: Dusclops
|-damage|p1a: Dusclops|37/100
|move|p1a: Dusclops|Will-O-Wisp|p2a: Goodra
|-status|p2a: Goodra|brn
|
|-damage|p2a: Goodra|39/100 brn|[from] brn
|upkeep
|turn|12
|inactive|XxHighSoulxX has 120 seconds left.
|
|t:|1759011282
|move|p2a: Goodra|Draco Meteor|p1a: Dusclops
|-damage|p1a: Dusclops|0 fnt
|-unboost|p2a: Goodra|spa|2
|faint|p1a: Dusclops
|
|-damage|p2a: Goodra|33/100 brn|[from] brn
|upkeep
|inactive|XxHighSoulxX has 120 seconds left.
|
|t:|1759011287
|switch|p1a: Zarude|Zarude, tera:Dark|100/100
|turn|13
|
|t:|1759011295
|move|p1a: Zarude|U-turn|p2a: Goodra
|-damage|p2a: Goodra|0 fnt
|faint|p2a: Goodra
|inactive|XxHighSoulxX has 120 seconds left.
|
|t:|1759011331
|switch|p1a: Scizor|Scizor, F, shiny|100/100|[from] U-turn
|
|upkeep
|
|t:|1759011340
|switch|p2a: Greninja|Greninja, M|100/100
|turn|14
|
|t:|1759011348
|move|p2a: Greninja|Water Shuriken|p1a: Scizor
|-damage|p1a: Scizor|91/100
|-damage|p1a: Scizor|82/100
|-hitcount|p1a: Scizor|2
|-damage|p2a: Greninja|91/100|[from] item: Life Orb
|move|p1a: Scizor|Swords Dance|p1a: Scizor
|-boost|p1a: Scizor|atk|2
|
|upkeep
|turn|15
|
|t:|1759011357
|move|p2a: Greninja|Water Shuriken|p1a: Scizor
|-damage|p1a: Scizor|73/100
|-damage|p1a: Scizor|62/100
|-damage|p1a: Scizor|53/100
|-damage|p1a: Scizor|44/100
|-hitcount|p1a: Scizor|4
|-damage|p2a: Greninja|81/100|[from] item: Life Orb
|move|p1a: Scizor|Bug Bite|p2a: Greninja
|-supereffective|p2a: Greninja
|-damage|p2a: Greninja|0 fnt
|faint|p2a: Greninja
|-damage|p1a: Scizor|35/100|[from] item: Life Orb
|
|upkeep
|
|t:|1759011365
|switch|p2a: Hawlucha|Hawlucha, M|40/100
|turn|16
|
|t:|1759011367
|move|p1a: Scizor|Bullet Punch|p2a: Hawlucha
|-damage|p2a: Hawlucha|0 fnt
|faint|p2a: Hawlucha
|-damage|p1a: Scizor|25/100|[from] item: Life Orb
|
|upkeep
|
|t:|1759011370
|switch|p2a: Noivern|Noivern, M|100/100
|turn|17
|
|t:|1759011372
|move|p1a: Scizor|Bullet Punch|p2a: Noivern
|-damage|p2a: Noivern|0 fnt
|faint|p2a: Noivern
|-damage|p1a: Scizor|15/100|[from] item: Life Orb
|
|win|XxHighSoulxX
|raw|XxHighSoulxX's rating: 1063 &rarr; <strong>1094</strong><br />(+31 for winning)
|raw|potato123pkm's rating: 1066 &rarr; <strong>1046</strong><br />(-20 for losing)
|l|☆XxHighSoulxX
|player|p1|
|l|☆potato123pkm
|player|p2|
