|badge|p2|bronze|gen9ou|100-6
|html|<div class="broadcast-red"><strong>This battle is required to be public due to one or more player having a season medal.</strong><br />During the public phase, you can discuss the state of the ladder <a href="/seasondiscussion">in a special chatroom.</a></div>
|uhtml|medal-msg|<div class="broadcast-blue">Curious what those medals under the avatar are? PS now has Ladder Seasons! For more information, check out the <a href="https://www.smogon.com/forums/threads/3740067/">thread on Smogon.</a></div>
|raw|<div class="broadcast-blue"><strong>This battle is required to be public due to a player having a name starting with 'medal'.</div>
|j|☆trunksdelfuturoo
|j|☆pavijo28
|t:|1758962095
|gametype|singles
|player|p1|trunksdelfuturoo|101|1756
|player|p2|pavijo28|266|1876
|gen|9
|tier|[Gen 9] OU
|rated|
|rule|HP Percentage Mod: HP is shown in percentages
|rule|Endless Battle Clause: Forcing endless battles is banned
|rule|Species Clause: Limit one of each Pokémon
|rule|OHKO Clause: OHKO moves are banned
|rule|Evasion Items Clause: Evasion items are banned
|rule|Evasion Moves Clause: Evasion moves are banned
|rule|Evasion Abilities Clause: Evasion abilities are banned
|rule|Sleep Moves Clause: Sleep-inducing moves are banned
|clearpoke
|poke|p1|Samurott-Hisui, M|
|poke|p1|Zamazenta-*|
|poke|p1|Glimmora, M|
|poke|p1|Dragapult, F|
|poke|p1|Raging Bolt|
|poke|p1|Blissey, F|
|poke|p2|Ursaluna, M|
|poke|p2|Hatterene, F|
|poke|p2|Enamorus-Therian, F|
|poke|p2|Slowking-Galar, M|
|poke|p2|Cresselia, F|
|poke|p2|Volcanion|
|teampreview
|inactive|Battle timer is ON: inactive players will automatically lose when time's up. (requested by trunksdelfuturoo)
|
|t:|1758962112
|teamsize|p1|6
|teamsize|p2|6
|start
|switch|p1a: Itkovian|Glimmora, M, shiny|100/100
|switch|p2a: Enamorus|Enamorus-Therian, F|100/100
|turn|1
|
|t:|1758962126
|switch|p2a: Slowking|Slowking-Galar, M|100/100
|move|p1a: Itkovian|Substitute|p1a: Itkovian
|-start|p1a: Itkovian|Substitute
|-damage|p1a: Itkovian|76/100
|
|upkeep
|turn|2
|
|t:|1758962133
|move|p1a: Itkovian|Meteor Beam||[still]
|-prepare|p1a: Itkovian|Meteor Beam
|-boost|p1a: Itkovian|spa|1
|-enditem|p1a: Itkovian|Power Herb
|-anim|p1a: Itkovian|Meteor Beam|p2a: Slowking
|-damage|p2a: Slowking|23/100
|move|p2a: Slowking|Trick Room|p2a: Slowking
|-fieldstart|move: Trick Room|[of] p2a: Slowking
|
|upkeep
|turn|3
|
|t:|1758962139
|move|p2a: Slowking|Psychic|p1a: Itkovian
|-supereffective|p1a: Itkovian
|-end|p1a: Itkovian|Substitute
|move|p1a: Itkovian|Sludge Bomb|p2a: Slowking
|-resisted|p2a: Slowking
|-damage|p2a: Slowking|0 fnt
|faint|p2a: Slowking
|
|upkeep
|
|t:|1758962153
|switch|p2a: Ursaluna|Ursaluna, M|100/100
|turn|4
|
|t:|1758962158
|-terastallize|p1a: Itkovian|Grass
|move|p2a: Ursaluna|Headlong Rush|p1a: Itkovian
|-resisted|p1a: Itkovian
|-damage|p1a: Itkovian|42/100
|-unboost|p2a: Ursaluna|def|1
|-unboost|p2a: Ursaluna|spd|1
|-activate|p1a: Itkovian|ability: Toxic Debris
|-sidestart|p2: pavijo28|move: Toxic Spikes
|move|p1a: Itkovian|Earth Power|p2a: Ursaluna
|-damage|p2a: Ursaluna|21/100
|
|-status|p2a: Ursaluna|brn|[from] item: Flame Orb
|upkeep
|turn|5
|
|t:|1758962170
|switch|p1a: Gesler|Zamazenta|100/100
|-ability|p1a: Gesler|Dauntless Shield|boost
|-boost|p1a: Gesler|def|1
|move|p2a: Ursaluna|Fire Punch|p1a: Gesler
|-damage|p1a: Gesler|82/100
|
|-heal|p1a: Gesler|88/100|[from] item: Leftovers
|-damage|p2a: Ursaluna|15/100 brn|[from] brn
|upkeep
|turn|6
|j| larp legion
|
|t:|1758962178
|switch|p2a: Hatterene|Hatterene, F|100/100
|-status|p2a: Hatterene|psn
|switch|p1a: Toc|Samurott-Hisui, M|100/100
|
|-damage|p2a: Hatterene|88/100 psn|[from] psn
|-fieldend|move: Trick Room
|upkeep
|turn|7
|
|t:|1758962182
|move|p1a: Toc|Aqua Cutter|p2a: Hatterene
|-damage|p2a: Hatterene|27/100 psn
|move|p2a: Hatterene|Trick Room|p2a: Hatterene
|-fieldstart|move: Trick Room|[of] p2a: Hatterene
|
|-damage|p2a: Hatterene|14/100 psn|[from] psn
|upkeep
|turn|8
|
|t:|1758962187
|switch|p1a: Peccado|Blissey, F|100/100
|move|p2a: Hatterene|Healing Wish|p2a: Hatterene
|faint|p2a: Hatterene
|
|upkeep
|
|t:|1758962190
|switch|p2a: Ursaluna|Ursaluna, M|15/100 brn
|-heal|p2a: Ursaluna|100/100|[from] move: Healing Wish
|-status|p2a: Ursaluna|psn
|turn|9
|
|t:|1758962197
|move|p1a: Peccado|Seismic Toss|p2a: Ursaluna
|-damage|p2a: Ursaluna|77/100 psn
|move|p2a: Ursaluna|Facade|p1a: Peccado
|-damage|p1a: Peccado|0 fnt
|faint|p1a: Peccado
|
|-damage|p2a: Ursaluna|64/100 psn|[from] psn
|upkeep
|
|t:|1758962202
|switch|p1a: Gesler|Zamazenta|88/100
|turn|10
|j| dnsksnsjdjd
|
|t:|1758962208
|move|p2a: Ursaluna|Facade|p1a: Gesler
|-damage|p1a: Gesler|15/100
|move|p1a: Gesler|Body Press|p2a: Ursaluna
|-supereffective|p2a: Ursaluna
|-damage|p2a: Ursaluna|0 fnt
|faint|p2a: Ursaluna
|
|-heal|p1a: Gesler|22/100|[from] item: Leftovers
|upkeep
|
|t:|1758962214
|switch|p2a: Enamorus|Enamorus-Therian, F|100/100
|turn|11
|j| ADM02
|
|t:|1758962221
|move|p2a: Enamorus|Moonblast|p1a: Gesler
|-supereffective|p1a: Gesler
|-damage|p1a: Gesler|0 fnt
|faint|p1a: Gesler
|
|-fieldend|move: Trick Room
|upkeep
|
|t:|1758962227
|switch|p1a: Icarium|Raging Bolt|100/100
|turn|12
|
|t:|1758962230
|-terastallize|p2a: Enamorus|Fairy
|move|p1a: Icarium|Thunderbolt|p2a: Enamorus
|-damage|p2a: Enamorus|44/100
|move|p2a: Enamorus|Moonblast|p1a: Icarium
|-supereffective|p1a: Icarium
|-damage|p1a: Icarium|0 fnt
|faint|p1a: Icarium
|-end|p1a: Icarium|Protosynthesis|[silent]
|
|upkeep
|
|t:|1758962233
|switch|p1a: Itkovian|Glimmora, M, shiny, tera:Grass|42/100
|turn|13
|j| wgw2333
|
|t:|1758962243
|switch|p2a: Cresselia|Cresselia, F|100/100
|move|p1a: Itkovian|Sludge Bomb|p2a: Cresselia
|-damage|p2a: Cresselia|68/100
|-status|p2a: Cresselia|psn
|
|-damage|p2a: Cresselia|56/100 psn|[from] psn
|upkeep
|turn|14
|
|t:|1758962249
|move|p1a: Itkovian|Substitute|p1a: Itkovian
|-start|p1a: Itkovian|Substitute
|-damage|p1a: Itkovian|18/100
|move|p2a: Cresselia|Trick Room|p2a: Cresselia
|-fieldstart|move: Trick Room|[of] p2a: Cresselia
|
|-damage|p2a: Cresselia|44/100 psn|[from] psn
|upkeep
|turn|15
|
|t:|1758962252
|move|p2a: Cresselia|Psychic|p1a: Itkovian
|-end|p1a: Itkovian|Substitute
|move|p1a: Itkovian|Substitute|p1a: Itkovian
|-fail|p1a: Itkovian|move: Substitute|[weak]
|
|-damage|p2a: Cresselia|31/100 psn|[from] psn
|upkeep
|turn|16
|
|t:|1758962257
|switch|p1a: Toc|Samurott-Hisui, M|100/100
|move|p2a: Cresselia|Lunar Dance|p2a: Cresselia
|faint|p2a: Cresselia
|
|upkeep
|
|t:|1758962259
|switch|p2a: Enamorus|Enamorus-Therian, F, tera:Fairy|44/100
|-heal|p2a: Enamorus|100/100|[from] move: Lunar Dance
|-status|p2a: Enamorus|psn
|turn|17
|
|t:|1758962268
|move|p1a: Toc|Aqua Jet|p2a: Enamorus
|-damage|p2a: Enamorus|71/100 psn
|move|p2a: Enamorus|Draining Kiss|p1a: Toc
|-supereffective|p1a: Toc
|-damage|p1a: Toc|0 fnt
|-heal|p2a: Enamorus|100/100 psn|[from] drain|[of] p1a: Toc
|faint|p1a: Toc
|
|-damage|p2a: Enamorus|88/100 psn|[from] psn
|upkeep
|
|t:|1758962273
|switch|p1a: Korabas|Dragapult, F|100/100
|turn|18
|
|t:|1758962277
|move|p2a: Enamorus|Draining Kiss|p1a: Korabas
|-supereffective|p1a: Korabas
|-damage|p1a: Korabas|0 fnt
|-heal|p2a: Enamorus|100/100 psn|[from] drain|[of] p1a: Korabas
|faint|p1a: Korabas
|
|-damage|p2a: Enamorus|88/100 psn|[from] psn
|-fieldend|move: Trick Room
|upkeep
|
|t:|1758962279
|switch|p1a: Itkovian|Glimmora, M, shiny, tera:Grass|18/100
|turn|19
|
|t:|1758962281
|move|p1a: Itkovian|Sludge Bomb|p2a: Enamorus
|-supereffective|p2a: Enamorus
|-damage|p2a: Enamorus|0 fnt
|faint|p2a: Enamorus
|
|upkeep
|
|t:|1758962283
|switch|p2a: Volcanion|Volcanion|100/100
|-item|p2a: Volcanion|Air Balloon
|turn|20
|
|t:|1758962286
|move|p2a: Volcanion|Flamethrower|p1a: Itkovian
|-supereffective|p1a: Itkovian
|-damage|p1a: Itkovian|0 fnt
|faint|p1a: Itkovian
|
|win|pavijo28
|raw|trunksdelfuturoo's rating: 1756 &rarr; <strong>1743</strong><br />(-13 for losing)
|raw|pavijo28's rating: 1876 &rarr; <strong>1889</strong><br />(+13 for winning)
|l|☆trunksdelfuturoo
|player|p1|
|l|☆pavijo28
|player|p2|
|j| locked in bro
|l| wgw2333
|l| larp legion
