|j|☆redner bo
|j|☆Charle_phate
|t:|1759035415
|gametype|singles
|player|p1|redner bo|266|1478
|player|p2|Charle_phate|blue|1387
|gen|9
|tier|[Gen 9] OU
|rated|
|rule|HP Percentage Mod: HP is shown in percentages
|rule|Endless Battle Clause: Forcing endless battles is banned
|rule|Species Clause: Limit one of each Pokémon
|rule|OHKO Clause: OHKO moves are banned
|rule|Evasion Items Clause: Evasion items are banned
|rule|Evasion Moves Clause: Evasion moves are banned
|rule|Evasion Abilities Clause: Evasion abilities are banned
|rule|Sleep Moves Clause: Sleep-inducing moves are banned
|clearpoke
|poke|p1|Primarina, M|
|poke|p1|Latios, M|
|poke|p1|Weavile, F|
|poke|p1|Ceruledge, M|
|poke|p1|Corviknight, F|
|poke|p1|Garganacl, F|
|poke|p2|Serperior, F|
|poke|p2|Rotom-Wash|
|poke|p2|Zapdos|
|poke|p2|Heatran, M|
|poke|p2|Clefable, F|
|poke|p2|Landorus-Therian, M|
|teampreview
|inactive|Battle timer is ON: inactive players will automatically lose when time's up. (requested by Charle_phate)
|
|t:|1759035435
|teamsize|p1|6
|teamsize|p2|6
|start
|switch|p1a: Primarina|Primarina, M|100/100
|switch|p2a: Rotom|Rotom-Wash|100/100
|turn|1
|
|t:|1759035440
|move|p2a: Rotom|Thunder Wave|p1a: Primarina
|-status|p1a: Primarina|par
|move|p1a: Primarina|Moonblast|p2a: Rotom
|-damage|p2a: Rotom|6/100
|
|-heal|p2a: Rotom|12/100|[from] item: Leftovers
|upkeep
|turn|2
|
|t:|1759035446
|move|p2a: Rotom|Pain Split|p1a: Primarina
|-sethp|p1a: Primarina|55/100 par|[from] move: Pain Split|[silent]
|-sethp|p2a: Rotom|73/100|[from] move: Pain Split
|cant|p1a: Primarina|par
|
|-heal|p2a: Rotom|79/100|[from] item: Leftovers
|upkeep
|turn|3
|
|t:|1759035457
|move|p2a: Rotom|Charge Beam|p1a: Primarina
|-supereffective|p1a: Primarina
|-damage|p1a: Primarina|14/100 par
|-boost|p2a: Rotom|spa|1
|move|p1a: Primarina|Moonblast|p2a: Rotom
|-damage|p2a: Rotom|0 fnt
|faint|p2a: Rotom
|
|upkeep
|
|t:|1759035462
|switch|p2a: Zapdos|Zapdos|100/100
|turn|4
|
|t:|1759035482
|-terastallize|p1a: Primarina|Ground
|move|p2a: Zapdos|Ancient Power|p1a: Primarina
|-resisted|p1a: Primarina
|-damage|p1a: Primarina|3/100 par
|move|p1a: Primarina|Moonblast|p2a: Zapdos
|-damage|p2a: Zapdos|28/100
|
|-heal|p2a: Zapdos|34/100|[from] item: Leftovers
|upkeep
|turn|5
|
|t:|1759035497
|move|p2a: Zapdos|Roost|p2a: Zapdos
|-heal|p2a: Zapdos|84/100
|-singleturn|p2a: Zapdos|move: Roost
|cant|p1a: Primarina|par
|
|-heal|p2a: Zapdos|90/100|[from] item: Leftovers
|upkeep
|turn|6
|
|t:|1759035503
|move|p2a: Zapdos|Ancient Power|p1a: Primarina
|-resisted|p1a: Primarina
|-damage|p1a: Primarina|0 fnt
|faint|p1a: Primarina
|
|-heal|p2a: Zapdos|96/100|[from] item: Leftovers
|upkeep
|
|t:|1759035508
|switch|p1a: Ceruledge|Ceruledge, M|100/100
|turn|7
|
|t:|1759035516
|move|p1a: Ceruledge|Will-O-Wisp|p2a: Zapdos|[miss]
|-miss|p1a: Ceruledge|p2a: Zapdos
|move|p2a: Zapdos|Discharge|p1a: Ceruledge
|-damage|p1a: Ceruledge|47/100
|-status|p1a: Ceruledge|par
|
|-heal|p2a: Zapdos|100/100|[from] item: Leftovers
|upkeep
|turn|8
|
|t:|1759035528
|move|p2a: Zapdos|Ancient Power|p1a: Ceruledge
|-supereffective|p1a: Ceruledge
|-damage|p1a: Ceruledge|0 fnt
|-boost|p2a: Zapdos|atk|1
|-boost|p2a: Zapdos|def|1
|-boost|p2a: Zapdos|spa|1
|-boost|p2a: Zapdos|spd|1
|-boost|p2a: Zapdos|spe|1
|faint|p1a: Ceruledge
|
|upkeep
|
|t:|1759035533
|switch|p1a: Garganacl|Garganacl, F, shiny|100/100
|turn|9
|
|t:|1759035537
|move|p2a: Zapdos|Discharge|p1a: Garganacl
|-damage|p1a: Garganacl|57/100
|move|p1a: Garganacl|Stealth Rock|p2a: Zapdos
|-sidestart|p2: Charle_phate|move: Stealth Rock
|
|-heal|p1a: Garganacl|64/100|[from] item: Leftovers
|upkeep
|turn|10
|
|t:|1759035544
|move|p2a: Zapdos|Discharge|p1a: Garganacl
|-damage|p1a: Garganacl|19/100
|move|p1a: Garganacl|Salt Cure|p2a: Zapdos
|-supereffective|p2a: Zapdos
|-damage|p2a: Zapdos|82/100
|-start|p2a: Zapdos|Salt Cure
|
|-heal|p2a: Zapdos|88/100|[from] item: Leftovers
|-heal|p1a: Garganacl|25/100|[from] item: Leftovers
|-damage|p2a: Zapdos|75/100|[from] Salt Cure
|upkeep
|turn|11
|
|t:|1759035560
|move|p2a: Zapdos|Discharge|p1a: Garganacl
|-damage|p1a: Garganacl|0 fnt
|faint|p1a: Garganacl
|
|-heal|p2a: Zapdos|82/100|[from] item: Leftovers
|-damage|p2a: Zapdos|69/100|[from] Salt Cure
|upkeep
|
|t:|1759035563
|switch|p1a: Latios|Latios, M|100/100
|turn|12
|
|t:|1759035570
|move|p1a: Latios|Psychic Noise|p2a: Zapdos
|-damage|p2a: Zapdos|45/100
|-start|p2a: Zapdos|move: Heal Block
|move|p2a: Zapdos|Discharge|p1a: Latios
|-resisted|p1a: Latios
|-damage|p1a: Latios|69/100
|-status|p1a: Latios|par
|
|-damage|p2a: Zapdos|32/100|[from] Salt Cure
|upkeep
|turn|13
|
|t:|1759035576
|move|p2a: Zapdos|Ancient Power|p1a: Latios
|-crit|p1a: Latios
|-damage|p1a: Latios|22/100 par
|cant|p1a: Latios|par
|
|-damage|p2a: Zapdos|20/100|[from] Salt Cure
|-end|p2a: Zapdos|move: Heal Block
|upkeep
|turn|14
|
|t:|1759035581
|move|p2a: Zapdos|Ancient Power|p1a: Latios
|-damage|p1a: Latios|0 fnt
|faint|p1a: Latios
|
|-heal|p2a: Zapdos|26/100|[from] item: Leftovers
|-damage|p2a: Zapdos|14/100|[from] Salt Cure
|upkeep
|
|t:|1759035585
|switch|p1a: Weavile|Weavile, F|100/100
|-ability|p1a: Weavile|Pressure
|turn|15
|
|t:|1759035599
|move|p1a: Weavile|Knock Off|p2a: Zapdos
|-damage|p2a: Zapdos|0 fnt
|-status|p1a: Weavile|par|[from] ability: Static|[of] p2a: Zapdos
|-enditem|p2a: Zapdos|Leftovers|[from] move: Knock Off|[of] p1a: Weavile
|faint|p2a: Zapdos
|
|upkeep
|
|t:|1759035603
|switch|p2a: Heatran|Heatran, M|100/100
|-damage|p2a: Heatran|88/100|[from] Stealth Rock
|turn|16
|
|t:|1759035606
|move|p2a: Heatran|Substitute|p2a: Heatran
|-start|p2a: Heatran|Substitute
|-damage|p2a: Heatran|63/100
|move|p1a: Weavile|Low Kick|p2a: Heatran
|-supereffective|p2a: Heatran
|-end|p2a: Heatran|Substitute
|
|-heal|p2a: Heatran|70/100|[from] item: Leftovers
|upkeep
|turn|17
|inactive|Charle_phate has 120 seconds left.
|
|t:|1759035636
|move|p2a: Heatran|Substitute|p2a: Heatran
|-start|p2a: Heatran|Substitute
|-damage|p2a: Heatran|45/100
|move|p1a: Weavile|Low Kick|p2a: Heatran
|-supereffective|p2a: Heatran
|-end|p2a: Heatran|Substitute
|
|-heal|p2a: Heatran|51/100|[from] item: Leftovers
|upkeep
|turn|18
|
|t:|1759035639
|move|p2a: Heatran|Substitute|p2a: Heatran
|-start|p2a: Heatran|Substitute
|-damage|p2a: Heatran|26/100
|move|p1a: Weavile|Low Kick|p2a: Heatran
|-supereffective|p2a: Heatran
|-end|p2a: Heatran|Substitute
|
|-heal|p2a: Heatran|32/100|[from] item: Leftovers
|upkeep
|turn|19
|
|t:|1759035642
|move|p2a: Heatran|Substitute|p2a: Heatran
|-start|p2a: Heatran|Substitute
|-damage|p2a: Heatran|8/100
|move|p1a: Weavile|Low Kick|p2a: Heatran
|-supereffective|p2a: Heatran
|-end|p2a: Heatran|Substitute
|
|-heal|p2a: Heatran|14/100|[from] item: Leftovers
|upkeep
|turn|20
|
|t:|1759035657
|move|p2a: Heatran|Lava Plume|p1a: Weavile
|-supereffective|p1a: Weavile
|-damage|p1a: Weavile|0 fnt
|faint|p1a: Weavile
|
|-heal|p2a: Heatran|20/100|[from] item: Leftovers
|upkeep
|
|t:|1759035660
|switch|p1a: Corviknight|Corviknight, F, shiny|100/100
|-ability|p1a: Corviknight|Pressure
|turn|21
|
|t:|1759035662
|move|p2a: Heatran|Lava Plume|p1a: Corviknight
|-supereffective|p1a: Corviknight
|-damage|p1a: Corviknight|10/100
|move|p1a: Corviknight|Body Press|p2a: Heatran
|-supereffective|p2a: Heatran
|-damage|p2a: Heatran|0 fnt
|faint|p2a: Heatran
|
|-heal|p1a: Corviknight|16/100|[from] item: Leftovers
|upkeep
|
|t:|1759035671
|switch|p2a: Landorus|Landorus-Therian, M|100/100
|-damage|p2a: Landorus|88/100|[from] Stealth Rock
|-ability|p2a: Landorus|Intimidate|boost
|-unboost|p1a: Corviknight|atk|1
|turn|22
|
|t:|1759035678
|move|p2a: Landorus|Rock Slide|p1a: Corviknight|[miss]
|-miss|p2a: Landorus|p1a: Corviknight
|move|p1a: Corviknight|Roost|p1a: Corviknight
|-heal|p1a: Corviknight|66/100
|-singleturn|p1a: Corviknight|move: Roost
|
|-heal|p2a: Landorus|94/100|[from] item: Leftovers
|-heal|p1a: Corviknight|72/100|[from] item: Leftovers
|upkeep
|turn|23
|inactive|Charle_phate has 120 seconds left.
|
|t:|1759035725
|switch|p2a: Serperior|Serperior, F|100/100
|-damage|p2a: Serperior|88/100|[from] Stealth Rock
|move|p1a: Corviknight|Roost|p1a: Corviknight
|-heal|p1a: Corviknight|100/100
|-singleturn|p1a: Corviknight|move: Roost
|
|-heal|p2a: Serperior|94/100|[from] item: Leftovers
|upkeep
|turn|24
|
|t:|1759035734
|move|p2a: Serperior|Glare|p1a: Corviknight
|-status|p1a: Corviknight|par
|cant|p1a: Corviknight|par
|
|-heal|p2a: Serperior|100/100|[from] item: Leftovers
|upkeep
|turn|25
|inactive|Charle_phate has 120 seconds left.
|
|t:|1759035743
|move|p2a: Serperior|Substitute|p2a: Serperior
|-start|p2a: Serperior|Substitute
|-damage|p2a: Serperior|75/100
|move|p1a: Corviknight|Brave Bird|p2a: Serperior
|-supereffective|p2a: Serperior
|-end|p2a: Serperior|Substitute
|-damage|p1a: Corviknight|94/100 par|[from] Recoil|[of] p2a: Serperior
|
|-heal|p2a: Serperior|82/100|[from] item: Leftovers
|-heal|p1a: Corviknight|100/100 par|[from] item: Leftovers
|upkeep
|turn|26
|-message|redner bo forfeited.
|
|win|Charle_phate
|raw|redner bo's rating: 1456 &rarr; <strong>1432</strong><br />(-24 for losing)
|raw|Charle_phate's rating: 1387 &rarr; <strong>1411</strong><br />(+24 for winning)
|l|☆redner bo
|player|p1|
|l|☆Charle_phate
|player|p2|
