|j|☆X Star_Sun Y
|j|☆nianling
|t:|1758953506
|gametype|singles
|player|p1|X Star_Sun Y|169|1306
|player|p2|nianling|2|1390
|gen|9
|tier|[Gen 9] OU
|rated|
|rule|HP Percentage Mod: HP is shown in percentages
|rule|Endless Battle Clause: Forcing endless battles is banned
|rule|Species Clause: Limit one of each Pokémon
|rule|OHKO Clause: OHKO moves are banned
|rule|Evasion Items Clause: Evasion items are banned
|rule|Evasion Moves Clause: Evasion moves are banned
|rule|Evasion Abilities Clause: Evasion abilities are banned
|rule|Sleep Moves Clause: Sleep-inducing moves are banned
|clearpoke
|poke|p1|Ursaluna, M|
|poke|p1|Alomomola, M|
|poke|p1|Duraludon, F|
|poke|p1|Great Tusk|
|poke|p1|Kingambit, F|
|poke|p1|Hatterene, F|
|poke|p2|Tyranitar, M|
|poke|p2|Excadrill, F|
|poke|p2|Keldeo-Resolute|
|poke|p2|Tornadus-Therian, M|
|poke|p2|Heatran, M|
|poke|p2|Hydrapple, F|
|teampreview
|inactive|Battle timer is ON: inactive players will automatically lose when time's up. (requested by nianling)
|
|t:|1758953521
|teamsize|p1|6
|teamsize|p2|6
|start
|switch|p1a: Hatterene|Hatterene, F|100/100
|switch|p2a: Tyranitar|Tyranitar, M|100/100
|-weather|Sandstorm|[from] ability: Sand Stream|[of] p2a: Tyranitar
|turn|1
|
|t:|1758953524
|move|p2a: Tyranitar|Knock Off|p1a: Hatterene
|-damage|p1a: Hatterene|31/100
|-enditem|p1a: Hatterene|Leftovers|[from] move: Knock Off|[of] p2a: Tyranitar
|move|p1a: Hatterene|Trick Room|p1a: Hatterene
|-fieldstart|move: Trick Room|[of] p1a: Hatterene
|
|-weather|Sandstorm|[upkeep]
|-damage|p1a: Hatterene|25/100|[from] Sandstorm
|upkeep
|turn|2
|
|t:|1758953533
|switch|p1a: Ursaluna|Ursaluna, M|100/100
|switch|p2a: Tornadus|Tornadus-Therian, M|100/100
|
|-weather|Sandstorm|[upkeep]
|-damage|p2a: Tornadus|94/100|[from] Sandstorm
|-status|p1a: Ursaluna|brn|[from] item: Flame Orb
|upkeep
|turn|3
|
|t:|1758953553
|switch|p2a: Heatran|Heatran, M|100/100
|-terastallize|p1a: Ursaluna|Normal
|move|p1a: Ursaluna|Facade|p2a: Heatran
|-resisted|p2a: Heatran
|-damage|p2a: Heatran|34/100
|
|-weather|Sandstorm|[upkeep]
|-damage|p1a: Ursaluna|94/100 brn|[from] Sandstorm
|-heal|p2a: Heatran|41/100|[from] item: Leftovers
|-damage|p1a: Ursaluna|88/100 brn|[from] brn
|upkeep
|turn|4
|
|t:|1758953560
|move|p1a: Ursaluna|Facade|p2a: Heatran
|-resisted|p2a: Heatran
|-damage|p2a: Heatran|0 fnt
|faint|p2a: Heatran
|
|-weather|Sandstorm|[upkeep]
|-damage|p1a: Ursaluna|82/100 brn|[from] Sandstorm
|-damage|p1a: Ursaluna|75/100 brn|[from] brn
|upkeep
|
|t:|1758953573
|switch|p2a: Hydrapple|Hydrapple, F|100/100
|turn|5
|
|t:|1758953577
|move|p2a: Hydrapple|Fickle Beam|p1a: Ursaluna
|-damage|p1a: Ursaluna|46/100 brn
|move|p1a: Ursaluna|Facade|p2a: Hydrapple
|-damage|p2a: Hydrapple|4/100
|-damage|p1a: Ursaluna|29/100 brn|[from] item: Rocky Helmet|[of] p2a: Hydrapple
|
|-weather|none
|-damage|p1a: Ursaluna|23/100 brn|[from] brn
|-fieldend|move: Trick Room
|upkeep
|turn|6
|
|t:|1758953586
|move|p1a: Ursaluna|Facade|p2a: Hydrapple
|-damage|p2a: Hydrapple|0 fnt
|-damage|p1a: Ursaluna|6/100 brn|[from] item: Rocky Helmet|[of] p2a: Hydrapple
|faint|p2a: Hydrapple
|
|-damage|p1a: Ursaluna|0 fnt|[from] brn
|faint|p1a: Ursaluna
|upkeep
|
|t:|1758953596
|switch|p1a: Duraludon|Duraludon, F|100/100
|switch|p2a: Tyranitar|Tyranitar, M|100/100
|-weather|Sandstorm|[from] ability: Sand Stream|[of] p2a: Tyranitar
|turn|7
|
|t:|1758953603
|move|p2a: Tyranitar|Low Kick|p1a: Duraludon
|-supereffective|p1a: Duraludon
|-damage|p1a: Duraludon|80/100
|move|p1a: Duraludon|Body Press|p2a: Tyranitar
|-supereffective|p2a: Tyranitar
|-damage|p2a: Tyranitar|10/100
|
|-weather|Sandstorm|[upkeep]
|upkeep
|turn|8
|
|t:|1758953610
|switch|p2a: Keldeo|Keldeo-Resolute|100/100
|move|p1a: Duraludon|Body Press|p2a: Keldeo
|-damage|p2a: Keldeo|72/100
|
|-weather|Sandstorm|[upkeep]
|-damage|p2a: Keldeo|66/100|[from] Sandstorm
|upkeep
|turn|9
|
|t:|1758953614
|move|p2a: Keldeo|Secret Sword|p1a: Duraludon
|-supereffective|p1a: Duraludon
|-damage|p1a: Duraludon|15/100
|move|p1a: Duraludon|Dragon Pulse|p2a: Keldeo
|-damage|p2a: Keldeo|25/100
|
|-weather|Sandstorm|[upkeep]
|-damage|p2a: Keldeo|19/100|[from] Sandstorm
|upkeep
|turn|10
|
|t:|1758953620
|switch|p1a: Alomomola|Alomomola, M|100/100
|move|p2a: Keldeo|Secret Sword|p1a: Alomomola
|-damage|p1a: Alomomola|68/100
|
|-weather|Sandstorm|[upkeep]
|-damage|p2a: Keldeo|13/100|[from] Sandstorm
|-damage|p1a: Alomomola|62/100|[from] Sandstorm
|upkeep
|turn|11
|
|t:|1758953629
|switch|p2a: Excadrill|Excadrill, F|100/100
|-item|p2a: Excadrill|Air Balloon
|move|p1a: Alomomola|Wish|p1a: Alomomola
|
|-weather|none
|upkeep
|turn|12
|
|t:|1758953637
|move|p2a: Excadrill|Swords Dance|p2a: Excadrill
|-boost|p2a: Excadrill|atk|2
|move|p1a: Alomomola|Flip Turn|p2a: Excadrill
|-supereffective|p2a: Excadrill
|-damage|p2a: Excadrill|57/100
|-enditem|p2a: Excadrill|Air Balloon
|
|t:|1758953648
|switch|p1a: Duraludon|Duraludon, F|15/100|[from] Flip Turn
|
|-heal|p1a: Duraludon|93/100|[from] move: Wish|[wisher] Alomomola
|upkeep
|turn|13
|
|t:|1758953655
|move|p2a: Excadrill|Earthquake|p1a: Duraludon
|-supereffective|p1a: Duraludon
|-damage|p1a: Duraludon|0 fnt
|faint|p1a: Duraludon
|
|upkeep
|
|t:|1758953660
|switch|p1a: Alomomola|Alomomola, M|95/100
|turn|14
|
|t:|1758953664
|move|p2a: Excadrill|Earthquake|p1a: Alomomola
|-damage|p1a: Alomomola|34/100
|move|p1a: Alomomola|Scald|p2a: Excadrill
|-supereffective|p2a: Excadrill
|-damage|p2a: Excadrill|27/100
|-status|p2a: Excadrill|brn
|
|-damage|p2a: Excadrill|21/100 brn|[from] brn
|upkeep
|turn|15
|
|t:|1758953675
|move|p1a: Alomomola|Protect|p1a: Alomomola
|-singleturn|p1a: Alomomola|Protect
|move|p2a: Excadrill|Swords Dance|p2a: Excadrill
|-boost|p2a: Excadrill|atk|2
|
|-damage|p2a: Excadrill|15/100 brn|[from] brn
|upkeep
|turn|16
|
|t:|1758953684
|switch|p1a: Hatterene|Hatterene, F|25/100
|move|p2a: Excadrill|Earthquake|p1a: Hatterene
|-damage|p1a: Hatterene|0 fnt
|faint|p1a: Hatterene
|
|-damage|p2a: Excadrill|9/100 brn|[from] brn
|upkeep
|
|t:|1758953689
|switch|p1a: Kingambit|Kingambit, F|100/100
|-activate|p1a: Kingambit|ability: Supreme Overlord
|-start|p1a: Kingambit|fallen3|[silent]
|turn|17
|
|t:|1758953698
|move|p1a: Kingambit|Sucker Punch|p2a: Excadrill
|-damage|p2a: Excadrill|0 fnt
|faint|p2a: Excadrill
|
|upkeep
|
|t:|1758953702
|switch|p2a: Keldeo|Keldeo-Resolute|13/100
|turn|18
|
|t:|1758953705
|move|p2a: Keldeo|Vacuum Wave|p1a: Kingambit
|-supereffective|p1a: Kingambit
|-damage|p1a: Kingambit|0 fnt
|faint|p1a: Kingambit
|-end|p1a: Kingambit|fallen3|[silent]
|
|upkeep
|
|t:|1758953713
|switch|p1a: Alomomola|Alomomola, M|67/100
|turn|19
|
|t:|1758953721
|switch|p2a: Tornadus|Tornadus-Therian, M|100/100
|move|p1a: Alomomola|Scald|p2a: Tornadus
|-damage|p2a: Tornadus|87/100
|
|upkeep
|turn|20
|
|t:|1758953728
|move|p2a: Tornadus|Taunt|p1a: Alomomola
|-start|p1a: Alomomola|move: Taunt
|move|p1a: Alomomola|Flip Turn|p2a: Tornadus
|-damage|p2a: Tornadus|69/100
|
|t:|1758953732
|switch|p1a: Great Tusk|Great Tusk|100/100|[from] Flip Turn
|
|upkeep
|turn|21
|
|t:|1758953736
|move|p2a: Tornadus|Bleakwind Storm|p1a: Great Tusk
|-supereffective|p1a: Great Tusk
|-damage|p1a: Great Tusk|13/100
|move|p1a: Great Tusk|Ice Spinner|p2a: Tornadus
|-supereffective|p2a: Tornadus
|-damage|p2a: Tornadus|14/100
|
|upkeep
|turn|22
|
|t:|1758953754
|switch|p2a: Tyranitar|Tyranitar, M|10/100
|-weather|Sandstorm|[from] ability: Sand Stream|[of] p2a: Tyranitar
|-end|p1a: Great Tusk|Protosynthesis|[silent]
|switch|p1a: Alomomola|Alomomola, M|100/100
|
|-weather|Sandstorm|[upkeep]
|-damage|p1a: Alomomola|94/100|[from] Sandstorm
|upkeep
|turn|23
|
|t:|1758953759
|move|p2a: Tyranitar|Knock Off|p1a: Alomomola
|-damage|p1a: Alomomola|51/100
|-damage|p2a: Tyranitar|0 fnt|[from] item: Rocky Helmet|[of] p1a: Alomomola
|faint|p2a: Tyranitar
|move|p1a: Alomomola|Wish|p1a: Alomomola
|
|-weather|Sandstorm|[upkeep]
|-damage|p1a: Alomomola|45/100|[from] Sandstorm
|upkeep
|
|t:|1758953767
|switch|p2a: Keldeo|Keldeo-Resolute|13/100
|turn|24
|
|t:|1758953772
|-terastallize|p2a: Keldeo|Water
|move|p2a: Keldeo|Surf|p1a: Alomomola
|-resisted|p1a: Alomomola
|-damage|p1a: Alomomola|0 fnt
|faint|p1a: Alomomola
|
|-weather|Sandstorm|[upkeep]
|-damage|p2a: Keldeo|7/100|[from] Sandstorm
|upkeep
|
|t:|1758953779
|switch|p1a: Great Tusk|Great Tusk|13/100
|turn|25
|
|t:|1758953782
|move|p2a: Keldeo|Surf|p1a: Great Tusk
|-supereffective|p1a: Great Tusk
|-crit|p1a: Great Tusk
|-damage|p1a: Great Tusk|0 fnt
|faint|p1a: Great Tusk
|-end|p1a: Great Tusk|Protosynthesis|[silent]
|
|win|nianling
|raw|X Star_Sun Y's rating: 1306 &rarr; <strong>1291</strong><br />(-15 for losing)
|raw|nianling's rating: 1390 &rarr; <strong>1405</strong><br />(+15 for winning)
|l|☆nianling
|player|p2|
|l|☆X Star_Sun Y
|player|p1|
