|j|☆meganub123
|j|☆Sleeping Closet
|t:|1758920840
|gametype|singles
|player|p1|meganub123|roark|1287
|player|p2|Sleeping Closet|tate|1307
|gen|9
|tier|[Gen 9] OU
|rated|
|rule|HP Percentage Mod: HP is shown in percentages
|rule|Endless Battle Clause: Forcing endless battles is banned
|rule|Species Clause: Limit one of each Pokémon
|rule|OHKO Clause: OHKO moves are banned
|rule|Evasion Items Clause: Evasion items are banned
|rule|Evasion Moves Clause: Evasion moves are banned
|rule|Evasion Abilities Clause: Evasion abilities are banned
|rule|Sleep Moves Clause: Sleep-inducing moves are banned
|clearpoke
|poke|p1|Slither Wing|
|poke|p1|Great Tusk|
|poke|p1|Trevenant, M|
|poke|p1|Torkoal, F|
|poke|p1|Walking Wake|
|poke|p1|Ninetales, M|
|poke|p2|Kingdra, M|
|poke|p2|Magnezone|
|poke|p2|Sylveon, F|
|poke|p2|Great Tusk|
|poke|p2|Dudunsparce-*, F|
|poke|p2|Hawlucha, M|
|teampreview
|
|t:|1758920852
|teamsize|p1|6
|teamsize|p2|6
|start
|switch|p1a: Torkoal|Torkoal, F|100/100
|switch|p2a: Dudunsparce|Dudunsparce-Three-Segment, F, shiny|100/100
|-weather|SunnyDay|[from] ability: Drought|[of] p1a: Torkoal
|turn|1
|
|t:|1758920885
|move|p2a: Dudunsparce|Glare|p1a: Torkoal
|-status|p1a: Torkoal|par
|move|p1a: Torkoal|Eruption|p2a: Dudunsparce
|-damage|p2a: Dudunsparce|41/100
|
|-weather|SunnyDay|[upkeep]
|upkeep
|turn|2
|
|t:|1758920895
|move|p2a: Dudunsparce|Boomburst|p1a: Torkoal
|-damage|p1a: Torkoal|50/100 par
|cant|p1a: Torkoal|par
|
|-weather|SunnyDay|[upkeep]
|upkeep
|turn|3
|
|t:|1758920899
|move|p2a: Dudunsparce|Stealth Rock|p1a: Torkoal
|-sidestart|p1: meganub123|move: Stealth Rock
|move|p1a: Torkoal|Solar Beam||[still]
|-prepare|p1a: Torkoal|Solar Beam
|-anim|p1a: Torkoal|Solar Beam|p2a: Dudunsparce
|-damage|p2a: Dudunsparce|19/100
|
|-weather|SunnyDay|[upkeep]
|upkeep
|turn|4
|
|t:|1758920907
|move|p2a: Dudunsparce|Boomburst|p1a: Torkoal
|-damage|p1a: Torkoal|0 fnt
|faint|p1a: Torkoal
|
|-weather|SunnyDay|[upkeep]
|upkeep
|
|t:|1758920912
|switch|p1a: Slither Wing|Slither Wing|100/100
|-damage|p1a: Slither Wing|88/100|[from] Stealth Rock
|-activate|p1a: Slither Wing|ability: Protosynthesis
|-start|p1a: Slither Wing|protosynthesisatk
|turn|5
|
|t:|1758920918
|move|p1a: Slither Wing|U-turn|p2a: Dudunsparce
|-damage|p2a: Dudunsparce|0 fnt
|faint|p2a: Dudunsparce
|
|t:|1758920921
|-end|p1a: Slither Wing|Protosynthesis|[silent]
|switch|p1a: Great Tusk|Great Tusk|100/100|[from] U-turn
|-activate|p1a: Great Tusk|ability: Protosynthesis
|-start|p1a: Great Tusk|protosynthesisatk
|
|-weather|SunnyDay|[upkeep]
|upkeep
|
|t:|1758920944
|switch|p2a: Great Tusk|Great Tusk, shiny|100/100
|-activate|p2a: Great Tusk|ability: Protosynthesis
|-start|p2a: Great Tusk|protosynthesisatk
|turn|6
|
|t:|1758920949
|move|p1a: Great Tusk|Rapid Spin|p2a: Great Tusk
|-damage|p2a: Great Tusk|83/100
|-boost|p1a: Great Tusk|spe|1
|-sideend|p1: meganub123|Stealth Rock|[from] move: Rapid Spin|[of] p1a: Great Tusk
|move|p2a: Great Tusk|Rapid Spin|p1a: Great Tusk
|-damage|p1a: Great Tusk|84/100
|-boost|p2a: Great Tusk|spe|1
|
|-weather|SunnyDay|[upkeep]
|upkeep
|turn|7
|
|t:|1758920969
|move|p2a: Great Tusk|Rapid Spin|p1a: Great Tusk
|-damage|p1a: Great Tusk|68/100
|-boost|p2a: Great Tusk|spe|1
|move|p1a: Great Tusk|Rapid Spin|p2a: Great Tusk
|-damage|p2a: Great Tusk|66/100
|-boost|p1a: Great Tusk|spe|1
|
|-weather|SunnyDay|[upkeep]
|upkeep
|turn|8
|
|t:|1758920979
|move|p1a: Great Tusk|Rapid Spin|p2a: Great Tusk
|-damage|p2a: Great Tusk|49/100
|-boost|p1a: Great Tusk|spe|1
|move|p2a: Great Tusk|Ice Spinner|p1a: Great Tusk
|-supereffective|p1a: Great Tusk
|-damage|p1a: Great Tusk|14/100
|
|-weather|none
|-end|p1a: Great Tusk|Protosynthesis
|-end|p2a: Great Tusk|Protosynthesis
|upkeep
|turn|9
|
|t:|1758920990
|move|p1a: Great Tusk|Headlong Rush|p2a: Great Tusk
|-damage|p2a: Great Tusk|0 fnt
|-unboost|p1a: Great Tusk|def|1
|-unboost|p1a: Great Tusk|spd|1
|faint|p2a: Great Tusk
|-end|p2a: Great Tusk|Protosynthesis|[silent]
|
|upkeep
|
|t:|1758920999
|switch|p2a: Sylveon|Sylveon, F, shiny|100/100
|turn|10
|
|t:|1758921006
|move|p2a: Sylveon|Quick Attack|p1a: Great Tusk
|-supereffective|p1a: Great Tusk
|-damage|p1a: Great Tusk|0 fnt
|faint|p1a: Great Tusk
|-end|p1a: Great Tusk|Protosynthesis|[silent]
|
|upkeep
|
|t:|1758921010
|switch|p1a: Ninetales|Ninetales, M|100/100
|-weather|SunnyDay|[from] ability: Drought|[of] p1a: Ninetales
|turn|11
|
|t:|1758921019
|switch|p2a: Kingdra|Kingdra, M, shiny|100/100
|move|p1a: Ninetales|Will-O-Wisp|p2a: Kingdra
|-status|p2a: Kingdra|brn
|
|-weather|SunnyDay|[upkeep]
|-damage|p2a: Kingdra|94/100 brn|[from] brn
|upkeep
|turn|12
|
|t:|1758921024
|switch|p1a: Walking Wake|Walking Wake|100/100
|-activate|p1a: Walking Wake|ability: Protosynthesis
|-start|p1a: Walking Wake|protosynthesisspa
|move|p2a: Kingdra|Agility|p2a: Kingdra
|-boost|p2a: Kingdra|spe|2
|
|-weather|SunnyDay|[upkeep]
|-damage|p2a: Kingdra|88/100 brn|[from] brn
|upkeep
|turn|13
|
|t:|1758921034
|move|p2a: Kingdra|Draco Meteor|p1a: Walking Wake
|-supereffective|p1a: Walking Wake
|-damage|p1a: Walking Wake|10/100
|-unboost|p2a: Kingdra|spa|2
|move|p1a: Walking Wake|Dragon Pulse|p2a: Kingdra
|-supereffective|p2a: Kingdra
|-damage|p2a: Kingdra|0 fnt
|faint|p2a: Kingdra
|
|-weather|SunnyDay|[upkeep]
|upkeep
|
|t:|1758921043
|switch|p2a: Sylveon|Sylveon, F, shiny|100/100
|turn|14
|
|t:|1758921054
|-terastallize|p1a: Walking Wake|Steel
|move|p2a: Sylveon|Quick Attack|p1a: Walking Wake
|-resisted|p1a: Walking Wake
|-damage|p1a: Walking Wake|5/100
|move|p1a: Walking Wake|Hydro Steam|p2a: Sylveon
|-damage|p2a: Sylveon|64/100
|
|-weather|SunnyDay|[upkeep]
|upkeep
|turn|15
|
|t:|1758921063
|move|p2a: Sylveon|Quick Attack|p1a: Walking Wake
|-resisted|p1a: Walking Wake
|-damage|p1a: Walking Wake|0 fnt
|faint|p1a: Walking Wake
|-end|p1a: Walking Wake|Protosynthesis|[silent]
|
|-weather|SunnyDay|[upkeep]
|upkeep
|
|t:|1758921067
|switch|p1a: Slither Wing|Slither Wing|88/100
|-activate|p1a: Slither Wing|ability: Protosynthesis
|-start|p1a: Slither Wing|protosynthesisatk
|turn|16
|
|t:|1758921086
|move|p1a: Slither Wing|Flare Blitz|p2a: Sylveon
|-damage|p2a: Sylveon|0 fnt
|faint|p2a: Sylveon
|-damage|p1a: Slither Wing|62/100|[from] Recoil
|
|-weather|SunnyDay|[upkeep]
|upkeep
|
|t:|1758921098
|switch|p2a: Hawlucha|Hawlucha, M, shiny|100/100
|-ability|p2a: Hawlucha|Mold Breaker
|turn|17
|
|t:|1758921105
|move|p2a: Hawlucha|Brave Bird|p1a: Slither Wing
|-supereffective|p1a: Slither Wing
|-damage|p1a: Slither Wing|0 fnt
|faint|p1a: Slither Wing
|-end|p1a: Slither Wing|Protosynthesis|[silent]
|-damage|p2a: Hawlucha|79/100|[from] Recoil
|
|-weather|SunnyDay|[upkeep]
|-heal|p2a: Hawlucha|85/100|[from] item: Leftovers
|upkeep
|
|t:|1758921110
|switch|p1a: Trevenant|Trevenant, M|100/100
|turn|18
|
|t:|1758921115
|move|p2a: Hawlucha|Brave Bird|p1a: Trevenant
|-supereffective|p1a: Trevenant
|-damage|p1a: Trevenant|12/100
|-enditem|p1a: Trevenant|Sitrus Berry|[eat]
|-heal|p1a: Trevenant|37/100|[from] item: Sitrus Berry
|-damage|p2a: Hawlucha|55/100|[from] Recoil
|move|p1a: Trevenant|Will-O-Wisp|p2a: Hawlucha
|-status|p2a: Hawlucha|brn
|
|-weather|none
|-heal|p2a: Hawlucha|61/100 brn|[from] item: Leftovers
|-damage|p2a: Hawlucha|55/100 brn|[from] brn
|upkeep
|turn|19
|
|t:|1758921132
|move|p2a: Hawlucha|Brave Bird|p1a: Trevenant
|-supereffective|p1a: Trevenant
|-damage|p1a: Trevenant|0 fnt
|faint|p1a: Trevenant
|-damage|p2a: Hawlucha|42/100 brn|[from] Recoil
|
|-heal|p2a: Hawlucha|48/100 brn|[from] item: Leftovers
|-damage|p2a: Hawlucha|42/100 brn|[from] brn
|upkeep
|
|t:|1758921135
|switch|p1a: Ninetales|Ninetales, M|100/100
|-weather|SunnyDay|[from] ability: Drought|[of] p1a: Ninetales
|turn|20
|
|t:|1758921144
|move|p2a: Hawlucha|Close Combat|p1a: Ninetales
|-damage|p1a: Ninetales|61/100
|-unboost|p2a: Hawlucha|def|1
|-unboost|p2a: Hawlucha|spd|1
|move|p1a: Ninetales|Weather Ball|p2a: Hawlucha
|-damage|p2a: Hawlucha|0 fnt
|faint|p2a: Hawlucha
|
|-weather|SunnyDay|[upkeep]
|upkeep
|
|t:|1758921149
|switch|p2a: Magnezone|Magnezone, shiny|100/100
|turn|21
|
|t:|1758921156
|move|p1a: Ninetales|Weather Ball|p2a: Magnezone
|-supereffective|p2a: Magnezone
|-damage|p2a: Magnezone|0 fnt
|faint|p2a: Magnezone
|
|win|meganub123
|raw|meganub123's rating: 1287 &rarr; <strong>1313</strong><br />(+26 for winning)
|raw|Sleeping Closet's rating: 1307 &rarr; <strong>1286</strong><br />(-21 for losing)
|l|☆Sleeping Closet
|player|p2|
|l|☆meganub123
|player|p1|
