|j|☆sfinch1
|j|☆DeimosDemon
|t:|1759014664
|gametype|singles
|player|p1|sfinch1|265|1431
|player|p2|DeimosDemon|lance|1372
|gen|9
|tier|[Gen 9] OU
|rated|
|rule|HP Percentage Mod: HP is shown in percentages
|rule|Endless Battle Clause: Forcing endless battles is banned
|rule|Species Clause: Limit one of each Pokémon
|rule|OHKO Clause: OHKO moves are banned
|rule|Evasion Items Clause: Evasion items are banned
|rule|Evasion Moves Clause: Evasion moves are banned
|rule|Evasion Abilities Clause: Evasion abilities are banned
|rule|Sleep Moves Clause: Sleep-inducing moves are banned
|clearpoke
|poke|p1|Cinderace, M|
|poke|p1|Zamazenta-*|
|poke|p1|Ogerpon-Wellspring, F|
|poke|p1|Kyurem|
|poke|p1|Clefable, M|
|poke|p1|Tornadus-Therian, M|
|poke|p2|Primarina, M|
|poke|p2|Armarouge, M|
|poke|p2|Indeedee-F, F|
|poke|p2|Great Tusk|
|poke|p2|Landorus-Therian, M|
|poke|p2|Alomomola, F|
|teampreview
|
|t:|1759014678
|teamsize|p1|6
|teamsize|p2|6
|start
|switch|p1a: Cinderace|Cinderace, M|100/100
|switch|p2a: Landorus|Landorus-Therian, M|100/100
|-ability|p2a: Landorus|Intimidate|boost
|-unboost|p1a: Cinderace|atk|1
|turn|1
|inactive|Battle timer is ON: inactive players will automatically lose when time's up. (requested by DeimosDemon)
|
|t:|1759014686
|move|p2a: Landorus|Earthquake|p1a: Cinderace
|-supereffective|p1a: Cinderace
|-damage|p1a: Cinderace|0 fnt
|faint|p1a: Cinderace
|
|upkeep
|
|t:|1759014692
|switch|p1a: Tornadus|Tornadus-Therian, M|100/100
|turn|2
|
|t:|1759014699
|switch|p2a: Alomomola|Alomomola, F|100/100
|move|p1a: Tornadus|Hurricane|p2a: Alomomola
|-damage|p2a: Alomomola|77/100
|
|upkeep
|turn|3
|
|t:|1759014715
|move|p1a: Tornadus|Taunt|p2a: Alomomola
|-start|p2a: Alomomola|move: Taunt
|move|p2a: Alomomola|Mirror Coat||[still]
|-fail|p2a: Alomomola
|
|upkeep
|turn|4
|
|t:|1759014728
|move|p1a: Tornadus|U-turn|p2a: Alomomola
|-damage|p2a: Alomomola|65/100
|
|t:|1759014734
|switch|p1a: Clefable|Clefable, M|100/100|[from] U-turn
|move|p2a: Alomomola|Flip Turn|p1a: Clefable
|-damage|p1a: Clefable|83/100
|
|t:|1759014748
|switch|p2a: Primarina|Primarina, M|100/100|[from] Flip Turn
|
|upkeep
|turn|5
|
|t:|1759014753
|move|p2a: Primarina|Whirlpool|p1a: Clefable
|-damage|p1a: Clefable|70/100
|-activate|p1a: Clefable|move: Whirlpool|[of] p2a: Primarina
|move|p1a: Clefable|Thunder Wave|p2a: Primarina
|-status|p2a: Primarina|par
|
|upkeep
|turn|6
|
|t:|1759014759
|move|p1a: Clefable|Stealth Rock|p2a: Primarina
|-sidestart|p2: DeimosDemon|move: Stealth Rock
|cant|p2a: Primarina|par
|
|upkeep
|turn|7
|
|t:|1759014766
|move|p1a: Clefable|Moonblast|p2a: Primarina
|-damage|p2a: Primarina|53/100 par
|move|p2a: Primarina|Psychic Noise|p1a: Clefable
|-damage|p1a: Clefable|38/100
|-start|p1a: Clefable|move: Heal Block
|
|-heal|p2a: Primarina|59/100 par|[from] item: Leftovers
|upkeep
|turn|8
|
|t:|1759014775
|move|p2a: Primarina|Protect|p2a: Primarina
|-singleturn|p2a: Primarina|Protect
|move|p1a: Clefable|Moonblast|p2a: Primarina
|-activate|p2a: Primarina|move: Protect
|
|-heal|p2a: Primarina|65/100 par|[from] item: Leftovers
|-end|p1a: Clefable|move: Heal Block
|upkeep
|turn|9
|
|t:|1759014782
|move|p1a: Clefable|Moonblast|p2a: Primarina
|-damage|p2a: Primarina|15/100 par
|move|p2a: Primarina|Psychic Noise|p1a: Clefable
|-damage|p1a: Clefable|6/100
|-start|p1a: Clefable|move: Heal Block
|
|-heal|p2a: Primarina|21/100 par|[from] item: Leftovers
|-end|p1a: Clefable|Whirlpool|[partiallytrapped]
|upkeep
|turn|10
|
|t:|1759014797
|move|p1a: Clefable|Moonblast|p2a: Primarina
|-damage|p2a: Primarina|0 fnt
|faint|p2a: Primarina
|
|-end|p1a: Clefable|move: Heal Block
|upkeep
|
|t:|1759014804
|switch|p2a: Landorus|Landorus-Therian, M|100/100
|-damage|p2a: Landorus|88/100|[from] Stealth Rock
|-ability|p2a: Landorus|Intimidate|boost
|-unboost|p1a: Clefable|atk|1
|turn|11
|
|t:|1759014810
|move|p2a: Landorus|U-turn|p1a: Clefable
|-resisted|p1a: Clefable
|-damage|p1a: Clefable|0 fnt
|faint|p1a: Clefable
|
|t:|1759014815
|switch|p2a: Alomomola|Alomomola, F|98/100|[from] U-turn
|-damage|p2a: Alomomola|86/100|[from] Stealth Rock
|
|upkeep
|
|t:|1759014820
|switch|p1a: Kyurem|Kyurem|100/100
|-ability|p1a: Kyurem|Pressure
|turn|12
|
|t:|1759014830
|move|p1a: Kyurem|Dragon Dance|p1a: Kyurem
|-boost|p1a: Kyurem|atk|1
|-boost|p1a: Kyurem|spe|1
|move|p2a: Alomomola|Flip Turn|p1a: Kyurem
|-resisted|p1a: Kyurem
|-damage|p1a: Kyurem|92/100
|
|t:|1759014849
|switch|p2a: Landorus|Landorus-Therian, M|88/100|[from] Flip Turn
|-damage|p2a: Landorus|75/100|[from] Stealth Rock
|-ability|p2a: Landorus|Intimidate|boost
|-unboost|p1a: Kyurem|atk|1
|
|upkeep
|turn|13
|
|t:|1759014858
|move|p1a: Kyurem|Dragon Dance|p1a: Kyurem
|-boost|p1a: Kyurem|atk|1
|-boost|p1a: Kyurem|spe|1
|move|p2a: Landorus|Stone Edge|p1a: Kyurem
|-supereffective|p1a: Kyurem
|-damage|p1a: Kyurem|0 fnt
|faint|p1a: Kyurem
|
|upkeep
|
|t:|1759014867
|switch|p1a: Zamazenta|Zamazenta|100/100
|-ability|p1a: Zamazenta|Dauntless Shield|boost
|-boost|p1a: Zamazenta|def|1
|turn|14
|inactive|DeimosDemon has 120 seconds left.
|
|t:|1759014908
|switch|p2a: Armarouge|Armarouge, M|100/100
|-damage|p2a: Armarouge|75/100|[from] Stealth Rock
|move|p1a: Zamazenta|Iron Defense|p1a: Zamazenta
|-boost|p1a: Zamazenta|def|2
|
|upkeep
|turn|15
|inactive|sfinch1 has 120 seconds left.
|
|t:|1759014941
|move|p2a: Armarouge|Endure|p2a: Armarouge
|-singleturn|p2a: Armarouge|move: Endure
|move|p1a: Zamazenta|Substitute|p1a: Zamazenta
|-start|p1a: Zamazenta|Substitute
|-damage|p1a: Zamazenta|76/100
|
|-heal|p1a: Zamazenta|82/100|[from] item: Leftovers
|upkeep
|turn|16
|inactive|DeimosDemon has 120 seconds left.
|
|t:|1759014946
|move|p1a: Zamazenta|Crunch|p2a: Armarouge
|-supereffective|p2a: Armarouge
|-damage|p2a: Armarouge|29/100
|-ability|p2a: Armarouge|Weak Armor|boost
|-unboost|p2a: Armarouge|def|1
|-boost|p2a: Armarouge|spe|2
|-enditem|p2a: Armarouge|Weakness Policy
|-boost|p2a: Armarouge|atk|2|[from] item: Weakness Policy
|-boost|p2a: Armarouge|spa|2|[from] item: Weakness Policy
|move|p2a: Armarouge|Expanding Force|p1a: Zamazenta
|-supereffective|p1a: Zamazenta
|-end|p1a: Zamazenta|Substitute
|
|-heal|p1a: Zamazenta|88/100|[from] item: Leftovers
|upkeep
|turn|17
|
|t:|1759014959
|-terastallize|p1a: Zamazenta|Dark
|move|p2a: Armarouge|Expanding Force|p1a: Zamazenta
|-immune|p1a: Zamazenta
|move|p1a: Zamazenta|Crunch|p2a: Armarouge
|-supereffective|p2a: Armarouge
|-damage|p2a: Armarouge|0 fnt
|faint|p2a: Armarouge
|
|-heal|p1a: Zamazenta|94/100|[from] item: Leftovers
|upkeep
|
|t:|1759014970
|switch|p2a: Landorus|Landorus-Therian, M|75/100
|-damage|p2a: Landorus|63/100|[from] Stealth Rock
|-ability|p2a: Landorus|Intimidate|boost
|-unboost|p1a: Zamazenta|atk|1
|turn|18
|
|t:|1759014977
|move|p2a: Landorus|U-turn|p1a: Zamazenta
|-supereffective|p1a: Zamazenta
|-damage|p1a: Zamazenta|76/100
|
|t:|1759014985
|switch|p2a: Indeedee|Indeedee-F, F|100/100|[from] U-turn
|-damage|p2a: Indeedee|88/100|[from] Stealth Rock
|-fieldstart|move: Psychic Terrain|[from] ability: Psychic Surge|[of] p2a: Indeedee
|move|p1a: Zamazenta|Iron Defense|p1a: Zamazenta
|-boost|p1a: Zamazenta|def|2
|
|-heal|p1a: Zamazenta|82/100|[from] item: Leftovers
|upkeep
|turn|19
|
|t:|1759014995
|move|p1a: Zamazenta|Substitute|p1a: Zamazenta
|-start|p1a: Zamazenta|Substitute
|-damage|p1a: Zamazenta|58/100
|move|p2a: Indeedee|Alluring Voice|p1a: Zamazenta
|-supereffective|p1a: Zamazenta
|-damage|p1a: Zamazenta|31/100
|
|-heal|p1a: Zamazenta|37/100|[from] item: Leftovers
|upkeep
|turn|20
|
|t:|1759015006
|move|p1a: Zamazenta|Crunch|p2a: Indeedee
|-supereffective|p2a: Indeedee
|-damage|p2a: Indeedee|49/100
|move|p2a: Indeedee|Alluring Voice|p1a: Zamazenta
|-supereffective|p1a: Zamazenta
|-damage|p1a: Zamazenta|10/100
|
|-heal|p1a: Zamazenta|16/100|[from] item: Leftovers
|upkeep
|turn|21
|
|t:|1759015014
|move|p1a: Zamazenta|Body Press|p2a: Indeedee
|-damage|p2a: Indeedee|0 fnt
|faint|p2a: Indeedee
|
|-heal|p1a: Zamazenta|22/100|[from] item: Leftovers
|upkeep
|
|t:|1759015020
|switch|p2a: Alomomola|Alomomola, F|100/100
|-damage|p2a: Alomomola|88/100|[from] Stealth Rock
|turn|22
|
|t:|1759015025
|move|p1a: Zamazenta|Body Press|p2a: Alomomola
|-crit|p2a: Alomomola
|-damage|p2a: Alomomola|0 fnt
|faint|p2a: Alomomola
|
|-heal|p1a: Zamazenta|29/100|[from] item: Leftovers
|upkeep
|-message|DeimosDemon forfeited.
|
|win|sfinch1
|raw|sfinch1's rating: 1431 &rarr; <strong>1448</strong><br />(+17 for winning)
|raw|DeimosDemon's rating: 1372 &rarr; <strong>1355</strong><br />(-17 for losing)
|l|☆DeimosDemon
|player|p2|
|l|☆sfinch1
|player|p1|
