|j|☆Gigachadium Z
|j|☆alovana0
|t:|1759032011
|gametype|singles
|player|p1|Gigachadium Z|170|1412
|player|p2|alovana0|pilot|1367
|gen|9
|tier|[Gen 9] OU
|rated|
|rule|HP Percentage Mod: HP is shown in percentages
|rule|Endless Battle Clause: Forcing endless battles is banned
|rule|Species Clause: Limit one of each Pokémon
|rule|OHKO Clause: OHKO moves are banned
|rule|Evasion Items Clause: Evasion items are banned
|rule|Evasion Moves Clause: Evasion moves are banned
|rule|Evasion Abilities Clause: Evasion abilities are banned
|rule|Sleep Moves Clause: Sleep-inducing moves are banned
|clearpoke
|poke|p1|Gliscor, F|
|poke|p1|Gholdengo|
|poke|p1|Rillaboom, M|
|poke|p1|Great Tusk|
|poke|p1|Samurott-Hisui, M|
|poke|p1|Fezandipiti, M|
|poke|p2|Staraptor, M|
|poke|p2|Slowking-Galar, F|
|poke|p2|Ogerpon-Wellspring, F|
|poke|p2|Iron Valiant|
|poke|p2|Dragapult, M|
|poke|p2|Iron Treads|
|teampreview
|inactive|Battle timer is ON: inactive players will automatically lose when time's up. (requested by alovana0)
|
|t:|1759032038
|teamsize|p1|6
|teamsize|p2|6
|start
|switch|p1a: Scor Scor|Gliscor, F, shiny|100/100
|switch|p2a: Staraptor|Staraptor, M|100/100
|turn|1
|
|t:|1759032042
|move|p2a: Staraptor|U-turn|p1a: Scor Scor
|-resisted|p1a: Scor Scor
|-damage|p1a: Scor Scor|88/100
|
|t:|1759032051
|switch|p2a: Dragapult|Dragapult, M|100/100|[from] U-turn
|move|p1a: Scor Scor|Stealth Rock|p2a: Dragapult
|-sidestart|p2: alovana0|move: Stealth Rock
|
|-status|p1a: Scor Scor|tox|[from] item: Toxic Orb
|upkeep
|turn|2
|inactive|Gigachadium Z has 120 seconds left.
|
|t:|1759032091
|move|p2a: Dragapult|Draco Meteor|p1a: Scor Scor|[miss]
|-miss|p2a: Dragapult|p1a: Scor Scor
|move|p1a: Scor Scor|Knock Off|p2a: Dragapult
|-supereffective|p2a: Dragapult
|-damage|p2a: Dragapult|41/100
|-enditem|p2a: Dragapult|Choice Specs|[from] move: Knock Off|[of] p1a: Scor Scor
|
|-heal|p1a: Scor Scor|99/100 tox|[from] ability: Poison Heal
|upkeep
|turn|3
|inactive|Gigachadium Z has 120 seconds left.
|
|t:|1759032099
|switch|p1a: Fezant|Fezandipiti, M|100/100
|move|p2a: Dragapult|U-turn|p1a: Fezant
|-resisted|p1a: Fezant
|-damage|p1a: Fezant|96/100
|
|t:|1759032106
|switch|p2a: Iron Treads|Iron Treads|100/100|[from] U-turn
|-damage|p2a: Iron Treads|97/100|[from] Stealth Rock
|-enditem|p2a: Iron Treads|Booster Energy
|-activate|p2a: Iron Treads|ability: Quark Drive|[fromitem]
|-start|p2a: Iron Treads|quarkdrivespe
|
|upkeep
|turn|4
|inactive|Gigachadium Z has 120 seconds left.
|
|t:|1759032122
|switch|p1a: Scor Scor|Gliscor, F, shiny|99/100 tox
|move|p2a: Iron Treads|Rapid Spin|p1a: Scor Scor
|-damage|p1a: Scor Scor|89/100 tox
|-boost|p2a: Iron Treads|spe|1
|-sideend|p2: alovana0|Stealth Rock|[from] move: Rapid Spin|[of] p2a: Iron Treads
|
|-heal|p1a: Scor Scor|100/100 tox|[from] ability: Poison Heal
|upkeep
|turn|5
|
|t:|1759032131
|-end|p2a: Iron Treads|Quark Drive|[silent]
|switch|p2a: Ogerpon|Ogerpon-Wellspring, F|100/100
|move|p1a: Scor Scor|Knock Off|p2a: Ogerpon
|-damage|p2a: Ogerpon|82/100
|
|upkeep
|turn|6
|
|t:|1759032136
|move|p2a: Ogerpon|Knock Off|p1a: Scor Scor
|-damage|p1a: Scor Scor|75/100 tox
|-enditem|p1a: Scor Scor|Toxic Orb|[from] move: Knock Off|[of] p2a: Ogerpon
|move|p1a: Scor Scor|Toxic|p2a: Ogerpon|[miss]
|-miss|p1a: Scor Scor|p2a: Ogerpon
|
|-heal|p1a: Scor Scor|87/100 tox|[from] ability: Poison Heal
|upkeep
|turn|7
|
|t:|1759032147
|move|p2a: Ogerpon|Ivy Cudgel|p1a: Scor Scor|[anim] Ivy Cudgel Water
|-supereffective|p1a: Scor Scor
|-damage|p1a: Scor Scor|8/100 tox
|move|p1a: Scor Scor|Toxic|p2a: Ogerpon
|-status|p2a: Ogerpon|tox
|
|-damage|p2a: Ogerpon|76/100 tox|[from] psn
|-heal|p1a: Scor Scor|21/100 tox|[from] ability: Poison Heal
|upkeep
|turn|8
|
|t:|1759032151
|move|p1a: Scor Scor|Protect|p1a: Scor Scor
|-singleturn|p1a: Scor Scor|Protect
|move|p2a: Ogerpon|Ivy Cudgel|p1a: Scor Scor|[anim] Ivy Cudgel Water
|-activate|p1a: Scor Scor|move: Protect
|
|-damage|p2a: Ogerpon|64/100 tox|[from] psn
|-heal|p1a: Scor Scor|33/100 tox|[from] ability: Poison Heal
|upkeep
|turn|9
|
|t:|1759032169
|switch|p1a: Harambe|Rillaboom, M|100/100
|-fieldstart|move: Grassy Terrain|[from] ability: Grassy Surge|[of] p1a: Harambe
|move|p2a: Ogerpon|Ivy Cudgel|p1a: Harambe|[anim] Ivy Cudgel Water
|-resisted|p1a: Harambe
|-damage|p1a: Harambe|71/100
|
|-heal|p2a: Ogerpon|70/100 tox|[from] Grassy Terrain
|-heal|p1a: Harambe|77/100|[from] Grassy Terrain
|-damage|p2a: Ogerpon|52/100 tox|[from] psn
|upkeep
|turn|10
|
|t:|1759032175
|switch|p2a: Slowking|Slowking-Galar, F|100/100
|move|p1a: Harambe|Grassy Glide|p2a: Slowking
|-resisted|p2a: Slowking
|-damage|p2a: Slowking|68/100
|
|-heal|p1a: Harambe|83/100|[from] Grassy Terrain
|-heal|p2a: Slowking|74/100|[from] Grassy Terrain
|upkeep
|turn|11
|
|t:|1759032181
|switch|p1a: Whitebeard|Samurott-Hisui, M|100/100
|move|p2a: Slowking|Future Sight|p1a: Whitebeard
|-start|p2a: Slowking|move: Future Sight
|
|-heal|p2a: Slowking|80/100|[from] Grassy Terrain
|upkeep
|turn|12
|
|t:|1759032192
|switch|p2a: Iron Valiant|Iron Valiant|100/100
|move|p1a: Whitebeard|Ceaseless Edge|p2a: Iron Valiant
|-resisted|p2a: Iron Valiant
|-damage|p2a: Iron Valiant|87/100
|-sidestart|p2: alovana0|Spikes
|
|-heal|p2a: Iron Valiant|93/100|[from] Grassy Terrain
|upkeep
|turn|13
|
|t:|1759032198
|move|p2a: Iron Valiant|Moonblast|p1a: Whitebeard
|-supereffective|p1a: Whitebeard
|-damage|p1a: Whitebeard|14/100
|-unboost|p1a: Whitebeard|spa|1
|-damage|p2a: Iron Valiant|84/100|[from] item: Life Orb
|move|p1a: Whitebeard|Razor Shell|p2a: Iron Valiant
|-damage|p2a: Iron Valiant|21/100
|-unboost|p2a: Iron Valiant|def|1
|
|-end|p1a: Whitebeard|move: Future Sight
|-immune|p1a: Whitebeard
|-heal|p2a: Iron Valiant|27/100|[from] Grassy Terrain
|-heal|p1a: Whitebeard|20/100|[from] Grassy Terrain
|-fieldend|move: Grassy Terrain
|upkeep
|turn|14
|
|t:|1759032217
|move|p2a: Iron Valiant|Vacuum Wave|p1a: Whitebeard
|-supereffective|p1a: Whitebeard
|-damage|p1a: Whitebeard|0 fnt
|faint|p1a: Whitebeard
|-damage|p2a: Iron Valiant|17/100|[from] item: Life Orb
|
|upkeep
|inactive|Gigachadium Z has 120 seconds left.
|
|t:|1759032242
|switch|p1a: Belmont|Gholdengo|100/100
|turn|15
|
|t:|1759032269
|-end|p2a: Iron Valiant|Quark Drive|[silent]
|switch|p2a: Iron Treads|Iron Treads|97/100
|-damage|p2a: Iron Treads|85/100|[from] Spikes
|move|p1a: Belmont|Make It Rain|p2a: Iron Treads
|-resisted|p2a: Iron Treads
|-damage|p2a: Iron Treads|41/100
|-unboost|p1a: Belmont|spa|1
|
|upkeep
|turn|16
|
|t:|1759032281
|switch|p1a: Scor Scor|Gliscor, F, shiny|33/100 tox
|move|p2a: Iron Treads|Knock Off|p1a: Scor Scor
|-damage|p1a: Scor Scor|17/100 tox
|
|-heal|p1a: Scor Scor|30/100 tox|[from] ability: Poison Heal
|upkeep
|turn|17
|
|t:|1759032294
|move|p1a: Scor Scor|Protect|p1a: Scor Scor
|-singleturn|p1a: Scor Scor|Protect
|move|p2a: Iron Treads|Rapid Spin|p1a: Scor Scor
|-activate|p1a: Scor Scor|move: Protect
|
|-heal|p1a: Scor Scor|42/100 tox|[from] ability: Poison Heal
|upkeep
|turn|18
|inactive|alovana0 has 120 seconds left.
|inactive|Gigachadium Z has 120 seconds left.
|
|t:|1759032321
|-end|p2a: Iron Treads|Quark Drive|[silent]
|switch|p2a: Staraptor|Staraptor, M|100/100
|move|p1a: Scor Scor|Stealth Rock|p2a: Staraptor
|-sidestart|p2: alovana0|move: Stealth Rock
|
|-heal|p1a: Scor Scor|55/100 tox|[from] ability: Poison Heal
|upkeep
|turn|19
|inactive|Gigachadium Z has 120 seconds left.
|inactive|alovana0 has 120 seconds left.
|
|t:|1759032330
|move|p2a: Staraptor|Brave Bird|p1a: Scor Scor
|-damage|p1a: Scor Scor|0 fnt
|faint|p1a: Scor Scor
|-damage|p2a: Staraptor|80/100|[from] Recoil
|
|upkeep
|inactive|Gigachadium Z has 120 seconds left.
|
|t:|1759032344
|switch|p1a: Belmont|Gholdengo|100/100
|turn|20
|inactive|Gigachadium Z has 120 seconds left.
|
|t:|1759032354
|move|p1a: Belmont|Make It Rain|p2a: Staraptor
|-damage|p2a: Staraptor|0 fnt
|-unboost|p1a: Belmont|spa|1
|faint|p2a: Staraptor
|
|upkeep
|
|t:|1759032365
|switch|p2a: Slowking|Slowking-Galar, F|100/100
|turn|21
|
|t:|1759032373
|switch|p1a: Great Tusk|Great Tusk|100/100
|move|p2a: Slowking|Flamethrower|p1a: Great Tusk
|-damage|p1a: Great Tusk|68/100
|
|upkeep
|turn|22
|
|t:|1759032388
|switch|p2a: Ogerpon|Ogerpon-Wellspring, F|52/100 tox
|-damage|p2a: Ogerpon|40/100 tox|[from] Spikes
|-damage|p2a: Ogerpon|27/100 tox|[from] Stealth Rock
|move|p1a: Great Tusk|Headlong Rush|p2a: Ogerpon
|-resisted|p2a: Ogerpon
|-damage|p2a: Ogerpon|0 fnt
|-unboost|p1a: Great Tusk|def|1
|-unboost|p1a: Great Tusk|spd|1
|faint|p2a: Ogerpon
|
|upkeep
|
|t:|1759032397
|switch|p2a: Iron Treads|Iron Treads|41/100
|-damage|p2a: Iron Treads|29/100|[from] Spikes
|-damage|p2a: Iron Treads|25/100|[from] Stealth Rock
|turn|23
|
|t:|1759032403
|-end|p1a: Great Tusk|Protosynthesis|[silent]
|switch|p1a: Belmont|Gholdengo|100/100
|move|p2a: Iron Treads|Rapid Spin|p1a: Belmont
|-immune|p1a: Belmont
|
|upkeep
|turn|24
|
|t:|1759032415
|-end|p2a: Iron Treads|Quark Drive|[silent]
|switch|p2a: Slowking|Slowking-Galar, F|100/100
|move|p1a: Belmont|Shadow Ball|p2a: Slowking
|-supereffective|p2a: Slowking
|-damage|p2a: Slowking|50/100
|
|upkeep
|turn|25
|
|t:|1759032422
|move|p1a: Belmont|Shadow Ball|p2a: Slowking
|-supereffective|p2a: Slowking
|-damage|p2a: Slowking|0 fnt
|faint|p2a: Slowking
|
|upkeep
|
|t:|1759032425
|switch|p2a: Dragapult|Dragapult, M|41/100
|-damage|p2a: Dragapult|28/100|[from] Spikes
|-damage|p2a: Dragapult|16/100|[from] Stealth Rock
|turn|26
|
|t:|1759032434
|move|p1a: Belmont|Shadow Ball|p2a: Dragapult
|-supereffective|p2a: Dragapult
|-damage|p2a: Dragapult|0 fnt
|faint|p2a: Dragapult
|
|upkeep
|
|t:|1759032437
|switch|p2a: Iron Valiant|Iron Valiant|17/100
|-damage|p2a: Iron Valiant|5/100|[from] Spikes
|-damage|p2a: Iron Valiant|0 fnt|[from] Stealth Rock
|faint|p2a: Iron Valiant
|-end|p2a: Iron Valiant|Quark Drive|[silent]
|
|t:|1759032438
|switch|p2a: Iron Treads|Iron Treads|25/100
|-damage|p2a: Iron Treads|13/100|[from] Spikes
|-damage|p2a: Iron Treads|10/100|[from] Stealth Rock
|turn|27
|
|t:|1759032439
|move|p1a: Belmont|Shadow Ball|p2a: Iron Treads
|-damage|p2a: Iron Treads|0 fnt
|faint|p2a: Iron Treads
|-end|p2a: Iron Treads|Quark Drive|[silent]
|
|win|Gigachadium Z
|raw|Gigachadium Z's rating: 1412 &rarr; <strong>1429</strong><br />(+17 for winning)
|raw|alovana0's rating: 1367 &rarr; <strong>1350</strong><br />(-17 for losing)
|l|☆alovana0
|player|p2|
|l|☆Gigachadium Z
|player|p1|
