|j|☆Srodcasa
|j|☆dr.silvey
|t:|1759034055
|gametype|singles
|player|p1|Srodcasa|265|1249
|player|p2|dr.silvey|n|1236
|gen|9
|tier|[Gen 9] OU
|rated|
|rule|HP Percentage Mod: HP is shown in percentages
|rule|Endless Battle Clause: Forcing endless battles is banned
|rule|Species Clause: Limit one of each Pokémon
|rule|OHKO Clause: OHKO moves are banned
|rule|Evasion Items Clause: Evasion items are banned
|rule|Evasion Moves Clause: Evasion moves are banned
|rule|Evasion Abilities Clause: Evasion abilities are banned
|rule|Sleep Moves Clause: Sleep-inducing moves are banned
|clearpoke
|poke|p1|Iron Treads|
|poke|p1|Pelipper, F|
|poke|p1|Kingdra, F|
|poke|p1|Rillaboom, F|
|poke|p1|Basculegion, M|
|poke|p1|Raging Bolt|
|poke|p2|Darkrai|
|poke|p2|Great Tusk|
|poke|p2|Ogerpon-Wellspring, F|
|poke|p2|Gholdengo|
|poke|p2|Dragonite, F|
|poke|p2|Ting-Lu|
|teampreview
|inactive|Battle timer is ON: inactive players will automatically lose when time's up. (requested by Srodcasa)
|
|t:|1759034085
|teamsize|p1|6
|teamsize|p2|6
|start
|switch|p1a: Pelipper|Pelipper, F|100/100
|switch|p2a: Ting-Lu|Ting-Lu|100/100
|-weather|RainDance|[from] ability: Drizzle|[of] p1a: Pelipper
|-ability|p2a: Ting-Lu|Vessel of Ruin
|turn|1
|
|t:|1759034092
|-terastallize|p2a: Ting-Lu|Water
|move|p1a: Pelipper|Weather Ball|p2a: Ting-Lu
|-resisted|p2a: Ting-Lu
|-damage|p2a: Ting-Lu|90/100
|move|p2a: Ting-Lu|Spikes|p1a: Pelipper
|-sidestart|p1: Srodcasa|Spikes
|
|-weather|RainDance|[upkeep]
|-heal|p2a: Ting-Lu|97/100|[from] item: Leftovers
|upkeep
|turn|2
|
|t:|1759034100
|move|p1a: Pelipper|U-turn|p2a: Ting-Lu
|-damage|p2a: Ting-Lu|92/100
|inactive|Srodcasa has 120 seconds left.
|inactive|Srodcasa has 90 seconds left.
|
|t:|1759034161
|switch|p1a: Rillaboom|Rillaboom, F|100/100|[from] U-turn
|-damage|p1a: Rillaboom|88/100|[from] Spikes
|-fieldstart|move: Grassy Terrain|[from] ability: Grassy Surge|[of] p1a: Rillaboom
|move|p2a: Ting-Lu|Spikes|p1a: Rillaboom
|-sidestart|p1: Srodcasa|Spikes
|
|-weather|RainDance|[upkeep]
|-heal|p1a: Rillaboom|94/100|[from] Grassy Terrain
|-heal|p2a: Ting-Lu|98/100|[from] Grassy Terrain
|-heal|p2a: Ting-Lu|100/100|[from] item: Leftovers
|upkeep
|turn|3
|inactive|dr.silvey has 120 seconds left.
|inactive|dr.silvey has 90 seconds left.
|
|t:|1759034223
|move|p1a: Rillaboom|U-turn|p2a: Ting-Lu
|-damage|p2a: Ting-Lu|86/100
|inactive|Srodcasa has 90 seconds left.
|
|t:|1759034244
|switch|p1a: Iron Treads|Iron Treads|100/100|[from] U-turn
|-damage|p1a: Iron Treads|84/100|[from] Spikes
|-enditem|p1a: Iron Treads|Booster Energy
|-activate|p1a: Iron Treads|ability: Quark Drive|[fromitem]
|-start|p1a: Iron Treads|quarkdrivespe
|move|p2a: Ting-Lu|Spikes|p1a: Iron Treads
|-sidestart|p1: Srodcasa|Spikes
|
|-weather|RainDance|[upkeep]
|-heal|p1a: Iron Treads|90/100|[from] Grassy Terrain
|-heal|p2a: Ting-Lu|93/100|[from] Grassy Terrain
|-heal|p2a: Ting-Lu|99/100|[from] item: Leftovers
|upkeep
|turn|4
|inactive|dr.silvey has 90 seconds left.
|
|t:|1759034263
|switch|p2a: Gholdengo|Gholdengo|100/100
|-item|p2a: Gholdengo|Air Balloon
|move|p1a: Iron Treads|Stealth Rock|p2a: Gholdengo
|-sidestart|p2: dr.silvey|move: Stealth Rock
|
|-weather|RainDance|[upkeep]
|-heal|p1a: Iron Treads|96/100|[from] Grassy Terrain
|upkeep
|turn|5
|inactive|Srodcasa has 90 seconds left.
|
|t:|1759034299
|-end|p1a: Iron Treads|Quark Drive|[silent]
|switch|p1a: Rillaboom|Rillaboom, F|94/100
|-damage|p1a: Rillaboom|69/100|[from] Spikes
|move|p2a: Gholdengo|Shadow Ball|p1a: Rillaboom
|-damage|p1a: Rillaboom|41/100
|
|-weather|RainDance|[upkeep]
|-heal|p1a: Rillaboom|47/100|[from] Grassy Terrain
|upkeep
|turn|6
|inactive|dr.silvey has 90 seconds left.
|inactive|dr.silvey has 60 seconds left.
|inactive|dr.silvey has 30 seconds left.
|
|t:|1759034374
|switch|p2a: Dragonite|Dragonite, F|100/100
|move|p1a: Rillaboom|U-turn|p2a: Dragonite
|-resisted|p2a: Dragonite
|-damage|p2a: Dragonite|95/100
|inactive|Srodcasa has 60 seconds left.
|
|t:|1759034400
|switch|p1a: Kingdra|Kingdra, F|100/100|[from] U-turn
|-damage|p1a: Kingdra|76/100|[from] Spikes
|
|-weather|RainDance|[upkeep]
|-heal|p1a: Kingdra|82/100|[from] Grassy Terrain
|-fieldend|move: Grassy Terrain
|upkeep
|turn|7
|
|t:|1759034412
|switch|p2a: Ting-Lu|Ting-Lu, tera:Water|99/100
|-damage|p2a: Ting-Lu|86/100|[from] Stealth Rock
|-ability|p2a: Ting-Lu|Vessel of Ruin
|move|p1a: Kingdra|Draco Meteor|p2a: Ting-Lu|[miss]
|-miss|p1a: Kingdra|p2a: Ting-Lu
|
|-weather|RainDance|[upkeep]
|-heal|p2a: Ting-Lu|93/100|[from] item: Leftovers
|upkeep
|turn|8
|inactive|Srodcasa has 60 seconds left.
|
|t:|1759034433
|move|p1a: Kingdra|Draco Meteor|p2a: Ting-Lu|[miss]
|-miss|p1a: Kingdra|p2a: Ting-Lu
|move|p2a: Ting-Lu|Ruination|p1a: Kingdra
|-damage|p1a: Kingdra|41/100
|
|-weather|none
|-heal|p2a: Ting-Lu|99/100|[from] item: Leftovers
|upkeep
|turn|9
|c|☆Srodcasa|cool
|inactive|Srodcasa has 60 seconds left.
|
|t:|1759034440
|switch|p1a: Pelipper|Pelipper, F|100/100
|-weather|RainDance|[from] ability: Drizzle|[of] p1a: Pelipper
|move|p2a: Ting-Lu|Earthquake|p1a: Pelipper
|-immune|p1a: Pelipper
|
|-weather|RainDance|[upkeep]
|-heal|p2a: Ting-Lu|100/100|[from] item: Leftovers
|upkeep
|turn|10
|
|t:|1759034449
|move|p1a: Pelipper|Hurricane|p2a: Ting-Lu
|-damage|p2a: Ting-Lu|86/100
|-start|p2a: Ting-Lu|confusion
|-activate|p2a: Ting-Lu|confusion
|move|p2a: Ting-Lu|Ruination|p1a: Pelipper
|-damage|p1a: Pelipper|51/100
|
|-weather|RainDance|[upkeep]
|-heal|p2a: Ting-Lu|93/100|[from] item: Leftovers
|upkeep
|turn|11
|inactive|dr.silvey has 60 seconds left.
|
|t:|1759034458
|move|p1a: Pelipper|Hurricane|p2a: Ting-Lu
|-damage|p2a: Ting-Lu|77/100
|-activate|p2a: Ting-Lu|confusion
|-damage|p2a: Ting-Lu|70/100|[from] confusion
|
|-weather|RainDance|[upkeep]
|-heal|p2a: Ting-Lu|77/100|[from] item: Leftovers
|upkeep
|turn|12
|
|t:|1759034463
|move|p1a: Pelipper|Hurricane|p2a: Ting-Lu
|-damage|p2a: Ting-Lu|63/100
|-activate|p2a: Ting-Lu|confusion
|move|p2a: Ting-Lu|Whirlwind|p1a: Pelipper
|drag|p1a: Kingdra|Kingdra, F|41/100
|-damage|p1a: Kingdra|17/100|[from] Spikes
|
|-weather|RainDance|[upkeep]
|-heal|p2a: Ting-Lu|69/100|[from] item: Leftovers
|upkeep
|turn|13
|
|t:|1759034471
|move|p1a: Kingdra|Draco Meteor|p2a: Ting-Lu
|-damage|p2a: Ting-Lu|37/100
|-unboost|p1a: Kingdra|spa|2
|-damage|p1a: Kingdra|7/100|[from] item: Life Orb
|-activate|p2a: Ting-Lu|confusion
|-damage|p2a: Ting-Lu|31/100|[from] confusion
|
|-weather|RainDance|[upkeep]
|-heal|p2a: Ting-Lu|38/100|[from] item: Leftovers
|upkeep
|turn|14
|
|t:|1759034483
|move|p1a: Kingdra|Wave Crash|p2a: Ting-Lu
|-resisted|p2a: Ting-Lu
|-damage|p2a: Ting-Lu|16/100
|-damage|p1a: Kingdra|0 fnt|[from] Recoil
|faint|p1a: Kingdra
|-end|p2a: Ting-Lu|confusion
|move|p2a: Ting-Lu|Whirlwind|p1: Kingdra|[notarget]
|-fail|p2a: Ting-Lu
|
|-weather|RainDance|[upkeep]
|-heal|p2a: Ting-Lu|23/100|[from] item: Leftovers
|upkeep
|
|t:|1759034495
|switch|p1a: Rillaboom|Rillaboom, F|47/100
|-damage|p1a: Rillaboom|22/100|[from] Spikes
|-fieldstart|move: Grassy Terrain|[from] ability: Grassy Surge|[of] p1a: Rillaboom
|turn|15
|
|t:|1759034503
|move|p1a: Rillaboom|Grassy Glide|p2a: Ting-Lu
|-supereffective|p2a: Ting-Lu
|-damage|p2a: Ting-Lu|0 fnt
|faint|p2a: Ting-Lu
|
|-weather|RainDance|[upkeep]
|-heal|p1a: Rillaboom|28/100|[from] Grassy Terrain
|upkeep
|
|t:|1759034510
|switch|p2a: Ogerpon|Ogerpon-Wellspring, F|100/100
|-damage|p2a: Ogerpon|88/100|[from] Stealth Rock
|turn|16
|
|t:|1759034520
|move|p2a: Ogerpon|U-turn|p1a: Rillaboom
|-supereffective|p1a: Rillaboom
|-damage|p1a: Rillaboom|0 fnt
|faint|p1a: Rillaboom
|inactive|dr.silvey has 90 seconds left.
|
|t:|1759034528
|switch|p2a: Dragonite|Dragonite, F|95/100|[from] U-turn
|
|-weather|none
|upkeep
|
|t:|1759034537
|switch|p1a: Iron Treads|Iron Treads|96/100
|-damage|p1a: Iron Treads|72/100|[from] Spikes
|turn|17
|
|t:|1759034542
|switch|p2a: Gholdengo|Gholdengo|100/100
|-damage|p2a: Gholdengo|94/100|[from] Stealth Rock
|-item|p2a: Gholdengo|Air Balloon
|move|p1a: Iron Treads|Steel Beam|p2a: Gholdengo
|-resisted|p2a: Gholdengo
|-damage|p2a: Gholdengo|69/100
|-enditem|p2a: Gholdengo|Air Balloon
|-damage|p1a: Iron Treads|21/100|[from] steelbeam
|
|-heal|p1a: Iron Treads|28/100|[from] Grassy Terrain
|-heal|p2a: Gholdengo|75/100|[from] Grassy Terrain
|upkeep
|turn|18
|
|t:|1759034553
|move|p1a: Iron Treads|Earth Power|p2a: Gholdengo
|-supereffective|p2a: Gholdengo
|-damage|p2a: Gholdengo|11/100
|move|p2a: Gholdengo|Shadow Ball|p1a: Iron Treads
|-damage|p1a: Iron Treads|0 fnt
|faint|p1a: Iron Treads
|-end|p1a: Iron Treads|Quark Drive|[silent]
|
|-heal|p2a: Gholdengo|17/100|[from] Grassy Terrain
|upkeep
|
|t:|1759034559
|switch|p1a: Pelipper|Pelipper, F|51/100
|-weather|RainDance|[from] ability: Drizzle|[of] p1a: Pelipper
|turn|19
|
|t:|1759034565
|move|p2a: Gholdengo|Recover|p2a: Gholdengo
|-heal|p2a: Gholdengo|67/100
|move|p1a: Pelipper|Hurricane|p2a: Gholdengo
|-resisted|p2a: Gholdengo
|-damage|p2a: Gholdengo|50/100
|-start|p2a: Gholdengo|confusion
|
|-weather|RainDance|[upkeep]
|-heal|p2a: Gholdengo|56/100|[from] Grassy Terrain
|-fieldend|move: Grassy Terrain
|upkeep
|turn|20
|
|t:|1759034571
|-activate|p2a: Gholdengo|confusion
|move|p2a: Gholdengo|Recover|p2a: Gholdengo
|-heal|p2a: Gholdengo|100/100
|move|p1a: Pelipper|Weather Ball|p2a: Gholdengo
|-crit|p2a: Gholdengo
|-damage|p2a: Gholdengo|29/100
|
|-weather|RainDance|[upkeep]
|upkeep
|turn|21
|inactive|dr.silvey has 120 seconds left.
|
|t:|1759034580
|-activate|p2a: Gholdengo|confusion
|-damage|p2a: Gholdengo|25/100|[from] confusion
|move|p1a: Pelipper|Hurricane|p2a: Gholdengo
|-resisted|p2a: Gholdengo
|-damage|p2a: Gholdengo|8/100
|
|-weather|RainDance|[upkeep]
|upkeep
|turn|22
|
|t:|1759034585
|-activate|p2a: Gholdengo|confusion
|-damage|p2a: Gholdengo|5/100|[from] confusion
|move|p1a: Pelipper|Roost|p1a: Pelipper
|-heal|p1a: Pelipper|100/100
|-singleturn|p1a: Pelipper|move: Roost
|
|-weather|RainDance|[upkeep]
|upkeep
|turn|23
|
|t:|1759034590
|-end|p2a: Gholdengo|confusion
|move|p2a: Gholdengo|Shadow Ball|p1a: Pelipper
|-damage|p1a: Pelipper|52/100
|-unboost|p1a: Pelipper|spd|1
|move|p1a: Pelipper|Weather Ball|p2a: Gholdengo
|-damage|p2a: Gholdengo|0 fnt
|faint|p2a: Gholdengo
|
|-weather|RainDance|[upkeep]
|upkeep
|
|t:|1759034600
|switch|p2a: Dragonite|Dragonite, F|95/100
|turn|24
|
|t:|1759034608
|move|p1a: Pelipper|U-turn|p2a: Dragonite
|-resisted|p2a: Dragonite
|-damage|p2a: Dragonite|91/100
|
|t:|1759034612
|switch|p1a: Basculegion|Basculegion, M|100/100|[from] U-turn
|-damage|p1a: Basculegion|76/100|[from] Spikes
|move|p2a: Dragonite|Dragon Tail|p1a: Basculegion
|-damage|p1a: Basculegion|32/100
|drag|p1a: Pelipper|Pelipper, F|52/100
|
|-weather|RainDance|[upkeep]
|upkeep
|turn|25
|
|t:|1759034621
|move|p1a: Pelipper|Roost|p1a: Pelipper
|-heal|p1a: Pelipper|100/100
|-singleturn|p1a: Pelipper|move: Roost
|move|p2a: Dragonite|Dragon Tail|p1a: Pelipper|[miss]
|-miss|p2a: Dragonite|p1a: Pelipper
|
|-weather|RainDance|[upkeep]
|upkeep
|turn|26
|
|t:|1759034628
|move|p1a: Pelipper|Hurricane|p2a: Dragonite
|-damage|p2a: Dragonite|56/100
|move|p2a: Dragonite|Dragon Tail|p1a: Pelipper
|-damage|p1a: Pelipper|70/100
|drag|p1a: Raging Bolt|Raging Bolt|100/100
|-damage|p1a: Raging Bolt|76/100|[from] Spikes
|
|-weather|none
|upkeep
|turn|27
|
|t:|1759034640
|move|p1a: Raging Bolt|Dragon Pulse|p2a: Dragonite
|-supereffective|p2a: Dragonite
|-damage|p2a: Dragonite|0 fnt
|faint|p2a: Dragonite
|
|upkeep
|
|t:|1759034647
|switch|p2a: Great Tusk|Great Tusk|100/100
|turn|28
|
|t:|1759034651
|-end|p1a: Raging Bolt|Protosynthesis|[silent]
|switch|p1a: Pelipper|Pelipper, F|70/100
|-weather|RainDance|[from] ability: Drizzle|[of] p1a: Pelipper
|move|p2a: Great Tusk|Headlong Rush|p1a: Pelipper
|-immune|p1a: Pelipper
|
|-weather|RainDance|[upkeep]
|upkeep
|turn|29
|
|t:|1759034659
|-end|p2a: Great Tusk|Protosynthesis|[silent]
|switch|p2a: Ogerpon|Ogerpon-Wellspring, F|88/100
|-damage|p2a: Ogerpon|76/100|[from] Stealth Rock
|move|p1a: Pelipper|Hurricane|p2a: Ogerpon
|-supereffective|p2a: Ogerpon
|-damage|p2a: Ogerpon|0 fnt
|faint|p2a: Ogerpon
|
|-weather|RainDance|[upkeep]
|upkeep
|
|t:|1759034666
|switch|p2a: Darkrai|Darkrai|100/100
|-damage|p2a: Darkrai|88/100|[from] Stealth Rock
|turn|30
|
|t:|1759034673
|move|p2a: Darkrai|Dark Pulse|p1a: Pelipper
|-damage|p1a: Pelipper|23/100
|move|p1a: Pelipper|Weather Ball|p2a: Darkrai
|-damage|p2a: Darkrai|31/100
|
|-weather|RainDance|[upkeep]
|-heal|p2a: Darkrai|38/100|[from] item: Leftovers
|upkeep
|turn|31
|
|t:|1759034679
|move|p2a: Darkrai|Dark Pulse|p1a: Pelipper
|-damage|p1a: Pelipper|0 fnt
|faint|p1a: Pelipper
|
|-weather|RainDance|[upkeep]
|-heal|p2a: Darkrai|44/100|[from] item: Leftovers
|upkeep
|
|t:|1759034694
|switch|p1a: Basculegion|Basculegion, M|32/100
|-damage|p1a: Basculegion|8/100|[from] Spikes
|turn|32
|
|t:|1759034698
|move|p1a: Basculegion|Aqua Jet|p2a: Darkrai
|-damage|p2a: Darkrai|0 fnt
|faint|p2a: Darkrai
|
|-weather|RainDance|[upkeep]
|upkeep
|
|t:|1759034701
|switch|p2a: Great Tusk|Great Tusk|100/100
|turn|33
|
|t:|1759034704
|move|p1a: Basculegion|Aqua Jet|p2a: Great Tusk
|-supereffective|p2a: Great Tusk
|-damage|p2a: Great Tusk|33/100
|move|p2a: Great Tusk|Rapid Spin|p1a: Basculegion
|-immune|p1a: Basculegion
|
|-weather|RainDance|[upkeep]
|upkeep
|turn|34
|-message|dr.silvey forfeited.
|
|win|Srodcasa
|raw|Srodcasa's rating: 1249 &rarr; <strong>1273</strong><br />(+24 for winning)
|raw|dr.silvey's rating: 1236 &rarr; <strong>1212</strong><br />(-24 for losing)
|l|☆dr.silvey
|player|p2|
|l|☆Srodcasa
|player|p1|
