|j|☆Nameless Moron
|j|☆MVA Monotype
|t:|1759064247
|gametype|singles
|player|p1|Nameless Moron|unknown|1136
|player|p2|MVA Monotype|riley|1179
|gen|9
|tier|[Gen 9] OU
|rated|
|rule|HP Percentage Mod: HP is shown in percentages
|rule|Endless Battle Clause: Forcing endless battles is banned
|rule|Species Clause: Limit one of each Pokémon
|rule|OHKO Clause: OHKO moves are banned
|rule|Evasion Items Clause: Evasion items are banned
|rule|Evasion Moves Clause: Evasion moves are banned
|rule|Evasion Abilities Clause: Evasion abilities are banned
|rule|Sleep Moves Clause: Sleep-inducing moves are banned
|clearpoke
|poke|p1|Slowking-Galar, F|
|poke|p1|Zamazenta-*|
|poke|p1|Kyurem|
|poke|p1|Cinderace, M|
|poke|p1|Iron Valiant|
|poke|p1|Great Tusk|
|poke|p2|Dragapult, M|
|poke|p2|Hydreigon, M|
|poke|p2|Dragalge, F|
|poke|p2|Goodra-Hisui, M|
|poke|p2|Latios, M|
|poke|p2|Haxorus, M|
|teampreview
|inactive|Battle timer is ON: inactive players will automatically lose when time's up. (requested by MVA Monotype)
|inactive|Nameless Moron also wants the timer to be on.
|
|t:|1759064263
|teamsize|p1|6
|teamsize|p2|6
|start
|switch|p1a: Slowking|Slowking-Galar, F|100/100
|switch|p2a: Latios|Latios, M|100/100
|turn|1
|
|t:|1759064269
|switch|p1a: Cinderace|Cinderace, M|100/100
|move|p2a: Latios|Trick|p1a: Cinderace
|-activate|p2a: Latios|move: Trick|[of] p1a: Cinderace
|-item|p1a: Cinderace|Choice Scarf|[from] move: Trick
|-item|p2a: Latios|Heavy-Duty Boots|[from] move: Trick
|
|upkeep
|turn|2
|
|t:|1759064286
|move|p1a: Cinderace|Pyro Ball|p2a: Latios
|-resisted|p2a: Latios
|-damage|p2a: Latios|58/100
|move|p2a: Latios|Luster Purge|p1a: Cinderace
|-damage|p1a: Cinderace|32/100
|-unboost|p1a: Cinderace|spd|1
|
|upkeep
|turn|3
|
|t:|1759064294
|move|p1a: Cinderace|Pyro Ball|p2a: Latios
|-resisted|p2a: Latios
|-damage|p2a: Latios|16/100
|move|p2a: Latios|Luster Purge|p1a: Cinderace
|-damage|p1a: Cinderace|0 fnt
|faint|p1a: Cinderace
|
|upkeep
|
|t:|1759064305
|switch|p1a: Great Tusk|Great Tusk|100/100
|-enditem|p1a: Great Tusk|Booster Energy
|-activate|p1a: Great Tusk|ability: Protosynthesis|[fromitem]
|-start|p1a: Great Tusk|protosynthesisspe
|turn|4
|
|t:|1759064326
|switch|p2a: Dragapult|Dragapult, M|100/100
|move|p1a: Great Tusk|Ice Spinner|p2a: Dragapult
|-supereffective|p2a: Dragapult
|-damage|p2a: Dragapult|35/100
|
|upkeep
|turn|5
|
|t:|1759064333
|switch|p2a: Latios|Latios, M|16/100
|move|p1a: Great Tusk|Ice Spinner|p2a: Latios
|-supereffective|p2a: Latios
|-damage|p2a: Latios|0 fnt
|faint|p2a: Latios
|
|upkeep
|
|t:|1759064350
|switch|p2a: Goodra|Goodra-Hisui, M|100/100
|turn|6
|
|t:|1759064355
|-terastallize|p2a: Goodra|Flying
|move|p1a: Great Tusk|Close Combat|p2a: Goodra
|-resisted|p2a: Goodra
|-damage|p2a: Goodra|74/100
|-unboost|p1a: Great Tusk|def|1
|-unboost|p1a: Great Tusk|spd|1
|move|p2a: Goodra|Ice Beam|p1a: Great Tusk
|-supereffective|p1a: Great Tusk
|-damage|p1a: Great Tusk|0 fnt
|faint|p1a: Great Tusk
|-end|p1a: Great Tusk|Protosynthesis|[silent]
|
|upkeep
|
|t:|1759064374
|switch|p1a: Kyurem|Kyurem, shiny|100/100
|-ability|p1a: Kyurem|Pressure
|turn|7
|
|t:|1759064390
|-terastallize|p1a: Kyurem|Ice
|move|p1a: Kyurem|Freeze-Dry|p2a: Goodra
|-supereffective|p2a: Goodra
|-damage|p2a: Goodra|3/100
|move|p2a: Goodra|Draco Meteor|p1a: Kyurem
|-damage|p1a: Kyurem|42/100
|-unboost|p2a: Goodra|spa|2
|
|upkeep
|turn|8
|
|t:|1759064401
|move|p1a: Kyurem|Freeze-Dry|p2a: Goodra
|-supereffective|p2a: Goodra
|-damage|p2a: Goodra|0 fnt
|faint|p2a: Goodra
|
|upkeep
|
|t:|1759064402
|switch|p2a: Dragapult|Dragapult, M|35/100
|turn|9
|
|t:|1759064408
|move|p2a: Dragapult|Fire Blast|p1a: Kyurem
|-supereffective|p1a: Kyurem
|-damage|p1a: Kyurem|0 fnt
|faint|p1a: Kyurem
|-damage|p2a: Dragapult|25/100|[from] item: Life Orb
|
|upkeep
|
|t:|1759064418
|switch|p1a: Slowking|Slowking-Galar, F|100/100
|turn|10
|
|t:|1759064426
|move|p2a: Dragapult|Dragon Darts|p1a: Slowking
|-damage|p1a: Slowking|72/100
|-anim|p2a: Dragapult|Dragon Darts|p1a: Slowking
|-damage|p1a: Slowking|42/100
|-damage|p2a: Dragapult|15/100|[from] item: Life Orb
|move|p1a: Slowking|Psychic Terrain|p1a: Slowking
|-fieldstart|move: Psychic Terrain
|
|upkeep
|turn|11
|
|t:|1759064447
|move|p2a: Dragapult|Fire Blast|p1a: Slowking
|-damage|p1a: Slowking|20/100
|-damage|p2a: Dragapult|6/100|[from] item: Life Orb
|-prepare|p1a: Slowking|Chilly Reception|[premajor]
|move|p1a: Slowking|Chilly Reception|p1a: Slowking
|-weather|Snowscape
|
|t:|1759064455
|switch|p1a: Iron Valiant|Iron Valiant|100/100|[from] Chilly Reception
|-enditem|p1a: Iron Valiant|Booster Energy
|-activate|p1a: Iron Valiant|ability: Quark Drive|[fromitem]
|-start|p1a: Iron Valiant|quarkdrivespe
|
|-weather|Snowscape|[upkeep]
|upkeep
|turn|12
|
|t:|1759064466
|move|p1a: Iron Valiant|Moonblast|p2a: Dragapult
|-supereffective|p2a: Dragapult
|-damage|p2a: Dragapult|0 fnt
|faint|p2a: Dragapult
|
|-weather|Snowscape|[upkeep]
|upkeep
|
|t:|1759064473
|switch|p2a: Dragalge|Dragalge, F, shiny|100/100
|turn|13
|
|t:|1759064491
|-end|p1a: Iron Valiant|Quark Drive|[silent]
|switch|p1a: Slowking|Slowking-Galar, F|53/100
|move|p2a: Dragalge|Sludge Wave|p1a: Slowking
|-resisted|p1a: Slowking
|-damage|p1a: Slowking|36/100
|
|-weather|Snowscape|[upkeep]
|upkeep
|turn|14
|
|t:|1759064500
|move|p2a: Dragalge|Dragon Pulse|p1a: Slowking
|-damage|p1a: Slowking|3/100
|move|p1a: Slowking|Future Sight|p2a: Dragalge
|-start|p1a: Slowking|move: Future Sight
|
|-weather|Snowscape|[upkeep]
|upkeep
|turn|15
|
|t:|1759064512
|move|p2a: Dragalge|Sludge Wave|p1a: Slowking
|-resisted|p1a: Slowking
|-damage|p1a: Slowking|0 fnt
|faint|p1a: Slowking
|
|-weather|none
|upkeep
|
|t:|1759064525
|switch|p1a: Zamazenta|Zamazenta|100/100
|-ability|p1a: Zamazenta|Dauntless Shield|boost
|-boost|p1a: Zamazenta|def|1
|turn|16
|
|t:|1759064532
|switch|p2a: MEGA FOR 2025|Haxorus, M, shiny|100/100
|-ability|p2a: MEGA FOR 2025|Mold Breaker
|move|p1a: Zamazenta|Iron Defense|p1a: Zamazenta
|-boost|p1a: Zamazenta|def|2
|
|-end|p2a: MEGA FOR 2025|move: Future Sight
|-damage|p2a: MEGA FOR 2025|8/100
|upkeep
|turn|17
|
|t:|1759064543
|move|p1a: Zamazenta|Crunch|p2a: MEGA FOR 2025
|-damage|p2a: MEGA FOR 2025|0 fnt
|faint|p2a: MEGA FOR 2025
|
|-fieldend|move: Psychic Terrain
|upkeep
|
|t:|1759064551
|switch|p2a: Hydreigon|Hydreigon, M|100/100
|turn|18
|
|t:|1759064555
|move|p1a: Zamazenta|Body Press|p2a: Hydreigon
|-supereffective|p2a: Hydreigon
|-enditem|p2a: Hydreigon|Chople Berry|[eat]
|-enditem|p2a: Hydreigon|Chople Berry|[weaken]
|-damage|p2a: Hydreigon|4/100
|move|p2a: Hydreigon|Draco Meteor|p1a: Zamazenta
|-damage|p1a: Zamazenta|51/100
|-unboost|p2a: Hydreigon|spa|2
|
|-heal|p1a: Zamazenta|57/100|[from] item: Leftovers
|upkeep
|turn|19
|
|t:|1759064565
|move|p1a: Zamazenta|Crunch|p2a: Hydreigon
|-resisted|p2a: Hydreigon
|-damage|p2a: Hydreigon|0 fnt
|faint|p2a: Hydreigon
|
|-heal|p1a: Zamazenta|63/100|[from] item: Leftovers
|upkeep
|
|t:|1759064567
|switch|p2a: Dragalge|Dragalge, F, shiny|100/100
|turn|20
|c|☆Nameless Moron|all your pokemon were dual type
|
|t:|1759064582
|move|p1a: Zamazenta|Body Press|p2a: Dragalge
|-resisted|p2a: Dragalge
|-damage|p2a: Dragalge|45/100
|move|p2a: Dragalge|Sludge Wave|p1a: Zamazenta
|-damage|p1a: Zamazenta|15/100
|
|-heal|p1a: Zamazenta|21/100|[from] item: Leftovers
|-heal|p2a: Dragalge|51/100|[from] item: Black Sludge
|upkeep
|turn|21
|c|☆MVA Monotype|Not Haxorus
|
|t:|1759064594
|move|p1a: Zamazenta|Body Press|p2a: Dragalge
|-resisted|p2a: Dragalge
|-damage|p2a: Dragalge|0 fnt
|faint|p2a: Dragalge
|
|win|Nameless Moron
|raw|Nameless Moron's rating: 1136 &rarr; <strong>1164</strong><br />(+28 for winning)
|raw|MVA Monotype's rating: 1179 &rarr; <strong>1151</strong><br />(-28 for losing)
|l|☆MVA Monotype
|player|p2|
|c|☆Nameless Moron|except him
