|j|☆vghhjg
|j|☆avlavlavlavl
|t:|1758967389
|gametype|singles
|player|p1|vghhjg|266|1546
|player|p2|avlavlavlavl|lacey|1673
|gen|9
|tier|[Gen 9] OU
|rated|
|rule|HP Percentage Mod: HP is shown in percentages
|rule|Endless Battle Clause: Forcing endless battles is banned
|rule|Species Clause: Limit one of each Pokémon
|rule|OHKO Clause: OHKO moves are banned
|rule|Evasion Items Clause: Evasion items are banned
|rule|Evasion Moves Clause: Evasion moves are banned
|rule|Evasion Abilities Clause: Evasion abilities are banned
|rule|Sleep Moves Clause: Sleep-inducing moves are banned
|clearpoke
|poke|p1|Gholdengo|
|poke|p1|Ribombee, M|
|poke|p1|Dragonite, M|
|poke|p1|Comfey, M|
|poke|p1|Primarina, M|
|poke|p1|Kommo-o, M|
|poke|p2|Primarina, F|
|poke|p2|Gholdengo|
|poke|p2|Meowscarada, F|
|poke|p2|Moltres|
|poke|p2|Zamazenta-*|
|poke|p2|Iron Treads|
|teampreview
|
|t:|1758967406
|teamsize|p1|6
|teamsize|p2|6
|start
|switch|p1a: Ribombee|Ribombee, M|100/100
|switch|p2a: Meowscarada|Meowscarada, F|100/100
|turn|1
|
|t:|1758967415
|-terastallize|p1a: Ribombee|Steel
|move|p2a: Meowscarada|Triple Axel|p1a: Ribombee
|-start|p2a: Meowscarada|typechange|Ice|[from] ability: Protean
|-resisted|p1a: Ribombee
|-crit|p1a: Ribombee
|-damage|p1a: Ribombee|87/100
|-hitcount|p1a: Ribombee|1
|move|p1a: Ribombee|Stun Spore|p2a: Meowscarada
|-status|p2a: Meowscarada|par
|
|upkeep
|turn|2
|
|t:|1758967440
|switch|p2a: Iron Treads|Iron Treads|100/100
|-item|p2a: Iron Treads|Air Balloon
|move|p1a: Ribombee|Sticky Web|p2a: Iron Treads
|-sidestart|p2: avlavlavlavl|move: Sticky Web
|
|upkeep
|turn|3
|
|t:|1758967451
|move|p1a: Ribombee|Stun Spore|p2a: Iron Treads|[miss]
|-miss|p1a: Ribombee|p2a: Iron Treads
|move|p2a: Iron Treads|Ice Spinner|p1a: Ribombee
|-resisted|p1a: Ribombee
|-crit|p1a: Ribombee
|-damage|p1a: Ribombee|57/100
|
|upkeep
|turn|4
|
|t:|1758967454
|move|p1a: Ribombee|Stun Spore|p2a: Iron Treads
|-status|p2a: Iron Treads|par
|move|p2a: Iron Treads|Rapid Spin|p1a: Ribombee
|-resisted|p1a: Ribombee
|-damage|p1a: Ribombee|45/100
|-boost|p2a: Iron Treads|spe|1
|-sideend|p2: avlavlavlavl|Sticky Web|[from] move: Rapid Spin|[of] p2a: Iron Treads
|
|upkeep
|turn|5
|
|t:|1758967459
|move|p1a: Ribombee|Sticky Web|p2a: Iron Treads
|-sidestart|p2: avlavlavlavl|move: Sticky Web
|move|p2a: Iron Treads|Earthquake|p1a: Ribombee
|-supereffective|p1a: Ribombee
|-damage|p1a: Ribombee|0 fnt
|faint|p1a: Ribombee
|
|upkeep
|
|t:|1758967472
|switch|p1a: Gholdengo|Gholdengo|100/100
|-item|p1a: Gholdengo|Air Balloon
|turn|6
|
|t:|1758967488
|move|p1a: Gholdengo|Shadow Ball|p2a: Iron Treads
|-damage|p2a: Iron Treads|53/100 par
|-enditem|p2a: Iron Treads|Air Balloon
|cant|p2a: Iron Treads|par
|
|upkeep
|turn|7
|
|t:|1758967494
|move|p1a: Gholdengo|Shadow Ball|p2a: Iron Treads
|-damage|p2a: Iron Treads|0 fnt
|faint|p2a: Iron Treads
|-end|p2a: Iron Treads|Quark Drive|[silent]
|
|upkeep
|
|t:|1758967512
|switch|p2a: Zamazenta|Zamazenta|100/100
|-ability|p2a: Zamazenta|Dauntless Shield|boost
|-boost|p2a: Zamazenta|def|1
|turn|8
|
|t:|1758967531
|switch|p1a: Kommo-o|Kommo-o, M|100/100
|move|p2a: Zamazenta|Crunch|p1a: Kommo-o
|-resisted|p1a: Kommo-o
|-damage|p1a: Kommo-o|88/100
|
|upkeep
|turn|9
|
|t:|1758967539
|move|p2a: Zamazenta|Close Combat|p1a: Kommo-o
|-damage|p1a: Kommo-o|36/100
|-unboost|p2a: Zamazenta|def|1
|-unboost|p2a: Zamazenta|spd|1
|move|p1a: Kommo-o|Clangorous Soul|p1a: Kommo-o
|-boost|p1a: Kommo-o|atk|1
|-boost|p1a: Kommo-o|def|1
|-boost|p1a: Kommo-o|spa|1
|-boost|p1a: Kommo-o|spd|1
|-boost|p1a: Kommo-o|spe|1
|-damage|p1a: Kommo-o|3/100
|
|upkeep
|turn|10
|
|t:|1758967564
|switch|p2a: Meowscarada|Meowscarada, F|100/100 par
|-activate|p2a: Meowscarada|move: Sticky Web
|-unboost|p2a: Meowscarada|spe|1
|move|p1a: Kommo-o|Earthquake|p2a: Meowscarada
|-resisted|p2a: Meowscarada
|-damage|p2a: Meowscarada|61/100 par
|
|upkeep
|turn|11
|
|t:|1758967570
|move|p1a: Kommo-o|Tera Blast|p2a: Meowscarada
|-damage|p2a: Meowscarada|20/100 par
|move|p2a: Meowscarada|U-turn|p1a: Kommo-o
|-start|p2a: Meowscarada|typechange|Bug|[from] ability: Protean
|-resisted|p1a: Kommo-o
|-damage|p1a: Kommo-o|0 fnt
|faint|p1a: Kommo-o
|
|t:|1758967589
|switch|p2a: Zamazenta|Zamazenta|100/100|[from] U-turn
|
|upkeep
|
|t:|1758967601
|switch|p1a: Primarina|Primarina, M|100/100
|turn|12
|
|t:|1758967607
|switch|p2a: Gholdengo|Gholdengo|100/100
|-activate|p2a: Gholdengo|move: Sticky Web
|-unboost|p2a: Gholdengo|spe|1
|move|p1a: Primarina|Moonblast|p2a: Gholdengo
|-resisted|p2a: Gholdengo
|-damage|p2a: Gholdengo|72/100
|
|upkeep
|turn|13
|
|t:|1758967630
|switch|p2a: Primarina|Primarina, F|100/100
|-activate|p2a: Primarina|move: Sticky Web
|-unboost|p2a: Primarina|spe|1
|move|p1a: Primarina|Substitute|p1a: Primarina
|-start|p1a: Primarina|Substitute
|-damage|p1a: Primarina|76/100
|
|-heal|p1a: Primarina|82/100|[from] item: Leftovers
|upkeep
|turn|14
|
|t:|1758967635
|move|p1a: Primarina|Calm Mind|p1a: Primarina
|-boost|p1a: Primarina|spa|1
|-boost|p1a: Primarina|spd|1
|move|p2a: Primarina|Moonblast|p1a: Primarina
|-end|p1a: Primarina|Substitute
|
|-heal|p1a: Primarina|88/100|[from] item: Leftovers
|upkeep
|turn|15
|
|t:|1758967639
|move|p1a: Primarina|Calm Mind|p1a: Primarina
|-boost|p1a: Primarina|spa|1
|-boost|p1a: Primarina|spd|1
|move|p2a: Primarina|Psychic Noise|p1a: Primarina
|-resisted|p1a: Primarina
|-damage|p1a: Primarina|78/100
|-start|p1a: Primarina|move: Heal Block
|
|upkeep
|turn|16
|
|t:|1758967643
|move|p1a: Primarina|Substitute|p1a: Primarina
|-start|p1a: Primarina|Substitute
|-damage|p1a: Primarina|53/100
|move|p2a: Primarina|Moonblast|p1a: Primarina
|-end|p1a: Primarina|Substitute
|
|-end|p1a: Primarina|move: Heal Block
|upkeep
|turn|17
|
|t:|1758967647
|move|p1a: Primarina|Moonblast|p2a: Primarina
|-damage|p2a: Primarina|44/100
|-unboost|p2a: Primarina|spa|1
|move|p2a: Primarina|Psychic Noise|p1a: Primarina
|-resisted|p1a: Primarina
|-damage|p1a: Primarina|45/100
|-start|p1a: Primarina|move: Heal Block
|
|upkeep
|turn|18
|
|t:|1758967656
|move|p1a: Primarina|Substitute|p1a: Primarina
|-start|p1a: Primarina|Substitute
|-damage|p1a: Primarina|20/100
|move|p2a: Primarina|Moonblast|p1a: Primarina
|-crit|p1a: Primarina
|-end|p1a: Primarina|Substitute
|
|-end|p1a: Primarina|move: Heal Block
|upkeep
|turn|19
|
|t:|1758967660
|move|p1a: Primarina|Moonblast|p2a: Primarina
|-damage|p2a: Primarina|0 fnt
|faint|p2a: Primarina
|
|-heal|p1a: Primarina|26/100|[from] item: Leftovers
|upkeep
|
|t:|1758967663
|switch|p2a: Zamazenta|Zamazenta|100/100
|turn|20
|
|t:|1758967667
|move|p2a: Zamazenta|Heavy Slam|p1a: Primarina
|-damage|p1a: Primarina|0 fnt
|faint|p1a: Primarina
|
|upkeep
|
|t:|1758967676
|switch|p1a: Gholdengo|Gholdengo|100/100
|-item|p1a: Gholdengo|Air Balloon
|turn|21
|
|t:|1758967680
|move|p2a: Zamazenta|Crunch|p1a: Gholdengo
|-supereffective|p1a: Gholdengo
|-damage|p1a: Gholdengo|46/100
|-enditem|p1a: Gholdengo|Air Balloon
|move|p1a: Gholdengo|Dazzling Gleam|p2a: Zamazenta
|-supereffective|p2a: Zamazenta
|-damage|p2a: Zamazenta|52/100
|
|upkeep
|turn|22
|
|t:|1758967683
|move|p2a: Zamazenta|Crunch|p1a: Gholdengo
|-supereffective|p1a: Gholdengo
|-damage|p1a: Gholdengo|0 fnt
|faint|p1a: Gholdengo
|
|upkeep
|
|t:|1758967689
|switch|p1a: Dragonite|Dragonite, M|100/100
|turn|23
|
|t:|1758967691
|switch|p2a: Moltres|Moltres|100/100
|move|p1a: Dragonite|Dragon Dance|p1a: Dragonite
|-boost|p1a: Dragonite|atk|1
|-boost|p1a: Dragonite|spe|1
|
|upkeep
|turn|24
|
|t:|1758967696
|move|p1a: Dragonite|Tera Blast|p2a: Moltres
|-damage|p2a: Moltres|84/100
|move|p2a: Moltres|Will-O-Wisp|p1a: Dragonite
|-status|p1a: Dragonite|brn
|
|-damage|p1a: Dragonite|94/100 brn|[from] brn
|upkeep
|turn|25
|
|t:|1758967701
|move|p1a: Dragonite|Tera Blast|p2a: Moltres
|-damage|p2a: Moltres|68/100
|move|p2a: Moltres|Flamethrower|p1a: Dragonite
|-resisted|p1a: Dragonite
|-damage|p1a: Dragonite|73/100 brn
|
|-damage|p1a: Dragonite|67/100 brn|[from] brn
|upkeep
|turn|26
|
|t:|1758967704
|move|p1a: Dragonite|Encore|p2a: Moltres
|-start|p2a: Moltres|Encore
|move|p2a: Moltres|Flamethrower|p1a: Dragonite
|-resisted|p1a: Dragonite
|-damage|p1a: Dragonite|47/100 brn
|
|-damage|p1a: Dragonite|41/100 brn|[from] brn
|upkeep
|turn|27
|
|t:|1758967707
|move|p1a: Dragonite|Dragon Dance|p1a: Dragonite
|-boost|p1a: Dragonite|atk|1
|-boost|p1a: Dragonite|spe|1
|move|p2a: Moltres|Flamethrower|p1a: Dragonite
|-resisted|p1a: Dragonite
|-damage|p1a: Dragonite|22/100 brn
|
|-damage|p1a: Dragonite|15/100 brn|[from] brn
|upkeep
|turn|28
|
|t:|1758967709
|move|p1a: Dragonite|Tera Blast|p2a: Moltres
|-damage|p2a: Moltres|49/100
|move|p2a: Moltres|Flamethrower|p1a: Dragonite
|-resisted|p1a: Dragonite
|-damage|p1a: Dragonite|0 fnt
|faint|p1a: Dragonite
|
|-end|p2a: Moltres|Encore
|upkeep
|
|t:|1758967712
|switch|p1a: Comfey|Comfey, M|100/100
|turn|29
|
|t:|1758967717
|move|p1a: Comfey|Calm Mind|p1a: Comfey
|-boost|p1a: Comfey|spa|1
|-boost|p1a: Comfey|spd|1
|move|p2a: Moltres|U-turn|p1a: Comfey
|-resisted|p1a: Comfey
|-damage|p1a: Comfey|91/100
|
|t:|1758967719
|switch|p2a: Gholdengo|Gholdengo|72/100|[from] U-turn
|-activate|p2a: Gholdengo|move: Sticky Web
|-unboost|p2a: Gholdengo|spe|1
|
|upkeep
|turn|30
|
|t:|1758967725
|-terastallize|p2a: Gholdengo|Steel
|move|p1a: Comfey|Calm Mind|p1a: Comfey
|-boost|p1a: Comfey|spa|1
|-boost|p1a: Comfey|spd|1
|move|p2a: Gholdengo|Make It Rain|p1a: Comfey
|-supereffective|p1a: Comfey
|-damage|p1a: Comfey|0 fnt
|-unboost|p2a: Gholdengo|spa|1
|faint|p1a: Comfey
|
|win|avlavlavlavl
|raw|vghhjg's rating: 1546 &rarr; <strong>1533</strong><br />(-13 for losing)
|raw|avlavlavlavl's rating: 1673 &rarr; <strong>1686</strong><br />(+13 for winning)
|l|☆avlavlavlavl
|player|p2|
|l|☆vghhjg
|player|p1|
