|j|☆ovinhu
|j|☆xiaoxiu41
|t:|1758991276
|gametype|singles
|player|p1|ovinhu|169|1000
|player|p2|xiaoxiu41|crasherwake|1022
|gen|9
|tier|[Gen 9] OU
|rated|
|rule|HP Percentage Mod: HP is shown in percentages
|rule|Endless Battle Clause: Forcing endless battles is banned
|rule|Species Clause: Limit one of each Pokémon
|rule|OHKO Clause: OHKO moves are banned
|rule|Evasion Items Clause: Evasion items are banned
|rule|Evasion Moves Clause: Evasion moves are banned
|rule|Evasion Abilities Clause: Evasion abilities are banned
|rule|Sleep Moves Clause: Sleep-inducing moves are banned
|clearpoke
|poke|p1|Noctowl, M|
|poke|p1|Gyarados, M|
|poke|p1|Gliscor, M|
|poke|p1|Braviary, M|
|poke|p1|Zapdos|
|poke|p1|Dragonite, M|
|poke|p2|Revavroom, M|
|poke|p2|Umbreon, F|
|poke|p2|Quagsire, F|
|poke|p2|Hydrapple, F|
|poke|p2|Talonflame, M|
|poke|p2|Rotom-Wash|
|teampreview
|
|t:|1758991294
|teamsize|p1|6
|teamsize|p2|6
|start
|switch|p1a: Gliscor|Gliscor, M|100/100
|switch|p2a: Quagsire|Quagsire, F|100/100
|turn|1
|
|t:|1758991305
|move|p1a: Gliscor|Toxic|p2a: Quagsire
|-status|p2a: Quagsire|tox
|move|p2a: Quagsire|Stealth Rock|p1a: Gliscor
|-sidestart|p1: ovinhu|move: Stealth Rock
|
|-damage|p2a: Quagsire|94/100 tox|[from] psn
|-status|p1a: Gliscor|tox|[from] item: Toxic Orb
|upkeep
|turn|2
|
|t:|1758991316
|switch|p2a: Revavroom|Revavroom, M|100/100
|-item|p2a: Revavroom|Air Balloon
|move|p1a: Gliscor|Stealth Rock|p2a: Revavroom
|-sidestart|p2: xiaoxiu41|move: Stealth Rock
|
|upkeep
|turn|3
|
|t:|1758991327
|move|p2a: Revavroom|Shift Gear|p2a: Revavroom
|-boost|p2a: Revavroom|spe|2
|-boost|p2a: Revavroom|atk|1
|move|p1a: Gliscor|Earthquake|p2a: Revavroom
|-immune|p2a: Revavroom
|
|upkeep
|turn|4
|
|t:|1758991335
|move|p2a: Revavroom|Shift Gear|p2a: Revavroom
|-boost|p2a: Revavroom|spe|2
|-boost|p2a: Revavroom|atk|1
|move|p1a: Gliscor|Toxic|p2a: Revavroom
|-immune|p2a: Revavroom
|
|upkeep
|turn|5
|
|t:|1758991350
|switch|p1a: Dragonite|Dragonite, M|100/100
|-damage|p1a: Dragonite|76/100|[from] Stealth Rock
|move|p2a: Revavroom|Shift Gear|p2a: Revavroom
|-boost|p2a: Revavroom|spe|2
|-boost|p2a: Revavroom|atk|1
|
|upkeep
|turn|6
|
|t:|1758991361
|move|p2a: Revavroom|Poison Jab|p1a: Dragonite
|-damage|p1a: Dragonite|9/100
|-damage|p2a: Revavroom|84/100|[from] item: Rocky Helmet|[of] p1a: Dragonite
|move|p1a: Dragonite|Flamethrower|p2a: Revavroom
|-supereffective|p2a: Revavroom
|-damage|p2a: Revavroom|18/100
|-enditem|p2a: Revavroom|Air Balloon
|
|upkeep
|turn|7
|
|t:|1758991386
|switch|p1a: Noctowl|Noctowl, M|100/100
|-damage|p1a: Noctowl|75/100|[from] Stealth Rock
|move|p2a: Revavroom|Poison Jab|p1a: Noctowl
|-damage|p1a: Noctowl|0 fnt
|faint|p1a: Noctowl
|
|upkeep
|
|t:|1758991396
|switch|p1a: Dragonite|Dragonite, M|9/100
|-damage|p1a: Dragonite|0 fnt|[from] Stealth Rock
|faint|p1a: Dragonite
|
|t:|1758991401
|switch|p1a: Gliscor|Gliscor, M|100/100 tox
|-damage|p1a: Gliscor|88/100 tox|[from] Stealth Rock
|turn|8
|
|t:|1758991408
|move|p2a: Revavroom|Iron Head|p1a: Gliscor
|-damage|p1a: Gliscor|6/100 tox
|cant|p1a: Gliscor|flinch
|
|-heal|p1a: Gliscor|18/100 tox|[from] ability: Poison Heal
|upkeep
|turn|9
|
|t:|1758991418
|-terastallize|p2a: Revavroom|Steel
|move|p2a: Revavroom|Iron Head|p1a: Gliscor
|-damage|p1a: Gliscor|0 fnt
|faint|p1a: Gliscor
|
|upkeep
|
|t:|1758991424
|switch|p1a: Zapdos|Zapdos|100/100
|turn|10
|
|t:|1758991429
|move|p2a: Revavroom|Iron Head|p1a: Zapdos
|-resisted|p1a: Zapdos
|-damage|p1a: Zapdos|29/100
|-status|p2a: Revavroom|par|[from] ability: Static|[of] p1a: Zapdos
|move|p1a: Zapdos|Heat Wave|p2a: Revavroom
|-supereffective|p2a: Revavroom
|-damage|p2a: Revavroom|0 fnt
|faint|p2a: Revavroom
|
|upkeep
|
|t:|1758991440
|switch|p2a: Talonflame|Talonflame, M|100/100
|turn|11
|
|t:|1758991446
|move|p2a: Talonflame|Defog|p1a: Zapdos
|-unboost|p1a: Zapdos|evasion|1
|-sideend|p1: ovinhu|Stealth Rock|[from] move: Defog|[of] p2a: Talonflame
|-sideend|p2: xiaoxiu41|Stealth Rock|[from] move: Defog|[of] p2a: Talonflame
|move|p1a: Zapdos|Discharge|p2a: Talonflame
|-supereffective|p2a: Talonflame
|-damage|p2a: Talonflame|0 fnt
|faint|p2a: Talonflame
|
|upkeep
|
|t:|1758991456
|switch|p2a: Quagsire|Quagsire, F|94/100 tox
|turn|12
|
|t:|1758991464
|move|p1a: Zapdos|U-turn|p2a: Quagsire
|-damage|p2a: Quagsire|85/100 tox
|-damage|p1a: Zapdos|12/100|[from] item: Rocky Helmet|[of] p2a: Quagsire
|
|t:|1758991479
|switch|p1a: Gyarados|Gyarados, M|100/100|[from] U-turn
|move|p2a: Quagsire|Stealth Rock|p1a: Gyarados
|-sidestart|p1: ovinhu|move: Stealth Rock
|
|-damage|p2a: Quagsire|78/100 tox|[from] psn
|upkeep
|turn|13
|
|t:|1758991488
|switch|p2a: Rotom|Rotom-Wash|100/100
|move|p1a: Gyarados|Dragon Dance|p1a: Gyarados
|-boost|p1a: Gyarados|atk|1
|-boost|p1a: Gyarados|spe|1
|
|upkeep
|turn|14
|
|t:|1758991509
|-terastallize|p1a: Gyarados|Water
|move|p1a: Gyarados|Body Slam|p2a: Rotom
|-damage|p2a: Rotom|50/100
|move|p2a: Rotom|Thunder Wave|p1a: Gyarados|[miss]
|-miss|p2a: Rotom|p1a: Gyarados
|
|upkeep
|turn|15
|
|t:|1758991526
|switch|p2a: Hydrapple|Hydrapple, F|100/100
|move|p1a: Gyarados|Body Slam|p2a: Hydrapple
|-damage|p2a: Hydrapple|62/100
|
|upkeep
|turn|16
|
|t:|1758991542
|move|p1a: Gyarados|Earthquake|p2a: Hydrapple
|-resisted|p2a: Hydrapple
|-damage|p2a: Hydrapple|41/100
|move|p2a: Hydrapple|Leaf Storm|p1a: Gyarados
|-supereffective|p1a: Gyarados
|-damage|p1a: Gyarados|0 fnt
|-unboost|p2a: Hydrapple|spa|2
|faint|p1a: Gyarados
|
|upkeep
|
|t:|1758991550
|switch|p1a: Braviary|Braviary, M|100/100
|-damage|p1a: Braviary|76/100|[from] Stealth Rock
|turn|17
|
|t:|1758991558
|switch|p2a: Umbreon|Umbreon, F|100/100
|move|p1a: Braviary|Brave Bird|p2a: Umbreon
|-damage|p2a: Umbreon|27/100
|-damage|p1a: Braviary|47/100|[from] Recoil
|-damage|p1a: Braviary|37/100|[from] item: Life Orb
|
|-heal|p2a: Umbreon|33/100|[from] item: Leftovers
|upkeep
|turn|18
|
|t:|1758991580
|switch|p2a: Quagsire|Quagsire, F|78/100 tox
|move|p1a: Braviary|Close Combat|p2a: Quagsire
|-damage|p2a: Quagsire|41/100 tox
|-unboost|p1a: Braviary|def|1
|-unboost|p1a: Braviary|spd|1
|-damage|p1a: Braviary|21/100|[from] item: Rocky Helmet|[of] p2a: Quagsire
|-damage|p1a: Braviary|11/100|[from] item: Life Orb
|
|-damage|p2a: Quagsire|35/100 tox|[from] psn
|upkeep
|turn|19
|
|t:|1758991608
|move|p1a: Braviary|Facade|p2a: Quagsire
|-damage|p2a: Quagsire|0 fnt
|-damage|p1a: Braviary|0 fnt|[from] item: Rocky Helmet|[of] p2a: Quagsire
|faint|p2a: Quagsire
|faint|p1a: Braviary
|
|upkeep
|
|t:|1758991617
|switch|p1a: Zapdos|Zapdos|12/100
|switch|p2a: Umbreon|Umbreon, F|33/100
|turn|20
|
|t:|1758991627
|move|p1a: Zapdos|Roost|p1a: Zapdos
|-heal|p1a: Zapdos|62/100
|-singleturn|p1a: Zapdos|move: Roost
|move|p2a: Umbreon|Wish|p2a: Umbreon
|
|-heal|p2a: Umbreon|39/100|[from] item: Leftovers
|upkeep
|turn|21
|
|t:|1758991636
|move|p2a: Umbreon|Protect|p2a: Umbreon
|-singleturn|p2a: Umbreon|Protect
|move|p1a: Zapdos|Roost|p1a: Zapdos
|-heal|p1a: Zapdos|100/100
|-singleturn|p1a: Zapdos|move: Roost
|
|-heal|p2a: Umbreon|89/100|[from] move: Wish|[wisher] Umbreon
|-heal|p2a: Umbreon|95/100|[from] item: Leftovers
|upkeep
|turn|22
|
|t:|1758991661
|move|p1a: Zapdos|U-turn|p2a: Umbreon
|-supereffective|p2a: Umbreon
|-damage|p2a: Umbreon|75/100
|move|p2a: Umbreon|Toxic|p1a: Zapdos|[miss]
|-miss|p2a: Umbreon|p1a: Zapdos
|
|-heal|p2a: Umbreon|81/100|[from] item: Leftovers
|upkeep
|turn|23
|
|t:|1758991676
|move|p1a: Zapdos|Discharge|p2a: Umbreon
|-damage|p2a: Umbreon|61/100
|move|p2a: Umbreon|Toxic|p1a: Zapdos
|-status|p1a: Zapdos|tox
|
|-heal|p2a: Umbreon|67/100|[from] item: Leftovers
|-damage|p1a: Zapdos|94/100 tox|[from] psn
|upkeep
|turn|24
|
|t:|1758991687
|move|p1a: Zapdos|Discharge||[still]
|-damage|p2a: Umbreon|48/100
|-status|p2a: Umbreon|par
|-activate|p2a: Umbreon|ability: Synchronize
|-fail|p2a: Umbreon
|cant|p2a: Umbreon|par
|
|-heal|p2a: Umbreon|55/100 par|[from] item: Leftovers
|-damage|p1a: Zapdos|82/100 tox|[from] psn
|upkeep
|turn|25
|
|t:|1758991699
|move|p1a: Zapdos|Discharge|p2a: Umbreon
|-crit|p2a: Umbreon
|-damage|p2a: Umbreon|28/100 par
|move|p2a: Umbreon|Wish|p2a: Umbreon
|
|-heal|p2a: Umbreon|34/100 par|[from] item: Leftovers
|-damage|p1a: Zapdos|63/100 tox|[from] psn
|upkeep
|turn|26
|
|t:|1758991709
|cant|p2a: Umbreon|par
|move|p1a: Zapdos|Discharge|p2a: Umbreon
|-damage|p2a: Umbreon|15/100 par
|
|-heal|p2a: Umbreon|65/100 par|[from] move: Wish|[wisher] Umbreon
|-heal|p2a: Umbreon|72/100 par|[from] item: Leftovers
|-damage|p1a: Zapdos|38/100 tox|[from] psn
|upkeep
|turn|27
|
|t:|1758991720
|move|p1a: Zapdos|Heat Wave|p2a: Umbreon
|-damage|p2a: Umbreon|55/100 par
|cant|p2a: Umbreon|par
|
|-heal|p2a: Umbreon|61/100 par|[from] item: Leftovers
|-damage|p1a: Zapdos|7/100 tox|[from] psn
|upkeep
|turn|28
|
|t:|1758991730
|move|p1a: Zapdos|Discharge|p2a: Umbreon
|-damage|p2a: Umbreon|42/100 par
|cant|p2a: Umbreon|par
|
|-heal|p2a: Umbreon|48/100 par|[from] item: Leftovers
|-damage|p1a: Zapdos|0 fnt|[from] psn
|faint|p1a: Zapdos
|
|win|xiaoxiu41
|raw|ovinhu's rating: 1000 &rarr; <strong>1000</strong><br />(+0 for losing)
|raw|xiaoxiu41's rating: 1022 &rarr; <strong>1056</strong><br />(+34 for winning)
|l|☆ovinhu
|player|p1|
