|j|☆Shibuya Arc
|j|☆gen 9 sab truther
|t:|1758925244
|gametype|singles
|player|p1|Shibuya Arc|265|1591
|player|p2|gen 9 sab truther|morty-masters|1618
|gen|9
|tier|[Gen 9] OU
|rated|
|rule|HP Percentage Mod: HP is shown in percentages
|rule|Endless Battle Clause: Forcing endless battles is banned
|rule|Species Clause: Limit one of each Pokémon
|rule|OHKO Clause: OHKO moves are banned
|rule|Evasion Items Clause: Evasion items are banned
|rule|Evasion Moves Clause: Evasion moves are banned
|rule|Evasion Abilities Clause: Evasion abilities are banned
|rule|Sleep Moves Clause: Sleep-inducing moves are banned
|clearpoke
|poke|p1|Dragapult, M|
|poke|p1|Dragonite, F|
|poke|p1|Ting-Lu|
|poke|p1|Weezing-Galar, F|
|poke|p1|Iron Crown|
|poke|p1|Zapdos|
|poke|p2|Torkoal, F|
|poke|p2|Dipplin, M|
|poke|p2|Venusaur, F|
|poke|p2|Great Tusk|
|poke|p2|Hatterene, F|
|poke|p2|Kingambit, F|
|teampreview
|inactive|Battle timer is ON: inactive players will automatically lose when time's up. (requested by gen 9 sab truther)
|inactive|Shibuya Arc also wants the timer to be on.
|
|t:|1758925257
|teamsize|p1|6
|teamsize|p2|6
|start
|switch|p1a: Ting-Lu|Ting-Lu|100/100
|switch|p2a: Torkoal|Torkoal, F|100/100
|-ability|p1a: Ting-Lu|Vessel of Ruin
|-weather|SunnyDay|[from] ability: Drought|[of] p2a: Torkoal
|turn|1
|
|t:|1758925266
|move|p1a: Ting-Lu|Ruination|p2a: Torkoal
|-damage|p2a: Torkoal|51/100
|move|p2a: Torkoal|Body Press|p1a: Ting-Lu
|-supereffective|p1a: Ting-Lu
|-damage|p1a: Ting-Lu|62/100
|
|-weather|SunnyDay|[upkeep]
|-heal|p1a: Ting-Lu|68/100|[from] item: Leftovers
|upkeep
|turn|2
|
|t:|1758925289
|move|p1a: Ting-Lu|Ruination|p2a: Torkoal
|-damage|p2a: Torkoal|26/100
|move|p2a: Torkoal|Body Press|p1a: Ting-Lu
|-supereffective|p1a: Ting-Lu
|-damage|p1a: Ting-Lu|32/100
|
|-weather|SunnyDay|[upkeep]
|-heal|p1a: Ting-Lu|38/100|[from] item: Leftovers
|upkeep
|turn|3
|
|t:|1758925297
|switch|p2a: Hatterene|Hatterene, F|100/100
|move|p1a: Ting-Lu|Earthquake|p2a: Hatterene
|-damage|p2a: Hatterene|68/100
|
|-weather|SunnyDay|[upkeep]
|-heal|p1a: Ting-Lu|44/100|[from] item: Leftovers
|-heal|p2a: Hatterene|74/100|[from] item: Leftovers
|upkeep
|turn|4
|
|t:|1758925307
|move|p2a: Hatterene|Calm Mind|p2a: Hatterene
|-boost|p2a: Hatterene|spa|1
|-boost|p2a: Hatterene|spd|1
|move|p1a: Ting-Lu|Whirlwind|p2a: Hatterene
|move|p2a: Hatterene|Whirlwind|p1a: Ting-Lu|[from] ability: Magic Bounce
|drag|p1a: Iron Crown|Iron Crown|100/100
|
|-weather|SunnyDay|[upkeep]
|-heal|p2a: Hatterene|80/100|[from] item: Leftovers
|upkeep
|turn|5
|
|t:|1758925314
|switch|p2a: Kingambit|Kingambit, F|100/100
|move|p1a: Iron Crown|Volt Switch|p2a: Kingambit
|-damage|p2a: Kingambit|66/100
|
|t:|1758925324
|-end|p1a: Iron Crown|Quark Drive|[silent]
|switch|p1a: Zapdos|Zapdos|100/100|[from] Volt Switch
|
|-weather|SunnyDay|[upkeep]
|-heal|p2a: Kingambit|72/100|[from] item: Leftovers
|upkeep
|turn|6
|
|t:|1758925330
|move|p1a: Zapdos|Heat Wave|p2a: Kingambit
|-supereffective|p2a: Kingambit
|-damage|p2a: Kingambit|0 fnt
|faint|p2a: Kingambit
|-end|p2a: Kingambit|fallenundefined|[silent]
|
|-weather|SunnyDay|[upkeep]
|upkeep
|
|t:|1758925354
|switch|p2a: Dipplin|Dipplin, M|100/100
|turn|7
|
|t:|1758925360
|move|p1a: Zapdos|Hurricane|p2a: Dipplin
|-supereffective|p2a: Dipplin
|-damage|p2a: Dipplin|41/100
|move|p2a: Dipplin|Growth|p2a: Dipplin
|-boost|p2a: Dipplin|atk|2
|-boost|p2a: Dipplin|spa|2
|
|-weather|SunnyDay|[upkeep]
|upkeep
|turn|8
|c|☆gen 9 sab truther|in sun btw
|
|t:|1758925369
|-terastallize|p2a: Dipplin|Fairy
|move|p1a: Zapdos|Hurricane|p2a: Dipplin
|-damage|p2a: Dipplin|12/100
|-start|p2a: Dipplin|confusion
|-activate|p2a: Dipplin|confusion
|-damage|p2a: Dipplin|1/100|[from] confusion
|
|-weather|none
|upkeep
|turn|9
|c|☆gen 9 sab truther|two in a row + confuse
|c|☆gen 9 sab truther|with 50% chance to hit
|c|☆gen 9 sab truther|ok
|c|☆gen 9 sab truther|yea
|-message|gen 9 sab truther forfeited.
|
|win|Shibuya Arc
|raw|Shibuya Arc's rating: 1591 &rarr; <strong>1613</strong><br />(+22 for winning)
|raw|gen 9 sab truther's rating: 1618 &rarr; <strong>1596</strong><br />(-22 for losing)
