|j|☆sumofsquares
|j|☆Abribus
|t:|1759066534
|gametype|singles
|player|p1|sumofsquares|wallace|1542
|player|p2|Abribus|volkner|1606
|gen|9
|tier|[Gen 9] OU
|rated|
|rule|HP Percentage Mod: HP is shown in percentages
|rule|Endless Battle Clause: Forcing endless battles is banned
|rule|Species Clause: Limit one of each Pokémon
|rule|OHKO Clause: OHKO moves are banned
|rule|Evasion Items Clause: Evasion items are banned
|rule|Evasion Moves Clause: Evasion moves are banned
|rule|Evasion Abilities Clause: Evasion abilities are banned
|rule|Sleep Moves Clause: Sleep-inducing moves are banned
|clearpoke
|poke|p1|Ogerpon, F|
|poke|p1|Excadrill, F|
|poke|p1|Sandy Shocks|
|poke|p1|Sinistcha-Masterpiece|
|poke|p1|Keldeo-Resolute|
|poke|p1|Slither Wing|
|poke|p2|Iron Crown|
|poke|p2|Samurott-Hisui, F|
|poke|p2|Zapdos|
|poke|p2|Dragapult, M|
|poke|p2|Great Tusk|
|poke|p2|Iron Boulder|
|teampreview
|inactive|Battle timer is ON: inactive players will automatically lose when time's up. (requested by Abribus)
|
|t:|1759066545
|teamsize|p1|6
|teamsize|p2|6
|start
|switch|p1a: Ogerpon|Ogerpon, F|100/100
|switch|p2a: Droll|Samurott-Hisui, F|100/100
|turn|1
|
|t:|1759066549
|move|p2a: Droll|Flip Turn|p1a: Ogerpon
|-resisted|p1a: Ogerpon
|-damage|p1a: Ogerpon|84/100
|
|t:|1759066550
|switch|p2a: Cronus|Zapdos|100/100|[from] Flip Turn
|move|p1a: Ogerpon|Ivy Cudgel|p2a: Cronus
|-resisted|p2a: Cronus
|-damage|p2a: Cronus|75/100
|
|upkeep
|turn|2
|
|t:|1759066557
|switch|p1a: Sandy Shocks|Sandy Shocks|100/100
|-enditem|p1a: Sandy Shocks|Booster Energy
|-activate|p1a: Sandy Shocks|ability: Protosynthesis|[fromitem]
|-start|p1a: Sandy Shocks|protosynthesisspe
|move|p2a: Cronus|U-turn|p1a: Sandy Shocks
|-damage|p1a: Sandy Shocks|86/100
|
|t:|1759066560
|switch|p2a: Almeida|Great Tusk|100/100|[from] U-turn
|
|upkeep
|turn|3
|
|t:|1759066575
|-end|p1a: Sandy Shocks|Protosynthesis|[silent]
|switch|p1a: ASHA Tea House|Sinistcha-Masterpiece|100/100
|move|p2a: Almeida|Stealth Rock|p1a: ASHA Tea House
|-sidestart|p1: sumofsquares|move: Stealth Rock
|
|upkeep
|turn|4
|
|t:|1759066585
|move|p2a: Almeida|Ice Spinner|p1a: ASHA Tea House
|-supereffective|p1a: ASHA Tea House
|-damage|p1a: ASHA Tea House|49/100
|move|p1a: ASHA Tea House|Calm Mind|p1a: ASHA Tea House
|-boost|p1a: ASHA Tea House|spa|1
|-boost|p1a: ASHA Tea House|spd|1
|
|upkeep
|turn|5
|
|t:|1759066590
|move|p2a: Almeida|Ice Spinner|p1a: ASHA Tea House
|-supereffective|p1a: ASHA Tea House
|-damage|p1a: ASHA Tea House|0 fnt
|faint|p1a: ASHA Tea House
|
|upkeep
|
|t:|1759066594
|switch|p1a: Keldeo|Keldeo-Resolute|100/100
|-damage|p1a: Keldeo|94/100|[from] Stealth Rock
|turn|6
|
|t:|1759066599
|move|p1a: Keldeo|Surf|p2a: Almeida
|-supereffective|p2a: Almeida
|-crit|p2a: Almeida
|-enditem|p2a: Almeida|Focus Sash
|-damage|p2a: Almeida|1/100
|move|p2a: Almeida|Headlong Rush|p1a: Keldeo
|-damage|p1a: Keldeo|23/100
|-unboost|p2a: Almeida|def|1
|-unboost|p2a: Almeida|spd|1
|
|-heal|p1a: Keldeo|30/100|[from] item: Leftovers
|upkeep
|turn|7
|
|t:|1759066608
|move|p1a: Keldeo|Surf|p2a: Almeida
|-supereffective|p2a: Almeida
|-damage|p2a: Almeida|0 fnt
|faint|p2a: Almeida
|-end|p2a: Almeida|Protosynthesis|[silent]
|
|-heal|p1a: Keldeo|36/100|[from] item: Leftovers
|upkeep
|
|t:|1759066613
|switch|p2a: Robingo|Dragapult, M|100/100
|turn|8
|
|t:|1759066617
|switch|p1a: Excadrill|Excadrill, F|100/100
|-damage|p1a: Excadrill|97/100|[from] Stealth Rock
|-ability|p1a: Excadrill|Mold Breaker
|-item|p1a: Excadrill|Air Balloon
|move|p2a: Robingo|Dragon Darts|p1a: Excadrill
|-resisted|p1a: Excadrill
|-damage|p1a: Excadrill|73/100
|-enditem|p1a: Excadrill|Air Balloon
|-anim|p2a: Robingo|Dragon Darts|p1a: Excadrill
|-resisted|p1a: Excadrill
|-damage|p1a: Excadrill|45/100
|
|upkeep
|turn|9
|
|t:|1759066623
|move|p2a: Robingo|Dragon Darts|p1a: Excadrill
|-resisted|p1a: Excadrill
|-damage|p1a: Excadrill|21/100
|-anim|p2a: Robingo|Dragon Darts|p1a: Excadrill
|-resisted|p1a: Excadrill
|-damage|p1a: Excadrill|0 fnt
|faint|p1a: Excadrill
|
|upkeep
|
|t:|1759066629
|switch|p1a: Ogerpon|Ogerpon, F|84/100
|-damage|p1a: Ogerpon|71/100|[from] Stealth Rock
|turn|10
|
|t:|1759066632
|-terastallize|p1a: Ogerpon|Grass
|detailschange|p1a: Ogerpon|Ogerpon-Teal-Tera, F, tera:Grass
|-ability|p1a: Ogerpon|Embody Aspect (Teal)|boost
|-boost|p1a: Ogerpon|spe|1
|move|p1a: Ogerpon|Knock Off|p2a: Robingo
|-supereffective|p2a: Robingo
|-damage|p2a: Robingo|0 fnt
|-enditem|p2a: Robingo|Choice Band|[from] move: Knock Off|[of] p1a: Ogerpon
|faint|p2a: Robingo
|
|upkeep
|
|t:|1759066646
|switch|p2a: Nakata|Iron Boulder|100/100
|-enditem|p2a: Nakata|Booster Energy
|-activate|p2a: Nakata|ability: Quark Drive|[fromitem]
|-start|p2a: Nakata|quarkdrivespe
|turn|11
|
|t:|1759066671
|switch|p1a: Keldeo|Keldeo-Resolute|36/100
|-damage|p1a: Keldeo|30/100|[from] Stealth Rock
|-terastallize|p2a: Nakata|Fighting
|move|p2a: Nakata|Swords Dance|p2a: Nakata
|-boost|p2a: Nakata|atk|2
|
|-heal|p1a: Keldeo|36/100|[from] item: Leftovers
|upkeep
|turn|12
|
|t:|1759066674
|move|p2a: Nakata|Zen Headbutt|p1a: Keldeo
|-supereffective|p1a: Keldeo
|-damage|p1a: Keldeo|0 fnt
|faint|p1a: Keldeo
|
|upkeep
|
|t:|1759066681
|switch|p1a: Sandy Shocks|Sandy Shocks|86/100
|-damage|p1a: Sandy Shocks|79/100|[from] Stealth Rock
|turn|13
|
|t:|1759066687
|move|p2a: Nakata|Close Combat|p1a: Sandy Shocks
|-damage|p1a: Sandy Shocks|0 fnt
|-unboost|p2a: Nakata|def|1
|-unboost|p2a: Nakata|spd|1
|faint|p1a: Sandy Shocks
|-end|p1a: Sandy Shocks|Protosynthesis|[silent]
|
|upkeep
|
|t:|1759066690
|switch|p1a: Slither Wing|Slither Wing|100/100
|turn|14
|
|t:|1759066696
|move|p2a: Nakata|Zen Headbutt|p1a: Slither Wing
|-supereffective|p1a: Slither Wing
|-damage|p1a: Slither Wing|0 fnt
|faint|p1a: Slither Wing
|-end|p1a: Slither Wing|Protosynthesis|[silent]
|
|upkeep
|-message|sumofsquares forfeited.
|
|win|Abribus
|raw|sumofsquares's rating: 1542 &rarr; <strong>1526</strong><br />(-16 for losing)
|raw|Abribus's rating: 1606 &rarr; <strong>1622</strong><br />(+16 for winning)
|l|☆sumofsquares
|player|p1|
|l|☆Abribus
|player|p2|
