|j|‽Bloooe ^~^
|j|☆boldenhauer
|t:|1759000831
|gametype|singles
|player|p1|Bloooe ^~^|unknownf|1340
|player|p2|boldenhauer|flannery|1377
|gen|9
|tier|[Gen 9] OU
|rated|
|rule|HP Percentage Mod: HP is shown in percentages
|rule|Endless Battle Clause: Forcing endless battles is banned
|rule|Species Clause: Limit one of each Pokémon
|rule|OHKO Clause: OHKO moves are banned
|rule|Evasion Items Clause: Evasion items are banned
|rule|Evasion Moves Clause: Evasion moves are banned
|rule|Evasion Abilities Clause: Evasion abilities are banned
|rule|Sleep Moves Clause: Sleep-inducing moves are banned
|clearpoke
|poke|p1|Kingambit, F|
|poke|p1|Deoxys-Speed|
|poke|p1|Great Tusk|
|poke|p1|Dragonite, M|
|poke|p1|Iron Moth|
|poke|p1|Primarina, F|
|poke|p2|Kilowattrel, M|
|poke|p2|Blastoise, F|
|poke|p2|Rillaboom, F|
|poke|p2|Ludicolo, F|
|poke|p2|Pelipper, F|
|poke|p2|Brambleghast, M|
|teampreview
|
|t:|1759000843
|teamsize|p1|6
|teamsize|p2|6
|start
|switch|p1a: Dragonite|Dragonite, M, shiny|100/100
|switch|p2a: Pelipper|Pelipper, F|100/100
|-weather|RainDance|[from] ability: Drizzle|[of] p2a: Pelipper
|turn|1
|
|t:|1759000853
|move|p1a: Dragonite|Outrage|p2a: Pelipper
|-damage|p2a: Pelipper|15/100
|move|p2a: Pelipper|Hurricane|p1a: Dragonite
|-damage|p1a: Dragonite|80/100
|
|-weather|RainDance|[upkeep]
|upkeep
|turn|2
|
|t:|1759000871
|switch|p2a: Rillaboom|Rillaboom, F|100/100
|-fieldstart|move: Grassy Terrain|[from] ability: Grassy Surge|[of] p2a: Rillaboom
|move|p1a: Dragonite|Outrage|p2a: Rillaboom|[from] lockedmove
|-damage|p2a: Rillaboom|10/100
|-start|p1a: Dragonite|confusion|[fatigue]
|
|-weather|RainDance|[upkeep]
|-heal|p2a: Rillaboom|17/100|[from] Grassy Terrain
|upkeep
|turn|3
|
|t:|1759000875
|-activate|p1a: Dragonite|confusion
|-damage|p1a: Dragonite|63/100|[from] confusion
|move|p2a: Rillaboom|U-turn|p1a: Dragonite
|-resisted|p1a: Dragonite
|-damage|p1a: Dragonite|47/100
|
|t:|1759000882
|switch|p2a: Ludicolo|Ludicolo, F|100/100|[from] U-turn
|
|-weather|RainDance|[upkeep]
|upkeep
|turn|4
|
|t:|1759000887
|switch|p1a: Primarina|Primarina, F|100/100
|move|p2a: Ludicolo|Surf|p1a: Primarina
|-resisted|p1a: Primarina
|-damage|p1a: Primarina|75/100
|-damage|p2a: Ludicolo|91/100|[from] item: Life Orb
|
|-weather|RainDance|[upkeep]
|-heal|p2a: Ludicolo|97/100|[from] Grassy Terrain
|-heal|p1a: Primarina|81/100|[from] Grassy Terrain
|upkeep
|turn|5
|
|t:|1759000898
|switch|p1a: Kingambit|Kingambit, F|100/100
|move|p2a: Ludicolo|Leaf Storm|p1a: Kingambit
|-resisted|p1a: Kingambit
|-crit|p1a: Kingambit
|-damage|p1a: Kingambit|31/100
|-unboost|p2a: Ludicolo|spa|2
|-damage|p2a: Ludicolo|87/100|[from] item: Life Orb
|
|-weather|RainDance|[upkeep]
|-heal|p2a: Ludicolo|93/100|[from] Grassy Terrain
|-heal|p1a: Kingambit|37/100|[from] Grassy Terrain
|-heal|p1a: Kingambit|43/100|[from] item: Leftovers
|upkeep
|turn|6
|
|t:|1759000903
|move|p2a: Ludicolo|Surf|p1a: Kingambit
|-damage|p1a: Kingambit|3/100
|-damage|p2a: Ludicolo|83/100|[from] item: Life Orb
|move|p1a: Kingambit|Swords Dance|p1a: Kingambit
|-boost|p1a: Kingambit|atk|2
|
|-weather|RainDance|[upkeep]
|-heal|p2a: Ludicolo|89/100|[from] Grassy Terrain
|-heal|p1a: Kingambit|9/100|[from] Grassy Terrain
|-heal|p1a: Kingambit|15/100|[from] item: Leftovers
|upkeep
|turn|7
|
|t:|1759000908
|switch|p2a: Kilowattrel|Kilowattrel, M|100/100
|move|p1a: Kingambit|Kowtow Cleave|p2a: Kilowattrel
|-damage|p2a: Kilowattrel|0 fnt
|faint|p2a: Kilowattrel
|
|-weather|RainDance|[upkeep]
|-heal|p1a: Kingambit|21/100|[from] Grassy Terrain
|-heal|p1a: Kingambit|27/100|[from] item: Leftovers
|upkeep
|
|t:|1759000921
|switch|p2a: Blastoise|Blastoise, F|100/100
|turn|8
|
|t:|1759000925
|move|p2a: Blastoise|Water Spout|p1a: Kingambit
|-damage|p1a: Kingambit|0 fnt
|faint|p1a: Kingambit
|-end|p1a: Kingambit|fallenundefined|[silent]
|
|-weather|none
|upkeep
|
|t:|1759000930
|switch|p1a: Primarina|Primarina, F|81/100
|turn|9
|
|t:|1759000935
|switch|p2a: Pelipper|Pelipper, F|15/100
|-weather|RainDance|[from] ability: Drizzle|[of] p2a: Pelipper
|move|p1a: Primarina|Moonblast|p2a: Pelipper
|-damage|p2a: Pelipper|0 fnt
|faint|p2a: Pelipper
|
|-weather|RainDance|[upkeep]
|-heal|p1a: Primarina|87/100|[from] Grassy Terrain
|-fieldend|move: Grassy Terrain
|upkeep
|
|t:|1759000938
|switch|p2a: Rillaboom|Rillaboom, F|17/100
|-fieldstart|move: Grassy Terrain|[from] ability: Grassy Surge|[of] p2a: Rillaboom
|turn|10
|
|t:|1759000955
|switch|p1a: Dragonite|Dragonite, M, shiny|47/100
|move|p2a: Rillaboom|U-turn|p1a: Dragonite
|-resisted|p1a: Dragonite
|-crit|p1a: Dragonite
|-damage|p1a: Dragonite|24/100
|
|t:|1759000960
|switch|p2a: Ludicolo|Ludicolo, F|89/100|[from] U-turn
|
|-weather|RainDance|[upkeep]
|-heal|p2a: Ludicolo|95/100|[from] Grassy Terrain
|upkeep
|turn|11
|
|t:|1759000974
|-terastallize|p1a: Dragonite|Normal
|move|p1a: Dragonite|Extreme Speed|p2a: Ludicolo
|-damage|p2a: Ludicolo|0 fnt
|faint|p2a: Ludicolo
|
|-weather|RainDance|[upkeep]
|-heal|p1a: Dragonite|30/100|[from] Grassy Terrain
|upkeep
|
|t:|1759000985
|switch|p2a: Blastoise|Blastoise, F|100/100
|turn|12
|
|t:|1759000989
|move|p1a: Dragonite|Extreme Speed|p2a: Blastoise
|-damage|p2a: Blastoise|26/100
|move|p2a: Blastoise|Shell Smash|p2a: Blastoise
|-unboost|p2a: Blastoise|def|1
|-unboost|p2a: Blastoise|spd|1
|-boost|p2a: Blastoise|atk|2
|-boost|p2a: Blastoise|spa|2
|-boost|p2a: Blastoise|spe|2
|
|-weather|RainDance|[upkeep]
|-heal|p2a: Blastoise|32/100|[from] ability: Rain Dish
|-heal|p2a: Blastoise|38/100|[from] Grassy Terrain
|-heal|p2a: Blastoise|44/100|[from] item: Leftovers
|-heal|p1a: Dragonite|37/100|[from] Grassy Terrain
|upkeep
|turn|13
|
|t:|1759000992
|move|p2a: Blastoise|Protect|p2a: Blastoise
|-singleturn|p2a: Blastoise|Protect
|move|p1a: Dragonite|Extreme Speed|p2a: Blastoise
|-activate|p2a: Blastoise|move: Protect
|
|-weather|RainDance|[upkeep]
|-heal|p2a: Blastoise|50/100|[from] ability: Rain Dish
|-heal|p2a: Blastoise|56/100|[from] Grassy Terrain
|-heal|p2a: Blastoise|62/100|[from] item: Leftovers
|-heal|p1a: Dragonite|43/100|[from] Grassy Terrain
|upkeep
|turn|14
|
|t:|1759000995
|switch|p2a: Brambleghast|Brambleghast, M|100/100
|move|p1a: Dragonite|Extreme Speed|p2a: Brambleghast
|-immune|p2a: Brambleghast
|
|-weather|RainDance|[upkeep]
|-heal|p1a: Dragonite|49/100|[from] Grassy Terrain
|upkeep
|turn|15
|
|t:|1759000999
|switch|p1a: Iron Moth|Iron Moth|100/100
|-enditem|p1a: Iron Moth|Booster Energy
|-activate|p1a: Iron Moth|ability: Quark Drive|[fromitem]
|-start|p1a: Iron Moth|quarkdrivespe
|move|p2a: Brambleghast|Spikes|p1a: Iron Moth
|-sidestart|p1: Bloooe ^~^|Spikes
|
|-weather|RainDance|[upkeep]
|upkeep
|turn|16
|
|t:|1759001021
|move|p1a: Iron Moth|Fiery Dance|p2a: Brambleghast
|-supereffective|p2a: Brambleghast
|-damage|p2a: Brambleghast|23/100
|move|p2a: Brambleghast|Poltergeist||[still]
|-fail|p2a: Brambleghast
|
|-weather|none
|-heal|p2a: Brambleghast|29/100|[from] Grassy Terrain
|upkeep
|turn|17
|-message|boldenhauer forfeited.
|
|win|Bloooe ^~^
|raw|Bloooe ^~^'s rating: 1340 &rarr; <strong>1362</strong><br />(+22 for winning)
|raw|boldenhauer's rating: 1377 &rarr; <strong>1355</strong><br />(-22 for losing)
|l|☆boldenhauer
|player|p2|
