|j|☆PinkPenguin4995
|j|☆SebasDLC
|t:|1758937156
|gametype|singles
|player|p1|PinkPenguin4995|266|1168
|player|p2|SebasDLC|ethan|1183
|gen|9
|tier|[Gen 9] OU
|rated|
|rule|HP Percentage Mod: HP is shown in percentages
|rule|Endless Battle Clause: Forcing endless battles is banned
|rule|Species Clause: Limit one of each Pokémon
|rule|OHKO Clause: OHKO moves are banned
|rule|Evasion Items Clause: Evasion items are banned
|rule|Evasion Moves Clause: Evasion moves are banned
|rule|Evasion Abilities Clause: Evasion abilities are banned
|rule|Sleep Moves Clause: Sleep-inducing moves are banned
|clearpoke
|poke|p1|Empoleon, M|
|poke|p1|Lucario, F|
|poke|p1|Ceruledge, M|
|poke|p1|Lycanroc-Dusk, F|
|poke|p1|Noivern, F|
|poke|p1|Toxtricity, M|
|poke|p2|Samurott-Hisui, F|
|poke|p2|Garganacl, F|
|poke|p2|Meowscarada, M|
|poke|p2|Iron Treads|
|poke|p2|Iron Valiant|
|poke|p2|Thundurus-Therian, M|
|teampreview
|
|t:|1758937165
|teamsize|p1|6
|teamsize|p2|6
|start
|switch|p1a: Lucario|Lucario, F|100/100
|switch|p2a: Samurott|Samurott-Hisui, F|100/100
|turn|1
|
|t:|1758937174
|move|p1a: Lucario|Nasty Plot|p1a: Lucario
|-boost|p1a: Lucario|spa|2
|move|p2a: Samurott|Sacred Sword|p1a: Lucario
|-supereffective|p1a: Lucario
|-damage|p1a: Lucario|0 fnt
|faint|p1a: Lucario
|
|upkeep
|
|t:|1758937187
|switch|p1a: Toxtricity|Toxtricity, M|100/100
|turn|2
|
|t:|1758937197
|move|p2a: Samurott|Ceaseless Edge|p1a: Toxtricity|[miss]
|-miss|p2a: Samurott|p1a: Toxtricity
|move|p1a: Toxtricity|Overdrive|p2a: Samurott
|-supereffective|p2a: Samurott
|-enditem|p2a: Samurott|Focus Sash
|-damage|p2a: Samurott|1/100
|
|upkeep
|turn|3
|
|t:|1758937206
|move|p2a: Samurott|Ceaseless Edge|p1a: Toxtricity
|-damage|p1a: Toxtricity|45/100
|-sidestart|p1: PinkPenguin4995|Spikes
|move|p1a: Toxtricity|Overdrive|p2a: Samurott
|-supereffective|p2a: Samurott
|-damage|p2a: Samurott|0 fnt
|faint|p2a: Samurott
|
|upkeep
|
|t:|1758937216
|switch|p2a: Iron Treads|Iron Treads|100/100
|turn|4
|
|t:|1758937223
|switch|p1a: Empoleon|Empoleon, M|100/100
|-damage|p1a: Empoleon|88/100|[from] Spikes
|move|p2a: Iron Treads|Stealth Rock|p1a: Empoleon
|-sidestart|p1: PinkPenguin4995|move: Stealth Rock
|
|upkeep
|turn|5
|
|t:|1758937238
|move|p2a: Iron Treads|Earthquake|p1a: Empoleon
|-supereffective|p1a: Empoleon
|-damage|p1a: Empoleon|0 fnt
|faint|p1a: Empoleon
|
|upkeep
|
|t:|1758937244
|switch|p1a: Noivern|Noivern, F|100/100
|turn|6
|
|t:|1758937259
|-end|p2a: Iron Treads|Quark Drive|[silent]
|switch|p2a: Meowscarada|Meowscarada, M|100/100
|move|p1a: Noivern|Flamethrower|p2a: Meowscarada
|-supereffective|p2a: Meowscarada
|-damage|p2a: Meowscarada|19/100
|
|upkeep
|turn|7
|
|t:|1758937266
|move|p2a: Meowscarada|Triple Axel|p1a: Noivern
|-start|p2a: Meowscarada|typechange|Ice|[from] ability: Protean
|-supereffective|p1a: Noivern
|-damage|p1a: Noivern|49/100
|-supereffective|p1a: Noivern
|-damage|p1a: Noivern|0 fnt
|faint|p1a: Noivern
|-hitcount|p1: Noivern|2
|
|upkeep
|
|t:|1758937278
|switch|p1a: Lycanroc|Lycanroc-Dusk, F|100/100
|-damage|p1a: Lycanroc|88/100|[from] Spikes
|-damage|p1a: Lycanroc|76/100|[from] Stealth Rock
|turn|8
|
|t:|1758937296
|switch|p2a: Iron Treads|Iron Treads|100/100
|move|p1a: Lycanroc|Accelerock|p2a: Iron Treads
|-resisted|p2a: Iron Treads
|-damage|p2a: Iron Treads|91/100
|
|-heal|p2a: Iron Treads|98/100|[from] item: Leftovers
|upkeep
|turn|9
|-message|PinkPenguin4995 forfeited.
|
|win|SebasDLC
|raw|PinkPenguin4995's rating: 1168 &rarr; <strong>1144</strong><br />(-24 for losing)
|raw|SebasDLC's rating: 1183 &rarr; <strong>1207</strong><br />(+24 for winning)
|l|☆PinkPenguin4995
|player|p1|
