|j|☆YuZu Aza
|j|☆jyhgweasxvc
|t:|1758981914
|gametype|singles
|player|p1|YuZu Aza|janine|1186
|player|p2|jyhgweasxvc|170|1182
|gen|9
|tier|[Gen 9] OU
|rated|
|rule|HP Percentage Mod: HP is shown in percentages
|rule|Endless Battle Clause: Forcing endless battles is banned
|rule|Species Clause: Limit one of each Pokémon
|rule|OHKO Clause: OHKO moves are banned
|rule|Evasion Items Clause: Evasion items are banned
|rule|Evasion Moves Clause: Evasion moves are banned
|rule|Evasion Abilities Clause: Evasion abilities are banned
|rule|Sleep Moves Clause: Sleep-inducing moves are banned
|clearpoke
|poke|p1|Garchomp, F|
|poke|p1|Sinistcha|
|poke|p1|Rillaboom, M|
|poke|p1|Magnezone|
|poke|p1|Tatsugiri, M|
|poke|p1|Glimmora, F|
|poke|p2|Kyurem|
|poke|p2|Iron Moth|
|poke|p2|Kingambit, M|
|poke|p2|Landorus-Therian, M|
|poke|p2|Hatterene, F|
|poke|p2|Zamazenta-*|
|teampreview
|
|t:|1758981942
|teamsize|p1|6
|teamsize|p2|6
|start
|switch|p1a: Rillaboom|Rillaboom, M|100/100
|switch|p2a: Landorus|Landorus-Therian, M|100/100
|-ability|p2a: Landorus|Intimidate|boost
|-unboost|p1a: Rillaboom|atk|1
|-fieldstart|move: Grassy Terrain|[from] ability: Grassy Surge|[of] p1a: Rillaboom
|turn|1
|inactive|Battle timer is ON: inactive players will automatically lose when time's up. (requested by YuZu Aza)
|
|t:|1758981955
|switch|p1a: Garchomp|Garchomp, F|100/100
|move|p2a: Landorus|U-turn|p1a: Garchomp
|-damage|p1a: Garchomp|87/100
|-damage|p2a: Landorus|88/100|[from] ability: Rough Skin|[of] p1a: Garchomp
|-damage|p2a: Landorus|72/100|[from] item: Rocky Helmet|[of] p1a: Garchomp
|
|t:|1758981978
|switch|p2a: Hatterene|Hatterene, F|100/100|[from] U-turn
|
|-heal|p1a: Garchomp|94/100|[from] Grassy Terrain
|upkeep
|turn|2
|
|t:|1758981997
|switch|p1a: Magnezone|Magnezone|100/100
|move|p2a: Hatterene|Dazzling Gleam|p1a: Magnezone
|-resisted|p1a: Magnezone
|-damage|p1a: Magnezone|81/100
|
|-heal|p1a: Magnezone|87/100|[from] Grassy Terrain
|-heal|p1a: Magnezone|93/100|[from] item: Leftovers
|upkeep
|turn|3
|
|t:|1758982006
|switch|p2a: Kingambit|Kingambit, M|100/100
|move|p1a: Magnezone|Flash Cannon|p2a: Kingambit
|-resisted|p2a: Kingambit
|-damage|p2a: Kingambit|82/100
|
|-heal|p1a: Magnezone|99/100|[from] Grassy Terrain
|-heal|p1a: Magnezone|100/100|[from] item: Leftovers
|-heal|p2a: Kingambit|88/100|[from] Grassy Terrain
|-heal|p2a: Kingambit|94/100|[from] item: Leftovers
|upkeep
|turn|4
|
|t:|1758982011
|move|p1a: Magnezone|Iron Defense|p1a: Magnezone
|-boost|p1a: Magnezone|def|2
|move|p2a: Kingambit|Swords Dance|p2a: Kingambit
|-boost|p2a: Kingambit|atk|2
|
|-heal|p2a: Kingambit|99/100|[from] Grassy Terrain
|-heal|p2a: Kingambit|100/100|[from] item: Leftovers
|upkeep
|turn|5
|
|t:|1758982018
|-terastallize|p2a: Kingambit|Ghost
|move|p1a: Magnezone|Body Press|p2a: Kingambit
|-immune|p2a: Kingambit
|move|p2a: Kingambit|Swords Dance|p2a: Kingambit
|-boost|p2a: Kingambit|atk|2
|
|-fieldend|move: Grassy Terrain
|upkeep
|turn|6
|
|t:|1758982027
|move|p1a: Magnezone|Iron Defense|p1a: Magnezone
|-boost|p1a: Magnezone|def|2
|move|p2a: Kingambit|Kowtow Cleave|p1a: Magnezone
|-damage|p1a: Magnezone|56/100
|
|-heal|p1a: Magnezone|62/100|[from] item: Leftovers
|upkeep
|turn|7
|
|t:|1758982034
|move|p1a: Magnezone|Iron Defense|p1a: Magnezone
|-boost|p1a: Magnezone|def|2
|move|p2a: Kingambit|Kowtow Cleave|p1a: Magnezone
|-damage|p1a: Magnezone|31/100
|
|-heal|p1a: Magnezone|37/100|[from] item: Leftovers
|upkeep
|turn|8
|
|t:|1758982040
|move|p1a: Magnezone|Thunderbolt|p2a: Kingambit
|-damage|p2a: Kingambit|55/100
|move|p2a: Kingambit|Kowtow Cleave|p1a: Magnezone
|-damage|p1a: Magnezone|5/100
|
|-heal|p1a: Magnezone|11/100|[from] item: Leftovers
|-heal|p2a: Kingambit|61/100|[from] item: Leftovers
|upkeep
|turn|9
|
|t:|1758982048
|move|p2a: Kingambit|Sucker Punch|p1a: Magnezone
|-damage|p1a: Magnezone|0 fnt
|faint|p1a: Magnezone
|
|-heal|p2a: Kingambit|67/100|[from] item: Leftovers
|upkeep
|
|t:|1758982057
|switch|p1a: Garchomp|Garchomp, F|94/100
|turn|10
|
|t:|1758982067
|-end|p2a: Kingambit|fallenundefined|[silent]
|switch|p2a: Landorus|Landorus-Therian, M|72/100
|-ability|p2a: Landorus|Intimidate|boost
|-unboost|p1a: Garchomp|atk|1
|-terastallize|p1a: Garchomp|Fairy
|move|p1a: Garchomp|Dragon Tail|p2a: Landorus
|-damage|p2a: Landorus|54/100
|-damage|p1a: Garchomp|77/100|[from] item: Rocky Helmet|[of] p2a: Landorus
|drag|p2a: Zamazenta|Zamazenta|100/100
|-ability|p2a: Zamazenta|Dauntless Shield|boost
|-boost|p2a: Zamazenta|def|1
|
|upkeep
|turn|11
|
|t:|1758982087
|switch|p1a: Rillaboom|Rillaboom, M|100/100
|-fieldstart|move: Grassy Terrain|[from] ability: Grassy Surge|[of] p1a: Rillaboom
|move|p2a: Zamazenta|Iron Defense|p2a: Zamazenta
|-boost|p2a: Zamazenta|def|2
|
|upkeep
|turn|12
|
|t:|1758982094
|switch|p1a: Sinistcha|Sinistcha|100/100
|move|p2a: Zamazenta|Body Press|p1a: Sinistcha
|-immune|p1a: Sinistcha
|
|upkeep
|turn|13
|
|t:|1758982102
|move|p2a: Zamazenta|Substitute|p2a: Zamazenta
|-start|p2a: Zamazenta|Substitute
|-damage|p2a: Zamazenta|76/100
|move|p1a: Sinistcha|Leaf Storm|p2a: Zamazenta
|-end|p2a: Zamazenta|Substitute
|-unboost|p1a: Sinistcha|spa|2
|-enditem|p1a: Sinistcha|Eject Pack
|
|t:|1758982119
|switch|p1a: Garchomp|Garchomp, F, tera:Fairy|77/100
|
|-heal|p2a: Zamazenta|82/100|[from] Grassy Terrain
|-heal|p2a: Zamazenta|88/100|[from] item: Leftovers
|-heal|p1a: Garchomp|83/100|[from] Grassy Terrain
|upkeep
|turn|14
|
|t:|1758982124
|move|p2a: Zamazenta|Substitute|p2a: Zamazenta
|-start|p2a: Zamazenta|Substitute
|-damage|p2a: Zamazenta|63/100
|move|p1a: Garchomp|Earth Power|p2a: Zamazenta
|-activate|p2a: Zamazenta|move: Substitute|[damage]
|
|-heal|p2a: Zamazenta|69/100|[from] Grassy Terrain
|-heal|p2a: Zamazenta|75/100|[from] item: Leftovers
|-heal|p1a: Garchomp|90/100|[from] Grassy Terrain
|upkeep
|turn|15
|
|t:|1758982134
|move|p2a: Zamazenta|Body Press|p1a: Garchomp
|-resisted|p1a: Garchomp
|-damage|p1a: Garchomp|64/100
|-damage|p2a: Zamazenta|63/100|[from] ability: Rough Skin|[of] p1a: Garchomp
|-damage|p2a: Zamazenta|46/100|[from] item: Rocky Helmet|[of] p1a: Garchomp
|move|p1a: Garchomp|Earth Power|p2a: Zamazenta
|-end|p2a: Zamazenta|Substitute
|
|-heal|p2a: Zamazenta|52/100|[from] Grassy Terrain
|-heal|p2a: Zamazenta|58/100|[from] item: Leftovers
|-heal|p1a: Garchomp|71/100|[from] Grassy Terrain
|-fieldend|move: Grassy Terrain
|upkeep
|turn|16
|
|t:|1758982143
|switch|p2a: Landorus|Landorus-Therian, M|54/100
|-ability|p2a: Landorus|Intimidate|boost
|-unboost|p1a: Garchomp|atk|1
|move|p1a: Garchomp|Earth Power|p2a: Landorus
|-immune|p2a: Landorus
|
|upkeep
|turn|17
|
|t:|1758982153
|switch|p1a: Glimmora|Glimmora, F|100/100
|move|p2a: Landorus|Stealth Rock|p1a: Glimmora
|-sidestart|p1: YuZu Aza|move: Stealth Rock
|
|upkeep
|turn|18
|
|t:|1758982162
|move|p2a: Landorus|Earthquake|p1a: Glimmora
|-supereffective|p1a: Glimmora
|-damage|p1a: Glimmora|0 fnt
|-activate|p1a: Glimmora|ability: Toxic Debris
|-sidestart|p2: jyhgweasxvc|move: Toxic Spikes
|faint|p1a: Glimmora
|
|upkeep
|
|t:|1758982175
|switch|p1a: Tatsugiri|Tatsugiri, M|100/100
|turn|19
|
|t:|1758982179
|move|p2a: Landorus|U-turn|p1a: Tatsugiri
|-damage|p1a: Tatsugiri|59/100
|
|t:|1758982193
|switch|p2a: Zamazenta|Zamazenta|58/100|[from] U-turn
|-status|p2a: Zamazenta|psn
|move|p1a: Tatsugiri|Surf|p2a: Zamazenta
|-damage|p2a: Zamazenta|18/100 psn
|
|-heal|p2a: Zamazenta|24/100 psn|[from] item: Leftovers
|-damage|p2a: Zamazenta|12/100 psn|[from] psn
|upkeep
|turn|20
|
|t:|1758982204
|switch|p1a: Garchomp|Garchomp, F, tera:Fairy|71/100
|-damage|p1a: Garchomp|58/100|[from] Stealth Rock
|move|p2a: Zamazenta|Crunch|p1a: Garchomp
|-resisted|p1a: Garchomp
|-damage|p1a: Garchomp|51/100
|-damage|p2a: Zamazenta|0 fnt|[from] ability: Rough Skin|[of] p1a: Garchomp
|faint|p2a: Zamazenta
|
|upkeep
|
|t:|1758982210
|switch|p2a: Iron Moth|Iron Moth|100/100
|-sideend|p2: jyhgweasxvc|move: Toxic Spikes|[of] p2a: Iron Moth
|-enditem|p2a: Iron Moth|Booster Energy
|-activate|p2a: Iron Moth|ability: Quark Drive|[fromitem]
|-start|p2a: Iron Moth|quarkdrivespe
|turn|21
|
|t:|1758982231
|-end|p2a: Iron Moth|Quark Drive|[silent]
|switch|p2a: Landorus|Landorus-Therian, M|54/100
|-ability|p2a: Landorus|Intimidate|boost
|-unboost|p1a: Garchomp|atk|1
|move|p1a: Garchomp|Earth Power|p2a: Landorus
|-immune|p2a: Landorus
|
|upkeep
|turn|22
|
|t:|1758982242
|move|p2a: Landorus|Stone Edge|p1a: Garchomp
|-damage|p1a: Garchomp|33/100
|move|p1a: Garchomp|Stealth Rock|p2a: Landorus
|-sidestart|p2: jyhgweasxvc|move: Stealth Rock
|
|upkeep
|turn|23
|
|t:|1758982248
|switch|p1a: Sinistcha|Sinistcha|100/100
|-damage|p1a: Sinistcha|88/100|[from] Stealth Rock
|move|p2a: Landorus|Stone Edge|p1a: Sinistcha
|-damage|p1a: Sinistcha|51/100
|
|upkeep
|turn|24
|
|t:|1758982275
|switch|p2a: Kingambit|Kingambit, M, tera:Ghost|67/100
|-damage|p2a: Kingambit|55/100|[from] Stealth Rock
|-activate|p2a: Kingambit|ability: Supreme Overlord
|-start|p2a: Kingambit|fallen1|[silent]
|move|p1a: Sinistcha|Matcha Gotcha|p2a: Kingambit
|-damage|p2a: Kingambit|9/100
|-heal|p1a: Sinistcha|83/100|[from] drain|[of] p2a: Kingambit
|
|-heal|p2a: Kingambit|16/100|[from] item: Leftovers
|upkeep
|turn|25
|
|t:|1758982293
|move|p2a: Kingambit|Sucker Punch||[still]
|-fail|p2a: Kingambit
|move|p1a: Sinistcha|Strength Sap|p2a: Kingambit
|-unboost|p2a: Kingambit|atk|1
|-heal|p1a: Sinistcha|100/100
|
|-heal|p2a: Kingambit|22/100|[from] item: Leftovers
|upkeep
|turn|26
|
|t:|1758982301
|move|p2a: Kingambit|Sucker Punch|p1a: Sinistcha
|-supereffective|p1a: Sinistcha
|-damage|p1a: Sinistcha|28/100
|move|p1a: Sinistcha|Shadow Ball|p2a: Kingambit
|-supereffective|p2a: Kingambit
|-damage|p2a: Kingambit|0 fnt
|faint|p2a: Kingambit
|-end|p2a: Kingambit|fallen1|[silent]
|
|upkeep
|
|t:|1758982311
|switch|p2a: Kyurem|Kyurem|100/100
|-damage|p2a: Kyurem|76/100|[from] Stealth Rock
|-ability|p2a: Kyurem|Pressure
|turn|27
|
|t:|1758982321
|switch|p1a: Garchomp|Garchomp, F, tera:Fairy|33/100
|-damage|p1a: Garchomp|21/100|[from] Stealth Rock
|move|p2a: Kyurem|Scale Shot|p1a: Garchomp
|-immune|p1a: Garchomp
|
|upkeep
|turn|28
|
|t:|1758982329
|move|p2a: Kyurem|Icicle Spear|p1a: Garchomp
|-damage|p1a: Garchomp|13/100
|-damage|p1a: Garchomp|3/100
|-damage|p1a: Garchomp|0 fnt
|faint|p1a: Garchomp
|-hitcount|p1: Garchomp|3
|
|upkeep
|
|t:|1758982335
|switch|p1a: Tatsugiri|Tatsugiri, M|59/100
|turn|29
|
|t:|1758982343
|switch|p2a: Hatterene|Hatterene, F|100/100
|-damage|p2a: Hatterene|88/100|[from] Stealth Rock
|move|p1a: Tatsugiri|Draco Meteor|p2a: Hatterene
|-immune|p2a: Hatterene
|
|upkeep
|turn|30
|
|t:|1758982349
|switch|p1a: Rillaboom|Rillaboom, M|100/100
|-fieldstart|move: Grassy Terrain|[from] ability: Grassy Surge|[of] p1a: Rillaboom
|move|p2a: Hatterene|Nuzzle|p1a: Rillaboom
|-resisted|p1a: Rillaboom
|-damage|p1a: Rillaboom|98/100
|-status|p1a: Rillaboom|par
|
|-heal|p1a: Rillaboom|100/100 par|[from] Grassy Terrain
|-heal|p2a: Hatterene|94/100|[from] Grassy Terrain
|upkeep
|turn|31
|
|t:|1758982365
|cant|p1a: Rillaboom|par
|move|p2a: Hatterene|Psychic Noise|p1a: Rillaboom
|-damage|p1a: Rillaboom|57/100 par
|-start|p1a: Rillaboom|move: Heal Block
|
|-heal|p2a: Hatterene|99/100|[from] Grassy Terrain
|upkeep
|turn|32
|
|t:|1758982370
|move|p1a: Rillaboom|Knock Off|p2a: Hatterene
|-crit|p2a: Hatterene
|-damage|p2a: Hatterene|60/100
|-enditem|p2a: Hatterene|Custap Berry|[from] move: Knock Off|[of] p1a: Rillaboom
|move|p2a: Hatterene|Psychic Noise|p1a: Rillaboom
|-damage|p1a: Rillaboom|13/100 par
|
|-heal|p2a: Hatterene|66/100|[from] Grassy Terrain
|-end|p1a: Rillaboom|move: Heal Block
|upkeep
|turn|33
|
|t:|1758982378
|cant|p1a: Rillaboom|par
|move|p2a: Hatterene|Psychic Noise|p1a: Rillaboom
|-damage|p1a: Rillaboom|0 fnt
|faint|p1a: Rillaboom
|
|-heal|p2a: Hatterene|72/100|[from] Grassy Terrain
|upkeep
|
|t:|1758982381
|switch|p1a: Sinistcha|Sinistcha|28/100
|-damage|p1a: Sinistcha|15/100|[from] Stealth Rock
|turn|34
|
|t:|1758982385
|move|p1a: Sinistcha|Shadow Ball|p2a: Hatterene
|-supereffective|p2a: Hatterene
|-damage|p2a: Hatterene|0 fnt
|faint|p2a: Hatterene
|
|-heal|p1a: Sinistcha|21/100|[from] Grassy Terrain
|-fieldend|move: Grassy Terrain
|upkeep
|
|t:|1758982391
|switch|p2a: Landorus|Landorus-Therian, M|54/100
|-damage|p2a: Landorus|41/100|[from] Stealth Rock
|-ability|p2a: Landorus|Intimidate|boost
|-unboost|p1a: Sinistcha|atk|1
|turn|35
|
|t:|1758982399
|move|p2a: Landorus|U-turn|p1a: Sinistcha
|-damage|p1a: Sinistcha|0 fnt
|faint|p1a: Sinistcha
|
|t:|1758982403
|switch|p2a: Iron Moth|Iron Moth|100/100|[from] U-turn
|-damage|p2a: Iron Moth|76/100|[from] Stealth Rock
|
|upkeep
|
|t:|1758982406
|switch|p1a: Tatsugiri|Tatsugiri, M|59/100
|turn|36
|
|t:|1758982410
|move|p2a: Iron Moth|Dazzling Gleam|p1a: Tatsugiri
|-supereffective|p1a: Tatsugiri
|-damage|p1a: Tatsugiri|0 fnt
|faint|p1a: Tatsugiri
|
|win|jyhgweasxvc
|raw|YuZu Aza's rating: 1186 &rarr; <strong>1161</strong><br />(-25 for losing)
|raw|jyhgweasxvc's rating: 1182 &rarr; <strong>1207</strong><br />(+25 for winning)
|l|☆YuZu Aza
|player|p1|
|l|☆jyhgweasxvc
|player|p2|
