|j|☆The Power of Spam
|j|☆SemperMamba
|t:|1758975923
|gametype|singles
|player|p1|The Power of Spam|worker|1333
|player|p2|SemperMamba|169|1317
|gen|9
|tier|[Gen 9] OU
|rated|
|rule|HP Percentage Mod: HP is shown in percentages
|rule|Endless Battle Clause: Forcing endless battles is banned
|rule|Species Clause: Limit one of each Pokémon
|rule|OHKO Clause: OHKO moves are banned
|rule|Evasion Items Clause: Evasion items are banned
|rule|Evasion Moves Clause: Evasion moves are banned
|rule|Evasion Abilities Clause: Evasion abilities are banned
|rule|Sleep Moves Clause: Sleep-inducing moves are banned
|clearpoke
|poke|p1|Landorus-Therian, M|
|poke|p1|Greninja-*, M|
|poke|p1|Tsareena, F|
|poke|p1|Deoxys-Speed|
|poke|p1|Iron Hands|
|poke|p1|Heatran, F|
|poke|p2|Lilligant-Hisui, F|
|poke|p2|Ceruledge, M|
|poke|p2|Great Tusk|
|poke|p2|Raging Bolt|
|poke|p2|Greninja-*, F|
|poke|p2|Ninetales, M|
|teampreview
|
|t:|1758975931
|teamsize|p1|6
|teamsize|p2|6
|start
|switch|p1a: Deoxys|Deoxys-Speed|100/100
|switch|p2a: Greninja|Greninja, F|100/100
|-ability|p1a: Deoxys|Pressure
|turn|1
|
|t:|1758975940
|switch|p1a: Iron Hands|Iron Hands|100/100
|move|p2a: Greninja|U-turn|p1a: Iron Hands
|-start|p2a: Greninja|typechange|Bug|[from] ability: Protean
|-resisted|p1a: Iron Hands
|-damage|p1a: Iron Hands|94/100
|
|t:|1758975950
|switch|p2a: Great Tusk|Great Tusk|100/100|[from] U-turn
|
|upkeep
|turn|2
|
|t:|1758975958
|move|p1a: Iron Hands|Fake Out|p2a: Great Tusk
|-damage|p2a: Great Tusk|91/100
|cant|p2a: Great Tusk|flinch
|
|-heal|p2a: Great Tusk|97/100|[from] item: Leftovers
|upkeep
|turn|3
|
|t:|1758975967
|-end|p1a: Iron Hands|Quark Drive|[silent]
|switch|p1a: Deoxys|Deoxys-Speed|100/100
|-ability|p1a: Deoxys|Pressure
|move|p2a: Great Tusk|Stealth Rock|p1a: Deoxys
|-sidestart|p1: The Power of Spam|move: Stealth Rock
|
|-heal|p2a: Great Tusk|100/100|[from] item: Leftovers
|upkeep
|turn|4
|
|t:|1758975990
|-end|p2a: Great Tusk|Protosynthesis|[silent]
|switch|p2a: Greninja|Greninja, F|100/100
|move|p1a: Deoxys|Stealth Rock|p2a: Greninja
|-sidestart|p2: SemperMamba|move: Stealth Rock
|
|upkeep
|turn|5
|
|t:|1758976000
|move|p1a: Deoxys|Superpower|p2a: Greninja
|-supereffective|p2a: Greninja
|-damage|p2a: Greninja|0 fnt
|-unboost|p1a: Deoxys|atk|1
|-unboost|p1a: Deoxys|def|1
|faint|p2a: Greninja
|-enditem|p1a: Deoxys|Eject Pack
|
|t:|1758976008
|switch|p1a: Tsareena|Tsareena, F, shiny|100/100
|
|upkeep
|
|t:|1758976014
|switch|p2a: Ceruledge|Ceruledge, M|100/100
|turn|6
|
|t:|1758976022
|switch|p1a: Landorus|Landorus-Therian, M|100/100
|-damage|p1a: Landorus|88/100|[from] Stealth Rock
|-ability|p1a: Landorus|Intimidate|boost
|-unboost|p2a: Ceruledge|atk|1
|move|p2a: Ceruledge|Swords Dance|p2a: Ceruledge
|-boost|p2a: Ceruledge|atk|2
|
|upkeep
|turn|7
|
|t:|1758976045
|switch|p2a: Great Tusk|Great Tusk|100/100
|-damage|p2a: Great Tusk|97/100|[from] Stealth Rock
|move|p1a: Landorus|U-turn|p2a: Great Tusk
|-resisted|p2a: Great Tusk
|-damage|p2a: Great Tusk|90/100
|
|t:|1758976054
|switch|p1a: Deoxys|Deoxys-Speed|100/100|[from] U-turn
|-damage|p1a: Deoxys|88/100|[from] Stealth Rock
|-ability|p1a: Deoxys|Pressure
|
|-heal|p2a: Great Tusk|96/100|[from] item: Leftovers
|upkeep
|turn|8
|
|t:|1758976072
|-end|p2a: Great Tusk|Protosynthesis|[silent]
|switch|p2a: Raging Bolt|Raging Bolt|100/100
|-damage|p2a: Raging Bolt|88/100|[from] Stealth Rock
|move|p1a: Deoxys|Psycho Boost|p2a: Raging Bolt
|-damage|p2a: Raging Bolt|62/100
|-unboost|p1a: Deoxys|spa|2
|
|upkeep
|turn|9
|
|t:|1758976084
|move|p1a: Deoxys|Knock Off|p2a: Raging Bolt
|-damage|p2a: Raging Bolt|42/100
|-enditem|p2a: Raging Bolt|Assault Vest|[from] move: Knock Off|[of] p1a: Deoxys
|move|p2a: Raging Bolt|Draco Meteor|p1a: Deoxys
|-damage|p1a: Deoxys|0 fnt
|-unboost|p2a: Raging Bolt|spa|2
|faint|p1a: Deoxys
|
|upkeep
|
|t:|1758976095
|switch|p1a: Tsareena|Tsareena, F, shiny|100/100
|turn|10
|
|t:|1758976127
|-end|p2a: Raging Bolt|Protosynthesis|[silent]
|switch|p2a: Ceruledge|Ceruledge, M|100/100
|move|p1a: Tsareena|Rapid Spin|p2a: Ceruledge
|-immune|p2a: Ceruledge
|
|upkeep
|turn|11
|
|t:|1758976145
|move|p2a: Ceruledge|Sunny Day|p2a: Ceruledge
|-weather|SunnyDay
|move|p1a: Tsareena|Knock Off|p2a: Ceruledge
|-supereffective|p2a: Ceruledge
|-crit|p2a: Ceruledge
|-damage|p2a: Ceruledge|0 fnt
|-enditem|p2a: Ceruledge|Heavy-Duty Boots|[from] move: Knock Off|[of] p1a: Tsareena
|faint|p2a: Ceruledge
|
|-weather|SunnyDay|[upkeep]
|upkeep
|
|t:|1758976153
|switch|p2a: Lilligant|Lilligant-Hisui, F, shiny|100/100
|-damage|p2a: Lilligant|94/100|[from] Stealth Rock
|turn|12
|
|t:|1758976160
|move|p2a: Lilligant|Victory Dance|p2a: Lilligant
|-boost|p2a: Lilligant|atk|1
|-boost|p2a: Lilligant|def|1
|-boost|p2a: Lilligant|spe|1
|move|p1a: Tsareena|Synthesis|p1a: Tsareena
|-fail|p1a: Tsareena|heal
|
|-weather|SunnyDay|[upkeep]
|upkeep
|turn|13
|
|t:|1758976169
|move|p2a: Lilligant|Encore|p1a: Tsareena
|-start|p1a: Tsareena|Encore
|move|p1a: Tsareena|Synthesis|p1a: Tsareena
|-fail|p1a: Tsareena|heal
|
|-weather|SunnyDay|[upkeep]
|upkeep
|turn|14
|
|t:|1758976177
|switch|p1a: Landorus|Landorus-Therian, M|88/100
|-damage|p1a: Landorus|76/100|[from] Stealth Rock
|-ability|p1a: Landorus|Intimidate|boost
|-unboost|p2a: Lilligant|atk|1
|move|p2a: Lilligant|Victory Dance|p2a: Lilligant
|-boost|p2a: Lilligant|atk|1
|-boost|p2a: Lilligant|def|1
|-boost|p2a: Lilligant|spe|1
|
|-weather|SunnyDay|[upkeep]
|upkeep
|turn|15
|
|t:|1758976190
|-terastallize|p1a: Landorus|Flying
|move|p2a: Lilligant|Leaf Blade|p1a: Landorus
|-resisted|p1a: Landorus
|-damage|p1a: Landorus|35/100
|move|p1a: Landorus|Tera Blast|p2a: Lilligant|[anim] Tera Blast Flying
|-supereffective|p2a: Lilligant
|-damage|p2a: Lilligant|0 fnt
|faint|p2a: Lilligant
|
|-weather|none
|upkeep
|
|t:|1758976205
|switch|p2a: Great Tusk|Great Tusk|96/100
|-damage|p2a: Great Tusk|93/100|[from] Stealth Rock
|turn|16
|
|t:|1758976212
|switch|p1a: Tsareena|Tsareena, F, shiny|100/100
|move|p2a: Great Tusk|Rapid Spin|p1a: Tsareena
|-damage|p1a: Tsareena|90/100
|-boost|p2a: Great Tusk|spe|1
|-sideend|p2: SemperMamba|Stealth Rock|[from] move: Rapid Spin|[of] p2a: Great Tusk
|
|-heal|p2a: Great Tusk|99/100|[from] item: Leftovers
|upkeep
|turn|17
|
|t:|1758976241
|move|p2a: Great Tusk|Rapid Spin|p1a: Tsareena
|-damage|p1a: Tsareena|79/100
|-boost|p2a: Great Tusk|spe|1
|move|p1a: Tsareena|Rapid Spin|p2a: Great Tusk
|-damage|p2a: Great Tusk|91/100
|-boost|p1a: Tsareena|spe|1
|-sideend|p1: The Power of Spam|Stealth Rock|[from] move: Rapid Spin|[of] p1a: Tsareena
|
|-heal|p2a: Great Tusk|98/100|[from] item: Leftovers
|upkeep
|turn|18
|
|t:|1758976252
|move|p2a: Great Tusk|Ice Spinner|p1a: Tsareena
|-supereffective|p1a: Tsareena
|-damage|p1a: Tsareena|46/100
|move|p1a: Tsareena|Trop Kick|p2a: Great Tusk
|-supereffective|p2a: Great Tusk
|-damage|p2a: Great Tusk|62/100
|-unboost|p2a: Great Tusk|atk|1
|
|-heal|p2a: Great Tusk|68/100|[from] item: Leftovers
|upkeep
|turn|19
|
|t:|1758976266
|-end|p2a: Great Tusk|Protosynthesis|[silent]
|switch|p2a: Ninetales|Ninetales, M|100/100
|-weather|SunnyDay|[from] ability: Drought|[of] p2a: Ninetales
|move|p1a: Tsareena|Synthesis|p1a: Tsareena
|-heal|p1a: Tsareena|100/100
|
|-weather|SunnyDay|[upkeep]
|upkeep
|turn|20
|
|t:|1758976280
|switch|p2a: Raging Bolt|Raging Bolt|42/100
|-activate|p2a: Raging Bolt|ability: Protosynthesis
|-start|p2a: Raging Bolt|protosynthesisspa
|switch|p1a: Heatran|Heatran, F|100/100
|
|-weather|SunnyDay|[upkeep]
|upkeep
|turn|21
|
|t:|1758976289
|move|p1a: Heatran|Earth Power|p2a: Raging Bolt
|-supereffective|p2a: Raging Bolt
|-damage|p2a: Raging Bolt|1/100
|move|p2a: Raging Bolt|Volt Switch|p1a: Heatran
|-damage|p1a: Heatran|64/100
|
|t:|1758976298
|-end|p2a: Raging Bolt|Protosynthesis|[silent]
|switch|p2a: Great Tusk|Great Tusk|68/100|[from] Volt Switch
|-activate|p2a: Great Tusk|ability: Protosynthesis
|-start|p2a: Great Tusk|protosynthesisdef
|
|-weather|SunnyDay|[upkeep]
|-heal|p2a: Great Tusk|74/100|[from] item: Leftovers
|-heal|p1a: Heatran|70/100|[from] item: Leftovers
|upkeep
|turn|22
|
|t:|1758976312
|move|p2a: Great Tusk|Ice Spinner|p1a: Heatran
|-resisted|p1a: Heatran
|-damage|p1a: Heatran|65/100
|move|p1a: Heatran|Will-O-Wisp|p2a: Great Tusk
|-status|p2a: Great Tusk|brn
|
|-weather|SunnyDay|[upkeep]
|-heal|p2a: Great Tusk|80/100 brn|[from] item: Leftovers
|-heal|p1a: Heatran|71/100|[from] item: Leftovers
|-damage|p2a: Great Tusk|74/100 brn|[from] brn
|upkeep
|turn|23
|-message|SemperMamba forfeited.
|
|win|The Power of Spam
|raw|The Power of Spam's rating: 1333 &rarr; <strong>1352</strong><br />(+19 for winning)
|raw|SemperMamba's rating: 1317 &rarr; <strong>1298</strong><br />(-19 for losing)
|l|☆SemperMamba
|player|p2|
|l|☆The Power of Spam
|player|p1|
