|j|☆didijjb
|j|☆arvends5
|t:|1758962114
|gametype|singles
|player|p1|didijjb|1|1269
|player|p2|arvends5|burglar|1275
|gen|9
|tier|[Gen 9] OU
|rated|
|rule|HP Percentage Mod: HP is shown in percentages
|rule|Endless Battle Clause: Forcing endless battles is banned
|rule|Species Clause: Limit one of each Pokémon
|rule|OHKO Clause: OHKO moves are banned
|rule|Evasion Items Clause: Evasion items are banned
|rule|Evasion Moves Clause: Evasion moves are banned
|rule|Evasion Abilities Clause: Evasion abilities are banned
|rule|Sleep Moves Clause: Sleep-inducing moves are banned
|clearpoke
|poke|p1|Kleavor, M|
|poke|p1|Kingambit, F|
|poke|p1|Pecharunt|
|poke|p1|Dragapult, M|
|poke|p1|Iron Crown|
|poke|p1|Zamazenta-*|
|poke|p2|Venusaur, M|
|poke|p2|Ninetales, F|
|poke|p2|Wigglytuff, F|
|poke|p2|Dragonite, M|
|poke|p2|Vaporeon, F|
|poke|p2|Ditto|
|teampreview
|inactive|Battle timer is ON: inactive players will automatically lose when time's up. (requested by didijjb)
|
|t:|1758962125
|teamsize|p1|6
|teamsize|p2|6
|start
|switch|p1a: Kleavor|Kleavor, M|100/100
|switch|p2a: Ditto|Ditto, shiny|100/100
|-transform|p2a: Ditto|p1a: Kleavor|[from] ability: Imposter
|turn|1
|
|t:|1758962134
|-terastallize|p1a: Kleavor|Rock
|move|p2a: Ditto|Stone Axe|p1a: Kleavor
|-damage|p1a: Kleavor|31/100
|-sidestart|p1: didijjb|move: Stealth Rock
|move|p1a: Kleavor|Stone Axe|p2a: Ditto
|-supereffective|p2a: Ditto
|-damage|p2a: Ditto|0 fnt
|-sidestart|p2: arvends5|move: Stealth Rock
|faint|p2a: Ditto
|
|upkeep
|
|t:|1758962149
|switch|p2a: Ninetales|Ninetales, F|100/100
|-damage|p2a: Ninetales|75/100|[from] Stealth Rock
|-weather|SunnyDay|[from] ability: Drought|[of] p2a: Ninetales
|turn|2
|
|t:|1758962155
|move|p1a: Kleavor|Stone Axe|p2a: Ninetales
|-supereffective|p2a: Ninetales
|-damage|p2a: Ninetales|0 fnt
|faint|p2a: Ninetales
|
|-weather|SunnyDay|[upkeep]
|upkeep
|
|t:|1758962158
|switch|p2a: Venusaur|Venusaur, M|100/100
|-damage|p2a: Venusaur|88/100|[from] Stealth Rock
|turn|3
|
|t:|1758962167
|move|p2a: Venusaur|Solar Beam||[still]
|-prepare|p2a: Venusaur|Solar Beam
|-anim|p2a: Venusaur|Solar Beam|p1a: Kleavor
|-supereffective|p1a: Kleavor
|-damage|p1a: Kleavor|0 fnt
|faint|p1a: Kleavor
|-damage|p2a: Venusaur|78/100|[from] item: Life Orb
|
|-weather|SunnyDay|[upkeep]
|upkeep
|
|t:|1758962179
|switch|p1a: Dragapult|Dragapult, M|100/100
|-damage|p1a: Dragapult|88/100|[from] Stealth Rock
|turn|4
|
|t:|1758962186
|move|p2a: Venusaur|Solar Beam||[still]
|-prepare|p2a: Venusaur|Solar Beam
|-anim|p2a: Venusaur|Solar Beam|p1a: Dragapult
|-resisted|p1a: Dragapult
|-damage|p1a: Dragapult|35/100
|-damage|p2a: Venusaur|68/100|[from] item: Life Orb
|move|p1a: Dragapult|Dragon Darts|p2a: Venusaur
|-damage|p2a: Venusaur|20/100
|-anim|p1a: Dragapult|Dragon Darts|p2a: Venusaur
|-damage|p2a: Venusaur|0 fnt
|faint|p2a: Venusaur
|
|-weather|SunnyDay|[upkeep]
|upkeep
|
|t:|1758962196
|switch|p2a: Wigglytuff|Wigglytuff, F|100/100
|-damage|p2a: Wigglytuff|88/100|[from] Stealth Rock
|turn|5
|
|t:|1758962201
|switch|p1a: Pecharunt|Pecharunt|100/100
|move|p2a: Wigglytuff|Fire Blast|p1a: Pecharunt
|-damage|p1a: Pecharunt|68/100
|
|-weather|SunnyDay|[upkeep]
|-heal|p2a: Wigglytuff|94/100|[from] item: Leftovers
|upkeep
|turn|6
|
|t:|1758962210
|move|p1a: Pecharunt|Malignant Chain|p2a: Wigglytuff
|-supereffective|p2a: Wigglytuff
|-damage|p2a: Wigglytuff|20/100
|-status|p2a: Wigglytuff|tox
|-start|p2a: Wigglytuff|confusion|[from] ability: Poison Puppeteer|[of] p1a: Pecharunt
|-activate|p2a: Wigglytuff|confusion
|move|p2a: Wigglytuff|Thunder Wave|p1a: Pecharunt
|-status|p1a: Pecharunt|par
|
|-weather|SunnyDay|[upkeep]
|-heal|p2a: Wigglytuff|26/100 tox|[from] item: Leftovers
|-damage|p2a: Wigglytuff|20/100 tox|[from] psn
|upkeep
|turn|7
|
|t:|1758962225
|-activate|p2a: Wigglytuff|confusion
|-damage|p2a: Wigglytuff|15/100 tox|[from] confusion
|move|p1a: Pecharunt|Recover|p1a: Pecharunt
|-heal|p1a: Pecharunt|100/100 par
|
|-weather|SunnyDay|[upkeep]
|-heal|p2a: Wigglytuff|21/100 tox|[from] item: Leftovers
|-damage|p2a: Wigglytuff|9/100 tox|[from] psn
|upkeep
|turn|8
|
|t:|1758962232
|-activate|p2a: Wigglytuff|confusion
|-damage|p2a: Wigglytuff|4/100 tox|[from] confusion
|move|p1a: Pecharunt|Malignant Chain|p2a: Wigglytuff
|-supereffective|p2a: Wigglytuff
|-damage|p2a: Wigglytuff|0 fnt
|faint|p2a: Wigglytuff
|
|-weather|SunnyDay|[upkeep]
|upkeep
|
|t:|1758962239
|switch|p2a: Vaporeon|Vaporeon, F|100/100
|-damage|p2a: Vaporeon|88/100|[from] Stealth Rock
|turn|9
|
|t:|1758962245
|move|p2a: Vaporeon|Weather Ball|p1a: Pecharunt
|-damage|p1a: Pecharunt|26/100 par
|cant|p1a: Pecharunt|par
|
|-weather|none
|upkeep
|turn|10
|
|t:|1758962252
|switch|p2a: Dragonite|Dragonite, M|100/100
|-damage|p2a: Dragonite|75/100|[from] Stealth Rock
|move|p1a: Pecharunt|Recover|p1a: Pecharunt
|-heal|p1a: Pecharunt|76/100 par
|
|upkeep
|turn|11
|
|t:|1758962257
|move|p2a: Dragonite|Draco Meteor|p1a: Pecharunt|[miss]
|-miss|p2a: Dragonite|p1a: Pecharunt
|move|p1a: Pecharunt|Malignant Chain|p2a: Dragonite
|-damage|p2a: Dragonite|46/100
|-status|p2a: Dragonite|tox
|-start|p2a: Dragonite|confusion|[from] ability: Poison Puppeteer|[of] p1a: Pecharunt
|
|-damage|p2a: Dragonite|39/100 tox|[from] psn
|upkeep
|turn|12
|-message|arvends5 forfeited.
|
|win|didijjb
|raw|didijjb's rating: 1269 &rarr; <strong>1294</strong><br />(+25 for winning)
|raw|arvends5's rating: 1275 &rarr; <strong>1250</strong><br />(-25 for losing)
|l|☆didijjb
|player|p1|
|l|☆arvends5
|player|p2|
