|badge|p2|silver|gen9ou|30-6
|html|<div class="broadcast-red"><strong>This battle is required to be public due to one or more player having a season medal.</strong><br />During the public phase, you can discuss the state of the ladder <a href="/seasondiscussion">in a special chatroom.</a></div>
|uhtml|medal-msg|<div class="broadcast-blue">Curious what those medals under the avatar are? PS now has Ladder Seasons! For more information, check out the <a href="https://www.smogon.com/forums/threads/3740067/">thread on Smogon.</a></div>
|raw|<div class="broadcast-blue"><strong>This battle is required to be public due to a player having a name starting with 'medal'.</div>
|j|☆Obito 2001
|j|☆send it to me
|t:|1759052185
|gametype|singles
|player|p1|Obito 2001|blue-gen3two|1769
|player|p2|send it to me|pokemonrangerf-gen4|1998
|gen|9
|tier|[Gen 9] OU
|rated|
|rule|HP Percentage Mod: HP is shown in percentages
|rule|Endless Battle Clause: Forcing endless battles is banned
|rule|Species Clause: Limit one of each Pokémon
|rule|OHKO Clause: OHKO moves are banned
|rule|Evasion Items Clause: Evasion items are banned
|rule|Evasion Moves Clause: Evasion moves are banned
|rule|Evasion Abilities Clause: Evasion abilities are banned
|rule|Sleep Moves Clause: Sleep-inducing moves are banned
|clearpoke
|poke|p1|Kingambit, M|
|poke|p1|Landorus-Therian, M|
|poke|p1|Raging Bolt|
|poke|p1|Glimmora, F|
|poke|p1|Dragapult, F|
|poke|p1|Cinderace, F|
|poke|p2|Garchomp, F|
|poke|p2|Gholdengo|
|poke|p2|Dragonite, M|
|poke|p2|Iron Valiant|
|poke|p2|Samurott-Hisui, F|
|poke|p2|Great Tusk|
|teampreview
|inactive|Battle timer is ON: inactive players will automatically lose when time's up. (requested by Obito 2001)
|j| catarina valentine
|
|t:|1759052204
|teamsize|p1|6
|teamsize|p2|6
|start
|switch|p1a: Landorus|Landorus-Therian, M|100/100
|switch|p2a: Samurott|Samurott-Hisui, F|100/100
|-ability|p1a: Landorus|Intimidate|boost
|-unboost|p2a: Samurott|atk|1
|turn|1
|
|t:|1759052214
|move|p1a: Landorus|U-turn|p2a: Samurott
|-supereffective|p2a: Samurott
|-damage|p2a: Samurott|46/100
|
|t:|1759052220
|switch|p1a: Zenitsu|Raging Bolt|100/100|[from] U-turn
|move|p2a: Samurott|Ceaseless Edge|p1a: Zenitsu
|-damage|p1a: Zenitsu|62/100
|-sidestart|p1: Obito 2001|Spikes
|
|-heal|p1a: Zenitsu|68/100|[from] item: Leftovers
|upkeep
|turn|2
|
|t:|1759052241
|move|p1a: Zenitsu|Thunderclap|p2a: Samurott
|-supereffective|p2a: Samurott
|-damage|p2a: Samurott|0 fnt
|faint|p2a: Samurott
|
|-heal|p1a: Zenitsu|74/100|[from] item: Leftovers
|upkeep
|
|t:|1759052247
|switch|p2a: Garchomp|Garchomp, F, shiny|100/100
|turn|3
|j| heatraniac
|l| heatraniac
|
|t:|1759052259
|move|p2a: Garchomp|Swords Dance|p2a: Garchomp
|-boost|p2a: Garchomp|atk|2
|move|p1a: Zenitsu|Dragon Pulse|p2a: Garchomp
|-supereffective|p2a: Garchomp
|-damage|p2a: Garchomp|0 fnt
|faint|p2a: Garchomp
|
|-heal|p1a: Zenitsu|80/100|[from] item: Leftovers
|upkeep
|
|t:|1759052263
|switch|p2a: Iron Valiant|Iron Valiant|100/100
|-enditem|p2a: Iron Valiant|Booster Energy
|-activate|p2a: Iron Valiant|ability: Quark Drive|[fromitem]
|-start|p2a: Iron Valiant|quarkdrivespe
|turn|4
|
|t:|1759052267
|-end|p1a: Zenitsu|Protosynthesis|[silent]
|switch|p1a: Toxica|Glimmora, F|100/100
|-damage|p1a: Toxica|88/100|[from] Spikes
|move|p2a: Iron Valiant|Calm Mind|p2a: Iron Valiant
|-boost|p2a: Iron Valiant|spa|1
|-boost|p2a: Iron Valiant|spd|1
|
|upkeep
|turn|5
|
|t:|1759052270
|move|p2a: Iron Valiant|Shadow Ball|p1a: Toxica
|-damage|p1a: Toxica|38/100
|move|p1a: Toxica|Sludge Wave|p2a: Iron Valiant
|-supereffective|p2a: Iron Valiant
|-damage|p2a: Iron Valiant|0 fnt
|faint|p2a: Iron Valiant
|-end|p2a: Iron Valiant|Quark Drive|[silent]
|
|upkeep
|
|t:|1759052288
|switch|p2a: Great Tusk|Great Tusk|100/100
|-enditem|p2a: Great Tusk|Booster Energy
|-activate|p2a: Great Tusk|ability: Protosynthesis|[fromitem]
|-start|p2a: Great Tusk|protosynthesisspe
|turn|6
|
|t:|1759052295
|move|p2a: Great Tusk|Bulk Up|p2a: Great Tusk
|-boost|p2a: Great Tusk|atk|1
|-boost|p2a: Great Tusk|def|1
|move|p1a: Toxica|Dazzling Gleam|p2a: Great Tusk
|-supereffective|p2a: Great Tusk
|-damage|p2a: Great Tusk|27/100
|
|upkeep
|turn|7
|
|t:|1759052299
|move|p2a: Great Tusk|Earthquake|p1a: Toxica
|-supereffective|p1a: Toxica
|-damage|p1a: Toxica|0 fnt
|-activate|p1a: Toxica|ability: Toxic Debris
|-sidestart|p2: send it to me|move: Toxic Spikes
|faint|p1a: Toxica
|
|upkeep
|
|t:|1759052302
|switch|p1a: Landorus|Landorus-Therian, M|100/100
|-ability|p1a: Landorus|Intimidate|boost
|-unboost|p2a: Great Tusk|atk|1
|turn|8
|
|t:|1759052308
|move|p2a: Great Tusk|Ice Spinner|p1a: Landorus
|-supereffective|p1a: Landorus
|-damage|p1a: Landorus|13/100
|-damage|p2a: Great Tusk|10/100|[from] item: Rocky Helmet|[of] p1a: Landorus
|move|p1a: Landorus|Grass Knot|p2a: Great Tusk
|-supereffective|p2a: Great Tusk
|-damage|p2a: Great Tusk|0 fnt
|faint|p2a: Great Tusk
|-end|p2a: Great Tusk|Protosynthesis|[silent]
|
|upkeep
|
|t:|1759052314
|switch|p2a: Dragonite|Dragonite, M|100/100
|turn|9
|
|t:|1759052317
|move|p1a: Landorus|U-turn|p2a: Dragonite
|-resisted|p2a: Dragonite
|-damage|p2a: Dragonite|95/100
|
|t:|1759052319
|switch|p1a: DraGhost|Dragapult, F|100/100|[from] U-turn
|-damage|p1a: DraGhost|88/100|[from] Spikes
|move|p2a: Dragonite|Dragon Dance|p2a: Dragonite
|-boost|p2a: Dragonite|atk|1
|-boost|p2a: Dragonite|spe|1
|
|-heal|p2a: Dragonite|100/100|[from] item: Leftovers
|-heal|p1a: DraGhost|94/100|[from] item: Leftovers
|upkeep
|turn|10
|
|t:|1759052332
|-terastallize|p2a: Dragonite|Flying
|move|p2a: Dragonite|Tera Blast|p1a: DraGhost|[anim] Tera Blast Flying
|-damage|p1a: DraGhost|0 fnt
|faint|p1a: DraGhost
|
|upkeep
|
|t:|1759052344
|switch|p1a: Landorus|Landorus-Therian, M|13/100
|-ability|p1a: Landorus|Intimidate|boost
|-unboost|p2a: Dragonite|atk|1
|turn|11
|
|t:|1759052352
|move|p2a: Dragonite|Dragon Dance|p2a: Dragonite
|-boost|p2a: Dragonite|atk|1
|-boost|p2a: Dragonite|spe|1
|move|p1a: Landorus|U-turn|p2a: Dragonite
|-resisted|p2a: Dragonite
|-damage|p2a: Dragonite|95/100
|
|t:|1759052359
|switch|p1a: Sosuke Aizen|Kingambit, M, shiny|100/100|[from] U-turn
|-damage|p1a: Sosuke Aizen|88/100|[from] Spikes
|-activate|p1a: Sosuke Aizen|ability: Supreme Overlord
|-start|p1a: Sosuke Aizen|fallen2|[silent]
|
|-heal|p2a: Dragonite|100/100|[from] item: Leftovers
|-heal|p1a: Sosuke Aizen|94/100|[from] item: Leftovers
|upkeep
|turn|12
|
|t:|1759052367
|-end|p1a: Sosuke Aizen|fallen2|[silent]
|switch|p1a: Landorus|Landorus-Therian, M|13/100
|-ability|p1a: Landorus|Intimidate|boost
|-unboost|p2a: Dragonite|atk|1
|move|p2a: Dragonite|Earthquake|p1a: Landorus
|-immune|p1a: Landorus
|
|upkeep
|turn|13
|
|t:|1759052372
|move|p2a: Dragonite|Dragon Dance|p2a: Dragonite
|-boost|p2a: Dragonite|atk|1
|-boost|p2a: Dragonite|spe|1
|move|p1a: Landorus|U-turn|p2a: Dragonite
|-resisted|p2a: Dragonite
|-damage|p2a: Dragonite|96/100
|
|t:|1759052377
|switch|p1a: BunnyGirlSenpai|Cinderace, F|100/100|[from] U-turn
|
|-heal|p2a: Dragonite|100/100|[from] item: Leftovers
|upkeep
|turn|14
|
|t:|1759052379
|switch|p1a: Landorus|Landorus-Therian, M|13/100
|-ability|p1a: Landorus|Intimidate|boost
|-unboost|p2a: Dragonite|atk|1
|move|p2a: Dragonite|Tera Blast|p1a: Landorus|[anim] Tera Blast Flying
|-damage|p1a: Landorus|0 fnt
|faint|p1a: Landorus
|
|upkeep
|
|t:|1759052385
|switch|p1a: BunnyGirlSenpai|Cinderace, F|100/100
|turn|15
|
|t:|1759052395
|move|p2a: Dragonite|Tera Blast|p1a: BunnyGirlSenpai|[anim] Tera Blast Flying
|-damage|p1a: BunnyGirlSenpai|28/100
|move|p1a: BunnyGirlSenpai|Will-O-Wisp|p2a: Dragonite
|-status|p2a: Dragonite|brn
|
|-damage|p2a: Dragonite|94/100 brn|[from] brn
|upkeep
|turn|16
|j| Punyakoko
|
|t:|1759052404
|move|p2a: Dragonite|Earthquake|p1a: BunnyGirlSenpai
|-supereffective|p1a: BunnyGirlSenpai
|-damage|p1a: BunnyGirlSenpai|0 fnt
|faint|p1a: BunnyGirlSenpai
|
|-heal|p2a: Dragonite|100/100 brn|[from] item: Leftovers
|-damage|p2a: Dragonite|94/100 brn|[from] brn
|upkeep
|
|t:|1759052409
|switch|p1a: Zenitsu|Raging Bolt|80/100
|-damage|p1a: Zenitsu|68/100|[from] Spikes
|turn|17
|
|t:|1759052413
|move|p1a: Zenitsu|Thunderclap|p2a: Dragonite
|-supereffective|p2a: Dragonite
|-damage|p2a: Dragonite|0 fnt
|faint|p2a: Dragonite
|
|-heal|p1a: Zenitsu|74/100|[from] item: Leftovers
|upkeep
|
|t:|1759052415
|switch|p2a: Gholdengo|Gholdengo|100/100
|turn|18
|
|t:|1759052422
|move|p2a: Gholdengo|Nasty Plot|p2a: Gholdengo
|-boost|p2a: Gholdengo|spa|2
|move|p1a: Zenitsu|Thunderbolt|p2a: Gholdengo
|-damage|p2a: Gholdengo|38/100
|-status|p2a: Gholdengo|par
|
|-heal|p1a: Zenitsu|80/100|[from] item: Leftovers
|upkeep
|turn|19
|-message|send it to me forfeited.
|
|win|Obito 2001
|raw|Obito 2001's rating: 1769 &rarr; <strong>1801</strong><br />(+32 for winning)
|raw|send it to me's rating: 1998 &rarr; <strong>1966</strong><br />(-32 for losing)
|l|☆send it to me
|player|p2|
