|j|☆redner bo
|j|☆sml shrek
|t:|1759033556
|gametype|singles
|player|p1|redner bo|266|1462
|player|p2|sml shrek|hiker-gen4|1430
|gen|9
|tier|[Gen 9] OU
|rated|
|rule|HP Percentage Mod: HP is shown in percentages
|rule|Endless Battle Clause: Forcing endless battles is banned
|rule|Species Clause: Limit one of each Pokémon
|rule|OHKO Clause: OHKO moves are banned
|rule|Evasion Items Clause: Evasion items are banned
|rule|Evasion Moves Clause: Evasion moves are banned
|rule|Evasion Abilities Clause: Evasion abilities are banned
|rule|Sleep Moves Clause: Sleep-inducing moves are banned
|clearpoke
|poke|p1|Primarina, M|
|poke|p1|Latios, M|
|poke|p1|Weavile, F|
|poke|p1|Ceruledge, M|
|poke|p1|Corviknight, M|
|poke|p1|Garganacl, F|
|poke|p2|Ribombee, F|
|poke|p2|Cinderace, F|
|poke|p2|Great Tusk|
|poke|p2|Ting-Lu|
|poke|p2|Gholdengo|
|poke|p2|Sinistcha-Masterpiece|
|teampreview
|inactive|Battle timer is ON: inactive players will automatically lose when time's up. (requested by sml shrek)
|
|t:|1759033567
|teamsize|p1|6
|teamsize|p2|6
|start
|switch|p1a: Ceruledge|Ceruledge, M|100/100
|switch|p2a: Ting-Lu|Ting-Lu|100/100
|-ability|p2a: Ting-Lu|Vessel of Ruin
|turn|1
|
|t:|1759033576
|move|p1a: Ceruledge|Will-O-Wisp|p2a: Ting-Lu
|-status|p2a: Ting-Lu|brn
|move|p2a: Ting-Lu|Whirlwind|p1a: Ceruledge
|drag|p1a: Latios|Latios, M|100/100
|
|-damage|p2a: Ting-Lu|94/100 brn|[from] brn
|upkeep
|turn|2
|
|t:|1759033583
|move|p1a: Latios|Flip Turn|p2a: Ting-Lu
|-supereffective|p2a: Ting-Lu
|-damage|p2a: Ting-Lu|81/100 brn
|
|t:|1759033588
|switch|p1a: Primarina|Primarina, M|100/100|[from] Flip Turn
|move|p2a: Ting-Lu|Stealth Rock|p1a: Primarina
|-sidestart|p1: redner bo|move: Stealth Rock
|
|-heal|p2a: Ting-Lu|88/100 brn|[from] item: Leftovers
|-damage|p2a: Ting-Lu|81/100 brn|[from] brn
|upkeep
|turn|3
|
|t:|1759033595
|move|p1a: Primarina|Surf|p2a: Ting-Lu
|-supereffective|p2a: Ting-Lu
|-damage|p2a: Ting-Lu|24/100 brn
|move|p2a: Ting-Lu|Spikes|p1a: Primarina
|-sidestart|p1: redner bo|Spikes
|
|-heal|p2a: Ting-Lu|30/100 brn|[from] item: Leftovers
|-damage|p2a: Ting-Lu|24/100 brn|[from] brn
|upkeep
|turn|4
|
|t:|1759033602
|move|p1a: Primarina|Surf|p2a: Ting-Lu
|-supereffective|p2a: Ting-Lu
|-damage|p2a: Ting-Lu|0 fnt
|faint|p2a: Ting-Lu
|
|upkeep
|
|t:|1759033607
|switch|p2a: Ribombee|Ribombee, F, shiny|100/100
|turn|5
|
|t:|1759033611
|move|p2a: Ribombee|Sticky Web|p1a: Primarina
|-sidestart|p1: redner bo|move: Sticky Web
|move|p1a: Primarina|Surf|p2a: Ribombee
|-enditem|p2a: Ribombee|Focus Sash
|-damage|p2a: Ribombee|1/100
|
|upkeep
|turn|6
|
|t:|1759033618
|move|p2a: Ribombee|Stun Spore|p1a: Primarina
|-status|p1a: Primarina|par
|cant|p1a: Primarina|par
|
|upkeep
|turn|7
|
|t:|1759033624
|move|p2a: Ribombee|Moonblast|p1a: Primarina
|-damage|p1a: Primarina|70/100 par
|-unboost|p1a: Primarina|spa|1
|move|p1a: Primarina|Surf|p2a: Ribombee
|-damage|p2a: Ribombee|0 fnt
|faint|p2a: Ribombee
|
|upkeep
|
|t:|1759033640
|switch|p2a: Gholdengo|Gholdengo|100/100
|-item|p2a: Gholdengo|Air Balloon
|turn|8
|
|t:|1759033645
|move|p2a: Gholdengo|Nasty Plot|p2a: Gholdengo
|-boost|p2a: Gholdengo|spa|2
|cant|p1a: Primarina|par
|
|upkeep
|turn|9
|
|t:|1759033653
|move|p2a: Gholdengo|Make It Rain|p1a: Primarina
|-damage|p1a: Primarina|0 fnt
|-unboost|p2a: Gholdengo|spa|1
|faint|p1a: Primarina
|
|upkeep
|
|t:|1759033657
|switch|p1a: Ceruledge|Ceruledge, M|100/100
|turn|10
|
|t:|1759033665
|-terastallize|p2a: Gholdengo|Flying
|move|p1a: Ceruledge|Bitter Blade|p2a: Gholdengo
|-crit|p2a: Gholdengo
|-damage|p2a: Gholdengo|26/100
|-enditem|p2a: Gholdengo|Air Balloon
|move|p2a: Gholdengo|Shadow Ball|p1a: Ceruledge
|-supereffective|p1a: Ceruledge
|-damage|p1a: Ceruledge|0 fnt
|faint|p1a: Ceruledge
|
|upkeep
|
|t:|1759033673
|switch|p1a: Weavile|Weavile, F|100/100
|-ability|p1a: Weavile|Pressure
|turn|11
|
|t:|1759033678
|move|p1a: Weavile|Triple Axel|p2a: Gholdengo
|-supereffective|p2a: Gholdengo
|-damage|p2a: Gholdengo|5/100
|-supereffective|p2a: Gholdengo
|-damage|p2a: Gholdengo|0 fnt
|faint|p2a: Gholdengo
|-hitcount|p2: Gholdengo|2
|
|upkeep
|
|t:|1759033685
|switch|p2a: Cinderace|Cinderace, F|100/100
|turn|12
|
|t:|1759033690
|move|p1a: Weavile|Knock Off|p2a: Cinderace
|-damage|p2a: Cinderace|27/100
|-enditem|p2a: Cinderace|Heavy-Duty Boots|[from] move: Knock Off|[of] p1a: Weavile
|move|p2a: Cinderace|U-turn|p1a: Weavile
|-start|p2a: Cinderace|typechange|Bug|[from] ability: Libero
|-supereffective|p1a: Weavile
|-damage|p1a: Weavile|0 fnt
|faint|p1a: Weavile
|
|t:|1759033705
|switch|p2a: Sinistcha|Sinistcha-Masterpiece|100/100|[from] U-turn
|
|upkeep
|
|t:|1759033709
|switch|p1a: Latios|Latios, M|100/100
|-damage|p1a: Latios|88/100|[from] Stealth Rock
|turn|13
|
|t:|1759033717
|-terastallize|p1a: Latios|Dragon
|move|p1a: Latios|Draco Meteor|p2a: Sinistcha
|-damage|p2a: Sinistcha|0 fnt
|-unboost|p1a: Latios|spa|2
|faint|p2a: Sinistcha
|
|upkeep
|
|t:|1759033724
|switch|p2a: Cinderace|Cinderace, F|27/100
|turn|14
|
|t:|1759033729
|move|p1a: Latios|Draco Meteor|p2a: Cinderace
|-damage|p2a: Cinderace|0 fnt
|-unboost|p1a: Latios|spa|2
|faint|p2a: Cinderace
|
|upkeep
|-message|sml shrek forfeited.
|
|win|redner bo
|raw|redner bo's rating: 1462 &rarr; <strong>1480</strong><br />(+18 for winning)
|raw|sml shrek's rating: 1430 &rarr; <strong>1412</strong><br />(-18 for losing)
|l|☆sml shrek
|player|p2|
|l|☆redner bo
|player|p1|
