|j|☆dj istivi
|j|☆vini026l
|t:|1759017227
|gametype|singles
|player|p1|dj istivi|dawn|
|player|p2|vini026l|red|
|gen|9
|tier|[Gen 9] OU
|rule|HP Percentage Mod: HP is shown in percentages
|rule|Endless Battle Clause: Forcing endless battles is banned
|rule|Species Clause: Limit one of each Pokémon
|rule|OHKO Clause: OHKO moves are banned
|rule|Evasion Items Clause: Evasion items are banned
|rule|Evasion Moves Clause: Evasion moves are banned
|rule|Evasion Abilities Clause: Evasion abilities are banned
|rule|Sleep Moves Clause: Sleep-inducing moves are banned
|clearpoke
|poke|p1|Ribombee, M|
|poke|p1|Raging Bolt|
|poke|p1|Gholdengo|
|poke|p1|Enamorus, F|
|poke|p1|Kingambit, F|
|poke|p1|Iron Moth|
|poke|p2|Cinderace, M|
|poke|p2|Corviknight, M|
|poke|p2|Clefable, M|
|poke|p2|Porygon-Z|
|poke|p2|Pecharunt|
|poke|p2|Great Tusk|
|teampreview
|
|t:|1759017254
|teamsize|p1|6
|teamsize|p2|6
|start
|switch|p1a: Enamorus|Enamorus, F|100/100
|switch|p2a: Porygon-Z|Porygon-Z|100/100
|turn|1
|
|t:|1759017260
|-terastallize|p1a: Enamorus|Stellar
|move|p1a: Enamorus|Tera Blast|p2a: Porygon-Z|[anim] Tera Blast Stellar
|-damage|p2a: Porygon-Z|41/100
|-boost|p1a: Enamorus|atk|1
|-boost|p1a: Enamorus|spa|1
|move|p2a: Porygon-Z|Discharge|p1a: Enamorus
|-supereffective|p1a: Enamorus
|-damage|p1a: Enamorus|0 fnt
|faint|p1a: Enamorus
|-damage|p2a: Porygon-Z|31/100|[from] item: Life Orb
|
|upkeep
|j| hirolindao
|c|☆dj istivi|krl life orb
|c|☆dj istivi|nunca vi
|
|t:|1759017277
|switch|p1a: Ribombee|Ribombee, M|100/100
|turn|2
|c| hirolindao|Se perder com deck do luxasquqse é feio
|
|t:|1759017294
|move|p1a: Ribombee|Moonblast|p2a: Porygon-Z
|-damage|p2a: Porygon-Z|0 fnt
|faint|p2a: Porygon-Z
|
|upkeep
|
|t:|1759017298
|switch|p2a: Pecharunt|Pecharunt|100/100
|turn|3
|c|☆dj istivi|se eu matar 2 já é bom
|c| hirolindao|Ghouldengo vai
|
|t:|1759017310
|switch|p1a: Kingambit|Kingambit, F|100/100
|-activate|p1a: Kingambit|ability: Supreme Overlord
|-start|p1a: Kingambit|fallen1|[silent]
|-item|p1a: Kingambit|Air Balloon
|move|p2a: Pecharunt|Malignant Chain|p1a: Kingambit
|-immune|p1a: Kingambit
|
|upkeep
|turn|4
|c| hirolindao|Pensei que ele ia dar parting shot k
|
|t:|1759017327
|switch|p2a: Corviknight|Corviknight, M|100/100
|-end|p1a: Kingambit|fallen1|[silent]
|switch|p1a: Gholdengo|Gholdengo|100/100
|-item|p1a: Gholdengo|Air Balloon
|
|upkeep
|turn|5
|c|☆dj istivi|tbm
|
|t:|1759017333
|switch|p1a: Iron Moth|Iron Moth|100/100
|-enditem|p1a: Iron Moth|Booster Energy
|-activate|p1a: Iron Moth|ability: Quark Drive|[fromitem]
|-start|p1a: Iron Moth|quarkdrivespa
|move|p2a: Corviknight|Iron Head|p1a: Iron Moth
|-resisted|p1a: Iron Moth
|-damage|p1a: Iron Moth|81/100
|
|upkeep
|turn|6
|
|t:|1759017346
|switch|p2a: Clefable|Clefable, M|100/100
|move|p1a: Iron Moth|Fiery Dance|p2a: Clefable
|-damage|p2a: Clefable|55/100
|-boost|p1a: Iron Moth|spa|1
|
|-heal|p2a: Clefable|61/100|[from] item: Leftovers
|upkeep
|turn|7
|c| hirolindao|Oxi?
|c| hirolindao|Tera?
|
|t:|1759017354
|move|p1a: Iron Moth|Sludge Wave|p2a: Clefable
|-supereffective|p2a: Clefable
|-damage|p2a: Clefable|0 fnt
|faint|p2a: Clefable
|
|upkeep
|c| hirolindao|Será
|
|t:|1759017357
|switch|p2a: Great Tusk|Great Tusk|100/100
|-enditem|p2a: Great Tusk|Booster Energy
|-activate|p2a: Great Tusk|ability: Protosynthesis|[fromitem]
|-start|p2a: Great Tusk|protosynthesisatk
|turn|8
|c| hirolindao|Ué KKKKKKKKK
|
|t:|1759017362
|move|p1a: Iron Moth|Dazzling Gleam|p2a: Great Tusk
|-supereffective|p2a: Great Tusk
|-damage|p2a: Great Tusk|0 fnt
|faint|p2a: Great Tusk
|-end|p2a: Great Tusk|Protosynthesis|[silent]
|
|upkeep
|c| hirolindao|KKKKKKKKK
|
|t:|1759017370
|switch|p2a: Pecharunt|Pecharunt|100/100
|turn|9
|
|t:|1759017381
|move|p1a: Iron Moth|Fiery Dance|p2a: Pecharunt
|-damage|p2a: Pecharunt|17/100
|-boost|p1a: Iron Moth|spa|1
|move|p2a: Pecharunt|Malignant Chain|p1a: Iron Moth
|-resisted|p1a: Iron Moth
|-damage|p1a: Iron Moth|59/100
|
|-heal|p2a: Pecharunt|23/100|[from] item: Black Sludge
|upkeep
|turn|10
|
|t:|1759017386
|move|p1a: Iron Moth|Fiery Dance|p2a: Pecharunt
|-damage|p2a: Pecharunt|0 fnt
|-boost|p1a: Iron Moth|spa|1
|faint|p2a: Pecharunt
|
|upkeep
|c| hirolindao|Cabo já
|
|t:|1759017389
|switch|p2a: Cinderace|Cinderace, M|100/100
|turn|11
|
|t:|1759017396
|move|p2a: Cinderace|Sucker Punch|p1a: Iron Moth
|-start|p2a: Cinderace|typechange|Dark|[from] ability: Libero
|-damage|p1a: Iron Moth|0 fnt
|faint|p1a: Iron Moth
|-end|p1a: Iron Moth|Quark Drive|[silent]
|
|upkeep
|
|t:|1759017401
|switch|p1a: Raging Bolt|Raging Bolt|100/100
|-enditem|p1a: Raging Bolt|Booster Energy
|-activate|p1a: Raging Bolt|ability: Protosynthesis|[fromitem]
|-start|p1a: Raging Bolt|protosynthesisspa
|turn|12
|c| hirolindao|Aura.
|
|t:|1759017415
|switch|p2a: Corviknight|Corviknight, M|100/100
|move|p1a: Raging Bolt|Calm Mind|p1a: Raging Bolt
|-boost|p1a: Raging Bolt|spa|1
|-boost|p1a: Raging Bolt|spd|1
|
|upkeep
|turn|13
|
|t:|1759017421
|switch|p2a: Cinderace|Cinderace, M|100/100
|move|p1a: Raging Bolt|Thunderbolt|p2a: Cinderace
|-damage|p2a: Cinderace|0 fnt
|faint|p2a: Cinderace
|
|upkeep
|
|t:|1759017424
|switch|p2a: Corviknight|Corviknight, M|100/100
|turn|14
|
|t:|1759017428
|move|p1a: Raging Bolt|Thunderbolt|p2a: Corviknight
|-supereffective|p2a: Corviknight
|-damage|p2a: Corviknight|0 fnt
|faint|p2a: Corviknight
|
|win|dj istivi
|l| hirolindao
