|j|☆kushmaster9001
|j|‽Brigadi25
|t:|1758984975
|gametype|singles
|player|p1|kushmaster9001|plasmagrunt-gen5bw|1198
|player|p2|Brigadi25|bugcatcher-gen4dp|1179
|gen|9
|tier|[Gen 9] OU
|rated|
|rule|HP Percentage Mod: HP is shown in percentages
|rule|Endless Battle Clause: Forcing endless battles is banned
|rule|Species Clause: Limit one of each Pokémon
|rule|OHKO Clause: OHKO moves are banned
|rule|Evasion Items Clause: Evasion items are banned
|rule|Evasion Moves Clause: Evasion moves are banned
|rule|Evasion Abilities Clause: Evasion abilities are banned
|rule|Sleep Moves Clause: Sleep-inducing moves are banned
|clearpoke
|poke|p1|Braviary, M|
|poke|p1|Ninetales-Alola, F|
|poke|p1|Glimmora, M|
|poke|p1|Great Tusk|
|poke|p1|Meowscarada, M|
|poke|p1|Lycanroc-Dusk, F|
|poke|p2|Ribombee, M|
|poke|p2|Ogerpon-Wellspring, F|
|poke|p2|Tornadus-Therian, M|
|poke|p2|Goodra, F|
|poke|p2|Iron Crown|
|poke|p2|Kleavor, M|
|teampreview
|inactive|Battle timer is ON: inactive players will automatically lose when time's up. (requested by kushmaster9001)
|
|t:|1758984984
|teamsize|p1|6
|teamsize|p2|6
|start
|switch|p1a: Braviary|Braviary, M|100/100
|switch|p2a: Iron Crown|Iron Crown|100/100
|-enditem|p2a: Iron Crown|Booster Energy
|-activate|p2a: Iron Crown|ability: Quark Drive|[fromitem]
|-start|p2a: Iron Crown|quarkdrivespa
|turn|1
|
|t:|1758984992
|switch|p1a: Great Tusk|Great Tusk|100/100
|move|p2a: Iron Crown|Volt Switch|p1a: Great Tusk
|-immune|p1a: Great Tusk
|
|upkeep
|turn|2
|
|t:|1758985014
|-terastallize|p2a: Iron Crown|Flying
|move|p2a: Iron Crown|Calm Mind|p2a: Iron Crown
|-boost|p2a: Iron Crown|spa|1
|-boost|p2a: Iron Crown|spd|1
|move|p1a: Great Tusk|Rapid Spin|p2a: Iron Crown
|-damage|p2a: Iron Crown|82/100
|-boost|p1a: Great Tusk|spe|1
|
|upkeep
|turn|3
|
|t:|1758985022
|move|p1a: Great Tusk|Ice Spinner|p2a: Iron Crown
|-supereffective|p2a: Iron Crown
|-damage|p2a: Iron Crown|24/100
|move|p2a: Iron Crown|Psyshock|p1a: Great Tusk
|-supereffective|p1a: Great Tusk
|-crit|p1a: Great Tusk
|-damage|p1a: Great Tusk|0 fnt
|faint|p1a: Great Tusk
|-end|p1a: Great Tusk|Protosynthesis|[silent]
|
|upkeep
|
|t:|1758985035
|switch|p1a: Lycanroc|Lycanroc-Dusk, F|100/100
|turn|4
|
|t:|1758985060
|move|p1a: Lycanroc|Accelerock|p2a: Iron Crown
|-supereffective|p2a: Iron Crown
|-damage|p2a: Iron Crown|0 fnt
|faint|p2a: Iron Crown
|-end|p2a: Iron Crown|Quark Drive|[silent]
|
|upkeep
|
|t:|1758985067
|switch|p2a: Ogerpon|Ogerpon-Wellspring, F|100/100
|turn|5
|
|t:|1758985078
|switch|p1a: Ninetales|Ninetales-Alola, F|100/100
|-weather|Snowscape|[from] ability: Snow Warning|[of] p1a: Ninetales
|move|p2a: Ogerpon|Ivy Cudgel|p1a: Ninetales|[anim] Ivy Cudgel Water
|-damage|p1a: Ninetales|37/100
|
|-weather|Snowscape|[upkeep]
|upkeep
|turn|6
|
|t:|1758985086
|move|p2a: Ogerpon|Ivy Cudgel|p1a: Ninetales|[anim] Ivy Cudgel Water
|-damage|p1a: Ninetales|0 fnt
|faint|p1a: Ninetales
|
|-weather|Snowscape|[upkeep]
|upkeep
|
|t:|1758985100
|switch|p1a: Meowscarada|Meowscarada, M|100/100
|turn|7
|
|t:|1758985114
|switch|p2a: Kleavor|Kleavor, M|100/100
|move|p1a: Meowscarada|U-turn|p2a: Kleavor
|-start|p1a: Meowscarada|typechange|Bug|[from] ability: Protean
|-damage|p2a: Kleavor|40/100
|
|t:|1758985126
|switch|p1a: Lycanroc|Lycanroc-Dusk, F|100/100|[from] U-turn
|
|-weather|Snowscape|[upkeep]
|upkeep
|turn|8
|inactive|Brigadi25 has 120 seconds left.
|
|t:|1758985157
|move|p1a: Lycanroc|Accelerock|p2a: Kleavor
|-supereffective|p2a: Kleavor
|-damage|p2a: Kleavor|0 fnt
|faint|p2a: Kleavor
|
|-weather|Snowscape|[upkeep]
|upkeep
|
|t:|1758985162
|switch|p2a: Ogerpon|Ogerpon-Wellspring, F|100/100
|turn|9
|
|t:|1758985180
|switch|p1a: Braviary|Braviary, M|100/100
|move|p2a: Ogerpon|Ivy Cudgel|p1a: Braviary|[anim] Ivy Cudgel Water
|-crit|p1a: Braviary
|-damage|p1a: Braviary|0 fnt
|faint|p1a: Braviary
|
|-weather|none
|upkeep
|
|t:|1758985182
|switch|p1a: Glimmora|Glimmora, M|100/100
|turn|10
|
|t:|1758985206
|switch|p2a: Goodra|Goodra, F|100/100
|move|p1a: Glimmora|Sludge Wave|p2a: Goodra
|-damage|p2a: Goodra|76/100
|
|upkeep
|turn|11
|
|t:|1758985217
|move|p1a: Glimmora|Power Gem|p2a: Goodra
|-damage|p2a: Goodra|57/100
|move|p2a: Goodra|Scald|p1a: Glimmora
|-supereffective|p1a: Glimmora
|-damage|p1a: Glimmora|41/100
|
|upkeep
|turn|12
|
|t:|1758985230
|move|p1a: Glimmora|Sludge Wave|p2a: Goodra
|-damage|p2a: Goodra|35/100
|move|p2a: Goodra|Draco Meteor|p1a: Glimmora|[miss]
|-miss|p2a: Goodra|p1a: Glimmora
|
|upkeep
|turn|13
|
|t:|1758985238
|move|p1a: Glimmora|Sludge Wave|p2a: Goodra
|-damage|p2a: Goodra|14/100
|-status|p2a: Goodra|psn
|move|p2a: Goodra|Scald|p1a: Glimmora
|-supereffective|p1a: Glimmora
|-damage|p1a: Glimmora|0 fnt
|faint|p1a: Glimmora
|
|-damage|p2a: Goodra|2/100 psn|[from] psn
|upkeep
|
|t:|1758985245
|switch|p1a: Meowscarada|Meowscarada, M|100/100
|turn|14
|
|t:|1758985262
|move|p1a: Meowscarada|U-turn|p2a: Goodra
|-start|p1a: Meowscarada|typechange|Bug|[from] ability: Protean
|-damage|p2a: Goodra|0 fnt
|faint|p2a: Goodra
|
|t:|1758985265
|switch|p1a: Lycanroc|Lycanroc-Dusk, F|100/100|[from] U-turn
|
|upkeep
|
|t:|1758985270
|switch|p2a: Ogerpon|Ogerpon-Wellspring, F|100/100
|turn|15
|
|t:|1758985287
|switch|p1a: Meowscarada|Meowscarada, M|100/100
|move|p2a: Ogerpon|Ivy Cudgel|p1a: Meowscarada|[anim] Ivy Cudgel Water
|-resisted|p1a: Meowscarada
|-damage|p1a: Meowscarada|56/100
|
|upkeep
|turn|16
|
|t:|1758985299
|switch|p2a: Tornadus|Tornadus-Therian, M|100/100
|move|p1a: Meowscarada|U-turn|p2a: Tornadus
|-start|p1a: Meowscarada|typechange|Bug|[from] ability: Protean
|-resisted|p2a: Tornadus
|-crit|p2a: Tornadus
|-damage|p2a: Tornadus|61/100
|
|t:|1758985305
|switch|p1a: Lycanroc|Lycanroc-Dusk, F|100/100|[from] U-turn
|
|upkeep
|turn|17
|
|t:|1758985320
|switch|p2a: Ogerpon|Ogerpon-Wellspring, F|100/100
|move|p1a: Lycanroc|Accelerock|p2a: Ogerpon
|-damage|p2a: Ogerpon|51/100
|
|upkeep
|turn|18
|
|t:|1758985330
|move|p1a: Lycanroc|Accelerock|p2a: Ogerpon
|-damage|p2a: Ogerpon|5/100
|move|p2a: Ogerpon|Ivy Cudgel|p1a: Lycanroc|[anim] Ivy Cudgel Water
|-supereffective|p1a: Lycanroc
|-damage|p1a: Lycanroc|0 fnt
|faint|p1a: Lycanroc
|
|upkeep
|
|t:|1758985333
|switch|p1a: Meowscarada|Meowscarada, M|56/100
|turn|19
|
|t:|1758985346
|move|p1a: Meowscarada|Play Rough|p2a: Ogerpon
|-start|p1a: Meowscarada|typechange|Fairy|[from] ability: Protean
|-damage|p2a: Ogerpon|0 fnt
|faint|p2a: Ogerpon
|
|upkeep
|
|t:|1758985358
|switch|p2a: Tornadus|Tornadus-Therian, M|94/100
|turn|20
|
|t:|1758985373
|move|p1a: Meowscarada|Play Rough|p2a: Tornadus
|-damage|p2a: Tornadus|22/100
|move|p2a: Tornadus|Air Slash|p1a: Meowscarada
|-damage|p1a: Meowscarada|10/100
|
|upkeep
|turn|21
|
|t:|1758985378
|move|p1a: Meowscarada|Play Rough|p2a: Tornadus
|-damage|p2a: Tornadus|0 fnt
|faint|p2a: Tornadus
|
|upkeep
|
|t:|1758985382
|switch|p2a: Ribombee|Ribombee, M|100/100
|turn|22
|
|t:|1758985385
|move|p2a: Ribombee|Moonblast|p1a: Meowscarada
|-damage|p1a: Meowscarada|0 fnt
|faint|p1a: Meowscarada
|
|win|Brigadi25
|raw|kushmaster9001's rating: 1198 &rarr; <strong>1172</strong><br />(-26 for losing)
|raw|Brigadi25's rating: 1179 &rarr; <strong>1205</strong><br />(+26 for winning)
|l|☆kushmaster9001
|player|p1|
|l|‽Brigadi25
|player|p2|
