|j|☆yuhy
|j|☆jtrainer22
|t:|1759011456
|gametype|singles
|player|p1|yuhy|benga|1301
|player|p2|jtrainer22|hugh|1291
|gen|9
|tier|[Gen 9] OU
|rated|
|rule|HP Percentage Mod: HP is shown in percentages
|rule|Endless Battle Clause: Forcing endless battles is banned
|rule|Species Clause: Limit one of each Pokémon
|rule|OHKO Clause: OHKO moves are banned
|rule|Evasion Items Clause: Evasion items are banned
|rule|Evasion Moves Clause: Evasion moves are banned
|rule|Evasion Abilities Clause: Evasion abilities are banned
|rule|Sleep Moves Clause: Sleep-inducing moves are banned
|clearpoke
|poke|p1|Dragapult, F|
|poke|p1|Ogerpon-Wellspring, F|
|poke|p1|Zamazenta-*|
|poke|p1|Clefable, M|
|poke|p1|Corviknight, F|
|poke|p1|Ting-Lu|
|poke|p2|Primarina, M|
|poke|p2|Great Tusk|
|poke|p2|Kingambit, M|
|poke|p2|Slowking-Galar, M|
|poke|p2|Ogerpon, F|
|poke|p2|Enamorus, F|
|teampreview
|c|☆jtrainer22|glhf
|inactive|Battle timer is ON: inactive players will automatically lose when time's up. (requested by yuhy)
|
|t:|1759011487
|teamsize|p1|6
|teamsize|p2|6
|start
|switch|p1a: Clefable|Clefable, M|100/100
|switch|p2a: Anonymous|Ogerpon, F|100/100
|turn|1
|inactive|yuhy has 120 seconds left.
|
|t:|1759011520
|move|p2a: Anonymous|U-turn|p1a: Clefable
|-resisted|p1a: Clefable
|-damage|p1a: Clefable|83/100
|-damage|p2a: Anonymous|84/100|[from] item: Rocky Helmet|[of] p1a: Clefable
|
|t:|1759011524
|switch|p2a: Mantra|Slowking-Galar, M, shiny|100/100|[from] U-turn
|move|p1a: Clefable|Thunder Wave|p2a: Mantra|[miss]
|-miss|p1a: Clefable|p2a: Mantra
|
|upkeep
|turn|2
|inactive|yuhy has 120 seconds left.
|
|t:|1759011543
|switch|p1a: Ting-Lu|Ting-Lu|100/100
|-ability|p1a: Ting-Lu|Vessel of Ruin
|move|p2a: Mantra|Sludge Bomb|p1a: Ting-Lu
|-resisted|p1a: Ting-Lu
|-damage|p1a: Ting-Lu|96/100
|-status|p1a: Ting-Lu|psn
|
|-damage|p1a: Ting-Lu|83/100 psn|[from] psn
|upkeep
|turn|3
|
|t:|1759011553
|switch|p2a: Celestine|Primarina, M, shiny|100/100
|move|p1a: Ting-Lu|Heavy Slam|p2a: Celestine
|-damage|p2a: Celestine|57/100
|
|-heal|p2a: Celestine|63/100|[from] item: Leftovers
|-damage|p1a: Ting-Lu|71/100 psn|[from] psn
|upkeep
|turn|4
|inactive|jtrainer22 has 120 seconds left.
|
|t:|1759011604
|move|p2a: Celestine|Whirlpool|p1a: Ting-Lu
|-supereffective|p1a: Ting-Lu
|-damage|p1a: Ting-Lu|60/100 psn
|-activate|p1a: Ting-Lu|move: Whirlpool|[of] p2a: Celestine
|move|p1a: Ting-Lu|Earthquake|p2a: Celestine
|-damage|p2a: Celestine|10/100
|
|-heal|p2a: Celestine|16/100|[from] item: Leftovers
|-damage|p1a: Ting-Lu|48/100 psn|[from] psn
|-damage|p1a: Ting-Lu|35/100 psn|[from] move: Whirlpool|[partiallytrapped]
|upkeep
|turn|5
|inactive|yuhy has 120 seconds left.
|
|t:|1759011628
|move|p2a: Celestine|Moonblast|p1a: Ting-Lu
|-supereffective|p1a: Ting-Lu
|-damage|p1a: Ting-Lu|7/100 psn
|-unboost|p1a: Ting-Lu|spa|1
|move|p1a: Ting-Lu|Earthquake|p2a: Celestine
|-crit|p2a: Celestine
|-damage|p2a: Celestine|0 fnt
|faint|p2a: Celestine
|
|-damage|p1a: Ting-Lu|0 fnt|[from] psn
|faint|p1a: Ting-Lu
|upkeep
|
|t:|1759011641
|switch|p2a: Mantra|Slowking-Galar, M, shiny|100/100
|switch|p1a: Dragapult|Dragapult, F|100/100
|turn|6
|inactive|jtrainer22 has 90 seconds left.
|
|t:|1759011666
|move|p1a: Dragapult|U-turn|p2a: Mantra
|-damage|p2a: Mantra|89/100
|
|t:|1759011673
|switch|p1a: Ogerpon|Ogerpon-Wellspring, F|100/100|[from] U-turn
|move|p2a: Mantra|Ice Beam|p1a: Ogerpon
|-damage|p1a: Ogerpon|72/100
|
|upkeep
|turn|7
|inactive|yuhy has 120 seconds left.
|
|t:|1759011685
|move|p1a: Ogerpon|Encore|p2a: Mantra
|-start|p2a: Mantra|Encore
|move|p2a: Mantra|Ice Beam|p1a: Ogerpon
|-damage|p1a: Ogerpon|45/100
|-status|p1a: Ogerpon|frz
|
|upkeep
|turn|8
|inactive|yuhy has 120 seconds left.
|
|t:|1759011691
|cant|p1a: Ogerpon|frz
|move|p2a: Mantra|Ice Beam|p1a: Ogerpon
|-damage|p1a: Ogerpon|19/100 frz
|
|upkeep
|turn|9
|
|t:|1759011696
|cant|p1a: Ogerpon|frz
|move|p2a: Mantra|Ice Beam|p1a: Ogerpon
|-damage|p1a: Ogerpon|0 fnt
|faint|p1a: Ogerpon
|
|-end|p2a: Mantra|Encore
|upkeep
|
|t:|1759011701
|switch|p1a: Zamazenta|Zamazenta|100/100
|-ability|p1a: Zamazenta|Dauntless Shield|boost
|-boost|p1a: Zamazenta|def|1
|turn|10
|inactive|jtrainer22 has 120 seconds left.
|
|t:|1759011713
|switch|p2a: Gin|Enamorus, F, shiny|100/100
|move|p1a: Zamazenta|Crunch|p2a: Gin
|-resisted|p2a: Gin
|-damage|p2a: Gin|68/100
|
|upkeep
|turn|11
|inactive|jtrainer22 has 120 seconds left.
|l|☆yuhy
|inactive|yuhy disconnected and has a minute to reconnect!
|player|p1|
|j|☆yuhy
|inactive|yuhy reconnected and has 120 seconds left.
|player|p1|yuhy|benga|
|
|t:|1759011750
|switch|p2a: Mantra|Slowking-Galar, M, shiny|100/100
|switch|p1a: Clefable|Clefable, M|83/100
|
|upkeep
|turn|12
|
|t:|1759011758
|move|p1a: Clefable|Stealth Rock|p2a: Mantra
|-sidestart|p2: jtrainer22|move: Stealth Rock
|move|p2a: Mantra|Sludge Bomb|p1a: Clefable
|-supereffective|p1a: Clefable
|-damage|p1a: Clefable|34/100
|
|upkeep
|turn|13
|
|t:|1759011767
|switch|p1a: Corviknight|Corviknight, F|100/100
|-ability|p1a: Corviknight|Pressure
|move|p2a: Mantra|Psychic Noise|p1a: Corviknight
|-resisted|p1a: Corviknight
|-damage|p1a: Corviknight|87/100
|-start|p1a: Corviknight|move: Heal Block
|
|upkeep
|turn|14
|
|t:|1759011781
|move|p1a: Corviknight|U-turn|p2a: Mantra
|-damage|p2a: Mantra|91/100
|
|t:|1759011784
|switch|p1a: Zamazenta|Zamazenta|100/100|[from] U-turn
|move|p2a: Mantra|Flamethrower|p1a: Zamazenta
|-damage|p1a: Zamazenta|79/100
|
|upkeep
|turn|15
|
|t:|1759011791
|move|p1a: Zamazenta|Crunch|p2a: Mantra
|-supereffective|p2a: Mantra
|-damage|p2a: Mantra|33/100
|move|p2a: Mantra|Psychic Noise|p1a: Zamazenta
|-supereffective|p1a: Zamazenta
|-damage|p1a: Zamazenta|25/100
|-start|p1a: Zamazenta|move: Heal Block
|
|upkeep
|turn|16
|
|t:|1759011800
|switch|p2a: Behemoth|Great Tusk, shiny|100/100
|-damage|p2a: Behemoth|98/100|[from] Stealth Rock
|move|p1a: Zamazenta|Crunch|p2a: Behemoth
|-resisted|p2a: Behemoth
|-damage|p2a: Behemoth|82/100
|-damage|p1a: Zamazenta|8/100|[from] item: Rocky Helmet|[of] p2a: Behemoth
|
|-end|p1a: Zamazenta|move: Heal Block
|upkeep
|turn|17
|
|t:|1759011813
|switch|p1a: Dragapult|Dragapult, F|100/100
|move|p2a: Behemoth|Stealth Rock|p1a: Dragapult
|-sidestart|p1: yuhy|move: Stealth Rock
|
|upkeep
|turn|18
|inactive|jtrainer22 has 120 seconds left.
|
|t:|1759011865
|move|p1a: Dragapult|Draco Meteor|p2a: Behemoth
|-damage|p2a: Behemoth|0 fnt
|-unboost|p1a: Dragapult|spa|2
|faint|p2a: Behemoth
|-end|p2a: Behemoth|Protosynthesis|[silent]
|
|upkeep
|
|t:|1759011874
|switch|p2a: Anonymous|Ogerpon, F|84/100
|-damage|p2a: Anonymous|72/100|[from] Stealth Rock
|turn|19
|
|t:|1759011879
|switch|p1a: Clefable|Clefable, M|34/100
|move|p2a: Anonymous|Knock Off|p1a: Clefable
|-resisted|p1a: Clefable
|-damage|p1a: Clefable|8/100
|-damage|p2a: Anonymous|55/100|[from] item: Rocky Helmet|[of] p1a: Clefable
|-enditem|p1a: Clefable|Rocky Helmet|[from] move: Knock Off|[of] p2a: Anonymous
|
|upkeep
|turn|20
|
|t:|1759011890
|move|p2a: Anonymous|Knock Off|p1a: Clefable
|-resisted|p1a: Clefable
|-damage|p1a: Clefable|0 fnt
|faint|p1a: Clefable
|
|upkeep
|
|t:|1759011894
|switch|p1a: Corviknight|Corviknight, F|87/100
|-damage|p1a: Corviknight|74/100|[from] Stealth Rock
|-ability|p1a: Corviknight|Pressure
|turn|21
|
|t:|1759011902
|move|p2a: Anonymous|Knock Off|p1a: Corviknight
|-damage|p1a: Corviknight|41/100
|-damage|p2a: Anonymous|38/100|[from] item: Rocky Helmet|[of] p1a: Corviknight
|-enditem|p1a: Corviknight|Rocky Helmet|[from] move: Knock Off|[of] p2a: Anonymous
|move|p1a: Corviknight|Iron Defense|p1a: Corviknight
|-boost|p1a: Corviknight|def|2
|
|upkeep
|turn|22
|
|t:|1759011910
|switch|p2a: Mantra|Slowking-Galar, M, shiny|66/100
|-damage|p2a: Mantra|53/100|[from] Stealth Rock
|move|p1a: Corviknight|Roost|p1a: Corviknight
|-heal|p1a: Corviknight|91/100
|-singleturn|p1a: Corviknight|move: Roost
|
|upkeep
|turn|23
|l|☆yuhy
|inactive|yuhy disconnected and has a minute to reconnect!
|player|p1|
|j|☆yuhy
|inactive|yuhy reconnected and has 115 seconds left.
|player|p1|yuhy|benga|
|
|t:|1759011948
|move|p1a: Corviknight|U-turn|p2a: Mantra
|-damage|p2a: Mantra|42/100
|
|t:|1759011951
|switch|p1a: Dragapult|Dragapult, F|100/100|[from] U-turn
|-damage|p1a: Dragapult|88/100|[from] Stealth Rock
|move|p2a: Mantra|Flamethrower|p1a: Dragapult
|-resisted|p1a: Dragapult
|-damage|p1a: Dragapult|73/100
|
|upkeep
|turn|24
|
|t:|1759011961
|switch|p2a: Anonymous|Ogerpon, F|38/100
|-damage|p2a: Anonymous|26/100|[from] Stealth Rock
|move|p1a: Dragapult|Shadow Ball|p2a: Anonymous
|-damage|p2a: Anonymous|0 fnt
|faint|p2a: Anonymous
|
|upkeep
|
|t:|1759011963
|switch|p2a: Overgod|Kingambit, M, shiny|100/100
|-damage|p2a: Overgod|94/100|[from] Stealth Rock
|-activate|p2a: Overgod|ability: Supreme Overlord
|-start|p2a: Overgod|fallen3|[silent]
|turn|25
|
|t:|1759011970
|switch|p1a: Zamazenta|Zamazenta|8/100
|-damage|p1a: Zamazenta|2/100|[from] Stealth Rock
|move|p2a: Overgod|Swords Dance|p2a: Overgod
|-boost|p2a: Overgod|atk|2
|
|-heal|p2a: Overgod|100/100|[from] item: Leftovers
|upkeep
|turn|26
|
|t:|1759011977
|move|p2a: Overgod|Sucker Punch|p1a: Zamazenta
|-resisted|p1a: Zamazenta
|-damage|p1a: Zamazenta|0 fnt
|faint|p1a: Zamazenta
|
|upkeep
|
|t:|1759011980
|switch|p1a: Corviknight|Corviknight, F|91/100
|-damage|p1a: Corviknight|79/100|[from] Stealth Rock
|-ability|p1a: Corviknight|Pressure
|turn|27
|
|t:|1759012012
|move|p1a: Corviknight|Roost|p1a: Corviknight
|-heal|p1a: Corviknight|100/100
|-singleturn|p1a: Corviknight|move: Roost
|move|p2a: Overgod|Kowtow Cleave|p1a: Corviknight
|-damage|p1a: Corviknight|14/100
|
|upkeep
|turn|28
|
|t:|1759012025
|move|p2a: Overgod|Sucker Punch|p1a: Corviknight
|-damage|p1a: Corviknight|0 fnt
|faint|p1a: Corviknight
|
|upkeep
|-message|yuhy forfeited.
|
|win|jtrainer22
|raw|yuhy's rating: 1301 &rarr; <strong>1280</strong><br />(-21 for losing)
|raw|jtrainer22's rating: 1291 &rarr; <strong>1317</strong><br />(+26 for winning)
|l|☆yuhy
|player|p1|
