|j|☆TheBeast251
|j|☆kilowatrel
|t:|1758995028
|gametype|singles
|player|p1|TheBeast251|li|1217
|player|p2|kilowatrel|102|1251
|gen|9
|tier|[Gen 9] OU
|rated|
|rule|HP Percentage Mod: HP is shown in percentages
|rule|Endless Battle Clause: Forcing endless battles is banned
|rule|Species Clause: Limit one of each Pokémon
|rule|OHKO Clause: OHKO moves are banned
|rule|Evasion Items Clause: Evasion items are banned
|rule|Evasion Moves Clause: Evasion moves are banned
|rule|Evasion Abilities Clause: Evasion abilities are banned
|rule|Sleep Moves Clause: Sleep-inducing moves are banned
|clearpoke
|poke|p1|Froslass, F|
|poke|p1|Regidrago|
|poke|p1|Donphan, F|
|poke|p1|Phione|
|poke|p1|Pelipper, M|
|poke|p1|Lumineon, F|
|poke|p2|Corviknight, F|
|poke|p2|Slowking-Galar, M|
|poke|p2|Scizor, F|
|poke|p2|Samurott-Hisui, F|
|poke|p2|Kyurem|
|poke|p2|Latios, M|
|teampreview
|
|t:|1758995038
|teamsize|p1|6
|teamsize|p2|6
|start
|switch|p1a: Toilet|Pelipper, M|100/100
|switch|p2a: Slowking|Slowking-Galar, M|100/100
|-weather|RainDance|[from] ability: Drizzle|[of] p1a: Toilet
|turn|1
|inactive|Battle timer is ON: inactive players will automatically lose when time's up. (requested by TheBeast251)
|
|t:|1758995048
|move|p1a: Toilet|Knock Off|p2a: Slowking
|-supereffective|p2a: Slowking
|-damage|p2a: Slowking|74/100
|-enditem|p2a: Slowking|Heavy-Duty Boots|[from] move: Knock Off|[of] p1a: Toilet
|-prepare|p2a: Slowking|Chilly Reception|[premajor]
|move|p2a: Slowking|Chilly Reception|p2a: Slowking
|-weather|Snowscape
|
|t:|1758995056
|switch|p2a: Kyurem|Kyurem|100/100|[from] Chilly Reception
|-ability|p2a: Kyurem|Pressure
|
|-weather|Snowscape|[upkeep]
|upkeep
|turn|2
|inactive|TheBeast251 has 120 seconds left.
|
|t:|1758995109
|move|p2a: Kyurem|Freeze-Dry|p1a: Toilet
|-supereffective|p1a: Toilet
|-damage|p1a: Toilet|0 fnt
|faint|p1a: Toilet
|
|-weather|Snowscape|[upkeep]
|upkeep
|inactive|TheBeast251 has 90 seconds left.
|
|t:|1758995145
|switch|p1a: Dragonball|Regidrago|100/100
|turn|3
|
|t:|1758995156
|switch|p2a: Slowking|Slowking-Galar, M|100/100
|-terastallize|p1a: Dragonball|Steel
|move|p1a: Dragonball|Draco Meteor|p2a: Slowking
|-damage|p2a: Slowking|46/100
|-unboost|p1a: Dragonball|spa|2
|-enditem|p1a: Dragonball|Eject Pack
|
|t:|1758995164
|switch|p1a: iPhone|Phione|100/100
|
|-weather|Snowscape|[upkeep]
|upkeep
|turn|4
|
|t:|1758995171
|move|p1a: iPhone|Take Heart|p1a: iPhone
|-boost|p1a: iPhone|spa|1
|-boost|p1a: iPhone|spd|1
|move|p2a: Slowking|Thunder Wave|p1a: iPhone
|-status|p1a: iPhone|par
|
|-weather|Snowscape|[upkeep]
|upkeep
|turn|5
|
|t:|1758995182
|move|p1a: iPhone|Take Heart|p1a: iPhone
|-boost|p1a: iPhone|spa|1
|-boost|p1a: iPhone|spd|1
|-curestatus|p1a: iPhone|par|[msg]
|-prepare|p2a: Slowking|Chilly Reception|[premajor]
|move|p2a: Slowking|Chilly Reception|p2a: Slowking
|
|t:|1758995195
|switch|p2a: Samurott|Samurott-Hisui, F|100/100|[from] Chilly Reception
|
|-weather|none
|upkeep
|turn|6
|
|t:|1758995214
|move|p2a: Samurott|Ceaseless Edge|p1a: iPhone
|-damage|p1a: iPhone|52/100
|-sidestart|p1: TheBeast251|Spikes
|move|p1a: iPhone|Scald|p2a: Samurott
|-resisted|p2a: Samurott
|-damage|p2a: Samurott|63/100
|
|-heal|p1a: iPhone|58/100|[from] item: Leftovers
|upkeep
|turn|7
|
|t:|1758995226
|switch|p1a: Donphan|Donphan, F|100/100
|-damage|p1a: Donphan|88/100|[from] Spikes
|move|p2a: Samurott|Ceaseless Edge|p1a: Donphan
|-damage|p1a: Donphan|45/100
|-sidestart|p1: TheBeast251|Spikes
|-enditem|p1a: Donphan|Red Card|[of] p2a: Samurott
|drag|p2a: Corviknight|Corviknight, F|100/100
|-ability|p2a: Corviknight|Pressure
|
|upkeep
|turn|8
|
|t:|1758995239
|move|p2a: Corviknight|U-turn|p1a: Donphan
|-damage|p1a: Donphan|34/100
|
|t:|1758995244
|switch|p2a: Scizor|Scizor, F|100/100|[from] U-turn
|move|p1a: Donphan|Rapid Spin|p2a: Scizor
|-resisted|p2a: Scizor
|-damage|p2a: Scizor|91/100
|-boost|p1a: Donphan|spe|1
|-sideend|p1: TheBeast251|Spikes|[from] move: Rapid Spin|[of] p1a: Donphan
|
|upkeep
|turn|9
|inactive|TheBeast251 has 120 seconds left.
|
|t:|1758995254
|switch|p1a: iPhone|Phione|58/100
|move|p2a: Scizor|Bullet Punch|p1a: iPhone
|-resisted|p1a: iPhone
|-crit|p1a: iPhone
|-damage|p1a: iPhone|26/100
|
|-heal|p1a: iPhone|32/100|[from] item: Leftovers
|upkeep
|turn|10
|inactive|TheBeast251 has 120 seconds left.
|
|t:|1758995267
|-terastallize|p2a: Scizor|Steel
|move|p2a: Scizor|Bullet Punch|p1a: iPhone
|-resisted|p1a: iPhone
|-damage|p1a: iPhone|5/100
|move|p1a: iPhone|Rest|p1a: iPhone
|-status|p1a: iPhone|slp|[from] move: Rest
|-heal|p1a: iPhone|100/100 slp|[silent]
|
|upkeep
|turn|11
|
|t:|1758995280
|switch|p2a: Slowking|Slowking-Galar, M|80/100
|switch|p1a: Dragonball|Regidrago, tera:Steel|100/100
|
|upkeep
|turn|12
|
|t:|1758995289
|move|p1a: Dragonball|Earth Power|p2a: Slowking
|-supereffective|p2a: Slowking
|-damage|p2a: Slowking|46/100
|move|p2a: Slowking|Thunder Wave|p1a: Dragonball
|-status|p1a: Dragonball|par
|
|upkeep
|turn|13
|
|t:|1758995300
|move|p1a: Dragonball|Earth Power|p2a: Slowking
|-supereffective|p2a: Slowking
|-damage|p2a: Slowking|15/100
|-prepare|p2a: Slowking|Chilly Reception|[premajor]
|move|p2a: Slowking|Chilly Reception|p2a: Slowking
|-weather|Snowscape
|
|t:|1758995307
|switch|p2a: Scizor|Scizor, F, tera:Steel|91/100|[from] Chilly Reception
|
|-weather|Snowscape|[upkeep]
|upkeep
|turn|14
|
|t:|1758995316
|move|p2a: Scizor|Close Combat|p1a: Dragonball
|-supereffective|p1a: Dragonball
|-damage|p1a: Dragonball|0 fnt
|-unboost|p2a: Scizor|def|1
|-unboost|p2a: Scizor|spd|1
|faint|p1a: Dragonball
|
|-weather|Snowscape|[upkeep]
|upkeep
|
|t:|1758995334
|switch|p1a: iPhone|Phione|100/100 slp
|turn|15
|
|t:|1758995337
|move|p2a: Scizor|Close Combat|p1a: iPhone
|-damage|p1a: iPhone|49/100 slp
|-unboost|p2a: Scizor|def|1
|-unboost|p2a: Scizor|spd|1
|cant|p1a: iPhone|slp
|
|-weather|Snowscape|[upkeep]
|-heal|p1a: iPhone|55/100 slp|[from] item: Leftovers
|upkeep
|turn|16
|inactive|TheBeast251 has 120 seconds left.
|
|t:|1758995376
|move|p2a: Scizor|Close Combat|p1a: iPhone
|-damage|p1a: iPhone|0 fnt
|-unboost|p2a: Scizor|def|1
|-unboost|p2a: Scizor|spd|1
|faint|p1a: iPhone
|
|-weather|Snowscape|[upkeep]
|upkeep
|
|t:|1758995389
|switch|p1a: Frostitute|Froslass, F|100/100
|turn|17
|
|t:|1758995401
|switch|p2a: Slowking|Slowking-Galar, M|48/100
|move|p1a: Frostitute|Poltergeist||[still]
|-fail|p1a: Frostitute
|
|-weather|none
|upkeep
|turn|18
|
|t:|1758995409
|switch|p1a: Donphan|Donphan, F|34/100
|move|p2a: Slowking|Thunder Wave|p1a: Donphan
|-immune|p1a: Donphan
|
|upkeep
|turn|19
|
|t:|1758995417
|move|p1a: Donphan|Stealth Rock|p2a: Slowking
|-sidestart|p2: kilowatrel|move: Stealth Rock
|-prepare|p2a: Slowking|Chilly Reception|[premajor]
|move|p2a: Slowking|Chilly Reception|p2a: Slowking
|-weather|Snowscape
|
|t:|1758995425
|switch|p2a: Samurott|Samurott-Hisui, F|63/100|[from] Chilly Reception
|-damage|p2a: Samurott|51/100|[from] Stealth Rock
|
|-weather|Snowscape|[upkeep]
|upkeep
|turn|20
|
|t:|1758995433
|switch|p1a: Dumbo|Lumineon, F, shiny|100/100
|move|p2a: Samurott|Ceaseless Edge|p1a: Dumbo
|-damage|p1a: Dumbo|4/100
|-sidestart|p1: TheBeast251|Spikes
|
|-weather|Snowscape|[upkeep]
|upkeep
|turn|21
|
|t:|1758995442
|move|p2a: Samurott|Sucker Punch|p1a: Dumbo
|-damage|p1a: Dumbo|0 fnt
|faint|p1a: Dumbo
|
|-weather|Snowscape|[upkeep]
|upkeep
|
|t:|1758995452
|switch|p1a: Frostitute|Froslass, F|100/100
|-damage|p1a: Frostitute|88/100|[from] Spikes
|turn|22
|
|t:|1758995459
|move|p2a: Samurott|Sucker Punch|p1a: Frostitute
|-supereffective|p1a: Frostitute
|-damage|p1a: Frostitute|0 fnt
|faint|p1a: Frostitute
|
|-weather|Snowscape|[upkeep]
|upkeep
|
|t:|1758995461
|switch|p1a: Donphan|Donphan, F|34/100
|-damage|p1a: Donphan|21/100|[from] Spikes
|turn|23
|-message|TheBeast251 forfeited.
|
|win|kilowatrel
|raw|TheBeast251's rating: 1217 &rarr; <strong>1194</strong><br />(-23 for losing)
|raw|kilowatrel's rating: 1251 &rarr; <strong>1274</strong><br />(+23 for winning)
|l|☆TheBeast251
|player|p1|
|l|☆kilowatrel
|player|p2|
