|j|☆kasage
|j|☆witdflow
|t:|1758951891
|gametype|singles
|player|p1|kasage|lorelei-gen1rb|1298
|player|p2|witdflow|norman|1285
|gen|9
|tier|[Gen 9] OU
|rated|
|rule|HP Percentage Mod: HP is shown in percentages
|rule|Endless Battle Clause: Forcing endless battles is banned
|rule|Species Clause: Limit one of each Pokémon
|rule|OHKO Clause: OHKO moves are banned
|rule|Evasion Items Clause: Evasion items are banned
|rule|Evasion Moves Clause: Evasion moves are banned
|rule|Evasion Abilities Clause: Evasion abilities are banned
|rule|Sleep Moves Clause: Sleep-inducing moves are banned
|clearpoke
|poke|p1|Araquanid, M|
|poke|p1|Corviknight, M|
|poke|p1|Gardevoir, F|
|poke|p1|Scizor, F|
|poke|p1|Dragapult, F|
|poke|p1|Ting-Lu|
|poke|p2|Clefable, F|
|poke|p2|Weezing-Galar, M|
|poke|p2|Alomomola, F|
|poke|p2|Ting-Lu|
|poke|p2|Ditto|
|poke|p2|Vileplume, M|
|teampreview
|
|t:|1758951895
|teamsize|p1|6
|teamsize|p2|6
|start
|switch|p1a: Araquanid|Araquanid, M|100/100
|switch|p2a: Ditto|Ditto, shiny|100/100
|-transform|p2a: Ditto|p1a: Araquanid|[from] ability: Imposter
|turn|1
|
|t:|1758951906
|switch|p2a: Weezing|Weezing-Galar, M, shiny|100/100
|-ability|p2a: Weezing|Neutralizing Gas
|move|p1a: Araquanid|Lunge|p2a: Weezing
|-resisted|p2a: Weezing
|-damage|p2a: Weezing|96/100
|-unboost|p2a: Weezing|atk|1
|-damage|p1a: Araquanid|84/100|[from] item: Rocky Helmet|[of] p2a: Weezing
|
|upkeep
|turn|2
|
|t:|1758951921
|move|p2a: Weezing|Will-O-Wisp|p1a: Araquanid
|-status|p1a: Araquanid|brn
|move|p1a: Araquanid|Liquidation|p2a: Weezing
|-damage|p2a: Weezing|86/100
|-unboost|p2a: Weezing|def|1
|-damage|p1a: Araquanid|67/100 brn|[from] item: Rocky Helmet|[of] p2a: Weezing
|
|-damage|p1a: Araquanid|61/100 brn|[from] brn
|upkeep
|turn|3
|
|t:|1758951931
|switch|p1a: Scizor|Scizor, F, shiny|100/100
|move|p2a: Weezing|Will-O-Wisp|p1a: Scizor
|-status|p1a: Scizor|brn
|
|-damage|p1a: Scizor|94/100 brn|[from] brn
|upkeep
|turn|4
|
|t:|1758951942
|-end|p2a: Weezing|ability: Neutralizing Gas
|switch|p2a: Alomomola|Alomomola, F, shiny|100/100
|move|p1a: Scizor|Close Combat|p2a: Alomomola
|-damage|p2a: Alomomola|89/100
|-unboost|p1a: Scizor|def|1
|-unboost|p1a: Scizor|spd|1
|-damage|p1a: Scizor|78/100 brn|[from] item: Rocky Helmet|[of] p2a: Alomomola
|
|-damage|p1a: Scizor|72/100 brn|[from] brn
|upkeep
|turn|5
|
|t:|1758951947
|switch|p1a: Corviknight|Corviknight, M|100/100
|move|p2a: Alomomola|Light Screen|p2a: Alomomola
|-sidestart|p2: witdflow|move: Light Screen
|
|upkeep
|turn|6
|
|t:|1758951954
|move|p1a: Corviknight|Brave Bird|p2a: Alomomola
|-damage|p2a: Alomomola|70/100
|-damage|p1a: Corviknight|84/100|[from] item: Rocky Helmet|[of] p2a: Alomomola
|-damage|p1a: Corviknight|75/100|[from] Recoil
|move|p2a: Alomomola|Flip Turn|p1a: Corviknight
|-damage|p1a: Corviknight|64/100
|
|t:|1758951957
|switch|p2a: Weezing|Weezing-Galar, M, shiny|86/100|[from] Flip Turn
|-ability|p2a: Weezing|Neutralizing Gas
|
|-heal|p1a: Corviknight|70/100|[from] item: Leftovers
|upkeep
|turn|7
|
|t:|1758951961
|switch|p1a: Scizor|Scizor, F, shiny|72/100 brn
|move|p2a: Weezing|Will-O-Wisp|p1a: Scizor
|-fail|p1a: Scizor|brn
|
|-damage|p1a: Scizor|66/100 brn|[from] brn
|upkeep
|turn|8
|
|t:|1758951969
|switch|p1a: Ting-Lu|Ting-Lu|100/100
|-end|p2a: Weezing|ability: Neutralizing Gas
|-ability|p1a: Ting-Lu|Vessel of Ruin
|switch|p2a: Alomomola|Alomomola, F, shiny|100/100
|
|upkeep
|turn|9
|
|t:|1758951973
|move|p1a: Ting-Lu|Stealth Rock|p2a: Alomomola
|-sidestart|p2: witdflow|move: Stealth Rock
|move|p2a: Alomomola|Flip Turn|p1a: Ting-Lu
|-supereffective|p1a: Ting-Lu
|-damage|p1a: Ting-Lu|83/100
|
|t:|1758951978
|switch|p2a: Ditto|Ditto, shiny|100/100|[from] Flip Turn
|-damage|p2a: Ditto|88/100|[from] Stealth Rock
|-transform|p2a: Ditto|p1a: Ting-Lu|[from] ability: Imposter
|-ability|p2a: Ditto|Vessel of Ruin
|
|-heal|p1a: Ting-Lu|89/100|[from] item: Leftovers
|-sideend|p2: witdflow|move: Light Screen
|upkeep
|turn|10
|
|t:|1758951983
|move|p2a: Ditto|Stealth Rock|p1a: Ting-Lu
|-sidestart|p1: kasage|move: Stealth Rock
|move|p1a: Ting-Lu|Ruination|p2a: Ditto
|-damage|p2a: Ditto|44/100
|
|-heal|p1a: Ting-Lu|95/100|[from] item: Leftovers
|upkeep
|turn|11
|
|t:|1758951992
|switch|p2a: Vileplume|Vileplume, M, shiny|100/100
|-damage|p2a: Vileplume|88/100|[from] Stealth Rock
|move|p1a: Ting-Lu|Earthquake|p2a: Vileplume
|-damage|p2a: Vileplume|40/100
|
|-heal|p2a: Vileplume|47/100|[from] item: Leftovers
|-heal|p1a: Ting-Lu|100/100|[from] item: Leftovers
|upkeep
|turn|12
|
|t:|1758952006
|switch|p1a: Corviknight|Corviknight, M|70/100
|-damage|p1a: Corviknight|58/100|[from] Stealth Rock
|move|p2a: Vileplume|Strength Sap|p1a: Corviknight
|-ability|p1a: Corviknight|Mirror Armor
|-unboost|p2a: Vileplume|atk|1
|-heal|p2a: Vileplume|100/100
|
|-heal|p1a: Corviknight|64/100|[from] item: Leftovers
|upkeep
|turn|13
|
|t:|1758952018
|switch|p2a: Alomomola|Alomomola, F, shiny|100/100
|-damage|p2a: Alomomola|88/100|[from] Stealth Rock
|move|p1a: Corviknight|Roost|p1a: Corviknight
|-heal|p1a: Corviknight|100/100
|-singleturn|p1a: Corviknight|move: Roost
|
|upkeep
|turn|14
|
|t:|1758952023
|move|p1a: Corviknight|Defog|p2a: Alomomola
|-unboost|p2a: Alomomola|evasion|1
|-sideend|p2: witdflow|Stealth Rock|[from] move: Defog|[of] p1a: Corviknight
|-sideend|p1: kasage|Stealth Rock|[from] move: Defog|[of] p1a: Corviknight
|move|p2a: Alomomola|Wish|p2a: Alomomola
|
|upkeep
|turn|15
|
|t:|1758952031
|move|p1a: Corviknight|U-turn|p2a: Alomomola
|-damage|p2a: Alomomola|81/100
|-damage|p1a: Corviknight|84/100|[from] item: Rocky Helmet|[of] p2a: Alomomola
|inactive|Battle timer is ON: inactive players will automatically lose when time's up. (requested by witdflow)
|
|t:|1758952049
|switch|p1a: Scizor|Scizor, F, shiny|66/100 brn|[from] U-turn
|move|p2a: Alomomola|Flip Turn|p1a: Scizor
|-damage|p1a: Scizor|50/100 brn
|
|t:|1758952053
|switch|p2a: Ditto|Ditto, shiny|44/100|[from] Flip Turn
|-transform|p2a: Ditto|p1a: Scizor|[from] ability: Imposter
|
|-heal|p2a: Ditto|100/100|[from] move: Wish|[wisher] Alomomola
|-damage|p1a: Scizor|44/100 brn|[from] brn
|upkeep
|turn|16
|
|t:|1758952059
|switch|p2a: Alomomola|Alomomola, F, shiny|100/100
|switch|p1a: Corviknight|Corviknight, M|84/100
|
|-heal|p1a: Corviknight|90/100|[from] item: Leftovers
|upkeep
|turn|17
|
|t:|1758952066
|switch|p1a: Gardevoir|Gardevoir, F, shiny|100/100
|-ability|p1a: Gardevoir|Regenerator|Trace|[from] ability: Trace|[of] p2a: Alomomola
|move|p2a: Alomomola|Light Screen|p2a: Alomomola
|-sidestart|p2: witdflow|move: Light Screen
|
|upkeep
|turn|18
|
|t:|1758952079
|switch|p2a: Ditto|Ditto, shiny|100/100
|-transform|p2a: Ditto|p1a: Gardevoir|[from] ability: Imposter
|move|p1a: Gardevoir|Trick|p2a: Ditto
|-activate|p1a: Gardevoir|move: Trick|[of] p2a: Ditto
|-item|p2a: Ditto|Choice Scarf|[from] move: Trick
|-item|p1a: Gardevoir|Choice Scarf|[from] move: Trick
|
|upkeep
|turn|19
|
|t:|1758952090
|switch|p1a: Scizor|Scizor, F, shiny|44/100 brn
|move|p2a: Ditto|Moonblast|p1a: Scizor
|-resisted|p1a: Scizor
|-damage|p1a: Scizor|17/100 brn
|
|-damage|p1a: Scizor|11/100 brn|[from] brn
|upkeep
|turn|20
|
|t:|1758952100
|switch|p2a: Alomomola|Alomomola, F, shiny|100/100
|switch|p1a: Gardevoir|Gardevoir, F, shiny|100/100
|-ability|p1a: Gardevoir|Regenerator|Trace|[from] ability: Trace|[of] p2a: Alomomola
|
|upkeep
|turn|21
|
|t:|1758952108
|switch|p2a: Ditto|Ditto, shiny|100/100
|-transform|p2a: Ditto|p1a: Gardevoir|[from] ability: Imposter
|move|p1a: Gardevoir|Moonblast|p2a: Ditto
|-damage|p2a: Ditto|76/100
|
|-sideend|p2: witdflow|move: Light Screen
|upkeep
|turn|22
|
|t:|1758952114
|move|p1a: Gardevoir|Moonblast|p2a: Ditto
|-damage|p2a: Ditto|31/100
|move|p2a: Ditto|Moonblast|p1a: Gardevoir
|-damage|p1a: Gardevoir|45/100
|
|upkeep
|turn|23
|
|t:|1758952122
|switch|p1a: Corviknight|Corviknight, M|90/100
|move|p2a: Ditto|Moonblast|p1a: Corviknight
|-resisted|p1a: Corviknight
|-damage|p1a: Corviknight|69/100
|
|-heal|p1a: Corviknight|75/100|[from] item: Leftovers
|upkeep
|turn|24
|
|t:|1758952129
|switch|p2a: Alomomola|Alomomola, F, shiny|100/100
|switch|p1a: Scizor|Scizor, F, shiny|11/100 brn
|
|-damage|p1a: Scizor|5/100 brn|[from] brn
|upkeep
|turn|25
|
|t:|1758952132
|move|p1a: Scizor|Close Combat|p2a: Alomomola
|-damage|p2a: Alomomola|89/100
|-unboost|p1a: Scizor|def|1
|-unboost|p1a: Scizor|spd|1
|-damage|p1a: Scizor|0 fnt|[from] item: Rocky Helmet|[of] p2a: Alomomola
|faint|p1a: Scizor
|move|p2a: Alomomola|Wish|p2a: Alomomola
|
|upkeep
|
|t:|1758952142
|switch|p1a: Dragapult|Dragapult, F|100/100
|turn|26
|
|t:|1758952153
|move|p1a: Dragapult|U-turn|p2a: Alomomola
|-damage|p2a: Alomomola|80/100
|-damage|p1a: Dragapult|84/100|[from] item: Rocky Helmet|[of] p2a: Alomomola
|
|t:|1758952158
|switch|p1a: Araquanid|Araquanid, M|61/100 brn|[from] U-turn
|-activate|p1a: Araquanid|ability: Water Bubble
|-curestatus|p1a: Araquanid|brn|[msg]
|move|p2a: Alomomola|Flip Turn|p1a: Araquanid
|-resisted|p1a: Araquanid
|-damage|p1a: Araquanid|53/100
|
|t:|1758952166
|switch|p2a: Weezing|Weezing-Galar, M, shiny|86/100|[from] Flip Turn
|-ability|p2a: Weezing|Neutralizing Gas
|
|-heal|p2a: Weezing|100/100|[from] move: Wish|[wisher] Alomomola
|upkeep
|turn|27
|c|☆witdflow|who's getting it
|c|☆witdflow|catch this heat bruh
|
|t:|1758952191
|switch|p1a: Gardevoir|Gardevoir, F, shiny|78/100
|move|p2a: Weezing|Will-O-Wisp|p1a: Gardevoir
|-status|p1a: Gardevoir|brn
|
|-damage|p1a: Gardevoir|72/100 brn|[from] brn
|upkeep
|turn|28
|
|t:|1758952203
|-end|p2a: Weezing|ability: Neutralizing Gas
|switch|p2a: Vileplume|Vileplume, M, shiny|100/100
|-ability|p1a: Gardevoir|Chlorophyll|Trace|[from] ability: Trace|[of] p2a: Vileplume
|move|p1a: Gardevoir|Psyshock|p2a: Vileplume
|-supereffective|p2a: Vileplume
|-damage|p2a: Vileplume|7/100
|
|-heal|p2a: Vileplume|13/100|[from] item: Leftovers
|-damage|p1a: Gardevoir|66/100 brn|[from] brn
|upkeep
|turn|29
|
|t:|1758952212
|switch|p2a: Ting-Lu|Ting-Lu, shiny|100/100
|-ability|p2a: Ting-Lu|Vessel of Ruin
|move|p1a: Gardevoir|Psyshock|p2a: Ting-Lu
|-immune|p2a: Ting-Lu
|
|-damage|p1a: Gardevoir|60/100 brn|[from] brn
|upkeep
|turn|30
|
|t:|1758952219
|switch|p1a: Araquanid|Araquanid, M|53/100
|move|p2a: Ting-Lu|Ruination|p1a: Araquanid
|-damage|p1a: Araquanid|27/100
|
|upkeep
|turn|31
|
|t:|1758952225
|switch|p2a: Weezing|Weezing-Galar, M, shiny|100/100
|-ability|p2a: Weezing|Neutralizing Gas
|move|p1a: Araquanid|Liquidation|p2a: Weezing
|-damage|p2a: Weezing|78/100
|-unboost|p2a: Weezing|def|1
|-damage|p1a: Araquanid|10/100|[from] item: Rocky Helmet|[of] p2a: Weezing
|
|upkeep
|turn|32
|
|t:|1758952233
|switch|p1a: Gardevoir|Gardevoir, F, shiny|60/100 brn
|move|p2a: Weezing|Play Rough|p1a: Gardevoir
|-damage|p1a: Gardevoir|9/100 brn
|
|-damage|p1a: Gardevoir|3/100 brn|[from] brn
|upkeep
|turn|33
|
|t:|1758952246
|-end|p2a: Weezing|ability: Neutralizing Gas
|switch|p2a: Ditto|Ditto, shiny|64/100
|-transform|p2a: Ditto|p1a: Gardevoir|[from] ability: Imposter
|move|p1a: Gardevoir|Moonblast|p2a: Ditto
|-damage|p2a: Ditto|19/100
|-unboost|p2a: Ditto|spa|1
|
|-damage|p1a: Gardevoir|0 fnt|[from] brn
|faint|p1a: Gardevoir
|upkeep
|
|t:|1758952256
|switch|p1a: Corviknight|Corviknight, M|75/100
|-ability|p2a: Ditto|Mirror Armor|Trace|[from] ability: Trace|[of] p1a: Corviknight
|turn|34
|
|t:|1758952276
|switch|p1a: Araquanid|Araquanid, M|10/100
|move|p2a: Ditto|Trick|p1a: Araquanid
|-activate|p2a: Ditto|move: Trick|[of] p1a: Araquanid
|-item|p1a: Araquanid|Choice Scarf|[from] move: Trick
|-item|p2a: Ditto|Assault Vest|[from] move: Trick
|
|upkeep
|turn|35
|
|t:|1758952301
|switch|p1a: Corviknight|Corviknight, M|75/100
|move|p2a: Ditto|Moonblast|p1a: Corviknight
|-resisted|p1a: Corviknight
|-damage|p1a: Corviknight|60/100
|
|-heal|p1a: Corviknight|67/100|[from] item: Leftovers
|upkeep
|turn|36
|
|t:|1758952313
|switch|p2a: Alomomola|Alomomola, F, shiny|100/100
|switch|p1a: Araquanid|Araquanid, M|10/100
|
|upkeep
|turn|37
|
|t:|1758952322
|switch|p1a: Dragapult|Dragapult, F|84/100
|move|p2a: Alomomola|Wish|p2a: Alomomola
|
|upkeep
|turn|38
|
|t:|1758952325
|-terastallize|p1a: Dragapult|Electric
|move|p1a: Dragapult|Thunderbolt|p2a: Alomomola
|-supereffective|p2a: Alomomola
|-crit|p2a: Alomomola
|-damage|p2a: Alomomola|0 fnt
|faint|p2a: Alomomola
|
|upkeep
|
|t:|1758952335
|switch|p2a: Ditto|Ditto, shiny|19/100
|-transform|p2a: Ditto|p1a: Dragapult|[from] ability: Imposter
|-start|p2a: Ditto|typechange|Dragon/Ghost|[silent]
|turn|39
|
|t:|1758952344
|switch|p1a: Araquanid|Araquanid, M|10/100
|switch|p2a: Clefable|Clefable, F, shiny|100/100
|
|upkeep
|turn|40
|
|t:|1758952354
|move|p1a: Araquanid|Liquidation|p2a: Clefable
|-damage|p2a: Clefable|30/100
|move|p2a: Clefable|Wish|p2a: Clefable
|
|-heal|p2a: Clefable|36/100|[from] item: Leftovers
|upkeep
|turn|41
|
|t:|1758952363
|switch|p1a: Ting-Lu|Ting-Lu|100/100
|-ability|p1a: Ting-Lu|Vessel of Ruin
|switch|p2a: Weezing|Weezing-Galar, M, shiny|78/100
|-ability|p2a: Weezing|Neutralizing Gas
|
|-heal|p2a: Weezing|100/100|[from] move: Wish|[wisher] Clefable
|upkeep
|turn|42
|inactive|kasage has 120 seconds left.
|
|t:|1758952402
|switch|p1a: Araquanid|Araquanid, M|10/100
|move|p2a: Weezing|Will-O-Wisp|p1a: Araquanid
|-status|p1a: Araquanid|brn
|
|-damage|p1a: Araquanid|4/100 brn|[from] brn
|upkeep
|turn|43
|c|☆witdflow|i know it hurts
|
|t:|1758952411
|move|p1a: Araquanid|Lunge|p2a: Weezing
|-resisted|p2a: Weezing
|-damage|p2a: Weezing|98/100
|-unboost|p2a: Weezing|atk|1
|-damage|p1a: Araquanid|0 fnt|[from] item: Rocky Helmet|[of] p2a: Weezing
|faint|p1a: Araquanid
|move|p2a: Weezing|Curse|p2a: Weezing
|-unboost|p2a: Weezing|spe|1
|-boost|p2a: Weezing|atk|1
|-boost|p2a: Weezing|def|1
|
|upkeep
|
|t:|1758952420
|switch|p1a: Dragapult|Dragapult, F, tera:Electric|84/100
|turn|44
|
|t:|1758952427
|move|p1a: Dragapult|Shadow Ball|p2a: Weezing
|-damage|p2a: Weezing|22/100
|move|p2a: Weezing|Play Rough|p1a: Dragapult
|-damage|p1a: Dragapult|42/100
|
|upkeep
|turn|45
|
|t:|1758952434
|switch|p1a: Corviknight|Corviknight, M|67/100
|-end|p2a: Weezing|ability: Neutralizing Gas
|switch|p2a: Ting-Lu|Ting-Lu, shiny|100/100
|-ability|p2a: Ting-Lu|Vessel of Ruin
|
|-heal|p1a: Corviknight|73/100|[from] item: Leftovers
|upkeep
|turn|46
|
|t:|1758952443
|move|p1a: Corviknight|U-turn|p2a: Ting-Lu
|-supereffective|p2a: Ting-Lu
|-damage|p2a: Ting-Lu|85/100
|
|t:|1758952445
|switch|p1a: Ting-Lu|Ting-Lu|100/100|[from] U-turn
|-ability|p1a: Ting-Lu|Vessel of Ruin
|move|p2a: Ting-Lu|Ruination|p1a: Ting-Lu
|-damage|p1a: Ting-Lu|50/100
|
|-heal|p1a: Ting-Lu|57/100|[from] item: Leftovers
|-heal|p2a: Ting-Lu|91/100|[from] item: Leftovers
|upkeep
|turn|47
|
|t:|1758952453
|move|p1a: Ting-Lu|Earthquake|p2a: Ting-Lu
|-damage|p2a: Ting-Lu|68/100
|move|p2a: Ting-Lu|Sand Tomb|p1a: Ting-Lu
|-damage|p1a: Ting-Lu|50/100
|-activate|p1a: Ting-Lu|move: Sand Tomb|[of] p2a: Ting-Lu
|
|-heal|p1a: Ting-Lu|56/100|[from] item: Leftovers
|-heal|p2a: Ting-Lu|75/100|[from] item: Leftovers
|-damage|p1a: Ting-Lu|43/100|[from] move: Sand Tomb|[partiallytrapped]
|upkeep
|turn|48
|
|t:|1758952457
|move|p1a: Ting-Lu|Stealth Rock|p2a: Ting-Lu
|-sidestart|p2: witdflow|move: Stealth Rock
|move|p2a: Ting-Lu|Ruination|p1a: Ting-Lu|[miss]
|-miss|p2a: Ting-Lu|p1a: Ting-Lu
|
|-heal|p1a: Ting-Lu|50/100|[from] item: Leftovers
|-heal|p2a: Ting-Lu|81/100|[from] item: Leftovers
|-damage|p1a: Ting-Lu|37/100|[from] move: Sand Tomb|[partiallytrapped]
|upkeep
|turn|49
|
|t:|1758952464
|move|p1a: Ting-Lu|Ruination|p2a: Ting-Lu
|-damage|p2a: Ting-Lu|41/100
|move|p2a: Ting-Lu|Ruination|p1a: Ting-Lu
|-damage|p1a: Ting-Lu|19/100
|
|-heal|p1a: Ting-Lu|25/100|[from] item: Leftovers
|-heal|p2a: Ting-Lu|47/100|[from] item: Leftovers
|-damage|p1a: Ting-Lu|13/100|[from] move: Sand Tomb|[partiallytrapped]
|upkeep
|turn|50
|
|t:|1758952473
|move|p1a: Ting-Lu|Ruination|p2a: Ting-Lu
|-damage|p2a: Ting-Lu|24/100
|move|p2a: Ting-Lu|Rest|p2a: Ting-Lu
|-status|p2a: Ting-Lu|slp|[from] move: Rest
|-heal|p2a: Ting-Lu|100/100 slp|[silent]
|
|-heal|p1a: Ting-Lu|19/100|[from] item: Leftovers
|-damage|p1a: Ting-Lu|6/100|[from] move: Sand Tomb|[partiallytrapped]
|upkeep
|turn|51
|
|t:|1758952479
|move|p1a: Ting-Lu|Ruination|p2a: Ting-Lu
|-damage|p2a: Ting-Lu|50/100 slp
|cant|p2a: Ting-Lu|slp
|move|p2a: Ting-Lu|Sleep Talk|p2a: Ting-Lu
|move|p2a: Ting-Lu|Ruination|p1a: Ting-Lu|[from] move: Sleep Talk
|-damage|p1a: Ting-Lu|3/100
|
|-heal|p1a: Ting-Lu|10/100|[from] item: Leftovers
|-heal|p2a: Ting-Lu|57/100 slp|[from] item: Leftovers
|-end|p1a: Ting-Lu|Sand Tomb|[partiallytrapped]
|upkeep
|turn|52
|
|t:|1758952493
|switch|p1a: Dragapult|Dragapult, F, tera:Electric|42/100
|cant|p2a: Ting-Lu|slp
|move|p2a: Ting-Lu|Sleep Talk|p2a: Ting-Lu
|move|p2a: Ting-Lu|Sand Tomb|p1a: Dragapult|[from] move: Sleep Talk|[miss]
|-miss|p2a: Ting-Lu|p1a: Dragapult
|
|-heal|p2a: Ting-Lu|63/100 slp|[from] item: Leftovers
|upkeep
|turn|53
|c|☆witdflow|lucky
|
|t:|1758952504
|move|p1a: Dragapult|U-turn|p2a: Ting-Lu
|-supereffective|p2a: Ting-Lu
|-damage|p2a: Ting-Lu|45/100 slp
|
|t:|1758952508
|switch|p1a: Corviknight|Corviknight, M|73/100|[from] U-turn
|-curestatus|p2a: Ting-Lu|slp|[msg]
|move|p2a: Ting-Lu|Rest|p2a: Ting-Lu
|-status|p2a: Ting-Lu|slp|[from] move: Rest
|-heal|p2a: Ting-Lu|100/100 slp|[silent]
|
|-heal|p1a: Corviknight|79/100|[from] item: Leftovers
|upkeep
|turn|54
|
|t:|1758952511
|move|p1a: Corviknight|Brave Bird|p2a: Ting-Lu
|-damage|p2a: Ting-Lu|81/100 slp
|-damage|p1a: Corviknight|71/100|[from] Recoil
|cant|p2a: Ting-Lu|slp
|move|p2a: Ting-Lu|Sleep Talk|p2a: Ting-Lu
|move|p2a: Ting-Lu|Rest||[from] move: Sleep Talk|[still]
|-fail|p2a: Ting-Lu
|
|-heal|p1a: Corviknight|77/100|[from] item: Leftovers
|-heal|p2a: Ting-Lu|87/100 slp|[from] item: Leftovers
|upkeep
|turn|55
|
|t:|1758952516
|move|p1a: Corviknight|Brave Bird|p2a: Ting-Lu
|-damage|p2a: Ting-Lu|69/100 slp
|-damage|p1a: Corviknight|69/100|[from] Recoil
|cant|p2a: Ting-Lu|slp
|move|p2a: Ting-Lu|Sleep Talk|p2a: Ting-Lu
|move|p2a: Ting-Lu|Rest||[from] move: Sleep Talk|[still]
|-fail|p2a: Ting-Lu
|
|-heal|p1a: Corviknight|75/100|[from] item: Leftovers
|-heal|p2a: Ting-Lu|75/100 slp|[from] item: Leftovers
|upkeep
|turn|56
|
|t:|1758952520
|move|p1a: Corviknight|Brave Bird|p2a: Ting-Lu
|-damage|p2a: Ting-Lu|56/100 slp
|-damage|p1a: Corviknight|67/100|[from] Recoil
|-curestatus|p2a: Ting-Lu|slp|[msg]
|move|p2a: Ting-Lu|Ruination|p1a: Corviknight
|-damage|p1a: Corviknight|34/100
|
|-heal|p1a: Corviknight|40/100|[from] item: Leftovers
|-heal|p2a: Ting-Lu|62/100|[from] item: Leftovers
|upkeep
|turn|57
|
|t:|1758952526
|move|p1a: Corviknight|Roost|p1a: Corviknight
|-heal|p1a: Corviknight|90/100
|-singleturn|p1a: Corviknight|move: Roost
|move|p2a: Ting-Lu|Sand Tomb|p1a: Corviknight
|-supereffective|p1a: Corviknight
|-damage|p1a: Corviknight|73/100
|-activate|p1a: Corviknight|move: Sand Tomb|[of] p2a: Ting-Lu
|
|-heal|p1a: Corviknight|79/100|[from] item: Leftovers
|-heal|p2a: Ting-Lu|69/100|[from] item: Leftovers
|-damage|p1a: Corviknight|67/100|[from] move: Sand Tomb|[partiallytrapped]
|upkeep
|turn|58
|
|t:|1758952529
|move|p1a: Corviknight|Brave Bird|p2a: Ting-Lu
|-damage|p2a: Ting-Lu|50/100
|-damage|p1a: Corviknight|59/100|[from] Recoil
|move|p2a: Ting-Lu|Ruination|p1a: Corviknight
|-damage|p1a: Corviknight|30/100
|
|-heal|p1a: Corviknight|36/100|[from] item: Leftovers
|-heal|p2a: Ting-Lu|56/100|[from] item: Leftovers
|-damage|p1a: Corviknight|23/100|[from] move: Sand Tomb|[partiallytrapped]
|upkeep
|turn|59
|
|t:|1758952536
|move|p1a: Corviknight|Roost|p1a: Corviknight
|-heal|p1a: Corviknight|73/100
|-singleturn|p1a: Corviknight|move: Roost
|move|p2a: Ting-Lu|Ruination|p1a: Corviknight
|-damage|p1a: Corviknight|37/100
|
|-heal|p1a: Corviknight|43/100|[from] item: Leftovers
|-heal|p2a: Ting-Lu|62/100|[from] item: Leftovers
|-damage|p1a: Corviknight|31/100|[from] move: Sand Tomb|[partiallytrapped]
|upkeep
|turn|60
|
|t:|1758952543
|move|p1a: Corviknight|Roost|p1a: Corviknight
|-heal|p1a: Corviknight|81/100
|-singleturn|p1a: Corviknight|move: Roost
|move|p2a: Ting-Lu|Ruination|p1a: Corviknight
|-damage|p1a: Corviknight|41/100
|
|-heal|p1a: Corviknight|47/100|[from] item: Leftovers
|-heal|p2a: Ting-Lu|69/100|[from] item: Leftovers
|-damage|p1a: Corviknight|34/100|[from] move: Sand Tomb|[partiallytrapped]
|upkeep
|turn|61
|
|t:|1758952547
|move|p1a: Corviknight|U-turn|p2a: Ting-Lu
|-supereffective|p2a: Ting-Lu
|-damage|p2a: Ting-Lu|54/100
|
|t:|1758952549
|switch|p1a: Ting-Lu|Ting-Lu|10/100|[from] U-turn
|-ability|p1a: Ting-Lu|Vessel of Ruin
|move|p2a: Ting-Lu|Ruination|p1a: Ting-Lu
|-damage|p1a: Ting-Lu|5/100
|
|-heal|p1a: Ting-Lu|11/100|[from] item: Leftovers
|-heal|p2a: Ting-Lu|60/100|[from] item: Leftovers
|upkeep
|turn|62
|
|t:|1758952554
|move|p1a: Ting-Lu|Ruination|p2a: Ting-Lu
|-damage|p2a: Ting-Lu|30/100
|move|p2a: Ting-Lu|Sand Tomb|p1a: Ting-Lu
|-crit|p1a: Ting-Lu
|-damage|p1a: Ting-Lu|1/100
|-activate|p1a: Ting-Lu|move: Sand Tomb|[of] p2a: Ting-Lu
|
|-heal|p1a: Ting-Lu|8/100|[from] item: Leftovers
|-heal|p2a: Ting-Lu|36/100|[from] item: Leftovers
|-damage|p1a: Ting-Lu|0 fnt|[from] move: Sand Tomb|[partiallytrapped]
|faint|p1a: Ting-Lu
|upkeep
|
|t:|1758952558
|switch|p1a: Dragapult|Dragapult, F, tera:Electric|42/100
|turn|63
|
|t:|1758952563
|switch|p2a: Clefable|Clefable, F, shiny|36/100
|-damage|p2a: Clefable|24/100|[from] Stealth Rock
|move|p1a: Dragapult|U-turn|p2a: Clefable
|-resisted|p2a: Clefable
|-crit|p2a: Clefable
|-damage|p2a: Clefable|10/100
|
|t:|1758952565
|switch|p1a: Corviknight|Corviknight, M|34/100|[from] U-turn
|
|-heal|p1a: Corviknight|41/100|[from] item: Leftovers
|-heal|p2a: Clefable|16/100|[from] item: Leftovers
|upkeep
|turn|64
|
|t:|1758952570
|move|p2a: Clefable|Protect|p2a: Clefable
|-singleturn|p2a: Clefable|Protect
|move|p1a: Corviknight|Brave Bird|p2a: Clefable
|-activate|p2a: Clefable|move: Protect
|
|-heal|p1a: Corviknight|47/100|[from] item: Leftovers
|-heal|p2a: Clefable|22/100|[from] item: Leftovers
|upkeep
|turn|65
|
|t:|1758952573
|move|p1a: Corviknight|Brave Bird|p2a: Clefable
|-damage|p2a: Clefable|0 fnt
|faint|p2a: Clefable
|-damage|p1a: Corviknight|40/100|[from] Recoil
|
|-heal|p1a: Corviknight|46/100|[from] item: Leftovers
|upkeep
|
|t:|1758952585
|switch|p2a: Ditto|Ditto, shiny|19/100
|-damage|p2a: Ditto|6/100|[from] Stealth Rock
|-transform|p2a: Ditto|p1a: Corviknight|[from] ability: Imposter
|turn|66
|
|t:|1758952592
|move|p2a: Ditto|Brave Bird|p1a: Corviknight
|-resisted|p1a: Corviknight
|-damage|p1a: Corviknight|36/100
|-damage|p2a: Ditto|2/100|[from] Recoil
|move|p1a: Corviknight|U-turn|p2a: Ditto
|-resisted|p2a: Ditto
|-damage|p2a: Ditto|0 fnt
|faint|p2a: Ditto
|
|t:|1758952597
|switch|p1a: Dragapult|Dragapult, F, tera:Electric|42/100|[from] U-turn
|
|upkeep
|
|t:|1758952609
|switch|p2a: Ting-Lu|Ting-Lu, shiny|36/100
|-damage|p2a: Ting-Lu|30/100|[from] Stealth Rock
|-ability|p2a: Ting-Lu|Vessel of Ruin
|turn|67
|c|☆witdflow|i misplayed a bit
|c|☆witdflow|i was going to roost and forgot i had AV
|
|t:|1758952630
|move|p1a: Dragapult|U-turn|p2a: Ting-Lu
|-supereffective|p2a: Ting-Lu
|-damage|p2a: Ting-Lu|11/100
|
|t:|1758952633
|switch|p1a: Corviknight|Corviknight, M|36/100|[from] U-turn
|move|p2a: Ting-Lu|Rest|p2a: Ting-Lu
|-status|p2a: Ting-Lu|slp|[from] move: Rest
|-heal|p2a: Ting-Lu|100/100 slp|[silent]
|
|-heal|p1a: Corviknight|42/100|[from] item: Leftovers
|upkeep
|turn|68
|
|t:|1758952636
|move|p1a: Corviknight|Brave Bird|p2a: Ting-Lu
|-damage|p2a: Ting-Lu|79/100 slp
|-damage|p1a: Corviknight|33/100|[from] Recoil
|cant|p2a: Ting-Lu|slp
|move|p2a: Ting-Lu|Sleep Talk|p2a: Ting-Lu
|move|p2a: Ting-Lu|Ruination|p1a: Corviknight|[from] move: Sleep Talk
|-damage|p1a: Corviknight|17/100
|
|-heal|p1a: Corviknight|23/100|[from] item: Leftovers
|-heal|p2a: Ting-Lu|85/100 slp|[from] item: Leftovers
|upkeep
|turn|69
|
|t:|1758952643
|move|p1a: Corviknight|Roost|p1a: Corviknight
|-heal|p1a: Corviknight|73/100
|-singleturn|p1a: Corviknight|move: Roost
|cant|p2a: Ting-Lu|slp
|move|p2a: Ting-Lu|Sleep Talk|p2a: Ting-Lu
|move|p2a: Ting-Lu|Rest||[from] move: Sleep Talk|[still]
|-fail|p2a: Ting-Lu
|
|-heal|p1a: Corviknight|79/100|[from] item: Leftovers
|-heal|p2a: Ting-Lu|91/100 slp|[from] item: Leftovers
|upkeep
|turn|70
|
|t:|1758952651
|move|p1a: Corviknight|U-turn|p2a: Ting-Lu
|-supereffective|p2a: Ting-Lu
|-damage|p2a: Ting-Lu|76/100 slp
|
|t:|1758952653
|switch|p1a: Dragapult|Dragapult, F, tera:Electric|42/100|[from] U-turn
|-curestatus|p2a: Ting-Lu|slp|[msg]
|move|p2a: Ting-Lu|Ruination|p1a: Dragapult
|-damage|p1a: Dragapult|22/100
|
|-heal|p2a: Ting-Lu|82/100|[from] item: Leftovers
|upkeep
|turn|71
|
|t:|1758952658
|move|p1a: Dragapult|U-turn|p2a: Ting-Lu
|-supereffective|p2a: Ting-Lu
|-damage|p2a: Ting-Lu|65/100
|
|t:|1758952661
|switch|p1a: Corviknight|Corviknight, M|79/100|[from] U-turn
|move|p2a: Ting-Lu|Sand Tomb|p1a: Corviknight
|-immune|p1a: Corviknight
|
|-heal|p1a: Corviknight|85/100|[from] item: Leftovers
|-heal|p2a: Ting-Lu|71/100|[from] item: Leftovers
|upkeep
|turn|72
|
|t:|1758952672
|move|p1a: Corviknight|Brave Bird|p2a: Ting-Lu
|-damage|p2a: Ting-Lu|51/100
|-damage|p1a: Corviknight|77/100|[from] Recoil
|move|p2a: Ting-Lu|Ruination|p1a: Corviknight
|-damage|p1a: Corviknight|39/100
|
|-heal|p1a: Corviknight|45/100|[from] item: Leftovers
|-heal|p2a: Ting-Lu|57/100|[from] item: Leftovers
|upkeep
|turn|73
|
|t:|1758952677
|move|p1a: Corviknight|Brave Bird|p2a: Ting-Lu
|-damage|p2a: Ting-Lu|36/100
|-damage|p1a: Corviknight|36/100|[from] Recoil
|move|p2a: Ting-Lu|Sand Tomb|p1a: Corviknight
|-immune|p1a: Corviknight
|
|-heal|p1a: Corviknight|42/100|[from] item: Leftovers
|-heal|p2a: Ting-Lu|42/100|[from] item: Leftovers
|upkeep
|turn|74
|
|t:|1758952685
|move|p1a: Corviknight|U-turn|p2a: Ting-Lu
|-supereffective|p2a: Ting-Lu
|-damage|p2a: Ting-Lu|25/100
|
|t:|1758952687
|switch|p1a: Dragapult|Dragapult, F, tera:Electric|22/100|[from] U-turn
|move|p2a: Ting-Lu|Sand Tomb|p1a: Dragapult
|-supereffective|p1a: Dragapult
|-crit|p1a: Dragapult
|-damage|p1a: Dragapult|0 fnt
|faint|p1a: Dragapult
|
|-heal|p2a: Ting-Lu|31/100|[from] item: Leftovers
|upkeep
|
|t:|1758952689
|switch|p1a: Corviknight|Corviknight, M|42/100
|turn|75
|c|☆witdflow|gg
|
|t:|1758952699
|-terastallize|p2a: Ting-Lu|Steel
|move|p1a: Corviknight|Brave Bird|p2a: Ting-Lu
|-resisted|p2a: Ting-Lu
|-damage|p2a: Ting-Lu|22/100
|-damage|p1a: Corviknight|38/100|[from] Recoil
|move|p2a: Ting-Lu|Rest|p2a: Ting-Lu
|-status|p2a: Ting-Lu|slp|[from] move: Rest
|-heal|p2a: Ting-Lu|100/100 slp|[silent]
|
|-heal|p1a: Corviknight|44/100|[from] item: Leftovers
|upkeep
|turn|76
|-message|kasage forfeited.
|
|win|witdflow
|raw|kasage's rating: 1298 &rarr; <strong>1272</strong><br />(-26 for losing)
|raw|witdflow's rating: 1285 &rarr; <strong>1311</strong><br />(+26 for winning)
|l|☆kasage
|player|p1|
|l|☆witdflow
|player|p2|
