|badge|p2|bronze|gen9ou|100-6
|html|<div class="broadcast-red"><strong>This battle is required to be public due to one or more player having a season medal.</strong><br />During the public phase, you can discuss the state of the ladder <a href="/seasondiscussion">in a special chatroom.</a></div>
|uhtml|medal-msg|<div class="broadcast-blue">Curious what those medals under the avatar are? PS now has Ladder Seasons! For more information, check out the <a href="https://www.smogon.com/forums/threads/3740067/">thread on Smogon.</a></div>
|raw|<div class="broadcast-blue"><strong>This battle is required to be public due to a player having a name starting with 'medal'.</div>
|j|☆mcribs
|j|☆ADM02
|t:|1758962899
|gametype|singles
|player|p1|mcribs|brycenman|1831
|player|p2|ADM02|101|1793
|gen|9
|tier|[Gen 9] OU
|rated|
|rule|HP Percentage Mod: HP is shown in percentages
|rule|Endless Battle Clause: Forcing endless battles is banned
|rule|Species Clause: Limit one of each Pokémon
|rule|OHKO Clause: OHKO moves are banned
|rule|Evasion Items Clause: Evasion items are banned
|rule|Evasion Moves Clause: Evasion moves are banned
|rule|Evasion Abilities Clause: Evasion abilities are banned
|rule|Sleep Moves Clause: Sleep-inducing moves are banned
|clearpoke
|poke|p1|Gliscor, M|
|poke|p1|Ninetales-Alola, M|
|poke|p1|Zamazenta-*|
|poke|p1|Darkrai|
|poke|p1|Ogerpon-Wellspring, F|
|poke|p1|Great Tusk|
|poke|p2|Cinderace, M|
|poke|p2|Clefable, M|
|poke|p2|Salamence, F|
|poke|p2|Dragonite, F|
|poke|p2|Hoopa-Unbound|
|poke|p2|Clodsire, M|
|teampreview
|inactive|Battle timer is ON: inactive players will automatically lose when time's up. (requested by mcribs)
|
|t:|1758962914
|teamsize|p1|6
|teamsize|p2|6
|start
|switch|p1a: Gliscor|Gliscor, M|100/100
|switch|p2a: Clefable|Clefable, M|100/100
|turn|1
|
|t:|1758962918
|move|p1a: Gliscor|Swords Dance|p1a: Gliscor
|-boost|p1a: Gliscor|atk|2
|move|p2a: Clefable|Calm Mind|p2a: Clefable
|-boost|p2a: Clefable|spa|1
|-boost|p2a: Clefable|spd|1
|
|-status|p1a: Gliscor|tox|[from] item: Toxic Orb
|upkeep
|turn|2
|j| wgw2333
|
|t:|1758962933
|move|p1a: Gliscor|Sand Attack|p2a: Clefable
|-unboost|p2a: Clefable|accuracy|1
|move|p2a: Clefable|Moonblast|p1a: Gliscor
|-damage|p1a: Gliscor|58/100 tox
|
|-heal|p1a: Gliscor|70/100 tox|[from] ability: Poison Heal
|upkeep
|turn|3
|
|t:|1758962950
|switch|p2a: Salamence|Salamence, F|100/100
|-ability|p2a: Salamence|Intimidate|boost
|-unboost|p1a: Gliscor|atk|1
|move|p1a: Gliscor|Dual Wingbeat|p2a: Salamence
|-crit|p2a: Salamence
|-damage|p2a: Salamence|79/100
|-damage|p2a: Salamence|65/100
|-hitcount|p2a: Salamence|2
|
|-heal|p1a: Gliscor|83/100 tox|[from] ability: Poison Heal
|upkeep
|turn|4
|
|t:|1758962958
|move|p1a: Gliscor|Dual Wingbeat|p2a: Salamence
|-damage|p2a: Salamence|50/100
|-damage|p2a: Salamence|37/100
|-hitcount|p2a: Salamence|2
|move|p2a: Salamence|Dragon Tail|p1a: Gliscor
|-damage|p1a: Gliscor|64/100 tox
|drag|p1a: Ninetales|Ninetales-Alola, M|100/100
|-weather|Snowscape|[from] ability: Snow Warning|[of] p1a: Ninetales
|
|-weather|Snowscape|[upkeep]
|upkeep
|turn|5
|
|t:|1758962967
|switch|p1a: Gliscor|Gliscor, M|64/100 tox
|switch|p2a: Cinderace|Cinderace, M|100/100
|
|-weather|Snowscape|[upkeep]
|-heal|p1a: Gliscor|76/100 tox|[from] ability: Poison Heal
|upkeep
|turn|6
|
|t:|1758962973
|switch|p2a: Salamence|Salamence, F|37/100
|-ability|p2a: Salamence|Intimidate|boost
|-unboost|p1a: Gliscor|atk|1
|move|p1a: Gliscor|Swords Dance|p1a: Gliscor
|-boost|p1a: Gliscor|atk|2
|
|-weather|Snowscape|[upkeep]
|-heal|p1a: Gliscor|89/100 tox|[from] ability: Poison Heal
|upkeep
|turn|7
|
|t:|1758962975
|move|p2a: Salamence|Roost|p2a: Salamence
|-heal|p2a: Salamence|87/100
|-singleturn|p2a: Salamence|move: Roost
|move|p1a: Gliscor|Dual Wingbeat|p2a: Salamence
|-damage|p2a: Salamence|73/100
|-damage|p2a: Salamence|57/100
|-hitcount|p2a: Salamence|2
|
|-weather|Snowscape|[upkeep]
|-heal|p1a: Gliscor|100/100 tox|[from] ability: Poison Heal
|upkeep
|turn|8
|
|t:|1758962983
|move|p1a: Gliscor|Sand Attack|p2a: Salamence
|-unboost|p2a: Salamence|accuracy|1
|move|p2a: Salamence|Dragon Tail|p1a: Gliscor
|-damage|p1a: Gliscor|81/100 tox
|drag|p1a: Great Tusk|Great Tusk|100/100
|-enditem|p1a: Great Tusk|Booster Energy
|-activate|p1a: Great Tusk|ability: Protosynthesis|[fromitem]
|-start|p1a: Great Tusk|protosynthesisspe
|
|-weather|none
|upkeep
|turn|9
|
|t:|1758962991
|switch|p2a: Clefable|Clefable, M|100/100
|move|p1a: Great Tusk|Bulk Up|p1a: Great Tusk
|-boost|p1a: Great Tusk|atk|1
|-boost|p1a: Great Tusk|def|1
|
|upkeep
|turn|10
|
|t:|1758962997
|move|p1a: Great Tusk|Headlong Rush|p2a: Clefable
|-damage|p2a: Clefable|45/100
|-unboost|p1a: Great Tusk|def|1
|-unboost|p1a: Great Tusk|spd|1
|move|p2a: Clefable|Moonblast|p1a: Great Tusk
|-supereffective|p1a: Great Tusk
|-damage|p1a: Great Tusk|0 fnt
|faint|p1a: Great Tusk
|-end|p1a: Great Tusk|Protosynthesis|[silent]
|
|-heal|p2a: Clefable|51/100|[from] item: Leftovers
|upkeep
|
|t:|1758963000
|switch|p1a: Ogerpon|Ogerpon-Wellspring, F|100/100
|turn|11
|
|t:|1758963003
|switch|p2a: Salamence|Salamence, F|57/100
|-ability|p2a: Salamence|Intimidate|boost
|-unboost|p1a: Ogerpon|atk|1
|move|p1a: Ogerpon|Swords Dance|p1a: Ogerpon
|-boost|p1a: Ogerpon|atk|2
|
|upkeep
|turn|12
|
|t:|1758963005
|move|p1a: Ogerpon|Play Rough|p2a: Salamence
|-supereffective|p2a: Salamence
|-damage|p2a: Salamence|0 fnt
|faint|p2a: Salamence
|
|upkeep
|
|t:|1758963011
|switch|p2a: Clodsire|Clodsire, M|100/100
|turn|13
|
|t:|1758963013
|switch|p1a: Gliscor|Gliscor, M|81/100 tox
|move|p2a: Clodsire|Stealth Rock|p1a: Gliscor
|-sidestart|p1: mcribs|move: Stealth Rock
|
|-heal|p1a: Gliscor|94/100 tox|[from] ability: Poison Heal
|upkeep
|turn|14
|
|t:|1758963023
|switch|p2a: Dragonite|Dragonite, F|100/100
|move|p1a: Gliscor|Swords Dance|p1a: Gliscor
|-boost|p1a: Gliscor|atk|2
|
|-heal|p1a: Gliscor|100/100 tox|[from] ability: Poison Heal
|upkeep
|turn|15
|
|t:|1758963025
|move|p2a: Dragonite|Encore|p1a: Gliscor
|-start|p1a: Gliscor|Encore
|move|p1a: Gliscor|Swords Dance|p1a: Gliscor
|-boost|p1a: Gliscor|atk|2
|
|upkeep
|turn|16
|j| larp legion
|
|t:|1758963030
|switch|p1a: Ninetales|Ninetales-Alola, M|100/100
|-damage|p1a: Ninetales|76/100|[from] Stealth Rock
|-weather|Snowscape|[from] ability: Snow Warning|[of] p1a: Ninetales
|move|p2a: Dragonite|Dragon Dance|p2a: Dragonite
|-boost|p2a: Dragonite|atk|1
|-boost|p2a: Dragonite|spe|1
|
|-weather|Snowscape|[upkeep]
|upkeep
|turn|17
|
|t:|1758963033
|-terastallize|p2a: Dragonite|Normal
|move|p2a: Dragonite|Extreme Speed|p1a: Ninetales
|-damage|p1a: Ninetales|21/100
|move|p1a: Ninetales|Aurora Veil|p1a: Ninetales
|-sidestart|p1: mcribs|move: Aurora Veil
|
|-weather|Snowscape|[upkeep]
|upkeep
|turn|18
|
|t:|1758963039
|switch|p1a: Zamazenta|Zamazenta|100/100
|-damage|p1a: Zamazenta|94/100|[from] Stealth Rock
|-ability|p1a: Zamazenta|Dauntless Shield|boost
|-boost|p1a: Zamazenta|def|1
|move|p2a: Dragonite|Encore||[still]
|-fail|p2a: Dragonite
|
|-weather|Snowscape|[upkeep]
|-heal|p1a: Zamazenta|100/100|[from] item: Leftovers
|upkeep
|turn|19
|
|t:|1758963043
|switch|p1a: Darkrai|Darkrai|100/100
|-damage|p1a: Darkrai|88/100|[from] Stealth Rock
|switch|p2a: Clodsire|Clodsire, M|100/100
|
|-weather|Snowscape|[upkeep]
|-heal|p1a: Darkrai|94/100|[from] item: Leftovers
|upkeep
|turn|20
|
|t:|1758963046
|switch|p2a: Hoopa|Hoopa-Unbound|100/100
|-terastallize|p1a: Darkrai|Poison
|move|p1a: Darkrai|Psyshock|p2a: Hoopa
|-immune|p2a: Hoopa
|
|-weather|none
|-heal|p1a: Darkrai|99/100|[from] item: Leftovers
|upkeep
|turn|21
|
|t:|1758963049
|switch|p1a: Ogerpon|Ogerpon-Wellspring, F|100/100
|-damage|p1a: Ogerpon|88/100|[from] Stealth Rock
|move|p2a: Hoopa|Psychic Noise|p1a: Ogerpon
|-damage|p1a: Ogerpon|66/100
|-start|p1a: Ogerpon|move: Heal Block
|
|upkeep
|turn|22
|
|t:|1758963053
|switch|p2a: Clodsire|Clodsire, M|100/100
|move|p1a: Ogerpon|Power Whip|p2a: Clodsire
|-damage|p2a: Clodsire|52/100
|-damage|p1a: Ogerpon|50/100|[from] item: Rocky Helmet|[of] p2a: Clodsire
|
|-end|p1a: Ogerpon|move: Heal Block
|upkeep
|turn|23
|
|t:|1758963065
|move|p1a: Ogerpon|Swords Dance|p1a: Ogerpon
|-boost|p1a: Ogerpon|atk|2
|move|p2a: Clodsire|Recover|p2a: Clodsire
|-heal|p2a: Clodsire|100/100
|
|upkeep
|turn|24
|
|t:|1758963070
|switch|p2a: Cinderace|Cinderace, M|100/100
|move|p1a: Ogerpon|Power Whip|p2a: Cinderace
|-resisted|p2a: Cinderace
|-damage|p2a: Cinderace|5/100
|
|-sideend|p1: mcribs|move: Aurora Veil
|upkeep
|turn|25
|
|t:|1758963076
|switch|p1a: Gliscor|Gliscor, M|100/100 tox
|-damage|p1a: Gliscor|88/100 tox|[from] Stealth Rock
|move|p2a: Cinderace|Pyro Ball|p1a: Gliscor
|-damage|p1a: Gliscor|23/100 tox
|
|-heal|p1a: Gliscor|35/100 tox|[from] ability: Poison Heal
|upkeep
|turn|26
|
|t:|1758963082
|move|p2a: Cinderace|Pyro Ball|p1a: Gliscor
|-damage|p1a: Gliscor|0 fnt
|faint|p1a: Gliscor
|
|upkeep
|
|t:|1758963083
|switch|p1a: Darkrai|Darkrai, tera:Poison|99/100
|-damage|p1a: Darkrai|88/100|[from] Stealth Rock
|turn|27
|
|t:|1758963086
|switch|p2a: Hoopa|Hoopa-Unbound|100/100
|move|p1a: Darkrai|Dark Pulse|p2a: Hoopa
|-damage|p2a: Hoopa|83/100
|
|-heal|p1a: Darkrai|94/100|[from] item: Leftovers
|upkeep
|turn|28
|
|t:|1758963092
|move|p1a: Darkrai|Dark Pulse|p2a: Hoopa
|-damage|p2a: Hoopa|66/100
|move|p2a: Hoopa|Psychic Noise|p1a: Darkrai
|-supereffective|p1a: Darkrai
|-damage|p1a: Darkrai|0 fnt
|faint|p1a: Darkrai
|
|upkeep
|
|t:|1758963093
|switch|p1a: Ogerpon|Ogerpon-Wellspring, F|50/100
|-damage|p1a: Ogerpon|37/100|[from] Stealth Rock
|turn|29
|
|t:|1758963100
|switch|p2a: Clodsire|Clodsire, M|100/100
|move|p1a: Ogerpon|Power Whip|p2a: Clodsire
|-damage|p2a: Clodsire|49/100
|-damage|p1a: Ogerpon|21/100|[from] item: Rocky Helmet|[of] p2a: Clodsire
|
|upkeep
|turn|30
|
|t:|1758963112
|move|p1a: Ogerpon|Power Whip|p2a: Clodsire
|-damage|p2a: Clodsire|1/100
|-damage|p1a: Ogerpon|4/100|[from] item: Rocky Helmet|[of] p2a: Clodsire
|move|p2a: Clodsire|Recover|p2a: Clodsire
|-heal|p2a: Clodsire|51/100
|
|upkeep
|turn|31
|
|t:|1758963119
|move|p1a: Ogerpon|Power Whip|p2a: Clodsire
|-damage|p2a: Clodsire|2/100
|-damage|p1a: Ogerpon|0 fnt|[from] item: Rocky Helmet|[of] p2a: Clodsire
|faint|p1a: Ogerpon
|move|p2a: Clodsire|Earthquake|p1: Ogerpon|[notarget]
|-fail|p2a: Clodsire
|
|upkeep
|
|t:|1758963122
|switch|p1a: Zamazenta|Zamazenta|100/100
|-damage|p1a: Zamazenta|94/100|[from] Stealth Rock
|turn|32
|
|t:|1758963135
|switch|p2a: Clefable|Clefable, M|51/100
|move|p1a: Zamazenta|Body Press|p2a: Clefable
|-resisted|p2a: Clefable
|-damage|p2a: Clefable|39/100
|
|-heal|p1a: Zamazenta|100/100|[from] item: Leftovers
|-heal|p2a: Clefable|45/100|[from] item: Leftovers
|upkeep
|turn|33
|
|t:|1758963145
|move|p1a: Zamazenta|Heavy Slam|p2a: Clefable
|-supereffective|p2a: Clefable
|-damage|p2a: Clefable|0 fnt
|faint|p2a: Clefable
|
|upkeep
|
|t:|1758963161
|switch|p2a: Hoopa|Hoopa-Unbound|66/100
|turn|34
|
|t:|1758963163
|move|p1a: Zamazenta|Iron Defense|p1a: Zamazenta
|-boost|p1a: Zamazenta|def|2
|move|p2a: Hoopa|Psychic Noise|p1a: Zamazenta
|-supereffective|p1a: Zamazenta
|-damage|p1a: Zamazenta|40/100
|-start|p1a: Zamazenta|move: Heal Block
|
|upkeep
|turn|35
|
|t:|1758963172
|switch|p2a: Clodsire|Clodsire, M|2/100
|move|p1a: Zamazenta|Body Press|p2a: Clodsire
|-resisted|p2a: Clodsire
|-damage|p2a: Clodsire|0 fnt
|-damage|p1a: Zamazenta|23/100|[from] item: Rocky Helmet|[of] p2a: Clodsire
|faint|p2a: Clodsire
|
|-end|p1a: Zamazenta|move: Heal Block
|upkeep
|
|t:|1758963180
|switch|p2a: Dragonite|Dragonite, F, tera:Normal|100/100
|turn|36
|
|t:|1758963183
|move|p2a: Dragonite|Extreme Speed|p1a: Zamazenta
|-damage|p1a: Zamazenta|5/100
|move|p1a: Zamazenta|Body Press|p2a: Dragonite
|-supereffective|p2a: Dragonite
|-damage|p2a: Dragonite|26/100
|
|-heal|p1a: Zamazenta|12/100|[from] item: Leftovers
|upkeep
|turn|37
|
|t:|1758963188
|move|p2a: Dragonite|Extreme Speed|p1a: Zamazenta
|-damage|p1a: Zamazenta|0 fnt
|faint|p1a: Zamazenta
|
|upkeep
|
|t:|1758963190
|switch|p1a: Ninetales|Ninetales-Alola, M|21/100
|-damage|p1a: Ninetales|0 fnt|[from] Stealth Rock
|faint|p1a: Ninetales
|
|win|ADM02
|raw|mcribs's rating: 1831 &rarr; <strong>1809</strong><br />(-22 for losing)
|raw|ADM02's rating: 1793 &rarr; <strong>1815</strong><br />(+22 for winning)
|l|☆mcribs
|player|p1|
|l|☆ADM02
|player|p2|
|j| shuinifengB
|l| shuinifengB
