|j|☆Gurden
|j|☆kidoScarf122
|t:|1758992246
|gametype|singles
|player|p1|Gurden|169|1087
|player|p2|kidoScarf122|265|1081
|gen|9
|tier|[Gen 9] OU
|rated|
|rule|HP Percentage Mod: HP is shown in percentages
|rule|Endless Battle Clause: Forcing endless battles is banned
|rule|Species Clause: Limit one of each Pokémon
|rule|OHKO Clause: OHKO moves are banned
|rule|Evasion Items Clause: Evasion items are banned
|rule|Evasion Moves Clause: Evasion moves are banned
|rule|Evasion Abilities Clause: Evasion abilities are banned
|rule|Sleep Moves Clause: Sleep-inducing moves are banned
|clearpoke
|poke|p1|Hydreigon, F|
|poke|p1|Serperior, F|
|poke|p1|Tauros-Paldea-Aqua, M|
|poke|p1|Talonflame, F|
|poke|p1|Galvantula, M|
|poke|p1|Infernape, M|
|poke|p2|Infernape, M|
|poke|p2|Weezing-Galar, F|
|poke|p2|Corviknight, M|
|poke|p2|Tyranitar, F|
|poke|p2|Vaporeon, F|
|poke|p2|Dragapult, F|
|teampreview
|
|t:|1758992254
|teamsize|p1|6
|teamsize|p2|6
|start
|switch|p1a: Talonflame|Talonflame, F|100/100
|switch|p2a: Infernape|Infernape, M|100/100
|turn|1
|
|t:|1758992264
|move|p2a: Infernape|U-turn|p1a: Talonflame
|-resisted|p1a: Talonflame
|-damage|p1a: Talonflame|92/100
|
|t:|1758992267
|switch|p2a: Tyranitar|Tyranitar, F|100/100|[from] U-turn
|-weather|Sandstorm|[from] ability: Sand Stream|[of] p2a: Tyranitar
|move|p1a: Talonflame|Tailwind|p1a: Talonflame
|-sidestart|p1: Gurden|move: Tailwind
|
|-weather|Sandstorm|[upkeep]
|-damage|p1a: Talonflame|86/100|[from] Sandstorm
|upkeep
|turn|2
|
|t:|1758992278
|switch|p1a: Serperior|Serperior, F|100/100
|move|p2a: Tyranitar|Stealth Rock|p1a: Serperior
|-sidestart|p1: Gurden|move: Stealth Rock
|
|-weather|Sandstorm|[upkeep]
|-damage|p1a: Serperior|94/100|[from] Sandstorm
|upkeep
|turn|3
|
|t:|1758992287
|switch|p2a: Corviknight|Corviknight, M|100/100
|move|p1a: Serperior|Leaf Storm|p2a: Corviknight
|-resisted|p2a: Corviknight
|-damage|p2a: Corviknight|88/100
|-boost|p1a: Serperior|spa|2
|-damage|p1a: Serperior|84/100|[from] item: Life Orb
|
|-weather|Sandstorm|[upkeep]
|-damage|p1a: Serperior|78/100|[from] Sandstorm
|-heal|p2a: Corviknight|95/100|[from] item: Leftovers
|upkeep
|turn|4
|
|t:|1758992303
|-terastallize|p1a: Serperior|Stellar
|move|p1a: Serperior|Leaf Storm|p2a: Corviknight
|-resisted|p2a: Corviknight
|-damage|p2a: Corviknight|59/100
|-boost|p1a: Serperior|spa|2
|-damage|p1a: Serperior|68/100|[from] item: Life Orb
|move|p2a: Corviknight|Brave Bird|p1a: Serperior
|-supereffective|p1a: Serperior
|-damage|p1a: Serperior|0 fnt
|faint|p1a: Serperior
|-damage|p2a: Corviknight|43/100|[from] Recoil
|
|-weather|Sandstorm|[upkeep]
|-heal|p2a: Corviknight|49/100|[from] item: Leftovers
|-sideend|p1: Gurden|move: Tailwind
|upkeep
|
|t:|1758992323
|switch|p1a: Talonflame|Talonflame, F|86/100
|turn|5
|
|t:|1758992330
|switch|p2a: Tyranitar|Tyranitar, F|100/100
|move|p1a: Talonflame|Tailwind|p1a: Talonflame
|-sidestart|p1: Gurden|move: Tailwind
|
|-weather|none
|upkeep
|turn|6
|
|t:|1758992339
|move|p1a: Talonflame|Will-O-Wisp|p2a: Tyranitar
|-status|p2a: Tyranitar|brn
|move|p2a: Tyranitar|Crunch|p1a: Talonflame
|-damage|p1a: Talonflame|52/100
|
|-damage|p2a: Tyranitar|94/100 brn|[from] brn
|upkeep
|turn|7
|
|t:|1758992350
|switch|p1a: Tauros|Tauros-Paldea-Aqua, M|100/100
|-damage|p1a: Tauros|94/100|[from] Stealth Rock
|move|p2a: Tyranitar|Crunch|p1a: Tauros
|-resisted|p1a: Tauros
|-damage|p1a: Tauros|83/100
|
|-damage|p2a: Tyranitar|88/100 brn|[from] brn
|upkeep
|turn|8
|
|t:|1758992365
|switch|p2a: Weezing|Weezing-Galar, F|100/100
|move|p1a: Tauros|Trailblaze|p2a: Weezing
|-resisted|p2a: Weezing
|-damage|p2a: Weezing|95/100
|-boost|p1a: Tauros|spe|1
|
|-heal|p2a: Weezing|100/100|[from] item: Black Sludge
|-sideend|p1: Gurden|move: Tailwind
|upkeep
|turn|9
|
|t:|1758992392
|switch|p1a: Galvantula|Galvantula, M|100/100
|-damage|p1a: Galvantula|76/100|[from] Stealth Rock
|move|p2a: Weezing|Toxic|p1a: Galvantula
|-status|p1a: Galvantula|tox
|
|-damage|p1a: Galvantula|70/100 tox|[from] psn
|upkeep
|turn|10
|
|t:|1758992411
|switch|p2a: Tyranitar|Tyranitar, F|88/100 brn
|-weather|Sandstorm|[from] ability: Sand Stream|[of] p2a: Tyranitar
|move|p1a: Galvantula|Thunder|p2a: Tyranitar
|-damage|p2a: Tyranitar|47/100 brn
|
|-weather|Sandstorm|[upkeep]
|-damage|p1a: Galvantula|63/100 tox|[from] Sandstorm
|-damage|p1a: Galvantula|51/100 tox|[from] psn
|-damage|p2a: Tyranitar|41/100 brn|[from] brn
|upkeep
|turn|11
|
|t:|1758992424
|move|p1a: Galvantula|Thunder|p2a: Tyranitar
|-damage|p2a: Tyranitar|0 fnt
|faint|p2a: Tyranitar
|
|-weather|Sandstorm|[upkeep]
|-damage|p1a: Galvantula|45/100 tox|[from] Sandstorm
|-damage|p1a: Galvantula|27/100 tox|[from] psn
|upkeep
|
|t:|1758992433
|switch|p2a: Infernape|Infernape, M|100/100
|turn|12
|
|t:|1758992437
|move|p2a: Infernape|Close Combat|p1a: Galvantula
|-resisted|p1a: Galvantula
|-damage|p1a: Galvantula|0 fnt
|-unboost|p2a: Infernape|def|1
|-unboost|p2a: Infernape|spd|1
|faint|p1a: Galvantula
|
|-weather|Sandstorm|[upkeep]
|-damage|p2a: Infernape|94/100|[from] Sandstorm
|upkeep
|
|t:|1758992452
|switch|p1a: Talonflame|Talonflame, F|52/100
|turn|13
|
|t:|1758992462
|switch|p2a: Vaporeon|Vaporeon, F|100/100
|move|p1a: Talonflame|Brave Bird|p2a: Vaporeon
|-damage|p2a: Vaporeon|66/100
|-damage|p1a: Talonflame|35/100|[from] Recoil
|
|-weather|Sandstorm|[upkeep]
|-damage|p1a: Talonflame|28/100|[from] Sandstorm
|-damage|p2a: Vaporeon|60/100|[from] Sandstorm
|-heal|p2a: Vaporeon|66/100|[from] item: Leftovers
|upkeep
|turn|14
|
|t:|1758992474
|move|p1a: Talonflame|Tailwind|p1a: Talonflame
|-sidestart|p1: Gurden|move: Tailwind
|move|p2a: Vaporeon|Wish|p2a: Vaporeon
|
|-weather|none
|-heal|p2a: Vaporeon|72/100|[from] item: Leftovers
|upkeep
|turn|15
|
|t:|1758992484
|switch|p1a: Tauros|Tauros-Paldea-Aqua, M|83/100
|-damage|p1a: Tauros|76/100|[from] Stealth Rock
|move|p2a: Vaporeon|Scald|p1a: Tauros
|-resisted|p1a: Tauros
|-damage|p1a: Tauros|52/100
|-status|p1a: Tauros|brn
|
|-heal|p2a: Vaporeon|100/100|[from] move: Wish|[wisher] Vaporeon
|-damage|p1a: Tauros|46/100 brn|[from] brn
|upkeep
|turn|16
|
|t:|1758992499
|move|p1a: Tauros|Trailblaze|p2a: Vaporeon
|-supereffective|p2a: Vaporeon
|-damage|p2a: Vaporeon|89/100
|-boost|p1a: Tauros|spe|1
|move|p2a: Vaporeon|Scald|p1a: Tauros
|-resisted|p1a: Tauros
|-damage|p1a: Tauros|22/100 brn
|-enditem|p1a: Tauros|Liechi Berry|[eat]
|-boost|p1a: Tauros|atk|1|[from] item: Liechi Berry
|
|-heal|p2a: Vaporeon|95/100|[from] item: Leftovers
|-damage|p1a: Tauros|16/100 brn|[from] brn
|upkeep
|turn|17
|
|t:|1758992513
|move|p1a: Tauros|Reversal|p2a: Vaporeon
|-damage|p2a: Vaporeon|70/100
|move|p2a: Vaporeon|Scald|p1a: Tauros
|-resisted|p1a: Tauros
|-damage|p1a: Tauros|0 fnt
|faint|p1a: Tauros
|
|-heal|p2a: Vaporeon|77/100|[from] item: Leftovers
|-sideend|p1: Gurden|move: Tailwind
|upkeep
|
|t:|1758992528
|switch|p1a: Hydreigon|Hydreigon, F|100/100
|-damage|p1a: Hydreigon|88/100|[from] Stealth Rock
|turn|18
|
|t:|1758992534
|move|p1a: Hydreigon|Substitute|p1a: Hydreigon
|-start|p1a: Hydreigon|Substitute
|-damage|p1a: Hydreigon|63/100
|move|p2a: Vaporeon|Ice Beam|p1a: Hydreigon
|-supereffective|p1a: Hydreigon
|-end|p1a: Hydreigon|Substitute
|
|-heal|p2a: Vaporeon|83/100|[from] item: Leftovers
|upkeep
|turn|19
|
|t:|1758992545
|move|p1a: Hydreigon|Draco Meteor|p2a: Vaporeon
|-damage|p2a: Vaporeon|33/100
|-unboost|p1a: Hydreigon|spa|2
|move|p2a: Vaporeon|Ice Beam|p1a: Hydreigon
|-supereffective|p1a: Hydreigon
|-damage|p1a: Hydreigon|16/100
|
|-heal|p2a: Vaporeon|40/100|[from] item: Leftovers
|upkeep
|turn|20
|
|t:|1758992557
|switch|p2a: Corviknight|Corviknight, M|49/100
|move|p1a: Hydreigon|Draco Meteor|p2a: Corviknight
|-resisted|p2a: Corviknight
|-crit|p2a: Corviknight
|-damage|p2a: Corviknight|7/100
|-unboost|p1a: Hydreigon|spa|2
|
|-heal|p2a: Corviknight|13/100|[from] item: Leftovers
|upkeep
|turn|21
|
|t:|1758992569
|move|p1a: Hydreigon|Draco Meteor|p2a: Corviknight
|-resisted|p2a: Corviknight
|-damage|p2a: Corviknight|4/100
|-unboost|p1a: Hydreigon|spa|2
|move|p2a: Corviknight|Brave Bird|p1a: Hydreigon
|-damage|p1a: Hydreigon|0 fnt
|faint|p1a: Hydreigon
|-damage|p2a: Corviknight|0 fnt|[from] Recoil
|faint|p2a: Corviknight
|
|upkeep
|
|t:|1758992583
|switch|p1a: Talonflame|Talonflame, F|28/100
|switch|p2a: Dragapult|Dragapult, F|100/100
|turn|22
|
|t:|1758992590
|move|p1a: Talonflame|Tailwind|p1a: Talonflame
|-sidestart|p1: Gurden|move: Tailwind
|move|p2a: Dragapult|Thunderbolt|p1a: Talonflame
|-supereffective|p1a: Talonflame
|-damage|p1a: Talonflame|0 fnt
|faint|p1a: Talonflame
|
|upkeep
|
|t:|1758992597
|switch|p1a: Infernape|Infernape, M|100/100
|-damage|p1a: Infernape|88/100|[from] Stealth Rock
|turn|23
|
|t:|1758992605
|move|p1a: Infernape|Swords Dance|p1a: Infernape
|-boost|p1a: Infernape|atk|2
|move|p2a: Dragapult|Draco Meteor|p1a: Infernape
|-damage|p1a: Infernape|0 fnt
|-unboost|p2a: Dragapult|spa|2
|faint|p1a: Infernape
|
|win|kidoScarf122
|raw|Gurden's rating: 1087 &rarr; <strong>1064</strong><br />(-23 for losing)
|raw|kidoScarf122's rating: 1081 &rarr; <strong>1109</strong><br />(+28 for winning)
|l|☆Gurden
|player|p1|
|l|☆kidoScarf122
|player|p2|
