|j|☆Yelo_Galaxy
|j|☆niko7777777
|t:|1759044503
|gametype|singles
|player|p1|Yelo_Galaxy|169|1656
|player|p2|niko7777777|170|1681
|gen|9
|tier|[Gen 9] OU
|rated|
|rule|HP Percentage Mod: HP is shown in percentages
|rule|Endless Battle Clause: Forcing endless battles is banned
|rule|Species Clause: Limit one of each Pokémon
|rule|OHKO Clause: OHKO moves are banned
|rule|Evasion Items Clause: Evasion items are banned
|rule|Evasion Moves Clause: Evasion moves are banned
|rule|Evasion Abilities Clause: Evasion abilities are banned
|rule|Sleep Moves Clause: Sleep-inducing moves are banned
|clearpoke
|poke|p1|Torkoal, M|
|poke|p1|Hatterene, F|
|poke|p1|Raging Bolt|
|poke|p1|Slither Wing|
|poke|p1|Venusaur, F|
|poke|p1|Walking Wake|
|poke|p2|Landorus-Therian, M|
|poke|p2|Samurott-Hisui, M|
|poke|p2|Scizor, F|
|poke|p2|Latios, M|
|poke|p2|Zamazenta-*|
|poke|p2|Gholdengo|
|teampreview
|inactive|Battle timer is ON: inactive players will automatically lose when time's up. (requested by Yelo_Galaxy)
|
|t:|1759044532
|teamsize|p1|6
|teamsize|p2|6
|start
|switch|p1a: Slither Wing|Slither Wing|100/100
|switch|p2a: Latios|Latios, M|100/100
|turn|1
|
|t:|1759044554
|switch|p2a: Landorus|Landorus-Therian, M|100/100
|-ability|p2a: Landorus|Intimidate|boost
|-unboost|p1a: Slither Wing|atk|1
|move|p1a: Slither Wing|U-turn|p2a: Landorus
|-resisted|p2a: Landorus
|-damage|p2a: Landorus|86/100
|-damage|p1a: Slither Wing|84/100|[from] item: Rocky Helmet|[of] p2a: Landorus
|
|t:|1759044556
|-end|p1a: Slither Wing|Protosynthesis|[silent]
|switch|p1a: Walking Wake|Walking Wake|100/100|[from] U-turn
|
|upkeep
|turn|2
|
|t:|1759044581
|switch|p2a: Samurott|Samurott-Hisui, M|100/100
|move|p1a: Walking Wake|Flip Turn|p2a: Samurott
|-resisted|p2a: Samurott
|-damage|p2a: Samurott|91/100
|
|t:|1759044583
|-end|p1a: Walking Wake|Protosynthesis|[silent]
|switch|p1a: Slither Wing|Slither Wing|84/100|[from] Flip Turn
|
|upkeep
|turn|3
|
|t:|1759044589
|switch|p2a: Landorus|Landorus-Therian, M|86/100
|-ability|p2a: Landorus|Intimidate|boost
|-unboost|p1a: Slither Wing|atk|1
|move|p1a: Slither Wing|U-turn|p2a: Landorus
|-resisted|p2a: Landorus
|-damage|p2a: Landorus|73/100
|-damage|p1a: Slither Wing|67/100|[from] item: Rocky Helmet|[of] p2a: Landorus
|
|t:|1759044595
|-end|p1a: Slither Wing|Protosynthesis|[silent]
|switch|p1a: Walking Wake|Walking Wake|100/100|[from] U-turn
|
|upkeep
|turn|4
|inactive|niko7777777 has 120 seconds left.
|
|t:|1759044652
|move|p1a: Walking Wake|Hydro Steam|p2a: Landorus
|-supereffective|p2a: Landorus
|-damage|p2a: Landorus|0 fnt
|faint|p2a: Landorus
|
|upkeep
|
|t:|1759044655
|switch|p2a: Samurott|Samurott-Hisui, M|91/100
|turn|5
|
|t:|1759044658
|move|p1a: Walking Wake|Flip Turn|p2a: Samurott
|-resisted|p2a: Samurott
|-damage|p2a: Samurott|81/100
|
|t:|1759044660
|-end|p1a: Walking Wake|Protosynthesis|[silent]
|switch|p1a: Slither Wing|Slither Wing|67/100|[from] Flip Turn
|move|p2a: Samurott|Ceaseless Edge|p1a: Slither Wing
|-resisted|p1a: Slither Wing
|-damage|p1a: Slither Wing|34/100
|-sidestart|p1: Yelo_Galaxy|Spikes
|
|upkeep
|turn|6
|inactive|niko7777777 has 120 seconds left.
|
|t:|1759044687
|switch|p2a: Gholdengo|Gholdengo|100/100
|-item|p2a: Gholdengo|Air Balloon
|move|p1a: Slither Wing|First Impression|p2a: Gholdengo
|-resisted|p2a: Gholdengo
|-damage|p2a: Gholdengo|88/100
|-enditem|p2a: Gholdengo|Air Balloon
|
|upkeep
|turn|7
|
|t:|1759044697
|-end|p1a: Slither Wing|Protosynthesis|[silent]
|switch|p1a: Torkoal|Torkoal, M|100/100
|-damage|p1a: Torkoal|88/100|[from] Spikes
|-weather|SunnyDay|[from] ability: Drought|[of] p1a: Torkoal
|move|p2a: Gholdengo|Shadow Ball|p1a: Torkoal
|-damage|p1a: Torkoal|47/100
|
|-weather|SunnyDay|[upkeep]
|upkeep
|turn|8
|
|t:|1759044712
|switch|p2a: Samurott|Samurott-Hisui, M|81/100
|switch|p1a: Hatterene|Hatterene, F|100/100
|-item|p1a: Hatterene|Air Balloon
|
|-weather|SunnyDay|[upkeep]
|upkeep
|turn|9
|
|t:|1759044721
|move|p2a: Samurott|Ceaseless Edge|p1a: Hatterene|[miss]
|-miss|p2a: Samurott|p1a: Hatterene
|move|p1a: Hatterene|Dazzling Gleam|p2a: Samurott
|-supereffective|p2a: Samurott
|-damage|p2a: Samurott|8/100
|
|-weather|SunnyDay|[upkeep]
|upkeep
|turn|10
|
|t:|1759044725
|move|p2a: Samurott|Ceaseless Edge|p1a: Hatterene
|-damage|p1a: Hatterene|62/100
|-enditem|p1a: Hatterene|Air Balloon
|-sidestart|p1: Yelo_Galaxy|Spikes
|move|p1a: Hatterene|Dazzling Gleam|p2a: Samurott
|-supereffective|p2a: Samurott
|-damage|p2a: Samurott|0 fnt
|faint|p2a: Samurott
|
|-weather|SunnyDay|[upkeep]
|upkeep
|
|t:|1759044739
|switch|p2a: Gholdengo|Gholdengo|88/100
|turn|11
|
|t:|1759044747
|move|p2a: Gholdengo|Shadow Ball|p1a: Hatterene
|-supereffective|p1a: Hatterene
|-damage|p1a: Hatterene|0 fnt
|faint|p1a: Hatterene
|
|-weather|SunnyDay|[upkeep]
|upkeep
|
|t:|1759044749
|switch|p1a: Walking Wake|Walking Wake|100/100
|-damage|p1a: Walking Wake|84/100|[from] Spikes
|-activate|p1a: Walking Wake|ability: Protosynthesis
|-start|p1a: Walking Wake|protosynthesisspe
|turn|12
|inactive|niko7777777 has 120 seconds left.
|inactive|niko7777777 has 90 seconds left.
|
|t:|1759044794
|move|p1a: Walking Wake|Weather Ball|p2a: Gholdengo
|-supereffective|p2a: Gholdengo
|-damage|p2a: Gholdengo|0 fnt
|faint|p2a: Gholdengo
|
|-weather|SunnyDay|[upkeep]
|upkeep
|inactive|niko7777777 has 90 seconds left.
|
|t:|1759044814
|switch|p2a: Latios|Latios, M|100/100
|turn|13
|
|t:|1759044822
|-terastallize|p1a: Walking Wake|Fairy
|-terastallize|p2a: Latios|Steel
|move|p1a: Walking Wake|Weather Ball|p2a: Latios
|-supereffective|p2a: Latios
|-damage|p2a: Latios|0 fnt
|faint|p2a: Latios
|
|-weather|SunnyDay|[upkeep]
|upkeep
|
|t:|1759044830
|switch|p2a: Scizor|Scizor, F|100/100
|turn|14
|
|t:|1759044834
|move|p1a: Walking Wake|Weather Ball|p2a: Scizor
|-supereffective|p2a: Scizor
|-damage|p2a: Scizor|0 fnt
|faint|p2a: Scizor
|
|-weather|none
|-end|p1a: Walking Wake|Protosynthesis
|upkeep
|
|t:|1759044841
|switch|p2a: Zamazenta|Zamazenta|100/100
|-ability|p2a: Zamazenta|Dauntless Shield|boost
|-boost|p2a: Zamazenta|def|1
|turn|15
|
|t:|1759044844
|-end|p1a: Walking Wake|Protosynthesis|[silent]
|switch|p1a: Torkoal|Torkoal, M|47/100
|-damage|p1a: Torkoal|30/100|[from] Spikes
|-weather|SunnyDay|[from] ability: Drought|[of] p1a: Torkoal
|move|p2a: Zamazenta|Iron Defense|p2a: Zamazenta
|-boost|p2a: Zamazenta|def|2
|
|-weather|SunnyDay|[upkeep]
|upkeep
|turn|16
|
|t:|1759044846
|move|p2a: Zamazenta|Body Press|p1a: Torkoal
|-damage|p1a: Torkoal|0 fnt
|faint|p1a: Torkoal
|
|-weather|SunnyDay|[upkeep]
|upkeep
|
|t:|1759044851
|switch|p1a: Walking Wake|Walking Wake, tera:Fairy|84/100
|-damage|p1a: Walking Wake|67/100|[from] Spikes
|-activate|p1a: Walking Wake|ability: Protosynthesis
|-start|p1a: Walking Wake|protosynthesisspe
|turn|17
|
|t:|1759044855
|move|p1a: Walking Wake|Weather Ball|p2a: Zamazenta
|-damage|p2a: Zamazenta|54/100
|move|p2a: Zamazenta|Body Press|p1a: Walking Wake
|-resisted|p1a: Walking Wake
|-damage|p1a: Walking Wake|18/100
|
|-weather|SunnyDay|[upkeep]
|-heal|p2a: Zamazenta|60/100|[from] item: Leftovers
|upkeep
|turn|18
|
|t:|1759044866
|move|p1a: Walking Wake|Hydro Steam|p2a: Zamazenta
|-damage|p2a: Zamazenta|0 fnt
|faint|p2a: Zamazenta
|
|win|Yelo_Galaxy
|raw|Yelo_Galaxy's rating: 1656 &rarr; <strong>1677</strong><br />(+21 for winning)
|raw|niko7777777's rating: 1681 &rarr; <strong>1660</strong><br />(-21 for losing)
|c|☆Yelo_Galaxy|Ggwp
|c|☆niko7777777|gg
|l|☆niko7777777
|player|p2|
