|j|☆jxblaze777
|j|☆Salocin99
|t:|1758977704
|gametype|singles
|player|p1|jxblaze777|pokekid|1000
|player|p2|Salocin99|102|1057
|gen|9
|tier|[Gen 9] OU
|rated|
|rule|HP Percentage Mod: HP is shown in percentages
|rule|Endless Battle Clause: Forcing endless battles is banned
|rule|Species Clause: Limit one of each Pokémon
|rule|OHKO Clause: OHKO moves are banned
|rule|Evasion Items Clause: Evasion items are banned
|rule|Evasion Moves Clause: Evasion moves are banned
|rule|Evasion Abilities Clause: Evasion abilities are banned
|rule|Sleep Moves Clause: Sleep-inducing moves are banned
|clearpoke
|poke|p1|Deoxys-Speed|
|poke|p1|Dragonite, F|
|poke|p1|Kingambit, F|
|poke|p1|Great Tusk|
|poke|p1|Iron Moth|
|poke|p1|Primarina, M|
|poke|p2|Dusknoir, M|
|poke|p2|Ninetales-Alola, M|
|poke|p2|Zoroark, M|
|poke|p2|Hariyama, F|
|poke|p2|Haxorus, M|
|poke|p2|Mandibuzz, F|
|teampreview
|
|t:|1758977714
|teamsize|p1|6
|teamsize|p2|6
|start
|switch|p1a: Iron Moth|Iron Moth|100/100
|switch|p2a: Hariyama|Hariyama, F|100/100
|-enditem|p1a: Iron Moth|Booster Energy
|-activate|p1a: Iron Moth|ability: Quark Drive|[fromitem]
|-start|p1a: Iron Moth|quarkdrivespe
|turn|1
|
|t:|1758977759
|move|p2a: Hariyama|Fake Out|p1a: Iron Moth
|-damage|p1a: Iron Moth|79/100
|cant|p1a: Iron Moth|flinch
|
|-status|p2a: Hariyama|brn|[from] item: Flame Orb
|upkeep
|turn|2
|
|t:|1758977766
|move|p1a: Iron Moth|Fiery Dance|p2a: Hariyama
|-damage|p2a: Hariyama|56/100 brn
|move|p2a: Hariyama|Headlong Rush|p1a: Iron Moth
|-supereffective|p1a: Iron Moth
|-damage|p1a: Iron Moth|0 fnt
|-unboost|p2a: Hariyama|def|1
|-unboost|p2a: Hariyama|spd|1
|faint|p1a: Iron Moth
|-end|p1a: Iron Moth|Quark Drive|[silent]
|
|-damage|p2a: Hariyama|50/100 brn|[from] brn
|upkeep
|
|t:|1758977772
|switch|p1a: Kingambit|Kingambit, F|100/100
|-activate|p1a: Kingambit|ability: Supreme Overlord
|-start|p1a: Kingambit|fallen1|[silent]
|turn|3
|
|t:|1758977777
|move|p1a: Kingambit|Swords Dance|p1a: Kingambit
|-boost|p1a: Kingambit|atk|2
|move|p2a: Hariyama|Close Combat|p1a: Kingambit
|-supereffective|p1a: Kingambit
|-damage|p1a: Kingambit|0 fnt
|-unboost|p2a: Hariyama|def|1
|-unboost|p2a: Hariyama|spd|1
|faint|p1a: Kingambit
|-end|p1a: Kingambit|fallen1|[silent]
|
|-damage|p2a: Hariyama|44/100 brn|[from] brn
|upkeep
|
|t:|1758977780
|switch|p1a: Deoxys|Deoxys-Speed|100/100
|-ability|p1a: Deoxys|Pressure
|turn|4
|inactive|Battle timer is ON: inactive players will automatically lose when time's up. (requested by Salocin99)
|
|t:|1758977847
|switch|p2a: Dusknoir|Dusknoir, M, shiny|100/100
|-item|p1a: Deoxys|Life Orb|[from] ability: Frisk|[of] p2a: Dusknoir
|move|p1a: Deoxys|Psycho Boost|p2a: Dusknoir
|-damage|p2a: Dusknoir|47/100
|-unboost|p1a: Deoxys|spa|2
|-damage|p1a: Deoxys|91/100|[from] item: Life Orb
|
|upkeep
|turn|5
|
|t:|1758977861
|move|p1a: Deoxys|Shadow Ball|p2a: Dusknoir
|-supereffective|p2a: Dusknoir
|-damage|p2a: Dusknoir|27/100
|-damage|p1a: Deoxys|81/100|[from] item: Life Orb
|move|p2a: Dusknoir|Poltergeist|p1a: Deoxys
|-activate|p1a: Deoxys|move: Poltergeist|Life Orb
|-supereffective|p1a: Deoxys
|-damage|p1a: Deoxys|0 fnt
|faint|p1a: Deoxys
|
|upkeep
|
|t:|1758977870
|switch|p1a: Dragonite|Dragonite, F|100/100
|turn|6
|
|t:|1758977876
|switch|p2a: Mandibuzz|Mandibuzz, F, shiny|100/100
|move|p1a: Dragonite|Ice Spinner|p2a: Mandibuzz
|-supereffective|p2a: Mandibuzz
|-damage|p2a: Mandibuzz|45/100
|-damage|p1a: Dragonite|84/100|[from] item: Rocky Helmet|[of] p2a: Mandibuzz
|
|upkeep
|turn|7
|
|t:|1758977884
|move|p1a: Dragonite|Ice Spinner|p2a: Mandibuzz
|-supereffective|p2a: Mandibuzz
|-damage|p2a: Mandibuzz|0 fnt
|-damage|p1a: Dragonite|67/100|[from] item: Rocky Helmet|[of] p2a: Mandibuzz
|faint|p2a: Mandibuzz
|
|upkeep
|
|t:|1758977895
|switch|p2a: Dusknoir|Dusknoir, M, shiny|100/100
|turn|8
|
|t:|1758977901
|switch|p1a: Primarina|Primarina, M|100/100
|move|p2a: Dusknoir|Dark Pulse|p1a: Primarina
|-resisted|p1a: Primarina
|-damage|p1a: Primarina|84/100
|-damage|p2a: Dusknoir|91/100|[from] item: Life Orb
|
|upkeep
|turn|9
|
|t:|1758977910
|move|p2a: Dusknoir|Sludge Bomb|p1a: Primarina
|-supereffective|p1a: Primarina
|-damage|p1a: Primarina|35/100
|-damage|p2a: Dusknoir|81/100|[from] item: Life Orb
|move|p1a: Primarina|Moonblast|p2a: Dusknoir
|-supereffective|p2a: Dusknoir
|-damage|p2a: Dusknoir|0 fnt
|replace|p2a: Zoroark|Zoroark, M
|-end|p2a: Zoroark|Illusion
|faint|p2a: Zoroark
|
|upkeep
|
|t:|1758977918
|switch|p2a: Ninetales|Ninetales-Alola, M, shiny|100/100
|-weather|Snowscape|[from] ability: Snow Warning|[of] p2a: Ninetales
|turn|10
|
|t:|1758977928
|move|p2a: Ninetales|Freeze-Dry|p1a: Primarina
|-supereffective|p1a: Primarina
|-damage|p1a: Primarina|2/100
|-status|p1a: Primarina|frz
|-curestatus|p1a: Primarina|frz|[msg]
|move|p1a: Primarina|Moonblast|p2a: Ninetales
|-damage|p2a: Ninetales|40/100
|
|-weather|Snowscape|[upkeep]
|upkeep
|turn|11
|
|t:|1758977938
|move|p2a: Ninetales|Aurora Veil|p2a: Ninetales
|-sidestart|p2: Salocin99|move: Aurora Veil
|move|p1a: Primarina|Moonblast|p2a: Ninetales
|-damage|p2a: Ninetales|7/100
|
|-weather|Snowscape|[upkeep]
|upkeep
|turn|12
|
|t:|1758977945
|move|p2a: Ninetales|Moonblast|p1a: Primarina
|-damage|p1a: Primarina|0 fnt
|faint|p1a: Primarina
|
|-weather|Snowscape|[upkeep]
|upkeep
|
|t:|1758977950
|switch|p1a: Great Tusk|Great Tusk|100/100
|-enditem|p1a: Great Tusk|Booster Energy
|-activate|p1a: Great Tusk|ability: Protosynthesis|[fromitem]
|-start|p1a: Great Tusk|protosynthesisatk
|turn|13
|inactive|Salocin99 has 120 seconds left.
|
|t:|1758977994
|move|p2a: Ninetales|Freeze-Dry|p1a: Great Tusk
|-supereffective|p1a: Great Tusk
|-damage|p1a: Great Tusk|12/100
|move|p1a: Great Tusk|Rapid Spin|p2a: Ninetales
|-damage|p2a: Ninetales|0 fnt
|-boost|p1a: Great Tusk|spe|1
|faint|p2a: Ninetales
|
|-weather|Snowscape|[upkeep]
|upkeep
|
|t:|1758978000
|switch|p2a: Dusknoir|Dusknoir, M, shiny|27/100
|turn|14
|
|t:|1758978009
|move|p2a: Dusknoir|Shadow Sneak|p1a: Great Tusk
|-damage|p1a: Great Tusk|0 fnt
|faint|p1a: Great Tusk
|-end|p1a: Great Tusk|Protosynthesis|[silent]
|
|-weather|none
|upkeep
|
|t:|1758978012
|switch|p1a: Dragonite|Dragonite, F|67/100
|turn|15
|
|t:|1758978017
|move|p1a: Dragonite|Outrage|p2a: Dusknoir
|-damage|p2a: Dusknoir|0 fnt
|faint|p2a: Dusknoir
|
|upkeep
|
|t:|1758978022
|switch|p2a: Hariyama|Hariyama, F|44/100 brn
|turn|16
|
|t:|1758978026
|-terastallize|p2a: Hariyama|Steel
|move|p1a: Dragonite|Outrage|p2a: Hariyama|[from] lockedmove
|-resisted|p2a: Hariyama
|-damage|p2a: Hariyama|15/100 brn
|move|p2a: Hariyama|Ice Punch|p1a: Dragonite
|-supereffective|p1a: Dragonite
|-damage|p1a: Dragonite|0 fnt
|faint|p1a: Dragonite
|
|win|Salocin99
|raw|jxblaze777's rating: 1000 &rarr; <strong>1000</strong><br />(+0 for losing)
|raw|Salocin99's rating: 1087 &rarr; <strong>1107</strong><br />(+20 for winning)
