|j|☆kuraiyagare
|j|☆hamsterbackeee
|t:|1758994259
|gametype|singles
|player|p1|kuraiyagare|mars|1217
|player|p2|hamsterbackeee|harlequin|1219
|gen|9
|tier|[Gen 9] OU
|rated|
|rule|HP Percentage Mod: HP is shown in percentages
|rule|Endless Battle Clause: Forcing endless battles is banned
|rule|Species Clause: Limit one of each Pokémon
|rule|OHKO Clause: OHKO moves are banned
|rule|Evasion Items Clause: Evasion items are banned
|rule|Evasion Moves Clause: Evasion moves are banned
|rule|Evasion Abilities Clause: Evasion abilities are banned
|rule|Sleep Moves Clause: Sleep-inducing moves are banned
|clearpoke
|poke|p1|Talonflame, F|
|poke|p1|Drifblim, M|
|poke|p1|Bastiodon, M|
|poke|p1|Lokix, M|
|poke|p1|Gardevoir, M|
|poke|p1|Sudowoodo, M|
|poke|p2|Heatran, M|
|poke|p2|Rillaboom, F|
|poke|p2|Iron Crown|
|poke|p2|Iron Valiant|
|poke|p2|Primarina, F|
|poke|p2|Meowscarada, F|
|teampreview
|inactive|Battle timer is ON: inactive players will automatically lose when time's up. (requested by hamsterbackeee)
|
|t:|1758994277
|teamsize|p1|6
|teamsize|p2|6
|start
|switch|p1a: Sudowoodo|Sudowoodo, M|100/100
|switch|p2a: Heatran|Heatran, M|100/100
|turn|1
|
|t:|1758994306
|move|p2a: Heatran|Earth Power|p1a: Sudowoodo
|-supereffective|p1a: Sudowoodo
|-ability|p1a: Sudowoodo|Sturdy
|-damage|p1a: Sudowoodo|1/100
|move|p1a: Sudowoodo|Spikes|p2a: Heatran
|-sidestart|p2: hamsterbackeee|Spikes
|
|upkeep
|turn|2
|-enditem|p1a: Sudowoodo|Custap Berry|[eat]
|-activate|p1a: Sudowoodo|item: Custap Berry|[consumed]
|
|t:|1758994313
|move|p1a: Sudowoodo|Endeavor|p2a: Heatran
|-damage|p2a: Heatran|1/100
|move|p2a: Heatran|Lava Plume|p1a: Sudowoodo
|-resisted|p1a: Sudowoodo
|-damage|p1a: Sudowoodo|0 fnt
|faint|p1a: Sudowoodo
|
|-heal|p2a: Heatran|7/100|[from] item: Leftovers
|upkeep
|
|t:|1758994321
|switch|p1a: avg linux user|Lokix, M|100/100
|turn|3
|
|t:|1758994324
|move|p1a: avg linux user|Knock Off|p2a: Heatran
|-damage|p2a: Heatran|0 fnt
|-enditem|p2a: Heatran|Leftovers|[from] move: Knock Off|[of] p1a: avg linux user
|faint|p2a: Heatran
|
|upkeep
|
|t:|1758994331
|switch|p2a: Rillaboom|Rillaboom, F|100/100
|-damage|p2a: Rillaboom|88/100|[from] Spikes
|-fieldstart|move: Grassy Terrain|[from] ability: Grassy Surge|[of] p2a: Rillaboom
|turn|4
|
|t:|1758994334
|move|p1a: avg linux user|Knock Off|p2a: Rillaboom
|-damage|p2a: Rillaboom|42/100
|-enditem|p2a: Rillaboom|Choice Band|[from] move: Knock Off|[of] p1a: avg linux user
|move|p2a: Rillaboom|U-turn|p1a: avg linux user
|-supereffective|p1a: avg linux user
|-damage|p1a: avg linux user|20/100
|
|t:|1758994363
|switch|p2a: Iron Crown|Iron Crown|100/100|[from] U-turn
|-damage|p2a: Iron Crown|88/100|[from] Spikes
|-enditem|p2a: Iron Crown|Booster Energy
|-activate|p2a: Iron Crown|ability: Quark Drive|[fromitem]
|-start|p2a: Iron Crown|quarkdrivespe
|
|-heal|p2a: Iron Crown|94/100|[from] Grassy Terrain
|-heal|p1a: avg linux user|26/100|[from] Grassy Terrain
|upkeep
|turn|5
|
|t:|1758994381
|move|p1a: avg linux user|Sucker Punch||[still]
|-fail|p1a: avg linux user
|move|p2a: Iron Crown|Iron Defense|p2a: Iron Crown
|-boost|p2a: Iron Crown|def|2
|
|-heal|p2a: Iron Crown|100/100|[from] Grassy Terrain
|-heal|p1a: avg linux user|32/100|[from] Grassy Terrain
|upkeep
|turn|6
|
|t:|1758994388
|move|p2a: Iron Crown|Iron Defense|p2a: Iron Crown
|-boost|p2a: Iron Crown|def|2
|move|p1a: avg linux user|Knock Off|p2a: Iron Crown
|-supereffective|p2a: Iron Crown
|-damage|p2a: Iron Crown|83/100
|
|-heal|p2a: Iron Crown|89/100|[from] Grassy Terrain
|-heal|p1a: avg linux user|38/100|[from] Grassy Terrain
|upkeep
|turn|7
|
|t:|1758994392
|move|p2a: Iron Crown|Calm Mind|p2a: Iron Crown
|-boost|p2a: Iron Crown|spa|1
|-boost|p2a: Iron Crown|spd|1
|move|p1a: avg linux user|Axe Kick|p2a: Iron Crown
|-damage|p2a: Iron Crown|79/100
|
|-heal|p2a: Iron Crown|85/100|[from] Grassy Terrain
|-heal|p1a: avg linux user|44/100|[from] Grassy Terrain
|upkeep
|turn|8
|
|t:|1758994401
|switch|p1a: Bastiodon|Bastiodon, M|100/100
|move|p2a: Iron Crown|Calm Mind|p2a: Iron Crown
|-boost|p2a: Iron Crown|spa|1
|-boost|p2a: Iron Crown|spd|1
|
|-heal|p2a: Iron Crown|91/100|[from] Grassy Terrain
|-fieldend|move: Grassy Terrain
|upkeep
|turn|9
|
|t:|1758994409
|move|p2a: Iron Crown|Calm Mind|p2a: Iron Crown
|-boost|p2a: Iron Crown|spa|1
|-boost|p2a: Iron Crown|spd|1
|move|p1a: Bastiodon|Roar|p2a: Iron Crown
|-end|p2a: Iron Crown|Quark Drive|[silent]
|drag|p2a: Iron Valiant|Iron Valiant|100/100
|-damage|p2a: Iron Valiant|88/100|[from] Spikes
|-enditem|p2a: Iron Valiant|Booster Energy
|-activate|p2a: Iron Valiant|ability: Quark Drive|[fromitem]
|-start|p2a: Iron Valiant|quarkdrivespe
|
|upkeep
|turn|10
|
|t:|1758994414
|switch|p1a: avg linux user|Lokix, M|44/100
|move|p2a: Iron Valiant|Close Combat|p1a: avg linux user
|-damage|p1a: avg linux user|0 fnt
|-unboost|p2a: Iron Valiant|def|1
|-unboost|p2a: Iron Valiant|spd|1
|faint|p1a: avg linux user
|
|upkeep
|
|t:|1758994419
|switch|p1a: Vatra|Talonflame, F|100/100
|turn|11
|
|t:|1758994426
|-end|p2a: Iron Valiant|Quark Drive|[silent]
|switch|p2a: Iron Crown|Iron Crown|91/100
|-damage|p2a: Iron Crown|79/100|[from] Spikes
|move|p1a: Vatra|Brave Bird|p2a: Iron Crown
|-resisted|p2a: Iron Crown
|-damage|p2a: Iron Crown|62/100
|-damage|p1a: Vatra|93/100|[from] Recoil
|
|upkeep
|turn|12
|
|t:|1758994433
|move|p1a: Vatra|Flare Blitz|p2a: Iron Crown
|-supereffective|p2a: Iron Crown
|-damage|p2a: Iron Crown|0 fnt
|faint|p2a: Iron Crown
|-end|p2a: Iron Crown|Quark Drive|[silent]
|-damage|p1a: Vatra|67/100|[from] Recoil
|
|upkeep
|
|t:|1758994437
|switch|p2a: Primarina|Primarina, F|100/100
|-damage|p2a: Primarina|88/100|[from] Spikes
|turn|13
|
|t:|1758994451
|-terastallize|p1a: Vatra|Flying
|move|p1a: Vatra|Brave Bird|p2a: Primarina
|-damage|p2a: Primarina|28/100
|-damage|p1a: Vatra|46/100|[from] Recoil
|move|p2a: Primarina|Flip Turn|p1a: Vatra
|-crit|p1a: Vatra
|-damage|p1a: Vatra|11/100
|
|t:|1758994460
|switch|p2a: Rillaboom|Rillaboom, F|42/100|[from] Flip Turn
|-damage|p2a: Rillaboom|30/100|[from] Spikes
|-fieldstart|move: Grassy Terrain|[from] ability: Grassy Surge|[of] p2a: Rillaboom
|
|-heal|p2a: Rillaboom|36/100|[from] Grassy Terrain
|upkeep
|turn|14
|
|t:|1758994462
|move|p2a: Rillaboom|Grassy Glide|p1a: Vatra
|-resisted|p1a: Vatra
|-damage|p1a: Vatra|0 fnt
|faint|p1a: Vatra
|
|-heal|p2a: Rillaboom|42/100|[from] Grassy Terrain
|upkeep
|
|t:|1758994475
|switch|p1a: Bastiodon|Bastiodon, M|100/100
|turn|15
|
|t:|1758994482
|move|p2a: Rillaboom|Wood Hammer|p1a: Bastiodon
|-damage|p1a: Bastiodon|58/100
|-damage|p2a: Rillaboom|30/100|[from] Recoil
|move|p1a: Bastiodon|Stealth Rock|p2a: Rillaboom
|-sidestart|p2: hamsterbackeee|move: Stealth Rock
|
|-heal|p2a: Rillaboom|36/100|[from] Grassy Terrain
|-heal|p1a: Bastiodon|64/100|[from] Grassy Terrain
|upkeep
|turn|16
|
|t:|1758994493
|-terastallize|p2a: Rillaboom|Grass
|move|p2a: Rillaboom|Wood Hammer|p1a: Bastiodon
|-damage|p1a: Bastiodon|4/100
|-damage|p2a: Rillaboom|20/100|[from] Recoil
|move|p1a: Bastiodon|Rest|p1a: Bastiodon
|-status|p1a: Bastiodon|slp|[from] move: Rest
|-heal|p1a: Bastiodon|100/100 slp|[silent]
|-enditem|p1a: Bastiodon|Chesto Berry|[eat]
|-curestatus|p1a: Bastiodon|slp|[msg]
|
|-heal|p2a: Rillaboom|26/100|[from] Grassy Terrain
|upkeep
|turn|17
|
|t:|1758994506
|move|p2a: Rillaboom|Wood Hammer|p1a: Bastiodon
|-damage|p1a: Bastiodon|35/100
|-damage|p2a: Rillaboom|8/100|[from] Recoil
|move|p1a: Bastiodon|Roar|p2a: Rillaboom
|drag|p2a: Meowscarada|Meowscarada, F|100/100
|-damage|p2a: Meowscarada|88/100|[from] Spikes
|-damage|p2a: Meowscarada|76/100|[from] Stealth Rock
|
|-heal|p2a: Meowscarada|82/100|[from] Grassy Terrain
|-heal|p1a: Bastiodon|41/100|[from] Grassy Terrain
|-fieldend|move: Grassy Terrain
|upkeep
|turn|18
|
|t:|1758994513
|move|p2a: Meowscarada|Flower Trick|p1a: Bastiodon
|-start|p2a: Meowscarada|typechange|Grass|[from] ability: Protean
|-crit|p1a: Bastiodon
|-damage|p1a: Bastiodon|5/100
|move|p1a: Bastiodon|Roar|p2a: Meowscarada
|drag|p2a: Primarina|Primarina, F|28/100
|-damage|p2a: Primarina|16/100|[from] Spikes
|-damage|p2a: Primarina|3/100|[from] Stealth Rock
|
|upkeep
|turn|19
|
|t:|1758994520
|move|p2a: Primarina|Flip Turn|p1a: Bastiodon
|-supereffective|p1a: Bastiodon
|-damage|p1a: Bastiodon|0 fnt
|faint|p1a: Bastiodon
|
|t:|1758994529
|switch|p2a: Meowscarada|Meowscarada, F|82/100|[from] Flip Turn
|-damage|p2a: Meowscarada|70/100|[from] Spikes
|-damage|p2a: Meowscarada|57/100|[from] Stealth Rock
|
|upkeep
|
|t:|1758994537
|switch|p1a: Drifflim|Drifblim, M|100/100
|turn|20
|
|t:|1758994544
|move|p2a: Meowscarada|Knock Off|p1a: Drifflim
|-start|p2a: Meowscarada|typechange|Dark|[from] ability: Protean
|-supereffective|p1a: Drifflim
|-damage|p1a: Drifflim|0 fnt
|-enditem|p1a: Drifflim|Weakness Policy|[from] move: Knock Off|[of] p2a: Meowscarada
|faint|p1a: Drifflim
|
|upkeep
|
|t:|1758994547
|switch|p1a: Gardenia|Gardevoir, M|100/100
|-ability|p1a: Gardenia|Protean|Trace|[from] ability: Trace|[of] p2a: Meowscarada
|turn|21
|
|t:|1758994550
|move|p1a: Gardenia|Vacuum Wave|p2a: Meowscarada
|-start|p1a: Gardenia|typechange|Fighting|[from] ability: Protean
|-supereffective|p2a: Meowscarada
|-crit|p2a: Meowscarada
|-damage|p2a: Meowscarada|0 fnt
|faint|p2a: Meowscarada
|
|upkeep
|
|t:|1758994555
|switch|p2a: Iron Valiant|Iron Valiant|88/100
|-damage|p2a: Iron Valiant|76/100|[from] Spikes
|-damage|p2a: Iron Valiant|69/100|[from] Stealth Rock
|turn|22
|
|t:|1758994558
|move|p2a: Iron Valiant|Moonblast|p1a: Gardenia
|-supereffective|p1a: Gardenia
|-enditem|p1a: Gardenia|Focus Sash
|-damage|p1a: Gardenia|1/100
|-unboost|p1a: Gardenia|spa|1
|move|p1a: Gardenia|Moonblast|p2a: Iron Valiant
|-supereffective|p2a: Iron Valiant
|-damage|p2a: Iron Valiant|0 fnt
|faint|p2a: Iron Valiant
|-end|p2a: Iron Valiant|Quark Drive|[silent]
|
|upkeep
|
|t:|1758994563
|switch|p2a: Rillaboom|Rillaboom, F, tera:Grass|8/100
|-damage|p2a: Rillaboom|0 fnt|[from] Spikes
|faint|p2a: Rillaboom
|
|t:|1758994564
|switch|p2a: Primarina|Primarina, F|3/100
|-damage|p2a: Primarina|0 fnt|[from] Spikes
|faint|p2a: Primarina
|
|win|kuraiyagare
|raw|kuraiyagare's rating: 1217 &rarr; <strong>1242</strong><br />(+25 for winning)
|raw|hamsterbackeee's rating: 1219 &rarr; <strong>1194</strong><br />(-25 for losing)
|l|☆hamsterbackeee
|player|p2|
|l|☆kuraiyagare
|player|p1|
