|j|☆BrazyBray
|j|☆josecarloschibi
|t:|1758925363
|gametype|singles
|player|p1|BrazyBray|101|1135
|player|p2|josecarloschibi|proton|1155
|gen|9
|tier|[Gen 9] OU
|rated|
|rule|HP Percentage Mod: HP is shown in percentages
|rule|Endless Battle Clause: Forcing endless battles is banned
|rule|Species Clause: Limit one of each Pokémon
|rule|OHKO Clause: OHKO moves are banned
|rule|Evasion Items Clause: Evasion items are banned
|rule|Evasion Moves Clause: Evasion moves are banned
|rule|Evasion Abilities Clause: Evasion abilities are banned
|rule|Sleep Moves Clause: Sleep-inducing moves are banned
|clearpoke
|poke|p1|Indeedee, M|
|poke|p1|Hatterene, F|
|poke|p1|Iron Treads|
|poke|p1|Deoxys-Speed|
|poke|p1|Ceruledge, M|
|poke|p1|Walking Wake|
|poke|p2|Scizor, M|
|poke|p2|Dragonite, F|
|poke|p2|Great Tusk|
|poke|p2|Greninja-*, M|
|poke|p2|Raging Bolt|
|poke|p2|Armarouge, F|
|teampreview
|inactive|Battle timer is ON: inactive players will automatically lose when time's up. (requested by josecarloschibi)
|
|t:|1758925377
|teamsize|p1|6
|teamsize|p2|6
|start
|switch|p1a: Indeedee|Indeedee, M|100/100
|switch|p2a: Mamon|Great Tusk|100/100
|-fieldstart|move: Psychic Terrain|[from] ability: Psychic Surge|[of] p1a: Indeedee
|-enditem|p2a: Mamon|Booster Energy
|-activate|p2a: Mamon|ability: Protosynthesis|[fromitem]
|-start|p2a: Mamon|protosynthesisatk
|turn|1
|c|☆josecarloschibi|Gl bro
|c|☆BrazyBray|u 2 brozay
|c|☆BrazyBray|<3
|
|t:|1758925388
|switch|p1a: Hatterene|Hatterene, F|100/100
|move|p2a: Mamon|Stealth Rock|p1a: Hatterene
|move|p1a: Hatterene|Stealth Rock|p2a: Mamon|[from] ability: Magic Bounce
|-sidestart|p2: josecarloschibi|move: Stealth Rock
|
|upkeep
|turn|2
|
|t:|1758925394
|move|p2a: Mamon|Rapid Spin|p1a: Hatterene
|-damage|p1a: Hatterene|78/100
|-boost|p2a: Mamon|spe|1
|-sideend|p2: josecarloschibi|Stealth Rock|[from] move: Rapid Spin|[of] p2a: Mamon
|move|p1a: Hatterene|Psychic Noise|p2a: Mamon
|-supereffective|p2a: Mamon
|-damage|p2a: Mamon|0 fnt
|faint|p2a: Mamon
|-end|p2a: Mamon|Protosynthesis|[silent]
|
|upkeep
|
|t:|1758925403
|switch|p2a: Franco|Dragonite, F|100/100
|turn|3
|
|t:|1758925416
|move|p2a: Franco|Dragon Dance|p2a: Franco
|-boost|p2a: Franco|atk|1
|-boost|p2a: Franco|spe|1
|move|p1a: Hatterene|Nuzzle|p2a: Franco
|-damage|p2a: Franco|98/100
|-status|p2a: Franco|par
|
|upkeep
|turn|4
|
|t:|1758925424
|move|p2a: Franco|Iron Head|p1a: Hatterene
|-supereffective|p1a: Hatterene
|-damage|p1a: Hatterene|0 fnt
|faint|p1a: Hatterene
|
|upkeep
|
|t:|1758925428
|switch|p1a: Ceruledge|Ceruledge, M|100/100
|turn|5
|
|t:|1758925440
|move|p1a: Ceruledge|Swords Dance|p1a: Ceruledge
|-boost|p1a: Ceruledge|atk|2
|cant|p2a: Franco|par
|
|upkeep
|turn|6
|
|t:|1758925447
|move|p1a: Ceruledge|Swords Dance|p1a: Ceruledge
|-boost|p1a: Ceruledge|atk|2
|move|p2a: Franco|Dragon Claw|p1a: Ceruledge
|-enditem|p1a: Ceruledge|Focus Sash
|-damage|p1a: Ceruledge|1/100
|-ability|p1a: Ceruledge|Weak Armor|boost
|-unboost|p1a: Ceruledge|def|1
|-boost|p1a: Ceruledge|spe|2
|
|upkeep
|turn|7
|
|t:|1758925456
|move|p1a: Ceruledge|Poltergeist|p2a: Franco
|-activate|p2a: Franco|move: Poltergeist|Weakness Policy
|-damage|p2a: Franco|0 fnt
|faint|p2a: Franco
|
|upkeep
|
|t:|1758925469
|switch|p2a: Hayabusa|Greninja, M|100/100
|turn|8
|
|t:|1758925475
|move|p2a: Hayabusa|Water Shuriken|p1a: Ceruledge
|-activate|p1a: Ceruledge|move: Psychic Terrain
|move|p1a: Ceruledge|Close Combat|p2a: Hayabusa
|-supereffective|p2a: Hayabusa
|-damage|p2a: Hayabusa|0 fnt
|-unboost|p1a: Ceruledge|def|1
|-unboost|p1a: Ceruledge|spd|1
|faint|p2a: Hayabusa
|
|-fieldend|move: Psychic Terrain
|upkeep
|
|t:|1758925495
|switch|p2a: Fastinch|Scizor, M|100/100
|turn|9
|
|t:|1758925510
|switch|p1a: Indeedee|Indeedee, M|100/100
|-fieldstart|move: Psychic Terrain|[from] ability: Psychic Surge|[of] p1a: Indeedee
|move|p2a: Fastinch|Bullet Punch|p1a: Indeedee
|-activate|p1a: Indeedee|move: Psychic Terrain
|
|upkeep
|turn|10
|c|☆josecarloschibi|Nooo
|c|☆josecarloschibi|I forget the the terrain
|
|t:|1758925526
|move|p1a: Indeedee|Encore|p2a: Fastinch
|-start|p2a: Fastinch|Encore
|move|p2a: Fastinch|Bullet Punch|p1a: Indeedee
|-damage|p1a: Indeedee|40/100
|
|upkeep
|turn|11
|c|☆BrazyBray|bruh I since when did encore make it go through lol what
|
|t:|1758925550
|move|p2a: Fastinch|Bullet Punch|p1a: Indeedee
|-activate|p1a: Indeedee|move: Psychic Terrain
|move|p1a: Indeedee|Healing Wish|p1a: Indeedee
|faint|p1a: Indeedee
|
|upkeep
|inactive|BrazyBray has 120 seconds left.
|c|☆josecarloschibi|Idk
|c|☆josecarloschibi|I don't use encore
|c|☆BrazyBray|I swear I've done that before and it just made it fail every time lol if I lose bc of that this game is trash lmao
|
|t:|1758925580
|switch|p1a: Deoxys|Deoxys-Speed|100/100
|-ability|p1a: Deoxys|Pressure
|turn|12
|
|t:|1758925588
|-terastallize|p1a: Deoxys|Stellar
|move|p2a: Fastinch|Bullet Punch|p1a: Deoxys
|-activate|p1a: Deoxys|move: Psychic Terrain
|move|p1a: Deoxys|Superpower|p2a: Fastinch
|-damage|p2a: Fastinch|64/100
|-unboost|p1a: Deoxys|atk|1
|-unboost|p1a: Deoxys|def|1
|-damage|p1a: Deoxys|91/100|[from] item: Life Orb
|
|-end|p2a: Fastinch|Encore
|upkeep
|turn|13
|
|t:|1758925597
|move|p1a: Deoxys|Expanding Force|p2a: Fastinch
|-resisted|p2a: Fastinch
|-damage|p2a: Fastinch|20/100
|-damage|p1a: Deoxys|81/100|[from] item: Life Orb
|move|p2a: Fastinch|U-turn|p1a: Deoxys
|-supereffective|p1a: Deoxys
|-damage|p1a: Deoxys|0 fnt
|faint|p1a: Deoxys
|
|t:|1758925606
|switch|p2a: Clint|Armarouge, F|100/100|[from] U-turn
|
|upkeep
|
|t:|1758925610
|switch|p1a: Walking Wake|Walking Wake|100/100
|-enditem|p1a: Walking Wake|Booster Energy
|-activate|p1a: Walking Wake|ability: Protosynthesis|[fromitem]
|-start|p1a: Walking Wake|protosynthesisspa
|turn|14
|
|t:|1758925618
|move|p1a: Walking Wake|Hydro Steam|p2a: Clint
|-supereffective|p2a: Clint
|-damage|p2a: Clint|0 fnt
|faint|p2a: Clint
|
|upkeep
|
|t:|1758925622
|switch|p2a: Eiffel|Raging Bolt|100/100
|turn|15
|c|☆josecarloschibi|Na You win
|c|☆josecarloschibi|Gg bro
|
|t:|1758925633
|move|p1a: Walking Wake|Draco Meteor|p2a: Eiffel
|-supereffective|p2a: Eiffel
|-damage|p2a: Eiffel|21/100
|-unboost|p1a: Walking Wake|spa|2
|move|p2a: Eiffel|Dragon Pulse|p1a: Walking Wake
|-supereffective|p1a: Walking Wake
|-damage|p1a: Walking Wake|0 fnt
|faint|p1a: Walking Wake
|-end|p1a: Walking Wake|Protosynthesis|[silent]
|
|upkeep
|
|t:|1758925640
|switch|p1a: Iron Treads|Iron Treads|100/100
|-enditem|p1a: Iron Treads|Booster Energy
|-activate|p1a: Iron Treads|ability: Quark Drive|[fromitem]
|-start|p1a: Iron Treads|quarkdrivespe
|turn|16
|
|t:|1758925642
|move|p1a: Iron Treads|Earth Power|p2a: Eiffel
|-supereffective|p2a: Eiffel
|-damage|p2a: Eiffel|0 fnt
|faint|p2a: Eiffel
|-end|p2a: Eiffel|Protosynthesis|[silent]
|
|-fieldend|move: Psychic Terrain
|upkeep
|
|t:|1758925645
|switch|p2a: Fastinch|Scizor, M|20/100
|turn|17
|
|t:|1758925649
|move|p1a: Iron Treads|Earth Power|p2a: Fastinch
|-damage|p2a: Fastinch|0 fnt
|faint|p2a: Fastinch
|
|win|BrazyBray
|raw|BrazyBray's rating: 1135 &rarr; <strong>1161</strong><br />(+26 for winning)
|raw|josecarloschibi's rating: 1155 &rarr; <strong>1129</strong><br />(-26 for losing)
|c|☆BrazyBray|gg
|l|☆josecarloschibi
|player|p2|
