|j|☆shuangqi
|j|☆lullaby disk
|t:|1759036564
|gametype|singles
|player|p1|shuangqi|170|1228
|player|p2|lullaby disk|roxie-masters|1373
|gen|9
|tier|[Gen 9] OU
|rated|
|rule|HP Percentage Mod: HP is shown in percentages
|rule|Endless Battle Clause: Forcing endless battles is banned
|rule|Species Clause: Limit one of each Pokémon
|rule|OHKO Clause: OHKO moves are banned
|rule|Evasion Items Clause: Evasion items are banned
|rule|Evasion Moves Clause: Evasion moves are banned
|rule|Evasion Abilities Clause: Evasion abilities are banned
|rule|Sleep Moves Clause: Sleep-inducing moves are banned
|clearpoke
|poke|p1|Dondozo, M|
|poke|p1|Haxorus, F|
|poke|p1|Tinkaton, F|
|poke|p1|Rotom-Wash|
|poke|p1|Azumarill, M|
|poke|p1|Dragapult, F|
|poke|p2|Tyranitar, F|
|poke|p2|Excadrill, F|
|poke|p2|Ogerpon-Wellspring, F|
|poke|p2|Corviknight, F|
|poke|p2|Iron Valiant|
|poke|p2|Raging Bolt|
|teampreview
|inactive|Battle timer is ON: inactive players will automatically lose when time's up. (requested by shuangqi)
|
|t:|1759036569
|teamsize|p1|6
|teamsize|p2|6
|start
|switch|p1a: Tinkaton|Tinkaton, F|100/100
|switch|p2a: Tyranitar|Tyranitar, F|100/100
|-ability|p1a: Tinkaton|Mold Breaker
|-weather|Sandstorm|[from] ability: Sand Stream|[of] p2a: Tyranitar
|turn|1
|
|t:|1759036591
|switch|p2a: Corviknight|Corviknight, F|100/100
|-ability|p2a: Corviknight|Pressure
|move|p1a: Tinkaton|Thunder Wave|p2a: Corviknight
|-status|p2a: Corviknight|par
|
|-weather|Sandstorm|[upkeep]
|upkeep
|turn|2
|
|t:|1759036601
|move|p1a: Tinkaton|Stealth Rock|p2a: Corviknight
|-sidestart|p2: lullaby disk|move: Stealth Rock
|cant|p2a: Corviknight|par
|
|-weather|Sandstorm|[upkeep]
|upkeep
|turn|3
|
|t:|1759036605
|move|p1a: Tinkaton|Knock Off|p2a: Corviknight
|-damage|p2a: Corviknight|90/100 par
|-damage|p1a: Tinkaton|84/100|[from] item: Rocky Helmet|[of] p2a: Corviknight
|-enditem|p2a: Corviknight|Rocky Helmet|[from] move: Knock Off|[of] p1a: Tinkaton
|move|p2a: Corviknight|Defog|p1a: Tinkaton
|-unboost|p1a: Tinkaton|evasion|1
|-sideend|p2: lullaby disk|Stealth Rock|[from] move: Defog|[of] p2a: Corviknight
|
|-weather|Sandstorm|[upkeep]
|-heal|p1a: Tinkaton|90/100|[from] item: Leftovers
|upkeep
|turn|4
|
|t:|1759036612
|move|p1a: Tinkaton|Encore|p2a: Corviknight
|-start|p2a: Corviknight|Encore
|move|p2a: Corviknight|Defog|p1a: Tinkaton
|-unboost|p1a: Tinkaton|evasion|1
|
|-weather|Sandstorm|[upkeep]
|-heal|p1a: Tinkaton|96/100|[from] item: Leftovers
|upkeep
|turn|5
|
|t:|1759036616
|move|p1a: Tinkaton|Stealth Rock|p2a: Corviknight
|-sidestart|p2: lullaby disk|move: Stealth Rock
|move|p2a: Corviknight|Defog|p1a: Tinkaton
|-unboost|p1a: Tinkaton|evasion|1
|-sideend|p2: lullaby disk|Stealth Rock|[from] move: Defog|[of] p2a: Corviknight
|
|-weather|Sandstorm|[upkeep]
|-heal|p1a: Tinkaton|100/100|[from] item: Leftovers
|upkeep
|turn|6
|
|t:|1759036626
|switch|p2a: Iron Valiant|Iron Valiant|100/100
|-enditem|p2a: Iron Valiant|Booster Energy
|-activate|p2a: Iron Valiant|ability: Quark Drive|[fromitem]
|-start|p2a: Iron Valiant|quarkdrivespe
|move|p1a: Tinkaton|Knock Off|p2a: Iron Valiant
|-resisted|p2a: Iron Valiant
|-damage|p2a: Iron Valiant|97/100
|
|-weather|Sandstorm|[upkeep]
|-damage|p2a: Iron Valiant|91/100|[from] Sandstorm
|upkeep
|turn|7
|
|t:|1759036636
|move|p2a: Iron Valiant|Encore|p1a: Tinkaton
|-start|p1a: Tinkaton|Encore
|move|p1a: Tinkaton|Knock Off|p2a: Iron Valiant
|-resisted|p2a: Iron Valiant
|-damage|p2a: Iron Valiant|87/100
|
|-weather|Sandstorm|[upkeep]
|-damage|p2a: Iron Valiant|81/100|[from] Sandstorm
|upkeep
|turn|8
|
|t:|1759036649
|switch|p1a: Azumarill|Azumarill, M|100/100
|move|p2a: Iron Valiant|Close Combat|p1a: Azumarill
|-resisted|p1a: Azumarill
|-damage|p1a: Azumarill|75/100
|-unboost|p2a: Iron Valiant|def|1
|-unboost|p2a: Iron Valiant|spd|1
|
|-weather|none
|upkeep
|turn|9
|
|t:|1759036656
|-end|p2a: Iron Valiant|Quark Drive|[silent]
|switch|p2a: Corviknight|Corviknight, F|90/100 par
|-ability|p2a: Corviknight|Pressure
|move|p1a: Azumarill|Play Rough|p2a: Corviknight|[miss]
|-miss|p1a: Azumarill|p2a: Corviknight
|
|upkeep
|turn|10
|
|t:|1759036663
|move|p1a: Azumarill|Belly Drum|p1a: Azumarill
|-damage|p1a: Azumarill|25/100
|-setboost|p1a: Azumarill|atk|6|[from] move: Belly Drum
|-enditem|p1a: Azumarill|Sitrus Berry|[eat]
|-heal|p1a: Azumarill|50/100|[from] item: Sitrus Berry
|move|p2a: Corviknight|U-turn|p1a: Azumarill
|-resisted|p1a: Azumarill
|-damage|p1a: Azumarill|43/100
|
|t:|1759036671
|switch|p2a: Ogerpon|Ogerpon-Wellspring, F|100/100|[from] U-turn
|
|upkeep
|turn|11
|inactive|lullaby disk has 120 seconds left.
|
|t:|1759036710
|move|p2a: Ogerpon|Power Whip|p1a: Azumarill
|-supereffective|p1a: Azumarill
|-damage|p1a: Azumarill|0 fnt
|faint|p1a: Azumarill
|
|upkeep
|
|t:|1759036716
|switch|p1a: Tinkaton|Tinkaton, F|100/100
|-ability|p1a: Tinkaton|Mold Breaker
|turn|12
|
|t:|1759036721
|move|p2a: Ogerpon|U-turn|p1a: Tinkaton
|-resisted|p1a: Tinkaton
|-damage|p1a: Tinkaton|95/100
|
|t:|1759036725
|switch|p2a: Corviknight|Corviknight, F|90/100 par|[from] U-turn
|-ability|p2a: Corviknight|Pressure
|move|p1a: Tinkaton|Stealth Rock|p2a: Corviknight
|-sidestart|p2: lullaby disk|move: Stealth Rock
|
|-heal|p1a: Tinkaton|100/100|[from] item: Leftovers
|upkeep
|turn|13
|
|t:|1759036730
|switch|p1a: Haxorus|Haxorus, F|100/100
|-ability|p1a: Haxorus|Mold Breaker
|move|p2a: Corviknight|Defog|p1a: Haxorus
|-unboost|p1a: Haxorus|evasion|1
|-sideend|p2: lullaby disk|Stealth Rock|[from] move: Defog|[of] p2a: Corviknight
|
|upkeep
|turn|14
|
|t:|1759036738
|move|p1a: Haxorus|Substitute|p1a: Haxorus
|-start|p1a: Haxorus|Substitute
|-damage|p1a: Haxorus|76/100
|move|p2a: Corviknight|Body Press|p1a: Haxorus
|-end|p1a: Haxorus|Substitute
|
|upkeep
|turn|15
|
|t:|1759036741
|move|p1a: Haxorus|Earthquake|p2a: Corviknight
|-immune|p2a: Corviknight
|cant|p2a: Corviknight|par
|
|upkeep
|turn|16
|
|t:|1759036746
|move|p1a: Haxorus|Substitute|p1a: Haxorus
|-start|p1a: Haxorus|Substitute
|-damage|p1a: Haxorus|51/100
|move|p2a: Corviknight|Body Press|p1a: Haxorus
|-end|p1a: Haxorus|Substitute
|
|upkeep
|turn|17
|
|t:|1759036749
|move|p1a: Haxorus|Dragon Dance|p1a: Haxorus
|-boost|p1a: Haxorus|atk|1
|-boost|p1a: Haxorus|spe|1
|cant|p2a: Corviknight|par
|
|upkeep
|turn|18
|
|t:|1759036759
|move|p1a: Haxorus|Dragon Dance|p1a: Haxorus
|-boost|p1a: Haxorus|atk|1
|-boost|p1a: Haxorus|spe|1
|move|p2a: Corviknight|Body Press|p1a: Haxorus
|-damage|p1a: Haxorus|15/100
|
|upkeep
|turn|19
|
|t:|1759036766
|move|p1a: Haxorus|Outrage|p2a: Corviknight
|-resisted|p2a: Corviknight
|-damage|p2a: Corviknight|50/100 par
|move|p2a: Corviknight|Body Press|p1a: Haxorus
|-crit|p1a: Haxorus
|-damage|p1a: Haxorus|0 fnt
|faint|p1a: Haxorus
|
|upkeep
|
|t:|1759036773
|switch|p1a: Dragapult|Dragapult, F|100/100
|turn|20
|
|t:|1759036776
|move|p1a: Dragapult|Shadow Ball|p2a: Corviknight
|-damage|p2a: Corviknight|4/100 par
|move|p2a: Corviknight|Roost|p2a: Corviknight
|-heal|p2a: Corviknight|54/100 par
|-singleturn|p2a: Corviknight|move: Roost
|
|upkeep
|turn|21
|
|t:|1759036782
|move|p1a: Dragapult|Shadow Ball|p2a: Corviknight
|-damage|p2a: Corviknight|0 fnt
|faint|p2a: Corviknight
|
|upkeep
|
|t:|1759036787
|switch|p2a: Tyranitar|Tyranitar, F|100/100
|-weather|Sandstorm|[from] ability: Sand Stream|[of] p2a: Tyranitar
|turn|22
|
|t:|1759036791
|switch|p1a: Dondozo|Dondozo, M|100/100
|move|p2a: Tyranitar|Thunder Wave|p1a: Dondozo
|-status|p1a: Dondozo|par
|
|-weather|Sandstorm|[upkeep]
|-damage|p1a: Dondozo|94/100 par|[from] Sandstorm
|-heal|p1a: Dondozo|100/100 par|[from] item: Leftovers
|upkeep
|turn|23
|
|t:|1759036802
|switch|p2a: Raging Bolt|Raging Bolt|100/100
|switch|p1a: Dragapult|Dragapult, F|100/100
|
|-weather|Sandstorm|[upkeep]
|-damage|p1a: Dragapult|95/100|[from] Sandstorm
|-damage|p2a: Raging Bolt|94/100|[from] Sandstorm
|upkeep
|turn|24
|
|t:|1759036813
|-terastallize|p2a: Raging Bolt|Fairy
|move|p1a: Dragapult|Flamethrower|p2a: Raging Bolt
|-damage|p2a: Raging Bolt|57/100
|move|p2a: Raging Bolt|Draco Meteor|p1a: Dragapult
|-supereffective|p1a: Dragapult
|-damage|p1a: Dragapult|0 fnt
|-unboost|p2a: Raging Bolt|spa|2
|faint|p1a: Dragapult
|
|-weather|Sandstorm|[upkeep]
|-damage|p2a: Raging Bolt|50/100|[from] Sandstorm
|upkeep
|
|t:|1759036823
|switch|p1a: Tinkaton|Tinkaton, F|100/100
|-ability|p1a: Tinkaton|Mold Breaker
|turn|25
|
|t:|1759036838
|-end|p2a: Raging Bolt|Protosynthesis|[silent]
|switch|p2a: Tyranitar|Tyranitar, F|100/100
|switch|p1a: Rotom|Rotom-Wash|100/100
|
|-weather|Sandstorm|[upkeep]
|-damage|p1a: Rotom|94/100|[from] Sandstorm
|-heal|p1a: Rotom|100/100|[from] item: Leftovers
|upkeep
|turn|26
|
|t:|1759036844
|switch|p2a: Ogerpon|Ogerpon-Wellspring, F|100/100
|move|p1a: Rotom|Hydro Pump|p2a: Ogerpon
|-immune|p2a: Ogerpon|[from] ability: Water Absorb
|
|-weather|Sandstorm|[upkeep]
|-damage|p2a: Ogerpon|95/100|[from] Sandstorm
|-damage|p1a: Rotom|94/100|[from] Sandstorm
|-heal|p1a: Rotom|100/100|[from] item: Leftovers
|upkeep
|turn|27
|
|t:|1759036852
|-terastallize|p1a: Rotom|Steel
|move|p2a: Ogerpon|Power Whip|p1a: Rotom
|-resisted|p1a: Rotom
|-damage|p1a: Rotom|60/100
|move|p1a: Rotom|Will-O-Wisp|p2a: Ogerpon
|-status|p2a: Ogerpon|brn
|
|-weather|Sandstorm|[upkeep]
|-damage|p2a: Ogerpon|89/100 brn|[from] Sandstorm
|-heal|p1a: Rotom|66/100|[from] item: Leftovers
|-damage|p2a: Ogerpon|83/100 brn|[from] brn
|upkeep
|turn|28
|
|t:|1759036860
|move|p2a: Ogerpon|U-turn|p1a: Rotom
|-resisted|p1a: Rotom
|-damage|p1a: Rotom|58/100
|
|t:|1759036863
|switch|p2a: Excadrill|Excadrill, F|100/100|[from] U-turn
|move|p1a: Rotom|Hex|p2a: Excadrill
|-damage|p2a: Excadrill|80/100
|
|-weather|Sandstorm|[upkeep]
|-heal|p1a: Rotom|65/100|[from] item: Leftovers
|upkeep
|turn|29
|inactive|lullaby disk has 120 seconds left.
|
|t:|1759036896
|switch|p2a: Raging Bolt|Raging Bolt, tera:Fairy|50/100
|move|p1a: Rotom|Will-O-Wisp|p2a: Raging Bolt|[miss]
|-miss|p1a: Rotom|p2a: Raging Bolt
|
|-weather|none
|-heal|p1a: Rotom|71/100|[from] item: Leftovers
|upkeep
|turn|30
|
|t:|1759036902
|move|p2a: Raging Bolt|Thunderbolt|p1a: Rotom
|-damage|p1a: Rotom|14/100
|move|p1a: Rotom|Will-O-Wisp|p2a: Raging Bolt
|-status|p2a: Raging Bolt|brn
|
|-heal|p1a: Rotom|20/100|[from] item: Leftovers
|-damage|p2a: Raging Bolt|44/100 brn|[from] brn
|upkeep
|turn|31
|
|t:|1759036905
|move|p2a: Raging Bolt|Thunderbolt|p1a: Rotom
|-damage|p1a: Rotom|0 fnt
|faint|p1a: Rotom
|
|-damage|p2a: Raging Bolt|38/100 brn|[from] brn
|upkeep
|
|t:|1759036910
|switch|p1a: Tinkaton|Tinkaton, F|100/100
|-ability|p1a: Tinkaton|Mold Breaker
|turn|32
|
|t:|1759036915
|move|p2a: Raging Bolt|Thunderbolt|p1a: Tinkaton
|-damage|p1a: Tinkaton|37/100
|move|p1a: Tinkaton|Stealth Rock|p2a: Raging Bolt
|-sidestart|p2: lullaby disk|move: Stealth Rock
|
|-heal|p1a: Tinkaton|43/100|[from] item: Leftovers
|-damage|p2a: Raging Bolt|32/100 brn|[from] brn
|upkeep
|turn|33
|
|t:|1759036918
|move|p2a: Raging Bolt|Thunderbolt|p1a: Tinkaton
|-damage|p1a: Tinkaton|0 fnt
|faint|p1a: Tinkaton
|
|-damage|p2a: Raging Bolt|26/100 brn|[from] brn
|upkeep
|
|t:|1759036920
|switch|p1a: Dondozo|Dondozo, M|100/100 par
|turn|34
|
|t:|1759036921
|move|p2a: Raging Bolt|Thunderbolt|p1a: Dondozo
|-supereffective|p1a: Dondozo
|-damage|p1a: Dondozo|0 fnt
|faint|p1a: Dondozo
|
|win|lullaby disk
|raw|shuangqi's rating: 1228 &rarr; <strong>1213</strong><br />(-15 for losing)
|raw|lullaby disk's rating: 1373 &rarr; <strong>1385</strong><br />(+12 for winning)
|l|☆shuangqi
|player|p1|
|l|☆lullaby disk
|player|p2|
