|badge|p2|silver|gen9ou|30-6
|html|<div class="broadcast-red"><strong>This battle is required to be public due to one or more player having a season medal.</strong><br />During the public phase, you can discuss the state of the ladder <a href="/seasondiscussion">in a special chatroom.</a></div>
|uhtml|medal-msg|<div class="broadcast-blue">Curious what those medals under the avatar are? PS now has Ladder Seasons! For more information, check out the <a href="https://www.smogon.com/forums/threads/3740067/">thread on Smogon.</a></div>
|raw|<div class="broadcast-blue"><strong>This battle is required to be public due to a player having a name starting with 'medal'.</div>
|j|☆World_8924
|j|☆OUWW Miguel o Hara
|t:|1759040399
|gametype|singles
|player|p1|World_8924|veteran|1706
|player|p2|OUWW Miguel o Hara|giovanni|1956
|gen|9
|tier|[Gen 9] OU
|rated|
|rule|HP Percentage Mod: HP is shown in percentages
|rule|Endless Battle Clause: Forcing endless battles is banned
|rule|Species Clause: Limit one of each Pokémon
|rule|OHKO Clause: OHKO moves are banned
|rule|Evasion Items Clause: Evasion items are banned
|rule|Evasion Moves Clause: Evasion moves are banned
|rule|Evasion Abilities Clause: Evasion abilities are banned
|rule|Sleep Moves Clause: Sleep-inducing moves are banned
|clearpoke
|poke|p1|Araquanid, M|
|poke|p1|Iron Boulder|
|poke|p1|Gholdengo|
|poke|p1|Great Tusk|
|poke|p1|Enamorus, F|
|poke|p1|Darkrai|
|poke|p2|Clefable, M|
|poke|p2|Iron Moth|
|poke|p2|Gliscor, F|
|poke|p2|Blissey, F|
|poke|p2|Zamazenta-*|
|poke|p2|Dragapult, F|
|teampreview
|inactive|Battle timer is ON: inactive players will automatically lose when time's up. (requested by OUWW Miguel o Hara)
|
|t:|1759040416
|teamsize|p1|6
|teamsize|p2|6
|start
|switch|p1a: Araquanid|Araquanid, M|100/100
|switch|p2a: Zamazenta|Zamazenta|100/100
|-ability|p2a: Zamazenta|Dauntless Shield|boost
|-boost|p2a: Zamazenta|def|1
|turn|1
|
|t:|1759040419
|move|p2a: Zamazenta|Body Press|p1a: Araquanid
|-resisted|p1a: Araquanid
|-damage|p1a: Araquanid|69/100
|-enditem|p1a: Araquanid|Red Card|[of] p2a: Zamazenta
|drag|p2a: Iron Moth|Iron Moth|100/100
|move|p1a: Araquanid|Sticky Web|p2a: Iron Moth
|-sidestart|p2: OUWW Miguel o Hara|move: Sticky Web
|
|upkeep
|turn|2
|
|t:|1759040423
|-end|p2a: Iron Moth|Quark Drive|[silent]
|switch|p2a: Zamazenta|Zamazenta|100/100
|-activate|p2a: Zamazenta|move: Sticky Web
|-unboost|p2a: Zamazenta|spe|1
|move|p1a: Araquanid|Surf|p2a: Zamazenta
|-damage|p2a: Zamazenta|50/100
|
|-heal|p2a: Zamazenta|56/100|[from] item: Leftovers
|upkeep
|turn|3
|
|t:|1759040431
|switch|p2a: Blissey|Blissey, F|100/100
|move|p1a: Araquanid|Reflect|p1a: Araquanid
|-sidestart|p1: World_8924|Reflect
|
|upkeep
|turn|4
|
|t:|1759040444
|switch|p1a: Great Tusk|Great Tusk, shiny|100/100
|move|p2a: Blissey|Stealth Rock|p1a: Great Tusk
|-sidestart|p1: World_8924|move: Stealth Rock
|
|upkeep
|turn|5
|
|t:|1759040450
|move|p1a: Great Tusk|Close Combat|p2a: Blissey
|-supereffective|p2a: Blissey
|-damage|p2a: Blissey|0 fnt
|-unboost|p1a: Great Tusk|def|1
|-unboost|p1a: Great Tusk|spd|1
|faint|p2a: Blissey
|
|upkeep
|
|t:|1759040457
|switch|p2a: Dragapult|Dragapult, F|100/100
|turn|6
|
|t:|1759040468
|-end|p1a: Great Tusk|Protosynthesis|[silent]
|switch|p1a: Araquanid|Araquanid, M|69/100
|-damage|p1a: Araquanid|44/100|[from] Stealth Rock
|move|p2a: Dragapult|Substitute|p2a: Dragapult
|-start|p2a: Dragapult|Substitute
|-damage|p2a: Dragapult|76/100
|
|upkeep
|turn|7
|
|t:|1759040473
|move|p2a: Dragapult|Dragon Darts|p1a: Araquanid
|-damage|p1a: Araquanid|23/100
|-anim|p2a: Dragapult|Dragon Darts|p1a: Araquanid
|-damage|p1a: Araquanid|2/100
|move|p1a: Araquanid|Surf|p2a: Dragapult
|-resisted|p2a: Dragapult
|-end|p2a: Dragapult|Substitute
|
|-sideend|p1: World_8924|Reflect
|upkeep
|turn|8
|
|t:|1759040479
|move|p2a: Dragapult|Dragon Darts|p1a: Araquanid
|-damage|p1a: Araquanid|0 fnt
|faint|p1a: Araquanid
|
|upkeep
|
|t:|1759040484
|switch|p1a: Enamorus|Enamorus, F|100/100
|-damage|p1a: Enamorus|76/100|[from] Stealth Rock
|turn|9
|
|t:|1759040494
|switch|p2a: Iron Moth|Iron Moth|100/100
|move|p1a: Enamorus|Moonblast|p2a: Iron Moth
|-resisted|p2a: Iron Moth
|-damage|p2a: Iron Moth|87/100
|
|-heal|p1a: Enamorus|82/100|[from] item: Leftovers
|upkeep
|turn|10
|
|t:|1759040502
|switch|p1a: Iron Boulder|Iron Boulder|100/100
|move|p2a: Iron Moth|Sludge Wave|p1a: Iron Boulder
|-resisted|p1a: Iron Boulder
|-damage|p1a: Iron Boulder|72/100
|
|upkeep
|turn|11
|
|t:|1759040507
|-end|p2a: Iron Moth|Quark Drive|[silent]
|switch|p2a: Gliscor|Gliscor, F|100/100
|move|p1a: Iron Boulder|Swords Dance|p1a: Iron Boulder
|-boost|p1a: Iron Boulder|atk|2
|
|-status|p2a: Gliscor|tox|[from] item: Toxic Orb
|upkeep
|turn|12
|
|t:|1759040512
|move|p1a: Iron Boulder|Mighty Cleave|p2a: Gliscor
|-damage|p2a: Gliscor|28/100 tox
|move|p2a: Gliscor|Toxic|p1a: Iron Boulder|[miss]
|-miss|p2a: Gliscor|p1a: Iron Boulder
|
|-heal|p2a: Gliscor|40/100 tox|[from] ability: Poison Heal
|upkeep
|turn|13
|
|t:|1759040521
|move|p1a: Iron Boulder|Mighty Cleave|p2a: Gliscor
|-damage|p2a: Gliscor|0 fnt
|faint|p2a: Gliscor
|
|upkeep
|
|t:|1759040532
|switch|p2a: Dragapult|Dragapult, F|76/100
|turn|14
|
|t:|1759040540
|-end|p1a: Iron Boulder|Quark Drive|[silent]
|switch|p1a: Great Tusk|Great Tusk, shiny|100/100
|move|p2a: Dragapult|Will-O-Wisp|p1a: Great Tusk
|-status|p1a: Great Tusk|brn
|
|-damage|p1a: Great Tusk|94/100 brn|[from] brn
|upkeep
|turn|15
|
|t:|1759040545
|move|p2a: Dragapult|Hex|p1a: Great Tusk
|-damage|p1a: Great Tusk|9/100 brn
|move|p1a: Great Tusk|Ice Spinner|p2a: Dragapult
|-supereffective|p2a: Dragapult
|-damage|p2a: Dragapult|32/100
|
|-damage|p1a: Great Tusk|3/100 brn|[from] brn
|upkeep
|turn|16
|
|t:|1759040549
|move|p2a: Dragapult|Hex|p1a: Great Tusk
|-damage|p1a: Great Tusk|0 fnt
|faint|p1a: Great Tusk
|-end|p1a: Great Tusk|Protosynthesis|[silent]
|
|upkeep
|
|t:|1759040551
|switch|p1a: Darkrai|Darkrai, shiny|100/100
|-damage|p1a: Darkrai|88/100|[from] Stealth Rock
|turn|17
|
|t:|1759040555
|move|p2a: Dragapult|Dragon Darts|p1a: Darkrai
|-damage|p1a: Darkrai|63/100
|-anim|p2a: Dragapult|Dragon Darts|p1a: Darkrai
|-damage|p1a: Darkrai|38/100
|move|p1a: Darkrai|Knock Off|p2a: Dragapult
|-supereffective|p2a: Dragapult
|-crit|p2a: Dragapult
|-damage|p2a: Dragapult|0 fnt
|-enditem|p2a: Dragapult|Heavy-Duty Boots|[from] move: Knock Off|[of] p1a: Darkrai
|faint|p2a: Dragapult
|
|upkeep
|
|t:|1759040567
|switch|p2a: Iron Moth|Iron Moth|87/100
|turn|18
|j| amefurikoneko
|
|t:|1759040572
|move|p1a: Darkrai|Knock Off|p2a: Iron Moth
|-damage|p2a: Iron Moth|24/100
|-enditem|p2a: Iron Moth|Heavy-Duty Boots|[from] move: Knock Off|[of] p1a: Darkrai
|move|p2a: Iron Moth|Fiery Dance|p1a: Darkrai
|-damage|p1a: Darkrai|0 fnt
|faint|p1a: Darkrai
|
|upkeep
|
|t:|1759040579
|switch|p1a: Iron Boulder|Iron Boulder|72/100
|turn|19
|
|t:|1759040583
|move|p1a: Iron Boulder|Mighty Cleave|p2a: Iron Moth
|-supereffective|p2a: Iron Moth
|-damage|p2a: Iron Moth|0 fnt
|faint|p2a: Iron Moth
|-end|p2a: Iron Moth|Quark Drive|[silent]
|
|upkeep
|
|t:|1759040585
|switch|p2a: Clefable|Clefable, M|100/100
|turn|20
|
|t:|1759040591
|-end|p1a: Iron Boulder|Quark Drive|[silent]
|switch|p1a: Gholdengo|Gholdengo, shiny|100/100
|-damage|p1a: Gholdengo|94/100|[from] Stealth Rock
|-item|p1a: Gholdengo|Air Balloon
|move|p2a: Clefable|Cosmic Power|p2a: Clefable
|-boost|p2a: Clefable|def|1
|-boost|p2a: Clefable|spd|1
|
|upkeep
|turn|21
|
|t:|1759040598
|-terastallize|p2a: Clefable|Steel
|move|p1a: Gholdengo|Thunder Wave|p2a: Clefable
|-status|p2a: Clefable|par
|move|p2a: Clefable|Cosmic Power|p2a: Clefable
|-boost|p2a: Clefable|def|1
|-boost|p2a: Clefable|spd|1
|
|upkeep
|turn|22
|
|t:|1759040605
|switch|p1a: Iron Boulder|Iron Boulder|72/100
|cant|p2a: Clefable|par
|
|upkeep
|turn|23
|
|t:|1759040614
|-terastallize|p1a: Iron Boulder|Fighting
|move|p1a: Iron Boulder|Close Combat|p2a: Clefable
|-supereffective|p2a: Clefable
|-damage|p2a: Clefable|55/100 par
|-unboost|p1a: Iron Boulder|def|1
|-unboost|p1a: Iron Boulder|spd|1
|move|p2a: Clefable|Moonblast|p1a: Iron Boulder
|-supereffective|p1a: Iron Boulder
|-damage|p1a: Iron Boulder|16/100
|
|upkeep
|turn|24
|-message|OUWW Miguel o Hara forfeited.
|
|win|World_8924
|raw|World_8924's rating: 1706 &rarr; <strong>1738</strong><br />(+32 for winning)
|raw|OUWW Miguel o Hara's rating: 1956 &rarr; <strong>1924</strong><br />(-32 for losing)
|l|☆OUWW Miguel o Hara
|player|p2|
|l|☆World_8924
|player|p1|
|l| amefurikoneko
