|j|☆xcPurple
|j|☆ANdrol2
|t:|1758983021
|gametype|singles
|player|p1|xcPurple|rosa|1393
|player|p2|ANdrol2|102|1396
|gen|9
|tier|[Gen 9] OU
|rated|
|rule|HP Percentage Mod: HP is shown in percentages
|rule|Endless Battle Clause: Forcing endless battles is banned
|rule|Species Clause: Limit one of each Pokémon
|rule|OHKO Clause: OHKO moves are banned
|rule|Evasion Items Clause: Evasion items are banned
|rule|Evasion Moves Clause: Evasion moves are banned
|rule|Evasion Abilities Clause: Evasion abilities are banned
|rule|Sleep Moves Clause: Sleep-inducing moves are banned
|clearpoke
|poke|p1|Galvantula, F|
|poke|p1|Gholdengo|
|poke|p1|Ting-Lu|
|poke|p1|Great Tusk|
|poke|p1|Dragapult, F|
|poke|p1|Ogerpon-Cornerstone, F|
|poke|p2|Gholdengo|
|poke|p2|Ceruledge, F|
|poke|p2|Enamorus, F|
|poke|p2|Ribombee, M|
|poke|p2|Quaquaval, F|
|poke|p2|Iron Treads|
|teampreview
|inactive|Battle timer is ON: inactive players will automatically lose when time's up. (requested by xcPurple)
|inactive|xcPurple has 120 seconds left.
|
|t:|1758983062
|teamsize|p1|6
|teamsize|p2|6
|start
|switch|p1a: Galvantula|Galvantula, F|100/100
|switch|p2a: Rabimbam|Ribombee, M, shiny|100/100
|turn|1
|
|t:|1758983069
|move|p2a: Rabimbam|Sticky Web|p1a: Galvantula
|-sidestart|p1: xcPurple|move: Sticky Web
|move|p1a: Galvantula|Sticky Web|p2a: Rabimbam
|-sidestart|p2: ANdrol2|move: Sticky Web
|
|upkeep
|turn|2
|inactive|xcPurple has 120 seconds left.
|
|t:|1758983104
|switch|p2a: Fidget Spinner|Iron Treads|100/100
|-activate|p2a: Fidget Spinner|move: Sticky Web
|-unboost|p2a: Fidget Spinner|spe|1
|-enditem|p2a: Fidget Spinner|Booster Energy
|-activate|p2a: Fidget Spinner|ability: Quark Drive|[fromitem]
|-start|p2a: Fidget Spinner|quarkdriveatk
|switch|p1a: Great Tusk|Great Tusk, shiny|100/100
|-activate|p1a: Great Tusk|move: Sticky Web
|-unboost|p1a: Great Tusk|spe|1
|
|upkeep
|turn|3
|inactive|xcPurple has 120 seconds left.
|inactive|ANdrol2 has 120 seconds left.
|
|t:|1758983127
|move|p1a: Great Tusk|Headlong Rush|p2a: Fidget Spinner
|-supereffective|p2a: Fidget Spinner
|-damage|p2a: Fidget Spinner|8/100
|-unboost|p1a: Great Tusk|def|1
|-unboost|p1a: Great Tusk|spd|1
|move|p2a: Fidget Spinner|Ice Spinner|p1a: Great Tusk
|-supereffective|p1a: Great Tusk
|-damage|p1a: Great Tusk|17/100
|
|upkeep
|turn|4
|inactive|xcPurple has 120 seconds left.
|inactive|ANdrol2 has 120 seconds left.
|
|t:|1758983151
|-end|p2a: Fidget Spinner|Quark Drive|[silent]
|switch|p2a: Tsaruladge|Ceruledge, F|100/100
|-activate|p2a: Tsaruladge|move: Sticky Web
|-unboost|p2a: Tsaruladge|spe|1
|move|p1a: Great Tusk|Headlong Rush|p2a: Tsaruladge
|-supereffective|p2a: Tsaruladge
|-enditem|p2a: Tsaruladge|Focus Sash
|-damage|p2a: Tsaruladge|1/100
|-unboost|p1a: Great Tusk|def|1
|-unboost|p1a: Great Tusk|spd|1
|-ability|p2a: Tsaruladge|Weak Armor|boost
|-unboost|p2a: Tsaruladge|def|1
|-boost|p2a: Tsaruladge|spe|2
|
|upkeep
|turn|5
|inactive|xcPurple has 120 seconds left.
|
|t:|1758983174
|move|p2a: Tsaruladge|Bitter Blade|p1a: Great Tusk
|-damage|p1a: Great Tusk|0 fnt
|-heal|p2a: Tsaruladge|11/100|[from] drain|[of] p1a: Great Tusk
|faint|p1a: Great Tusk
|-end|p1a: Great Tusk|Protosynthesis|[silent]
|
|upkeep
|
|t:|1758983181
|switch|p1a: Ting-Lu|Ting-Lu|100/100
|-activate|p1a: Ting-Lu|move: Sticky Web
|-unboost|p1a: Ting-Lu|spe|1
|-ability|p1a: Ting-Lu|Vessel of Ruin
|turn|6
|
|t:|1758983200
|move|p2a: Tsaruladge|Bitter Blade|p1a: Ting-Lu
|-damage|p1a: Ting-Lu|75/100
|-heal|p2a: Tsaruladge|34/100|[from] drain|[of] p1a: Ting-Lu
|move|p1a: Ting-Lu|Stealth Rock|p2a: Tsaruladge
|-sidestart|p2: ANdrol2|move: Stealth Rock
|
|upkeep
|turn|7
|
|t:|1758983210
|move|p2a: Tsaruladge|Bitter Blade|p1a: Ting-Lu
|-damage|p1a: Ting-Lu|50/100
|-heal|p2a: Tsaruladge|57/100|[from] drain|[of] p1a: Ting-Lu
|-enditem|p1a: Ting-Lu|Sitrus Berry|[eat]
|-heal|p1a: Ting-Lu|75/100|[from] item: Sitrus Berry
|move|p1a: Ting-Lu|Earthquake|p2a: Tsaruladge
|-supereffective|p2a: Tsaruladge
|-damage|p2a: Tsaruladge|0 fnt
|faint|p2a: Tsaruladge
|
|upkeep
|
|t:|1758983220
|switch|p2a: Donald Duck|Quaquaval, F|100/100
|-activate|p2a: Donald Duck|move: Sticky Web
|-unboost|p2a: Donald Duck|spe|1
|-damage|p2a: Donald Duck|94/100|[from] Stealth Rock
|turn|8
|
|t:|1758983233
|switch|p1a: Dragapult|Dragapult, F, shiny|100/100
|-activate|p1a: Dragapult|move: Sticky Web
|-unboost|p1a: Dragapult|spe|1
|move|p2a: Donald Duck|Rapid Spin|p1a: Dragapult
|-immune|p1a: Dragapult
|
|upkeep
|turn|9
|
|t:|1758983244
|move|p1a: Dragapult|Reflect|p1a: Dragapult
|-sidestart|p1: xcPurple|Reflect
|move|p2a: Donald Duck|Knock Off|p1a: Dragapult
|-supereffective|p1a: Dragapult
|-damage|p1a: Dragapult|61/100
|-enditem|p1a: Dragapult|Light Clay|[from] move: Knock Off|[of] p2a: Donald Duck
|
|upkeep
|turn|10
|
|t:|1758983255
|move|p1a: Dragapult|Will-O-Wisp|p2a: Donald Duck
|-status|p2a: Donald Duck|brn
|move|p2a: Donald Duck|Aqua Step|p1a: Dragapult
|-resisted|p1a: Dragapult
|-damage|p1a: Dragapult|55/100
|-boost|p2a: Donald Duck|spe|1
|
|-damage|p2a: Donald Duck|88/100 brn|[from] brn
|upkeep
|turn|11
|
|t:|1758983262
|move|p2a: Donald Duck|Knock Off|p1a: Dragapult
|-supereffective|p1a: Dragapult
|-damage|p1a: Dragapult|42/100
|move|p1a: Dragapult|Dragon Darts|p2a: Donald Duck
|-damage|p2a: Donald Duck|56/100 brn
|-anim|p1a: Dragapult|Dragon Darts|p2a: Donald Duck
|-damage|p2a: Donald Duck|27/100 brn
|
|-damage|p2a: Donald Duck|20/100 brn|[from] brn
|upkeep
|turn|12
|
|t:|1758983270
|move|p2a: Donald Duck|Aqua Step|p1a: Dragapult
|-resisted|p1a: Dragapult
|-damage|p1a: Dragapult|36/100
|-boost|p2a: Donald Duck|spe|1
|move|p1a: Dragapult|Dragon Darts|p2a: Donald Duck
|-damage|p2a: Donald Duck|0 fnt
|faint|p2a: Donald Duck
|
|upkeep
|inactive|ANdrol2 has 120 seconds left.
|
|t:|1758983293
|switch|p2a: Enormous|Enamorus, F|100/100
|-damage|p2a: Enormous|76/100|[from] Stealth Rock
|turn|13
|
|t:|1758983304
|-terastallize|p2a: Enormous|Stellar
|move|p2a: Enormous|Tera Blast|p1a: Dragapult|[anim] Tera Blast Stellar
|-damage|p1a: Dragapult|0 fnt
|-boost|p2a: Enormous|atk|1
|-boost|p2a: Enormous|spa|1
|faint|p1a: Dragapult
|
|upkeep
|
|t:|1758983308
|switch|p1a: Ogerpon|Ogerpon-Cornerstone, F|100/100
|-activate|p1a: Ogerpon|move: Sticky Web
|-unboost|p1a: Ogerpon|spe|1
|turn|14
|inactive|ANdrol2 has 120 seconds left.
|
|t:|1758983320
|move|p2a: Enormous|Superpower|p1a: Ogerpon
|-supereffective|p1a: Ogerpon
|-damage|p1a: Ogerpon|33/100
|-boost|p2a: Enormous|atk|1
|-boost|p2a: Enormous|def|1
|move|p1a: Ogerpon|Ivy Cudgel|p2a: Enormous|[anim] Ivy Cudgel Rock
|-supereffective|p2a: Enormous
|-crit|p2a: Enormous
|-damage|p2a: Enormous|0 fnt
|faint|p2a: Enormous
|
|upkeep
|
|t:|1758983343
|switch|p2a: Fidget Spinner|Iron Treads|8/100
|-activate|p2a: Fidget Spinner|move: Sticky Web
|-unboost|p2a: Fidget Spinner|spe|1
|-damage|p2a: Fidget Spinner|5/100|[from] Stealth Rock
|turn|15
|
|t:|1758983361
|move|p1a: Ogerpon|Ivy Cudgel|p2a: Fidget Spinner|[anim] Ivy Cudgel Rock
|-resisted|p2a: Fidget Spinner
|-damage|p2a: Fidget Spinner|0 fnt
|faint|p2a: Fidget Spinner
|-end|p2a: Fidget Spinner|Quark Drive|[silent]
|
|upkeep
|inactive|ANdrol2 has 90 seconds left.
|
|t:|1758983372
|switch|p2a: Rabimbam|Ribombee, M, shiny|100/100
|-activate|p2a: Rabimbam|move: Sticky Web
|-unboost|p2a: Rabimbam|spe|1
|-damage|p2a: Rabimbam|76/100|[from] Stealth Rock
|turn|16
|
|t:|1758983377
|move|p2a: Rabimbam|Moonblast|p1a: Ogerpon
|-damage|p1a: Ogerpon|0 fnt
|faint|p1a: Ogerpon
|
|-sideend|p1: xcPurple|Reflect
|upkeep
|
|t:|1758983393
|switch|p1a: Galvantula|Galvantula, F|100/100
|-activate|p1a: Galvantula|move: Sticky Web
|-unboost|p1a: Galvantula|spe|1
|turn|17
|
|t:|1758983404
|switch|p2a: Gholdingdong|Gholdengo|100/100
|-damage|p2a: Gholdingdong|94/100|[from] Stealth Rock
|-item|p2a: Gholdingdong|Air Balloon
|move|p1a: Galvantula|Thunder|p2a: Gholdingdong
|-damage|p2a: Gholdingdong|34/100
|-status|p2a: Gholdingdong|par
|-enditem|p2a: Gholdingdong|Air Balloon
|
|upkeep
|turn|18
|-message|ANdrol2 forfeited.
|
|win|xcPurple
|raw|xcPurple's rating: 1393 &rarr; <strong>1413</strong><br />(+20 for winning)
|raw|ANdrol2's rating: 1396 &rarr; <strong>1376</strong><br />(-20 for losing)
|l|☆ANdrol2
|player|p2|
|l|☆xcPurple
|player|p1|
