|j|☆bozumon
|j|☆guerrero105
|t:|1759032523
|gametype|singles
|player|p1|bozumon|266|1513
|player|p2|guerrero105|101|1482
|gen|9
|tier|[Gen 9] OU
|rated|
|rule|HP Percentage Mod: HP is shown in percentages
|rule|Endless Battle Clause: Forcing endless battles is banned
|rule|Species Clause: Limit one of each Pokémon
|rule|OHKO Clause: OHKO moves are banned
|rule|Evasion Items Clause: Evasion items are banned
|rule|Evasion Moves Clause: Evasion moves are banned
|rule|Evasion Abilities Clause: Evasion abilities are banned
|rule|Sleep Moves Clause: Sleep-inducing moves are banned
|clearpoke
|poke|p1|Ting-Lu|
|poke|p1|Alomomola, M|
|poke|p1|Gholdengo|
|poke|p1|Weezing-Galar, F|
|poke|p1|Raging Bolt|
|poke|p1|Dragonite, M|
|poke|p2|Sinistcha-Masterpiece|
|poke|p2|Mandibuzz, F|
|poke|p2|Tinkaton, F|
|poke|p2|Slowking-Galar, M|
|poke|p2|Tauros-Paldea-Aqua, M|
|poke|p2|Vikavolt, M|
|teampreview
|inactive|Battle timer is ON: inactive players will automatically lose when time's up. (requested by bozumon)
|
|t:|1759032534
|teamsize|p1|6
|teamsize|p2|6
|start
|switch|p1a: Ting-Lu|Ting-Lu|100/100
|switch|p2a: Vikavolt|Vikavolt, M|100/100
|-ability|p1a: Ting-Lu|Vessel of Ruin
|turn|1
|inactive|guerrero105 has 120 seconds left.
|
|t:|1759032565
|move|p1a: Ting-Lu|Stone Edge|p2a: Vikavolt
|-supereffective|p2a: Vikavolt
|-damage|p2a: Vikavolt|0 fnt
|faint|p2a: Vikavolt
|
|upkeep
|inactive|guerrero105 has 120 seconds left.
|
|t:|1759032581
|switch|p2a: Slowking|Slowking-Galar, M|100/100
|turn|2
|
|t:|1759032588
|switch|p1a: Alomomola|Alomomola, M|100/100
|move|p2a: Slowking|Future Sight|p1a: Alomomola
|-start|p2a: Slowking|move: Future Sight
|
|upkeep
|turn|3
|
|t:|1759032595
|move|p1a: Alomomola|Wish|p1a: Alomomola
|move|p2a: Slowking|Sludge Bomb|p1a: Alomomola
|-damage|p1a: Alomomola|71/100
|
|upkeep
|turn|4
|
|t:|1759032605
|move|p1a: Alomomola|Flip Turn|p2a: Slowking
|-damage|p2a: Slowking|83/100
|
|t:|1759032607
|switch|p1a: Ting-Lu|Ting-Lu|100/100|[from] Flip Turn
|-ability|p1a: Ting-Lu|Vessel of Ruin
|move|p2a: Slowking|Sludge Bomb|p1a: Ting-Lu
|-resisted|p1a: Ting-Lu
|-damage|p1a: Ting-Lu|89/100
|
|-end|p1a: Ting-Lu|move: Future Sight
|-immune|p1a: Ting-Lu
|-heal|p1a: Ting-Lu|100/100|[from] move: Wish|[wisher] Alomomola
|-heal|p2a: Slowking|89/100|[from] item: Leftovers
|upkeep
|turn|5
|
|t:|1759032619
|switch|p2a: Mandibuzz|Mandibuzz, F|100/100
|move|p1a: Ting-Lu|Earthquake|p2a: Mandibuzz
|-immune|p2a: Mandibuzz
|
|upkeep
|turn|6
|
|t:|1759032630
|switch|p1a: Weezing|Weezing-Galar, F|100/100
|-ability|p1a: Weezing|Neutralizing Gas
|move|p2a: Mandibuzz|U-turn|p1a: Weezing
|-resisted|p1a: Weezing
|-crit|p1a: Weezing
|-damage|p1a: Weezing|97/100
|
|t:|1759032641
|switch|p2a: Tinkaton|Tinkaton, F|100/100|[from] U-turn
|-item|p2a: Tinkaton|Air Balloon
|
|upkeep
|turn|7
|
|t:|1759032647
|move|p2a: Tinkaton|Thunder Wave|p1a: Weezing
|-status|p1a: Weezing|par
|move|p1a: Weezing|Will-O-Wisp|p2a: Tinkaton
|-status|p2a: Tinkaton|brn
|
|-damage|p2a: Tinkaton|94/100 brn|[from] brn
|upkeep
|turn|8
|
|t:|1759032653
|-end|p1a: Weezing|ability: Neutralizing Gas
|-ability|p2a: Tinkaton|Mold Breaker
|switch|p1a: Alomomola|Alomomola, M|100/100
|move|p2a: Tinkaton|Encore||[still]
|-fail|p2a: Tinkaton
|
|-damage|p2a: Tinkaton|88/100 brn|[from] brn
|upkeep
|turn|9
|
|t:|1759032661
|move|p2a: Tinkaton|Thunder Wave|p1a: Alomomola
|-status|p1a: Alomomola|par
|cant|p1a: Alomomola|par
|
|-damage|p2a: Tinkaton|82/100 brn|[from] brn
|upkeep
|turn|10
|
|t:|1759032668
|move|p2a: Tinkaton|Knock Off|p1a: Alomomola
|-damage|p1a: Alomomola|94/100 par
|-enditem|p1a: Alomomola|Heavy-Duty Boots|[from] move: Knock Off|[of] p2a: Tinkaton
|move|p1a: Alomomola|Flip Turn|p2a: Tinkaton
|-damage|p2a: Tinkaton|58/100 brn
|-enditem|p2a: Tinkaton|Air Balloon
|
|t:|1759032674
|switch|p1a: Ting-Lu|Ting-Lu|100/100|[from] Flip Turn
|-ability|p1a: Ting-Lu|Vessel of Ruin
|
|-damage|p2a: Tinkaton|52/100 brn|[from] brn
|upkeep
|turn|11
|
|t:|1759032680
|switch|p2a: Mandibuzz|Mandibuzz, F|100/100
|move|p1a: Ting-Lu|Earthquake|p2a: Mandibuzz
|-immune|p2a: Mandibuzz
|
|upkeep
|turn|12
|
|t:|1759032686
|switch|p1a: Weezing|Weezing-Galar, F|97/100 par
|-ability|p1a: Weezing|Neutralizing Gas
|move|p2a: Mandibuzz|U-turn|p1a: Weezing
|-resisted|p1a: Weezing
|-damage|p1a: Weezing|95/100 par
|
|t:|1759032695
|switch|p2a: Sinistcha|Sinistcha-Masterpiece|100/100|[from] U-turn
|
|upkeep
|turn|13
|
|t:|1759032703
|-end|p1a: Weezing|ability: Neutralizing Gas
|switch|p1a: Gholdengo|Gholdengo|100/100
|move|p2a: Sinistcha|Calm Mind|p2a: Sinistcha
|-boost|p2a: Sinistcha|spa|1
|-boost|p2a: Sinistcha|spd|1
|
|upkeep
|turn|14
|
|t:|1759032708
|move|p1a: Gholdengo|Trick|p2a: Sinistcha
|-activate|p1a: Gholdengo|move: Trick|[of] p2a: Sinistcha
|-item|p2a: Sinistcha|Choice Scarf|[from] move: Trick
|-item|p1a: Gholdengo|Leftovers|[from] move: Trick
|move|p2a: Sinistcha|Shadow Ball|p1a: Gholdengo
|-supereffective|p1a: Gholdengo
|-damage|p1a: Gholdengo|0 fnt
|faint|p1a: Gholdengo
|
|upkeep
|
|t:|1759032711
|switch|p1a: Ting-Lu|Ting-Lu|100/100
|-ability|p1a: Ting-Lu|Vessel of Ruin
|turn|15
|
|t:|1759032721
|move|p2a: Sinistcha|Shadow Ball|p1a: Ting-Lu
|-resisted|p1a: Ting-Lu
|-damage|p1a: Ting-Lu|84/100
|-unboost|p1a: Ting-Lu|spd|1
|move|p1a: Ting-Lu|Earthquake|p2a: Sinistcha
|-resisted|p2a: Sinistcha
|-damage|p2a: Sinistcha|60/100
|
|upkeep
|turn|16
|
|t:|1759032729
|switch|p1a: Alomomola|Alomomola, M|100/100 par
|move|p2a: Sinistcha|Shadow Ball|p1a: Alomomola
|-damage|p1a: Alomomola|52/100 par
|-unboost|p1a: Alomomola|spd|1
|
|upkeep
|turn|17
|
|t:|1759032733
|switch|p1a: Ting-Lu|Ting-Lu|84/100
|-ability|p1a: Ting-Lu|Vessel of Ruin
|move|p2a: Sinistcha|Shadow Ball|p1a: Ting-Lu
|-resisted|p1a: Ting-Lu
|-damage|p1a: Ting-Lu|68/100
|
|upkeep
|turn|18
|
|t:|1759032737
|move|p2a: Sinistcha|Shadow Ball|p1a: Ting-Lu
|-resisted|p1a: Ting-Lu
|-damage|p1a: Ting-Lu|52/100
|-unboost|p1a: Ting-Lu|spd|1
|move|p1a: Ting-Lu|Throat Chop|p2a: Sinistcha
|-supereffective|p2a: Sinistcha
|-damage|p2a: Sinistcha|0 fnt
|faint|p2a: Sinistcha
|
|upkeep
|
|t:|1759032756
|switch|p2a: Tauros|Tauros-Paldea-Aqua, M|100/100
|-ability|p2a: Tauros|Intimidate|boost
|-unboost|p1a: Ting-Lu|atk|1
|turn|19
|
|t:|1759032764
|switch|p1a: Weezing|Weezing-Galar, F|95/100 par
|-ability|p1a: Weezing|Neutralizing Gas
|move|p2a: Tauros|Bulk Up|p2a: Tauros
|-boost|p2a: Tauros|atk|1
|-boost|p2a: Tauros|def|1
|
|upkeep
|turn|20
|
|t:|1759032768
|move|p2a: Tauros|Wave Crash|p1a: Weezing
|-damage|p1a: Weezing|25/100 par
|-damage|p2a: Tauros|75/100|[from] Recoil
|move|p1a: Weezing|Will-O-Wisp|p2a: Tauros
|-status|p2a: Tauros|brn
|
|-damage|p2a: Tauros|69/100 brn|[from] brn
|upkeep
|turn|21
|
|t:|1759032778
|move|p2a: Tauros|Wave Crash|p1a: Weezing
|-damage|p1a: Weezing|0 fnt
|faint|p1a: Weezing
|-end|p1a: Weezing|ability: Neutralizing Gas
|-damage|p2a: Tauros|60/100 brn|[from] Recoil
|
|-damage|p2a: Tauros|54/100 brn|[from] brn
|upkeep
|
|t:|1759032787
|switch|p1a: Raging Bolt|Raging Bolt|100/100
|turn|22
|
|t:|1759032790
|move|p1a: Raging Bolt|Thunderclap|p2a: Tauros
|-supereffective|p2a: Tauros
|-damage|p2a: Tauros|0 fnt
|faint|p2a: Tauros
|
|upkeep
|
|t:|1759032798
|switch|p2a: Tinkaton|Tinkaton, F|52/100 brn
|-ability|p2a: Tinkaton|Mold Breaker
|turn|23
|
|t:|1759032813
|-end|p1a: Raging Bolt|Protosynthesis|[silent]
|switch|p1a: Ting-Lu|Ting-Lu|52/100
|-ability|p1a: Ting-Lu|Vessel of Ruin
|move|p2a: Tinkaton|Encore||[still]
|-fail|p2a: Tinkaton
|
|-damage|p2a: Tinkaton|46/100 brn|[from] brn
|upkeep
|turn|24
|
|t:|1759032829
|switch|p2a: Mandibuzz|Mandibuzz, F|100/100
|move|p1a: Ting-Lu|Earthquake|p2a: Mandibuzz
|-immune|p2a: Mandibuzz
|
|upkeep
|turn|25
|
|t:|1759032836
|switch|p1a: Alomomola|Alomomola, M|85/100 par
|move|p2a: Mandibuzz|U-turn|p1a: Alomomola
|-damage|p1a: Alomomola|78/100 par
|
|t:|1759032839
|switch|p2a: Slowking|Slowking-Galar, M|100/100|[from] U-turn
|
|upkeep
|turn|26
|
|t:|1759032843
|move|p2a: Slowking|Future Sight|p1a: Alomomola
|-start|p2a: Slowking|move: Future Sight
|move|p1a: Alomomola|Wish|p1a: Alomomola
|
|upkeep
|turn|27
|
|t:|1759032850
|move|p2a: Slowking|Sludge Bomb|p1a: Alomomola
|-damage|p1a: Alomomola|50/100 par
|move|p1a: Alomomola|Flip Turn|p2a: Slowking
|-damage|p2a: Slowking|83/100
|
|t:|1759032853
|switch|p1a: Ting-Lu|Ting-Lu|52/100|[from] Flip Turn
|-ability|p1a: Ting-Lu|Vessel of Ruin
|
|-heal|p1a: Ting-Lu|98/100|[from] move: Wish|[wisher] Alomomola
|-heal|p2a: Slowking|89/100|[from] item: Leftovers
|upkeep
|turn|28
|
|t:|1759032858
|-terastallize|p2a: Slowking|Bug
|move|p1a: Ting-Lu|Throat Chop|p2a: Slowking
|-damage|p2a: Slowking|24/100
|-start|p2a: Slowking|Throat Chop|[silent]
|move|p2a: Slowking|Ice Beam|p1a: Ting-Lu
|-supereffective|p1a: Ting-Lu
|-damage|p1a: Ting-Lu|70/100
|
|-end|p1a: Ting-Lu|move: Future Sight
|-immune|p1a: Ting-Lu
|-heal|p2a: Slowking|30/100|[from] item: Leftovers
|upkeep
|turn|29
|
|t:|1759032868
|switch|p2a: Mandibuzz|Mandibuzz, F|100/100
|move|p1a: Ting-Lu|Throat Chop|p2a: Mandibuzz
|-resisted|p2a: Mandibuzz
|-damage|p2a: Mandibuzz|84/100
|-start|p2a: Mandibuzz|Throat Chop|[silent]
|
|upkeep
|turn|30
|
|t:|1759032875
|switch|p1a: Alomomola|Alomomola, M|83/100 par
|move|p2a: Mandibuzz|U-turn|p1a: Alomomola
|-damage|p1a: Alomomola|76/100 par
|
|t:|1759032879
|switch|p2a: Slowking|Slowking-Galar, M, tera:Bug|63/100|[from] U-turn
|
|-heal|p2a: Slowking|69/100|[from] item: Leftovers
|upkeep
|turn|31
|
|t:|1759032882
|move|p2a: Slowking|Future Sight|p1a: Alomomola
|-start|p2a: Slowking|move: Future Sight
|move|p1a: Alomomola|Wish|p1a: Alomomola
|
|-heal|p2a: Slowking|75/100|[from] item: Leftovers
|upkeep
|turn|32
|
|t:|1759032895
|move|p2a: Slowking|Sludge Bomb|p1a: Alomomola
|-damage|p1a: Alomomola|50/100 par
|cant|p1a: Alomomola|par
|
|-heal|p1a: Alomomola|99/100 par|[from] move: Wish|[wisher] Alomomola
|-heal|p2a: Slowking|81/100|[from] item: Leftovers
|upkeep
|turn|33
|
|t:|1759032921
|switch|p2a: Tinkaton|Tinkaton, F|46/100 brn
|-ability|p2a: Tinkaton|Mold Breaker
|move|p1a: Alomomola|Wish|p1a: Alomomola
|
|-end|p1a: Alomomola|move: Future Sight
|-damage|p1a: Alomomola|63/100 par
|-damage|p2a: Tinkaton|39/100 brn|[from] brn
|upkeep
|turn|34
|
|t:|1759032928
|move|p2a: Tinkaton|Encore|p1a: Alomomola
|-start|p1a: Alomomola|Encore
|move|p1a: Alomomola|Wish||[still]
|-fail|p1a: Alomomola
|
|-heal|p1a: Alomomola|100/100 par|[from] move: Wish|[wisher] Alomomola
|-damage|p2a: Tinkaton|33/100 brn|[from] brn
|upkeep
|turn|35
|
|t:|1759032937
|switch|p2a: Slowking|Slowking-Galar, M, tera:Bug|100/100
|cant|p1a: Alomomola|par
|
|upkeep
|turn|36
|
|t:|1759032942
|move|p2a: Slowking|Future Sight|p1a: Alomomola
|-start|p2a: Slowking|move: Future Sight
|move|p1a: Alomomola|Wish|p1a: Alomomola
|
|-end|p1a: Alomomola|Encore
|upkeep
|turn|37
|
|t:|1759032951
|switch|p1a: Ting-Lu|Ting-Lu|70/100
|-ability|p1a: Ting-Lu|Vessel of Ruin
|move|p2a: Slowking|Sludge Bomb|p1a: Ting-Lu
|-resisted|p1a: Ting-Lu
|-crit|p1a: Ting-Lu
|-damage|p1a: Ting-Lu|55/100
|-status|p1a: Ting-Lu|psn
|
|-heal|p1a: Ting-Lu|100/100 psn|[from] move: Wish|[wisher] Alomomola
|-damage|p1a: Ting-Lu|88/100 psn|[from] psn
|upkeep
|turn|38
|
|t:|1759032961
|switch|p2a: Mandibuzz|Mandibuzz, F|84/100
|move|p1a: Ting-Lu|Stone Edge|p2a: Mandibuzz
|-supereffective|p2a: Mandibuzz
|-crit|p2a: Mandibuzz
|-damage|p2a: Mandibuzz|0 fnt
|faint|p2a: Mandibuzz
|
|-end|p1a: Ting-Lu|move: Future Sight
|-immune|p1a: Ting-Lu
|-damage|p1a: Ting-Lu|76/100 psn|[from] psn
|upkeep
|
|t:|1759032971
|switch|p2a: Slowking|Slowking-Galar, M, tera:Bug|100/100
|turn|39
|
|t:|1759032973
|move|p1a: Ting-Lu|Stone Edge|p2a: Slowking
|-supereffective|p2a: Slowking
|-damage|p2a: Slowking|0 fnt
|faint|p2a: Slowking
|
|-damage|p1a: Ting-Lu|63/100 psn|[from] psn
|upkeep
|-message|guerrero105 forfeited.
|
|win|bozumon
|raw|bozumon's rating: 1513 &rarr; <strong>1531</strong><br />(+18 for winning)
|raw|guerrero105's rating: 1482 &rarr; <strong>1464</strong><br />(-18 for losing)
|l|☆guerrero105
|player|p2|
