|j|☆ShinyAssassinx
|j|☆CaptainBigBird
|t:|1759042399
|gametype|singles
|player|p1|ShinyAssassinx|265|1204
|player|p2|CaptainBigBird|pokemonbreeder-gen4|1190
|gen|9
|tier|[Gen 9] OU
|rated|
|rule|HP Percentage Mod: HP is shown in percentages
|rule|Endless Battle Clause: Forcing endless battles is banned
|rule|Species Clause: Limit one of each Pokémon
|rule|OHKO Clause: OHKO moves are banned
|rule|Evasion Items Clause: Evasion items are banned
|rule|Evasion Moves Clause: Evasion moves are banned
|rule|Evasion Abilities Clause: Evasion abilities are banned
|rule|Sleep Moves Clause: Sleep-inducing moves are banned
|clearpoke
|poke|p1|Breloom, M|
|poke|p1|Krookodile, F|
|poke|p1|Araquanid, M|
|poke|p1|Conkeldurr, M|
|poke|p1|Skeledirge, M|
|poke|p1|Scizor, F|
|poke|p2|Meowscarada, M|
|poke|p2|Skeledirge, M|
|poke|p2|Corviknight, M|
|poke|p2|Blissey, F|
|poke|p2|Dragonite, F|
|poke|p2|Azumarill, M|
|teampreview
|inactive|Battle timer is ON: inactive players will automatically lose when time's up. (requested by ShinyAssassinx)
|
|t:|1759042412
|teamsize|p1|6
|teamsize|p2|6
|start
|switch|p1a: Araquanid|Araquanid, M|100/100
|switch|p2a: Blissey|Blissey, F|100/100
|turn|1
|
|t:|1759042421
|switch|p1a: Breloom|Breloom, M|100/100
|move|p2a: Blissey|Stealth Rock|p1a: Breloom
|-sidestart|p1: ShinyAssassinx|move: Stealth Rock
|
|upkeep
|turn|2
|
|t:|1759042432
|switch|p2a: Skeledirge|Skeledirge, M|100/100
|move|p1a: Breloom|Bullet Seed|p2a: Skeledirge
|-resisted|p2a: Skeledirge
|-damage|p2a: Skeledirge|93/100
|-resisted|p2a: Skeledirge
|-damage|p2a: Skeledirge|86/100
|-resisted|p2a: Skeledirge
|-damage|p2a: Skeledirge|80/100
|-resisted|p2a: Skeledirge
|-damage|p2a: Skeledirge|73/100
|-hitcount|p2a: Skeledirge|4
|
|upkeep
|turn|3
|
|t:|1759042446
|move|p1a: Breloom|Rock Tomb|p2a: Skeledirge
|-supereffective|p2a: Skeledirge
|-damage|p2a: Skeledirge|27/100
|-unboost|p2a: Skeledirge|spe|1
|move|p2a: Skeledirge|Will-O-Wisp|p1a: Breloom
|-status|p1a: Breloom|brn
|
|-damage|p1a: Breloom|94/100 brn|[from] brn
|upkeep
|turn|4
|
|t:|1759042460
|switch|p2a: Meowscarada|Meowscarada, M|100/100
|move|p1a: Breloom|Rock Tomb|p2a: Meowscarada|[miss]
|-miss|p1a: Breloom|p2a: Meowscarada
|
|-damage|p1a: Breloom|88/100 brn|[from] brn
|upkeep
|turn|5
|
|t:|1759042481
|move|p2a: Meowscarada|U-turn|p1a: Breloom
|-start|p2a: Meowscarada|typechange|Bug|[from] ability: Protean
|-damage|p1a: Breloom|39/100 brn
|
|t:|1759042494
|switch|p2a: Corviknight|Corviknight, M|100/100|[from] U-turn
|-ability|p2a: Corviknight|Pressure
|move|p1a: Breloom|Drain Punch|p2a: Corviknight
|-damage|p2a: Corviknight|87/100
|-heal|p1a: Breloom|49/100 brn|[from] drain|[of] p2a: Corviknight
|-damage|p1a: Breloom|33/100 brn|[from] item: Rocky Helmet|[of] p2a: Corviknight
|
|-damage|p1a: Breloom|27/100 brn|[from] brn
|upkeep
|turn|6
|inactive|CaptainBigBird has 120 seconds left.
|
|t:|1759042509
|move|p1a: Breloom|Rock Tomb|p2a: Corviknight|[miss]
|-miss|p1a: Breloom|p2a: Corviknight
|move|p2a: Corviknight|U-turn|p1a: Breloom
|-damage|p1a: Breloom|3/100 brn
|inactive|CaptainBigBird has 120 seconds left.
|
|t:|1759042516
|switch|p2a: Blissey|Blissey, F|100/100|[from] U-turn
|
|-damage|p1a: Breloom|0 fnt|[from] brn
|faint|p1a: Breloom
|upkeep
|
|t:|1759042522
|switch|p1a: Conkeldurr|Conkeldurr, M|100/100
|-damage|p1a: Conkeldurr|94/100|[from] Stealth Rock
|turn|7
|
|t:|1759042534
|switch|p2a: Skeledirge|Skeledirge, M|27/100
|move|p1a: Conkeldurr|Dynamic Punch|p2a: Skeledirge
|-immune|p2a: Skeledirge
|
|upkeep
|turn|8
|
|t:|1759042543
|move|p1a: Conkeldurr|Stomping Tantrum|p2a: Skeledirge
|-supereffective|p2a: Skeledirge
|-damage|p2a: Skeledirge|0 fnt
|faint|p2a: Skeledirge
|
|upkeep
|inactive|CaptainBigBird has 120 seconds left.
|
|t:|1759042559
|switch|p2a: Corviknight|Corviknight, M|87/100
|-ability|p2a: Corviknight|Pressure
|turn|9
|
|t:|1759042565
|move|p1a: Conkeldurr|Dynamic Punch|p2a: Corviknight|[miss]
|-miss|p1a: Conkeldurr|p2a: Corviknight
|-enditem|p1a: Conkeldurr|Blunder Policy
|-boost|p1a: Conkeldurr|spe|2
|move|p2a: Corviknight|Brave Bird|p1a: Conkeldurr
|-supereffective|p1a: Conkeldurr
|-damage|p1a: Conkeldurr|18/100
|-damage|p2a: Corviknight|65/100|[from] Recoil
|
|upkeep
|turn|10
|
|t:|1759042576
|move|p1a: Conkeldurr|Drain Punch|p2a: Corviknight
|-damage|p2a: Corviknight|33/100
|-heal|p1a: Conkeldurr|35/100|[from] drain|[of] p2a: Corviknight
|-damage|p1a: Conkeldurr|19/100|[from] item: Rocky Helmet|[of] p2a: Corviknight
|move|p2a: Corviknight|U-turn|p1a: Conkeldurr
|-resisted|p1a: Conkeldurr
|-damage|p1a: Conkeldurr|11/100
|inactive|CaptainBigBird has 120 seconds left.
|
|t:|1759042594
|switch|p2a: Dragonite|Dragonite, F|100/100|[from] U-turn
|
|upkeep
|turn|11
|inactive|CaptainBigBird has 120 seconds left.
|
|t:|1759042600
|move|p2a: Dragonite|Extreme Speed|p1a: Conkeldurr
|-damage|p1a: Conkeldurr|0 fnt
|faint|p1a: Conkeldurr
|
|upkeep
|
|t:|1759042606
|switch|p1a: Scizor|Scizor, F|100/100
|-damage|p1a: Scizor|88/100|[from] Stealth Rock
|turn|12
|inactive|CaptainBigBird has 120 seconds left.
|
|t:|1759042644
|move|p2a: Dragonite|Dragon Dance|p2a: Dragonite
|-boost|p2a: Dragonite|atk|1
|-boost|p2a: Dragonite|spe|1
|move|p1a: Scizor|Knock Off|p2a: Dragonite
|-damage|p2a: Dragonite|81/100
|-enditem|p2a: Dragonite|Heavy-Duty Boots|[from] move: Knock Off|[of] p1a: Scizor
|
|-heal|p1a: Scizor|94/100|[from] item: Leftovers
|upkeep
|turn|13
|
|t:|1759042653
|move|p1a: Scizor|Bullet Punch|p2a: Dragonite
|-crit|p2a: Dragonite
|-damage|p2a: Dragonite|32/100
|move|p2a: Dragonite|Earthquake|p1a: Scizor
|-damage|p1a: Scizor|36/100
|
|-heal|p1a: Scizor|42/100|[from] item: Leftovers
|upkeep
|turn|14
|
|t:|1759042666
|move|p1a: Scizor|Bullet Punch|p2a: Dragonite
|-damage|p2a: Dragonite|0 fnt
|faint|p2a: Dragonite
|
|-heal|p1a: Scizor|48/100|[from] item: Leftovers
|upkeep
|
|t:|1759042677
|switch|p2a: Blissey|Blissey, F|100/100
|turn|15
|
|t:|1759042680
|move|p1a: Scizor|Knock Off|p2a: Blissey
|-damage|p2a: Blissey|69/100
|-enditem|p2a: Blissey|Leftovers|[from] move: Knock Off|[of] p1a: Scizor
|move|p2a: Blissey|Seismic Toss|p1a: Scizor
|-damage|p1a: Scizor|13/100
|
|-heal|p1a: Scizor|19/100|[from] item: Leftovers
|upkeep
|turn|16
|
|t:|1759042692
|move|p1a: Scizor|Brick Break|p2a: Blissey
|-supereffective|p2a: Blissey
|-damage|p2a: Blissey|27/100
|move|p2a: Blissey|Seismic Toss|p1a: Scizor
|-damage|p1a: Scizor|0 fnt
|faint|p1a: Scizor
|
|upkeep
|
|t:|1759042698
|switch|p1a: Skeledirge|Skeledirge, M|100/100
|-damage|p1a: Skeledirge|75/100|[from] Stealth Rock
|turn|17
|inactive|CaptainBigBird has 120 seconds left.
|
|t:|1759042711
|move|p1a: Skeledirge|Torch Song|p2a: Blissey
|-damage|p2a: Blissey|10/100
|-boost|p1a: Skeledirge|spa|1
|move|p2a: Blissey|Soft-Boiled|p2a: Blissey
|-heal|p2a: Blissey|60/100
|
|-heal|p1a: Skeledirge|82/100|[from] item: Leftovers
|upkeep
|turn|18
|inactive|CaptainBigBird has 120 seconds left.
|
|t:|1759042722
|switch|p2a: Azumarill|Azumarill, M|100/100
|move|p1a: Skeledirge|Torch Song|p2a: Azumarill
|-resisted|p2a: Azumarill
|-damage|p2a: Azumarill|78/100
|-boost|p1a: Skeledirge|spa|1
|
|-heal|p1a: Skeledirge|88/100|[from] item: Leftovers
|upkeep
|turn|19
|inactive|CaptainBigBird has 120 seconds left.
|
|t:|1759042734
|move|p2a: Azumarill|Aqua Jet|p1a: Skeledirge
|-supereffective|p1a: Skeledirge
|-damage|p1a: Skeledirge|45/100
|move|p1a: Skeledirge|Shadow Ball|p2a: Azumarill
|-damage|p2a: Azumarill|27/100
|
|-heal|p1a: Skeledirge|51/100|[from] item: Leftovers
|upkeep
|turn|20
|inactive|CaptainBigBird has 120 seconds left.
|
|t:|1759042748
|move|p2a: Azumarill|Aqua Jet|p1a: Skeledirge
|-supereffective|p1a: Skeledirge
|-damage|p1a: Skeledirge|9/100
|move|p1a: Skeledirge|Torch Song|p2a: Azumarill
|-resisted|p2a: Azumarill
|-damage|p2a: Azumarill|1/100
|-boost|p1a: Skeledirge|spa|1
|
|-heal|p1a: Skeledirge|15/100|[from] item: Leftovers
|upkeep
|turn|21
|inactive|CaptainBigBird has 120 seconds left.
|
|t:|1759042767
|move|p2a: Azumarill|Aqua Jet|p1a: Skeledirge
|-supereffective|p1a: Skeledirge
|-damage|p1a: Skeledirge|0 fnt
|faint|p1a: Skeledirge
|
|upkeep
|
|t:|1759042772
|switch|p1a: Araquanid|Araquanid, M|100/100
|-damage|p1a: Araquanid|76/100|[from] Stealth Rock
|turn|22
|inactive|CaptainBigBird has 120 seconds left.
|
|t:|1759042793
|move|p2a: Azumarill|Aqua Jet|p1a: Araquanid
|-resisted|p1a: Araquanid
|-damage|p1a: Araquanid|59/100
|move|p1a: Araquanid|Surf|p2a: Azumarill
|-resisted|p2a: Azumarill
|-damage|p2a: Azumarill|0 fnt
|faint|p2a: Azumarill
|
|upkeep
|
|t:|1759042811
|switch|p2a: Corviknight|Corviknight, M|33/100
|-ability|p2a: Corviknight|Pressure
|turn|23
|
|t:|1759042816
|move|p2a: Corviknight|Roost|p2a: Corviknight
|-heal|p2a: Corviknight|83/100
|-singleturn|p2a: Corviknight|move: Roost
|move|p1a: Araquanid|Surf|p2a: Corviknight
|-damage|p2a: Corviknight|0 fnt
|faint|p2a: Corviknight
|
|upkeep
|
|t:|1759042829
|switch|p2a: Blissey|Blissey, F|60/100
|turn|24
|
|t:|1759042836
|move|p2a: Blissey|Seismic Toss|p1a: Araquanid
|-damage|p1a: Araquanid|23/100
|move|p1a: Araquanid|Surf|p2a: Blissey
|-damage|p2a: Blissey|30/100
|
|upkeep
|turn|25
|inactive|CaptainBigBird has 120 seconds left.
|
|t:|1759042846
|move|p2a: Blissey|Soft-Boiled|p2a: Blissey
|-heal|p2a: Blissey|80/100
|move|p1a: Araquanid|Surf|p2a: Blissey
|-damage|p2a: Blissey|48/100
|
|upkeep
|turn|26
|
|t:|1759042854
|-terastallize|p1a: Araquanid|Water
|move|p2a: Blissey|Seismic Toss|p1a: Araquanid
|-damage|p1a: Araquanid|0 fnt
|faint|p1a: Araquanid
|
|upkeep
|
|t:|1759042858
|switch|p1a: Krookodile|Krookodile, F|100/100
|-damage|p1a: Krookodile|94/100|[from] Stealth Rock
|turn|27
|
|t:|1759042869
|move|p1a: Krookodile|Close Combat|p2a: Blissey
|-supereffective|p2a: Blissey
|-damage|p2a: Blissey|0 fnt
|-unboost|p1a: Krookodile|def|1
|-unboost|p1a: Krookodile|spd|1
|faint|p2a: Blissey
|-ability|p1a: Krookodile|Moxie|boost
|-boost|p1a: Krookodile|atk|1
|
|upkeep
|
|t:|1759042877
|switch|p2a: Meowscarada|Meowscarada, M|100/100
|turn|28
|
|t:|1759042881
|move|p2a: Meowscarada|Flower Trick|p1a: Krookodile
|-start|p2a: Meowscarada|typechange|Grass|[from] ability: Protean
|-supereffective|p1a: Krookodile
|-crit|p1a: Krookodile
|-damage|p1a: Krookodile|0 fnt
|faint|p1a: Krookodile
|
|win|CaptainBigBird
|raw|ShinyAssassinx's rating: 1204 &rarr; <strong>1178</strong><br />(-26 for losing)
|raw|CaptainBigBird's rating: 1190 &rarr; <strong>1216</strong><br />(+26 for winning)
|l|☆ShinyAssassinx
|player|p1|
|c|☆CaptainBigBird|Gg
|l|☆CaptainBigBird
|player|p2|
