|j|☆Vnshee
|j|☆PikaTheOst
|t:|1758985393
|gametype|singles
|player|p1|Vnshee|1|1241
|player|p2|PikaTheOst|169|1271
|gen|9
|tier|[Gen 9] OU
|rated|
|rule|HP Percentage Mod: HP is shown in percentages
|rule|Endless Battle Clause: Forcing endless battles is banned
|rule|Species Clause: Limit one of each Pokémon
|rule|OHKO Clause: OHKO moves are banned
|rule|Evasion Items Clause: Evasion items are banned
|rule|Evasion Moves Clause: Evasion moves are banned
|rule|Evasion Abilities Clause: Evasion abilities are banned
|rule|Sleep Moves Clause: Sleep-inducing moves are banned
|clearpoke
|poke|p1|Hydreigon, M|
|poke|p1|Feraligatr, M|
|poke|p1|Garchomp, M|
|poke|p1|Tyranitar, F|
|poke|p1|Tinkaton, F|
|poke|p1|Slowking-Galar, F|
|poke|p2|Dragapult, F|
|poke|p2|Keldeo-Resolute|
|poke|p2|Corviknight, M|
|poke|p2|Landorus-Therian, M|
|poke|p2|Slowking-Galar, F|
|poke|p2|Kingambit, F|
|teampreview
|inactive|Battle timer is ON: inactive players will automatically lose when time's up. (requested by PikaTheOst)
|
|t:|1758985405
|teamsize|p1|6
|teamsize|p2|6
|start
|switch|p1a: Tinkaton|Tinkaton, F|100/100
|switch|p2a: Keldeo|Keldeo-Resolute|100/100
|-ability|p1a: Tinkaton|Mold Breaker
|turn|1
|
|t:|1758985412
|move|p2a: Keldeo|Surf|p1a: Tinkaton
|-damage|p1a: Tinkaton|53/100
|move|p1a: Tinkaton|Thunder Wave|p2a: Keldeo
|-status|p2a: Keldeo|par
|
|-heal|p1a: Tinkaton|59/100|[from] item: Leftovers
|upkeep
|turn|2
|
|t:|1758985421
|switch|p2a: Landorus|Landorus-Therian, M, shiny|100/100
|-ability|p2a: Landorus|Intimidate|boost
|-unboost|p1a: Tinkaton|atk|1
|move|p1a: Tinkaton|Stealth Rock|p2a: Landorus
|-sidestart|p2: PikaTheOst|move: Stealth Rock
|
|-heal|p1a: Tinkaton|65/100|[from] item: Leftovers
|upkeep
|turn|3
|
|t:|1758985436
|switch|p1a: Feraligatr|Feraligatr, M|100/100
|move|p2a: Landorus|Earthquake|p1a: Feraligatr
|-damage|p1a: Feraligatr|63/100
|
|upkeep
|turn|4
|
|t:|1758985446
|switch|p2a: Keldeo|Keldeo-Resolute|100/100 par
|-damage|p2a: Keldeo|94/100 par|[from] Stealth Rock
|move|p1a: Feraligatr|Ice Punch|p2a: Keldeo
|-resisted|p2a: Keldeo
|-damage|p2a: Keldeo|75/100 par
|
|upkeep
|turn|5
|
|t:|1758985472
|move|p2a: Keldeo|Vacuum Wave|p1a: Feraligatr
|-crit|p1a: Feraligatr
|-damage|p1a: Feraligatr|14/100
|move|p1a: Feraligatr|Psychic Fangs|p2a: Keldeo
|-supereffective|p2a: Keldeo
|-damage|p2a: Keldeo|9/100 par
|-damage|p1a: Feraligatr|4/100|[from] item: Life Orb
|
|upkeep
|turn|6
|
|t:|1758985482
|move|p2a: Keldeo|Vacuum Wave|p1a: Feraligatr
|-damage|p1a: Feraligatr|0 fnt
|faint|p1a: Feraligatr
|
|upkeep
|
|t:|1758985491
|switch|p1a: Slowking|Slowking-Galar, F|100/100
|turn|7
|
|t:|1758985503
|switch|p2a: Corviknight|Corviknight, M|100/100
|-ability|p2a: Corviknight|Pressure
|move|p1a: Slowking|Sludge Wave|p2a: Corviknight
|-immune|p2a: Corviknight
|
|upkeep
|turn|8
|
|t:|1758985513
|move|p2a: Corviknight|Defog|p1a: Slowking
|-unboost|p1a: Slowking|evasion|1
|-sideend|p2: PikaTheOst|Stealth Rock|[from] move: Defog|[of] p2a: Corviknight
|move|p1a: Slowking|Fire Blast|p2a: Corviknight|[miss]
|-miss|p1a: Slowking|p2a: Corviknight
|
|upkeep
|turn|9
|
|t:|1758985520
|move|p2a: Corviknight|U-turn|p1a: Slowking
|-damage|p1a: Slowking|88/100
|
|t:|1758985529
|switch|p2a: Keldeo|Keldeo-Resolute|9/100 par|[from] U-turn
|move|p1a: Slowking|Fire Blast|p2a: Keldeo
|-resisted|p2a: Keldeo
|-damage|p2a: Keldeo|0 fnt
|faint|p2a: Keldeo
|
|upkeep
|
|t:|1758985535
|switch|p2a: Landorus|Landorus-Therian, M, shiny|100/100
|-ability|p2a: Landorus|Intimidate|boost
|-unboost|p1a: Slowking|atk|1
|turn|10
|
|t:|1758985544
|switch|p1a: Hydreigon|Hydreigon, M|100/100
|move|p2a: Landorus|Stealth Rock|p1a: Hydreigon
|-sidestart|p1: Vnshee|move: Stealth Rock
|
|upkeep
|turn|11
|
|t:|1758985552
|move|p1a: Hydreigon|Dark Pulse|p2a: Landorus
|-damage|p2a: Landorus|42/100
|move|p2a: Landorus|U-turn|p1a: Hydreigon
|-supereffective|p1a: Hydreigon
|-damage|p1a: Hydreigon|44/100
|
|t:|1758985561
|switch|p2a: Dragapult|Dragapult, F|100/100|[from] U-turn
|
|upkeep
|turn|12
|
|t:|1758985568
|move|p1a: Hydreigon|Dark Pulse|p2a: Dragapult
|-supereffective|p2a: Dragapult
|-damage|p2a: Dragapult|0 fnt
|faint|p2a: Dragapult
|
|upkeep
|
|t:|1758985581
|switch|p2a: Kingambit|Kingambit, F, shiny|100/100
|-activate|p2a: Kingambit|ability: Supreme Overlord
|-start|p2a: Kingambit|fallen2|[silent]
|turn|13
|
|t:|1758985594
|switch|p1a: Tinkaton|Tinkaton, F|65/100
|-damage|p1a: Tinkaton|59/100|[from] Stealth Rock
|-ability|p1a: Tinkaton|Mold Breaker
|move|p2a: Kingambit|Iron Head|p1a: Tinkaton
|-damage|p1a: Tinkaton|7/100
|
|-heal|p1a: Tinkaton|14/100|[from] item: Leftovers
|upkeep
|turn|14
|
|t:|1758985605
|-end|p2a: Kingambit|fallen2|[silent]
|switch|p2a: Landorus|Landorus-Therian, M, shiny|42/100
|-ability|p2a: Landorus|Intimidate|boost
|-unboost|p1a: Tinkaton|atk|1
|move|p1a: Tinkaton|Gigaton Hammer|p2a: Landorus
|-damage|p2a: Landorus|8/100
|
|-heal|p1a: Tinkaton|20/100|[from] item: Leftovers
|upkeep
|turn|15
|
|t:|1758985621
|switch|p1a: Garchomp|Garchomp, M|100/100
|-damage|p1a: Garchomp|94/100|[from] Stealth Rock
|move|p2a: Landorus|U-turn|p1a: Garchomp
|-damage|p1a: Garchomp|76/100
|-damage|p2a: Landorus|0 fnt|[from] ability: Rough Skin|[of] p1a: Garchomp
|faint|p2a: Landorus
|
|upkeep
|
|t:|1758985629
|switch|p2a: Slowking|Slowking-Galar, F, shiny|100/100
|turn|16
|
|t:|1758985636
|move|p2a: Slowking|Ice Beam|p1a: Garchomp
|-supereffective|p1a: Garchomp
|-damage|p1a: Garchomp|0 fnt
|faint|p1a: Garchomp
|
|upkeep
|
|t:|1758985642
|switch|p1a: Tyranitar|Tyranitar, F|100/100
|-damage|p1a: Tyranitar|88/100|[from] Stealth Rock
|-weather|Sandstorm|[from] ability: Sand Stream|[of] p1a: Tyranitar
|turn|17
|
|t:|1758985648
|switch|p2a: Kingambit|Kingambit, F, shiny|100/100
|-activate|p2a: Kingambit|ability: Supreme Overlord
|-start|p2a: Kingambit|fallen3|[silent]
|move|p1a: Tyranitar|Knock Off|p2a: Kingambit
|-resisted|p2a: Kingambit
|-damage|p2a: Kingambit|84/100
|-enditem|p2a: Kingambit|Leftovers|[from] move: Knock Off|[of] p1a: Tyranitar
|
|-weather|Sandstorm|[upkeep]
|upkeep
|turn|18
|
|t:|1758985665
|move|p2a: Kingambit|Swords Dance|p2a: Kingambit
|-boost|p2a: Kingambit|atk|2
|move|p1a: Tyranitar|Dragon Tail|p2a: Kingambit
|-resisted|p2a: Kingambit
|-damage|p2a: Kingambit|77/100
|-end|p2a: Kingambit|fallen3|[silent]
|drag|p2a: Corviknight|Corviknight, M|100/100
|-ability|p2a: Corviknight|Pressure
|
|-weather|Sandstorm|[upkeep]
|upkeep
|turn|19
|
|t:|1758985680
|move|p2a: Corviknight|U-turn|p1a: Tyranitar
|-supereffective|p1a: Tyranitar
|-damage|p1a: Tyranitar|68/100
|
|t:|1758985691
|switch|p2a: Kingambit|Kingambit, F, shiny|77/100|[from] U-turn
|-activate|p2a: Kingambit|ability: Supreme Overlord
|-start|p2a: Kingambit|fallen3|[silent]
|move|p1a: Tyranitar|Knock Off|p2a: Kingambit
|-resisted|p2a: Kingambit
|-damage|p2a: Kingambit|66/100
|
|-weather|Sandstorm|[upkeep]
|upkeep
|turn|20
|inactive|PikaTheOst has 120 seconds left.
|l|☆PikaTheOst
|inactive|PikaTheOst disconnected and has a minute to reconnect!
|player|p2|
|-message|Vnshee forfeited.
|
|win|PikaTheOst
|raw|Vnshee's rating: 1241 &rarr; <strong>1218</strong><br />(-23 for losing)
|raw|PikaTheOst's rating: 1271 &rarr; <strong>1294</strong><br />(+23 for winning)
|l|☆Vnshee
|player|p1|
|j|☆PikaTheOst
|player|p2|PikaTheOst|169|
|l|☆PikaTheOst
|player|p2|
