|j|☆FoongusVGC
|j|☆Izzy'sWife
|t:|1758950372
|gametype|singles
|player|p1|FoongusVGC|doubleteam|1210
|player|p2|Izzy'sWife|170|1220
|gen|9
|tier|[Gen 9] OU
|rated|
|rule|HP Percentage Mod: HP is shown in percentages
|rule|Endless Battle Clause: Forcing endless battles is banned
|rule|Species Clause: Limit one of each Pokémon
|rule|OHKO Clause: OHKO moves are banned
|rule|Evasion Items Clause: Evasion items are banned
|rule|Evasion Moves Clause: Evasion moves are banned
|rule|Evasion Abilities Clause: Evasion abilities are banned
|rule|Sleep Moves Clause: Sleep-inducing moves are banned
|clearpoke
|poke|p1|Sandshrew, F|
|poke|p1|Diglett-Alola, M|
|poke|p1|Mienfoo, M|
|poke|p1|Cutiefly, M|
|poke|p1|Nymble, M|
|poke|p1|Impidimp, M|
|poke|p2|Alomomola, F|
|poke|p2|Dragalge, M|
|poke|p2|Lokix, F|
|poke|p2|Great Tusk|
|poke|p2|Gholdengo|
|poke|p2|Moltres|
|teampreview
|c|☆FoongusVGC|glhf
|c|☆Izzy'sWife|thank you too!
|
|t:|1758950392
|teamsize|p1|6
|teamsize|p2|6
|start
|switch|p1a: Diglett|Diglett-Alola, M|100/100
|switch|p2a: Great Tusk|Great Tusk|100/100
|turn|1
|
|t:|1758950417
|move|p2a: Great Tusk|Stealth Rock|p1a: Diglett
|-sidestart|p1: FoongusVGC|move: Stealth Rock
|move|p1a: Diglett|Foul Play|p2a: Great Tusk
|-resisted|p2a: Great Tusk
|-damage|p2a: Great Tusk|89/100
|
|upkeep
|turn|2
|
|t:|1758950429
|move|p2a: Great Tusk|Rapid Spin|p1a: Diglett
|-resisted|p1a: Diglett
|-damage|p1a: Diglett|57/100
|-boost|p2a: Great Tusk|spe|1
|-ability|p1a: Diglett|Tangling Hair
|-unboost|p2a: Great Tusk|spe|1
|move|p1a: Diglett|Foul Play|p2a: Great Tusk
|-resisted|p2a: Great Tusk
|-damage|p2a: Great Tusk|77/100
|
|upkeep
|turn|3
|
|t:|1758950438
|move|p2a: Great Tusk|Rapid Spin|p1a: Diglett
|-resisted|p1a: Diglett
|-damage|p1a: Diglett|14/100
|-boost|p2a: Great Tusk|spe|1
|-ability|p1a: Diglett|Tangling Hair
|-unboost|p2a: Great Tusk|spe|1
|move|p1a: Diglett|Foul Play|p2a: Great Tusk
|-resisted|p2a: Great Tusk
|-damage|p2a: Great Tusk|64/100
|
|upkeep
|turn|4
|
|t:|1758950441
|move|p2a: Great Tusk|Rapid Spin|p1a: Diglett
|-resisted|p1a: Diglett
|-damage|p1a: Diglett|0 fnt
|-boost|p2a: Great Tusk|spe|1
|-ability|p1a: Diglett|Tangling Hair
|-unboost|p2a: Great Tusk|spe|1
|faint|p1a: Diglett
|
|upkeep
|
|t:|1758950453
|switch|p1a: Sandshrew|Sandshrew, F|100/100
|-damage|p1a: Sandshrew|94/100|[from] Stealth Rock
|turn|5
|
|t:|1758950476
|-end|p2a: Great Tusk|Protosynthesis|[silent]
|switch|p2a: Gholdengo|Gholdengo|100/100
|move|p1a: Sandshrew|Rapid Spin|p2a: Gholdengo
|-immune|p2a: Gholdengo
|
|upkeep
|turn|6
|
|t:|1758950487
|move|p2a: Gholdengo|Shadow Ball|p1a: Sandshrew
|-damage|p1a: Sandshrew|0 fnt
|faint|p1a: Sandshrew
|
|upkeep
|
|t:|1758950499
|switch|p1a: Impidimp|Impidimp, M|100/100
|-damage|p1a: Impidimp|88/100|[from] Stealth Rock
|turn|7
|
|t:|1758950519
|switch|p2a: Lokix|Lokix, F|100/100
|move|p1a: Impidimp|Light Screen|p1a: Impidimp
|-sidestart|p1: FoongusVGC|move: Light Screen
|
|upkeep
|turn|8
|
|t:|1758950535
|move|p2a: Lokix|First Impression|p1a: Impidimp
|-damage|p1a: Impidimp|0 fnt
|faint|p1a: Impidimp
|
|upkeep
|
|t:|1758950537
|switch|p1a: Nymble|Nymble, M|100/100
|-damage|p1a: Nymble|75/100|[from] Stealth Rock
|turn|9
|
|t:|1758950571
|switch|p2a: Moltres|Moltres|100/100
|move|p1a: Nymble|First Impression|p2a: Moltres
|-resisted|p2a: Moltres
|-damage|p2a: Moltres|82/100
|-status|p1a: Nymble|brn|[from] ability: Flame Body|[of] p2a: Moltres
|-damage|p1a: Nymble|66/100 brn|[from] item: Life Orb
|
|-damage|p1a: Nymble|60/100 brn|[from] brn
|upkeep
|turn|10
|
|t:|1758950583
|move|p1a: Nymble|Sucker Punch|p2a: Moltres
|-damage|p2a: Moltres|73/100
|-damage|p1a: Nymble|50/100 brn|[from] item: Life Orb
|move|p2a: Moltres|U-turn|p1a: Nymble
|-damage|p1a: Nymble|2/100 brn
|
|t:|1758950590
|switch|p2a: Lokix|Lokix, F|100/100|[from] U-turn
|
|-damage|p1a: Nymble|0 fnt|[from] brn
|faint|p1a: Nymble
|upkeep
|
|t:|1758950603
|switch|p1a: Cutiefly|Cutiefly, M|100/100
|-damage|p1a: Cutiefly|76/100|[from] Stealth Rock
|turn|11
|inactive|Battle timer is ON: inactive players will automatically lose when time's up. (requested by FoongusVGC)
|
|t:|1758950642
|move|p1a: Cutiefly|Sticky Web|p2a: Lokix
|-sidestart|p2: Izzy'sWife|move: Sticky Web
|move|p2a: Lokix|Lunge|p1a: Cutiefly
|-resisted|p1a: Cutiefly
|-crit|p1a: Cutiefly
|-damage|p1a: Cutiefly|0 fnt
|faint|p1a: Cutiefly
|
|upkeep
|
|t:|1758950649
|switch|p1a: Mienfoo|Mienfoo, M|100/100
|-damage|p1a: Mienfoo|94/100|[from] Stealth Rock
|turn|12
|
|t:|1758950654
|move|p2a: Lokix|Lunge|p1a: Mienfoo
|-resisted|p1a: Mienfoo
|-damage|p1a: Mienfoo|0 fnt
|faint|p1a: Mienfoo
|
|win|Izzy'sWife
|raw|FoongusVGC's rating: 1210 &rarr; <strong>1186</strong><br />(-24 for losing)
|raw|Izzy&apos;sWife's rating: 1220 &rarr; <strong>1244</strong><br />(+24 for winning)
|l|☆FoongusVGC
|player|p1|
|l|☆Izzy'sWife
|player|p2|
