|j|☆wan_idk
|j|☆ettiriddure
|t:|1759063085
|gametype|singles
|player|p1|wan_idk|169|1457
|player|p2|ettiriddure|hilbert|1432
|gen|9
|tier|[Gen 9] OU
|rated|
|rule|HP Percentage Mod: HP is shown in percentages
|rule|Endless Battle Clause: Forcing endless battles is banned
|rule|Species Clause: Limit one of each Pokémon
|rule|OHKO Clause: OHKO moves are banned
|rule|Evasion Items Clause: Evasion items are banned
|rule|Evasion Moves Clause: Evasion moves are banned
|rule|Evasion Abilities Clause: Evasion abilities are banned
|rule|Sleep Moves Clause: Sleep-inducing moves are banned
|clearpoke
|poke|p1|Ribombee, M|
|poke|p1|Dragonite, M|
|poke|p1|Iron Valiant|
|poke|p1|Enamorus, F|
|poke|p1|Kyurem|
|poke|p1|Iron Moth|
|poke|p2|Slowbro, F|
|poke|p2|Great Tusk|
|poke|p2|Iron Crown|
|poke|p2|Ogerpon-Wellspring, F|
|poke|p2|Cinderace, M|
|poke|p2|Zapdos|
|teampreview
|inactive|Battle timer is ON: inactive players will automatically lose when time's up. (requested by ettiriddure)
|
|t:|1759063092
|teamsize|p1|6
|teamsize|p2|6
|start
|switch|p1a: Ribombee|Ribombee, M|100/100
|switch|p2a: Iron Crown|Iron Crown|100/100
|turn|1
|
|t:|1759063097
|move|p1a: Ribombee|Sticky Web|p2a: Iron Crown
|-sidestart|p2: ettiriddure|move: Sticky Web
|move|p2a: Iron Crown|Tachyon Cutter|p1a: Ribombee
|-supereffective|p1a: Ribombee
|-damage|p1a: Ribombee|12/100
|-supereffective|p1a: Ribombee
|-damage|p1a: Ribombee|0 fnt
|faint|p1a: Ribombee
|-hitcount|p1: Ribombee|2
|
|upkeep
|
|t:|1759063106
|switch|p1a: Iron Moth|Iron Moth|100/100
|-enditem|p1a: Iron Moth|Booster Energy
|-activate|p1a: Iron Moth|ability: Quark Drive|[fromitem]
|-start|p1a: Iron Moth|quarkdrivespe
|turn|2
|
|t:|1759063118
|move|p1a: Iron Moth|Fiery Dance|p2a: Iron Crown
|-supereffective|p2a: Iron Crown
|-damage|p2a: Iron Crown|53/100
|move|p2a: Iron Crown|Psychic Noise|p1a: Iron Moth
|-supereffective|p1a: Iron Moth
|-damage|p1a: Iron Moth|21/100
|-start|p1a: Iron Moth|move: Heal Block
|
|upkeep
|turn|3
|
|t:|1759063133
|move|p1a: Iron Moth|Fiery Dance|p2a: Iron Crown
|-supereffective|p2a: Iron Crown
|-damage|p2a: Iron Crown|8/100
|move|p2a: Iron Crown|Volt Switch|p1a: Iron Moth
|-damage|p1a: Iron Moth|0 fnt
|faint|p1a: Iron Moth
|-end|p1a: Iron Moth|Quark Drive|[silent]
|
|t:|1759063146
|-end|p2a: Iron Crown|Quark Drive|[silent]
|switch|p2a: Cinderace|Cinderace, M|100/100|[from] Volt Switch
|
|upkeep
|
|t:|1759063156
|switch|p1a: Enamorus|Enamorus, F|100/100
|turn|4
|
|t:|1759063167
|switch|p2a: Iron Crown|Iron Crown|8/100
|-activate|p2a: Iron Crown|move: Sticky Web
|-unboost|p2a: Iron Crown|spe|1
|-terastallize|p1a: Enamorus|Stellar
|move|p1a: Enamorus|Tera Blast|p2a: Iron Crown|[anim] Tera Blast Stellar
|-damage|p2a: Iron Crown|0 fnt
|-boost|p1a: Enamorus|atk|1
|-boost|p1a: Enamorus|spa|1
|faint|p2a: Iron Crown
|-end|p2a: Iron Crown|Quark Drive|[silent]
|
|upkeep
|
|t:|1759063188
|switch|p2a: Zapdos|Zapdos|100/100
|turn|5
|
|t:|1759063194
|move|p1a: Enamorus|Tera Blast|p2a: Zapdos|[anim] Tera Blast Stellar
|-damage|p2a: Zapdos|23/100
|-boost|p1a: Enamorus|atk|1
|-boost|p1a: Enamorus|spa|1
|move|p2a: Zapdos|Discharge|p1a: Enamorus
|-supereffective|p1a: Enamorus
|-damage|p1a: Enamorus|9/100
|
|upkeep
|turn|6
|j| humphey8
|
|t:|1759063204
|move|p1a: Enamorus|Tera Blast|p2a: Zapdos|[anim] Tera Blast Stellar
|-damage|p2a: Zapdos|0 fnt
|-boost|p1a: Enamorus|atk|1
|-boost|p1a: Enamorus|spa|1
|faint|p2a: Zapdos
|
|upkeep
|
|t:|1759063208
|switch|p2a: Cinderace|Cinderace, M|100/100
|turn|7
|
|t:|1759063221
|move|p2a: Cinderace|Low Kick|p1a: Enamorus
|-start|p2a: Cinderace|typechange|Fighting|[from] ability: Libero
|-resisted|p1a: Enamorus
|-damage|p1a: Enamorus|0 fnt
|faint|p1a: Enamorus
|
|upkeep
|
|t:|1759063231
|switch|p1a: Iron Valiant|Iron Valiant|100/100
|-enditem|p1a: Iron Valiant|Booster Energy
|-activate|p1a: Iron Valiant|ability: Quark Drive|[fromitem]
|-start|p1a: Iron Valiant|quarkdrivespe
|turn|8
|
|t:|1759063239
|move|p1a: Iron Valiant|Calm Mind|p1a: Iron Valiant
|-boost|p1a: Iron Valiant|spa|1
|-boost|p1a: Iron Valiant|spd|1
|move|p2a: Cinderace|Will-O-Wisp|p1a: Iron Valiant
|-status|p1a: Iron Valiant|brn
|
|-damage|p1a: Iron Valiant|94/100 brn|[from] brn
|upkeep
|turn|9
|
|t:|1759063252
|switch|p2a: Great Tusk|Great Tusk|100/100
|move|p1a: Iron Valiant|Moonblast|p2a: Great Tusk
|-supereffective|p2a: Great Tusk
|-damage|p2a: Great Tusk|0 fnt
|faint|p2a: Great Tusk
|-end|p2a: Great Tusk|Protosynthesis|[silent]
|
|-damage|p1a: Iron Valiant|88/100 brn|[from] brn
|upkeep
|
|t:|1759063257
|switch|p2a: Ogerpon|Ogerpon-Wellspring, F|100/100
|-activate|p2a: Ogerpon|move: Sticky Web
|-unboost|p2a: Ogerpon|spe|1
|turn|10
|l| humphey8
|
|t:|1759063265
|-terastallize|p2a: Ogerpon|Water
|detailschange|p2a: Ogerpon|Ogerpon-Wellspring-Tera, F, tera:Water
|-ability|p2a: Ogerpon|Embody Aspect (Wellspring)|boost
|-boost|p2a: Ogerpon|spd|1
|move|p1a: Iron Valiant|Moonblast|p2a: Ogerpon
|-damage|p2a: Ogerpon|43/100
|-unboost|p2a: Ogerpon|spa|1
|move|p2a: Ogerpon|Ivy Cudgel|p1a: Iron Valiant|[anim] Ivy Cudgel Water
|-damage|p1a: Iron Valiant|0 fnt
|faint|p1a: Iron Valiant
|-end|p1a: Iron Valiant|Quark Drive|[silent]
|
|upkeep
|
|t:|1759063278
|switch|p1a: Kyurem|Kyurem|100/100
|-ability|p1a: Kyurem|Pressure
|turn|11
|
|t:|1759063283
|move|p1a: Kyurem|Scale Shot|p2a: Ogerpon
|-damage|p2a: Ogerpon|26/100
|-damage|p2a: Ogerpon|7/100
|-damage|p2a: Ogerpon|0 fnt
|faint|p2a: Ogerpon
|detailschange|p2: Ogerpon|Ogerpon-Wellspring, F|[silent]
|-hitcount|p2: Ogerpon|3
|-unboost|p1a: Kyurem|def|1
|-boost|p1a: Kyurem|spe|1
|
|upkeep
|
|t:|1759063288
|switch|p2a: Slowbro|Slowbro, F|100/100
|turn|12
|
|t:|1759063294
|move|p1a: Kyurem|Scale Shot|p2a: Slowbro
|-damage|p2a: Slowbro|92/100
|-damage|p2a: Slowbro|84/100
|-damage|p2a: Slowbro|76/100
|-damage|p2a: Slowbro|68/100
|-damage|p2a: Slowbro|60/100
|-hitcount|p2a: Slowbro|5
|-unboost|p1a: Kyurem|def|1
|-boost|p1a: Kyurem|spe|1
|move|p2a: Slowbro|Slack Off|p2a: Slowbro
|-heal|p2a: Slowbro|100/100
|
|upkeep
|turn|13
|
|t:|1759063301
|move|p1a: Kyurem|Dragon Dance|p1a: Kyurem
|-boost|p1a: Kyurem|atk|1
|-boost|p1a: Kyurem|spe|1
|move|p2a: Slowbro|Scald|p1a: Kyurem
|-resisted|p1a: Kyurem
|-damage|p1a: Kyurem|87/100
|-status|p1a: Kyurem|brn
|
|-damage|p1a: Kyurem|81/100 brn|[from] brn
|upkeep
|turn|14
|
|t:|1759063310
|move|p1a: Kyurem|Dragon Dance|p1a: Kyurem
|-boost|p1a: Kyurem|atk|1
|-boost|p1a: Kyurem|spe|1
|move|p2a: Slowbro|Psyshock|p1a: Kyurem
|-damage|p1a: Kyurem|28/100 brn
|
|-damage|p1a: Kyurem|21/100 brn|[from] brn
|upkeep
|turn|15
|
|t:|1759063316
|move|p1a: Kyurem|Scale Shot|p2a: Slowbro
|-damage|p2a: Slowbro|93/100
|-damage|p2a: Slowbro|85/100
|-damage|p2a: Slowbro|77/100
|-damage|p2a: Slowbro|70/100
|-hitcount|p2a: Slowbro|4
|-unboost|p1a: Kyurem|def|1
|-boost|p1a: Kyurem|spe|1
|move|p2a: Slowbro|Psyshock|p1a: Kyurem
|-damage|p1a: Kyurem|0 fnt
|faint|p1a: Kyurem
|
|upkeep
|
|t:|1759063321
|switch|p1a: Dragonite|Dragonite, M|100/100
|turn|16
|
|t:|1759063329
|switch|p2a: Cinderace|Cinderace, M|100/100
|move|p1a: Dragonite|Encore||[still]
|-fail|p1a: Dragonite
|
|upkeep
|turn|17
|
|t:|1759063333
|move|p2a: Cinderace|Will-O-Wisp|p1a: Dragonite
|-status|p1a: Dragonite|brn
|move|p1a: Dragonite|Earthquake|p2a: Cinderace
|-supereffective|p2a: Cinderace
|-damage|p2a: Cinderace|46/100
|
|-damage|p1a: Dragonite|94/100 brn|[from] brn
|upkeep
|turn|18
|
|t:|1759063341
|move|p2a: Cinderace|Pyro Ball|p1a: Dragonite
|-resisted|p1a: Dragonite
|-damage|p1a: Dragonite|64/100 brn
|move|p1a: Dragonite|Earthquake|p2a: Cinderace
|-supereffective|p2a: Cinderace
|-damage|p2a: Cinderace|0 fnt
|faint|p2a: Cinderace
|
|-damage|p1a: Dragonite|58/100 brn|[from] brn
|upkeep
|
|t:|1759063346
|switch|p2a: Slowbro|Slowbro, F|100/100
|turn|19
|
|t:|1759063352
|move|p1a: Dragonite|Dragon Dance|p1a: Dragonite
|-boost|p1a: Dragonite|atk|1
|-boost|p1a: Dragonite|spe|1
|move|p2a: Slowbro|Psyshock|p1a: Dragonite
|-damage|p1a: Dragonite|27/100 brn
|
|-damage|p1a: Dragonite|21/100 brn|[from] brn
|upkeep
|turn|20
|
|t:|1759063359
|move|p1a: Dragonite|Earthquake|p2a: Slowbro
|-damage|p2a: Slowbro|84/100
|move|p2a: Slowbro|Psyshock|p1a: Dragonite
|-damage|p1a: Dragonite|0 fnt
|faint|p1a: Dragonite
|
|win|ettiriddure
|raw|wan_idk's rating: 1457 &rarr; <strong>1436</strong><br />(-21 for losing)
|raw|ettiriddure's rating: 1432 &rarr; <strong>1453</strong><br />(+21 for winning)
|l|☆wan_idk
|player|p1|
|l|☆ettiriddure
|player|p2|
