|j|☆TheTired
|j|☆lerendezvous
|t:|1758919892
|gametype|singles
|player|p1|TheTired|colress|1706
|player|p2|lerendezvous|101|1706
|gen|9
|tier|[Gen 9] OU
|rated|
|rule|HP Percentage Mod: HP is shown in percentages
|rule|Endless Battle Clause: Forcing endless battles is banned
|rule|Species Clause: Limit one of each Pokémon
|rule|OHKO Clause: OHKO moves are banned
|rule|Evasion Items Clause: Evasion items are banned
|rule|Evasion Moves Clause: Evasion moves are banned
|rule|Evasion Abilities Clause: Evasion abilities are banned
|rule|Sleep Moves Clause: Sleep-inducing moves are banned
|clearpoke
|poke|p1|Indeedee, M|
|poke|p1|Hatterene, F|
|poke|p1|Ursaluna, F|
|poke|p1|Iron Hands|
|poke|p1|Hoopa-Unbound|
|poke|p1|Mimikyu, F|
|poke|p2|Ogerpon-Wellspring, F|
|poke|p2|Slowking-Galar, M|
|poke|p2|Great Tusk|
|poke|p2|Moltres|
|poke|p2|Dragapult, M|
|poke|p2|Kingambit, M|
|teampreview
|
|t:|1758919900
|teamsize|p1|6
|teamsize|p2|6
|start
|switch|p1a: Indeedee|Indeedee, M, shiny|100/100
|switch|p2a: Ogerpon|Ogerpon-Wellspring, F|100/100
|-fieldstart|move: Psychic Terrain|[from] ability: Psychic Surge|[of] p1a: Indeedee
|turn|1
|inactive|Battle timer is ON: inactive players will automatically lose when time's up. (requested by lerendezvous)
|
|t:|1758919906
|move|p2a: Ogerpon|Power Whip|p1a: Indeedee
|-damage|p1a: Indeedee|18/100
|move|p1a: Indeedee|Trick Room|p1a: Indeedee
|-fieldstart|move: Trick Room|[of] p1a: Indeedee
|
|upkeep
|turn|2
|
|t:|1758919918
|switch|p1a: Hoopa|Hoopa-Unbound|100/100
|-enditem|p1a: Hoopa|Psychic Seed
|-boost|p1a: Hoopa|spd|1|[from] item: Psychic Seed
|switch|p2a: Kingambit|Kingambit, M|100/100
|
|upkeep
|turn|3
|
|t:|1758919923
|move|p1a: Hoopa|Focus Blast|p2a: Kingambit|[miss]
|-miss|p1a: Hoopa|p2a: Kingambit
|move|p2a: Kingambit|Swords Dance|p2a: Kingambit
|-boost|p2a: Kingambit|atk|2
|
|upkeep
|turn|4
|
|t:|1758919931
|-terastallize|p2a: Kingambit|Ghost
|move|p1a: Hoopa|Focus Blast|p2a: Kingambit
|-immune|p2a: Kingambit
|move|p2a: Kingambit|Low Kick|p1a: Hoopa
|-damage|p1a: Hoopa|9/100
|
|upkeep
|turn|5
|
|t:|1758919939
|-end|p2a: Kingambit|fallenundefined|[silent]
|switch|p2a: Great Tusk|Great Tusk|100/100
|move|p1a: Hoopa|Hyperspace Fury|p2a: Great Tusk
|-resisted|p2a: Great Tusk
|-damage|p2a: Great Tusk|80/100
|-unboost|p1a: Hoopa|def|1
|-item|p1a: Hoopa|Rocky Helmet|[from] ability: Magician|[of] p2a: Great Tusk
|
|-fieldend|move: Trick Room
|upkeep
|turn|6
|
|t:|1758919945
|move|p2a: Great Tusk|Headlong Rush|p1a: Hoopa
|-damage|p1a: Hoopa|0 fnt
|-unboost|p2a: Great Tusk|def|1
|-unboost|p2a: Great Tusk|spd|1
|-damage|p2a: Great Tusk|64/100|[from] item: Rocky Helmet|[of] p1a: Hoopa
|faint|p1a: Hoopa
|
|upkeep
|
|t:|1758919949
|switch|p1a: Hatterene|Hatterene, F, shiny|100/100
|turn|7
|
|t:|1758919955
|-end|p2a: Great Tusk|Protosynthesis|[silent]
|switch|p2a: Kingambit|Kingambit, M, tera:Ghost|100/100
|move|p1a: Hatterene|Trick Room|p1a: Hatterene
|-fieldstart|move: Trick Room|[of] p1a: Hatterene
|
|upkeep
|turn|8
|
|t:|1758919960
|-terastallize|p1a: Hatterene|Stellar
|move|p1a: Hatterene|Expanding Force|p2a: Kingambit
|-damage|p2a: Kingambit|0 fnt
|faint|p2a: Kingambit
|-end|p2a: Kingambit|fallenundefined|[silent]
|-damage|p1a: Hatterene|91/100|[from] item: Life Orb
|
|-fieldend|move: Psychic Terrain
|upkeep
|
|t:|1758919972
|switch|p2a: Ogerpon|Ogerpon-Wellspring, F|100/100
|turn|9
|
|t:|1758919980
|switch|p1a: Indeedee|Indeedee, M, shiny|18/100
|-fieldstart|move: Psychic Terrain|[from] ability: Psychic Surge|[of] p1a: Indeedee
|switch|p2a: Slowking|Slowking-Galar, M|100/100
|
|upkeep
|turn|10
|
|t:|1758919985
|switch|p1a: Ursaluna|Ursaluna, F, shiny|100/100
|move|p2a: Slowking|Psyshock|p1a: Ursaluna
|-damage|p1a: Ursaluna|68/100
|
|-status|p1a: Ursaluna|brn|[from] item: Flame Orb
|upkeep
|turn|11
|
|t:|1758919997
|move|p2a: Slowking|Ice Beam|p1a: Ursaluna
|-supereffective|p1a: Ursaluna
|-damage|p1a: Ursaluna|21/100 brn
|move|p1a: Ursaluna|Facade|p2a: Slowking
|-damage|p2a: Slowking|0 fnt
|faint|p2a: Slowking
|
|-damage|p1a: Ursaluna|15/100 brn|[from] brn
|-fieldend|move: Trick Room
|upkeep
|
|t:|1758920008
|switch|p2a: Ogerpon|Ogerpon-Wellspring, F|100/100
|turn|12
|
|t:|1758920013
|switch|p1a: Indeedee|Indeedee, M, shiny|18/100
|move|p2a: Ogerpon|Power Whip|p1a: Indeedee
|-damage|p1a: Indeedee|0 fnt
|faint|p1a: Indeedee
|
|upkeep
|
|t:|1758920022
|switch|p1a: Hatterene|Hatterene, F, shiny, tera:Stellar|91/100
|turn|13
|
|t:|1758920027
|move|p2a: Ogerpon|Power Whip|p1a: Hatterene
|-damage|p1a: Hatterene|10/100
|move|p1a: Hatterene|Trick Room|p1a: Hatterene
|-fieldstart|move: Trick Room|[of] p1a: Hatterene
|
|upkeep
|turn|14
|
|t:|1758920035
|switch|p2a: Great Tusk|Great Tusk|64/100
|move|p1a: Hatterene|Draining Kiss|p2a: Great Tusk
|-supereffective|p2a: Great Tusk
|-damage|p2a: Great Tusk|0 fnt
|-heal|p1a: Hatterene|66/100|[from] drain|[of] p2a: Great Tusk
|faint|p2a: Great Tusk
|-end|p2a: Great Tusk|Protosynthesis|[silent]
|-damage|p1a: Hatterene|56/100|[from] item: Life Orb
|
|upkeep
|
|t:|1758920042
|switch|p2a: Moltres|Moltres|100/100
|turn|15
|
|t:|1758920048
|move|p1a: Hatterene|Expanding Force|p2a: Moltres
|-damage|p2a: Moltres|0 fnt
|faint|p2a: Moltres
|-damage|p1a: Hatterene|46/100|[from] item: Life Orb
|
|upkeep
|
|t:|1758920055
|switch|p2a: Ogerpon|Ogerpon-Wellspring, F|100/100
|turn|16
|
|t:|1758920060
|move|p1a: Hatterene|Expanding Force|p2a: Ogerpon
|-damage|p2a: Ogerpon|0 fnt
|faint|p2a: Ogerpon
|-damage|p1a: Hatterene|36/100|[from] item: Life Orb
|
|-fieldend|move: Psychic Terrain
|upkeep
|
|t:|1758920067
|switch|p2a: Dragapult|Dragapult, M|100/100
|turn|17
|
|t:|1758920072
|move|p1a: Hatterene|Draining Kiss|p2a: Dragapult
|-supereffective|p2a: Dragapult
|-damage|p2a: Dragapult|0 fnt
|-heal|p1a: Hatterene|100/100|[from] drain|[of] p2a: Dragapult
|faint|p2a: Dragapult
|-damage|p1a: Hatterene|91/100|[from] item: Life Orb
|
|win|TheTired
|raw|TheTired's rating: 1706 &rarr; <strong>1726</strong><br />(+20 for winning)
|raw|lerendezvous's rating: 1706 &rarr; <strong>1686</strong><br />(-20 for losing)
