|j|☆jibreel69
|j|☆Evil Redward
|t:|1759009718
|gametype|singles
|player|p1|jibreel69|265|1450
|player|p2|Evil Redward|265|1436
|gen|9
|tier|[Gen 9] OU
|rated|
|rule|HP Percentage Mod: HP is shown in percentages
|rule|Endless Battle Clause: Forcing endless battles is banned
|rule|Species Clause: Limit one of each Pokémon
|rule|OHKO Clause: OHKO moves are banned
|rule|Evasion Items Clause: Evasion items are banned
|rule|Evasion Moves Clause: Evasion moves are banned
|rule|Evasion Abilities Clause: Evasion abilities are banned
|rule|Sleep Moves Clause: Sleep-inducing moves are banned
|clearpoke
|poke|p1|Tinkaton, F|
|poke|p1|Great Tusk|
|poke|p1|Garganacl, M|
|poke|p1|Keldeo-Resolute|
|poke|p1|Zapdos|
|poke|p1|Dragapult, F|
|poke|p2|Skeledirge, F|
|poke|p2|Ogerpon, F|
|poke|p2|Corviknight, F|
|poke|p2|Weezing-Galar, F|
|poke|p2|Keldeo-Resolute|
|poke|p2|Ting-Lu|
|teampreview
|inactive|Battle timer is ON: inactive players will automatically lose when time's up. (requested by Evil Redward)
|
|t:|1759009737
|teamsize|p1|6
|teamsize|p2|6
|start
|switch|p1a: Zapdos|Zapdos|100/100
|switch|p2a: Ting-Lu|Ting-Lu|100/100
|-ability|p2a: Ting-Lu|Vessel of Ruin
|turn|1
|
|t:|1759009753
|switch|p1a: Tinkaton|Tinkaton, F|100/100
|-ability|p1a: Tinkaton|Mold Breaker
|-item|p1a: Tinkaton|Air Balloon
|move|p2a: Ting-Lu|Ruination|p1a: Tinkaton
|-damage|p1a: Tinkaton|51/100
|-enditem|p1a: Tinkaton|Air Balloon
|
|upkeep
|turn|2
|
|t:|1759009767
|move|p1a: Tinkaton|Stealth Rock|p2a: Ting-Lu
|-sidestart|p2: Evil Redward|move: Stealth Rock
|move|p2a: Ting-Lu|Earthquake|p1a: Tinkaton
|-supereffective|p1a: Tinkaton
|-damage|p1a: Tinkaton|0 fnt
|faint|p1a: Tinkaton
|
|upkeep
|
|t:|1759009774
|switch|p1a: Keldeo|Keldeo-Resolute|100/100
|turn|3
|
|t:|1759009790
|move|p1a: Keldeo|Surf|p2a: Ting-Lu
|-supereffective|p2a: Ting-Lu
|-damage|p2a: Ting-Lu|39/100
|move|p2a: Ting-Lu|Ruination|p1a: Keldeo
|-damage|p1a: Keldeo|51/100
|-ability|p1a: Keldeo|Justified|boost
|-boost|p1a: Keldeo|atk|1
|
|-heal|p2a: Ting-Lu|45/100|[from] item: Leftovers
|upkeep
|turn|4
|
|t:|1759009804
|switch|p1a: Zapdos|Zapdos|100/100
|switch|p2a: Ogerpon|Ogerpon, F|100/100
|-damage|p2a: Ogerpon|88/100|[from] Stealth Rock
|
|upkeep
|turn|5
|
|t:|1759009822
|switch|p2a: Ting-Lu|Ting-Lu|45/100
|-damage|p2a: Ting-Lu|39/100|[from] Stealth Rock
|-ability|p2a: Ting-Lu|Vessel of Ruin
|move|p1a: Zapdos|Hurricane|p2a: Ting-Lu|[miss]
|-miss|p1a: Zapdos|p2a: Ting-Lu
|
|-heal|p2a: Ting-Lu|45/100|[from] item: Leftovers
|upkeep
|turn|6
|
|t:|1759009835
|move|p1a: Zapdos|Hurricane|p2a: Ting-Lu
|-damage|p2a: Ting-Lu|25/100
|move|p2a: Ting-Lu|Ruination|p1a: Zapdos|[miss]
|-miss|p2a: Ting-Lu|p1a: Zapdos
|
|-heal|p2a: Ting-Lu|31/100|[from] item: Leftovers
|upkeep
|turn|7
|
|t:|1759009853
|move|p1a: Zapdos|Hurricane|p2a: Ting-Lu
|-damage|p2a: Ting-Lu|12/100
|move|p2a: Ting-Lu|Stealth Rock|p1a: Zapdos
|-sidestart|p1: jibreel69|move: Stealth Rock
|
|-heal|p2a: Ting-Lu|18/100|[from] item: Leftovers
|upkeep
|turn|8
|
|t:|1759009867
|move|p1a: Zapdos|Hurricane|p2a: Ting-Lu
|-damage|p2a: Ting-Lu|0 fnt
|faint|p2a: Ting-Lu
|
|upkeep
|inactive|Evil Redward has 120 seconds left.
|
|t:|1759009881
|switch|p2a: Skeledirge|Skeledirge, F|100/100
|turn|9
|inactive|Evil Redward has 120 seconds left.
|
|t:|1759009894
|move|p1a: Zapdos|Thunder Wave|p2a: Skeledirge
|-status|p2a: Skeledirge|par
|cant|p2a: Skeledirge|par
|
|upkeep
|turn|10
|inactive|Evil Redward has 120 seconds left.
|
|t:|1759009911
|move|p1a: Zapdos|Hurricane|p2a: Skeledirge
|-crit|p2a: Skeledirge
|-damage|p2a: Skeledirge|43/100 par
|-start|p2a: Skeledirge|confusion
|-activate|p2a: Skeledirge|confusion
|cant|p2a: Skeledirge|par
|
|upkeep
|turn|11
|inactive|Evil Redward has 120 seconds left.
|
|t:|1759009926
|move|p1a: Zapdos|Hurricane|p2a: Skeledirge|[miss]
|-miss|p1a: Zapdos|p2a: Skeledirge
|-end|p2a: Skeledirge|confusion
|move|p2a: Skeledirge|Slack Off|p2a: Skeledirge
|-heal|p2a: Skeledirge|93/100 par
|
|upkeep
|turn|12
|inactive|Evil Redward has 120 seconds left.
|
|t:|1759009939
|move|p1a: Zapdos|Volt Switch|p2a: Skeledirge
|-damage|p2a: Skeledirge|69/100 par
|
|t:|1759009949
|switch|p1a: Keldeo|Keldeo-Resolute|51/100|[from] Volt Switch
|-damage|p1a: Keldeo|44/100|[from] Stealth Rock
|move|p2a: Skeledirge|Shadow Ball|p1a: Keldeo
|-damage|p1a: Keldeo|7/100
|-unboost|p1a: Keldeo|spd|1
|
|upkeep
|turn|13
|inactive|Evil Redward has 120 seconds left.
|
|t:|1759009966
|-terastallize|p2a: Skeledirge|Water
|move|p1a: Keldeo|Surf|p2a: Skeledirge
|-resisted|p2a: Skeledirge
|-damage|p2a: Skeledirge|41/100 par
|cant|p2a: Skeledirge|par
|
|upkeep
|turn|14
|inactive|Evil Redward has 120 seconds left.
|
|t:|1759009979
|switch|p1a: Garganacl|Garganacl, M|100/100
|-damage|p1a: Garganacl|88/100|[from] Stealth Rock
|move|p2a: Skeledirge|Slack Off|p2a: Skeledirge
|-heal|p2a: Skeledirge|91/100 par
|
|-heal|p1a: Garganacl|94/100|[from] item: Leftovers
|upkeep
|turn|15
|inactive|Evil Redward has 120 seconds left.
|
|t:|1759009992
|switch|p2a: Ogerpon|Ogerpon, F|88/100
|-damage|p2a: Ogerpon|76/100|[from] Stealth Rock
|move|p1a: Garganacl|Salt Cure|p2a: Ogerpon
|-damage|p2a: Ogerpon|58/100
|-start|p2a: Ogerpon|Salt Cure
|
|-heal|p1a: Garganacl|100/100|[from] item: Leftovers
|-damage|p2a: Ogerpon|45/100|[from] Salt Cure
|upkeep
|turn|16
|inactive|Evil Redward has 120 seconds left.
|
|t:|1759010007
|switch|p1a: Zapdos|Zapdos|100/100
|move|p2a: Ogerpon|U-turn|p1a: Zapdos
|-resisted|p1a: Zapdos
|-damage|p1a: Zapdos|87/100
|
|t:|1759010018
|switch|p2a: Keldeo|Keldeo-Resolute|100/100|[from] U-turn
|-damage|p2a: Keldeo|94/100|[from] Stealth Rock
|
|upkeep
|turn|17
|
|t:|1759010038
|switch|p1a: Keldeo|Keldeo-Resolute|7/100
|-damage|p1a: Keldeo|1/100|[from] Stealth Rock
|move|p2a: Keldeo|Surf|p1a: Keldeo
|-resisted|p1a: Keldeo
|-damage|p1a: Keldeo|0 fnt
|faint|p1a: Keldeo
|
|upkeep
|
|t:|1759010050
|switch|p1a: Dragapult|Dragapult, F|100/100
|turn|18
|inactive|Evil Redward has 120 seconds left.
|
|t:|1759010069
|switch|p2a: Weezing|Weezing-Galar, F|100/100
|-ability|p2a: Weezing|Neutralizing Gas
|move|p1a: Dragapult|Will-O-Wisp|p2a: Weezing
|-status|p2a: Weezing|brn
|
|-damage|p2a: Weezing|94/100 brn|[from] brn
|upkeep
|turn|19
|inactive|Evil Redward has 120 seconds left.
|
|t:|1759010083
|move|p1a: Dragapult|Hex|p2a: Weezing
|-damage|p2a: Weezing|28/100 brn
|move|p2a: Weezing|Defog|p1a: Dragapult
|-unboost|p1a: Dragapult|evasion|1
|-sideend|p1: jibreel69|Stealth Rock|[from] move: Defog|[of] p2a: Weezing
|-sideend|p2: Evil Redward|Stealth Rock|[from] move: Defog|[of] p2a: Weezing
|
|-damage|p2a: Weezing|22/100 brn|[from] brn
|upkeep
|turn|20
|inactive|Evil Redward has 120 seconds left.
|
|t:|1759010106
|move|p1a: Dragapult|Hex|p2a: Weezing
|-damage|p2a: Weezing|0 fnt
|faint|p2a: Weezing
|-end|p2a: Weezing|ability: Neutralizing Gas
|
|upkeep
|
|t:|1759010108
|switch|p2a: Keldeo|Keldeo-Resolute|94/100
|turn|21
|
|t:|1759010133
|move|p1a: Dragapult|Will-O-Wisp|p2a: Keldeo|[miss]
|-miss|p1a: Dragapult|p2a: Keldeo
|move|p2a: Keldeo|Icy Wind|p1a: Dragapult
|-supereffective|p1a: Dragapult
|-damage|p1a: Dragapult|20/100
|-unboost|p1a: Dragapult|spe|1
|
|upkeep
|turn|22
|
|t:|1759010140
|switch|p1a: Garganacl|Garganacl, M|100/100
|move|p2a: Keldeo|Icy Wind|p1a: Garganacl
|-damage|p1a: Garganacl|83/100
|-unboost|p1a: Garganacl|spe|1
|
|-heal|p1a: Garganacl|89/100|[from] item: Leftovers
|upkeep
|turn|23
|
|t:|1759010154
|switch|p2a: Corviknight|Corviknight, F|100/100
|-ability|p2a: Corviknight|Pressure
|move|p1a: Garganacl|Avalanche|p2a: Corviknight
|-crit|p2a: Corviknight
|-damage|p2a: Corviknight|84/100
|
|-heal|p1a: Garganacl|96/100|[from] item: Leftovers
|upkeep
|turn|24
|
|t:|1759010163
|move|p2a: Corviknight|U-turn|p1a: Garganacl
|-damage|p1a: Garganacl|85/100
|
|t:|1759010169
|switch|p2a: Keldeo|Keldeo-Resolute|94/100|[from] U-turn
|move|p1a: Garganacl|Salt Cure|p2a: Keldeo
|-resisted|p2a: Keldeo
|-damage|p2a: Keldeo|87/100
|-start|p2a: Keldeo|Salt Cure
|
|-heal|p1a: Garganacl|92/100|[from] item: Leftovers
|-damage|p2a: Keldeo|62/100|[from] Salt Cure
|upkeep
|turn|25
|inactive|jibreel69 has 120 seconds left.
|
|t:|1759010210
|switch|p2a: Corviknight|Corviknight, F|84/100
|-ability|p2a: Corviknight|Pressure
|-terastallize|p1a: Garganacl|Water
|move|p1a: Garganacl|Curse|p1a: Garganacl
|-unboost|p1a: Garganacl|spe|1
|-boost|p1a: Garganacl|atk|1
|-boost|p1a: Garganacl|def|1
|
|-heal|p1a: Garganacl|98/100|[from] item: Leftovers
|upkeep
|turn|26
|
|t:|1759010221
|move|p2a: Corviknight|Bulk Up|p2a: Corviknight
|-boost|p2a: Corviknight|atk|1
|-boost|p2a: Corviknight|def|1
|move|p1a: Garganacl|Avalanche|p2a: Corviknight
|-damage|p2a: Corviknight|74/100
|
|-heal|p1a: Garganacl|100/100|[from] item: Leftovers
|upkeep
|turn|27
|
|t:|1759010229
|move|p2a: Corviknight|Bulk Up|p2a: Corviknight
|-boost|p2a: Corviknight|atk|1
|-boost|p2a: Corviknight|def|1
|move|p1a: Garganacl|Curse|p1a: Garganacl
|-unboost|p1a: Garganacl|spe|1
|-boost|p1a: Garganacl|atk|1
|-boost|p1a: Garganacl|def|1
|
|upkeep
|turn|28
|inactive|Evil Redward has 120 seconds left.
|
|t:|1759010236
|move|p2a: Corviknight|Bulk Up|p2a: Corviknight
|-boost|p2a: Corviknight|atk|1
|-boost|p2a: Corviknight|def|1
|move|p1a: Garganacl|Curse|p1a: Garganacl
|-unboost|p1a: Garganacl|spe|1
|-boost|p1a: Garganacl|atk|1
|-boost|p1a: Garganacl|def|1
|
|upkeep
|turn|29
|
|t:|1759010245
|move|p2a: Corviknight|Brave Bird|p1a: Garganacl
|-crit|p1a: Garganacl
|-damage|p1a: Garganacl|13/100
|-damage|p2a: Corviknight|45/100|[from] Recoil
|move|p1a: Garganacl|Curse|p1a: Garganacl
|-unboost|p1a: Garganacl|spe|1
|-boost|p1a: Garganacl|atk|1
|-boost|p1a: Garganacl|def|1
|
|-heal|p1a: Garganacl|20/100|[from] item: Leftovers
|upkeep
|turn|30
|c|☆jibreel69|so annoying
|inactive|Evil Redward has 120 seconds left.
|
|t:|1759010262
|move|p2a: Corviknight|Brave Bird|p1a: Garganacl
|-damage|p1a: Garganacl|0 fnt
|faint|p1a: Garganacl
|-damage|p2a: Corviknight|39/100|[from] Recoil
|
|upkeep
|
|t:|1759010267
|switch|p1a: Zapdos|Zapdos|87/100
|turn|31
|
|t:|1759010271
|move|p1a: Zapdos|Volt Switch|p2a: Corviknight
|-supereffective|p2a: Corviknight
|-damage|p2a: Corviknight|1/100
|
|t:|1759010287
|switch|p1a: Dragapult|Dragapult, F|20/100|[from] Volt Switch
|move|p2a: Corviknight|Brave Bird|p1a: Dragapult
|-damage|p1a: Dragapult|0 fnt
|faint|p1a: Dragapult
|-damage|p2a: Corviknight|0 fnt|[from] Recoil
|faint|p2a: Corviknight
|
|upkeep
|
|t:|1759010310
|switch|p1a: Zapdos|Zapdos|87/100
|switch|p2a: Ogerpon|Ogerpon, F|45/100
|turn|32
|
|t:|1759010322
|move|p2a: Ogerpon|Rock Tomb|p1a: Zapdos
|-supereffective|p1a: Zapdos
|-damage|p1a: Zapdos|46/100
|-unboost|p1a: Zapdos|spe|1
|move|p1a: Zapdos|Roost|p1a: Zapdos
|-heal|p1a: Zapdos|97/100
|-singleturn|p1a: Zapdos|move: Roost
|
|upkeep
|turn|33
|
|t:|1759010335
|switch|p2a: Skeledirge|Skeledirge, F, tera:Water|91/100 par
|move|p1a: Zapdos|Hurricane|p2a: Skeledirge
|-damage|p2a: Skeledirge|52/100 par
|-start|p2a: Skeledirge|confusion
|
|upkeep
|turn|34
|
|t:|1759010348
|move|p1a: Zapdos|Volt Switch|p2a: Skeledirge
|-supereffective|p2a: Skeledirge
|-damage|p2a: Skeledirge|5/100 par
|
|t:|1759010351
|switch|p1a: Great Tusk|Great Tusk|100/100|[from] Volt Switch
|-activate|p2a: Skeledirge|confusion
|move|p2a: Skeledirge|Torch Song|p1a: Great Tusk
|-damage|p1a: Great Tusk|57/100
|-boost|p2a: Skeledirge|spa|1
|
|upkeep
|turn|35
|
|t:|1759010364
|move|p1a: Great Tusk|Rapid Spin|p2a: Skeledirge
|-damage|p2a: Skeledirge|0 fnt
|-boost|p1a: Great Tusk|spe|1
|faint|p2a: Skeledirge
|
|upkeep
|
|t:|1759010381
|switch|p2a: Keldeo|Keldeo-Resolute|62/100
|turn|36
|inactive|jibreel69 has 120 seconds left.
|
|t:|1759010411
|move|p1a: Great Tusk|Close Combat|p2a: Keldeo
|-damage|p2a: Keldeo|0 fnt
|-unboost|p1a: Great Tusk|def|1
|-unboost|p1a: Great Tusk|spd|1
|faint|p2a: Keldeo
|
|upkeep
|-message|Evil Redward forfeited.
|
|win|jibreel69
|raw|jibreel69's rating: 1450 &rarr; <strong>1469</strong><br />(+19 for winning)
|raw|Evil Redward's rating: 1436 &rarr; <strong>1417</strong><br />(-19 for losing)
|l|☆Evil Redward
|player|p2|
|l|☆jibreel69
|player|p1|
|j|☆jibreel69
|player|p1|jibreel69|265|
