|j|☆xX_Gab_Xx
|j|☆Chico737
|t:|1759001014
|gametype|singles
|player|p1|xX_Gab_Xx|hugh|1196
|player|p2|Chico737|266|1267
|gen|9
|tier|[Gen 9] OU
|rated|
|rule|HP Percentage Mod: HP is shown in percentages
|rule|Endless Battle Clause: Forcing endless battles is banned
|rule|Species Clause: Limit one of each Pokémon
|rule|OHKO Clause: OHKO moves are banned
|rule|Evasion Items Clause: Evasion items are banned
|rule|Evasion Moves Clause: Evasion moves are banned
|rule|Evasion Abilities Clause: Evasion abilities are banned
|rule|Sleep Moves Clause: Sleep-inducing moves are banned
|clearpoke
|poke|p1|Orthworm, F|
|poke|p1|Gastrodon-East, M|
|poke|p1|Thundurus-Therian, M|
|poke|p1|Amoonguss, F|
|poke|p1|Iron Treads|
|poke|p1|Ogerpon-Wellspring, F|
|poke|p2|Cinderace, M|
|poke|p2|Empoleon, M|
|poke|p2|Ribombee, M|
|poke|p2|Serperior, M|
|poke|p2|Kingambit, M|
|poke|p2|Wigglytuff, F|
|teampreview
|inactive|Battle timer is ON: inactive players will automatically lose when time's up. (requested by xX_Gab_Xx)
|
|t:|1759001028
|teamsize|p1|6
|teamsize|p2|6
|start
|switch|p1a: Iron Treads|Iron Treads|100/100
|switch|p2a: Empoleon|Empoleon, M|100/100
|turn|1
|
|t:|1759001034
|move|p1a: Iron Treads|Earthquake|p2a: Empoleon
|-supereffective|p2a: Empoleon
|-damage|p2a: Empoleon|18/100
|move|p2a: Empoleon|Surf|p1a: Iron Treads
|-supereffective|p1a: Iron Treads
|-crit|p1a: Iron Treads
|-damage|p1a: Iron Treads|0 fnt
|faint|p1a: Iron Treads
|-end|p1a: Iron Treads|Quark Drive|[silent]
|
|-heal|p2a: Empoleon|24/100|[from] item: Leftovers
|upkeep
|
|t:|1759001044
|switch|p1a: Thundurus|Thundurus-Therian, M|100/100
|turn|2
|
|t:|1759001053
|switch|p2a: Wigglytuff|Wigglytuff, F|100/100
|move|p1a: Thundurus|Thunderbolt|p2a: Wigglytuff
|-damage|p2a: Wigglytuff|59/100
|
|upkeep
|turn|3
|
|t:|1759001061
|move|p1a: Thundurus|Sludge Wave|p2a: Wigglytuff
|-supereffective|p2a: Wigglytuff
|-damage|p2a: Wigglytuff|2/100
|move|p2a: Wigglytuff|Ice Beam|p1a: Thundurus
|-supereffective|p1a: Thundurus
|-damage|p1a: Thundurus|26/100
|
|upkeep
|turn|4
|
|t:|1759001068
|move|p1a: Thundurus|Thunderbolt|p2a: Wigglytuff
|-damage|p2a: Wigglytuff|0 fnt
|faint|p2a: Wigglytuff
|
|upkeep
|
|t:|1759001071
|switch|p2a: Ribombee|Ribombee, M|100/100
|turn|5
|
|t:|1759001079
|move|p2a: Ribombee|Sticky Web|p1a: Thundurus
|-sidestart|p1: xX_Gab_Xx|move: Sticky Web
|move|p1a: Thundurus|Sludge Wave|p2a: Ribombee
|-supereffective|p2a: Ribombee
|-enditem|p2a: Ribombee|Focus Sash
|-damage|p2a: Ribombee|1/100
|
|upkeep
|turn|6
|
|t:|1759001094
|move|p2a: Ribombee|Moonblast|p1a: Thundurus
|-damage|p1a: Thundurus|0 fnt
|faint|p1a: Thundurus
|
|upkeep
|
|t:|1759001101
|switch|p1a: Orthworm|Orthworm, F|100/100
|-activate|p1a: Orthworm|move: Sticky Web
|-unboost|p1a: Orthworm|spe|1
|turn|7
|
|t:|1759001113
|move|p2a: Ribombee|Stun Spore|p1a: Orthworm
|-status|p1a: Orthworm|par
|move|p1a: Orthworm|Iron Head|p2a: Ribombee
|-supereffective|p2a: Ribombee
|-damage|p2a: Ribombee|0 fnt
|faint|p2a: Ribombee
|
|upkeep
|
|t:|1759001119
|switch|p2a: Cinderace|Cinderace, M|100/100
|turn|8
|
|t:|1759001124
|move|p2a: Cinderace|Court Change|p2a: Cinderace
|-start|p2a: Cinderace|typechange|Normal|[from] ability: Libero
|-swapsideconditions
|-activate|p2a: Cinderace|move: Court Change
|move|p1a: Orthworm|Body Press|p2a: Cinderace
|-supereffective|p2a: Cinderace
|-damage|p2a: Cinderace|21/100
|
|upkeep
|turn|9
|
|t:|1759001131
|move|p2a: Cinderace|Pyro Ball|p1a: Orthworm
|-supereffective|p1a: Orthworm
|-damage|p1a: Orthworm|65/100 par
|move|p1a: Orthworm|Stealth Rock|p2a: Cinderace
|-sidestart|p2: Chico737|move: Stealth Rock
|
|-heal|p1a: Orthworm|71/100 par|[from] item: Leftovers
|upkeep
|turn|10
|
|t:|1759001145
|move|p2a: Cinderace|Pyro Ball|p1a: Orthworm
|-supereffective|p1a: Orthworm
|-damage|p1a: Orthworm|36/100 par
|move|p1a: Orthworm|Body Press|p2a: Cinderace
|-supereffective|p2a: Cinderace
|-damage|p2a: Cinderace|0 fnt
|faint|p2a: Cinderace
|
|-heal|p1a: Orthworm|42/100 par|[from] item: Leftovers
|upkeep
|
|t:|1759001153
|switch|p2a: Serperior|Serperior, M|100/100
|-activate|p2a: Serperior|move: Sticky Web
|-boost|p2a: Serperior|spe|1
|-damage|p2a: Serperior|88/100|[from] Stealth Rock
|turn|11
|
|t:|1759001161
|switch|p1a: Amoonguss|Amoonguss, F|100/100
|move|p2a: Serperior|Leaf Storm|p1a: Amoonguss
|-resisted|p1a: Amoonguss
|-damage|p1a: Amoonguss|90/100
|-boost|p2a: Serperior|spa|2
|
|upkeep
|turn|12
|
|t:|1759001168
|-terastallize|p2a: Serperior|Ground
|move|p2a: Serperior|Leaf Storm|p1a: Amoonguss
|-resisted|p1a: Amoonguss
|-damage|p1a: Amoonguss|67/100
|-boost|p2a: Serperior|spa|2
|move|p1a: Amoonguss|Clear Smog|p2a: Serperior
|-resisted|p2a: Serperior
|-damage|p2a: Serperior|79/100
|-clearboost|p2a: Serperior
|
|upkeep
|turn|13
|
|t:|1759001180
|switch|p2a: Kingambit|Kingambit, M|100/100
|-activate|p2a: Kingambit|move: Sticky Web
|-unboost|p2a: Kingambit|spe|1
|-ability|p2a: Kingambit|Defiant|boost
|-boost|p2a: Kingambit|atk|2
|-damage|p2a: Kingambit|94/100|[from] Stealth Rock
|move|p1a: Amoonguss|Toxic|p2a: Kingambit
|-immune|p2a: Kingambit
|
|upkeep
|turn|14
|
|t:|1759001194
|switch|p1a: Gastrodon|Gastrodon-East, M|100/100
|move|p2a: Kingambit|Kowtow Cleave|p1a: Gastrodon
|-damage|p1a: Gastrodon|20/100
|
|-heal|p1a: Gastrodon|26/100|[from] item: Leftovers
|upkeep
|turn|15
|
|t:|1759001207
|move|p2a: Kingambit|Kowtow Cleave|p1a: Gastrodon
|-damage|p1a: Gastrodon|0 fnt
|faint|p1a: Gastrodon
|
|upkeep
|
|t:|1759001214
|switch|p1a: Orthworm|Orthworm, F|42/100 par
|turn|16
|
|t:|1759001218
|switch|p2a: Serperior|Serperior, M, tera:Ground|79/100
|-activate|p2a: Serperior|move: Sticky Web
|-boost|p2a: Serperior|spe|1
|-damage|p2a: Serperior|73/100|[from] Stealth Rock
|-terastallize|p1a: Orthworm|Ghost
|move|p1a: Orthworm|Body Press|p2a: Serperior
|-damage|p2a: Serperior|35/100
|
|-heal|p1a: Orthworm|48/100 par|[from] item: Leftovers
|upkeep
|turn|17
|
|t:|1759001224
|switch|p1a: Amoonguss|Amoonguss, F|99/100
|move|p2a: Serperior|Leaf Storm|p1a: Amoonguss
|-resisted|p1a: Amoonguss
|-crit|p1a: Amoonguss
|-damage|p1a: Amoonguss|85/100
|-boost|p2a: Serperior|spa|2
|
|upkeep
|turn|18
|
|t:|1759001232
|move|p2a: Serperior|Tera Blast|p1a: Amoonguss|[anim] Tera Blast Ground
|-damage|p1a: Amoonguss|28/100
|move|p1a: Amoonguss|Foul Play|p2a: Serperior
|-damage|p2a: Serperior|16/100
|
|upkeep
|turn|19
|
|t:|1759001240
|switch|p1a: Orthworm|Orthworm, F, tera:Ghost|48/100 par
|move|p2a: Serperior|Tera Blast|p1a: Orthworm|[anim] Tera Blast Ground
|-heal|p1a: Orthworm|73/100 par|[from] ability: Earth Eater|[of] p2a: Serperior
|
|-heal|p1a: Orthworm|80/100 par|[from] item: Leftovers
|upkeep
|turn|20
|
|t:|1759001253
|move|p2a: Serperior|Leaf Storm|p1a: Orthworm
|-damage|p1a: Orthworm|0 fnt
|-boost|p2a: Serperior|spa|2
|faint|p1a: Orthworm
|
|upkeep
|
|t:|1759001259
|switch|p1a: Amoonguss|Amoonguss, F|62/100
|turn|21
|
|t:|1759001263
|move|p2a: Serperior|Tera Blast|p1a: Amoonguss|[anim] Tera Blast Ground
|-damage|p1a: Amoonguss|0 fnt
|faint|p1a: Amoonguss
|
|upkeep
|-message|xX_Gab_Xx forfeited.
|
|win|Chico737
|raw|xX_Gab_Xx's rating: 1196 &rarr; <strong>1176</strong><br />(-20 for losing)
|raw|Chico737's rating: 1267 &rarr; <strong>1287</strong><br />(+20 for winning)
|l|☆xX_Gab_Xx
|player|p1|
|l|☆Chico737
|player|p2|
