|j|☆grandmaster778
|j|☆SeannyE
|t:|1758952457
|gametype|singles
|player|p1|grandmaster778|2|1529
|player|p2|SeannyE|265|1475
|gen|9
|tier|[Gen 9] OU
|rated|
|rule|HP Percentage Mod: HP is shown in percentages
|rule|Endless Battle Clause: Forcing endless battles is banned
|rule|Species Clause: Limit one of each Pokémon
|rule|OHKO Clause: OHKO moves are banned
|rule|Evasion Items Clause: Evasion items are banned
|rule|Evasion Moves Clause: Evasion moves are banned
|rule|Evasion Abilities Clause: Evasion abilities are banned
|rule|Sleep Moves Clause: Sleep-inducing moves are banned
|clearpoke
|poke|p1|Arcanine-Hisui, M|
|poke|p1|Rillaboom, M|
|poke|p1|Kingambit, M|
|poke|p1|Great Tusk|
|poke|p1|Zapdos|
|poke|p1|Iron Boulder|
|poke|p2|Cinderace, F|
|poke|p2|Keldeo-Resolute|
|poke|p2|Zapdos|
|poke|p2|Krookodile, M|
|poke|p2|Garganacl, F|
|poke|p2|Alomomola, M|
|teampreview
|
|t:|1758952467
|teamsize|p1|6
|teamsize|p2|6
|start
|switch|p1a: Great Tusk|Great Tusk|100/100
|switch|p2a: Alomomola|Alomomola, M|100/100
|turn|1
|
|t:|1758952477
|move|p1a: Great Tusk|Stealth Rock|p2a: Alomomola
|-sidestart|p2: SeannyE|move: Stealth Rock
|move|p2a: Alomomola|Flip Turn|p1a: Great Tusk
|-supereffective|p1a: Great Tusk
|-damage|p1a: Great Tusk|81/100
|inactive|Battle timer is ON: inactive players will automatically lose when time's up. (requested by grandmaster778)
|
|t:|1758952487
|switch|p2a: Cinderace|Cinderace, F|100/100|[from] Flip Turn
|
|upkeep
|turn|2
|
|t:|1758952494
|move|p2a: Cinderace|U-turn|p1a: Great Tusk
|-resisted|p1a: Great Tusk
|-damage|p1a: Great Tusk|74/100
|
|t:|1758952497
|switch|p2a: Zapdos|Zapdos|100/100|[from] U-turn
|-damage|p2a: Zapdos|76/100|[from] Stealth Rock
|move|p1a: Great Tusk|Headlong Rush|p2a: Zapdos
|-immune|p2a: Zapdos
|
|upkeep
|turn|3
|
|t:|1758952503
|-end|p1a: Great Tusk|Protosynthesis|[silent]
|switch|p1a: Arcanine|Arcanine-Hisui, M|100/100
|move|p2a: Zapdos|Hurricane|p1a: Arcanine
|-resisted|p1a: Arcanine
|-damage|p1a: Arcanine|66/100
|
|upkeep
|turn|4
|
|t:|1758952517
|switch|p2a: Garganacl|Garganacl, F|100/100
|-damage|p2a: Garganacl|88/100|[from] Stealth Rock
|move|p1a: Arcanine|Flare Blitz|p2a: Garganacl
|-resisted|p2a: Garganacl
|-damage|p2a: Garganacl|64/100
|-damage|p1a: Arcanine|49/100|[from] item: Rocky Helmet|[of] p2a: Garganacl
|
|upkeep
|turn|5
|
|t:|1758952525
|switch|p1a: Great Tusk|Great Tusk|74/100
|move|p2a: Garganacl|Recover|p2a: Garganacl
|-heal|p2a: Garganacl|100/100
|
|upkeep
|turn|6
|
|t:|1758952533
|move|p1a: Great Tusk|Ice Spinner|p2a: Garganacl
|-damage|p2a: Garganacl|87/100
|-damage|p1a: Great Tusk|58/100|[from] item: Rocky Helmet|[of] p2a: Garganacl
|move|p2a: Garganacl|Ice Punch|p1a: Great Tusk
|-supereffective|p1a: Great Tusk
|-damage|p1a: Great Tusk|35/100
|
|upkeep
|turn|7
|
|t:|1758952539
|move|p1a: Great Tusk|Headlong Rush|p2a: Garganacl
|-supereffective|p2a: Garganacl
|-damage|p2a: Garganacl|30/100
|-unboost|p1a: Great Tusk|def|1
|-unboost|p1a: Great Tusk|spd|1
|-damage|p1a: Great Tusk|18/100|[from] item: Rocky Helmet|[of] p2a: Garganacl
|move|p2a: Garganacl|Salt Cure|p1a: Great Tusk
|-resisted|p1a: Great Tusk
|-damage|p1a: Great Tusk|15/100
|-start|p1a: Great Tusk|Salt Cure
|
|-damage|p1a: Great Tusk|2/100|[from] Salt Cure
|upkeep
|turn|8
|
|t:|1758952549
|switch|p2a: Alomomola|Alomomola, M|100/100
|-damage|p2a: Alomomola|88/100|[from] Stealth Rock
|move|p1a: Great Tusk|Ice Spinner|p2a: Alomomola
|-resisted|p2a: Alomomola
|-damage|p2a: Alomomola|79/100
|
|-damage|p1a: Great Tusk|0 fnt|[from] Salt Cure
|faint|p1a: Great Tusk
|-end|p1a: Great Tusk|Protosynthesis|[silent]
|upkeep
|
|t:|1758952556
|switch|p1a: Rillaboom|Rillaboom, M|100/100
|-fieldstart|move: Grassy Terrain|[from] ability: Grassy Surge|[of] p1a: Rillaboom
|turn|9
|
|t:|1758952561
|switch|p2a: Zapdos|Zapdos|76/100
|-damage|p2a: Zapdos|51/100|[from] Stealth Rock
|move|p1a: Rillaboom|Wood Hammer|p2a: Zapdos
|-resisted|p2a: Zapdos
|-damage|p2a: Zapdos|0 fnt
|faint|p2a: Zapdos
|-damage|p1a: Rillaboom|85/100|[from] Recoil
|
|-heal|p1a: Rillaboom|91/100|[from] Grassy Terrain
|upkeep
|
|t:|1758952565
|switch|p2a: Krookodile|Krookodile, M|100/100
|-damage|p2a: Krookodile|94/100|[from] Stealth Rock
|turn|10
|
|t:|1758952577
|switch|p1a: Kingambit|Kingambit, M|100/100
|-activate|p1a: Kingambit|ability: Supreme Overlord
|-start|p1a: Kingambit|fallen1|[silent]
|move|p2a: Krookodile|Gunk Shot|p1a: Kingambit
|-immune|p1a: Kingambit
|
|-heal|p2a: Krookodile|100/100|[from] Grassy Terrain
|upkeep
|turn|11
|
|t:|1758952582
|switch|p2a: Cinderace|Cinderace, F|100/100
|move|p1a: Kingambit|Iron Head|p2a: Cinderace
|-resisted|p2a: Cinderace
|-damage|p2a: Cinderace|65/100
|
|-heal|p2a: Cinderace|71/100|[from] Grassy Terrain
|upkeep
|turn|12
|
|t:|1758952587
|move|p2a: Cinderace|Court Change|p2a: Cinderace
|-swapsideconditions
|-activate|p2a: Cinderace|move: Court Change
|move|p1a: Kingambit|Kowtow Cleave|p2a: Cinderace
|-damage|p2a: Cinderace|0 fnt
|faint|p2a: Cinderace
|
|upkeep
|
|t:|1758952590
|switch|p2a: Keldeo|Keldeo-Resolute|100/100
|turn|13
|
|t:|1758952594
|move|p2a: Keldeo|Substitute|p2a: Keldeo
|-start|p2a: Keldeo|Substitute
|-damage|p2a: Keldeo|76/100
|move|p1a: Kingambit|Kowtow Cleave|p2a: Keldeo
|-resisted|p2a: Keldeo
|-activate|p2a: Keldeo|move: Substitute|[damage]
|
|-heal|p2a: Keldeo|82/100|[from] Grassy Terrain
|-heal|p2a: Keldeo|88/100|[from] item: Leftovers
|-fieldend|move: Grassy Terrain
|upkeep
|turn|14
|
|t:|1758952598
|move|p1a: Kingambit|Sucker Punch||[still]
|-fail|p1a: Kingambit
|move|p2a: Keldeo|Calm Mind|p2a: Keldeo
|-boost|p2a: Keldeo|spa|1
|-boost|p2a: Keldeo|spd|1
|
|-heal|p2a: Keldeo|94/100|[from] item: Leftovers
|upkeep
|turn|15
|
|t:|1758952602
|move|p2a: Keldeo|Secret Sword|p1a: Kingambit
|-supereffective|p1a: Kingambit
|-damage|p1a: Kingambit|0 fnt
|faint|p1a: Kingambit
|-end|p1a: Kingambit|fallen1|[silent]
|
|-heal|p2a: Keldeo|99/100|[from] item: Leftovers
|upkeep
|
|t:|1758952608
|switch|p1a: Zapdos|Zapdos|100/100
|turn|16
|
|t:|1758952619
|move|p2a: Keldeo|Surf|p1a: Zapdos
|-damage|p1a: Zapdos|39/100
|move|p1a: Zapdos|Volt Switch|p2a: Keldeo
|-supereffective|p2a: Keldeo
|-end|p2a: Keldeo|Substitute
|
|t:|1758952622
|switch|p1a: Rillaboom|Rillaboom, M|91/100|[from] Volt Switch
|-damage|p1a: Rillaboom|79/100|[from] Stealth Rock
|-fieldstart|move: Grassy Terrain|[from] ability: Grassy Surge|[of] p1a: Rillaboom
|
|-heal|p2a: Keldeo|100/100|[from] Grassy Terrain
|-heal|p1a: Rillaboom|85/100|[from] Grassy Terrain
|upkeep
|turn|17
|
|t:|1758952631
|switch|p1a: Zapdos|Zapdos|39/100
|-terastallize|p2a: Keldeo|Flying
|move|p2a: Keldeo|Substitute|p2a: Keldeo
|-start|p2a: Keldeo|Substitute
|-damage|p2a: Keldeo|76/100
|
|-heal|p2a: Keldeo|82/100|[from] item: Leftovers
|upkeep
|turn|18
|
|t:|1758952637
|move|p2a: Keldeo|Surf|p1a: Zapdos
|-damage|p1a: Zapdos|0 fnt
|faint|p1a: Zapdos
|
|-heal|p2a: Keldeo|88/100|[from] item: Leftovers
|upkeep
|
|t:|1758952640
|switch|p1a: Arcanine|Arcanine-Hisui, M|49/100
|-damage|p1a: Arcanine|25/100|[from] Stealth Rock
|turn|19
|
|t:|1758952642
|move|p1a: Arcanine|Extreme Speed|p2a: Keldeo
|-end|p2a: Keldeo|Substitute
|move|p2a: Keldeo|Surf|p1a: Arcanine
|-supereffective|p1a: Arcanine
|-damage|p1a: Arcanine|0 fnt
|faint|p1a: Arcanine
|
|-heal|p2a: Keldeo|94/100|[from] item: Leftovers
|upkeep
|
|t:|1758952646
|switch|p1a: Iron Boulder|Iron Boulder|100/100
|-damage|p1a: Iron Boulder|88/100|[from] Stealth Rock
|-enditem|p1a: Iron Boulder|Booster Energy
|-activate|p1a: Iron Boulder|ability: Quark Drive|[fromitem]
|-start|p1a: Iron Boulder|quarkdrivespe
|turn|20
|
|t:|1758952651
|switch|p2a: Krookodile|Krookodile, M|100/100
|move|p1a: Iron Boulder|Mighty Cleave|p2a: Krookodile
|-resisted|p2a: Krookodile
|-damage|p2a: Krookodile|73/100
|
|-heal|p1a: Iron Boulder|94/100|[from] Grassy Terrain
|-heal|p2a: Krookodile|79/100|[from] Grassy Terrain
|-fieldend|move: Grassy Terrain
|upkeep
|turn|21
|
|t:|1758952663
|-terastallize|p1a: Iron Boulder|Fighting
|move|p1a: Iron Boulder|Swords Dance|p1a: Iron Boulder
|-boost|p1a: Iron Boulder|atk|2
|move|p2a: Krookodile|Gunk Shot|p1a: Iron Boulder
|-damage|p1a: Iron Boulder|42/100
|
|upkeep
|turn|22
|
|t:|1758952670
|move|p1a: Iron Boulder|Close Combat|p2a: Krookodile
|-supereffective|p2a: Krookodile
|-damage|p2a: Krookodile|0 fnt
|-unboost|p1a: Iron Boulder|def|1
|-unboost|p1a: Iron Boulder|spd|1
|faint|p2a: Krookodile
|
|upkeep
|
|t:|1758952672
|switch|p2a: Alomomola|Alomomola, M|100/100
|turn|23
|
|t:|1758952676
|move|p1a: Iron Boulder|Mighty Cleave|p2a: Alomomola
|-damage|p2a: Alomomola|28/100
|move|p2a: Alomomola|Flip Turn|p1a: Iron Boulder
|-damage|p1a: Iron Boulder|10/100
|
|t:|1758952682
|switch|p2a: Garganacl|Garganacl, F|30/100|[from] Flip Turn
|
|upkeep
|turn|24
|
|t:|1758952688
|move|p1a: Iron Boulder|Psycho Cut|p2a: Garganacl
|-damage|p2a: Garganacl|0 fnt
|faint|p2a: Garganacl
|
|upkeep
|
|t:|1758952704
|switch|p2a: Keldeo|Keldeo-Resolute, tera:Flying|94/100
|turn|25
|
|t:|1758952708
|switch|p2a: Alomomola|Alomomola, M|61/100
|move|p1a: Iron Boulder|Mighty Cleave|p2a: Alomomola
|-damage|p2a: Alomomola|0 fnt
|faint|p2a: Alomomola
|
|upkeep
|
|t:|1758952710
|switch|p2a: Keldeo|Keldeo-Resolute, tera:Flying|94/100
|turn|26
|
|t:|1758952715
|move|p1a: Iron Boulder|Mighty Cleave|p2a: Keldeo
|-supereffective|p2a: Keldeo
|-damage|p2a: Keldeo|0 fnt
|faint|p2a: Keldeo
|
|win|grandmaster778
|raw|grandmaster778's rating: 1529 &rarr; <strong>1546</strong><br />(+17 for winning)
|raw|SeannyE's rating: 1475 &rarr; <strong>1458</strong><br />(-17 for losing)
|l|☆SeannyE
|player|p2|
