|j|☆juncanti
|j|☆roasted_kitchen
|t:|1758968768
|gametype|singles
|player|p1|juncanti|101|1271
|player|p2|roasted_kitchen|102|1240
|gen|9
|tier|[Gen 9] OU
|rated|
|rule|HP Percentage Mod: HP is shown in percentages
|rule|Endless Battle Clause: Forcing endless battles is banned
|rule|Species Clause: Limit one of each Pokémon
|rule|OHKO Clause: OHKO moves are banned
|rule|Evasion Items Clause: Evasion items are banned
|rule|Evasion Moves Clause: Evasion moves are banned
|rule|Evasion Abilities Clause: Evasion abilities are banned
|rule|Sleep Moves Clause: Sleep-inducing moves are banned
|clearpoke
|poke|p1|Meowscarada, F|
|poke|p1|Dragapult, F|
|poke|p1|Zapdos|
|poke|p1|Corviknight, M|
|poke|p1|Iron Moth|
|poke|p1|Darkrai|
|poke|p2|Pikachu-Sinnoh, M|
|poke|p2|Infernape, M|
|poke|p2|Torterra, M|
|poke|p2|Floatzel, M|
|poke|p2|Gliscor, F|
|poke|p2|Staraptor, F|
|teampreview
|
|t:|1758968780
|teamsize|p1|6
|teamsize|p2|6
|start
|switch|p1a: Meowscarada|Meowscarada, F|100/100
|switch|p2a: Pikachu|Pikachu-Sinnoh, M|100/100
|turn|1
|
|t:|1758968784
|move|p1a: Meowscarada|Knock Off|p2a: Pikachu
|-start|p1a: Meowscarada|typechange|Dark|[from] ability: Protean
|-damage|p2a: Pikachu|0 fnt
|-enditem|p2a: Pikachu|Light Ball|[from] move: Knock Off|[of] p1a: Meowscarada
|faint|p2a: Pikachu
|
|upkeep
|
|t:|1758968789
|switch|p2a: Staraptor|Staraptor, F|100/100
|turn|2
|
|t:|1758968793
|move|p1a: Meowscarada|Knock Off|p2a: Staraptor
|-damage|p2a: Staraptor|29/100
|-enditem|p2a: Staraptor|Choice Scarf|[from] move: Knock Off|[of] p1a: Meowscarada
|move|p2a: Staraptor|Close Combat|p1a: Meowscarada
|-supereffective|p1a: Meowscarada
|-damage|p1a: Meowscarada|0 fnt
|-unboost|p2a: Staraptor|def|1
|-unboost|p2a: Staraptor|spd|1
|faint|p1a: Meowscarada
|
|upkeep
|
|t:|1758968800
|switch|p1a: Zapdos|Zapdos|100/100
|turn|3
|
|t:|1758968806
|move|p2a: Staraptor|U-turn|p1a: Zapdos
|-resisted|p1a: Zapdos
|-damage|p1a: Zapdos|88/100
|
|t:|1758968811
|switch|p2a: Gliscor|Gliscor, F|100/100|[from] U-turn
|move|p1a: Zapdos|Heat Wave|p2a: Gliscor
|-damage|p2a: Gliscor|68/100
|
|-status|p2a: Gliscor|tox|[from] item: Toxic Orb
|upkeep
|turn|4
|
|t:|1758968819
|switch|p1a: Dragapult|Dragapult, F|100/100
|move|p2a: Gliscor|Protect||[still]
|-fail|p2a: Gliscor
|
|-heal|p2a: Gliscor|80/100 tox|[from] ability: Poison Heal
|upkeep
|turn|5
|
|t:|1758968822
|move|p1a: Dragapult|Dragon Darts|p2a: Gliscor
|-damage|p2a: Gliscor|58/100 tox
|-anim|p1a: Dragapult|Dragon Darts|p2a: Gliscor
|-damage|p2a: Gliscor|34/100 tox
|-damage|p1a: Dragapult|91/100|[from] item: Life Orb
|move|p2a: Gliscor|Swords Dance|p2a: Gliscor
|-boost|p2a: Gliscor|atk|2
|
|-heal|p2a: Gliscor|47/100 tox|[from] ability: Poison Heal
|upkeep
|turn|6
|
|t:|1758968830
|move|p2a: Gliscor|Protect|p2a: Gliscor
|-singleturn|p2a: Gliscor|Protect
|move|p1a: Dragapult|Dragon Darts|p2a: Gliscor
|-activate|p2a: Gliscor|move: Protect
|
|-heal|p2a: Gliscor|59/100 tox|[from] ability: Poison Heal
|upkeep
|turn|7
|
|t:|1758968834
|-terastallize|p1a: Dragapult|Dragon
|move|p1a: Dragapult|Dragon Darts|p2a: Gliscor
|-damage|p2a: Gliscor|28/100 tox
|-anim|p1a: Dragapult|Dragon Darts|p2a: Gliscor
|-damage|p2a: Gliscor|0 fnt
|faint|p2a: Gliscor
|-damage|p1a: Dragapult|81/100|[from] item: Life Orb
|
|upkeep
|
|t:|1758968842
|switch|p2a: Floatzel|Floatzel, M|100/100
|turn|8
|
|t:|1758968845
|switch|p1a: Corviknight|Corviknight, M|100/100
|move|p2a: Floatzel|Ice Spinner|p1a: Corviknight
|-damage|p1a: Corviknight|76/100
|-damage|p2a: Floatzel|84/100|[from] item: Rocky Helmet|[of] p1a: Corviknight
|
|upkeep
|turn|9
|
|t:|1758968853
|switch|p2a: Infernape|Infernape, M|100/100
|move|p1a: Corviknight|Bulk Up|p1a: Corviknight
|-boost|p1a: Corviknight|atk|1
|-boost|p1a: Corviknight|def|1
|
|upkeep
|turn|10
|
|t:|1758968858
|-terastallize|p2a: Infernape|Fire
|move|p2a: Infernape|Flare Blitz|p1a: Corviknight
|-supereffective|p1a: Corviknight
|-damage|p1a: Corviknight|0 fnt
|-damage|p2a: Infernape|84/100|[from] item: Rocky Helmet|[of] p1a: Corviknight
|faint|p1a: Corviknight
|-damage|p2a: Infernape|50/100|[from] Recoil
|-damage|p2a: Infernape|40/100|[from] item: Life Orb
|
|upkeep
|
|t:|1758968869
|switch|p1a: Dragapult|Dragapult, F, tera:Dragon|81/100
|turn|11
|
|t:|1758968874
|switch|p2a: Staraptor|Staraptor, F|29/100
|move|p1a: Dragapult|Dragon Darts|p2a: Staraptor
|-damage|p2a: Staraptor|0 fnt
|faint|p2a: Staraptor
|-damage|p1a: Dragapult|71/100|[from] item: Life Orb
|
|upkeep
|
|t:|1758968885
|switch|p2a: Torterra|Torterra, M|100/100
|turn|12
|
|t:|1758968889
|move|p1a: Dragapult|Dragon Darts|p2a: Torterra
|-damage|p2a: Torterra|59/100
|-anim|p1a: Dragapult|Dragon Darts|p2a: Torterra
|-damage|p2a: Torterra|16/100
|-damage|p1a: Dragapult|61/100|[from] item: Life Orb
|move|p2a: Torterra|Shell Smash|p2a: Torterra
|-unboost|p2a: Torterra|def|1
|-unboost|p2a: Torterra|spd|1
|-boost|p2a: Torterra|atk|2
|-boost|p2a: Torterra|spa|2
|-boost|p2a: Torterra|spe|2
|
|upkeep
|turn|13
|
|t:|1758968897
|switch|p1a: Zapdos|Zapdos|88/100
|move|p2a: Torterra|Bullet Seed|p1a: Zapdos
|-resisted|p1a: Zapdos
|-damage|p1a: Zapdos|76/100
|-resisted|p1a: Zapdos
|-damage|p1a: Zapdos|65/100
|-resisted|p1a: Zapdos
|-crit|p1a: Zapdos
|-damage|p1a: Zapdos|47/100
|-resisted|p1a: Zapdos
|-damage|p1a: Zapdos|35/100
|-resisted|p1a: Zapdos
|-damage|p1a: Zapdos|24/100
|-hitcount|p1a: Zapdos|5
|
|upkeep
|turn|14
|
|t:|1758968906
|move|p2a: Torterra|Bullet Seed|p1a: Zapdos
|-resisted|p1a: Zapdos
|-damage|p1a: Zapdos|13/100
|-resisted|p1a: Zapdos
|-damage|p1a: Zapdos|2/100
|-resisted|p1a: Zapdos
|-damage|p1a: Zapdos|0 fnt
|faint|p1a: Zapdos
|-hitcount|p1: Zapdos|3
|
|upkeep
|
|t:|1758968915
|switch|p1a: Iron Moth|Iron Moth|100/100
|-enditem|p1a: Iron Moth|Booster Energy
|-activate|p1a: Iron Moth|ability: Quark Drive|[fromitem]
|-start|p1a: Iron Moth|quarkdrivespa
|turn|15
|
|t:|1758968920
|move|p2a: Torterra|Rock Blast|p1a: Iron Moth
|-supereffective|p1a: Iron Moth
|-damage|p1a: Iron Moth|47/100
|-supereffective|p1a: Iron Moth
|-damage|p1a: Iron Moth|0 fnt
|faint|p1a: Iron Moth
|-end|p1a: Iron Moth|Quark Drive|[silent]
|-hitcount|p1: Iron Moth|2
|
|upkeep
|
|t:|1758968923
|switch|p1a: Dragapult|Dragapult, F, tera:Dragon|61/100
|turn|16
|
|t:|1758968929
|move|p2a: Torterra|Earthquake|p1a: Dragapult
|-damage|p1a: Dragapult|0 fnt
|faint|p1a: Dragapult
|
|upkeep
|
|t:|1758968935
|switch|p1a: Darkrai|Darkrai|100/100
|turn|17
|
|t:|1758968939
|move|p2a: Torterra|Bullet Seed|p1a: Darkrai
|-damage|p1a: Darkrai|69/100
|-damage|p1a: Darkrai|39/100
|-damage|p1a: Darkrai|10/100
|-damage|p1a: Darkrai|0 fnt
|faint|p1a: Darkrai
|-hitcount|p1: Darkrai|4
|
|win|roasted_kitchen
|raw|juncanti's rating: 1271 &rarr; <strong>1244</strong><br />(-27 for losing)
|raw|roasted_kitchen's rating: 1240 &rarr; <strong>1267</strong><br />(+27 for winning)
|l|☆roasted_kitchen
|player|p2|
