|j|☆BigG5
|j|☆ruee3
|t:|1758925550
|gametype|singles
|player|p1|BigG5|169|1467
|player|p2|ruee3|caitlin|1496
|gen|9
|tier|[Gen 9] OU
|rated|
|rule|HP Percentage Mod: HP is shown in percentages
|rule|Endless Battle Clause: Forcing endless battles is banned
|rule|Species Clause: Limit one of each Pokémon
|rule|OHKO Clause: OHKO moves are banned
|rule|Evasion Items Clause: Evasion items are banned
|rule|Evasion Moves Clause: Evasion moves are banned
|rule|Evasion Abilities Clause: Evasion abilities are banned
|rule|Sleep Moves Clause: Sleep-inducing moves are banned
|clearpoke
|poke|p1|Pelipper, F|
|poke|p1|Moltres|
|poke|p1|Basculegion, M|
|poke|p1|Raging Bolt|
|poke|p1|Iron Treads|
|poke|p1|Keldeo|
|poke|p2|Hoopa-Unbound|
|poke|p2|Corviknight, M|
|poke|p2|Dragapult, M|
|poke|p2|Slowking-Galar, M|
|poke|p2|Landorus-Therian, M|
|poke|p2|Dragonite, F|
|teampreview
|inactive|Battle timer is ON: inactive players will automatically lose when time's up. (requested by BigG5)
|
|t:|1758925563
|teamsize|p1|6
|teamsize|p2|6
|start
|switch|p1a: Iron Treads|Iron Treads|100/100
|switch|p2a: Hoopa|Hoopa-Unbound|100/100
|turn|1
|
|t:|1758925573
|move|p1a: Iron Treads|Stealth Rock|p2a: Hoopa
|-sidestart|p2: ruee3|move: Stealth Rock
|move|p2a: Hoopa|Drain Punch|p1a: Iron Treads
|-supereffective|p1a: Iron Treads
|-damage|p1a: Iron Treads|59/100
|
|-heal|p1a: Iron Treads|65/100|[from] item: Leftovers
|upkeep
|turn|2
|
|t:|1758925583
|switch|p2a: Corviknight|Corviknight, M|100/100
|-damage|p2a: Corviknight|88/100|[from] Stealth Rock
|-ability|p2a: Corviknight|Pressure
|move|p1a: Iron Treads|Knock Off|p2a: Corviknight
|-damage|p2a: Corviknight|73/100
|-damage|p1a: Iron Treads|48/100|[from] item: Rocky Helmet|[of] p2a: Corviknight
|-enditem|p2a: Corviknight|Rocky Helmet|[from] move: Knock Off|[of] p1a: Iron Treads
|
|-heal|p1a: Iron Treads|54/100|[from] item: Leftovers
|upkeep
|turn|3
|
|t:|1758925588
|-end|p1a: Iron Treads|Quark Drive|[silent]
|switch|p1a: Pelipper|Pelipper, F|100/100
|-weather|RainDance|[from] ability: Drizzle|[of] p1a: Pelipper
|move|p2a: Corviknight|Defog|p1a: Pelipper
|-unboost|p1a: Pelipper|evasion|1
|-sideend|p2: ruee3|Stealth Rock|[from] move: Defog|[of] p2a: Corviknight
|
|-weather|RainDance|[upkeep]
|upkeep
|turn|4
|
|t:|1758925592
|switch|p2a: Hoopa|Hoopa-Unbound|100/100
|move|p1a: Pelipper|U-turn|p2a: Hoopa
|-supereffective|p2a: Hoopa
|-damage|p2a: Hoopa|57/100
|
|t:|1758925599
|switch|p1a: Basculegion|Basculegion, M, shiny|100/100|[from] U-turn
|
|-weather|RainDance|[upkeep]
|upkeep
|turn|5
|
|t:|1758925604
|move|p1a: Basculegion|Wave Crash|p2a: Hoopa
|-damage|p2a: Hoopa|0 fnt
|faint|p2a: Hoopa
|-damage|p1a: Basculegion|83/100|[from] Recoil
|
|-weather|RainDance|[upkeep]
|upkeep
|
|t:|1758925620
|switch|p2a: Dragonite|Dragonite, F|100/100
|turn|6
|
|t:|1758925625
|move|p1a: Basculegion|Wave Crash|p2a: Dragonite
|-resisted|p2a: Dragonite
|-damage|p2a: Dragonite|63/100
|-damage|p1a: Basculegion|73/100|[from] Recoil
|move|p2a: Dragonite|Dragon Dance|p2a: Dragonite
|-boost|p2a: Dragonite|atk|1
|-boost|p2a: Dragonite|spe|1
|
|-weather|RainDance|[upkeep]
|upkeep
|turn|7
|
|t:|1758925629
|move|p1a: Basculegion|Wave Crash|p2a: Dragonite
|-resisted|p2a: Dragonite
|-damage|p2a: Dragonite|0 fnt
|faint|p2a: Dragonite
|-damage|p1a: Basculegion|56/100|[from] Recoil
|
|-weather|RainDance|[upkeep]
|upkeep
|-message|ruee3 forfeited.
|
|win|BigG5
|raw|BigG5's rating: 1467 &rarr; <strong>1489</strong><br />(+22 for winning)
|raw|ruee3's rating: 1496 &rarr; <strong>1474</strong><br />(-22 for losing)
|l|☆ruee3
|player|p2|
