|j|☆azraelyne
|j|‽Kindofnewbie
|t:|1758960635
|gametype|singles
|player|p1|azraelyne|101|1119
|player|p2|Kindofnewbie|lucas|1064
|gen|9
|tier|[Gen 9] OU
|rated|
|rule|HP Percentage Mod: HP is shown in percentages
|rule|Endless Battle Clause: Forcing endless battles is banned
|rule|Species Clause: Limit one of each Pokémon
|rule|OHKO Clause: OHKO moves are banned
|rule|Evasion Items Clause: Evasion items are banned
|rule|Evasion Moves Clause: Evasion moves are banned
|rule|Evasion Abilities Clause: Evasion abilities are banned
|rule|Sleep Moves Clause: Sleep-inducing moves are banned
|clearpoke
|poke|p1|Lurantis, F|
|poke|p1|Torkoal, M|
|poke|p1|Iron Valiant|
|poke|p1|Araquanid, F|
|poke|p1|Dondozo, F|
|poke|p1|Hatterene, F|
|poke|p2|Swalot, M|
|poke|p2|Mew|
|poke|p2|Araquanid, M|
|poke|p2|Conkeldurr, M|
|poke|p2|Gengar, M|
|poke|p2|Volbeat, M|
|teampreview
|inactive|Battle timer is ON: inactive players will automatically lose when time's up. (requested by Kindofnewbie)
|
|t:|1758960640
|teamsize|p1|6
|teamsize|p2|6
|start
|switch|p1a: Hatterene|Hatterene, F|100/100
|switch|p2a: Araquanid|Araquanid, M|100/100
|turn|1
|
|t:|1758960651
|move|p2a: Araquanid|Liquidation|p1a: Hatterene
|-enditem|p1a: Hatterene|Focus Sash
|-damage|p1a: Hatterene|1/100
|move|p1a: Hatterene|Trick Room|p1a: Hatterene
|-fieldstart|move: Trick Room|[of] p1a: Hatterene
|
|upkeep
|turn|2
|
|t:|1758960676
|switch|p1a: Araquanid|Araquanid, F|100/100
|move|p2a: Araquanid|Liquidation|p1a: Araquanid
|-resisted|p1a: Araquanid
|-damage|p1a: Araquanid|46/100
|-unboost|p1a: Araquanid|def|1
|
|upkeep
|turn|3
|inactive|azraelyne has 120 seconds left.
|
|t:|1758960695
|move|p1a: Araquanid|Liquidation|p2a: Araquanid
|-resisted|p2a: Araquanid
|-damage|p2a: Araquanid|49/100
|move|p2a: Araquanid|Liquidation|p1a: Araquanid
|-resisted|p1a: Araquanid
|-damage|p1a: Araquanid|0 fnt
|faint|p1a: Araquanid
|
|upkeep
|inactive|azraelyne has 120 seconds left.
|
|t:|1758960708
|switch|p1a: Torkoal|Torkoal, M|100/100
|-weather|SunnyDay|[from] ability: Drought|[of] p1a: Torkoal
|turn|4
|inactive|azraelyne has 120 seconds left.
|
|t:|1758960714
|move|p1a: Torkoal|Solar Beam||[still]
|-prepare|p1a: Torkoal|Solar Beam
|-anim|p1a: Torkoal|Solar Beam|p2a: Araquanid
|-damage|p2a: Araquanid|22/100
|move|p2a: Araquanid|Liquidation|p1a: Torkoal
|-supereffective|p1a: Torkoal
|-crit|p1a: Torkoal
|-damage|p1a: Torkoal|0 fnt
|faint|p1a: Torkoal
|
|-weather|SunnyDay|[upkeep]
|upkeep
|inactive|azraelyne has 120 seconds left.
|
|t:|1758960732
|switch|p1a: Dondozo|Dondozo, F|100/100
|turn|5
|
|t:|1758960739
|switch|p2a: Volbeat|Volbeat, M|100/100
|move|p1a: Dondozo|Curse|p1a: Dondozo
|-unboost|p1a: Dondozo|spe|1
|-boost|p1a: Dondozo|atk|1
|-boost|p1a: Dondozo|def|1
|
|-weather|SunnyDay|[upkeep]
|-fieldend|move: Trick Room
|upkeep
|turn|6
|
|t:|1758960749
|move|p2a: Volbeat|Encore|p1a: Dondozo
|-start|p1a: Dondozo|Encore
|move|p1a: Dondozo|Curse|p1a: Dondozo
|-unboost|p1a: Dondozo|spe|1
|-boost|p1a: Dondozo|atk|1
|-boost|p1a: Dondozo|def|1
|
|-weather|SunnyDay|[upkeep]
|upkeep
|turn|7
|
|t:|1758960758
|switch|p2a: Gengar|Gengar, M|100/100
|move|p1a: Dondozo|Curse|p1a: Dondozo
|-unboost|p1a: Dondozo|spe|1
|-boost|p1a: Dondozo|atk|1
|-boost|p1a: Dondozo|def|1
|
|-weather|SunnyDay|[upkeep]
|upkeep
|turn|8
|
|t:|1758960767
|move|p2a: Gengar|Sludge Wave|p1a: Dondozo
|-damage|p1a: Dondozo|51/100
|move|p1a: Dondozo|Curse|p1a: Dondozo
|-unboost|p1a: Dondozo|spe|1
|-boost|p1a: Dondozo|atk|1
|-boost|p1a: Dondozo|def|1
|
|-weather|none
|-end|p1a: Dondozo|Encore
|upkeep
|turn|9
|
|t:|1758960777
|move|p2a: Gengar|Encore|p1a: Dondozo
|-start|p1a: Dondozo|Encore
|move|p1a: Dondozo|Curse|p1a: Dondozo
|-unboost|p1a: Dondozo|spe|1
|-boost|p1a: Dondozo|atk|1
|-boost|p1a: Dondozo|def|1
|
|upkeep
|turn|10
|
|t:|1758960794
|-terastallize|p1a: Dondozo|Ghost
|move|p2a: Gengar|Sludge Wave|p1a: Dondozo
|-resisted|p1a: Dondozo
|-damage|p1a: Dondozo|26/100
|-status|p1a: Dondozo|psn
|move|p1a: Dondozo|Curse|p2a: Gengar
|-start|p2a: Gengar|Curse|[of] p1a: Dondozo
|-damage|p1a: Dondozo|0 fnt
|faint|p1a: Dondozo
|
|-damage|p2a: Gengar|76/100|[from] Curse
|upkeep
|
|t:|1758960808
|switch|p1a: Iron Valiant|Iron Valiant|100/100
|turn|11
|
|t:|1758960815
|move|p2a: Gengar|Sludge Wave|p1a: Iron Valiant
|-supereffective|p1a: Iron Valiant
|-damage|p1a: Iron Valiant|0 fnt
|faint|p1a: Iron Valiant
|-end|p1a: Iron Valiant|Quark Drive|[silent]
|
|-damage|p2a: Gengar|51/100|[from] Curse
|upkeep
|inactive|azraelyne has 120 seconds left.
|inactive|azraelyne has 90 seconds left.
|inactive|azraelyne has 60 seconds left.
|inactive|azraelyne has 30 seconds left.
|inactive|azraelyne has 20 seconds left.
|inactive|azraelyne has 15 seconds left.
|inactive|azraelyne has 10 seconds left.
|inactive|azraelyne has 5 seconds left.
|-message|azraelyne lost due to inactivity.
|
|win|Kindofnewbie
|raw|azraelyne's rating: 1119 &rarr; <strong>1090</strong><br />(-29 for losing)
|raw|Kindofnewbie's rating: 1064 &rarr; <strong>1099</strong><br />(+35 for winning)
|l|‽Kindofnewbie
|player|p2|
