|j|☆Dekkozi
|j|☆ArtisticArcheops
|t:|1758983141
|gametype|singles
|player|p1|Dekkozi|n|1144
|player|p2|ArtisticArcheops|acetrainerf|1124
|gen|9
|tier|[Gen 9] OU
|rated|
|rule|HP Percentage Mod: HP is shown in percentages
|rule|Endless Battle Clause: Forcing endless battles is banned
|rule|Species Clause: Limit one of each Pokémon
|rule|OHKO Clause: OHKO moves are banned
|rule|Evasion Items Clause: Evasion items are banned
|rule|Evasion Moves Clause: Evasion moves are banned
|rule|Evasion Abilities Clause: Evasion abilities are banned
|rule|Sleep Moves Clause: Sleep-inducing moves are banned
|clearpoke
|poke|p1|Skarmory, F|
|poke|p1|Krookodile, M|
|poke|p1|Eiscue, M|
|poke|p1|Slowking-Galar, M|
|poke|p1|Iron Valiant|
|poke|p1|Ninetales-Alola, F|
|poke|p2|Landorus-Therian, M|
|poke|p2|Clefable, M|
|poke|p2|Weavile, M|
|poke|p2|Cinderace, F|
|poke|p2|Gholdengo|
|poke|p2|Alomomola, M|
|teampreview
|inactive|Battle timer is ON: inactive players will automatically lose when time's up. (requested by ArtisticArcheops)
|
|t:|1758983157
|teamsize|p1|6
|teamsize|p2|6
|start
|switch|p1a: Ninetales|Ninetales-Alola, F|100/100
|switch|p2a: Cinderace|Cinderace, F|100/100
|-weather|Snowscape|[from] ability: Snow Warning|[of] p1a: Ninetales
|turn|1
|
|t:|1758983166
|-terastallize|p1a: Ninetales|Water
|move|p2a: Cinderace|Pyro Ball|p1a: Ninetales
|-resisted|p1a: Ninetales
|-damage|p1a: Ninetales|44/100
|move|p1a: Ninetales|Aurora Veil|p1a: Ninetales
|-sidestart|p1: Dekkozi|move: Aurora Veil
|
|-weather|Snowscape|[upkeep]
|upkeep
|turn|2
|
|t:|1758983174
|move|p2a: Cinderace|Pyro Ball|p1a: Ninetales
|-resisted|p1a: Ninetales
|-damage|p1a: Ninetales|17/100
|move|p1a: Ninetales|Moonblast|p2a: Cinderace
|-resisted|p2a: Cinderace
|-damage|p2a: Cinderace|82/100
|-unboost|p2a: Cinderace|spa|1
|
|-weather|Snowscape|[upkeep]
|upkeep
|turn|3
|
|t:|1758983182
|move|p2a: Cinderace|Pyro Ball|p1a: Ninetales|[miss]
|-miss|p2a: Cinderace|p1a: Ninetales
|move|p1a: Ninetales|Encore|p2a: Cinderace
|-start|p2a: Cinderace|Encore
|
|-weather|Snowscape|[upkeep]
|upkeep
|turn|4
|
|t:|1758983188
|move|p2a: Cinderace|Pyro Ball|p1a: Ninetales
|-resisted|p1a: Ninetales
|-damage|p1a: Ninetales|0 fnt
|faint|p1a: Ninetales
|
|-weather|Snowscape|[upkeep]
|upkeep
|
|t:|1758983199
|switch|p1a: Eiscue|Eiscue, M|100/100
|turn|5
|
|t:|1758983204
|move|p2a: Cinderace|Pyro Ball|p1a: Eiscue
|-activate|p1a: Eiscue|ability: Ice Face
|-damage|p1a: Eiscue|100/100
|detailschange|p1a: Eiscue|Eiscue-Noice, M
|move|p1a: Eiscue|Belly Drum|p1a: Eiscue
|-damage|p1a: Eiscue|51/100
|-setboost|p1a: Eiscue|atk|6|[from] move: Belly Drum
|
|-weather|none
|upkeep
|turn|6
|
|t:|1758983213
|move|p1a: Eiscue|Liquidation|p2a: Cinderace
|-supereffective|p2a: Cinderace
|-damage|p2a: Cinderace|0 fnt
|faint|p2a: Cinderace
|
|upkeep
|
|t:|1758983222
|switch|p2a: Weavile|Weavile, M|100/100
|-ability|p2a: Weavile|Pressure
|turn|7
|
|t:|1758983226
|move|p2a: Weavile|Fake Out|p1a: Eiscue
|-damage|p1a: Eiscue|39/100
|-enditem|p1a: Eiscue|Sitrus Berry|[eat]
|-heal|p1a: Eiscue|64/100|[from] item: Sitrus Berry
|cant|p1a: Eiscue|flinch
|
|upkeep
|turn|8
|
|t:|1758983235
|switch|p2a: Alomomola|Alomomola, M|100/100
|move|p1a: Eiscue|Liquidation|p2a: Alomomola
|-resisted|p2a: Alomomola
|-damage|p2a: Alomomola|79/100
|-unboost|p2a: Alomomola|def|1
|
|-heal|p2a: Alomomola|86/100|[from] item: Leftovers
|-sideend|p1: Dekkozi|move: Aurora Veil
|upkeep
|turn|9
|
|t:|1758983244
|move|p1a: Eiscue|Substitute|p1a: Eiscue
|-start|p1a: Eiscue|Substitute
|-damage|p1a: Eiscue|39/100
|move|p2a: Alomomola|Scald|p1a: Eiscue
|-end|p1a: Eiscue|Substitute
|
|-heal|p2a: Alomomola|92/100|[from] item: Leftovers
|upkeep
|turn|10
|
|t:|1758983251
|move|p1a: Eiscue|Icicle Crash|p2a: Alomomola
|-resisted|p2a: Alomomola
|-damage|p2a: Alomomola|38/100
|move|p2a: Alomomola|Scald|p1a: Eiscue
|-damage|p1a: Eiscue|14/100
|
|-heal|p2a: Alomomola|44/100|[from] item: Leftovers
|upkeep
|turn|11
|
|t:|1758983259
|move|p2a: Alomomola|Protect|p2a: Alomomola
|-singleturn|p2a: Alomomola|Protect
|move|p1a: Eiscue|Icicle Crash|p2a: Alomomola
|-activate|p2a: Alomomola|move: Protect
|
|-heal|p2a: Alomomola|50/100|[from] item: Leftovers
|upkeep
|turn|12
|
|t:|1758983266
|switch|p2a: Clefable|Clefable, M, shiny|100/100
|move|p1a: Eiscue|Icicle Crash|p2a: Clefable
|-damage|p2a: Clefable|68/100
|
|upkeep
|turn|13
|
|t:|1758983274
|move|p1a: Eiscue|Icicle Crash|p2a: Clefable
|-damage|p2a: Clefable|29/100
|move|p2a: Clefable|Moonblast|p1a: Eiscue
|-damage|p1a: Eiscue|0 fnt
|faint|p1a: Eiscue
|
|upkeep
|
|t:|1758983281
|switch|p1a: Krookodile|Krookodile, M|100/100
|turn|14
|
|t:|1758983284
|switch|p2a: Alomomola|Alomomola, M|83/100
|move|p1a: Krookodile|Earthquake|p2a: Alomomola
|-damage|p2a: Alomomola|59/100
|
|-heal|p2a: Alomomola|65/100|[from] item: Leftovers
|upkeep
|turn|15
|
|t:|1758983291
|switch|p1a: Skarmory|Skarmory, F|100/100
|move|p2a: Alomomola|Scald|p1a: Skarmory
|-damage|p1a: Skarmory|80/100
|
|-heal|p2a: Alomomola|72/100|[from] item: Leftovers
|upkeep
|turn|16
|
|t:|1758983299
|move|p1a: Skarmory|Tailwind|p1a: Skarmory
|-sidestart|p1: Dekkozi|move: Tailwind
|move|p2a: Alomomola|Scald|p1a: Skarmory
|-damage|p1a: Skarmory|62/100
|
|-heal|p2a: Alomomola|78/100|[from] item: Leftovers
|upkeep
|turn|17
|
|t:|1758983306
|move|p1a: Skarmory|Stealth Rock|p2a: Alomomola
|-sidestart|p2: ArtisticArcheops|move: Stealth Rock
|move|p2a: Alomomola|Wish|p2a: Alomomola
|
|-heal|p2a: Alomomola|84/100|[from] item: Leftovers
|upkeep
|turn|18
|
|t:|1758983312
|switch|p2a: Clefable|Clefable, M, shiny|29/100
|-damage|p2a: Clefable|17/100|[from] Stealth Rock
|move|p1a: Skarmory|Brave Bird|p2a: Clefable
|-damage|p2a: Clefable|0 fnt
|faint|p2a: Clefable
|-damage|p1a: Skarmory|55/100|[from] Recoil
|
|upkeep
|
|t:|1758983331
|switch|p2a: Gholdengo|Gholdengo|100/100
|-damage|p2a: Gholdengo|94/100|[from] Stealth Rock
|turn|19
|
|t:|1758983342
|switch|p1a: Slowking|Slowking-Galar, M|100/100
|move|p2a: Gholdengo|Thunderbolt|p1a: Slowking
|-damage|p1a: Slowking|88/100
|
|-sideend|p1: Dekkozi|move: Tailwind
|upkeep
|turn|20
|
|t:|1758983358
|switch|p2a: Landorus|Landorus-Therian, M|100/100
|-damage|p2a: Landorus|88/100|[from] Stealth Rock
|-ability|p2a: Landorus|Intimidate|boost
|-unboost|p1a: Slowking|atk|1
|move|p1a: Slowking|Flamethrower|p2a: Landorus
|-damage|p2a: Landorus|57/100
|
|-heal|p2a: Landorus|63/100|[from] item: Leftovers
|upkeep
|turn|21
|
|t:|1758983370
|move|p2a: Landorus|Stealth Rock|p1a: Slowking
|-sidestart|p1: Dekkozi|move: Stealth Rock
|move|p1a: Slowking|Ice Beam|p2a: Landorus
|-supereffective|p2a: Landorus
|-damage|p2a: Landorus|0 fnt
|faint|p2a: Landorus
|
|upkeep
|
|t:|1758983376
|switch|p2a: Alomomola|Alomomola, M|100/100
|-damage|p2a: Alomomola|88/100|[from] Stealth Rock
|turn|22
|
|t:|1758983382
|move|p2a: Alomomola|Scald|p1a: Slowking
|-damage|p1a: Slowking|83/100
|move|p1a: Slowking|Future Sight|p2a: Alomomola
|-start|p1a: Slowking|move: Future Sight
|
|-heal|p2a: Alomomola|94/100|[from] item: Leftovers
|upkeep
|turn|23
|
|t:|1758983388
|move|p2a: Alomomola|Scald|p1a: Slowking
|-damage|p1a: Slowking|77/100
|move|p1a: Slowking|Sludge Bomb|p2a: Alomomola
|-damage|p2a: Alomomola|51/100
|
|-heal|p2a: Alomomola|57/100|[from] item: Leftovers
|upkeep
|turn|24
|
|t:|1758983396
|move|p2a: Alomomola|Wish|p2a: Alomomola
|move|p1a: Slowking|Flamethrower|p2a: Alomomola
|-resisted|p2a: Alomomola
|-damage|p2a: Alomomola|44/100
|
|-end|p2a: Alomomola|move: Future Sight
|-damage|p2a: Alomomola|0 fnt
|faint|p2a: Alomomola
|upkeep
|
|t:|1758983403
|switch|p2a: Weavile|Weavile, M|100/100
|-ability|p2a: Weavile|Pressure
|turn|25
|
|t:|1758983408
|move|p2a: Weavile|Knock Off|p1a: Slowking
|-supereffective|p1a: Slowking
|-damage|p1a: Slowking|0 fnt
|-enditem|p1a: Slowking|Assault Vest|[from] move: Knock Off|[of] p2a: Weavile
|faint|p1a: Slowking
|
|upkeep
|
|t:|1758983410
|switch|p1a: Skarmory|Skarmory, F|55/100
|-damage|p1a: Skarmory|43/100|[from] Stealth Rock
|turn|26
|
|t:|1758983425
|move|p2a: Weavile|Ice Spinner|p1a: Skarmory
|-damage|p1a: Skarmory|9/100
|-damage|p2a: Weavile|84/100|[from] item: Rocky Helmet|[of] p1a: Skarmory
|move|p1a: Skarmory|Tailwind|p1a: Skarmory
|-sidestart|p1: Dekkozi|move: Tailwind
|
|upkeep
|turn|27
|
|t:|1758983432
|move|p2a: Weavile|Ice Shard|p1a: Skarmory
|-damage|p1a: Skarmory|0 fnt
|faint|p1a: Skarmory
|
|upkeep
|
|t:|1758983435
|switch|p1a: Iron Valiant|Iron Valiant|100/100
|-damage|p1a: Iron Valiant|94/100|[from] Stealth Rock
|turn|28
|
|t:|1758983450
|move|p2a: Weavile|Ice Shard|p1a: Iron Valiant
|-damage|p1a: Iron Valiant|65/100
|move|p1a: Iron Valiant|Thunderbolt|p2a: Weavile
|-damage|p2a: Weavile|43/100
|
|upkeep
|turn|29
|
|t:|1758983456
|move|p1a: Iron Valiant|Thunderbolt|p2a: Weavile
|-damage|p2a: Weavile|0 fnt
|faint|p2a: Weavile
|
|-sideend|p1: Dekkozi|move: Tailwind
|upkeep
|
|t:|1758983461
|switch|p2a: Gholdengo|Gholdengo|94/100
|-damage|p2a: Gholdengo|88/100|[from] Stealth Rock
|turn|30
|
|t:|1758983476
|move|p1a: Iron Valiant|Thunderbolt|p2a: Gholdengo
|-damage|p2a: Gholdengo|55/100
|-status|p2a: Gholdengo|par
|move|p2a: Gholdengo|Make It Rain|p1a: Iron Valiant
|-supereffective|p1a: Iron Valiant
|-damage|p1a: Iron Valiant|0 fnt
|-unboost|p2a: Gholdengo|spa|1
|faint|p1a: Iron Valiant
|-end|p1a: Iron Valiant|Quark Drive|[silent]
|
|upkeep
|
|t:|1758983483
|switch|p1a: Krookodile|Krookodile, M|100/100
|-damage|p1a: Krookodile|94/100|[from] Stealth Rock
|turn|31
|
|t:|1758983490
|move|p1a: Krookodile|Earthquake|p2a: Gholdengo
|-supereffective|p2a: Gholdengo
|-damage|p2a: Gholdengo|0 fnt
|faint|p2a: Gholdengo
|
|win|Dekkozi
|raw|Dekkozi's rating: 1144 &rarr; <strong>1168</strong><br />(+24 for winning)
|raw|ArtisticArcheops's rating: 1124 &rarr; <strong>1100</strong><br />(-24 for losing)
|l|☆ArtisticArcheops
|player|p2|
|l|☆Dekkozi
|player|p1|
