|j|☆glaec
|j|☆raphaelp
|t:|1759010304
|gametype|singles
|player|p1|glaec|102|1109
|player|p2|raphaelp|102|1099
|gen|9
|tier|[Gen 9] OU
|rated|
|rule|HP Percentage Mod: HP is shown in percentages
|rule|Endless Battle Clause: Forcing endless battles is banned
|rule|Species Clause: Limit one of each Pokémon
|rule|OHKO Clause: OHKO moves are banned
|rule|Evasion Items Clause: Evasion items are banned
|rule|Evasion Moves Clause: Evasion moves are banned
|rule|Evasion Abilities Clause: Evasion abilities are banned
|rule|Sleep Moves Clause: Sleep-inducing moves are banned
|clearpoke
|poke|p1|Dondozo, F|
|poke|p1|Blissey, F|
|poke|p1|Corviknight, F|
|poke|p1|Weezing-Galar, M|
|poke|p1|Gliscor, M|
|poke|p1|Toxapex, M|
|poke|p2|Ribombee, M|
|poke|p2|Gardevoir, F|
|poke|p2|Weezing-Galar, F|
|poke|p2|Honchkrow, M|
|poke|p2|Espeon, M|
|poke|p2|Milotic, F|
|teampreview
|inactive|Battle timer is ON: inactive players will automatically lose when time's up. (requested by raphaelp)
|
|t:|1759010315
|teamsize|p1|6
|teamsize|p2|6
|start
|switch|p1a: Toxapex|Toxapex, M|100/100
|switch|p2a: Ribombee|Ribombee, M, shiny|100/100
|turn|1
|
|t:|1759010322
|move|p2a: Ribombee|Sticky Web|p1a: Toxapex
|-sidestart|p1: glaec|move: Sticky Web
|move|p1a: Toxapex|Toxic|p2a: Ribombee
|-status|p2a: Ribombee|tox
|
|-damage|p2a: Ribombee|95/100 tox|[from] psn
|upkeep
|turn|2
|
|t:|1759010328
|move|p2a: Ribombee|Quiver Dance|p2a: Ribombee
|-boost|p2a: Ribombee|spa|1
|-boost|p2a: Ribombee|spd|1
|-boost|p2a: Ribombee|spe|1
|move|p1a: Toxapex|Toxic Spikes|p2a: Ribombee
|-sidestart|p2: raphaelp|move: Toxic Spikes
|
|-damage|p2a: Ribombee|83/100 tox|[from] psn
|upkeep
|turn|3
|
|t:|1759010333
|move|p2a: Ribombee|Draining Kiss|p1a: Toxapex
|-resisted|p1a: Toxapex
|-damage|p1a: Toxapex|92/100
|-heal|p2a: Ribombee|89/100 tox|[from] drain|[of] p1a: Toxapex
|move|p1a: Toxapex|Haze|p1a: Toxapex
|-clearallboost
|
|-heal|p1a: Toxapex|99/100|[from] item: Leftovers
|-damage|p2a: Ribombee|71/100 tox|[from] psn
|upkeep
|turn|4
|
|t:|1759010340
|move|p2a: Ribombee|U-turn|p1a: Toxapex
|-resisted|p1a: Toxapex
|-crit|p1a: Toxapex
|-damage|p1a: Toxapex|91/100
|
|t:|1759010343
|switch|p2a: Weezing|Weezing-Galar, F|100/100|[from] U-turn
|-ability|p2a: Weezing|Neutralizing Gas
|-sideend|p2: raphaelp|move: Toxic Spikes|[of] p2a: Weezing
|move|p1a: Toxapex|Toxic Spikes|p2a: Weezing
|-sidestart|p2: raphaelp|move: Toxic Spikes
|
|-heal|p1a: Toxapex|97/100|[from] item: Leftovers
|upkeep
|turn|5
|
|t:|1759010360
|switch|p1a: Corviknight|Corviknight, F|100/100
|move|p2a: Weezing|Toxic Spikes|p1a: Corviknight
|-sidestart|p1: glaec|move: Toxic Spikes
|
|upkeep
|turn|6
|
|t:|1759010372
|-end|p2a: Weezing|ability: Neutralizing Gas
|-ability|p1a: Corviknight|Pressure
|switch|p2a: Milotic|Milotic, F|100/100
|-status|p2a: Milotic|psn
|move|p1a: Corviknight|Iron Defense|p1a: Corviknight
|-boost|p1a: Corviknight|def|2
|
|-damage|p2a: Milotic|88/100 psn|[from] psn
|upkeep
|turn|7
|
|t:|1759010390
|move|p2a: Milotic|Scald|p1a: Corviknight
|-damage|p1a: Corviknight|70/100
|-status|p1a: Corviknight|brn
|move|p1a: Corviknight|Defog|p2a: Milotic
|-unboost|p2a: Milotic|evasion|1
|-sideend|p2: raphaelp|Toxic Spikes|[from] move: Defog|[of] p1a: Corviknight
|-sideend|p1: glaec|Toxic Spikes|[from] move: Defog|[of] p1a: Corviknight
|-sideend|p1: glaec|Sticky Web|[from] move: Defog|[of] p1a: Corviknight
|
|-heal|p1a: Corviknight|77/100 brn|[from] item: Leftovers
|-damage|p2a: Milotic|75/100 psn|[from] psn
|-damage|p1a: Corviknight|70/100 brn|[from] brn
|upkeep
|turn|8
|inactive|glaec has 120 seconds left.
|
|t:|1759010447
|move|p2a: Milotic|Scald|p1a: Corviknight
|-damage|p1a: Corviknight|42/100 brn
|move|p1a: Corviknight|Body Press|p2a: Milotic
|-damage|p2a: Milotic|58/100 psn
|
|-heal|p1a: Corviknight|48/100 brn|[from] item: Leftovers
|-damage|p2a: Milotic|46/100 psn|[from] psn
|-damage|p1a: Corviknight|42/100 brn|[from] brn
|upkeep
|turn|9
|
|t:|1759010459
|switch|p1a: Toxapex|Toxapex, M|97/100
|move|p2a: Milotic|Haze|p2a: Milotic
|-clearallboost
|
|-heal|p1a: Toxapex|100/100|[from] item: Leftovers
|-damage|p2a: Milotic|33/100 psn|[from] psn
|upkeep
|turn|10
|
|t:|1759010464
|move|p1a: Toxapex|Toxic Spikes|p2a: Milotic
|-sidestart|p2: raphaelp|move: Toxic Spikes
|move|p2a: Milotic|Mirror Coat||[still]
|-fail|p2a: Milotic
|
|-damage|p2a: Milotic|21/100 psn|[from] psn
|upkeep
|turn|11
|
|t:|1759010467
|move|p1a: Toxapex|Toxic Spikes|p2a: Milotic
|-sidestart|p2: raphaelp|move: Toxic Spikes
|move|p2a: Milotic|Mirror Coat||[still]
|-fail|p2a: Milotic
|
|-damage|p2a: Milotic|8/100 psn|[from] psn
|upkeep
|turn|12
|
|t:|1759010475
|move|p2a: Milotic|Scald|p1a: Toxapex
|-resisted|p1a: Toxapex
|-damage|p1a: Toxapex|90/100
|move|p1a: Toxapex|Recover|p1a: Toxapex
|-heal|p1a: Toxapex|100/100
|
|-damage|p2a: Milotic|0 fnt|[from] psn
|faint|p2a: Milotic
|upkeep
|
|t:|1759010481
|switch|p2a: Weezing|Weezing-Galar, F|100/100
|-ability|p2a: Weezing|Neutralizing Gas
|-sideend|p2: raphaelp|move: Toxic Spikes|[of] p2a: Weezing
|turn|13
|inactive|glaec has 120 seconds left.
|c|☆raphaelp|bro?
|
|t:|1759010525
|switch|p1a: Gliscor|Gliscor, M|100/100
|move|p2a: Weezing|Toxic Spikes|p1a: Gliscor
|-sidestart|p1: glaec|move: Toxic Spikes
|
|-status|p1a: Gliscor|tox|[from] item: Toxic Orb
|upkeep
|turn|14
|
|t:|1759010547
|-end|p2a: Weezing|ability: Neutralizing Gas
|switch|p2a: Ribombee|Ribombee, M, shiny|71/100 tox
|move|p1a: Gliscor|Earthquake|p2a: Ribombee
|-resisted|p2a: Ribombee
|-damage|p2a: Ribombee|44/100 tox
|
|-damage|p2a: Ribombee|38/100 tox|[from] psn
|upkeep
|turn|15
|
|t:|1759010564
|move|p2a: Ribombee|Sticky Web|p1a: Gliscor
|-sidestart|p1: glaec|move: Sticky Web
|move|p1a: Gliscor|Knock Off|p2a: Ribombee
|-resisted|p2a: Ribombee
|-damage|p2a: Ribombee|18/100 tox
|-enditem|p2a: Ribombee|Heavy-Duty Boots|[from] move: Knock Off|[of] p1a: Gliscor
|
|-damage|p2a: Ribombee|6/100 tox|[from] psn
|upkeep
|turn|16
|
|t:|1759010568
|switch|p1a: Corviknight|Corviknight, F|42/100 brn
|-ability|p1a: Corviknight|Pressure
|move|p2a: Ribombee|U-turn|p1a: Corviknight
|-resisted|p1a: Corviknight
|-damage|p1a: Corviknight|40/100 brn
|
|t:|1759010573
|switch|p2a: Honchkrow|Honchkrow, M|100/100|[from] U-turn
|
|-heal|p1a: Corviknight|46/100 brn|[from] item: Leftovers
|-damage|p1a: Corviknight|40/100 brn|[from] brn
|upkeep
|turn|17
|
|t:|1759010579
|-terastallize|p1a: Corviknight|Fighting
|move|p2a: Honchkrow|Heat Wave|p1a: Corviknight
|-crit|p1a: Corviknight
|-damage|p1a: Corviknight|2/100 brn
|move|p1a: Corviknight|Defog|p2a: Honchkrow
|-unboost|p2a: Honchkrow|evasion|1
|-sideend|p1: glaec|Toxic Spikes|[from] move: Defog|[of] p1a: Corviknight
|-sideend|p1: glaec|Sticky Web|[from] move: Defog|[of] p1a: Corviknight
|
|-heal|p1a: Corviknight|8/100 brn|[from] item: Leftovers
|-damage|p1a: Corviknight|2/100 brn|[from] brn
|upkeep
|turn|18
|
|t:|1759010587
|move|p2a: Honchkrow|Night Slash|p1a: Corviknight
|-resisted|p1a: Corviknight
|-crit|p1a: Corviknight
|-damage|p1a: Corviknight|0 fnt
|faint|p1a: Corviknight
|
|upkeep
|
|t:|1759010593
|switch|p1a: Toxapex|Toxapex, M|100/100
|turn|19
|
|t:|1759010601
|move|p2a: Honchkrow|Night Slash|p1a: Toxapex
|-crit|p1a: Toxapex
|-damage|p1a: Toxapex|65/100
|move|p1a: Toxapex|Toxic|p2a: Honchkrow
|-status|p2a: Honchkrow|tox
|
|-heal|p1a: Toxapex|71/100|[from] item: Leftovers
|-damage|p2a: Honchkrow|94/100 tox|[from] psn
|upkeep
|turn|20
|
|t:|1759010626
|switch|p2a: Espeon|Espeon, M|100/100
|move|p1a: Toxapex|Recover|p1a: Toxapex
|-heal|p1a: Toxapex|100/100
|
|upkeep
|turn|21
|
|t:|1759010632
|move|p2a: Espeon|Future Sight|p1a: Toxapex
|-start|p2a: Espeon|move: Future Sight
|move|p1a: Toxapex|Toxic Spikes|p2a: Espeon
|move|p2a: Espeon|Toxic Spikes|p1a: Toxapex|[from] ability: Magic Bounce
|-sidestart|p1: glaec|move: Toxic Spikes
|
|upkeep
|turn|22
|
|t:|1759010645
|switch|p1a: Gliscor|Gliscor, M|100/100 tox
|move|p2a: Espeon|Light Screen|p2a: Espeon
|-sidestart|p2: raphaelp|move: Light Screen
|
|upkeep
|turn|23
|
|t:|1759010649
|move|p2a: Espeon|Reflect|p2a: Espeon
|-sidestart|p2: raphaelp|Reflect
|move|p1a: Gliscor|Knock Off|p2a: Espeon
|-supereffective|p2a: Espeon
|-damage|p2a: Espeon|64/100
|-enditem|p2a: Espeon|Light Clay|[from] move: Knock Off|[of] p1a: Gliscor
|
|-end|p1a: Gliscor|move: Future Sight
|-damage|p1a: Gliscor|53/100 tox
|-heal|p1a: Gliscor|66/100 tox|[from] ability: Poison Heal
|upkeep
|turn|24
|
|t:|1759010662
|move|p2a: Espeon|Future Sight|p1a: Gliscor
|-start|p2a: Espeon|move: Future Sight
|move|p1a: Gliscor|Knock Off|p2a: Espeon
|-supereffective|p2a: Espeon
|-damage|p2a: Espeon|40/100
|
|-heal|p1a: Gliscor|78/100 tox|[from] ability: Poison Heal
|upkeep
|turn|25
|
|t:|1759010695
|switch|p2a: Weezing|Weezing-Galar, F|100/100
|-ability|p2a: Weezing|Neutralizing Gas
|move|p1a: Gliscor|Knock Off|p2a: Weezing
|-resisted|p2a: Weezing
|-damage|p2a: Weezing|96/100
|-enditem|p2a: Weezing|Black Sludge|[from] move: Knock Off|[of] p1a: Gliscor
|
|-damage|p1a: Gliscor|53/100 tox|[from] psn
|upkeep
|turn|26
|inactive|glaec has 120 seconds left.
|inactive|raphaelp has 120 seconds left.
|
|t:|1759010719
|move|p1a: Gliscor|Knock Off|p2a: Weezing
|-resisted|p2a: Weezing
|-damage|p2a: Weezing|93/100
|move|p2a: Weezing|Sludge Bomb|p1a: Gliscor
|-resisted|p1a: Gliscor
|-damage|p1a: Gliscor|41/100 tox
|
|-end|p1a: Gliscor|move: Future Sight
|-damage|p1a: Gliscor|0 fnt
|faint|p1a: Gliscor
|upkeep
|
|t:|1759010727
|switch|p1a: Blissey|Blissey, F|100/100
|-status|p1a: Blissey|psn
|turn|27
|inactive|raphaelp has 120 seconds left.
|
|t:|1759010746
|move|p2a: Weezing|Sludge Bomb|p1a: Blissey
|-damage|p1a: Blissey|92/100 psn
|move|p1a: Blissey|Seismic Toss|p2a: Weezing
|-damage|p2a: Weezing|62/100
|
|-heal|p1a: Blissey|98/100 psn|[from] item: Leftovers
|-damage|p1a: Blissey|86/100 psn|[from] psn
|upkeep
|turn|28
|inactive|raphaelp has 120 seconds left.
|inactive|glaec has 120 seconds left.
|inactive|glaec has 90 seconds left.
|
|t:|1759010797
|move|p2a: Weezing|Toxic Spikes|p1a: Blissey
|-sidestart|p1: glaec|move: Toxic Spikes
|move|p1a: Blissey|Seismic Toss|p2a: Weezing
|-damage|p2a: Weezing|31/100
|
|-heal|p1a: Blissey|92/100 psn|[from] item: Leftovers
|-damage|p1a: Blissey|79/100 psn|[from] psn
|upkeep
|turn|29
|inactive|raphaelp has 120 seconds left.
|
|t:|1759010805
|-end|p2a: Weezing|ability: Neutralizing Gas
|switch|p2a: Honchkrow|Honchkrow, M|94/100 tox
|move|p1a: Blissey|Seismic Toss|p2a: Honchkrow
|-damage|p2a: Honchkrow|65/100 tox
|
|-heal|p1a: Blissey|86/100 psn|[from] item: Leftovers
|-damage|p2a: Honchkrow|59/100 tox|[from] psn
|-damage|p1a: Blissey|73/100 psn|[from] psn
|-sideend|p2: raphaelp|move: Light Screen
|upkeep
|turn|30
|inactive|glaec has 90 seconds left.
|inactive|glaec has 60 seconds left.
|
|t:|1759010869
|move|p2a: Honchkrow|Night Slash|p1a: Blissey
|-crit|p1a: Blissey
|-damage|p1a: Blissey|26/100 psn
|move|p1a: Blissey|Seismic Toss|p2a: Honchkrow
|-damage|p2a: Honchkrow|30/100 tox
|
|-heal|p1a: Blissey|33/100 psn|[from] item: Leftovers
|-damage|p2a: Honchkrow|17/100 tox|[from] psn
|-damage|p1a: Blissey|20/100 psn|[from] psn
|-sideend|p2: raphaelp|Reflect
|upkeep
|turn|31
|inactive|raphaelp has 120 seconds left.
|
|t:|1759010897
|switch|p2a: Weezing|Weezing-Galar, F|31/100
|-ability|p2a: Weezing|Neutralizing Gas
|switch|p1a: Weezing|Weezing-Galar, M|100/100
|-ability|p1a: Weezing|Neutralizing Gas
|-sideend|p1: glaec|move: Toxic Spikes|[of] p1a: Weezing
|
|upkeep
|turn|32
|
|t:|1759010914
|move|p1a: Weezing|Strange Steam|p2a: Weezing
|-resisted|p2a: Weezing
|-damage|p2a: Weezing|17/100
|-start|p2a: Weezing|confusion
|-activate|p2a: Weezing|confusion
|move|p2a: Weezing|Flamethrower|p1a: Weezing
|-damage|p1a: Weezing|73/100
|
|upkeep
|turn|33
|
|t:|1759010926
|switch|p2a: Gardevoir|Gardevoir, F|100/100
|move|p1a: Weezing|Will-O-Wisp|p2a: Gardevoir
|-status|p2a: Gardevoir|brn
|
|-damage|p2a: Gardevoir|94/100 brn|[from] brn
|upkeep
|turn|34
|
|t:|1759010934
|move|p2a: Gardevoir|Psyshock|p1a: Weezing
|-supereffective|p1a: Weezing
|-damage|p1a: Weezing|0 fnt
|faint|p1a: Weezing
|-end|p1a: Weezing|ability: Neutralizing Gas
|-damage|p2a: Gardevoir|85/100 brn|[from] item: Life Orb
|
|-damage|p2a: Gardevoir|79/100 brn|[from] brn
|upkeep
|
|t:|1759010940
|switch|p1a: Dondozo|Dondozo, F|100/100
|-ability|p2a: Gardevoir|Unaware|Trace|[from] ability: Trace|[of] p1a: Dondozo
|turn|35
|
|t:|1759010948
|-terastallize|p2a: Gardevoir|Grass
|move|p2a: Gardevoir|Energy Ball|p1a: Dondozo
|-supereffective|p1a: Dondozo
|-crit|p1a: Dondozo
|-damage|p1a: Dondozo|0 fnt
|faint|p1a: Dondozo
|-damage|p2a: Gardevoir|69/100 brn|[from] item: Life Orb
|
|-damage|p2a: Gardevoir|63/100 brn|[from] brn
|upkeep
|
|t:|1759010953
|switch|p1a: Toxapex|Toxapex, M|100/100
|turn|36
|
|t:|1759010963
|move|p2a: Gardevoir|Psyshock|p1a: Toxapex
|-supereffective|p1a: Toxapex
|-damage|p1a: Toxapex|18/100
|-damage|p2a: Gardevoir|53/100 brn|[from] item: Life Orb
|move|p1a: Toxapex|Recover|p1a: Toxapex
|-heal|p1a: Toxapex|68/100
|
|-heal|p1a: Toxapex|74/100|[from] item: Leftovers
|-damage|p2a: Gardevoir|47/100 brn|[from] brn
|upkeep
|turn|37
|
|t:|1759010990
|switch|p1a: Blissey|Blissey, F|20/100 psn
|move|p2a: Gardevoir|Aura Sphere|p1a: Blissey
|-supereffective|p1a: Blissey
|-damage|p1a: Blissey|0 fnt
|faint|p1a: Blissey
|-damage|p2a: Gardevoir|37/100 brn|[from] item: Life Orb
|
|-damage|p2a: Gardevoir|31/100 brn|[from] brn
|upkeep
|
|t:|1759010992
|switch|p1a: Toxapex|Toxapex, M|100/100
|turn|38
|
|t:|1759010998
|move|p2a: Gardevoir|Psyshock|p1a: Toxapex
|-supereffective|p1a: Toxapex
|-damage|p1a: Toxapex|18/100
|-damage|p2a: Gardevoir|21/100 brn|[from] item: Life Orb
|move|p1a: Toxapex|Recover|p1a: Toxapex
|-heal|p1a: Toxapex|68/100
|
|-heal|p1a: Toxapex|74/100|[from] item: Leftovers
|-damage|p2a: Gardevoir|15/100 brn|[from] brn
|upkeep
|turn|39
|
|t:|1759011001
|move|p2a: Gardevoir|Psyshock|p1a: Toxapex
|-supereffective|p1a: Toxapex
|-damage|p1a: Toxapex|0 fnt
|faint|p1a: Toxapex
|-damage|p2a: Gardevoir|6/100 brn|[from] item: Life Orb
|
|win|raphaelp
|raw|glaec's rating: 1109 &rarr; <strong>1083</strong><br />(-26 for losing)
|raw|raphaelp's rating: 1099 &rarr; <strong>1125</strong><br />(+26 for winning)
|l|☆raphaelp
|player|p2|
