|j|☆levi6969
|j|☆Charle_phate
|t:|1759040968
|gametype|singles
|player|p1|levi6969|169|1310
|player|p2|Charle_phate|blue|1261
|gen|9
|tier|[Gen 9] OU
|rated|
|rule|HP Percentage Mod: HP is shown in percentages
|rule|Endless Battle Clause: Forcing endless battles is banned
|rule|Species Clause: Limit one of each Pokémon
|rule|OHKO Clause: OHKO moves are banned
|rule|Evasion Items Clause: Evasion items are banned
|rule|Evasion Moves Clause: Evasion moves are banned
|rule|Evasion Abilities Clause: Evasion abilities are banned
|rule|Sleep Moves Clause: Sleep-inducing moves are banned
|clearpoke
|poke|p1|Vaporeon, M|
|poke|p1|Incineroar, F|
|poke|p1|Rillaboom, F|
|poke|p1|Landorus-Therian, M|
|poke|p1|Iron Crown|
|poke|p1|Weezing-Galar, M|
|poke|p2|Serperior, F|
|poke|p2|Rotom-Wash|
|poke|p2|Zapdos|
|poke|p2|Heatran, F|
|poke|p2|Clefable, F|
|poke|p2|Landorus-Therian, M|
|teampreview
|inactive|Battle timer is ON: inactive players will automatically lose when time's up. (requested by Charle_phate)
|inactive|levi6969 has 120 seconds left.
|inactive|levi6969 has 90 seconds left.
|inactive|levi6969 has 60 seconds left.
|inactive|levi6969 has 30 seconds left.
|inactive|levi6969 has 20 seconds left.
|inactive|levi6969 has 15 seconds left.
|inactive|levi6969 has 10 seconds left.
|
|t:|1759041116
|teamsize|p1|6
|teamsize|p2|6
|start
|switch|p1a: Rillaboom|Rillaboom, F|100/100
|switch|p2a: Rotom|Rotom-Wash|100/100
|-fieldstart|move: Grassy Terrain|[from] ability: Grassy Surge|[of] p1a: Rillaboom
|turn|1
|inactive|Charle_phate has 120 seconds left.
|inactive|Charle_phate has 90 seconds left.
|
|t:|1759041179
|switch|p1a: Iron Crown|Iron Crown|100/100
|switch|p2a: Heatran|Heatran, F|100/100
|
|upkeep
|turn|2
|
|t:|1759041193
|move|p1a: Iron Crown|Volt Switch|p2a: Heatran
|-damage|p2a: Heatran|79/100
|
|t:|1759041196
|-end|p1a: Iron Crown|Quark Drive|[silent]
|switch|p1a: Vaporeon|Vaporeon, M|100/100|[from] Volt Switch
|move|p2a: Heatran|Substitute|p2a: Heatran
|-start|p2a: Heatran|Substitute
|-damage|p2a: Heatran|54/100
|
|-heal|p2a: Heatran|60/100|[from] Grassy Terrain
|-heal|p2a: Heatran|66/100|[from] item: Leftovers
|upkeep
|turn|3
|
|t:|1759041209
|move|p2a: Heatran|Ancient Power|p1a: Vaporeon
|-damage|p1a: Vaporeon|80/100
|move|p1a: Vaporeon|Calm Mind|p1a: Vaporeon
|-boost|p1a: Vaporeon|spa|1
|-boost|p1a: Vaporeon|spd|1
|
|-heal|p2a: Heatran|73/100|[from] Grassy Terrain
|-heal|p2a: Heatran|79/100|[from] item: Leftovers
|-heal|p1a: Vaporeon|86/100|[from] Grassy Terrain
|upkeep
|turn|4
|inactive|levi6969 has 90 seconds left.
|inactive|Charle_phate has 90 seconds left.
|inactive|levi6969 has 60 seconds left.
|inactive|levi6969 has 30 seconds left.
|
|t:|1759041280
|move|p2a: Heatran|Ancient Power|p1a: Vaporeon
|-damage|p1a: Vaporeon|73/100
|move|p1a: Vaporeon|Calm Mind|p1a: Vaporeon
|-boost|p1a: Vaporeon|spa|1
|-boost|p1a: Vaporeon|spd|1
|
|-heal|p2a: Heatran|85/100|[from] Grassy Terrain
|-heal|p2a: Heatran|91/100|[from] item: Leftovers
|-heal|p1a: Vaporeon|80/100|[from] Grassy Terrain
|upkeep
|turn|5
|l|☆Charle_phate
|inactive|Charle_phate disconnected and has a minute to reconnect!
|player|p2|
|j|☆Charle_phate
|inactive|Charle_phate reconnected and has 80 seconds left.
|player|p2|Charle_phate|blue|
|
|t:|1759041319
|move|p2a: Heatran|Ancient Power|p1a: Vaporeon
|-damage|p1a: Vaporeon|69/100
|-boost|p2a: Heatran|atk|1
|-boost|p2a: Heatran|def|1
|-boost|p2a: Heatran|spa|1
|-boost|p2a: Heatran|spd|1
|-boost|p2a: Heatran|spe|1
|move|p1a: Vaporeon|Scald|p2a: Heatran
|-supereffective|p2a: Heatran
|-end|p2a: Heatran|Substitute
|
|-heal|p2a: Heatran|97/100|[from] Grassy Terrain
|-heal|p2a: Heatran|100/100|[from] item: Leftovers
|-heal|p1a: Vaporeon|76/100|[from] Grassy Terrain
|-fieldend|move: Grassy Terrain
|upkeep
|turn|6
|
|t:|1759041325
|move|p2a: Heatran|Substitute|p2a: Heatran
|-start|p2a: Heatran|Substitute
|-damage|p2a: Heatran|76/100
|move|p1a: Vaporeon|Scald|p2a: Heatran
|-supereffective|p2a: Heatran
|-end|p2a: Heatran|Substitute
|
|-heal|p2a: Heatran|82/100|[from] item: Leftovers
|upkeep
|turn|7
|
|t:|1759041332
|-terastallize|p2a: Heatran|Flying
|move|p2a: Heatran|Substitute|p2a: Heatran
|-start|p2a: Heatran|Substitute
|-damage|p2a: Heatran|57/100
|move|p1a: Vaporeon|Scald|p2a: Heatran
|-end|p2a: Heatran|Substitute
|
|-heal|p2a: Heatran|63/100|[from] item: Leftovers
|upkeep
|turn|8
|
|t:|1759041339
|move|p2a: Heatran|Substitute|p2a: Heatran
|-start|p2a: Heatran|Substitute
|-damage|p2a: Heatran|39/100
|move|p1a: Vaporeon|Scald|p2a: Heatran
|-end|p2a: Heatran|Substitute
|
|-heal|p2a: Heatran|45/100|[from] item: Leftovers
|upkeep
|turn|9
|
|t:|1759041343
|move|p2a: Heatran|Ancient Power|p1a: Vaporeon
|-damage|p1a: Vaporeon|60/100
|move|p1a: Vaporeon|Scald|p2a: Heatran
|-damage|p2a: Heatran|1/100
|-status|p2a: Heatran|brn
|
|-heal|p2a: Heatran|7/100 brn|[from] item: Leftovers
|-damage|p2a: Heatran|1/100 brn|[from] brn
|upkeep
|turn|10
|
|t:|1759041351
|move|p2a: Heatran|Earth Power|p1a: Vaporeon
|-damage|p1a: Vaporeon|36/100
|move|p1a: Vaporeon|Calm Mind|p1a: Vaporeon
|-boost|p1a: Vaporeon|spa|1
|-boost|p1a: Vaporeon|spd|1
|
|-heal|p2a: Heatran|7/100 brn|[from] item: Leftovers
|-damage|p2a: Heatran|1/100 brn|[from] brn
|upkeep
|turn|11
|
|t:|1759041365
|move|p2a: Heatran|Earth Power|p1a: Vaporeon
|-damage|p1a: Vaporeon|17/100
|move|p1a: Vaporeon|Scald|p2a: Heatran
|-damage|p2a: Heatran|0 fnt
|faint|p2a: Heatran
|
|upkeep
|
|t:|1759041372
|switch|p2a: Serperior|Serperior, F|100/100
|turn|12
|-enditem|p1a: Vaporeon|Custap Berry|[eat]
|-activate|p1a: Vaporeon|item: Custap Berry|[consumed]
|
|t:|1759041375
|move|p1a: Vaporeon|Ice Beam|p2a: Serperior
|-supereffective|p2a: Serperior
|-damage|p2a: Serperior|0 fnt
|faint|p2a: Serperior
|
|upkeep
|
|t:|1759041382
|switch|p2a: Landorus|Landorus-Therian, M|100/100
|-ability|p2a: Landorus|Intimidate|boost
|-unboost|p1a: Vaporeon|atk|1
|turn|13
|
|t:|1759041386
|switch|p1a: Landorus|Landorus-Therian, M|100/100
|-ability|p1a: Landorus|Intimidate|boost
|-unboost|p2a: Landorus|atk|1
|move|p2a: Landorus|Earthquake|p1a: Landorus
|-immune|p1a: Landorus
|
|upkeep
|turn|14
|
|t:|1759041400
|move|p1a: Landorus|Taunt|p2a: Landorus
|-start|p2a: Landorus|move: Taunt
|cant|p2a: Landorus|move: Taunt|Stealth Rock
|
|upkeep
|turn|15
|
|t:|1759041406
|switch|p2a: Zapdos|Zapdos|100/100
|move|p1a: Landorus|Stealth Rock|p2a: Zapdos
|-sidestart|p2: Charle_phate|move: Stealth Rock
|
|upkeep
|turn|16
|inactive|levi6969 has 120 seconds left.
|inactive|levi6969 has 90 seconds left.
|inactive|levi6969 has 60 seconds left.
|
|t:|1759041498
|move|p1a: Landorus|Taunt|p2a: Zapdos
|-start|p2a: Zapdos|move: Taunt
|move|p2a: Zapdos|Heat Wave|p1a: Landorus
|-damage|p1a: Landorus|63/100
|
|upkeep
|turn|17
|
|t:|1759041507
|switch|p1a: Incineroar|Incineroar, F|100/100
|-ability|p1a: Incineroar|Intimidate|boost
|-unboost|p2a: Zapdos|atk|1
|move|p2a: Zapdos|Ancient Power|p1a: Incineroar
|-supereffective|p1a: Incineroar
|-damage|p1a: Incineroar|58/100
|-enditem|p1a: Incineroar|Weakness Policy
|-boost|p1a: Incineroar|atk|2|[from] item: Weakness Policy
|-boost|p1a: Incineroar|spa|2|[from] item: Weakness Policy
|
|upkeep
|turn|18
|inactive|levi6969 has 60 seconds left.
|
|t:|1759041514
|move|p2a: Zapdos|Ancient Power|p1a: Incineroar
|-supereffective|p1a: Incineroar
|-damage|p1a: Incineroar|15/100
|move|p1a: Incineroar|Flame Charge|p2a: Zapdos
|-damage|p2a: Zapdos|61/100
|-boost|p1a: Incineroar|spe|1
|-status|p1a: Incineroar|par|[from] ability: Static|[of] p2a: Zapdos
|
|-heal|p2a: Zapdos|67/100|[from] item: Leftovers
|-end|p2a: Zapdos|move: Taunt
|upkeep
|turn|19
|
|t:|1759041521
|move|p2a: Zapdos|Ancient Power|p1a: Incineroar
|-supereffective|p1a: Incineroar
|-damage|p1a: Incineroar|0 fnt
|faint|p1a: Incineroar
|
|-heal|p2a: Zapdos|73/100|[from] item: Leftovers
|upkeep
|
|t:|1759041527
|switch|p1a: Iron Crown|Iron Crown|100/100
|turn|20
|
|t:|1759041541
|move|p1a: Iron Crown|Future Sight|p2a: Zapdos
|-start|p1a: Iron Crown|move: Future Sight
|move|p2a: Zapdos|Ancient Power|p1a: Iron Crown
|-resisted|p1a: Iron Crown
|-damage|p1a: Iron Crown|93/100
|
|-heal|p2a: Zapdos|79/100|[from] item: Leftovers
|upkeep
|turn|21
|
|t:|1759041550
|move|p1a: Iron Crown|Volt Switch|p2a: Zapdos
|-damage|p2a: Zapdos|56/100
|
|t:|1759041560
|-end|p1a: Iron Crown|Quark Drive|[silent]
|switch|p1a: Weezing|Weezing-Galar, M|100/100|[from] Volt Switch
|-ability|p1a: Weezing|Neutralizing Gas
|move|p2a: Zapdos|Ancient Power|p1a: Weezing
|-damage|p1a: Weezing|69/100
|
|-heal|p2a: Zapdos|62/100|[from] item: Leftovers
|upkeep
|turn|22
|
|t:|1759041571
|move|p2a: Zapdos|Heat Wave|p1a: Weezing
|-damage|p1a: Weezing|18/100
|move|p1a: Weezing|Strange Steam|p2a: Zapdos
|-damage|p2a: Zapdos|34/100
|-start|p2a: Zapdos|confusion
|
|-end|p2a: Zapdos|move: Future Sight
|-damage|p2a: Zapdos|0 fnt
|faint|p2a: Zapdos
|upkeep
|inactive|Charle_phate has 120 seconds left.
|
|t:|1759041599
|switch|p2a: Rotom|Rotom-Wash|100/100
|-damage|p2a: Rotom|88/100|[from] Stealth Rock
|turn|23
|
|t:|1759041606
|move|p2a: Rotom|Thunder Wave|p1a: Weezing
|-status|p1a: Weezing|par
|move|p1a: Weezing|Strange Steam|p2a: Rotom
|-damage|p2a: Rotom|58/100
|-start|p2a: Rotom|confusion
|
|-heal|p2a: Rotom|64/100|[from] item: Leftovers
|upkeep
|turn|24
|
|t:|1759041619
|-activate|p2a: Rotom|confusion
|-damage|p2a: Rotom|59/100|[from] confusion
|move|p1a: Weezing|Pain Split|p2a: Rotom
|-sethp|p2a: Rotom|42/100|[from] move: Pain Split|[silent]
|-sethp|p1a: Weezing|30/100 par|[from] move: Pain Split
|
|-heal|p2a: Rotom|48/100|[from] item: Leftovers
|upkeep
|turn|25
|
|t:|1759041629
|-activate|p2a: Rotom|confusion
|move|p2a: Rotom|Charge Beam|p1a: Weezing
|-damage|p1a: Weezing|0 fnt
|-boost|p2a: Rotom|spa|1
|faint|p1a: Weezing
|-end|p1a: Weezing|ability: Neutralizing Gas
|
|-heal|p2a: Rotom|54/100|[from] item: Leftovers
|upkeep
|
|t:|1759041634
|switch|p1a: Rillaboom|Rillaboom, F|100/100
|-fieldstart|move: Grassy Terrain|[from] ability: Grassy Surge|[of] p1a: Rillaboom
|turn|26
|
|t:|1759041643
|-terastallize|p1a: Rillaboom|Grass
|move|p1a: Rillaboom|Grassy Glide|p2a: Rotom
|-supereffective|p2a: Rotom
|-damage|p2a: Rotom|0 fnt
|faint|p2a: Rotom
|
|upkeep
|
|t:|1759041654
|switch|p2a: Landorus|Landorus-Therian, M|100/100
|-damage|p2a: Landorus|88/100|[from] Stealth Rock
|-ability|p2a: Landorus|Intimidate|boost
|-unboost|p1a: Rillaboom|atk|1
|turn|27
|
|t:|1759041662
|switch|p1a: Landorus|Landorus-Therian, M|63/100
|-ability|p1a: Landorus|Intimidate|boost
|-unboost|p2a: Landorus|atk|1
|move|p2a: Landorus|Stealth Rock|p1a: Landorus
|-sidestart|p1: levi6969|move: Stealth Rock
|
|-heal|p2a: Landorus|94/100|[from] item: Leftovers
|upkeep
|turn|28
|
|t:|1759041673
|move|p1a: Landorus|Taunt|p2a: Landorus
|-start|p2a: Landorus|move: Taunt
|move|p2a: Landorus|Rock Slide|p1a: Landorus|[miss]
|-miss|p2a: Landorus|p1a: Landorus
|
|-heal|p2a: Landorus|100/100|[from] item: Leftovers
|upkeep
|turn|29
|
|t:|1759041686
|move|p1a: Landorus|U-turn|p2a: Landorus
|-resisted|p2a: Landorus
|-damage|p2a: Landorus|88/100
|
|t:|1759041690
|switch|p1a: Vaporeon|Vaporeon, M|17/100|[from] U-turn
|-damage|p1a: Vaporeon|4/100|[from] Stealth Rock
|move|p2a: Landorus|Rock Slide|p1a: Vaporeon
|-damage|p1a: Vaporeon|0 fnt
|faint|p1a: Vaporeon
|
|-heal|p2a: Landorus|95/100|[from] item: Leftovers
|upkeep
|
|t:|1759041692
|switch|p1a: Rillaboom|Rillaboom, F, tera:Grass|100/100
|-damage|p1a: Rillaboom|88/100|[from] Stealth Rock
|turn|30
|
|t:|1759041707
|move|p1a: Rillaboom|Grassy Glide|p2a: Landorus
|-crit|p2a: Landorus
|-damage|p2a: Landorus|0 fnt
|faint|p2a: Landorus
|
|-heal|p1a: Rillaboom|94/100|[from] Grassy Terrain
|-fieldend|move: Grassy Terrain
|upkeep
|
|t:|1759041715
|switch|p2a: Clefable|Clefable, F|100/100
|turn|31
|
|t:|1759041719
|switch|p1a: Landorus|Landorus-Therian, M|63/100
|-damage|p1a: Landorus|51/100|[from] Stealth Rock
|-ability|p1a: Landorus|Intimidate|boost
|-unboost|p2a: Clefable|atk|1
|move|p2a: Clefable|Cosmic Power|p2a: Clefable
|-boost|p2a: Clefable|def|1
|-boost|p2a: Clefable|spd|1
|
|upkeep
|turn|32
|
|t:|1759041733
|move|p1a: Landorus|Taunt|p2a: Clefable
|-start|p2a: Clefable|move: Taunt
|move|p2a: Clefable|Stored Power|p1a: Landorus
|-damage|p1a: Landorus|36/100
|
|upkeep
|turn|33
|
|t:|1759041741
|switch|p1a: Rillaboom|Rillaboom, F, tera:Grass|94/100
|-damage|p1a: Rillaboom|82/100|[from] Stealth Rock
|-fieldstart|move: Grassy Terrain|[from] ability: Grassy Surge|[of] p1a: Rillaboom
|move|p2a: Clefable|Charge Beam|p1a: Rillaboom
|-resisted|p1a: Rillaboom
|-damage|p1a: Rillaboom|75/100
|-boost|p2a: Clefable|spa|1
|
|-heal|p1a: Rillaboom|81/100|[from] Grassy Terrain
|upkeep
|turn|34
|
|t:|1759041758
|move|p1a: Rillaboom|Wood Hammer|p2a: Clefable
|-damage|p2a: Clefable|0 fnt
|faint|p2a: Clefable
|-damage|p1a: Rillaboom|49/100|[from] Recoil
|
|win|levi6969
|raw|levi6969's rating: 1310 &rarr; <strong>1325</strong><br />(+15 for winning)
|raw|Charle_phate's rating: 1225 &rarr; <strong>1206</strong><br />(-19 for losing)
|l|☆levi6969
|player|p1|
|l|☆Charle_phate
|player|p2|
