|j|☆isochrysis
|j|☆Poochery
|t:|1758960982
|gametype|singles
|player|p1|isochrysis|psychic-gen4|1174
|player|p2|Poochery|yellow|1129
|gen|9
|tier|[Gen 9] OU
|rated|
|rule|HP Percentage Mod: HP is shown in percentages
|rule|Endless Battle Clause: Forcing endless battles is banned
|rule|Species Clause: Limit one of each Pokémon
|rule|OHKO Clause: OHKO moves are banned
|rule|Evasion Items Clause: Evasion items are banned
|rule|Evasion Moves Clause: Evasion moves are banned
|rule|Evasion Abilities Clause: Evasion abilities are banned
|rule|Sleep Moves Clause: Sleep-inducing moves are banned
|clearpoke
|poke|p1|Thundurus, M|
|poke|p1|Weavile, F|
|poke|p1|Gyarados, F|
|poke|p1|Jirachi|
|poke|p1|Dragalge, M|
|poke|p1|Garchomp, M|
|poke|p2|Ursaluna, M|
|poke|p2|Maushold-Four|
|poke|p2|Zoroark-Hisui, M|
|poke|p2|Ambipom, F|
|poke|p2|Wyrdeer, F|
|poke|p2|Grafaiai, F|
|teampreview
|inactive|Battle timer is ON: inactive players will automatically lose when time's up. (requested by Poochery)
|
|t:|1758960989
|teamsize|p1|6
|teamsize|p2|6
|start
|switch|p1a: Garchomp|Garchomp, M|100/100
|switch|p2a: Wyrdeer|Wyrdeer, F|100/100
|-ability|p2a: Wyrdeer|Intimidate|boost
|-unboost|p1a: Garchomp|atk|1
|turn|1
|
|t:|1758960999
|move|p1a: Garchomp|Swords Dance|p1a: Garchomp
|-boost|p1a: Garchomp|atk|2
|move|p2a: Wyrdeer|Reflect|p2a: Wyrdeer
|-sidestart|p2: Poochery|Reflect
|
|upkeep
|turn|2
|
|t:|1758961003
|move|p2a: Wyrdeer|Light Screen|p2a: Wyrdeer
|-sidestart|p2: Poochery|move: Light Screen
|move|p1a: Garchomp|Dragon Tail|p2a: Wyrdeer
|-damage|p2a: Wyrdeer|75/100
|drag|p2a: Ambipom|Ambipom, F|100/100
|
|upkeep
|turn|3
|
|t:|1758961019
|switch|p1a: Dragalge|Dragalge, M|100/100
|move|p2a: Ambipom|Triple Axel|p1a: Dragalge
|-supereffective|p1a: Dragalge
|-damage|p1a: Dragalge|76/100
|-supereffective|p1a: Dragalge
|-damage|p1a: Dragalge|28/100
|-supereffective|p1a: Dragalge
|-damage|p1a: Dragalge|0 fnt
|faint|p1a: Dragalge
|-hitcount|p1: Dragalge|3
|-damage|p2a: Ambipom|91/100|[from] item: Life Orb
|
|upkeep
|
|t:|1758961029
|switch|p1a: Gyarados|Gyarados, F|100/100
|-ability|p1a: Gyarados|Intimidate|boost
|-unboost|p2a: Ambipom|atk|1
|turn|4
|
|t:|1758961036
|-terastallize|p1a: Gyarados|Steel
|move|p2a: Ambipom|U-turn|p1a: Gyarados
|-resisted|p1a: Gyarados
|-damage|p1a: Gyarados|90/100
|-damage|p2a: Ambipom|74/100|[from] item: Rocky Helmet|[of] p1a: Gyarados
|-damage|p2a: Ambipom|64/100|[from] item: Life Orb
|
|t:|1758961042
|switch|p2a: Ursaluna|Ursaluna, M|100/100|[from] U-turn
|move|p1a: Gyarados|Dragon Dance|p1a: Gyarados
|-boost|p1a: Gyarados|atk|1
|-boost|p1a: Gyarados|spe|1
|
|-status|p2a: Ursaluna|brn|[from] item: Flame Orb
|upkeep
|turn|5
|
|t:|1758961057
|move|p1a: Gyarados|Iron Head|p2a: Ursaluna
|-damage|p2a: Ursaluna|77/100 brn
|move|p2a: Ursaluna|Earthquake|p1a: Gyarados
|-supereffective|p1a: Gyarados
|-damage|p1a: Gyarados|0 fnt
|faint|p1a: Gyarados
|
|-damage|p2a: Ursaluna|71/100 brn|[from] brn
|upkeep
|
|t:|1758961066
|switch|p1a: Weavile|Weavile, F|100/100
|turn|6
|
|t:|1758961072
|move|p1a: Weavile|Fake Out|p2a: Ursaluna
|-damage|p2a: Ursaluna|66/100 brn
|cant|p2a: Ursaluna|flinch
|
|-damage|p2a: Ursaluna|60/100 brn|[from] brn
|upkeep
|turn|7
|
|t:|1758961089
|switch|p1a: Jirachi|Jirachi|100/100
|move|p2a: Ursaluna|Facade|p1a: Jirachi
|-resisted|p1a: Jirachi
|-damage|p1a: Jirachi|32/100
|
|-damage|p2a: Ursaluna|54/100 brn|[from] brn
|upkeep
|turn|8
|
|t:|1758961095
|move|p1a: Jirachi|Iron Head|p2a: Ursaluna
|-damage|p2a: Ursaluna|42/100 brn
|cant|p2a: Ursaluna|flinch
|
|-damage|p2a: Ursaluna|36/100 brn|[from] brn
|-sideend|p2: Poochery|Reflect
|upkeep
|turn|9
|
|t:|1758961100
|move|p1a: Jirachi|Iron Head|p2a: Ursaluna
|-damage|p2a: Ursaluna|9/100 brn
|move|p2a: Ursaluna|Facade|p1a: Jirachi
|-resisted|p1a: Jirachi
|-damage|p1a: Jirachi|0 fnt
|faint|p1a: Jirachi
|
|-damage|p2a: Ursaluna|3/100 brn|[from] brn
|-sideend|p2: Poochery|move: Light Screen
|upkeep
|
|t:|1758961103
|switch|p1a: Weavile|Weavile, F|100/100
|turn|10
|
|t:|1758961111
|move|p1a: Weavile|Icicle Crash|p2a: Ursaluna
|-supereffective|p2a: Ursaluna
|-damage|p2a: Ursaluna|0 fnt
|faint|p2a: Ursaluna
|
|upkeep
|
|t:|1758961122
|switch|p2a: Ambipom|Ambipom, F|64/100
|turn|11
|
|t:|1758961127
|switch|p1a: Thundurus|Thundurus, M|100/100
|move|p2a: Ambipom|Fake Out|p1a: Thundurus
|-damage|p1a: Thundurus|60/100
|-damage|p2a: Ambipom|54/100|[from] item: Life Orb
|
|upkeep
|turn|12
|
|t:|1758961139
|move|p1a: Thundurus|Thunder Wave|p2a: Ambipom
|-status|p2a: Ambipom|par
|cant|p2a: Ambipom|par
|
|upkeep
|turn|13
|
|t:|1758961147
|move|p1a: Thundurus|Volt Switch|p2a: Ambipom
|-damage|p2a: Ambipom|0 fnt
|faint|p2a: Ambipom
|-damage|p1a: Thundurus|50/100|[from] item: Life Orb
|
|t:|1758961154
|switch|p1a: Weavile|Weavile, F|100/100|[from] Volt Switch
|
|upkeep
|
|t:|1758961163
|switch|p2a: Wyrdeer|Wyrdeer, F|100/100
|turn|14
|
|t:|1758961167
|move|p1a: Weavile|Knock Off|p2a: Wyrdeer
|-supereffective|p2a: Wyrdeer
|-damage|p2a: Wyrdeer|0 fnt
|replace|p2a: Zoroark|Zoroark-Hisui, M
|-end|p2a: Zoroark|Illusion
|-enditem|p2a: Zoroark|Throat Spray|[from] move: Knock Off|[of] p1a: Weavile
|faint|p2a: Zoroark
|
|upkeep
|
|t:|1758961171
|switch|p2a: Wyrdeer|Wyrdeer, F|75/100
|-ability|p2a: Wyrdeer|Intimidate|boost
|-unboost|p1a: Weavile|atk|1
|turn|15
|
|t:|1758961177
|move|p1a: Weavile|Knock Off|p2a: Wyrdeer
|-supereffective|p2a: Wyrdeer
|-damage|p2a: Wyrdeer|4/100
|-enditem|p2a: Wyrdeer|Light Clay|[from] move: Knock Off|[of] p1a: Weavile
|move|p2a: Wyrdeer|Reflect|p2a: Wyrdeer
|-sidestart|p2: Poochery|Reflect
|
|upkeep
|turn|16
|
|t:|1758961184
|move|p1a: Weavile|Icicle Crash|p2a: Wyrdeer
|-damage|p2a: Wyrdeer|0 fnt
|faint|p2a: Wyrdeer
|
|upkeep
|
|t:|1758961188
|switch|p2a: Maushold|Maushold-Four|100/100
|turn|17
|
|t:|1758961193
|switch|p1a: Garchomp|Garchomp, M|100/100
|move|p2a: Maushold|Tidy Up|p2a: Maushold
|-boost|p2a: Maushold|atk|1
|-boost|p2a: Maushold|spe|1
|
|upkeep
|turn|18
|
|t:|1758961201
|-terastallize|p2a: Maushold|Normal
|move|p2a: Maushold|Population Bomb|p1a: Garchomp|[miss]
|-miss|p2a: Maushold|p1a: Garchomp
|move|p1a: Garchomp|Earthquake|p2a: Maushold
|-damage|p2a: Maushold|62/100
|
|upkeep
|turn|19
|
|t:|1758961210
|move|p2a: Maushold|Population Bomb|p1a: Garchomp
|-crit|p1a: Garchomp
|-damage|p1a: Garchomp|67/100
|-damage|p2a: Maushold|50/100|[from] ability: Rough Skin|[of] p1a: Garchomp
|-damage|p2a: Maushold|33/100|[from] item: Rocky Helmet|[of] p1a: Garchomp
|-damage|p1a: Garchomp|46/100
|-damage|p2a: Maushold|21/100|[from] ability: Rough Skin|[of] p1a: Garchomp
|-damage|p2a: Maushold|4/100|[from] item: Rocky Helmet|[of] p1a: Garchomp
|-damage|p1a: Garchomp|23/100
|-damage|p2a: Maushold|0 fnt|[from] ability: Rough Skin|[of] p1a: Garchomp
|faint|p2a: Maushold
|-hitcount|p1a: Garchomp|3
|move|p1a: Garchomp|Swords Dance|p1a: Garchomp
|-boost|p1a: Garchomp|atk|2
|
|-sideend|p2: Poochery|Reflect
|upkeep
|
|t:|1758961221
|switch|p2a: Grafaiai|Grafaiai, F|100/100
|turn|20
|
|t:|1758961229
|move|p2a: Grafaiai|Metronome|p2a: Grafaiai
|move|p2a: Grafaiai|Sucker Punch|p1a: Garchomp|[from] move: Metronome
|-damage|p1a: Garchomp|9/100
|-damage|p2a: Grafaiai|88/100|[from] ability: Rough Skin|[of] p1a: Garchomp
|-damage|p2a: Grafaiai|71/100|[from] item: Rocky Helmet|[of] p1a: Garchomp
|move|p1a: Garchomp|Earthquake|p2a: Grafaiai
|-supereffective|p2a: Grafaiai
|-damage|p2a: Grafaiai|0 fnt
|faint|p2a: Grafaiai
|
|win|isochrysis
|raw|isochrysis's rating: 1174 &rarr; <strong>1196</strong><br />(+22 for winning)
|raw|Poochery's rating: 1129 &rarr; <strong>1107</strong><br />(-22 for losing)
|l|☆Poochery
|player|p2|
|l|☆isochrysis
|player|p1|
