|j|☆gregoncalo
|j|☆tears 2050
|t:|1759064610
|gametype|singles
|player|p1|gregoncalo|169|1382
|player|p2|tears 2050|benga|1334
|gen|9
|tier|[Gen 9] OU
|rated|
|rule|HP Percentage Mod: HP is shown in percentages
|rule|Endless Battle Clause: Forcing endless battles is banned
|rule|Species Clause: Limit one of each Pokémon
|rule|OHKO Clause: OHKO moves are banned
|rule|Evasion Items Clause: Evasion items are banned
|rule|Evasion Moves Clause: Evasion moves are banned
|rule|Evasion Abilities Clause: Evasion abilities are banned
|rule|Sleep Moves Clause: Sleep-inducing moves are banned
|clearpoke
|poke|p1|Lycanroc-Dusk, M|
|poke|p1|Tinkaton, F|
|poke|p1|Dragonite, F|
|poke|p1|Great Tusk|
|poke|p1|Iron Valiant|
|poke|p1|Corviknight, M|
|poke|p2|Pelipper, M|
|poke|p2|Barraskewda, F|
|poke|p2|Kingdra, F|
|poke|p2|Great Tusk|
|poke|p2|Enamorus, F|
|poke|p2|Alomomola, F|
|teampreview
|inactive|Battle timer is ON: inactive players will automatically lose when time's up. (requested by tears 2050)
|
|t:|1759064617
|teamsize|p1|6
|teamsize|p2|6
|start
|switch|p1a: Iron Valiant|Iron Valiant|100/100
|switch|p2a: Pelipper|Pelipper, M|100/100
|-weather|RainDance|[from] ability: Drizzle|[of] p2a: Pelipper
|turn|1
|
|t:|1759064624
|switch|p2a: Alomomola|Alomomola, F|100/100
|move|p1a: Iron Valiant|Thunderbolt|p2a: Alomomola
|-supereffective|p2a: Alomomola
|-damage|p2a: Alomomola|25/100
|
|-weather|RainDance|[upkeep]
|-heal|p2a: Alomomola|32/100|[from] item: Leftovers
|upkeep
|turn|2
|
|t:|1759064631
|switch|p2a: Great Tusk|Great Tusk|100/100
|move|p1a: Iron Valiant|Thunderbolt|p2a: Great Tusk
|-immune|p2a: Great Tusk
|
|-weather|RainDance|[upkeep]
|upkeep
|turn|3
|
|t:|1759064653
|-end|p1a: Iron Valiant|Quark Drive|[silent]
|switch|p1a: Great Tusk|Great Tusk|100/100
|move|p2a: Great Tusk|Stealth Rock|p1a: Great Tusk
|-sidestart|p1: gregoncalo|move: Stealth Rock
|
|-weather|RainDance|[upkeep]
|upkeep
|turn|4
|
|t:|1759064666
|-end|p2a: Great Tusk|Protosynthesis|[silent]
|switch|p2a: Kingdra|Kingdra, F|100/100
|move|p1a: Great Tusk|Rapid Spin|p2a: Kingdra
|-damage|p2a: Kingdra|82/100
|-boost|p1a: Great Tusk|spe|1
|-sideend|p1: gregoncalo|Stealth Rock|[from] move: Rapid Spin|[of] p1a: Great Tusk
|
|-weather|RainDance|[upkeep]
|upkeep
|turn|5
|
|t:|1759064685
|-end|p1a: Great Tusk|Protosynthesis|[silent]
|switch|p1a: Tinkaton|Tinkaton, F|100/100
|-ability|p1a: Tinkaton|Mold Breaker
|move|p2a: Kingdra|Weather Ball|p1a: Tinkaton
|-damage|p1a: Tinkaton|34/100
|
|-weather|RainDance|[upkeep]
|-heal|p1a: Tinkaton|41/100|[from] item: Leftovers
|upkeep
|turn|6
|
|t:|1759064694
|move|p2a: Kingdra|Weather Ball|p1a: Tinkaton
|-damage|p1a: Tinkaton|0 fnt
|faint|p1a: Tinkaton
|
|-weather|RainDance|[upkeep]
|upkeep
|inactive|gregoncalo has 120 seconds left.
|
|t:|1759064725
|switch|p1a: Corviknight|Corviknight, M|100/100
|-ability|p1a: Corviknight|Pressure
|turn|7
|
|t:|1759064732
|move|p2a: Kingdra|Weather Ball|p1a: Corviknight
|-damage|p1a: Corviknight|16/100
|move|p1a: Corviknight|Roost|p1a: Corviknight
|-heal|p1a: Corviknight|66/100
|-singleturn|p1a: Corviknight|move: Roost
|
|-weather|RainDance|[upkeep]
|upkeep
|turn|8
|
|t:|1759064740
|move|p2a: Kingdra|Weather Ball|p1a: Corviknight
|-damage|p1a: Corviknight|0 fnt
|faint|p1a: Corviknight
|
|-weather|none
|upkeep
|
|t:|1759064746
|switch|p1a: Iron Valiant|Iron Valiant|100/100
|turn|9
|
|t:|1759064756
|switch|p2a: Enamorus|Enamorus, F|100/100
|move|p1a: Iron Valiant|Moonblast|p2a: Enamorus
|-damage|p2a: Enamorus|4/100
|
|upkeep
|turn|10
|
|t:|1759064762
|move|p2a: Enamorus|Moonblast|p1a: Iron Valiant
|-supereffective|p1a: Iron Valiant
|-damage|p1a: Iron Valiant|0 fnt
|faint|p1a: Iron Valiant
|-end|p1a: Iron Valiant|Quark Drive|[silent]
|
|upkeep
|
|t:|1759064767
|switch|p1a: Lycanroc|Lycanroc-Dusk, M|100/100
|turn|11
|
|t:|1759064775
|move|p1a: Lycanroc|Accelerock|p2a: Enamorus
|-supereffective|p2a: Enamorus
|-damage|p2a: Enamorus|0 fnt
|faint|p2a: Enamorus
|-damage|p1a: Lycanroc|91/100|[from] item: Life Orb
|
|upkeep
|
|t:|1759064777
|switch|p2a: Great Tusk|Great Tusk|100/100
|turn|12
|
|t:|1759064788
|switch|p1a: Great Tusk|Great Tusk|100/100
|move|p2a: Great Tusk|Headlong Rush|p1a: Great Tusk
|-damage|p1a: Great Tusk|75/100
|-unboost|p2a: Great Tusk|def|1
|-unboost|p2a: Great Tusk|spd|1
|
|-heal|p1a: Great Tusk|81/100|[from] item: Leftovers
|upkeep
|turn|13
|
|t:|1759064804
|-end|p2a: Great Tusk|Protosynthesis|[silent]
|switch|p2a: Pelipper|Pelipper, M|100/100
|-weather|RainDance|[from] ability: Drizzle|[of] p2a: Pelipper
|move|p1a: Great Tusk|Knock Off|p2a: Pelipper
|-damage|p2a: Pelipper|78/100
|-enditem|p2a: Pelipper|Damp Rock|[from] move: Knock Off|[of] p1a: Great Tusk
|
|-weather|RainDance|[upkeep]
|-heal|p1a: Great Tusk|87/100|[from] item: Leftovers
|upkeep
|turn|14
|
|t:|1759064823
|move|p1a: Great Tusk|Body Press|p2a: Pelipper
|-resisted|p2a: Pelipper
|-damage|p2a: Pelipper|61/100
|move|p2a: Pelipper|U-turn|p1a: Great Tusk
|-resisted|p1a: Great Tusk
|-damage|p1a: Great Tusk|85/100
|
|t:|1759064831
|switch|p2a: Kingdra|Kingdra, F|82/100|[from] U-turn
|
|-weather|RainDance|[upkeep]
|-heal|p1a: Great Tusk|91/100|[from] item: Leftovers
|upkeep
|turn|15
|
|t:|1759064836
|move|p2a: Kingdra|Weather Ball|p1a: Great Tusk
|-supereffective|p1a: Great Tusk
|-damage|p1a: Great Tusk|0 fnt
|faint|p1a: Great Tusk
|-end|p1a: Great Tusk|Protosynthesis|[silent]
|
|-weather|RainDance|[upkeep]
|upkeep
|
|t:|1759064843
|switch|p1a: Dragonite|Dragonite, F|100/100
|turn|16
|
|t:|1759064851
|move|p2a: Kingdra|Weather Ball|p1a: Dragonite
|-resisted|p1a: Dragonite
|-damage|p1a: Dragonite|71/100
|move|p1a: Dragonite|Earthquake|p2a: Kingdra
|-damage|p2a: Kingdra|37/100
|
|-weather|RainDance|[upkeep]
|upkeep
|turn|17
|
|t:|1759064859
|move|p2a: Kingdra|Weather Ball|p1a: Dragonite
|-resisted|p1a: Dragonite
|-damage|p1a: Dragonite|14/100
|move|p1a: Dragonite|Earthquake|p2a: Kingdra
|-damage|p2a: Kingdra|0 fnt
|faint|p2a: Kingdra
|
|-weather|RainDance|[upkeep]
|upkeep
|
|t:|1759064863
|switch|p2a: Great Tusk|Great Tusk|100/100
|turn|18
|
|t:|1759064869
|-terastallize|p2a: Great Tusk|Steel
|move|p2a: Great Tusk|Ice Spinner|p1a: Dragonite
|-supereffective|p1a: Dragonite
|-damage|p1a: Dragonite|0 fnt
|faint|p1a: Dragonite
|
|-weather|RainDance|[upkeep]
|upkeep
|
|t:|1759064876
|switch|p1a: Lycanroc|Lycanroc-Dusk, M|91/100
|turn|19
|
|t:|1759064879
|move|p1a: Lycanroc|Close Combat|p2a: Great Tusk
|-supereffective|p2a: Great Tusk
|-damage|p2a: Great Tusk|13/100
|-unboost|p1a: Lycanroc|def|1
|-unboost|p1a: Lycanroc|spd|1
|-damage|p1a: Lycanroc|74/100|[from] item: Rocky Helmet|[of] p2a: Great Tusk
|-damage|p1a: Lycanroc|64/100|[from] item: Life Orb
|move|p2a: Great Tusk|Headlong Rush|p1a: Lycanroc
|-supereffective|p1a: Lycanroc
|-damage|p1a: Lycanroc|0 fnt
|-unboost|p2a: Great Tusk|def|1
|-unboost|p2a: Great Tusk|spd|1
|faint|p1a: Lycanroc
|
|win|tears 2050
|raw|gregoncalo's rating: 1382 &rarr; <strong>1359</strong><br />(-23 for losing)
|raw|tears 2050's rating: 1334 &rarr; <strong>1357</strong><br />(+23 for winning)
|l|☆tears 2050
|player|p2|
|l|☆gregoncalo
|player|p1|
