|j|☆Htxornothin
|j|☆vghhjg
|t:|1759007388
|gametype|singles
|player|p1|Htxornothin|265|1527
|player|p2|vghhjg|2|1525
|gen|9
|tier|[Gen 9] OU
|rated|
|rule|HP Percentage Mod: HP is shown in percentages
|rule|Endless Battle Clause: Forcing endless battles is banned
|rule|Species Clause: Limit one of each Pokémon
|rule|OHKO Clause: OHKO moves are banned
|rule|Evasion Items Clause: Evasion items are banned
|rule|Evasion Moves Clause: Evasion moves are banned
|rule|Evasion Abilities Clause: Evasion abilities are banned
|rule|Sleep Moves Clause: Sleep-inducing moves are banned
|clearpoke
|poke|p1|Iron Boulder|
|poke|p1|Dragonite, M|
|poke|p1|Hatterene, F|
|poke|p1|Ogerpon-Wellspring, F|
|poke|p1|Scizor, M|
|poke|p1|Iron Moth|
|poke|p2|Gholdengo|
|poke|p2|Ribombee, F|
|poke|p2|Dragonite, F|
|poke|p2|Comfey, F|
|poke|p2|Landorus-Therian, M|
|poke|p2|Smeargle, M|
|teampreview
|inactive|Battle timer is ON: inactive players will automatically lose when time's up. (requested by Htxornothin)
|inactive|vghhjg has 120 seconds left.
|inactive|vghhjg has 90 seconds left.
|
|t:|1759007454
|teamsize|p1|6
|teamsize|p2|6
|start
|switch|p1a: Iron Boulder|Iron Boulder|100/100
|switch|p2a: Ribombee|Ribombee, F|100/100
|-enditem|p1a: Iron Boulder|Booster Energy
|-activate|p1a: Iron Boulder|ability: Quark Drive|[fromitem]
|-start|p1a: Iron Boulder|quarkdrivespe
|turn|1
|
|t:|1759007468
|move|p1a: Iron Boulder|Substitute|p1a: Iron Boulder
|-start|p1a: Iron Boulder|Substitute
|-damage|p1a: Iron Boulder|76/100
|move|p2a: Ribombee|Stun Spore||[still]
|-fail|p2a: Ribombee
|
|upkeep
|turn|2
|
|t:|1759007479
|move|p1a: Iron Boulder|Swords Dance|p1a: Iron Boulder
|-boost|p1a: Iron Boulder|atk|2
|move|p2a: Ribombee|Sticky Web|p1a: Iron Boulder
|-sidestart|p1: Htxornothin|move: Sticky Web
|
|upkeep
|turn|3
|
|t:|1759007483
|move|p1a: Iron Boulder|Mighty Cleave|p2a: Ribombee
|-supereffective|p2a: Ribombee
|-enditem|p2a: Ribombee|Focus Sash
|-damage|p2a: Ribombee|1/100
|move|p2a: Ribombee|Psychic Noise|p1a: Iron Boulder
|-resisted|p1a: Iron Boulder
|-damage|p1a: Iron Boulder|65/100
|-start|p1a: Iron Boulder|move: Heal Block
|
|upkeep
|turn|4
|
|t:|1759007488
|move|p1a: Iron Boulder|Mighty Cleave|p2a: Ribombee
|-supereffective|p2a: Ribombee
|-damage|p2a: Ribombee|0 fnt
|faint|p2a: Ribombee
|
|-end|p1a: Iron Boulder|move: Heal Block
|upkeep
|
|t:|1759007510
|switch|p2a: Comfey|Comfey, F|100/100
|turn|5
|
|t:|1759007514
|move|p2a: Comfey|Draining Kiss|p1a: Iron Boulder
|-activate|p1a: Iron Boulder|move: Substitute|[damage]
|-damage|p2a: Comfey|91/100|[from] item: Life Orb
|move|p1a: Iron Boulder|Mighty Cleave|p2a: Comfey
|-crit|p2a: Comfey
|-damage|p2a: Comfey|0 fnt
|faint|p2a: Comfey
|
|upkeep
|
|t:|1759007524
|switch|p2a: Dragonite|Dragonite, F|100/100
|turn|6
|
|t:|1759007528
|move|p2a: Dragonite|Extreme Speed|p1a: Iron Boulder
|-resisted|p1a: Iron Boulder
|-end|p1a: Iron Boulder|Substitute
|move|p1a: Iron Boulder|Mighty Cleave|p2a: Dragonite
|-supereffective|p2a: Dragonite
|-damage|p2a: Dragonite|13/100
|
|upkeep
|turn|7
|
|t:|1759007536
|move|p2a: Dragonite|Extreme Speed|p1a: Iron Boulder
|-resisted|p1a: Iron Boulder
|-damage|p1a: Iron Boulder|44/100
|move|p1a: Iron Boulder|Mighty Cleave|p2a: Dragonite
|-supereffective|p2a: Dragonite
|-damage|p2a: Dragonite|0 fnt
|faint|p2a: Dragonite
|
|upkeep
|
|t:|1759007540
|switch|p2a: Landorus|Landorus-Therian, M|100/100
|-ability|p2a: Landorus|Intimidate|boost
|-unboost|p1a: Iron Boulder|atk|1
|turn|8
|
|t:|1759007544
|move|p1a: Iron Boulder|Mighty Cleave|p2a: Landorus
|-damage|p2a: Landorus|14/100
|move|p2a: Landorus|Earthquake|p1a: Iron Boulder
|-supereffective|p1a: Iron Boulder
|-damage|p1a: Iron Boulder|0 fnt
|faint|p1a: Iron Boulder
|-end|p1a: Iron Boulder|Quark Drive|[silent]
|
|upkeep
|
|t:|1759007550
|switch|p1a: Scizor|Scizor, M|100/100
|-activate|p1a: Scizor|move: Sticky Web
|-unboost|p1a: Scizor|spe|1
|turn|9
|
|t:|1759007554
|move|p2a: Landorus|Earthquake|p1a: Scizor
|-damage|p1a: Scizor|29/100
|move|p1a: Scizor|Knock Off|p2a: Landorus
|-damage|p2a: Landorus|0 fnt
|-enditem|p2a: Landorus|Soft Sand|[from] move: Knock Off|[of] p1a: Scizor
|faint|p2a: Landorus
|
|-heal|p1a: Scizor|35/100|[from] item: Leftovers
|upkeep
|
|t:|1759007571
|switch|p2a: Gholdengo|Gholdengo|100/100
|-item|p2a: Gholdengo|Air Balloon
|turn|10
|
|t:|1759007576
|move|p2a: Gholdengo|Shadow Ball|p1a: Scizor
|-damage|p1a: Scizor|0 fnt
|faint|p1a: Scizor
|
|upkeep
|
|t:|1759007585
|switch|p1a: Iron Moth|Iron Moth|100/100
|-item|p1a: Iron Moth|Air Balloon
|turn|11
|-message|vghhjg forfeited.
|
|win|Htxornothin
|raw|Htxornothin's rating: 1527 &rarr; <strong>1547</strong><br />(+20 for winning)
|raw|vghhjg's rating: 1525 &rarr; <strong>1505</strong><br />(-20 for losing)
|l|☆vghhjg
|player|p2|
|l|☆Htxornothin
|player|p1|
