|j|☆onizukaaa67
|j|☆G-lolo-69
|t:|1758982823
|gametype|singles
|player|p1|onizukaaa67|burglar|1180
|player|p2|G-lolo-69|swimmerf-gen4|1167
|gen|9
|tier|[Gen 9] OU
|rated|
|rule|HP Percentage Mod: HP is shown in percentages
|rule|Endless Battle Clause: Forcing endless battles is banned
|rule|Species Clause: Limit one of each Pokémon
|rule|OHKO Clause: OHKO moves are banned
|rule|Evasion Items Clause: Evasion items are banned
|rule|Evasion Moves Clause: Evasion moves are banned
|rule|Evasion Abilities Clause: Evasion abilities are banned
|rule|Sleep Moves Clause: Sleep-inducing moves are banned
|clearpoke
|poke|p1|Garchomp, M|
|poke|p1|Corviknight, F|
|poke|p1|Primarina, F|
|poke|p1|Ursaluna, F|
|poke|p1|Ting-Lu|
|poke|p1|Dragapult, F|
|poke|p2|Blastoise, F|
|poke|p2|Dragapult, F|
|poke|p2|Hatterene, F|
|poke|p2|Great Tusk|
|poke|p2|Froslass, F|
|poke|p2|Iron Valiant|
|teampreview
|inactive|Battle timer is ON: inactive players will automatically lose when time's up. (requested by G-lolo-69)
|
|t:|1758982838
|teamsize|p1|6
|teamsize|p2|6
|start
|switch|p1a: Primarina|Primarina, F|100/100
|switch|p2a: Dragapult|Dragapult, F|100/100
|turn|1
|
|t:|1758982849
|move|p2a: Dragapult|Light Screen|p2a: Dragapult
|-sidestart|p2: G-lolo-69|move: Light Screen
|move|p1a: Primarina|Calm Mind|p1a: Primarina
|-boost|p1a: Primarina|spa|1
|-boost|p1a: Primarina|spd|1
|
|upkeep
|turn|2
|
|t:|1758982854
|move|p2a: Dragapult|Reflect|p2a: Dragapult
|-sidestart|p2: G-lolo-69|Reflect
|move|p1a: Primarina|Calm Mind|p1a: Primarina
|-boost|p1a: Primarina|spa|1
|-boost|p1a: Primarina|spd|1
|
|upkeep
|turn|3
|
|t:|1758982860
|move|p2a: Dragapult|Thunder Wave|p1a: Primarina
|-status|p1a: Primarina|par
|move|p1a: Primarina|Calm Mind|p1a: Primarina
|-boost|p1a: Primarina|spa|1
|-boost|p1a: Primarina|spd|1
|
|upkeep
|turn|4
|
|t:|1758982869
|move|p2a: Dragapult|Hex|p1a: Primarina
|-damage|p1a: Primarina|86/100 par
|move|p1a: Primarina|Calm Mind|p1a: Primarina
|-boost|p1a: Primarina|spa|1
|-boost|p1a: Primarina|spd|1
|
|-heal|p1a: Primarina|93/100 par|[from] item: Leftovers
|upkeep
|turn|5
|
|t:|1758982878
|switch|p2a: Froslass|Froslass, F|100/100
|move|p1a: Primarina|Draining Kiss|p2a: Froslass
|-damage|p2a: Froslass|34/100
|-heal|p1a: Primarina|100/100 par|[from] drain|[of] p2a: Froslass
|-start|p1a: Primarina|Disable|Draining Kiss|[from] ability: Cursed Body|[of] p2a: Froslass
|
|upkeep
|turn|6
|
|t:|1758982892
|move|p2a: Froslass|Endure|p2a: Froslass
|-singleturn|p2a: Froslass|move: Endure
|move|p1a: Primarina|Calm Mind|p1a: Primarina
|-boost|p1a: Primarina|spa|1
|-boost|p1a: Primarina|spd|1
|
|upkeep
|turn|7
|
|t:|1758982902
|move|p2a: Froslass|Ice Beam|p1a: Primarina
|-resisted|p1a: Primarina
|-damage|p1a: Primarina|97/100 par
|move|p1a: Primarina|Hyper Voice|p2a: Froslass
|-damage|p2a: Froslass|0 fnt
|faint|p2a: Froslass
|
|-heal|p1a: Primarina|100/100 par|[from] item: Leftovers
|upkeep
|
|t:|1758982912
|switch|p2a: Iron Valiant|Iron Valiant|100/100
|-enditem|p2a: Iron Valiant|Booster Energy
|-activate|p2a: Iron Valiant|ability: Quark Drive|[fromitem]
|-start|p2a: Iron Valiant|quarkdrivespe
|turn|8
|
|t:|1758982922
|move|p2a: Iron Valiant|Destiny Bond|p2a: Iron Valiant
|-singlemove|p2a: Iron Valiant|Destiny Bond
|move|p1a: Primarina|Hyper Voice|p2a: Iron Valiant
|-damage|p2a: Iron Valiant|0 fnt
|faint|p2a: Iron Valiant
|-activate|p2a: Iron Valiant|move: Destiny Bond
|-end|p2a: Iron Valiant|Quark Drive|[silent]
|faint|p1a: Primarina
|
|-sideend|p2: G-lolo-69|move: Light Screen
|upkeep
|
|t:|1758982938
|switch|p2a: Dragapult|Dragapult, F|100/100
|switch|p1a: Garchomp|Garchomp, M|100/100
|turn|9
|
|t:|1758982953
|move|p2a: Dragapult|Light Screen|p2a: Dragapult
|-sidestart|p2: G-lolo-69|move: Light Screen
|move|p1a: Garchomp|Swords Dance|p1a: Garchomp
|-boost|p1a: Garchomp|atk|2
|
|-sideend|p2: G-lolo-69|Reflect
|upkeep
|turn|10
|
|t:|1758982959
|move|p2a: Dragapult|Reflect|p2a: Dragapult
|-sidestart|p2: G-lolo-69|Reflect
|move|p1a: Garchomp|Scale Shot|p2a: Dragapult
|-supereffective|p2a: Dragapult
|-damage|p2a: Dragapult|69/100
|-supereffective|p2a: Dragapult
|-crit|p2a: Dragapult
|-damage|p2a: Dragapult|0 fnt
|faint|p2a: Dragapult
|-hitcount|p2: Dragapult|2
|-unboost|p1a: Garchomp|def|1
|-boost|p1a: Garchomp|spe|1
|
|upkeep
|
|t:|1758982970
|switch|p2a: Blastoise|Blastoise, F|100/100
|turn|11
|
|t:|1758982974
|move|p1a: Garchomp|Scale Shot|p2a: Blastoise
|-damage|p2a: Blastoise|85/100
|-damage|p2a: Blastoise|70/100
|-damage|p2a: Blastoise|56/100
|-damage|p2a: Blastoise|41/100
|-damage|p2a: Blastoise|25/100
|-hitcount|p2a: Blastoise|5
|-unboost|p1a: Garchomp|def|1
|-boost|p1a: Garchomp|spe|1
|move|p2a: Blastoise|Shell Smash|p2a: Blastoise
|-unboost|p2a: Blastoise|def|1
|-unboost|p2a: Blastoise|spd|1
|-boost|p2a: Blastoise|atk|2
|-boost|p2a: Blastoise|spa|2
|-boost|p2a: Blastoise|spe|2
|-enditem|p2a: Blastoise|White Herb
|-clearnegativeboost|p2a: Blastoise|[silent]
|
|upkeep
|turn|12
|
|t:|1758982995
|move|p1a: Garchomp|Earthquake|p2a: Blastoise
|-damage|p2a: Blastoise|0 fnt
|faint|p2a: Blastoise
|
|upkeep
|
|t:|1758983000
|switch|p2a: Hatterene|Hatterene, F|100/100
|turn|13
|
|t:|1758983004
|move|p1a: Garchomp|Earthquake|p2a: Hatterene
|-damage|p2a: Hatterene|45/100
|move|p2a: Hatterene|Draining Kiss|p1a: Garchomp
|-supereffective|p1a: Garchomp
|-damage|p1a: Garchomp|19/100
|-heal|p2a: Hatterene|100/100|[from] drain|[of] p1a: Garchomp
|-damage|p2a: Hatterene|88/100|[from] ability: Rough Skin|[of] p1a: Garchomp
|-damage|p2a: Hatterene|78/100|[from] item: Life Orb
|
|upkeep
|turn|14
|
|t:|1758983014
|move|p1a: Garchomp|Earthquake|p2a: Hatterene
|-damage|p2a: Hatterene|20/100
|move|p2a: Hatterene|Draining Kiss|p1a: Garchomp
|-supereffective|p1a: Garchomp
|-damage|p1a: Garchomp|0 fnt
|-heal|p2a: Hatterene|36/100|[from] drain|[of] p1a: Garchomp
|-damage|p2a: Hatterene|23/100|[from] ability: Rough Skin|[of] p1a: Garchomp
|faint|p1a: Garchomp
|-damage|p2a: Hatterene|14/100|[from] item: Life Orb
|
|upkeep
|
|t:|1758983034
|switch|p1a: Dragapult|Dragapult, F|100/100
|turn|15
|
|t:|1758983041
|move|p1a: Dragapult|U-turn|p2a: Hatterene
|-damage|p2a: Hatterene|0 fnt
|faint|p2a: Hatterene
|
|t:|1758983049
|switch|p1a: Corviknight|Corviknight, F|100/100|[from] U-turn
|-ability|p1a: Corviknight|Pressure
|
|upkeep
|
|t:|1758983054
|switch|p2a: Great Tusk|Great Tusk|100/100
|turn|16
|
|t:|1758983062
|move|p2a: Great Tusk|Close Combat|p1a: Corviknight
|-damage|p1a: Corviknight|55/100
|-unboost|p2a: Great Tusk|def|1
|-unboost|p2a: Great Tusk|spd|1
|-damage|p2a: Great Tusk|84/100|[from] item: Rocky Helmet|[of] p1a: Corviknight
|move|p1a: Corviknight|Bulk Up|p1a: Corviknight
|-boost|p1a: Corviknight|atk|1
|-boost|p1a: Corviknight|def|1
|
|-heal|p2a: Great Tusk|90/100|[from] item: Leftovers
|-sideend|p2: G-lolo-69|move: Light Screen
|upkeep
|turn|17
|
|t:|1758983081
|move|p2a: Great Tusk|Close Combat|p1a: Corviknight
|-damage|p1a: Corviknight|23/100
|-unboost|p2a: Great Tusk|def|1
|-unboost|p2a: Great Tusk|spd|1
|-damage|p2a: Great Tusk|74/100|[from] item: Rocky Helmet|[of] p1a: Corviknight
|move|p1a: Corviknight|Bulk Up|p1a: Corviknight
|-boost|p1a: Corviknight|atk|1
|-boost|p1a: Corviknight|def|1
|
|-heal|p2a: Great Tusk|80/100|[from] item: Leftovers
|-sideend|p2: G-lolo-69|Reflect
|upkeep
|turn|18
|
|t:|1758983093
|move|p2a: Great Tusk|Close Combat|p1a: Corviknight
|-damage|p1a: Corviknight|0 fnt
|-unboost|p2a: Great Tusk|def|1
|-unboost|p2a: Great Tusk|spd|1
|-damage|p2a: Great Tusk|64/100|[from] item: Rocky Helmet|[of] p1a: Corviknight
|faint|p1a: Corviknight
|
|-heal|p2a: Great Tusk|70/100|[from] item: Leftovers
|upkeep
|
|t:|1758983104
|switch|p1a: Dragapult|Dragapult, F|100/100
|turn|19
|
|t:|1758983110
|move|p1a: Dragapult|Dragon Darts|p2a: Great Tusk
|-damage|p2a: Great Tusk|27/100
|-anim|p1a: Dragapult|Dragon Darts|p2a: Great Tusk
|-crit|p2a: Great Tusk
|-damage|p2a: Great Tusk|0 fnt
|faint|p2a: Great Tusk
|-end|p2a: Great Tusk|Protosynthesis|[silent]
|
|win|onizukaaa67
|raw|onizukaaa67's rating: 1180 &rarr; <strong>1204</strong><br />(+24 for winning)
|raw|G-lolo-69's rating: 1167 &rarr; <strong>1143</strong><br />(-24 for losing)
|l|☆onizukaaa67
|player|p1|
|l|☆G-lolo-69
|player|p2|
