|j|☆gravelerock
|j|☆supmydudeee
|t:|1759037231
|gametype|singles
|player|p1|gravelerock|102|1528
|player|p2|supmydudeee|102|1517
|gen|9
|tier|[Gen 9] OU
|rated|
|rule|HP Percentage Mod: HP is shown in percentages
|rule|Endless Battle Clause: Forcing endless battles is banned
|rule|Species Clause: Limit one of each Pokémon
|rule|OHKO Clause: OHKO moves are banned
|rule|Evasion Items Clause: Evasion items are banned
|rule|Evasion Moves Clause: Evasion moves are banned
|rule|Evasion Abilities Clause: Evasion abilities are banned
|rule|Sleep Moves Clause: Sleep-inducing moves are banned
|clearpoke
|poke|p1|Rotom-Wash|
|poke|p1|Dragapult, F|
|poke|p1|Iron Treads|
|poke|p1|Clefable, M|
|poke|p1|Landorus-Therian, M|
|poke|p1|Scizor, F|
|poke|p2|Ogerpon-Wellspring, F|
|poke|p2|Dragapult, F|
|poke|p2|Garganacl, M|
|poke|p2|Mandibuzz, F|
|poke|p2|Cinderace, M|
|poke|p2|Gholdengo|
|teampreview
|inactive|Battle timer is ON: inactive players will automatically lose when time's up. (requested by supmydudeee)
|
|t:|1759037241
|teamsize|p1|6
|teamsize|p2|6
|start
|switch|p1a: Rotom|Rotom-Wash|100/100
|switch|p2a: Cinderace|Cinderace, M|100/100
|turn|1
|
|t:|1759037246
|move|p2a: Cinderace|U-turn|p1a: Rotom
|-start|p2a: Cinderace|typechange|Bug|[from] ability: Libero
|-damage|p1a: Rotom|63/100
|
|t:|1759037250
|switch|p2a: Dragapult|Dragapult, F|100/100|[from] U-turn
|move|p1a: Rotom|Hydro Pump|p2a: Dragapult
|-resisted|p2a: Dragapult
|-damage|p2a: Dragapult|73/100
|
|-heal|p1a: Rotom|69/100|[from] item: Leftovers
|upkeep
|turn|2
|
|t:|1759037258
|move|p2a: Dragapult|U-turn|p1a: Rotom
|-damage|p1a: Rotom|30/100
|
|t:|1759037261
|switch|p2a: Garganacl|Garganacl, M|100/100|[from] U-turn
|move|p1a: Rotom|Will-O-Wisp|p2a: Garganacl
|-immune|p2a: Garganacl|[from] ability: Purifying Salt
|
|-heal|p1a: Rotom|37/100|[from] item: Leftovers
|upkeep
|turn|3
|
|t:|1759037269
|move|p1a: Rotom|Pain Split|p2a: Garganacl
|-sethp|p2a: Garganacl|64/100|[from] move: Pain Split|[silent]
|-sethp|p1a: Rotom|85/100|[from] move: Pain Split
|move|p2a: Garganacl|Salt Cure|p1a: Rotom
|-damage|p1a: Rotom|71/100
|-start|p1a: Rotom|Salt Cure
|
|-heal|p1a: Rotom|77/100|[from] item: Leftovers
|-heal|p2a: Garganacl|70/100|[from] item: Leftovers
|-damage|p1a: Rotom|52/100|[from] Salt Cure
|upkeep
|turn|4
|
|t:|1759037280
|switch|p2a: Ogerpon|Ogerpon-Wellspring, F|100/100
|move|p1a: Rotom|Volt Switch|p2a: Ogerpon
|-damage|p2a: Ogerpon|73/100
|
|t:|1759037285
|switch|p1a: Dragapult|Dragapult, F|100/100|[from] Volt Switch
|
|upkeep
|turn|5
|
|t:|1759037289
|switch|p2a: Mandibuzz|Mandibuzz, F|100/100
|move|p1a: Dragapult|Draco Meteor|p2a: Mandibuzz
|-damage|p2a: Mandibuzz|29/100
|-unboost|p1a: Dragapult|spa|2
|
|upkeep
|turn|6
|
|t:|1759037296
|switch|p2a: Gholdengo|Gholdengo|100/100
|move|p1a: Dragapult|Draco Meteor|p2a: Gholdengo
|-resisted|p2a: Gholdengo
|-damage|p2a: Gholdengo|76/100
|-unboost|p1a: Dragapult|spa|2
|
|upkeep
|turn|7
|
|t:|1759037306
|switch|p1a: Iron Treads|Iron Treads|100/100
|move|p2a: Gholdengo|Shadow Ball|p1a: Iron Treads
|-damage|p1a: Iron Treads|41/100
|
|upkeep
|turn|8
|
|t:|1759037312
|move|p2a: Gholdengo|Shadow Ball|p1a: Iron Treads
|-damage|p1a: Iron Treads|0 fnt
|faint|p1a: Iron Treads
|-end|p1a: Iron Treads|Quark Drive|[silent]
|
|upkeep
|
|t:|1759037316
|switch|p1a: Landorus|Landorus-Therian, M|100/100
|-ability|p1a: Landorus|Intimidate|boost
|-unboost|p2a: Gholdengo|atk|1
|turn|9
|
|t:|1759037324
|switch|p2a: Mandibuzz|Mandibuzz, F|29/100
|move|p1a: Landorus|Stone Edge|p2a: Mandibuzz
|-supereffective|p2a: Mandibuzz
|-damage|p2a: Mandibuzz|0 fnt
|faint|p2a: Mandibuzz
|
|upkeep
|
|t:|1759037334
|switch|p2a: Gholdengo|Gholdengo|76/100
|turn|10
|
|t:|1759037338
|move|p2a: Gholdengo|Shadow Ball|p1a: Landorus
|-damage|p1a: Landorus|41/100
|move|p1a: Landorus|Earthquake|p2a: Gholdengo
|-supereffective|p2a: Gholdengo
|-damage|p2a: Gholdengo|0 fnt
|faint|p2a: Gholdengo
|
|-heal|p1a: Landorus|47/100|[from] item: Leftovers
|upkeep
|
|t:|1759037347
|switch|p2a: Ogerpon|Ogerpon-Wellspring, F|73/100
|turn|11
|
|t:|1759037353
|switch|p1a: Rotom|Rotom-Wash|52/100
|move|p2a: Ogerpon|Play Rough|p1a: Rotom
|-damage|p1a: Rotom|15/100
|
|-heal|p1a: Rotom|21/100|[from] item: Leftovers
|upkeep
|turn|12
|
|t:|1759037361
|move|p2a: Ogerpon|Play Rough|p1a: Rotom|[miss]
|-miss|p2a: Ogerpon|p1a: Rotom
|move|p1a: Rotom|Pain Split|p2a: Ogerpon
|-sethp|p2a: Ogerpon|47/100|[from] move: Pain Split|[silent]
|-sethp|p1a: Rotom|47/100|[from] move: Pain Split
|
|-heal|p1a: Rotom|53/100|[from] item: Leftovers
|upkeep
|turn|13
|
|t:|1759037369
|move|p2a: Ogerpon|Power Whip|p1a: Rotom
|-supereffective|p1a: Rotom
|-damage|p1a: Rotom|0 fnt
|faint|p1a: Rotom
|
|upkeep
|
|t:|1759037377
|switch|p1a: Dragapult|Dragapult, F|100/100
|turn|14
|
|t:|1759037381
|switch|p2a: Garganacl|Garganacl, M|70/100
|move|p1a: Dragapult|U-turn|p2a: Garganacl
|-damage|p2a: Garganacl|59/100
|
|t:|1759037386
|switch|p1a: Landorus|Landorus-Therian, M|47/100|[from] U-turn
|-ability|p1a: Landorus|Intimidate|boost
|-unboost|p2a: Garganacl|atk|1
|
|-heal|p1a: Landorus|53/100|[from] item: Leftovers
|-heal|p2a: Garganacl|65/100|[from] item: Leftovers
|upkeep
|turn|15
|j| catarina valentine
|l| catarina valentine
|
|t:|1759037399
|switch|p2a: Ogerpon|Ogerpon-Wellspring, F|47/100
|move|p1a: Landorus|Earthquake|p2a: Ogerpon
|-resisted|p2a: Ogerpon
|-damage|p2a: Ogerpon|9/100
|
|-heal|p1a: Landorus|59/100|[from] item: Leftovers
|upkeep
|turn|16
|l|☆supmydudeee
|inactive|supmydudeee disconnected and has a minute to reconnect!
|player|p2|
|j|☆supmydudeee
|inactive|supmydudeee reconnected and has 130 seconds left.
|player|p2|supmydudeee|102|
|inactive|supmydudeee has 120 seconds left.
|
|t:|1759037440
|-terastallize|p2a: Ogerpon|Water
|detailschange|p2a: Ogerpon|Ogerpon-Wellspring-Tera, F, tera:Water
|-ability|p2a: Ogerpon|Embody Aspect (Wellspring)|boost
|-boost|p2a: Ogerpon|spd|1
|move|p2a: Ogerpon|Ivy Cudgel|p1a: Landorus|[anim] Ivy Cudgel Water
|-supereffective|p1a: Landorus
|-damage|p1a: Landorus|0 fnt
|faint|p1a: Landorus
|
|upkeep
|
|t:|1759037449
|switch|p1a: Dragapult|Dragapult, F|100/100
|turn|17
|
|t:|1759037452
|switch|p2a: Garganacl|Garganacl, M|65/100
|move|p1a: Dragapult|U-turn|p2a: Garganacl
|-damage|p2a: Garganacl|53/100
|
|t:|1759037460
|switch|p1a: Scizor|Scizor, F|100/100|[from] U-turn
|
|-heal|p2a: Garganacl|59/100|[from] item: Leftovers
|upkeep
|turn|18
|
|t:|1759037471
|switch|p2a: Cinderace|Cinderace, M|100/100
|move|p1a: Scizor|U-turn|p2a: Cinderace
|-resisted|p2a: Cinderace
|-damage|p2a: Cinderace|59/100
|
|t:|1759037482
|switch|p1a: Dragapult|Dragapult, F|100/100|[from] U-turn
|
|upkeep
|turn|19
|
|t:|1759037486
|move|p2a: Cinderace|Sucker Punch|p1a: Dragapult
|-start|p2a: Cinderace|typechange|Dark|[from] ability: Libero
|-supereffective|p1a: Dragapult
|-damage|p1a: Dragapult|15/100
|move|p1a: Dragapult|Draco Meteor|p2a: Cinderace
|-damage|p2a: Cinderace|0 fnt
|-unboost|p1a: Dragapult|spa|2
|faint|p2a: Cinderace
|
|upkeep
|
|t:|1759037497
|switch|p2a: Dragapult|Dragapult, F|73/100
|turn|20
|
|t:|1759037501
|move|p2a: Dragapult|U-turn|p1a: Dragapult
|-resisted|p1a: Dragapult
|-damage|p1a: Dragapult|0 fnt
|faint|p1a: Dragapult
|
|t:|1759037505
|switch|p2a: Ogerpon|Ogerpon-Wellspring-Tera, F, tera:Water|9/100|[from] U-turn
|-ability|p2a: Ogerpon|Embody Aspect (Wellspring)|boost
|-boost|p2a: Ogerpon|spd|1
|
|upkeep
|
|t:|1759037512
|switch|p1a: Clefable|Clefable, M|100/100
|turn|21
|
|t:|1759037517
|switch|p2a: Garganacl|Garganacl, M|59/100
|move|p1a: Clefable|Moonblast|p2a: Garganacl
|-damage|p2a: Garganacl|38/100
|
|-heal|p2a: Garganacl|45/100|[from] item: Leftovers
|upkeep
|turn|22
|
|t:|1759037524
|move|p1a: Clefable|Knock Off|p2a: Garganacl
|-damage|p2a: Garganacl|35/100
|-enditem|p2a: Garganacl|Leftovers|[from] move: Knock Off|[of] p1a: Clefable
|move|p2a: Garganacl|Salt Cure|p1a: Clefable
|-damage|p1a: Clefable|89/100
|-start|p1a: Clefable|Salt Cure
|
|-heal|p1a: Clefable|95/100|[from] item: Leftovers
|upkeep
|turn|23
|
|t:|1759037533
|move|p1a: Clefable|Moonblast|p2a: Garganacl
|-damage|p2a: Garganacl|16/100
|move|p2a: Garganacl|Recover|p2a: Garganacl
|-heal|p2a: Garganacl|66/100
|
|-heal|p1a: Clefable|100/100|[from] item: Leftovers
|upkeep
|turn|24
|
|t:|1759037543
|move|p1a: Clefable|Moonblast|p2a: Garganacl
|-damage|p2a: Garganacl|46/100
|move|p2a: Garganacl|Stealth Rock|p1a: Clefable
|-sidestart|p1: gravelerock|move: Stealth Rock
|
|upkeep
|turn|25
|
|t:|1759037548
|move|p1a: Clefable|Moonblast|p2a: Garganacl
|-damage|p2a: Garganacl|25/100
|-unboost|p2a: Garganacl|spa|1
|move|p2a: Garganacl|Recover|p2a: Garganacl
|-heal|p2a: Garganacl|75/100
|
|upkeep
|turn|26
|
|t:|1759037555
|move|p1a: Clefable|Moonblast|p2a: Garganacl
|-damage|p2a: Garganacl|52/100
|-unboost|p2a: Garganacl|spa|1
|move|p2a: Garganacl|Earthquake|p1a: Clefable
|-damage|p1a: Clefable|83/100
|
|-heal|p1a: Clefable|89/100|[from] item: Leftovers
|upkeep
|turn|27
|-message|supmydudeee forfeited.
|
|win|gravelerock
|raw|gravelerock's rating: 1528 &rarr; <strong>1547</strong><br />(+19 for winning)
|raw|supmydudeee's rating: 1517 &rarr; <strong>1498</strong><br />(-19 for losing)
|l|☆supmydudeee
|player|p2|
|l|☆gravelerock
|player|p1|
