|j|☆benkent333
|j|☆Umu Eze
|t:|1759068050
|gametype|singles
|player|p1|benkent333|170|1314
|player|p2|Umu Eze|marlon|1308
|gen|9
|tier|[Gen 9] OU
|rated|
|rule|HP Percentage Mod: HP is shown in percentages
|rule|Endless Battle Clause: Forcing endless battles is banned
|rule|Species Clause: Limit one of each Pokémon
|rule|OHKO Clause: OHKO moves are banned
|rule|Evasion Items Clause: Evasion items are banned
|rule|Evasion Moves Clause: Evasion moves are banned
|rule|Evasion Abilities Clause: Evasion abilities are banned
|rule|Sleep Moves Clause: Sleep-inducing moves are banned
|clearpoke
|poke|p1|Darkrai|
|poke|p1|Zamazenta-*|
|poke|p1|Ninetales-Alola, F|
|poke|p1|Iron Moth|
|poke|p1|Maushold-Four|
|poke|p1|Mimikyu, F|
|poke|p2|Bastiodon, F|
|poke|p2|Skeledirge, M|
|poke|p2|Iron Hands|
|poke|p2|Ting-Lu|
|poke|p2|Ogerpon-Wellspring, F|
|poke|p2|Haxorus, M|
|teampreview
|inactive|Battle timer is ON: inactive players will automatically lose when time's up. (requested by Umu Eze)
|
|t:|1759068068
|teamsize|p1|6
|teamsize|p2|6
|start
|switch|p1a: Ninetales|Ninetales-Alola, F|100/100
|switch|p2a: Bastiodon|Bastiodon, F, shiny|100/100
|-weather|Snowscape|[from] ability: Snow Warning|[of] p1a: Ninetales
|turn|1
|
|t:|1759068076
|move|p1a: Ninetales|Aurora Veil|p1a: Ninetales
|-sidestart|p1: benkent333|move: Aurora Veil
|move|p2a: Bastiodon|Iron Defense|p2a: Bastiodon
|-boost|p2a: Bastiodon|def|2
|
|-weather|Snowscape|[upkeep]
|upkeep
|turn|2
|
|t:|1759068083
|switch|p1a: The Woof|Zamazenta|100/100
|-ability|p1a: The Woof|Dauntless Shield|boost
|-boost|p1a: The Woof|def|1
|move|p2a: Bastiodon|Roar|p1a: The Woof
|drag|p1a: Iron Moth|Iron Moth|100/100
|-enditem|p1a: Iron Moth|Booster Energy
|-activate|p1a: Iron Moth|ability: Quark Drive|[fromitem]
|-start|p1a: Iron Moth|quarkdrivespa
|
|-weather|Snowscape|[upkeep]
|upkeep
|turn|3
|
|t:|1759068092
|move|p1a: Iron Moth|Fiery Dance|p2a: Bastiodon
|-damage|p2a: Bastiodon|63/100
|-boost|p1a: Iron Moth|spa|1
|move|p2a: Bastiodon|Roar|p1a: Iron Moth
|-end|p1a: Iron Moth|Quark Drive|[silent]
|drag|p1a: Mauru|Darkrai, shiny|100/100
|
|-weather|Snowscape|[upkeep]
|-heal|p2a: Bastiodon|70/100|[from] item: Leftovers
|upkeep
|turn|4
|
|t:|1759068101
|move|p1a: Mauru|Dark Pulse|p2a: Bastiodon
|-damage|p2a: Bastiodon|38/100
|-damage|p1a: Mauru|91/100|[from] item: Life Orb
|move|p2a: Bastiodon|Body Press|p1a: Mauru
|-supereffective|p1a: Mauru
|-damage|p1a: Mauru|32/100
|
|-weather|Snowscape|[upkeep]
|-heal|p2a: Bastiodon|44/100|[from] item: Leftovers
|upkeep
|turn|5
|
|t:|1759068116
|switch|p2a: Ting-Lu|Ting-Lu|100/100
|-ability|p2a: Ting-Lu|Vessel of Ruin
|move|p1a: Mauru|Dark Pulse|p2a: Ting-Lu
|-resisted|p2a: Ting-Lu
|-damage|p2a: Ting-Lu|88/100
|-damage|p1a: Mauru|22/100|[from] item: Life Orb
|
|-weather|none
|-heal|p2a: Ting-Lu|95/100|[from] item: Leftovers
|upkeep
|turn|6
|
|t:|1759068126
|move|p1a: Mauru|Ice Beam|p2a: Ting-Lu
|-supereffective|p2a: Ting-Lu
|-damage|p2a: Ting-Lu|60/100
|-damage|p1a: Mauru|13/100|[from] item: Life Orb
|move|p2a: Ting-Lu|Stealth Rock|p1a: Mauru
|-sidestart|p1: benkent333|move: Stealth Rock
|
|-heal|p2a: Ting-Lu|66/100|[from] item: Leftovers
|upkeep
|turn|7
|
|t:|1759068134
|move|p1a: Mauru|Ice Beam|p2a: Ting-Lu
|-supereffective|p2a: Ting-Lu
|-damage|p2a: Ting-Lu|26/100
|-damage|p1a: Mauru|3/100|[from] item: Life Orb
|move|p2a: Ting-Lu|Spikes|p1a: Mauru
|-sidestart|p1: benkent333|Spikes
|
|-heal|p2a: Ting-Lu|32/100|[from] item: Leftovers
|upkeep
|turn|8
|
|t:|1759068141
|switch|p2a: Skeledirge|Skeledirge, M|100/100
|move|p1a: Mauru|Ice Beam|p2a: Skeledirge
|-resisted|p2a: Skeledirge
|-damage|p2a: Skeledirge|87/100
|-damage|p1a: Mauru|0 fnt|[from] item: Life Orb
|faint|p1a: Mauru
|
|-sideend|p1: benkent333|move: Aurora Veil
|upkeep
|
|t:|1759068150
|switch|p1a: Maushold|Maushold-Four|100/100
|-damage|p1a: Maushold|88/100|[from] Stealth Rock
|-damage|p1a: Maushold|76/100|[from] Spikes
|turn|9
|
|t:|1759068156
|move|p1a: Maushold|Tidy Up|p1a: Maushold
|-sideend|p1: benkent333|Spikes
|-sideend|p1: benkent333|Stealth Rock
|-activate|p1a: Maushold|move: Tidy Up
|-boost|p1a: Maushold|atk|1
|-boost|p1a: Maushold|spe|1
|move|p2a: Skeledirge|Will-O-Wisp|p1a: Maushold
|-status|p1a: Maushold|brn
|
|-damage|p1a: Maushold|69/100 brn|[from] brn
|upkeep
|turn|10
|
|t:|1759068165
|move|p1a: Maushold|Thunder Wave|p2a: Skeledirge
|-status|p2a: Skeledirge|par
|move|p2a: Skeledirge|Torch Song|p1a: Maushold
|-damage|p1a: Maushold|28/100 brn
|-boost|p2a: Skeledirge|spa|1
|
|-damage|p1a: Maushold|22/100 brn|[from] brn
|upkeep
|turn|11
|
|t:|1759068175
|move|p1a: Maushold|U-turn|p2a: Skeledirge
|-resisted|p2a: Skeledirge
|-damage|p2a: Skeledirge|85/100 par
|
|t:|1759068185
|switch|p1a: Iron Moth|Iron Moth|100/100|[from] U-turn
|move|p2a: Skeledirge|Torch Song|p1a: Iron Moth
|-resisted|p1a: Iron Moth
|-damage|p1a: Iron Moth|76/100
|-boost|p2a: Skeledirge|spa|1
|
|upkeep
|turn|12
|
|t:|1759068200
|move|p1a: Iron Moth|Fiery Dance|p2a: Skeledirge
|-resisted|p2a: Skeledirge
|-damage|p2a: Skeledirge|69/100 par
|move|p2a: Skeledirge|Torch Song|p1a: Iron Moth
|-resisted|p1a: Iron Moth
|-damage|p1a: Iron Moth|44/100
|-boost|p2a: Skeledirge|spa|1
|
|upkeep
|turn|13
|
|t:|1759068216
|move|p1a: Iron Moth|Discharge|p2a: Skeledirge
|-damage|p2a: Skeledirge|48/100 par
|cant|p2a: Skeledirge|par
|
|upkeep
|turn|14
|
|t:|1759068225
|move|p1a: Iron Moth|Discharge|p2a: Skeledirge
|-crit|p2a: Skeledirge
|-damage|p2a: Skeledirge|17/100 par
|move|p2a: Skeledirge|Slack Off|p2a: Skeledirge
|-heal|p2a: Skeledirge|67/100 par
|
|upkeep
|turn|15
|-message|benkent333 forfeited.
|
|win|Umu Eze
|raw|benkent333's rating: 1314 &rarr; <strong>1294</strong><br />(-20 for losing)
|raw|Umu Eze's rating: 1308 &rarr; <strong>1328</strong><br />(+20 for winning)
|l|☆benkent333
|player|p1|
|l|☆Umu Eze
|player|p2|
