|j|☆President Warfo
|j|☆Rigid123456
|t:|1758976089
|gametype|singles
|player|p1|President Warfo|giovanni-gen1rb|1400
|player|p2|Rigid123456|red|1387
|gen|9
|tier|[Gen 9] OU
|rated|
|rule|HP Percentage Mod: HP is shown in percentages
|rule|Endless Battle Clause: Forcing endless battles is banned
|rule|Species Clause: Limit one of each Pokémon
|rule|OHKO Clause: OHKO moves are banned
|rule|Evasion Items Clause: Evasion items are banned
|rule|Evasion Moves Clause: Evasion moves are banned
|rule|Evasion Abilities Clause: Evasion abilities are banned
|rule|Sleep Moves Clause: Sleep-inducing moves are banned
|clearpoke
|poke|p1|Torkoal, F|
|poke|p1|Scovillain, F|
|poke|p1|Walking Wake|
|poke|p1|Hatterene, F|
|poke|p1|Great Tusk|
|poke|p1|Ceruledge, F|
|poke|p2|Blaziken, M|
|poke|p2|Corviknight, M|
|poke|p2|Rillaboom, F|
|poke|p2|Porygon-Z|
|poke|p2|Gliscor, F|
|poke|p2|Clefable, M|
|teampreview
|inactive|Battle timer is ON: inactive players will automatically lose when time's up. (requested by President Warfo)
|
|t:|1758976113
|teamsize|p1|6
|teamsize|p2|6
|start
|switch|p1a: Torkoal|Torkoal, F|100/100
|switch|p2a: Porygon-Z|Porygon-Z|100/100
|-weather|SunnyDay|[from] ability: Drought|[of] p1a: Torkoal
|turn|1
|
|t:|1758976130
|switch|p1a: Hatterene|Hatterene, F, shiny|100/100
|move|p2a: Porygon-Z|Shadow Ball|p1a: Hatterene
|-supereffective|p1a: Hatterene
|-damage|p1a: Hatterene|23/100
|-enditem|p1a: Hatterene|Eject Button
|
|t:|1758976142
|switch|p1a: Scovillain|Scovillain, F|100/100
|
|-weather|SunnyDay|[upkeep]
|upkeep
|turn|2
|
|t:|1758976169
|switch|p2a: Clefable|Clefable, M|100/100
|move|p1a: Scovillain|Growth|p1a: Scovillain
|-boost|p1a: Scovillain|atk|2
|-boost|p1a: Scovillain|spa|2
|
|-weather|SunnyDay|[upkeep]
|upkeep
|turn|3
|
|t:|1758976174
|move|p1a: Scovillain|Flamethrower|p2a: Clefable
|-damage|p2a: Clefable|36/100
|-damage|p1a: Scovillain|91/100|[from] item: Life Orb
|move|p2a: Clefable|Cosmic Power|p2a: Clefable
|-boost|p2a: Clefable|def|1
|-boost|p2a: Clefable|spd|1
|
|-weather|SunnyDay|[upkeep]
|-heal|p2a: Clefable|42/100|[from] item: Leftovers
|upkeep
|turn|4
|
|t:|1758976181
|move|p2a: Clefable|Protect|p2a: Clefable
|-singleturn|p2a: Clefable|Protect
|move|p1a: Scovillain|Flamethrower|p2a: Clefable
|-activate|p2a: Clefable|move: Protect
|
|-weather|SunnyDay|[upkeep]
|-heal|p2a: Clefable|48/100|[from] item: Leftovers
|upkeep
|turn|5
|
|t:|1758976188
|move|p1a: Scovillain|Flamethrower|p2a: Clefable
|-damage|p2a: Clefable|0 fnt
|faint|p2a: Clefable
|-damage|p1a: Scovillain|81/100|[from] item: Life Orb
|
|-weather|SunnyDay|[upkeep]
|upkeep
|
|t:|1758976201
|switch|p2a: Blaziken|Blaziken, M|100/100
|turn|6
|
|t:|1758976203
|move|p2a: Blaziken|Protect|p2a: Blaziken
|-singleturn|p2a: Blaziken|Protect
|move|p1a: Scovillain|Flamethrower|p2a: Blaziken
|-activate|p2a: Blaziken|move: Protect
|
|-weather|SunnyDay|[upkeep]
|-ability|p2a: Blaziken|Speed Boost|boost
|-boost|p2a: Blaziken|spe|1
|upkeep
|turn|7
|
|t:|1758976230
|move|p1a: Scovillain|Flamethrower|p2a: Blaziken
|-resisted|p2a: Blaziken
|-damage|p2a: Blaziken|0 fnt
|faint|p2a: Blaziken
|-damage|p1a: Scovillain|71/100|[from] item: Life Orb
|
|-weather|SunnyDay|[upkeep]
|upkeep
|
|t:|1758976233
|switch|p2a: Gliscor|Gliscor, F|100/100
|turn|8
|
|t:|1758976241
|move|p2a: Gliscor|Protect|p2a: Gliscor
|-singleturn|p2a: Gliscor|Protect
|move|p1a: Scovillain|Giga Drain|p2a: Gliscor
|-activate|p2a: Gliscor|move: Protect
|
|-weather|none
|-status|p2a: Gliscor|tox|[from] item: Toxic Orb
|upkeep
|turn|9
|
|t:|1758976247
|move|p1a: Scovillain|Giga Drain|p2a: Gliscor
|-damage|p2a: Gliscor|0 fnt
|-heal|p1a: Scovillain|100/100|[from] drain|[of] p2a: Gliscor
|faint|p2a: Gliscor
|-damage|p1a: Scovillain|91/100|[from] item: Life Orb
|
|upkeep
|
|t:|1758976252
|switch|p2a: Porygon-Z|Porygon-Z|100/100
|turn|10
|
|t:|1758976256
|move|p2a: Porygon-Z|Tri Attack|p1a: Scovillain
|-damage|p1a: Scovillain|0 fnt
|faint|p1a: Scovillain
|
|upkeep
|
|t:|1758976260
|switch|p1a: Torkoal|Torkoal, F|100/100
|-weather|SunnyDay|[from] ability: Drought|[of] p1a: Torkoal
|turn|11
|
|t:|1758976263
|move|p2a: Porygon-Z|Tri Attack|p1a: Torkoal
|-damage|p1a: Torkoal|2/100
|move|p1a: Torkoal|Overheat|p2a: Porygon-Z
|-damage|p2a: Porygon-Z|0 fnt
|-unboost|p1a: Torkoal|spa|2
|faint|p2a: Porygon-Z
|
|-weather|SunnyDay|[upkeep]
|upkeep
|
|t:|1758976270
|switch|p2a: Rillaboom|Rillaboom, F|100/100
|-fieldstart|move: Grassy Terrain|[from] ability: Grassy Surge|[of] p2a: Rillaboom
|turn|12
|
|t:|1758976275
|switch|p1a: Hatterene|Hatterene, F, shiny|23/100
|move|p2a: Rillaboom|Grassy Glide|p1a: Hatterene
|-damage|p1a: Hatterene|0 fnt
|faint|p1a: Hatterene
|
|-weather|SunnyDay|[upkeep]
|upkeep
|
|t:|1758976281
|switch|p1a: Ceruledge|Ceruledge, F|100/100
|turn|13
|
|t:|1758976286
|switch|p2a: Corviknight|Corviknight, M|100/100
|move|p1a: Ceruledge|Swords Dance|p1a: Ceruledge
|-boost|p1a: Ceruledge|atk|2
|
|-weather|SunnyDay|[upkeep]
|upkeep
|turn|14
|
|t:|1758976289
|-terastallize|p2a: Corviknight|Dragon
|move|p1a: Ceruledge|Bitter Blade|p2a: Corviknight
|-resisted|p2a: Corviknight
|-damage|p2a: Corviknight|47/100
|-damage|p1a: Ceruledge|84/100|[from] item: Rocky Helmet|[of] p2a: Corviknight
|move|p2a: Corviknight|Brave Bird|p1a: Ceruledge
|-damage|p1a: Ceruledge|31/100
|-ability|p1a: Ceruledge|Weak Armor|boost
|-unboost|p1a: Ceruledge|def|1
|-boost|p1a: Ceruledge|spe|2
|-damage|p2a: Corviknight|35/100|[from] Recoil
|
|-weather|SunnyDay|[upkeep]
|-heal|p1a: Ceruledge|38/100|[from] Grassy Terrain
|-heal|p2a: Corviknight|41/100|[from] Grassy Terrain
|upkeep
|turn|15
|
|t:|1758976307
|move|p1a: Ceruledge|Bitter Blade|p2a: Corviknight
|-resisted|p2a: Corviknight
|-damage|p2a: Corviknight|0 fnt
|-heal|p1a: Ceruledge|66/100|[from] drain|[of] p2a: Corviknight
|-damage|p1a: Ceruledge|49/100|[from] item: Rocky Helmet|[of] p2a: Corviknight
|faint|p2a: Corviknight
|
|-weather|SunnyDay|[upkeep]
|-heal|p1a: Ceruledge|55/100|[from] Grassy Terrain
|upkeep
|
|t:|1758976310
|switch|p2a: Rillaboom|Rillaboom, F|100/100
|turn|16
|
|t:|1758976312
|move|p2a: Rillaboom|Grassy Glide|p1a: Ceruledge
|-resisted|p1a: Ceruledge
|-damage|p1a: Ceruledge|0 fnt
|faint|p1a: Ceruledge
|
|-weather|SunnyDay|[upkeep]
|-fieldend|move: Grassy Terrain
|upkeep
|
|t:|1758976317
|switch|p1a: Walking Wake|Walking Wake|100/100
|-activate|p1a: Walking Wake|ability: Protosynthesis
|-start|p1a: Walking Wake|protosynthesisspa
|turn|17
|
|t:|1758976319
|move|p1a: Walking Wake|Weather Ball|p2a: Rillaboom
|-supereffective|p2a: Rillaboom
|-damage|p2a: Rillaboom|0 fnt
|faint|p2a: Rillaboom
|
|win|President Warfo
|raw|President Warfo's rating: 1400 &rarr; <strong>1419</strong><br />(+19 for winning)
|raw|Rigid123456's rating: 1387 &rarr; <strong>1368</strong><br />(-19 for losing)
|l|☆President Warfo
|player|p1|
|l|☆Rigid123456
|player|p2|
