|j|☆kspoosh
|j|☆Buttologist
|t:|1758946947
|gametype|singles
|player|p1|kspoosh|266|1390
|player|p2|Buttologist|beauty-gen6xy|1364
|gen|9
|tier|[Gen 9] OU
|rated|
|rule|HP Percentage Mod: HP is shown in percentages
|rule|Endless Battle Clause: Forcing endless battles is banned
|rule|Species Clause: Limit one of each Pokémon
|rule|OHKO Clause: OHKO moves are banned
|rule|Evasion Items Clause: Evasion items are banned
|rule|Evasion Moves Clause: Evasion moves are banned
|rule|Evasion Abilities Clause: Evasion abilities are banned
|rule|Sleep Moves Clause: Sleep-inducing moves are banned
|clearpoke
|poke|p1|Enamorus, F|
|poke|p1|Great Tusk|
|poke|p1|Iron Crown|
|poke|p1|Lokix, M|
|poke|p1|Alomomola, M|
|poke|p1|Pecharunt|
|poke|p2|Rillaboom, M|
|poke|p2|Hydreigon, M|
|poke|p2|Jirachi|
|poke|p2|Alomomola, F|
|poke|p2|Cinderace, M|
|poke|p2|Great Tusk|
|teampreview
|inactive|Battle timer is ON: inactive players will automatically lose when time's up. (requested by Buttologist)
|
|t:|1758946966
|teamsize|p1|6
|teamsize|p2|6
|start
|switch|p1a: Gin|Enamorus, F, shiny|100/100
|switch|p2a: Alomomola|Alomomola, F|100/100
|turn|1
|
|t:|1758946975
|switch|p1a: Braveheart|Iron Crown|100/100
|move|p2a: Alomomola|Body Slam|p1a: Braveheart
|-resisted|p1a: Braveheart
|-damage|p1a: Braveheart|92/100
|-status|p1a: Braveheart|par
|
|upkeep
|turn|2
|
|t:|1758946982
|move|p1a: Braveheart|Volt Switch|p2a: Alomomola
|-supereffective|p2a: Alomomola
|-damage|p2a: Alomomola|61/100
|
|t:|1758946986
|-end|p1a: Braveheart|Quark Drive|[silent]
|switch|p1a: Overseer|Pecharunt|100/100|[from] Volt Switch
|move|p2a: Alomomola|Flip Turn|p1a: Overseer
|-damage|p1a: Overseer|93/100
|
|t:|1758946993
|switch|p2a: Hydreigon|Hydreigon, M|100/100|[from] Flip Turn
|
|upkeep
|turn|3
|
|t:|1758946999
|switch|p1a: Pisces|Alomomola, M, shiny|100/100
|move|p2a: Hydreigon|Flash Cannon|p1a: Pisces
|-resisted|p1a: Pisces
|-damage|p1a: Pisces|89/100
|
|upkeep
|turn|4
|
|t:|1758947005
|switch|p2a: Alomomola|Alomomola, F|94/100
|move|p1a: Pisces|Flip Turn|p2a: Alomomola
|-resisted|p2a: Alomomola
|-damage|p2a: Alomomola|89/100
|
|t:|1758947008
|switch|p1a: Overseer|Pecharunt|93/100|[from] Flip Turn
|
|upkeep
|turn|5
|
|t:|1758947012
|move|p1a: Overseer|Parting Shot|p2a: Alomomola
|-unboost|p2a: Alomomola|atk|1
|-unboost|p2a: Alomomola|spa|1
|
|t:|1758947014
|switch|p1a: Behemoth|Great Tusk, shiny|100/100|[from] Parting Shot
|move|p2a: Alomomola|Flip Turn|p1a: Behemoth
|-supereffective|p1a: Behemoth
|-damage|p1a: Behemoth|85/100
|
|t:|1758947019
|switch|p2a: Cinderace|Cinderace, M|100/100|[from] Flip Turn
|
|upkeep
|turn|6
|
|t:|1758947025
|move|p2a: Cinderace|Will-O-Wisp|p1a: Behemoth
|-status|p1a: Behemoth|brn
|move|p1a: Behemoth|Headlong Rush|p2a: Cinderace
|-supereffective|p2a: Cinderace
|-damage|p2a: Cinderace|22/100
|-unboost|p1a: Behemoth|def|1
|-unboost|p1a: Behemoth|spd|1
|
|-damage|p1a: Behemoth|79/100 brn|[from] brn
|upkeep
|turn|7
|
|t:|1758947030
|move|p2a: Cinderace|U-turn|p1a: Behemoth
|-resisted|p1a: Behemoth
|-damage|p1a: Behemoth|68/100 brn
|
|t:|1758947037
|switch|p2a: Alomomola|Alomomola, F|100/100|[from] U-turn
|move|p1a: Behemoth|Rapid Spin|p2a: Alomomola
|-damage|p2a: Alomomola|94/100
|-boost|p1a: Behemoth|spe|1
|
|-damage|p1a: Behemoth|62/100 brn|[from] brn
|upkeep
|turn|8
|
|t:|1758947043
|-end|p1a: Behemoth|Protosynthesis|[silent]
|switch|p1a: Overseer|Pecharunt|93/100
|move|p2a: Alomomola|Flip Turn|p1a: Overseer
|-damage|p1a: Overseer|85/100
|
|t:|1758947047
|switch|p2a: Hydreigon|Hydreigon, M|100/100|[from] Flip Turn
|
|upkeep
|turn|9
|
|t:|1758947054
|switch|p1a: Pisces|Alomomola, M, shiny|100/100
|move|p2a: Hydreigon|Dark Pulse|p1a: Pisces
|-damage|p1a: Pisces|67/100
|
|upkeep
|turn|10
|
|t:|1758947064
|switch|p2a: Alomomola|Alomomola, F|100/100
|move|p1a: Pisces|Flip Turn|p2a: Alomomola
|-resisted|p2a: Alomomola
|-damage|p2a: Alomomola|95/100
|
|t:|1758947068
|switch|p1a: Overseer|Pecharunt|85/100|[from] Flip Turn
|
|upkeep
|turn|11
|
|t:|1758947071
|move|p1a: Overseer|Parting Shot|p2a: Alomomola
|-unboost|p2a: Alomomola|atk|1
|-unboost|p2a: Alomomola|spa|1
|
|t:|1758947075
|switch|p1a: Pisces|Alomomola, M, shiny|100/100|[from] Parting Shot
|move|p2a: Alomomola|Mirror Coat||[still]
|-fail|p2a: Alomomola
|
|upkeep
|turn|12
|
|t:|1758947080
|move|p1a: Pisces|Flip Turn|p2a: Alomomola
|-resisted|p2a: Alomomola
|-damage|p2a: Alomomola|89/100
|
|t:|1758947083
|switch|p1a: Overseer|Pecharunt|85/100|[from] Flip Turn
|move|p2a: Alomomola|Flip Turn|p1a: Overseer
|-damage|p1a: Overseer|80/100
|
|t:|1758947086
|switch|p2a: Hydreigon|Hydreigon, M|100/100|[from] Flip Turn
|
|upkeep
|turn|13
|
|t:|1758947092
|switch|p1a: Pisces|Alomomola, M, shiny|100/100
|move|p2a: Hydreigon|Dark Pulse|p1a: Pisces
|-damage|p1a: Pisces|69/100
|
|upkeep
|turn|14
|
|t:|1758947099
|move|p2a: Hydreigon|Dark Pulse|p1a: Pisces
|-damage|p1a: Pisces|36/100
|move|p1a: Pisces|Flip Turn|p2a: Hydreigon
|-resisted|p2a: Hydreigon
|-crit|p2a: Hydreigon
|-damage|p2a: Hydreigon|88/100
|
|t:|1758947105
|switch|p1a: Gin|Enamorus, F, shiny|100/100|[from] Flip Turn
|
|upkeep
|turn|15
|
|t:|1758947115
|switch|p1a: Edgar|Lokix, M, shiny|100/100
|switch|p2a: Alomomola|Alomomola, F|100/100
|
|upkeep
|turn|16
|
|t:|1758947120
|move|p1a: Edgar|Knock Off|p2a: Alomomola
|-damage|p2a: Alomomola|54/100
|-enditem|p2a: Alomomola|Assault Vest|[from] move: Knock Off|[of] p1a: Edgar
|move|p2a: Alomomola|Body Slam|p1a: Edgar
|-damage|p1a: Edgar|78/100
|
|upkeep
|turn|17
|
|t:|1758947128
|move|p1a: Edgar|Knock Off|p2a: Alomomola
|-damage|p2a: Alomomola|24/100
|move|p2a: Alomomola|Flip Turn|p1a: Edgar
|-damage|p1a: Edgar|52/100
|
|t:|1758947133
|switch|p2a: Cinderace|Cinderace, M|22/100|[from] Flip Turn
|
|upkeep
|turn|18
|
|t:|1758947139
|switch|p1a: Behemoth|Great Tusk, shiny|62/100 brn
|move|p2a: Cinderace|Pyro Ball|p1a: Behemoth
|-damage|p1a: Behemoth|12/100 brn
|
|-damage|p1a: Behemoth|6/100 brn|[from] brn
|upkeep
|turn|19
|
|t:|1758947145
|move|p2a: Cinderace|U-turn|p1a: Behemoth
|-resisted|p1a: Behemoth
|-damage|p1a: Behemoth|0 fnt
|faint|p1a: Behemoth
|-end|p1a: Behemoth|Protosynthesis|[silent]
|
|t:|1758947148
|switch|p2a: Alomomola|Alomomola, F|57/100|[from] U-turn
|
|upkeep
|
|t:|1758947153
|switch|p1a: Braveheart|Iron Crown|92/100 par
|turn|20
|
|t:|1758947160
|cant|p1a: Braveheart|par
|move|p2a: Alomomola|Mirror Coat||[still]
|-fail|p2a: Alomomola
|
|upkeep
|turn|21
|
|t:|1758947166
|switch|p2a: Great Tusk|Great Tusk|100/100
|move|p1a: Braveheart|Volt Switch|p2a: Great Tusk
|-immune|p2a: Great Tusk
|
|upkeep
|turn|22
|
|t:|1758947172
|-end|p1a: Braveheart|Quark Drive|[silent]
|switch|p1a: Gin|Enamorus, F, shiny|100/100
|move|p2a: Great Tusk|Rapid Spin|p1a: Gin
|-damage|p1a: Gin|77/100
|-boost|p2a: Great Tusk|spe|1
|
|upkeep
|turn|23
|
|t:|1758947180
|-end|p2a: Great Tusk|Protosynthesis|[silent]
|switch|p2a: Alomomola|Alomomola, F|91/100
|move|p1a: Gin|Moonblast|p2a: Alomomola
|-damage|p2a: Alomomola|48/100
|
|upkeep
|turn|24
|
|t:|1758947187
|switch|p2a: Jirachi|Jirachi|100/100
|move|p1a: Gin|Moonblast|p2a: Jirachi
|-resisted|p2a: Jirachi
|-damage|p2a: Jirachi|74/100
|
|upkeep
|turn|25
|
|t:|1758947192
|switch|p1a: Pisces|Alomomola, M, shiny|70/100
|move|p2a: Jirachi|Thunder Wave|p1a: Pisces
|-status|p1a: Pisces|par
|
|upkeep
|turn|26
|
|t:|1758947197
|move|p2a: Jirachi|Psychic Noise|p1a: Pisces
|-damage|p1a: Pisces|52/100 par
|-start|p1a: Pisces|move: Heal Block
|move|p1a: Pisces|Flip Turn|p2a: Jirachi
|-damage|p2a: Jirachi|58/100
|
|t:|1758947217
|switch|p1a: Braveheart|Iron Crown|92/100 par|[from] Flip Turn
|
|upkeep
|turn|27
|
|t:|1758947221
|move|p2a: Jirachi|Doom Desire|p1a: Braveheart
|-start|p2a: Jirachi|Doom Desire
|move|p1a: Braveheart|Volt Switch|p2a: Jirachi
|-damage|p2a: Jirachi|23/100
|
|t:|1758947227
|-end|p1a: Braveheart|Quark Drive|[silent]
|switch|p1a: Edgar|Lokix, M, shiny|52/100|[from] Volt Switch
|
|upkeep
|turn|28
|
|t:|1758947240
|move|p2a: Jirachi|Thunder Wave|p1a: Edgar
|-status|p1a: Edgar|par
|move|p1a: Edgar|U-turn|p2a: Jirachi
|-damage|p2a: Jirachi|0 fnt
|faint|p2a: Jirachi
|
|t:|1758947247
|switch|p1a: Braveheart|Iron Crown|92/100 par|[from] U-turn
|
|upkeep
|
|t:|1758947271
|switch|p2a: Cinderace|Cinderace, M|22/100
|turn|29
|
|t:|1758947276
|-end|p1a: Braveheart|Quark Drive|[silent]
|switch|p1a: Overseer|Pecharunt|80/100
|move|p2a: Cinderace|Pyro Ball|p1a: Overseer
|-damage|p1a: Overseer|48/100
|
|-end|p1a: Overseer|move: Doom Desire
|-damage|p1a: Overseer|0 fnt
|faint|p1a: Overseer
|upkeep
|
|t:|1758947285
|switch|p1a: Gin|Enamorus, F, shiny|77/100
|turn|30
|
|t:|1758947289
|move|p1a: Gin|Moonblast|p2a: Cinderace
|-resisted|p2a: Cinderace
|-damage|p2a: Cinderace|0 fnt
|faint|p2a: Cinderace
|
|upkeep
|
|t:|1758947294
|switch|p2a: Alomomola|Alomomola, F|81/100
|turn|31
|
|t:|1758947298
|switch|p1a: Braveheart|Iron Crown|92/100 par
|move|p2a: Alomomola|Flip Turn|p1a: Braveheart
|-damage|p1a: Braveheart|75/100 par
|
|t:|1758947303
|switch|p2a: Hydreigon|Hydreigon, M|88/100|[from] Flip Turn
|
|upkeep
|turn|32
|
|t:|1758947311
|-end|p1a: Braveheart|Quark Drive|[silent]
|switch|p1a: Pisces|Alomomola, M, shiny|85/100 par
|move|p2a: Hydreigon|Dark Pulse|p1a: Pisces
|-damage|p1a: Pisces|49/100 par
|
|upkeep
|turn|33
|
|t:|1758947317
|move|p2a: Hydreigon|Dark Pulse|p1a: Pisces
|-damage|p1a: Pisces|16/100 par
|move|p1a: Pisces|Play Rough|p2a: Hydreigon
|-supereffective|p2a: Hydreigon
|-damage|p2a: Hydreigon|7/100
|
|upkeep
|turn|34
|
|t:|1758947326
|switch|p1a: Edgar|Lokix, M, shiny|52/100 par
|move|p2a: Hydreigon|Dark Pulse|p1a: Edgar
|-resisted|p1a: Edgar
|-damage|p1a: Edgar|0 fnt
|faint|p1a: Edgar
|
|upkeep
|
|t:|1758947329
|switch|p1a: Gin|Enamorus, F, shiny|77/100
|turn|35
|
|t:|1758947336
|switch|p2a: Alomomola|Alomomola, F|100/100
|-terastallize|p1a: Gin|Stellar
|move|p1a: Gin|Tera Blast|p2a: Alomomola|[anim] Tera Blast Stellar
|-damage|p2a: Alomomola|61/100
|-boost|p1a: Gin|atk|1
|-boost|p1a: Gin|spa|1
|
|upkeep
|turn|36
|
|t:|1758947340
|move|p1a: Gin|Tera Blast|p2a: Alomomola|[anim] Tera Blast Stellar
|-crit|p2a: Alomomola
|-damage|p2a: Alomomola|0 fnt
|-boost|p1a: Gin|atk|1
|-boost|p1a: Gin|spa|1
|faint|p2a: Alomomola
|
|upkeep
|
|t:|1758947348
|switch|p2a: Rillaboom|Rillaboom, M, shiny|100/100
|-fieldstart|move: Grassy Terrain|[from] ability: Grassy Surge|[of] p2a: Rillaboom
|turn|37
|
|t:|1758947352
|-terastallize|p2a: Rillaboom|Grass
|move|p2a: Rillaboom|Grassy Glide|p1a: Gin
|-resisted|p1a: Gin
|-damage|p1a: Gin|18/100
|move|p1a: Gin|Tera Blast|p2a: Rillaboom|[anim] Tera Blast Stellar
|-supereffective|p2a: Rillaboom
|-damage|p2a: Rillaboom|0 fnt
|-boost|p1a: Gin|atk|1
|-boost|p1a: Gin|spa|1
|faint|p2a: Rillaboom
|
|upkeep
|-message|Buttologist forfeited.
|
|win|kspoosh
|raw|kspoosh's rating: 1390 &rarr; <strong>1409</strong><br />(+19 for winning)
|raw|Buttologist's rating: 1364 &rarr; <strong>1345</strong><br />(-19 for losing)
|l|☆Buttologist
|player|p2|
|l|☆kspoosh
|player|p1|
