|j|☆3GearsTurning
|j|☆NormalDude1989
|t:|1759033050
|gametype|singles
|player|p1|3GearsTurning|cyclist|1459
|player|p2|NormalDude1989|emmet|1517
|gen|9
|tier|[Gen 9] OU
|rated|
|rule|HP Percentage Mod: HP is shown in percentages
|rule|Endless Battle Clause: Forcing endless battles is banned
|rule|Species Clause: Limit one of each Pokémon
|rule|OHKO Clause: OHKO moves are banned
|rule|Evasion Items Clause: Evasion items are banned
|rule|Evasion Moves Clause: Evasion moves are banned
|rule|Evasion Abilities Clause: Evasion abilities are banned
|rule|Sleep Moves Clause: Sleep-inducing moves are banned
|clearpoke
|poke|p1|Rillaboom, M|
|poke|p1|Okidogi, M|
|poke|p1|Zamazenta-*|
|poke|p1|Iron Treads|
|poke|p1|Clefable, F|
|poke|p1|Walking Wake|
|poke|p2|Kingambit, M|
|poke|p2|Hatterene, F|
|poke|p2|Cinderace, F|
|poke|p2|Great Tusk|
|poke|p2|Latios, M|
|poke|p2|Zapdos|
|teampreview
|
|t:|1759033094
|teamsize|p1|6
|teamsize|p2|6
|start
|switch|p1a: Iron Treads|Iron Treads|100/100
|switch|p2a: Bionic Bunny|Cinderace, F|100/100
|turn|1
|inactive|Battle timer is ON: inactive players will automatically lose when time's up. (requested by NormalDude1989)
|
|t:|1759033134
|move|p2a: Bionic Bunny|U-turn|p1a: Iron Treads
|-start|p2a: Bionic Bunny|typechange|Bug|[from] ability: Libero
|-resisted|p1a: Iron Treads
|-damage|p1a: Iron Treads|87/100
|
|t:|1759033140
|switch|p2a: Minerva|Hatterene, F|100/100|[from] U-turn
|move|p1a: Iron Treads|Knock Off|p2a: Minerva
|-crit|p2a: Minerva
|-damage|p2a: Minerva|60/100
|-enditem|p2a: Minerva|Assault Vest|[from] move: Knock Off|[of] p1a: Iron Treads
|
|-heal|p1a: Iron Treads|93/100|[from] item: Leftovers
|upkeep
|turn|2
|
|t:|1759033163
|move|p1a: Iron Treads|High Horsepower|p2a: Minerva
|-damage|p2a: Minerva|25/100
|move|p2a: Minerva|Mystical Fire|p1a: Iron Treads
|-supereffective|p1a: Iron Treads
|-damage|p1a: Iron Treads|36/100
|-unboost|p1a: Iron Treads|spa|1
|
|-heal|p1a: Iron Treads|42/100|[from] item: Leftovers
|upkeep
|turn|3
|
|t:|1759033171
|move|p1a: Iron Treads|Knock Off|p2a: Minerva
|-damage|p2a: Minerva|7/100
|move|p2a: Minerva|Mystical Fire|p1a: Iron Treads
|-supereffective|p1a: Iron Treads
|-damage|p1a: Iron Treads|0 fnt
|faint|p1a: Iron Treads
|-end|p1a: Iron Treads|Quark Drive|[silent]
|
|upkeep
|
|t:|1759033176
|switch|p1a: Walking Wake|Walking Wake|100/100
|turn|4
|
|t:|1759033180
|move|p1a: Walking Wake|Flip Turn|p2a: Minerva
|-damage|p2a: Minerva|0 fnt
|faint|p2a: Minerva
|
|t:|1759033191
|-end|p1a: Walking Wake|Protosynthesis|[silent]
|switch|p1a: Clefable|Clefable, F|100/100|[from] Flip Turn
|
|upkeep
|
|t:|1759033196
|switch|p2a: Bionic Bunny|Cinderace, F|100/100
|turn|5
|
|t:|1759033223
|move|p2a: Bionic Bunny|Gunk Shot|p1a: Clefable
|-start|p2a: Bionic Bunny|typechange|Poison|[from] ability: Libero
|-supereffective|p1a: Clefable
|-damage|p1a: Clefable|17/100
|-status|p1a: Clefable|psn
|move|p1a: Clefable|Thunder Wave|p2a: Bionic Bunny|[miss]
|-miss|p1a: Clefable|p2a: Bionic Bunny
|
|-heal|p1a: Clefable|23/100 psn|[from] item: Leftovers
|upkeep
|turn|6
|
|t:|1759033236
|switch|p1a: Okidogi|Okidogi, M|100/100
|move|p2a: Bionic Bunny|Pyro Ball|p1a: Okidogi
|-damage|p1a: Okidogi|70/100
|
|-heal|p1a: Okidogi|76/100|[from] item: Leftovers
|upkeep
|turn|7
|
|t:|1759033243
|move|p2a: Bionic Bunny|U-turn|p1a: Okidogi
|-resisted|p1a: Okidogi
|-damage|p1a: Okidogi|71/100
|
|t:|1759033247
|switch|p2a: Morpho|Zapdos|100/100|[from] U-turn
|move|p1a: Okidogi|Knock Off|p2a: Morpho
|-damage|p2a: Morpho|78/100
|-damage|p1a: Okidogi|55/100|[from] item: Rocky Helmet|[of] p2a: Morpho
|-status|p1a: Okidogi|par|[from] ability: Static|[of] p2a: Morpho
|-status|p2a: Morpho|tox|[from] ability: Toxic Chain|[of] p1a: Okidogi
|-enditem|p2a: Morpho|Rocky Helmet|[from] move: Knock Off|[of] p1a: Okidogi
|
|-heal|p1a: Okidogi|61/100 par|[from] item: Leftovers
|-damage|p2a: Morpho|72/100 tox|[from] psn
|upkeep
|turn|8
|inactive|3GearsTurning has 120 seconds left.
|
|t:|1759033280
|move|p2a: Morpho|Volt Switch|p1a: Okidogi
|-damage|p1a: Okidogi|37/100 par
|
|t:|1759033284
|switch|p2a: Ivan|Great Tusk|100/100|[from] Volt Switch
|cant|p1a: Okidogi|par
|
|-heal|p1a: Okidogi|43/100 par|[from] item: Leftovers
|upkeep
|turn|9
|
|t:|1759033291
|move|p2a: Ivan|Headlong Rush|p1a: Okidogi
|-supereffective|p1a: Okidogi
|-damage|p1a: Okidogi|0 fnt
|-unboost|p2a: Ivan|def|1
|-unboost|p2a: Ivan|spd|1
|faint|p1a: Okidogi
|
|upkeep
|
|t:|1759033294
|switch|p1a: Walking Wake|Walking Wake|100/100
|turn|10
|
|t:|1759033304
|move|p1a: Walking Wake|Surf|p2a: Ivan
|-supereffective|p2a: Ivan
|-damage|p2a: Ivan|0 fnt
|faint|p2a: Ivan
|-end|p2a: Ivan|Protosynthesis|[silent]
|
|upkeep
|
|t:|1759033307
|switch|p2a: Muramasa|Kingambit, M|100/100
|-activate|p2a: Muramasa|ability: Supreme Overlord
|-start|p2a: Muramasa|fallen2|[silent]
|turn|11
|
|t:|1759033313
|-end|p1a: Walking Wake|Protosynthesis|[silent]
|switch|p1a: Clefable|Clefable, F|23/100 psn
|-terastallize|p2a: Muramasa|Water
|move|p2a: Muramasa|Iron Head|p1a: Clefable
|-supereffective|p1a: Clefable
|-damage|p1a: Clefable|0 fnt
|faint|p1a: Clefable
|
|upkeep
|
|t:|1759033319
|switch|p1a: Zamazenta|Zamazenta|100/100
|-ability|p1a: Zamazenta|Dauntless Shield|boost
|-boost|p1a: Zamazenta|def|1
|turn|12
|
|t:|1759033345
|-end|p2a: Muramasa|fallen2|[silent]
|switch|p2a: Morpho|Zapdos|72/100 tox
|move|p1a: Zamazenta|Stone Edge|p2a: Morpho
|-supereffective|p2a: Morpho
|-damage|p2a: Morpho|26/100 tox
|
|-damage|p2a: Morpho|20/100 tox|[from] psn
|upkeep
|turn|13
|
|t:|1759033354
|move|p1a: Zamazenta|Stone Edge|p2a: Morpho
|-supereffective|p2a: Morpho
|-damage|p2a: Morpho|0 fnt
|faint|p2a: Morpho
|
|upkeep
|
|t:|1759033357
|switch|p2a: Azure|Latios, M|100/100
|turn|14
|
|t:|1759033367
|switch|p1a: Walking Wake|Walking Wake|100/100
|move|p2a: Azure|Luster Purge|p1a: Walking Wake
|-damage|p1a: Walking Wake|33/100
|-unboost|p1a: Walking Wake|spd|1
|
|upkeep
|turn|15
|
|t:|1759033374
|switch|p2a: Muramasa|Kingambit, M, tera:Water|100/100
|-activate|p2a: Muramasa|ability: Supreme Overlord
|-start|p2a: Muramasa|fallen3|[silent]
|move|p1a: Walking Wake|Draco Meteor|p2a: Muramasa|[miss]
|-miss|p1a: Walking Wake|p2a: Muramasa
|
|upkeep
|turn|16
|
|t:|1759033381
|move|p1a: Walking Wake|Draco Meteor|p2a: Muramasa
|-damage|p2a: Muramasa|7/100
|-unboost|p1a: Walking Wake|spa|2
|move|p2a: Muramasa|Iron Head|p1a: Walking Wake
|-resisted|p1a: Walking Wake
|-damage|p1a: Walking Wake|0 fnt
|faint|p1a: Walking Wake
|-end|p1a: Walking Wake|Protosynthesis|[silent]
|
|-heal|p2a: Muramasa|13/100|[from] item: Leftovers
|upkeep
|
|t:|1759033411
|switch|p1a: Rillaboom|Rillaboom, M|100/100
|-fieldstart|move: Grassy Terrain|[from] ability: Grassy Surge|[of] p1a: Rillaboom
|turn|17
|
|t:|1759033416
|-end|p2a: Muramasa|fallen3|[silent]
|switch|p2a: Bionic Bunny|Cinderace, F|100/100
|move|p1a: Rillaboom|Swords Dance|p1a: Rillaboom
|-boost|p1a: Rillaboom|atk|2
|
|upkeep
|turn|18
|inactive|3GearsTurning has 120 seconds left.
|
|t:|1759033455
|move|p1a: Rillaboom|Grassy Glide|p2a: Bionic Bunny
|-resisted|p2a: Bionic Bunny
|-damage|p2a: Bionic Bunny|42/100
|move|p2a: Bionic Bunny|Pyro Ball|p1a: Rillaboom|[miss]
|-miss|p2a: Bionic Bunny|p1a: Rillaboom
|
|-heal|p2a: Bionic Bunny|48/100|[from] Grassy Terrain
|upkeep
|turn|19
|
|t:|1759033469
|move|p1a: Rillaboom|Grassy Glide|p2a: Bionic Bunny
|-resisted|p2a: Bionic Bunny
|-damage|p2a: Bionic Bunny|0 fnt
|faint|p2a: Bionic Bunny
|
|upkeep
|c|☆NormalDude1989|and just like that you luck out and win
|c|☆NormalDude1989|bg
|-message|NormalDude1989 forfeited.
|
|win|3GearsTurning
|raw|3GearsTurning's rating: 1459 &rarr; <strong>1482</strong><br />(+23 for winning)
|raw|NormalDude1989's rating: 1517 &rarr; <strong>1494</strong><br />(-23 for losing)
|l|☆NormalDude1989
|player|p2|
|l|☆3GearsTurning
|player|p1|
