|j|☆nmx123
|j|☆ybg mihan
|t:|1758948720
|gametype|singles
|player|p1|nmx123|101|1657
|player|p2|ybg mihan|266|1653
|gen|9
|tier|[Gen 9] OU
|rated|
|rule|HP Percentage Mod: HP is shown in percentages
|rule|Endless Battle Clause: Forcing endless battles is banned
|rule|Species Clause: Limit one of each Pokémon
|rule|OHKO Clause: OHKO moves are banned
|rule|Evasion Items Clause: Evasion items are banned
|rule|Evasion Moves Clause: Evasion moves are banned
|rule|Evasion Abilities Clause: Evasion abilities are banned
|rule|Sleep Moves Clause: Sleep-inducing moves are banned
|clearpoke
|poke|p1|Dragonite, F|
|poke|p1|Zamazenta-*|
|poke|p1|Gholdengo|
|poke|p1|Raging Bolt|
|poke|p1|Ninetales-Alola, F|
|poke|p1|Great Tusk|
|poke|p2|Scizor, M|
|poke|p2|Slowking-Galar, M|
|poke|p2|Great Tusk|
|poke|p2|Dragonite, M|
|poke|p2|Zamazenta-*|
|poke|p2|Kyurem|
|teampreview
|inactive|Battle timer is ON: inactive players will automatically lose when time's up. (requested by nmx123)
|j| HBooks
|
|t:|1758948742
|teamsize|p1|6
|teamsize|p2|6
|start
|switch|p1a: Great Tusk|Great Tusk|100/100
|switch|p2a: Slowking|Slowking-Galar, M|100/100
|turn|1
|
|t:|1758948749
|switch|p2a: Kyurem|Kyurem|100/100
|-ability|p2a: Kyurem|Pressure
|move|p1a: Great Tusk|Stealth Rock|p2a: Kyurem
|-sidestart|p2: ybg mihan|move: Stealth Rock
|
|upkeep
|turn|2
|
|t:|1758948755
|move|p2a: Kyurem|Blizzard|p1a: Great Tusk
|-supereffective|p1a: Great Tusk
|-damage|p1a: Great Tusk|0 fnt
|faint|p1a: Great Tusk
|-end|p1a: Great Tusk|Protosynthesis|[silent]
|
|upkeep
|
|t:|1758948764
|switch|p1a: Zamazenta|Zamazenta|100/100
|-ability|p1a: Zamazenta|Dauntless Shield|boost
|-boost|p1a: Zamazenta|def|1
|turn|3
|
|t:|1758948771
|switch|p2a: Slowking|Slowking-Galar, M|100/100
|move|p1a: Zamazenta|Body Press|p2a: Slowking
|-resisted|p2a: Slowking
|-damage|p2a: Slowking|83/100
|
|upkeep
|turn|4
|
|t:|1758948780
|move|p1a: Zamazenta|Crunch|p2a: Slowking
|-supereffective|p2a: Slowking
|-damage|p2a: Slowking|40/100
|move|p2a: Slowking|Toxic|p1a: Zamazenta
|-status|p1a: Zamazenta|tox
|
|-damage|p1a: Zamazenta|94/100 tox|[from] psn
|upkeep
|turn|5
|
|t:|1758948791
|switch|p2a: Great Tusk|Great Tusk|100/100
|move|p1a: Zamazenta|Body Press|p2a: Great Tusk
|-damage|p2a: Great Tusk|54/100
|
|-heal|p1a: Zamazenta|100/100 tox|[from] item: Leftovers
|-damage|p1a: Zamazenta|88/100 tox|[from] psn
|upkeep
|turn|6
|
|t:|1758948805
|switch|p1a: Gholdengo|Gholdengo|100/100
|move|p2a: Great Tusk|Rapid Spin|p1a: Gholdengo
|-immune|p1a: Gholdengo
|
|upkeep
|turn|7
|
|t:|1758948812
|-end|p2a: Great Tusk|Protosynthesis|[silent]
|switch|p2a: Scizor|Scizor, M|100/100
|-damage|p2a: Scizor|88/100|[from] Stealth Rock
|move|p1a: Gholdengo|Make It Rain|p2a: Scizor
|-resisted|p2a: Scizor
|-damage|p2a: Scizor|47/100
|-unboost|p1a: Gholdengo|spa|1
|
|upkeep
|turn|8
|
|t:|1758948824
|switch|p1a: Zamazenta|Zamazenta|88/100 tox
|move|p2a: Scizor|U-turn|p1a: Zamazenta
|-resisted|p1a: Zamazenta
|-damage|p1a: Zamazenta|68/100 tox
|j| yrmpa
|
|t:|1758948828
|switch|p2a: Great Tusk|Great Tusk|54/100|[from] U-turn
|
|-heal|p1a: Zamazenta|74/100 tox|[from] item: Leftovers
|-damage|p1a: Zamazenta|68/100 tox|[from] psn
|upkeep
|turn|9
|
|t:|1758948835
|move|p1a: Zamazenta|Body Press|p2a: Great Tusk
|-damage|p2a: Great Tusk|26/100
|move|p2a: Great Tusk|Rapid Spin|p1a: Zamazenta
|-damage|p1a: Zamazenta|57/100 tox
|-boost|p2a: Great Tusk|spe|1
|-sideend|p2: ybg mihan|Stealth Rock|[from] move: Rapid Spin|[of] p2a: Great Tusk
|
|-heal|p1a: Zamazenta|63/100 tox|[from] item: Leftovers
|-damage|p1a: Zamazenta|51/100 tox|[from] psn
|upkeep
|turn|10
|
|t:|1758948839
|-end|p2a: Great Tusk|Protosynthesis|[silent]
|switch|p2a: Slowking|Slowking-Galar, M|73/100
|move|p1a: Zamazenta|Body Press|p2a: Slowking
|-resisted|p2a: Slowking
|-damage|p2a: Slowking|63/100
|
|-heal|p1a: Zamazenta|57/100 tox|[from] item: Leftovers
|-damage|p1a: Zamazenta|39/100 tox|[from] psn
|upkeep
|turn|11
|
|t:|1758948852
|switch|p1a: Dragonite|Dragonite, F|100/100
|-prepare|p2a: Slowking|Chilly Reception|[premajor]
|move|p2a: Slowking|Chilly Reception|p2a: Slowking
|-weather|Snowscape
|
|t:|1758948857
|switch|p2a: Kyurem|Kyurem|100/100|[from] Chilly Reception
|-ability|p2a: Kyurem|Pressure
|
|-weather|Snowscape|[upkeep]
|upkeep
|turn|12
|
|t:|1758948876
|-terastallize|p1a: Dragonite|Normal
|move|p2a: Kyurem|Blizzard|p1a: Dragonite
|-damage|p1a: Dragonite|63/100
|move|p1a: Dragonite|Outrage|p2a: Kyurem
|-supereffective|p2a: Kyurem
|-damage|p2a: Kyurem|0 fnt
|faint|p2a: Kyurem
|
|-weather|Snowscape|[upkeep]
|upkeep
|
|t:|1758948893
|switch|p2a: Zamazenta|Zamazenta|100/100
|-ability|p2a: Zamazenta|Dauntless Shield|boost
|-boost|p2a: Zamazenta|def|1
|turn|13
|
|t:|1758948896
|move|p2a: Zamazenta|Iron Defense|p2a: Zamazenta
|-boost|p2a: Zamazenta|def|2
|move|p1a: Dragonite|Outrage|p2a: Zamazenta|[from] lockedmove
|-damage|p2a: Zamazenta|72/100
|-start|p1a: Dragonite|confusion|[fatigue]
|
|-weather|Snowscape|[upkeep]
|-heal|p2a: Zamazenta|78/100|[from] item: Leftovers
|upkeep
|turn|14
|
|t:|1758948902
|switch|p1a: Gholdengo|Gholdengo|100/100
|move|p2a: Zamazenta|Iron Defense|p2a: Zamazenta
|-boost|p2a: Zamazenta|def|2
|
|-weather|Snowscape|[upkeep]
|-heal|p2a: Zamazenta|84/100|[from] item: Leftovers
|upkeep
|turn|15
|
|t:|1758948910
|move|p1a: Gholdengo|Trick|p2a: Zamazenta
|-activate|p1a: Gholdengo|move: Trick|[of] p2a: Zamazenta
|-item|p2a: Zamazenta|Choice Scarf|[from] move: Trick
|-item|p1a: Gholdengo|Leftovers|[from] move: Trick
|move|p2a: Zamazenta|Crunch|p1a: Gholdengo
|-supereffective|p1a: Gholdengo
|-damage|p1a: Gholdengo|52/100
|
|-weather|none
|-heal|p1a: Gholdengo|58/100|[from] item: Leftovers
|upkeep
|turn|16
|
|t:|1758948919
|switch|p2a: Slowking|Slowking-Galar, M|96/100
|switch|p1a: Ninetales|Ninetales-Alola, F|100/100
|-weather|Snowscape|[from] ability: Snow Warning|[of] p1a: Ninetales
|
|-weather|Snowscape|[upkeep]
|upkeep
|turn|17
|
|t:|1758948928
|move|p1a: Ninetales|Aurora Veil|p1a: Ninetales
|-sidestart|p1: nmx123|move: Aurora Veil
|move|p2a: Slowking|Toxic|p1a: Ninetales
|-status|p1a: Ninetales|tox
|
|-weather|Snowscape|[upkeep]
|-damage|p1a: Ninetales|94/100 tox|[from] psn
|upkeep
|turn|18
|
|t:|1758948934
|switch|p1a: Gholdengo|Gholdengo|58/100
|switch|p2a: Zamazenta|Zamazenta|84/100
|
|-weather|Snowscape|[upkeep]
|-heal|p1a: Gholdengo|64/100|[from] item: Leftovers
|upkeep
|turn|19
|
|t:|1758948940
|move|p2a: Zamazenta|Crunch|p1a: Gholdengo
|-supereffective|p1a: Gholdengo
|-damage|p1a: Gholdengo|38/100
|move|p1a: Gholdengo|Shadow Ball|p2a: Zamazenta
|-damage|p2a: Zamazenta|52/100
|
|-weather|Snowscape|[upkeep]
|-heal|p1a: Gholdengo|44/100|[from] item: Leftovers
|upkeep
|turn|20
|inactive|nmx123 has 120 seconds left.
|
|t:|1758948976
|switch|p1a: Zamazenta|Zamazenta|39/100 tox
|move|p2a: Zamazenta|Crunch|p1a: Zamazenta
|-resisted|p1a: Zamazenta
|-damage|p1a: Zamazenta|35/100 tox
|
|-weather|none
|-heal|p1a: Zamazenta|41/100 tox|[from] item: Leftovers
|-damage|p1a: Zamazenta|35/100 tox|[from] psn
|upkeep
|turn|21
|inactive|nmx123 has 120 seconds left.
|
|t:|1758948985
|switch|p2a: Great Tusk|Great Tusk|26/100
|move|p1a: Zamazenta|Iron Defense|p1a: Zamazenta
|-boost|p1a: Zamazenta|def|2
|
|-heal|p1a: Zamazenta|41/100 tox|[from] item: Leftovers
|-damage|p1a: Zamazenta|29/100 tox|[from] psn
|upkeep
|turn|22
|
|t:|1758948990
|-end|p2a: Great Tusk|Protosynthesis|[silent]
|switch|p2a: Slowking|Slowking-Galar, M|100/100
|move|p1a: Zamazenta|Body Press|p2a: Slowking
|-resisted|p2a: Slowking
|-damage|p2a: Slowking|80/100
|
|-heal|p1a: Zamazenta|35/100 tox|[from] item: Leftovers
|-damage|p1a: Zamazenta|17/100 tox|[from] psn
|upkeep
|turn|23
|
|t:|1758948994
|switch|p2a: Great Tusk|Great Tusk|26/100
|move|p1a: Zamazenta|Crunch|p2a: Great Tusk
|-resisted|p2a: Great Tusk
|-damage|p2a: Great Tusk|18/100
|-unboost|p2a: Great Tusk|def|1
|
|-heal|p1a: Zamazenta|23/100 tox|[from] item: Leftovers
|-damage|p1a: Zamazenta|0 fnt|[from] psn
|faint|p1a: Zamazenta
|upkeep
|
|t:|1758948999
|switch|p1a: Dragonite|Dragonite, F, tera:Normal|63/100
|turn|24
|
|t:|1758949018
|-end|p2a: Great Tusk|Protosynthesis|[silent]
|switch|p2a: Zamazenta|Zamazenta|52/100
|move|p1a: Dragonite|Extreme Speed|p2a: Zamazenta
|-damage|p2a: Zamazenta|1/100
|
|-sideend|p1: nmx123|move: Aurora Veil
|upkeep
|turn|25
|
|t:|1758949031
|move|p1a: Dragonite|Extreme Speed|p2a: Zamazenta
|-damage|p2a: Zamazenta|0 fnt
|faint|p2a: Zamazenta
|
|upkeep
|
|t:|1758949035
|switch|p2a: Scizor|Scizor, M|47/100
|turn|26
|
|t:|1758949051
|move|p1a: Dragonite|Extreme Speed|p2a: Scizor
|-resisted|p2a: Scizor
|-damage|p2a: Scizor|8/100
|move|p2a: Scizor|Close Combat|p1a: Dragonite
|-supereffective|p1a: Dragonite
|-crit|p1a: Dragonite
|-damage|p1a: Dragonite|0 fnt
|-unboost|p2a: Scizor|def|1
|-unboost|p2a: Scizor|spd|1
|faint|p1a: Dragonite
|
|upkeep
|
|t:|1758949062
|switch|p1a: Gholdengo|Gholdengo|44/100
|turn|27
|
|t:|1758949070
|switch|p2a: Slowking|Slowking-Galar, M|100/100
|move|p1a: Gholdengo|Shadow Ball|p2a: Slowking
|-supereffective|p2a: Slowking
|-damage|p2a: Slowking|54/100
|
|-heal|p1a: Gholdengo|50/100|[from] item: Leftovers
|upkeep
|turn|28
|
|t:|1758949078
|move|p1a: Gholdengo|Shadow Ball|p2a: Slowking
|-supereffective|p2a: Slowking
|-damage|p2a: Slowking|5/100
|-prepare|p2a: Slowking|Chilly Reception|[premajor]
|move|p2a: Slowking|Chilly Reception|p2a: Slowking
|-weather|Snowscape
|
|t:|1758949081
|switch|p2a: Great Tusk|Great Tusk|18/100|[from] Chilly Reception
|
|-weather|Snowscape|[upkeep]
|-heal|p1a: Gholdengo|56/100|[from] item: Leftovers
|upkeep
|turn|29
|
|t:|1758949088
|move|p2a: Great Tusk|Headlong Rush|p1a: Gholdengo
|-supereffective|p1a: Gholdengo
|-damage|p1a: Gholdengo|0 fnt
|-unboost|p2a: Great Tusk|def|1
|-unboost|p2a: Great Tusk|spd|1
|faint|p1a: Gholdengo
|
|-weather|Snowscape|[upkeep]
|upkeep
|
|t:|1758949090
|switch|p1a: Ninetales|Ninetales-Alola, F|94/100 tox
|turn|30
|
|t:|1758949098
|-end|p2a: Great Tusk|Protosynthesis|[silent]
|switch|p2a: Slowking|Slowking-Galar, M|38/100
|move|p1a: Ninetales|Freeze-Dry|p2a: Slowking
|-damage|p2a: Slowking|27/100
|
|-weather|Snowscape|[upkeep]
|-damage|p1a: Ninetales|88/100 tox|[from] psn
|upkeep
|turn|31
|
|t:|1758949104
|move|p1a: Ninetales|Aurora Veil|p1a: Ninetales
|-sidestart|p1: nmx123|move: Aurora Veil
|-prepare|p2a: Slowking|Chilly Reception|[premajor]
|move|p2a: Slowking|Chilly Reception|p2a: Slowking
|
|t:|1758949108
|switch|p2a: Scizor|Scizor, M|8/100|[from] Chilly Reception
|
|-weather|Snowscape|[upkeep]
|-damage|p1a: Ninetales|76/100 tox|[from] psn
|upkeep
|turn|32
|
|t:|1758949111
|switch|p1a: Raging Bolt|Raging Bolt|100/100
|move|p2a: Scizor|U-turn|p1a: Raging Bolt
|-damage|p1a: Raging Bolt|78/100
|
|t:|1758949116
|switch|p2a: Great Tusk|Great Tusk|18/100|[from] U-turn
|
|-weather|none
|upkeep
|turn|33
|
|t:|1758949140
|move|p2a: Great Tusk|Headlong Rush|p1a: Raging Bolt
|-supereffective|p1a: Raging Bolt
|-damage|p1a: Raging Bolt|25/100
|-unboost|p2a: Great Tusk|def|1
|-unboost|p2a: Great Tusk|spd|1
|move|p1a: Raging Bolt|Weather Ball|p2a: Great Tusk
|-damage|p2a: Great Tusk|0 fnt
|faint|p2a: Great Tusk
|-end|p2a: Great Tusk|Protosynthesis|[silent]
|-damage|p1a: Raging Bolt|15/100|[from] item: Life Orb
|
|upkeep
|
|t:|1758949142
|switch|p2a: Dragonite|Dragonite, M|100/100
|turn|34
|
|t:|1758949152
|-terastallize|p2a: Dragonite|Normal
|move|p2a: Dragonite|Extreme Speed|p1a: Raging Bolt
|-damage|p1a: Raging Bolt|0 fnt
|faint|p1a: Raging Bolt
|-end|p1a: Raging Bolt|Protosynthesis|[silent]
|
|upkeep
|
|t:|1758949156
|switch|p1a: Ninetales|Ninetales-Alola, F|76/100 tox
|-weather|Snowscape|[from] ability: Snow Warning|[of] p1a: Ninetales
|turn|35
|
|t:|1758949161
|move|p2a: Dragonite|Extreme Speed|p1a: Ninetales
|-damage|p1a: Ninetales|47/100 tox
|move|p1a: Ninetales|Freeze-Dry|p2a: Dragonite
|-damage|p2a: Dragonite|89/100
|
|-weather|Snowscape|[upkeep]
|-damage|p1a: Ninetales|41/100 tox|[from] psn
|upkeep
|turn|36
|-message|nmx123 forfeited.
|
|win|ybg mihan
|raw|nmx123's rating: 1657 &rarr; <strong>1637</strong><br />(-20 for losing)
|raw|ybg mihan's rating: 1653 &rarr; <strong>1673</strong><br />(+20 for winning)
|l|☆nmx123
|player|p1|
|l|☆ybg mihan
|player|p2|
|l| HBooks
