|j|☆LocalMetagross
|j|☆forgettablealex
|t:|1758941281
|gametype|singles
|player|p1|LocalMetagross|akari|1142
|player|p2|forgettablealex|102|1088
|gen|9
|tier|[Gen 9] OU
|rated|
|rule|HP Percentage Mod: HP is shown in percentages
|rule|Endless Battle Clause: Forcing endless battles is banned
|rule|Species Clause: Limit one of each Pokémon
|rule|OHKO Clause: OHKO moves are banned
|rule|Evasion Items Clause: Evasion items are banned
|rule|Evasion Moves Clause: Evasion moves are banned
|rule|Evasion Abilities Clause: Evasion abilities are banned
|rule|Sleep Moves Clause: Sleep-inducing moves are banned
|clearpoke
|poke|p1|Kyurem|
|poke|p1|Slowking-Galar, M|
|poke|p1|Great Tusk|
|poke|p1|Kingambit, F|
|poke|p1|Rillaboom, F|
|poke|p1|Tornadus-Therian, M|
|poke|p2|Gliscor, F|
|poke|p2|Grafaiai, M|
|poke|p2|Zoroark-Hisui, M|
|poke|p2|Weavile, F|
|poke|p2|Bastiodon, F|
|poke|p2|Reuniclus, M|
|teampreview
|inactive|Battle timer is ON: inactive players will automatically lose when time's up. (requested by LocalMetagross)
|
|t:|1758941297
|teamsize|p1|6
|teamsize|p2|6
|start
|switch|p1a: Kyurem|Kyurem|100/100
|switch|p2a: Grafaiai|Grafaiai, M|100/100
|-ability|p1a: Kyurem|Pressure
|turn|1
|
|t:|1758941310
|move|p2a: Grafaiai|Switcheroo|p1a: Kyurem
|-activate|p2a: Grafaiai|move: Trick|[of] p1a: Kyurem
|-item|p1a: Kyurem|Flame Orb|[from] move: Switcheroo
|-item|p2a: Grafaiai|Choice Specs|[from] move: Switcheroo
|move|p1a: Kyurem|Blizzard|p2a: Grafaiai|[miss]
|-miss|p1a: Kyurem|p2a: Grafaiai
|
|-status|p1a: Kyurem|brn|[from] item: Flame Orb
|upkeep
|turn|2
|
|t:|1758941319
|move|p1a: Kyurem|Blizzard|p2a: Grafaiai
|-damage|p2a: Grafaiai|13/100
|move|p2a: Grafaiai|Super Fang|p1a: Kyurem|[miss]
|-miss|p2a: Grafaiai|p1a: Kyurem
|
|-damage|p1a: Kyurem|94/100 brn|[from] brn
|upkeep
|turn|3
|
|t:|1758941326
|move|p1a: Kyurem|Freeze-Dry|p2a: Grafaiai
|-damage|p2a: Grafaiai|0 fnt
|faint|p2a: Grafaiai
|
|-damage|p1a: Kyurem|88/100 brn|[from] brn
|upkeep
|
|t:|1758941334
|switch|p2a: Weavile|Weavile, F|100/100
|turn|4
|
|t:|1758941346
|move|p2a: Weavile|Hyper Beam|p1a: Kyurem
|-damage|p1a: Kyurem|0 fnt
|-mustrecharge|p2a: Weavile
|faint|p1a: Kyurem
|
|upkeep
|
|t:|1758941350
|switch|p1a: Kingambit|Kingambit, F|100/100
|-activate|p1a: Kingambit|ability: Supreme Overlord
|-start|p1a: Kingambit|fallen1|[silent]
|turn|5
|
|t:|1758941355
|cant|p2a: Weavile|recharge
|move|p1a: Kingambit|Swords Dance|p1a: Kingambit
|-boost|p1a: Kingambit|atk|2
|
|upkeep
|turn|6
|
|t:|1758941362
|move|p2a: Weavile|Hyper Beam|p1a: Kingambit
|-resisted|p1a: Kingambit
|-damage|p1a: Kingambit|49/100
|-mustrecharge|p2a: Weavile
|move|p1a: Kingambit|Iron Head|p2a: Weavile
|-damage|p2a: Weavile|0 fnt
|replace|p2a: Zoroark|Zoroark-Hisui, M
|-end|p2a: Zoroark|Illusion
|faint|p2a: Zoroark
|
|-heal|p1a: Kingambit|55/100|[from] item: Leftovers
|upkeep
|
|t:|1758941372
|switch|p2a: Bastiodon|Bastiodon, F|100/100
|turn|7
|
|t:|1758941376
|move|p1a: Kingambit|Iron Head|p2a: Bastiodon
|-damage|p2a: Bastiodon|51/100
|-damage|p1a: Kingambit|38/100|[from] item: Rocky Helmet|[of] p2a: Bastiodon
|cant|p2a: Bastiodon|flinch
|
|-heal|p1a: Kingambit|44/100|[from] item: Leftovers
|upkeep
|turn|8
|
|t:|1758941398
|move|p1a: Kingambit|Kowtow Cleave|p2a: Bastiodon
|-damage|p2a: Bastiodon|0 fnt
|-damage|p1a: Kingambit|28/100|[from] item: Rocky Helmet|[of] p2a: Bastiodon
|faint|p2a: Bastiodon
|
|-heal|p1a: Kingambit|34/100|[from] item: Leftovers
|upkeep
|
|t:|1758941409
|switch|p2a: Weavile|Weavile, F|100/100
|-ability|p2a: Weavile|Pressure
|turn|9
|
|t:|1758941414
|move|p2a: Weavile|Brick Break|p1a: Kingambit
|-supereffective|p1a: Kingambit
|-damage|p1a: Kingambit|0 fnt
|faint|p1a: Kingambit
|-end|p1a: Kingambit|fallen1|[silent]
|-damage|p2a: Weavile|91/100|[from] item: Life Orb
|
|upkeep
|
|t:|1758941418
|switch|p1a: Great Tusk|Great Tusk|100/100
|turn|10
|
|t:|1758941422
|move|p2a: Weavile|Triple Axel|p1a: Great Tusk
|-supereffective|p1a: Great Tusk
|-damage|p1a: Great Tusk|86/100
|-supereffective|p1a: Great Tusk
|-damage|p1a: Great Tusk|57/100
|-supereffective|p1a: Great Tusk
|-damage|p1a: Great Tusk|16/100
|-hitcount|p1a: Great Tusk|3
|-damage|p2a: Weavile|81/100|[from] item: Life Orb
|move|p1a: Great Tusk|Earthquake|p2a: Weavile
|-damage|p2a: Weavile|4/100
|
|-heal|p1a: Great Tusk|22/100|[from] item: Leftovers
|upkeep
|turn|11
|
|t:|1758941434
|move|p2a: Weavile|Knock Off|p1a: Great Tusk
|-resisted|p1a: Great Tusk
|-damage|p1a: Great Tusk|6/100
|-enditem|p1a: Great Tusk|Leftovers|[from] move: Knock Off|[of] p2a: Weavile
|-damage|p2a: Weavile|0 fnt|[from] item: Life Orb
|faint|p2a: Weavile
|move|p1a: Great Tusk|Rapid Spin|p2: Weavile|[notarget]
|-fail|p1a: Great Tusk
|
|upkeep
|
|t:|1758941442
|switch|p2a: Gliscor|Gliscor, F, shiny|100/100
|turn|12
|
|t:|1758941450
|move|p2a: Gliscor|Swords Dance|p2a: Gliscor
|-boost|p2a: Gliscor|atk|2
|move|p1a: Great Tusk|Knock Off|p2a: Gliscor
|-damage|p2a: Gliscor|75/100
|-enditem|p2a: Gliscor|Toxic Orb|[from] move: Knock Off|[of] p1a: Great Tusk
|
|upkeep
|turn|13
|
|t:|1758941457
|move|p2a: Gliscor|Earthquake|p1a: Great Tusk
|-damage|p1a: Great Tusk|0 fnt
|faint|p1a: Great Tusk
|-end|p1a: Great Tusk|Protosynthesis|[silent]
|
|upkeep
|
|t:|1758941460
|switch|p1a: Rillaboom|Rillaboom, F|100/100
|-fieldstart|move: Grassy Terrain|[from] ability: Grassy Surge|[of] p1a: Rillaboom
|turn|14
|
|t:|1758941468
|-terastallize|p1a: Rillaboom|Grass
|move|p2a: Gliscor|Facade|p1a: Rillaboom
|-damage|p1a: Rillaboom|54/100
|move|p1a: Rillaboom|Wood Hammer|p2a: Gliscor
|-damage|p2a: Gliscor|0 fnt
|faint|p2a: Gliscor
|-damage|p1a: Rillaboom|33/100|[from] Recoil
|
|-heal|p1a: Rillaboom|39/100|[from] Grassy Terrain
|upkeep
|
|t:|1758941478
|switch|p2a: Reuniclus|Reuniclus, M|100/100
|turn|15
|
|t:|1758941482
|move|p1a: Rillaboom|Wood Hammer|p2a: Reuniclus
|-damage|p2a: Reuniclus|0 fnt
|faint|p2a: Reuniclus
|-damage|p1a: Rillaboom|4/100|[from] Recoil
|
|win|LocalMetagross
|raw|LocalMetagross's rating: 1142 &rarr; <strong>1163</strong><br />(+21 for winning)
|raw|forgettablealex's rating: 1088 &rarr; <strong>1068</strong><br />(-20 for losing)
