|j|☆prakshep
|j|☆Red Icigool
|t:|1759067243
|gametype|singles
|player|p1|prakshep|nate|1196
|player|p2|Red Icigool|swimmerf-gen4|1186
|gen|9
|tier|[Gen 9] OU
|rated|
|rule|HP Percentage Mod: HP is shown in percentages
|rule|Endless Battle Clause: Forcing endless battles is banned
|rule|Species Clause: Limit one of each Pokémon
|rule|OHKO Clause: OHKO moves are banned
|rule|Evasion Items Clause: Evasion items are banned
|rule|Evasion Moves Clause: Evasion moves are banned
|rule|Evasion Abilities Clause: Evasion abilities are banned
|rule|Sleep Moves Clause: Sleep-inducing moves are banned
|clearpoke
|poke|p1|Ribombee, M|
|poke|p1|Meowscarada, F|
|poke|p1|Sandy Shocks|
|poke|p1|Dragapult, M|
|poke|p1|Scizor, M|
|poke|p1|Iron Boulder|
|poke|p2|Forretress, M|
|poke|p2|Scizor, F|
|poke|p2|Kleavor, F|
|poke|p2|Araquanid, F|
|poke|p2|Vikavolt, M|
|poke|p2|Venomoth, M|
|teampreview
|
|t:|1759067252
|teamsize|p1|6
|teamsize|p2|6
|start
|switch|p1a: Gun|Ribombee, M|100/100
|switch|p2a: Araquanid|Araquanid, F|100/100
|turn|1
|
|t:|1759067254
|move|p1a: Gun|Sticky Web|p2a: Araquanid
|-sidestart|p2: Red Icigool|move: Sticky Web
|move|p2a: Araquanid|Liquidation|p1a: Gun
|-damage|p1a: Gun|7/100
|
|upkeep
|turn|2
|
|t:|1759067281
|move|p1a: Gun|Moonblast|p2a: Araquanid
|-damage|p2a: Araquanid|76/100
|move|p2a: Araquanid|Sticky Web|p1a: Gun
|-sidestart|p1: prakshep|move: Sticky Web
|
|upkeep
|turn|3
|
|t:|1759067287
|move|p1a: Gun|Stun Spore|p2a: Araquanid|[miss]
|-miss|p1a: Gun|p2a: Araquanid
|move|p2a: Araquanid|Leech Life|p1a: Gun
|-resisted|p1a: Gun
|-damage|p1a: Gun|0 fnt
|-heal|p2a: Araquanid|79/100|[from] drain|[of] p1a: Gun
|faint|p1a: Gun
|
|upkeep
|c|☆Red Icigool|O-o
|
|t:|1759067295
|switch|p1a: Bazooka|Sandy Shocks, shiny|100/100
|-activate|p1a: Bazooka|move: Sticky Web
|-unboost|p1a: Bazooka|spe|1
|-enditem|p1a: Bazooka|Booster Energy
|-activate|p1a: Bazooka|ability: Protosynthesis|[fromitem]
|-start|p1a: Bazooka|protosynthesisspa
|turn|4
|
|t:|1759067303
|move|p1a: Bazooka|Thunderbolt|p2a: Araquanid
|-supereffective|p2a: Araquanid
|-damage|p2a: Araquanid|6/100
|move|p2a: Araquanid|Liquidation|p1a: Bazooka
|-supereffective|p1a: Bazooka
|-damage|p1a: Bazooka|0 fnt
|faint|p1a: Bazooka
|-end|p1a: Bazooka|Protosynthesis|[silent]
|
|upkeep
|
|t:|1759067307
|switch|p1a: Missile|Scizor, M|100/100
|-activate|p1a: Missile|move: Sticky Web
|-unboost|p1a: Missile|spe|1
|turn|5
|-enditem|p2a: Araquanid|Custap Berry|[eat]
|-activate|p2a: Araquanid|item: Custap Berry|[consumed]
|
|t:|1759067312
|move|p2a: Araquanid|Liquidation|p1a: Missile
|-damage|p1a: Missile|50/100
|-unboost|p1a: Missile|def|1
|move|p1a: Missile|Swords Dance|p1a: Missile
|-boost|p1a: Missile|atk|2
|
|upkeep
|turn|6
|inactive|Battle timer is ON: inactive players will automatically lose when time's up. (requested by prakshep)
|
|t:|1759067322
|move|p1a: Missile|Bullet Punch|p2a: Araquanid
|-resisted|p2a: Araquanid
|-damage|p2a: Araquanid|0 fnt
|faint|p2a: Araquanid
|-damage|p1a: Missile|40/100|[from] item: Life Orb
|
|upkeep
|
|t:|1759067325
|switch|p2a: Forretress|Forretress, M|100/100
|-activate|p2a: Forretress|move: Sticky Web
|-unboost|p2a: Forretress|spe|1
|turn|7
|
|t:|1759067335
|move|p1a: Missile|Close Combat|p2a: Forretress
|-damage|p2a: Forretress|37/100
|-unboost|p1a: Missile|def|1
|-unboost|p1a: Missile|spd|1
|-damage|p1a: Missile|24/100|[from] item: Rocky Helmet|[of] p2a: Forretress
|-damage|p1a: Missile|14/100|[from] item: Life Orb
|move|p2a: Forretress|Rapid Spin|p1a: Missile
|-resisted|p1a: Missile
|-damage|p1a: Missile|4/100
|-boost|p2a: Forretress|spe|1
|-sideend|p2: Red Icigool|Sticky Web|[from] move: Rapid Spin|[of] p2a: Forretress
|
|upkeep
|turn|8
|c|☆Red Icigool|Lets Spin
|
|t:|1759067346
|move|p2a: Forretress|Volt Switch|p1a: Missile
|-damage|p1a: Missile|0 fnt
|faint|p1a: Missile
|
|t:|1759067353
|switch|p2a: Kleavor|Kleavor, F|100/100|[from] Volt Switch
|
|upkeep
|inactive|prakshep has 120 seconds left.
|
|t:|1759067394
|switch|p1a: Dynamite|Dragapult, M|100/100
|-activate|p1a: Dynamite|move: Sticky Web
|-fail|p1a: Dynamite|unboost|[from] ability: Clear Body|[of] p1a: Dynamite
|turn|9
|
|t:|1759067400
|move|p2a: Kleavor|Night Slash|p1a: Dynamite
|-supereffective|p1a: Dynamite
|-crit|p1a: Dynamite
|-damage|p1a: Dynamite|0 fnt
|faint|p1a: Dynamite
|
|upkeep
|
|t:|1759067406
|switch|p1a: Rpg|Meowscarada, F|100/100
|-activate|p1a: Rpg|move: Sticky Web
|-unboost|p1a: Rpg|spe|1
|turn|10
|
|t:|1759067413
|switch|p2a: Forretress|Forretress, M|37/100
|move|p1a: Rpg|Knock Off|p2a: Forretress
|-start|p1a: Rpg|typechange|Dark|[from] ability: Protean
|-damage|p2a: Forretress|4/100
|-damage|p1a: Rpg|84/100|[from] item: Rocky Helmet|[of] p2a: Forretress
|-enditem|p2a: Forretress|Rocky Helmet|[from] move: Knock Off|[of] p1a: Rpg
|-damage|p1a: Rpg|74/100|[from] item: Life Orb
|
|upkeep
|turn|11
|
|t:|1759067421
|move|p1a: Rpg|Thunder Punch|p2a: Forretress
|-damage|p2a: Forretress|0 fnt
|faint|p2a: Forretress
|-damage|p1a: Rpg|64/100|[from] item: Life Orb
|
|upkeep
|
|t:|1759067425
|switch|p2a: Venomoth|Venomoth, M|100/100
|turn|12
|
|t:|1759067429
|move|p2a: Venomoth|Quiver Dance|p2a: Venomoth
|-boost|p2a: Venomoth|spa|1
|-boost|p2a: Venomoth|spd|1
|-boost|p2a: Venomoth|spe|1
|move|p1a: Rpg|Knock Off|p2a: Venomoth
|-damage|p2a: Venomoth|0 fnt
|-enditem|p2a: Venomoth|Black Sludge|[from] move: Knock Off|[of] p1a: Rpg
|faint|p2a: Venomoth
|-damage|p1a: Rpg|54/100|[from] item: Life Orb
|
|upkeep
|
|t:|1759067436
|switch|p2a: Kleavor|Kleavor, F|100/100
|turn|13
|
|t:|1759067452
|move|p2a: Kleavor|U-turn|p1a: Rpg
|-supereffective|p1a: Rpg
|-damage|p1a: Rpg|0 fnt
|faint|p1a: Rpg
|
|t:|1759067456
|switch|p2a: Vikavolt|Vikavolt, M|100/100|[from] U-turn
|
|upkeep
|c|☆Red Icigool|that web
|c|☆Red Icigool|will be the death of u
|inactive|prakshep has 120 seconds left.
|
|t:|1759067486
|switch|p1a: Nuke|Iron Boulder|100/100
|-activate|p1a: Nuke|move: Sticky Web
|-unboost|p1a: Nuke|spe|1
|-enditem|p1a: Nuke|Booster Energy
|-activate|p1a: Nuke|ability: Quark Drive|[fromitem]
|-start|p1a: Nuke|quarkdriveatk
|turn|14
|
|t:|1759067493
|move|p1a: Nuke|Mighty Cleave|p2a: Vikavolt
|-supereffective|p2a: Vikavolt
|-damage|p2a: Vikavolt|0 fnt
|faint|p2a: Vikavolt
|
|upkeep
|
|t:|1759067496
|switch|p2a: Scizor|Scizor, F|100/100
|turn|15
|
|t:|1759067507
|-terastallize|p1a: Nuke|Fighting
|move|p1a: Nuke|Sacred Sword|p2a: Scizor
|-damage|p2a: Scizor|40/100
|move|p2a: Scizor|Knock Off|p1a: Nuke
|-resisted|p1a: Nuke
|-damage|p1a: Nuke|86/100
|
|upkeep
|turn|16
|
|t:|1759067517
|move|p2a: Scizor|Bullet Punch|p1a: Nuke
|-damage|p1a: Nuke|45/100
|move|p1a: Nuke|Sacred Sword|p2a: Scizor
|-damage|p2a: Scizor|0 fnt
|faint|p2a: Scizor
|
|upkeep
|
|t:|1759067521
|switch|p2a: Kleavor|Kleavor, F|100/100
|turn|17
|
|t:|1759067528
|-terastallize|p2a: Kleavor|Flying
|move|p2a: Kleavor|Close Combat|p1a: Nuke
|-damage|p1a: Nuke|0 fnt
|-unboost|p2a: Kleavor|def|1
|-unboost|p2a: Kleavor|spd|1
|faint|p1a: Nuke
|-end|p1a: Nuke|Quark Drive|[silent]
|
|win|Red Icigool
|raw|prakshep's rating: 1196 &rarr; <strong>1170</strong><br />(-26 for losing)
|raw|Red Icigool's rating: 1186 &rarr; <strong>1212</strong><br />(+26 for winning)
|l|☆prakshep
|player|p1|
|c|☆Red Icigool|gg
|l|☆Red Icigool
|player|p2|
