|j|☆ColdWar001
|j|☆PrimeXStriker
|t:|1759054370
|gametype|singles
|player|p1|ColdWar001|drayden|1242
|player|p2|PrimeXStriker|170|1269
|gen|9
|tier|[Gen 9] OU
|rated|
|rule|HP Percentage Mod: HP is shown in percentages
|rule|Endless Battle Clause: Forcing endless battles is banned
|rule|Species Clause: Limit one of each Pokémon
|rule|OHKO Clause: OHKO moves are banned
|rule|Evasion Items Clause: Evasion items are banned
|rule|Evasion Moves Clause: Evasion moves are banned
|rule|Evasion Abilities Clause: Evasion abilities are banned
|rule|Sleep Moves Clause: Sleep-inducing moves are banned
|clearpoke
|poke|p1|Kyurem|
|poke|p1|Conkeldurr, F|
|poke|p1|Kleavor, M|
|poke|p1|Tentacruel, F|
|poke|p1|Skeledirge, F|
|poke|p1|Raikou|
|poke|p2|Zapdos-Galar|
|poke|p2|Araquanid, F|
|poke|p2|Rillaboom, F|
|poke|p2|Glimmora, F|
|poke|p2|Weavile, M|
|poke|p2|Moltres|
|teampreview
|inactive|Battle timer is ON: inactive players will automatically lose when time's up. (requested by ColdWar001)
|
|t:|1759054383
|teamsize|p1|6
|teamsize|p2|6
|start
|switch|p1a: Kleavor|Kleavor, M|100/100
|switch|p2a: Weavile|Weavile, M|100/100
|-ability|p2a: Weavile|Pressure
|turn|1
|
|t:|1759054391
|-terastallize|p2a: Weavile|Ice
|move|p2a: Weavile|Triple Axel|p1a: Kleavor
|-damage|p1a: Kleavor|87/100
|-damage|p1a: Kleavor|61/100
|-crit|p1a: Kleavor
|-damage|p1a: Kleavor|2/100
|-hitcount|p1a: Kleavor|3
|move|p1a: Kleavor|Stone Axe|p2a: Weavile
|-supereffective|p2a: Weavile
|-damage|p2a: Weavile|0 fnt
|-sidestart|p2: PrimeXStriker|move: Stealth Rock
|faint|p2a: Weavile
|
|upkeep
|
|t:|1759054402
|switch|p2a: Glimmora|Glimmora, F|100/100
|-damage|p2a: Glimmora|88/100|[from] Stealth Rock
|turn|2
|
|t:|1759054409
|move|p2a: Glimmora|Mortal Spin|p1a: Kleavor
|-resisted|p1a: Kleavor
|-crit|p1a: Kleavor
|-damage|p1a: Kleavor|0 fnt
|-sideend|p2: PrimeXStriker|Stealth Rock|[from] move: Mortal Spin|[of] p2a: Glimmora
|faint|p1a: Kleavor
|
|upkeep
|
|t:|1759054419
|switch|p1a: Tentacruel|Tentacruel, F|100/100
|turn|3
|
|t:|1759054433
|switch|p2a: Araquanid|Araquanid, F|100/100
|move|p1a: Tentacruel|Surf|p2a: Araquanid
|-resisted|p2a: Araquanid
|-damage|p2a: Araquanid|90/100
|
|upkeep
|turn|4
|
|t:|1759054442
|switch|p1a: Raikou|Raikou|100/100
|move|p2a: Araquanid|Sticky Web|p1a: Raikou
|-sidestart|p1: ColdWar001|move: Sticky Web
|
|upkeep
|turn|5
|
|t:|1759054447
|switch|p2a: Rillaboom|Rillaboom, F|100/100
|-fieldstart|move: Grassy Terrain|[from] ability: Grassy Surge|[of] p2a: Rillaboom
|move|p1a: Raikou|Thunder Wave|p2a: Rillaboom
|-status|p2a: Rillaboom|par
|
|upkeep
|turn|6
|
|t:|1759054457
|move|p2a: Rillaboom|Grassy Glide|p1a: Raikou
|-damage|p1a: Raikou|47/100
|move|p1a: Raikou|Volt Switch|p2a: Rillaboom
|-resisted|p2a: Rillaboom
|-damage|p2a: Rillaboom|80/100 par
|
|t:|1759054465
|switch|p1a: Tentacruel|Tentacruel, F|100/100|[from] Volt Switch
|-activate|p1a: Tentacruel|move: Sticky Web
|-fail|p1a: Tentacruel|unboost|[from] ability: Clear Body|[of] p1a: Tentacruel
|
|-heal|p2a: Rillaboom|86/100 par|[from] Grassy Terrain
|upkeep
|turn|7
|
|t:|1759054472
|move|p1a: Tentacruel|Rapid Spin|p2a: Rillaboom
|-damage|p2a: Rillaboom|79/100 par
|-boost|p1a: Tentacruel|spe|1
|-sideend|p1: ColdWar001|Sticky Web|[from] move: Rapid Spin|[of] p1a: Tentacruel
|move|p2a: Rillaboom|Knock Off|p1a: Tentacruel
|-damage|p1a: Tentacruel|54/100
|-enditem|p1a: Tentacruel|Black Sludge|[from] move: Knock Off|[of] p2a: Rillaboom
|
|-heal|p1a: Tentacruel|60/100|[from] Grassy Terrain
|-heal|p2a: Rillaboom|85/100 par|[from] Grassy Terrain
|upkeep
|turn|8
|
|t:|1759054482
|switch|p2a: Araquanid|Araquanid, F|90/100
|move|p1a: Tentacruel|Sludge Wave|p2a: Araquanid
|-damage|p2a: Araquanid|66/100
|
|-heal|p1a: Tentacruel|66/100|[from] Grassy Terrain
|-heal|p2a: Araquanid|72/100|[from] Grassy Terrain
|upkeep
|turn|9
|
|t:|1759054490
|move|p1a: Tentacruel|Sludge Wave|p2a: Araquanid
|-damage|p2a: Araquanid|50/100
|move|p2a: Araquanid|Sticky Web|p1a: Tentacruel
|-sidestart|p1: ColdWar001|move: Sticky Web
|
|-heal|p1a: Tentacruel|72/100|[from] Grassy Terrain
|-heal|p2a: Araquanid|56/100|[from] Grassy Terrain
|upkeep
|turn|10
|
|t:|1759054498
|move|p1a: Tentacruel|Sludge Wave|p2a: Araquanid
|-damage|p2a: Araquanid|34/100
|move|p2a: Araquanid|Surf|p1a: Tentacruel
|-resisted|p1a: Tentacruel
|-damage|p1a: Tentacruel|50/100
|
|-heal|p1a: Tentacruel|56/100|[from] Grassy Terrain
|-heal|p2a: Araquanid|40/100|[from] Grassy Terrain
|upkeep
|turn|11
|
|t:|1759054506
|move|p2a: Araquanid|Surf|p1a: Tentacruel
|-resisted|p1a: Tentacruel
|-damage|p1a: Tentacruel|35/100
|move|p1a: Tentacruel|Mirror Coat|p2a: Araquanid
|-damage|p2a: Araquanid|0 fnt
|faint|p2a: Araquanid
|
|-heal|p1a: Tentacruel|41/100|[from] Grassy Terrain
|upkeep
|
|t:|1759054511
|switch|p2a: Rillaboom|Rillaboom, F|85/100 par
|turn|12
|
|t:|1759054516
|move|p2a: Rillaboom|Grassy Glide|p1a: Tentacruel
|-damage|p1a: Tentacruel|0 fnt
|faint|p1a: Tentacruel
|
|-heal|p2a: Rillaboom|91/100 par|[from] Grassy Terrain
|-fieldend|move: Grassy Terrain
|upkeep
|
|t:|1759054529
|switch|p1a: Conkeldurr|Conkeldurr, F|100/100
|-activate|p1a: Conkeldurr|move: Sticky Web
|-unboost|p1a: Conkeldurr|spe|1
|turn|13
|
|t:|1759054535
|switch|p2a: Moltres|Moltres|100/100
|move|p1a: Conkeldurr|Knock Off|p2a: Moltres
|-damage|p2a: Moltres|74/100
|-status|p1a: Conkeldurr|brn|[from] ability: Flame Body|[of] p2a: Moltres
|-enditem|p2a: Moltres|Heavy-Duty Boots|[from] move: Knock Off|[of] p1a: Conkeldurr
|
|-damage|p1a: Conkeldurr|94/100 brn|[from] brn
|upkeep
|turn|14
|
|t:|1759054557
|switch|p1a: Raikou|Raikou|47/100
|-activate|p1a: Raikou|move: Sticky Web
|-unboost|p1a: Raikou|spe|1
|move|p2a: Moltres|U-turn|p1a: Raikou
|-damage|p1a: Raikou|29/100
|
|t:|1759054563
|switch|p2a: Rillaboom|Rillaboom, F|91/100 par|[from] U-turn
|-fieldstart|move: Grassy Terrain|[from] ability: Grassy Surge|[of] p2a: Rillaboom
|
|-heal|p1a: Raikou|35/100|[from] Grassy Terrain
|-heal|p2a: Rillaboom|97/100 par|[from] Grassy Terrain
|upkeep
|turn|15
|
|t:|1759054576
|move|p2a: Rillaboom|Grassy Glide|p1a: Raikou
|-damage|p1a: Raikou|0 fnt
|faint|p1a: Raikou
|
|-heal|p2a: Rillaboom|100/100 par|[from] Grassy Terrain
|upkeep
|
|t:|1759054583
|switch|p1a: Conkeldurr|Conkeldurr, F|94/100 brn
|-activate|p1a: Conkeldurr|move: Sticky Web
|-unboost|p1a: Conkeldurr|spe|1
|turn|16
|
|t:|1759054588
|switch|p2a: Moltres|Moltres|74/100
|move|p1a: Conkeldurr|Drain Punch|p2a: Moltres
|-resisted|p2a: Moltres
|-damage|p2a: Moltres|65/100
|-heal|p1a: Conkeldurr|99/100 brn|[from] drain|[of] p2a: Moltres
|
|-heal|p1a: Conkeldurr|100/100 brn|[from] Grassy Terrain
|-damage|p1a: Conkeldurr|94/100 brn|[from] brn
|upkeep
|turn|17
|
|t:|1759054600
|switch|p1a: Skeledirge|Skeledirge, F|100/100
|-activate|p1a: Skeledirge|move: Sticky Web
|-unboost|p1a: Skeledirge|spe|1
|move|p2a: Moltres|U-turn|p1a: Skeledirge
|-resisted|p1a: Skeledirge
|-damage|p1a: Skeledirge|98/100
|
|t:|1759054605
|switch|p2a: Glimmora|Glimmora, F|88/100|[from] U-turn
|
|-heal|p2a: Glimmora|94/100|[from] Grassy Terrain
|-heal|p1a: Skeledirge|100/100|[from] Grassy Terrain
|upkeep
|turn|18
|
|t:|1759054612
|move|p2a: Glimmora|Meteor Beam||[still]
|-prepare|p2a: Glimmora|Meteor Beam
|-boost|p2a: Glimmora|spa|1
|-enditem|p2a: Glimmora|Power Herb
|-anim|p2a: Glimmora|Meteor Beam|p1a: Skeledirge|[miss]
|-miss|p2a: Glimmora|p1a: Skeledirge
|move|p1a: Skeledirge|Will-O-Wisp|p2a: Glimmora
|-status|p2a: Glimmora|brn
|
|-heal|p2a: Glimmora|100/100 brn|[from] Grassy Terrain
|-damage|p2a: Glimmora|94/100 brn|[from] brn
|upkeep
|turn|19
|
|t:|1759054623
|move|p2a: Glimmora|Earth Power|p1a: Skeledirge
|-supereffective|p1a: Skeledirge
|-damage|p1a: Skeledirge|59/100
|move|p1a: Skeledirge|Hex|p2a: Glimmora
|-damage|p2a: Glimmora|26/100 brn
|
|-heal|p2a: Glimmora|32/100 brn|[from] Grassy Terrain
|-heal|p1a: Skeledirge|65/100|[from] Grassy Terrain
|-heal|p1a: Skeledirge|71/100|[from] item: Leftovers
|-damage|p2a: Glimmora|26/100 brn|[from] brn
|upkeep
|turn|20
|
|t:|1759054632
|move|p2a: Glimmora|Earth Power|p1a: Skeledirge
|-supereffective|p1a: Skeledirge
|-damage|p1a: Skeledirge|25/100
|move|p1a: Skeledirge|Slack Off|p1a: Skeledirge
|-heal|p1a: Skeledirge|75/100
|
|-heal|p2a: Glimmora|32/100 brn|[from] Grassy Terrain
|-heal|p1a: Skeledirge|81/100|[from] Grassy Terrain
|-heal|p1a: Skeledirge|87/100|[from] item: Leftovers
|-damage|p2a: Glimmora|26/100 brn|[from] brn
|upkeep
|turn|21
|
|t:|1759054642
|move|p2a: Glimmora|Earth Power|p1a: Skeledirge
|-supereffective|p1a: Skeledirge
|-damage|p1a: Skeledirge|40/100
|move|p1a: Skeledirge|Slack Off|p1a: Skeledirge
|-heal|p1a: Skeledirge|90/100
|
|-heal|p2a: Glimmora|32/100 brn|[from] Grassy Terrain
|-heal|p1a: Skeledirge|96/100|[from] Grassy Terrain
|-heal|p1a: Skeledirge|100/100|[from] item: Leftovers
|-damage|p2a: Glimmora|26/100 brn|[from] brn
|-fieldend|move: Grassy Terrain
|upkeep
|turn|22
|
|t:|1759054653
|move|p2a: Glimmora|Earth Power|p1a: Skeledirge
|-supereffective|p1a: Skeledirge
|-damage|p1a: Skeledirge|59/100
|move|p1a: Skeledirge|Hex|p2a: Glimmora
|-damage|p2a: Glimmora|0 fnt
|faint|p2a: Glimmora
|
|-heal|p1a: Skeledirge|65/100|[from] item: Leftovers
|upkeep
|
|t:|1759054663
|switch|p2a: Zapdos|Zapdos-Galar|100/100
|turn|23
|
|t:|1759054665
|move|p2a: Zapdos|Knock Off|p1a: Skeledirge
|-supereffective|p1a: Skeledirge
|-damage|p1a: Skeledirge|7/100
|-enditem|p1a: Skeledirge|Leftovers|[from] move: Knock Off|[of] p2a: Zapdos
|move|p1a: Skeledirge|Will-O-Wisp|p2a: Zapdos
|-status|p2a: Zapdos|brn
|
|-damage|p2a: Zapdos|94/100 brn|[from] brn
|upkeep
|turn|24
|
|t:|1759054675
|move|p2a: Zapdos|Knock Off|p1a: Skeledirge
|-supereffective|p1a: Skeledirge
|-damage|p1a: Skeledirge|0 fnt
|faint|p1a: Skeledirge
|
|-heal|p2a: Zapdos|100/100 brn|[from] item: Leftovers
|-damage|p2a: Zapdos|94/100 brn|[from] brn
|upkeep
|
|t:|1759054682
|switch|p1a: Conkeldurr|Conkeldurr, F|94/100 brn
|-activate|p1a: Conkeldurr|move: Sticky Web
|-unboost|p1a: Conkeldurr|spe|1
|turn|25
|
|t:|1759054688
|switch|p2a: Moltres|Moltres|65/100
|move|p1a: Conkeldurr|Knock Off|p2a: Moltres
|-damage|p2a: Moltres|55/100
|
|-damage|p1a: Conkeldurr|88/100 brn|[from] brn
|upkeep
|turn|26
|
|t:|1759054696
|move|p2a: Moltres|Roost|p2a: Moltres
|-heal|p2a: Moltres|100/100
|-singleturn|p2a: Moltres|move: Roost
|move|p1a: Conkeldurr|Ice Punch|p2a: Moltres
|-resisted|p2a: Moltres
|-crit|p2a: Moltres
|-damage|p2a: Moltres|92/100
|
|-damage|p1a: Conkeldurr|82/100 brn|[from] brn
|upkeep
|turn|27
|
|t:|1759054705
|move|p2a: Moltres|Flamethrower|p1a: Conkeldurr
|-crit|p1a: Conkeldurr
|-damage|p1a: Conkeldurr|38/100 brn
|move|p1a: Conkeldurr|Ice Punch|p2a: Moltres
|-damage|p2a: Moltres|80/100
|
|-damage|p1a: Conkeldurr|32/100 brn|[from] brn
|upkeep
|turn|28
|
|t:|1759054712
|move|p2a: Moltres|Flamethrower|p1a: Conkeldurr
|-damage|p1a: Conkeldurr|6/100 brn
|move|p1a: Conkeldurr|Ice Punch|p2a: Moltres
|-damage|p2a: Moltres|68/100
|
|-damage|p1a: Conkeldurr|0 fnt|[from] brn
|faint|p1a: Conkeldurr
|upkeep
|
|t:|1759054720
|switch|p1a: Kyurem|Kyurem|100/100
|-activate|p1a: Kyurem|move: Sticky Web
|-unboost|p1a: Kyurem|spe|1
|-ability|p1a: Kyurem|Pressure
|turn|29
|
|t:|1759054727
|move|p2a: Moltres|Will-O-Wisp|p1a: Kyurem
|-status|p1a: Kyurem|brn
|move|p1a: Kyurem|Dragon Dance|p1a: Kyurem
|-boost|p1a: Kyurem|atk|1
|-boost|p1a: Kyurem|spe|1
|
|-damage|p1a: Kyurem|94/100 brn|[from] brn
|upkeep
|turn|30
|
|t:|1759054738
|move|p1a: Kyurem|Dragon Dance|p1a: Kyurem
|-boost|p1a: Kyurem|atk|1
|-boost|p1a: Kyurem|spe|1
|move|p2a: Moltres|Flamethrower|p1a: Kyurem
|-damage|p1a: Kyurem|54/100 brn
|
|-damage|p1a: Kyurem|48/100 brn|[from] brn
|upkeep
|turn|31
|
|t:|1759054749
|move|p1a: Kyurem|Freeze-Dry|p2a: Moltres
|-damage|p2a: Moltres|32/100
|-status|p2a: Moltres|frz
|cant|p2a: Moltres|frz
|
|-damage|p1a: Kyurem|42/100 brn|[from] brn
|upkeep
|turn|32
|
|t:|1759054766
|switch|p2a: Zapdos|Zapdos-Galar|94/100 brn
|move|p1a: Kyurem|Freeze-Dry|p2a: Zapdos
|-supereffective|p2a: Zapdos
|-damage|p2a: Zapdos|22/100 brn
|
|-heal|p2a: Zapdos|28/100 brn|[from] item: Leftovers
|-damage|p1a: Kyurem|36/100 brn|[from] brn
|-damage|p2a: Zapdos|22/100 brn|[from] brn
|upkeep
|turn|33
|
|t:|1759054774
|move|p1a: Kyurem|Freeze-Dry|p2a: Zapdos
|-supereffective|p2a: Zapdos
|-damage|p2a: Zapdos|0 fnt
|faint|p2a: Zapdos
|
|-damage|p1a: Kyurem|30/100 brn|[from] brn
|upkeep
|
|t:|1759054778
|switch|p2a: Rillaboom|Rillaboom, F|100/100 par
|-fieldstart|move: Grassy Terrain|[from] ability: Grassy Surge|[of] p2a: Rillaboom
|turn|34
|
|t:|1759054783
|move|p2a: Rillaboom|Grassy Glide|p1a: Kyurem
|-resisted|p1a: Kyurem
|-damage|p1a: Kyurem|11/100 brn
|move|p1a: Kyurem|Freeze-Dry|p2a: Rillaboom
|-supereffective|p2a: Rillaboom
|-damage|p2a: Rillaboom|15/100 par
|
|-heal|p1a: Kyurem|17/100 brn|[from] Grassy Terrain
|-heal|p2a: Rillaboom|21/100 par|[from] Grassy Terrain
|-damage|p1a: Kyurem|11/100 brn|[from] brn
|upkeep
|turn|35
|
|t:|1759054794
|move|p2a: Rillaboom|Grassy Glide|p1a: Kyurem
|-resisted|p1a: Kyurem
|-damage|p1a: Kyurem|0 fnt
|faint|p1a: Kyurem
|
|win|PrimeXStriker
|raw|ColdWar001's rating: 1242 &rarr; <strong>1219</strong><br />(-23 for losing)
|raw|PrimeXStriker's rating: 1269 &rarr; <strong>1292</strong><br />(+23 for winning)
|l|☆ColdWar001
|player|p1|
