|j|☆WetWaterTypes
|j|☆ofthesenju
|t:|1759004445
|gametype|singles
|player|p1|WetWaterTypes|yellow|1338
|player|p2|ofthesenju|lucas-gen4pt|1365
|gen|9
|tier|[Gen 9] OU
|rated|
|rule|HP Percentage Mod: HP is shown in percentages
|rule|Endless Battle Clause: Forcing endless battles is banned
|rule|Species Clause: Limit one of each Pokémon
|rule|OHKO Clause: OHKO moves are banned
|rule|Evasion Items Clause: Evasion items are banned
|rule|Evasion Moves Clause: Evasion moves are banned
|rule|Evasion Abilities Clause: Evasion abilities are banned
|rule|Sleep Moves Clause: Sleep-inducing moves are banned
|clearpoke
|poke|p1|Bruxish, F|
|poke|p1|Alomomola, F|
|poke|p1|Pecharunt|
|poke|p1|Iron Treads|
|poke|p1|Meowscarada, F|
|poke|p1|Darkrai|
|poke|p2|Raging Bolt|
|poke|p2|Landorus-Therian, M|
|poke|p2|Slowking-Galar, F|
|poke|p2|Skarmory, M|
|poke|p2|Great Tusk|
|poke|p2|Ogerpon-Wellspring, F|
|teampreview
|
|t:|1759004479
|teamsize|p1|6
|teamsize|p2|6
|start
|switch|p1a: Darkrai|Darkrai|100/100
|switch|p2a: Skarmory|Skarmory, M|100/100
|turn|1
|
|t:|1759004492
|move|p1a: Darkrai|Dark Pulse|p2a: Skarmory
|-damage|p2a: Skarmory|56/100
|move|p2a: Skarmory|Spikes|p1a: Darkrai
|-sidestart|p1: WetWaterTypes|Spikes
|
|upkeep
|turn|2
|
|t:|1759004504
|move|p1a: Darkrai|Dark Pulse|p2a: Skarmory
|-damage|p2a: Skarmory|10/100
|move|p2a: Skarmory|Whirlwind|p1a: Darkrai
|drag|p1a: Iron Treads|Iron Treads|100/100
|-damage|p1a: Iron Treads|88/100|[from] Spikes
|
|-heal|p1a: Iron Treads|94/100|[from] item: Leftovers
|upkeep
|turn|3
|
|t:|1759004515
|switch|p2a: Great Tusk|Great Tusk|100/100
|move|p1a: Iron Treads|Knock Off|p2a: Great Tusk
|-resisted|p2a: Great Tusk
|-damage|p2a: Great Tusk|91/100
|-enditem|p2a: Great Tusk|Heavy-Duty Boots|[from] move: Knock Off|[of] p1a: Iron Treads
|
|-heal|p1a: Iron Treads|99/100|[from] item: Leftovers
|upkeep
|turn|4
|
|t:|1759004527
|move|p1a: Iron Treads|Rapid Spin|p2a: Great Tusk
|-damage|p2a: Great Tusk|82/100
|-boost|p1a: Iron Treads|spe|1
|-sideend|p1: WetWaterTypes|Spikes|[from] move: Rapid Spin|[of] p1a: Iron Treads
|move|p2a: Great Tusk|Headlong Rush|p1a: Iron Treads
|-supereffective|p1a: Iron Treads
|-damage|p1a: Iron Treads|8/100
|-unboost|p2a: Great Tusk|def|1
|-unboost|p2a: Great Tusk|spd|1
|
|-heal|p1a: Iron Treads|14/100|[from] item: Leftovers
|upkeep
|turn|5
|
|t:|1759004538
|-end|p2a: Great Tusk|Protosynthesis|[silent]
|switch|p2a: Skarmory|Skarmory, M|10/100
|move|p1a: Iron Treads|Stealth Rock|p2a: Skarmory
|-sidestart|p2: ofthesenju|move: Stealth Rock
|
|-heal|p1a: Iron Treads|20/100|[from] item: Leftovers
|upkeep
|turn|6
|
|t:|1759004541
|move|p1a: Iron Treads|Knock Off|p2a: Skarmory
|-damage|p2a: Skarmory|0 fnt
|-damage|p1a: Iron Treads|3/100|[from] item: Rocky Helmet|[of] p2a: Skarmory
|-enditem|p2a: Skarmory|Rocky Helmet|[from] move: Knock Off|[of] p1a: Iron Treads
|faint|p2a: Skarmory
|
|-heal|p1a: Iron Treads|9/100|[from] item: Leftovers
|upkeep
|
|t:|1759004552
|switch|p2a: Great Tusk|Great Tusk|82/100
|-damage|p2a: Great Tusk|79/100|[from] Stealth Rock
|turn|7
|
|t:|1759004557
|-end|p1a: Iron Treads|Quark Drive|[silent]
|switch|p1a: Meowscarada|Meowscarada, F|100/100
|move|p2a: Great Tusk|Rapid Spin|p1a: Meowscarada
|-damage|p1a: Meowscarada|73/100
|-boost|p2a: Great Tusk|spe|1
|-sideend|p2: ofthesenju|Stealth Rock|[from] move: Rapid Spin|[of] p2a: Great Tusk
|
|upkeep
|turn|8
|
|t:|1759004572
|switch|p1a: Pecharunt|Pecharunt|100/100
|move|p2a: Great Tusk|Ice Spinner|p1a: Pecharunt
|-damage|p1a: Pecharunt|87/100
|
|upkeep
|turn|9
|
|t:|1759004577
|move|p2a: Great Tusk|Knock Off|p1a: Pecharunt
|-supereffective|p1a: Pecharunt
|-damage|p1a: Pecharunt|57/100
|-enditem|p1a: Pecharunt|Heavy-Duty Boots|[from] move: Knock Off|[of] p2a: Great Tusk
|move|p1a: Pecharunt|Malignant Chain|p2a: Great Tusk
|-resisted|p2a: Great Tusk
|-damage|p2a: Great Tusk|53/100
|
|upkeep
|turn|10
|
|t:|1759004584
|move|p2a: Great Tusk|Headlong Rush|p1a: Pecharunt
|-supereffective|p1a: Pecharunt
|-damage|p1a: Pecharunt|0 fnt
|-unboost|p2a: Great Tusk|def|1
|-unboost|p2a: Great Tusk|spd|1
|faint|p1a: Pecharunt
|
|upkeep
|
|t:|1759004588
|switch|p1a: Darkrai|Darkrai|100/100
|turn|11
|
|t:|1759004597
|move|p1a: Darkrai|Ice Beam|p2a: Great Tusk
|-supereffective|p2a: Great Tusk
|-damage|p2a: Great Tusk|0 fnt
|faint|p2a: Great Tusk
|-end|p2a: Great Tusk|Protosynthesis|[silent]
|
|upkeep
|
|t:|1759004613
|switch|p2a: Ogerpon|Ogerpon-Wellspring, F|100/100
|turn|12
|
|t:|1759004620
|switch|p1a: Meowscarada|Meowscarada, F|73/100
|-terastallize|p2a: Ogerpon|Water
|detailschange|p2a: Ogerpon|Ogerpon-Wellspring-Tera, F, tera:Water
|-ability|p2a: Ogerpon|Embody Aspect (Wellspring)|boost
|-boost|p2a: Ogerpon|spd|1
|move|p2a: Ogerpon|Ivy Cudgel|p1a: Meowscarada|[anim] Ivy Cudgel Water
|-resisted|p1a: Meowscarada
|-damage|p1a: Meowscarada|7/100
|
|upkeep
|turn|13
|
|t:|1759004634
|move|p1a: Meowscarada|U-turn|p2a: Ogerpon
|-start|p1a: Meowscarada|typechange|Bug|[from] ability: Protean
|-damage|p2a: Ogerpon|34/100
|
|t:|1759004644
|switch|p1a: Iron Treads|Iron Treads|9/100|[from] U-turn
|move|p2a: Ogerpon|U-turn|p1a: Iron Treads
|-resisted|p1a: Iron Treads
|-damage|p1a: Iron Treads|0 fnt
|faint|p1a: Iron Treads
|-end|p1a: Iron Treads|Quark Drive|[silent]
|
|t:|1759004659
|switch|p2a: Raging Bolt|Raging Bolt|100/100|[from] U-turn
|-enditem|p2a: Raging Bolt|Booster Energy
|-activate|p2a: Raging Bolt|ability: Protosynthesis|[fromitem]
|-start|p2a: Raging Bolt|protosynthesisspa
|
|upkeep
|
|t:|1759004666
|switch|p1a: Alomomola|Alomomola, F|100/100
|turn|14
|
|t:|1759004671
|-terastallize|p1a: Alomomola|Fairy
|move|p2a: Raging Bolt|Thunderbolt|p1a: Alomomola
|-damage|p1a: Alomomola|61/100
|move|p1a: Alomomola|Mirror Coat|p2a: Raging Bolt
|-damage|p2a: Raging Bolt|0 fnt
|faint|p2a: Raging Bolt
|-end|p2a: Raging Bolt|Protosynthesis|[silent]
|
|upkeep
|
|t:|1759004678
|switch|p2a: Slowking|Slowking-Galar, F|100/100
|turn|15
|
|t:|1759004683
|move|p1a: Alomomola|Flip Turn|p2a: Slowking
|-damage|p2a: Slowking|82/100
|
|t:|1759004685
|switch|p1a: Bruxish|Bruxish, F|100/100|[from] Flip Turn
|move|p2a: Slowking|Thunder Wave|p1a: Bruxish
|-status|p1a: Bruxish|par
|
|upkeep
|turn|16
|
|t:|1759004691
|cant|p1a: Bruxish|par
|-prepare|p2a: Slowking|Chilly Reception|[premajor]
|move|p2a: Slowking|Chilly Reception|p2a: Slowking
|-weather|Snowscape
|
|t:|1759004693
|switch|p2a: Ogerpon|Ogerpon-Wellspring-Tera, F, tera:Water|34/100|[from] Chilly Reception
|-ability|p2a: Ogerpon|Embody Aspect (Wellspring)|boost
|-boost|p2a: Ogerpon|spd|1
|
|-weather|Snowscape|[upkeep]
|upkeep
|turn|17
|
|t:|1759004699
|move|p2a: Ogerpon|U-turn|p1a: Bruxish
|-supereffective|p1a: Bruxish
|-damage|p1a: Bruxish|12/100 par
|
|t:|1759004702
|switch|p2a: Slowking|Slowking-Galar, F|100/100|[from] U-turn
|move|p1a: Bruxish|Wave Crash|p2a: Slowking
|-damage|p2a: Slowking|14/100
|-damage|p1a: Bruxish|0 fnt|[from] Recoil
|faint|p1a: Bruxish
|
|-weather|Snowscape|[upkeep]
|upkeep
|
|t:|1759004709
|switch|p1a: Meowscarada|Meowscarada, F|7/100
|turn|18
|
|t:|1759004722
|switch|p2a: Landorus|Landorus-Therian, M|100/100
|-ability|p2a: Landorus|Intimidate|boost
|-unboost|p1a: Meowscarada|atk|1
|move|p1a: Meowscarada|Triple Axel|p2a: Landorus
|-start|p1a: Meowscarada|typechange|Ice|[from] ability: Protean
|-supereffective|p2a: Landorus
|-damage|p2a: Landorus|63/100
|-damage|p1a: Meowscarada|0 fnt|[from] item: Rocky Helmet|[of] p2a: Landorus
|faint|p1a: Meowscarada
|-hitcount|p2a: Landorus|1
|
|-weather|Snowscape|[upkeep]
|upkeep
|
|t:|1759004732
|switch|p1a: Darkrai|Darkrai|100/100
|turn|19
|
|t:|1759004748
|move|p1a: Darkrai|Dark Pulse|p2a: Landorus
|-damage|p2a: Landorus|13/100
|cant|p2a: Landorus|flinch
|
|-weather|Snowscape|[upkeep]
|upkeep
|turn|20
|
|t:|1759004752
|move|p1a: Darkrai|Dark Pulse|p2a: Landorus
|-damage|p2a: Landorus|0 fnt
|faint|p2a: Landorus
|
|-weather|none
|upkeep
|c|☆ofthesenju|k
|
|t:|1759004758
|switch|p2a: Slowking|Slowking-Galar, F|47/100
|turn|21
|
|t:|1759004761
|move|p1a: Darkrai|Dark Pulse|p2a: Slowking
|-supereffective|p2a: Slowking
|-damage|p2a: Slowking|0 fnt
|faint|p2a: Slowking
|
|upkeep
|
|t:|1759004764
|switch|p2a: Ogerpon|Ogerpon-Wellspring-Tera, F, tera:Water|34/100
|-ability|p2a: Ogerpon|Embody Aspect (Wellspring)|boost
|-boost|p2a: Ogerpon|spd|1
|turn|22
|
|t:|1759004767
|move|p1a: Darkrai|Dark Pulse|p2a: Ogerpon
|-damage|p2a: Ogerpon|0 fnt
|faint|p2a: Ogerpon
|detailschange|p2: Ogerpon|Ogerpon-Wellspring, F|[silent]
|
|win|WetWaterTypes
|raw|WetWaterTypes's rating: 1338 &rarr; <strong>1360</strong><br />(+22 for winning)
|raw|ofthesenju's rating: 1365 &rarr; <strong>1343</strong><br />(-22 for losing)
|l|☆ofthesenju
|player|p2|
|l|☆WetWaterTypes
|player|p1|
