|j|☆Voltaris33
|j|☆Chilumi
|t:|1758947058
|gametype|singles
|player|p1|Voltaris33|unknown|1445
|player|p2|Chilumi|guitarist|1458
|gen|9
|tier|[Gen 9] OU
|rated|
|rule|HP Percentage Mod: HP is shown in percentages
|rule|Endless Battle Clause: Forcing endless battles is banned
|rule|Species Clause: Limit one of each Pokémon
|rule|OHKO Clause: OHKO moves are banned
|rule|Evasion Items Clause: Evasion items are banned
|rule|Evasion Moves Clause: Evasion moves are banned
|rule|Evasion Abilities Clause: Evasion abilities are banned
|rule|Sleep Moves Clause: Sleep-inducing moves are banned
|clearpoke
|poke|p1|Garchomp, M|
|poke|p1|Moltres-Galar|
|poke|p1|Tyranitar, M|
|poke|p1|Noivern, F|
|poke|p1|Ceruledge, M|
|poke|p1|Zapdos|
|poke|p2|Alomomola, M|
|poke|p2|Moltres|
|poke|p2|Fezandipiti, M|
|poke|p2|Dragapult, F|
|poke|p2|Weavile, F|
|poke|p2|Kingambit, M|
|teampreview
|inactive|Battle timer is ON: inactive players will automatically lose when time's up. (requested by Voltaris33)
|inactive|Chilumi has 120 seconds left.
|
|t:|1758947095
|teamsize|p1|6
|teamsize|p2|6
|start
|switch|p1a: Zapdos|Zapdos|100/100
|switch|p2a: Dragapult|Dragapult, F|100/100
|turn|1
|
|t:|1758947105
|switch|p2a: Fezandipiti|Fezandipiti, M|100/100
|move|p1a: Zapdos|Thunder Wave|p2a: Fezandipiti
|-status|p2a: Fezandipiti|par
|
|upkeep
|turn|2
|
|t:|1758947110
|move|p1a: Zapdos|Volt Switch|p2a: Fezandipiti
|-damage|p2a: Fezandipiti|72/100 par
|
|t:|1758947118
|switch|p1a: Tyranitar|Tyranitar, M|100/100|[from] Volt Switch
|-weather|Sandstorm|[from] ability: Sand Stream|[of] p1a: Tyranitar
|cant|p2a: Fezandipiti|par
|
|-weather|Sandstorm|[upkeep]
|-damage|p2a: Fezandipiti|66/100 par|[from] Sandstorm
|upkeep
|turn|3
|
|t:|1758947123
|switch|p2a: Alomomola|Alomomola, M|100/100
|move|p1a: Tyranitar|Earthquake|p2a: Alomomola
|-damage|p2a: Alomomola|73/100
|-damage|p1a: Tyranitar|91/100|[from] item: Life Orb
|
|-weather|Sandstorm|[upkeep]
|-damage|p2a: Alomomola|67/100|[from] Sandstorm
|upkeep
|turn|4
|
|t:|1758947152
|move|p1a: Tyranitar|Knock Off|p2a: Alomomola
|-damage|p2a: Alomomola|28/100
|-enditem|p2a: Alomomola|Heavy-Duty Boots|[from] move: Knock Off|[of] p1a: Tyranitar
|-damage|p1a: Tyranitar|81/100|[from] item: Life Orb
|move|p2a: Alomomola|Flip Turn|p1a: Tyranitar
|-supereffective|p1a: Tyranitar
|-damage|p1a: Tyranitar|48/100
|
|t:|1758947166
|switch|p2a: Weavile|Weavile, F|100/100|[from] Flip Turn
|-ability|p2a: Weavile|Pressure
|
|-weather|Sandstorm|[upkeep]
|-damage|p2a: Weavile|94/100|[from] Sandstorm
|upkeep
|turn|5
|
|t:|1758947174
|switch|p1a: Zapdos|Zapdos|100/100
|move|p2a: Weavile|Triple Axel|p1a: Zapdos
|-supereffective|p1a: Zapdos
|-damage|p1a: Zapdos|74/100
|-supereffective|p1a: Zapdos
|-damage|p1a: Zapdos|28/100
|-supereffective|p1a: Zapdos
|-damage|p1a: Zapdos|0 fnt
|faint|p1a: Zapdos
|-hitcount|p1: Zapdos|3
|
|-weather|Sandstorm|[upkeep]
|-damage|p2a: Weavile|88/100|[from] Sandstorm
|upkeep
|
|t:|1758947178
|switch|p1a: Ceruledge|Ceruledge, M|100/100
|turn|6
|
|t:|1758947189
|switch|p2a: Alomomola|Alomomola, M|61/100
|move|p1a: Ceruledge|Bitter Blade|p2a: Alomomola
|-resisted|p2a: Alomomola
|-damage|p2a: Alomomola|50/100
|
|-weather|none
|upkeep
|turn|7
|
|t:|1758947197
|move|p1a: Ceruledge|Swords Dance|p1a: Ceruledge
|-boost|p1a: Ceruledge|atk|2
|move|p2a: Alomomola|Scald|p1a: Ceruledge
|-supereffective|p1a: Ceruledge
|-damage|p1a: Ceruledge|70/100
|
|upkeep
|turn|8
|
|t:|1758947217
|move|p1a: Ceruledge|Swords Dance|p1a: Ceruledge
|-boost|p1a: Ceruledge|atk|2
|move|p2a: Alomomola|Flip Turn|p1a: Ceruledge
|-supereffective|p1a: Ceruledge
|-damage|p1a: Ceruledge|24/100
|-ability|p1a: Ceruledge|Weak Armor|boost
|-unboost|p1a: Ceruledge|def|1
|-boost|p1a: Ceruledge|spe|2
|
|t:|1758947231
|switch|p2a: Dragapult|Dragapult, F|100/100|[from] Flip Turn
|
|upkeep
|turn|9
|
|t:|1758947242
|-terastallize|p2a: Dragapult|Fairy
|move|p1a: Ceruledge|Dragon Claw|p2a: Dragapult
|-immune|p2a: Dragapult
|move|p2a: Dragapult|Hex|p1a: Ceruledge
|-supereffective|p1a: Ceruledge
|-damage|p1a: Ceruledge|0 fnt
|faint|p1a: Ceruledge
|
|upkeep
|
|t:|1758947248
|switch|p1a: Moltres|Moltres-Galar|100/100
|turn|10
|
|t:|1758947251
|move|p2a: Dragapult|Thunder Wave|p1a: Moltres|[miss]
|-miss|p2a: Dragapult|p1a: Moltres
|move|p1a: Moltres|Agility|p1a: Moltres
|-boost|p1a: Moltres|spe|2
|
|upkeep
|turn|11
|
|t:|1758947256
|move|p1a: Moltres|Agility|p1a: Moltres
|-boost|p1a: Moltres|spe|2
|move|p2a: Dragapult|Thunder Wave|p1a: Moltres|[miss]
|-miss|p2a: Dragapult|p1a: Moltres
|
|upkeep
|turn|12
|
|t:|1758947267
|-terastallize|p1a: Moltres|Stellar
|move|p1a: Moltres|Tera Blast|p2a: Dragapult|[anim] Tera Blast Stellar
|-supereffective|p2a: Dragapult
|-damage|p2a: Dragapult|0 fnt
|-unboost|p1a: Moltres|atk|1
|-unboost|p1a: Moltres|spa|1
|faint|p2a: Dragapult
|
|upkeep
|c|☆Chilumi|Bro u just haxxed every turn
|c|☆Chilumi|wtf
|
|t:|1758947294
|switch|p2a: Moltres|Moltres|100/100
|turn|13
|
|t:|1758947304
|move|p1a: Moltres|Nasty Plot|p1a: Moltres
|-boost|p1a: Moltres|spa|2
|move|p2a: Moltres|Will-O-Wisp|p1a: Moltres|[miss]
|-miss|p2a: Moltres|p1a: Moltres
|
|upkeep
|turn|14
|-message|Chilumi forfeited.
|
|win|Voltaris33
|raw|Voltaris33's rating: 1445 &rarr; <strong>1466</strong><br />(+21 for winning)
|raw|Chilumi's rating: 1458 &rarr; <strong>1437</strong><br />(-21 for losing)
|l|☆Chilumi
|player|p2|
|l|☆Voltaris33
|player|p1|
