|badge|p1|bronze|gen9ou|100-6
|html|<div class="broadcast-red"><strong>This battle is required to be public due to one or more player having a season medal.</strong><br />During the public phase, you can discuss the state of the ladder <a href="/seasondiscussion">in a special chatroom.</a></div>
|uhtml|medal-msg|<div class="broadcast-blue">Curious what those medals under the avatar are? PS now has Ladder Seasons! For more information, check out the <a href="https://www.smogon.com/forums/threads/3740067/">thread on Smogon.</a></div>
|badge|p2|silver|gen9ou|30-6
|uhtml|medal-msg|<div class="broadcast-blue">Curious what those medals under the avatar are? PS now has Ladder Seasons! For more information, check out the <a href="https://www.smogon.com/forums/threads/3740067/">thread on Smogon.</a></div>
|raw|<div class="broadcast-blue"><strong>This battle is required to be public due to a player having a name starting with 'medal'.</div>
|j|☆healorant
|j|☆send it to me
|t:|1759050698
|gametype|singles
|player|p1|healorant|alder|1885
|player|p2|send it to me|pokemonrangerf-gen4|1986
|gen|9
|tier|[Gen 9] OU
|rated|
|rule|HP Percentage Mod: HP is shown in percentages
|rule|Endless Battle Clause: Forcing endless battles is banned
|rule|Species Clause: Limit one of each Pokémon
|rule|OHKO Clause: OHKO moves are banned
|rule|Evasion Items Clause: Evasion items are banned
|rule|Evasion Moves Clause: Evasion moves are banned
|rule|Evasion Abilities Clause: Evasion abilities are banned
|rule|Sleep Moves Clause: Sleep-inducing moves are banned
|clearpoke
|poke|p1|Moltres|
|poke|p1|Samurott-Hisui, M|
|poke|p1|Kingambit, M|
|poke|p1|Great Tusk|
|poke|p1|Dragonite, M|
|poke|p1|Alomomola, M|
|poke|p2|Heatran, M|
|poke|p2|Zamazenta-*|
|poke|p2|Primarina, F|
|poke|p2|Great Tusk|
|poke|p2|Dragonite, M|
|poke|p2|Kingambit, M|
|teampreview
|j| catarina valentine
|j| LT121GU 300
|
|t:|1759050720
|teamsize|p1|6
|teamsize|p2|6
|start
|switch|p1a: Samurott|Samurott-Hisui, M|100/100
|switch|p2a: Heatran|Heatran, M|100/100
|turn|1
|j| roodles
|
|t:|1759050724
|switch|p2a: Primarina|Primarina, F|100/100
|move|p1a: Samurott|Razor Shell|p2a: Primarina
|-resisted|p2a: Primarina
|-damage|p2a: Primarina|75/100
|-unboost|p2a: Primarina|def|1
|
|-heal|p2a: Primarina|82/100|[from] item: Leftovers
|upkeep
|turn|2
|
|t:|1759050730
|switch|p1a: Alomomola|Alomomola, M|100/100
|move|p2a: Primarina|Draining Kiss|p1a: Alomomola
|-damage|p1a: Alomomola|88/100
|-heal|p2a: Primarina|94/100|[from] drain|[of] p1a: Alomomola
|
|-heal|p2a: Primarina|99/100|[from] item: Leftovers
|upkeep
|turn|3
|
|t:|1759050735
|move|p2a: Primarina|Substitute|p2a: Primarina
|-start|p2a: Primarina|Substitute
|-damage|p2a: Primarina|75/100
|move|p1a: Alomomola|Body Slam|p2a: Primarina
|-activate|p2a: Primarina|move: Substitute|[damage]
|
|-heal|p2a: Primarina|81/100|[from] item: Leftovers
|upkeep
|turn|4
|inactive|Battle timer is ON: inactive players will automatically lose when time's up. (requested by healorant)
|
|t:|1759050739
|move|p2a: Primarina|Calm Mind|p2a: Primarina
|-boost|p2a: Primarina|spa|1
|-boost|p2a: Primarina|spd|1
|move|p1a: Alomomola|Flip Turn|p2a: Primarina
|-resisted|p2a: Primarina
|-end|p2a: Primarina|Substitute
|
|t:|1759050745
|switch|p1a: Kingambit|Kingambit, M|100/100|[from] Flip Turn
|
|-heal|p2a: Primarina|87/100|[from] item: Leftovers
|upkeep
|turn|5
|l| catarina valentine
|
|t:|1759050750
|switch|p2a: Heatran|Heatran, M|100/100
|move|p1a: Kingambit|Iron Head|p2a: Heatran
|-resisted|p2a: Heatran
|-damage|p2a: Heatran|88/100
|
|upkeep
|turn|6
|
|t:|1759050755
|-end|p1a: Kingambit|fallenundefined|[silent]
|switch|p1a: Alomomola|Alomomola, M|100/100
|move|p2a: Heatran|Stealth Rock|p1a: Alomomola
|-sidestart|p1: healorant|move: Stealth Rock
|
|upkeep
|turn|7
|
|t:|1759050759
|move|p2a: Heatran|Lava Plume|p1a: Alomomola
|-resisted|p1a: Alomomola
|-damage|p1a: Alomomola|87/100
|-status|p1a: Alomomola|brn
|move|p1a: Alomomola|Scald|p2a: Heatran
|-supereffective|p2a: Heatran
|-damage|p2a: Heatran|62/100
|
|-damage|p1a: Alomomola|81/100 brn|[from] brn
|upkeep
|turn|8
|
|t:|1759050768
|switch|p2a: Primarina|Primarina, F|87/100
|move|p1a: Alomomola|Flip Turn|p2a: Primarina
|-resisted|p2a: Primarina
|-damage|p2a: Primarina|83/100
|j| catarina valentine
|
|t:|1759050771
|switch|p1a: Kingambit|Kingambit, M|100/100|[from] Flip Turn
|-damage|p1a: Kingambit|94/100|[from] Stealth Rock
|
|-heal|p1a: Kingambit|100/100|[from] item: Leftovers
|-heal|p2a: Primarina|90/100|[from] item: Leftovers
|upkeep
|turn|9
|
|t:|1759050776
|-end|p1a: Kingambit|fallenundefined|[silent]
|switch|p1a: Great Tusk|Great Tusk|100/100
|switch|p2a: Zamazenta|Zamazenta|100/100
|-ability|p2a: Zamazenta|Dauntless Shield|boost
|-boost|p2a: Zamazenta|def|1
|
|upkeep
|turn|10
|
|t:|1759050779
|move|p2a: Zamazenta|Close Combat|p1a: Great Tusk
|-damage|p1a: Great Tusk|62/100
|-unboost|p2a: Zamazenta|def|1
|-unboost|p2a: Zamazenta|spd|1
|-enditem|p2a: Zamazenta|Eject Pack
|
|t:|1759050780
|switch|p2a: Primarina|Primarina, F|90/100
|move|p1a: Great Tusk|Stealth Rock|p2a: Primarina
|-sidestart|p2: send it to me|move: Stealth Rock
|
|-heal|p2a: Primarina|96/100|[from] item: Leftovers
|upkeep
|turn|11
|
|t:|1759050790
|move|p1a: Great Tusk|Headlong Rush|p2a: Primarina
|-damage|p2a: Primarina|41/100
|-unboost|p1a: Great Tusk|def|1
|-unboost|p1a: Great Tusk|spd|1
|move|p2a: Primarina|Psychic Noise|p1a: Great Tusk
|-supereffective|p1a: Great Tusk
|-damage|p1a: Great Tusk|0 fnt
|faint|p1a: Great Tusk
|-end|p1a: Great Tusk|Protosynthesis|[silent]
|
|-heal|p2a: Primarina|47/100|[from] item: Leftovers
|upkeep
|
|t:|1759050799
|switch|p1a: Kingambit|Kingambit, M|100/100
|-damage|p1a: Kingambit|94/100|[from] Stealth Rock
|-activate|p1a: Kingambit|ability: Supreme Overlord
|-start|p1a: Kingambit|fallen1|[silent]
|turn|12
|
|t:|1759050803
|switch|p2a: Heatran|Heatran, M|62/100
|-damage|p2a: Heatran|50/100|[from] Stealth Rock
|move|p1a: Kingambit|Iron Head|p2a: Heatran
|-resisted|p2a: Heatran
|-damage|p2a: Heatran|38/100
|
|-heal|p1a: Kingambit|100/100|[from] item: Leftovers
|upkeep
|turn|13
|
|t:|1759050809
|switch|p2a: Great Tusk|Great Tusk|100/100
|-damage|p2a: Great Tusk|98/100|[from] Stealth Rock
|-end|p1a: Kingambit|fallen1|[silent]
|switch|p1a: Moltres|Moltres|100/100
|
|upkeep
|turn|14
|
|t:|1759050818
|-end|p2a: Great Tusk|Protosynthesis|[silent]
|switch|p2a: Heatran|Heatran, M|38/100
|-damage|p2a: Heatran|26/100|[from] Stealth Rock
|move|p1a: Moltres|Hurricane|p2a: Heatran
|-resisted|p2a: Heatran
|-damage|p2a: Heatran|0 fnt
|faint|p2a: Heatran
|
|upkeep
|
|t:|1759050826
|switch|p2a: Zamazenta|Zamazenta|100/100
|-damage|p2a: Zamazenta|94/100|[from] Stealth Rock
|turn|15
|
|t:|1759050836
|switch|p1a: Alomomola|Alomomola, M|100/100 brn
|-damage|p1a: Alomomola|88/100 brn|[from] Stealth Rock
|move|p2a: Zamazenta|Stone Edge|p1a: Alomomola
|-crit|p1a: Alomomola
|-damage|p1a: Alomomola|56/100 brn
|
|-damage|p1a: Alomomola|50/100 brn|[from] brn
|upkeep
|turn|16
|
|t:|1759050854
|move|p2a: Zamazenta|Crunch|p1a: Alomomola
|-damage|p1a: Alomomola|32/100 brn
|move|p1a: Alomomola|Flip Turn|p2a: Zamazenta
|-damage|p2a: Zamazenta|87/100
|
|t:|1759050869
|switch|p1a: Samurott|Samurott-Hisui, M|100/100|[from] Flip Turn
|-damage|p1a: Samurott|88/100|[from] Stealth Rock
|
|upkeep
|turn|17
|
|t:|1759050874
|move|p1a: Samurott|Flip Turn|p2a: Zamazenta
|-damage|p2a: Zamazenta|64/100
|j| wgw2333
|
|t:|1759050878
|switch|p1a: Moltres|Moltres|100/100|[from] Flip Turn
|move|p2a: Zamazenta|Stone Edge|p1a: Moltres
|-supereffective|p1a: Moltres
|-crit|p1a: Moltres
|-damage|p1a: Moltres|0 fnt
|faint|p1a: Moltres
|
|upkeep
|
|t:|1759050890
|switch|p1a: Alomomola|Alomomola, M|66/100 brn
|-damage|p1a: Alomomola|53/100 brn|[from] Stealth Rock
|turn|18
|
|t:|1759050897
|move|p2a: Zamazenta|Crunch|p1a: Alomomola
|-damage|p1a: Alomomola|36/100 brn
|move|p1a: Alomomola|Scald|p2a: Zamazenta
|-damage|p2a: Zamazenta|51/100
|-status|p2a: Zamazenta|brn
|
|-damage|p2a: Zamazenta|45/100 brn|[from] brn
|-damage|p1a: Alomomola|30/100 brn|[from] brn
|upkeep
|turn|19
|j| heatraniac
|
|t:|1759050900
|move|p2a: Zamazenta|Close Combat|p1a: Alomomola
|-damage|p1a: Alomomola|11/100 brn
|-unboost|p2a: Zamazenta|def|1
|-unboost|p2a: Zamazenta|spd|1
|move|p1a: Alomomola|Flip Turn|p2a: Zamazenta
|-damage|p2a: Zamazenta|34/100 brn
|
|t:|1759050903
|switch|p1a: Samurott|Samurott-Hisui, M|88/100|[from] Flip Turn
|-damage|p1a: Samurott|76/100|[from] Stealth Rock
|
|-damage|p2a: Zamazenta|28/100 brn|[from] brn
|upkeep
|turn|20
|
|t:|1759050913
|move|p1a: Samurott|Ceaseless Edge|p2a: Zamazenta
|-resisted|p2a: Zamazenta
|-damage|p2a: Zamazenta|0 fnt
|-sidestart|p2: send it to me|Spikes
|faint|p2a: Zamazenta
|
|upkeep
|
|t:|1759050916
|switch|p2a: Great Tusk|Great Tusk|98/100
|-damage|p2a: Great Tusk|95/100|[from] Stealth Rock
|-damage|p2a: Great Tusk|82/100|[from] Spikes
|turn|21
|
|t:|1759050919
|switch|p1a: Alomomola|Alomomola, M|44/100 brn
|-damage|p1a: Alomomola|32/100 brn|[from] Stealth Rock
|move|p2a: Great Tusk|Rapid Spin|p1a: Alomomola
|-damage|p1a: Alomomola|20/100 brn
|-boost|p2a: Great Tusk|spe|1
|-sideend|p2: send it to me|Spikes|[from] move: Rapid Spin|[of] p2a: Great Tusk
|-sideend|p2: send it to me|Stealth Rock|[from] move: Rapid Spin|[of] p2a: Great Tusk
|
|-damage|p1a: Alomomola|14/100 brn|[from] brn
|upkeep
|turn|22
|
|t:|1759050925
|move|p2a: Great Tusk|Headlong Rush|p1a: Alomomola
|-damage|p1a: Alomomola|0 fnt
|-unboost|p2a: Great Tusk|def|1
|-unboost|p2a: Great Tusk|spd|1
|faint|p1a: Alomomola
|
|upkeep
|j| cynasaurus
|l| cynasaurus
|
|t:|1759050932
|switch|p1a: Dragonite|Dragonite, M|100/100
|turn|23
|
|t:|1759050935
|move|p2a: Great Tusk|Ice Spinner|p1a: Dragonite
|-supereffective|p1a: Dragonite
|-damage|p1a: Dragonite|46/100
|move|p1a: Dragonite|Earthquake|p2a: Great Tusk
|-damage|p2a: Great Tusk|42/100
|
|upkeep
|turn|24
|
|t:|1759050941
|move|p1a: Dragonite|Extreme Speed|p2a: Great Tusk
|-damage|p2a: Great Tusk|7/100
|move|p2a: Great Tusk|Ice Spinner|p1a: Dragonite
|-supereffective|p1a: Dragonite
|-damage|p1a: Dragonite|0 fnt
|faint|p1a: Dragonite
|
|upkeep
|j| Pepepeponez
|
|t:|1759050944
|switch|p1a: Kingambit|Kingambit, M|100/100
|-damage|p1a: Kingambit|94/100|[from] Stealth Rock
|-activate|p1a: Kingambit|ability: Supreme Overlord
|-start|p1a: Kingambit|fallen4|[silent]
|turn|25
|
|t:|1759050949
|move|p1a: Kingambit|Sucker Punch|p2a: Great Tusk
|-resisted|p2a: Great Tusk
|-damage|p2a: Great Tusk|0 fnt
|faint|p2a: Great Tusk
|-end|p2a: Great Tusk|Protosynthesis|[silent]
|
|-heal|p1a: Kingambit|100/100|[from] item: Leftovers
|upkeep
|
|t:|1759050953
|switch|p2a: Dragonite|Dragonite, M|100/100
|turn|26
|
|t:|1759050958
|-terastallize|p2a: Dragonite|Ground
|-terastallize|p1a: Kingambit|Ghost
|move|p2a: Dragonite|Earthquake|p1a: Kingambit
|-damage|p1a: Kingambit|56/100
|move|p1a: Kingambit|Swords Dance|p1a: Kingambit
|-boost|p1a: Kingambit|atk|2
|
|-heal|p1a: Kingambit|62/100|[from] item: Leftovers
|upkeep
|turn|27
|
|t:|1759050986
|move|p1a: Kingambit|Kowtow Cleave|p2a: Dragonite
|-damage|p2a: Dragonite|27/100
|move|p2a: Dragonite|Dragon Tail|p1a: Kingambit
|-damage|p1a: Kingambit|33/100
|-end|p1a: Kingambit|fallen4|[silent]
|drag|p1a: Samurott|Samurott-Hisui, M|76/100
|-damage|p1a: Samurott|63/100|[from] Stealth Rock
|
|-heal|p2a: Dragonite|33/100|[from] item: Leftovers
|upkeep
|turn|28
|
|t:|1759050995
|move|p2a: Dragonite|Extreme Speed|p1a: Samurott
|-damage|p1a: Samurott|28/100
|move|p1a: Samurott|Razor Shell|p2a: Dragonite
|-supereffective|p2a: Dragonite
|-damage|p2a: Dragonite|0 fnt
|faint|p2a: Dragonite
|
|upkeep
|
|t:|1759051001
|switch|p2a: Primarina|Primarina, F|47/100
|turn|29
|
|t:|1759051004
|move|p1a: Samurott|Razor Shell|p2a: Primarina
|-resisted|p2a: Primarina
|-damage|p2a: Primarina|25/100
|move|p2a: Primarina|Draining Kiss|p1a: Samurott
|-supereffective|p1a: Samurott
|-damage|p1a: Samurott|0 fnt
|-heal|p2a: Primarina|43/100|[from] drain|[of] p1a: Samurott
|faint|p1a: Samurott
|
|-heal|p2a: Primarina|49/100|[from] item: Leftovers
|upkeep
|
|t:|1759051007
|switch|p1a: Kingambit|Kingambit, M, tera:Ghost|33/100
|-damage|p1a: Kingambit|21/100|[from] Stealth Rock
|-activate|p1a: Kingambit|ability: Supreme Overlord
|-start|p1a: Kingambit|fallen5|[silent]
|turn|30
|
|t:|1759051009
|move|p1a: Kingambit|Swords Dance|p1a: Kingambit
|-boost|p1a: Kingambit|atk|2
|move|p2a: Primarina|Psychic Noise|p1a: Kingambit
|-damage|p1a: Kingambit|0 fnt
|faint|p1a: Kingambit
|-end|p1a: Kingambit|fallen5|[silent]
|
|win|send it to me
|raw|healorant's rating: 1885 &rarr; <strong>1871</strong><br />(-14 for losing)
|raw|send it to me's rating: 1986 &rarr; <strong>2000</strong><br />(+14 for winning)
|c|☆healorant|gg
|l|☆healorant
|player|p1|
|c|☆send it to me|gg
|l| catarina valentine
|l| roodles
|l|☆send it to me
|player|p2|
|l| Pepepeponez
|l| heatraniac
|l| LT121GU 300
|j| locked in bro
