|j|☆acavemana
|j|☆harc
|t:|1759035996
|gametype|singles
|player|p1|acavemana|102|1192
|player|p2|harc|ninjaboy|1166
|gen|9
|tier|[Gen 9] OU
|rated|
|rule|HP Percentage Mod: HP is shown in percentages
|rule|Endless Battle Clause: Forcing endless battles is banned
|rule|Species Clause: Limit one of each Pokémon
|rule|OHKO Clause: OHKO moves are banned
|rule|Evasion Items Clause: Evasion items are banned
|rule|Evasion Moves Clause: Evasion moves are banned
|rule|Evasion Abilities Clause: Evasion abilities are banned
|rule|Sleep Moves Clause: Sleep-inducing moves are banned
|clearpoke
|poke|p1|Swampert, F|
|poke|p1|Darkrai|
|poke|p1|Quagsire, M|
|poke|p1|Haunter, F|
|poke|p1|Incineroar, F|
|poke|p1|Umbreon, F|
|poke|p2|Corviknight, M|
|poke|p2|Clefable, F|
|poke|p2|Tyranitar, M|
|poke|p2|Hippowdon, F|
|poke|p2|Excadrill, F|
|poke|p2|Reuniclus, M|
|teampreview
|
|t:|1759036010
|teamsize|p1|6
|teamsize|p2|6
|start
|switch|p1a: Incineroar|Incineroar, F|100/100
|switch|p2a: Hippowdon|Hippowdon, F|100/100
|-ability|p1a: Incineroar|Intimidate|boost
|-unboost|p2a: Hippowdon|atk|1
|-weather|Sandstorm|[from] ability: Sand Stream|[of] p2a: Hippowdon
|turn|1
|
|t:|1759036019
|move|p1a: Incineroar|Fake Out|p2a: Hippowdon
|-damage|p2a: Hippowdon|93/100
|cant|p2a: Hippowdon|flinch
|
|-weather|Sandstorm|[upkeep]
|-damage|p1a: Incineroar|94/100|[from] Sandstorm
|upkeep
|turn|2
|
|t:|1759036031
|switch|p1a: Swampert|Swampert, F|100/100
|move|p2a: Hippowdon|Stealth Rock|p1a: Swampert
|-sidestart|p1: acavemana|move: Stealth Rock
|
|-weather|Sandstorm|[upkeep]
|upkeep
|turn|3
|
|t:|1759036043
|move|p1a: Swampert|Stealth Rock|p2a: Hippowdon
|-sidestart|p2: harc|move: Stealth Rock
|move|p2a: Hippowdon|Earthquake|p1a: Swampert
|-damage|p1a: Swampert|76/100
|
|-weather|Sandstorm|[upkeep]
|-heal|p1a: Swampert|82/100|[from] item: Leftovers
|upkeep
|turn|4
|
|t:|1759036069
|switch|p2a: Corviknight|Corviknight, M|100/100
|-damage|p2a: Corviknight|88/100|[from] Stealth Rock
|move|p1a: Swampert|Flip Turn|p2a: Corviknight
|-damage|p2a: Corviknight|63/100
|
|t:|1759036083
|switch|p1a: Incineroar|Incineroar, F|94/100|[from] Flip Turn
|-damage|p1a: Incineroar|70/100|[from] Stealth Rock
|-ability|p1a: Incineroar|Intimidate|boost
|-ability|p2a: Corviknight|Mirror Armor
|-unboost|p1a: Incineroar|atk|1
|
|-weather|Sandstorm|[upkeep]
|-damage|p1a: Incineroar|63/100|[from] Sandstorm
|upkeep
|turn|5
|
|t:|1759036095
|move|p1a: Incineroar|Fake Out|p2a: Corviknight
|-resisted|p2a: Corviknight
|-damage|p2a: Corviknight|59/100
|cant|p2a: Corviknight|flinch
|
|-weather|Sandstorm|[upkeep]
|-damage|p1a: Incineroar|57/100|[from] Sandstorm
|upkeep
|turn|6
|
|t:|1759036104
|move|p2a: Corviknight|Roost|p2a: Corviknight
|-heal|p2a: Corviknight|100/100
|-singleturn|p2a: Corviknight|move: Roost
|move|p1a: Incineroar|Fire Punch|p2a: Corviknight
|-supereffective|p2a: Corviknight
|-damage|p2a: Corviknight|55/100
|-enditem|p2a: Corviknight|Weakness Policy
|-boost|p2a: Corviknight|atk|2|[from] item: Weakness Policy
|-boost|p2a: Corviknight|spa|2|[from] item: Weakness Policy
|
|-weather|Sandstorm|[upkeep]
|-damage|p1a: Incineroar|51/100|[from] Sandstorm
|upkeep
|turn|7
|
|t:|1759036119
|move|p2a: Corviknight|Bulk Up|p2a: Corviknight
|-boost|p2a: Corviknight|atk|1
|-boost|p2a: Corviknight|def|1
|move|p1a: Incineroar|Fire Punch|p2a: Corviknight
|-supereffective|p2a: Corviknight
|-damage|p2a: Corviknight|27/100
|
|-weather|Sandstorm|[upkeep]
|-damage|p1a: Incineroar|45/100|[from] Sandstorm
|upkeep
|turn|8
|
|t:|1759036139
|move|p2a: Corviknight|Roost|p2a: Corviknight
|-heal|p2a: Corviknight|77/100
|-singleturn|p2a: Corviknight|move: Roost
|move|p1a: Incineroar|Fire Punch|p2a: Corviknight
|-supereffective|p2a: Corviknight
|-damage|p2a: Corviknight|47/100
|
|-weather|none
|upkeep
|turn|9
|
|t:|1759036148
|move|p2a: Corviknight|Body Press|p1a: Incineroar
|-supereffective|p1a: Incineroar
|-damage|p1a: Incineroar|0 fnt
|faint|p1a: Incineroar
|
|upkeep
|
|t:|1759036155
|switch|p1a: Haunter|Haunter, F|100/100
|-damage|p1a: Haunter|88/100|[from] Stealth Rock
|turn|10
|
|t:|1759036161
|move|p1a: Haunter|Thunderbolt|p2a: Corviknight
|-supereffective|p2a: Corviknight
|-damage|p2a: Corviknight|14/100
|move|p2a: Corviknight|Power Trip|p1a: Haunter
|-supereffective|p1a: Haunter
|-damage|p1a: Haunter|0 fnt
|faint|p1a: Haunter
|
|upkeep
|
|t:|1759036177
|switch|p1a: Umbreon|Umbreon, F|100/100
|-damage|p1a: Umbreon|88/100|[from] Stealth Rock
|turn|11
|
|t:|1759036187
|move|p2a: Corviknight|Roost|p2a: Corviknight
|-heal|p2a: Corviknight|64/100
|-singleturn|p2a: Corviknight|move: Roost
|move|p1a: Umbreon|Foul Play|p2a: Corviknight
|-damage|p2a: Corviknight|23/100
|
|-heal|p1a: Umbreon|94/100|[from] item: Leftovers
|upkeep
|turn|12
|
|t:|1759036208
|switch|p2a: Clefable|Clefable, F|100/100
|-damage|p2a: Clefable|88/100|[from] Stealth Rock
|move|p1a: Umbreon|Foul Play|p2a: Clefable
|-resisted|p2a: Clefable
|-damage|p2a: Clefable|81/100
|
|-heal|p1a: Umbreon|99/100|[from] item: Leftovers
|-heal|p2a: Clefable|88/100|[from] item: Leftovers
|upkeep
|turn|13
|
|t:|1759036219
|move|p1a: Umbreon|Toxic|p2a: Clefable|[miss]
|-miss|p1a: Umbreon|p2a: Clefable
|move|p2a: Clefable|Thunder Wave|p1a: Umbreon
|-status|p1a: Umbreon|par
|
|-heal|p2a: Clefable|94/100|[from] item: Leftovers
|-heal|p1a: Umbreon|100/100 par|[from] item: Leftovers
|upkeep
|turn|14
|
|t:|1759036228
|switch|p2a: Reuniclus|Reuniclus, M|100/100
|move|p1a: Umbreon|Toxic|p2a: Reuniclus
|-status|p2a: Reuniclus|tox
|
|upkeep
|turn|15
|
|t:|1759036250
|move|p2a: Reuniclus|Calm Mind|p2a: Reuniclus
|-boost|p2a: Reuniclus|spa|1
|-boost|p2a: Reuniclus|spd|1
|move|p1a: Umbreon|Foul Play|p2a: Reuniclus
|-supereffective|p2a: Reuniclus
|-damage|p2a: Reuniclus|71/100 tox
|
|upkeep
|turn|16
|
|t:|1759036263
|switch|p1a: Darkrai|Darkrai|100/100
|-damage|p1a: Darkrai|88/100|[from] Stealth Rock
|move|p2a: Reuniclus|Calm Mind|p2a: Reuniclus
|-boost|p2a: Reuniclus|spa|1
|-boost|p2a: Reuniclus|spd|1
|
|upkeep
|turn|17
|
|t:|1759036274
|-terastallize|p2a: Reuniclus|Fighting
|move|p1a: Darkrai|Dark Pulse|p2a: Reuniclus
|-resisted|p2a: Reuniclus
|-damage|p2a: Reuniclus|56/100 tox
|cant|p2a: Reuniclus|flinch
|
|upkeep
|turn|18
|
|t:|1759036287
|switch|p1a: Quagsire|Quagsire, M|100/100
|-damage|p1a: Quagsire|94/100|[from] Stealth Rock
|move|p2a: Reuniclus|Recover|p2a: Reuniclus
|-heal|p2a: Reuniclus|100/100 tox
|
|-heal|p1a: Quagsire|100/100|[from] item: Leftovers
|upkeep
|turn|19
|
|t:|1759036301
|move|p2a: Reuniclus|Psychic Noise|p1a: Quagsire
|-damage|p1a: Quagsire|70/100
|-start|p1a: Quagsire|move: Heal Block
|move|p1a: Quagsire|Earthquake|p2a: Reuniclus
|-damage|p2a: Reuniclus|80/100 tox
|
|upkeep
|turn|20
|
|t:|1759036311
|move|p2a: Reuniclus|Tera Blast|p1a: Quagsire|[anim] Tera Blast Fighting
|-damage|p1a: Quagsire|35/100
|move|p1a: Quagsire|Earthquake|p2a: Reuniclus
|-damage|p2a: Reuniclus|58/100 tox
|
|-end|p1a: Quagsire|move: Heal Block
|upkeep
|turn|21
|
|t:|1759036319
|move|p2a: Reuniclus|Psychic Noise|p1a: Quagsire
|-damage|p1a: Quagsire|3/100
|-start|p1a: Quagsire|move: Heal Block
|move|p1a: Quagsire|Earthquake|p2a: Reuniclus
|-damage|p2a: Reuniclus|35/100 tox
|
|upkeep
|turn|22
|
|t:|1759036330
|move|p2a: Reuniclus|Recover|p2a: Reuniclus
|-heal|p2a: Reuniclus|85/100 tox
|move|p1a: Quagsire|Earthquake|p2a: Reuniclus
|-damage|p2a: Reuniclus|65/100 tox
|
|-end|p1a: Quagsire|move: Heal Block
|upkeep
|turn|23
|
|t:|1759036339
|move|p2a: Reuniclus|Tera Blast|p1a: Quagsire|[anim] Tera Blast Fighting
|-damage|p1a: Quagsire|0 fnt
|faint|p1a: Quagsire
|
|upkeep
|
|t:|1759036364
|switch|p1a: Swampert|Swampert, F|82/100
|-damage|p1a: Swampert|76/100|[from] Stealth Rock
|turn|24
|
|t:|1759036395
|move|p1a: Swampert|Earthquake|p2a: Reuniclus
|-damage|p2a: Reuniclus|32/100 tox
|move|p2a: Reuniclus|Tera Blast|p1a: Swampert|[anim] Tera Blast Fighting
|-damage|p1a: Swampert|0 fnt
|faint|p1a: Swampert
|
|upkeep
|
|t:|1759036403
|switch|p1a: Umbreon|Umbreon, F|100/100 par
|-damage|p1a: Umbreon|88/100 par|[from] Stealth Rock
|turn|25
|
|t:|1759036408
|move|p2a: Reuniclus|Tera Blast|p1a: Umbreon|[anim] Tera Blast Fighting
|-supereffective|p1a: Umbreon
|-damage|p1a: Umbreon|0 fnt
|faint|p1a: Umbreon
|
|upkeep
|
|t:|1759036414
|switch|p1a: Darkrai|Darkrai|88/100
|-damage|p1a: Darkrai|76/100|[from] Stealth Rock
|turn|26
|
|t:|1759036428
|move|p1a: Darkrai|Ice Beam|p2a: Reuniclus
|-damage|p2a: Reuniclus|11/100 tox
|move|p2a: Reuniclus|Tera Blast|p1a: Darkrai|[anim] Tera Blast Fighting
|-supereffective|p1a: Darkrai
|-damage|p1a: Darkrai|0 fnt
|faint|p1a: Darkrai
|
|win|harc
|raw|acavemana's rating: 1192 &rarr; <strong>1167</strong><br />(-25 for losing)
|raw|harc's rating: 1188 &rarr; <strong>1213</strong><br />(+25 for winning)
|l|☆acavemana
|player|p1|
|l|☆harc
|player|p2|
