|j|☆EddusEatzAlot
|j|☆popswrong4laughing
|t:|1758928127
|gametype|singles
|player|p1|EddusEatzAlot|steven|1435
|player|p2|popswrong4laughing|galacticgrunt|1518
|gen|9
|tier|[Gen 9] OU
|rated|
|rule|HP Percentage Mod: HP is shown in percentages
|rule|Endless Battle Clause: Forcing endless battles is banned
|rule|Species Clause: Limit one of each Pokémon
|rule|OHKO Clause: OHKO moves are banned
|rule|Evasion Items Clause: Evasion items are banned
|rule|Evasion Moves Clause: Evasion moves are banned
|rule|Evasion Abilities Clause: Evasion abilities are banned
|rule|Sleep Moves Clause: Sleep-inducing moves are banned
|clearpoke
|poke|p1|Gliscor, F|
|poke|p1|Garganacl, M|
|poke|p1|Slowking-Galar, M|
|poke|p1|Sinistcha|
|poke|p1|Scizor, M|
|poke|p1|Weavile, M|
|poke|p2|Tornadus-Therian, M|
|poke|p2|Thundurus, M|
|poke|p2|Landorus-Therian, M|
|poke|p2|Entei|
|poke|p2|Suicune|
|poke|p2|Raging Bolt|
|teampreview
|
|t:|1758928142
|teamsize|p1|6
|teamsize|p2|6
|start
|switch|p1a: Gliscor|Gliscor, F|100/100
|switch|p2a: Entei|Entei|100/100
|turn|1
|
|t:|1758928148
|switch|p2a: Suicune|Suicune|100/100
|-ability|p2a: Suicune|Pressure
|move|p1a: Gliscor|Protect||[still]
|-fail|p1a: Gliscor
|
|-status|p1a: Gliscor|tox|[from] item: Toxic Orb
|upkeep
|turn|2
|
|t:|1758928154
|move|p2a: Suicune|Ice Beam|p1a: Gliscor
|-supereffective|p1a: Gliscor
|-damage|p1a: Gliscor|16/100 tox
|move|p1a: Gliscor|Knock Off|p2a: Suicune
|-damage|p2a: Suicune|83/100
|-enditem|p2a: Suicune|Leftovers|[from] move: Knock Off|[of] p1a: Gliscor
|
|-heal|p1a: Gliscor|28/100 tox|[from] ability: Poison Heal
|upkeep
|turn|3
|
|t:|1758928160
|move|p1a: Gliscor|Protect|p1a: Gliscor
|-singleturn|p1a: Gliscor|Protect
|move|p2a: Suicune|Scald|p1a: Gliscor
|-activate|p1a: Gliscor|move: Protect
|
|-heal|p1a: Gliscor|41/100 tox|[from] ability: Poison Heal
|upkeep
|turn|4
|
|t:|1758928166
|switch|p2a: Landorus|Landorus-Therian, M|100/100
|-ability|p2a: Landorus|Intimidate|boost
|-unboost|p1a: Gliscor|atk|1
|switch|p1a: Slowking|Slowking-Galar, M|100/100
|
|upkeep
|turn|5
|
|t:|1758928171
|switch|p1a: Gliscor|Gliscor, F|41/100 tox
|move|p2a: Landorus|Stealth Rock|p1a: Gliscor
|-sidestart|p1: EddusEatzAlot|move: Stealth Rock
|
|-heal|p1a: Gliscor|53/100 tox|[from] ability: Poison Heal
|upkeep
|turn|6
|
|t:|1758928175
|move|p2a: Landorus|Taunt|p1a: Gliscor
|-start|p1a: Gliscor|move: Taunt
|cant|p1a: Gliscor|move: Taunt|Spikes
|
|-heal|p1a: Gliscor|65/100 tox|[from] ability: Poison Heal
|upkeep
|turn|7
|
|t:|1758928176
|move|p2a: Landorus|U-turn|p1a: Gliscor
|-resisted|p1a: Gliscor
|-damage|p1a: Gliscor|56/100 tox
|
|t:|1758928179
|switch|p2a: Suicune|Suicune|83/100|[from] U-turn
|-ability|p2a: Suicune|Pressure
|move|p1a: Gliscor|Knock Off|p2a: Suicune
|-damage|p2a: Suicune|71/100
|
|-heal|p1a: Gliscor|69/100 tox|[from] ability: Poison Heal
|upkeep
|turn|8
|
|t:|1758928183
|switch|p1a: Slowking|Slowking-Galar, M|100/100
|move|p2a: Suicune|Scald|p1a: Slowking
|-damage|p1a: Slowking|80/100
|-status|p1a: Slowking|brn
|
|-damage|p1a: Slowking|74/100 brn|[from] brn
|upkeep
|turn|9
|
|t:|1758928192
|switch|p2a: Entei|Entei|100/100
|-prepare|p1a: Slowking|Chilly Reception|[premajor]
|move|p1a: Slowking|Chilly Reception|p1a: Slowking
|-weather|Snowscape
|
|t:|1758928195
|switch|p1a: Gliscor|Gliscor, F|69/100 tox|[from] Chilly Reception
|-damage|p1a: Gliscor|56/100 tox|[from] Stealth Rock
|
|-weather|Snowscape|[upkeep]
|-heal|p1a: Gliscor|69/100 tox|[from] ability: Poison Heal
|upkeep
|turn|10
|
|t:|1758928205
|switch|p2a: Tornadus|Tornadus-Therian, M|100/100
|move|p1a: Gliscor|Spikes|p2a: Tornadus
|-sidestart|p2: popswrong4laughing|Spikes
|
|-weather|Snowscape|[upkeep]
|-heal|p1a: Gliscor|81/100 tox|[from] ability: Poison Heal
|upkeep
|turn|11
|
|t:|1758928211
|move|p2a: Tornadus|Nasty Plot|p2a: Tornadus
|-boost|p2a: Tornadus|spa|2
|move|p1a: Gliscor|Knock Off|p2a: Tornadus
|-damage|p2a: Tornadus|69/100
|-enditem|p2a: Tornadus|Life Orb|[from] move: Knock Off|[of] p1a: Gliscor
|
|-weather|Snowscape|[upkeep]
|-heal|p1a: Gliscor|93/100 tox|[from] ability: Poison Heal
|upkeep
|turn|12
|
|t:|1758928218
|switch|p1a: Slowking|Slowking-Galar, M|100/100 brn
|move|p2a: Tornadus|Bleakwind Storm|p1a: Slowking
|-damage|p1a: Slowking|50/100 brn
|
|-weather|Snowscape|[upkeep]
|-damage|p1a: Slowking|44/100 brn|[from] brn
|upkeep
|turn|13
|
|t:|1758928222
|move|p2a: Tornadus|Bleakwind Storm|p1a: Slowking
|-damage|p1a: Slowking|0 fnt
|faint|p1a: Slowking
|
|-weather|none
|upkeep
|
|t:|1758928225
|switch|p1a: Scizor|Scizor, M|100/100
|-damage|p1a: Scizor|88/100|[from] Stealth Rock
|turn|14
|
|t:|1758928230
|switch|p2a: Suicune|Suicune|71/100
|-damage|p2a: Suicune|59/100|[from] Spikes
|-ability|p2a: Suicune|Pressure
|move|p1a: Scizor|Bullet Punch|p2a: Suicune
|-resisted|p2a: Suicune
|-damage|p2a: Suicune|37/100
|
|upkeep
|turn|15
|
|t:|1758928238
|move|p1a: Scizor|Bullet Punch|p2a: Suicune
|-resisted|p2a: Suicune
|-damage|p2a: Suicune|15/100
|move|p2a: Suicune|Scald|p1a: Scizor
|-damage|p1a: Scizor|45/100
|-status|p1a: Scizor|brn
|
|-damage|p1a: Scizor|39/100 brn|[from] brn
|upkeep
|turn|16
|
|t:|1758928250
|move|p1a: Scizor|Bullet Punch|p2a: Suicune
|-resisted|p2a: Suicune
|-damage|p2a: Suicune|5/100
|move|p2a: Suicune|Scald|p1a: Scizor
|-damage|p1a: Scizor|0 fnt
|faint|p1a: Scizor
|
|upkeep
|
|t:|1758928259
|switch|p1a: Weavile|Weavile, M|100/100
|-ability|p1a: Weavile|Pressure
|turn|17
|
|t:|1758928262
|move|p1a: Weavile|Swords Dance|p1a: Weavile
|-boost|p1a: Weavile|atk|2
|move|p2a: Suicune|Scald|p1a: Weavile
|-damage|p1a: Weavile|50/100
|
|upkeep
|turn|18
|
|t:|1758928264
|move|p1a: Weavile|Knock Off|p2a: Suicune
|-crit|p2a: Suicune
|-damage|p2a: Suicune|0 fnt
|faint|p2a: Suicune
|
|upkeep
|
|t:|1758928272
|switch|p2a: Entei|Entei|100/100
|turn|19
|
|t:|1758928279
|switch|p1a: Gliscor|Gliscor, F|93/100 tox
|-damage|p1a: Gliscor|81/100 tox|[from] Stealth Rock
|move|p2a: Entei|Sacred Fire|p1a: Gliscor
|-damage|p1a: Gliscor|35/100 tox
|
|-heal|p1a: Gliscor|48/100 tox|[from] ability: Poison Heal
|upkeep
|turn|20
|
|t:|1758928286
|switch|p2a: Tornadus|Tornadus-Therian, M|100/100
|move|p1a: Gliscor|Protect||[still]
|-fail|p1a: Gliscor
|
|-heal|p1a: Gliscor|60/100 tox|[from] ability: Poison Heal
|upkeep
|turn|21
|
|t:|1758928290
|switch|p1a: Garganacl|Garganacl, M|100/100
|move|p2a: Tornadus|Bleakwind Storm|p1a: Garganacl
|-resisted|p1a: Garganacl
|-damage|p1a: Garganacl|86/100
|-unboost|p1a: Garganacl|spe|1
|
|upkeep
|turn|22
|
|t:|1758928293
|move|p2a: Tornadus|Nasty Plot|p2a: Tornadus
|-boost|p2a: Tornadus|spa|2
|move|p1a: Garganacl|Salt Cure|p2a: Tornadus
|-supereffective|p2a: Tornadus
|-damage|p2a: Tornadus|62/100
|-start|p2a: Tornadus|Salt Cure
|
|-damage|p2a: Tornadus|49/100|[from] Salt Cure
|upkeep
|turn|23
|
|t:|1758928295
|move|p2a: Tornadus|Grass Knot|p1a: Garganacl
|-supereffective|p1a: Garganacl
|-damage|p1a: Garganacl|0 fnt
|faint|p1a: Garganacl
|
|-damage|p2a: Tornadus|37/100|[from] Salt Cure
|upkeep
|
|t:|1758928297
|switch|p1a: Weavile|Weavile, M|50/100
|-ability|p1a: Weavile|Pressure
|turn|24
|
|t:|1758928301
|switch|p2a: Entei|Entei|100/100
|move|p1a: Weavile|Knock Off|p2a: Entei
|-damage|p2a: Entei|63/100
|-enditem|p2a: Entei|Heavy-Duty Boots|[from] move: Knock Off|[of] p1a: Weavile
|
|upkeep
|turn|25
|-message|EddusEatzAlot forfeited.
|
|win|popswrong4laughing
|raw|EddusEatzAlot's rating: 1435 &rarr; <strong>1420</strong><br />(-15 for losing)
|raw|popswrong4laughing's rating: 1518 &rarr; <strong>1533</strong><br />(+15 for winning)
|l|☆EddusEatzAlot
|player|p1|
