|j|☆vryfast
|j|☆leanpro
|t:|1758984394
|gametype|singles
|player|p1|vryfast|266|1319
|player|p2|leanpro|101|1266
|gen|9
|tier|[Gen 9] OU
|rated|
|rule|HP Percentage Mod: HP is shown in percentages
|rule|Endless Battle Clause: Forcing endless battles is banned
|rule|Species Clause: Limit one of each Pokémon
|rule|OHKO Clause: OHKO moves are banned
|rule|Evasion Items Clause: Evasion items are banned
|rule|Evasion Moves Clause: Evasion moves are banned
|rule|Evasion Abilities Clause: Evasion abilities are banned
|rule|Sleep Moves Clause: Sleep-inducing moves are banned
|clearpoke
|poke|p1|Lokix, F|
|poke|p1|Slither Wing|
|poke|p1|Ninetales, M|
|poke|p1|Donphan, M|
|poke|p1|Gholdengo|
|poke|p1|Incineroar, F|
|poke|p2|Diancie|
|poke|p2|Lucario, F|
|poke|p2|Garchomp, M|
|poke|p2|Serperior, M|
|poke|p2|Blaziken, M|
|poke|p2|Mandibuzz, F|
|teampreview
|inactive|Battle timer is ON: inactive players will automatically lose when time's up. (requested by leanpro)
|
|t:|1758984407
|teamsize|p1|6
|teamsize|p2|6
|start
|switch|p1a: Lokix|Lokix, F|100/100
|switch|p2a: Serperior|Serperior, M|100/100
|turn|1
|
|t:|1758984414
|switch|p2a: Mandibuzz|Mandibuzz, F|100/100
|move|p1a: Lokix|First Impression|p2a: Mandibuzz
|-damage|p2a: Mandibuzz|61/100
|
|upkeep
|turn|2
|
|t:|1758984425
|switch|p1a: Gholdengo|Gholdengo|100/100
|move|p2a: Mandibuzz|U-turn|p1a: Gholdengo
|-resisted|p1a: Gholdengo
|-damage|p1a: Gholdengo|98/100
|
|t:|1758984433
|switch|p2a: Blaziken|Blaziken, M, shiny|100/100|[from] U-turn
|
|upkeep
|turn|3
|
|t:|1758984440
|switch|p1a: Incineroar|Incineroar, F, shiny|100/100
|-ability|p1a: Incineroar|Intimidate|boost
|-unboost|p2a: Blaziken|atk|1
|move|p2a: Blaziken|Protect||[still]
|-fail|p2a: Blaziken
|
|-ability|p2a: Blaziken|Speed Boost|boost
|-boost|p2a: Blaziken|spe|1
|upkeep
|turn|4
|
|t:|1758984447
|move|p2a: Blaziken|Close Combat|p1a: Incineroar
|-supereffective|p1a: Incineroar
|-damage|p1a: Incineroar|19/100
|-unboost|p2a: Blaziken|def|1
|-unboost|p2a: Blaziken|spd|1
|-damage|p2a: Blaziken|91/100|[from] item: Life Orb
|move|p1a: Incineroar|Knock Off|p2a: Blaziken
|-resisted|p2a: Blaziken
|-damage|p2a: Blaziken|47/100
|-enditem|p2a: Blaziken|Life Orb|[from] move: Knock Off|[of] p1a: Incineroar
|
|-heal|p1a: Incineroar|25/100|[from] item: Leftovers
|-ability|p2a: Blaziken|Speed Boost|boost
|-boost|p2a: Blaziken|spe|1
|upkeep
|turn|5
|
|t:|1758984461
|move|p1a: Incineroar|Protect|p1a: Incineroar
|-singleturn|p1a: Incineroar|Protect
|move|p2a: Blaziken|Close Combat|p1a: Incineroar
|-activate|p1a: Incineroar|move: Protect
|
|-heal|p1a: Incineroar|31/100|[from] item: Leftovers
|-ability|p2a: Blaziken|Speed Boost|boost
|-boost|p2a: Blaziken|spe|1
|upkeep
|turn|6
|
|t:|1758984468
|switch|p1a: Gholdengo|Gholdengo|98/100
|move|p2a: Blaziken|Earthquake|p1a: Gholdengo
|-supereffective|p1a: Gholdengo
|-damage|p1a: Gholdengo|50/100
|-enditem|p1a: Gholdengo|Sitrus Berry|[eat]
|-heal|p1a: Gholdengo|75/100|[from] item: Sitrus Berry
|
|-ability|p2a: Blaziken|Speed Boost|boost
|-boost|p2a: Blaziken|spe|1
|upkeep
|turn|7
|
|t:|1758984477
|switch|p1a: Incineroar|Incineroar, F, shiny|31/100
|-ability|p1a: Incineroar|Intimidate|boost
|-unboost|p2a: Blaziken|atk|1
|move|p2a: Blaziken|Flare Blitz|p1a: Incineroar
|-resisted|p1a: Incineroar
|-damage|p1a: Incineroar|21/100
|-damage|p2a: Blaziken|42/100|[from] Recoil
|
|-heal|p1a: Incineroar|27/100|[from] item: Leftovers
|-ability|p2a: Blaziken|Speed Boost|boost
|-boost|p2a: Blaziken|spe|1
|upkeep
|turn|8
|
|t:|1758984493
|move|p2a: Blaziken|Earthquake|p1a: Incineroar
|-supereffective|p1a: Incineroar
|-damage|p1a: Incineroar|1/100
|move|p1a: Incineroar|Knock Off|p2a: Blaziken
|-resisted|p2a: Blaziken
|-damage|p2a: Blaziken|11/100
|
|-heal|p1a: Incineroar|7/100|[from] item: Leftovers
|-ability|p2a: Blaziken|Speed Boost|boost
|-boost|p2a: Blaziken|spe|1
|upkeep
|turn|9
|
|t:|1758984499
|move|p1a: Incineroar|Protect|p1a: Incineroar
|-singleturn|p1a: Incineroar|Protect
|move|p2a: Blaziken|Earthquake|p1a: Incineroar
|-activate|p1a: Incineroar|move: Protect
|
|-heal|p1a: Incineroar|13/100|[from] item: Leftovers
|upkeep
|turn|10
|
|t:|1758984506
|switch|p1a: Donphan|Donphan, M|100/100
|move|p2a: Blaziken|Earthquake|p1a: Donphan
|-damage|p1a: Donphan|87/100
|
|upkeep
|turn|11
|
|t:|1758984513
|switch|p2a: Mandibuzz|Mandibuzz, F|61/100
|move|p1a: Donphan|Rapid Spin|p2a: Mandibuzz
|-damage|p2a: Mandibuzz|50/100
|-boost|p1a: Donphan|spe|1
|
|upkeep
|turn|12
|
|t:|1758984520
|move|p1a: Donphan|Stealth Rock|p2a: Mandibuzz
|-sidestart|p2: leanpro|move: Stealth Rock
|move|p2a: Mandibuzz|U-turn|p1a: Donphan
|-damage|p1a: Donphan|78/100
|
|t:|1758984525
|switch|p2a: Serperior|Serperior, M|100/100|[from] U-turn
|-damage|p2a: Serperior|88/100|[from] Stealth Rock
|
|upkeep
|turn|13
|
|t:|1758984535
|switch|p1a: Gholdengo|Gholdengo|75/100
|move|p2a: Serperior|Leaf Storm|p1a: Gholdengo
|-resisted|p1a: Gholdengo
|-damage|p1a: Gholdengo|46/100
|-boost|p2a: Serperior|spa|2
|
|upkeep
|turn|14
|
|t:|1758984544
|move|p2a: Serperior|Leaf Storm|p1a: Gholdengo
|-resisted|p1a: Gholdengo
|-damage|p1a: Gholdengo|0 fnt
|-boost|p2a: Serperior|spa|2
|faint|p1a: Gholdengo
|
|upkeep
|
|t:|1758984552
|switch|p1a: Lokix|Lokix, F|100/100
|turn|15
|
|t:|1758984561
|switch|p2a: Mandibuzz|Mandibuzz, F|50/100
|move|p1a: Lokix|First Impression|p2a: Mandibuzz
|-damage|p2a: Mandibuzz|8/100
|
|upkeep
|turn|16
|
|t:|1758984569
|switch|p1a: Slither Wing|Slither Wing|100/100
|move|p2a: Mandibuzz|Defog|p1a: Slither Wing
|-unboost|p1a: Slither Wing|evasion|1
|-sideend|p2: leanpro|Stealth Rock|[from] move: Defog|[of] p2a: Mandibuzz
|
|upkeep
|turn|17
|
|t:|1758984579
|move|p1a: Slither Wing|First Impression|p2a: Mandibuzz
|-damage|p2a: Mandibuzz|0 fnt
|faint|p2a: Mandibuzz
|
|upkeep
|
|t:|1758984594
|switch|p2a: Blaziken|Blaziken, M, shiny|11/100
|turn|18
|
|t:|1758984599
|-end|p1a: Slither Wing|Protosynthesis|[silent]
|switch|p1a: Donphan|Donphan, M|78/100
|move|p2a: Blaziken|Protect||[still]
|-fail|p2a: Blaziken
|
|-ability|p2a: Blaziken|Speed Boost|boost
|-boost|p2a: Blaziken|spe|1
|upkeep
|turn|19
|
|t:|1758984608
|switch|p2a: Serperior|Serperior, M|88/100
|move|p1a: Donphan|Earthquake|p2a: Serperior
|-resisted|p2a: Serperior
|-damage|p2a: Serperior|54/100
|
|upkeep
|turn|20
|
|t:|1758984619
|switch|p1a: Ninetales|Ninetales, M|100/100
|-weather|SunnyDay|[from] ability: Drought|[of] p1a: Ninetales
|move|p2a: Serperior|Leaf Storm|p1a: Ninetales
|-resisted|p1a: Ninetales
|-damage|p1a: Ninetales|75/100
|-boost|p2a: Serperior|spa|2
|
|-weather|SunnyDay|[upkeep]
|upkeep
|turn|21
|
|t:|1758984628
|move|p2a: Serperior|Leaf Storm|p1a: Ninetales
|-resisted|p1a: Ninetales
|-damage|p1a: Ninetales|22/100
|-boost|p2a: Serperior|spa|2
|move|p1a: Ninetales|Flamethrower|p2a: Serperior
|-supereffective|p2a: Serperior
|-damage|p2a: Serperior|0 fnt
|faint|p2a: Serperior
|
|-weather|SunnyDay|[upkeep]
|upkeep
|
|t:|1758984640
|switch|p2a: Lucario|Lucario, F|100/100
|turn|22
|
|t:|1758984644
|move|p2a: Lucario|Vacuum Wave|p1a: Ninetales
|-damage|p1a: Ninetales|4/100
|move|p1a: Ninetales|Healing Wish|p1a: Ninetales
|faint|p1a: Ninetales
|
|-weather|SunnyDay|[upkeep]
|upkeep
|
|t:|1758984658
|switch|p1a: Donphan|Donphan, M|78/100
|-heal|p1a: Donphan|100/100|[from] move: Healing Wish
|turn|23
|inactive|leanpro has 120 seconds left.
|
|t:|1758984692
|move|p2a: Lucario|Nasty Plot|p2a: Lucario
|-boost|p2a: Lucario|spa|2
|move|p1a: Donphan|Stealth Rock|p2a: Lucario
|-sidestart|p2: leanpro|move: Stealth Rock
|
|-weather|SunnyDay|[upkeep]
|upkeep
|turn|24
|
|t:|1758984698
|move|p2a: Lucario|Aura Sphere|p1a: Donphan
|-damage|p1a: Donphan|6/100
|move|p1a: Donphan|Earthquake|p2a: Lucario
|-supereffective|p2a: Lucario
|-enditem|p2a: Lucario|Focus Sash
|-damage|p2a: Lucario|1/100
|
|-weather|SunnyDay|[upkeep]
|upkeep
|turn|25
|
|t:|1758984707
|move|p2a: Lucario|Vacuum Wave|p1a: Donphan
|-damage|p1a: Donphan|0 fnt
|faint|p1a: Donphan
|
|-weather|SunnyDay|[upkeep]
|upkeep
|
|t:|1758984714
|switch|p1a: Slither Wing|Slither Wing|100/100
|-activate|p1a: Slither Wing|ability: Protosynthesis
|-start|p1a: Slither Wing|protosynthesisatk
|turn|26
|
|t:|1758984730
|move|p1a: Slither Wing|First Impression|p2a: Lucario
|-resisted|p2a: Lucario
|-damage|p2a: Lucario|0 fnt
|faint|p2a: Lucario
|
|-weather|SunnyDay|[upkeep]
|upkeep
|
|t:|1758984747
|switch|p2a: Diancie|Diancie, shiny|100/100
|-damage|p2a: Diancie|88/100|[from] Stealth Rock
|turn|27
|
|t:|1758984753
|-end|p1a: Slither Wing|Protosynthesis|[silent]
|switch|p1a: Lokix|Lokix, F|100/100
|-terastallize|p2a: Diancie|Fairy
|move|p2a: Diancie|Draining Kiss|p1a: Lokix
|-supereffective|p1a: Lokix
|-damage|p1a: Lokix|0 fnt
|-heal|p2a: Diancie|100/100|[from] drain|[of] p1a: Lokix
|faint|p1a: Lokix
|
|-weather|none
|upkeep
|
|t:|1758984761
|switch|p1a: Slither Wing|Slither Wing|100/100
|turn|28
|
|t:|1758984765
|move|p1a: Slither Wing|First Impression|p2a: Diancie
|-resisted|p2a: Diancie
|-damage|p2a: Diancie|73/100
|move|p2a: Diancie|Draining Kiss|p1a: Slither Wing
|-supereffective|p1a: Slither Wing
|-crit|p1a: Slither Wing
|-damage|p1a: Slither Wing|0 fnt
|-heal|p2a: Diancie|100/100|[from] drain|[of] p1a: Slither Wing
|faint|p1a: Slither Wing
|-end|p1a: Slither Wing|Protosynthesis|[silent]
|
|upkeep
|-message|vryfast forfeited.
|
|win|leanpro
|raw|vryfast's rating: 1319 &rarr; <strong>1294</strong><br />(-25 for losing)
|raw|leanpro's rating: 1238 &rarr; <strong>1269</strong><br />(+31 for winning)
|l|☆vryfast
|player|p1|
|l|☆leanpro
|player|p2|
