|j|☆LousiV
|j|☆Scuhbee-Fluff
|t:|1758960907
|gametype|singles
|player|p1|LousiV|volkner|1128
|player|p2|Scuhbee-Fluff|swimmerf-gen4|1151
|gen|9
|tier|[Gen 9] OU
|rated|
|rule|HP Percentage Mod: HP is shown in percentages
|rule|Endless Battle Clause: Forcing endless battles is banned
|rule|Species Clause: Limit one of each Pokémon
|rule|OHKO Clause: OHKO moves are banned
|rule|Evasion Items Clause: Evasion items are banned
|rule|Evasion Moves Clause: Evasion moves are banned
|rule|Evasion Abilities Clause: Evasion abilities are banned
|rule|Sleep Moves Clause: Sleep-inducing moves are banned
|clearpoke
|poke|p1|Mew|
|poke|p1|Luxray, M|
|poke|p1|Masquerain, M|
|poke|p1|Skarmory, F|
|poke|p1|Heracross, F|
|poke|p1|Exeggutor, M|
|poke|p2|Ninetales-Alola, F|
|poke|p2|Kyurem|
|poke|p2|Weavile, F|
|poke|p2|Mamoswine, M|
|poke|p2|Sandslash-Alola, M|
|poke|p2|Cloyster, F|
|teampreview
|
|t:|1758960918
|teamsize|p1|6
|teamsize|p2|6
|start
|switch|p1a: Skarmory|Skarmory, F|100/100
|switch|p2a: Fluffy|Ninetales-Alola, F|100/100
|-weather|Snowscape|[from] ability: Snow Warning|[of] p2a: Fluffy
|turn|1
|inactive|Battle timer is ON: inactive players will automatically lose when time's up. (requested by LousiV)
|
|t:|1758960926
|move|p2a: Fluffy|Aurora Veil|p2a: Fluffy
|-sidestart|p2: Scuhbee-Fluff|move: Aurora Veil
|move|p1a: Skarmory|Swords Dance|p1a: Skarmory
|-boost|p1a: Skarmory|atk|2
|
|-weather|Snowscape|[upkeep]
|upkeep
|turn|2
|
|t:|1758960930
|move|p2a: Fluffy|Encore|p1a: Skarmory
|-start|p1a: Skarmory|Encore
|move|p1a: Skarmory|Swords Dance|p1a: Skarmory
|-boost|p1a: Skarmory|atk|2
|
|-weather|Snowscape|[upkeep]
|upkeep
|turn|3
|
|t:|1758960942
|switch|p2a: Manny|Mamoswine, M|100/100
|move|p1a: Skarmory|Swords Dance|p1a: Skarmory
|-boost|p1a: Skarmory|atk|2
|
|-weather|Snowscape|[upkeep]
|upkeep
|turn|4
|
|t:|1758960948
|move|p1a: Skarmory|Swords Dance|p1a: Skarmory
|-boost|p1a: Skarmory|atk|0
|move|p2a: Manny|Smack Down|p1a: Skarmory
|-crit|p1a: Skarmory
|-damage|p1a: Skarmory|78/100
|-start|p1a: Skarmory|Smack Down
|-ability|p1a: Skarmory|Weak Armor|boost
|-unboost|p1a: Skarmory|def|1
|-boost|p1a: Skarmory|spe|2
|
|-weather|Snowscape|[upkeep]
|-end|p1a: Skarmory|Encore
|upkeep
|turn|5
|
|t:|1758960960
|-terastallize|p2a: Manny|Dragon
|move|p1a: Skarmory|Iron Head|p2a: Manny
|-damage|p2a: Manny|37/100
|move|p2a: Manny|Earthquake|p1a: Skarmory
|-supereffective|p1a: Skarmory
|-damage|p1a: Skarmory|0 fnt
|faint|p1a: Skarmory
|
|-weather|none
|upkeep
|
|t:|1758960970
|switch|p1a: Mew|Mew|100/100
|turn|6
|
|t:|1758960974
|move|p1a: Mew|Scale Shot|p2a: Manny|[miss]
|-miss|p1a: Mew|p2a: Manny
|move|p2a: Manny|Stealth Rock|p1a: Mew
|-sidestart|p1: LousiV|move: Stealth Rock
|
|upkeep
|turn|7
|
|t:|1758960978
|move|p2a: Manny|Ice Shard|p1a: Mew
|-damage|p1a: Mew|80/100
|move|p1a: Mew|Scale Shot|p2a: Manny
|-supereffective|p2a: Manny
|-damage|p2a: Manny|28/100
|-enditem|p2a: Manny|Weakness Policy
|-boost|p2a: Manny|atk|2|[from] item: Weakness Policy
|-boost|p2a: Manny|spa|2|[from] item: Weakness Policy
|-supereffective|p2a: Manny
|-damage|p2a: Manny|18/100
|-supereffective|p2a: Manny
|-damage|p2a: Manny|9/100
|-supereffective|p2a: Manny
|-damage|p2a: Manny|0 fnt
|faint|p2a: Manny
|-hitcount|p2: Manny|4
|-unboost|p1a: Mew|def|1
|-boost|p1a: Mew|spe|1
|
|upkeep
|
|t:|1758960993
|switch|p2a: Fluffy|Ninetales-Alola, F|100/100
|-weather|Snowscape|[from] ability: Snow Warning|[of] p2a: Fluffy
|turn|8
|
|t:|1758960998
|move|p1a: Mew|Rock Blast|p2a: Fluffy
|-supereffective|p2a: Fluffy
|-damage|p2a: Fluffy|94/100
|-supereffective|p2a: Fluffy
|-damage|p2a: Fluffy|86/100
|-supereffective|p2a: Fluffy
|-damage|p2a: Fluffy|80/100
|-supereffective|p2a: Fluffy
|-damage|p2a: Fluffy|73/100
|-supereffective|p2a: Fluffy
|-damage|p2a: Fluffy|66/100
|-hitcount|p2a: Fluffy|5
|move|p2a: Fluffy|Freeze-Dry|p1a: Mew
|-damage|p1a: Mew|60/100
|
|-weather|Snowscape|[upkeep]
|-sideend|p2: Scuhbee-Fluff|move: Aurora Veil
|upkeep
|turn|9
|
|t:|1758961011
|move|p1a: Mew|Rock Blast|p2a: Fluffy
|-supereffective|p2a: Fluffy
|-damage|p2a: Fluffy|54/100
|-supereffective|p2a: Fluffy
|-damage|p2a: Fluffy|40/100
|-supereffective|p2a: Fluffy
|-damage|p2a: Fluffy|27/100
|-supereffective|p2a: Fluffy
|-damage|p2a: Fluffy|12/100
|-hitcount|p2a: Fluffy|4
|move|p2a: Fluffy|Aurora Veil|p2a: Fluffy
|-sidestart|p2: Scuhbee-Fluff|move: Aurora Veil
|
|-weather|Snowscape|[upkeep]
|upkeep
|turn|10
|
|t:|1758961027
|switch|p2a: Outie|Cloyster, F|100/100
|move|p1a: Mew|Rock Blast|p2a: Outie
|-supereffective|p2a: Outie
|-damage|p2a: Outie|96/100
|-supereffective|p2a: Outie
|-damage|p2a: Outie|91/100
|-supereffective|p2a: Outie
|-damage|p2a: Outie|86/100
|-supereffective|p2a: Outie
|-damage|p2a: Outie|81/100
|-supereffective|p2a: Outie
|-damage|p2a: Outie|76/100
|-hitcount|p2a: Outie|5
|
|-weather|Snowscape|[upkeep]
|upkeep
|turn|11
|
|t:|1758961040
|move|p1a: Mew|Rock Blast|p2a: Outie
|-supereffective|p2a: Outie
|-damage|p2a: Outie|72/100
|-supereffective|p2a: Outie
|-damage|p2a: Outie|67/100
|-supereffective|p2a: Outie
|-damage|p2a: Outie|62/100
|-supereffective|p2a: Outie
|-damage|p2a: Outie|58/100
|-supereffective|p2a: Outie
|-damage|p2a: Outie|53/100
|-hitcount|p2a: Outie|5
|move|p2a: Outie|Icicle Spear|p1a: Mew
|-damage|p1a: Mew|41/100
|-damage|p1a: Mew|22/100
|-damage|p1a: Mew|4/100
|-damage|p1a: Mew|0 fnt
|faint|p1a: Mew
|-hitcount|p1: Mew|4
|
|-weather|Snowscape|[upkeep]
|upkeep
|
|t:|1758961052
|switch|p1a: Luxray|Luxray, M|100/100
|-damage|p1a: Luxray|88/100|[from] Stealth Rock
|-ability|p1a: Luxray|Intimidate|boost
|-unboost|p2a: Outie|atk|1
|-enditem|p2a: Outie|White Herb
|-clearnegativeboost|p2a: Outie|[silent]
|turn|12
|
|t:|1758961065
|move|p2a: Outie|Shell Smash|p2a: Outie
|-unboost|p2a: Outie|def|1
|-unboost|p2a: Outie|spd|1
|-boost|p2a: Outie|atk|2
|-boost|p2a: Outie|spa|2
|-boost|p2a: Outie|spe|2
|move|p1a: Luxray|Supercell Slam|p2a: Outie
|-supereffective|p2a: Outie
|-damage|p2a: Outie|0 fnt
|faint|p2a: Outie
|
|-weather|none
|upkeep
|
|t:|1758961074
|switch|p2a: Fluffy|Ninetales-Alola, F|12/100
|-weather|Snowscape|[from] ability: Snow Warning|[of] p2a: Fluffy
|turn|13
|
|t:|1758961080
|move|p2a: Fluffy|Draining Kiss|p1a: Luxray
|-damage|p1a: Luxray|72/100
|-heal|p2a: Fluffy|25/100|[from] drain|[of] p1a: Luxray
|move|p1a: Luxray|Supercell Slam|p2a: Fluffy
|-damage|p2a: Fluffy|0 fnt
|faint|p2a: Fluffy
|
|-weather|Snowscape|[upkeep]
|upkeep
|
|t:|1758961088
|switch|p2a: Spiky|Kyurem|100/100
|-ability|p2a: Spiky|Pressure
|turn|14
|
|t:|1758961092
|move|p2a: Spiky|Earth Power|p1a: Luxray
|-supereffective|p1a: Luxray
|-damage|p1a: Luxray|0 fnt
|faint|p1a: Luxray
|
|-weather|Snowscape|[upkeep]
|upkeep
|
|t:|1758961097
|switch|p1a: Masquerain|Masquerain, M|100/100
|-damage|p1a: Masquerain|51/100|[from] Stealth Rock
|-ability|p1a: Masquerain|Intimidate|boost
|-unboost|p2a: Spiky|atk|1
|turn|15
|
|t:|1758961101
|move|p2a: Spiky|Freeze-Dry|p1a: Masquerain
|-supereffective|p1a: Masquerain
|-damage|p1a: Masquerain|0 fnt
|faint|p1a: Masquerain
|
|-weather|Snowscape|[upkeep]
|upkeep
|
|t:|1758961104
|switch|p1a: Heracross|Heracross, F|100/100
|-damage|p1a: Heracross|88/100|[from] Stealth Rock
|turn|16
|
|t:|1758961112
|move|p2a: Spiky|Draco Meteor|p1a: Heracross
|-damage|p1a: Heracross|3/100
|-unboost|p2a: Spiky|spa|2
|move|p1a: Heracross|Trailblaze|p2a: Spiky
|-resisted|p2a: Spiky
|-damage|p2a: Spiky|98/100
|-boost|p1a: Heracross|spe|1
|
|-weather|Snowscape|[upkeep]
|-sideend|p2: Scuhbee-Fluff|move: Aurora Veil
|-status|p1a: Heracross|brn|[from] item: Flame Orb
|upkeep
|turn|17
|
|t:|1758961127
|move|p1a: Heracross|Close Combat|p2a: Spiky
|-supereffective|p2a: Spiky
|-damage|p2a: Spiky|0 fnt
|-unboost|p1a: Heracross|def|1
|-unboost|p1a: Heracross|spd|1
|faint|p2a: Spiky
|
|-weather|none
|-damage|p1a: Heracross|0 fnt|[from] brn
|faint|p1a: Heracross
|upkeep
|
|t:|1758961136
|switch|p2a: Shorty|Weavile, F|100/100
|switch|p1a: Exeggutor|Exeggutor, M|100/100
|-ability|p2a: Shorty|Pressure
|-damage|p1a: Exeggutor|88/100|[from] Stealth Rock
|turn|18
|
|t:|1758961144
|-terastallize|p1a: Exeggutor|Fire
|move|p2a: Shorty|Knock Off|p1a: Exeggutor
|-damage|p1a: Exeggutor|56/100
|-enditem|p1a: Exeggutor|Wiki Berry|[from] move: Knock Off|[of] p2a: Shorty
|move|p1a: Exeggutor|Leech Seed|p2a: Shorty
|-start|p2a: Shorty|move: Leech Seed
|
|-damage|p2a: Shorty|88/100|[from] Leech Seed|[of] p1a: Exeggutor
|-heal|p1a: Exeggutor|65/100|[silent]
|upkeep
|turn|19
|
|t:|1758961155
|move|p1a: Exeggutor|Protect|p1a: Exeggutor
|-singleturn|p1a: Exeggutor|Protect
|move|p2a: Shorty|Poison Jab|p1a: Exeggutor
|-activate|p1a: Exeggutor|move: Protect
|
|-damage|p2a: Shorty|76/100|[from] Leech Seed|[of] p1a: Exeggutor
|-heal|p1a: Exeggutor|73/100|[silent]
|upkeep
|turn|20
|
|t:|1758961162
|move|p2a: Shorty|Poison Jab|p1a: Exeggutor
|-damage|p1a: Exeggutor|54/100
|move|p1a: Exeggutor|Giga Drain|p2a: Shorty
|-damage|p2a: Shorty|35/100
|-heal|p1a: Exeggutor|68/100|[from] drain|[of] p2a: Shorty
|
|-damage|p2a: Shorty|22/100|[from] Leech Seed|[of] p1a: Exeggutor
|-heal|p1a: Exeggutor|77/100|[silent]
|upkeep
|turn|21
|
|t:|1758961175
|move|p2a: Shorty|Poison Jab|p1a: Exeggutor
|-damage|p1a: Exeggutor|60/100
|-status|p1a: Exeggutor|psn
|move|p1a: Exeggutor|Giga Drain|p2a: Shorty
|-damage|p2a: Shorty|0 fnt
|-heal|p1a: Exeggutor|68/100 psn|[from] drain|[of] p2a: Shorty
|faint|p2a: Shorty
|
|-damage|p1a: Exeggutor|56/100 psn|[from] psn
|upkeep
|
|t:|1758961184
|switch|p2a: Jimmy|Sandslash-Alola, M|100/100
|-item|p2a: Jimmy|Air Balloon
|turn|22
|
|t:|1758961189
|move|p2a: Jimmy|Earthquake|p1a: Exeggutor
|-supereffective|p1a: Exeggutor
|-damage|p1a: Exeggutor|14/100 psn
|move|p1a: Exeggutor|Leech Seed|p2a: Jimmy
|-start|p2a: Jimmy|move: Leech Seed
|
|-damage|p2a: Jimmy|88/100|[from] Leech Seed|[of] p1a: Exeggutor
|-heal|p1a: Exeggutor|24/100 psn|[silent]
|-damage|p1a: Exeggutor|11/100 psn|[from] psn
|upkeep
|turn|23
|
|t:|1758961197
|move|p1a: Exeggutor|Protect|p1a: Exeggutor
|-singleturn|p1a: Exeggutor|Protect
|move|p2a: Jimmy|Stealth Rock||[still]
|-fail|p2a: Jimmy
|
|-damage|p2a: Jimmy|76/100|[from] Leech Seed|[of] p1a: Exeggutor
|-heal|p1a: Exeggutor|22/100 psn|[silent]
|-damage|p1a: Exeggutor|9/100 psn|[from] psn
|upkeep
|turn|24
|
|t:|1758961204
|move|p2a: Jimmy|Rapid Spin|p1a: Exeggutor
|-damage|p1a: Exeggutor|0 fnt
|-boost|p2a: Jimmy|spe|1
|-end|p2a: Jimmy|Leech Seed|[from] move: Rapid Spin|[of] p2a: Jimmy
|faint|p1a: Exeggutor
|
|win|Scuhbee-Fluff
|raw|LousiV's rating: 1128 &rarr; <strong>1105</strong><br />(-23 for losing)
|raw|Scuhbee-Fluff's rating: 1151 &rarr; <strong>1174</strong><br />(+23 for winning)
|l|☆LousiV
|player|p1|
|l|☆Scuhbee-Fluff
|player|p2|
