|j|☆Rectusempra
|j|☆Obito 2001
|t:|1758952315
|gametype|singles
|player|p1|Rectusempra|170|1563
|player|p2|Obito 2001|blue-gen3two|1639
|gen|9
|tier|[Gen 9] OU
|rated|
|rule|HP Percentage Mod: HP is shown in percentages
|rule|Endless Battle Clause: Forcing endless battles is banned
|rule|Species Clause: Limit one of each Pokémon
|rule|OHKO Clause: OHKO moves are banned
|rule|Evasion Items Clause: Evasion items are banned
|rule|Evasion Moves Clause: Evasion moves are banned
|rule|Evasion Abilities Clause: Evasion abilities are banned
|rule|Sleep Moves Clause: Sleep-inducing moves are banned
|clearpoke
|poke|p1|Iron Treads|
|poke|p1|Ogerpon-Wellspring, F|
|poke|p1|Kingambit, F|
|poke|p1|Raging Bolt|
|poke|p1|Iron Valiant|
|poke|p1|Great Tusk|
|poke|p2|Ogerpon-Wellspring, F|
|poke|p2|Scizor, M|
|poke|p2|Sandy Shocks|
|poke|p2|Weezing-Galar, F|
|poke|p2|Dragapult, M|
|poke|p2|Dragonite, F|
|teampreview
|inactive|Battle timer is ON: inactive players will automatically lose when time's up. (requested by Obito 2001)
|inactive|Rectusempra also wants the timer to be on.
|
|t:|1758952327
|teamsize|p1|6
|teamsize|p2|6
|start
|switch|p1a: Iron Treads|Iron Treads|100/100
|switch|p2a: Magnetun|Sandy Shocks|100/100
|turn|1
|
|t:|1758952337
|move|p1a: Iron Treads|Stealth Rock|p2a: Magnetun
|-sidestart|p2: Obito 2001|move: Stealth Rock
|move|p2a: Magnetun|Earth Power|p1a: Iron Treads
|-supereffective|p1a: Iron Treads
|-enditem|p1a: Iron Treads|Focus Sash
|-damage|p1a: Iron Treads|1/100
|-unboost|p1a: Iron Treads|spd|1
|
|upkeep
|turn|2
|
|t:|1758952352
|-end|p2a: Magnetun|Protosynthesis|[silent]
|switch|p2a: Scizor|Scizor, M|100/100
|move|p1a: Iron Treads|Endeavor|p2a: Scizor
|-damage|p2a: Scizor|1/100
|
|upkeep
|turn|3
|
|t:|1758952368
|move|p2a: Scizor|Bullet Punch|p1a: Iron Treads
|-resisted|p1a: Iron Treads
|-crit|p1a: Iron Treads
|-damage|p1a: Iron Treads|0 fnt
|faint|p1a: Iron Treads
|-end|p1a: Iron Treads|Quark Drive|[silent]
|
|upkeep
|
|t:|1758952384
|switch|p1a: Ogerpon|Ogerpon-Wellspring, F|100/100
|turn|4
|
|t:|1758952389
|switch|p2a: Fk hazard noobs|Weezing-Galar, F|100/100
|-ability|p2a: Fk hazard noobs|Neutralizing Gas
|move|p1a: Ogerpon|Ivy Cudgel|p2a: Fk hazard noobs|[anim] Ivy Cudgel Water
|-damage|p2a: Fk hazard noobs|63/100
|
|upkeep
|turn|5
|
|t:|1758952396
|move|p1a: Ogerpon|Swords Dance|p1a: Ogerpon
|-boost|p1a: Ogerpon|atk|2
|move|p2a: Fk hazard noobs|Defog|p1a: Ogerpon
|-unboost|p1a: Ogerpon|evasion|1
|-sideend|p2: Obito 2001|Stealth Rock|[from] move: Defog|[of] p2a: Fk hazard noobs
|
|upkeep
|turn|6
|
|t:|1758952404
|-end|p2a: Fk hazard noobs|ability: Neutralizing Gas
|switch|p2a: Ogerpon|Ogerpon-Wellspring, F|100/100
|move|p1a: Ogerpon|Ivy Cudgel|p2a: Ogerpon|[anim] Ivy Cudgel Water
|-immune|p2a: Ogerpon|[from] ability: Water Absorb
|
|upkeep
|turn|7
|
|t:|1758952409
|move|p1a: Ogerpon|Power Whip|p2a: Ogerpon|[miss]
|-miss|p1a: Ogerpon|p2a: Ogerpon
|move|p2a: Ogerpon|Power Whip|p1a: Ogerpon
|-damage|p1a: Ogerpon|9/100
|
|upkeep
|turn|8
|
|t:|1758952416
|move|p1a: Ogerpon|Power Whip|p2a: Ogerpon
|-damage|p2a: Ogerpon|0 fnt
|faint|p2a: Ogerpon
|
|upkeep
|
|t:|1758952421
|switch|p2a: 👻DraGhost🐉|Dragapult, M|100/100
|turn|9
|
|t:|1758952425
|move|p2a: 👻DraGhost🐉|Dragon Darts|p1a: Ogerpon
|-damage|p1a: Ogerpon|0 fnt
|faint|p1a: Ogerpon
|
|upkeep
|
|t:|1758952431
|switch|p1a: Kingambit|Kingambit, F|100/100
|-activate|p1a: Kingambit|ability: Supreme Overlord
|-start|p1a: Kingambit|fallen2|[silent]
|turn|10
|
|t:|1758952434
|move|p2a: 👻DraGhost🐉|Reflect|p2a: 👻DraGhost🐉
|-sidestart|p2: Obito 2001|Reflect
|move|p1a: Kingambit|Kowtow Cleave|p2a: 👻DraGhost🐉
|-supereffective|p2a: 👻DraGhost🐉
|-damage|p2a: 👻DraGhost🐉|29/100
|
|upkeep
|turn|11
|
|t:|1758952442
|move|p2a: 👻DraGhost🐉|Light Screen|p2a: 👻DraGhost🐉
|-sidestart|p2: Obito 2001|move: Light Screen
|move|p1a: Kingambit|Kowtow Cleave|p2a: 👻DraGhost🐉
|-supereffective|p2a: 👻DraGhost🐉
|-damage|p2a: 👻DraGhost🐉|0 fnt
|faint|p2a: 👻DraGhost🐉
|
|upkeep
|
|t:|1758952444
|switch|p2a: OG👑|Dragonite, F|100/100
|turn|12
|
|t:|1758952447
|move|p2a: OG👑|Dragon Dance|p2a: OG👑
|-boost|p2a: OG👑|atk|1
|-boost|p2a: OG👑|spe|1
|move|p1a: Kingambit|Swords Dance|p1a: Kingambit
|-boost|p1a: Kingambit|atk|2
|
|upkeep
|turn|13
|
|t:|1758952453
|move|p2a: OG👑|Earthquake|p1a: Kingambit
|-supereffective|p1a: Kingambit
|-damage|p1a: Kingambit|0 fnt
|faint|p1a: Kingambit
|-end|p1a: Kingambit|fallen2|[silent]
|
|upkeep
|
|t:|1758952456
|switch|p1a: Great Tusk|Great Tusk|100/100
|-enditem|p1a: Great Tusk|Booster Energy
|-activate|p1a: Great Tusk|ability: Protosynthesis|[fromitem]
|-start|p1a: Great Tusk|protosynthesisspe
|turn|14
|
|t:|1758952461
|move|p1a: Great Tusk|Bulk Up|p1a: Great Tusk
|-boost|p1a: Great Tusk|atk|1
|-boost|p1a: Great Tusk|def|1
|move|p2a: OG👑|Dragon Dance|p2a: OG👑
|-boost|p2a: OG👑|atk|1
|-boost|p2a: OG👑|spe|1
|
|upkeep
|turn|15
|
|t:|1758952466
|move|p2a: OG👑|Dragon Dance|p2a: OG👑
|-boost|p2a: OG👑|atk|1
|-boost|p2a: OG👑|spe|1
|move|p1a: Great Tusk|Rapid Spin|p2a: OG👑
|-damage|p2a: OG👑|95/100
|-boost|p1a: Great Tusk|spe|1
|
|-heal|p2a: OG👑|100/100|[from] item: Leftovers
|upkeep
|turn|16
|
|t:|1758952472
|-terastallize|p1a: Great Tusk|Ice
|-terastallize|p2a: OG👑|Flying
|move|p1a: Great Tusk|Ice Spinner|p2a: OG👑
|-supereffective|p2a: OG👑
|-damage|p2a: OG👑|71/100
|move|p2a: OG👑|Tera Blast|p1a: Great Tusk|[anim] Tera Blast Flying
|-damage|p1a: Great Tusk|32/100
|
|-heal|p2a: OG👑|77/100|[from] item: Leftovers
|upkeep
|turn|17
|
|t:|1758952480
|move|p1a: Great Tusk|Ice Spinner|p2a: OG👑
|-supereffective|p2a: OG👑
|-damage|p2a: OG👑|16/100
|move|p2a: OG👑|Tera Blast|p1a: Great Tusk|[anim] Tera Blast Flying
|-damage|p1a: Great Tusk|0 fnt
|faint|p1a: Great Tusk
|-end|p1a: Great Tusk|Protosynthesis|[silent]
|
|-heal|p2a: OG👑|22/100|[from] item: Leftovers
|-sideend|p2: Obito 2001|Reflect
|upkeep
|
|t:|1758952483
|switch|p1a: Raging Bolt|Raging Bolt|100/100
|-enditem|p1a: Raging Bolt|Booster Energy
|-activate|p1a: Raging Bolt|ability: Protosynthesis|[fromitem]
|-start|p1a: Raging Bolt|protosynthesisspa
|turn|18
|
|t:|1758952486
|move|p2a: OG👑|Dragon Dance|p2a: OG👑
|-boost|p2a: OG👑|atk|1
|-boost|p2a: OG👑|spe|1
|move|p1a: Raging Bolt|Thunderbolt|p2a: OG👑
|-supereffective|p2a: OG👑
|-damage|p2a: OG👑|0 fnt
|faint|p2a: OG👑
|
|-sideend|p2: Obito 2001|move: Light Screen
|upkeep
|
|t:|1758952489
|switch|p2a: Magnetun|Sandy Shocks|100/100
|turn|19
|
|t:|1758952497
|move|p2a: Magnetun|Earth Power|p1a: Raging Bolt
|-supereffective|p1a: Raging Bolt
|-damage|p1a: Raging Bolt|18/100
|move|p1a: Raging Bolt|Draco Meteor|p2a: Magnetun
|-damage|p2a: Magnetun|0 fnt
|-unboost|p1a: Raging Bolt|spa|2
|faint|p2a: Magnetun
|-end|p2a: Magnetun|Protosynthesis|[silent]
|
|upkeep
|
|t:|1758952510
|switch|p2a: Fk hazard noobs|Weezing-Galar, F|63/100
|-ability|p2a: Fk hazard noobs|Neutralizing Gas
|turn|20
|
|t:|1758952513
|-end|p1a: Raging Bolt|Protosynthesis|[silent]
|switch|p1a: Iron Valiant|Iron Valiant|100/100
|move|p2a: Fk hazard noobs|Sludge Bomb|p1a: Iron Valiant
|-supereffective|p1a: Iron Valiant
|-damage|p1a: Iron Valiant|9/100
|-status|p1a: Iron Valiant|psn
|
|-damage|p1a: Iron Valiant|0 fnt|[from] psn
|faint|p1a: Iron Valiant
|-end|p1a: Iron Valiant|Quark Drive|[silent]
|upkeep
|
|t:|1758952516
|switch|p1a: Raging Bolt|Raging Bolt|18/100
|turn|21
|
|t:|1758952521
|move|p1a: Raging Bolt|Thunderbolt|p2a: Fk hazard noobs
|-damage|p2a: Fk hazard noobs|0 fnt
|faint|p2a: Fk hazard noobs
|-end|p2a: Fk hazard noobs|ability: Neutralizing Gas
|
|upkeep
|
|t:|1758952524
|switch|p2a: Scizor|Scizor, M|1/100
|turn|22
|
|t:|1758952528
|move|p1a: Raging Bolt|Thunderclap||[still]
|-fail|p1a: Raging Bolt
|move|p2a: Scizor|Swords Dance|p2a: Scizor
|-boost|p2a: Scizor|atk|2
|
|upkeep
|turn|23
|
|t:|1758952534
|move|p1a: Raging Bolt|Thunderclap||[still]
|-fail|p1a: Raging Bolt
|move|p2a: Scizor|Swords Dance|p2a: Scizor
|-boost|p2a: Scizor|atk|2
|
|upkeep
|turn|24
|
|t:|1758952538
|move|p2a: Scizor|Bullet Punch|p1a: Raging Bolt
|-resisted|p1a: Raging Bolt
|-damage|p1a: Raging Bolt|0 fnt
|faint|p1a: Raging Bolt
|-end|p1a: Raging Bolt|Protosynthesis|[silent]
|
|win|Obito 2001
|raw|Rectusempra's rating: 1563 &rarr; <strong>1547</strong><br />(-16 for losing)
|raw|Obito 2001's rating: 1639 &rarr; <strong>1655</strong><br />(+16 for winning)
|l|☆Rectusempra
|player|p1|
