|j|☆Yothas
|j|☆youjustgotnoobed
|t:|1758993680
|gametype|singles
|player|p1|Yothas|266|1397
|player|p2|youjustgotnoobed|lady|1380
|gen|9
|tier|[Gen 9] OU
|rated|
|rule|HP Percentage Mod: HP is shown in percentages
|rule|Endless Battle Clause: Forcing endless battles is banned
|rule|Species Clause: Limit one of each Pokémon
|rule|OHKO Clause: OHKO moves are banned
|rule|Evasion Items Clause: Evasion items are banned
|rule|Evasion Moves Clause: Evasion moves are banned
|rule|Evasion Abilities Clause: Evasion abilities are banned
|rule|Sleep Moves Clause: Sleep-inducing moves are banned
|clearpoke
|poke|p1|Slaking, M|
|poke|p1|Clodsire, F|
|poke|p1|Clefable, M|
|poke|p1|Medicham, F|
|poke|p1|Landorus-Therian, M|
|poke|p1|Blastoise, M|
|poke|p2|Alomomola, M|
|poke|p2|Hoopa-Unbound|
|poke|p2|Great Tusk|
|poke|p2|Slowking-Galar, F|
|poke|p2|Iron Valiant|
|poke|p2|Gholdengo|
|teampreview
|inactive|Battle timer is ON: inactive players will automatically lose when time's up. (requested by Yothas)
|
|t:|1758993695
|teamsize|p1|6
|teamsize|p2|6
|start
|switch|p1a: Slaking|Slaking, M|100/100
|switch|p2a: Iron Valiant|Iron Valiant|100/100
|turn|1
|
|t:|1758993716
|-end|p2a: Iron Valiant|Quark Drive|[silent]
|switch|p2a: Gholdengo|Gholdengo|100/100
|-item|p2a: Gholdengo|Air Balloon
|switch|p1a: Clodsire|Clodsire, F|100/100
|
|upkeep
|turn|2
|l|☆Yothas
|inactive|Yothas disconnected and has a minute to reconnect!
|player|p1|
|j|☆Yothas
|inactive|Yothas reconnected and has 150 seconds left.
|player|p1|Yothas|266|
|
|t:|1758993730
|switch|p2a: Slowking|Slowking-Galar, F|100/100
|switch|p1a: Landorus|Landorus-Therian, M|100/100
|-ability|p1a: Landorus|Intimidate|boost
|-unboost|p2a: Slowking|atk|1
|
|upkeep
|turn|3
|
|t:|1758993736
|move|p1a: Landorus|Psychic|p2a: Slowking
|-damage|p2a: Slowking|79/100
|-damage|p1a: Landorus|90/100|[from] item: Life Orb
|-prepare|p2a: Slowking|Chilly Reception|[premajor]
|move|p2a: Slowking|Chilly Reception|p2a: Slowking
|-weather|Snowscape
|
|t:|1758993749
|switch|p2a: Hoopa|Hoopa-Unbound|100/100|[from] Chilly Reception
|
|-weather|Snowscape|[upkeep]
|upkeep
|turn|4
|
|t:|1758993753
|switch|p1a: Clefable|Clefable, M|100/100
|move|p2a: Hoopa|Knock Off|p1a: Clefable
|-resisted|p1a: Clefable
|-damage|p1a: Clefable|81/100
|-enditem|p1a: Clefable|Leftovers|[from] move: Knock Off|[of] p2a: Hoopa
|
|-weather|Snowscape|[upkeep]
|upkeep
|turn|5
|
|t:|1758993772
|switch|p2a: Gholdengo|Gholdengo|100/100
|-item|p2a: Gholdengo|Air Balloon
|move|p1a: Clefable|Stealth Rock|p2a: Gholdengo
|-sidestart|p2: youjustgotnoobed|move: Stealth Rock
|
|-weather|Snowscape|[upkeep]
|upkeep
|turn|6
|
|t:|1758993780
|switch|p1a: Clodsire|Clodsire, F|100/100
|move|p2a: Gholdengo|Make It Rain|p1a: Clodsire
|-damage|p1a: Clodsire|72/100
|-unboost|p2a: Gholdengo|spa|1
|
|-weather|Snowscape|[upkeep]
|-heal|p1a: Clodsire|79/100|[from] item: Leftovers
|upkeep
|turn|7
|
|t:|1758993789
|switch|p2a: Slowking|Slowking-Galar, F|100/100
|-damage|p2a: Slowking|88/100|[from] Stealth Rock
|move|p1a: Clodsire|Spikes|p2a: Slowking
|-sidestart|p2: youjustgotnoobed|Spikes
|
|-weather|none
|-heal|p1a: Clodsire|85/100|[from] item: Leftovers
|upkeep
|turn|8
|
|t:|1758993794
|move|p1a: Clodsire|Earthquake|p2a: Slowking
|-supereffective|p2a: Slowking
|-enditem|p2a: Slowking|Shuca Berry|[eat]
|-enditem|p2a: Slowking|Shuca Berry|[weaken]
|-damage|p2a: Slowking|60/100
|move|p2a: Slowking|Future Sight|p1a: Clodsire
|-start|p2a: Slowking|move: Future Sight
|
|-heal|p1a: Clodsire|91/100|[from] item: Leftovers
|upkeep
|turn|9
|
|t:|1758993804
|switch|p1a: Slaking|Slaking, M|100/100
|switch|p2a: Great Tusk|Great Tusk|100/100
|
|upkeep
|turn|10
|
|t:|1758993811
|move|p1a: Slaking|Play Rough|p2a: Great Tusk
|-supereffective|p2a: Great Tusk
|-damage|p2a: Great Tusk|26/100
|move|p2a: Great Tusk|Rapid Spin|p1a: Slaking
|-damage|p1a: Slaking|87/100
|-boost|p2a: Great Tusk|spe|1
|-sideend|p2: youjustgotnoobed|Spikes|[from] move: Rapid Spin|[of] p2a: Great Tusk
|-sideend|p2: youjustgotnoobed|Stealth Rock|[from] move: Rapid Spin|[of] p2a: Great Tusk
|
|-end|p1a: Slaking|move: Future Sight
|-damage|p1a: Slaking|42/100
|upkeep
|turn|11
|
|t:|1758993825
|switch|p1a: Landorus|Landorus-Therian, M|90/100
|-ability|p1a: Landorus|Intimidate|boost
|-unboost|p2a: Great Tusk|atk|1
|move|p2a: Great Tusk|Ice Spinner|p1a: Landorus
|-supereffective|p1a: Landorus
|-damage|p1a: Landorus|0 fnt
|faint|p1a: Landorus
|
|upkeep
|
|t:|1758993835
|switch|p1a: Blastoise|Blastoise, M, shiny|100/100
|turn|12
|
|t:|1758993842
|-end|p2a: Great Tusk|Protosynthesis|[silent]
|switch|p2a: Alomomola|Alomomola, M|100/100
|move|p1a: Blastoise|Flip Turn|p2a: Alomomola
|-resisted|p2a: Alomomola
|-damage|p2a: Alomomola|95/100
|
|t:|1758993857
|switch|p1a: Slaking|Slaking, M|42/100|[from] Flip Turn
|
|upkeep
|turn|13
|
|t:|1758993861
|move|p1a: Slaking|Knock Off|p2a: Alomomola
|-damage|p2a: Alomomola|53/100
|-enditem|p2a: Alomomola|Heavy-Duty Boots|[from] move: Knock Off|[of] p1a: Slaking
|move|p2a: Alomomola|Wish|p2a: Alomomola
|
|upkeep
|turn|14
|
|t:|1758993868
|cant|p1a: Slaking|ability: Truant
|move|p2a: Alomomola|Flip Turn|p1a: Slaking
|-damage|p1a: Slaking|30/100
|
|t:|1758993873
|switch|p2a: Great Tusk|Great Tusk|26/100|[from] Flip Turn
|
|-heal|p2a: Great Tusk|89/100|[from] move: Wish|[wisher] Alomomola
|upkeep
|turn|15
|
|t:|1758993887
|switch|p1a: Blastoise|Blastoise, M, shiny|100/100
|move|p2a: Great Tusk|Headlong Rush|p1a: Blastoise
|-damage|p1a: Blastoise|51/100
|-unboost|p2a: Great Tusk|def|1
|-unboost|p2a: Great Tusk|spd|1
|
|-heal|p1a: Blastoise|57/100|[from] item: Leftovers
|upkeep
|turn|16
|
|t:|1758993893
|-end|p2a: Great Tusk|Protosynthesis|[silent]
|switch|p2a: Alomomola|Alomomola, M|86/100
|move|p1a: Blastoise|Surf|p2a: Alomomola
|-resisted|p2a: Alomomola
|-damage|p2a: Alomomola|74/100
|
|-heal|p1a: Blastoise|63/100|[from] item: Leftovers
|upkeep
|turn|17
|
|t:|1758993898
|move|p1a: Blastoise|Flip Turn|p2a: Alomomola
|-resisted|p2a: Alomomola
|-damage|p2a: Alomomola|69/100
|
|t:|1758993900
|switch|p1a: Slaking|Slaking, M|30/100|[from] Flip Turn
|move|p2a: Alomomola|Wish|p2a: Alomomola
|
|upkeep
|turn|18
|
|t:|1758993906
|move|p1a: Slaking|Giga Impact|p2a: Alomomola
|-damage|p2a: Alomomola|0 fnt
|-mustrecharge|p1a: Slaking
|faint|p2a: Alomomola
|
|upkeep
|
|t:|1758993917
|switch|p2a: Great Tusk|Great Tusk|89/100
|turn|19
|
|t:|1758993923
|cant|p1a: Slaking|recharge
|move|p2a: Great Tusk|Headlong Rush|p1a: Slaking
|-damage|p1a: Slaking|0 fnt
|-unboost|p2a: Great Tusk|def|1
|-unboost|p2a: Great Tusk|spd|1
|faint|p1a: Slaking
|
|upkeep
|
|t:|1758993931
|switch|p1a: Medicham|Medicham, F, shiny|100/100
|turn|20
|
|t:|1758993937
|-end|p2a: Great Tusk|Protosynthesis|[silent]
|switch|p2a: Gholdengo|Gholdengo|100/100
|-item|p2a: Gholdengo|Air Balloon
|move|p1a: Medicham|Psycho Cut|p2a: Gholdengo
|-resisted|p2a: Gholdengo
|-damage|p2a: Gholdengo|85/100
|-enditem|p2a: Gholdengo|Air Balloon
|
|upkeep
|turn|21
|
|t:|1758993944
|switch|p1a: Clodsire|Clodsire, F|91/100
|move|p2a: Gholdengo|Shadow Ball|p1a: Clodsire
|-damage|p1a: Clodsire|72/100
|
|-heal|p1a: Clodsire|78/100|[from] item: Leftovers
|upkeep
|turn|22
|
|t:|1758993952
|switch|p2a: Iron Valiant|Iron Valiant|100/100
|move|p1a: Clodsire|Toxic|p2a: Iron Valiant
|-status|p2a: Iron Valiant|tox
|
|-heal|p1a: Clodsire|84/100|[from] item: Leftovers
|-damage|p2a: Iron Valiant|94/100 tox|[from] psn
|upkeep
|turn|23
|
|t:|1758993958
|move|p2a: Iron Valiant|Trick|p1a: Clodsire
|-activate|p2a: Iron Valiant|move: Trick|[of] p1a: Clodsire
|-item|p1a: Clodsire|Choice Specs|[from] move: Trick
|-item|p2a: Iron Valiant|Leftovers|[from] move: Trick
|move|p1a: Clodsire|Spikes|p2a: Iron Valiant
|-sidestart|p2: youjustgotnoobed|Spikes
|
|-heal|p2a: Iron Valiant|100/100 tox|[from] item: Leftovers
|-damage|p2a: Iron Valiant|88/100 tox|[from] psn
|upkeep
|turn|24
|
|t:|1758993968
|-end|p2a: Iron Valiant|Quark Drive|[silent]
|switch|p2a: Great Tusk|Great Tusk|89/100
|switch|p1a: Blastoise|Blastoise, M, shiny|63/100
|
|-heal|p1a: Blastoise|69/100|[from] item: Leftovers
|upkeep
|turn|25
|
|t:|1758993978
|-terastallize|p2a: Great Tusk|Steel
|move|p2a: Great Tusk|Headlong Rush|p1a: Blastoise
|-damage|p1a: Blastoise|19/100
|-unboost|p2a: Great Tusk|def|1
|-unboost|p2a: Great Tusk|spd|1
|move|p1a: Blastoise|Surf|p2a: Great Tusk
|-damage|p2a: Great Tusk|0 fnt
|faint|p2a: Great Tusk
|-end|p2a: Great Tusk|Protosynthesis|[silent]
|
|-heal|p1a: Blastoise|25/100|[from] item: Leftovers
|upkeep
|
|t:|1758993992
|switch|p2a: Iron Valiant|Iron Valiant|88/100 tox
|-damage|p2a: Iron Valiant|76/100 tox|[from] Spikes
|turn|26
|
|t:|1758994000
|switch|p1a: Clodsire|Clodsire, F|84/100
|move|p2a: Iron Valiant|Shadow Ball|p1a: Clodsire
|-damage|p1a: Clodsire|70/100
|
|-heal|p2a: Iron Valiant|82/100 tox|[from] item: Leftovers
|-damage|p2a: Iron Valiant|76/100 tox|[from] psn
|upkeep
|turn|27
|
|t:|1758994008
|-end|p2a: Iron Valiant|Quark Drive|[silent]
|switch|p2a: Hoopa|Hoopa-Unbound|100/100
|-damage|p2a: Hoopa|88/100|[from] Spikes
|move|p1a: Clodsire|Earthquake|p2a: Hoopa
|-damage|p2a: Hoopa|58/100
|
|upkeep
|turn|28
|
|t:|1758994016
|switch|p1a: Clefable|Clefable, M|81/100
|move|p2a: Hoopa|Psychic Noise|p1a: Clefable
|-damage|p1a: Clefable|35/100
|-start|p1a: Clefable|move: Heal Block
|
|upkeep
|turn|29
|
|t:|1758994025
|move|p2a: Hoopa|Psychic Noise|p1a: Clefable
|-damage|p1a: Clefable|0 fnt
|faint|p1a: Clefable
|
|upkeep
|
|t:|1758994027
|switch|p1a: Medicham|Medicham, F, shiny|100/100
|turn|30
|
|t:|1758994034
|move|p1a: Medicham|Close Combat|p2a: Hoopa
|-damage|p2a: Hoopa|0 fnt
|-unboost|p1a: Medicham|def|1
|-unboost|p1a: Medicham|spd|1
|faint|p2a: Hoopa
|
|upkeep
|
|t:|1758994038
|switch|p2a: Gholdengo|Gholdengo|85/100
|-damage|p2a: Gholdengo|72/100|[from] Spikes
|turn|31
|
|t:|1758994045
|switch|p1a: Clodsire|Clodsire, F|70/100
|move|p2a: Gholdengo|Shadow Ball|p1a: Clodsire
|-damage|p1a: Clodsire|51/100
|
|upkeep
|turn|32
|
|t:|1758994060
|move|p2a: Gholdengo|Shadow Ball|p1a: Clodsire
|-damage|p1a: Clodsire|34/100
|move|p1a: Clodsire|Earthquake|p2a: Gholdengo
|-supereffective|p2a: Gholdengo
|-damage|p2a: Gholdengo|32/100
|
|upkeep
|turn|33
|
|t:|1758994068
|move|p2a: Gholdengo|Recover|p2a: Gholdengo
|-heal|p2a: Gholdengo|82/100
|move|p1a: Clodsire|Earthquake|p2a: Gholdengo
|-supereffective|p2a: Gholdengo
|-damage|p2a: Gholdengo|45/100
|
|upkeep
|turn|34
|
|t:|1758994078
|move|p2a: Gholdengo|Shadow Ball|p1a: Clodsire
|-damage|p1a: Clodsire|14/100
|move|p1a: Clodsire|Earthquake|p2a: Gholdengo
|-supereffective|p2a: Gholdengo
|-damage|p2a: Gholdengo|7/100
|
|upkeep
|turn|35
|
|t:|1758994086
|move|p2a: Gholdengo|Recover|p2a: Gholdengo
|-heal|p2a: Gholdengo|57/100
|move|p1a: Clodsire|Earthquake|p2a: Gholdengo
|-supereffective|p2a: Gholdengo
|-damage|p2a: Gholdengo|15/100
|
|upkeep
|turn|36
|
|t:|1758994090
|move|p2a: Gholdengo|Recover|p2a: Gholdengo
|-heal|p2a: Gholdengo|65/100
|move|p1a: Clodsire|Earthquake|p2a: Gholdengo
|-supereffective|p2a: Gholdengo
|-damage|p2a: Gholdengo|28/100
|
|upkeep
|turn|37
|
|t:|1758994097
|move|p2a: Gholdengo|Recover|p2a: Gholdengo
|-heal|p2a: Gholdengo|78/100
|move|p1a: Clodsire|Earthquake|p2a: Gholdengo
|-supereffective|p2a: Gholdengo
|-damage|p2a: Gholdengo|41/100
|
|upkeep
|turn|38
|
|t:|1758994102
|move|p2a: Gholdengo|Recover|p2a: Gholdengo
|-heal|p2a: Gholdengo|91/100
|move|p1a: Clodsire|Earthquake|p2a: Gholdengo
|-supereffective|p2a: Gholdengo
|-damage|p2a: Gholdengo|52/100
|
|upkeep
|turn|39
|
|t:|1758994112
|switch|p1a: Blastoise|Blastoise, M, shiny|25/100
|move|p2a: Gholdengo|Recover|p2a: Gholdengo
|-heal|p2a: Gholdengo|100/100
|
|-heal|p1a: Blastoise|31/100|[from] item: Leftovers
|upkeep
|turn|40
|
|t:|1758994116
|switch|p1a: Clodsire|Clodsire, F|14/100
|move|p2a: Gholdengo|Shadow Ball|p1a: Clodsire
|-damage|p1a: Clodsire|0 fnt
|faint|p1a: Clodsire
|
|upkeep
|
|t:|1758994120
|switch|p1a: Medicham|Medicham, F, shiny|100/100
|turn|41
|
|t:|1758994131
|-terastallize|p1a: Medicham|Ice
|move|p1a: Medicham|Psycho Cut|p2a: Gholdengo
|-resisted|p2a: Gholdengo
|-damage|p2a: Gholdengo|86/100
|move|p2a: Gholdengo|Shadow Ball|p1a: Medicham
|-damage|p1a: Medicham|40/100
|
|upkeep
|turn|42
|
|t:|1758994141
|move|p1a: Medicham|Psycho Cut|p2a: Gholdengo
|-resisted|p2a: Gholdengo
|-damage|p2a: Gholdengo|71/100
|move|p2a: Gholdengo|Shadow Ball|p1a: Medicham
|-damage|p1a: Medicham|0 fnt
|faint|p1a: Medicham
|
|upkeep
|inactive|Yothas has 120 seconds left.
|l|☆Yothas
|inactive|Yothas disconnected and has a minute to reconnect!
|player|p1|
|inactive|Yothas has 30 seconds to reconnect!
|inactive|Yothas has 20 seconds to reconnect!
|inactive|Yothas has 15 seconds to reconnect!
|inactive|Yothas has 10 seconds to reconnect!
|inactive|Yothas has 5 seconds to reconnect!
|-message|Yothas lost due to inactivity.
|
|win|youjustgotnoobed
|raw|Yothas's rating: 1397 &rarr; <strong>1376</strong><br />(-21 for losing)
|raw|youjustgotnoobed's rating: 1380 &rarr; <strong>1401</strong><br />(+21 for winning)
|l|☆youjustgotnoobed
|player|p2|
