|j|‽egoist1111
|j|☆Samarand
|t:|1758953782
|gametype|singles
|player|p1|egoist1111|pokemonrangerf-gen4|1394
|player|p2|Samarand|veteranf|1439
|gen|9
|tier|[Gen 9] OU
|rated|
|rule|HP Percentage Mod: HP is shown in percentages
|rule|Endless Battle Clause: Forcing endless battles is banned
|rule|Species Clause: Limit one of each Pokémon
|rule|OHKO Clause: OHKO moves are banned
|rule|Evasion Items Clause: Evasion items are banned
|rule|Evasion Moves Clause: Evasion moves are banned
|rule|Evasion Abilities Clause: Evasion abilities are banned
|rule|Sleep Moves Clause: Sleep-inducing moves are banned
|clearpoke
|poke|p1|Clodsire, M|
|poke|p1|Pelipper, F|
|poke|p1|Barraskewda, M|
|poke|p1|Zapdos|
|poke|p1|Incineroar, F|
|poke|p1|Corviknight, M|
|poke|p2|Delphox, F|
|poke|p2|Glimmora, F|
|poke|p2|Toucannon, M|
|poke|p2|Primarina, M|
|poke|p2|Meowscarada, M|
|poke|p2|Iron Treads|
|teampreview
|inactive|Battle timer is ON: inactive players will automatically lose when time's up. (requested by egoist1111)
|
|t:|1758953802
|teamsize|p1|6
|teamsize|p2|6
|start
|switch|p1a: Pelipper|Pelipper, F|100/100
|switch|p2a: Meowscarada|Meowscarada, M|100/100
|-weather|RainDance|[from] ability: Drizzle|[of] p1a: Pelipper
|turn|1
|
|t:|1758953814
|move|p2a: Meowscarada|Triple Axel|p1a: Pelipper|[miss]
|-start|p2a: Meowscarada|typechange|Ice|[from] ability: Protean
|-miss|p2a: Meowscarada|p1a: Pelipper
|move|p1a: Pelipper|U-turn|p2a: Meowscarada
|-crit|p2a: Meowscarada
|-damage|p2a: Meowscarada|78/100
|
|t:|1758953822
|switch|p1a: Barraskewda|Barraskewda, M|100/100|[from] U-turn
|
|-weather|RainDance|[upkeep]
|upkeep
|turn|2
|
|t:|1758953842
|move|p2a: Meowscarada|Sucker Punch|p1a: Barraskewda
|-damage|p1a: Barraskewda|61/100
|move|p1a: Barraskewda|Liquidation|p2a: Meowscarada
|-damage|p2a: Meowscarada|0 fnt
|faint|p2a: Meowscarada
|
|-weather|RainDance|[upkeep]
|upkeep
|
|t:|1758953848
|switch|p2a: Toucannon|Toucannon, M|100/100
|turn|3
|
|t:|1758953852
|switch|p1a: Zapdos|Zapdos|100/100
|-singleturn|p2a: Toucannon|move: Beak Blast
|move|p2a: Toucannon|Beak Blast|p1a: Zapdos
|-resisted|p1a: Zapdos
|-damage|p1a: Zapdos|74/100
|
|-weather|RainDance|[upkeep]
|upkeep
|turn|4
|
|t:|1758953864
|switch|p2a: Iron Treads|Iron Treads|100/100
|move|p1a: Zapdos|Weather Ball|p2a: Iron Treads
|-supereffective|p2a: Iron Treads
|-damage|p2a: Iron Treads|0 fnt
|faint|p2a: Iron Treads
|-end|p2a: Iron Treads|Quark Drive|[silent]
|
|-weather|RainDance|[upkeep]
|upkeep
|inactive|Samarand has 120 seconds left.
|
|t:|1758953900
|switch|p2a: Glimmora|Glimmora, F|100/100
|turn|5
|
|t:|1758953922
|-terastallize|p2a: Glimmora|Grass
|move|p1a: Zapdos|Volt Switch|p2a: Glimmora
|-resisted|p2a: Glimmora
|-damage|p2a: Glimmora|88/100
|
|t:|1758953927
|switch|p1a: Corviknight|Corviknight, M|100/100|[from] Volt Switch
|-ability|p1a: Corviknight|Pressure
|move|p2a: Glimmora|Power Gem|p1a: Corviknight
|-damage|p1a: Corviknight|57/100
|
|-weather|RainDance|[upkeep]
|upkeep
|turn|6
|
|t:|1758953939
|switch|p2a: Primarina|Primarina, M|100/100
|move|p1a: Corviknight|Roost|p1a: Corviknight
|-heal|p1a: Corviknight|100/100
|-singleturn|p1a: Corviknight|move: Roost
|
|-weather|RainDance|[upkeep]
|upkeep
|turn|7
|
|t:|1758953945
|move|p2a: Primarina|Calm Mind|p2a: Primarina
|-boost|p2a: Primarina|spa|1
|-boost|p2a: Primarina|spd|1
|move|p1a: Corviknight|U-turn|p2a: Primarina
|-resisted|p2a: Primarina
|-damage|p2a: Primarina|93/100
|inactive|egoist1111 has 120 seconds left.
|
|t:|1758953968
|switch|p1a: Zapdos|Zapdos|74/100|[from] U-turn
|
|-weather|RainDance|[upkeep]
|-heal|p2a: Primarina|99/100|[from] item: Leftovers
|upkeep
|turn|8
|
|t:|1758953975
|move|p1a: Zapdos|Thunder|p2a: Primarina
|-supereffective|p2a: Primarina
|-damage|p2a: Primarina|39/100
|move|p2a: Primarina|Draining Kiss|p1a: Zapdos
|-damage|p1a: Zapdos|26/100
|-heal|p2a: Primarina|71/100|[from] drain|[of] p1a: Zapdos
|
|-weather|none
|-heal|p2a: Primarina|77/100|[from] item: Leftovers
|upkeep
|turn|9
|
|t:|1758953983
|switch|p1a: Pelipper|Pelipper, F|100/100
|-weather|RainDance|[from] ability: Drizzle|[of] p1a: Pelipper
|move|p2a: Primarina|Draining Kiss|p1a: Pelipper
|-damage|p1a: Pelipper|40/100
|-heal|p2a: Primarina|100/100|[from] drain|[of] p1a: Pelipper
|
|-weather|RainDance|[upkeep]
|upkeep
|turn|10
|
|t:|1758953993
|move|p2a: Primarina|Calm Mind|p2a: Primarina
|-boost|p2a: Primarina|spa|1
|-boost|p2a: Primarina|spd|1
|move|p1a: Pelipper|U-turn|p2a: Primarina
|-resisted|p2a: Primarina
|-damage|p2a: Primarina|95/100
|
|t:|1758954007
|switch|p1a: Zapdos|Zapdos|26/100|[from] U-turn
|
|-weather|RainDance|[upkeep]
|-heal|p2a: Primarina|100/100|[from] item: Leftovers
|upkeep
|turn|11
|
|t:|1758954014
|move|p1a: Zapdos|Volt Switch|p2a: Primarina
|-supereffective|p2a: Primarina
|-damage|p2a: Primarina|71/100
|
|t:|1758954017
|switch|p1a: Corviknight|Corviknight, M|100/100|[from] Volt Switch
|-ability|p1a: Corviknight|Pressure
|move|p2a: Primarina|Draining Kiss|p1a: Corviknight
|-resisted|p1a: Corviknight
|-damage|p1a: Corviknight|72/100
|-heal|p2a: Primarina|94/100|[from] drain|[of] p1a: Corviknight
|-damage|p2a: Primarina|78/100|[from] item: Rocky Helmet|[of] p1a: Corviknight
|
|-weather|RainDance|[upkeep]
|-heal|p2a: Primarina|84/100|[from] item: Leftovers
|upkeep
|turn|12
|
|t:|1758954027
|move|p2a: Primarina|Calm Mind|p2a: Primarina
|-boost|p2a: Primarina|spa|1
|-boost|p2a: Primarina|spd|1
|move|p1a: Corviknight|U-turn|p2a: Primarina
|-resisted|p2a: Primarina
|-damage|p2a: Primarina|76/100
|
|t:|1758954029
|switch|p1a: Barraskewda|Barraskewda, M|61/100|[from] U-turn
|
|-weather|RainDance|[upkeep]
|-heal|p2a: Primarina|82/100|[from] item: Leftovers
|upkeep
|turn|13
|
|t:|1758954034
|-terastallize|p1a: Barraskewda|Water
|move|p1a: Barraskewda|Flip Turn|p2a: Primarina
|-resisted|p2a: Primarina
|-damage|p2a: Primarina|24/100
|
|t:|1758954039
|switch|p1a: Corviknight|Corviknight, M|72/100|[from] Flip Turn
|-ability|p1a: Corviknight|Pressure
|move|p2a: Primarina|Draining Kiss|p1a: Corviknight
|-resisted|p1a: Corviknight
|-damage|p1a: Corviknight|41/100
|-heal|p2a: Primarina|49/100|[from] drain|[of] p1a: Corviknight
|-damage|p2a: Primarina|33/100|[from] item: Rocky Helmet|[of] p1a: Corviknight
|
|-weather|RainDance|[upkeep]
|-heal|p2a: Primarina|39/100|[from] item: Leftovers
|upkeep
|turn|14
|
|t:|1758954049
|move|p2a: Primarina|Surf|p1a: Corviknight
|-damage|p1a: Corviknight|0 fnt
|faint|p1a: Corviknight
|
|-weather|RainDance|[upkeep]
|-heal|p2a: Primarina|45/100|[from] item: Leftovers
|upkeep
|
|t:|1758954053
|switch|p1a: Barraskewda|Barraskewda, M, tera:Water|61/100
|turn|15
|
|t:|1758954057
|switch|p2a: Toucannon|Toucannon, M|100/100
|move|p1a: Barraskewda|Liquidation|p2a: Toucannon
|-damage|p2a: Toucannon|0 fnt
|-damage|p1a: Barraskewda|44/100|[from] item: Rocky Helmet|[of] p2a: Toucannon
|faint|p2a: Toucannon
|
|-weather|RainDance|[upkeep]
|upkeep
|
|t:|1758954064
|switch|p2a: Glimmora|Glimmora, F, tera:Grass|88/100
|turn|16
|
|t:|1758954085
|switch|p1a: Zapdos|Zapdos|26/100
|move|p2a: Glimmora|Power Gem|p1a: Zapdos
|-supereffective|p1a: Zapdos
|-damage|p1a: Zapdos|0 fnt
|faint|p1a: Zapdos
|
|-weather|none
|upkeep
|
|t:|1758954090
|switch|p1a: Pelipper|Pelipper, F|40/100
|-weather|RainDance|[from] ability: Drizzle|[of] p1a: Pelipper
|turn|17
|
|t:|1758954098
|switch|p2a: Primarina|Primarina, M|45/100
|move|p1a: Pelipper|Hurricane|p2a: Primarina
|-damage|p2a: Primarina|17/100
|
|-weather|RainDance|[upkeep]
|-heal|p2a: Primarina|23/100|[from] item: Leftovers
|upkeep
|turn|18
|
|t:|1758954109
|move|p2a: Primarina|Moonblast|p1a: Pelipper
|-damage|p1a: Pelipper|0 fnt
|faint|p1a: Pelipper
|
|-weather|RainDance|[upkeep]
|-heal|p2a: Primarina|29/100|[from] item: Leftovers
|upkeep
|
|t:|1758954112
|switch|p1a: Barraskewda|Barraskewda, M, tera:Water|44/100
|turn|19
|
|t:|1758954116
|move|p1a: Barraskewda|Liquidation|p2a: Primarina
|-resisted|p2a: Primarina
|-crit|p2a: Primarina
|-damage|p2a: Primarina|0 fnt
|faint|p2a: Primarina
|
|-weather|RainDance|[upkeep]
|upkeep
|
|t:|1758954119
|switch|p2a: Glimmora|Glimmora, F, tera:Grass|88/100
|turn|20
|
|t:|1758954123
|move|p1a: Barraskewda|Liquidation|p2a: Glimmora
|-resisted|p2a: Glimmora
|-damage|p2a: Glimmora|13/100
|-activate|p2a: Glimmora|ability: Toxic Debris
|-sidestart|p1: egoist1111|move: Toxic Spikes
|move|p2a: Glimmora|Earth Power|p1a: Barraskewda
|-damage|p1a: Barraskewda|0 fnt
|faint|p1a: Barraskewda
|
|-weather|RainDance|[upkeep]
|upkeep
|
|t:|1758954138
|switch|p1a: Clodsire|Clodsire, M|100/100
|-sideend|p1: egoist1111|move: Toxic Spikes|[of] p1a: Clodsire
|turn|21
|
|t:|1758954144
|switch|p2a: Delphox|Delphox, F|100/100
|move|p1a: Clodsire|Earthquake|p2a: Delphox
|-supereffective|p2a: Delphox
|-damage|p2a: Delphox|25/100
|
|-weather|RainDance|[upkeep]
|upkeep
|turn|22
|
|t:|1758954150
|move|p2a: Delphox|Psychic|p1a: Clodsire
|-supereffective|p1a: Clodsire
|-damage|p1a: Clodsire|37/100
|-damage|p2a: Delphox|15/100|[from] item: Life Orb
|move|p1a: Clodsire|Earthquake|p2a: Delphox
|-supereffective|p2a: Delphox
|-damage|p2a: Delphox|0 fnt
|faint|p2a: Delphox
|
|-weather|RainDance|[upkeep]
|-heal|p1a: Clodsire|43/100|[from] item: Leftovers
|upkeep
|
|t:|1758954153
|switch|p2a: Glimmora|Glimmora, F, tera:Grass|13/100
|turn|23
|
|t:|1758954156
|move|p2a: Glimmora|Earth Power|p1a: Clodsire
|-supereffective|p1a: Clodsire
|-damage|p1a: Clodsire|6/100
|-unboost|p1a: Clodsire|spd|1
|move|p1a: Clodsire|Earthquake|p2a: Glimmora
|-resisted|p2a: Glimmora
|-damage|p2a: Glimmora|0 fnt
|-activate|p2a: Glimmora|ability: Toxic Debris
|-sidestart|p1: egoist1111|move: Toxic Spikes
|faint|p2a: Glimmora
|
|win|egoist1111
|raw|egoist1111's rating: 1394 &rarr; <strong>1417</strong><br />(+23 for winning)
|raw|Samarand's rating: 1439 &rarr; <strong>1416</strong><br />(-23 for losing)
|l|‽egoist1111
|player|p1|
|l|☆Samarand
|player|p2|
