|j|☆Permanultimatum
|j|☆polo4569
|t:|1759032585
|gametype|singles
|player|p1|Permanultimatum|scientist-gen4|1360
|player|p2|polo4569|102|1267
|gen|9
|tier|[Gen 9] OU
|rated|
|rule|HP Percentage Mod: HP is shown in percentages
|rule|Endless Battle Clause: Forcing endless battles is banned
|rule|Species Clause: Limit one of each Pokémon
|rule|OHKO Clause: OHKO moves are banned
|rule|Evasion Items Clause: Evasion items are banned
|rule|Evasion Moves Clause: Evasion moves are banned
|rule|Evasion Abilities Clause: Evasion abilities are banned
|rule|Sleep Moves Clause: Sleep-inducing moves are banned
|clearpoke
|poke|p1|Porygon-Z|
|poke|p1|Dragonite, F|
|poke|p1|Lokix, M|
|poke|p1|Alomomola, M|
|poke|p1|Deoxys-Defense|
|poke|p1|Samurott-Hisui, F|
|poke|p2|Garchomp, F|
|poke|p2|Revavroom, M|
|poke|p2|Samurott-Hisui, F|
|poke|p2|Zapdos|
|poke|p2|Sinistcha-Masterpiece|
|poke|p2|Arcanine-Hisui, M|
|teampreview
|inactive|Battle timer is ON: inactive players will automatically lose when time's up. (requested by polo4569)
|inactive|Permanultimatum has 120 seconds left.
|
|t:|1759032628
|teamsize|p1|6
|teamsize|p2|6
|start
|switch|p1a: Samurott|Samurott-Hisui, F|100/100
|switch|p2a: Samurott|Samurott-Hisui, F|100/100
|turn|1
|
|t:|1759032635
|move|p2a: Samurott|Flip Turn|p1a: Samurott
|-resisted|p1a: Samurott
|-damage|p1a: Samurott|84/100
|
|t:|1759032647
|switch|p2a: Garchomp|Garchomp, F|100/100|[from] Flip Turn
|move|p1a: Samurott|Sacred Sword|p2a: Garchomp
|-damage|p2a: Garchomp|68/100
|-damage|p1a: Samurott|72/100|[from] ability: Rough Skin|[of] p2a: Garchomp
|-damage|p1a: Samurott|55/100|[from] item: Rocky Helmet|[of] p2a: Garchomp
|
|upkeep
|turn|2
|
|t:|1759032653
|switch|p1a: Alomomola|Alomomola, M|100/100
|move|p2a: Garchomp|Stealth Rock|p1a: Alomomola
|-sidestart|p1: Permanultimatum|move: Stealth Rock
|
|upkeep
|turn|3
|
|t:|1759032671
|switch|p2a: Zapdos|Zapdos|100/100
|move|p1a: Alomomola|Scald|p2a: Zapdos
|-damage|p2a: Zapdos|86/100
|
|-heal|p2a: Zapdos|92/100|[from] item: Leftovers
|upkeep
|turn|4
|
|t:|1759032689
|switch|p1a: Deoxys|Deoxys-Defense|100/100
|-ability|p1a: Deoxys|Pressure
|move|p2a: Zapdos|Thunderbolt|p1a: Deoxys
|-damage|p1a: Deoxys|77/100
|
|-heal|p2a: Zapdos|99/100|[from] item: Leftovers
|upkeep
|turn|5
|
|t:|1759032710
|move|p2a: Zapdos|Thunder Wave|p1a: Deoxys
|-status|p1a: Deoxys|par
|move|p1a: Deoxys|Teleport|p1a: Deoxys
|
|t:|1759032717
|switch|p1a: Porygon-Z|Porygon-Z|100/100|[from] Teleport
|-ability|p1a: Porygon-Z|Download|boost
|-boost|p1a: Porygon-Z|atk|1
|
|-heal|p2a: Zapdos|100/100|[from] item: Leftovers
|upkeep
|turn|6
|
|t:|1759032730
|move|p2a: Zapdos|Thunder Wave|p1a: Porygon-Z|[miss]
|-miss|p2a: Zapdos|p1a: Porygon-Z
|move|p1a: Porygon-Z|Ice Beam|p2a: Zapdos
|-supereffective|p2a: Zapdos
|-damage|p2a: Zapdos|32/100
|
|-heal|p2a: Zapdos|39/100|[from] item: Leftovers
|upkeep
|turn|7
|
|t:|1759032740
|-terastallize|p1a: Porygon-Z|Ground
|move|p2a: Zapdos|Roost|p2a: Zapdos
|-heal|p2a: Zapdos|89/100
|-singleturn|p2a: Zapdos|move: Roost
|move|p1a: Porygon-Z|Agility|p1a: Porygon-Z
|-boost|p1a: Porygon-Z|spe|2
|
|-heal|p2a: Zapdos|95/100|[from] item: Leftovers
|upkeep
|turn|8
|inactive|polo4569 has 120 seconds left.
|
|t:|1759032772
|move|p1a: Porygon-Z|Ice Beam|p2a: Zapdos
|-supereffective|p2a: Zapdos
|-damage|p2a: Zapdos|32/100
|move|p2a: Zapdos|Heat Wave|p1a: Porygon-Z
|-damage|p1a: Porygon-Z|61/100
|
|-heal|p2a: Zapdos|39/100|[from] item: Leftovers
|upkeep
|turn|9
|
|t:|1759032785
|move|p1a: Porygon-Z|Ice Beam|p2a: Zapdos
|-supereffective|p2a: Zapdos
|-damage|p2a: Zapdos|0 fnt
|faint|p2a: Zapdos
|
|upkeep
|inactive|polo4569 has 120 seconds left.
|
|t:|1759032797
|switch|p2a: Sinistcha|Sinistcha-Masterpiece|100/100
|turn|10
|
|t:|1759032813
|switch|p1a: Deoxys|Deoxys-Defense|77/100 par
|-ability|p1a: Deoxys|Pressure
|move|p2a: Sinistcha|Matcha Gotcha|p1a: Deoxys
|-damage|p1a: Deoxys|53/100 par
|
|upkeep
|turn|11
|
|t:|1759032820
|move|p2a: Sinistcha|Shadow Ball|p1a: Deoxys
|-supereffective|p1a: Deoxys
|-damage|p1a: Deoxys|1/100 par
|move|p1a: Deoxys|Recover|p1a: Deoxys
|-heal|p1a: Deoxys|51/100 par
|
|upkeep
|turn|12
|
|t:|1759032825
|switch|p1a: Samurott|Samurott-Hisui, F|55/100
|-damage|p1a: Samurott|43/100|[from] Stealth Rock
|move|p2a: Sinistcha|Shadow Ball|p1a: Samurott
|-resisted|p1a: Samurott
|-crit|p1a: Samurott
|-damage|p1a: Samurott|0 fnt
|faint|p1a: Samurott
|
|upkeep
|
|t:|1759032829
|switch|p1a: Porygon-Z|Porygon-Z, tera:Ground|61/100
|-ability|p1a: Porygon-Z|Download|boost
|-boost|p1a: Porygon-Z|spa|1
|turn|13
|
|t:|1759032836
|move|p1a: Porygon-Z|Ice Beam|p2a: Sinistcha
|-supereffective|p2a: Sinistcha
|-damage|p2a: Sinistcha|26/100
|move|p2a: Sinistcha|Matcha Gotcha|p1a: Porygon-Z
|-supereffective|p1a: Porygon-Z
|-damage|p1a: Porygon-Z|0 fnt
|-heal|p2a: Sinistcha|57/100|[from] drain|[of] p1a: Porygon-Z
|faint|p1a: Porygon-Z
|
|upkeep
|
|t:|1759032841
|switch|p1a: Lokix|Lokix, M|100/100
|turn|14
|
|t:|1759032846
|switch|p2a: Garchomp|Garchomp, F|68/100
|move|p1a: Lokix|Knock Off|p2a: Garchomp
|-damage|p2a: Garchomp|36/100
|-damage|p1a: Lokix|88/100|[from] ability: Rough Skin|[of] p2a: Garchomp
|-damage|p1a: Lokix|72/100|[from] item: Rocky Helmet|[of] p2a: Garchomp
|-enditem|p2a: Garchomp|Rocky Helmet|[from] move: Knock Off|[of] p1a: Lokix
|
|upkeep
|turn|15
|
|t:|1759032867
|switch|p1a: Alomomola|Alomomola, M|100/100
|move|p2a: Garchomp|Dragon Claw|p1a: Alomomola
|-damage|p1a: Alomomola|82/100
|
|upkeep
|turn|16
|
|t:|1759032874
|move|p2a: Garchomp|Earthquake|p1a: Alomomola
|-damage|p1a: Alomomola|58/100
|move|p1a: Alomomola|Flip Turn|p2a: Garchomp
|-damage|p2a: Garchomp|23/100
|-damage|p1a: Alomomola|46/100|[from] ability: Rough Skin|[of] p2a: Garchomp
|
|t:|1759032878
|switch|p1a: Dragonite|Dragonite, F|100/100|[from] Flip Turn
|
|upkeep
|turn|17
|
|t:|1759032880
|move|p2a: Garchomp|Dragon Claw|p1a: Dragonite
|-supereffective|p1a: Dragonite
|-damage|p1a: Dragonite|60/100
|move|p1a: Dragonite|Dragon Dance|p1a: Dragonite
|-boost|p1a: Dragonite|atk|1
|-boost|p1a: Dragonite|spe|1
|
|upkeep
|turn|18
|
|t:|1759032885
|move|p1a: Dragonite|Dragon Claw|p2a: Garchomp
|-supereffective|p2a: Garchomp
|-damage|p2a: Garchomp|0 fnt
|-damage|p1a: Dragonite|48/100|[from] ability: Rough Skin|[of] p2a: Garchomp
|faint|p2a: Garchomp
|
|upkeep
|
|t:|1759032894
|switch|p2a: Arcanine|Arcanine-Hisui, M|100/100
|turn|19
|
|t:|1759032899
|move|p2a: Arcanine|Extreme Speed|p1a: Dragonite
|-damage|p1a: Dragonite|13/100
|-damage|p2a: Arcanine|91/100|[from] item: Life Orb
|move|p1a: Dragonite|Dragon Claw|p2a: Arcanine
|-damage|p2a: Arcanine|15/100
|
|upkeep
|turn|20
|
|t:|1759032906
|switch|p1a: Alomomola|Alomomola, M|79/100
|move|p2a: Arcanine|Extreme Speed|p1a: Alomomola
|-damage|p1a: Alomomola|62/100
|-damage|p2a: Arcanine|5/100|[from] item: Life Orb
|
|upkeep
|turn|21
|
|t:|1759032911
|move|p2a: Arcanine|Head Smash|p1a: Alomomola
|-damage|p1a: Alomomola|14/100
|-damage|p2a: Arcanine|0 fnt|[from] item: Life Orb
|faint|p2a: Arcanine
|move|p1a: Alomomola|Wish|p1a: Alomomola
|
|upkeep
|
|t:|1759032917
|switch|p2a: Revavroom|Revavroom, M|100/100
|turn|22
|
|t:|1759032924
|switch|p1a: Deoxys|Deoxys-Defense|51/100 par
|-ability|p1a: Deoxys|Pressure
|move|p2a: Revavroom|Shift Gear|p2a: Revavroom
|-boost|p2a: Revavroom|spe|2
|-boost|p2a: Revavroom|atk|1
|
|-heal|p1a: Deoxys|100/100 par|[from] move: Wish|[wisher] Alomomola
|upkeep
|turn|23
|
|t:|1759032932
|move|p2a: Revavroom|Shift Gear|p2a: Revavroom
|-boost|p2a: Revavroom|spe|2
|-boost|p2a: Revavroom|atk|1
|move|p1a: Deoxys|Night Shade|p2a: Revavroom
|-damage|p2a: Revavroom|67/100
|
|-heal|p2a: Revavroom|73/100|[from] item: Black Sludge
|upkeep
|turn|24
|
|t:|1759032941
|move|p2a: Revavroom|Iron Head|p1a: Deoxys
|-damage|p1a: Deoxys|32/100 par
|move|p1a: Deoxys|Night Shade|p2a: Revavroom
|-damage|p2a: Revavroom|40/100
|
|-heal|p2a: Revavroom|46/100|[from] item: Black Sludge
|upkeep
|turn|25
|
|t:|1759032945
|switch|p1a: Alomomola|Alomomola, M|47/100
|move|p2a: Revavroom|Iron Head|p1a: Alomomola
|-resisted|p1a: Alomomola
|-damage|p1a: Alomomola|25/100
|
|-heal|p2a: Revavroom|52/100|[from] item: Black Sludge
|upkeep
|turn|26
|
|t:|1759032952
|switch|p1a: Deoxys|Deoxys-Defense|32/100 par
|-ability|p1a: Deoxys|Pressure
|move|p2a: Revavroom|High Horsepower|p1a: Deoxys
|-damage|p1a: Deoxys|0 fnt
|faint|p1a: Deoxys
|
|-heal|p2a: Revavroom|58/100|[from] item: Black Sludge
|upkeep
|
|t:|1759032954
|switch|p1a: Alomomola|Alomomola, M|59/100
|turn|27
|
|t:|1759032959
|move|p2a: Revavroom|Gunk Shot|p1a: Alomomola|[miss]
|-miss|p2a: Revavroom|p1a: Alomomola
|move|p1a: Alomomola|Scald|p2a: Revavroom
|-damage|p2a: Revavroom|36/100
|
|-heal|p2a: Revavroom|42/100|[from] item: Black Sludge
|upkeep
|turn|28
|
|t:|1759032962
|move|p2a: Revavroom|Gunk Shot|p1a: Alomomola|[miss]
|-miss|p2a: Revavroom|p1a: Alomomola
|move|p1a: Alomomola|Scald|p2a: Revavroom
|-damage|p2a: Revavroom|21/100
|
|-heal|p2a: Revavroom|27/100|[from] item: Black Sludge
|upkeep
|turn|29
|
|t:|1759032965
|move|p2a: Revavroom|Gunk Shot|p1a: Alomomola
|-crit|p1a: Alomomola
|-damage|p1a: Alomomola|0 fnt
|faint|p1a: Alomomola
|
|-heal|p2a: Revavroom|33/100|[from] item: Black Sludge
|upkeep
|
|t:|1759032967
|switch|p1a: Lokix|Lokix, M|72/100
|turn|30
|
|t:|1759032969
|move|p1a: Lokix|Sucker Punch|p2a: Revavroom
|-damage|p2a: Revavroom|0 fnt
|faint|p2a: Revavroom
|
|upkeep
|
|t:|1759032978
|switch|p2a: Samurott|Samurott-Hisui, F|100/100
|turn|31
|
|t:|1759032982
|move|p2a: Samurott|Aqua Cutter|p1a: Lokix
|-damage|p1a: Lokix|1/100
|move|p1a: Lokix|U-turn|p2a: Samurott
|-supereffective|p2a: Samurott
|-damage|p2a: Samurott|28/100
|
|t:|1759032986
|switch|p1a: Dragonite|Dragonite, F|13/100|[from] U-turn
|
|upkeep
|turn|32
|
|t:|1759032991
|move|p2a: Samurott|Aqua Cutter|p1a: Dragonite
|-resisted|p1a: Dragonite
|-damage|p1a: Dragonite|0 fnt
|faint|p1a: Dragonite
|
|upkeep
|
|t:|1759032993
|switch|p1a: Lokix|Lokix, M|1/100
|turn|33
|
|t:|1759033009
|move|p1a: Lokix|First Impression|p2a: Samurott
|-supereffective|p2a: Samurott
|-damage|p2a: Samurott|0 fnt
|faint|p2a: Samurott
|
|upkeep
|
|t:|1759033013
|switch|p2a: Sinistcha|Sinistcha-Masterpiece|57/100
|turn|34
|
|t:|1759033024
|-terastallize|p2a: Sinistcha|Flying
|move|p1a: Lokix|Knock Off|p2a: Sinistcha
|-damage|p2a: Sinistcha|8/100
|-enditem|p2a: Sinistcha|Assault Vest|[from] move: Knock Off|[of] p1a: Lokix
|move|p2a: Sinistcha|Tera Blast|p1a: Lokix|[anim] Tera Blast Flying
|-supereffective|p1a: Lokix
|-damage|p1a: Lokix|0 fnt
|faint|p1a: Lokix
|
|win|polo4569
|raw|Permanultimatum's rating: 1360 &rarr; <strong>1335</strong><br />(-25 for losing)
|raw|polo4569's rating: 1267 &rarr; <strong>1299</strong><br />(+32 for winning)
|l|☆polo4569
|player|p2|
|l|☆Permanultimatum
|player|p1|
