|j|☆Elegiast
|j|☆eCONEJO
|t:|1758981188
|gametype|singles
|player|p1|Elegiast|pokemonrangerf|1078
|player|p2|eCONEJO|1|1097
|gen|9
|tier|[Gen 9] OU
|rated|
|rule|HP Percentage Mod: HP is shown in percentages
|rule|Endless Battle Clause: Forcing endless battles is banned
|rule|Species Clause: Limit one of each Pokémon
|rule|OHKO Clause: OHKO moves are banned
|rule|Evasion Items Clause: Evasion items are banned
|rule|Evasion Moves Clause: Evasion moves are banned
|rule|Evasion Abilities Clause: Evasion abilities are banned
|rule|Sleep Moves Clause: Sleep-inducing moves are banned
|clearpoke
|poke|p1|Pecharunt|
|poke|p1|Ting-Lu|
|poke|p1|Raging Bolt|
|poke|p1|Ogerpon-Wellspring, F|
|poke|p1|Pelipper, M|
|poke|p1|Tornadus-Therian, M|
|poke|p2|Greninja-*, F|
|poke|p2|Talonflame, F|
|poke|p2|Meowstic-F, F|
|poke|p2|Trevenant, M|
|poke|p2|Klefki, F|
|poke|p2|Goodra-Hisui, M|
|teampreview
|
|t:|1758981209
|teamsize|p1|6
|teamsize|p2|6
|start
|switch|p1a: Pecharunt|Pecharunt|100/100
|switch|p2a: Klefki|Klefki, F|100/100
|turn|1
|
|t:|1758981217
|move|p2a: Klefki|Spikes|p1a: Pecharunt
|-sidestart|p1: Elegiast|Spikes
|move|p1a: Pecharunt|Malignant Chain|p2a: Klefki
|-immune|p2a: Klefki
|
|upkeep
|turn|2
|c|☆Elegiast|oop
|
|t:|1758981226
|move|p2a: Klefki|Spikes|p1a: Pecharunt
|-sidestart|p1: Elegiast|Spikes
|move|p1a: Pecharunt|Shadow Ball|p2a: Klefki
|-damage|p2a: Klefki|67/100
|
|-heal|p2a: Klefki|73/100|[from] item: Leftovers
|upkeep
|turn|3
|
|t:|1758981236
|move|p2a: Klefki|Spikes|p1a: Pecharunt
|-sidestart|p1: Elegiast|Spikes
|move|p1a: Pecharunt|Shadow Ball|p2a: Klefki
|-damage|p2a: Klefki|41/100
|-unboost|p2a: Klefki|spd|1
|
|-heal|p2a: Klefki|47/100|[from] item: Leftovers
|upkeep
|turn|4
|
|t:|1758981245
|move|p2a: Klefki|Thunder Wave|p1a: Pecharunt
|-status|p1a: Pecharunt|par
|cant|p1a: Pecharunt|par
|
|-heal|p2a: Klefki|53/100|[from] item: Leftovers
|upkeep
|turn|5
|
|t:|1758981252
|move|p2a: Klefki|Foul Play|p1a: Pecharunt
|-supereffective|p1a: Pecharunt
|-damage|p1a: Pecharunt|85/100 par
|move|p1a: Pecharunt|Shadow Ball|p2a: Klefki
|-damage|p2a: Klefki|0 fnt
|faint|p2a: Klefki
|
|upkeep
|
|t:|1758981259
|switch|p2a: Greninja|Greninja, F|100/100
|turn|6
|
|t:|1758981268
|move|p2a: Greninja|Dark Pulse|p1a: Pecharunt
|-start|p2a: Greninja|typechange|Dark|[from] ability: Protean
|-supereffective|p1a: Pecharunt
|-damage|p1a: Pecharunt|0 fnt
|faint|p1a: Pecharunt
|-damage|p2a: Greninja|91/100|[from] item: Life Orb
|
|upkeep
|
|t:|1758981281
|switch|p1a: Pelipper|Pelipper, M|100/100
|-weather|RainDance|[from] ability: Drizzle|[of] p1a: Pelipper
|turn|7
|
|t:|1758981289
|move|p2a: Greninja|U-turn|p1a: Pelipper
|-resisted|p1a: Pelipper
|-damage|p1a: Pelipper|92/100
|-damage|p2a: Greninja|81/100|[from] item: Life Orb
|
|t:|1758981299
|switch|p2a: Goodra|Goodra-Hisui, M|100/100|[from] U-turn
|move|p1a: Pelipper|Tailwind|p1a: Pelipper
|-sidestart|p1: Elegiast|move: Tailwind
|
|-weather|RainDance|[upkeep]
|upkeep
|turn|8
|
|t:|1758981313
|move|p1a: Pelipper|U-turn|p2a: Goodra
|-resisted|p2a: Goodra
|-damage|p2a: Goodra|97/100
|-ability|p2a: Goodra|Gooey
|-unboost|p1a: Pelipper|spe|1
|
|t:|1758981331
|switch|p1a: Ting-Lu|Ting-Lu|100/100|[from] U-turn
|-damage|p1a: Ting-Lu|76/100|[from] Spikes
|-ability|p1a: Ting-Lu|Vessel of Ruin
|move|p2a: Goodra|Thunderbolt|p1a: Ting-Lu
|-immune|p1a: Ting-Lu
|
|-weather|RainDance|[upkeep]
|-heal|p1a: Ting-Lu|82/100|[from] item: Leftovers
|upkeep
|turn|9
|
|t:|1758981345
|switch|p2a: Trevenant|Trevenant, M|100/100
|move|p1a: Ting-Lu|Body Press|p2a: Trevenant
|-immune|p2a: Trevenant
|
|-weather|RainDance|[upkeep]
|-heal|p1a: Ting-Lu|88/100|[from] item: Leftovers
|upkeep
|turn|10
|
|t:|1758981355
|-terastallize|p1a: Ting-Lu|Poison
|move|p1a: Ting-Lu|Stealth Rock|p2a: Trevenant
|-sidestart|p2: eCONEJO|move: Stealth Rock
|move|p2a: Trevenant|Horn Leech|p1a: Ting-Lu
|-resisted|p1a: Ting-Lu
|-damage|p1a: Ting-Lu|81/100
|
|-weather|RainDance|[upkeep]
|-heal|p1a: Ting-Lu|87/100|[from] item: Leftovers
|-sideend|p1: Elegiast|move: Tailwind
|upkeep
|turn|11
|
|t:|1758981366
|move|p2a: Trevenant|Poltergeist|p1a: Ting-Lu|[miss]
|-miss|p2a: Trevenant|p1a: Ting-Lu
|move|p1a: Ting-Lu|Spikes|p2a: Trevenant
|-sidestart|p2: eCONEJO|Spikes
|
|-weather|RainDance|[upkeep]
|-heal|p1a: Ting-Lu|93/100|[from] item: Leftovers
|upkeep
|turn|12
|
|t:|1758981374
|move|p2a: Trevenant|Poltergeist|p1a: Ting-Lu
|-activate|p1a: Ting-Lu|move: Poltergeist|Leftovers
|-damage|p1a: Ting-Lu|72/100
|move|p1a: Ting-Lu|Spikes|p2a: Trevenant
|-sidestart|p2: eCONEJO|Spikes
|
|-weather|RainDance|[upkeep]
|-heal|p1a: Ting-Lu|79/100|[from] item: Leftovers
|upkeep
|turn|13
|
|t:|1758981383
|move|p2a: Trevenant|Leech Seed|p1a: Ting-Lu
|-start|p1a: Ting-Lu|move: Leech Seed
|move|p1a: Ting-Lu|Spikes|p2a: Trevenant
|-sidestart|p2: eCONEJO|Spikes
|
|-weather|RainDance|[upkeep]
|-heal|p1a: Ting-Lu|85/100|[from] item: Leftovers
|-damage|p1a: Ting-Lu|72/100|[from] Leech Seed|[of] p2a: Trevenant
|upkeep
|turn|14
|
|t:|1758981392
|move|p2a: Trevenant|Will-O-Wisp|p1a: Ting-Lu
|-status|p1a: Ting-Lu|brn
|move|p1a: Ting-Lu|Earthquake|p2a: Trevenant
|-resisted|p2a: Trevenant
|-damage|p2a: Trevenant|89/100
|
|-weather|none
|-heal|p2a: Trevenant|95/100|[from] item: Leftovers
|-heal|p1a: Ting-Lu|79/100 brn|[from] item: Leftovers
|-damage|p1a: Ting-Lu|66/100 brn|[from] Leech Seed|[of] p2a: Trevenant
|-heal|p2a: Trevenant|100/100|[silent]
|-damage|p1a: Ting-Lu|60/100 brn|[from] brn
|upkeep
|turn|15
|
|t:|1758981416
|switch|p1a: Pelipper|Pelipper, M|92/100
|-weather|RainDance|[from] ability: Drizzle|[of] p1a: Pelipper
|move|p2a: Trevenant|Poltergeist|p1a: Pelipper
|-activate|p1a: Pelipper|move: Poltergeist|Damp Rock
|-damage|p1a: Pelipper|44/100
|
|-weather|RainDance|[upkeep]
|upkeep
|turn|16
|
|t:|1758981425
|move|p1a: Pelipper|Hurricane|p2a: Trevenant
|-supereffective|p2a: Trevenant
|-damage|p2a: Trevenant|22/100
|-start|p2a: Trevenant|confusion
|-activate|p2a: Trevenant|confusion
|move|p2a: Trevenant|Poltergeist|p1a: Pelipper
|-activate|p1a: Pelipper|move: Poltergeist|Damp Rock
|-damage|p1a: Pelipper|0 fnt
|faint|p1a: Pelipper
|
|-weather|RainDance|[upkeep]
|-heal|p2a: Trevenant|28/100|[from] item: Leftovers
|upkeep
|
|t:|1758981442
|switch|p1a: Ogerpon|Ogerpon-Wellspring, F|100/100
|-damage|p1a: Ogerpon|76/100|[from] Spikes
|turn|17
|
|t:|1758981448
|move|p1a: Ogerpon|Knock Off|p2a: Trevenant
|-supereffective|p2a: Trevenant
|-damage|p2a: Trevenant|0 fnt
|-enditem|p2a: Trevenant|Leftovers|[from] move: Knock Off|[of] p1a: Ogerpon
|faint|p2a: Trevenant
|
|-weather|RainDance|[upkeep]
|upkeep
|
|t:|1758981454
|switch|p2a: Talonflame|Talonflame, F|100/100
|turn|18
|
|t:|1758981459
|switch|p1a: Ting-Lu|Ting-Lu, tera:Poison|60/100 brn
|-damage|p1a: Ting-Lu|35/100 brn|[from] Spikes
|-ability|p1a: Ting-Lu|Vessel of Ruin
|move|p2a: Talonflame|Brave Bird|p1a: Ting-Lu
|-damage|p1a: Ting-Lu|14/100 brn
|-damage|p2a: Talonflame|88/100|[from] Recoil
|
|-weather|RainDance|[upkeep]
|-heal|p1a: Ting-Lu|20/100 brn|[from] item: Leftovers
|-damage|p1a: Ting-Lu|14/100 brn|[from] brn
|upkeep
|turn|19
|
|t:|1758981475
|move|p2a: Talonflame|Brave Bird|p1a: Ting-Lu
|-damage|p1a: Ting-Lu|0 fnt
|faint|p1a: Ting-Lu
|-damage|p2a: Talonflame|81/100|[from] Recoil
|
|-weather|RainDance|[upkeep]
|upkeep
|
|t:|1758981481
|switch|p1a: Raging Bolt|Raging Bolt|100/100
|-damage|p1a: Raging Bolt|76/100|[from] Spikes
|-enditem|p1a: Raging Bolt|Booster Energy
|-activate|p1a: Raging Bolt|ability: Protosynthesis|[fromitem]
|-start|p1a: Raging Bolt|protosynthesisspa
|turn|20
|
|t:|1758981488
|move|p2a: Talonflame|Defog|p1a: Raging Bolt
|-unboost|p1a: Raging Bolt|evasion|1
|-sideend|p1: Elegiast|Spikes|[from] move: Defog|[of] p2a: Talonflame
|-sideend|p2: eCONEJO|Spikes|[from] move: Defog|[of] p2a: Talonflame
|-sideend|p2: eCONEJO|Stealth Rock|[from] move: Defog|[of] p2a: Talonflame
|move|p1a: Raging Bolt|Thunder|p2a: Talonflame
|-supereffective|p2a: Talonflame
|-damage|p2a: Talonflame|0 fnt
|faint|p2a: Talonflame
|
|-weather|RainDance|[upkeep]
|upkeep
|
|t:|1758981500
|switch|p2a: Greninja|Greninja, F|81/100
|turn|21
|
|t:|1758981503
|move|p1a: Raging Bolt|Thunderclap|p2a: Greninja
|-supereffective|p2a: Greninja
|-damage|p2a: Greninja|0 fnt
|faint|p2a: Greninja
|
|-weather|RainDance|[upkeep]
|upkeep
|
|t:|1758981508
|switch|p2a: Meowstic|Meowstic-F, F|100/100
|turn|22
|
|t:|1758981515
|move|p2a: Meowstic|Calm Mind|p2a: Meowstic
|-boost|p2a: Meowstic|spa|1
|-boost|p2a: Meowstic|spd|1
|move|p1a: Raging Bolt|Thunder|p2a: Meowstic
|-damage|p2a: Meowstic|20/100
|
|-weather|none
|upkeep
|turn|23
|
|t:|1758981524
|move|p1a: Raging Bolt|Thunderclap|p2a: Meowstic
|-damage|p2a: Meowstic|0 fnt
|faint|p2a: Meowstic
|
|upkeep
|
|t:|1758981528
|switch|p2a: Goodra|Goodra-Hisui, M|97/100
|turn|24
|
|t:|1758981531
|move|p1a: Raging Bolt|Draco Meteor|p2a: Goodra
|-damage|p2a: Goodra|52/100
|-unboost|p1a: Raging Bolt|spa|2
|move|p2a: Goodra|Draco Meteor|p1a: Raging Bolt
|-supereffective|p1a: Raging Bolt
|-damage|p1a: Raging Bolt|0 fnt
|-unboost|p2a: Goodra|spa|2
|faint|p1a: Raging Bolt
|-end|p1a: Raging Bolt|Protosynthesis|[silent]
|
|upkeep
|
|t:|1758981540
|switch|p1a: Ogerpon|Ogerpon-Wellspring, F|76/100
|turn|25
|
|t:|1758981545
|move|p1a: Ogerpon|Knock Off|p2a: Goodra
|-damage|p2a: Goodra|18/100
|-ability|p2a: Goodra|Gooey
|-unboost|p1a: Ogerpon|spe|1
|-enditem|p2a: Goodra|Assault Vest|[from] move: Knock Off|[of] p1a: Ogerpon
|move|p2a: Goodra|Flamethrower|p1a: Ogerpon
|-damage|p1a: Ogerpon|57/100
|
|upkeep
|turn|26
|
|t:|1758981554
|move|p1a: Ogerpon|Ivy Cudgel|p2a: Goodra|[anim] Ivy Cudgel Water
|-resisted|p2a: Goodra
|-damage|p2a: Goodra|0 fnt
|faint|p2a: Goodra
|
|win|Elegiast
|raw|Elegiast's rating: 1078 &rarr; <strong>1108</strong><br />(+30 for winning)
|raw|eCONEJO's rating: 1097 &rarr; <strong>1071</strong><br />(-26 for losing)
|l|☆eCONEJO
|player|p2|
|l|☆Elegiast
|player|p1|
