|j|☆celestial_dubkun
|j|☆Yelo_Galaxy
|t:|1758949063
|gametype|singles
|player|p1|celestial_dubkun|hiker-gen4|1542
|player|p2|Yelo_Galaxy|1|1631
|gen|9
|tier|[Gen 9] OU
|rated|
|rule|HP Percentage Mod: HP is shown in percentages
|rule|Endless Battle Clause: Forcing endless battles is banned
|rule|Species Clause: Limit one of each Pokémon
|rule|OHKO Clause: OHKO moves are banned
|rule|Evasion Items Clause: Evasion items are banned
|rule|Evasion Moves Clause: Evasion moves are banned
|rule|Evasion Abilities Clause: Evasion abilities are banned
|rule|Sleep Moves Clause: Sleep-inducing moves are banned
|clearpoke
|poke|p1|Toxapex, M|
|poke|p1|Goodra-Hisui, M|
|poke|p1|Corviknight, F|
|poke|p1|Great Tusk|
|poke|p1|Enamorus, F|
|poke|p1|Darkrai|
|poke|p2|Torkoal, F|
|poke|p2|Hatterene, F|
|poke|p2|Raging Bolt|
|poke|p2|Slither Wing|
|poke|p2|Venusaur, M|
|poke|p2|Walking Wake|
|teampreview
|
|t:|1758949071
|teamsize|p1|6
|teamsize|p2|6
|start
|switch|p1a: Enamorus|Enamorus, F|100/100
|switch|p2a: Torkoal|Torkoal, F|100/100
|-weather|SunnyDay|[from] ability: Drought|[of] p2a: Torkoal
|turn|1
|
|t:|1758949082
|switch|p2a: Hatterene|Hatterene, F|100/100
|-item|p2a: Hatterene|Air Balloon
|move|p1a: Enamorus|Earth Power|p2a: Hatterene
|-immune|p2a: Hatterene
|
|-weather|SunnyDay|[upkeep]
|upkeep
|turn|2
|
|t:|1758949112
|switch|p1a: Goodra|Goodra-Hisui, M|100/100
|switch|p2a: Slither Wing|Slither Wing|100/100
|-activate|p2a: Slither Wing|ability: Protosynthesis
|-start|p2a: Slither Wing|protosynthesisatk
|
|-weather|SunnyDay|[upkeep]
|upkeep
|turn|3
|inactive|Battle timer is ON: inactive players will automatically lose when time's up. (requested by celestial_dubkun)
|
|t:|1758949131
|switch|p1a: Toxapex|Toxapex, M|100/100
|move|p2a: Slither Wing|Earthquake|p1a: Toxapex
|-supereffective|p1a: Toxapex
|-damage|p1a: Toxapex|32/100
|
|-weather|SunnyDay|[upkeep]
|-heal|p1a: Toxapex|38/100|[from] item: Leftovers
|upkeep
|turn|4
|
|t:|1758949136
|switch|p1a: Corviknight|Corviknight, F|100/100
|-ability|p1a: Corviknight|Pressure
|move|p2a: Slither Wing|U-turn|p1a: Corviknight
|-resisted|p1a: Corviknight
|-damage|p1a: Corviknight|92/100
|-damage|p2a: Slither Wing|84/100|[from] item: Rocky Helmet|[of] p1a: Corviknight
|
|t:|1758949143
|-end|p2a: Slither Wing|Protosynthesis|[silent]
|switch|p2a: Raging Bolt|Raging Bolt|100/100|[from] U-turn
|-activate|p2a: Raging Bolt|ability: Protosynthesis
|-start|p2a: Raging Bolt|protosynthesisspa
|
|-weather|SunnyDay|[upkeep]
|upkeep
|turn|5
|
|t:|1758949147
|switch|p1a: Goodra|Goodra-Hisui, M|100/100
|move|p2a: Raging Bolt|Weather Ball|p1a: Goodra
|-damage|p1a: Goodra|55/100
|-damage|p2a: Raging Bolt|91/100|[from] item: Life Orb
|
|-weather|SunnyDay|[upkeep]
|upkeep
|turn|6
|
|t:|1758949159
|move|p2a: Raging Bolt|Weather Ball|p1a: Goodra
|-damage|p1a: Goodra|10/100
|-damage|p2a: Raging Bolt|81/100|[from] item: Life Orb
|move|p1a: Goodra|Dragon Tail|p2a: Raging Bolt
|-supereffective|p2a: Raging Bolt
|-damage|p2a: Raging Bolt|33/100
|-end|p2a: Raging Bolt|Protosynthesis|[silent]
|drag|p2a: Walking Wake|Walking Wake|100/100
|-activate|p2a: Walking Wake|ability: Protosynthesis
|-start|p2a: Walking Wake|protosynthesisspe
|
|-weather|SunnyDay|[upkeep]
|upkeep
|turn|7
|
|t:|1758949178
|move|p2a: Walking Wake|Weather Ball|p1a: Goodra
|-damage|p1a: Goodra|0 fnt
|faint|p1a: Goodra
|
|-weather|SunnyDay|[upkeep]
|upkeep
|
|t:|1758949188
|switch|p1a: Toxapex|Toxapex, M|72/100
|turn|8
|
|t:|1758949193
|move|p2a: Walking Wake|Draco Meteor|p1a: Toxapex
|-damage|p1a: Toxapex|13/100
|-unboost|p2a: Walking Wake|spa|2
|move|p1a: Toxapex|Infestation|p2a: Walking Wake
|-damage|p2a: Walking Wake|97/100
|-activate|p2a: Walking Wake|move: Infestation|[of] p1a: Toxapex
|
|-weather|none
|-end|p2a: Walking Wake|Protosynthesis
|-heal|p1a: Toxapex|20/100|[from] item: Leftovers
|-damage|p2a: Walking Wake|85/100|[from] move: Infestation|[partiallytrapped]
|upkeep
|turn|9
|
|t:|1758949213
|switch|p1a: Enamorus|Enamorus, F|100/100
|move|p2a: Walking Wake|Flip Turn|p1a: Enamorus
|-damage|p1a: Enamorus|74/100
|
|t:|1758949221
|-end|p2a: Walking Wake|Protosynthesis|[silent]
|switch|p2a: Raging Bolt|Raging Bolt|33/100|[from] Flip Turn
|
|upkeep
|turn|10
|
|t:|1758949226
|switch|p1a: Great Tusk|Great Tusk|100/100
|move|p2a: Raging Bolt|Thunderclap||[still]
|-fail|p2a: Raging Bolt
|
|upkeep
|turn|11
|
|t:|1758949232
|-end|p2a: Raging Bolt|Protosynthesis|[silent]
|switch|p2a: Hatterene|Hatterene, F|100/100
|-item|p2a: Hatterene|Air Balloon
|move|p1a: Great Tusk|Ice Spinner|p2a: Hatterene
|-damage|p2a: Hatterene|80/100
|-enditem|p2a: Hatterene|Air Balloon
|
|upkeep
|turn|12
|
|t:|1758949248
|-end|p1a: Great Tusk|Protosynthesis|[silent]
|switch|p1a: Corviknight|Corviknight, F|92/100
|-ability|p1a: Corviknight|Pressure
|switch|p2a: Torkoal|Torkoal, F|100/100
|-weather|SunnyDay|[from] ability: Drought|[of] p2a: Torkoal
|
|-weather|SunnyDay|[upkeep]
|upkeep
|turn|13
|
|t:|1758949253
|move|p1a: Corviknight|U-turn|p2a: Torkoal
|-resisted|p2a: Torkoal
|-damage|p2a: Torkoal|95/100
|
|t:|1758949259
|switch|p1a: Enamorus|Enamorus, F|74/100|[from] U-turn
|move|p2a: Torkoal|Stealth Rock|p1a: Enamorus
|-sidestart|p1: celestial_dubkun|move: Stealth Rock
|
|-weather|SunnyDay|[upkeep]
|upkeep
|turn|14
|inactive|celestial_dubkun has 120 seconds left.
|
|t:|1758949295
|switch|p2a: Raging Bolt|Raging Bolt|33/100
|-activate|p2a: Raging Bolt|ability: Protosynthesis
|-start|p2a: Raging Bolt|protosynthesisspa
|move|p1a: Enamorus|Moonblast|p2a: Raging Bolt
|-supereffective|p2a: Raging Bolt
|-damage|p2a: Raging Bolt|0 fnt
|faint|p2a: Raging Bolt
|-end|p2a: Raging Bolt|Protosynthesis|[silent]
|
|-weather|SunnyDay|[upkeep]
|upkeep
|
|t:|1758949302
|switch|p2a: Venusaur|Venusaur, M|100/100
|turn|15
|
|t:|1758949321
|move|p2a: Venusaur|Growth|p2a: Venusaur
|-boost|p2a: Venusaur|atk|2
|-boost|p2a: Venusaur|spa|2
|move|p1a: Enamorus|Moonblast|p2a: Venusaur
|-resisted|p2a: Venusaur
|-damage|p2a: Venusaur|48/100
|
|-weather|SunnyDay|[upkeep]
|upkeep
|turn|16
|
|t:|1758949332
|switch|p1a: Corviknight|Corviknight, F|92/100
|-damage|p1a: Corviknight|79/100|[from] Stealth Rock
|-ability|p1a: Corviknight|Pressure
|move|p2a: Venusaur|Weather Ball|p1a: Corviknight
|-supereffective|p1a: Corviknight
|-damage|p1a: Corviknight|0 fnt
|faint|p1a: Corviknight
|-damage|p2a: Venusaur|38/100|[from] item: Life Orb
|
|-weather|SunnyDay|[upkeep]
|upkeep
|
|t:|1758949342
|switch|p1a: Great Tusk|Great Tusk|100/100
|-activate|p1a: Great Tusk|ability: Protosynthesis
|-start|p1a: Great Tusk|protosynthesisatk
|turn|17
|
|t:|1758949351
|-terastallize|p1a: Great Tusk|Fire
|move|p2a: Venusaur|Weather Ball|p1a: Great Tusk
|-resisted|p1a: Great Tusk
|-damage|p1a: Great Tusk|13/100
|-damage|p2a: Venusaur|28/100|[from] item: Life Orb
|move|p1a: Great Tusk|Headlong Rush|p2a: Venusaur
|-damage|p2a: Venusaur|0 fnt
|-unboost|p1a: Great Tusk|def|1
|-unboost|p1a: Great Tusk|spd|1
|faint|p2a: Venusaur
|
|-weather|SunnyDay|[upkeep]
|upkeep
|
|t:|1758949361
|switch|p2a: Walking Wake|Walking Wake|85/100
|-activate|p2a: Walking Wake|ability: Protosynthesis
|-start|p2a: Walking Wake|protosynthesisspe
|turn|18
|
|t:|1758949367
|move|p2a: Walking Wake|Hydro Steam|p1a: Great Tusk
|-supereffective|p1a: Great Tusk
|-damage|p1a: Great Tusk|0 fnt
|faint|p1a: Great Tusk
|-end|p1a: Great Tusk|Protosynthesis|[silent]
|
|-weather|SunnyDay|[upkeep]
|upkeep
|
|t:|1758949371
|switch|p1a: Toxapex|Toxapex, M|53/100
|-damage|p1a: Toxapex|40/100|[from] Stealth Rock
|turn|19
|
|t:|1758949373
|switch|p1a: Enamorus|Enamorus, F|74/100
|-damage|p1a: Enamorus|49/100|[from] Stealth Rock
|move|p2a: Walking Wake|Draco Meteor|p1a: Enamorus
|-immune|p1a: Enamorus
|
|-weather|none
|-end|p2a: Walking Wake|Protosynthesis
|upkeep
|turn|20
|
|t:|1758949388
|-end|p2a: Walking Wake|Protosynthesis|[silent]
|switch|p2a: Torkoal|Torkoal, F|95/100
|-weather|SunnyDay|[from] ability: Drought|[of] p2a: Torkoal
|move|p1a: Enamorus|Moonblast|p2a: Torkoal
|-resisted|p2a: Torkoal
|-damage|p2a: Torkoal|50/100
|
|-weather|SunnyDay|[upkeep]
|upkeep
|turn|21
|
|t:|1758949399
|move|p1a: Enamorus|Moonblast|p2a: Torkoal
|-resisted|p2a: Torkoal
|-damage|p2a: Torkoal|1/100
|move|p2a: Torkoal|Overheat|p1a: Enamorus
|-damage|p1a: Enamorus|0 fnt
|-unboost|p2a: Torkoal|spa|2
|faint|p1a: Enamorus
|
|-weather|SunnyDay|[upkeep]
|upkeep
|
|t:|1758949409
|switch|p1a: Darkrai|Darkrai|100/100
|turn|22
|
|t:|1758949413
|switch|p2a: Slither Wing|Slither Wing|84/100
|-activate|p2a: Slither Wing|ability: Protosynthesis
|-start|p2a: Slither Wing|protosynthesisatk
|move|p1a: Darkrai|Dark Pulse|p2a: Slither Wing
|-resisted|p2a: Slither Wing
|-damage|p2a: Slither Wing|70/100
|
|-weather|SunnyDay|[upkeep]
|upkeep
|turn|23
|
|t:|1758949423
|move|p2a: Slither Wing|First Impression|p1a: Darkrai
|-supereffective|p1a: Darkrai
|-damage|p1a: Darkrai|0 fnt
|faint|p1a: Darkrai
|
|-weather|SunnyDay|[upkeep]
|upkeep
|
|t:|1758949427
|switch|p1a: Toxapex|Toxapex, M|74/100
|-damage|p1a: Toxapex|61/100|[from] Stealth Rock
|turn|24
|
|t:|1758949434
|move|p2a: Slither Wing|Earthquake|p1a: Toxapex
|-supereffective|p1a: Toxapex
|-damage|p1a: Toxapex|0 fnt
|faint|p1a: Toxapex
|
|win|Yelo_Galaxy
|raw|celestial_dubkun's rating: 1542 &rarr; <strong>1527</strong><br />(-15 for losing)
|raw|Yelo_Galaxy's rating: 1631 &rarr; <strong>1646</strong><br />(+15 for winning)
|l|☆celestial_dubkun
|player|p1|
