|j|☆KeNgyn
|j|☆dhtehthtdz
|t:|1759072316
|gametype|singles
|player|p1|KeNgyn|n|1120
|player|p2|dhtehthtdz|170|1132
|gen|9
|tier|[Gen 9] OU
|rated|
|rule|HP Percentage Mod: HP is shown in percentages
|rule|Endless Battle Clause: Forcing endless battles is banned
|rule|Species Clause: Limit one of each Pokémon
|rule|OHKO Clause: OHKO moves are banned
|rule|Evasion Items Clause: Evasion items are banned
|rule|Evasion Moves Clause: Evasion moves are banned
|rule|Evasion Abilities Clause: Evasion abilities are banned
|rule|Sleep Moves Clause: Sleep-inducing moves are banned
|clearpoke
|poke|p1|Regidrago|
|poke|p1|Oricorio-Sensu, M|
|poke|p1|Lycanroc, M|
|poke|p1|Komala, M|
|poke|p1|Espeon, M|
|poke|p1|Politoed, M|
|poke|p2|Blissey, F|
|poke|p2|Dondozo, M|
|poke|p2|Regidrago|
|poke|p2|Ting-Lu|
|poke|p2|Great Tusk|
|poke|p2|Kingambit, M|
|teampreview
|inactive|Battle timer is ON: inactive players will automatically lose when time's up. (requested by KeNgyn)
|
|t:|1759072333
|teamsize|p1|6
|teamsize|p2|6
|start
|switch|p1a: Politoed|Politoed, M, shiny|100/100
|switch|p2a: Ting-Lu|Ting-Lu|100/100
|-weather|RainDance|[from] ability: Drizzle|[of] p1a: Politoed
|-ability|p2a: Ting-Lu|Vessel of Ruin
|turn|1
|
|t:|1759072339
|switch|p1a: Espeon|Espeon, M, shiny|100/100
|switch|p2a: Blissey|Blissey, F|100/100
|
|-weather|RainDance|[upkeep]
|upkeep
|turn|2
|
|t:|1759072350
|move|p1a: Espeon|Calm Mind|p1a: Espeon
|-boost|p1a: Espeon|spa|1
|-boost|p1a: Espeon|spd|1
|move|p2a: Blissey|Seismic Toss|p1a: Espeon
|-damage|p1a: Espeon|67/100
|
|-weather|RainDance|[upkeep]
|upkeep
|turn|3
|
|t:|1759072361
|move|p1a: Espeon|Psyshock|p2a: Blissey
|-damage|p2a: Blissey|57/100
|move|p2a: Blissey|Seismic Toss|p1a: Espeon
|-damage|p1a: Espeon|34/100
|
|-weather|RainDance|[upkeep]
|upkeep
|turn|4
|
|t:|1759072371
|switch|p1a: Oricorio|Oricorio-Sensu, M, shiny|100/100
|switch|p2a: Kingambit|Kingambit, M|100/100
|
|-weather|RainDance|[upkeep]
|upkeep
|turn|5
|
|t:|1759072383
|-end|p2a: Kingambit|fallenundefined|[silent]
|switch|p2a: Blissey|Blissey, F|57/100
|-terastallize|p1a: Oricorio|Fairy
|move|p1a: Oricorio|Quiver Dance|p1a: Oricorio
|-boost|p1a: Oricorio|spa|1
|-boost|p1a: Oricorio|spd|1
|-boost|p1a: Oricorio|spe|1
|
|-weather|RainDance|[upkeep]
|upkeep
|turn|6
|
|t:|1759072391
|move|p1a: Oricorio|Hurricane|p2a: Blissey
|-damage|p2a: Blissey|31/100
|move|p2a: Blissey|Soft-Boiled|p2a: Blissey
|-heal|p2a: Blissey|81/100
|
|-weather|RainDance|[upkeep]
|upkeep
|turn|7
|
|t:|1759072403
|move|p1a: Oricorio|Hurricane|p2a: Blissey
|-damage|p2a: Blissey|58/100
|-start|p2a: Blissey|confusion
|-activate|p2a: Blissey|confusion
|move|p2a: Blissey|Seismic Toss|p1a: Oricorio
|-damage|p1a: Oricorio|69/100
|
|-weather|RainDance|[upkeep]
|upkeep
|turn|8
|
|t:|1759072421
|move|p1a: Oricorio|Hurricane|p2a: Blissey
|-damage|p2a: Blissey|33/100
|-activate|p2a: Blissey|confusion
|move|p2a: Blissey|Soft-Boiled|p2a: Blissey
|-heal|p2a: Blissey|83/100
|
|-weather|none
|upkeep
|turn|9
|
|t:|1759072430
|move|p1a: Oricorio|Hurricane|p2a: Blissey
|-damage|p2a: Blissey|61/100
|-activate|p2a: Blissey|confusion
|move|p2a: Blissey|Stealth Rock|p1a: Oricorio
|-sidestart|p1: KeNgyn|move: Stealth Rock
|
|upkeep
|turn|10
|
|t:|1759072436
|move|p1a: Oricorio|Roost|p1a: Oricorio
|-heal|p1a: Oricorio|100/100
|-activate|p2a: Blissey|confusion
|move|p2a: Blissey|Soft-Boiled|p2a: Blissey
|-heal|p2a: Blissey|100/100
|
|upkeep
|turn|11
|
|t:|1759072444
|switch|p2a: Ting-Lu|Ting-Lu|100/100
|-ability|p2a: Ting-Lu|Vessel of Ruin
|move|p1a: Oricorio|Revelation Dance|p2a: Ting-Lu
|-supereffective|p2a: Ting-Lu
|-damage|p2a: Ting-Lu|33/100
|
|-heal|p2a: Ting-Lu|39/100|[from] item: Leftovers
|upkeep
|turn|12
|
|t:|1759072455
|switch|p2a: Blissey|Blissey, F|100/100
|move|p1a: Oricorio|Revelation Dance|p2a: Blissey
|-damage|p2a: Blissey|81/100
|
|upkeep
|turn|13
|
|t:|1759072459
|move|p1a: Oricorio|Hurricane|p2a: Blissey
|-damage|p2a: Blissey|56/100
|move|p2a: Blissey|Seismic Toss|p1a: Oricorio
|-damage|p1a: Oricorio|69/100
|
|upkeep
|turn|14
|
|t:|1759072466
|move|p1a: Oricorio|Hurricane|p2a: Blissey
|-damage|p2a: Blissey|32/100
|move|p2a: Blissey|Seismic Toss|p1a: Oricorio
|-damage|p1a: Oricorio|37/100
|
|upkeep
|turn|15
|
|t:|1759072473
|move|p1a: Oricorio|Hurricane|p2a: Blissey
|-damage|p2a: Blissey|7/100
|move|p2a: Blissey|Soft-Boiled|p2a: Blissey
|-heal|p2a: Blissey|57/100
|
|upkeep
|turn|16
|
|t:|1759072482
|move|p1a: Oricorio|Roost|p1a: Oricorio
|-heal|p1a: Oricorio|87/100
|move|p2a: Blissey|Seismic Toss|p1a: Oricorio
|-damage|p1a: Oricorio|56/100
|
|upkeep
|turn|17
|
|t:|1759072490
|move|p1a: Oricorio|Hurricane|p2a: Blissey
|-damage|p2a: Blissey|32/100
|move|p2a: Blissey|Seismic Toss|p1a: Oricorio
|-damage|p1a: Oricorio|24/100
|
|upkeep
|turn|18
|
|t:|1759072501
|move|p1a: Oricorio|Revelation Dance|p2a: Blissey
|-damage|p2a: Blissey|13/100
|move|p2a: Blissey|Seismic Toss|p1a: Oricorio
|-damage|p1a: Oricorio|0 fnt
|faint|p1a: Oricorio
|
|upkeep
|
|t:|1759072509
|switch|p1a: Lycanroc|Lycanroc, M, shiny|100/100
|-damage|p1a: Lycanroc|88/100|[from] Stealth Rock
|turn|19
|
|t:|1759072520
|switch|p2a: Ting-Lu|Ting-Lu|39/100
|-ability|p2a: Ting-Lu|Vessel of Ruin
|move|p1a: Lycanroc|Stealth Rock|p2a: Ting-Lu
|-sidestart|p2: dhtehthtdz|move: Stealth Rock
|
|-heal|p2a: Ting-Lu|45/100|[from] item: Leftovers
|upkeep
|turn|20
|
|t:|1759072527
|move|p1a: Lycanroc|Close Combat|p2a: Ting-Lu
|-supereffective|p2a: Ting-Lu
|-damage|p2a: Ting-Lu|14/100
|-unboost|p1a: Lycanroc|def|1
|-unboost|p1a: Lycanroc|spd|1
|move|p2a: Ting-Lu|Earthquake|p1a: Lycanroc
|-supereffective|p1a: Lycanroc
|-damage|p1a: Lycanroc|0 fnt
|faint|p1a: Lycanroc
|
|-heal|p2a: Ting-Lu|20/100|[from] item: Leftovers
|upkeep
|
|t:|1759072536
|switch|p1a: Politoed|Politoed, M, shiny|100/100
|-damage|p1a: Politoed|88/100|[from] Stealth Rock
|-weather|RainDance|[from] ability: Drizzle|[of] p1a: Politoed
|turn|21
|
|t:|1759072545
|switch|p2a: Regidrago|Regidrago|100/100
|-damage|p2a: Regidrago|88/100|[from] Stealth Rock
|move|p1a: Politoed|Chilling Water|p2a: Regidrago
|-resisted|p2a: Regidrago
|-damage|p2a: Regidrago|74/100
|-unboost|p2a: Regidrago|atk|1
|
|-weather|RainDance|[upkeep]
|upkeep
|turn|22
|
|t:|1759072554
|move|p2a: Regidrago|Dragon Energy|p1a: Politoed
|-damage|p1a: Politoed|23/100
|move|p1a: Politoed|Weather Ball|p2a: Regidrago
|-resisted|p2a: Regidrago
|-damage|p2a: Regidrago|48/100
|
|-weather|RainDance|[upkeep]
|upkeep
|turn|23
|
|t:|1759072563
|switch|p1a: Espeon|Espeon, M, shiny|34/100
|-damage|p1a: Espeon|21/100|[from] Stealth Rock
|move|p2a: Regidrago|Dragon Energy|p1a: Espeon
|-damage|p1a: Espeon|0 fnt
|faint|p1a: Espeon
|
|-weather|RainDance|[upkeep]
|upkeep
|
|t:|1759072572
|switch|p1a: Regidrago|Regidrago, shiny|100/100
|-damage|p1a: Regidrago|88/100|[from] Stealth Rock
|turn|24
|
|t:|1759072576
|move|p1a: Regidrago|Dragon Energy|p2a: Regidrago
|-supereffective|p2a: Regidrago
|-damage|p2a: Regidrago|0 fnt
|faint|p2a: Regidrago
|
|-weather|RainDance|[upkeep]
|upkeep
|
|t:|1759072584
|switch|p2a: Kingambit|Kingambit, M|100/100
|-damage|p2a: Kingambit|94/100|[from] Stealth Rock
|-activate|p2a: Kingambit|ability: Supreme Overlord
|-start|p2a: Kingambit|fallen1|[silent]
|turn|25
|
|t:|1759072591
|-terastallize|p2a: Kingambit|Fairy
|move|p1a: Regidrago|Dragon Energy|p2a: Kingambit
|-immune|p2a: Kingambit
|move|p2a: Kingambit|Iron Head|p1a: Regidrago
|-damage|p1a: Regidrago|30/100
|
|-weather|RainDance|[upkeep]
|-heal|p2a: Kingambit|100/100|[from] item: Leftovers
|upkeep
|turn|26
|-message|KeNgyn forfeited.
|
|win|dhtehthtdz
|raw|KeNgyn's rating: 1120 &rarr; <strong>1096</strong><br />(-24 for losing)
|raw|dhtehthtdz's rating: 1132 &rarr; <strong>1156</strong><br />(+24 for winning)
|l|☆KeNgyn
|player|p1|
|l|☆dhtehthtdz
|player|p2|
