|j|☆ay cheu
|j|☆KingKaido107
|t:|1758943211
|gametype|singles
|player|p1|ay cheu|riley|1646
|player|p2|KingKaido107|dragontamer-gen6|1678
|gen|9
|tier|[Gen 9] OU
|rated|
|rule|HP Percentage Mod: HP is shown in percentages
|rule|Endless Battle Clause: Forcing endless battles is banned
|rule|Species Clause: Limit one of each Pokémon
|rule|OHKO Clause: OHKO moves are banned
|rule|Evasion Items Clause: Evasion items are banned
|rule|Evasion Moves Clause: Evasion moves are banned
|rule|Evasion Abilities Clause: Evasion abilities are banned
|rule|Sleep Moves Clause: Sleep-inducing moves are banned
|clearpoke
|poke|p1|Arcanine-Hisui, M|
|poke|p1|Metagross|
|poke|p1|Sandy Shocks|
|poke|p1|Zapdos-Galar|
|poke|p1|Suicune|
|poke|p1|Frosmoth, F|
|poke|p2|Kingambit, F|
|poke|p2|Slowking-Galar, M|
|poke|p2|Magnezone|
|poke|p2|Ting-Lu|
|poke|p2|Kyurem|
|poke|p2|Corviknight, M|
|teampreview
|inactive|Battle timer is ON: inactive players will automatically lose when time's up. (requested by KingKaido107)
|inactive|KingKaido107 has 120 seconds left.
|inactive|KingKaido107 has 90 seconds left.
|inactive|KingKaido107 has 60 seconds left.
|inactive|KingKaido107 has 30 seconds left.
|inactive|KingKaido107 has 20 seconds left.
|
|t:|1758943343
|teamsize|p1|6
|teamsize|p2|6
|start
|switch|p1a: 隼|Zapdos-Galar|100/100
|switch|p2a: Slowking|Slowking-Galar, M|100/100
|turn|1
|
|t:|1758943349
|move|p1a: 隼|Knock Off|p2a: Slowking
|-supereffective|p2a: Slowking
|-enditem|p2a: Slowking|Colbur Berry|[eat]
|-enditem|p2a: Slowking|Colbur Berry|[weaken]
|-damage|p2a: Slowking|77/100
|move|p2a: Slowking|Toxic|p1a: 隼
|-status|p1a: 隼|tox
|
|-damage|p1a: 隼|94/100 tox|[from] psn
|upkeep
|turn|2
|
|t:|1758943356
|switch|p1a: 力拔山兮|Metagross, shiny|100/100
|-prepare|p2a: Slowking|Chilly Reception|[premajor]
|move|p2a: Slowking|Chilly Reception|p2a: Slowking
|-weather|Snowscape
|
|t:|1758943362
|switch|p2a: Magnezone|Magnezone|100/100|[from] Chilly Reception
|
|-weather|Snowscape|[upkeep]
|upkeep
|turn|3
|
|t:|1758943366
|switch|p2a: Corviknight|Corviknight, M|100/100
|-ability|p2a: Corviknight|Pressure
|-terastallize|p1a: 力拔山兮|Fighting
|move|p1a: 力拔山兮|Body Press|p2a: Corviknight
|-damage|p2a: Corviknight|63/100
|
|-weather|Snowscape|[upkeep]
|-heal|p2a: Corviknight|69/100|[from] item: Leftovers
|upkeep
|turn|4
|
|t:|1758943370
|switch|p2a: Slowking|Slowking-Galar, M|100/100
|move|p1a: 力拔山兮|Stealth Rock|p2a: Slowking
|-sidestart|p2: KingKaido107|move: Stealth Rock
|
|-weather|Snowscape|[upkeep]
|upkeep
|turn|5
|
|t:|1758943387
|switch|p1a: 灰灰|Arcanine-Hisui, M|100/100
|move|p2a: Slowking|Sludge Bomb|p1a: 灰灰
|-resisted|p1a: 灰灰
|-damage|p1a: 灰灰|81/100
|
|-weather|Snowscape|[upkeep]
|upkeep
|turn|6
|
|t:|1758943399
|move|p1a: 灰灰|Will-O-Wisp|p2a: Slowking|[miss]
|-miss|p1a: 灰灰|p2a: Slowking
|-prepare|p2a: Slowking|Chilly Reception|[premajor]
|move|p2a: Slowking|Chilly Reception|p2a: Slowking
|
|t:|1758943403
|switch|p2a: Ting-Lu|Ting-Lu|100/100|[from] Chilly Reception
|-damage|p2a: Ting-Lu|94/100|[from] Stealth Rock
|-ability|p2a: Ting-Lu|Vessel of Ruin
|
|-weather|none
|-heal|p2a: Ting-Lu|100/100|[from] item: Leftovers
|upkeep
|turn|7
|
|t:|1758943409
|switch|p1a: 力拔山兮|Metagross, shiny, tera:Fighting|100/100
|move|p2a: Ting-Lu|Stealth Rock|p1a: 力拔山兮
|-sidestart|p1: ay cheu|move: Stealth Rock
|
|upkeep
|turn|8
|
|t:|1758943417
|move|p1a: 力拔山兮|Body Press|p2a: Ting-Lu
|-supereffective|p2a: Ting-Lu
|-damage|p2a: Ting-Lu|52/100
|move|p2a: Ting-Lu|Earthquake|p1a: 力拔山兮
|-damage|p1a: 力拔山兮|81/100
|
|-heal|p2a: Ting-Lu|58/100|[from] item: Leftovers
|upkeep
|turn|9
|
|t:|1758943423
|switch|p2a: Slowking|Slowking-Galar, M|100/100
|-damage|p2a: Slowking|88/100|[from] Stealth Rock
|move|p1a: 力拔山兮|Body Press|p2a: Slowking
|-resisted|p2a: Slowking
|-damage|p2a: Slowking|79/100
|
|upkeep
|turn|10
|
|t:|1758943426
|move|p1a: 力拔山兮|Psychic Noise|p2a: Slowking
|-damage|p2a: Slowking|61/100
|-start|p2a: Slowking|move: Heal Block
|move|p2a: Slowking|Toxic|p1a: 力拔山兮
|-status|p1a: 力拔山兮|tox
|
|-damage|p1a: 力拔山兮|75/100 tox|[from] psn
|upkeep
|turn|11
|
|t:|1758943430
|switch|p1a: Sandy Shocks|Sandy Shocks|100/100
|-damage|p1a: Sandy Shocks|94/100|[from] Stealth Rock
|-prepare|p2a: Slowking|Chilly Reception|[premajor]
|move|p2a: Slowking|Chilly Reception|p2a: Slowking
|-weather|Snowscape
|
|t:|1758943433
|switch|p2a: Ting-Lu|Ting-Lu|58/100|[from] Chilly Reception
|-damage|p2a: Ting-Lu|52/100|[from] Stealth Rock
|-ability|p2a: Ting-Lu|Vessel of Ruin
|
|-weather|Snowscape|[upkeep]
|-heal|p2a: Ting-Lu|58/100|[from] item: Leftovers
|upkeep
|turn|12
|
|t:|1758943438
|move|p1a: Sandy Shocks|Spikes|p2a: Ting-Lu
|-sidestart|p2: KingKaido107|Spikes
|move|p2a: Ting-Lu|Whirlwind|p1a: Sandy Shocks
|-end|p1a: Sandy Shocks|Protosynthesis|[silent]
|drag|p1a: 扑火|Frosmoth, F, shiny|100/100
|
|-weather|Snowscape|[upkeep]
|-heal|p2a: Ting-Lu|65/100|[from] item: Leftovers
|upkeep
|turn|13
|
|t:|1758943444
|move|p1a: 扑火|Ice Beam|p2a: Ting-Lu
|-supereffective|p2a: Ting-Lu
|-damage|p2a: Ting-Lu|34/100
|move|p2a: Ting-Lu|Whirlwind|p1a: 扑火
|drag|p1a: 灰灰|Arcanine-Hisui, M|81/100
|-damage|p1a: 灰灰|56/100|[from] Stealth Rock
|
|-weather|Snowscape|[upkeep]
|-heal|p2a: Ting-Lu|41/100|[from] item: Leftovers
|upkeep
|turn|14
|
|t:|1758943451
|move|p1a: 灰灰|Flare Blitz|p2a: Ting-Lu
|-damage|p2a: Ting-Lu|0 fnt
|faint|p2a: Ting-Lu
|
|-weather|Snowscape|[upkeep]
|upkeep
|
|t:|1758943457
|switch|p2a: Kyurem|Kyurem|100/100
|-damage|p2a: Kyurem|76/100|[from] Stealth Rock
|-damage|p2a: Kyurem|63/100|[from] Spikes
|-ability|p2a: Kyurem|Pressure
|turn|15
|
|t:|1758943462
|switch|p1a: 扑火|Frosmoth, F, shiny|100/100
|move|p2a: Kyurem|Draco Meteor|p1a: 扑火
|-damage|p1a: 扑火|59/100
|-unboost|p2a: Kyurem|spa|2
|
|-weather|none
|upkeep
|turn|16
|
|t:|1758943468
|switch|p2a: Slowking|Slowking-Galar, M|94/100
|-damage|p2a: Slowking|82/100|[from] Stealth Rock
|-damage|p2a: Slowking|69/100|[from] Spikes
|move|p1a: 扑火|U-turn|p2a: Slowking
|-crit|p2a: Slowking
|-damage|p2a: Slowking|53/100
|
|t:|1758943470
|switch|p1a: 灰灰|Arcanine-Hisui, M|56/100|[from] U-turn
|-damage|p1a: 灰灰|31/100|[from] Stealth Rock
|
|upkeep
|turn|17
|
|t:|1758943484
|switch|p2a: Magnezone|Magnezone|100/100
|-damage|p2a: Magnezone|94/100|[from] Stealth Rock
|-damage|p2a: Magnezone|82/100|[from] Spikes
|move|p1a: 灰灰|Flare Blitz|p2a: Magnezone
|-supereffective|p2a: Magnezone
|-damage|p2a: Magnezone|0 fnt
|faint|p2a: Magnezone
|
|upkeep
|
|t:|1758943488
|switch|p2a: Kyurem|Kyurem|63/100
|-damage|p2a: Kyurem|39/100|[from] Stealth Rock
|-damage|p2a: Kyurem|26/100|[from] Spikes
|-ability|p2a: Kyurem|Pressure
|turn|18
|
|t:|1758943492
|switch|p1a: 扑火|Frosmoth, F, shiny|59/100
|move|p2a: Kyurem|Draco Meteor|p1a: 扑火
|-damage|p1a: 扑火|15/100
|-unboost|p2a: Kyurem|spa|2
|
|upkeep
|turn|19
|
|t:|1758943497
|move|p2a: Kyurem|Draco Meteor|p1a: 扑火
|-damage|p1a: 扑火|0 fnt
|-unboost|p2a: Kyurem|spa|2
|faint|p1a: 扑火
|
|upkeep
|
|t:|1758943501
|switch|p1a: 君君|Suicune|100/100
|-damage|p1a: 君君|88/100|[from] Stealth Rock
|-ability|p1a: 君君|Pressure
|turn|20
|
|t:|1758943504
|switch|p2a: Slowking|Slowking-Galar, M|86/100
|-damage|p2a: Slowking|73/100|[from] Stealth Rock
|-damage|p2a: Slowking|61/100|[from] Spikes
|move|p1a: 君君|Calm Mind|p1a: 君君
|-boost|p1a: 君君|spa|1
|-boost|p1a: 君君|spd|1
|
|-heal|p1a: 君君|94/100|[from] item: Leftovers
|upkeep
|turn|21
|
|t:|1758943506
|move|p1a: 君君|Substitute|p1a: 君君
|-start|p1a: 君君|Substitute
|-damage|p1a: 君君|69/100
|move|p2a: Slowking|Sludge Bomb|p1a: 君君
|-activate|p1a: 君君|move: Substitute|[damage]
|
|-heal|p1a: 君君|75/100|[from] item: Leftovers
|upkeep
|turn|22
|
|t:|1758943508
|move|p1a: 君君|Calm Mind|p1a: 君君
|-boost|p1a: 君君|spa|1
|-boost|p1a: 君君|spd|1
|move|p2a: Slowking|Sludge Bomb|p1a: 君君
|-end|p1a: 君君|Substitute
|
|-heal|p1a: 君君|82/100|[from] item: Leftovers
|upkeep
|turn|23
|
|t:|1758943513
|switch|p2a: Corviknight|Corviknight, M|69/100
|-damage|p2a: Corviknight|57/100|[from] Stealth Rock
|-ability|p2a: Corviknight|Pressure
|move|p1a: 君君|Substitute|p1a: 君君
|-start|p1a: 君君|Substitute
|-damage|p1a: 君君|57/100
|
|-heal|p1a: 君君|63/100|[from] item: Leftovers
|-heal|p2a: Corviknight|63/100|[from] item: Leftovers
|upkeep
|turn|24
|
|t:|1758943515
|move|p1a: 君君|Calm Mind|p1a: 君君
|-boost|p1a: 君君|spa|1
|-boost|p1a: 君君|spd|1
|move|p2a: Corviknight|Brave Bird|p1a: 君君
|-activate|p1a: 君君|move: Substitute|[damage]
|-damage|p2a: Corviknight|56/100|[from] Recoil|[of] p1a: 君君
|
|-heal|p1a: 君君|69/100|[from] item: Leftovers
|-heal|p2a: Corviknight|62/100|[from] item: Leftovers
|upkeep
|turn|25
|
|t:|1758943518
|move|p1a: 君君|Calm Mind|p1a: 君君
|-boost|p1a: 君君|spa|1
|-boost|p1a: 君君|spd|1
|move|p2a: Corviknight|Brave Bird|p1a: 君君
|-end|p1a: 君君|Substitute
|-damage|p2a: Corviknight|60/100|[from] Recoil|[of] p1a: 君君
|
|-heal|p1a: 君君|75/100|[from] item: Leftovers
|-heal|p2a: Corviknight|66/100|[from] item: Leftovers
|upkeep
|turn|26
|
|t:|1758943521
|move|p1a: 君君|Substitute|p1a: 君君
|-start|p1a: 君君|Substitute
|-damage|p1a: 君君|50/100
|move|p2a: Corviknight|Brave Bird|p1a: 君君
|-activate|p1a: 君君|move: Substitute|[damage]
|-damage|p2a: Corviknight|59/100|[from] Recoil|[of] p1a: 君君
|
|-heal|p1a: 君君|56/100|[from] item: Leftovers
|-heal|p2a: Corviknight|65/100|[from] item: Leftovers
|upkeep
|turn|27
|
|t:|1758943523
|move|p1a: 君君|Scald|p2a: Corviknight
|-damage|p2a: Corviknight|11/100
|-status|p2a: Corviknight|brn
|move|p2a: Corviknight|Brave Bird|p1a: 君君
|-end|p1a: 君君|Substitute
|-damage|p2a: Corviknight|10/100 brn|[from] Recoil|[of] p1a: 君君
|
|-heal|p1a: 君君|63/100|[from] item: Leftovers
|-heal|p2a: Corviknight|16/100 brn|[from] item: Leftovers
|-damage|p2a: Corviknight|10/100 brn|[from] brn
|upkeep
|turn|28
|
|t:|1758943527
|switch|p2a: Kyurem|Kyurem|26/100
|-damage|p2a: Kyurem|2/100|[from] Stealth Rock
|-damage|p2a: Kyurem|0 fnt|[from] Spikes
|faint|p2a: Kyurem
|move|p1a: 君君|Substitute|p1a: 君君
|-start|p1a: 君君|Substitute
|-damage|p1a: 君君|38/100
|
|-heal|p1a: 君君|44/100|[from] item: Leftovers
|upkeep
|
|t:|1758943529
|switch|p2a: Slowking|Slowking-Galar, M|94/100
|-damage|p2a: Slowking|82/100|[from] Stealth Rock
|-damage|p2a: Slowking|69/100|[from] Spikes
|turn|29
|
|t:|1758943531
|-terastallize|p2a: Slowking|Water
|move|p1a: 君君|Calm Mind|p1a: 君君
|-boost|p1a: 君君|spa|1
|-boost|p1a: 君君|spd|1
|move|p2a: Slowking|Sludge Bomb|p1a: 君君
|-activate|p1a: 君君|move: Substitute|[damage]
|
|-heal|p1a: 君君|50/100|[from] item: Leftovers
|upkeep
|turn|30
|-message|KingKaido107 forfeited.
|
|win|ay cheu
|raw|ay cheu's rating: 1646 &rarr; <strong>1668</strong><br />(+22 for winning)
|raw|KingKaido107's rating: 1678 &rarr; <strong>1656</strong><br />(-22 for losing)
|l|☆KingKaido107
|player|p2|
|l|☆ay cheu
|player|p1|
