|badge|p2|silver|gen9randombattle|30-6
|uhtml|medal-msg|<div class="broadcast-blue">Curious what those medals under the avatar are? PS now has Ladder Seasons! For more information, check out the <a href="https://www.smogon.com/forums/threads/3740067/">thread on Smogon.</a></div>
|j|☆DDart
|j|☆LordST
|t:|1759041642
|gametype|singles
|player|p1|DDart|miku-ice|1459
|player|p2|LordST|#pu|1519
|gen|9
|tier|[Gen 9] OU
|rated|
|rule|HP Percentage Mod: HP is shown in percentages
|rule|Endless Battle Clause: Forcing endless battles is banned
|rule|Species Clause: Limit one of each Pokémon
|rule|OHKO Clause: OHKO moves are banned
|rule|Evasion Items Clause: Evasion items are banned
|rule|Evasion Moves Clause: Evasion moves are banned
|rule|Evasion Abilities Clause: Evasion abilities are banned
|rule|Sleep Moves Clause: Sleep-inducing moves are banned
|clearpoke
|poke|p1|Kommo-o, M|
|poke|p1|Gholdengo|
|poke|p1|Ninetales-Alola, F|
|poke|p1|Hatterene, F|
|poke|p1|Zamazenta-*|
|poke|p1|Kingambit, F|
|poke|p2|Samurott-Hisui, F|
|poke|p2|Iron Treads|
|poke|p2|Iron Valiant|
|poke|p2|Volcanion|
|poke|p2|Gholdengo|
|poke|p2|Tornadus-Therian, M|
|teampreview
|
|t:|1759041657
|teamsize|p1|6
|teamsize|p2|6
|start
|switch|p1a: Zamazenta|Zamazenta|100/100
|switch|p2a: Tornadus|Tornadus-Therian, M|100/100
|-ability|p1a: Zamazenta|Dauntless Shield|boost
|-boost|p1a: Zamazenta|def|1
|turn|1
|
|t:|1759041687
|switch|p2a: Gholdengo|Gholdengo|100/100
|move|p1a: Zamazenta|Stone Edge|p2a: Gholdengo
|-resisted|p2a: Gholdengo
|-damage|p2a: Gholdengo|75/100
|-damage|p1a: Zamazenta|91/100|[from] item: Life Orb
|
|upkeep
|turn|2
|
|t:|1759041704
|switch|p2a: Iron Valiant|Iron Valiant|100/100
|-enditem|p2a: Iron Valiant|Booster Energy
|-activate|p2a: Iron Valiant|ability: Quark Drive|[fromitem]
|-start|p2a: Iron Valiant|quarkdrivespe
|move|p1a: Zamazenta|Crunch|p2a: Iron Valiant
|-resisted|p2a: Iron Valiant
|-damage|p2a: Iron Valiant|89/100
|-damage|p1a: Zamazenta|81/100|[from] item: Life Orb
|
|upkeep
|turn|3
|
|t:|1759041740
|switch|p1a: Gholdengo|Gholdengo|100/100
|move|p2a: Iron Valiant|Knock Off|p1a: Gholdengo
|-supereffective|p1a: Gholdengo
|-damage|p1a: Gholdengo|34/100
|-enditem|p1a: Gholdengo|Custap Berry|[from] move: Knock Off|[of] p2a: Iron Valiant
|
|upkeep
|turn|4
|
|t:|1759041750
|move|p2a: Iron Valiant|Knock Off|p1a: Gholdengo
|-supereffective|p1a: Gholdengo
|-damage|p1a: Gholdengo|0 fnt
|faint|p1a: Gholdengo
|
|upkeep
|
|t:|1759041752
|switch|p1a: Ninetales|Ninetales-Alola, F|100/100
|-weather|Snowscape|[from] ability: Snow Warning|[of] p1a: Ninetales
|turn|5
|
|t:|1759041765
|move|p2a: Iron Valiant|Knock Off|p1a: Ninetales
|-resisted|p1a: Ninetales
|-damage|p1a: Ninetales|90/100
|-enditem|p1a: Ninetales|Light Clay|[from] move: Knock Off|[of] p2a: Iron Valiant
|move|p1a: Ninetales|Aurora Veil|p1a: Ninetales
|-sidestart|p1: DDart|move: Aurora Veil
|
|-weather|Snowscape|[upkeep]
|upkeep
|turn|6
|
|t:|1759041784
|-end|p2a: Iron Valiant|Quark Drive|[silent]
|switch|p2a: Gholdengo|Gholdengo|75/100
|switch|p1a: Hatterene|Hatterene, F|100/100
|
|-weather|Snowscape|[upkeep]
|upkeep
|turn|7
|
|t:|1759041829
|switch|p2a: Samurott|Samurott-Hisui, F|100/100
|move|p1a: Hatterene|Nuzzle|p2a: Samurott
|-supereffective|p2a: Samurott
|-crit|p2a: Samurott
|-damage|p2a: Samurott|88/100
|-status|p2a: Samurott|par
|
|-weather|Snowscape|[upkeep]
|upkeep
|turn|8
|
|t:|1759041842
|move|p2a: Samurott|Ceaseless Edge|p1a: Hatterene
|-damage|p1a: Hatterene|81/100
|-sidestart|p1: DDart|Spikes
|move|p1a: Hatterene|Calm Mind|p1a: Hatterene
|-boost|p1a: Hatterene|spa|1
|-boost|p1a: Hatterene|spd|1
|
|-weather|Snowscape|[upkeep]
|upkeep
|turn|9
|
|t:|1759041847
|move|p2a: Samurott|Knock Off|p1a: Hatterene
|-damage|p1a: Hatterene|62/100
|-enditem|p1a: Hatterene|Covert Cloak|[from] move: Knock Off|[of] p2a: Samurott
|move|p1a: Hatterene|Calm Mind|p1a: Hatterene
|-boost|p1a: Hatterene|spa|1
|-boost|p1a: Hatterene|spd|1
|
|-weather|none
|-sideend|p1: DDart|move: Aurora Veil
|upkeep
|turn|10
|inactive|Battle timer is ON: inactive players will automatically lose when time's up. (requested by DDart)
|
|t:|1759041873
|switch|p2a: Volcanion|Volcanion|100/100
|move|p1a: Hatterene|Draining Kiss|p2a: Volcanion
|-resisted|p2a: Volcanion
|-damage|p2a: Volcanion|76/100
|-heal|p1a: Hatterene|83/100|[from] drain|[of] p2a: Volcanion
|
|upkeep
|turn|11
|
|t:|1759041877
|move|p2a: Volcanion|Sludge Wave|p1a: Hatterene
|-supereffective|p1a: Hatterene
|-damage|p1a: Hatterene|43/100
|move|p1a: Hatterene|Psychic Noise|p2a: Volcanion
|-damage|p2a: Volcanion|5/100
|-start|p2a: Volcanion|move: Heal Block
|
|upkeep
|turn|12
|
|t:|1759041882
|move|p2a: Volcanion|Sludge Wave|p1a: Hatterene
|-supereffective|p1a: Hatterene
|-damage|p1a: Hatterene|3/100
|-status|p1a: Hatterene|psn
|move|p1a: Hatterene|Draining Kiss|p2a: Volcanion
|-resisted|p2a: Volcanion
|-damage|p2a: Volcanion|0 fnt
|-heal|p1a: Hatterene|7/100 psn|[from] drain|[of] p2a: Volcanion
|faint|p2a: Volcanion
|
|-damage|p1a: Hatterene|0 fnt|[from] psn
|faint|p1a: Hatterene
|upkeep
|
|t:|1759041901
|switch|p2a: Tornadus|Tornadus-Therian, M|100/100
|switch|p1a: Ninetales|Ninetales-Alola, F|90/100
|-damage|p1a: Ninetales|77/100|[from] Spikes
|-weather|Snowscape|[from] ability: Snow Warning|[of] p1a: Ninetales
|turn|13
|
|t:|1759041917
|switch|p1a: Zamazenta|Zamazenta|81/100
|-damage|p1a: Zamazenta|68/100|[from] Spikes
|move|p2a: Tornadus|Taunt|p1a: Zamazenta
|-start|p1a: Zamazenta|move: Taunt
|
|-weather|Snowscape|[upkeep]
|upkeep
|turn|14
|
|t:|1759041933
|move|p1a: Zamazenta|Close Combat|p2a: Tornadus
|-resisted|p2a: Tornadus
|-damage|p2a: Tornadus|59/100
|-unboost|p1a: Zamazenta|def|1
|-unboost|p1a: Zamazenta|spd|1
|-damage|p1a: Zamazenta|59/100|[from] item: Life Orb
|move|p2a: Tornadus|U-turn|p1a: Zamazenta
|-resisted|p1a: Zamazenta
|-damage|p1a: Zamazenta|48/100
|
|t:|1759041936
|switch|p2a: Gholdengo|Gholdengo|75/100|[from] U-turn
|
|-weather|Snowscape|[upkeep]
|upkeep
|turn|15
|
|t:|1759041952
|move|p2a: Gholdengo|Shadow Ball|p1a: Zamazenta
|-damage|p1a: Zamazenta|0 fnt
|faint|p1a: Zamazenta
|
|-weather|Snowscape|[upkeep]
|upkeep
|
|t:|1759041956
|switch|p1a: Kommo-o|Kommo-o, M|100/100
|-damage|p1a: Kommo-o|88/100|[from] Spikes
|turn|16
|
|t:|1759041966
|switch|p2a: Tornadus|Tornadus-Therian, M|92/100
|move|p1a: Kommo-o|Clangorous Soul|p1a: Kommo-o
|-boost|p1a: Kommo-o|atk|1
|-boost|p1a: Kommo-o|def|1
|-boost|p1a: Kommo-o|spa|1
|-boost|p1a: Kommo-o|spd|1
|-boost|p1a: Kommo-o|spe|1
|-damage|p1a: Kommo-o|55/100
|-enditem|p1a: Kommo-o|Throat Spray
|-boost|p1a: Kommo-o|spa|1|[from] item: Throat Spray
|
|-weather|Snowscape|[upkeep]
|upkeep
|turn|17
|
|t:|1759041975
|move|p1a: Kommo-o|Boomburst|p2a: Tornadus
|-damage|p2a: Tornadus|13/100
|move|p2a: Tornadus|Bleakwind Storm|p1a: Kommo-o|[miss]
|-miss|p2a: Tornadus|p1a: Kommo-o
|
|-weather|none
|upkeep
|turn|18
|
|t:|1759041987
|move|p1a: Kommo-o|Boomburst|p2a: Tornadus
|-damage|p2a: Tornadus|0 fnt
|faint|p2a: Tornadus
|
|upkeep
|inactive|LordST has 120 seconds left.
|c|☆LordST|trying to decide if i deserved that miss
|c|☆LordST|i settled on not
|c|☆DDart|probably not
|
|t:|1759042041
|switch|p2a: Gholdengo|Gholdengo|75/100
|turn|19
|c|☆DDart|i also shouldve just terad out of it
|
|t:|1759042069
|-terastallize|p1a: Kommo-o|Normal
|-terastallize|p2a: Gholdengo|Ghost
|move|p1a: Kommo-o|Flamethrower|p2a: Gholdengo
|-crit|p2a: Gholdengo
|-damage|p2a: Gholdengo|0 fnt
|faint|p2a: Gholdengo
|
|upkeep
|c|☆LordST|lol
|-message|LordST forfeited.
|
|win|DDart
|raw|DDart's rating: 1459 &rarr; <strong>1482</strong><br />(+23 for winning)
|raw|LordST's rating: 1519 &rarr; <strong>1496</strong><br />(-23 for losing)
|c|☆DDart|well
|l|☆LordST
|player|p2|
|l|☆DDart
|player|p1|
