|j|☆TheBestCucumber
|j|☆iougb08hg80h
|t:|1758940070
|gametype|singles
|player|p1|TheBestCucumber|170|1245
|player|p2|iougb08hg80h|1|1240
|gen|9
|tier|[Gen 9] OU
|rated|
|rule|HP Percentage Mod: HP is shown in percentages
|rule|Endless Battle Clause: Forcing endless battles is banned
|rule|Species Clause: Limit one of each Pokémon
|rule|OHKO Clause: OHKO moves are banned
|rule|Evasion Items Clause: Evasion items are banned
|rule|Evasion Moves Clause: Evasion moves are banned
|rule|Evasion Abilities Clause: Evasion abilities are banned
|rule|Sleep Moves Clause: Sleep-inducing moves are banned
|clearpoke
|poke|p1|Mimikyu, F|
|poke|p1|Heatran, F|
|poke|p1|Garganacl, F|
|poke|p1|Cinccino, F|
|poke|p1|Kingambit, F|
|poke|p1|Walking Wake|
|poke|p2|Sableye, F|
|poke|p2|Frosmoth, F|
|poke|p2|Moltres|
|poke|p2|Meowscarada, M|
|poke|p2|Blastoise, F|
|poke|p2|Arbok, M|
|teampreview
|
|t:|1758940081
|teamsize|p1|6
|teamsize|p2|6
|start
|switch|p1a: Cinccino|Cinccino, F|100/100
|switch|p2a: Meowscarada|Meowscarada, M|100/100
|turn|1
|
|t:|1758940090
|move|p2a: Meowscarada|U-turn|p1a: Cinccino
|-start|p2a: Meowscarada|typechange|Bug|[from] ability: Protean
|-damage|p1a: Cinccino|46/100
|inactive|Battle timer is ON: inactive players will automatically lose when time's up. (requested by TheBestCucumber)
|
|t:|1758940097
|switch|p2a: Moltres|Moltres|100/100|[from] U-turn
|move|p1a: Cinccino|Triple Axel|p2a: Moltres
|-damage|p2a: Moltres|95/100
|-damage|p2a: Moltres|83/100
|-damage|p2a: Moltres|65/100
|-hitcount|p2a: Moltres|3
|
|upkeep
|turn|2
|
|t:|1758940109
|move|p1a: Cinccino|Rock Blast|p2a: Moltres
|-supereffective|p2a: Moltres
|-damage|p2a: Moltres|34/100
|-supereffective|p2a: Moltres
|-damage|p2a: Moltres|1/100
|-supereffective|p2a: Moltres
|-damage|p2a: Moltres|0 fnt
|faint|p2a: Moltres
|-hitcount|p2: Moltres|3
|
|upkeep
|
|t:|1758940117
|switch|p2a: Meowscarada|Meowscarada, M|100/100
|turn|3
|
|t:|1758940124
|switch|p1a: Heatran|Heatran, F|100/100
|move|p2a: Meowscarada|Trick|p1a: Heatran
|-start|p2a: Meowscarada|typechange|Psychic|[from] ability: Protean
|-activate|p2a: Meowscarada|move: Trick|[of] p1a: Heatran
|-item|p1a: Heatran|Choice Scarf|[from] move: Trick
|-item|p2a: Meowscarada|Assault Vest|[from] move: Trick
|
|upkeep
|turn|4
|
|t:|1758940137
|switch|p2a: Blastoise|Blastoise, F|100/100
|move|p1a: Heatran|Dark Pulse|p2a: Blastoise
|-damage|p2a: Blastoise|83/100
|
|upkeep
|turn|5
|
|t:|1758940161
|switch|p1a: Mimikyu|Mimikyu, F|100/100
|move|p2a: Blastoise|Earthquake|p1a: Mimikyu
|-activate|p1a: Mimikyu|ability: Disguise
|-damage|p1a: Mimikyu|100/100
|detailschange|p1a: Mimikyu|Mimikyu-Busted, F
|-damage|p1a: Mimikyu|88/100|[from] pokemon: Mimikyu-Busted
|
|upkeep
|turn|6
|
|t:|1758940169
|move|p1a: Mimikyu|Thunder Wave|p2a: Blastoise
|-status|p2a: Blastoise|par
|cant|p2a: Blastoise|par
|
|upkeep
|turn|7
|
|t:|1758940178
|move|p1a: Mimikyu|Swords Dance|p1a: Mimikyu
|-boost|p1a: Mimikyu|atk|2
|move|p2a: Blastoise|Flip Turn|p1a: Mimikyu
|-damage|p1a: Mimikyu|60/100
|
|t:|1758940189
|switch|p2a: Sableye|Sableye, F|100/100|[from] Flip Turn
|
|upkeep
|turn|8
|
|t:|1758940200
|move|p2a: Sableye|Encore|p1a: Mimikyu
|-start|p1a: Mimikyu|Encore
|move|p1a: Mimikyu|Swords Dance|p1a: Mimikyu
|-boost|p1a: Mimikyu|atk|2
|
|upkeep
|turn|9
|
|t:|1758940214
|switch|p2a: Meowscarada|Meowscarada, M|100/100
|move|p1a: Mimikyu|Swords Dance|p1a: Mimikyu
|-boost|p1a: Mimikyu|atk|2
|
|upkeep
|turn|10
|
|t:|1758940220
|move|p2a: Meowscarada|U-turn|p1a: Mimikyu
|-start|p2a: Meowscarada|typechange|Bug|[from] ability: Protean
|-resisted|p1a: Mimikyu
|-damage|p1a: Mimikyu|51/100
|
|t:|1758940224
|switch|p2a: Sableye|Sableye, F|100/100|[from] U-turn
|move|p1a: Mimikyu|Swords Dance|p1a: Mimikyu
|-boost|p1a: Mimikyu|atk|0
|
|-end|p1a: Mimikyu|Encore
|upkeep
|turn|11
|
|t:|1758940231
|move|p1a: Mimikyu|Shadow Sneak|p2a: Sableye
|-damage|p2a: Sableye|5/100
|-damage|p1a: Mimikyu|41/100|[from] item: Life Orb
|move|p2a: Sableye|Encore|p1a: Mimikyu
|-start|p1a: Mimikyu|Encore
|
|-heal|p2a: Sableye|11/100|[from] item: Leftovers
|upkeep
|turn|12
|
|t:|1758940238
|move|p1a: Mimikyu|Shadow Sneak|p2a: Sableye
|-damage|p2a: Sableye|0 fnt
|faint|p2a: Sableye
|-damage|p1a: Mimikyu|31/100|[from] item: Life Orb
|
|upkeep
|
|t:|1758940246
|switch|p2a: Arbok|Arbok, M|100/100
|-ability|p2a: Arbok|Intimidate|boost
|-unboost|p1a: Mimikyu|atk|1
|turn|13
|
|t:|1758940251
|move|p1a: Mimikyu|Shadow Sneak|p2a: Arbok
|-damage|p2a: Arbok|0 fnt
|faint|p2a: Arbok
|-damage|p1a: Mimikyu|21/100|[from] item: Life Orb
|
|upkeep
|-message|iougb08hg80h forfeited.
|
|win|TheBestCucumber
|raw|TheBestCucumber's rating: 1245 &rarr; <strong>1270</strong><br />(+25 for winning)
|raw|iougb08hg80h's rating: 1240 &rarr; <strong>1215</strong><br />(-25 for losing)
|l|☆iougb08hg80h
|player|p2|
|l|☆TheBestCucumber
|player|p1|
