|badge|p1|bronze|gen9ou|100-6
|uhtml|medal-msg|<div class="broadcast-blue">Curious what those medals under the avatar are? PS now has Ladder Seasons! For more information, check out the <a href="https://www.smogon.com/forums/threads/3740067/">thread on Smogon.</a></div>
|j|☆winslowyoudog
|j|‽oehtwashere
|t:|1758915246
|gametype|singles
|player|p1|winslowyoudog|102|1865
|player|p2|oehtwashere|supernerd|1813
|gen|9
|tier|[Gen 9] OU
|rated|
|rule|HP Percentage Mod: HP is shown in percentages
|rule|Endless Battle Clause: Forcing endless battles is banned
|rule|Species Clause: Limit one of each Pokémon
|rule|OHKO Clause: OHKO moves are banned
|rule|Evasion Items Clause: Evasion items are banned
|rule|Evasion Moves Clause: Evasion moves are banned
|rule|Evasion Abilities Clause: Evasion abilities are banned
|rule|Sleep Moves Clause: Sleep-inducing moves are banned
|clearpoke
|poke|p1|Darkrai|
|poke|p1|Enamorus, F|
|poke|p1|Cinderace, F|
|poke|p1|Great Tusk|
|poke|p1|Alomomola, M|
|poke|p1|Amoonguss, M|
|poke|p2|Enamorus, F|
|poke|p2|Primarina, F|
|poke|p2|Iron Treads|
|poke|p2|Dragonite, F|
|poke|p2|Cinderace, F|
|poke|p2|Zamazenta-*|
|teampreview
|inactive|Battle timer is ON: inactive players will automatically lose when time's up. (requested by oehtwashere)
|
|t:|1758915262
|teamsize|p1|6
|teamsize|p2|6
|start
|switch|p1a: Alomomola|Alomomola, M|100/100
|switch|p2a: Cinderace|Cinderace, F|100/100
|turn|1
|
|t:|1758915265
|move|p2a: Cinderace|Will-O-Wisp|p1a: Alomomola
|-status|p1a: Alomomola|brn
|move|p1a: Alomomola|Flip Turn|p2a: Cinderace
|-supereffective|p2a: Cinderace
|-damage|p2a: Cinderace|79/100
|
|t:|1758915287
|switch|p1a: Great Tusk|Great Tusk|100/100|[from] Flip Turn
|
|upkeep
|turn|2
|
|t:|1758915300
|switch|p2a: Enamorus|Enamorus, F|100/100
|move|p1a: Great Tusk|Headlong Rush|p2a: Enamorus
|-immune|p2a: Enamorus
|
|upkeep
|turn|3
|
|t:|1758915317
|-end|p1a: Great Tusk|Protosynthesis|[silent]
|switch|p1a: Alomomola|Alomomola, M|100/100 brn
|switch|p2a: Cinderace|Cinderace, F|79/100
|
|-damage|p1a: Alomomola|94/100 brn|[from] brn
|upkeep
|turn|4
|
|t:|1758915320
|move|p2a: Cinderace|U-turn|p1a: Alomomola
|-crit|p1a: Alomomola
|-damage|p1a: Alomomola|73/100 brn
|
|t:|1758915326
|switch|p2a: Dragonite|Dragonite, F|100/100|[from] U-turn
|move|p1a: Alomomola|Flip Turn|p2a: Dragonite
|-resisted|p2a: Dragonite
|-damage|p2a: Dragonite|98/100
|
|t:|1758915336
|switch|p1a: Darkrai|Darkrai|100/100|[from] Flip Turn
|
|-heal|p2a: Dragonite|100/100|[from] item: Leftovers
|upkeep
|turn|5
|
|t:|1758915340
|switch|p2a: Iron Treads|Iron Treads|100/100
|move|p1a: Darkrai|Knock Off|p2a: Iron Treads
|-damage|p2a: Iron Treads|79/100
|-enditem|p2a: Iron Treads|Leftovers|[from] move: Knock Off|[of] p1a: Darkrai
|
|upkeep
|turn|6
|
|t:|1758915345
|move|p1a: Darkrai|Will-O-Wisp|p2a: Iron Treads
|-status|p2a: Iron Treads|brn
|move|p2a: Iron Treads|Stealth Rock|p1a: Darkrai
|-sidestart|p1: winslowyoudog|move: Stealth Rock
|
|-damage|p2a: Iron Treads|73/100 brn|[from] brn
|upkeep
|turn|7
|
|t:|1758915360
|switch|p1a: Alomomola|Alomomola, M|100/100 brn
|-damage|p1a: Alomomola|88/100 brn|[from] Stealth Rock
|move|p2a: Iron Treads|Earthquake|p1a: Alomomola
|-damage|p1a: Alomomola|75/100 brn
|
|-damage|p2a: Iron Treads|67/100 brn|[from] brn
|-damage|p1a: Alomomola|69/100 brn|[from] brn
|upkeep
|turn|8
|
|t:|1758915368
|-end|p2a: Iron Treads|Quark Drive|[silent]
|switch|p2a: Dragonite|Dragonite, F|100/100
|move|p1a: Alomomola|Flip Turn|p2a: Dragonite
|-resisted|p2a: Dragonite
|-damage|p2a: Dragonite|98/100
|
|t:|1758915373
|switch|p1a: Darkrai|Darkrai|100/100|[from] Flip Turn
|-damage|p1a: Darkrai|88/100|[from] Stealth Rock
|
|-heal|p2a: Dragonite|100/100|[from] item: Leftovers
|upkeep
|turn|9
|
|t:|1758915380
|switch|p2a: Iron Treads|Iron Treads|67/100 brn
|move|p1a: Darkrai|Dark Pulse|p2a: Iron Treads
|-damage|p2a: Iron Treads|33/100 brn
|
|-damage|p2a: Iron Treads|27/100 brn|[from] brn
|upkeep
|turn|10
|
|t:|1758915382
|-end|p2a: Iron Treads|Quark Drive|[silent]
|switch|p2a: Primarina|Primarina, F|100/100
|move|p1a: Darkrai|Dark Pulse|p2a: Primarina
|-resisted|p2a: Primarina
|-damage|p2a: Primarina|88/100
|
|upkeep
|turn|11
|
|t:|1758915396
|switch|p1a: Amoonguss|Amoonguss, M|100/100
|-damage|p1a: Amoonguss|88/100|[from] Stealth Rock
|move|p2a: Primarina|Psychic Noise|p1a: Amoonguss
|-resisted|p1a: Amoonguss
|-damage|p1a: Amoonguss|67/100
|-start|p1a: Amoonguss|move: Heal Block
|
|upkeep
|turn|12
|
|t:|1758915412
|switch|p1a: Alomomola|Alomomola, M|100/100 brn
|-damage|p1a: Alomomola|88/100 brn|[from] Stealth Rock
|move|p2a: Primarina|Ice Beam|p1a: Alomomola
|-resisted|p1a: Alomomola
|-damage|p1a: Alomomola|81/100 brn
|
|-damage|p1a: Alomomola|74/100 brn|[from] brn
|upkeep
|turn|13
|
|t:|1758915415
|move|p2a: Primarina|Psychic Noise|p1a: Alomomola
|-resisted|p1a: Alomomola
|-damage|p1a: Alomomola|63/100 brn
|-start|p1a: Alomomola|move: Heal Block
|move|p1a: Alomomola|Flip Turn|p2a: Primarina
|-resisted|p2a: Primarina
|-damage|p2a: Primarina|82/100
|
|t:|1758915421
|switch|p1a: Amoonguss|Amoonguss, M|100/100|[from] Flip Turn
|-damage|p1a: Amoonguss|88/100|[from] Stealth Rock
|
|upkeep
|turn|14
|
|t:|1758915424
|switch|p2a: Cinderace|Cinderace, F|79/100
|move|p1a: Amoonguss|Leaf Storm|p2a: Cinderace|[miss]
|-miss|p1a: Amoonguss|p2a: Cinderace
|
|upkeep
|turn|15
|
|t:|1758915428
|switch|p1a: Alomomola|Alomomola, M|97/100 brn
|-damage|p1a: Alomomola|84/100 brn|[from] Stealth Rock
|move|p2a: Cinderace|U-turn|p1a: Alomomola
|-damage|p1a: Alomomola|70/100 brn
|
|t:|1758915436
|switch|p2a: Enamorus|Enamorus, F|100/100|[from] U-turn
|
|-damage|p1a: Alomomola|64/100 brn|[from] brn
|upkeep
|turn|16
|
|t:|1758915446
|-terastallize|p2a: Enamorus|Stellar
|move|p2a: Enamorus|Moonblast|p1a: Alomomola
|-damage|p1a: Alomomola|11/100 brn
|move|p1a: Alomomola|Mirror Coat|p2a: Enamorus
|-damage|p2a: Enamorus|0 fnt
|faint|p2a: Enamorus
|
|-damage|p1a: Alomomola|5/100 brn|[from] brn
|upkeep
|
|t:|1758915456
|switch|p2a: Dragonite|Dragonite, F|100/100
|turn|17
|
|t:|1758915464
|switch|p1a: Great Tusk|Great Tusk|100/100
|-damage|p1a: Great Tusk|98/100|[from] Stealth Rock
|move|p2a: Dragonite|Dragon Dance|p2a: Dragonite
|-boost|p2a: Dragonite|atk|1
|-boost|p2a: Dragonite|spe|1
|
|upkeep
|turn|18
|
|t:|1758915490
|-terastallize|p1a: Great Tusk|Ground
|move|p1a: Great Tusk|Ice Spinner|p2a: Dragonite
|-supereffective|p2a: Dragonite
|-damage|p2a: Dragonite|42/100
|move|p2a: Dragonite|Dragon Dance|p2a: Dragonite
|-boost|p2a: Dragonite|atk|1
|-boost|p2a: Dragonite|spe|1
|
|-heal|p2a: Dragonite|48/100|[from] item: Leftovers
|upkeep
|turn|19
|
|t:|1758915494
|move|p2a: Dragonite|Earthquake|p1a: Great Tusk
|-damage|p1a: Great Tusk|50/100
|move|p1a: Great Tusk|Ice Spinner|p2a: Dragonite
|-supereffective|p2a: Dragonite
|-damage|p2a: Dragonite|0 fnt
|faint|p2a: Dragonite
|
|upkeep
|
|t:|1758915497
|switch|p2a: Primarina|Primarina, F|82/100
|turn|20
|
|t:|1758915508
|-end|p1a: Great Tusk|Protosynthesis|[silent]
|switch|p1a: Amoonguss|Amoonguss, M|100/100
|-damage|p1a: Amoonguss|88/100|[from] Stealth Rock
|move|p2a: Primarina|Ice Beam|p1a: Amoonguss
|-supereffective|p1a: Amoonguss
|-damage|p1a: Amoonguss|20/100
|
|upkeep
|turn|21
|
|t:|1758915534
|switch|p1a: Alomomola|Alomomola, M|38/100 brn
|-damage|p1a: Alomomola|26/100 brn|[from] Stealth Rock
|move|p2a: Primarina|Moonblast|p1a: Alomomola
|-damage|p1a: Alomomola|2/100 brn
|
|-damage|p1a: Alomomola|0 fnt|[from] brn
|faint|p1a: Alomomola
|upkeep
|
|t:|1758915540
|switch|p1a: Amoonguss|Amoonguss, M|53/100
|-damage|p1a: Amoonguss|41/100|[from] Stealth Rock
|turn|22
|
|t:|1758915545
|switch|p1a: Cinderace|Cinderace, F|100/100
|move|p2a: Primarina|Ice Beam|p1a: Cinderace
|-resisted|p1a: Cinderace
|-damage|p1a: Cinderace|80/100
|
|upkeep
|turn|23
|
|t:|1758915552
|move|p1a: Cinderace|U-turn|p2a: Primarina
|-start|p1a: Cinderace|typechange|Bug|[from] ability: Libero
|-resisted|p2a: Primarina
|-damage|p2a: Primarina|64/100
|
|t:|1758915554
|switch|p1a: Amoonguss|Amoonguss, M|74/100|[from] U-turn
|-damage|p1a: Amoonguss|62/100|[from] Stealth Rock
|move|p2a: Primarina|Psychic Noise|p1a: Amoonguss
|-resisted|p1a: Amoonguss
|-crit|p1a: Amoonguss
|-damage|p1a: Amoonguss|31/100
|-start|p1a: Amoonguss|move: Heal Block
|
|upkeep
|turn|24
|
|t:|1758915561
|switch|p1a: Cinderace|Cinderace, F|80/100
|move|p2a: Primarina|Moonblast|p1a: Cinderace
|-resisted|p1a: Cinderace
|-damage|p1a: Cinderace|50/100
|-unboost|p1a: Cinderace|spa|1
|
|upkeep
|turn|25
|
|t:|1758915575
|switch|p2a: Iron Treads|Iron Treads|27/100 brn
|move|p1a: Cinderace|Pyro Ball|p2a: Iron Treads
|-supereffective|p2a: Iron Treads
|-damage|p2a: Iron Treads|0 fnt
|faint|p2a: Iron Treads
|-end|p2a: Iron Treads|Quark Drive|[silent]
|
|upkeep
|
|t:|1758915577
|switch|p2a: Zamazenta|Zamazenta|100/100
|-ability|p2a: Zamazenta|Dauntless Shield|boost
|-boost|p2a: Zamazenta|def|1
|turn|26
|
|t:|1758915584
|switch|p1a: Amoonguss|Amoonguss, M|64/100
|-damage|p1a: Amoonguss|52/100|[from] Stealth Rock
|move|p2a: Zamazenta|Stone Edge|p1a: Amoonguss
|-damage|p1a: Amoonguss|27/100
|
|upkeep
|turn|27
|
|t:|1758915589
|move|p2a: Zamazenta|Ice Fang|p1a: Amoonguss
|-supereffective|p1a: Amoonguss
|-damage|p1a: Amoonguss|0 fnt
|faint|p1a: Amoonguss
|
|upkeep
|inactive|winslowyoudog has 120 seconds left.
|
|t:|1758915624
|switch|p1a: Cinderace|Cinderace, F|50/100
|turn|28
|j| LegitimatePotato
|inactive|winslowyoudog has 120 seconds left.
|
|t:|1758915642
|switch|p1a: Enamorus|Enamorus, F|100/100
|-damage|p1a: Enamorus|76/100|[from] Stealth Rock
|move|p2a: Zamazenta|Stone Edge|p1a: Enamorus
|-supereffective|p1a: Enamorus
|-crit|p1a: Enamorus
|-damage|p1a: Enamorus|0 fnt
|faint|p1a: Enamorus
|
|upkeep
|j| Swagboss123456789
|
|t:|1758915646
|switch|p1a: Cinderace|Cinderace, F|50/100
|turn|29
|
|t:|1758915649
|move|p2a: Zamazenta|Close Combat|p1a: Cinderace
|-damage|p1a: Cinderace|0 fnt
|-unboost|p2a: Zamazenta|def|1
|-unboost|p2a: Zamazenta|spd|1
|faint|p1a: Cinderace
|
|upkeep
|
|t:|1758915659
|switch|p1a: Great Tusk|Great Tusk, tera:Ground|50/100
|-damage|p1a: Great Tusk|43/100|[from] Stealth Rock
|turn|30
|
|t:|1758915670
|move|p1a: Great Tusk|Headlong Rush|p2a: Zamazenta
|-damage|p2a: Zamazenta|24/100
|-unboost|p1a: Great Tusk|def|1
|-unboost|p1a: Great Tusk|spd|1
|move|p2a: Zamazenta|Close Combat|p1a: Great Tusk
|-damage|p1a: Great Tusk|0 fnt
|-unboost|p2a: Zamazenta|def|1
|-unboost|p2a: Zamazenta|spd|1
|faint|p1a: Great Tusk
|-end|p1a: Great Tusk|Protosynthesis|[silent]
|
|upkeep
|
|t:|1758915672
|switch|p1a: Darkrai|Darkrai|88/100
|-damage|p1a: Darkrai|76/100|[from] Stealth Rock
|turn|31
|
|t:|1758915675
|move|p2a: Zamazenta|Close Combat|p1a: Darkrai
|-supereffective|p1a: Darkrai
|-damage|p1a: Darkrai|0 fnt
|-unboost|p2a: Zamazenta|def|1
|-unboost|p2a: Zamazenta|spd|1
|faint|p1a: Darkrai
|
|win|oehtwashere
|raw|winslowyoudog's rating: 1865 &rarr; <strong>1842</strong><br />(-23 for losing)
|raw|oehtwashere's rating: 1813 &rarr; <strong>1836</strong><br />(+23 for winning)
