|j|☆enigma96
|j|☆Hurricane_Slash
|t:|1758961832
|gametype|singles
|player|p1|enigma96|jogger|1146
|player|p2|Hurricane_Slash|iris-gen5bw2|1177
|gen|9
|tier|[Gen 9] OU
|rated|
|rule|HP Percentage Mod: HP is shown in percentages
|rule|Endless Battle Clause: Forcing endless battles is banned
|rule|Species Clause: Limit one of each Pokémon
|rule|OHKO Clause: OHKO moves are banned
|rule|Evasion Items Clause: Evasion items are banned
|rule|Evasion Moves Clause: Evasion moves are banned
|rule|Evasion Abilities Clause: Evasion abilities are banned
|rule|Sleep Moves Clause: Sleep-inducing moves are banned
|clearpoke
|poke|p1|Delphox, M|
|poke|p1|Milotic, M|
|poke|p1|Gardevoir, M|
|poke|p1|Tsareena, F|
|poke|p1|Salazzle, F|
|poke|p1|Sentret, M|
|poke|p2|Torkoal, M|
|poke|p2|Hatterene, F|
|poke|p2|Raging Bolt|
|poke|p2|Slither Wing|
|poke|p2|Venusaur, F|
|poke|p2|Walking Wake|
|teampreview
|inactive|Battle timer is ON: inactive players will automatically lose when time's up. (requested by enigma96)
|
|t:|1758961837
|teamsize|p1|6
|teamsize|p2|6
|start
|switch|p1a: DJ Foxy|Delphox, M, shiny|100/100
|switch|p2a: Torkoal|Torkoal, M|100/100
|-weather|SunnyDay|[from] ability: Drought|[of] p2a: Torkoal
|turn|1
|
|t:|1758961852
|move|p1a: DJ Foxy|Scorching Sands|p2a: Torkoal
|-supereffective|p2a: Torkoal
|-damage|p2a: Torkoal|48/100
|move|p2a: Torkoal|Stealth Rock|p1a: DJ Foxy
|-sidestart|p1: enigma96|move: Stealth Rock
|
|-weather|SunnyDay|[upkeep]
|upkeep
|turn|2
|
|t:|1758961869
|switch|p2a: Slither Wing|Slither Wing|100/100
|-activate|p2a: Slither Wing|ability: Protosynthesis
|-start|p2a: Slither Wing|protosynthesisatk
|move|p1a: DJ Foxy|Copycat|p1a: DJ Foxy
|move|p1a: DJ Foxy|Stealth Rock|p2a: Slither Wing|[from] move: Copycat
|-sidestart|p2: Hurricane_Slash|move: Stealth Rock
|
|-weather|SunnyDay|[upkeep]
|upkeep
|turn|3
|
|t:|1758961879
|move|p2a: Slither Wing|First Impression|p1a: DJ Foxy
|-damage|p1a: DJ Foxy|0 fnt
|faint|p1a: DJ Foxy
|
|-weather|SunnyDay|[upkeep]
|upkeep
|
|t:|1758961885
|switch|p1a: Bastarda|Tsareena, F, shiny|100/100
|-damage|p1a: Bastarda|88/100|[from] Stealth Rock
|turn|4
|
|t:|1758961908
|move|p2a: Slither Wing|U-turn|p1a: Bastarda
|-supereffective|p1a: Bastarda
|-damage|p1a: Bastarda|7/100
|-damage|p2a: Slither Wing|84/100|[from] item: Rocky Helmet|[of] p1a: Bastarda
|inactive|Hurricane_Slash has 120 seconds left.
|
|t:|1758961923
|-end|p2a: Slither Wing|Protosynthesis|[silent]
|switch|p2a: Hatterene|Hatterene, F|100/100|[from] U-turn
|-damage|p2a: Hatterene|88/100|[from] Stealth Rock
|-item|p2a: Hatterene|Air Balloon
|move|p1a: Bastarda|Rapid Spin|p2a: Hatterene
|-damage|p2a: Hatterene|78/100
|-boost|p1a: Bastarda|spe|1
|-enditem|p2a: Hatterene|Air Balloon
|-sideend|p1: enigma96|Stealth Rock|[from] move: Rapid Spin|[of] p1a: Bastarda
|
|-weather|SunnyDay|[upkeep]
|upkeep
|turn|5
|
|t:|1758961942
|switch|p1a: La XAMAKA|Milotic, M, shiny|100/100
|move|p2a: Hatterene|Psychic Noise|p1a: La XAMAKA
|-damage|p1a: La XAMAKA|78/100
|-start|p1a: La XAMAKA|move: Heal Block
|
|-weather|SunnyDay|[upkeep]
|upkeep
|turn|6
|inactive|Hurricane_Slash has 120 seconds left.
|
|t:|1758961967
|move|p1a: La XAMAKA|Scald|p2a: Hatterene
|-damage|p2a: Hatterene|64/100
|move|p2a: Hatterene|Trick Room|p2a: Hatterene
|-fieldstart|move: Trick Room|[of] p2a: Hatterene
|
|-weather|SunnyDay|[upkeep]
|-end|p1a: La XAMAKA|move: Heal Block
|upkeep
|turn|7
|
|t:|1758961976
|move|p2a: Hatterene|Dazzling Gleam|p1a: La XAMAKA
|-damage|p1a: La XAMAKA|52/100
|move|p1a: La XAMAKA|Scald|p2a: Hatterene
|-damage|p2a: Hatterene|48/100
|
|-weather|SunnyDay|[upkeep]
|-heal|p1a: La XAMAKA|58/100|[from] item: Leftovers
|upkeep
|turn|8
|inactive|Hurricane_Slash has 120 seconds left.
|
|t:|1758961990
|move|p2a: Hatterene|Healing Wish|p2a: Hatterene
|faint|p2a: Hatterene
|move|p1a: La XAMAKA|Scald|p2: Hatterene|[notarget]
|-fail|p1a: La XAMAKA
|
|-weather|none
|-heal|p1a: La XAMAKA|64/100|[from] item: Leftovers
|upkeep
|
|t:|1758961993
|switch|p2a: Torkoal|Torkoal, M|48/100
|-heal|p2a: Torkoal|100/100|[from] move: Healing Wish
|-damage|p2a: Torkoal|76/100|[from] Stealth Rock
|-weather|SunnyDay|[from] ability: Drought|[of] p2a: Torkoal
|turn|9
|
|t:|1758962005
|switch|p2a: Raging Bolt|Raging Bolt|100/100
|-damage|p2a: Raging Bolt|88/100|[from] Stealth Rock
|-activate|p2a: Raging Bolt|ability: Protosynthesis
|-start|p2a: Raging Bolt|protosynthesisspa
|move|p1a: La XAMAKA|Scald|p2a: Raging Bolt
|-resisted|p2a: Raging Bolt
|-damage|p2a: Raging Bolt|81/100
|
|-weather|SunnyDay|[upkeep]
|-heal|p1a: La XAMAKA|70/100|[from] item: Leftovers
|upkeep
|turn|10
|inactive|Hurricane_Slash has 120 seconds left.
|
|t:|1758962036
|switch|p1a: Chica Peligro|Gardevoir, M, shiny|100/100
|move|p2a: Raging Bolt|Weather Ball|p1a: Chica Peligro
|-damage|p1a: Chica Peligro|0 fnt
|faint|p1a: Chica Peligro
|-damage|p2a: Raging Bolt|71/100|[from] item: Life Orb
|
|-weather|SunnyDay|[upkeep]
|-fieldend|move: Trick Room
|upkeep
|
|t:|1758962046
|switch|p1a: Sentret|Sentret, M|100/100
|-item|p2a: Raging Bolt|Life Orb|[from] ability: Frisk|[of] p1a: Sentret
|turn|11
|inactive|Hurricane_Slash has 120 seconds left.
|
|t:|1758962053
|move|p2a: Raging Bolt|Weather Ball|p1a: Sentret
|-enditem|p1a: Sentret|Focus Sash
|-damage|p1a: Sentret|1/100
|-damage|p2a: Raging Bolt|61/100|[from] item: Life Orb
|move|p1a: Sentret|Endeavor|p2a: Raging Bolt
|-damage|p2a: Raging Bolt|1/100
|
|-weather|SunnyDay|[upkeep]
|upkeep
|turn|12
|
|t:|1758962064
|move|p2a: Raging Bolt|Thunderclap|p1a: Sentret
|-damage|p1a: Sentret|0 fnt
|faint|p1a: Sentret
|-damage|p2a: Raging Bolt|0 fnt|[from] item: Life Orb
|faint|p2a: Raging Bolt
|-end|p2a: Raging Bolt|Protosynthesis|[silent]
|
|-weather|SunnyDay|[upkeep]
|upkeep
|
|t:|1758962073
|switch|p2a: Venusaur|Venusaur, F|100/100
|switch|p1a: Salazzle|Salazzle, F|100/100
|-damage|p2a: Venusaur|88/100|[from] Stealth Rock
|turn|13
|
|t:|1758962080
|-terastallize|p1a: Salazzle|Flying
|move|p2a: Venusaur|Earthquake|p1a: Salazzle
|-immune|p1a: Salazzle
|move|p1a: Salazzle|Flamethrower|p2a: Venusaur
|-supereffective|p2a: Venusaur
|-damage|p2a: Venusaur|0 fnt
|faint|p2a: Venusaur
|
|-weather|SunnyDay|[upkeep]
|upkeep
|
|t:|1758962096
|switch|p2a: Walking Wake|Walking Wake|100/100
|-damage|p2a: Walking Wake|88/100|[from] Stealth Rock
|-activate|p2a: Walking Wake|ability: Protosynthesis
|-start|p2a: Walking Wake|protosynthesisspe
|turn|14
|
|t:|1758962102
|switch|p1a: Bastarda|Tsareena, F, shiny|7/100
|move|p2a: Walking Wake|Hydro Steam|p1a: Bastarda
|-resisted|p1a: Bastarda
|-crit|p1a: Bastarda
|-damage|p1a: Bastarda|0 fnt
|faint|p1a: Bastarda
|
|-weather|SunnyDay|[upkeep]
|upkeep
|
|t:|1758962112
|switch|p1a: La XAMAKA|Milotic, M, shiny|70/100
|turn|15
|
|t:|1758962124
|move|p2a: Walking Wake|Draco Meteor|p1a: La XAMAKA
|-damage|p1a: La XAMAKA|20/100
|-unboost|p2a: Walking Wake|spa|2
|move|p1a: La XAMAKA|Ice Beam|p2a: Walking Wake
|-damage|p2a: Walking Wake|63/100
|
|-weather|SunnyDay|[upkeep]
|-heal|p1a: La XAMAKA|26/100|[from] item: Leftovers
|upkeep
|turn|16
|
|t:|1758962139
|move|p2a: Walking Wake|Weather Ball|p1a: La XAMAKA
|-resisted|p1a: La XAMAKA
|-damage|p1a: La XAMAKA|16/100
|move|p1a: La XAMAKA|Recover|p1a: La XAMAKA
|-heal|p1a: La XAMAKA|66/100
|
|-weather|none
|-end|p2a: Walking Wake|Protosynthesis
|-heal|p1a: La XAMAKA|73/100|[from] item: Leftovers
|upkeep
|turn|17
|
|t:|1758962149
|-end|p2a: Walking Wake|Protosynthesis|[silent]
|switch|p2a: Torkoal|Torkoal, M|76/100
|-damage|p2a: Torkoal|51/100|[from] Stealth Rock
|-weather|SunnyDay|[from] ability: Drought|[of] p2a: Torkoal
|move|p1a: La XAMAKA|Scald|p2a: Torkoal
|-supereffective|p2a: Torkoal
|-damage|p2a: Torkoal|19/100
|
|-weather|SunnyDay|[upkeep]
|-heal|p1a: La XAMAKA|79/100|[from] item: Leftovers
|upkeep
|turn|18
|
|t:|1758962160
|move|p1a: La XAMAKA|Scald|p2a: Torkoal
|-supereffective|p2a: Torkoal
|-damage|p2a: Torkoal|0 fnt
|faint|p2a: Torkoal
|
|-weather|SunnyDay|[upkeep]
|-heal|p1a: La XAMAKA|85/100|[from] item: Leftovers
|upkeep
|
|t:|1758962175
|switch|p2a: Slither Wing|Slither Wing|84/100
|-damage|p2a: Slither Wing|72/100|[from] Stealth Rock
|-activate|p2a: Slither Wing|ability: Protosynthesis
|-start|p2a: Slither Wing|protosynthesisatk
|turn|19
|
|t:|1758962187
|move|p2a: Slither Wing|First Impression|p1a: La XAMAKA
|-damage|p1a: La XAMAKA|37/100
|move|p1a: La XAMAKA|Recover|p1a: La XAMAKA
|-heal|p1a: La XAMAKA|87/100
|
|-weather|SunnyDay|[upkeep]
|-heal|p1a: La XAMAKA|93/100|[from] item: Leftovers
|upkeep
|turn|20
|
|t:|1758962196
|move|p2a: Slither Wing|First Impression||[still]
|-hint|First Impression only works on your first turn out.
|-fail|p2a: Slither Wing
|move|p1a: La XAMAKA|Scald|p2a: Slither Wing
|-damage|p2a: Slither Wing|63/100
|
|-weather|SunnyDay|[upkeep]
|-heal|p1a: La XAMAKA|99/100|[from] item: Leftovers
|upkeep
|turn|21
|
|t:|1758962206
|-terastallize|p2a: Slither Wing|Fire
|move|p2a: Slither Wing|Temper Flare|p1a: La XAMAKA
|-resisted|p1a: La XAMAKA
|-damage|p1a: La XAMAKA|41/100
|move|p1a: La XAMAKA|Ice Beam|p2a: Slither Wing
|-resisted|p2a: Slither Wing
|-damage|p2a: Slither Wing|55/100
|
|-weather|SunnyDay|[upkeep]
|-heal|p1a: La XAMAKA|47/100|[from] item: Leftovers
|upkeep
|turn|22
|
|t:|1758962222
|move|p2a: Slither Wing|Earthquake|p1a: La XAMAKA
|-damage|p1a: La XAMAKA|12/100
|move|p1a: La XAMAKA|Recover|p1a: La XAMAKA
|-heal|p1a: La XAMAKA|62/100
|
|-weather|SunnyDay|[upkeep]
|-heal|p1a: La XAMAKA|68/100|[from] item: Leftovers
|upkeep
|turn|23
|
|t:|1758962230
|move|p2a: Slither Wing|First Impression||[still]
|-hint|First Impression only works on your first turn out.
|-fail|p2a: Slither Wing
|move|p1a: La XAMAKA|Recover|p1a: La XAMAKA
|-heal|p1a: La XAMAKA|100/100
|
|-weather|SunnyDay|[upkeep]
|upkeep
|turn|24
|
|t:|1758962238
|move|p2a: Slither Wing|Temper Flare|p1a: La XAMAKA
|-resisted|p1a: La XAMAKA
|-damage|p1a: La XAMAKA|36/100
|move|p1a: La XAMAKA|Scald|p2a: Slither Wing
|-supereffective|p2a: Slither Wing
|-damage|p2a: Slither Wing|38/100
|
|-weather|none
|-end|p2a: Slither Wing|Protosynthesis
|-heal|p1a: La XAMAKA|42/100|[from] item: Leftovers
|upkeep
|turn|25
|
|t:|1758962248
|move|p2a: Slither Wing|U-turn|p1a: La XAMAKA
|-damage|p1a: La XAMAKA|10/100
|
|t:|1758962251
|-end|p2a: Slither Wing|Protosynthesis|[silent]
|switch|p2a: Walking Wake|Walking Wake|63/100|[from] U-turn
|-damage|p2a: Walking Wake|51/100|[from] Stealth Rock
|move|p1a: La XAMAKA|Recover|p1a: La XAMAKA
|-heal|p1a: La XAMAKA|60/100
|
|-heal|p1a: La XAMAKA|66/100|[from] item: Leftovers
|upkeep
|turn|26
|-message|Hurricane_Slash forfeited.
|
|win|enigma96
|raw|enigma96's rating: 1146 &rarr; <strong>1173</strong><br />(+27 for winning)
|raw|Hurricane_Slash's rating: 1177 &rarr; <strong>1150</strong><br />(-27 for losing)
|l|☆Hurricane_Slash
|player|p2|
|l|☆enigma96
|player|p1|
