|j|☆will1994
|j|☆bigger yeagle
|t:|1758921369
|gametype|singles
|player|p1|will1994|red|1663
|player|p2|bigger yeagle|2|1665
|gen|9
|tier|[Gen 9] OU
|rated|
|rule|HP Percentage Mod: HP is shown in percentages
|rule|Endless Battle Clause: Forcing endless battles is banned
|rule|Species Clause: Limit one of each Pokémon
|rule|OHKO Clause: OHKO moves are banned
|rule|Evasion Items Clause: Evasion items are banned
|rule|Evasion Moves Clause: Evasion moves are banned
|rule|Evasion Abilities Clause: Evasion abilities are banned
|rule|Sleep Moves Clause: Sleep-inducing moves are banned
|clearpoke
|poke|p1|Rillaboom, M|
|poke|p1|Charizard, M|
|poke|p1|Corviknight, F|
|poke|p1|Kleavor, M|
|poke|p1|Clodsire, M|
|poke|p1|Samurott-Hisui, F|
|poke|p2|Indeedee, M|
|poke|p2|Hatterene, F|
|poke|p2|Ursaluna, F|
|poke|p2|Iron Hands|
|poke|p2|Hoopa-Unbound|
|poke|p2|Mimikyu, F|
|teampreview
|inactive|Battle timer is ON: inactive players will automatically lose when time's up. (requested by will1994)
|
|t:|1758921387
|teamsize|p1|6
|teamsize|p2|6
|start
|switch|p1a: Kleavor|Kleavor, M|100/100
|switch|p2a: Dr. Yes|Indeedee, M, shiny|100/100
|-fieldstart|move: Psychic Terrain|[from] ability: Psychic Surge|[of] p2a: Dr. Yes
|turn|1
|
|t:|1758921391
|move|p1a: Kleavor|U-turn|p2a: Dr. Yes
|-supereffective|p2a: Dr. Yes
|-damage|p2a: Dr. Yes|20/100
|
|t:|1758921394
|switch|p1a: Samurott|Samurott-Hisui, F|100/100|[from] U-turn
|move|p2a: Dr. Yes|Expanding Force|p1a: Samurott
|-immune|p1a: Samurott
|
|upkeep
|turn|2
|
|t:|1758921399
|switch|p2a: High 3|Iron Hands, shiny|100/100
|-enditem|p2a: High 3|Booster Energy
|-activate|p2a: High 3|ability: Quark Drive|[fromitem]
|-start|p2a: High 3|quarkdriveatk
|move|p1a: Samurott|Ceaseless Edge|p2a: High 3
|-resisted|p2a: High 3
|-damage|p2a: High 3|88/100
|-sidestart|p2: bigger yeagle|Spikes
|
|upkeep
|turn|3
|
|t:|1758921410
|switch|p1a: Clodsire|Clodsire, M|100/100
|move|p2a: High 3|Close Combat|p1a: Clodsire
|-resisted|p1a: Clodsire
|-damage|p1a: Clodsire|64/100
|-unboost|p2a: High 3|def|1
|-unboost|p2a: High 3|spd|1
|
|-heal|p1a: Clodsire|71/100|[from] item: Leftovers
|upkeep
|turn|4
|
|t:|1758921416
|move|p2a: High 3|Ice Punch|p1a: Clodsire
|-supereffective|p1a: Clodsire
|-damage|p1a: Clodsire|10/100
|-status|p1a: Clodsire|frz
|cant|p1a: Clodsire|frz
|
|-heal|p1a: Clodsire|16/100 frz|[from] item: Leftovers
|upkeep
|turn|5
|
|t:|1758921424
|move|p2a: High 3|Close Combat|p1a: Clodsire
|-resisted|p1a: Clodsire
|-damage|p1a: Clodsire|0 fnt
|-unboost|p2a: High 3|def|1
|-unboost|p2a: High 3|spd|1
|faint|p1a: Clodsire
|
|upkeep
|
|t:|1758921428
|switch|p1a: Rillaboom|Rillaboom, M|100/100
|-fieldstart|move: Grassy Terrain|[from] ability: Grassy Surge|[of] p1a: Rillaboom
|turn|6
|
|t:|1758921439
|-end|p2a: High 3|Quark Drive|[silent]
|switch|p2a: Dr. Yes|Indeedee, M, shiny|20/100
|-damage|p2a: Dr. Yes|8/100|[from] Spikes
|-fieldstart|move: Psychic Terrain|[from] ability: Psychic Surge|[of] p2a: Dr. Yes
|move|p1a: Rillaboom|Wood Hammer|p2a: Dr. Yes
|-damage|p2a: Dr. Yes|0 fnt
|faint|p2a: Dr. Yes
|-damage|p1a: Rillaboom|98/100|[from] Recoil
|
|upkeep
|
|t:|1758921444
|switch|p2a: The Dollby Cube|Mimikyu, F, shiny|100/100
|-damage|p2a: The Dollby Cube|88/100|[from] Spikes
|turn|7
|
|t:|1758921448
|switch|p1a: Corviknight|Corviknight, F|100/100
|-ability|p1a: Corviknight|Pressure
|move|p2a: The Dollby Cube|Trick Room|p2a: The Dollby Cube
|-fieldstart|move: Trick Room|[of] p2a: The Dollby Cube
|
|upkeep
|turn|8
|
|t:|1758921455
|switch|p2a: Special Hoops|Hoopa-Unbound|100/100
|-damage|p2a: Special Hoops|88/100|[from] Spikes
|-enditem|p2a: Special Hoops|Psychic Seed
|-boost|p2a: Special Hoops|spd|1|[from] item: Psychic Seed
|move|p1a: Corviknight|U-turn|p2a: Special Hoops
|-supereffective|p2a: Special Hoops
|-damage|p2a: Special Hoops|19/100
|-message|bigger yeagle forfeited.
|
|win|will1994
|raw|will1994's rating: 1663 &rarr; <strong>1683</strong><br />(+20 for winning)
|raw|bigger yeagle's rating: 1665 &rarr; <strong>1645</strong><br />(-20 for losing)
|l|☆bigger yeagle
|player|p2|
|l|☆will1994
|player|p1|
