|j|☆Nonexistent_0
|j|☆lolboi6969
|t:|1758949942
|gametype|singles
|player|p1|Nonexistent_0|leon-tower|1368
|player|p2|lolboi6969|101|1347
|gen|9
|tier|[Gen 9] OU
|rated|
|rule|HP Percentage Mod: HP is shown in percentages
|rule|Endless Battle Clause: Forcing endless battles is banned
|rule|Species Clause: Limit one of each Pokémon
|rule|OHKO Clause: OHKO moves are banned
|rule|Evasion Items Clause: Evasion items are banned
|rule|Evasion Moves Clause: Evasion moves are banned
|rule|Evasion Abilities Clause: Evasion abilities are banned
|rule|Sleep Moves Clause: Sleep-inducing moves are banned
|clearpoke
|poke|p1|Dragapult, M|
|poke|p1|Glimmora, M|
|poke|p1|Comfey, M|
|poke|p1|Kingambit, M|
|poke|p1|Ogerpon-Wellspring, F|
|poke|p1|Blaziken, M|
|poke|p2|Dragonite, M|
|poke|p2|Gholdengo|
|poke|p2|Regidrago|
|poke|p2|Scizor, F|
|poke|p2|Ting-Lu|
|poke|p2|Weezing-Galar, M|
|teampreview
|inactive|Battle timer is ON: inactive players will automatically lose when time's up. (requested by Nonexistent_0)
|
|t:|1758949955
|teamsize|p1|6
|teamsize|p2|6
|start
|switch|p1a: Dragapult|Dragapult, M|100/100
|switch|p2a: Regidrago|Regidrago|100/100
|turn|1
|
|t:|1758949962
|switch|p1a: Comfey|Comfey, M, shiny|100/100
|move|p2a: Regidrago|Dragon Energy|p1a: Comfey
|-immune|p1a: Comfey
|
|upkeep
|turn|2
|
|t:|1758949970
|switch|p2a: Weezing|Weezing-Galar, M|100/100
|-ability|p2a: Weezing|Neutralizing Gas
|move|p1a: Comfey|Draining Kiss|p2a: Weezing
|-resisted|p2a: Weezing
|-damage|p2a: Weezing|81/100
|-damage|p1a: Comfey|91/100|[from] item: Life Orb
|
|upkeep
|turn|3
|
|t:|1758949974
|switch|p1a: Glimmora|Glimmora, M, shiny|100/100
|move|p2a: Weezing|Will-O-Wisp|p1a: Glimmora
|-status|p1a: Glimmora|brn
|
|-damage|p1a: Glimmora|94/100 brn|[from] brn
|upkeep
|turn|4
|
|t:|1758949983
|-end|p2a: Weezing|ability: Neutralizing Gas
|switch|p2a: Dragonite|Dragonite, M|100/100
|move|p1a: Glimmora|Earth Power|p2a: Dragonite
|-immune|p2a: Dragonite
|
|-damage|p1a: Glimmora|88/100 brn|[from] brn
|upkeep
|turn|5
|
|t:|1758949986
|move|p2a: Dragonite|Earthquake|p1a: Glimmora
|-supereffective|p1a: Glimmora
|-damage|p1a: Glimmora|0 fnt
|-activate|p1a: Glimmora|ability: Toxic Debris
|-sidestart|p2: lolboi6969|move: Toxic Spikes
|faint|p1a: Glimmora
|
|upkeep
|
|t:|1758949996
|switch|p1a: Ogerpon|Ogerpon-Wellspring, F|100/100
|turn|6
|
|t:|1758949999
|switch|p2a: Weezing|Weezing-Galar, M|81/100
|-ability|p2a: Weezing|Neutralizing Gas
|-sideend|p2: lolboi6969|move: Toxic Spikes|[of] p2a: Weezing
|move|p1a: Ogerpon|U-turn|p2a: Weezing
|-resisted|p2a: Weezing
|-damage|p2a: Weezing|76/100
|
|t:|1758950006
|switch|p1a: Blaziken|Blaziken, M, shiny|100/100|[from] U-turn
|
|upkeep
|turn|7
|
|t:|1758950012
|move|p1a: Blaziken|Knock Off|p2a: Weezing
|-resisted|p2a: Weezing
|-damage|p2a: Weezing|61/100
|-enditem|p2a: Weezing|Heavy-Duty Boots|[from] move: Knock Off|[of] p1a: Blaziken
|-damage|p1a: Blaziken|91/100|[from] item: Life Orb
|move|p2a: Weezing|Clear Smog|p1a: Blaziken
|-damage|p1a: Blaziken|65/100
|-clearboost|p1a: Blaziken
|
|upkeep
|turn|8
|
|t:|1758950031
|move|p1a: Blaziken|Flare Blitz|p2a: Weezing
|-damage|p2a: Weezing|2/100
|-damage|p1a: Blaziken|43/100|[from] Recoil
|-damage|p1a: Blaziken|33/100|[from] item: Life Orb
|move|p2a: Weezing|Pain Split|p1a: Blaziken
|-sethp|p1a: Blaziken|18/100|[from] move: Pain Split|[silent]
|-sethp|p2a: Weezing|16/100|[from] move: Pain Split
|
|upkeep
|turn|9
|
|t:|1758950042
|move|p1a: Blaziken|Flare Blitz|p2a: Weezing
|-damage|p2a: Weezing|0 fnt
|faint|p2a: Weezing
|-end|p2a: Weezing|ability: Neutralizing Gas
|-damage|p1a: Blaziken|12/100|[from] Recoil
|-damage|p1a: Blaziken|2/100|[from] item: Life Orb
|
|-ability|p1a: Blaziken|Speed Boost|boost
|-boost|p1a: Blaziken|spe|1
|upkeep
|
|t:|1758950048
|switch|p2a: Regidrago|Regidrago|100/100
|turn|10
|
|t:|1758950051
|-terastallize|p2a: Regidrago|Steel
|move|p1a: Blaziken|Protect|p1a: Blaziken
|-singleturn|p1a: Blaziken|Protect
|move|p2a: Regidrago|Tera Blast|p1a: Blaziken|[anim] Tera Blast Steel
|-activate|p1a: Blaziken|move: Protect
|
|-ability|p1a: Blaziken|Speed Boost|boost
|-boost|p1a: Blaziken|spe|1
|upkeep
|turn|11
|
|t:|1758950054
|move|p1a: Blaziken|Close Combat|p2a: Regidrago
|-supereffective|p2a: Regidrago
|-crit|p2a: Regidrago
|-damage|p2a: Regidrago|0 fnt
|-unboost|p1a: Blaziken|def|1
|-unboost|p1a: Blaziken|spd|1
|faint|p2a: Regidrago
|-damage|p1a: Blaziken|0 fnt|[from] item: Life Orb
|faint|p1a: Blaziken
|
|upkeep
|
|t:|1758950061
|switch|p2a: Ting-Lu|Ting-Lu|100/100
|switch|p1a: Dragapult|Dragapult, M|100/100
|-ability|p2a: Ting-Lu|Vessel of Ruin
|turn|12
|
|t:|1758950085
|switch|p1a: Ogerpon|Ogerpon-Wellspring, F|100/100
|move|p2a: Ting-Lu|Stealth Rock|p1a: Ogerpon
|-sidestart|p1: Nonexistent_0|move: Stealth Rock
|
|upkeep
|turn|13
|inactive|lolboi6969 has 120 seconds left.
|
|t:|1758950132
|move|p1a: Ogerpon|Ivy Cudgel|p2a: Ting-Lu|[anim] Ivy Cudgel Water
|-supereffective|p2a: Ting-Lu
|-damage|p2a: Ting-Lu|35/100
|move|p2a: Ting-Lu|Ruination|p1a: Ogerpon
|-damage|p1a: Ogerpon|51/100
|
|-heal|p2a: Ting-Lu|41/100|[from] item: Leftovers
|upkeep
|turn|14
|
|t:|1758950138
|move|p1a: Ogerpon|Ivy Cudgel|p2a: Ting-Lu|[anim] Ivy Cudgel Water
|-supereffective|p2a: Ting-Lu
|-damage|p2a: Ting-Lu|0 fnt
|faint|p2a: Ting-Lu
|
|upkeep
|
|t:|1758950144
|switch|p2a: Dragonite|Dragonite, M|100/100
|turn|15
|
|t:|1758950148
|move|p2a: Dragonite|Extreme Speed|p1a: Ogerpon
|-damage|p1a: Ogerpon|7/100
|move|p1a: Ogerpon|Taunt|p2a: Dragonite
|-start|p2a: Dragonite|move: Taunt
|
|upkeep
|turn|16
|
|t:|1758950153
|move|p2a: Dragonite|Extreme Speed|p1a: Ogerpon
|-damage|p1a: Ogerpon|0 fnt
|faint|p1a: Ogerpon
|
|upkeep
|
|t:|1758950155
|switch|p1a: Dragapult|Dragapult, M|100/100
|-damage|p1a: Dragapult|88/100|[from] Stealth Rock
|turn|17
|
|t:|1758950166
|switch|p2a: Gholdengo|Gholdengo|100/100
|move|p1a: Dragapult|Dragon Darts|p2a: Gholdengo
|-resisted|p2a: Gholdengo
|-damage|p2a: Gholdengo|84/100
|-anim|p1a: Dragapult|Dragon Darts|p2a: Gholdengo
|-resisted|p2a: Gholdengo
|-damage|p2a: Gholdengo|69/100
|-damage|p1a: Dragapult|78/100|[from] item: Life Orb
|
|upkeep
|turn|18
|
|t:|1758950175
|move|p1a: Dragapult|Shadow Ball|p2a: Gholdengo
|-supereffective|p2a: Gholdengo
|-damage|p2a: Gholdengo|0 fnt
|faint|p2a: Gholdengo
|-damage|p1a: Dragapult|69/100|[from] item: Life Orb
|
|upkeep
|
|t:|1758950178
|switch|p2a: Scizor|Scizor, F|100/100
|turn|19
|
|t:|1758950184
|move|p2a: Scizor|Bullet Punch|p1a: Dragapult
|-damage|p1a: Dragapult|3/100
|move|p1a: Dragapult|Flamethrower|p2a: Scizor
|-supereffective|p2a: Scizor
|-damage|p2a: Scizor|0 fnt
|faint|p2a: Scizor
|-damage|p1a: Dragapult|0 fnt|[from] item: Life Orb
|faint|p1a: Dragapult
|
|upkeep
|
|t:|1758950188
|switch|p1a: Comfey|Comfey, M, shiny|91/100
|switch|p2a: Dragonite|Dragonite, M|100/100
|-damage|p1a: Comfey|78/100|[from] Stealth Rock
|turn|20
|
|t:|1758950192
|move|p1a: Comfey|Draining Kiss|p2a: Dragonite
|-supereffective|p2a: Dragonite
|-damage|p2a: Dragonite|72/100
|-heal|p1a: Comfey|100/100|[from] drain|[of] p2a: Dragonite
|-damage|p1a: Comfey|91/100|[from] item: Life Orb
|move|p2a: Dragonite|Dragon Dance|p2a: Dragonite
|-boost|p2a: Dragonite|atk|1
|-boost|p2a: Dragonite|spe|1
|
|upkeep
|turn|21
|
|t:|1758950201
|move|p1a: Comfey|Draining Kiss|p2a: Dragonite
|-supereffective|p2a: Dragonite
|-damage|p2a: Dragonite|15/100
|-heal|p1a: Comfey|100/100|[from] drain|[of] p2a: Dragonite
|-damage|p1a: Comfey|91/100|[from] item: Life Orb
|move|p2a: Dragonite|Roost|p2a: Dragonite
|-heal|p2a: Dragonite|65/100
|-singleturn|p2a: Dragonite|move: Roost
|
|upkeep
|turn|22
|
|t:|1758950210
|move|p1a: Comfey|Draining Kiss|p2a: Dragonite
|-supereffective|p2a: Dragonite
|-damage|p2a: Dragonite|9/100
|-heal|p1a: Comfey|100/100|[from] drain|[of] p2a: Dragonite
|-damage|p1a: Comfey|91/100|[from] item: Life Orb
|move|p2a: Dragonite|Extreme Speed|p1a: Comfey
|-damage|p1a: Comfey|36/100
|
|upkeep
|turn|23
|
|t:|1758950217
|move|p1a: Comfey|Draining Kiss|p2a: Dragonite
|-supereffective|p2a: Dragonite
|-damage|p2a: Dragonite|0 fnt
|-heal|p1a: Comfey|44/100|[from] drain|[of] p2a: Dragonite
|faint|p2a: Dragonite
|-damage|p1a: Comfey|34/100|[from] item: Life Orb
|
|win|Nonexistent_0
|raw|Nonexistent_0's rating: 1368 &rarr; <strong>1387</strong><br />(+19 for winning)
|raw|lolboi6969's rating: 1347 &rarr; <strong>1328</strong><br />(-19 for losing)
|l|☆lolboi6969
|player|p2|
|l|☆Nonexistent_0
|player|p1|
