|j|☆sxngeki
|j|☆Charle_phate
|t:|1758937835
|gametype|singles
|player|p1|sxngeki|firebreather|1366
|player|p2|Charle_phate|blue|1329
|gen|9
|tier|[Gen 9] OU
|rated|
|rule|HP Percentage Mod: HP is shown in percentages
|rule|Endless Battle Clause: Forcing endless battles is banned
|rule|Species Clause: Limit one of each Pokémon
|rule|OHKO Clause: OHKO moves are banned
|rule|Evasion Items Clause: Evasion items are banned
|rule|Evasion Moves Clause: Evasion moves are banned
|rule|Evasion Abilities Clause: Evasion abilities are banned
|rule|Sleep Moves Clause: Sleep-inducing moves are banned
|clearpoke
|poke|p1|Probopass, F|
|poke|p1|Dondozo, F|
|poke|p1|Gliscor, F|
|poke|p1|Darkrai|
|poke|p1|Iron Moth|
|poke|p1|Great Tusk|
|poke|p2|Serperior, F|
|poke|p2|Rotom-Wash|
|poke|p2|Zapdos|
|poke|p2|Heatran, M|
|poke|p2|Clefable, F|
|poke|p2|Landorus-Therian, M|
|teampreview
|inactive|Battle timer is ON: inactive players will automatically lose when time's up. (requested by sxngeki)
|
|t:|1758937854
|teamsize|p1|6
|teamsize|p2|6
|start
|switch|p1a: Darkrai|Darkrai|100/100
|switch|p2a: Rotom|Rotom-Wash|100/100
|turn|1
|
|t:|1758937859
|move|p1a: Darkrai|Dark Pulse|p2a: Rotom
|-damage|p2a: Rotom|48/100
|move|p2a: Rotom|Thunder Wave|p1a: Darkrai
|-status|p1a: Darkrai|par
|
|-heal|p2a: Rotom|54/100|[from] item: Leftovers
|upkeep
|turn|2
|
|t:|1758937866
|switch|p2a: Zapdos|Zapdos|100/100
|move|p1a: Darkrai|Dark Pulse|p2a: Zapdos
|-crit|p2a: Zapdos
|-damage|p2a: Zapdos|3/100
|
|-heal|p2a: Zapdos|10/100|[from] item: Leftovers
|upkeep
|turn|3
|
|t:|1758937885
|switch|p1a: Gliscor|Gliscor, F|100/100
|move|p2a: Zapdos|Roost|p2a: Zapdos
|-heal|p2a: Zapdos|60/100
|-singleturn|p2a: Zapdos|move: Roost
|
|-heal|p2a: Zapdos|66/100|[from] item: Leftovers
|-status|p1a: Gliscor|tox|[from] item: Toxic Orb
|upkeep
|turn|4
|
|t:|1758937895
|move|p1a: Gliscor|Spikes|p2a: Zapdos
|-sidestart|p2: Charle_phate|Spikes
|move|p2a: Zapdos|Ancient Power|p1a: Gliscor
|-damage|p1a: Gliscor|77/100 tox
|
|-heal|p2a: Zapdos|72/100|[from] item: Leftovers
|-heal|p1a: Gliscor|89/100 tox|[from] ability: Poison Heal
|upkeep
|turn|5
|
|t:|1758937900
|move|p1a: Gliscor|Knock Off|p2a: Zapdos
|-damage|p2a: Zapdos|52/100
|-enditem|p2a: Zapdos|Leftovers|[from] move: Knock Off|[of] p1a: Gliscor
|move|p2a: Zapdos|Ancient Power|p1a: Gliscor
|-damage|p1a: Gliscor|65/100 tox
|
|-heal|p1a: Gliscor|77/100 tox|[from] ability: Poison Heal
|upkeep
|turn|6
|
|t:|1758937924
|move|p1a: Gliscor|Spikes|p2a: Zapdos
|-sidestart|p2: Charle_phate|Spikes
|move|p2a: Zapdos|Ancient Power|p1a: Gliscor
|-damage|p1a: Gliscor|51/100 tox
|
|-heal|p1a: Gliscor|63/100 tox|[from] ability: Poison Heal
|upkeep
|turn|7
|
|t:|1758937929
|move|p1a: Gliscor|Spikes|p2a: Zapdos
|-sidestart|p2: Charle_phate|Spikes
|move|p2a: Zapdos|Ancient Power|p1a: Gliscor
|-damage|p1a: Gliscor|37/100 tox
|
|-heal|p1a: Gliscor|49/100 tox|[from] ability: Poison Heal
|upkeep
|turn|8
|
|t:|1758937934
|move|p1a: Gliscor|Protect|p1a: Gliscor
|-singleturn|p1a: Gliscor|Protect
|move|p2a: Zapdos|Ancient Power|p1a: Gliscor
|-activate|p1a: Gliscor|move: Protect
|
|-heal|p1a: Gliscor|61/100 tox|[from] ability: Poison Heal
|upkeep
|turn|9
|
|t:|1758937945
|move|p1a: Gliscor|Knock Off|p2a: Zapdos
|-damage|p2a: Zapdos|37/100
|move|p2a: Zapdos|Ancient Power|p1a: Gliscor
|-damage|p1a: Gliscor|34/100 tox
|
|-heal|p1a: Gliscor|47/100 tox|[from] ability: Poison Heal
|upkeep
|turn|10
|
|t:|1758937952
|move|p1a: Gliscor|Earthquake|p2a: Zapdos
|-immune|p2a: Zapdos
|move|p2a: Zapdos|Roost|p2a: Zapdos
|-heal|p2a: Zapdos|87/100
|-singleturn|p2a: Zapdos|move: Roost
|
|-heal|p1a: Gliscor|59/100 tox|[from] ability: Poison Heal
|upkeep
|turn|11
|
|t:|1758937958
|move|p1a: Gliscor|Protect|p1a: Gliscor
|-singleturn|p1a: Gliscor|Protect
|move|p2a: Zapdos|Ancient Power|p1a: Gliscor
|-activate|p1a: Gliscor|move: Protect
|
|-heal|p1a: Gliscor|71/100 tox|[from] ability: Poison Heal
|upkeep
|turn|12
|
|t:|1758937973
|switch|p1a: Probopass|Probopass, F|100/100
|move|p2a: Zapdos|Ancient Power|p1a: Probopass
|-resisted|p1a: Probopass
|-damage|p1a: Probopass|94/100
|
|upkeep
|turn|13
|
|t:|1758937982
|switch|p2a: Rotom|Rotom-Wash|54/100
|move|p1a: Probopass|Iron Defense|p1a: Probopass
|-boost|p1a: Probopass|def|2
|
|-heal|p2a: Rotom|61/100|[from] item: Leftovers
|upkeep
|turn|14
|
|t:|1758938009
|move|p2a: Rotom|Hydro Pump|p1a: Probopass
|-supereffective|p1a: Probopass
|-damage|p1a: Probopass|30/100
|move|p1a: Probopass|Volt Switch|p2a: Rotom
|-damage|p2a: Rotom|51/100
|inactive|sxngeki has 120 seconds left.
|
|t:|1758938023
|switch|p1a: Darkrai|Darkrai|100/100 par|[from] Volt Switch
|
|-heal|p2a: Rotom|58/100|[from] item: Leftovers
|upkeep
|turn|15
|
|t:|1758938032
|move|p2a: Rotom|Hydro Pump|p1a: Darkrai
|-damage|p1a: Darkrai|46/100 par
|cant|p1a: Darkrai|par
|
|-heal|p2a: Rotom|64/100|[from] item: Leftovers
|upkeep
|turn|16
|
|t:|1758938036
|move|p2a: Rotom|Hydro Pump|p1a: Darkrai
|-damage|p1a: Darkrai|0 fnt
|faint|p1a: Darkrai
|
|-heal|p2a: Rotom|70/100|[from] item: Leftovers
|upkeep
|inactive|sxngeki has 120 seconds left.
|
|t:|1758938072
|switch|p1a: Iron Moth|Iron Moth|100/100
|-enditem|p1a: Iron Moth|Booster Energy
|-activate|p1a: Iron Moth|ability: Quark Drive|[fromitem]
|-start|p1a: Iron Moth|quarkdrivespe
|turn|17
|inactive|Charle_phate has 120 seconds left.
|inactive|Charle_phate has 90 seconds left.
|inactive|Charle_phate has 60 seconds left.
|
|t:|1758938166
|move|p1a: Iron Moth|Energy Ball|p2a: Rotom
|-supereffective|p2a: Rotom
|-damage|p2a: Rotom|24/100
|move|p2a: Rotom|Thunder Wave|p1a: Iron Moth
|-status|p1a: Iron Moth|par
|
|-heal|p2a: Rotom|30/100|[from] item: Leftovers
|upkeep
|turn|18
|
|t:|1758938179
|move|p1a: Iron Moth|Energy Ball|p2a: Rotom
|-supereffective|p2a: Rotom
|-damage|p2a: Rotom|0 fnt
|faint|p2a: Rotom
|
|upkeep
|
|t:|1758938186
|switch|p2a: Heatran|Heatran, M|100/100
|-damage|p2a: Heatran|76/100|[from] Spikes
|turn|19
|
|t:|1758938199
|-end|p1a: Iron Moth|Quark Drive|[silent]
|switch|p1a: Dondozo|Dondozo, F|100/100
|move|p2a: Heatran|Substitute|p2a: Heatran
|-start|p2a: Heatran|Substitute
|-damage|p2a: Heatran|51/100
|
|-heal|p2a: Heatran|57/100|[from] item: Leftovers
|upkeep
|turn|20
|inactive|Charle_phate has 60 seconds left.
|
|t:|1758938230
|move|p2a: Heatran|Lava Plume|p1a: Dondozo
|-resisted|p1a: Dondozo
|-damage|p1a: Dondozo|88/100
|move|p1a: Dondozo|Curse|p1a: Dondozo
|-unboost|p1a: Dondozo|spe|1
|-boost|p1a: Dondozo|atk|1
|-boost|p1a: Dondozo|def|1
|
|-heal|p2a: Heatran|63/100|[from] item: Leftovers
|-heal|p1a: Dondozo|94/100|[from] item: Leftovers
|upkeep
|turn|21
|inactive|sxngeki has 120 seconds left.
|
|t:|1758938240
|move|p2a: Heatran|Lava Plume|p1a: Dondozo
|-resisted|p1a: Dondozo
|-damage|p1a: Dondozo|81/100
|move|p1a: Dondozo|Curse|p1a: Dondozo
|-unboost|p1a: Dondozo|spe|1
|-boost|p1a: Dondozo|atk|1
|-boost|p1a: Dondozo|def|1
|
|-heal|p2a: Heatran|69/100|[from] item: Leftovers
|-heal|p1a: Dondozo|87/100|[from] item: Leftovers
|upkeep
|turn|22
|inactive|sxngeki has 120 seconds left.
|inactive|Charle_phate has 60 seconds left.
|
|t:|1758938266
|move|p2a: Heatran|Lava Plume|p1a: Dondozo
|-resisted|p1a: Dondozo
|-damage|p1a: Dondozo|74/100
|move|p1a: Dondozo|Curse|p1a: Dondozo
|-unboost|p1a: Dondozo|spe|1
|-boost|p1a: Dondozo|atk|1
|-boost|p1a: Dondozo|def|1
|
|-heal|p2a: Heatran|76/100|[from] item: Leftovers
|-heal|p1a: Dondozo|80/100|[from] item: Leftovers
|upkeep
|turn|23
|
|t:|1758938269
|move|p2a: Heatran|Lava Plume|p1a: Dondozo
|-resisted|p1a: Dondozo
|-damage|p1a: Dondozo|67/100
|move|p1a: Dondozo|Curse|p1a: Dondozo
|-unboost|p1a: Dondozo|spe|1
|-boost|p1a: Dondozo|atk|1
|-boost|p1a: Dondozo|def|1
|
|-heal|p2a: Heatran|82/100|[from] item: Leftovers
|-heal|p1a: Dondozo|73/100|[from] item: Leftovers
|upkeep
|turn|24
|inactive|Charle_phate has 60 seconds left.
|
|t:|1758938279
|move|p2a: Heatran|Lava Plume|p1a: Dondozo
|-resisted|p1a: Dondozo
|-damage|p1a: Dondozo|61/100
|move|p1a: Dondozo|Curse|p1a: Dondozo
|-unboost|p1a: Dondozo|spe|1
|-boost|p1a: Dondozo|atk|1
|-boost|p1a: Dondozo|def|1
|
|-heal|p2a: Heatran|88/100|[from] item: Leftovers
|-heal|p1a: Dondozo|67/100|[from] item: Leftovers
|upkeep
|turn|25
|
|t:|1758938290
|move|p2a: Heatran|Lava Plume|p1a: Dondozo
|-resisted|p1a: Dondozo
|-damage|p1a: Dondozo|55/100
|move|p1a: Dondozo|Rest|p1a: Dondozo
|-status|p1a: Dondozo|slp|[from] move: Rest
|-heal|p1a: Dondozo|100/100 slp|[silent]
|
|-heal|p2a: Heatran|94/100|[from] item: Leftovers
|upkeep
|turn|26
|
|t:|1758938308
|switch|p2a: Serperior|Serperior, F|100/100
|-damage|p2a: Serperior|75/100|[from] Spikes
|cant|p1a: Dondozo|slp
|move|p1a: Dondozo|Sleep Talk|p1a: Dondozo
|move|p1a: Dondozo|Curse|p1a: Dondozo|[from] move: Sleep Talk
|-unboost|p1a: Dondozo|spe|1
|-boost|p1a: Dondozo|atk|1
|-boost|p1a: Dondozo|def|1
|
|-heal|p2a: Serperior|82/100|[from] item: Leftovers
|upkeep
|turn|27
|
|t:|1758938320
|-terastallize|p1a: Dondozo|Fairy
|move|p2a: Serperior|Substitute|p2a: Serperior
|-start|p2a: Serperior|Substitute
|-damage|p2a: Serperior|57/100
|cant|p1a: Dondozo|slp
|move|p1a: Dondozo|Sleep Talk|p1a: Dondozo
|move|p1a: Dondozo|Rest||[from] move: Sleep Talk|[still]
|-fail|p1a: Dondozo
|
|-heal|p2a: Serperior|63/100|[from] item: Leftovers
|upkeep
|turn|28
|
|t:|1758938330
|move|p2a: Serperior|Leech Seed|p1a: Dondozo
|-start|p1a: Dondozo|move: Leech Seed
|-curestatus|p1a: Dondozo|slp|[msg]
|move|p1a: Dondozo|Wave Crash|p2a: Serperior
|-resisted|p2a: Serperior
|-end|p2a: Serperior|Substitute
|-damage|p1a: Dondozo|95/100|[from] Recoil|[of] p2a: Serperior
|
|-heal|p2a: Serperior|69/100|[from] item: Leftovers
|-heal|p1a: Dondozo|100/100|[from] item: Leftovers
|-damage|p1a: Dondozo|88/100|[from] Leech Seed|[of] p2a: Serperior
|-heal|p2a: Serperior|88/100|[silent]
|upkeep
|turn|29
|
|t:|1758938332
|move|p2a: Serperior|Substitute|p2a: Serperior
|-start|p2a: Serperior|Substitute
|-damage|p2a: Serperior|63/100
|move|p1a: Dondozo|Wave Crash|p2a: Serperior
|-resisted|p2a: Serperior
|-end|p2a: Serperior|Substitute
|-damage|p1a: Dondozo|83/100|[from] Recoil|[of] p2a: Serperior
|
|-heal|p2a: Serperior|69/100|[from] item: Leftovers
|-heal|p1a: Dondozo|89/100|[from] item: Leftovers
|-damage|p1a: Dondozo|76/100|[from] Leech Seed|[of] p2a: Serperior
|-heal|p2a: Serperior|88/100|[silent]
|upkeep
|turn|30
|
|t:|1758938359
|move|p2a: Serperior|Substitute|p2a: Serperior
|-start|p2a: Serperior|Substitute
|-damage|p2a: Serperior|63/100
|move|p1a: Dondozo|Wave Crash|p2a: Serperior
|-resisted|p2a: Serperior
|-end|p2a: Serperior|Substitute
|-damage|p1a: Dondozo|71/100|[from] Recoil|[of] p2a: Serperior
|
|-heal|p2a: Serperior|69/100|[from] item: Leftovers
|-heal|p1a: Dondozo|77/100|[from] item: Leftovers
|-damage|p1a: Dondozo|64/100|[from] Leech Seed|[of] p2a: Serperior
|-heal|p2a: Serperior|88/100|[silent]
|upkeep
|turn|31
|
|t:|1758938370
|move|p2a: Serperior|Substitute|p2a: Serperior
|-start|p2a: Serperior|Substitute
|-damage|p2a: Serperior|63/100
|move|p1a: Dondozo|Wave Crash|p2a: Serperior
|-resisted|p2a: Serperior
|-end|p2a: Serperior|Substitute
|-damage|p1a: Dondozo|59/100|[from] Recoil|[of] p2a: Serperior
|
|-heal|p2a: Serperior|69/100|[from] item: Leftovers
|-heal|p1a: Dondozo|65/100|[from] item: Leftovers
|-damage|p1a: Dondozo|53/100|[from] Leech Seed|[of] p2a: Serperior
|-heal|p2a: Serperior|88/100|[silent]
|upkeep
|turn|32
|
|t:|1758938394
|move|p2a: Serperior|Substitute|p2a: Serperior
|-start|p2a: Serperior|Substitute
|-damage|p2a: Serperior|63/100
|move|p1a: Dondozo|Rest|p1a: Dondozo
|-status|p1a: Dondozo|slp|[from] move: Rest
|-heal|p1a: Dondozo|100/100 slp|[silent]
|
|-heal|p2a: Serperior|69/100|[from] item: Leftovers
|-damage|p1a: Dondozo|88/100 slp|[from] Leech Seed|[of] p2a: Serperior
|-heal|p2a: Serperior|88/100|[silent]
|upkeep
|turn|33
|
|t:|1758938400
|move|p2a: Serperior|Leaf Storm|p1a: Dondozo
|-damage|p1a: Dondozo|57/100 slp
|-boost|p2a: Serperior|spa|2
|cant|p1a: Dondozo|slp
|move|p1a: Dondozo|Sleep Talk|p1a: Dondozo
|move|p1a: Dondozo|Wave Crash|p2a: Serperior|[from] move: Sleep Talk
|-resisted|p2a: Serperior
|-end|p2a: Serperior|Substitute
|-damage|p1a: Dondozo|51/100 slp|[from] Recoil|[of] p2a: Serperior
|
|-heal|p2a: Serperior|94/100|[from] item: Leftovers
|-heal|p1a: Dondozo|57/100 slp|[from] item: Leftovers
|-damage|p1a: Dondozo|45/100 slp|[from] Leech Seed|[of] p2a: Serperior
|-heal|p2a: Serperior|100/100|[silent]
|upkeep
|turn|34
|inactive|Charle_phate has 90 seconds left.
|
|t:|1758938426
|switch|p1a: Iron Moth|Iron Moth|100/100 par
|move|p2a: Serperior|Substitute|p2a: Serperior
|-start|p2a: Serperior|Substitute
|-damage|p2a: Serperior|75/100
|
|-heal|p2a: Serperior|82/100|[from] item: Leftovers
|upkeep
|turn|35
|
|t:|1758938431
|move|p2a: Serperior|Leech Seed|p1a: Iron Moth
|-start|p1a: Iron Moth|move: Leech Seed
|move|p1a: Iron Moth|Fiery Dance|p2a: Serperior
|-supereffective|p2a: Serperior
|-end|p2a: Serperior|Substitute
|-boost|p1a: Iron Moth|spa|1
|
|-heal|p2a: Serperior|88/100|[from] item: Leftovers
|-damage|p1a: Iron Moth|88/100 par|[from] Leech Seed|[of] p2a: Serperior
|-heal|p2a: Serperior|100/100|[silent]
|upkeep
|turn|36
|inactive|Charle_phate has 90 seconds left.
|inactive|sxngeki has 120 seconds left.
|
|t:|1758938467
|move|p2a: Serperior|Substitute|p2a: Serperior
|-start|p2a: Serperior|Substitute
|-damage|p2a: Serperior|75/100
|move|p1a: Iron Moth|Fiery Dance|p2a: Serperior
|-supereffective|p2a: Serperior
|-end|p2a: Serperior|Substitute
|
|-heal|p2a: Serperior|82/100|[from] item: Leftovers
|-damage|p1a: Iron Moth|76/100 par|[from] Leech Seed|[of] p2a: Serperior
|-heal|p2a: Serperior|94/100|[silent]
|upkeep
|turn|37
|inactive|sxngeki has 120 seconds left.
|-message|sxngeki forfeited.
|
|win|Charle_phate
|raw|sxngeki's rating: 1366 &rarr; <strong>1345</strong><br />(-21 for losing)
|raw|Charle_phate's rating: 1352 &rarr; <strong>1373</strong><br />(+21 for winning)
|l|☆sxngeki
|player|p1|
|l|☆Charle_phate
|player|p2|
