|j|☆pkamash1
|j|☆ExplosionExplosion
|t:|1758940080
|gametype|singles
|player|p1|pkamash1|101|1298
|player|p2|ExplosionExplosion|lucas|1265
|gen|9
|tier|[Gen 9] OU
|rated|
|rule|HP Percentage Mod: HP is shown in percentages
|rule|Endless Battle Clause: Forcing endless battles is banned
|rule|Species Clause: Limit one of each Pokémon
|rule|OHKO Clause: OHKO moves are banned
|rule|Evasion Items Clause: Evasion items are banned
|rule|Evasion Moves Clause: Evasion moves are banned
|rule|Evasion Abilities Clause: Evasion abilities are banned
|rule|Sleep Moves Clause: Sleep-inducing moves are banned
|clearpoke
|poke|p1|Gliscor, M|
|poke|p1|Toxapex, M|
|poke|p1|Ninetales-Alola, F|
|poke|p1|Moltres|
|poke|p1|Iron Treads|
|poke|p1|Kyurem|
|poke|p2|Azelf|
|poke|p2|Veluza, M|
|poke|p2|Kingambit, M|
|poke|p2|Gholdengo|
|poke|p2|Weezing-Galar, F|
|poke|p2|Golem-Alola, M|
|teampreview
|inactive|Battle timer is ON: inactive players will automatically lose when time's up. (requested by pkamash1)
|
|t:|1758940091
|teamsize|p1|6
|teamsize|p2|6
|start
|switch|p1a: Gliscor|Gliscor, M|100/100
|switch|p2a: Azelf|Azelf|100/100
|turn|1
|
|t:|1758940098
|move|p2a: Azelf|Stealth Rock|p1a: Gliscor
|-sidestart|p1: pkamash1|move: Stealth Rock
|move|p1a: Gliscor|Knock Off|p2a: Azelf
|-supereffective|p2a: Azelf
|-damage|p2a: Azelf|35/100
|-enditem|p2a: Azelf|Normal Gem|[from] move: Knock Off|[of] p1a: Gliscor
|
|-status|p1a: Gliscor|tox|[from] item: Toxic Orb
|upkeep
|turn|2
|
|t:|1758940106
|move|p1a: Gliscor|Protect|p1a: Gliscor
|-singleturn|p1a: Gliscor|Protect
|move|p2a: Azelf|Explosion|p1a: Gliscor
|-activate|p1a: Gliscor|move: Protect
|faint|p2a: Azelf
|
|upkeep
|
|t:|1758940113
|switch|p2a: Veluza|Veluza, M|100/100
|turn|3
|
|t:|1758940133
|move|p2a: Veluza|Final Gambit|p1a: Gliscor
|-damage|p1a: Gliscor|0 fnt
|faint|p2a: Veluza
|faint|p1a: Gliscor
|
|upkeep
|
|t:|1758940146
|switch|p2a: Gholdengo|Gholdengo|100/100
|switch|p1a: Iron Treads|Iron Treads|100/100
|-damage|p1a: Iron Treads|97/100|[from] Stealth Rock
|turn|4
|
|t:|1758940152
|move|p1a: Iron Treads|Knock Off|p2a: Gholdengo
|-supereffective|p2a: Gholdengo
|-damage|p2a: Gholdengo|26/100
|-enditem|p2a: Gholdengo|Choice Specs|[from] move: Knock Off|[of] p1a: Iron Treads
|move|p2a: Gholdengo|Steel Beam|p1a: Iron Treads
|-resisted|p1a: Iron Treads
|-damage|p1a: Iron Treads|61/100
|-damage|p2a: Gholdengo|0 fnt|[from] steelbeam
|faint|p2a: Gholdengo
|
|upkeep
|
|t:|1758940159
|switch|p2a: Weezing|Weezing-Galar, F|100/100
|-fieldstart|move: Misty Terrain|[from] ability: Misty Surge|[of] p2a: Weezing
|turn|5
|
|t:|1758940164
|move|p1a: Iron Treads|Iron Head|p2a: Weezing
|-supereffective|p2a: Weezing
|-damage|p2a: Weezing|32/100
|move|p2a: Weezing|Misty Explosion|p1a: Iron Treads
|-resisted|p1a: Iron Treads
|-crit|p1a: Iron Treads
|-damage|p1a: Iron Treads|0 fnt
|faint|p2a: Weezing
|faint|p1a: Iron Treads
|-end|p1a: Iron Treads|Quark Drive|[silent]
|
|upkeep
|
|t:|1758940174
|switch|p1a: Moltres|Moltres|100/100
|switch|p2a: Golem|Golem-Alola, M|100/100
|turn|6
|
|t:|1758940186
|move|p1a: Moltres|Scorching Sands|p2a: Golem
|-supereffective|p2a: Golem
|-damage|p2a: Golem|3/100
|move|p2a: Golem|Explosion|p1a: Moltres
|-supereffective|p1a: Moltres
|-damage|p1a: Moltres|0 fnt
|faint|p2a: Golem
|faint|p1a: Moltres
|
|upkeep
|inactive|pkamash1 has 120 seconds left.
|
|t:|1758940219
|switch|p1a: Ninetales|Ninetales-Alola, F|100/100
|switch|p2a: Kingambit|Kingambit, M|100/100
|-damage|p1a: Ninetales|76/100|[from] Stealth Rock
|-weather|Snowscape|[from] ability: Snow Warning|[of] p1a: Ninetales
|-activate|p2a: Kingambit|ability: Supreme Overlord
|-start|p2a: Kingambit|fallen5|[silent]
|turn|7
|inactive|pkamash1 has 120 seconds left.
|
|t:|1758940227
|move|p1a: Ninetales|Aurora Veil|p1a: Ninetales
|-sidestart|p1: pkamash1|move: Aurora Veil
|move|p2a: Kingambit|Swords Dance|p2a: Kingambit
|-boost|p2a: Kingambit|atk|2
|
|-weather|Snowscape|[upkeep]
|upkeep
|turn|8
|
|t:|1758940233
|move|p1a: Ninetales|Encore|p2a: Kingambit
|-start|p2a: Kingambit|Encore
|move|p2a: Kingambit|Swords Dance|p2a: Kingambit
|-boost|p2a: Kingambit|atk|2
|
|-weather|Snowscape|[upkeep]
|upkeep
|turn|9
|
|t:|1758940238
|move|p1a: Ninetales|Moonblast|p2a: Kingambit
|-damage|p2a: Kingambit|61/100
|-unboost|p2a: Kingambit|spa|1
|move|p2a: Kingambit|Swords Dance|p2a: Kingambit
|-boost|p2a: Kingambit|atk|2
|
|-weather|Snowscape|[upkeep]
|-heal|p2a: Kingambit|68/100|[from] item: Leftovers
|-fieldend|Misty Terrain
|upkeep
|turn|10
|
|t:|1758940247
|move|p1a: Ninetales|Moonblast|p2a: Kingambit
|-damage|p2a: Kingambit|26/100
|move|p2a: Kingambit|Swords Dance|p2a: Kingambit
|-boost|p2a: Kingambit|atk|0
|
|-weather|Snowscape|[upkeep]
|-heal|p2a: Kingambit|32/100|[from] item: Leftovers
|-end|p2a: Kingambit|Encore
|upkeep
|turn|11
|
|t:|1758940256
|move|p1a: Ninetales|Encore|p2a: Kingambit
|-start|p2a: Kingambit|Encore
|move|p2a: Kingambit|Swords Dance|p2a: Kingambit
|-boost|p2a: Kingambit|atk|0
|
|-weather|none
|-heal|p2a: Kingambit|38/100|[from] item: Leftovers
|upkeep
|turn|12
|-message|ExplosionExplosion forfeited.
|
|win|pkamash1
|raw|pkamash1's rating: 1298 &rarr; <strong>1321</strong><br />(+23 for winning)
|raw|ExplosionExplosion's rating: 1265 &rarr; <strong>1242</strong><br />(-23 for losing)
|l|☆ExplosionExplosion
|player|p2|
|l|☆pkamash1
|player|p1|
