|badge|p2|bronze|gen9ou|100-6
|html|<div class="broadcast-red"><strong>This battle is required to be public due to one or more player having a season medal.</strong><br />During the public phase, you can discuss the state of the ladder <a href="/seasondiscussion">in a special chatroom.</a></div>
|uhtml|medal-msg|<div class="broadcast-blue">Curious what those medals under the avatar are? PS now has Ladder Seasons! For more information, check out the <a href="https://www.smogon.com/forums/threads/3740067/">thread on Smogon.</a></div>
|raw|<div class="broadcast-blue"><strong>This battle is required to be public due to a player having a name starting with 'medal'.</div>
|j|☆samohi0
|j|☆chien-pookie
|t:|1758942015
|gametype|singles
|player|p1|samohi0|hoopster|1827
|player|p2|chien-pookie|leaf-masters|1841
|gen|9
|tier|[Gen 9] OU
|rated|
|rule|HP Percentage Mod: HP is shown in percentages
|rule|Endless Battle Clause: Forcing endless battles is banned
|rule|Species Clause: Limit one of each Pokémon
|rule|OHKO Clause: OHKO moves are banned
|rule|Evasion Items Clause: Evasion items are banned
|rule|Evasion Moves Clause: Evasion moves are banned
|rule|Evasion Abilities Clause: Evasion abilities are banned
|rule|Sleep Moves Clause: Sleep-inducing moves are banned
|clearpoke
|poke|p1|Keldeo-Resolute|
|poke|p1|Dragapult, M|
|poke|p1|Slowking-Galar, M|
|poke|p1|Kingambit, F|
|poke|p1|Zapdos|
|poke|p1|Great Tusk|
|poke|p2|Great Tusk|
|poke|p2|Cinderace, M|
|poke|p2|Hatterene, F|
|poke|p2|Kyurem|
|poke|p2|Kingambit, F|
|poke|p2|Tornadus-Therian, M|
|teampreview
|inactive|Battle timer is ON: inactive players will automatically lose when time's up. (requested by chien-pookie)
|j| cuerodeolancho
|inactive|samohi0 has 120 seconds left.
|inactive|chien-pookie has 120 seconds left.
|j| chengzun
|inactive|chien-pookie has 90 seconds left.
|j| larp legion
|c| larp legion|hi pookie
|c|☆chien-pookie|hello
|
|t:|1758942098
|teamsize|p1|6
|teamsize|p2|6
|start
|switch|p1a: Ascended Phantom|Dragapult, M|100/100
|switch|p2a: Tornadus|Tornadus-Therian, M|100/100
|turn|1
|
|t:|1758942109
|switch|p2a: Kingambit|Kingambit, F|100/100
|move|p1a: Ascended Phantom|Dragon Darts|p2a: Kingambit
|-resisted|p2a: Kingambit
|-damage|p2a: Kingambit|86/100
|-anim|p1a: Ascended Phantom|Dragon Darts|p2a: Kingambit
|-resisted|p2a: Kingambit
|-damage|p2a: Kingambit|70/100
|
|-heal|p2a: Kingambit|77/100|[from] item: Leftovers
|upkeep
|turn|2
|
|t:|1758942126
|switch|p1a: Raijin Kaiōken|Zapdos|100/100
|-end|p2a: Kingambit|fallenundefined|[silent]
|switch|p2a: Tornadus|Tornadus-Therian, M|100/100
|
|upkeep
|turn|3
|
|t:|1758942131
|switch|p2a: Hatterene|Hatterene, F|100/100
|move|p1a: Raijin Kaiōken|Discharge|p2a: Hatterene
|-damage|p2a: Hatterene|68/100
|
|-heal|p2a: Hatterene|74/100|[from] item: Leftovers
|upkeep
|turn|4
|
|t:|1758942137
|move|p1a: Raijin Kaiōken|U-turn|p2a: Hatterene
|-damage|p2a: Hatterene|63/100
|
|t:|1758942139
|switch|p1a: Kami’s Vision|Slowking-Galar, M|100/100|[from] U-turn
|move|p2a: Hatterene|Nuzzle|p1a: Kami’s Vision
|-damage|p1a: Kami’s Vision|96/100
|-status|p1a: Kami’s Vision|par
|
|-heal|p2a: Hatterene|69/100|[from] item: Leftovers
|-heal|p1a: Kami’s Vision|100/100 par|[from] item: Black Sludge
|upkeep
|turn|5
|
|t:|1758942143
|switch|p2a: Kingambit|Kingambit, F|77/100
|move|p1a: Kami’s Vision|Trick|p2a: Kingambit
|-activate|p1a: Kami’s Vision|move: Trick|[of] p2a: Kingambit
|-item|p2a: Kingambit|Black Sludge|[from] move: Trick
|-item|p1a: Kami’s Vision|Leftovers|[from] move: Trick
|
|-damage|p2a: Kingambit|64/100|[from] item: Black Sludge
|upkeep
|turn|6
|
|t:|1758942149
|switch|p1a: Raijin Kaiōken|Zapdos|100/100
|move|p2a: Kingambit|Kowtow Cleave|p1a: Raijin Kaiōken
|-damage|p1a: Raijin Kaiōken|64/100
|-status|p2a: Kingambit|par|[from] ability: Static|[of] p1a: Raijin Kaiōken
|
|-damage|p2a: Kingambit|52/100 par|[from] item: Black Sludge
|upkeep
|turn|7
|
|t:|1758942161
|move|p1a: Raijin Kaiōken|Discharge|p2a: Kingambit
|-damage|p2a: Kingambit|16/100 par
|move|p2a: Kingambit|Kowtow Cleave|p1a: Raijin Kaiōken
|-damage|p1a: Raijin Kaiōken|28/100
|
|-damage|p2a: Kingambit|3/100 par|[from] item: Black Sludge
|upkeep
|turn|8
|
|t:|1758942165
|-end|p2a: Kingambit|fallenundefined|[silent]
|switch|p2a: Kyurem|Kyurem|100/100
|-ability|p2a: Kyurem|Pressure
|move|p1a: Raijin Kaiōken|Roost|p1a: Raijin Kaiōken
|-heal|p1a: Raijin Kaiōken|79/100
|-singleturn|p1a: Raijin Kaiōken|move: Roost
|
|upkeep
|turn|9
|
|t:|1758942170
|switch|p1a: Kami’s Vision|Slowking-Galar, M|100/100 par
|move|p2a: Kyurem|Draco Meteor|p1a: Kami’s Vision
|-damage|p1a: Kami’s Vision|40/100 par
|-unboost|p2a: Kyurem|spa|2
|
|-heal|p1a: Kami’s Vision|46/100 par|[from] item: Leftovers
|upkeep
|turn|10
|j| Dugtrio Is Broken
|
|t:|1758942186
|switch|p2a: Great Tusk|Great Tusk|100/100
|-prepare|p1a: Kami’s Vision|Chilly Reception|[premajor]
|move|p1a: Kami’s Vision|Chilly Reception|p1a: Kami’s Vision
|-weather|Snowscape
|
|t:|1758942190
|switch|p1a: Trunks’ Resolve|Keldeo-Resolute|100/100|[from] Chilly Reception
|
|-weather|Snowscape|[upkeep]
|upkeep
|turn|11
|
|t:|1758942198
|-end|p2a: Great Tusk|Protosynthesis|[silent]
|switch|p2a: Tornadus|Tornadus-Therian, M|100/100
|move|p1a: Trunks’ Resolve|Substitute|p1a: Trunks’ Resolve
|-start|p1a: Trunks’ Resolve|Substitute
|-damage|p1a: Trunks’ Resolve|76/100
|
|-weather|Snowscape|[upkeep]
|-heal|p1a: Trunks’ Resolve|82/100|[from] item: Leftovers
|upkeep
|turn|12
|c| cuerodeolancho|samohi0 so gangsta
|
|t:|1758942204
|move|p2a: Tornadus|Bleakwind Storm|p1a: Trunks’ Resolve
|-supereffective|p1a: Trunks’ Resolve
|-end|p1a: Trunks’ Resolve|Substitute
|move|p1a: Trunks’ Resolve|Calm Mind|p1a: Trunks’ Resolve
|-boost|p1a: Trunks’ Resolve|spa|1
|-boost|p1a: Trunks’ Resolve|spd|1
|
|-weather|Snowscape|[upkeep]
|-heal|p1a: Trunks’ Resolve|88/100|[from] item: Leftovers
|upkeep
|turn|13
|
|t:|1758942211
|move|p2a: Tornadus|Knock Off|p1a: Trunks’ Resolve
|-resisted|p1a: Trunks’ Resolve
|-damage|p1a: Trunks’ Resolve|78/100
|-ability|p1a: Trunks’ Resolve|Justified|boost
|-boost|p1a: Trunks’ Resolve|atk|1
|-enditem|p1a: Trunks’ Resolve|Leftovers|[from] move: Knock Off|[of] p2a: Tornadus
|move|p1a: Trunks’ Resolve|Surf|p2a: Tornadus
|-damage|p2a: Tornadus|58/100
|
|-weather|Snowscape|[upkeep]
|upkeep
|turn|14
|j| BigShteve
|
|t:|1758942222
|switch|p1a: Raijin Kaiōken|Zapdos|79/100
|move|p2a: Tornadus|Bleakwind Storm|p1a: Raijin Kaiōken|[miss]
|-miss|p2a: Tornadus|p1a: Raijin Kaiōken
|
|-weather|none
|upkeep
|turn|15
|j| wgw2333
|j| scyther oil
|
|t:|1758942233
|switch|p2a: Great Tusk|Great Tusk|100/100
|move|p1a: Raijin Kaiōken|Discharge|p2a: Great Tusk
|-immune|p2a: Great Tusk
|
|upkeep
|turn|16
|
|t:|1758942263
|-end|p2a: Great Tusk|Protosynthesis|[silent]
|switch|p2a: Tornadus|Tornadus-Therian, M|91/100
|move|p1a: Raijin Kaiōken|Hurricane|p2a: Tornadus|[miss]
|-miss|p1a: Raijin Kaiōken|p2a: Tornadus
|
|upkeep
|turn|17
|
|t:|1758942281
|switch|p2a: Kingambit|Kingambit, F|3/100 par
|move|p1a: Raijin Kaiōken|Discharge|p2a: Kingambit
|-damage|p2a: Kingambit|0 fnt
|faint|p2a: Kingambit
|-end|p2a: Kingambit|fallenundefined|[silent]
|
|upkeep
|
|t:|1758942282
|switch|p2a: Kyurem|Kyurem|100/100
|-ability|p2a: Kyurem|Pressure
|turn|18
|c| larp legion|i have aura
|j| locked in bro
|
|t:|1758942294
|switch|p1a: Kami’s Vision|Slowking-Galar, M|80/100 par
|move|p2a: Kyurem|Draco Meteor|p1a: Kami’s Vision
|-damage|p1a: Kami’s Vision|19/100 par
|-unboost|p2a: Kyurem|spa|2
|
|-heal|p1a: Kami’s Vision|25/100 par|[from] item: Leftovers
|upkeep
|turn|19
|c| cuerodeolancho|samohi0 so cold\
|
|t:|1758942321
|switch|p1a: Crutch Gambit|Kingambit, F|100/100
|move|p2a: Kyurem|Draco Meteor|p1a: Crutch Gambit
|-resisted|p1a: Crutch Gambit
|-damage|p1a: Crutch Gambit|72/100
|-unboost|p2a: Kyurem|spa|2
|
|-heal|p1a: Crutch Gambit|78/100|[from] item: Leftovers
|upkeep
|turn|20
|
|t:|1758942328
|switch|p2a: Great Tusk|Great Tusk|100/100
|move|p1a: Crutch Gambit|Iron Head|p2a: Great Tusk
|-damage|p2a: Great Tusk|65/100
|-damage|p1a: Crutch Gambit|62/100|[from] item: Rocky Helmet|[of] p2a: Great Tusk
|
|-heal|p1a: Crutch Gambit|68/100|[from] item: Leftovers
|upkeep
|turn|21
|
|t:|1758942334
|-end|p2a: Great Tusk|Protosynthesis|[silent]
|switch|p2a: Kyurem|Kyurem|100/100
|-ability|p2a: Kyurem|Pressure
|-end|p1a: Crutch Gambit|fallenundefined|[silent]
|switch|p1a: Raijin Kaiōken|Zapdos|79/100
|
|upkeep
|turn|22
|
|t:|1758942348
|switch|p1a: Kami’s Vision|Slowking-Galar, M|58/100 par
|move|p2a: Kyurem|Ice Beam|p1a: Kami’s Vision
|-damage|p1a: Kami’s Vision|19/100 par
|
|-heal|p1a: Kami’s Vision|25/100 par|[from] item: Leftovers
|upkeep
|turn|23
|
|t:|1758942353
|switch|p1a: Trunks’ Resolve|Keldeo-Resolute|78/100
|move|p2a: Kyurem|Ice Beam|p1a: Trunks’ Resolve
|-resisted|p1a: Trunks’ Resolve
|-damage|p1a: Trunks’ Resolve|46/100
|
|upkeep
|turn|24
|
|t:|1758942357
|switch|p2a: Tornadus|Tornadus-Therian, M|100/100
|move|p1a: Trunks’ Resolve|Substitute|p1a: Trunks’ Resolve
|-start|p1a: Trunks’ Resolve|Substitute
|-damage|p1a: Trunks’ Resolve|21/100
|
|upkeep
|turn|25
|
|t:|1758942362
|move|p2a: Tornadus|Bleakwind Storm|p1a: Trunks’ Resolve
|-supereffective|p1a: Trunks’ Resolve
|-end|p1a: Trunks’ Resolve|Substitute
|move|p1a: Trunks’ Resolve|Surf|p2a: Tornadus
|-damage|p2a: Tornadus|72/100
|
|upkeep
|turn|26
|
|t:|1758942387
|move|p2a: Tornadus|Knock Off|p1a: Trunks’ Resolve
|-resisted|p1a: Trunks’ Resolve
|-damage|p1a: Trunks’ Resolve|14/100
|-ability|p1a: Trunks’ Resolve|Justified|boost
|-boost|p1a: Trunks’ Resolve|atk|1
|move|p1a: Trunks’ Resolve|Surf|p2a: Tornadus
|-damage|p2a: Tornadus|42/100
|
|upkeep
|turn|27
|
|t:|1758942392
|move|p2a: Tornadus|Bleakwind Storm|p1a: Trunks’ Resolve
|-supereffective|p1a: Trunks’ Resolve
|-damage|p1a: Trunks’ Resolve|0 fnt
|faint|p1a: Trunks’ Resolve
|
|upkeep
|
|t:|1758942395
|switch|p1a: Ascended Phantom|Dragapult, M|100/100
|turn|28
|
|t:|1758942403
|-terastallize|p1a: Ascended Phantom|Ghost
|move|p1a: Ascended Phantom|Tera Blast|p2a: Tornadus|[anim] Tera Blast Ghost
|-damage|p2a: Tornadus|0 fnt
|faint|p2a: Tornadus
|
|upkeep
|l| Dugtrio Is Broken
|inactive|chien-pookie has 120 seconds left.
|
|t:|1758942452
|switch|p2a: Kyurem|Kyurem|100/100
|-ability|p2a: Kyurem|Pressure
|turn|29
|
|t:|1758942470
|switch|p1a: Kami’s Vision|Slowking-Galar, M|59/100 par
|move|p2a: Kyurem|Draco Meteor|p1a: Kami’s Vision
|-damage|p1a: Kami’s Vision|0 fnt
|-unboost|p2a: Kyurem|spa|2
|faint|p1a: Kami’s Vision
|
|upkeep
|
|t:|1758942473
|switch|p1a: Ascended Phantom|Dragapult, M, tera:Ghost|100/100
|turn|30
|inactive|chien-pookie has 120 seconds left.
|inactive|chien-pookie has 90 seconds left.
|
|t:|1758942511
|switch|p2a: Cinderace|Cinderace, M|100/100
|move|p1a: Ascended Phantom|U-turn|p2a: Cinderace
|-resisted|p2a: Cinderace
|-damage|p2a: Cinderace|77/100
|
|t:|1758942526
|switch|p1a: Wrath of Broly|Great Tusk|100/100|[from] U-turn
|-enditem|p1a: Wrath of Broly|Booster Energy
|-activate|p1a: Wrath of Broly|ability: Protosynthesis|[fromitem]
|-start|p1a: Wrath of Broly|protosynthesisatk
|
|upkeep
|turn|31
|
|t:|1758942530
|move|p2a: Cinderace|Will-O-Wisp|p1a: Wrath of Broly|[miss]
|-miss|p2a: Cinderace|p1a: Wrath of Broly
|move|p1a: Wrath of Broly|Headlong Rush|p2a: Cinderace
|-supereffective|p2a: Cinderace
|-damage|p2a: Cinderace|0 fnt
|-unboost|p1a: Wrath of Broly|def|1
|-unboost|p1a: Wrath of Broly|spd|1
|faint|p2a: Cinderace
|
|upkeep
|
|t:|1758942533
|switch|p2a: Kyurem|Kyurem|100/100
|-ability|p2a: Kyurem|Pressure
|turn|32
|
|t:|1758942538
|-end|p1a: Wrath of Broly|Protosynthesis|[silent]
|switch|p1a: Crutch Gambit|Kingambit, F|68/100
|-activate|p1a: Crutch Gambit|ability: Supreme Overlord
|-start|p1a: Crutch Gambit|fallen2|[silent]
|move|p2a: Kyurem|Ice Beam|p1a: Crutch Gambit
|-resisted|p1a: Crutch Gambit
|-damage|p1a: Crutch Gambit|30/100
|
|-heal|p1a: Crutch Gambit|37/100|[from] item: Leftovers
|upkeep
|turn|33
|
|t:|1758942541
|switch|p2a: Great Tusk|Great Tusk|65/100
|move|p1a: Crutch Gambit|Iron Head|p2a: Great Tusk
|-damage|p2a: Great Tusk|22/100
|-damage|p1a: Crutch Gambit|20/100|[from] item: Rocky Helmet|[of] p2a: Great Tusk
|
|-heal|p1a: Crutch Gambit|26/100|[from] item: Leftovers
|upkeep
|turn|34
|c| cuerodeolancho|samohi0 so nonchalant
|
|t:|1758942552
|-end|p1a: Crutch Gambit|fallen2|[silent]
|switch|p1a: Raijin Kaiōken|Zapdos|79/100
|move|p2a: Great Tusk|Headlong Rush|p1a: Raijin Kaiōken
|-immune|p1a: Raijin Kaiōken
|
|upkeep
|turn|35
|
|t:|1758942557
|-end|p2a: Great Tusk|Protosynthesis|[silent]
|switch|p2a: Hatterene|Hatterene, F|69/100
|move|p1a: Raijin Kaiōken|U-turn|p2a: Hatterene
|-damage|p2a: Hatterene|58/100
|
|t:|1758942560
|switch|p1a: Ascended Phantom|Dragapult, M, tera:Ghost|100/100|[from] U-turn
|
|-heal|p2a: Hatterene|64/100|[from] item: Leftovers
|upkeep
|turn|36
|
|t:|1758942572
|switch|p2a: Great Tusk|Great Tusk|22/100
|move|p1a: Ascended Phantom|Tera Blast|p2a: Great Tusk|[anim] Tera Blast Ghost
|-damage|p2a: Great Tusk|0 fnt
|faint|p2a: Great Tusk
|-end|p2a: Great Tusk|Protosynthesis|[silent]
|
|upkeep
|
|t:|1758942574
|switch|p2a: Kyurem|Kyurem|100/100
|-ability|p2a: Kyurem|Pressure
|turn|37
|
|t:|1758942585
|switch|p1a: Wrath of Broly|Great Tusk|100/100
|move|p2a: Kyurem|Ice Beam|p1a: Wrath of Broly
|-supereffective|p1a: Wrath of Broly
|-damage|p1a: Wrath of Broly|0 fnt
|faint|p1a: Wrath of Broly
|-end|p1a: Wrath of Broly|Protosynthesis|[silent]
|
|upkeep
|
|t:|1758942587
|switch|p1a: Crutch Gambit|Kingambit, F|26/100
|-activate|p1a: Crutch Gambit|ability: Supreme Overlord
|-start|p1a: Crutch Gambit|fallen3|[silent]
|turn|38
|
|t:|1758942591
|-terastallize|p2a: Kyurem|Fairy
|move|p1a: Crutch Gambit|Sucker Punch|p2a: Kyurem
|-resisted|p2a: Kyurem
|-damage|p2a: Kyurem|74/100
|move|p2a: Kyurem|Ice Beam|p1a: Crutch Gambit
|-resisted|p1a: Crutch Gambit
|-damage|p1a: Crutch Gambit|0 fnt
|faint|p1a: Crutch Gambit
|-end|p1a: Crutch Gambit|fallen3|[silent]
|
|upkeep
|
|t:|1758942595
|switch|p1a: Ascended Phantom|Dragapult, M, tera:Ghost|100/100
|turn|39
|
|t:|1758942599
|switch|p2a: Hatterene|Hatterene, F|64/100
|move|p1a: Ascended Phantom|U-turn|p2a: Hatterene
|-damage|p2a: Hatterene|35/100
|
|t:|1758942601
|switch|p1a: Raijin Kaiōken|Zapdos|79/100|[from] U-turn
|
|-heal|p2a: Hatterene|41/100|[from] item: Leftovers
|upkeep
|turn|40
|
|t:|1758942604
|move|p1a: Raijin Kaiōken|Hurricane|p2a: Hatterene
|-damage|p2a: Hatterene|0 fnt
|faint|p2a: Hatterene
|
|upkeep
|
|t:|1758942606
|switch|p2a: Kyurem|Kyurem, tera:Fairy|74/100
|-ability|p2a: Kyurem|Pressure
|turn|41
|
|t:|1758942609
|move|p2a: Kyurem|Ice Beam|p1a: Raijin Kaiōken
|-supereffective|p1a: Raijin Kaiōken
|-damage|p1a: Raijin Kaiōken|0 fnt
|faint|p1a: Raijin Kaiōken
|
|upkeep
|
|t:|1758942610
|switch|p1a: Ascended Phantom|Dragapult, M, tera:Ghost|100/100
|turn|42
|
|t:|1758942614
|move|p1a: Ascended Phantom|Tera Blast|p2a: Kyurem|[anim] Tera Blast Ghost
|-damage|p2a: Kyurem|1/100
|move|p2a: Kyurem|Ice Beam|p1a: Ascended Phantom
|-damage|p1a: Ascended Phantom|10/100
|
|upkeep
|turn|43
|c|☆samohi0|gg
|
|t:|1758942621
|move|p1a: Ascended Phantom|Tera Blast|p2a: Kyurem|[anim] Tera Blast Ghost
|-damage|p2a: Kyurem|0 fnt
|faint|p2a: Kyurem
|
|win|samohi0
|raw|samohi0's rating: 1797 &rarr; <strong>1820</strong><br />(+23 for winning)
|raw|chien-pookie's rating: 1841 &rarr; <strong>1818</strong><br />(-23 for losing)
|c|☆chien-pookie|gg
|l| larp legion
|l| scyther oil
|l| BigShteve
|l|☆chien-pookie
|player|p2|
|l|☆samohi0
|player|p1|
|l| cuerodeolancho
|j|☆samohi0
|player|p1|samohi0|hoopster|
|l|☆samohi0
|player|p1|
