|j|☆noob1877
|j|☆hungrymane
|t:|1758932862
|gametype|singles
|player|p1|noob1877|169|1758
|player|p2|hungrymane|169|1796
|gen|9
|tier|[Gen 9] OU
|rated|
|rule|HP Percentage Mod: HP is shown in percentages
|rule|Endless Battle Clause: Forcing endless battles is banned
|rule|Species Clause: Limit one of each Pokémon
|rule|OHKO Clause: OHKO moves are banned
|rule|Evasion Items Clause: Evasion items are banned
|rule|Evasion Moves Clause: Evasion moves are banned
|rule|Evasion Abilities Clause: Evasion abilities are banned
|rule|Sleep Moves Clause: Sleep-inducing moves are banned
|clearpoke
|poke|p1|Pelipper, M|
|poke|p1|Overqwil, F|
|poke|p1|Rillaboom, F|
|poke|p1|Basculegion-F, F|
|poke|p1|Iron Treads|
|poke|p1|Raging Bolt|
|poke|p2|Kommo-o, M|
|poke|p2|Gliscor, F|
|poke|p2|Cinderace, F|
|poke|p2|Araquanid, M|
|poke|p2|Great Tusk|
|poke|p2|Rillaboom, F|
|teampreview
|
|t:|1758932910
|teamsize|p1|6
|teamsize|p2|6
|start
|switch|p1a: Rillaboom|Rillaboom, F|100/100
|switch|p2a: Gliscor|Gliscor, F|100/100
|-fieldstart|move: Grassy Terrain|[from] ability: Grassy Surge|[of] p1a: Rillaboom
|turn|1
|j| dilf huntr
|
|t:|1758932926
|move|p1a: Rillaboom|Swords Dance|p1a: Rillaboom
|-boost|p1a: Rillaboom|atk|2
|move|p2a: Gliscor|Counter||[still]
|-fail|p2a: Gliscor
|
|-status|p2a: Gliscor|tox|[from] item: Toxic Orb
|upkeep
|turn|2
|
|t:|1758932959
|move|p1a: Rillaboom|Wood Hammer|p2a: Gliscor
|-damage|p2a: Gliscor|0 fnt
|faint|p2a: Gliscor
|-damage|p1a: Rillaboom|66/100|[from] Recoil
|-damage|p1a: Rillaboom|56/100|[from] item: Life Orb
|
|-heal|p1a: Rillaboom|62/100|[from] Grassy Terrain
|upkeep
|
|t:|1758932969
|switch|p2a: Cinderace|Cinderace, F|100/100
|turn|3
|
|t:|1758932999
|switch|p1a: Pelipper|Pelipper, M|100/100
|-weather|RainDance|[from] ability: Drizzle|[of] p1a: Pelipper
|move|p2a: Cinderace|Pyro Ball|p1a: Pelipper
|-resisted|p1a: Pelipper
|-damage|p1a: Pelipper|91/100
|
|-weather|RainDance|[upkeep]
|upkeep
|turn|4
|
|t:|1758933005
|switch|p2a: Araquanid|Araquanid, M|100/100
|move|p1a: Pelipper|U-turn|p2a: Araquanid
|-damage|p2a: Araquanid|90/100
|-enditem|p2a: Araquanid|Red Card|[of] p1a: Pelipper
|drag|p1a: Overqwil|Overqwil, F|100/100
|
|-weather|RainDance|[upkeep]
|-heal|p2a: Araquanid|96/100|[from] Grassy Terrain
|upkeep
|turn|5
|
|t:|1758933028
|move|p1a: Overqwil|Gunk Shot|p2a: Araquanid
|-damage|p2a: Araquanid|8/100
|-damage|p1a: Overqwil|91/100|[from] item: Life Orb
|move|p2a: Araquanid|Surf|p1a: Overqwil
|-damage|p1a: Overqwil|0 fnt
|faint|p1a: Overqwil
|
|-weather|RainDance|[upkeep]
|-heal|p2a: Araquanid|14/100|[from] Grassy Terrain
|-fieldend|move: Grassy Terrain
|upkeep
|
|t:|1758933032
|switch|p1a: Rillaboom|Rillaboom, F|62/100
|-fieldstart|move: Grassy Terrain|[from] ability: Grassy Surge|[of] p1a: Rillaboom
|turn|6
|
|t:|1758933050
|move|p2a: Araquanid|Endure|p2a: Araquanid
|-singleturn|p2a: Araquanid|move: Endure
|move|p1a: Rillaboom|Grassy Glide|p2a: Araquanid
|-activate|p2a: Araquanid|move: Endure
|-damage|p2a: Araquanid|1/100
|-damage|p1a: Rillaboom|52/100|[from] item: Life Orb
|
|-weather|RainDance|[upkeep]
|-heal|p1a: Rillaboom|59/100|[from] Grassy Terrain
|-heal|p2a: Araquanid|7/100|[from] Grassy Terrain
|upkeep
|turn|7
|inactive|Battle timer is ON: inactive players will automatically lose when time's up. (requested by noob1877)
|
|t:|1758933057
|switch|p2a: Cinderace|Cinderace, F|100/100
|move|p1a: Rillaboom|Grassy Glide|p2a: Cinderace
|-resisted|p2a: Cinderace
|-damage|p2a: Cinderace|70/100
|-damage|p1a: Rillaboom|49/100|[from] item: Life Orb
|
|-weather|RainDance|[upkeep]
|-heal|p2a: Cinderace|76/100|[from] Grassy Terrain
|-heal|p1a: Rillaboom|55/100|[from] Grassy Terrain
|upkeep
|turn|8
|
|t:|1758933066
|switch|p2a: Araquanid|Araquanid, M|7/100
|switch|p1a: Basculegion|Basculegion-F, F|100/100
|
|-weather|RainDance|[upkeep]
|-heal|p2a: Araquanid|13/100|[from] Grassy Terrain
|upkeep
|turn|9
|
|t:|1758933077
|move|p2a: Araquanid|Endure|p2a: Araquanid
|-singleturn|p2a: Araquanid|move: Endure
|move|p1a: Basculegion|Flip Turn|p2a: Araquanid
|-resisted|p2a: Araquanid
|-activate|p2a: Araquanid|move: Endure
|-damage|p2a: Araquanid|1/100
|
|t:|1758933079
|switch|p1a: Raging Bolt|Raging Bolt|100/100|[from] Flip Turn
|
|-weather|RainDance|[upkeep]
|-heal|p2a: Araquanid|7/100|[from] Grassy Terrain
|upkeep
|turn|10
|j| Poltzor
|
|t:|1758933091
|switch|p2a: Great Tusk|Great Tusk|100/100
|move|p1a: Raging Bolt|Weather Ball|p2a: Great Tusk
|-supereffective|p2a: Great Tusk
|-damage|p2a: Great Tusk|0 fnt
|faint|p2a: Great Tusk
|-end|p2a: Great Tusk|Protosynthesis|[silent]
|
|-weather|none
|-fieldend|move: Grassy Terrain
|upkeep
|
|t:|1758933094
|switch|p2a: Kommo-o|Kommo-o, M|100/100
|turn|11
|
|t:|1758933116
|-end|p1a: Raging Bolt|Protosynthesis|[silent]
|switch|p1a: Pelipper|Pelipper, M|91/100
|-weather|RainDance|[from] ability: Drizzle|[of] p1a: Pelipper
|move|p2a: Kommo-o|Clangorous Soul|p2a: Kommo-o
|-boost|p2a: Kommo-o|atk|1
|-boost|p2a: Kommo-o|def|1
|-boost|p2a: Kommo-o|spa|1
|-boost|p2a: Kommo-o|spd|1
|-boost|p2a: Kommo-o|spe|1
|-damage|p2a: Kommo-o|68/100
|
|-weather|RainDance|[upkeep]
|upkeep
|turn|12
|
|t:|1758933125
|-terastallize|p2a: Kommo-o|Steel
|move|p2a: Kommo-o|Substitute|p2a: Kommo-o
|-start|p2a: Kommo-o|Substitute
|-damage|p2a: Kommo-o|43/100
|move|p1a: Pelipper|U-turn|p2a: Kommo-o
|-resisted|p2a: Kommo-o
|-activate|p2a: Kommo-o|move: Substitute|[damage]
|inactive|noob1877 has 120 seconds left.
|
|t:|1758933147
|switch|p1a: Iron Treads|Iron Treads|100/100|[from] U-turn
|
|-weather|RainDance|[upkeep]
|upkeep
|turn|13
|
|t:|1758933155
|move|p2a: Kommo-o|Drain Punch|p1a: Iron Treads
|-supereffective|p1a: Iron Treads
|-damage|p1a: Iron Treads|14/100
|-heal|p2a: Kommo-o|99/100|[from] drain|[of] p1a: Iron Treads
|move|p1a: Iron Treads|High Horsepower|p2a: Kommo-o
|-supereffective|p2a: Kommo-o
|-end|p2a: Kommo-o|Substitute
|
|-weather|RainDance|[upkeep]
|-heal|p1a: Iron Treads|20/100|[from] item: Leftovers
|upkeep
|turn|14
|
|t:|1758933165
|move|p2a: Kommo-o|Clangorous Soul|p2a: Kommo-o
|-boost|p2a: Kommo-o|atk|1
|-boost|p2a: Kommo-o|def|1
|-boost|p2a: Kommo-o|spa|1
|-boost|p2a: Kommo-o|spd|1
|-boost|p2a: Kommo-o|spe|1
|-damage|p2a: Kommo-o|67/100
|move|p1a: Iron Treads|High Horsepower|p2a: Kommo-o
|-supereffective|p2a: Kommo-o
|-damage|p2a: Kommo-o|32/100
|
|-weather|RainDance|[upkeep]
|-heal|p1a: Iron Treads|27/100|[from] item: Leftovers
|upkeep
|turn|15
|
|t:|1758933181
|-end|p1a: Iron Treads|Quark Drive|[silent]
|switch|p1a: Basculegion|Basculegion-F, F|100/100
|move|p2a: Kommo-o|Drain Punch|p1a: Basculegion
|-immune|p1a: Basculegion
|
|-weather|RainDance|[upkeep]
|upkeep
|turn|16
|
|t:|1758933189
|move|p2a: Kommo-o|Shadow Claw|p1a: Basculegion
|-supereffective|p1a: Basculegion
|-damage|p1a: Basculegion|0 fnt
|faint|p1a: Basculegion
|
|-weather|RainDance|[upkeep]
|upkeep
|
|t:|1758933201
|switch|p1a: Raging Bolt|Raging Bolt|100/100
|turn|17
|
|t:|1758933209
|-terastallize|p1a: Raging Bolt|Water
|move|p2a: Kommo-o|Drain Punch|p1a: Raging Bolt
|-damage|p1a: Raging Bolt|36/100
|-heal|p2a: Kommo-o|75/100|[from] drain|[of] p1a: Raging Bolt
|move|p1a: Raging Bolt|Weather Ball|p2a: Kommo-o
|-immune|p2a: Kommo-o|[from] ability: Bulletproof
|
|-weather|RainDance|[upkeep]
|upkeep
|turn|18
|j| kanailccolo
|-message|noob1877 forfeited.
|
|win|hungrymane
|raw|noob1877's rating: 1758 &rarr; <strong>1740</strong><br />(-18 for losing)
|raw|hungrymane's rating: 1796 &rarr; <strong>1814</strong><br />(+18 for winning)
|l|☆noob1877
|player|p1|
|l|☆hungrymane
|player|p2|
|l| kanailccolo
