|j|☆k.manoj7777
|j|☆Pasdejambon31
|t:|1759055498
|gametype|singles
|player|p1|k.manoj7777|169|1302
|player|p2|Pasdejambon31|blaine|1253
|gen|9
|tier|[Gen 9] OU
|rated|
|rule|HP Percentage Mod: HP is shown in percentages
|rule|Endless Battle Clause: Forcing endless battles is banned
|rule|Species Clause: Limit one of each Pokémon
|rule|OHKO Clause: OHKO moves are banned
|rule|Evasion Items Clause: Evasion items are banned
|rule|Evasion Moves Clause: Evasion moves are banned
|rule|Evasion Abilities Clause: Evasion abilities are banned
|rule|Sleep Moves Clause: Sleep-inducing moves are banned
|clearpoke
|poke|p1|Gliscor, F|
|poke|p1|Dragapult, F|
|poke|p1|Kingambit, F|
|poke|p1|Ogerpon-Wellspring, F|
|poke|p1|Primarina, M|
|poke|p1|Gholdengo|
|poke|p2|Dragonite, F|
|poke|p2|Clefable, M|
|poke|p2|Vileplume, F|
|poke|p2|Moltres|
|poke|p2|Tentacruel, F|
|poke|p2|Zapdos|
|teampreview
|inactive|Battle timer is ON: inactive players will automatically lose when time's up. (requested by k.manoj7777)
|
|t:|1759055504
|teamsize|p1|6
|teamsize|p2|6
|start
|switch|p1a: Gholdengo|Gholdengo|100/100
|switch|p2a: Clefable|Clefable, M|100/100
|-item|p1a: Gholdengo|Air Balloon
|turn|1
|
|t:|1759055519
|switch|p2a: Moltres|Moltres|100/100
|move|p1a: Gholdengo|Make It Rain|p2a: Moltres
|-resisted|p2a: Moltres
|-damage|p2a: Moltres|78/100
|-unboost|p1a: Gholdengo|spa|1
|
|upkeep
|turn|2
|
|t:|1759055535
|switch|p1a: Primarina|Primarina, M|100/100
|move|p2a: Moltres|Flamethrower|p1a: Primarina
|-resisted|p1a: Primarina
|-damage|p1a: Primarina|86/100
|
|upkeep
|turn|3
|
|t:|1759055546
|move|p2a: Moltres|U-turn|p1a: Primarina
|-resisted|p1a: Primarina
|-crit|p1a: Primarina
|-damage|p1a: Primarina|73/100
|
|t:|1759055550
|switch|p2a: Vileplume|Vileplume, F|100/100|[from] U-turn
|move|p1a: Primarina|Ice Beam|p2a: Vileplume
|-supereffective|p2a: Vileplume
|-damage|p2a: Vileplume|11/100
|
|upkeep
|turn|4
|
|t:|1759055557
|move|p1a: Primarina|Ice Beam|p2a: Vileplume
|-supereffective|p2a: Vileplume
|-damage|p2a: Vileplume|0 fnt
|faint|p2a: Vileplume
|
|upkeep
|
|t:|1759055562
|switch|p2a: Tentacruel|Tentacruel, F|100/100
|turn|5
|
|t:|1759055570
|switch|p1a: Gliscor|Gliscor, F|100/100
|move|p2a: Tentacruel|Knock Off|p1a: Gliscor
|-damage|p1a: Gliscor|88/100
|-enditem|p1a: Gliscor|Toxic Orb|[from] move: Knock Off|[of] p2a: Tentacruel
|
|upkeep
|turn|6
|
|t:|1759055580
|move|p2a: Tentacruel|Flip Turn|p1a: Gliscor
|-supereffective|p1a: Gliscor
|-damage|p1a: Gliscor|63/100
|
|t:|1759055604
|switch|p2a: Clefable|Clefable, M|100/100|[from] Flip Turn
|move|p1a: Gliscor|Earthquake|p2a: Clefable
|-damage|p2a: Clefable|68/100
|
|-heal|p2a: Clefable|74/100|[from] item: Leftovers
|upkeep
|turn|7
|
|t:|1759055629
|move|p1a: Gliscor|Toxic|p2a: Clefable
|-status|p2a: Clefable|tox
|move|p2a: Clefable|Stealth Rock|p1a: Gliscor
|-sidestart|p1: k.manoj7777|move: Stealth Rock
|
|-heal|p2a: Clefable|80/100 tox|[from] item: Leftovers
|-damage|p2a: Clefable|74/100 tox|[from] psn
|upkeep
|turn|8
|inactive|Pasdejambon31 has 120 seconds left.
|
|t:|1759055651
|switch|p2a: Moltres|Moltres|78/100
|move|p1a: Gliscor|Earthquake|p2a: Moltres
|-immune|p2a: Moltres
|
|upkeep
|turn|9
|inactive|Pasdejambon31 has 120 seconds left.
|
|t:|1759055662
|move|p1a: Gliscor|Toxic|p2a: Moltres|[miss]
|-miss|p1a: Gliscor|p2a: Moltres
|move|p2a: Moltres|U-turn|p1a: Gliscor
|-resisted|p1a: Gliscor
|-damage|p1a: Gliscor|57/100
|
|t:|1759055666
|switch|p2a: Dragonite|Dragonite, F|100/100|[from] U-turn
|
|upkeep
|turn|10
|
|t:|1759055680
|move|p2a: Dragonite|Ice Spinner|p1a: Gliscor
|-supereffective|p1a: Gliscor
|-damage|p1a: Gliscor|0 fnt
|faint|p1a: Gliscor
|
|upkeep
|
|t:|1759055684
|switch|p1a: Primarina|Primarina, M|73/100
|-damage|p1a: Primarina|61/100|[from] Stealth Rock
|turn|11
|
|t:|1759055693
|-terastallize|p2a: Dragonite|Normal
|move|p2a: Dragonite|Dragon Dance|p2a: Dragonite
|-boost|p2a: Dragonite|atk|1
|-boost|p2a: Dragonite|spe|1
|move|p1a: Primarina|Moonblast|p2a: Dragonite
|-damage|p2a: Dragonite|65/100
|
|upkeep
|turn|12
|
|t:|1759055704
|move|p2a: Dragonite|Extreme Speed|p1a: Primarina
|-damage|p1a: Primarina|0 fnt
|faint|p1a: Primarina
|
|upkeep
|
|t:|1759055708
|switch|p1a: Gholdengo|Gholdengo|100/100
|-damage|p1a: Gholdengo|94/100|[from] Stealth Rock
|-item|p1a: Gholdengo|Air Balloon
|turn|13
|
|t:|1759055720
|switch|p2a: Moltres|Moltres|78/100
|move|p1a: Gholdengo|Thunder Wave|p2a: Moltres
|-status|p2a: Moltres|par
|
|upkeep
|turn|14
|
|t:|1759055745
|move|p1a: Gholdengo|Thunderbolt|p2a: Moltres
|-supereffective|p2a: Moltres
|-damage|p2a: Moltres|31/100 par
|move|p2a: Moltres|U-turn|p1a: Gholdengo
|-resisted|p1a: Gholdengo
|-damage|p1a: Gholdengo|90/100
|-enditem|p1a: Gholdengo|Air Balloon
|
|t:|1759055756
|switch|p2a: Dragonite|Dragonite, F, tera:Normal|65/100|[from] U-turn
|
|upkeep
|turn|15
|
|t:|1759055763
|move|p1a: Gholdengo|Thunder Wave|p2a: Dragonite
|-status|p2a: Dragonite|par
|move|p2a: Dragonite|Earthquake|p1a: Gholdengo
|-supereffective|p1a: Gholdengo
|-damage|p1a: Gholdengo|0 fnt
|faint|p1a: Gholdengo
|
|upkeep
|
|t:|1759055778
|switch|p1a: Ogerpon|Ogerpon-Wellspring, F|100/100
|-damage|p1a: Ogerpon|88/100|[from] Stealth Rock
|turn|16
|
|t:|1759055791
|switch|p2a: Tentacruel|Tentacruel, F|100/100
|move|p1a: Ogerpon|Horn Leech|p2a: Tentacruel
|-damage|p2a: Tentacruel|52/100
|-damage|p1a: Ogerpon|59/100|[from] ability: Liquid Ooze|[of] p2a: Tentacruel
|
|-heal|p2a: Tentacruel|58/100|[from] item: Leftovers
|upkeep
|turn|17
|inactive|k.manoj7777 has 120 seconds left.
|inactive|k.manoj7777 has 90 seconds left.
|inactive|k.manoj7777 has 60 seconds left.
|inactive|k.manoj7777 has 30 seconds left.
|inactive|k.manoj7777 has 20 seconds left.
|inactive|k.manoj7777 has 15 seconds left.
|inactive|k.manoj7777 has 10 seconds left.
|inactive|k.manoj7777 has 5 seconds left.
|-message|k.manoj7777 lost due to inactivity.
|
|win|Pasdejambon31
|raw|k.manoj7777's rating: 1302 &rarr; <strong>1279</strong><br />(-23 for losing)
|raw|Pasdejambon31's rating: 1253 &rarr; <strong>1282</strong><br />(+29 for winning)
|l|☆Pasdejambon31
|player|p2|
