|j|☆crazey19
|j|☆niccommoc
|t:|1758988812
|gametype|singles
|player|p1|crazey19|101|1347
|player|p2|niccommoc|cyclist|1332
|gen|9
|tier|[Gen 9] OU
|rated|
|rule|HP Percentage Mod: HP is shown in percentages
|rule|Endless Battle Clause: Forcing endless battles is banned
|rule|Species Clause: Limit one of each Pokémon
|rule|OHKO Clause: OHKO moves are banned
|rule|Evasion Items Clause: Evasion items are banned
|rule|Evasion Moves Clause: Evasion moves are banned
|rule|Evasion Abilities Clause: Evasion abilities are banned
|rule|Sleep Moves Clause: Sleep-inducing moves are banned
|clearpoke
|poke|p1|Scizor, F|
|poke|p1|Heatran, F|
|poke|p1|Garchomp, M|
|poke|p1|Thundurus-Therian, M|
|poke|p1|Glimmora, M|
|poke|p1|Zarude-Dada|
|poke|p2|Ninetales-Alola, F|
|poke|p2|Kyurem|
|poke|p2|Gliscor, M|
|poke|p2|Hatterene, F|
|poke|p2|Iron Moth|
|poke|p2|Great Tusk|
|teampreview
|inactive|Battle timer is ON: inactive players will automatically lose when time's up. (requested by crazey19)
|
|t:|1758988854
|teamsize|p1|6
|teamsize|p2|6
|start
|switch|p1a: Glimmora|Glimmora, M, shiny|100/100
|switch|p2a: Great Tusk|Great Tusk|100/100
|-enditem|p2a: Great Tusk|Booster Energy
|-activate|p2a: Great Tusk|ability: Protosynthesis|[fromitem]
|-start|p2a: Great Tusk|protosynthesisspe
|turn|1
|
|t:|1758988878
|-end|p2a: Great Tusk|Protosynthesis|[silent]
|switch|p2a: Hatterene|Hatterene, F|100/100
|move|p1a: Glimmora|Stealth Rock|p2a: Hatterene
|move|p2a: Hatterene|Stealth Rock|p1a: Glimmora|[from] ability: Magic Bounce
|-sidestart|p1: crazey19|move: Stealth Rock
|
|upkeep
|turn|2
|
|t:|1758988883
|move|p1a: Glimmora|Mortal Spin|p2a: Hatterene
|-supereffective|p2a: Hatterene
|-damage|p2a: Hatterene|89/100
|-status|p2a: Hatterene|psn
|-sideend|p1: crazey19|Stealth Rock|[from] move: Mortal Spin|[of] p1a: Glimmora
|move|p2a: Hatterene|Calm Mind|p2a: Hatterene
|-boost|p2a: Hatterene|spa|1
|-boost|p2a: Hatterene|spd|1
|
|-heal|p2a: Hatterene|95/100 psn|[from] item: Leftovers
|-damage|p2a: Hatterene|82/100 psn|[from] psn
|upkeep
|turn|3
|
|t:|1758988895
|switch|p1a: Scizor|Scizor, F|100/100
|move|p2a: Hatterene|Psychic Noise|p1a: Scizor
|-resisted|p1a: Scizor
|-damage|p1a: Scizor|72/100
|-start|p1a: Scizor|move: Heal Block
|
|-heal|p2a: Hatterene|88/100 psn|[from] item: Leftovers
|-damage|p2a: Hatterene|76/100 psn|[from] psn
|upkeep
|turn|4
|
|t:|1758988901
|-terastallize|p2a: Hatterene|Water
|move|p1a: Scizor|Bullet Punch|p2a: Hatterene
|-resisted|p2a: Hatterene
|-damage|p2a: Hatterene|62/100 psn
|move|p2a: Hatterene|Mystical Fire|p1a: Scizor
|-supereffective|p1a: Scizor
|-damage|p1a: Scizor|0 fnt
|faint|p1a: Scizor
|
|-heal|p2a: Hatterene|68/100 psn|[from] item: Leftovers
|-damage|p2a: Hatterene|56/100 psn|[from] psn
|upkeep
|
|t:|1758988909
|switch|p1a: Zarude|Zarude-Dada|100/100
|turn|5
|
|t:|1758988912
|move|p1a: Zarude|Trailblaze|p2a: Hatterene
|-supereffective|p2a: Hatterene
|-damage|p2a: Hatterene|14/100 psn
|-boost|p1a: Zarude|spe|1
|move|p2a: Hatterene|Draining Kiss|p1a: Zarude
|-supereffective|p1a: Zarude
|-damage|p1a: Zarude|37/100
|-heal|p2a: Hatterene|67/100 psn|[from] drain|[of] p1a: Zarude
|
|-heal|p2a: Hatterene|73/100 psn|[from] item: Leftovers
|-damage|p2a: Hatterene|61/100 psn|[from] psn
|upkeep
|turn|6
|
|t:|1758988922
|move|p1a: Zarude|Knock Off|p2a: Hatterene
|-damage|p2a: Hatterene|18/100 psn
|-enditem|p2a: Hatterene|Leftovers|[from] move: Knock Off|[of] p1a: Zarude
|move|p2a: Hatterene|Draining Kiss|p1a: Zarude
|-supereffective|p1a: Zarude
|-damage|p1a: Zarude|0 fnt
|-heal|p2a: Hatterene|48/100 psn|[from] drain|[of] p1a: Zarude
|faint|p1a: Zarude
|
|-damage|p2a: Hatterene|35/100 psn|[from] psn
|upkeep
|
|t:|1758988925
|switch|p1a: Garchomp|Garchomp, M|100/100
|turn|7
|
|t:|1758988928
|move|p1a: Garchomp|Earthquake|p2a: Hatterene
|-damage|p2a: Hatterene|0 fnt
|faint|p2a: Hatterene
|
|upkeep
|
|t:|1758988935
|switch|p2a: Great Tusk|Great Tusk|100/100
|turn|8
|
|t:|1758988950
|-terastallize|p1a: Garchomp|Fire
|move|p1a: Garchomp|Swords Dance|p1a: Garchomp
|-boost|p1a: Garchomp|atk|2
|move|p2a: Great Tusk|Bulk Up|p2a: Great Tusk
|-boost|p2a: Great Tusk|atk|1
|-boost|p2a: Great Tusk|def|1
|
|upkeep
|turn|9
|
|t:|1758988956
|switch|p1a: Thundurus|Thundurus-Therian, M, shiny|100/100
|move|p2a: Great Tusk|Headlong Rush|p1a: Thundurus
|-immune|p1a: Thundurus
|
|upkeep
|turn|10
|
|t:|1758988960
|move|p1a: Thundurus|Grass Knot|p2a: Great Tusk
|-supereffective|p2a: Great Tusk
|-damage|p2a: Great Tusk|0 fnt
|faint|p2a: Great Tusk
|-end|p2a: Great Tusk|Protosynthesis|[silent]
|
|upkeep
|
|t:|1758988964
|switch|p2a: Ninetales|Ninetales-Alola, F|100/100
|-weather|Snowscape|[from] ability: Snow Warning|[of] p2a: Ninetales
|turn|11
|
|t:|1758988975
|switch|p1a: Heatran|Heatran, F|100/100
|-item|p1a: Heatran|Air Balloon
|move|p2a: Ninetales|Aurora Veil|p2a: Ninetales
|-sidestart|p2: niccommoc|move: Aurora Veil
|
|-weather|Snowscape|[upkeep]
|upkeep
|turn|12
|
|t:|1758989000
|move|p2a: Ninetales|Moonblast|p1a: Heatran
|-resisted|p1a: Heatran
|-damage|p1a: Heatran|95/100
|-enditem|p1a: Heatran|Air Balloon
|move|p1a: Heatran|Magma Storm|p2a: Ninetales
|-supereffective|p2a: Ninetales
|-damage|p2a: Ninetales|55/100
|-activate|p2a: Ninetales|move: Magma Storm|[of] p1a: Heatran
|
|-weather|Snowscape|[upkeep]
|-damage|p2a: Ninetales|43/100|[from] move: Magma Storm|[partiallytrapped]
|upkeep
|turn|13
|
|t:|1758989017
|move|p2a: Ninetales|Encore|p1a: Heatran
|-start|p1a: Heatran|Encore
|move|p1a: Heatran|Magma Storm|p2a: Ninetales
|-supereffective|p2a: Ninetales
|-damage|p2a: Ninetales|3/100
|
|-weather|Snowscape|[upkeep]
|-damage|p2a: Ninetales|0 fnt|[from] move: Magma Storm|[partiallytrapped]
|faint|p2a: Ninetales
|upkeep
|
|t:|1758989027
|switch|p2a: Gliscor|Gliscor, M|100/100
|turn|14
|
|t:|1758989040
|move|p2a: Gliscor|Agility|p2a: Gliscor
|-boost|p2a: Gliscor|spe|2
|move|p1a: Heatran|Magma Storm|p2a: Gliscor
|-damage|p2a: Gliscor|76/100
|-activate|p2a: Gliscor|move: Magma Storm|[of] p1a: Heatran
|
|-weather|Snowscape|[upkeep]
|-damage|p2a: Gliscor|64/100|[from] move: Magma Storm|[partiallytrapped]
|-status|p2a: Gliscor|tox|[from] item: Toxic Orb
|upkeep
|turn|15
|
|t:|1758989046
|move|p2a: Gliscor|Swords Dance|p2a: Gliscor
|-boost|p2a: Gliscor|atk|2
|move|p1a: Heatran|Magma Storm|p2a: Gliscor
|-damage|p2a: Gliscor|36/100 tox
|
|-weather|none
|-heal|p2a: Gliscor|49/100 tox|[from] ability: Poison Heal
|-damage|p2a: Gliscor|36/100 tox|[from] move: Magma Storm|[partiallytrapped]
|-end|p1a: Heatran|Encore
|upkeep
|turn|16
|
|t:|1758989060
|move|p1a: Heatran|Protect|p1a: Heatran
|-singleturn|p1a: Heatran|Protect
|move|p2a: Gliscor|Earthquake|p1a: Heatran
|-activate|p1a: Heatran|move: Protect
|
|-heal|p2a: Gliscor|49/100 tox|[from] ability: Poison Heal
|-damage|p2a: Gliscor|36/100 tox|[from] move: Magma Storm|[partiallytrapped]
|upkeep
|turn|17
|
|t:|1758989071
|move|p2a: Gliscor|Earthquake|p1a: Heatran
|-supereffective|p1a: Heatran
|-damage|p1a: Heatran|0 fnt
|faint|p1a: Heatran
|
|-heal|p2a: Gliscor|49/100 tox|[from] ability: Poison Heal
|-end|p2a: Gliscor|Magma Storm|[partiallytrapped]|[silent]
|upkeep
|
|t:|1758989073
|switch|p1a: Glimmora|Glimmora, M, shiny|100/100
|turn|18
|
|t:|1758989085
|move|p2a: Gliscor|Swords Dance|p2a: Gliscor
|-boost|p2a: Gliscor|atk|2
|move|p1a: Glimmora|Power Gem|p2a: Gliscor
|-damage|p2a: Gliscor|23/100 tox
|
|-heal|p2a: Gliscor|36/100 tox|[from] ability: Poison Heal
|-sideend|p2: niccommoc|move: Aurora Veil
|upkeep
|turn|19
|
|t:|1758989092
|move|p2a: Gliscor|Earthquake|p1a: Glimmora
|-supereffective|p1a: Glimmora
|-enditem|p1a: Glimmora|Focus Sash
|-damage|p1a: Glimmora|1/100
|-activate|p1a: Glimmora|ability: Toxic Debris
|-sidestart|p2: niccommoc|move: Toxic Spikes
|move|p1a: Glimmora|Power Gem|p2a: Gliscor
|-damage|p2a: Gliscor|0 fnt
|faint|p2a: Gliscor
|
|upkeep
|
|t:|1758989095
|switch|p2a: Iron Moth|Iron Moth|100/100
|-sideend|p2: niccommoc|move: Toxic Spikes|[of] p2a: Iron Moth
|-enditem|p2a: Iron Moth|Booster Energy
|-activate|p2a: Iron Moth|ability: Quark Drive|[fromitem]
|-start|p2a: Iron Moth|quarkdrivespe
|turn|20
|
|t:|1758989104
|move|p2a: Iron Moth|Sludge Wave|p1a: Glimmora
|-resisted|p1a: Glimmora
|-damage|p1a: Glimmora|0 fnt
|faint|p1a: Glimmora
|
|upkeep
|
|t:|1758989108
|switch|p1a: Garchomp|Garchomp, M, tera:Fire|100/100
|turn|21
|
|t:|1758989115
|move|p2a: Iron Moth|Sludge Wave|p1a: Garchomp
|-damage|p1a: Garchomp|49/100
|move|p1a: Garchomp|Earthquake|p2a: Iron Moth
|-supereffective|p2a: Iron Moth
|-damage|p2a: Iron Moth|0 fnt
|faint|p2a: Iron Moth
|-end|p2a: Iron Moth|Quark Drive|[silent]
|
|upkeep
|
|t:|1758989118
|switch|p2a: Kyurem|Kyurem|100/100
|-ability|p2a: Kyurem|Pressure
|turn|22
|
|t:|1758989130
|move|p1a: Garchomp|Scale Shot|p2a: Kyurem
|-supereffective|p2a: Kyurem
|-damage|p2a: Kyurem|74/100
|-supereffective|p2a: Kyurem
|-damage|p2a: Kyurem|49/100
|-supereffective|p2a: Kyurem
|-damage|p2a: Kyurem|26/100
|-supereffective|p2a: Kyurem
|-damage|p2a: Kyurem|0 fnt
|faint|p2a: Kyurem
|-hitcount|p2: Kyurem|4
|
|win|crazey19
|raw|crazey19's rating: 1347 &rarr; <strong>1366</strong><br />(+19 for winning)
|raw|niccommoc's rating: 1332 &rarr; <strong>1313</strong><br />(-19 for losing)
|l|☆niccommoc
|player|p2|
|l|☆crazey19
|player|p1|
