|badge|p2|silver|gen9ou|30-6
|html|<div class="broadcast-red"><strong>This battle is required to be public due to one or more player having a season medal.</strong><br />During the public phase, you can discuss the state of the ladder <a href="/seasondiscussion">in a special chatroom.</a></div>
|uhtml|medal-msg|<div class="broadcast-blue">Curious what those medals under the avatar are? PS now has Ladder Seasons! For more information, check out the <a href="https://www.smogon.com/forums/threads/3740067/">thread on Smogon.</a></div>
|raw|<div class="broadcast-blue"><strong>This battle is required to be public due to a player having a name starting with 'medal'.</div>
|j|☆ywkkdzz
|j|☆143forever
|t:|1758975742
|gametype|singles
|player|p1|ywkkdzz|skierf-gen4dp|1721
|player|p2|143forever|red|1974
|gen|9
|tier|[Gen 9] OU
|rated|
|rule|HP Percentage Mod: HP is shown in percentages
|rule|Endless Battle Clause: Forcing endless battles is banned
|rule|Species Clause: Limit one of each Pokémon
|rule|OHKO Clause: OHKO moves are banned
|rule|Evasion Items Clause: Evasion items are banned
|rule|Evasion Moves Clause: Evasion moves are banned
|rule|Evasion Abilities Clause: Evasion abilities are banned
|rule|Sleep Moves Clause: Sleep-inducing moves are banned
|clearpoke
|poke|p1|Iron Valiant|
|poke|p1|Dragapult, F|
|poke|p1|Gholdengo|
|poke|p1|Dragonite, M|
|poke|p1|Alomomola, M|
|poke|p1|Cinderace, F|
|poke|p2|Dondozo, M|
|poke|p2|Blissey, F|
|poke|p2|Corviknight, M|
|poke|p2|Weezing-Galar, M|
|poke|p2|Gliscor, M|
|poke|p2|Toxapex, F|
|teampreview
|j| locked in bro
|l| locked in bro
|inactive|Battle timer is ON: inactive players will automatically lose when time's up. (requested by ywkkdzz)
|
|t:|1758975758
|teamsize|p1|6
|teamsize|p2|6
|start
|switch|p1a: Gholdengo|Gholdengo|100/100
|switch|p2a: Gliscor|Gliscor, M|100/100
|turn|1
|
|t:|1758975764
|move|p2a: Gliscor|Protect|p2a: Gliscor
|-singleturn|p2a: Gliscor|Protect
|move|p1a: Gholdengo|Make It Rain|p2a: Gliscor
|-activate|p2a: Gliscor|move: Protect
|
|-status|p2a: Gliscor|tox|[from] item: Toxic Orb
|upkeep
|turn|2
|
|t:|1758975772
|switch|p2a: Toxapex|Toxapex, F|100/100
|move|p1a: Gholdengo|Make It Rain|p2a: Toxapex
|-resisted|p2a: Toxapex
|-damage|p2a: Toxapex|69/100
|-unboost|p1a: Gholdengo|spa|1
|
|-heal|p2a: Toxapex|75/100|[from] item: Leftovers
|upkeep
|turn|3
|
|t:|1758975786
|switch|p1a: Alomomola|Alomomola, M, shiny|100/100
|move|p2a: Toxapex|Toxic Spikes|p1a: Alomomola
|-sidestart|p1: ywkkdzz|move: Toxic Spikes
|
|-heal|p2a: Toxapex|82/100|[from] item: Leftovers
|upkeep
|turn|4
|
|t:|1758975792
|move|p1a: Alomomola|Scald|p2a: Toxapex
|-resisted|p2a: Toxapex
|-damage|p2a: Toxapex|77/100
|-status|p2a: Toxapex|brn
|move|p2a: Toxapex|Toxic|p1a: Alomomola
|-status|p1a: Alomomola|tox
|
|-heal|p2a: Toxapex|84/100 brn|[from] item: Leftovers
|-damage|p1a: Alomomola|94/100 tox|[from] psn
|-damage|p2a: Toxapex|77/100 brn|[from] brn
|upkeep
|turn|5
|j| wgw2333
|
|t:|1758975800
|switch|p2a: Gliscor|Gliscor, M|100/100 tox
|move|p1a: Alomomola|Flip Turn|p2a: Gliscor
|-supereffective|p2a: Gliscor
|-damage|p2a: Gliscor|75/100 tox
|
|t:|1758975808
|switch|p1a: Gholdengo|Gholdengo|100/100|[from] Flip Turn
|
|-heal|p2a: Gliscor|87/100 tox|[from] ability: Poison Heal
|upkeep
|turn|6
|
|t:|1758975821
|switch|p1a: Cinderace|Cinderace, F, shiny|100/100
|move|p2a: Gliscor|Protect||[still]
|-fail|p2a: Gliscor
|
|-heal|p2a: Gliscor|99/100 tox|[from] ability: Poison Heal
|upkeep
|turn|7
|
|t:|1758975831
|move|p1a: Cinderace|U-turn|p2a: Gliscor
|-start|p1a: Cinderace|typechange|Bug|[from] ability: Libero
|-resisted|p2a: Gliscor
|-damage|p2a: Gliscor|87/100 tox
|
|t:|1758975835
|switch|p1a: Alomomola|Alomomola, M, shiny|100/100 tox|[from] U-turn
|move|p2a: Gliscor|Knock Off|p1a: Alomomola
|-damage|p1a: Alomomola|86/100 tox
|-enditem|p1a: Alomomola|Assault Vest|[from] move: Knock Off|[of] p2a: Gliscor
|
|-heal|p2a: Gliscor|99/100 tox|[from] ability: Poison Heal
|-damage|p1a: Alomomola|80/100 tox|[from] psn
|upkeep
|turn|8
|j| amefurikoneko
|
|t:|1758975852
|move|p2a: Gliscor|Protect|p2a: Gliscor
|-singleturn|p2a: Gliscor|Protect
|move|p1a: Alomomola|Scald|p2a: Gliscor
|-activate|p2a: Gliscor|move: Protect
|
|-heal|p2a: Gliscor|100/100 tox|[from] ability: Poison Heal
|-damage|p1a: Alomomola|67/100 tox|[from] psn
|upkeep
|turn|9
|
|t:|1758975858
|move|p2a: Gliscor|Earthquake|p1a: Alomomola
|-damage|p1a: Alomomola|45/100 tox
|move|p1a: Alomomola|Flip Turn|p2a: Gliscor
|-supereffective|p2a: Gliscor
|-damage|p2a: Gliscor|72/100 tox
|
|t:|1758975865
|switch|p1a: Gholdengo|Gholdengo|100/100|[from] Flip Turn
|
|-heal|p2a: Gliscor|84/100 tox|[from] ability: Poison Heal
|upkeep
|turn|10
|
|t:|1758975871
|switch|p1a: Alomomola|Alomomola, M, shiny|79/100 tox
|move|p2a: Gliscor|Protect||[still]
|-fail|p2a: Gliscor
|
|-heal|p2a: Gliscor|97/100 tox|[from] ability: Poison Heal
|-damage|p1a: Alomomola|72/100 tox|[from] psn
|upkeep
|turn|11
|
|t:|1758975874
|move|p2a: Gliscor|Protect|p2a: Gliscor
|-singleturn|p2a: Gliscor|Protect
|move|p1a: Alomomola|Flip Turn|p2a: Gliscor
|-activate|p2a: Gliscor|move: Protect
|
|-heal|p2a: Gliscor|100/100 tox|[from] ability: Poison Heal
|-damage|p1a: Alomomola|60/100 tox|[from] psn
|upkeep
|turn|12
|
|t:|1758975877
|switch|p2a: Weezing|Weezing-Galar, M|100/100
|-ability|p2a: Weezing|Neutralizing Gas
|move|p1a: Alomomola|Flip Turn|p2a: Weezing
|-damage|p2a: Weezing|91/100
|
|t:|1758975881
|switch|p1a: Gholdengo|Gholdengo|100/100|[from] Flip Turn
|
|upkeep
|turn|13
|
|t:|1758975888
|-end|p2a: Weezing|ability: Neutralizing Gas
|switch|p2a: Toxapex|Toxapex, F|100/100 brn
|move|p1a: Gholdengo|Thunderbolt|p2a: Toxapex
|-supereffective|p2a: Toxapex
|-damage|p2a: Toxapex|30/100 brn
|
|-heal|p2a: Toxapex|36/100 brn|[from] item: Leftovers
|-damage|p2a: Toxapex|30/100 brn|[from] brn
|upkeep
|turn|14
|
|t:|1758975895
|switch|p1a: Alomomola|Alomomola, M, shiny|60/100 tox
|switch|p2a: Gliscor|Gliscor, M|100/100 tox
|
|-damage|p1a: Alomomola|54/100 tox|[from] psn
|upkeep
|turn|15
|
|t:|1758975901
|move|p2a: Gliscor|Protect|p2a: Gliscor
|-singleturn|p2a: Gliscor|Protect
|move|p1a: Alomomola|Flip Turn|p2a: Gliscor
|-activate|p2a: Gliscor|move: Protect
|
|-damage|p1a: Alomomola|42/100 tox|[from] psn
|upkeep
|turn|16
|-message|ywkkdzz forfeited.
|
|win|143forever
|raw|ywkkdzz's rating: 1721 &rarr; <strong>1713</strong><br />(-8 for losing)
|raw|143forever's rating: 1974 &rarr; <strong>1982</strong><br />(+8 for winning)
|l|☆ywkkdzz
|player|p1|
