|j|☆klefki_did_it
|j|☆ShinyTyphoon
|t:|1759065073
|gametype|singles
|player|p1|klefki_did_it|pokemonbreeder-gen4|1407
|player|p2|ShinyTyphoon|brendan-gen3|1402
|gen|9
|tier|[Gen 9] OU
|rated|
|rule|HP Percentage Mod: HP is shown in percentages
|rule|Endless Battle Clause: Forcing endless battles is banned
|rule|Species Clause: Limit one of each Pokémon
|rule|OHKO Clause: OHKO moves are banned
|rule|Evasion Items Clause: Evasion items are banned
|rule|Evasion Moves Clause: Evasion moves are banned
|rule|Evasion Abilities Clause: Evasion abilities are banned
|rule|Sleep Moves Clause: Sleep-inducing moves are banned
|clearpoke
|poke|p1|Staraptor, F|
|poke|p1|Kingambit, M|
|poke|p1|Emboar, F|
|poke|p1|Thundurus, M|
|poke|p1|Mandibuzz, F|
|poke|p1|Gardevoir, F|
|poke|p2|Pelipper, M|
|poke|p2|Tornadus-Therian, M|
|poke|p2|Ludicolo, F|
|poke|p2|Overqwil, F|
|poke|p2|Keldeo-Resolute|
|poke|p2|Deoxys-Speed|
|teampreview
|inactive|Battle timer is ON: inactive players will automatically lose when time's up. (requested by klefki_did_it)
|inactive|ShinyTyphoon has 120 seconds left.
|
|t:|1759065108
|teamsize|p1|6
|teamsize|p2|6
|start
|switch|p1a: Gardevoir|Gardevoir, F|100/100
|switch|p2a: Deoxys|Deoxys-Speed|100/100
|-ability|p2a: Deoxys|Pressure
|-ability|p1a: Gardevoir|Pressure|Trace|[from] ability: Trace|[of] p2a: Deoxys
|-ability|p1a: Gardevoir|Pressure
|turn|1
|
|t:|1759065120
|move|p2a: Deoxys|Rain Dance|p2a: Deoxys
|-weather|RainDance
|move|p1a: Gardevoir|Moonblast|p2a: Deoxys
|-damage|p2a: Deoxys|22/100
|-unboost|p2a: Deoxys|spa|1
|
|-weather|RainDance|[upkeep]
|upkeep
|turn|2
|
|t:|1759065126
|move|p2a: Deoxys|Ice Beam|p1a: Gardevoir
|-damage|p1a: Gardevoir|76/100
|-damage|p2a: Deoxys|12/100|[from] item: Life Orb
|move|p1a: Gardevoir|Moonblast|p2a: Deoxys
|-damage|p2a: Deoxys|0 fnt
|faint|p2a: Deoxys
|
|-weather|RainDance|[upkeep]
|upkeep
|
|t:|1759065133
|switch|p2a: Overqwil|Overqwil, F|100/100
|turn|3
|
|t:|1759065141
|switch|p1a: Kingambit|Kingambit, M|100/100
|move|p2a: Overqwil|Swords Dance|p2a: Overqwil
|-boost|p2a: Overqwil|atk|2
|
|-weather|RainDance|[upkeep]
|upkeep
|turn|4
|inactive|ShinyTyphoon has 120 seconds left.
|
|t:|1759065192
|-terastallize|p2a: Overqwil|Water
|move|p2a: Overqwil|Liquidation|p1a: Kingambit
|-damage|p1a: Kingambit|0 fnt
|faint|p1a: Kingambit
|-end|p1a: Kingambit|fallenundefined|[silent]
|-damage|p2a: Overqwil|91/100|[from] item: Life Orb
|
|-weather|RainDance|[upkeep]
|upkeep
|
|t:|1759065200
|switch|p1a: Gardevoir|Gardevoir, F|76/100
|-ability|p1a: Gardevoir|Swift Swim|Trace|[from] ability: Trace|[of] p2a: Overqwil
|turn|5
|
|t:|1759065209
|-terastallize|p1a: Gardevoir|Electric
|move|p1a: Gardevoir|Thunderbolt|p2a: Overqwil
|-supereffective|p2a: Overqwil
|-damage|p2a: Overqwil|0 fnt
|faint|p2a: Overqwil
|
|-weather|none
|upkeep
|
|t:|1759065217
|switch|p2a: Keldeo|Keldeo-Resolute|100/100
|turn|6
|
|t:|1759065223
|move|p1a: Gardevoir|Thunderbolt|p2a: Keldeo
|-supereffective|p2a: Keldeo
|-damage|p2a: Keldeo|0 fnt
|faint|p2a: Keldeo
|
|upkeep
|inactive|ShinyTyphoon has 120 seconds left.
|
|t:|1759065239
|switch|p2a: Ludicolo|Ludicolo, F|100/100
|turn|7
|
|t:|1759065250
|switch|p1a: Mandibuzz|Mandibuzz, F|100/100
|move|p2a: Ludicolo|Hydro Pump|p1a: Mandibuzz
|-damage|p1a: Mandibuzz|43/100
|-damage|p2a: Ludicolo|91/100|[from] item: Life Orb
|
|upkeep
|turn|8
|inactive|ShinyTyphoon has 120 seconds left.
|
|t:|1759065263
|switch|p2a: Tornadus|Tornadus-Therian, M|100/100
|move|p1a: Mandibuzz|Foul Play|p2a: Tornadus
|-damage|p2a: Tornadus|63/100
|
|upkeep
|turn|9
|
|t:|1759065270
|move|p2a: Tornadus|Hurricane|p1a: Mandibuzz|[miss]
|-miss|p2a: Tornadus|p1a: Mandibuzz
|move|p1a: Mandibuzz|Foul Play|p2a: Tornadus
|-damage|p2a: Tornadus|28/100
|
|upkeep
|turn|10
|
|t:|1759065273
|move|p2a: Tornadus|Hurricane|p1a: Mandibuzz
|-damage|p1a: Mandibuzz|0 fnt
|faint|p1a: Mandibuzz
|-damage|p2a: Tornadus|18/100|[from] item: Life Orb
|
|upkeep
|
|t:|1759065281
|switch|p1a: Staraptor|Staraptor, F|100/100
|turn|11
|
|t:|1759065289
|move|p1a: Staraptor|Brave Bird|p2a: Tornadus
|-damage|p2a: Tornadus|0 fnt
|faint|p2a: Tornadus
|-damage|p1a: Staraptor|96/100|[from] Recoil
|
|upkeep
|-message|ShinyTyphoon forfeited.
|
|win|klefki_did_it
|raw|klefki_did_it's rating: 1407 &rarr; <strong>1428</strong><br />(+21 for winning)
|raw|ShinyTyphoon's rating: 1430 &rarr; <strong>1409</strong><br />(-21 for losing)
|l|☆ShinyTyphoon
|player|p2|
|l|☆klefki_did_it
|player|p1|
