|j|☆tekkitbeasting
|j|☆777Crash
|t:|1758946105
|gametype|singles
|player|p1|tekkitbeasting|102|1181
|player|p2|777Crash|265|1153
|gen|9
|tier|[Gen 9] OU
|rated|
|rule|HP Percentage Mod: HP is shown in percentages
|rule|Endless Battle Clause: Forcing endless battles is banned
|rule|Species Clause: Limit one of each Pokémon
|rule|OHKO Clause: OHKO moves are banned
|rule|Evasion Items Clause: Evasion items are banned
|rule|Evasion Moves Clause: Evasion moves are banned
|rule|Evasion Abilities Clause: Evasion abilities are banned
|rule|Sleep Moves Clause: Sleep-inducing moves are banned
|clearpoke
|poke|p1|Clodsire, M|
|poke|p1|Gliscor, F|
|poke|p1|Alomomola, F|
|poke|p1|Skeledirge, M|
|poke|p1|Toxapex, F|
|poke|p1|Blissey, F|
|poke|p2|Iron Moth|
|poke|p2|Walking Wake|
|poke|p2|Dragonite, M|
|poke|p2|Alomomola, M|
|poke|p2|Torkoal, M|
|poke|p2|Deoxys-Defense|
|teampreview
|
|t:|1758946109
|teamsize|p1|6
|teamsize|p2|6
|start
|switch|p1a: Gliscor|Gliscor, F|100/100
|switch|p2a: Torkoal|Torkoal, M|100/100
|-weather|SunnyDay|[from] ability: Drought|[of] p2a: Torkoal
|turn|1
|
|t:|1758946117
|move|p1a: Gliscor|Earthquake|p2a: Torkoal
|-supereffective|p2a: Torkoal
|-damage|p2a: Torkoal|60/100
|move|p2a: Torkoal|Will-O-Wisp|p1a: Gliscor
|-status|p1a: Gliscor|brn
|
|-weather|SunnyDay|[upkeep]
|-damage|p1a: Gliscor|94/100 brn|[from] brn
|upkeep
|turn|2
|
|t:|1758946128
|switch|p2a: Alomomola|Alomomola, M|100/100
|move|p1a: Gliscor|Earthquake|p2a: Alomomola
|-damage|p2a: Alomomola|92/100
|
|-weather|SunnyDay|[upkeep]
|-damage|p1a: Gliscor|88/100 brn|[from] brn
|upkeep
|turn|3
|
|t:|1758946143
|switch|p1a: Alomomola|Alomomola, F|100/100
|move|p2a: Alomomola|Flip Turn|p1a: Alomomola
|-resisted|p1a: Alomomola
|-damage|p1a: Alomomola|98/100
|
|t:|1758946160
|switch|p2a: Walking Wake|Walking Wake|100/100|[from] Flip Turn
|-activate|p2a: Walking Wake|ability: Protosynthesis
|-start|p2a: Walking Wake|protosynthesisspa
|
|-weather|SunnyDay|[upkeep]
|-heal|p1a: Alomomola|100/100|[from] item: Leftovers
|upkeep
|turn|4
|
|t:|1758946174
|move|p2a: Walking Wake|Draco Meteor|p1a: Alomomola
|-damage|p1a: Alomomola|0 fnt
|-unboost|p2a: Walking Wake|spa|2
|faint|p1a: Alomomola
|
|-weather|SunnyDay|[upkeep]
|upkeep
|
|t:|1758946179
|switch|p1a: Blissey|Blissey, F|100/100
|turn|5
|
|t:|1758946187
|-end|p2a: Walking Wake|Protosynthesis|[silent]
|switch|p2a: Deoxys|Deoxys-Defense|100/100
|-ability|p2a: Deoxys|Pressure
|move|p1a: Blissey|Stealth Rock|p2a: Deoxys
|-sidestart|p2: 777Crash|move: Stealth Rock
|
|-weather|SunnyDay|[upkeep]
|upkeep
|turn|6
|
|t:|1758946203
|move|p2a: Deoxys|Spikes|p1a: Blissey
|-sidestart|p1: tekkitbeasting|Spikes
|move|p1a: Blissey|Shadow Ball|p2a: Deoxys
|-supereffective|p2a: Deoxys
|-damage|p2a: Deoxys|85/100
|
|-weather|SunnyDay|[upkeep]
|upkeep
|turn|7
|
|t:|1758946213
|move|p2a: Deoxys|Spikes|p1a: Blissey
|-sidestart|p1: tekkitbeasting|Spikes
|move|p1a: Blissey|Shadow Ball|p2a: Deoxys
|-supereffective|p2a: Deoxys
|-damage|p2a: Deoxys|67/100
|-unboost|p2a: Deoxys|spd|1
|
|-weather|SunnyDay|[upkeep]
|upkeep
|turn|8
|-message|tekkitbeasting forfeited.
|
|win|777Crash
|raw|tekkitbeasting's rating: 1181 &rarr; <strong>1154</strong><br />(-27 for losing)
|raw|777Crash's rating: 1153 &rarr; <strong>1180</strong><br />(+27 for winning)
|l|☆tekkitbeasting
|player|p1|
|l|☆777Crash
|player|p2|
