|j|☆Yothas
|j|☆Alpha Rong Yuan
|t:|1758953855
|gametype|singles
|player|p1|Yothas|170|1245
|player|p2|Alpha Rong Yuan|265|1214
|gen|9
|tier|[Gen 9] OU
|rated|
|rule|HP Percentage Mod: HP is shown in percentages
|rule|Endless Battle Clause: Forcing endless battles is banned
|rule|Species Clause: Limit one of each Pokémon
|rule|OHKO Clause: OHKO moves are banned
|rule|Evasion Items Clause: Evasion items are banned
|rule|Evasion Moves Clause: Evasion moves are banned
|rule|Evasion Abilities Clause: Evasion abilities are banned
|rule|Sleep Moves Clause: Sleep-inducing moves are banned
|clearpoke
|poke|p1|Skarmory, F|
|poke|p1|Meowscarada, M|
|poke|p1|Rotom-Wash|
|poke|p1|Glimmora, M|
|poke|p1|Tinkaton, F|
|poke|p1|Landorus-Therian, M|
|poke|p2|Pelipper, F|
|poke|p2|Barraskewda, M|
|poke|p2|Raging Bolt|
|poke|p2|Weezing-Galar, F|
|poke|p2|Floatzel, F|
|poke|p2|Alomomola, F|
|teampreview
|inactive|Battle timer is ON: inactive players will automatically lose when time's up. (requested by Yothas)
|inactive|Alpha Rong Yuan has 120 seconds left.
|
|t:|1758953891
|teamsize|p1|6
|teamsize|p2|6
|start
|switch|p1a: Rotom|Rotom-Wash, shiny|100/100
|switch|p2a: Barraskewda|Barraskewda, M|100/100
|turn|1
|
|t:|1758953904
|switch|p2a: Raging Bolt|Raging Bolt|100/100
|move|p1a: Rotom|Volt Switch|p2a: Raging Bolt
|-resisted|p2a: Raging Bolt
|-damage|p2a: Raging Bolt|95/100
|
|t:|1758953909
|switch|p1a: Tinkaton|Tinkaton, F|100/100|[from] Volt Switch
|
|upkeep
|turn|2
|
|t:|1758953916
|-end|p2a: Raging Bolt|Protosynthesis|[silent]
|switch|p2a: Alomomola|Alomomola, F|100/100
|move|p1a: Tinkaton|Play Rough|p2a: Alomomola
|-damage|p2a: Alomomola|80/100
|-damage|p1a: Tinkaton|84/100|[from] item: Rocky Helmet|[of] p2a: Alomomola
|
|upkeep
|turn|3
|
|t:|1758953928
|move|p1a: Tinkaton|Knock Off|p2a: Alomomola
|-damage|p2a: Alomomola|67/100
|-damage|p1a: Tinkaton|67/100|[from] item: Rocky Helmet|[of] p2a: Alomomola
|-enditem|p2a: Alomomola|Rocky Helmet|[from] move: Knock Off|[of] p1a: Tinkaton
|move|p2a: Alomomola|Flip Turn|p1a: Tinkaton
|-damage|p1a: Tinkaton|47/100
|
|t:|1758953936
|switch|p2a: Barraskewda|Barraskewda, M|100/100|[from] Flip Turn
|
|upkeep
|turn|4
|
|t:|1758953952
|switch|p1a: Skarmory|Skarmory, F|100/100
|-terastallize|p2a: Barraskewda|Water
|move|p2a: Barraskewda|Flip Turn|p1a: Skarmory
|-damage|p1a: Skarmory|61/100
|-damage|p2a: Barraskewda|84/100|[from] item: Rocky Helmet|[of] p1a: Skarmory
|
|t:|1758953958
|switch|p2a: Raging Bolt|Raging Bolt|95/100|[from] Flip Turn
|
|upkeep
|turn|5
|
|t:|1758953964
|switch|p1a: Tinkaton|Tinkaton, F|47/100
|move|p2a: Raging Bolt|Draco Meteor|p1a: Tinkaton
|-immune|p1a: Tinkaton
|
|upkeep
|turn|6
|
|t:|1758953968
|-end|p2a: Raging Bolt|Protosynthesis|[silent]
|switch|p2a: Alomomola|Alomomola, F|99/100
|move|p1a: Tinkaton|Knock Off|p2a: Alomomola
|-damage|p2a: Alomomola|91/100
|
|upkeep
|turn|7
|
|t:|1758953977
|switch|p1a: Glimmora|Glimmora, M|100/100
|move|p2a: Alomomola|Flip Turn|p1a: Glimmora
|-supereffective|p1a: Glimmora
|-damage|p1a: Glimmora|63/100
|-activate|p1a: Glimmora|ability: Toxic Debris
|-sidestart|p2: Alpha Rong Yuan|move: Toxic Spikes
|
|t:|1758953980
|switch|p2a: Weezing|Weezing-Galar, F|100/100|[from] Flip Turn
|-sideend|p2: Alpha Rong Yuan|move: Toxic Spikes|[of] p2a: Weezing
|-fieldstart|move: Misty Terrain|[from] ability: Misty Surge|[of] p2a: Weezing
|
|upkeep
|turn|8
|
|t:|1758953989
|switch|p2a: Floatzel|Floatzel, F|100/100
|move|p1a: Glimmora|Earth Power|p2a: Floatzel
|-damage|p2a: Floatzel|39/100
|
|upkeep
|turn|9
|
|t:|1758953993
|switch|p1a: Skarmory|Skarmory, F|61/100
|move|p2a: Floatzel|Flip Turn|p1a: Skarmory
|-damage|p1a: Skarmory|35/100
|-damage|p2a: Floatzel|23/100|[from] item: Rocky Helmet|[of] p1a: Skarmory
|
|t:|1758953998
|switch|p2a: Alomomola|Alomomola, F|100/100|[from] Flip Turn
|
|upkeep
|turn|10
|
|t:|1758954002
|move|p1a: Skarmory|Roost|p1a: Skarmory
|-heal|p1a: Skarmory|85/100
|-singleturn|p1a: Skarmory|move: Roost
|move|p2a: Alomomola|Wish|p2a: Alomomola
|
|upkeep
|turn|11
|
|t:|1758954007
|move|p1a: Skarmory|Stealth Rock|p2a: Alomomola
|-sidestart|p2: Alpha Rong Yuan|move: Stealth Rock
|move|p2a: Alomomola|Flip Turn|p1a: Skarmory
|-damage|p1a: Skarmory|76/100
|-damage|p2a: Alomomola|84/100|[from] item: Rocky Helmet|[of] p1a: Skarmory
|
|t:|1758954011
|switch|p2a: Floatzel|Floatzel, F|23/100|[from] Flip Turn
|-damage|p2a: Floatzel|11/100|[from] Stealth Rock
|
|-heal|p2a: Floatzel|97/100|[from] move: Wish|[wisher] Alomomola
|-fieldend|Misty Terrain
|upkeep
|turn|12
|
|t:|1758954019
|move|p2a: Floatzel|Flip Turn|p1a: Skarmory
|-damage|p1a: Skarmory|50/100
|-damage|p2a: Floatzel|80/100|[from] item: Rocky Helmet|[of] p1a: Skarmory
|
|t:|1758954021
|switch|p2a: Raging Bolt|Raging Bolt|95/100|[from] Flip Turn
|-damage|p2a: Raging Bolt|82/100|[from] Stealth Rock
|move|p1a: Skarmory|Roost|p1a: Skarmory
|-heal|p1a: Skarmory|99/100
|-singleturn|p1a: Skarmory|move: Roost
|
|upkeep
|turn|13
|
|t:|1758954029
|switch|p1a: Tinkaton|Tinkaton, F|47/100
|move|p2a: Raging Bolt|Volt Switch|p1a: Tinkaton
|-damage|p1a: Tinkaton|23/100
|
|t:|1758954035
|-end|p2a: Raging Bolt|Protosynthesis|[silent]
|switch|p2a: Barraskewda|Barraskewda, M, tera:Water|84/100|[from] Volt Switch
|-damage|p2a: Barraskewda|72/100|[from] Stealth Rock
|
|upkeep
|turn|14
|
|t:|1758954039
|switch|p1a: Skarmory|Skarmory, F|99/100
|move|p2a: Barraskewda|Flip Turn|p1a: Skarmory
|-damage|p1a: Skarmory|64/100
|-damage|p2a: Barraskewda|56/100|[from] item: Rocky Helmet|[of] p1a: Skarmory
|
|t:|1758954045
|switch|p2a: Raging Bolt|Raging Bolt|82/100|[from] Flip Turn
|-damage|p2a: Raging Bolt|70/100|[from] Stealth Rock
|
|upkeep
|turn|15
|
|t:|1758954049
|switch|p1a: Landorus|Landorus-Therian, M|100/100
|-ability|p1a: Landorus|Intimidate|boost
|-unboost|p2a: Raging Bolt|atk|1
|move|p2a: Raging Bolt|Draco Meteor|p1a: Landorus
|-damage|p1a: Landorus|3/100
|-unboost|p2a: Raging Bolt|spa|2
|
|upkeep
|turn|16
|
|t:|1758954056
|-end|p2a: Raging Bolt|Protosynthesis|[silent]
|switch|p2a: Pelipper|Pelipper, F|100/100
|-weather|RainDance|[from] ability: Drizzle|[of] p2a: Pelipper
|move|p1a: Landorus|U-turn|p2a: Pelipper
|-resisted|p2a: Pelipper
|-damage|p2a: Pelipper|81/100
|
|t:|1758954059
|switch|p1a: Rotom|Rotom-Wash, shiny|100/100|[from] U-turn
|
|-weather|RainDance|[upkeep]
|upkeep
|turn|17
|
|t:|1758954066
|switch|p2a: Raging Bolt|Raging Bolt|70/100
|-damage|p2a: Raging Bolt|58/100|[from] Stealth Rock
|move|p1a: Rotom|Volt Switch|p2a: Raging Bolt
|-resisted|p2a: Raging Bolt
|-damage|p2a: Raging Bolt|52/100
|
|t:|1758954072
|switch|p1a: Meowscarada|Meowscarada, M|100/100|[from] Volt Switch
|
|-weather|RainDance|[upkeep]
|upkeep
|turn|18
|
|t:|1758954077
|-end|p2a: Raging Bolt|Protosynthesis|[silent]
|switch|p2a: Alomomola|Alomomola, F|100/100
|-damage|p2a: Alomomola|88/100|[from] Stealth Rock
|move|p1a: Meowscarada|Triple Axel|p2a: Alomomola
|-start|p1a: Meowscarada|typechange|Ice|[from] ability: Protean
|-resisted|p2a: Alomomola
|-damage|p2a: Alomomola|86/100
|-resisted|p2a: Alomomola
|-damage|p2a: Alomomola|80/100
|-resisted|p2a: Alomomola
|-damage|p2a: Alomomola|74/100
|-hitcount|p2a: Alomomola|3
|
|-weather|RainDance|[upkeep]
|upkeep
|turn|19
|
|t:|1758954085
|switch|p1a: Rotom|Rotom-Wash, shiny|100/100
|switch|p2a: Weezing|Weezing-Galar, F|100/100
|-damage|p2a: Weezing|88/100|[from] Stealth Rock
|-fieldstart|move: Misty Terrain|[from] ability: Misty Surge|[of] p2a: Weezing
|
|-weather|RainDance|[upkeep]
|-heal|p2a: Weezing|94/100|[from] item: Leftovers
|upkeep
|turn|20
|
|t:|1758954091
|move|p1a: Rotom|Volt Switch|p2a: Weezing
|-damage|p2a: Weezing|28/100
|
|t:|1758954095
|switch|p1a: Tinkaton|Tinkaton, F|23/100|[from] Volt Switch
|move|p2a: Weezing|Pain Split|p1a: Tinkaton
|-sethp|p1a: Tinkaton|24/100|[from] move: Pain Split|[silent]
|-sethp|p2a: Weezing|27/100|[from] move: Pain Split
|
|-weather|none
|-heal|p2a: Weezing|33/100|[from] item: Leftovers
|upkeep
|turn|21
|
|t:|1758954108
|switch|p1a: Rotom|Rotom-Wash, shiny|100/100
|switch|p2a: Alomomola|Alomomola, F|100/100
|-damage|p2a: Alomomola|88/100|[from] Stealth Rock
|
|upkeep
|turn|22
|
|t:|1758954113
|switch|p2a: Raging Bolt|Raging Bolt|52/100
|-damage|p2a: Raging Bolt|40/100|[from] Stealth Rock
|move|p1a: Rotom|Volt Switch|p2a: Raging Bolt
|-resisted|p2a: Raging Bolt
|-damage|p2a: Raging Bolt|33/100
|
|t:|1758954120
|switch|p1a: Meowscarada|Meowscarada, M|100/100|[from] Volt Switch
|
|upkeep
|turn|23
|
|t:|1758954131
|-end|p2a: Raging Bolt|Protosynthesis|[silent]
|switch|p2a: Alomomola|Alomomola, F|100/100
|-damage|p2a: Alomomola|88/100|[from] Stealth Rock
|move|p1a: Meowscarada|U-turn|p2a: Alomomola
|-start|p1a: Meowscarada|typechange|Bug|[from] ability: Protean
|-damage|p2a: Alomomola|69/100
|
|t:|1758954133
|switch|p1a: Rotom|Rotom-Wash, shiny|100/100|[from] U-turn
|
|-fieldend|Misty Terrain
|upkeep
|turn|24
|
|t:|1758954142
|switch|p2a: Raging Bolt|Raging Bolt|33/100
|-damage|p2a: Raging Bolt|21/100|[from] Stealth Rock
|move|p1a: Rotom|Volt Switch|p2a: Raging Bolt
|-resisted|p2a: Raging Bolt
|-damage|p2a: Raging Bolt|15/100
|
|t:|1758954145
|switch|p1a: Meowscarada|Meowscarada, M|100/100|[from] Volt Switch
|
|upkeep
|turn|25
|
|t:|1758954154
|-end|p2a: Raging Bolt|Protosynthesis|[silent]
|switch|p2a: Alomomola|Alomomola, F|100/100
|-damage|p2a: Alomomola|88/100|[from] Stealth Rock
|move|p1a: Meowscarada|U-turn|p2a: Alomomola
|-start|p1a: Meowscarada|typechange|Bug|[from] ability: Protean
|-damage|p2a: Alomomola|70/100
|
|t:|1758954160
|switch|p1a: Glimmora|Glimmora, M|63/100|[from] U-turn
|
|upkeep
|turn|26
|
|t:|1758954165
|move|p1a: Glimmora|Sludge Bomb|p2a: Alomomola
|-damage|p2a: Alomomola|6/100
|-status|p2a: Alomomola|psn
|move|p2a: Alomomola|Wish|p2a: Alomomola
|
|-damage|p2a: Alomomola|0 fnt|[from] psn
|faint|p2a: Alomomola
|upkeep
|
|t:|1758954179
|switch|p2a: Barraskewda|Barraskewda, M, tera:Water|56/100
|-damage|p2a: Barraskewda|43/100|[from] Stealth Rock
|turn|27
|
|t:|1758954184
|switch|p1a: Skarmory|Skarmory, F|64/100
|move|p2a: Barraskewda|Flip Turn|p1a: Skarmory
|-damage|p1a: Skarmory|24/100
|-damage|p2a: Barraskewda|27/100|[from] item: Rocky Helmet|[of] p1a: Skarmory
|
|t:|1758954187
|switch|p2a: Weezing|Weezing-Galar, F|33/100|[from] Flip Turn
|-damage|p2a: Weezing|20/100|[from] Stealth Rock
|-fieldstart|move: Misty Terrain|[from] ability: Misty Surge|[of] p2a: Weezing
|
|-heal|p2a: Weezing|99/100|[from] move: Wish|[wisher] Alomomola
|-heal|p2a: Weezing|100/100|[from] item: Leftovers
|upkeep
|turn|28
|
|t:|1758954193
|move|p1a: Skarmory|Roost|p1a: Skarmory
|-heal|p1a: Skarmory|74/100
|-singleturn|p1a: Skarmory|move: Roost
|move|p2a: Weezing|Defog|p1a: Skarmory
|-unboost|p1a: Skarmory|evasion|1
|-sideend|p2: Alpha Rong Yuan|Stealth Rock|[from] move: Defog|[of] p2a: Weezing
|-fieldend|Misty Terrain
|
|upkeep
|turn|29
|
|t:|1758954203
|switch|p2a: Pelipper|Pelipper, F|81/100
|-weather|RainDance|[from] ability: Drizzle|[of] p2a: Pelipper
|move|p1a: Skarmory|Stealth Rock|p2a: Pelipper
|-sidestart|p2: Alpha Rong Yuan|move: Stealth Rock
|
|-weather|RainDance|[upkeep]
|upkeep
|turn|30
|
|t:|1758954208
|switch|p1a: Rotom|Rotom-Wash, shiny|100/100
|move|p2a: Pelipper|Weather Ball|p1a: Rotom
|-resisted|p1a: Rotom
|-damage|p1a: Rotom|65/100
|
|-weather|RainDance|[upkeep]
|upkeep
|turn|31
|-message|Alpha Rong Yuan forfeited.
|
|win|Yothas
|raw|Yothas's rating: 1245 &rarr; <strong>1268</strong><br />(+23 for winning)
|raw|Alpha Rong Yuan's rating: 1214 &rarr; <strong>1191</strong><br />(-23 for losing)
|l|☆Alpha Rong Yuan
|player|p2|
|l|☆Yothas
|player|p1|
