|badge|p1|bronze|gen9ou|100-6
|badge|p1|bronze|gen9monotype|100-6
|html|<div class="broadcast-red"><strong>This battle is required to be public due to one or more player having a season medal.</strong><br />During the public phase, you can discuss the state of the ladder <a href="/seasondiscussion">in a special chatroom.</a></div>
|uhtml|medal-msg|<div class="broadcast-blue">Curious what those medals under the avatar are? PS now has Ladder Seasons! For more information, check out the <a href="https://www.smogon.com/forums/threads/3740067/">thread on Smogon.</a></div>
|badge|p2|silver|gen9ou|30-6
|uhtml|medal-msg|<div class="broadcast-blue">Curious what those medals under the avatar are? PS now has Ladder Seasons! For more information, check out the <a href="https://www.smogon.com/forums/threads/3740067/">thread on Smogon.</a></div>
|j|☆abravioustinkaton
|j|☆ouww miguel o hara
|t:|1758979215
|gametype|singles
|player|p1|abravioustinkaton|miku-ice|1888
|player|p2|ouww miguel o hara|giovanni|1983
|gen|9
|tier|[Gen 9] OU
|rated|
|rule|HP Percentage Mod: HP is shown in percentages
|rule|Endless Battle Clause: Forcing endless battles is banned
|rule|Species Clause: Limit one of each Pokémon
|rule|OHKO Clause: OHKO moves are banned
|rule|Evasion Items Clause: Evasion items are banned
|rule|Evasion Moves Clause: Evasion moves are banned
|rule|Evasion Abilities Clause: Evasion abilities are banned
|rule|Sleep Moves Clause: Sleep-inducing moves are banned
|clearpoke
|poke|p1|Zapdos|
|poke|p1|Iron Crown|
|poke|p1|Garganacl, F|
|poke|p1|Great Tusk|
|poke|p1|Samurott-Hisui, M|
|poke|p1|Dragapult, F|
|poke|p2|Zamazenta-*|
|poke|p2|Iron Moth|
|poke|p2|Gliscor, F|
|poke|p2|Clefable, M|
|poke|p2|Blissey, F|
|poke|p2|Dragapult, M|
|teampreview
|j| cynasaurus
|j| dsvdv
|
|t:|1758979255
|teamsize|p1|6
|teamsize|p2|6
|start
|switch|p1a: Samurott|Samurott-Hisui, M|100/100
|switch|p2a: Gliscor|Gliscor, F|100/100
|turn|1
|
|t:|1758979265
|move|p2a: Gliscor|Protect|p2a: Gliscor
|-singleturn|p2a: Gliscor|Protect
|move|p1a: Samurott|Knock Off|p2a: Gliscor
|-activate|p2a: Gliscor|move: Protect
|
|-status|p2a: Gliscor|tox|[from] item: Toxic Orb
|upkeep
|turn|2
|j| seiko leich
|
|t:|1758979271
|move|p1a: Samurott|Razor Shell|p2a: Gliscor
|-supereffective|p2a: Gliscor
|-damage|p2a: Gliscor|23/100 tox
|move|p2a: Gliscor|Toxic|p1a: Samurott
|-status|p1a: Samurott|tox
|
|-damage|p1a: Samurott|94/100 tox|[from] psn
|-heal|p2a: Gliscor|35/100 tox|[from] ability: Poison Heal
|upkeep
|turn|3
|
|t:|1758979275
|move|p2a: Gliscor|Protect|p2a: Gliscor
|-singleturn|p2a: Gliscor|Protect
|move|p1a: Samurott|Ceaseless Edge|p2a: Gliscor
|-activate|p2a: Gliscor|move: Protect
|
|-damage|p1a: Samurott|82/100 tox|[from] psn
|-heal|p2a: Gliscor|47/100 tox|[from] ability: Poison Heal
|upkeep
|turn|4
|
|t:|1758979279
|switch|p2a: Zamazenta|Zamazenta|100/100
|-ability|p2a: Zamazenta|Dauntless Shield|boost
|-boost|p2a: Zamazenta|def|1
|move|p1a: Samurott|Ceaseless Edge|p2a: Zamazenta
|-resisted|p2a: Zamazenta
|-damage|p2a: Zamazenta|90/100
|-sidestart|p2: ouww miguel o hara|Spikes
|
|-heal|p2a: Zamazenta|97/100|[from] item: Leftovers
|-damage|p1a: Samurott|64/100 tox|[from] psn
|upkeep
|turn|5
|
|t:|1758979283
|switch|p2a: Gliscor|Gliscor, F|47/100 tox
|move|p1a: Samurott|Ceaseless Edge|p2a: Gliscor
|-damage|p2a: Gliscor|12/100 tox
|-sidestart|p2: ouww miguel o hara|Spikes
|
|-damage|p1a: Samurott|39/100 tox|[from] psn
|-heal|p2a: Gliscor|25/100 tox|[from] ability: Poison Heal
|upkeep
|turn|6
|
|t:|1758979289
|switch|p1a: Great Tusk|Great Tusk|100/100
|move|p2a: Gliscor|Protect||[still]
|-fail|p2a: Gliscor
|
|-heal|p2a: Gliscor|37/100 tox|[from] ability: Poison Heal
|upkeep
|turn|7
|j| cryyysneasel
|
|t:|1758979291
|move|p2a: Gliscor|Protect|p2a: Gliscor
|-singleturn|p2a: Gliscor|Protect
|move|p1a: Great Tusk|Ice Spinner|p2a: Gliscor
|-activate|p2a: Gliscor|move: Protect
|
|-heal|p2a: Gliscor|50/100 tox|[from] ability: Poison Heal
|upkeep
|turn|8
|
|t:|1758979297
|switch|p2a: Zamazenta|Zamazenta|97/100
|-damage|p2a: Zamazenta|80/100|[from] Spikes
|move|p1a: Great Tusk|Stealth Rock|p2a: Zamazenta
|-sidestart|p2: ouww miguel o hara|move: Stealth Rock
|
|-heal|p2a: Zamazenta|86/100|[from] item: Leftovers
|upkeep
|turn|9
|
|t:|1758979302
|move|p2a: Zamazenta|Iron Defense|p2a: Zamazenta
|-boost|p2a: Zamazenta|def|2
|move|p1a: Great Tusk|Ice Spinner|p2a: Zamazenta
|-damage|p2a: Zamazenta|76/100
|
|-heal|p2a: Zamazenta|82/100|[from] item: Leftovers
|upkeep
|turn|10
|
|t:|1758979306
|switch|p2a: Gliscor|Gliscor, F|50/100 tox
|-damage|p2a: Gliscor|37/100 tox|[from] Stealth Rock
|-end|p1a: Great Tusk|Protosynthesis|[silent]
|switch|p1a: Dragapult|Dragapult, F|100/100
|
|-heal|p2a: Gliscor|50/100 tox|[from] ability: Poison Heal
|upkeep
|turn|11
|
|t:|1758979308
|move|p2a: Gliscor|Protect|p2a: Gliscor
|-singleturn|p2a: Gliscor|Protect
|move|p1a: Dragapult|Hex|p2a: Gliscor
|-activate|p2a: Gliscor|move: Protect
|
|-heal|p2a: Gliscor|62/100 tox|[from] ability: Poison Heal
|upkeep
|turn|12
|
|t:|1758979315
|move|p1a: Dragapult|U-turn|p2a: Gliscor
|-resisted|p2a: Gliscor
|-damage|p2a: Gliscor|55/100 tox
|
|t:|1758979317
|switch|p1a: Iron Crown|Iron Crown|100/100|[from] U-turn
|move|p2a: Gliscor|Toxic|p1a: Iron Crown|[miss]
|-miss|p2a: Gliscor|p1a: Iron Crown
|
|-heal|p2a: Gliscor|67/100 tox|[from] ability: Poison Heal
|upkeep
|turn|13
|
|t:|1758979321
|move|p2a: Gliscor|Protect|p2a: Gliscor
|-singleturn|p2a: Gliscor|Protect
|move|p1a: Iron Crown|Tachyon Cutter|p2a: Gliscor
|-activate|p2a: Gliscor|move: Protect
|
|-heal|p2a: Gliscor|80/100 tox|[from] ability: Poison Heal
|upkeep
|turn|14
|
|t:|1758979328
|move|p1a: Iron Crown|Tachyon Cutter|p2a: Gliscor
|-damage|p2a: Gliscor|45/100 tox
|-damage|p2a: Gliscor|12/100 tox
|-hitcount|p2a: Gliscor|2
|move|p2a: Gliscor|Knock Off|p1a: Iron Crown
|-supereffective|p1a: Iron Crown
|-damage|p1a: Iron Crown|59/100
|-enditem|p1a: Iron Crown|Choice Specs|[from] move: Knock Off|[of] p2a: Gliscor
|
|-heal|p2a: Gliscor|24/100 tox|[from] ability: Poison Heal
|upkeep
|turn|15
|l| dsvdv
|inactive|Battle timer is ON: inactive players will automatically lose when time's up. (requested by ouww miguel o hara)
|
|t:|1758979337
|move|p2a: Gliscor|Protect|p2a: Gliscor
|-singleturn|p2a: Gliscor|Protect
|move|p1a: Iron Crown|Tachyon Cutter|p2a: Gliscor
|-activate|p2a: Gliscor|move: Protect
|
|-heal|p2a: Gliscor|37/100 tox|[from] ability: Poison Heal
|upkeep
|turn|16
|
|t:|1758979340
|switch|p2a: Blissey|Blissey, F|100/100
|move|p1a: Iron Crown|Tachyon Cutter|p2a: Blissey
|-damage|p2a: Blissey|91/100
|-damage|p2a: Blissey|82/100
|-hitcount|p2a: Blissey|2
|
|upkeep
|turn|17
|
|t:|1758979344
|move|p1a: Iron Crown|Psyshock|p2a: Blissey
|-damage|p2a: Blissey|48/100
|move|p2a: Blissey|Stealth Rock|p1a: Iron Crown
|-sidestart|p1: abravioustinkaton|move: Stealth Rock
|
|upkeep
|turn|18
|
|t:|1758979350
|move|p1a: Iron Crown|Psychic Noise|p2a: Blissey
|-damage|p2a: Blissey|34/100
|-start|p2a: Blissey|move: Heal Block
|cant|p2a: Blissey|move: Heal Block|Soft-Boiled
|
|upkeep
|turn|19
|
|t:|1758979361
|switch|p2a: Dragapult|Dragapult, M|100/100
|move|p1a: Iron Crown|Tachyon Cutter|p2a: Dragapult
|-damage|p2a: Dragapult|65/100
|-damage|p2a: Dragapult|27/100
|-hitcount|p2a: Dragapult|2
|
|upkeep
|turn|20
|
|t:|1758979365
|move|p2a: Dragapult|Hex|p1a: Iron Crown
|-supereffective|p1a: Iron Crown
|-damage|p1a: Iron Crown|6/100
|move|p1a: Iron Crown|Tachyon Cutter|p2a: Dragapult
|-damage|p2a: Dragapult|0 fnt
|faint|p2a: Dragapult
|-hitcount|p2: Dragapult|1
|
|upkeep
|
|t:|1758979374
|switch|p2a: Zamazenta|Zamazenta|82/100
|-damage|p2a: Zamazenta|65/100|[from] Spikes
|-damage|p2a: Zamazenta|59/100|[from] Stealth Rock
|turn|21
|
|t:|1758979378
|-end|p1a: Iron Crown|Quark Drive|[silent]
|switch|p1a: Club Paratwice|Zapdos|100/100
|move|p2a: Zamazenta|Crunch|p1a: Club Paratwice
|-damage|p1a: Club Paratwice|86/100
|
|-heal|p2a: Zamazenta|65/100|[from] item: Leftovers
|upkeep
|turn|22
|
|t:|1758979385
|switch|p2a: Blissey|Blissey, F|34/100
|move|p1a: Club Paratwice|Volt Switch|p2a: Blissey
|-damage|p2a: Blissey|23/100
|
|t:|1758979390
|switch|p1a: Great Tusk|Great Tusk|100/100|[from] Volt Switch
|-damage|p1a: Great Tusk|98/100|[from] Stealth Rock
|
|upkeep
|turn|23
|
|t:|1758979405
|move|p1a: Great Tusk|Rapid Spin|p2a: Blissey
|-damage|p2a: Blissey|7/100
|-boost|p1a: Great Tusk|spe|1
|-sideend|p1: abravioustinkaton|Stealth Rock|[from] move: Rapid Spin|[of] p1a: Great Tusk
|move|p2a: Blissey|Soft-Boiled|p2a: Blissey
|-heal|p2a: Blissey|57/100
|
|upkeep
|turn|24
|
|t:|1758979425
|move|p1a: Great Tusk|Ice Spinner|p2a: Blissey
|-damage|p2a: Blissey|33/100
|move|p2a: Blissey|Soft-Boiled|p2a: Blissey
|-heal|p2a: Blissey|83/100
|
|upkeep
|turn|25
|
|t:|1758979427
|switch|p2a: Gliscor|Gliscor, F|37/100 tox
|-damage|p2a: Gliscor|24/100 tox|[from] Stealth Rock
|move|p1a: Great Tusk|Ice Spinner|p2a: Gliscor
|-supereffective|p2a: Gliscor
|-damage|p2a: Gliscor|0 fnt
|faint|p2a: Gliscor
|
|upkeep
|
|t:|1758979431
|switch|p2a: Clefable|Clefable, M|100/100
|turn|26
|
|t:|1758979436
|-end|p1a: Great Tusk|Protosynthesis|[silent]
|switch|p1a: Club Paratwice|Zapdos|86/100
|move|p2a: Clefable|Moonblast|p1a: Club Paratwice
|-damage|p1a: Club Paratwice|53/100
|
|upkeep
|turn|27
|
|t:|1758979443
|move|p1a: Club Paratwice|Thunder Wave|p2a: Clefable
|-status|p2a: Clefable|par
|cant|p2a: Clefable|par
|
|upkeep
|turn|28
|
|t:|1758979450
|move|p1a: Club Paratwice|Roost|p1a: Club Paratwice
|-heal|p1a: Club Paratwice|100/100
|-singleturn|p1a: Club Paratwice|move: Roost
|cant|p2a: Clefable|par
|
|upkeep
|turn|29
|
|t:|1758979455
|move|p1a: Club Paratwice|Volt Switch|p2a: Clefable
|-damage|p2a: Clefable|74/100 par
|
|t:|1758979458
|switch|p1a: Samurott|Samurott-Hisui, M|39/100 tox|[from] Volt Switch
|cant|p2a: Clefable|par
|
|-damage|p1a: Samurott|33/100 tox|[from] psn
|upkeep
|turn|30
|
|t:|1758979467
|move|p1a: Samurott|Knock Off|p2a: Clefable
|-resisted|p2a: Clefable
|-damage|p2a: Clefable|58/100 par
|-enditem|p2a: Clefable|Heavy-Duty Boots|[from] move: Knock Off|[of] p1a: Samurott
|move|p2a: Clefable|Moonlight|p2a: Clefable
|-heal|p2a: Clefable|100/100 par
|
|-damage|p1a: Samurott|21/100 tox|[from] psn
|upkeep
|turn|31
|
|t:|1758979474
|switch|p1a: Garganacl|Garganacl, F|100/100
|move|p2a: Clefable|Cosmic Power|p2a: Clefable
|-boost|p2a: Clefable|def|1
|-boost|p2a: Clefable|spd|1
|
|upkeep
|turn|32
|
|t:|1758979480
|move|p1a: Garganacl|Salt Cure|p2a: Clefable
|-damage|p2a: Clefable|94/100 par
|-start|p2a: Clefable|Salt Cure
|move|p2a: Clefable|Charge Beam|p1a: Garganacl
|-damage|p1a: Garganacl|93/100
|
|-heal|p1a: Garganacl|99/100|[from] item: Leftovers
|-damage|p2a: Clefable|81/100 par|[from] Salt Cure
|upkeep
|turn|33
|
|t:|1758979485
|move|p1a: Garganacl|Earthquake|p2a: Clefable
|-damage|p2a: Clefable|69/100 par
|move|p2a: Clefable|Moonblast|p1a: Garganacl
|-damage|p1a: Garganacl|78/100
|-unboost|p1a: Garganacl|spa|1
|
|-heal|p1a: Garganacl|84/100|[from] item: Leftovers
|-damage|p2a: Clefable|56/100 par|[from] Salt Cure
|upkeep
|turn|34
|
|t:|1758979490
|switch|p1a: Iron Crown|Iron Crown|6/100
|move|p2a: Clefable|Moonlight|p2a: Clefable
|-heal|p2a: Clefable|100/100 par
|
|-damage|p2a: Clefable|88/100 par|[from] Salt Cure
|upkeep
|turn|35
|
|t:|1758979492
|move|p1a: Iron Crown|Tachyon Cutter|p2a: Clefable
|-supereffective|p2a: Clefable
|-damage|p2a: Clefable|57/100 par
|-supereffective|p2a: Clefable
|-damage|p2a: Clefable|26/100 par
|-hitcount|p2a: Clefable|2
|move|p2a: Clefable|Moonblast|p1a: Iron Crown
|-resisted|p1a: Iron Crown
|-damage|p1a: Iron Crown|0 fnt
|faint|p1a: Iron Crown
|-end|p1a: Iron Crown|Quark Drive|[silent]
|
|-damage|p2a: Clefable|14/100 par|[from] Salt Cure
|upkeep
|
|t:|1758979497
|switch|p1a: Great Tusk|Great Tusk|98/100
|turn|36
|
|t:|1758979501
|move|p1a: Great Tusk|Headlong Rush|p2a: Clefable
|-damage|p2a: Clefable|0 fnt
|-unboost|p1a: Great Tusk|def|1
|-unboost|p1a: Great Tusk|spd|1
|faint|p2a: Clefable
|
|upkeep
|
|t:|1758979504
|switch|p2a: Iron Moth|Iron Moth|100/100
|turn|37
|
|t:|1758979512
|-end|p1a: Great Tusk|Protosynthesis|[silent]
|switch|p1a: Garganacl|Garganacl, F|84/100
|move|p2a: Iron Moth|Fiery Dance|p1a: Garganacl
|-resisted|p1a: Garganacl
|-damage|p1a: Garganacl|70/100
|-boost|p2a: Iron Moth|spa|1
|
|-heal|p1a: Garganacl|76/100|[from] item: Leftovers
|upkeep
|turn|38
|
|t:|1758979516
|-terastallize|p2a: Iron Moth|Water
|move|p2a: Iron Moth|Tera Blast|p1a: Garganacl|[anim] Tera Blast Water
|-supereffective|p1a: Garganacl
|-damage|p1a: Garganacl|0 fnt
|faint|p1a: Garganacl
|
|upkeep
|
|t:|1758979520
|switch|p1a: Club Paratwice|Zapdos|100/100
|turn|39
|j| iamfrhaan007
|
|t:|1758979526
|-end|p2a: Iron Moth|Quark Drive|[silent]
|switch|p2a: Blissey|Blissey, F|83/100
|move|p1a: Club Paratwice|Volt Switch|p2a: Blissey
|-damage|p2a: Blissey|71/100
|
|t:|1758979530
|switch|p1a: Great Tusk|Great Tusk|98/100|[from] Volt Switch
|
|upkeep
|turn|40
|
|t:|1758979533
|move|p1a: Great Tusk|Headlong Rush|p2a: Blissey
|-damage|p2a: Blissey|15/100
|-unboost|p1a: Great Tusk|def|1
|-unboost|p1a: Great Tusk|spd|1
|move|p2a: Blissey|Soft-Boiled|p2a: Blissey
|-heal|p2a: Blissey|65/100
|
|upkeep
|turn|41
|
|t:|1758979542
|move|p1a: Great Tusk|Headlong Rush|p2a: Blissey
|-damage|p2a: Blissey|13/100
|-unboost|p1a: Great Tusk|def|1
|-unboost|p1a: Great Tusk|spd|1
|move|p2a: Blissey|Ice Beam|p1a: Great Tusk
|-supereffective|p1a: Great Tusk
|-damage|p1a: Great Tusk|0 fnt
|faint|p1a: Great Tusk
|-end|p1a: Great Tusk|Protosynthesis|[silent]
|
|upkeep
|
|t:|1758979546
|switch|p1a: Dragapult|Dragapult, F|100/100
|turn|42
|j| Raining Drawing
|
|t:|1758979550
|move|p1a: Dragapult|Dragon Darts|p2a: Blissey
|-damage|p2a: Blissey|0 fnt
|faint|p2a: Blissey
|
|upkeep
|
|t:|1758979557
|switch|p2a: Zamazenta|Zamazenta|65/100
|-damage|p2a: Zamazenta|48/100|[from] Spikes
|-damage|p2a: Zamazenta|42/100|[from] Stealth Rock
|turn|43
|
|t:|1758979560
|move|p1a: Dragapult|Dragon Darts|p2a: Zamazenta
|-damage|p2a: Zamazenta|27/100
|-anim|p1a: Dragapult|Dragon Darts|p2a: Zamazenta
|-damage|p2a: Zamazenta|12/100
|move|p2a: Zamazenta|Crunch|p1a: Dragapult
|-supereffective|p1a: Dragapult
|-damage|p1a: Dragapult|36/100
|-unboost|p1a: Dragapult|def|1
|
|-heal|p2a: Zamazenta|18/100|[from] item: Leftovers
|upkeep
|turn|44
|
|t:|1758979565
|move|p1a: Dragapult|Dragon Darts|p2a: Zamazenta
|-crit|p2a: Zamazenta
|-damage|p2a: Zamazenta|0 fnt
|faint|p2a: Zamazenta
|
|upkeep
|
|t:|1758979566
|switch|p2a: Iron Moth|Iron Moth, tera:Water|100/100
|turn|45
|
|t:|1758979571
|move|p1a: Dragapult|U-turn|p2a: Iron Moth
|-damage|p2a: Iron Moth|65/100
|
|t:|1758979572
|switch|p1a: Samurott|Samurott-Hisui, M|21/100 tox|[from] U-turn
|move|p2a: Iron Moth|Fiery Dance|p1a: Samurott
|-resisted|p1a: Samurott
|-damage|p1a: Samurott|1/100 tox
|-boost|p2a: Iron Moth|spa|1
|
|-damage|p1a: Samurott|0 fnt|[from] psn
|faint|p1a: Samurott
|upkeep
|
|t:|1758979574
|switch|p1a: Club Paratwice|Zapdos|100/100
|turn|46
|
|t:|1758979576
|-terastallize|p1a: Club Paratwice|Water
|move|p2a: Iron Moth|Sludge Wave|p1a: Club Paratwice
|-damage|p1a: Club Paratwice|19/100
|move|p1a: Club Paratwice|Volt Switch|p2a: Iron Moth
|-supereffective|p2a: Iron Moth
|-damage|p2a: Iron Moth|7/100
|
|t:|1758979577
|switch|p1a: Dragapult|Dragapult, F|36/100|[from] Volt Switch
|
|upkeep
|turn|47
|-message|ouww miguel o hara forfeited.
|
|win|abravioustinkaton
|raw|abravioustinkaton's rating: 1888 &rarr; <strong>1913</strong><br />(+25 for winning)
|raw|ouww miguel o hara's rating: 1983 &rarr; <strong>1958</strong><br />(-25 for losing)
|l|☆ouww miguel o hara
|player|p2|
|l| cryyysneasel
|l| cynasaurus
|l| iamfrhaan007
|j| notlena❤☾
|l| notlena❤☾
