|j|☆wobo123猫雷
|j|☆Shubway
|t:|1758972017
|gametype|singles
|player|p1|wobo123猫雷|sightseerf|1493
|player|p2|Shubway|265|1469
|gen|9
|tier|[Gen 9] OU
|rated|
|rule|HP Percentage Mod: HP is shown in percentages
|rule|Endless Battle Clause: Forcing endless battles is banned
|rule|Species Clause: Limit one of each Pokémon
|rule|OHKO Clause: OHKO moves are banned
|rule|Evasion Items Clause: Evasion items are banned
|rule|Evasion Moves Clause: Evasion moves are banned
|rule|Evasion Abilities Clause: Evasion abilities are banned
|rule|Sleep Moves Clause: Sleep-inducing moves are banned
|clearpoke
|poke|p1|Ceruledge, M|
|poke|p1|Lycanroc-Dusk, F|
|poke|p1|Great Tusk|
|poke|p1|Dragonite, M|
|poke|p1|Ogerpon-Wellspring, F|
|poke|p1|Zamazenta-*|
|poke|p2|Ceruledge, F|
|poke|p2|Araquanid, M|
|poke|p2|Serperior, M|
|poke|p2|Tinkaton, F|
|poke|p2|Toxtricity, F|
|poke|p2|Iron Valiant|
|teampreview
|inactive|Battle timer is ON: inactive players will automatically lose when time's up. (requested by Shubway)
|
|t:|1758972021
|teamsize|p1|6
|teamsize|p2|6
|start
|switch|p1a: Lycanroc|Lycanroc-Dusk, F|100/100
|switch|p2a: Tinkaton|Tinkaton, F|100/100
|-ability|p2a: Tinkaton|Mold Breaker
|-item|p2a: Tinkaton|Air Balloon
|turn|1
|
|t:|1758972024
|move|p1a: Lycanroc|Stealth Rock|p2a: Tinkaton
|-sidestart|p2: Shubway|move: Stealth Rock
|move|p2a: Tinkaton|Stealth Rock|p1a: Lycanroc
|-sidestart|p1: wobo123猫雷|move: Stealth Rock
|
|upkeep
|turn|2
|
|t:|1758972029
|move|p1a: Lycanroc|Close Combat|p2a: Tinkaton
|-damage|p2a: Tinkaton|37/100
|-unboost|p1a: Lycanroc|def|1
|-unboost|p1a: Lycanroc|spd|1
|-enditem|p2a: Tinkaton|Air Balloon
|move|p2a: Tinkaton|Gigaton Hammer|p1a: Lycanroc
|-supereffective|p1a: Lycanroc
|-enditem|p1a: Lycanroc|Focus Sash
|-damage|p1a: Lycanroc|1/100
|
|upkeep
|turn|3
|
|t:|1758972046
|switch|p2a: Ceruledge|Ceruledge, F|100/100
|-damage|p2a: Ceruledge|76/100|[from] Stealth Rock
|move|p1a: Lycanroc|Close Combat|p2a: Ceruledge
|-immune|p2a: Ceruledge
|
|-heal|p2a: Ceruledge|82/100|[from] item: Leftovers
|upkeep
|turn|4
|
|t:|1758972048
|move|p1a: Lycanroc|Accelerock|p2a: Ceruledge
|-supereffective|p2a: Ceruledge
|-damage|p2a: Ceruledge|5/100
|move|p2a: Ceruledge|Shadow Sneak|p1a: Lycanroc
|-damage|p1a: Lycanroc|0 fnt
|faint|p1a: Lycanroc
|
|-heal|p2a: Ceruledge|11/100|[from] item: Leftovers
|upkeep
|
|t:|1758972058
|switch|p1a: Zamazenta|Zamazenta|100/100
|-damage|p1a: Zamazenta|94/100|[from] Stealth Rock
|-ability|p1a: Zamazenta|Dauntless Shield|boost
|-boost|p1a: Zamazenta|def|1
|turn|5
|
|t:|1758972062
|move|p2a: Ceruledge|Shadow Sneak|p1a: Zamazenta
|-damage|p1a: Zamazenta|85/100
|move|p1a: Zamazenta|Crunch|p2a: Ceruledge
|-supereffective|p2a: Ceruledge
|-damage|p2a: Ceruledge|0 fnt
|faint|p2a: Ceruledge
|
|-heal|p1a: Zamazenta|91/100|[from] item: Leftovers
|upkeep
|
|t:|1758972072
|switch|p2a: Serperior|Serperior, M|100/100
|-damage|p2a: Serperior|88/100|[from] Stealth Rock
|turn|6
|
|t:|1758972081
|move|p1a: Zamazenta|Body Press|p2a: Serperior
|-damage|p2a: Serperior|21/100
|move|p2a: Serperior|Glare|p1a: Zamazenta
|-status|p1a: Zamazenta|par
|
|-heal|p2a: Serperior|27/100|[from] item: Leftovers
|-heal|p1a: Zamazenta|97/100 par|[from] item: Leftovers
|upkeep
|turn|7
|
|t:|1758972084
|move|p2a: Serperior|Leaf Storm|p1a: Zamazenta
|-damage|p1a: Zamazenta|58/100 par
|-boost|p2a: Serperior|spa|2
|cant|p1a: Zamazenta|par
|
|-heal|p2a: Serperior|33/100|[from] item: Leftovers
|-heal|p1a: Zamazenta|64/100 par|[from] item: Leftovers
|upkeep
|turn|8
|
|t:|1758972087
|move|p2a: Serperior|Leaf Storm|p1a: Zamazenta
|-damage|p1a: Zamazenta|0 fnt
|-boost|p2a: Serperior|spa|2
|faint|p1a: Zamazenta
|
|-heal|p2a: Serperior|40/100|[from] item: Leftovers
|upkeep
|
|t:|1758972100
|switch|p1a: Ceruledge|Ceruledge, M|100/100
|-damage|p1a: Ceruledge|76/100|[from] Stealth Rock
|turn|9
|
|t:|1758972107
|move|p2a: Serperior|Dragon Pulse|p1a: Ceruledge
|-damage|p1a: Ceruledge|0 fnt
|faint|p1a: Ceruledge
|
|-heal|p2a: Serperior|46/100|[from] item: Leftovers
|upkeep
|
|t:|1758972113
|switch|p1a: Dragonite|Dragonite, M|100/100
|turn|10
|
|t:|1758972118
|move|p2a: Serperior|Glare|p1a: Dragonite
|-status|p1a: Dragonite|par
|cant|p1a: Dragonite|par
|
|-heal|p2a: Serperior|52/100|[from] item: Leftovers
|upkeep
|turn|11
|
|t:|1758972122
|move|p2a: Serperior|Dragon Pulse|p1a: Dragonite
|-supereffective|p1a: Dragonite
|-damage|p1a: Dragonite|34/100 par
|move|p1a: Dragonite|Outrage|p2a: Serperior
|-damage|p2a: Serperior|0 fnt
|faint|p2a: Serperior
|
|upkeep
|
|t:|1758972127
|switch|p2a: Tinkaton|Tinkaton, F|37/100
|-damage|p2a: Tinkaton|31/100|[from] Stealth Rock
|-ability|p2a: Tinkaton|Mold Breaker
|turn|12
|
|t:|1758972132
|move|p2a: Tinkaton|Gigaton Hammer|p1a: Dragonite
|-damage|p1a: Dragonite|0 fnt
|faint|p1a: Dragonite
|
|upkeep
|
|t:|1758972134
|switch|p1a: Great Tusk|Great Tusk|100/100
|turn|13
|
|t:|1758972140
|move|p2a: Tinkaton|Knock Off|p1a: Great Tusk
|-resisted|p1a: Great Tusk
|-damage|p1a: Great Tusk|92/100
|-enditem|p1a: Great Tusk|Heavy-Duty Boots|[from] move: Knock Off|[of] p2a: Tinkaton
|move|p1a: Great Tusk|Rapid Spin|p2a: Tinkaton
|-resisted|p2a: Tinkaton
|-damage|p2a: Tinkaton|19/100
|-boost|p1a: Great Tusk|spe|1
|-sideend|p1: wobo123猫雷|Stealth Rock|[from] move: Rapid Spin|[of] p1a: Great Tusk
|
|upkeep
|turn|14
|
|t:|1758972149
|move|p1a: Great Tusk|Ice Spinner|p2a: Tinkaton
|-resisted|p2a: Tinkaton
|-damage|p2a: Tinkaton|0 fnt
|faint|p2a: Tinkaton
|
|upkeep
|
|t:|1758972152
|switch|p2a: Iron Valiant|Iron Valiant|100/100
|-damage|p2a: Iron Valiant|94/100|[from] Stealth Rock
|-enditem|p2a: Iron Valiant|Booster Energy
|-activate|p2a: Iron Valiant|ability: Quark Drive|[fromitem]
|-start|p2a: Iron Valiant|quarkdrivespe
|turn|15
|
|t:|1758972166
|-terastallize|p1a: Great Tusk|Steel
|move|p2a: Iron Valiant|Moonblast|p1a: Great Tusk
|-resisted|p1a: Great Tusk
|-damage|p1a: Great Tusk|54/100
|move|p1a: Great Tusk|Rapid Spin|p2a: Iron Valiant
|-damage|p2a: Iron Valiant|71/100
|-boost|p1a: Great Tusk|spe|1
|
|upkeep
|turn|16
|
|t:|1758972172
|move|p2a: Iron Valiant|Vacuum Wave|p1a: Great Tusk
|-supereffective|p1a: Great Tusk
|-damage|p1a: Great Tusk|0 fnt
|faint|p1a: Great Tusk
|-end|p1a: Great Tusk|Protosynthesis|[silent]
|
|upkeep
|
|t:|1758972175
|switch|p1a: Ogerpon|Ogerpon-Wellspring, F|100/100
|turn|17
|
|t:|1758972181
|move|p2a: Iron Valiant|Moonblast|p1a: Ogerpon
|-damage|p1a: Ogerpon|45/100
|move|p1a: Ogerpon|Ivy Cudgel|p2a: Iron Valiant|[anim] Ivy Cudgel Water
|-damage|p2a: Iron Valiant|0 fnt
|faint|p2a: Iron Valiant
|-end|p2a: Iron Valiant|Quark Drive|[silent]
|
|upkeep
|
|t:|1758972185
|switch|p2a: Araquanid|Araquanid, M, shiny|100/100
|-damage|p2a: Araquanid|75/100|[from] Stealth Rock
|turn|18
|
|t:|1758972188
|move|p1a: Ogerpon|Power Whip|p2a: Araquanid
|-damage|p2a: Araquanid|0 fnt
|faint|p2a: Araquanid
|
|upkeep
|
|t:|1758972190
|switch|p2a: Toxtricity|Toxtricity, F|100/100
|-damage|p2a: Toxtricity|88/100|[from] Stealth Rock
|turn|19
|
|t:|1758972197
|move|p1a: Ogerpon|Ivy Cudgel|p2a: Toxtricity|[anim] Ivy Cudgel Water
|-damage|p2a: Toxtricity|0 fnt
|faint|p2a: Toxtricity
|
|win|wobo123猫雷
|raw|wobo123猫雷's rating: 1493 &rarr; <strong>1512</strong><br />(+19 for winning)
|raw|Shubway's rating: 1469 &rarr; <strong>1450</strong><br />(-19 for losing)
|l|☆Shubway
|player|p2|
|l|☆wobo123猫雷
|player|p1|
