|j|☆apotato135
|j|☆syk1307
|t:|1758992328
|gametype|singles
|player|p1|apotato135|swimmer-gen4dp|1490
|player|p2|syk1307|giovanni|1520
|gen|9
|tier|[Gen 9] OU
|rated|
|rule|HP Percentage Mod: HP is shown in percentages
|rule|Endless Battle Clause: Forcing endless battles is banned
|rule|Species Clause: Limit one of each Pokémon
|rule|OHKO Clause: OHKO moves are banned
|rule|Evasion Items Clause: Evasion items are banned
|rule|Evasion Moves Clause: Evasion moves are banned
|rule|Evasion Abilities Clause: Evasion abilities are banned
|rule|Sleep Moves Clause: Sleep-inducing moves are banned
|clearpoke
|poke|p1|Ninetales-Alola, M|
|poke|p1|Kyurem|
|poke|p1|Primeape, M|
|poke|p1|Enamorus, F|
|poke|p1|Moltres-Galar|
|poke|p1|Iron Treads|
|poke|p2|Jolteon, M|
|poke|p2|Gyarados, M|
|poke|p2|Arcanine, M|
|poke|p2|Scizor, M|
|poke|p2|Corviknight, M|
|poke|p2|Mew|
|teampreview
|inactive|Battle timer is ON: inactive players will automatically lose when time's up. (requested by apotato135)
|inactive|syk1307 has 120 seconds left.
|
|t:|1758992421
|teamsize|p1|6
|teamsize|p2|6
|start
|switch|p1a: Iron Treads|Iron Treads|100/100
|switch|p2a: Scizor|Scizor, M|100/100
|-enditem|p1a: Iron Treads|Booster Energy
|-activate|p1a: Iron Treads|ability: Quark Drive|[fromitem]
|-start|p1a: Iron Treads|quarkdrivespe
|turn|1
|
|t:|1758992429
|move|p1a: Iron Treads|Stealth Rock|p2a: Scizor
|-sidestart|p2: syk1307|move: Stealth Rock
|move|p2a: Scizor|U-turn|p1a: Iron Treads
|-resisted|p1a: Iron Treads
|-damage|p1a: Iron Treads|73/100
|
|t:|1758992435
|switch|p2a: Corviknight|Corviknight, M|100/100|[from] U-turn
|-damage|p2a: Corviknight|88/100|[from] Stealth Rock
|
|upkeep
|turn|2
|
|t:|1758992439
|-end|p1a: Iron Treads|Quark Drive|[silent]
|switch|p1a: Primeape|Primeape, M|100/100
|move|p2a: Corviknight|Defog|p1a: Primeape
|-unboost|p1a: Primeape|evasion|1
|-ability|p1a: Primeape|Defiant|boost
|-boost|p1a: Primeape|atk|2
|-sideend|p2: syk1307|Stealth Rock|[from] move: Defog|[of] p2a: Corviknight
|
|upkeep
|turn|3
|
|t:|1758992446
|move|p1a: Primeape|Taunt|p2a: Corviknight
|-start|p2a: Corviknight|move: Taunt
|move|p2a: Corviknight|U-turn|p1a: Primeape
|-resisted|p1a: Primeape
|-damage|p1a: Primeape|93/100
|
|t:|1758992453
|switch|p2a: Jolteon|Jolteon, M|100/100|[from] U-turn
|
|upkeep
|turn|4
|
|t:|1758992457
|move|p2a: Jolteon|Alluring Voice|p1a: Primeape
|-supereffective|p1a: Primeape
|-damage|p1a: Primeape|45/100
|move|p1a: Primeape|Taunt|p2a: Jolteon
|-start|p2a: Jolteon|move: Taunt
|
|upkeep
|turn|5
|
|t:|1758992465
|switch|p2a: Corviknight|Corviknight, M|88/100
|-terastallize|p1a: Primeape|Fire
|move|p1a: Primeape|Drain Punch|p2a: Corviknight
|-damage|p2a: Corviknight|55/100
|-heal|p1a: Primeape|65/100|[from] drain|[of] p2a: Corviknight
|-damage|p1a: Primeape|48/100|[from] item: Rocky Helmet|[of] p2a: Corviknight
|
|upkeep
|turn|6
|
|t:|1758992478
|move|p1a: Primeape|Bulk Up|p1a: Primeape
|-boost|p1a: Primeape|atk|1
|-boost|p1a: Primeape|def|1
|move|p2a: Corviknight|Roost|p2a: Corviknight
|-heal|p2a: Corviknight|100/100
|-singleturn|p2a: Corviknight|move: Roost
|
|upkeep
|turn|7
|
|t:|1758992485
|move|p1a: Primeape|Taunt|p2a: Corviknight
|-start|p2a: Corviknight|move: Taunt
|move|p2a: Corviknight|U-turn|p1a: Primeape
|-resisted|p1a: Primeape
|-damage|p1a: Primeape|43/100
|inactive|syk1307 has 120 seconds left.
|
|t:|1758992535
|switch|p2a: Gyarados|Gyarados, M|100/100|[from] U-turn
|
|upkeep
|turn|8
|
|t:|1758992544
|switch|p1a: Ninetales|Ninetales-Alola, M|100/100
|-weather|Snowscape|[from] ability: Snow Warning|[of] p1a: Ninetales
|move|p2a: Gyarados|Waterfall|p1a: Ninetales
|-damage|p1a: Ninetales|65/100
|
|-weather|Snowscape|[upkeep]
|upkeep
|turn|9
|
|t:|1758992551
|switch|p1a: Moltres|Moltres-Galar|100/100
|switch|p2a: Scizor|Scizor, M|100/100
|
|-weather|Snowscape|[upkeep]
|upkeep
|turn|10
|inactive|syk1307 has 120 seconds left.
|
|t:|1758992560
|move|p1a: Moltres|Nasty Plot|p1a: Moltres
|-boost|p1a: Moltres|spa|2
|move|p2a: Scizor|U-turn|p1a: Moltres
|-damage|p1a: Moltres|26/100
|-ability|p1a: Moltres|Berserk|boost
|-boost|p1a: Moltres|spa|1
|-enditem|p1a: Moltres|Sitrus Berry|[eat]
|-heal|p1a: Moltres|51/100|[from] item: Sitrus Berry
|inactive|syk1307 has 120 seconds left.
|
|t:|1758992569
|switch|p2a: Jolteon|Jolteon, M|100/100|[from] U-turn
|
|-weather|Snowscape|[upkeep]
|upkeep
|turn|11
|
|t:|1758992577
|switch|p1a: Iron Treads|Iron Treads|73/100
|move|p2a: Jolteon|Volt Switch|p1a: Iron Treads
|-immune|p1a: Iron Treads
|
|-weather|Snowscape|[upkeep]
|upkeep
|turn|12
|
|t:|1758992592
|switch|p2a: Corviknight|Corviknight, M|100/100
|-end|p1a: Iron Treads|Quark Drive|[silent]
|switch|p1a: Moltres|Moltres-Galar|51/100
|
|-weather|none
|upkeep
|turn|13
|
|t:|1758992598
|move|p1a: Moltres|Agility|p1a: Moltres
|-boost|p1a: Moltres|spe|2
|move|p2a: Corviknight|U-turn|p1a: Moltres
|-damage|p1a: Moltres|35/100
|-ability|p1a: Moltres|Berserk|boost
|-boost|p1a: Moltres|spa|1
|
|t:|1758992610
|switch|p2a: Scizor|Scizor, M|100/100|[from] U-turn
|
|upkeep
|turn|14
|
|t:|1758992614
|move|p2a: Scizor|Bullet Punch|p1a: Moltres
|-damage|p1a: Moltres|0 fnt
|faint|p1a: Moltres
|
|upkeep
|
|t:|1758992622
|switch|p1a: Primeape|Primeape, M, tera:Fire|43/100
|turn|15
|
|t:|1758992631
|switch|p1a: Enamorus|Enamorus, F|100/100
|switch|p2a: Gyarados|Gyarados, M|100/100
|
|upkeep
|turn|16
|
|t:|1758992640
|switch|p2a: Jolteon|Jolteon, M|100/100
|move|p1a: Enamorus|Moonblast|p2a: Jolteon
|-damage|p2a: Jolteon|31/100
|
|upkeep
|turn|17
|
|t:|1758992647
|move|p1a: Enamorus|Moonblast|p2a: Jolteon
|-damage|p2a: Jolteon|0 fnt
|faint|p2a: Jolteon
|
|upkeep
|
|t:|1758992653
|switch|p2a: Arcanine|Arcanine, M|100/100
|turn|18
|
|t:|1758992665
|switch|p1a: Iron Treads|Iron Treads|73/100
|move|p2a: Arcanine|Flare Blitz|p1a: Iron Treads
|-supereffective|p1a: Iron Treads
|-damage|p1a: Iron Treads|0 fnt
|faint|p1a: Iron Treads
|-end|p1a: Iron Treads|Quark Drive|[silent]
|-damage|p2a: Arcanine|77/100|[from] Recoil
|
|upkeep
|
|t:|1758992668
|switch|p1a: Kyurem|Kyurem|100/100
|-ability|p1a: Kyurem|Pressure
|turn|19
|
|t:|1758992685
|move|p2a: Arcanine|Flare Blitz|p1a: Kyurem
|-damage|p1a: Kyurem|16/100
|-status|p1a: Kyurem|brn
|-damage|p2a: Arcanine|42/100|[from] Recoil
|move|p1a: Kyurem|Icicle Spear|p2a: Arcanine
|-resisted|p2a: Arcanine
|-damage|p2a: Arcanine|37/100
|-resisted|p2a: Arcanine
|-damage|p2a: Arcanine|33/100
|-resisted|p2a: Arcanine
|-damage|p2a: Arcanine|28/100
|-resisted|p2a: Arcanine
|-damage|p2a: Arcanine|24/100
|-hitcount|p2a: Arcanine|4
|
|-damage|p1a: Kyurem|10/100 brn|[from] brn
|upkeep
|turn|20
|
|t:|1758992702
|switch|p2a: Corviknight|Corviknight, M|100/100
|move|p1a: Kyurem|Icicle Spear|p2a: Corviknight
|-damage|p2a: Corviknight|96/100
|-damage|p2a: Corviknight|92/100
|-damage|p2a: Corviknight|88/100
|-damage|p2a: Corviknight|83/100
|-damage|p2a: Corviknight|79/100
|-hitcount|p2a: Corviknight|5
|
|-damage|p1a: Kyurem|4/100 brn|[from] brn
|upkeep
|turn|21
|
|t:|1758992716
|move|p1a: Kyurem|Icicle Spear|p2a: Corviknight
|-damage|p2a: Corviknight|74/100
|-damage|p2a: Corviknight|70/100
|-damage|p2a: Corviknight|66/100
|-damage|p2a: Corviknight|62/100
|-damage|p2a: Corviknight|57/100
|-hitcount|p2a: Corviknight|5
|move|p2a: Corviknight|U-turn|p1a: Kyurem
|-damage|p1a: Kyurem|0 fnt
|faint|p1a: Kyurem
|
|t:|1758992734
|switch|p2a: Arcanine|Arcanine, M|24/100|[from] U-turn
|
|upkeep
|
|t:|1758992738
|switch|p1a: Enamorus|Enamorus, F|100/100
|turn|22
|
|t:|1758992746
|move|p2a: Arcanine|Extreme Speed|p1a: Enamorus
|-crit|p1a: Enamorus
|-damage|p1a: Enamorus|8/100
|move|p1a: Enamorus|Healing Wish|p1a: Enamorus
|faint|p1a: Enamorus
|
|upkeep
|
|t:|1758992753
|switch|p1a: Primeape|Primeape, M, tera:Fire|43/100
|-heal|p1a: Primeape|100/100|[from] move: Healing Wish
|turn|23
|
|t:|1758992758
|switch|p2a: Corviknight|Corviknight, M|57/100
|switch|p1a: Ninetales|Ninetales-Alola, M|65/100
|-weather|Snowscape|[from] ability: Snow Warning|[of] p1a: Ninetales
|
|-weather|Snowscape|[upkeep]
|upkeep
|turn|24
|
|t:|1758992768
|move|p1a: Ninetales|Freeze-Dry|p2a: Corviknight
|-damage|p2a: Corviknight|35/100
|move|p2a: Corviknight|Roost|p2a: Corviknight
|-heal|p2a: Corviknight|85/100
|-singleturn|p2a: Corviknight|move: Roost
|
|-weather|Snowscape|[upkeep]
|upkeep
|turn|25
|
|t:|1758992776
|move|p1a: Ninetales|Encore|p2a: Corviknight
|-start|p2a: Corviknight|Encore
|move|p2a: Corviknight|Roost|p2a: Corviknight
|-heal|p2a: Corviknight|100/100
|-singleturn|p2a: Corviknight|move: Roost
|
|-weather|Snowscape|[upkeep]
|upkeep
|turn|26
|
|t:|1758992784
|switch|p2a: Scizor|Scizor, M|100/100
|move|p1a: Ninetales|Aurora Veil|p1a: Ninetales
|-sidestart|p1: apotato135|move: Aurora Veil
|
|-weather|Snowscape|[upkeep]
|upkeep
|turn|27
|
|t:|1758992790
|switch|p1a: Primeape|Primeape, M, tera:Fire|100/100
|move|p2a: Scizor|Defog|p1a: Primeape
|-unboost|p1a: Primeape|evasion|1
|-ability|p1a: Primeape|Defiant|boost
|-boost|p1a: Primeape|atk|2
|-sideend|p1: apotato135|move: Aurora Veil
|
|-weather|none
|upkeep
|turn|28
|
|t:|1758992800
|switch|p2a: Corviknight|Corviknight, M|100/100
|move|p1a: Primeape|Bulk Up|p1a: Primeape
|-boost|p1a: Primeape|atk|1
|-boost|p1a: Primeape|def|1
|
|upkeep
|turn|29
|
|t:|1758992810
|move|p1a: Primeape|Bulk Up|p1a: Primeape
|-boost|p1a: Primeape|atk|1
|-boost|p1a: Primeape|def|1
|move|p2a: Corviknight|U-turn|p1a: Primeape
|-resisted|p1a: Primeape
|-damage|p1a: Primeape|97/100
|
|t:|1758992816
|switch|p2a: Gyarados|Gyarados, M|100/100|[from] U-turn
|
|upkeep
|turn|30
|
|t:|1758992820
|move|p2a: Gyarados|Waterfall|p1a: Primeape
|-supereffective|p1a: Primeape
|-damage|p1a: Primeape|48/100
|move|p1a: Primeape|Rage Fist|p2a: Gyarados
|-damage|p2a: Gyarados|0 fnt
|faint|p2a: Gyarados
|
|upkeep
|
|t:|1758992829
|switch|p2a: Arcanine|Arcanine, M|24/100
|turn|31
|
|t:|1758992834
|move|p2a: Arcanine|Extreme Speed|p1a: Primeape
|-damage|p1a: Primeape|27/100
|move|p1a: Primeape|Drain Punch|p2a: Arcanine
|-damage|p2a: Arcanine|0 fnt
|-heal|p1a: Primeape|38/100|[from] drain|[of] p2a: Arcanine
|faint|p2a: Arcanine
|
|upkeep
|inactive|syk1307 has 120 seconds left.
|
|t:|1758992884
|switch|p2a: Mew|Mew, shiny|100/100
|turn|32
|
|t:|1758992903
|-terastallize|p2a: Mew|Fairy
|move|p2a: Mew|Psychic|p1a: Primeape
|-damage|p1a: Primeape|18/100
|move|p1a: Primeape|Rage Fist|p2a: Mew
|-damage|p2a: Mew|0 fnt
|faint|p2a: Mew
|
|upkeep
|
|t:|1758992911
|switch|p2a: Scizor|Scizor, M|100/100
|turn|33
|
|t:|1758992914
|switch|p2a: Corviknight|Corviknight, M|100/100
|move|p1a: Primeape|Drain Punch|p2a: Corviknight
|-damage|p2a: Corviknight|56/100
|-heal|p1a: Primeape|45/100|[from] drain|[of] p2a: Corviknight
|-damage|p1a: Primeape|28/100|[from] item: Rocky Helmet|[of] p2a: Corviknight
|
|upkeep
|turn|34
|inactive|syk1307 has 120 seconds left.
|
|t:|1758992921
|move|p1a: Primeape|Drain Punch|p2a: Corviknight
|-damage|p2a: Corviknight|10/100
|-heal|p1a: Primeape|56/100|[from] drain|[of] p2a: Corviknight
|-damage|p1a: Primeape|39/100|[from] item: Rocky Helmet|[of] p2a: Corviknight
|move|p2a: Corviknight|Body Press|p1a: Primeape
|-damage|p1a: Primeape|25/100
|
|upkeep
|turn|35
|-message|syk1307 forfeited.
|
|win|apotato135
|raw|apotato135's rating: 1490 &rarr; <strong>1512</strong><br />(+22 for winning)
|raw|syk1307's rating: 1520 &rarr; <strong>1498</strong><br />(-22 for losing)
|l|☆syk1307
|player|p2|
|l|☆apotato135
|player|p1|
