|badge|p1|bronze|gen9ou|100-6
|uhtml|medal-msg|<div class="broadcast-blue">Curious what those medals under the avatar are? PS now has Ladder Seasons! For more information, check out the <a href="https://www.smogon.com/forums/threads/3740067/">thread on Smogon.</a></div>
|j|☆winslowyoudog
|j|☆Obito 2001
|t:|1758917744
|gametype|singles
|player|p1|winslowyoudog|102|1825
|player|p2|Obito 2001|blue-gen3two|1705
|gen|9
|tier|[Gen 9] OU
|rated|
|rule|HP Percentage Mod: HP is shown in percentages
|rule|Endless Battle Clause: Forcing endless battles is banned
|rule|Species Clause: Limit one of each Pokémon
|rule|OHKO Clause: OHKO moves are banned
|rule|Evasion Items Clause: Evasion items are banned
|rule|Evasion Moves Clause: Evasion moves are banned
|rule|Evasion Abilities Clause: Evasion abilities are banned
|rule|Sleep Moves Clause: Sleep-inducing moves are banned
|clearpoke
|poke|p1|Darkrai|
|poke|p1|Enamorus, F|
|poke|p1|Cinderace, F|
|poke|p1|Great Tusk|
|poke|p1|Alomomola, M|
|poke|p1|Amoonguss, M|
|poke|p2|Alcremie-Salted-Cream, F|
|poke|p2|Tornadus-Therian, M|
|poke|p2|Ursaluna, M|
|poke|p2|Weezing-Galar, F|
|poke|p2|Dragapult, M|
|poke|p2|Dragonite, F|
|teampreview
|inactive|Battle timer is ON: inactive players will automatically lose when time's up. (requested by Obito 2001)
|
|t:|1758917755
|teamsize|p1|6
|teamsize|p2|6
|start
|switch|p1a: Darkrai|Darkrai|100/100
|switch|p2a: Tornadus|Tornadus-Therian, M|100/100
|turn|1
|
|t:|1758917776
|move|p1a: Darkrai|Knock Off|p2a: Tornadus
|-damage|p2a: Tornadus|65/100
|-enditem|p2a: Tornadus|Heavy-Duty Boots|[from] move: Knock Off|[of] p1a: Darkrai
|move|p2a: Tornadus|U-turn|p1a: Darkrai
|-supereffective|p1a: Darkrai
|-damage|p1a: Darkrai|59/100
|
|t:|1758917778
|switch|p2a: 👻DraGhost🐉|Dragapult, M|100/100|[from] U-turn
|
|upkeep
|turn|2
|
|t:|1758917791
|switch|p1a: Alomomola|Alomomola, M|100/100
|move|p2a: 👻DraGhost🐉|Dragon Darts|p1a: Alomomola
|-crit|p1a: Alomomola
|-damage|p1a: Alomomola|78/100
|-anim|p2a: 👻DraGhost🐉|Dragon Darts|p1a: Alomomola
|-crit|p1a: Alomomola
|-damage|p1a: Alomomola|56/100
|
|upkeep
|turn|3
|
|t:|1758917804
|switch|p2a: Fk hazard noobs|Weezing-Galar, F|100/100
|-ability|p2a: Fk hazard noobs|Neutralizing Gas
|move|p1a: Alomomola|Flip Turn|p2a: Fk hazard noobs
|-crit|p2a: Fk hazard noobs
|-damage|p2a: Fk hazard noobs|83/100
|
|t:|1758917818
|switch|p1a: Enamorus|Enamorus, F|100/100|[from] Flip Turn
|
|upkeep
|turn|4
|j| IM AT MY LIMIT
|
|t:|1758917823
|-end|p2a: Fk hazard noobs|ability: Neutralizing Gas
|switch|p2a: Tornadus|Tornadus-Therian, M|98/100
|move|p1a: Enamorus|Moonblast|p2a: Tornadus
|-damage|p2a: Tornadus|24/100
|-unboost|p2a: Tornadus|spa|1
|
|upkeep
|turn|5
|
|t:|1758917833
|move|p2a: Tornadus|Bleakwind Storm|p1a: Enamorus
|-damage|p1a: Enamorus|62/100
|move|p1a: Enamorus|Moonblast|p2a: Tornadus
|-damage|p2a: Tornadus|0 fnt
|faint|p2a: Tornadus
|
|upkeep
|l| IM AT MY LIMIT
|
|t:|1758917843
|switch|p2a: Brock Lesnar|Ursaluna, M|100/100
|turn|6
|
|t:|1758917851
|move|p1a: Enamorus|Moonblast|p2a: Brock Lesnar
|-damage|p2a: Brock Lesnar|28/100
|move|p2a: Brock Lesnar|Facade|p1a: Enamorus
|-damage|p1a: Enamorus|0 fnt
|faint|p1a: Enamorus
|
|-status|p2a: Brock Lesnar|brn|[from] item: Flame Orb
|upkeep
|j| 12723 Dong
|inactive|winslowyoudog has 120 seconds left.
|
|t:|1758917883
|switch|p1a: Cinderace|Cinderace, F|100/100
|turn|7
|
|t:|1758917896
|move|p1a: Cinderace|Pyro Ball|p2a: Brock Lesnar
|-damage|p2a: Brock Lesnar|0 fnt
|faint|p2a: Brock Lesnar
|
|upkeep
|
|t:|1758917907
|switch|p2a: 👻DraGhost🐉|Dragapult, M|100/100
|turn|8
|
|t:|1758917926
|move|p2a: 👻DraGhost🐉|Dragon Darts|p1a: Cinderace
|-damage|p1a: Cinderace|74/100
|-anim|p2a: 👻DraGhost🐉|Dragon Darts|p1a: Cinderace
|-damage|p1a: Cinderace|47/100
|move|p1a: Cinderace|Will-O-Wisp|p2a: 👻DraGhost🐉
|-status|p2a: 👻DraGhost🐉|brn
|
|-damage|p2a: 👻DraGhost🐉|94/100 brn|[from] brn
|upkeep
|turn|9
|
|t:|1758917939
|move|p2a: 👻DraGhost🐉|Light Screen|p2a: 👻DraGhost🐉
|-sidestart|p2: Obito 2001|move: Light Screen
|move|p1a: Cinderace|U-turn|p2a: 👻DraGhost🐉
|-start|p1a: Cinderace|typechange|Bug|[from] ability: Libero
|-resisted|p2a: 👻DraGhost🐉
|-damage|p2a: 👻DraGhost🐉|79/100 brn
|inactive|winslowyoudog has 120 seconds left.
|
|t:|1758917955
|switch|p1a: Great Tusk|Great Tusk|100/100|[from] U-turn
|
|-damage|p2a: 👻DraGhost🐉|73/100 brn|[from] brn
|upkeep
|turn|10
|
|t:|1758917960
|move|p1a: Great Tusk|Knock Off|p2a: 👻DraGhost🐉
|-supereffective|p2a: 👻DraGhost🐉
|-damage|p2a: 👻DraGhost🐉|0 fnt
|-start|p1a: Great Tusk|Disable|Knock Off|[from] ability: Cursed Body|[of] p2a: 👻DraGhost🐉
|-enditem|p2a: 👻DraGhost🐉|Light Clay|[from] move: Knock Off|[of] p1a: Great Tusk
|faint|p2a: 👻DraGhost🐉
|
|upkeep
|
|t:|1758917962
|switch|p2a: OG👑|Dragonite, F|100/100
|turn|11
|
|t:|1758917964
|-end|p1a: Great Tusk|Protosynthesis|[silent]
|switch|p1a: Amoonguss|Amoonguss, M|100/100
|move|p2a: OG👑|Dragon Dance|p2a: OG👑
|-boost|p2a: OG👑|atk|1
|-boost|p2a: OG👑|spe|1
|
|upkeep
|turn|12
|
|t:|1758917972
|-terastallize|p1a: Amoonguss|Fairy
|move|p2a: OG👑|Substitute|p2a: OG👑
|-start|p2a: OG👑|Substitute
|-damage|p2a: OG👑|76/100
|move|p1a: Amoonguss|Toxic||[still]
|-fail|p1a: Amoonguss
|
|-heal|p2a: OG👑|82/100|[from] item: Leftovers
|upkeep
|turn|13
|c|☆winslowyoudog|gg
|
|t:|1758917980
|move|p2a: OG👑|Dragon Dance|p2a: OG👑
|-boost|p2a: OG👑|atk|1
|-boost|p2a: OG👑|spe|1
|move|p1a: Amoonguss|Foul Play|p2a: OG👑
|-end|p2a: OG👑|Substitute
|
|-heal|p2a: OG👑|88/100|[from] item: Leftovers
|upkeep
|turn|14
|
|t:|1758917988
|-terastallize|p2a: OG👑|Flying
|move|p2a: OG👑|Tera Blast|p1a: Amoonguss|[anim] Tera Blast Flying
|-damage|p1a: Amoonguss|9/100
|move|p1a: Amoonguss|Foul Play|p2a: OG👑
|-damage|p2a: OG👑|8/100
|
|-heal|p2a: OG👑|14/100|[from] item: Leftovers
|upkeep
|turn|15
|
|t:|1758918014
|switch|p1a: Cinderace|Cinderace, F|47/100
|move|p2a: OG👑|Tera Blast|p1a: Cinderace|[anim] Tera Blast Flying
|-damage|p1a: Cinderace|0 fnt
|faint|p1a: Cinderace
|
|-heal|p2a: OG👑|20/100|[from] item: Leftovers
|upkeep
|inactive|winslowyoudog has 120 seconds left.
|
|t:|1758918025
|switch|p1a: Amoonguss|Amoonguss, M, tera:Fairy|42/100
|turn|16
|
|t:|1758918033
|switch|p1a: Darkrai|Darkrai|59/100
|move|p2a: OG👑|Tera Blast|p1a: Darkrai|[anim] Tera Blast Flying
|-damage|p1a: Darkrai|0 fnt
|faint|p1a: Darkrai
|
|-heal|p2a: OG👑|27/100|[from] item: Leftovers
|-sideend|p2: Obito 2001|move: Light Screen
|upkeep
|
|t:|1758918037
|switch|p1a: Amoonguss|Amoonguss, M, tera:Fairy|75/100
|turn|17
|
|t:|1758918043
|move|p2a: OG👑|Tera Blast|p1a: Amoonguss|[anim] Tera Blast Flying
|-damage|p1a: Amoonguss|0 fnt
|faint|p1a: Amoonguss
|
|-heal|p2a: OG👑|33/100|[from] item: Leftovers
|upkeep
|-message|winslowyoudog forfeited.
|
|win|Obito 2001
|raw|winslowyoudog's rating: 1825 &rarr; <strong>1798</strong><br />(-27 for losing)
|raw|Obito 2001's rating: 1705 &rarr; <strong>1732</strong><br />(+27 for winning)
|l|☆winslowyoudog
|player|p1|
|l| 12723 Dong
|l|☆Obito 2001
|player|p2|
