|j|☆Random_UserFr
|j|☆roronoagrzgrfv
|t:|1759004429
|gametype|singles
|player|p1|Random_UserFr|riley|1078
|player|p2|roronoagrzgrfv|ltsurge|1102
|gen|9
|tier|[Gen 9] OU
|rated|
|rule|HP Percentage Mod: HP is shown in percentages
|rule|Endless Battle Clause: Forcing endless battles is banned
|rule|Species Clause: Limit one of each Pokémon
|rule|OHKO Clause: OHKO moves are banned
|rule|Evasion Items Clause: Evasion items are banned
|rule|Evasion Moves Clause: Evasion moves are banned
|rule|Evasion Abilities Clause: Evasion abilities are banned
|rule|Sleep Moves Clause: Sleep-inducing moves are banned
|clearpoke
|poke|p1|Umbreon, M|
|poke|p1|Gholdengo|
|poke|p1|Rillaboom, F|
|poke|p1|Glimmora, F|
|poke|p1|Great Tusk|
|poke|p1|Zapdos|
|poke|p2|Raging Bolt|
|poke|p2|Honchkrow, F|
|poke|p2|Hatterene, F|
|poke|p2|Arboliva, F|
|poke|p2|Dondozo, F|
|poke|p2|Blissey, F|
|teampreview
|
|t:|1759004436
|teamsize|p1|6
|teamsize|p2|6
|start
|switch|p1a: Glimmora|Glimmora, F, shiny|100/100
|switch|p2a: Hatterene|Hatterene, F|100/100
|turn|1
|
|t:|1759004450
|switch|p1a: Gholdengo|Gholdengo, shiny|100/100
|move|p2a: Hatterene|Trick Room|p2a: Hatterene
|-fieldstart|move: Trick Room|[of] p2a: Hatterene
|
|upkeep
|turn|2
|
|t:|1759004465
|move|p2a: Hatterene|Misty Explosion|p1a: Gholdengo
|-resisted|p1a: Gholdengo
|-damage|p1a: Gholdengo|75/100
|faint|p2a: Hatterene
|move|p1a: Gholdengo|Trick|p2: Hatterene|[notarget]
|-fail|p1a: Gholdengo
|
|upkeep
|
|t:|1759004473
|switch|p2a: Honchkrow|Honchkrow, F, shiny|100/100
|-enditem|p2a: Honchkrow|Room Service
|-unboost|p2a: Honchkrow|spe|1|[from] item: Room Service
|turn|3
|
|t:|1759004485
|switch|p1a: Glimmora|Glimmora, F, shiny|100/100
|-terastallize|p2a: Honchkrow|Ground
|move|p2a: Honchkrow|Tera Blast|p1a: Glimmora|[anim] Tera Blast Ground
|-supereffective|p1a: Glimmora
|-enditem|p1a: Glimmora|Focus Sash
|-damage|p1a: Glimmora|1/100
|-activate|p1a: Glimmora|ability: Toxic Debris
|-sidestart|p2: roronoagrzgrfv|move: Toxic Spikes
|
|upkeep
|turn|4
|
|t:|1759004507
|move|p2a: Honchkrow|Night Slash|p1a: Glimmora
|-damage|p1a: Glimmora|0 fnt
|-activate|p1a: Glimmora|ability: Toxic Debris
|-sidestart|p2: roronoagrzgrfv|move: Toxic Spikes
|faint|p1a: Glimmora
|-ability|p2a: Honchkrow|Moxie|boost
|-boost|p2a: Honchkrow|atk|1
|
|upkeep
|
|t:|1759004522
|switch|p1a: Rillaboom|Rillaboom, F, shiny|100/100
|-fieldstart|move: Grassy Terrain|[from] ability: Grassy Surge|[of] p1a: Rillaboom
|turn|5
|
|t:|1759004528
|move|p1a: Rillaboom|Grassy Glide|p2a: Honchkrow
|-supereffective|p2a: Honchkrow
|-damage|p2a: Honchkrow|0 fnt
|faint|p2a: Honchkrow
|
|-fieldend|move: Trick Room
|upkeep
|
|t:|1759004539
|switch|p2a: Blissey|Blissey, F|100/100
|-status|p2a: Blissey|tox
|turn|6
|
|t:|1759004549
|move|p1a: Rillaboom|Grassy Glide|p2a: Blissey
|-damage|p2a: Blissey|0 fnt
|faint|p2a: Blissey
|
|upkeep
|l|☆roronoagrzgrfv
|player|p2|
|inactive|Battle timer is ON: inactive players will automatically lose when time's up. (requested by Random_UserFr)
|inactive|roronoagrzgrfv has 30 seconds to reconnect!
|inactive|roronoagrzgrfv has 20 seconds to reconnect!
|inactive|roronoagrzgrfv has 15 seconds to reconnect!
|inactive|roronoagrzgrfv has 10 seconds to reconnect!
|inactive|roronoagrzgrfv has 5 seconds to reconnect!
|-message|roronoagrzgrfv lost due to inactivity.
|
|win|Random_UserFr
|raw|Random_UserFr's rating: 1078 &rarr; <strong>1108</strong><br />(+30 for winning)
|raw|roronoagrzgrfv's rating: 1102 &rarr; <strong>1075</strong><br />(-27 for losing)
|l|☆Random_UserFr
|player|p1|
