|j|☆susumu808
|j|☆xpp233
|t:|1759034211
|gametype|singles
|player|p1|susumu808|266|1224
|player|p2|xpp233|preschooler|1223
|gen|9
|tier|[Gen 9] OU
|rated|
|rule|HP Percentage Mod: HP is shown in percentages
|rule|Endless Battle Clause: Forcing endless battles is banned
|rule|Species Clause: Limit one of each Pokémon
|rule|OHKO Clause: OHKO moves are banned
|rule|Evasion Items Clause: Evasion items are banned
|rule|Evasion Moves Clause: Evasion moves are banned
|rule|Evasion Abilities Clause: Evasion abilities are banned
|rule|Sleep Moves Clause: Sleep-inducing moves are banned
|clearpoke
|poke|p1|Scizor, F|
|poke|p1|Dragonite, F|
|poke|p1|Blaziken, M|
|poke|p1|Serperior, F|
|poke|p1|Kommo-o, M|
|poke|p1|Deoxys-Defense|
|poke|p2|Rillaboom, M|
|poke|p2|Raging Bolt|
|poke|p2|Gholdengo|
|poke|p2|Kingambit, F|
|poke|p2|Pecharunt|
|poke|p2|Rotom-Wash|
|teampreview
|
|t:|1759034233
|teamsize|p1|6
|teamsize|p2|6
|start
|switch|p1a: Dragonite|Dragonite, F, shiny|100/100
|switch|p2a: 水衣机|Rotom-Wash|100/100
|turn|1
|
|t:|1759034250
|move|p2a: 水衣机|Thunder Wave|p1a: Dragonite
|-status|p1a: Dragonite|par
|move|p1a: Dragonite|Dragon Dance|p1a: Dragonite
|-boost|p1a: Dragonite|atk|1
|-boost|p1a: Dragonite|spe|1
|
|upkeep
|turn|2
|
|t:|1759034257
|move|p2a: 水衣机|Volt Switch|p1a: Dragonite
|-damage|p1a: Dragonite|84/100 par
|
|t:|1759034272
|switch|p2a: 赛哥们|Gholdengo|100/100|[from] Volt Switch
|move|p1a: Dragonite|Dragon Dance|p1a: Dragonite
|-boost|p1a: Dragonite|atk|1
|-boost|p1a: Dragonite|spe|1
|
|-heal|p1a: Dragonite|90/100 par|[from] item: Leftovers
|upkeep
|turn|3
|
|t:|1759034288
|move|p2a: 赛哥们|Dazzling Gleam|p1a: Dragonite
|-supereffective|p1a: Dragonite
|-damage|p1a: Dragonite|11/100 par
|move|p1a: Dragonite|Earthquake|p2a: 赛哥们
|-supereffective|p2a: 赛哥们
|-damage|p2a: 赛哥们|0 fnt
|faint|p2a: 赛哥们
|
|-heal|p1a: Dragonite|17/100 par|[from] item: Leftovers
|upkeep
|inactive|Battle timer is ON: inactive players will automatically lose when time's up. (requested by susumu808)
|
|t:|1759034319
|switch|p2a: 卡普•猩猩|Rillaboom, M|100/100
|-fieldstart|move: Grassy Terrain|[from] ability: Grassy Surge|[of] p2a: 卡普•猩猩
|turn|4
|
|t:|1759034334
|cant|p1a: Dragonite|par
|move|p2a: 卡普•猩猩|Knock Off|p1a: Dragonite
|-damage|p1a: Dragonite|0 fnt
|-enditem|p1a: Dragonite|Leftovers|[from] move: Knock Off|[of] p2a: 卡普•猩猩
|faint|p1a: Dragonite
|
|upkeep
|
|t:|1759034349
|switch|p1a: Scizor|Scizor, F|100/100
|turn|5
|
|t:|1759034378
|switch|p2a: 大酱|Kingambit, F|100/100
|-activate|p2a: 大酱|ability: Supreme Overlord
|-start|p2a: 大酱|fallen1|[silent]
|move|p1a: Scizor|Bug Bite|p2a: 大酱
|-damage|p2a: 大酱|60/100
|
|-heal|p2a: 大酱|66/100|[from] Grassy Terrain
|-heal|p2a: 大酱|73/100|[from] item: Leftovers
|upkeep
|turn|6
|inactive|xpp233 has 120 seconds left.
|
|t:|1759034397
|move|p1a: Scizor|Bug Bite|p2a: 大酱
|-damage|p2a: 大酱|37/100
|move|p2a: 大酱|Swords Dance|p2a: 大酱
|-boost|p2a: 大酱|atk|2
|
|-heal|p2a: 大酱|44/100|[from] Grassy Terrain
|-heal|p2a: 大酱|50/100|[from] item: Leftovers
|upkeep
|turn|7
|inactive|xpp233 has 120 seconds left.
|
|t:|1759034412
|move|p1a: Scizor|Bug Bite|p2a: 大酱
|-crit|p2a: 大酱
|-damage|p2a: 大酱|0 fnt
|faint|p2a: 大酱
|-end|p2a: 大酱|fallen1|[silent]
|
|upkeep
|
|t:|1759034422
|switch|p2a: 长颈鹿|Raging Bolt|100/100
|-enditem|p2a: 长颈鹿|Booster Energy
|-activate|p2a: 长颈鹿|ability: Protosynthesis|[fromitem]
|-start|p2a: 长颈鹿|protosynthesisspa
|turn|8
|
|t:|1759034433
|move|p1a: Scizor|Bullet Punch|p2a: 长颈鹿
|-resisted|p2a: 长颈鹿
|-damage|p2a: 长颈鹿|87/100
|move|p2a: 长颈鹿|Thunderbolt|p1a: Scizor
|-damage|p1a: Scizor|18/100
|
|-heal|p2a: 长颈鹿|93/100|[from] Grassy Terrain
|-heal|p1a: Scizor|24/100|[from] Grassy Terrain
|-fieldend|move: Grassy Terrain
|upkeep
|turn|9
|inactive|xpp233 has 120 seconds left.
|
|t:|1759034448
|move|p1a: Scizor|Quick Attack|p2a: 长颈鹿
|-damage|p2a: 长颈鹿|76/100
|move|p2a: 长颈鹿|Draco Meteor|p1a: Scizor
|-resisted|p1a: Scizor
|-damage|p1a: Scizor|0 fnt
|-unboost|p2a: 长颈鹿|spa|2
|faint|p1a: Scizor
|
|upkeep
|
|t:|1759034476
|switch|p1a: Serperior|Serperior, F, shiny|100/100
|turn|10
|inactive|xpp233 has 120 seconds left.
|
|t:|1759034488
|move|p1a: Serperior|Leaf Storm|p2a: 长颈鹿|[miss]
|-miss|p1a: Serperior|p2a: 长颈鹿
|move|p2a: 长颈鹿|Volt Switch|p1a: Serperior
|-resisted|p1a: Serperior
|-damage|p1a: Serperior|84/100
|
|t:|1759034496
|-end|p2a: 长颈鹿|Protosynthesis|[silent]
|switch|p2a: Pecharunt|Pecharunt|100/100|[from] Volt Switch
|
|upkeep
|turn|11
|
|t:|1759034500
|move|p1a: Serperior|Leaf Storm|p2a: Pecharunt
|-resisted|p2a: Pecharunt
|-damage|p2a: Pecharunt|74/100
|-boost|p1a: Serperior|spa|2
|move|p2a: Pecharunt|Malignant Chain|p1a: Serperior
|-supereffective|p1a: Serperior
|-damage|p1a: Serperior|15/100
|-status|p1a: Serperior|tox
|-start|p1a: Serperior|confusion|[from] ability: Poison Puppeteer|[of] p2a: Pecharunt
|
|-heal|p2a: Pecharunt|80/100|[from] item: Black Sludge
|-damage|p1a: Serperior|8/100 tox|[from] psn
|upkeep
|turn|12
|inactive|xpp233 has 120 seconds left.
|
|t:|1759034518
|-activate|p1a: Serperior|confusion
|move|p1a: Serperior|Leaf Storm|p2a: Pecharunt
|-resisted|p2a: Pecharunt
|-damage|p2a: Pecharunt|26/100
|-boost|p1a: Serperior|spa|2
|move|p2a: Pecharunt|Recover|p2a: Pecharunt
|-heal|p2a: Pecharunt|76/100
|
|-heal|p2a: Pecharunt|82/100|[from] item: Black Sludge
|-damage|p1a: Serperior|0 fnt|[from] psn
|faint|p1a: Serperior
|upkeep
|
|t:|1759034526
|switch|p1a: Deoxys|Deoxys-Defense|100/100
|-ability|p1a: Deoxys|Pressure
|turn|13
|
|t:|1759034534
|-terastallize|p1a: Deoxys|Poison
|move|p1a: Deoxys|Cosmic Power|p1a: Deoxys
|-boost|p1a: Deoxys|def|1
|-boost|p1a: Deoxys|spd|1
|move|p2a: Pecharunt|Malignant Chain|p1a: Deoxys
|-resisted|p1a: Deoxys
|-damage|p1a: Deoxys|94/100
|
|-heal|p1a: Deoxys|99/100|[from] item: Leftovers
|-heal|p2a: Pecharunt|88/100|[from] item: Black Sludge
|upkeep
|turn|14
|inactive|xpp233 has 120 seconds left.
|
|t:|1759034560
|move|p1a: Deoxys|Cosmic Power|p1a: Deoxys
|-boost|p1a: Deoxys|def|1
|-boost|p1a: Deoxys|spd|1
|move|p2a: Pecharunt|Parting Shot|p1a: Deoxys
|-unboost|p1a: Deoxys|atk|1
|-unboost|p1a: Deoxys|spa|1
|
|t:|1759034568
|switch|p2a: 水衣机|Rotom-Wash|100/100|[from] Parting Shot
|
|-heal|p1a: Deoxys|100/100|[from] item: Leftovers
|upkeep
|turn|15
|inactive|xpp233 has 120 seconds left.
|
|t:|1759034574
|move|p1a: Deoxys|Cosmic Power|p1a: Deoxys
|-boost|p1a: Deoxys|def|1
|-boost|p1a: Deoxys|spd|1
|move|p2a: 水衣机|Thunder Wave|p1a: Deoxys
|-status|p1a: Deoxys|par
|
|upkeep
|turn|16
|
|t:|1759034582
|move|p2a: 水衣机|Hydro Pump|p1a: Deoxys
|-damage|p1a: Deoxys|84/100 par
|move|p1a: Deoxys|Cosmic Power|p1a: Deoxys
|-boost|p1a: Deoxys|def|1
|-boost|p1a: Deoxys|spd|1
|
|-heal|p1a: Deoxys|91/100 par|[from] item: Leftovers
|upkeep
|turn|17
|
|t:|1759034590
|move|p2a: 水衣机|Hydro Pump|p1a: Deoxys
|-damage|p1a: Deoxys|79/100 par
|move|p1a: Deoxys|Cosmic Power|p1a: Deoxys
|-boost|p1a: Deoxys|def|1
|-boost|p1a: Deoxys|spd|1
|
|-heal|p1a: Deoxys|85/100 par|[from] item: Leftovers
|upkeep
|turn|18
|
|t:|1759034599
|move|p2a: 水衣机|Hydro Pump|p1a: Deoxys
|-damage|p1a: Deoxys|75/100 par
|move|p1a: Deoxys|Cosmic Power|p1a: Deoxys
|-boost|p1a: Deoxys|def|1
|-boost|p1a: Deoxys|spd|1
|
|-heal|p1a: Deoxys|81/100 par|[from] item: Leftovers
|upkeep
|turn|19
|
|t:|1759034607
|move|p2a: 水衣机|Hydro Pump|p1a: Deoxys
|-damage|p1a: Deoxys|71/100 par
|move|p1a: Deoxys|Stored Power|p2a: 水衣机
|-damage|p2a: 水衣机|51/100
|
|-heal|p2a: 水衣机|57/100|[from] item: Leftovers
|-heal|p1a: Deoxys|77/100 par|[from] item: Leftovers
|upkeep
|turn|20
|
|t:|1759034617
|move|p2a: 水衣机|Thunder Wave|p1a: Deoxys
|-fail|p1a: Deoxys|par
|cant|p1a: Deoxys|par
|
|-heal|p2a: 水衣机|64/100|[from] item: Leftovers
|-heal|p1a: Deoxys|83/100 par|[from] item: Leftovers
|upkeep
|turn|21
|
|t:|1759034624
|move|p2a: 水衣机|Thunder Wave|p1a: Deoxys
|-fail|p1a: Deoxys|par
|move|p1a: Deoxys|Stored Power|p2a: 水衣机
|-damage|p2a: 水衣机|10/100
|
|-heal|p2a: 水衣机|16/100|[from] item: Leftovers
|-heal|p1a: Deoxys|90/100 par|[from] item: Leftovers
|upkeep
|turn|22
|
|t:|1759034633
|switch|p1a: Kommo-o|Kommo-o, M, shiny|100/100
|move|p2a: 水衣机|Pain Split|p1a: Kommo-o
|-sethp|p1a: Kommo-o|59/100|[from] move: Pain Split|[silent]
|-sethp|p2a: 水衣机|56/100|[from] move: Pain Split
|
|-heal|p2a: 水衣机|62/100|[from] item: Leftovers
|upkeep
|turn|23
|
|t:|1759034655
|move|p1a: Kommo-o|Clangorous Soul|p1a: Kommo-o
|-boost|p1a: Kommo-o|atk|1
|-boost|p1a: Kommo-o|def|1
|-boost|p1a: Kommo-o|spa|1
|-boost|p1a: Kommo-o|spd|1
|-boost|p1a: Kommo-o|spe|1
|-damage|p1a: Kommo-o|26/100
|move|p2a: 水衣机|Thunder Wave|p1a: Kommo-o
|-status|p1a: Kommo-o|par
|
|-heal|p2a: 水衣机|69/100|[from] item: Leftovers
|upkeep
|turn|24
|
|t:|1759034671
|move|p2a: 水衣机|Volt Switch|p1a: Kommo-o
|-resisted|p1a: Kommo-o
|-damage|p1a: Kommo-o|13/100 par
|-enditem|p1a: Kommo-o|Aguav Berry|[eat]
|-heal|p1a: Kommo-o|47/100 par|[from] item: Aguav Berry
|inactive|xpp233 has 120 seconds left.
|
|t:|1759034701
|switch|p2a: Pecharunt|Pecharunt|88/100|[from] Volt Switch
|cant|p1a: Kommo-o|par
|
|-heal|p2a: Pecharunt|94/100|[from] item: Black Sludge
|upkeep
|turn|25
|
|t:|1759034708
|move|p2a: Pecharunt|Malignant Chain|p1a: Kommo-o
|-damage|p1a: Kommo-o|24/100 par
|move|p1a: Kommo-o|Dragon Claw|p2a: Pecharunt
|-damage|p2a: Pecharunt|66/100
|
|-heal|p2a: Pecharunt|72/100|[from] item: Black Sludge
|upkeep
|turn|26
|
|t:|1759034716
|move|p2a: Pecharunt|Malignant Chain|p1a: Kommo-o
|-damage|p1a: Kommo-o|0 fnt
|faint|p1a: Kommo-o
|
|-heal|p2a: Pecharunt|78/100|[from] item: Black Sludge
|upkeep
|
|t:|1759034719
|switch|p1a: Deoxys|Deoxys-Defense, tera:Poison|90/100 par
|-ability|p1a: Deoxys|Pressure
|turn|27
|
|t:|1759034726
|move|p2a: Pecharunt|Parting Shot|p1a: Deoxys
|-unboost|p1a: Deoxys|atk|1
|-unboost|p1a: Deoxys|spa|1
|inactive|xpp233 has 120 seconds left.
|
|t:|1759034741
|switch|p2a: 长颈鹿|Raging Bolt|76/100|[from] Parting Shot
|move|p1a: Deoxys|Cosmic Power|p1a: Deoxys
|-boost|p1a: Deoxys|def|1
|-boost|p1a: Deoxys|spd|1
|
|-heal|p1a: Deoxys|96/100 par|[from] item: Leftovers
|upkeep
|turn|28
|
|t:|1759034749
|move|p2a: 长颈鹿|Draco Meteor|p1a: Deoxys
|-damage|p1a: Deoxys|57/100 par
|-unboost|p2a: 长颈鹿|spa|2
|move|p1a: Deoxys|Cosmic Power|p1a: Deoxys
|-boost|p1a: Deoxys|def|1
|-boost|p1a: Deoxys|spd|1
|
|-heal|p1a: Deoxys|64/100 par|[from] item: Leftovers
|upkeep
|turn|29
|
|t:|1759034758
|move|p2a: 长颈鹿|Volt Switch|p1a: Deoxys
|-damage|p1a: Deoxys|57/100 par
|
|t:|1759034765
|-end|p2a: 长颈鹿|Protosynthesis|[silent]
|switch|p2a: 卡普•猩猩|Rillaboom, M|100/100|[from] Volt Switch
|-fieldstart|move: Grassy Terrain|[from] ability: Grassy Surge|[of] p2a: 卡普•猩猩
|move|p1a: Deoxys|Cosmic Power|p1a: Deoxys
|-boost|p1a: Deoxys|def|1
|-boost|p1a: Deoxys|spd|1
|
|-heal|p1a: Deoxys|63/100 par|[from] Grassy Terrain
|-heal|p1a: Deoxys|69/100 par|[from] item: Leftovers
|upkeep
|turn|30
|
|t:|1759034776
|move|p2a: 卡普•猩猩|Knock Off|p1a: Deoxys
|-damage|p1a: Deoxys|60/100 par
|-enditem|p1a: Deoxys|Leftovers|[from] move: Knock Off|[of] p2a: 卡普•猩猩
|move|p1a: Deoxys|Cosmic Power|p1a: Deoxys
|-boost|p1a: Deoxys|def|1
|-boost|p1a: Deoxys|spd|1
|
|-heal|p1a: Deoxys|66/100 par|[from] Grassy Terrain
|upkeep
|turn|31
|
|t:|1759034785
|switch|p2a: 水衣机|Rotom-Wash|69/100
|move|p1a: Deoxys|Cosmic Power|p1a: Deoxys
|-boost|p1a: Deoxys|def|1
|-boost|p1a: Deoxys|spd|1
|
|-heal|p2a: 水衣机|75/100|[from] item: Leftovers
|-heal|p1a: Deoxys|73/100 par|[from] Grassy Terrain
|upkeep
|turn|32
|
|t:|1759034800
|move|p2a: 水衣机|Thunder Wave|p1a: Deoxys
|-fail|p1a: Deoxys|par
|move|p1a: Deoxys|Cosmic Power|p1a: Deoxys
|-boost|p1a: Deoxys|def|1
|-boost|p1a: Deoxys|spd|1
|
|-heal|p2a: 水衣机|81/100|[from] item: Leftovers
|-heal|p1a: Deoxys|79/100 par|[from] Grassy Terrain
|upkeep
|turn|33
|
|t:|1759034809
|move|p2a: 水衣机|Thunder Wave|p1a: Deoxys
|-fail|p1a: Deoxys|par
|move|p1a: Deoxys|Stored Power|p2a: 水衣机
|-damage|p2a: 水衣机|29/100
|
|-heal|p2a: 水衣机|35/100|[from] item: Leftovers
|-heal|p1a: Deoxys|85/100 par|[from] Grassy Terrain
|-fieldend|move: Grassy Terrain
|upkeep
|turn|34
|
|t:|1759034818
|move|p2a: 水衣机|Pain Split|p1a: Deoxys
|-sethp|p1a: Deoxys|60/100 par|[from] move: Pain Split|[silent]
|-sethp|p2a: 水衣机|60/100|[from] move: Pain Split
|cant|p1a: Deoxys|par
|
|-heal|p2a: 水衣机|66/100|[from] item: Leftovers
|upkeep
|turn|35
|
|t:|1759034846
|move|p2a: 水衣机|Thunder Wave|p1a: Deoxys
|-fail|p1a: Deoxys|par
|move|p1a: Deoxys|Stored Power|p2a: 水衣机
|-damage|p2a: 水衣机|18/100
|
|-heal|p2a: 水衣机|24/100|[from] item: Leftovers
|upkeep
|turn|36
|
|t:|1759034855
|move|p2a: 水衣机|Pain Split|p1a: Deoxys
|-sethp|p1a: Deoxys|42/100 par|[from] move: Pain Split|[silent]
|-sethp|p2a: 水衣机|42/100|[from] move: Pain Split
|move|p1a: Deoxys|Stored Power|p2a: 水衣机
|-damage|p2a: 水衣机|0 fnt
|faint|p2a: 水衣机
|
|upkeep
|
|t:|1759034867
|switch|p2a: 长颈鹿|Raging Bolt|76/100
|turn|37
|
|t:|1759034871
|move|p2a: 长颈鹿|Draco Meteor|p1a: Deoxys
|-damage|p1a: Deoxys|29/100 par
|-unboost|p2a: 长颈鹿|spa|2
|move|p1a: Deoxys|Recover|p1a: Deoxys
|-heal|p1a: Deoxys|79/100 par
|
|upkeep
|turn|38
|-message|xpp233 forfeited.
|
|win|susumu808
|raw|susumu808's rating: 1224 &rarr; <strong>1249</strong><br />(+25 for winning)
|raw|xpp233's rating: 1223 &rarr; <strong>1198</strong><br />(-25 for losing)
|l|☆xpp233
|player|p2|
|l|☆susumu808
|player|p1|
