|j|☆Jewgi_moto
|j|☆jietouxiaoyu
|t:|1759035268
|gametype|singles
|player|p1|Jewgi_moto|101|1437
|player|p2|jietouxiaoyu|265|1546
|gen|9
|tier|[Gen 9] OU
|rated|
|rule|HP Percentage Mod: HP is shown in percentages
|rule|Endless Battle Clause: Forcing endless battles is banned
|rule|Species Clause: Limit one of each Pokémon
|rule|OHKO Clause: OHKO moves are banned
|rule|Evasion Items Clause: Evasion items are banned
|rule|Evasion Moves Clause: Evasion moves are banned
|rule|Evasion Abilities Clause: Evasion abilities are banned
|rule|Sleep Moves Clause: Sleep-inducing moves are banned
|clearpoke
|poke|p1|Umbreon, M|
|poke|p1|Iron Valiant|
|poke|p1|Heatran, M|
|poke|p1|Volcanion|
|poke|p1|Raging Bolt|
|poke|p1|Weezing-Galar, M|
|poke|p2|Dragapult, F|
|poke|p2|Primarina, F|
|poke|p2|Great Tusk|
|poke|p2|Moltres|
|poke|p2|Ting-Lu|
|poke|p2|Raging Bolt|
|teampreview
|
|t:|1759035275
|teamsize|p1|6
|teamsize|p2|6
|start
|switch|p1a: Umbreon|Umbreon, M, shiny|100/100
|switch|p2a: 多龙巴鲁托|Dragapult, F|100/100
|turn|1
|inactive|Battle timer is ON: inactive players will automatically lose when time's up. (requested by jietouxiaoyu)
|
|t:|1759035280
|move|p2a: 多龙巴鲁托|U-turn|p1a: Umbreon
|-supereffective|p1a: Umbreon
|-damage|p1a: Umbreon|37/100
|
|t:|1759035292
|switch|p2a: Primarina|Primarina, F|100/100|[from] U-turn
|move|p1a: Umbreon|Toxic|p2a: Primarina
|-status|p2a: Primarina|tox
|
|-heal|p1a: Umbreon|43/100|[from] item: Leftovers
|-damage|p2a: Primarina|94/100 tox|[from] psn
|upkeep
|turn|2
|
|t:|1759035300
|move|p1a: Umbreon|Protect|p1a: Umbreon
|-singleturn|p1a: Umbreon|Protect
|move|p2a: Primarina|Surf|p1a: Umbreon
|-activate|p1a: Umbreon|move: Protect
|
|-heal|p1a: Umbreon|49/100|[from] item: Leftovers
|-damage|p2a: Primarina|82/100 tox|[from] psn
|upkeep
|turn|3
|
|t:|1759035314
|switch|p2a: Raging Bolt|Raging Bolt|100/100
|-enditem|p2a: Raging Bolt|Booster Energy
|-activate|p2a: Raging Bolt|ability: Protosynthesis|[fromitem]
|-start|p2a: Raging Bolt|protosynthesisspa
|move|p1a: Umbreon|Wish|p1a: Umbreon
|
|-heal|p1a: Umbreon|55/100|[from] item: Leftovers
|upkeep
|turn|4
|
|t:|1759035326
|move|p1a: Umbreon|Protect|p1a: Umbreon
|-singleturn|p1a: Umbreon|Protect
|move|p2a: Raging Bolt|Calm Mind|p2a: Raging Bolt
|-boost|p2a: Raging Bolt|spa|1
|-boost|p2a: Raging Bolt|spd|1
|
|-heal|p1a: Umbreon|100/100|[from] move: Wish|[wisher] Umbreon
|upkeep
|turn|5
|
|t:|1759035341
|move|p2a: Raging Bolt|Calm Mind|p2a: Raging Bolt
|-boost|p2a: Raging Bolt|spa|1
|-boost|p2a: Raging Bolt|spd|1
|move|p1a: Umbreon|Toxic|p2a: Raging Bolt
|-status|p2a: Raging Bolt|tox
|
|-damage|p2a: Raging Bolt|94/100 tox|[from] psn
|upkeep
|turn|6
|
|t:|1759035348
|move|p2a: Raging Bolt|Calm Mind|p2a: Raging Bolt
|-boost|p2a: Raging Bolt|spa|1
|-boost|p2a: Raging Bolt|spd|1
|move|p1a: Umbreon|Foul Play|p2a: Raging Bolt
|-crit|p2a: Raging Bolt
|-damage|p2a: Raging Bolt|66/100 tox
|
|-damage|p2a: Raging Bolt|53/100 tox|[from] psn
|upkeep
|turn|7
|
|t:|1759035355
|move|p1a: Umbreon|Protect|p1a: Umbreon
|-singleturn|p1a: Umbreon|Protect
|move|p2a: Raging Bolt|Thunderbolt|p1a: Umbreon
|-activate|p1a: Umbreon|move: Protect
|
|-damage|p2a: Raging Bolt|35/100 tox|[from] psn
|upkeep
|turn|8
|
|t:|1759035376
|move|p2a: Raging Bolt|Thunderbolt|p1a: Umbreon
|-damage|p1a: Umbreon|5/100
|move|p1a: Umbreon|Wish|p1a: Umbreon
|
|-heal|p1a: Umbreon|11/100|[from] item: Leftovers
|-damage|p2a: Raging Bolt|10/100 tox|[from] psn
|upkeep
|turn|9
|
|t:|1759035383
|-end|p2a: Raging Bolt|Protosynthesis|[silent]
|switch|p2a: 多龙巴鲁托|Dragapult, F|100/100
|move|p1a: Umbreon|Protect||[still]
|-fail|p1a: Umbreon
|
|-heal|p1a: Umbreon|61/100|[from] move: Wish|[wisher] Umbreon
|-heal|p1a: Umbreon|67/100|[from] item: Leftovers
|upkeep
|turn|10
|
|t:|1759035392
|switch|p1a: Weezing|Weezing-Galar, M|100/100
|move|p2a: 多龙巴鲁托|U-turn|p1a: Weezing
|-resisted|p1a: Weezing
|-damage|p1a: Weezing|95/100
|-damage|p2a: 多龙巴鲁托|84/100|[from] item: Rocky Helmet|[of] p1a: Weezing
|
|t:|1759035398
|switch|p2a: Great Tusk|Great Tusk|100/100|[from] U-turn
|
|upkeep
|turn|11
|
|t:|1759035409
|-end|p2a: Great Tusk|Protosynthesis|[silent]
|switch|p2a: Primarina|Primarina, F|82/100 tox
|move|p1a: Weezing|Will-O-Wisp||[still]
|-fail|p1a: Weezing
|
|-damage|p2a: Primarina|76/100 tox|[from] psn
|upkeep
|turn|12
|
|t:|1759035420
|switch|p1a: Volcanion|Volcanion|100/100
|move|p2a: Primarina|Moonblast|p1a: Volcanion
|-resisted|p1a: Volcanion
|-damage|p1a: Volcanion|82/100
|
|-damage|p2a: Primarina|64/100 tox|[from] psn
|upkeep
|turn|13
|
|t:|1759035440
|switch|p2a: 多龙巴鲁托|Dragapult, F|84/100
|move|p1a: Volcanion|Steam Eruption|p2a: 多龙巴鲁托
|-resisted|p2a: 多龙巴鲁托
|-damage|p2a: 多龙巴鲁托|43/100
|-status|p2a: 多龙巴鲁托|brn
|
|-damage|p2a: 多龙巴鲁托|37/100 brn|[from] brn
|upkeep
|turn|14
|-message|jietouxiaoyu forfeited.
|
|win|Jewgi_moto
|raw|Jewgi_moto's rating: 1437 &rarr; <strong>1463</strong><br />(+26 for winning)
|raw|jietouxiaoyu's rating: 1546 &rarr; <strong>1520</strong><br />(-26 for losing)
|l|☆jietouxiaoyu
|player|p2|
