|j|☆franciscodragon1
|j|☆Harms Way
|t:|1759051216
|gametype|singles
|player|p1|franciscodragon1|pokemaniac|1157
|player|p2|Harms Way|170|1180
|gen|9
|tier|[Gen 9] OU
|rated|
|rule|HP Percentage Mod: HP is shown in percentages
|rule|Endless Battle Clause: Forcing endless battles is banned
|rule|Species Clause: Limit one of each Pokémon
|rule|OHKO Clause: OHKO moves are banned
|rule|Evasion Items Clause: Evasion items are banned
|rule|Evasion Moves Clause: Evasion moves are banned
|rule|Evasion Abilities Clause: Evasion abilities are banned
|rule|Sleep Moves Clause: Sleep-inducing moves are banned
|clearpoke
|poke|p1|Morpeko, F|
|poke|p1|Hatterene, F|
|poke|p1|Slither Wing|
|poke|p1|Donphan, F|
|poke|p1|Gliscor, M|
|poke|p1|Kyurem|
|poke|p2|Carbink, L1|
|poke|p2|Braviary-Hisui, M|
|poke|p2|Ursaluna, F|
|poke|p2|Kingambit, M|
|poke|p2|Iron Hands|
|poke|p2|Hatterene, F|
|teampreview
|inactive|Battle timer is ON: inactive players will automatically lose when time's up. (requested by franciscodragon1)
|
|t:|1759051222
|teamsize|p1|6
|teamsize|p2|6
|start
|switch|p1a: Hatterene|Hatterene, F|100/100
|switch|p2a: The Bink|Carbink, L1, shiny|100/100
|turn|1
|
|t:|1759051228
|move|p1a: Hatterene|Future Sight|p2a: The Bink
|-start|p1a: Hatterene|move: Future Sight
|move|p2a: The Bink|Trick Room|p2a: The Bink
|-fieldstart|move: Trick Room|[of] p2a: The Bink
|
|-damage|p2a: The Bink|92/100|[from] item: Black Sludge
|upkeep
|turn|2
|
|t:|1759051249
|switch|p2a: The Bear|Ursaluna, F|100/100
|move|p1a: Hatterene|Mystical Fire|p2a: The Bear
|-damage|p2a: The Bear|75/100
|-unboost|p2a: The Bear|spa|1
|
|-status|p2a: The Bear|brn|[from] item: Flame Orb
|upkeep
|turn|3
|
|t:|1759051263
|switch|p1a: Gliscor|Gliscor, M|100/100
|-terastallize|p2a: The Bear|Normal
|move|p2a: The Bear|Facade|p1a: Gliscor
|-damage|p1a: Gliscor|0 fnt
|faint|p1a: Gliscor
|
|-end|p2a: The Bear|move: Future Sight
|-damage|p2a: The Bear|19/100 brn
|-damage|p2a: The Bear|13/100 brn|[from] brn
|upkeep
|
|t:|1759051276
|switch|p1a: Morpeko|Morpeko, F|100/100
|turn|4
|
|t:|1759051283
|move|p1a: Morpeko|Fake Out|p2a: The Bear
|-damage|p2a: The Bear|5/100 brn
|cant|p2a: The Bear|flinch
|
|-damage|p2a: The Bear|0 fnt|[from] brn
|faint|p2a: The Bear
|-formechange|p1a: Morpeko|Morpeko-Hangry||[from] ability: Hunger Switch
|upkeep
|
|t:|1759051289
|switch|p2a: The Hands|Iron Hands|100/100
|-enditem|p2a: The Hands|Booster Energy
|-activate|p2a: The Hands|ability: Quark Drive|[fromitem]
|-start|p2a: The Hands|quarkdriveatk
|turn|5
|
|t:|1759051304
|-end|p2a: The Hands|Quark Drive|[silent]
|switch|p2a: The Hat|Hatterene, F|100/100
|move|p1a: Morpeko|Parting Shot|p2a: The Hat
|move|p2a: The Hat|Parting Shot|p1a: Morpeko|[from] ability: Magic Bounce
|-unboost|p1a: Morpeko|atk|1
|-unboost|p1a: Morpeko|spa|1
|
|t:|1759051310
|switch|p2a: The Bink|Carbink, L1, shiny|92/100|[from] Parting Shot
|
|-damage|p2a: The Bink|84/100|[from] item: Black Sludge
|-fieldend|move: Trick Room
|-formechange|p1a: Morpeko|Morpeko||[from] ability: Hunger Switch
|upkeep
|turn|6
|
|t:|1759051321
|move|p1a: Morpeko|Parting Shot|p2a: The Bink
|-unboost|p2a: The Bink|atk|1
|-unboost|p2a: The Bink|spa|1
|
|t:|1759051324
|switch|p1a: Donphan|Donphan, F|100/100|[from] Parting Shot
|move|p2a: The Bink|Trick Room|p2a: The Bink
|-fieldstart|move: Trick Room|[of] p2a: The Bink
|
|-damage|p2a: The Bink|75/100|[from] item: Black Sludge
|upkeep
|turn|7
|
|t:|1759051342
|switch|p2a: The Free|Braviary-Hisui, M, shiny|100/100
|move|p1a: Donphan|Ice Spinner|p2a: The Free
|-supereffective|p2a: The Free
|-damage|p2a: The Free|42/100
|
|upkeep
|turn|8
|
|t:|1759051359
|move|p2a: The Free|Psychic|p1a: Donphan
|-ability|p1a: Donphan|Sturdy
|-damage|p1a: Donphan|1/100
|move|p1a: Donphan|Ice Spinner|p2a: The Free
|-supereffective|p2a: The Free
|-damage|p2a: The Free|0 fnt
|faint|p2a: The Free
|
|-heal|p1a: Donphan|7/100|[from] item: Leftovers
|upkeep
|
|t:|1759051365
|switch|p2a: The Hands|Iron Hands|100/100
|turn|9
|
|t:|1759051374
|move|p2a: The Hands|Drain Punch|p1a: Donphan
|-damage|p1a: Donphan|0 fnt
|faint|p1a: Donphan
|
|upkeep
|
|t:|1759051379
|switch|p1a: Morpeko|Morpeko, F|100/100
|turn|10
|
|t:|1759051382
|move|p1a: Morpeko|Fake Out|p2a: The Hands
|-damage|p2a: The Hands|92/100
|cant|p2a: The Hands|flinch
|
|-fieldend|move: Trick Room
|-formechange|p1a: Morpeko|Morpeko-Hangry||[from] ability: Hunger Switch
|upkeep
|turn|11
|
|t:|1759051389
|move|p1a: Morpeko|Aura Wheel|p2a: The Hands
|-resisted|p2a: The Hands
|-damage|p2a: The Hands|75/100
|-boost|p1a: Morpeko|spe|1
|move|p2a: The Hands|Swords Dance|p2a: The Hands
|-boost|p2a: The Hands|atk|2
|
|-formechange|p1a: Morpeko|Morpeko||[from] ability: Hunger Switch
|upkeep
|turn|12
|
|t:|1759051399
|move|p1a: Morpeko|Parting Shot|p2a: The Hands
|-unboost|p2a: The Hands|atk|1
|-unboost|p2a: The Hands|spa|1
|
|t:|1759051405
|switch|p1a: Slither Wing|Slither Wing|100/100|[from] Parting Shot
|move|p2a: The Hands|Drain Punch|p1a: Slither Wing
|-resisted|p1a: Slither Wing
|-damage|p1a: Slither Wing|61/100
|-heal|p2a: The Hands|92/100|[from] drain|[of] p1a: Slither Wing
|
|upkeep
|turn|13
|
|t:|1759051416
|move|p1a: Slither Wing|Earthquake|p2a: The Hands
|-supereffective|p2a: The Hands
|-damage|p2a: The Hands|22/100
|-damage|p1a: Slither Wing|51/100|[from] item: Life Orb
|move|p2a: The Hands|Drain Punch|p1a: Slither Wing
|-resisted|p1a: Slither Wing
|-damage|p1a: Slither Wing|11/100
|-heal|p2a: The Hands|39/100|[from] drain|[of] p1a: Slither Wing
|
|upkeep
|turn|14
|
|t:|1759051422
|-end|p2a: The Hands|Quark Drive|[silent]
|switch|p2a: The Hat|Hatterene, F|100/100
|move|p1a: Slither Wing|Earthquake|p2a: The Hat
|-damage|p2a: The Hat|39/100
|-damage|p1a: Slither Wing|1/100|[from] item: Life Orb
|
|upkeep
|turn|15
|
|t:|1759051426
|move|p1a: Slither Wing|U-turn|p2a: The Hat
|-damage|p2a: The Hat|0 fnt
|faint|p2a: The Hat
|-damage|p1a: Slither Wing|0 fnt|[from] item: Life Orb
|faint|p1a: Slither Wing
|-end|p1a: Slither Wing|Protosynthesis|[silent]
|
|upkeep
|
|t:|1759051441
|switch|p1a: Hatterene|Hatterene, F|100/100
|switch|p2a: The Bink|Carbink, L1, shiny|75/100
|turn|16
|
|t:|1759051449
|move|p1a: Hatterene|Future Sight|p2a: The Bink
|-start|p1a: Hatterene|move: Future Sight
|move|p2a: The Bink|Trick Room|p2a: The Bink
|-fieldstart|move: Trick Room|[of] p2a: The Bink
|
|-damage|p2a: The Bink|67/100|[from] item: Black Sludge
|upkeep
|turn|17
|
|t:|1759051454
|switch|p2a: The King|Kingambit, M|100/100
|-activate|p2a: The King|ability: Supreme Overlord
|-start|p2a: The King|fallen3|[silent]
|move|p1a: Hatterene|Mystical Fire|p2a: The King
|-supereffective|p2a: The King
|-damage|p2a: The King|49/100
|-unboost|p2a: The King|spa|1
|
|upkeep
|turn|18
|
|t:|1759051466
|move|p2a: The King|Iron Head|p1a: Hatterene
|-supereffective|p1a: Hatterene
|-damage|p1a: Hatterene|0 fnt
|faint|p1a: Hatterene
|
|-end|p2a: The King|move: Future Sight
|-immune|p2a: The King
|upkeep
|
|t:|1759051476
|switch|p1a: Morpeko|Morpeko, F|100/100
|turn|19
|
|t:|1759051481
|move|p1a: Morpeko|Fake Out|p2a: The King
|-resisted|p2a: The King
|-damage|p2a: The King|45/100
|cant|p2a: The King|flinch
|
|-formechange|p1a: Morpeko|Morpeko-Hangry||[from] ability: Hunger Switch
|upkeep
|turn|20
|
|t:|1759051491
|move|p1a: Morpeko|Protect|p1a: Morpeko
|-singleturn|p1a: Morpeko|Protect
|move|p2a: The King|Iron Head|p1a: Morpeko
|-activate|p1a: Morpeko|move: Protect
|
|-fieldend|move: Trick Room
|-formechange|p1a: Morpeko|Morpeko||[from] ability: Hunger Switch
|upkeep
|turn|21
|
|t:|1759051499
|-end|p2a: The King|fallen3|[silent]
|switch|p2a: The Bink|Carbink, L1, shiny|67/100
|move|p1a: Morpeko|Aura Wheel|p2a: The Bink
|-damage|p2a: The Bink|0 fnt
|-boost|p1a: Morpeko|spe|1
|faint|p2a: The Bink
|
|-formechange|p1a: Morpeko|Morpeko-Hangry||[from] ability: Hunger Switch
|upkeep
|
|t:|1759051502
|switch|p2a: The Hands|Iron Hands|39/100
|turn|22
|
|t:|1759051512
|move|p1a: Morpeko|Parting Shot|p2a: The Hands
|-unboost|p2a: The Hands|atk|1
|-unboost|p2a: The Hands|spa|1
|
|t:|1759051516
|switch|p1a: Kyurem|Kyurem|100/100|[from] Parting Shot
|-ability|p1a: Kyurem|Pressure
|move|p2a: The Hands|Drain Punch|p1a: Kyurem
|-supereffective|p1a: Kyurem
|-damage|p1a: Kyurem|42/100
|-heal|p2a: The Hands|64/100|[from] drain|[of] p1a: Kyurem
|
|upkeep
|turn|23
|
|t:|1759051534
|move|p1a: Kyurem|Earth Power|p2a: The Hands
|-supereffective|p2a: The Hands
|-damage|p2a: The Hands|11/100
|move|p2a: The Hands|Drain Punch|p1a: Kyurem
|-supereffective|p1a: Kyurem
|-crit|p1a: Kyurem
|-damage|p1a: Kyurem|0 fnt
|-heal|p2a: The Hands|29/100|[from] drain|[of] p1a: Kyurem
|faint|p1a: Kyurem
|
|upkeep
|
|t:|1759051541
|switch|p1a: Morpeko|Morpeko, F|100/100
|turn|24
|
|t:|1759051545
|-end|p2a: The Hands|Quark Drive|[silent]
|switch|p2a: The King|Kingambit, M|45/100
|-activate|p2a: The King|ability: Supreme Overlord
|-start|p2a: The King|fallen4|[silent]
|move|p1a: Morpeko|Fake Out|p2a: The King
|-resisted|p2a: The King
|-damage|p2a: The King|40/100
|
|-formechange|p1a: Morpeko|Morpeko-Hangry||[from] ability: Hunger Switch
|upkeep
|turn|25
|
|t:|1759051550
|move|p1a: Morpeko|Protect|p1a: Morpeko
|-singleturn|p1a: Morpeko|Protect
|move|p2a: The King|Sucker Punch||[still]
|-fail|p2a: The King
|
|-formechange|p1a: Morpeko|Morpeko||[from] ability: Hunger Switch
|upkeep
|turn|26
|
|t:|1759051561
|move|p2a: The King|Sucker Punch|p1a: Morpeko
|-resisted|p1a: Morpeko
|-damage|p1a: Morpeko|30/100
|move|p1a: Morpeko|Aura Wheel|p2a: The King
|-damage|p2a: The King|10/100
|-boost|p1a: Morpeko|spe|1
|
|-formechange|p1a: Morpeko|Morpeko-Hangry||[from] ability: Hunger Switch
|upkeep
|turn|27
|
|t:|1759051578
|move|p2a: The King|Sucker Punch||[still]
|-fail|p2a: The King
|move|p1a: Morpeko|Parting Shot|p2a: The King
|-unboost|p2a: The King|atk|1
|-unboost|p2a: The King|spa|1
|
|-formechange|p1a: Morpeko|Morpeko||[from] ability: Hunger Switch
|upkeep
|turn|28
|
|t:|1759051589
|move|p2a: The King|Sucker Punch|p1a: Morpeko
|-resisted|p1a: Morpeko
|-damage|p1a: Morpeko|0 fnt
|faint|p1a: Morpeko
|
|win|Harms Way
|raw|franciscodragon1's rating: 1157 &rarr; <strong>1134</strong><br />(-23 for losing)
|raw|Harms Way's rating: 1180 &rarr; <strong>1203</strong><br />(+23 for winning)
|c|☆Harms Way|Why do noobs always use protect on offensive mon where it makes no sense?
|l|☆franciscodragon1
|player|p1|
|l|☆Harms Way
|player|p2|
