|j|☆Seltzergod
|j|☆WeR#4Hay!
|t:|1759008334
|gametype|singles
|player|p1|Seltzergod|flannery|1616
|player|p2|WeR#4Hay!|170|1711
|gen|9
|tier|[Gen 9] OU
|rated|
|rule|HP Percentage Mod: HP is shown in percentages
|rule|Endless Battle Clause: Forcing endless battles is banned
|rule|Species Clause: Limit one of each Pokémon
|rule|OHKO Clause: OHKO moves are banned
|rule|Evasion Items Clause: Evasion items are banned
|rule|Evasion Moves Clause: Evasion moves are banned
|rule|Evasion Abilities Clause: Evasion abilities are banned
|rule|Sleep Moves Clause: Sleep-inducing moves are banned
|clearpoke
|poke|p1|Alomomola, F|
|poke|p1|Raging Bolt|
|poke|p1|Iron Treads|
|poke|p1|Ogerpon-Wellspring, F|
|poke|p1|Mandibuzz, F|
|poke|p1|Meowscarada, F|
|poke|p2|Hydrapple, F|
|poke|p2|Slowking, M|
|poke|p2|Iron Treads|
|poke|p2|Moltres|
|poke|p2|Zamazenta-*|
|poke|p2|Kingambit, F|
|teampreview
|
|t:|1759008342
|teamsize|p1|6
|teamsize|p2|6
|start
|switch|p1a: Ogerpon|Ogerpon-Wellspring, F|100/100
|switch|p2a: Slowking|Slowking, M|100/100
|turn|1
|
|t:|1759008348
|switch|p2a: Moltres|Moltres|100/100
|move|p1a: Ogerpon|Knock Off|p2a: Moltres
|-damage|p2a: Moltres|75/100
|-status|p1a: Ogerpon|brn|[from] ability: Flame Body|[of] p2a: Moltres
|-enditem|p2a: Moltres|Heavy-Duty Boots|[from] move: Knock Off|[of] p1a: Ogerpon
|
|-damage|p1a: Ogerpon|95/100 brn|[from] brn
|upkeep
|turn|2
|
|t:|1759008364
|switch|p2a: TheTransGambit|Kingambit, F|100/100
|move|p1a: Ogerpon|Spikes|p2a: TheTransGambit
|-sidestart|p2: WeR#4Hay!|Spikes
|
|-damage|p1a: Ogerpon|89/100 brn|[from] brn
|upkeep
|turn|3
|inactive|Battle timer is ON: inactive players will automatically lose when time's up. (requested by Seltzergod)
|
|t:|1759008369
|move|p1a: Ogerpon|U-turn|p2a: TheTransGambit
|-crit|p2a: TheTransGambit
|-damage|p2a: TheTransGambit|83/100
|
|t:|1759008371
|switch|p1a: Mandibuzz|Mandibuzz, F|100/100|[from] U-turn
|move|p2a: TheTransGambit|Kowtow Cleave|p1a: Mandibuzz
|-resisted|p1a: Mandibuzz
|-crit|p1a: Mandibuzz
|-damage|p1a: Mandibuzz|80/100
|
|-heal|p2a: TheTransGambit|89/100|[from] item: Leftovers
|upkeep
|turn|4
|
|t:|1759008379
|-end|p2a: TheTransGambit|fallenundefined|[silent]
|switch|p2a: Iron Treads|Iron Treads|100/100
|-damage|p2a: Iron Treads|88/100|[from] Spikes
|move|p1a: Mandibuzz|U-turn|p2a: Iron Treads
|-resisted|p2a: Iron Treads
|-damage|p2a: Iron Treads|84/100
|
|t:|1759008395
|switch|p1a: Iron Treads|Iron Treads|100/100|[from] U-turn
|-enditem|p1a: Iron Treads|Booster Energy
|-activate|p1a: Iron Treads|ability: Quark Drive|[fromitem]
|-start|p1a: Iron Treads|quarkdriveatk
|
|-heal|p2a: Iron Treads|90/100|[from] item: Leftovers
|upkeep
|turn|5
|
|t:|1759008421
|-end|p2a: Iron Treads|Quark Drive|[silent]
|switch|p2a: Moltres|Moltres|75/100
|move|p1a: Iron Treads|Earthquake|p2a: Moltres
|-immune|p2a: Moltres
|
|upkeep
|turn|6
|
|t:|1759008428
|-end|p1a: Iron Treads|Quark Drive|[silent]
|switch|p1a: Ogerpon|Ogerpon-Wellspring, F|89/100 brn
|move|p2a: Moltres|Flamethrower|p1a: Ogerpon
|-damage|p1a: Ogerpon|48/100 brn
|
|-damage|p1a: Ogerpon|42/100 brn|[from] brn
|upkeep
|turn|7
|
|t:|1759008440
|switch|p2a: Slowking|Slowking, M|100/100
|move|p1a: Ogerpon|Ivy Cudgel|p2a: Slowking|[anim] Ivy Cudgel Water
|-resisted|p2a: Slowking
|-damage|p2a: Slowking|86/100
|
|-damage|p1a: Ogerpon|36/100 brn|[from] brn
|upkeep
|turn|8
|
|t:|1759008450
|switch|p2a: Moltres|Moltres|75/100
|move|p1a: Ogerpon|U-turn|p2a: Moltres
|-resisted|p2a: Moltres
|-damage|p2a: Moltres|72/100
|
|t:|1759008452
|switch|p1a: Raging Bolt|Raging Bolt|100/100|[from] U-turn
|
|upkeep
|turn|9
|
|t:|1759008456
|switch|p2a: Iron Treads|Iron Treads|90/100
|-damage|p2a: Iron Treads|77/100|[from] Spikes
|move|p1a: Raging Bolt|Draco Meteor|p2a: Iron Treads
|-resisted|p2a: Iron Treads
|-damage|p2a: Iron Treads|28/100
|-unboost|p1a: Raging Bolt|spa|2
|
|-heal|p2a: Iron Treads|34/100|[from] item: Leftovers
|upkeep
|turn|10
|
|t:|1759008463
|-end|p1a: Raging Bolt|Protosynthesis|[silent]
|switch|p1a: Mandibuzz|Mandibuzz, F|80/100
|move|p2a: Iron Treads|Rapid Spin|p1a: Mandibuzz
|-crit|p1a: Mandibuzz
|-damage|p1a: Mandibuzz|69/100
|-boost|p2a: Iron Treads|spe|1
|-sideend|p2: WeR#4Hay!|Spikes|[from] move: Rapid Spin|[of] p2a: Iron Treads
|
|-heal|p2a: Iron Treads|40/100|[from] item: Leftovers
|upkeep
|turn|11
|
|t:|1759008471
|-end|p2a: Iron Treads|Quark Drive|[silent]
|switch|p2a: Moltres|Moltres|72/100
|move|p1a: Mandibuzz|U-turn|p2a: Moltres
|-resisted|p2a: Moltres
|-damage|p2a: Moltres|70/100
|
|t:|1759008480
|switch|p1a: Raging Bolt|Raging Bolt|100/100|[from] U-turn
|
|upkeep
|turn|12
|
|t:|1759008493
|switch|p2a: TheTransGambit|Kingambit, F|89/100
|move|p1a: Raging Bolt|Draco Meteor|p2a: TheTransGambit
|-resisted|p2a: TheTransGambit
|-damage|p2a: TheTransGambit|35/100
|-unboost|p1a: Raging Bolt|spa|2
|
|-heal|p2a: TheTransGambit|41/100|[from] item: Leftovers
|upkeep
|turn|13
|
|t:|1759008507
|-end|p1a: Raging Bolt|Protosynthesis|[silent]
|switch|p1a: Mandibuzz|Mandibuzz, F|69/100
|-end|p2a: TheTransGambit|fallenundefined|[silent]
|switch|p2a: Hydrapple|Hydrapple, F|100/100
|
|upkeep
|turn|14
|
|t:|1759008513
|move|p2a: Hydrapple|Fickle Beam|p1a: Mandibuzz|[anim] Fickle Beam All Out
|-activate|p2a: Hydrapple|move: Fickle Beam
|-damage|p1a: Mandibuzz|0 fnt
|faint|p1a: Mandibuzz
|-damage|p2a: Hydrapple|91/100|[from] item: Life Orb
|
|upkeep
|
|t:|1759008517
|switch|p1a: Raging Bolt|Raging Bolt|100/100
|turn|15
|
|t:|1759008524
|switch|p2a: TheTransGambit|Kingambit, F|41/100
|move|p1a: Raging Bolt|Draco Meteor|p2a: TheTransGambit
|-resisted|p2a: TheTransGambit
|-damage|p2a: TheTransGambit|0 fnt
|-unboost|p1a: Raging Bolt|spa|2
|faint|p2a: TheTransGambit
|-end|p2a: TheTransGambit|fallenundefined|[silent]
|
|upkeep
|inactive|WeR#4Hay! has 120 seconds left.
|inactive|WeR#4Hay! has 90 seconds left.
|
|t:|1759008601
|switch|p2a: Iron Treads|Iron Treads|40/100
|turn|16
|
|t:|1759008604
|-end|p2a: Iron Treads|Quark Drive|[silent]
|switch|p2a: Hydrapple|Hydrapple, F|100/100
|-end|p1a: Raging Bolt|Protosynthesis|[silent]
|switch|p1a: Alomomola|Alomomola, F|100/100
|
|upkeep
|turn|17
|
|t:|1759008608
|switch|p1a: Iron Treads|Iron Treads|100/100
|move|p2a: Hydrapple|Leaf Storm|p1a: Iron Treads
|-damage|p1a: Iron Treads|0 fnt
|-unboost|p2a: Hydrapple|spa|2
|faint|p1a: Iron Treads
|-end|p1a: Iron Treads|Quark Drive|[silent]
|-damage|p2a: Hydrapple|91/100|[from] item: Life Orb
|
|upkeep
|
|t:|1759008611
|switch|p1a: Raging Bolt|Raging Bolt|100/100
|turn|18
|
|t:|1759008617
|switch|p2a: Slowking|Slowking, M|100/100
|move|p1a: Raging Bolt|Draco Meteor|p2a: Slowking
|-damage|p2a: Slowking|29/100
|-unboost|p1a: Raging Bolt|spa|2
|
|upkeep
|turn|19
|
|t:|1759008624
|switch|p2a: Iron Treads|Iron Treads|40/100
|move|p1a: Raging Bolt|Draco Meteor|p2a: Iron Treads|[miss]
|-miss|p1a: Raging Bolt|p2a: Iron Treads
|
|-heal|p2a: Iron Treads|46/100|[from] item: Leftovers
|upkeep
|turn|20
|
|t:|1759008629
|-end|p2a: Iron Treads|Quark Drive|[silent]
|switch|p2a: Hydrapple|Hydrapple, F|100/100
|-end|p1a: Raging Bolt|Protosynthesis|[silent]
|switch|p1a: Ogerpon|Ogerpon-Wellspring, F|36/100 brn
|
|-damage|p1a: Ogerpon|30/100 brn|[from] brn
|upkeep
|turn|21
|
|t:|1759008634
|move|p1a: Ogerpon|Spikes|p2a: Hydrapple
|-sidestart|p2: WeR#4Hay!|Spikes
|move|p2a: Hydrapple|Fickle Beam|p1a: Ogerpon
|-damage|p1a: Ogerpon|0 fnt
|faint|p1a: Ogerpon
|-damage|p2a: Hydrapple|91/100|[from] item: Life Orb
|
|upkeep
|
|t:|1759008635
|switch|p1a: Raging Bolt|Raging Bolt|100/100
|turn|22
|
|t:|1759008638
|switch|p2a: Slowking|Slowking, M|63/100
|move|p1a: Raging Bolt|Draco Meteor|p2a: Slowking
|-damage|p2a: Slowking|0 fnt
|-unboost|p1a: Raging Bolt|spa|2
|faint|p2a: Slowking
|
|upkeep
|
|t:|1759008644
|switch|p2a: Iron Treads|Iron Treads|46/100
|-damage|p2a: Iron Treads|34/100|[from] Spikes
|turn|23
|
|t:|1759008648
|-end|p1a: Raging Bolt|Protosynthesis|[silent]
|switch|p1a: Alomomola|Alomomola, F|100/100
|move|p2a: Iron Treads|Rapid Spin|p1a: Alomomola
|-damage|p1a: Alomomola|92/100
|-boost|p2a: Iron Treads|spe|1
|-sideend|p2: WeR#4Hay!|Spikes|[from] move: Rapid Spin|[of] p2a: Iron Treads
|
|-heal|p2a: Iron Treads|40/100|[from] item: Leftovers
|upkeep
|turn|24
|
|t:|1759008653
|-end|p2a: Iron Treads|Quark Drive|[silent]
|switch|p2a: Hydrapple|Hydrapple, F|100/100
|move|p1a: Alomomola|Flip Turn|p2a: Hydrapple
|-resisted|p2a: Hydrapple
|-damage|p2a: Hydrapple|97/100
|
|t:|1759008656
|switch|p1a: Raging Bolt|Raging Bolt|100/100|[from] Flip Turn
|
|upkeep
|turn|25
|
|t:|1759008660
|switch|p2a: Zamazenta|Zamazenta|100/100
|-ability|p2a: Zamazenta|Dauntless Shield|boost
|-boost|p2a: Zamazenta|def|1
|move|p1a: Raging Bolt|Volt Switch|p2a: Zamazenta
|-damage|p2a: Zamazenta|47/100
|
|t:|1759008664
|-end|p1a: Raging Bolt|Protosynthesis|[silent]
|switch|p1a: Alomomola|Alomomola, F|100/100|[from] Volt Switch
|
|upkeep
|turn|26
|
|t:|1759008671
|-terastallize|p2a: Zamazenta|Fighting
|move|p2a: Zamazenta|Close Combat|p1a: Alomomola
|-damage|p1a: Alomomola|19/100
|-unboost|p2a: Zamazenta|def|1
|-unboost|p2a: Zamazenta|spd|1
|move|p1a: Alomomola|Flip Turn|p2a: Zamazenta
|-damage|p2a: Zamazenta|32/100
|
|t:|1759008676
|switch|p1a: Raging Bolt|Raging Bolt|100/100|[from] Flip Turn
|
|upkeep
|turn|27
|
|t:|1759008678
|move|p1a: Raging Bolt|Thunderclap|p2a: Zamazenta
|-damage|p2a: Zamazenta|0 fnt
|faint|p2a: Zamazenta
|
|upkeep
|
|t:|1759008684
|switch|p2a: Hydrapple|Hydrapple, F|100/100
|turn|28
|
|t:|1759008712
|-end|p1a: Raging Bolt|Protosynthesis|[silent]
|switch|p1a: Meowscarada|Meowscarada, F|100/100
|move|p2a: Hydrapple|Fickle Beam|p1a: Meowscarada
|-damage|p1a: Meowscarada|18/100
|-damage|p2a: Hydrapple|91/100|[from] item: Life Orb
|
|upkeep
|turn|29
|
|t:|1759008721
|switch|p2a: Moltres|Moltres|70/100
|move|p1a: Meowscarada|U-turn|p2a: Moltres
|-resisted|p2a: Moltres
|-damage|p2a: Moltres|65/100
|
|t:|1759008723
|switch|p1a: Raging Bolt|Raging Bolt|100/100|[from] U-turn
|
|upkeep
|turn|30
|
|t:|1759008733
|switch|p2a: Iron Treads|Iron Treads|40/100
|move|p1a: Raging Bolt|Draco Meteor|p2a: Iron Treads
|-resisted|p2a: Iron Treads
|-damage|p2a: Iron Treads|0 fnt
|-unboost|p1a: Raging Bolt|spa|2
|faint|p2a: Iron Treads
|-end|p2a: Iron Treads|Quark Drive|[silent]
|
|upkeep
|
|t:|1759008741
|switch|p2a: Hydrapple|Hydrapple, F|100/100
|turn|31
|
|t:|1759008743
|switch|p2a: Moltres|Moltres|65/100
|move|p1a: Raging Bolt|Draco Meteor|p2a: Moltres|[miss]
|-miss|p1a: Raging Bolt|p2a: Moltres
|
|upkeep
|turn|32
|
|t:|1759008748
|-end|p1a: Raging Bolt|Protosynthesis|[silent]
|switch|p1a: Alomomola|Alomomola, F|52/100
|move|p2a: Moltres|U-turn|p1a: Alomomola
|-damage|p1a: Alomomola|43/100
|
|t:|1759008752
|switch|p2a: Hydrapple|Hydrapple, F|100/100|[from] U-turn
|
|upkeep
|turn|33
|
|t:|1759008765
|switch|p1a: Meowscarada|Meowscarada, F|18/100
|move|p2a: Hydrapple|Fickle Beam|p1a: Meowscarada|[anim] Fickle Beam All Out
|-activate|p2a: Hydrapple|move: Fickle Beam
|-damage|p1a: Meowscarada|0 fnt
|faint|p1a: Meowscarada
|-damage|p2a: Hydrapple|91/100|[from] item: Life Orb
|
|upkeep
|
|t:|1759008771
|switch|p1a: Alomomola|Alomomola, F|76/100
|turn|34
|
|t:|1759008775
|-terastallize|p1a: Alomomola|Normal
|move|p2a: Hydrapple|Leaf Storm|p1a: Alomomola
|-damage|p1a: Alomomola|28/100
|-unboost|p2a: Hydrapple|spa|2
|-damage|p2a: Hydrapple|81/100|[from] item: Life Orb
|move|p1a: Alomomola|Mirror Coat|p2a: Hydrapple
|-damage|p2a: Hydrapple|0 fnt
|faint|p2a: Hydrapple
|
|upkeep
|
|t:|1759008780
|switch|p2a: Moltres|Moltres|65/100
|turn|35
|
|t:|1759008785
|move|p2a: Moltres|Flamethrower|p1a: Alomomola
|-damage|p1a: Alomomola|7/100
|move|p1a: Alomomola|Flip Turn|p2a: Moltres
|-supereffective|p2a: Moltres
|-damage|p2a: Moltres|42/100
|
|t:|1759008787
|switch|p1a: Raging Bolt|Raging Bolt|100/100|[from] Flip Turn
|
|upkeep
|turn|36
|
|t:|1759008789
|move|p1a: Raging Bolt|Volt Switch|p2a: Moltres
|-supereffective|p2a: Moltres
|-damage|p2a: Moltres|0 fnt
|faint|p2a: Moltres
|
|win|Seltzergod
|raw|Seltzergod's rating: 1616 &rarr; <strong>1641</strong><br />(+25 for winning)
|raw|WeR#4Hay!'s rating: 1711 &rarr; <strong>1686</strong><br />(-25 for losing)
|c|☆WeR#4Hay!|gg
|c|☆Seltzergod|gg
|l|☆Seltzergod
|player|p1|
