|j|☆101Darmanitans
|j|☆DragonLordEXMaster
|t:|1759024589
|gametype|singles
|player|p1|101Darmanitans|morty|1558
|player|p2|DragonLordEXMaster|liko|1597
|gen|9
|tier|[Gen 9] OU
|rated|
|rule|HP Percentage Mod: HP is shown in percentages
|rule|Endless Battle Clause: Forcing endless battles is banned
|rule|Species Clause: Limit one of each Pokémon
|rule|OHKO Clause: OHKO moves are banned
|rule|Evasion Items Clause: Evasion items are banned
|rule|Evasion Moves Clause: Evasion moves are banned
|rule|Evasion Abilities Clause: Evasion abilities are banned
|rule|Sleep Moves Clause: Sleep-inducing moves are banned
|clearpoke
|poke|p1|Quaquaval, M|
|poke|p1|Slowking-Galar, F|
|poke|p1|Corviknight, F|
|poke|p1|Raging Bolt|
|poke|p1|Landorus-Therian, M|
|poke|p1|Meowscarada, F|
|poke|p2|Cloyster, M|
|poke|p2|Ninetales-Alola, M|
|poke|p2|Ogerpon-Wellspring, F|
|poke|p2|Polteageist|
|poke|p2|Dragonite, M|
|poke|p2|Iron Treads|
|teampreview
|inactive|Battle timer is ON: inactive players will automatically lose when time's up. (requested by DragonLordEXMaster)
|
|t:|1759024610
|teamsize|p1|6
|teamsize|p2|6
|start
|switch|p1a: Raging Bolt|Raging Bolt|100/100
|switch|p2a: Iron Treads|Iron Treads|100/100
|-enditem|p2a: Iron Treads|Booster Energy
|-activate|p2a: Iron Treads|ability: Quark Drive|[fromitem]
|-start|p2a: Iron Treads|quarkdrivespe
|turn|1
|
|t:|1759024614
|move|p2a: Iron Treads|Stealth Rock|p1a: Raging Bolt
|-sidestart|p1: 101Darmanitans|move: Stealth Rock
|move|p1a: Raging Bolt|Draco Meteor|p2a: Iron Treads
|-resisted|p2a: Iron Treads
|-damage|p2a: Iron Treads|14/100
|-unboost|p1a: Raging Bolt|spa|2
|
|upkeep
|turn|2
|
|t:|1759024620
|-end|p1a: Raging Bolt|Protosynthesis|[silent]
|switch|p1a: Corviknight|Corviknight, F|100/100
|-damage|p1a: Corviknight|88/100|[from] Stealth Rock
|-ability|p1a: Corviknight|Pressure
|move|p2a: Iron Treads|Steel Beam|p1a: Corviknight|[miss]
|-miss|p2a: Iron Treads|p1a: Corviknight
|-damage|p2a: Iron Treads|0 fnt|[from] steelbeam
|faint|p2a: Iron Treads
|-end|p2a: Iron Treads|Quark Drive|[silent]
|
|upkeep
|
|t:|1759024622
|switch|p2a: Ninetales|Ninetales-Alola, M, shiny|100/100
|-weather|Snowscape|[from] ability: Snow Warning|[of] p2a: Ninetales
|turn|3
|
|t:|1759024624
|move|p2a: Ninetales|Aurora Veil|p2a: Ninetales
|-sidestart|p2: DragonLordEXMaster|move: Aurora Veil
|move|p1a: Corviknight|Defog|p2a: Ninetales
|-unboost|p2a: Ninetales|evasion|1
|-sideend|p2: DragonLordEXMaster|move: Aurora Veil
|-sideend|p1: 101Darmanitans|Stealth Rock|[from] move: Defog|[of] p1a: Corviknight
|
|-weather|Snowscape|[upkeep]
|upkeep
|turn|4
|
|t:|1759024643
|move|p2a: Ninetales|Aurora Veil|p2a: Ninetales
|-sidestart|p2: DragonLordEXMaster|move: Aurora Veil
|move|p1a: Corviknight|Brave Bird|p2a: Ninetales
|-damage|p2a: Ninetales|85/100
|-damage|p1a: Corviknight|84/100|[from] Recoil
|
|-weather|Snowscape|[upkeep]
|upkeep
|turn|5
|
|t:|1759024646
|move|p2a: Ninetales|Encore|p1a: Corviknight
|-start|p1a: Corviknight|Encore
|move|p1a: Corviknight|Brave Bird|p2a: Ninetales
|-damage|p2a: Ninetales|70/100
|-damage|p1a: Corviknight|79/100|[from] Recoil
|
|-weather|Snowscape|[upkeep]
|upkeep
|turn|6
|
|t:|1759024652
|switch|p2a: Cloyster|Cloyster, M, shiny|100/100
|switch|p1a: Slowking|Slowking-Galar, F|100/100
|
|-weather|Snowscape|[upkeep]
|upkeep
|turn|7
|
|t:|1759024663
|move|p2a: Cloyster|Shell Smash|p2a: Cloyster
|-unboost|p2a: Cloyster|def|1
|-unboost|p2a: Cloyster|spd|1
|-boost|p2a: Cloyster|atk|2
|-boost|p2a: Cloyster|spa|2
|-boost|p2a: Cloyster|spe|2
|move|p1a: Slowking|Sludge Bomb|p2a: Cloyster
|-damage|p2a: Cloyster|43/100
|-status|p2a: Cloyster|psn
|
|-weather|none
|-damage|p2a: Cloyster|31/100 psn|[from] psn
|upkeep
|turn|8
|inactive|101Darmanitans has 120 seconds left.
|
|t:|1759024697
|switch|p1a: Raging Bolt|Raging Bolt|100/100
|-terastallize|p2a: Cloyster|Ice
|move|p2a: Cloyster|Icicle Spear|p1a: Raging Bolt
|-supereffective|p1a: Raging Bolt
|-damage|p1a: Raging Bolt|30/100
|-supereffective|p1a: Raging Bolt
|-damage|p1a: Raging Bolt|0 fnt
|faint|p1a: Raging Bolt
|-end|p1a: Raging Bolt|Protosynthesis|[silent]
|-hitcount|p1: Raging Bolt|2
|
|-damage|p2a: Cloyster|19/100 psn|[from] psn
|upkeep
|inactive|101Darmanitans has 120 seconds left.
|
|t:|1759024720
|switch|p1a: Meowscarada|Meowscarada, F|100/100
|turn|9
|
|t:|1759024733
|move|p2a: Cloyster|Ice Shard|p1a: Meowscarada
|-supereffective|p1a: Meowscarada
|-damage|p1a: Meowscarada|0 fnt
|faint|p1a: Meowscarada
|
|-damage|p2a: Cloyster|7/100 psn|[from] psn
|upkeep
|
|t:|1759024754
|switch|p1a: Quaquaval|Quaquaval, M|100/100
|turn|10
|
|t:|1759024759
|move|p2a: Cloyster|Icicle Spear|p1a: Quaquaval
|-resisted|p1a: Quaquaval
|-crit|p1a: Quaquaval
|-damage|p1a: Quaquaval|64/100
|-resisted|p1a: Quaquaval
|-damage|p1a: Quaquaval|39/100
|-resisted|p1a: Quaquaval
|-damage|p1a: Quaquaval|13/100
|-resisted|p1a: Quaquaval
|-damage|p1a: Quaquaval|0 fnt
|faint|p1a: Quaquaval
|-hitcount|p1: Quaquaval|4
|
|-damage|p2a: Cloyster|0 fnt|[from] psn
|faint|p2a: Cloyster
|upkeep
|
|t:|1759024771
|switch|p1a: Slowking|Slowking-Galar, F|100/100
|switch|p2a: Ogerpon|Ogerpon-Wellspring, F|100/100
|turn|11
|
|t:|1759024776
|move|p2a: Ogerpon|Swords Dance|p2a: Ogerpon
|-boost|p2a: Ogerpon|atk|2
|move|p1a: Slowking|Thunder Wave|p2a: Ogerpon
|-status|p2a: Ogerpon|par
|
|-sideend|p2: DragonLordEXMaster|move: Aurora Veil
|upkeep
|turn|12
|
|t:|1759024781
|cant|p2a: Ogerpon|par
|move|p1a: Slowking|Sludge Bomb|p2a: Ogerpon
|-supereffective|p2a: Ogerpon
|-damage|p2a: Ogerpon|27/100 par
|
|upkeep
|turn|13
|
|t:|1759024783
|move|p2a: Ogerpon|Ivy Cudgel|p1a: Slowking|[anim] Ivy Cudgel Water
|-damage|p1a: Slowking|0 fnt
|faint|p1a: Slowking
|
|upkeep
|
|t:|1759024786
|switch|p1a: Landorus|Landorus-Therian, M|100/100
|-ability|p1a: Landorus|Intimidate|boost
|-unboost|p2a: Ogerpon|atk|1
|turn|14
|
|t:|1759024791
|move|p1a: Landorus|Stealth Rock|p2a: Ogerpon
|-sidestart|p2: DragonLordEXMaster|move: Stealth Rock
|move|p2a: Ogerpon|Ivy Cudgel|p1a: Landorus|[anim] Ivy Cudgel Water
|-supereffective|p1a: Landorus
|-damage|p1a: Landorus|0 fnt
|faint|p1a: Landorus
|
|upkeep
|
|t:|1759024793
|switch|p1a: Corviknight|Corviknight, F|79/100
|-ability|p1a: Corviknight|Pressure
|turn|15
|
|t:|1759024797
|move|p2a: Ogerpon|Ivy Cudgel|p1a: Corviknight|[anim] Ivy Cudgel Water
|-damage|p1a: Corviknight|25/100
|move|p1a: Corviknight|Brave Bird|p2a: Ogerpon
|-supereffective|p2a: Ogerpon
|-damage|p2a: Ogerpon|0 fnt
|faint|p2a: Ogerpon
|-damage|p1a: Corviknight|18/100|[from] Recoil
|
|upkeep
|
|t:|1759024801
|switch|p2a: Ninetales|Ninetales-Alola, M, shiny|70/100
|-damage|p2a: Ninetales|46/100|[from] Stealth Rock
|-weather|Snowscape|[from] ability: Snow Warning|[of] p2a: Ninetales
|turn|16
|
|t:|1759024804
|move|p2a: Ninetales|Encore|p1a: Corviknight
|-start|p1a: Corviknight|Encore
|move|p1a: Corviknight|Brave Bird|p2a: Ninetales
|-damage|p2a: Ninetales|14/100
|-damage|p1a: Corviknight|9/100|[from] Recoil
|
|-weather|Snowscape|[upkeep]
|upkeep
|turn|17
|
|t:|1759024807
|move|p2a: Ninetales|Freeze-Dry|p1a: Corviknight
|-damage|p1a: Corviknight|0 fnt
|faint|p1a: Corviknight
|
|win|DragonLordEXMaster
|raw|101Darmanitans's rating: 1558 &rarr; <strong>1539</strong><br />(-19 for losing)
|raw|DragonLordEXMaster's rating: 1582 &rarr; <strong>1601</strong><br />(+19 for winning)
|l|☆101Darmanitans
|player|p1|
