|j|☆Kwaga
|j|☆Pig Perfect
|t:|1758996600
|gametype|singles
|player|p1|Kwaga|yellow|1447
|player|p2|Pig Perfect|workerice|1465
|gen|9
|tier|[Gen 9] OU
|rated|
|rule|HP Percentage Mod: HP is shown in percentages
|rule|Endless Battle Clause: Forcing endless battles is banned
|rule|Species Clause: Limit one of each Pokémon
|rule|OHKO Clause: OHKO moves are banned
|rule|Evasion Items Clause: Evasion items are banned
|rule|Evasion Moves Clause: Evasion moves are banned
|rule|Evasion Abilities Clause: Evasion abilities are banned
|rule|Sleep Moves Clause: Sleep-inducing moves are banned
|clearpoke
|poke|p1|Dragonite, M|
|poke|p1|Iron Moth|
|poke|p1|Hatterene, F|
|poke|p1|Ogerpon-Cornerstone, F|
|poke|p1|Clodsire, M|
|poke|p1|Corviknight, M|
|poke|p2|Alomomola, F|
|poke|p2|Glimmora, M|
|poke|p2|Hatterene, F|
|poke|p2|Magnezone|
|poke|p2|Rillaboom, M|
|poke|p2|Ursaluna, M|
|teampreview
|
|t:|1758996616
|teamsize|p1|6
|teamsize|p2|6
|start
|switch|p1a: Iron Moth|Iron Moth, shiny|100/100
|switch|p2a: Alomomola|Alomomola, F|100/100
|turn|1
|
|t:|1758996625
|move|p1a: Iron Moth|U-turn|p2a: Alomomola
|-damage|p2a: Alomomola|95/100
|
|t:|1758996627
|-end|p1a: Iron Moth|Quark Drive|[silent]
|switch|p1a: Clodsire|Clodsire, M, shiny|100/100|[from] U-turn
|move|p2a: Alomomola|Flip Turn|p1a: Clodsire
|-immune|p1a: Clodsire|[from] ability: Water Absorb
|
|upkeep
|turn|2
|
|t:|1758996633
|switch|p2a: Hatterene|Hatterene, F|100/100
|move|p1a: Clodsire|Poison Jab|p2a: Hatterene
|-supereffective|p2a: Hatterene
|-damage|p2a: Hatterene|50/100
|-status|p2a: Hatterene|psn
|
|-damage|p2a: Hatterene|37/100 psn|[from] psn
|upkeep
|turn|3
|
|t:|1758996638
|move|p2a: Hatterene|Psyshock|p1a: Clodsire
|-supereffective|p1a: Clodsire
|-damage|p1a: Clodsire|10/100
|move|p1a: Clodsire|Poison Jab|p2a: Hatterene
|-supereffective|p2a: Hatterene
|-damage|p2a: Hatterene|0 fnt
|faint|p2a: Hatterene
|
|-heal|p1a: Clodsire|16/100|[from] item: Leftovers
|upkeep
|
|t:|1758996647
|switch|p2a: Glimmora|Glimmora, M|100/100
|turn|4
|
|t:|1758996658
|switch|p1a: Hatterene|Hatterene, F, shiny|100/100
|move|p2a: Glimmora|Earth Power|p1a: Hatterene
|-damage|p1a: Hatterene|69/100
|
|upkeep
|turn|5
|
|t:|1758996664
|switch|p2a: Magnezone|Magnezone|100/100
|move|p1a: Hatterene|Psyshock|p2a: Magnezone
|-resisted|p2a: Magnezone
|-damage|p2a: Magnezone|82/100
|
|upkeep
|turn|6
|
|t:|1758996672
|switch|p1a: Iron Moth|Iron Moth, shiny|100/100
|move|p2a: Magnezone|Flash Cannon|p1a: Iron Moth
|-resisted|p1a: Iron Moth
|-damage|p1a: Iron Moth|50/100
|
|upkeep
|turn|7
|
|t:|1758996680
|switch|p2a: Glimmora|Glimmora, M|100/100
|move|p1a: Iron Moth|Overheat|p2a: Glimmora|[miss]
|-miss|p1a: Iron Moth|p2a: Glimmora
|
|upkeep
|turn|8
|
|t:|1758996684
|-end|p1a: Iron Moth|Quark Drive|[silent]
|switch|p1a: Hatterene|Hatterene, F, shiny|69/100
|move|p2a: Glimmora|Stealth Rock|p1a: Hatterene
|move|p1a: Hatterene|Stealth Rock|p2a: Glimmora|[from] ability: Magic Bounce
|-sidestart|p2: Pig Perfect|move: Stealth Rock
|
|upkeep
|turn|9
|
|t:|1758996693
|move|p2a: Glimmora|Mortal Spin|p1a: Hatterene
|-supereffective|p1a: Hatterene
|-damage|p1a: Hatterene|59/100
|-sideend|p2: Pig Perfect|Stealth Rock|[from] move: Mortal Spin|[of] p2a: Glimmora
|move|p1a: Hatterene|Mystical Fire|p2a: Glimmora
|-resisted|p2a: Glimmora
|-damage|p2a: Glimmora|86/100
|-unboost|p2a: Glimmora|spa|1
|
|upkeep
|turn|10
|
|t:|1758996697
|switch|p2a: Magnezone|Magnezone|82/100
|move|p1a: Hatterene|Mystical Fire|p2a: Magnezone
|-supereffective|p2a: Magnezone
|-damage|p2a: Magnezone|18/100
|-unboost|p2a: Magnezone|spa|1
|
|upkeep
|turn|11
|
|t:|1758996701
|switch|p1a: Iron Moth|Iron Moth, shiny|50/100
|move|p2a: Magnezone|Flash Cannon|p1a: Iron Moth
|-resisted|p1a: Iron Moth
|-damage|p1a: Iron Moth|19/100
|
|upkeep
|turn|12
|
|t:|1758996706
|switch|p2a: Alomomola|Alomomola, F|100/100
|move|p1a: Iron Moth|Fiery Dance|p2a: Alomomola
|-resisted|p2a: Alomomola
|-damage|p2a: Alomomola|59/100
|
|upkeep
|turn|13
|
|t:|1758996711
|-end|p1a: Iron Moth|Quark Drive|[silent]
|switch|p1a: Clodsire|Clodsire, M, shiny|16/100
|switch|p2a: Glimmora|Glimmora, M|86/100
|
|-heal|p1a: Clodsire|22/100|[from] item: Leftovers
|upkeep
|turn|14
|
|t:|1758996714
|move|p2a: Glimmora|Earth Power|p1a: Clodsire
|-supereffective|p1a: Clodsire
|-damage|p1a: Clodsire|0 fnt
|faint|p1a: Clodsire
|
|upkeep
|
|t:|1758996719
|switch|p1a: Ogerpon|Ogerpon-Cornerstone, F|100/100
|turn|15
|
|t:|1758996726
|move|p1a: Ogerpon|Ivy Cudgel|p2a: Glimmora|[anim] Ivy Cudgel Rock
|-damage|p2a: Glimmora|10/100
|-activate|p2a: Glimmora|ability: Toxic Debris
|-sidestart|p1: Kwaga|move: Toxic Spikes
|move|p2a: Glimmora|Stealth Rock|p1a: Ogerpon
|-sidestart|p1: Kwaga|move: Stealth Rock
|
|upkeep
|turn|16
|
|t:|1758996736
|switch|p2a: Magnezone|Magnezone|18/100
|move|p1a: Ogerpon|Knock Off|p2a: Magnezone
|-damage|p2a: Magnezone|0 fnt
|-enditem|p2a: Magnezone|Choice Specs|[from] move: Knock Off|[of] p1a: Ogerpon
|faint|p2a: Magnezone
|
|upkeep
|
|t:|1758996739
|switch|p2a: Rillaboom|Rillaboom, M|100/100
|-fieldstart|move: Grassy Terrain|[from] ability: Grassy Surge|[of] p2a: Rillaboom
|turn|17
|
|t:|1758996747
|move|p1a: Ogerpon|Knock Off|p2a: Rillaboom
|-damage|p2a: Rillaboom|60/100
|-enditem|p2a: Rillaboom|Terrain Extender|[from] move: Knock Off|[of] p1a: Ogerpon
|move|p2a: Rillaboom|U-turn|p1a: Ogerpon
|-supereffective|p1a: Ogerpon
|-damage|p1a: Ogerpon|33/100
|
|t:|1758996754
|switch|p2a: Alomomola|Alomomola, F|93/100|[from] U-turn
|
|-heal|p1a: Ogerpon|39/100|[from] Grassy Terrain
|-heal|p2a: Alomomola|99/100|[from] Grassy Terrain
|upkeep
|turn|18
|
|t:|1758996760
|switch|p2a: Rillaboom|Rillaboom, M|60/100
|move|p1a: Ogerpon|Power Whip|p2a: Rillaboom
|-resisted|p2a: Rillaboom
|-damage|p2a: Rillaboom|7/100
|
|-heal|p1a: Ogerpon|45/100|[from] Grassy Terrain
|-heal|p2a: Rillaboom|13/100|[from] Grassy Terrain
|upkeep
|turn|19
|
|t:|1758996763
|switch|p1a: Corviknight|Corviknight, M, shiny|100/100
|-damage|p1a: Corviknight|88/100|[from] Stealth Rock
|-ability|p1a: Corviknight|Pressure
|move|p2a: Rillaboom|Grassy Glide|p1a: Corviknight
|-resisted|p1a: Corviknight
|-damage|p1a: Corviknight|83/100
|-damage|p2a: Rillaboom|0 fnt|[from] item: Rocky Helmet|[of] p1a: Corviknight
|faint|p2a: Rillaboom
|
|upkeep
|
|t:|1758996767
|switch|p2a: Glimmora|Glimmora, M|10/100
|turn|20
|
|t:|1758996770
|move|p2a: Glimmora|Power Gem|p1a: Corviknight
|-damage|p1a: Corviknight|43/100
|move|p1a: Corviknight|Defog|p2a: Glimmora
|-unboost|p2a: Glimmora|evasion|1
|-sideend|p1: Kwaga|Toxic Spikes|[from] move: Defog|[of] p1a: Corviknight
|-sideend|p1: Kwaga|Stealth Rock|[from] move: Defog|[of] p1a: Corviknight
|-fieldend|move: Grassy Terrain
|
|upkeep
|turn|21
|
|t:|1758996774
|move|p2a: Glimmora|Power Gem|p1a: Corviknight
|-damage|p1a: Corviknight|6/100
|move|p1a: Corviknight|Roost|p1a: Corviknight
|-heal|p1a: Corviknight|56/100
|-singleturn|p1a: Corviknight|move: Roost
|
|upkeep
|turn|22
|
|t:|1758996777
|move|p2a: Glimmora|Power Gem|p1a: Corviknight
|-damage|p1a: Corviknight|15/100
|move|p1a: Corviknight|Roost|p1a: Corviknight
|-heal|p1a: Corviknight|65/100
|-singleturn|p1a: Corviknight|move: Roost
|
|upkeep
|turn|23
|
|t:|1758996779
|move|p2a: Glimmora|Power Gem|p1a: Corviknight
|-damage|p1a: Corviknight|25/100
|move|p1a: Corviknight|Roost|p1a: Corviknight
|-heal|p1a: Corviknight|75/100
|-singleturn|p1a: Corviknight|move: Roost
|
|upkeep
|turn|24
|
|t:|1758996782
|move|p2a: Glimmora|Stealth Rock|p1a: Corviknight
|-sidestart|p1: Kwaga|move: Stealth Rock
|move|p1a: Corviknight|Roost|p1a: Corviknight
|-heal|p1a: Corviknight|100/100
|-singleturn|p1a: Corviknight|move: Roost
|
|upkeep
|turn|25
|
|t:|1758996783
|move|p2a: Glimmora|Power Gem|p1a: Corviknight
|-damage|p1a: Corviknight|61/100
|move|p1a: Corviknight|Defog|p2a: Glimmora
|-unboost|p2a: Glimmora|evasion|1
|-sideend|p1: Kwaga|Stealth Rock|[from] move: Defog|[of] p1a: Corviknight
|
|upkeep
|turn|26
|
|t:|1758996786
|move|p2a: Glimmora|Stealth Rock|p1a: Corviknight
|-sidestart|p1: Kwaga|move: Stealth Rock
|move|p1a: Corviknight|Roost|p1a: Corviknight
|-heal|p1a: Corviknight|100/100
|-singleturn|p1a: Corviknight|move: Roost
|
|upkeep
|turn|27
|
|t:|1758996788
|move|p2a: Glimmora|Power Gem|p1a: Corviknight
|-damage|p1a: Corviknight|63/100
|move|p1a: Corviknight|Defog|p2a: Glimmora
|-unboost|p2a: Glimmora|evasion|1
|-sideend|p1: Kwaga|Stealth Rock|[from] move: Defog|[of] p1a: Corviknight
|
|upkeep
|turn|28
|
|t:|1758996793
|switch|p1a: Hatterene|Hatterene, F, shiny|59/100
|move|p2a: Glimmora|Stealth Rock|p1a: Hatterene
|move|p1a: Hatterene|Stealth Rock|p2a: Glimmora|[from] ability: Magic Bounce
|-sidestart|p2: Pig Perfect|move: Stealth Rock
|
|upkeep
|turn|29
|
|t:|1758996800
|move|p2a: Glimmora|Mortal Spin|p1a: Hatterene
|-supereffective|p1a: Hatterene
|-damage|p1a: Hatterene|50/100
|-sideend|p2: Pig Perfect|Stealth Rock|[from] move: Mortal Spin|[of] p2a: Glimmora
|move|p1a: Hatterene|Psyshock|p2a: Glimmora
|-supereffective|p2a: Glimmora
|-damage|p2a: Glimmora|0 fnt
|faint|p2a: Glimmora
|
|upkeep
|
|t:|1758996802
|switch|p2a: Ursaluna|Ursaluna, M|100/100
|turn|30
|
|t:|1758996808
|move|p2a: Ursaluna|Headlong Rush|p1a: Hatterene
|-damage|p1a: Hatterene|5/100
|-unboost|p2a: Ursaluna|def|1
|-unboost|p2a: Ursaluna|spd|1
|move|p1a: Hatterene|Draining Kiss|p2a: Ursaluna
|-damage|p2a: Ursaluna|79/100
|-heal|p1a: Hatterene|28/100|[from] drain|[of] p2a: Ursaluna
|
|-heal|p2a: Ursaluna|85/100|[from] item: Leftovers
|upkeep
|turn|31
|
|t:|1758996817
|move|p2a: Ursaluna|Headlong Rush|p1a: Hatterene
|-crit|p1a: Hatterene
|-damage|p1a: Hatterene|0 fnt
|-unboost|p2a: Ursaluna|def|1
|-unboost|p2a: Ursaluna|spd|1
|faint|p1a: Hatterene
|
|-heal|p2a: Ursaluna|92/100|[from] item: Leftovers
|upkeep
|
|t:|1758996820
|switch|p1a: Iron Moth|Iron Moth, shiny|19/100
|turn|32
|l|☆Pig Perfect
|player|p2|
|j|☆Pig Perfect
|player|p2|Pig Perfect|workerice|
|
|t:|1758996841
|switch|p2a: Alomomola|Alomomola, F|100/100
|move|p1a: Iron Moth|Sludge Wave|p2a: Alomomola
|-damage|p2a: Alomomola|11/100
|-status|p2a: Alomomola|psn
|
|-damage|p2a: Alomomola|0 fnt|[from] psn
|faint|p2a: Alomomola
|upkeep
|
|t:|1758996843
|switch|p2a: Ursaluna|Ursaluna, M|92/100
|turn|33
|
|t:|1758996847
|-end|p1a: Iron Moth|Quark Drive|[silent]
|switch|p1a: Corviknight|Corviknight, M, shiny|63/100
|-ability|p1a: Corviknight|Pressure
|move|p2a: Ursaluna|Bulk Up|p2a: Ursaluna
|-boost|p2a: Ursaluna|atk|1
|-boost|p2a: Ursaluna|def|1
|
|-heal|p2a: Ursaluna|98/100|[from] item: Leftovers
|upkeep
|turn|34
|
|t:|1758996849
|move|p1a: Corviknight|Iron Defense|p1a: Corviknight
|-boost|p1a: Corviknight|def|2
|move|p2a: Ursaluna|Taunt|p1a: Corviknight
|-start|p1a: Corviknight|move: Taunt
|
|-heal|p2a: Ursaluna|100/100|[from] item: Leftovers
|upkeep
|turn|35
|
|t:|1758996854
|-terastallize|p2a: Ursaluna|Poison
|move|p1a: Corviknight|Body Press|p2a: Ursaluna
|-resisted|p2a: Ursaluna
|-damage|p2a: Ursaluna|87/100
|move|p2a: Ursaluna|Bulk Up|p2a: Ursaluna
|-boost|p2a: Ursaluna|atk|1
|-boost|p2a: Ursaluna|def|1
|
|-heal|p2a: Ursaluna|94/100|[from] item: Leftovers
|upkeep
|turn|36
|
|t:|1758996858
|move|p1a: Corviknight|Body Press|p2a: Ursaluna
|-resisted|p2a: Ursaluna
|-damage|p2a: Ursaluna|85/100
|move|p2a: Ursaluna|Bulk Up|p2a: Ursaluna
|-boost|p2a: Ursaluna|atk|1
|-boost|p2a: Ursaluna|def|1
|
|-heal|p2a: Ursaluna|91/100|[from] item: Leftovers
|upkeep
|turn|37
|
|t:|1758996866
|move|p1a: Corviknight|Body Press|p2a: Ursaluna
|-resisted|p2a: Ursaluna
|-damage|p2a: Ursaluna|84/100
|move|p2a: Ursaluna|Ice Punch|p1a: Corviknight
|-damage|p1a: Corviknight|46/100
|-damage|p2a: Ursaluna|67/100|[from] item: Rocky Helmet|[of] p1a: Corviknight
|
|-heal|p2a: Ursaluna|74/100|[from] item: Leftovers
|-end|p1a: Corviknight|move: Taunt
|upkeep
|turn|38
|
|t:|1758996873
|move|p1a: Corviknight|Iron Defense|p1a: Corviknight
|-boost|p1a: Corviknight|def|2
|move|p2a: Ursaluna|Taunt|p1a: Corviknight
|-start|p1a: Corviknight|move: Taunt
|
|-heal|p2a: Ursaluna|80/100|[from] item: Leftovers
|upkeep
|turn|39
|
|t:|1758996879
|move|p1a: Corviknight|Body Press|p2a: Ursaluna
|-resisted|p2a: Ursaluna
|-damage|p2a: Ursaluna|69/100
|move|p2a: Ursaluna|Bulk Up|p2a: Ursaluna
|-boost|p2a: Ursaluna|atk|1
|-boost|p2a: Ursaluna|def|1
|
|-heal|p2a: Ursaluna|75/100|[from] item: Leftovers
|upkeep
|turn|40
|
|t:|1758996882
|move|p1a: Corviknight|Body Press|p2a: Ursaluna
|-resisted|p2a: Ursaluna
|-damage|p2a: Ursaluna|66/100
|move|p2a: Ursaluna|Bulk Up|p2a: Ursaluna
|-boost|p2a: Ursaluna|atk|1
|-boost|p2a: Ursaluna|def|1
|
|-heal|p2a: Ursaluna|72/100|[from] item: Leftovers
|upkeep
|turn|41
|
|t:|1758996884
|move|p1a: Corviknight|Body Press|p2a: Ursaluna
|-resisted|p2a: Ursaluna
|-crit|p2a: Ursaluna
|-damage|p2a: Ursaluna|30/100
|move|p2a: Ursaluna|Bulk Up|p2a: Ursaluna
|-boost|p2a: Ursaluna|atk|1
|-boost|p2a: Ursaluna|def|1
|
|-heal|p2a: Ursaluna|36/100|[from] item: Leftovers
|-end|p1a: Corviknight|move: Taunt
|upkeep
|turn|42
|
|t:|1758996888
|move|p1a: Corviknight|Iron Defense|p1a: Corviknight
|-boost|p1a: Corviknight|def|2
|move|p2a: Ursaluna|Taunt|p1a: Corviknight
|-start|p1a: Corviknight|move: Taunt
|
|-heal|p2a: Ursaluna|42/100|[from] item: Leftovers
|upkeep
|turn|43
|
|t:|1758996889
|move|p1a: Corviknight|Body Press|p2a: Ursaluna
|-resisted|p2a: Ursaluna
|-damage|p2a: Ursaluna|33/100
|move|p2a: Ursaluna|Ice Punch|p1a: Corviknight
|-damage|p1a: Corviknight|32/100
|-status|p1a: Corviknight|frz
|-damage|p2a: Ursaluna|17/100|[from] item: Rocky Helmet|[of] p1a: Corviknight
|
|-heal|p2a: Ursaluna|23/100|[from] item: Leftovers
|upkeep
|turn|44
|
|t:|1758996893
|-curestatus|p1a: Corviknight|frz|[msg]
|move|p1a: Corviknight|Body Press|p2a: Ursaluna
|-resisted|p2a: Ursaluna
|-damage|p2a: Ursaluna|14/100
|move|p2a: Ursaluna|Bulk Up|p2a: Ursaluna
|-boost|p2a: Ursaluna|atk|0
|-boost|p2a: Ursaluna|def|0
|
|-heal|p2a: Ursaluna|20/100|[from] item: Leftovers
|upkeep
|turn|45
|
|t:|1758996895
|move|p1a: Corviknight|Body Press|p2a: Ursaluna
|-resisted|p2a: Ursaluna
|-damage|p2a: Ursaluna|11/100
|move|p2a: Ursaluna|Taunt||[still]
|-fail|p2a: Ursaluna
|
|-heal|p2a: Ursaluna|18/100|[from] item: Leftovers
|-end|p1a: Corviknight|move: Taunt
|upkeep
|turn|46
|
|t:|1758996898
|move|p1a: Corviknight|Roost|p1a: Corviknight
|-heal|p1a: Corviknight|82/100
|-singleturn|p1a: Corviknight|move: Roost
|move|p2a: Ursaluna|Taunt|p1a: Corviknight
|-start|p1a: Corviknight|move: Taunt
|
|-heal|p2a: Ursaluna|24/100|[from] item: Leftovers
|upkeep
|turn|47
|
|t:|1758996901
|move|p1a: Corviknight|Body Press|p2a: Ursaluna
|-resisted|p2a: Ursaluna
|-crit|p2a: Ursaluna
|-damage|p2a: Ursaluna|0 fnt
|faint|p2a: Ursaluna
|
|win|Kwaga
|raw|Kwaga's rating: 1447 &rarr; <strong>1468</strong><br />(+21 for winning)
|raw|Pig Perfect's rating: 1465 &rarr; <strong>1444</strong><br />(-21 for losing)
