|j|☆WetWaterTypes
|j|☆ccncn123
|t:|1758943066
|gametype|singles
|player|p1|WetWaterTypes|yellow|1322
|player|p2|ccncn123|265|1334
|gen|9
|tier|[Gen 9] OU
|rated|
|rule|HP Percentage Mod: HP is shown in percentages
|rule|Endless Battle Clause: Forcing endless battles is banned
|rule|Species Clause: Limit one of each Pokémon
|rule|OHKO Clause: OHKO moves are banned
|rule|Evasion Items Clause: Evasion items are banned
|rule|Evasion Moves Clause: Evasion moves are banned
|rule|Evasion Abilities Clause: Evasion abilities are banned
|rule|Sleep Moves Clause: Sleep-inducing moves are banned
|clearpoke
|poke|p1|Bruxish, F|
|poke|p1|Alomomola, F|
|poke|p1|Pecharunt|
|poke|p1|Iron Treads|
|poke|p1|Meowscarada, F|
|poke|p1|Darkrai|
|poke|p2|Okidogi, M|
|poke|p2|Latios, M|
|poke|p2|Alomomola, F|
|poke|p2|Slowking-Galar, M|
|poke|p2|Great Tusk|
|poke|p2|Deoxys-Speed|
|teampreview
|inactive|Battle timer is ON: inactive players will automatically lose when time's up. (requested by ccncn123)
|
|t:|1758943084
|teamsize|p1|6
|teamsize|p2|6
|start
|switch|p1a: Bruxish|Bruxish, F|100/100
|switch|p2a: Latios|Latios, M|100/100
|turn|1
|
|t:|1758943092
|move|p2a: Latios|Draco Meteor|p1a: Bruxish
|-damage|p1a: Bruxish|0 fnt
|-unboost|p2a: Latios|spa|2
|faint|p1a: Bruxish
|
|upkeep
|
|t:|1758943100
|switch|p1a: Meowscarada|Meowscarada, F|100/100
|turn|2
|
|t:|1758943107
|switch|p2a: Okidogi|Okidogi, M|100/100
|move|p1a: Meowscarada|Knock Off|p2a: Okidogi
|-start|p1a: Meowscarada|typechange|Dark|[from] ability: Protean
|-resisted|p2a: Okidogi
|-damage|p2a: Okidogi|73/100
|-enditem|p2a: Okidogi|Assault Vest|[from] move: Knock Off|[of] p1a: Meowscarada
|
|upkeep
|turn|3
|
|t:|1758943114
|switch|p1a: Pecharunt|Pecharunt|100/100
|move|p2a: Okidogi|Knock Off|p1a: Pecharunt
|-supereffective|p1a: Pecharunt
|-damage|p1a: Pecharunt|74/100
|-enditem|p1a: Pecharunt|Heavy-Duty Boots|[from] move: Knock Off|[of] p2a: Okidogi
|
|upkeep
|turn|4
|
|t:|1758943124
|move|p1a: Pecharunt|Parting Shot|p2a: Okidogi
|-unboost|p2a: Okidogi|atk|1
|-unboost|p2a: Okidogi|spa|1
|
|t:|1758943130
|switch|p1a: Iron Treads|Iron Treads|100/100|[from] Parting Shot
|move|p2a: Okidogi|Knock Off|p1a: Iron Treads
|-damage|p1a: Iron Treads|86/100
|-enditem|p1a: Iron Treads|Leftovers|[from] move: Knock Off|[of] p2a: Okidogi
|
|upkeep
|turn|5
|
|t:|1758943138
|switch|p2a: Alomomola|Alomomola, F|100/100
|move|p1a: Iron Treads|Stealth Rock|p2a: Alomomola
|-sidestart|p2: ccncn123|move: Stealth Rock
|
|upkeep
|turn|6
|
|t:|1758943142
|move|p1a: Iron Treads|Knock Off|p2a: Alomomola
|-damage|p2a: Alomomola|83/100
|-damage|p1a: Iron Treads|70/100|[from] item: Rocky Helmet|[of] p2a: Alomomola
|-enditem|p2a: Alomomola|Rocky Helmet|[from] move: Knock Off|[of] p1a: Iron Treads
|move|p2a: Alomomola|Flip Turn|p1a: Iron Treads
|-supereffective|p1a: Iron Treads
|-damage|p1a: Iron Treads|45/100
|
|t:|1758943152
|switch|p2a: Deoxys|Deoxys-Speed|100/100|[from] Flip Turn
|-ability|p2a: Deoxys|Pressure
|
|upkeep
|turn|7
|
|t:|1758943157
|-end|p1a: Iron Treads|Quark Drive|[silent]
|switch|p1a: Alomomola|Alomomola, F|100/100
|move|p2a: Deoxys|Superpower|p1a: Alomomola
|-damage|p1a: Alomomola|83/100
|-unboost|p2a: Deoxys|atk|1
|-unboost|p2a: Deoxys|def|1
|
|upkeep
|turn|8
|
|t:|1758943160
|move|p2a: Deoxys|Energy Ball|p1a: Alomomola
|-supereffective|p1a: Alomomola
|-damage|p1a: Alomomola|55/100
|move|p1a: Alomomola|Flip Turn|p2a: Deoxys
|-damage|p2a: Deoxys|62/100
|
|t:|1758943164
|switch|p1a: Darkrai|Darkrai|100/100|[from] Flip Turn
|
|upkeep
|turn|9
|
|t:|1758943173
|switch|p2a: Okidogi|Okidogi, M|73/100
|-damage|p2a: Okidogi|67/100|[from] Stealth Rock
|move|p1a: Darkrai|Ice Beam|p2a: Okidogi
|-damage|p2a: Okidogi|41/100
|
|upkeep
|turn|10
|
|t:|1758943180
|switch|p1a: Pecharunt|Pecharunt|74/100
|move|p2a: Okidogi|Drain Punch|p1a: Pecharunt
|-immune|p1a: Pecharunt
|
|upkeep
|turn|11
|
|t:|1758943184
|move|p1a: Pecharunt|Recover|p1a: Pecharunt
|-heal|p1a: Pecharunt|100/100
|move|p2a: Okidogi|Knock Off|p1a: Pecharunt
|-supereffective|p1a: Pecharunt
|-damage|p1a: Pecharunt|82/100
|
|upkeep
|turn|12
|
|t:|1758943187
|switch|p2a: Slowking|Slowking-Galar, M|100/100
|move|p1a: Pecharunt|Parting Shot|p2a: Slowking
|-unboost|p2a: Slowking|atk|1
|-unboost|p2a: Slowking|spa|1
|
|t:|1758943191
|switch|p1a: Meowscarada|Meowscarada, F|100/100|[from] Parting Shot
|
|upkeep
|turn|13
|
|t:|1758943194
|move|p1a: Meowscarada|Knock Off|p2a: Slowking
|-start|p1a: Meowscarada|typechange|Dark|[from] ability: Protean
|-supereffective|p2a: Slowking
|-damage|p2a: Slowking|0 fnt
|-enditem|p2a: Slowking|Heavy-Duty Boots|[from] move: Knock Off|[of] p1a: Meowscarada
|faint|p2a: Slowking
|
|upkeep
|
|t:|1758943201
|switch|p2a: Great Tusk|Great Tusk|100/100
|-damage|p2a: Great Tusk|98/100|[from] Stealth Rock
|turn|14
|
|t:|1758943205
|switch|p1a: Pecharunt|Pecharunt|82/100
|move|p2a: Great Tusk|Rapid Spin|p1a: Pecharunt
|-immune|p1a: Pecharunt
|
|upkeep
|turn|15
|
|t:|1758943210
|-terastallize|p2a: Great Tusk|Ground
|move|p2a: Great Tusk|Earthquake|p1a: Pecharunt
|-supereffective|p1a: Pecharunt
|-damage|p1a: Pecharunt|17/100
|move|p1a: Pecharunt|Malignant Chain|p2a: Great Tusk
|-resisted|p2a: Great Tusk
|-damage|p2a: Great Tusk|74/100
|-status|p2a: Great Tusk|tox
|-start|p2a: Great Tusk|confusion|[from] ability: Poison Puppeteer|[of] p1a: Pecharunt
|
|-damage|p2a: Great Tusk|68/100 tox|[from] psn
|upkeep
|turn|16
|
|t:|1758943219
|switch|p1a: Meowscarada|Meowscarada, F|100/100
|-activate|p2a: Great Tusk|confusion
|move|p2a: Great Tusk|Earthquake|p1a: Meowscarada
|-resisted|p1a: Meowscarada
|-damage|p1a: Meowscarada|46/100
|
|-damage|p2a: Great Tusk|55/100 tox|[from] psn
|upkeep
|turn|17
|
|t:|1758943227
|-end|p2a: Great Tusk|Protosynthesis|[silent]
|switch|p2a: Alomomola|Alomomola, F|100/100
|-damage|p2a: Alomomola|88/100|[from] Stealth Rock
|move|p1a: Meowscarada|Triple Axel|p2a: Alomomola
|-start|p1a: Meowscarada|typechange|Ice|[from] ability: Protean
|-resisted|p2a: Alomomola
|-damage|p2a: Alomomola|83/100
|-resisted|p2a: Alomomola
|-damage|p2a: Alomomola|74/100
|-resisted|p2a: Alomomola
|-damage|p2a: Alomomola|61/100
|-hitcount|p2a: Alomomola|3
|
|upkeep
|turn|18
|
|t:|1758943243
|move|p1a: Meowscarada|Triple Axel|p2a: Alomomola
|-resisted|p2a: Alomomola
|-damage|p2a: Alomomola|56/100
|-resisted|p2a: Alomomola
|-damage|p2a: Alomomola|47/100
|-resisted|p2a: Alomomola
|-damage|p2a: Alomomola|34/100
|-hitcount|p2a: Alomomola|3
|move|p2a: Alomomola|Flip Turn|p1a: Meowscarada
|-damage|p1a: Meowscarada|21/100
|
|t:|1758943254
|switch|p2a: Latios|Latios, M|100/100|[from] Flip Turn
|-damage|p2a: Latios|88/100|[from] Stealth Rock
|
|upkeep
|turn|19
|
|t:|1758943260
|switch|p1a: Iron Treads|Iron Treads|45/100
|move|p2a: Latios|Aura Sphere|p1a: Iron Treads
|-supereffective|p1a: Iron Treads
|-damage|p1a: Iron Treads|0 fnt
|faint|p1a: Iron Treads
|-end|p1a: Iron Treads|Quark Drive|[silent]
|
|upkeep
|
|t:|1758943265
|switch|p1a: Pecharunt|Pecharunt|17/100
|turn|20
|
|t:|1758943270
|switch|p2a: Deoxys|Deoxys-Speed|62/100
|-ability|p2a: Deoxys|Pressure
|move|p1a: Pecharunt|Recover|p1a: Pecharunt
|-heal|p1a: Pecharunt|67/100
|
|upkeep
|turn|21
|
|t:|1758943278
|move|p2a: Deoxys|Superpower|p1a: Pecharunt
|-immune|p1a: Pecharunt
|move|p1a: Pecharunt|Hex|p2a: Deoxys
|-supereffective|p2a: Deoxys
|-damage|p2a: Deoxys|4/100
|
|upkeep
|turn|22
|
|t:|1758943285
|switch|p1a: Darkrai|Darkrai|100/100
|move|p2a: Deoxys|Psycho Boost|p1a: Darkrai
|-immune|p1a: Darkrai
|
|upkeep
|turn|23
|
|t:|1758943290
|move|p1a: Darkrai|Ice Beam|p2a: Deoxys
|-damage|p2a: Deoxys|0 fnt
|faint|p2a: Deoxys
|
|upkeep
|
|t:|1758943303
|switch|p2a: Alomomola|Alomomola, F|67/100
|-damage|p2a: Alomomola|55/100|[from] Stealth Rock
|turn|24
|
|t:|1758943306
|switch|p1a: Alomomola|Alomomola, F|89/100
|move|p2a: Alomomola|Wish|p2a: Alomomola
|
|upkeep
|turn|25
|
|t:|1758943312
|move|p2a: Alomomola|Flip Turn|p1a: Alomomola
|-resisted|p1a: Alomomola
|-damage|p1a: Alomomola|83/100
|
|t:|1758943315
|switch|p2a: Great Tusk|Great Tusk, tera:Ground|55/100 tox|[from] Flip Turn
|-damage|p2a: Great Tusk|49/100 tox|[from] Stealth Rock
|move|p1a: Alomomola|Scald|p2a: Great Tusk
|-supereffective|p2a: Great Tusk
|-crit|p2a: Great Tusk
|-damage|p2a: Great Tusk|0 fnt
|faint|p2a: Great Tusk
|-end|p2a: Great Tusk|Protosynthesis|[silent]
|
|upkeep
|
|t:|1758943320
|switch|p2a: Latios|Latios, M|88/100
|-damage|p2a: Latios|76/100|[from] Stealth Rock
|turn|26
|
|t:|1758943324
|move|p2a: Latios|Draco Meteor|p1a: Alomomola|[miss]
|-miss|p2a: Latios|p1a: Alomomola
|move|p1a: Alomomola|Mirror Coat||[still]
|-fail|p1a: Alomomola
|
|upkeep
|turn|27
|
|t:|1758943327
|move|p2a: Latios|Draco Meteor|p1a: Alomomola
|-damage|p1a: Alomomola|49/100
|-unboost|p2a: Latios|spa|2
|move|p1a: Alomomola|Flip Turn|p2a: Latios
|-resisted|p2a: Latios
|-damage|p2a: Latios|65/100
|
|t:|1758943330
|switch|p1a: Darkrai|Darkrai|100/100|[from] Flip Turn
|
|upkeep
|turn|28
|
|t:|1758943333
|switch|p2a: Okidogi|Okidogi, M|41/100
|-damage|p2a: Okidogi|35/100|[from] Stealth Rock
|move|p1a: Darkrai|Dark Pulse|p2a: Okidogi
|-resisted|p2a: Okidogi
|-damage|p2a: Okidogi|20/100
|
|upkeep
|turn|29
|
|t:|1758943341
|switch|p1a: Pecharunt|Pecharunt|67/100
|move|p2a: Okidogi|Knock Off|p1a: Pecharunt
|-supereffective|p1a: Pecharunt
|-damage|p1a: Pecharunt|47/100
|
|upkeep
|turn|30
|
|t:|1758943347
|move|p1a: Pecharunt|Recover|p1a: Pecharunt
|-heal|p1a: Pecharunt|97/100
|move|p2a: Okidogi|Knock Off|p1a: Pecharunt
|-supereffective|p1a: Pecharunt
|-damage|p1a: Pecharunt|80/100
|
|upkeep
|turn|31
|-message|ccncn123 forfeited.
|
|win|WetWaterTypes
|raw|WetWaterTypes's rating: 1322 &rarr; <strong>1343</strong><br />(+21 for winning)
|raw|ccncn123's rating: 1334 &rarr; <strong>1313</strong><br />(-21 for losing)
|l|☆ccncn123
|player|p2|
|l|☆WetWaterTypes
|player|p1|
