|j|☆pokemaster rico
|j|☆Luchogeo2
|t:|1759006283
|gametype|singles
|player|p1|pokemaster rico|266|1080
|player|p2|Luchogeo2|cynthia-gen4|1088
|gen|9
|tier|[Gen 9] OU
|rated|
|rule|HP Percentage Mod: HP is shown in percentages
|rule|Endless Battle Clause: Forcing endless battles is banned
|rule|Species Clause: Limit one of each Pokémon
|rule|OHKO Clause: OHKO moves are banned
|rule|Evasion Items Clause: Evasion items are banned
|rule|Evasion Moves Clause: Evasion moves are banned
|rule|Evasion Abilities Clause: Evasion abilities are banned
|rule|Sleep Moves Clause: Sleep-inducing moves are banned
|clearpoke
|poke|p1|Brambleghast, F|
|poke|p1|Cramorant, F|
|poke|p1|Orthworm, M|
|poke|p1|Hitmonlee, M|
|poke|p1|Porygon2|
|poke|p1|Mabosstiff, M|
|poke|p2|Great Tusk|
|poke|p2|Dragapult, F|
|poke|p2|Kingambit, M|
|poke|p2|Gholdengo|
|poke|p2|Tornadus-Therian, M|
|poke|p2|Primarina, F|
|teampreview
|
|t:|1759006291
|teamsize|p1|6
|teamsize|p2|6
|start
|switch|p1a: Cramorant|Cramorant, F, shiny|100/100
|switch|p2a: Great Tusk|Great Tusk|100/100
|turn|1
|
|t:|1759006300
|move|p1a: Cramorant|Surf|p2a: Great Tusk
|-formechange|p1a: Cramorant|Cramorant-Gulping|
|-supereffective|p2a: Great Tusk
|-crit|p2a: Great Tusk
|-damage|p2a: Great Tusk|0 fnt
|faint|p2a: Great Tusk
|-end|p2a: Great Tusk|Protosynthesis|[silent]
|
|upkeep
|
|t:|1759006318
|switch|p2a: Kingambit|Kingambit, M|100/100
|-activate|p2a: Kingambit|ability: Supreme Overlord
|-start|p2a: Kingambit|fallen1|[silent]
|turn|2
|
|t:|1759006342
|move|p1a: Cramorant|Surf|p2a: Kingambit
|-damage|p2a: Kingambit|67/100
|move|p2a: Kingambit|Swords Dance|p2a: Kingambit
|-boost|p2a: Kingambit|atk|2
|
|upkeep
|turn|3
|
|t:|1759006351
|move|p2a: Kingambit|Sucker Punch|p1a: Cramorant
|-damage|p1a: Cramorant|0 fnt
|-damage|p2a: Kingambit|42/100|[from] ability: Gulp Missile|[of] p1a: Cramorant
|-unboost|p2a: Kingambit|def|1
|-formechange|p1a: Cramorant|Cramorant|
|faint|p1a: Cramorant
|
|upkeep
|
|t:|1759006363
|switch|p1a: Brambleghast|Brambleghast, F, shiny|100/100
|turn|4
|inactive|Battle timer is ON: inactive players will automatically lose when time's up. (requested by Luchogeo2)
|
|t:|1759006370
|move|p2a: Kingambit|Sucker Punch||[still]
|-fail|p2a: Kingambit
|move|p1a: Brambleghast|Curse|p2a: Kingambit
|-start|p2a: Kingambit|Curse|[of] p1a: Brambleghast
|-damage|p1a: Brambleghast|50/100
|
|-damage|p2a: Kingambit|17/100|[from] Curse
|upkeep
|turn|5
|
|t:|1759006379
|switch|p1a: Orthworm|Orthworm, M, shiny|100/100
|-end|p2a: Kingambit|fallen1|[silent]
|switch|p2a: Dragapult|Dragapult, F|100/100
|
|upkeep
|turn|6
|
|t:|1759006391
|move|p2a: Dragapult|Flamethrower|p1a: Orthworm
|-supereffective|p1a: Orthworm
|-damage|p1a: Orthworm|0 fnt
|faint|p1a: Orthworm
|
|upkeep
|
|t:|1759006396
|switch|p1a: Mabosstiff|Mabosstiff, M, shiny|100/100
|turn|7
|
|t:|1759006406
|switch|p2a: Primarina|Primarina, F|100/100
|-terastallize|p1a: Mabosstiff|Fairy
|move|p1a: Mabosstiff|Hone Claws|p1a: Mabosstiff
|-boost|p1a: Mabosstiff|atk|1
|-boost|p1a: Mabosstiff|accuracy|1
|
|upkeep
|turn|8
|
|t:|1759006419
|move|p1a: Mabosstiff|Trailblaze|p2a: Primarina
|-supereffective|p2a: Primarina
|-damage|p2a: Primarina|34/100
|-boost|p1a: Mabosstiff|spe|1
|move|p2a: Primarina|Hydro Pump|p1a: Mabosstiff
|-damage|p1a: Mabosstiff|0 fnt
|faint|p1a: Mabosstiff
|
|upkeep
|
|t:|1759006428
|switch|p1a: Porygon2|Porygon2, shiny|100/100
|turn|9
|
|t:|1759006432
|move|p2a: Primarina|Hydro Pump|p1a: Porygon2
|-damage|p1a: Porygon2|38/100
|move|p1a: Porygon2|Charge Beam|p2a: Primarina
|-supereffective|p2a: Primarina
|-damage|p2a: Primarina|0 fnt
|-boost|p1a: Porygon2|spa|1
|faint|p2a: Primarina
|
|upkeep
|
|t:|1759006440
|switch|p2a: Gholdengo|Gholdengo|100/100
|turn|10
|
|t:|1759006447
|move|p2a: Gholdengo|Shadow Ball|p1a: Porygon2
|-immune|p1a: Porygon2
|move|p1a: Porygon2|Shadow Ball|p2a: Gholdengo
|-supereffective|p2a: Gholdengo
|-damage|p2a: Gholdengo|5/100
|
|-heal|p2a: Gholdengo|11/100|[from] item: Leftovers
|upkeep
|turn|11
|
|t:|1759006456
|move|p2a: Gholdengo|Make It Rain|p1a: Porygon2
|-damage|p1a: Porygon2|5/100
|-unboost|p2a: Gholdengo|spa|1
|move|p1a: Porygon2|Charge Beam|p2a: Gholdengo
|-damage|p2a: Gholdengo|0 fnt
|faint|p2a: Gholdengo
|
|upkeep
|
|t:|1759006466
|switch|p2a: Tornadus|Tornadus-Therian, M|100/100
|turn|12
|
|t:|1759006470
|move|p2a: Tornadus|U-turn|p1a: Porygon2
|-damage|p1a: Porygon2|0 fnt
|faint|p1a: Porygon2
|
|t:|1759006474
|switch|p2a: Kingambit|Kingambit, M|17/100|[from] U-turn
|-activate|p2a: Kingambit|ability: Supreme Overlord
|-start|p2a: Kingambit|fallen3|[silent]
|
|upkeep
|
|t:|1759006479
|switch|p1a: Brambleghast|Brambleghast, F, shiny|50/100
|turn|13
|
|t:|1759006484
|move|p1a: Brambleghast|Strength Sap|p2a: Kingambit
|-unboost|p2a: Kingambit|atk|1
|-heal|p1a: Brambleghast|100/100
|move|p2a: Kingambit|Kowtow Cleave|p1a: Brambleghast
|-supereffective|p1a: Brambleghast
|-enditem|p1a: Brambleghast|Focus Sash
|-damage|p1a: Brambleghast|1/100
|
|upkeep
|turn|14
|
|t:|1759006501
|move|p1a: Brambleghast|Curse|p2a: Kingambit
|-start|p2a: Kingambit|Curse|[of] p1a: Brambleghast
|-damage|p1a: Brambleghast|0 fnt
|faint|p1a: Brambleghast
|move|p2a: Kingambit|Kowtow Cleave|p1: Brambleghast|[notarget]
|-fail|p2a: Kingambit
|
|-damage|p2a: Kingambit|0 fnt|[from] Curse
|faint|p2a: Kingambit
|-end|p2a: Kingambit|fallen3|[silent]
|upkeep
|
|t:|1759006512
|switch|p1a: Hitmonlee|Hitmonlee, M, shiny|100/100
|switch|p2a: Tornadus|Tornadus-Therian, M|100/100
|turn|15
|
|t:|1759006520
|move|p2a: Tornadus|Hurricane|p1a: Hitmonlee|[miss]
|-miss|p2a: Tornadus|p1a: Hitmonlee
|move|p1a: Hitmonlee|Bulk Up|p1a: Hitmonlee
|-boost|p1a: Hitmonlee|atk|1
|-boost|p1a: Hitmonlee|def|1
|
|upkeep
|turn|16
|
|t:|1759006528
|move|p2a: Tornadus|Hurricane|p1a: Hitmonlee
|-supereffective|p1a: Hitmonlee
|-damage|p1a: Hitmonlee|0 fnt
|faint|p1a: Hitmonlee
|
|win|Luchogeo2
|raw|pokemaster rico's rating: 1080 &rarr; <strong>1059</strong><br />(-21 for losing)
|raw|Luchogeo2's rating: 1088 &rarr; <strong>1114</strong><br />(+26 for winning)
|l|☆Luchogeo2
|player|p2|
