|j|☆Crinchy Costanza
|j|☆WeR#4Hay!
|t:|1758996087
|gametype|singles
|player|p1|Crinchy Costanza|265|1646
|player|p2|WeR#4Hay!|170|1589
|gen|9
|tier|[Gen 9] OU
|rated|
|rule|HP Percentage Mod: HP is shown in percentages
|rule|Endless Battle Clause: Forcing endless battles is banned
|rule|Species Clause: Limit one of each Pokémon
|rule|OHKO Clause: OHKO moves are banned
|rule|Evasion Items Clause: Evasion items are banned
|rule|Evasion Moves Clause: Evasion moves are banned
|rule|Evasion Abilities Clause: Evasion abilities are banned
|rule|Sleep Moves Clause: Sleep-inducing moves are banned
|clearpoke
|poke|p1|Gliscor, M|
|poke|p1|Ting-Lu|
|poke|p1|Ogerpon-Wellspring, F|
|poke|p1|Gholdengo|
|poke|p1|Dragonite, M|
|poke|p1|Glimmora, F|
|poke|p2|Hydrapple, M|
|poke|p2|Slowking, F|
|poke|p2|Iron Treads|
|poke|p2|Moltres|
|poke|p2|Zamazenta-*|
|poke|p2|Kingambit, F|
|teampreview
|
|t:|1758996096
|teamsize|p1|6
|teamsize|p2|6
|start
|switch|p1a: Ting-Lu|Ting-Lu|100/100
|switch|p2a: Slowking|Slowking, F|100/100
|-ability|p1a: Ting-Lu|Vessel of Ruin
|turn|1
|inactive|Battle timer is ON: inactive players will automatically lose when time's up. (requested by Crinchy Costanza)
|inactive|WeR#4Hay! has 120 seconds left.
|
|t:|1758996129
|switch|p2a: Hydrapple|Hydrapple, M|100/100
|move|p1a: Ting-Lu|Stealth Rock|p2a: Hydrapple
|-sidestart|p2: WeR#4Hay!|move: Stealth Rock
|
|upkeep
|turn|2
|
|t:|1758996139
|switch|p1a: Gholdengo|Gholdengo|100/100
|move|p2a: Hydrapple|Leaf Storm|p1a: Gholdengo
|-resisted|p1a: Gholdengo
|-damage|p1a: Gholdengo|46/100
|-unboost|p2a: Hydrapple|spa|2
|-damage|p2a: Hydrapple|91/100|[from] item: Life Orb
|
|upkeep
|turn|3
|
|t:|1758996149
|move|p1a: Gholdengo|Trick|p2a: Hydrapple
|-activate|p1a: Gholdengo|move: Trick|[of] p2a: Hydrapple
|-item|p2a: Hydrapple|Choice Scarf|[from] move: Trick
|-item|p1a: Gholdengo|Life Orb|[from] move: Trick
|move|p2a: Hydrapple|Earth Power|p1a: Gholdengo
|-supereffective|p1a: Gholdengo
|-damage|p1a: Gholdengo|7/100
|
|upkeep
|turn|4
|
|t:|1758996157
|move|p1a: Gholdengo|Shadow Ball|p2a: Hydrapple
|-damage|p2a: Hydrapple|31/100
|-damage|p1a: Gholdengo|0 fnt|[from] item: Life Orb
|faint|p1a: Gholdengo
|move|p2a: Hydrapple|Earth Power|p1: Gholdengo|[notarget]
|-fail|p2a: Hydrapple
|
|upkeep
|
|t:|1758996163
|switch|p1a: Ogerpon|Ogerpon-Wellspring, F|100/100
|turn|5
|
|t:|1758996179
|switch|p2a: TheTransGambit|Kingambit, F|100/100
|-damage|p2a: TheTransGambit|94/100|[from] Stealth Rock
|move|p1a: Ogerpon|Knock Off|p2a: TheTransGambit
|-resisted|p2a: TheTransGambit
|-damage|p2a: TheTransGambit|79/100
|-enditem|p2a: TheTransGambit|Leftovers|[from] move: Knock Off|[of] p1a: Ogerpon
|
|upkeep
|turn|6
|
|t:|1758996194
|move|p1a: Ogerpon|Ivy Cudgel|p2a: TheTransGambit|[anim] Ivy Cudgel Water
|-damage|p2a: TheTransGambit|26/100
|move|p2a: TheTransGambit|Kowtow Cleave|p1a: Ogerpon
|-damage|p1a: Ogerpon|34/100
|
|upkeep
|turn|7
|inactive|WeR#4Hay! has 120 seconds left.
|
|t:|1758996225
|switch|p1a: Ting-Lu|Ting-Lu|100/100
|-ability|p1a: Ting-Lu|Vessel of Ruin
|move|p2a: TheTransGambit|Sucker Punch||[still]
|-fail|p2a: TheTransGambit
|
|upkeep
|turn|8
|
|t:|1758996242
|-end|p2a: TheTransGambit|fallenundefined|[silent]
|switch|p2a: Hydrapple|Hydrapple, M|64/100
|-damage|p2a: Hydrapple|52/100|[from] Stealth Rock
|switch|p1a: Glimmora|Glimmora, F|100/100
|
|upkeep
|turn|9
|inactive|WeR#4Hay! has 120 seconds left.
|
|t:|1758996269
|switch|p2a: Slowking|Slowking, F|100/100
|move|p1a: Glimmora|Earth Power|p2a: Slowking
|-damage|p2a: Slowking|85/100
|
|upkeep
|turn|10
|inactive|WeR#4Hay! has 120 seconds left.
|
|t:|1758996275
|move|p1a: Glimmora|Spikes|p2a: Slowking
|-sidestart|p2: WeR#4Hay!|Spikes
|move|p2a: Slowking|Future Sight|p1a: Glimmora
|-start|p2a: Slowking|move: Future Sight
|
|upkeep
|turn|11
|
|t:|1758996284
|switch|p1a: Ogerpon|Ogerpon-Wellspring, F|34/100
|move|p2a: Slowking|Thunder Wave|p1a: Ogerpon
|-status|p1a: Ogerpon|par
|
|upkeep
|turn|12
|
|t:|1758996289
|switch|p2a: TheTransGambit|Kingambit, F|26/100
|-damage|p2a: TheTransGambit|20/100|[from] Stealth Rock
|-damage|p2a: TheTransGambit|7/100|[from] Spikes
|move|p1a: Ogerpon|U-turn|p2a: TheTransGambit
|-damage|p2a: TheTransGambit|0 fnt
|faint|p2a: TheTransGambit
|-end|p2a: TheTransGambit|fallenundefined|[silent]
|
|t:|1758996298
|switch|p1a: Ting-Lu|Ting-Lu|100/100|[from] U-turn
|-ability|p1a: Ting-Lu|Vessel of Ruin
|
|-end|p1a: Ting-Lu|move: Future Sight
|-immune|p1a: Ting-Lu
|upkeep
|
|t:|1758996301
|switch|p2a: Hydrapple|Hydrapple, M|85/100
|-damage|p2a: Hydrapple|73/100|[from] Stealth Rock
|-damage|p2a: Hydrapple|60/100|[from] Spikes
|turn|13
|
|t:|1758996315
|switch|p1a: Ogerpon|Ogerpon-Wellspring, F|34/100 par
|move|p2a: Hydrapple|Leaf Storm|p1a: Ogerpon
|-damage|p1a: Ogerpon|0 fnt
|-unboost|p2a: Hydrapple|spa|2
|faint|p1a: Ogerpon
|
|upkeep
|
|t:|1758996320
|switch|p1a: Dragonite|Dragonite, M|100/100
|turn|14
|inactive|WeR#4Hay! has 120 seconds left.
|
|t:|1758996366
|switch|p2a: Moltres|Moltres|100/100
|move|p1a: Dragonite|Dragon Dance|p1a: Dragonite
|-boost|p1a: Dragonite|atk|1
|-boost|p1a: Dragonite|spe|1
|
|upkeep
|turn|15
|
|t:|1758996373
|move|p1a: Dragonite|Rock Slide|p2a: Moltres
|-supereffective|p2a: Moltres
|-damage|p2a: Moltres|0 fnt
|faint|p2a: Moltres
|
|upkeep
|
|t:|1758996394
|switch|p2a: Zamazenta|Zamazenta|100/100
|-damage|p2a: Zamazenta|94/100|[from] Stealth Rock
|-damage|p2a: Zamazenta|82/100|[from] Spikes
|-ability|p2a: Zamazenta|Dauntless Shield|boost
|-boost|p2a: Zamazenta|def|1
|turn|16
|
|t:|1758996410
|switch|p1a: Ting-Lu|Ting-Lu|100/100
|-ability|p1a: Ting-Lu|Vessel of Ruin
|move|p2a: Zamazenta|Ice Fang|p1a: Ting-Lu
|-supereffective|p1a: Ting-Lu
|-damage|p1a: Ting-Lu|65/100
|
|-heal|p1a: Ting-Lu|71/100|[from] item: Leftovers
|upkeep
|turn|17
|
|t:|1758996429
|move|p2a: Zamazenta|Ice Fang|p1a: Ting-Lu
|-supereffective|p1a: Ting-Lu
|-damage|p1a: Ting-Lu|33/100
|move|p1a: Ting-Lu|Whirlwind|p2a: Zamazenta
|drag|p2a: Slowking|Slowking, F|100/100
|
|-heal|p1a: Ting-Lu|39/100|[from] item: Leftovers
|upkeep
|turn|18
|
|t:|1758996448
|switch|p1a: Gliscor|Gliscor, M|100/100
|move|p2a: Slowking|Scald|p1a: Gliscor
|-supereffective|p1a: Gliscor
|-damage|p1a: Gliscor|36/100
|
|-status|p1a: Gliscor|tox|[from] item: Toxic Orb
|upkeep
|turn|19
|
|t:|1758996455
|move|p1a: Gliscor|Protect|p1a: Gliscor
|-singleturn|p1a: Gliscor|Protect
|move|p2a: Slowking|Future Sight|p1a: Gliscor
|-start|p2a: Slowking|move: Future Sight
|
|-heal|p1a: Gliscor|48/100 tox|[from] ability: Poison Heal
|upkeep
|turn|20
|
|t:|1758996461
|move|p1a: Gliscor|Earthquake|p2a: Slowking
|-damage|p2a: Slowking|65/100
|move|p2a: Slowking|Scald|p1a: Gliscor
|-supereffective|p1a: Gliscor
|-damage|p1a: Gliscor|0 fnt
|faint|p1a: Gliscor
|
|upkeep
|
|t:|1758996466
|switch|p1a: Ting-Lu|Ting-Lu|39/100
|-ability|p1a: Ting-Lu|Vessel of Ruin
|turn|21
|
|t:|1758996469
|move|p1a: Ting-Lu|Earthquake|p2a: Slowking
|-damage|p2a: Slowking|26/100
|move|p2a: Slowking|Scald|p1a: Ting-Lu
|-supereffective|p1a: Ting-Lu
|-damage|p1a: Ting-Lu|16/100
|
|-end|p1a: Ting-Lu|move: Future Sight
|-immune|p1a: Ting-Lu
|-heal|p1a: Ting-Lu|22/100|[from] item: Leftovers
|upkeep
|turn|22
|
|t:|1758996479
|switch|p2a: Hydrapple|Hydrapple, M|94/100
|-damage|p2a: Hydrapple|81/100|[from] Stealth Rock
|-damage|p2a: Hydrapple|69/100|[from] Spikes
|move|p1a: Ting-Lu|Earthquake|p2a: Hydrapple
|-resisted|p2a: Hydrapple
|-damage|p2a: Hydrapple|54/100
|
|-heal|p1a: Ting-Lu|28/100|[from] item: Leftovers
|upkeep
|turn|23
|
|t:|1758996493
|move|p2a: Hydrapple|Fickle Beam|p1a: Ting-Lu
|-damage|p1a: Ting-Lu|10/100
|move|p1a: Ting-Lu|Ruination|p2a: Hydrapple
|-damage|p2a: Hydrapple|27/100
|
|-heal|p1a: Ting-Lu|16/100|[from] item: Leftovers
|upkeep
|turn|24
|
|t:|1758996500
|move|p2a: Hydrapple|Fickle Beam|p1a: Ting-Lu|[anim] Fickle Beam All Out
|-activate|p2a: Hydrapple|move: Fickle Beam
|-damage|p1a: Ting-Lu|0 fnt
|faint|p1a: Ting-Lu
|
|upkeep
|
|t:|1758996505
|switch|p1a: Glimmora|Glimmora, F|100/100
|turn|25
|
|t:|1758996520
|move|p2a: Hydrapple|Fickle Beam|p1a: Glimmora
|-damage|p1a: Glimmora|54/100
|-enditem|p1a: Glimmora|Red Card|[of] p2a: Hydrapple
|drag|p2a: Iron Treads|Iron Treads|100/100
|-damage|p2a: Iron Treads|98/100|[from] Stealth Rock
|-damage|p2a: Iron Treads|85/100|[from] Spikes
|move|p1a: Glimmora|Earth Power|p2a: Iron Treads
|-supereffective|p2a: Iron Treads
|-damage|p2a: Iron Treads|43/100
|
|-heal|p2a: Iron Treads|49/100|[from] item: Leftovers
|upkeep
|turn|26
|
|t:|1758996530
|move|p2a: Iron Treads|Earthquake|p1a: Glimmora
|-supereffective|p1a: Glimmora
|-damage|p1a: Glimmora|0 fnt
|-activate|p1a: Glimmora|ability: Toxic Debris
|-sidestart|p2: WeR#4Hay!|move: Toxic Spikes
|faint|p1a: Glimmora
|
|-heal|p2a: Iron Treads|55/100|[from] item: Leftovers
|upkeep
|
|t:|1758996532
|switch|p1a: Dragonite|Dragonite, M|100/100
|turn|27
|
|t:|1758996541
|move|p1a: Dragonite|Dragon Dance|p1a: Dragonite
|-boost|p1a: Dragonite|atk|1
|-boost|p1a: Dragonite|spe|1
|move|p2a: Iron Treads|Rapid Spin|p1a: Dragonite
|-damage|p1a: Dragonite|93/100
|-boost|p2a: Iron Treads|spe|1
|-sideend|p2: WeR#4Hay!|Spikes|[from] move: Rapid Spin|[of] p2a: Iron Treads
|-sideend|p2: WeR#4Hay!|Toxic Spikes|[from] move: Rapid Spin|[of] p2a: Iron Treads
|-sideend|p2: WeR#4Hay!|Stealth Rock|[from] move: Rapid Spin|[of] p2a: Iron Treads
|
|-heal|p2a: Iron Treads|61/100|[from] item: Leftovers
|upkeep
|turn|28
|
|t:|1758996544
|move|p1a: Dragonite|Earthquake|p2a: Iron Treads
|-supereffective|p2a: Iron Treads
|-damage|p2a: Iron Treads|0 fnt
|faint|p2a: Iron Treads
|-end|p2a: Iron Treads|Quark Drive|[silent]
|
|upkeep
|
|t:|1758996546
|switch|p2a: Zamazenta|Zamazenta|82/100
|turn|29
|
|t:|1758996558
|-terastallize|p1a: Dragonite|Ground
|move|p2a: Zamazenta|Ice Fang|p1a: Dragonite
|-supereffective|p1a: Dragonite
|-damage|p1a: Dragonite|24/100
|move|p1a: Dragonite|Earthquake|p2a: Zamazenta
|-damage|p2a: Zamazenta|2/100
|
|upkeep
|turn|30
|
|t:|1758996565
|move|p1a: Dragonite|Extreme Speed|p2a: Zamazenta
|-damage|p2a: Zamazenta|0 fnt
|faint|p2a: Zamazenta
|
|upkeep
|inactive|WeR#4Hay! has 120 seconds left.
|
|t:|1758996619
|switch|p2a: Hydrapple|Hydrapple, M|61/100
|turn|31
|
|t:|1758996623
|switch|p2a: Slowking|Slowking, F|60/100
|move|p1a: Dragonite|Dragon Dance|p1a: Dragonite
|-boost|p1a: Dragonite|atk|1
|-boost|p1a: Dragonite|spe|1
|
|upkeep
|turn|32
|
|t:|1758996626
|move|p1a: Dragonite|Earthquake|p2a: Slowking
|-damage|p2a: Slowking|0 fnt
|faint|p2a: Slowking
|
|upkeep
|
|t:|1758996627
|switch|p2a: Hydrapple|Hydrapple, M|94/100
|turn|33
|
|t:|1758996631
|move|p1a: Dragonite|Rock Slide|p2a: Hydrapple|[miss]
|-miss|p1a: Dragonite|p2a: Hydrapple
|move|p2a: Hydrapple|Fickle Beam|p1a: Dragonite
|-damage|p1a: Dragonite|0 fnt
|faint|p1a: Dragonite
|
|win|WeR#4Hay!
|raw|Crinchy Costanza's rating: 1646 &rarr; <strong>1623</strong><br />(-23 for losing)
|raw|WeR#4Hay!'s rating: 1589 &rarr; <strong>1612</strong><br />(+23 for winning)
|l|☆Crinchy Costanza
|player|p1|
|c|☆WeR#4Hay!|gg
|l|☆WeR#4Hay!
|player|p2|
