|j|☆nasispao
|j|☆bawuwi
|t:|1759055957
|gametype|singles
|player|p1|nasispao|red|1024
|player|p2|bawuwi|bugcatcher-gen4dp|1000
|gen|9
|tier|[Gen 9] OU
|rated|
|rule|HP Percentage Mod: HP is shown in percentages
|rule|Endless Battle Clause: Forcing endless battles is banned
|rule|Species Clause: Limit one of each Pokémon
|rule|OHKO Clause: OHKO moves are banned
|rule|Evasion Items Clause: Evasion items are banned
|rule|Evasion Moves Clause: Evasion moves are banned
|rule|Evasion Abilities Clause: Evasion abilities are banned
|rule|Sleep Moves Clause: Sleep-inducing moves are banned
|clearpoke
|poke|p1|Dragonite, F|
|poke|p1|Espeon, F|
|poke|p1|Jolteon, F|
|poke|p1|Umbreon, M|
|poke|p1|Blissey, F|
|poke|p1|Mimikyu, F|
|poke|p2|Eiscue, M|
|teampreview
|inactive|Battle timer is ON: inactive players will automatically lose when time's up. (requested by nasispao)
|
|t:|1759055964
|teamsize|p1|6
|teamsize|p2|1
|start
|switch|p1a: Dragonite|Dragonite, F|100/100
|switch|p2a: Cue club|Eiscue, M|100/100
|turn|1
|
|t:|1759055972
|move|p1a: Dragonite|Stone Edge|p2a: Cue club
|-activate|p2a: Cue club|ability: Ice Face
|-damage|p2a: Cue club|100/100
|detailschange|p2a: Cue club|Eiscue-Noice, M
|move|p2a: Cue club|Belly Drum|p2a: Cue club
|-damage|p2a: Cue club|51/100
|-setboost|p2a: Cue club|atk|6|[from] move: Belly Drum
|
|upkeep
|turn|2
|
|t:|1759055984
|move|p2a: Cue club|Ice Spinner|p1a: Dragonite
|-supereffective|p1a: Dragonite
|-damage|p1a: Dragonite|0 fnt
|faint|p1a: Dragonite
|
|upkeep
|
|t:|1759055991
|switch|p1a: Mimikyu|Mimikyu, F|100/100
|turn|3
|
|t:|1759055999
|-terastallize|p2a: Cue club|Water
|move|p2a: Cue club|Ice Spinner|p1a: Mimikyu
|-activate|p1a: Mimikyu|ability: Disguise
|-damage|p1a: Mimikyu|100/100
|detailschange|p1a: Mimikyu|Mimikyu-Busted, F
|-damage|p1a: Mimikyu|88/100|[from] pokemon: Mimikyu-Busted
|move|p1a: Mimikyu|Shadow Ball|p2a: Cue club
|-damage|p2a: Cue club|15/100
|-enditem|p2a: Cue club|Salac Berry|[eat]
|-boost|p2a: Cue club|spe|1|[from] item: Salac Berry
|
|-heal|p1a: Mimikyu|94/100|[from] item: Leftovers
|upkeep
|turn|4
|
|t:|1759056014
|move|p2a: Cue club|Liquidation|p1a: Mimikyu
|-damage|p1a: Mimikyu|0 fnt
|faint|p1a: Mimikyu
|
|upkeep
|
|t:|1759056020
|switch|p1a: Blissey|Blissey, F|100/100
|turn|5
|
|t:|1759056025
|move|p2a: Cue club|Liquidation|p1a: Blissey
|-damage|p1a: Blissey|0 fnt
|faint|p1a: Blissey
|
|upkeep
|
|t:|1759056030
|switch|p1a: Jolteon|Jolteon, F|100/100
|turn|6
|
|t:|1759056050
|move|p2a: Cue club|Liquidation|p1a: Jolteon
|-damage|p1a: Jolteon|0 fnt
|faint|p1a: Jolteon
|
|upkeep
|
|t:|1759056055
|switch|p1a: Espeon|Espeon, F|100/100
|turn|7
|
|t:|1759056059
|move|p2a: Cue club|Liquidation|p1a: Espeon
|-damage|p1a: Espeon|0 fnt
|faint|p1a: Espeon
|
|upkeep
|
|t:|1759056064
|switch|p1a: Umbreon|Umbreon, M|100/100
|turn|8
|
|t:|1759056069
|move|p2a: Cue club|Liquidation|p1a: Umbreon
|-damage|p1a: Umbreon|0 fnt
|faint|p1a: Umbreon
|
|win|bawuwi
|raw|nasispao's rating: 1024 &rarr; <strong>1009</strong><br />(-15 for losing)
|raw|bawuwi's rating: 1000 &rarr; <strong>1043</strong><br />(+43 for winning)
