|j|☆dragon de hilos
|j|☆t04styy
|t:|1758923686
|gametype|singles
|player|p1|dragon de hilos|riley|1365
|player|p2|t04styy|169|1386
|gen|9
|tier|[Gen 9] OU
|rated|
|rule|HP Percentage Mod: HP is shown in percentages
|rule|Endless Battle Clause: Forcing endless battles is banned
|rule|Species Clause: Limit one of each Pokémon
|rule|OHKO Clause: OHKO moves are banned
|rule|Evasion Items Clause: Evasion items are banned
|rule|Evasion Moves Clause: Evasion moves are banned
|rule|Evasion Abilities Clause: Evasion abilities are banned
|rule|Sleep Moves Clause: Sleep-inducing moves are banned
|clearpoke
|poke|p1|Darkrai|
|poke|p1|Cinderace, M|
|poke|p1|Garganacl, M|
|poke|p1|Zapdos|
|poke|p1|Landorus-Therian, M|
|poke|p1|Chansey, F|
|poke|p2|Ogerpon-Wellspring, F|
|poke|p2|Iron Moth|
|poke|p2|Great Tusk|
|poke|p2|Umbreon, M|
|poke|p2|Rotom-Wash|
|poke|p2|Garchomp, M|
|teampreview
|inactive|Battle timer is ON: inactive players will automatically lose when time's up. (requested by dragon de hilos)
|
|t:|1758923706
|teamsize|p1|6
|teamsize|p2|6
|start
|switch|p1a: Darkrai|Darkrai|100/100
|switch|p2a: Rotom|Rotom-Wash|100/100
|turn|1
|
|t:|1758923725
|move|p1a: Darkrai|Dark Pulse|p2a: Rotom
|-damage|p2a: Rotom|36/100
|move|p2a: Rotom|Volt Switch|p1a: Darkrai
|-damage|p1a: Darkrai|68/100
|
|t:|1758923736
|switch|p2a: Iron Moth|Iron Moth|100/100|[from] Volt Switch
|-enditem|p2a: Iron Moth|Booster Energy
|-activate|p2a: Iron Moth|ability: Quark Drive|[fromitem]
|-start|p2a: Iron Moth|quarkdrivespe
|
|upkeep
|turn|2
|
|t:|1758923743
|switch|p1a: Chansey|Chansey, F|100/100
|move|p2a: Iron Moth|Dazzling Gleam|p1a: Chansey
|-damage|p1a: Chansey|91/100
|
|upkeep
|turn|3
|
|t:|1758923749
|-end|p2a: Iron Moth|Quark Drive|[silent]
|switch|p2a: Umbreon|Umbreon, M|100/100
|move|p1a: Chansey|Thunder Wave|p2a: Umbreon
|-status|p2a: Umbreon|par
|-activate|p2a: Umbreon|ability: Synchronize
|-status|p1a: Chansey|par
|
|upkeep
|turn|4
|
|t:|1758923771
|switch|p2a: Garchomp|Garchomp, M|100/100
|-curestatus|p1a: Chansey|par|[from] ability: Natural Cure
|switch|p1a: Garganacl|Garganacl, M|100/100
|
|upkeep
|turn|5
|
|t:|1758923782
|-terastallize|p1a: Garganacl|Ghost
|move|p2a: Garchomp|Swords Dance|p2a: Garchomp
|-boost|p2a: Garchomp|atk|2
|move|p1a: Garganacl|Salt Cure|p2a: Garchomp
|-resisted|p2a: Garchomp
|-damage|p2a: Garchomp|93/100
|-start|p2a: Garchomp|Salt Cure
|
|-heal|p2a: Garchomp|99/100|[from] item: Leftovers
|-damage|p2a: Garchomp|87/100|[from] Salt Cure
|upkeep
|turn|6
|
|t:|1758923798
|switch|p1a: Landorus|Landorus-Therian, M|100/100
|-ability|p1a: Landorus|Intimidate|boost
|-unboost|p2a: Garchomp|atk|1
|move|p2a: Garchomp|Swords Dance|p2a: Garchomp
|-boost|p2a: Garchomp|atk|2
|
|-heal|p2a: Garchomp|93/100|[from] item: Leftovers
|-damage|p2a: Garchomp|81/100|[from] Salt Cure
|upkeep
|turn|7
|
|t:|1758923807
|move|p2a: Garchomp|Scale Shot|p1a: Landorus
|-damage|p1a: Landorus|60/100
|-damage|p1a: Landorus|24/100
|-hitcount|p1a: Landorus|2
|-unboost|p2a: Garchomp|def|1
|-boost|p2a: Garchomp|spe|1
|move|p1a: Landorus|Earthquake|p2a: Garchomp
|-damage|p2a: Garchomp|0 fnt
|faint|p2a: Garchomp
|
|-heal|p1a: Landorus|30/100|[from] item: Leftovers
|upkeep
|
|t:|1758923824
|switch|p2a: Ogerpon|Ogerpon-Wellspring, F|100/100
|turn|8
|
|t:|1758923829
|switch|p1a: Zapdos|Zapdos|100/100
|move|p2a: Ogerpon|Knock Off|p1a: Zapdos
|-damage|p1a: Zapdos|59/100
|-status|p2a: Ogerpon|par|[from] ability: Static|[of] p1a: Zapdos
|-enditem|p1a: Zapdos|Heavy-Duty Boots|[from] move: Knock Off|[of] p2a: Ogerpon
|
|upkeep
|turn|9
|
|t:|1758923843
|switch|p2a: Umbreon|Umbreon, M|100/100 par
|move|p1a: Zapdos|Roost|p1a: Zapdos
|-heal|p1a: Zapdos|100/100
|-singleturn|p1a: Zapdos|move: Roost
|
|upkeep
|turn|10
|
|t:|1758923850
|move|p1a: Zapdos|Volt Switch|p2a: Umbreon
|-damage|p2a: Umbreon|78/100 par
|
|t:|1758923853
|switch|p1a: Landorus|Landorus-Therian, M|30/100|[from] Volt Switch
|-ability|p1a: Landorus|Intimidate|boost
|-unboost|p2a: Umbreon|atk|1
|move|p2a: Umbreon|Toxic|p1a: Landorus
|-status|p1a: Landorus|tox
|
|-heal|p1a: Landorus|36/100 tox|[from] item: Leftovers
|-heal|p2a: Umbreon|84/100 par|[from] item: Leftovers
|-damage|p1a: Landorus|30/100 tox|[from] psn
|upkeep
|turn|11
|
|t:|1758923863
|move|p1a: Landorus|U-turn|p2a: Umbreon
|-supereffective|p2a: Umbreon
|-damage|p2a: Umbreon|41/100 par
|
|t:|1758923867
|switch|p1a: Chansey|Chansey, F|91/100|[from] U-turn
|move|p2a: Umbreon|Wish|p2a: Umbreon
|
|-heal|p2a: Umbreon|47/100 par|[from] item: Leftovers
|upkeep
|turn|12
|
|t:|1758923880
|switch|p2a: Rotom|Rotom-Wash|36/100
|move|p1a: Chansey|Seismic Toss|p2a: Rotom
|-damage|p2a: Rotom|3/100
|
|-heal|p2a: Rotom|68/100|[from] move: Wish|[wisher] Umbreon
|-heal|p2a: Rotom|74/100|[from] item: Leftovers
|upkeep
|turn|13
|
|t:|1758923892
|move|p2a: Rotom|Volt Switch|p1a: Chansey
|-damage|p1a: Chansey|84/100
|
|t:|1758923896
|switch|p2a: Ogerpon|Ogerpon-Wellspring, F|100/100 par|[from] Volt Switch
|move|p1a: Chansey|Seismic Toss|p2a: Ogerpon
|-damage|p2a: Ogerpon|67/100 par
|
|upkeep
|turn|14
|
|t:|1758923918
|move|p2a: Ogerpon|Knock Off|p1a: Chansey
|-damage|p1a: Chansey|60/100
|-enditem|p1a: Chansey|Eviolite|[from] move: Knock Off|[of] p2a: Ogerpon
|move|p1a: Chansey|Seismic Toss|p2a: Ogerpon
|-damage|p2a: Ogerpon|34/100 par
|
|upkeep
|turn|15
|
|t:|1758923926
|move|p2a: Ogerpon|Ivy Cudgel|p1a: Chansey|[anim] Ivy Cudgel Water
|-damage|p1a: Chansey|0 fnt
|faint|p1a: Chansey
|
|upkeep
|
|t:|1758923936
|switch|p1a: Darkrai|Darkrai|68/100
|turn|16
|
|t:|1758923941
|move|p1a: Darkrai|Dark Pulse|p2a: Ogerpon
|-damage|p2a: Ogerpon|0 fnt
|faint|p2a: Ogerpon
|
|upkeep
|
|t:|1758923949
|switch|p2a: Iron Moth|Iron Moth|100/100
|turn|17
|
|t:|1758923961
|move|p1a: Darkrai|Dark Pulse|p2a: Iron Moth
|-damage|p2a: Iron Moth|30/100
|cant|p2a: Iron Moth|flinch
|
|upkeep
|turn|18
|
|t:|1758923967
|move|p1a: Darkrai|Dark Pulse|p2a: Iron Moth
|-damage|p2a: Iron Moth|0 fnt
|faint|p2a: Iron Moth
|-end|p2a: Iron Moth|Quark Drive|[silent]
|
|upkeep
|
|t:|1758923975
|switch|p2a: Rotom|Rotom-Wash|74/100
|turn|19
|
|t:|1758923995
|switch|p1a: Zapdos|Zapdos|100/100
|move|p2a: Rotom|Protect||[still]
|-fail|p2a: Rotom
|
|-heal|p2a: Rotom|80/100|[from] item: Leftovers
|upkeep
|turn|20
|
|t:|1758924003
|move|p1a: Zapdos|Discharge|p2a: Rotom
|-damage|p2a: Rotom|36/100
|move|p2a: Rotom|Will-O-Wisp|p1a: Zapdos
|-status|p1a: Zapdos|brn
|
|-heal|p2a: Rotom|42/100|[from] item: Leftovers
|-damage|p1a: Zapdos|94/100 brn|[from] brn
|upkeep
|turn|21
|
|t:|1758924022
|move|p2a: Rotom|Protect|p2a: Rotom
|-singleturn|p2a: Rotom|Protect
|move|p1a: Zapdos|Discharge|p2a: Rotom
|-activate|p2a: Rotom|move: Protect
|
|-heal|p2a: Rotom|48/100|[from] item: Leftovers
|-damage|p1a: Zapdos|88/100 brn|[from] brn
|upkeep
|turn|22
|
|t:|1758924036
|move|p1a: Zapdos|Volt Switch|p2a: Rotom
|-damage|p2a: Rotom|6/100
|
|t:|1758924048
|switch|p1a: Darkrai|Darkrai|68/100|[from] Volt Switch
|move|p2a: Rotom|Volt Switch|p1a: Darkrai
|-damage|p1a: Darkrai|36/100
|
|t:|1758924059
|switch|p2a: Great Tusk|Great Tusk|100/100|[from] Volt Switch
|
|upkeep
|turn|23
|
|t:|1758924066
|-terastallize|p2a: Great Tusk|Steel
|move|p1a: Darkrai|Ice Beam|p2a: Great Tusk
|-resisted|p2a: Great Tusk
|-damage|p2a: Great Tusk|62/100
|-status|p2a: Great Tusk|frz
|cant|p2a: Great Tusk|frz
|
|upkeep
|turn|24
|
|t:|1758924074
|move|p1a: Darkrai|Ice Beam|p2a: Great Tusk
|-resisted|p2a: Great Tusk
|-damage|p2a: Great Tusk|26/100 frz
|cant|p2a: Great Tusk|frz
|
|upkeep
|turn|25
|-message|t04styy forfeited.
|
|win|dragon de hilos
|raw|dragon de hilos's rating: 1365 &rarr; <strong>1386</strong><br />(+21 for winning)
|raw|t04styy's rating: 1386 &rarr; <strong>1365</strong><br />(-21 for losing)
|l|☆t04styy
|player|p2|
|l|☆dragon de hilos
|player|p1|
