|j|☆rackcaza
|j|☆Eeveebro75
|t:|1758988437
|gametype|singles
|player|p1|rackcaza|benga|1086
|player|p2|Eeveebro75|hilda|1065
|gen|9
|tier|[Gen 9] OU
|rated|
|rule|HP Percentage Mod: HP is shown in percentages
|rule|Endless Battle Clause: Forcing endless battles is banned
|rule|Species Clause: Limit one of each Pokémon
|rule|OHKO Clause: OHKO moves are banned
|rule|Evasion Items Clause: Evasion items are banned
|rule|Evasion Moves Clause: Evasion moves are banned
|rule|Evasion Abilities Clause: Evasion abilities are banned
|rule|Sleep Moves Clause: Sleep-inducing moves are banned
|clearpoke
|poke|p1|Zoroark-Hisui, F|
|poke|p1|Diancie|
|poke|p1|Lilligant, F|
|poke|p1|Torkoal, M|
|poke|p1|Slither Wing|
|poke|p1|Glimmora, M|
|poke|p2|Lilligant, F|
|poke|p2|Glaceon, F|
|poke|p2|Golurk|
|poke|p2|Gardevoir, F|
|poke|p2|Tinkaton, F|
|poke|p2|Grafaiai, M|
|teampreview
|
|t:|1758988447
|teamsize|p1|6
|teamsize|p2|6
|start
|switch|p1a: Fernando|Glimmora, M|100/100
|switch|p2a: Golurk|Golurk, shiny|100/100
|turn|1
|
|t:|1758988457
|move|p1a: Fernando|Toxic|p2a: Golurk
|-status|p2a: Golurk|tox
|move|p2a: Golurk|Dynamic Punch|p1a: Fernando
|-damage|p1a: Fernando|61/100
|-start|p1a: Fernando|confusion
|
|-damage|p2a: Golurk|94/100 tox|[from] psn
|upkeep
|turn|2
|
|t:|1758988470
|-activate|p1a: Fernando|confusion
|move|p1a: Fernando|Stealth Rock|p2a: Golurk
|-sidestart|p2: Eeveebro75|move: Stealth Rock
|move|p2a: Golurk|Earthquake|p1a: Fernando
|-supereffective|p1a: Fernando
|-damage|p1a: Fernando|0 fnt
|faint|p1a: Fernando
|
|-damage|p2a: Golurk|82/100 tox|[from] psn
|upkeep
|
|t:|1758988487
|switch|p1a: Camila|Lilligant, F, shiny|100/100
|turn|3
|
|t:|1758988492
|switch|p2a: Grafaiai|Grafaiai, M, shiny|100/100
|-damage|p2a: Grafaiai|88/100|[from] Stealth Rock
|move|p1a: Camila|Energy Ball|p2a: Grafaiai
|-resisted|p2a: Grafaiai
|-damage|p2a: Grafaiai|42/100
|
|upkeep
|turn|4
|
|t:|1758988503
|switch|p1a: Eleazar|Torkoal, M, shiny|100/100
|-weather|SunnyDay|[from] ability: Drought|[of] p1a: Eleazar
|move|p2a: Grafaiai|Gunk Shot|p1a: Eleazar
|-damage|p1a: Eleazar|77/100
|
|-weather|SunnyDay|[upkeep]
|upkeep
|turn|5
|
|t:|1758988514
|move|p2a: Grafaiai|Substitute|p2a: Grafaiai
|-start|p2a: Grafaiai|Substitute
|-damage|p2a: Grafaiai|17/100
|-enditem|p2a: Grafaiai|Iapapa Berry|[eat]
|-heal|p2a: Grafaiai|51/100|[from] item: Iapapa Berry
|move|p1a: Eleazar|Body Press|p2a: Grafaiai
|-end|p2a: Grafaiai|Substitute
|
|-weather|SunnyDay|[upkeep]
|upkeep
|turn|6
|
|t:|1758988526
|move|p2a: Grafaiai|Encore|p1a: Eleazar
|-start|p1a: Eleazar|Encore
|move|p1a: Eleazar|Body Press|p2a: Grafaiai
|-damage|p2a: Grafaiai|4/100
|
|-weather|SunnyDay|[upkeep]
|upkeep
|turn|7
|
|t:|1758988535
|move|p2a: Grafaiai|Gunk Shot|p1a: Eleazar
|-damage|p1a: Eleazar|55/100
|move|p1a: Eleazar|Body Press|p2a: Grafaiai
|-damage|p2a: Grafaiai|0 fnt
|faint|p2a: Grafaiai
|
|-weather|SunnyDay|[upkeep]
|upkeep
|
|t:|1758988545
|switch|p2a: Golurk|Golurk, shiny|82/100 tox
|-damage|p2a: Golurk|76/100 tox|[from] Stealth Rock
|turn|8
|
|t:|1758988555
|switch|p1a: Camila|Lilligant, F, shiny|100/100
|move|p2a: Golurk|Earthquake|p1a: Camila
|-resisted|p1a: Camila
|-damage|p1a: Camila|57/100
|
|-weather|none
|-damage|p2a: Golurk|70/100 tox|[from] psn
|upkeep
|turn|9
|
|t:|1758988566
|switch|p2a: Tinkaton|Tinkaton, F|100/100
|-damage|p2a: Tinkaton|94/100|[from] Stealth Rock
|-ability|p2a: Tinkaton|Mold Breaker
|move|p1a: Camila|Energy Ball|p2a: Tinkaton
|-resisted|p2a: Tinkaton
|-damage|p2a: Tinkaton|60/100
|
|upkeep
|turn|10
|
|t:|1758988583
|switch|p1a: Eleazar|Torkoal, M, shiny|55/100
|-weather|SunnyDay|[from] ability: Drought|[of] p1a: Eleazar
|move|p2a: Tinkaton|Swords Dance|p2a: Tinkaton
|-boost|p2a: Tinkaton|atk|2
|
|-weather|SunnyDay|[upkeep]
|upkeep
|turn|11
|
|t:|1758988595
|move|p2a: Tinkaton|Gigaton Hammer|p1a: Eleazar
|-resisted|p1a: Eleazar
|-damage|p1a: Eleazar|20/100
|move|p1a: Eleazar|Iron Defense|p1a: Eleazar
|-boost|p1a: Eleazar|def|2
|
|-weather|SunnyDay|[upkeep]
|upkeep
|turn|12
|
|t:|1758988604
|move|p2a: Tinkaton|Protect|p2a: Tinkaton
|-singleturn|p2a: Tinkaton|Protect
|move|p1a: Eleazar|Body Press|p2a: Tinkaton
|-activate|p2a: Tinkaton|move: Protect
|
|-weather|SunnyDay|[upkeep]
|upkeep
|turn|13
|
|t:|1758988612
|move|p2a: Tinkaton|Gigaton Hammer|p1a: Eleazar
|-resisted|p1a: Eleazar
|-crit|p1a: Eleazar
|-damage|p1a: Eleazar|0 fnt
|faint|p1a: Eleazar
|
|-weather|SunnyDay|[upkeep]
|upkeep
|
|t:|1758988622
|switch|p1a: Fabricio|Slither Wing|100/100
|-activate|p1a: Fabricio|ability: Protosynthesis
|-start|p1a: Fabricio|protosynthesisatk
|turn|14
|
|t:|1758988628
|move|p2a: Tinkaton|Play Rough|p1a: Fabricio
|-supereffective|p1a: Fabricio
|-damage|p1a: Fabricio|0 fnt
|faint|p1a: Fabricio
|-end|p1a: Fabricio|Protosynthesis|[silent]
|
|-weather|none
|upkeep
|
|t:|1758988636
|switch|p1a: Camila|Lilligant, F, shiny|100/100
|turn|15
|
|t:|1758988643
|move|p1a: Camila|Flamethrower|p2a: Tinkaton
|-supereffective|p2a: Tinkaton
|-damage|p2a: Tinkaton|0 fnt
|faint|p2a: Tinkaton
|
|upkeep
|
|t:|1758988663
|switch|p2a: Golurk|Golurk, shiny|70/100 tox
|-damage|p2a: Golurk|64/100 tox|[from] Stealth Rock
|turn|16
|
|t:|1758988671
|switch|p1a: Camila|Lilligant, F, shiny|57/100
|move|p2a: Golurk|Stone Edge|p1a: Camila
|-damage|p1a: Camila|3/100
|
|-damage|p2a: Golurk|58/100 tox|[from] psn
|upkeep
|turn|17
|
|t:|1758988693
|switch|p2a: Lilligant|Lilligant, F, shiny|100/100
|-damage|p2a: Lilligant|88/100|[from] Stealth Rock
|move|p1a: Camila|Energy Ball|p2a: Lilligant
|-resisted|p2a: Lilligant
|-damage|p2a: Lilligant|39/100
|
|upkeep
|turn|18
|
|t:|1758988703
|move|p2a: Lilligant|Quiver Dance|p2a: Lilligant
|-boost|p2a: Lilligant|spa|1
|-boost|p2a: Lilligant|spd|1
|-boost|p2a: Lilligant|spe|1
|move|p1a: Camila|Energy Ball|p2a: Lilligant
|-resisted|p2a: Lilligant
|-damage|p2a: Lilligant|3/100
|
|upkeep
|turn|19
|
|t:|1758988714
|move|p2a: Lilligant|Giga Drain|p1a: Camila
|-resisted|p1a: Camila
|-crit|p1a: Camila
|-damage|p1a: Camila|0 fnt
|-heal|p2a: Lilligant|5/100|[from] drain|[of] p1a: Camila
|faint|p1a: Camila
|
|upkeep
|
|t:|1758988722
|switch|p1a: Evelyn|Diancie|100/100
|turn|20
|
|t:|1758988733
|move|p1a: Evelyn|Sludge Bomb|p2a: Lilligant
|-supereffective|p2a: Lilligant
|-damage|p2a: Lilligant|0 fnt
|faint|p2a: Lilligant
|
|upkeep
|
|t:|1758988746
|switch|p2a: Golurk|Golurk, shiny|58/100 tox
|-damage|p2a: Golurk|52/100 tox|[from] Stealth Rock
|turn|21
|
|t:|1758988754
|switch|p1a: Evelyn|Diancie|100/100
|move|p2a: Golurk|Earthquake|p1a: Evelyn
|-supereffective|p1a: Evelyn
|-damage|p1a: Evelyn|19/100
|
|-heal|p1a: Evelyn|25/100|[from] item: Leftovers
|-damage|p2a: Golurk|46/100 tox|[from] psn
|upkeep
|turn|22
|
|t:|1758988766
|move|p2a: Golurk|Earthquake|p1a: Evelyn
|-supereffective|p1a: Evelyn
|-damage|p1a: Evelyn|0 fnt
|faint|p1a: Evelyn
|
|-damage|p2a: Golurk|34/100 tox|[from] psn
|upkeep
|
|t:|1758988775
|switch|p1a: Alissai|Zoroark-Hisui, F, shiny|100/100
|turn|23
|
|t:|1758988781
|move|p1a: Alissai|Shadow Ball|p2a: Golurk
|-supereffective|p2a: Golurk
|-damage|p2a: Golurk|0 fnt
|faint|p2a: Golurk
|
|upkeep
|
|t:|1758988790
|switch|p2a: Glaceon|Glaceon, F, shiny|100/100
|-damage|p2a: Glaceon|76/100|[from] Stealth Rock
|turn|24
|
|t:|1758988795
|move|p2a: Glaceon|Protect|p2a: Glaceon
|-singleturn|p2a: Glaceon|Protect
|move|p1a: Alissai|Shadow Ball|p2a: Glaceon
|-activate|p2a: Glaceon|move: Protect
|
|-heal|p2a: Glaceon|82/100|[from] item: Leftovers
|upkeep
|turn|25
|
|t:|1758988807
|move|p1a: Alissai|Shadow Ball|p2a: Glaceon
|-damage|p2a: Glaceon|43/100
|move|p2a: Glaceon|Freeze-Dry|p1a: Alissai
|-damage|p1a: Alissai|34/100
|-status|p1a: Alissai|frz
|
|-heal|p2a: Glaceon|49/100|[from] item: Leftovers
|upkeep
|turn|26
|
|t:|1758988818
|cant|p1a: Alissai|frz
|move|p2a: Glaceon|Freeze-Dry|p1a: Alissai
|-damage|p1a: Alissai|0 fnt
|faint|p1a: Alissai
|
|win|Eeveebro75
|raw|rackcaza's rating: 1086 &rarr; <strong>1062</strong><br />(-24 for losing)
|raw|Eeveebro75's rating: 1065 &rarr; <strong>1097</strong><br />(+32 for winning)
