|j|☆kenjihibiki
|j|☆UchihaSusgay
|t:|1758939947
|gametype|singles
|player|p1|kenjihibiki|hilbert|1420
|player|p2|UchihaSusgay|roxie|1443
|gen|9
|tier|[Gen 9] OU
|rated|
|rule|HP Percentage Mod: HP is shown in percentages
|rule|Endless Battle Clause: Forcing endless battles is banned
|rule|Species Clause: Limit one of each Pokémon
|rule|OHKO Clause: OHKO moves are banned
|rule|Evasion Items Clause: Evasion items are banned
|rule|Evasion Moves Clause: Evasion moves are banned
|rule|Evasion Abilities Clause: Evasion abilities are banned
|rule|Sleep Moves Clause: Sleep-inducing moves are banned
|clearpoke
|poke|p1|Torkoal, M|
|poke|p1|Venusaur, M|
|poke|p1|Ceruledge, M|
|poke|p1|Garchomp, M|
|poke|p1|Mandibuzz, F|
|poke|p1|Alomomola, F|
|poke|p2|Flygon, M|
|poke|p2|Alomomola, M|
|poke|p2|Weezing-Galar, F|
|poke|p2|Rotom-Heat|
|poke|p2|Enamorus, F|
|poke|p2|Kingambit, M|
|teampreview
|
|t:|1758939954
|teamsize|p1|6
|teamsize|p2|6
|start
|switch|p1a: Garchomp|Garchomp, M|100/100
|switch|p2a: Flygon|Flygon, M|100/100
|turn|1
|
|t:|1758939964
|-terastallize|p1a: Garchomp|Steel
|move|p1a: Garchomp|Scale Shot|p2a: Flygon
|-supereffective|p2a: Flygon
|-damage|p2a: Flygon|65/100
|-supereffective|p2a: Flygon
|-damage|p2a: Flygon|26/100
|-supereffective|p2a: Flygon
|-damage|p2a: Flygon|0 fnt
|faint|p2a: Flygon
|-hitcount|p2: Flygon|3
|-unboost|p1a: Garchomp|def|1
|-boost|p1a: Garchomp|spe|1
|
|upkeep
|
|t:|1758939967
|switch|p2a: Alomomola|Alomomola, M|100/100
|turn|2
|
|t:|1758939979
|move|p1a: Garchomp|Swords Dance|p1a: Garchomp
|-boost|p1a: Garchomp|atk|2
|move|p2a: Alomomola|Flip Turn|p1a: Garchomp
|-damage|p1a: Garchomp|75/100
|-damage|p2a: Alomomola|88/100|[from] ability: Rough Skin|[of] p1a: Garchomp
|
|t:|1758939985
|switch|p2a: Enamorus|Enamorus, F|100/100|[from] Flip Turn
|
|upkeep
|turn|3
|
|t:|1758939990
|move|p1a: Garchomp|Stone Edge|p2a: Enamorus
|-supereffective|p2a: Enamorus
|-damage|p2a: Enamorus|0 fnt
|faint|p2a: Enamorus
|
|upkeep
|
|t:|1758939996
|switch|p2a: Kingambit|Kingambit, M|100/100
|-activate|p2a: Kingambit|ability: Supreme Overlord
|-start|p2a: Kingambit|fallen2|[silent]
|turn|4
|
|t:|1758940001
|switch|p1a: Torkoal|Torkoal, M|100/100
|-weather|SunnyDay|[from] ability: Drought|[of] p1a: Torkoal
|move|p2a: Kingambit|Sucker Punch||[still]
|-fail|p2a: Kingambit
|
|-weather|SunnyDay|[upkeep]
|upkeep
|turn|5
|
|t:|1758940008
|-end|p2a: Kingambit|fallen2|[silent]
|switch|p2a: Rotom|Rotom-Heat|100/100
|move|p1a: Torkoal|Stealth Rock|p2a: Rotom
|-sidestart|p2: UchihaSusgay|move: Stealth Rock
|
|-weather|SunnyDay|[upkeep]
|upkeep
|turn|6
|inactive|Battle timer is ON: inactive players will automatically lose when time's up. (requested by kenjihibiki)
|
|t:|1758940018
|switch|p1a: Venusaur|Venusaur, M|100/100
|move|p2a: Rotom|Volt Switch|p1a: Venusaur
|-resisted|p1a: Venusaur
|-crit|p1a: Venusaur
|-damage|p1a: Venusaur|59/100
|
|t:|1758940023
|switch|p2a: Weezing|Weezing-Galar, F|100/100|[from] Volt Switch
|-ability|p2a: Weezing|Neutralizing Gas
|
|-weather|SunnyDay|[upkeep]
|upkeep
|turn|7
|
|t:|1758940031
|move|p1a: Venusaur|Weather Ball|p2a: Weezing
|-damage|p2a: Weezing|20/100
|-damage|p1a: Venusaur|49/100|[from] item: Life Orb
|move|p2a: Weezing|Defog|p1a: Venusaur
|-unboost|p1a: Venusaur|evasion|1
|-sideend|p2: UchihaSusgay|Stealth Rock|[from] move: Defog|[of] p2a: Weezing
|
|-weather|SunnyDay|[upkeep]
|upkeep
|turn|8
|
|t:|1758940041
|move|p1a: Venusaur|Giga Drain|p2a: Weezing
|-resisted|p2a: Weezing
|-damage|p2a: Weezing|0 fnt
|-heal|p1a: Venusaur|59/100|[from] drain|[of] p2a: Weezing
|faint|p2a: Weezing
|-end|p2a: Weezing|ability: Neutralizing Gas
|-damage|p1a: Venusaur|49/100|[from] item: Life Orb
|
|-weather|SunnyDay|[upkeep]
|upkeep
|
|t:|1758940042
|switch|p2a: Kingambit|Kingambit, M|100/100
|-activate|p2a: Kingambit|ability: Supreme Overlord
|-start|p2a: Kingambit|fallen3|[silent]
|turn|9
|
|t:|1758940057
|switch|p1a: Garchomp|Garchomp, M, tera:Steel|75/100
|move|p2a: Kingambit|Kowtow Cleave|p1a: Garchomp
|-damage|p1a: Garchomp|0 fnt
|-damage|p2a: Kingambit|88/100|[from] ability: Rough Skin|[of] p1a: Garchomp
|faint|p1a: Garchomp
|
|-weather|SunnyDay|[upkeep]
|upkeep
|
|t:|1758940066
|switch|p1a: Ceruledge|Ceruledge, M|100/100
|turn|10
|
|t:|1758940069
|-end|p2a: Kingambit|fallen3|[silent]
|switch|p2a: Rotom|Rotom-Heat|100/100
|move|p1a: Ceruledge|Bitter Blade|p2a: Rotom
|-resisted|p2a: Rotom
|-damage|p2a: Rotom|61/100
|
|-weather|SunnyDay|[upkeep]
|upkeep
|turn|11
|
|t:|1758940077
|move|p1a: Ceruledge|Poltergeist|p2a: Rotom
|-activate|p2a: Rotom|move: Poltergeist|Choice Specs
|-damage|p2a: Rotom|0 fnt
|faint|p2a: Rotom
|
|-weather|none
|upkeep
|
|t:|1758940083
|switch|p2a: Alomomola|Alomomola, M|100/100
|turn|12
|
|t:|1758940090
|switch|p1a: Torkoal|Torkoal, M|100/100
|-weather|SunnyDay|[from] ability: Drought|[of] p1a: Torkoal
|move|p2a: Alomomola|Flip Turn|p1a: Torkoal
|-supereffective|p1a: Torkoal
|-damage|p1a: Torkoal|91/100
|
|t:|1758940091
|switch|p2a: Kingambit|Kingambit, M|88/100|[from] Flip Turn
|-activate|p2a: Kingambit|ability: Supreme Overlord
|-start|p2a: Kingambit|fallen4|[silent]
|
|-weather|SunnyDay|[upkeep]
|upkeep
|turn|13
|-message|UchihaSusgay forfeited.
|
|win|kenjihibiki
|raw|kenjihibiki's rating: 1420 &rarr; <strong>1441</strong><br />(+21 for winning)
|raw|UchihaSusgay's rating: 1443 &rarr; <strong>1422</strong><br />(-21 for losing)
|l|☆UchihaSusgay
|player|p2|
|l|☆kenjihibiki
|player|p1|
