|j|☆RNG Savage
|j|☆McSwiggyPiggy
|t:|1759073033
|gametype|singles
|player|p1|RNG Savage|giovanni-gen3|1185
|player|p2|McSwiggyPiggy|101|1160
|gen|9
|tier|[Gen 9] OU
|rated|
|rule|HP Percentage Mod: HP is shown in percentages
|rule|Endless Battle Clause: Forcing endless battles is banned
|rule|Species Clause: Limit one of each Pokémon
|rule|OHKO Clause: OHKO moves are banned
|rule|Evasion Items Clause: Evasion items are banned
|rule|Evasion Moves Clause: Evasion moves are banned
|rule|Evasion Abilities Clause: Evasion abilities are banned
|rule|Sleep Moves Clause: Sleep-inducing moves are banned
|clearpoke
|poke|p1|Cacturne, M|
|poke|p1|Skarmory, M|
|poke|p1|Latias, F|
|poke|p1|Latios, M|
|poke|p1|Ursaluna, M|
|poke|p1|Dragonite, M|
|poke|p2|Blaziken, M|
|poke|p2|Samurott-Hisui, M|
|poke|p2|Great Tusk|
|poke|p2|Latios, M|
|poke|p2|Gholdengo|
|poke|p2|Enamorus, F|
|teampreview
|
|t:|1759073053
|teamsize|p1|6
|teamsize|p2|6
|start
|switch|p1a: Cacturne|Cacturne, M|100/100
|switch|p2a: Latios|Latios, M|100/100
|turn|1
|inactive|Battle timer is ON: inactive players will automatically lose when time's up. (requested by McSwiggyPiggy)
|
|t:|1759073070
|move|p2a: Latios|Ice Beam|p1a: Cacturne
|-supereffective|p1a: Cacturne
|-enditem|p1a: Cacturne|Focus Sash
|-damage|p1a: Cacturne|1/100
|-status|p1a: Cacturne|frz
|-curestatus|p1a: Cacturne|frz|[msg]
|move|p1a: Cacturne|Knock Off|p2a: Latios
|-supereffective|p2a: Latios
|-damage|p2a: Latios|0 fnt
|-enditem|p2a: Latios|Soul Dew|[from] move: Knock Off|[of] p1a: Cacturne
|faint|p2a: Latios
|
|upkeep
|
|t:|1759073083
|switch|p2a: Samurott|Samurott-Hisui, M|100/100
|turn|2
|
|t:|1759073087
|move|p2a: Samurott|Ceaseless Edge|p1a: Cacturne
|-resisted|p1a: Cacturne
|-damage|p1a: Cacturne|0 fnt
|-sidestart|p1: RNG Savage|Spikes
|faint|p1a: Cacturne
|
|upkeep
|
|t:|1759073092
|switch|p1a: Skarmory|Skarmory, M, shiny|100/100
|turn|3
|
|t:|1759073099
|move|p2a: Samurott|Flip Turn|p1a: Skarmory
|-damage|p1a: Skarmory|75/100
|-damage|p2a: Samurott|84/100|[from] item: Rocky Helmet|[of] p1a: Skarmory
|
|t:|1759073105
|switch|p2a: Gholdengo|Gholdengo|100/100|[from] Flip Turn
|-item|p2a: Gholdengo|Air Balloon
|move|p1a: Skarmory|Stealth Rock|p2a: Gholdengo
|-sidestart|p2: McSwiggyPiggy|move: Stealth Rock
|
|upkeep
|turn|4
|
|t:|1759073119
|switch|p1a: Ursaluna|Ursaluna, M, shiny|100/100
|-damage|p1a: Ursaluna|88/100|[from] Spikes
|move|p2a: Gholdengo|Nasty Plot|p2a: Gholdengo
|-boost|p2a: Gholdengo|spa|2
|
|-status|p1a: Ursaluna|brn|[from] item: Flame Orb
|upkeep
|turn|5
|
|t:|1759073129
|move|p2a: Gholdengo|Make It Rain|p1a: Ursaluna
|-damage|p1a: Ursaluna|0 fnt
|-unboost|p2a: Gholdengo|spa|1
|faint|p1a: Ursaluna
|
|upkeep
|
|t:|1759073133
|switch|p1a: Dragonite|Dragonite, M|100/100
|turn|6
|
|t:|1759073142
|move|p2a: Gholdengo|Make It Rain|p1a: Dragonite
|-damage|p1a: Dragonite|64/100
|-unboost|p2a: Gholdengo|spa|1
|move|p1a: Dragonite|Rock Slide|p2a: Gholdengo
|-resisted|p2a: Gholdengo
|-damage|p2a: Gholdengo|91/100
|-enditem|p2a: Gholdengo|Air Balloon
|
|upkeep
|turn|7
|
|t:|1759073153
|move|p2a: Gholdengo|Make It Rain|p1a: Dragonite
|-damage|p1a: Dragonite|20/100
|-unboost|p2a: Gholdengo|spa|1
|move|p1a: Dragonite|Dragon Dance|p1a: Dragonite
|-boost|p1a: Dragonite|atk|1
|-boost|p1a: Dragonite|spe|1
|
|upkeep
|turn|8
|
|t:|1759073164
|move|p1a: Dragonite|Earthquake|p2a: Gholdengo
|-supereffective|p2a: Gholdengo
|-damage|p2a: Gholdengo|5/100
|move|p2a: Gholdengo|Make It Rain|p1a: Dragonite
|-damage|p1a: Dragonite|0 fnt
|-unboost|p2a: Gholdengo|spa|1
|faint|p1a: Dragonite
|
|upkeep
|
|t:|1759073174
|switch|p1a: Skarmory|Skarmory, M, shiny|75/100
|turn|9
|
|t:|1759073202
|switch|p2a: Great Tusk|Great Tusk|100/100
|-damage|p2a: Great Tusk|98/100|[from] Stealth Rock
|move|p1a: Skarmory|Spikes|p2a: Great Tusk
|-sidestart|p2: McSwiggyPiggy|Spikes
|
|-heal|p2a: Great Tusk|100/100|[from] item: Leftovers
|upkeep
|turn|10
|
|t:|1759073211
|-terastallize|p1a: Skarmory|Ghost
|move|p1a: Skarmory|Spikes|p2a: Great Tusk
|-sidestart|p2: McSwiggyPiggy|Spikes
|move|p2a: Great Tusk|Rapid Spin|p1a: Skarmory
|-immune|p1a: Skarmory
|
|upkeep
|turn|11
|
|t:|1759073222
|move|p1a: Skarmory|Spikes|p2a: Great Tusk
|-sidestart|p2: McSwiggyPiggy|Spikes
|move|p2a: Great Tusk|Headlong Rush|p1a: Skarmory
|-damage|p1a: Skarmory|33/100
|-unboost|p2a: Great Tusk|def|1
|-unboost|p2a: Great Tusk|spd|1
|-damage|p2a: Great Tusk|84/100|[from] item: Rocky Helmet|[of] p1a: Skarmory
|
|-heal|p2a: Great Tusk|90/100|[from] item: Leftovers
|upkeep
|turn|12
|
|t:|1759073239
|switch|p1a: Latias|Latias, F|100/100
|move|p2a: Great Tusk|Headlong Rush|p1a: Latias
|-immune|p1a: Latias|[from] ability: Levitate
|
|-heal|p2a: Great Tusk|96/100|[from] item: Leftovers
|upkeep
|turn|13
|
|t:|1759073250
|-terastallize|p2a: Great Tusk|Fairy
|move|p1a: Latias|Mist Ball|p2a: Great Tusk
|-damage|p2a: Great Tusk|0 fnt
|faint|p2a: Great Tusk
|-end|p2a: Great Tusk|Protosynthesis|[silent]
|
|upkeep
|
|t:|1759073257
|switch|p2a: Enamorus|Enamorus, F|100/100
|-damage|p2a: Enamorus|76/100|[from] Stealth Rock
|turn|14
|
|t:|1759073263
|move|p2a: Enamorus|Moonblast|p1a: Latias
|-supereffective|p1a: Latias
|-damage|p1a: Latias|0 fnt
|faint|p1a: Latias
|
|upkeep
|
|t:|1759073266
|switch|p1a: Latios|Latios, M|100/100
|turn|15
|
|t:|1759073280
|move|p2a: Enamorus|Moonblast|p1a: Latios
|-supereffective|p1a: Latios
|-damage|p1a: Latios|0 fnt
|faint|p1a: Latios
|
|upkeep
|-message|RNG Savage forfeited.
|
|win|McSwiggyPiggy
|raw|RNG Savage's rating: 1185 &rarr; <strong>1158</strong><br />(-27 for losing)
|raw|McSwiggyPiggy's rating: 1160 &rarr; <strong>1187</strong><br />(+27 for winning)
|l|☆RNG Savage
|player|p1|
|c|☆McSwiggyPiggy|Zzz
|l|☆McSwiggyPiggy
|player|p2|
