|j|☆Garcellotherealone
|j|☆Brmo1031
|t:|1758918580
|gametype|singles
|player|p1|Garcellotherealone|101|
|player|p2|Brmo1031|hiker-gen4|
|gen|9
|tier|[Gen 9] OU
|rule|HP Percentage Mod: HP is shown in percentages
|rule|Endless Battle Clause: Forcing endless battles is banned
|rule|Species Clause: Limit one of each Pokémon
|rule|OHKO Clause: OHKO moves are banned
|rule|Evasion Items Clause: Evasion items are banned
|rule|Evasion Moves Clause: Evasion moves are banned
|rule|Evasion Abilities Clause: Evasion abilities are banned
|rule|Sleep Moves Clause: Sleep-inducing moves are banned
|clearpoke
|poke|p1|Corviknight, M|
|poke|p1|Darkrai|
|poke|p1|Great Tusk|
|poke|p1|Iron Valiant|
|poke|p1|Landorus-Therian, M|
|poke|p1|Iron Crown|
|poke|p2|Tentacruel, M|
|poke|p2|Rhyperior, F|
|poke|p2|Great Tusk|
|poke|p2|Dragapult, M|
|poke|p2|Dragonite, M|
|poke|p2|Kingambit, F|
|teampreview
|inactive|Battle timer is ON: inactive players will automatically lose when time's up. (requested by Brmo1031)
|
|t:|1758918603
|teamsize|p1|6
|teamsize|p2|6
|start
|switch|p1a: Corviknight|Corviknight, M|100/100
|switch|p2a: Dragapult|Dragapult, M|100/100
|-ability|p1a: Corviknight|Unnerve
|turn|1
|
|t:|1758918619
|move|p2a: Dragapult|Shadow Ball|p1a: Corviknight
|-damage|p1a: Corviknight|53/100
|-unboost|p1a: Corviknight|spd|1
|move|p1a: Corviknight|Brave Bird|p2a: Dragapult
|-damage|p2a: Dragapult|30/100
|-damage|p1a: Corviknight|34/100|[from] Recoil
|
|upkeep
|turn|2
|
|t:|1758918624
|move|p2a: Dragapult|Shadow Ball|p1a: Corviknight
|-damage|p1a: Corviknight|0 fnt
|faint|p1a: Corviknight
|
|upkeep
|
|t:|1758918631
|switch|p1a: Darkrai|Darkrai|100/100
|turn|3
|
|t:|1758918636
|switch|p2a: Kingambit|Kingambit, F|100/100
|move|p1a: Darkrai|Ice Beam|p2a: Kingambit
|-resisted|p2a: Kingambit
|-damage|p2a: Kingambit|80/100
|-damage|p1a: Darkrai|91/100|[from] item: Life Orb
|
|-heal|p2a: Kingambit|86/100|[from] item: Leftovers
|upkeep
|turn|4
|
|t:|1758918643
|switch|p1a: Landorus|Landorus-Therian, M|100/100
|-ability|p1a: Landorus|Intimidate|boost
|-unboost|p2a: Kingambit|atk|1
|move|p2a: Kingambit|Low Kick|p1a: Landorus
|-resisted|p1a: Landorus
|-damage|p1a: Landorus|87/100
|
|-heal|p2a: Kingambit|92/100|[from] item: Leftovers
|upkeep
|turn|5
|
|t:|1758918647
|-end|p2a: Kingambit|fallenundefined|[silent]
|switch|p2a: Dragonite|Dragonite, M|100/100
|move|p1a: Landorus|Earthquake|p2a: Dragonite
|-immune|p2a: Dragonite
|
|upkeep
|turn|6
|
|t:|1758918652
|move|p1a: Landorus|Stealth Rock|p2a: Dragonite
|-sidestart|p2: Brmo1031|move: Stealth Rock
|move|p2a: Dragonite|Dragon Dance|p2a: Dragonite
|-boost|p2a: Dragonite|atk|1
|-boost|p2a: Dragonite|spe|1
|
|upkeep
|turn|7
|
|t:|1758918655
|move|p2a: Dragonite|Dragon Dance|p2a: Dragonite
|-boost|p2a: Dragonite|atk|1
|-boost|p2a: Dragonite|spe|1
|move|p1a: Landorus|U-turn|p2a: Dragonite
|-resisted|p2a: Dragonite
|-damage|p2a: Dragonite|91/100
|-damage|p1a: Landorus|77/100|[from] item: Life Orb
|
|t:|1758918662
|switch|p1a: Great Tusk|Great Tusk|100/100|[from] U-turn
|
|upkeep
|turn|8
|
|t:|1758918668
|-terastallize|p2a: Dragonite|Normal
|move|p2a: Dragonite|Dragon Dance|p2a: Dragonite
|-boost|p2a: Dragonite|atk|1
|-boost|p2a: Dragonite|spe|1
|move|p1a: Great Tusk|Ice Spinner|p2a: Dragonite
|-damage|p2a: Dragonite|55/100
|
|upkeep
|turn|9
|
|t:|1758918672
|move|p2a: Dragonite|Roost|p2a: Dragonite
|-heal|p2a: Dragonite|100/100
|move|p1a: Great Tusk|Close Combat|p2a: Dragonite
|-supereffective|p2a: Dragonite
|-damage|p2a: Dragonite|18/100
|-unboost|p1a: Great Tusk|def|1
|-unboost|p1a: Great Tusk|spd|1
|
|upkeep
|turn|10
|
|t:|1758918676
|move|p2a: Dragonite|Extreme Speed|p1a: Great Tusk
|-damage|p1a: Great Tusk|0 fnt
|faint|p1a: Great Tusk
|-end|p1a: Great Tusk|Protosynthesis|[silent]
|
|upkeep
|
|t:|1758918681
|switch|p1a: Iron Crown|Iron Crown|100/100
|-enditem|p1a: Iron Crown|Booster Energy
|-activate|p1a: Iron Crown|ability: Quark Drive|[fromitem]
|-start|p1a: Iron Crown|quarkdrivespa
|turn|11
|
|t:|1758918690
|move|p2a: Dragonite|Earthquake|p1a: Iron Crown
|-supereffective|p1a: Iron Crown
|-damage|p1a: Iron Crown|0 fnt
|faint|p1a: Iron Crown
|-end|p1a: Iron Crown|Quark Drive|[silent]
|
|upkeep
|
|t:|1758918693
|switch|p1a: Landorus|Landorus-Therian, M|77/100
|-ability|p1a: Landorus|Intimidate|boost
|-unboost|p2a: Dragonite|atk|1
|turn|12
|
|t:|1758918697
|move|p2a: Dragonite|Extreme Speed|p1a: Landorus
|-damage|p1a: Landorus|0 fnt
|faint|p1a: Landorus
|
|upkeep
|
|t:|1758918699
|switch|p1a: Iron Valiant|Iron Valiant|100/100
|-enditem|p1a: Iron Valiant|Booster Energy
|-activate|p1a: Iron Valiant|ability: Quark Drive|[fromitem]
|-start|p1a: Iron Valiant|quarkdrivespe
|turn|13
|
|t:|1758918702
|move|p2a: Dragonite|Extreme Speed|p1a: Iron Valiant
|-damage|p1a: Iron Valiant|0 fnt
|faint|p1a: Iron Valiant
|-end|p1a: Iron Valiant|Quark Drive|[silent]
|
|upkeep
|
|t:|1758918704
|switch|p1a: Darkrai|Darkrai|91/100
|turn|14
|
|t:|1758918707
|move|p2a: Dragonite|Extreme Speed|p1a: Darkrai
|-damage|p1a: Darkrai|0 fnt
|faint|p1a: Darkrai
|
|win|Brmo1031
