|j|‽BracksNickers
|j|☆cfyre
|t:|1758920673
|gametype|singles
|player|p1|BracksNickers|169|1000
|player|p2|cfyre|169|1003
|gen|9
|tier|[Gen 9] OU
|rated|
|rule|HP Percentage Mod: HP is shown in percentages
|rule|Endless Battle Clause: Forcing endless battles is banned
|rule|Species Clause: Limit one of each Pokémon
|rule|OHKO Clause: OHKO moves are banned
|rule|Evasion Items Clause: Evasion items are banned
|rule|Evasion Moves Clause: Evasion moves are banned
|rule|Evasion Abilities Clause: Evasion abilities are banned
|rule|Sleep Moves Clause: Sleep-inducing moves are banned
|clearpoke
|poke|p1|Zapdos-Galar|
|poke|p1|Haxorus, F|
|poke|p1|Quaquaval, M|
|poke|p1|Blaziken, M|
|poke|p1|Kyurem|
|poke|p1|Hoopa-Unbound|
|poke|p2|Kyurem|
|poke|p2|Primarina, F|
|poke|p2|Slowking-Galar, F|
|poke|p2|Coalossal, M|
|poke|p2|Meowscarada, M|
|poke|p2|Murkrow, F|
|teampreview
|
|t:|1758920691
|teamsize|p1|6
|teamsize|p2|6
|start
|switch|p1a: Zapdos|Zapdos-Galar|100/100
|switch|p2a: Chemical hazard|Slowking-Galar, F|100/100
|turn|1
|l|‽BracksNickers
|player|p1|
|inactive|Battle timer is ON: inactive players will automatically lose when time's up. (requested by cfyre)
|j|‽BracksNickers
|inactive|BracksNickers reconnected and has 130 seconds left.
|player|p1|BracksNickers|169|
|inactive|BracksNickers has 120 seconds left.
|
|t:|1758920767
|move|p1a: Zapdos|U-turn|p2a: Chemical hazard
|-damage|p2a: Chemical hazard|76/100
|
|t:|1758920773
|switch|p1a: Quaquaval|Quaquaval, M|100/100|[from] U-turn
|move|p2a: Chemical hazard|Toxic Spikes|p1a: Quaquaval
|-sidestart|p1: BracksNickers|move: Toxic Spikes
|
|upkeep
|turn|2
|
|t:|1758920801
|move|p1a: Quaquaval|Swords Dance|p1a: Quaquaval
|-boost|p1a: Quaquaval|atk|2
|-prepare|p2a: Chemical hazard|Chilly Reception|[premajor]
|move|p2a: Chemical hazard|Chilly Reception|p2a: Chemical hazard
|-weather|Snowscape
|
|t:|1758920811
|switch|p2a: Hat guy|Murkrow, F|100/100|[from] Chilly Reception
|
|-weather|Snowscape|[upkeep]
|upkeep
|turn|3
|
|t:|1758920819
|move|p2a: Hat guy|Haze|p2a: Hat guy
|-clearallboost
|move|p1a: Quaquaval|Rapid Spin|p2a: Hat guy
|-damage|p2a: Hat guy|71/100
|-boost|p1a: Quaquaval|spe|1
|-sideend|p1: BracksNickers|Toxic Spikes|[from] move: Rapid Spin|[of] p1a: Quaquaval
|
|-weather|Snowscape|[upkeep]
|upkeep
|turn|4
|
|t:|1758920829
|move|p1a: Quaquaval|Ice Spinner|p2a: Hat guy
|-supereffective|p2a: Hat guy
|-damage|p2a: Hat guy|0 fnt
|faint|p2a: Hat guy
|-ability|p1a: Quaquaval|Moxie|boost
|-boost|p1a: Quaquaval|atk|1
|
|-weather|Snowscape|[upkeep]
|upkeep
|
|t:|1758920839
|switch|p2a: Chilly guy|Kyurem, shiny|100/100
|-ability|p2a: Chilly guy|Pressure
|turn|5
|
|t:|1758920865
|move|p1a: Quaquaval|Ice Spinner|p2a: Chilly guy
|-damage|p2a: Chilly guy|75/100
|move|p2a: Chilly guy|Iron Head|p1a: Quaquaval
|-resisted|p1a: Quaquaval
|-damage|p1a: Quaquaval|79/100
|
|-weather|Snowscape|[upkeep]
|-heal|p1a: Quaquaval|85/100|[from] item: Leftovers
|upkeep
|turn|6
|
|t:|1758920882
|move|p1a: Quaquaval|Swords Dance|p1a: Quaquaval
|-boost|p1a: Quaquaval|atk|2
|move|p2a: Chilly guy|Freeze-Dry|p1a: Quaquaval
|-supereffective|p1a: Quaquaval
|-damage|p1a: Quaquaval|0 fnt
|faint|p1a: Quaquaval
|
|-weather|Snowscape|[upkeep]
|upkeep
|inactive|BracksNickers has 120 seconds left.
|
|t:|1758920904
|switch|p1a: Blaziken|Blaziken, M|100/100
|turn|7
|inactive|cfyre has 120 seconds left.
|
|t:|1758920940
|switch|p2a: Coalossal|Coalossal, M, shiny|100/100
|move|p1a: Blaziken|Protect||[still]
|-fail|p1a: Blaziken
|
|-weather|Snowscape|[upkeep]
|-ability|p1a: Blaziken|Speed Boost|boost
|-boost|p1a: Blaziken|spe|1
|upkeep
|turn|8
|inactive|cfyre has 120 seconds left.
|inactive|BracksNickers has 120 seconds left.
|
|t:|1758920969
|move|p1a: Blaziken|Blaze Kick|p2a: Coalossal
|-resisted|p2a: Coalossal
|-damage|p2a: Coalossal|95/100
|-ability|p2a: Coalossal|Steam Engine|boost
|-boost|p2a: Coalossal|spe|6
|move|p2a: Coalossal|Iron Defense|p2a: Coalossal
|-boost|p2a: Coalossal|def|2
|
|-weather|Snowscape|[upkeep]
|-ability|p1a: Blaziken|Speed Boost|boost
|-boost|p1a: Blaziken|spe|1
|upkeep
|turn|9
|inactive|cfyre has 120 seconds left.
|
|t:|1758920982
|move|p1a: Blaziken|Acrobatics|p2a: Coalossal
|-resisted|p2a: Coalossal
|-damage|p2a: Coalossal|90/100
|move|p2a: Coalossal|Body Press|p1a: Blaziken
|-damage|p1a: Blaziken|0 fnt
|faint|p1a: Blaziken
|-damage|p2a: Coalossal|80/100|[from] item: Life Orb
|
|-weather|none
|upkeep
|inactive|BracksNickers has 90 seconds left.
|
|t:|1758921013
|switch|p1a: Zapdos|Zapdos-Galar|100/100
|turn|10
|
|t:|1758921023
|move|p2a: Coalossal|Meteor Beam||[still]
|-prepare|p2a: Coalossal|Meteor Beam
|-boost|p2a: Coalossal|spa|1
|move|p1a: Zapdos|Thunderous Kick|p2a: Coalossal
|-supereffective|p2a: Coalossal
|-damage|p2a: Coalossal|53/100
|-unboost|p2a: Coalossal|def|1
|
|upkeep
|turn|11
|
|t:|1758921032
|move|p2a: Coalossal|Meteor Beam|p1a: Zapdos|[from] lockedmove
|-damage|p1a: Zapdos|24/100
|-damage|p2a: Coalossal|43/100|[from] item: Life Orb
|move|p1a: Zapdos|Thunderous Kick|p2a: Coalossal
|-supereffective|p2a: Coalossal
|-damage|p2a: Coalossal|13/100
|-unboost|p2a: Coalossal|def|1
|
|upkeep
|turn|12
|
|t:|1758921044
|-terastallize|p2a: Coalossal|Grass
|move|p2a: Coalossal|Rest|p2a: Coalossal
|-status|p2a: Coalossal|slp|[from] move: Rest
|-heal|p2a: Coalossal|100/100 slp|[silent]
|move|p1a: Zapdos|Thunderous Kick|p2a: Coalossal
|-damage|p2a: Coalossal|78/100 slp
|-unboost|p2a: Coalossal|def|1
|
|upkeep
|turn|13
|
|t:|1758921060
|switch|p2a: Feminine boy|Meowscarada, M, shiny|100/100
|move|p1a: Zapdos|U-turn|p2a: Feminine boy
|-supereffective|p2a: Feminine boy
|-damage|p2a: Feminine boy|0 fnt
|faint|p2a: Feminine boy
|
|t:|1758921070
|switch|p1a: Haxorus|Haxorus, F, shiny|100/100|[from] U-turn
|-ability|p1a: Haxorus|Mold Breaker
|
|upkeep
|
|t:|1758921076
|switch|p2a: Chilly guy|Kyurem, shiny|75/100
|-ability|p2a: Chilly guy|Pressure
|turn|14
|
|t:|1758921085
|-terastallize|p1a: Haxorus|Fairy
|move|p1a: Haxorus|Dragon Dance|p1a: Haxorus
|-boost|p1a: Haxorus|atk|1
|-boost|p1a: Haxorus|spe|1
|move|p2a: Chilly guy|Icicle Spear|p1a: Haxorus
|-damage|p1a: Haxorus|83/100
|-damage|p1a: Haxorus|62/100
|-damage|p1a: Haxorus|45/100
|-damage|p1a: Haxorus|25/100
|-crit|p1a: Haxorus
|-damage|p1a: Haxorus|0 fnt
|faint|p1a: Haxorus
|-hitcount|p1: Haxorus|5
|
|upkeep
|-message|BracksNickers forfeited.
|
|win|cfyre
|raw|BracksNickers's rating: 1073 &rarr; <strong>1048</strong><br />(-25 for losing)
|raw|cfyre's rating: 1003 &rarr; <strong>1050</strong><br />(+47 for winning)
|l|‽BracksNickers
|player|p1|
