|j|☆hyperchoice
|j|☆XIBOWEN
|t:|1758971169
|gametype|singles
|player|p1|hyperchoice|1|1594
|player|p2|XIBOWEN|265|1621
|gen|9
|tier|[Gen 9] OU
|rated|
|rule|HP Percentage Mod: HP is shown in percentages
|rule|Endless Battle Clause: Forcing endless battles is banned
|rule|Species Clause: Limit one of each Pokémon
|rule|OHKO Clause: OHKO moves are banned
|rule|Evasion Items Clause: Evasion items are banned
|rule|Evasion Moves Clause: Evasion moves are banned
|rule|Evasion Abilities Clause: Evasion abilities are banned
|rule|Sleep Moves Clause: Sleep-inducing moves are banned
|clearpoke
|poke|p1|Tyranitar, M|
|poke|p1|Excadrill, F|
|poke|p1|Kingambit, M|
|poke|p1|Garchomp, F|
|poke|p1|Pecharunt|
|poke|p1|Rotom-Wash|
|poke|p2|Dragonite, M|
|poke|p2|Kingambit, F|
|poke|p2|Glimmora, F|
|poke|p2|Primarina, F|
|poke|p2|Great Tusk|
|poke|p2|Raging Bolt|
|teampreview
|
|t:|1758971187
|teamsize|p1|6
|teamsize|p2|6
|start
|switch|p1a: Tyranitar|Tyranitar, M|100/100
|switch|p2a: Primarina|Primarina, F|100/100
|-weather|Sandstorm|[from] ability: Sand Stream|[of] p1a: Tyranitar
|turn|1
|
|t:|1758971194
|move|p2a: Primarina|Moonblast|p1a: Tyranitar
|-supereffective|p1a: Tyranitar
|-damage|p1a: Tyranitar|59/100
|move|p1a: Tyranitar|Knock Off|p2a: Primarina
|-resisted|p2a: Primarina
|-damage|p2a: Primarina|77/100
|-enditem|p2a: Primarina|Assault Vest|[from] move: Knock Off|[of] p1a: Tyranitar
|
|-weather|Sandstorm|[upkeep]
|-damage|p2a: Primarina|71/100|[from] Sandstorm
|upkeep
|turn|2
|
|t:|1758971204
|switch|p1a: Pecharunt|Pecharunt|100/100
|-item|p1a: Pecharunt|Air Balloon
|move|p2a: Primarina|Surf|p1a: Pecharunt
|-damage|p1a: Pecharunt|55/100
|-enditem|p1a: Pecharunt|Air Balloon
|
|-weather|Sandstorm|[upkeep]
|-damage|p1a: Pecharunt|49/100|[from] Sandstorm
|-damage|p2a: Primarina|65/100|[from] Sandstorm
|upkeep
|turn|3
|
|t:|1758971210
|switch|p2a: Kingambit|Kingambit, F|100/100
|move|p1a: Pecharunt|Parting Shot|p2a: Kingambit
|-unboost|p2a: Kingambit|atk|1
|-unboost|p2a: Kingambit|spa|1
|
|t:|1758971213
|switch|p1a: Rotom|Rotom-Wash|100/100|[from] Parting Shot
|
|-weather|Sandstorm|[upkeep]
|-damage|p1a: Rotom|94/100|[from] Sandstorm
|-heal|p1a: Rotom|100/100|[from] item: Leftovers
|upkeep
|turn|4
|
|t:|1758971222
|-end|p2a: Kingambit|fallenundefined|[silent]
|switch|p2a: Raging Bolt|Raging Bolt|100/100
|-enditem|p2a: Raging Bolt|Booster Energy
|-activate|p2a: Raging Bolt|ability: Protosynthesis|[fromitem]
|-start|p2a: Raging Bolt|protosynthesisspa
|move|p1a: Rotom|Volt Switch|p2a: Raging Bolt
|-resisted|p2a: Raging Bolt
|-damage|p2a: Raging Bolt|95/100
|
|t:|1758971224
|switch|p1a: Excadrill|Excadrill, F|100/100|[from] Volt Switch
|-item|p1a: Excadrill|Air Balloon
|
|-weather|Sandstorm|[upkeep]
|-damage|p2a: Raging Bolt|89/100|[from] Sandstorm
|upkeep
|turn|5
|
|t:|1758971229
|move|p1a: Excadrill|Swords Dance|p1a: Excadrill
|-boost|p1a: Excadrill|atk|2
|move|p2a: Raging Bolt|Dragon Pulse|p1a: Excadrill
|-resisted|p1a: Excadrill
|-damage|p1a: Excadrill|53/100
|-enditem|p1a: Excadrill|Air Balloon
|
|-weather|Sandstorm|[upkeep]
|-damage|p2a: Raging Bolt|83/100|[from] Sandstorm
|upkeep
|turn|6
|
|t:|1758971239
|-end|p2a: Raging Bolt|Protosynthesis|[silent]
|switch|p2a: Glimmora|Glimmora, F|100/100
|move|p1a: Excadrill|Rock Slide|p2a: Glimmora
|-damage|p2a: Glimmora|27/100
|-activate|p2a: Glimmora|ability: Toxic Debris
|-sidestart|p1: hyperchoice|move: Toxic Spikes
|-enditem|p2a: Glimmora|Red Card|[of] p1a: Excadrill
|drag|p1a: Pecharunt|Pecharunt|49/100
|-sideend|p1: hyperchoice|move: Toxic Spikes|[of] p1a: Pecharunt
|
|-weather|Sandstorm|[upkeep]
|-damage|p1a: Pecharunt|43/100|[from] Sandstorm
|upkeep
|turn|7
|
|t:|1758971253
|switch|p1a: Rotom|Rotom-Wash|100/100
|move|p2a: Glimmora|Earth Power|p1a: Rotom
|-immune|p1a: Rotom|[from] ability: Levitate
|
|-weather|Sandstorm|[upkeep]
|-damage|p1a: Rotom|94/100|[from] Sandstorm
|-heal|p1a: Rotom|100/100|[from] item: Leftovers
|upkeep
|turn|8
|
|t:|1758971257
|move|p2a: Glimmora|Mortal Spin|p1a: Rotom
|-damage|p1a: Rotom|96/100
|-status|p1a: Rotom|psn
|move|p1a: Rotom|Volt Switch|p2a: Glimmora
|-damage|p2a: Glimmora|6/100
|
|t:|1758971260
|switch|p1a: Garchomp|Garchomp, F|100/100|[from] Volt Switch
|
|-weather|none
|upkeep
|turn|9
|
|t:|1758971264
|move|p1a: Garchomp|Scale Shot|p2a: Glimmora
|-damage|p2a: Glimmora|0 fnt
|-activate|p2a: Glimmora|ability: Toxic Debris
|-sidestart|p1: hyperchoice|move: Toxic Spikes
|faint|p2a: Glimmora
|-hitcount|p2: Glimmora|1
|-unboost|p1a: Garchomp|def|1
|-boost|p1a: Garchomp|spe|1
|
|upkeep
|
|t:|1758971275
|switch|p2a: Great Tusk|Great Tusk|100/100
|turn|10
|
|t:|1758971280
|switch|p1a: Rotom|Rotom-Wash|96/100 psn
|move|p2a: Great Tusk|Ice Spinner|p1a: Rotom
|-resisted|p1a: Rotom
|-damage|p1a: Rotom|86/100 psn
|
|-heal|p1a: Rotom|93/100 psn|[from] item: Leftovers
|-damage|p1a: Rotom|80/100 psn|[from] psn
|upkeep
|turn|11
|
|t:|1758971287
|-end|p2a: Great Tusk|Protosynthesis|[silent]
|switch|p2a: Raging Bolt|Raging Bolt|83/100
|move|p1a: Rotom|Volt Switch|p2a: Raging Bolt
|-resisted|p2a: Raging Bolt
|-damage|p2a: Raging Bolt|77/100
|
|t:|1758971289
|switch|p1a: Pecharunt|Pecharunt|43/100|[from] Volt Switch
|-sideend|p1: hyperchoice|move: Toxic Spikes|[of] p1a: Pecharunt
|
|upkeep
|turn|12
|
|t:|1758971298
|switch|p1a: Tyranitar|Tyranitar, M|59/100
|-weather|Sandstorm|[from] ability: Sand Stream|[of] p1a: Tyranitar
|move|p2a: Raging Bolt|Dragon Pulse|p1a: Tyranitar
|-damage|p1a: Tyranitar|38/100
|
|-weather|Sandstorm|[upkeep]
|-damage|p2a: Raging Bolt|71/100|[from] Sandstorm
|upkeep
|turn|13
|
|t:|1758971305
|move|p2a: Raging Bolt|Thunderbolt|p1a: Tyranitar
|-damage|p1a: Tyranitar|17/100
|move|p1a: Tyranitar|Ice Beam|p2a: Raging Bolt
|-supereffective|p2a: Raging Bolt
|-damage|p2a: Raging Bolt|38/100
|
|-weather|Sandstorm|[upkeep]
|-damage|p2a: Raging Bolt|32/100|[from] Sandstorm
|upkeep
|turn|14
|
|t:|1758971311
|switch|p1a: Excadrill|Excadrill, F|53/100
|move|p2a: Raging Bolt|Substitute|p2a: Raging Bolt
|-start|p2a: Raging Bolt|Substitute
|-damage|p2a: Raging Bolt|7/100
|
|-weather|Sandstorm|[upkeep]
|-damage|p2a: Raging Bolt|1/100|[from] Sandstorm
|upkeep
|turn|15
|
|t:|1758971314
|move|p1a: Excadrill|Rapid Spin|p2a: Raging Bolt
|-activate|p2a: Raging Bolt|move: Substitute|[damage]
|-boost|p1a: Excadrill|spe|1
|move|p2a: Raging Bolt|Dragon Pulse|p1a: Excadrill
|-resisted|p1a: Excadrill
|-damage|p1a: Excadrill|21/100
|
|-weather|Sandstorm|[upkeep]
|-damage|p2a: Raging Bolt|0 fnt|[from] Sandstorm
|faint|p2a: Raging Bolt
|-end|p2a: Raging Bolt|Protosynthesis|[silent]
|upkeep
|
|t:|1758971325
|switch|p2a: Kingambit|Kingambit, F|100/100
|-activate|p2a: Kingambit|ability: Supreme Overlord
|-start|p2a: Kingambit|fallen2|[silent]
|turn|16
|
|t:|1758971334
|move|p1a: Excadrill|Swords Dance|p1a: Excadrill
|-boost|p1a: Excadrill|atk|2
|move|p2a: Kingambit|Kowtow Cleave|p1a: Excadrill
|-damage|p1a: Excadrill|0 fnt
|faint|p1a: Excadrill
|
|-weather|Sandstorm|[upkeep]
|upkeep
|
|t:|1758971337
|switch|p1a: Rotom|Rotom-Wash|80/100 psn
|turn|17
|
|t:|1758971341
|-end|p2a: Kingambit|fallen2|[silent]
|switch|p2a: Primarina|Primarina, F|65/100
|move|p1a: Rotom|Will-O-Wisp|p2a: Primarina
|-status|p2a: Primarina|brn
|
|-weather|Sandstorm|[upkeep]
|-damage|p1a: Rotom|74/100 psn|[from] Sandstorm
|-damage|p2a: Primarina|58/100 brn|[from] Sandstorm
|-heal|p1a: Rotom|80/100 psn|[from] item: Leftovers
|-damage|p1a: Rotom|68/100 psn|[from] psn
|-damage|p2a: Primarina|52/100 brn|[from] brn
|upkeep
|turn|18
|
|t:|1758971345
|move|p1a: Rotom|Volt Switch|p2a: Primarina
|-supereffective|p2a: Primarina
|-damage|p2a: Primarina|17/100 brn
|
|t:|1758971349
|switch|p1a: Pecharunt|Pecharunt|43/100|[from] Volt Switch
|move|p2a: Primarina|Moonblast|p1a: Pecharunt
|-resisted|p1a: Pecharunt
|-crit|p1a: Pecharunt
|-damage|p1a: Pecharunt|10/100
|-unboost|p1a: Pecharunt|spa|1
|
|-weather|Sandstorm|[upkeep]
|-damage|p1a: Pecharunt|4/100|[from] Sandstorm
|-damage|p2a: Primarina|11/100 brn|[from] Sandstorm
|-damage|p2a: Primarina|5/100 brn|[from] brn
|upkeep
|turn|19
|
|t:|1758971355
|move|p2a: Primarina|Aqua Jet|p1a: Pecharunt
|-damage|p1a: Pecharunt|0 fnt
|faint|p1a: Pecharunt
|
|-weather|none
|-damage|p2a: Primarina|0 fnt|[from] brn
|faint|p2a: Primarina
|upkeep
|
|t:|1758971368
|switch|p1a: Tyranitar|Tyranitar, M|17/100
|switch|p2a: Great Tusk|Great Tusk|100/100
|-weather|Sandstorm|[from] ability: Sand Stream|[of] p1a: Tyranitar
|turn|20
|
|t:|1758971377
|move|p2a: Great Tusk|Knock Off|p1a: Tyranitar
|-resisted|p1a: Tyranitar
|-damage|p1a: Tyranitar|7/100
|-enditem|p1a: Tyranitar|Smooth Rock|[from] move: Knock Off|[of] p2a: Great Tusk
|move|p1a: Tyranitar|Ice Beam|p2a: Great Tusk
|-supereffective|p2a: Great Tusk
|-damage|p2a: Great Tusk|51/100
|
|-weather|Sandstorm|[upkeep]
|upkeep
|turn|21
|
|t:|1758971381
|move|p2a: Great Tusk|Ice Spinner|p1a: Tyranitar
|-damage|p1a: Tyranitar|0 fnt
|faint|p1a: Tyranitar
|
|-weather|Sandstorm|[upkeep]
|upkeep
|
|t:|1758971385
|switch|p1a: Garchomp|Garchomp, F|100/100
|turn|22
|
|t:|1758971397
|-terastallize|p1a: Garchomp|Fire
|move|p1a: Garchomp|Swords Dance|p1a: Garchomp
|-boost|p1a: Garchomp|atk|2
|move|p2a: Great Tusk|Ice Spinner|p1a: Garchomp
|-resisted|p1a: Garchomp
|-damage|p1a: Garchomp|88/100
|-damage|p2a: Great Tusk|39/100|[from] ability: Rough Skin|[of] p1a: Garchomp
|
|-weather|Sandstorm|[upkeep]
|-damage|p1a: Garchomp|82/100|[from] Sandstorm
|upkeep
|turn|23
|
|t:|1758971404
|move|p1a: Garchomp|Scale Shot|p2a: Great Tusk
|-damage|p2a: Great Tusk|22/100
|-damage|p2a: Great Tusk|5/100
|-damage|p2a: Great Tusk|0 fnt
|faint|p2a: Great Tusk
|-end|p2a: Great Tusk|Protosynthesis|[silent]
|-hitcount|p2: Great Tusk|3
|-unboost|p1a: Garchomp|def|1
|-boost|p1a: Garchomp|spe|1
|
|-weather|Sandstorm|[upkeep]
|-damage|p1a: Garchomp|76/100|[from] Sandstorm
|upkeep
|
|t:|1758971412
|switch|p2a: Dragonite|Dragonite, M, shiny|100/100
|turn|24
|
|t:|1758971419
|switch|p2a: Kingambit|Kingambit, F|100/100
|-activate|p2a: Kingambit|ability: Supreme Overlord
|-start|p2a: Kingambit|fallen4|[silent]
|move|p1a: Garchomp|Scale Shot|p2a: Kingambit|[miss]
|-miss|p1a: Garchomp|p2a: Kingambit
|
|-weather|Sandstorm|[upkeep]
|-damage|p1a: Garchomp|69/100|[from] Sandstorm
|upkeep
|turn|25
|
|t:|1758971429
|move|p2a: Kingambit|Sucker Punch|p1a: Garchomp
|-damage|p1a: Garchomp|0 fnt
|-damage|p2a: Kingambit|88/100|[from] ability: Rough Skin|[of] p1a: Garchomp
|faint|p1a: Garchomp
|
|-weather|Sandstorm|[upkeep]
|-heal|p2a: Kingambit|94/100|[from] item: Leftovers
|upkeep
|
|t:|1758971432
|switch|p1a: Rotom|Rotom-Wash|68/100 psn
|turn|26
|
|t:|1758971438
|move|p1a: Rotom|Will-O-Wisp|p2a: Kingambit
|-status|p2a: Kingambit|brn
|move|p2a: Kingambit|Kowtow Cleave|p1a: Rotom
|-damage|p1a: Rotom|39/100 psn
|
|-weather|Sandstorm|[upkeep]
|-damage|p1a: Rotom|33/100 psn|[from] Sandstorm
|-heal|p1a: Rotom|39/100 psn|[from] item: Leftovers
|-heal|p2a: Kingambit|100/100 brn|[from] item: Leftovers
|-damage|p1a: Rotom|27/100 psn|[from] psn
|-damage|p2a: Kingambit|94/100 brn|[from] brn
|upkeep
|turn|27
|
|t:|1758971446
|move|p1a: Rotom|Pain Split|p2a: Kingambit
|-sethp|p2a: Kingambit|59/100 brn|[from] move: Pain Split|[silent]
|-sethp|p1a: Rotom|66/100 psn|[from] move: Pain Split
|move|p2a: Kingambit|Low Kick|p1a: Rotom
|-damage|p1a: Rotom|61/100 psn
|
|-weather|none
|-heal|p1a: Rotom|68/100 psn|[from] item: Leftovers
|-heal|p2a: Kingambit|65/100 brn|[from] item: Leftovers
|-damage|p1a: Rotom|55/100 psn|[from] psn
|-damage|p2a: Kingambit|59/100 brn|[from] brn
|upkeep
|turn|28
|
|t:|1758971454
|move|p1a: Rotom|Hydro Pump|p2a: Kingambit
|-damage|p2a: Kingambit|12/100 brn
|move|p2a: Kingambit|Swords Dance|p2a: Kingambit
|-boost|p2a: Kingambit|atk|2
|
|-heal|p1a: Rotom|61/100 psn|[from] item: Leftovers
|-heal|p2a: Kingambit|19/100 brn|[from] item: Leftovers
|-damage|p1a: Rotom|49/100 psn|[from] psn
|-damage|p2a: Kingambit|12/100 brn|[from] brn
|upkeep
|turn|29
|
|t:|1758971460
|move|p2a: Kingambit|Sucker Punch||[still]
|-fail|p2a: Kingambit
|move|p1a: Rotom|Will-O-Wisp|p2a: Kingambit
|-fail|p2a: Kingambit|brn
|
|-heal|p1a: Rotom|55/100 psn|[from] item: Leftovers
|-heal|p2a: Kingambit|19/100 brn|[from] item: Leftovers
|-damage|p1a: Rotom|43/100 psn|[from] psn
|-damage|p2a: Kingambit|12/100 brn|[from] brn
|upkeep
|turn|30
|
|t:|1758971465
|move|p2a: Kingambit|Sucker Punch|p1a: Rotom
|-damage|p1a: Rotom|0 fnt
|faint|p1a: Rotom
|
|-heal|p2a: Kingambit|19/100 brn|[from] item: Leftovers
|-damage|p2a: Kingambit|12/100 brn|[from] brn
|upkeep
|
|t:|1758971467
|switch|p1a: Kingambit|Kingambit, M|100/100
|-activate|p1a: Kingambit|ability: Supreme Overlord
|-start|p1a: Kingambit|fallen5|[silent]
|turn|31
|
|t:|1758971471
|move|p2a: Kingambit|Sucker Punch|p1a: Kingambit
|-resisted|p1a: Kingambit
|-damage|p1a: Kingambit|76/100
|move|p1a: Kingambit|Kowtow Cleave|p2a: Kingambit
|-resisted|p2a: Kingambit
|-damage|p2a: Kingambit|0 fnt
|faint|p2a: Kingambit
|-end|p2a: Kingambit|fallen4|[silent]
|
|upkeep
|
|t:|1758971474
|switch|p2a: Dragonite|Dragonite, M, shiny|100/100
|turn|32
|
|t:|1758971478
|move|p2a: Dragonite|Earthquake|p1a: Kingambit
|-supereffective|p1a: Kingambit
|-damage|p1a: Kingambit|22/100
|move|p1a: Kingambit|Iron Head|p2a: Dragonite
|-damage|p2a: Dragonite|61/100
|
|upkeep
|turn|33
|
|t:|1758971485
|move|p2a: Dragonite|Encore|p1a: Kingambit
|-start|p1a: Kingambit|Encore
|move|p1a: Kingambit|Iron Head|p2a: Dragonite
|-damage|p2a: Dragonite|0 fnt
|faint|p2a: Dragonite
|
|win|hyperchoice
|raw|hyperchoice's rating: 1594 &rarr; <strong>1616</strong><br />(+22 for winning)
|raw|XIBOWEN's rating: 1621 &rarr; <strong>1599</strong><br />(-22 for losing)
|l|☆XIBOWEN
|player|p2|
|l|☆hyperchoice
|player|p1|
