|j|☆Showdown GOAT
|j|☆KuroNoTamashi
|t:|1758980582
|gametype|singles
|player|p1|Showdown GOAT|crispin|1557
|player|p2|KuroNoTamashi|170|1604
|gen|9
|tier|[Gen 9] OU
|rated|
|rule|HP Percentage Mod: HP is shown in percentages
|rule|Endless Battle Clause: Forcing endless battles is banned
|rule|Species Clause: Limit one of each Pokémon
|rule|OHKO Clause: OHKO moves are banned
|rule|Evasion Items Clause: Evasion items are banned
|rule|Evasion Moves Clause: Evasion moves are banned
|rule|Evasion Abilities Clause: Evasion abilities are banned
|rule|Sleep Moves Clause: Sleep-inducing moves are banned
|clearpoke
|poke|p1|Glimmora, F|
|poke|p1|Raging Bolt|
|poke|p1|Ogerpon-Wellspring, F|
|poke|p1|Ceruledge, F|
|poke|p1|Dragapult, F|
|poke|p1|Iron Valiant|
|poke|p2|Iron Crown|
|poke|p2|Pincurchin, M|
|poke|p2|Iron Valiant|
|poke|p2|Pelipper, F|
|poke|p2|Barraskewda, F|
|poke|p2|Landorus-Therian, M|
|teampreview
|inactive|Battle timer is ON: inactive players will automatically lose when time's up. (requested by Showdown GOAT)
|c|☆Showdown GOAT|cool team
|c|☆Showdown GOAT|gl hf
|
|t:|1758980604
|teamsize|p1|6
|teamsize|p2|6
|start
|switch|p1a: Glimmora|Glimmora, F|100/100
|switch|p2a: Pelipper|Pelipper, F|100/100
|-weather|RainDance|[from] ability: Drizzle|[of] p2a: Pelipper
|turn|1
|
|t:|1758980608
|switch|p2a: Landorus|Landorus-Therian, M|100/100
|-ability|p2a: Landorus|Intimidate|boost
|-unboost|p1a: Glimmora|atk|1
|move|p1a: Glimmora|Power Gem|p2a: Landorus
|-damage|p2a: Landorus|47/100
|
|-weather|RainDance|[upkeep]
|-heal|p2a: Landorus|53/100|[from] item: Leftovers
|upkeep
|turn|2
|
|t:|1758980615
|move|p2a: Landorus|Sandsear Storm|p1a: Glimmora
|-supereffective|p1a: Glimmora
|-enditem|p1a: Glimmora|Focus Sash
|-damage|p1a: Glimmora|1/100
|-status|p1a: Glimmora|brn
|move|p1a: Glimmora|Stealth Rock|p2a: Landorus
|-sidestart|p2: KuroNoTamashi|move: Stealth Rock
|
|-weather|RainDance|[upkeep]
|-heal|p2a: Landorus|58/100|[from] item: Leftovers
|-damage|p1a: Glimmora|0 fnt|[from] brn
|faint|p1a: Glimmora
|upkeep
|
|t:|1758980622
|switch|p1a: Ogerpon|Ogerpon-Wellspring, F|100/100
|turn|3
|
|t:|1758980630
|switch|p2a: Pincurchin|Pincurchin, M, shiny|100/100
|-damage|p2a: Pincurchin|88/100|[from] Stealth Rock
|-fieldstart|move: Electric Terrain|[from] ability: Electric Surge|[of] p2a: Pincurchin
|move|p1a: Ogerpon|Ivy Cudgel|p2a: Pincurchin|[anim] Ivy Cudgel Water
|-damage|p2a: Pincurchin|13/100
|
|-weather|RainDance|[upkeep]
|upkeep
|turn|4
|
|t:|1758980634
|move|p1a: Ogerpon|Trailblaze|p2a: Pincurchin
|-damage|p2a: Pincurchin|0 fnt
|-boost|p1a: Ogerpon|spe|1
|faint|p2a: Pincurchin
|
|-weather|RainDance|[upkeep]
|upkeep
|
|t:|1758980638
|switch|p2a: Iron Valiant|Iron Valiant, shiny|100/100
|-damage|p2a: Iron Valiant|94/100|[from] Stealth Rock
|-activate|p2a: Iron Valiant|ability: Quark Drive
|-start|p2a: Iron Valiant|quarkdrivespe
|turn|5
|
|t:|1758980643
|move|p2a: Iron Valiant|Close Combat|p1a: Ogerpon
|-damage|p1a: Ogerpon|0 fnt
|-unboost|p2a: Iron Valiant|def|1
|-unboost|p2a: Iron Valiant|spd|1
|faint|p1a: Ogerpon
|
|-weather|RainDance|[upkeep]
|upkeep
|
|t:|1758980647
|switch|p1a: Ceruledge|Ceruledge, F|100/100
|turn|6
|
|t:|1758980654
|-end|p2a: Iron Valiant|Quark Drive|[silent]
|switch|p2a: Landorus|Landorus-Therian, M|58/100
|-damage|p2a: Landorus|46/100|[from] Stealth Rock
|-ability|p2a: Landorus|Intimidate|boost
|-unboost|p1a: Ceruledge|atk|1
|move|p1a: Ceruledge|Swords Dance|p1a: Ceruledge
|-boost|p1a: Ceruledge|atk|2
|
|-weather|RainDance|[upkeep]
|-heal|p2a: Landorus|52/100|[from] item: Leftovers
|upkeep
|turn|7
|
|t:|1758980665
|move|p2a: Landorus|Sandsear Storm|p1a: Ceruledge
|-supereffective|p1a: Ceruledge
|-enditem|p1a: Ceruledge|Focus Sash
|-damage|p1a: Ceruledge|1/100
|move|p1a: Ceruledge|Swords Dance|p1a: Ceruledge
|-boost|p1a: Ceruledge|atk|2
|
|-weather|RainDance|[upkeep]
|-heal|p2a: Landorus|58/100|[from] item: Leftovers
|upkeep
|turn|8
|
|t:|1758980672
|move|p2a: Landorus|Sandsear Storm|p1a: Ceruledge
|-supereffective|p1a: Ceruledge
|-damage|p1a: Ceruledge|0 fnt
|faint|p1a: Ceruledge
|
|-weather|none
|-heal|p2a: Landorus|64/100|[from] item: Leftovers
|upkeep
|
|t:|1758980675
|switch|p1a: Dragapult|Dragapult, F|100/100
|turn|9
|
|t:|1758980681
|switch|p2a: Pelipper|Pelipper, F|100/100
|-damage|p2a: Pelipper|75/100|[from] Stealth Rock
|-weather|RainDance|[from] ability: Drizzle|[of] p2a: Pelipper
|move|p1a: Dragapult|Shadow Ball|p2a: Pelipper
|-damage|p2a: Pelipper|8/100
|
|-weather|RainDance|[upkeep]
|upkeep
|turn|10
|
|t:|1758980685
|move|p1a: Dragapult|Shadow Ball|p2a: Pelipper
|-damage|p2a: Pelipper|0 fnt
|faint|p2a: Pelipper
|
|-weather|RainDance|[upkeep]
|-fieldend|move: Electric Terrain
|upkeep
|
|t:|1758980687
|switch|p2a: Iron Valiant|Iron Valiant, shiny|94/100
|-damage|p2a: Iron Valiant|88/100|[from] Stealth Rock
|turn|11
|
|t:|1758980694
|move|p1a: Dragapult|Shadow Ball|p2a: Iron Valiant
|-damage|p2a: Iron Valiant|0 fnt
|faint|p2a: Iron Valiant
|-end|p2a: Iron Valiant|Quark Drive|[silent]
|
|-weather|RainDance|[upkeep]
|upkeep
|
|t:|1758980698
|switch|p2a: Barraskewda|Barraskewda, F|100/100
|-damage|p2a: Barraskewda|88/100|[from] Stealth Rock
|turn|12
|
|t:|1758980704
|-terastallize|p2a: Barraskewda|Water
|move|p2a: Barraskewda|Waterfall|p1a: Dragapult
|-resisted|p1a: Dragapult
|-damage|p1a: Dragapult|8/100
|move|p1a: Dragapult|Shadow Ball|p2a: Barraskewda
|-damage|p2a: Barraskewda|0 fnt
|faint|p2a: Barraskewda
|
|-weather|RainDance|[upkeep]
|upkeep
|c|☆Showdown GOAT|gg
|-message|KuroNoTamashi forfeited.
|
|win|Showdown GOAT
|raw|Showdown GOAT's rating: 1557 &rarr; <strong>1580</strong><br />(+23 for winning)
|raw|KuroNoTamashi's rating: 1604 &rarr; <strong>1581</strong><br />(-23 for losing)
|l|☆KuroNoTamashi
|player|p2|
|l|☆Showdown GOAT
|player|p1|
|j| a6ni
|l| a6ni
