|j|☆Yomoma’sash
|j|☆stingraygucci
|t:|1758951828
|gametype|singles
|player|p1|Yomoma’sash|266|1415
|player|p2|stingraygucci|169|1402
|gen|9
|tier|[Gen 9] OU
|rated|
|rule|HP Percentage Mod: HP is shown in percentages
|rule|Endless Battle Clause: Forcing endless battles is banned
|rule|Species Clause: Limit one of each Pokémon
|rule|OHKO Clause: OHKO moves are banned
|rule|Evasion Items Clause: Evasion items are banned
|rule|Evasion Moves Clause: Evasion moves are banned
|rule|Evasion Abilities Clause: Evasion abilities are banned
|rule|Sleep Moves Clause: Sleep-inducing moves are banned
|clearpoke
|poke|p1|Charizard, F|
|poke|p1|Venusaur, M|
|poke|p1|Lapras, F|
|poke|p1|Blastoise, M|
|poke|p1|Snorlax, F|
|poke|p1|Clefable, M|
|poke|p2|Tyranitar, M|
|poke|p2|Gholdengo|
|poke|p2|Zamazenta-*|
|poke|p2|Rillaboom, M|
|poke|p2|Garchomp, F|
|poke|p2|Zapdos|
|teampreview
|inactive|Battle timer is ON: inactive players will automatically lose when time's up. (requested by Yomoma’sash)
|inactive|Yomoma’sash has 120 seconds left.
|inactive|Yomoma’sash has 90 seconds left.
|inactive|Yomoma’sash has 60 seconds left.
|
|t:|1758951935
|teamsize|p1|6
|teamsize|p2|6
|start
|switch|p1a: Charizard|Charizard, F|100/100
|switch|p2a: Zapdos|Zapdos|100/100
|turn|1
|
|t:|1758951954
|-terastallize|p1a: Charizard|Fire
|move|p1a: Charizard|Overheat|p2a: Zapdos
|-damage|p2a: Zapdos|4/100
|-unboost|p1a: Charizard|spa|2
|move|p2a: Zapdos|Volt Switch|p1a: Charizard
|-damage|p1a: Charizard|53/100
|inactive|stingraygucci has 120 seconds left.
|
|t:|1758951990
|switch|p2a: Garchomp|Garchomp, F|100/100|[from] Volt Switch
|
|upkeep
|turn|2
|inactive|Yomoma’sash has 120 seconds left.
|
|t:|1758952005
|move|p1a: Charizard|Overheat|p2a: Garchomp|[miss]
|-miss|p1a: Charizard|p2a: Garchomp
|move|p2a: Garchomp|Stealth Rock|p1a: Charizard
|-sidestart|p1: Yomoma’sash|move: Stealth Rock
|
|upkeep
|turn|3
|inactive|stingraygucci has 120 seconds left.
|
|t:|1758952029
|move|p1a: Charizard|Overheat|p2a: Garchomp
|-resisted|p2a: Garchomp
|-crit|p2a: Garchomp
|-damage|p2a: Garchomp|43/100
|-unboost|p1a: Charizard|spa|2
|move|p2a: Garchomp|Spikes|p1a: Charizard
|-sidestart|p1: Yomoma’sash|Spikes
|
|upkeep
|turn|4
|
|t:|1758952034
|move|p1a: Charizard|Overheat|p2a: Garchomp
|-resisted|p2a: Garchomp
|-damage|p2a: Garchomp|30/100
|-unboost|p1a: Charizard|spa|2
|move|p2a: Garchomp|Spikes|p1a: Charizard
|-sidestart|p1: Yomoma’sash|Spikes
|
|upkeep
|turn|5
|
|t:|1758952041
|move|p1a: Charizard|Overheat|p2a: Garchomp
|-resisted|p2a: Garchomp
|-damage|p2a: Garchomp|19/100
|move|p2a: Garchomp|Earthquake|p1a: Charizard
|-supereffective|p1a: Charizard
|-crit|p1a: Charizard
|-damage|p1a: Charizard|0 fnt
|faint|p1a: Charizard
|
|upkeep
|
|t:|1758952049
|switch|p1a: Blastoise|Blastoise, M|100/100
|-damage|p1a: Blastoise|88/100|[from] Stealth Rock
|-damage|p1a: Blastoise|72/100|[from] Spikes
|turn|6
|
|t:|1758952054
|move|p1a: Blastoise|Surf|p2a: Garchomp
|-damage|p2a: Garchomp|0 fnt
|faint|p2a: Garchomp
|
|upkeep
|
|t:|1758952057
|switch|p2a: Rillaboom|Rillaboom, M|100/100
|-fieldstart|move: Grassy Terrain|[from] ability: Grassy Surge|[of] p2a: Rillaboom
|turn|7
|
|t:|1758952062
|move|p2a: Rillaboom|U-turn|p1a: Blastoise
|-crit|p1a: Blastoise
|-damage|p1a: Blastoise|29/100
|
|t:|1758952076
|switch|p2a: Zamazenta|Zamazenta|100/100|[from] U-turn
|-ability|p2a: Zamazenta|Dauntless Shield|boost
|-boost|p2a: Zamazenta|def|1
|move|p1a: Blastoise|Ice Beam|p2a: Zamazenta
|-damage|p2a: Zamazenta|75/100
|
|-heal|p2a: Zamazenta|81/100|[from] Grassy Terrain
|-heal|p1a: Blastoise|35/100|[from] Grassy Terrain
|upkeep
|turn|8
|
|t:|1758952084
|move|p2a: Zamazenta|Close Combat|p1a: Blastoise
|-damage|p1a: Blastoise|0 fnt
|-unboost|p2a: Zamazenta|def|1
|-unboost|p2a: Zamazenta|spd|1
|faint|p1a: Blastoise
|
|-heal|p2a: Zamazenta|88/100|[from] Grassy Terrain
|upkeep
|
|t:|1758952088
|switch|p1a: Venusaur|Venusaur, M|100/100
|-damage|p1a: Venusaur|88/100|[from] Stealth Rock
|-damage|p1a: Venusaur|72/100|[from] Spikes
|turn|9
|
|t:|1758952103
|move|p1a: Venusaur|Sunny Day|p1a: Venusaur
|-weather|SunnyDay
|move|p2a: Zamazenta|Roar|p1a: Venusaur
|drag|p1a: Lapras|Lapras, F|100/100
|-damage|p1a: Lapras|76/100|[from] Stealth Rock
|-damage|p1a: Lapras|59/100|[from] Spikes
|
|-weather|SunnyDay|[upkeep]
|-heal|p2a: Zamazenta|94/100|[from] Grassy Terrain
|-heal|p1a: Lapras|65/100|[from] Grassy Terrain
|upkeep
|turn|10
|
|t:|1758952109
|move|p2a: Zamazenta|Close Combat|p1a: Lapras
|-supereffective|p1a: Lapras
|-damage|p1a: Lapras|0 fnt
|-unboost|p2a: Zamazenta|def|1
|-unboost|p2a: Zamazenta|spd|1
|faint|p1a: Lapras
|
|-weather|SunnyDay|[upkeep]
|-heal|p2a: Zamazenta|99/100|[from] Grassy Terrain
|upkeep
|
|t:|1758952114
|switch|p1a: Venusaur|Venusaur, M|72/100
|-damage|p1a: Venusaur|59/100|[from] Stealth Rock
|-damage|p1a: Venusaur|43/100|[from] Spikes
|turn|11
|inactive|stingraygucci has 120 seconds left.
|
|t:|1758952164
|move|p1a: Venusaur|Giga Drain|p2a: Zamazenta
|-damage|p2a: Zamazenta|10/100
|-heal|p1a: Venusaur|91/100|[from] drain|[of] p2a: Zamazenta
|move|p2a: Zamazenta|Crunch|p1a: Venusaur
|-damage|p1a: Venusaur|59/100
|
|-weather|SunnyDay|[upkeep]
|-heal|p1a: Venusaur|65/100|[from] Grassy Terrain
|-heal|p2a: Zamazenta|16/100|[from] Grassy Terrain
|-fieldend|move: Grassy Terrain
|upkeep
|turn|12
|
|t:|1758952171
|move|p1a: Venusaur|Weather Ball|p2a: Zamazenta
|-damage|p2a: Zamazenta|0 fnt
|faint|p2a: Zamazenta
|
|-weather|SunnyDay|[upkeep]
|upkeep
|
|t:|1758952173
|switch|p2a: Tyranitar|Tyranitar, M|100/100
|-weather|Sandstorm|[from] ability: Sand Stream|[of] p2a: Tyranitar
|turn|13
|
|t:|1758952176
|move|p1a: Venusaur|Sunny Day|p1a: Venusaur
|-weather|SunnyDay
|move|p2a: Tyranitar|Dragon Dance|p2a: Tyranitar
|-boost|p2a: Tyranitar|atk|1
|-boost|p2a: Tyranitar|spe|1
|
|-weather|SunnyDay|[upkeep]
|upkeep
|turn|14
|
|t:|1758952187
|move|p1a: Venusaur|Giga Drain|p2a: Tyranitar
|-supereffective|p2a: Tyranitar
|-damage|p2a: Tyranitar|36/100
|-heal|p1a: Venusaur|100/100|[from] drain|[of] p2a: Tyranitar
|move|p2a: Tyranitar|Knock Off|p1a: Venusaur
|-crit|p1a: Venusaur
|-damage|p1a: Venusaur|0 fnt
|-enditem|p1a: Venusaur|Heat Rock|[from] move: Knock Off|[of] p2a: Tyranitar
|faint|p1a: Venusaur
|
|-weather|SunnyDay|[upkeep]
|upkeep
|
|t:|1758952212
|switch|p1a: Clefable|Clefable, M|100/100
|-damage|p1a: Clefable|88/100|[from] Stealth Rock
|-damage|p1a: Clefable|72/100|[from] Spikes
|turn|15
|
|t:|1758952220
|move|p2a: Tyranitar|Knock Off|p1a: Clefable
|-resisted|p1a: Clefable
|-damage|p1a: Clefable|54/100
|-enditem|p1a: Clefable|Leftovers|[from] move: Knock Off|[of] p2a: Tyranitar
|move|p1a: Clefable|Cosmic Power|p1a: Clefable
|-boost|p1a: Clefable|def|1
|-boost|p1a: Clefable|spd|1
|
|-weather|SunnyDay|[upkeep]
|upkeep
|turn|16
|
|t:|1758952227
|move|p2a: Tyranitar|Stone Edge|p1a: Clefable
|-damage|p1a: Clefable|27/100
|move|p1a: Clefable|Cosmic Power|p1a: Clefable
|-boost|p1a: Clefable|def|1
|-boost|p1a: Clefable|spd|1
|
|-weather|SunnyDay|[upkeep]
|upkeep
|turn|17
|
|t:|1758952232
|move|p2a: Tyranitar|Stone Edge|p1a: Clefable
|-damage|p1a: Clefable|8/100
|move|p1a: Clefable|Moonlight|p1a: Clefable
|-heal|p1a: Clefable|75/100
|
|-weather|SunnyDay|[upkeep]
|upkeep
|turn|18
|
|t:|1758952239
|switch|p2a: Gholdengo|Gholdengo|100/100
|-item|p2a: Gholdengo|Air Balloon
|move|p1a: Clefable|Cosmic Power|p1a: Clefable
|-boost|p1a: Clefable|def|1
|-boost|p1a: Clefable|spd|1
|
|-weather|SunnyDay|[upkeep]
|upkeep
|turn|19
|
|t:|1758952243
|move|p2a: Gholdengo|Thunder Wave|p1a: Clefable
|-status|p1a: Clefable|par
|move|p1a: Clefable|Moonlight|p1a: Clefable
|-heal|p1a: Clefable|100/100 par
|
|-weather|SunnyDay|[upkeep]
|upkeep
|turn|20
|
|t:|1758952272
|move|p2a: Gholdengo|Make It Rain|p1a: Clefable
|-supereffective|p1a: Clefable
|-damage|p1a: Clefable|62/100 par
|-unboost|p2a: Gholdengo|spa|1
|cant|p1a: Clefable|par
|
|-weather|none
|upkeep
|turn|21
|
|t:|1758952283
|switch|p2a: Zapdos|Zapdos|4/100
|move|p1a: Clefable|Moonlight|p1a: Clefable
|-heal|p1a: Clefable|100/100 par
|
|upkeep
|turn|22
|
|t:|1758952290
|move|p2a: Zapdos|Roost|p2a: Zapdos
|-heal|p2a: Zapdos|54/100
|-singleturn|p2a: Zapdos|move: Roost
|move|p1a: Clefable|Cosmic Power|p1a: Clefable
|-boost|p1a: Clefable|def|1
|-boost|p1a: Clefable|spd|1
|
|upkeep
|turn|23
|
|t:|1758952293
|move|p2a: Zapdos|Volt Switch|p1a: Clefable
|-damage|p1a: Clefable|90/100 par
|
|t:|1758952302
|switch|p2a: Gholdengo|Gholdengo|100/100|[from] Volt Switch
|-item|p2a: Gholdengo|Air Balloon
|move|p1a: Clefable|Cosmic Power|p1a: Clefable
|-boost|p1a: Clefable|def|1
|-boost|p1a: Clefable|spd|1
|
|upkeep
|turn|24
|
|t:|1758952305
|move|p2a: Gholdengo|Make It Rain|p1a: Clefable
|-supereffective|p1a: Clefable
|-damage|p1a: Clefable|59/100 par
|-unboost|p2a: Gholdengo|spa|1
|move|p1a: Clefable|Cosmic Power|p1a: Clefable
|-boost|p1a: Clefable|def|1
|-boost|p1a: Clefable|spd|1
|
|upkeep
|turn|25
|
|t:|1758952310
|switch|p2a: Zapdos|Zapdos|54/100
|cant|p1a: Clefable|par
|
|upkeep
|turn|26
|
|t:|1758952316
|move|p2a: Zapdos|Hurricane|p1a: Clefable|[miss]
|-miss|p2a: Zapdos|p1a: Clefable
|move|p1a: Clefable|Moonlight|p1a: Clefable
|-heal|p1a: Clefable|100/100 par
|
|upkeep
|turn|27
|
|t:|1758952319
|move|p2a: Zapdos|Hurricane|p1a: Clefable|[miss]
|-miss|p2a: Zapdos|p1a: Clefable
|move|p1a: Clefable|Stored Power|p2a: Zapdos
|-damage|p2a: Zapdos|0 fnt
|faint|p2a: Zapdos
|
|upkeep
|
|t:|1758952345
|switch|p2a: Gholdengo|Gholdengo|100/100
|-item|p2a: Gholdengo|Air Balloon
|turn|28
|
|t:|1758952348
|move|p2a: Gholdengo|Make It Rain|p1a: Clefable
|-supereffective|p1a: Clefable
|-damage|p1a: Clefable|77/100 par
|-unboost|p2a: Gholdengo|spa|1
|move|p1a: Clefable|Stored Power|p2a: Gholdengo
|-resisted|p2a: Gholdengo
|-damage|p2a: Gholdengo|72/100
|-enditem|p2a: Gholdengo|Air Balloon
|
|upkeep
|turn|29
|
|t:|1758952357
|move|p2a: Gholdengo|Make It Rain|p1a: Clefable
|-supereffective|p1a: Clefable
|-damage|p1a: Clefable|50/100 par
|-unboost|p2a: Gholdengo|spa|1
|move|p1a: Clefable|Moonblast|p2a: Gholdengo
|-resisted|p2a: Gholdengo
|-damage|p2a: Gholdengo|58/100
|
|upkeep
|turn|30
|
|t:|1758952366
|move|p2a: Gholdengo|Recover|p2a: Gholdengo
|-heal|p2a: Gholdengo|100/100
|cant|p1a: Clefable|par
|
|upkeep
|turn|31
|
|t:|1758952371
|move|p2a: Gholdengo|Make It Rain|p1a: Clefable
|-supereffective|p1a: Clefable
|-damage|p1a: Clefable|23/100 par
|-unboost|p2a: Gholdengo|spa|1
|move|p1a: Clefable|Moonlight|p1a: Clefable
|-heal|p1a: Clefable|73/100 par
|
|upkeep
|turn|32
|
|t:|1758952378
|switch|p2a: Tyranitar|Tyranitar, M|36/100
|-weather|Sandstorm|[from] ability: Sand Stream|[of] p2a: Tyranitar
|move|p1a: Clefable|Stored Power|p2a: Tyranitar
|-immune|p2a: Tyranitar
|
|-weather|Sandstorm|[upkeep]
|-damage|p1a: Clefable|67/100 par|[from] Sandstorm
|upkeep
|turn|33
|
|t:|1758952386
|move|p2a: Tyranitar|Stone Edge|p1a: Clefable
|-damage|p1a: Clefable|58/100 par
|move|p1a: Clefable|Moonblast|p2a: Tyranitar
|-supereffective|p2a: Tyranitar
|-damage|p2a: Tyranitar|0 fnt
|faint|p2a: Tyranitar
|
|-weather|Sandstorm|[upkeep]
|-damage|p1a: Clefable|52/100 par|[from] Sandstorm
|upkeep
|
|t:|1758952396
|switch|p2a: Gholdengo|Gholdengo|100/100
|turn|34
|
|t:|1758952399
|move|p2a: Gholdengo|Make It Rain|p1a: Clefable
|-supereffective|p1a: Clefable
|-damage|p1a: Clefable|25/100 par
|-unboost|p2a: Gholdengo|spa|1
|cant|p1a: Clefable|par
|
|-weather|Sandstorm|[upkeep]
|-damage|p1a: Clefable|19/100 par|[from] Sandstorm
|upkeep
|turn|35
|
|t:|1758952420
|move|p2a: Gholdengo|Make It Rain|p1a: Clefable
|-supereffective|p1a: Clefable
|-damage|p1a: Clefable|0 fnt
|-unboost|p2a: Gholdengo|spa|1
|faint|p1a: Clefable
|
|-weather|Sandstorm|[upkeep]
|upkeep
|
|t:|1758952421
|switch|p1a: Snorlax|Snorlax, F|100/100
|-damage|p1a: Snorlax|88/100|[from] Stealth Rock
|-damage|p1a: Snorlax|71/100|[from] Spikes
|turn|36
|
|t:|1758952426
|move|p2a: Gholdengo|Thunder Wave|p1a: Snorlax
|-status|p1a: Snorlax|par
|move|p1a: Snorlax|Heat Crash|p2a: Gholdengo
|-supereffective|p2a: Gholdengo
|-damage|p2a: Gholdengo|46/100
|
|-weather|none
|upkeep
|turn|37
|
|t:|1758952432
|move|p2a: Gholdengo|Recover|p2a: Gholdengo
|-heal|p2a: Gholdengo|97/100
|move|p1a: Snorlax|Heat Crash|p2a: Gholdengo
|-supereffective|p2a: Gholdengo
|-damage|p2a: Gholdengo|38/100
|
|upkeep
|turn|38
|
|t:|1758952438
|switch|p2a: Rillaboom|Rillaboom, M|100/100
|-fieldstart|move: Grassy Terrain|[from] ability: Grassy Surge|[of] p2a: Rillaboom
|move|p1a: Snorlax|Heat Crash|p2a: Rillaboom
|-supereffective|p2a: Rillaboom
|-damage|p2a: Rillaboom|12/100
|
|-heal|p2a: Rillaboom|18/100|[from] Grassy Terrain
|-heal|p1a: Snorlax|78/100 par|[from] Grassy Terrain
|upkeep
|turn|39
|
|t:|1758952447
|-terastallize|p2a: Rillaboom|Grass
|move|p2a: Rillaboom|Wood Hammer|p1a: Snorlax
|-damage|p1a: Snorlax|0 fnt
|faint|p1a: Snorlax
|-damage|p2a: Rillaboom|0 fnt|[from] Recoil
|faint|p2a: Rillaboom
|
|win|stingraygucci
|raw|Yomoma’sash's rating: 1415 &rarr; <strong>1394</strong><br />(-21 for losing)
|raw|stingraygucci's rating: 1402 &rarr; <strong>1423</strong><br />(+21 for winning)
|c|☆stingraygucci|gg
|c|☆stingraygucci|nice try
|l|☆stingraygucci
|player|p2|
