|j|☆BigDGoose
|j|☆juaquiness
|t:|1758995054
|gametype|singles
|player|p1|BigDGoose|hooligans|1205
|player|p2|juaquiness|169|1260
|gen|9
|tier|[Gen 9] OU
|rated|
|rule|HP Percentage Mod: HP is shown in percentages
|rule|Endless Battle Clause: Forcing endless battles is banned
|rule|Species Clause: Limit one of each Pokémon
|rule|OHKO Clause: OHKO moves are banned
|rule|Evasion Items Clause: Evasion items are banned
|rule|Evasion Moves Clause: Evasion moves are banned
|rule|Evasion Abilities Clause: Evasion abilities are banned
|rule|Sleep Moves Clause: Sleep-inducing moves are banned
|clearpoke
|poke|p1|Heracross, F|
|poke|p1|Meowscarada, F|
|poke|p1|Conkeldurr, F|
|poke|p1|Rotom-Wash|
|poke|p1|Regirock|
|poke|p1|Milotic, M|
|poke|p2|Rillaboom, F|
|poke|p2|Weezing-Galar, M|
|poke|p2|Ogerpon-Cornerstone, F|
|poke|p2|Raging Bolt|
|poke|p2|Moltres|
|poke|p2|Goodra-Hisui, F|
|teampreview
|inactive|Battle timer is ON: inactive players will automatically lose when time's up. (requested by juaquiness)
|
|t:|1758995069
|teamsize|p1|6
|teamsize|p2|6
|start
|switch|p1a: Rotom|Rotom-Wash|100/100
|switch|p2a: Weezing|Weezing-Galar, M|100/100
|turn|1
|
|t:|1758995084
|switch|p2a: Rillaboom|Rillaboom, F|100/100
|-fieldstart|move: Grassy Terrain|[from] ability: Grassy Surge|[of] p2a: Rillaboom
|move|p1a: Rotom|Thunder Wave|p2a: Rillaboom
|-status|p2a: Rillaboom|par
|
|upkeep
|turn|2
|inactive|BigDGoose has 120 seconds left.
|
|t:|1758995130
|switch|p1a: Heracross|Heracross, F|100/100
|move|p2a: Rillaboom|U-turn|p1a: Heracross
|-resisted|p1a: Heracross
|-damage|p1a: Heracross|75/100
|
|t:|1758995143
|switch|p2a: Moltres|Moltres|100/100|[from] U-turn
|
|-heal|p1a: Heracross|81/100|[from] Grassy Terrain
|-status|p1a: Heracross|brn|[from] item: Flame Orb
|upkeep
|turn|3
|
|t:|1758995152
|move|p1a: Heracross|Stone Edge|p2a: Moltres
|-supereffective|p2a: Moltres
|-damage|p2a: Moltres|0 fnt
|faint|p2a: Moltres
|
|-heal|p1a: Heracross|87/100 brn|[from] Grassy Terrain
|-damage|p1a: Heracross|81/100 brn|[from] brn
|upkeep
|
|t:|1758995160
|switch|p2a: Ogerpon|Ogerpon-Cornerstone, F|100/100
|turn|4
|
|t:|1758995162
|move|p2a: Ogerpon|Ivy Cudgel|p1a: Heracross|[anim] Ivy Cudgel Rock
|-damage|p1a: Heracross|0 fnt
|faint|p1a: Heracross
|
|upkeep
|
|t:|1758995166
|switch|p1a: Meowscarada|Meowscarada, F|100/100
|turn|5
|
|t:|1758995175
|switch|p2a: Goodra|Goodra-Hisui, F|100/100
|move|p1a: Meowscarada|U-turn|p2a: Goodra
|-start|p1a: Meowscarada|typechange|Bug|[from] ability: Protean
|-resisted|p2a: Goodra
|-damage|p2a: Goodra|80/100
|
|t:|1758995178
|switch|p1a: Conkeldurr|Conkeldurr, F|100/100|[from] U-turn
|
|-heal|p2a: Goodra|86/100|[from] Grassy Terrain
|-fieldend|move: Grassy Terrain
|-status|p1a: Conkeldurr|brn|[from] item: Flame Orb
|upkeep
|turn|6
|
|t:|1758995189
|switch|p2a: Weezing|Weezing-Galar, M|100/100
|move|p1a: Conkeldurr|Drain Punch|p2a: Weezing
|-resisted|p2a: Weezing
|-crit|p2a: Weezing
|-damage|p2a: Weezing|83/100
|-damage|p1a: Conkeldurr|84/100 brn|[from] item: Rocky Helmet|[of] p2a: Weezing
|
|-damage|p1a: Conkeldurr|78/100 brn|[from] brn
|upkeep
|turn|7
|
|t:|1758995196
|switch|p1a: Rotom|Rotom-Wash|100/100
|move|p2a: Weezing|Shadow Ball|p1a: Rotom
|-damage|p1a: Rotom|80/100
|
|upkeep
|turn|8
|
|t:|1758995210
|move|p1a: Rotom|Volt Switch|p2a: Weezing
|-damage|p2a: Weezing|38/100
|inactive|BigDGoose has 120 seconds left.
|
|t:|1758995244
|switch|p1a: Milotic|Milotic, M|100/100|[from] Volt Switch
|move|p2a: Weezing|Shadow Ball|p1a: Milotic
|-damage|p1a: Milotic|89/100
|
|-status|p1a: Milotic|brn|[from] item: Flame Orb
|upkeep
|turn|9
|
|t:|1758995252
|move|p1a: Milotic|Scald|p2a: Weezing
|-damage|p2a: Weezing|0 fnt
|faint|p2a: Weezing
|
|-damage|p1a: Milotic|83/100 brn|[from] brn
|upkeep
|
|t:|1758995256
|switch|p2a: Rillaboom|Rillaboom, F|100/100 par
|-fieldstart|move: Grassy Terrain|[from] ability: Grassy Surge|[of] p2a: Rillaboom
|turn|10
|
|t:|1758995269
|switch|p1a: Meowscarada|Meowscarada, F|100/100
|move|p2a: Rillaboom|Grassy Glide|p1a: Meowscarada
|-resisted|p1a: Meowscarada
|-damage|p1a: Meowscarada|56/100
|
|-heal|p1a: Meowscarada|62/100|[from] Grassy Terrain
|upkeep
|turn|11
|
|t:|1758995273
|switch|p2a: Goodra|Goodra-Hisui, F|86/100
|move|p1a: Meowscarada|U-turn|p2a: Goodra
|-start|p1a: Meowscarada|typechange|Bug|[from] ability: Protean
|-resisted|p2a: Goodra
|-damage|p2a: Goodra|65/100
|
|t:|1758995281
|switch|p1a: Conkeldurr|Conkeldurr, F|78/100 brn|[from] U-turn
|
|-heal|p2a: Goodra|71/100|[from] Grassy Terrain
|-heal|p1a: Conkeldurr|84/100 brn|[from] Grassy Terrain
|-damage|p1a: Conkeldurr|78/100 brn|[from] brn
|upkeep
|turn|12
|
|t:|1758995291
|move|p1a: Conkeldurr|Drain Punch|p2a: Goodra
|-supereffective|p2a: Goodra
|-damage|p2a: Goodra|0 fnt
|-heal|p1a: Conkeldurr|100/100 brn|[from] drain|[of] p2a: Goodra
|faint|p2a: Goodra
|
|-damage|p1a: Conkeldurr|94/100 brn|[from] brn
|upkeep
|
|t:|1758995299
|switch|p2a: Ogerpon|Ogerpon-Cornerstone, F|100/100
|turn|13
|inactive|BigDGoose has 120 seconds left.
|
|t:|1758995333
|move|p2a: Ogerpon|Play Rough|p1a: Conkeldurr
|-supereffective|p1a: Conkeldurr
|-crit|p1a: Conkeldurr
|-damage|p1a: Conkeldurr|10/100 brn
|move|p1a: Conkeldurr|Drain Punch|p2a: Ogerpon
|-supereffective|p2a: Ogerpon
|-ability|p2a: Ogerpon|Sturdy
|-damage|p2a: Ogerpon|1/100
|-heal|p1a: Conkeldurr|47/100 brn|[from] drain|[of] p2a: Ogerpon
|
|-heal|p2a: Ogerpon|7/100|[from] Grassy Terrain
|-heal|p1a: Conkeldurr|53/100 brn|[from] Grassy Terrain
|-damage|p1a: Conkeldurr|47/100 brn|[from] brn
|upkeep
|turn|14
|
|t:|1758995347
|switch|p1a: Regirock|Regirock|100/100
|move|p2a: Ogerpon|Grassy Glide|p1a: Regirock
|-supereffective|p1a: Regirock
|-crit|p1a: Regirock
|-damage|p1a: Regirock|43/100
|
|-heal|p2a: Ogerpon|13/100|[from] Grassy Terrain
|-heal|p1a: Regirock|49/100|[from] Grassy Terrain
|-heal|p1a: Regirock|55/100|[from] item: Leftovers
|-fieldend|move: Grassy Terrain
|upkeep
|turn|15
|
|t:|1758995357
|switch|p2a: Rillaboom|Rillaboom, F|100/100 par
|-fieldstart|move: Grassy Terrain|[from] ability: Grassy Surge|[of] p2a: Rillaboom
|move|p1a: Regirock|Body Press|p2a: Rillaboom
|-damage|p2a: Rillaboom|57/100 par
|
|-heal|p1a: Regirock|61/100|[from] Grassy Terrain
|-heal|p1a: Regirock|67/100|[from] item: Leftovers
|-heal|p2a: Rillaboom|63/100 par|[from] Grassy Terrain
|upkeep
|turn|16
|
|t:|1758995367
|-terastallize|p1a: Regirock|Fighting
|move|p1a: Regirock|Body Press|p2a: Rillaboom
|-damage|p2a: Rillaboom|0 fnt
|faint|p2a: Rillaboom
|
|-heal|p1a: Regirock|73/100|[from] Grassy Terrain
|-heal|p1a: Regirock|80/100|[from] item: Leftovers
|upkeep
|
|t:|1758995372
|switch|p2a: Ogerpon|Ogerpon-Cornerstone, F|13/100
|turn|17
|
|t:|1758995375
|move|p2a: Ogerpon|Play Rough|p1a: Regirock|[miss]
|-miss|p2a: Ogerpon|p1a: Regirock
|move|p1a: Regirock|Body Press|p2a: Ogerpon
|-supereffective|p2a: Ogerpon
|-damage|p2a: Ogerpon|0 fnt
|faint|p2a: Ogerpon
|
|-heal|p1a: Regirock|86/100|[from] Grassy Terrain
|-heal|p1a: Regirock|92/100|[from] item: Leftovers
|upkeep
|
|t:|1758995377
|switch|p2a: Raging Bolt|Raging Bolt|100/100
|-enditem|p2a: Raging Bolt|Grassy Seed
|-boost|p2a: Raging Bolt|def|1|[from] item: Grassy Seed
|turn|18
|
|t:|1758995381
|-terastallize|p2a: Raging Bolt|Electric
|move|p2a: Raging Bolt|Thunderbolt|p1a: Regirock
|-damage|p1a: Regirock|21/100
|-status|p1a: Regirock|par
|move|p1a: Regirock|Body Press|p2a: Raging Bolt
|-damage|p2a: Raging Bolt|68/100
|
|-heal|p2a: Raging Bolt|74/100|[from] Grassy Terrain
|-heal|p1a: Regirock|27/100 par|[from] Grassy Terrain
|-heal|p1a: Regirock|33/100 par|[from] item: Leftovers
|upkeep
|turn|19
|
|t:|1758995386
|move|p2a: Raging Bolt|Thunderbolt|p1a: Regirock
|-crit|p1a: Regirock
|-damage|p1a: Regirock|0 fnt
|faint|p1a: Regirock
|
|-heal|p2a: Raging Bolt|80/100|[from] Grassy Terrain
|-fieldend|move: Grassy Terrain
|upkeep
|
|t:|1758995388
|switch|p1a: Meowscarada|Meowscarada, F|62/100
|turn|20
|
|t:|1758995392
|move|p1a: Meowscarada|Flower Trick|p2a: Raging Bolt
|-start|p1a: Meowscarada|typechange|Grass|[from] ability: Protean
|-crit|p2a: Raging Bolt
|-damage|p2a: Raging Bolt|23/100
|move|p2a: Raging Bolt|Dragon Pulse|p1a: Meowscarada
|-damage|p1a: Meowscarada|0 fnt
|faint|p1a: Meowscarada
|
|upkeep
|
|t:|1758995403
|switch|p1a: Rotom|Rotom-Wash|80/100
|turn|21
|
|t:|1758995405
|move|p2a: Raging Bolt|Thunderclap|p1a: Rotom
|-damage|p1a: Rotom|5/100
|move|p1a: Rotom|Volt Switch|p2a: Raging Bolt
|-resisted|p2a: Raging Bolt
|-damage|p2a: Raging Bolt|8/100
|
|t:|1758995413
|switch|p1a: Milotic|Milotic, M|83/100 brn|[from] Volt Switch
|
|-damage|p1a: Milotic|76/100 brn|[from] brn
|upkeep
|turn|22
|
|t:|1758995419
|move|p1a: Milotic|Recover|p1a: Milotic
|-heal|p1a: Milotic|100/100 brn
|move|p2a: Raging Bolt|Thunderbolt|p1a: Milotic
|-supereffective|p1a: Milotic
|-damage|p1a: Milotic|2/100 brn
|
|-damage|p1a: Milotic|0 fnt|[from] brn
|faint|p1a: Milotic
|upkeep
|
|t:|1758995423
|switch|p1a: Conkeldurr|Conkeldurr, F|47/100 brn
|turn|23
|
|t:|1758995431
|move|p2a: Raging Bolt|Thunderclap||[still]
|-fail|p2a: Raging Bolt
|move|p1a: Conkeldurr|Defog|p2a: Raging Bolt
|-unboost|p2a: Raging Bolt|evasion|1
|
|-damage|p1a: Conkeldurr|41/100 brn|[from] brn
|upkeep
|turn|24
|
|t:|1758995436
|move|p2a: Raging Bolt|Thunderclap||[still]
|-fail|p2a: Raging Bolt
|move|p1a: Conkeldurr|Defog|p2a: Raging Bolt
|-unboost|p2a: Raging Bolt|evasion|1
|
|-damage|p1a: Conkeldurr|35/100 brn|[from] brn
|upkeep
|turn|25
|
|t:|1758995440
|move|p2a: Raging Bolt|Thunderclap|p1a: Conkeldurr
|-damage|p1a: Conkeldurr|0 fnt
|faint|p1a: Conkeldurr
|
|upkeep
|
|t:|1758995442
|switch|p1a: Rotom|Rotom-Wash|5/100
|turn|26
|
|t:|1758995444
|move|p2a: Raging Bolt|Thunderclap||[still]
|-fail|p2a: Raging Bolt
|move|p1a: Rotom|Pain Split|p2a: Raging Bolt
|-sethp|p2a: Raging Bolt|6/100|[from] move: Pain Split|[silent]
|-sethp|p1a: Rotom|10/100|[from] move: Pain Split
|
|upkeep
|turn|27
|
|t:|1758995447
|move|p2a: Raging Bolt|Thunderclap||[still]
|-fail|p2a: Raging Bolt
|move|p1a: Rotom|Pain Split|p2a: Raging Bolt
|-sethp|p2a: Raging Bolt|6/100|[from] move: Pain Split|[silent]
|-sethp|p1a: Rotom|10/100|[from] move: Pain Split
|
|upkeep
|turn|28
|
|t:|1758995451
|move|p2a: Raging Bolt|Thunderclap|p1a: Rotom
|-damage|p1a: Rotom|0 fnt
|faint|p1a: Rotom
|
|win|juaquiness
|raw|BigDGoose's rating: 1205 &rarr; <strong>1184</strong><br />(-21 for losing)
|raw|juaquiness's rating: 1260 &rarr; <strong>1281</strong><br />(+21 for winning)
|l|☆BigDGoose
|player|p1|
|l|☆juaquiness
|player|p2|
