|j|☆painting_sunshine
|j|☆LastGREATEST
|t:|1759049808
|gametype|singles
|player|p1|painting_sunshine|169|1228
|player|p2|LastGREATEST|blue-gen7|1280
|gen|9
|tier|[Gen 9] OU
|rated|
|rule|HP Percentage Mod: HP is shown in percentages
|rule|Endless Battle Clause: Forcing endless battles is banned
|rule|Species Clause: Limit one of each Pokémon
|rule|OHKO Clause: OHKO moves are banned
|rule|Evasion Items Clause: Evasion items are banned
|rule|Evasion Moves Clause: Evasion moves are banned
|rule|Evasion Abilities Clause: Evasion abilities are banned
|rule|Sleep Moves Clause: Sleep-inducing moves are banned
|clearpoke
|poke|p1|Alomomola, F|
|poke|p1|Cinderace, M|
|poke|p1|Kingambit, M|
|poke|p1|Gholdengo|
|poke|p1|Raging Bolt|
|poke|p1|Clefable, F|
|poke|p2|Primeape, F|
|poke|p2|Rotom-Fan|
|poke|p2|Orthworm, F|
|poke|p2|Pecharunt|
|poke|p2|Samurott-Hisui, M|
|poke|p2|Weezing-Galar, F|
|teampreview
|
|t:|1759049840
|teamsize|p1|6
|teamsize|p2|6
|start
|switch|p1a: Alomomola|Alomomola, F|100/100
|switch|p2a: Rotom|Rotom-Fan|100/100
|turn|1
|
|t:|1759049863
|move|p2a: Rotom|Volt Switch|p1a: Alomomola
|-supereffective|p1a: Alomomola
|-damage|p1a: Alomomola|0 fnt
|faint|p1a: Alomomola
|c|☆painting_sunshine|wtf
|c|☆painting_sunshine|bro
|
|t:|1759049888
|switch|p2a: Pecharunt|Pecharunt|100/100|[from] Volt Switch
|
|upkeep
|inactive|Battle timer is ON: inactive players will automatically lose when time's up. (requested by LastGREATEST)
|
|t:|1759049899
|switch|p1a: Gholdengo|Gholdengo|100/100
|-item|p1a: Gholdengo|Air Balloon
|turn|2
|
|t:|1759049921
|switch|p2a: Samurott|Samurott-Hisui, M|100/100
|move|p1a: Gholdengo|Thunder Wave|p2a: Samurott
|-status|p2a: Samurott|par
|
|upkeep
|turn|3
|
|t:|1759049942
|switch|p1a: Clefable|Clefable, F|100/100
|cant|p2a: Samurott|par
|
|upkeep
|turn|4
|
|t:|1759049962
|switch|p2a: Orthworm|Orthworm, F|100/100
|move|p1a: Clefable|Trick|p2a: Orthworm
|-activate|p1a: Clefable|move: Trick|[of] p2a: Orthworm
|-item|p2a: Orthworm|Choice Band|[from] move: Trick
|-item|p1a: Clefable|Leftovers|[from] move: Trick
|
|upkeep
|turn|5
|
|t:|1759049969
|move|p2a: Orthworm|Stealth Rock|p1a: Clefable
|-sidestart|p1: painting_sunshine|move: Stealth Rock
|move|p1a: Clefable|Thunder Wave|p2a: Orthworm|[miss]
|-miss|p1a: Clefable|p2a: Orthworm
|
|upkeep
|turn|6
|
|t:|1759049987
|switch|p2a: Rotom|Rotom-Fan|100/100
|move|p1a: Clefable|Thunder Wave|p2a: Rotom
|-immune|p2a: Rotom
|
|upkeep
|turn|7
|
|t:|1759049996
|move|p2a: Rotom|Trick|p1a: Clefable
|-activate|p2a: Rotom|move: Trick|[of] p1a: Clefable
|-item|p1a: Clefable|Choice Specs|[from] move: Trick
|-item|p2a: Rotom|Leftovers|[from] move: Trick
|move|p1a: Clefable|Moonblast|p2a: Rotom
|-damage|p2a: Rotom|35/100
|
|-heal|p2a: Rotom|41/100|[from] item: Leftovers
|upkeep
|turn|8
|
|t:|1759050003
|move|p2a: Rotom|Volt Switch|p1a: Clefable
|-crit|p1a: Clefable
|-damage|p1a: Clefable|66/100
|
|t:|1759050018
|switch|p2a: Orthworm|Orthworm, F|100/100|[from] Volt Switch
|move|p1a: Clefable|Moonblast|p2a: Orthworm
|-resisted|p2a: Orthworm
|-damage|p2a: Orthworm|75/100
|
|upkeep
|turn|9
|
|t:|1759050023
|switch|p1a: Cinderace|Cinderace, M|100/100
|move|p2a: Orthworm|Heavy Slam|p1a: Cinderace
|-resisted|p1a: Cinderace
|-damage|p1a: Cinderace|60/100
|
|upkeep
|turn|10
|
|t:|1759050031
|switch|p2a: Weezing|Weezing-Galar, F|100/100
|-ability|p2a: Weezing|Neutralizing Gas
|move|p1a: Cinderace|Court Change|p1a: Cinderace
|-swapsideconditions
|-activate|p1a: Cinderace|move: Court Change
|
|upkeep
|turn|11
|
|t:|1759050042
|move|p1a: Cinderace|U-turn|p2a: Weezing
|-resisted|p2a: Weezing
|-crit|p2a: Weezing
|-damage|p2a: Weezing|95/100
|
|t:|1759050044
|switch|p1a: Clefable|Clefable, F|66/100|[from] U-turn
|move|p2a: Weezing|Defog|p1a: Clefable
|-unboost|p1a: Clefable|evasion|1
|-sideend|p2: LastGREATEST|Stealth Rock|[from] move: Defog|[of] p2a: Weezing
|
|upkeep
|turn|12
|
|t:|1759050051
|move|p2a: Weezing|Sludge Bomb|p1a: Clefable
|-supereffective|p1a: Clefable
|-damage|p1a: Clefable|28/100
|move|p1a: Clefable|Trick|p2a: Weezing
|-activate|p1a: Clefable|move: Trick|[of] p2a: Weezing
|-item|p2a: Weezing|Choice Specs|[from] move: Trick
|-item|p1a: Clefable|Heavy-Duty Boots|[from] move: Trick
|
|upkeep
|turn|13
|
|t:|1759050059
|switch|p1a: Gholdengo|Gholdengo|100/100
|-item|p1a: Gholdengo|Air Balloon
|-end|p2a: Weezing|ability: Neutralizing Gas
|switch|p2a: Rotom|Rotom-Fan|41/100
|
|-heal|p2a: Rotom|47/100|[from] item: Leftovers
|upkeep
|turn|14
|
|t:|1759050068
|move|p2a: Rotom|Volt Switch|p1a: Gholdengo
|-damage|p1a: Gholdengo|70/100
|-enditem|p1a: Gholdengo|Air Balloon
|
|t:|1759050070
|switch|p2a: Samurott|Samurott-Hisui, M|100/100 par|[from] Volt Switch
|move|p1a: Gholdengo|Shadow Ball|p2a: Samurott
|-resisted|p2a: Samurott
|-damage|p2a: Samurott|75/100 par
|
|upkeep
|turn|15
|
|t:|1759050082
|switch|p1a: Raging Bolt|Raging Bolt|100/100
|-enditem|p1a: Raging Bolt|Booster Energy
|-activate|p1a: Raging Bolt|ability: Protosynthesis|[fromitem]
|-start|p1a: Raging Bolt|protosynthesisspa
|move|p2a: Samurott|Razor Shell|p1a: Raging Bolt
|-resisted|p1a: Raging Bolt
|-damage|p1a: Raging Bolt|81/100
|
|upkeep
|turn|16
|
|t:|1759050096
|switch|p2a: Rotom|Rotom-Fan|47/100
|move|p1a: Raging Bolt|Thunderbolt|p2a: Rotom
|-damage|p2a: Rotom|0 fnt
|faint|p2a: Rotom
|
|upkeep
|
|t:|1759050104
|switch|p2a: Pecharunt|Pecharunt|100/100
|turn|17
|
|t:|1759050114
|move|p2a: Pecharunt|Malignant Chain|p1a: Raging Bolt
|-damage|p1a: Raging Bolt|47/100
|move|p1a: Raging Bolt|Thunderbolt|p2a: Pecharunt
|-damage|p2a: Pecharunt|21/100
|
|-heal|p2a: Pecharunt|27/100|[from] item: Leftovers
|upkeep
|turn|18
|
|t:|1759050121
|move|p1a: Raging Bolt|Thunderclap||[still]
|-fail|p1a: Raging Bolt
|move|p2a: Pecharunt|Recover|p2a: Pecharunt
|-heal|p2a: Pecharunt|77/100
|
|-heal|p2a: Pecharunt|83/100|[from] item: Leftovers
|upkeep
|turn|19
|
|t:|1759050130
|move|p2a: Pecharunt|Malignant Chain|p1a: Raging Bolt
|-damage|p1a: Raging Bolt|12/100
|move|p1a: Raging Bolt|Draco Meteor|p2a: Pecharunt
|-damage|p2a: Pecharunt|0 fnt
|-unboost|p1a: Raging Bolt|spa|2
|faint|p2a: Pecharunt
|
|upkeep
|
|t:|1759050145
|switch|p2a: Orthworm|Orthworm, F|75/100
|turn|20
|
|t:|1759050150
|-end|p1a: Raging Bolt|Protosynthesis|[silent]
|switch|p1a: Cinderace|Cinderace, M|60/100
|move|p2a: Orthworm|Stealth Rock|p1a: Cinderace
|-sidestart|p1: painting_sunshine|move: Stealth Rock
|
|upkeep
|turn|21
|
|t:|1759050159
|switch|p2a: Primeape|Primeape, F|100/100
|move|p1a: Cinderace|Pyro Ball|p2a: Primeape
|-damage|p2a: Primeape|39/100
|
|upkeep
|turn|22
|
|t:|1759050163
|switch|p2a: Samurott|Samurott-Hisui, M|75/100 par
|move|p1a: Cinderace|Pyro Ball|p2a: Samurott
|-resisted|p2a: Samurott
|-damage|p2a: Samurott|36/100 par
|
|upkeep
|turn|23
|
|t:|1759050168
|move|p1a: Cinderace|Court Change|p1a: Cinderace
|-start|p1a: Cinderace|typechange|Normal|[from] ability: Libero
|-swapsideconditions
|-activate|p1a: Cinderace|move: Court Change
|move|p2a: Samurott|Ceaseless Edge|p1a: Cinderace
|-damage|p1a: Cinderace|0 fnt
|-sidestart|p1: painting_sunshine|Spikes
|faint|p1a: Cinderace
|
|upkeep
|
|t:|1759050177
|switch|p1a: Raging Bolt|Raging Bolt|12/100
|-damage|p1a: Raging Bolt|0 fnt|[from] Spikes
|faint|p1a: Raging Bolt
|-end|p1a: Raging Bolt|Protosynthesis|[silent]
|
|t:|1759050184
|switch|p1a: Gholdengo|Gholdengo|70/100
|-damage|p1a: Gholdengo|58/100|[from] Spikes
|turn|24
|
|t:|1759050189
|move|p1a: Gholdengo|Make It Rain|p2a: Samurott
|-resisted|p2a: Samurott
|-damage|p2a: Samurott|0 fnt
|-unboost|p1a: Gholdengo|spa|1
|faint|p2a: Samurott
|
|upkeep
|
|t:|1759050198
|switch|p2a: Orthworm|Orthworm, F|75/100
|-damage|p2a: Orthworm|69/100|[from] Stealth Rock
|turn|25
|
|t:|1759050206
|move|p1a: Gholdengo|Thunder Wave|p2a: Orthworm
|-status|p2a: Orthworm|par
|move|p2a: Orthworm|Heavy Slam|p1a: Gholdengo
|-resisted|p1a: Gholdengo
|-damage|p1a: Gholdengo|34/100
|
|upkeep
|turn|26
|
|t:|1759050213
|move|p1a: Gholdengo|Shadow Ball|p2a: Orthworm
|-damage|p2a: Orthworm|36/100 par
|-unboost|p2a: Orthworm|spd|1
|cant|p2a: Orthworm|par
|
|upkeep
|turn|27
|
|t:|1759050221
|move|p1a: Gholdengo|Shadow Ball|p2a: Orthworm
|-damage|p2a: Orthworm|0 fnt
|faint|p2a: Orthworm
|
|upkeep
|
|t:|1759050235
|switch|p2a: Primeape|Primeape, F|39/100
|-damage|p2a: Primeape|33/100|[from] Stealth Rock
|turn|28
|
|t:|1759050252
|move|p2a: Primeape|Rage Fist|p1a: Gholdengo
|-supereffective|p1a: Gholdengo
|-damage|p1a: Gholdengo|0 fnt
|faint|p1a: Gholdengo
|
|upkeep
|
|t:|1759050261
|switch|p1a: Clefable|Clefable, F|28/100
|turn|29
|
|t:|1759050275
|move|p2a: Primeape|Rage Fist|p1a: Clefable
|-damage|p1a: Clefable|2/100
|move|p1a: Clefable|Healing Wish|p1a: Clefable
|faint|p1a: Clefable
|
|upkeep
|
|t:|1759050285
|switch|p1a: Kingambit|Kingambit, M|100/100
|-damage|p1a: Kingambit|88/100|[from] Spikes
|-activate|p1a: Kingambit|ability: Supreme Overlord
|-start|p1a: Kingambit|fallen5|[silent]
|turn|30
|
|t:|1759050294
|-terastallize|p1a: Kingambit|Dark
|move|p1a: Kingambit|Sucker Punch||[still]
|-fail|p1a: Kingambit
|move|p2a: Primeape|Bulk Up|p2a: Primeape
|-boost|p2a: Primeape|atk|1
|-boost|p2a: Primeape|def|1
|
|-heal|p1a: Kingambit|94/100|[from] item: Leftovers
|upkeep
|turn|31
|
|t:|1759050301
|move|p2a: Primeape|Drain Punch|p1a: Kingambit
|-supereffective|p1a: Kingambit
|-damage|p1a: Kingambit|39/100
|-heal|p2a: Primeape|66/100|[from] drain|[of] p1a: Kingambit
|move|p1a: Kingambit|Iron Head|p2a: Primeape
|-damage|p2a: Primeape|15/100
|
|-heal|p1a: Kingambit|45/100|[from] item: Leftovers
|upkeep
|turn|32
|
|t:|1759050310
|move|p2a: Primeape|Taunt|p1a: Kingambit
|-start|p1a: Kingambit|move: Taunt
|move|p1a: Kingambit|Iron Head|p2a: Primeape
|-damage|p2a: Primeape|0 fnt
|faint|p2a: Primeape
|
|-heal|p1a: Kingambit|51/100|[from] item: Leftovers
|upkeep
|
|t:|1759050312
|switch|p2a: Weezing|Weezing-Galar, F|95/100
|-ability|p2a: Weezing|Neutralizing Gas
|-damage|p2a: Weezing|83/100|[from] Stealth Rock
|turn|33
|
|t:|1759050317
|-terastallize|p2a: Weezing|Flying
|move|p2a: Weezing|Will-O-Wisp|p1a: Kingambit
|-status|p1a: Kingambit|brn
|move|p1a: Kingambit|Iron Head|p2a: Weezing
|-damage|p2a: Weezing|67/100
|
|-heal|p1a: Kingambit|57/100 brn|[from] item: Leftovers
|-damage|p1a: Kingambit|51/100 brn|[from] brn
|upkeep
|turn|34
|
|t:|1759050330
|move|p2a: Weezing|Will-O-Wisp|p1a: Kingambit|[miss]
|-miss|p2a: Weezing|p1a: Kingambit
|move|p1a: Kingambit|Kowtow Cleave|p2a: Weezing
|-damage|p2a: Weezing|46/100
|
|-heal|p1a: Kingambit|57/100 brn|[from] item: Leftovers
|-damage|p1a: Kingambit|51/100 brn|[from] brn
|-end|p1a: Kingambit|move: Taunt
|upkeep
|turn|35
|
|t:|1759050338
|move|p2a: Weezing|Will-O-Wisp|p1a: Kingambit
|-fail|p1a: Kingambit|brn
|move|p1a: Kingambit|Swords Dance|p1a: Kingambit
|-boost|p1a: Kingambit|atk|2
|
|-heal|p1a: Kingambit|57/100 brn|[from] item: Leftovers
|-damage|p1a: Kingambit|51/100 brn|[from] brn
|upkeep
|turn|36
|-message|LastGREATEST forfeited.
|
|win|painting_sunshine
|raw|painting_sunshine's rating: 1228 &rarr; <strong>1257</strong><br />(+29 for winning)
|raw|LastGREATEST's rating: 1280 &rarr; <strong>1251</strong><br />(-29 for losing)
|c|☆painting_sunshine|nice play
|l|☆painting_sunshine
|player|p1|
