|j|☆LousiV
|j|☆T0YE
|t:|1759047051
|gametype|singles
|player|p1|LousiV|ltsurge|1310
|player|p2|T0YE|steven|1321
|gen|9
|tier|[Gen 9] OU
|rated|
|rule|HP Percentage Mod: HP is shown in percentages
|rule|Endless Battle Clause: Forcing endless battles is banned
|rule|Species Clause: Limit one of each Pokémon
|rule|OHKO Clause: OHKO moves are banned
|rule|Evasion Items Clause: Evasion items are banned
|rule|Evasion Moves Clause: Evasion moves are banned
|rule|Evasion Abilities Clause: Evasion abilities are banned
|rule|Sleep Moves Clause: Sleep-inducing moves are banned
|clearpoke
|poke|p1|Reuniclus, M|
|poke|p1|Conkeldurr, M|
|poke|p1|Thundurus, M|
|poke|p1|Dusknoir, M|
|poke|p1|Forretress, M|
|poke|p1|Azumarill, M|
|poke|p2|Ribombee, F|
|poke|p2|Gholdengo|
|poke|p2|Great Tusk|
|poke|p2|Raging Bolt|
|poke|p2|Ogerpon-Cornerstone, F|
|poke|p2|Ceruledge, M|
|teampreview
|inactive|Battle timer is ON: inactive players will automatically lose when time's up. (requested by T0YE)
|inactive|LousiV also wants the timer to be on.
|
|t:|1759047059
|teamsize|p1|6
|teamsize|p2|6
|start
|switch|p1a: Thundurus|Thundurus, M|100/100
|switch|p2a: Ceruledge|Ceruledge, M, shiny|100/100
|turn|1
|
|t:|1759047072
|move|p1a: Thundurus|Volt Switch|p2a: Ceruledge
|-damage|p2a: Ceruledge|59/100
|
|t:|1759047087
|switch|p1a: Azumarill|Azumarill, M|100/100|[from] Volt Switch
|move|p2a: Ceruledge|Bitter Blade|p1a: Azumarill
|-resisted|p1a: Azumarill
|-damage|p1a: Azumarill|73/100
|-heal|p2a: Ceruledge|78/100|[from] drain|[of] p1a: Azumarill
|
|upkeep
|turn|2
|
|t:|1759047101
|switch|p2a: Ribombee|Ribombee, F, shiny|100/100
|move|p1a: Azumarill|Liquidation|p2a: Ribombee
|-enditem|p2a: Ribombee|Focus Sash
|-damage|p2a: Ribombee|1/100
|
|upkeep
|turn|3
|inactive|LousiV has 120 seconds left.
|
|t:|1759047135
|move|p2a: Ribombee|Sticky Web|p1a: Azumarill
|-sidestart|p1: LousiV|move: Sticky Web
|move|p1a: Azumarill|Liquidation|p2a: Ribombee
|-damage|p2a: Ribombee|0 fnt
|faint|p2a: Ribombee
|
|upkeep
|
|t:|1759047143
|switch|p2a: Raging Bolt|Raging Bolt|100/100
|-enditem|p2a: Raging Bolt|Booster Energy
|-activate|p2a: Raging Bolt|ability: Protosynthesis|[fromitem]
|-start|p2a: Raging Bolt|protosynthesisspa
|turn|4
|
|t:|1759047148
|switch|p1a: Forretress|Forretress, M|100/100
|-activate|p1a: Forretress|move: Sticky Web
|-unboost|p1a: Forretress|spe|1
|move|p2a: Raging Bolt|Calm Mind|p2a: Raging Bolt
|-boost|p2a: Raging Bolt|spa|1
|-boost|p2a: Raging Bolt|spd|1
|
|upkeep
|turn|5
|
|t:|1759047157
|move|p2a: Raging Bolt|Dragon Pulse|p1a: Forretress
|-resisted|p1a: Forretress
|-damage|p1a: Forretress|29/100
|move|p1a: Forretress|Rapid Spin|p2a: Raging Bolt
|-damage|p2a: Raging Bolt|91/100
|-boost|p1a: Forretress|spe|1
|-sideend|p1: LousiV|Sticky Web|[from] move: Rapid Spin|[of] p1a: Forretress
|
|-heal|p1a: Forretress|35/100|[from] item: Leftovers
|upkeep
|turn|6
|
|t:|1759047167
|move|p2a: Raging Bolt|Dragon Pulse|p1a: Forretress
|-resisted|p1a: Forretress
|-damage|p1a: Forretress|0 fnt
|faint|p1a: Forretress
|
|upkeep
|
|t:|1759047177
|switch|p1a: Dusknoir|Dusknoir, M|100/100
|-ability|p1a: Dusknoir|Pressure
|turn|7
|
|t:|1759047181
|move|p2a: Raging Bolt|Thunderbolt|p1a: Dusknoir
|-damage|p1a: Dusknoir|32/100
|move|p1a: Dusknoir|Trick Room|p1a: Dusknoir
|-fieldstart|move: Trick Room|[of] p1a: Dusknoir
|
|-heal|p1a: Dusknoir|38/100|[from] item: Leftovers
|upkeep
|turn|8
|
|t:|1759047191
|move|p2a: Raging Bolt|Thunderclap||[still]
|-fail|p2a: Raging Bolt
|move|p1a: Dusknoir|Pain Split|p2a: Raging Bolt
|-sethp|p2a: Raging Bolt|60/100|[from] move: Pain Split|[silent]
|-sethp|p1a: Dusknoir|79/100|[from] move: Pain Split
|
|-heal|p1a: Dusknoir|86/100|[from] item: Leftovers
|upkeep
|turn|9
|
|t:|1759047199
|move|p1a: Dusknoir|Poltergeist||[still]
|-fail|p1a: Dusknoir
|move|p2a: Raging Bolt|Thunderbolt|p1a: Dusknoir
|-damage|p1a: Dusknoir|11/100
|
|-heal|p1a: Dusknoir|17/100|[from] item: Leftovers
|upkeep
|turn|10
|
|t:|1759047207
|move|p1a: Dusknoir|Pain Split|p2a: Raging Bolt
|-sethp|p2a: Raging Bolt|36/100|[from] move: Pain Split|[silent]
|-sethp|p1a: Dusknoir|48/100|[from] move: Pain Split
|move|p2a: Raging Bolt|Thunderbolt|p1a: Dusknoir
|-damage|p1a: Dusknoir|0 fnt
|faint|p1a: Dusknoir
|
|upkeep
|
|t:|1759047213
|switch|p1a: Conkeldurr|Conkeldurr, M|100/100
|turn|11
|
|t:|1759047219
|-end|p2a: Raging Bolt|Protosynthesis|[silent]
|switch|p2a: Gholdengo|Gholdengo, shiny|100/100
|-item|p2a: Gholdengo|Air Balloon
|move|p1a: Conkeldurr|Drain Punch|p2a: Gholdengo
|-immune|p2a: Gholdengo
|
|-fieldend|move: Trick Room
|-status|p1a: Conkeldurr|brn|[from] item: Flame Orb
|upkeep
|turn|12
|
|t:|1759047229
|switch|p1a: Thundurus|Thundurus, M|100/100
|move|p2a: Gholdengo|Nasty Plot|p2a: Gholdengo
|-boost|p2a: Gholdengo|spa|2
|
|upkeep
|turn|13
|
|t:|1759047238
|move|p1a: Thundurus|Volt Switch|p2a: Gholdengo
|-damage|p2a: Gholdengo|63/100
|-enditem|p2a: Gholdengo|Air Balloon
|
|t:|1759047243
|switch|p1a: Azumarill|Azumarill, M|73/100|[from] Volt Switch
|move|p2a: Gholdengo|Shadow Ball|p1a: Azumarill
|-damage|p1a: Azumarill|0 fnt
|faint|p1a: Azumarill
|
|upkeep
|
|t:|1759047249
|switch|p1a: Thundurus|Thundurus, M|100/100
|turn|14
|
|t:|1759047254
|move|p1a: Thundurus|Volt Switch|p2a: Gholdengo
|-damage|p2a: Gholdengo|25/100
|
|t:|1759047256
|switch|p1a: Conkeldurr|Conkeldurr, M|100/100 brn|[from] Volt Switch
|move|p2a: Gholdengo|Shadow Ball|p1a: Conkeldurr
|-damage|p1a: Conkeldurr|0 fnt
|faint|p1a: Conkeldurr
|
|upkeep
|
|t:|1759047258
|switch|p1a: Thundurus|Thundurus, M|100/100
|turn|15
|
|t:|1759047281
|switch|p2a: Great Tusk|Great Tusk, shiny|100/100
|-enditem|p2a: Great Tusk|Booster Energy
|-activate|p2a: Great Tusk|ability: Protosynthesis|[fromitem]
|-start|p2a: Great Tusk|protosynthesisatk
|move|p1a: Thundurus|Grass Knot|p2a: Great Tusk
|-supereffective|p2a: Great Tusk
|-damage|p2a: Great Tusk|0 fnt
|faint|p2a: Great Tusk
|-end|p2a: Great Tusk|Protosynthesis|[silent]
|
|upkeep
|
|t:|1759047291
|switch|p2a: Ogerpon|Ogerpon-Cornerstone, F|100/100
|turn|16
|
|t:|1759047296
|-terastallize|p1a: Thundurus|Steel
|move|p1a: Thundurus|Thunder Wave|p2a: Ogerpon
|-status|p2a: Ogerpon|par
|move|p2a: Ogerpon|Ivy Cudgel|p1a: Thundurus|[anim] Ivy Cudgel Rock
|-resisted|p1a: Thundurus
|-damage|p1a: Thundurus|55/100
|
|upkeep
|turn|17
|
|t:|1759047305
|move|p1a: Thundurus|Substitute|p1a: Thundurus
|-start|p1a: Thundurus|Substitute
|-damage|p1a: Thundurus|30/100
|move|p2a: Ogerpon|Low Kick|p1a: Thundurus
|-supereffective|p1a: Thundurus
|-end|p1a: Thundurus|Substitute
|
|upkeep
|turn|18
|
|t:|1759047312
|move|p1a: Thundurus|Volt Switch|p2a: Ogerpon
|-resisted|p2a: Ogerpon
|-damage|p2a: Ogerpon|81/100 par
|
|t:|1759047315
|switch|p1a: Reuniclus|Reuniclus, M|100/100|[from] Volt Switch
|move|p2a: Ogerpon|Low Kick|p1a: Reuniclus
|-resisted|p1a: Reuniclus
|-damage|p1a: Reuniclus|91/100
|
|upkeep
|turn|19
|
|t:|1759047324
|move|p2a: Ogerpon|Power Whip|p1a: Reuniclus
|-damage|p1a: Reuniclus|8/100
|move|p1a: Reuniclus|Trick Room|p1a: Reuniclus
|-fieldstart|move: Trick Room|[of] p1a: Reuniclus
|
|upkeep
|turn|20
|
|t:|1759047337
|switch|p2a: Raging Bolt|Raging Bolt|36/100
|move|p1a: Reuniclus|Focus Blast|p2a: Raging Bolt
|-damage|p2a: Raging Bolt|0 fnt
|faint|p2a: Raging Bolt
|-end|p2a: Raging Bolt|Protosynthesis|[silent]
|
|upkeep
|
|t:|1759047361
|switch|p2a: Ceruledge|Ceruledge, M, shiny|78/100
|turn|21
|
|t:|1759047365
|move|p2a: Ceruledge|Shadow Sneak|p1a: Reuniclus
|-supereffective|p1a: Reuniclus
|-damage|p1a: Reuniclus|0 fnt
|faint|p1a: Reuniclus
|
|upkeep
|
|t:|1759047367
|switch|p1a: Thundurus|Thundurus, M, tera:Steel|30/100
|turn|22
|
|t:|1759047373
|move|p2a: Ceruledge|Bitter Blade|p1a: Thundurus
|-supereffective|p1a: Thundurus
|-damage|p1a: Thundurus|0 fnt
|-heal|p2a: Ceruledge|94/100|[from] drain|[of] p1a: Thundurus
|faint|p1a: Thundurus
|
|win|T0YE
|raw|LousiV's rating: 1310 &rarr; <strong>1291</strong><br />(-19 for losing)
|raw|T0YE's rating: 1321 &rarr; <strong>1340</strong><br />(+19 for winning)
|l|☆LousiV
|player|p1|
|l|☆T0YE
|player|p2|
