|j|☆samuelillo09
|j|☆alexismarelli
|t:|1759069552
|gametype|singles
|player|p1|samuelillo09|harlequin|1084
|player|p2|alexismarelli|101|1123
|gen|9
|tier|[Gen 9] OU
|rated|
|rule|HP Percentage Mod: HP is shown in percentages
|rule|Endless Battle Clause: Forcing endless battles is banned
|rule|Species Clause: Limit one of each Pokémon
|rule|OHKO Clause: OHKO moves are banned
|rule|Evasion Items Clause: Evasion items are banned
|rule|Evasion Moves Clause: Evasion moves are banned
|rule|Evasion Abilities Clause: Evasion abilities are banned
|rule|Sleep Moves Clause: Sleep-inducing moves are banned
|clearpoke
|poke|p1|Cinderace, F|
|poke|p1|Primarina, F|
|poke|p1|Kommo-o, F|
|poke|p1|Toxapex, M|
|poke|p1|Klefki, M|
|poke|p1|Weezing-Galar, M|
|poke|p2|Gothitelle, M|
|poke|p2|Mandibuzz, F|
|poke|p2|Donphan, M|
|poke|p2|Porygon2|
|poke|p2|Arbok, M|
|poke|p2|Mesprit|
|teampreview
|
|t:|1759069563
|teamsize|p1|6
|teamsize|p2|6
|start
|switch|p1a: Weezing|Weezing-Galar, M|100/100
|switch|p2a: Gothitelle|Gothitelle, M|100/100
|-item|p1a: Weezing|Leftovers|[from] ability: Frisk|[of] p2a: Gothitelle
|turn|1
|
|t:|1759069584
|switch|p1a: Klefki|Klefki, M|100/100
|move|p2a: Gothitelle|Psychic Noise|p1a: Klefki
|-resisted|p1a: Klefki
|-damage|p1a: Klefki|80/100
|-start|p1a: Klefki|move: Heal Block
|
|upkeep
|turn|2
|
|t:|1759069603
|move|p1a: Klefki|Light Screen|p1a: Klefki
|-sidestart|p1: samuelillo09|move: Light Screen
|move|p2a: Gothitelle|Calm Mind|p2a: Gothitelle
|-boost|p2a: Gothitelle|spa|1
|-boost|p2a: Gothitelle|spd|1
|
|-end|p1a: Klefki|move: Heal Block
|upkeep
|turn|3
|
|t:|1759069611
|move|p1a: Klefki|Thunder Wave|p2a: Gothitelle
|-status|p2a: Gothitelle|par
|move|p2a: Gothitelle|Calm Mind|p2a: Gothitelle
|-boost|p2a: Gothitelle|spa|1
|-boost|p2a: Gothitelle|spd|1
|
|upkeep
|turn|4
|
|t:|1759069621
|move|p1a: Klefki|Reflect|p1a: Klefki
|-sidestart|p1: samuelillo09|Reflect
|cant|p2a: Gothitelle|par
|
|upkeep
|turn|5
|
|t:|1759069626
|move|p1a: Klefki|Foul Play|p2a: Gothitelle
|-supereffective|p2a: Gothitelle
|-damage|p2a: Gothitelle|82/100 par
|move|p2a: Gothitelle|Psychic Noise|p1a: Klefki
|-resisted|p1a: Klefki
|-damage|p1a: Klefki|59/100
|-start|p1a: Klefki|move: Heal Block
|
|-heal|p2a: Gothitelle|88/100 par|[from] item: Leftovers
|upkeep
|turn|6
|
|t:|1759069637
|move|p1a: Klefki|Foul Play|p2a: Gothitelle
|-supereffective|p2a: Gothitelle
|-damage|p2a: Gothitelle|69/100 par
|move|p2a: Gothitelle|Psychic Noise|p1a: Klefki
|-resisted|p1a: Klefki
|-damage|p1a: Klefki|39/100
|
|-heal|p2a: Gothitelle|75/100 par|[from] item: Leftovers
|-end|p1a: Klefki|move: Heal Block
|-sideend|p1: samuelillo09|move: Light Screen
|upkeep
|turn|7
|
|t:|1759069649
|move|p1a: Klefki|Light Screen|p1a: Klefki
|-sidestart|p1: samuelillo09|move: Light Screen
|cant|p2a: Gothitelle|par
|
|-heal|p2a: Gothitelle|82/100 par|[from] item: Leftovers
|upkeep
|turn|8
|
|t:|1759069660
|move|p1a: Klefki|Foul Play|p2a: Gothitelle
|-supereffective|p2a: Gothitelle
|-damage|p2a: Gothitelle|63/100 par
|cant|p2a: Gothitelle|par
|
|-heal|p2a: Gothitelle|69/100 par|[from] item: Leftovers
|-sideend|p1: samuelillo09|Reflect
|upkeep
|turn|9
|
|t:|1759069672
|move|p1a: Klefki|Foul Play|p2a: Gothitelle
|-supereffective|p2a: Gothitelle
|-damage|p2a: Gothitelle|49/100 par
|move|p2a: Gothitelle|Psychic Noise|p1a: Klefki
|-resisted|p1a: Klefki
|-damage|p1a: Klefki|20/100
|-start|p1a: Klefki|move: Heal Block
|
|-heal|p2a: Gothitelle|55/100 par|[from] item: Leftovers
|upkeep
|turn|10
|
|t:|1759069684
|move|p1a: Klefki|Foul Play|p2a: Gothitelle
|-supereffective|p2a: Gothitelle
|-damage|p2a: Gothitelle|36/100 par
|cant|p2a: Gothitelle|par
|
|-heal|p2a: Gothitelle|42/100 par|[from] item: Leftovers
|-end|p1a: Klefki|move: Heal Block
|upkeep
|turn|11
|
|t:|1759069693
|move|p1a: Klefki|Foul Play|p2a: Gothitelle
|-supereffective|p2a: Gothitelle
|-damage|p2a: Gothitelle|20/100 par
|move|p2a: Gothitelle|Psychic Noise|p1a: Klefki
|-resisted|p1a: Klefki
|-damage|p1a: Klefki|0 fnt
|faint|p1a: Klefki
|
|-heal|p2a: Gothitelle|26/100 par|[from] item: Leftovers
|-sideend|p1: samuelillo09|move: Light Screen
|upkeep
|
|t:|1759069710
|switch|p1a: Cinderace|Cinderace, F|100/100
|turn|12
|
|t:|1759069731
|-terastallize|p1a: Cinderace|Fire
|move|p1a: Cinderace|Pyro Ball|p2a: Gothitelle
|-damage|p2a: Gothitelle|0 fnt
|faint|p2a: Gothitelle
|
|upkeep
|
|t:|1759069747
|switch|p2a: Donphan|Donphan, M|100/100
|turn|13
|
|t:|1759069753
|move|p1a: Cinderace|U-turn|p2a: Donphan
|-damage|p2a: Donphan|83/100
|
|t:|1759069756
|switch|p1a: Primarina|Primarina, F|100/100|[from] U-turn
|move|p2a: Donphan|Earthquake|p1a: Primarina
|-damage|p1a: Primarina|38/100
|
|-heal|p2a: Donphan|89/100|[from] item: Leftovers
|upkeep
|turn|14
|
|t:|1759069774
|switch|p2a: Mesprit|Mesprit|100/100
|move|p1a: Primarina|Surf|p2a: Mesprit
|-damage|p2a: Mesprit|70/100
|
|-heal|p2a: Mesprit|76/100|[from] item: Leftovers
|upkeep
|turn|15
|
|t:|1759069793
|move|p2a: Mesprit|Thunder Wave|p1a: Primarina|[miss]
|-miss|p2a: Mesprit|p1a: Primarina
|move|p1a: Primarina|Moonblast|p2a: Mesprit
|-damage|p2a: Mesprit|38/100
|-unboost|p2a: Mesprit|spa|1
|
|-heal|p2a: Mesprit|44/100|[from] item: Leftovers
|upkeep
|turn|16
|
|t:|1759069803
|move|p2a: Mesprit|Thunder Wave|p1a: Primarina
|-status|p1a: Primarina|par
|move|p1a: Primarina|Moonblast|p2a: Mesprit
|-damage|p2a: Mesprit|10/100
|
|-heal|p2a: Mesprit|16/100|[from] item: Leftovers
|upkeep
|turn|17
|
|t:|1759069812
|move|p2a: Mesprit|Psychic Noise|p1a: Primarina
|-damage|p1a: Primarina|23/100 par
|-start|p1a: Primarina|move: Heal Block
|-enditem|p1a: Primarina|Mental Herb
|-end|p1a: Primarina|move: Heal Block
|move|p1a: Primarina|Moonblast|p2a: Mesprit
|-damage|p2a: Mesprit|0 fnt
|faint|p2a: Mesprit
|
|upkeep
|
|t:|1759069832
|switch|p2a: Mandibuzz|Mandibuzz, F|100/100
|turn|18
|
|t:|1759069851
|move|p2a: Mandibuzz|Foul Play|p1a: Primarina
|-resisted|p1a: Primarina
|-damage|p1a: Primarina|11/100 par
|cant|p1a: Primarina|par
|
|upkeep
|turn|19
|
|t:|1759069876
|move|p2a: Mandibuzz|Foul Play|p1a: Primarina
|-resisted|p1a: Primarina
|-damage|p1a: Primarina|0 fnt
|faint|p1a: Primarina
|
|upkeep
|l|☆samuelillo09
|player|p1|
|inactive|Battle timer is ON: inactive players will automatically lose when time's up. (requested by alexismarelli)
|j|☆samuelillo09
|inactive|samuelillo09 reconnected and has 145 seconds left.
|player|p1|samuelillo09|harlequin|
|
|t:|1759069904
|switch|p1a: Weezing|Weezing-Galar, M|100/100
|turn|20
|
|t:|1759069913
|switch|p2a: Arbok|Arbok, M|100/100
|-ability|p2a: Arbok|Intimidate|boost
|-unboost|p1a: Weezing|atk|1
|move|p1a: Weezing|Toxic Spikes|p2a: Arbok
|-sidestart|p2: alexismarelli|move: Toxic Spikes
|
|upkeep
|turn|21
|
|t:|1759069923
|move|p2a: Arbok|Glare|p1a: Weezing
|-status|p1a: Weezing|par
|move|p1a: Weezing|Body Slam|p2a: Arbok
|-damage|p2a: Arbok|80/100
|-status|p2a: Arbok|par
|
|upkeep
|turn|22
|
|t:|1759069930
|move|p2a: Arbok|Gunk Shot|p1a: Weezing
|-damage|p1a: Weezing|57/100 par
|-damage|p2a: Arbok|70/100 par|[from] item: Life Orb
|cant|p1a: Weezing|par
|
|-heal|p1a: Weezing|63/100 par|[from] item: Leftovers
|upkeep
|turn|23
|
|t:|1759069942
|cant|p2a: Arbok|par
|cant|p1a: Weezing|par
|
|-heal|p1a: Weezing|69/100 par|[from] item: Leftovers
|upkeep
|turn|24
|
|t:|1759069949
|move|p2a: Arbok|Gunk Shot|p1a: Weezing
|-damage|p1a: Weezing|25/100 par
|-damage|p2a: Arbok|60/100 par|[from] item: Life Orb
|move|p1a: Weezing|Toxic Spikes|p2a: Arbok
|-sidestart|p2: alexismarelli|move: Toxic Spikes
|
|-heal|p1a: Weezing|31/100 par|[from] item: Leftovers
|upkeep
|turn|25
|
|t:|1759069959
|move|p2a: Arbok|Gunk Shot|p1a: Weezing
|-damage|p1a: Weezing|0 fnt
|faint|p1a: Weezing
|-damage|p2a: Arbok|50/100 par|[from] item: Life Orb
|
|upkeep
|
|t:|1759069966
|switch|p1a: Kommo-o|Kommo-o, F|100/100
|turn|26
|
|t:|1759069971
|switch|p2a: Mandibuzz|Mandibuzz, F|100/100
|move|p1a: Kommo-o|Dragon Claw|p2a: Mandibuzz
|-damage|p2a: Mandibuzz|77/100
|
|upkeep
|turn|27
|
|t:|1759069985
|switch|p1a: Toxapex|Toxapex, M|100/100
|move|p2a: Mandibuzz|Toxic|p1a: Toxapex
|-immune|p1a: Toxapex
|
|upkeep
|turn|28
|inactive|alexismarelli has 120 seconds left.
|
|t:|1759070034
|switch|p2a: Arbok|Arbok, M|50/100 par
|-sideend|p2: alexismarelli|move: Toxic Spikes|[of] p2a: Arbok
|-ability|p2a: Arbok|Intimidate|boost
|-unboost|p1a: Toxapex|atk|1
|move|p1a: Toxapex|Sludge Bomb|p2a: Arbok
|-resisted|p2a: Arbok
|-damage|p2a: Arbok|37/100 par
|
|upkeep
|turn|29
|
|t:|1759070047
|move|p2a: Arbok|Knock Off|p1a: Toxapex
|-damage|p1a: Toxapex|80/100
|-damage|p2a: Arbok|20/100 par|[from] item: Rocky Helmet|[of] p1a: Toxapex
|-enditem|p1a: Toxapex|Rocky Helmet|[from] move: Knock Off|[of] p2a: Arbok
|-damage|p2a: Arbok|10/100 par|[from] item: Life Orb
|move|p1a: Toxapex|Toxic Spikes|p2a: Arbok
|-sidestart|p2: alexismarelli|move: Toxic Spikes
|
|upkeep
|turn|30
|inactive|alexismarelli has 120 seconds left.
|
|t:|1759070055
|cant|p2a: Arbok|par
|move|p1a: Toxapex|Toxic Spikes|p2a: Arbok
|-sidestart|p2: alexismarelli|move: Toxic Spikes
|
|upkeep
|turn|31
|inactive|alexismarelli has 120 seconds left.
|
|t:|1759070066
|move|p2a: Arbok|Earthquake|p1a: Toxapex
|-supereffective|p1a: Toxapex
|-damage|p1a: Toxapex|34/100
|-damage|p2a: Arbok|0 fnt|[from] item: Life Orb
|faint|p2a: Arbok
|move|p1a: Toxapex|Sludge Bomb|p2: Arbok|[notarget]
|-fail|p1a: Toxapex
|
|upkeep
|
|t:|1759070071
|switch|p2a: Donphan|Donphan, M|89/100
|-status|p2a: Donphan|tox
|turn|32
|
|t:|1759070080
|move|p2a: Donphan|Earthquake|p1a: Toxapex
|-supereffective|p1a: Toxapex
|-damage|p1a: Toxapex|0 fnt
|faint|p1a: Toxapex
|
|-heal|p2a: Donphan|95/100 tox|[from] item: Leftovers
|-damage|p2a: Donphan|89/100 tox|[from] psn
|upkeep
|
|t:|1759070090
|switch|p1a: Kommo-o|Kommo-o, F|100/100
|turn|33
|inactive|alexismarelli has 120 seconds left.
|inactive|alexismarelli has 90 seconds left.
|inactive|alexismarelli has 60 seconds left.
|l|☆alexismarelli
|inactive|alexismarelli disconnected and has a minute to reconnect!
|player|p2|
|inactive|alexismarelli has 30 seconds to reconnect!
|inactive|alexismarelli has 20 seconds to reconnect!
|inactive|alexismarelli has 15 seconds to reconnect!
|inactive|alexismarelli has 10 seconds to reconnect!
|inactive|alexismarelli has 5 seconds to reconnect!
|-message|alexismarelli lost due to inactivity.
|
|win|samuelillo09
|raw|samuelillo09's rating: 1084 &rarr; <strong>1114</strong><br />(+30 for winning)
|raw|alexismarelli's rating: 1123 &rarr; <strong>1095</strong><br />(-28 for losing)
|l|☆samuelillo09
|player|p1|
