|j|‽thatfroot
|j|☆jumbolino
|t:|1758975634
|gametype|singles
|player|p1|thatfroot|red|1092
|player|p2|jumbolino|101|1050
|gen|9
|tier|[Gen 9] OU
|rated|
|rule|HP Percentage Mod: HP is shown in percentages
|rule|Endless Battle Clause: Forcing endless battles is banned
|rule|Species Clause: Limit one of each Pokémon
|rule|OHKO Clause: OHKO moves are banned
|rule|Evasion Items Clause: Evasion items are banned
|rule|Evasion Moves Clause: Evasion moves are banned
|rule|Evasion Abilities Clause: Evasion abilities are banned
|rule|Sleep Moves Clause: Sleep-inducing moves are banned
|clearpoke
|poke|p1|Greninja-*, M|
|poke|p1|Salamence, F|
|poke|p1|Grimmsnarl, M|
|poke|p1|Carbink|
|poke|p1|Magmortar, F|
|poke|p1|Excadrill, F|
|poke|p2|Basculegion-F, F|
|poke|p2|Greninja-*, M|
|poke|p2|Pelipper, M|
|poke|p2|Ludicolo, M|
|poke|p2|Toxapex, F|
|poke|p2|Gastrodon, F|
|teampreview
|
|t:|1758975657
|teamsize|p1|6
|teamsize|p2|6
|start
|switch|p1a: Magmortar|Magmortar, F|100/100
|switch|p2a: Gastrodon|Gastrodon, F|100/100
|turn|1
|
|t:|1758975669
|move|p1a: Magmortar|Solar Beam||[still]
|-prepare|p1a: Magmortar|Solar Beam
|-enditem|p1a: Magmortar|Power Herb
|-anim|p1a: Magmortar|Solar Beam|p2a: Gastrodon
|-supereffective|p2a: Gastrodon
|-damage|p2a: Gastrodon|0 fnt
|faint|p2a: Gastrodon
|
|upkeep
|
|t:|1758975682
|switch|p2a: Toxapex|Toxapex, F|100/100
|turn|2
|
|t:|1758975691
|move|p1a: Magmortar|Psychic|p2a: Toxapex
|-supereffective|p2a: Toxapex
|-damage|p2a: Toxapex|54/100
|move|p2a: Toxapex|Toxic Spikes|p1a: Magmortar
|-sidestart|p1: thatfroot|move: Toxic Spikes
|
|-heal|p2a: Toxapex|60/100|[from] item: Black Sludge
|upkeep
|turn|3
|
|t:|1758975699
|move|p1a: Magmortar|Psychic|p2a: Toxapex
|-supereffective|p2a: Toxapex
|-damage|p2a: Toxapex|7/100
|move|p2a: Toxapex|Hydro Pump|p1a: Magmortar
|-supereffective|p1a: Magmortar
|-damage|p1a: Magmortar|40/100
|
|-heal|p2a: Toxapex|13/100|[from] item: Black Sludge
|upkeep
|turn|4
|
|t:|1758975717
|move|p2a: Toxapex|Baneful Bunker|p2a: Toxapex
|-singleturn|p2a: Toxapex|move: Protect
|move|p1a: Magmortar|Thunderbolt|p2a: Toxapex
|-activate|p2a: Toxapex|move: Protect
|
|-heal|p2a: Toxapex|19/100|[from] item: Black Sludge
|upkeep
|turn|5
|
|t:|1758975730
|switch|p2a: Ludicolo|Ludicolo, M|100/100
|move|p1a: Magmortar|Thunderbolt|p2a: Ludicolo
|-damage|p2a: Ludicolo|78/100
|
|-heal|p2a: Ludicolo|84/100|[from] item: Leftovers
|upkeep
|turn|6
|
|t:|1758975741
|move|p1a: Magmortar|Thunderbolt|p2a: Ludicolo
|-damage|p2a: Ludicolo|63/100
|move|p2a: Ludicolo|Focus Blast|p1a: Magmortar|[miss]
|-miss|p2a: Ludicolo|p1a: Magmortar
|
|-heal|p2a: Ludicolo|69/100|[from] item: Leftovers
|upkeep
|turn|7
|
|t:|1758975750
|move|p1a: Magmortar|Thunderbolt|p2a: Ludicolo
|-damage|p2a: Ludicolo|49/100
|-status|p2a: Ludicolo|par
|move|p2a: Ludicolo|Focus Blast|p1a: Magmortar
|-damage|p1a: Magmortar|11/100
|
|-heal|p2a: Ludicolo|55/100 par|[from] item: Leftovers
|upkeep
|turn|8
|-message|jumbolino forfeited.
|
|win|thatfroot
|raw|thatfroot's rating: 1092 &rarr; <strong>1115</strong><br />(+23 for winning)
|raw|jumbolino's rating: 1050 &rarr; <strong>1035</strong><br />(-15 for losing)
|l|☆jumbolino
|player|p2|
|l|‽thatfroot
|player|p1|
