|j|☆leezee-yy
|j|☆jojosworld
|t:|1758933164
|gametype|singles
|player|p1|leezee-yy|steven|1627
|player|p2|jojosworld|cynthia|1596
|gen|9
|tier|[Gen 9] OU
|rated|
|rule|HP Percentage Mod: HP is shown in percentages
|rule|Endless Battle Clause: Forcing endless battles is banned
|rule|Species Clause: Limit one of each Pokémon
|rule|OHKO Clause: OHKO moves are banned
|rule|Evasion Items Clause: Evasion items are banned
|rule|Evasion Moves Clause: Evasion moves are banned
|rule|Evasion Abilities Clause: Evasion abilities are banned
|rule|Sleep Moves Clause: Sleep-inducing moves are banned
|clearpoke
|poke|p1|Gengar, M|
|poke|p1|Conkeldurr, M|
|poke|p1|Metagross|
|poke|p1|Zapdos|
|poke|p1|Meowscarada, M|
|poke|p1|Zamazenta-*|
|poke|p2|Alomomola, F|
|poke|p2|Amoonguss, F|
|poke|p2|Gholdengo|
|poke|p2|Great Tusk|
|poke|p2|Goodra-Hisui, F|
|poke|p2|Clefable, M|
|teampreview
|inactive|Battle timer is ON: inactive players will automatically lose when time's up. (requested by jojosworld)
|inactive|leezee-yy also wants the timer to be on.
|
|t:|1758933169
|teamsize|p1|6
|teamsize|p2|6
|start
|switch|p1a: Meowscarada|Meowscarada, M|100/100
|switch|p2a: Clefable|Clefable, M, shiny|100/100
|turn|1
|
|t:|1758933174
|move|p1a: Meowscarada|U-turn|p2a: Clefable
|-start|p1a: Meowscarada|typechange|Bug|[from] ability: Protean
|-resisted|p2a: Clefable
|-damage|p2a: Clefable|80/100
|
|t:|1758933178
|switch|p1a: Zapdos|Zapdos|100/100|[from] U-turn
|move|p2a: Clefable|Thunder Wave|p1a: Zapdos
|-immune|p1a: Zapdos
|
|-heal|p2a: Clefable|87/100|[from] item: Leftovers
|upkeep
|turn|2
|
|t:|1758933183
|move|p1a: Zapdos|U-turn|p2a: Clefable
|-resisted|p2a: Clefable
|-damage|p2a: Clefable|81/100
|
|t:|1758933188
|switch|p1a: Metagross|Metagross, shiny|100/100|[from] U-turn
|move|p2a: Clefable|Stealth Rock|p1a: Metagross
|-sidestart|p1: leezee-yy|move: Stealth Rock
|
|-heal|p2a: Clefable|87/100|[from] item: Leftovers
|upkeep
|turn|3
|
|t:|1758933191
|switch|p2a: Alomomola|Alomomola, F, shiny|100/100
|move|p1a: Metagross|Knock Off|p2a: Alomomola
|-damage|p2a: Alomomola|82/100
|-enditem|p2a: Alomomola|Heavy-Duty Boots|[from] move: Knock Off|[of] p1a: Metagross
|
|upkeep
|turn|4
|
|t:|1758933193
|move|p1a: Metagross|Psychic Fangs|p2a: Alomomola
|-damage|p2a: Alomomola|56/100
|move|p2a: Alomomola|Scald|p1a: Metagross
|-damage|p1a: Metagross|85/100
|-status|p1a: Metagross|brn
|
|-heal|p1a: Metagross|91/100 brn|[from] item: Leftovers
|-damage|p1a: Metagross|85/100 brn|[from] brn
|upkeep
|turn|5
|
|t:|1758933198
|move|p1a: Metagross|Psychic Fangs|p2a: Alomomola
|-damage|p2a: Alomomola|42/100
|move|p2a: Alomomola|Wish|p2a: Alomomola
|
|-heal|p1a: Metagross|91/100 brn|[from] item: Leftovers
|-damage|p1a: Metagross|85/100 brn|[from] brn
|upkeep
|turn|6
|
|t:|1758933201
|switch|p1a: Conkeldurr|Conkeldurr, M|100/100
|-damage|p1a: Conkeldurr|94/100|[from] Stealth Rock
|move|p2a: Alomomola|Protect||[still]
|-fail|p2a: Alomomola
|
|-heal|p2a: Alomomola|92/100|[from] move: Wish|[wisher] Alomomola
|-heal|p1a: Conkeldurr|100/100|[from] item: Leftovers
|upkeep
|turn|7
|
|t:|1758933206
|move|p1a: Conkeldurr|Defog|p2a: Alomomola
|-unboost|p2a: Alomomola|evasion|1
|-sideend|p1: leezee-yy|Stealth Rock|[from] move: Defog|[of] p1a: Conkeldurr
|move|p2a: Alomomola|Flip Turn|p1a: Conkeldurr
|-damage|p1a: Conkeldurr|87/100
|
|t:|1758933208
|switch|p2a: Gholdengo|Gholdengo, shiny|100/100|[from] Flip Turn
|
|-heal|p1a: Conkeldurr|93/100|[from] item: Leftovers
|upkeep
|turn|8
|
|t:|1758933211
|move|p2a: Gholdengo|Hex|p1a: Conkeldurr
|-damage|p1a: Conkeldurr|59/100
|move|p1a: Conkeldurr|Fire Punch|p2a: Gholdengo
|-supereffective|p2a: Gholdengo
|-crit|p2a: Gholdengo
|-damage|p2a: Gholdengo|43/100
|-damage|p1a: Conkeldurr|42/100|[from] item: Rocky Helmet|[of] p2a: Gholdengo
|
|-heal|p1a: Conkeldurr|48/100|[from] item: Leftovers
|upkeep
|turn|9
|
|t:|1758933217
|switch|p1a: Gengar|Gengar, M|100/100
|move|p2a: Gholdengo|Recover|p2a: Gholdengo
|-heal|p2a: Gholdengo|93/100
|
|upkeep
|turn|10
|
|t:|1758933220
|switch|p2a: Alomomola|Alomomola, F, shiny|100/100
|move|p1a: Gengar|Shadow Ball|p2a: Alomomola
|-damage|p2a: Alomomola|54/100
|
|upkeep
|turn|11
|
|t:|1758933222
|move|p1a: Gengar|Sludge Bomb|p2a: Alomomola
|-damage|p2a: Alomomola|0 fnt
|faint|p2a: Alomomola
|
|upkeep
|
|t:|1758933227
|switch|p2a: Goodra|Goodra-Hisui, F, shiny|100/100
|turn|12
|
|t:|1758933230
|switch|p1a: Zamazenta|Zamazenta|100/100
|-ability|p1a: Zamazenta|Dauntless Shield|boost
|-boost|p1a: Zamazenta|def|1
|move|p2a: Goodra|Knock Off|p1a: Zamazenta
|-resisted|p1a: Zamazenta
|-damage|p1a: Zamazenta|94/100
|-enditem|p1a: Zamazenta|Assault Vest|[from] move: Knock Off|[of] p2a: Goodra
|
|upkeep
|turn|13
|
|t:|1758933234
|switch|p2a: Clefable|Clefable, M, shiny|87/100
|move|p1a: Zamazenta|Close Combat|p2a: Clefable
|-resisted|p2a: Clefable
|-damage|p2a: Clefable|66/100
|-unboost|p1a: Zamazenta|def|1
|-unboost|p1a: Zamazenta|spd|1
|
|-heal|p2a: Clefable|72/100|[from] item: Leftovers
|upkeep
|turn|14
|
|t:|1758933241
|switch|p1a: Metagross|Metagross, shiny|85/100 brn
|switch|p2a: Gholdengo|Gholdengo, shiny|93/100
|
|-heal|p1a: Metagross|91/100 brn|[from] item: Leftovers
|-damage|p1a: Metagross|85/100 brn|[from] brn
|upkeep
|turn|15
|
|t:|1758933244
|move|p2a: Gholdengo|Hex|p1a: Metagross
|-supereffective|p1a: Metagross
|-crit|p1a: Metagross
|-damage|p1a: Metagross|0 fnt
|faint|p1a: Metagross
|
|upkeep
|
|t:|1758933247
|switch|p1a: Meowscarada|Meowscarada, M|100/100
|turn|16
|
|t:|1758933249
|move|p1a: Meowscarada|U-turn|p2a: Gholdengo
|-start|p1a: Meowscarada|typechange|Bug|[from] ability: Protean
|-resisted|p2a: Gholdengo
|-damage|p2a: Gholdengo|84/100
|-damage|p1a: Meowscarada|84/100|[from] item: Rocky Helmet|[of] p2a: Gholdengo
|
|t:|1758933254
|switch|p1a: Gengar|Gengar, M|100/100|[from] U-turn
|move|p2a: Gholdengo|Recover|p2a: Gholdengo
|-heal|p2a: Gholdengo|100/100
|
|upkeep
|turn|17
|
|t:|1758933258
|switch|p2a: Goodra|Goodra-Hisui, F, shiny|100/100
|move|p1a: Gengar|Shadow Ball|p2a: Goodra
|-damage|p2a: Goodra|86/100
|-unboost|p2a: Goodra|spd|1
|
|upkeep
|turn|18
|
|t:|1758933262
|switch|p1a: Zapdos|Zapdos|100/100
|move|p2a: Goodra|Knock Off|p1a: Zapdos
|-damage|p1a: Zapdos|85/100
|-damage|p2a: Goodra|70/100|[from] item: Rocky Helmet|[of] p1a: Zapdos
|-enditem|p1a: Zapdos|Rocky Helmet|[from] move: Knock Off|[of] p2a: Goodra
|
|upkeep
|turn|19
|
|t:|1758933267
|move|p1a: Zapdos|Discharge|p2a: Goodra
|-resisted|p2a: Goodra
|-damage|p2a: Goodra|61/100
|-status|p2a: Goodra|par
|move|p2a: Goodra|Draco Meteor|p1a: Zapdos|[miss]
|-miss|p2a: Goodra|p1a: Zapdos
|
|upkeep
|turn|20
|
|t:|1758933274
|switch|p2a: Amoonguss|Amoonguss, F, shiny|100/100
|move|p1a: Zapdos|Discharge|p2a: Amoonguss
|-resisted|p2a: Amoonguss
|-damage|p2a: Amoonguss|85/100
|
|upkeep
|turn|21
|
|t:|1758933276
|switch|p2a: Goodra|Goodra-Hisui, F, shiny|61/100 par
|move|p1a: Zapdos|Heat Wave|p2a: Goodra
|-damage|p2a: Goodra|53/100 par
|
|upkeep
|turn|22
|
|t:|1758933278
|move|p1a: Zapdos|Heat Wave|p2a: Goodra
|-damage|p2a: Goodra|43/100 par
|cant|p2a: Goodra|par
|
|upkeep
|turn|23
|
|t:|1758933282
|move|p1a: Zapdos|Heat Wave|p2a: Goodra|[miss]
|-miss|p1a: Zapdos|p2a: Goodra
|cant|p2a: Goodra|par
|
|upkeep
|turn|24
|
|t:|1758933285
|move|p1a: Zapdos|Heat Wave|p2a: Goodra
|-crit|p2a: Goodra
|-damage|p2a: Goodra|30/100 par
|move|p2a: Goodra|Ice Beam|p1a: Zapdos
|-supereffective|p1a: Zapdos
|-damage|p1a: Zapdos|42/100
|
|upkeep
|turn|25
|
|t:|1758933289
|move|p1a: Zapdos|Roost|p1a: Zapdos
|-heal|p1a: Zapdos|92/100
|-singleturn|p1a: Zapdos|move: Roost
|move|p2a: Goodra|Ice Beam|p1a: Zapdos
|-crit|p1a: Zapdos
|-damage|p1a: Zapdos|58/100
|
|upkeep
|turn|26
|
|t:|1758933292
|move|p1a: Zapdos|Roost|p1a: Zapdos
|-heal|p1a: Zapdos|100/100
|-singleturn|p1a: Zapdos|move: Roost
|cant|p2a: Goodra|par
|
|upkeep
|turn|27
|
|t:|1758933295
|move|p1a: Zapdos|Heat Wave|p2a: Goodra
|-damage|p2a: Goodra|21/100 par
|move|p2a: Goodra|Ice Beam|p1a: Zapdos
|-supereffective|p1a: Zapdos
|-damage|p1a: Zapdos|57/100
|
|upkeep
|turn|28
|
|t:|1758933299
|move|p1a: Zapdos|Roost|p1a: Zapdos
|-heal|p1a: Zapdos|100/100
|-singleturn|p1a: Zapdos|move: Roost
|move|p2a: Goodra|Draco Meteor|p1a: Zapdos
|-damage|p1a: Zapdos|56/100
|-unboost|p2a: Goodra|spa|2
|
|upkeep
|turn|29
|
|t:|1758933303
|move|p1a: Zapdos|Roost|p1a: Zapdos
|-heal|p1a: Zapdos|100/100
|-singleturn|p1a: Zapdos|move: Roost
|cant|p2a: Goodra|par
|
|upkeep
|turn|30
|
|t:|1758933306
|move|p1a: Zapdos|Discharge|p2a: Goodra
|-resisted|p2a: Goodra
|-damage|p2a: Goodra|16/100 par
|cant|p2a: Goodra|par
|
|upkeep
|turn|31
|
|t:|1758933310
|move|p1a: Zapdos|Heat Wave|p2a: Goodra
|-damage|p2a: Goodra|6/100 par
|cant|p2a: Goodra|par
|
|upkeep
|turn|32
|
|t:|1758933314
|move|p1a: Zapdos|Heat Wave|p2a: Goodra
|-damage|p2a: Goodra|0 fnt
|faint|p2a: Goodra
|
|upkeep
|
|t:|1758933317
|switch|p2a: Amoonguss|Amoonguss, F, shiny|100/100
|turn|33
|
|t:|1758933319
|move|p1a: Zapdos|Heat Wave|p2a: Amoonguss|[miss]
|-miss|p1a: Zapdos|p2a: Amoonguss
|move|p2a: Amoonguss|Toxic|p1a: Zapdos
|-status|p1a: Zapdos|tox
|
|-damage|p1a: Zapdos|94/100 tox|[from] psn
|upkeep
|turn|34
|
|t:|1758933325
|move|p1a: Zapdos|U-turn|p2a: Amoonguss
|-damage|p2a: Amoonguss|90/100
|
|t:|1758933329
|switch|p1a: Zamazenta|Zamazenta|94/100|[from] U-turn
|move|p2a: Amoonguss|Giga Drain|p1a: Zamazenta
|-damage|p1a: Zamazenta|74/100
|-heal|p2a: Amoonguss|98/100|[from] drain|[of] p1a: Zamazenta
|
|upkeep
|turn|35
|
|t:|1758933333
|move|p1a: Zamazenta|Psychic Fangs|p2a: Amoonguss
|-supereffective|p2a: Amoonguss
|-damage|p2a: Amoonguss|59/100
|move|p2a: Amoonguss|Giga Drain|p1a: Zamazenta
|-damage|p1a: Zamazenta|56/100
|-heal|p2a: Amoonguss|67/100|[from] drain|[of] p1a: Zamazenta
|
|upkeep
|turn|36
|
|t:|1758933338
|switch|p2a: Gholdengo|Gholdengo, shiny|100/100
|move|p1a: Zamazenta|Psychic Fangs|p2a: Gholdengo
|-resisted|p2a: Gholdengo
|-damage|p2a: Gholdengo|92/100
|-damage|p1a: Zamazenta|39/100|[from] item: Rocky Helmet|[of] p2a: Gholdengo
|
|upkeep
|turn|37
|
|t:|1758933342
|move|p1a: Zamazenta|Crunch|p2a: Gholdengo
|-supereffective|p2a: Gholdengo
|-damage|p2a: Gholdengo|53/100
|-damage|p1a: Zamazenta|23/100|[from] item: Rocky Helmet|[of] p2a: Gholdengo
|move|p2a: Gholdengo|Hex|p1a: Zamazenta
|-damage|p1a: Zamazenta|0 fnt
|faint|p1a: Zamazenta
|
|upkeep
|
|t:|1758933345
|switch|p1a: Gengar|Gengar, M|100/100
|turn|38
|
|t:|1758933347
|switch|p2a: Amoonguss|Amoonguss, F, shiny|99/100
|move|p1a: Gengar|Shadow Ball|p2a: Amoonguss
|-damage|p2a: Amoonguss|57/100
|
|upkeep
|turn|39
|
|t:|1758933356
|move|p1a: Gengar|Shadow Ball|p2a: Amoonguss
|-damage|p2a: Amoonguss|19/100
|move|p2a: Amoonguss|Foul Play|p1a: Gengar
|-supereffective|p1a: Gengar
|-damage|p1a: Gengar|59/100
|-start|p2a: Amoonguss|Disable|Foul Play|[from] ability: Cursed Body|[of] p1a: Gengar
|
|upkeep
|turn|40
|
|t:|1758933359
|switch|p2a: Gholdengo|Gholdengo, shiny|53/100
|move|p1a: Gengar|Shadow Ball|p2a: Gholdengo
|-supereffective|p2a: Gholdengo
|-damage|p2a: Gholdengo|0 fnt
|faint|p2a: Gholdengo
|
|upkeep
|
|t:|1758933362
|switch|p2a: Great Tusk|Great Tusk, shiny|100/100
|turn|41
|
|t:|1758933364
|move|p1a: Gengar|Shadow Ball|p2a: Great Tusk
|-damage|p2a: Great Tusk|39/100
|move|p2a: Great Tusk|Knock Off|p1a: Gengar
|-supereffective|p1a: Gengar
|-damage|p1a: Gengar|0 fnt
|-start|p2a: Great Tusk|Disable|Knock Off|[from] ability: Cursed Body|[of] p1a: Gengar
|-enditem|p1a: Gengar|Focus Sash|[from] move: Knock Off|[of] p2a: Great Tusk
|faint|p1a: Gengar
|
|upkeep
|
|t:|1758933367
|switch|p1a: Meowscarada|Meowscarada, M|84/100
|turn|42
|
|t:|1758933374
|-end|p2a: Great Tusk|Protosynthesis|[silent]
|switch|p2a: Amoonguss|Amoonguss, F, shiny|52/100
|move|p1a: Meowscarada|U-turn|p2a: Amoonguss
|-start|p1a: Meowscarada|typechange|Bug|[from] ability: Protean
|-damage|p2a: Amoonguss|15/100
|
|t:|1758933381
|switch|p1a: Conkeldurr|Conkeldurr, M|48/100|[from] U-turn
|
|-heal|p1a: Conkeldurr|54/100|[from] item: Leftovers
|upkeep
|turn|43
|
|t:|1758933383
|switch|p2a: Clefable|Clefable, M, shiny|72/100
|move|p1a: Conkeldurr|Ice Punch|p2a: Clefable
|-damage|p2a: Clefable|50/100
|
|-heal|p2a: Clefable|56/100|[from] item: Leftovers
|-heal|p1a: Conkeldurr|60/100|[from] item: Leftovers
|upkeep
|turn|44
|
|t:|1758933388
|move|p2a: Clefable|Moonlight|p2a: Clefable
|-heal|p2a: Clefable|100/100
|move|p1a: Conkeldurr|Ice Punch|p2a: Clefable
|-damage|p2a: Clefable|79/100
|
|-heal|p2a: Clefable|85/100|[from] item: Leftovers
|-heal|p1a: Conkeldurr|67/100|[from] item: Leftovers
|upkeep
|turn|45
|
|t:|1758933393
|switch|p1a: Zapdos|Zapdos|94/100 tox
|move|p2a: Clefable|Thunder Wave|p1a: Zapdos|[miss]
|-miss|p2a: Clefable|p1a: Zapdos
|
|-heal|p2a: Clefable|91/100|[from] item: Leftovers
|-damage|p1a: Zapdos|88/100 tox|[from] psn
|upkeep
|turn|46
|
|t:|1758933395
|move|p1a: Zapdos|Discharge|p2a: Clefable
|-damage|p2a: Clefable|58/100
|move|p2a: Clefable|Stealth Rock|p1a: Zapdos
|-sidestart|p1: leezee-yy|move: Stealth Rock
|
|-heal|p2a: Clefable|64/100|[from] item: Leftovers
|-damage|p1a: Zapdos|75/100 tox|[from] psn
|upkeep
|turn|47
|
|t:|1758933399
|move|p1a: Zapdos|Discharge|p2a: Clefable
|-damage|p2a: Clefable|31/100
|move|p2a: Clefable|Moonlight|p2a: Clefable
|-heal|p2a: Clefable|81/100
|
|-heal|p2a: Clefable|88/100|[from] item: Leftovers
|-damage|p1a: Zapdos|57/100 tox|[from] psn
|upkeep
|turn|48
|
|t:|1758933403
|switch|p1a: Meowscarada|Meowscarada, M|84/100
|-damage|p1a: Meowscarada|71/100|[from] Stealth Rock
|switch|p2a: Great Tusk|Great Tusk, shiny|39/100
|
|upkeep
|turn|49
|
|t:|1758933407
|-end|p2a: Great Tusk|Protosynthesis|[silent]
|switch|p2a: Amoonguss|Amoonguss, F, shiny|49/100
|move|p1a: Meowscarada|Flower Trick|p2a: Amoonguss
|-start|p1a: Meowscarada|typechange|Grass|[from] ability: Protean
|-resisted|p2a: Amoonguss
|-crit|p2a: Amoonguss
|-damage|p2a: Amoonguss|35/100
|
|upkeep
|turn|50
|
|t:|1758933414
|switch|p1a: Conkeldurr|Conkeldurr, M|67/100
|-damage|p1a: Conkeldurr|60/100|[from] Stealth Rock
|move|p2a: Amoonguss|Giga Drain|p1a: Conkeldurr
|-damage|p1a: Conkeldurr|34/100
|-heal|p2a: Amoonguss|48/100|[from] drain|[of] p1a: Conkeldurr
|
|-heal|p1a: Conkeldurr|40/100|[from] item: Leftovers
|upkeep
|turn|51
|
|t:|1758933417
|switch|p2a: Clefable|Clefable, M, shiny|88/100
|move|p1a: Conkeldurr|Defog|p2a: Clefable
|-unboost|p2a: Clefable|evasion|1
|-sideend|p1: leezee-yy|Stealth Rock|[from] move: Defog|[of] p1a: Conkeldurr
|
|-heal|p2a: Clefable|94/100|[from] item: Leftovers
|-heal|p1a: Conkeldurr|46/100|[from] item: Leftovers
|upkeep
|turn|52
|
|t:|1758933423
|move|p2a: Clefable|Stealth Rock|p1a: Conkeldurr
|-sidestart|p1: leezee-yy|move: Stealth Rock
|move|p1a: Conkeldurr|Ice Punch|p2a: Clefable
|-crit|p2a: Clefable
|-damage|p2a: Clefable|57/100
|
|-heal|p2a: Clefable|63/100|[from] item: Leftovers
|-heal|p1a: Conkeldurr|52/100|[from] item: Leftovers
|upkeep
|turn|53
|
|t:|1758933426
|move|p2a: Clefable|Moonblast|p1a: Conkeldurr
|-supereffective|p1a: Conkeldurr
|-damage|p1a: Conkeldurr|0 fnt
|faint|p1a: Conkeldurr
|
|-heal|p2a: Clefable|69/100|[from] item: Leftovers
|upkeep
|
|t:|1758933429
|switch|p1a: Meowscarada|Meowscarada, M|71/100
|-damage|p1a: Meowscarada|59/100|[from] Stealth Rock
|turn|54
|
|t:|1758933435
|move|p1a: Meowscarada|Knock Off|p2a: Clefable
|-start|p1a: Meowscarada|typechange|Dark|[from] ability: Protean
|-resisted|p2a: Clefable
|-damage|p2a: Clefable|43/100
|-enditem|p2a: Clefable|Leftovers|[from] move: Knock Off|[of] p1a: Meowscarada
|move|p2a: Clefable|Moonblast|p1a: Meowscarada
|-supereffective|p1a: Meowscarada
|-damage|p1a: Meowscarada|0 fnt
|faint|p1a: Meowscarada
|
|upkeep
|-message|leezee-yy forfeited.
|
|win|jojosworld
|raw|leezee-yy's rating: 1627 &rarr; <strong>1605</strong><br />(-22 for losing)
|raw|jojosworld's rating: 1596 &rarr; <strong>1618</strong><br />(+22 for winning)
|l|☆leezee-yy
|player|p1|
