|j|☆Lolgasm
|j|☆Paperm47
|t:|1758948816
|gametype|singles
|player|p1|Lolgasm|101|1460
|player|p2|Paperm47|ash-sinnoh|1471
|gen|9
|tier|[Gen 9] OU
|rated|
|rule|HP Percentage Mod: HP is shown in percentages
|rule|Endless Battle Clause: Forcing endless battles is banned
|rule|Species Clause: Limit one of each Pokémon
|rule|OHKO Clause: OHKO moves are banned
|rule|Evasion Items Clause: Evasion items are banned
|rule|Evasion Moves Clause: Evasion moves are banned
|rule|Evasion Abilities Clause: Evasion abilities are banned
|rule|Sleep Moves Clause: Sleep-inducing moves are banned
|clearpoke
|poke|p1|Ninetales, M|
|poke|p1|Walking Wake|
|poke|p1|Hatterene, F|
|poke|p1|Great Tusk|
|poke|p1|Comfey, F|
|poke|p1|Ceruledge, M|
|poke|p2|Weavile, M|
|poke|p2|Latios, M|
|poke|p2|Zapdos|
|poke|p2|Scizor, M|
|poke|p2|Dragapult, M|
|poke|p2|Great Tusk|
|teampreview
|inactive|Battle timer is ON: inactive players will automatically lose when time's up. (requested by Lolgasm)
|
|t:|1758948840
|teamsize|p1|6
|teamsize|p2|6
|start
|switch|p1a: Daydream|Ninetales, M, shiny|100/100
|switch|p2a: Dragapult|Dragapult, M|100/100
|-weather|SunnyDay|[from] ability: Drought|[of] p1a: Daydream
|turn|1
|
|t:|1758948852
|switch|p1a: Duko|Hatterene, F, shiny|100/100
|move|p2a: Dragapult|Shadow Ball|p1a: Duko
|-supereffective|p1a: Duko
|-damage|p1a: Duko|0 fnt
|faint|p1a: Duko
|
|-weather|SunnyDay|[upkeep]
|upkeep
|
|t:|1758948863
|switch|p1a: Mr. Banana|Walking Wake|100/100
|-activate|p1a: Mr. Banana|ability: Protosynthesis
|-start|p1a: Mr. Banana|protosynthesisspe
|turn|2
|inactive|Lolgasm has 120 seconds left.
|
|t:|1758948890
|switch|p2a: Scizor|Scizor, M|100/100
|-terastallize|p1a: Mr. Banana|Water
|move|p1a: Mr. Banana|Hydro Steam|p2a: Scizor
|-damage|p2a: Scizor|0 fnt
|faint|p2a: Scizor
|
|-weather|SunnyDay|[upkeep]
|upkeep
|
|t:|1758948912
|switch|p2a: Dragapult|Dragapult, M|100/100
|turn|3
|
|t:|1758948920
|move|p1a: Mr. Banana|Hydro Steam|p2a: Dragapult
|-resisted|p2a: Dragapult
|-damage|p2a: Dragapult|17/100
|move|p2a: Dragapult|Draco Meteor|p1a: Mr. Banana
|-damage|p1a: Mr. Banana|0 fnt
|-unboost|p2a: Dragapult|spa|2
|faint|p1a: Mr. Banana
|-end|p1a: Mr. Banana|Protosynthesis|[silent]
|
|-weather|SunnyDay|[upkeep]
|upkeep
|
|t:|1758948927
|switch|p1a: Asmi|Comfey, F, shiny|100/100
|turn|4
|
|t:|1758948939
|switch|p2a: Zapdos|Zapdos|100/100
|move|p1a: Asmi|Growth|p1a: Asmi
|-boost|p1a: Asmi|atk|2
|-boost|p1a: Asmi|spa|2
|
|-weather|SunnyDay|[upkeep]
|upkeep
|turn|5
|
|t:|1758948944
|move|p1a: Asmi|Draining Kiss|p2a: Zapdos
|-damage|p2a: Zapdos|52/100
|-damage|p1a: Asmi|91/100|[from] item: Life Orb
|move|p2a: Zapdos|Discharge|p1a: Asmi
|-damage|p1a: Asmi|50/100
|
|-weather|SunnyDay|[upkeep]
|upkeep
|turn|6
|
|t:|1758948963
|move|p1a: Asmi|Draining Kiss|p2a: Zapdos
|-damage|p2a: Zapdos|8/100
|-heal|p1a: Asmi|92/100|[from] drain|[of] p2a: Zapdos
|-damage|p1a: Asmi|82/100|[from] item: Life Orb
|move|p2a: Zapdos|Discharge|p1a: Asmi
|-damage|p1a: Asmi|43/100
|-status|p1a: Asmi|par
|
|-weather|SunnyDay|[upkeep]
|upkeep
|turn|7
|
|t:|1758948971
|cant|p1a: Asmi|par
|move|p2a: Zapdos|Discharge|p1a: Asmi
|-damage|p1a: Asmi|0 fnt
|faint|p1a: Asmi
|
|-weather|SunnyDay|[upkeep]
|upkeep
|
|t:|1758948984
|switch|p1a: Luisin|Great Tusk|100/100
|-activate|p1a: Luisin|ability: Protosynthesis
|-start|p1a: Luisin|protosynthesisatk
|turn|8
|
|t:|1758948995
|move|p1a: Luisin|Rapid Spin|p2a: Zapdos
|-damage|p2a: Zapdos|0 fnt
|-boost|p1a: Luisin|spe|1
|-status|p1a: Luisin|par|[from] ability: Static|[of] p2a: Zapdos
|faint|p2a: Zapdos
|-damage|p1a: Luisin|90/100 par|[from] item: Life Orb
|
|-weather|none
|-end|p1a: Luisin|Protosynthesis
|upkeep
|
|t:|1758949000
|switch|p2a: Latios|Latios, M|100/100
|turn|9
|c|☆Lolgasm|Wow really static too
|
|t:|1758949022
|move|p2a: Latios|Luster Purge|p1a: Luisin
|-supereffective|p1a: Luisin
|-damage|p1a: Luisin|0 fnt
|faint|p1a: Luisin
|-end|p1a: Luisin|Protosynthesis|[silent]
|
|upkeep
|
|t:|1758949025
|switch|p1a: Daydream|Ninetales, M, shiny|100/100
|-weather|SunnyDay|[from] ability: Drought|[of] p1a: Daydream
|turn|10
|
|t:|1758949036
|move|p2a: Latios|Luster Purge|p1a: Daydream
|-damage|p1a: Daydream|52/100
|move|p1a: Daydream|Will-O-Wisp|p2a: Latios
|-status|p2a: Latios|brn
|
|-weather|SunnyDay|[upkeep]
|-damage|p2a: Latios|95/100 brn|[from] brn
|upkeep
|turn|11
|
|t:|1758949053
|move|p2a: Latios|Luster Purge|p1a: Daydream
|-damage|p1a: Daydream|3/100
|-unboost|p1a: Daydream|spd|1
|move|p1a: Daydream|Weather Ball|p2a: Latios
|-resisted|p2a: Latios
|-damage|p2a: Latios|70/100 brn
|
|-weather|SunnyDay|[upkeep]
|-damage|p2a: Latios|64/100 brn|[from] brn
|upkeep
|turn|12
|
|t:|1758949059
|move|p2a: Latios|Luster Purge|p1a: Daydream
|-damage|p1a: Daydream|0 fnt
|faint|p1a: Daydream
|
|-weather|SunnyDay|[upkeep]
|-damage|p2a: Latios|58/100 brn|[from] brn
|upkeep
|
|t:|1758949061
|switch|p1a: Glass Shadows|Ceruledge, M, shiny|100/100
|turn|13
|
|t:|1758949071
|move|p2a: Latios|Luster Purge|p1a: Glass Shadows
|-damage|p1a: Glass Shadows|43/100
|move|p1a: Glass Shadows|Poltergeist|p2a: Latios
|-activate|p2a: Latios|move: Poltergeist|Choice Scarf
|-supereffective|p2a: Latios
|-damage|p2a: Latios|0 fnt
|faint|p2a: Latios
|
|-weather|SunnyDay|[upkeep]
|upkeep
|
|t:|1758949076
|switch|p2a: Weavile|Weavile, M|100/100
|-ability|p2a: Weavile|Pressure
|turn|14
|
|t:|1758949082
|move|p2a: Weavile|Knock Off|p1a: Glass Shadows
|-supereffective|p1a: Glass Shadows
|-damage|p1a: Glass Shadows|0 fnt
|-enditem|p1a: Glass Shadows|Weakness Policy|[from] move: Knock Off|[of] p2a: Weavile
|faint|p1a: Glass Shadows
|
|win|Paperm47
|raw|Lolgasm's rating: 1460 &rarr; <strong>1440</strong><br />(-20 for losing)
|raw|Paperm47's rating: 1456 &rarr; <strong>1476</strong><br />(+20 for winning)
|l|☆Lolgasm
|player|p1|
