|j|☆wiggilydiggily
|j|☆Tumbletown
|t:|1758997124
|gametype|singles
|player|p1|wiggilydiggily|169|1575
|player|p2|Tumbletown|hilda|1629
|gen|9
|tier|[Gen 9] OU
|rated|
|rule|HP Percentage Mod: HP is shown in percentages
|rule|Endless Battle Clause: Forcing endless battles is banned
|rule|Species Clause: Limit one of each Pokémon
|rule|OHKO Clause: OHKO moves are banned
|rule|Evasion Items Clause: Evasion items are banned
|rule|Evasion Moves Clause: Evasion moves are banned
|rule|Evasion Abilities Clause: Evasion abilities are banned
|rule|Sleep Moves Clause: Sleep-inducing moves are banned
|clearpoke
|poke|p1|Glimmora, F|
|poke|p1|Zamazenta-*|
|poke|p1|Iron Crown|
|poke|p1|Lycanroc-Dusk, F|
|poke|p1|Kyurem|
|poke|p1|Rillaboom, M|
|poke|p2|Barraskewda, M|
|poke|p2|Pelipper, F|
|poke|p2|Raging Bolt|
|poke|p2|Iron Treads|
|poke|p2|Zapdos|
|poke|p2|Indeedee, M|
|teampreview
|
|t:|1758997139
|teamsize|p1|6
|teamsize|p2|6
|start
|switch|p1a: Glimmora|Glimmora, F|100/100
|switch|p2a: Iron Treads|Iron Treads|100/100
|-item|p2a: Iron Treads|Air Balloon
|turn|1
|
|t:|1758997148
|move|p1a: Glimmora|Power Gem|p2a: Iron Treads
|-resisted|p2a: Iron Treads
|-damage|p2a: Iron Treads|93/100
|-enditem|p2a: Iron Treads|Air Balloon
|move|p2a: Iron Treads|Earthquake|p1a: Glimmora
|-supereffective|p1a: Glimmora
|-enditem|p1a: Glimmora|Focus Sash
|-damage|p1a: Glimmora|1/100
|-activate|p1a: Glimmora|ability: Toxic Debris
|-sidestart|p2: Tumbletown|move: Toxic Spikes
|
|upkeep
|turn|2
|
|t:|1758997155
|move|p1a: Glimmora|Earth Power|p2a: Iron Treads
|-supereffective|p2a: Iron Treads
|-damage|p2a: Iron Treads|39/100
|move|p2a: Iron Treads|Rapid Spin|p1a: Glimmora
|-resisted|p1a: Glimmora
|-damage|p1a: Glimmora|0 fnt
|-boost|p2a: Iron Treads|spe|1
|-activate|p1a: Glimmora|ability: Toxic Debris
|-sidestart|p2: Tumbletown|move: Toxic Spikes
|-sideend|p2: Tumbletown|Toxic Spikes|[from] move: Rapid Spin|[of] p2a: Iron Treads
|faint|p1a: Glimmora
|
|upkeep
|
|t:|1758997174
|switch|p1a: Rillaboom|Rillaboom, M|100/100
|-fieldstart|move: Grassy Terrain|[from] ability: Grassy Surge|[of] p1a: Rillaboom
|turn|3
|
|t:|1758997181
|-end|p2a: Iron Treads|Quark Drive|[silent]
|switch|p2a: Raging Bolt|Raging Bolt|100/100
|move|p1a: Rillaboom|Wood Hammer|p2a: Raging Bolt
|-resisted|p2a: Raging Bolt
|-damage|p2a: Raging Bolt|49/100
|-damage|p1a: Rillaboom|78/100|[from] Recoil
|
|-heal|p1a: Rillaboom|84/100|[from] Grassy Terrain
|-heal|p2a: Raging Bolt|55/100|[from] Grassy Terrain
|upkeep
|turn|4
|
|t:|1758997195
|switch|p1a: Iron Crown|Iron Crown|100/100
|move|p2a: Raging Bolt|Draco Meteor|p1a: Iron Crown
|-resisted|p1a: Iron Crown
|-damage|p1a: Iron Crown|65/100
|-unboost|p2a: Raging Bolt|spa|2
|
|-heal|p1a: Iron Crown|71/100|[from] Grassy Terrain
|-heal|p2a: Raging Bolt|61/100|[from] Grassy Terrain
|upkeep
|turn|5
|
|t:|1758997213
|-end|p2a: Raging Bolt|Protosynthesis|[silent]
|switch|p2a: Iron Treads|Iron Treads|39/100
|move|p1a: Iron Crown|Psyshock|p2a: Iron Treads
|-resisted|p2a: Iron Treads
|-damage|p2a: Iron Treads|15/100
|
|-heal|p1a: Iron Crown|77/100|[from] Grassy Terrain
|-heal|p2a: Iron Treads|21/100|[from] Grassy Terrain
|upkeep
|turn|6
|
|t:|1758997221
|move|p1a: Iron Crown|Psyshock|p2a: Iron Treads
|-resisted|p2a: Iron Treads
|-damage|p2a: Iron Treads|0 fnt
|faint|p2a: Iron Treads
|-end|p2a: Iron Treads|Quark Drive|[silent]
|
|-heal|p1a: Iron Crown|84/100|[from] Grassy Terrain
|upkeep
|
|t:|1758997230
|switch|p2a: Barraskewda|Barraskewda, M, shiny|100/100
|turn|7
|
|t:|1758997238
|move|p2a: Barraskewda|Flip Turn|p1a: Iron Crown
|-damage|p1a: Iron Crown|28/100
|
|t:|1758997241
|switch|p2a: Raging Bolt|Raging Bolt|61/100|[from] Flip Turn
|move|p1a: Iron Crown|Psyshock|p2a: Raging Bolt
|-damage|p2a: Raging Bolt|11/100
|
|-heal|p1a: Iron Crown|34/100|[from] Grassy Terrain
|-heal|p2a: Raging Bolt|17/100|[from] Grassy Terrain
|-fieldend|move: Grassy Terrain
|upkeep
|turn|8
|inactive|Battle timer is ON: inactive players will automatically lose when time's up. (requested by wiggilydiggily)
|
|t:|1758997253
|-end|p1a: Iron Crown|Quark Drive|[silent]
|switch|p1a: Rillaboom|Rillaboom, M|84/100
|-fieldstart|move: Grassy Terrain|[from] ability: Grassy Surge|[of] p1a: Rillaboom
|move|p2a: Raging Bolt|Thunderclap||[still]
|-fail|p2a: Raging Bolt
|
|-heal|p1a: Rillaboom|90/100|[from] Grassy Terrain
|-heal|p2a: Raging Bolt|23/100|[from] Grassy Terrain
|upkeep
|turn|9
|
|t:|1758997266
|move|p2a: Raging Bolt|Thunderclap|p1a: Rillaboom
|-resisted|p1a: Rillaboom
|-damage|p1a: Rillaboom|64/100
|move|p1a: Rillaboom|Knock Off|p2a: Raging Bolt
|-crit|p2a: Raging Bolt
|-damage|p2a: Raging Bolt|0 fnt
|-enditem|p2a: Raging Bolt|Heavy-Duty Boots|[from] move: Knock Off|[of] p1a: Rillaboom
|faint|p2a: Raging Bolt
|-end|p2a: Raging Bolt|Protosynthesis|[silent]
|
|-heal|p1a: Rillaboom|70/100|[from] Grassy Terrain
|upkeep
|
|t:|1758997278
|switch|p2a: Zapdos|Zapdos|100/100
|turn|10
|
|t:|1758997285
|switch|p1a: Iron Crown|Iron Crown|34/100
|move|p2a: Zapdos|Hurricane|p1a: Iron Crown|[miss]
|-miss|p2a: Zapdos|p1a: Iron Crown
|
|-heal|p1a: Iron Crown|40/100|[from] Grassy Terrain
|upkeep
|turn|11
|
|t:|1758997301
|move|p2a: Zapdos|Thunder|p1a: Iron Crown
|-damage|p1a: Iron Crown|0 fnt
|faint|p1a: Iron Crown
|-end|p1a: Iron Crown|Quark Drive|[silent]
|
|upkeep
|
|t:|1758997304
|switch|p1a: Kyurem|Kyurem|100/100
|-ability|p1a: Kyurem|Pressure
|turn|12
|
|t:|1758997308
|move|p2a: Zapdos|Hurricane|p1a: Kyurem
|-damage|p1a: Kyurem|49/100
|move|p1a: Kyurem|Freeze-Dry|p2a: Zapdos
|-supereffective|p2a: Zapdos
|-damage|p2a: Zapdos|0 fnt
|faint|p2a: Zapdos
|
|-heal|p1a: Kyurem|55/100|[from] Grassy Terrain
|-fieldend|move: Grassy Terrain
|upkeep
|
|t:|1758997319
|switch|p2a: Indeedee|Indeedee, M|100/100
|-fieldstart|move: Psychic Terrain|[from] ability: Psychic Surge|[of] p2a: Indeedee
|turn|13
|
|t:|1758997325
|move|p2a: Indeedee|Expanding Force|p1a: Kyurem
|-damage|p1a: Kyurem|0 fnt
|faint|p1a: Kyurem
|
|upkeep
|
|t:|1758997334
|switch|p1a: Rillaboom|Rillaboom, M|70/100
|-fieldstart|move: Grassy Terrain|[from] ability: Grassy Surge|[of] p1a: Rillaboom
|turn|14
|
|t:|1758997338
|switch|p2a: Pelipper|Pelipper, F|100/100
|-weather|RainDance|[from] ability: Drizzle|[of] p2a: Pelipper
|move|p1a: Rillaboom|Grassy Glide|p2a: Pelipper
|-damage|p2a: Pelipper|55/100
|
|-weather|RainDance|[upkeep]
|-heal|p1a: Rillaboom|76/100|[from] Grassy Terrain
|upkeep
|turn|15
|
|t:|1758997353
|switch|p1a: Lycanroc|Lycanroc-Dusk, F|100/100
|-terastallize|p2a: Pelipper|Grass
|move|p2a: Pelipper|Roost|p2a: Pelipper
|-heal|p2a: Pelipper|100/100
|
|-weather|RainDance|[upkeep]
|upkeep
|turn|16
|
|t:|1758997367
|move|p1a: Lycanroc|Close Combat|p2a: Pelipper
|-damage|p2a: Pelipper|44/100
|-unboost|p1a: Lycanroc|def|1
|-unboost|p1a: Lycanroc|spd|1
|move|p2a: Pelipper|U-turn|p1a: Lycanroc
|-damage|p1a: Lycanroc|79/100
|
|t:|1758997370
|switch|p2a: Barraskewda|Barraskewda, M, shiny|100/100|[from] U-turn
|
|-weather|RainDance|[upkeep]
|-heal|p1a: Lycanroc|85/100|[from] Grassy Terrain
|upkeep
|turn|17
|
|t:|1758997381
|switch|p1a: Rillaboom|Rillaboom, M|76/100
|move|p2a: Barraskewda|Liquidation|p1a: Rillaboom
|-resisted|p1a: Rillaboom
|-damage|p1a: Rillaboom|18/100
|
|-weather|RainDance|[upkeep]
|-heal|p1a: Rillaboom|24/100|[from] Grassy Terrain
|upkeep
|turn|18
|
|t:|1758997395
|switch|p2a: Pelipper|Pelipper, F, tera:Grass|44/100
|move|p1a: Rillaboom|Knock Off|p2a: Pelipper
|-damage|p2a: Pelipper|1/100
|-enditem|p2a: Pelipper|Damp Rock|[from] move: Knock Off|[of] p1a: Rillaboom
|
|-weather|RainDance|[upkeep]
|-heal|p1a: Rillaboom|30/100|[from] Grassy Terrain
|-heal|p2a: Pelipper|7/100|[from] Grassy Terrain
|-fieldend|move: Grassy Terrain
|upkeep
|turn|19
|
|t:|1758997409
|move|p1a: Rillaboom|Knock Off|p2a: Pelipper
|-damage|p2a: Pelipper|0 fnt
|faint|p2a: Pelipper
|
|-weather|RainDance|[upkeep]
|upkeep
|
|t:|1758997430
|switch|p2a: Barraskewda|Barraskewda, M, shiny|100/100
|turn|20
|
|t:|1758997439
|switch|p1a: Lycanroc|Lycanroc-Dusk, F|85/100
|move|p2a: Barraskewda|Flip Turn|p1a: Lycanroc
|-supereffective|p1a: Lycanroc
|-damage|p1a: Lycanroc|0 fnt
|faint|p1a: Lycanroc
|
|t:|1758997442
|switch|p2a: Indeedee|Indeedee, M|100/100|[from] Flip Turn
|-fieldstart|move: Psychic Terrain|[from] ability: Psychic Surge|[of] p2a: Indeedee
|
|-weather|RainDance|[upkeep]
|upkeep
|
|t:|1758997451
|switch|p1a: Zamazenta|Zamazenta|100/100
|-ability|p1a: Zamazenta|Dauntless Shield|boost
|-boost|p1a: Zamazenta|def|1
|turn|21
|
|t:|1758997454
|-terastallize|p1a: Zamazenta|Dark
|move|p2a: Indeedee|Expanding Force|p1a: Zamazenta
|-immune|p1a: Zamazenta
|move|p1a: Zamazenta|Crunch|p2a: Indeedee
|-supereffective|p2a: Indeedee
|-damage|p2a: Indeedee|0 fnt
|faint|p2a: Indeedee
|
|-weather|none
|upkeep
|
|t:|1758997456
|switch|p2a: Barraskewda|Barraskewda, M, shiny|100/100
|turn|22
|c|☆Tumbletown|Gg
|
|t:|1758997463
|move|p1a: Zamazenta|Crunch|p2a: Barraskewda
|-damage|p2a: Barraskewda|0 fnt
|faint|p2a: Barraskewda
|
|win|wiggilydiggily
|raw|wiggilydiggily's rating: 1575 &rarr; <strong>1598</strong><br />(+23 for winning)
|raw|Tumbletown's rating: 1629 &rarr; <strong>1606</strong><br />(-23 for losing)
|l|☆Tumbletown
|player|p2|
|l|☆wiggilydiggily
|player|p1|
