|j|☆The Moz
|j|☆Trubbish's opp
|t:|1758950330
|gametype|singles
|player|p1|The Moz|brock|1284
|player|p2|Trubbish's opp|swimmer-gen4dp|1257
|gen|9
|tier|[Gen 9] OU
|rated|
|rule|HP Percentage Mod: HP is shown in percentages
|rule|Endless Battle Clause: Forcing endless battles is banned
|rule|Species Clause: Limit one of each Pokémon
|rule|OHKO Clause: OHKO moves are banned
|rule|Evasion Items Clause: Evasion items are banned
|rule|Evasion Moves Clause: Evasion moves are banned
|rule|Evasion Abilities Clause: Evasion abilities are banned
|rule|Sleep Moves Clause: Sleep-inducing moves are banned
|clearpoke
|poke|p1|Mew|
|poke|p1|Mimikyu, M|
|poke|p1|Mamoswine, M|
|poke|p1|Volcanion|
|poke|p1|Zapdos-Galar|
|poke|p1|Gardevoir, F|
|poke|p2|Gliscor, M|
|poke|p2|Slowking-Galar, F|
|poke|p2|Kyurem|
|poke|p2|Blaziken, F|
|poke|p2|Corviknight, F|
|poke|p2|Clefable, F|
|teampreview
|
|t:|1758950346
|teamsize|p1|6
|teamsize|p2|6
|start
|switch|p1a: Mew|Mew|100/100
|switch|p2a: Gliscor|Gliscor, M|100/100
|turn|1
|
|t:|1758950362
|move|p2a: Gliscor|Protect|p2a: Gliscor
|-singleturn|p2a: Gliscor|Protect
|move|p1a: Mew|Stealth Rock|p2a: Gliscor
|-sidestart|p2: Trubbish's opp|move: Stealth Rock
|
|-status|p2a: Gliscor|tox|[from] item: Toxic Orb
|upkeep
|turn|2
|
|t:|1758950378
|move|p1a: Mew|Spikes|p2a: Gliscor
|-sidestart|p2: Trubbish's opp|Spikes
|move|p2a: Gliscor|Toxic|p1a: Mew|[miss]
|-miss|p2a: Gliscor|p1a: Mew
|
|upkeep
|turn|3
|
|t:|1758950384
|move|p1a: Mew|Spikes|p2a: Gliscor
|-sidestart|p2: Trubbish's opp|Spikes
|move|p2a: Gliscor|U-turn|p1a: Mew
|-supereffective|p1a: Mew
|-damage|p1a: Mew|72/100
|
|t:|1758950391
|switch|p2a: Corviknight|Corviknight, F|100/100|[from] U-turn
|-ability|p2a: Corviknight|Pressure
|
|upkeep
|turn|4
|
|t:|1758950399
|move|p1a: Mew|Thunder Wave|p2a: Corviknight
|-status|p2a: Corviknight|par
|move|p2a: Corviknight|Defog|p1a: Mew
|-unboost|p1a: Mew|evasion|1
|-sideend|p2: Trubbish's opp|Spikes|[from] move: Defog|[of] p2a: Corviknight
|-sideend|p2: Trubbish's opp|Stealth Rock|[from] move: Defog|[of] p2a: Corviknight
|
|upkeep
|turn|5
|
|t:|1758950413
|switch|p2a: Gliscor|Gliscor, M|100/100 tox
|move|p1a: Mew|Stealth Rock|p2a: Gliscor
|-sidestart|p2: Trubbish's opp|move: Stealth Rock
|
|upkeep
|turn|6
|
|t:|1758950420
|move|p1a: Mew|Spikes|p2a: Gliscor
|-sidestart|p2: Trubbish's opp|Spikes
|move|p2a: Gliscor|Knock Off|p1a: Mew
|-supereffective|p1a: Mew
|-damage|p1a: Mew|33/100
|-enditem|p1a: Mew|Mental Herb|[from] move: Knock Off|[of] p2a: Gliscor
|
|upkeep
|turn|7
|
|t:|1758950427
|move|p1a: Mew|Spikes|p2a: Gliscor
|-sidestart|p2: Trubbish's opp|Spikes
|move|p2a: Gliscor|U-turn|p1a: Mew
|-supereffective|p1a: Mew
|-damage|p1a: Mew|6/100
|
|t:|1758950433
|switch|p2a: Corviknight|Corviknight, F|100/100 par|[from] U-turn
|-ability|p2a: Corviknight|Pressure
|
|upkeep
|turn|8
|
|t:|1758950446
|move|p1a: Mew|Knock Off|p2a: Corviknight
|-damage|p2a: Corviknight|81/100 par
|-enditem|p2a: Corviknight|Heavy-Duty Boots|[from] move: Knock Off|[of] p1a: Mew
|move|p2a: Corviknight|Defog|p1a: Mew
|-unboost|p1a: Mew|evasion|1
|-sideend|p2: Trubbish's opp|Spikes|[from] move: Defog|[of] p2a: Corviknight
|-sideend|p2: Trubbish's opp|Stealth Rock|[from] move: Defog|[of] p2a: Corviknight
|
|upkeep
|turn|9
|
|t:|1758950465
|move|p1a: Mew|Stealth Rock|p2a: Corviknight
|-sidestart|p2: Trubbish's opp|move: Stealth Rock
|move|p2a: Corviknight|Body Press|p1a: Mew
|-resisted|p1a: Mew
|-damage|p1a: Mew|0 fnt
|faint|p1a: Mew
|
|upkeep
|
|t:|1758950488
|switch|p1a: Volcanion|Volcanion|100/100
|turn|10
|
|t:|1758950503
|switch|p2a: Slowking|Slowking-Galar, F|100/100
|move|p1a: Volcanion|Taunt|p2a: Slowking
|-start|p2a: Slowking|move: Taunt
|
|upkeep
|turn|11
|
|t:|1758950529
|switch|p1a: Mamoswine|Mamoswine, M|100/100
|move|p2a: Slowking|Future Sight|p1a: Mamoswine
|-start|p2a: Slowking|move: Future Sight
|
|upkeep
|turn|12
|
|t:|1758950538
|switch|p2a: Corviknight|Corviknight, F|81/100 par
|-damage|p2a: Corviknight|69/100 par|[from] Stealth Rock
|-ability|p2a: Corviknight|Pressure
|move|p1a: Mamoswine|Knock Off|p2a: Corviknight
|-damage|p2a: Corviknight|42/100 par
|-damage|p1a: Mamoswine|91/100|[from] item: Life Orb
|
|upkeep
|turn|13
|
|t:|1758950552
|move|p1a: Mamoswine|Icicle Crash|p2a: Corviknight
|-damage|p2a: Corviknight|0 fnt
|faint|p2a: Corviknight
|-damage|p1a: Mamoswine|81/100|[from] item: Life Orb
|
|-end|p1a: Mamoswine|move: Future Sight
|-damage|p1a: Mamoswine|20/100
|upkeep
|
|t:|1758950566
|switch|p2a: Blaziken|Blaziken, F|100/100
|-damage|p2a: Blaziken|88/100|[from] Stealth Rock
|turn|14
|
|t:|1758950578
|move|p2a: Blaziken|Swords Dance|p2a: Blaziken
|-boost|p2a: Blaziken|atk|2
|move|p1a: Mamoswine|Earthquake|p2a: Blaziken
|-supereffective|p2a: Blaziken
|-damage|p2a: Blaziken|0 fnt
|faint|p2a: Blaziken
|-damage|p1a: Mamoswine|10/100|[from] item: Life Orb
|
|upkeep
|-message|Trubbish's opp forfeited.
|
|win|The Moz
|raw|The Moz's rating: 1284 &rarr; <strong>1307</strong><br />(+23 for winning)
|raw|Trubbish&apos;s opp's rating: 1257 &rarr; <strong>1234</strong><br />(-23 for losing)
|l|☆Trubbish's opp
|player|p2|
