|j|☆Attackthegoat
|j|☆HugoLeGoomer
|t:|1759003601
|gametype|singles
|player|p1|Attackthegoat|266|1270
|player|p2|HugoLeGoomer|veteran|1237
|gen|9
|tier|[Gen 9] OU
|rated|
|rule|HP Percentage Mod: HP is shown in percentages
|rule|Endless Battle Clause: Forcing endless battles is banned
|rule|Species Clause: Limit one of each Pokémon
|rule|OHKO Clause: OHKO moves are banned
|rule|Evasion Items Clause: Evasion items are banned
|rule|Evasion Moves Clause: Evasion moves are banned
|rule|Evasion Abilities Clause: Evasion abilities are banned
|rule|Sleep Moves Clause: Sleep-inducing moves are banned
|clearpoke
|poke|p1|Dragonite, M|
|poke|p1|Great Tusk|
|poke|p1|Latios, M|
|poke|p1|Gardevoir, F|
|poke|p1|Quaquaval, F|
|poke|p1|Galvantula, F|
|poke|p2|Sawsbuck-Autumn, M|
|poke|p2|Darkrai|
|poke|p2|Landorus-Therian, M|
|poke|p2|Comfey, M|
|poke|p2|Goodra-Hisui, F|
|poke|p2|Cinderace, M|
|teampreview
|
|t:|1759003621
|teamsize|p1|6
|teamsize|p2|6
|start
|switch|p1a: Quaquaval|Quaquaval, F|100/100
|switch|p2a: Landorus|Landorus-Therian, M|100/100
|-ability|p2a: Landorus|Intimidate|boost
|-unboost|p1a: Quaquaval|atk|1
|turn|1
|inactive|Battle timer is ON: inactive players will automatically lose when time's up. (requested by HugoLeGoomer)
|
|t:|1759003632
|switch|p1a: Gardevoir|Gardevoir, F|100/100
|-ability|p1a: Gardevoir|Intimidate|Trace|[from] ability: Trace|[of] p2a: Landorus
|-ability|p1a: Gardevoir|Intimidate|boost
|-unboost|p2a: Landorus|atk|1
|move|p2a: Landorus|U-turn|p1a: Gardevoir
|-damage|p1a: Gardevoir|71/100
|
|t:|1759003635
|switch|p2a: Goodra|Goodra-Hisui, F|100/100|[from] U-turn
|
|-heal|p1a: Gardevoir|77/100|[from] item: Leftovers
|upkeep
|turn|2
|
|t:|1759003647
|-terastallize|p1a: Gardevoir|Fire
|move|p1a: Gardevoir|Calm Mind|p1a: Gardevoir
|-boost|p1a: Gardevoir|spa|1
|-boost|p1a: Gardevoir|spd|1
|move|p2a: Goodra|Flash Cannon|p1a: Gardevoir
|-resisted|p1a: Gardevoir
|-damage|p1a: Gardevoir|65/100
|
|-heal|p1a: Gardevoir|71/100|[from] item: Leftovers
|upkeep
|turn|3
|
|t:|1759003653
|move|p1a: Gardevoir|Draining Kiss|p2a: Goodra
|-damage|p2a: Goodra|82/100
|-heal|p1a: Gardevoir|89/100|[from] drain|[of] p2a: Goodra
|move|p2a: Goodra|Earthquake|p1a: Gardevoir
|-supereffective|p1a: Gardevoir
|-damage|p1a: Gardevoir|13/100
|
|-heal|p1a: Gardevoir|19/100|[from] item: Leftovers
|upkeep
|turn|4
|
|t:|1759003658
|move|p1a: Gardevoir|Mystical Fire|p2a: Goodra
|-crit|p2a: Goodra
|-damage|p2a: Goodra|44/100
|-unboost|p2a: Goodra|spa|1
|move|p2a: Goodra|Earthquake|p1a: Gardevoir
|-supereffective|p1a: Gardevoir
|-damage|p1a: Gardevoir|0 fnt
|faint|p1a: Gardevoir
|
|upkeep
|
|t:|1759003663
|switch|p1a: Great Tusk|Great Tusk|100/100
|-enditem|p1a: Great Tusk|Booster Energy
|-activate|p1a: Great Tusk|ability: Protosynthesis|[fromitem]
|-start|p1a: Great Tusk|protosynthesisatk
|turn|5
|
|t:|1759003668
|switch|p2a: Landorus|Landorus-Therian, M|100/100
|-ability|p2a: Landorus|Intimidate|boost
|-unboost|p1a: Great Tusk|atk|1
|move|p1a: Great Tusk|Rapid Spin|p2a: Landorus
|-damage|p2a: Landorus|81/100
|-boost|p1a: Great Tusk|spe|1
|
|-heal|p2a: Landorus|87/100|[from] item: Leftovers
|upkeep
|turn|6
|
|t:|1759003675
|move|p1a: Great Tusk|Ice Spinner|p2a: Landorus
|-supereffective|p2a: Landorus
|-crit|p2a: Landorus
|-damage|p2a: Landorus|0 fnt
|faint|p2a: Landorus
|
|upkeep
|
|t:|1759003684
|switch|p2a: Comfey|Comfey, M|100/100
|turn|7
|
|t:|1759003698
|-end|p1a: Great Tusk|Protosynthesis|[silent]
|switch|p1a: Quaquaval|Quaquaval, F|100/100
|move|p2a: Comfey|Calm Mind|p2a: Comfey
|-boost|p2a: Comfey|spa|1
|-boost|p2a: Comfey|spd|1
|
|upkeep
|turn|8
|
|t:|1759003710
|move|p2a: Comfey|Draining Kiss|p1a: Quaquaval
|-supereffective|p1a: Quaquaval
|-damage|p1a: Quaquaval|24/100
|move|p1a: Quaquaval|Aqua Step|p2a: Comfey
|-damage|p2a: Comfey|15/100
|-boost|p1a: Quaquaval|spe|1
|
|-heal|p2a: Comfey|21/100|[from] item: Leftovers
|upkeep
|turn|9
|
|t:|1759003713
|move|p2a: Comfey|Draining Kiss|p1a: Quaquaval
|-supereffective|p1a: Quaquaval
|-damage|p1a: Quaquaval|0 fnt
|-heal|p2a: Comfey|43/100|[from] drain|[of] p1a: Quaquaval
|faint|p1a: Quaquaval
|
|-heal|p2a: Comfey|49/100|[from] item: Leftovers
|upkeep
|
|t:|1759003742
|switch|p1a: Dragonite|Dragonite, M|100/100
|turn|10
|
|t:|1759003759
|move|p1a: Dragonite|Extreme Speed|p2a: Comfey
|-damage|p2a: Comfey|0 fnt
|faint|p2a: Comfey
|
|upkeep
|
|t:|1759003765
|switch|p2a: Darkrai|Darkrai|100/100
|turn|11
|
|t:|1759003774
|move|p2a: Darkrai|Ice Beam|p1a: Dragonite
|-supereffective|p1a: Dragonite
|-damage|p1a: Dragonite|40/100
|-status|p1a: Dragonite|frz
|-enditem|p1a: Dragonite|Weakness Policy
|-boost|p1a: Dragonite|atk|2|[from] item: Weakness Policy
|-boost|p1a: Dragonite|spa|2|[from] item: Weakness Policy
|cant|p1a: Dragonite|frz
|
|upkeep
|turn|12
|
|t:|1759003782
|cant|p1a: Dragonite|frz
|move|p2a: Darkrai|Ice Beam|p1a: Dragonite
|-supereffective|p1a: Dragonite
|-damage|p1a: Dragonite|0 fnt
|faint|p1a: Dragonite
|
|upkeep
|inactive|Attackthegoat has 120 seconds left.
|
|t:|1759003817
|switch|p1a: Galvantula|Galvantula, F|100/100
|turn|13
|
|t:|1759003822
|switch|p2a: Goodra|Goodra-Hisui, F|44/100
|move|p1a: Galvantula|Bug Buzz|p2a: Goodra
|-resisted|p2a: Goodra
|-damage|p2a: Goodra|34/100
|
|upkeep
|turn|14
|
|t:|1759003828
|move|p1a: Galvantula|Sticky Web|p2a: Goodra
|-sidestart|p2: HugoLeGoomer|move: Sticky Web
|move|p2a: Goodra|Fire Blast|p1a: Galvantula
|-supereffective|p1a: Galvantula
|-enditem|p1a: Galvantula|Focus Sash
|-damage|p1a: Galvantula|1/100
|-status|p1a: Galvantula|brn
|
|-damage|p1a: Galvantula|0 fnt|[from] brn
|faint|p1a: Galvantula
|upkeep
|inactive|Attackthegoat has 120 seconds left.
|
|t:|1759003876
|switch|p1a: Great Tusk|Great Tusk|100/100
|turn|15
|
|t:|1759003883
|move|p1a: Great Tusk|Earthquake|p2a: Goodra
|-supereffective|p2a: Goodra
|-damage|p2a: Goodra|0 fnt
|faint|p2a: Goodra
|
|upkeep
|
|t:|1759003889
|switch|p2a: Cinderace|Cinderace, M|100/100
|turn|16
|
|t:|1759003900
|move|p2a: Cinderace|Court Change|p2a: Cinderace
|-start|p2a: Cinderace|typechange|Normal|[from] ability: Libero
|-swapsideconditions
|-activate|p2a: Cinderace|move: Court Change
|move|p1a: Great Tusk|Earthquake|p2a: Cinderace
|-damage|p2a: Cinderace|16/100
|
|upkeep
|turn|17
|
|t:|1759003907
|move|p2a: Cinderace|Pyro Ball|p1a: Great Tusk
|-damage|p1a: Great Tusk|76/100
|move|p1a: Great Tusk|Rapid Spin|p2a: Cinderace
|-damage|p2a: Cinderace|0 fnt
|-boost|p1a: Great Tusk|spe|1
|-sideend|p1: Attackthegoat|Sticky Web|[from] move: Rapid Spin|[of] p1a: Great Tusk
|faint|p2a: Cinderace
|
|upkeep
|
|t:|1759003914
|switch|p2a: Darkrai|Darkrai|100/100
|turn|18
|
|t:|1759003924
|-terastallize|p2a: Darkrai|Poison
|move|p2a: Darkrai|Ice Beam|p1a: Great Tusk
|-supereffective|p1a: Great Tusk
|-damage|p1a: Great Tusk|0 fnt
|faint|p1a: Great Tusk
|-end|p1a: Great Tusk|Protosynthesis|[silent]
|
|upkeep
|
|t:|1759003931
|switch|p1a: Latios|Latios, M|100/100
|turn|19
|
|t:|1759003933
|move|p2a: Darkrai|Ice Beam|p1a: Latios
|-supereffective|p1a: Latios
|-damage|p1a: Latios|38/100
|move|p1a: Latios|Psychic Noise|p2a: Darkrai
|-supereffective|p2a: Darkrai
|-damage|p2a: Darkrai|0 fnt
|faint|p2a: Darkrai
|
|upkeep
|
|t:|1759003936
|switch|p2a: Sawsbuck|Sawsbuck-Autumn, M|100/100
|turn|20
|inactive|Attackthegoat has 120 seconds left.
|
|t:|1759003976
|move|p1a: Latios|Psychic Noise|p2a: Sawsbuck
|-damage|p2a: Sawsbuck|34/100
|-start|p2a: Sawsbuck|move: Heal Block
|move|p2a: Sawsbuck|Headbutt|p1a: Latios
|-damage|p1a: Latios|0 fnt
|faint|p1a: Latios
|-damage|p2a: Sawsbuck|24/100|[from] item: Life Orb
|
|win|HugoLeGoomer
|raw|Attackthegoat's rating: 1270 &rarr; <strong>1243</strong><br />(-27 for losing)
|raw|HugoLeGoomer's rating: 1237 &rarr; <strong>1264</strong><br />(+27 for winning)
|l|☆Attackthegoat
|player|p1|
|l|☆HugoLeGoomer
|player|p2|
