|j|☆xHAKAI
|j|☆Shimeon91
|t:|1758989901
|gametype|singles
|player|p1|xHAKAI|red|1322
|player|p2|Shimeon91|102|1310
|gen|9
|tier|[Gen 9] OU
|rated|
|rule|HP Percentage Mod: HP is shown in percentages
|rule|Endless Battle Clause: Forcing endless battles is banned
|rule|Species Clause: Limit one of each Pokémon
|rule|OHKO Clause: OHKO moves are banned
|rule|Evasion Items Clause: Evasion items are banned
|rule|Evasion Moves Clause: Evasion moves are banned
|rule|Evasion Abilities Clause: Evasion abilities are banned
|rule|Sleep Moves Clause: Sleep-inducing moves are banned
|clearpoke
|poke|p1|Ting-Lu|
|poke|p1|Ogerpon-Wellspring, F|
|poke|p1|Raging Bolt|
|poke|p1|Iron Moth|
|poke|p1|Iron Valiant|
|poke|p1|Gholdengo|
|poke|p2|Cetitan, F|
|poke|p2|Infernape, M|
|poke|p2|Pecharunt|
|poke|p2|Toxicroak, M|
|poke|p2|Slowking-Galar, M|
|poke|p2|Glimmora, F|
|teampreview
|inactive|Battle timer is ON: inactive players will automatically lose when time's up. (requested by Shimeon91)
|
|t:|1758989916
|teamsize|p1|6
|teamsize|p2|6
|start
|switch|p1a: Gholdengo|Gholdengo|100/100
|switch|p2a: Cetitan|Cetitan, F, shiny|100/100
|turn|1
|
|t:|1758989922
|move|p1a: Gholdengo|Make It Rain|p2a: Cetitan
|-supereffective|p2a: Cetitan
|-damage|p2a: Cetitan|0 fnt
|-unboost|p1a: Gholdengo|spa|1
|faint|p2a: Cetitan
|
|upkeep
|
|t:|1758989930
|switch|p2a: Infernape|Infernape, M|100/100
|turn|2
|
|t:|1758989936
|switch|p1a: Iron Moth|Iron Moth|100/100
|-enditem|p1a: Iron Moth|Booster Energy
|-activate|p1a: Iron Moth|ability: Quark Drive|[fromitem]
|-start|p1a: Iron Moth|quarkdrivespe
|move|p2a: Infernape|Calm Mind|p2a: Infernape
|-boost|p2a: Infernape|spa|1
|-boost|p2a: Infernape|spd|1
|
|upkeep
|turn|3
|
|t:|1758989946
|-terastallize|p1a: Iron Moth|Ground
|move|p1a: Iron Moth|Tera Blast|p2a: Infernape|[anim] Tera Blast Ground
|-supereffective|p2a: Infernape
|-damage|p2a: Infernape|20/100
|move|p2a: Infernape|Flamethrower|p1a: Iron Moth
|-damage|p1a: Iron Moth|10/100
|
|upkeep
|turn|4
|
|t:|1758989955
|move|p2a: Infernape|Vacuum Wave|p1a: Iron Moth
|-damage|p1a: Iron Moth|0 fnt
|faint|p1a: Iron Moth
|-end|p1a: Iron Moth|Quark Drive|[silent]
|
|upkeep
|
|t:|1758989962
|switch|p1a: Gholdengo|Gholdengo|100/100
|turn|5
|
|t:|1758989965
|switch|p2a: Slowking|Slowking-Galar, M|100/100
|move|p1a: Gholdengo|Shadow Ball|p2a: Slowking
|-supereffective|p2a: Slowking
|-damage|p2a: Slowking|53/100
|
|upkeep
|turn|6
|
|t:|1758989974
|switch|p1a: Ting-Lu|Ting-Lu|100/100
|-ability|p1a: Ting-Lu|Vessel of Ruin
|-prepare|p2a: Slowking|Chilly Reception|[premajor]
|move|p2a: Slowking|Chilly Reception|p2a: Slowking
|-weather|Snowscape
|
|t:|1758989982
|switch|p2a: Glimmora|Glimmora, F|100/100|[from] Chilly Reception
|
|-weather|Snowscape|[upkeep]
|upkeep
|turn|7
|
|t:|1758989990
|move|p2a: Glimmora|Stealth Rock|p1a: Ting-Lu
|-sidestart|p1: xHAKAI|move: Stealth Rock
|move|p1a: Ting-Lu|Heavy Slam|p2a: Glimmora
|-supereffective|p2a: Glimmora
|-damage|p2a: Glimmora|24/100
|-activate|p2a: Glimmora|ability: Toxic Debris
|-sidestart|p1: xHAKAI|move: Toxic Spikes
|
|-weather|Snowscape|[upkeep]
|upkeep
|turn|8
|
|t:|1758990000
|move|p2a: Glimmora|Mortal Spin|p1a: Ting-Lu
|-resisted|p1a: Ting-Lu
|-damage|p1a: Ting-Lu|99/100
|-status|p1a: Ting-Lu|psn
|-enditem|p1a: Ting-Lu|Red Card|[of] p2a: Glimmora
|drag|p2a: Toxicroak|Toxicroak, M|100/100
|-item|p2a: Toxicroak|Air Balloon
|move|p1a: Ting-Lu|Stealth Rock|p2a: Toxicroak
|-sidestart|p2: Shimeon91|move: Stealth Rock
|
|-weather|Snowscape|[upkeep]
|-damage|p1a: Ting-Lu|86/100 psn|[from] psn
|upkeep
|turn|9
|
|t:|1758990014
|switch|p2a: Glimmora|Glimmora, F|24/100
|-damage|p2a: Glimmora|12/100|[from] Stealth Rock
|move|p1a: Ting-Lu|Ruination|p2a: Glimmora
|-damage|p2a: Glimmora|6/100
|
|-weather|Snowscape|[upkeep]
|-damage|p1a: Ting-Lu|74/100 psn|[from] psn
|upkeep
|turn|10
|
|t:|1758990026
|move|p2a: Glimmora|Earth Power|p1a: Ting-Lu
|-damage|p1a: Ting-Lu|58/100 psn
|move|p1a: Ting-Lu|Heavy Slam|p2a: Glimmora
|-supereffective|p2a: Glimmora
|-damage|p2a: Glimmora|0 fnt
|-activate|p2a: Glimmora|ability: Toxic Debris
|-sidestart|p1: xHAKAI|move: Toxic Spikes
|faint|p2a: Glimmora
|
|-weather|none
|-damage|p1a: Ting-Lu|45/100 psn|[from] psn
|upkeep
|
|t:|1758990043
|switch|p2a: Toxicroak|Toxicroak, M|100/100
|-damage|p2a: Toxicroak|94/100|[from] Stealth Rock
|-item|p2a: Toxicroak|Air Balloon
|turn|11
|
|t:|1758990048
|move|p2a: Toxicroak|Close Combat|p1a: Ting-Lu
|-supereffective|p1a: Ting-Lu
|-damage|p1a: Ting-Lu|0 fnt
|-unboost|p2a: Toxicroak|def|1
|-unboost|p2a: Toxicroak|spd|1
|faint|p1a: Ting-Lu
|
|upkeep
|
|t:|1758990052
|switch|p1a: Flying Raijin|Raging Bolt|100/100
|-damage|p1a: Flying Raijin|88/100|[from] Stealth Rock
|-status|p1a: Flying Raijin|tox
|-enditem|p1a: Flying Raijin|Booster Energy
|-activate|p1a: Flying Raijin|ability: Protosynthesis|[fromitem]
|-start|p1a: Flying Raijin|protosynthesisspa
|turn|12
|
|t:|1758990062
|switch|p2a: Slowking|Slowking-Galar, M|87/100
|move|p1a: Flying Raijin|Thunderbolt|p2a: Slowking
|-crit|p2a: Slowking
|-damage|p2a: Slowking|29/100
|
|-damage|p1a: Flying Raijin|82/100 tox|[from] psn
|upkeep
|turn|13
|l|☆Shimeon91
|inactive|Shimeon91 disconnected and has a minute to reconnect!
|player|p2|
|j|☆Shimeon91
|inactive|Shimeon91 reconnected and has 130 seconds left.
|player|p2|Shimeon91|102|
|
|t:|1758990084
|switch|p2a: Infernape|Infernape, M|20/100
|move|p1a: Flying Raijin|Thunderbolt|p2a: Infernape
|-damage|p2a: Infernape|0 fnt
|faint|p2a: Infernape
|
|-damage|p1a: Flying Raijin|69/100 tox|[from] psn
|upkeep
|
|t:|1758990093
|switch|p2a: Slowking|Slowking-Galar, M|63/100
|turn|14
|
|t:|1758990102
|-terastallize|p2a: Slowking|Fairy
|move|p1a: Flying Raijin|Calm Mind|p1a: Flying Raijin
|-boost|p1a: Flying Raijin|spa|1
|-boost|p1a: Flying Raijin|spd|1
|move|p2a: Slowking|Future Sight|p1a: Flying Raijin
|-start|p2a: Slowking|move: Future Sight
|
|-damage|p1a: Flying Raijin|51/100 tox|[from] psn
|upkeep
|turn|15
|
|t:|1758990111
|move|p1a: Flying Raijin|Thunderbolt|p2a: Slowking
|-damage|p2a: Slowking|0 fnt
|faint|p2a: Slowking
|
|-damage|p1a: Flying Raijin|26/100 tox|[from] psn
|upkeep
|
|t:|1758990118
|switch|p2a: Toxicroak|Toxicroak, M|94/100
|-damage|p2a: Toxicroak|88/100|[from] Stealth Rock
|-item|p2a: Toxicroak|Air Balloon
|turn|16
|
|t:|1758990123
|move|p2a: Toxicroak|Sucker Punch|p1a: Flying Raijin
|-damage|p1a: Flying Raijin|7/100 tox
|move|p1a: Flying Raijin|Thunderclap||[still]
|-fail|p1a: Flying Raijin
|
|-end|p1a: Flying Raijin|move: Future Sight
|-damage|p1a: Flying Raijin|0 fnt
|faint|p1a: Flying Raijin
|-end|p1a: Flying Raijin|Protosynthesis|[silent]
|upkeep
|
|t:|1758990130
|switch|p1a: Ogerpon|Ogerpon-Wellspring, F|100/100
|-damage|p1a: Ogerpon|88/100|[from] Stealth Rock
|-status|p1a: Ogerpon|tox
|turn|17
|
|t:|1758990137
|move|p1a: Ogerpon|Ivy Cudgel|p2a: Toxicroak|[anim] Ivy Cudgel Water
|-heal|p2a: Toxicroak|100/100|[from] ability: Dry Skin|[of] p1a: Ogerpon
|move|p2a: Toxicroak|Poison Jab|p1a: Ogerpon
|-supereffective|p1a: Ogerpon
|-damage|p1a: Ogerpon|0 fnt
|faint|p1a: Ogerpon
|
|upkeep
|
|t:|1758990141
|switch|p1a: Gholdengo|Gholdengo|100/100
|-damage|p1a: Gholdengo|94/100|[from] Stealth Rock
|turn|18
|
|t:|1758990152
|move|p1a: Gholdengo|Trick|p2a: Toxicroak
|-activate|p1a: Gholdengo|move: Trick|[of] p2a: Toxicroak
|-item|p2a: Toxicroak|Choice Scarf|[from] move: Trick
|-item|p1a: Gholdengo|Air Balloon
|-item|p1a: Gholdengo|Air Balloon|[from] move: Trick
|move|p2a: Toxicroak|Thunder Punch|p1a: Gholdengo
|-damage|p1a: Gholdengo|67/100
|-enditem|p1a: Gholdengo|Air Balloon
|
|upkeep
|turn|19
|
|t:|1758990164
|move|p2a: Toxicroak|Thunder Punch|p1a: Gholdengo
|-damage|p1a: Gholdengo|40/100
|-status|p1a: Gholdengo|par
|cant|p1a: Gholdengo|par
|
|upkeep
|turn|20
|
|t:|1758990170
|move|p2a: Toxicroak|Thunder Punch|p1a: Gholdengo
|-damage|p1a: Gholdengo|13/100 par
|move|p1a: Gholdengo|Shadow Ball|p2a: Toxicroak
|-damage|p2a: Toxicroak|29/100
|
|upkeep
|turn|21
|
|t:|1758990177
|move|p2a: Toxicroak|Thunder Punch|p1a: Gholdengo
|-damage|p1a: Gholdengo|0 fnt
|faint|p1a: Gholdengo
|
|upkeep
|
|t:|1758990180
|switch|p1a: Iron Valiant|Iron Valiant|100/100
|-damage|p1a: Iron Valiant|94/100|[from] Stealth Rock
|-status|p1a: Iron Valiant|tox
|-enditem|p1a: Iron Valiant|Booster Energy
|-activate|p1a: Iron Valiant|ability: Quark Drive|[fromitem]
|-start|p1a: Iron Valiant|quarkdrivespe
|turn|22
|
|t:|1758990188
|move|p1a: Iron Valiant|Swords Dance|p1a: Iron Valiant
|-boost|p1a: Iron Valiant|atk|2
|move|p2a: Toxicroak|Thunder Punch|p1a: Iron Valiant
|-damage|p1a: Iron Valiant|65/100 tox
|
|-damage|p1a: Iron Valiant|58/100 tox|[from] psn
|upkeep
|turn|23
|
|t:|1758990197
|move|p1a: Iron Valiant|Moonblast|p2a: Toxicroak
|-damage|p2a: Toxicroak|0 fnt
|faint|p2a: Toxicroak
|
|-damage|p1a: Iron Valiant|46/100 tox|[from] psn
|upkeep
|
|t:|1758990203
|switch|p2a: Pecharunt|Pecharunt|100/100
|turn|24
|
|t:|1758990211
|move|p1a: Iron Valiant|Knock Off|p2a: Pecharunt
|-supereffective|p2a: Pecharunt
|-damage|p2a: Pecharunt|57/100
|-enditem|p2a: Pecharunt|Heavy-Duty Boots|[from] move: Knock Off|[of] p1a: Iron Valiant
|move|p2a: Pecharunt|Malignant Chain|p1a: Iron Valiant
|-supereffective|p1a: Iron Valiant
|-damage|p1a: Iron Valiant|0 fnt
|faint|p1a: Iron Valiant
|-end|p1a: Iron Valiant|Quark Drive|[silent]
|
|win|Shimeon91
|raw|xHAKAI's rating: 1322 &rarr; <strong>1301</strong><br />(-21 for losing)
|raw|Shimeon91's rating: 1310 &rarr; <strong>1331</strong><br />(+21 for winning)
|l|☆xHAKAI
|player|p1|
|l|☆Shimeon91
|player|p2|
