|j|☆chessontop
|j|☆sowola
|t:|1758982551
|gametype|singles
|player|p1|chessontop|unknownf|1388
|player|p2|sowola|101|1364
|gen|9
|tier|[Gen 9] OU
|rated|
|rule|HP Percentage Mod: HP is shown in percentages
|rule|Endless Battle Clause: Forcing endless battles is banned
|rule|Species Clause: Limit one of each Pokémon
|rule|OHKO Clause: OHKO moves are banned
|rule|Evasion Items Clause: Evasion items are banned
|rule|Evasion Moves Clause: Evasion moves are banned
|rule|Evasion Abilities Clause: Evasion abilities are banned
|rule|Sleep Moves Clause: Sleep-inducing moves are banned
|clearpoke
|poke|p1|Gliscor, F|
|poke|p1|Weavile, F|
|poke|p1|Gholdengo|
|poke|p1|Kingambit, F|
|poke|p1|Iron Valiant|
|poke|p1|Dragonite, M|
|poke|p2|Moltres-Galar|
|poke|p2|Skeledirge, F|
|poke|p2|Glimmora, M|
|poke|p2|Ursaring, M|
|poke|p2|Zamazenta-*|
|poke|p2|Blastoise, M|
|teampreview
|inactive|Battle timer is ON: inactive players will automatically lose when time's up. (requested by chessontop)
|
|t:|1758982559
|teamsize|p1|6
|teamsize|p2|6
|start
|switch|p1a: Gliscor|Gliscor, F|100/100
|switch|p2a: Blastoise|Blastoise, M|100/100
|turn|1
|
|t:|1758982568
|move|p1a: Gliscor|Toxic|p2a: Blastoise
|-status|p2a: Blastoise|tox
|move|p2a: Blastoise|Shell Smash|p2a: Blastoise
|-unboost|p2a: Blastoise|def|1
|-unboost|p2a: Blastoise|spd|1
|-boost|p2a: Blastoise|atk|2
|-boost|p2a: Blastoise|spa|2
|-boost|p2a: Blastoise|spe|2
|-enditem|p2a: Blastoise|White Herb
|-clearnegativeboost|p2a: Blastoise|[silent]
|
|-damage|p2a: Blastoise|94/100 tox|[from] psn
|-status|p1a: Gliscor|tox|[from] item: Toxic Orb
|upkeep
|turn|2
|
|t:|1758982585
|-terastallize|p1a: Gliscor|Water
|move|p2a: Blastoise|Ice Beam|p1a: Gliscor
|-resisted|p1a: Gliscor
|-damage|p1a: Gliscor|86/100 tox
|move|p1a: Gliscor|Spikes|p2a: Blastoise
|-sidestart|p2: sowola|Spikes
|
|-damage|p2a: Blastoise|82/100 tox|[from] psn
|-heal|p1a: Gliscor|99/100 tox|[from] ability: Poison Heal
|upkeep
|turn|3
|
|t:|1758982599
|move|p2a: Blastoise|Aura Sphere|p1a: Gliscor
|-damage|p1a: Gliscor|72/100 tox
|move|p1a: Gliscor|Spikes|p2a: Blastoise
|-sidestart|p2: sowola|Spikes
|
|-damage|p2a: Blastoise|64/100 tox|[from] psn
|-heal|p1a: Gliscor|84/100 tox|[from] ability: Poison Heal
|upkeep
|turn|4
|
|t:|1758982610
|switch|p2a: Zamazenta|Zamazenta, shiny|100/100
|-damage|p2a: Zamazenta|84/100|[from] Spikes
|-ability|p2a: Zamazenta|Dauntless Shield|boost
|-boost|p2a: Zamazenta|def|1
|move|p1a: Gliscor|Protect||[still]
|-fail|p1a: Gliscor
|
|-heal|p2a: Zamazenta|90/100|[from] item: Leftovers
|-heal|p1a: Gliscor|97/100 tox|[from] ability: Poison Heal
|upkeep
|turn|5
|
|t:|1758982621
|move|p2a: Zamazenta|Iron Defense|p2a: Zamazenta
|-boost|p2a: Zamazenta|def|2
|move|p1a: Gliscor|Toxic|p2a: Zamazenta
|-status|p2a: Zamazenta|tox
|
|-heal|p2a: Zamazenta|96/100 tox|[from] item: Leftovers
|-damage|p2a: Zamazenta|90/100 tox|[from] psn
|-heal|p1a: Gliscor|100/100 tox|[from] ability: Poison Heal
|upkeep
|turn|6
|
|t:|1758982631
|switch|p1a: Gholdengo|Gholdengo|100/100
|-item|p1a: Gholdengo|Air Balloon
|move|p2a: Zamazenta|Iron Defense|p2a: Zamazenta
|-boost|p2a: Zamazenta|def|2
|
|-heal|p2a: Zamazenta|96/100 tox|[from] item: Leftovers
|-damage|p2a: Zamazenta|84/100 tox|[from] psn
|upkeep
|turn|7
|
|t:|1758982641
|move|p2a: Zamazenta|Crunch|p1a: Gholdengo
|-supereffective|p1a: Gholdengo
|-damage|p1a: Gholdengo|60/100
|-unboost|p1a: Gholdengo|def|1
|-enditem|p1a: Gholdengo|Air Balloon
|move|p1a: Gholdengo|Nasty Plot|p1a: Gholdengo
|-boost|p1a: Gholdengo|spa|2
|
|-heal|p2a: Zamazenta|90/100 tox|[from] item: Leftovers
|-damage|p2a: Zamazenta|72/100 tox|[from] psn
|upkeep
|turn|8
|
|t:|1758982659
|switch|p1a: Iron Valiant|Iron Valiant|100/100
|move|p2a: Zamazenta|Crunch|p1a: Iron Valiant
|-resisted|p1a: Iron Valiant
|-damage|p1a: Iron Valiant|91/100
|
|-heal|p2a: Zamazenta|78/100 tox|[from] item: Leftovers
|-damage|p2a: Zamazenta|53/100 tox|[from] psn
|upkeep
|turn|9
|inactive|sowola has 120 seconds left.
|inactive|sowola has 90 seconds left.
|
|t:|1758982746
|-end|p1a: Iron Valiant|Quark Drive|[silent]
|switch|p1a: Gholdengo|Gholdengo|60/100
|move|p2a: Zamazenta|Wild Charge|p1a: Gholdengo
|-damage|p1a: Gholdengo|40/100
|-damage|p2a: Zamazenta|48/100 tox|[from] Recoil
|
|-heal|p2a: Zamazenta|54/100 tox|[from] item: Leftovers
|-damage|p2a: Zamazenta|23/100 tox|[from] psn
|upkeep
|turn|10
|
|t:|1758982757
|move|p2a: Zamazenta|Crunch|p1a: Gholdengo
|-supereffective|p1a: Gholdengo
|-damage|p1a: Gholdengo|0 fnt
|faint|p1a: Gholdengo
|
|-heal|p2a: Zamazenta|30/100 tox|[from] item: Leftovers
|-damage|p2a: Zamazenta|0 fnt|[from] psn
|faint|p2a: Zamazenta
|upkeep
|inactive|sowola has 60 seconds left.
|
|t:|1758982774
|switch|p2a: Glimmora|Glimmora, M, shiny|100/100
|switch|p1a: Weavile|Weavile, F|100/100
|-ability|p1a: Weavile|Pressure
|-damage|p2a: Glimmora|84/100|[from] Spikes
|turn|11
|
|t:|1758982793
|switch|p1a: Iron Valiant|Iron Valiant|91/100
|move|p2a: Glimmora|Mortal Spin|p1a: Iron Valiant
|-supereffective|p1a: Iron Valiant
|-damage|p1a: Iron Valiant|76/100
|-status|p1a: Iron Valiant|psn
|-sideend|p2: sowola|Spikes|[from] move: Mortal Spin|[of] p2a: Glimmora
|
|-heal|p2a: Glimmora|90/100|[from] item: Black Sludge
|-damage|p1a: Iron Valiant|63/100 psn|[from] psn
|upkeep
|turn|12
|
|t:|1758982806
|move|p2a: Glimmora|Spiky Shield|p2a: Glimmora
|-singleturn|p2a: Glimmora|move: Protect
|move|p1a: Iron Valiant|Encore|p2a: Glimmora
|-activate|p2a: Glimmora|move: Protect
|
|-heal|p2a: Glimmora|96/100|[from] item: Black Sludge
|-damage|p1a: Iron Valiant|51/100 psn|[from] psn
|upkeep
|turn|13
|
|t:|1758982813
|-end|p1a: Iron Valiant|Quark Drive|[silent]
|switch|p1a: Gliscor|Gliscor, F, tera:Water|100/100 tox
|move|p2a: Glimmora|Sludge Bomb|p1a: Gliscor
|-damage|p1a: Gliscor|64/100 tox
|
|-heal|p2a: Glimmora|100/100|[from] item: Black Sludge
|-heal|p1a: Gliscor|77/100 tox|[from] ability: Poison Heal
|upkeep
|turn|14
|
|t:|1758982825
|move|p1a: Gliscor|Spikes|p2a: Glimmora
|-sidestart|p2: sowola|Spikes
|move|p2a: Glimmora|Sludge Bomb|p1a: Gliscor
|-damage|p1a: Gliscor|43/100 tox
|
|-heal|p1a: Gliscor|56/100 tox|[from] ability: Poison Heal
|upkeep
|turn|15
|
|t:|1758982833
|switch|p2a: Moltres|Moltres-Galar, shiny|100/100
|move|p1a: Gliscor|Protect||[still]
|-fail|p1a: Gliscor
|
|-heal|p1a: Gliscor|68/100 tox|[from] ability: Poison Heal
|upkeep
|turn|16
|inactive|sowola has 90 seconds left.
|
|t:|1758982841
|move|p1a: Gliscor|Toxic|p2a: Moltres
|-status|p2a: Moltres|tox
|move|p2a: Moltres|Nasty Plot|p2a: Moltres
|-boost|p2a: Moltres|spa|2
|
|-heal|p1a: Gliscor|81/100 tox|[from] ability: Poison Heal
|-damage|p2a: Moltres|94/100 tox|[from] psn
|upkeep
|turn|17
|c|☆chessontop|why is my gliscor so fast ?
|
|t:|1758982863
|move|p1a: Gliscor|Spikes|p2a: Moltres
|-sidestart|p2: sowola|Spikes
|move|p2a: Moltres|Nasty Plot|p2a: Moltres
|-boost|p2a: Moltres|spa|2
|
|-heal|p2a: Moltres|100/100 tox|[from] item: Leftovers
|-heal|p1a: Gliscor|93/100 tox|[from] ability: Poison Heal
|-damage|p2a: Moltres|88/100 tox|[from] psn
|upkeep
|turn|18
|
|t:|1758982872
|move|p1a: Gliscor|Protect|p1a: Gliscor
|-singleturn|p1a: Gliscor|Protect
|move|p2a: Moltres|Nasty Plot|p2a: Moltres
|-boost|p2a: Moltres|spa|2
|
|-heal|p2a: Moltres|94/100 tox|[from] item: Leftovers
|-heal|p1a: Gliscor|100/100 tox|[from] ability: Poison Heal
|-damage|p2a: Moltres|75/100 tox|[from] psn
|upkeep
|turn|19
|
|t:|1758982886
|switch|p1a: Iron Valiant|Iron Valiant|51/100 psn
|move|p2a: Moltres|Fiery Wrath|p1a: Iron Valiant
|-resisted|p1a: Iron Valiant
|-damage|p1a: Iron Valiant|0 fnt
|faint|p1a: Iron Valiant
|-end|p1a: Iron Valiant|Quark Drive|[silent]
|
|-heal|p2a: Moltres|82/100 tox|[from] item: Leftovers
|-damage|p2a: Moltres|57/100 tox|[from] psn
|upkeep
|
|t:|1758982898
|switch|p1a: Weavile|Weavile, F|100/100
|-ability|p1a: Weavile|Pressure
|turn|20
|
|t:|1758982903
|move|p1a: Weavile|Triple Axel|p2a: Moltres
|-supereffective|p2a: Moltres
|-damage|p2a: Moltres|41/100 tox
|-supereffective|p2a: Moltres
|-damage|p2a: Moltres|8/100 tox
|-supereffective|p2a: Moltres
|-damage|p2a: Moltres|0 fnt
|faint|p2a: Moltres
|-hitcount|p2: Moltres|3
|
|upkeep
|inactive|sowola has 120 seconds left.
|
|t:|1758982911
|switch|p2a: Glimmora|Glimmora, M, shiny|100/100
|-damage|p2a: Glimmora|84/100|[from] Spikes
|turn|21
|
|t:|1758982929
|switch|p1a: Gliscor|Gliscor, F, tera:Water|100/100 tox
|move|p2a: Glimmora|Mortal Spin|p1a: Gliscor
|-damage|p1a: Gliscor|96/100 tox
|-sideend|p2: sowola|Spikes|[from] move: Mortal Spin|[of] p2a: Glimmora
|
|-heal|p2a: Glimmora|90/100|[from] item: Black Sludge
|-heal|p1a: Gliscor|100/100 tox|[from] ability: Poison Heal
|upkeep
|turn|22
|
|t:|1758982939
|switch|p2a: Ursaring|Ursaring, M, shiny|100/100
|move|p1a: Gliscor|Earthquake|p2a: Ursaring
|-damage|p2a: Ursaring|79/100
|
|upkeep
|turn|23
|
|t:|1758982945
|move|p1a: Gliscor|Toxic|p2a: Ursaring
|-status|p2a: Ursaring|tox
|move|p2a: Ursaring|Bulk Up|p2a: Ursaring
|-boost|p2a: Ursaring|atk|1
|-boost|p2a: Ursaring|def|1
|
|-damage|p2a: Ursaring|73/100 tox|[from] psn
|upkeep
|turn|24
|
|t:|1758982954
|move|p1a: Gliscor|Spikes|p2a: Ursaring
|-sidestart|p2: sowola|Spikes
|move|p2a: Ursaring|Body Slam|p1a: Gliscor
|-damage|p1a: Gliscor|33/100 tox
|
|-heal|p1a: Gliscor|45/100 tox|[from] ability: Poison Heal
|-damage|p2a: Ursaring|61/100 tox|[from] psn
|upkeep
|turn|25
|
|t:|1758982964
|move|p1a: Gliscor|Spikes|p2a: Ursaring
|-sidestart|p2: sowola|Spikes
|move|p2a: Ursaring|Bulk Up|p2a: Ursaring
|-boost|p2a: Ursaring|atk|1
|-boost|p2a: Ursaring|def|1
|
|-heal|p1a: Gliscor|58/100 tox|[from] ability: Poison Heal
|-damage|p2a: Ursaring|42/100 tox|[from] psn
|upkeep
|turn|26
|
|t:|1758982973
|move|p1a: Gliscor|Protect|p1a: Gliscor
|-singleturn|p1a: Gliscor|Protect
|move|p2a: Ursaring|Body Slam|p1a: Gliscor
|-activate|p1a: Gliscor|move: Protect
|
|-heal|p1a: Gliscor|70/100 tox|[from] ability: Poison Heal
|-damage|p2a: Ursaring|17/100 tox|[from] psn
|upkeep
|turn|27
|
|t:|1758982999
|switch|p1a: Weavile|Weavile, F|100/100
|-ability|p1a: Weavile|Pressure
|move|p2a: Ursaring|Body Slam|p1a: Weavile
|-damage|p1a: Weavile|0 fnt
|faint|p1a: Weavile
|
|-damage|p2a: Ursaring|0 fnt|[from] psn
|faint|p2a: Ursaring
|upkeep
|
|t:|1758983008
|switch|p1a: Gliscor|Gliscor, F, tera:Water|70/100 tox
|switch|p2a: Glimmora|Glimmora, M, shiny|90/100
|-damage|p2a: Glimmora|74/100|[from] Spikes
|turn|28
|
|t:|1758983017
|move|p1a: Gliscor|Earthquake|p2a: Glimmora
|-supereffective|p2a: Glimmora
|-damage|p2a: Glimmora|0 fnt
|-activate|p2a: Glimmora|ability: Toxic Debris
|-sidestart|p1: chessontop|move: Toxic Spikes
|faint|p2a: Glimmora
|
|-heal|p1a: Gliscor|83/100 tox|[from] ability: Poison Heal
|upkeep
|
|t:|1758983024
|switch|p2a: Skeledirge|Skeledirge, F, shiny|100/100
|-damage|p2a: Skeledirge|84/100|[from] Spikes
|turn|29
|
|t:|1758983030
|move|p1a: Gliscor|Toxic|p2a: Skeledirge
|-status|p2a: Skeledirge|tox
|move|p2a: Skeledirge|Torch Song|p1a: Gliscor
|-resisted|p1a: Gliscor
|-damage|p1a: Gliscor|71/100 tox
|-boost|p2a: Skeledirge|spa|1
|
|-heal|p2a: Skeledirge|90/100 tox|[from] item: Leftovers
|-heal|p1a: Gliscor|83/100 tox|[from] ability: Poison Heal
|-damage|p2a: Skeledirge|84/100 tox|[from] psn
|upkeep
|turn|30
|
|t:|1758983045
|move|p1a: Gliscor|Earthquake|p2a: Skeledirge
|-supereffective|p2a: Skeledirge
|-damage|p2a: Skeledirge|34/100 tox
|move|p2a: Skeledirge|Torch Song|p1a: Gliscor
|-resisted|p1a: Gliscor
|-damage|p1a: Gliscor|63/100 tox
|-boost|p2a: Skeledirge|spa|1
|
|-heal|p2a: Skeledirge|40/100 tox|[from] item: Leftovers
|-heal|p1a: Gliscor|75/100 tox|[from] ability: Poison Heal
|-damage|p2a: Skeledirge|28/100 tox|[from] psn
|upkeep
|turn|31
|
|t:|1758983057
|-terastallize|p2a: Skeledirge|Ghost
|move|p1a: Gliscor|Earthquake|p2a: Skeledirge
|-damage|p2a: Skeledirge|6/100 tox
|move|p2a: Skeledirge|Slack Off|p2a: Skeledirge
|-heal|p2a: Skeledirge|56/100 tox
|
|-heal|p2a: Skeledirge|62/100 tox|[from] item: Leftovers
|-heal|p1a: Gliscor|88/100 tox|[from] ability: Poison Heal
|-damage|p2a: Skeledirge|44/100 tox|[from] psn
|upkeep
|turn|32
|
|t:|1758983069
|move|p1a: Gliscor|Protect|p1a: Gliscor
|-singleturn|p1a: Gliscor|Protect
|move|p2a: Skeledirge|Slack Off|p2a: Skeledirge
|-heal|p2a: Skeledirge|94/100 tox
|
|-heal|p2a: Skeledirge|99/100 tox|[from] item: Leftovers
|-heal|p1a: Gliscor|99/100 tox|[from] ability: Poison Heal
|-damage|p2a: Skeledirge|75/100 tox|[from] psn
|upkeep
|turn|33
|
|t:|1758983078
|move|p1a: Gliscor|Spikes|p2a: Skeledirge
|-sidestart|p2: sowola|Spikes
|move|p2a: Skeledirge|Torch Song|p1a: Gliscor
|-resisted|p1a: Gliscor
|-damage|p1a: Gliscor|76/100 tox
|-boost|p2a: Skeledirge|spa|1
|
|-heal|p2a: Skeledirge|82/100 tox|[from] item: Leftovers
|-heal|p1a: Gliscor|88/100 tox|[from] ability: Poison Heal
|-damage|p2a: Skeledirge|51/100 tox|[from] psn
|upkeep
|turn|34
|
|t:|1758983091
|move|p1a: Gliscor|Earthquake|p2a: Skeledirge
|-damage|p2a: Skeledirge|28/100 tox
|move|p2a: Skeledirge|Slack Off|p2a: Skeledirge
|-heal|p2a: Skeledirge|78/100 tox
|
|-heal|p2a: Skeledirge|84/100 tox|[from] item: Leftovers
|-heal|p1a: Gliscor|100/100 tox|[from] ability: Poison Heal
|-damage|p2a: Skeledirge|48/100 tox|[from] psn
|upkeep
|turn|35
|
|t:|1758983101
|move|p1a: Gliscor|Earthquake|p2a: Skeledirge
|-damage|p2a: Skeledirge|23/100 tox
|move|p2a: Skeledirge|Shadow Ball|p1a: Gliscor
|-damage|p1a: Gliscor|8/100 tox
|
|-heal|p2a: Skeledirge|29/100 tox|[from] item: Leftovers
|-heal|p1a: Gliscor|20/100 tox|[from] ability: Poison Heal
|-damage|p2a: Skeledirge|0 fnt|[from] psn
|faint|p2a: Skeledirge
|upkeep
|-message|sowola forfeited.
|
|win|chessontop
|raw|chessontop's rating: 1388 &rarr; <strong>1407</strong><br />(+19 for winning)
|raw|sowola's rating: 1364 &rarr; <strong>1345</strong><br />(-19 for losing)
|l|☆sowola
|player|p2|
|l|☆chessontop
|player|p1|
