|j|☆jxrx
|j|☆ashmer06
|t:|1758994932
|gametype|singles
|player|p1|jxrx|norman|1345
|player|p2|ashmer06|101|1337
|gen|9
|tier|[Gen 9] OU
|rated|
|rule|HP Percentage Mod: HP is shown in percentages
|rule|Endless Battle Clause: Forcing endless battles is banned
|rule|Species Clause: Limit one of each Pokémon
|rule|OHKO Clause: OHKO moves are banned
|rule|Evasion Items Clause: Evasion items are banned
|rule|Evasion Moves Clause: Evasion moves are banned
|rule|Evasion Abilities Clause: Evasion abilities are banned
|rule|Sleep Moves Clause: Sleep-inducing moves are banned
|clearpoke
|poke|p1|Garganacl, F|
|poke|p1|Hoopa-Unbound|
|poke|p1|Dragapult, M|
|poke|p1|Vileplume, M|
|poke|p1|Scizor, M|
|poke|p1|Darkrai|
|poke|p2|Dragapult, M|
|poke|p2|Glimmora, M|
|poke|p2|Comfey, M|
|poke|p2|Kingambit, M|
|poke|p2|Ogerpon-Wellspring, F|
|poke|p2|Blaziken, M|
|teampreview
|inactive|Battle timer is ON: inactive players will automatically lose when time's up. (requested by jxrx)
|
|t:|1758994946
|teamsize|p1|6
|teamsize|p2|6
|start
|switch|p1a: Hoopa|Hoopa-Unbound|100/100
|switch|p2a: Ogerpon|Ogerpon-Wellspring, F|100/100
|turn|1
|
|t:|1758994971
|switch|p1a: Vileplume|Vileplume, M|100/100
|move|p2a: Ogerpon|U-turn|p1a: Vileplume
|-damage|p1a: Vileplume|80/100
|-damage|p2a: Ogerpon|84/100|[from] item: Rocky Helmet|[of] p1a: Vileplume
|
|t:|1758994976
|switch|p2a: Blaziken|Blaziken, M, shiny|100/100|[from] U-turn
|
|upkeep
|turn|2
|
|t:|1758994982
|move|p2a: Blaziken|Focus Energy|p2a: Blaziken
|-start|p2a: Blaziken|move: Focus Energy
|move|p1a: Vileplume|Leech Seed|p2a: Blaziken
|-start|p2a: Blaziken|move: Leech Seed
|
|-damage|p2a: Blaziken|88/100|[from] Leech Seed|[of] p1a: Vileplume
|-heal|p1a: Vileplume|91/100|[silent]
|-ability|p2a: Blaziken|Speed Boost|boost
|-boost|p2a: Blaziken|spe|1
|upkeep
|turn|3
|
|t:|1758994987
|switch|p1a: Garganacl|Garganacl, F|100/100
|move|p2a: Blaziken|Overheat|p1a: Garganacl
|-resisted|p1a: Garganacl
|-crit|p1a: Garganacl
|-damage|p1a: Garganacl|64/100
|-unboost|p2a: Blaziken|spa|2
|
|-heal|p1a: Garganacl|70/100|[from] item: Leftovers
|-damage|p2a: Blaziken|76/100|[from] Leech Seed|[of] p1a: Garganacl
|-heal|p1a: Garganacl|79/100|[silent]
|-ability|p2a: Blaziken|Speed Boost|boost
|-boost|p2a: Blaziken|spe|1
|upkeep
|turn|4
|
|t:|1758994997
|switch|p2a: Ogerpon|Ogerpon-Wellspring, F|84/100
|move|p1a: Garganacl|Protect||[still]
|-fail|p1a: Garganacl
|
|-heal|p1a: Garganacl|85/100|[from] item: Leftovers
|upkeep
|turn|5
|
|t:|1758995002
|switch|p1a: Vileplume|Vileplume, M|91/100
|move|p2a: Ogerpon|Spikes|p1a: Vileplume
|-sidestart|p1: jxrx|Spikes
|
|upkeep
|turn|6
|
|t:|1758995019
|move|p2a: Ogerpon|Spikes|p1a: Vileplume
|-sidestart|p1: jxrx|Spikes
|move|p1a: Vileplume|Leech Seed|p2a: Ogerpon
|-immune|p2a: Ogerpon
|
|upkeep
|turn|7
|
|t:|1758995024
|move|p2a: Ogerpon|Spikes|p1a: Vileplume
|-sidestart|p1: jxrx|Spikes
|move|p1a: Vileplume|Sludge Wave|p2a: Ogerpon
|-supereffective|p2a: Ogerpon
|-damage|p2a: Ogerpon|0 fnt
|faint|p2a: Ogerpon
|
|upkeep
|
|t:|1758995033
|switch|p2a: Blaziken|Blaziken, M, shiny|76/100
|turn|8
|
|t:|1758995037
|move|p2a: Blaziken|Overheat|p1a: Vileplume
|-supereffective|p1a: Vileplume
|-damage|p1a: Vileplume|0 fnt
|-unboost|p2a: Blaziken|spa|2
|faint|p1a: Vileplume
|
|-ability|p2a: Blaziken|Speed Boost|boost
|-boost|p2a: Blaziken|spe|1
|upkeep
|
|t:|1758995043
|switch|p1a: Dragapult|Dragapult, M|100/100
|-damage|p1a: Dragapult|76/100|[from] Spikes
|turn|9
|
|t:|1758995046
|move|p2a: Blaziken|Protect|p2a: Blaziken
|-singleturn|p2a: Blaziken|Protect
|move|p1a: Dragapult|Dragon Darts|p2a: Blaziken
|-activate|p2a: Blaziken|move: Protect
|
|-heal|p1a: Dragapult|82/100|[from] item: Leftovers
|-ability|p2a: Blaziken|Speed Boost|boost
|-boost|p2a: Blaziken|spe|1
|upkeep
|turn|10
|
|t:|1758995052
|switch|p2a: Comfey|Comfey, M, shiny|100/100
|move|p1a: Dragapult|Dragon Darts|p2a: Comfey
|-immune|p2a: Comfey
|
|-heal|p1a: Dragapult|88/100|[from] item: Leftovers
|upkeep
|turn|11
|
|t:|1758995058
|switch|p1a: Scizor|Scizor, M|100/100
|-damage|p1a: Scizor|76/100|[from] Spikes
|switch|p2a: Blaziken|Blaziken, M, shiny|76/100
|
|upkeep
|turn|12
|
|t:|1758995061
|-terastallize|p1a: Scizor|Steel
|move|p1a: Scizor|Bullet Punch|p2a: Blaziken
|-resisted|p2a: Blaziken
|-damage|p2a: Blaziken|19/100
|move|p2a: Blaziken|Overheat|p1a: Scizor
|-supereffective|p1a: Scizor
|-damage|p1a: Scizor|0 fnt
|-unboost|p2a: Blaziken|spa|2
|faint|p1a: Scizor
|
|-ability|p2a: Blaziken|Speed Boost|boost
|-boost|p2a: Blaziken|spe|1
|upkeep
|
|t:|1758995069
|switch|p1a: Dragapult|Dragapult, M|88/100
|-damage|p1a: Dragapult|63/100|[from] Spikes
|turn|13
|
|t:|1758995074
|move|p2a: Blaziken|Protect|p2a: Blaziken
|-singleturn|p2a: Blaziken|Protect
|move|p1a: Dragapult|Substitute|p1a: Dragapult
|-start|p1a: Dragapult|Substitute
|-damage|p1a: Dragapult|38/100
|
|-heal|p1a: Dragapult|44/100|[from] item: Leftovers
|-ability|p2a: Blaziken|Speed Boost|boost
|-boost|p2a: Blaziken|spe|1
|upkeep
|turn|14
|
|t:|1758995081
|move|p2a: Blaziken|Overheat|p1a: Dragapult|[miss]
|-miss|p2a: Blaziken|p1a: Dragapult
|move|p1a: Dragapult|Dragon Darts|p2a: Blaziken
|-damage|p2a: Blaziken|0 fnt
|faint|p2a: Blaziken
|
|-heal|p1a: Dragapult|50/100|[from] item: Leftovers
|upkeep
|
|t:|1758995087
|switch|p2a: Comfey|Comfey, M, shiny|100/100
|turn|15
|
|t:|1758995096
|move|p2a: Comfey|Draining Kiss|p1a: Dragapult
|-supereffective|p1a: Dragapult
|-end|p1a: Dragapult|Substitute
|-damage|p2a: Comfey|91/100|[from] item: Life Orb
|move|p1a: Dragapult|Phantom Force||[still]
|-prepare|p1a: Dragapult|Phantom Force
|
|-heal|p1a: Dragapult|56/100|[from] item: Leftovers
|upkeep
|turn|16
|
|t:|1758995104
|move|p1a: Dragapult|Phantom Force|p2a: Comfey|[from] lockedmove
|-damage|p2a: Comfey|37/100
|move|p2a: Comfey|Calm Mind|p2a: Comfey
|-boost|p2a: Comfey|spa|1
|-boost|p2a: Comfey|spd|1
|
|-heal|p1a: Dragapult|62/100|[from] item: Leftovers
|upkeep
|turn|17
|
|t:|1758995119
|switch|p1a: Garganacl|Garganacl, F|85/100
|-damage|p1a: Garganacl|60/100|[from] Spikes
|move|p2a: Comfey|Draining Kiss|p1a: Garganacl
|-damage|p1a: Garganacl|33/100
|-heal|p2a: Comfey|64/100|[from] drain|[of] p1a: Garganacl
|-damage|p2a: Comfey|54/100|[from] item: Life Orb
|
|-heal|p1a: Garganacl|40/100|[from] item: Leftovers
|upkeep
|turn|18
|
|t:|1758995127
|move|p2a: Comfey|Substitute|p2a: Comfey
|-start|p2a: Comfey|Substitute
|-damage|p2a: Comfey|29/100
|move|p1a: Garganacl|Salt Cure|p2a: Comfey
|-activate|p2a: Comfey|move: Substitute|[damage]
|
|-heal|p1a: Garganacl|46/100|[from] item: Leftovers
|upkeep
|turn|19
|
|t:|1758995140
|move|p1a: Garganacl|Protect|p1a: Garganacl
|-singleturn|p1a: Garganacl|Protect
|move|p2a: Comfey|Calm Mind|p2a: Comfey
|-boost|p2a: Comfey|spa|1
|-boost|p2a: Comfey|spd|1
|
|-heal|p1a: Garganacl|52/100|[from] item: Leftovers
|upkeep
|turn|20
|
|t:|1758995145
|move|p2a: Comfey|Draining Kiss|p1a: Garganacl
|-damage|p1a: Garganacl|17/100
|-heal|p2a: Comfey|64/100|[from] drain|[of] p1a: Garganacl
|-damage|p2a: Comfey|55/100|[from] item: Life Orb
|move|p1a: Garganacl|Salt Cure|p2a: Comfey
|-end|p2a: Comfey|Substitute
|
|-heal|p1a: Garganacl|23/100|[from] item: Leftovers
|upkeep
|turn|21
|
|t:|1758995153
|move|p2a: Comfey|Substitute|p2a: Comfey
|-start|p2a: Comfey|Substitute
|-damage|p2a: Comfey|30/100
|move|p1a: Garganacl|Salt Cure|p2a: Comfey
|-activate|p2a: Comfey|move: Substitute|[damage]
|
|-heal|p1a: Garganacl|29/100|[from] item: Leftovers
|upkeep
|turn|22
|
|t:|1758995158
|move|p2a: Comfey|Draining Kiss|p1a: Garganacl
|-damage|p1a: Garganacl|0 fnt
|-heal|p2a: Comfey|58/100|[from] drain|[of] p1a: Garganacl
|faint|p1a: Garganacl
|-damage|p2a: Comfey|48/100|[from] item: Life Orb
|
|upkeep
|-message|jxrx forfeited.
|
|win|ashmer06
|raw|jxrx's rating: 1345 &rarr; <strong>1325</strong><br />(-20 for losing)
|raw|ashmer06's rating: 1337 &rarr; <strong>1357</strong><br />(+20 for winning)
|l|☆jxrx
|player|p1|
|l|☆ashmer06
|player|p2|
|j|☆ashmer06
|player|p2|ashmer06|101|
|l|☆ashmer06
|player|p2|
