|j|☆LaVopismo
|j|☆headlikeSteelix69
|t:|1758940015
|gametype|singles
|player|p1|LaVopismo|1|1076
|player|p2|headlikeSteelix69|flannery|1080
|gen|9
|tier|[Gen 9] OU
|rated|
|rule|HP Percentage Mod: HP is shown in percentages
|rule|Endless Battle Clause: Forcing endless battles is banned
|rule|Species Clause: Limit one of each Pokémon
|rule|OHKO Clause: OHKO moves are banned
|rule|Evasion Items Clause: Evasion items are banned
|rule|Evasion Moves Clause: Evasion moves are banned
|rule|Evasion Abilities Clause: Evasion abilities are banned
|rule|Sleep Moves Clause: Sleep-inducing moves are banned
|clearpoke
|poke|p1|Greninja-*, M|
|poke|p1|Charizard, F|
|poke|p1|Lucario, M|
|poke|p1|Bastiodon, F|
|poke|p1|Dragalge, F|
|poke|p1|Pikachu-Original, M|
|poke|p2|Excadrill, M|
|poke|p2|Tyranitar, F|
|poke|p2|Tinkaton, F|
|poke|p2|Sinistcha|
|poke|p2|Moltres|
|poke|p2|Ogerpon-Wellspring, F|
|teampreview
|inactive|Battle timer is ON: inactive players will automatically lose when time's up. (requested by LaVopismo)
|
|t:|1758940034
|teamsize|p1|6
|teamsize|p2|6
|start
|switch|p1a: Bastiodon|Bastiodon, F|100/100
|switch|p2a: Tyranitar|Tyranitar, F, shiny|100/100
|-weather|Sandstorm|[from] ability: Sand Stream|[of] p2a: Tyranitar
|turn|1
|
|t:|1758940043
|move|p2a: Tyranitar|Low Kick|p1a: Bastiodon
|-supereffective|p1a: Bastiodon
|-ability|p1a: Bastiodon|Sturdy
|-damage|p1a: Bastiodon|1/100
|move|p1a: Bastiodon|Body Press|p2a: Tyranitar
|-supereffective|p2a: Tyranitar
|-damage|p2a: Tyranitar|0 fnt
|faint|p2a: Tyranitar
|
|-weather|Sandstorm|[upkeep]
|-heal|p1a: Bastiodon|7/100|[from] item: Leftovers
|upkeep
|
|t:|1758940052
|switch|p2a: Sinistcha|Sinistcha|100/100
|turn|2
|
|t:|1758940058
|switch|p1a: Dragalge|Dragalge, F|100/100
|move|p2a: Sinistcha|Calm Mind|p2a: Sinistcha
|-boost|p2a: Sinistcha|spa|1
|-boost|p2a: Sinistcha|spd|1
|
|-weather|Sandstorm|[upkeep]
|-damage|p2a: Sinistcha|94/100|[from] Sandstorm
|-damage|p1a: Dragalge|94/100|[from] Sandstorm
|upkeep
|turn|3
|
|t:|1758940073
|-terastallize|p2a: Sinistcha|Poison
|move|p2a: Sinistcha|Shadow Ball|p1a: Dragalge
|-damage|p1a: Dragalge|68/100
|move|p1a: Dragalge|Sludge Bomb|p2a: Sinistcha
|-resisted|p2a: Sinistcha
|-damage|p2a: Sinistcha|79/100
|
|-weather|Sandstorm|[upkeep]
|-damage|p2a: Sinistcha|73/100|[from] Sandstorm
|-damage|p1a: Dragalge|62/100|[from] Sandstorm
|upkeep
|turn|4
|
|t:|1758940084
|move|p2a: Sinistcha|Shadow Ball|p1a: Dragalge
|-damage|p1a: Dragalge|33/100
|move|p1a: Dragalge|Whirlpool|p2a: Sinistcha
|-damage|p2a: Sinistcha|65/100
|-activate|p2a: Sinistcha|move: Whirlpool|[of] p1a: Dragalge
|
|-weather|Sandstorm|[upkeep]
|-damage|p2a: Sinistcha|59/100|[from] Sandstorm
|-damage|p1a: Dragalge|26/100|[from] Sandstorm
|-damage|p2a: Sinistcha|46/100|[from] move: Whirlpool|[partiallytrapped]
|upkeep
|turn|5
|
|t:|1758940103
|switch|p1a: Charizard|Charizard, F|100/100
|move|p2a: Sinistcha|Shadow Ball|p1a: Charizard
|-damage|p1a: Charizard|37/100
|
|-weather|none
|-end|p2a: Sinistcha|Whirlpool|[partiallytrapped]|[silent]
|upkeep
|turn|6
|
|t:|1758940122
|switch|p2a: Moltres|Moltres, shiny|100/100
|move|p1a: Charizard|Flamethrower|p2a: Moltres
|-resisted|p2a: Moltres
|-damage|p2a: Moltres|77/100
|
|upkeep
|turn|7
|
|t:|1758940136
|switch|p1a: Dragalge|Dragalge, F|26/100
|move|p2a: Moltres|Roar|p1a: Dragalge
|drag|p1a: Lucario|Lucario, M|100/100
|
|upkeep
|turn|8
|
|t:|1758940145
|switch|p1a: Dragalge|Dragalge, F|26/100
|move|p2a: Moltres|Flamethrower|p1a: Dragalge
|-resisted|p1a: Dragalge
|-damage|p1a: Dragalge|14/100
|
|upkeep
|turn|9
|
|t:|1758940159
|move|p2a: Moltres|U-turn|p1a: Dragalge
|-resisted|p1a: Dragalge
|-damage|p1a: Dragalge|7/100
|
|t:|1758940160
|switch|p2a: Excadrill|Excadrill, M|100/100|[from] U-turn
|move|p1a: Dragalge|Thunderbolt|p2a: Excadrill
|-immune|p2a: Excadrill
|
|upkeep
|turn|10
|
|t:|1758940184
|switch|p1a: Charizard|Charizard, F|37/100
|move|p2a: Excadrill|Earthquake|p1a: Charizard
|-immune|p1a: Charizard
|
|upkeep
|turn|11
|
|t:|1758940194
|switch|p1a: Bastiodon|Bastiodon, F|7/100
|move|p2a: Excadrill|Rock Slide|p1a: Bastiodon|[miss]
|-miss|p2a: Excadrill|p1a: Bastiodon
|
|-heal|p1a: Bastiodon|13/100|[from] item: Leftovers
|upkeep
|turn|12
|
|t:|1758940203
|move|p2a: Excadrill|Earthquake|p1a: Bastiodon
|-supereffective|p1a: Bastiodon
|-damage|p1a: Bastiodon|0 fnt
|faint|p1a: Bastiodon
|
|upkeep
|
|t:|1758940212
|switch|p1a: Pikachu|Pikachu-Original, M|100/100
|turn|13
|
|t:|1758940224
|-terastallize|p1a: Pikachu|Flying
|move|p1a: Pikachu|Trailblaze|p2a: Excadrill
|-damage|p2a: Excadrill|73/100
|-boost|p1a: Pikachu|spe|1
|move|p2a: Excadrill|Earthquake|p1a: Pikachu
|-immune|p1a: Pikachu
|
|-heal|p2a: Excadrill|79/100|[from] item: Leftovers
|upkeep
|turn|14
|
|t:|1758940236
|move|p1a: Pikachu|Knock Off|p2a: Excadrill
|-damage|p2a: Excadrill|18/100
|-enditem|p2a: Excadrill|Leftovers|[from] move: Knock Off|[of] p1a: Pikachu
|move|p2a: Excadrill|Rock Slide|p1a: Pikachu|[miss]
|-miss|p2a: Excadrill|p1a: Pikachu
|
|upkeep
|turn|15
|
|t:|1758940248
|move|p1a: Pikachu|Trailblaze|p2a: Excadrill
|-crit|p2a: Excadrill
|-damage|p2a: Excadrill|0 fnt
|-boost|p1a: Pikachu|spe|1
|faint|p2a: Excadrill
|
|upkeep
|inactive|headlikeSteelix69 has 120 seconds left.
|
|t:|1758940279
|switch|p2a: Tinkaton|Tinkaton, F, shiny|100/100
|-ability|p2a: Tinkaton|Mold Breaker
|-item|p2a: Tinkaton|Air Balloon
|turn|16
|
|t:|1758940302
|move|p1a: Pikachu|Thunder Punch|p2a: Tinkaton
|-damage|p2a: Tinkaton|44/100
|-enditem|p2a: Tinkaton|Air Balloon
|move|p2a: Tinkaton|Thunder Wave|p1a: Pikachu|[miss]
|-miss|p2a: Tinkaton|p1a: Pikachu
|
|upkeep
|turn|17
|inactive|headlikeSteelix69 has 120 seconds left.
|-message|headlikeSteelix69 forfeited.
|
|win|LaVopismo
|raw|LaVopismo's rating: 1076 &rarr; <strong>1105</strong><br />(+29 for winning)
|raw|headlikeSteelix69's rating: 1080 &rarr; <strong>1058</strong><br />(-22 for losing)
|l|☆headlikeSteelix69
|player|p2|
|l|☆LaVopismo
|player|p1|
