|j|☆yijing
|j|☆FilipW
|t:|1758969382
|gametype|singles
|player|p1|yijing|101|1103
|player|p2|FilipW|swimmerf|1133
|gen|9
|tier|[Gen 9] OU
|rated|
|rule|HP Percentage Mod: HP is shown in percentages
|rule|Endless Battle Clause: Forcing endless battles is banned
|rule|Species Clause: Limit one of each Pokémon
|rule|OHKO Clause: OHKO moves are banned
|rule|Evasion Items Clause: Evasion items are banned
|rule|Evasion Moves Clause: Evasion moves are banned
|rule|Evasion Abilities Clause: Evasion abilities are banned
|rule|Sleep Moves Clause: Sleep-inducing moves are banned
|clearpoke
|poke|p1|Masquerain, F|
|poke|p1|Electivire, M|
|poke|p1|Toedscruel, F|
|poke|p1|Orthworm, F|
|poke|p1|Spiritomb, M|
|poke|p1|Pyroar, F|
|poke|p2|Krookodile, M|
|poke|p2|Charizard, M|
|poke|p2|Haxorus, M|
|poke|p2|Florges, F|
|poke|p2|Metagross|
|poke|p2|Forretress, M|
|teampreview
|inactive|Battle timer is ON: inactive players will automatically lose when time's up. (requested by yijing)
|
|t:|1758969390
|teamsize|p1|6
|teamsize|p2|6
|start
|switch|p1a: Orthworm|Orthworm, F|100/100
|switch|p2a: Krookodile|Krookodile, M|100/100
|-ability|p2a: Krookodile|Intimidate|boost
|-unboost|p1a: Orthworm|atk|1
|turn|1
|
|t:|1758969399
|move|p2a: Krookodile|Knock Off|p1a: Orthworm
|-damage|p1a: Orthworm|58/100
|-damage|p2a: Krookodile|84/100|[from] item: Rocky Helmet|[of] p1a: Orthworm
|-enditem|p1a: Orthworm|Rocky Helmet|[from] move: Knock Off|[of] p2a: Krookodile
|move|p1a: Orthworm|Stealth Rock|p2a: Krookodile
|-sidestart|p2: FilipW|move: Stealth Rock
|
|upkeep
|turn|2
|
|t:|1758969409
|move|p2a: Krookodile|Knock Off|p1a: Orthworm
|-damage|p1a: Orthworm|31/100
|move|p1a: Orthworm|Body Press|p2a: Krookodile
|-supereffective|p2a: Krookodile
|-crit|p2a: Krookodile
|-damage|p2a: Krookodile|0 fnt
|faint|p2a: Krookodile
|
|upkeep
|
|t:|1758969421
|switch|p2a: Forretress|Forretress, M|100/100
|-damage|p2a: Forretress|88/100|[from] Stealth Rock
|turn|3
|
|t:|1758969432
|switch|p1a: Spiritomb|Spiritomb, M|100/100
|move|p2a: Forretress|Rapid Spin|p1a: Spiritomb
|-immune|p1a: Spiritomb
|
|upkeep
|turn|4
|
|t:|1758969444
|move|p2a: Forretress|Stealth Rock|p1a: Spiritomb
|-sidestart|p1: yijing|move: Stealth Rock
|move|p1a: Spiritomb|Night Shade|p2a: Forretress
|-damage|p2a: Forretress|60/100
|
|upkeep
|turn|5
|
|t:|1758969451
|move|p2a: Forretress|Toxic Spikes|p1a: Spiritomb
|-sidestart|p1: yijing|move: Toxic Spikes
|move|p1a: Spiritomb|Trick Room|p1a: Spiritomb
|-fieldstart|move: Trick Room|[of] p1a: Spiritomb
|
|upkeep
|turn|6
|
|t:|1758969456
|move|p1a: Spiritomb|Night Shade|p2a: Forretress
|-damage|p2a: Forretress|32/100
|move|p2a: Forretress|Toxic Spikes|p1a: Spiritomb
|-sidestart|p1: yijing|move: Toxic Spikes
|
|upkeep
|turn|7
|
|t:|1758969478
|switch|p2a: Florges|Florges, F|100/100
|-damage|p2a: Florges|88/100|[from] Stealth Rock
|move|p1a: Spiritomb|Night Shade|p2a: Florges
|-damage|p2a: Florges|60/100
|
|-heal|p2a: Florges|66/100|[from] item: Leftovers
|upkeep
|turn|8
|
|t:|1758969491
|move|p1a: Spiritomb|Toxic|p2a: Florges
|-status|p2a: Florges|tox
|move|p2a: Florges|Draining Kiss|p1a: Spiritomb
|-supereffective|p1a: Spiritomb
|-damage|p1a: Spiritomb|70/100
|-heal|p2a: Florges|85/100 tox|[from] drain|[of] p1a: Spiritomb
|
|-heal|p2a: Florges|92/100 tox|[from] item: Leftovers
|-damage|p2a: Florges|85/100 tox|[from] psn
|upkeep
|turn|9
|
|t:|1758969504
|move|p2a: Florges|Calm Mind|p2a: Florges
|-boost|p2a: Florges|spa|1
|-boost|p2a: Florges|spd|1
|move|p1a: Spiritomb|Trick Room|p1a: Spiritomb
|-fieldend|move: Trick Room
|
|-heal|p2a: Florges|92/100 tox|[from] item: Leftovers
|-damage|p2a: Florges|79/100 tox|[from] psn
|upkeep
|turn|10
|
|t:|1758969513
|move|p2a: Florges|Calm Mind|p2a: Florges
|-boost|p2a: Florges|spa|1
|-boost|p2a: Florges|spd|1
|move|p1a: Spiritomb|Trick Room|p1a: Spiritomb
|-fieldstart|move: Trick Room|[of] p1a: Spiritomb
|
|-heal|p2a: Florges|85/100 tox|[from] item: Leftovers
|-damage|p2a: Florges|67/100 tox|[from] psn
|upkeep
|turn|11
|
|t:|1758969525
|move|p1a: Spiritomb|Destiny Bond|p1a: Spiritomb
|-singlemove|p1a: Spiritomb|Destiny Bond
|move|p2a: Florges|Draining Kiss|p1a: Spiritomb
|-supereffective|p1a: Spiritomb
|-damage|p1a: Spiritomb|7/100
|-heal|p2a: Florges|100/100 tox|[from] drain|[of] p1a: Spiritomb
|-enditem|p1a: Spiritomb|Aguav Berry|[eat]
|-heal|p1a: Spiritomb|40/100|[from] item: Aguav Berry
|
|-damage|p2a: Florges|76/100 tox|[from] psn
|upkeep
|turn|12
|
|t:|1758969539
|move|p1a: Spiritomb|Night Shade|p2a: Florges
|-damage|p2a: Florges|48/100 tox
|move|p2a: Florges|Draining Kiss|p1a: Spiritomb
|-supereffective|p1a: Spiritomb
|-damage|p1a: Spiritomb|0 fnt
|-heal|p2a: Florges|73/100 tox|[from] drain|[of] p1a: Spiritomb
|faint|p1a: Spiritomb
|
|-heal|p2a: Florges|79/100 tox|[from] item: Leftovers
|-damage|p2a: Florges|49/100 tox|[from] psn
|upkeep
|
|t:|1758969555
|switch|p1a: Orthworm|Orthworm, F|31/100
|-damage|p1a: Orthworm|24/100|[from] Stealth Rock
|turn|13
|
|t:|1758969562
|move|p1a: Orthworm|Earthquake|p2a: Florges
|-damage|p2a: Florges|31/100 tox
|move|p2a: Florges|Stored Power|p1a: Orthworm
|-resisted|p1a: Orthworm
|-damage|p1a: Orthworm|0 fnt
|faint|p1a: Orthworm
|
|-heal|p2a: Florges|37/100 tox|[from] item: Leftovers
|-damage|p2a: Florges|0 fnt|[from] psn
|faint|p2a: Florges
|upkeep
|
|t:|1758969580
|switch|p1a: Toedscruel|Toedscruel, F|100/100
|switch|p2a: Forretress|Forretress, M|32/100
|-damage|p2a: Forretress|19/100|[from] Stealth Rock
|-damage|p1a: Toedscruel|95/100|[from] Stealth Rock
|-status|p1a: Toedscruel|tox
|turn|14
|
|t:|1758969589
|move|p2a: Forretress|Rapid Spin|p1a: Toedscruel
|-damage|p1a: Toedscruel|77/100 tox
|-boost|p2a: Forretress|spe|1
|-sideend|p2: FilipW|Stealth Rock|[from] move: Rapid Spin|[of] p2a: Forretress
|move|p1a: Toedscruel|Rapid Spin|p2a: Forretress
|-resisted|p2a: Forretress
|-damage|p2a: Forretress|17/100
|-boost|p1a: Toedscruel|spe|1
|-damage|p1a: Toedscruel|61/100 tox|[from] item: Rocky Helmet|[of] p2a: Forretress
|-sideend|p1: yijing|Toxic Spikes|[from] move: Rapid Spin|[of] p1a: Toedscruel
|-sideend|p1: yijing|Stealth Rock|[from] move: Rapid Spin|[of] p1a: Toedscruel
|
|-damage|p1a: Toedscruel|55/100 tox|[from] psn
|-fieldend|move: Trick Room
|upkeep
|turn|15
|
|t:|1758969603
|move|p1a: Toedscruel|Earth Power|p2a: Forretress
|-damage|p2a: Forretress|0 fnt
|faint|p2a: Forretress
|
|-damage|p1a: Toedscruel|43/100 tox|[from] psn
|upkeep
|
|t:|1758969618
|switch|p2a: Charizard|Charizard, M, shiny|100/100
|turn|16
|
|t:|1758969636
|switch|p1a: Masquerain|Masquerain, F|100/100
|-ability|p1a: Masquerain|Intimidate|boost
|-unboost|p2a: Charizard|atk|1
|move|p2a: Charizard|Flamethrower|p1a: Masquerain
|-supereffective|p1a: Masquerain
|-damage|p1a: Masquerain|0 fnt
|faint|p1a: Masquerain
|-damage|p2a: Charizard|91/100|[from] item: Life Orb
|
|upkeep
|inactive|yijing has 120 seconds left.
|
|t:|1758969660
|switch|p1a: Pyroar|Pyroar, F|100/100
|turn|17
|inactive|yijing has 120 seconds left.
|
|t:|1758969666
|switch|p2a: Haxorus|Haxorus, M, shiny|100/100
|-ability|p2a: Haxorus|Mold Breaker
|move|p1a: Pyroar|Substitute|p1a: Pyroar
|-start|p1a: Pyroar|Substitute
|-damage|p1a: Pyroar|76/100
|
|upkeep
|turn|18
|inactive|yijing has 120 seconds left.
|
|t:|1758969677
|-terastallize|p1a: Pyroar|Flying
|move|p1a: Pyroar|Echoed Voice|p2a: Haxorus
|-damage|p2a: Haxorus|70/100
|-enditem|p1a: Pyroar|Throat Spray
|-boost|p1a: Pyroar|spa|1|[from] item: Throat Spray
|move|p2a: Haxorus|Scale Shot|p1a: Pyroar
|-activate|p1a: Pyroar|move: Substitute|[damage]
|-end|p1a: Pyroar|Substitute
|-damage|p1a: Pyroar|54/100
|-damage|p1a: Pyroar|33/100
|-hitcount|p1a: Pyroar|4
|-unboost|p2a: Haxorus|def|1
|-boost|p2a: Haxorus|spe|1
|
|upkeep
|turn|19
|inactive|yijing has 120 seconds left.
|
|t:|1758969694
|move|p2a: Haxorus|Scale Shot|p1a: Pyroar
|-damage|p1a: Pyroar|10/100
|-damage|p1a: Pyroar|0 fnt
|faint|p1a: Pyroar
|-hitcount|p1: Pyroar|2
|-unboost|p2a: Haxorus|def|1
|-boost|p2a: Haxorus|spe|1
|
|upkeep
|
|t:|1758969703
|switch|p1a: Toedscruel|Toedscruel, F|43/100 tox
|turn|20
|
|t:|1758969708
|move|p2a: Haxorus|Scale Shot|p1a: Toedscruel
|-damage|p1a: Toedscruel|15/100 tox
|-damage|p1a: Toedscruel|0 fnt
|faint|p1a: Toedscruel
|-hitcount|p1: Toedscruel|2
|-unboost|p2a: Haxorus|def|1
|-boost|p2a: Haxorus|spe|1
|
|upkeep
|-message|yijing forfeited.
|
|win|FilipW
|raw|yijing's rating: 1103 &rarr; <strong>1080</strong><br />(-23 for losing)
|raw|FilipW's rating: 1133 &rarr; <strong>1156</strong><br />(+23 for winning)
|l|☆yijing
|player|p1|
|l|☆FilipW
|player|p2|
