|j|☆kemious
|j|☆suprya
|t:|1758940672
|gametype|singles
|player|p1|kemious|265|1576
|player|p2|suprya|preschooler|1603
|gen|9
|tier|[Gen 9] OU
|rated|
|rule|HP Percentage Mod: HP is shown in percentages
|rule|Endless Battle Clause: Forcing endless battles is banned
|rule|Species Clause: Limit one of each Pokémon
|rule|OHKO Clause: OHKO moves are banned
|rule|Evasion Items Clause: Evasion items are banned
|rule|Evasion Moves Clause: Evasion moves are banned
|rule|Evasion Abilities Clause: Evasion abilities are banned
|rule|Sleep Moves Clause: Sleep-inducing moves are banned
|clearpoke
|poke|p1|Chesnaught, M|
|poke|p1|Gastrodon, F|
|poke|p1|Kilowattrel, F|
|poke|p1|Glimmora, F|
|poke|p1|Ceruledge, M|
|poke|p1|Goodra-Hisui, F|
|poke|p2|Samurott-Hisui, F|
|poke|p2|Fezandipiti, M|
|poke|p2|Zamazenta-*|
|poke|p2|Weavile, M|
|poke|p2|Corviknight, M|
|poke|p2|Palossand, M|
|teampreview
|inactive|Battle timer is ON: inactive players will automatically lose when time's up. (requested by suprya)
|
|t:|1758940690
|teamsize|p1|6
|teamsize|p2|6
|start
|switch|p1a: Goodra|Goodra-Hisui, F|100/100
|switch|p2a: Palossand|Palossand, M|100/100
|turn|1
|
|t:|1758940694
|move|p1a: Goodra|Knock Off|p2a: Palossand
|-supereffective|p2a: Palossand
|-damage|p2a: Palossand|74/100
|-damage|p1a: Goodra|84/100|[from] item: Rocky Helmet|[of] p2a: Palossand
|-enditem|p2a: Palossand|Rocky Helmet|[from] move: Knock Off|[of] p1a: Goodra
|move|p2a: Palossand|Stealth Rock|p1a: Goodra
|-sidestart|p1: kemious|move: Stealth Rock
|
|upkeep
|turn|2
|
|t:|1758940702
|switch|p2a: Samurott|Samurott-Hisui, F|100/100
|move|p1a: Goodra|Ice Beam|p2a: Samurott
|-resisted|p2a: Samurott
|-damage|p2a: Samurott|82/100
|
|upkeep
|turn|3
|
|t:|1758940711
|switch|p1a: Glimmora|Glimmora, F|100/100
|-damage|p1a: Glimmora|88/100|[from] Stealth Rock
|move|p2a: Samurott|Ceaseless Edge|p1a: Glimmora
|-damage|p1a: Glimmora|55/100
|-activate|p1a: Glimmora|ability: Toxic Debris
|-sidestart|p2: suprya|move: Toxic Spikes
|-sidestart|p1: kemious|Spikes
|-enditem|p1a: Glimmora|Red Card|[of] p2a: Samurott
|drag|p2a: Corviknight|Corviknight, M|100/100
|-ability|p2a: Corviknight|Pressure
|
|upkeep
|turn|4
|
|t:|1758940723
|move|p1a: Glimmora|Power Gem|p2a: Corviknight
|-damage|p2a: Corviknight|72/100
|move|p2a: Corviknight|U-turn|p1a: Glimmora
|-resisted|p1a: Glimmora
|-damage|p1a: Glimmora|50/100
|-activate|p1a: Glimmora|ability: Toxic Debris
|-sidestart|p2: suprya|move: Toxic Spikes
|
|t:|1758940742
|switch|p2a: Samurott|Samurott-Hisui, F|82/100|[from] U-turn
|
|upkeep
|turn|5
|
|t:|1758940747
|move|p2a: Samurott|Aqua Cutter|p1a: Glimmora
|-supereffective|p1a: Glimmora
|-crit|p1a: Glimmora
|-damage|p1a: Glimmora|0 fnt
|faint|p1a: Glimmora
|
|upkeep
|
|t:|1758940751
|switch|p1a: Kilowattrel|Kilowattrel, F, shiny|100/100
|turn|6
|
|t:|1758940761
|switch|p2a: Fezandipiti|Fezandipiti, M|100/100
|-sideend|p2: suprya|move: Toxic Spikes|[of] p2a: Fezandipiti
|move|p1a: Kilowattrel|Discharge|p2a: Fezandipiti
|-damage|p2a: Fezandipiti|67/100
|
|-heal|p2a: Fezandipiti|73/100|[from] item: Leftovers
|upkeep
|turn|7
|
|t:|1758940768
|move|p1a: Kilowattrel|Thunder Wave|p2a: Fezandipiti
|-status|p2a: Fezandipiti|par
|cant|p2a: Fezandipiti|par
|
|-heal|p2a: Fezandipiti|79/100 par|[from] item: Leftovers
|upkeep
|turn|8
|
|t:|1758940773
|move|p1a: Kilowattrel|Air Slash|p2a: Fezandipiti
|-damage|p2a: Fezandipiti|51/100 par
|cant|p2a: Fezandipiti|flinch
|
|-heal|p2a: Fezandipiti|57/100 par|[from] item: Leftovers
|upkeep
|turn|9
|
|t:|1758940777
|move|p1a: Kilowattrel|Air Slash|p2a: Fezandipiti
|-damage|p2a: Fezandipiti|24/100 par
|move|p2a: Fezandipiti|Roost|p2a: Fezandipiti
|-heal|p2a: Fezandipiti|75/100 par
|-singleturn|p2a: Fezandipiti|move: Roost
|
|-heal|p2a: Fezandipiti|81/100 par|[from] item: Leftovers
|upkeep
|turn|10
|
|t:|1758940784
|move|p1a: Kilowattrel|Air Slash|p2a: Fezandipiti
|-damage|p2a: Fezandipiti|53/100 par
|move|p2a: Fezandipiti|Moonblast|p1a: Kilowattrel
|-damage|p1a: Kilowattrel|44/100
|-status|p1a: Kilowattrel|tox|[from] ability: Toxic Chain|[of] p2a: Fezandipiti
|
|-heal|p2a: Fezandipiti|59/100 par|[from] item: Leftovers
|-damage|p1a: Kilowattrel|38/100 tox|[from] psn
|upkeep
|turn|11
|
|t:|1758940792
|move|p1a: Kilowattrel|Volt Switch|p2a: Fezandipiti
|-damage|p2a: Fezandipiti|29/100 par
|
|t:|1758940795
|switch|p1a: Ceruledge|Ceruledge, M|100/100|[from] Volt Switch
|cant|p2a: Fezandipiti|par
|
|-heal|p2a: Fezandipiti|35/100 par|[from] item: Leftovers
|upkeep
|turn|12
|
|t:|1758940813
|switch|p1a: Chesnaught|Chesnaught, M|100/100
|-damage|p1a: Chesnaught|94/100|[from] Stealth Rock
|-damage|p1a: Chesnaught|82/100|[from] Spikes
|switch|p2a: Samurott|Samurott-Hisui, F|82/100
|
|-heal|p1a: Chesnaught|88/100|[from] item: Leftovers
|upkeep
|turn|13
|
|t:|1758940824
|switch|p2a: Corviknight|Corviknight, M|72/100
|-ability|p2a: Corviknight|Pressure
|move|p1a: Chesnaught|Body Press|p2a: Corviknight
|-crit|p2a: Corviknight
|-damage|p2a: Corviknight|26/100
|-damage|p1a: Chesnaught|72/100|[from] item: Rocky Helmet|[of] p2a: Corviknight
|
|-heal|p1a: Chesnaught|78/100|[from] item: Leftovers
|upkeep
|turn|14
|
|t:|1758940832
|move|p1a: Chesnaught|Body Press|p2a: Corviknight
|-damage|p2a: Corviknight|0 fnt
|-damage|p1a: Chesnaught|61/100|[from] item: Rocky Helmet|[of] p2a: Corviknight
|faint|p2a: Corviknight
|
|-heal|p1a: Chesnaught|67/100|[from] item: Leftovers
|upkeep
|
|t:|1758940839
|switch|p2a: Palossand|Palossand, M|74/100
|turn|15
|
|t:|1758940847
|switch|p1a: Goodra|Goodra-Hisui, F|84/100
|-damage|p1a: Goodra|78/100|[from] Stealth Rock
|-damage|p1a: Goodra|66/100|[from] Spikes
|move|p2a: Palossand|Earth Power|p1a: Goodra
|-supereffective|p1a: Goodra
|-damage|p1a: Goodra|39/100
|
|upkeep
|turn|16
|
|t:|1758940855
|switch|p2a: Samurott|Samurott-Hisui, F|82/100
|move|p1a: Goodra|Ice Beam|p2a: Samurott
|-resisted|p2a: Samurott
|-damage|p2a: Samurott|63/100
|
|upkeep
|turn|17
|-message|kemious forfeited.
|
|win|suprya
|raw|kemious's rating: 1576 &rarr; <strong>1558</strong><br />(-18 for losing)
|raw|suprya's rating: 1603 &rarr; <strong>1621</strong><br />(+18 for winning)
|l|☆kemious
|player|p1|
|l|☆suprya
|player|p2|
