|j|☆teto mono
|j|☆JBL_09
|t:|1758955603
|gametype|singles
|player|p1|teto mono|lady-gen4|1173
|player|p2|JBL_09|steven|1139
|gen|9
|tier|[Gen 9] OU
|rated|
|rule|HP Percentage Mod: HP is shown in percentages
|rule|Endless Battle Clause: Forcing endless battles is banned
|rule|Species Clause: Limit one of each Pokémon
|rule|OHKO Clause: OHKO moves are banned
|rule|Evasion Items Clause: Evasion items are banned
|rule|Evasion Moves Clause: Evasion moves are banned
|rule|Evasion Abilities Clause: Evasion abilities are banned
|rule|Sleep Moves Clause: Sleep-inducing moves are banned
|clearpoke
|poke|p1|Clefable, M|
|poke|p1|Landorus-Therian, M|
|poke|p1|Ogerpon-Wellspring, F|
|poke|p1|Gholdengo|
|poke|p1|Dragonite, M|
|poke|p1|Morpeko, F|
|poke|p2|Dragapult, M|
|poke|p2|Great Tusk|
|poke|p2|Kingambit, M|
|poke|p2|Slowking-Galar, M|
|poke|p2|Alomomola, F|
|poke|p2|Landorus-Therian, M|
|teampreview
|inactive|Battle timer is ON: inactive players will automatically lose when time's up. (requested by teto mono)
|
|t:|1758955615
|teamsize|p1|6
|teamsize|p2|6
|start
|switch|p1a: Morpeko|Morpeko, F|100/100
|switch|p2a: Landorus|Landorus-Therian, M|100/100
|-ability|p2a: Landorus|Intimidate|boost
|-unboost|p1a: Morpeko|atk|1
|turn|1
|
|t:|1758955624
|move|p1a: Morpeko|Parting Shot|p2a: Landorus
|-unboost|p2a: Landorus|atk|1
|-unboost|p2a: Landorus|spa|1
|
|t:|1758955634
|switch|p1a: Gholdengo|Gholdengo|100/100|[from] Parting Shot
|-item|p1a: Gholdengo|Air Balloon
|move|p2a: Landorus|Earthquake|p1a: Gholdengo
|-immune|p1a: Gholdengo
|
|upkeep
|turn|2
|inactive|teto mono has 120 seconds left.
|
|t:|1758955666
|move|p2a: Landorus|Stealth Rock|p1a: Gholdengo
|-sidestart|p1: teto mono|move: Stealth Rock
|move|p1a: Gholdengo|Shadow Ball|p2a: Landorus
|-damage|p2a: Landorus|46/100
|
|upkeep
|turn|3
|
|t:|1758955676
|switch|p2a: Kingambit|Kingambit, M|100/100
|-item|p2a: Kingambit|Air Balloon
|move|p1a: Gholdengo|Shadow Ball|p2a: Kingambit
|-resisted|p2a: Kingambit
|-damage|p2a: Kingambit|76/100
|-enditem|p2a: Kingambit|Air Balloon
|
|upkeep
|turn|4
|
|t:|1758955694
|switch|p1a: Morpeko|Morpeko, F|100/100
|move|p2a: Kingambit|Swords Dance|p2a: Kingambit
|-boost|p2a: Kingambit|atk|2
|
|-formechange|p1a: Morpeko|Morpeko-Hangry||[from] ability: Hunger Switch
|upkeep
|turn|5
|
|t:|1758955710
|move|p1a: Morpeko|Parting Shot|p2a: Kingambit
|-unboost|p2a: Kingambit|atk|1
|-unboost|p2a: Kingambit|spa|1
|
|t:|1758955713
|switch|p1a: Landorus|Landorus-Therian, M|100/100|[from] Parting Shot
|-ability|p1a: Landorus|Intimidate|boost
|-unboost|p2a: Kingambit|atk|1
|move|p2a: Kingambit|Kowtow Cleave|p1a: Landorus
|-damage|p1a: Landorus|44/100
|
|upkeep
|turn|6
|
|t:|1758955724
|-end|p2a: Kingambit|fallenundefined|[silent]
|switch|p2a: Alomomola|Alomomola, F|100/100
|move|p1a: Landorus|Earthquake|p2a: Alomomola
|-damage|p2a: Alomomola|68/100
|
|upkeep
|turn|7
|
|t:|1758955731
|move|p1a: Landorus|U-turn|p2a: Alomomola
|-damage|p2a: Alomomola|53/100
|
|t:|1758955743
|switch|p1a: Clefable|Clefable, M|100/100|[from] U-turn
|-damage|p1a: Clefable|88/100|[from] Stealth Rock
|move|p2a: Alomomola|Wish|p2a: Alomomola
|
|upkeep
|turn|8
|
|t:|1758955751
|move|p2a: Alomomola|Flip Turn|p1a: Clefable
|-damage|p1a: Clefable|68/100
|
|t:|1758955758
|switch|p2a: Kingambit|Kingambit, M|76/100|[from] Flip Turn
|move|p1a: Clefable|Cosmic Power|p1a: Clefable
|-boost|p1a: Clefable|def|1
|-boost|p1a: Clefable|spd|1
|
|-heal|p2a: Kingambit|100/100|[from] move: Wish|[wisher] Alomomola
|upkeep
|turn|9
|
|t:|1758955772
|move|p1a: Clefable|Cosmic Power|p1a: Clefable
|-boost|p1a: Clefable|def|1
|-boost|p1a: Clefable|spd|1
|move|p2a: Kingambit|Swords Dance|p2a: Kingambit
|-boost|p2a: Kingambit|atk|2
|
|upkeep
|turn|10
|
|t:|1758955787
|-terastallize|p1a: Clefable|Steel
|move|p1a: Clefable|Moonblast|p2a: Kingambit
|-damage|p2a: Kingambit|52/100
|-damage|p1a: Clefable|58/100|[from] item: Life Orb
|move|p2a: Kingambit|Iron Head|p1a: Clefable
|-resisted|p1a: Clefable
|-damage|p1a: Clefable|46/100
|
|upkeep
|turn|11
|
|t:|1758955797
|move|p2a: Kingambit|Sucker Punch|p1a: Clefable
|-damage|p1a: Clefable|23/100
|move|p1a: Clefable|Moonblast|p2a: Kingambit
|-damage|p2a: Kingambit|4/100
|-damage|p1a: Clefable|13/100|[from] item: Life Orb
|
|upkeep
|turn|12
|
|t:|1758955805
|move|p2a: Kingambit|Sucker Punch||[still]
|-fail|p2a: Kingambit
|move|p1a: Clefable|Moonlight|p1a: Clefable
|-heal|p1a: Clefable|63/100
|
|upkeep
|turn|13
|
|t:|1758955812
|-end|p2a: Kingambit|fallenundefined|[silent]
|switch|p2a: Great Tusk|Great Tusk|100/100
|-enditem|p2a: Great Tusk|Booster Energy
|-activate|p2a: Great Tusk|ability: Protosynthesis|[fromitem]
|-start|p2a: Great Tusk|protosynthesisspe
|move|p1a: Clefable|Moonlight|p1a: Clefable
|-heal|p1a: Clefable|100/100
|
|upkeep
|turn|14
|
|t:|1758955826
|move|p2a: Great Tusk|Ice Spinner|p1a: Clefable
|-resisted|p1a: Clefable
|-damage|p1a: Clefable|93/100
|move|p1a: Clefable|Moonblast|p2a: Great Tusk
|-supereffective|p2a: Great Tusk
|-damage|p2a: Great Tusk|0 fnt
|faint|p2a: Great Tusk
|-end|p2a: Great Tusk|Protosynthesis|[silent]
|-damage|p1a: Clefable|83/100|[from] item: Life Orb
|
|upkeep
|
|t:|1758955839
|switch|p2a: Landorus|Landorus-Therian, M|46/100
|-ability|p2a: Landorus|Intimidate|boost
|-unboost|p1a: Clefable|atk|1
|turn|15
|
|t:|1758955856
|move|p2a: Landorus|Earthquake|p1a: Clefable
|-supereffective|p1a: Clefable
|-damage|p1a: Clefable|29/100
|move|p1a: Clefable|Stored Power|p2a: Landorus
|-damage|p2a: Landorus|8/100
|-damage|p1a: Clefable|19/100|[from] item: Life Orb
|
|upkeep
|turn|16
|
|t:|1758955870
|move|p2a: Landorus|Taunt|p1a: Clefable
|-start|p1a: Clefable|move: Taunt
|move|p1a: Clefable|Stored Power|p2a: Landorus
|-damage|p2a: Landorus|0 fnt
|faint|p2a: Landorus
|-damage|p1a: Clefable|9/100|[from] item: Life Orb
|
|upkeep
|
|t:|1758955882
|switch|p2a: Kingambit|Kingambit, M|4/100
|-activate|p2a: Kingambit|ability: Supreme Overlord
|-start|p2a: Kingambit|fallen2|[silent]
|turn|17
|
|t:|1758955888
|move|p1a: Clefable|Moonblast|p2a: Kingambit
|-damage|p2a: Kingambit|0 fnt
|faint|p2a: Kingambit
|-end|p2a: Kingambit|fallen2|[silent]
|-damage|p1a: Clefable|0 fnt|[from] item: Life Orb
|faint|p1a: Clefable
|
|upkeep
|
|t:|1758955899
|switch|p1a: Landorus|Landorus-Therian, M|44/100
|switch|p2a: Dragapult|Dragapult, M, shiny|100/100
|-ability|p1a: Landorus|Intimidate|boost
|-fail|p2a: Dragapult|unboost|[from] ability: Clear Body|[of] p2a: Dragapult
|turn|18
|
|t:|1758955923
|move|p2a: Dragapult|Draco Meteor|p1a: Landorus
|-damage|p1a: Landorus|0 fnt
|-unboost|p2a: Dragapult|spa|2
|faint|p1a: Landorus
|
|upkeep
|
|t:|1758955934
|switch|p1a: Ogerpon|Ogerpon-Wellspring, F|100/100
|-damage|p1a: Ogerpon|88/100|[from] Stealth Rock
|turn|19
|
|t:|1758955940
|switch|p2a: Alomomola|Alomomola, F|87/100
|move|p1a: Ogerpon|Trailblaze|p2a: Alomomola
|-supereffective|p2a: Alomomola
|-damage|p2a: Alomomola|45/100
|-boost|p1a: Ogerpon|spe|1
|
|upkeep
|turn|20
|
|t:|1758955950
|switch|p2a: Slowking|Slowking-Galar, M, shiny|100/100
|move|p1a: Ogerpon|Swords Dance|p1a: Ogerpon
|-boost|p1a: Ogerpon|atk|2
|
|upkeep
|turn|21
|
|t:|1758955958
|move|p1a: Ogerpon|Ivy Cudgel|p2a: Slowking|[anim] Ivy Cudgel Water
|-damage|p2a: Slowking|0 fnt
|faint|p2a: Slowking
|
|upkeep
|
|t:|1758955964
|switch|p2a: Alomomola|Alomomola, F|79/100
|turn|22
|
|t:|1758955969
|move|p1a: Ogerpon|Trailblaze|p2a: Alomomola
|-supereffective|p2a: Alomomola
|-damage|p2a: Alomomola|0 fnt
|-boost|p1a: Ogerpon|spe|1
|faint|p2a: Alomomola
|
|upkeep
|
|t:|1758955979
|switch|p2a: Dragapult|Dragapult, M, shiny|100/100
|turn|23
|
|t:|1758955984
|-terastallize|p2a: Dragapult|Ghost
|move|p1a: Ogerpon|Play Rough|p2a: Dragapult
|-damage|p2a: Dragapult|0 fnt
|faint|p2a: Dragapult
|
|win|teto mono
|raw|teto mono's rating: 1173 &rarr; <strong>1196</strong><br />(+23 for winning)
|raw|JBL_09's rating: 1139 &rarr; <strong>1116</strong><br />(-23 for losing)
|c|☆teto mono|GG
|l|☆teto mono
|player|p1|
|l|☆JBL_09
|player|p2|
