|badge|p2|bronze|gen9ou|100-6
|html|<div class="broadcast-red"><strong>This battle is required to be public due to one or more player having a season medal.</strong><br />During the public phase, you can discuss the state of the ladder <a href="/seasondiscussion">in a special chatroom.</a></div>
|uhtml|medal-msg|<div class="broadcast-blue">Curious what those medals under the avatar are? PS now has Ladder Seasons! For more information, check out the <a href="https://www.smogon.com/forums/threads/3740067/">thread on Smogon.</a></div>
|raw|<div class="broadcast-blue"><strong>This battle is required to be public due to a player having a name starting with 'medal'.</div>
|j|‽ho3nconfirm3d
|j|☆Dr Greg H
|t:|1758996099
|gametype|singles
|player|p1|ho3nconfirm3d|#scl5shoguns|1789
|player|p2|Dr Greg H|pokemonbreeder-gen4|1858
|gen|9
|tier|[Gen 9] OU
|rated|
|rule|HP Percentage Mod: HP is shown in percentages
|rule|Endless Battle Clause: Forcing endless battles is banned
|rule|Species Clause: Limit one of each Pokémon
|rule|OHKO Clause: OHKO moves are banned
|rule|Evasion Items Clause: Evasion items are banned
|rule|Evasion Moves Clause: Evasion moves are banned
|rule|Evasion Abilities Clause: Evasion abilities are banned
|rule|Sleep Moves Clause: Sleep-inducing moves are banned
|clearpoke
|poke|p1|Dondozo, M|
|poke|p1|Corviknight, F|
|poke|p1|Slowking-Galar, M|
|poke|p1|Great Tusk|
|poke|p1|Dragapult, M|
|poke|p1|Kingambit, M|
|poke|p2|Hatterene, F|
|poke|p2|Great Tusk|
|poke|p2|Ceruledge, M|
|poke|p2|Ting-Lu|
|poke|p2|Dragonite, F|
|poke|p2|Kyurem|
|teampreview
|inactive|Battle timer is ON: inactive players will automatically lose when time's up. (requested by Dr Greg H)
|j| shrek5baby
|j| fredinpanbisin
|j| asunojokei
|inactive|ho3nconfirm3d has 120 seconds left.
|j| tiochicodobos
|inactive|ho3nconfirm3d has 90 seconds left.
|n|‽ho3nconfirm3d|ho3nconfirm3d
|
|t:|1758996185
|teamsize|p1|6
|teamsize|p2|6
|start
|switch|p1a: Great Tusk|Great Tusk|100/100
|switch|p2a: Hatterene|Hatterene, F|100/100
|turn|1
|
|t:|1758996203
|-end|p1a: Great Tusk|Protosynthesis|[silent]
|switch|p1a: Slowking|Slowking-Galar, M|100/100
|move|p2a: Hatterene|Nuzzle|p1a: Slowking
|-damage|p1a: Slowking|96/100
|-status|p1a: Slowking|par
|
|upkeep
|turn|2
|l| shrek5baby
|
|t:|1758996213
|switch|p1a: Great Tusk|Great Tusk|100/100
|move|p2a: Hatterene|Psyshock|p1a: Great Tusk
|-supereffective|p1a: Great Tusk
|-damage|p1a: Great Tusk|44/100
|
|upkeep
|turn|3
|
|t:|1758996218
|-end|p1a: Great Tusk|Protosynthesis|[silent]
|switch|p1a: Slowking|Slowking-Galar, M|100/100 par
|move|p2a: Hatterene|Psyshock|p1a: Slowking
|-crit|p1a: Slowking
|-damage|p1a: Slowking|41/100 par
|
|upkeep
|turn|4
|
|t:|1758996227
|move|p2a: Hatterene|Psyshock|p1a: Slowking
|-damage|p1a: Slowking|0 fnt
|faint|p1a: Slowking
|
|upkeep
|
|t:|1758996230
|switch|p1a: Kingambit|Kingambit, M|100/100
|-activate|p1a: Kingambit|ability: Supreme Overlord
|-start|p1a: Kingambit|fallen1|[silent]
|-item|p1a: Kingambit|Air Balloon
|turn|5
|
|t:|1758996232
|switch|p2a: Great Tusk|Great Tusk|100/100
|move|p1a: Kingambit|Iron Head|p2a: Great Tusk
|-damage|p2a: Great Tusk|72/100
|
|-heal|p2a: Great Tusk|78/100|[from] item: Leftovers
|upkeep
|turn|6
|
|t:|1758996235
|-end|p1a: Kingambit|fallen1|[silent]
|switch|p1a: Corviknight|Corviknight, F|100/100
|-ability|p1a: Corviknight|Pressure
|move|p2a: Great Tusk|Knock Off|p1a: Corviknight
|-damage|p1a: Corviknight|84/100
|-damage|p2a: Great Tusk|62/100|[from] item: Rocky Helmet|[of] p1a: Corviknight
|-enditem|p1a: Corviknight|Rocky Helmet|[from] move: Knock Off|[of] p2a: Great Tusk
|
|-heal|p2a: Great Tusk|68/100|[from] item: Leftovers
|upkeep
|turn|7
|
|t:|1758996240
|-end|p2a: Great Tusk|Protosynthesis|[silent]
|switch|p2a: Kyurem|Kyurem|100/100
|-ability|p2a: Kyurem|Pressure
|move|p1a: Corviknight|Brave Bird|p2a: Kyurem
|-damage|p2a: Kyurem|64/100
|-damage|p1a: Corviknight|72/100|[from] Recoil
|
|upkeep
|turn|8
|
|t:|1758996244
|move|p2a: Kyurem|Ice Beam|p1a: Corviknight
|-damage|p1a: Corviknight|7/100
|move|p1a: Corviknight|Body Press|p2a: Kyurem
|-supereffective|p2a: Kyurem
|-damage|p2a: Kyurem|16/100
|
|upkeep
|turn|9
|
|t:|1758996248
|switch|p1a: Dondozo|Dondozo, M|100/100
|move|p2a: Kyurem|Ice Beam|p1a: Dondozo
|-resisted|p1a: Dondozo
|-damage|p1a: Dondozo|77/100
|
|-heal|p1a: Dondozo|84/100|[from] item: Leftovers
|upkeep
|turn|10
|
|t:|1758996252
|switch|p2a: Hatterene|Hatterene, F|100/100
|move|p1a: Dondozo|Earthquake|p2a: Hatterene
|-damage|p2a: Hatterene|77/100
|
|-heal|p1a: Dondozo|90/100|[from] item: Leftovers
|upkeep
|turn|11
|
|t:|1758996259
|move|p1a: Dondozo|Protect|p1a: Dondozo
|-singleturn|p1a: Dondozo|Protect
|move|p2a: Hatterene|Draining Kiss|p1a: Dondozo
|-activate|p1a: Dondozo|move: Protect
|
|-heal|p1a: Dondozo|96/100|[from] item: Leftovers
|upkeep
|turn|12
|
|t:|1758996262
|move|p1a: Dondozo|Wave Crash|p2a: Hatterene
|-damage|p2a: Hatterene|33/100
|-damage|p1a: Dondozo|87/100|[from] Recoil
|move|p2a: Hatterene|Psychic Noise|p1a: Dondozo
|-damage|p1a: Dondozo|58/100
|-start|p1a: Dondozo|move: Heal Block
|
|upkeep
|turn|13
|j| larp legion
|
|t:|1758996278
|switch|p2a: Ting-Lu|Ting-Lu|100/100
|-ability|p2a: Ting-Lu|Vessel of Ruin
|move|p1a: Dondozo|Wave Crash|p2a: Ting-Lu
|-supereffective|p2a: Ting-Lu
|-damage|p2a: Ting-Lu|50/100
|-damage|p1a: Dondozo|41/100|[from] Recoil
|
|-heal|p2a: Ting-Lu|56/100|[from] item: Leftovers
|-end|p1a: Dondozo|move: Heal Block
|upkeep
|turn|14
|
|t:|1758996282
|move|p2a: Ting-Lu|Stealth Rock|p1a: Dondozo
|-sidestart|p1: ho3nconfirm3d|move: Stealth Rock
|move|p1a: Dondozo|Curse|p1a: Dondozo
|-unboost|p1a: Dondozo|spe|1
|-boost|p1a: Dondozo|atk|1
|-boost|p1a: Dondozo|def|1
|
|-heal|p2a: Ting-Lu|62/100|[from] item: Leftovers
|-heal|p1a: Dondozo|47/100|[from] item: Leftovers
|upkeep
|turn|15
|
|t:|1758996286
|move|p1a: Dondozo|Wave Crash|p2a: Ting-Lu
|-supereffective|p2a: Ting-Lu
|-damage|p2a: Ting-Lu|0 fnt
|faint|p2a: Ting-Lu
|-damage|p1a: Dondozo|26/100|[from] Recoil
|
|-heal|p1a: Dondozo|32/100|[from] item: Leftovers
|upkeep
|
|t:|1758996289
|switch|p2a: Kyurem|Kyurem|16/100
|-ability|p2a: Kyurem|Pressure
|turn|16
|l| larp legion
|
|t:|1758996292
|move|p1a: Dondozo|Protect|p1a: Dondozo
|-singleturn|p1a: Dondozo|Protect
|move|p2a: Kyurem|Freeze-Dry|p1a: Dondozo
|-activate|p1a: Dondozo|move: Protect
|
|-heal|p1a: Dondozo|38/100|[from] item: Leftovers
|upkeep
|turn|17
|
|t:|1758996297
|switch|p1a: Corviknight|Corviknight, F|7/100
|-damage|p1a: Corviknight|0 fnt|[from] Stealth Rock
|faint|p1a: Corviknight
|move|p2a: Kyurem|Freeze-Dry|p1: Corviknight|[notarget]
|-fail|p2a: Kyurem
|
|upkeep
|
|t:|1758996298
|switch|p1a: Dragapult|Dragapult, M|100/100
|-damage|p1a: Dragapult|88/100|[from] Stealth Rock
|turn|18
|
|t:|1758996303
|switch|p2a: Hatterene|Hatterene, F|33/100
|move|p1a: Dragapult|Hex|p2a: Hatterene
|-supereffective|p2a: Hatterene
|-damage|p2a: Hatterene|0 fnt
|faint|p2a: Hatterene
|
|upkeep
|
|t:|1758996313
|switch|p2a: Ceruledge|Ceruledge, M|100/100
|turn|19
|
|t:|1758996319
|-terastallize|p1a: Dragapult|Dragon
|move|p1a: Dragapult|Dragon Darts|p2a: Ceruledge
|-crit|p2a: Ceruledge
|-damage|p2a: Ceruledge|28/100
|-ability|p2a: Ceruledge|Weak Armor|boost
|-unboost|p2a: Ceruledge|def|1
|-boost|p2a: Ceruledge|spe|2
|-anim|p1a: Dragapult|Dragon Darts|p2a: Ceruledge
|-damage|p2a: Ceruledge|0 fnt
|faint|p2a: Ceruledge
|
|upkeep
|
|t:|1758996323
|switch|p2a: Dragonite|Dragonite, F|100/100
|turn|20
|
|t:|1758996328
|-terastallize|p2a: Dragonite|Fairy
|move|p1a: Dragapult|Will-O-Wisp|p2a: Dragonite
|-status|p2a: Dragonite|brn
|move|p2a: Dragonite|Tera Blast|p1a: Dragapult|[anim] Tera Blast Fairy
|-supereffective|p1a: Dragapult
|-damage|p1a: Dragapult|31/100
|
|-damage|p2a: Dragonite|95/100 brn|[from] brn
|upkeep
|turn|21
|
|t:|1758996337
|switch|p1a: Kingambit|Kingambit, M|100/100
|-damage|p1a: Kingambit|94/100|[from] Stealth Rock
|-activate|p1a: Kingambit|ability: Supreme Overlord
|-start|p1a: Kingambit|fallen2|[silent]
|-item|p1a: Kingambit|Air Balloon
|move|p2a: Dragonite|Tera Blast|p1a: Kingambit|[anim] Tera Blast Fairy
|-damage|p1a: Kingambit|75/100
|-enditem|p1a: Kingambit|Air Balloon
|
|-heal|p2a: Dragonite|100/100 brn|[from] item: Leftovers
|-damage|p2a: Dragonite|95/100 brn|[from] brn
|upkeep
|turn|22
|
|t:|1758996340
|switch|p2a: Great Tusk|Great Tusk|68/100
|move|p1a: Kingambit|Iron Head|p2a: Great Tusk
|-damage|p2a: Great Tusk|36/100
|
|-heal|p2a: Great Tusk|42/100|[from] item: Leftovers
|upkeep
|turn|23
|
|t:|1758996347
|move|p2a: Great Tusk|Headlong Rush|p1a: Kingambit
|-supereffective|p1a: Kingambit
|-damage|p1a: Kingambit|0 fnt
|-unboost|p2a: Great Tusk|def|1
|-unboost|p2a: Great Tusk|spd|1
|faint|p1a: Kingambit
|-end|p1a: Kingambit|fallen2|[silent]
|
|-heal|p2a: Great Tusk|48/100|[from] item: Leftovers
|upkeep
|
|t:|1758996354
|switch|p1a: Dragapult|Dragapult, M, tera:Dragon|31/100
|-damage|p1a: Dragapult|19/100|[from] Stealth Rock
|turn|24
|
|t:|1758996358
|-end|p2a: Great Tusk|Protosynthesis|[silent]
|switch|p2a: Dragonite|Dragonite, F, tera:Fairy|95/100 brn
|move|p1a: Dragapult|Hex|p2a: Dragonite
|-crit|p2a: Dragonite
|-damage|p2a: Dragonite|18/100 brn
|
|-heal|p2a: Dragonite|24/100 brn|[from] item: Leftovers
|-damage|p2a: Dragonite|18/100 brn|[from] brn
|upkeep
|turn|25
|-message|Dr Greg H forfeited.
|
|win|ho3nconfirm3d
|raw|ho3nconfirm3d's rating: 1789 &rarr; <strong>1813</strong><br />(+24 for winning)
|raw|Dr Greg H's rating: 1858 &rarr; <strong>1834</strong><br />(-24 for losing)
|l| tiochicodobos
|l|‽ho3nconfirm3d
|player|p1|
|j| larp legion
|l| larp legion
|l|☆Dr Greg H
|player|p2|
|j| larp legion
|l| larp legion
|j| larp legion
