|j|☆LX1987
|j|☆Jdawg_2100
|t:|1759029127
|gametype|singles
|player|p1|LX1987|169|1289
|player|p2|Jdawg_2100|hilbert|1283
|gen|9
|tier|[Gen 9] OU
|rated|
|rule|HP Percentage Mod: HP is shown in percentages
|rule|Endless Battle Clause: Forcing endless battles is banned
|rule|Species Clause: Limit one of each Pokémon
|rule|OHKO Clause: OHKO moves are banned
|rule|Evasion Items Clause: Evasion items are banned
|rule|Evasion Moves Clause: Evasion moves are banned
|rule|Evasion Abilities Clause: Evasion abilities are banned
|rule|Sleep Moves Clause: Sleep-inducing moves are banned
|clearpoke
|poke|p1|Dragapult, F|
|poke|p1|Empoleon, F|
|poke|p1|Chesnaught, F|
|poke|p1|Entei|
|poke|p1|Ditto|
|poke|p1|Weezing-Galar, F|
|poke|p2|Raging Bolt|
|poke|p2|Walking Wake|
|poke|p2|Dragapult, F|
|poke|p2|Garchomp, M|
|poke|p2|Dragonite, M|
|poke|p2|Salamence, F|
|teampreview
|inactive|Battle timer is ON: inactive players will automatically lose when time's up. (requested by LX1987)
|c|☆Jdawg_2100|glhf
|inactive|Jdawg_2100 also wants the timer to be on.
|
|t:|1759029145
|teamsize|p1|6
|teamsize|p2|6
|start
|switch|p1a: Dragapult|Dragapult, F|100/100
|switch|p2a: Garchomp|Garchomp, M|100/100
|turn|1
|
|t:|1759029157
|move|p1a: Dragapult|Dragon Darts|p2a: Garchomp
|-supereffective|p2a: Garchomp
|-damage|p2a: Garchomp|69/100
|-anim|p1a: Dragapult|Dragon Darts|p2a: Garchomp
|-supereffective|p2a: Garchomp
|-damage|p2a: Garchomp|37/100
|move|p2a: Garchomp|Stealth Rock|p1a: Dragapult
|-sidestart|p1: LX1987|move: Stealth Rock
|
|upkeep
|turn|2
|
|t:|1759029169
|move|p1a: Dragapult|Dragon Dance|p1a: Dragapult
|-boost|p1a: Dragapult|atk|1
|-boost|p1a: Dragapult|spe|1
|move|p2a: Garchomp|Spikes|p1a: Dragapult
|-sidestart|p1: LX1987|Spikes
|
|upkeep
|turn|3
|
|t:|1759029177
|move|p1a: Dragapult|Dragon Darts|p2a: Garchomp
|-supereffective|p2a: Garchomp
|-damage|p2a: Garchomp|0 fnt
|faint|p2a: Garchomp
|
|upkeep
|
|t:|1759029202
|switch|p2a: Dragonite|Dragonite, M|100/100
|turn|4
|
|t:|1759029214
|-terastallize|p2a: Dragonite|Fairy
|move|p1a: Dragapult|Dragon Darts|p2a: Dragonite
|-immune|p2a: Dragonite
|move|p2a: Dragonite|Tera Blast|p1a: Dragapult|[anim] Tera Blast Fairy
|-supereffective|p1a: Dragapult
|-damage|p1a: Dragapult|0 fnt
|faint|p1a: Dragapult
|
|upkeep
|
|t:|1759029228
|switch|p1a: Weezing|Weezing-Galar, F|100/100
|-damage|p1a: Weezing|88/100|[from] Stealth Rock
|turn|5
|
|t:|1759029243
|switch|p2a: Walking Wake|Walking Wake|100/100
|move|p1a: Weezing|Will-O-Wisp|p2a: Walking Wake
|-status|p2a: Walking Wake|brn
|
|-heal|p1a: Weezing|94/100|[from] item: Black Sludge
|-damage|p2a: Walking Wake|94/100 brn|[from] brn
|upkeep
|turn|6
|
|t:|1759029263
|switch|p1a: Empoleon|Empoleon, F|100/100
|-damage|p1a: Empoleon|94/100|[from] Stealth Rock
|-damage|p1a: Empoleon|82/100|[from] Spikes
|move|p2a: Walking Wake|Hydro Steam|p1a: Empoleon
|-resisted|p1a: Empoleon
|-damage|p1a: Empoleon|64/100
|
|-damage|p2a: Walking Wake|88/100 brn|[from] brn
|upkeep
|turn|7
|
|t:|1759029275
|-end|p2a: Walking Wake|Protosynthesis|[silent]
|switch|p2a: Raging Bolt|Raging Bolt|100/100
|-enditem|p2a: Raging Bolt|Booster Energy
|-activate|p2a: Raging Bolt|ability: Protosynthesis|[fromitem]
|-start|p2a: Raging Bolt|protosynthesisspa
|move|p1a: Empoleon|Ice Beam|p2a: Raging Bolt
|-supereffective|p2a: Raging Bolt
|-damage|p2a: Raging Bolt|58/100
|
|upkeep
|turn|8
|
|t:|1759029287
|move|p2a: Raging Bolt|Thunderbolt|p1a: Empoleon
|-supereffective|p1a: Empoleon
|-damage|p1a: Empoleon|0 fnt
|faint|p1a: Empoleon
|
|upkeep
|
|t:|1759029294
|switch|p1a: Entei|Entei|100/100
|-damage|p1a: Entei|76/100|[from] Stealth Rock
|-damage|p1a: Entei|63/100|[from] Spikes
|-ability|p1a: Entei|Pressure
|turn|9
|
|t:|1759029302
|move|p2a: Raging Bolt|Thunderclap||[still]
|-fail|p2a: Raging Bolt
|move|p1a: Entei|Swagger|p2a: Raging Bolt
|-boost|p2a: Raging Bolt|atk|2
|-start|p2a: Raging Bolt|confusion
|-enditem|p1a: Entei|Mirror Herb
|-boost|p1a: Entei|atk|2|[from] item: Mirror Herb
|
|upkeep
|turn|10
|
|t:|1759029311
|move|p1a: Entei|Extreme Speed|p2a: Raging Bolt
|-damage|p2a: Raging Bolt|15/100
|-activate|p2a: Raging Bolt|confusion
|-damage|p2a: Raging Bolt|5/100|[from] confusion
|
|upkeep
|turn|11
|
|t:|1759029318
|move|p1a: Entei|Sacred Fire|p2a: Raging Bolt
|-resisted|p2a: Raging Bolt
|-damage|p2a: Raging Bolt|0 fnt
|faint|p2a: Raging Bolt
|-end|p2a: Raging Bolt|Protosynthesis|[silent]
|
|upkeep
|
|t:|1759029329
|switch|p2a: Walking Wake|Walking Wake|88/100 brn
|turn|12
|l|☆Jdawg_2100
|inactive|Jdawg_2100 disconnected and has a minute to reconnect!
|player|p2|
|j|☆Jdawg_2100
|inactive|Jdawg_2100 reconnected and has 110 seconds left.
|player|p2|Jdawg_2100|hilbert|
|inactive|Jdawg_2100 has 90 seconds left.
|
|t:|1759029394
|-terastallize|p1a: Entei|Normal
|move|p1a: Entei|Extreme Speed|p2a: Walking Wake
|-damage|p2a: Walking Wake|0 fnt
|faint|p2a: Walking Wake
|-end|p2a: Walking Wake|Protosynthesis|[silent]
|
|upkeep
|
|t:|1759029399
|switch|p2a: Dragapult|Dragapult, F, shiny|100/100
|turn|13
|inactive|Jdawg_2100 has 90 seconds left.
|inactive|Jdawg_2100 has 60 seconds left.
|
|t:|1759029447
|move|p2a: Dragapult|Shadow Ball|p1a: Entei
|-immune|p1a: Entei
|move|p1a: Entei|Sacred Fire|p2a: Dragapult
|-resisted|p2a: Dragapult
|-damage|p2a: Dragapult|30/100
|-status|p2a: Dragapult|brn
|
|-damage|p2a: Dragapult|24/100 brn|[from] brn
|upkeep
|turn|14
|inactive|Jdawg_2100 has 60 seconds left.
|c|☆Jdawg_2100|FUCKING SHIT
|
|t:|1759029463
|switch|p2a: Salamence|Salamence, F|100/100
|move|p1a: Entei|Extreme Speed|p2a: Salamence
|-damage|p2a: Salamence|0 fnt
|faint|p2a: Salamence
|
|upkeep
|
|t:|1759029468
|switch|p2a: Dragapult|Dragapult, F, shiny|24/100 brn
|turn|15
|inactive|Jdawg_2100 has 60 seconds left.
|
|t:|1759029475
|switch|p1a: Weezing|Weezing-Galar, F|94/100
|-damage|p1a: Weezing|82/100|[from] Stealth Rock
|move|p2a: Dragapult|Draco Meteor|p1a: Weezing
|-immune|p1a: Weezing
|
|-heal|p1a: Weezing|88/100|[from] item: Black Sludge
|-damage|p2a: Dragapult|18/100 brn|[from] brn
|upkeep
|turn|16
|
|t:|1759029491
|switch|p2a: Dragonite|Dragonite, M, tera:Fairy|100/100
|move|p1a: Weezing|Will-O-Wisp|p2a: Dragonite
|-status|p2a: Dragonite|brn
|
|-heal|p1a: Weezing|94/100|[from] item: Black Sludge
|-damage|p2a: Dragonite|94/100 brn|[from] brn
|upkeep
|turn|17
|
|t:|1759029504
|move|p2a: Dragonite|Dragon Dance|p2a: Dragonite
|-boost|p2a: Dragonite|atk|1
|-boost|p2a: Dragonite|spe|1
|move|p1a: Weezing|Strange Steam|p2a: Dragonite
|-damage|p2a: Dragonite|61/100 brn
|
|-heal|p1a: Weezing|99/100|[from] item: Black Sludge
|-damage|p2a: Dragonite|55/100 brn|[from] brn
|upkeep
|turn|18
|
|t:|1759029519
|move|p2a: Dragonite|Dragon Dance|p2a: Dragonite
|-boost|p2a: Dragonite|atk|1
|-boost|p2a: Dragonite|spe|1
|move|p1a: Weezing|Strange Steam|p2a: Dragonite
|-damage|p2a: Dragonite|22/100 brn
|
|-heal|p1a: Weezing|100/100|[from] item: Black Sludge
|-damage|p2a: Dragonite|16/100 brn|[from] brn
|upkeep
|turn|19
|
|t:|1759029539
|switch|p1a: Ditto|Ditto|100/100
|-damage|p1a: Ditto|88/100|[from] Stealth Rock
|-damage|p1a: Ditto|76/100|[from] Spikes
|-transform|p1a: Ditto|p2a: Dragonite|[from] ability: Imposter
|move|p2a: Dragonite|Extreme Speed|p1a: Ditto
|-damage|p1a: Ditto|40/100
|
|-damage|p2a: Dragonite|10/100 brn|[from] brn
|upkeep
|turn|20
|
|t:|1759029554
|move|p2a: Dragonite|Extreme Speed|p1a: Ditto
|-damage|p1a: Ditto|3/100
|move|p1a: Ditto|Ice Spinner|p2a: Dragonite
|-damage|p2a: Dragonite|0 fnt
|faint|p2a: Dragonite
|
|upkeep
|
|t:|1759029559
|switch|p2a: Dragapult|Dragapult, F, shiny|18/100 brn
|turn|21
|
|t:|1759029570
|move|p1a: Ditto|Ice Spinner|p2a: Dragapult
|-supereffective|p2a: Dragapult
|-damage|p2a: Dragapult|0 fnt
|faint|p2a: Dragapult
|
|win|LX1987
|raw|LX1987's rating: 1289 &rarr; <strong>1314</strong><br />(+25 for winning)
|raw|Jdawg_2100's rating: 1283 &rarr; <strong>1258</strong><br />(-25 for losing)
|c|☆Jdawg_2100|gg
|l|☆Jdawg_2100
|player|p2|
|l|☆LX1987
|player|p1|
