|j|☆james2341
|j|☆triplemence
|t:|1759071546
|gametype|singles
|player|p1|james2341|2|1505
|player|p2|triplemence|265|1502
|gen|9
|tier|[Gen 9] OU
|rated|
|rule|HP Percentage Mod: HP is shown in percentages
|rule|Endless Battle Clause: Forcing endless battles is banned
|rule|Species Clause: Limit one of each Pokémon
|rule|OHKO Clause: OHKO moves are banned
|rule|Evasion Items Clause: Evasion items are banned
|rule|Evasion Moves Clause: Evasion moves are banned
|rule|Evasion Abilities Clause: Evasion abilities are banned
|rule|Sleep Moves Clause: Sleep-inducing moves are banned
|clearpoke
|poke|p1|Meowscarada, M|
|poke|p1|Indeedee, M|
|poke|p1|Landorus-Therian, M|
|poke|p1|Great Tusk|
|poke|p1|Slowking-Galar, M|
|poke|p1|Dragapult, F|
|poke|p2|Mienshao, M|
|poke|p2|Hydrapple, M|
|poke|p2|Corviknight, F|
|poke|p2|Alomomola, F|
|poke|p2|Skeledirge, M|
|poke|p2|Iron Treads|
|teampreview
|
|t:|1759071550
|teamsize|p1|6
|teamsize|p2|6
|start
|switch|p1a: Dragapult|Dragapult, F|100/100
|switch|p2a: Mienshao|Mienshao, M|100/100
|turn|1
|inactive|Battle timer is ON: inactive players will automatically lose when time's up. (requested by james2341)
|
|t:|1759071554
|move|p1a: Dragapult|Draco Meteor|p2a: Mienshao
|-damage|p2a: Mienshao|0 fnt
|-unboost|p1a: Dragapult|spa|2
|faint|p2a: Mienshao
|
|upkeep
|
|t:|1759071563
|switch|p2a: Alomomola|Alomomola, F|100/100
|turn|2
|
|t:|1759071566
|switch|p1a: Landorus|Landorus-Therian, M, shiny|100/100
|-ability|p1a: Landorus|Intimidate|boost
|-unboost|p2a: Alomomola|atk|1
|move|p2a: Alomomola|Flip Turn|p1a: Landorus
|-supereffective|p1a: Landorus
|-damage|p1a: Landorus|79/100
|-damage|p2a: Alomomola|84/100|[from] item: Rocky Helmet|[of] p1a: Landorus
|
|t:|1759071573
|switch|p2a: Hydrapple|Hydrapple, M|100/100|[from] Flip Turn
|
|upkeep
|turn|3
|
|t:|1759071581
|move|p1a: Landorus|Stealth Rock|p2a: Hydrapple
|-sidestart|p2: triplemence|move: Stealth Rock
|move|p2a: Hydrapple|Nasty Plot|p2a: Hydrapple
|-boost|p2a: Hydrapple|spa|2
|
|upkeep
|turn|4
|
|t:|1759071584
|move|p1a: Landorus|U-turn|p2a: Hydrapple
|-supereffective|p2a: Hydrapple
|-damage|p2a: Hydrapple|69/100
|
|t:|1759071585
|switch|p1a: Slowking|Slowking-Galar, M|100/100|[from] U-turn
|move|p2a: Hydrapple|Fickle Beam|p1a: Slowking|[anim] Fickle Beam All Out
|-activate|p2a: Hydrapple|move: Fickle Beam
|-damage|p1a: Slowking|0 fnt
|faint|p1a: Slowking
|-damage|p2a: Hydrapple|59/100|[from] item: Life Orb
|
|upkeep
|
|t:|1759071588
|switch|p1a: Dragapult|Dragapult, F|100/100
|turn|5
|
|t:|1759071591
|-terastallize|p2a: Hydrapple|Fairy
|move|p1a: Dragapult|U-turn|p2a: Hydrapple
|-resisted|p2a: Hydrapple
|-damage|p2a: Hydrapple|53/100
|
|t:|1759071594
|switch|p1a: Landorus|Landorus-Therian, M, shiny|79/100|[from] U-turn
|-ability|p1a: Landorus|Intimidate|boost
|-unboost|p2a: Hydrapple|atk|1
|move|p2a: Hydrapple|Fickle Beam|p1a: Landorus
|-damage|p1a: Landorus|0 fnt
|faint|p1a: Landorus
|-damage|p2a: Hydrapple|43/100|[from] item: Life Orb
|
|upkeep
|
|t:|1759071596
|switch|p1a: Indeedee|Indeedee, M, shiny|100/100
|-fieldstart|move: Psychic Terrain|[from] ability: Psychic Surge|[of] p1a: Indeedee
|turn|6
|
|t:|1759071609
|switch|p2a: Iron Treads|Iron Treads|100/100
|-damage|p2a: Iron Treads|97/100|[from] Stealth Rock
|-enditem|p2a: Iron Treads|Booster Energy
|-activate|p2a: Iron Treads|ability: Quark Drive|[fromitem]
|-start|p2a: Iron Treads|quarkdrivespe
|move|p1a: Indeedee|Expanding Force|p2a: Iron Treads
|-resisted|p2a: Iron Treads
|-damage|p2a: Iron Treads|45/100
|
|upkeep
|turn|7
|
|t:|1759071614
|move|p2a: Iron Treads|Rapid Spin|p1a: Indeedee
|-damage|p1a: Indeedee|77/100
|-boost|p2a: Iron Treads|spe|1
|-sideend|p2: triplemence|Stealth Rock|[from] move: Rapid Spin|[of] p2a: Iron Treads
|move|p1a: Indeedee|Expanding Force|p2a: Iron Treads
|-resisted|p2a: Iron Treads
|-damage|p2a: Iron Treads|0 fnt
|faint|p2a: Iron Treads
|-end|p2a: Iron Treads|Quark Drive|[silent]
|
|upkeep
|
|t:|1759071617
|switch|p2a: Alomomola|Alomomola, F|100/100
|turn|8
|
|t:|1759071620
|switch|p1a: Dragapult|Dragapult, F|100/100
|move|p2a: Alomomola|Mirror Coat||[still]
|-fail|p2a: Alomomola
|
|upkeep
|turn|9
|
|t:|1759071626
|move|p1a: Dragapult|U-turn|p2a: Alomomola
|-damage|p2a: Alomomola|89/100
|
|t:|1759071627
|switch|p1a: Meowscarada|Meowscarada, M|100/100|[from] U-turn
|move|p2a: Alomomola|Flip Turn|p1a: Meowscarada
|-resisted|p1a: Meowscarada
|-damage|p1a: Meowscarada|89/100
|
|t:|1759071630
|switch|p2a: Corviknight|Corviknight, F|100/100|[from] Flip Turn
|-ability|p2a: Corviknight|Pressure
|
|upkeep
|turn|10
|
|t:|1759071633
|move|p1a: Meowscarada|Knock Off|p2a: Corviknight
|-start|p1a: Meowscarada|typechange|Dark|[from] ability: Protean
|-damage|p2a: Corviknight|75/100
|-damage|p1a: Meowscarada|72/100|[from] item: Rocky Helmet|[of] p2a: Corviknight
|-enditem|p2a: Corviknight|Rocky Helmet|[from] move: Knock Off|[of] p1a: Meowscarada
|move|p2a: Corviknight|U-turn|p1a: Meowscarada
|-supereffective|p1a: Meowscarada
|-damage|p1a: Meowscarada|24/100
|
|t:|1759071640
|switch|p2a: Hydrapple|Hydrapple, M, tera:Fairy|76/100|[from] U-turn
|
|-fieldend|move: Psychic Terrain
|upkeep
|turn|11
|
|t:|1759071648
|move|p1a: Meowscarada|Knock Off|p2a: Hydrapple
|-resisted|p2a: Hydrapple
|-damage|p2a: Hydrapple|59/100
|-enditem|p2a: Hydrapple|Life Orb|[from] move: Knock Off|[of] p1a: Meowscarada
|move|p2a: Hydrapple|Fickle Beam|p1a: Meowscarada
|-damage|p1a: Meowscarada|0 fnt
|faint|p1a: Meowscarada
|
|upkeep
|
|t:|1759071651
|switch|p1a: Indeedee|Indeedee, M, shiny|77/100
|-fieldstart|move: Psychic Terrain|[from] ability: Psychic Surge|[of] p1a: Indeedee
|turn|12
|
|t:|1759071681
|switch|p2a: Corviknight|Corviknight, F|75/100
|-ability|p2a: Corviknight|Pressure
|move|p1a: Indeedee|Trick|p2a: Corviknight
|-activate|p1a: Indeedee|move: Trick|[of] p2a: Corviknight
|-item|p2a: Corviknight|Choice Scarf|[from] move: Trick
|-enditem|p1a: Indeedee|Choice Scarf|[silent]|[from] move: Trick
|
|upkeep
|turn|13
|
|t:|1759071691
|switch|p1a: Great Tusk|Great Tusk, shiny|100/100
|move|p2a: Corviknight|U-turn|p1a: Great Tusk
|-resisted|p1a: Great Tusk
|-damage|p1a: Great Tusk|95/100
|
|t:|1759071696
|switch|p2a: Hydrapple|Hydrapple, M, tera:Fairy|92/100|[from] U-turn
|
|-heal|p1a: Great Tusk|100/100|[from] item: Leftovers
|upkeep
|turn|14
|
|t:|1759071710
|-terastallize|p1a: Great Tusk|Fire
|move|p1a: Great Tusk|Headlong Rush|p2a: Hydrapple
|-damage|p2a: Hydrapple|43/100
|-unboost|p1a: Great Tusk|def|1
|-unboost|p1a: Great Tusk|spd|1
|move|p2a: Hydrapple|Giga Drain|p1a: Great Tusk
|-resisted|p1a: Great Tusk
|-damage|p1a: Great Tusk|54/100
|-heal|p2a: Hydrapple|64/100|[from] drain|[of] p1a: Great Tusk
|
|-heal|p1a: Great Tusk|60/100|[from] item: Leftovers
|upkeep
|turn|15
|
|t:|1759071717
|-end|p1a: Great Tusk|Protosynthesis|[silent]
|switch|p1a: Indeedee|Indeedee, M, shiny|77/100
|move|p2a: Hydrapple|Earth Power|p1a: Indeedee
|-damage|p1a: Indeedee|30/100
|
|upkeep
|turn|16
|
|t:|1759071723
|switch|p2a: Corviknight|Corviknight, F|75/100
|-ability|p2a: Corviknight|Pressure
|move|p1a: Indeedee|Expanding Force|p2a: Corviknight
|-resisted|p2a: Corviknight
|-damage|p2a: Corviknight|35/100
|
|-fieldend|move: Psychic Terrain
|upkeep
|turn|17
|
|t:|1759071729
|switch|p1a: Dragapult|Dragapult, F|100/100
|move|p2a: Corviknight|Roost|p2a: Corviknight
|-heal|p2a: Corviknight|85/100
|-singleturn|p2a: Corviknight|move: Roost
|
|upkeep
|turn|18
|
|t:|1759071732
|move|p1a: Dragapult|U-turn|p2a: Corviknight
|-resisted|p2a: Corviknight
|-damage|p2a: Corviknight|83/100
|
|t:|1759071734
|switch|p1a: Great Tusk|Great Tusk, shiny, tera:Fire|60/100|[from] U-turn
|move|p2a: Corviknight|Roost|p2a: Corviknight
|-heal|p2a: Corviknight|100/100
|-singleturn|p2a: Corviknight|move: Roost
|
|-heal|p1a: Great Tusk|67/100|[from] item: Leftovers
|upkeep
|turn|19
|
|t:|1759071740
|switch|p2a: Hydrapple|Hydrapple, M, tera:Fairy|97/100
|move|p1a: Great Tusk|Headlong Rush|p2a: Hydrapple
|-damage|p2a: Hydrapple|45/100
|-unboost|p1a: Great Tusk|def|1
|-unboost|p1a: Great Tusk|spd|1
|
|-heal|p1a: Great Tusk|73/100|[from] item: Leftovers
|upkeep
|turn|20
|
|t:|1759071749
|-end|p1a: Great Tusk|Protosynthesis|[silent]
|switch|p1a: Dragapult|Dragapult, F|100/100
|switch|p2a: Alomomola|Alomomola, F|100/100
|
|upkeep
|turn|21
|
|t:|1759071753
|move|p1a: Dragapult|Shadow Ball|p2a: Alomomola
|-damage|p2a: Alomomola|74/100
|move|p2a: Alomomola|Flip Turn|p1a: Dragapult
|-resisted|p1a: Dragapult
|-damage|p1a: Dragapult|90/100
|
|t:|1759071760
|switch|p2a: Hydrapple|Hydrapple, M, tera:Fairy|79/100|[from] Flip Turn
|
|upkeep
|turn|22
|
|t:|1759071764
|move|p1a: Dragapult|Shadow Ball|p2a: Hydrapple
|-damage|p2a: Hydrapple|31/100
|move|p2a: Hydrapple|Fickle Beam|p1a: Dragapult|[anim] Fickle Beam All Out
|-activate|p2a: Hydrapple|move: Fickle Beam
|-supereffective|p1a: Dragapult
|-damage|p1a: Dragapult|0 fnt
|faint|p1a: Dragapult
|
|upkeep
|
|t:|1759071768
|switch|p1a: Indeedee|Indeedee, M, shiny|30/100
|-fieldstart|move: Psychic Terrain|[from] ability: Psychic Surge|[of] p1a: Indeedee
|turn|23
|
|t:|1759071771
|switch|p2a: Corviknight|Corviknight, F|100/100
|-ability|p2a: Corviknight|Pressure
|move|p1a: Indeedee|Expanding Force|p2a: Corviknight
|-resisted|p2a: Corviknight
|-damage|p2a: Corviknight|64/100
|
|upkeep
|turn|24
|
|t:|1759071776
|move|p1a: Indeedee|Expanding Force|p2a: Corviknight
|-resisted|p2a: Corviknight
|-damage|p2a: Corviknight|24/100
|move|p2a: Corviknight|U-turn|p1a: Indeedee
|-supereffective|p1a: Indeedee
|-damage|p1a: Indeedee|0 fnt
|faint|p1a: Indeedee
|
|t:|1759071779
|switch|p2a: Alomomola|Alomomola, F|100/100|[from] U-turn
|
|upkeep
|-message|james2341 forfeited.
|
|win|triplemence
|raw|james2341's rating: 1505 &rarr; <strong>1485</strong><br />(-20 for losing)
|raw|triplemence's rating: 1502 &rarr; <strong>1522</strong><br />(+20 for winning)
|l|☆james2341
|player|p1|
|l|☆triplemence
|player|p2|
