|badge|p2|bronze|gen9ou|100-6
|html|<div class="broadcast-red"><strong>This battle is required to be public due to one or more player having a season medal.</strong><br />During the public phase, you can discuss the state of the ladder <a href="/seasondiscussion">in a special chatroom.</a></div>
|uhtml|medal-msg|<div class="broadcast-blue">Curious what those medals under the avatar are? PS now has Ladder Seasons! For more information, check out the <a href="https://www.smogon.com/forums/threads/3740067/">thread on Smogon.</a></div>
|raw|<div class="broadcast-blue"><strong>This battle is required to be public due to a player having a name starting with 'medal'.</div>
|j|☆tokiwakano
|j|☆shuinifengB
|t:|1759025508
|gametype|singles
|player|p1|tokiwakano|acetrainerf|1778
|player|p2|shuinifengB|phoebe-masters|1866
|gen|9
|tier|[Gen 9] OU
|rated|
|rule|HP Percentage Mod: HP is shown in percentages
|rule|Endless Battle Clause: Forcing endless battles is banned
|rule|Species Clause: Limit one of each Pokémon
|rule|OHKO Clause: OHKO moves are banned
|rule|Evasion Items Clause: Evasion items are banned
|rule|Evasion Moves Clause: Evasion moves are banned
|rule|Evasion Abilities Clause: Evasion abilities are banned
|rule|Sleep Moves Clause: Sleep-inducing moves are banned
|clearpoke
|poke|p1|Ribombee, F|
|poke|p1|Gholdengo|
|poke|p1|Great Tusk|
|poke|p1|Raging Bolt|
|poke|p1|Ogerpon-Cornerstone, F|
|poke|p1|Ceruledge, F|
|poke|p2|Dondozo, F|
|poke|p2|Blissey, F|
|poke|p2|Corviknight, F|
|poke|p2|Weezing-Galar, M|
|poke|p2|Gliscor, F|
|poke|p2|Toxapex, F|
|teampreview
|inactive|Battle timer is ON: inactive players will automatically lose when time's up. (requested by tokiwakano)
|
|t:|1759025523
|teamsize|p1|6
|teamsize|p2|6
|start
|switch|p1a: Gholdengo|Gholdengo|100/100
|switch|p2a: BLACKPINK|Toxapex, F|100/100
|-item|p1a: Gholdengo|Air Balloon
|turn|1
|
|t:|1759025541
|move|p1a: Gholdengo|Nasty Plot|p1a: Gholdengo
|-boost|p1a: Gholdengo|spa|2
|move|p2a: BLACKPINK|Toxic Spikes|p1a: Gholdengo
|-sidestart|p1: tokiwakano|move: Toxic Spikes
|
|upkeep
|turn|2
|
|t:|1759025549
|move|p1a: Gholdengo|Nasty Plot|p1a: Gholdengo
|-boost|p1a: Gholdengo|spa|2
|move|p2a: BLACKPINK|Haze|p2a: BLACKPINK
|-clearallboost
|
|upkeep
|turn|3
|
|t:|1759025577
|move|p1a: Gholdengo|Nasty Plot|p1a: Gholdengo
|-boost|p1a: Gholdengo|spa|2
|move|p2a: BLACKPINK|Haze|p2a: BLACKPINK
|-clearallboost
|
|upkeep
|turn|4
|inactive|shuinifengB has 120 seconds left.
|
|t:|1759025601
|move|p1a: Gholdengo|Nasty Plot|p1a: Gholdengo
|-boost|p1a: Gholdengo|spa|2
|move|p2a: BLACKPINK|Haze|p2a: BLACKPINK
|-clearallboost
|
|upkeep
|turn|5
|inactive|shuinifengB has 120 seconds left.
|
|t:|1759025625
|move|p1a: Gholdengo|Nasty Plot|p1a: Gholdengo
|-boost|p1a: Gholdengo|spa|2
|move|p2a: BLACKPINK|Haze|p2a: BLACKPINK
|-clearallboost
|
|upkeep
|turn|6
|
|t:|1759025629
|move|p1a: Gholdengo|Shadow Ball|p2a: BLACKPINK
|-damage|p2a: BLACKPINK|70/100
|-unboost|p2a: BLACKPINK|spd|1
|move|p2a: BLACKPINK|Haze|p2a: BLACKPINK
|-clearallboost
|
|-heal|p2a: BLACKPINK|76/100|[from] item: Black Sludge
|upkeep
|turn|7
|inactive|shuinifengB has 120 seconds left.
|
|t:|1759025655
|switch|p2a: Blissey|Blissey, F|100/100
|move|p1a: Gholdengo|Nasty Plot|p1a: Gholdengo
|-boost|p1a: Gholdengo|spa|2
|
|upkeep
|turn|8
|
|t:|1759025665
|-terastallize|p2a: Blissey|Dark
|move|p1a: Gholdengo|Nasty Plot|p1a: Gholdengo
|-boost|p1a: Gholdengo|spa|2
|move|p2a: Blissey|Calm Mind|p2a: Blissey
|-boost|p2a: Blissey|spa|1
|-boost|p2a: Blissey|spd|1
|
|upkeep
|turn|9
|
|t:|1759025668
|move|p1a: Gholdengo|Focus Blast|p2a: Blissey
|-supereffective|p2a: Blissey
|-damage|p2a: Blissey|40/100
|move|p2a: Blissey|Calm Mind|p2a: Blissey
|-boost|p2a: Blissey|spa|1
|-boost|p2a: Blissey|spd|1
|
|upkeep
|turn|10
|
|t:|1759025678
|move|p1a: Gholdengo|Focus Blast|p2a: Blissey
|-supereffective|p2a: Blissey
|-damage|p2a: Blissey|0 fnt
|faint|p2a: Blissey
|
|upkeep
|
|t:|1759025686
|switch|p2a: BLACKPINK|Toxapex, F|100/100
|turn|11
|inactive|shuinifengB has 120 seconds left.
|
|t:|1759025692
|switch|p2a: Dondozo|Dondozo, F|100/100
|move|p1a: Gholdengo|Psyshock|p2a: Dondozo
|-damage|p2a: Dondozo|88/100
|
|-heal|p2a: Dondozo|94/100|[from] item: Leftovers
|upkeep
|turn|12
|
|t:|1759025697
|move|p1a: Gholdengo|Shadow Ball|p2a: Dondozo
|-damage|p2a: Dondozo|50/100
|move|p2a: Dondozo|Avalanche|p1a: Gholdengo
|-resisted|p1a: Gholdengo
|-damage|p1a: Gholdengo|85/100
|-enditem|p1a: Gholdengo|Air Balloon
|
|-heal|p2a: Dondozo|56/100|[from] item: Leftovers
|upkeep
|turn|13
|
|t:|1759025703
|move|p1a: Gholdengo|Shadow Ball|p2a: Dondozo
|-damage|p2a: Dondozo|12/100
|move|p2a: Dondozo|Rest|p2a: Dondozo
|-status|p2a: Dondozo|slp|[from] move: Rest
|-heal|p2a: Dondozo|100/100 slp|[silent]
|
|upkeep
|turn|14
|
|t:|1759025708
|move|p1a: Gholdengo|Shadow Ball|p2a: Dondozo
|-damage|p2a: Dondozo|57/100 slp
|cant|p2a: Dondozo|slp
|move|p2a: Dondozo|Sleep Talk|p2a: Dondozo
|move|p2a: Dondozo|Avalanche|p1a: Gholdengo|[from] move: Sleep Talk
|-resisted|p1a: Gholdengo
|-damage|p1a: Gholdengo|70/100
|
|-heal|p2a: Dondozo|63/100 slp|[from] item: Leftovers
|upkeep
|turn|15
|j| iamadoofus
|-message|shuinifengB forfeited.
|
|win|tokiwakano
|raw|tokiwakano's rating: 1778 &rarr; <strong>1803</strong><br />(+25 for winning)
|raw|shuinifengB's rating: 1866 &rarr; <strong>1841</strong><br />(-25 for losing)
