|j|☆White Boy SZN
|j|☆Ayayaphone
|t:|1759042189
|gametype|singles
|player|p1|White Boy SZN|blue-gen7|1464
|player|p2|Ayayaphone|2|1530
|gen|9
|tier|[Gen 9] OU
|rated|
|rule|HP Percentage Mod: HP is shown in percentages
|rule|Endless Battle Clause: Forcing endless battles is banned
|rule|Species Clause: Limit one of each Pokémon
|rule|OHKO Clause: OHKO moves are banned
|rule|Evasion Items Clause: Evasion items are banned
|rule|Evasion Moves Clause: Evasion moves are banned
|rule|Evasion Abilities Clause: Evasion abilities are banned
|rule|Sleep Moves Clause: Sleep-inducing moves are banned
|clearpoke
|poke|p1|Dragapult, F|
|poke|p1|Dragonite, F|
|poke|p1|Ting-Lu|
|poke|p1|Weezing-Galar, F|
|poke|p1|Iron Crown|
|poke|p1|Zapdos|
|poke|p2|Raging Bolt|
|poke|p2|Pincurchin, F|
|poke|p2|Hawlucha, M|
|poke|p2|Iron Treads|
|poke|p2|Meloetta|
|poke|p2|Rotom-Wash|
|teampreview
|inactive|Battle timer is ON: inactive players will automatically lose when time's up. (requested by Ayayaphone)
|
|t:|1759042202
|teamsize|p1|6
|teamsize|p2|6
|start
|switch|p1a: Zapdos|Zapdos|100/100
|switch|p2a: Rotom|Rotom-Wash|100/100
|turn|1
|
|t:|1759042209
|move|p1a: Zapdos|Volt Switch|p2a: Rotom
|-damage|p2a: Rotom|75/100
|
|t:|1759042221
|switch|p1a: Ting-Lu|Ting-Lu|100/100|[from] Volt Switch
|-ability|p1a: Ting-Lu|Vessel of Ruin
|move|p2a: Rotom|Will-O-Wisp|p1a: Ting-Lu
|-status|p1a: Ting-Lu|brn
|
|-damage|p1a: Ting-Lu|94/100 brn|[from] brn
|upkeep
|turn|2
|
|t:|1759042237
|switch|p2a: Pincurchin|Pincurchin, F|100/100
|-fieldstart|move: Electric Terrain|[from] ability: Electric Surge|[of] p2a: Pincurchin
|move|p1a: Ting-Lu|Stealth Rock|p2a: Pincurchin
|-sidestart|p2: Ayayaphone|move: Stealth Rock
|
|-heal|p1a: Ting-Lu|100/100 brn|[from] item: Leftovers
|-damage|p1a: Ting-Lu|94/100 brn|[from] brn
|upkeep
|turn|3
|inactive|White Boy SZN has 120 seconds left.
|
|t:|1759042271
|move|p1a: Ting-Lu|Ruination|p2a: Pincurchin
|-damage|p2a: Pincurchin|50/100
|move|p2a: Pincurchin|Spikes|p1a: Ting-Lu
|-sidestart|p1: White Boy SZN|Spikes
|
|-heal|p1a: Ting-Lu|100/100 brn|[from] item: Leftovers
|-damage|p1a: Ting-Lu|94/100 brn|[from] brn
|upkeep
|turn|4
|
|t:|1759042276
|move|p2a: Pincurchin|Pain Split|p1a: Ting-Lu
|-sethp|p1a: Ting-Lu|62/100 brn|[from] move: Pain Split|[silent]
|-sethp|p2a: Pincurchin|100/100|[from] move: Pain Split
|move|p1a: Ting-Lu|Whirlwind|p2a: Pincurchin
|drag|p2a: Hawlucha|Hawlucha, M|100/100
|-damage|p2a: Hawlucha|88/100|[from] Stealth Rock
|-enditem|p2a: Hawlucha|Electric Seed
|-boost|p2a: Hawlucha|def|1|[from] item: Electric Seed
|
|-heal|p1a: Ting-Lu|68/100 brn|[from] item: Leftovers
|-damage|p1a: Ting-Lu|62/100 brn|[from] brn
|upkeep
|turn|5
|
|t:|1759042287
|move|p2a: Hawlucha|Swords Dance|p2a: Hawlucha
|-boost|p2a: Hawlucha|atk|2
|move|p1a: Ting-Lu|Whirlwind|p2a: Hawlucha
|drag|p2a: Raging Bolt|Raging Bolt|100/100
|-damage|p2a: Raging Bolt|88/100|[from] Stealth Rock
|
|-heal|p1a: Ting-Lu|68/100 brn|[from] item: Leftovers
|-damage|p1a: Ting-Lu|62/100 brn|[from] brn
|upkeep
|turn|6
|
|t:|1759042293
|move|p2a: Raging Bolt|Draco Meteor|p1a: Ting-Lu
|-damage|p1a: Ting-Lu|30/100 brn
|-unboost|p2a: Raging Bolt|spa|2
|move|p1a: Ting-Lu|Ruination|p2a: Raging Bolt
|-damage|p2a: Raging Bolt|44/100
|
|-heal|p1a: Ting-Lu|36/100 brn|[from] item: Leftovers
|-damage|p1a: Ting-Lu|30/100 brn|[from] brn
|upkeep
|turn|7
|
|t:|1759042302
|-end|p2a: Raging Bolt|Protosynthesis|[silent]
|switch|p2a: Hawlucha|Hawlucha, M|88/100
|-damage|p2a: Hawlucha|76/100|[from] Stealth Rock
|move|p1a: Ting-Lu|Earthquake|p2a: Hawlucha
|-immune|p2a: Hawlucha
|
|-heal|p1a: Ting-Lu|36/100 brn|[from] item: Leftovers
|-damage|p1a: Ting-Lu|30/100 brn|[from] brn
|upkeep
|turn|8
|
|t:|1759042307
|move|p2a: Hawlucha|Taunt|p1a: Ting-Lu
|-start|p1a: Ting-Lu|move: Taunt
|cant|p1a: Ting-Lu|move: Taunt|Whirlwind
|
|-heal|p1a: Ting-Lu|36/100 brn|[from] item: Leftovers
|-damage|p1a: Ting-Lu|30/100 brn|[from] brn
|upkeep
|turn|9
|
|t:|1759042309
|switch|p1a: Zapdos|Zapdos|100/100
|move|p2a: Hawlucha|Swords Dance|p2a: Hawlucha
|-boost|p2a: Hawlucha|atk|2
|
|-fieldend|move: Electric Terrain
|upkeep
|turn|10
|
|t:|1759042314
|move|p1a: Zapdos|Volt Switch|p2a: Hawlucha
|-supereffective|p2a: Hawlucha
|-damage|p2a: Hawlucha|0 fnt
|faint|p2a: Hawlucha
|
|t:|1759042333
|switch|p1a: Dragapult|Dragapult, F|100/100|[from] Volt Switch
|
|upkeep
|
|t:|1759042339
|switch|p2a: Rotom|Rotom-Wash|75/100
|-damage|p2a: Rotom|62/100|[from] Stealth Rock
|turn|11
|
|t:|1759042346
|move|p1a: Dragapult|U-turn|p2a: Rotom
|-damage|p2a: Rotom|40/100
|-damage|p1a: Dragapult|84/100|[from] item: Rocky Helmet|[of] p2a: Rotom
|
|t:|1759042349
|switch|p1a: Ting-Lu|Ting-Lu|30/100 brn|[from] U-turn
|-damage|p1a: Ting-Lu|17/100 brn|[from] Spikes
|-ability|p1a: Ting-Lu|Vessel of Ruin
|move|p2a: Rotom|Pain Split|p1a: Ting-Lu
|-sethp|p1a: Ting-Lu|20/100 brn|[from] move: Pain Split|[silent]
|-sethp|p2a: Rotom|34/100|[from] move: Pain Split
|
|-heal|p1a: Ting-Lu|27/100 brn|[from] item: Leftovers
|-damage|p1a: Ting-Lu|20/100 brn|[from] brn
|upkeep
|turn|12
|
|t:|1759042362
|move|p2a: Rotom|Hydro Pump|p1a: Ting-Lu
|-supereffective|p1a: Ting-Lu
|-damage|p1a: Ting-Lu|0 fnt
|faint|p1a: Ting-Lu
|
|upkeep
|
|t:|1759042365
|switch|p1a: Dragapult|Dragapult, F|84/100
|turn|13
|
|t:|1759042372
|move|p1a: Dragapult|Dragon Darts|p2a: Rotom
|-damage|p2a: Rotom|12/100
|-anim|p1a: Dragapult|Dragon Darts|p2a: Rotom
|-damage|p2a: Rotom|0 fnt
|faint|p2a: Rotom
|
|upkeep
|
|t:|1759042380
|switch|p2a: Iron Treads|Iron Treads|100/100
|-damage|p2a: Iron Treads|98/100|[from] Stealth Rock
|turn|14
|
|t:|1759042384
|move|p1a: Dragapult|Will-O-Wisp|p2a: Iron Treads|[miss]
|-miss|p1a: Dragapult|p2a: Iron Treads
|move|p2a: Iron Treads|Iron Head|p1a: Dragapult
|-damage|p1a: Dragapult|39/100
|-start|p2a: Iron Treads|Disable|Iron Head|[from] ability: Cursed Body|[of] p1a: Dragapult
|
|-heal|p2a: Iron Treads|100/100|[from] item: Leftovers
|upkeep
|turn|15
|
|t:|1759042388
|move|p1a: Dragapult|Will-O-Wisp|p2a: Iron Treads
|-status|p2a: Iron Treads|brn
|move|p2a: Iron Treads|Earthquake|p1a: Dragapult
|-crit|p1a: Dragapult
|-damage|p1a: Dragapult|0 fnt
|faint|p1a: Dragapult
|
|-damage|p2a: Iron Treads|94/100 brn|[from] brn
|upkeep
|
|t:|1759042399
|switch|p1a: Zapdos|Zapdos|100/100
|turn|16
|
|t:|1759042403
|move|p1a: Zapdos|Heat Wave|p2a: Iron Treads
|-supereffective|p2a: Iron Treads
|-damage|p2a: Iron Treads|8/100 brn
|move|p2a: Iron Treads|Rapid Spin|p1a: Zapdos
|-damage|p1a: Zapdos|92/100
|-boost|p2a: Iron Treads|spe|1
|-sideend|p2: Ayayaphone|Stealth Rock|[from] move: Rapid Spin|[of] p2a: Iron Treads
|
|-heal|p2a: Iron Treads|14/100 brn|[from] item: Leftovers
|-damage|p2a: Iron Treads|8/100 brn|[from] brn
|upkeep
|turn|17
|
|t:|1759042418
|switch|p1a: Weezing|Weezing-Galar, F|100/100
|-ability|p1a: Weezing|Neutralizing Gas
|move|p2a: Iron Treads|Rapid Spin|p1a: Weezing
|-damage|p1a: Weezing|96/100
|-boost|p2a: Iron Treads|spe|1
|
|-heal|p2a: Iron Treads|14/100 brn|[from] item: Leftovers
|-damage|p2a: Iron Treads|8/100 brn|[from] brn
|-end|p2a: Iron Treads|Disable
|upkeep
|turn|18
|
|t:|1759042426
|-end|p2a: Iron Treads|Quark Drive|[silent]
|switch|p2a: Meloetta|Meloetta|100/100
|move|p1a: Weezing|Defog|p2a: Meloetta
|-unboost|p2a: Meloetta|evasion|1
|-sideend|p1: White Boy SZN|Spikes|[from] move: Defog|[of] p1a: Weezing
|
|upkeep
|turn|19
|
|t:|1759042436
|move|p2a: Meloetta|Psychic|p1a: Weezing
|-supereffective|p1a: Weezing
|-damage|p1a: Weezing|0 fnt
|faint|p1a: Weezing
|-end|p1a: Weezing|ability: Neutralizing Gas
|
|upkeep
|
|t:|1759042440
|switch|p1a: Iron Crown|Iron Crown|100/100
|turn|20
|
|t:|1759042454
|move|p1a: Iron Crown|Tachyon Cutter|p2a: Meloetta
|-damage|p2a: Meloetta|85/100
|-damage|p2a: Meloetta|68/100
|-hitcount|p2a: Meloetta|2
|move|p2a: Meloetta|U-turn|p1a: Iron Crown
|-damage|p1a: Iron Crown|88/100
|
|t:|1759042459
|switch|p2a: Pincurchin|Pincurchin, F|100/100|[from] U-turn
|-fieldstart|move: Electric Terrain|[from] ability: Electric Surge|[of] p2a: Pincurchin
|-activate|p1a: Iron Crown|ability: Quark Drive
|-start|p1a: Iron Crown|quarkdrivespa
|
|upkeep
|turn|21
|
|t:|1759042469
|switch|p2a: Iron Treads|Iron Treads|8/100 brn
|-activate|p2a: Iron Treads|ability: Quark Drive
|-start|p2a: Iron Treads|quarkdriveatk
|move|p1a: Iron Crown|Tachyon Cutter|p2a: Iron Treads
|-resisted|p2a: Iron Treads
|-damage|p2a: Iron Treads|0 fnt
|faint|p2a: Iron Treads
|-end|p2a: Iron Treads|Quark Drive|[silent]
|-hitcount|p2: Iron Treads|1
|
|upkeep
|
|t:|1759042476
|switch|p2a: Raging Bolt|Raging Bolt|44/100
|turn|22
|inactive|White Boy SZN has 120 seconds left.
|
|t:|1759042514
|-terastallize|p2a: Raging Bolt|Electric
|move|p2a: Raging Bolt|Rising Voltage|p1a: Iron Crown
|-hint|Rising Voltage's BP doubled on grounded target.
|-crit|p1a: Iron Crown
|-damage|p1a: Iron Crown|0 fnt
|faint|p1a: Iron Crown
|-end|p1a: Iron Crown|Quark Drive|[silent]
|
|upkeep
|inactive|White Boy SZN has 90 seconds left.
|
|t:|1759042562
|switch|p1a: Dragonite|Dragonite, F|100/100
|turn|23
|
|t:|1759042568
|-terastallize|p1a: Dragonite|Normal
|move|p2a: Raging Bolt|Rising Voltage|p1a: Dragonite
|-hint|Rising Voltage's BP doubled on grounded target.
|-damage|p1a: Dragonite|24/100
|move|p1a: Dragonite|Dragon Dance|p1a: Dragonite
|-boost|p1a: Dragonite|atk|1
|-boost|p1a: Dragonite|spe|1
|
|upkeep
|turn|24
|
|t:|1759042573
|move|p1a: Dragonite|Extreme Speed|p2a: Raging Bolt
|-damage|p2a: Raging Bolt|0 fnt
|faint|p2a: Raging Bolt
|-end|p2a: Raging Bolt|Protosynthesis|[silent]
|
|upkeep
|
|t:|1759042577
|switch|p2a: Pincurchin|Pincurchin, F|100/100
|turn|25
|inactive|White Boy SZN has 90 seconds left.
|
|t:|1759042588
|move|p1a: Dragonite|Earthquake|p2a: Pincurchin
|-supereffective|p2a: Pincurchin
|-damage|p2a: Pincurchin|2/100
|move|p2a: Pincurchin|Surf|p1a: Dragonite
|-damage|p1a: Dragonite|6/100
|
|upkeep
|turn|26
|
|t:|1759042593
|move|p1a: Dragonite|Extreme Speed|p2a: Pincurchin
|-damage|p2a: Pincurchin|0 fnt
|faint|p2a: Pincurchin
|
|upkeep
|-message|Ayayaphone forfeited.
|
|win|White Boy SZN
|raw|White Boy SZN's rating: 1464 &rarr; <strong>1488</strong><br />(+24 for winning)
|raw|Ayayaphone's rating: 1530 &rarr; <strong>1506</strong><br />(-24 for losing)
|l|☆Ayayaphone
|player|p2|
|l|☆White Boy SZN
|player|p1|
