|j|☆Celestial Krystal
|j|☆EllieCrabs
|t:|1758989872
|gametype|singles
|player|p1|Celestial Krystal|hilda|
|player|p2|EllieCrabs|pokemonbreederf-gen4|
|gen|9
|tier|[Gen 9] OU
|rule|HP Percentage Mod: HP is shown in percentages
|rule|Endless Battle Clause: Forcing endless battles is banned
|rule|Species Clause: Limit one of each Pokémon
|rule|OHKO Clause: OHKO moves are banned
|rule|Evasion Items Clause: Evasion items are banned
|rule|Evasion Moves Clause: Evasion moves are banned
|rule|Evasion Abilities Clause: Evasion abilities are banned
|rule|Sleep Moves Clause: Sleep-inducing moves are banned
|clearpoke
|poke|p1|Flygon, M|
|poke|p1|Goodra-Hisui, M|
|poke|p1|Lokix, F|
|poke|p1|Maushold|
|poke|p1|Slowbro-Galar, F|
|poke|p1|Jumpluff, M|
|poke|p2|Landorus-Therian, M|
|poke|p2|Dragapult, M|
|poke|p2|Slowbro, F|
|poke|p2|Porygon-Z|
|poke|p2|Decidueye-Hisui, F|
|poke|p2|Skarmory, M|
|teampreview
|inactive|Battle timer is ON: inactive players will automatically lose when time's up. (requested by EllieCrabs)
|c|☆EllieCrabs|hype team
|
|t:|1758989888
|teamsize|p1|6
|teamsize|p2|6
|start
|switch|p1a: Lokix|Lokix, F|100/100
|switch|p2a: @Yalass_Cass|Skarmory, M|100/100
|turn|1
|
|t:|1758989898
|move|p1a: Lokix|Knock Off|p2a: @Yalass_Cass
|-crit|p2a: @Yalass_Cass
|-damage|p2a: @Yalass_Cass|37/100
|-damage|p1a: Lokix|84/100|[from] item: Rocky Helmet|[of] p2a: @Yalass_Cass
|-enditem|p2a: @Yalass_Cass|Rocky Helmet|[from] move: Knock Off|[of] p1a: Lokix
|move|p2a: @Yalass_Cass|Taunt|p1a: Lokix
|-start|p1a: Lokix|move: Taunt
|
|upkeep
|turn|2
|c|☆EllieCrabs|RUDE
|
|t:|1758989919
|switch|p1a: Goodra|Goodra-Hisui, M|100/100
|move|p2a: @Yalass_Cass|Stealth Rock|p1a: Goodra
|-sidestart|p1: Celestial Krystal|move: Stealth Rock
|
|upkeep
|turn|3
|
|t:|1758989924
|move|p2a: @Yalass_Cass|Tailwind|p2a: @Yalass_Cass
|-sidestart|p2: EllieCrabs|move: Tailwind
|move|p1a: Goodra|Flamethrower|p2a: @Yalass_Cass
|-supereffective|p2a: @Yalass_Cass
|-damage|p2a: @Yalass_Cass|0 fnt
|faint|p2a: @Yalass_Cass
|
|upkeep
|
|t:|1758989928
|switch|p2a: Dr. Mario|Landorus-Therian, M|100/100
|-ability|p2a: Dr. Mario|Intimidate|boost
|-unboost|p1a: Goodra|atk|1
|turn|4
|
|t:|1758989937
|move|p2a: Dr. Mario|U-turn|p1a: Goodra
|-resisted|p1a: Goodra
|-damage|p1a: Goodra|84/100
|
|t:|1758989942
|switch|p2a: Fight guy|Decidueye-Hisui, F|100/100|[from] U-turn
|move|p1a: Goodra|Ice Beam|p2a: Fight guy
|-supereffective|p2a: Fight guy
|-damage|p2a: Fight guy|60/100
|
|-heal|p1a: Goodra|90/100|[from] item: Leftovers
|upkeep
|turn|5
|
|t:|1758989960
|switch|p1a: Slowbro|Slowbro-Galar, F|100/100
|-damage|p1a: Slowbro|88/100|[from] Stealth Rock
|move|p2a: Fight guy|Triple Arrows|p1a: Slowbro
|-resisted|p1a: Slowbro
|-damage|p1a: Slowbro|80/100
|-unboost|p1a: Slowbro|def|1
|
|-heal|p1a: Slowbro|86/100|[from] item: Leftovers
|upkeep
|turn|6
|j| CrazyFireBoi2
|
|t:|1758989971
|move|p2a: Fight guy|Knock Off|p1a: Slowbro
|-supereffective|p1a: Slowbro
|-damage|p1a: Slowbro|21/100
|-enditem|p1a: Slowbro|Leftovers|[from] move: Knock Off|[of] p2a: Fight guy
|move|p1a: Slowbro|Toxic|p2a: Fight guy
|-status|p2a: Fight guy|tox
|-enditem|p2a: Fight guy|Lum Berry|[eat]
|-curestatus|p2a: Fight guy|tox|[msg]
|
|-sideend|p2: EllieCrabs|move: Tailwind
|upkeep
|turn|7
|
|t:|1758989981
|move|p1a: Slowbro|Protect|p1a: Slowbro
|-singleturn|p1a: Slowbro|Protect
|move|p2a: Fight guy|Knock Off|p1a: Slowbro
|-activate|p1a: Slowbro|move: Protect
|
|upkeep
|turn|8
|c| CrazyFireBoi2|lum berry
|c|☆EllieCrabs|fun berry
|
|t:|1758989986
|move|p2a: Fight guy|Knock Off|p1a: Slowbro
|-supereffective|p1a: Slowbro
|-damage|p1a: Slowbro|0 fnt
|faint|p1a: Slowbro
|
|upkeep
|
|t:|1758989992
|switch|p1a: Jumpluff|Jumpluff, M|100/100
|-damage|p1a: Jumpluff|76/100|[from] Stealth Rock
|turn|9
|
|t:|1758989998
|switch|p2a: Amber|Slowbro, F|100/100
|move|p1a: Jumpluff|Acrobatics|p2a: Amber
|-damage|p2a: Amber|86/100
|
|-heal|p2a: Amber|92/100|[from] item: Leftovers
|upkeep
|turn|10
|c| CrazyFireBoi2|btw you can tera
|c|☆EllieCrabs|thanks
|
|t:|1758990009
|move|p1a: Jumpluff|Stun Spore|p2a: Amber
|-status|p2a: Amber|par
|cant|p2a: Amber|par
|
|-heal|p2a: Amber|98/100 par|[from] item: Leftovers
|upkeep
|turn|11
|c|☆EllieCrabs|oh come on
|
|t:|1758990026
|switch|p1a: Goodra|Goodra-Hisui, M|90/100
|-damage|p1a: Goodra|84/100|[from] Stealth Rock
|move|p2a: Amber|Iron Defense|p2a: Amber
|-boost|p2a: Amber|def|2
|
|-heal|p1a: Goodra|90/100|[from] item: Leftovers
|-heal|p2a: Amber|100/100 par|[from] item: Leftovers
|upkeep
|turn|12
|inactive|Celestial Krystal has 270 seconds left.
|
|t:|1758990053
|switch|p1a: Lokix|Lokix, F|84/100
|-damage|p1a: Lokix|59/100|[from] Stealth Rock
|move|p2a: Amber|Light Screen|p2a: Amber
|-sidestart|p2: EllieCrabs|move: Light Screen
|
|upkeep
|turn|13
|
|t:|1758990062
|move|p1a: Lokix|Trailblaze|p2a: Amber
|-supereffective|p2a: Amber
|-damage|p2a: Amber|82/100 par
|-boost|p1a: Lokix|spe|1
|move|p2a: Amber|Scald|p1a: Lokix
|-damage|p1a: Lokix|0 fnt
|faint|p1a: Lokix
|
|-heal|p2a: Amber|88/100 par|[from] item: Leftovers
|upkeep
|c|☆EllieCrabs|THAT'S MY GOAAT
|inactive|Celestial Krystal has 270 seconds left.
|
|t:|1758990077
|switch|p1a: Maushold|Maushold|100/100
|-damage|p1a: Maushold|88/100|[from] Stealth Rock
|turn|14
|
|t:|1758990083
|move|p1a: Maushold|Tidy Up|p1a: Maushold
|-sideend|p1: Celestial Krystal|Stealth Rock
|-activate|p1a: Maushold|move: Tidy Up
|-boost|p1a: Maushold|atk|1
|-boost|p1a: Maushold|spe|1
|move|p2a: Amber|Scald|p1a: Maushold
|-damage|p1a: Maushold|39/100
|-status|p1a: Maushold|brn
|
|-heal|p2a: Amber|94/100 par|[from] item: Leftovers
|-damage|p1a: Maushold|33/100 brn|[from] brn
|upkeep
|turn|15
|c|☆EllieCrabs|insane value
|
|t:|1758990096
|-terastallize|p1a: Maushold|Ghost
|move|p1a: Maushold|Shadow Claw|p2a: Amber
|-supereffective|p2a: Amber
|-damage|p2a: Amber|79/100 par
|move|p2a: Amber|Scald|p1a: Maushold
|-damage|p1a: Maushold|0 fnt
|faint|p1a: Maushold
|
|-heal|p2a: Amber|85/100 par|[from] item: Leftovers
|upkeep
|c| CrazyFireBoi2|sacking maushold now
|c| CrazyFireBoi2|insane
|
|t:|1758990106
|switch|p1a: Jumpluff|Jumpluff, M|76/100
|turn|16
|
|t:|1758990110
|move|p1a: Jumpluff|Leech Seed|p2a: Amber|[miss]
|-miss|p1a: Jumpluff|p2a: Amber
|move|p2a: Amber|Psychic Noise|p1a: Jumpluff
|-damage|p1a: Jumpluff|41/100
|-start|p1a: Jumpluff|move: Heal Block
|
|-heal|p2a: Amber|92/100 par|[from] item: Leftovers
|-sideend|p2: EllieCrabs|move: Light Screen
|upkeep
|turn|17
|c|☆EllieCrabs|MY GUY'S LOCKED IN
|
|t:|1758990120
|move|p1a: Jumpluff|Seed Bomb|p2a: Amber
|-supereffective|p2a: Amber
|-damage|p2a: Amber|70/100 par
|move|p2a: Amber|Psychic Noise|p1a: Jumpluff
|-damage|p1a: Jumpluff|9/100
|
|-heal|p2a: Amber|76/100 par|[from] item: Leftovers
|-end|p1a: Jumpluff|move: Heal Block
|upkeep
|-enditem|p1a: Jumpluff|Sitrus Berry|[eat]
|-heal|p1a: Jumpluff|33/100|[from] item: Sitrus Berry
|turn|18
|
|t:|1758990136
|move|p1a: Jumpluff|Acrobatics|p2a: Amber
|-damage|p2a: Amber|63/100 par
|move|p2a: Amber|Psychic Noise|p1a: Jumpluff
|-damage|p1a: Jumpluff|0 fnt
|faint|p1a: Jumpluff
|
|-heal|p2a: Amber|69/100 par|[from] item: Leftovers
|upkeep
|inactive|Celestial Krystal has 270 seconds left.
|
|t:|1758990153
|switch|p1a: Flygon|Flygon, M|100/100
|turn|19
|
|t:|1758990158
|move|p1a: Flygon|Boomburst|p2a: Amber
|-damage|p2a: Amber|45/100 par
|cant|p2a: Amber|par
|
|-heal|p2a: Amber|51/100 par|[from] item: Leftovers
|upkeep
|turn|20
|
|t:|1758990165
|move|p1a: Flygon|Boomburst|p2a: Amber
|-damage|p2a: Amber|30/100 par
|cant|p2a: Amber|par
|
|-heal|p2a: Amber|36/100 par|[from] item: Leftovers
|upkeep
|turn|21
|
|t:|1758990172
|move|p1a: Flygon|Boomburst|p2a: Amber
|-damage|p2a: Amber|16/100 par
|move|p2a: Amber|Light Screen|p2a: Amber
|-sidestart|p2: EllieCrabs|move: Light Screen
|
|-heal|p2a: Amber|22/100 par|[from] item: Leftovers
|upkeep
|turn|22
|
|t:|1758990178
|switch|p2a: WiiMote|Dragapult, M|100/100
|move|p1a: Flygon|Boomburst|p2a: WiiMote
|-immune|p2a: WiiMote
|
|upkeep
|turn|23
|
|t:|1758990184
|switch|p1a: Goodra|Goodra-Hisui, M|90/100
|move|p2a: WiiMote|Draco Meteor|p1a: Goodra|[miss]
|-miss|p2a: WiiMote|p1a: Goodra
|
|-heal|p1a: Goodra|96/100|[from] item: Leftovers
|upkeep
|turn|24
|
|t:|1758990192
|switch|p2a: Fight guy|Decidueye-Hisui, F|60/100
|move|p1a: Goodra|Curse|p1a: Goodra
|-unboost|p1a: Goodra|spe|1
|-boost|p1a: Goodra|atk|1
|-boost|p1a: Goodra|def|1
|
|-heal|p1a: Goodra|100/100|[from] item: Leftovers
|upkeep
|turn|25
|
|t:|1758990206
|move|p2a: Fight guy|Swords Dance|p2a: Fight guy
|-boost|p2a: Fight guy|atk|2
|move|p1a: Goodra|Curse|p1a: Goodra
|-unboost|p1a: Goodra|spe|1
|-boost|p1a: Goodra|atk|1
|-boost|p1a: Goodra|def|1
|
|-sideend|p2: EllieCrabs|move: Light Screen
|upkeep
|turn|26
|c|☆EllieCrabs|hey, no swearing in my christian minecraft server!
|
|t:|1758990214
|move|p2a: Fight guy|Triple Arrows|p1a: Goodra
|-supereffective|p1a: Goodra
|-damage|p1a: Goodra|26/100
|-unboost|p1a: Goodra|def|1
|move|p1a: Goodra|Gyro Ball|p2a: Fight guy
|-damage|p2a: Fight guy|9/100
|
|-heal|p1a: Goodra|32/100|[from] item: Leftovers
|upkeep
|turn|27
|c| CrazyFireBoi2|nah
|
|t:|1758990224
|switch|p1a: Flygon|Flygon, M|100/100
|move|p2a: Fight guy|Triple Arrows|p1a: Flygon
|-damage|p1a: Flygon|0 fnt
|faint|p1a: Flygon
|
|upkeep
|c| CrazyFireBoi2|thats crazy
|
|t:|1758990230
|switch|p1a: Goodra|Goodra-Hisui, M|32/100
|turn|28
|c|☆EllieCrabs|decidueye diffed
|
|t:|1758990234
|move|p2a: Fight guy|Triple Arrows|p1a: Goodra
|-supereffective|p1a: Goodra
|-damage|p1a: Goodra|0 fnt
|faint|p1a: Goodra
|
|win|EllieCrabs
|c| CrazyFireBoi2|click on my name to watch bhai
|c| CrazyFireBoi2|it should show their mathc
