|j|☆YeatLover267
|j|☆vuvftyijvdry
|t:|1758946058
|gametype|singles
|player|p1|YeatLover267|backersf|1405
|player|p2|vuvftyijvdry|170|1342
|gen|9
|tier|[Gen 9] OU
|rated|
|rule|HP Percentage Mod: HP is shown in percentages
|rule|Endless Battle Clause: Forcing endless battles is banned
|rule|Species Clause: Limit one of each Pokémon
|rule|OHKO Clause: OHKO moves are banned
|rule|Evasion Items Clause: Evasion items are banned
|rule|Evasion Moves Clause: Evasion moves are banned
|rule|Evasion Abilities Clause: Evasion abilities are banned
|rule|Sleep Moves Clause: Sleep-inducing moves are banned
|clearpoke
|poke|p1|Zapdos|
|poke|p1|Mamoswine, F|
|poke|p1|Corviknight, F|
|poke|p1|Clodsire, F|
|poke|p1|Hawlucha, M|
|poke|p1|Primarina, M|
|poke|p2|Pelipper, F|
|poke|p2|Hatterene, F|
|poke|p2|Iron Treads|
|poke|p2|Toxicroak, F|
|poke|p2|Barraskewda, F|
|poke|p2|Zapdos|
|teampreview
|inactive|Battle timer is ON: inactive players will automatically lose when time's up. (requested by vuvftyijvdry)
|
|t:|1758946065
|teamsize|p1|6
|teamsize|p2|6
|start
|switch|p1a: Zapdos|Zapdos, shiny|100/100
|switch|p2a: Pelipper|Pelipper, F|100/100
|-ability|p1a: Zapdos|Pressure
|-weather|RainDance|[from] ability: Drizzle|[of] p2a: Pelipper
|turn|1
|
|t:|1758946069
|switch|p2a: Iron Treads|Iron Treads|100/100
|move|p1a: Zapdos|Hurricane|p2a: Iron Treads
|-resisted|p2a: Iron Treads
|-damage|p2a: Iron Treads|66/100
|
|-weather|RainDance|[upkeep]
|-heal|p2a: Iron Treads|72/100|[from] item: Leftovers
|upkeep
|turn|2
|
|t:|1758946073
|switch|p1a: Corviknight|Corviknight, F, shiny|100/100
|-ability|p1a: Corviknight|Pressure
|move|p2a: Iron Treads|Stealth Rock|p1a: Corviknight
|-sidestart|p1: YeatLover267|move: Stealth Rock
|
|-weather|RainDance|[upkeep]
|-heal|p2a: Iron Treads|78/100|[from] item: Leftovers
|upkeep
|turn|3
|
|t:|1758946079
|move|p2a: Iron Treads|Volt Switch|p1a: Corviknight
|-supereffective|p1a: Corviknight
|-damage|p1a: Corviknight|79/100
|
|t:|1758946085
|-end|p2a: Iron Treads|Quark Drive|[silent]
|switch|p2a: Zapdos|Zapdos|100/100|[from] Volt Switch
|move|p1a: Corviknight|U-turn|p2a: Zapdos
|-resisted|p2a: Zapdos
|-damage|p2a: Zapdos|92/100
|-status|p1a: Corviknight|par|[from] ability: Static|[of] p2a: Zapdos
|
|t:|1758946088
|switch|p1a: Mamoswine|Mamoswine, F|100/100|[from] U-turn
|-damage|p1a: Mamoswine|88/100|[from] Stealth Rock
|
|-weather|RainDance|[upkeep]
|upkeep
|turn|4
|
|t:|1758946095
|-terastallize|p1a: Mamoswine|Ice
|move|p1a: Mamoswine|Ice Shard|p2a: Zapdos
|-supereffective|p2a: Zapdos
|-damage|p2a: Zapdos|0 fnt
|faint|p2a: Zapdos
|
|-weather|RainDance|[upkeep]
|upkeep
|
|t:|1758946113
|switch|p2a: Toxicroak|Toxicroak, F|100/100
|turn|5
|
|t:|1758946118
|move|p1a: Mamoswine|Ice Shard|p2a: Toxicroak
|-damage|p2a: Toxicroak|56/100
|move|p2a: Toxicroak|Drain Punch|p1a: Mamoswine
|-supereffective|p1a: Mamoswine
|-damage|p1a: Mamoswine|23/100
|-heal|p2a: Toxicroak|87/100|[from] drain|[of] p1a: Mamoswine
|
|-weather|RainDance|[upkeep]
|-heal|p2a: Toxicroak|99/100|[from] ability: Dry Skin
|upkeep
|turn|6
|
|t:|1758946124
|move|p1a: Mamoswine|Ice Shard|p2a: Toxicroak
|-damage|p2a: Toxicroak|60/100
|move|p2a: Toxicroak|Knock Off|p1a: Mamoswine
|-damage|p1a: Mamoswine|0 fnt
|-enditem|p1a: Mamoswine|Choice Band|[from] move: Knock Off|[of] p2a: Toxicroak
|faint|p1a: Mamoswine
|
|-weather|RainDance|[upkeep]
|-heal|p2a: Toxicroak|73/100|[from] ability: Dry Skin
|upkeep
|
|t:|1758946126
|switch|p1a: Hawlucha|Hawlucha, M|100/100
|-ability|p1a: Hawlucha|Mold Breaker
|turn|7
|
|t:|1758946138
|move|p1a: Hawlucha|Defog|p2a: Toxicroak
|-unboost|p2a: Toxicroak|evasion|1
|-sideend|p1: YeatLover267|Stealth Rock|[from] move: Defog|[of] p1a: Hawlucha
|move|p2a: Toxicroak|Encore|p1a: Hawlucha
|-start|p1a: Hawlucha|Encore
|
|-weather|RainDance|[upkeep]
|-heal|p2a: Toxicroak|85/100|[from] ability: Dry Skin
|upkeep
|turn|8
|
|t:|1758946149
|switch|p1a: Corviknight|Corviknight, F, shiny|79/100 par
|-ability|p1a: Corviknight|Pressure
|move|p2a: Toxicroak|Knock Off|p1a: Corviknight
|-damage|p1a: Corviknight|64/100 par
|-damage|p2a: Toxicroak|69/100|[from] item: Rocky Helmet|[of] p1a: Corviknight
|-enditem|p1a: Corviknight|Rocky Helmet|[from] move: Knock Off|[of] p2a: Toxicroak
|
|-weather|none
|upkeep
|turn|9
|
|t:|1758946156
|switch|p2a: Pelipper|Pelipper, F|100/100
|-weather|RainDance|[from] ability: Drizzle|[of] p2a: Pelipper
|move|p1a: Corviknight|Roost|p1a: Corviknight
|-heal|p1a: Corviknight|100/100 par
|-singleturn|p1a: Corviknight|move: Roost
|
|-weather|RainDance|[upkeep]
|upkeep
|turn|10
|
|t:|1758946160
|switch|p1a: Primarina|Primarina, M|100/100
|move|p2a: Pelipper|U-turn|p1a: Primarina
|-resisted|p1a: Primarina
|-damage|p1a: Primarina|95/100
|inactive|vuvftyijvdry has 120 seconds left.
|l|☆YeatLover267
|inactive|YeatLover267 disconnected and has a minute to reconnect!
|player|p1|
|inactive|vuvftyijvdry has 90 seconds left.
|
|t:|1758946222
|switch|p2a: Barraskewda|Barraskewda, F|100/100|[from] U-turn
|
|-weather|RainDance|[upkeep]
|upkeep
|turn|11
|j|☆YeatLover267
|inactive|YeatLover267 reconnected and has 140 seconds left.
|player|p1|YeatLover267|backersf|
|
|t:|1758946237
|-terastallize|p2a: Barraskewda|Water
|move|p2a: Barraskewda|Flip Turn|p1a: Primarina
|-resisted|p1a: Primarina
|-damage|p1a: Primarina|41/100
|
|t:|1758946246
|switch|p2a: Iron Treads|Iron Treads|78/100|[from] Flip Turn
|move|p1a: Primarina|Energy Ball|p2a: Iron Treads
|-damage|p2a: Iron Treads|54/100
|
|-weather|RainDance|[upkeep]
|-heal|p2a: Iron Treads|60/100|[from] item: Leftovers
|upkeep
|turn|12
|
|t:|1758946250
|move|p2a: Iron Treads|Volt Switch|p1a: Primarina
|-supereffective|p1a: Primarina
|-damage|p1a: Primarina|29/100
|
|t:|1758946253
|-end|p2a: Iron Treads|Quark Drive|[silent]
|switch|p2a: Hatterene|Hatterene, F|100/100|[from] Volt Switch
|move|p1a: Primarina|Psychic Noise|p2a: Hatterene
|-damage|p2a: Hatterene|41/100
|-start|p2a: Hatterene|move: Heal Block
|-enditem|p2a: Hatterene|Eject Button
|inactive|vuvftyijvdry has 120 seconds left.
|
|t:|1758946266
|switch|p2a: Barraskewda|Barraskewda, F, tera:Water|100/100
|
|-weather|RainDance|[upkeep]
|upkeep
|turn|13
|
|t:|1758946268
|move|p2a: Barraskewda|Flip Turn|p1a: Primarina
|-resisted|p1a: Primarina
|-damage|p1a: Primarina|0 fnt
|faint|p1a: Primarina
|
|t:|1758946277
|switch|p2a: Hatterene|Hatterene, F|41/100|[from] Flip Turn
|
|-weather|RainDance|[upkeep]
|upkeep
|
|t:|1758946283
|switch|p1a: Zapdos|Zapdos, shiny|100/100
|-ability|p1a: Zapdos|Pressure
|turn|14
|
|t:|1758946294
|move|p1a: Zapdos|Hurricane|p2a: Hatterene
|-damage|p2a: Hatterene|0 fnt
|faint|p2a: Hatterene
|
|-weather|RainDance|[upkeep]
|upkeep
|
|t:|1758946299
|switch|p2a: Iron Treads|Iron Treads|60/100
|turn|15
|
|t:|1758946302
|switch|p1a: Clodsire|Clodsire, F|100/100
|move|p2a: Iron Treads|Stealth Rock|p1a: Clodsire
|-sidestart|p1: YeatLover267|move: Stealth Rock
|
|-weather|RainDance|[upkeep]
|-heal|p2a: Iron Treads|66/100|[from] item: Leftovers
|upkeep
|turn|16
|
|t:|1758946304
|switch|p1a: Hawlucha|Hawlucha, M|100/100
|-ability|p1a: Hawlucha|Mold Breaker
|move|p2a: Iron Treads|Earthquake|p1a: Hawlucha
|-immune|p1a: Hawlucha
|
|-weather|none
|-heal|p2a: Iron Treads|72/100|[from] item: Leftovers
|upkeep
|turn|17
|
|t:|1758946308
|-end|p2a: Iron Treads|Quark Drive|[silent]
|switch|p2a: Pelipper|Pelipper, F|100/100
|-weather|RainDance|[from] ability: Drizzle|[of] p2a: Pelipper
|move|p1a: Hawlucha|Defog|p2a: Pelipper
|-unboost|p2a: Pelipper|evasion|1
|-sideend|p1: YeatLover267|Stealth Rock|[from] move: Defog|[of] p1a: Hawlucha
|
|-weather|RainDance|[upkeep]
|upkeep
|turn|18
|
|t:|1758946315
|switch|p1a: Clodsire|Clodsire, F|100/100
|move|p2a: Pelipper|U-turn|p1a: Clodsire
|-resisted|p1a: Clodsire
|-damage|p1a: Clodsire|95/100
|
|t:|1758946319
|switch|p2a: Iron Treads|Iron Treads|72/100|[from] U-turn
|
|-weather|RainDance|[upkeep]
|-heal|p2a: Iron Treads|78/100|[from] item: Leftovers
|upkeep
|turn|19
|
|t:|1758946323
|switch|p1a: Hawlucha|Hawlucha, M|100/100
|-ability|p1a: Hawlucha|Mold Breaker
|move|p2a: Iron Treads|Earthquake|p1a: Hawlucha
|-immune|p1a: Hawlucha
|
|-weather|RainDance|[upkeep]
|-heal|p2a: Iron Treads|84/100|[from] item: Leftovers
|upkeep
|turn|20
|
|t:|1758946325
|-end|p2a: Iron Treads|Quark Drive|[silent]
|switch|p2a: Pelipper|Pelipper, F|100/100
|move|p1a: Hawlucha|Encore||[still]
|-fail|p1a: Hawlucha
|
|-weather|RainDance|[upkeep]
|upkeep
|turn|21
|
|t:|1758946330
|switch|p1a: Zapdos|Zapdos, shiny|100/100
|-ability|p1a: Zapdos|Pressure
|move|p2a: Pelipper|Hurricane|p1a: Zapdos
|-resisted|p1a: Zapdos
|-damage|p1a: Zapdos|79/100
|
|-weather|RainDance|[upkeep]
|upkeep
|turn|22
|
|t:|1758946334
|switch|p2a: Iron Treads|Iron Treads|84/100
|move|p1a: Zapdos|Hurricane|p2a: Iron Treads
|-resisted|p2a: Iron Treads
|-crit|p2a: Iron Treads
|-damage|p2a: Iron Treads|37/100
|
|-weather|RainDance|[upkeep]
|-heal|p2a: Iron Treads|43/100|[from] item: Leftovers
|upkeep
|turn|23
|
|t:|1758946339
|move|p1a: Zapdos|Hurricane|p2a: Iron Treads
|-resisted|p2a: Iron Treads
|-crit|p2a: Iron Treads
|-damage|p2a: Iron Treads|0 fnt
|faint|p2a: Iron Treads
|-end|p2a: Iron Treads|Quark Drive|[silent]
|
|-weather|RainDance|[upkeep]
|upkeep
|
|t:|1758946346
|switch|p2a: Barraskewda|Barraskewda, F, tera:Water|100/100
|turn|24
|
|t:|1758946352
|move|p2a: Barraskewda|Flip Turn|p1a: Zapdos
|-damage|p1a: Zapdos|0 fnt
|faint|p1a: Zapdos
|
|t:|1758946358
|switch|p2a: Toxicroak|Toxicroak, F|69/100|[from] Flip Turn
|
|-weather|none
|upkeep
|
|t:|1758946360
|switch|p1a: Corviknight|Corviknight, F, shiny|100/100 par
|-ability|p1a: Corviknight|Pressure
|turn|25
|
|t:|1758946366
|move|p2a: Toxicroak|Drain Punch|p1a: Corviknight
|-damage|p1a: Corviknight|85/100 par
|-heal|p2a: Toxicroak|77/100|[from] drain|[of] p1a: Corviknight
|cant|p1a: Corviknight|par
|
|upkeep
|turn|26
|
|t:|1758946375
|switch|p2a: Barraskewda|Barraskewda, F, tera:Water|100/100
|move|p1a: Corviknight|Iron Defense|p1a: Corviknight
|-boost|p1a: Corviknight|def|2
|
|upkeep
|turn|27
|
|t:|1758946377
|move|p2a: Barraskewda|Flip Turn|p1a: Corviknight
|-damage|p1a: Corviknight|65/100 par
|
|t:|1758946380
|switch|p2a: Pelipper|Pelipper, F|100/100|[from] Flip Turn
|-weather|RainDance|[from] ability: Drizzle|[of] p2a: Pelipper
|move|p1a: Corviknight|Iron Defense|p1a: Corviknight
|-boost|p1a: Corviknight|def|2
|
|-weather|RainDance|[upkeep]
|upkeep
|turn|28
|
|t:|1758946383
|move|p2a: Pelipper|U-turn|p1a: Corviknight
|-resisted|p1a: Corviknight
|-damage|p1a: Corviknight|64/100 par
|
|t:|1758946386
|switch|p2a: Toxicroak|Toxicroak, F|77/100|[from] U-turn
|cant|p1a: Corviknight|par
|
|-weather|RainDance|[upkeep]
|-heal|p2a: Toxicroak|90/100|[from] ability: Dry Skin
|upkeep
|turn|29
|
|t:|1758946388
|switch|p1a: Hawlucha|Hawlucha, M|100/100
|-ability|p1a: Hawlucha|Mold Breaker
|move|p2a: Toxicroak|Encore||[still]
|-fail|p2a: Toxicroak
|
|-weather|RainDance|[upkeep]
|-heal|p2a: Toxicroak|100/100|[from] ability: Dry Skin
|upkeep
|turn|30
|
|t:|1758946395
|move|p1a: Hawlucha|Flying Press|p2a: Toxicroak
|-damage|p2a: Toxicroak|69/100
|-damage|p1a: Hawlucha|84/100|[from] item: Rocky Helmet|[of] p2a: Toxicroak
|move|p2a: Toxicroak|Toxic|p1a: Hawlucha
|-status|p1a: Hawlucha|tox
|
|-weather|RainDance|[upkeep]
|-heal|p2a: Toxicroak|81/100|[from] ability: Dry Skin
|-damage|p1a: Hawlucha|78/100 tox|[from] psn
|upkeep
|turn|31
|
|t:|1758946403
|move|p1a: Hawlucha|Encore|p2a: Toxicroak
|-start|p2a: Toxicroak|Encore
|move|p2a: Toxicroak|Toxic|p1a: Hawlucha
|-fail|p1a: Hawlucha|tox
|
|-weather|RainDance|[upkeep]
|-heal|p2a: Toxicroak|94/100|[from] ability: Dry Skin
|-damage|p1a: Hawlucha|66/100 tox|[from] psn
|upkeep
|turn|32
|
|t:|1758946407
|switch|p2a: Pelipper|Pelipper, F|100/100
|move|p1a: Hawlucha|Flying Press|p2a: Pelipper|[miss]
|-miss|p1a: Hawlucha|p2a: Pelipper
|
|-weather|RainDance|[upkeep]
|-damage|p1a: Hawlucha|47/100 tox|[from] psn
|upkeep
|turn|33
|
|t:|1758946411
|move|p1a: Hawlucha|Flying Press|p2a: Pelipper
|-resisted|p2a: Pelipper
|-damage|p2a: Pelipper|85/100
|move|p2a: Pelipper|U-turn|p1a: Hawlucha
|-resisted|p1a: Hawlucha
|-damage|p1a: Hawlucha|45/100 tox
|-message|YeatLover267 forfeited.
|
|win|vuvftyijvdry
|raw|YeatLover267's rating: 1405 &rarr; <strong>1382</strong><br />(-23 for losing)
|raw|vuvftyijvdry's rating: 1360 &rarr; <strong>1383</strong><br />(+23 for winning)
|l|☆YeatLover267
|player|p1|
|l|☆vuvftyijvdry
|player|p2|
