|badge|p2|bronze|gen9ou|100-6
|html|<div class="broadcast-red"><strong>This battle is required to be public due to one or more player having a season medal.</strong><br />During the public phase, you can discuss the state of the ladder <a href="/seasondiscussion">in a special chatroom.</a></div>
|uhtml|medal-msg|<div class="broadcast-blue">Curious what those medals under the avatar are? PS now has Ladder Seasons! For more information, check out the <a href="https://www.smogon.com/forums/threads/3740067/">thread on Smogon.</a></div>
|j|☆samohi0
|j|☆WogerHater
|t:|1758941491
|gametype|singles
|player|p1|samohi0|hoopster|1826
|player|p2|WogerHater|dawn-gen4pt|1891
|gen|9
|tier|[Gen 9] OU
|rated|
|rule|HP Percentage Mod: HP is shown in percentages
|rule|Endless Battle Clause: Forcing endless battles is banned
|rule|Species Clause: Limit one of each Pokémon
|rule|OHKO Clause: OHKO moves are banned
|rule|Evasion Items Clause: Evasion items are banned
|rule|Evasion Moves Clause: Evasion moves are banned
|rule|Evasion Abilities Clause: Evasion abilities are banned
|rule|Sleep Moves Clause: Sleep-inducing moves are banned
|clearpoke
|poke|p1|Keldeo-Resolute|
|poke|p1|Dragapult, M|
|poke|p1|Slowking-Galar, F|
|poke|p1|Kingambit, F|
|poke|p1|Zapdos|
|poke|p1|Great Tusk|
|poke|p2|Tyranitar, F|
|poke|p2|Excadrill, F|
|poke|p2|Tornadus-Therian, M|
|poke|p2|Hydrapple, M|
|poke|p2|Garganacl, M|
|poke|p2|Corviknight, F|
|teampreview
|inactive|Battle timer is ON: inactive players will automatically lose when time's up. (requested by WogerHater)
|j| allee23
|
|t:|1758941519
|teamsize|p1|6
|teamsize|p2|6
|start
|switch|p1a: Ascended Phantom|Dragapult, M|100/100
|switch|p2a: Garganacl|Garganacl, M|100/100
|turn|1
|j| poli sci
|l| poli sci
|
|t:|1758941548
|move|p1a: Ascended Phantom|U-turn|p2a: Garganacl
|-damage|p2a: Garganacl|80/100
|
|t:|1758941549
|switch|p1a: Kami’s Vision|Slowking-Galar, F|100/100|[from] U-turn
|move|p2a: Garganacl|Salt Cure|p1a: Kami’s Vision
|-damage|p1a: Kami’s Vision|85/100
|-start|p1a: Kami’s Vision|Salt Cure
|
|-heal|p2a: Garganacl|86/100|[from] item: Leftovers
|-heal|p1a: Kami’s Vision|91/100|[from] item: Black Sludge
|-damage|p1a: Kami’s Vision|79/100|[from] Salt Cure
|upkeep
|turn|2
|
|t:|1758941553
|move|p2a: Garganacl|Earthquake|p1a: Kami’s Vision
|-supereffective|p1a: Kami’s Vision
|-damage|p1a: Kami’s Vision|32/100
|move|p1a: Kami’s Vision|Psyshock|p2a: Garganacl
|-damage|p2a: Garganacl|66/100
|
|-heal|p2a: Garganacl|72/100|[from] item: Leftovers
|-heal|p1a: Kami’s Vision|39/100|[from] item: Black Sludge
|-damage|p1a: Kami’s Vision|26/100|[from] Salt Cure
|upkeep
|turn|3
|
|t:|1758941557
|switch|p1a: Wrath of Broly|Great Tusk|100/100
|-enditem|p1a: Wrath of Broly|Booster Energy
|-activate|p1a: Wrath of Broly|ability: Protosynthesis|[fromitem]
|-start|p1a: Wrath of Broly|protosynthesisatk
|move|p2a: Garganacl|Salt Cure|p1a: Wrath of Broly
|-resisted|p1a: Wrath of Broly
|-damage|p1a: Wrath of Broly|98/100
|-start|p1a: Wrath of Broly|Salt Cure
|
|-heal|p2a: Garganacl|78/100|[from] item: Leftovers
|-damage|p1a: Wrath of Broly|86/100|[from] Salt Cure
|upkeep
|turn|4
|
|t:|1758941561
|switch|p2a: Hydrapple|Hydrapple, M|100/100
|move|p1a: Wrath of Broly|Stealth Rock|p2a: Hydrapple
|-sidestart|p2: WogerHater|move: Stealth Rock
|
|-damage|p1a: Wrath of Broly|73/100|[from] Salt Cure
|upkeep
|turn|5
|
|t:|1758941566
|-end|p1a: Wrath of Broly|Protosynthesis|[silent]
|switch|p1a: Kami’s Vision|Slowking-Galar, F|59/100
|move|p2a: Hydrapple|Giga Drain|p1a: Kami’s Vision
|-resisted|p1a: Kami’s Vision
|-damage|p1a: Kami’s Vision|51/100
|
|-heal|p1a: Kami’s Vision|57/100|[from] item: Black Sludge
|upkeep
|turn|6
|
|t:|1758941570
|switch|p2a: Garganacl|Garganacl, M|78/100
|-damage|p2a: Garganacl|66/100|[from] Stealth Rock
|-prepare|p1a: Kami’s Vision|Chilly Reception|[premajor]
|move|p1a: Kami’s Vision|Chilly Reception|p1a: Kami’s Vision
|-weather|Snowscape
|
|t:|1758941572
|switch|p1a: Trunks’ Resolve|Keldeo-Resolute|100/100|[from] Chilly Reception
|
|-weather|Snowscape|[upkeep]
|-heal|p2a: Garganacl|72/100|[from] item: Leftovers
|upkeep
|turn|7
|
|t:|1758941575
|-terastallize|p2a: Garganacl|Water
|move|p1a: Trunks’ Resolve|Substitute|p1a: Trunks’ Resolve
|-start|p1a: Trunks’ Resolve|Substitute
|-damage|p1a: Trunks’ Resolve|76/100
|move|p2a: Garganacl|Salt Cure|p1a: Trunks’ Resolve
|-resisted|p1a: Trunks’ Resolve
|-activate|p1a: Trunks’ Resolve|move: Substitute|[damage]
|
|-weather|Snowscape|[upkeep]
|-heal|p1a: Trunks’ Resolve|82/100|[from] item: Leftovers
|-heal|p2a: Garganacl|78/100|[from] item: Leftovers
|upkeep
|turn|8
|
|t:|1758941580
|switch|p2a: Hydrapple|Hydrapple, M|100/100
|move|p1a: Trunks’ Resolve|Calm Mind|p1a: Trunks’ Resolve
|-boost|p1a: Trunks’ Resolve|spa|1
|-boost|p1a: Trunks’ Resolve|spd|1
|
|-weather|Snowscape|[upkeep]
|-heal|p1a: Trunks’ Resolve|88/100|[from] item: Leftovers
|upkeep
|turn|9
|
|t:|1758941582
|move|p1a: Trunks’ Resolve|Calm Mind|p1a: Trunks’ Resolve
|-boost|p1a: Trunks’ Resolve|spa|1
|-boost|p1a: Trunks’ Resolve|spd|1
|move|p2a: Hydrapple|Giga Drain|p1a: Trunks’ Resolve
|-supereffective|p1a: Trunks’ Resolve
|-end|p1a: Trunks’ Resolve|Substitute
|
|-weather|Snowscape|[upkeep]
|-heal|p1a: Trunks’ Resolve|94/100|[from] item: Leftovers
|upkeep
|turn|10
|
|t:|1758941586
|-terastallize|p1a: Trunks’ Resolve|Steel
|move|p1a: Trunks’ Resolve|Substitute|p1a: Trunks’ Resolve
|-start|p1a: Trunks’ Resolve|Substitute
|-damage|p1a: Trunks’ Resolve|69/100
|move|p2a: Hydrapple|Nasty Plot|p2a: Hydrapple
|-boost|p2a: Hydrapple|spa|2
|
|-weather|none
|-heal|p1a: Trunks’ Resolve|75/100|[from] item: Leftovers
|upkeep
|turn|11
|
|t:|1758941590
|move|p1a: Trunks’ Resolve|Secret Sword|p2a: Hydrapple
|-damage|p2a: Hydrapple|51/100
|move|p2a: Hydrapple|Earth Power|p1a: Trunks’ Resolve
|-supereffective|p1a: Trunks’ Resolve
|-end|p1a: Trunks’ Resolve|Substitute
|
|-heal|p1a: Trunks’ Resolve|81/100|[from] item: Leftovers
|upkeep
|turn|12
|
|t:|1758941593
|move|p1a: Trunks’ Resolve|Secret Sword|p2a: Hydrapple
|-damage|p2a: Hydrapple|8/100
|move|p2a: Hydrapple|Earth Power|p1a: Trunks’ Resolve
|-supereffective|p1a: Trunks’ Resolve
|-damage|p1a: Trunks’ Resolve|33/100
|
|-heal|p1a: Trunks’ Resolve|39/100|[from] item: Leftovers
|upkeep
|turn|13
|j| locked in bro
|
|t:|1758941598
|move|p1a: Trunks’ Resolve|Surf|p2a: Hydrapple
|-resisted|p2a: Hydrapple
|-damage|p2a: Hydrapple|0 fnt
|faint|p2a: Hydrapple
|
|-heal|p1a: Trunks’ Resolve|45/100|[from] item: Leftovers
|upkeep
|
|t:|1758941601
|switch|p2a: Tornadus|Tornadus-Therian, M|100/100
|-damage|p2a: Tornadus|76/100|[from] Stealth Rock
|turn|14
|
|t:|1758941603
|move|p2a: Tornadus|Heat Wave|p1a: Trunks’ Resolve
|-supereffective|p1a: Trunks’ Resolve
|-damage|p1a: Trunks’ Resolve|3/100
|move|p1a: Trunks’ Resolve|Surf|p2a: Tornadus
|-damage|p2a: Tornadus|0 fnt
|faint|p2a: Tornadus
|
|-heal|p1a: Trunks’ Resolve|9/100|[from] item: Leftovers
|upkeep
|
|t:|1758941610
|switch|p2a: Garganacl|Garganacl, M, tera:Water|78/100
|-damage|p2a: Garganacl|66/100|[from] Stealth Rock
|turn|15
|
|t:|1758941614
|move|p1a: Trunks’ Resolve|Secret Sword|p2a: Garganacl
|-damage|p2a: Garganacl|14/100
|move|p2a: Garganacl|Earthquake|p1a: Trunks’ Resolve
|-supereffective|p1a: Trunks’ Resolve
|-damage|p1a: Trunks’ Resolve|0 fnt
|faint|p1a: Trunks’ Resolve
|
|-heal|p2a: Garganacl|20/100|[from] item: Leftovers
|upkeep
|
|t:|1758941625
|switch|p1a: Crutch Gambit|Kingambit, F|100/100
|-activate|p1a: Crutch Gambit|ability: Supreme Overlord
|-start|p1a: Crutch Gambit|fallen1|[silent]
|turn|16
|
|t:|1758941632
|move|p1a: Crutch Gambit|Kowtow Cleave|p2a: Garganacl
|-damage|p2a: Garganacl|0 fnt
|faint|p2a: Garganacl
|
|upkeep
|-message|WogerHater forfeited.
|
|win|samohi0
|raw|samohi0's rating: 1826 &rarr; <strong>1850</strong><br />(+24 for winning)
|raw|WogerHater's rating: 1891 &rarr; <strong>1867</strong><br />(-24 for losing)
|l|☆WogerHater
|player|p2|
|l|☆samohi0
|player|p1|
|l| locked in bro
|l| allee23
