|j|☆Shibuya Arc
|j|☆Zapy364
|t:|1758992924
|gametype|singles
|player|p1|Shibuya Arc|169|1708
|player|p2|Zapy364|1|1641
|gen|9
|tier|[Gen 9] OU
|rated|
|rule|HP Percentage Mod: HP is shown in percentages
|rule|Endless Battle Clause: Forcing endless battles is banned
|rule|Species Clause: Limit one of each Pokémon
|rule|OHKO Clause: OHKO moves are banned
|rule|Evasion Items Clause: Evasion items are banned
|rule|Evasion Moves Clause: Evasion moves are banned
|rule|Evasion Abilities Clause: Evasion abilities are banned
|rule|Sleep Moves Clause: Sleep-inducing moves are banned
|clearpoke
|poke|p1|Dragapult, F|
|poke|p1|Dragonite, F|
|poke|p1|Ting-Lu|
|poke|p1|Weezing-Galar, F|
|poke|p1|Iron Crown|
|poke|p1|Zapdos|
|poke|p2|Meowscarada, M|
|poke|p2|Raging Bolt|
|poke|p2|Primarina, F|
|poke|p2|Dragonite, F|
|poke|p2|Skeledirge, F|
|poke|p2|Ting-Lu|
|teampreview
|inactive|Battle timer is ON: inactive players will automatically lose when time's up. (requested by Zapy364)
|
|t:|1758992933
|teamsize|p1|6
|teamsize|p2|6
|start
|switch|p1a: Ting-Lu|Ting-Lu|100/100
|switch|p2a: Ting-Lu|Ting-Lu|100/100
|-ability|p1a: Ting-Lu|Vessel of Ruin
|-ability|p2a: Ting-Lu|Vessel of Ruin
|turn|1
|inactive|Shibuya Arc also wants the timer to be on.
|
|t:|1758992939
|move|p1a: Ting-Lu|Ruination|p2a: Ting-Lu|[miss]
|-miss|p1a: Ting-Lu|p2a: Ting-Lu
|move|p2a: Ting-Lu|Ruination|p1a: Ting-Lu
|-damage|p1a: Ting-Lu|51/100
|
|-heal|p1a: Ting-Lu|57/100|[from] item: Leftovers
|upkeep
|turn|2
|
|t:|1758992946
|move|p1a: Ting-Lu|Ruination|p2a: Ting-Lu
|-damage|p2a: Ting-Lu|50/100
|move|p2a: Ting-Lu|Stealth Rock|p1a: Ting-Lu
|-sidestart|p1: Shibuya Arc|move: Stealth Rock
|
|-heal|p1a: Ting-Lu|63/100|[from] item: Leftovers
|-heal|p2a: Ting-Lu|57/100|[from] item: Leftovers
|upkeep
|turn|3
|
|t:|1758992955
|move|p1a: Ting-Lu|Ruination|p2a: Ting-Lu
|-damage|p2a: Ting-Lu|29/100
|move|p2a: Ting-Lu|Ruination|p1a: Ting-Lu
|-damage|p1a: Ting-Lu|32/100
|
|-heal|p1a: Ting-Lu|38/100|[from] item: Leftovers
|-heal|p2a: Ting-Lu|35/100|[from] item: Leftovers
|upkeep
|turn|4
|
|t:|1758992966
|move|p1a: Ting-Lu|Earthquake|p2a: Ting-Lu
|-damage|p2a: Ting-Lu|14/100
|move|p2a: Ting-Lu|Ruination|p1a: Ting-Lu|[miss]
|-miss|p2a: Ting-Lu|p1a: Ting-Lu
|
|-heal|p1a: Ting-Lu|44/100|[from] item: Leftovers
|-heal|p2a: Ting-Lu|20/100|[from] item: Leftovers
|upkeep
|turn|5
|
|t:|1758992973
|move|p1a: Ting-Lu|Ruination|p2a: Ting-Lu
|-damage|p2a: Ting-Lu|10/100
|move|p2a: Ting-Lu|Earthquake|p1a: Ting-Lu
|-damage|p1a: Ting-Lu|23/100
|
|-heal|p1a: Ting-Lu|29/100|[from] item: Leftovers
|-heal|p2a: Ting-Lu|16/100|[from] item: Leftovers
|upkeep
|turn|6
|inactive|Zapy364 has 120 seconds left.
|inactive|Zapy364 has 90 seconds left.
|inactive|Zapy364 has 60 seconds left.
|
|t:|1758993091
|move|p1a: Ting-Lu|Earthquake|p2a: Ting-Lu
|-damage|p2a: Ting-Lu|0 fnt
|faint|p2a: Ting-Lu
|
|-heal|p1a: Ting-Lu|36/100|[from] item: Leftovers
|upkeep
|
|t:|1758993095
|switch|p2a: Meowscarada|Meowscarada, M|100/100
|turn|7
|
|t:|1758993100
|switch|p1a: Weezing|Weezing-Galar, F|100/100
|-ability|p1a: Weezing|Neutralizing Gas
|move|p2a: Meowscarada|U-turn|p1a: Weezing
|-resisted|p1a: Weezing
|-damage|p1a: Weezing|95/100
|
|t:|1758993110
|switch|p2a: Skeledirge|Skeledirge, F|100/100|[from] U-turn
|
|upkeep
|turn|8
|
|t:|1758993115
|-end|p1a: Weezing|ability: Neutralizing Gas
|switch|p1a: Ting-Lu|Ting-Lu|36/100
|-damage|p1a: Ting-Lu|29/100|[from] Stealth Rock
|-ability|p1a: Ting-Lu|Vessel of Ruin
|move|p2a: Skeledirge|Will-O-Wisp|p1a: Ting-Lu
|-status|p1a: Ting-Lu|brn
|
|-heal|p1a: Ting-Lu|36/100 brn|[from] item: Leftovers
|-damage|p1a: Ting-Lu|29/100 brn|[from] brn
|upkeep
|turn|9
|inactive|Zapy364 has 60 seconds left.
|
|t:|1758993140
|move|p2a: Skeledirge|Torch Song|p1a: Ting-Lu
|-damage|p1a: Ting-Lu|17/100 brn
|-boost|p2a: Skeledirge|spa|1
|move|p1a: Ting-Lu|Ruination|p2a: Skeledirge
|-damage|p2a: Skeledirge|50/100
|
|-heal|p1a: Ting-Lu|24/100 brn|[from] item: Leftovers
|-damage|p1a: Ting-Lu|17/100 brn|[from] brn
|upkeep
|turn|10
|
|t:|1758993156
|move|p2a: Skeledirge|Torch Song|p1a: Ting-Lu
|-damage|p1a: Ting-Lu|0 fnt
|-boost|p2a: Skeledirge|spa|1
|faint|p1a: Ting-Lu
|
|upkeep
|
|t:|1758993163
|switch|p1a: Dragonite|Dragonite, F|100/100
|turn|11
|
|t:|1758993169
|move|p1a: Dragonite|Earthquake|p2a: Skeledirge
|-supereffective|p2a: Skeledirge
|-damage|p2a: Skeledirge|3/100
|move|p2a: Skeledirge|Will-O-Wisp|p1a: Dragonite
|-status|p1a: Dragonite|brn
|
|-damage|p1a: Dragonite|94/100 brn|[from] brn
|upkeep
|turn|12
|inactive|Zapy364 has 60 seconds left.
|
|t:|1758993185
|switch|p2a: Meowscarada|Meowscarada, M|100/100
|move|p1a: Dragonite|Earthquake|p2a: Meowscarada
|-resisted|p2a: Meowscarada
|-damage|p2a: Meowscarada|84/100
|
|-damage|p1a: Dragonite|88/100 brn|[from] brn
|upkeep
|turn|13
|inactive|Zapy364 has 60 seconds left.
|
|t:|1758993193
|move|p1a: Dragonite|Extreme Speed|p2a: Meowscarada
|-crit|p2a: Meowscarada
|-damage|p2a: Meowscarada|50/100
|move|p2a: Meowscarada|Triple Axel|p1a: Dragonite
|-start|p2a: Meowscarada|typechange|Ice|[from] ability: Protean
|-supereffective|p1a: Dragonite
|-damage|p1a: Dragonite|33/100 brn
|-supereffective|p1a: Dragonite
|-damage|p1a: Dragonite|0 fnt
|faint|p1a: Dragonite
|-hitcount|p1: Dragonite|2
|
|upkeep
|
|t:|1758993202
|switch|p1a: Dragapult|Dragapult, F|100/100
|turn|14
|
|t:|1758993207
|move|p1a: Dragapult|U-turn|p2a: Meowscarada
|-damage|p2a: Meowscarada|19/100
|
|t:|1758993215
|switch|p1a: Weezing|Weezing-Galar, F|95/100|[from] U-turn
|-ability|p1a: Weezing|Neutralizing Gas
|move|p2a: Meowscarada|Triple Axel|p1a: Weezing|[miss]
|-miss|p2a: Meowscarada|p1a: Weezing
|
|upkeep
|turn|15
|
|t:|1758993226
|move|p2a: Meowscarada|Triple Axel|p1a: Weezing
|-damage|p1a: Weezing|86/100
|-damage|p1a: Weezing|69/100
|-damage|p1a: Weezing|44/100
|-hitcount|p1a: Weezing|3
|move|p1a: Weezing|Will-O-Wisp|p2a: Meowscarada|[miss]
|-miss|p1a: Weezing|p2a: Meowscarada
|
|upkeep
|turn|16
|
|t:|1758993232
|move|p2a: Meowscarada|Triple Axel|p1a: Weezing
|-damage|p1a: Weezing|34/100
|-damage|p1a: Weezing|16/100
|-damage|p1a: Weezing|0 fnt
|faint|p1a: Weezing
|-end|p1a: Weezing|ability: Neutralizing Gas
|-hitcount|p1: Weezing|3
|
|upkeep
|
|t:|1758993238
|switch|p1a: Dragapult|Dragapult, F|100/100
|turn|17
|
|t:|1758993243
|switch|p2a: Skeledirge|Skeledirge, F|3/100
|move|p1a: Dragapult|U-turn|p2a: Skeledirge
|-resisted|p2a: Skeledirge
|-damage|p2a: Skeledirge|0 fnt
|faint|p2a: Skeledirge
|
|t:|1758993250
|switch|p1a: Zapdos|Zapdos|100/100|[from] U-turn
|
|upkeep
|
|t:|1758993253
|switch|p2a: Raging Bolt|Raging Bolt|100/100
|-enditem|p2a: Raging Bolt|Booster Energy
|-activate|p2a: Raging Bolt|ability: Protosynthesis|[fromitem]
|-start|p2a: Raging Bolt|protosynthesisspa
|turn|18
|
|t:|1758993258
|move|p1a: Zapdos|Hurricane|p2a: Raging Bolt
|-resisted|p2a: Raging Bolt
|-damage|p2a: Raging Bolt|75/100
|move|p2a: Raging Bolt|Calm Mind|p2a: Raging Bolt
|-boost|p2a: Raging Bolt|spa|1
|-boost|p2a: Raging Bolt|spd|1
|
|upkeep
|turn|19
|
|t:|1758993273
|move|p1a: Zapdos|Volt Switch|p2a: Raging Bolt
|-resisted|p2a: Raging Bolt
|-damage|p2a: Raging Bolt|70/100
|
|t:|1758993280
|switch|p1a: Iron Crown|Iron Crown|100/100|[from] Volt Switch
|-damage|p1a: Iron Crown|94/100|[from] Stealth Rock
|move|p2a: Raging Bolt|Thunderbolt|p1a: Iron Crown
|-damage|p1a: Iron Crown|0 fnt
|faint|p1a: Iron Crown
|-end|p1a: Iron Crown|Quark Drive|[silent]
|
|upkeep
|
|t:|1758993288
|switch|p1a: Zapdos|Zapdos|100/100
|turn|20
|
|t:|1758993293
|move|p1a: Zapdos|Roost||[still]
|-fail|p1a: Zapdos|heal
|move|p2a: Raging Bolt|Thunderbolt|p1a: Zapdos
|-damage|p1a: Zapdos|0 fnt
|faint|p1a: Zapdos
|
|upkeep
|
|t:|1758993300
|switch|p1a: Dragapult|Dragapult, F|100/100
|turn|21
|
|t:|1758993303
|-terastallize|p2a: Raging Bolt|Fairy
|move|p1a: Dragapult|Dragon Darts|p2a: Raging Bolt
|-immune|p2a: Raging Bolt
|move|p2a: Raging Bolt|Dragon Pulse|p1a: Dragapult
|-supereffective|p1a: Dragapult
|-damage|p1a: Dragapult|0 fnt
|faint|p1a: Dragapult
|
|win|Zapy364
|raw|Shibuya Arc's rating: 1708 &rarr; <strong>1684</strong><br />(-24 for losing)
|raw|Zapy364's rating: 1641 &rarr; <strong>1665</strong><br />(+24 for winning)
