|j|☆virgilestrate
|j|☆Pink Is My Life
|t:|1759053287
|gametype|singles
|player|p1|virgilestrate|102|1317
|player|p2|Pink Is My Life|parasollady|1379
|gen|9
|tier|[Gen 9] OU
|rated|
|rule|HP Percentage Mod: HP is shown in percentages
|rule|Endless Battle Clause: Forcing endless battles is banned
|rule|Species Clause: Limit one of each Pokémon
|rule|OHKO Clause: OHKO moves are banned
|rule|Evasion Items Clause: Evasion items are banned
|rule|Evasion Moves Clause: Evasion moves are banned
|rule|Evasion Abilities Clause: Evasion abilities are banned
|rule|Sleep Moves Clause: Sleep-inducing moves are banned
|clearpoke
|poke|p1|Exeggutor, M|
|poke|p1|Ninetales, F|
|poke|p1|Hatterene, F|
|poke|p1|Raging Bolt|
|poke|p1|Great Tusk|
|poke|p1|Walking Wake|
|poke|p2|Alomomola, F|
|poke|p2|Tinkaton, F|
|poke|p2|Blissey, F|
|poke|p2|Heracross, F|
|poke|p2|Espeon, F|
|poke|p2|Zamazenta-*|
|teampreview
|inactive|Battle timer is ON: inactive players will automatically lose when time's up. (requested by Pink Is My Life)
|j| mimic hat magic
|
|t:|1759053297
|teamsize|p1|6
|teamsize|p2|6
|start
|switch|p1a: Ninetales|Ninetales, F, shiny|100/100
|switch|p2a: Pink Hammerist|Tinkaton, F|100/100
|-weather|SunnyDay|[from] ability: Drought|[of] p1a: Ninetales
|-item|p2a: Pink Hammerist|Air Balloon
|turn|1
|
|t:|1759053325
|switch|p1a: Great Tusk|Great Tusk|100/100
|-activate|p1a: Great Tusk|ability: Protosynthesis
|-start|p1a: Great Tusk|protosynthesisspe
|move|p2a: Pink Hammerist|Thunder Wave|p1a: Great Tusk
|-immune|p1a: Great Tusk
|
|-weather|SunnyDay|[upkeep]
|upkeep
|turn|2
|
|t:|1759053337
|move|p1a: Great Tusk|Headlong Rush|p2a: Pink Hammerist
|-immune|p2a: Pink Hammerist
|move|p2a: Pink Hammerist|Stealth Rock|p1a: Great Tusk
|-sidestart|p1: virgilestrate|move: Stealth Rock
|
|-weather|SunnyDay|[upkeep]
|upkeep
|turn|3
|inactive|virgilestrate has 120 seconds left.
|
|t:|1759053370
|move|p1a: Great Tusk|Headlong Rush|p2a: Pink Hammerist
|-immune|p2a: Pink Hammerist
|move|p2a: Pink Hammerist|Gigaton Hammer|p1a: Great Tusk
|-damage|p1a: Great Tusk|72/100
|
|-weather|SunnyDay|[upkeep]
|upkeep
|turn|4
|inactive|virgilestrate has 90 seconds left.
|
|t:|1759053412
|-end|p1a: Great Tusk|Protosynthesis|[silent]
|switch|p1a: Exeggutor|Exeggutor, M, shiny|100/100
|-damage|p1a: Exeggutor|88/100|[from] Stealth Rock
|move|p2a: Pink Hammerist|Encore||[still]
|-fail|p2a: Pink Hammerist
|
|-weather|SunnyDay|[upkeep]
|upkeep
|turn|5
|
|t:|1759053421
|move|p1a: Exeggutor|Psychic|p2a: Pink Hammerist
|-resisted|p2a: Pink Hammerist
|-damage|p2a: Pink Hammerist|81/100
|-enditem|p2a: Pink Hammerist|Air Balloon
|-damage|p1a: Exeggutor|78/100|[from] item: Life Orb
|move|p2a: Pink Hammerist|Thunder Wave|p1a: Exeggutor
|-status|p1a: Exeggutor|par
|
|-weather|SunnyDay|[upkeep]
|upkeep
|turn|6
|inactive|virgilestrate has 90 seconds left.
|
|t:|1759053432
|switch|p1a: Great Tusk|Great Tusk|72/100
|-damage|p1a: Great Tusk|69/100|[from] Stealth Rock
|-activate|p1a: Great Tusk|ability: Protosynthesis
|-start|p1a: Great Tusk|protosynthesisspe
|move|p2a: Pink Hammerist|Encore||[still]
|-fail|p2a: Pink Hammerist
|
|-weather|SunnyDay|[upkeep]
|upkeep
|turn|7
|inactive|virgilestrate has 90 seconds left.
|
|t:|1759053445
|switch|p2a: Pink Fish|Alomomola, F|100/100
|move|p1a: Great Tusk|Headlong Rush|p2a: Pink Fish
|-damage|p2a: Pink Fish|53/100
|-unboost|p1a: Great Tusk|def|1
|-unboost|p1a: Great Tusk|spd|1
|-damage|p1a: Great Tusk|53/100|[from] item: Rocky Helmet|[of] p2a: Pink Fish
|
|-weather|SunnyDay|[upkeep]
|upkeep
|turn|8
|
|t:|1759053454
|-terastallize|p1a: Great Tusk|Ground
|move|p1a: Great Tusk|Headlong Rush|p2a: Pink Fish
|-crit|p2a: Pink Fish
|-damage|p2a: Pink Fish|0 fnt
|-unboost|p1a: Great Tusk|def|1
|-unboost|p1a: Great Tusk|spd|1
|-damage|p1a: Great Tusk|36/100|[from] item: Rocky Helmet|[of] p2a: Pink Fish
|faint|p2a: Pink Fish
|
|-weather|none
|-end|p1a: Great Tusk|Protosynthesis
|upkeep
|
|t:|1759053468
|switch|p2a: Pink Dog|Zamazenta, shiny|100/100
|-ability|p2a: Pink Dog|Dauntless Shield|boost
|-boost|p2a: Pink Dog|def|1
|turn|9
|
|t:|1759053478
|-end|p1a: Great Tusk|Protosynthesis|[silent]
|switch|p1a: Ninetales|Ninetales, F, shiny|100/100
|-damage|p1a: Ninetales|76/100|[from] Stealth Rock
|-weather|SunnyDay|[from] ability: Drought|[of] p1a: Ninetales
|move|p2a: Pink Dog|Play Rough|p1a: Ninetales
|-resisted|p1a: Ninetales
|-damage|p1a: Ninetales|52/100
|-damage|p2a: Pink Dog|91/100|[from] item: Life Orb
|
|-weather|SunnyDay|[upkeep]
|upkeep
|turn|10
|inactive|virgilestrate has 120 seconds left.
|
|t:|1759053492
|switch|p1a: Walking Wake|Walking Wake|100/100
|-damage|p1a: Walking Wake|88/100|[from] Stealth Rock
|-activate|p1a: Walking Wake|ability: Protosynthesis
|-start|p1a: Walking Wake|protosynthesisspa
|move|p2a: Pink Dog|Close Combat|p1a: Walking Wake
|-damage|p1a: Walking Wake|5/100
|-unboost|p2a: Pink Dog|def|1
|-unboost|p2a: Pink Dog|spd|1
|-damage|p2a: Pink Dog|81/100|[from] item: Life Orb
|
|-weather|SunnyDay|[upkeep]
|upkeep
|turn|11
|inactive|virgilestrate has 120 seconds left.
|
|t:|1759053507
|switch|p2a: Pink Hammerist|Tinkaton, F|81/100
|move|p1a: Walking Wake|Hydro Steam|p2a: Pink Hammerist
|-damage|p2a: Pink Hammerist|26/100
|
|-weather|SunnyDay|[upkeep]
|upkeep
|turn|12
|inactive|virgilestrate has 120 seconds left.
|
|t:|1759053516
|move|p1a: Walking Wake|Hydro Steam|p2a: Pink Hammerist
|-damage|p2a: Pink Hammerist|0 fnt
|faint|p2a: Pink Hammerist
|
|-weather|SunnyDay|[upkeep]
|upkeep
|
|t:|1759053524
|switch|p2a: Pink Egg|Blissey, F|100/100
|turn|13
|
|t:|1759053527
|move|p1a: Walking Wake|Hydro Steam|p2a: Pink Egg
|-damage|p2a: Pink Egg|68/100
|move|p2a: Pink Egg|Hyper Voice|p1a: Walking Wake
|-damage|p1a: Walking Wake|0 fnt
|faint|p1a: Walking Wake
|-end|p1a: Walking Wake|Protosynthesis|[silent]
|
|-weather|SunnyDay|[upkeep]
|upkeep
|
|t:|1759053534
|switch|p1a: Great Tusk|Great Tusk, tera:Ground|36/100
|-damage|p1a: Great Tusk|30/100|[from] Stealth Rock
|-activate|p1a: Great Tusk|ability: Protosynthesis
|-start|p1a: Great Tusk|protosynthesisspe
|turn|14
|
|t:|1759053541
|switch|p2a: Pink Hercules|Heracross, F, shiny|100/100
|move|p1a: Great Tusk|Headlong Rush|p2a: Pink Hercules
|-resisted|p2a: Pink Hercules
|-damage|p2a: Pink Hercules|38/100
|-unboost|p1a: Great Tusk|def|1
|-unboost|p1a: Great Tusk|spd|1
|
|-weather|SunnyDay|[upkeep]
|-status|p2a: Pink Hercules|brn|[from] item: Flame Orb
|upkeep
|turn|15
|
|t:|1759053553
|move|p1a: Great Tusk|Headlong Rush|p2a: Pink Hercules
|-resisted|p2a: Pink Hercules
|-damage|p2a: Pink Hercules|0 fnt
|-unboost|p1a: Great Tusk|def|1
|-unboost|p1a: Great Tusk|spd|1
|faint|p2a: Pink Hercules
|
|-weather|SunnyDay|[upkeep]
|upkeep
|
|t:|1759053566
|switch|p2a: Pink Dog|Zamazenta, shiny|81/100
|turn|16
|
|t:|1759053573
|-end|p1a: Great Tusk|Protosynthesis|[silent]
|switch|p1a: Hatterene|Hatterene, F, shiny|100/100
|-damage|p1a: Hatterene|88/100|[from] Stealth Rock
|move|p2a: Pink Dog|Play Rough|p1a: Hatterene
|-damage|p1a: Hatterene|54/100
|-enditem|p1a: Hatterene|Eject Button
|-damage|p2a: Pink Dog|71/100|[from] item: Life Orb
|
|t:|1759053580
|switch|p1a: Ninetales|Ninetales, F, shiny|52/100
|-damage|p1a: Ninetales|27/100|[from] Stealth Rock
|
|-weather|none
|upkeep
|turn|17
|
|t:|1759053587
|switch|p1a: Hatterene|Hatterene, F, shiny|54/100
|-damage|p1a: Hatterene|41/100|[from] Stealth Rock
|move|p2a: Pink Dog|Close Combat|p1a: Hatterene
|-resisted|p1a: Hatterene
|-damage|p1a: Hatterene|25/100
|-unboost|p2a: Pink Dog|def|1
|-unboost|p2a: Pink Dog|spd|1
|-damage|p2a: Pink Dog|61/100|[from] item: Life Orb
|
|upkeep
|turn|18
|
|t:|1759053596
|move|p2a: Pink Dog|Heavy Slam|p1a: Hatterene
|-supereffective|p1a: Hatterene
|-damage|p1a: Hatterene|0 fnt
|faint|p1a: Hatterene
|-damage|p2a: Pink Dog|51/100|[from] item: Life Orb
|
|upkeep
|
|t:|1759053599
|switch|p1a: Ninetales|Ninetales, F, shiny|27/100
|-damage|p1a: Ninetales|2/100|[from] Stealth Rock
|-weather|SunnyDay|[from] ability: Drought|[of] p1a: Ninetales
|turn|19
|
|t:|1759053609
|move|p2a: Pink Dog|Play Rough|p1a: Ninetales|[miss]
|-miss|p2a: Pink Dog|p1a: Ninetales
|move|p1a: Ninetales|Healing Wish|p1a: Ninetales
|faint|p1a: Ninetales
|
|-weather|SunnyDay|[upkeep]
|upkeep
|
|t:|1759053618
|switch|p1a: Great Tusk|Great Tusk, tera:Ground|30/100
|-heal|p1a: Great Tusk|100/100|[from] move: Healing Wish
|-damage|p1a: Great Tusk|94/100|[from] Stealth Rock
|-activate|p1a: Great Tusk|ability: Protosynthesis
|-start|p1a: Great Tusk|protosynthesisspe
|turn|20
|-message|Pink Is My Life forfeited.
|
|win|virgilestrate
|raw|virgilestrate's rating: 1317 &rarr; <strong>1341</strong><br />(+24 for winning)
|raw|Pink Is My Life's rating: 1379 &rarr; <strong>1355</strong><br />(-24 for losing)
|l|☆Pink Is My Life
|player|p2|
|l|☆virgilestrate
|player|p1|
|l| mimic hat magic
