|j|☆bobboose
|j|☆Nonexistent_0
|t:|1758949356
|gametype|singles
|player|p1|bobboose|brock|1244
|player|p2|Nonexistent_0|leon-tower|1314
|gen|9
|tier|[Gen 9] OU
|rated|
|rule|HP Percentage Mod: HP is shown in percentages
|rule|Endless Battle Clause: Forcing endless battles is banned
|rule|Species Clause: Limit one of each Pokémon
|rule|OHKO Clause: OHKO moves are banned
|rule|Evasion Items Clause: Evasion items are banned
|rule|Evasion Moves Clause: Evasion moves are banned
|rule|Evasion Abilities Clause: Evasion abilities are banned
|rule|Sleep Moves Clause: Sleep-inducing moves are banned
|clearpoke
|poke|p1|Araquanid, F|
|poke|p1|Gholdengo|
|poke|p1|Iron Moth|
|poke|p1|Great Tusk|
|poke|p1|Raging Bolt|
|poke|p1|Kingambit, F|
|poke|p2|Dragapult, M|
|poke|p2|Glimmora, M|
|poke|p2|Comfey, M|
|poke|p2|Kingambit, M|
|poke|p2|Ogerpon-Wellspring, F|
|poke|p2|Blaziken, M|
|teampreview
|inactive|Battle timer is ON: inactive players will automatically lose when time's up. (requested by Nonexistent_0)
|
|t:|1758949366
|teamsize|p1|6
|teamsize|p2|6
|start
|switch|p1a: Persian Kiwi|Araquanid, F|100/100
|switch|p2a: Dragapult|Dragapult, M|100/100
|turn|1
|
|t:|1758949391
|move|p2a: Dragapult|Dragon Darts|p1a: Persian Kiwi
|-damage|p1a: Persian Kiwi|71/100
|-anim|p2a: Dragapult|Dragon Darts|p1a: Persian Kiwi
|-damage|p1a: Persian Kiwi|39/100
|-damage|p2a: Dragapult|91/100|[from] item: Life Orb
|move|p1a: Persian Kiwi|Lunge|p2a: Dragapult
|-resisted|p2a: Dragapult
|-damage|p2a: Dragapult|69/100
|
|upkeep
|turn|2
|
|t:|1758949414
|move|p2a: Dragapult|Dragon Darts|p1a: Persian Kiwi
|-damage|p1a: Persian Kiwi|11/100
|-anim|p2a: Dragapult|Dragon Darts|p1a: Persian Kiwi
|-damage|p1a: Persian Kiwi|0 fnt
|faint|p1a: Persian Kiwi
|-damage|p2a: Dragapult|59/100|[from] item: Life Orb
|
|upkeep
|
|t:|1758949428
|switch|p1a: Artist Visa|Gholdengo|100/100
|turn|3
|
|t:|1758949434
|move|p1a: Artist Visa|Dazzling Gleam|p2a: Dragapult
|-supereffective|p2a: Dragapult
|-damage|p2a: Dragapult|0 fnt
|faint|p2a: Dragapult
|
|upkeep
|
|t:|1758949440
|switch|p2a: Kingambit|Kingambit, M|100/100
|-activate|p2a: Kingambit|ability: Supreme Overlord
|-start|p2a: Kingambit|fallen1|[silent]
|turn|4
|
|t:|1758949446
|switch|p1a: Limestone|Great Tusk|100/100
|-end|p2a: Kingambit|fallen1|[silent]
|switch|p2a: Ogerpon|Ogerpon-Wellspring, F|100/100
|
|upkeep
|turn|5
|
|t:|1758949459
|-end|p1a: Limestone|Protosynthesis|[silent]
|switch|p1a: Artist Visa|Gholdengo|100/100
|move|p2a: Ogerpon|Ivy Cudgel|p1a: Artist Visa|[anim] Ivy Cudgel Water
|-damage|p1a: Artist Visa|30/100
|
|upkeep
|turn|6
|
|t:|1758949463
|move|p1a: Artist Visa|Thunderbolt|p2a: Ogerpon
|-damage|p2a: Ogerpon|66/100
|move|p2a: Ogerpon|Ivy Cudgel|p1a: Artist Visa|[anim] Ivy Cudgel Water
|-damage|p1a: Artist Visa|0 fnt
|faint|p1a: Artist Visa
|
|upkeep
|
|t:|1758949471
|switch|p1a: Mithlond|Raging Bolt|100/100
|turn|7
|
|t:|1758949477
|move|p2a: Ogerpon|Taunt|p1a: Mithlond
|-start|p1a: Mithlond|move: Taunt
|move|p1a: Mithlond|Discharge|p2a: Ogerpon
|-damage|p2a: Ogerpon|0 fnt
|faint|p2a: Ogerpon
|-damage|p1a: Mithlond|91/100|[from] item: Life Orb
|
|upkeep
|
|t:|1758949499
|switch|p2a: Glimmora|Glimmora, M, shiny|100/100
|turn|8
|
|t:|1758949512
|move|p2a: Glimmora|Earth Power|p1a: Mithlond
|-supereffective|p1a: Mithlond
|-damage|p1a: Mithlond|48/100
|move|p1a: Mithlond|Discharge|p2a: Glimmora
|-damage|p2a: Glimmora|31/100
|-enditem|p2a: Glimmora|Red Card|[of] p1a: Mithlond
|-end|p1a: Mithlond|Protosynthesis|[silent]
|drag|p1a: Limestone|Great Tusk|100/100
|
|upkeep
|turn|9
|
|t:|1758949529
|move|p1a: Limestone|Knock Off|p2a: Glimmora
|-damage|p2a: Glimmora|14/100
|-activate|p2a: Glimmora|ability: Toxic Debris
|-sidestart|p1: bobboose|move: Toxic Spikes
|move|p2a: Glimmora|Mortal Spin|p1a: Limestone
|-resisted|p1a: Limestone
|-damage|p1a: Limestone|99/100
|-status|p1a: Limestone|psn
|
|-damage|p1a: Limestone|86/100 psn|[from] psn
|upkeep
|turn|10
|
|t:|1758949539
|move|p1a: Limestone|Knock Off|p2a: Glimmora
|-crit|p2a: Glimmora
|-damage|p2a: Glimmora|0 fnt
|-activate|p2a: Glimmora|ability: Toxic Debris
|-sidestart|p1: bobboose|move: Toxic Spikes
|faint|p2a: Glimmora
|
|-damage|p1a: Limestone|74/100 psn|[from] psn
|upkeep
|
|t:|1758949547
|switch|p2a: Comfey|Comfey, M, shiny|100/100
|turn|11
|
|t:|1758949549
|move|p2a: Comfey|Calm Mind|p2a: Comfey
|-boost|p2a: Comfey|spa|1
|-boost|p2a: Comfey|spd|1
|move|p1a: Limestone|Rapid Spin|p2a: Comfey
|-damage|p2a: Comfey|78/100
|-boost|p1a: Limestone|spe|1
|-sideend|p1: bobboose|Toxic Spikes|[from] move: Rapid Spin|[of] p1a: Limestone
|
|-damage|p1a: Limestone|61/100 psn|[from] psn
|upkeep
|turn|12
|
|t:|1758949576
|move|p2a: Comfey|Draining Kiss|p1a: Limestone
|-supereffective|p1a: Limestone
|-damage|p1a: Limestone|0 fnt
|-heal|p2a: Comfey|100/100|[from] drain|[of] p1a: Limestone
|faint|p1a: Limestone
|-end|p1a: Limestone|Protosynthesis|[silent]
|-damage|p2a: Comfey|91/100|[from] item: Life Orb
|
|upkeep
|
|t:|1758949578
|switch|p1a: 142|Iron Moth|100/100
|-enditem|p1a: 142|Booster Energy
|-activate|p1a: 142|ability: Quark Drive|[fromitem]
|-start|p1a: 142|quarkdrivespe
|turn|13
|
|t:|1758949585
|-terastallize|p2a: Comfey|Ground
|move|p1a: 142|Sludge Wave|p2a: Comfey
|-resisted|p2a: Comfey
|-damage|p2a: Comfey|73/100
|-status|p2a: Comfey|psn
|move|p2a: Comfey|Tera Blast|p1a: 142|[anim] Tera Blast Ground
|-supereffective|p1a: 142
|-damage|p1a: 142|0 fnt
|faint|p1a: 142
|-end|p1a: 142|Quark Drive|[silent]
|-damage|p2a: Comfey|63/100 psn|[from] item: Life Orb
|
|-damage|p2a: Comfey|51/100 psn|[from] psn
|upkeep
|
|t:|1758949600
|switch|p1a: Mithlond|Raging Bolt|48/100
|turn|14
|
|t:|1758949606
|move|p2a: Comfey|Draining Kiss|p1a: Mithlond
|-supereffective|p1a: Mithlond
|-damage|p1a: Mithlond|0 fnt
|-heal|p2a: Comfey|100/100 psn|[from] drain|[of] p1a: Mithlond
|faint|p1a: Mithlond
|-end|p1a: Mithlond|Protosynthesis|[silent]
|-damage|p2a: Comfey|91/100 psn|[from] item: Life Orb
|
|-damage|p2a: Comfey|78/100 psn|[from] psn
|upkeep
|
|t:|1758949608
|switch|p1a: iAMLEGEND|Kingambit, F|100/100
|-activate|p1a: iAMLEGEND|ability: Supreme Overlord
|-start|p1a: iAMLEGEND|fallen5|[silent]
|turn|15
|
|t:|1758949625
|-terastallize|p1a: iAMLEGEND|Dark
|move|p1a: iAMLEGEND|Sucker Punch|p2a: Comfey
|-damage|p2a: Comfey|0 fnt
|faint|p2a: Comfey
|
|upkeep
|
|t:|1758949631
|switch|p2a: Blaziken|Blaziken, M, shiny|100/100
|turn|16
|
|t:|1758949651
|move|p1a: iAMLEGEND|Sucker Punch|p2a: Blaziken
|-resisted|p2a: Blaziken
|-damage|p2a: Blaziken|29/100
|move|p2a: Blaziken|Close Combat|p1a: iAMLEGEND
|-supereffective|p1a: iAMLEGEND
|-damage|p1a: iAMLEGEND|0 fnt
|-unboost|p2a: Blaziken|def|1
|-unboost|p2a: Blaziken|spd|1
|faint|p1a: iAMLEGEND
|-end|p1a: iAMLEGEND|fallen5|[silent]
|-damage|p2a: Blaziken|19/100|[from] item: Life Orb
|
|win|Nonexistent_0
|raw|bobboose's rating: 1244 &rarr; <strong>1224</strong><br />(-20 for losing)
|raw|Nonexistent_0's rating: 1314 &rarr; <strong>1330</strong><br />(+16 for winning)
|c|☆Nonexistent_0|gg
|l|☆Nonexistent_0
|player|p2|
|l|☆bobboose
|player|p1|
