|j|☆war-XGeats
|j|☆Everystaraneye
|t:|1758914798
|gametype|singles
|player|p1|war-XGeats|ethan|1209
|player|p2|Everystaraneye|hilda-wonderlauncher|1220
|gen|9
|tier|[Gen 9] OU
|rated|
|rule|HP Percentage Mod: HP is shown in percentages
|rule|Endless Battle Clause: Forcing endless battles is banned
|rule|Species Clause: Limit one of each Pokémon
|rule|OHKO Clause: OHKO moves are banned
|rule|Evasion Items Clause: Evasion items are banned
|rule|Evasion Moves Clause: Evasion moves are banned
|rule|Evasion Abilities Clause: Evasion abilities are banned
|rule|Sleep Moves Clause: Sleep-inducing moves are banned
|clearpoke
|poke|p1|Gliscor, M|
|poke|p1|Scizor, M|
|poke|p1|Incineroar, F|
|poke|p1|Dragonite, M|
|poke|p1|Iron Valiant|
|poke|p1|Ogerpon-Wellspring, F|
|poke|p2|Great Tusk|
|poke|p2|Metagross|
|poke|p2|Ogerpon-Wellspring, F|
|poke|p2|Weezing-Galar, F|
|poke|p2|Darkrai|
|poke|p2|Clefable, M|
|teampreview
|
|t:|1758914802
|teamsize|p1|6
|teamsize|p2|6
|start
|switch|p1a: Incineroar|Incineroar, F|100/100
|switch|p2a: Nietzsche|Darkrai|100/100
|-ability|p1a: Incineroar|Intimidate|boost
|-unboost|p2a: Nietzsche|atk|1
|turn|1
|
|t:|1758914826
|switch|p2a: Rand|Weezing-Galar, F|100/100
|-ability|p2a: Rand|Neutralizing Gas
|move|p1a: Incineroar|Fake Out|p2a: Rand
|-damage|p2a: Rand|92/100
|
|upkeep
|turn|2
|
|t:|1758914836
|move|p2a: Rand|Toxic|p1a: Incineroar
|-status|p1a: Incineroar|tox
|move|p1a: Incineroar|U-turn|p2a: Rand
|-resisted|p2a: Rand
|-damage|p2a: Rand|87/100
|
|t:|1758914841
|switch|p1a: Scizor|Scizor, M|100/100|[from] U-turn
|
|upkeep
|turn|3
|
|t:|1758914848
|-end|p2a: Rand|ability: Neutralizing Gas
|switch|p2a: Machiavelli|Great Tusk|100/100
|move|p1a: Scizor|U-turn|p2a: Machiavelli
|-resisted|p2a: Machiavelli
|-damage|p2a: Machiavelli|81/100
|
|t:|1758914854
|switch|p1a: Ogerpon|Ogerpon-Wellspring, F|100/100|[from] U-turn
|
|upkeep
|turn|4
|
|t:|1758914862
|-end|p2a: Machiavelli|Protosynthesis|[silent]
|switch|p2a: Camus|Clefable, M|100/100
|move|p1a: Ogerpon|Ivy Cudgel|p2a: Camus|[anim] Ivy Cudgel Water
|-crit|p2a: Camus
|-damage|p2a: Camus|32/100
|
|-heal|p2a: Camus|38/100|[from] item: Leftovers
|upkeep
|turn|5
|
|t:|1758914869
|switch|p2a: Hegel|Ogerpon-Wellspring, F|100/100
|move|p1a: Ogerpon|Ivy Cudgel|p2a: Hegel|[anim] Ivy Cudgel Water
|-immune|p2a: Hegel|[from] ability: Water Absorb
|
|upkeep
|turn|6
|
|t:|1758914875
|move|p1a: Ogerpon|U-turn|p2a: Hegel
|-supereffective|p2a: Hegel
|-damage|p2a: Hegel|25/100
|
|t:|1758914881
|switch|p1a: Scizor|Scizor, M|100/100|[from] U-turn
|move|p2a: Hegel|Swords Dance|p2a: Hegel
|-boost|p2a: Hegel|atk|2
|
|upkeep
|turn|7
|
|t:|1758914885
|move|p2a: Hegel|Ivy Cudgel|p1a: Scizor|[anim] Ivy Cudgel Water
|-damage|p1a: Scizor|0 fnt
|faint|p1a: Scizor
|
|upkeep
|
|t:|1758914896
|switch|p1a: Ogerpon|Ogerpon-Wellspring, F|100/100
|turn|8
|
|t:|1758914899
|move|p1a: Ogerpon|U-turn|p2a: Hegel
|-supereffective|p2a: Hegel
|-damage|p2a: Hegel|0 fnt
|faint|p2a: Hegel
|
|t:|1758914908
|switch|p1a: Dragonite|Dragonite, M|100/100|[from] U-turn
|
|upkeep
|
|t:|1758914918
|switch|p2a: Rand|Weezing-Galar, F|87/100
|-ability|p2a: Rand|Neutralizing Gas
|turn|9
|
|t:|1758914926
|-terastallize|p1a: Dragonite|Normal
|move|p1a: Dragonite|Dragon Dance|p1a: Dragonite
|-boost|p1a: Dragonite|atk|1
|-boost|p1a: Dragonite|spe|1
|move|p2a: Rand|Strange Steam|p1a: Dragonite
|-damage|p1a: Dragonite|72/100
|
|upkeep
|turn|10
|
|t:|1758914939
|move|p1a: Dragonite|Earthquake|p2a: Rand
|-supereffective|p2a: Rand
|-damage|p2a: Rand|15/100
|move|p2a: Rand|Toxic|p1a: Dragonite
|-status|p1a: Dragonite|tox
|
|-damage|p1a: Dragonite|66/100 tox|[from] psn
|upkeep
|turn|11
|
|t:|1758914947
|move|p1a: Dragonite|Extreme Speed|p2a: Rand
|-damage|p2a: Rand|0 fnt
|faint|p2a: Rand
|-end|p2a: Rand|ability: Neutralizing Gas
|
|-damage|p1a: Dragonite|54/100 tox|[from] psn
|upkeep
|
|t:|1758914950
|switch|p2a: Camus|Clefable, M|38/100
|turn|12
|
|t:|1758914953
|move|p1a: Dragonite|Earthquake|p2a: Camus
|-damage|p2a: Camus|7/100
|move|p2a: Camus|Moonlight|p2a: Camus
|-heal|p2a: Camus|57/100
|
|-heal|p2a: Camus|63/100|[from] item: Leftovers
|-damage|p1a: Dragonite|35/100 tox|[from] psn
|upkeep
|turn|13
|
|t:|1758914958
|move|p1a: Dragonite|Dragon Dance|p1a: Dragonite
|-boost|p1a: Dragonite|atk|1
|-boost|p1a: Dragonite|spe|1
|move|p2a: Camus|Moonlight|p2a: Camus
|-heal|p2a: Camus|100/100
|
|-damage|p1a: Dragonite|10/100 tox|[from] psn
|upkeep
|turn|14
|
|t:|1758914963
|move|p1a: Dragonite|Earthquake|p2a: Camus
|-damage|p2a: Camus|69/100
|move|p2a: Camus|Moonlight|p2a: Camus
|-heal|p2a: Camus|100/100
|
|-damage|p1a: Dragonite|0 fnt|[from] psn
|faint|p1a: Dragonite
|upkeep
|
|t:|1758914971
|switch|p1a: Ogerpon|Ogerpon-Wellspring, F|100/100
|turn|15
|
|t:|1758914975
|move|p1a: Ogerpon|Knock Off|p2a: Camus
|-resisted|p2a: Camus
|-damage|p2a: Camus|86/100
|-enditem|p2a: Camus|Leftovers|[from] move: Knock Off|[of] p1a: Ogerpon
|move|p2a: Camus|Thunder Wave|p1a: Ogerpon
|-status|p1a: Ogerpon|par
|
|upkeep
|turn|16
|
|t:|1758914979
|cant|p1a: Ogerpon|par
|move|p2a: Camus|Moonblast|p1a: Ogerpon
|-damage|p1a: Ogerpon|64/100 par
|
|upkeep
|turn|17
|
|t:|1758914984
|cant|p1a: Ogerpon|par
|move|p2a: Camus|Moonblast|p1a: Ogerpon
|-damage|p1a: Ogerpon|30/100 par
|-unboost|p1a: Ogerpon|spa|1
|
|upkeep
|turn|18
|
|t:|1758914992
|move|p1a: Ogerpon|U-turn|p2a: Camus
|-resisted|p2a: Camus
|-damage|p2a: Camus|76/100
|
|t:|1758914995
|switch|p1a: Incineroar|Incineroar, F|100/100 tox|[from] U-turn
|-ability|p1a: Incineroar|Intimidate|boost
|-unboost|p2a: Camus|atk|1
|move|p2a: Camus|Moonblast|p1a: Incineroar
|-damage|p1a: Incineroar|79/100 tox
|-unboost|p1a: Incineroar|spa|1
|
|-damage|p1a: Incineroar|73/100 tox|[from] psn
|upkeep
|turn|19
|
|t:|1758915011
|switch|p2a: Machiavelli|Great Tusk|81/100
|move|p1a: Incineroar|Fake Out|p2a: Machiavelli
|-damage|p2a: Machiavelli|71/100
|
|-damage|p1a: Incineroar|61/100 tox|[from] psn
|upkeep
|turn|20
|
|t:|1758915026
|move|p2a: Machiavelli|Close Combat|p1a: Incineroar
|-supereffective|p1a: Incineroar
|-damage|p1a: Incineroar|0 fnt
|-unboost|p2a: Machiavelli|def|1
|-unboost|p2a: Machiavelli|spd|1
|faint|p1a: Incineroar
|
|upkeep
|
|t:|1758915033
|switch|p1a: Ogerpon|Ogerpon-Wellspring, F|30/100 par
|turn|21
|
|t:|1758915051
|-end|p2a: Machiavelli|Protosynthesis|[silent]
|switch|p2a: Aquinas|Metagross|100/100
|move|p1a: Ogerpon|Ivy Cudgel|p2a: Aquinas|[anim] Ivy Cudgel Water
|-damage|p2a: Aquinas|58/100
|
|upkeep
|turn|22
|l|☆war-XGeats
|player|p1|
|j|☆war-XGeats
|player|p1|war-XGeats|ethan|
|
|t:|1758915110
|move|p2a: Aquinas|Heavy Slam|p1a: Ogerpon
|-resisted|p1a: Ogerpon
|-damage|p1a: Ogerpon|0 fnt
|faint|p1a: Ogerpon
|
|upkeep
|inactive|Battle timer is ON: inactive players will automatically lose when time's up. (requested by Everystaraneye)
|
|t:|1758915117
|switch|p1a: Iron Valiant|Iron Valiant, shiny|100/100
|-enditem|p1a: Iron Valiant|Booster Energy
|-activate|p1a: Iron Valiant|ability: Quark Drive|[fromitem]
|-start|p1a: Iron Valiant|quarkdrivespe
|turn|23
|
|t:|1758915124
|move|p1a: Iron Valiant|Knock Off|p2a: Aquinas
|-supereffective|p2a: Aquinas
|-damage|p2a: Aquinas|18/100
|-enditem|p2a: Aquinas|Assault Vest|[from] move: Knock Off|[of] p1a: Iron Valiant
|move|p2a: Aquinas|Heavy Slam|p1a: Iron Valiant
|-supereffective|p1a: Iron Valiant
|-damage|p1a: Iron Valiant|0 fnt
|faint|p1a: Iron Valiant
|-end|p1a: Iron Valiant|Quark Drive|[silent]
|
|upkeep
|
|t:|1758915131
|switch|p1a: Gliscor|Gliscor, M|100/100
|turn|24
|
|t:|1758915134
|move|p1a: Gliscor|Earthquake|p2a: Aquinas
|-supereffective|p2a: Aquinas
|-damage|p2a: Aquinas|0 fnt
|faint|p2a: Aquinas
|
|-status|p1a: Gliscor|tox|[from] item: Toxic Orb
|upkeep
|
|t:|1758915138
|switch|p2a: Nietzsche|Darkrai|100/100
|turn|25
|
|t:|1758915143
|move|p2a: Nietzsche|Ice Beam|p1a: Gliscor
|-supereffective|p1a: Gliscor
|-damage|p1a: Gliscor|0 fnt
|faint|p1a: Gliscor
|
|win|Everystaraneye
|raw|war-XGeats's rating: 1209 &rarr; <strong>1185</strong><br />(-24 for losing)
|raw|Everystaraneye's rating: 1220 &rarr; <strong>1244</strong><br />(+24 for winning)
|l|☆war-XGeats
|player|p1|
