|j|☆zonix14
|j|☆wmq21
|t:|1758954646
|gametype|singles
|player|p1|zonix14|266|1352
|player|p2|wmq21|266|1390
|gen|9
|tier|[Gen 9] OU
|rated|
|rule|HP Percentage Mod: HP is shown in percentages
|rule|Endless Battle Clause: Forcing endless battles is banned
|rule|Species Clause: Limit one of each Pokémon
|rule|OHKO Clause: OHKO moves are banned
|rule|Evasion Items Clause: Evasion items are banned
|rule|Evasion Moves Clause: Evasion moves are banned
|rule|Evasion Abilities Clause: Evasion abilities are banned
|rule|Sleep Moves Clause: Sleep-inducing moves are banned
|clearpoke
|poke|p1|Masquerain, M|
|poke|p1|Cinderace, M|
|poke|p1|Serperior, M|
|poke|p1|Gholdengo|
|poke|p1|Iron Moth|
|poke|p1|Hawlucha, M|
|poke|p2|Charizard, F|
|poke|p2|Torkoal, M|
|poke|p2|Hatterene, F|
|poke|p2|Great Tusk|
|poke|p2|Lilligant-Hisui, F|
|poke|p2|Walking Wake|
|teampreview
|inactive|Battle timer is ON: inactive players will automatically lose when time's up. (requested by zonix14)
|
|t:|1758954659
|teamsize|p1|6
|teamsize|p2|6
|start
|switch|p1a: Masquerain|Masquerain, M|100/100
|switch|p2a: 河内恭介|Torkoal, M|100/100
|-ability|p1a: Masquerain|Intimidate|boost
|-unboost|p2a: 河内恭介|atk|1
|-weather|SunnyDay|[from] ability: Drought|[of] p2a: 河内恭介
|turn|1
|
|t:|1758954669
|move|p1a: Masquerain|Sticky Web|p2a: 河内恭介
|-sidestart|p2: wmq21|move: Sticky Web
|move|p2a: 河内恭介|Stealth Rock|p1a: Masquerain
|-sidestart|p1: zonix14|move: Stealth Rock
|
|-weather|SunnyDay|[upkeep]
|upkeep
|turn|2
|
|t:|1758954675
|switch|p1a: Gholdengo|Gholdengo|100/100
|-damage|p1a: Gholdengo|94/100|[from] Stealth Rock
|-item|p1a: Gholdengo|Air Balloon
|move|p2a: 河内恭介|Rapid Spin|p1a: Gholdengo
|-immune|p1a: Gholdengo
|
|-weather|SunnyDay|[upkeep]
|upkeep
|turn|3
|
|t:|1758954681
|switch|p2a: 东和马|Charizard, F|100/100
|move|p1a: Gholdengo|Shadow Ball|p2a: 东和马
|-crit|p2a: 东和马
|-damage|p2a: 东和马|20/100
|
|-weather|SunnyDay|[upkeep]
|-damage|p2a: 东和马|7/100|[from] ability: Solar Power|[of] p2a: 东和马
|upkeep
|turn|4
|
|t:|1758954697
|switch|p1a: Masquerain|Masquerain, M|100/100
|-damage|p1a: Masquerain|50/100|[from] Stealth Rock
|-ability|p1a: Masquerain|Intimidate|boost
|-unboost|p2a: 东和马|atk|1
|move|p2a: 东和马|Overheat|p1a: Masquerain
|-supereffective|p1a: Masquerain
|-damage|p1a: Masquerain|0 fnt
|-unboost|p2a: 东和马|spa|2
|faint|p1a: Masquerain
|
|-weather|SunnyDay|[upkeep]
|-damage|p2a: 东和马|0 fnt|[from] ability: Solar Power|[of] p2a: 东和马
|faint|p2a: 东和马
|upkeep
|
|t:|1758954710
|switch|p2a: 诹访原戒|Lilligant-Hisui, F|100/100
|switch|p1a: Gholdengo|Gholdengo|94/100
|-activate|p2a: 诹访原戒|move: Sticky Web
|-unboost|p2a: 诹访原戒|spe|1
|-damage|p1a: Gholdengo|88/100|[from] Stealth Rock
|-item|p1a: Gholdengo|Air Balloon
|turn|5
|
|t:|1758954725
|-terastallize|p2a: 诹访原戒|Fire
|move|p2a: 诹访原戒|Tera Blast|p1a: Gholdengo|[anim] Tera Blast Fire
|-supereffective|p1a: Gholdengo
|-damage|p1a: Gholdengo|0 fnt
|-enditem|p1a: Gholdengo|Air Balloon
|faint|p1a: Gholdengo
|-damage|p2a: 诹访原戒|91/100|[from] item: Life Orb
|
|-weather|SunnyDay|[upkeep]
|upkeep
|inactive|zonix14 has 120 seconds left.
|
|t:|1758954747
|switch|p1a: Cinderace|Cinderace, M|100/100
|-damage|p1a: Cinderace|76/100|[from] Stealth Rock
|turn|6
|
|t:|1758954752
|move|p2a: 诹访原戒|Close Combat|p1a: Cinderace
|-damage|p1a: Cinderace|0 fnt
|-unboost|p2a: 诹访原戒|def|1
|-unboost|p2a: 诹访原戒|spd|1
|faint|p1a: Cinderace
|-damage|p2a: 诹访原戒|81/100|[from] item: Life Orb
|
|-weather|SunnyDay|[upkeep]
|upkeep
|inactive|zonix14 has 120 seconds left.
|inactive|zonix14 has 90 seconds left.
|
|t:|1758954793
|switch|p1a: Iron Moth|Iron Moth|100/100
|turn|7
|inactive|zonix14 has 90 seconds left.
|
|t:|1758954804
|switch|p2a: 松代健|Great Tusk|100/100
|-activate|p2a: 松代健|move: Sticky Web
|-unboost|p2a: 松代健|spe|1
|-activate|p2a: 松代健|ability: Protosynthesis
|-start|p2a: 松代健|protosynthesisatk
|-enditem|p2a: 松代健|Eject Pack
|
|t:|1758954813
|-end|p2a: 松代健|Protosynthesis|[silent]
|switch|p2a: 梓川月乃|Hatterene, F|100/100
|-activate|p2a: 梓川月乃|move: Sticky Web
|-unboost|p2a: 梓川月乃|spe|1
|move|p1a: Iron Moth|Dazzling Gleam|p2a: 梓川月乃
|-damage|p2a: 梓川月乃|72/100
|-enditem|p2a: 梓川月乃|Eject Button
|c|☆zonix14|What theee
|
|t:|1758954822
|switch|p2a: 松代健|Great Tusk|100/100
|-activate|p2a: 松代健|move: Sticky Web
|-unboost|p2a: 松代健|spe|1
|-activate|p2a: 松代健|ability: Protosynthesis
|-start|p2a: 松代健|protosynthesisatk
|
|-weather|SunnyDay|[upkeep]
|upkeep
|turn|8
|
|t:|1758954832
|-end|p2a: 松代健|Protosynthesis|[silent]
|switch|p2a: 梓川月乃|Hatterene, F|72/100
|-activate|p2a: 梓川月乃|move: Sticky Web
|-unboost|p2a: 梓川月乃|spe|1
|move|p1a: Iron Moth|Energy Ball|p2a: 梓川月乃
|-damage|p2a: 梓川月乃|45/100
|
|-weather|none
|upkeep
|turn|9
|
|t:|1758954847
|move|p1a: Iron Moth|Fiery Dance|p2a: 梓川月乃
|-damage|p2a: 梓川月乃|6/100
|move|p2a: 梓川月乃|Nuzzle|p1a: Iron Moth
|-damage|p1a: Iron Moth|93/100
|-status|p1a: Iron Moth|par
|
|upkeep
|turn|10
|
|t:|1758954857
|-end|p1a: Iron Moth|Quark Drive|[silent]
|switch|p1a: Serperior|Serperior, M|100/100
|-damage|p1a: Serperior|88/100|[from] Stealth Rock
|move|p2a: 梓川月乃|Healing Wish|p2a: 梓川月乃
|faint|p2a: 梓川月乃
|
|upkeep
|
|t:|1758954860
|switch|p2a: 河内恭介|Torkoal, M|100/100
|-activate|p2a: 河内恭介|move: Sticky Web
|-unboost|p2a: 河内恭介|spe|1
|-weather|SunnyDay|[from] ability: Drought|[of] p2a: 河内恭介
|turn|11
|
|t:|1758954863
|-terastallize|p1a: Serperior|Ghost
|move|p1a: Serperior|Leaf Storm|p2a: 河内恭介
|-resisted|p2a: 河内恭介
|-damage|p2a: 河内恭介|69/100
|-boost|p1a: Serperior|spa|2
|move|p2a: 河内恭介|Rapid Spin|p1a: Serperior
|-immune|p1a: Serperior
|
|-weather|SunnyDay|[upkeep]
|upkeep
|turn|12
|
|t:|1758954869
|move|p1a: Serperior|Tera Blast|p2a: 河内恭介|[anim] Tera Blast Ghost
|-damage|p2a: 河内恭介|0 fnt
|faint|p2a: 河内恭介
|
|-weather|SunnyDay|[upkeep]
|upkeep
|
|t:|1758954875
|switch|p2a: 冠茂|Walking Wake|100/100
|-activate|p2a: 冠茂|move: Sticky Web
|-unboost|p2a: 冠茂|spe|1
|-activate|p2a: 冠茂|ability: Protosynthesis
|-start|p2a: 冠茂|protosynthesisspa
|turn|13
|
|t:|1758954882
|move|p1a: Serperior|Dragon Pulse|p2a: 冠茂
|-supereffective|p2a: 冠茂
|-crit|p2a: 冠茂
|-damage|p2a: 冠茂|0 fnt
|faint|p2a: 冠茂
|-end|p2a: 冠茂|Protosynthesis|[silent]
|
|-weather|SunnyDay|[upkeep]
|upkeep
|
|t:|1758954888
|switch|p2a: 诹访原戒|Lilligant-Hisui, F, tera:Fire|81/100
|-heal|p2a: 诹访原戒|100/100|[from] move: Healing Wish
|-activate|p2a: 诹访原戒|move: Sticky Web
|-unboost|p2a: 诹访原戒|spe|1
|turn|14
|
|t:|1758954893
|move|p2a: 诹访原戒|Tera Blast|p1a: Serperior|[anim] Tera Blast Fire
|-damage|p1a: Serperior|0 fnt
|faint|p1a: Serperior
|-damage|p2a: 诹访原戒|91/100|[from] item: Life Orb
|
|-weather|SunnyDay|[upkeep]
|upkeep
|
|t:|1758954897
|switch|p1a: Iron Moth|Iron Moth|93/100 par
|turn|15
|
|t:|1758954903
|move|p2a: 诹访原戒|Tera Blast|p1a: Iron Moth|[anim] Tera Blast Fire
|-resisted|p1a: Iron Moth
|-damage|p1a: Iron Moth|24/100 par
|-damage|p2a: 诹访原戒|81/100|[from] item: Life Orb
|move|p1a: Iron Moth|Fiery Dance|p2a: 诹访原戒
|-resisted|p2a: 诹访原戒
|-damage|p2a: 诹访原戒|32/100
|
|-weather|SunnyDay|[upkeep]
|upkeep
|turn|16
|
|t:|1758954909
|move|p2a: 诹访原戒|Tera Blast|p1a: Iron Moth|[anim] Tera Blast Fire
|-resisted|p1a: Iron Moth
|-damage|p1a: Iron Moth|0 fnt
|faint|p1a: Iron Moth
|-end|p1a: Iron Moth|Quark Drive|[silent]
|-damage|p2a: 诹访原戒|22/100|[from] item: Life Orb
|
|-weather|SunnyDay|[upkeep]
|upkeep
|
|t:|1758954910
|switch|p1a: Hawlucha|Hawlucha, M|100/100
|-damage|p1a: Hawlucha|88/100|[from] Stealth Rock
|-ability|p1a: Hawlucha|Mold Breaker
|turn|17
|
|t:|1758954917
|move|p2a: 诹访原戒|Triple Axel|p1a: Hawlucha
|-supereffective|p1a: Hawlucha
|-damage|p1a: Hawlucha|61/100
|-supereffective|p1a: Hawlucha
|-crit|p1a: Hawlucha
|-damage|p1a: Hawlucha|0 fnt
|faint|p1a: Hawlucha
|-hitcount|p1: Hawlucha|2
|-damage|p2a: 诹访原戒|12/100|[from] item: Life Orb
|
|win|wmq21
|raw|zonix14's rating: 1352 &rarr; <strong>1334</strong><br />(-18 for losing)
|raw|wmq21's rating: 1390 &rarr; <strong>1408</strong><br />(+18 for winning)
|l|☆zonix14
|player|p1|
|l|☆wmq21
|player|p2|
