|j|☆jpkeeks
|j|‽benihanaflip
|t:|1759033254
|gametype|singles
|player|p1|jpkeeks|2|1444
|player|p2|benihanaflip|ash-kalos|1515
|gen|9
|tier|[Gen 9] OU
|rated|
|rule|HP Percentage Mod: HP is shown in percentages
|rule|Endless Battle Clause: Forcing endless battles is banned
|rule|Species Clause: Limit one of each Pokémon
|rule|OHKO Clause: OHKO moves are banned
|rule|Evasion Items Clause: Evasion items are banned
|rule|Evasion Moves Clause: Evasion moves are banned
|rule|Evasion Abilities Clause: Evasion abilities are banned
|rule|Sleep Moves Clause: Sleep-inducing moves are banned
|clearpoke
|poke|p1|Meowscarada, M|
|poke|p1|Cinderace, M|
|poke|p1|Great Tusk|
|poke|p1|Ting-Lu|
|poke|p1|Latios, M|
|poke|p1|Pecharunt|
|poke|p2|Ursaluna, M|
|poke|p2|Cresselia, F|
|poke|p2|Hatterene, F|
|poke|p2|Keldeo-Resolute|
|poke|p2|Ogerpon, F|
|poke|p2|Iron Crown|
|teampreview
|
|t:|1759033279
|teamsize|p1|6
|teamsize|p2|6
|start
|switch|p1a: Cinderace|Cinderace, M|100/100
|switch|p2a: Ogerpon|Ogerpon, F|100/100
|turn|1
|inactive|Battle timer is ON: inactive players will automatically lose when time's up. (requested by benihanaflip)
|
|t:|1759033304
|switch|p1a: Pecharunt|Pecharunt|100/100
|-item|p1a: Pecharunt|Air Balloon
|switch|p2a: Keldeo|Keldeo-Resolute|100/100
|
|upkeep
|turn|2
|
|t:|1759033311
|move|p2a: Keldeo|Surf|p1a: Pecharunt
|-damage|p1a: Pecharunt|18/100
|-enditem|p1a: Pecharunt|Air Balloon
|move|p1a: Pecharunt|Malignant Chain|p2a: Keldeo
|-damage|p2a: Keldeo|65/100
|
|upkeep
|turn|3
|
|t:|1759033318
|switch|p1a: Meowscarada|Meowscarada, M|100/100
|move|p2a: Keldeo|Surf|p1a: Meowscarada
|-resisted|p1a: Meowscarada
|-damage|p1a: Meowscarada|38/100
|
|upkeep
|turn|4
|
|t:|1759033330
|switch|p2a: Cresselia|Cresselia, F, shiny|100/100
|move|p1a: Meowscarada|U-turn|p2a: Cresselia
|-start|p1a: Meowscarada|typechange|Bug|[from] ability: Protean
|-supereffective|p2a: Cresselia
|-damage|p2a: Cresselia|60/100
|-damage|p1a: Meowscarada|22/100|[from] item: Rocky Helmet|[of] p2a: Cresselia
|
|t:|1759033334
|switch|p1a: Cinderace|Cinderace, M|100/100|[from] U-turn
|
|upkeep
|turn|5
|
|t:|1759033340
|move|p1a: Cinderace|U-turn|p2a: Cresselia
|-start|p1a: Cinderace|typechange|Bug|[from] ability: Libero
|-supereffective|p2a: Cresselia
|-damage|p2a: Cresselia|7/100
|-damage|p1a: Cinderace|84/100|[from] item: Rocky Helmet|[of] p2a: Cresselia
|
|t:|1759033342
|switch|p1a: Ting-Lu|Ting-Lu|100/100|[from] U-turn
|-ability|p1a: Ting-Lu|Vessel of Ruin
|move|p2a: Cresselia|Trick Room|p2a: Cresselia
|-fieldstart|move: Trick Room|[of] p2a: Cresselia
|
|upkeep
|turn|6
|
|t:|1759033351
|switch|p2a: Ursaluna|Ursaluna, M|100/100
|move|p1a: Ting-Lu|Ruination|p2a: Ursaluna
|-damage|p2a: Ursaluna|51/100
|
|-status|p2a: Ursaluna|brn|[from] item: Flame Orb
|upkeep
|turn|7
|
|t:|1759033357
|-terastallize|p2a: Ursaluna|Normal
|move|p2a: Ursaluna|Facade|p1a: Ting-Lu
|-damage|p1a: Ting-Lu|15/100
|move|p1a: Ting-Lu|Stealth Rock|p2a: Ursaluna
|-sidestart|p2: benihanaflip|move: Stealth Rock
|
|-heal|p1a: Ting-Lu|21/100|[from] item: Leftovers
|-damage|p2a: Ursaluna|45/100 brn|[from] brn
|upkeep
|turn|8
|
|t:|1759033362
|switch|p1a: Pecharunt|Pecharunt|18/100
|move|p2a: Ursaluna|Facade|p1a: Pecharunt
|-immune|p1a: Pecharunt
|
|-damage|p2a: Ursaluna|39/100 brn|[from] brn
|upkeep
|turn|9
|
|t:|1759033367
|switch|p1a: Latios|Latios, M|100/100
|move|p2a: Ursaluna|Headlong Rush|p1a: Latios
|-immune|p1a: Latios|[from] ability: Levitate
|
|-damage|p2a: Ursaluna|32/100 brn|[from] brn
|-fieldend|move: Trick Room
|upkeep
|turn|10
|
|t:|1759033372
|switch|p2a: Cresselia|Cresselia, F, shiny|7/100
|-damage|p2a: Cresselia|0 fnt|[from] Stealth Rock
|faint|p2a: Cresselia
|move|p1a: Latios|Luster Purge|p2: Cresselia|[notarget]
|-fail|p1a: Latios
|
|upkeep
|
|t:|1759033373
|switch|p2a: Hatterene|Hatterene, F, shiny|100/100
|-damage|p2a: Hatterene|88/100|[from] Stealth Rock
|turn|11
|
|t:|1759033380
|move|p1a: Latios|Luster Purge|p2a: Hatterene
|-resisted|p2a: Hatterene
|-damage|p2a: Hatterene|51/100
|-unboost|p2a: Hatterene|spd|1
|move|p2a: Hatterene|Trick Room|p2a: Hatterene
|-fieldstart|move: Trick Room|[of] p2a: Hatterene
|
|upkeep
|turn|12
|
|t:|1759033390
|switch|p1a: Cinderace|Cinderace, M|84/100
|move|p2a: Hatterene|Healing Wish|p2a: Hatterene
|faint|p2a: Hatterene
|
|upkeep
|
|t:|1759033396
|switch|p2a: Ursaluna|Ursaluna, M, tera:Normal|32/100 brn
|-heal|p2a: Ursaluna|100/100|[from] move: Healing Wish
|-damage|p2a: Ursaluna|88/100|[from] Stealth Rock
|turn|13
|
|t:|1759033401
|switch|p1a: Latios|Latios, M|100/100
|move|p2a: Ursaluna|Facade|p1a: Latios
|-damage|p1a: Latios|18/100
|
|-status|p2a: Ursaluna|brn|[from] item: Flame Orb
|upkeep
|turn|14
|
|t:|1759033413
|move|p2a: Ursaluna|Ice Punch|p1a: Latios
|-supereffective|p1a: Latios
|-damage|p1a: Latios|0 fnt
|faint|p1a: Latios
|
|-damage|p2a: Ursaluna|82/100 brn|[from] brn
|upkeep
|
|t:|1759033416
|switch|p1a: Ting-Lu|Ting-Lu|21/100
|-ability|p1a: Ting-Lu|Vessel of Ruin
|turn|15
|
|t:|1759033424
|move|p2a: Ursaluna|Headlong Rush|p1a: Ting-Lu
|-damage|p1a: Ting-Lu|0 fnt
|-unboost|p2a: Ursaluna|def|1
|-unboost|p2a: Ursaluna|spd|1
|faint|p1a: Ting-Lu
|
|-damage|p2a: Ursaluna|76/100 brn|[from] brn
|-fieldend|move: Trick Room
|upkeep
|
|t:|1759033429
|switch|p1a: Great Tusk|Great Tusk|100/100
|turn|16
|
|t:|1759033434
|switch|p2a: Keldeo|Keldeo-Resolute|65/100
|-damage|p2a: Keldeo|59/100|[from] Stealth Rock
|move|p1a: Great Tusk|Rapid Spin|p2a: Keldeo
|-crit|p2a: Keldeo
|-damage|p2a: Keldeo|31/100
|-boost|p1a: Great Tusk|spe|1
|
|upkeep
|turn|17
|
|t:|1759033438
|move|p1a: Great Tusk|Headlong Rush|p2a: Keldeo
|-damage|p2a: Keldeo|0 fnt
|-unboost|p1a: Great Tusk|def|1
|-unboost|p1a: Great Tusk|spd|1
|faint|p2a: Keldeo
|
|upkeep
|
|t:|1759033440
|switch|p2a: Ogerpon|Ogerpon, F|100/100
|-damage|p2a: Ogerpon|88/100|[from] Stealth Rock
|turn|18
|
|t:|1759033444
|move|p1a: Great Tusk|Close Combat|p2a: Ogerpon
|-damage|p2a: Ogerpon|0 fnt
|-unboost|p1a: Great Tusk|def|1
|-unboost|p1a: Great Tusk|spd|1
|faint|p2a: Ogerpon
|
|upkeep
|
|t:|1759033447
|switch|p2a: Iron Crown|Iron Crown|100/100
|-damage|p2a: Iron Crown|94/100|[from] Stealth Rock
|-enditem|p2a: Iron Crown|Booster Energy
|-activate|p2a: Iron Crown|ability: Quark Drive|[fromitem]
|-start|p2a: Iron Crown|quarkdrivespe
|turn|19
|
|t:|1759033451
|move|p2a: Iron Crown|Tachyon Cutter|p1a: Great Tusk
|-damage|p1a: Great Tusk|27/100
|-damage|p1a: Great Tusk|0 fnt
|faint|p1a: Great Tusk
|-end|p1a: Great Tusk|Protosynthesis|[silent]
|-hitcount|p1: Great Tusk|2
|
|upkeep
|
|t:|1759033452
|switch|p1a: Meowscarada|Meowscarada, M|22/100
|turn|20
|
|t:|1759033458
|move|p1a: Meowscarada|Knock Off|p2a: Iron Crown
|-start|p1a: Meowscarada|typechange|Dark|[from] ability: Protean
|-supereffective|p2a: Iron Crown
|-damage|p2a: Iron Crown|30/100
|move|p2a: Iron Crown|Tachyon Cutter|p1a: Meowscarada
|-damage|p1a: Meowscarada|0 fnt
|faint|p1a: Meowscarada
|-hitcount|p1: Meowscarada|1
|
|upkeep
|
|t:|1759033460
|switch|p1a: Cinderace|Cinderace, M|84/100
|turn|21
|
|t:|1759033466
|move|p2a: Iron Crown|Psychic Noise|p1a: Cinderace
|-damage|p1a: Cinderace|36/100
|-start|p1a: Cinderace|move: Heal Block
|move|p1a: Cinderace|Low Kick|p2a: Iron Crown
|-start|p1a: Cinderace|typechange|Fighting|[from] ability: Libero
|-damage|p2a: Iron Crown|0 fnt
|faint|p2a: Iron Crown
|-end|p2a: Iron Crown|Quark Drive|[silent]
|
|upkeep
|
|t:|1759033473
|switch|p2a: Ursaluna|Ursaluna, M, tera:Normal|76/100 brn
|-damage|p2a: Ursaluna|64/100 brn|[from] Stealth Rock
|turn|22
|
|t:|1759033474
|move|p1a: Cinderace|Low Kick|p2a: Ursaluna
|-supereffective|p2a: Ursaluna
|-damage|p2a: Ursaluna|0 fnt
|faint|p2a: Ursaluna
|
|win|jpkeeks
|raw|jpkeeks's rating: 1444 &rarr; <strong>1468</strong><br />(+24 for winning)
|raw|benihanaflip's rating: 1515 &rarr; <strong>1491</strong><br />(-24 for losing)
|l|‽benihanaflip
|player|p2|
|l|☆jpkeeks
|player|p1|
