|j|☆TataylorSuit
|j|☆catuhstrophic
|t:|1759066130
|gametype|singles
|player|p1|TataylorSuit|battlegirl-gen4|1509
|player|p2|catuhstrophic|sabrina|1480
|gen|9
|tier|[Gen 9] OU
|rated|
|rule|HP Percentage Mod: HP is shown in percentages
|rule|Endless Battle Clause: Forcing endless battles is banned
|rule|Species Clause: Limit one of each Pokémon
|rule|OHKO Clause: OHKO moves are banned
|rule|Evasion Items Clause: Evasion items are banned
|rule|Evasion Moves Clause: Evasion moves are banned
|rule|Evasion Abilities Clause: Evasion abilities are banned
|rule|Sleep Moves Clause: Sleep-inducing moves are banned
|clearpoke
|poke|p1|Polteageist-Antique|
|poke|p1|Minior-Indigo|
|poke|p1|Blastoise, F|
|poke|p1|Cinderace, M|
|poke|p1|Torterra, M|
|poke|p1|Indeedee, M|
|poke|p2|Great Tusk|
|poke|p2|Cinderace, F|
|poke|p2|Alomomola, M|
|poke|p2|Zapdos|
|poke|p2|Slowking-Galar, M|
|poke|p2|Iron Valiant|
|teampreview
|
|t:|1759066139
|teamsize|p1|6
|teamsize|p2|6
|start
|switch|p1a: Minior|Minior-Indigo|100/100
|switch|p2a: Iron Valiant|Iron Valiant|100/100
|-formechange|p1a: Minior|Minior-Meteor||[from] ability: Shields Down
|turn|1
|
|t:|1759066146
|move|p2a: Iron Valiant|Knock Off|p1a: Minior
|-damage|p1a: Minior|28/100
|-enditem|p1a: Minior|Focus Sash|[from] move: Knock Off|[of] p2a: Iron Valiant
|move|p1a: Minior|Shell Smash|p1a: Minior
|-unboost|p1a: Minior|def|1
|-unboost|p1a: Minior|spd|1
|-boost|p1a: Minior|atk|2
|-boost|p1a: Minior|spa|2
|-boost|p1a: Minior|spe|2
|
|-formechange|p1a: Minior|Minior-Indigo||[from] ability: Shields Down
|upkeep
|turn|2
|
|t:|1759066160
|-end|p2a: Iron Valiant|Quark Drive|[silent]
|switch|p2a: Alomomola|Alomomola, M|100/100
|move|p1a: Minior|Acrobatics|p2a: Alomomola
|-damage|p2a: Alomomola|46/100
|
|upkeep
|turn|3
|
|t:|1759066164
|move|p2a: Alomomola|Aqua Jet|p1a: Minior
|-supereffective|p1a: Minior
|-damage|p1a: Minior|0 fnt
|faint|p1a: Minior
|
|upkeep
|
|t:|1759066169
|switch|p1a: Torterra|Torterra, M|100/100
|turn|4
|
|t:|1759066171
|move|p1a: Torterra|Shell Smash|p1a: Torterra
|-unboost|p1a: Torterra|def|1
|-unboost|p1a: Torterra|spd|1
|-boost|p1a: Torterra|atk|2
|-boost|p1a: Torterra|spa|2
|-boost|p1a: Torterra|spe|2
|move|p2a: Alomomola|Flip Turn|p1a: Torterra
|-damage|p1a: Torterra|78/100
|
|t:|1759066179
|switch|p2a: Iron Valiant|Iron Valiant|100/100|[from] Flip Turn
|
|upkeep
|turn|5
|
|t:|1759066187
|-terastallize|p2a: Iron Valiant|Ghost
|move|p2a: Iron Valiant|Shadow Sneak|p1a: Torterra
|-damage|p1a: Torterra|34/100
|move|p1a: Torterra|Headlong Rush|p2a: Iron Valiant
|-damage|p2a: Iron Valiant|0 fnt
|-unboost|p1a: Torterra|def|1
|-unboost|p1a: Torterra|spd|1
|faint|p2a: Iron Valiant
|-end|p2a: Iron Valiant|Quark Drive|[silent]
|
|upkeep
|
|t:|1759066188
|switch|p2a: Alomomola|Alomomola, M|79/100
|turn|6
|
|t:|1759066191
|move|p2a: Alomomola|Aqua Jet|p1a: Torterra
|-damage|p1a: Torterra|13/100
|move|p1a: Torterra|Seed Bomb|p2a: Alomomola
|-supereffective|p2a: Alomomola
|-damage|p2a: Alomomola|0 fnt
|faint|p2a: Alomomola
|
|upkeep
|
|t:|1759066198
|switch|p2a: Slowking|Slowking-Galar, M|100/100
|turn|7
|
|t:|1759066201
|move|p1a: Torterra|Headlong Rush|p2a: Slowking
|-supereffective|p2a: Slowking
|-enditem|p2a: Slowking|Shuca Berry|[eat]
|-enditem|p2a: Slowking|Shuca Berry|[weaken]
|-damage|p2a: Slowking|20/100
|-unboost|p1a: Torterra|def|1
|-unboost|p1a: Torterra|spd|1
|move|p2a: Slowking|Ice Beam|p1a: Torterra
|-supereffective|p1a: Torterra
|-damage|p1a: Torterra|0 fnt
|faint|p1a: Torterra
|
|upkeep
|
|t:|1759066206
|switch|p1a: Cinderace|Cinderace, M|100/100
|turn|8
|
|t:|1759066215
|switch|p2a: Zapdos|Zapdos|100/100
|move|p1a: Cinderace|Pyro Ball|p2a: Zapdos
|-damage|p2a: Zapdos|63/100
|
|upkeep
|turn|9
|
|t:|1759066220
|move|p1a: Cinderace|Pyro Ball|p2a: Zapdos
|-damage|p2a: Zapdos|21/100
|move|p2a: Zapdos|Volt Switch|p1a: Cinderace
|-damage|p1a: Cinderace|60/100
|
|t:|1759066222
|switch|p2a: Great Tusk|Great Tusk|100/100|[from] Volt Switch
|
|upkeep
|turn|10
|
|t:|1759066225
|move|p2a: Great Tusk|Headlong Rush|p1a: Cinderace
|-supereffective|p1a: Cinderace
|-crit|p1a: Cinderace
|-damage|p1a: Cinderace|0 fnt
|-unboost|p2a: Great Tusk|def|1
|-unboost|p2a: Great Tusk|spd|1
|faint|p1a: Cinderace
|
|upkeep
|
|t:|1759066243
|switch|p1a: Blastoise|Blastoise, F|100/100
|turn|11
|
|t:|1759066256
|-end|p2a: Great Tusk|Protosynthesis|[silent]
|switch|p2a: Slowking|Slowking-Galar, M|54/100
|move|p1a: Blastoise|Shell Smash|p1a: Blastoise
|-unboost|p1a: Blastoise|def|1
|-unboost|p1a: Blastoise|spd|1
|-boost|p1a: Blastoise|atk|2
|-boost|p1a: Blastoise|spa|2
|-boost|p1a: Blastoise|spe|2
|
|upkeep
|turn|12
|
|t:|1759066263
|move|p1a: Blastoise|Surf|p2a: Slowking
|-damage|p2a: Slowking|0 fnt
|faint|p2a: Slowking
|
|upkeep
|
|t:|1759066265
|switch|p2a: Great Tusk|Great Tusk|100/100
|turn|13
|
|t:|1759066268
|move|p1a: Blastoise|Surf|p2a: Great Tusk
|-supereffective|p2a: Great Tusk
|-damage|p2a: Great Tusk|0 fnt
|faint|p2a: Great Tusk
|-end|p2a: Great Tusk|Protosynthesis|[silent]
|
|upkeep
|
|t:|1759066270
|switch|p2a: Zapdos|Zapdos|21/100
|turn|14
|
|t:|1759066271
|move|p1a: Blastoise|Surf|p2a: Zapdos
|-damage|p2a: Zapdos|0 fnt
|faint|p2a: Zapdos
|
|upkeep
|c|☆catuhstrophic|So lame
|c|☆catuhstrophic|Fucking gimmicky ass tean
|
|t:|1759066289
|switch|p2a: Cinderace|Cinderace, F|100/100
|turn|15
|
|t:|1759066294
|move|p1a: Blastoise|Surf|p2a: Cinderace
|-supereffective|p2a: Cinderace
|-damage|p2a: Cinderace|0 fnt
|faint|p2a: Cinderace
|
|win|TataylorSuit
|raw|TataylorSuit's rating: 1509 &rarr; <strong>1527</strong><br />(+18 for winning)
|raw|catuhstrophic's rating: 1480 &rarr; <strong>1462</strong><br />(-18 for losing)
|l|☆TataylorSuit
|player|p1|
|l|☆catuhstrophic
|player|p2|
