|j|☆ding111
|j|☆KevinHaHa
|t:|1758992072
|gametype|singles
|player|p1|ding111|unknown|1438
|player|p2|KevinHaHa|lucas|1435
|gen|9
|tier|[Gen 9] OU
|rated|
|rule|HP Percentage Mod: HP is shown in percentages
|rule|Endless Battle Clause: Forcing endless battles is banned
|rule|Species Clause: Limit one of each Pokémon
|rule|OHKO Clause: OHKO moves are banned
|rule|Evasion Items Clause: Evasion items are banned
|rule|Evasion Moves Clause: Evasion moves are banned
|rule|Evasion Abilities Clause: Evasion abilities are banned
|rule|Sleep Moves Clause: Sleep-inducing moves are banned
|clearpoke
|poke|p1|Slowking-Galar, M|
|poke|p1|Ninetales-Alola, M|
|poke|p1|Beartic, F|
|poke|p1|Cetitan, M|
|poke|p1|Sandslash-Alola, M|
|poke|p1|Frosmoth, M|
|poke|p2|Grimmsnarl, M|
|poke|p2|Araquanid, M|
|poke|p2|Pecharunt|
|poke|p2|Gholdengo|
|poke|p2|Ogerpon-Wellspring, F|
|poke|p2|Latias, F|
|teampreview
|
|t:|1758992083
|teamsize|p1|6
|teamsize|p2|6
|start
|switch|p1a: Ninetales|Ninetales-Alola, M|100/100
|switch|p2a: Grimmsnarl|Grimmsnarl, M, shiny|100/100
|-weather|Snowscape|[from] ability: Snow Warning|[of] p1a: Ninetales
|turn|1
|
|t:|1758992089
|move|p2a: Grimmsnarl|Light Screen|p2a: Grimmsnarl
|-sidestart|p2: KevinHaHa|move: Light Screen
|move|p1a: Ninetales|Aurora Veil|p1a: Ninetales
|-sidestart|p1: ding111|move: Aurora Veil
|
|-weather|Snowscape|[upkeep]
|upkeep
|turn|2
|
|t:|1758992093
|switch|p1a: Cetitan|Cetitan, M|100/100
|move|p2a: Grimmsnarl|Reflect|p2a: Grimmsnarl
|-sidestart|p2: KevinHaHa|Reflect
|
|-weather|Snowscape|[upkeep]
|upkeep
|turn|3
|
|t:|1758992097
|move|p2a: Grimmsnarl|Taunt|p1a: Cetitan
|-start|p1a: Cetitan|move: Taunt
|cant|p1a: Cetitan|move: Taunt|Belly Drum
|
|-weather|Snowscape|[upkeep]
|upkeep
|turn|4
|
|t:|1758992108
|switch|p1a: Slowking|Slowking-Galar, M|100/100
|move|p2a: Grimmsnarl|Play Rough|p1a: Slowking
|-resisted|p1a: Slowking
|-damage|p1a: Slowking|92/100
|
|-weather|Snowscape|[upkeep]
|upkeep
|turn|5
|
|t:|1758992115
|switch|p2a: Araquanid|Araquanid, M, shiny|100/100
|move|p1a: Slowking|Sludge Bomb|p2a: Araquanid
|-damage|p2a: Araquanid|86/100
|
|-weather|Snowscape|[upkeep]
|-sideend|p1: ding111|move: Aurora Veil
|upkeep
|turn|6
|
|t:|1758992120
|move|p2a: Araquanid|Sticky Web|p1a: Slowking
|-sidestart|p1: ding111|move: Sticky Web
|-prepare|p1a: Slowking|Chilly Reception|[premajor]
|move|p1a: Slowking|Chilly Reception|p1a: Slowking
|
|t:|1758992142
|switch|p1a: Frosmoth|Frosmoth, M|100/100|[from] Chilly Reception
|
|-weather|Snowscape|[upkeep]
|upkeep
|turn|7
|
|t:|1758992147
|move|p1a: Frosmoth|Quiver Dance|p1a: Frosmoth
|-boost|p1a: Frosmoth|spa|1
|-boost|p1a: Frosmoth|spd|1
|-boost|p1a: Frosmoth|spe|1
|move|p2a: Araquanid|Surf|p1a: Frosmoth
|-damage|p1a: Frosmoth|79/100
|
|-weather|Snowscape|[upkeep]
|upkeep
|turn|8
|
|t:|1758992160
|switch|p2a: Gholdengo|Gholdengo, shiny|100/100
|-item|p2a: Gholdengo|Air Balloon
|move|p1a: Frosmoth|Quiver Dance|p1a: Frosmoth
|-boost|p1a: Frosmoth|spa|1
|-boost|p1a: Frosmoth|spd|1
|-boost|p1a: Frosmoth|spe|1
|
|-weather|none
|-sideend|p2: KevinHaHa|move: Light Screen
|upkeep
|turn|9
|
|t:|1758992170
|-terastallize|p1a: Frosmoth|Electric
|move|p1a: Frosmoth|Substitute|p1a: Frosmoth
|-start|p1a: Frosmoth|Substitute
|-damage|p1a: Frosmoth|54/100
|move|p2a: Gholdengo|Make It Rain|p1a: Frosmoth
|-resisted|p1a: Frosmoth
|-crit|p1a: Frosmoth
|-activate|p1a: Frosmoth|move: Substitute|[damage]
|-unboost|p2a: Gholdengo|spa|1
|
|-sideend|p2: KevinHaHa|Reflect
|upkeep
|turn|10
|
|t:|1758992205
|switch|p2a: Araquanid|Araquanid, M, shiny|86/100
|move|p1a: Frosmoth|Quiver Dance|p1a: Frosmoth
|-boost|p1a: Frosmoth|spa|1
|-boost|p1a: Frosmoth|spd|1
|-boost|p1a: Frosmoth|spe|1
|
|upkeep
|turn|11
|
|t:|1758992218
|move|p1a: Frosmoth|Tera Blast|p2a: Araquanid|[anim] Tera Blast Electric
|-supereffective|p2a: Araquanid
|-damage|p2a: Araquanid|0 fnt
|faint|p2a: Araquanid
|
|upkeep
|
|t:|1758992228
|switch|p2a: Pecharunt|Pecharunt|100/100
|turn|12
|
|t:|1758992233
|move|p1a: Frosmoth|Quiver Dance|p1a: Frosmoth
|-boost|p1a: Frosmoth|spa|1
|-boost|p1a: Frosmoth|spd|1
|-boost|p1a: Frosmoth|spe|1
|move|p2a: Pecharunt|Malignant Chain|p1a: Frosmoth
|-end|p1a: Frosmoth|Substitute
|
|upkeep
|turn|13
|
|t:|1758992249
|move|p1a: Frosmoth|Substitute|p1a: Frosmoth
|-start|p1a: Frosmoth|Substitute
|-damage|p1a: Frosmoth|29/100
|move|p2a: Pecharunt|Malignant Chain|p1a: Frosmoth
|-activate|p1a: Frosmoth|move: Substitute|[damage]
|
|upkeep
|turn|14
|
|t:|1758992255
|move|p1a: Frosmoth|Ice Beam|p2a: Pecharunt
|-damage|p2a: Pecharunt|0 fnt
|faint|p2a: Pecharunt
|
|upkeep
|
|t:|1758992266
|switch|p2a: Grimmsnarl|Grimmsnarl, M, shiny|100/100
|turn|15
|
|t:|1758992274
|move|p2a: Grimmsnarl|Light Screen|p2a: Grimmsnarl
|-sidestart|p2: KevinHaHa|move: Light Screen
|move|p1a: Frosmoth|Ice Beam|p2a: Grimmsnarl
|-damage|p2a: Grimmsnarl|43/100
|
|upkeep
|turn|16
|
|t:|1758992280
|move|p1a: Frosmoth|Ice Beam|p2a: Grimmsnarl
|-damage|p2a: Grimmsnarl|0 fnt
|faint|p2a: Grimmsnarl
|
|upkeep
|
|t:|1758992290
|switch|p2a: Ogerpon|Ogerpon-Wellspring, F|100/100
|turn|17
|
|t:|1758992294
|move|p1a: Frosmoth|Tera Blast|p2a: Ogerpon|[anim] Tera Blast Electric
|-damage|p2a: Ogerpon|40/100
|move|p2a: Ogerpon|Knock Off|p1a: Frosmoth
|-end|p1a: Frosmoth|Substitute
|
|upkeep
|turn|18
|
|t:|1758992307
|move|p1a: Frosmoth|Tera Blast|p2a: Ogerpon|[anim] Tera Blast Electric
|-damage|p2a: Ogerpon|0 fnt
|faint|p2a: Ogerpon
|
|upkeep
|
|t:|1758992314
|switch|p2a: Gholdengo|Gholdengo, shiny|100/100
|-item|p2a: Gholdengo|Air Balloon
|turn|19
|
|t:|1758992320
|move|p1a: Frosmoth|Tera Blast|p2a: Gholdengo|[anim] Tera Blast Electric
|-damage|p2a: Gholdengo|54/100
|-enditem|p2a: Gholdengo|Air Balloon
|move|p2a: Gholdengo|Make It Rain|p1a: Frosmoth
|-resisted|p1a: Frosmoth
|-damage|p1a: Frosmoth|25/100
|-unboost|p2a: Gholdengo|spa|1
|
|upkeep
|turn|20
|-message|KevinHaHa forfeited.
|
|win|ding111
|raw|ding111's rating: 1438 &rarr; <strong>1458</strong><br />(+20 for winning)
|raw|KevinHaHa's rating: 1435 &rarr; <strong>1415</strong><br />(-20 for losing)
|l|☆KevinHaHa
|player|p2|
|l|☆ding111
|player|p1|
