|j|☆Srodcasa
|j|☆dark besk
|t:|1759033435
|gametype|singles
|player|p1|Srodcasa|265|1200
|player|p2|dark besk|169|1240
|gen|9
|tier|[Gen 9] OU
|rated|
|rule|HP Percentage Mod: HP is shown in percentages
|rule|Endless Battle Clause: Forcing endless battles is banned
|rule|Species Clause: Limit one of each Pokémon
|rule|OHKO Clause: OHKO moves are banned
|rule|Evasion Items Clause: Evasion items are banned
|rule|Evasion Moves Clause: Evasion moves are banned
|rule|Evasion Abilities Clause: Evasion abilities are banned
|rule|Sleep Moves Clause: Sleep-inducing moves are banned
|clearpoke
|poke|p1|Iron Treads|
|poke|p1|Pelipper, F|
|poke|p1|Kingdra, F|
|poke|p1|Rillaboom, F|
|poke|p1|Basculegion, M|
|poke|p1|Raging Bolt|
|poke|p2|Basculegion, M|
|poke|p2|Pelipper, M|
|poke|p2|Iron Treads|
|poke|p2|Dragapult, M|
|poke|p2|Overqwil, M|
|poke|p2|Iron Valiant|
|teampreview
|inactive|Battle timer is ON: inactive players will automatically lose when time's up. (requested by dark besk)
|
|t:|1759033455
|teamsize|p1|6
|teamsize|p2|6
|start
|switch|p1a: Raging Bolt|Raging Bolt|100/100
|switch|p2a: Calamity|Iron Valiant, shiny|100/100
|turn|1
|
|t:|1759033470
|-end|p1a: Raging Bolt|Protosynthesis|[silent]
|switch|p1a: Iron Treads|Iron Treads|100/100
|-enditem|p1a: Iron Treads|Booster Energy
|-activate|p1a: Iron Treads|ability: Quark Drive|[fromitem]
|-start|p1a: Iron Treads|quarkdrivespe
|move|p2a: Calamity|Moonblast|p1a: Iron Treads
|-resisted|p1a: Iron Treads
|-damage|p1a: Iron Treads|53/100
|
|upkeep
|turn|2
|
|t:|1759033480
|-end|p2a: Calamity|Quark Drive|[silent]
|switch|p2a: Rage|Iron Treads, shiny|100/100
|-enditem|p2a: Rage|Booster Energy
|-activate|p2a: Rage|ability: Quark Drive|[fromitem]
|-start|p2a: Rage|quarkdrivespe
|move|p1a: Iron Treads|Stealth Rock|p2a: Rage
|-sidestart|p2: dark besk|move: Stealth Rock
|
|upkeep
|turn|3
|
|t:|1759033485
|-end|p1a: Iron Treads|Quark Drive|[silent]
|switch|p1a: Basculegion|Basculegion, M|100/100
|move|p2a: Rage|Rapid Spin|p1a: Basculegion
|-immune|p1a: Basculegion
|
|upkeep
|turn|4
|
|t:|1759033491
|-end|p2a: Rage|Quark Drive|[silent]
|switch|p2a: Leviathan|Dragapult, M, shiny|100/100
|-damage|p2a: Leviathan|88/100|[from] Stealth Rock
|move|p1a: Basculegion|Flip Turn|p2a: Leviathan
|-resisted|p2a: Leviathan
|-damage|p2a: Leviathan|57/100
|
|t:|1759033500
|switch|p1a: Pelipper|Pelipper, F|100/100|[from] Flip Turn
|-weather|RainDance|[from] ability: Drizzle|[of] p1a: Pelipper
|
|-weather|RainDance|[upkeep]
|upkeep
|turn|5
|
|t:|1759033512
|move|p2a: Leviathan|Draco Meteor|p1a: Pelipper
|-damage|p1a: Pelipper|9/100
|-unboost|p2a: Leviathan|spa|2
|-damage|p2a: Leviathan|48/100|[from] item: Life Orb
|move|p1a: Pelipper|Hurricane|p2a: Leviathan
|-damage|p2a: Leviathan|0 fnt
|faint|p2a: Leviathan
|
|-weather|RainDance|[upkeep]
|upkeep
|
|t:|1759033517
|switch|p2a: Rage|Iron Treads, shiny|100/100
|-damage|p2a: Rage|97/100|[from] Stealth Rock
|turn|6
|
|t:|1759033525
|switch|p1a: Basculegion|Basculegion, M|100/100
|move|p2a: Rage|Thunder|p1a: Basculegion
|-supereffective|p1a: Basculegion
|-damage|p1a: Basculegion|46/100
|-status|p1a: Basculegion|par
|
|-weather|RainDance|[upkeep]
|upkeep
|turn|7
|
|t:|1759033534
|move|p2a: Rage|Thunder|p1a: Basculegion
|-supereffective|p1a: Basculegion
|-damage|p1a: Basculegion|0 fnt
|faint|p1a: Basculegion
|
|-weather|RainDance|[upkeep]
|upkeep
|
|t:|1759033545
|switch|p1a: Kingdra|Kingdra, F|100/100
|turn|8
|
|t:|1759033549
|move|p1a: Kingdra|Hydro Pump|p2a: Rage|[miss]
|-miss|p1a: Kingdra|p2a: Rage
|move|p2a: Rage|Rapid Spin|p1a: Kingdra
|-damage|p1a: Kingdra|87/100
|-boost|p2a: Rage|spe|1
|-sideend|p2: dark besk|Stealth Rock|[from] move: Rapid Spin|[of] p2a: Rage
|
|-weather|RainDance|[upkeep]
|upkeep
|turn|9
|
|t:|1759033553
|move|p1a: Kingdra|Hydro Pump|p2a: Rage
|-supereffective|p2a: Rage
|-damage|p2a: Rage|0 fnt
|faint|p2a: Rage
|-end|p2a: Rage|Quark Drive|[silent]
|-damage|p1a: Kingdra|77/100|[from] item: Life Orb
|
|-weather|RainDance|[upkeep]
|upkeep
|
|t:|1759033565
|switch|p2a: Jaws|Basculegion, M, shiny|100/100
|turn|10
|
|t:|1759033582
|move|p1a: Kingdra|Draco Meteor|p2a: Jaws
|-damage|p2a: Jaws|27/100
|-unboost|p1a: Kingdra|spa|2
|-damage|p1a: Kingdra|68/100|[from] item: Life Orb
|move|p2a: Jaws|Flip Turn|p1a: Kingdra
|-resisted|p1a: Kingdra
|-damage|p1a: Kingdra|41/100
|
|t:|1759033586
|switch|p2a: Calamity|Iron Valiant, shiny|100/100|[from] Flip Turn
|
|-weather|RainDance|[upkeep]
|upkeep
|turn|11
|
|t:|1759033606
|move|p2a: Calamity|Vacuum Wave|p1a: Kingdra
|-crit|p1a: Kingdra
|-damage|p1a: Kingdra|0 fnt
|faint|p1a: Kingdra
|
|-weather|none
|upkeep
|
|t:|1759033614
|switch|p1a: Raging Bolt|Raging Bolt|100/100
|turn|12
|
|t:|1759033618
|-end|p2a: Calamity|Quark Drive|[silent]
|switch|p2a: Messenger|Pelipper, M, shiny|100/100
|-weather|RainDance|[from] ability: Drizzle|[of] p2a: Messenger
|move|p1a: Raging Bolt|Calm Mind|p1a: Raging Bolt
|-boost|p1a: Raging Bolt|spa|1
|-boost|p1a: Raging Bolt|spd|1
|
|-weather|RainDance|[upkeep]
|upkeep
|turn|13
|
|t:|1759033632
|switch|p2a: Predator|Overqwil, M, shiny|100/100
|move|p1a: Raging Bolt|Calm Mind|p1a: Raging Bolt
|-boost|p1a: Raging Bolt|spa|1
|-boost|p1a: Raging Bolt|spd|1
|
|-weather|RainDance|[upkeep]
|upkeep
|turn|14
|
|t:|1759033638
|move|p2a: Predator|Liquidation|p1a: Raging Bolt
|-resisted|p1a: Raging Bolt
|-damage|p1a: Raging Bolt|75/100
|-damage|p2a: Predator|91/100|[from] item: Life Orb
|move|p1a: Raging Bolt|Dragon Pulse|p2a: Predator
|-damage|p2a: Predator|0 fnt
|faint|p2a: Predator
|
|-weather|RainDance|[upkeep]
|upkeep
|
|t:|1759033645
|switch|p2a: Jaws|Basculegion, M, shiny|27/100
|turn|15
|
|t:|1759033650
|move|p1a: Raging Bolt|Thunderclap|p2a: Jaws
|-supereffective|p2a: Jaws
|-damage|p2a: Jaws|0 fnt
|faint|p2a: Jaws
|
|-weather|RainDance|[upkeep]
|upkeep
|
|t:|1759033661
|switch|p2a: Messenger|Pelipper, M, shiny|100/100
|turn|16
|
|t:|1759033667
|-terastallize|p2a: Messenger|Steel
|move|p1a: Raging Bolt|Thunderclap|p2a: Messenger
|-damage|p2a: Messenger|0 fnt
|faint|p2a: Messenger
|
|-weather|RainDance|[upkeep]
|upkeep
|-message|dark besk forfeited.
|
|win|Srodcasa
|raw|Srodcasa's rating: 1200 &rarr; <strong>1228</strong><br />(+28 for winning)
|raw|dark besk's rating: 1240 &rarr; <strong>1212</strong><br />(-28 for losing)
|l|☆dark besk
|player|p2|
|l|☆Srodcasa
|player|p1|
