|j|☆will1994
|j|☆hyperchoice
|t:|1758921988
|gametype|singles
|player|p1|will1994|red|1702
|player|p2|hyperchoice|2|1678
|gen|9
|tier|[Gen 9] OU
|rated|
|rule|HP Percentage Mod: HP is shown in percentages
|rule|Endless Battle Clause: Forcing endless battles is banned
|rule|Species Clause: Limit one of each Pokémon
|rule|OHKO Clause: OHKO moves are banned
|rule|Evasion Items Clause: Evasion items are banned
|rule|Evasion Moves Clause: Evasion moves are banned
|rule|Evasion Abilities Clause: Evasion abilities are banned
|rule|Sleep Moves Clause: Sleep-inducing moves are banned
|clearpoke
|poke|p1|Rillaboom, F|
|poke|p1|Charizard, M|
|poke|p1|Corviknight, M|
|poke|p1|Kleavor, M|
|poke|p1|Clodsire, F|
|poke|p1|Samurott-Hisui, M|
|poke|p2|Tyranitar, F|
|poke|p2|Excadrill, M|
|poke|p2|Kingambit, F|
|poke|p2|Garchomp, F|
|poke|p2|Pecharunt|
|poke|p2|Rotom-Wash|
|teampreview
|inactive|Battle timer is ON: inactive players will automatically lose when time's up. (requested by will1994)
|
|t:|1758922003
|teamsize|p1|6
|teamsize|p2|6
|start
|switch|p1a: Rillaboom|Rillaboom, F|100/100
|switch|p2a: Garchomp|Garchomp, F|100/100
|-fieldstart|move: Grassy Terrain|[from] ability: Grassy Surge|[of] p1a: Rillaboom
|turn|1
|
|t:|1758922011
|-terastallize|p1a: Rillaboom|Grass
|move|p2a: Garchomp|Scale Shot|p1a: Rillaboom
|-damage|p1a: Rillaboom|86/100
|-damage|p1a: Rillaboom|72/100
|-damage|p1a: Rillaboom|59/100
|-damage|p1a: Rillaboom|46/100
|-hitcount|p1a: Rillaboom|4
|-unboost|p2a: Garchomp|def|1
|-boost|p2a: Garchomp|spe|1
|move|p1a: Rillaboom|Wood Hammer|p2a: Garchomp
|-damage|p2a: Garchomp|0 fnt
|-damage|p1a: Rillaboom|33/100|[from] ability: Rough Skin|[of] p2a: Garchomp
|faint|p2a: Garchomp
|-damage|p1a: Rillaboom|0 fnt|[from] Recoil
|faint|p1a: Rillaboom
|
|upkeep
|
|t:|1758922024
|switch|p2a: Tyranitar|Tyranitar, F|100/100
|switch|p1a: Charizard|Charizard, M|100/100
|-weather|Sandstorm|[from] ability: Sand Stream|[of] p2a: Tyranitar
|turn|2
|
|t:|1758922027
|switch|p1a: Corviknight|Corviknight, M|100/100
|-ability|p1a: Corviknight|Pressure
|move|p2a: Tyranitar|Knock Off|p1a: Corviknight
|-damage|p1a: Corviknight|75/100
|-damage|p2a: Tyranitar|84/100|[from] item: Rocky Helmet|[of] p1a: Corviknight
|-enditem|p1a: Corviknight|Rocky Helmet|[from] move: Knock Off|[of] p2a: Tyranitar
|
|-weather|Sandstorm|[upkeep]
|-heal|p2a: Tyranitar|90/100|[from] Grassy Terrain
|upkeep
|turn|3
|
|t:|1758922030
|move|p1a: Corviknight|U-turn|p2a: Tyranitar
|-supereffective|p2a: Tyranitar
|-damage|p2a: Tyranitar|68/100
|j| shrek5baby
|
|t:|1758922033
|switch|p1a: Clodsire|Clodsire, F|100/100|[from] U-turn
|move|p2a: Tyranitar|Thunder Wave|p1a: Clodsire
|-immune|p1a: Clodsire
|
|-weather|Sandstorm|[upkeep]
|-heal|p2a: Tyranitar|75/100|[from] Grassy Terrain
|upkeep
|turn|4
|
|t:|1758922038
|move|p2a: Tyranitar|Knock Off|p1a: Clodsire
|-damage|p1a: Clodsire|69/100
|-enditem|p1a: Clodsire|Leftovers|[from] move: Knock Off|[of] p2a: Tyranitar
|move|p1a: Clodsire|Stockpile|p1a: Clodsire
|-start|p1a: Clodsire|stockpile1
|-boost|p1a: Clodsire|def|1
|-boost|p1a: Clodsire|spd|1
|
|-weather|Sandstorm|[upkeep]
|-heal|p2a: Tyranitar|81/100|[from] Grassy Terrain
|-heal|p1a: Clodsire|75/100|[from] Grassy Terrain
|upkeep
|turn|5
|
|t:|1758922043
|move|p2a: Tyranitar|Stealth Rock|p1a: Clodsire
|-sidestart|p1: will1994|move: Stealth Rock
|move|p1a: Clodsire|Stockpile|p1a: Clodsire
|-start|p1a: Clodsire|stockpile2
|-boost|p1a: Clodsire|def|1
|-boost|p1a: Clodsire|spd|1
|
|-weather|Sandstorm|[upkeep]
|-heal|p2a: Tyranitar|87/100|[from] Grassy Terrain
|-heal|p1a: Clodsire|82/100|[from] Grassy Terrain
|-fieldend|move: Grassy Terrain
|upkeep
|turn|6
|
|t:|1758922047
|move|p2a: Tyranitar|Knock Off|p1a: Clodsire
|-damage|p1a: Clodsire|71/100
|move|p1a: Clodsire|Stockpile|p1a: Clodsire
|-start|p1a: Clodsire|stockpile3
|-boost|p1a: Clodsire|def|1
|-boost|p1a: Clodsire|spd|1
|
|-weather|Sandstorm|[upkeep]
|upkeep
|turn|7
|
|t:|1758922050
|move|p2a: Tyranitar|Ice Beam|p1a: Clodsire
|-supereffective|p1a: Clodsire
|-damage|p1a: Clodsire|60/100
|move|p1a: Clodsire|Body Press|p2a: Tyranitar
|-supereffective|p2a: Tyranitar
|-crit|p2a: Tyranitar
|-damage|p2a: Tyranitar|0 fnt
|faint|p2a: Tyranitar
|
|-weather|Sandstorm|[upkeep]
|upkeep
|
|t:|1758922058
|switch|p2a: Rotom|Rotom-Wash|100/100
|turn|8
|
|t:|1758922067
|switch|p1a: Samurott|Samurott-Hisui, M|100/100
|-damage|p1a: Samurott|88/100|[from] Stealth Rock
|move|p2a: Rotom|Will-O-Wisp|p1a: Samurott
|-status|p1a: Samurott|brn
|
|-weather|Sandstorm|[upkeep]
|-damage|p2a: Rotom|94/100|[from] Sandstorm
|-damage|p1a: Samurott|82/100 brn|[from] Sandstorm
|-heal|p2a: Rotom|100/100|[from] item: Leftovers
|-damage|p1a: Samurott|76/100 brn|[from] brn
|upkeep
|turn|9
|
|t:|1758922071
|move|p2a: Rotom|Volt Switch|p1a: Samurott
|-supereffective|p1a: Samurott
|-damage|p1a: Samurott|48/100 brn
|
|t:|1758922075
|switch|p2a: Pecharunt|Pecharunt|100/100|[from] Volt Switch
|-item|p2a: Pecharunt|Air Balloon
|move|p1a: Samurott|Ceaseless Edge|p2a: Pecharunt
|-supereffective|p2a: Pecharunt
|-damage|p2a: Pecharunt|83/100
|-enditem|p2a: Pecharunt|Air Balloon
|-sidestart|p2: hyperchoice|Spikes
|
|-weather|none
|-damage|p1a: Samurott|42/100 brn|[from] brn
|upkeep
|turn|10
|
|t:|1758922082
|move|p2a: Pecharunt|Malignant Chain|p1a: Samurott
|-damage|p1a: Samurott|25/100 brn
|move|p1a: Samurott|Ceaseless Edge|p2a: Pecharunt
|-supereffective|p2a: Pecharunt
|-damage|p2a: Pecharunt|67/100
|-sidestart|p2: hyperchoice|Spikes
|
|-damage|p1a: Samurott|18/100 brn|[from] brn
|upkeep
|turn|11
|
|t:|1758922091
|move|p1a: Samurott|Ceaseless Edge|p2a: Pecharunt
|-supereffective|p2a: Pecharunt
|-damage|p2a: Pecharunt|50/100
|-sidestart|p2: hyperchoice|Spikes
|move|p2a: Pecharunt|Shadow Ball|p1a: Samurott
|-resisted|p1a: Samurott
|-damage|p1a: Samurott|11/100 brn
|
|-damage|p1a: Samurott|5/100 brn|[from] brn
|upkeep
|turn|12
|
|t:|1758922107
|switch|p1a: Clodsire|Clodsire, F|60/100
|-damage|p1a: Clodsire|54/100|[from] Stealth Rock
|move|p2a: Pecharunt|Recover|p2a: Pecharunt
|-heal|p2a: Pecharunt|99/100
|
|upkeep
|turn|13
|
|t:|1758922111
|move|p2a: Pecharunt|Parting Shot|p1a: Clodsire
|-unboost|p1a: Clodsire|atk|1
|-unboost|p1a: Clodsire|spa|1
|
|t:|1758922112
|switch|p2a: Excadrill|Excadrill, M|100/100|[from] Parting Shot
|-item|p2a: Excadrill|Air Balloon
|move|p1a: Clodsire|Recover|p1a: Clodsire
|-heal|p1a: Clodsire|100/100
|
|upkeep
|turn|14
|
|t:|1758922115
|switch|p1a: Corviknight|Corviknight, M|75/100
|-damage|p1a: Corviknight|63/100|[from] Stealth Rock
|-ability|p1a: Corviknight|Pressure
|move|p2a: Excadrill|Rapid Spin|p1a: Corviknight
|-resisted|p1a: Corviknight
|-damage|p1a: Corviknight|57/100
|-boost|p2a: Excadrill|spe|1
|-sideend|p2: hyperchoice|Spikes|[from] move: Rapid Spin|[of] p2a: Excadrill
|
|upkeep
|turn|15
|
|t:|1758922118
|move|p2a: Excadrill|Swords Dance|p2a: Excadrill
|-boost|p2a: Excadrill|atk|2
|move|p1a: Corviknight|Defog|p2a: Excadrill
|-unboost|p2a: Excadrill|evasion|1
|-sideend|p1: will1994|Stealth Rock|[from] move: Defog|[of] p1a: Corviknight
|
|upkeep
|turn|16
|
|t:|1758922125
|move|p2a: Excadrill|Rock Slide|p1a: Corviknight
|-damage|p1a: Corviknight|22/100
|move|p1a: Corviknight|U-turn|p2a: Excadrill
|-resisted|p2a: Excadrill
|-damage|p2a: Excadrill|90/100
|-enditem|p2a: Excadrill|Air Balloon
|
|t:|1758922144
|switch|p1a: Clodsire|Clodsire, F|100/100|[from] U-turn
|
|upkeep
|turn|17
|
|t:|1758922156
|move|p2a: Excadrill|Rapid Spin|p1a: Clodsire
|-damage|p1a: Clodsire|87/100
|-boost|p2a: Excadrill|spe|1
|move|p1a: Clodsire|Stockpile|p1a: Clodsire
|-start|p1a: Clodsire|stockpile1
|-boost|p1a: Clodsire|def|1
|-boost|p1a: Clodsire|spd|1
|
|upkeep
|turn|18
|
|t:|1758922159
|switch|p2a: Rotom|Rotom-Wash|100/100
|move|p1a: Clodsire|Stockpile|p1a: Clodsire
|-start|p1a: Clodsire|stockpile2
|-boost|p1a: Clodsire|def|1
|-boost|p1a: Clodsire|spd|1
|
|upkeep
|turn|19
|
|t:|1758922164
|move|p2a: Rotom|Will-O-Wisp|p1a: Clodsire
|-status|p1a: Clodsire|brn
|move|p1a: Clodsire|Toxic|p2a: Rotom
|-status|p2a: Rotom|tox
|
|-damage|p2a: Rotom|94/100 tox|[from] psn
|-damage|p1a: Clodsire|81/100 brn|[from] brn
|upkeep
|turn|20
|
|t:|1758922167
|move|p2a: Rotom|Hydro Pump|p1a: Clodsire
|-supereffective|p1a: Clodsire
|-damage|p1a: Clodsire|51/100 brn
|move|p1a: Clodsire|Stockpile|p1a: Clodsire
|-start|p1a: Clodsire|stockpile3
|-boost|p1a: Clodsire|def|1
|-boost|p1a: Clodsire|spd|1
|
|-heal|p2a: Rotom|100/100 tox|[from] item: Leftovers
|-damage|p2a: Rotom|88/100 tox|[from] psn
|-damage|p1a: Clodsire|45/100 brn|[from] brn
|upkeep
|turn|21
|
|t:|1758922172
|switch|p2a: Pecharunt|Pecharunt|99/100
|move|p1a: Clodsire|Recover|p1a: Clodsire
|-heal|p1a: Clodsire|95/100 brn
|
|-damage|p1a: Clodsire|88/100 brn|[from] brn
|upkeep
|turn|22
|
|t:|1758922176
|move|p2a: Pecharunt|Parting Shot|p1a: Clodsire
|-unboost|p1a: Clodsire|atk|1
|-unboost|p1a: Clodsire|spa|1
|
|t:|1758922179
|switch|p2a: Rotom|Rotom-Wash|88/100 tox|[from] Parting Shot
|move|p1a: Clodsire|Stockpile||[still]
|-fail|p1a: Clodsire
|
|-heal|p2a: Rotom|94/100 tox|[from] item: Leftovers
|-damage|p2a: Rotom|88/100 tox|[from] psn
|-damage|p1a: Clodsire|82/100 brn|[from] brn
|upkeep
|turn|23
|
|t:|1758922183
|switch|p2a: Pecharunt|Pecharunt|99/100
|move|p1a: Clodsire|Body Press|p2a: Pecharunt
|-immune|p2a: Pecharunt
|
|-damage|p1a: Clodsire|76/100 brn|[from] brn
|upkeep
|turn|24
|
|t:|1758922185
|move|p2a: Pecharunt|Shadow Ball|p1a: Clodsire
|-damage|p1a: Clodsire|69/100 brn
|move|p1a: Clodsire|Stockpile||[still]
|-fail|p1a: Clodsire
|
|-damage|p1a: Clodsire|62/100 brn|[from] brn
|upkeep
|turn|25
|
|t:|1758922193
|move|p2a: Pecharunt|Shadow Ball|p1a: Clodsire
|-damage|p1a: Clodsire|54/100 brn
|move|p1a: Clodsire|Body Press|p2a: Pecharunt
|-immune|p2a: Pecharunt
|
|-damage|p1a: Clodsire|48/100 brn|[from] brn
|upkeep
|turn|26
|
|t:|1758922196
|move|p2a: Pecharunt|Parting Shot|p1a: Clodsire
|-unboost|p1a: Clodsire|atk|1
|-unboost|p1a: Clodsire|spa|1
|
|t:|1758922200
|switch|p2a: Rotom|Rotom-Wash|88/100 tox|[from] Parting Shot
|move|p1a: Clodsire|Body Press|p2a: Rotom
|-damage|p2a: Rotom|69/100 tox
|
|-heal|p2a: Rotom|75/100 tox|[from] item: Leftovers
|-damage|p2a: Rotom|69/100 tox|[from] psn
|-damage|p1a: Clodsire|42/100 brn|[from] brn
|upkeep
|turn|27
|
|t:|1758922205
|move|p2a: Rotom|Hydro Pump|p1a: Clodsire
|-supereffective|p1a: Clodsire
|-damage|p1a: Clodsire|20/100 brn
|move|p1a: Clodsire|Recover|p1a: Clodsire
|-heal|p1a: Clodsire|70/100 brn
|
|-heal|p2a: Rotom|75/100 tox|[from] item: Leftovers
|-damage|p2a: Rotom|63/100 tox|[from] psn
|-damage|p1a: Clodsire|64/100 brn|[from] brn
|upkeep
|turn|28
|
|t:|1758922211
|switch|p2a: Pecharunt|Pecharunt|99/100
|move|p1a: Clodsire|Body Press|p2a: Pecharunt
|-immune|p2a: Pecharunt
|
|-damage|p1a: Clodsire|57/100 brn|[from] brn
|upkeep
|turn|29
|l| shrek5baby
|
|t:|1758922215
|move|p2a: Pecharunt|Shadow Ball|p1a: Clodsire
|-damage|p1a: Clodsire|50/100 brn
|move|p1a: Clodsire|Recover|p1a: Clodsire
|-heal|p1a: Clodsire|99/100 brn
|
|-damage|p1a: Clodsire|94/100 brn|[from] brn
|upkeep
|turn|30
|
|t:|1758922223
|move|p2a: Pecharunt|Shadow Ball|p1a: Clodsire
|-damage|p1a: Clodsire|87/100 brn
|move|p1a: Clodsire|Stockpile||[still]
|-fail|p1a: Clodsire
|
|-damage|p1a: Clodsire|80/100 brn|[from] brn
|upkeep
|turn|31
|
|t:|1758922225
|move|p2a: Pecharunt|Shadow Ball|p1a: Clodsire
|-damage|p1a: Clodsire|72/100 brn
|move|p1a: Clodsire|Stockpile||[still]
|-fail|p1a: Clodsire
|
|-damage|p1a: Clodsire|66/100 brn|[from] brn
|upkeep
|turn|32
|
|t:|1758922229
|move|p2a: Pecharunt|Shadow Ball|p1a: Clodsire
|-damage|p1a: Clodsire|58/100 brn
|move|p1a: Clodsire|Stockpile||[still]
|-fail|p1a: Clodsire
|
|-damage|p1a: Clodsire|52/100 brn|[from] brn
|upkeep
|turn|33
|
|t:|1758922234
|move|p2a: Pecharunt|Shadow Ball|p1a: Clodsire
|-damage|p1a: Clodsire|44/100 brn
|-unboost|p1a: Clodsire|spd|1
|move|p1a: Clodsire|Recover|p1a: Clodsire
|-heal|p1a: Clodsire|94/100 brn
|
|-damage|p1a: Clodsire|88/100 brn|[from] brn
|upkeep
|turn|34
|
|t:|1758922251
|move|p2a: Pecharunt|Shadow Ball|p1a: Clodsire
|-damage|p1a: Clodsire|79/100 brn
|move|p1a: Clodsire|Stockpile||[still]
|-fail|p1a: Clodsire
|
|-damage|p1a: Clodsire|72/100 brn|[from] brn
|upkeep
|turn|35
|
|t:|1758922258
|move|p2a: Pecharunt|Shadow Ball|p1a: Clodsire
|-damage|p1a: Clodsire|64/100 brn
|-unboost|p1a: Clodsire|spd|1
|move|p1a: Clodsire|Toxic|p2a: Pecharunt
|-immune|p2a: Pecharunt
|
|-damage|p1a: Clodsire|58/100 brn|[from] brn
|upkeep
|turn|36
|
|t:|1758922270
|move|p2a: Pecharunt|Shadow Ball|p1a: Clodsire
|-damage|p1a: Clodsire|45/100 brn
|-unboost|p1a: Clodsire|spd|1
|move|p1a: Clodsire|Stockpile||[still]
|-fail|p1a: Clodsire
|
|-damage|p1a: Clodsire|39/100 brn|[from] brn
|upkeep
|turn|37
|
|t:|1758922280
|move|p2a: Pecharunt|Shadow Ball|p1a: Clodsire
|-damage|p1a: Clodsire|21/100 brn
|move|p1a: Clodsire|Recover|p1a: Clodsire
|-heal|p1a: Clodsire|71/100 brn
|
|-damage|p1a: Clodsire|65/100 brn|[from] brn
|upkeep
|turn|38
|
|t:|1758922289
|switch|p1a: Samurott|Samurott-Hisui, M|5/100 brn
|move|p2a: Pecharunt|Shadow Ball|p1a: Samurott
|-resisted|p1a: Samurott
|-damage|p1a: Samurott|0 fnt
|faint|p1a: Samurott
|
|upkeep
|
|t:|1758922293
|switch|p1a: Charizard|Charizard, M|100/100
|turn|39
|
|t:|1758922301
|move|p1a: Charizard|Flamethrower|p2a: Pecharunt
|-damage|p2a: Pecharunt|38/100
|move|p2a: Pecharunt|Parting Shot|p1a: Charizard
|-unboost|p1a: Charizard|atk|1
|-unboost|p1a: Charizard|spa|1
|
|t:|1758922305
|switch|p2a: Rotom|Rotom-Wash|63/100 tox|[from] Parting Shot
|
|-heal|p2a: Rotom|69/100 tox|[from] item: Leftovers
|-damage|p2a: Rotom|63/100 tox|[from] psn
|upkeep
|turn|40
|j| Lamp0821
|
|t:|1758922310
|switch|p1a: Clodsire|Clodsire, F|65/100 brn
|move|p2a: Rotom|Hydro Pump|p1a: Clodsire
|-supereffective|p1a: Clodsire
|-damage|p1a: Clodsire|3/100 brn
|
|-heal|p2a: Rotom|69/100 tox|[from] item: Leftovers
|-damage|p2a: Rotom|57/100 tox|[from] psn
|-damage|p1a: Clodsire|0 fnt|[from] brn
|faint|p1a: Clodsire
|upkeep
|
|t:|1758922314
|switch|p1a: Kleavor|Kleavor, M|100/100
|turn|41
|
|t:|1758922317
|move|p1a: Kleavor|Stone Axe|p2a: Rotom
|-damage|p2a: Rotom|12/100 tox
|-sidestart|p2: hyperchoice|move: Stealth Rock
|move|p2a: Rotom|Will-O-Wisp|p1a: Kleavor
|-status|p1a: Kleavor|brn
|
|-heal|p2a: Rotom|18/100 tox|[from] item: Leftovers
|-damage|p2a: Rotom|0 fnt|[from] psn
|faint|p2a: Rotom
|-damage|p1a: Kleavor|94/100 brn|[from] brn
|upkeep
|
|t:|1758922321
|switch|p2a: Excadrill|Excadrill, M|90/100
|-damage|p2a: Excadrill|87/100|[from] Stealth Rock
|turn|42
|
|t:|1758922330
|switch|p1a: Corviknight|Corviknight, M|22/100
|-ability|p1a: Corviknight|Pressure
|move|p2a: Excadrill|Rapid Spin|p1a: Corviknight
|-resisted|p1a: Corviknight
|-damage|p1a: Corviknight|16/100
|-boost|p2a: Excadrill|spe|1
|-sideend|p2: hyperchoice|Stealth Rock|[from] move: Rapid Spin|[of] p2a: Excadrill
|
|upkeep
|turn|43
|
|t:|1758922338
|move|p2a: Excadrill|Rock Slide|p1a: Corviknight
|-damage|p1a: Corviknight|0 fnt
|faint|p1a: Corviknight
|
|upkeep
|
|t:|1758922342
|switch|p1a: Kleavor|Kleavor, M|94/100 brn
|turn|44
|
|t:|1758922345
|move|p1a: Kleavor|Close Combat|p2a: Excadrill
|-supereffective|p2a: Excadrill
|-damage|p2a: Excadrill|27/100
|-unboost|p1a: Kleavor|def|1
|-unboost|p1a: Kleavor|spd|1
|move|p2a: Excadrill|Earthquake|p1a: Kleavor
|-damage|p1a: Kleavor|0 fnt
|faint|p1a: Kleavor
|
|upkeep
|
|t:|1758922349
|switch|p1a: Charizard|Charizard, M|100/100
|turn|45
|
|t:|1758922353
|move|p2a: Excadrill|Rock Slide|p1a: Charizard|[miss]
|-miss|p2a: Excadrill|p1a: Charizard
|move|p1a: Charizard|Flamethrower|p2a: Excadrill
|-supereffective|p2a: Excadrill
|-damage|p2a: Excadrill|0 fnt
|faint|p2a: Excadrill
|
|upkeep
|
|t:|1758922356
|switch|p2a: Pecharunt|Pecharunt|38/100
|turn|46
|
|t:|1758922358
|move|p1a: Charizard|Flamethrower|p2a: Pecharunt
|-damage|p2a: Pecharunt|0 fnt
|faint|p2a: Pecharunt
|
|upkeep
|
|t:|1758922360
|switch|p2a: Kingambit|Kingambit, F|100/100
|-activate|p2a: Kingambit|ability: Supreme Overlord
|-start|p2a: Kingambit|fallen5|[silent]
|turn|47
|
|t:|1758922363
|-terastallize|p2a: Kingambit|Dark
|move|p1a: Charizard|Flamethrower|p2a: Kingambit
|-damage|p2a: Kingambit|38/100
|move|p2a: Kingambit|Kowtow Cleave|p1a: Charizard
|-damage|p1a: Charizard|0 fnt
|faint|p1a: Charizard
|
|win|hyperchoice
|raw|will1994's rating: 1702 &rarr; <strong>1681</strong><br />(-21 for losing)
|raw|hyperchoice's rating: 1678 &rarr; <strong>1699</strong><br />(+21 for winning)
|l|☆will1994
|player|p1|
|l|☆hyperchoice
|player|p2|
