|j|☆pikachuplanet
|j|☆mok12345618
|t:|1758924897
|gametype|singles
|player|p1|pikachuplanet|pokekid|1266
|player|p2|mok12345618|cynthia|1269
|gen|9
|tier|[Gen 9] OU
|rated|
|rule|HP Percentage Mod: HP is shown in percentages
|rule|Endless Battle Clause: Forcing endless battles is banned
|rule|Species Clause: Limit one of each Pokémon
|rule|OHKO Clause: OHKO moves are banned
|rule|Evasion Items Clause: Evasion items are banned
|rule|Evasion Moves Clause: Evasion moves are banned
|rule|Evasion Abilities Clause: Evasion abilities are banned
|rule|Sleep Moves Clause: Sleep-inducing moves are banned
|clearpoke
|poke|p1|Darkrai|
|poke|p1|Garchomp, M|
|poke|p1|Moltres|
|poke|p1|Ogerpon-Wellspring, F|
|poke|p1|Gholdengo|
|poke|p1|Great Tusk|
|poke|p2|Cinccino, F|
|poke|p2|Kyurem|
|poke|p2|Garchomp, M|
|poke|p2|Clodsire, F|
|poke|p2|Raging Bolt|
|poke|p2|Corviknight, F|
|teampreview
|inactive|Battle timer is ON: inactive players will automatically lose when time's up. (requested by mok12345618)
|
|t:|1758924912
|teamsize|p1|6
|teamsize|p2|6
|start
|switch|p1a: Garchomp|Garchomp, M|100/100
|switch|p2a: Clod π|Clodsire, F, shiny|100/100
|turn|1
|
|t:|1758924923
|switch|p2a: Corvi π|Corviknight, F|100/100
|move|p1a: Garchomp|Stealth Rock|p2a: Corvi π
|-sidestart|p2: mok12345618|move: Stealth Rock
|
|upkeep
|turn|2
|
|t:|1758924931
|move|p1a: Garchomp|Spikes|p2a: Corvi π
|-sidestart|p2: mok12345618|Spikes
|move|p2a: Corvi π|Defog|p1a: Garchomp
|-unboost|p1a: Garchomp|evasion|1
|-sideend|p2: mok12345618|Spikes|[from] move: Defog|[of] p2a: Corvi π
|-sideend|p2: mok12345618|Stealth Rock|[from] move: Defog|[of] p2a: Corvi π
|
|upkeep
|turn|3
|
|t:|1758924942
|move|p1a: Garchomp|Stealth Rock|p2a: Corvi π
|-sidestart|p2: mok12345618|move: Stealth Rock
|move|p2a: Corvi π|Tailwind|p2a: Corvi π
|-sidestart|p2: mok12345618|move: Tailwind
|
|upkeep
|turn|4
|
|t:|1758924949
|switch|p1a: Gholdengo|Gholdengo|100/100
|move|p2a: Corvi π|Brave Bird|p1a: Gholdengo
|-resisted|p1a: Gholdengo
|-damage|p1a: Gholdengo|81/100
|-damage|p2a: Corvi π|95/100|[from] Recoil
|
|upkeep
|turn|5
|
|t:|1758924958
|move|p1a: Gholdengo|Trick|p2a: Corvi π
|-activate|p1a: Gholdengo|move: Trick|[of] p2a: Corvi π
|-item|p2a: Corvi π|Choice Scarf|[from] move: Trick
|-item|p1a: Gholdengo|Rocky Helmet|[from] move: Trick
|move|p2a: Corvi π|Defog|p1a: Gholdengo
|-immune|p1a: Gholdengo|[from] ability: Good as Gold
|
|upkeep
|turn|6
|
|t:|1758924968
|switch|p2a: Clod π|Clodsire, F, shiny|100/100
|-damage|p2a: Clod π|94/100|[from] Stealth Rock
|move|p1a: Gholdengo|Shadow Ball|p2a: Clod π
|-damage|p2a: Clod π|63/100
|
|-heal|p2a: Clod π|69/100|[from] item: Leftovers
|-sideend|p2: mok12345618|move: Tailwind
|upkeep
|turn|7
|
|t:|1758924980
|switch|p1a: Garchomp|Garchomp, M|100/100
|move|p2a: Clod π|Spikes|p1a: Garchomp
|-sidestart|p1: pikachuplanet|Spikes
|
|-heal|p2a: Clod π|75/100|[from] item: Leftovers
|upkeep
|turn|8
|
|t:|1758924992
|move|p1a: Garchomp|Spikes|p2a: Clod π
|-sidestart|p2: mok12345618|Spikes
|move|p2a: Clod π|Toxic|p1a: Garchomp
|-status|p1a: Garchomp|tox
|
|-heal|p2a: Clod π|81/100|[from] item: Leftovers
|-damage|p1a: Garchomp|94/100 tox|[from] psn
|upkeep
|turn|9
|
|t:|1758924998
|-terastallize|p2a: Clod π|Dark
|move|p1a: Garchomp|Spikes|p2a: Clod π
|-sidestart|p2: mok12345618|Spikes
|move|p2a: Clod π|Spikes|p1a: Garchomp
|-sidestart|p1: pikachuplanet|Spikes
|
|-heal|p2a: Clod π|88/100|[from] item: Leftovers
|-damage|p1a: Garchomp|82/100 tox|[from] psn
|upkeep
|turn|10
|
|t:|1758925008
|switch|p2a: Corvi π|Corviknight, F|95/100
|-damage|p2a: Corvi π|83/100|[from] Stealth Rock
|move|p1a: Garchomp|Spikes|p2a: Corvi π
|-sidestart|p2: mok12345618|Spikes
|
|-damage|p1a: Garchomp|63/100 tox|[from] psn
|upkeep
|turn|11
|
|t:|1758925018
|switch|p1a: Gholdengo|Gholdengo|81/100
|-damage|p1a: Gholdengo|64/100|[from] Spikes
|move|p2a: Corvi π|Defog|p1a: Gholdengo
|-immune|p1a: Gholdengo|[from] ability: Good as Gold
|
|upkeep
|turn|12
|
|t:|1758925030
|switch|p2a: Clod π|Clodsire, F, shiny, tera:Dark|88/100
|-damage|p2a: Clod π|75/100|[from] Stealth Rock
|-damage|p2a: Clod π|50/100|[from] Spikes
|move|p1a: Gholdengo|Focus Blast|p2a: Clod π
|-supereffective|p2a: Clod π
|-damage|p2a: Clod π|0 fnt
|faint|p2a: Clod π
|
|upkeep
|
|t:|1758925043
|switch|p2a: Shark π|Garchomp, M|100/100
|-damage|p2a: Shark π|94/100|[from] Stealth Rock
|-damage|p2a: Shark π|69/100|[from] Spikes
|turn|13
|
|t:|1758925055
|switch|p1a: Great Tusk|Great Tusk|100/100
|-damage|p1a: Great Tusk|84/100|[from] Spikes
|-enditem|p1a: Great Tusk|Booster Energy
|-activate|p1a: Great Tusk|ability: Protosynthesis|[fromitem]
|-start|p1a: Great Tusk|protosynthesisatk
|move|p2a: Shark π|Earthquake|p1a: Great Tusk
|-damage|p1a: Great Tusk|46/100
|
|upkeep
|turn|14
|
|t:|1758925067
|move|p2a: Shark π|Scale Shot|p1a: Great Tusk
|-damage|p1a: Great Tusk|36/100
|-damage|p1a: Great Tusk|26/100
|-damage|p1a: Great Tusk|16/100
|-damage|p1a: Great Tusk|6/100
|-damage|p1a: Great Tusk|0 fnt
|faint|p1a: Great Tusk
|-end|p1a: Great Tusk|Protosynthesis|[silent]
|-hitcount|p1: Great Tusk|5
|-unboost|p2a: Shark π|def|1
|-boost|p2a: Shark π|spe|1
|
|upkeep
|
|t:|1758925086
|switch|p1a: Moltres|Moltres|100/100
|turn|15
|
|t:|1758925099
|-terastallize|p1a: Moltres|Fairy
|move|p2a: Shark π|Scale Shot|p1a: Moltres
|-immune|p1a: Moltres
|move|p1a: Moltres|Will-O-Wisp|p2a: Shark π
|-status|p2a: Shark π|brn
|
|-damage|p2a: Shark π|63/100 brn|[from] brn
|upkeep
|turn|16
|
|t:|1758925108
|move|p2a: Shark π|Swords Dance|p2a: Shark π
|-boost|p2a: Shark π|atk|2
|move|p1a: Moltres|Roar|p2a: Shark π
|drag|p2a: Rage π|Raging Bolt|100/100
|-damage|p2a: Rage π|88/100|[from] Stealth Rock
|-damage|p2a: Rage π|63/100|[from] Spikes
|-enditem|p2a: Rage π|Booster Energy
|-activate|p2a: Rage π|ability: Protosynthesis|[fromitem]
|-start|p2a: Rage π|protosynthesisspa
|
|upkeep
|turn|17
|
|t:|1758925122
|move|p2a: Rage π|Thunderclap||[still]
|-fail|p2a: Rage π
|move|p1a: Moltres|Will-O-Wisp|p2a: Rage π
|-status|p2a: Rage π|brn
|
|-damage|p2a: Rage π|57/100 brn|[from] brn
|upkeep
|turn|18
|
|t:|1758925128
|move|p2a: Rage π|Thunderclap||[still]
|-fail|p2a: Rage π
|move|p1a: Moltres|Roar|p2a: Rage π
|-end|p2a: Rage π|Protosynthesis|[silent]
|drag|p2a: Cuty π|Cinccino, F|100/100
|-damage|p2a: Cuty π|88/100|[from] Stealth Rock
|-damage|p2a: Cuty π|63/100|[from] Spikes
|
|upkeep
|turn|19
|
|t:|1758925141
|move|p2a: Cuty π|Tidy Up|p2a: Cuty π
|-sideend|p2: mok12345618|Spikes
|-sideend|p2: mok12345618|Stealth Rock
|-sideend|p1: pikachuplanet|Spikes
|-activate|p2a: Cuty π|move: Tidy Up
|-boost|p2a: Cuty π|atk|1
|-boost|p2a: Cuty π|spe|1
|move|p1a: Moltres|Will-O-Wisp|p2a: Cuty π
|-status|p2a: Cuty π|brn
|
|-damage|p2a: Cuty π|57/100 brn|[from] brn
|upkeep
|turn|20
|
|t:|1758925150
|move|p2a: Cuty π|Tail Slap|p1a: Moltres
|-damage|p1a: Moltres|93/100
|-damage|p1a: Moltres|86/100
|-damage|p1a: Moltres|79/100
|-damage|p1a: Moltres|72/100
|-damage|p1a: Moltres|65/100
|-hitcount|p1a: Moltres|5
|move|p1a: Moltres|Roar|p2a: Cuty π
|drag|p2a: Kyu π|Kyurem|100/100
|-ability|p2a: Kyu π|Pressure
|
|upkeep
|turn|21
|
|t:|1758925165
|move|p2a: Kyu π|Icicle Spear|p1a: Moltres
|-damage|p1a: Moltres|52/100
|-damage|p1a: Moltres|39/100
|-damage|p1a: Moltres|26/100
|-damage|p1a: Moltres|13/100
|-damage|p1a: Moltres|0 fnt
|faint|p1a: Moltres
|-hitcount|p1: Moltres|5
|
|upkeep
|
|t:|1758925178
|switch|p1a: Gholdengo|Gholdengo|64/100
|turn|22
|
|t:|1758925184
|switch|p2a: Shark π|Garchomp, M|63/100 brn
|move|p1a: Gholdengo|Make It Rain|p2a: Shark π
|-damage|p2a: Shark π|0 fnt
|-unboost|p1a: Gholdengo|spa|1
|faint|p2a: Shark π
|
|upkeep
|
|t:|1758925191
|switch|p2a: Rage π|Raging Bolt|57/100 brn
|turn|23
|
|t:|1758925195
|switch|p1a: Garchomp|Garchomp, M|63/100 tox
|move|p2a: Rage π|Thunderbolt|p1a: Garchomp
|-immune|p1a: Garchomp
|
|-damage|p1a: Garchomp|57/100 tox|[from] psn
|-damage|p2a: Rage π|51/100 brn|[from] brn
|upkeep
|turn|24
|
|t:|1758925202
|-end|p2a: Rage π|Protosynthesis|[silent]
|switch|p2a: Corvi π|Corviknight, F|83/100
|move|p1a: Garchomp|Stealth Rock|p2a: Corvi π
|-sidestart|p2: mok12345618|move: Stealth Rock
|
|-damage|p1a: Garchomp|45/100 tox|[from] psn
|upkeep
|turn|25
|
|t:|1758925213
|move|p2a: Corvi π|Tailwind|p2a: Corvi π
|-sidestart|p2: mok12345618|move: Tailwind
|move|p1a: Garchomp|Spikes|p2a: Corvi π
|-sidestart|p2: mok12345618|Spikes
|
|-damage|p1a: Garchomp|26/100 tox|[from] psn
|upkeep
|turn|26
|
|t:|1758925219
|switch|p2a: Rage π|Raging Bolt|51/100 brn
|-damage|p2a: Rage π|39/100 brn|[from] Stealth Rock
|-damage|p2a: Rage π|26/100 brn|[from] Spikes
|switch|p1a: Gholdengo|Gholdengo|64/100
|
|-damage|p2a: Rage π|20/100 brn|[from] brn
|upkeep
|turn|27
|
|t:|1758925229
|switch|p1a: Garchomp|Garchomp, M|26/100 tox
|move|p2a: Rage π|Thunderbolt|p1a: Garchomp
|-immune|p1a: Garchomp
|
|-damage|p1a: Garchomp|20/100 tox|[from] psn
|-damage|p2a: Rage π|14/100 brn|[from] brn
|upkeep
|turn|28
|
|t:|1758925238
|move|p2a: Rage π|Dragon Pulse|p1a: Garchomp
|-supereffective|p1a: Garchomp
|-damage|p1a: Garchomp|0 fnt
|faint|p1a: Garchomp
|
|-damage|p2a: Rage π|8/100 brn|[from] brn
|-sideend|p2: mok12345618|move: Tailwind
|upkeep
|
|t:|1758925243
|switch|p1a: Gholdengo|Gholdengo|64/100
|turn|29
|
|t:|1758925246
|move|p2a: Rage π|Thunderclap|p1a: Gholdengo
|-damage|p1a: Gholdengo|19/100
|move|p1a: Gholdengo|Shadow Ball|p2a: Rage π
|-crit|p2a: Rage π
|-damage|p2a: Rage π|0 fnt
|faint|p2a: Rage π
|-end|p2a: Rage π|Protosynthesis|[silent]
|
|upkeep
|
|t:|1758925254
|switch|p2a: Cuty π|Cinccino, F|57/100 brn
|-damage|p2a: Cuty π|45/100 brn|[from] Stealth Rock
|-damage|p2a: Cuty π|32/100 brn|[from] Spikes
|turn|30
|
|t:|1758925261
|move|p2a: Cuty π|Knock Off|p1a: Gholdengo
|-supereffective|p1a: Gholdengo
|-damage|p1a: Gholdengo|0 fnt
|-damage|p2a: Cuty π|16/100 brn|[from] item: Rocky Helmet|[of] p1a: Gholdengo
|-enditem|p1a: Gholdengo|Rocky Helmet|[from] move: Knock Off|[of] p2a: Cuty π
|faint|p1a: Gholdengo
|
|-damage|p2a: Cuty π|10/100 brn|[from] brn
|upkeep
|
|t:|1758925264
|switch|p1a: Ogerpon|Ogerpon-Wellspring, F|100/100
|turn|31
|
|t:|1758925273
|move|p2a: Cuty π|Tidy Up|p2a: Cuty π
|-sideend|p2: mok12345618|Spikes
|-sideend|p2: mok12345618|Stealth Rock
|-activate|p2a: Cuty π|move: Tidy Up
|-boost|p2a: Cuty π|atk|1
|-boost|p2a: Cuty π|spe|1
|move|p1a: Ogerpon|U-turn|p2a: Cuty π
|-damage|p2a: Cuty π|0 fnt
|faint|p2a: Cuty π
|
|t:|1758925279
|switch|p1a: Darkrai|Darkrai|100/100|[from] U-turn
|
|upkeep
|
|t:|1758925283
|switch|p2a: Corvi π|Corviknight, F|83/100
|turn|32
|
|t:|1758925290
|move|p1a: Darkrai|Nasty Plot|p1a: Darkrai
|-boost|p1a: Darkrai|spa|2
|move|p2a: Corvi π|Body Press|p1a: Darkrai
|-supereffective|p1a: Darkrai
|-damage|p1a: Darkrai|47/100
|
|-heal|p1a: Darkrai|54/100|[from] item: Leftovers
|upkeep
|turn|33
|
|t:|1758925304
|move|p1a: Darkrai|Dark Pulse|p2a: Corvi π
|-damage|p2a: Corvi π|13/100
|move|p2a: Corvi π|Body Press|p1a: Darkrai
|-supereffective|p1a: Darkrai
|-damage|p1a: Darkrai|0 fnt
|faint|p1a: Darkrai
|
|upkeep
|
|t:|1758925309
|switch|p1a: Ogerpon|Ogerpon-Wellspring, F|100/100
|turn|34
|
|t:|1758925315
|move|p1a: Ogerpon|Swords Dance|p1a: Ogerpon
|-boost|p1a: Ogerpon|atk|2
|move|p2a: Corvi π|Body Press|p1a: Ogerpon
|-damage|p1a: Ogerpon|68/100
|
|upkeep
|turn|35
|
|t:|1758925322
|move|p1a: Ogerpon|Swords Dance|p1a: Ogerpon
|-boost|p1a: Ogerpon|atk|2
|move|p2a: Corvi π|Body Press|p1a: Ogerpon
|-damage|p1a: Ogerpon|35/100
|
|upkeep
|turn|36
|
|t:|1758925329
|move|p1a: Ogerpon|Horn Leech|p2a: Corvi π
|-resisted|p2a: Corvi π
|-damage|p2a: Corvi π|0 fnt
|-heal|p1a: Ogerpon|44/100|[from] drain|[of] p2a: Corvi π
|faint|p2a: Corvi π
|
|upkeep
|
|t:|1758925331
|switch|p2a: Kyu π|Kyurem|100/100
|-ability|p2a: Kyu π|Pressure
|turn|37
|inactive|pikachuplanet has 120 seconds left.
|
|t:|1758925375
|move|p1a: Ogerpon|Ivy Cudgel|p2a: Kyu π|[anim] Ivy Cudgel Water
|-resisted|p2a: Kyu π
|-damage|p2a: Kyu π|6/100
|move|p2a: Kyu π|Dragon Dance|p2a: Kyu π
|-boost|p2a: Kyu π|atk|1
|-boost|p2a: Kyu π|spe|1
|
|upkeep
|turn|38
|
|t:|1758925384
|move|p2a: Kyu π|Icicle Spear|p1a: Ogerpon
|-damage|p1a: Ogerpon|14/100
|-damage|p1a: Ogerpon|0 fnt
|faint|p1a: Ogerpon
|-hitcount|p1: Ogerpon|2
|
|win|mok12345618
|raw|pikachuplanet's rating: 1246 &rarr; <strong>1223</strong><br />(-23 for losing)
|raw|mok12345618's rating: 1269 &rarr; <strong>1292</strong><br />(+23 for winning)
|l|☆pikachuplanet
|player|p1|
|l|☆mok12345618
|player|p2|
