|j|☆gymleadernyash
|j|☆NoWaY0
|t:|1759051594
|gametype|singles
|player|p1|gymleadernyash|swimmer-gen4|1101
|player|p2|NoWaY0|benga|1162
|gen|9
|tier|[Gen 9] OU
|rated|
|rule|HP Percentage Mod: HP is shown in percentages
|rule|Endless Battle Clause: Forcing endless battles is banned
|rule|Species Clause: Limit one of each Pokémon
|rule|OHKO Clause: OHKO moves are banned
|rule|Evasion Items Clause: Evasion items are banned
|rule|Evasion Moves Clause: Evasion moves are banned
|rule|Evasion Abilities Clause: Evasion abilities are banned
|rule|Sleep Moves Clause: Sleep-inducing moves are banned
|clearpoke
|poke|p1|Infernape, M|
|poke|p1|Golurk|
|poke|p1|Snorlax, M|
|poke|p1|Eelektross, M|
|poke|p1|Scizor, F|
|poke|p1|Hydrapple, M|
|poke|p2|Darkrai|
|poke|p2|Great Tusk|
|poke|p2|Ogerpon-Wellspring, F|
|poke|p2|Gholdengo|
|poke|p2|Dragonite, F|
|poke|p2|Ting-Lu|
|teampreview
|
|t:|1759051614
|teamsize|p1|6
|teamsize|p2|6
|start
|switch|p1a: Eelektross|Eelektross, M|100/100
|switch|p2a: Ogerpon|Ogerpon-Wellspring, F|100/100
|turn|1
|inactive|Battle timer is ON: inactive players will automatically lose when time's up. (requested by NoWaY0)
|
|t:|1759051644
|move|p2a: Ogerpon|Knock Off|p1a: Eelektross
|-damage|p1a: Eelektross|60/100
|-enditem|p1a: Eelektross|Assault Vest|[from] move: Knock Off|[of] p2a: Ogerpon
|move|p1a: Eelektross|Dragon Tail|p2a: Ogerpon
|-damage|p2a: Ogerpon|81/100
|drag|p2a: Dragonite|Dragonite, F|100/100
|
|upkeep
|turn|2
|
|t:|1759051671
|move|p2a: Dragonite|Extreme Speed|p1a: Eelektross
|-damage|p1a: Eelektross|28/100
|move|p1a: Eelektross|Dragon Tail|p2a: Dragonite
|-supereffective|p2a: Dragonite
|-damage|p2a: Dragonite|85/100
|drag|p2a: Great Tusk|Great Tusk|100/100
|
|upkeep
|turn|3
|inactive|gymleadernyash has 120 seconds left.
|
|t:|1759051700
|switch|p1a: Golurk|Golurk|100/100
|move|p2a: Great Tusk|Stealth Rock|p1a: Golurk
|-sidestart|p1: gymleadernyash|move: Stealth Rock
|
|upkeep
|turn|4
|inactive|gymleadernyash has 120 seconds left.
|
|t:|1759051707
|move|p2a: Great Tusk|Ice Spinner|p1a: Golurk
|-supereffective|p1a: Golurk
|-damage|p1a: Golurk|37/100
|move|p1a: Golurk|Ice Punch|p2a: Great Tusk
|-supereffective|p2a: Great Tusk
|-damage|p2a: Great Tusk|62/100
|
|-heal|p1a: Golurk|43/100|[from] item: Leftovers
|upkeep
|turn|5
|inactive|gymleadernyash has 120 seconds left.
|
|t:|1759051721
|move|p2a: Great Tusk|Ice Spinner|p1a: Golurk
|-supereffective|p1a: Golurk
|-damage|p1a: Golurk|0 fnt
|faint|p1a: Golurk
|
|upkeep
|inactive|gymleadernyash has 120 seconds left.
|
|t:|1759051727
|switch|p1a: Scizor|Scizor, F|100/100
|-damage|p1a: Scizor|88/100|[from] Stealth Rock
|turn|6
|
|t:|1759051735
|-end|p2a: Great Tusk|Protosynthesis|[silent]
|switch|p2a: Gholdengo|Gholdengo|100/100
|-item|p2a: Gholdengo|Air Balloon
|move|p1a: Scizor|Dual Wingbeat|p2a: Gholdengo|[miss]
|-miss|p1a: Scizor|p2a: Gholdengo
|
|upkeep
|turn|7
|inactive|gymleadernyash has 120 seconds left.
|
|t:|1759051754
|switch|p1a: Infernape|Infernape, M|100/100
|-damage|p1a: Infernape|88/100|[from] Stealth Rock
|move|p2a: Gholdengo|Shadow Ball|p1a: Infernape
|-damage|p1a: Infernape|37/100
|
|upkeep
|turn|8
|
|t:|1759051771
|switch|p2a: Dragonite|Dragonite, F|85/100
|move|p1a: Infernape|Slack Off|p1a: Infernape
|-heal|p1a: Infernape|87/100
|
|upkeep
|turn|9
|inactive|gymleadernyash has 120 seconds left.
|
|t:|1759051802
|switch|p1a: Hydrapple|Hydrapple, M|100/100
|-damage|p1a: Hydrapple|88/100|[from] Stealth Rock
|move|p2a: Dragonite|Dragon Tail|p1a: Hydrapple
|-supereffective|p1a: Hydrapple
|-damage|p1a: Hydrapple|38/100
|drag|p1a: Infernape|Infernape, M|87/100
|-damage|p1a: Infernape|75/100|[from] Stealth Rock
|
|upkeep
|turn|10
|
|t:|1759051824
|switch|p1a: Snorlax|Snorlax, M|100/100
|-damage|p1a: Snorlax|88/100|[from] Stealth Rock
|move|p2a: Dragonite|Dragon Tail|p1a: Snorlax
|-damage|p1a: Snorlax|62/100
|drag|p1a: Eelektross|Eelektross, M|28/100
|-damage|p1a: Eelektross|15/100|[from] Stealth Rock
|
|upkeep
|turn|11
|inactive|gymleadernyash has 90 seconds left.
|
|t:|1759051844
|move|p1a: Eelektross|Drain Punch|p2a: Dragonite
|-resisted|p2a: Dragonite
|-damage|p2a: Dragonite|77/100
|-heal|p1a: Eelektross|20/100|[from] drain|[of] p2a: Dragonite
|move|p2a: Dragonite|Dragon Tail|p1a: Eelektross
|-damage|p1a: Eelektross|0 fnt
|faint|p1a: Eelektross
|
|upkeep
|inactive|gymleadernyash has 90 seconds left.
|
|t:|1759051855
|switch|p1a: Hydrapple|Hydrapple, M|72/100
|-damage|p1a: Hydrapple|59/100|[from] Stealth Rock
|turn|12
|inactive|gymleadernyash has 90 seconds left.
|
|t:|1759051862
|switch|p2a: Gholdengo|Gholdengo|100/100
|-item|p2a: Gholdengo|Air Balloon
|move|p1a: Hydrapple|Draco Meteor|p2a: Gholdengo
|-resisted|p2a: Gholdengo
|-damage|p2a: Gholdengo|71/100
|-unboost|p1a: Hydrapple|spa|2
|-enditem|p2a: Gholdengo|Air Balloon
|
|-heal|p1a: Hydrapple|65/100|[from] item: Leftovers
|upkeep
|turn|13
|inactive|gymleadernyash has 90 seconds left.
|
|t:|1759051885
|move|p2a: Gholdengo|Dazzling Gleam|p1a: Hydrapple
|-supereffective|p1a: Hydrapple
|-damage|p1a: Hydrapple|20/100
|move|p1a: Hydrapple|Nasty Plot|p1a: Hydrapple
|-boost|p1a: Hydrapple|spa|2
|
|-heal|p1a: Hydrapple|26/100|[from] item: Leftovers
|upkeep
|turn|14
|
|t:|1759051901
|switch|p1a: Snorlax|Snorlax, M|62/100
|-damage|p1a: Snorlax|49/100|[from] Stealth Rock
|move|p2a: Gholdengo|Shadow Ball|p1a: Snorlax
|-immune|p1a: Snorlax
|
|-heal|p1a: Snorlax|55/100|[from] item: Leftovers
|upkeep
|turn|15
|
|t:|1759051914
|switch|p2a: Ting-Lu|Ting-Lu|100/100
|-ability|p2a: Ting-Lu|Vessel of Ruin
|move|p1a: Snorlax|Rest|p1a: Snorlax
|-status|p1a: Snorlax|slp|[from] move: Rest
|-heal|p1a: Snorlax|100/100 slp|[silent]
|
|upkeep
|turn|16
|
|t:|1759051935
|move|p2a: Ting-Lu|Spikes|p1a: Snorlax
|-sidestart|p1: gymleadernyash|Spikes
|cant|p1a: Snorlax|slp
|move|p1a: Snorlax|Sleep Talk|p1a: Snorlax
|move|p1a: Snorlax|Rest||[from] move: Sleep Talk|[still]
|-fail|p1a: Snorlax
|
|upkeep
|turn|17
|
|t:|1759051944
|move|p2a: Ting-Lu|Spikes|p1a: Snorlax
|-sidestart|p1: gymleadernyash|Spikes
|cant|p1a: Snorlax|slp
|move|p1a: Snorlax|Sleep Talk|p1a: Snorlax
|move|p1a: Snorlax|Curse|p1a: Snorlax|[from] move: Sleep Talk
|-unboost|p1a: Snorlax|spe|1
|-boost|p1a: Snorlax|atk|1
|-boost|p1a: Snorlax|def|1
|
|upkeep
|turn|18
|
|t:|1759051955
|move|p2a: Ting-Lu|Spikes|p1a: Snorlax
|-sidestart|p1: gymleadernyash|Spikes
|-curestatus|p1a: Snorlax|slp|[msg]
|move|p1a: Snorlax|Body Slam|p2a: Ting-Lu
|-crit|p2a: Ting-Lu
|-damage|p2a: Ting-Lu|60/100
|-status|p2a: Ting-Lu|par
|
|-heal|p2a: Ting-Lu|66/100 par|[from] item: Leftovers
|upkeep
|turn|19
|inactive|gymleadernyash has 60 seconds left.
|
|t:|1759051984
|switch|p1a: Scizor|Scizor, F|88/100
|-damage|p1a: Scizor|76/100|[from] Stealth Rock
|-damage|p1a: Scizor|51/100|[from] Spikes
|move|p2a: Ting-Lu|Whirlwind|p1a: Scizor
|drag|p1a: Hydrapple|Hydrapple, M|60/100
|-damage|p1a: Hydrapple|47/100|[from] Stealth Rock
|-damage|p1a: Hydrapple|22/100|[from] Spikes
|
|-heal|p1a: Hydrapple|28/100|[from] item: Leftovers
|-heal|p2a: Ting-Lu|72/100 par|[from] item: Leftovers
|upkeep
|turn|20
|inactive|gymleadernyash has 60 seconds left.
|
|t:|1759052005
|switch|p2a: Gholdengo|Gholdengo|71/100
|move|p1a: Hydrapple|Giga Drain|p2a: Gholdengo
|-resisted|p2a: Gholdengo
|-crit|p2a: Gholdengo
|-damage|p2a: Gholdengo|42/100
|-heal|p1a: Hydrapple|42/100|[from] drain|[of] p2a: Gholdengo
|
|-heal|p1a: Hydrapple|48/100|[from] item: Leftovers
|upkeep
|turn|21
|inactive|gymleadernyash has 60 seconds left.
|
|t:|1759052033
|switch|p1a: Snorlax|Snorlax, M|100/100
|-damage|p1a: Snorlax|88/100|[from] Stealth Rock
|-damage|p1a: Snorlax|63/100|[from] Spikes
|move|p2a: Gholdengo|Recover|p2a: Gholdengo
|-heal|p2a: Gholdengo|92/100
|
|-heal|p1a: Snorlax|69/100|[from] item: Leftovers
|upkeep
|turn|22
|
|t:|1759052044
|switch|p2a: Dragonite|Dragonite, F|77/100
|move|p1a: Snorlax|Body Slam|p2a: Dragonite
|-damage|p2a: Dragonite|47/100
|
|-heal|p1a: Snorlax|75/100|[from] item: Leftovers
|upkeep
|turn|23
|inactive|gymleadernyash has 30 seconds left.
|
|t:|1759052065
|move|p2a: Dragonite|Roost|p2a: Dragonite
|-heal|p2a: Dragonite|97/100
|-singleturn|p2a: Dragonite|move: Roost
|move|p1a: Snorlax|Body Slam|p2a: Dragonite
|-damage|p2a: Dragonite|67/100
|
|-heal|p1a: Snorlax|81/100|[from] item: Leftovers
|upkeep
|turn|24
|inactive|gymleadernyash has 30 seconds left.
|
|t:|1759052076
|move|p2a: Dragonite|Roost|p2a: Dragonite
|-heal|p2a: Dragonite|100/100
|-singleturn|p2a: Dragonite|move: Roost
|move|p1a: Snorlax|Curse|p1a: Snorlax
|-unboost|p1a: Snorlax|spe|1
|-boost|p1a: Snorlax|atk|1
|-boost|p1a: Snorlax|def|1
|
|-heal|p1a: Snorlax|88/100|[from] item: Leftovers
|upkeep
|turn|25
|
|t:|1759052086
|move|p1a: Snorlax|Curse|p1a: Snorlax
|-unboost|p1a: Snorlax|spe|1
|-boost|p1a: Snorlax|atk|1
|-boost|p1a: Snorlax|def|1
|move|p2a: Dragonite|Dragon Tail|p1a: Snorlax
|-damage|p1a: Snorlax|74/100
|drag|p1a: Infernape|Infernape, M|75/100
|-damage|p1a: Infernape|63/100|[from] Stealth Rock
|-damage|p1a: Infernape|38/100|[from] Spikes
|
|upkeep
|turn|26
|inactive|gymleadernyash has 30 seconds left.
|
|t:|1759052105
|switch|p1a: Hydrapple|Hydrapple, M|81/100
|-damage|p1a: Hydrapple|69/100|[from] Stealth Rock
|-damage|p1a: Hydrapple|44/100|[from] Spikes
|move|p2a: Dragonite|Dragon Tail|p1a: Hydrapple
|-supereffective|p1a: Hydrapple
|-damage|p1a: Hydrapple|0 fnt
|faint|p1a: Hydrapple
|
|upkeep
|inactive|gymleadernyash has 30 seconds left.
|
|t:|1759052114
|switch|p1a: Snorlax|Snorlax, M|74/100
|-damage|p1a: Snorlax|61/100|[from] Stealth Rock
|-damage|p1a: Snorlax|36/100|[from] Spikes
|turn|27
|
|t:|1759052120
|move|p1a: Snorlax|Rest|p1a: Snorlax
|-status|p1a: Snorlax|slp|[from] move: Rest
|-heal|p1a: Snorlax|100/100 slp|[silent]
|move|p2a: Dragonite|Dragon Tail|p1a: Snorlax
|-damage|p1a: Snorlax|74/100 slp
|drag|p1a: Scizor|Scizor, F|51/100
|-damage|p1a: Scizor|39/100|[from] Stealth Rock
|-damage|p1a: Scizor|14/100|[from] Spikes
|
|upkeep
|turn|28
|inactive|gymleadernyash has 30 seconds left.
|
|t:|1759052137
|switch|p1a: Snorlax|Snorlax, M|74/100 slp
|-damage|p1a: Snorlax|62/100 slp|[from] Stealth Rock
|-damage|p1a: Snorlax|37/100 slp|[from] Spikes
|move|p2a: Dragonite|Earthquake|p1a: Snorlax
|-damage|p1a: Snorlax|10/100 slp
|
|-heal|p1a: Snorlax|16/100 slp|[from] item: Leftovers
|upkeep
|turn|29
|
|t:|1759052148
|move|p2a: Dragonite|Earthquake|p1a: Snorlax
|-damage|p1a: Snorlax|0 fnt
|faint|p1a: Snorlax
|
|upkeep
|-message|gymleadernyash forfeited.
|
|win|NoWaY0
|raw|gymleadernyash's rating: 1101 &rarr; <strong>1080</strong><br />(-21 for losing)
|raw|NoWaY0's rating: 1162 &rarr; <strong>1183</strong><br />(+21 for winning)
|l|☆gymleadernyash
|player|p1|
|l|☆NoWaY0
|player|p2|
