|j|☆Crashbuster
|j|‽Msjdhfhrbr
|t:|1759068887
|gametype|singles
|player|p1|Crashbuster|brycenman|1071
|player|p2|Msjdhfhrbr|170|1083
|gen|9
|tier|[Gen 9] OU
|rated|
|rule|HP Percentage Mod: HP is shown in percentages
|rule|Endless Battle Clause: Forcing endless battles is banned
|rule|Species Clause: Limit one of each Pokémon
|rule|OHKO Clause: OHKO moves are banned
|rule|Evasion Items Clause: Evasion items are banned
|rule|Evasion Moves Clause: Evasion moves are banned
|rule|Evasion Abilities Clause: Evasion abilities are banned
|rule|Sleep Moves Clause: Sleep-inducing moves are banned
|clearpoke
|poke|p1|Regice|
|poke|p1|Iron Crown|
|poke|p1|Decidueye-Hisui, M|
|poke|p1|Goodra-Hisui, F|
|poke|p1|Ogerpon-Cornerstone, F|
|poke|p1|Galvantula, M|
|poke|p2|Kingambit, F|
|poke|p2|Koffing, M|
|poke|p2|Charmeleon, M|
|poke|p2|Chansey, F|
|poke|p2|Cyclizar, M|
|poke|p2|Sableye, M|
|teampreview
|
|t:|1759068899
|teamsize|p1|6
|teamsize|p2|6
|start
|switch|p1a: Decidueye|Decidueye-Hisui, M, shiny|100/100
|switch|p2a: Koffing|Koffing, M|100/100
|turn|1
|
|t:|1759068911
|-terastallize|p1a: Decidueye|Steel
|move|p1a: Decidueye|Knock Off|p2a: Koffing
|-damage|p2a: Koffing|74/100
|-enditem|p2a: Koffing|Eviolite|[from] move: Knock Off|[of] p1a: Decidueye
|move|p2a: Koffing|Will-O-Wisp|p1a: Decidueye|[miss]
|-miss|p2a: Koffing|p1a: Decidueye
|
|upkeep
|turn|2
|
|t:|1759068920
|move|p1a: Decidueye|Tera Blast|p2a: Koffing|[anim] Tera Blast Steel
|-damage|p2a: Koffing|23/100
|move|p2a: Koffing|Will-O-Wisp|p1a: Decidueye
|-status|p1a: Decidueye|brn
|
|-damage|p1a: Decidueye|95/100 brn|[from] brn
|upkeep
|turn|3
|
|t:|1759068930
|move|p1a: Decidueye|Tera Blast|p2a: Koffing|[anim] Tera Blast Steel
|-damage|p2a: Koffing|0 fnt
|faint|p2a: Koffing
|
|-damage|p1a: Decidueye|89/100 brn|[from] brn
|upkeep
|
|t:|1759068938
|switch|p2a: Charmeleon|Charmeleon, M|100/100
|turn|4
|
|t:|1759068946
|move|p2a: Charmeleon|Flamethrower|p1a: Decidueye
|-supereffective|p1a: Decidueye
|-damage|p1a: Decidueye|51/100 brn
|move|p1a: Decidueye|Triple Arrows|p2a: Charmeleon
|-damage|p2a: Charmeleon|67/100
|-unboost|p2a: Charmeleon|def|1
|
|-damage|p1a: Decidueye|45/100 brn|[from] brn
|upkeep
|turn|5
|
|t:|1759068960
|switch|p2a: Sableye|Sableye, M|100/100
|move|p1a: Decidueye|Triple Arrows|p2a: Sableye
|-supereffective|p2a: Sableye
|-crit|p2a: Sableye
|-damage|p2a: Sableye|31/100
|
|-damage|p1a: Decidueye|39/100 brn|[from] brn
|upkeep
|turn|6
|
|t:|1759068971
|move|p2a: Sableye|Disable|p1a: Decidueye
|-start|p1a: Decidueye|Disable|Triple Arrows
|cant|p1a: Decidueye|Disable|Triple Arrows
|
|-damage|p1a: Decidueye|33/100 brn|[from] brn
|upkeep
|turn|7
|
|t:|1759068979
|move|p2a: Sableye|Fake Out||[still]
|-hint|Fake Out only works on your first turn out.
|-fail|p2a: Sableye
|move|p1a: Decidueye|Leaf Blade|p2a: Sableye
|-damage|p2a: Sableye|6/100
|
|-damage|p1a: Decidueye|27/100 brn|[from] brn
|upkeep
|turn|8
|-message|Msjdhfhrbr forfeited.
|
|win|Crashbuster
|raw|Crashbuster's rating: 1071 &rarr; <strong>1101</strong><br />(+30 for winning)
|raw|Msjdhfhrbr's rating: 1083 &rarr; <strong>1060</strong><br />(-23 for losing)
|l|‽Msjdhfhrbr
|player|p2|
|l|☆Crashbuster
|player|p1|
