|j|☆a calm mind
|j|☆hungrymane
|t:|1758933624
|gametype|singles
|player|p1|a calm mind|unknownf|1699
|player|p2|hungrymane|169|1829
|gen|9
|tier|[Gen 9] OU
|rated|
|rule|HP Percentage Mod: HP is shown in percentages
|rule|Endless Battle Clause: Forcing endless battles is banned
|rule|Species Clause: Limit one of each Pokémon
|rule|OHKO Clause: OHKO moves are banned
|rule|Evasion Items Clause: Evasion items are banned
|rule|Evasion Moves Clause: Evasion moves are banned
|rule|Evasion Abilities Clause: Evasion abilities are banned
|rule|Sleep Moves Clause: Sleep-inducing moves are banned
|clearpoke
|poke|p1|Iron Valiant|
|poke|p1|Squawkabilly, F|
|poke|p1|Zoroark, F|
|poke|p1|Great Tusk|
|poke|p1|Cinderace, F|
|poke|p1|Empoleon, F|
|poke|p2|Kommo-o, M|
|poke|p2|Gliscor, F|
|poke|p2|Cinderace, M|
|poke|p2|Araquanid, F|
|poke|p2|Great Tusk|
|poke|p2|Rillaboom, M|
|teampreview
|
|t:|1758933636
|teamsize|p1|6
|teamsize|p2|6
|start
|switch|p1a: squawk tua|Squawkabilly, F|100/100
|switch|p2a: Araquanid|Araquanid, F|100/100
|-ability|p1a: squawk tua|Intimidate|boost
|-unboost|p2a: Araquanid|atk|1
|turn|1
|
|t:|1758933643
|switch|p2a: Gliscor|Gliscor, F|100/100
|move|p1a: squawk tua|Final Gambit|p2a: Gliscor
|-damage|p2a: Gliscor|0 fnt
|faint|p1a: squawk tua
|faint|p2a: Gliscor
|
|upkeep
|inactive|Battle timer is ON: inactive players will automatically lose when time's up. (requested by hungrymane)
|
|t:|1758933685
|switch|p1a: Empoleon|Empoleon, F|100/100
|switch|p2a: Araquanid|Araquanid, F|100/100
|turn|2
|
|t:|1758933694
|move|p1a: Empoleon|Surf|p2a: Araquanid
|-resisted|p2a: Araquanid
|-damage|p2a: Araquanid|81/100
|-enditem|p2a: Araquanid|Red Card|[of] p1a: Empoleon
|drag|p1a: Great Tusk|Great Tusk|100/100
|move|p2a: Araquanid|Surf|p1a: Great Tusk
|-supereffective|p1a: Great Tusk
|-enditem|p1a: Great Tusk|Focus Sash
|-damage|p1a: Great Tusk|1/100
|
|upkeep
|turn|3
|j| locked in bro
|
|t:|1758933704
|switch|p2a: Great Tusk|Great Tusk|100/100
|move|p1a: Great Tusk|Close Combat|p2a: Great Tusk
|-damage|p2a: Great Tusk|56/100
|-unboost|p1a: Great Tusk|def|1
|-unboost|p1a: Great Tusk|spd|1
|-damage|p1a: Great Tusk|0 fnt|[from] item: Rocky Helmet|[of] p2a: Great Tusk
|faint|p1a: Great Tusk
|-end|p1a: Great Tusk|Protosynthesis|[silent]
|
|upkeep
|
|t:|1758933713
|switch|p1a: Cinderace|Cinderace, F|100/100
|turn|4
|
|t:|1758933716
|move|p1a: Cinderace|Grass Knot|p2a: Great Tusk
|-supereffective|p2a: Great Tusk
|-damage|p2a: Great Tusk|0 fnt
|-damage|p1a: Cinderace|84/100|[from] item: Rocky Helmet|[of] p2a: Great Tusk
|faint|p2a: Great Tusk
|-end|p2a: Great Tusk|Protosynthesis|[silent]
|
|upkeep
|
|t:|1758933720
|switch|p2a: Araquanid|Araquanid, F|81/100
|turn|5
|
|t:|1758933728
|move|p1a: Cinderace|Dark Pulse|p2a: Araquanid
|-damage|p2a: Araquanid|48/100
|cant|p2a: Araquanid|flinch
|
|upkeep
|turn|6
|
|t:|1758933734
|move|p1a: Cinderace|Dark Pulse|p2a: Araquanid
|-damage|p2a: Araquanid|13/100
|move|p2a: Araquanid|Sticky Web|p1a: Cinderace
|-sidestart|p1: a calm mind|move: Sticky Web
|
|upkeep
|turn|7
|
|t:|1758933738
|move|p1a: Cinderace|Dark Pulse|p2a: Araquanid
|-damage|p2a: Araquanid|0 fnt
|faint|p2a: Araquanid
|
|upkeep
|
|t:|1758933742
|switch|p2a: Cinderace|Cinderace, M|100/100
|turn|8
|
|t:|1758933764
|move|p2a: Cinderace|Swords Dance|p2a: Cinderace
|-boost|p2a: Cinderace|atk|2
|move|p1a: Cinderace|Counter||[still]
|-fail|p1a: Cinderace
|
|upkeep
|turn|9
|
|t:|1758933770
|move|p2a: Cinderace|Swords Dance|p2a: Cinderace
|-boost|p2a: Cinderace|atk|2
|move|p1a: Cinderace|Memento|p2a: Cinderace
|-unboost|p2a: Cinderace|atk|2
|-unboost|p2a: Cinderace|spa|2
|faint|p1a: Cinderace
|
|upkeep
|inactive|a calm mind has 120 seconds left.
|
|t:|1758933797
|switch|p1a: Empoleon|Empoleon, F|100/100
|-activate|p1a: Empoleon|move: Sticky Web
|-unboost|p1a: Empoleon|spe|1
|turn|10
|
|t:|1758933806
|-terastallize|p1a: Empoleon|Water
|move|p2a: Cinderace|Pyro Ball|p1a: Empoleon|[miss]
|-miss|p2a: Cinderace|p1a: Empoleon
|move|p1a: Empoleon|Surf|p2a: Cinderace
|-supereffective|p2a: Cinderace
|-damage|p2a: Cinderace|0 fnt
|faint|p2a: Cinderace
|
|upkeep
|
|t:|1758933814
|switch|p2a: Rillaboom|Rillaboom, M|100/100
|-fieldstart|move: Grassy Terrain|[from] ability: Grassy Surge|[of] p2a: Rillaboom
|turn|11
|
|t:|1758933821
|move|p2a: Rillaboom|High Horsepower|p1a: Empoleon
|-damage|p1a: Empoleon|59/100
|move|p1a: Empoleon|Ice Beam|p2a: Rillaboom
|-supereffective|p2a: Rillaboom
|-damage|p2a: Rillaboom|29/100
|
|-heal|p2a: Rillaboom|35/100|[from] Grassy Terrain
|-heal|p1a: Empoleon|65/100|[from] Grassy Terrain
|upkeep
|turn|12
|
|t:|1758933827
|move|p2a: Rillaboom|Knock Off|p1a: Empoleon
|-damage|p1a: Empoleon|19/100
|-enditem|p1a: Empoleon|Petaya Berry|[from] move: Knock Off|[of] p2a: Rillaboom
|move|p1a: Empoleon|Ice Beam|p2a: Rillaboom
|-supereffective|p2a: Rillaboom
|-damage|p2a: Rillaboom|0 fnt
|faint|p2a: Rillaboom
|
|-heal|p1a: Empoleon|25/100|[from] Grassy Terrain
|upkeep
|
|t:|1758933829
|switch|p2a: Kommo-o|Kommo-o, M|100/100
|turn|13
|
|t:|1758933842
|-terastallize|p2a: Kommo-o|Steel
|move|p2a: Kommo-o|Clangorous Soul|p2a: Kommo-o
|-boost|p2a: Kommo-o|atk|1
|-boost|p2a: Kommo-o|def|1
|-boost|p2a: Kommo-o|spa|1
|-boost|p2a: Kommo-o|spd|1
|-boost|p2a: Kommo-o|spe|1
|-damage|p2a: Kommo-o|68/100
|move|p1a: Empoleon|Surf|p2a: Kommo-o
|-damage|p2a: Kommo-o|0 fnt
|faint|p2a: Kommo-o
|
|win|a calm mind
|raw|a calm mind's rating: 1699 &rarr; <strong>1726</strong><br />(+27 for winning)
|raw|hungrymane's rating: 1829 &rarr; <strong>1802</strong><br />(-27 for losing)
|c|☆a calm mind|ggs
|l|☆hungrymane
|player|p2|
|l|☆a calm mind
|player|p1|
