|badge|p1|silver|gen9ou|30-6
|html|<div class="broadcast-red"><strong>This battle is required to be public due to one or more player having a season medal.</strong><br />During the public phase, you can discuss the state of the ladder <a href="/seasondiscussion">in a special chatroom.</a></div>
|uhtml|medal-msg|<div class="broadcast-blue">Curious what those medals under the avatar are? PS now has Ladder Seasons! For more information, check out the <a href="https://www.smogon.com/forums/threads/3740067/">thread on Smogon.</a></div>
|raw|<div class="broadcast-blue"><strong>This battle is required to be public due to a player having a name starting with 'medal'.</div>
|j|☆grand return
|j|☆hungrymane
|t:|1758935014
|gametype|singles
|player|p1|grand return|265|1951
|player|p2|hungrymane|169|1836
|gen|9
|tier|[Gen 9] OU
|rated|
|rule|HP Percentage Mod: HP is shown in percentages
|rule|Endless Battle Clause: Forcing endless battles is banned
|rule|Species Clause: Limit one of each Pokémon
|rule|OHKO Clause: OHKO moves are banned
|rule|Evasion Items Clause: Evasion items are banned
|rule|Evasion Moves Clause: Evasion moves are banned
|rule|Evasion Abilities Clause: Evasion abilities are banned
|rule|Sleep Moves Clause: Sleep-inducing moves are banned
|clearpoke
|poke|p1|Tyranitar, F|
|poke|p1|Gholdengo|
|poke|p1|Zamazenta-*|
|poke|p1|Rillaboom, M|
|poke|p1|Garchomp, M|
|poke|p1|Zapdos|
|poke|p2|Kommo-o, M|
|poke|p2|Gliscor, M|
|poke|p2|Cinderace, F|
|poke|p2|Araquanid, F|
|poke|p2|Great Tusk|
|poke|p2|Rillaboom, F|
|teampreview
|
|t:|1758935039
|teamsize|p1|6
|teamsize|p2|6
|start
|switch|p1a: Rillaboom|Rillaboom, M|100/100
|switch|p2a: Gliscor|Gliscor, M|100/100
|-fieldstart|move: Grassy Terrain|[from] ability: Grassy Surge|[of] p1a: Rillaboom
|turn|1
|
|t:|1758935043
|move|p1a: Rillaboom|Wood Hammer|p2a: Gliscor
|-damage|p2a: Gliscor|40/100
|-damage|p1a: Rillaboom|80/100|[from] Recoil
|move|p2a: Gliscor|Counter|p1a: Rillaboom
|-damage|p1a: Rillaboom|0 fnt
|faint|p1a: Rillaboom
|
|-status|p2a: Gliscor|tox|[from] item: Toxic Orb
|upkeep
|
|t:|1758935050
|switch|p1a: Zapdos|Zapdos|100/100
|turn|2
|
|t:|1758935055
|move|p1a: Zapdos|Hurricane|p2a: Gliscor
|-damage|p2a: Gliscor|0 fnt
|faint|p2a: Gliscor
|
|upkeep
|
|t:|1758935057
|switch|p2a: Araquanid|Araquanid, F|100/100
|turn|3
|
|t:|1758935060
|move|p1a: Zapdos|Volt Switch|p2a: Araquanid
|-supereffective|p2a: Araquanid
|-damage|p2a: Araquanid|45/100
|-enditem|p2a: Araquanid|Red Card|[of] p1a: Zapdos
|drag|p1a: Tyranitar|Tyranitar, F|100/100
|-weather|Sandstorm|[from] ability: Sand Stream|[of] p1a: Tyranitar
|move|p2a: Araquanid|Surf|p1a: Tyranitar
|-supereffective|p1a: Tyranitar
|-damage|p1a: Tyranitar|23/100
|
|-weather|Sandstorm|[upkeep]
|-damage|p2a: Araquanid|39/100|[from] Sandstorm
|-heal|p1a: Tyranitar|29/100|[from] Grassy Terrain
|-heal|p2a: Araquanid|45/100|[from] Grassy Terrain
|upkeep
|turn|4
|
|t:|1758935067
|switch|p2a: Great Tusk|Great Tusk|100/100
|move|p1a: Tyranitar|Stone Edge|p2a: Great Tusk
|-resisted|p2a: Great Tusk
|-damage|p2a: Great Tusk|93/100
|
|-weather|Sandstorm|[upkeep]
|-heal|p2a: Great Tusk|99/100|[from] Grassy Terrain
|-heal|p1a: Tyranitar|35/100|[from] Grassy Terrain
|upkeep
|turn|5
|
|t:|1758935073
|switch|p1a: Zapdos|Zapdos|100/100
|move|p2a: Great Tusk|Taunt|p1a: Zapdos
|-start|p1a: Zapdos|move: Taunt
|
|-weather|Sandstorm|[upkeep]
|-damage|p1a: Zapdos|94/100|[from] Sandstorm
|-heal|p2a: Great Tusk|100/100|[from] Grassy Terrain
|-fieldend|move: Grassy Terrain
|upkeep
|turn|6
|
|t:|1758935078
|-terastallize|p2a: Great Tusk|Ground
|move|p1a: Zapdos|Hurricane|p2a: Great Tusk|[miss]
|-miss|p1a: Zapdos|p2a: Great Tusk
|move|p2a: Great Tusk|Knock Off|p1a: Zapdos
|-damage|p1a: Zapdos|64/100
|-enditem|p1a: Zapdos|Heavy-Duty Boots|[from] move: Knock Off|[of] p2a: Great Tusk
|
|-weather|Sandstorm|[upkeep]
|-damage|p1a: Zapdos|58/100|[from] Sandstorm
|upkeep
|turn|7
|
|t:|1758935083
|move|p1a: Zapdos|Hurricane|p2a: Great Tusk
|-crit|p2a: Great Tusk
|-damage|p2a: Great Tusk|18/100
|-start|p2a: Great Tusk|confusion
|-activate|p2a: Great Tusk|confusion
|move|p2a: Great Tusk|Stealth Rock|p1a: Zapdos
|-sidestart|p1: grand return|move: Stealth Rock
|
|-weather|none
|-end|p1a: Zapdos|move: Taunt
|upkeep
|turn|8
|
|t:|1758935089
|move|p1a: Zapdos|Heat Wave|p2a: Great Tusk
|-damage|p2a: Great Tusk|0 fnt
|faint|p2a: Great Tusk
|-end|p2a: Great Tusk|Protosynthesis|[silent]
|
|upkeep
|
|t:|1758935091
|switch|p2a: Cinderace|Cinderace, F|100/100
|turn|9
|j| Altruism Leaf
|
|t:|1758935104
|-terastallize|p1a: Zapdos|Fire
|move|p2a: Cinderace|Pyro Ball|p1a: Zapdos
|-resisted|p1a: Zapdos
|-damage|p1a: Zapdos|27/100
|move|p1a: Zapdos|Roost|p1a: Zapdos
|-heal|p1a: Zapdos|77/100
|
|upkeep
|turn|10
|
|t:|1758935108
|move|p2a: Cinderace|Swords Dance|p2a: Cinderace
|-boost|p2a: Cinderace|atk|2
|move|p1a: Zapdos|Roost|p1a: Zapdos
|-heal|p1a: Zapdos|100/100
|
|upkeep
|turn|11
|
|t:|1758935121
|switch|p1a: Tyranitar|Tyranitar, F|35/100
|-weather|Sandstorm|[from] ability: Sand Stream|[of] p1a: Tyranitar
|move|p2a: Cinderace|Swords Dance|p2a: Cinderace
|-boost|p2a: Cinderace|atk|2
|
|-weather|Sandstorm|[upkeep]
|-damage|p2a: Cinderace|94/100|[from] Sandstorm
|upkeep
|turn|12
|
|t:|1758935125
|move|p2a: Cinderace|Pyro Ball|p1a: Tyranitar
|-resisted|p1a: Tyranitar
|-crit|p1a: Tyranitar
|-damage|p1a: Tyranitar|0 fnt
|faint|p1a: Tyranitar
|
|-weather|Sandstorm|[upkeep]
|-damage|p2a: Cinderace|88/100|[from] Sandstorm
|upkeep
|
|t:|1758935130
|switch|p1a: Garchomp|Garchomp, M|100/100
|-damage|p1a: Garchomp|94/100|[from] Stealth Rock
|turn|13
|
|t:|1758935141
|switch|p2a: Rillaboom|Rillaboom, F|100/100
|-fieldstart|move: Grassy Terrain|[from] ability: Grassy Surge|[of] p2a: Rillaboom
|move|p1a: Garchomp|Earthquake|p2a: Rillaboom
|-resisted|p2a: Rillaboom
|-damage|p2a: Rillaboom|91/100
|
|-weather|Sandstorm|[upkeep]
|-damage|p2a: Rillaboom|85/100|[from] Sandstorm
|-heal|p1a: Garchomp|100/100|[from] Grassy Terrain
|-heal|p2a: Rillaboom|91/100|[from] Grassy Terrain
|upkeep
|turn|14
|
|t:|1758935145
|move|p2a: Rillaboom|Grassy Glide|p1a: Garchomp
|-damage|p1a: Garchomp|77/100
|-damage|p2a: Rillaboom|79/100|[from] ability: Rough Skin|[of] p1a: Garchomp
|-damage|p2a: Rillaboom|62/100|[from] item: Rocky Helmet|[of] p1a: Garchomp
|move|p1a: Garchomp|Stealth Rock|p2a: Rillaboom
|-sidestart|p2: hungrymane|move: Stealth Rock
|
|-weather|Sandstorm|[upkeep]
|-damage|p2a: Rillaboom|56/100|[from] Sandstorm
|-heal|p1a: Garchomp|83/100|[from] Grassy Terrain
|-heal|p2a: Rillaboom|62/100|[from] Grassy Terrain
|upkeep
|turn|15
|
|t:|1758935152
|switch|p2a: Cinderace|Cinderace, F|88/100
|move|p1a: Garchomp|Dragon Tail|p2a: Cinderace
|-damage|p2a: Cinderace|53/100
|drag|p2a: Araquanid|Araquanid, F|45/100
|-damage|p2a: Araquanid|21/100|[from] Stealth Rock
|
|-weather|none
|-heal|p1a: Garchomp|89/100|[from] Grassy Terrain
|-heal|p2a: Araquanid|27/100|[from] Grassy Terrain
|upkeep
|turn|16
|
|t:|1758935161
|move|p2a: Araquanid|Endeavor|p1a: Garchomp
|-damage|p1a: Garchomp|21/100
|-damage|p2a: Araquanid|15/100|[from] ability: Rough Skin|[of] p1a: Garchomp
|-damage|p2a: Araquanid|0 fnt|[from] item: Rocky Helmet|[of] p1a: Garchomp
|faint|p2a: Araquanid
|move|p1a: Garchomp|Dragon Tail|p2: Araquanid|[notarget]
|-fail|p1a: Garchomp
|
|-heal|p1a: Garchomp|27/100|[from] Grassy Terrain
|upkeep
|
|t:|1758935166
|switch|p2a: Cinderace|Cinderace, F|53/100
|turn|17
|
|t:|1758935174
|move|p2a: Cinderace|Pyro Ball|p1a: Garchomp
|-resisted|p1a: Garchomp
|-damage|p1a: Garchomp|12/100
|move|p1a: Garchomp|Dragon Tail|p2a: Cinderace
|-damage|p2a: Cinderace|22/100
|drag|p2a: Kommo-o|Kommo-o, M|100/100
|-damage|p2a: Kommo-o|94/100|[from] Stealth Rock
|
|-heal|p2a: Kommo-o|100/100|[from] Grassy Terrain
|-heal|p1a: Garchomp|18/100|[from] Grassy Terrain
|-fieldend|move: Grassy Terrain
|upkeep
|turn|18
|
|t:|1758935179
|switch|p2a: Rillaboom|Rillaboom, F|62/100
|-fieldstart|move: Grassy Terrain|[from] ability: Grassy Surge|[of] p2a: Rillaboom
|move|p1a: Garchomp|Dragon Tail|p2a: Rillaboom
|-crit|p2a: Rillaboom
|-damage|p2a: Rillaboom|27/100
|drag|p2a: Kommo-o|Kommo-o, M|100/100
|-damage|p2a: Kommo-o|94/100|[from] Stealth Rock
|
|-heal|p2a: Kommo-o|100/100|[from] Grassy Terrain
|-heal|p1a: Garchomp|24/100|[from] Grassy Terrain
|upkeep
|turn|19
|
|t:|1758935183
|switch|p2a: Cinderace|Cinderace, F|22/100
|move|p1a: Garchomp|Dragon Tail|p2a: Cinderace
|-damage|p2a: Cinderace|0 fnt
|faint|p2a: Cinderace
|
|-heal|p1a: Garchomp|31/100|[from] Grassy Terrain
|upkeep
|
|t:|1758935185
|switch|p2a: Rillaboom|Rillaboom, F|27/100
|turn|20
|
|t:|1758935194
|move|p1a: Garchomp|Spikes|p2a: Rillaboom
|-sidestart|p2: hungrymane|Spikes
|move|p2a: Rillaboom|High Horsepower|p1a: Garchomp
|-damage|p1a: Garchomp|8/100
|-damage|p2a: Rillaboom|15/100|[from] ability: Rough Skin|[of] p1a: Garchomp
|-damage|p2a: Rillaboom|0 fnt|[from] item: Rocky Helmet|[of] p1a: Garchomp
|faint|p2a: Rillaboom
|
|-heal|p1a: Garchomp|14/100|[from] Grassy Terrain
|upkeep
|
|t:|1758935196
|switch|p2a: Kommo-o|Kommo-o, M|100/100
|-damage|p2a: Kommo-o|94/100|[from] Stealth Rock
|-damage|p2a: Kommo-o|82/100|[from] Spikes
|turn|21
|
|t:|1758935201
|switch|p1a: Gholdengo|Gholdengo|100/100
|-damage|p1a: Gholdengo|94/100|[from] Stealth Rock
|-item|p1a: Gholdengo|Air Balloon
|move|p2a: Kommo-o|Clangorous Soul|p2a: Kommo-o
|-boost|p2a: Kommo-o|atk|1
|-boost|p2a: Kommo-o|def|1
|-boost|p2a: Kommo-o|spa|1
|-boost|p2a: Kommo-o|spd|1
|-boost|p2a: Kommo-o|spe|1
|-damage|p2a: Kommo-o|49/100
|
|-heal|p2a: Kommo-o|55/100|[from] Grassy Terrain
|upkeep
|turn|22
|
|t:|1758935211
|move|p2a: Kommo-o|Substitute|p2a: Kommo-o
|-start|p2a: Kommo-o|Substitute
|-damage|p2a: Kommo-o|30/100
|move|p1a: Gholdengo|Thunder Wave||[still]
|-fail|p1a: Gholdengo
|
|-heal|p2a: Kommo-o|37/100|[from] Grassy Terrain
|-fieldend|move: Grassy Terrain
|upkeep
|turn|23
|
|t:|1758935226
|move|p2a: Kommo-o|Shadow Claw|p1a: Gholdengo
|-supereffective|p1a: Gholdengo
|-damage|p1a: Gholdengo|52/100
|-enditem|p1a: Gholdengo|Air Balloon
|move|p1a: Gholdengo|Make It Rain|p2a: Kommo-o
|-end|p2a: Kommo-o|Substitute
|-unboost|p1a: Gholdengo|spa|1
|
|upkeep
|turn|24
|
|t:|1758935234
|move|p2a: Kommo-o|Shadow Claw|p1a: Gholdengo
|-supereffective|p1a: Gholdengo
|-damage|p1a: Gholdengo|7/100
|move|p1a: Gholdengo|Make It Rain|p2a: Kommo-o
|-damage|p2a: Kommo-o|10/100
|-unboost|p1a: Gholdengo|spa|1
|-enditem|p2a: Kommo-o|Lansat Berry|[eat]
|-start|p2a: Kommo-o|move: Focus Energy
|
|upkeep
|turn|25
|
|t:|1758935245
|switch|p1a: Garchomp|Garchomp, M|14/100
|-damage|p1a: Garchomp|8/100|[from] Stealth Rock
|move|p2a: Kommo-o|Drain Punch|p1a: Garchomp
|-crit|p1a: Garchomp
|-damage|p1a: Garchomp|0 fnt
|-heal|p2a: Kommo-o|16/100|[from] drain|[of] p1a: Garchomp
|-damage|p2a: Kommo-o|4/100|[from] ability: Rough Skin|[of] p1a: Garchomp
|-damage|p2a: Kommo-o|0 fnt|[from] item: Rocky Helmet|[of] p1a: Garchomp
|faint|p1a: Garchomp
|faint|p2a: Kommo-o
|
|win|grand return
|raw|grand return's rating: 1951 &rarr; <strong>1965</strong><br />(+14 for winning)
|raw|hungrymane's rating: 1836 &rarr; <strong>1822</strong><br />(-14 for losing)
|l|☆hungrymane
|player|p2|
|l|☆grand return
|player|p1|
|j| locked in bro
|l| locked in bro
