|j|☆Kyokatsu2009
|j|☆Mr_Stonks0406
|t:|1758948885
|gametype|singles
|player|p1|Kyokatsu2009|169|1298
|player|p2|Mr_Stonks0406|rocketgrunt|1227
|gen|9
|tier|[Gen 9] OU
|rated|
|rule|HP Percentage Mod: HP is shown in percentages
|rule|Endless Battle Clause: Forcing endless battles is banned
|rule|Species Clause: Limit one of each Pokémon
|rule|OHKO Clause: OHKO moves are banned
|rule|Evasion Items Clause: Evasion items are banned
|rule|Evasion Moves Clause: Evasion moves are banned
|rule|Evasion Abilities Clause: Evasion abilities are banned
|rule|Sleep Moves Clause: Sleep-inducing moves are banned
|clearpoke
|poke|p1|Pelipper, F|
|poke|p1|Toxicroak, M|
|poke|p1|Iron Treads|
|poke|p1|Politoed, F|
|poke|p1|Scizor, M|
|poke|p1|Ludicolo, F|
|poke|p2|Quagsire, F|
|poke|p2|Blissey, F|
|poke|p2|Toxapex, M|
|poke|p2|Sinistcha|
|poke|p2|Gliscor, F|
|poke|p2|Corviknight, M|
|teampreview
|
|t:|1758948918
|teamsize|p1|6
|teamsize|p2|6
|start
|switch|p1a: Pelipper|Pelipper, F|100/100
|switch|p2a: Sinistcha|Sinistcha|100/100
|-weather|RainDance|[from] ability: Drizzle|[of] p1a: Pelipper
|turn|1
|
|t:|1758948937
|switch|p2a: Toxapex|Toxapex, M|100/100
|move|p1a: Pelipper|Knock Off|p2a: Toxapex
|-damage|p2a: Toxapex|91/100
|-enditem|p2a: Toxapex|Heavy-Duty Boots|[from] move: Knock Off|[of] p1a: Pelipper
|
|-weather|RainDance|[upkeep]
|upkeep
|turn|2
|
|t:|1758948945
|move|p1a: Pelipper|U-turn|p2a: Toxapex
|-resisted|p2a: Toxapex
|-crit|p2a: Toxapex
|-damage|p2a: Toxapex|85/100
|
|t:|1758948951
|switch|p1a: Toxicroak|Toxicroak, M|100/100|[from] U-turn
|move|p2a: Toxapex|Toxic|p1a: Toxicroak
|-immune|p1a: Toxicroak
|
|-weather|RainDance|[upkeep]
|upkeep
|turn|3
|
|t:|1758948966
|switch|p2a: Gliscor|Gliscor, F|100/100
|move|p1a: Toxicroak|Taunt|p2a: Gliscor
|-start|p2a: Gliscor|move: Taunt
|
|-weather|RainDance|[upkeep]
|-status|p2a: Gliscor|tox|[from] item: Toxic Orb
|upkeep
|turn|4
|
|t:|1758948982
|switch|p1a: Pelipper|Pelipper, F|100/100
|move|p2a: Gliscor|Knock Off|p1a: Pelipper
|-crit|p1a: Pelipper
|-damage|p1a: Pelipper|66/100
|-enditem|p1a: Pelipper|Damp Rock|[from] move: Knock Off|[of] p2a: Gliscor
|
|-weather|RainDance|[upkeep]
|upkeep
|turn|5
|
|t:|1758949002
|switch|p2a: Toxapex|Toxapex, M|100/100
|move|p1a: Pelipper|U-turn|p2a: Toxapex
|-resisted|p2a: Toxapex
|-damage|p2a: Toxapex|97/100
|
|t:|1758949010
|switch|p1a: Toxicroak|Toxicroak, M|100/100|[from] U-turn
|
|-weather|RainDance|[upkeep]
|upkeep
|turn|6
|
|t:|1758949020
|switch|p2a: Gliscor|Gliscor, F|100/100 tox
|move|p1a: Toxicroak|Taunt|p2a: Gliscor
|-start|p2a: Gliscor|move: Taunt
|
|-weather|RainDance|[upkeep]
|upkeep
|turn|7
|
|t:|1758949029
|move|p2a: Gliscor|Knock Off|p1a: Toxicroak
|-resisted|p1a: Toxicroak
|-damage|p1a: Toxicroak|92/100
|-damage|p2a: Gliscor|84/100 tox|[from] item: Rocky Helmet|[of] p1a: Toxicroak
|-enditem|p1a: Toxicroak|Rocky Helmet|[from] move: Knock Off|[of] p2a: Gliscor
|move|p1a: Toxicroak|Knock Off|p2a: Gliscor
|-damage|p2a: Gliscor|64/100 tox
|-enditem|p2a: Gliscor|Toxic Orb|[from] move: Knock Off|[of] p1a: Toxicroak
|
|-weather|RainDance|[upkeep]
|-heal|p1a: Toxicroak|100/100|[from] ability: Dry Skin
|-heal|p2a: Gliscor|77/100 tox|[from] ability: Poison Heal
|upkeep
|turn|8
|
|t:|1758949044
|switch|p1a: Ludicolo|Ludicolo, F|100/100
|move|p2a: Gliscor|Earthquake|p1a: Ludicolo
|-resisted|p1a: Ludicolo
|-damage|p1a: Ludicolo|77/100
|
|-weather|none
|-heal|p2a: Gliscor|89/100 tox|[from] ability: Poison Heal
|-end|p2a: Gliscor|move: Taunt
|upkeep
|turn|9
|
|t:|1758949071
|switch|p1a: Pelipper|Pelipper, F|66/100
|-weather|RainDance|[from] ability: Drizzle|[of] p1a: Pelipper
|move|p2a: Gliscor|Protect||[still]
|-fail|p2a: Gliscor
|
|-weather|RainDance|[upkeep]
|-heal|p2a: Gliscor|100/100 tox|[from] ability: Poison Heal
|upkeep
|turn|10
|
|t:|1758949088
|switch|p2a: Quagsire|Quagsire, F|100/100
|move|p1a: Pelipper|U-turn|p2a: Quagsire
|-damage|p2a: Quagsire|94/100
|
|t:|1758949095
|switch|p1a: Ludicolo|Ludicolo, F|77/100|[from] U-turn
|
|-weather|RainDance|[upkeep]
|upkeep
|turn|11
|
|t:|1758949109
|switch|p2a: Corviknight|Corviknight, M|100/100
|-ability|p2a: Corviknight|Pressure
|move|p1a: Ludicolo|Knock Off|p2a: Corviknight
|-damage|p2a: Corviknight|91/100
|-enditem|p2a: Corviknight|Heavy-Duty Boots|[from] move: Knock Off|[of] p1a: Ludicolo
|
|-weather|RainDance|[upkeep]
|upkeep
|turn|12
|
|t:|1758949123
|move|p1a: Ludicolo|Weather Ball|p2a: Corviknight
|-damage|p2a: Corviknight|12/100
|move|p2a: Corviknight|Iron Defense|p2a: Corviknight
|-boost|p2a: Corviknight|def|2
|
|-weather|RainDance|[upkeep]
|upkeep
|turn|13
|
|t:|1758949136
|switch|p2a: Toxapex|Toxapex, M|100/100
|move|p1a: Ludicolo|Weather Ball|p2a: Toxapex
|-resisted|p2a: Toxapex
|-damage|p2a: Toxapex|80/100
|
|-weather|none
|upkeep
|turn|14
|
|t:|1758949144
|switch|p1a: Toxicroak|Toxicroak, M|100/100
|move|p2a: Toxapex|Toxic|p1a: Toxicroak
|-immune|p1a: Toxicroak
|
|upkeep
|turn|15
|
|t:|1758949165
|switch|p2a: Quagsire|Quagsire, F|94/100
|move|p1a: Toxicroak|Taunt|p2a: Quagsire
|-start|p2a: Quagsire|move: Taunt
|
|upkeep
|turn|16
|
|t:|1758949191
|switch|p1a: Pelipper|Pelipper, F|66/100
|-weather|RainDance|[from] ability: Drizzle|[of] p1a: Pelipper
|switch|p2a: Toxapex|Toxapex, M|100/100
|
|-weather|RainDance|[upkeep]
|upkeep
|turn|17
|
|t:|1758949198
|move|p1a: Pelipper|U-turn|p2a: Toxapex
|-resisted|p2a: Toxapex
|-damage|p2a: Toxapex|98/100
|
|t:|1758949202
|switch|p1a: Toxicroak|Toxicroak, M|100/100|[from] U-turn
|move|p2a: Toxapex|Toxic Spikes|p1a: Toxicroak
|-sidestart|p1: Kyokatsu2009|move: Toxic Spikes
|
|-weather|RainDance|[upkeep]
|upkeep
|turn|18
|
|t:|1758949215
|switch|p2a: Gliscor|Gliscor, F|100/100 tox
|move|p1a: Toxicroak|Taunt|p2a: Gliscor
|-start|p2a: Gliscor|move: Taunt
|
|-weather|RainDance|[upkeep]
|upkeep
|turn|19
|
|t:|1758949227
|switch|p1a: Pelipper|Pelipper, F|66/100
|move|p2a: Gliscor|Knock Off|p1a: Pelipper
|-damage|p1a: Pelipper|52/100
|
|-weather|RainDance|[upkeep]
|upkeep
|turn|20
|
|t:|1758949240
|switch|p2a: Quagsire|Quagsire, F|94/100
|move|p1a: Pelipper|Roost|p1a: Pelipper
|-heal|p1a: Pelipper|100/100
|-singleturn|p1a: Pelipper|move: Roost
|
|-weather|none
|upkeep
|turn|21
|
|t:|1758949250
|move|p1a: Pelipper|U-turn|p2a: Quagsire
|-damage|p2a: Quagsire|88/100
|
|t:|1758949253
|switch|p1a: Toxicroak|Toxicroak, M|100/100|[from] U-turn
|-sideend|p1: Kyokatsu2009|move: Toxic Spikes|[of] p1a: Toxicroak
|move|p2a: Quagsire|Stealth Rock|p1a: Toxicroak
|-sidestart|p1: Kyokatsu2009|move: Stealth Rock
|
|upkeep
|turn|22
|
|t:|1758949265
|switch|p1a: Pelipper|Pelipper, F|100/100
|-damage|p1a: Pelipper|76/100|[from] Stealth Rock
|-weather|RainDance|[from] ability: Drizzle|[of] p1a: Pelipper
|move|p2a: Quagsire|Earthquake|p1a: Pelipper
|-immune|p1a: Pelipper
|
|-weather|RainDance|[upkeep]
|upkeep
|turn|23
|
|t:|1758949274
|move|p1a: Pelipper|U-turn|p2a: Quagsire
|-damage|p2a: Quagsire|82/100
|
|t:|1758949282
|switch|p1a: Iron Treads|Iron Treads|100/100|[from] U-turn
|-damage|p1a: Iron Treads|97/100|[from] Stealth Rock
|-item|p1a: Iron Treads|Air Balloon
|move|p2a: Quagsire|Toxic|p1a: Iron Treads
|-immune|p1a: Iron Treads
|
|-weather|RainDance|[upkeep]
|upkeep
|turn|24
|
|t:|1758949312
|switch|p2a: Gliscor|Gliscor, F|100/100 tox
|move|p1a: Iron Treads|Stealth Rock|p2a: Gliscor
|-sidestart|p2: Mr_Stonks0406|move: Stealth Rock
|
|-weather|RainDance|[upkeep]
|upkeep
|turn|25
|
|t:|1758949325
|move|p1a: Iron Treads|Rapid Spin|p2a: Gliscor
|-damage|p2a: Gliscor|88/100 tox
|-boost|p1a: Iron Treads|spe|1
|-sideend|p1: Kyokatsu2009|Stealth Rock|[from] move: Rapid Spin|[of] p1a: Iron Treads
|move|p2a: Gliscor|Knock Off|p1a: Iron Treads
|-damage|p1a: Iron Treads|76/100
|-enditem|p1a: Iron Treads|Air Balloon
|
|-weather|RainDance|[upkeep]
|-heal|p2a: Gliscor|100/100 tox|[from] ability: Poison Heal
|upkeep
|turn|26
|
|t:|1758949337
|move|p1a: Iron Treads|Ice Spinner|p2a: Gliscor
|-supereffective|p2a: Gliscor
|-damage|p2a: Gliscor|15/100 tox
|move|p2a: Gliscor|Spikes|p1a: Iron Treads
|-sidestart|p1: Kyokatsu2009|Spikes
|
|-weather|none
|-heal|p2a: Gliscor|28/100 tox|[from] ability: Poison Heal
|upkeep
|turn|27
|
|t:|1758949345
|move|p2a: Gliscor|Protect|p2a: Gliscor
|-singleturn|p2a: Gliscor|Protect
|move|p1a: Iron Treads|Ice Spinner|p2a: Gliscor
|-activate|p2a: Gliscor|move: Protect
|
|-heal|p2a: Gliscor|40/100 tox|[from] ability: Poison Heal
|upkeep
|turn|28
|
|t:|1758949357
|switch|p2a: Toxapex|Toxapex, M|100/100
|-damage|p2a: Toxapex|88/100|[from] Stealth Rock
|move|p1a: Iron Treads|Ice Spinner|p2a: Toxapex
|-resisted|p2a: Toxapex
|-damage|p2a: Toxapex|79/100
|
|upkeep
|turn|29
|
|t:|1758949368
|move|p1a: Iron Treads|Earthquake|p2a: Toxapex
|-supereffective|p2a: Toxapex
|-damage|p2a: Toxapex|5/100
|move|p2a: Toxapex|Haze|p2a: Toxapex
|-clearallboost
|
|upkeep
|turn|30
|
|t:|1758949380
|switch|p2a: Quagsire|Quagsire, F|82/100
|move|p1a: Iron Treads|Rapid Spin|p2a: Quagsire
|-damage|p2a: Quagsire|71/100
|-boost|p1a: Iron Treads|spe|1
|-sideend|p1: Kyokatsu2009|Spikes|[from] move: Rapid Spin|[of] p1a: Iron Treads
|
|upkeep
|turn|31
|
|t:|1758949406
|-end|p1a: Iron Treads|Quark Drive|[silent]
|switch|p1a: Pelipper|Pelipper, F|76/100
|-weather|RainDance|[from] ability: Drizzle|[of] p1a: Pelipper
|move|p2a: Quagsire|Earthquake|p1a: Pelipper
|-immune|p1a: Pelipper
|
|-weather|RainDance|[upkeep]
|upkeep
|turn|32
|
|t:|1758949415
|switch|p1a: Ludicolo|Ludicolo, F|77/100
|move|p2a: Quagsire|Stealth Rock|p1a: Ludicolo
|-sidestart|p1: Kyokatsu2009|move: Stealth Rock
|
|-weather|RainDance|[upkeep]
|upkeep
|turn|33
|
|t:|1758949432
|switch|p2a: Sinistcha|Sinistcha|100/100
|move|p1a: Ludicolo|Knock Off|p2a: Sinistcha
|-supereffective|p2a: Sinistcha
|-damage|p2a: Sinistcha|80/100
|-enditem|p2a: Sinistcha|Heavy-Duty Boots|[from] move: Knock Off|[of] p1a: Ludicolo
|
|-weather|RainDance|[upkeep]
|upkeep
|turn|34
|
|t:|1758949447
|move|p1a: Ludicolo|Ice Beam|p2a: Sinistcha
|-supereffective|p2a: Sinistcha
|-damage|p2a: Sinistcha|9/100
|move|p2a: Sinistcha|Matcha Gotcha|p1a: Ludicolo
|-damage|p1a: Ludicolo|55/100
|-heal|p2a: Sinistcha|20/100|[from] drain|[of] p1a: Ludicolo
|
|-weather|RainDance|[upkeep]
|upkeep
|turn|35
|
|t:|1758949459
|switch|p2a: Blissey|Blissey, F|100/100
|move|p1a: Ludicolo|Ice Beam|p2a: Blissey
|-damage|p2a: Blissey|92/100
|
|-weather|none
|upkeep
|turn|36
|
|t:|1758949478
|move|p1a: Ludicolo|Knock Off|p2a: Blissey
|-damage|p2a: Blissey|77/100
|-enditem|p2a: Blissey|Heavy-Duty Boots|[from] move: Knock Off|[of] p1a: Ludicolo
|move|p2a: Blissey|Calm Mind|p2a: Blissey
|-boost|p2a: Blissey|spa|1
|-boost|p2a: Blissey|spd|1
|
|upkeep
|turn|37
|inactive|Battle timer is ON: inactive players will automatically lose when time's up. (requested by Kyokatsu2009)
|
|t:|1758949487
|switch|p1a: Politoed|Politoed, F|100/100
|-damage|p1a: Politoed|88/100|[from] Stealth Rock
|-weather|RainDance|[from] ability: Drizzle|[of] p1a: Politoed
|move|p2a: Blissey|Flamethrower|p1a: Politoed
|-resisted|p1a: Politoed
|-damage|p1a: Politoed|84/100
|-status|p1a: Politoed|brn
|
|-weather|RainDance|[upkeep]
|-damage|p1a: Politoed|78/100 brn|[from] brn
|upkeep
|turn|38
|
|t:|1758949504
|move|p1a: Politoed|Weather Ball|p2a: Blissey
|-damage|p2a: Blissey|66/100
|move|p2a: Blissey|Soft-Boiled|p2a: Blissey
|-heal|p2a: Blissey|100/100
|
|-weather|RainDance|[upkeep]
|-damage|p1a: Politoed|72/100 brn|[from] brn
|upkeep
|turn|39
|
|t:|1758949513
|move|p1a: Politoed|Encore|p2a: Blissey
|-start|p2a: Blissey|Encore
|move|p2a: Blissey|Soft-Boiled||[still]
|-fail|p2a: Blissey|heal
|
|-weather|RainDance|[upkeep]
|-damage|p1a: Politoed|65/100 brn|[from] brn
|upkeep
|turn|40
|
|t:|1758949532
|switch|p1a: Iron Treads|Iron Treads|76/100
|-damage|p1a: Iron Treads|73/100|[from] Stealth Rock
|switch|p2a: Toxapex|Toxapex, M|39/100
|-damage|p2a: Toxapex|27/100|[from] Stealth Rock
|
|-weather|RainDance|[upkeep]
|upkeep
|turn|41
|
|t:|1758949555
|switch|p2a: Corviknight|Corviknight, M|12/100
|-damage|p2a: Corviknight|0 fnt|[from] Stealth Rock
|faint|p2a: Corviknight
|move|p1a: Iron Treads|Rapid Spin|p2: Corviknight|[notarget]
|-fail|p1a: Iron Treads
|
|-weather|RainDance|[upkeep]
|upkeep
|
|t:|1758949562
|switch|p2a: Sinistcha|Sinistcha|20/100
|-damage|p2a: Sinistcha|7/100|[from] Stealth Rock
|turn|42
|
|t:|1758949569
|move|p1a: Iron Treads|Ice Spinner|p2a: Sinistcha
|-supereffective|p2a: Sinistcha
|-damage|p2a: Sinistcha|0 fnt
|faint|p2a: Sinistcha
|
|-weather|RainDance|[upkeep]
|upkeep
|
|t:|1758949578
|switch|p2a: Quagsire|Quagsire, F|71/100
|turn|43
|
|t:|1758949584
|move|p1a: Iron Treads|Rapid Spin|p2a: Quagsire
|-damage|p2a: Quagsire|60/100
|-boost|p1a: Iron Treads|spe|1
|-sideend|p1: Kyokatsu2009|Stealth Rock|[from] move: Rapid Spin|[of] p1a: Iron Treads
|move|p2a: Quagsire|Earthquake|p1a: Iron Treads
|-supereffective|p1a: Iron Treads
|-damage|p1a: Iron Treads|17/100
|
|-weather|RainDance|[upkeep]
|upkeep
|turn|44
|
|t:|1758949594
|-end|p1a: Iron Treads|Quark Drive|[silent]
|switch|p1a: Pelipper|Pelipper, F|76/100
|move|p2a: Quagsire|Recover|p2a: Quagsire
|-heal|p2a: Quagsire|100/100
|
|-weather|none
|upkeep
|turn|45
|
|t:|1758949600
|move|p1a: Pelipper|U-turn|p2a: Quagsire
|-damage|p2a: Quagsire|95/100
|
|t:|1758949605
|switch|p1a: Politoed|Politoed, F|65/100 brn|[from] U-turn
|-weather|RainDance|[from] ability: Drizzle|[of] p1a: Politoed
|move|p2a: Quagsire|Toxic||[still]
|-fail|p2a: Quagsire
|
|-weather|RainDance|[upkeep]
|-damage|p1a: Politoed|59/100 brn|[from] brn
|upkeep
|turn|46
|
|t:|1758949619
|move|p1a: Politoed|Encore|p2a: Quagsire
|-start|p2a: Quagsire|Encore
|move|p2a: Quagsire|Toxic||[still]
|-fail|p2a: Quagsire
|
|-weather|RainDance|[upkeep]
|-damage|p1a: Politoed|53/100 brn|[from] brn
|upkeep
|turn|47
|
|t:|1758949635
|switch|p1a: Ludicolo|Ludicolo, F|55/100
|switch|p2a: Blissey|Blissey, F|100/100
|-damage|p2a: Blissey|88/100|[from] Stealth Rock
|
|-weather|RainDance|[upkeep]
|upkeep
|turn|48
|
|t:|1758949647
|switch|p1a: Scizor|Scizor, M|100/100
|move|p2a: Blissey|Seismic Toss|p1a: Scizor
|-damage|p1a: Scizor|71/100
|
|-weather|RainDance|[upkeep]
|upkeep
|turn|49
|
|t:|1758949672
|move|p1a: Scizor|Swords Dance|p1a: Scizor
|-boost|p1a: Scizor|atk|2
|move|p2a: Blissey|Flamethrower|p1a: Scizor
|-supereffective|p1a: Scizor
|-damage|p1a: Scizor|35/100
|
|-weather|RainDance|[upkeep]
|upkeep
|turn|50
|inactive|Mr_Stonks0406 has 120 seconds left.
|
|t:|1758949687
|move|p1a: Scizor|Bullet Punch|p2a: Blissey
|-crit|p2a: Blissey
|-damage|p2a: Blissey|0 fnt
|faint|p2a: Blissey
|-damage|p1a: Scizor|25/100|[from] item: Life Orb
|
|-weather|RainDance|[upkeep]
|upkeep
|inactive|Mr_Stonks0406 has 120 seconds left.
|
|t:|1758949697
|switch|p2a: Gliscor|Gliscor, F|40/100 tox
|-damage|p2a: Gliscor|28/100 tox|[from] Stealth Rock
|turn|51
|
|t:|1758949702
|move|p2a: Gliscor|Protect|p2a: Gliscor
|-singleturn|p2a: Gliscor|Protect
|move|p1a: Scizor|Bullet Punch|p2a: Gliscor
|-activate|p2a: Gliscor|move: Protect
|
|-weather|RainDance|[upkeep]
|-heal|p2a: Gliscor|40/100 tox|[from] ability: Poison Heal
|upkeep
|turn|52
|
|t:|1758949714
|move|p1a: Scizor|Bullet Punch|p2a: Gliscor
|-damage|p2a: Gliscor|0 fnt
|faint|p2a: Gliscor
|-damage|p1a: Scizor|15/100|[from] item: Life Orb
|
|-weather|none
|upkeep
|
|t:|1758949721
|switch|p2a: Toxapex|Toxapex, M|60/100
|-damage|p2a: Toxapex|48/100|[from] Stealth Rock
|turn|53
|c|☆Mr_Stonks0406|gg
|-message|Mr_Stonks0406 forfeited.
|
|win|Kyokatsu2009
|raw|Kyokatsu2009's rating: 1298 &rarr; <strong>1318</strong><br />(+20 for winning)
|raw|Mr_Stonks0406's rating: 1227 &rarr; <strong>1207</strong><br />(-20 for losing)
|l|☆Mr_Stonks0406
|player|p2|
|c|☆Kyokatsu2009|gg
|l|☆Kyokatsu2009
|player|p1|
