|j|☆NOLEMAN
|j|☆Gbest82
|t:|1758945725
|gametype|singles
|player|p1|NOLEMAN|steven|1237
|player|p2|Gbest82|1|1296
|gen|9
|tier|[Gen 9] OU
|rated|
|rule|HP Percentage Mod: HP is shown in percentages
|rule|Endless Battle Clause: Forcing endless battles is banned
|rule|Species Clause: Limit one of each Pokémon
|rule|OHKO Clause: OHKO moves are banned
|rule|Evasion Items Clause: Evasion items are banned
|rule|Evasion Moves Clause: Evasion moves are banned
|rule|Evasion Abilities Clause: Evasion abilities are banned
|rule|Sleep Moves Clause: Sleep-inducing moves are banned
|clearpoke
|poke|p1|Charizard, F|
|poke|p1|Torkoal, F|
|poke|p1|Walking Wake|
|poke|p1|Hatterene, F|
|poke|p1|Great Tusk|
|poke|p1|Lilligant-Hisui, F|
|poke|p2|Ribombee, F|
|poke|p2|Porygon-Z|
|poke|p2|Glimmora, M|
|poke|p2|Dragonite, F|
|poke|p2|Gholdengo|
|poke|p2|Zamazenta-*|
|teampreview
|inactive|Battle timer is ON: inactive players will automatically lose when time's up. (requested by Gbest82)
|
|t:|1758945744
|teamsize|p1|6
|teamsize|p2|6
|start
|switch|p1a: Torkoal|Torkoal, F|100/100
|switch|p2a: Ribombee|Ribombee, F|100/100
|-weather|SunnyDay|[from] ability: Drought|[of] p1a: Torkoal
|turn|1
|
|t:|1758945756
|switch|p2a: Gholdengo|Gholdengo|100/100
|-item|p2a: Gholdengo|Air Balloon
|move|p1a: Torkoal|Rapid Spin|p2a: Gholdengo
|-immune|p2a: Gholdengo
|
|-weather|SunnyDay|[upkeep]
|upkeep
|turn|2
|
|t:|1758945772
|switch|p2a: Dragonite|Dragonite, F|100/100
|switch|p1a: Hatterene|Hatterene, F|100/100
|
|-weather|SunnyDay|[upkeep]
|upkeep
|turn|3
|
|t:|1758945782
|move|p2a: Dragonite|Extreme Speed|p1a: Hatterene
|-damage|p1a: Hatterene|70/100
|-enditem|p1a: Hatterene|Eject Button
|
|t:|1758945791
|switch|p1a: Lilligant|Lilligant-Hisui, F|100/100
|
|-weather|SunnyDay|[upkeep]
|upkeep
|turn|4
|
|t:|1758945800
|switch|p1a: Great Tusk|Great Tusk|100/100
|-activate|p1a: Great Tusk|ability: Protosynthesis
|-start|p1a: Great Tusk|protosynthesisatk
|move|p2a: Dragonite|Dragon Dance|p2a: Dragonite
|-boost|p2a: Dragonite|atk|1
|-boost|p2a: Dragonite|spe|1
|
|-weather|SunnyDay|[upkeep]
|upkeep
|turn|5
|
|t:|1758945813
|-terastallize|p2a: Dragonite|Normal
|move|p2a: Dragonite|Extreme Speed|p1a: Great Tusk
|-damage|p1a: Great Tusk|53/100
|move|p1a: Great Tusk|Close Combat|p2a: Dragonite
|-supereffective|p2a: Dragonite
|-damage|p2a: Dragonite|34/100
|-unboost|p1a: Great Tusk|def|1
|-unboost|p1a: Great Tusk|spd|1
|-enditem|p1a: Great Tusk|Eject Pack
|
|t:|1758945829
|-end|p1a: Great Tusk|Protosynthesis|[silent]
|switch|p1a: Lilligant|Lilligant-Hisui, F|100/100
|
|-weather|SunnyDay|[upkeep]
|upkeep
|turn|6
|
|t:|1758945839
|move|p2a: Dragonite|Extreme Speed|p1a: Lilligant
|-damage|p1a: Lilligant|0 fnt
|faint|p1a: Lilligant
|
|-weather|SunnyDay|[upkeep]
|upkeep
|
|t:|1758945857
|switch|p1a: Great Tusk|Great Tusk|53/100
|-activate|p1a: Great Tusk|ability: Protosynthesis
|-start|p1a: Great Tusk|protosynthesisatk
|turn|7
|
|t:|1758945862
|move|p2a: Dragonite|Extreme Speed|p1a: Great Tusk
|-damage|p1a: Great Tusk|4/100
|move|p1a: Great Tusk|Knock Off|p2a: Dragonite
|-damage|p2a: Dragonite|0 fnt
|-enditem|p2a: Dragonite|Heavy-Duty Boots|[from] move: Knock Off|[of] p1a: Great Tusk
|faint|p2a: Dragonite
|
|-weather|SunnyDay|[upkeep]
|upkeep
|
|t:|1758945880
|switch|p2a: Zamazenta|Zamazenta|100/100
|-ability|p2a: Zamazenta|Dauntless Shield|boost
|-boost|p2a: Zamazenta|def|1
|turn|8
|
|t:|1758945884
|-end|p1a: Great Tusk|Protosynthesis|[silent]
|switch|p1a: Torkoal|Torkoal, F|100/100
|move|p2a: Zamazenta|Body Press|p1a: Torkoal
|-damage|p1a: Torkoal|64/100
|
|-weather|none
|upkeep
|turn|9
|
|t:|1758945892
|move|p2a: Zamazenta|Body Press|p1a: Torkoal
|-damage|p1a: Torkoal|29/100
|move|p1a: Torkoal|Will-O-Wisp|p2a: Zamazenta
|-status|p2a: Zamazenta|brn
|
|-damage|p2a: Zamazenta|94/100 brn|[from] brn
|upkeep
|turn|10
|
|t:|1758945897
|switch|p1a: Hatterene|Hatterene, F|70/100
|move|p2a: Zamazenta|Body Press|p1a: Hatterene
|-resisted|p1a: Hatterene
|-damage|p1a: Hatterene|65/100
|
|-heal|p2a: Zamazenta|100/100 brn|[from] item: Leftovers
|-damage|p2a: Zamazenta|94/100 brn|[from] brn
|upkeep
|turn|11
|
|t:|1758945903
|move|p2a: Zamazenta|Heavy Slam|p1a: Hatterene
|-supereffective|p1a: Hatterene
|-damage|p1a: Hatterene|35/100
|move|p1a: Hatterene|Dazzling Gleam|p2a: Zamazenta
|-supereffective|p2a: Zamazenta
|-damage|p2a: Zamazenta|33/100 brn
|
|-heal|p2a: Zamazenta|40/100 brn|[from] item: Leftovers
|-damage|p2a: Zamazenta|33/100 brn|[from] brn
|upkeep
|turn|12
|
|t:|1758945913
|move|p2a: Zamazenta|Heavy Slam|p1a: Hatterene
|-supereffective|p1a: Hatterene
|-damage|p1a: Hatterene|5/100
|move|p1a: Hatterene|Healing Wish|p1a: Hatterene
|faint|p1a: Hatterene
|
|-heal|p2a: Zamazenta|40/100 brn|[from] item: Leftovers
|-damage|p2a: Zamazenta|33/100 brn|[from] brn
|upkeep
|
|t:|1758945925
|switch|p1a: Great Tusk|Great Tusk|4/100
|-heal|p1a: Great Tusk|100/100|[from] move: Healing Wish
|turn|13
|l|☆Gbest82
|inactive|Gbest82 disconnected and has a minute to reconnect!
|player|p2|
|inactive|Gbest82 has 30 seconds to reconnect!
|inactive|Gbest82 has 20 seconds to reconnect!
|inactive|Gbest82 has 15 seconds to reconnect!
|inactive|Gbest82 has 10 seconds to reconnect!
|inactive|Gbest82 has 5 seconds to reconnect!
|-message|Gbest82 lost due to inactivity.
|
|win|NOLEMAN
|raw|NOLEMAN's rating: 1237 &rarr; <strong>1266</strong><br />(+29 for winning)
|raw|Gbest82's rating: 1296 &rarr; <strong>1267</strong><br />(-29 for losing)
