|j|☆ProfessionalWimp
|j|☆Azumeme
|t:|1759060912
|gametype|singles
|player|p1|ProfessionalWimp|rood|1260
|player|p2|Azumeme|miku-ghost|1312
|gen|9
|tier|[Gen 9] OU
|rated|
|rule|HP Percentage Mod: HP is shown in percentages
|rule|Endless Battle Clause: Forcing endless battles is banned
|rule|Species Clause: Limit one of each Pokémon
|rule|OHKO Clause: OHKO moves are banned
|rule|Evasion Items Clause: Evasion items are banned
|rule|Evasion Moves Clause: Evasion moves are banned
|rule|Evasion Abilities Clause: Evasion abilities are banned
|rule|Sleep Moves Clause: Sleep-inducing moves are banned
|clearpoke
|poke|p1|Pelipper, M|
|poke|p1|Manaphy|
|poke|p1|Barraskewda, M|
|poke|p1|Zapdos|
|poke|p1|Overqwil, F|
|poke|p1|Scizor, F|
|poke|p2|Regidrago|
|poke|p2|Kingambit, F|
|poke|p2|Great Tusk|
|poke|p2|Samurott-Hisui, M|
|poke|p2|Iron Moth|
|poke|p2|Iron Valiant|
|teampreview
|
|t:|1759060947
|teamsize|p1|6
|teamsize|p2|6
|start
|switch|p1a: Zapdos|Zapdos|100/100
|switch|p2a: Samurott|Samurott-Hisui, M|100/100
|turn|1
|inactive|Battle timer is ON: inactive players will automatically lose when time's up. (requested by ProfessionalWimp)
|
|t:|1759060958
|move|p1a: Zapdos|Hurricane|p2a: Samurott
|-damage|p2a: Samurott|12/100
|move|p2a: Samurott|Ceaseless Edge|p1a: Zapdos
|-damage|p1a: Zapdos|42/100
|-sidestart|p1: ProfessionalWimp|Spikes
|
|upkeep
|turn|2
|
|t:|1759060970
|move|p2a: Samurott|Sucker Punch|p1a: Zapdos
|-damage|p1a: Zapdos|2/100
|-status|p2a: Samurott|par|[from] ability: Static|[of] p1a: Zapdos
|move|p1a: Zapdos|Volt Switch|p2a: Samurott
|-supereffective|p2a: Samurott
|-damage|p2a: Samurott|0 fnt
|faint|p2a: Samurott
|
|t:|1759060978
|switch|p1a: Pelipper|Pelipper, M|100/100|[from] Volt Switch
|-weather|RainDance|[from] ability: Drizzle|[of] p1a: Pelipper
|
|-weather|RainDance|[upkeep]
|upkeep
|
|t:|1759060988
|switch|p2a: Regidrago|Regidrago|100/100
|turn|3
|
|t:|1759060999
|switch|p1a: Zapdos|Zapdos|2/100
|move|p2a: Regidrago|Dragon Energy|p1a: Zapdos
|-damage|p1a: Zapdos|0 fnt
|faint|p1a: Zapdos
|
|-weather|RainDance|[upkeep]
|upkeep
|
|t:|1759061006
|switch|p1a: Manaphy|Manaphy|100/100
|-damage|p1a: Manaphy|88/100|[from] Spikes
|turn|4
|
|t:|1759061011
|move|p2a: Regidrago|Dragon Energy|p1a: Manaphy
|-damage|p1a: Manaphy|19/100
|-enditem|p1a: Manaphy|Salac Berry|[eat]
|-boost|p1a: Manaphy|spe|1|[from] item: Salac Berry
|move|p1a: Manaphy|Tail Glow|p1a: Manaphy
|-boost|p1a: Manaphy|spa|3
|
|-weather|RainDance|[upkeep]
|upkeep
|turn|5
|
|t:|1759061019
|move|p2a: Regidrago|Dragon Energy|p1a: Manaphy
|-damage|p1a: Manaphy|0 fnt
|faint|p1a: Manaphy
|
|-weather|RainDance|[upkeep]
|upkeep
|
|t:|1759061033
|switch|p1a: Scizor|Scizor, F|100/100
|-damage|p1a: Scizor|88/100|[from] Spikes
|turn|6
|
|t:|1759061045
|switch|p2a: Iron Moth|Iron Moth|100/100
|-enditem|p2a: Iron Moth|Booster Energy
|-activate|p2a: Iron Moth|ability: Quark Drive|[fromitem]
|-start|p2a: Iron Moth|quarkdrivespa
|move|p1a: Scizor|Dual Wingbeat|p2a: Iron Moth
|-damage|p2a: Iron Moth|60/100
|-damage|p2a: Iron Moth|20/100
|-hitcount|p2a: Iron Moth|2
|
|-weather|RainDance|[upkeep]
|upkeep
|turn|7
|inactive|Azumeme has 120 seconds left.
|
|t:|1759061090
|-end|p2a: Iron Moth|Quark Drive|[silent]
|switch|p2a: Kingambit|Kingambit, F|100/100
|-activate|p2a: Kingambit|ability: Supreme Overlord
|-start|p2a: Kingambit|fallen1|[silent]
|move|p1a: Scizor|Bullet Punch|p2a: Kingambit
|-resisted|p2a: Kingambit
|-damage|p2a: Kingambit|86/100
|
|-weather|RainDance|[upkeep]
|upkeep
|turn|8
|
|t:|1759061104
|move|p1a: Scizor|Bug Bite|p2a: Kingambit
|-damage|p2a: Kingambit|50/100
|move|p2a: Kingambit|Kowtow Cleave|p1a: Scizor
|-damage|p1a: Scizor|4/100
|
|-weather|RainDance|[upkeep]
|upkeep
|turn|9
|
|t:|1759061118
|move|p1a: Scizor|Bug Bite|p2a: Kingambit
|-damage|p2a: Kingambit|10/100
|move|p2a: Kingambit|Kowtow Cleave|p1a: Scizor
|-damage|p1a: Scizor|0 fnt
|faint|p1a: Scizor
|
|-weather|none
|upkeep
|
|t:|1759061126
|switch|p1a: Pelipper|Pelipper, M|100/100
|-weather|RainDance|[from] ability: Drizzle|[of] p1a: Pelipper
|turn|10
|inactive|Azumeme has 120 seconds left.
|
|t:|1759061135
|-end|p2a: Kingambit|fallen1|[silent]
|switch|p2a: Iron Moth|Iron Moth|20/100
|move|p1a: Pelipper|U-turn|p2a: Iron Moth
|-resisted|p2a: Iron Moth
|-damage|p2a: Iron Moth|16/100
|
|t:|1759061146
|switch|p1a: Overqwil|Overqwil, F|100/100|[from] U-turn
|-damage|p1a: Overqwil|88/100|[from] Spikes
|
|-weather|RainDance|[upkeep]
|upkeep
|turn|11
|
|t:|1759061153
|move|p1a: Overqwil|Liquidation|p2a: Iron Moth
|-supereffective|p2a: Iron Moth
|-damage|p2a: Iron Moth|0 fnt
|faint|p2a: Iron Moth
|-end|p2a: Iron Moth|Quark Drive|[silent]
|
|-weather|RainDance|[upkeep]
|upkeep
|
|t:|1759061168
|switch|p2a: Great Tusk|Great Tusk|100/100
|-enditem|p2a: Great Tusk|Booster Energy
|-activate|p2a: Great Tusk|ability: Protosynthesis|[fromitem]
|-start|p2a: Great Tusk|protosynthesisatk
|turn|12
|
|t:|1759061177
|-terastallize|p1a: Overqwil|Water
|move|p1a: Overqwil|Liquidation|p2a: Great Tusk
|-supereffective|p2a: Great Tusk
|-damage|p2a: Great Tusk|13/100
|-unboost|p2a: Great Tusk|def|1
|move|p2a: Great Tusk|Headlong Rush|p1a: Overqwil
|-damage|p1a: Overqwil|2/100
|-unboost|p2a: Great Tusk|def|1
|-unboost|p2a: Great Tusk|spd|1
|-enditem|p1a: Overqwil|Liechi Berry|[eat]
|-boost|p1a: Overqwil|atk|1|[from] item: Liechi Berry
|
|-weather|RainDance|[upkeep]
|upkeep
|turn|13
|
|t:|1759061191
|move|p1a: Overqwil|Liquidation|p2a: Great Tusk
|-supereffective|p2a: Great Tusk
|-damage|p2a: Great Tusk|0 fnt
|faint|p2a: Great Tusk
|-end|p2a: Great Tusk|Protosynthesis|[silent]
|
|-weather|RainDance|[upkeep]
|upkeep
|
|t:|1759061197
|switch|p2a: Kingambit|Kingambit, F|10/100
|-activate|p2a: Kingambit|ability: Supreme Overlord
|-start|p2a: Kingambit|fallen3|[silent]
|turn|14
|
|t:|1759061202
|move|p2a: Kingambit|Sucker Punch|p1a: Overqwil
|-crit|p1a: Overqwil
|-damage|p1a: Overqwil|0 fnt
|faint|p1a: Overqwil
|
|-weather|RainDance|[upkeep]
|upkeep
|
|t:|1759061208
|switch|p1a: Barraskewda|Barraskewda, M|100/100
|-damage|p1a: Barraskewda|88/100|[from] Spikes
|turn|15
|
|t:|1759061213
|move|p2a: Kingambit|Sucker Punch|p1a: Barraskewda
|-damage|p1a: Barraskewda|0 fnt
|faint|p1a: Barraskewda
|
|-weather|RainDance|[upkeep]
|upkeep
|-message|ProfessionalWimp forfeited.
|
|win|Azumeme
|raw|ProfessionalWimp's rating: 1260 &rarr; <strong>1239</strong><br />(-21 for losing)
|raw|Azumeme's rating: 1312 &rarr; <strong>1329</strong><br />(+17 for winning)
|l|☆ProfessionalWimp
|player|p1|
|l|☆Azumeme
|player|p2|
