|j|☆Stealthalo
|j|☆jordanbakkker
|t:|1759066133
|gametype|singles
|player|p1|Stealthalo|170|1403
|player|p2|jordanbakkker|pokemonbreeder-gen4|1333
|gen|9
|tier|[Gen 9] OU
|rated|
|rule|HP Percentage Mod: HP is shown in percentages
|rule|Endless Battle Clause: Forcing endless battles is banned
|rule|Species Clause: Limit one of each Pokémon
|rule|OHKO Clause: OHKO moves are banned
|rule|Evasion Items Clause: Evasion items are banned
|rule|Evasion Moves Clause: Evasion moves are banned
|rule|Evasion Abilities Clause: Evasion abilities are banned
|rule|Sleep Moves Clause: Sleep-inducing moves are banned
|clearpoke
|poke|p1|Dragonite, M|
|poke|p1|Alomomola, M|
|poke|p1|Moltres|
|poke|p1|Great Tusk|
|poke|p1|Hatterene, F|
|poke|p1|Ogerpon-Wellspring, F|
|poke|p2|Cinderace, M|
|poke|p2|Kingambit, M|
|poke|p2|Dragonite, M|
|poke|p2|Gholdengo|
|poke|p2|Iron Valiant|
|poke|p2|Samurott-Hisui, M|
|teampreview
|
|t:|1759066143
|teamsize|p1|6
|teamsize|p2|6
|start
|switch|p1a: Ogerpon|Ogerpon-Wellspring, F|100/100
|switch|p2a: Samurott|Samurott-Hisui, M|100/100
|turn|1
|
|t:|1759066150
|move|p1a: Ogerpon|Power Whip|p2a: Samurott
|-supereffective|p2a: Samurott
|-enditem|p2a: Samurott|Focus Sash
|-damage|p2a: Samurott|1/100
|move|p2a: Samurott|Ceaseless Edge|p1a: Ogerpon
|-damage|p1a: Ogerpon|37/100
|-sidestart|p1: Stealthalo|Spikes
|
|upkeep
|turn|2
|
|t:|1759066158
|move|p1a: Ogerpon|U-turn|p2a: Samurott
|-supereffective|p2a: Samurott
|-damage|p2a: Samurott|0 fnt
|faint|p2a: Samurott
|
|t:|1759066164
|switch|p1a: Great Tusk|Great Tusk|100/100|[from] U-turn
|-damage|p1a: Great Tusk|88/100|[from] Spikes
|
|-heal|p1a: Great Tusk|94/100|[from] item: Leftovers
|upkeep
|
|t:|1759066170
|switch|p2a: Gholdengo|Gholdengo|100/100
|-item|p2a: Gholdengo|Air Balloon
|turn|3
|
|t:|1759066174
|-end|p1a: Great Tusk|Protosynthesis|[silent]
|switch|p1a: Moltres|Moltres|100/100
|move|p2a: Gholdengo|Nasty Plot|p2a: Gholdengo
|-boost|p2a: Gholdengo|spa|2
|
|upkeep
|turn|4
|
|t:|1759066181
|-terastallize|p2a: Gholdengo|Water
|move|p2a: Gholdengo|Make It Rain|p1a: Moltres
|-resisted|p1a: Moltres
|-damage|p1a: Moltres|60/100
|-unboost|p2a: Gholdengo|spa|1
|move|p1a: Moltres|Flamethrower|p2a: Gholdengo
|-resisted|p2a: Gholdengo
|-damage|p2a: Gholdengo|81/100
|-enditem|p2a: Gholdengo|Air Balloon
|
|upkeep
|turn|5
|
|t:|1759066194
|move|p2a: Gholdengo|Shadow Ball|p1a: Moltres
|-damage|p1a: Moltres|21/100
|-unboost|p1a: Moltres|spd|1
|move|p1a: Moltres|U-turn|p2a: Gholdengo
|-damage|p2a: Gholdengo|70/100
|
|t:|1759066201
|switch|p1a: Ogerpon|Ogerpon-Wellspring, F|37/100|[from] U-turn
|-damage|p1a: Ogerpon|25/100|[from] Spikes
|
|upkeep
|turn|6
|
|t:|1759066217
|switch|p2a: Cinderace|Cinderace, M|100/100
|move|p1a: Ogerpon|U-turn|p2a: Cinderace
|-resisted|p2a: Cinderace
|-damage|p2a: Cinderace|85/100
|
|t:|1759066223
|switch|p1a: Great Tusk|Great Tusk|94/100|[from] U-turn
|-damage|p1a: Great Tusk|82/100|[from] Spikes
|
|-heal|p1a: Great Tusk|88/100|[from] item: Leftovers
|upkeep
|turn|7
|
|t:|1759066232
|move|p2a: Cinderace|Will-O-Wisp|p1a: Great Tusk
|-status|p1a: Great Tusk|brn
|move|p1a: Great Tusk|Rapid Spin|p2a: Cinderace
|-damage|p2a: Cinderace|76/100
|-boost|p1a: Great Tusk|spe|1
|-sideend|p1: Stealthalo|Spikes|[from] move: Rapid Spin|[of] p1a: Great Tusk
|
|-heal|p1a: Great Tusk|94/100 brn|[from] item: Leftovers
|-damage|p1a: Great Tusk|88/100 brn|[from] brn
|upkeep
|turn|8
|
|t:|1759066242
|move|p2a: Cinderace|U-turn|p1a: Great Tusk
|-resisted|p1a: Great Tusk
|-damage|p1a: Great Tusk|84/100 brn
|
|t:|1759066245
|switch|p2a: Gholdengo|Gholdengo, tera:Water|70/100|[from] U-turn
|move|p1a: Great Tusk|Knock Off|p2a: Gholdengo
|-damage|p2a: Gholdengo|63/100
|
|-heal|p1a: Great Tusk|90/100 brn|[from] item: Leftovers
|-damage|p1a: Great Tusk|84/100 brn|[from] brn
|upkeep
|turn|9
|
|t:|1759066259
|-end|p1a: Great Tusk|Protosynthesis|[silent]
|switch|p1a: Alomomola|Alomomola, M|100/100
|move|p2a: Gholdengo|Recover|p2a: Gholdengo
|-heal|p2a: Gholdengo|100/100
|
|upkeep
|turn|10
|
|t:|1759066265
|move|p2a: Gholdengo|Nasty Plot|p2a: Gholdengo
|-boost|p2a: Gholdengo|spa|2
|move|p1a: Alomomola|Flip Turn|p2a: Gholdengo
|-resisted|p2a: Gholdengo
|-damage|p2a: Gholdengo|95/100
|
|t:|1759066271
|switch|p1a: Ogerpon|Ogerpon-Wellspring, F|25/100|[from] Flip Turn
|
|upkeep
|turn|11
|
|t:|1759066276
|switch|p2a: Cinderace|Cinderace, M|76/100
|move|p1a: Ogerpon|Power Whip|p2a: Cinderace
|-resisted|p2a: Cinderace
|-damage|p2a: Cinderace|37/100
|
|upkeep
|turn|12
|
|t:|1759066284
|switch|p1a: Alomomola|Alomomola, M|100/100
|move|p2a: Cinderace|U-turn|p1a: Alomomola
|-damage|p1a: Alomomola|89/100
|
|t:|1759066296
|switch|p2a: Iron Valiant|Iron Valiant|100/100|[from] U-turn
|-enditem|p2a: Iron Valiant|Booster Energy
|-activate|p2a: Iron Valiant|ability: Quark Drive|[fromitem]
|-start|p2a: Iron Valiant|quarkdrivespe
|
|upkeep
|turn|13
|
|t:|1759066303
|move|p2a: Iron Valiant|Calm Mind|p2a: Iron Valiant
|-boost|p2a: Iron Valiant|spa|1
|-boost|p2a: Iron Valiant|spd|1
|move|p1a: Alomomola|Play Rough|p2a: Iron Valiant
|-supereffective|p2a: Iron Valiant
|-damage|p2a: Iron Valiant|56/100
|
|upkeep
|turn|14
|
|t:|1759066310
|move|p2a: Iron Valiant|Moonblast|p1a: Alomomola
|-damage|p1a: Alomomola|50/100
|-unboost|p1a: Alomomola|spa|1
|move|p1a: Alomomola|Play Rough|p2a: Iron Valiant
|-supereffective|p2a: Iron Valiant
|-damage|p2a: Iron Valiant|13/100
|
|upkeep
|turn|15
|
|t:|1759066320
|move|p1a: Alomomola|Aqua Jet|p2a: Iron Valiant
|-damage|p2a: Iron Valiant|0 fnt
|faint|p2a: Iron Valiant
|-end|p2a: Iron Valiant|Quark Drive|[silent]
|
|upkeep
|c|☆jordanbakkker|Nan ça ca existe pas par contrr
|c|☆jordanbakkker|Faut arrêter
|
|t:|1759066338
|switch|p2a: Kingambit|Kingambit, M|100/100
|-activate|p2a: Kingambit|ability: Supreme Overlord
|-start|p2a: Kingambit|fallen2|[silent]
|turn|16
|
|t:|1759066344
|move|p1a: Alomomola|Flip Turn|p2a: Kingambit
|-damage|p2a: Kingambit|88/100
|
|t:|1759066347
|switch|p1a: Moltres|Moltres|21/100|[from] Flip Turn
|move|p2a: Kingambit|Swords Dance|p2a: Kingambit
|-boost|p2a: Kingambit|atk|2
|
|upkeep
|turn|17
|
|t:|1759066355
|-end|p2a: Kingambit|fallen2|[silent]
|switch|p2a: Cinderace|Cinderace, M|37/100
|move|p1a: Moltres|Flamethrower|p2a: Cinderace
|-resisted|p2a: Cinderace
|-damage|p2a: Cinderace|16/100
|
|upkeep
|turn|18
|
|t:|1759066362
|move|p2a: Cinderace|Pyro Ball|p1a: Moltres
|-resisted|p1a: Moltres
|-damage|p1a: Moltres|0 fnt
|faint|p1a: Moltres
|
|upkeep
|
|t:|1759066368
|switch|p1a: Alomomola|Alomomola, M|83/100
|turn|19
|
|t:|1759066373
|move|p2a: Cinderace|Will-O-Wisp|p1a: Alomomola
|-status|p1a: Alomomola|brn
|move|p1a: Alomomola|Flip Turn|p2a: Cinderace
|-supereffective|p2a: Cinderace
|-damage|p2a: Cinderace|0 fnt
|faint|p2a: Cinderace
|
|t:|1759066388
|switch|p1a: Dragonite|Dragonite, M|100/100|[from] Flip Turn
|
|upkeep
|
|t:|1759066396
|switch|p2a: Kingambit|Kingambit, M|88/100
|-activate|p2a: Kingambit|ability: Supreme Overlord
|-start|p2a: Kingambit|fallen3|[silent]
|turn|20
|
|t:|1759066401
|move|p1a: Dragonite|Earthquake|p2a: Kingambit
|-supereffective|p2a: Kingambit
|-damage|p2a: Kingambit|39/100
|move|p2a: Kingambit|Kowtow Cleave|p1a: Dragonite
|-damage|p1a: Dragonite|72/100
|
|-heal|p1a: Dragonite|78/100|[from] item: Leftovers
|upkeep
|turn|21
|
|t:|1759066411
|-end|p2a: Kingambit|fallen3|[silent]
|switch|p2a: Dragonite|Dragonite, M|100/100
|move|p1a: Dragonite|Roost|p1a: Dragonite
|-heal|p1a: Dragonite|100/100
|-singleturn|p1a: Dragonite|move: Roost
|
|upkeep
|turn|22
|
|t:|1759066419
|move|p2a: Dragonite|Dragon Dance|p2a: Dragonite
|-boost|p2a: Dragonite|atk|1
|-boost|p2a: Dragonite|spe|1
|move|p1a: Dragonite|Dragon Tail|p2a: Dragonite
|-supereffective|p2a: Dragonite
|-damage|p2a: Dragonite|76/100
|drag|p2a: Kingambit|Kingambit, M|39/100
|-activate|p2a: Kingambit|ability: Supreme Overlord
|-start|p2a: Kingambit|fallen3|[silent]
|
|upkeep
|turn|23
|c|☆jordanbakkker|Mais va niquer ta mère en fait
|-message|jordanbakkker forfeited.
|
|win|Stealthalo
