|j|☆picocrazy
|j|☆john pork the 1st
|t:|1758997281
|gametype|singles
|player|p1|picocrazy|battlegirl-gen4|1607
|player|p2|john pork the 1st|miku-flying|1634
|gen|9
|tier|[Gen 9] OU
|rated|
|rule|HP Percentage Mod: HP is shown in percentages
|rule|Endless Battle Clause: Forcing endless battles is banned
|rule|Species Clause: Limit one of each Pokémon
|rule|OHKO Clause: OHKO moves are banned
|rule|Evasion Items Clause: Evasion items are banned
|rule|Evasion Moves Clause: Evasion moves are banned
|rule|Evasion Abilities Clause: Evasion abilities are banned
|rule|Sleep Moves Clause: Sleep-inducing moves are banned
|clearpoke
|poke|p1|Ninetales-Alola, M|
|poke|p1|Zamazenta-*|
|poke|p1|Latios, M|
|poke|p1|Ceruledge, F|
|poke|p1|Cloyster, F|
|poke|p1|Weezing-Galar, M|
|poke|p2|Ogerpon-Wellspring, F|
|poke|p2|Kingambit, M|
|poke|p2|Landorus-Therian, M|
|poke|p2|Glimmora, M|
|poke|p2|Dragapult, M|
|poke|p2|Iron Valiant|
|teampreview
|inactive|Battle timer is ON: inactive players will automatically lose when time's up. (requested by picocrazy)
|
|t:|1758997301
|teamsize|p1|6
|teamsize|p2|6
|start
|switch|p1a: Latios|Latios, M|100/100
|switch|p2a: Western Sky|Ogerpon-Wellspring, F|100/100
|turn|1
|
|t:|1758997308
|switch|p1a: Weezing|Weezing-Galar, M|100/100
|-ability|p1a: Weezing|Neutralizing Gas
|move|p2a: Western Sky|Play Rough|p1a: Weezing
|-resisted|p1a: Weezing
|-damage|p1a: Weezing|88/100
|-damage|p2a: Western Sky|84/100|[from] item: Rocky Helmet|[of] p1a: Weezing
|
|upkeep
|turn|2
|
|t:|1758997320
|-end|p1a: Weezing|ability: Neutralizing Gas
|switch|p1a: Latios|Latios, M|100/100
|move|p2a: Western Sky|Taunt|p1a: Latios
|-start|p1a: Latios|move: Taunt
|
|upkeep
|turn|3
|
|t:|1758997328
|switch|p2a: Unite|Kingambit, M, shiny|100/100
|move|p1a: Latios|Draco Meteor|p2a: Unite
|-resisted|p2a: Unite
|-damage|p2a: Unite|60/100
|-unboost|p1a: Latios|spa|2
|
|-heal|p2a: Unite|66/100|[from] item: Leftovers
|upkeep
|turn|4
|
|t:|1758997344
|switch|p1a: Cloyster|Cloyster, F, shiny|100/100
|move|p2a: Unite|Iron Head|p1a: Cloyster
|-damage|p1a: Cloyster|61/100
|
|-heal|p2a: Unite|72/100|[from] item: Leftovers
|upkeep
|turn|5
|
|t:|1758997364
|move|p1a: Cloyster|Shell Smash|p1a: Cloyster
|-unboost|p1a: Cloyster|def|1
|-unboost|p1a: Cloyster|spd|1
|-boost|p1a: Cloyster|atk|2
|-boost|p1a: Cloyster|spa|2
|-boost|p1a: Cloyster|spe|2
|-enditem|p1a: Cloyster|White Herb
|-clearnegativeboost|p1a: Cloyster|[silent]
|move|p2a: Unite|Kowtow Cleave|p1a: Cloyster
|-damage|p1a: Cloyster|23/100
|
|-heal|p2a: Unite|79/100|[from] item: Leftovers
|upkeep
|turn|6
|
|t:|1758997375
|move|p1a: Cloyster|Drill Run|p2a: Unite
|-supereffective|p2a: Unite
|-damage|p2a: Unite|11/100
|move|p2a: Unite|Kowtow Cleave|p1a: Cloyster
|-damage|p1a: Cloyster|0 fnt
|faint|p1a: Cloyster
|
|-heal|p2a: Unite|17/100|[from] item: Leftovers
|upkeep
|
|t:|1758997379
|switch|p1a: Ninetales|Ninetales-Alola, M|100/100
|-weather|Snowscape|[from] ability: Snow Warning|[of] p1a: Ninetales
|turn|7
|
|t:|1758997383
|move|p1a: Ninetales|Moonblast|p2a: Unite
|-damage|p2a: Unite|0 fnt
|faint|p2a: Unite
|-end|p2a: Unite|fallenundefined|[silent]
|
|-weather|Snowscape|[upkeep]
|upkeep
|
|t:|1758997387
|switch|p2a: Doppelganger|Iron Valiant|100/100
|-enditem|p2a: Doppelganger|Booster Energy
|-activate|p2a: Doppelganger|ability: Quark Drive|[fromitem]
|-start|p2a: Doppelganger|quarkdrivespe
|turn|8
|
|t:|1758997391
|switch|p1a: Weezing|Weezing-Galar, M|88/100
|-ability|p1a: Weezing|Neutralizing Gas
|move|p2a: Doppelganger|Knock Off|p1a: Weezing
|-resisted|p1a: Weezing
|-damage|p1a: Weezing|77/100
|-damage|p2a: Doppelganger|84/100|[from] item: Rocky Helmet|[of] p1a: Weezing
|-enditem|p1a: Weezing|Rocky Helmet|[from] move: Knock Off|[of] p2a: Doppelganger
|
|-weather|Snowscape|[upkeep]
|upkeep
|turn|9
|
|t:|1758997404
|-end|p2a: Doppelganger|Quark Drive|[silent]
|switch|p2a: Chronostasis|Glimmora, M|100/100
|-end|p1a: Weezing|ability: Neutralizing Gas
|switch|p1a: Latios|Latios, M|100/100
|
|-weather|Snowscape|[upkeep]
|upkeep
|turn|10
|
|t:|1758997413
|switch|p2a: Into the Light|Dragapult, M|100/100
|-terastallize|p1a: Latios|Steel
|move|p1a: Latios|Calm Mind|p1a: Latios
|-boost|p1a: Latios|spa|1
|-boost|p1a: Latios|spd|1
|
|-weather|Snowscape|[upkeep]
|upkeep
|turn|11
|
|t:|1758997422
|move|p2a: Into the Light|Flamethrower|p1a: Latios
|-supereffective|p1a: Latios
|-damage|p1a: Latios|46/100
|move|p1a: Latios|Draco Meteor|p2a: Into the Light
|-supereffective|p2a: Into the Light
|-damage|p2a: Into the Light|0 fnt
|-unboost|p1a: Latios|spa|2
|faint|p2a: Into the Light
|
|-weather|none
|upkeep
|
|t:|1758997432
|switch|p2a: Doppelganger|Iron Valiant|84/100
|turn|12
|
|t:|1758997435
|switch|p1a: Weezing|Weezing-Galar, M|77/100
|-ability|p1a: Weezing|Neutralizing Gas
|move|p2a: Doppelganger|Swords Dance|p2a: Doppelganger
|-boost|p2a: Doppelganger|atk|2
|
|upkeep
|turn|13
|
|t:|1758997441
|move|p2a: Doppelganger|Spirit Break|p1a: Weezing
|-resisted|p1a: Weezing
|-damage|p1a: Weezing|50/100
|-unboost|p1a: Weezing|spa|1
|move|p1a: Weezing|Toxic|p2a: Doppelganger
|-status|p2a: Doppelganger|tox
|
|-damage|p2a: Doppelganger|78/100 tox|[from] psn
|upkeep
|turn|14
|
|t:|1758997449
|move|p2a: Doppelganger|Swords Dance|p2a: Doppelganger
|-boost|p2a: Doppelganger|atk|2
|move|p1a: Weezing|Strange Steam|p2a: Doppelganger|[miss]
|-miss|p1a: Weezing|p2a: Doppelganger
|
|-damage|p2a: Doppelganger|65/100 tox|[from] psn
|upkeep
|turn|15
|
|t:|1758997453
|move|p2a: Doppelganger|Spirit Break|p1a: Weezing
|-resisted|p1a: Weezing
|-damage|p1a: Weezing|11/100
|-unboost|p1a: Weezing|spa|1
|move|p1a: Weezing|Strange Steam|p2a: Doppelganger
|-supereffective|p2a: Doppelganger
|-damage|p2a: Doppelganger|19/100 tox
|
|-damage|p2a: Doppelganger|0 fnt|[from] psn
|faint|p2a: Doppelganger
|-end|p2a: Doppelganger|Quark Drive|[silent]
|upkeep
|
|t:|1758997456
|switch|p2a: Western Sky|Ogerpon-Wellspring, F|84/100
|turn|16
|
|t:|1758997460
|move|p2a: Western Sky|Ivy Cudgel|p1a: Weezing|[anim] Ivy Cudgel Water
|-crit|p1a: Weezing
|-damage|p1a: Weezing|0 fnt
|faint|p1a: Weezing
|-end|p1a: Weezing|ability: Neutralizing Gas
|
|upkeep
|
|t:|1758997468
|switch|p1a: Zamazenta|Zamazenta|100/100
|-ability|p1a: Zamazenta|Dauntless Shield|boost
|-boost|p1a: Zamazenta|def|1
|turn|17
|
|t:|1758997472
|switch|p2a: Chronostasis|Glimmora, M|100/100
|move|p1a: Zamazenta|Iron Defense|p1a: Zamazenta
|-boost|p1a: Zamazenta|def|2
|
|upkeep
|turn|18
|
|t:|1758997487
|switch|p1a: Latios|Latios, M, tera:Steel|46/100
|-terastallize|p2a: Chronostasis|Ghost
|move|p2a: Chronostasis|Mortal Spin|p1a: Latios
|-immune|p1a: Latios
|
|upkeep
|turn|19
|
|t:|1758997490
|move|p1a: Latios|Recover|p1a: Latios
|-heal|p1a: Latios|96/100
|move|p2a: Chronostasis|Meteor Beam||[still]
|-prepare|p2a: Chronostasis|Meteor Beam
|-boost|p2a: Chronostasis|spa|1
|-enditem|p2a: Chronostasis|Power Herb
|-anim|p2a: Chronostasis|Meteor Beam|p1a: Latios
|-resisted|p1a: Latios
|-damage|p1a: Latios|41/100
|
|upkeep
|turn|20
|
|t:|1758997498
|switch|p2a: Western Sky|Ogerpon-Wellspring, F|84/100
|move|p1a: Latios|Recover|p1a: Latios
|-heal|p1a: Latios|91/100
|
|upkeep
|turn|21
|
|t:|1758997501
|switch|p1a: Ninetales|Ninetales-Alola, M|100/100
|-weather|Snowscape|[from] ability: Snow Warning|[of] p1a: Ninetales
|move|p2a: Western Sky|Ivy Cudgel|p1a: Ninetales|[anim] Ivy Cudgel Water
|-damage|p1a: Ninetales|55/100
|
|-weather|Snowscape|[upkeep]
|upkeep
|turn|22
|
|t:|1758997504
|move|p2a: Western Sky|Taunt|p1a: Ninetales
|-start|p1a: Ninetales|move: Taunt
|cant|p1a: Ninetales|move: Taunt|Aurora Veil
|
|-weather|Snowscape|[upkeep]
|upkeep
|turn|23
|
|t:|1758997507
|move|p2a: Western Sky|Ivy Cudgel|p1a: Ninetales|[anim] Ivy Cudgel Water
|-damage|p1a: Ninetales|8/100
|move|p1a: Ninetales|Moonblast|p2a: Western Sky
|-damage|p2a: Western Sky|55/100
|
|-weather|Snowscape|[upkeep]
|upkeep
|turn|24
|
|t:|1758997510
|move|p2a: Western Sky|Horn Leech|p1a: Ninetales
|-damage|p1a: Ninetales|0 fnt
|-heal|p2a: Western Sky|59/100|[from] drain|[of] p1a: Ninetales
|faint|p1a: Ninetales
|
|-weather|Snowscape|[upkeep]
|upkeep
|
|t:|1758997512
|switch|p1a: Ceruledge|Ceruledge, F|100/100
|turn|25
|
|t:|1758997518
|switch|p2a: Shine as Usual|Landorus-Therian, M|100/100
|-ability|p2a: Shine as Usual|Intimidate|boost
|-unboost|p1a: Ceruledge|atk|1
|move|p1a: Ceruledge|Bitter Blade|p2a: Shine as Usual
|-damage|p2a: Shine as Usual|73/100
|-damage|p1a: Ceruledge|84/100|[from] item: Rocky Helmet|[of] p2a: Shine as Usual
|
|-weather|none
|upkeep
|turn|26
|
|t:|1758997523
|switch|p1a: Latios|Latios, M, tera:Steel|91/100
|move|p2a: Shine as Usual|Stealth Rock|p1a: Latios
|-sidestart|p1: picocrazy|move: Stealth Rock
|
|upkeep
|turn|27
|
|t:|1758997535
|move|p1a: Latios|Draco Meteor|p2a: Shine as Usual
|-damage|p2a: Shine as Usual|0 fnt
|-unboost|p1a: Latios|spa|2
|faint|p2a: Shine as Usual
|
|upkeep
|
|t:|1758997537
|switch|p2a: Western Sky|Ogerpon-Wellspring, F|59/100
|turn|28
|
|t:|1758997542
|switch|p1a: Zamazenta|Zamazenta|100/100
|-damage|p1a: Zamazenta|94/100|[from] Stealth Rock
|move|p2a: Western Sky|Ivy Cudgel|p1a: Zamazenta|[anim] Ivy Cudgel Water
|-crit|p1a: Zamazenta
|-damage|p1a: Zamazenta|23/100
|
|-heal|p1a: Zamazenta|29/100|[from] item: Leftovers
|upkeep
|turn|29
|
|t:|1758997554
|switch|p2a: Chronostasis|Glimmora, M, tera:Ghost|100/100
|move|p1a: Zamazenta|Iron Defense|p1a: Zamazenta
|-boost|p1a: Zamazenta|def|2
|
|-heal|p1a: Zamazenta|35/100|[from] item: Leftovers
|upkeep
|turn|30
|
|t:|1758997568
|switch|p1a: Latios|Latios, M, tera:Steel|91/100
|-damage|p1a: Latios|85/100|[from] Stealth Rock
|move|p2a: Chronostasis|Meteor Beam||[still]
|-prepare|p2a: Chronostasis|Meteor Beam
|-boost|p2a: Chronostasis|spa|1
|
|upkeep
|turn|31
|
|t:|1758997574
|move|p1a: Latios|Calm Mind|p1a: Latios
|-boost|p1a: Latios|spa|1
|-boost|p1a: Latios|spd|1
|move|p2a: Chronostasis|Meteor Beam|p1a: Latios|[from] lockedmove
|-resisted|p1a: Latios
|-damage|p1a: Latios|52/100
|
|upkeep
|turn|32
|
|t:|1758997582
|move|p1a: Latios|Psychic Noise|p2a: Chronostasis
|-damage|p2a: Chronostasis|1/100
|-start|p2a: Chronostasis|move: Heal Block
|move|p2a: Chronostasis|Meteor Beam||[still]
|-prepare|p2a: Chronostasis|Meteor Beam
|-boost|p2a: Chronostasis|spa|1
|
|upkeep
|turn|33
|
|t:|1758997590
|move|p1a: Latios|Psychic Noise|p2a: Chronostasis
|-damage|p2a: Chronostasis|0 fnt
|faint|p2a: Chronostasis
|
|upkeep
|
|t:|1758997593
|switch|p2a: Western Sky|Ogerpon-Wellspring, F|59/100
|turn|34
|
|t:|1758997596
|move|p2a: Western Sky|Ivy Cudgel|p1a: Latios|[anim] Ivy Cudgel Water
|-damage|p1a: Latios|0 fnt
|faint|p1a: Latios
|
|upkeep
|
|t:|1758997600
|switch|p1a: Zamazenta|Zamazenta|35/100
|-damage|p1a: Zamazenta|29/100|[from] Stealth Rock
|turn|35
|inactive|picocrazy has 120 seconds left.
|
|t:|1758997648
|move|p1a: Zamazenta|Body Press|p2a: Western Sky
|-damage|p2a: Western Sky|17/100
|move|p2a: Western Sky|Ivy Cudgel|p1a: Zamazenta|[anim] Ivy Cudgel Water
|-damage|p1a: Zamazenta|0 fnt
|faint|p1a: Zamazenta
|
|upkeep
|
|t:|1758997651
|switch|p1a: Ceruledge|Ceruledge, F|84/100
|-damage|p1a: Ceruledge|59/100|[from] Stealth Rock
|turn|36
|
|t:|1758997664
|move|p1a: Ceruledge|Shadow Sneak|p2a: Western Sky
|-damage|p2a: Western Sky|0 fnt
|faint|p2a: Western Sky
|
|win|picocrazy
|raw|picocrazy's rating: 1607 &rarr; <strong>1629</strong><br />(+22 for winning)
|raw|john pork the 1st's rating: 1634 &rarr; <strong>1612</strong><br />(-22 for losing)
|l|☆john pork the 1st
|player|p2|
|l|☆picocrazy
|player|p1|
