|j|☆Yugiohvn
|j|☆ufoz
|t:|1758942042
|gametype|singles
|player|p1|Yugiohvn|elesa|1603
|player|p2|ufoz|lucas|1691
|gen|9
|tier|[Gen 9] OU
|rated|
|rule|HP Percentage Mod: HP is shown in percentages
|rule|Endless Battle Clause: Forcing endless battles is banned
|rule|Species Clause: Limit one of each Pokémon
|rule|OHKO Clause: OHKO moves are banned
|rule|Evasion Items Clause: Evasion items are banned
|rule|Evasion Moves Clause: Evasion moves are banned
|rule|Evasion Abilities Clause: Evasion abilities are banned
|rule|Sleep Moves Clause: Sleep-inducing moves are banned
|clearpoke
|poke|p1|Landorus-Therian, M|
|poke|p1|Darkrai|
|poke|p1|Samurott-Hisui, F|
|poke|p1|Moltres|
|poke|p1|Tinkaton, F|
|poke|p1|Sinistcha-Masterpiece|
|poke|p2|Skarmory, M|
|poke|p2|Ting-Lu|
|poke|p2|Zamazenta-*|
|poke|p2|Pecharunt|
|poke|p2|Clefable, M|
|poke|p2|Walking Wake|
|teampreview
|
|t:|1758942073
|teamsize|p1|6
|teamsize|p2|6
|start
|switch|p1a: Tinkaton|Tinkaton, F|100/100
|switch|p2a: Skarmory|Skarmory, M|100/100
|-item|p1a: Tinkaton|Air Balloon
|turn|1
|
|t:|1758942087
|move|p1a: Tinkaton|Thunder Wave|p2a: Skarmory
|-status|p2a: Skarmory|par
|move|p2a: Skarmory|Spikes|p1a: Tinkaton
|-sidestart|p1: Yugiohvn|Spikes
|
|upkeep
|turn|2
|
|t:|1758942092
|move|p1a: Tinkaton|Encore|p2a: Skarmory
|-start|p2a: Skarmory|Encore
|move|p2a: Skarmory|Spikes|p1a: Tinkaton
|-sidestart|p1: Yugiohvn|Spikes
|
|upkeep
|turn|3
|
|t:|1758942100
|switch|p2a: Ting-Lu|Ting-Lu|100/100
|-ability|p2a: Ting-Lu|Vessel of Ruin
|move|p1a: Tinkaton|Stealth Rock|p2a: Ting-Lu
|-sidestart|p2: ufoz|move: Stealth Rock
|
|upkeep
|turn|4
|
|t:|1758942112
|switch|p1a: Sinistcha|Sinistcha-Masterpiece|100/100
|move|p2a: Ting-Lu|Ruination|p1a: Sinistcha
|-damage|p1a: Sinistcha|50/100
|
|upkeep
|turn|5
|
|t:|1758942115
|move|p1a: Sinistcha|Strength Sap|p2a: Ting-Lu
|-unboost|p2a: Ting-Lu|atk|1
|-heal|p1a: Sinistcha|100/100
|move|p2a: Ting-Lu|Stealth Rock|p1a: Sinistcha
|-sidestart|p1: Yugiohvn|move: Stealth Rock
|
|upkeep
|turn|6
|
|t:|1758942121
|move|p1a: Sinistcha|Matcha Gotcha|p2a: Ting-Lu
|-supereffective|p2a: Ting-Lu
|-damage|p2a: Ting-Lu|73/100
|-status|p2a: Ting-Lu|brn
|move|p2a: Ting-Lu|Whirlwind|p1a: Sinistcha
|drag|p1a: Tinkaton|Tinkaton, F|100/100
|-damage|p1a: Tinkaton|94/100|[from] Stealth Rock
|-item|p1a: Tinkaton|Air Balloon
|
|-heal|p2a: Ting-Lu|79/100 brn|[from] item: Leftovers
|-damage|p2a: Ting-Lu|73/100 brn|[from] brn
|upkeep
|turn|7
|
|t:|1758942127
|move|p1a: Tinkaton|Encore|p2a: Ting-Lu
|-start|p2a: Ting-Lu|Encore
|move|p2a: Ting-Lu|Whirlwind|p1a: Tinkaton
|drag|p1a: Sinistcha|Sinistcha-Masterpiece|100/100
|
|-heal|p2a: Ting-Lu|79/100 brn|[from] item: Leftovers
|-damage|p2a: Ting-Lu|73/100 brn|[from] brn
|upkeep
|turn|8
|
|t:|1758942134
|switch|p2a: Clefable|Clefable, M|100/100
|move|p1a: Sinistcha|Shadow Ball|p2a: Clefable
|-damage|p2a: Clefable|71/100
|
|-heal|p2a: Clefable|77/100|[from] item: Leftovers
|upkeep
|turn|9
|
|t:|1758942143
|switch|p1a: Tinkaton|Tinkaton, F|94/100
|-damage|p1a: Tinkaton|88/100|[from] Stealth Rock
|-item|p1a: Tinkaton|Air Balloon
|move|p2a: Clefable|Knock Off|p1a: Tinkaton
|-resisted|p1a: Tinkaton
|-damage|p1a: Tinkaton|79/100
|-enditem|p1a: Tinkaton|Air Balloon
|-enditem|p2a: Clefable|Leftovers|[silent]|[from] ability: Pickpocket|[of] p2a: Clefable
|-item|p1a: Tinkaton|Leftovers|[from] ability: Pickpocket|[of] p2a: Clefable
|
|-heal|p1a: Tinkaton|86/100|[from] item: Leftovers
|upkeep
|turn|10
|
|t:|1758942149
|switch|p2a: Skarmory|Skarmory, M|100/100 par
|-damage|p2a: Skarmory|88/100 par|[from] Stealth Rock
|move|p1a: Tinkaton|Gigaton Hammer|p2a: Skarmory
|-resisted|p2a: Skarmory
|-damage|p2a: Skarmory|76/100 par
|
|-heal|p1a: Tinkaton|92/100|[from] item: Leftovers
|upkeep
|turn|11
|
|t:|1758942159
|switch|p1a: Moltres|Moltres|100/100
|move|p2a: Skarmory|Whirlwind|p1a: Moltres
|drag|p1a: Sinistcha|Sinistcha-Masterpiece|100/100
|
|upkeep
|turn|12
|
|t:|1758942169
|switch|p2a: Walking Wake|Walking Wake|100/100
|move|p1a: Sinistcha|Shadow Ball|p2a: Walking Wake
|-damage|p2a: Walking Wake|64/100
|-unboost|p2a: Walking Wake|spd|1
|
|upkeep
|turn|13
|
|t:|1758942181
|switch|p1a: Tinkaton|Tinkaton, F|92/100
|-damage|p1a: Tinkaton|75/100|[from] Spikes
|-damage|p1a: Tinkaton|69/100|[from] Stealth Rock
|move|p2a: Walking Wake|Knock Off|p1a: Tinkaton
|-resisted|p1a: Tinkaton
|-damage|p1a: Tinkaton|59/100
|-enditem|p1a: Tinkaton|Leftovers|[from] move: Knock Off|[of] p2a: Walking Wake
|-enditem|p2a: Walking Wake|Heavy-Duty Boots|[silent]|[from] ability: Pickpocket|[of] p2a: Walking Wake
|-item|p1a: Tinkaton|Heavy-Duty Boots|[from] ability: Pickpocket|[of] p2a: Walking Wake
|
|upkeep
|turn|14
|
|t:|1758942196
|switch|p1a: Samurott|Samurott-Hisui, F|100/100
|-terastallize|p2a: Walking Wake|Water
|move|p2a: Walking Wake|Surf|p1a: Samurott
|-resisted|p1a: Samurott
|-damage|p1a: Samurott|54/100
|
|upkeep
|turn|15
|
|t:|1758942204
|move|p1a: Samurott|Sucker Punch|p2a: Walking Wake
|-damage|p2a: Walking Wake|27/100
|move|p2a: Walking Wake|Draco Meteor|p1a: Samurott
|-damage|p1a: Samurott|0 fnt
|-unboost|p2a: Walking Wake|spa|2
|faint|p1a: Samurott
|
|upkeep
|
|t:|1758942211
|switch|p1a: Darkrai|Darkrai|100/100
|turn|16
|
|t:|1758942218
|-end|p2a: Walking Wake|Protosynthesis|[silent]
|switch|p2a: Ting-Lu|Ting-Lu|73/100 brn
|-damage|p2a: Ting-Lu|67/100 brn|[from] Stealth Rock
|-ability|p2a: Ting-Lu|Vessel of Ruin
|move|p1a: Darkrai|Dark Pulse|p2a: Ting-Lu
|-resisted|p2a: Ting-Lu
|-damage|p2a: Ting-Lu|58/100 brn
|
|-heal|p2a: Ting-Lu|65/100 brn|[from] item: Leftovers
|-damage|p2a: Ting-Lu|58/100 brn|[from] brn
|upkeep
|turn|17
|
|t:|1758942223
|switch|p1a: Sinistcha|Sinistcha-Masterpiece|100/100
|move|p2a: Ting-Lu|Ruination|p1a: Sinistcha|[miss]
|-miss|p2a: Ting-Lu|p1a: Sinistcha
|
|-heal|p2a: Ting-Lu|65/100 brn|[from] item: Leftovers
|-damage|p2a: Ting-Lu|58/100 brn|[from] brn
|upkeep
|turn|18
|
|t:|1758942237
|move|p1a: Sinistcha|Matcha Gotcha|p2a: Ting-Lu
|-supereffective|p2a: Ting-Lu
|-damage|p2a: Ting-Lu|33/100 brn
|move|p2a: Ting-Lu|Ruination|p1a: Sinistcha
|-damage|p1a: Sinistcha|50/100
|
|-heal|p2a: Ting-Lu|40/100 brn|[from] item: Leftovers
|-damage|p2a: Ting-Lu|33/100 brn|[from] brn
|upkeep
|turn|19
|
|t:|1758942245
|switch|p2a: Walking Wake|Walking Wake, tera:Water|27/100
|-damage|p2a: Walking Wake|15/100|[from] Stealth Rock
|move|p1a: Sinistcha|Strength Sap|p2a: Walking Wake
|-unboost|p2a: Walking Wake|atk|1
|-heal|p1a: Sinistcha|100/100
|
|upkeep
|turn|20
|
|t:|1758942256
|switch|p1a: Tinkaton|Tinkaton, F|59/100
|move|p2a: Walking Wake|Knock Off|p1a: Tinkaton
|-resisted|p1a: Tinkaton
|-damage|p1a: Tinkaton|52/100
|-enditem|p1a: Tinkaton|Heavy-Duty Boots|[from] move: Knock Off|[of] p2a: Walking Wake
|
|upkeep
|turn|21
|
|t:|1758942263
|move|p2a: Walking Wake|Surf|p1a: Tinkaton
|-damage|p1a: Tinkaton|3/100
|move|p1a: Tinkaton|Stealth Rock||[still]
|-fail|p1a: Tinkaton
|
|upkeep
|turn|22
|
|t:|1758942267
|move|p2a: Walking Wake|Surf|p1a: Tinkaton
|-damage|p1a: Tinkaton|0 fnt
|faint|p1a: Tinkaton
|
|upkeep
|
|t:|1758942269
|switch|p1a: Darkrai|Darkrai|100/100
|turn|23
|
|t:|1758942281
|-end|p2a: Walking Wake|Protosynthesis|[silent]
|switch|p2a: Ting-Lu|Ting-Lu|33/100 brn
|-damage|p2a: Ting-Lu|27/100 brn|[from] Stealth Rock
|-ability|p2a: Ting-Lu|Vessel of Ruin
|move|p1a: Darkrai|Dark Pulse|p2a: Ting-Lu
|-resisted|p2a: Ting-Lu
|-damage|p2a: Ting-Lu|18/100 brn
|
|-heal|p2a: Ting-Lu|24/100 brn|[from] item: Leftovers
|-damage|p2a: Ting-Lu|18/100 brn|[from] brn
|upkeep
|turn|24
|
|t:|1758942288
|move|p1a: Darkrai|Ice Beam|p2a: Ting-Lu
|-supereffective|p2a: Ting-Lu
|-damage|p2a: Ting-Lu|0 fnt
|faint|p2a: Ting-Lu
|
|upkeep
|
|t:|1758942291
|switch|p2a: Zamazenta|Zamazenta|100/100
|-ability|p2a: Zamazenta|Dauntless Shield|boost
|-boost|p2a: Zamazenta|def|1
|turn|25
|
|t:|1758942304
|switch|p2a: Clefable|Clefable, M|77/100
|switch|p1a: Sinistcha|Sinistcha-Masterpiece|100/100
|
|upkeep
|turn|26
|
|t:|1758942315
|switch|p1a: Moltres|Moltres|100/100
|move|p2a: Clefable|Calm Mind|p2a: Clefable
|-boost|p2a: Clefable|spa|1
|-boost|p2a: Clefable|spd|1
|
|upkeep
|turn|27
|
|t:|1758942318
|move|p1a: Moltres|Will-O-Wisp|p2a: Clefable
|-status|p2a: Clefable|brn
|move|p2a: Clefable|Knock Off|p1a: Moltres
|-damage|p1a: Moltres|96/100
|-enditem|p1a: Moltres|Heavy-Duty Boots|[from] move: Knock Off|[of] p2a: Clefable
|
|upkeep
|turn|28
|
|t:|1758942324
|move|p2a: Clefable|Moonlight|p2a: Clefable
|-heal|p2a: Clefable|100/100 brn
|move|p1a: Moltres|Roar|p2a: Clefable
|drag|p2a: Zamazenta|Zamazenta|100/100
|
|upkeep
|turn|29
|
|t:|1758942328
|move|p2a: Zamazenta|Stone Edge|p1a: Moltres
|-supereffective|p1a: Moltres
|-damage|p1a: Moltres|9/100
|move|p1a: Moltres|Will-O-Wisp|p2a: Zamazenta|[miss]
|-miss|p1a: Moltres|p2a: Zamazenta
|
|upkeep
|turn|30
|
|t:|1758942333
|move|p2a: Zamazenta|Stone Edge|p1a: Moltres|[miss]
|-miss|p2a: Zamazenta|p1a: Moltres
|move|p1a: Moltres|Will-O-Wisp|p2a: Zamazenta
|-status|p2a: Zamazenta|brn
|
|-damage|p2a: Zamazenta|94/100 brn|[from] brn
|upkeep
|turn|31
|
|t:|1758942336
|move|p2a: Zamazenta|Stone Edge|p1a: Moltres
|-supereffective|p1a: Moltres
|-crit|p1a: Moltres
|-damage|p1a: Moltres|0 fnt
|faint|p1a: Moltres
|
|-damage|p2a: Zamazenta|88/100 brn|[from] brn
|upkeep
|
|t:|1758942340
|switch|p1a: Sinistcha|Sinistcha-Masterpiece|100/100
|turn|32
|
|t:|1758942343
|switch|p2a: Skarmory|Skarmory, M|76/100 par
|-damage|p2a: Skarmory|64/100 par|[from] Stealth Rock
|move|p1a: Sinistcha|Calm Mind|p1a: Sinistcha
|-boost|p1a: Sinistcha|spa|1
|-boost|p1a: Sinistcha|spd|1
|
|upkeep
|turn|33
|
|t:|1758942347
|move|p1a: Sinistcha|Shadow Ball|p2a: Skarmory
|-damage|p2a: Skarmory|1/100 par
|move|p2a: Skarmory|Whirlwind|p1a: Sinistcha
|drag|p1a: Darkrai|Darkrai|100/100
|
|upkeep
|turn|34
|
|t:|1758942353
|move|p1a: Darkrai|Dark Pulse|p2a: Skarmory
|-damage|p2a: Skarmory|0 fnt
|faint|p2a: Skarmory
|
|upkeep
|
|t:|1758942358
|switch|p2a: Clefable|Clefable, M|100/100 brn
|turn|35
|
|t:|1758942368
|-terastallize|p1a: Darkrai|Poison
|move|p1a: Darkrai|Sludge Bomb|p2a: Clefable
|-supereffective|p2a: Clefable
|-damage|p2a: Clefable|6/100 brn
|move|p2a: Clefable|Calm Mind|p2a: Clefable
|-boost|p2a: Clefable|spa|1
|-boost|p2a: Clefable|spd|1
|
|upkeep
|turn|36
|-message|ufoz forfeited.
|
|win|Yugiohvn
|raw|Yugiohvn's rating: 1603 &rarr; <strong>1628</strong><br />(+25 for winning)
|raw|ufoz's rating: 1691 &rarr; <strong>1666</strong><br />(-25 for losing)
|l|☆ufoz
|player|p2|
|l|☆Yugiohvn
|player|p1|
