|j|☆Princessjosie1001!
|j|☆down high
|t:|1759068082
|gametype|singles
|player|p1|Princessjosie1001!|nurse|1435
|player|p2|down high|266|1403
|gen|9
|tier|[Gen 9] OU
|rated|
|rule|HP Percentage Mod: HP is shown in percentages
|rule|Endless Battle Clause: Forcing endless battles is banned
|rule|Species Clause: Limit one of each Pokémon
|rule|OHKO Clause: OHKO moves are banned
|rule|Evasion Items Clause: Evasion items are banned
|rule|Evasion Moves Clause: Evasion moves are banned
|rule|Evasion Abilities Clause: Evasion abilities are banned
|rule|Sleep Moves Clause: Sleep-inducing moves are banned
|clearpoke
|poke|p1|Yanmega, F|
|poke|p1|Cloyster, F|
|poke|p1|Salazzle, F|
|poke|p1|Espeon, M|
|poke|p1|Jirachi|
|poke|p1|Maushold-Four|
|poke|p2|Weavile, M|
|poke|p2|Cinderace, M|
|poke|p2|Great Tusk|
|poke|p2|Corviknight, M|
|poke|p2|Kyurem|
|poke|p2|Clefable, F|
|teampreview
|inactive|Battle timer is ON: inactive players will automatically lose when time's up. (requested by Princessjosie1001!)
|
|t:|1759068098
|teamsize|p1|6
|teamsize|p2|6
|start
|switch|p1a: Yanmega|Yanmega, F|100/100
|switch|p2a: Clefable|Clefable, F|100/100
|turn|1
|
|t:|1759068103
|switch|p1a: No hazard allowed|Espeon, M|100/100
|move|p2a: Clefable|Alluring Voice|p1a: No hazard allowed
|-damage|p1a: No hazard allowed|64/100
|
|upkeep
|turn|2
|
|t:|1759068109
|switch|p2a: Corviknight|Corviknight, M|100/100
|-ability|p2a: Corviknight|Pressure
|move|p1a: No hazard allowed|Trick|p2a: Corviknight
|-activate|p1a: No hazard allowed|move: Trick|[of] p2a: Corviknight
|-item|p2a: Corviknight|Choice Scarf|[from] move: Trick
|-item|p1a: No hazard allowed|Leftovers|[from] move: Trick
|
|-heal|p1a: No hazard allowed|70/100|[from] item: Leftovers
|upkeep
|turn|3
|
|t:|1759068118
|move|p1a: No hazard allowed|Thunder Wave|p2a: Corviknight
|-status|p2a: Corviknight|par
|cant|p2a: Corviknight|par
|
|-heal|p1a: No hazard allowed|75/100|[from] item: Leftovers
|upkeep
|turn|4
|
|t:|1759068124
|move|p1a: No hazard allowed|Shadow Ball|p2a: Corviknight
|-damage|p2a: Corviknight|70/100 par
|move|p2a: Corviknight|U-turn|p1a: No hazard allowed
|-supereffective|p1a: No hazard allowed
|-damage|p1a: No hazard allowed|17/100
|
|t:|1759068131
|switch|p2a: Weavile|Weavile, M|100/100|[from] U-turn
|-ability|p2a: Weavile|Pressure
|
|-heal|p1a: No hazard allowed|23/100|[from] item: Leftovers
|upkeep
|turn|5
|
|t:|1759068138
|move|p2a: Weavile|Knock Off|p1a: No hazard allowed
|-supereffective|p1a: No hazard allowed
|-damage|p1a: No hazard allowed|0 fnt
|-enditem|p1a: No hazard allowed|Leftovers|[from] move: Knock Off|[of] p2a: Weavile
|faint|p1a: No hazard allowed
|
|upkeep
|
|t:|1759068144
|switch|p1a: Cloyster|Cloyster, F|100/100
|turn|6
|
|t:|1759068150
|move|p2a: Weavile|Knock Off|p1a: Cloyster
|-damage|p1a: Cloyster|40/100
|-enditem|p1a: Cloyster|Focus Sash|[from] move: Knock Off|[of] p2a: Weavile
|move|p1a: Cloyster|Shell Smash|p1a: Cloyster
|-unboost|p1a: Cloyster|def|1
|-unboost|p1a: Cloyster|spd|1
|-boost|p1a: Cloyster|atk|2
|-boost|p1a: Cloyster|spa|2
|-boost|p1a: Cloyster|spe|2
|
|upkeep
|turn|7
|
|t:|1759068160
|move|p1a: Cloyster|Icicle Spear|p2a: Weavile
|-resisted|p2a: Weavile
|-damage|p2a: Weavile|81/100
|-resisted|p2a: Weavile
|-damage|p2a: Weavile|61/100
|-resisted|p2a: Weavile
|-damage|p2a: Weavile|42/100
|-resisted|p2a: Weavile
|-damage|p2a: Weavile|24/100
|-resisted|p2a: Weavile
|-damage|p2a: Weavile|4/100
|-hitcount|p2a: Weavile|5
|move|p2a: Weavile|Knock Off|p1a: Cloyster
|-damage|p1a: Cloyster|0 fnt
|faint|p1a: Cloyster
|
|upkeep
|
|t:|1759068173
|switch|p1a: Jirachi|Jirachi|100/100
|turn|8
|
|t:|1759068177
|move|p1a: Jirachi|U-turn|p2a: Weavile
|-supereffective|p2a: Weavile
|-damage|p2a: Weavile|0 fnt
|faint|p2a: Weavile
|
|t:|1759068186
|switch|p1a: Maushold|Maushold-Four|100/100|[from] U-turn
|
|upkeep
|
|t:|1759068194
|switch|p2a: Cinderace|Cinderace, M|100/100
|turn|9
|
|t:|1759068202
|move|p2a: Cinderace|Will-O-Wisp|p1a: Maushold|[miss]
|-miss|p2a: Cinderace|p1a: Maushold
|move|p1a: Maushold|Population Bomb|p2a: Cinderace
|-damage|p2a: Cinderace|85/100
|-damage|p2a: Cinderace|72/100
|-damage|p2a: Cinderace|57/100
|-damage|p2a: Cinderace|42/100
|-damage|p2a: Cinderace|27/100
|-hitcount|p2a: Cinderace|5
|
|upkeep
|turn|10
|
|t:|1759068213
|switch|p1a: Salazzle|Salazzle, F|100/100
|move|p2a: Cinderace|Will-O-Wisp|p1a: Salazzle
|-immune|p1a: Salazzle
|
|upkeep
|turn|11
|
|t:|1759068221
|move|p2a: Cinderace|U-turn|p1a: Salazzle
|-resisted|p1a: Salazzle
|-damage|p1a: Salazzle|91/100
|
|t:|1759068229
|switch|p2a: Corviknight|Corviknight, M|70/100 par|[from] U-turn
|-ability|p2a: Corviknight|Pressure
|move|p1a: Salazzle|Flamethrower|p2a: Corviknight
|-supereffective|p2a: Corviknight
|-damage|p2a: Corviknight|0 fnt
|faint|p2a: Corviknight
|
|upkeep
|
|t:|1759068248
|switch|p2a: Great Tusk|Great Tusk|100/100
|turn|12
|
|t:|1759068259
|move|p1a: Salazzle|Toxic|p2a: Great Tusk
|-status|p2a: Great Tusk|tox
|move|p2a: Great Tusk|Stealth Rock|p1a: Salazzle
|-sidestart|p1: Princessjosie1001!|move: Stealth Rock
|
|-damage|p2a: Great Tusk|94/100 tox|[from] psn
|upkeep
|turn|13
|
|t:|1759068266
|move|p1a: Salazzle|Flamethrower|p2a: Great Tusk
|-crit|p2a: Great Tusk
|-damage|p2a: Great Tusk|10/100 tox
|move|p2a: Great Tusk|Headlong Rush|p1a: Salazzle
|-supereffective|p1a: Salazzle
|-damage|p1a: Salazzle|0 fnt
|-unboost|p2a: Great Tusk|def|1
|-unboost|p2a: Great Tusk|spd|1
|faint|p1a: Salazzle
|
|-damage|p2a: Great Tusk|0 fnt|[from] psn
|faint|p2a: Great Tusk
|-end|p2a: Great Tusk|Protosynthesis|[silent]
|upkeep
|
|t:|1759068278
|switch|p1a: Maushold|Maushold-Four|100/100
|switch|p2a: Cinderace|Cinderace, M|27/100
|-damage|p1a: Maushold|88/100|[from] Stealth Rock
|turn|14
|
|t:|1759068291
|-terastallize|p2a: Cinderace|Fire
|move|p2a: Cinderace|Pyro Ball|p1a: Maushold
|-damage|p1a: Maushold|0 fnt
|faint|p1a: Maushold
|
|upkeep
|
|t:|1759068297
|switch|p1a: Jirachi|Jirachi|100/100
|-damage|p1a: Jirachi|94/100|[from] Stealth Rock
|turn|15
|
|t:|1759068301
|-terastallize|p1a: Jirachi|Steel
|move|p1a: Jirachi|Iron Head|p2a: Cinderace
|-resisted|p2a: Cinderace
|-damage|p2a: Cinderace|0 fnt
|faint|p2a: Cinderace
|
|upkeep
|-message|down high forfeited.
|
|win|Princessjosie1001!
|raw|Princessjosie1001!'s rating: 1435 &rarr; <strong>1453</strong><br />(+18 for winning)
|raw|down high's rating: 1403 &rarr; <strong>1385</strong><br />(-18 for losing)
|l|☆down high
|player|p2|
|l|☆Princessjosie1001!
|player|p1|
