|j|☆TackyZack
|j|☆guerrero105
|t:|1759073058
|gametype|singles
|player|p1|TackyZack|169|1462
|player|p2|guerrero105|102|1407
|gen|9
|tier|[Gen 9] OU
|rated|
|rule|HP Percentage Mod: HP is shown in percentages
|rule|Endless Battle Clause: Forcing endless battles is banned
|rule|Species Clause: Limit one of each Pokémon
|rule|OHKO Clause: OHKO moves are banned
|rule|Evasion Items Clause: Evasion items are banned
|rule|Evasion Moves Clause: Evasion moves are banned
|rule|Evasion Abilities Clause: Evasion abilities are banned
|rule|Sleep Moves Clause: Sleep-inducing moves are banned
|clearpoke
|poke|p1|Dragonite, M|
|poke|p1|Gholdengo|
|poke|p1|Regidrago|
|poke|p1|Scizor, F|
|poke|p1|Ting-Lu|
|poke|p1|Weezing-Galar, M|
|poke|p2|Tinkaton, F|
|poke|p2|Cinderace, M|
|poke|p2|Great Tusk|
|poke|p2|Sinistcha-Masterpiece|
|poke|p2|Mandibuzz, F|
|poke|p2|Slowking-Galar, M|
|teampreview
|l|☆TackyZack
|player|p1|
|j|☆TackyZack
|player|p1|TackyZack|169|
|
|t:|1759073116
|teamsize|p1|6
|teamsize|p2|6
|start
|switch|p1a: Gholdengo|Gholdengo|100/100
|switch|p2a: Cinderace|Cinderace, M|100/100
|turn|1
|
|t:|1759073123
|switch|p1a: Weezing|Weezing-Galar, M|100/100
|-ability|p1a: Weezing|Neutralizing Gas
|move|p2a: Cinderace|Pyro Ball|p1a: Weezing
|-damage|p1a: Weezing|65/100
|
|upkeep
|turn|2
|
|t:|1759073131
|move|p2a: Cinderace|U-turn|p1a: Weezing
|-resisted|p1a: Weezing
|-damage|p1a: Weezing|62/100
|
|t:|1759073134
|switch|p2a: Slowking|Slowking-Galar, M|100/100|[from] U-turn
|move|p1a: Weezing|Pain Split|p2a: Slowking
|-sethp|p2a: Slowking|77/100|[from] move: Pain Split|[silent]
|-sethp|p1a: Weezing|89/100|[from] move: Pain Split
|
|-heal|p2a: Slowking|83/100|[from] item: Leftovers
|upkeep
|turn|3
|
|t:|1759073142
|-end|p1a: Weezing|ability: Neutralizing Gas
|switch|p1a: Gholdengo|Gholdengo|100/100
|move|p2a: Slowking|Future Sight|p1a: Gholdengo
|-start|p2a: Slowking|move: Future Sight
|
|-heal|p2a: Slowking|89/100|[from] item: Leftovers
|upkeep
|turn|4
|
|t:|1759073148
|switch|p2a: Mandibuzz|Mandibuzz, F|100/100
|move|p1a: Gholdengo|Make It Rain|p2a: Mandibuzz
|-damage|p2a: Mandibuzz|31/100
|-unboost|p1a: Gholdengo|spa|1
|
|upkeep
|turn|5
|
|t:|1759073157
|switch|p2a: Cinderace|Cinderace, M|100/100
|move|p1a: Gholdengo|Make It Rain|p2a: Cinderace
|-resisted|p2a: Cinderace
|-damage|p2a: Cinderace|61/100
|-unboost|p1a: Gholdengo|spa|1
|
|-end|p1a: Gholdengo|move: Future Sight
|-resisted|p1a: Gholdengo
|-damage|p1a: Gholdengo|75/100
|upkeep
|turn|6
|
|t:|1759073168
|switch|p1a: Ting-Lu|Ting-Lu|100/100
|-ability|p1a: Ting-Lu|Vessel of Ruin
|move|p2a: Cinderace|Pyro Ball|p1a: Ting-Lu
|-damage|p1a: Ting-Lu|66/100
|-status|p1a: Ting-Lu|brn
|
|-heal|p1a: Ting-Lu|73/100 brn|[from] item: Leftovers
|-damage|p1a: Ting-Lu|66/100 brn|[from] brn
|upkeep
|turn|7
|
|t:|1759073178
|move|p2a: Cinderace|U-turn|p1a: Ting-Lu
|-start|p2a: Cinderace|typechange|Bug|[from] ability: Libero
|-supereffective|p1a: Ting-Lu
|-damage|p1a: Ting-Lu|30/100 brn
|
|t:|1759073185
|switch|p2a: Mandibuzz|Mandibuzz, F|31/100|[from] U-turn
|move|p1a: Ting-Lu|Stealth Rock|p2a: Mandibuzz
|-sidestart|p2: guerrero105|move: Stealth Rock
|
|-heal|p1a: Ting-Lu|36/100 brn|[from] item: Leftovers
|-damage|p1a: Ting-Lu|30/100 brn|[from] brn
|upkeep
|turn|8
|
|t:|1759073193
|switch|p1a: Gholdengo|Gholdengo|75/100
|move|p2a: Mandibuzz|Roost|p2a: Mandibuzz
|-heal|p2a: Mandibuzz|81/100
|-singleturn|p2a: Mandibuzz|move: Roost
|
|upkeep
|turn|9
|
|t:|1759073198
|move|p1a: Gholdengo|Thunderbolt|p2a: Mandibuzz
|-supereffective|p2a: Mandibuzz
|-damage|p2a: Mandibuzz|24/100
|move|p2a: Mandibuzz|Roost|p2a: Mandibuzz
|-heal|p2a: Mandibuzz|74/100
|-singleturn|p2a: Mandibuzz|move: Roost
|
|upkeep
|turn|10
|
|t:|1759073207
|switch|p2a: Slowking|Slowking-Galar, M|100/100
|-damage|p2a: Slowking|88/100|[from] Stealth Rock
|move|p1a: Gholdengo|Make It Rain|p2a: Slowking
|-damage|p2a: Slowking|36/100
|-unboost|p1a: Gholdengo|spa|1
|
|-heal|p2a: Slowking|43/100|[from] item: Leftovers
|upkeep
|turn|11
|
|t:|1759073221
|switch|p2a: Tinkaton|Tinkaton, F|100/100
|-damage|p2a: Tinkaton|94/100|[from] Stealth Rock
|-ability|p2a: Tinkaton|Mold Breaker
|-item|p2a: Tinkaton|Air Balloon
|move|p1a: Gholdengo|Recover|p1a: Gholdengo
|-heal|p1a: Gholdengo|100/100
|
|upkeep
|turn|12
|
|t:|1759073230
|switch|p1a: Scizor|Scizor, F|100/100
|move|p2a: Tinkaton|Thunder Wave|p1a: Scizor
|-status|p1a: Scizor|par
|
|upkeep
|turn|13
|
|t:|1759073236
|switch|p2a: Mandibuzz|Mandibuzz, F|74/100
|move|p1a: Scizor|Bullet Punch|p2a: Mandibuzz
|-damage|p2a: Mandibuzz|43/100
|
|upkeep
|turn|14
|
|t:|1759073250
|switch|p1a: Weezing|Weezing-Galar, M|89/100
|-ability|p1a: Weezing|Neutralizing Gas
|move|p2a: Mandibuzz|Roost|p2a: Mandibuzz
|-heal|p2a: Mandibuzz|93/100
|-singleturn|p2a: Mandibuzz|move: Roost
|
|upkeep
|turn|15
|
|t:|1759073271
|move|p2a: Mandibuzz|Defog|p1a: Weezing
|-unboost|p1a: Weezing|evasion|1
|-sideend|p2: guerrero105|Stealth Rock|[from] move: Defog|[of] p2a: Mandibuzz
|move|p1a: Weezing|Will-O-Wisp|p2a: Mandibuzz
|-status|p2a: Mandibuzz|brn
|
|-damage|p2a: Mandibuzz|87/100 brn|[from] brn
|upkeep
|turn|16
|
|t:|1759073278
|move|p2a: Mandibuzz|U-turn|p1a: Weezing
|-resisted|p1a: Weezing
|-damage|p1a: Weezing|88/100
|
|t:|1759073282
|switch|p2a: Slowking|Slowking-Galar, M|76/100|[from] U-turn
|move|p1a: Weezing|Sludge Bomb|p2a: Slowking
|-resisted|p2a: Slowking
|-crit|p2a: Slowking
|-damage|p2a: Slowking|63/100
|
|-heal|p2a: Slowking|70/100|[from] item: Leftovers
|upkeep
|turn|17
|
|t:|1759073290
|move|p1a: Weezing|Will-O-Wisp|p2a: Slowking
|-status|p2a: Slowking|brn
|move|p2a: Slowking|Future Sight|p1a: Weezing
|-start|p2a: Slowking|move: Future Sight
|
|-heal|p2a: Slowking|76/100 brn|[from] item: Leftovers
|-damage|p2a: Slowking|70/100 brn|[from] brn
|upkeep
|turn|18
|
|t:|1759073312
|move|p1a: Weezing|Sludge Bomb|p2a: Slowking
|-resisted|p2a: Slowking
|-damage|p2a: Slowking|62/100 brn
|-prepare|p2a: Slowking|Chilly Reception|[premajor]
|move|p2a: Slowking|Chilly Reception|p2a: Slowking
|-weather|Snowscape
|
|t:|1759073331
|switch|p2a: Cinderace|Cinderace, M|61/100|[from] Chilly Reception
|
|-weather|Snowscape|[upkeep]
|upkeep
|turn|19
|
|t:|1759073338
|-end|p1a: Weezing|ability: Neutralizing Gas
|switch|p1a: Ting-Lu|Ting-Lu|30/100 brn
|-ability|p1a: Ting-Lu|Vessel of Ruin
|move|p2a: Cinderace|Pyro Ball|p1a: Ting-Lu
|-damage|p1a: Ting-Lu|0 fnt
|faint|p1a: Ting-Lu
|
|-weather|Snowscape|[upkeep]
|-hint|Future Sight did not hit because the target is fainted.
|upkeep
|
|t:|1759073345
|switch|p1a: Regidrago|Regidrago|100/100
|turn|20
|
|t:|1759073400
|move|p1a: Regidrago|Dragon Energy|p2a: Cinderace
|-damage|p2a: Cinderace|0 fnt
|faint|p2a: Cinderace
|
|-weather|Snowscape|[upkeep]
|upkeep
|
|t:|1759073405
|switch|p2a: Tinkaton|Tinkaton, F|94/100
|-ability|p2a: Tinkaton|Mold Breaker
|-item|p2a: Tinkaton|Air Balloon
|turn|21
|
|t:|1759073412
|switch|p1a: Scizor|Scizor, F|100/100 par
|move|p2a: Tinkaton|Thunder Wave|p1a: Scizor
|-fail|p1a: Scizor|par
|
|-weather|Snowscape|[upkeep]
|upkeep
|turn|22
|
|t:|1759073418
|switch|p2a: Mandibuzz|Mandibuzz, F|87/100 brn
|cant|p1a: Scizor|par
|
|-weather|none
|-damage|p2a: Mandibuzz|80/100 brn|[from] brn
|upkeep
|turn|23
|
|t:|1759073430
|move|p2a: Mandibuzz|U-turn|p1a: Scizor
|-resisted|p1a: Scizor
|-damage|p1a: Scizor|97/100 par
|
|t:|1759073440
|switch|p2a: Tinkaton|Tinkaton, F|94/100|[from] U-turn
|-ability|p2a: Tinkaton|Mold Breaker
|-item|p2a: Tinkaton|Air Balloon
|move|p1a: Scizor|U-turn|p2a: Tinkaton
|-resisted|p2a: Tinkaton
|-damage|p2a: Tinkaton|73/100
|-enditem|p2a: Tinkaton|Air Balloon
|
|t:|1759073446
|switch|p1a: Gholdengo|Gholdengo|100/100|[from] U-turn
|
|upkeep
|turn|24
|
|t:|1759073456
|move|p2a: Tinkaton|Thunder Wave|p1a: Gholdengo
|-status|p1a: Gholdengo|par
|move|p1a: Gholdengo|Make It Rain|p2a: Tinkaton
|-damage|p2a: Tinkaton|0 fnt
|-unboost|p1a: Gholdengo|spa|1
|faint|p2a: Tinkaton
|
|upkeep
|
|t:|1759073469
|switch|p2a: Sinistcha|Sinistcha-Masterpiece|100/100
|turn|25
|
|t:|1759073478
|switch|p1a: Scizor|Scizor, F|97/100 par
|move|p2a: Sinistcha|Calm Mind|p2a: Sinistcha
|-boost|p2a: Sinistcha|spa|1
|-boost|p2a: Sinistcha|spd|1
|
|upkeep
|turn|26
|
|t:|1759073484
|move|p2a: Sinistcha|Strength Sap|p1a: Scizor
|-unboost|p1a: Scizor|atk|1
|cant|p1a: Scizor|par
|
|upkeep
|turn|27
|
|t:|1759073489
|move|p2a: Sinistcha|Shadow Ball|p1a: Scizor
|-damage|p1a: Scizor|29/100 par
|move|p1a: Scizor|Knock Off|p2a: Sinistcha
|-supereffective|p2a: Sinistcha
|-damage|p2a: Sinistcha|19/100
|-enditem|p2a: Sinistcha|Leftovers|[from] move: Knock Off|[of] p1a: Scizor
|
|upkeep
|turn|28
|
|t:|1759073501
|move|p2a: Sinistcha|Strength Sap|p1a: Scizor
|-unboost|p1a: Scizor|atk|1
|-heal|p2a: Sinistcha|100/100
|cant|p1a: Scizor|par
|
|upkeep
|turn|29
|
|t:|1759073508
|move|p2a: Sinistcha|Shadow Ball|p1a: Scizor
|-damage|p1a: Scizor|0 fnt
|faint|p1a: Scizor
|
|upkeep
|
|t:|1759073520
|switch|p1a: Regidrago|Regidrago|100/100
|turn|30
|
|t:|1759073524
|move|p1a: Regidrago|Dragon Energy|p2a: Sinistcha
|-damage|p2a: Sinistcha|9/100
|move|p2a: Sinistcha|Shadow Ball|p1a: Regidrago
|-damage|p1a: Regidrago|45/100
|
|upkeep
|turn|31
|
|t:|1759073566
|move|p1a: Regidrago|Dragon Energy|p2a: Sinistcha
|-damage|p2a: Sinistcha|0 fnt
|faint|p2a: Sinistcha
|
|upkeep
|
|t:|1759073569
|switch|p2a: Slowking|Slowking-Galar, M|62/100 brn
|turn|32
|
|t:|1759073574
|switch|p1a: Weezing|Weezing-Galar, M|88/100
|-ability|p1a: Weezing|Neutralizing Gas
|-prepare|p2a: Slowking|Chilly Reception|[premajor]
|move|p2a: Slowking|Chilly Reception|p2a: Slowking
|-weather|Snowscape
|
|t:|1759073581
|switch|p2a: Mandibuzz|Mandibuzz, F|80/100 brn|[from] Chilly Reception
|
|-weather|Snowscape|[upkeep]
|-damage|p2a: Mandibuzz|74/100 brn|[from] brn
|upkeep
|turn|33
|
|t:|1759073584
|switch|p2a: Slowking|Slowking-Galar, M|62/100 brn
|move|p1a: Weezing|Sludge Bomb|p2a: Slowking
|-resisted|p2a: Slowking
|-damage|p2a: Slowking|53/100 brn
|
|-weather|Snowscape|[upkeep]
|-heal|p2a: Slowking|59/100 brn|[from] item: Leftovers
|-damage|p2a: Slowking|53/100 brn|[from] brn
|upkeep
|turn|34
|
|t:|1759073590
|move|p1a: Weezing|Sludge Bomb|p2a: Slowking
|-resisted|p2a: Slowking
|-damage|p2a: Slowking|45/100 brn
|move|p2a: Slowking|Future Sight|p1a: Weezing
|-start|p2a: Slowking|move: Future Sight
|
|-weather|Snowscape|[upkeep]
|-heal|p2a: Slowking|52/100 brn|[from] item: Leftovers
|-damage|p2a: Slowking|45/100 brn|[from] brn
|upkeep
|turn|35
|
|t:|1759073595
|move|p1a: Weezing|Sludge Bomb|p2a: Slowking
|-resisted|p2a: Slowking
|-damage|p2a: Slowking|37/100 brn
|-prepare|p2a: Slowking|Chilly Reception|[premajor]
|move|p2a: Slowking|Chilly Reception|p2a: Slowking
|
|t:|1759073602
|switch|p2a: Mandibuzz|Mandibuzz, F|74/100 brn|[from] Chilly Reception
|
|-weather|Snowscape|[upkeep]
|-damage|p2a: Mandibuzz|68/100 brn|[from] brn
|upkeep
|turn|36
|
|t:|1759073610
|-end|p1a: Weezing|ability: Neutralizing Gas
|switch|p1a: Gholdengo|Gholdengo|100/100 par
|move|p2a: Mandibuzz|U-turn|p1a: Gholdengo
|-resisted|p1a: Gholdengo
|-damage|p1a: Gholdengo|99/100 par
|
|t:|1759073618
|switch|p2a: Slowking|Slowking-Galar, M|37/100 brn|[from] U-turn
|
|-weather|none
|-end|p1a: Gholdengo|move: Future Sight
|-resisted|p1a: Gholdengo
|-damage|p1a: Gholdengo|73/100 par
|-heal|p2a: Slowking|43/100 brn|[from] item: Leftovers
|-damage|p2a: Slowking|37/100 brn|[from] brn
|upkeep
|turn|37
|
|t:|1759073626
|switch|p2a: Mandibuzz|Mandibuzz, F|68/100 brn
|move|p1a: Gholdengo|Make It Rain|p2a: Mandibuzz
|-damage|p2a: Mandibuzz|0 fnt
|-unboost|p1a: Gholdengo|spa|1
|faint|p2a: Mandibuzz
|
|upkeep
|
|t:|1759073635
|switch|p2a: Slowking|Slowking-Galar, M|70/100 brn
|turn|38
|
|t:|1759073638
|move|p1a: Gholdengo|Nasty Plot|p1a: Gholdengo
|-boost|p1a: Gholdengo|spa|2
|-prepare|p2a: Slowking|Chilly Reception|[premajor]
|move|p2a: Slowking|Chilly Reception|p2a: Slowking
|-weather|Snowscape
|
|t:|1759073644
|switch|p2a: Great Tusk|Great Tusk|100/100|[from] Chilly Reception
|-enditem|p2a: Great Tusk|Booster Energy
|-activate|p2a: Great Tusk|ability: Protosynthesis|[fromitem]
|-start|p2a: Great Tusk|protosynthesisspe
|
|-weather|Snowscape|[upkeep]
|upkeep
|turn|39
|
|t:|1759073647
|-end|p2a: Great Tusk|Protosynthesis|[silent]
|switch|p2a: Slowking|Slowking-Galar, M|100/100 brn
|move|p1a: Gholdengo|Make It Rain|p2a: Slowking
|-damage|p2a: Slowking|20/100 brn
|-unboost|p1a: Gholdengo|spa|1
|
|-weather|Snowscape|[upkeep]
|-heal|p2a: Slowking|26/100 brn|[from] item: Leftovers
|-damage|p2a: Slowking|20/100 brn|[from] brn
|upkeep
|turn|40
|
|t:|1759073656
|move|p1a: Gholdengo|Make It Rain|p2a: Slowking
|-damage|p2a: Slowking|0 fnt
|-unboost|p1a: Gholdengo|spa|1
|faint|p2a: Slowking
|
|-weather|Snowscape|[upkeep]
|upkeep
|
|t:|1759073659
|switch|p2a: Great Tusk|Great Tusk|100/100
|turn|41
|
|t:|1759073662
|move|p2a: Great Tusk|Headlong Rush|p1a: Gholdengo
|-supereffective|p1a: Gholdengo
|-damage|p1a: Gholdengo|0 fnt
|-unboost|p2a: Great Tusk|def|1
|-unboost|p2a: Great Tusk|spd|1
|faint|p1a: Gholdengo
|
|-weather|Snowscape|[upkeep]
|upkeep
|
|t:|1759073665
|switch|p1a: Regidrago|Regidrago|45/100
|turn|42
|
|t:|1759073675
|-terastallize|p2a: Great Tusk|Ice
|move|p1a: Regidrago|Draco Meteor|p2a: Great Tusk
|-damage|p2a: Great Tusk|0 fnt
|-unboost|p1a: Regidrago|spa|2
|faint|p2a: Great Tusk
|-end|p2a: Great Tusk|Protosynthesis|[silent]
|
|win|TackyZack
|raw|TackyZack's rating: 1462 &rarr; <strong>1479</strong><br />(+17 for winning)
|raw|guerrero105's rating: 1407 &rarr; <strong>1390</strong><br />(-17 for losing)
|c|☆TackyZack|Gg
|l|☆guerrero105
|player|p2|
|l|☆TackyZack
|player|p1|
