|j|‽oehtwashere
|j|☆Omari P
|t:|1758969054
|gametype|singles
|player|p1|oehtwashere|supernerd|1741
|player|p2|Omari P|pokemonrangerf|1757
|gen|9
|tier|[Gen 9] OU
|rated|
|rule|HP Percentage Mod: HP is shown in percentages
|rule|Endless Battle Clause: Forcing endless battles is banned
|rule|Species Clause: Limit one of each Pokémon
|rule|OHKO Clause: OHKO moves are banned
|rule|Evasion Items Clause: Evasion items are banned
|rule|Evasion Moves Clause: Evasion moves are banned
|rule|Evasion Abilities Clause: Evasion abilities are banned
|rule|Sleep Moves Clause: Sleep-inducing moves are banned
|clearpoke
|poke|p1|Enamorus, F|
|poke|p1|Primarina, F|
|poke|p1|Iron Treads|
|poke|p1|Cinderace, F|
|poke|p1|Dragonite, F|
|poke|p1|Zamazenta-*|
|poke|p2|Cinderace, F|
|poke|p2|Volcanion|
|poke|p2|Torkoal, M|
|poke|p2|Mandibuzz, F|
|poke|p2|Great Tusk|
|poke|p2|Fezandipiti, M|
|teampreview
|inactive|Battle timer is ON: inactive players will automatically lose when time's up. (requested by oehtwashere)
|j| Rizzofreko
|inactive|oehtwashere has 120 seconds left.
|inactive|Omari P has 120 seconds left.
|
|t:|1758969094
|teamsize|p1|6
|teamsize|p2|6
|start
|switch|p1a: Primarina|Primarina, F|100/100
|switch|p2a: Torkoal|Torkoal, M, shiny|100/100
|-weather|SunnyDay|[from] ability: Drought|[of] p2a: Torkoal
|turn|1
|
|t:|1758969103
|switch|p1a: Cinderace|Cinderace, F|100/100
|switch|p2a: Volcanion|Volcanion|100/100
|
|-weather|SunnyDay|[upkeep]
|upkeep
|turn|2
|
|t:|1758969124
|move|p1a: Cinderace|U-turn|p2a: Volcanion
|-resisted|p2a: Volcanion
|-damage|p2a: Volcanion|92/100
|
|t:|1758969126
|switch|p1a: Dragonite|Dragonite, F|100/100|[from] U-turn
|move|p2a: Volcanion|Fire Blast|p1a: Dragonite|[miss]
|-miss|p2a: Volcanion|p1a: Dragonite
|
|-weather|SunnyDay|[upkeep]
|upkeep
|turn|3
|j| amimec
|
|t:|1758969134
|switch|p1a: Enamorus|Enamorus, F|100/100
|move|p2a: Volcanion|Fire Blast|p1a: Enamorus|[miss]
|-miss|p2a: Volcanion|p1a: Enamorus
|
|-weather|SunnyDay|[upkeep]
|upkeep
|turn|4
|
|t:|1758969140
|move|p1a: Enamorus|Earth Power|p2a: Volcanion
|-supereffective|p2a: Volcanion
|-damage|p2a: Volcanion|0 fnt
|faint|p2a: Volcanion
|
|-weather|SunnyDay|[upkeep]
|upkeep
|
|t:|1758969143
|switch|p2a: Cinderace|Cinderace, F|100/100
|turn|5
|
|t:|1758969153
|switch|p1a: Cinderace|Cinderace, F|100/100
|move|p2a: Cinderace|Pyro Ball|p1a: Cinderace
|-resisted|p1a: Cinderace
|-damage|p1a: Cinderace|36/100
|
|-weather|SunnyDay|[upkeep]
|upkeep
|turn|6
|
|t:|1758969156
|move|p2a: Cinderace|Sucker Punch|p1a: Cinderace
|-start|p2a: Cinderace|typechange|Dark|[from] ability: Libero
|-damage|p1a: Cinderace|0 fnt
|faint|p1a: Cinderace
|
|-weather|SunnyDay|[upkeep]
|upkeep
|
|t:|1758969158
|switch|p1a: Zamazenta|Zamazenta|100/100
|-ability|p1a: Zamazenta|Dauntless Shield|boost
|-boost|p1a: Zamazenta|def|1
|turn|7
|
|t:|1758969164
|switch|p2a: Chihiro|Fezandipiti, M|100/100
|move|p1a: Zamazenta|Iron Defense|p1a: Zamazenta
|-boost|p1a: Zamazenta|def|2
|
|-weather|SunnyDay|[upkeep]
|upkeep
|turn|8
|
|t:|1758969166
|move|p1a: Zamazenta|Substitute|p1a: Zamazenta
|-start|p1a: Zamazenta|Substitute
|-damage|p1a: Zamazenta|76/100
|move|p2a: Chihiro|Moonblast|p1a: Zamazenta
|-supereffective|p1a: Zamazenta
|-end|p1a: Zamazenta|Substitute
|
|-weather|none
|-heal|p1a: Zamazenta|82/100|[from] item: Leftovers
|upkeep
|turn|9
|
|t:|1758969170
|switch|p1a: Iron Treads|Iron Treads|100/100
|move|p2a: Chihiro|Moonblast|p1a: Iron Treads
|-resisted|p1a: Iron Treads
|-damage|p1a: Iron Treads|86/100
|
|-heal|p1a: Iron Treads|92/100|[from] item: Leftovers
|upkeep
|turn|10
|
|t:|1758969174
|switch|p2a: Omari P Bird|Mandibuzz, F, shiny|100/100
|move|p1a: Iron Treads|Stealth Rock|p2a: Omari P Bird
|-sidestart|p2: Omari P|move: Stealth Rock
|
|-heal|p1a: Iron Treads|98/100|[from] item: Leftovers
|upkeep
|turn|11
|
|t:|1758969177
|-end|p1a: Iron Treads|Quark Drive|[silent]
|switch|p1a: Enamorus|Enamorus, F|100/100
|move|p2a: Omari P Bird|Defog|p1a: Enamorus
|-boost|p1a: Enamorus|evasion|1
|-sideend|p2: Omari P|Stealth Rock|[from] move: Defog|[of] p2a: Omari P Bird
|
|upkeep
|turn|12
|
|t:|1758969195
|switch|p2a: Torkoal|Torkoal, M, shiny|100/100
|-weather|SunnyDay|[from] ability: Drought|[of] p2a: Torkoal
|move|p1a: Enamorus|Earth Power|p2a: Torkoal
|-supereffective|p2a: Torkoal
|-damage|p2a: Torkoal|0 fnt
|faint|p2a: Torkoal
|
|-weather|SunnyDay|[upkeep]
|upkeep
|
|t:|1758969199
|switch|p2a: Haku|Great Tusk, shiny|100/100
|-activate|p2a: Haku|ability: Protosynthesis
|-start|p2a: Haku|protosynthesisatk
|turn|13
|
|t:|1758969208
|switch|p1a: Zamazenta|Zamazenta|82/100
|move|p2a: Haku|Ice Spinner|p1a: Zamazenta
|-crit|p1a: Zamazenta
|-damage|p1a: Zamazenta|42/100
|
|-weather|SunnyDay|[upkeep]
|-heal|p1a: Zamazenta|49/100|[from] item: Leftovers
|upkeep
|turn|14
|
|t:|1758969213
|-end|p2a: Haku|Protosynthesis|[silent]
|switch|p2a: Chihiro|Fezandipiti, M|100/100
|move|p1a: Zamazenta|Iron Defense|p1a: Zamazenta
|-boost|p1a: Zamazenta|def|2
|
|-weather|SunnyDay|[upkeep]
|-heal|p1a: Zamazenta|55/100|[from] item: Leftovers
|upkeep
|turn|15
|
|t:|1758969217
|switch|p1a: Iron Treads|Iron Treads|98/100
|switch|p2a: Cinderace|Cinderace, F|100/100
|
|-weather|SunnyDay|[upkeep]
|-heal|p1a: Iron Treads|100/100|[from] item: Leftovers
|upkeep
|turn|16
|j| wgw2333
|
|t:|1758969236
|-end|p1a: Iron Treads|Quark Drive|[silent]
|switch|p1a: Dragonite|Dragonite, F|100/100
|move|p2a: Cinderace|Pyro Ball|p1a: Dragonite
|-resisted|p1a: Dragonite
|-damage|p1a: Dragonite|68/100
|
|-weather|SunnyDay|[upkeep]
|-heal|p1a: Dragonite|74/100|[from] item: Leftovers
|upkeep
|turn|17
|inactive|Omari P has 120 seconds left.
|
|t:|1758969280
|switch|p2a: Haku|Great Tusk, shiny|100/100
|-activate|p2a: Haku|ability: Protosynthesis
|-start|p2a: Haku|protosynthesisatk
|move|p1a: Dragonite|Dragon Dance|p1a: Dragonite
|-boost|p1a: Dragonite|atk|1
|-boost|p1a: Dragonite|spe|1
|
|-weather|SunnyDay|[upkeep]
|-heal|p1a: Dragonite|80/100|[from] item: Leftovers
|upkeep
|turn|18
|
|t:|1758969291
|move|p1a: Dragonite|Extreme Speed|p2a: Haku
|-damage|p2a: Haku|70/100
|move|p2a: Haku|Ice Spinner|p1a: Dragonite
|-supereffective|p1a: Dragonite
|-damage|p1a: Dragonite|0 fnt
|faint|p1a: Dragonite
|
|-weather|SunnyDay|[upkeep]
|upkeep
|
|t:|1758969298
|switch|p1a: Primarina|Primarina, F|100/100
|turn|19
|
|t:|1758969305
|-end|p2a: Haku|Protosynthesis|[silent]
|switch|p2a: Chihiro|Fezandipiti, M|100/100
|move|p1a: Primarina|Psychic Noise|p2a: Chihiro
|-damage|p2a: Chihiro|86/100
|-start|p2a: Chihiro|move: Heal Block
|
|-weather|none
|upkeep
|turn|20
|
|t:|1758969315
|move|p2a: Chihiro|Sludge Bomb|p1a: Primarina
|-supereffective|p1a: Primarina
|-damage|p1a: Primarina|59/100
|move|p1a: Primarina|Flip Turn|p2a: Chihiro
|-damage|p2a: Chihiro|70/100
|
|t:|1758969318
|switch|p1a: Iron Treads|Iron Treads|100/100|[from] Flip Turn
|
|-end|p2a: Chihiro|move: Heal Block
|upkeep
|turn|21
|l| amimec
|
|t:|1758969333
|switch|p2a: Omari P Bird|Mandibuzz, F, shiny|100/100
|move|p1a: Iron Treads|Stealth Rock|p2a: Omari P Bird
|-sidestart|p2: Omari P|move: Stealth Rock
|
|upkeep
|turn|22
|
|t:|1758969336
|-end|p1a: Iron Treads|Quark Drive|[silent]
|switch|p1a: Enamorus|Enamorus, F|100/100
|move|p2a: Omari P Bird|Toxic|p1a: Enamorus
|-status|p1a: Enamorus|tox
|
|-damage|p1a: Enamorus|94/100 tox|[from] psn
|upkeep
|turn|23
|
|t:|1758969342
|-terastallize|p1a: Enamorus|Stellar
|move|p1a: Enamorus|Tera Blast|p2a: Omari P Bird|[anim] Tera Blast Stellar
|-damage|p2a: Omari P Bird|43/100
|-boost|p1a: Enamorus|atk|1
|-boost|p1a: Enamorus|spa|1
|move|p2a: Omari P Bird|Defog|p1a: Enamorus
|-boost|p1a: Enamorus|evasion|1
|-sideend|p2: Omari P|Stealth Rock|[from] move: Defog|[of] p2a: Omari P Bird
|
|-damage|p1a: Enamorus|82/100 tox|[from] psn
|upkeep
|turn|24
|
|t:|1758969346
|move|p1a: Enamorus|Tera Blast|p2a: Omari P Bird|[anim] Tera Blast Stellar
|-damage|p2a: Omari P Bird|0 fnt
|-boost|p1a: Enamorus|atk|1
|-boost|p1a: Enamorus|spa|1
|faint|p2a: Omari P Bird
|
|-damage|p1a: Enamorus|63/100 tox|[from] psn
|upkeep
|
|t:|1758969349
|switch|p2a: Haku|Great Tusk, shiny|70/100
|turn|25
|
|t:|1758969356
|switch|p1a: Primarina|Primarina, F|59/100
|move|p2a: Haku|Ice Spinner|p1a: Primarina
|-resisted|p1a: Primarina
|-damage|p1a: Primarina|37/100
|
|upkeep
|turn|26
|
|t:|1758969364
|-end|p2a: Haku|Protosynthesis|[silent]
|switch|p2a: Chihiro|Fezandipiti, M|70/100
|move|p1a: Primarina|Psychic Noise|p2a: Chihiro
|-crit|p2a: Chihiro
|-damage|p2a: Chihiro|23/100
|-start|p2a: Chihiro|move: Heal Block
|
|upkeep
|turn|27
|
|t:|1758969369
|switch|p2a: Cinderace|Cinderace, F|100/100
|move|p1a: Primarina|Psychic Noise|p2a: Cinderace
|-supereffective|p2a: Cinderace
|-damage|p2a: Cinderace|0 fnt
|faint|p2a: Cinderace
|
|upkeep
|-message|Omari P forfeited.
|
|win|oehtwashere
|raw|oehtwashere's rating: 1741 &rarr; <strong>1762</strong><br />(+21 for winning)
|raw|Omari P's rating: 1757 &rarr; <strong>1736</strong><br />(-21 for losing)
|l|☆Omari P
|player|p2|
|l| wgw2333
|l|‽oehtwashere
|player|p1|
|l| Rizzofreko
