|j|☆Ostenberg
|j|☆cozyprincemshroom
|t:|1759072560
|gametype|singles
|player|p1|Ostenberg|2|1171
|player|p2|cozyprincemshroom|waiter|1157
|gen|9
|tier|[Gen 9] OU
|rated|
|rule|HP Percentage Mod: HP is shown in percentages
|rule|Endless Battle Clause: Forcing endless battles is banned
|rule|Species Clause: Limit one of each Pokémon
|rule|OHKO Clause: OHKO moves are banned
|rule|Evasion Items Clause: Evasion items are banned
|rule|Evasion Moves Clause: Evasion moves are banned
|rule|Evasion Abilities Clause: Evasion abilities are banned
|rule|Sleep Moves Clause: Sleep-inducing moves are banned
|clearpoke
|poke|p1|Dragonite, M|
|poke|p1|Metagross|
|poke|p1|Gliscor, F|
|poke|p1|Iron Valiant|
|poke|p1|Meowscarada, F|
|poke|p1|Forretress, F|
|poke|p2|Munkidori, M|
|poke|p2|Lycanroc-Dusk, M|
|poke|p2|Altaria, M|
|poke|p2|Poliwrath, M|
|poke|p2|Meganium, F|
|poke|p2|Inteleon, M|
|teampreview
|inactive|Battle timer is ON: inactive players will automatically lose when time's up. (requested by cozyprincemshroom)
|
|t:|1759072591
|teamsize|p1|6
|teamsize|p2|6
|start
|switch|p1a: Metagross|Metagross|100/100
|switch|p2a: Lycanroc|Lycanroc-Dusk, M|100/100
|turn|1
|
|t:|1759072598
|switch|p2a: Inteleon|Inteleon, M|100/100
|move|p1a: Metagross|Heavy Slam|p2a: Inteleon
|-resisted|p2a: Inteleon
|-damage|p2a: Inteleon|35/100
|
|upkeep
|turn|2
|inactive|Ostenberg has 120 seconds left.
|
|t:|1759072629
|-terastallize|p1a: Metagross|Dark
|move|p2a: Inteleon|Scald|p1a: Metagross
|-damage|p1a: Metagross|43/100
|-damage|p2a: Inteleon|25/100|[from] item: Life Orb
|move|p1a: Metagross|Knock Off|p2a: Inteleon
|-damage|p2a: Inteleon|0 fnt
|-enditem|p2a: Inteleon|Life Orb|[from] move: Knock Off|[of] p1a: Metagross
|faint|p2a: Inteleon
|
|upkeep
|
|t:|1759072641
|switch|p2a: Poliwrath|Poliwrath, M|100/100
|turn|3
|inactive|Ostenberg has 120 seconds left.
|
|t:|1759072664
|move|p1a: Metagross|Psychic Fangs|p2a: Poliwrath
|-supereffective|p2a: Poliwrath
|-damage|p2a: Poliwrath|11/100
|move|p2a: Poliwrath|Bulk Up|p2a: Poliwrath
|-boost|p2a: Poliwrath|atk|1
|-boost|p2a: Poliwrath|def|1
|
|-heal|p2a: Poliwrath|18/100|[from] item: Leftovers
|upkeep
|turn|4
|inactive|Ostenberg has 120 seconds left.
|
|t:|1759072673
|move|p1a: Metagross|Bullet Punch|p2a: Poliwrath
|-resisted|p2a: Poliwrath
|-damage|p2a: Poliwrath|10/100
|move|p2a: Poliwrath|Drain Punch|p1a: Metagross
|-supereffective|p1a: Metagross
|-damage|p1a: Metagross|0 fnt
|-heal|p2a: Poliwrath|30/100|[from] drain|[of] p1a: Metagross
|faint|p1a: Metagross
|
|-heal|p2a: Poliwrath|36/100|[from] item: Leftovers
|upkeep
|inactive|Ostenberg has 120 seconds left.
|inactive|Ostenberg has 90 seconds left.
|
|t:|1759072709
|switch|p1a: Dragonite|Dragonite, M|100/100
|turn|5
|
|t:|1759072716
|move|p1a: Dragonite|Dragon Dance|p1a: Dragonite
|-boost|p1a: Dragonite|atk|1
|-boost|p1a: Dragonite|spe|1
|move|p2a: Poliwrath|Rock Slide|p1a: Dragonite
|-supereffective|p1a: Dragonite
|-damage|p1a: Dragonite|69/100
|-enditem|p1a: Dragonite|Weakness Policy
|-boost|p1a: Dragonite|atk|2|[from] item: Weakness Policy
|-boost|p1a: Dragonite|spa|2|[from] item: Weakness Policy
|
|-heal|p2a: Poliwrath|43/100|[from] item: Leftovers
|upkeep
|turn|6
|
|t:|1759072728
|move|p1a: Dragonite|Extreme Speed|p2a: Poliwrath
|-damage|p2a: Poliwrath|0 fnt
|faint|p2a: Poliwrath
|
|upkeep
|
|t:|1759072733
|switch|p2a: Munkidori|Munkidori, M|100/100
|turn|7
|inactive|Ostenberg has 90 seconds left.
|
|t:|1759072770
|move|p1a: Dragonite|Extreme Speed|p2a: Munkidori
|-damage|p2a: Munkidori|0 fnt
|faint|p2a: Munkidori
|
|upkeep
|-message|cozyprincemshroom forfeited.
|
|win|Ostenberg
|raw|Ostenberg's rating: 1171 &rarr; <strong>1195</strong><br />(+24 for winning)
|raw|cozyprincemshroom's rating: 1157 &rarr; <strong>1133</strong><br />(-24 for losing)
|l|☆cozyprincemshroom
|player|p2|
