|j|☆w86gwv868ywvev9yvy
|j|☆wizzz7
|t:|1758948531
|gametype|singles
|player|p1|w86gwv868ywvev9yvy|2|1315
|player|p2|wizzz7|selene-masters|1300
|gen|9
|tier|[Gen 9] OU
|rated|
|rule|HP Percentage Mod: HP is shown in percentages
|rule|Endless Battle Clause: Forcing endless battles is banned
|rule|Species Clause: Limit one of each Pokémon
|rule|OHKO Clause: OHKO moves are banned
|rule|Evasion Items Clause: Evasion items are banned
|rule|Evasion Moves Clause: Evasion moves are banned
|rule|Evasion Abilities Clause: Evasion abilities are banned
|rule|Sleep Moves Clause: Sleep-inducing moves are banned
|clearpoke
|poke|p1|Ditto|
|poke|p1|Maushold-Four|
|poke|p1|Zoroark-Hisui, M|
|poke|p1|Gliscor, M|
|poke|p1|Garganacl, M|
|poke|p1|Clefable, M|
|poke|p2|Tornadus-Therian, M|
|poke|p2|Alomomola, F|
|poke|p2|Ting-Lu|
|poke|p2|Gholdengo|
|poke|p2|Clefable, F|
|poke|p2|Great Tusk|
|teampreview
|inactive|Battle timer is ON: inactive players will automatically lose when time's up. (requested by w86gwv868ywvev9yvy)
|
|t:|1758948548
|teamsize|p1|6
|teamsize|p2|6
|start
|switch|p1a: Gliscor|Gliscor, M|100/100
|switch|p2a: Tornadus|Tornadus-Therian, M|100/100
|turn|1
|
|t:|1758948557
|move|p1a: Gliscor|U-turn|p2a: Tornadus
|-resisted|p2a: Tornadus
|-damage|p2a: Tornadus|90/100
|
|t:|1758948561
|switch|p1a: Garganacl|Garganacl, M|100/100|[from] U-turn
|move|p2a: Tornadus|U-turn|p1a: Garganacl
|-damage|p1a: Garganacl|91/100
|
|t:|1758948573
|switch|p2a: Clefable|Clefable, F|100/100|[from] U-turn
|
|-heal|p1a: Garganacl|97/100|[from] item: Leftovers
|upkeep
|turn|2
|
|t:|1758948582
|move|p2a: Clefable|Knock Off|p1a: Garganacl
|-damage|p1a: Garganacl|88/100
|-enditem|p1a: Garganacl|Leftovers|[from] move: Knock Off|[of] p2a: Clefable
|move|p1a: Garganacl|Salt Cure|p2a: Clefable
|-damage|p2a: Clefable|85/100
|-start|p2a: Clefable|Salt Cure
|
|-heal|p2a: Clefable|91/100|[from] item: Leftovers
|upkeep
|turn|3
|
|t:|1758948603
|switch|p1a: Clefable|Clefable, M|100/100
|move|p2a: Clefable|Stealth Rock|p1a: Clefable
|-sidestart|p1: w86gwv868ywvev9yvy|move: Stealth Rock
|
|-heal|p2a: Clefable|97/100|[from] item: Leftovers
|upkeep
|turn|4
|
|t:|1758948627
|switch|p2a: Gholdengo|Gholdengo|100/100
|-item|p2a: Gholdengo|Air Balloon
|move|p1a: Clefable|Cosmic Power|p1a: Clefable
|-boost|p1a: Clefable|def|1
|-boost|p1a: Clefable|spd|1
|
|upkeep
|turn|5
|
|t:|1758948637
|-terastallize|p1a: Clefable|Steel
|move|p2a: Gholdengo|Make It Rain|p1a: Clefable
|-resisted|p1a: Clefable
|-damage|p1a: Clefable|84/100
|-unboost|p2a: Gholdengo|spa|1
|move|p1a: Clefable|Cosmic Power|p1a: Clefable
|-boost|p1a: Clefable|def|1
|-boost|p1a: Clefable|spd|1
|
|-heal|p1a: Clefable|90/100|[from] item: Leftovers
|upkeep
|turn|6
|
|t:|1758948650
|switch|p2a: Ting-Lu|Ting-Lu|100/100
|-ability|p2a: Ting-Lu|Vessel of Ruin
|move|p1a: Clefable|Cosmic Power|p1a: Clefable
|-boost|p1a: Clefable|def|1
|-boost|p1a: Clefable|spd|1
|
|-heal|p1a: Clefable|96/100|[from] item: Leftovers
|upkeep
|turn|7
|
|t:|1758948659
|move|p1a: Clefable|Cosmic Power|p1a: Clefable
|-boost|p1a: Clefable|def|1
|-boost|p1a: Clefable|spd|1
|move|p2a: Ting-Lu|Whirlwind|p1a: Clefable
|drag|p1a: Gliscor|Gliscor, M|100/100
|-damage|p1a: Gliscor|88/100|[from] Stealth Rock
|
|upkeep
|turn|8
|
|t:|1758948674
|move|p1a: Gliscor|U-turn|p2a: Ting-Lu
|-supereffective|p2a: Ting-Lu
|-damage|p2a: Ting-Lu|82/100
|
|t:|1758948677
|switch|p1a: Gliscor|Gliscor, M|100/100|[from] U-turn
|-damage|p1a: Gliscor|88/100|[from] Stealth Rock
|move|p2a: Ting-Lu|Spikes|p1a: Gliscor
|-sidestart|p1: w86gwv868ywvev9yvy|Spikes
|
|-heal|p2a: Ting-Lu|88/100|[from] item: Leftovers
|-status|p1a: Gliscor|tox|[from] item: Toxic Orb
|upkeep
|turn|9
|
|t:|1758948694
|switch|p2a: Clefable|Clefable, F|97/100
|move|p1a: Gliscor|Toxic|p2a: Clefable
|-status|p2a: Clefable|tox
|
|-heal|p2a: Clefable|100/100 tox|[from] item: Leftovers
|-heal|p1a: Gliscor|100/100 tox|[from] ability: Poison Heal
|upkeep
|turn|10
|
|t:|1758948706
|move|p1a: Gliscor|Substitute|p1a: Gliscor
|-start|p1a: Gliscor|Substitute
|-damage|p1a: Gliscor|76/100 tox
|move|p2a: Clefable|Moonblast|p1a: Gliscor
|-end|p1a: Gliscor|Substitute
|
|-heal|p1a: Gliscor|88/100 tox|[from] ability: Poison Heal
|upkeep
|turn|11
|
|t:|1758948715
|switch|p1a: Clefable|Clefable, M, tera:Steel|96/100
|-damage|p1a: Clefable|90/100|[from] Stealth Rock
|-damage|p1a: Clefable|78/100|[from] Spikes
|move|p2a: Clefable|Moonblast|p1a: Clefable
|-resisted|p1a: Clefable
|-damage|p1a: Clefable|63/100
|
|-heal|p1a: Clefable|69/100|[from] item: Leftovers
|upkeep
|turn|12
|
|t:|1758948726
|switch|p1a: Maushold|Maushold-Four|100/100
|-damage|p1a: Maushold|88/100|[from] Stealth Rock
|-damage|p1a: Maushold|76/100|[from] Spikes
|switch|p2a: Ting-Lu|Ting-Lu|88/100
|-ability|p2a: Ting-Lu|Vessel of Ruin
|
|-heal|p2a: Ting-Lu|95/100|[from] item: Leftovers
|upkeep
|turn|13
|
|t:|1758948740
|-terastallize|p2a: Ting-Lu|Ghost
|move|p1a: Maushold|Tidy Up|p1a: Maushold
|-sideend|p1: w86gwv868ywvev9yvy|Spikes
|-sideend|p1: w86gwv868ywvev9yvy|Stealth Rock
|-activate|p1a: Maushold|move: Tidy Up
|-boost|p1a: Maushold|atk|1
|-boost|p1a: Maushold|spe|1
|move|p2a: Ting-Lu|Spikes|p1a: Maushold
|-sidestart|p1: w86gwv868ywvev9yvy|Spikes
|
|-heal|p2a: Ting-Lu|100/100|[from] item: Leftovers
|upkeep
|turn|14
|
|t:|1758948752
|move|p1a: Maushold|Encore|p2a: Ting-Lu
|-start|p2a: Ting-Lu|Encore
|move|p2a: Ting-Lu|Spikes|p1a: Maushold
|-sidestart|p1: w86gwv868ywvev9yvy|Spikes
|
|upkeep
|turn|15
|
|t:|1758948759
|switch|p2a: Alomomola|Alomomola, F|100/100
|move|p1a: Maushold|Tidy Up|p1a: Maushold
|-sideend|p1: w86gwv868ywvev9yvy|Spikes
|-activate|p1a: Maushold|move: Tidy Up
|-boost|p1a: Maushold|atk|1
|-boost|p1a: Maushold|spe|1
|
|upkeep
|turn|16
|
|t:|1758948769
|switch|p2a: Ting-Lu|Ting-Lu, tera:Ghost|100/100
|-ability|p2a: Ting-Lu|Vessel of Ruin
|move|p1a: Maushold|Population Bomb|p2a: Ting-Lu
|-immune|p2a: Ting-Lu
|
|upkeep
|turn|17
|
|t:|1758948777
|move|p1a: Maushold|Bite|p2a: Ting-Lu
|-supereffective|p2a: Ting-Lu
|-damage|p2a: Ting-Lu|50/100
|move|p2a: Ting-Lu|Whirlwind|p1a: Maushold
|drag|p1a: Gliscor|Gliscor, M|88/100 tox
|
|-heal|p2a: Ting-Lu|57/100|[from] item: Leftovers
|-heal|p1a: Gliscor|100/100 tox|[from] ability: Poison Heal
|upkeep
|turn|18
|
|t:|1758948789
|switch|p1a: Gliscor|Gliscor, M|88/100
|switch|p2a: Clefable|Clefable, F|100/100 tox
|
|upkeep
|turn|19
|
|t:|1758948798
|move|p1a: Gliscor|Trick|p2a: Clefable
|-activate|p1a: Gliscor|move: Trick|[of] p2a: Clefable
|-item|p2a: Clefable|Choice Scarf|[from] move: Trick
|-item|p1a: Gliscor|Leftovers|[from] move: Trick
|move|p2a: Clefable|Knock Off|p1a: Gliscor
|-supereffective|p1a: Gliscor
|-damage|p1a: Gliscor|24/100
|replace|p1a: Zoroark|Zoroark-Hisui, M
|-end|p1a: Zoroark|Illusion
|-enditem|p1a: Zoroark|Leftovers|[from] move: Knock Off|[of] p2a: Clefable
|
|upkeep
|turn|20
|
|t:|1758948823
|switch|p2a: Gholdengo|Gholdengo|100/100
|-item|p2a: Gholdengo|Air Balloon
|move|p1a: Zoroark|U-turn|p2a: Gholdengo
|-resisted|p2a: Gholdengo
|-crit|p2a: Gholdengo
|-damage|p2a: Gholdengo|94/100
|-enditem|p2a: Gholdengo|Air Balloon
|
|t:|1758948834
|switch|p1a: Gliscor|Gliscor, M|100/100 tox|[from] U-turn
|
|upkeep
|turn|21
|
|t:|1758948840
|move|p2a: Gholdengo|Make It Rain|p1a: Gliscor
|-damage|p1a: Gliscor|46/100 tox
|-unboost|p2a: Gholdengo|spa|1
|move|p1a: Gliscor|Earthquake|p2a: Gholdengo
|-supereffective|p2a: Gholdengo
|-damage|p2a: Gholdengo|21/100
|
|-heal|p1a: Gliscor|59/100 tox|[from] ability: Poison Heal
|upkeep
|turn|22
|
|t:|1758948851
|switch|p2a: Tornadus|Tornadus-Therian, M|100/100
|move|p1a: Gliscor|Earthquake|p2a: Tornadus
|-immune|p2a: Tornadus
|
|-heal|p1a: Gliscor|71/100 tox|[from] ability: Poison Heal
|upkeep
|turn|23
|
|t:|1758948860
|move|p1a: Gliscor|Protect|p1a: Gliscor
|-singleturn|p1a: Gliscor|Protect
|move|p2a: Tornadus|Hurricane|p1a: Gliscor
|-activate|p1a: Gliscor|move: Protect
|
|-heal|p1a: Gliscor|84/100 tox|[from] ability: Poison Heal
|upkeep
|turn|24
|
|t:|1758948870
|switch|p1a: Garganacl|Garganacl, M|88/100
|move|p2a: Tornadus|Hurricane|p1a: Garganacl
|-resisted|p1a: Garganacl
|-damage|p1a: Garganacl|59/100
|-start|p1a: Garganacl|confusion
|
|upkeep
|turn|25
|
|t:|1758948879
|switch|p2a: Clefable|Clefable, F|100/100 tox
|-activate|p1a: Garganacl|confusion
|-damage|p1a: Garganacl|54/100|[from] confusion
|
|upkeep
|turn|26
|
|t:|1758948889
|move|p2a: Clefable|Knock Off|p1a: Garganacl
|-damage|p1a: Garganacl|47/100
|-activate|p1a: Garganacl|confusion
|move|p1a: Garganacl|Recover|p1a: Garganacl
|-heal|p1a: Garganacl|97/100
|
|upkeep
|turn|27
|
|t:|1758948896
|switch|p2a: Alomomola|Alomomola, F|100/100
|-activate|p1a: Garganacl|confusion
|move|p1a: Garganacl|Curse|p1a: Garganacl
|-unboost|p1a: Garganacl|spe|1
|-boost|p1a: Garganacl|atk|1
|-boost|p1a: Garganacl|def|1
|
|upkeep
|turn|28
|
|t:|1758948904
|move|p2a: Alomomola|Wish|p2a: Alomomola
|-activate|p1a: Garganacl|confusion
|move|p1a: Garganacl|Salt Cure|p2a: Alomomola
|-damage|p2a: Alomomola|89/100
|-start|p2a: Alomomola|Salt Cure
|
|-damage|p2a: Alomomola|64/100|[from] Salt Cure
|upkeep
|turn|29
|
|t:|1758948922
|move|p2a: Alomomola|Flip Turn|p1a: Garganacl
|-supereffective|p1a: Garganacl
|-damage|p1a: Garganacl|83/100
|
|t:|1758948926
|switch|p2a: Gholdengo|Gholdengo|21/100|[from] Flip Turn
|-end|p1a: Garganacl|confusion
|move|p1a: Garganacl|Curse|p1a: Garganacl
|-unboost|p1a: Garganacl|spe|1
|-boost|p1a: Garganacl|atk|1
|-boost|p1a: Garganacl|def|1
|
|-heal|p2a: Gholdengo|100/100|[from] move: Wish|[wisher] Alomomola
|upkeep
|turn|30
|
|t:|1758948942
|switch|p1a: Ditto|Ditto|100/100
|-transform|p1a: Ditto|p2a: Gholdengo|[from] ability: Imposter
|move|p2a: Gholdengo|Nasty Plot|p2a: Gholdengo
|-boost|p2a: Gholdengo|spa|2
|
|upkeep
|turn|31
|
|t:|1758948963
|switch|p1a: Maushold|Maushold-Four|76/100
|move|p2a: Gholdengo|Shadow Ball|p1a: Maushold
|-immune|p1a: Maushold
|
|upkeep
|turn|32
|
|t:|1758948970
|move|p1a: Maushold|Bite|p2a: Gholdengo
|-supereffective|p2a: Gholdengo
|-damage|p2a: Gholdengo|52/100
|cant|p2a: Gholdengo|flinch
|
|upkeep
|turn|33
|
|t:|1758948977
|move|p1a: Maushold|Bite|p2a: Gholdengo
|-supereffective|p2a: Gholdengo
|-damage|p2a: Gholdengo|5/100
|move|p2a: Gholdengo|Make It Rain|p1a: Maushold
|-damage|p1a: Maushold|0 fnt
|-unboost|p2a: Gholdengo|spa|1
|faint|p1a: Maushold
|
|upkeep
|
|t:|1758948994
|switch|p1a: Ditto|Ditto|100/100
|-transform|p1a: Ditto|p2a: Gholdengo|[from] ability: Imposter
|turn|34
|
|t:|1758948999
|switch|p2a: Ting-Lu|Ting-Lu, tera:Ghost|57/100
|-ability|p2a: Ting-Lu|Vessel of Ruin
|move|p1a: Ditto|Shadow Ball|p2a: Ting-Lu
|-supereffective|p2a: Ting-Lu
|-damage|p2a: Ting-Lu|5/100
|
|-heal|p2a: Ting-Lu|11/100|[from] item: Leftovers
|upkeep
|turn|35
|
|t:|1758949011
|switch|p2a: Clefable|Clefable, F|100/100 tox
|move|p1a: Ditto|Shadow Ball|p2a: Clefable
|-damage|p2a: Clefable|61/100 tox
|-unboost|p2a: Clefable|spd|1
|
|upkeep
|turn|36
|
|t:|1758949021
|switch|p1a: Gliscor|Gliscor, M|84/100 tox
|move|p2a: Clefable|Knock Off|p1a: Gliscor
|-damage|p1a: Gliscor|73/100 tox
|-enditem|p1a: Gliscor|Toxic Orb|[from] move: Knock Off|[of] p2a: Clefable
|
|-heal|p1a: Gliscor|85/100 tox|[from] ability: Poison Heal
|upkeep
|turn|37
|
|t:|1758949031
|switch|p2a: Alomomola|Alomomola, F|97/100
|move|p1a: Gliscor|Toxic|p2a: Alomomola
|-status|p2a: Alomomola|tox
|
|-heal|p1a: Gliscor|98/100 tox|[from] ability: Poison Heal
|-damage|p2a: Alomomola|91/100 tox|[from] psn
|upkeep
|turn|38
|
|t:|1758949041
|move|p1a: Gliscor|Substitute|p1a: Gliscor
|-start|p1a: Gliscor|Substitute
|-damage|p1a: Gliscor|73/100 tox
|move|p2a: Alomomola|Wish|p2a: Alomomola
|
|-heal|p1a: Gliscor|85/100 tox|[from] ability: Poison Heal
|-damage|p2a: Alomomola|78/100 tox|[from] psn
|upkeep
|turn|39
|
|t:|1758949050
|move|p1a: Gliscor|Earthquake|p2a: Alomomola
|-damage|p2a: Alomomola|59/100 tox
|move|p2a: Alomomola|Flip Turn|p1a: Gliscor
|-supereffective|p1a: Gliscor
|-activate|p1a: Gliscor|move: Substitute|[damage]
|
|t:|1758949059
|switch|p2a: Ting-Lu|Ting-Lu, tera:Ghost|11/100|[from] Flip Turn
|-ability|p2a: Ting-Lu|Vessel of Ruin
|
|-heal|p2a: Ting-Lu|63/100|[from] move: Wish|[wisher] Alomomola
|-heal|p2a: Ting-Lu|69/100|[from] item: Leftovers
|-heal|p1a: Gliscor|98/100 tox|[from] ability: Poison Heal
|upkeep
|turn|40
|
|t:|1758949069
|switch|p2a: Alomomola|Alomomola, F|92/100 tox
|move|p1a: Gliscor|Toxic|p2a: Alomomola
|-fail|p2a: Alomomola|tox
|
|-heal|p1a: Gliscor|100/100 tox|[from] ability: Poison Heal
|-damage|p2a: Alomomola|86/100 tox|[from] psn
|upkeep
|turn|41
|
|t:|1758949089
|switch|p1a: Garganacl|Garganacl, M|83/100
|move|p2a: Alomomola|Wish|p2a: Alomomola
|
|-damage|p2a: Alomomola|74/100 tox|[from] psn
|upkeep
|turn|42
|
|t:|1758949098
|move|p2a: Alomomola|Flip Turn|p1a: Garganacl
|-supereffective|p1a: Garganacl
|-damage|p1a: Garganacl|64/100
|
|t:|1758949102
|switch|p2a: Clefable|Clefable, F|61/100 tox|[from] Flip Turn
|move|p1a: Garganacl|Salt Cure|p2a: Clefable
|-damage|p2a: Clefable|47/100 tox
|-start|p2a: Clefable|Salt Cure
|
|-heal|p2a: Clefable|100/100 tox|[from] move: Wish|[wisher] Alomomola
|upkeep
|turn|43
|
|t:|1758949116
|move|p2a: Clefable|Moonblast|p1a: Garganacl
|-damage|p1a: Garganacl|42/100
|-unboost|p1a: Garganacl|spa|1
|move|p1a: Garganacl|Recover|p1a: Garganacl
|-heal|p1a: Garganacl|92/100
|
|upkeep
|turn|44
|
|t:|1758949124
|switch|p1a: Clefable|Clefable, M, tera:Steel|69/100
|move|p2a: Clefable|Moonblast|p1a: Clefable
|-resisted|p1a: Clefable
|-damage|p1a: Clefable|57/100
|-unboost|p1a: Clefable|spa|1
|
|-heal|p1a: Clefable|63/100|[from] item: Leftovers
|upkeep
|turn|45
|
|t:|1758949136
|switch|p2a: Ting-Lu|Ting-Lu, tera:Ghost|69/100
|-ability|p2a: Ting-Lu|Vessel of Ruin
|move|p1a: Clefable|Cosmic Power|p1a: Clefable
|-boost|p1a: Clefable|def|1
|-boost|p1a: Clefable|spd|1
|
|-heal|p1a: Clefable|69/100|[from] item: Leftovers
|-heal|p2a: Ting-Lu|75/100|[from] item: Leftovers
|upkeep
|turn|46
|
|t:|1758949146
|move|p1a: Clefable|Thunder Wave|p2a: Ting-Lu
|-status|p2a: Ting-Lu|par
|cant|p2a: Ting-Lu|par
|
|-heal|p1a: Clefable|75/100|[from] item: Leftovers
|-heal|p2a: Ting-Lu|81/100 par|[from] item: Leftovers
|upkeep
|turn|47
|
|t:|1758949156
|switch|p1a: Ditto|Ditto|100/100
|-transform|p1a: Ditto|p2a: Ting-Lu|[from] ability: Imposter
|-ability|p1a: Ditto|Vessel of Ruin
|move|p2a: Ting-Lu|Spikes|p1a: Ditto
|-sidestart|p1: w86gwv868ywvev9yvy|Spikes
|
|-heal|p2a: Ting-Lu|88/100 par|[from] item: Leftovers
|upkeep
|turn|48
|
|t:|1758949168
|move|p1a: Ditto|Spikes|p2a: Ting-Lu
|-sidestart|p2: wizzz7|Spikes
|move|p2a: Ting-Lu|Spikes|p1a: Ditto
|-sidestart|p1: w86gwv868ywvev9yvy|Spikes
|
|-heal|p2a: Ting-Lu|94/100 par|[from] item: Leftovers
|upkeep
|turn|49
|
|t:|1758949175
|switch|p2a: Great Tusk|Great Tusk|100/100
|-damage|p2a: Great Tusk|88/100|[from] Spikes
|move|p1a: Ditto|Spikes|p2a: Great Tusk
|-sidestart|p2: wizzz7|Spikes
|
|upkeep
|turn|50
|
|t:|1758949189
|switch|p1a: Ditto|Ditto|24/100
|-damage|p1a: Ditto|8/100|[from] Spikes
|move|p2a: Great Tusk|Ice Spinner|p1a: Ditto
|-damage|p1a: Ditto|0 fnt
|replace|p1a: Zoroark|Zoroark-Hisui, M
|-end|p1a: Zoroark|Illusion
|faint|p1a: Zoroark
|
|upkeep
|
|t:|1758949199
|switch|p1a: Gliscor|Gliscor, M|100/100 tox
|turn|51
|
|t:|1758949209
|-end|p2a: Great Tusk|Protosynthesis|[silent]
|switch|p2a: Alomomola|Alomomola, F|100/100 tox
|move|p1a: Gliscor|Toxic|p2a: Alomomola
|-fail|p2a: Alomomola|tox
|
|-damage|p2a: Alomomola|94/100 tox|[from] psn
|upkeep
|turn|52
|
|t:|1758949219
|move|p1a: Gliscor|Substitute|p1a: Gliscor
|-start|p1a: Gliscor|Substitute
|-damage|p1a: Gliscor|76/100 tox
|move|p2a: Alomomola|Wish|p2a: Alomomola
|
|-heal|p1a: Gliscor|88/100 tox|[from] ability: Poison Heal
|-damage|p2a: Alomomola|82/100 tox|[from] psn
|upkeep
|turn|53
|
|t:|1758949229
|move|p1a: Gliscor|Earthquake|p2a: Alomomola
|-damage|p2a: Alomomola|65/100 tox
|move|p2a: Alomomola|Flip Turn|p1a: Gliscor
|-supereffective|p1a: Gliscor
|-crit|p1a: Gliscor
|-end|p1a: Gliscor|Substitute
|
|t:|1758949236
|switch|p2a: Great Tusk|Great Tusk|88/100|[from] Flip Turn
|-damage|p2a: Great Tusk|71/100|[from] Spikes
|
|-heal|p2a: Great Tusk|100/100|[from] move: Wish|[wisher] Alomomola
|-heal|p1a: Gliscor|100/100 tox|[from] ability: Poison Heal
|upkeep
|turn|54
|
|t:|1758949248
|move|p2a: Great Tusk|Rapid Spin|p1a: Gliscor
|-damage|p1a: Gliscor|90/100 tox
|-boost|p2a: Great Tusk|spe|1
|-sideend|p2: wizzz7|Spikes|[from] move: Rapid Spin|[of] p2a: Great Tusk
|move|p1a: Gliscor|Toxic|p2a: Great Tusk
|-status|p2a: Great Tusk|tox
|
|-damage|p2a: Great Tusk|94/100 tox|[from] psn
|-heal|p1a: Gliscor|100/100 tox|[from] ability: Poison Heal
|upkeep
|turn|55
|
|t:|1758949261
|-end|p2a: Great Tusk|Protosynthesis|[silent]
|switch|p2a: Alomomola|Alomomola, F|98/100 tox
|switch|p1a: Ditto|Ditto|100/100
|-damage|p1a: Ditto|84/100|[from] Spikes
|-transform|p1a: Ditto|p2a: Alomomola|[from] ability: Imposter
|
|-damage|p2a: Alomomola|92/100 tox|[from] psn
|upkeep
|turn|56
|
|t:|1758949278
|move|p1a: Ditto|Wish|p1a: Ditto
|move|p2a: Alomomola|Wish|p2a: Alomomola
|
|-damage|p2a: Alomomola|80/100 tox|[from] psn
|upkeep
|turn|57
|
|t:|1758949286
|switch|p1a: Clefable|Clefable, M, tera:Steel|75/100
|-damage|p1a: Clefable|58/100|[from] Spikes
|move|p2a: Alomomola|Flip Turn|p1a: Clefable
|-damage|p1a: Clefable|45/100
|
|t:|1758949291
|switch|p2a: Gholdengo|Gholdengo|5/100|[from] Flip Turn
|
|-heal|p2a: Gholdengo|89/100|[from] move: Wish|[wisher] Alomomola
|-heal|p1a: Clefable|83/100|[from] move: Wish|[wisher] Ditto
|-heal|p1a: Clefable|90/100|[from] item: Leftovers
|upkeep
|turn|58
|
|t:|1758949300
|switch|p2a: Ting-Lu|Ting-Lu, tera:Ghost|94/100 par
|-ability|p2a: Ting-Lu|Vessel of Ruin
|move|p1a: Clefable|Cosmic Power|p1a: Clefable
|-boost|p1a: Clefable|def|1
|-boost|p1a: Clefable|spd|1
|
|-heal|p1a: Clefable|96/100|[from] item: Leftovers
|-heal|p2a: Ting-Lu|99/100 par|[from] item: Leftovers
|upkeep
|turn|59
|
|t:|1758949313
|move|p1a: Clefable|Cosmic Power|p1a: Clefable
|-boost|p1a: Clefable|def|1
|-boost|p1a: Clefable|spd|1
|move|p2a: Ting-Lu|Whirlwind|p1a: Clefable
|drag|p1a: Garganacl|Garganacl, M|92/100
|-damage|p1a: Garganacl|76/100|[from] Spikes
|
|-heal|p2a: Ting-Lu|100/100 par|[from] item: Leftovers
|upkeep
|turn|60
|
|t:|1758949326
|move|p1a: Garganacl|Salt Cure|p2a: Ting-Lu
|-damage|p2a: Ting-Lu|92/100 par
|-start|p2a: Ting-Lu|Salt Cure
|move|p2a: Ting-Lu|Spikes|p1a: Garganacl
|-sidestart|p1: w86gwv868ywvev9yvy|Spikes
|
|-heal|p2a: Ting-Lu|99/100 par|[from] item: Leftovers
|-damage|p2a: Ting-Lu|86/100 par|[from] Salt Cure
|upkeep
|turn|61
|
|t:|1758949337
|switch|p2a: Clefable|Clefable, F|100/100 tox
|move|p1a: Garganacl|Curse|p1a: Garganacl
|-unboost|p1a: Garganacl|spe|1
|-boost|p1a: Garganacl|atk|1
|-boost|p1a: Garganacl|def|1
|
|upkeep
|turn|62
|
|t:|1758949347
|move|p2a: Clefable|Moonblast|p1a: Garganacl
|-damage|p1a: Garganacl|52/100
|move|p1a: Garganacl|Curse|p1a: Garganacl
|-unboost|p1a: Garganacl|spe|1
|-boost|p1a: Garganacl|atk|1
|-boost|p1a: Garganacl|def|1
|
|upkeep
|turn|63
|
|t:|1758949355
|move|p2a: Clefable|Moonblast|p1a: Garganacl
|-damage|p1a: Garganacl|30/100
|move|p1a: Garganacl|Recover|p1a: Garganacl
|-heal|p1a: Garganacl|80/100
|
|upkeep
|turn|64
|
|t:|1758949363
|move|p2a: Clefable|Moonblast|p1a: Garganacl
|-damage|p1a: Garganacl|57/100
|-unboost|p1a: Garganacl|spa|1
|move|p1a: Garganacl|Curse|p1a: Garganacl
|-unboost|p1a: Garganacl|spe|1
|-boost|p1a: Garganacl|atk|1
|-boost|p1a: Garganacl|def|1
|
|upkeep
|turn|65
|
|t:|1758949372
|switch|p2a: Gholdengo|Gholdengo|89/100
|move|p1a: Garganacl|Recover|p1a: Garganacl
|-heal|p1a: Garganacl|100/100
|
|upkeep
|turn|66
|
|t:|1758949378
|move|p2a: Gholdengo|Make It Rain|p1a: Garganacl
|-supereffective|p1a: Garganacl
|-damage|p1a: Garganacl|4/100
|-unboost|p2a: Gholdengo|spa|1
|move|p1a: Garganacl|Salt Cure|p2a: Gholdengo
|-resisted|p2a: Gholdengo
|-damage|p2a: Gholdengo|70/100
|-start|p2a: Gholdengo|Salt Cure
|
|-damage|p2a: Gholdengo|45/100|[from] Salt Cure
|upkeep
|turn|67
|
|t:|1758949392
|move|p2a: Gholdengo|Shadow Ball|p1a: Garganacl
|-damage|p1a: Garganacl|0 fnt
|faint|p1a: Garganacl
|
|-damage|p2a: Gholdengo|20/100|[from] Salt Cure
|upkeep
|
|t:|1758949403
|switch|p1a: Ditto|Ditto|100/100
|-damage|p1a: Ditto|75/100|[from] Spikes
|-transform|p1a: Ditto|p2a: Gholdengo|[from] ability: Imposter
|turn|68
|
|t:|1758949410
|switch|p2a: Alomomola|Alomomola, F|100/100 tox
|move|p1a: Ditto|Shadow Ball|p2a: Alomomola
|-damage|p2a: Alomomola|66/100 tox
|-unboost|p2a: Alomomola|spd|1
|
|-damage|p2a: Alomomola|60/100 tox|[from] psn
|upkeep
|turn|69
|
|t:|1758949420
|switch|p2a: Clefable|Clefable, F|100/100 tox
|move|p1a: Ditto|Shadow Ball|p2a: Clefable
|-damage|p2a: Clefable|83/100 tox
|
|upkeep
|turn|70
|
|t:|1758949430
|switch|p1a: Gliscor|Gliscor, M|100/100 tox
|move|p2a: Clefable|Stealth Rock|p1a: Gliscor
|-sidestart|p1: w86gwv868ywvev9yvy|move: Stealth Rock
|
|upkeep
|turn|71
|
|t:|1758949436
|switch|p2a: Alomomola|Alomomola, F|93/100 tox
|switch|p1a: Ditto|Ditto|75/100
|-damage|p1a: Ditto|50/100|[from] Spikes
|-damage|p1a: Ditto|38/100|[from] Stealth Rock
|-transform|p1a: Ditto|p2a: Alomomola|[from] ability: Imposter
|
|-damage|p2a: Alomomola|87/100 tox|[from] psn
|upkeep
|turn|72
|
|t:|1758949448
|move|p1a: Ditto|Wish|p1a: Ditto
|move|p2a: Alomomola|Flip Turn|p1a: Ditto
|-resisted|p1a: Ditto
|-damage|p1a: Ditto|31/100
|
|t:|1758949451
|switch|p2a: Tornadus|Tornadus-Therian, M|100/100|[from] Flip Turn
|
|upkeep
|turn|73
|
|t:|1758949456
|move|p2a: Tornadus|Hurricane|p1a: Ditto
|-damage|p1a: Ditto|0 fnt
|faint|p1a: Ditto
|
|upkeep
|
|t:|1758949462
|switch|p1a: Gliscor|Gliscor, M|100/100 tox
|-damage|p1a: Gliscor|88/100 tox|[from] Stealth Rock
|turn|74
|
|t:|1758949467
|switch|p2a: Alomomola|Alomomola, F|100/100 tox
|move|p1a: Gliscor|Toxic|p2a: Alomomola
|-fail|p2a: Alomomola|tox
|
|-heal|p1a: Gliscor|100/100 tox|[from] ability: Poison Heal
|-damage|p2a: Alomomola|94/100 tox|[from] psn
|upkeep
|turn|75
|
|t:|1758949476
|move|p1a: Gliscor|Substitute|p1a: Gliscor
|-start|p1a: Gliscor|Substitute
|-damage|p1a: Gliscor|76/100 tox
|move|p2a: Alomomola|Flip Turn|p1a: Gliscor
|-supereffective|p1a: Gliscor
|-end|p1a: Gliscor|Substitute
|
|t:|1758949479
|switch|p2a: Tornadus|Tornadus-Therian, M|100/100|[from] Flip Turn
|
|-heal|p1a: Gliscor|88/100 tox|[from] ability: Poison Heal
|upkeep
|turn|76
|
|t:|1758949489
|move|p2a: Tornadus|U-turn|p1a: Gliscor
|-resisted|p1a: Gliscor
|-damage|p1a: Gliscor|83/100 tox
|
|t:|1758949491
|switch|p2a: Alomomola|Alomomola, F|100/100 tox|[from] U-turn
|move|p1a: Gliscor|Toxic|p2a: Alomomola
|-fail|p2a: Alomomola|tox
|
|-heal|p1a: Gliscor|95/100 tox|[from] ability: Poison Heal
|-damage|p2a: Alomomola|94/100 tox|[from] psn
|upkeep
|turn|77
|
|t:|1758949503
|move|p1a: Gliscor|Earthquake|p2a: Alomomola
|-damage|p2a: Alomomola|77/100 tox
|move|p2a: Alomomola|Flip Turn|p1a: Gliscor
|-supereffective|p1a: Gliscor
|-damage|p1a: Gliscor|71/100 tox
|
|t:|1758949506
|switch|p2a: Tornadus|Tornadus-Therian, M|100/100|[from] Flip Turn
|
|-heal|p1a: Gliscor|83/100 tox|[from] ability: Poison Heal
|upkeep
|turn|78
|
|t:|1758949515
|move|p2a: Tornadus|U-turn|p1a: Gliscor
|-resisted|p1a: Gliscor
|-damage|p1a: Gliscor|78/100 tox
|
|t:|1758949517
|switch|p2a: Alomomola|Alomomola, F|100/100 tox|[from] U-turn
|move|p1a: Gliscor|Toxic|p2a: Alomomola
|-fail|p2a: Alomomola|tox
|
|-heal|p1a: Gliscor|91/100 tox|[from] ability: Poison Heal
|-damage|p2a: Alomomola|94/100 tox|[from] psn
|upkeep
|turn|79
|
|t:|1758949527
|move|p1a: Gliscor|Substitute|p1a: Gliscor
|-start|p1a: Gliscor|Substitute
|-damage|p1a: Gliscor|66/100 tox
|move|p2a: Alomomola|Flip Turn|p1a: Gliscor
|-supereffective|p1a: Gliscor
|-crit|p1a: Gliscor
|-end|p1a: Gliscor|Substitute
|
|t:|1758949534
|switch|p2a: Tornadus|Tornadus-Therian, M|100/100|[from] Flip Turn
|
|-heal|p1a: Gliscor|78/100 tox|[from] ability: Poison Heal
|upkeep
|turn|80
|
|t:|1758949541
|move|p2a: Tornadus|U-turn|p1a: Gliscor
|-resisted|p1a: Gliscor
|-damage|p1a: Gliscor|73/100 tox
|
|t:|1758949545
|switch|p2a: Alomomola|Alomomola, F|100/100 tox|[from] U-turn
|move|p1a: Gliscor|Substitute|p1a: Gliscor
|-start|p1a: Gliscor|Substitute
|-damage|p1a: Gliscor|49/100 tox
|
|-heal|p1a: Gliscor|61/100 tox|[from] ability: Poison Heal
|-damage|p2a: Alomomola|94/100 tox|[from] psn
|upkeep
|turn|81
|
|t:|1758949555
|move|p1a: Gliscor|Protect|p1a: Gliscor
|-singleturn|p1a: Gliscor|Protect
|move|p2a: Alomomola|Wish|p2a: Alomomola
|
|-heal|p1a: Gliscor|73/100 tox|[from] ability: Poison Heal
|-damage|p2a: Alomomola|82/100 tox|[from] psn
|upkeep
|turn|82
|
|t:|1758949564
|move|p1a: Gliscor|Earthquake|p2a: Alomomola
|-damage|p2a: Alomomola|65/100 tox
|move|p2a: Alomomola|Flip Turn|p1a: Gliscor
|-supereffective|p1a: Gliscor
|-activate|p1a: Gliscor|move: Substitute|[damage]
|
|t:|1758949569
|switch|p2a: Gholdengo|Gholdengo|20/100|[from] Flip Turn
|
|-heal|p2a: Gholdengo|100/100|[from] move: Wish|[wisher] Alomomola
|-heal|p1a: Gliscor|86/100 tox|[from] ability: Poison Heal
|upkeep
|turn|83
|
|t:|1758949578
|switch|p2a: Alomomola|Alomomola, F|99/100 tox
|move|p1a: Gliscor|Toxic|p2a: Alomomola
|-fail|p2a: Alomomola|tox
|
|-heal|p1a: Gliscor|98/100 tox|[from] ability: Poison Heal
|-damage|p2a: Alomomola|92/100 tox|[from] psn
|upkeep
|turn|84
|
|t:|1758949588
|move|p1a: Gliscor|Earthquake|p2a: Alomomola
|-damage|p2a: Alomomola|75/100 tox
|move|p2a: Alomomola|Flip Turn|p1a: Gliscor
|-supereffective|p1a: Gliscor
|-end|p1a: Gliscor|Substitute
|
|t:|1758949598
|switch|p2a: Tornadus|Tornadus-Therian, M|100/100|[from] Flip Turn
|
|-heal|p1a: Gliscor|100/100 tox|[from] ability: Poison Heal
|upkeep
|turn|85
|
|t:|1758949604
|move|p2a: Tornadus|U-turn|p1a: Gliscor
|-resisted|p1a: Gliscor
|-damage|p1a: Gliscor|95/100 tox
|
|t:|1758949607
|switch|p2a: Alomomola|Alomomola, F|100/100 tox|[from] U-turn
|move|p1a: Gliscor|Substitute|p1a: Gliscor
|-start|p1a: Gliscor|Substitute
|-damage|p1a: Gliscor|70/100 tox
|
|-heal|p1a: Gliscor|83/100 tox|[from] ability: Poison Heal
|-damage|p2a: Alomomola|94/100 tox|[from] psn
|upkeep
|turn|86
|
|t:|1758949619
|move|p1a: Gliscor|Protect|p1a: Gliscor
|-singleturn|p1a: Gliscor|Protect
|move|p2a: Alomomola|Protect||[still]
|-fail|p2a: Alomomola
|
|-heal|p1a: Gliscor|95/100 tox|[from] ability: Poison Heal
|-damage|p2a: Alomomola|82/100 tox|[from] psn
|upkeep
|turn|87
|
|t:|1758949628
|move|p1a: Gliscor|Earthquake|p2a: Alomomola
|-damage|p2a: Alomomola|63/100 tox
|move|p2a: Alomomola|Flip Turn|p1a: Gliscor
|-supereffective|p1a: Gliscor
|-activate|p1a: Gliscor|move: Substitute|[damage]
|
|t:|1758949633
|switch|p2a: Tornadus|Tornadus-Therian, M|100/100|[from] Flip Turn
|
|-heal|p1a: Gliscor|100/100 tox|[from] ability: Poison Heal
|upkeep
|turn|88
|
|t:|1758949641
|move|p1a: Gliscor|Protect|p1a: Gliscor
|-singleturn|p1a: Gliscor|Protect
|move|p2a: Tornadus|U-turn|p1a: Gliscor
|-activate|p1a: Gliscor|move: Protect
|
|upkeep
|turn|89
|
|t:|1758949647
|move|p2a: Tornadus|U-turn|p1a: Gliscor
|-resisted|p1a: Gliscor
|-end|p1a: Gliscor|Substitute
|
|t:|1758949650
|switch|p2a: Alomomola|Alomomola, F|96/100 tox|[from] U-turn
|move|p1a: Gliscor|Toxic|p2a: Alomomola
|-fail|p2a: Alomomola|tox
|
|-damage|p2a: Alomomola|90/100 tox|[from] psn
|upkeep
|turn|90
|
|t:|1758949660
|move|p1a: Gliscor|Protect|p1a: Gliscor
|-singleturn|p1a: Gliscor|Protect
|move|p2a: Alomomola|Tickle|p1a: Gliscor
|-activate|p1a: Gliscor|move: Protect
|
|-damage|p2a: Alomomola|77/100 tox|[from] psn
|upkeep
|turn|91
|
|t:|1758949668
|move|p1a: Gliscor|Substitute|p1a: Gliscor
|-start|p1a: Gliscor|Substitute
|-damage|p1a: Gliscor|76/100 tox
|move|p2a: Alomomola|Flip Turn|p1a: Gliscor
|-supereffective|p1a: Gliscor
|-activate|p1a: Gliscor|move: Substitute|[damage]
|
|t:|1758949682
|switch|p2a: Tornadus|Tornadus-Therian, M|100/100|[from] Flip Turn
|
|-heal|p1a: Gliscor|88/100 tox|[from] ability: Poison Heal
|upkeep
|turn|92
|
|t:|1758949689
|move|p2a: Tornadus|U-turn|p1a: Gliscor
|-resisted|p1a: Gliscor
|-end|p1a: Gliscor|Substitute
|
|t:|1758949692
|switch|p2a: Alomomola|Alomomola, F|100/100 tox|[from] U-turn
|move|p1a: Gliscor|Toxic|p2a: Alomomola|[miss]
|-miss|p1a: Gliscor|p2a: Alomomola
|
|-heal|p1a: Gliscor|100/100 tox|[from] ability: Poison Heal
|-damage|p2a: Alomomola|94/100 tox|[from] psn
|upkeep
|turn|93
|
|t:|1758949703
|move|p1a: Gliscor|Substitute|p1a: Gliscor
|-start|p1a: Gliscor|Substitute
|-damage|p1a: Gliscor|76/100 tox
|move|p2a: Alomomola|Tickle||[still]
|-fail|p2a: Alomomola
|
|-heal|p1a: Gliscor|88/100 tox|[from] ability: Poison Heal
|-damage|p2a: Alomomola|82/100 tox|[from] psn
|upkeep
|turn|94
|
|t:|1758949712
|move|p1a: Gliscor|Protect|p1a: Gliscor
|-singleturn|p1a: Gliscor|Protect
|move|p2a: Alomomola|Flip Turn|p1a: Gliscor
|-activate|p1a: Gliscor|move: Protect
|
|-heal|p1a: Gliscor|100/100 tox|[from] ability: Poison Heal
|-damage|p2a: Alomomola|63/100 tox|[from] psn
|upkeep
|turn|95
|
|t:|1758949722
|move|p1a: Gliscor|Earthquake|p2a: Alomomola
|-damage|p2a: Alomomola|47/100 tox
|move|p2a: Alomomola|Flip Turn|p1a: Gliscor
|-supereffective|p1a: Gliscor
|-activate|p1a: Gliscor|move: Substitute|[damage]
|
|t:|1758949730
|switch|p2a: Tornadus|Tornadus-Therian, M|100/100|[from] Flip Turn
|
|upkeep
|turn|96
|
|t:|1758949735
|move|p1a: Gliscor|Protect|p1a: Gliscor
|-singleturn|p1a: Gliscor|Protect
|move|p2a: Tornadus|U-turn|p1a: Gliscor
|-activate|p1a: Gliscor|move: Protect
|
|upkeep
|turn|97
|
|t:|1758949741
|move|p2a: Tornadus|U-turn|p1a: Gliscor
|-resisted|p1a: Gliscor
|-crit|p1a: Gliscor
|-end|p1a: Gliscor|Substitute
|
|t:|1758949744
|switch|p2a: Alomomola|Alomomola, F|80/100 tox|[from] U-turn
|move|p1a: Gliscor|Earthquake|p2a: Alomomola
|-crit|p2a: Alomomola
|-damage|p2a: Alomomola|53/100 tox
|
|-damage|p2a: Alomomola|46/100 tox|[from] psn
|upkeep
|turn|98
|
|t:|1758949754
|switch|p2a: Tornadus|Tornadus-Therian, M|100/100
|move|p1a: Gliscor|Protect||[still]
|-fail|p1a: Gliscor
|
|upkeep
|turn|99
|
|t:|1758949760
|move|p2a: Tornadus|U-turn|p1a: Gliscor
|-resisted|p1a: Gliscor
|-damage|p1a: Gliscor|96/100 tox
|
|t:|1758949762
|switch|p2a: Alomomola|Alomomola, F|80/100 tox|[from] U-turn
|move|p1a: Gliscor|Substitute|p1a: Gliscor
|-start|p1a: Gliscor|Substitute
|-damage|p1a: Gliscor|71/100 tox
|
|-heal|p1a: Gliscor|83/100 tox|[from] ability: Poison Heal
|-damage|p2a: Alomomola|73/100 tox|[from] psn
|upkeep
|turn|100
|
|t:|1758949774
|move|p1a: Gliscor|Protect|p1a: Gliscor
|-singleturn|p1a: Gliscor|Protect
|move|p2a: Alomomola|Flip Turn|p1a: Gliscor
|-activate|p1a: Gliscor|move: Protect
|
|-heal|p1a: Gliscor|96/100 tox|[from] ability: Poison Heal
|-damage|p2a: Alomomola|61/100 tox|[from] psn
|upkeep
|turn|101
|
|t:|1758949784
|move|p1a: Gliscor|Earthquake|p2a: Alomomola
|-damage|p2a: Alomomola|43/100 tox
|move|p2a: Alomomola|Flip Turn|p1a: Gliscor
|-supereffective|p1a: Gliscor
|-activate|p1a: Gliscor|move: Substitute|[damage]
|
|t:|1758949798
|switch|p2a: Tornadus|Tornadus-Therian, M|100/100|[from] Flip Turn
|
|-heal|p1a: Gliscor|100/100 tox|[from] ability: Poison Heal
|upkeep
|turn|102
|
|t:|1758949805
|move|p2a: Tornadus|U-turn|p1a: Gliscor
|-resisted|p1a: Gliscor
|-end|p1a: Gliscor|Substitute
|
|t:|1758949808
|switch|p2a: Alomomola|Alomomola, F|77/100 tox|[from] U-turn
|move|p1a: Gliscor|Earthquake|p2a: Alomomola
|-damage|p2a: Alomomola|59/100 tox
|
|-damage|p2a: Alomomola|53/100 tox|[from] psn
|upkeep
|turn|103
|
|t:|1758949819
|move|p1a: Gliscor|Toxic|p2a: Alomomola
|-fail|p2a: Alomomola|tox
|move|p2a: Alomomola|Wish|p2a: Alomomola
|
|-damage|p2a: Alomomola|40/100 tox|[from] psn
|upkeep
|turn|104
|
|t:|1758949828
|move|p2a: Alomomola|Protect|p2a: Alomomola
|-singleturn|p2a: Alomomola|Protect
|move|p1a: Gliscor|Earthquake|p2a: Alomomola
|-activate|p2a: Alomomola|move: Protect
|
|-heal|p2a: Alomomola|90/100 tox|[from] move: Wish|[wisher] Alomomola
|-damage|p2a: Alomomola|72/100 tox|[from] psn
|upkeep
|turn|105
|
|t:|1758949840
|switch|p2a: Clefable|Clefable, F|83/100 tox
|move|p1a: Gliscor|Protect||[still]
|-fail|p1a: Gliscor
|
|upkeep
|turn|106
|
|t:|1758949846
|switch|p2a: Alomomola|Alomomola, F|100/100 tox
|move|p1a: Gliscor|Substitute|p1a: Gliscor
|-start|p1a: Gliscor|Substitute
|-damage|p1a: Gliscor|76/100 tox
|
|-heal|p1a: Gliscor|88/100 tox|[from] ability: Poison Heal
|-damage|p2a: Alomomola|94/100 tox|[from] psn
|upkeep
|turn|107
|
|t:|1758949858
|move|p1a: Gliscor|Protect|p1a: Gliscor
|-singleturn|p1a: Gliscor|Protect
|move|p2a: Alomomola|Flip Turn|p1a: Gliscor
|-activate|p1a: Gliscor|move: Protect
|
|-heal|p1a: Gliscor|100/100 tox|[from] ability: Poison Heal
|-damage|p2a: Alomomola|82/100 tox|[from] psn
|upkeep
|turn|108
|
|t:|1758949871
|move|p1a: Gliscor|Earthquake|p2a: Alomomola
|-damage|p2a: Alomomola|64/100 tox
|move|p2a: Alomomola|Flip Turn|p1a: Gliscor
|-supereffective|p1a: Gliscor
|-end|p1a: Gliscor|Substitute
|
|t:|1758949880
|switch|p2a: Tornadus|Tornadus-Therian, M|100/100|[from] Flip Turn
|
|upkeep
|turn|109
|
|t:|1758949885
|move|p2a: Tornadus|U-turn|p1a: Gliscor
|-resisted|p1a: Gliscor
|-damage|p1a: Gliscor|95/100 tox
|
|t:|1758949888
|switch|p2a: Alomomola|Alomomola, F|97/100 tox|[from] U-turn
|move|p1a: Gliscor|Toxic|p2a: Alomomola
|-fail|p2a: Alomomola|tox
|
|-heal|p1a: Gliscor|100/100 tox|[from] ability: Poison Heal
|-damage|p2a: Alomomola|91/100 tox|[from] psn
|upkeep
|turn|110
|
|t:|1758949898
|move|p1a: Gliscor|Substitute|p1a: Gliscor
|-start|p1a: Gliscor|Substitute
|-damage|p1a: Gliscor|76/100 tox
|move|p2a: Alomomola|Flip Turn|p1a: Gliscor
|-supereffective|p1a: Gliscor
|-activate|p1a: Gliscor|move: Substitute|[damage]
|
|t:|1758949901
|switch|p2a: Tornadus|Tornadus-Therian, M|100/100|[from] Flip Turn
|
|-heal|p1a: Gliscor|88/100 tox|[from] ability: Poison Heal
|upkeep
|turn|111
|
|t:|1758949910
|move|p2a: Tornadus|U-turn|p1a: Gliscor
|-resisted|p1a: Gliscor
|-end|p1a: Gliscor|Substitute
|
|t:|1758949913
|switch|p2a: Alomomola|Alomomola, F|100/100 tox|[from] U-turn
|move|p1a: Gliscor|Earthquake|p2a: Alomomola
|-damage|p2a: Alomomola|82/100 tox
|
|-heal|p1a: Gliscor|100/100 tox|[from] ability: Poison Heal
|-damage|p2a: Alomomola|76/100 tox|[from] psn
|upkeep
|turn|112
|
|t:|1758949925
|move|p1a: Gliscor|Substitute|p1a: Gliscor
|-start|p1a: Gliscor|Substitute
|-damage|p1a: Gliscor|76/100 tox
|move|p2a: Alomomola|Flip Turn|p1a: Gliscor
|-supereffective|p1a: Gliscor
|-activate|p1a: Gliscor|move: Substitute|[damage]
|
|t:|1758949927
|switch|p2a: Tornadus|Tornadus-Therian, M|100/100|[from] Flip Turn
|
|-heal|p1a: Gliscor|88/100 tox|[from] ability: Poison Heal
|upkeep
|turn|113
|
|t:|1758949937
|move|p2a: Tornadus|U-turn|p1a: Gliscor
|-resisted|p1a: Gliscor
|-end|p1a: Gliscor|Substitute
|
|t:|1758949940
|switch|p2a: Alomomola|Alomomola, F|100/100 tox|[from] U-turn
|move|p1a: Gliscor|Toxic|p2a: Alomomola
|-fail|p2a: Alomomola|tox
|
|-heal|p1a: Gliscor|100/100 tox|[from] ability: Poison Heal
|-damage|p2a: Alomomola|94/100 tox|[from] psn
|upkeep
|turn|114
|
|t:|1758949951
|move|p1a: Gliscor|Substitute|p1a: Gliscor
|-start|p1a: Gliscor|Substitute
|-damage|p1a: Gliscor|76/100 tox
|move|p2a: Alomomola|Wish|p2a: Alomomola
|
|-heal|p1a: Gliscor|88/100 tox|[from] ability: Poison Heal
|-damage|p2a: Alomomola|82/100 tox|[from] psn
|upkeep
|turn|115
|
|t:|1758949959
|move|p1a: Gliscor|Protect|p1a: Gliscor
|-singleturn|p1a: Gliscor|Protect
|move|p2a: Alomomola|Tickle|p1a: Gliscor
|-activate|p1a: Gliscor|move: Protect
|
|-heal|p2a: Alomomola|100/100 tox|[from] move: Wish|[wisher] Alomomola
|-heal|p1a: Gliscor|100/100 tox|[from] ability: Poison Heal
|-damage|p2a: Alomomola|82/100 tox|[from] psn
|upkeep
|turn|116
|
|t:|1758949970
|move|p1a: Gliscor|Protect|p1a: Gliscor
|-singleturn|p1a: Gliscor|Protect
|move|p2a: Alomomola|Flip Turn|p1a: Gliscor
|-activate|p1a: Gliscor|move: Protect
|
|-damage|p2a: Alomomola|57/100 tox|[from] psn
|upkeep
|turn|117
|
|t:|1758949980
|move|p1a: Gliscor|Earthquake|p2a: Alomomola
|-damage|p2a: Alomomola|40/100 tox
|move|p2a: Alomomola|Flip Turn|p1a: Gliscor
|-supereffective|p1a: Gliscor
|-end|p1a: Gliscor|Substitute
|
|t:|1758949984
|switch|p2a: Gholdengo|Gholdengo|100/100|[from] Flip Turn
|
|upkeep
|turn|118
|
|t:|1758949996
|move|p2a: Gholdengo|Nasty Plot|p2a: Gholdengo
|-boost|p2a: Gholdengo|spa|2
|move|p1a: Gliscor|Substitute|p1a: Gliscor
|-start|p1a: Gliscor|Substitute
|-damage|p1a: Gliscor|76/100 tox
|
|-heal|p1a: Gliscor|88/100 tox|[from] ability: Poison Heal
|upkeep
|turn|119
|
|t:|1758950005
|move|p1a: Gliscor|Protect|p1a: Gliscor
|-singleturn|p1a: Gliscor|Protect
|move|p2a: Gholdengo|Nasty Plot|p2a: Gholdengo
|-boost|p2a: Gholdengo|spa|2
|
|-heal|p1a: Gliscor|100/100 tox|[from] ability: Poison Heal
|upkeep
|turn|120
|
|t:|1758950015
|move|p1a: Gliscor|Protect|p1a: Gliscor
|-singleturn|p1a: Gliscor|Protect
|move|p2a: Gholdengo|Shadow Ball|p1a: Gliscor
|-activate|p1a: Gliscor|move: Protect
|
|upkeep
|turn|121
|
|t:|1758950023
|move|p2a: Gholdengo|Shadow Ball|p1a: Gliscor
|-end|p1a: Gliscor|Substitute
|move|p1a: Gliscor|Substitute|p1a: Gliscor
|-start|p1a: Gliscor|Substitute
|-damage|p1a: Gliscor|76/100 tox
|
|-heal|p1a: Gliscor|88/100 tox|[from] ability: Poison Heal
|upkeep
|turn|122
|
|t:|1758950032
|move|p2a: Gholdengo|Nasty Plot|p2a: Gholdengo
|-boost|p2a: Gholdengo|spa|2
|move|p1a: Gliscor|Toxic|p2a: Gholdengo
|-immune|p2a: Gholdengo|[from] ability: Good as Gold
|
|-heal|p1a: Gliscor|100/100 tox|[from] ability: Poison Heal
|upkeep
|turn|123
|
|t:|1758950041
|move|p2a: Gholdengo|Shadow Ball|p1a: Gliscor
|-end|p1a: Gliscor|Substitute
|move|p1a: Gliscor|Toxic|p2a: Gholdengo
|-immune|p2a: Gholdengo|[from] ability: Good as Gold
|
|upkeep
|turn|124
|
|t:|1758950048
|move|p1a: Gliscor|Protect|p1a: Gliscor
|-singleturn|p1a: Gliscor|Protect
|move|p2a: Gholdengo|Shadow Ball|p1a: Gliscor
|-activate|p1a: Gliscor|move: Protect
|
|upkeep
|turn|125
|
|t:|1758950055
|move|p2a: Gholdengo|Shadow Ball|p1a: Gliscor
|-damage|p1a: Gliscor|0 fnt
|faint|p1a: Gliscor
|
|upkeep
|
|t:|1758950060
|switch|p1a: Clefable|Clefable, M, tera:Steel|96/100
|-damage|p1a: Clefable|71/100|[from] Spikes
|-damage|p1a: Clefable|65/100|[from] Stealth Rock
|turn|126
|
|t:|1758950066
|move|p2a: Gholdengo|Focus Blast|p1a: Clefable|[miss]
|-miss|p2a: Gholdengo|p1a: Clefable
|move|p1a: Clefable|Cosmic Power|p1a: Clefable
|-boost|p1a: Clefable|def|1
|-boost|p1a: Clefable|spd|1
|
|-heal|p1a: Clefable|71/100|[from] item: Leftovers
|upkeep
|turn|127
|
|t:|1758950075
|move|p2a: Gholdengo|Focus Blast|p1a: Clefable
|-supereffective|p1a: Clefable
|-damage|p1a: Clefable|25/100
|move|p1a: Clefable|Cosmic Power|p1a: Clefable
|-boost|p1a: Clefable|def|1
|-boost|p1a: Clefable|spd|1
|
|-heal|p1a: Clefable|31/100|[from] item: Leftovers
|upkeep
|turn|128
|
|t:|1758950085
|move|p2a: Gholdengo|Focus Blast|p1a: Clefable
|-supereffective|p1a: Clefable
|-damage|p1a: Clefable|0 fnt
|faint|p1a: Clefable
|
|win|wizzz7
|raw|w86gwv868ywvev9yvy's rating: 1315 &rarr; <strong>1294</strong><br />(-21 for losing)
|raw|wizzz7's rating: 1300 &rarr; <strong>1326</strong><br />(+26 for winning)
|l|☆wizzz7
|player|p2|
|l|☆w86gwv868ywvev9yvy
|player|p1|
