|j|☆Evannnnnn
|j|☆Hai_Dark
|t:|1759051708
|gametype|singles
|player|p1|Evannnnnn|veteran|1488
|player|p2|Hai_Dark|265|1406
|gen|9
|tier|[Gen 9] OU
|rated|
|rule|HP Percentage Mod: HP is shown in percentages
|rule|Endless Battle Clause: Forcing endless battles is banned
|rule|Species Clause: Limit one of each Pokémon
|rule|OHKO Clause: OHKO moves are banned
|rule|Evasion Items Clause: Evasion items are banned
|rule|Evasion Moves Clause: Evasion moves are banned
|rule|Evasion Abilities Clause: Evasion abilities are banned
|rule|Sleep Moves Clause: Sleep-inducing moves are banned
|clearpoke
|poke|p1|Iron Crown|
|poke|p1|Samurott-Hisui, M|
|poke|p1|Zapdos|
|poke|p1|Dragapult, M|
|poke|p1|Great Tusk|
|poke|p1|Iron Boulder|
|poke|p2|Blissey, F|
|poke|p2|Porygon-Z|
|poke|p2|Meowscarada, M|
|poke|p2|Skeledirge, F|
|poke|p2|Corviknight, F|
|poke|p2|Araquanid, F|
|teampreview
|inactive|Battle timer is ON: inactive players will automatically lose when time's up. (requested by Hai_Dark)
|
|t:|1759051727
|teamsize|p1|6
|teamsize|p2|6
|start
|switch|p1a: Everytime We Touch|Samurott-Hisui, M|100/100
|switch|p2a: Meowscarada|Meowscarada, M|100/100
|turn|1
|
|t:|1759051730
|move|p2a: Meowscarada|U-turn|p1a: Everytime We Touch
|-start|p2a: Meowscarada|typechange|Bug|[from] ability: Protean
|-supereffective|p1a: Everytime We Touch
|-damage|p1a: Everytime We Touch|16/100
|
|t:|1759051736
|switch|p2a: Corviknight|Corviknight, F|100/100|[from] U-turn
|move|p1a: Everytime We Touch|Sacred Sword|p2a: Corviknight
|-damage|p2a: Corviknight|75/100
|-damage|p1a: Everytime We Touch|0 fnt|[from] item: Rocky Helmet|[of] p2a: Corviknight
|faint|p1a: Everytime We Touch
|
|upkeep
|
|t:|1759051748
|switch|p1a: Mindreader|Iron Crown|100/100
|turn|2
|
|t:|1759051754
|switch|p2a: Blissey|Blissey, F|100/100
|move|p1a: Mindreader|Volt Switch|p2a: Blissey
|-damage|p2a: Blissey|90/100
|
|t:|1759051760
|-end|p1a: Mindreader|Quark Drive|[silent]
|switch|p1a: Parasite|Dragapult, M|100/100|[from] Volt Switch
|
|-heal|p2a: Blissey|96/100|[from] item: Leftovers
|upkeep
|turn|3
|
|t:|1759051771
|switch|p2a: Skeledirge|Skeledirge, F|100/100
|move|p1a: Parasite|Dragon Darts|p2a: Skeledirge
|-damage|p2a: Skeledirge|79/100
|-anim|p1a: Parasite|Dragon Darts|p2a: Skeledirge
|-crit|p2a: Skeledirge
|-damage|p2a: Skeledirge|43/100
|-enditem|p2a: Skeledirge|Sitrus Berry|[eat]
|-heal|p2a: Skeledirge|68/100|[from] item: Sitrus Berry
|
|upkeep
|turn|4
|
|t:|1759051782
|switch|p1a: Mindreader|Iron Crown|100/100
|-terastallize|p2a: Skeledirge|Dark
|move|p2a: Skeledirge|Will-O-Wisp|p1a: Mindreader
|-status|p1a: Mindreader|brn
|
|-damage|p1a: Mindreader|94/100 brn|[from] brn
|upkeep
|turn|5
|
|t:|1759051790
|move|p1a: Mindreader|Focus Blast|p2a: Skeledirge
|-supereffective|p2a: Skeledirge
|-damage|p2a: Skeledirge|0 fnt
|faint|p2a: Skeledirge
|
|-damage|p1a: Mindreader|88/100 brn|[from] brn
|upkeep
|
|t:|1759051795
|switch|p2a: Araquanid|Araquanid, F|100/100
|turn|6
|
|t:|1759051800
|-end|p1a: Mindreader|Quark Drive|[silent]
|switch|p1a: Hurikan|Zapdos|100/100
|move|p2a: Araquanid|Sticky Web|p1a: Hurikan
|-sidestart|p1: Evannnnnn|move: Sticky Web
|
|upkeep
|turn|7
|
|t:|1759051815
|move|p1a: Hurikan|Discharge|p2a: Araquanid
|-supereffective|p2a: Araquanid
|-damage|p2a: Araquanid|60/100
|-status|p2a: Araquanid|par
|cant|p2a: Araquanid|par
|
|upkeep
|turn|8
|
|t:|1759051822
|move|p1a: Hurikan|Discharge|p2a: Araquanid
|-supereffective|p2a: Araquanid
|-damage|p2a: Araquanid|19/100 par
|move|p2a: Araquanid|Liquidation|p1a: Hurikan
|-damage|p1a: Hurikan|67/100
|
|upkeep
|turn|9
|-enditem|p2a: Araquanid|Custap Berry|[eat]
|-activate|p2a: Araquanid|item: Custap Berry|[consumed]
|
|t:|1759051835
|move|p2a: Araquanid|Endeavor|p1a: Hurikan
|-damage|p1a: Hurikan|17/100
|move|p1a: Hurikan|Discharge|p2a: Araquanid
|-supereffective|p2a: Araquanid
|-damage|p2a: Araquanid|0 fnt
|faint|p2a: Araquanid
|
|upkeep
|
|t:|1759051844
|switch|p2a: Meowscarada|Meowscarada, M|100/100
|turn|10
|
|t:|1759051849
|move|p2a: Meowscarada|Knock Off|p1a: Hurikan
|-start|p2a: Meowscarada|typechange|Dark|[from] ability: Protean
|-damage|p1a: Hurikan|0 fnt
|-enditem|p1a: Hurikan|Heavy-Duty Boots|[from] move: Knock Off|[of] p2a: Meowscarada
|faint|p1a: Hurikan
|
|upkeep
|
|t:|1759051852
|switch|p1a: Pump It|Great Tusk|100/100
|turn|11
|
|t:|1759051858
|switch|p2a: Corviknight|Corviknight, F|75/100
|move|p1a: Pump It|Rapid Spin|p2a: Corviknight
|-resisted|p2a: Corviknight
|-damage|p2a: Corviknight|70/100
|-boost|p1a: Pump It|spe|1
|-damage|p1a: Pump It|84/100|[from] item: Rocky Helmet|[of] p2a: Corviknight
|-sideend|p1: Evannnnnn|Sticky Web|[from] move: Rapid Spin|[of] p1a: Pump It
|
|upkeep
|turn|12
|
|t:|1759051867
|move|p1a: Pump It|Stealth Rock|p2a: Corviknight
|-sidestart|p2: Hai_Dark|move: Stealth Rock
|move|p2a: Corviknight|U-turn|p1a: Pump It
|-resisted|p1a: Pump It
|-damage|p1a: Pump It|79/100
|
|t:|1759051873
|switch|p2a: Meowscarada|Meowscarada, M|100/100|[from] U-turn
|-damage|p2a: Meowscarada|88/100|[from] Stealth Rock
|
|upkeep
|turn|13
|
|t:|1759051880
|move|p2a: Meowscarada|Flower Trick|p1a: Pump It
|-start|p2a: Meowscarada|typechange|Grass|[from] ability: Protean
|-supereffective|p1a: Pump It
|-crit|p1a: Pump It
|-damage|p1a: Pump It|8/100
|move|p1a: Pump It|Ice Spinner|p2a: Meowscarada
|-supereffective|p2a: Meowscarada
|-damage|p2a: Meowscarada|5/100
|
|upkeep
|turn|14
|
|t:|1759051890
|-end|p1a: Pump It|Protosynthesis|[silent]
|switch|p1a: Parasite|Dragapult, M|100/100
|move|p2a: Meowscarada|Flower Trick|p1a: Parasite
|-resisted|p1a: Parasite
|-crit|p1a: Parasite
|-damage|p1a: Parasite|65/100
|
|upkeep
|turn|15
|
|t:|1759051897
|switch|p2a: Corviknight|Corviknight, F|70/100
|-damage|p2a: Corviknight|57/100|[from] Stealth Rock
|move|p1a: Parasite|Dragon Darts|p2a: Corviknight
|-resisted|p2a: Corviknight
|-damage|p2a: Corviknight|46/100
|-anim|p1a: Parasite|Dragon Darts|p2a: Corviknight
|-resisted|p2a: Corviknight
|-damage|p2a: Corviknight|34/100
|
|upkeep
|turn|16
|
|t:|1759051908
|switch|p1a: Mindreader|Iron Crown|88/100 brn
|move|p2a: Corviknight|Roost|p2a: Corviknight
|-heal|p2a: Corviknight|84/100
|-singleturn|p2a: Corviknight|move: Roost
|
|-damage|p1a: Mindreader|82/100 brn|[from] brn
|upkeep
|turn|17
|
|t:|1759051917
|switch|p2a: Blissey|Blissey, F|96/100
|-damage|p2a: Blissey|84/100|[from] Stealth Rock
|move|p1a: Mindreader|Volt Switch|p2a: Blissey
|-damage|p2a: Blissey|73/100
|
|t:|1759051927
|-end|p1a: Mindreader|Quark Drive|[silent]
|switch|p1a: Parasite|Dragapult, M|65/100|[from] Volt Switch
|
|-heal|p2a: Blissey|79/100|[from] item: Leftovers
|upkeep
|turn|18
|
|t:|1759051932
|move|p1a: Parasite|Dragon Darts|p2a: Blissey
|-damage|p2a: Blissey|0 fnt
|faint|p2a: Blissey
|
|upkeep
|
|t:|1759051936
|switch|p2a: Corviknight|Corviknight, F|84/100
|-damage|p2a: Corviknight|72/100|[from] Stealth Rock
|turn|19
|
|t:|1759051942
|switch|p1a: Mindreader|Iron Crown|82/100 brn
|move|p2a: Corviknight|Defog|p1a: Mindreader
|-unboost|p1a: Mindreader|evasion|1
|-sideend|p2: Hai_Dark|Stealth Rock|[from] move: Defog|[of] p2a: Corviknight
|
|-damage|p1a: Mindreader|76/100 brn|[from] brn
|upkeep
|turn|20
|
|t:|1759051951
|move|p1a: Mindreader|Volt Switch|p2a: Corviknight
|-supereffective|p2a: Corviknight
|-damage|p2a: Corviknight|5/100
|
|t:|1759051954
|-end|p1a: Mindreader|Quark Drive|[silent]
|switch|p1a: Pump It|Great Tusk|8/100|[from] Volt Switch
|move|p2a: Corviknight|U-turn|p1a: Pump It
|-resisted|p1a: Pump It
|-damage|p1a: Pump It|2/100
|
|t:|1759051964
|switch|p2a: Porygon-Z|Porygon-Z|100/100|[from] U-turn
|
|upkeep
|turn|21
|
|t:|1759051970
|move|p1a: Pump It|Headlong Rush|p2a: Porygon-Z
|-damage|p2a: Porygon-Z|16/100
|-unboost|p1a: Pump It|def|1
|-unboost|p1a: Pump It|spd|1
|move|p2a: Porygon-Z|Tri Attack|p1a: Pump It
|-damage|p1a: Pump It|0 fnt
|faint|p1a: Pump It
|-end|p1a: Pump It|Protosynthesis|[silent]
|
|upkeep
|
|t:|1759051978
|switch|p1a: Revery|Iron Boulder|100/100
|-enditem|p1a: Revery|Booster Energy
|-activate|p1a: Revery|ability: Quark Drive|[fromitem]
|-start|p1a: Revery|quarkdrivespe
|turn|22
|
|t:|1759051988
|move|p1a: Revery|Mighty Cleave|p2a: Porygon-Z
|-damage|p2a: Porygon-Z|0 fnt
|faint|p2a: Porygon-Z
|
|upkeep
|
|t:|1759051994
|switch|p2a: Meowscarada|Meowscarada, M|5/100
|turn|23
|
|t:|1759052011
|move|p1a: Revery|Mighty Cleave|p2a: Meowscarada
|-damage|p2a: Meowscarada|0 fnt
|faint|p2a: Meowscarada
|
|upkeep
|
|t:|1759052015
|switch|p2a: Corviknight|Corviknight, F|5/100
|turn|24
|-message|Hai_Dark forfeited.
|
|win|Evannnnnn
|raw|Evannnnnn's rating: 1488 &rarr; <strong>1503</strong><br />(+15 for winning)
|raw|Hai_Dark's rating: 1406 &rarr; <strong>1391</strong><br />(-15 for losing)
|l|☆Hai_Dark
|player|p2|
|l|☆Evannnnnn
|player|p1|
