|j|☆JPodojo
|j|☆TheToasterMessiah
|t:|1759009234
|gametype|singles
|player|p1|JPodojo|1|1149
|player|p2|TheToasterMessiah|dawn-masters3|1158
|gen|9
|tier|[Gen 9] OU
|rated|
|rule|HP Percentage Mod: HP is shown in percentages
|rule|Endless Battle Clause: Forcing endless battles is banned
|rule|Species Clause: Limit one of each Pokémon
|rule|OHKO Clause: OHKO moves are banned
|rule|Evasion Items Clause: Evasion items are banned
|rule|Evasion Moves Clause: Evasion moves are banned
|rule|Evasion Abilities Clause: Evasion abilities are banned
|rule|Sleep Moves Clause: Sleep-inducing moves are banned
|clearpoke
|poke|p1|Kingambit, M|
|poke|p1|Dragonite, M|
|poke|p1|Iron Valiant|
|poke|p1|Samurott-Hisui, M|
|poke|p1|Slowking-Galar, F|
|poke|p1|Great Tusk|
|poke|p2|Cinderace, F|
|poke|p2|Serperior, F|
|poke|p2|Milotic, M|
|poke|p2|Araquanid, F|
|poke|p2|Kingambit, M|
|poke|p2|Corviknight, F|
|teampreview
|
|t:|1759009242
|teamsize|p1|6
|teamsize|p2|6
|start
|switch|p1a: Iron Valiant|Iron Valiant|100/100
|switch|p2a: Araquanid|Araquanid, F|100/100
|turn|1
|
|t:|1759009249
|move|p1a: Iron Valiant|Thunderbolt|p2a: Araquanid
|-supereffective|p2a: Araquanid
|-damage|p2a: Araquanid|27/100
|move|p2a: Araquanid|Sticky Web|p1a: Iron Valiant
|-sidestart|p1: JPodojo|move: Sticky Web
|
|upkeep
|turn|2
|
|t:|1759009257
|move|p1a: Iron Valiant|Thunderbolt|p2a: Araquanid
|-supereffective|p2a: Araquanid
|-damage|p2a: Araquanid|0 fnt
|faint|p2a: Araquanid
|
|upkeep
|
|t:|1759009259
|switch|p2a: Cinderace|Cinderace, F|100/100
|turn|3
|
|t:|1759009274
|-end|p1a: Iron Valiant|Quark Drive|[silent]
|switch|p1a: Great Tusk|Great Tusk|100/100
|-activate|p1a: Great Tusk|move: Sticky Web
|-unboost|p1a: Great Tusk|spe|1
|move|p2a: Cinderace|Court Change|p2a: Cinderace
|-start|p2a: Cinderace|typechange|Normal|[from] ability: Libero
|-swapsideconditions
|-activate|p2a: Cinderace|move: Court Change
|
|upkeep
|turn|4
|c|☆JPodojo|huh
|
|t:|1759009289
|move|p2a: Cinderace|Pyro Ball|p1a: Great Tusk
|-damage|p1a: Great Tusk|83/100
|move|p1a: Great Tusk|Headlong Rush|p2a: Cinderace
|-damage|p2a: Cinderace|21/100
|-unboost|p1a: Great Tusk|def|1
|-unboost|p1a: Great Tusk|spd|1
|
|upkeep
|turn|5
|
|t:|1759009299
|-end|p1a: Great Tusk|Protosynthesis|[silent]
|switch|p1a: Slowking|Slowking-Galar, F|100/100
|move|p2a: Cinderace|U-turn|p1a: Slowking
|-damage|p1a: Slowking|78/100
|
|t:|1759009305
|switch|p2a: Corviknight|Corviknight, F|100/100|[from] U-turn
|
|upkeep
|turn|6
|
|t:|1759009311
|move|p2a: Corviknight|Iron Defense|p2a: Corviknight
|-boost|p2a: Corviknight|def|2
|move|p1a: Slowking|Flamethrower|p2a: Corviknight
|-supereffective|p2a: Corviknight
|-damage|p2a: Corviknight|69/100
|-status|p2a: Corviknight|brn
|
|-damage|p2a: Corviknight|63/100 brn|[from] brn
|upkeep
|turn|7
|inactive|Battle timer is ON: inactive players will automatically lose when time's up. (requested by JPodojo)
|
|t:|1759009323
|switch|p1a: Great Tusk|Great Tusk|83/100
|move|p2a: Corviknight|Body Press|p1a: Great Tusk
|-damage|p1a: Great Tusk|74/100
|-damage|p2a: Corviknight|47/100 brn|[from] item: Rocky Helmet|[of] p1a: Great Tusk
|
|-damage|p2a: Corviknight|41/100 brn|[from] brn
|upkeep
|turn|8
|
|t:|1759009333
|move|p1a: Great Tusk|Stealth Rock|p2a: Corviknight
|-sidestart|p2: TheToasterMessiah|move: Stealth Rock
|move|p2a: Corviknight|Roost|p2a: Corviknight
|-heal|p2a: Corviknight|91/100 brn
|-singleturn|p2a: Corviknight|move: Roost
|
|-damage|p2a: Corviknight|85/100 brn|[from] brn
|upkeep
|turn|9
|
|t:|1759009342
|move|p1a: Great Tusk|Ice Spinner|p2a: Corviknight
|-damage|p2a: Corviknight|75/100 brn
|-damage|p1a: Great Tusk|57/100|[from] item: Rocky Helmet|[of] p2a: Corviknight
|move|p2a: Corviknight|U-turn|p1a: Great Tusk
|-resisted|p1a: Great Tusk
|-damage|p1a: Great Tusk|56/100
|-damage|p2a: Corviknight|59/100 brn|[from] item: Rocky Helmet|[of] p1a: Great Tusk
|
|t:|1759009350
|switch|p2a: Serperior|Serperior, F|100/100|[from] U-turn
|-activate|p2a: Serperior|move: Sticky Web
|-boost|p2a: Serperior|spe|1
|-damage|p2a: Serperior|88/100|[from] Stealth Rock
|
|upkeep
|turn|10
|
|t:|1759009360
|move|p2a: Serperior|Leaf Storm|p1a: Great Tusk
|-supereffective|p1a: Great Tusk
|-damage|p1a: Great Tusk|0 fnt
|-boost|p2a: Serperior|spa|2
|faint|p1a: Great Tusk
|-end|p1a: Great Tusk|Protosynthesis|[silent]
|-damage|p2a: Serperior|78/100|[from] item: Life Orb
|
|upkeep
|
|t:|1759009367
|switch|p1a: Slowking|Slowking-Galar, F|100/100
|turn|11
|
|t:|1759009376
|-terastallize|p2a: Serperior|Fire
|move|p2a: Serperior|Tera Blast|p1a: Slowking|[anim] Tera Blast Fire
|-damage|p1a: Slowking|53/100
|-damage|p2a: Serperior|68/100|[from] item: Life Orb
|move|p1a: Slowking|Sludge Bomb|p2a: Serperior
|-damage|p2a: Serperior|28/100
|-status|p2a: Serperior|psn
|
|-damage|p2a: Serperior|16/100 psn|[from] psn
|upkeep
|turn|12
|
|t:|1759009406
|switch|p1a: Samurott|Samurott-Hisui, M|100/100
|move|p2a: Serperior|Giga Drain|p1a: Samurott
|-supereffective|p1a: Samurott
|-damage|p1a: Samurott|0 fnt
|-heal|p2a: Serperior|74/100 psn|[from] drain|[of] p1a: Samurott
|faint|p1a: Samurott
|-damage|p2a: Serperior|64/100 psn|[from] item: Life Orb
|
|-damage|p2a: Serperior|52/100 psn|[from] psn
|upkeep
|inactive|JPodojo has 120 seconds left.
|
|t:|1759009418
|switch|p1a: Slowking|Slowking-Galar, F|86/100
|turn|13
|
|t:|1759009422
|move|p2a: Serperior|Leaf Storm|p1a: Slowking
|-resisted|p1a: Slowking
|-damage|p1a: Slowking|50/100
|-boost|p2a: Serperior|spa|2
|-damage|p2a: Serperior|42/100 psn|[from] item: Life Orb
|move|p1a: Slowking|Sludge Bomb|p2a: Serperior
|-damage|p2a: Serperior|2/100 psn
|
|-damage|p2a: Serperior|0 fnt|[from] psn
|faint|p2a: Serperior
|upkeep
|
|t:|1759009425
|switch|p2a: Milotic|Milotic, M|100/100
|-activate|p2a: Milotic|move: Sticky Web
|-unboost|p2a: Milotic|spe|1
|-ability|p2a: Milotic|Competitive|boost
|-boost|p2a: Milotic|spa|2
|-damage|p2a: Milotic|88/100|[from] Stealth Rock
|turn|14
|
|t:|1759009440
|move|p2a: Milotic|Substitute|p2a: Milotic
|-start|p2a: Milotic|Substitute
|-damage|p2a: Milotic|63/100
|move|p1a: Slowking|Future Sight|p2a: Milotic
|-start|p1a: Slowking|move: Future Sight
|
|upkeep
|turn|15
|
|t:|1759009445
|move|p2a: Milotic|Draining Kiss|p1a: Slowking
|-resisted|p1a: Slowking
|-damage|p1a: Slowking|41/100
|-heal|p2a: Milotic|70/100|[from] drain|[of] p1a: Slowking
|-damage|p2a: Milotic|60/100|[from] item: Life Orb
|move|p1a: Slowking|Sludge Bomb|p2a: Milotic
|-activate|p2a: Milotic|move: Substitute|[damage]
|
|upkeep
|turn|16
|
|t:|1759009453
|move|p2a: Milotic|Scald|p1a: Slowking
|-damage|p1a: Slowking|0 fnt
|faint|p1a: Slowking
|-damage|p2a: Milotic|50/100|[from] item: Life Orb
|
|-end|p2a: Milotic|move: Future Sight
|-end|p2a: Milotic|Substitute
|upkeep
|
|t:|1759009462
|switch|p1a: Kingambit|Kingambit, M|100/100
|-activate|p1a: Kingambit|ability: Supreme Overlord
|-start|p1a: Kingambit|fallen3|[silent]
|turn|17
|
|t:|1759009472
|move|p1a: Kingambit|Kowtow Cleave|p2a: Milotic
|-damage|p2a: Milotic|0 fnt
|faint|p2a: Milotic
|
|upkeep
|
|t:|1759009476
|switch|p2a: Cinderace|Cinderace, F|21/100
|turn|18
|
|t:|1759009482
|-terastallize|p1a: Kingambit|Ghost
|move|p2a: Cinderace|High Jump Kick|p1a: Kingambit
|-start|p2a: Cinderace|typechange|Fighting|[from] ability: Libero
|-immune|p1a: Kingambit
|-damage|p2a: Cinderace|0 fnt|[from] highjumpkick
|faint|p2a: Cinderace
|move|p1a: Kingambit|Swords Dance|p1a: Kingambit
|-boost|p1a: Kingambit|atk|2
|
|upkeep
|
|t:|1759009487
|switch|p2a: Kingambit|Kingambit, M|100/100
|-activate|p2a: Kingambit|move: Sticky Web
|-unboost|p2a: Kingambit|spe|1
|-ability|p2a: Kingambit|Defiant|boost
|-boost|p2a: Kingambit|atk|2
|-damage|p2a: Kingambit|94/100|[from] Stealth Rock
|turn|19
|
|t:|1759009499
|move|p2a: Kingambit|Sucker Punch|p1a: Kingambit
|-supereffective|p1a: Kingambit
|-damage|p1a: Kingambit|0 fnt
|faint|p1a: Kingambit
|-end|p1a: Kingambit|fallen3|[silent]
|
|-heal|p2a: Kingambit|100/100|[from] item: Leftovers
|upkeep
|
|t:|1759009506
|switch|p1a: Iron Valiant|Iron Valiant|100/100
|turn|20
|
|t:|1759009515
|move|p1a: Iron Valiant|Destiny Bond|p1a: Iron Valiant
|-singlemove|p1a: Iron Valiant|Destiny Bond
|move|p2a: Kingambit|Iron Head|p1a: Iron Valiant
|-supereffective|p1a: Iron Valiant
|-damage|p1a: Iron Valiant|0 fnt
|faint|p1a: Iron Valiant
|-activate|p1a: Iron Valiant|move: Destiny Bond
|-end|p1a: Iron Valiant|Quark Drive|[silent]
|faint|p2a: Kingambit
|
|upkeep
|
|t:|1759009522
|switch|p1a: Dragonite|Dragonite, M|100/100
|switch|p2a: Corviknight|Corviknight, F|59/100 brn
|-damage|p2a: Corviknight|47/100 brn|[from] Stealth Rock
|turn|21
|
|t:|1759009528
|move|p1a: Dragonite|Dragon Dance|p1a: Dragonite
|-boost|p1a: Dragonite|atk|1
|-boost|p1a: Dragonite|spe|1
|move|p2a: Corviknight|Roost|p2a: Corviknight
|-heal|p2a: Corviknight|97/100 brn
|-singleturn|p2a: Corviknight|move: Roost
|
|-damage|p2a: Corviknight|91/100 brn|[from] brn
|upkeep
|turn|22
|
|t:|1759009537
|move|p1a: Dragonite|Dragon Dance|p1a: Dragonite
|-boost|p1a: Dragonite|atk|1
|-boost|p1a: Dragonite|spe|1
|move|p2a: Corviknight|Iron Defense|p2a: Corviknight
|-boost|p2a: Corviknight|def|2
|
|-damage|p2a: Corviknight|85/100 brn|[from] brn
|upkeep
|turn|23
|
|t:|1759009543
|move|p1a: Dragonite|Dragon Dance|p1a: Dragonite
|-boost|p1a: Dragonite|atk|1
|-boost|p1a: Dragonite|spe|1
|move|p2a: Corviknight|Iron Defense|p2a: Corviknight
|-boost|p2a: Corviknight|def|2
|
|-damage|p2a: Corviknight|79/100 brn|[from] brn
|upkeep
|turn|24
|
|t:|1759009550
|move|p1a: Dragonite|Dragon Dance|p1a: Dragonite
|-boost|p1a: Dragonite|atk|1
|-boost|p1a: Dragonite|spe|1
|move|p2a: Corviknight|Iron Defense|p2a: Corviknight
|-boost|p2a: Corviknight|def|2
|
|-damage|p2a: Corviknight|73/100 brn|[from] brn
|upkeep
|turn|25
|
|t:|1759009556
|move|p1a: Dragonite|Dragon Dance|p1a: Dragonite
|-boost|p1a: Dragonite|atk|1
|-boost|p1a: Dragonite|spe|1
|move|p2a: Corviknight|Body Press|p1a: Dragonite
|-resisted|p1a: Dragonite
|-damage|p1a: Dragonite|92/100
|
|-damage|p2a: Corviknight|67/100 brn|[from] brn
|upkeep
|turn|26
|
|t:|1759009564
|move|p1a: Dragonite|Dragon Dance|p1a: Dragonite
|-boost|p1a: Dragonite|atk|1
|-boost|p1a: Dragonite|spe|1
|move|p2a: Corviknight|Body Press|p1a: Dragonite
|-resisted|p1a: Dragonite
|-damage|p1a: Dragonite|73/100
|
|-damage|p2a: Corviknight|61/100 brn|[from] brn
|upkeep
|turn|27
|
|t:|1759009572
|move|p1a: Dragonite|Roost|p1a: Dragonite
|-heal|p1a: Dragonite|100/100
|-singleturn|p1a: Dragonite|move: Roost
|move|p2a: Corviknight|Body Press|p1a: Dragonite
|-damage|p1a: Dragonite|82/100
|
|-damage|p2a: Corviknight|55/100 brn|[from] brn
|upkeep
|turn|28
|
|t:|1759009580
|move|p1a: Dragonite|Extreme Speed|p2a: Corviknight
|-resisted|p2a: Corviknight
|-damage|p2a: Corviknight|42/100 brn
|-damage|p1a: Dragonite|65/100|[from] item: Rocky Helmet|[of] p2a: Corviknight
|move|p2a: Corviknight|Body Press|p1a: Dragonite
|-resisted|p1a: Dragonite
|-damage|p1a: Dragonite|47/100
|
|-damage|p2a: Corviknight|36/100 brn|[from] brn
|upkeep
|turn|29
|
|t:|1759009589
|move|p1a: Dragonite|Roost|p1a: Dragonite
|-heal|p1a: Dragonite|97/100
|-singleturn|p1a: Dragonite|move: Roost
|move|p2a: Corviknight|Roost|p2a: Corviknight
|-heal|p2a: Corviknight|86/100 brn
|-singleturn|p2a: Corviknight|move: Roost
|
|-damage|p2a: Corviknight|80/100 brn|[from] brn
|upkeep
|turn|30
|
|t:|1759009600
|move|p1a: Dragonite|Extreme Speed|p2a: Corviknight
|-resisted|p2a: Corviknight
|-damage|p2a: Corviknight|69/100 brn
|-damage|p1a: Dragonite|81/100|[from] item: Rocky Helmet|[of] p2a: Corviknight
|move|p2a: Corviknight|Body Press|p1a: Dragonite
|-resisted|p1a: Dragonite
|-damage|p1a: Dragonite|63/100
|
|-damage|p2a: Corviknight|63/100 brn|[from] brn
|upkeep
|turn|31
|
|t:|1759009610
|move|p1a: Dragonite|Extreme Speed|p2a: Corviknight
|-resisted|p2a: Corviknight
|-damage|p2a: Corviknight|50/100 brn
|-damage|p1a: Dragonite|46/100|[from] item: Rocky Helmet|[of] p2a: Corviknight
|move|p2a: Corviknight|Body Press|p1a: Dragonite
|-resisted|p1a: Dragonite
|-damage|p1a: Dragonite|27/100
|
|-damage|p2a: Corviknight|44/100 brn|[from] brn
|upkeep
|turn|32
|
|t:|1759009620
|move|p1a: Dragonite|Roost|p1a: Dragonite
|-heal|p1a: Dragonite|78/100
|-singleturn|p1a: Dragonite|move: Roost
|move|p2a: Corviknight|Roost|p2a: Corviknight
|-heal|p2a: Corviknight|94/100 brn
|-singleturn|p2a: Corviknight|move: Roost
|
|-damage|p2a: Corviknight|88/100 brn|[from] brn
|upkeep
|turn|33
|
|t:|1759009629
|move|p1a: Dragonite|Extreme Speed|p2a: Corviknight
|-resisted|p2a: Corviknight
|-damage|p2a: Corviknight|75/100 brn
|-damage|p1a: Dragonite|61/100|[from] item: Rocky Helmet|[of] p2a: Corviknight
|move|p2a: Corviknight|Body Press|p1a: Dragonite
|-resisted|p1a: Dragonite
|-damage|p1a: Dragonite|42/100
|
|-damage|p2a: Corviknight|69/100 brn|[from] brn
|upkeep
|turn|34
|
|t:|1759009639
|move|p1a: Dragonite|Roost|p1a: Dragonite
|-heal|p1a: Dragonite|92/100
|-singleturn|p1a: Dragonite|move: Roost
|move|p2a: Corviknight|Body Press|p1a: Dragonite
|-damage|p1a: Dragonite|55/100
|
|-damage|p2a: Corviknight|63/100 brn|[from] brn
|upkeep
|turn|35
|
|t:|1759009648
|move|p1a: Dragonite|Extreme Speed|p2a: Corviknight
|-resisted|p2a: Corviknight
|-damage|p2a: Corviknight|51/100 brn
|-damage|p1a: Dragonite|38/100|[from] item: Rocky Helmet|[of] p2a: Corviknight
|move|p2a: Corviknight|Body Press|p1a: Dragonite
|-resisted|p1a: Dragonite
|-damage|p1a: Dragonite|20/100
|
|-damage|p2a: Corviknight|45/100 brn|[from] brn
|upkeep
|turn|36
|
|t:|1759009657
|move|p1a: Dragonite|Roost|p1a: Dragonite
|-heal|p1a: Dragonite|70/100
|-singleturn|p1a: Dragonite|move: Roost
|move|p2a: Corviknight|Body Press|p1a: Dragonite
|-damage|p1a: Dragonite|35/100
|
|-damage|p2a: Corviknight|39/100 brn|[from] brn
|upkeep
|turn|37
|
|t:|1759009665
|move|p1a: Dragonite|Roost|p1a: Dragonite
|-heal|p1a: Dragonite|85/100
|-singleturn|p1a: Dragonite|move: Roost
|move|p2a: Corviknight|Roost|p2a: Corviknight
|-heal|p2a: Corviknight|89/100 brn
|-singleturn|p2a: Corviknight|move: Roost
|
|-damage|p2a: Corviknight|83/100 brn|[from] brn
|upkeep
|turn|38
|
|t:|1759009676
|move|p1a: Dragonite|Extreme Speed|p2a: Corviknight
|-resisted|p2a: Corviknight
|-damage|p2a: Corviknight|69/100 brn
|-damage|p1a: Dragonite|69/100|[from] item: Rocky Helmet|[of] p2a: Corviknight
|move|p2a: Corviknight|U-turn|p1a: Dragonite
|-resisted|p1a: Dragonite
|-damage|p1a: Dragonite|66/100
|
|-damage|p2a: Corviknight|63/100 brn|[from] brn
|upkeep
|turn|39
|
|t:|1759009686
|move|p1a: Dragonite|Dragon Dance|p1a: Dragonite
|-boost|p1a: Dragonite|atk|0
|-boost|p1a: Dragonite|spe|0
|move|p2a: Corviknight|U-turn|p1a: Dragonite
|-resisted|p1a: Dragonite
|-damage|p1a: Dragonite|62/100
|
|-damage|p2a: Corviknight|57/100 brn|[from] brn
|upkeep
|turn|40
|
|t:|1759009695
|move|p1a: Dragonite|Dragon Dance|p1a: Dragonite
|-boost|p1a: Dragonite|atk|0
|-boost|p1a: Dragonite|spe|0
|move|p2a: Corviknight|U-turn|p1a: Dragonite
|-resisted|p1a: Dragonite
|-damage|p1a: Dragonite|58/100
|
|-damage|p2a: Corviknight|51/100 brn|[from] brn
|upkeep
|turn|41
|
|t:|1759009703
|move|p1a: Dragonite|Dragon Dance|p1a: Dragonite
|-boost|p1a: Dragonite|atk|0
|-boost|p1a: Dragonite|spe|0
|move|p2a: Corviknight|U-turn|p1a: Dragonite
|-resisted|p1a: Dragonite
|-damage|p1a: Dragonite|55/100
|
|-damage|p2a: Corviknight|45/100 brn|[from] brn
|upkeep
|turn|42
|
|t:|1759009711
|move|p1a: Dragonite|Roost|p1a: Dragonite
|-heal|p1a: Dragonite|100/100
|-singleturn|p1a: Dragonite|move: Roost
|move|p2a: Corviknight|Roost|p2a: Corviknight
|-heal|p2a: Corviknight|95/100 brn
|-singleturn|p2a: Corviknight|move: Roost
|
|-damage|p2a: Corviknight|89/100 brn|[from] brn
|upkeep
|turn|43
|
|t:|1759009722
|move|p1a: Dragonite|Dragon Dance|p1a: Dragonite
|-boost|p1a: Dragonite|atk|0
|-boost|p1a: Dragonite|spe|0
|move|p2a: Corviknight|U-turn|p1a: Dragonite
|-resisted|p1a: Dragonite
|-damage|p1a: Dragonite|99/100
|
|-damage|p2a: Corviknight|83/100 brn|[from] brn
|upkeep
|turn|44
|
|t:|1759009729
|move|p1a: Dragonite|Dragon Dance|p1a: Dragonite
|-boost|p1a: Dragonite|atk|0
|-boost|p1a: Dragonite|spe|0
|move|p2a: Corviknight|U-turn|p1a: Dragonite
|-resisted|p1a: Dragonite
|-damage|p1a: Dragonite|95/100
|
|-damage|p2a: Corviknight|77/100 brn|[from] brn
|upkeep
|turn|45
|
|t:|1759009737
|move|p1a: Dragonite|Dragon Dance|p1a: Dragonite
|-boost|p1a: Dragonite|atk|0
|-boost|p1a: Dragonite|spe|0
|move|p2a: Corviknight|Body Press|p1a: Dragonite
|-resisted|p1a: Dragonite
|-damage|p1a: Dragonite|77/100
|
|-damage|p2a: Corviknight|71/100 brn|[from] brn
|upkeep
|turn|46
|
|t:|1759009747
|move|p1a: Dragonite|Dragon Dance|p1a: Dragonite
|-boost|p1a: Dragonite|atk|0
|-boost|p1a: Dragonite|spe|0
|move|p2a: Corviknight|U-turn|p1a: Dragonite
|-resisted|p1a: Dragonite
|-damage|p1a: Dragonite|74/100
|
|-damage|p2a: Corviknight|65/100 brn|[from] brn
|upkeep
|turn|47
|
|t:|1759009756
|move|p1a: Dragonite|Extreme Speed|p2a: Corviknight
|-resisted|p2a: Corviknight
|-damage|p2a: Corviknight|53/100 brn
|-damage|p1a: Dragonite|57/100|[from] item: Rocky Helmet|[of] p2a: Corviknight
|move|p2a: Corviknight|U-turn|p1a: Dragonite
|-resisted|p1a: Dragonite
|-damage|p1a: Dragonite|53/100
|
|-damage|p2a: Corviknight|47/100 brn|[from] brn
|upkeep
|turn|48
|
|t:|1759009768
|move|p1a: Dragonite|Dragon Dance|p1a: Dragonite
|-boost|p1a: Dragonite|atk|0
|-boost|p1a: Dragonite|spe|0
|move|p2a: Corviknight|Roost|p2a: Corviknight
|-heal|p2a: Corviknight|97/100 brn
|-singleturn|p2a: Corviknight|move: Roost
|
|-damage|p2a: Corviknight|91/100 brn|[from] brn
|upkeep
|turn|49
|
|t:|1759009776
|move|p1a: Dragonite|Dragon Dance|p1a: Dragonite
|-boost|p1a: Dragonite|atk|0
|-boost|p1a: Dragonite|spe|0
|move|p2a: Corviknight|Body Press|p1a: Dragonite
|-resisted|p1a: Dragonite
|-damage|p1a: Dragonite|35/100
|
|-damage|p2a: Corviknight|85/100 brn|[from] brn
|upkeep
|turn|50
|
|t:|1759009784
|move|p1a: Dragonite|Roost|p1a: Dragonite
|-heal|p1a: Dragonite|85/100
|-singleturn|p1a: Dragonite|move: Roost
|move|p2a: Corviknight|U-turn|p1a: Dragonite
|-damage|p1a: Dragonite|79/100
|
|-damage|p2a: Corviknight|79/100 brn|[from] brn
|upkeep
|turn|51
|
|t:|1759009792
|move|p1a: Dragonite|Earthquake|p2a: Corviknight
|-immune|p2a: Corviknight
|move|p2a: Corviknight|Body Press|p1a: Dragonite
|-resisted|p1a: Dragonite
|-crit|p1a: Dragonite
|-damage|p1a: Dragonite|50/100
|
|-damage|p2a: Corviknight|73/100 brn|[from] brn
|upkeep
|turn|52
|
|t:|1759009800
|move|p1a: Dragonite|Earthquake|p2a: Corviknight
|-immune|p2a: Corviknight
|move|p2a: Corviknight|U-turn|p1a: Dragonite
|-resisted|p1a: Dragonite
|-damage|p1a: Dragonite|46/100
|
|-damage|p2a: Corviknight|67/100 brn|[from] brn
|upkeep
|turn|53
|
|t:|1759009808
|move|p1a: Dragonite|Extreme Speed|p2a: Corviknight
|-resisted|p2a: Corviknight
|-damage|p2a: Corviknight|56/100 brn
|-damage|p1a: Dragonite|30/100|[from] item: Rocky Helmet|[of] p2a: Corviknight
|move|p2a: Corviknight|U-turn|p1a: Dragonite
|-resisted|p1a: Dragonite
|-damage|p1a: Dragonite|27/100
|
|-damage|p2a: Corviknight|50/100 brn|[from] brn
|upkeep
|turn|54
|
|t:|1759009818
|move|p1a: Dragonite|Earthquake|p2a: Corviknight
|-immune|p2a: Corviknight
|move|p2a: Corviknight|U-turn|p1a: Dragonite
|-resisted|p1a: Dragonite
|-damage|p1a: Dragonite|23/100
|
|-damage|p2a: Corviknight|44/100 brn|[from] brn
|upkeep
|turn|55
|
|t:|1759009826
|move|p1a: Dragonite|Earthquake|p2a: Corviknight
|-immune|p2a: Corviknight
|move|p2a: Corviknight|Roost|p2a: Corviknight
|-heal|p2a: Corviknight|94/100 brn
|-singleturn|p2a: Corviknight|move: Roost
|
|-damage|p2a: Corviknight|88/100 brn|[from] brn
|upkeep
|turn|56
|
|t:|1759009834
|move|p1a: Dragonite|Earthquake|p2a: Corviknight
|-immune|p2a: Corviknight
|move|p2a: Corviknight|U-turn|p1a: Dragonite
|-resisted|p1a: Dragonite
|-damage|p1a: Dragonite|20/100
|
|-damage|p2a: Corviknight|82/100 brn|[from] brn
|upkeep
|turn|57
|
|t:|1759009841
|move|p1a: Dragonite|Earthquake|p2a: Corviknight
|-immune|p2a: Corviknight
|move|p2a: Corviknight|Body Press|p1a: Dragonite
|-resisted|p1a: Dragonite
|-damage|p1a: Dragonite|2/100
|
|-damage|p2a: Corviknight|76/100 brn|[from] brn
|upkeep
|turn|58
|-message|JPodojo forfeited.
|
|win|TheToasterMessiah
|raw|JPodojo's rating: 1149 &rarr; <strong>1125</strong><br />(-24 for losing)
|raw|TheToasterMessiah's rating: 1158 &rarr; <strong>1182</strong><br />(+24 for winning)
|l|☆JPodojo
|player|p1|
