|j|☆Yomoma’sash
|j|☆Mr.X&Y97
|t:|1759000260
|gametype|singles
|player|p1|Yomoma’sash|169|1516
|player|p2|Mr.X&Y97|ingo|1602
|gen|9
|tier|[Gen 9] OU
|rated|
|rule|HP Percentage Mod: HP is shown in percentages
|rule|Endless Battle Clause: Forcing endless battles is banned
|rule|Species Clause: Limit one of each Pokémon
|rule|OHKO Clause: OHKO moves are banned
|rule|Evasion Items Clause: Evasion items are banned
|rule|Evasion Moves Clause: Evasion moves are banned
|rule|Evasion Abilities Clause: Evasion abilities are banned
|rule|Sleep Moves Clause: Sleep-inducing moves are banned
|clearpoke
|poke|p1|Charizard, M|
|poke|p1|Venusaur, F|
|poke|p1|Lapras, F|
|poke|p1|Blastoise, F|
|poke|p1|Snorlax, F|
|poke|p1|Clefable, F|
|poke|p2|Ursaluna, M|
|poke|p2|Hatterene, F|
|poke|p2|Keldeo-Resolute|
|poke|p2|Cresselia, F|
|poke|p2|Iron Valiant|
|poke|p2|Dragapult, F|
|teampreview
|inactive|Battle timer is ON: inactive players will automatically lose when time's up. (requested by Mr.X&Y97)
|
|t:|1759000288
|teamsize|p1|6
|teamsize|p2|6
|start
|switch|p1a: Clefable|Clefable, F|100/100
|switch|p2a: Hatterene|Hatterene, F|100/100
|turn|1
|
|t:|1759000292
|move|p1a: Clefable|Cosmic Power|p1a: Clefable
|-boost|p1a: Clefable|def|1
|-boost|p1a: Clefable|spd|1
|move|p2a: Hatterene|Trick Room|p2a: Hatterene
|-fieldstart|move: Trick Room|[of] p2a: Hatterene
|
|upkeep
|turn|2
|
|t:|1759000296
|move|p2a: Hatterene|Psychic Noise|p1a: Clefable
|-damage|p1a: Clefable|72/100
|-start|p1a: Clefable|move: Heal Block
|move|p1a: Clefable|Moonblast|p2a: Hatterene
|-damage|p2a: Hatterene|68/100
|
|upkeep
|turn|3
|
|t:|1759000300
|move|p2a: Hatterene|Healing Wish|p2a: Hatterene
|faint|p2a: Hatterene
|move|p1a: Clefable|Cosmic Power|p1a: Clefable
|-boost|p1a: Clefable|def|1
|-boost|p1a: Clefable|spd|1
|
|-end|p1a: Clefable|move: Heal Block
|upkeep
|
|t:|1759000303
|switch|p2a: Ursaluna|Ursaluna, M|100/100
|turn|4
|
|t:|1759000310
|-terastallize|p2a: Ursaluna|Normal
|move|p2a: Ursaluna|Facade|p1a: Clefable
|-damage|p1a: Clefable|50/100
|move|p1a: Clefable|Moonlight|p1a: Clefable
|-heal|p1a: Clefable|100/100
|
|-status|p2a: Ursaluna|brn|[from] item: Flame Orb
|upkeep
|turn|5
|
|t:|1759000317
|move|p2a: Ursaluna|Facade|p1a: Clefable
|-damage|p1a: Clefable|37/100
|move|p1a: Clefable|Cosmic Power|p1a: Clefable
|-boost|p1a: Clefable|def|1
|-boost|p1a: Clefable|spd|1
|
|-heal|p1a: Clefable|43/100|[from] item: Leftovers
|-damage|p2a: Ursaluna|94/100 brn|[from] brn
|-fieldend|move: Trick Room
|upkeep
|turn|6
|
|t:|1759000322
|move|p1a: Clefable|Moonlight|p1a: Clefable
|-heal|p1a: Clefable|93/100
|move|p2a: Ursaluna|Facade|p1a: Clefable
|-damage|p1a: Clefable|43/100
|
|-heal|p1a: Clefable|49/100|[from] item: Leftovers
|-damage|p2a: Ursaluna|88/100 brn|[from] brn
|upkeep
|turn|7
|
|t:|1759000326
|move|p1a: Clefable|Moonlight|p1a: Clefable
|-heal|p1a: Clefable|99/100
|move|p2a: Ursaluna|Facade|p1a: Clefable
|-damage|p1a: Clefable|48/100
|
|-heal|p1a: Clefable|54/100|[from] item: Leftovers
|-damage|p2a: Ursaluna|82/100 brn|[from] brn
|upkeep
|turn|8
|
|t:|1759000331
|move|p1a: Clefable|Moonlight|p1a: Clefable
|-heal|p1a: Clefable|100/100
|move|p2a: Ursaluna|Facade|p1a: Clefable
|-damage|p1a: Clefable|45/100
|
|-heal|p1a: Clefable|51/100|[from] item: Leftovers
|-damage|p2a: Ursaluna|76/100 brn|[from] brn
|upkeep
|turn|9
|
|t:|1759000335
|move|p1a: Clefable|Cosmic Power|p1a: Clefable
|-boost|p1a: Clefable|def|1
|-boost|p1a: Clefable|spd|1
|move|p2a: Ursaluna|Facade|p1a: Clefable
|-damage|p1a: Clefable|7/100
|
|-heal|p1a: Clefable|13/100|[from] item: Leftovers
|-damage|p2a: Ursaluna|70/100 brn|[from] brn
|upkeep
|turn|10
|
|t:|1759000336
|move|p1a: Clefable|Moonlight|p1a: Clefable
|-heal|p1a: Clefable|63/100
|move|p2a: Ursaluna|Facade|p1a: Clefable
|-damage|p1a: Clefable|16/100
|
|-heal|p1a: Clefable|22/100|[from] item: Leftovers
|-damage|p2a: Ursaluna|64/100 brn|[from] brn
|upkeep
|turn|11
|
|t:|1759000342
|move|p1a: Clefable|Moonlight|p1a: Clefable
|-heal|p1a: Clefable|72/100
|move|p2a: Ursaluna|Facade|p1a: Clefable
|-damage|p1a: Clefable|31/100
|
|-heal|p1a: Clefable|37/100|[from] item: Leftovers
|-damage|p2a: Ursaluna|58/100 brn|[from] brn
|upkeep
|turn|12
|
|t:|1759000346
|move|p1a: Clefable|Moonlight|p1a: Clefable
|-heal|p1a: Clefable|87/100
|move|p2a: Ursaluna|Facade|p1a: Clefable
|-damage|p1a: Clefable|43/100
|
|-heal|p1a: Clefable|49/100|[from] item: Leftovers
|-damage|p2a: Ursaluna|52/100 brn|[from] brn
|upkeep
|turn|13
|
|t:|1759000349
|move|p1a: Clefable|Moonlight|p1a: Clefable
|-heal|p1a: Clefable|99/100
|move|p2a: Ursaluna|Facade|p1a: Clefable
|-damage|p1a: Clefable|55/100
|
|-heal|p1a: Clefable|61/100|[from] item: Leftovers
|-damage|p2a: Ursaluna|46/100 brn|[from] brn
|upkeep
|turn|14
|
|t:|1759000353
|move|p1a: Clefable|Stored Power|p2a: Ursaluna
|-damage|p2a: Ursaluna|10/100 brn
|move|p2a: Ursaluna|Facade|p1a: Clefable
|-damage|p1a: Clefable|18/100
|
|-heal|p1a: Clefable|24/100|[from] item: Leftovers
|-damage|p2a: Ursaluna|4/100 brn|[from] brn
|upkeep
|turn|15
|
|t:|1759000360
|switch|p2a: Cresselia|Cresselia, F|100/100
|move|p1a: Clefable|Moonblast|p2a: Cresselia
|-damage|p2a: Cresselia|82/100
|
|-heal|p1a: Clefable|30/100|[from] item: Leftovers
|upkeep
|turn|16
|
|t:|1759000368
|move|p1a: Clefable|Cosmic Power|p1a: Clefable
|-boost|p1a: Clefable|def|1
|-boost|p1a: Clefable|spd|1
|move|p2a: Cresselia|Trick Room|p2a: Cresselia
|-fieldstart|move: Trick Room|[of] p2a: Cresselia
|
|-heal|p1a: Clefable|36/100|[from] item: Leftovers
|upkeep
|turn|17
|
|t:|1759000374
|move|p1a: Clefable|Cosmic Power|p1a: Clefable
|-boost|p1a: Clefable|def|1
|-boost|p1a: Clefable|spd|1
|move|p2a: Cresselia|Lunar Dance|p2a: Cresselia
|faint|p2a: Cresselia
|
|-heal|p1a: Clefable|42/100|[from] item: Leftovers
|upkeep
|
|t:|1759000375
|switch|p2a: Ursaluna|Ursaluna, M, tera:Normal|4/100 brn
|-heal|p2a: Ursaluna|100/100|[from] move: Healing Wish
|-heal|p2a: Ursaluna|100/100|[from] move: Lunar Dance
|turn|18
|
|t:|1759000382
|move|p2a: Ursaluna|Facade|p1a: Clefable
|-damage|p1a: Clefable|30/100
|move|p1a: Clefable|Stored Power|p2a: Ursaluna
|-damage|p2a: Ursaluna|47/100
|
|-heal|p1a: Clefable|37/100|[from] item: Leftovers
|-status|p2a: Ursaluna|brn|[from] item: Flame Orb
|upkeep
|turn|19
|
|t:|1759000385
|move|p2a: Ursaluna|Facade|p1a: Clefable
|-damage|p1a: Clefable|7/100
|move|p1a: Clefable|Stored Power|p2a: Ursaluna
|-damage|p2a: Ursaluna|0 fnt
|faint|p2a: Ursaluna
|
|-heal|p1a: Clefable|13/100|[from] item: Leftovers
|upkeep
|
|t:|1759000409
|switch|p2a: Keldeo|Keldeo-Resolute|100/100
|turn|20
|
|t:|1759000415
|move|p2a: Keldeo|Vacuum Wave|p1a: Clefable
|-resisted|p1a: Clefable
|-damage|p1a: Clefable|8/100
|move|p1a: Clefable|Stored Power|p2a: Keldeo
|-supereffective|p2a: Keldeo
|-damage|p2a: Keldeo|0 fnt
|faint|p2a: Keldeo
|
|-heal|p1a: Clefable|14/100|[from] item: Leftovers
|-fieldend|move: Trick Room
|upkeep
|
|t:|1759000417
|switch|p2a: Dragapult|Dragapult, F|100/100
|turn|21
|
|t:|1759000420
|move|p2a: Dragapult|Shadow Ball|p1a: Clefable
|-damage|p1a: Clefable|1/100
|move|p1a: Clefable|Stored Power|p2a: Dragapult
|-damage|p2a: Dragapult|22/100
|
|-heal|p1a: Clefable|7/100|[from] item: Leftovers
|upkeep
|turn|22
|
|t:|1759000426
|move|p2a: Dragapult|Shadow Ball|p1a: Clefable
|-damage|p1a: Clefable|0 fnt
|faint|p1a: Clefable
|
|upkeep
|
|t:|1759000429
|switch|p1a: Snorlax|Snorlax, F|100/100
|turn|23
|
|t:|1759000430
|switch|p2a: Iron Valiant|Iron Valiant|100/100
|-enditem|p2a: Iron Valiant|Booster Energy
|-activate|p2a: Iron Valiant|ability: Quark Drive|[fromitem]
|-start|p2a: Iron Valiant|quarkdrivespe
|move|p1a: Snorlax|Earthquake|p2a: Iron Valiant
|-damage|p2a: Iron Valiant|58/100
|
|upkeep
|turn|24
|
|t:|1759000438
|move|p2a: Iron Valiant|Shadow Ball|p1a: Snorlax
|-immune|p1a: Snorlax
|move|p1a: Snorlax|Body Slam|p2a: Iron Valiant
|-damage|p2a: Iron Valiant|2/100
|
|upkeep
|turn|25
|
|t:|1759000446
|move|p2a: Iron Valiant|Destiny Bond|p2a: Iron Valiant
|-singlemove|p2a: Iron Valiant|Destiny Bond
|move|p1a: Snorlax|Earthquake|p2a: Iron Valiant
|-damage|p2a: Iron Valiant|0 fnt
|faint|p2a: Iron Valiant
|-activate|p2a: Iron Valiant|move: Destiny Bond
|-end|p2a: Iron Valiant|Quark Drive|[silent]
|faint|p1a: Snorlax
|
|upkeep
|
|t:|1759000449
|switch|p2a: Dragapult|Dragapult, F|22/100
|switch|p1a: Lapras|Lapras, F|100/100
|turn|26
|
|t:|1759000453
|move|p2a: Dragapult|Shadow Ball|p1a: Lapras
|-damage|p1a: Lapras|59/100
|move|p1a: Lapras|Freeze-Dry|p2a: Dragapult
|-supereffective|p2a: Dragapult
|-damage|p2a: Dragapult|0 fnt
|faint|p2a: Dragapult
|
|win|Yomoma’sash
|raw|Yomoma’sash's rating: 1516 &rarr; <strong>1541</strong><br />(+25 for winning)
|raw|Mr.X&amp;Y97's rating: 1602 &rarr; <strong>1577</strong><br />(-25 for losing)
|l|☆Mr.X&Y97
|player|p2|
