|j|☆benjikong14
|j|☆fulkttd
|t:|1759003513
|gametype|singles
|player|p1|benjikong14|dancer|1226
|player|p2|fulkttd|zinzolin|1278
|gen|9
|tier|[Gen 9] OU
|rated|
|rule|HP Percentage Mod: HP is shown in percentages
|rule|Endless Battle Clause: Forcing endless battles is banned
|rule|Species Clause: Limit one of each Pokémon
|rule|OHKO Clause: OHKO moves are banned
|rule|Evasion Items Clause: Evasion items are banned
|rule|Evasion Moves Clause: Evasion moves are banned
|rule|Evasion Abilities Clause: Evasion abilities are banned
|rule|Sleep Moves Clause: Sleep-inducing moves are banned
|clearpoke
|poke|p1|Palossand, M|
|poke|p1|Maushold|
|poke|p1|Hawlucha, M|
|poke|p1|Tinkaton, F|
|poke|p1|Rotom-Wash|
|poke|p1|Houndoom, M|
|poke|p2|Dragapult, F|
|poke|p2|Great Tusk|
|poke|p2|Hatterene, F|
|poke|p2|Slowking-Galar, M|
|poke|p2|Gholdengo|
|poke|p2|Ogerpon-Wellspring, F|
|teampreview
|inactive|Battle timer is ON: inactive players will automatically lose when time's up. (requested by fulkttd)
|
|t:|1759003521
|teamsize|p1|6
|teamsize|p2|6
|start
|switch|p1a: Palossand|Palossand, M|100/100
|switch|p2a: Dragapult|Dragapult, F|100/100
|turn|1
|
|t:|1759003539
|move|p2a: Dragapult|U-turn|p1a: Palossand
|-resisted|p1a: Palossand
|-damage|p1a: Palossand|91/100
|-damage|p2a: Dragapult|84/100|[from] item: Rocky Helmet|[of] p1a: Palossand
|
|t:|1759003547
|switch|p2a: Ogerpon|Ogerpon-Wellspring, F|100/100|[from] U-turn
|move|p1a: Palossand|Stealth Rock|p2a: Ogerpon
|-sidestart|p2: fulkttd|move: Stealth Rock
|
|upkeep
|turn|2
|
|t:|1759003557
|move|p2a: Ogerpon|Encore|p1a: Palossand
|-start|p1a: Palossand|Encore
|move|p1a: Palossand|Stealth Rock||[still]
|-fail|p1a: Palossand
|
|upkeep
|turn|3
|
|t:|1759003574
|switch|p1a: Hawlucha|Hawlucha, M|100/100
|-ability|p1a: Hawlucha|Mold Breaker
|move|p2a: Ogerpon|Swords Dance|p2a: Ogerpon
|-boost|p2a: Ogerpon|atk|2
|
|upkeep
|turn|4
|
|t:|1759003589
|-terastallize|p2a: Ogerpon|Water
|detailschange|p2a: Ogerpon|Ogerpon-Wellspring-Tera, F, tera:Water
|-ability|p2a: Ogerpon|Embody Aspect (Wellspring)|boost
|-boost|p2a: Ogerpon|spd|1
|move|p1a: Hawlucha|Brave Bird|p2a: Ogerpon
|-damage|p2a: Ogerpon|40/100
|-damage|p1a: Hawlucha|80/100|[from] Recoil
|move|p2a: Ogerpon|Ivy Cudgel|p1a: Hawlucha|[anim] Ivy Cudgel Water
|-crit|p1a: Hawlucha
|-damage|p1a: Hawlucha|0 fnt
|faint|p1a: Hawlucha
|
|upkeep
|inactive|benjikong14 has 120 seconds left.
|
|t:|1759003621
|switch|p1a: Maushold|Maushold|100/100
|turn|5
|inactive|benjikong14 has 120 seconds left.
|
|t:|1759003630
|switch|p2a: Gholdengo|Gholdengo|100/100
|-damage|p2a: Gholdengo|94/100|[from] Stealth Rock
|move|p1a: Maushold|Population Bomb|p2a: Gholdengo
|-immune|p2a: Gholdengo
|
|upkeep
|turn|6
|inactive|benjikong14 has 120 seconds left.
|
|t:|1759003648
|switch|p1a: Rotom|Rotom-Wash|100/100
|move|p2a: Gholdengo|Trick|p1a: Rotom
|-activate|p2a: Gholdengo|move: Trick|[of] p1a: Rotom
|-item|p1a: Rotom|Choice Scarf|[from] move: Trick
|-item|p2a: Gholdengo|Assault Vest|[from] move: Trick
|
|upkeep
|turn|7
|inactive|benjikong14 has 120 seconds left.
|
|t:|1759003660
|move|p1a: Rotom|Volt Switch|p2a: Gholdengo
|-damage|p2a: Gholdengo|69/100
|
|t:|1759003675
|switch|p1a: Palossand|Palossand, M|91/100|[from] Volt Switch
|move|p2a: Gholdengo|Shadow Ball|p1a: Palossand
|-supereffective|p1a: Palossand
|-damage|p1a: Palossand|12/100
|
|upkeep
|turn|8
|
|t:|1759003689
|switch|p1a: Maushold|Maushold|100/100
|move|p2a: Gholdengo|Dazzling Gleam|p1a: Maushold
|-damage|p1a: Maushold|56/100
|
|upkeep
|turn|9
|
|t:|1759003715
|move|p1a: Maushold|Bite|p2a: Gholdengo
|-supereffective|p2a: Gholdengo
|-damage|p2a: Gholdengo|19/100
|move|p2a: Gholdengo|Make It Rain|p1a: Maushold
|-damage|p1a: Maushold|0 fnt
|-unboost|p2a: Gholdengo|spa|1
|faint|p1a: Maushold
|
|upkeep
|inactive|benjikong14 has 90 seconds left.
|
|t:|1759003730
|switch|p1a: Rotom|Rotom-Wash|100/100
|turn|10
|
|t:|1759003734
|move|p1a: Rotom|Hydro Pump|p2a: Gholdengo
|-damage|p2a: Gholdengo|0 fnt
|faint|p2a: Gholdengo
|
|upkeep
|
|t:|1759003742
|switch|p2a: Ogerpon|Ogerpon-Wellspring-Tera, F, tera:Water|40/100
|-damage|p2a: Ogerpon|27/100|[from] Stealth Rock
|-ability|p2a: Ogerpon|Embody Aspect (Wellspring)|boost
|-boost|p2a: Ogerpon|spd|1
|turn|11
|inactive|benjikong14 has 90 seconds left.
|
|t:|1759003764
|switch|p1a: Palossand|Palossand, M|12/100
|move|p2a: Ogerpon|Swords Dance|p2a: Ogerpon
|-boost|p2a: Ogerpon|atk|2
|
|upkeep
|turn|12
|inactive|benjikong14 has 90 seconds left.
|
|t:|1759003781
|move|p2a: Ogerpon|Horn Leech|p1a: Palossand
|-supereffective|p1a: Palossand
|-damage|p1a: Palossand|0 fnt
|-heal|p2a: Ogerpon|35/100|[from] drain|[of] p1a: Palossand
|-damage|p2a: Ogerpon|18/100|[from] item: Rocky Helmet|[of] p1a: Palossand
|faint|p1a: Palossand
|
|upkeep
|
|t:|1759003795
|switch|p1a: Rotom|Rotom-Wash|100/100
|turn|13
|
|t:|1759003815
|-terastallize|p1a: Rotom|Poison
|move|p2a: Ogerpon|Horn Leech|p1a: Rotom
|-resisted|p1a: Rotom
|-damage|p1a: Rotom|54/100
|-heal|p2a: Ogerpon|42/100|[from] drain|[of] p1a: Rotom
|move|p1a: Rotom|Thunderbolt|p2a: Ogerpon
|-supereffective|p2a: Ogerpon
|-damage|p2a: Ogerpon|0 fnt
|faint|p2a: Ogerpon
|detailschange|p2: Ogerpon|Ogerpon-Wellspring, F|[silent]
|
|upkeep
|
|t:|1759003825
|switch|p2a: Great Tusk|Great Tusk|100/100
|turn|14
|inactive|benjikong14 has 90 seconds left.
|
|t:|1759003845
|switch|p1a: Houndoom|Houndoom, M|100/100
|move|p2a: Great Tusk|Rapid Spin|p1a: Houndoom
|-damage|p1a: Houndoom|65/100
|-boost|p2a: Great Tusk|spe|1
|-sideend|p2: fulkttd|Stealth Rock|[from] move: Rapid Spin|[of] p2a: Great Tusk
|
|upkeep
|turn|15
|
|t:|1759003855
|move|p2a: Great Tusk|Close Combat|p1a: Houndoom
|-supereffective|p1a: Houndoom
|-damage|p1a: Houndoom|0 fnt
|-unboost|p2a: Great Tusk|def|1
|-unboost|p2a: Great Tusk|spd|1
|faint|p1a: Houndoom
|
|upkeep
|
|t:|1759003862
|switch|p1a: Rotom|Rotom-Wash, tera:Poison|54/100
|turn|16
|inactive|benjikong14 has 90 seconds left.
|
|t:|1759003868
|-end|p2a: Great Tusk|Protosynthesis|[silent]
|switch|p2a: Slowking|Slowking-Galar, M|100/100
|move|p1a: Rotom|Hydro Pump|p2a: Slowking|[miss]
|-miss|p1a: Rotom|p2a: Slowking
|
|upkeep
|turn|17
|
|t:|1759003878
|move|p1a: Rotom|Hydro Pump|p2a: Slowking
|-damage|p2a: Slowking|71/100
|move|p2a: Slowking|Future Sight|p1a: Rotom
|-start|p2a: Slowking|move: Future Sight
|
|upkeep
|turn|18
|
|t:|1759003883
|move|p1a: Rotom|Hydro Pump|p2a: Slowking|[miss]
|-miss|p1a: Rotom|p2a: Slowking
|move|p2a: Slowking|Ice Beam|p1a: Rotom
|-damage|p1a: Rotom|22/100
|
|upkeep
|turn|19
|
|t:|1759003891
|move|p1a: Rotom|Hydro Pump|p2a: Slowking|[miss]
|-miss|p1a: Rotom|p2a: Slowking
|move|p2a: Slowking|Ice Beam|p1a: Rotom
|-damage|p1a: Rotom|0 fnt
|faint|p1a: Rotom
|
|-hint|Future Sight did not hit because the target is fainted.
|upkeep
|
|t:|1759003900
|switch|p1a: Tinkaton|Tinkaton, F|100/100
|turn|20
|
|t:|1759003909
|move|p1a: Tinkaton|Swords Dance|p1a: Tinkaton
|-boost|p1a: Tinkaton|atk|2
|move|p2a: Slowking|Flamethrower|p1a: Tinkaton
|-supereffective|p1a: Tinkaton
|-damage|p1a: Tinkaton|47/100
|
|-heal|p1a: Tinkaton|53/100|[from] item: Leftovers
|upkeep
|turn|21
|
|t:|1759003920
|move|p1a: Tinkaton|Gigaton Hammer|p2a: Slowking
|-damage|p2a: Slowking|0 fnt
|faint|p2a: Slowking
|
|-heal|p1a: Tinkaton|59/100|[from] item: Leftovers
|upkeep
|
|t:|1759003943
|switch|p2a: Great Tusk|Great Tusk|100/100
|turn|22
|inactive|benjikong14 has 120 seconds left.
|
|t:|1759003950
|move|p1a: Tinkaton|Protect|p1a: Tinkaton
|-singleturn|p1a: Tinkaton|Protect
|move|p2a: Great Tusk|Headlong Rush|p1a: Tinkaton
|-activate|p1a: Tinkaton|move: Protect
|
|-heal|p1a: Tinkaton|65/100|[from] item: Leftovers
|upkeep
|turn|23
|inactive|benjikong14 has 120 seconds left.
|
|t:|1759003962
|move|p2a: Great Tusk|Headlong Rush|p1a: Tinkaton
|-supereffective|p1a: Tinkaton
|-crit|p1a: Tinkaton
|-damage|p1a: Tinkaton|0 fnt
|-unboost|p2a: Great Tusk|def|1
|-unboost|p2a: Great Tusk|spd|1
|faint|p1a: Tinkaton
|
|win|fulkttd
|raw|benjikong14's rating: 1226 &rarr; <strong>1205</strong><br />(-21 for losing)
|raw|fulkttd's rating: 1278 &rarr; <strong>1299</strong><br />(+21 for winning)
|l|☆benjikong14
|player|p1|
|l|☆fulkttd
|player|p2|
