|j|☆StreetBoom
|j|☆TrafficConeGuy
|inactive|Battle timer is ON: inactive players will automatically lose when time's up.
|t:|1759066731
|gametype|singles
|player|p1|StreetBoom|#psstaff1|
|player|p2|TrafficConeGuy|baker|
|gen|9
|tier|[Gen 9] OU
|rated|Tournament battle
|rule|HP Percentage Mod: HP is shown in percentages
|rule|Endless Battle Clause: Forcing endless battles is banned
|rule|Species Clause: Limit one of each Pokémon
|rule|OHKO Clause: OHKO moves are banned
|rule|Evasion Items Clause: Evasion items are banned
|rule|Evasion Moves Clause: Evasion moves are banned
|rule|Evasion Abilities Clause: Evasion abilities are banned
|rule|Sleep Moves Clause: Sleep-inducing moves are banned
|clearpoke
|poke|p1|Ninetales, F|
|poke|p1|Raging Bolt|
|poke|p1|Hatterene, F|
|poke|p1|Walking Wake|
|poke|p1|Great Tusk|
|poke|p1|Scizor, M|
|poke|p2|Diancie|
|poke|p2|Iron Hands|
|poke|p2|Ursaluna, F|
|poke|p2|Azumarill, M|
|poke|p2|Swalot, F|
|poke|p2|Iron Valiant|
|teampreview
|j|*Lady Monita ☀
|inactive|StreetBoom also wants the timer to be on.
|c|☆TrafficConeGuy|99% of gamblers quit before they win big
|inactive|StreetBoom has 120 seconds left.
|c|☆StreetBoom|I'm no gambler tho :(
|c|☆TrafficConeGuy|i am teehee
|inactive|StreetBoom has 90 seconds left.
|c|☆TrafficConeGuy|but glhf
|c|☆TrafficConeGuy|you will win trust
|inactive|StreetBoom has 60 seconds left.
|
|t:|1759066828
|teamsize|p1|6
|teamsize|p2|6
|start
|switch|p1a: Ninetales|Ninetales, F, shiny|100/100
|switch|p2a: Black Jack|Diancie|100/100
|-weather|SunnyDay|[from] ability: Drought|[of] p1a: Ninetales
|turn|1
|inactive|StreetBoom has 120 seconds left.
|
|t:|1759066837
|switch|p1a: Hatterene|Hatterene, F|100/100
|move|p2a: Black Jack|Metronome|p2a: Black Jack
|move|p2a: Black Jack|Icicle Crash|p1a: Hatterene|[from] move: Metronome|[miss]
|-miss|p2a: Black Jack|p1a: Hatterene
|
|-weather|SunnyDay|[upkeep]
|upkeep
|turn|2
|c|☆TrafficConeGuy|gambling time
|
|t:|1759066844
|move|p2a: Black Jack|Metronome|p2a: Black Jack
|move|p2a: Black Jack|Alluring Voice|p1a: Hatterene|[from] move: Metronome
|-damage|p1a: Hatterene|72/100
|move|p1a: Hatterene|Calm Mind|p1a: Hatterene
|-boost|p1a: Hatterene|spa|1
|-boost|p1a: Hatterene|spd|1
|
|-weather|SunnyDay|[upkeep]
|upkeep
|turn|3
|c|☆StreetBoom|oh god
|
|t:|1759066851
|move|p2a: Black Jack|Metronome|p2a: Black Jack
|move|p2a: Black Jack|Screech|p1a: Hatterene|[from] move: Metronome
|move|p1a: Hatterene|Screech|p2a: Black Jack|[from] ability: Magic Bounce|[miss]
|-miss|p1a: Hatterene|p2a: Black Jack
|move|p1a: Hatterene|Calm Mind|p1a: Hatterene
|-boost|p1a: Hatterene|spa|1
|-boost|p1a: Hatterene|spd|1
|
|-weather|SunnyDay|[upkeep]
|upkeep
|turn|4
|
|t:|1759066863
|move|p2a: Black Jack|Metronome|p2a: Black Jack
|move|p2a: Black Jack|Aromatic Mist|null|[from] move: Metronome|[notarget]
|-fail|p2a: Black Jack
|move|p1a: Hatterene|Calm Mind|p1a: Hatterene
|-boost|p1a: Hatterene|spa|1
|-boost|p1a: Hatterene|spd|1
|
|-weather|SunnyDay|[upkeep]
|upkeep
|turn|5
|
|t:|1759066871
|move|p2a: Black Jack|Metronome|p2a: Black Jack
|move|p2a: Black Jack|Magnet Rise|p2a: Black Jack|[from] move: Metronome
|-start|p2a: Black Jack|Magnet Rise
|move|p1a: Hatterene|Calm Mind|p1a: Hatterene
|-boost|p1a: Hatterene|spa|1
|-boost|p1a: Hatterene|spd|1
|
|-weather|SunnyDay|[upkeep]
|upkeep
|turn|6
|j| blabala
|c|☆TrafficConeGuy|mwhahah now you cant hit me with ground moves my master plan
|
|t:|1759066897
|move|p2a: Black Jack|Metronome|p2a: Black Jack
|move|p2a: Black Jack|Dire Claw|p1a: Hatterene|[from] move: Metronome
|-supereffective|p1a: Hatterene
|-damage|p1a: Hatterene|39/100
|move|p1a: Hatterene|Calm Mind|p1a: Hatterene
|-boost|p1a: Hatterene|spa|1
|-boost|p1a: Hatterene|spd|1
|
|-weather|SunnyDay|[upkeep]
|upkeep
|turn|7
|
|t:|1759066905
|move|p2a: Black Jack|Metronome|p2a: Black Jack
|move|p2a: Black Jack|Lunar Dance|p2a: Black Jack|[from] move: Metronome
|faint|p2a: Black Jack
|move|p1a: Hatterene|Draining Kiss|p2: Black Jack|[notarget]
|-fail|p1a: Hatterene
|
|-weather|SunnyDay|[upkeep]
|upkeep
|c|☆StreetBoom|smh
|c| blabala|What in the actual hell am i seeing rn
|inactive|TrafficConeGuy has 120 seconds left.
|c|☆TrafficConeGuy|next time could be sheer cold
|
|t:|1759066929
|switch|p2a: Poker|Swalot, F|100/100
|turn|8
|c|☆StreetBoom|metronome team it seems
|
|t:|1759066932
|move|p2a: Poker|Metronome|p2a: Poker
|move|p2a: Poker|Conversion 2|p1a: Hatterene|[from] move: Metronome
|-start|p2a: Poker|typechange|Fire
|move|p1a: Hatterene|Draining Kiss|p2a: Poker
|-resisted|p2a: Poker
|-damage|p2a: Poker|66/100
|-damage|p1a: Hatterene|6/100|[from] ability: Liquid Ooze|[of] p2a: Poker
|
|-weather|none
|-heal|p2a: Poker|73/100|[from] item: Leftovers
|upkeep
|turn|9
|inactive|TrafficConeGuy has 120 seconds left.
|c|☆TrafficConeGuy|it works pog
|
|t:|1759066950
|move|p2a: Poker|Metronome|p2a: Poker
|move|p2a: Poker|Fling|p1a: Hatterene|[from] move: Metronome
|-damage|p1a: Hatterene|4/100
|-enditem|p2a: Poker|Leftovers|[from] move: Fling
|move|p1a: Hatterene|Psyshock|p2a: Poker
|-damage|p2a: Poker|0 fnt
|faint|p2a: Poker
|
|upkeep
|inactive|TrafficConeGuy has 120 seconds left.
|
|t:|1759066962
|switch|p2a: Slots|Ursaluna, F|100/100
|turn|10
|
|t:|1759066970
|move|p2a: Slots|Metronome|p2a: Slots
|move|p2a: Slots|Phantom Force||[from] move: Metronome|[still]
|-prepare|p2a: Slots|Phantom Force
|move|p1a: Hatterene|Draining Kiss|p2a: Slots|[miss]
|-miss|p1a: Hatterene|p2a: Slots
|
|-status|p2a: Slots|brn|[from] item: Flame Orb
|upkeep
|turn|11
|
|t:|1759066975
|move|p2a: Slots|Phantom Force|p1a: Hatterene|[from] lockedmove
|-supereffective|p1a: Hatterene
|-damage|p1a: Hatterene|0 fnt
|faint|p1a: Hatterene
|
|-damage|p2a: Slots|94/100 brn|[from] brn
|upkeep
|
|t:|1759066977
|switch|p1a: Ninetales|Ninetales, F, shiny|100/100
|-weather|SunnyDay|[from] ability: Drought|[of] p1a: Ninetales
|turn|12
|
|t:|1759066980
|move|p1a: Ninetales|Weather Ball|p2a: Slots
|-damage|p2a: Slots|56/100 brn
|move|p2a: Slots|Metronome|p2a: Slots
|move|p2a: Slots|Hydro Steam|p1a: Ninetales|[from] move: Metronome
|-supereffective|p1a: Ninetales
|-crit|p1a: Ninetales
|-damage|p1a: Ninetales|61/100
|
|-weather|SunnyDay|[upkeep]
|-damage|p2a: Slots|50/100 brn|[from] brn
|upkeep
|turn|13
|
|t:|1759066991
|switch|p1a: Walking Wake|Walking Wake|100/100
|-activate|p1a: Walking Wake|ability: Protosynthesis
|-start|p1a: Walking Wake|protosynthesisspe
|move|p2a: Slots|Metronome|p2a: Slots
|move|p2a: Slots|Drill Peck|p1a: Walking Wake|[from] move: Metronome
|-damage|p1a: Walking Wake|50/100
|
|-weather|SunnyDay|[upkeep]
|-damage|p2a: Slots|44/100 brn|[from] brn
|upkeep
|turn|14
|
|t:|1759066999
|move|p1a: Walking Wake|Hydro Steam|p2a: Slots
|-supereffective|p2a: Slots
|-damage|p2a: Slots|0 fnt
|faint|p2a: Slots
|
|-weather|SunnyDay|[upkeep]
|upkeep
|
|t:|1759067002
|switch|p2a: Roulette|Iron Hands|100/100
|-enditem|p2a: Roulette|Booster Energy
|-activate|p2a: Roulette|ability: Quark Drive|[fromitem]
|-start|p2a: Roulette|quarkdriveatk
|turn|15
|
|t:|1759067005
|move|p1a: Walking Wake|Hydro Steam|p2a: Roulette
|-damage|p2a: Roulette|24/100
|move|p2a: Roulette|Metronome|p2a: Roulette
|move|p2a: Roulette|Forest's Curse|p1a: Walking Wake|[from] move: Metronome
|-start|p1a: Walking Wake|typeadd|Grass|[from] move: Forest's Curse
|
|-weather|SunnyDay|[upkeep]
|upkeep
|turn|16
|
|t:|1759067013
|move|p1a: Walking Wake|Hydro Steam|p2a: Roulette
|-damage|p2a: Roulette|0 fnt
|faint|p2a: Roulette
|-end|p2a: Roulette|Quark Drive|[silent]
|
|-weather|SunnyDay|[upkeep]
|upkeep
|c|☆TrafficConeGuy|i dont think im gonna win guys
|
|t:|1759067027
|switch|p2a: Keno|Azumarill, M|100/100
|turn|17
|c|☆StreetBoom|lmao
|
|t:|1759067030
|move|p1a: Walking Wake|Hydro Steam|p2a: Keno
|-resisted|p2a: Keno
|-damage|p2a: Keno|57/100
|move|p2a: Keno|Metronome|p2a: Keno
|move|p2a: Keno|High Horsepower|p1a: Walking Wake|[from] move: Metronome
|-resisted|p1a: Walking Wake
|-damage|p1a: Walking Wake|18/100
|
|-weather|SunnyDay|[upkeep]
|upkeep
|turn|18
|
|t:|1759067038
|-terastallize|p1a: Walking Wake|Water
|move|p1a: Walking Wake|Hydro Steam|p2a: Keno
|-resisted|p2a: Keno
|-damage|p2a: Keno|0 fnt
|faint|p2a: Keno
|
|-weather|SunnyDay|[upkeep]
|upkeep
|
|t:|1759067043
|switch|p2a: Texas Hold'em|Iron Valiant|100/100
|-enditem|p2a: Texas Hold'em|Booster Energy
|-activate|p2a: Texas Hold'em|ability: Quark Drive|[fromitem]
|-start|p2a: Texas Hold'em|quarkdriveatk
|turn|19
|
|t:|1759067047
|move|p1a: Walking Wake|Hydro Steam|p2a: Texas Hold'em
|-damage|p2a: Texas Hold'em|0 fnt
|faint|p2a: Texas Hold'em
|-end|p2a: Texas Hold'em|Quark Drive|[silent]
|
|win|StreetBoom
|n|☆StreetBoom|streetboom
|n|☆TrafficConeGuy|trafficconeguy
|n|*Lady Monita ☀|ladymonita
|n| blabala|blabala
|l|*Lady Monita ☀
|c|☆TrafficConeGuy|gg
