|j|☆John Torkoal
|j|☆Zinetzu
|t:|1759032021
|gametype|singles
|player|p1|John Torkoal|rosa|1078
|player|p2|Zinetzu|iris-gen5bw2|1054
|gen|9
|tier|[Gen 9] OU
|rated|
|rule|HP Percentage Mod: HP is shown in percentages
|rule|Endless Battle Clause: Forcing endless battles is banned
|rule|Species Clause: Limit one of each Pokémon
|rule|OHKO Clause: OHKO moves are banned
|rule|Evasion Items Clause: Evasion items are banned
|rule|Evasion Moves Clause: Evasion moves are banned
|rule|Evasion Abilities Clause: Evasion abilities are banned
|rule|Sleep Moves Clause: Sleep-inducing moves are banned
|clearpoke
|poke|p1|Kingambit, F|
|poke|p1|Deoxys-Speed|
|poke|p1|Great Tusk|
|poke|p1|Dragonite, F|
|poke|p1|Iron Moth|
|poke|p1|Primarina, F|
|poke|p2|Kommo-o, F|
|poke|p2|Gholdengo|
|poke|p2|Ninetales-Alola, M|
|poke|p2|Hatterene, F|
|poke|p2|Zamazenta-*|
|poke|p2|Kingambit, F|
|teampreview
|inactive|Battle timer is ON: inactive players will automatically lose when time's up. (requested by Zinetzu)
|c|☆Zinetzu|Hlo
|
|t:|1759032041
|teamsize|p1|6
|teamsize|p2|6
|start
|switch|p1a: Yoshi|Dragonite, F, shiny|100/100
|switch|p2a: Kommo-o|Kommo-o, F|100/100
|turn|1
|
|t:|1759032052
|switch|p1a: Anomаly|Iron Moth|100/100
|-enditem|p1a: Anomаly|Booster Energy
|-activate|p1a: Anomаly|ability: Quark Drive|[fromitem]
|-start|p1a: Anomаly|quarkdrivespe
|move|p2a: Kommo-o|Clanging Scales|p1a: Anomаly
|-damage|p1a: Anomаly|52/100
|-unboost|p2a: Kommo-o|def|1
|-enditem|p2a: Kommo-o|Throat Spray
|-boost|p2a: Kommo-o|spa|1|[from] item: Throat Spray
|
|upkeep
|turn|2
|
|t:|1759032065
|move|p1a: Anomаly|Tera Blast|p2a: Kommo-o
|-damage|p2a: Kommo-o|69/100
|move|p2a: Kommo-o|Clanging Scales|p1a: Anomаly
|-damage|p1a: Anomаly|0 fnt
|faint|p1a: Anomаly
|-end|p1a: Anomаly|Quark Drive|[silent]
|-unboost|p2a: Kommo-o|def|1
|
|upkeep
|
|t:|1759032075
|switch|p1a: Yoshi|Dragonite, F, shiny|100/100
|turn|3
|
|t:|1759032082
|move|p2a: Kommo-o|Flamethrower|p1a: Yoshi
|-resisted|p1a: Yoshi
|-damage|p1a: Yoshi|90/100
|move|p1a: Yoshi|Ice Spinner|p2a: Kommo-o
|-supereffective|p2a: Kommo-o
|-damage|p2a: Kommo-o|0 fnt
|faint|p2a: Kommo-o
|
|upkeep
|
|t:|1759032089
|switch|p2a: Gholdengo|Gholdengo|100/100
|turn|4
|
|t:|1759032100
|switch|p1a: Meruem|Kingambit, F|100/100
|-activate|p1a: Meruem|ability: Supreme Overlord
|-start|p1a: Meruem|fallen1|[silent]
|move|p2a: Gholdengo|Nasty Plot|p2a: Gholdengo
|-boost|p2a: Gholdengo|spa|2
|
|upkeep
|turn|5
|
|t:|1759032111
|move|p2a: Gholdengo|Focus Blast|p1a: Meruem
|-supereffective|p1a: Meruem
|-damage|p1a: Meruem|0 fnt
|faint|p1a: Meruem
|-end|p1a: Meruem|fallen1|[silent]
|
|upkeep
|
|t:|1759032119
|switch|p1a: Anomaly|Great Tusk|100/100
|-enditem|p1a: Anomaly|Booster Energy
|-activate|p1a: Anomaly|ability: Protosynthesis|[fromitem]
|-start|p1a: Anomaly|protosynthesisatk
|turn|6
|
|t:|1759032127
|move|p1a: Anomaly|Headlong Rush|p2a: Gholdengo
|-supereffective|p2a: Gholdengo
|-damage|p2a: Gholdengo|0 fnt
|-unboost|p1a: Anomaly|def|1
|-unboost|p1a: Anomaly|spd|1
|faint|p2a: Gholdengo
|
|upkeep
|
|t:|1759032134
|switch|p2a: Zamazenta|Zamazenta|100/100
|-ability|p2a: Zamazenta|Dauntless Shield|boost
|-boost|p2a: Zamazenta|def|1
|turn|7
|
|t:|1759032143
|-end|p1a: Anomaly|Protosynthesis|[silent]
|switch|p1a: Siren|Primarina, F|100/100
|move|p2a: Zamazenta|Stone Edge|p1a: Siren
|-damage|p1a: Siren|39/100
|-damage|p2a: Zamazenta|91/100|[from] item: Life Orb
|
|upkeep
|turn|8
|
|t:|1759032151
|switch|p1a: Anomaly|Great Tusk|100/100
|move|p2a: Zamazenta|Heavy Slam|p1a: Anomaly
|-damage|p1a: Anomaly|88/100
|-damage|p2a: Zamazenta|81/100|[from] item: Life Orb
|
|upkeep
|turn|9
|
|t:|1759032165
|move|p2a: Zamazenta|Close Combat|p1a: Anomaly
|-damage|p1a: Anomaly|28/100
|-unboost|p2a: Zamazenta|def|1
|-unboost|p2a: Zamazenta|spd|1
|-damage|p2a: Zamazenta|71/100|[from] item: Life Orb
|move|p1a: Anomaly|Close Combat|p2a: Zamazenta
|-damage|p2a: Zamazenta|15/100
|-unboost|p1a: Anomaly|def|1
|-unboost|p1a: Anomaly|spd|1
|
|upkeep
|turn|10
|
|t:|1759032177
|-end|p1a: Anomaly|Protosynthesis|[silent]
|switch|p1a: Moebius|Deoxys-Speed|100/100
|-ability|p1a: Moebius|Pressure
|move|p2a: Zamazenta|Close Combat|p1a: Moebius
|-resisted|p1a: Moebius
|-damage|p1a: Moebius|41/100
|-unboost|p2a: Zamazenta|def|1
|-unboost|p2a: Zamazenta|spd|1
|-damage|p2a: Zamazenta|5/100|[from] item: Life Orb
|
|upkeep
|turn|11
|
|t:|1759032189
|move|p1a: Moebius|Shadow Ball|p2a: Zamazenta
|-damage|p2a: Zamazenta|0 fnt
|faint|p2a: Zamazenta
|-damage|p1a: Moebius|31/100|[from] item: Life Orb
|
|upkeep
|
|t:|1759032195
|switch|p2a: Kingambit|Kingambit, F|100/100
|-activate|p2a: Kingambit|ability: Supreme Overlord
|-start|p2a: Kingambit|fallen3|[silent]
|-item|p2a: Kingambit|Air Balloon
|turn|12
|
|t:|1759032204
|move|p2a: Kingambit|Sucker Punch|p1a: Moebius
|-supereffective|p1a: Moebius
|-damage|p1a: Moebius|0 fnt
|faint|p1a: Moebius
|
|upkeep
|
|t:|1759032210
|switch|p1a: Anomaly|Great Tusk|28/100
|turn|13
|
|t:|1759032224
|move|p1a: Anomaly|Close Combat|p2a: Kingambit
|-supereffective|p2a: Kingambit
|-damage|p2a: Kingambit|0 fnt
|-unboost|p1a: Anomaly|def|1
|-unboost|p1a: Anomaly|spd|1
|-enditem|p2a: Kingambit|Air Balloon
|faint|p2a: Kingambit
|-end|p2a: Kingambit|fallen3|[silent]
|
|upkeep
|
|t:|1759032231
|switch|p2a: Ninetales|Ninetales-Alola, M|100/100
|-weather|Snowscape|[from] ability: Snow Warning|[of] p2a: Ninetales
|turn|14
|
|t:|1759032259
|-end|p1a: Anomaly|Protosynthesis|[silent]
|switch|p1a: Siren|Primarina, F|39/100
|move|p2a: Ninetales|Freeze-Dry|p1a: Siren
|-supereffective|p1a: Siren
|-damage|p1a: Siren|14/100
|
|-weather|Snowscape|[upkeep]
|upkeep
|turn|15
|
|t:|1759032278
|move|p2a: Ninetales|Freeze-Dry|p1a: Siren
|-supereffective|p1a: Siren
|-damage|p1a: Siren|0 fnt
|faint|p1a: Siren
|
|-weather|Snowscape|[upkeep]
|upkeep
|
|t:|1759032281
|switch|p1a: Yoshi|Dragonite, F, shiny|90/100
|turn|16
|
|t:|1759032288
|-terastallize|p1a: Yoshi|Normal
|move|p1a: Yoshi|Extreme Speed|p2a: Ninetales
|-damage|p2a: Ninetales|43/100
|move|p2a: Ninetales|Freeze-Dry|p1a: Yoshi
|-damage|p1a: Yoshi|70/100
|
|-weather|Snowscape|[upkeep]
|upkeep
|turn|17
|
|t:|1759032299
|move|p1a: Yoshi|Extreme Speed|p2a: Ninetales
|-damage|p2a: Ninetales|0 fnt
|faint|p2a: Ninetales
|
|-weather|Snowscape|[upkeep]
|upkeep
|
|t:|1759032304
|switch|p2a: Hatterene|Hatterene, F|100/100
|turn|18
|
|t:|1759032309
|-terastallize|p2a: Hatterene|Water
|move|p1a: Yoshi|Extreme Speed|p2a: Hatterene
|-damage|p2a: Hatterene|38/100
|move|p2a: Hatterene|Calm Mind|p2a: Hatterene
|-boost|p2a: Hatterene|spa|1
|-boost|p2a: Hatterene|spd|1
|
|-weather|none
|upkeep
|turn|19
|
|t:|1759032318
|move|p1a: Yoshi|Extreme Speed|p2a: Hatterene
|-damage|p2a: Hatterene|0 fnt
|faint|p2a: Hatterene
|
|win|John Torkoal
|raw|John Torkoal's rating: 1078 &rarr; <strong>1104</strong><br />(+26 for winning)
|raw|Zinetzu's rating: 1054 &rarr; <strong>1037</strong><br />(-17 for losing)
