|badge|p1|bronze|gen9ou|100-6
|html|<div class="broadcast-red"><strong>This battle is required to be public due to one or more player having a season medal.</strong><br />During the public phase, you can discuss the state of the ladder <a href="/seasondiscussion">in a special chatroom.</a></div>
|uhtml|medal-msg|<div class="broadcast-blue">Curious what those medals under the avatar are? PS now has Ladder Seasons! For more information, check out the <a href="https://www.smogon.com/forums/threads/3740067/">thread on Smogon.</a></div>
|raw|<div class="broadcast-blue"><strong>This battle is required to be public due to a player having a name starting with 'medal'.</div>
|j|☆LT124YH Ghoul
|j|☆Auburn Hills
|t:|1759066789
|gametype|singles
|player|p1|LT124YH Ghoul|#wcop2024asia|1874
|player|p2|Auburn Hills|alder|1788
|gen|9
|tier|[Gen 9] OU
|rated|
|rule|HP Percentage Mod: HP is shown in percentages
|rule|Endless Battle Clause: Forcing endless battles is banned
|rule|Species Clause: Limit one of each Pokémon
|rule|OHKO Clause: OHKO moves are banned
|rule|Evasion Items Clause: Evasion items are banned
|rule|Evasion Moves Clause: Evasion moves are banned
|rule|Evasion Abilities Clause: Evasion abilities are banned
|rule|Sleep Moves Clause: Sleep-inducing moves are banned
|clearpoke
|poke|p1|Veluza, F|
|poke|p1|Hatterene, F|
|poke|p1|Deoxys-Speed|
|poke|p1|Iron Valiant|
|poke|p1|Glimmora, F|
|poke|p1|Gliscor, M|
|poke|p2|Iron Moth|
|poke|p2|Umbreon, M|
|poke|p2|Garchomp, F|
|poke|p2|Glimmora, F|
|poke|p2|Gholdengo|
|poke|p2|Dragonite, F|
|teampreview
|inactive|Battle timer is ON: inactive players will automatically lose when time's up. (requested by LT124YH Ghoul)
|inactive|LT124YH Ghoul has 120 seconds left.
|
|t:|1759066836
|teamsize|p1|6
|teamsize|p2|6
|start
|switch|p1a: Deoxys|Deoxys-Speed|100/100
|switch|p2a: Julia Jacklin|Glimmora, F|100/100
|-ability|p1a: Deoxys|Pressure
|turn|1
|inactive|Auburn Hills has 120 seconds left.
|inactive|Auburn Hills has 90 seconds left.
|
|t:|1759066926
|move|p1a: Deoxys|Psycho Boost|p2a: Julia Jacklin
|-supereffective|p2a: Julia Jacklin
|-enditem|p2a: Julia Jacklin|Focus Sash
|-damage|p2a: Julia Jacklin|1/100
|-unboost|p1a: Deoxys|spa|2
|move|p2a: Julia Jacklin|Sludge Wave|p1a: Deoxys
|-damage|p1a: Deoxys|36/100
|
|upkeep
|turn|2
|
|t:|1759066934
|move|p1a: Deoxys|Psycho Boost|p2a: Julia Jacklin
|-supereffective|p2a: Julia Jacklin
|-damage|p2a: Julia Jacklin|0 fnt
|-unboost|p1a: Deoxys|spa|2
|faint|p2a: Julia Jacklin
|
|upkeep
|
|t:|1759066937
|switch|p2a: Elucid|Dragonite, F|100/100
|turn|3
|j| cynasaurus
|inactive|LT124YH Ghoul has 120 seconds left.
|
|t:|1759066970
|switch|p1a: Iron Valiant|Iron Valiant|100/100
|-enditem|p1a: Iron Valiant|Booster Energy
|-activate|p1a: Iron Valiant|ability: Quark Drive|[fromitem]
|-start|p1a: Iron Valiant|quarkdrivespe
|move|p2a: Elucid|Dragon Dance|p2a: Elucid
|-boost|p2a: Elucid|atk|1
|-boost|p2a: Elucid|spe|1
|
|upkeep
|turn|4
|
|t:|1759066975
|move|p1a: Iron Valiant|Encore|p2a: Elucid
|-start|p2a: Elucid|Encore
|move|p2a: Elucid|Dragon Dance|p2a: Elucid
|-boost|p2a: Elucid|atk|1
|-boost|p2a: Elucid|spe|1
|
|upkeep
|turn|5
|j| wgw2333
|j| Nikator98
|
|t:|1759066982
|move|p1a: Iron Valiant|Moonblast|p2a: Elucid
|-supereffective|p2a: Elucid
|-damage|p2a: Elucid|52/100
|move|p2a: Elucid|Dragon Dance|p2a: Elucid
|-boost|p2a: Elucid|atk|1
|-boost|p2a: Elucid|spe|1
|
|upkeep
|turn|6
|l| Nikator98
|
|t:|1759066989
|-terastallize|p2a: Elucid|Normal
|move|p2a: Elucid|Dragon Dance|p2a: Elucid
|-boost|p2a: Elucid|atk|1
|-boost|p2a: Elucid|spe|1
|move|p1a: Iron Valiant|Moonblast|p2a: Elucid
|-damage|p2a: Elucid|4/100
|
|-end|p2a: Elucid|Encore
|upkeep
|turn|7
|inactive|LT124YH Ghoul has 120 seconds left.
|inactive|LT124YH Ghoul has 90 seconds left.
|
|t:|1759067060
|-end|p1a: Iron Valiant|Quark Drive|[silent]
|switch|p1a: Gliscor|Gliscor, M|100/100
|move|p2a: Elucid|Earthquake|p1a: Gliscor
|-immune|p1a: Gliscor
|
|-status|p1a: Gliscor|tox|[from] item: Toxic Orb
|upkeep
|turn|8
|
|t:|1759067070
|switch|p1a: Glimmora|Glimmora, F|100/100
|move|p2a: Elucid|Extreme Speed|p1a: Glimmora
|-resisted|p1a: Glimmora
|-damage|p1a: Glimmora|49/100
|-activate|p1a: Glimmora|ability: Toxic Debris
|-sidestart|p2: Auburn Hills|move: Toxic Spikes
|-enditem|p1a: Glimmora|Red Card|[of] p2a: Elucid
|drag|p2a: Alvvays|Umbreon, M|100/100
|-status|p2a: Alvvays|psn
|
|-damage|p2a: Alvvays|88/100 psn|[from] psn
|upkeep
|turn|9
|inactive|LT124YH Ghoul has 90 seconds left.
|inactive|Auburn Hills has 120 seconds left.
|
|t:|1759067078
|switch|p2a: Carly Rae|Iron Moth|100/100
|-sideend|p2: Auburn Hills|move: Toxic Spikes|[of] p2a: Carly Rae
|-enditem|p2a: Carly Rae|Booster Energy
|-activate|p2a: Carly Rae|ability: Quark Drive|[fromitem]
|-start|p2a: Carly Rae|quarkdrivespe
|move|p1a: Glimmora|Stealth Rock|p2a: Carly Rae
|-sidestart|p2: Auburn Hills|move: Stealth Rock
|
|upkeep
|turn|10
|
|t:|1759067081
|move|p2a: Carly Rae|Discharge|p1a: Glimmora
|-damage|p1a: Glimmora|20/100
|move|p1a: Glimmora|Earth Power|p2a: Carly Rae
|-supereffective|p2a: Carly Rae
|-damage|p2a: Carly Rae|0 fnt
|faint|p2a: Carly Rae
|-end|p2a: Carly Rae|Quark Drive|[silent]
|
|upkeep
|-message|Auburn Hills forfeited.
|
|win|LT124YH Ghoul
|raw|LT124YH Ghoul's rating: 1874 &rarr; <strong>1889</strong><br />(+15 for winning)
|raw|Auburn Hills's rating: 1788 &rarr; <strong>1773</strong><br />(-15 for losing)
|l|☆Auburn Hills
|player|p2|
|l|☆LT124YH Ghoul
|player|p1|
