|j|☆brandy/69
|j|☆shitmon_advocate
|t:|1758954818
|gametype|singles
|player|p1|brandy/69|cynthia-gen4|1332
|player|p2|shitmon_advocate|miku-water|1406
|gen|9
|tier|[Gen 9] OU
|rated|
|rule|HP Percentage Mod: HP is shown in percentages
|rule|Endless Battle Clause: Forcing endless battles is banned
|rule|Species Clause: Limit one of each Pokémon
|rule|OHKO Clause: OHKO moves are banned
|rule|Evasion Items Clause: Evasion items are banned
|rule|Evasion Moves Clause: Evasion moves are banned
|rule|Evasion Abilities Clause: Evasion abilities are banned
|rule|Sleep Moves Clause: Sleep-inducing moves are banned
|clearpoke
|poke|p1|Torkoal, M|
|poke|p1|Indeedee, M|
|poke|p1|Hawlucha, M|
|poke|p1|Lilligant-Hisui, F|
|poke|p1|Walking Wake|
|poke|p1|Cloyster, M|
|poke|p2|Indeedee, M|
|poke|p2|Armarouge, F|
|poke|p2|Hatterene, F|
|poke|p2|Polteageist-Antique|
|poke|p2|Maushold-Four|
|poke|p2|Hawlucha, M|
|teampreview
|inactive|Battle timer is ON: inactive players will automatically lose when time's up. (requested by shitmon_advocate)
|
|t:|1758954824
|teamsize|p1|6
|teamsize|p2|6
|start
|switch|p1a: Cloyster|Cloyster, M|100/100
|switch|p2a: Indeedee|Indeedee, M|100/100
|-fieldstart|move: Psychic Terrain|[from] ability: Psychic Surge|[of] p2a: Indeedee
|turn|1
|
|t:|1758954829
|move|p2a: Indeedee|Expanding Force|p1a: Cloyster
|-enditem|p1a: Cloyster|Focus Sash
|-damage|p1a: Cloyster|1/100
|move|p1a: Cloyster|Shell Smash|p1a: Cloyster
|-unboost|p1a: Cloyster|def|1
|-unboost|p1a: Cloyster|spd|1
|-boost|p1a: Cloyster|atk|2
|-boost|p1a: Cloyster|spa|2
|-boost|p1a: Cloyster|spe|2
|
|upkeep
|turn|2
|
|t:|1758954838
|switch|p2a: Hatterene|Hatterene, F|100/100
|move|p1a: Cloyster|Icicle Spear|p2a: Hatterene
|-damage|p2a: Hatterene|78/100
|-damage|p2a: Hatterene|57/100
|-damage|p2a: Hatterene|35/100
|-damage|p2a: Hatterene|14/100
|-damage|p2a: Hatterene|0 fnt
|faint|p2a: Hatterene
|-hitcount|p2: Hatterene|5
|
|upkeep
|
|t:|1758954843
|switch|p2a: Hawlucha|Hawlucha, M|100/100
|-enditem|p2a: Hawlucha|Psychic Seed
|-boost|p2a: Hawlucha|spd|1|[from] item: Psychic Seed
|turn|3
|
|t:|1758954857
|move|p2a: Hawlucha|Acrobatics|p1a: Cloyster
|-damage|p1a: Cloyster|0 fnt
|faint|p1a: Cloyster
|
|upkeep
|
|t:|1758954862
|switch|p1a: Indeedee|Indeedee, M, shiny|100/100
|turn|4
|
|t:|1758954871
|switch|p2a: Armarouge|Armarouge, F|100/100
|move|p1a: Indeedee|Expanding Force|p2a: Armarouge
|-resisted|p2a: Armarouge
|-damage|p2a: Armarouge|39/100
|-damage|p1a: Indeedee|91/100|[from] item: Life Orb
|
|upkeep
|turn|5
|
|t:|1758954883
|move|p1a: Indeedee|Expanding Force|p2a: Armarouge
|-resisted|p2a: Armarouge
|-damage|p2a: Armarouge|0 fnt
|faint|p2a: Armarouge
|-damage|p1a: Indeedee|81/100|[from] item: Life Orb
|
|upkeep
|
|t:|1758954887
|switch|p2a: Polteageist|Polteageist-Antique|100/100
|turn|6
|
|t:|1758954895
|move|p1a: Indeedee|Shadow Ball|p2a: Polteageist
|-supereffective|p2a: Polteageist
|-damage|p2a: Polteageist|25/100
|-unboost|p2a: Polteageist|spd|1
|-damage|p1a: Indeedee|71/100|[from] item: Life Orb
|move|p2a: Polteageist|Shell Smash|p2a: Polteageist
|-unboost|p2a: Polteageist|def|1
|-unboost|p2a: Polteageist|spd|1
|-boost|p2a: Polteageist|atk|2
|-boost|p2a: Polteageist|spa|2
|-boost|p2a: Polteageist|spe|2
|
|upkeep
|turn|7
|
|t:|1758954914
|move|p2a: Polteageist|Stored Power|p1a: Indeedee
|-resisted|p1a: Indeedee
|-damage|p1a: Indeedee|0 fnt
|faint|p1a: Indeedee
|
|upkeep
|
|t:|1758954921
|switch|p1a: Hawlucha|Hawlucha, M|100/100
|-enditem|p1a: Hawlucha|Psychic Seed
|-boost|p1a: Hawlucha|spd|1|[from] item: Psychic Seed
|turn|8
|
|t:|1758954925
|move|p1a: Hawlucha|Acrobatics|p2a: Polteageist
|-damage|p2a: Polteageist|0 fnt
|faint|p2a: Polteageist
|
|-fieldend|move: Psychic Terrain
|upkeep
|
|t:|1758954928
|switch|p2a: Maushold|Maushold-Four|100/100
|turn|9
|
|t:|1758954943
|-terastallize|p2a: Maushold|Ghost
|move|p1a: Hawlucha|Swords Dance|p1a: Hawlucha
|-boost|p1a: Hawlucha|atk|2
|move|p2a: Maushold|Encore|p1a: Hawlucha
|-start|p1a: Hawlucha|Encore
|
|upkeep
|turn|10
|
|t:|1758954955
|switch|p1a: Torkoal|Torkoal, M, shiny|100/100
|-weather|SunnyDay|[from] ability: Drought|[of] p1a: Torkoal
|move|p2a: Maushold|Tidy Up|p2a: Maushold
|-boost|p2a: Maushold|atk|1
|-boost|p2a: Maushold|spe|1
|
|-weather|SunnyDay|[upkeep]
|upkeep
|turn|11
|
|t:|1758954961
|move|p2a: Maushold|Population Bomb|p1a: Torkoal
|-damage|p1a: Torkoal|91/100
|-damage|p1a: Torkoal|82/100
|-damage|p1a: Torkoal|72/100
|-damage|p1a: Torkoal|62/100
|-damage|p1a: Torkoal|53/100
|-damage|p1a: Torkoal|43/100
|-damage|p1a: Torkoal|34/100
|-damage|p1a: Torkoal|25/100
|-damage|p1a: Torkoal|16/100
|-damage|p1a: Torkoal|6/100
|-hitcount|p1a: Torkoal|10
|move|p1a: Torkoal|Will-O-Wisp|p2a: Maushold
|-status|p2a: Maushold|brn
|
|-weather|SunnyDay|[upkeep]
|-damage|p2a: Maushold|94/100 brn|[from] brn
|upkeep
|turn|12
|
|t:|1758954968
|move|p2a: Maushold|Encore|p1a: Torkoal
|-start|p1a: Torkoal|Encore
|move|p1a: Torkoal|Will-O-Wisp|p2a: Maushold
|-fail|p2a: Maushold|brn
|
|-weather|SunnyDay|[upkeep]
|-damage|p2a: Maushold|88/100 brn|[from] brn
|upkeep
|turn|13
|
|t:|1758954972
|switch|p1a: Hawlucha|Hawlucha, M|100/100
|move|p2a: Maushold|Tidy Up|p2a: Maushold
|-boost|p2a: Maushold|atk|1
|-boost|p2a: Maushold|spe|1
|
|-weather|SunnyDay|[upkeep]
|-damage|p2a: Maushold|82/100 brn|[from] brn
|upkeep
|turn|14
|
|t:|1758954975
|move|p2a: Maushold|Population Bomb|p1a: Hawlucha
|-crit|p1a: Hawlucha
|-damage|p1a: Hawlucha|75/100
|-damage|p1a: Hawlucha|59/100
|-damage|p1a: Hawlucha|44/100
|-damage|p1a: Hawlucha|27/100
|-damage|p1a: Hawlucha|10/100
|-damage|p1a: Hawlucha|0 fnt
|faint|p1a: Hawlucha
|-hitcount|p1: Hawlucha|6
|
|-weather|none
|-damage|p2a: Maushold|76/100 brn|[from] brn
|upkeep
|
|t:|1758954981
|switch|p1a: Torkoal|Torkoal, M, shiny|6/100
|-weather|SunnyDay|[from] ability: Drought|[of] p1a: Torkoal
|turn|15
|
|t:|1758954985
|switch|p1a: Lilligant|Lilligant-Hisui, F, shiny|100/100
|move|p2a: Maushold|Bite|p1a: Lilligant
|-resisted|p1a: Lilligant
|-damage|p1a: Lilligant|83/100
|
|-weather|SunnyDay|[upkeep]
|-damage|p2a: Maushold|69/100 brn|[from] brn
|upkeep
|turn|16
|
|t:|1758954989
|move|p2a: Maushold|Population Bomb|p1a: Lilligant
|-damage|p1a: Lilligant|67/100
|-damage|p1a: Lilligant|50/100
|-damage|p1a: Lilligant|34/100
|-damage|p1a: Lilligant|18/100
|-damage|p1a: Lilligant|2/100
|-damage|p1a: Lilligant|0 fnt
|faint|p1a: Lilligant
|-hitcount|p1: Lilligant|6
|
|-weather|SunnyDay|[upkeep]
|-damage|p2a: Maushold|63/100 brn|[from] brn
|upkeep
|
|t:|1758954991
|switch|p1a: Walking Wake|Walking Wake|100/100
|-activate|p1a: Walking Wake|ability: Protosynthesis
|-start|p1a: Walking Wake|protosynthesisspe
|turn|17
|
|t:|1758954994
|move|p2a: Maushold|Population Bomb|p1a: Walking Wake
|-damage|p1a: Walking Wake|88/100
|-damage|p1a: Walking Wake|77/100
|-damage|p1a: Walking Wake|65/100
|-damage|p1a: Walking Wake|53/100
|-damage|p1a: Walking Wake|42/100
|-damage|p1a: Walking Wake|30/100
|-damage|p1a: Walking Wake|18/100
|-damage|p1a: Walking Wake|8/100
|-damage|p1a: Walking Wake|0 fnt
|faint|p1a: Walking Wake
|-end|p1a: Walking Wake|Protosynthesis|[silent]
|-hitcount|p1: Walking Wake|9
|
|-weather|SunnyDay|[upkeep]
|-damage|p2a: Maushold|57/100 brn|[from] brn
|upkeep
|
|t:|1758954998
|switch|p1a: Torkoal|Torkoal, M, shiny|6/100
|turn|18
|
|t:|1758955003
|move|p2a: Maushold|Bite|p1a: Torkoal
|-damage|p1a: Torkoal|0 fnt
|faint|p1a: Torkoal
|
|win|shitmon_advocate
|raw|brandy&#x2f;69's rating: 1332 &rarr; <strong>1316</strong><br />(-16 for losing)
|raw|shitmon_advocate's rating: 1406 &rarr; <strong>1422</strong><br />(+16 for winning)
|l|☆brandy/69
|player|p1|
|l|☆shitmon_advocate
|player|p2|
