|j|☆kebab.ixx
|j|☆clail
|t:|1759035169
|gametype|singles
|player|p1|kebab.ixx|101|1628
|player|p2|clail|2|1624
|gen|9
|tier|[Gen 9] OU
|rated|
|rule|HP Percentage Mod: HP is shown in percentages
|rule|Endless Battle Clause: Forcing endless battles is banned
|rule|Species Clause: Limit one of each Pokémon
|rule|OHKO Clause: OHKO moves are banned
|rule|Evasion Items Clause: Evasion items are banned
|rule|Evasion Moves Clause: Evasion moves are banned
|rule|Evasion Abilities Clause: Evasion abilities are banned
|rule|Sleep Moves Clause: Sleep-inducing moves are banned
|clearpoke
|poke|p1|Kleavor, F|
|poke|p1|Iron Crown|
|poke|p1|Cinderace, F|
|poke|p1|Pecharunt|
|poke|p1|Dragonite, M|
|poke|p1|Garchomp, F|
|poke|p2|Ribombee, M|
|poke|p2|Ogerpon-Wellspring, F|
|poke|p2|Great Tusk|
|poke|p2|Gholdengo|
|poke|p2|Ceruledge, M|
|poke|p2|Glimmora, M|
|teampreview
|
|t:|1759035183
|teamsize|p1|6
|teamsize|p2|6
|start
|switch|p1a: Iron Crown|Iron Crown|100/100
|switch|p2a: Ogerpon|Ogerpon-Wellspring, F|100/100
|turn|1
|
|t:|1759035189
|move|p1a: Iron Crown|Psychic Noise|p2a: Ogerpon
|-crit|p2a: Ogerpon
|-damage|p2a: Ogerpon|40/100
|-start|p2a: Ogerpon|move: Heal Block
|move|p2a: Ogerpon|Ivy Cudgel|p1a: Iron Crown|[anim] Ivy Cudgel Water
|-damage|p1a: Iron Crown|39/100
|
|upkeep
|turn|2
|
|t:|1759035195
|move|p1a: Iron Crown|Psychic Noise|p2a: Ogerpon
|-damage|p2a: Ogerpon|0 fnt
|faint|p2a: Ogerpon
|
|upkeep
|
|t:|1759035200
|switch|p2a: Ribombee|Ribombee, M|100/100
|turn|3
|
|t:|1759035214
|move|p1a: Iron Crown|Psychic Noise|p2a: Ribombee
|-damage|p2a: Ribombee|32/100
|move|p2a: Ribombee|Stun Spore|p1a: Iron Crown
|-status|p1a: Iron Crown|par
|
|upkeep
|turn|4
|
|t:|1759035217
|move|p2a: Ribombee|Sticky Web|p1a: Iron Crown
|-sidestart|p1: kebab.ixx|move: Sticky Web
|cant|p1a: Iron Crown|par
|
|upkeep
|turn|5
|
|t:|1759035220
|move|p2a: Ribombee|Moonblast|p1a: Iron Crown
|-resisted|p1a: Iron Crown
|-damage|p1a: Iron Crown|21/100 par
|-unboost|p1a: Iron Crown|spa|1
|move|p1a: Iron Crown|Psychic Noise|p2a: Ribombee
|-damage|p2a: Ribombee|0 fnt
|faint|p2a: Ribombee
|
|upkeep
|
|t:|1759035223
|switch|p2a: Ceruledge|Ceruledge, M|100/100
|turn|6
|
|t:|1759035228
|move|p2a: Ceruledge|Swords Dance|p2a: Ceruledge
|-boost|p2a: Ceruledge|atk|2
|cant|p1a: Iron Crown|par
|
|upkeep
|turn|7
|
|t:|1759035230
|move|p2a: Ceruledge|Swords Dance|p2a: Ceruledge
|-boost|p2a: Ceruledge|atk|2
|move|p1a: Iron Crown|Psychic Noise|p2a: Ceruledge
|-damage|p2a: Ceruledge|69/100
|-start|p2a: Ceruledge|move: Heal Block
|
|upkeep
|turn|8
|
|t:|1759035232
|move|p2a: Ceruledge|Swords Dance|p2a: Ceruledge
|-boost|p2a: Ceruledge|atk|2
|move|p1a: Iron Crown|Psychic Noise|p2a: Ceruledge
|-damage|p2a: Ceruledge|40/100
|
|-end|p2a: Ceruledge|move: Heal Block
|upkeep
|turn|9
|
|t:|1759035235
|move|p2a: Ceruledge|Bitter Blade|p1a: Iron Crown
|-supereffective|p1a: Iron Crown
|-damage|p1a: Iron Crown|0 fnt
|-heal|p2a: Ceruledge|51/100|[from] drain|[of] p1a: Iron Crown
|faint|p1a: Iron Crown
|-end|p1a: Iron Crown|Quark Drive|[silent]
|
|upkeep
|
|t:|1759035244
|switch|p1a: Kleavor|Kleavor, F|100/100
|-activate|p1a: Kleavor|move: Sticky Web
|-unboost|p1a: Kleavor|spe|1
|turn|10
|
|t:|1759035251
|-terastallize|p2a: Ceruledge|Grass
|move|p2a: Ceruledge|Bitter Blade|p1a: Kleavor
|-enditem|p1a: Kleavor|Focus Sash
|-damage|p1a: Kleavor|1/100
|-heal|p2a: Ceruledge|99/100|[from] drain|[of] p1a: Kleavor
|move|p1a: Kleavor|Stone Axe|p2a: Ceruledge
|-damage|p2a: Ceruledge|25/100
|-sidestart|p2: clail|move: Stealth Rock
|
|upkeep
|turn|11
|
|t:|1759035263
|move|p2a: Ceruledge|Shadow Sneak|p1a: Kleavor
|-damage|p1a: Kleavor|0 fnt
|faint|p1a: Kleavor
|
|upkeep
|
|t:|1759035269
|switch|p1a: Dragonite|Dragonite, M|100/100
|turn|12
|
|t:|1759035271
|switch|p2a: Glimmora|Glimmora, M|100/100
|-damage|p2a: Glimmora|88/100|[from] Stealth Rock
|move|p1a: Dragonite|Extreme Speed|p2a: Glimmora
|-resisted|p2a: Glimmora
|-damage|p2a: Glimmora|69/100
|-activate|p2a: Glimmora|ability: Toxic Debris
|-sidestart|p1: kebab.ixx|move: Toxic Spikes
|
|upkeep
|turn|13
|
|t:|1759035283
|move|p2a: Glimmora|Meteor Beam||[still]
|-prepare|p2a: Glimmora|Meteor Beam
|-boost|p2a: Glimmora|spa|1
|-enditem|p2a: Glimmora|Power Herb
|-anim|p2a: Glimmora|Meteor Beam|p1a: Dragonite
|-supereffective|p1a: Dragonite
|-damage|p1a: Dragonite|9/100
|move|p1a: Dragonite|Earthquake|p2a: Glimmora
|-supereffective|p2a: Glimmora
|-damage|p2a: Glimmora|0 fnt
|-activate|p2a: Glimmora|ability: Toxic Debris
|-sidestart|p1: kebab.ixx|move: Toxic Spikes
|faint|p2a: Glimmora
|
|upkeep
|
|t:|1759035288
|switch|p2a: Gholdengo|Gholdengo|100/100
|-damage|p2a: Gholdengo|94/100|[from] Stealth Rock
|-item|p2a: Gholdengo|Air Balloon
|turn|14
|
|t:|1759035293
|move|p2a: Gholdengo|Shadow Ball|p1a: Dragonite
|-damage|p1a: Dragonite|0 fnt
|faint|p1a: Dragonite
|
|upkeep
|
|t:|1759035301
|switch|p1a: Cinderace|Cinderace, F|100/100
|turn|15
|
|t:|1759035304
|switch|p2a: Ceruledge|Ceruledge, M, tera:Grass|25/100
|move|p1a: Cinderace|Pyro Ball|p2a: Ceruledge
|-start|p2a: Ceruledge|ability: Flash Fire
|
|upkeep
|turn|16
|
|t:|1759035309
|-end|p2a: Ceruledge|ability: Flash Fire|[silent]
|switch|p2a: Great Tusk|Great Tusk|100/100
|-damage|p2a: Great Tusk|98/100|[from] Stealth Rock
|move|p1a: Cinderace|Gunk Shot|p2a: Great Tusk
|-resisted|p2a: Great Tusk
|-damage|p2a: Great Tusk|84/100
|
|upkeep
|turn|17
|
|t:|1759035312
|switch|p1a: Pecharunt|Pecharunt|100/100
|-item|p1a: Pecharunt|Air Balloon
|move|p2a: Great Tusk|Headlong Rush|p1a: Pecharunt
|-immune|p1a: Pecharunt
|
|upkeep
|turn|18
|
|t:|1759035321
|-end|p2a: Great Tusk|Protosynthesis|[silent]
|switch|p2a: Ceruledge|Ceruledge, M, tera:Grass|25/100
|move|p1a: Pecharunt|Nasty Plot|p1a: Pecharunt
|-boost|p1a: Pecharunt|spa|2
|
|upkeep
|turn|19
|
|t:|1759035341
|move|p1a: Pecharunt|Malignant Chain|p2a: Ceruledge
|-supereffective|p2a: Ceruledge
|-damage|p2a: Ceruledge|0 fnt
|faint|p2a: Ceruledge
|
|upkeep
|-message|clail forfeited.
|
|win|kebab.ixx
|raw|kebab.ixx's rating: 1628 &rarr; <strong>1648</strong><br />(+20 for winning)
|raw|clail's rating: 1624 &rarr; <strong>1604</strong><br />(-20 for losing)
|l|☆clail
|player|p2|
|l|☆kebab.ixx
|player|p1|
