|j|‽Bloooe +-+
|j|☆Scoobenvonduben
|t:|1759054421
|gametype|singles
|player|p1|Bloooe +-+|miku-ghost|1479
|player|p2|Scoobenvonduben|brawly|1429
|gen|9
|tier|[Gen 9] OU
|rated|
|rule|HP Percentage Mod: HP is shown in percentages
|rule|Endless Battle Clause: Forcing endless battles is banned
|rule|Species Clause: Limit one of each Pokémon
|rule|OHKO Clause: OHKO moves are banned
|rule|Evasion Items Clause: Evasion items are banned
|rule|Evasion Moves Clause: Evasion moves are banned
|rule|Evasion Abilities Clause: Evasion abilities are banned
|rule|Sleep Moves Clause: Sleep-inducing moves are banned
|clearpoke
|poke|p1|Tyranitar, M|
|poke|p1|Gholdengo|
|poke|p1|Zamazenta-*|
|poke|p1|Rillaboom, M|
|poke|p1|Garchomp, F|
|poke|p1|Zapdos|
|poke|p2|Blissey, F|
|poke|p2|Gyarados, M|
|poke|p2|Gliscor, F|
|poke|p2|Corviknight, M|
|poke|p2|Skeledirge, M|
|poke|p2|Grafaiai, F|
|teampreview
|
|t:|1759054447
|teamsize|p1|6
|teamsize|p2|6
|start
|switch|p1a: Zapdos|Zapdos|100/100
|switch|p2a: Blissey|Blissey, F|100/100
|turn|1
|l|☆Scoobenvonduben
|player|p2|
|inactive|Battle timer is ON: inactive players will automatically lose when time's up. (requested by Bloooe +-+)
|j|☆Scoobenvonduben
|inactive|Scoobenvonduben reconnected and has 150 seconds left.
|player|p2|Scoobenvonduben|brawly|
|
|t:|1759054488
|move|p1a: Zapdos|Volt Switch|p2a: Blissey
|-damage|p2a: Blissey|87/100
|
|t:|1759054492
|switch|p1a: Gholdengo|Gholdengo|100/100|[from] Volt Switch
|-item|p1a: Gholdengo|Air Balloon
|move|p2a: Blissey|Stealth Rock|p1a: Gholdengo
|-sidestart|p1: Bloooe +-+|move: Stealth Rock
|
|-heal|p2a: Blissey|93/100|[from] item: Leftovers
|upkeep
|turn|2
|
|t:|1759054500
|switch|p2a: Grafaiai|Grafaiai, F|100/100
|move|p1a: Gholdengo|Thunder Wave|p2a: Grafaiai
|-status|p2a: Grafaiai|par
|
|upkeep
|turn|3
|
|t:|1759054512
|move|p1a: Gholdengo|Make It Rain|p2a: Grafaiai
|-damage|p2a: Grafaiai|51/100 par
|-unboost|p1a: Gholdengo|spa|1
|move|p2a: Grafaiai|Knock Off|p1a: Gholdengo
|-supereffective|p1a: Gholdengo
|-damage|p1a: Gholdengo|69/100
|-enditem|p1a: Gholdengo|Air Balloon
|
|-heal|p2a: Grafaiai|57/100 par|[from] item: Leftovers
|upkeep
|turn|4
|
|t:|1759054525
|move|p2a: Grafaiai|Protect|p2a: Grafaiai
|-singleturn|p2a: Grafaiai|Protect
|move|p1a: Gholdengo|Recover|p1a: Gholdengo
|-heal|p1a: Gholdengo|100/100
|
|-heal|p2a: Grafaiai|63/100 par|[from] item: Leftovers
|upkeep
|turn|5
|
|t:|1759054536
|switch|p1a: Garchomp|Garchomp, F|100/100
|-damage|p1a: Garchomp|94/100|[from] Stealth Rock
|switch|p2a: Gliscor|Gliscor, F, shiny|100/100
|
|-status|p2a: Gliscor|tox|[from] item: Toxic Orb
|upkeep
|turn|6
|
|t:|1759054545
|move|p1a: Garchomp|Stealth Rock|p2a: Gliscor
|-sidestart|p2: Scoobenvonduben|move: Stealth Rock
|move|p2a: Gliscor|Toxic|p1a: Garchomp
|-status|p1a: Garchomp|tox
|
|-damage|p1a: Garchomp|88/100 tox|[from] psn
|upkeep
|turn|7
|
|t:|1759054551
|move|p1a: Garchomp|Spikes|p2a: Gliscor
|-sidestart|p2: Scoobenvonduben|Spikes
|move|p2a: Gliscor|Spikes|p1a: Garchomp
|-sidestart|p1: Bloooe +-+|Spikes
|
|-damage|p1a: Garchomp|76/100 tox|[from] psn
|upkeep
|turn|8
|
|t:|1759054557
|switch|p2a: Grafaiai|Grafaiai, F|63/100 par
|-damage|p2a: Grafaiai|51/100 par|[from] Stealth Rock
|-damage|p2a: Grafaiai|38/100 par|[from] Spikes
|move|p1a: Garchomp|Spikes|p2a: Grafaiai
|-sidestart|p2: Scoobenvonduben|Spikes
|
|-heal|p2a: Grafaiai|44/100 par|[from] item: Leftovers
|-damage|p1a: Garchomp|57/100 tox|[from] psn
|upkeep
|turn|9
|
|t:|1759054562
|cant|p2a: Grafaiai|par
|move|p1a: Garchomp|Earthquake|p2a: Grafaiai
|-supereffective|p2a: Grafaiai
|-crit|p2a: Grafaiai
|-damage|p2a: Grafaiai|0 fnt
|faint|p2a: Grafaiai
|
|-damage|p1a: Garchomp|32/100 tox|[from] psn
|upkeep
|
|t:|1759054569
|switch|p2a: Blissey|Blissey, F|93/100
|-damage|p2a: Blissey|81/100|[from] Stealth Rock
|-damage|p2a: Blissey|64/100|[from] Spikes
|turn|10
|
|t:|1759054578
|move|p1a: Garchomp|Earthquake|p2a: Blissey
|-damage|p2a: Blissey|27/100
|move|p2a: Blissey|Soft-Boiled|p2a: Blissey
|-heal|p2a: Blissey|77/100
|
|-heal|p2a: Blissey|83/100|[from] item: Leftovers
|-damage|p1a: Garchomp|1/100 tox|[from] psn
|upkeep
|turn|11
|
|t:|1759054587
|move|p1a: Garchomp|Spikes|p2a: Blissey
|-sidestart|p2: Scoobenvonduben|Spikes
|move|p2a: Blissey|Soft-Boiled|p2a: Blissey
|-heal|p2a: Blissey|100/100
|
|-damage|p1a: Garchomp|0 fnt|[from] psn
|faint|p1a: Garchomp
|upkeep
|
|t:|1759054591
|switch|p1a: Zamazenta|Zamazenta|100/100
|-ability|p1a: Zamazenta|Dauntless Shield|boost
|-boost|p1a: Zamazenta|def|1
|turn|12
|
|t:|1759054600
|move|p1a: Zamazenta|Crunch|p2a: Blissey
|-damage|p2a: Blissey|78/100
|move|p2a: Blissey|Thunder Wave|p1a: Zamazenta
|-status|p1a: Zamazenta|par
|
|-heal|p2a: Blissey|84/100|[from] item: Leftovers
|upkeep
|turn|13
|
|t:|1759054607
|switch|p2a: Gliscor|Gliscor, F, shiny|100/100 tox
|-damage|p2a: Gliscor|88/100 tox|[from] Stealth Rock
|move|p1a: Zamazenta|Crunch|p2a: Gliscor
|-damage|p2a: Gliscor|68/100 tox
|
|-heal|p2a: Gliscor|80/100 tox|[from] ability: Poison Heal
|upkeep
|turn|14
|
|t:|1759054616
|switch|p1a: Tyranitar|Tyranitar, M|100/100
|-weather|Sandstorm|[from] ability: Sand Stream|[of] p1a: Tyranitar
|move|p2a: Gliscor|Spikes|p1a: Tyranitar
|-sidestart|p1: Bloooe +-+|Spikes
|
|-weather|Sandstorm|[upkeep]
|-heal|p2a: Gliscor|93/100 tox|[from] ability: Poison Heal
|upkeep
|turn|15
|
|t:|1759054626
|move|p2a: Gliscor|Protect|p2a: Gliscor
|-singleturn|p2a: Gliscor|Protect
|move|p1a: Tyranitar|Ice Punch|p2a: Gliscor
|-activate|p2a: Gliscor|move: Protect
|
|-weather|Sandstorm|[upkeep]
|-heal|p2a: Gliscor|100/100 tox|[from] ability: Poison Heal
|upkeep
|turn|16
|
|t:|1759054634
|switch|p2a: Corviknight|Corviknight, M|100/100
|-damage|p2a: Corviknight|88/100|[from] Stealth Rock
|move|p1a: Tyranitar|Knock Off|p2a: Corviknight
|-damage|p2a: Corviknight|47/100
|-enditem|p2a: Corviknight|Leftovers|[from] move: Knock Off|[of] p1a: Tyranitar
|
|-weather|Sandstorm|[upkeep]
|upkeep
|turn|17
|
|t:|1759054646
|move|p1a: Tyranitar|Stone Edge|p2a: Corviknight
|-damage|p2a: Corviknight|7/100
|move|p2a: Corviknight|Roost|p2a: Corviknight
|-heal|p2a: Corviknight|57/100
|-singleturn|p2a: Corviknight|move: Roost
|
|-weather|Sandstorm|[upkeep]
|upkeep
|turn|18
|
|t:|1759054653
|switch|p1a: Zapdos|Zapdos|100/100
|move|p2a: Corviknight|Roost|p2a: Corviknight
|-heal|p2a: Corviknight|100/100
|-singleturn|p2a: Corviknight|move: Roost
|
|-weather|none
|upkeep
|turn|19
|
|t:|1759054658
|switch|p2a: Gliscor|Gliscor, F, shiny|100/100 tox
|-damage|p2a: Gliscor|88/100 tox|[from] Stealth Rock
|move|p1a: Zapdos|Volt Switch|p2a: Gliscor
|-immune|p2a: Gliscor
|
|-heal|p2a: Gliscor|100/100 tox|[from] ability: Poison Heal
|upkeep
|turn|20
|
|t:|1759054665
|switch|p1a: Gholdengo|Gholdengo|100/100
|-damage|p1a: Gholdengo|94/100|[from] Stealth Rock
|-damage|p1a: Gholdengo|78/100|[from] Spikes
|move|p2a: Gliscor|Spikes|p1a: Gholdengo
|-sidestart|p1: Bloooe +-+|Spikes
|
|upkeep
|turn|21
|
|t:|1759054674
|move|p1a: Gholdengo|Hex|p2a: Gliscor
|-damage|p2a: Gliscor|49/100 tox
|move|p2a: Gliscor|Earthquake|p1a: Gholdengo
|-supereffective|p1a: Gholdengo
|-damage|p1a: Gholdengo|36/100
|
|-heal|p2a: Gliscor|61/100 tox|[from] ability: Poison Heal
|upkeep
|turn|22
|
|t:|1759054678
|move|p2a: Gliscor|Protect|p2a: Gliscor
|-singleturn|p2a: Gliscor|Protect
|move|p1a: Gholdengo|Recover|p1a: Gholdengo
|-heal|p1a: Gholdengo|86/100
|
|-heal|p2a: Gliscor|74/100 tox|[from] ability: Poison Heal
|upkeep
|turn|23
|
|t:|1759054685
|move|p1a: Gholdengo|Hex|p2a: Gliscor
|-damage|p2a: Gliscor|22/100 tox
|move|p2a: Gliscor|Earthquake|p1a: Gholdengo
|-supereffective|p1a: Gholdengo
|-damage|p1a: Gholdengo|45/100
|
|-heal|p2a: Gliscor|35/100 tox|[from] ability: Poison Heal
|upkeep
|turn|24
|
|t:|1759054692
|move|p1a: Gholdengo|Make It Rain|p2a: Gliscor
|-damage|p2a: Gliscor|0 fnt
|-unboost|p1a: Gholdengo|spa|1
|faint|p2a: Gliscor
|
|upkeep
|
|t:|1759054704
|switch|p2a: Gyarados|Gyarados, M, shiny|100/100
|-ability|p2a: Gyarados|Intimidate|boost
|-unboost|p1a: Gholdengo|atk|1
|turn|25
|
|t:|1759054708
|move|p2a: Gyarados|Dragon Dance|p2a: Gyarados
|-boost|p2a: Gyarados|atk|1
|-boost|p2a: Gyarados|spe|1
|move|p1a: Gholdengo|Thunder Wave|p2a: Gyarados
|-status|p2a: Gyarados|par
|
|upkeep
|turn|26
|
|t:|1759054716
|switch|p1a: Zapdos|Zapdos|100/100
|move|p2a: Gyarados|Dragon Dance|p2a: Gyarados
|-boost|p2a: Gyarados|atk|1
|-boost|p2a: Gyarados|spe|1
|
|upkeep
|turn|27
|
|t:|1759054721
|-terastallize|p2a: Gyarados|Ground
|move|p1a: Zapdos|Volt Switch|p2a: Gyarados
|-immune|p2a: Gyarados
|move|p2a: Gyarados|Ice Fang|p1a: Zapdos
|-supereffective|p1a: Zapdos
|-damage|p1a: Zapdos|0 fnt
|faint|p1a: Zapdos
|
|upkeep
|
|t:|1759054725
|switch|p1a: Rillaboom|Rillaboom, M|100/100
|-fieldstart|move: Grassy Terrain|[from] ability: Grassy Surge|[of] p1a: Rillaboom
|turn|28
|
|t:|1759054738
|switch|p2a: Corviknight|Corviknight, M|100/100
|-damage|p2a: Corviknight|88/100|[from] Stealth Rock
|move|p1a: Rillaboom|Grassy Glide|p2a: Corviknight
|-resisted|p2a: Corviknight
|-damage|p2a: Corviknight|79/100
|
|upkeep
|turn|29
|
|t:|1759054742
|move|p1a: Rillaboom|U-turn|p2a: Corviknight
|-resisted|p2a: Corviknight
|-damage|p2a: Corviknight|75/100
|
|t:|1759054744
|switch|p1a: Gholdengo|Gholdengo|45/100|[from] U-turn
|-damage|p1a: Gholdengo|39/100|[from] Stealth Rock
|-damage|p1a: Gholdengo|14/100|[from] Spikes
|move|p2a: Corviknight|Iron Defense|p2a: Corviknight
|-boost|p2a: Corviknight|def|2
|
|-heal|p1a: Gholdengo|20/100|[from] Grassy Terrain
|upkeep
|turn|30
|
|t:|1759054750
|move|p1a: Gholdengo|Recover|p1a: Gholdengo
|-heal|p1a: Gholdengo|70/100
|move|p2a: Corviknight|Brave Bird|p1a: Gholdengo
|-resisted|p1a: Gholdengo
|-damage|p1a: Gholdengo|56/100
|-damage|p2a: Corviknight|70/100|[from] Recoil
|
|-heal|p1a: Gholdengo|62/100|[from] Grassy Terrain
|upkeep
|turn|31
|
|t:|1759054753
|move|p1a: Gholdengo|Thunder Wave|p2a: Corviknight
|-status|p2a: Corviknight|par
|move|p2a: Corviknight|Iron Defense|p2a: Corviknight
|-boost|p2a: Corviknight|def|2
|
|-heal|p1a: Gholdengo|68/100|[from] Grassy Terrain
|upkeep
|turn|32
|
|t:|1759054757
|move|p1a: Gholdengo|Recover|p1a: Gholdengo
|-heal|p1a: Gholdengo|100/100
|move|p2a: Corviknight|Iron Defense|p2a: Corviknight
|-boost|p2a: Corviknight|def|2
|
|-fieldend|move: Grassy Terrain
|upkeep
|turn|33
|
|t:|1759054760
|move|p1a: Gholdengo|Hex|p2a: Corviknight
|-damage|p2a: Corviknight|28/100 par
|move|p2a: Corviknight|Brave Bird|p1a: Gholdengo
|-resisted|p1a: Gholdengo
|-damage|p1a: Gholdengo|89/100
|-damage|p2a: Corviknight|24/100 par|[from] Recoil
|
|upkeep
|turn|34
|
|t:|1759054767
|switch|p2a: Blissey|Blissey, F|84/100
|-damage|p2a: Blissey|72/100|[from] Stealth Rock
|-damage|p2a: Blissey|47/100|[from] Spikes
|move|p1a: Gholdengo|Hex|p2a: Blissey
|-immune|p2a: Blissey
|
|-heal|p2a: Blissey|53/100|[from] item: Leftovers
|upkeep
|turn|35
|
|t:|1759054770
|move|p1a: Gholdengo|Thunder Wave|p2a: Blissey|[miss]
|-miss|p1a: Gholdengo|p2a: Blissey
|move|p2a: Blissey|Soft-Boiled|p2a: Blissey
|-heal|p2a: Blissey|100/100
|
|upkeep
|turn|36
|
|t:|1759054784
|switch|p2a: Gyarados|Gyarados, M, shiny, tera:Ground|100/100 par
|-ability|p2a: Gyarados|Intimidate|boost
|-unboost|p1a: Gholdengo|atk|1
|move|p1a: Gholdengo|Thunder Wave|p2a: Gyarados
|-immune|p2a: Gyarados
|
|upkeep
|turn|37
|
|t:|1759054791
|move|p1a: Gholdengo|Hex|p2a: Gyarados
|-damage|p2a: Gyarados|45/100 par
|move|p2a: Gyarados|Earthquake|p1a: Gholdengo
|-supereffective|p1a: Gholdengo
|-damage|p1a: Gholdengo|20/100
|
|upkeep
|turn|38
|
|t:|1759054796
|switch|p2a: Blissey|Blissey, F|100/100
|-damage|p2a: Blissey|88/100|[from] Stealth Rock
|-damage|p2a: Blissey|63/100|[from] Spikes
|move|p1a: Gholdengo|Hex|p2a: Blissey
|-immune|p2a: Blissey
|
|-heal|p2a: Blissey|69/100|[from] item: Leftovers
|upkeep
|turn|39
|
|t:|1759054807
|move|p1a: Gholdengo|Recover|p1a: Gholdengo
|-heal|p1a: Gholdengo|70/100
|move|p2a: Blissey|Soft-Boiled|p2a: Blissey
|-heal|p2a: Blissey|100/100
|
|upkeep
|turn|40
|
|t:|1759054815
|switch|p1a: Zamazenta|Zamazenta|100/100 par
|move|p2a: Blissey|Seismic Toss|p1a: Zamazenta
|-damage|p1a: Zamazenta|70/100 par
|
|upkeep
|turn|41
|
|t:|1759054822
|switch|p2a: Corviknight|Corviknight, M|24/100 par
|-damage|p2a: Corviknight|12/100 par|[from] Stealth Rock
|cant|p1a: Zamazenta|par
|
|upkeep
|turn|42
|
|t:|1759054827
|move|p1a: Zamazenta|Crunch|p2a: Corviknight
|-damage|p2a: Corviknight|0 fnt
|faint|p2a: Corviknight
|
|upkeep
|
|t:|1759054831
|switch|p2a: Gyarados|Gyarados, M, shiny, tera:Ground|45/100 par
|-ability|p2a: Gyarados|Intimidate|boost
|-unboost|p1a: Zamazenta|atk|1
|turn|43
|
|t:|1759054840
|move|p1a: Zamazenta|Close Combat|p2a: Gyarados
|-damage|p2a: Gyarados|0 fnt
|-unboost|p1a: Zamazenta|def|1
|-unboost|p1a: Zamazenta|spd|1
|faint|p2a: Gyarados
|
|upkeep
|
|t:|1759054843
|switch|p2a: Skeledirge|Skeledirge, M|100/100
|-damage|p2a: Skeledirge|76/100|[from] Stealth Rock
|-damage|p2a: Skeledirge|51/100|[from] Spikes
|turn|44
|
|t:|1759054849
|move|p1a: Zamazenta|Crunch|p2a: Skeledirge
|-supereffective|p2a: Skeledirge
|-damage|p2a: Skeledirge|10/100
|-unboost|p2a: Skeledirge|def|1
|move|p2a: Skeledirge|Slack Off|p2a: Skeledirge
|-heal|p2a: Skeledirge|60/100
|
|-heal|p2a: Skeledirge|66/100|[from] item: Leftovers
|upkeep
|turn|45
|-message|Scoobenvonduben forfeited.
|
|win|Bloooe +-+
|raw|Bloooe +-+'s rating: 1479 &rarr; <strong>1496</strong><br />(+17 for winning)
|raw|Scoobenvonduben's rating: 1429 &rarr; <strong>1412</strong><br />(-17 for losing)
|l|☆Scoobenvonduben
|player|p2|
|l|‽Bloooe +-+
|player|p1|
