|j|☆ohjeebus
|j|☆aquagoboom
|t:|1758957755
|gametype|singles
|player|p1|ohjeebus|koga|1535
|player|p2|aquagoboom|1|1553
|gen|9
|tier|[Gen 9] OU
|rated|
|rule|HP Percentage Mod: HP is shown in percentages
|rule|Endless Battle Clause: Forcing endless battles is banned
|rule|Species Clause: Limit one of each Pokémon
|rule|OHKO Clause: OHKO moves are banned
|rule|Evasion Items Clause: Evasion items are banned
|rule|Evasion Moves Clause: Evasion moves are banned
|rule|Evasion Abilities Clause: Evasion abilities are banned
|rule|Sleep Moves Clause: Sleep-inducing moves are banned
|clearpoke
|poke|p1|Zamazenta-*|
|poke|p1|Weezing-Galar, F|
|poke|p1|Kingambit, F|
|poke|p1|Weavile, F|
|poke|p1|Ceruledge, M|
|poke|p1|Ting-Lu|
|poke|p2|Kyurem|
|poke|p2|Indeedee, M|
|poke|p2|Ceruledge, M|
|poke|p2|Deoxys-Speed|
|poke|p2|Hatterene, F|
|poke|p2|Iron Treads|
|teampreview
|inactive|Battle timer is ON: inactive players will automatically lose when time's up. (requested by ohjeebus)
|
|t:|1758957768
|teamsize|p1|6
|teamsize|p2|6
|start
|switch|p1a: Weavile|Weavile, F|100/100
|switch|p2a: Kyurem|Kyurem|100/100
|-ability|p1a: Weavile|Pressure
|-ability|p2a: Kyurem|Pressure
|turn|1
|
|t:|1758957776
|move|p1a: Weavile|Swords Dance|p1a: Weavile
|-boost|p1a: Weavile|atk|2
|move|p2a: Kyurem|Scale Shot|p1a: Weavile
|-damage|p1a: Weavile|80/100
|-damage|p1a: Weavile|57/100
|-damage|p1a: Weavile|35/100
|-damage|p1a: Weavile|14/100
|-damage|p1a: Weavile|0 fnt
|faint|p1a: Weavile
|-hitcount|p1: Weavile|5
|-unboost|p2a: Kyurem|def|1
|-boost|p2a: Kyurem|spe|1
|
|upkeep
|
|t:|1758957787
|switch|p1a: Ceruledge|Ceruledge, M|100/100
|turn|2
|
|t:|1758957795
|switch|p1a: Weezing|Weezing-Galar, F|100/100
|-ability|p1a: Weezing|Neutralizing Gas
|move|p2a: Kyurem|Scale Shot|p1a: Weezing
|-immune|p1a: Weezing
|
|upkeep
|turn|3
|
|t:|1758957806
|switch|p2a: Hatterene|Hatterene, F|100/100
|move|p1a: Weezing|Will-O-Wisp|p2a: Hatterene
|-status|p2a: Hatterene|brn
|
|-damage|p2a: Hatterene|95/100 brn|[from] brn
|upkeep
|turn|4
|
|t:|1758957811
|move|p1a: Weezing|Strange Steam|p2a: Hatterene
|-damage|p2a: Hatterene|69/100 brn
|move|p2a: Hatterene|Nuzzle|p1a: Weezing
|-damage|p1a: Weezing|99/100
|-status|p1a: Weezing|par
|-damage|p2a: Hatterene|53/100 brn|[from] item: Rocky Helmet|[of] p1a: Weezing
|
|-damage|p2a: Hatterene|47/100 brn|[from] brn
|upkeep
|turn|5
|
|t:|1758957822
|switch|p2a: Iron Treads|Iron Treads|100/100
|-end|p1a: Weezing|ability: Neutralizing Gas
|switch|p1a: Ting-Lu|Ting-Lu|100/100
|-enditem|p2a: Iron Treads|Booster Energy
|-activate|p2a: Iron Treads|ability: Quark Drive|[fromitem]
|-start|p2a: Iron Treads|quarkdrivespe
|-ability|p1a: Ting-Lu|Vessel of Ruin
|
|upkeep
|turn|6
|
|t:|1758957826
|-end|p2a: Iron Treads|Quark Drive|[silent]
|switch|p2a: Hatterene|Hatterene, F|47/100 brn
|move|p1a: Ting-Lu|Earthquake|p2a: Hatterene
|-damage|p2a: Hatterene|6/100 brn
|
|-damage|p2a: Hatterene|0 fnt|[from] brn
|faint|p2a: Hatterene
|upkeep
|
|t:|1758957832
|switch|p2a: Kyurem|Kyurem|100/100
|-ability|p2a: Kyurem|Pressure
|turn|7
|
|t:|1758957837
|move|p2a: Kyurem|Dragon Dance|p2a: Kyurem
|-boost|p2a: Kyurem|atk|1
|-boost|p2a: Kyurem|spe|1
|move|p1a: Ting-Lu|Payback|p2a: Kyurem
|-damage|p2a: Kyurem|62/100
|
|upkeep
|turn|8
|
|t:|1758957846
|switch|p1a: Zamazenta|Zamazenta|100/100
|-ability|p1a: Zamazenta|Dauntless Shield|boost
|-boost|p1a: Zamazenta|def|1
|move|p2a: Kyurem|Icicle Spear|p1a: Zamazenta
|-damage|p1a: Zamazenta|87/100
|-damage|p1a: Zamazenta|74/100
|-damage|p1a: Zamazenta|61/100
|-damage|p1a: Zamazenta|48/100
|-damage|p1a: Zamazenta|36/100
|-hitcount|p1a: Zamazenta|5
|
|upkeep
|turn|9
|
|t:|1758957861
|move|p2a: Kyurem|Scale Shot|p1a: Zamazenta
|-damage|p1a: Zamazenta|24/100
|-damage|p1a: Zamazenta|11/100
|-damage|p1a: Zamazenta|0 fnt
|faint|p1a: Zamazenta
|-hitcount|p1: Zamazenta|3
|-unboost|p2a: Kyurem|def|1
|-boost|p2a: Kyurem|spe|1
|
|upkeep
|
|t:|1758957864
|switch|p1a: Kingambit|Kingambit, F|100/100
|-activate|p1a: Kingambit|ability: Supreme Overlord
|-start|p1a: Kingambit|fallen2|[silent]
|turn|10
|
|t:|1758957874
|switch|p2a: Iron Treads|Iron Treads|100/100
|move|p1a: Kingambit|Swords Dance|p1a: Kingambit
|-boost|p1a: Kingambit|atk|2
|
|upkeep
|turn|11
|
|t:|1758957880
|-end|p1a: Kingambit|fallen2|[silent]
|switch|p1a: Ting-Lu|Ting-Lu|100/100
|-ability|p1a: Ting-Lu|Vessel of Ruin
|move|p2a: Iron Treads|Stealth Rock|p1a: Ting-Lu
|-sidestart|p1: ohjeebus|move: Stealth Rock
|
|upkeep
|turn|12
|
|t:|1758957888
|-end|p2a: Iron Treads|Quark Drive|[silent]
|switch|p2a: Indeedee|Indeedee, M|100/100
|-fieldstart|move: Psychic Terrain|[from] ability: Psychic Surge|[of] p2a: Indeedee
|move|p1a: Ting-Lu|Earthquake|p2a: Indeedee
|-damage|p2a: Indeedee|18/100
|
|upkeep
|turn|13
|
|t:|1758957900
|switch|p2a: Ceruledge|Ceruledge, M|100/100
|move|p1a: Ting-Lu|Earthquake|p2a: Ceruledge
|-supereffective|p2a: Ceruledge
|-enditem|p2a: Ceruledge|Focus Sash
|-damage|p2a: Ceruledge|1/100
|-ability|p2a: Ceruledge|Weak Armor|boost
|-unboost|p2a: Ceruledge|def|1
|-boost|p2a: Ceruledge|spe|2
|
|upkeep
|turn|14
|
|t:|1758957905
|move|p2a: Ceruledge|Destiny Bond|p2a: Ceruledge
|-singlemove|p2a: Ceruledge|Destiny Bond
|move|p1a: Ting-Lu|Earthquake|p2a: Ceruledge
|-supereffective|p2a: Ceruledge
|-damage|p2a: Ceruledge|0 fnt
|faint|p2a: Ceruledge
|-activate|p2a: Ceruledge|move: Destiny Bond
|faint|p1a: Ting-Lu
|
|upkeep
|
|t:|1758957914
|switch|p2a: Deoxys|Deoxys-Speed|100/100
|switch|p1a: Ceruledge|Ceruledge, M|100/100
|-ability|p2a: Deoxys|Pressure
|turn|15
|
|t:|1758957928
|switch|p1a: Kingambit|Kingambit, F|100/100
|-damage|p1a: Kingambit|94/100|[from] Stealth Rock
|-activate|p1a: Kingambit|ability: Supreme Overlord
|-start|p1a: Kingambit|fallen3|[silent]
|-terastallize|p2a: Deoxys|Stellar
|move|p2a: Deoxys|Expanding Force|p1a: Kingambit
|-immune|p1a: Kingambit
|
|-heal|p1a: Kingambit|100/100|[from] item: Leftovers
|upkeep
|turn|16
|
|t:|1758957938
|-end|p1a: Kingambit|fallen3|[silent]
|switch|p1a: Ceruledge|Ceruledge, M|100/100
|move|p2a: Deoxys|Superpower|p1a: Ceruledge
|-immune|p1a: Ceruledge
|
|upkeep
|turn|17
|
|t:|1758957943
|switch|p1a: Kingambit|Kingambit, F|100/100
|-damage|p1a: Kingambit|94/100|[from] Stealth Rock
|-activate|p1a: Kingambit|ability: Supreme Overlord
|-start|p1a: Kingambit|fallen3|[silent]
|move|p2a: Deoxys|Expanding Force|p1a: Kingambit
|-immune|p1a: Kingambit
|
|-heal|p1a: Kingambit|100/100|[from] item: Leftovers
|upkeep
|turn|18
|
|t:|1758957950
|-terastallize|p1a: Kingambit|Fairy
|move|p2a: Deoxys|Superpower|p1a: Kingambit
|-resisted|p1a: Kingambit
|-damage|p1a: Kingambit|82/100
|-unboost|p2a: Deoxys|atk|1
|-unboost|p2a: Deoxys|def|1
|-damage|p2a: Deoxys|91/100|[from] item: Life Orb
|move|p1a: Kingambit|Iron Head|p2a: Deoxys
|-damage|p2a: Deoxys|0 fnt
|faint|p2a: Deoxys
|
|-heal|p1a: Kingambit|88/100|[from] item: Leftovers
|upkeep
|
|t:|1758957960
|switch|p2a: Iron Treads|Iron Treads|100/100
|turn|19
|
|t:|1758957965
|-end|p1a: Kingambit|fallen3|[silent]
|switch|p1a: Weezing|Weezing-Galar, F|99/100 par
|-ability|p1a: Weezing|Neutralizing Gas
|-damage|p1a: Weezing|87/100 par|[from] Stealth Rock
|move|p2a: Iron Treads|Steel Beam|p1a: Weezing
|-supereffective|p1a: Weezing
|-damage|p1a: Weezing|0 fnt
|-damage|p2a: Iron Treads|50/100|[from] steelbeam
|faint|p1a: Weezing
|-end|p1a: Weezing|ability: Neutralizing Gas
|
|-fieldend|move: Psychic Terrain
|upkeep
|
|t:|1758957968
|switch|p1a: Ceruledge|Ceruledge, M|100/100
|turn|20
|
|t:|1758957971
|-end|p2a: Iron Treads|Quark Drive|[silent]
|switch|p2a: Indeedee|Indeedee, M|18/100
|-fieldstart|move: Psychic Terrain|[from] ability: Psychic Surge|[of] p2a: Indeedee
|move|p1a: Ceruledge|Swords Dance|p1a: Ceruledge
|-boost|p1a: Ceruledge|atk|2
|
|upkeep
|turn|21
|
|t:|1758957975
|move|p2a: Indeedee|Encore|p1a: Ceruledge
|-start|p1a: Ceruledge|Encore
|move|p1a: Ceruledge|Swords Dance|p1a: Ceruledge
|-boost|p1a: Ceruledge|atk|2
|
|upkeep
|turn|22
|
|t:|1758957980
|move|p2a: Indeedee|Expanding Force|p1a: Ceruledge
|-damage|p1a: Ceruledge|23/100
|move|p1a: Ceruledge|Swords Dance|p1a: Ceruledge
|-boost|p1a: Ceruledge|atk|2
|
|upkeep
|turn|23
|
|t:|1758957984
|move|p2a: Indeedee|Expanding Force|p1a: Ceruledge
|-damage|p1a: Ceruledge|0 fnt
|faint|p1a: Ceruledge
|
|upkeep
|
|t:|1758957985
|switch|p1a: Kingambit|Kingambit, F, tera:Fairy|88/100
|-damage|p1a: Kingambit|76/100|[from] Stealth Rock
|-activate|p1a: Kingambit|ability: Supreme Overlord
|-start|p1a: Kingambit|fallen5|[silent]
|turn|24
|
|t:|1758957991
|move|p2a: Indeedee|Healing Wish|p2a: Indeedee
|faint|p2a: Indeedee
|move|p1a: Kingambit|Iron Head|p2: Indeedee|[notarget]
|-fail|p1a: Kingambit
|
|-heal|p1a: Kingambit|82/100|[from] item: Leftovers
|upkeep
|
|t:|1758957994
|switch|p2a: Kyurem|Kyurem|62/100
|-heal|p2a: Kyurem|100/100|[from] move: Healing Wish
|-ability|p2a: Kyurem|Pressure
|turn|25
|
|t:|1758957997
|move|p2a: Kyurem|Icicle Spear|p1a: Kingambit
|-damage|p1a: Kingambit|70/100
|-damage|p1a: Kingambit|58/100
|-damage|p1a: Kingambit|47/100
|-damage|p1a: Kingambit|36/100
|-hitcount|p1a: Kingambit|4
|move|p1a: Kingambit|Tera Blast|p2a: Kyurem|[anim] Tera Blast Fairy
|-supereffective|p2a: Kyurem
|-damage|p2a: Kyurem|0 fnt
|faint|p2a: Kyurem
|
|-heal|p1a: Kingambit|42/100|[from] item: Leftovers
|upkeep
|
|t:|1758958005
|switch|p2a: Iron Treads|Iron Treads|50/100
|turn|26
|
|t:|1758958009
|move|p2a: Iron Treads|Steel Beam|p1a: Kingambit
|-supereffective|p1a: Kingambit
|-damage|p1a: Kingambit|0 fnt
|-damage|p2a: Iron Treads|0 fnt|[from] steelbeam
|faint|p2a: Iron Treads
|-end|p2a: Iron Treads|Quark Drive|[silent]
|faint|p1a: Kingambit
|-end|p1a: Kingambit|fallen5|[silent]
|
|win|ohjeebus
|raw|ohjeebus's rating: 1535 &rarr; <strong>1556</strong><br />(+21 for winning)
|raw|aquagoboom's rating: 1553 &rarr; <strong>1532</strong><br />(-21 for losing)
|c|☆aquagoboom|Bruhh
|l|☆aquagoboom
|player|p2|
