|j|☆cchang21
|j|☆ViaVeritas
|t:|1759045370
|gametype|singles
|player|p1|cchang21|emmet|1310
|player|p2|ViaVeritas|giovanni|1194
|gen|9
|tier|[Gen 9] OU
|rated|
|rule|HP Percentage Mod: HP is shown in percentages
|rule|Endless Battle Clause: Forcing endless battles is banned
|rule|Species Clause: Limit one of each Pokémon
|rule|OHKO Clause: OHKO moves are banned
|rule|Evasion Items Clause: Evasion items are banned
|rule|Evasion Moves Clause: Evasion moves are banned
|rule|Evasion Abilities Clause: Evasion abilities are banned
|rule|Sleep Moves Clause: Sleep-inducing moves are banned
|clearpoke
|poke|p1|Slowking-Galar, F|
|poke|p1|Alomomola, M|
|poke|p1|Garchomp, F|
|poke|p1|Iron Valiant|
|poke|p1|Heatran, F|
|poke|p1|Corviknight, F|
|poke|p2|Chandelure, M|
|poke|p2|Grimmsnarl, M|
|poke|p2|Dragonite, F|
|poke|p2|Iron Valiant|
|poke|p2|Slowking-Galar, M|
|poke|p2|Corviknight, M|
|teampreview
|inactive|Battle timer is ON: inactive players will automatically lose when time's up. (requested by cchang21)
|
|t:|1759045384
|teamsize|p1|6
|teamsize|p2|6
|start
|switch|p1a: Slowking|Slowking-Galar, F|100/100
|switch|p2a: Grimmsnarl|Grimmsnarl, M, shiny|100/100
|turn|1
|
|t:|1759045390
|move|p2a: Grimmsnarl|Light Screen|p2a: Grimmsnarl
|-sidestart|p2: ViaVeritas|move: Light Screen
|move|p1a: Slowking|Sludge Wave|p2a: Grimmsnarl
|-supereffective|p2a: Grimmsnarl
|-damage|p2a: Grimmsnarl|44/100
|
|upkeep
|turn|2
|
|t:|1759045395
|move|p2a: Grimmsnarl|Parting Shot|p1a: Slowking
|-unboost|p1a: Slowking|atk|1
|-unboost|p1a: Slowking|spa|1
|
|t:|1759045400
|switch|p2a: Corviknight|Corviknight, M, shiny|100/100|[from] Parting Shot
|-ability|p2a: Corviknight|Pressure
|move|p1a: Slowking|Sludge Wave|p2a: Corviknight
|-immune|p2a: Corviknight
|
|upkeep
|turn|3
|
|t:|1759045407
|switch|p1a: Heatran|Heatran, F|100/100
|move|p2a: Corviknight|Brave Bird|p1a: Heatran
|-resisted|p1a: Heatran
|-damage|p1a: Heatran|84/100
|-damage|p2a: Corviknight|95/100|[from] Recoil
|
|-heal|p1a: Heatran|91/100|[from] item: Leftovers
|-heal|p2a: Corviknight|100/100|[from] item: Leftovers
|upkeep
|turn|4
|
|t:|1759045417
|switch|p2a: Chandelure|Chandelure, M, shiny|100/100
|move|p1a: Heatran|Stealth Rock|p2a: Chandelure
|-sidestart|p2: ViaVeritas|move: Stealth Rock
|
|-heal|p1a: Heatran|97/100|[from] item: Leftovers
|upkeep
|turn|5
|
|t:|1759045428
|switch|p2a: Dragonite|Dragonite, F|100/100
|move|p1a: Heatran|Earth Power|p2a: Dragonite
|-immune|p2a: Dragonite
|
|-heal|p1a: Heatran|100/100|[from] item: Leftovers
|upkeep
|turn|6
|
|t:|1759045440
|switch|p1a: Corviknight|Corviknight, F|100/100
|-ability|p1a: Corviknight|Pressure
|move|p2a: Dragonite|Dragon Dance|p2a: Dragonite
|-boost|p2a: Dragonite|atk|1
|-boost|p2a: Dragonite|spe|1
|
|upkeep
|turn|7
|
|t:|1759045468
|switch|p2a: Grimmsnarl|Grimmsnarl, M, shiny|44/100
|-damage|p2a: Grimmsnarl|32/100|[from] Stealth Rock
|move|p1a: Corviknight|U-turn|p2a: Grimmsnarl
|-damage|p2a: Grimmsnarl|15/100
|
|t:|1759045490
|switch|p1a: Heatran|Heatran, F|100/100|[from] U-turn
|
|upkeep
|turn|8
|
|t:|1759045494
|move|p2a: Grimmsnarl|Thunder Wave|p1a: Heatran
|-status|p1a: Heatran|par
|cant|p1a: Heatran|par
|
|-sideend|p2: ViaVeritas|move: Light Screen
|upkeep
|turn|9
|
|t:|1759045501
|move|p2a: Grimmsnarl|Light Screen|p2a: Grimmsnarl
|-sidestart|p2: ViaVeritas|move: Light Screen
|cant|p1a: Heatran|par
|
|upkeep
|turn|10
|
|t:|1759045506
|move|p2a: Grimmsnarl|Parting Shot|p1a: Heatran
|-unboost|p1a: Heatran|atk|1
|-unboost|p1a: Heatran|spa|1
|
|t:|1759045520
|switch|p2a: Chandelure|Chandelure, M, shiny|100/100|[from] Parting Shot
|-damage|p2a: Chandelure|76/100|[from] Stealth Rock
|move|p1a: Heatran|Magma Storm|p2a: Chandelure
|-start|p2a: Chandelure|ability: Flash Fire
|
|upkeep
|turn|11
|
|t:|1759045535
|switch|p1a: Garchomp|Garchomp, F|100/100
|move|p2a: Chandelure|Shadow Ball|p1a: Garchomp
|-damage|p1a: Garchomp|49/100
|
|upkeep
|turn|12
|
|t:|1759045552
|move|p2a: Chandelure|Shadow Ball|p1a: Garchomp
|-damage|p1a: Garchomp|3/100
|move|p1a: Garchomp|Scale Shot|p2a: Chandelure
|-damage|p2a: Chandelure|57/100
|-damage|p2a: Chandelure|38/100
|-damage|p2a: Chandelure|20/100
|-damage|p2a: Chandelure|0 fnt
|faint|p2a: Chandelure
|-hitcount|p2: Chandelure|4
|-unboost|p1a: Garchomp|def|1
|-boost|p1a: Garchomp|spe|1
|
|upkeep
|
|t:|1759045570
|switch|p2a: Corviknight|Corviknight, M, shiny|100/100
|-damage|p2a: Corviknight|88/100|[from] Stealth Rock
|-ability|p2a: Corviknight|Pressure
|turn|13
|
|t:|1759045575
|move|p1a: Garchomp|Fire Fang|p2a: Corviknight
|-supereffective|p2a: Corviknight
|-damage|p2a: Corviknight|60/100
|-status|p2a: Corviknight|brn
|move|p2a: Corviknight|Defog|p1a: Garchomp
|-unboost|p1a: Garchomp|evasion|1
|-sideend|p2: ViaVeritas|Stealth Rock|[from] move: Defog|[of] p2a: Corviknight
|
|-heal|p2a: Corviknight|66/100 brn|[from] item: Leftovers
|-damage|p2a: Corviknight|60/100 brn|[from] brn
|upkeep
|turn|14
|
|t:|1759045590
|move|p1a: Garchomp|Fire Fang|p2a: Corviknight
|-supereffective|p2a: Corviknight
|-crit|p2a: Corviknight
|-damage|p2a: Corviknight|13/100 brn
|move|p2a: Corviknight|Body Press|p1a: Garchomp
|-damage|p1a: Garchomp|0 fnt
|-damage|p2a: Corviknight|0 fnt|[from] ability: Rough Skin|[of] p1a: Garchomp
|faint|p1a: Garchomp
|faint|p2a: Corviknight
|
|upkeep
|
|t:|1759045601
|switch|p1a: Heatran|Heatran, F|100/100 par
|switch|p2a: Grimmsnarl|Grimmsnarl, M, shiny|15/100
|turn|15
|
|t:|1759045608
|move|p2a: Grimmsnarl|Parting Shot|p1a: Heatran
|-unboost|p1a: Heatran|atk|1
|-unboost|p1a: Heatran|spa|1
|
|t:|1759045627
|switch|p2a: Slowking|Slowking-Galar, M|100/100|[from] Parting Shot
|move|p1a: Heatran|Magma Storm|p2a: Slowking|[miss]
|-miss|p1a: Heatran|p2a: Slowking
|
|upkeep
|turn|16
|
|t:|1759045641
|cant|p1a: Heatran|par
|move|p2a: Slowking|Surf|p1a: Heatran
|-supereffective|p1a: Heatran
|-damage|p1a: Heatran|74/100 par
|
|-heal|p1a: Heatran|80/100 par|[from] item: Leftovers
|-sideend|p2: ViaVeritas|move: Light Screen
|upkeep
|turn|17
|
|t:|1759045650
|-terastallize|p2a: Slowking|Water
|cant|p1a: Heatran|par
|move|p2a: Slowking|Surf|p1a: Heatran
|-supereffective|p1a: Heatran
|-damage|p1a: Heatran|34/100 par
|
|-heal|p1a: Heatran|40/100 par|[from] item: Leftovers
|upkeep
|turn|18
|
|t:|1759045664
|switch|p1a: Alomomola|Alomomola, M|100/100
|move|p2a: Slowking|Surf|p1a: Alomomola
|-resisted|p1a: Alomomola
|-damage|p1a: Alomomola|79/100
|
|upkeep
|turn|19
|
|t:|1759045670
|move|p1a: Alomomola|Wish|p1a: Alomomola
|move|p2a: Slowking|Sludge Bomb|p1a: Alomomola
|-damage|p1a: Alomomola|37/100
|
|upkeep
|turn|20
|
|t:|1759045674
|switch|p1a: Heatran|Heatran, F|40/100 par
|move|p2a: Slowking|Sludge Bomb|p1a: Heatran
|-immune|p1a: Heatran
|
|-heal|p1a: Heatran|100/100 par|[from] move: Wish|[wisher] Alomomola
|upkeep
|turn|21
|
|t:|1759045682
|move|p1a: Heatran|Magma Storm|p2a: Slowking
|-resisted|p2a: Slowking
|-damage|p2a: Slowking|92/100
|-activate|p2a: Slowking|move: Magma Storm|[of] p1a: Heatran
|move|p2a: Slowking|Surf|p1a: Heatran
|-supereffective|p1a: Heatran
|-damage|p1a: Heatran|55/100 par
|
|-heal|p1a: Heatran|62/100 par|[from] item: Leftovers
|-damage|p2a: Slowking|80/100|[from] move: Magma Storm|[partiallytrapped]
|upkeep
|turn|22
|
|t:|1759045693
|switch|p1a: Slowking|Slowking-Galar, F|100/100
|move|p2a: Slowking|Surf|p1a: Slowking
|-damage|p1a: Slowking|75/100
|
|-end|p2a: Slowking|Magma Storm|[partiallytrapped]|[silent]
|upkeep
|turn|23
|
|t:|1759045713
|move|p1a: Slowking|Sludge Wave|p2a: Slowking
|-damage|p2a: Slowking|51/100
|move|p2a: Slowking|Psyshock|p1a: Slowking
|-damage|p1a: Slowking|41/100
|
|upkeep
|turn|24
|
|t:|1759045724
|switch|p2a: Grimmsnarl|Grimmsnarl, M, shiny|15/100
|switch|p1a: Iron Valiant|Iron Valiant|100/100
|
|upkeep
|turn|25
|
|t:|1759045735
|-end|p1a: Iron Valiant|Quark Drive|[silent]
|switch|p1a: Heatran|Heatran, F|62/100 par
|move|p2a: Grimmsnarl|Thunder Wave|p1a: Heatran
|-fail|p1a: Heatran|par
|
|-heal|p1a: Heatran|68/100 par|[from] item: Leftovers
|upkeep
|turn|26
|
|t:|1759045743
|move|p2a: Grimmsnarl|Light Screen|p2a: Grimmsnarl
|-sidestart|p2: ViaVeritas|move: Light Screen
|move|p1a: Heatran|Earth Power|p2a: Grimmsnarl
|-damage|p2a: Grimmsnarl|5/100
|
|-heal|p1a: Heatran|74/100 par|[from] item: Leftovers
|upkeep
|turn|27
|
|t:|1759045753
|move|p2a: Grimmsnarl|Parting Shot|p1a: Heatran
|-unboost|p1a: Heatran|atk|1
|-unboost|p1a: Heatran|spa|1
|
|t:|1759045761
|switch|p2a: Slowking|Slowking-Galar, M, tera:Water|85/100|[from] Parting Shot
|cant|p1a: Heatran|par
|
|-heal|p1a: Heatran|80/100 par|[from] item: Leftovers
|upkeep
|turn|28
|
|t:|1759045767
|move|p1a: Heatran|Magma Storm|p2a: Slowking|[miss]
|-miss|p1a: Heatran|p2a: Slowking
|move|p2a: Slowking|Surf|p1a: Heatran
|-supereffective|p1a: Heatran
|-damage|p1a: Heatran|38/100 par
|
|-heal|p1a: Heatran|44/100 par|[from] item: Leftovers
|upkeep
|turn|29
|
|t:|1759045776
|switch|p1a: Corviknight|Corviknight, F|100/100
|-ability|p1a: Corviknight|Pressure
|move|p2a: Slowking|Surf|p1a: Corviknight
|-damage|p1a: Corviknight|67/100
|
|upkeep
|turn|30
|
|t:|1759045785
|move|p1a: Corviknight|Brave Bird|p2a: Slowking
|-damage|p2a: Slowking|49/100
|-damage|p1a: Corviknight|56/100|[from] Recoil
|move|p2a: Slowking|Flamethrower|p1a: Corviknight
|-supereffective|p1a: Corviknight
|-damage|p1a: Corviknight|12/100
|-status|p1a: Corviknight|brn
|
|-damage|p1a: Corviknight|6/100 brn|[from] brn
|upkeep
|turn|31
|
|t:|1759045798
|switch|p2a: Dragonite|Dragonite, F|100/100
|move|p1a: Corviknight|Brave Bird|p2a: Dragonite
|-damage|p2a: Dragonite|91/100
|-damage|p1a: Corviknight|3/100 brn|[from] Recoil
|
|-damage|p1a: Corviknight|0 fnt|[from] brn
|faint|p1a: Corviknight
|upkeep
|
|t:|1759045803
|switch|p1a: Iron Valiant|Iron Valiant|100/100
|turn|32
|
|t:|1759045814
|switch|p2a: Slowking|Slowking-Galar, M, tera:Water|83/100
|move|p1a: Iron Valiant|Moonblast|p2a: Slowking
|-damage|p2a: Slowking|72/100
|-damage|p1a: Iron Valiant|91/100|[from] item: Life Orb
|
|upkeep
|turn|33
|
|t:|1759045828
|move|p1a: Iron Valiant|Close Combat|p2a: Slowking
|-damage|p2a: Slowking|0 fnt
|-unboost|p1a: Iron Valiant|def|1
|-unboost|p1a: Iron Valiant|spd|1
|faint|p2a: Slowking
|-damage|p1a: Iron Valiant|81/100|[from] item: Life Orb
|
|-sideend|p2: ViaVeritas|move: Light Screen
|upkeep
|
|t:|1759045840
|switch|p2a: Iron Valiant|Iron Valiant, shiny|100/100
|-enditem|p2a: Iron Valiant|Booster Energy
|-activate|p2a: Iron Valiant|ability: Quark Drive|[fromitem]
|-start|p2a: Iron Valiant|quarkdrivespe
|turn|34
|
|t:|1759045846
|-end|p1a: Iron Valiant|Quark Drive|[silent]
|switch|p1a: Alomomola|Alomomola, M|70/100
|move|p2a: Iron Valiant|Moonblast|p1a: Alomomola
|-damage|p1a: Alomomola|14/100
|
|upkeep
|turn|35
|
|t:|1759045857
|switch|p1a: Heatran|Heatran, F|44/100 par
|move|p2a: Iron Valiant|Thunderbolt|p1a: Heatran
|-damage|p1a: Heatran|27/100 par
|
|-heal|p1a: Heatran|33/100 par|[from] item: Leftovers
|upkeep
|turn|36
|
|t:|1759045865
|move|p2a: Iron Valiant|Moonblast|p1a: Heatran
|-resisted|p1a: Heatran
|-damage|p1a: Heatran|25/100 par
|-unboost|p1a: Heatran|spa|1
|move|p1a: Heatran|Magma Storm|p2a: Iron Valiant
|-damage|p2a: Iron Valiant|50/100
|-activate|p2a: Iron Valiant|move: Magma Storm|[of] p1a: Heatran
|
|-heal|p1a: Heatran|31/100 par|[from] item: Leftovers
|-damage|p2a: Iron Valiant|38/100|[from] move: Magma Storm|[partiallytrapped]
|upkeep
|turn|37
|
|t:|1759045875
|move|p2a: Iron Valiant|Thunderbolt|p1a: Heatran
|-damage|p1a: Heatran|14/100 par
|move|p1a: Heatran|Magma Storm|p2a: Iron Valiant
|-damage|p2a: Iron Valiant|0 fnt
|faint|p2a: Iron Valiant
|-end|p2a: Iron Valiant|Quark Drive|[silent]
|
|-heal|p1a: Heatran|20/100 par|[from] item: Leftovers
|upkeep
|
|t:|1759045883
|switch|p2a: Grimmsnarl|Grimmsnarl, M, shiny|5/100
|turn|38
|
|t:|1759045886
|move|p2a: Grimmsnarl|Light Screen|p2a: Grimmsnarl
|-sidestart|p2: ViaVeritas|move: Light Screen
|move|p1a: Heatran|Magma Storm|p2a: Grimmsnarl|[miss]
|-miss|p1a: Heatran|p2a: Grimmsnarl
|
|-heal|p1a: Heatran|26/100 par|[from] item: Leftovers
|upkeep
|turn|39
|
|t:|1759045893
|move|p2a: Grimmsnarl|Reflect|p2a: Grimmsnarl
|-sidestart|p2: ViaVeritas|Reflect
|cant|p1a: Heatran|par
|
|-heal|p1a: Heatran|32/100 par|[from] item: Leftovers
|upkeep
|turn|40
|
|t:|1759045898
|move|p2a: Grimmsnarl|Parting Shot|p1a: Heatran
|-unboost|p1a: Heatran|atk|1
|-unboost|p1a: Heatran|spa|1
|
|t:|1759045902
|switch|p2a: Dragonite|Dragonite, F|91/100|[from] Parting Shot
|move|p1a: Heatran|Magma Storm|p2a: Dragonite|[miss]
|-miss|p1a: Heatran|p2a: Dragonite
|
|-heal|p1a: Heatran|39/100 par|[from] item: Leftovers
|upkeep
|turn|41
|
|t:|1759045912
|move|p2a: Dragonite|Dragon Dance|p2a: Dragonite
|-boost|p2a: Dragonite|atk|1
|-boost|p2a: Dragonite|spe|1
|move|p1a: Heatran|Taunt|p2a: Dragonite
|-start|p2a: Dragonite|move: Taunt
|
|-heal|p1a: Heatran|45/100 par|[from] item: Leftovers
|upkeep
|turn|42
|
|t:|1759045919
|switch|p1a: Iron Valiant|Iron Valiant|81/100
|move|p2a: Dragonite|Earthquake|p1a: Iron Valiant
|-damage|p1a: Iron Valiant|9/100
|
|upkeep
|turn|43
|
|t:|1759045935
|move|p2a: Dragonite|Earthquake|p1a: Iron Valiant
|-crit|p1a: Iron Valiant
|-damage|p1a: Iron Valiant|0 fnt
|faint|p1a: Iron Valiant
|-end|p1a: Iron Valiant|Quark Drive|[silent]
|
|upkeep
|
|t:|1759045940
|switch|p1a: Slowking|Slowking-Galar, F|41/100
|turn|44
|
|t:|1759045951
|switch|p1a: Alomomola|Alomomola, M|47/100
|move|p2a: Dragonite|Earthquake|p1a: Alomomola
|-damage|p1a: Alomomola|17/100
|
|-end|p2a: Dragonite|move: Taunt
|upkeep
|turn|45
|
|t:|1759045961
|move|p2a: Dragonite|Dragon Dance|p2a: Dragonite
|-boost|p2a: Dragonite|atk|1
|-boost|p2a: Dragonite|spe|1
|move|p1a: Alomomola|Wish|p1a: Alomomola
|
|-sideend|p2: ViaVeritas|move: Light Screen
|upkeep
|turn|46
|
|t:|1759045976
|switch|p1a: Slowking|Slowking-Galar, F|41/100
|move|p2a: Dragonite|Dragon Dance|p2a: Dragonite
|-boost|p2a: Dragonite|atk|1
|-boost|p2a: Dragonite|spe|1
|
|-heal|p1a: Slowking|100/100|[from] move: Wish|[wisher] Alomomola
|-sideend|p2: ViaVeritas|Reflect
|upkeep
|turn|47
|
|t:|1759045987
|-terastallize|p1a: Slowking|Poison
|move|p2a: Dragonite|Earthquake|p1a: Slowking
|-supereffective|p1a: Slowking
|-damage|p1a: Slowking|0 fnt
|faint|p1a: Slowking
|
|upkeep
|-message|cchang21 forfeited.
|
|win|ViaVeritas
|raw|cchang21's rating: 1310 &rarr; <strong>1284</strong><br />(-26 for losing)
|raw|ViaVeritas's rating: 1194 &rarr; <strong>1227</strong><br />(+33 for winning)
|l|☆cchang21
|player|p1|
