|badge|p1|bronze|gen9ou|100-6
|html|<div class="broadcast-red"><strong>This battle is required to be public due to one or more player having a season medal.</strong><br />During the public phase, you can discuss the state of the ladder <a href="/seasondiscussion">in a special chatroom.</a></div>
|uhtml|medal-msg|<div class="broadcast-blue">Curious what those medals under the avatar are? PS now has Ladder Seasons! For more information, check out the <a href="https://www.smogon.com/forums/threads/3740067/">thread on Smogon.</a></div>
|raw|<div class="broadcast-blue"><strong>This battle is required to be public due to a player having a name starting with 'medal'.</div>
|j|☆mcribs
|j|☆ADM02
|t:|1759065566
|gametype|singles
|player|p1|mcribs|101|1757
|player|p2|ADM02|1|1787
|gen|9
|tier|[Gen 9] OU
|rated|
|rule|HP Percentage Mod: HP is shown in percentages
|rule|Endless Battle Clause: Forcing endless battles is banned
|rule|Species Clause: Limit one of each Pokémon
|rule|OHKO Clause: OHKO moves are banned
|rule|Evasion Items Clause: Evasion items are banned
|rule|Evasion Moves Clause: Evasion moves are banned
|rule|Evasion Abilities Clause: Evasion abilities are banned
|rule|Sleep Moves Clause: Sleep-inducing moves are banned
|clearpoke
|poke|p1|Samurott-Hisui, F|
|poke|p1|Raging Bolt|
|poke|p1|Tornadus-Therian, M|
|poke|p1|Iron Valiant|
|poke|p1|Iron Treads|
|poke|p1|Gholdengo|
|poke|p2|Cinderace, M|
|poke|p2|Clefable, F|
|poke|p2|Salamence, M|
|poke|p2|Dragonite, F|
|poke|p2|Hoopa-Unbound|
|poke|p2|Clodsire, M|
|teampreview
|inactive|Battle timer is ON: inactive players will automatically lose when time's up. (requested by mcribs)
|
|t:|1759065579
|teamsize|p1|6
|teamsize|p2|6
|start
|switch|p1a: Tornadus|Tornadus-Therian, M|100/100
|switch|p2a: Clodsire|Clodsire, M|100/100
|turn|1
|
|t:|1759065589
|switch|p1a: Iron Treads|Iron Treads|100/100
|move|p2a: Clodsire|Toxic|p1a: Iron Treads
|-immune|p1a: Iron Treads
|
|upkeep
|turn|2
|
|t:|1759065596
|move|p1a: Iron Treads|Stealth Rock|p2a: Clodsire
|-sidestart|p2: ADM02|move: Stealth Rock
|move|p2a: Clodsire|Earthquake|p1a: Iron Treads
|-supereffective|p1a: Iron Treads
|-damage|p1a: Iron Treads|55/100
|
|-heal|p1a: Iron Treads|61/100|[from] item: Leftovers
|upkeep
|turn|3
|
|t:|1759065604
|move|p1a: Iron Treads|Ice Spinner|p2a: Clodsire
|-supereffective|p2a: Clodsire
|-damage|p2a: Clodsire|73/100
|-damage|p1a: Iron Treads|44/100|[from] item: Rocky Helmet|[of] p2a: Clodsire
|move|p2a: Clodsire|Earthquake|p1a: Iron Treads
|-supereffective|p1a: Iron Treads
|-damage|p1a: Iron Treads|0 fnt
|faint|p1a: Iron Treads
|-end|p1a: Iron Treads|Quark Drive|[silent]
|
|upkeep
|
|t:|1759065610
|switch|p1a: Tornadus|Tornadus-Therian, M|100/100
|turn|4
|
|t:|1759065613
|-terastallize|p1a: Tornadus|Steel
|move|p1a: Tornadus|Nasty Plot|p1a: Tornadus
|-boost|p1a: Tornadus|spa|2
|move|p2a: Clodsire|Toxic|p1a: Tornadus
|-immune|p1a: Tornadus
|
|upkeep
|turn|5
|
|t:|1759065631
|move|p1a: Tornadus|Bleakwind Storm|p2a: Clodsire
|-damage|p2a: Clodsire|17/100
|-unboost|p2a: Clodsire|spe|1
|move|p2a: Clodsire|Earthquake|p1a: Tornadus
|-supereffective|p1a: Tornadus
|-damage|p1a: Tornadus|37/100
|
|upkeep
|turn|6
|j| amimec
|
|t:|1759065647
|move|p1a: Tornadus|Heat Wave|p2a: Clodsire
|-damage|p2a: Clodsire|0 fnt
|faint|p2a: Clodsire
|
|upkeep
|
|t:|1759065648
|switch|p2a: Hoopa|Hoopa-Unbound|100/100
|-damage|p2a: Hoopa|88/100|[from] Stealth Rock
|turn|7
|
|t:|1759065656
|move|p1a: Tornadus|Knock Off|p2a: Hoopa
|-damage|p2a: Hoopa|56/100
|-enditem|p2a: Hoopa|Assault Vest|[from] move: Knock Off|[of] p1a: Tornadus
|move|p2a: Hoopa|Knock Off|p1a: Tornadus
|-damage|p1a: Tornadus|0 fnt
|-enditem|p1a: Tornadus|Heavy-Duty Boots|[from] move: Knock Off|[of] p2a: Hoopa
|faint|p1a: Tornadus
|
|upkeep
|
|t:|1759065659
|switch|p1a: Iron Valiant|Iron Valiant|100/100
|turn|8
|
|t:|1759065668
|switch|p2a: Cinderace|Cinderace, M|100/100
|move|p1a: Iron Valiant|Moonblast|p2a: Cinderace
|-resisted|p2a: Cinderace
|-damage|p2a: Cinderace|55/100
|
|upkeep
|turn|9
|
|t:|1759065674
|-end|p1a: Iron Valiant|Quark Drive|[silent]
|switch|p1a: Raging Bolt|Raging Bolt|100/100
|move|p2a: Cinderace|Court Change|p2a: Cinderace
|-swapsideconditions
|-activate|p2a: Cinderace|move: Court Change
|
|upkeep
|turn|10
|j| Nikator98
|
|t:|1759065688
|switch|p2a: Salamence|Salamence, M|100/100
|-ability|p2a: Salamence|Intimidate|boost
|-unboost|p1a: Raging Bolt|atk|1
|move|p1a: Raging Bolt|Thunderbolt|p2a: Salamence
|-damage|p2a: Salamence|43/100
|
|upkeep
|turn|11
|
|t:|1759065698
|move|p2a: Salamence|Roost|p2a: Salamence
|-heal|p2a: Salamence|93/100
|-singleturn|p2a: Salamence|move: Roost
|move|p1a: Raging Bolt|Thunderbolt|p2a: Salamence
|-resisted|p2a: Salamence
|-damage|p2a: Salamence|63/100
|
|upkeep
|turn|12
|
|t:|1759065708
|move|p1a: Raging Bolt|Draco Meteor|p2a: Salamence
|-supereffective|p2a: Salamence
|-damage|p2a: Salamence|0 fnt
|-unboost|p1a: Raging Bolt|spa|2
|faint|p2a: Salamence
|
|upkeep
|
|t:|1759065721
|switch|p2a: Clefable|Clefable, F|100/100
|turn|13
|
|t:|1759065729
|move|p1a: Raging Bolt|Volt Switch|p2a: Clefable
|-damage|p2a: Clefable|79/100
|j| tiochicodobos
|
|t:|1759065730
|-end|p1a: Raging Bolt|Protosynthesis|[silent]
|switch|p1a: Gholdengo|Gholdengo|100/100|[from] Volt Switch
|-damage|p1a: Gholdengo|94/100|[from] Stealth Rock
|-item|p1a: Gholdengo|Air Balloon
|move|p2a: Clefable|Moonblast|p1a: Gholdengo
|-resisted|p1a: Gholdengo
|-damage|p1a: Gholdengo|80/100
|-enditem|p1a: Gholdengo|Air Balloon
|
|-heal|p2a: Clefable|85/100|[from] item: Leftovers
|upkeep
|turn|14
|
|t:|1759065738
|switch|p2a: Hoopa|Hoopa-Unbound|56/100
|move|p1a: Gholdengo|Thunder Wave|p2a: Hoopa
|-status|p2a: Hoopa|par
|
|upkeep
|turn|15
|
|t:|1759065747
|move|p1a: Gholdengo|Hex|p2a: Hoopa
|-damage|p2a: Hoopa|20/100 par
|move|p2a: Hoopa|Knock Off|p1a: Gholdengo
|-supereffective|p1a: Gholdengo
|-damage|p1a: Gholdengo|35/100
|
|upkeep
|turn|16
|
|t:|1759065755
|move|p1a: Gholdengo|Recover|p1a: Gholdengo
|-heal|p1a: Gholdengo|85/100
|cant|p2a: Hoopa|par
|
|upkeep
|turn|17
|
|t:|1759065778
|move|p1a: Gholdengo|Hex|p2a: Hoopa
|-damage|p2a: Hoopa|0 fnt
|faint|p2a: Hoopa
|
|upkeep
|inactive|ADM02 has 120 seconds left.
|
|t:|1759065810
|switch|p2a: Cinderace|Cinderace, M|55/100
|turn|18
|
|t:|1759065813
|switch|p1a: Raging Bolt|Raging Bolt|100/100
|-damage|p1a: Raging Bolt|88/100|[from] Stealth Rock
|-terastallize|p2a: Cinderace|Fire
|move|p2a: Cinderace|Pyro Ball|p1a: Raging Bolt
|-resisted|p1a: Raging Bolt
|-damage|p1a: Raging Bolt|53/100
|-status|p1a: Raging Bolt|brn
|
|-heal|p1a: Raging Bolt|59/100 brn|[from] item: Leftovers
|-damage|p1a: Raging Bolt|53/100 brn|[from] brn
|upkeep
|turn|19
|inactive|ADM02 has 120 seconds left.
|
|t:|1759065849
|move|p2a: Cinderace|Pyro Ball|p1a: Raging Bolt
|-resisted|p1a: Raging Bolt
|-damage|p1a: Raging Bolt|21/100 brn
|move|p1a: Raging Bolt|Thunderbolt|p2a: Cinderace
|-damage|p2a: Cinderace|0 fnt
|faint|p2a: Cinderace
|
|-heal|p1a: Raging Bolt|27/100 brn|[from] item: Leftovers
|-damage|p1a: Raging Bolt|21/100 brn|[from] brn
|upkeep
|
|t:|1759065855
|switch|p2a: Dragonite|Dragonite, F|100/100
|turn|20
|
|t:|1759065860
|move|p2a: Dragonite|Extreme Speed|p1a: Raging Bolt
|-damage|p1a: Raging Bolt|0 fnt
|faint|p1a: Raging Bolt
|-end|p1a: Raging Bolt|Protosynthesis|[silent]
|
|upkeep
|
|t:|1759065862
|switch|p1a: Gholdengo|Gholdengo|85/100
|-damage|p1a: Gholdengo|79/100|[from] Stealth Rock
|turn|21
|inactive|ADM02 has 120 seconds left.
|
|t:|1759065873
|move|p2a: Dragonite|Earthquake|p1a: Gholdengo
|-supereffective|p1a: Gholdengo
|-damage|p1a: Gholdengo|19/100
|move|p1a: Gholdengo|Thunder Wave|p2a: Dragonite
|-status|p2a: Dragonite|par
|
|upkeep
|turn|22
|
|t:|1759065878
|move|p1a: Gholdengo|Hex|p2a: Dragonite
|-damage|p2a: Dragonite|70/100 par
|move|p2a: Dragonite|Dragon Dance|p2a: Dragonite
|-boost|p2a: Dragonite|atk|1
|-boost|p2a: Dragonite|spe|1
|
|upkeep
|turn|23
|
|t:|1759065883
|move|p1a: Gholdengo|Make It Rain|p2a: Dragonite
|-damage|p2a: Dragonite|12/100 par
|-unboost|p1a: Gholdengo|spa|1
|cant|p2a: Dragonite|par
|
|upkeep
|turn|24
|
|t:|1759065890
|move|p1a: Gholdengo|Hex|p2a: Dragonite
|-damage|p2a: Dragonite|0 fnt
|faint|p2a: Dragonite
|
|upkeep
|
|t:|1759065891
|switch|p2a: Clefable|Clefable, F|85/100
|turn|25
|
|t:|1759065897
|move|p2a: Clefable|Protect|p2a: Clefable
|-singleturn|p2a: Clefable|Protect
|move|p1a: Gholdengo|Thunder Wave|p2a: Clefable
|-activate|p2a: Clefable|move: Protect
|
|-heal|p2a: Clefable|91/100|[from] item: Leftovers
|upkeep
|turn|26
|
|t:|1759065902
|move|p1a: Gholdengo|Thunder Wave|p2a: Clefable
|-status|p2a: Clefable|par
|move|p2a: Clefable|Wish|p2a: Clefable
|
|-heal|p2a: Clefable|97/100 par|[from] item: Leftovers
|upkeep
|turn|27
|l| Nikator98
|
|t:|1759065928
|move|p1a: Gholdengo|Make It Rain|p2a: Clefable
|-supereffective|p2a: Clefable
|-damage|p2a: Clefable|26/100 par
|-unboost|p1a: Gholdengo|spa|1
|cant|p2a: Clefable|par
|
|-heal|p2a: Clefable|76/100 par|[from] move: Wish|[wisher] Clefable
|-heal|p2a: Clefable|82/100 par|[from] item: Leftovers
|upkeep
|turn|28
|l| amimec
|
|t:|1759065941
|move|p1a: Gholdengo|Make It Rain|p2a: Clefable
|-supereffective|p2a: Clefable
|-damage|p2a: Clefable|35/100 par
|-unboost|p1a: Gholdengo|spa|1
|move|p2a: Clefable|Wish|p2a: Clefable
|
|-heal|p2a: Clefable|41/100 par|[from] item: Leftovers
|upkeep
|turn|29
|
|t:|1759065950
|move|p1a: Gholdengo|Make It Rain|p2a: Clefable
|-supereffective|p2a: Clefable
|-damage|p2a: Clefable|0 fnt
|-unboost|p1a: Gholdengo|spa|1
|faint|p2a: Clefable
|
|win|mcribs
|raw|mcribs's rating: 1730 &rarr; <strong>1753</strong><br />(+23 for winning)
|raw|ADM02's rating: 1787 &rarr; <strong>1764</strong><br />(-23 for losing)
|l|☆mcribs
|player|p1|
|l|☆ADM02
|player|p2|
