|j|☆SambucaNoMaiku
|j|☆MaliMirko
|t:|1758982460
|gametype|singles
|player|p1|SambucaNoMaiku|hilbert-wonderlauncher|1155
|player|p2|MaliMirko|102|1211
|gen|9
|tier|[Gen 9] OU
|rated|
|rule|HP Percentage Mod: HP is shown in percentages
|rule|Endless Battle Clause: Forcing endless battles is banned
|rule|Species Clause: Limit one of each Pokémon
|rule|OHKO Clause: OHKO moves are banned
|rule|Evasion Items Clause: Evasion items are banned
|rule|Evasion Moves Clause: Evasion moves are banned
|rule|Evasion Abilities Clause: Evasion abilities are banned
|rule|Sleep Moves Clause: Sleep-inducing moves are banned
|clearpoke
|poke|p1|Infernape, M|
|poke|p1|Decidueye, M|
|poke|p1|Samurott-Hisui, M|
|poke|p1|Raichu-Alola, M|
|poke|p1|Scizor, M|
|poke|p1|Garchomp, M|
|poke|p2|Rotom-Wash|
|poke|p2|Primarina, M|
|poke|p2|Gyarados, F|
|poke|p2|Kingambit, F|
|poke|p2|Iron Moth|
|poke|p2|Gliscor, F|
|teampreview
|inactive|Battle timer is ON: inactive players will automatically lose when time's up. (requested by SambucaNoMaiku)
|inactive|SambucaNoMaiku has 120 seconds left.
|inactive|SambucaNoMaiku has 90 seconds left.
|
|t:|1758982535
|teamsize|p1|6
|teamsize|p2|6
|start
|switch|p1a: INOX|Scizor, M|100/100
|switch|p2a: Rotom|Rotom-Wash|100/100
|turn|1
|
|t:|1758982544
|move|p2a: Rotom|Thunder Wave|p1a: INOX
|-status|p1a: INOX|par
|move|p1a: INOX|Knock Off|p2a: Rotom
|-damage|p2a: Rotom|64/100
|-enditem|p2a: Rotom|Leftovers|[from] move: Knock Off|[of] p1a: INOX
|
|upkeep
|turn|2
|
|t:|1758982559
|move|p2a: Rotom|Reflect|p2a: Rotom
|-sidestart|p2: MaliMirko|Reflect
|move|p1a: INOX|Bug Bite|p2a: Rotom
|-damage|p2a: Rotom|36/100
|
|upkeep
|turn|3
|
|t:|1758982569
|switch|p2a: Iron Moth|Iron Moth|100/100
|-enditem|p2a: Iron Moth|Booster Energy
|-activate|p2a: Iron Moth|ability: Quark Drive|[fromitem]
|-start|p2a: Iron Moth|quarkdrivespa
|cant|p1a: INOX|par
|
|upkeep
|turn|4
|
|t:|1758982595
|switch|p1a: rondososa|Samurott-Hisui, M|100/100
|move|p2a: Iron Moth|Dazzling Gleam|p1a: rondososa
|-supereffective|p1a: rondososa
|-damage|p1a: rondososa|0 fnt
|faint|p1a: rondososa
|
|upkeep
|c|☆MaliMirko|hehe
|inactive|SambucaNoMaiku has 120 seconds left.
|
|t:|1758982611
|switch|p1a: bombice|Garchomp, M|100/100
|turn|5
|
|t:|1758982616
|-end|p2a: Iron Moth|Quark Drive|[silent]
|switch|p2a: Gliscor|Gliscor, F|100/100
|move|p1a: bombice|Swords Dance|p1a: bombice
|-boost|p1a: bombice|atk|2
|
|-status|p2a: Gliscor|tox|[from] item: Toxic Orb
|upkeep
|turn|6
|
|t:|1758982626
|move|p1a: bombice|Dragon Claw|p2a: Gliscor
|-damage|p2a: Gliscor|52/100 tox
|move|p2a: Gliscor|Ice Fang|p1a: bombice
|-supereffective|p1a: bombice
|-damage|p1a: bombice|30/100
|-damage|p2a: Gliscor|40/100 tox|[from] ability: Rough Skin|[of] p1a: bombice
|
|-heal|p2a: Gliscor|52/100 tox|[from] ability: Poison Heal
|-sideend|p2: MaliMirko|Reflect
|upkeep
|turn|7
|
|t:|1758982652
|-terastallize|p1a: bombice|Steel
|move|p1a: bombice|Iron Head|p2a: Gliscor
|-damage|p2a: Gliscor|0 fnt
|faint|p2a: Gliscor
|
|upkeep
|
|t:|1758982660
|switch|p2a: Kingambit|Kingambit, F|100/100
|-activate|p2a: Kingambit|ability: Supreme Overlord
|-start|p2a: Kingambit|fallen1|[silent]
|turn|8
|
|t:|1758982676
|switch|p1a: metalcooler|Infernape, M|100/100
|move|p2a: Kingambit|Sucker Punch||[still]
|-fail|p2a: Kingambit
|
|upkeep
|turn|9
|
|t:|1758982693
|-end|p2a: Kingambit|fallen1|[silent]
|switch|p2a: Rotom|Rotom-Wash|36/100
|move|p1a: metalcooler|Thunder Punch|p2a: Rotom
|-damage|p2a: Rotom|0 fnt
|faint|p2a: Rotom
|-damage|p1a: metalcooler|91/100|[from] item: Life Orb
|
|upkeep
|inactive|MaliMirko has 120 seconds left.
|inactive|MaliMirko has 90 seconds left.
|
|t:|1758982748
|switch|p2a: Iron Moth|Iron Moth|100/100
|turn|10
|inactive|SambucaNoMaiku has 120 seconds left.
|
|t:|1758982782
|move|p2a: Iron Moth|Sludge Wave|p1a: metalcooler
|-damage|p1a: metalcooler|13/100
|move|p1a: metalcooler|Thunder Punch|p2a: Iron Moth
|-damage|p2a: Iron Moth|36/100
|-status|p2a: Iron Moth|par
|-damage|p1a: metalcooler|3/100|[from] item: Life Orb
|
|upkeep
|turn|11
|
|t:|1758982801
|move|p1a: metalcooler|Thunder Punch|p2a: Iron Moth
|-damage|p2a: Iron Moth|0 fnt
|faint|p2a: Iron Moth
|-end|p2a: Iron Moth|Quark Drive|[silent]
|-damage|p1a: metalcooler|0 fnt|[from] item: Life Orb
|faint|p1a: metalcooler
|
|upkeep
|inactive|SambucaNoMaiku has 90 seconds left.
|
|t:|1758982853
|switch|p2a: Gyarados|Gyarados, F|100/100
|switch|p1a: bombice|Garchomp, M, tera:Steel|30/100
|turn|12
|
|t:|1758982863
|move|p1a: bombice|Dragon Claw|p2a: Gyarados
|-damage|p2a: Gyarados|47/100
|move|p2a: Gyarados|Ice Fang|p1a: bombice
|-resisted|p1a: bombice
|-damage|p1a: bombice|19/100
|-damage|p2a: Gyarados|35/100|[from] ability: Rough Skin|[of] p1a: bombice
|
|-heal|p2a: Gyarados|41/100|[from] item: Leftovers
|upkeep
|turn|13
|c|☆MaliMirko|I lost it here
|
|t:|1758982878
|move|p1a: bombice|Iron Head|p2a: Gyarados
|-resisted|p2a: Gyarados
|-damage|p2a: Gyarados|13/100
|move|p2a: Gyarados|Earthquake|p1a: bombice
|-supereffective|p1a: bombice
|-damage|p1a: bombice|0 fnt
|faint|p1a: bombice
|-ability|p2a: Gyarados|Moxie|boost
|-boost|p2a: Gyarados|atk|1
|
|-heal|p2a: Gyarados|19/100|[from] item: Leftovers
|upkeep
|
|t:|1758982887
|switch|p1a: docodemo|Raichu-Alola, M|100/100
|turn|14
|
|t:|1758982898
|move|p1a: docodemo|Thunderbolt|p2a: Gyarados
|-supereffective|p2a: Gyarados
|-damage|p2a: Gyarados|0 fnt
|faint|p2a: Gyarados
|
|upkeep
|
|t:|1758982903
|switch|p2a: Kingambit|Kingambit, F|100/100
|-activate|p2a: Kingambit|ability: Supreme Overlord
|-start|p2a: Kingambit|fallen4|[silent]
|turn|15
|
|t:|1758982909
|move|p1a: docodemo|Thunder Wave|p2a: Kingambit
|-status|p2a: Kingambit|par
|move|p2a: Kingambit|Iron Head|p1a: docodemo
|-resisted|p1a: docodemo
|-damage|p1a: docodemo|31/100
|
|upkeep
|turn|16
|inactive|SambucaNoMaiku has 90 seconds left.
|
|t:|1758982932
|move|p1a: docodemo|Calm Mind|p1a: docodemo
|-boost|p1a: docodemo|spa|1
|-boost|p1a: docodemo|spd|1
|move|p2a: Kingambit|Iron Head|p1a: docodemo
|-resisted|p1a: docodemo
|-damage|p1a: docodemo|0 fnt
|faint|p1a: docodemo
|
|upkeep
|
|t:|1758982947
|switch|p1a: INOX|Scizor, M|100/100 par
|turn|17
|
|t:|1758982957
|move|p2a: Kingambit|Iron Head|p1a: INOX
|-resisted|p1a: INOX
|-damage|p1a: INOX|69/100 par
|move|p1a: INOX|Swords Dance|p1a: INOX
|-boost|p1a: INOX|atk|2
|
|upkeep
|turn|18
|
|t:|1758982969
|move|p2a: Kingambit|Iron Head|p1a: INOX
|-resisted|p1a: INOX
|-damage|p1a: INOX|33/100 par
|move|p1a: INOX|Bug Bite|p2a: Kingambit
|-damage|p2a: Kingambit|14/100 par
|
|-heal|p2a: Kingambit|20/100 par|[from] item: Leftovers
|upkeep
|turn|19
|
|t:|1758982984
|move|p1a: INOX|Bullet Punch|p2a: Kingambit
|-resisted|p2a: Kingambit
|-damage|p2a: Kingambit|0 fnt
|faint|p2a: Kingambit
|-end|p2a: Kingambit|fallen4|[silent]
|
|upkeep
|
|t:|1758982987
|switch|p2a: Primarina|Primarina, M|100/100
|turn|20
|
|t:|1758982997
|-terastallize|p2a: Primarina|Water
|move|p1a: INOX|Bullet Punch|p2a: Primarina
|-resisted|p2a: Primarina
|-damage|p2a: Primarina|49/100
|move|p2a: Primarina|Surf|p1a: INOX
|-damage|p1a: INOX|0 fnt
|faint|p1a: INOX
|
|-heal|p2a: Primarina|55/100|[from] item: Leftovers
|upkeep
|
|t:|1758983004
|switch|p1a: mr.fava|Decidueye, M, shiny|100/100
|turn|21
|inactive|SambucaNoMaiku has 90 seconds left.
|
|t:|1758983011
|move|p1a: mr.fava|Leaf Blade|p2a: Primarina
|-supereffective|p2a: Primarina
|-damage|p2a: Primarina|0 fnt
|faint|p2a: Primarina
|
|win|SambucaNoMaiku
|raw|SambucaNoMaiku's rating: 1155 &rarr; <strong>1186</strong><br />(+31 for winning)
|raw|MaliMirko's rating: 1240 &rarr; <strong>1209</strong><br />(-31 for losing)
|c|☆MaliMirko|gg
|l|☆MaliMirko
|player|p2|
|c|☆SambucaNoMaiku|gg
|l|☆SambucaNoMaiku
|player|p1|
