|j|☆davonj80
|j|☆galladeyaoi
|t:|1759063825
|gametype|singles
|player|p1|davonj80|169|1393
|player|p2|galladeyaoi|pokefanf-gen2|1424
|gen|9
|tier|[Gen 9] OU
|rated|
|rule|HP Percentage Mod: HP is shown in percentages
|rule|Endless Battle Clause: Forcing endless battles is banned
|rule|Species Clause: Limit one of each Pokémon
|rule|OHKO Clause: OHKO moves are banned
|rule|Evasion Items Clause: Evasion items are banned
|rule|Evasion Moves Clause: Evasion moves are banned
|rule|Evasion Abilities Clause: Evasion abilities are banned
|rule|Sleep Moves Clause: Sleep-inducing moves are banned
|clearpoke
|poke|p1|Great Tusk|
|poke|p1|Heatran, M|
|poke|p1|Weavile, M|
|poke|p1|Primarina, M|
|poke|p1|Ogerpon, F|
|poke|p1|Pecharunt|
|poke|p2|Yanmega, F|
|poke|p2|Weezing-Galar, M|
|poke|p2|Hoopa-Unbound|
|poke|p2|Muk-Alola, M|
|poke|p2|Garchomp, M|
|poke|p2|Quagsire, F|
|teampreview
|inactive|Battle timer is ON: inactive players will automatically lose when time's up. (requested by galladeyaoi)
|
|t:|1759063837
|teamsize|p1|6
|teamsize|p2|6
|start
|switch|p1a: Bandit|Weavile, M, shiny|100/100
|switch|p2a: Yanmega|Yanmega, F|100/100
|-ability|p1a: Bandit|Pressure
|turn|1
|
|t:|1759063846
|switch|p2a: Quagsire|Quagsire, F|100/100
|move|p1a: Bandit|Triple Axel|p2a: Quagsire
|-damage|p2a: Quagsire|90/100
|-damage|p1a: Bandit|84/100|[from] item: Rocky Helmet|[of] p2a: Quagsire
|-damage|p2a: Quagsire|69/100
|-damage|p1a: Bandit|68/100|[from] item: Rocky Helmet|[of] p2a: Quagsire
|-damage|p2a: Quagsire|39/100
|-damage|p1a: Bandit|51/100|[from] item: Rocky Helmet|[of] p2a: Quagsire
|-hitcount|p2a: Quagsire|3
|
|upkeep
|turn|2
|
|t:|1759063861
|switch|p1a: Celestine|Primarina, M, shiny|100/100
|move|p2a: Quagsire|Recover|p2a: Quagsire
|-heal|p2a: Quagsire|89/100
|
|upkeep
|turn|3
|
|t:|1759063867
|switch|p2a: Muk|Muk-Alola, M|100/100
|move|p1a: Celestine|Whirlpool|p2a: Muk
|-damage|p2a: Muk|92/100
|-activate|p2a: Muk|move: Whirlpool|[of] p1a: Celestine
|
|-damage|p2a: Muk|80/100|[from] move: Whirlpool|[partiallytrapped]
|upkeep
|turn|4
|
|t:|1759063875
|move|p1a: Celestine|Flip Turn|p2a: Muk
|-damage|p2a: Muk|63/100
|
|t:|1759063877
|switch|p1a: Chaos|Heatran, M, shiny|100/100|[from] Flip Turn
|-item|p1a: Chaos|Air Balloon
|move|p2a: Muk|Knock Off|p1a: Chaos
|-damage|p1a: Chaos|67/100
|-enditem|p1a: Chaos|Air Balloon
|
|-end|p2a: Muk|Whirlpool|[partiallytrapped]|[silent]
|upkeep
|turn|5
|
|t:|1759063886
|move|p1a: Chaos|Stealth Rock|p2a: Muk
|-sidestart|p2: galladeyaoi|move: Stealth Rock
|move|p2a: Muk|Drain Punch|p1a: Chaos
|-supereffective|p1a: Chaos
|-damage|p1a: Chaos|31/100
|-heal|p2a: Muk|77/100|[from] drain|[of] p1a: Chaos
|
|upkeep
|turn|6
|
|t:|1759063895
|move|p1a: Chaos|Earth Power|p2a: Muk
|-supereffective|p2a: Muk
|-damage|p2a: Muk|54/100
|-unboost|p2a: Muk|spd|1
|move|p2a: Muk|Knock Off|p1a: Chaos
|-damage|p1a: Chaos|9/100
|
|upkeep
|turn|7
|
|t:|1759063903
|switch|p1a: Behemoth|Great Tusk, shiny|100/100
|move|p2a: Muk|Drain Punch|p1a: Behemoth
|-damage|p1a: Behemoth|89/100
|-heal|p2a: Muk|59/100|[from] drain|[of] p1a: Behemoth
|-status|p1a: Behemoth|psn|[from] ability: Poison Touch|[of] p2a: Muk
|
|-damage|p1a: Behemoth|77/100 psn|[from] psn
|upkeep
|turn|8
|
|t:|1759063917
|switch|p2a: Yanmega|Yanmega, F|100/100
|-damage|p2a: Yanmega|51/100|[from] Stealth Rock
|move|p1a: Behemoth|Close Combat|p2a: Yanmega
|-resisted|p2a: Yanmega
|-damage|p2a: Yanmega|33/100
|-unboost|p1a: Behemoth|def|1
|-unboost|p1a: Behemoth|spd|1
|
|-damage|p1a: Behemoth|64/100 psn|[from] psn
|upkeep
|turn|9
|
|t:|1759063936
|-end|p1a: Behemoth|Protosynthesis|[silent]
|switch|p1a: Chaos|Heatran, M, shiny|9/100
|move|p2a: Yanmega|Air Slash|p1a: Chaos
|-resisted|p1a: Chaos
|-damage|p1a: Chaos|0 fnt
|faint|p1a: Chaos
|
|-ability|p2a: Yanmega|Speed Boost|boost
|-boost|p2a: Yanmega|spe|1
|upkeep
|
|t:|1759063942
|switch|p1a: Celestine|Primarina, M, shiny|100/100
|turn|10
|
|t:|1759063953
|switch|p2a: Weezing|Weezing-Galar, M|100/100
|-ability|p2a: Weezing|Neutralizing Gas
|-damage|p2a: Weezing|88/100|[from] Stealth Rock
|move|p1a: Celestine|Flip Turn|p2a: Weezing
|-damage|p2a: Weezing|78/100
|
|t:|1759063963
|switch|p1a: Overseer|Pecharunt|100/100|[from] Flip Turn
|
|-heal|p2a: Weezing|84/100|[from] item: Leftovers
|upkeep
|turn|11
|
|t:|1759063970
|move|p1a: Overseer|Malignant Chain|p2a: Weezing
|-damage|p2a: Weezing|40/100
|move|p2a: Weezing|Defog|p1a: Overseer
|-unboost|p1a: Overseer|evasion|1
|-sideend|p2: galladeyaoi|Stealth Rock|[from] move: Defog|[of] p2a: Weezing
|
|-heal|p2a: Weezing|46/100|[from] item: Leftovers
|upkeep
|turn|12
|
|t:|1759063979
|-end|p2a: Weezing|ability: Neutralizing Gas
|switch|p2a: Muk|Muk-Alola, M|59/100
|move|p1a: Overseer|Parting Shot|p2a: Muk
|-unboost|p2a: Muk|atk|1
|-unboost|p2a: Muk|spa|1
|
|t:|1759063998
|switch|p1a: Behemoth|Great Tusk, shiny|64/100 psn|[from] Parting Shot
|
|-damage|p1a: Behemoth|52/100 psn|[from] psn
|upkeep
|turn|13
|
|t:|1759064012
|switch|p2a: Garchomp|Garchomp, M|100/100
|move|p1a: Behemoth|Close Combat|p2a: Garchomp
|-damage|p2a: Garchomp|60/100
|-unboost|p1a: Behemoth|def|1
|-unboost|p1a: Behemoth|spd|1
|-damage|p1a: Behemoth|40/100 psn|[from] ability: Rough Skin|[of] p2a: Garchomp
|-damage|p1a: Behemoth|23/100 psn|[from] item: Rocky Helmet|[of] p2a: Garchomp
|
|-damage|p1a: Behemoth|11/100 psn|[from] psn
|upkeep
|turn|14
|
|t:|1759064024
|switch|p2a: Weezing|Weezing-Galar, M|46/100
|-ability|p2a: Weezing|Neutralizing Gas
|move|p1a: Behemoth|Ice Spinner|p2a: Weezing
|-damage|p2a: Weezing|28/100
|
|-heal|p2a: Weezing|34/100|[from] item: Leftovers
|-damage|p1a: Behemoth|0 fnt|[from] psn
|faint|p1a: Behemoth
|-end|p1a: Behemoth|Protosynthesis|[silent]
|upkeep
|
|t:|1759064032
|switch|p1a: Bandit|Weavile, M, shiny|51/100
|turn|15
|
|t:|1759064040
|-terastallize|p1a: Bandit|Ice
|move|p1a: Bandit|Triple Axel|p2a: Weezing
|-damage|p2a: Weezing|21/100
|-damage|p2a: Weezing|0 fnt
|faint|p2a: Weezing
|-end|p2a: Weezing|ability: Neutralizing Gas
|-ability|p1a: Bandit|Pressure
|-hitcount|p2: Weezing|2
|
|upkeep
|
|t:|1759064050
|switch|p2a: Quagsire|Quagsire, F|89/100
|turn|16
|
|t:|1759064053
|switch|p1a: Celestine|Primarina, M, shiny|100/100
|move|p2a: Quagsire|Stealth Rock|p1a: Celestine
|-sidestart|p1: davonj80|move: Stealth Rock
|
|upkeep
|turn|17
|
|t:|1759064059
|move|p1a: Celestine|Whirlpool|p2a: Quagsire
|-heal|p2a: Quagsire|100/100|[from] ability: Water Absorb|[of] p1a: Celestine
|move|p2a: Quagsire|Toxic|p1a: Celestine
|-status|p1a: Celestine|tox
|
|-damage|p1a: Celestine|94/100 tox|[from] psn
|upkeep
|turn|18
|
|t:|1759064068
|switch|p1a: Overseer|Pecharunt|100/100
|-damage|p1a: Overseer|88/100|[from] Stealth Rock
|switch|p2a: Muk|Muk-Alola, M|59/100
|
|upkeep
|turn|19
|
|t:|1759064077
|move|p1a: Overseer|Parting Shot|p2a: Muk
|-unboost|p2a: Muk|atk|1
|-unboost|p2a: Muk|spa|1
|
|t:|1759064079
|switch|p1a: Celestine|Primarina, M, shiny|94/100 tox|[from] Parting Shot
|-damage|p1a: Celestine|82/100 tox|[from] Stealth Rock
|move|p2a: Muk|Knock Off|p1a: Celestine
|-resisted|p1a: Celestine
|-damage|p1a: Celestine|70/100 tox
|-enditem|p1a: Celestine|Assault Vest|[from] move: Knock Off|[of] p2a: Muk
|
|-damage|p1a: Celestine|64/100 tox|[from] psn
|upkeep
|turn|20
|
|t:|1759064090
|move|p1a: Celestine|Psychic Noise|p2a: Muk
|-damage|p2a: Muk|42/100
|-start|p2a: Muk|move: Heal Block
|move|p2a: Muk|Poison Jab|p1a: Celestine
|-supereffective|p1a: Celestine
|-damage|p1a: Celestine|19/100 tox
|
|-damage|p1a: Celestine|7/100 tox|[from] psn
|upkeep
|turn|21
|
|t:|1759064100
|move|p1a: Celestine|Whirlpool|p2a: Muk
|-damage|p2a: Muk|34/100
|-activate|p2a: Muk|move: Whirlpool|[of] p1a: Celestine
|move|p2a: Muk|Poison Jab|p1a: Celestine
|-supereffective|p1a: Celestine
|-damage|p1a: Celestine|0 fnt
|faint|p1a: Celestine
|
|-end|p2a: Muk|Whirlpool|[partiallytrapped]|[silent]
|-end|p2a: Muk|move: Heal Block
|upkeep
|
|t:|1759064106
|switch|p1a: Bandit|Weavile, M, shiny, tera:Ice|51/100
|-damage|p1a: Bandit|26/100|[from] Stealth Rock
|-ability|p1a: Bandit|Pressure
|turn|22
|
|t:|1759064115
|move|p1a: Bandit|Triple Axel|p2a: Muk
|-damage|p2a: Muk|12/100
|-damage|p2a: Muk|0 fnt
|faint|p2a: Muk
|-hitcount|p2: Muk|2
|
|upkeep
|
|t:|1759064131
|switch|p2a: Quagsire|Quagsire, F|100/100
|turn|23
|
|t:|1759064136
|switch|p1a: Overseer|Pecharunt|88/100
|-damage|p1a: Overseer|76/100|[from] Stealth Rock
|-terastallize|p2a: Quagsire|Poison
|move|p2a: Quagsire|Recover||[still]
|-fail|p2a: Quagsire|heal
|
|upkeep
|turn|24
|
|t:|1759064146
|move|p1a: Overseer|Shadow Ball|p2a: Quagsire
|-damage|p2a: Quagsire|68/100
|move|p2a: Quagsire|Earthquake|p1a: Overseer
|-supereffective|p1a: Overseer
|-damage|p1a: Overseer|48/100
|
|upkeep
|turn|25
|
|t:|1759064156
|switch|p2a: Yanmega|Yanmega, F|33/100
|move|p1a: Overseer|Recover|p1a: Overseer
|-heal|p1a: Overseer|98/100
|
|upkeep
|turn|26
|
|t:|1759064165
|move|p2a: Yanmega|Psychic Noise|p1a: Overseer
|-supereffective|p1a: Overseer
|-damage|p1a: Overseer|47/100
|-start|p1a: Overseer|move: Heal Block
|-enditem|p2a: Yanmega|Throat Spray
|-boost|p2a: Yanmega|spa|1|[from] item: Throat Spray
|move|p1a: Overseer|Parting Shot|p2a: Yanmega
|-unboost|p2a: Yanmega|atk|1
|-unboost|p2a: Yanmega|spa|1
|
|t:|1759064169
|switch|p1a: Anonymous|Ogerpon, F|100/100|[from] Parting Shot
|-damage|p1a: Anonymous|88/100|[from] Stealth Rock
|
|-ability|p2a: Yanmega|Speed Boost|boost
|-boost|p2a: Yanmega|spe|1
|upkeep
|turn|27
|-message|davonj80 forfeited.
|
|win|galladeyaoi
|raw|davonj80's rating: 1393 &rarr; <strong>1375</strong><br />(-18 for losing)
|raw|galladeyaoi's rating: 1424 &rarr; <strong>1442</strong><br />(+18 for winning)
|l|☆davonj80
|player|p1|
|l|☆galladeyaoi
|player|p2|
