|j|☆UnexpectdSets
|j|☆BlueOff
|t:|1759011006
|gametype|singles
|player|p1|UnexpectdSets|266|1306
|player|p2|BlueOff|blue|1227
|gen|9
|tier|[Gen 9] OU
|rated|
|rule|HP Percentage Mod: HP is shown in percentages
|rule|Endless Battle Clause: Forcing endless battles is banned
|rule|Species Clause: Limit one of each Pokémon
|rule|OHKO Clause: OHKO moves are banned
|rule|Evasion Items Clause: Evasion items are banned
|rule|Evasion Moves Clause: Evasion moves are banned
|rule|Evasion Abilities Clause: Evasion abilities are banned
|rule|Sleep Moves Clause: Sleep-inducing moves are banned
|clearpoke
|poke|p1|Scizor, M|
|poke|p1|Lycanroc-Dusk, M|
|poke|p1|Breloom, M|
|poke|p1|Scyther, M|
|poke|p1|Houndoom, F|
|poke|p1|Greninja-*, M|
|poke|p2|Muk-Alola, M|
|poke|p2|Rhydon, M|
|poke|p2|Exeggutor, F|
|poke|p2|Gyarados, F|
|poke|p2|Arcanine-Hisui, M|
|poke|p2|Blastoise, M|
|teampreview
|inactive|Battle timer is ON: inactive players will automatically lose when time's up. (requested by UnexpectdSets)
|
|t:|1759011022
|teamsize|p1|6
|teamsize|p2|6
|start
|switch|p1a: Breloom|Breloom, M, shiny|100/100
|switch|p2a: Rhydon|Rhydon, M|100/100
|turn|1
|
|t:|1759011030
|switch|p2a: Exeggutor|Exeggutor, F|100/100
|move|p1a: Breloom|Bullet Seed|p2a: Exeggutor
|-resisted|p2a: Exeggutor
|-damage|p2a: Exeggutor|89/100
|-resisted|p2a: Exeggutor
|-damage|p2a: Exeggutor|79/100
|-resisted|p2a: Exeggutor
|-damage|p2a: Exeggutor|68/100
|-resisted|p2a: Exeggutor
|-damage|p2a: Exeggutor|59/100
|-resisted|p2a: Exeggutor
|-damage|p2a: Exeggutor|47/100
|-hitcount|p2a: Exeggutor|5
|
|upkeep
|turn|2
|
|t:|1759011046
|switch|p1a: Houndoom|Houndoom, F|100/100
|move|p2a: Exeggutor|Trick|p1a: Houndoom
|-activate|p2a: Exeggutor|move: Trick|[of] p1a: Houndoom
|-item|p1a: Houndoom|Choice Specs|[from] move: Trick
|-item|p2a: Exeggutor|Focus Sash|[from] move: Trick
|
|upkeep
|turn|3
|
|t:|1759011066
|move|p1a: Houndoom|Overheat|p2a: Exeggutor
|-supereffective|p2a: Exeggutor
|-damage|p2a: Exeggutor|0 fnt
|-unboost|p1a: Houndoom|spa|2
|faint|p2a: Exeggutor
|
|upkeep
|
|t:|1759011077
|switch|p2a: Rhydon|Rhydon, M|100/100
|turn|4
|
|t:|1759011088
|switch|p1a: Scizor|Scizor, M|100/100
|move|p2a: Rhydon|Stealth Rock|p1a: Scizor
|-sidestart|p1: UnexpectdSets|move: Stealth Rock
|
|upkeep
|turn|5
|
|t:|1759011095
|move|p1a: Scizor|Defog|p2a: Rhydon
|-unboost|p2a: Rhydon|evasion|1
|-sideend|p1: UnexpectdSets|Stealth Rock|[from] move: Defog|[of] p1a: Scizor
|move|p2a: Rhydon|Earthquake|p1a: Scizor
|-damage|p1a: Scizor|52/100
|
|-heal|p1a: Scizor|59/100|[from] item: Leftovers
|upkeep
|turn|6
|
|t:|1759011103
|move|p1a: Scizor|Knock Off|p2a: Rhydon
|-damage|p2a: Rhydon|86/100
|-enditem|p2a: Rhydon|Eviolite|[from] move: Knock Off|[of] p1a: Scizor
|move|p2a: Rhydon|Stealth Rock|p1a: Scizor
|-sidestart|p1: UnexpectdSets|move: Stealth Rock
|
|-heal|p1a: Scizor|65/100|[from] item: Leftovers
|upkeep
|turn|7
|
|t:|1759011111
|move|p1a: Scizor|Swords Dance|p1a: Scizor
|-boost|p1a: Scizor|atk|2
|move|p2a: Rhydon|Earthquake|p1a: Scizor
|-damage|p1a: Scizor|16/100
|
|-heal|p1a: Scizor|22/100|[from] item: Leftovers
|upkeep
|turn|8
|
|t:|1759011118
|move|p1a: Scizor|Bullet Punch|p2a: Rhydon
|-supereffective|p2a: Rhydon
|-damage|p2a: Rhydon|8/100
|move|p2a: Rhydon|Earthquake|p1a: Scizor
|-damage|p1a: Scizor|0 fnt
|faint|p1a: Scizor
|
|upkeep
|
|t:|1759011125
|switch|p1a: Greninja|Greninja, M|100/100
|-damage|p1a: Greninja|88/100|[from] Stealth Rock
|turn|9
|
|t:|1759011133
|switch|p2a: Muk|Muk-Alola, M|100/100
|move|p1a: Greninja|Water Shuriken|p2a: Muk
|-damage|p2a: Muk|96/100
|-damage|p2a: Muk|92/100
|-damage|p2a: Muk|87/100
|-hitcount|p2a: Muk|3
|
|-heal|p2a: Muk|93/100|[from] item: Black Sludge
|upkeep
|turn|10
|
|t:|1759011149
|move|p1a: Greninja|Water Shuriken|p2a: Muk
|-damage|p2a: Muk|88/100
|-damage|p2a: Muk|82/100
|-damage|p2a: Muk|77/100
|-hitcount|p2a: Muk|3
|move|p2a: Muk|Gunk Shot|p1a: Greninja|[miss]
|-miss|p2a: Muk|p1a: Greninja
|
|-heal|p2a: Muk|83/100|[from] item: Black Sludge
|upkeep
|turn|11
|
|t:|1759011159
|-terastallize|p1a: Greninja|Poison
|move|p1a: Greninja|Water Shuriken|p2a: Muk
|-damage|p2a: Muk|77/100
|-damage|p2a: Muk|71/100
|-hitcount|p2a: Muk|2
|move|p2a: Muk|Gunk Shot|p1a: Greninja
|-resisted|p1a: Greninja
|-damage|p1a: Greninja|55/100
|
|-heal|p2a: Muk|77/100|[from] item: Black Sludge
|upkeep
|turn|12
|
|t:|1759011169
|move|p1a: Greninja|Water Shuriken|p2a: Muk
|-damage|p2a: Muk|70/100
|-damage|p2a: Muk|63/100
|-hitcount|p2a: Muk|2
|move|p2a: Muk|Knock Off|p1a: Greninja
|-damage|p1a: Greninja|1/100
|-enditem|p1a: Greninja|Metronome|[from] move: Knock Off|[of] p2a: Muk
|
|-heal|p2a: Muk|69/100|[from] item: Black Sludge
|upkeep
|turn|13
|
|t:|1759011178
|move|p1a: Greninja|Upper Hand||[still]
|-fail|p1a: Greninja
|move|p2a: Muk|Knock Off|p1a: Greninja
|-damage|p1a: Greninja|0 fnt
|faint|p1a: Greninja
|
|-heal|p2a: Muk|75/100|[from] item: Black Sludge
|upkeep
|
|t:|1759011189
|switch|p1a: Houndoom|Houndoom, F|100/100
|-damage|p1a: Houndoom|76/100|[from] Stealth Rock
|turn|14
|
|t:|1759011194
|switch|p2a: Rhydon|Rhydon, M|8/100
|move|p1a: Houndoom|Overheat|p2a: Rhydon
|-resisted|p2a: Rhydon
|-damage|p2a: Rhydon|0 fnt
|-unboost|p1a: Houndoom|spa|2
|faint|p2a: Rhydon
|
|upkeep
|
|t:|1759011201
|switch|p2a: Blastoise|Blastoise, M|100/100
|turn|15
|
|t:|1759011226
|move|p1a: Houndoom|Overheat|p2a: Blastoise|[miss]
|-miss|p1a: Houndoom|p2a: Blastoise
|move|p2a: Blastoise|Shell Smash|p2a: Blastoise
|-unboost|p2a: Blastoise|def|1
|-unboost|p2a: Blastoise|spd|1
|-boost|p2a: Blastoise|atk|2
|-boost|p2a: Blastoise|spa|2
|-boost|p2a: Blastoise|spe|2
|-enditem|p2a: Blastoise|White Herb
|-clearnegativeboost|p2a: Blastoise|[silent]
|
|upkeep
|turn|16
|
|t:|1759011238
|move|p2a: Blastoise|Surf|p1a: Houndoom
|-supereffective|p1a: Houndoom
|-damage|p1a: Houndoom|0 fnt
|faint|p1a: Houndoom
|
|upkeep
|
|t:|1759011242
|switch|p1a: Lycanroc|Lycanroc-Dusk, M|100/100
|-damage|p1a: Lycanroc|88/100|[from] Stealth Rock
|turn|17
|
|t:|1759011253
|move|p1a: Lycanroc|Sucker Punch|p2a: Blastoise
|-damage|p2a: Blastoise|70/100
|move|p2a: Blastoise|Surf|p1a: Lycanroc
|-supereffective|p1a: Lycanroc
|-damage|p1a: Lycanroc|0 fnt
|faint|p1a: Lycanroc
|
|upkeep
|
|t:|1759011259
|switch|p1a: Scyther|Scyther, M|100/100
|-damage|p1a: Scyther|51/100|[from] Stealth Rock
|turn|18
|
|t:|1759011263
|move|p1a: Scyther|Quick Attack|p2a: Blastoise
|-damage|p2a: Blastoise|49/100
|move|p2a: Blastoise|Ice Beam|p1a: Scyther
|-supereffective|p1a: Scyther
|-damage|p1a: Scyther|0 fnt
|faint|p1a: Scyther
|
|upkeep
|
|t:|1759011268
|switch|p1a: Breloom|Breloom, M, shiny|100/100
|-damage|p1a: Breloom|94/100|[from] Stealth Rock
|turn|19
|
|t:|1759011273
|move|p1a: Breloom|Mach Punch|p2a: Blastoise
|-damage|p2a: Blastoise|16/100
|move|p2a: Blastoise|Ice Beam|p1a: Breloom
|-supereffective|p1a: Breloom
|-damage|p1a: Breloom|0 fnt
|faint|p1a: Breloom
|
|win|BlueOff
|raw|UnexpectdSets's rating: 1306 &rarr; <strong>1282</strong><br />(-24 for losing)
|raw|BlueOff's rating: 1227 &rarr; <strong>1258</strong><br />(+31 for winning)
|l|☆UnexpectdSets
|player|p1|
|l|☆BlueOff
|player|p2|
