|j|☆IUseGimmickyShit
|j|☆lovelymoa
|t:|1759043049
|gametype|singles
|player|p1|IUseGimmickyShit|harlequin|1348
|player|p2|lovelymoa|lady|1316
|gen|9
|tier|[Gen 9] OU
|rated|
|rule|HP Percentage Mod: HP is shown in percentages
|rule|Endless Battle Clause: Forcing endless battles is banned
|rule|Species Clause: Limit one of each Pokémon
|rule|OHKO Clause: OHKO moves are banned
|rule|Evasion Items Clause: Evasion items are banned
|rule|Evasion Moves Clause: Evasion moves are banned
|rule|Evasion Abilities Clause: Evasion abilities are banned
|rule|Sleep Moves Clause: Sleep-inducing moves are banned
|clearpoke
|poke|p1|Krookodile, M|
|poke|p1|Kommo-o, M|
|poke|p1|Araquanid, M|
|poke|p1|Inteleon, M|
|poke|p1|Noivern, F|
|poke|p1|Muk-Alola, M|
|poke|p2|Landorus-Therian, M|
|poke|p2|Samurott-Hisui, F|
|poke|p2|Gholdengo|
|poke|p2|Moltres|
|poke|p2|Garganacl, M|
|poke|p2|Ogerpon-Wellspring, F|
|teampreview
|
|t:|1759043057
|teamsize|p1|6
|teamsize|p2|6
|start
|switch|p1a: Saleos|Krookodile, M|100/100
|switch|p2a: Landorus|Landorus-Therian, M|100/100
|-ability|p2a: Landorus|Intimidate|boost
|-unboost|p1a: Saleos|atk|1
|-ability|p1a: Saleos|Intimidate|boost
|-unboost|p2a: Landorus|atk|1
|turn|1
|inactive|Battle timer is ON: inactive players will automatically lose when time's up. (requested by lovelymoa)
|
|t:|1759043067
|move|p2a: Landorus|U-turn|p1a: Saleos
|-supereffective|p1a: Saleos
|-damage|p1a: Saleos|63/100
|
|t:|1759043074
|switch|p2a: Samurott|Samurott-Hisui, F|100/100|[from] U-turn
|move|p1a: Saleos|Knock Off|p2a: Samurott
|-resisted|p2a: Samurott
|-damage|p2a: Samurott|79/100
|-enditem|p2a: Samurott|Heavy-Duty Boots|[from] move: Knock Off|[of] p1a: Saleos
|
|-heal|p1a: Saleos|69/100|[from] item: Leftovers
|upkeep
|turn|2
|
|t:|1759043085
|switch|p1a: Sunshine|Muk-Alola, M|100/100
|move|p2a: Samurott|Ceaseless Edge|p1a: Sunshine
|-resisted|p1a: Sunshine
|-damage|p1a: Sunshine|77/100
|-sidestart|p1: IUseGimmickyShit|Spikes
|
|upkeep
|turn|3
|
|t:|1759043099
|move|p2a: Samurott|Ceaseless Edge|p1a: Sunshine
|-resisted|p1a: Sunshine
|-damage|p1a: Sunshine|56/100
|-sidestart|p1: IUseGimmickyShit|Spikes
|move|p1a: Sunshine|Drain Punch|p2a: Samurott
|-supereffective|p2a: Samurott
|-damage|p2a: Samurott|16/100
|-heal|p1a: Sunshine|80/100|[from] drain|[of] p2a: Samurott
|
|upkeep
|turn|4
|
|t:|1759043109
|move|p2a: Samurott|Ceaseless Edge|p1a: Sunshine
|-resisted|p1a: Sunshine
|-damage|p1a: Sunshine|58/100
|-sidestart|p1: IUseGimmickyShit|Spikes
|move|p1a: Sunshine|Knock Off|p2a: Samurott
|-resisted|p2a: Samurott
|-damage|p2a: Samurott|0 fnt
|faint|p2a: Samurott
|
|upkeep
|
|t:|1759043120
|switch|p2a: Landorus|Landorus-Therian, M|100/100
|-ability|p2a: Landorus|Intimidate|boost
|-unboost|p1a: Sunshine|atk|1
|turn|5
|
|t:|1759043125
|switch|p1a: Bat|Noivern, F|100/100
|-item|p2a: Landorus|Choice Scarf|[from] ability: Frisk|[of] p1a: Bat
|move|p2a: Landorus|Earthquake|p1a: Bat
|-immune|p1a: Bat
|
|upkeep
|turn|6
|
|t:|1759043135
|switch|p2a: Garganacl|Garganacl, M|100/100
|move|p1a: Bat|Flamethrower|p2a: Garganacl
|-resisted|p2a: Garganacl
|-damage|p2a: Garganacl|86/100
|-damage|p1a: Bat|91/100|[from] item: Life Orb
|
|-heal|p2a: Garganacl|93/100|[from] item: Leftovers
|upkeep
|turn|7
|
|t:|1759043143
|move|p1a: Bat|Defog|p2a: Garganacl
|-unboost|p2a: Garganacl|evasion|1
|-sideend|p1: IUseGimmickyShit|Spikes|[from] move: Defog|[of] p1a: Bat
|move|p2a: Garganacl|Stealth Rock|p1a: Bat
|-sidestart|p1: IUseGimmickyShit|move: Stealth Rock
|
|-heal|p2a: Garganacl|99/100|[from] item: Leftovers
|upkeep
|turn|8
|
|t:|1759043152
|switch|p1a: Saleos|Krookodile, M|69/100
|-damage|p1a: Saleos|63/100|[from] Stealth Rock
|-ability|p1a: Saleos|Intimidate|boost
|-unboost|p2a: Garganacl|atk|1
|move|p2a: Garganacl|Salt Cure|p1a: Saleos
|-resisted|p1a: Saleos
|-damage|p1a: Saleos|58/100
|-start|p1a: Saleos|Salt Cure
|
|-heal|p1a: Saleos|64/100|[from] item: Leftovers
|-heal|p2a: Garganacl|100/100|[from] item: Leftovers
|-damage|p1a: Saleos|52/100|[from] Salt Cure
|upkeep
|turn|9
|
|t:|1759043164
|move|p2a: Garganacl|Protect|p2a: Garganacl
|-singleturn|p2a: Garganacl|Protect
|move|p1a: Saleos|Knock Off|p2a: Garganacl
|-activate|p2a: Garganacl|move: Protect
|
|-heal|p1a: Saleos|58/100|[from] item: Leftovers
|-damage|p1a: Saleos|46/100|[from] Salt Cure
|upkeep
|turn|10
|
|t:|1759043174
|switch|p2a: Moltres|Moltres|100/100
|move|p1a: Saleos|Knock Off|p2a: Moltres
|-damage|p2a: Moltres|64/100
|-enditem|p2a: Moltres|Heavy-Duty Boots|[from] move: Knock Off|[of] p1a: Saleos
|
|-heal|p1a: Saleos|52/100|[from] item: Leftovers
|-damage|p1a: Saleos|39/100|[from] Salt Cure
|upkeep
|turn|11
|
|t:|1759043199
|switch|p1a: Sunshine|Muk-Alola, M|58/100
|-damage|p1a: Sunshine|46/100|[from] Stealth Rock
|move|p2a: Moltres|Roost|p2a: Moltres
|-heal|p2a: Moltres|100/100
|-singleturn|p2a: Moltres|move: Roost
|
|upkeep
|turn|12
|
|t:|1759043207
|move|p2a: Moltres|Will-O-Wisp|p1a: Sunshine
|-status|p1a: Sunshine|brn
|move|p1a: Sunshine|Poison Jab|p2a: Moltres
|-damage|p2a: Moltres|88/100
|
|-damage|p1a: Sunshine|40/100 brn|[from] brn
|upkeep
|turn|13
|
|t:|1759043216
|move|p2a: Moltres|Flamethrower|p1a: Sunshine
|-damage|p1a: Sunshine|19/100 brn
|move|p1a: Sunshine|Knock Off|p2a: Moltres
|-damage|p2a: Moltres|77/100
|
|-damage|p1a: Sunshine|13/100 brn|[from] brn
|upkeep
|turn|14
|
|t:|1759043224
|move|p2a: Moltres|Flamethrower|p1a: Sunshine
|-damage|p1a: Sunshine|0 fnt
|faint|p1a: Sunshine
|
|upkeep
|
|t:|1759043228
|switch|p1a: Blitzø|Inteleon, M, shiny|100/100
|-damage|p1a: Blitzø|88/100|[from] Stealth Rock
|turn|15
|
|t:|1759043237
|switch|p2a: Ogerpon|Ogerpon-Wellspring, F|100/100
|move|p1a: Blitzø|Ice Beam|p2a: Ogerpon
|-damage|p2a: Ogerpon|63/100
|
|upkeep
|turn|16
|
|t:|1759043247
|-terastallize|p2a: Ogerpon|Water
|detailschange|p2a: Ogerpon|Ogerpon-Wellspring-Tera, F, tera:Water
|-ability|p2a: Ogerpon|Embody Aspect (Wellspring)|boost
|-boost|p2a: Ogerpon|spd|1
|move|p1a: Blitzø|U-turn|p2a: Ogerpon
|-damage|p2a: Ogerpon|47/100
|
|t:|1759043260
|switch|p1a: Saleos|Krookodile, M|39/100|[from] U-turn
|-damage|p1a: Saleos|33/100|[from] Stealth Rock
|-ability|p1a: Saleos|Intimidate|boost
|-unboost|p2a: Ogerpon|atk|1
|move|p2a: Ogerpon|Horn Leech|p1a: Saleos
|-supereffective|p1a: Saleos
|-damage|p1a: Saleos|0 fnt
|-heal|p2a: Ogerpon|68/100|[from] drain|[of] p1a: Saleos
|faint|p1a: Saleos
|
|upkeep
|
|t:|1759043274
|switch|p1a: Lace|Kommo-o, M|100/100
|-damage|p1a: Lace|94/100|[from] Stealth Rock
|turn|17
|
|t:|1759043284
|switch|p2a: Moltres|Moltres|77/100
|-terastallize|p1a: Lace|Normal
|move|p1a: Lace|Clangorous Soul|p1a: Lace
|-boost|p1a: Lace|atk|1
|-boost|p1a: Lace|def|1
|-boost|p1a: Lace|spa|1
|-boost|p1a: Lace|spd|1
|-boost|p1a: Lace|spe|1
|-damage|p1a: Lace|61/100
|-enditem|p1a: Lace|Throat Spray
|-boost|p1a: Lace|spa|1|[from] item: Throat Spray
|
|upkeep
|turn|18
|
|t:|1759043295
|move|p1a: Lace|Boomburst|p2a: Moltres
|-damage|p2a: Moltres|0 fnt
|faint|p2a: Moltres
|
|upkeep
|
|t:|1759043303
|switch|p2a: Gholdengo|Gholdengo|100/100
|-item|p2a: Gholdengo|Air Balloon
|turn|19
|
|t:|1759043307
|move|p1a: Lace|Clanging Scales|p2a: Gholdengo
|-resisted|p2a: Gholdengo
|-damage|p2a: Gholdengo|56/100
|-enditem|p2a: Gholdengo|Air Balloon
|-unboost|p1a: Lace|def|1
|move|p2a: Gholdengo|Thunder Wave|p1a: Lace
|-status|p1a: Lace|par
|
|upkeep
|turn|20
|
|t:|1759043316
|move|p1a: Lace|Clanging Scales|p2a: Gholdengo
|-resisted|p2a: Gholdengo
|-damage|p2a: Gholdengo|10/100
|-unboost|p1a: Lace|def|1
|move|p2a: Gholdengo|Dazzling Gleam|p1a: Lace
|-damage|p1a: Lace|34/100 par
|
|upkeep
|turn|21
|
|t:|1759043324
|cant|p1a: Lace|par
|move|p2a: Gholdengo|Recover|p2a: Gholdengo
|-heal|p2a: Gholdengo|60/100
|
|upkeep
|turn|22
|
|t:|1759043330
|move|p1a: Lace|Clanging Scales|p2a: Gholdengo
|-resisted|p2a: Gholdengo
|-damage|p2a: Gholdengo|17/100
|-unboost|p1a: Lace|def|1
|move|p2a: Gholdengo|Dazzling Gleam|p1a: Lace
|-damage|p1a: Lace|7/100 par
|
|upkeep
|turn|23
|
|t:|1759043338
|switch|p2a: Garganacl|Garganacl, M|100/100
|move|p1a: Lace|Clanging Scales|p2a: Garganacl
|-damage|p2a: Garganacl|12/100
|-unboost|p1a: Lace|def|1
|
|-heal|p2a: Garganacl|18/100|[from] item: Leftovers
|upkeep
|turn|24
|
|t:|1759043346
|cant|p1a: Lace|par
|move|p2a: Garganacl|Salt Cure|p1a: Lace
|-crit|p1a: Lace
|-damage|p1a: Lace|0 fnt
|faint|p1a: Lace
|
|-heal|p2a: Garganacl|24/100|[from] item: Leftovers
|upkeep
|
|t:|1759043356
|switch|p1a: Blitzø|Inteleon, M, shiny|88/100
|-damage|p1a: Blitzø|76/100|[from] Stealth Rock
|turn|25
|
|t:|1759043364
|move|p2a: Garganacl|Protect|p2a: Garganacl
|-singleturn|p2a: Garganacl|Protect
|move|p1a: Blitzø|Snipe Shot|p2a: Garganacl
|-activate|p2a: Garganacl|move: Protect
|
|-heal|p2a: Garganacl|30/100|[from] item: Leftovers
|upkeep
|turn|26
|
|t:|1759043371
|switch|p2a: Ogerpon|Ogerpon-Wellspring-Tera, F, tera:Water|68/100
|-ability|p2a: Ogerpon|Embody Aspect (Wellspring)|boost
|-boost|p2a: Ogerpon|spd|1
|move|p1a: Blitzø|Snipe Shot|p2a: Ogerpon
|-resisted|p2a: Ogerpon
|-damage|p2a: Ogerpon|52/100
|
|upkeep
|turn|27
|
|t:|1759043378
|move|p1a: Blitzø|U-turn|p2a: Ogerpon
|-damage|p2a: Ogerpon|35/100
|
|t:|1759043382
|switch|p1a: Bat|Noivern, F|91/100|[from] U-turn
|-damage|p1a: Bat|66/100|[from] Stealth Rock
|-item|p2a: Ogerpon|Wellspring Mask|[from] ability: Frisk|[of] p1a: Bat
|move|p2a: Ogerpon|Horn Leech|p1a: Bat
|-resisted|p1a: Bat
|-damage|p1a: Bat|50/100
|-heal|p2a: Ogerpon|43/100|[from] drain|[of] p1a: Bat
|
|upkeep
|turn|28
|
|t:|1759043399
|switch|p2a: Garganacl|Garganacl, M|30/100
|move|p1a: Bat|Boomburst|p2a: Garganacl
|-resisted|p2a: Garganacl
|-damage|p2a: Garganacl|5/100
|-damage|p1a: Bat|40/100|[from] item: Life Orb
|
|-heal|p2a: Garganacl|11/100|[from] item: Leftovers
|upkeep
|turn|29
|
|t:|1759043408
|switch|p2a: Gholdengo|Gholdengo|17/100
|move|p1a: Bat|Roost|p1a: Bat
|-heal|p1a: Bat|90/100
|-singleturn|p1a: Bat|move: Roost
|
|upkeep
|turn|30
|
|t:|1759043415
|move|p1a: Bat|Flamethrower|p2a: Gholdengo
|-supereffective|p2a: Gholdengo
|-damage|p2a: Gholdengo|0 fnt
|faint|p2a: Gholdengo
|-damage|p1a: Bat|80/100|[from] item: Life Orb
|
|upkeep
|
|t:|1759043421
|switch|p2a: Landorus|Landorus-Therian, M|100/100
|-ability|p2a: Landorus|Intimidate|boost
|-unboost|p1a: Bat|atk|1
|turn|31
|
|t:|1759043436
|move|p2a: Landorus|Stone Edge|p1a: Bat|[miss]
|-miss|p2a: Landorus|p1a: Bat
|move|p1a: Bat|Defog|p2a: Landorus
|-unboost|p2a: Landorus|evasion|1
|-sideend|p1: IUseGimmickyShit|Stealth Rock|[from] move: Defog|[of] p1a: Bat
|
|upkeep
|turn|32
|
|t:|1759043443
|move|p2a: Landorus|Stone Edge|p1a: Bat
|-supereffective|p1a: Bat
|-damage|p1a: Bat|0 fnt
|faint|p1a: Bat
|
|upkeep
|
|t:|1759043447
|switch|p1a: Blitzø|Inteleon, M, shiny|76/100
|turn|33
|
|t:|1759043451
|switch|p2a: Garganacl|Garganacl, M|11/100
|move|p1a: Blitzø|Snipe Shot|p2a: Garganacl
|-supereffective|p2a: Garganacl
|-damage|p2a: Garganacl|0 fnt
|faint|p2a: Garganacl
|
|upkeep
|
|t:|1759043457
|switch|p2a: Ogerpon|Ogerpon-Wellspring-Tera, F, tera:Water|43/100
|-ability|p2a: Ogerpon|Embody Aspect (Wellspring)|boost
|-boost|p2a: Ogerpon|spd|1
|turn|34
|
|t:|1759043464
|move|p1a: Blitzø|Snipe Shot|p2a: Ogerpon
|-resisted|p2a: Ogerpon
|-crit|p2a: Ogerpon
|-damage|p2a: Ogerpon|0 fnt
|faint|p2a: Ogerpon
|detailschange|p2: Ogerpon|Ogerpon-Wellspring, F|[silent]
|
|upkeep
|l|☆lovelymoa
|inactive|lovelymoa disconnected and has a minute to reconnect!
|player|p2|
|j|☆lovelymoa
|inactive|lovelymoa reconnected and has 105 seconds left.
|player|p2|lovelymoa|lady|
|
|t:|1759043515
|switch|p2a: Landorus|Landorus-Therian, M|100/100
|-ability|p2a: Landorus|Intimidate|boost
|-unboost|p1a: Blitzø|atk|1
|turn|35
|inactive|IUseGimmickyShit has 120 seconds left.
|inactive|lovelymoa has 90 seconds left.
|
|t:|1759043554
|move|p2a: Landorus|Earthquake|p1a: Blitzø
|-damage|p1a: Blitzø|0 fnt
|faint|p1a: Blitzø
|
|upkeep
|
|t:|1759043558
|switch|p1a: Spoder|Araquanid, M, shiny|100/100
|turn|36
|
|t:|1759043561
|move|p2a: Landorus|Earthquake|p1a: Spoder
|-resisted|p1a: Spoder
|-damage|p1a: Spoder|69/100
|move|p1a: Spoder|Liquidation|p2a: Landorus
|-supereffective|p2a: Landorus
|-damage|p2a: Landorus|0 fnt
|faint|p2a: Landorus
|
|win|IUseGimmickyShit
|raw|IUseGimmickyShit's rating: 1348 &rarr; <strong>1366</strong><br />(+18 for winning)
|raw|lovelymoa's rating: 1316 &rarr; <strong>1298</strong><br />(-18 for losing)
|l|☆lovelymoa
|player|p2|
|l|☆IUseGimmickyShit
|player|p1|
