|j|☆cynicalgiraffe17
|j|‽trout szn
|t:|1758980389
|gametype|singles
|player|p1|cynicalgiraffe17|li|
|player|p2|trout szn|blue|
|gen|9
|tier|[Gen 9] OU
|rule|HP Percentage Mod: HP is shown in percentages
|rule|Endless Battle Clause: Forcing endless battles is banned
|rule|Species Clause: Limit one of each Pokémon
|rule|OHKO Clause: OHKO moves are banned
|rule|Evasion Items Clause: Evasion items are banned
|rule|Evasion Moves Clause: Evasion moves are banned
|rule|Evasion Abilities Clause: Evasion abilities are banned
|rule|Sleep Moves Clause: Sleep-inducing moves are banned
|rule|Tier Shift Mod: Pokémon get stat buffs depending on their tier, excluding HP.
|raw|<div class="infobox"><details class="readmore" open><summary><strong>1 custom rule:</strong></summary> tier shift mod</details></div>
|clearpoke
|poke|p1|Emboar, F|
|poke|p1|Rotom-Wash|
|poke|p1|Klefki, F|
|poke|p1|Kleavor, M|
|poke|p1|Torterra, M|
|poke|p1|Jolteon, F|
|poke|p2|Zapdos-Galar|
|poke|p2|Hydrapple, F|
|poke|p2|Mamoswine, F|
|poke|p2|Tentacruel, F|
|poke|p2|Komala, M|
|poke|p2|Heatran, F|
|teampreview
|
|t:|1758980446
|teamsize|p1|6
|teamsize|p2|6
|start
|switch|p1a: Kleavor|Kleavor, M|100/100
|switch|p2a: Tentacruel|Tentacruel, F|100/100
|turn|1
|
|t:|1758980455
|move|p1a: Kleavor|Stone Axe|p2a: Tentacruel
|-damage|p2a: Tentacruel|36/100
|-sidestart|p2: trout szn|move: Stealth Rock
|move|p2a: Tentacruel|Hydro Pump|p1a: Kleavor
|-supereffective|p1a: Kleavor
|-enditem|p1a: Kleavor|Focus Sash
|-damage|p1a: Kleavor|1/100
|
|-heal|p2a: Tentacruel|42/100|[from] item: Black Sludge
|upkeep
|turn|2
|
|t:|1758980470
|switch|p2a: Hydrapple|Hydrapple, F|100/100
|-damage|p2a: Hydrapple|88/100|[from] Stealth Rock
|move|p1a: Kleavor|Stone Axe|p2a: Hydrapple
|-damage|p2a: Hydrapple|57/100
|
|-heal|p2a: Hydrapple|63/100|[from] item: Leftovers
|upkeep
|turn|3
|
|t:|1758980478
|move|p1a: Kleavor|X-Scissor|p2a: Hydrapple
|-supereffective|p2a: Hydrapple
|-damage|p2a: Hydrapple|0 fnt
|faint|p2a: Hydrapple
|
|upkeep
|
|t:|1758980493
|switch|p2a: Zapdos|Zapdos-Galar|100/100
|-damage|p2a: Zapdos|88/100|[from] Stealth Rock
|turn|4
|
|t:|1758980501
|move|p2a: Zapdos|Close Combat|p1a: Kleavor
|-damage|p1a: Kleavor|0 fnt
|-unboost|p2a: Zapdos|def|1
|-unboost|p2a: Zapdos|spd|1
|faint|p1a: Kleavor
|
|upkeep
|
|t:|1758980515
|switch|p1a: Rotom|Rotom-Wash|100/100
|turn|5
|
|t:|1758980528
|move|p2a: Zapdos|Close Combat|p1a: Rotom
|-damage|p1a: Rotom|52/100
|-unboost|p2a: Zapdos|def|1
|-unboost|p2a: Zapdos|spd|1
|move|p1a: Rotom|Hydro Pump|p2a: Zapdos
|-damage|p2a: Zapdos|0 fnt
|faint|p2a: Zapdos
|
|upkeep
|
|t:|1758980540
|switch|p2a: Tentacruel|Tentacruel, F|42/100
|-damage|p2a: Tentacruel|30/100|[from] Stealth Rock
|turn|6
|
|t:|1758980545
|move|p2a: Tentacruel|Rapid Spin|p1a: Rotom
|-damage|p1a: Rotom|45/100
|-boost|p2a: Tentacruel|spe|1
|-sideend|p2: trout szn|Stealth Rock|[from] move: Rapid Spin|[of] p2a: Tentacruel
|move|p1a: Rotom|Volt Switch|p2a: Tentacruel
|-supereffective|p2a: Tentacruel
|-crit|p2a: Tentacruel
|-damage|p2a: Tentacruel|0 fnt
|faint|p2a: Tentacruel
|
|t:|1758980585
|switch|p1a: Klefki|Klefki, F|100/100|[from] Volt Switch
|
|upkeep
|
|t:|1758980588
|switch|p2a: Heatran|Heatran, F|100/100
|turn|7
|
|t:|1758980597
|move|p1a: Klefki|Thunder Wave|p2a: Heatran
|-status|p2a: Heatran|par
|move|p2a: Heatran|Substitute|p2a: Heatran
|-start|p2a: Heatran|Substitute
|-damage|p2a: Heatran|76/100 par
|
|-heal|p2a: Heatran|82/100 par|[from] item: Leftovers
|upkeep
|turn|8
|
|t:|1758980607
|switch|p1a: Torterra|Torterra, M|100/100
|cant|p2a: Heatran|par
|
|-heal|p2a: Heatran|88/100 par|[from] item: Leftovers
|upkeep
|turn|9
|
|t:|1758980614
|move|p1a: Torterra|Earthquake|p2a: Heatran
|-supereffective|p2a: Heatran
|-end|p2a: Heatran|Substitute
|move|p2a: Heatran|Magma Storm|p1a: Torterra|[miss]
|-miss|p2a: Heatran|p1a: Torterra
|
|-heal|p2a: Heatran|94/100 par|[from] item: Leftovers
|upkeep
|turn|10
|
|t:|1758980634
|switch|p2a: Mamoswine|Mamoswine, F|100/100
|move|p1a: Torterra|Earthquake|p2a: Mamoswine
|-damage|p2a: Mamoswine|47/100
|
|upkeep
|turn|11
|
|t:|1758980647
|move|p2a: Mamoswine|Stone Edge|p1a: Torterra
|-resisted|p1a: Torterra
|-damage|p1a: Torterra|85/100
|move|p1a: Torterra|Earthquake|p2a: Mamoswine
|-damage|p2a: Mamoswine|0 fnt
|faint|p2a: Mamoswine
|
|upkeep
|
|t:|1758980652
|switch|p2a: Komala|Komala, M|100/100
|-ability|p2a: Komala|Comatose
|turn|12
|
|t:|1758980658
|move|p2a: Komala|Swords Dance|p2a: Komala
|-boost|p2a: Komala|atk|2
|move|p1a: Torterra|Bullet Seed|p2a: Komala
|-damage|p2a: Komala|83/100
|-damage|p2a: Komala|66/100
|-damage|p2a: Komala|46/100
|-damage|p2a: Komala|26/100
|-hitcount|p2a: Komala|4
|
|upkeep
|turn|13
|
|t:|1758980676
|move|p2a: Komala|Earthquake|p1a: Torterra
|-resisted|p1a: Torterra
|-damage|p1a: Torterra|55/100
|move|p1a: Torterra|Bullet Seed|p2a: Komala
|-damage|p2a: Komala|8/100
|-damage|p2a: Komala|0 fnt
|faint|p2a: Komala
|-hitcount|p2: Komala|2
|
|upkeep
|
|t:|1758980679
|switch|p2a: Heatran|Heatran, F|94/100 par
|turn|14
|
|t:|1758980683
|move|p1a: Torterra|Earthquake|p2a: Heatran
|-supereffective|p2a: Heatran
|-damage|p2a: Heatran|0 fnt
|faint|p2a: Heatran
|
|win|cynicalgiraffe17
|c|☆cynicalgiraffe17|gg s
