|j|☆thhrtg探头‘ ^ ’
|j|☆Wizmus
|t:|1758983687
|gametype|singles
|player|p1|thhrtg探头‘ ^ ’|acetrainerf|1451
|player|p2|Wizmus|101|1418
|gen|9
|tier|[Gen 9] OU
|rated|
|rule|HP Percentage Mod: HP is shown in percentages
|rule|Endless Battle Clause: Forcing endless battles is banned
|rule|Species Clause: Limit one of each Pokémon
|rule|OHKO Clause: OHKO moves are banned
|rule|Evasion Items Clause: Evasion items are banned
|rule|Evasion Moves Clause: Evasion moves are banned
|rule|Evasion Abilities Clause: Evasion abilities are banned
|rule|Sleep Moves Clause: Sleep-inducing moves are banned
|clearpoke
|poke|p1|Gliscor, M|
|poke|p1|Garganacl, M|
|poke|p1|Dragapult, M|
|poke|p1|Avalugg-Hisui, F|
|poke|p1|Gholdengo|
|poke|p1|Ogerpon-Wellspring, F|
|poke|p2|Weavile, M|
|poke|p2|Slowking-Galar, M|
|poke|p2|Corviknight, M|
|poke|p2|Dragapult, F|
|poke|p2|Great Tusk|
|poke|p2|Iron Valiant|
|teampreview
|inactive|Battle timer is ON: inactive players will automatically lose when time's up. (requested by Wizmus)
|
|t:|1758983703
|teamsize|p1|6
|teamsize|p2|6
|start
|switch|p1a: Gholdengo|Gholdengo|100/100
|switch|p2a: Weavile|Weavile, M|100/100
|-ability|p2a: Weavile|Pressure
|turn|1
|
|t:|1758983715
|switch|p2a: Slowking|Slowking-Galar, M|100/100
|move|p1a: Gholdengo|Make It Rain|p2a: Slowking
|-damage|p2a: Slowking|65/100
|-unboost|p1a: Gholdengo|spa|1
|
|upkeep
|turn|2
|
|t:|1758983727
|switch|p1a: Gliscor|Gliscor, M|100/100
|-prepare|p2a: Slowking|Chilly Reception|[premajor]
|move|p2a: Slowking|Chilly Reception|p2a: Slowking
|-weather|Snowscape
|
|t:|1758983733
|switch|p2a: Weavile|Weavile, M|100/100|[from] Chilly Reception
|-ability|p2a: Weavile|Pressure
|
|-weather|Snowscape|[upkeep]
|-status|p1a: Gliscor|tox|[from] item: Toxic Orb
|upkeep
|turn|3
|
|t:|1758983740
|switch|p1a: Avalugg|Avalugg-Hisui, F|100/100
|move|p2a: Weavile|Triple Axel|p1a: Avalugg
|-resisted|p1a: Avalugg
|-damage|p1a: Avalugg|98/100
|-resisted|p1a: Avalugg
|-damage|p1a: Avalugg|94/100
|-resisted|p1a: Avalugg
|-damage|p1a: Avalugg|87/100
|-hitcount|p1a: Avalugg|3
|
|-weather|Snowscape|[upkeep]
|upkeep
|turn|4
|
|t:|1758983755
|switch|p2a: Corviknight|Corviknight, M|100/100
|-ability|p2a: Corviknight|Pressure
|-terastallize|p1a: Avalugg|Fighting
|move|p1a: Avalugg|Stealth Rock|p2a: Corviknight
|-sidestart|p2: Wizmus|move: Stealth Rock
|
|-weather|Snowscape|[upkeep]
|upkeep
|turn|5
|
|t:|1758983765
|switch|p1a: Gholdengo|Gholdengo|100/100
|move|p2a: Corviknight|U-turn|p1a: Gholdengo
|-resisted|p1a: Gholdengo
|-damage|p1a: Gholdengo|97/100
|
|t:|1758983776
|switch|p2a: Slowking|Slowking-Galar, M|98/100|[from] U-turn
|
|-weather|Snowscape|[upkeep]
|upkeep
|turn|6
|
|t:|1758983783
|move|p1a: Gholdengo|Trick|p2a: Slowking
|-activate|p1a: Gholdengo|move: Trick|[of] p2a: Slowking
|-item|p2a: Slowking|Choice Scarf|[from] move: Trick
|-item|p1a: Gholdengo|Heavy-Duty Boots|[from] move: Trick
|-prepare|p2a: Slowking|Chilly Reception|[premajor]
|move|p2a: Slowking|Chilly Reception|p2a: Slowking
|
|t:|1758983796
|switch|p2a: Dragapult|Dragapult, F|100/100|[from] Chilly Reception
|-damage|p2a: Dragapult|88/100|[from] Stealth Rock
|
|-weather|none
|upkeep
|turn|7
|
|t:|1758983805
|switch|p1a: Garganacl|Garganacl, M|100/100
|move|p2a: Dragapult|Shadow Ball|p1a: Garganacl
|-damage|p1a: Garganacl|77/100
|
|-heal|p1a: Garganacl|83/100|[from] item: Leftovers
|upkeep
|turn|8
|
|t:|1758983815
|switch|p2a: Great Tusk|Great Tusk|100/100
|-damage|p2a: Great Tusk|98/100|[from] Stealth Rock
|-enditem|p2a: Great Tusk|Booster Energy
|-activate|p2a: Great Tusk|ability: Protosynthesis|[fromitem]
|-start|p2a: Great Tusk|protosynthesisatk
|move|p1a: Garganacl|Salt Cure|p2a: Great Tusk
|-resisted|p2a: Great Tusk
|-damage|p2a: Great Tusk|95/100
|-start|p2a: Great Tusk|Salt Cure
|
|-heal|p1a: Garganacl|89/100|[from] item: Leftovers
|-damage|p2a: Great Tusk|83/100|[from] Salt Cure
|upkeep
|turn|9
|
|t:|1758983830
|switch|p1a: Dragapult|Dragapult, M|100/100
|move|p2a: Great Tusk|Rapid Spin|p1a: Dragapult
|-immune|p1a: Dragapult
|
|-damage|p2a: Great Tusk|70/100|[from] Salt Cure
|upkeep
|turn|10
|
|t:|1758983847
|-end|p2a: Great Tusk|Protosynthesis|[silent]
|switch|p2a: Slowking|Slowking-Galar, M|100/100
|-damage|p2a: Slowking|88/100|[from] Stealth Rock
|move|p1a: Dragapult|Will-O-Wisp|p2a: Slowking
|-status|p2a: Slowking|brn
|
|-damage|p2a: Slowking|82/100 brn|[from] brn
|upkeep
|turn|11
|
|t:|1758983855
|move|p1a: Dragapult|Hex|p2a: Slowking
|-supereffective|p2a: Slowking
|-damage|p2a: Slowking|13/100 brn
|-prepare|p2a: Slowking|Chilly Reception|[premajor]
|move|p2a: Slowking|Chilly Reception|p2a: Slowking
|-weather|Snowscape
|
|t:|1758983858
|switch|p2a: Weavile|Weavile, M|100/100|[from] Chilly Reception
|-damage|p2a: Weavile|76/100|[from] Stealth Rock
|-ability|p2a: Weavile|Pressure
|
|-weather|Snowscape|[upkeep]
|upkeep
|turn|12
|
|t:|1758983869
|-terastallize|p2a: Weavile|Ice
|move|p2a: Weavile|Ice Shard|p1a: Dragapult
|-supereffective|p1a: Dragapult
|-damage|p1a: Dragapult|0 fnt
|faint|p1a: Dragapult
|
|-weather|Snowscape|[upkeep]
|upkeep
|
|t:|1758983881
|switch|p1a: Avalugg|Avalugg-Hisui, F, tera:Fighting|87/100
|turn|13
|
|t:|1758983889
|switch|p2a: Corviknight|Corviknight, M|100/100
|-damage|p2a: Corviknight|88/100|[from] Stealth Rock
|-ability|p2a: Corviknight|Pressure
|move|p1a: Avalugg|Body Press|p2a: Corviknight
|-damage|p2a: Corviknight|58/100
|-damage|p1a: Avalugg|71/100|[from] item: Rocky Helmet|[of] p2a: Corviknight
|
|-weather|Snowscape|[upkeep]
|upkeep
|turn|14
|
|t:|1758983899
|move|p2a: Corviknight|U-turn|p1a: Avalugg
|-resisted|p1a: Avalugg
|-damage|p1a: Avalugg|68/100
|
|t:|1758983904
|switch|p2a: Dragapult|Dragapult, F|88/100|[from] U-turn
|-damage|p2a: Dragapult|76/100|[from] Stealth Rock
|move|p1a: Avalugg|Recover|p1a: Avalugg
|-heal|p1a: Avalugg|100/100
|
|-weather|Snowscape|[upkeep]
|upkeep
|turn|15
|
|t:|1758983915
|switch|p1a: Garganacl|Garganacl, M|89/100
|move|p2a: Dragapult|Draco Meteor|p1a: Garganacl
|-damage|p1a: Garganacl|10/100
|-unboost|p2a: Dragapult|spa|2
|
|-weather|none
|-heal|p1a: Garganacl|17/100|[from] item: Leftovers
|upkeep
|turn|16
|
|t:|1758983923
|switch|p1a: Gliscor|Gliscor, M|100/100 tox
|move|p2a: Dragapult|Draco Meteor|p1a: Gliscor
|-damage|p1a: Gliscor|54/100 tox
|-unboost|p2a: Dragapult|spa|2
|
|-heal|p1a: Gliscor|67/100 tox|[from] ability: Poison Heal
|upkeep
|turn|17
|
|t:|1758983929
|switch|p2a: Corviknight|Corviknight, M|58/100
|-damage|p2a: Corviknight|46/100|[from] Stealth Rock
|-ability|p2a: Corviknight|Pressure
|move|p1a: Gliscor|Spikes|p2a: Corviknight
|-sidestart|p2: Wizmus|Spikes
|
|-heal|p1a: Gliscor|79/100 tox|[from] ability: Poison Heal
|upkeep
|turn|18
|
|t:|1758983933
|move|p1a: Gliscor|Knock Off|p2a: Corviknight
|-damage|p2a: Corviknight|34/100
|-damage|p1a: Gliscor|63/100 tox|[from] item: Rocky Helmet|[of] p2a: Corviknight
|-enditem|p2a: Corviknight|Rocky Helmet|[from] move: Knock Off|[of] p1a: Gliscor
|move|p2a: Corviknight|Roost|p2a: Corviknight
|-heal|p2a: Corviknight|84/100
|-singleturn|p2a: Corviknight|move: Roost
|
|-heal|p1a: Gliscor|75/100 tox|[from] ability: Poison Heal
|upkeep
|turn|19
|
|t:|1758983943
|move|p1a: Gliscor|Spikes|p2a: Corviknight
|-sidestart|p2: Wizmus|Spikes
|move|p2a: Corviknight|Defog|p1a: Gliscor
|-unboost|p1a: Gliscor|evasion|1
|-sideend|p2: Wizmus|Spikes|[from] move: Defog|[of] p2a: Corviknight
|-sideend|p2: Wizmus|Stealth Rock|[from] move: Defog|[of] p2a: Corviknight
|
|-heal|p1a: Gliscor|88/100 tox|[from] ability: Poison Heal
|upkeep
|turn|20
|
|t:|1758983946
|switch|p2a: Weavile|Weavile, M, tera:Ice|76/100
|-ability|p2a: Weavile|Pressure
|move|p1a: Gliscor|Spikes|p2a: Weavile
|-sidestart|p2: Wizmus|Spikes
|
|-heal|p1a: Gliscor|99/100 tox|[from] ability: Poison Heal
|upkeep
|turn|21
|
|t:|1758983953
|move|p2a: Weavile|Triple Axel|p1a: Gliscor
|-supereffective|p1a: Gliscor
|-damage|p1a: Gliscor|48/100 tox
|-supereffective|p1a: Gliscor
|-damage|p1a: Gliscor|0 fnt
|faint|p1a: Gliscor
|-hitcount|p1: Gliscor|2
|
|upkeep
|
|t:|1758983956
|switch|p1a: Avalugg|Avalugg-Hisui, F, tera:Fighting|100/100
|turn|22
|
|t:|1758983961
|switch|p2a: Corviknight|Corviknight, M|84/100
|-ability|p2a: Corviknight|Pressure
|move|p1a: Avalugg|Stealth Rock|p2a: Corviknight
|-sidestart|p2: Wizmus|move: Stealth Rock
|
|upkeep
|turn|23
|
|t:|1758983967
|move|p2a: Corviknight|Defog|p1a: Avalugg
|-unboost|p1a: Avalugg|evasion|1
|-sideend|p2: Wizmus|Spikes|[from] move: Defog|[of] p2a: Corviknight
|-sideend|p2: Wizmus|Stealth Rock|[from] move: Defog|[of] p2a: Corviknight
|move|p1a: Avalugg|Body Press|p2a: Corviknight
|-damage|p2a: Corviknight|53/100
|
|upkeep
|turn|24
|
|t:|1758983974
|move|p2a: Corviknight|Roost|p2a: Corviknight
|-heal|p2a: Corviknight|100/100
|-singleturn|p2a: Corviknight|move: Roost
|move|p1a: Avalugg|Stealth Rock|p2a: Corviknight
|-sidestart|p2: Wizmus|move: Stealth Rock
|
|upkeep
|turn|25
|
|t:|1758983979
|move|p2a: Corviknight|Defog|p1a: Avalugg
|-unboost|p1a: Avalugg|evasion|1
|-sideend|p2: Wizmus|Stealth Rock|[from] move: Defog|[of] p2a: Corviknight
|move|p1a: Avalugg|Body Press|p2a: Corviknight
|-damage|p2a: Corviknight|71/100
|
|upkeep
|turn|26
|
|t:|1758983985
|switch|p2a: Dragapult|Dragapult, F|76/100
|move|p1a: Avalugg|Stealth Rock|p2a: Dragapult
|-sidestart|p2: Wizmus|move: Stealth Rock
|
|upkeep
|turn|27
|
|t:|1758983993
|switch|p1a: Garganacl|Garganacl, M|17/100
|move|p2a: Dragapult|Draco Meteor|p1a: Garganacl
|-crit|p1a: Garganacl
|-damage|p1a: Garganacl|0 fnt
|-unboost|p2a: Dragapult|spa|2
|faint|p1a: Garganacl
|
|upkeep
|
|t:|1758983996
|switch|p1a: Gholdengo|Gholdengo|97/100
|turn|28
|
|t:|1758984004
|switch|p2a: Slowking|Slowking-Galar, M|46/100 brn
|-damage|p2a: Slowking|34/100 brn|[from] Stealth Rock
|move|p1a: Gholdengo|Make It Rain|p2a: Slowking
|-damage|p2a: Slowking|0 fnt
|-unboost|p1a: Gholdengo|spa|1
|faint|p2a: Slowking
|
|upkeep
|
|t:|1758984017
|switch|p2a: Dragapult|Dragapult, F|76/100
|-damage|p2a: Dragapult|64/100|[from] Stealth Rock
|turn|29
|
|t:|1758984032
|switch|p1a: Avalugg|Avalugg-Hisui, F, tera:Fighting|100/100
|move|p2a: Dragapult|Shadow Ball|p1a: Avalugg
|-damage|p1a: Avalugg|33/100
|-unboost|p1a: Avalugg|spd|1
|
|upkeep
|turn|30
|
|t:|1758984042
|move|p2a: Dragapult|Shadow Ball|p1a: Avalugg
|-damage|p1a: Avalugg|0 fnt
|faint|p1a: Avalugg
|
|upkeep
|
|t:|1758984045
|switch|p1a: Ogerpon|Ogerpon-Wellspring, F|100/100
|turn|31
|
|t:|1758984048
|move|p2a: Dragapult|Shadow Ball|p1a: Ogerpon
|-damage|p1a: Ogerpon|42/100
|move|p1a: Ogerpon|Knock Off|p2a: Dragapult
|-supereffective|p2a: Dragapult
|-damage|p2a: Dragapult|0 fnt
|-enditem|p2a: Dragapult|Choice Specs|[from] move: Knock Off|[of] p1a: Ogerpon
|faint|p2a: Dragapult
|
|upkeep
|
|t:|1758984054
|switch|p2a: Iron Valiant|Iron Valiant|100/100
|-damage|p2a: Iron Valiant|94/100|[from] Stealth Rock
|-enditem|p2a: Iron Valiant|Booster Energy
|-activate|p2a: Iron Valiant|ability: Quark Drive|[fromitem]
|-start|p2a: Iron Valiant|quarkdrivespe
|turn|32
|
|t:|1758984058
|move|p2a: Iron Valiant|Moonblast|p1a: Ogerpon
|-damage|p1a: Ogerpon|0 fnt
|faint|p1a: Ogerpon
|
|upkeep
|
|t:|1758984060
|switch|p1a: Gholdengo|Gholdengo|97/100
|turn|33
|
|t:|1758984064
|move|p2a: Iron Valiant|Knock Off|p1a: Gholdengo
|-supereffective|p1a: Gholdengo
|-damage|p1a: Gholdengo|38/100
|-enditem|p1a: Gholdengo|Heavy-Duty Boots|[from] move: Knock Off|[of] p2a: Iron Valiant
|move|p1a: Gholdengo|Thunder Wave|p2a: Iron Valiant
|-status|p2a: Iron Valiant|par
|
|upkeep
|turn|34
|
|t:|1758984072
|move|p1a: Gholdengo|Recover|p1a: Gholdengo
|-heal|p1a: Gholdengo|89/100
|cant|p2a: Iron Valiant|par
|
|upkeep
|turn|35
|
|t:|1758984078
|move|p1a: Gholdengo|Make It Rain|p2a: Iron Valiant
|-supereffective|p2a: Iron Valiant
|-damage|p2a: Iron Valiant|0 fnt
|-unboost|p1a: Gholdengo|spa|1
|faint|p2a: Iron Valiant
|-end|p2a: Iron Valiant|Quark Drive|[silent]
|
|upkeep
|
|t:|1758984081
|switch|p2a: Great Tusk|Great Tusk|70/100
|-damage|p2a: Great Tusk|67/100|[from] Stealth Rock
|turn|36
|
|t:|1758984088
|move|p2a: Great Tusk|Headlong Rush|p1a: Gholdengo
|-supereffective|p1a: Gholdengo
|-crit|p1a: Gholdengo
|-damage|p1a: Gholdengo|0 fnt
|-unboost|p2a: Great Tusk|def|1
|-unboost|p2a: Great Tusk|spd|1
|faint|p1a: Gholdengo
|
|win|Wizmus
|raw|thhrtg探头‘ ^ ’'s rating: 1451 &rarr; <strong>1429</strong><br />(-22 for losing)
|raw|Wizmus's rating: 1418 &rarr; <strong>1440</strong><br />(+22 for winning)
|l|☆thhrtg探头‘ ^ ’
|player|p1|
|l|☆Wizmus
|player|p2|
