|j|☆UltraGodGreninja
|j|☆homerac
|t:|1759004180
|gametype|singles
|player|p1|UltraGodGreninja|skyla|1254
|player|p2|homerac|169|1235
|gen|9
|tier|[Gen 9] OU
|rated|
|rule|HP Percentage Mod: HP is shown in percentages
|rule|Endless Battle Clause: Forcing endless battles is banned
|rule|Species Clause: Limit one of each Pokémon
|rule|OHKO Clause: OHKO moves are banned
|rule|Evasion Items Clause: Evasion items are banned
|rule|Evasion Moves Clause: Evasion moves are banned
|rule|Evasion Abilities Clause: Evasion abilities are banned
|rule|Sleep Moves Clause: Sleep-inducing moves are banned
|clearpoke
|poke|p1|Greninja-*, M|
|poke|p1|Zapdos|
|poke|p1|Great Tusk|
|poke|p1|Ting-Lu|
|poke|p1|Primarina, F|
|poke|p1|Scizor, F|
|poke|p2|Araquanid, F|
|poke|p2|Darkrai|
|poke|p2|Garchomp, M|
|poke|p2|Primarina, M|
|poke|p2|Breloom, F|
|poke|p2|Oricorio-Pom-Pom, F|
|teampreview
|
|t:|1759004194
|teamsize|p1|6
|teamsize|p2|6
|start
|switch|p1a: Zapdos|Zapdos|100/100
|switch|p2a: Garchomp|Garchomp, M|100/100
|turn|1
|
|t:|1759004209
|move|p2a: Garchomp|Stealth Rock|p1a: Zapdos
|-sidestart|p1: UltraGodGreninja|move: Stealth Rock
|move|p1a: Zapdos|Hurricane|p2a: Garchomp|[miss]
|-miss|p1a: Zapdos|p2a: Garchomp
|
|upkeep
|turn|2
|
|t:|1759004215
|switch|p2a: Oricorio|Oricorio-Pom-Pom, F|100/100
|switch|p1a: Ting-Lu|Ting-Lu|100/100
|-damage|p1a: Ting-Lu|94/100|[from] Stealth Rock
|-ability|p1a: Ting-Lu|Vessel of Ruin
|
|-heal|p1a: Ting-Lu|100/100|[from] item: Leftovers
|upkeep
|turn|3
|
|t:|1759004257
|switch|p2a: Breloom|Breloom, F|100/100
|move|p1a: Ting-Lu|Stealth Rock|p2a: Breloom
|-sidestart|p2: homerac|move: Stealth Rock
|
|upkeep
|turn|4
|
|t:|1759004273
|switch|p1a: Great Tusk|Great Tusk|100/100
|move|p2a: Breloom|Bullet Seed|p1a: Great Tusk
|-supereffective|p1a: Great Tusk
|-damage|p1a: Great Tusk|72/100
|-supereffective|p1a: Great Tusk
|-damage|p1a: Great Tusk|44/100
|-supereffective|p1a: Great Tusk
|-damage|p1a: Great Tusk|16/100
|-supereffective|p1a: Great Tusk
|-damage|p1a: Great Tusk|0 fnt
|faint|p1a: Great Tusk
|-end|p1a: Great Tusk|Protosynthesis|[silent]
|-hitcount|p1: Great Tusk|4
|
|upkeep
|
|t:|1759004286
|switch|p1a: Greninja|Greninja, M|100/100
|-damage|p1a: Greninja|88/100|[from] Stealth Rock
|turn|5
|
|t:|1759004303
|switch|p2a: Primarina|Primarina, M|100/100
|-damage|p2a: Primarina|88/100|[from] Stealth Rock
|move|p1a: Greninja|Sludge Wave|p2a: Primarina
|-start|p1a: Greninja|typechange|Poison|[from] ability: Protean
|-supereffective|p2a: Primarina
|-damage|p2a: Primarina|17/100
|-status|p2a: Primarina|psn
|
|-damage|p2a: Primarina|4/100 psn|[from] psn
|upkeep
|turn|6
|
|t:|1759004318
|move|p1a: Greninja|Sludge Wave|p2a: Primarina
|-supereffective|p2a: Primarina
|-damage|p2a: Primarina|0 fnt
|faint|p2a: Primarina
|
|upkeep
|
|t:|1759004325
|switch|p2a: Garchomp|Garchomp, M|100/100
|-damage|p2a: Garchomp|94/100|[from] Stealth Rock
|turn|7
|
|t:|1759004339
|switch|p1a: Zapdos|Zapdos|100/100
|switch|p2a: Darkrai|Darkrai|100/100
|-damage|p2a: Darkrai|88/100|[from] Stealth Rock
|
|upkeep
|turn|8
|
|t:|1759004345
|switch|p1a: Primarina|Primarina, F|100/100
|-damage|p1a: Primarina|88/100|[from] Stealth Rock
|move|p2a: Darkrai|Ice Beam|p1a: Primarina
|-resisted|p1a: Primarina
|-damage|p1a: Primarina|80/100
|
|upkeep
|turn|9
|
|t:|1759004362
|switch|p2a: Oricorio|Oricorio-Pom-Pom, F|100/100
|move|p1a: Primarina|Moonblast|p2a: Oricorio
|-damage|p2a: Oricorio|33/100
|
|upkeep
|turn|10
|
|t:|1759004368
|switch|p1a: Ting-Lu|Ting-Lu|100/100
|-damage|p1a: Ting-Lu|94/100|[from] Stealth Rock
|-ability|p1a: Ting-Lu|Vessel of Ruin
|move|p2a: Oricorio|Revelation Dance|p1a: Ting-Lu
|-immune|p1a: Ting-Lu
|
|-heal|p1a: Ting-Lu|100/100|[from] item: Leftovers
|upkeep
|turn|11
|
|t:|1759004378
|switch|p2a: Araquanid|Araquanid, F|100/100
|-damage|p2a: Araquanid|76/100|[from] Stealth Rock
|move|p1a: Ting-Lu|Whirlwind|p2a: Araquanid
|drag|p2a: Garchomp|Garchomp, M|94/100
|-damage|p2a: Garchomp|88/100|[from] Stealth Rock
|
|upkeep
|turn|12
|
|t:|1759004401
|switch|p1a: Zapdos|Zapdos|100/100
|move|p2a: Garchomp|Earthquake|p1a: Zapdos
|-immune|p1a: Zapdos
|
|upkeep
|turn|13
|
|t:|1759004407
|switch|p2a: Oricorio|Oricorio-Pom-Pom, F|33/100
|move|p1a: Zapdos|U-turn|p2a: Oricorio
|-resisted|p2a: Oricorio
|-crit|p2a: Oricorio
|-damage|p2a: Oricorio|17/100
|
|t:|1759004414
|switch|p1a: Scizor|Scizor, F|100/100|[from] U-turn
|-damage|p1a: Scizor|88/100|[from] Stealth Rock
|
|upkeep
|turn|14
|
|t:|1759004419
|switch|p2a: Garchomp|Garchomp, M|88/100
|-damage|p2a: Garchomp|82/100|[from] Stealth Rock
|move|p1a: Scizor|Knock Off|p2a: Garchomp
|-crit|p2a: Garchomp
|-damage|p2a: Garchomp|5/100
|-damage|p1a: Scizor|75/100|[from] ability: Rough Skin|[of] p2a: Garchomp
|-damage|p1a: Scizor|59/100|[from] item: Rocky Helmet|[of] p2a: Garchomp
|-enditem|p2a: Garchomp|Rocky Helmet|[from] move: Knock Off|[of] p1a: Scizor
|
|upkeep
|turn|15
|
|t:|1759004429
|switch|p1a: Zapdos|Zapdos|100/100
|move|p2a: Garchomp|Dragon Claw|p1a: Zapdos
|-damage|p1a: Zapdos|68/100
|
|upkeep
|turn|16
|
|t:|1759004446
|move|p2a: Garchomp|Dragon Claw|p1a: Zapdos
|-crit|p1a: Zapdos
|-damage|p1a: Zapdos|23/100
|move|p1a: Zapdos|Hurricane|p2a: Garchomp|[miss]
|-miss|p1a: Zapdos|p2a: Garchomp
|
|upkeep
|turn|17
|
|t:|1759004456
|move|p2a: Garchomp|Dragon Claw|p1a: Zapdos
|-damage|p1a: Zapdos|0 fnt
|faint|p1a: Zapdos
|
|upkeep
|
|t:|1759004460
|switch|p1a: Greninja|Greninja, M|88/100
|-damage|p1a: Greninja|76/100|[from] Stealth Rock
|turn|18
|
|t:|1759004465
|move|p1a: Greninja|Sludge Wave|p2a: Garchomp
|-start|p1a: Greninja|typechange|Poison|[from] ability: Protean
|-resisted|p2a: Garchomp
|-damage|p2a: Garchomp|0 fnt
|faint|p2a: Garchomp
|
|upkeep
|
|t:|1759004477
|switch|p2a: Araquanid|Araquanid, F|76/100
|-damage|p2a: Araquanid|51/100|[from] Stealth Rock
|turn|19
|
|t:|1759004490
|switch|p1a: Ting-Lu|Ting-Lu|100/100
|-damage|p1a: Ting-Lu|94/100|[from] Stealth Rock
|-ability|p1a: Ting-Lu|Vessel of Ruin
|-terastallize|p2a: Araquanid|Ground
|move|p2a: Araquanid|Liquidation|p1a: Ting-Lu
|-supereffective|p1a: Ting-Lu
|-damage|p1a: Ting-Lu|23/100
|-unboost|p1a: Ting-Lu|def|1
|
|-heal|p1a: Ting-Lu|29/100|[from] item: Leftovers
|-heal|p2a: Araquanid|57/100|[from] item: Leftovers
|upkeep
|turn|20
|
|t:|1759004502
|move|p1a: Ting-Lu|Earthquake|p2a: Araquanid
|-damage|p2a: Araquanid|10/100
|move|p2a: Araquanid|Liquidation|p1a: Ting-Lu
|-supereffective|p1a: Ting-Lu
|-damage|p1a: Ting-Lu|0 fnt
|faint|p1a: Ting-Lu
|
|-heal|p2a: Araquanid|16/100|[from] item: Leftovers
|upkeep
|
|t:|1759004507
|switch|p1a: Greninja|Greninja, M|76/100
|-damage|p1a: Greninja|64/100|[from] Stealth Rock
|turn|21
|
|t:|1759004512
|move|p1a: Greninja|Sludge Wave|p2a: Araquanid
|-start|p1a: Greninja|typechange|Poison|[from] ability: Protean
|-resisted|p2a: Araquanid
|-damage|p2a: Araquanid|0 fnt
|faint|p2a: Araquanid
|
|upkeep
|
|t:|1759004519
|switch|p2a: Darkrai|Darkrai|88/100
|-damage|p2a: Darkrai|76/100|[from] Stealth Rock
|turn|22
|
|t:|1759004522
|switch|p1a: Primarina|Primarina, F|80/100
|-damage|p1a: Primarina|68/100|[from] Stealth Rock
|move|p2a: Darkrai|Dark Pulse|p1a: Primarina
|-resisted|p1a: Primarina
|-damage|p1a: Primarina|57/100
|
|upkeep
|turn|23
|
|t:|1759004530
|move|p2a: Darkrai|Sludge Bomb|p1a: Primarina
|-supereffective|p1a: Primarina
|-damage|p1a: Primarina|22/100
|move|p1a: Primarina|Moonblast|p2a: Darkrai
|-supereffective|p2a: Darkrai
|-damage|p2a: Darkrai|0 fnt
|faint|p2a: Darkrai
|
|upkeep
|
|t:|1759004537
|switch|p2a: Breloom|Breloom, F|100/100
|-damage|p2a: Breloom|94/100|[from] Stealth Rock
|turn|24
|
|t:|1759004541
|move|p2a: Breloom|Bullet Seed|p1a: Primarina
|-supereffective|p1a: Primarina
|-damage|p1a: Primarina|0 fnt
|faint|p1a: Primarina
|-hitcount|p1: Primarina|1
|
|upkeep
|
|t:|1759004544
|switch|p1a: Scizor|Scizor, F|59/100
|-damage|p1a: Scizor|46/100|[from] Stealth Rock
|turn|25
|
|t:|1759004548
|move|p2a: Breloom|Mach Punch|p1a: Scizor
|-crit|p1a: Scizor
|-damage|p1a: Scizor|0 fnt
|faint|p1a: Scizor
|
|upkeep
|-message|UltraGodGreninja forfeited.
|
|win|homerac
|raw|UltraGodGreninja's rating: 1256 &rarr; <strong>1229</strong><br />(-27 for losing)
|raw|homerac's rating: 1235 &rarr; <strong>1262</strong><br />(+27 for winning)
|l|☆UltraGodGreninja
|player|p1|
|l|☆homerac
|player|p2|
