|j|☆h1justplay
|j|☆Malamar Hater
|t:|1758944038
|gametype|singles
|player|p1|h1justplay|skierf|1224
|player|p2|Malamar Hater|169|1189
|gen|9
|tier|[Gen 9] OU
|rated|
|rule|HP Percentage Mod: HP is shown in percentages
|rule|Endless Battle Clause: Forcing endless battles is banned
|rule|Species Clause: Limit one of each Pokémon
|rule|OHKO Clause: OHKO moves are banned
|rule|Evasion Items Clause: Evasion items are banned
|rule|Evasion Moves Clause: Evasion moves are banned
|rule|Evasion Abilities Clause: Evasion abilities are banned
|rule|Sleep Moves Clause: Sleep-inducing moves are banned
|clearpoke
|poke|p1|Torkoal, F|
|poke|p1|Walking Wake|
|poke|p1|Great Tusk|
|poke|p1|Slither Wing|
|poke|p1|Heatran, M|
|poke|p1|Blaziken, M|
|poke|p2|Slaking, M|
|poke|p2|Regigigas|
|poke|p2|Pecharunt|
|poke|p2|Porygon-Z|
|poke|p2|Kingambit, M|
|poke|p2|Breloom, M|
|teampreview
|inactive|Battle timer is ON: inactive players will automatically lose when time's up. (requested by Malamar Hater)
|
|t:|1758944060
|teamsize|p1|6
|teamsize|p2|6
|start
|switch|p1a: Torkoal|Torkoal, F|100/100
|switch|p2a: Exodia with Sars|Regigigas|100/100
|-start|p2a: Exodia with Sars|ability: Slow Start
|-weather|SunnyDay|[from] ability: Drought|[of] p1a: Torkoal
|turn|1
|
|t:|1758944068
|move|p2a: Exodia with Sars|Knock Off|p1a: Torkoal
|-damage|p1a: Torkoal|87/100
|-enditem|p1a: Torkoal|Eject Pack|[from] move: Knock Off|[of] p2a: Exodia with Sars
|move|p1a: Torkoal|Overheat|p2a: Exodia with Sars
|-damage|p2a: Exodia with Sars|54/100
|-unboost|p1a: Torkoal|spa|2
|
|-weather|SunnyDay|[upkeep]
|-heal|p2a: Exodia with Sars|60/100|[from] item: Leftovers
|upkeep
|turn|2
|
|t:|1758944078
|switch|p1a: Blaziken|Blaziken, M|100/100
|move|p2a: Exodia with Sars|Substitute|p2a: Exodia with Sars
|-start|p2a: Exodia with Sars|Substitute
|-damage|p2a: Exodia with Sars|35/100
|
|-weather|SunnyDay|[upkeep]
|-heal|p2a: Exodia with Sars|42/100|[from] item: Leftovers
|upkeep
|turn|3
|
|t:|1758944087
|move|p1a: Blaziken|Flare Blitz|p2a: Exodia with Sars
|-end|p2a: Exodia with Sars|Substitute
|-damage|p1a: Blaziken|89/100|[from] Recoil|[of] p2a: Exodia with Sars
|move|p2a: Exodia with Sars|Knock Off|p1a: Blaziken
|-resisted|p1a: Blaziken
|-damage|p1a: Blaziken|76/100
|-enditem|p1a: Blaziken|Choice Band|[from] move: Knock Off|[of] p2a: Exodia with Sars
|
|-weather|SunnyDay|[upkeep]
|-heal|p2a: Exodia with Sars|48/100|[from] item: Leftovers
|-ability|p1a: Blaziken|Speed Boost|boost
|-boost|p1a: Blaziken|spe|1
|upkeep
|turn|4
|
|t:|1758944098
|move|p1a: Blaziken|Flare Blitz|p2a: Exodia with Sars
|-damage|p2a: Exodia with Sars|0 fnt
|faint|p2a: Exodia with Sars
|-damage|p1a: Blaziken|54/100|[from] Recoil
|
|-weather|SunnyDay|[upkeep]
|-ability|p1a: Blaziken|Speed Boost|boost
|-boost|p1a: Blaziken|spe|1
|upkeep
|
|t:|1758944107
|switch|p2a: Rocky Balboa|Breloom, M|100/100
|turn|5
|
|t:|1758944117
|move|p1a: Blaziken|Flare Blitz|p2a: Rocky Balboa
|-supereffective|p2a: Rocky Balboa
|-enditem|p2a: Rocky Balboa|Focus Sash
|-damage|p2a: Rocky Balboa|1/100
|-damage|p1a: Blaziken|26/100|[from] Recoil
|move|p2a: Rocky Balboa|Swords Dance|p2a: Rocky Balboa
|-boost|p2a: Rocky Balboa|atk|2
|
|-weather|none
|-ability|p1a: Blaziken|Speed Boost|boost
|-boost|p1a: Blaziken|spe|1
|upkeep
|turn|6
|
|t:|1758944126
|switch|p1a: Torkoal|Torkoal, F|87/100
|-weather|SunnyDay|[from] ability: Drought|[of] p1a: Torkoal
|move|p2a: Rocky Balboa|Mach Punch|p1a: Torkoal
|-damage|p1a: Torkoal|41/100
|
|-weather|SunnyDay|[upkeep]
|upkeep
|turn|7
|
|t:|1758944136
|switch|p1a: Slither Wing|Slither Wing|100/100
|-activate|p1a: Slither Wing|ability: Protosynthesis
|-start|p1a: Slither Wing|protosynthesisatk
|move|p2a: Rocky Balboa|Mach Punch|p1a: Slither Wing
|-resisted|p1a: Slither Wing
|-damage|p1a: Slither Wing|63/100
|
|-weather|SunnyDay|[upkeep]
|upkeep
|turn|8
|
|t:|1758944152
|-terastallize|p2a: Rocky Balboa|Grass
|move|p1a: Slither Wing|First Impression|p2a: Rocky Balboa
|-supereffective|p2a: Rocky Balboa
|-damage|p2a: Rocky Balboa|0 fnt
|faint|p2a: Rocky Balboa
|
|-weather|SunnyDay|[upkeep]
|upkeep
|
|t:|1758944164
|switch|p2a: Monky|Slaking, M|100/100
|turn|9
|
|t:|1758944174
|move|p2a: Monky|Earthquake|p1a: Slither Wing
|-resisted|p1a: Slither Wing
|-damage|p1a: Slither Wing|32/100
|move|p1a: Slither Wing|Close Combat|p2a: Monky
|-supereffective|p2a: Monky
|-damage|p2a: Monky|0 fnt
|-unboost|p1a: Slither Wing|def|1
|-unboost|p1a: Slither Wing|spd|1
|faint|p2a: Monky
|
|-weather|SunnyDay|[upkeep]
|upkeep
|
|t:|1758944188
|switch|p2a: Windows XP|Porygon-Z|100/100
|turn|10
|
|t:|1758944196
|-end|p1a: Slither Wing|Protosynthesis|[silent]
|switch|p1a: Heatran|Heatran, M|100/100
|-item|p1a: Heatran|Air Balloon
|move|p2a: Windows XP|Tri Attack|p1a: Heatran
|-resisted|p1a: Heatran
|-damage|p1a: Heatran|62/100
|-enditem|p1a: Heatran|Air Balloon
|
|-weather|none
|upkeep
|turn|11
|
|t:|1758944206
|move|p2a: Windows XP|Tri Attack|p1a: Heatran
|-resisted|p1a: Heatran
|-damage|p1a: Heatran|23/100
|move|p1a: Heatran|Magma Storm|p2a: Windows XP
|-damage|p2a: Windows XP|21/100
|-activate|p2a: Windows XP|move: Magma Storm|[of] p1a: Heatran
|
|-damage|p2a: Windows XP|9/100|[from] move: Magma Storm|[partiallytrapped]
|upkeep
|turn|12
|
|t:|1758944211
|move|p1a: Heatran|Protect|p1a: Heatran
|-singleturn|p1a: Heatran|Protect
|move|p2a: Windows XP|Tri Attack|p1a: Heatran
|-activate|p1a: Heatran|move: Protect
|
|-damage|p2a: Windows XP|0 fnt|[from] move: Magma Storm|[partiallytrapped]
|faint|p2a: Windows XP
|upkeep
|
|t:|1758944217
|switch|p2a: Obey your Master!|Pecharunt|100/100
|turn|13
|
|t:|1758944222
|move|p2a: Obey your Master!|Night Shade|p1a: Heatran
|-damage|p1a: Heatran|0 fnt
|faint|p1a: Heatran
|
|upkeep
|
|t:|1758944224
|switch|p1a: Torkoal|Torkoal, F|41/100
|-weather|SunnyDay|[from] ability: Drought|[of] p1a: Torkoal
|turn|14
|
|t:|1758944229
|move|p2a: Obey your Master!|Toxic|p1a: Torkoal
|-status|p1a: Torkoal|tox
|-start|p1a: Torkoal|confusion|[from] ability: Poison Puppeteer|[of] p2a: Obey your Master!
|-activate|p1a: Torkoal|confusion
|move|p1a: Torkoal|Overheat|p2a: Obey your Master!
|-damage|p2a: Obey your Master!|18/100
|-unboost|p1a: Torkoal|spa|2
|
|-weather|SunnyDay|[upkeep]
|-heal|p2a: Obey your Master!|24/100|[from] item: Leftovers
|-damage|p1a: Torkoal|35/100 tox|[from] psn
|upkeep
|turn|15
|
|t:|1758944240
|move|p2a: Obey your Master!|Recover|p2a: Obey your Master!
|-heal|p2a: Obey your Master!|74/100
|-end|p1a: Torkoal|confusion
|move|p1a: Torkoal|Earth Power|p2a: Obey your Master!
|-supereffective|p2a: Obey your Master!
|-damage|p2a: Obey your Master!|50/100
|
|-weather|SunnyDay|[upkeep]
|-heal|p2a: Obey your Master!|56/100|[from] item: Leftovers
|-damage|p1a: Torkoal|22/100 tox|[from] psn
|upkeep
|turn|16
|
|t:|1758944250
|switch|p1a: Blaziken|Blaziken, M|26/100
|move|p2a: Obey your Master!|Recover|p2a: Obey your Master!
|-heal|p2a: Obey your Master!|100/100
|
|-weather|SunnyDay|[upkeep]
|upkeep
|turn|17
|
|t:|1758944254
|move|p1a: Blaziken|Flare Blitz|p2a: Obey your Master!
|-damage|p2a: Obey your Master!|53/100
|-damage|p1a: Blaziken|6/100|[from] Recoil
|move|p2a: Obey your Master!|Night Shade|p1a: Blaziken
|-damage|p1a: Blaziken|0 fnt
|faint|p1a: Blaziken
|
|-weather|SunnyDay|[upkeep]
|-heal|p2a: Obey your Master!|59/100|[from] item: Leftovers
|upkeep
|
|t:|1758944258
|switch|p1a: Walking Wake|Walking Wake|100/100
|-activate|p1a: Walking Wake|ability: Protosynthesis
|-start|p1a: Walking Wake|protosynthesisspe
|turn|18
|
|t:|1758944267
|-terastallize|p1a: Walking Wake|Water
|move|p1a: Walking Wake|Hydro Steam|p2a: Obey your Master!
|-damage|p2a: Obey your Master!|0 fnt
|faint|p2a: Obey your Master!
|
|-weather|none
|-end|p1a: Walking Wake|Protosynthesis
|upkeep
|
|t:|1758944274
|switch|p2a: Royal Flush|Kingambit, M|100/100
|-activate|p2a: Royal Flush|ability: Supreme Overlord
|-start|p2a: Royal Flush|fallen5|[silent]
|turn|19
|
|t:|1758944279
|move|p1a: Walking Wake|Hydro Steam|p2a: Royal Flush
|-damage|p2a: Royal Flush|18/100
|move|p2a: Royal Flush|Swords Dance|p2a: Royal Flush
|-boost|p2a: Royal Flush|atk|2
|
|-heal|p2a: Royal Flush|25/100|[from] item: Leftovers
|upkeep
|turn|20
|
|t:|1758944286
|move|p2a: Royal Flush|Sucker Punch|p1a: Walking Wake
|-damage|p1a: Walking Wake|0 fnt
|faint|p1a: Walking Wake
|-end|p1a: Walking Wake|Protosynthesis|[silent]
|
|-heal|p2a: Royal Flush|31/100|[from] item: Leftovers
|upkeep
|
|t:|1758944288
|switch|p1a: Great Tusk|Great Tusk|100/100
|turn|21
|
|t:|1758944311
|move|p2a: Royal Flush|Sucker Punch|p1a: Great Tusk
|-resisted|p1a: Great Tusk
|-damage|p1a: Great Tusk|53/100
|move|p1a: Great Tusk|Close Combat|p2a: Royal Flush
|-supereffective|p2a: Royal Flush
|-damage|p2a: Royal Flush|0 fnt
|-unboost|p1a: Great Tusk|def|1
|-unboost|p1a: Great Tusk|spd|1
|faint|p2a: Royal Flush
|-end|p2a: Royal Flush|fallen5|[silent]
|
|win|h1justplay
|raw|h1justplay's rating: 1224 &rarr; <strong>1246</strong><br />(+22 for winning)
|raw|Malamar Hater's rating: 1189 &rarr; <strong>1167</strong><br />(-22 for losing)
|l|☆h1justplay
|player|p1|
|l|☆Malamar Hater
|player|p2|
