|j|☆IsraeliTrickRoom
|j|☆DTrayn000
|t:|1758992636
|gametype|singles
|player|p1|IsraeliTrickRoom|170|1303
|player|p2|DTrayn000|hilbert|1258
|gen|9
|tier|[Gen 9] OU
|rated|
|rule|HP Percentage Mod: HP is shown in percentages
|rule|Endless Battle Clause: Forcing endless battles is banned
|rule|Species Clause: Limit one of each Pokémon
|rule|OHKO Clause: OHKO moves are banned
|rule|Evasion Items Clause: Evasion items are banned
|rule|Evasion Moves Clause: Evasion moves are banned
|rule|Evasion Abilities Clause: Evasion abilities are banned
|rule|Sleep Moves Clause: Sleep-inducing moves are banned
|clearpoke
|poke|p1|Indeedee, M|
|poke|p1|Hatterene, F|
|poke|p1|Ursaluna, F|
|poke|p1|Iron Hands|
|poke|p1|Hoopa-Unbound|
|poke|p1|Mimikyu, F|
|poke|p2|Dragapult, M|
|poke|p2|Serperior, M|
|poke|p2|Gliscor, M|
|poke|p2|Azumarill, F|
|poke|p2|Blaziken, M|
|poke|p2|Glimmora, F|
|teampreview
|inactive|Battle timer is ON: inactive players will automatically lose when time's up. (requested by IsraeliTrickRoom)
|
|t:|1758992650
|teamsize|p1|6
|teamsize|p2|6
|start
|switch|p1a: big hand|Iron Hands, shiny|100/100
|switch|p2a: Glimmora|Glimmora, F, shiny|100/100
|-enditem|p1a: big hand|Booster Energy
|-activate|p1a: big hand|ability: Quark Drive|[fromitem]
|-start|p1a: big hand|quarkdriveatk
|turn|1
|
|t:|1758992665
|-terastallize|p2a: Glimmora|Flying
|move|p2a: Glimmora|Meteor Beam||[still]
|-prepare|p2a: Glimmora|Meteor Beam
|-boost|p2a: Glimmora|spa|1
|-enditem|p2a: Glimmora|Power Herb
|-anim|p2a: Glimmora|Meteor Beam|p1a: big hand|[miss]
|-miss|p2a: Glimmora|p1a: big hand
|move|p1a: big hand|Ice Punch|p2a: Glimmora
|-supereffective|p2a: Glimmora
|-damage|p2a: Glimmora|0 fnt
|-activate|p2a: Glimmora|ability: Toxic Debris
|-sidestart|p1: IsraeliTrickRoom|move: Toxic Spikes
|faint|p2a: Glimmora
|
|upkeep
|
|t:|1758992679
|switch|p2a: Gliscor|Gliscor, M, shiny|100/100
|turn|2
|
|t:|1758992683
|move|p2a: Gliscor|Stealth Rock|p1a: big hand
|-sidestart|p1: IsraeliTrickRoom|move: Stealth Rock
|move|p1a: big hand|Ice Punch|p2a: Gliscor
|-supereffective|p2a: Gliscor
|-damage|p2a: Gliscor|0 fnt
|faint|p2a: Gliscor
|
|upkeep
|
|t:|1758992692
|switch|p2a: Blaziken|Blaziken, M, shiny|100/100
|turn|3
|
|t:|1758992698
|move|p2a: Blaziken|Focus Energy|p2a: Blaziken
|-start|p2a: Blaziken|move: Focus Energy
|move|p1a: big hand|Close Combat|p2a: Blaziken
|-damage|p2a: Blaziken|0 fnt
|-unboost|p1a: big hand|def|1
|-unboost|p1a: big hand|spd|1
|faint|p2a: Blaziken
|
|upkeep
|
|t:|1758992708
|switch|p2a: Azumarill|Azumarill, F, shiny|100/100
|turn|4
|
|t:|1758992713
|move|p1a: big hand|Supercell Slam|p2a: Azumarill
|-supereffective|p2a: Azumarill
|-damage|p2a: Azumarill|0 fnt
|faint|p2a: Azumarill
|
|upkeep
|
|t:|1758992719
|switch|p2a: Dragapult|Dragapult, M, shiny|100/100
|turn|5
|
|t:|1758992723
|move|p2a: Dragapult|Draco Meteor|p1a: big hand
|-damage|p1a: big hand|35/100
|-unboost|p2a: Dragapult|spa|2
|-enditem|p2a: Dragapult|Eject Pack
|
|t:|1758992726
|switch|p2a: Serperior|Serperior, M, shiny|100/100
|move|p1a: big hand|Ice Punch|p2a: Serperior
|-supereffective|p2a: Serperior
|-crit|p2a: Serperior
|-damage|p2a: Serperior|0 fnt
|faint|p2a: Serperior
|
|upkeep
|
|t:|1758992729
|switch|p2a: Dragapult|Dragapult, M, shiny|100/100
|turn|6
|
|t:|1758992733
|move|p2a: Dragapult|Shadow Ball|p1a: big hand
|-damage|p1a: big hand|0 fnt
|faint|p1a: big hand
|-end|p1a: big hand|Quark Drive|[silent]
|
|upkeep
|
|t:|1758992743
|switch|p1a: mimi|Mimikyu, F, shiny|100/100
|-status|p1a: mimi|psn
|-damage|p1a: mimi|88/100 psn|[from] Stealth Rock
|turn|7
|
|t:|1758992748
|move|p2a: Dragapult|Shadow Ball|p1a: mimi
|-activate|p1a: mimi|ability: Disguise
|-damage|p1a: mimi|88/100 psn
|detailschange|p1a: mimi|Mimikyu-Busted, F, shiny
|-damage|p1a: mimi|76/100 psn|[from] pokemon: Mimikyu-Busted
|move|p1a: mimi|Curse|p2a: Dragapult
|-start|p2a: Dragapult|Curse|[of] p1a: mimi
|-damage|p1a: mimi|26/100 psn
|
|-damage|p1a: mimi|13/100 psn|[from] psn
|-damage|p2a: Dragapult|76/100|[from] Curse
|upkeep
|turn|8
|
|t:|1758992752
|move|p2a: Dragapult|Shadow Ball|p1a: mimi
|-supereffective|p1a: mimi
|-damage|p1a: mimi|0 fnt
|faint|p1a: mimi
|
|-damage|p2a: Dragapult|51/100|[from] Curse
|upkeep
|
|t:|1758992760
|switch|p1a: pokemon|Indeedee, M, shiny|100/100
|-status|p1a: pokemon|psn
|-damage|p1a: pokemon|88/100 psn|[from] Stealth Rock
|-fieldstart|move: Psychic Terrain|[from] ability: Psychic Surge|[of] p1a: pokemon
|turn|9
|
|t:|1758992771
|move|p2a: Dragapult|Draco Meteor|p1a: pokemon
|-damage|p1a: pokemon|22/100 psn
|-unboost|p2a: Dragapult|spa|2
|move|p1a: pokemon|Encore|p2a: Dragapult
|-start|p2a: Dragapult|Encore
|
|-damage|p1a: pokemon|9/100 psn|[from] psn
|-damage|p2a: Dragapult|26/100|[from] Curse
|upkeep
|turn|10
|
|t:|1758992780
|-terastallize|p1a: pokemon|Fairy
|move|p2a: Dragapult|Draco Meteor|p1a: pokemon
|-immune|p1a: pokemon
|move|p1a: pokemon|Encore||[still]
|-fail|p1a: pokemon
|
|-damage|p1a: pokemon|0 fnt|[from] psn
|faint|p1a: pokemon
|-damage|p2a: Dragapult|1/100|[from] Curse
|upkeep
|
|t:|1758992785
|switch|p1a: hat|Hatterene, F, shiny|100/100
|-status|p1a: hat|psn
|-damage|p1a: hat|88/100 psn|[from] Stealth Rock
|turn|11
|
|t:|1758992787
|move|p2a: Dragapult|Draco Meteor|p1a: hat
|-immune|p1a: hat
|move|p1a: hat|Trick Room|p1a: hat
|-fieldstart|move: Trick Room|[of] p1a: hat
|
|-damage|p1a: hat|76/100 psn|[from] psn
|-damage|p2a: Dragapult|0 fnt|[from] Curse
|faint|p2a: Dragapult
|
|win|IsraeliTrickRoom
|raw|IsraeliTrickRoom's rating: 1303 &rarr; <strong>1320</strong><br />(+17 for winning)
|raw|DTrayn000's rating: 1258 &rarr; <strong>1236</strong><br />(-22 for losing)
|l|☆DTrayn000
|player|p2|
