|j|☆gedagideegeda
|j|☆acerrillo6970
|t:|1759053469
|gametype|singles
|player|p1|gedagideegeda|blackbelt|1178
|player|p2|acerrillo6970|102|1213
|gen|9
|tier|[Gen 9] OU
|rated|
|rule|HP Percentage Mod: HP is shown in percentages
|rule|Endless Battle Clause: Forcing endless battles is banned
|rule|Species Clause: Limit one of each Pokémon
|rule|OHKO Clause: OHKO moves are banned
|rule|Evasion Items Clause: Evasion items are banned
|rule|Evasion Moves Clause: Evasion moves are banned
|rule|Evasion Abilities Clause: Evasion abilities are banned
|rule|Sleep Moves Clause: Sleep-inducing moves are banned
|clearpoke
|poke|p1|Alomomola, M|
|poke|p1|Pawmot, F|
|poke|p1|Cinderace, F|
|poke|p1|Magnezone|
|poke|p1|Regidrago|
|poke|p1|Gholdengo|
|poke|p2|Weavile, F|
|poke|p2|Blastoise, F|
|poke|p2|Venusaur, F|
|poke|p2|Lokix, M|
|poke|p2|Comfey, F|
|poke|p2|Incineroar, F|
|teampreview
|inactive|Battle timer is ON: inactive players will automatically lose when time's up. (requested by acerrillo6970)
|
|t:|1759053478
|teamsize|p1|6
|teamsize|p2|6
|start
|switch|p1a: Cinderace|Cinderace, F|100/100
|switch|p2a: Incineroar|Incineroar, F|100/100
|-ability|p2a: Incineroar|Intimidate|boost
|-unboost|p1a: Cinderace|atk|1
|turn|1
|
|t:|1759053487
|move|p1a: Cinderace|U-turn|p2a: Incineroar
|-start|p1a: Cinderace|typechange|Bug|[from] ability: Libero
|-damage|p2a: Incineroar|76/100
|
|t:|1759053491
|switch|p1a: Alomomola|Alomomola, M|100/100|[from] U-turn
|move|p2a: Incineroar|Flame Charge|p1a: Alomomola
|-resisted|p1a: Alomomola
|-damage|p1a: Alomomola|93/100
|-boost|p2a: Incineroar|spe|1
|
|-heal|p2a: Incineroar|82/100|[from] item: Leftovers
|-heal|p1a: Alomomola|99/100|[from] item: Leftovers
|upkeep
|turn|2
|
|t:|1759053501
|move|p2a: Incineroar|Swords Dance|p2a: Incineroar
|-boost|p2a: Incineroar|atk|2
|move|p1a: Alomomola|Scald|p2a: Incineroar
|-supereffective|p2a: Incineroar
|-damage|p2a: Incineroar|56/100
|
|-heal|p2a: Incineroar|62/100|[from] item: Leftovers
|-heal|p1a: Alomomola|100/100|[from] item: Leftovers
|upkeep
|turn|3
|
|t:|1759053509
|move|p2a: Incineroar|Knock Off|p1a: Alomomola
|-damage|p1a: Alomomola|47/100
|-enditem|p1a: Alomomola|Leftovers|[from] move: Knock Off|[of] p2a: Incineroar
|move|p1a: Alomomola|Flip Turn|p2a: Incineroar
|-supereffective|p2a: Incineroar
|-damage|p2a: Incineroar|33/100
|
|t:|1759053521
|switch|p1a: Regidrago|Regidrago|100/100|[from] Flip Turn
|
|-heal|p2a: Incineroar|40/100|[from] item: Leftovers
|upkeep
|turn|4
|
|t:|1759053527
|move|p1a: Regidrago|Dragon Energy|p2a: Incineroar
|-damage|p2a: Incineroar|0 fnt
|faint|p2a: Incineroar
|
|upkeep
|
|t:|1759053530
|switch|p2a: Comfey|Comfey, F|100/100
|turn|5
|
|t:|1759053536
|switch|p1a: Cinderace|Cinderace, F|100/100
|move|p2a: Comfey|Calm Mind|p2a: Comfey
|-boost|p2a: Comfey|spa|1
|-boost|p2a: Comfey|spd|1
|
|upkeep
|turn|6
|
|t:|1759053542
|-terastallize|p2a: Comfey|Ground
|move|p1a: Cinderace|Pyro Ball|p2a: Comfey
|-damage|p2a: Comfey|20/100
|move|p2a: Comfey|Calm Mind|p2a: Comfey
|-boost|p2a: Comfey|spa|1
|-boost|p2a: Comfey|spd|1
|
|upkeep
|turn|7
|
|t:|1759053555
|move|p2a: Comfey|Draining Kiss|p1a: Cinderace
|-resisted|p1a: Cinderace
|-damage|p1a: Cinderace|65/100
|-heal|p2a: Comfey|51/100|[from] drain|[of] p1a: Cinderace
|move|p1a: Cinderace|Sucker Punch||[still]
|-fail|p1a: Cinderace
|
|upkeep
|turn|8
|c|☆gedagideegeda|da hell?
|
|t:|1759053569
|move|p2a: Comfey|Draining Kiss|p1a: Cinderace
|-resisted|p1a: Cinderace
|-damage|p1a: Cinderace|27/100
|-heal|p2a: Comfey|83/100|[from] drain|[of] p1a: Cinderace
|move|p1a: Cinderace|Pyro Ball|p2a: Comfey
|-damage|p2a: Comfey|4/100
|
|upkeep
|turn|9
|
|t:|1759053577
|move|p2a: Comfey|Draining Kiss|p1a: Cinderace
|-resisted|p1a: Cinderace
|-damage|p1a: Cinderace|0 fnt
|-heal|p2a: Comfey|27/100|[from] drain|[of] p1a: Cinderace
|faint|p1a: Cinderace
|
|upkeep
|
|t:|1759053593
|switch|p1a: Gholdengo|Gholdengo|100/100
|-item|p1a: Gholdengo|Air Balloon
|turn|10
|
|t:|1759053601
|move|p2a: Comfey|Draining Kiss|p1a: Gholdengo
|-resisted|p1a: Gholdengo
|-damage|p1a: Gholdengo|69/100
|-heal|p2a: Comfey|55/100|[from] drain|[of] p1a: Gholdengo
|-enditem|p1a: Gholdengo|Air Balloon
|move|p1a: Gholdengo|Shadow Ball|p2a: Comfey
|-damage|p2a: Comfey|30/100
|
|upkeep
|turn|11
|
|t:|1759053610
|move|p2a: Comfey|Draining Kiss|p1a: Gholdengo
|-resisted|p1a: Gholdengo
|-damage|p1a: Gholdengo|41/100
|-heal|p2a: Comfey|54/100|[from] drain|[of] p1a: Gholdengo
|move|p1a: Gholdengo|Make It Rain|p2a: Comfey
|-damage|p2a: Comfey|19/100
|-unboost|p1a: Gholdengo|spa|1
|
|upkeep
|turn|12
|
|t:|1759053619
|move|p2a: Comfey|Draining Kiss|p1a: Gholdengo
|-resisted|p1a: Gholdengo
|-damage|p1a: Gholdengo|10/100
|-heal|p2a: Comfey|47/100|[from] drain|[of] p1a: Gholdengo
|move|p1a: Gholdengo|Focus Blast|p2a: Comfey
|-damage|p2a: Comfey|32/100
|
|upkeep
|turn|13
|
|t:|1759053627
|move|p2a: Comfey|Draining Kiss|p1a: Gholdengo
|-resisted|p1a: Gholdengo
|-crit|p1a: Gholdengo
|-damage|p1a: Gholdengo|0 fnt
|-heal|p2a: Comfey|40/100|[from] drain|[of] p1a: Gholdengo
|faint|p1a: Gholdengo
|
|upkeep
|
|t:|1759053635
|switch|p1a: Magnezone|Magnezone|100/100
|turn|14
|
|t:|1759053639
|move|p2a: Comfey|Tera Blast|p1a: Magnezone|[anim] Tera Blast Ground
|-supereffective|p1a: Magnezone
|-ability|p1a: Magnezone|Sturdy
|-damage|p1a: Magnezone|1/100
|move|p1a: Magnezone|Flash Cannon|p2a: Comfey
|-damage|p2a: Comfey|12/100
|
|upkeep
|turn|15
|
|t:|1759053647
|move|p2a: Comfey|Draining Kiss|p1a: Magnezone
|-resisted|p1a: Magnezone
|-damage|p1a: Magnezone|0 fnt
|-heal|p2a: Comfey|13/100|[from] drain|[of] p1a: Magnezone
|-damage|p2a: Comfey|0 fnt|[from] item: Rocky Helmet|[of] p1a: Magnezone
|faint|p1a: Magnezone
|faint|p2a: Comfey
|
|upkeep
|
|t:|1759053656
|switch|p2a: Weavile|Weavile, F|100/100
|switch|p1a: Regidrago|Regidrago|100/100
|turn|16
|c|☆gedagideegeda|oh no
|
|t:|1759053669
|move|p1a: Regidrago|Dragon Energy|p2a: Weavile
|-enditem|p2a: Weavile|Focus Sash
|-damage|p2a: Weavile|1/100
|move|p2a: Weavile|Swords Dance|p2a: Weavile
|-boost|p2a: Weavile|atk|2
|
|upkeep
|turn|17
|
|t:|1759053675
|move|p2a: Weavile|Ice Shard|p1a: Regidrago
|-supereffective|p1a: Regidrago
|-damage|p1a: Regidrago|11/100
|move|p1a: Regidrago|Dragon Energy|p2a: Weavile
|-damage|p2a: Weavile|0 fnt
|faint|p2a: Weavile
|
|upkeep
|
|t:|1759053683
|switch|p2a: Lokix|Lokix, M|100/100
|turn|18
|
|t:|1759053687
|switch|p1a: Alomomola|Alomomola, M|81/100
|move|p2a: Lokix|Swords Dance|p2a: Lokix
|-boost|p2a: Lokix|atk|2
|
|upkeep
|turn|19
|
|t:|1759053694
|move|p2a: Lokix|Swords Dance|p2a: Lokix
|-boost|p2a: Lokix|atk|2
|move|p1a: Alomomola|Wish|p1a: Alomomola
|
|upkeep
|turn|20
|
|t:|1759053699
|move|p2a: Lokix|Leech Life|p1a: Alomomola
|-damage|p1a: Alomomola|0 fnt
|faint|p1a: Alomomola
|-damage|p2a: Lokix|91/100|[from] item: Life Orb
|
|upkeep
|
|t:|1759053704
|switch|p1a: Pawmot|Pawmot, F|100/100
|turn|21
|
|t:|1759053707
|move|p1a: Pawmot|Fake Out|p2a: Lokix
|-damage|p2a: Lokix|72/100
|cant|p2a: Lokix|flinch
|
|upkeep
|turn|22
|
|t:|1759053714
|move|p1a: Pawmot|Close Combat|p2a: Lokix
|-damage|p2a: Lokix|0 fnt
|-unboost|p1a: Pawmot|def|1
|-unboost|p1a: Pawmot|spd|1
|faint|p2a: Lokix
|
|upkeep
|
|t:|1759053719
|switch|p2a: Blastoise|Blastoise, F|100/100
|turn|23
|
|t:|1759053725
|move|p1a: Pawmot|Supercell Slam|p2a: Blastoise
|-supereffective|p2a: Blastoise
|-damage|p2a: Blastoise|2/100
|move|p2a: Blastoise|Rapid Spin|p1a: Pawmot
|-damage|p1a: Pawmot|78/100
|-boost|p2a: Blastoise|spe|1
|
|upkeep
|turn|24
|
|t:|1759053737
|move|p1a: Pawmot|Revival Blessing|p1a: Pawmot
|
|t:|1759053740
|-heal|p1: Alomomola|50/100|[from] move: Revival Blessing
|move|p2a: Blastoise|Rapid Spin|p1a: Pawmot
|-damage|p1a: Pawmot|55/100
|-boost|p2a: Blastoise|spe|1
|
|upkeep
|turn|25
|
|t:|1759053749
|switch|p1a: Alomomola|Alomomola, M|50/100
|move|p2a: Blastoise|Surf|p1a: Alomomola
|-resisted|p1a: Alomomola
|-damage|p1a: Alomomola|26/100
|
|upkeep
|turn|26
|
|t:|1759053761
|move|p2a: Blastoise|Surf|p1a: Alomomola
|-resisted|p1a: Alomomola
|-damage|p1a: Alomomola|3/100
|move|p1a: Alomomola|Wish|p1a: Alomomola
|
|upkeep
|turn|27
|
|t:|1759053766
|move|p1a: Alomomola|Protect|p1a: Alomomola
|-singleturn|p1a: Alomomola|Protect
|move|p2a: Blastoise|Surf|p1a: Alomomola
|-activate|p1a: Alomomola|move: Protect
|
|-heal|p1a: Alomomola|53/100|[from] move: Wish|[wisher] Alomomola
|upkeep
|turn|28
|
|t:|1759053772
|switch|p2a: Venusaur|Venusaur, F|100/100
|move|p1a: Alomomola|Wish|p1a: Alomomola
|
|upkeep
|turn|29
|
|t:|1759053778
|switch|p1a: Pawmot|Pawmot, F|55/100
|move|p2a: Venusaur|Leech Seed|p1a: Pawmot
|-start|p1a: Pawmot|move: Leech Seed
|
|-heal|p1a: Pawmot|100/100|[from] move: Wish|[wisher] Alomomola
|-damage|p1a: Pawmot|88/100|[from] Leech Seed|[of] p2a: Venusaur
|upkeep
|turn|30
|
|t:|1759053786
|move|p1a: Pawmot|Fake Out|p2a: Venusaur
|-damage|p2a: Venusaur|87/100
|cant|p2a: Venusaur|flinch
|
|-heal|p2a: Venusaur|94/100|[from] item: Leftovers
|-damage|p1a: Pawmot|76/100|[from] Leech Seed|[of] p2a: Venusaur
|-heal|p2a: Venusaur|100/100|[silent]
|upkeep
|turn|31
|
|t:|1759053794
|switch|p1a: Alomomola|Alomomola, M|86/100
|move|p2a: Venusaur|Earth Power|p1a: Alomomola
|-damage|p1a: Alomomola|64/100
|
|upkeep
|turn|32
|
|t:|1759053800
|move|p1a: Alomomola|Protect|p1a: Alomomola
|-singleturn|p1a: Alomomola|Protect
|move|p2a: Venusaur|Giga Drain|p1a: Alomomola
|-activate|p1a: Alomomola|move: Protect
|
|upkeep
|turn|33
|
|t:|1759053808
|move|p2a: Venusaur|Giga Drain|p1a: Alomomola
|-supereffective|p1a: Alomomola
|-damage|p1a: Alomomola|10/100
|move|p1a: Alomomola|Wish|p1a: Alomomola
|
|upkeep
|turn|34
|
|t:|1759053818
|switch|p1a: Regidrago|Regidrago|11/100
|move|p2a: Venusaur|Leech Seed|p1a: Regidrago
|-start|p1a: Regidrago|move: Leech Seed
|
|-heal|p1a: Regidrago|57/100|[from] move: Wish|[wisher] Alomomola
|-damage|p1a: Regidrago|44/100|[from] Leech Seed|[of] p2a: Venusaur
|upkeep
|turn|35
|
|t:|1759053828
|switch|p2a: Blastoise|Blastoise, F|2/100
|move|p1a: Regidrago|Draco Meteor|p2a: Blastoise|[miss]
|-miss|p1a: Regidrago|p2a: Blastoise
|
|-damage|p1a: Regidrago|32/100|[from] Leech Seed|[of] p2a: Blastoise
|-heal|p2a: Blastoise|21/100|[silent]
|upkeep
|turn|36
|
|t:|1759053836
|move|p1a: Regidrago|Draco Meteor|p2a: Blastoise
|-damage|p2a: Blastoise|0 fnt
|-unboost|p1a: Regidrago|spa|2
|faint|p2a: Blastoise
|
|upkeep
|
|t:|1759053839
|switch|p2a: Venusaur|Venusaur, F|100/100
|turn|37
|
|t:|1759053843
|move|p1a: Regidrago|Draco Meteor|p2a: Venusaur
|-damage|p2a: Venusaur|61/100
|-unboost|p1a: Regidrago|spa|2
|move|p2a: Venusaur|Earth Power|p1a: Regidrago
|-damage|p1a: Regidrago|3/100
|
|-heal|p2a: Venusaur|67/100|[from] item: Leftovers
|-damage|p1a: Regidrago|0 fnt|[from] Leech Seed|[of] p2a: Venusaur
|-heal|p2a: Venusaur|72/100|[silent]
|faint|p1a: Regidrago
|upkeep
|
|t:|1759053856
|switch|p1a: Alomomola|Alomomola, M|43/100
|turn|38
|
|t:|1759053859
|move|p1a: Alomomola|Protect|p1a: Alomomola
|-singleturn|p1a: Alomomola|Protect
|move|p2a: Venusaur|Giga Drain|p1a: Alomomola
|-activate|p1a: Alomomola|move: Protect
|
|-heal|p2a: Venusaur|79/100|[from] item: Leftovers
|upkeep
|turn|39
|
|t:|1759053866
|move|p2a: Venusaur|Giga Drain|p1a: Alomomola
|-supereffective|p1a: Alomomola
|-damage|p1a: Alomomola|0 fnt
|-heal|p2a: Venusaur|100/100|[from] drain|[of] p1a: Alomomola
|faint|p1a: Alomomola
|
|upkeep
|
|t:|1759053871
|switch|p1a: Pawmot|Pawmot, F|76/100
|turn|40
|
|t:|1759053874
|move|p1a: Pawmot|Fake Out|p2a: Venusaur
|-damage|p2a: Venusaur|88/100
|cant|p2a: Venusaur|flinch
|
|-heal|p2a: Venusaur|95/100|[from] item: Leftovers
|upkeep
|turn|41
|
|t:|1759053883
|move|p1a: Pawmot|Close Combat|p2a: Venusaur
|-resisted|p2a: Venusaur
|-damage|p2a: Venusaur|65/100
|-unboost|p1a: Pawmot|def|1
|-unboost|p1a: Pawmot|spd|1
|move|p2a: Venusaur|Leech Seed|p1a: Pawmot
|-start|p1a: Pawmot|move: Leech Seed
|
|-heal|p2a: Venusaur|71/100|[from] item: Leftovers
|-damage|p1a: Pawmot|63/100|[from] Leech Seed|[of] p2a: Venusaur
|-heal|p2a: Venusaur|82/100|[silent]
|upkeep
|turn|42
|-message|gedagideegeda forfeited.
|
|win|acerrillo6970
|raw|gedagideegeda's rating: 1178 &rarr; <strong>1156</strong><br />(-22 for losing)
|raw|acerrillo6970's rating: 1213 &rarr; <strong>1235</strong><br />(+22 for winning)
|l|☆gedagideegeda
|player|p1|
|l|☆acerrillo6970
|player|p2|
