|j|☆Melonkage
|j|☆1211zoro
|t:|1758917392
|gametype|singles
|player|p1|Melonkage|colress|1028
|player|p2|1211zoro|170|1047
|gen|9
|tier|[Gen 9] OU
|rated|
|rule|HP Percentage Mod: HP is shown in percentages
|rule|Endless Battle Clause: Forcing endless battles is banned
|rule|Species Clause: Limit one of each Pokémon
|rule|OHKO Clause: OHKO moves are banned
|rule|Evasion Items Clause: Evasion items are banned
|rule|Evasion Moves Clause: Evasion moves are banned
|rule|Evasion Abilities Clause: Evasion abilities are banned
|rule|Sleep Moves Clause: Sleep-inducing moves are banned
|clearpoke
|poke|p1|Hydreigon, F|
|poke|p1|Sylveon, M|
|poke|p1|Breloom, M|
|poke|p1|Gholdengo|
|poke|p1|Dondozo, F|
|poke|p1|Ceruledge, F|
|poke|p2|Orthworm, F|
|poke|p2|Pincurchin, F|
|poke|p2|Raichu-Alola, F|
|poke|p2|Gliscor, F|
|poke|p2|Pelipper, M|
|poke|p2|Charizard, F|
|teampreview
|
|t:|1758917415
|teamsize|p1|6
|teamsize|p2|6
|start
|switch|p1a: Breloom|Breloom, M|100/100
|switch|p2a: Gliscor|Gliscor, F|100/100
|turn|1
|
|t:|1758917437
|move|p2a: Gliscor|Earthquake|p1a: Breloom
|-resisted|p1a: Breloom
|-damage|p1a: Breloom|73/100
|move|p1a: Breloom|Bulk Up|p1a: Breloom
|-boost|p1a: Breloom|atk|1
|-boost|p1a: Breloom|def|1
|
|-status|p2a: Gliscor|tox|[from] item: Toxic Orb
|upkeep
|turn|2
|
|t:|1758917452
|move|p2a: Gliscor|Toxic|p1a: Breloom
|-status|p1a: Breloom|tox
|move|p1a: Breloom|Bullet Seed|p2a: Gliscor
|-damage|p2a: Gliscor|77/100 tox
|-crit|p2a: Gliscor
|-damage|p2a: Gliscor|44/100 tox
|-damage|p2a: Gliscor|21/100 tox
|-hitcount|p2a: Gliscor|3
|
|-heal|p2a: Gliscor|34/100 tox|[from] ability: Poison Heal
|-damage|p1a: Breloom|66/100 tox|[from] psn
|upkeep
|turn|3
|
|t:|1758917464
|move|p2a: Gliscor|Protect|p2a: Gliscor
|-singleturn|p2a: Gliscor|Protect
|move|p1a: Breloom|Bullet Seed|p2a: Gliscor
|-activate|p2a: Gliscor|move: Protect
|
|-heal|p2a: Gliscor|46/100 tox|[from] ability: Poison Heal
|-damage|p1a: Breloom|54/100 tox|[from] psn
|upkeep
|turn|4
|
|t:|1758917475
|move|p2a: Gliscor|Substitute|p2a: Gliscor
|-start|p2a: Gliscor|Substitute
|-damage|p2a: Gliscor|21/100 tox
|move|p1a: Breloom|Bullet Seed|p2a: Gliscor
|-activate|p2a: Gliscor|move: Substitute|[damage]
|-end|p2a: Gliscor|Substitute
|-hitcount|p2a: Gliscor|2
|
|-heal|p2a: Gliscor|34/100 tox|[from] ability: Poison Heal
|-damage|p1a: Breloom|36/100 tox|[from] psn
|upkeep
|turn|5
|
|t:|1758917486
|move|p2a: Gliscor|Protect|p2a: Gliscor
|-singleturn|p2a: Gliscor|Protect
|move|p1a: Breloom|Bullet Seed|p2a: Gliscor
|-activate|p2a: Gliscor|move: Protect
|
|-heal|p2a: Gliscor|46/100 tox|[from] ability: Poison Heal
|-damage|p1a: Breloom|11/100 tox|[from] psn
|upkeep
|turn|6
|
|t:|1758917502
|move|p1a: Breloom|Mach Punch|p2a: Gliscor
|-resisted|p2a: Gliscor
|-damage|p2a: Gliscor|28/100 tox
|move|p2a: Gliscor|Substitute|p2a: Gliscor
|-start|p2a: Gliscor|Substitute
|-damage|p2a: Gliscor|3/100 tox
|
|-heal|p2a: Gliscor|16/100 tox|[from] ability: Poison Heal
|-damage|p1a: Breloom|0 fnt|[from] psn
|faint|p1a: Breloom
|upkeep
|
|t:|1758917525
|switch|p1a: Sylveon|Sylveon, M|100/100
|turn|7
|
|t:|1758917534
|move|p2a: Gliscor|Toxic|p1a: Sylveon
|-status|p1a: Sylveon|tox
|move|p1a: Sylveon|Hyper Voice|p2a: Gliscor
|-damage|p2a: Gliscor|0 fnt
|faint|p2a: Gliscor
|
|-damage|p1a: Sylveon|94/100 tox|[from] psn
|upkeep
|
|t:|1758917547
|switch|p2a: Pincurchin|Pincurchin, F|100/100
|-fieldstart|move: Electric Terrain|[from] ability: Electric Surge|[of] p2a: Pincurchin
|turn|8
|
|t:|1758917553
|move|p1a: Sylveon|Hyper Voice|p2a: Pincurchin
|-damage|p2a: Pincurchin|8/100
|move|p2a: Pincurchin|Toxic Spikes|p1a: Sylveon
|-sidestart|p1: Melonkage|move: Toxic Spikes
|
|-damage|p1a: Sylveon|82/100 tox|[from] psn
|upkeep
|turn|9
|
|t:|1758917561
|move|p1a: Sylveon|Hyper Voice|p2a: Pincurchin
|-damage|p2a: Pincurchin|0 fnt
|faint|p2a: Pincurchin
|
|-damage|p1a: Sylveon|64/100 tox|[from] psn
|upkeep
|
|t:|1758917563
|switch|p2a: Raichu|Raichu-Alola, F|100/100
|turn|10
|
|t:|1758917570
|move|p2a: Raichu|Electro Ball|p1a: Sylveon
|-damage|p1a: Sylveon|3/100 tox
|-damage|p2a: Raichu|91/100|[from] item: Life Orb
|move|p1a: Sylveon|Hyper Voice|p2a: Raichu
|-damage|p2a: Raichu|0 fnt
|faint|p2a: Raichu
|
|-damage|p1a: Sylveon|0 fnt|[from] psn
|faint|p1a: Sylveon
|upkeep
|
|t:|1758917595
|switch|p2a: Orthworm|Orthworm, F|100/100
|switch|p1a: Dondozo|Dondozo, F|100/100
|-status|p1a: Dondozo|psn
|turn|11
|inactive|Battle timer is ON: inactive players will automatically lose when time's up. (requested by 1211zoro)
|
|t:|1758917624
|switch|p1a: Ceruledge|Ceruledge, F|100/100
|-status|p1a: Ceruledge|psn
|move|p2a: Orthworm|Iron Defense|p2a: Orthworm
|-boost|p2a: Orthworm|def|2
|
|-damage|p1a: Ceruledge|88/100 psn|[from] psn
|upkeep
|turn|12
|
|t:|1758917642
|-terastallize|p2a: Orthworm|Electric
|move|p1a: Ceruledge|Bitter Blade|p2a: Orthworm
|-damage|p2a: Orthworm|87/100
|-heal|p1a: Ceruledge|96/100 psn|[from] drain|[of] p2a: Orthworm
|move|p2a: Orthworm|Iron Defense|p2a: Orthworm
|-boost|p2a: Orthworm|def|2
|
|-heal|p2a: Orthworm|93/100|[from] item: Leftovers
|-damage|p1a: Ceruledge|84/100 psn|[from] psn
|upkeep
|turn|13
|
|t:|1758917655
|move|p1a: Ceruledge|Bitter Blade|p2a: Orthworm
|-damage|p2a: Orthworm|84/100
|-heal|p1a: Ceruledge|89/100 psn|[from] drain|[of] p2a: Orthworm
|move|p2a: Orthworm|Stealth Rock|p1a: Ceruledge
|-sidestart|p1: Melonkage|move: Stealth Rock
|
|-heal|p2a: Orthworm|90/100|[from] item: Leftovers
|-damage|p1a: Ceruledge|77/100 psn|[from] psn
|upkeep
|turn|14
|
|t:|1758917672
|move|p1a: Ceruledge|Solar Blade||[still]
|-prepare|p1a: Ceruledge|Solar Blade
|-enditem|p1a: Ceruledge|Power Herb
|-anim|p1a: Ceruledge|Solar Blade|p2a: Orthworm
|-damage|p2a: Orthworm|81/100
|move|p2a: Orthworm|Iron Defense|p2a: Orthworm
|-boost|p2a: Orthworm|def|2
|
|-heal|p2a: Orthworm|87/100|[from] item: Leftovers
|-damage|p1a: Ceruledge|64/100 psn|[from] psn
|upkeep
|turn|15
|
|t:|1758917684
|move|p1a: Ceruledge|Bitter Blade|p2a: Orthworm
|-damage|p2a: Orthworm|79/100
|-heal|p1a: Ceruledge|69/100 psn|[from] drain|[of] p2a: Orthworm
|move|p2a: Orthworm|Body Press|p1a: Ceruledge
|-immune|p1a: Ceruledge
|
|-heal|p2a: Orthworm|85/100|[from] item: Leftovers
|-damage|p1a: Ceruledge|57/100 psn|[from] psn
|-fieldend|move: Electric Terrain
|upkeep
|turn|16
|
|t:|1758917696
|move|p1a: Ceruledge|Bitter Blade|p2a: Orthworm
|-damage|p2a: Orthworm|78/100
|-heal|p1a: Ceruledge|61/100 psn|[from] drain|[of] p2a: Orthworm
|move|p2a: Orthworm|Heavy Slam|p1a: Ceruledge
|-resisted|p1a: Ceruledge
|-damage|p1a: Ceruledge|36/100 psn
|
|-heal|p2a: Orthworm|84/100|[from] item: Leftovers
|-damage|p1a: Ceruledge|24/100 psn|[from] psn
|upkeep
|turn|17
|
|t:|1758917708
|move|p1a: Ceruledge|Bitter Blade|p2a: Orthworm
|-damage|p2a: Orthworm|77/100
|-heal|p1a: Ceruledge|28/100 psn|[from] drain|[of] p2a: Orthworm
|move|p2a: Orthworm|Heavy Slam|p1a: Ceruledge
|-resisted|p1a: Ceruledge
|-damage|p1a: Ceruledge|4/100 psn
|
|-heal|p2a: Orthworm|83/100|[from] item: Leftovers
|-damage|p1a: Ceruledge|0 fnt|[from] psn
|faint|p1a: Ceruledge
|upkeep
|inactive|Melonkage has 120 seconds left.
|
|t:|1758917729
|switch|p1a: Dondozo|Dondozo, F|100/100 psn
|-damage|p1a: Dondozo|88/100 psn|[from] Stealth Rock
|turn|18
|inactive|Melonkage has 120 seconds left.
|
|t:|1758917743
|move|p2a: Orthworm|Body Press|p1a: Dondozo
|-damage|p1a: Dondozo|70/100 psn
|move|p1a: Dondozo|Wave Crash|p2a: Orthworm
|-damage|p2a: Orthworm|57/100
|-damage|p1a: Dondozo|64/100 psn|[from] Recoil
|
|-heal|p2a: Orthworm|63/100|[from] item: Leftovers
|-damage|p1a: Dondozo|51/100 psn|[from] psn
|upkeep
|turn|19
|inactive|Melonkage has 120 seconds left.
|
|t:|1758917759
|move|p2a: Orthworm|Body Press|p1a: Dondozo
|-damage|p1a: Dondozo|35/100 psn
|move|p1a: Dondozo|Curse|p1a: Dondozo
|-unboost|p1a: Dondozo|spe|1
|-boost|p1a: Dondozo|atk|1
|-boost|p1a: Dondozo|def|1
|
|-heal|p2a: Orthworm|69/100|[from] item: Leftovers
|-damage|p1a: Dondozo|23/100 psn|[from] psn
|upkeep
|turn|20
|
|t:|1758917773
|move|p2a: Orthworm|Body Press|p1a: Dondozo
|-damage|p1a: Dondozo|11/100 psn
|move|p1a: Dondozo|Rest|p1a: Dondozo
|-status|p1a: Dondozo|slp|[from] move: Rest
|-heal|p1a: Dondozo|100/100 slp|[silent]
|-enditem|p1a: Dondozo|Chesto Berry|[eat]
|-curestatus|p1a: Dondozo|slp|[msg]
|
|-heal|p2a: Orthworm|75/100|[from] item: Leftovers
|upkeep
|turn|21
|
|t:|1758917795
|-terastallize|p1a: Dondozo|Dragon
|move|p2a: Orthworm|Heavy Slam|p1a: Dondozo
|-damage|p1a: Dondozo|96/100
|move|p1a: Dondozo|Order Up|p2a: Orthworm
|-damage|p2a: Orthworm|50/100
|
|-heal|p2a: Orthworm|57/100|[from] item: Leftovers
|upkeep
|turn|22
|
|t:|1758917806
|move|p2a: Orthworm|Body Press|p1a: Dondozo
|-damage|p1a: Dondozo|84/100
|move|p1a: Dondozo|Order Up|p2a: Orthworm
|-damage|p2a: Orthworm|31/100
|
|-heal|p2a: Orthworm|37/100|[from] item: Leftovers
|upkeep
|turn|23
|
|t:|1758917816
|move|p2a: Orthworm|Body Press|p1a: Dondozo
|-damage|p1a: Dondozo|73/100
|move|p1a: Dondozo|Order Up|p2a: Orthworm
|-damage|p2a: Orthworm|14/100
|
|-heal|p2a: Orthworm|21/100|[from] item: Leftovers
|upkeep
|turn|24
|
|t:|1758917824
|move|p2a: Orthworm|Body Press|p1a: Dondozo
|-damage|p1a: Dondozo|61/100
|move|p1a: Dondozo|Order Up|p2a: Orthworm
|-damage|p2a: Orthworm|0 fnt
|faint|p2a: Orthworm
|
|upkeep
|
|t:|1758917831
|switch|p2a: Pelipper|Pelipper, M|100/100
|-weather|RainDance|[from] ability: Drizzle|[of] p2a: Pelipper
|turn|25
|
|t:|1758917843
|switch|p2a: Charizard|Charizard, F|100/100
|move|p1a: Dondozo|Order Up|p2a: Charizard
|-damage|p2a: Charizard|44/100
|
|-weather|RainDance|[upkeep]
|upkeep
|turn|26
|
|t:|1758917858
|move|p2a: Charizard|Thunder Punch|p1a: Dondozo
|-resisted|p1a: Dondozo
|-damage|p1a: Dondozo|58/100
|-damage|p2a: Charizard|34/100|[from] item: Life Orb
|move|p1a: Dondozo|Order Up|p2a: Charizard
|-damage|p2a: Charizard|0 fnt
|faint|p2a: Charizard
|
|-weather|RainDance|[upkeep]
|upkeep
|-message|1211zoro forfeited.
|
|win|Melonkage
|raw|Melonkage's rating: 1028 &rarr; <strong>1066</strong><br />(+38 for winning)
|raw|1211zoro's rating: 1047 &rarr; <strong>1029</strong><br />(-18 for losing)
|l|☆1211zoro
|player|p2|
