|j|☆leezee-yy
|j|☆Shiny_kairyu
|t:|1759035896
|gametype|singles
|player|p1|leezee-yy|steven|1669
|player|p2|Shiny_kairyu|burglar|1631
|gen|9
|tier|[Gen 9] OU
|rated|
|rule|HP Percentage Mod: HP is shown in percentages
|rule|Endless Battle Clause: Forcing endless battles is banned
|rule|Species Clause: Limit one of each Pokémon
|rule|OHKO Clause: OHKO moves are banned
|rule|Evasion Items Clause: Evasion items are banned
|rule|Evasion Moves Clause: Evasion moves are banned
|rule|Evasion Abilities Clause: Evasion abilities are banned
|rule|Sleep Moves Clause: Sleep-inducing moves are banned
|clearpoke
|poke|p1|Gengar, M|
|poke|p1|Conkeldurr, F|
|poke|p1|Metagross|
|poke|p1|Zapdos|
|poke|p1|Meowscarada, M|
|poke|p1|Zamazenta-*|
|poke|p2|Iron Valiant|
|poke|p2|Glimmora, F|
|poke|p2|Araquanid, F|
|poke|p2|Dragapult, F|
|poke|p2|Kingambit, F|
|poke|p2|Landorus-Therian, M|
|teampreview
|inactive|Battle timer is ON: inactive players will automatically lose when time's up. (requested by leezee-yy)
|j| Rizzofreko
|
|t:|1759035922
|teamsize|p1|6
|teamsize|p2|6
|start
|switch|p1a: Metagross|Metagross, shiny|100/100
|switch|p2a: Landorus|Landorus-Therian, M|100/100
|-ability|p2a: Landorus|Intimidate|boost
|-fail|p1a: Metagross|unboost|[from] ability: Clear Body|[of] p1a: Metagross
|turn|1
|l| Rizzofreko
|
|t:|1759035933
|move|p2a: Landorus|Stealth Rock|p1a: Metagross
|-sidestart|p1: leezee-yy|move: Stealth Rock
|move|p1a: Metagross|Ice Punch|p2a: Landorus
|-supereffective|p2a: Landorus
|-damage|p2a: Landorus|0 fnt
|-damage|p1a: Metagross|84/100|[from] item: Rocky Helmet|[of] p2a: Landorus
|faint|p2a: Landorus
|
|-heal|p1a: Metagross|90/100|[from] item: Leftovers
|upkeep
|
|t:|1759035942
|switch|p2a: Dragapult|Dragapult, F|100/100
|turn|2
|
|t:|1759035947
|-terastallize|p1a: Metagross|Dark
|move|p2a: Dragapult|Dragon Dance|p2a: Dragapult
|-boost|p2a: Dragapult|atk|1
|-boost|p2a: Dragapult|spe|1
|move|p1a: Metagross|Knock Off|p2a: Dragapult
|-supereffective|p2a: Dragapult
|-damage|p2a: Dragapult|0 fnt
|-enditem|p2a: Dragapult|Life Orb|[from] move: Knock Off|[of] p1a: Metagross
|faint|p2a: Dragapult
|
|-heal|p1a: Metagross|96/100|[from] item: Leftovers
|upkeep
|
|t:|1759035952
|switch|p2a: Iron Valiant|Iron Valiant|100/100
|-enditem|p2a: Iron Valiant|Booster Energy
|-activate|p2a: Iron Valiant|ability: Quark Drive|[fromitem]
|-start|p2a: Iron Valiant|quarkdrivespe
|turn|3
|
|t:|1759035955
|move|p1a: Metagross|Bullet Punch|p2a: Iron Valiant
|-supereffective|p2a: Iron Valiant
|-damage|p2a: Iron Valiant|40/100
|move|p2a: Iron Valiant|Moonblast|p1a: Metagross
|-supereffective|p1a: Metagross
|-damage|p1a: Metagross|0 fnt
|faint|p1a: Metagross
|
|upkeep
|
|t:|1759035963
|switch|p1a: Zamazenta|Zamazenta|100/100
|-damage|p1a: Zamazenta|95/100|[from] Stealth Rock
|-ability|p1a: Zamazenta|Dauntless Shield|boost
|-boost|p1a: Zamazenta|def|1
|turn|4
|
|t:|1759035968
|move|p2a: Iron Valiant|Moonblast|p1a: Zamazenta
|-supereffective|p1a: Zamazenta
|-damage|p1a: Zamazenta|43/100
|move|p1a: Zamazenta|Psychic Fangs|p2a: Iron Valiant
|-supereffective|p2a: Iron Valiant
|-damage|p2a: Iron Valiant|0 fnt
|faint|p2a: Iron Valiant
|-end|p2a: Iron Valiant|Quark Drive|[silent]
|
|upkeep
|
|t:|1759035978
|switch|p2a: Glimmora|Glimmora, F|100/100
|turn|5
|
|t:|1759035981
|move|p1a: Zamazenta|Psychic Fangs|p2a: Glimmora
|-supereffective|p2a: Glimmora
|-damage|p2a: Glimmora|30/100
|-activate|p2a: Glimmora|ability: Toxic Debris
|-sidestart|p1: leezee-yy|move: Toxic Spikes
|move|p2a: Glimmora|Meteor Beam||[still]
|-prepare|p2a: Glimmora|Meteor Beam
|-boost|p2a: Glimmora|spa|1
|-enditem|p2a: Glimmora|Power Herb
|-anim|p2a: Glimmora|Meteor Beam|p1a: Zamazenta
|-resisted|p1a: Zamazenta
|-damage|p1a: Zamazenta|16/100
|
|upkeep
|turn|6
|
|t:|1759035987
|switch|p2a: Kingambit|Kingambit, F|100/100
|-activate|p2a: Kingambit|ability: Supreme Overlord
|-start|p2a: Kingambit|fallen3|[silent]
|move|p1a: Zamazenta|Psychic Fangs|p2a: Kingambit
|-immune|p2a: Kingambit
|
|upkeep
|turn|7
|
|t:|1759035997
|-terastallize|p2a: Kingambit|Fire
|move|p1a: Zamazenta|Close Combat|p2a: Kingambit
|-damage|p2a: Kingambit|59/100
|-unboost|p1a: Zamazenta|def|1
|-unboost|p1a: Zamazenta|spd|1
|move|p2a: Kingambit|Low Kick|p1a: Zamazenta
|-damage|p1a: Zamazenta|0 fnt
|faint|p1a: Zamazenta
|
|upkeep
|
|t:|1759036004
|switch|p1a: Conkeldurr|Conkeldurr, F|100/100
|-damage|p1a: Conkeldurr|94/100|[from] Stealth Rock
|-status|p1a: Conkeldurr|psn
|turn|8
|
|t:|1759036009
|-end|p2a: Kingambit|fallen3|[silent]
|switch|p2a: Glimmora|Glimmora, F|30/100
|move|p1a: Conkeldurr|Defog|p2a: Glimmora
|-unboost|p2a: Glimmora|evasion|1
|-sideend|p1: leezee-yy|Toxic Spikes|[from] move: Defog|[of] p1a: Conkeldurr
|-sideend|p1: leezee-yy|Stealth Rock|[from] move: Defog|[of] p1a: Conkeldurr
|
|-heal|p1a: Conkeldurr|100/100 psn|[from] item: Leftovers
|-damage|p1a: Conkeldurr|88/100 psn|[from] psn
|upkeep
|turn|9
|
|t:|1759036012
|move|p1a: Conkeldurr|Mach Punch|p2a: Glimmora
|-damage|p2a: Glimmora|0 fnt
|-activate|p2a: Glimmora|ability: Toxic Debris
|-sidestart|p1: leezee-yy|move: Toxic Spikes
|faint|p2a: Glimmora
|
|-heal|p1a: Conkeldurr|94/100 psn|[from] item: Leftovers
|-damage|p1a: Conkeldurr|82/100 psn|[from] psn
|upkeep
|
|t:|1759036014
|switch|p2a: Araquanid|Araquanid, F|100/100
|turn|10
|
|t:|1759036019
|switch|p1a: Gengar|Gengar, M|100/100
|-sideend|p1: leezee-yy|move: Toxic Spikes|[of] p1a: Gengar
|move|p2a: Araquanid|Liquidation|p1a: Gengar
|-enditem|p1a: Gengar|Focus Sash
|-damage|p1a: Gengar|1/100
|-start|p2a: Araquanid|Disable|Liquidation|[from] ability: Cursed Body|[of] p1a: Gengar
|
|upkeep
|turn|11
|-message|Shiny_kairyu forfeited.
|
|win|leezee-yy
|raw|leezee-yy's rating: 1669 &rarr; <strong>1687</strong><br />(+18 for winning)
|raw|Shiny_kairyu's rating: 1631 &rarr; <strong>1613</strong><br />(-18 for losing)
|l|☆Shiny_kairyu
|player|p2|
|l|☆leezee-yy
|player|p1|
