|j|☆qwertyb0y
|j|☆maractus' no1 fan
|t:|1759034481
|gametype|singles
|player|p1|qwertyb0y|red|1262
|player|p2|maractus' no1 fan|2|1314
|gen|9
|tier|[Gen 9] OU
|rated|
|rule|HP Percentage Mod: HP is shown in percentages
|rule|Endless Battle Clause: Forcing endless battles is banned
|rule|Species Clause: Limit one of each Pokémon
|rule|OHKO Clause: OHKO moves are banned
|rule|Evasion Items Clause: Evasion items are banned
|rule|Evasion Moves Clause: Evasion moves are banned
|rule|Evasion Abilities Clause: Evasion abilities are banned
|rule|Sleep Moves Clause: Sleep-inducing moves are banned
|clearpoke
|poke|p1|Ninetales-Alola, M|
|poke|p1|Cetitan, F|
|poke|p1|Kyurem|
|poke|p1|Sandslash-Alola, F|
|poke|p1|Moltres|
|poke|p1|Zamazenta-*|
|poke|p2|Slowking-Galar, F|
|poke|p2|Darkrai|
|poke|p2|Landorus-Therian, M|
|poke|p2|Samurott-Hisui, M|
|poke|p2|Gholdengo|
|poke|p2|Kingambit, F|
|teampreview
|inactive|Battle timer is ON: inactive players will automatically lose when time's up. (requested by qwertyb0y)
|
|t:|1759034495
|teamsize|p1|6
|teamsize|p2|6
|start
|switch|p1a: Ninetales|Ninetales-Alola, M|100/100
|switch|p2a: Samurott|Samurott-Hisui, M|100/100
|-weather|Snowscape|[from] ability: Snow Warning|[of] p1a: Ninetales
|turn|1
|
|t:|1759034501
|move|p2a: Samurott|Ceaseless Edge|p1a: Ninetales|[miss]
|-miss|p2a: Samurott|p1a: Ninetales
|move|p1a: Ninetales|Aurora Veil|p1a: Ninetales
|-sidestart|p1: qwertyb0y|move: Aurora Veil
|
|-weather|Snowscape|[upkeep]
|upkeep
|turn|2
|
|t:|1759034504
|move|p2a: Samurott|Ceaseless Edge|p1a: Ninetales
|-resisted|p1a: Ninetales
|-damage|p1a: Ninetales|90/100
|-sidestart|p1: qwertyb0y|Spikes
|move|p1a: Ninetales|Freeze-Dry|p2a: Samurott
|-supereffective|p2a: Samurott
|-damage|p2a: Samurott|18/100
|
|-weather|Snowscape|[upkeep]
|upkeep
|turn|3
|
|t:|1759034507
|move|p2a: Samurott|Ceaseless Edge|p1a: Ninetales
|-resisted|p1a: Ninetales
|-damage|p1a: Ninetales|79/100
|-sidestart|p1: qwertyb0y|Spikes
|move|p1a: Ninetales|Freeze-Dry|p2a: Samurott
|-supereffective|p2a: Samurott
|-crit|p2a: Samurott
|-damage|p2a: Samurott|0 fnt
|faint|p2a: Samurott
|
|-weather|Snowscape|[upkeep]
|upkeep
|
|t:|1759034511
|switch|p2a: Gholdengo|Gholdengo|100/100
|turn|4
|
|t:|1759034519
|switch|p1a: Moltres|Moltres|100/100
|move|p2a: Gholdengo|Thunderbolt|p1a: Moltres
|-supereffective|p1a: Moltres
|-damage|p1a: Moltres|57/100
|
|-weather|Snowscape|[upkeep]
|upkeep
|turn|5
|
|t:|1759034528
|switch|p2a: Slowking|Slowking-Galar, F|100/100
|move|p1a: Moltres|Flamethrower|p2a: Slowking
|-damage|p2a: Slowking|72/100
|
|-weather|Snowscape|[upkeep]
|-sideend|p1: qwertyb0y|move: Aurora Veil
|upkeep
|turn|6
|
|t:|1759034539
|move|p1a: Moltres|Roost|p1a: Moltres
|-heal|p1a: Moltres|100/100
|-singleturn|p1a: Moltres|move: Roost
|move|p2a: Slowking|Thunder Wave|p1a: Moltres
|-status|p1a: Moltres|par
|
|-weather|Snowscape|[upkeep]
|upkeep
|turn|7
|
|t:|1759034543
|move|p1a: Moltres|U-turn|p2a: Slowking
|-damage|p2a: Slowking|56/100
|
|t:|1759034552
|switch|p1a: OneInAMilion|Sandslash-Alola, F|100/100|[from] U-turn
|move|p2a: Slowking|Future Sight|p1a: OneInAMilion
|-start|p2a: Slowking|move: Future Sight
|
|-weather|Snowscape|[upkeep]
|upkeep
|turn|8
|
|t:|1759034566
|switch|p2a: Gholdengo|Gholdengo|100/100
|move|p1a: OneInAMilion|Stealth Rock|p2a: Gholdengo
|-sidestart|p2: maractus' no1 fan|move: Stealth Rock
|
|-weather|none
|upkeep
|turn|9
|
|t:|1759034594
|-terastallize|p1a: OneInAMilion|Fire
|move|p2a: Gholdengo|Make It Rain|p1a: OneInAMilion
|-resisted|p1a: OneInAMilion
|-damage|p1a: OneInAMilion|29/100
|-unboost|p2a: Gholdengo|spa|1
|move|p1a: OneInAMilion|Knock Off|p2a: Gholdengo
|-supereffective|p2a: Gholdengo
|-damage|p2a: Gholdengo|29/100
|-enditem|p2a: Gholdengo|Metal Coat|[from] move: Knock Off|[of] p1a: OneInAMilion
|
|-end|p1a: OneInAMilion|move: Future Sight
|-damage|p1a: OneInAMilion|0 fnt
|faint|p1a: OneInAMilion
|upkeep
|inactive|qwertyb0y has 120 seconds left.
|
|t:|1759034613
|switch|p1a: Zamazenta|Zamazenta|100/100
|-damage|p1a: Zamazenta|84/100|[from] Spikes
|-ability|p1a: Zamazenta|Dauntless Shield|boost
|-boost|p1a: Zamazenta|def|1
|turn|10
|
|t:|1759034620
|switch|p2a: Landorus|Landorus-Therian, M|100/100
|-damage|p2a: Landorus|88/100|[from] Stealth Rock
|-ability|p2a: Landorus|Intimidate|boost
|-unboost|p1a: Zamazenta|atk|1
|move|p1a: Zamazenta|Crunch|p2a: Landorus
|-damage|p2a: Landorus|72/100
|-damage|p1a: Zamazenta|68/100|[from] item: Rocky Helmet|[of] p2a: Landorus
|
|-heal|p1a: Zamazenta|74/100|[from] item: Leftovers
|upkeep
|turn|11
|inactive|qwertyb0y has 120 seconds left.
|
|t:|1759034640
|switch|p1a: Ninetales|Ninetales-Alola, M|79/100
|-damage|p1a: Ninetales|63/100|[from] Spikes
|-weather|Snowscape|[from] ability: Snow Warning|[of] p1a: Ninetales
|move|p2a: Landorus|Stealth Rock|p1a: Ninetales
|-sidestart|p1: qwertyb0y|move: Stealth Rock
|
|-weather|Snowscape|[upkeep]
|upkeep
|turn|12
|
|t:|1759034647
|switch|p2a: Gholdengo|Gholdengo|29/100
|-damage|p2a: Gholdengo|23/100|[from] Stealth Rock
|move|p1a: Ninetales|Aurora Veil|p1a: Ninetales
|-sidestart|p1: qwertyb0y|move: Aurora Veil
|
|-weather|Snowscape|[upkeep]
|upkeep
|turn|13
|
|t:|1759034654
|move|p1a: Ninetales|Blizzard|p2a: Gholdengo
|-resisted|p2a: Gholdengo
|-damage|p2a: Gholdengo|0 fnt
|faint|p2a: Gholdengo
|
|-weather|Snowscape|[upkeep]
|upkeep
|
|t:|1759034673
|switch|p2a: Darkrai|Darkrai|100/100
|-damage|p2a: Darkrai|88/100|[from] Stealth Rock
|turn|14
|
|t:|1759034679
|-terastallize|p2a: Darkrai|Poison
|move|p2a: Darkrai|Nasty Plot|p2a: Darkrai
|-boost|p2a: Darkrai|spa|2
|move|p1a: Ninetales|Blizzard|p2a: Darkrai
|-damage|p2a: Darkrai|36/100
|
|-weather|Snowscape|[upkeep]
|-heal|p2a: Darkrai|42/100|[from] item: Leftovers
|upkeep
|turn|15
|
|t:|1759034684
|move|p2a: Darkrai|Sludge Bomb|p1a: Ninetales
|-supereffective|p1a: Ninetales
|-damage|p1a: Ninetales|0 fnt
|faint|p1a: Ninetales
|
|-weather|Snowscape|[upkeep]
|-heal|p2a: Darkrai|48/100|[from] item: Leftovers
|upkeep
|
|t:|1759034698
|switch|p1a: Zamazenta|Zamazenta|74/100
|-damage|p1a: Zamazenta|57/100|[from] Spikes
|-damage|p1a: Zamazenta|51/100|[from] Stealth Rock
|turn|16
|
|t:|1759034702
|move|p1a: Zamazenta|Heavy Slam|p2a: Darkrai
|-damage|p2a: Darkrai|5/100
|move|p2a: Darkrai|Sludge Bomb|p1a: Zamazenta
|-damage|p1a: Zamazenta|15/100
|
|-weather|Snowscape|[upkeep]
|-heal|p1a: Zamazenta|21/100|[from] item: Leftovers
|-heal|p2a: Darkrai|12/100|[from] item: Leftovers
|-sideend|p1: qwertyb0y|move: Aurora Veil
|upkeep
|turn|17
|
|t:|1759034710
|move|p1a: Zamazenta|Heavy Slam|p2a: Darkrai
|-damage|p2a: Darkrai|0 fnt
|faint|p2a: Darkrai
|
|-weather|Snowscape|[upkeep]
|-heal|p1a: Zamazenta|28/100|[from] item: Leftovers
|upkeep
|
|t:|1759034718
|switch|p2a: Landorus|Landorus-Therian, M|72/100
|-damage|p2a: Landorus|60/100|[from] Stealth Rock
|-ability|p2a: Landorus|Intimidate|boost
|-unboost|p1a: Zamazenta|atk|1
|turn|18
|
|t:|1759034727
|move|p1a: Zamazenta|Heavy Slam|p2a: Landorus
|-damage|p2a: Landorus|45/100
|-damage|p1a: Zamazenta|11/100|[from] item: Rocky Helmet|[of] p2a: Landorus
|move|p2a: Landorus|Earth Power|p1a: Zamazenta
|-damage|p1a: Zamazenta|0 fnt
|faint|p1a: Zamazenta
|
|-weather|none
|upkeep
|
|t:|1759034736
|switch|p1a: ColdVision|Kyurem|100/100
|-damage|p1a: ColdVision|84/100|[from] Spikes
|-damage|p1a: ColdVision|59/100|[from] Stealth Rock
|-ability|p1a: ColdVision|Pressure
|turn|19
|
|t:|1759034741
|switch|p2a: Slowking|Slowking-Galar, F|89/100
|move|p1a: ColdVision|Freeze-Dry|p2a: Slowking
|-damage|p2a: Slowking|54/100
|-status|p2a: Slowking|frz
|
|upkeep
|turn|20
|
|t:|1759034746
|move|p1a: ColdVision|Freeze-Dry|p2a: Slowking
|-damage|p2a: Slowking|21/100 frz
|-curestatus|p2a: Slowking|frz|[msg]
|move|p2a: Slowking|Thunder Wave|p1a: ColdVision
|-status|p1a: ColdVision|par
|
|upkeep
|turn|21
|
|t:|1759034759
|switch|p2a: Landorus|Landorus-Therian, M|45/100
|-damage|p2a: Landorus|33/100|[from] Stealth Rock
|-ability|p2a: Landorus|Intimidate|boost
|-unboost|p1a: ColdVision|atk|1
|move|p1a: ColdVision|Freeze-Dry|p2a: Landorus
|-supereffective|p2a: Landorus
|-damage|p2a: Landorus|0 fnt
|faint|p2a: Landorus
|
|upkeep
|
|t:|1759034762
|switch|p2a: Kingambit|Kingambit, F|100/100
|-damage|p2a: Kingambit|94/100|[from] Stealth Rock
|-activate|p2a: Kingambit|ability: Supreme Overlord
|-start|p2a: Kingambit|fallen4|[silent]
|turn|22
|
|t:|1759034772
|switch|p1a: Moltres|Moltres|100/100 par
|move|p2a: Kingambit|Swords Dance|p2a: Kingambit
|-boost|p2a: Kingambit|atk|2
|
|-heal|p2a: Kingambit|100/100|[from] item: Leftovers
|upkeep
|turn|23
|
|t:|1759034779
|move|p2a: Kingambit|Kowtow Cleave|p1a: Moltres
|-damage|p1a: Moltres|0 fnt
|-status|p2a: Kingambit|brn|[from] ability: Flame Body|[of] p1a: Moltres
|faint|p1a: Moltres
|
|-damage|p2a: Kingambit|94/100 brn|[from] brn
|upkeep
|
|t:|1759034787
|switch|p1a: ColdVision|Kyurem|59/100 par
|-damage|p1a: ColdVision|42/100 par|[from] Spikes
|-damage|p1a: ColdVision|18/100 par|[from] Stealth Rock
|-ability|p1a: ColdVision|Pressure
|turn|24
|
|t:|1759034792
|move|p2a: Kingambit|Sucker Punch|p1a: ColdVision
|-damage|p1a: ColdVision|0 fnt
|faint|p1a: ColdVision
|
|-heal|p2a: Kingambit|100/100 brn|[from] item: Leftovers
|-damage|p2a: Kingambit|94/100 brn|[from] brn
|upkeep
|
|t:|1759034794
|switch|p1a: Cetitan|Cetitan, F, shiny|100/100
|-damage|p1a: Cetitan|84/100|[from] Spikes
|-damage|p1a: Cetitan|59/100|[from] Stealth Rock
|turn|25
|
|t:|1759034803
|move|p1a: Cetitan|Belly Drum|p1a: Cetitan
|-damage|p1a: Cetitan|9/100
|-setboost|p1a: Cetitan|atk|6|[from] move: Belly Drum
|-enditem|p1a: Cetitan|Sitrus Berry|[eat]
|-heal|p1a: Cetitan|34/100|[from] item: Sitrus Berry
|move|p2a: Kingambit|Low Kick|p1a: Cetitan
|-supereffective|p1a: Cetitan
|-damage|p1a: Cetitan|0 fnt
|faint|p1a: Cetitan
|
|win|maractus' no1 fan
|raw|qwertyb0y's rating: 1262 &rarr; <strong>1241</strong><br />(-21 for losing)
|raw|maractus&apos; no1 fan's rating: 1314 &rarr; <strong>1331</strong><br />(+17 for winning)
|c|☆qwertyb0y|ggd
|c|☆qwertyb0y|ggd
|c|☆qwertyb0y|ggs
|c|☆maractus' no1 fan|gg
|l|☆maractus' no1 fan
|player|p2|
|l|☆qwertyb0y
|player|p1|
