|j|☆Allegedly Stupid
|j|☆Soft Wock
|t:|1759073104
|gametype|singles
|player|p1|Allegedly Stupid|caitlin|1428
|player|p2|Soft Wock|picnicker|1392
|gen|9
|tier|[Gen 9] OU
|rated|
|rule|HP Percentage Mod: HP is shown in percentages
|rule|Endless Battle Clause: Forcing endless battles is banned
|rule|Species Clause: Limit one of each Pokémon
|rule|OHKO Clause: OHKO moves are banned
|rule|Evasion Items Clause: Evasion items are banned
|rule|Evasion Moves Clause: Evasion moves are banned
|rule|Evasion Abilities Clause: Evasion abilities are banned
|rule|Sleep Moves Clause: Sleep-inducing moves are banned
|clearpoke
|poke|p1|Ting-Lu|
|poke|p1|Clefable, F|
|poke|p1|Dragapult, F|
|poke|p1|Reuniclus, F|
|poke|p1|Skarmory, M|
|poke|p1|Empoleon, F|
|poke|p2|Zapdos|
|poke|p2|Pelipper, M|
|poke|p2|Greninja-*, M|
|poke|p2|Barraskewda, M|
|poke|p2|Dragapult, M|
|poke|p2|Scizor, F|
|teampreview
|inactive|Battle timer is ON: inactive players will automatically lose when time's up. (requested by Soft Wock)
|
|t:|1759073116
|teamsize|p1|6
|teamsize|p2|6
|start
|switch|p1a: Spell icup|Reuniclus, F|100/100
|switch|p2a: Pelipper|Pelipper, M|100/100
|-weather|RainDance|[from] ability: Drizzle|[of] p2a: Pelipper
|turn|1
|
|t:|1759073120
|move|p2a: Pelipper|U-turn|p1a: Spell icup
|-supereffective|p1a: Spell icup
|-damage|p1a: Spell icup|81/100
|
|t:|1759073122
|switch|p2a: Scizor|Scizor, F|100/100|[from] U-turn
|move|p1a: Spell icup|Thunder|p2a: Scizor
|-damage|p2a: Scizor|41/100
|
|-weather|RainDance|[upkeep]
|upkeep
|turn|2
|
|t:|1759073125
|switch|p1a: Skarmory|Skarmory, M|100/100
|move|p2a: Scizor|U-turn|p1a: Skarmory
|-resisted|p1a: Skarmory
|-damage|p1a: Skarmory|95/100
|-damage|p2a: Scizor|24/100|[from] item: Rocky Helmet|[of] p1a: Skarmory
|
|t:|1759073127
|switch|p2a: Zapdos|Zapdos|100/100|[from] U-turn
|
|-weather|RainDance|[upkeep]
|upkeep
|turn|3
|l|☆Soft Wock
|inactive|Soft Wock disconnected and has a minute to reconnect!
|player|p2|
|j|☆Soft Wock
|inactive|Soft Wock reconnected and has 110 seconds left.
|player|p2|Soft Wock|picnicker|
|
|t:|1759073178
|switch|p1a: Ting-Lu|Ting-Lu|100/100
|-ability|p1a: Ting-Lu|Vessel of Ruin
|-terastallize|p2a: Zapdos|Water
|move|p2a: Zapdos|Tera Blast|p1a: Ting-Lu|[anim] Tera Blast Water
|-supereffective|p1a: Ting-Lu
|-damage|p1a: Ting-Lu|21/100
|
|-weather|RainDance|[upkeep]
|-heal|p1a: Ting-Lu|27/100|[from] item: Leftovers
|upkeep
|turn|4
|
|t:|1759073186
|move|p2a: Zapdos|Tera Blast|p1a: Ting-Lu|[anim] Tera Blast Water
|-supereffective|p1a: Ting-Lu
|-damage|p1a: Ting-Lu|0 fnt
|faint|p1a: Ting-Lu
|
|-weather|RainDance|[upkeep]
|upkeep
|
|t:|1759073188
|switch|p1a: Dragapult|Dragapult, F|100/100
|turn|5
|
|t:|1759073192
|switch|p2a: Scizor|Scizor, F|24/100
|move|p1a: Dragapult|Will-O-Wisp|p2a: Scizor
|-status|p2a: Scizor|brn
|
|-weather|RainDance|[upkeep]
|-damage|p2a: Scizor|18/100 brn|[from] brn
|upkeep
|turn|6
|inactive|Soft Wock has 120 seconds left.
|
|t:|1759073208
|switch|p1a: Skarmory|Skarmory, M|95/100
|switch|p2a: Barraskewda|Barraskewda, M|100/100
|
|-weather|RainDance|[upkeep]
|upkeep
|turn|7
|
|t:|1759073215
|move|p2a: Barraskewda|Liquidation|p1a: Skarmory
|-damage|p1a: Skarmory|40/100
|-damage|p2a: Barraskewda|84/100|[from] item: Rocky Helmet|[of] p1a: Skarmory
|-damage|p2a: Barraskewda|74/100|[from] item: Life Orb
|move|p1a: Skarmory|Roost|p1a: Skarmory
|-heal|p1a: Skarmory|90/100
|-singleturn|p1a: Skarmory|move: Roost
|
|-weather|RainDance|[upkeep]
|upkeep
|turn|8
|
|t:|1759073224
|move|p2a: Barraskewda|Flip Turn|p1a: Skarmory
|-damage|p1a: Skarmory|48/100
|-damage|p2a: Barraskewda|58/100|[from] item: Rocky Helmet|[of] p1a: Skarmory
|-damage|p2a: Barraskewda|48/100|[from] item: Life Orb
|
|t:|1759073232
|switch|p2a: Zapdos|Zapdos, tera:Water|100/100|[from] Flip Turn
|move|p1a: Skarmory|Iron Defense|p1a: Skarmory
|-boost|p1a: Skarmory|def|2
|
|-weather|none
|upkeep
|turn|9
|
|t:|1759073237
|switch|p1a: Empoleon|Empoleon, F|100/100
|move|p2a: Zapdos|Volt Switch|p1a: Empoleon
|-supereffective|p1a: Empoleon
|-damage|p1a: Empoleon|0 fnt
|faint|p1a: Empoleon
|
|t:|1759073241
|switch|p2a: Pelipper|Pelipper, M|100/100|[from] Volt Switch
|-weather|RainDance|[from] ability: Drizzle|[of] p2a: Pelipper
|
|-weather|RainDance|[upkeep]
|upkeep
|
|t:|1759073243
|switch|p1a: Spell icup|Reuniclus, F|81/100
|turn|10
|
|t:|1759073247
|move|p2a: Pelipper|U-turn|p1a: Spell icup
|-supereffective|p1a: Spell icup
|-damage|p1a: Spell icup|63/100
|
|t:|1759073252
|switch|p2a: Dragapult|Dragapult, M|100/100|[from] U-turn
|move|p1a: Spell icup|Thunder|p2a: Dragapult
|-resisted|p2a: Dragapult
|-damage|p2a: Dragapult|64/100
|
|-weather|RainDance|[upkeep]
|upkeep
|turn|11
|
|t:|1759073260
|switch|p1a: Clefable|Clefable, F|100/100
|move|p2a: Dragapult|Thunder|p1a: Clefable
|-damage|p1a: Clefable|63/100
|-damage|p2a: Dragapult|54/100|[from] item: Life Orb
|
|-weather|RainDance|[upkeep]
|-heal|p1a: Clefable|69/100|[from] item: Leftovers
|upkeep
|turn|12
|
|t:|1759073265
|move|p2a: Dragapult|Thunder|p1a: Clefable
|-damage|p1a: Clefable|30/100
|-damage|p2a: Dragapult|44/100|[from] item: Life Orb
|move|p1a: Clefable|Moonblast|p2a: Dragapult
|-supereffective|p2a: Dragapult
|-damage|p2a: Dragapult|0 fnt
|faint|p2a: Dragapult
|
|-weather|RainDance|[upkeep]
|-heal|p1a: Clefable|36/100|[from] item: Leftovers
|upkeep
|
|t:|1759073269
|switch|p2a: Greninja|Greninja, M|100/100
|turn|13
|
|t:|1759073273
|move|p2a: Greninja|Surf|p1a: Clefable
|-damage|p1a: Clefable|0 fnt
|faint|p1a: Clefable
|-ability|p2a: Greninja|Battle Bond|boost
|-boost|p2a: Greninja|atk|1
|-boost|p2a: Greninja|spa|1
|-boost|p2a: Greninja|spe|1
|-activate|p2a: Greninja|ability: Battle Bond
|-damage|p2a: Greninja|91/100|[from] item: Life Orb
|
|-weather|RainDance|[upkeep]
|upkeep
|
|t:|1759073276
|switch|p1a: Skarmory|Skarmory, M|48/100
|turn|14
|
|t:|1759073277
|move|p2a: Greninja|Surf|p1a: Skarmory
|-damage|p1a: Skarmory|0 fnt
|faint|p1a: Skarmory
|-damage|p2a: Greninja|81/100|[from] item: Life Orb
|
|-weather|RainDance|[upkeep]
|upkeep
|
|t:|1759073279
|switch|p1a: Spell icup|Reuniclus, F|63/100
|turn|15
|
|t:|1759073280
|move|p2a: Greninja|Surf|p1a: Spell icup
|-damage|p1a: Spell icup|0 fnt
|faint|p1a: Spell icup
|-damage|p2a: Greninja|71/100|[from] item: Life Orb
|
|-weather|RainDance|[upkeep]
|upkeep
|
|t:|1759073282
|switch|p1a: Dragapult|Dragapult, F|100/100
|turn|16
|
|t:|1759073284
|move|p2a: Greninja|Dark Pulse|p1a: Dragapult
|-supereffective|p1a: Dragapult
|-damage|p1a: Dragapult|0 fnt
|faint|p1a: Dragapult
|-damage|p2a: Greninja|61/100|[from] item: Life Orb
|
|win|Soft Wock
|raw|Allegedly Stupid's rating: 1428 &rarr; <strong>1406</strong><br />(-22 for losing)
|raw|Soft Wock's rating: 1392 &rarr; <strong>1414</strong><br />(+22 for winning)
|l|☆Allegedly Stupid
|player|p1|
