|j|☆sam playplu
|j|☆samsagregor
|t:|1759061541
|gametype|singles
|player|p1|sam playplu|1|1431
|player|p2|samsagregor|2|1473
|gen|9
|tier|[Gen 9] OU
|rated|
|rule|HP Percentage Mod: HP is shown in percentages
|rule|Endless Battle Clause: Forcing endless battles is banned
|rule|Species Clause: Limit one of each Pokémon
|rule|OHKO Clause: OHKO moves are banned
|rule|Evasion Items Clause: Evasion items are banned
|rule|Evasion Moves Clause: Evasion moves are banned
|rule|Evasion Abilities Clause: Evasion abilities are banned
|rule|Sleep Moves Clause: Sleep-inducing moves are banned
|clearpoke
|poke|p1|Ninetales, F|
|poke|p1|Charizard, M|
|poke|p1|Great Tusk|
|poke|p1|Walking Wake|
|poke|p1|Raging Bolt|
|poke|p1|Hatterene, F|
|poke|p2|Torkoal, M|
|poke|p2|Walking Wake|
|poke|p2|Cinderace, M|
|poke|p2|Reuniclus, F|
|poke|p2|Okidogi, M|
|poke|p2|Leafeon, M|
|teampreview
|inactive|Battle timer is ON: inactive players will automatically lose when time's up. (requested by sam playplu)
|j| Drehjj68
|
|t:|1759061553
|teamsize|p1|6
|teamsize|p2|6
|start
|switch|p1a: Hatterene|Hatterene, F|100/100
|switch|p2a: Walking Wake|Walking Wake|100/100
|turn|1
|
|t:|1759061564
|move|p2a: Walking Wake|Hydro Steam|p1a: Hatterene
|-damage|p1a: Hatterene|62/100
|move|p1a: Hatterene|Nuzzle|p2a: Walking Wake
|-damage|p2a: Walking Wake|96/100
|-status|p2a: Walking Wake|par
|
|upkeep
|turn|2
|
|t:|1759061573
|-end|p2a: Walking Wake|Protosynthesis|[silent]
|switch|p2a: Torkoal|Torkoal, M|100/100
|-weather|SunnyDay|[from] ability: Drought|[of] p2a: Torkoal
|move|p1a: Hatterene|Draining Kiss|p2a: Torkoal
|-resisted|p2a: Torkoal
|-damage|p2a: Torkoal|83/100
|-heal|p1a: Hatterene|76/100|[from] drain|[of] p2a: Torkoal
|
|-weather|SunnyDay|[upkeep]
|upkeep
|turn|3
|
|t:|1759061589
|switch|p1a: Raging Bolt|Raging Bolt|100/100
|-activate|p1a: Raging Bolt|ability: Protosynthesis
|-start|p1a: Raging Bolt|protosynthesisspa
|move|p2a: Torkoal|Lava Plume|p1a: Raging Bolt
|-resisted|p1a: Raging Bolt
|-damage|p1a: Raging Bolt|89/100
|
|-weather|SunnyDay|[upkeep]
|upkeep
|turn|4
|
|t:|1759061604
|move|p1a: Raging Bolt|Weather Ball|p2a: Torkoal
|-resisted|p2a: Torkoal
|-damage|p2a: Torkoal|35/100
|move|p2a: Torkoal|Earthquake|p1a: Raging Bolt
|-supereffective|p1a: Raging Bolt
|-damage|p1a: Raging Bolt|48/100
|
|-weather|SunnyDay|[upkeep]
|upkeep
|turn|5
|
|t:|1759061614
|switch|p2a: Walking Wake|Walking Wake|96/100 par
|-activate|p2a: Walking Wake|ability: Protosynthesis
|-start|p2a: Walking Wake|protosynthesisspe
|move|p1a: Raging Bolt|Volt Switch|p2a: Walking Wake
|-damage|p2a: Walking Wake|31/100 par
|
|t:|1759061622
|-end|p1a: Raging Bolt|Protosynthesis|[silent]
|switch|p1a: Walking Wake|Walking Wake|100/100|[from] Volt Switch
|-activate|p1a: Walking Wake|ability: Protosynthesis
|-start|p1a: Walking Wake|protosynthesisspe
|
|-weather|SunnyDay|[upkeep]
|upkeep
|turn|6
|
|t:|1759061637
|move|p1a: Walking Wake|Dragon Pulse|p2a: Walking Wake
|-supereffective|p2a: Walking Wake
|-damage|p2a: Walking Wake|0 fnt
|faint|p2a: Walking Wake
|-end|p2a: Walking Wake|Protosynthesis|[silent]
|
|-weather|SunnyDay|[upkeep]
|upkeep
|
|t:|1759061646
|switch|p2a: Okidogi|Okidogi, M|100/100
|turn|7
|
|t:|1759061653
|move|p1a: Walking Wake|Hydro Steam|p2a: Okidogi
|-damage|p2a: Okidogi|56/100
|move|p2a: Okidogi|Bulk Up|p2a: Okidogi
|-boost|p2a: Okidogi|atk|1
|-boost|p2a: Okidogi|def|1
|
|-weather|SunnyDay|[upkeep]
|-heal|p2a: Okidogi|62/100|[from] item: Leftovers
|upkeep
|turn|8
|
|t:|1759061663
|-terastallize|p1a: Walking Wake|Water
|move|p1a: Walking Wake|Hydro Steam|p2a: Okidogi
|-damage|p2a: Okidogi|3/100
|move|p2a: Okidogi|Drain Punch|p1a: Walking Wake
|-damage|p1a: Walking Wake|46/100
|-heal|p2a: Okidogi|28/100|[from] drain|[of] p1a: Walking Wake
|
|-weather|SunnyDay|[upkeep]
|-heal|p2a: Okidogi|34/100|[from] item: Leftovers
|upkeep
|turn|9
|
|t:|1759061676
|switch|p2a: Torkoal|Torkoal, M|35/100
|move|p1a: Walking Wake|Hydro Steam|p2a: Torkoal
|-supereffective|p2a: Torkoal
|-damage|p2a: Torkoal|0 fnt
|faint|p2a: Torkoal
|
|-weather|none
|-end|p1a: Walking Wake|Protosynthesis
|upkeep
|
|t:|1759061689
|switch|p2a: Reuniclus|Reuniclus, F|100/100
|turn|10
|
|t:|1759061694
|-end|p1a: Walking Wake|Protosynthesis|[silent]
|switch|p1a: Ninetales|Ninetales, F|100/100
|-weather|SunnyDay|[from] ability: Drought|[of] p1a: Ninetales
|move|p2a: Reuniclus|Psychic Noise|p1a: Ninetales
|-damage|p1a: Ninetales|46/100
|-start|p1a: Ninetales|move: Heal Block
|
|-weather|SunnyDay|[upkeep]
|upkeep
|turn|11
|
|t:|1759061707
|switch|p1a: Hatterene|Hatterene, F|76/100
|move|p2a: Reuniclus|Psychic Noise|p1a: Hatterene
|-resisted|p1a: Hatterene
|-damage|p1a: Hatterene|59/100
|-start|p1a: Hatterene|move: Heal Block
|
|-weather|SunnyDay|[upkeep]
|upkeep
|turn|12
|
|t:|1759061716
|move|p2a: Reuniclus|Knock Off|p1a: Hatterene
|-damage|p1a: Hatterene|38/100
|-enditem|p1a: Hatterene|Assault Vest|[from] move: Knock Off|[of] p2a: Reuniclus
|move|p1a: Hatterene|Nuzzle|p2a: Reuniclus
|-damage|p2a: Reuniclus|97/100
|-status|p2a: Reuniclus|par
|
|-weather|SunnyDay|[upkeep]
|-end|p1a: Hatterene|move: Heal Block
|upkeep
|turn|13
|
|t:|1759061727
|move|p1a: Hatterene|Mystical Fire|p2a: Reuniclus
|-damage|p2a: Reuniclus|56/100 par
|-unboost|p2a: Reuniclus|spa|1
|move|p2a: Reuniclus|Psychic Noise|p1a: Hatterene
|-resisted|p1a: Hatterene
|-damage|p1a: Hatterene|23/100
|-start|p1a: Hatterene|move: Heal Block
|
|-weather|SunnyDay|[upkeep]
|upkeep
|turn|14
|
|t:|1759061739
|move|p1a: Hatterene|Mystical Fire|p2a: Reuniclus
|-damage|p2a: Reuniclus|18/100 par
|-unboost|p2a: Reuniclus|spa|1
|move|p2a: Reuniclus|Recover|p2a: Reuniclus
|-heal|p2a: Reuniclus|68/100 par
|
|-weather|SunnyDay|[upkeep]
|-end|p1a: Hatterene|move: Heal Block
|upkeep
|turn|15
|
|t:|1759061748
|switch|p2a: Cinderace|Cinderace, M|100/100
|move|p1a: Hatterene|Psychic Noise|p2a: Cinderace
|-damage|p2a: Cinderace|54/100
|-start|p2a: Cinderace|move: Heal Block
|
|-weather|SunnyDay|[upkeep]
|upkeep
|turn|16
|
|t:|1759061759
|move|p2a: Cinderace|Pyro Ball|p1a: Hatterene
|-damage|p1a: Hatterene|0 fnt
|faint|p1a: Hatterene
|
|-weather|SunnyDay|[upkeep]
|-end|p2a: Cinderace|move: Heal Block
|upkeep
|
|t:|1759061767
|switch|p1a: Walking Wake|Walking Wake, tera:Water|46/100
|-activate|p1a: Walking Wake|ability: Protosynthesis
|-start|p1a: Walking Wake|protosynthesisspe
|turn|17
|
|t:|1759061773
|switch|p2a: Okidogi|Okidogi, M|34/100
|move|p1a: Walking Wake|Hydro Steam|p2a: Okidogi
|-damage|p2a: Okidogi|0 fnt
|faint|p2a: Okidogi
|
|-weather|none
|-end|p1a: Walking Wake|Protosynthesis
|upkeep
|
|t:|1759061776
|switch|p2a: Leafeon|Leafeon, M|100/100
|turn|18
|
|t:|1759061785
|move|p1a: Walking Wake|Flamethrower|p2a: Leafeon
|-supereffective|p2a: Leafeon
|-damage|p2a: Leafeon|0 fnt
|faint|p2a: Leafeon
|
|upkeep
|-message|samsagregor forfeited.
|
|win|sam playplu
|raw|sam playplu's rating: 1431 &rarr; <strong>1453</strong><br />(+22 for winning)
|raw|samsagregor's rating: 1473 &rarr; <strong>1451</strong><br />(-22 for losing)
|l|☆samsagregor
|player|p2|
|l|☆sam playplu
|player|p1|
