|j|☆currywithwurry
|j|☆dengdengni
|t:|1759044873
|gametype|singles
|player|p1|currywithwurry|giovanni|1486
|player|p2|dengdengni|scientist|1531
|gen|9
|tier|[Gen 9] OU
|rated|
|rule|HP Percentage Mod: HP is shown in percentages
|rule|Endless Battle Clause: Forcing endless battles is banned
|rule|Species Clause: Limit one of each Pokémon
|rule|OHKO Clause: OHKO moves are banned
|rule|Evasion Items Clause: Evasion items are banned
|rule|Evasion Moves Clause: Evasion moves are banned
|rule|Evasion Abilities Clause: Evasion abilities are banned
|rule|Sleep Moves Clause: Sleep-inducing moves are banned
|clearpoke
|poke|p1|Sableye, M|
|poke|p1|Dragonite, M|
|poke|p1|Samurott-Hisui, F|
|poke|p1|Alomomola, M|
|poke|p1|Meowscarada, F|
|poke|p1|Ting-Lu|
|poke|p2|Kingambit, M|
|poke|p2|Deoxys-Speed|
|poke|p2|Great Tusk|
|poke|p2|Dragonite, F|
|poke|p2|Iron Moth|
|poke|p2|Primarina, M|
|teampreview
|inactive|Battle timer is ON: inactive players will automatically lose when time's up. (requested by currywithwurry)
|
|t:|1759044899
|teamsize|p1|6
|teamsize|p2|6
|start
|switch|p1a: Sableye|Sableye, M|100/100
|switch|p2a: Moebius|Deoxys-Speed|100/100
|-ability|p2a: Moebius|Pressure
|turn|1
|
|t:|1759044911
|switch|p1a: Alomomola|Alomomola, M|100/100
|move|p2a: Moebius|Shadow Ball|p1a: Alomomola
|-damage|p1a: Alomomola|85/100
|-damage|p2a: Moebius|91/100|[from] item: Life Orb
|
|upkeep
|turn|2
|
|t:|1759044917
|move|p2a: Moebius|Nasty Plot|p2a: Moebius
|-boost|p2a: Moebius|spa|2
|move|p1a: Alomomola|Flip Turn|p2a: Moebius
|-damage|p2a: Moebius|68/100
|
|t:|1759044920
|switch|p1a: Sableye|Sableye, M|100/100|[from] Flip Turn
|
|upkeep
|turn|3
|
|t:|1759044924
|move|p1a: Sableye|Will-O-Wisp|p2a: Moebius
|-status|p2a: Moebius|brn
|move|p2a: Moebius|Shadow Ball|p1a: Sableye
|-crit|p1a: Sableye
|-damage|p1a: Sableye|0 fnt
|faint|p1a: Sableye
|-damage|p2a: Moebius|58/100 brn|[from] item: Life Orb
|
|-damage|p2a: Moebius|52/100 brn|[from] brn
|upkeep
|
|t:|1759044927
|switch|p1a: Alomomola|Alomomola, M|100/100
|turn|4
|
|t:|1759044932
|move|p2a: Moebius|Psycho Boost|p1a: Alomomola
|-damage|p1a: Alomomola|12/100
|-unboost|p2a: Moebius|spa|2
|-damage|p2a: Moebius|42/100 brn|[from] item: Life Orb
|move|p1a: Alomomola|Mirror Coat|p2a: Moebius
|-damage|p2a: Moebius|0 fnt
|faint|p2a: Moebius
|
|upkeep
|
|t:|1759044941
|switch|p2a: Anomaly|Great Tusk|100/100
|-enditem|p2a: Anomaly|Booster Energy
|-activate|p2a: Anomaly|ability: Protosynthesis|[fromitem]
|-start|p2a: Anomaly|protosynthesisatk
|turn|5
|
|t:|1759044947
|switch|p1a: Ting-Lu|Ting-Lu|100/100
|-ability|p1a: Ting-Lu|Vessel of Ruin
|move|p2a: Anomaly|Rapid Spin|p1a: Ting-Lu
|-damage|p1a: Ting-Lu|88/100
|-boost|p2a: Anomaly|spe|1
|
|upkeep
|turn|6
|
|t:|1759044954
|move|p2a: Anomaly|Close Combat|p1a: Ting-Lu
|-supereffective|p1a: Ting-Lu
|-damage|p1a: Ting-Lu|2/100
|-unboost|p2a: Anomaly|def|1
|-unboost|p2a: Anomaly|spd|1
|move|p1a: Ting-Lu|Whirlwind|p2a: Anomaly
|-end|p2a: Anomaly|Protosynthesis|[silent]
|drag|p2a: Siren|Primarina, M|100/100
|
|upkeep
|turn|7
|
|t:|1759044961
|move|p2a: Siren|Moonblast|p1a: Ting-Lu
|-supereffective|p1a: Ting-Lu
|-damage|p1a: Ting-Lu|0 fnt
|faint|p1a: Ting-Lu
|
|upkeep
|
|t:|1759044964
|switch|p1a: Meowscarada|Meowscarada, F|100/100
|turn|8
|
|t:|1759044969
|-terastallize|p2a: Siren|Poison
|move|p1a: Meowscarada|Flower Trick|p2a: Siren
|-start|p1a: Meowscarada|typechange|Grass|[from] ability: Protean
|-resisted|p2a: Siren
|-crit|p2a: Siren
|-damage|p2a: Siren|65/100
|move|p2a: Siren|Moonblast|p1a: Meowscarada
|-damage|p1a: Meowscarada|18/100
|
|upkeep
|turn|9
|
|t:|1759044976
|switch|p2a: Anomаly|Iron Moth|100/100
|-enditem|p2a: Anomаly|Booster Energy
|-activate|p2a: Anomаly|ability: Quark Drive|[fromitem]
|-start|p2a: Anomаly|quarkdrivespe
|move|p1a: Meowscarada|Knock Off|p2a: Anomаly
|-damage|p2a: Anomаly|71/100
|
|upkeep
|turn|10
|
|t:|1759044985
|switch|p1a: Alomomola|Alomomola, M|45/100
|move|p2a: Anomаly|Sludge Wave|p1a: Alomomola
|-damage|p1a: Alomomola|24/100
|
|upkeep
|turn|11
|
|t:|1759044992
|switch|p1a: Meowscarada|Meowscarada, F|18/100
|move|p2a: Anomаly|Toxic Spikes|p1a: Meowscarada
|-sidestart|p1: currywithwurry|move: Toxic Spikes
|
|upkeep
|turn|12
|
|t:|1759044999
|move|p2a: Anomаly|Sludge Wave|p1a: Meowscarada
|-supereffective|p1a: Meowscarada
|-damage|p1a: Meowscarada|0 fnt
|faint|p1a: Meowscarada
|
|upkeep
|
|t:|1759045007
|switch|p1a: Dragonite|Dragonite, M|100/100
|turn|13
|
|t:|1759045015
|move|p2a: Anomаly|Sludge Wave|p1a: Dragonite
|-damage|p1a: Dragonite|75/100
|move|p1a: Dragonite|Dragon Dance|p1a: Dragonite
|-boost|p1a: Dragonite|atk|1
|-boost|p1a: Dragonite|spe|1
|
|upkeep
|turn|14
|
|t:|1759045022
|move|p2a: Anomаly|Sludge Wave|p1a: Dragonite
|-damage|p1a: Dragonite|21/100
|move|p1a: Dragonite|Dragon Dance|p1a: Dragonite
|-boost|p1a: Dragonite|atk|1
|-boost|p1a: Dragonite|spe|1
|
|upkeep
|turn|15
|
|t:|1759045030
|move|p1a: Dragonite|Extreme Speed|p2a: Anomаly
|-damage|p2a: Anomаly|0 fnt
|faint|p2a: Anomаly
|-end|p2a: Anomаly|Quark Drive|[silent]
|
|upkeep
|
|t:|1759045032
|switch|p2a: Yoshi|Dragonite, F, shiny|100/100
|turn|16
|
|t:|1759045037
|move|p2a: Yoshi|Extreme Speed|p1a: Dragonite
|-damage|p1a: Dragonite|0 fnt
|faint|p1a: Dragonite
|
|upkeep
|
|t:|1759045042
|switch|p1a: Alomomola|Alomomola, M|57/100
|-status|p1a: Alomomola|psn
|turn|17
|-message|currywithwurry forfeited.
|
|win|dengdengni
|raw|currywithwurry's rating: 1486 &rarr; <strong>1469</strong><br />(-17 for losing)
|raw|dengdengni's rating: 1531 &rarr; <strong>1548</strong><br />(+17 for winning)
|l|☆currywithwurry
|player|p1|
|l|☆dengdengni
|player|p2|
