|j|☆BearFirst2
|j|☆lovelymoa
|t:|1758983733
|gametype|singles
|player|p1|BearFirst2|169|1360
|player|p2|lovelymoa|265|1409
|gen|9
|tier|[Gen 9] OU
|rated|
|rule|HP Percentage Mod: HP is shown in percentages
|rule|Endless Battle Clause: Forcing endless battles is banned
|rule|Species Clause: Limit one of each Pokémon
|rule|OHKO Clause: OHKO moves are banned
|rule|Evasion Items Clause: Evasion items are banned
|rule|Evasion Moves Clause: Evasion moves are banned
|rule|Evasion Abilities Clause: Evasion abilities are banned
|rule|Sleep Moves Clause: Sleep-inducing moves are banned
|clearpoke
|poke|p1|Samurott-Hisui, M|
|poke|p1|Mamoswine, F|
|poke|p1|Volcanion|
|poke|p1|Hydrapple, F|
|poke|p1|Gholdengo|
|poke|p1|Landorus-Therian, M|
|poke|p2|Serperior, F|
|poke|p2|Iron Treads|
|poke|p2|Moltres|
|poke|p2|Garganacl, M|
|poke|p2|Gholdengo|
|poke|p2|Ting-Lu|
|teampreview
|inactive|Battle timer is ON: inactive players will automatically lose when time's up. (requested by BearFirst2)
|
|t:|1758983761
|teamsize|p1|6
|teamsize|p2|6
|start
|switch|p1a: Hydrapple|Hydrapple, F|100/100
|switch|p2a: Serperior|Serperior, F|100/100
|turn|1
|
|t:|1758983782
|switch|p1a: Gholdengo|Gholdengo|100/100
|-item|p1a: Gholdengo|Air Balloon
|move|p2a: Serperior|Glare|p1a: Gholdengo
|-immune|p1a: Gholdengo|[from] ability: Good as Gold
|
|upkeep
|turn|2
|
|t:|1758983794
|switch|p2a: Ting-Lu|Ting-Lu|100/100
|-ability|p2a: Ting-Lu|Vessel of Ruin
|move|p1a: Gholdengo|Thunder Wave|p2a: Ting-Lu
|-immune|p2a: Ting-Lu
|
|upkeep
|turn|3
|
|t:|1758983801
|switch|p1a: Hydrapple|Hydrapple, F|100/100
|move|p2a: Ting-Lu|Stealth Rock|p1a: Hydrapple
|-sidestart|p1: BearFirst2|move: Stealth Rock
|
|upkeep
|turn|4
|
|t:|1758983808
|-terastallize|p2a: Ting-Lu|Ghost
|move|p1a: Hydrapple|Nasty Plot|p1a: Hydrapple
|-boost|p1a: Hydrapple|spa|2
|move|p2a: Ting-Lu|Spikes|p1a: Hydrapple
|-sidestart|p1: BearFirst2|Spikes
|
|upkeep
|turn|5
|
|t:|1758983819
|move|p1a: Hydrapple|Fickle Beam|p2a: Ting-Lu|[anim] Fickle Beam All Out
|-activate|p1a: Hydrapple|move: Fickle Beam
|-damage|p2a: Ting-Lu|23/100
|move|p2a: Ting-Lu|Whirlwind|p1a: Hydrapple
|drag|p1a: Ground Cat|Landorus-Therian, M|100/100
|-damage|p1a: Ground Cat|88/100|[from] Stealth Rock
|-ability|p1a: Ground Cat|Intimidate|boost
|-unboost|p2a: Ting-Lu|atk|1
|
|-heal|p2a: Ting-Lu|29/100|[from] item: Leftovers
|upkeep
|turn|6
|
|t:|1758983832
|switch|p1a: Water-Fire|Volcanion|100/100
|move|p2a: Ting-Lu|Spikes|p1a: Water-Fire
|-sidestart|p1: BearFirst2|Spikes
|
|-heal|p2a: Ting-Lu|35/100|[from] item: Leftovers
|upkeep
|turn|7
|
|t:|1758983841
|move|p1a: Water-Fire|Steam Eruption|p2a: Ting-Lu
|-damage|p2a: Ting-Lu|2/100
|move|p2a: Ting-Lu|Whirlwind|p1a: Water-Fire
|drag|p1a: Ground Cat|Landorus-Therian, M|88/100
|-damage|p1a: Ground Cat|76/100|[from] Stealth Rock
|-ability|p1a: Ground Cat|Intimidate|boost
|-unboost|p2a: Ting-Lu|atk|1
|
|-heal|p2a: Ting-Lu|8/100|[from] item: Leftovers
|upkeep
|turn|8
|
|t:|1758983853
|switch|p1a: Water-Fire|Volcanion|100/100
|move|p2a: Ting-Lu|Whirlwind|p1a: Water-Fire
|drag|p1a: Great Pig|Mamoswine, F|100/100
|-damage|p1a: Great Pig|88/100|[from] Stealth Rock
|-damage|p1a: Great Pig|71/100|[from] Spikes
|
|-heal|p2a: Ting-Lu|14/100|[from] item: Leftovers
|upkeep
|turn|9
|
|t:|1758983862
|move|p1a: Great Pig|Earthquake|p2a: Ting-Lu
|-damage|p2a: Ting-Lu|0 fnt
|faint|p2a: Ting-Lu
|-damage|p1a: Great Pig|61/100|[from] item: Life Orb
|
|upkeep
|
|t:|1758983879
|switch|p2a: Moltres|Moltres|100/100
|turn|10
|
|t:|1758983884
|switch|p1a: Water-Fire|Volcanion|100/100
|move|p2a: Moltres|Will-O-Wisp|p1a: Water-Fire
|-immune|p1a: Water-Fire
|
|upkeep
|turn|11
|
|t:|1758983904
|switch|p2a: Serperior|Serperior, F|100/100
|move|p1a: Water-Fire|Flamethrower|p2a: Serperior
|-supereffective|p2a: Serperior
|-damage|p2a: Serperior|0 fnt
|faint|p2a: Serperior
|
|upkeep
|
|t:|1758983912
|switch|p2a: Gholdengo|Gholdengo|100/100
|-item|p2a: Gholdengo|Air Balloon
|turn|12
|
|t:|1758983919
|move|p1a: Water-Fire|Flamethrower|p2a: Gholdengo
|-supereffective|p2a: Gholdengo
|-damage|p2a: Gholdengo|42/100
|-enditem|p2a: Gholdengo|Air Balloon
|move|p2a: Gholdengo|Thunder Wave|p1a: Water-Fire
|-status|p1a: Water-Fire|par
|
|upkeep
|turn|13
|
|t:|1758983933
|switch|p2a: Garganacl|Garganacl, M|100/100
|move|p1a: Water-Fire|Flamethrower|p2a: Garganacl
|-resisted|p2a: Garganacl
|-damage|p2a: Garganacl|81/100
|
|-heal|p2a: Garganacl|87/100|[from] item: Leftovers
|upkeep
|turn|14
|
|t:|1758983940
|cant|p1a: Water-Fire|par
|move|p2a: Garganacl|Salt Cure|p1a: Water-Fire
|-supereffective|p1a: Water-Fire
|-damage|p1a: Water-Fire|79/100 par
|-start|p1a: Water-Fire|Salt Cure
|
|-heal|p2a: Garganacl|93/100|[from] item: Leftovers
|-damage|p1a: Water-Fire|54/100 par|[from] Salt Cure
|upkeep
|turn|15
|
|t:|1758983950
|move|p2a: Garganacl|Protect|p2a: Garganacl
|-singleturn|p2a: Garganacl|Protect
|cant|p1a: Water-Fire|par
|
|-heal|p2a: Garganacl|99/100|[from] item: Leftovers
|-damage|p1a: Water-Fire|29/100 par|[from] Salt Cure
|upkeep
|turn|16
|
|t:|1758983957
|move|p1a: Water-Fire|Steam Eruption|p2a: Garganacl
|-supereffective|p2a: Garganacl
|-damage|p2a: Garganacl|0 fnt
|faint|p2a: Garganacl
|
|-damage|p1a: Water-Fire|4/100 par|[from] Salt Cure
|upkeep
|
|t:|1758983966
|switch|p2a: Iron Treads|Iron Treads|100/100
|-item|p2a: Iron Treads|Air Balloon
|turn|17
|
|t:|1758983972
|move|p2a: Iron Treads|Ice Spinner|p1a: Water-Fire
|-resisted|p1a: Water-Fire
|-damage|p1a: Water-Fire|0 fnt
|faint|p1a: Water-Fire
|
|upkeep
|
|t:|1758983978
|switch|p1a: Samurott|Samurott-Hisui, M|100/100
|turn|18
|
|t:|1758983985
|move|p2a: Iron Treads|Earthquake|p1a: Samurott
|-damage|p1a: Samurott|45/100
|move|p1a: Samurott|Razor Shell|p2a: Iron Treads
|-supereffective|p2a: Iron Treads
|-damage|p2a: Iron Treads|6/100
|-enditem|p2a: Iron Treads|Air Balloon
|
|upkeep
|turn|19
|
|t:|1758983994
|move|p1a: Samurott|Aqua Jet|p2a: Iron Treads
|-supereffective|p2a: Iron Treads
|-damage|p2a: Iron Treads|0 fnt
|faint|p2a: Iron Treads
|-end|p2a: Iron Treads|Quark Drive|[silent]
|
|upkeep
|
|t:|1758983999
|switch|p2a: Moltres|Moltres|100/100
|turn|20
|inactive|BearFirst2 has 120 seconds left.
|
|t:|1758984047
|move|p1a: Samurott|Razor Shell|p2a: Moltres
|-supereffective|p2a: Moltres
|-damage|p2a: Moltres|16/100
|-unboost|p2a: Moltres|def|1
|move|p2a: Moltres|Air Slash|p1a: Samurott
|-damage|p1a: Samurott|2/100
|
|upkeep
|turn|21
|-message|lovelymoa forfeited.
|
|win|BearFirst2
|raw|BearFirst2's rating: 1360 &rarr; <strong>1383</strong><br />(+23 for winning)
|raw|lovelymoa's rating: 1409 &rarr; <strong>1386</strong><br />(-23 for losing)
|l|☆lovelymoa
|player|p2|
