|j|☆sportspencil
|j|☆MayatazKJ
|t:|1759075835
|gametype|singles
|player|p1|sportspencil|266|1501
|player|p2|MayatazKJ|266|1578
|gen|9
|tier|[Gen 9] OU
|rated|
|rule|HP Percentage Mod: HP is shown in percentages
|rule|Endless Battle Clause: Forcing endless battles is banned
|rule|Species Clause: Limit one of each Pokémon
|rule|OHKO Clause: OHKO moves are banned
|rule|Evasion Items Clause: Evasion items are banned
|rule|Evasion Moves Clause: Evasion moves are banned
|rule|Evasion Abilities Clause: Evasion abilities are banned
|rule|Sleep Moves Clause: Sleep-inducing moves are banned
|clearpoke
|poke|p1|Ceruledge, M|
|poke|p1|Latios, M|
|poke|p1|Ursaluna, F|
|poke|p1|Weezing-Galar, F|
|poke|p1|Iron Hands|
|poke|p1|Empoleon, F|
|poke|p2|Landorus-Therian, M|
|poke|p2|Samurott-Hisui, M|
|poke|p2|Gholdengo|
|poke|p2|Thundurus-Therian, M|
|poke|p2|Scizor, M|
|poke|p2|Zamazenta-*|
|teampreview
|inactive|Battle timer is ON: inactive players will automatically lose when time's up. (requested by MayatazKJ)
|
|t:|1759075857
|teamsize|p1|6
|teamsize|p2|6
|start
|switch|p1a: Iron Hands|Iron Hands|100/100
|switch|p2a: Samurott|Samurott-Hisui, M|100/100
|turn|1
|
|t:|1759075864
|switch|p2a: Landorus|Landorus-Therian, M|100/100
|-ability|p2a: Landorus|Intimidate|boost
|-unboost|p1a: Iron Hands|atk|1
|move|p1a: Iron Hands|Drain Punch|p2a: Landorus
|-resisted|p2a: Landorus
|-damage|p2a: Landorus|86/100
|-damage|p1a: Iron Hands|84/100|[from] item: Rocky Helmet|[of] p2a: Landorus
|
|upkeep
|turn|2
|
|t:|1759075874
|-end|p1a: Iron Hands|Quark Drive|[silent]
|switch|p1a: Latios|Latios, M|100/100
|move|p2a: Landorus|Stealth Rock|p1a: Latios
|-sidestart|p1: sportspencil|move: Stealth Rock
|
|upkeep
|turn|3
|
|t:|1759075893
|switch|p2a: Scizor|Scizor, M|100/100
|move|p1a: Latios|Calm Mind|p1a: Latios
|-boost|p1a: Latios|spa|1
|-boost|p1a: Latios|spd|1
|
|upkeep
|turn|4
|inactive|sportspencil has 120 seconds left.
|
|t:|1759075938
|switch|p1a: Weezing|Weezing-Galar, F|100/100
|-ability|p1a: Weezing|Neutralizing Gas
|move|p2a: Scizor|Knock Off|p1a: Weezing
|-resisted|p1a: Weezing
|-damage|p1a: Weezing|88/100
|-enditem|p1a: Weezing|Heavy-Duty Boots|[from] move: Knock Off|[of] p2a: Scizor
|
|upkeep
|turn|5
|
|t:|1759075956
|move|p2a: Scizor|Swords Dance|p2a: Scizor
|-boost|p2a: Scizor|atk|2
|move|p1a: Weezing|Will-O-Wisp|p2a: Scizor
|-status|p2a: Scizor|brn
|
|-damage|p2a: Scizor|94/100 brn|[from] brn
|upkeep
|turn|6
|inactive|sportspencil has 120 seconds left.
|
|t:|1759075963
|move|p2a: Scizor|Swords Dance|p2a: Scizor
|-boost|p2a: Scizor|atk|2
|move|p1a: Weezing|Defog|p2a: Scizor
|-unboost|p2a: Scizor|evasion|1
|-sideend|p1: sportspencil|Stealth Rock|[from] move: Defog|[of] p1a: Weezing
|
|-damage|p2a: Scizor|88/100 brn|[from] brn
|upkeep
|turn|7
|
|t:|1759075973
|-end|p1a: Weezing|ability: Neutralizing Gas
|switch|p1a: Empoleon|Empoleon, F|100/100
|move|p2a: Scizor|Swords Dance|p2a: Scizor
|-boost|p2a: Scizor|atk|2
|
|-damage|p2a: Scizor|82/100 brn|[from] brn
|upkeep
|turn|8
|
|t:|1759075981
|move|p2a: Scizor|Knock Off|p1a: Empoleon
|-damage|p1a: Empoleon|23/100
|-enditem|p1a: Empoleon|Heavy-Duty Boots|[from] move: Knock Off|[of] p2a: Scizor
|move|p1a: Empoleon|Hydro Pump|p2a: Scizor
|-crit|p2a: Scizor
|-damage|p2a: Scizor|0 fnt
|faint|p2a: Scizor
|
|upkeep
|
|t:|1759075990
|switch|p2a: Samurott|Samurott-Hisui, M|100/100
|turn|9
|
|t:|1759075993
|move|p2a: Samurott|Ceaseless Edge|p1a: Empoleon
|-damage|p1a: Empoleon|0 fnt
|-sidestart|p1: sportspencil|Spikes
|faint|p1a: Empoleon
|
|upkeep
|
|t:|1759075998
|switch|p1a: Iron Hands|Iron Hands|84/100
|-damage|p1a: Iron Hands|72/100|[from] Spikes
|turn|10
|
|t:|1759076007
|move|p2a: Samurott|Ceaseless Edge|p1a: Iron Hands
|-resisted|p1a: Iron Hands
|-damage|p1a: Iron Hands|54/100
|-sidestart|p1: sportspencil|Spikes
|move|p1a: Iron Hands|Ice Punch|p2a: Samurott
|-resisted|p2a: Samurott
|-damage|p2a: Samurott|82/100
|
|upkeep
|turn|11
|
|t:|1759076015
|switch|p2a: Landorus|Landorus-Therian, M|86/100
|-ability|p2a: Landorus|Intimidate|boost
|-unboost|p1a: Iron Hands|atk|1
|move|p1a: Iron Hands|Ice Punch|p2a: Landorus
|-supereffective|p2a: Landorus
|-damage|p2a: Landorus|12/100
|-damage|p1a: Iron Hands|38/100|[from] item: Rocky Helmet|[of] p2a: Landorus
|
|upkeep
|turn|12
|
|t:|1759076025
|move|p2a: Landorus|Stealth Rock|p1a: Iron Hands
|-sidestart|p1: sportspencil|move: Stealth Rock
|move|p1a: Iron Hands|Drain Punch|p2a: Landorus
|-resisted|p2a: Landorus
|-damage|p2a: Landorus|0 fnt
|-heal|p1a: Iron Hands|43/100|[from] drain|[of] p2a: Landorus
|-damage|p1a: Iron Hands|26/100|[from] item: Rocky Helmet|[of] p2a: Landorus
|faint|p2a: Landorus
|
|upkeep
|
|t:|1759076029
|switch|p2a: Thundurus|Thundurus-Therian, M|100/100
|turn|13
|
|t:|1759076038
|-terastallize|p2a: Thundurus|Ice
|move|p2a: Thundurus|Tera Blast|p1a: Iron Hands|[anim] Tera Blast Ice
|-damage|p1a: Iron Hands|0 fnt
|faint|p1a: Iron Hands
|-end|p1a: Iron Hands|Quark Drive|[silent]
|
|upkeep
|
|t:|1759076055
|switch|p1a: Weezing|Weezing-Galar, F|88/100
|-ability|p1a: Weezing|Neutralizing Gas
|-damage|p1a: Weezing|71/100|[from] Spikes
|-damage|p1a: Weezing|59/100|[from] Stealth Rock
|turn|14
|
|t:|1759076063
|move|p2a: Thundurus|Volt Switch|p1a: Weezing
|-damage|p1a: Weezing|6/100
|
|t:|1759076068
|switch|p2a: Gholdengo|Gholdengo|100/100|[from] Volt Switch
|move|p1a: Weezing|Defog|p2a: Gholdengo
|-unboost|p2a: Gholdengo|evasion|1
|-sideend|p1: sportspencil|Spikes|[from] move: Defog|[of] p1a: Weezing
|-sideend|p1: sportspencil|Stealth Rock|[from] move: Defog|[of] p1a: Weezing
|
|upkeep
|turn|15
|
|t:|1759076073
|move|p2a: Gholdengo|Shadow Ball|p1a: Weezing
|-damage|p1a: Weezing|0 fnt
|faint|p1a: Weezing
|-end|p1a: Weezing|ability: Neutralizing Gas
|
|upkeep
|
|t:|1759076077
|switch|p1a: Ursaluna|Ursaluna, F|100/100
|turn|16
|
|t:|1759076083
|switch|p2a: Zamazenta|Zamazenta|100/100
|-ability|p2a: Zamazenta|Dauntless Shield|boost
|-boost|p2a: Zamazenta|def|1
|move|p1a: Ursaluna|Swords Dance|p1a: Ursaluna
|-boost|p1a: Ursaluna|atk|2
|
|-status|p1a: Ursaluna|brn|[from] item: Flame Orb
|upkeep
|turn|17
|
|t:|1759076103
|-terastallize|p1a: Ursaluna|Fire
|move|p1a: Ursaluna|Fire Punch|p2a: Zamazenta
|-damage|p2a: Zamazenta|30/100
|move|p2a: Zamazenta|Roar|p1a: Ursaluna
|drag|p1a: Ceruledge|Ceruledge, M|100/100
|
|-heal|p2a: Zamazenta|37/100|[from] item: Leftovers
|upkeep
|turn|18
|
|t:|1759076115
|move|p2a: Zamazenta|Iron Defense|p2a: Zamazenta
|-boost|p2a: Zamazenta|def|2
|move|p1a: Ceruledge|Swords Dance|p1a: Ceruledge
|-boost|p1a: Ceruledge|atk|2
|
|-heal|p2a: Zamazenta|43/100|[from] item: Leftovers
|upkeep
|turn|19
|
|t:|1759076120
|move|p1a: Ceruledge|Swords Dance|p1a: Ceruledge
|-boost|p1a: Ceruledge|atk|2
|move|p2a: Zamazenta|Roar|p1a: Ceruledge
|drag|p1a: Latios|Latios, M|100/100
|
|-heal|p2a: Zamazenta|49/100|[from] item: Leftovers
|upkeep
|turn|20
|
|t:|1759076131
|move|p2a: Zamazenta|Body Press|p1a: Latios
|-resisted|p1a: Latios
|-damage|p1a: Latios|37/100
|move|p1a: Latios|Draco Meteor|p2a: Zamazenta
|-damage|p2a: Zamazenta|0 fnt
|-unboost|p1a: Latios|spa|2
|faint|p2a: Zamazenta
|
|upkeep
|
|t:|1759076138
|switch|p2a: Samurott|Samurott-Hisui, M|82/100
|turn|21
|
|t:|1759076140
|move|p1a: Latios|Aura Sphere|p2a: Samurott
|-supereffective|p2a: Samurott
|-damage|p2a: Samurott|44/100
|move|p2a: Samurott|Ceaseless Edge|p1a: Latios
|-supereffective|p1a: Latios
|-damage|p1a: Latios|0 fnt
|-sidestart|p1: sportspencil|Spikes
|faint|p1a: Latios
|
|upkeep
|
|t:|1759076149
|switch|p1a: Ceruledge|Ceruledge, M|100/100
|-damage|p1a: Ceruledge|88/100|[from] Spikes
|turn|22
|
|t:|1759076152
|move|p1a: Ceruledge|Bitter Blade|p2a: Samurott
|-resisted|p2a: Samurott
|-damage|p2a: Samurott|15/100
|-heal|p1a: Ceruledge|100/100|[from] drain|[of] p2a: Samurott
|move|p2a: Samurott|Ceaseless Edge|p1a: Ceruledge
|-supereffective|p1a: Ceruledge
|-enditem|p1a: Ceruledge|Focus Sash
|-damage|p1a: Ceruledge|1/100
|-ability|p1a: Ceruledge|Weak Armor|boost
|-unboost|p1a: Ceruledge|def|1
|-boost|p1a: Ceruledge|spe|2
|-sidestart|p1: sportspencil|Spikes
|
|upkeep
|turn|23
|
|t:|1759076169
|move|p1a: Ceruledge|Shadow Sneak|p2a: Samurott
|-resisted|p2a: Samurott
|-damage|p2a: Samurott|3/100
|move|p2a: Samurott|Knock Off|p1a: Ceruledge
|-supereffective|p1a: Ceruledge
|-damage|p1a: Ceruledge|0 fnt
|faint|p1a: Ceruledge
|
|upkeep
|
|t:|1759076172
|switch|p1a: Ursaluna|Ursaluna, F, tera:Fire|100/100 brn
|-damage|p1a: Ursaluna|84/100 brn|[from] Spikes
|turn|24
|-message|sportspencil forfeited.
|
|win|MayatazKJ
|raw|sportspencil's rating: 1501 &rarr; <strong>1485</strong><br />(-16 for losing)
|raw|MayatazKJ's rating: 1578 &rarr; <strong>1594</strong><br />(+16 for winning)
|l|☆sportspencil
|player|p1|
|l|☆MayatazKJ
|player|p2|
