|badge|p2|bronze|gen9ou|100-6
|html|<div class="broadcast-red"><strong>This battle is required to be public due to one or more player having a season medal.</strong><br />During the public phase, you can discuss the state of the ladder <a href="/seasondiscussion">in a special chatroom.</a></div>
|uhtml|medal-msg|<div class="broadcast-blue">Curious what those medals under the avatar are? PS now has Ladder Seasons! For more information, check out the <a href="https://www.smogon.com/forums/threads/3740067/">thread on Smogon.</a></div>
|raw|<div class="broadcast-blue"><strong>This battle is required to be public due to a player having a name starting with 'medal'.</div>
|j|☆will1994
|j|☆MunchlaxTheGodKing
|t:|1758982735
|gametype|singles
|player|p1|will1994|red|1693
|player|p2|MunchlaxTheGodKing|furisodegirl-black|1821
|gen|9
|tier|[Gen 9] OU
|rated|
|rule|HP Percentage Mod: HP is shown in percentages
|rule|Endless Battle Clause: Forcing endless battles is banned
|rule|Species Clause: Limit one of each Pokémon
|rule|OHKO Clause: OHKO moves are banned
|rule|Evasion Items Clause: Evasion items are banned
|rule|Evasion Moves Clause: Evasion moves are banned
|rule|Evasion Abilities Clause: Evasion abilities are banned
|rule|Sleep Moves Clause: Sleep-inducing moves are banned
|clearpoke
|poke|p1|Rillaboom, M|
|poke|p1|Charizard, F|
|poke|p1|Corviknight, F|
|poke|p1|Kleavor, F|
|poke|p1|Clodsire, M|
|poke|p1|Samurott-Hisui, F|
|poke|p2|Zamazenta-*|
|poke|p2|Dragapult, M|
|poke|p2|Raging Bolt|
|poke|p2|Moltres|
|poke|p2|Iron Treads|
|poke|p2|Samurott-Hisui, F|
|teampreview
|inactive|Battle timer is ON: inactive players will automatically lose when time's up. (requested by MunchlaxTheGodKing)
|
|t:|1758982744
|teamsize|p1|6
|teamsize|p2|6
|start
|switch|p1a: Kleavor|Kleavor, F|100/100
|switch|p2a: 90%≠don't blunder|Samurott-Hisui, F|100/100
|turn|1
|
|t:|1758982751
|move|p1a: Kleavor|U-turn|p2a: 90%≠don't blunder
|-supereffective|p2a: 90%≠don't blunder
|-damage|p2a: 90%≠don't blunder|3/100
|
|t:|1758982754
|switch|p1a: Corviknight|Corviknight, F|100/100|[from] U-turn
|-ability|p1a: Corviknight|Pressure
|move|p2a: 90%≠don't blunder|Flip Turn|p1a: Corviknight
|-crit|p1a: Corviknight
|-damage|p1a: Corviknight|60/100
|-damage|p2a: 90%≠don't blunder|0 fnt|[from] item: Rocky Helmet|[of] p1a: Corviknight
|faint|p2a: 90%≠don't blunder
|
|upkeep
|
|t:|1758982757
|switch|p2a: Moltres|Moltres|100/100
|turn|2
|j| cryyysneasel
|inactive|will1994 has 120 seconds left.
|
|t:|1758982792
|switch|p1a: Charizard|Charizard, F|100/100
|move|p2a: Moltres|Hurricane|p1a: Charizard|[miss]
|-miss|p2a: Moltres|p1a: Charizard
|
|upkeep
|turn|3
|
|t:|1758982815
|move|p1a: Charizard|Air Slash|p2a: Moltres
|-damage|p2a: Moltres|44/100
|move|p2a: Moltres|Hurricane|p1a: Charizard
|-damage|p1a: Charizard|18/100
|
|upkeep
|turn|4
|
|t:|1758982820
|switch|p2a: 踩踩背|Iron Treads|100/100
|move|p1a: Charizard|Air Slash|p2a: 踩踩背
|-resisted|p2a: 踩踩背
|-damage|p2a: 踩踩背|80/100
|
|-heal|p2a: 踩踩背|86/100|[from] item: Leftovers
|upkeep
|turn|5
|
|t:|1758982824
|switch|p1a: Corviknight|Corviknight, F|60/100
|-ability|p1a: Corviknight|Pressure
|move|p2a: 踩踩背|Rapid Spin|p1a: Corviknight
|-resisted|p1a: Corviknight
|-damage|p1a: Corviknight|56/100
|-boost|p2a: 踩踩背|spe|1
|-damage|p2a: 踩踩背|69/100|[from] item: Rocky Helmet|[of] p1a: Corviknight
|
|-heal|p2a: 踩踩背|75/100|[from] item: Leftovers
|upkeep
|turn|6
|
|t:|1758982829
|move|p2a: 踩踩背|Knock Off|p1a: Corviknight
|-damage|p1a: Corviknight|43/100
|-damage|p2a: 踩踩背|59/100|[from] item: Rocky Helmet|[of] p1a: Corviknight
|-enditem|p1a: Corviknight|Rocky Helmet|[from] move: Knock Off|[of] p2a: 踩踩背
|move|p1a: Corviknight|Roost|p1a: Corviknight
|-heal|p1a: Corviknight|93/100
|-singleturn|p1a: Corviknight|move: Roost
|
|-heal|p2a: 踩踩背|65/100|[from] item: Leftovers
|upkeep
|turn|7
|
|t:|1758982855
|move|p2a: 踩踩背|Stealth Rock|p1a: Corviknight
|-sidestart|p1: will1994|move: Stealth Rock
|move|p1a: Corviknight|U-turn|p2a: 踩踩背
|-resisted|p2a: 踩踩背
|-damage|p2a: 踩踩背|59/100
|
|t:|1758982861
|switch|p1a: Rillaboom|Rillaboom, M|100/100|[from] U-turn
|-damage|p1a: Rillaboom|88/100|[from] Stealth Rock
|-fieldstart|move: Grassy Terrain|[from] ability: Grassy Surge|[of] p1a: Rillaboom
|
|-heal|p2a: 踩踩背|65/100|[from] Grassy Terrain
|-heal|p2a: 踩踩背|71/100|[from] item: Leftovers
|-heal|p1a: Rillaboom|94/100|[from] Grassy Terrain
|upkeep
|turn|8
|
|t:|1758982866
|move|p2a: 踩踩背|Knock Off|p1a: Rillaboom
|-damage|p1a: Rillaboom|67/100
|-enditem|p1a: Rillaboom|Choice Band|[from] move: Knock Off|[of] p2a: 踩踩背
|move|p1a: Rillaboom|Knock Off|p2a: 踩踩背
|-damage|p2a: 踩踩背|45/100
|-enditem|p2a: 踩踩背|Leftovers|[from] move: Knock Off|[of] p1a: Rillaboom
|
|-heal|p2a: 踩踩背|51/100|[from] Grassy Terrain
|-heal|p1a: Rillaboom|73/100|[from] Grassy Terrain
|upkeep
|turn|9
|j| IM AT MY LIMIT
|
|t:|1758982876
|-end|p2a: 踩踩背|Quark Drive|[silent]
|switch|p2a: Moltres|Moltres|44/100
|move|p1a: Rillaboom|U-turn|p2a: Moltres
|-resisted|p2a: Moltres
|-damage|p2a: Moltres|38/100
|
|t:|1758982880
|switch|p1a: Samurott|Samurott-Hisui, F|100/100|[from] U-turn
|-damage|p1a: Samurott|88/100|[from] Stealth Rock
|
|-heal|p1a: Samurott|94/100|[from] Grassy Terrain
|upkeep
|turn|10
|
|t:|1758982883
|move|p2a: Moltres|U-turn|p1a: Samurott
|-supereffective|p1a: Samurott
|-damage|p1a: Samurott|65/100
|
|t:|1758982885
|switch|p2a: 脑袋尖尖的|Zamazenta|100/100|[from] U-turn
|-ability|p2a: 脑袋尖尖的|Dauntless Shield|boost
|-boost|p2a: 脑袋尖尖的|def|1
|move|p1a: Samurott|Ceaseless Edge|p2a: 脑袋尖尖的
|-resisted|p2a: 脑袋尖尖的
|-damage|p2a: 脑袋尖尖的|91/100
|-sidestart|p2: MunchlaxTheGodKing|Spikes
|
|-heal|p2a: 脑袋尖尖的|97/100|[from] Grassy Terrain
|-heal|p1a: Samurott|72/100|[from] Grassy Terrain
|upkeep
|turn|11
|
|t:|1758982892
|switch|p1a: Clodsire|Clodsire, M|100/100
|-damage|p1a: Clodsire|94/100|[from] Stealth Rock
|move|p2a: 脑袋尖尖的|Close Combat|p1a: Clodsire
|-resisted|p1a: Clodsire
|-damage|p1a: Clodsire|68/100
|-unboost|p2a: 脑袋尖尖的|def|1
|-unboost|p2a: 脑袋尖尖的|spd|1
|-damage|p2a: 脑袋尖尖的|87/100|[from] item: Life Orb
|
|-heal|p2a: 脑袋尖尖的|93/100|[from] Grassy Terrain
|-heal|p1a: Clodsire|75/100|[from] Grassy Terrain
|-heal|p1a: Clodsire|81/100|[from] item: Leftovers
|-fieldend|move: Grassy Terrain
|upkeep
|turn|12
|
|t:|1758982894
|move|p2a: 脑袋尖尖的|Psychic Fangs|p1a: Clodsire
|-supereffective|p1a: Clodsire
|-damage|p1a: Clodsire|31/100
|-damage|p2a: 脑袋尖尖的|83/100|[from] item: Life Orb
|move|p1a: Clodsire|Stockpile|p1a: Clodsire
|-start|p1a: Clodsire|stockpile1
|-boost|p1a: Clodsire|def|1
|-boost|p1a: Clodsire|spd|1
|
|-heal|p1a: Clodsire|37/100|[from] item: Leftovers
|upkeep
|turn|13
|
|t:|1758982900
|move|p2a: 脑袋尖尖的|Psychic Fangs|p1a: Clodsire
|-supereffective|p1a: Clodsire
|-damage|p1a: Clodsire|0 fnt
|faint|p1a: Clodsire
|-damage|p2a: 脑袋尖尖的|74/100|[from] item: Life Orb
|
|upkeep
|
|t:|1758982904
|switch|p1a: Corviknight|Corviknight, F|93/100
|-damage|p1a: Corviknight|80/100|[from] Stealth Rock
|-ability|p1a: Corviknight|Pressure
|turn|14
|
|t:|1758982911
|switch|p2a: Moltres|Moltres|38/100
|move|p1a: Corviknight|Defog|p2a: Moltres
|-unboost|p2a: Moltres|evasion|1
|-sideend|p2: MunchlaxTheGodKing|Spikes|[from] move: Defog|[of] p1a: Corviknight
|-sideend|p1: will1994|Stealth Rock|[from] move: Defog|[of] p1a: Corviknight
|
|upkeep
|turn|15
|
|t:|1758982917
|switch|p1a: Charizard|Charizard, F|18/100
|move|p2a: Moltres|Hurricane|p1a: Charizard
|-damage|p1a: Charizard|0 fnt
|faint|p1a: Charizard
|
|upkeep
|
|t:|1758982920
|switch|p1a: Kleavor|Kleavor, F|100/100
|turn|16
|
|t:|1758982931
|switch|p2a: 脑袋尖尖的|Zamazenta|74/100
|move|p1a: Kleavor|Stone Axe|p2a: 脑袋尖尖的
|-resisted|p2a: 脑袋尖尖的
|-damage|p2a: 脑袋尖尖的|50/100
|-sidestart|p2: MunchlaxTheGodKing|move: Stealth Rock
|
|upkeep
|turn|17
|
|t:|1758982936
|switch|p1a: Corviknight|Corviknight, F|80/100
|-ability|p1a: Corviknight|Pressure
|move|p2a: 脑袋尖尖的|Close Combat|p1a: Corviknight
|-damage|p1a: Corviknight|34/100
|-unboost|p2a: 脑袋尖尖的|def|1
|-unboost|p2a: 脑袋尖尖的|spd|1
|-damage|p2a: 脑袋尖尖的|41/100|[from] item: Life Orb
|
|upkeep
|turn|18
|
|t:|1758982946
|move|p2a: 脑袋尖尖的|Close Combat|p1a: Corviknight
|-damage|p1a: Corviknight|0 fnt
|-unboost|p2a: 脑袋尖尖的|def|1
|-unboost|p2a: 脑袋尖尖的|spd|1
|faint|p1a: Corviknight
|-damage|p2a: 脑袋尖尖的|31/100|[from] item: Life Orb
|
|upkeep
|
|t:|1758982961
|switch|p1a: Rillaboom|Rillaboom, M|73/100
|-fieldstart|move: Grassy Terrain|[from] ability: Grassy Surge|[of] p1a: Rillaboom
|turn|19
|
|t:|1758982967
|switch|p2a: Moltres|Moltres|38/100
|move|p1a: Rillaboom|U-turn|p2a: Moltres
|-resisted|p2a: Moltres
|-damage|p2a: Moltres|32/100
|-status|p1a: Rillaboom|brn|[from] ability: Flame Body|[of] p2a: Moltres
|
|t:|1758982971
|switch|p1a: Kleavor|Kleavor, F|100/100|[from] U-turn
|
|upkeep
|turn|20
|
|t:|1758982981
|switch|p2a: 踩踩背|Iron Treads|51/100
|-damage|p2a: 踩踩背|48/100|[from] Stealth Rock
|move|p1a: Kleavor|Close Combat|p2a: 踩踩背
|-supereffective|p2a: 踩踩背
|-damage|p2a: 踩踩背|0 fnt
|-unboost|p1a: Kleavor|def|1
|-unboost|p1a: Kleavor|spd|1
|faint|p2a: 踩踩背
|-end|p2a: 踩踩背|Quark Drive|[silent]
|
|upkeep
|
|t:|1758982992
|switch|p2a: 脑袋尖尖的|Zamazenta|31/100
|-damage|p2a: 脑袋尖尖的|25/100|[from] Stealth Rock
|turn|21
|
|t:|1758983003
|move|p1a: Kleavor|Close Combat|p2a: 脑袋尖尖的
|-damage|p2a: 脑袋尖尖的|0 fnt
|-unboost|p1a: Kleavor|def|1
|-unboost|p1a: Kleavor|spd|1
|faint|p2a: 脑袋尖尖的
|
|upkeep
|
|t:|1758983008
|switch|p2a: 24岁 喜欢发射孩子|Dragapult, M|100/100
|-damage|p2a: 24岁 喜欢发射孩子|88/100|[from] Stealth Rock
|turn|22
|
|t:|1758983020
|switch|p1a: Rillaboom|Rillaboom, M|73/100 brn
|move|p2a: 24岁 喜欢发射孩子|Draco Meteor|p1a: Rillaboom
|-damage|p1a: Rillaboom|0 fnt
|-unboost|p2a: 24岁 喜欢发射孩子|spa|2
|faint|p1a: Rillaboom
|
|-heal|p2a: 24岁 喜欢发射孩子|94/100|[from] Grassy Terrain
|upkeep
|
|t:|1758983022
|switch|p1a: Samurott|Samurott-Hisui, F|72/100
|turn|23
|
|t:|1758983033
|switch|p2a: Moltres|Moltres|32/100
|move|p1a: Samurott|Ceaseless Edge|p2a: Moltres
|-damage|p2a: Moltres|0 fnt
|-sidestart|p2: MunchlaxTheGodKing|Spikes
|faint|p2a: Moltres
|
|-heal|p1a: Samurott|78/100|[from] Grassy Terrain
|-fieldend|move: Grassy Terrain
|upkeep
|
|t:|1758983037
|switch|p2a: 24岁 喜欢发射孩子|Dragapult, M|94/100
|-damage|p2a: 24岁 喜欢发射孩子|82/100|[from] Stealth Rock
|-damage|p2a: 24岁 喜欢发射孩子|70/100|[from] Spikes
|turn|24
|
|t:|1758983044
|-terastallize|p1a: Samurott|Fairy
|move|p2a: 24岁 喜欢发射孩子|Draco Meteor|p1a: Samurott
|-immune|p1a: Samurott
|move|p1a: Samurott|Ceaseless Edge|p2a: 24岁 喜欢发射孩子
|-supereffective|p2a: 24岁 喜欢发射孩子
|-damage|p2a: 24岁 喜欢发射孩子|0 fnt
|-sidestart|p2: MunchlaxTheGodKing|Spikes
|faint|p2a: 24岁 喜欢发射孩子
|
|upkeep
|
|t:|1758983049
|switch|p2a: 长脖奶龙|Raging Bolt|100/100
|turn|25
|
|t:|1758983059
|-terastallize|p2a: 长脖奶龙|Fairy
|move|p2a: 长脖奶龙|Thunderbolt|p1a: Samurott
|-damage|p1a: Samurott|48/100
|move|p1a: Samurott|Ceaseless Edge|p2a: 长脖奶龙
|-resisted|p2a: 长脖奶龙
|-damage|p2a: 长脖奶龙|84/100
|-sidestart|p2: MunchlaxTheGodKing|Spikes
|
|upkeep
|turn|26
|
|t:|1758983067
|move|p2a: 长脖奶龙|Thunderbolt|p1a: Samurott
|-damage|p1a: Samurott|17/100
|move|p1a: Samurott|Aqua Cutter|p2a: 长脖奶龙
|-damage|p2a: 长脖奶龙|49/100
|
|upkeep
|turn|27
|
|t:|1758983072
|move|p2a: 长脖奶龙|Thunderclap|p1a: Samurott
|-damage|p1a: Samurott|0 fnt
|faint|p1a: Samurott
|
|upkeep
|
|t:|1758983074
|switch|p1a: Kleavor|Kleavor, F|100/100
|turn|28
|
|t:|1758983089
|move|p1a: Kleavor|Stone Axe|p2a: 长脖奶龙
|-damage|p2a: 长脖奶龙|5/100
|move|p2a: 长脖奶龙|Draco Meteor|p1a: Kleavor|[miss]
|-miss|p2a: 长脖奶龙|p1a: Kleavor
|
|upkeep
|turn|29
|
|t:|1758983094
|move|p2a: 长脖奶龙|Thunderclap|p1a: Kleavor
|-damage|p1a: Kleavor|35/100
|move|p1a: Kleavor|Stone Axe|p2a: 长脖奶龙
|-damage|p2a: 长脖奶龙|0 fnt
|faint|p2a: 长脖奶龙
|-end|p2a: 长脖奶龙|Protosynthesis|[silent]
|
|win|will1994
|raw|will1994's rating: 1693 &rarr; <strong>1719</strong><br />(+26 for winning)
|raw|MunchlaxTheGodKing's rating: 1801 &rarr; <strong>1775</strong><br />(-26 for losing)
|l|☆will1994
|player|p1|
|l|☆MunchlaxTheGodKing
|player|p2|
|l| cryyysneasel
