|j|☆Rising Ursaring
|j|☆djams
|t:|1758915285
|gametype|singles
|player|p1|Rising Ursaring|burglar|1387
|player|p2|djams|170|1386
|gen|9
|tier|[Gen 9] OU
|rated|
|rule|HP Percentage Mod: HP is shown in percentages
|rule|Endless Battle Clause: Forcing endless battles is banned
|rule|Species Clause: Limit one of each Pokémon
|rule|OHKO Clause: OHKO moves are banned
|rule|Evasion Items Clause: Evasion items are banned
|rule|Evasion Moves Clause: Evasion moves are banned
|rule|Evasion Abilities Clause: Evasion abilities are banned
|rule|Sleep Moves Clause: Sleep-inducing moves are banned
|clearpoke
|poke|p1|Iron Valiant|
|poke|p1|Wo-Chien|
|poke|p1|Empoleon, F|
|poke|p1|Ceruledge, F|
|poke|p1|Weezing-Galar, F|
|poke|p1|Landorus-Therian, M|
|poke|p2|Kingdra, M|
|poke|p2|Pelipper, F|
|poke|p2|Barraskewda, M|
|poke|p2|Iron Crown|
|poke|p2|Great Tusk|
|poke|p2|Moltres|
|teampreview
|inactive|Battle timer is ON: inactive players will automatically lose when time's up. (requested by Rising Ursaring)
|
|t:|1758915312
|teamsize|p1|6
|teamsize|p2|6
|start
|switch|p1a: Weezing|Weezing-Galar, F|100/100
|switch|p2a: Cabrit|Iron Crown|100/100
|-ability|p1a: Weezing|Neutralizing Gas
|turn|1
|
|t:|1758915320
|-end|p1a: Weezing|ability: Neutralizing Gas
|switch|p1a: Wo-Chien|Wo-Chien|100/100
|-ability|p1a: Wo-Chien|Tablets of Ruin
|move|p2a: Cabrit|Future Sight|p1a: Wo-Chien
|-start|p2a: Cabrit|move: Future Sight
|
|upkeep
|turn|2
|
|t:|1758915324
|move|p2a: Cabrit|Focus Blast|p1a: Wo-Chien|[miss]
|-miss|p2a: Cabrit|p1a: Wo-Chien
|move|p1a: Wo-Chien|Leech Seed|p2a: Cabrit
|-start|p2a: Cabrit|move: Leech Seed
|
|-damage|p2a: Cabrit|88/100|[from] Leech Seed|[of] p1a: Wo-Chien
|upkeep
|turn|3
|
|t:|1758915329
|move|p2a: Cabrit|Volt Switch|p1a: Wo-Chien
|-resisted|p1a: Wo-Chien
|-damage|p1a: Wo-Chien|94/100
|
|t:|1758915336
|-end|p2a: Cabrit|Quark Drive|[silent]
|switch|p2a: laj'aipasd'inspi|Great Tusk|100/100|[from] Volt Switch
|-enditem|p2a: laj'aipasd'inspi|Booster Energy
|-activate|p2a: laj'aipasd'inspi|ability: Protosynthesis|[fromitem]
|-start|p2a: laj'aipasd'inspi|protosynthesisatk
|move|p1a: Wo-Chien|Leech Seed|p2a: laj'aipasd'inspi
|-start|p2a: laj'aipasd'inspi|move: Leech Seed
|
|-end|p1a: Wo-Chien|move: Future Sight
|-immune|p1a: Wo-Chien
|-heal|p1a: Wo-Chien|99/100|[from] item: Leftovers
|-damage|p2a: laj'aipasd'inspi|88/100|[from] Leech Seed|[of] p1a: Wo-Chien
|-heal|p1a: Wo-Chien|100/100|[silent]
|upkeep
|turn|4
|
|t:|1758915351
|switch|p1a: Landorus|Landorus-Therian, M|100/100
|-ability|p1a: Landorus|Intimidate|boost
|-unboost|p2a: laj'aipasd'inspi|atk|1
|move|p2a: laj'aipasd'inspi|Stealth Rock|p1a: Landorus
|-sidestart|p1: Rising Ursaring|move: Stealth Rock
|
|-damage|p2a: laj'aipasd'inspi|76/100|[from] Leech Seed|[of] p1a: Landorus
|upkeep
|turn|5
|
|t:|1758915360
|switch|p1a: Weezing|Weezing-Galar, F|100/100
|-ability|p1a: Weezing|Neutralizing Gas
|-damage|p1a: Weezing|88/100|[from] Stealth Rock
|move|p2a: laj'aipasd'inspi|Ice Spinner|p1a: Weezing
|-damage|p1a: Weezing|76/100
|-damage|p2a: laj'aipasd'inspi|59/100|[from] item: Rocky Helmet|[of] p1a: Weezing
|
|-damage|p2a: laj'aipasd'inspi|47/100|[from] Leech Seed|[of] p1a: Weezing
|-heal|p1a: Weezing|90/100|[silent]
|upkeep
|turn|6
|
|t:|1758915370
|move|p2a: laj'aipasd'inspi|Headlong Rush|p1a: Weezing
|-supereffective|p1a: Weezing
|-damage|p1a: Weezing|33/100
|-unboost|p2a: laj'aipasd'inspi|def|1
|-unboost|p2a: laj'aipasd'inspi|spd|1
|-damage|p2a: laj'aipasd'inspi|30/100|[from] item: Rocky Helmet|[of] p1a: Weezing
|move|p1a: Weezing|Defog|p2a: laj'aipasd'inspi
|-unboost|p2a: laj'aipasd'inspi|evasion|1
|-sideend|p1: Rising Ursaring|Stealth Rock|[from] move: Defog|[of] p1a: Weezing
|
|-damage|p2a: laj'aipasd'inspi|18/100|[from] Leech Seed|[of] p1a: Weezing
|-heal|p1a: Weezing|46/100|[silent]
|upkeep
|turn|7
|
|t:|1758915381
|-end|p2a: laj'aipasd'inspi|Protosynthesis|[silent]
|switch|p2a: Cabrit|Iron Crown|88/100
|move|p1a: Weezing|Strange Steam|p2a: Cabrit
|-resisted|p2a: Cabrit
|-damage|p2a: Cabrit|80/100
|
|upkeep
|turn|8
|
|t:|1758915385
|-end|p1a: Weezing|ability: Neutralizing Gas
|switch|p1a: Wo-Chien|Wo-Chien|100/100
|-ability|p1a: Wo-Chien|Tablets of Ruin
|move|p2a: Cabrit|Focus Blast|p1a: Wo-Chien|[miss]
|-miss|p2a: Cabrit|p1a: Wo-Chien
|
|upkeep
|turn|9
|
|t:|1758915392
|move|p2a: Cabrit|Focus Blast|p1a: Wo-Chien|[miss]
|-miss|p2a: Cabrit|p1a: Wo-Chien
|move|p1a: Wo-Chien|Leech Seed|p2a: Cabrit
|-start|p2a: Cabrit|move: Leech Seed
|
|-damage|p2a: Cabrit|67/100|[from] Leech Seed|[of] p1a: Wo-Chien
|upkeep
|turn|10
|c|☆Rising Ursaring|Sry
|c|☆Rising Ursaring|Omg
|
|t:|1758915400
|move|p2a: Cabrit|Future Sight|p1a: Wo-Chien
|-start|p2a: Cabrit|move: Future Sight
|move|p1a: Wo-Chien|Knock Off|p2a: Cabrit
|-supereffective|p2a: Cabrit
|-damage|p2a: Cabrit|7/100
|-enditem|p2a: Cabrit|Assault Vest|[from] move: Knock Off|[of] p1a: Wo-Chien
|
|-damage|p2a: Cabrit|0 fnt|[from] Leech Seed|[of] p1a: Wo-Chien
|faint|p2a: Cabrit
|-end|p2a: Cabrit|Quark Drive|[silent]
|upkeep
|
|t:|1758915409
|switch|p2a: Hot wingz|Moltres|100/100
|turn|11
|
|t:|1758915411
|move|p2a: Hot wingz|Hurricane|p1a: Wo-Chien
|-supereffective|p1a: Wo-Chien
|-crit|p1a: Wo-Chien
|-damage|p1a: Wo-Chien|25/100
|move|p1a: Wo-Chien|Leech Seed|p2a: Hot wingz
|-start|p2a: Hot wingz|move: Leech Seed
|
|-heal|p1a: Wo-Chien|31/100|[from] item: Leftovers
|-damage|p2a: Hot wingz|88/100|[from] Leech Seed|[of] p1a: Wo-Chien
|-heal|p1a: Wo-Chien|44/100|[silent]
|upkeep
|turn|12
|
|t:|1758915421
|move|p1a: Wo-Chien|Protect|p1a: Wo-Chien
|-singleturn|p1a: Wo-Chien|Protect
|move|p2a: Hot wingz|U-turn|p1a: Wo-Chien
|-activate|p1a: Wo-Chien|move: Protect
|
|-end|p1a: Wo-Chien|move: Future Sight
|-immune|p1a: Wo-Chien
|-heal|p1a: Wo-Chien|50/100|[from] item: Leftovers
|-damage|p2a: Hot wingz|76/100|[from] Leech Seed|[of] p1a: Wo-Chien
|-heal|p1a: Wo-Chien|63/100|[silent]
|upkeep
|turn|13
|
|t:|1758915427
|switch|p1a: Weezing|Weezing-Galar, F|46/100
|-ability|p1a: Weezing|Neutralizing Gas
|move|p2a: Hot wingz|U-turn|p1a: Weezing
|-resisted|p1a: Weezing
|-damage|p1a: Weezing|44/100
|-damage|p2a: Hot wingz|60/100|[from] item: Rocky Helmet|[of] p1a: Weezing
|
|t:|1758915429
|switch|p2a: Harengsaur|Barraskewda, M|100/100|[from] U-turn
|
|upkeep
|turn|14
|
|t:|1758915434
|-terastallize|p2a: Harengsaur|Water
|move|p2a: Harengsaur|Liquidation|p1a: Weezing
|-damage|p1a: Weezing|0 fnt
|-damage|p2a: Harengsaur|84/100|[from] item: Rocky Helmet|[of] p1a: Weezing
|faint|p1a: Weezing
|-end|p1a: Weezing|ability: Neutralizing Gas
|
|upkeep
|
|t:|1758915440
|switch|p1a: Landorus|Landorus-Therian, M|100/100
|-ability|p1a: Landorus|Intimidate|boost
|-unboost|p2a: Harengsaur|atk|1
|turn|15
|
|t:|1758915443
|move|p1a: Landorus|Earthquake|p2a: Harengsaur
|-damage|p2a: Harengsaur|0 fnt
|faint|p2a: Harengsaur
|
|upkeep
|
|t:|1758915446
|switch|p2a: KFC|Pelipper, F|100/100
|-weather|RainDance|[from] ability: Drizzle|[of] p2a: KFC
|turn|16
|
|t:|1758915454
|switch|p1a: Empoleon|Empoleon, F|100/100
|move|p2a: KFC|U-turn|p1a: Empoleon
|-resisted|p1a: Empoleon
|-damage|p1a: Empoleon|95/100
|
|t:|1758915466
|switch|p2a: laj'aipasd'inspi|Great Tusk|18/100|[from] U-turn
|
|-weather|RainDance|[upkeep]
|-heal|p1a: Empoleon|100/100|[from] item: Leftovers
|upkeep
|turn|17
|
|t:|1758915474
|move|p2a: laj'aipasd'inspi|Headlong Rush|p1a: Empoleon
|-supereffective|p1a: Empoleon
|-damage|p1a: Empoleon|0 fnt
|-unboost|p2a: laj'aipasd'inspi|def|1
|-unboost|p2a: laj'aipasd'inspi|spd|1
|faint|p1a: Empoleon
|
|-weather|RainDance|[upkeep]
|upkeep
|
|t:|1758915480
|switch|p1a: Iron Valiant|Iron Valiant|100/100
|-enditem|p1a: Iron Valiant|Booster Energy
|-activate|p1a: Iron Valiant|ability: Quark Drive|[fromitem]
|-start|p1a: Iron Valiant|quarkdrivespe
|turn|18
|
|t:|1758915483
|move|p1a: Iron Valiant|Moonblast|p2a: laj'aipasd'inspi
|-supereffective|p2a: laj'aipasd'inspi
|-damage|p2a: laj'aipasd'inspi|0 fnt
|faint|p2a: laj'aipasd'inspi
|-end|p2a: laj'aipasd'inspi|Protosynthesis|[silent]
|
|-weather|RainDance|[upkeep]
|upkeep
|
|t:|1758915486
|switch|p2a: Vigilance Violet|Kingdra, M, shiny|100/100
|turn|19
|
|t:|1758915490
|move|p1a: Iron Valiant|Moonblast|p2a: Vigilance Violet
|-supereffective|p2a: Vigilance Violet
|-damage|p2a: Vigilance Violet|0 fnt
|faint|p2a: Vigilance Violet
|
|-weather|RainDance|[upkeep]
|upkeep
|
|t:|1758915495
|switch|p2a: Hot wingz|Moltres|60/100
|turn|20
|
|t:|1758915499
|move|p1a: Iron Valiant|Calm Mind|p1a: Iron Valiant
|-boost|p1a: Iron Valiant|spa|1
|-boost|p1a: Iron Valiant|spd|1
|move|p2a: Hot wingz|Roost|p2a: Hot wingz
|-heal|p2a: Hot wingz|100/100
|-singleturn|p2a: Hot wingz|move: Roost
|
|-weather|RainDance|[upkeep]
|upkeep
|turn|21
|
|t:|1758915502
|move|p1a: Iron Valiant|Psyshock|p2a: Hot wingz
|-damage|p2a: Hot wingz|72/100
|move|p2a: Hot wingz|Hurricane|p1a: Iron Valiant
|-supereffective|p1a: Iron Valiant
|-damage|p1a: Iron Valiant|0 fnt
|faint|p1a: Iron Valiant
|-end|p1a: Iron Valiant|Quark Drive|[silent]
|
|-weather|RainDance|[upkeep]
|upkeep
|
|t:|1758915507
|switch|p1a: Landorus|Landorus-Therian, M|100/100
|-ability|p1a: Landorus|Intimidate|boost
|-unboost|p2a: Hot wingz|atk|1
|turn|22
|
|t:|1758915514
|move|p1a: Landorus|Stone Edge|p2a: Hot wingz
|-supereffective|p2a: Hot wingz
|-crit|p2a: Hot wingz
|-damage|p2a: Hot wingz|0 fnt
|faint|p2a: Hot wingz
|
|-weather|RainDance|[upkeep]
|upkeep
|
|t:|1758915517
|switch|p2a: KFC|Pelipper, F|100/100
|turn|23
|
|t:|1758915520
|move|p1a: Landorus|Stone Edge|p2a: KFC
|-supereffective|p2a: KFC
|-crit|p2a: KFC
|-damage|p2a: KFC|11/100
|move|p2a: KFC|Surf|p1a: Landorus
|-supereffective|p1a: Landorus
|-damage|p1a: Landorus|0 fnt
|faint|p1a: Landorus
|
|-weather|none
|upkeep
|
|t:|1758915526
|switch|p1a: Ceruledge|Ceruledge, F|100/100
|turn|24
|
|t:|1758915529
|move|p1a: Ceruledge|Shadow Sneak|p2a: KFC
|-damage|p2a: KFC|0 fnt
|faint|p2a: KFC
|
|win|Rising Ursaring
|raw|Rising Ursaring's rating: 1387 &rarr; <strong>1407</strong><br />(+20 for winning)
|raw|djams's rating: 1386 &rarr; <strong>1366</strong><br />(-20 for losing)
|l|☆Rising Ursaring
|player|p1|
|l|☆djams
|player|p2|
