|badge|p1|bronze|gen9ou|100-6
|html|<div class="broadcast-red"><strong>This battle is required to be public due to one or more player having a season medal.</strong><br />During the public phase, you can discuss the state of the ladder <a href="/seasondiscussion">in a special chatroom.</a></div>
|uhtml|medal-msg|<div class="broadcast-blue">Curious what those medals under the avatar are? PS now has Ladder Seasons! For more information, check out the <a href="https://www.smogon.com/forums/threads/3740067/">thread on Smogon.</a></div>
|raw|<div class="broadcast-blue"><strong>This battle is required to be public due to a player having a name starting with 'medal'.</div>
|j|☆ADM02
|j|☆deddd server
|t:|1758997900
|gametype|singles
|player|p1|ADM02|266|1869
|player|p2|deddd server|miku-flying|1795
|gen|9
|tier|[Gen 9] OU
|rated|
|rule|HP Percentage Mod: HP is shown in percentages
|rule|Endless Battle Clause: Forcing endless battles is banned
|rule|Species Clause: Limit one of each Pokémon
|rule|OHKO Clause: OHKO moves are banned
|rule|Evasion Items Clause: Evasion items are banned
|rule|Evasion Moves Clause: Evasion moves are banned
|rule|Evasion Abilities Clause: Evasion abilities are banned
|rule|Sleep Moves Clause: Sleep-inducing moves are banned
|clearpoke
|poke|p1|Cinderace, F|
|poke|p1|Clefable, M|
|poke|p1|Salamence, F|
|poke|p1|Dragonite, M|
|poke|p1|Hoopa-Unbound|
|poke|p1|Clodsire, F|
|poke|p2|Cinderace, F|
|poke|p2|Raging Bolt|
|poke|p2|Hatterene, F|
|poke|p2|Landorus-Therian, M|
|poke|p2|Kingambit, M|
|poke|p2|Pecharunt|
|teampreview
|inactive|Battle timer is ON: inactive players will automatically lose when time's up. (requested by deddd server)
|
|t:|1758997913
|teamsize|p1|6
|teamsize|p2|6
|start
|switch|p1a: Clefable|Clefable, M|100/100
|switch|p2a: Cinderace|Cinderace, F|100/100
|turn|1
|
|t:|1758997918
|move|p1a: Clefable|Protect|p1a: Clefable
|-singleturn|p1a: Clefable|Protect
|move|p2a: Cinderace|Gunk Shot|p1a: Clefable
|-start|p2a: Cinderace|typechange|Poison|[from] ability: Libero
|-activate|p1a: Clefable|move: Protect
|
|upkeep
|turn|2
|
|t:|1758997925
|switch|p2a: Landorus|Landorus-Therian, M|100/100
|-ability|p2a: Landorus|Intimidate|boost
|-unboost|p1a: Clefable|atk|1
|switch|p1a: Clodsire|Clodsire, F|100/100
|
|upkeep
|turn|3
|
|t:|1758997933
|switch|p1a: Salamence|Salamence, F|100/100
|-ability|p1a: Salamence|Intimidate|boost
|-unboost|p2a: Landorus|atk|1
|move|p2a: Landorus|Earth Power|p1a: Salamence
|-immune|p1a: Salamence
|
|upkeep
|turn|4
|
|t:|1758997938
|switch|p2a: Hatterene|Hatterene, F|100/100
|move|p1a: Salamence|Air Slash|p2a: Hatterene
|-damage|p2a: Hatterene|81/100
|
|upkeep
|turn|5
|
|t:|1758997944
|switch|p1a: Clodsire|Clodsire, F|100/100
|move|p2a: Hatterene|Draining Kiss|p1a: Clodsire
|-resisted|p1a: Clodsire
|-damage|p1a: Clodsire|91/100
|-heal|p2a: Hatterene|92/100|[from] drain|[of] p1a: Clodsire
|-damage|p2a: Hatterene|76/100|[from] item: Rocky Helmet|[of] p1a: Clodsire
|
|upkeep
|turn|6
|
|t:|1758997948
|switch|p1a: Hoopa|Hoopa-Unbound|100/100
|move|p2a: Hatterene|Psyshock|p1a: Hoopa
|-immune|p1a: Hoopa
|
|upkeep
|turn|7
|
|t:|1758997953
|switch|p2a: Landorus|Landorus-Therian, M|100/100
|-ability|p2a: Landorus|Intimidate|boost
|-unboost|p1a: Hoopa|atk|1
|move|p1a: Hoopa|Knock Off|p2a: Landorus
|-damage|p2a: Landorus|70/100
|-damage|p1a: Hoopa|84/100|[from] item: Rocky Helmet|[of] p2a: Landorus
|-enditem|p2a: Landorus|Rocky Helmet|[from] move: Knock Off|[of] p1a: Hoopa
|
|upkeep
|turn|8
|
|t:|1758997961
|switch|p1a: Salamence|Salamence, F|100/100
|-ability|p1a: Salamence|Intimidate|boost
|-unboost|p2a: Landorus|atk|1
|move|p2a: Landorus|U-turn|p1a: Salamence
|-resisted|p1a: Salamence
|-damage|p1a: Salamence|95/100
|
|t:|1758997967
|switch|p2a: Hatterene|Hatterene, F|76/100|[from] U-turn
|
|upkeep
|turn|9
|
|t:|1758997974
|switch|p1a: Hoopa|Hoopa-Unbound|84/100
|move|p2a: Hatterene|Draining Kiss|p1a: Hoopa
|-supereffective|p1a: Hoopa
|-damage|p1a: Hoopa|59/100
|-heal|p2a: Hatterene|95/100|[from] drain|[of] p1a: Hoopa
|
|upkeep
|turn|10
|
|t:|1758997982
|switch|p2a: Landorus|Landorus-Therian, M|70/100
|-ability|p2a: Landorus|Intimidate|boost
|-unboost|p1a: Hoopa|atk|1
|move|p1a: Hoopa|Psychic Noise|p2a: Landorus
|-damage|p2a: Landorus|22/100
|-start|p2a: Landorus|move: Heal Block
|
|upkeep
|turn|11
|
|t:|1758997997
|switch|p1a: Clefable|Clefable, M|100/100
|move|p2a: Landorus|U-turn|p1a: Clefable
|-resisted|p1a: Clefable
|-damage|p1a: Clefable|93/100
|
|t:|1758998002
|switch|p2a: Pecharunt|Pecharunt|100/100|[from] U-turn
|
|-heal|p1a: Clefable|99/100|[from] item: Leftovers
|upkeep
|turn|12
|j| tiochicodobos
|
|t:|1758998010
|move|p1a: Clefable|Protect|p1a: Clefable
|-singleturn|p1a: Clefable|Protect
|move|p2a: Pecharunt|Malignant Chain|p1a: Clefable
|-activate|p1a: Clefable|move: Protect
|
|-heal|p1a: Clefable|100/100|[from] item: Leftovers
|upkeep
|turn|13
|
|t:|1758998018
|switch|p1a: Clodsire|Clodsire, F|91/100
|move|p2a: Pecharunt|Malignant Chain|p1a: Clodsire
|-resisted|p1a: Clodsire
|-damage|p1a: Clodsire|85/100
|
|upkeep
|turn|14
|
|t:|1758998024
|move|p2a: Pecharunt|Parting Shot|p1a: Clodsire
|-unboost|p1a: Clodsire|atk|1
|-unboost|p1a: Clodsire|spa|1
|
|t:|1758998026
|switch|p2a: Hatterene|Hatterene, F|95/100|[from] Parting Shot
|move|p1a: Clodsire|Earthquake|p2a: Hatterene
|-damage|p2a: Hatterene|74/100
|
|upkeep
|turn|15
|
|t:|1758998035
|switch|p1a: Clefable|Clefable, M|100/100
|move|p2a: Hatterene|Draining Kiss|p1a: Clefable
|-damage|p1a: Clefable|75/100
|-heal|p2a: Hatterene|99/100|[from] drain|[of] p1a: Clefable
|
|-heal|p1a: Clefable|81/100|[from] item: Leftovers
|upkeep
|turn|16
|
|t:|1758998040
|move|p1a: Clefable|Wish|p1a: Clefable
|move|p2a: Hatterene|Psychic Noise|p1a: Clefable
|-damage|p1a: Clefable|40/100
|-start|p1a: Clefable|move: Heal Block
|
|upkeep
|turn|17
|
|t:|1758998047
|switch|p1a: Hoopa|Hoopa-Unbound|59/100
|move|p2a: Hatterene|Draining Kiss|p1a: Hoopa
|-supereffective|p1a: Hoopa
|-damage|p1a: Hoopa|38/100
|-heal|p2a: Hatterene|100/100|[from] drain|[of] p1a: Hoopa
|
|-heal|p1a: Hoopa|96/100|[from] move: Wish|[wisher] Clefable
|upkeep
|turn|18
|
|t:|1758998055
|move|p1a: Hoopa|Knock Off|p2a: Hatterene
|-damage|p2a: Hatterene|49/100
|-enditem|p2a: Hatterene|Assault Vest|[from] move: Knock Off|[of] p1a: Hoopa
|move|p2a: Hatterene|Draining Kiss|p1a: Hoopa
|-supereffective|p1a: Hoopa
|-damage|p1a: Hoopa|75/100
|-heal|p2a: Hatterene|66/100|[from] drain|[of] p1a: Hoopa
|
|upkeep
|turn|19
|
|t:|1758998065
|move|p1a: Hoopa|Knock Off|p2a: Hatterene
|-damage|p2a: Hatterene|29/100
|move|p2a: Hatterene|Draining Kiss|p1a: Hoopa
|-supereffective|p1a: Hoopa
|-damage|p1a: Hoopa|52/100
|-heal|p2a: Hatterene|48/100|[from] drain|[of] p1a: Hoopa
|
|upkeep
|turn|20
|
|t:|1758998074
|move|p1a: Hoopa|Psychic Noise|p2a: Hatterene
|-resisted|p2a: Hatterene
|-damage|p2a: Hatterene|29/100
|-start|p2a: Hatterene|move: Heal Block
|cant|p2a: Hatterene|move: Heal Block|Draining Kiss
|
|upkeep
|turn|21
|
|t:|1758998083
|switch|p2a: Kingambit|Kingambit, M|100/100
|move|p1a: Hoopa|Knock Off|p2a: Kingambit
|-resisted|p2a: Kingambit
|-damage|p2a: Kingambit|85/100
|-enditem|p2a: Kingambit|Leftovers|[from] move: Knock Off|[of] p1a: Hoopa
|
|upkeep
|turn|22
|
|t:|1758998091
|switch|p1a: Salamence|Salamence, F|95/100
|-ability|p1a: Salamence|Intimidate|boost
|-unboost|p2a: Kingambit|atk|1
|move|p2a: Kingambit|Sucker Punch||[still]
|-fail|p2a: Kingambit
|
|upkeep
|turn|23
|
|t:|1758998097
|-end|p2a: Kingambit|fallenundefined|[silent]
|switch|p2a: Cinderace|Cinderace, F|100/100
|move|p1a: Salamence|Flamethrower|p2a: Cinderace
|-resisted|p2a: Cinderace
|-damage|p2a: Cinderace|85/100
|
|upkeep
|turn|24
|
|t:|1758998105
|move|p2a: Cinderace|Gunk Shot|p1a: Salamence|[miss]
|-start|p2a: Cinderace|typechange|Poison|[from] ability: Libero
|-miss|p2a: Cinderace|p1a: Salamence
|move|p1a: Salamence|Air Slash|p2a: Cinderace
|-damage|p2a: Cinderace|45/100
|
|upkeep
|turn|25
|
|t:|1758998113
|switch|p1a: Clodsire|Clodsire, F|85/100
|move|p2a: Cinderace|Gunk Shot|p1a: Clodsire|[miss]
|-miss|p2a: Cinderace|p1a: Clodsire
|
|upkeep
|turn|26
|
|t:|1758998122
|switch|p2a: Landorus|Landorus-Therian, M|22/100
|-ability|p2a: Landorus|Intimidate|boost
|-unboost|p1a: Clodsire|atk|1
|move|p1a: Clodsire|Toxic|p2a: Landorus
|-status|p2a: Landorus|tox
|
|-damage|p2a: Landorus|16/100 tox|[from] psn
|upkeep
|turn|27
|
|t:|1758998130
|move|p2a: Landorus|U-turn|p1a: Clodsire
|-resisted|p1a: Clodsire
|-damage|p1a: Clodsire|77/100
|-damage|p2a: Landorus|0 fnt|[from] item: Rocky Helmet|[of] p1a: Clodsire
|faint|p2a: Landorus
|move|p1a: Clodsire|Stealth Rock|p2: Landorus
|-sidestart|p2: deddd server|move: Stealth Rock
|
|upkeep
|
|t:|1758998134
|switch|p2a: Cinderace|Cinderace, F|45/100
|-damage|p2a: Cinderace|20/100|[from] Stealth Rock
|turn|28
|
|t:|1758998143
|move|p2a: Cinderace|Court Change|p2a: Cinderace
|-start|p2a: Cinderace|typechange|Normal|[from] ability: Libero
|-swapsideconditions
|-activate|p2a: Cinderace|move: Court Change
|move|p1a: Clodsire|Earthquake|p2a: Cinderace
|-damage|p2a: Cinderace|0 fnt
|faint|p2a: Cinderace
|
|upkeep
|
|t:|1758998153
|switch|p2a: Kingambit|Kingambit, M|85/100
|-activate|p2a: Kingambit|ability: Supreme Overlord
|-start|p2a: Kingambit|fallen2|[silent]
|turn|29
|
|t:|1758998159
|switch|p1a: Salamence|Salamence, F|95/100
|-ability|p1a: Salamence|Intimidate|boost
|-unboost|p2a: Kingambit|atk|1
|move|p2a: Kingambit|Kowtow Cleave|p1a: Salamence
|-damage|p1a: Salamence|65/100
|
|upkeep
|turn|30
|j| ditto enjoya
|
|t:|1758998166
|-end|p2a: Kingambit|fallen2|[silent]
|switch|p2a: Pecharunt|Pecharunt|100/100
|move|p1a: Salamence|Flamethrower|p2a: Pecharunt
|-damage|p2a: Pecharunt|76/100
|
|upkeep
|turn|31
|l| ditto enjoya
|
|t:|1758998178
|switch|p1a: Clodsire|Clodsire, F|77/100
|-damage|p1a: Clodsire|71/100|[from] Stealth Rock
|move|p2a: Pecharunt|Parting Shot|p1a: Clodsire
|-unboost|p1a: Clodsire|atk|1
|-unboost|p1a: Clodsire|spa|1
|
|t:|1758998182
|switch|p2a: Raging Bolt|Raging Bolt|100/100|[from] Parting Shot
|
|upkeep
|turn|32
|j| Dr Greg H
|
|t:|1758998185
|move|p2a: Raging Bolt|Draco Meteor|p1a: Clodsire
|-damage|p1a: Clodsire|0 fnt
|-unboost|p2a: Raging Bolt|spa|2
|faint|p1a: Clodsire
|
|upkeep
|
|t:|1758998189
|switch|p1a: Cinderace|Cinderace, F|100/100
|turn|33
|l| Dr Greg H
|
|t:|1758998192
|move|p1a: Cinderace|Court Change|p1a: Cinderace
|-swapsideconditions
|-activate|p1a: Cinderace|move: Court Change
|move|p2a: Raging Bolt|Draco Meteor|p1a: Cinderace
|-damage|p1a: Cinderace|10/100
|-unboost|p2a: Raging Bolt|spa|2
|
|upkeep
|turn|34
|
|t:|1758998197
|switch|p1a: Clefable|Clefable, M|40/100
|-end|p2a: Raging Bolt|Protosynthesis|[silent]
|switch|p2a: Pecharunt|Pecharunt|76/100
|
|-heal|p1a: Clefable|46/100|[from] item: Leftovers
|upkeep
|turn|35
|
|t:|1758998207
|move|p1a: Clefable|Protect|p1a: Clefable
|-singleturn|p1a: Clefable|Protect
|move|p2a: Pecharunt|Malignant Chain|p1a: Clefable
|-activate|p1a: Clefable|move: Protect
|
|-heal|p1a: Clefable|52/100|[from] item: Leftovers
|upkeep
|turn|36
|
|t:|1758998225
|-terastallize|p1a: Clefable|Steel
|move|p2a: Pecharunt|Malignant Chain|p1a: Clefable
|-immune|p1a: Clefable
|move|p1a: Clefable|Calm Mind|p1a: Clefable
|-boost|p1a: Clefable|spa|1
|-boost|p1a: Clefable|spd|1
|
|-heal|p1a: Clefable|58/100|[from] item: Leftovers
|upkeep
|turn|37
|
|t:|1758998239
|move|p2a: Pecharunt|Parting Shot|p1a: Clefable
|-unboost|p1a: Clefable|atk|1
|-unboost|p1a: Clefable|spa|1
|
|t:|1758998241
|switch|p2a: Kingambit|Kingambit, M|85/100|[from] Parting Shot
|-damage|p2a: Kingambit|79/100|[from] Stealth Rock
|-activate|p2a: Kingambit|ability: Supreme Overlord
|-start|p2a: Kingambit|fallen2|[silent]
|move|p1a: Clefable|Calm Mind|p1a: Clefable
|-boost|p1a: Clefable|spa|1
|-boost|p1a: Clefable|spd|1
|
|-heal|p1a: Clefable|64/100|[from] item: Leftovers
|upkeep
|turn|38
|
|t:|1758998248
|switch|p1a: Salamence|Salamence, F|65/100
|-ability|p1a: Salamence|Intimidate|boost
|-unboost|p2a: Kingambit|atk|1
|move|p2a: Kingambit|Kowtow Cleave|p1a: Salamence
|-damage|p1a: Salamence|38/100
|
|upkeep
|turn|39
|
|t:|1758998255
|-end|p2a: Kingambit|fallen2|[silent]
|switch|p2a: Hatterene|Hatterene, F|29/100
|-damage|p2a: Hatterene|17/100|[from] Stealth Rock
|move|p1a: Salamence|Roost|p1a: Salamence
|-heal|p1a: Salamence|88/100
|-singleturn|p1a: Salamence|move: Roost
|
|upkeep
|turn|40
|
|t:|1758998259
|move|p1a: Salamence|Air Slash|p2a: Hatterene
|-damage|p2a: Hatterene|0 fnt
|faint|p2a: Hatterene
|
|upkeep
|
|t:|1758998265
|switch|p2a: Raging Bolt|Raging Bolt|100/100
|-damage|p2a: Raging Bolt|88/100|[from] Stealth Rock
|turn|41
|j| yrmpa
|inactive|ADM02 has 120 seconds left.
|
|t:|1758998298
|switch|p1a: Hoopa|Hoopa-Unbound|52/100
|move|p2a: Raging Bolt|Thunderbolt|p1a: Hoopa
|-damage|p1a: Hoopa|19/100
|
|upkeep
|turn|42
|
|t:|1758998304
|move|p2a: Raging Bolt|Thunderbolt|p1a: Hoopa
|-damage|p1a: Hoopa|0 fnt
|faint|p1a: Hoopa
|
|upkeep
|
|t:|1758998312
|switch|p1a: Dragonite|Dragonite, M|100/100
|turn|43
|
|t:|1758998315
|-end|p2a: Raging Bolt|Protosynthesis|[silent]
|switch|p2a: Pecharunt|Pecharunt|76/100
|move|p1a: Dragonite|Earthquake|p2a: Pecharunt
|-supereffective|p2a: Pecharunt
|-damage|p2a: Pecharunt|42/100
|
|upkeep
|turn|44
|
|t:|1758998322
|-terastallize|p2a: Pecharunt|Ghost
|move|p1a: Dragonite|Dragon Dance|p1a: Dragonite
|-boost|p1a: Dragonite|atk|1
|-boost|p1a: Dragonite|spe|1
|move|p2a: Pecharunt|Recover|p2a: Pecharunt
|-heal|p2a: Pecharunt|92/100
|
|upkeep
|turn|45
|
|t:|1758998326
|move|p1a: Dragonite|Encore|p2a: Pecharunt
|-start|p2a: Pecharunt|Encore
|move|p2a: Pecharunt|Recover|p2a: Pecharunt
|-heal|p2a: Pecharunt|100/100
|
|upkeep
|turn|46
|
|t:|1758998333
|switch|p2a: Kingambit|Kingambit, M|79/100
|-damage|p2a: Kingambit|73/100|[from] Stealth Rock
|-activate|p2a: Kingambit|ability: Supreme Overlord
|-start|p2a: Kingambit|fallen3|[silent]
|move|p1a: Dragonite|Earthquake|p2a: Kingambit
|-supereffective|p2a: Kingambit
|-damage|p2a: Kingambit|0 fnt
|faint|p2a: Kingambit
|-end|p2a: Kingambit|fallen3|[silent]
|
|upkeep
|
|t:|1758998337
|switch|p2a: Pecharunt|Pecharunt, tera:Ghost|100/100
|turn|47
|
|t:|1758998341
|switch|p1a: Clefable|Clefable, M, tera:Steel|64/100
|move|p2a: Pecharunt|Malignant Chain|p1a: Clefable
|-immune|p1a: Clefable
|
|-heal|p1a: Clefable|70/100|[from] item: Leftovers
|upkeep
|turn|48
|
|t:|1758998349
|move|p2a: Pecharunt|Shadow Ball|p1a: Clefable
|-damage|p1a: Clefable|39/100
|-unboost|p1a: Clefable|spd|1
|move|p1a: Clefable|Calm Mind|p1a: Clefable
|-boost|p1a: Clefable|spa|1
|-boost|p1a: Clefable|spd|1
|
|-heal|p1a: Clefable|46/100|[from] item: Leftovers
|upkeep
|turn|49
|
|t:|1758998354
|switch|p2a: Raging Bolt|Raging Bolt|88/100
|-damage|p2a: Raging Bolt|76/100|[from] Stealth Rock
|move|p1a: Clefable|Wish|p1a: Clefable
|
|-heal|p1a: Clefable|52/100|[from] item: Leftovers
|upkeep
|turn|50
|
|t:|1758998358
|move|p1a: Clefable|Protect|p1a: Clefable
|-singleturn|p1a: Clefable|Protect
|move|p2a: Raging Bolt|Volt Switch|p1a: Clefable
|-activate|p1a: Clefable|move: Protect
|
|-heal|p1a: Clefable|100/100|[from] move: Wish|[wisher] Clefable
|upkeep
|turn|51
|
|t:|1758998367
|move|p2a: Raging Bolt|Volt Switch|p1a: Clefable
|-damage|p1a: Clefable|44/100
|
|t:|1758998370
|-end|p2a: Raging Bolt|Protosynthesis|[silent]
|switch|p2a: Pecharunt|Pecharunt, tera:Ghost|100/100|[from] Volt Switch
|move|p1a: Clefable|Wish|p1a: Clefable
|
|-heal|p1a: Clefable|50/100|[from] item: Leftovers
|upkeep
|turn|52
|
|t:|1758998375
|move|p2a: Pecharunt|Shadow Ball|p1a: Clefable
|-damage|p1a: Clefable|16/100
|-unboost|p1a: Clefable|spd|1
|move|p1a: Clefable|Calm Mind|p1a: Clefable
|-boost|p1a: Clefable|spa|1
|-boost|p1a: Clefable|spd|1
|
|-heal|p1a: Clefable|66/100|[from] move: Wish|[wisher] Clefable
|-heal|p1a: Clefable|72/100|[from] item: Leftovers
|upkeep
|turn|53
|
|t:|1758998381
|move|p1a: Clefable|Protect|p1a: Clefable
|-singleturn|p1a: Clefable|Protect
|move|p2a: Pecharunt|Shadow Ball|p1a: Clefable
|-activate|p1a: Clefable|move: Protect
|
|-heal|p1a: Clefable|78/100|[from] item: Leftovers
|upkeep
|turn|54
|-message|deddd server forfeited.
|
|win|ADM02
|raw|ADM02's rating: 1869 &rarr; <strong>1885</strong><br />(+16 for winning)
|raw|deddd server's rating: 1795 &rarr; <strong>1779</strong><br />(-16 for losing)
|l|☆deddd server
|player|p2|
|l|☆ADM02
|player|p1|
