|j|☆TheonReekGreyjoy
|j|☆castillo919
|t:|1759046489
|gametype|singles
|player|p1|TheonReekGreyjoy|170|1630
|player|p2|castillo919|102|1496
|gen|9
|tier|[Gen 9] OU
|rated|
|rule|HP Percentage Mod: HP is shown in percentages
|rule|Endless Battle Clause: Forcing endless battles is banned
|rule|Species Clause: Limit one of each Pokémon
|rule|OHKO Clause: OHKO moves are banned
|rule|Evasion Items Clause: Evasion items are banned
|rule|Evasion Moves Clause: Evasion moves are banned
|rule|Evasion Abilities Clause: Evasion abilities are banned
|rule|Sleep Moves Clause: Sleep-inducing moves are banned
|clearpoke
|poke|p1|Rotom-Wash|
|poke|p1|Pecharunt|
|poke|p1|Garchomp, M|
|poke|p1|Kingambit, M|
|poke|p1|Excadrill, M|
|poke|p1|Tyranitar, F|
|poke|p2|Garganacl, M|
|poke|p2|Sinistcha-Masterpiece|
|poke|p2|Samurott-Hisui, M|
|poke|p2|Tinkaton, F|
|poke|p2|Darkrai|
|poke|p2|Moltres|
|teampreview
|
|t:|1759046501
|teamsize|p1|6
|teamsize|p2|6
|start
|switch|p1a: Rotom|Rotom-Wash|100/100
|switch|p2a: Samurott|Samurott-Hisui, M|100/100
|turn|1
|
|t:|1759046519
|move|p1a: Rotom|Volt Switch|p2a: Samurott
|-supereffective|p2a: Samurott
|-damage|p2a: Samurott|72/100
|
|t:|1759046545
|switch|p1a: Garchomp|Garchomp, M|100/100|[from] Volt Switch
|move|p2a: Samurott|Ceaseless Edge|p1a: Garchomp
|-damage|p1a: Garchomp|62/100
|-damage|p2a: Samurott|60/100|[from] ability: Rough Skin|[of] p1a: Garchomp
|-sidestart|p1: TheonReekGreyjoy|Spikes
|
|upkeep
|turn|2
|
|t:|1759046558
|switch|p2a: Moltres|Moltres|100/100
|move|p1a: Garchomp|Fire Fang|p2a: Moltres
|-resisted|p2a: Moltres
|-damage|p2a: Moltres|92/100
|
|upkeep
|turn|3
|
|t:|1759046567
|-terastallize|p1a: Garchomp|Fire
|move|p1a: Garchomp|Swords Dance|p1a: Garchomp
|-boost|p1a: Garchomp|atk|2
|move|p2a: Moltres|Roar|p1a: Garchomp
|drag|p1a: Rotom|Rotom-Wash|100/100
|
|upkeep
|turn|4
|
|t:|1759046591
|switch|p2a: Sinistcha|Sinistcha-Masterpiece|100/100
|move|p1a: Rotom|Volt Switch|p2a: Sinistcha
|-resisted|p2a: Sinistcha
|-damage|p2a: Sinistcha|86/100
|
|t:|1759046597
|switch|p1a: Tyranitar|Tyranitar, F|100/100|[from] Volt Switch
|-damage|p1a: Tyranitar|88/100|[from] Spikes
|-weather|Sandstorm|[from] ability: Sand Stream|[of] p1a: Tyranitar
|
|-weather|Sandstorm|[upkeep]
|-damage|p2a: Sinistcha|80/100|[from] Sandstorm
|-heal|p2a: Sinistcha|86/100|[from] item: Leftovers
|upkeep
|turn|5
|
|t:|1759046608
|switch|p2a: Tinkaton|Tinkaton, F|100/100
|-ability|p2a: Tinkaton|Mold Breaker
|-item|p2a: Tinkaton|Air Balloon
|move|p1a: Tyranitar|Knock Off|p2a: Tinkaton
|-resisted|p2a: Tinkaton
|-damage|p2a: Tinkaton|77/100
|-enditem|p2a: Tinkaton|Air Balloon
|
|-weather|Sandstorm|[upkeep]
|upkeep
|turn|6
|
|t:|1759046621
|switch|p1a: Excadrill|Excadrill, M|100/100
|-damage|p1a: Excadrill|88/100|[from] Spikes
|move|p2a: Tinkaton|Stealth Rock|p1a: Excadrill
|-sidestart|p1: TheonReekGreyjoy|move: Stealth Rock
|
|-weather|Sandstorm|[upkeep]
|upkeep
|turn|7
|
|t:|1759046630
|switch|p2a: Moltres|Moltres|92/100
|move|p1a: Excadrill|Swords Dance|p1a: Excadrill
|-boost|p1a: Excadrill|atk|2
|
|-weather|Sandstorm|[upkeep]
|-damage|p2a: Moltres|86/100|[from] Sandstorm
|upkeep
|turn|8
|
|t:|1759046641
|-terastallize|p2a: Moltres|Fairy
|move|p1a: Excadrill|Rock Slide|p2a: Moltres
|-damage|p2a: Moltres|45/100
|move|p2a: Moltres|Flamethrower|p1a: Excadrill
|-supereffective|p1a: Excadrill
|-damage|p1a: Excadrill|0 fnt
|faint|p1a: Excadrill
|
|-weather|Sandstorm|[upkeep]
|-damage|p2a: Moltres|39/100|[from] Sandstorm
|upkeep
|
|t:|1759046657
|switch|p1a: Garchomp|Garchomp, M, tera:Fire|62/100
|-damage|p1a: Garchomp|49/100|[from] Spikes
|-damage|p1a: Garchomp|24/100|[from] Stealth Rock
|turn|9
|
|t:|1759046663
|move|p1a: Garchomp|Earthquake|p2a: Moltres
|-damage|p2a: Moltres|2/100
|move|p2a: Moltres|Roost|p2a: Moltres
|-heal|p2a: Moltres|52/100
|
|-weather|Sandstorm|[upkeep]
|-damage|p1a: Garchomp|18/100|[from] Sandstorm
|-damage|p2a: Moltres|46/100|[from] Sandstorm
|upkeep
|turn|10
|
|t:|1759046673
|move|p1a: Garchomp|Earthquake|p2a: Moltres
|-damage|p2a: Moltres|7/100
|move|p2a: Moltres|Roost|p2a: Moltres
|-heal|p2a: Moltres|57/100
|
|-weather|Sandstorm|[upkeep]
|-damage|p1a: Garchomp|12/100|[from] Sandstorm
|-damage|p2a: Moltres|51/100|[from] Sandstorm
|upkeep
|turn|11
|-message|TheonReekGreyjoy forfeited.
|
|win|castillo919
|raw|TheonReekGreyjoy's rating: 1630 &rarr; <strong>1603</strong><br />(-27 for losing)
|raw|castillo919's rating: 1496 &rarr; <strong>1523</strong><br />(+27 for winning)
|l|☆TheonReekGreyjoy
|player|p1|
