|j|‽oehtwashere
|j|☆aceman2798
|t:|1758915933
|gametype|singles
|player|p1|oehtwashere|supernerd|1820
|player|p2|aceman2798|sada-ai|1766
|gen|9
|tier|[Gen 9] OU
|rated|
|rule|HP Percentage Mod: HP is shown in percentages
|rule|Endless Battle Clause: Forcing endless battles is banned
|rule|Species Clause: Limit one of each Pokémon
|rule|OHKO Clause: OHKO moves are banned
|rule|Evasion Items Clause: Evasion items are banned
|rule|Evasion Moves Clause: Evasion moves are banned
|rule|Evasion Abilities Clause: Evasion abilities are banned
|rule|Sleep Moves Clause: Sleep-inducing moves are banned
|clearpoke
|poke|p1|Enamorus, F|
|poke|p1|Primarina, F|
|poke|p1|Iron Treads|
|poke|p1|Dragonite, F|
|poke|p1|Cinderace, F|
|poke|p1|Zamazenta-*|
|poke|p2|Skeledirge, M|
|poke|p2|Ogerpon-Wellspring, F|
|poke|p2|Slowking-Galar, M|
|poke|p2|Corviknight, M|
|poke|p2|Darkrai|
|poke|p2|Great Tusk|
|teampreview
|inactive|Battle timer is ON: inactive players will automatically lose when time's up. (requested by oehtwashere)
|
|t:|1758915953
|teamsize|p1|6
|teamsize|p2|6
|start
|switch|p1a: Iron Treads|Iron Treads|100/100
|switch|p2a: Ogerpon|Ogerpon-Wellspring, F|100/100
|turn|1
|
|t:|1758915965
|move|p2a: Ogerpon|Ivy Cudgel|p1a: Iron Treads|[anim] Ivy Cudgel Water
|-supereffective|p1a: Iron Treads
|-damage|p1a: Iron Treads|11/100
|move|p1a: Iron Treads|Stealth Rock|p2a: Ogerpon
|-sidestart|p2: aceman2798|move: Stealth Rock
|
|-heal|p1a: Iron Treads|17/100|[from] item: Leftovers
|upkeep
|turn|2
|
|t:|1758915972
|-end|p1a: Iron Treads|Quark Drive|[silent]
|switch|p1a: Dragonite|Dragonite, F|100/100
|move|p2a: Ogerpon|Encore||[still]
|-fail|p2a: Ogerpon
|
|upkeep
|turn|3
|
|t:|1758915985
|switch|p2a: Corviknight|Corviknight, M|100/100
|-ability|p2a: Corviknight|Unnerve
|-damage|p2a: Corviknight|88/100|[from] Stealth Rock
|switch|p1a: Cinderace|Cinderace, F|100/100
|
|upkeep
|turn|4
|
|t:|1758915993
|switch|p2a: Skeledirge|Skeledirge, M|100/100
|move|p1a: Cinderace|U-turn|p2a: Skeledirge
|-resisted|p2a: Skeledirge
|-damage|p2a: Skeledirge|96/100
|
|t:|1758915998
|switch|p1a: Iron Treads|Iron Treads|17/100|[from] U-turn
|
|-heal|p1a: Iron Treads|23/100|[from] item: Leftovers
|upkeep
|turn|5
|
|t:|1758916002
|switch|p2a: Corviknight|Corviknight, M|88/100
|-ability|p2a: Corviknight|Unnerve
|-damage|p2a: Corviknight|76/100|[from] Stealth Rock
|move|p1a: Iron Treads|Earthquake|p2a: Corviknight
|-immune|p2a: Corviknight
|
|-heal|p1a: Iron Treads|29/100|[from] item: Leftovers
|upkeep
|turn|6
|
|t:|1758916005
|-end|p1a: Iron Treads|Quark Drive|[silent]
|switch|p1a: Cinderace|Cinderace, F|100/100
|move|p2a: Corviknight|Defog|p1a: Cinderace
|-unboost|p1a: Cinderace|evasion|1
|-sideend|p2: aceman2798|Stealth Rock|[from] move: Defog|[of] p2a: Corviknight
|
|upkeep
|turn|7
|
|t:|1758916014
|switch|p2a: Skeledirge|Skeledirge, M|96/100
|move|p1a: Cinderace|U-turn|p2a: Skeledirge
|-resisted|p2a: Skeledirge
|-damage|p2a: Skeledirge|92/100
|
|t:|1758916017
|switch|p1a: Iron Treads|Iron Treads|29/100|[from] U-turn
|
|-heal|p1a: Iron Treads|35/100|[from] item: Leftovers
|upkeep
|turn|8
|
|t:|1758916019
|move|p1a: Iron Treads|Stealth Rock|p2a: Skeledirge
|-sidestart|p2: aceman2798|move: Stealth Rock
|move|p2a: Skeledirge|Torch Song|p1a: Iron Treads
|-supereffective|p1a: Iron Treads
|-damage|p1a: Iron Treads|0 fnt
|-boost|p2a: Skeledirge|spa|1
|faint|p1a: Iron Treads
|-end|p1a: Iron Treads|Quark Drive|[silent]
|
|upkeep
|
|t:|1758916023
|switch|p1a: Primarina|Primarina, F|100/100
|turn|9
|
|t:|1758916026
|switch|p2a: Slowking|Slowking-Galar, M|100/100
|move|p1a: Primarina|Flip Turn|p2a: Slowking
|-damage|p2a: Slowking|87/100
|
|t:|1758916029
|switch|p1a: Cinderace|Cinderace, F|100/100|[from] Flip Turn
|
|upkeep
|turn|10
|
|t:|1758916033
|move|p1a: Cinderace|Pyro Ball|p2a: Slowking
|-damage|p2a: Slowking|37/100
|move|p2a: Slowking|Thunder Wave|p1a: Cinderace
|-status|p1a: Cinderace|par
|
|upkeep
|turn|11
|
|t:|1758916036
|switch|p2a: Skeledirge|Skeledirge, M|92/100
|move|p1a: Cinderace|U-turn|p2a: Skeledirge
|-resisted|p2a: Skeledirge
|-damage|p2a: Skeledirge|87/100
|
|t:|1758916038
|switch|p1a: Primarina|Primarina, F|100/100|[from] U-turn
|
|upkeep
|turn|12
|
|t:|1758916042
|switch|p2a: Slowking|Slowking-Galar, M|70/100
|move|p1a: Primarina|Psychic Noise|p2a: Slowking
|-damage|p2a: Slowking|43/100
|-start|p2a: Slowking|move: Heal Block
|
|upkeep
|turn|13
|
|t:|1758916046
|move|p1a: Primarina|Psychic Noise|p2a: Slowking
|-damage|p2a: Slowking|19/100
|move|p2a: Slowking|Sludge Bomb|p1a: Primarina
|-supereffective|p1a: Primarina
|-damage|p1a: Primarina|57/100
|-status|p1a: Primarina|psn
|
|-damage|p1a: Primarina|45/100 psn|[from] psn
|-end|p2a: Slowking|move: Heal Block
|upkeep
|turn|14
|
|t:|1758916050
|switch|p2a: Corviknight|Corviknight, M|76/100
|-ability|p2a: Corviknight|Unnerve
|-damage|p2a: Corviknight|64/100|[from] Stealth Rock
|move|p1a: Primarina|Ice Beam|p2a: Corviknight
|-damage|p2a: Corviknight|28/100
|
|-damage|p1a: Primarina|33/100 psn|[from] psn
|upkeep
|turn|15
|inactive|aceman2798 has 120 seconds left.
|inactive|aceman2798 has 90 seconds left.
|
|t:|1758916116
|switch|p2a: Ogerpon|Ogerpon-Wellspring, F|100/100
|-damage|p2a: Ogerpon|88/100|[from] Stealth Rock
|move|p1a: Primarina|Psychic Noise|p2a: Ogerpon
|-heal|p2a: Ogerpon|100/100|[from] ability: Water Absorb|[of] p1a: Primarina
|
|-damage|p1a: Primarina|21/100 psn|[from] psn
|upkeep
|turn|16
|inactive|aceman2798 has 90 seconds left.
|
|t:|1758916126
|move|p2a: Ogerpon|Ivy Cudgel|p1a: Primarina|[anim] Ivy Cudgel Water
|-resisted|p1a: Primarina
|-damage|p1a: Primarina|0 fnt
|faint|p1a: Primarina
|
|upkeep
|
|t:|1758916128
|switch|p1a: Dragonite|Dragonite, F|100/100
|turn|17
|
|t:|1758916137
|move|p2a: Ogerpon|Play Rough|p1a: Dragonite
|-supereffective|p1a: Dragonite
|-damage|p1a: Dragonite|64/100
|move|p1a: Dragonite|Dragon Dance|p1a: Dragonite
|-boost|p1a: Dragonite|atk|1
|-boost|p1a: Dragonite|spe|1
|
|-heal|p1a: Dragonite|70/100|[from] item: Leftovers
|upkeep
|turn|18
|
|t:|1758916145
|switch|p2a: Corviknight|Corviknight, M|28/100
|-ability|p2a: Corviknight|Unnerve
|-damage|p2a: Corviknight|16/100|[from] Stealth Rock
|-terastallize|p1a: Dragonite|Flying
|move|p1a: Dragonite|Tera Blast|p2a: Corviknight|[anim] Tera Blast Flying
|-resisted|p2a: Corviknight
|-damage|p2a: Corviknight|0 fnt
|faint|p2a: Corviknight
|
|-heal|p1a: Dragonite|76/100|[from] item: Leftovers
|upkeep
|
|t:|1758916152
|switch|p2a: Skeledirge|Skeledirge, M|87/100
|turn|19
|inactive|aceman2798 has 90 seconds left.
|inactive|aceman2798 has 60 seconds left.
|inactive|aceman2798 has 30 seconds left.
|inactive|aceman2798 has 20 seconds left.
|inactive|aceman2798 has 15 seconds left.
|inactive|aceman2798 has 10 seconds left.
|
|t:|1758916258
|-terastallize|p2a: Skeledirge|Fairy
|move|p1a: Dragonite|Earthquake|p2a: Skeledirge
|-damage|p2a: Skeledirge|54/100
|move|p2a: Skeledirge|Torch Song|p1a: Dragonite
|-damage|p1a: Dragonite|33/100
|-boost|p2a: Skeledirge|spa|1
|
|-heal|p1a: Dragonite|39/100|[from] item: Leftovers
|upkeep
|turn|20
|inactive|aceman2798 has 20 seconds left this turn.
|inactive|aceman2798 has 15 seconds left.
|inactive|aceman2798 has 10 seconds left.
|j| LegitimatePotato
|
|t:|1758916269
|move|p1a: Dragonite|Tera Blast|p2a: Skeledirge|[anim] Tera Blast Flying
|-damage|p2a: Skeledirge|4/100
|move|p2a: Skeledirge|Slack Off|p2a: Skeledirge
|-heal|p2a: Skeledirge|55/100
|
|-heal|p1a: Dragonite|45/100|[from] item: Leftovers
|upkeep
|turn|21
|inactive|aceman2798 has 20 seconds left this turn.
|inactive|aceman2798 has 15 seconds left.
|
|t:|1758916274
|move|p1a: Dragonite|Tera Blast|p2a: Skeledirge|[anim] Tera Blast Flying
|-damage|p2a: Skeledirge|0 fnt
|faint|p2a: Skeledirge
|
|-heal|p1a: Dragonite|51/100|[from] item: Leftovers
|upkeep
|inactive|aceman2798 has 20 seconds left this turn.
|inactive|aceman2798 has 15 seconds left.
|j| 0zorcNecropHades
|c|☆aceman2798|r u kiddiing me
|inactive|aceman2798 has 10 seconds left.
|inactive|aceman2798 has 5 seconds left.
|
|t:|1758916290
|switch|p2a: Great Tusk|Great Tusk|100/100
|turn|22
|inactive|aceman2798 has 15 seconds left this turn.
|c| 0zorcNecropHades|you were not unaware??
|
|t:|1758916294
|move|p1a: Dragonite|Tera Blast|p2a: Great Tusk|[anim] Tera Blast Flying
|-supereffective|p2a: Great Tusk
|-damage|p2a: Great Tusk|0 fnt
|faint|p2a: Great Tusk
|-end|p2a: Great Tusk|Protosynthesis|[silent]
|
|-heal|p1a: Dragonite|57/100|[from] item: Leftovers
|upkeep
|inactive|aceman2798 has 20 seconds left this turn.
|
|t:|1758916297
|switch|p2a: Darkrai|Darkrai|100/100
|-damage|p2a: Darkrai|88/100|[from] Stealth Rock
|turn|23
|inactive|aceman2798 has 30 seconds left this turn.
|c| 0zorcNecropHades|just how
|
|t:|1758916302
|move|p1a: Dragonite|Tera Blast|p2a: Darkrai|[anim] Tera Blast Flying
|-damage|p2a: Darkrai|0 fnt
|faint|p2a: Darkrai
|
|-heal|p1a: Dragonite|64/100|[from] item: Leftovers
|upkeep
|inactive|aceman2798 has 30 seconds left.
|
|t:|1758916307
|switch|p2a: Ogerpon|Ogerpon-Wellspring, F|100/100
|-damage|p2a: Ogerpon|88/100|[from] Stealth Rock
|turn|24
|
|t:|1758916310
|move|p1a: Dragonite|Tera Blast|p2a: Ogerpon|[anim] Tera Blast Flying
|-supereffective|p2a: Ogerpon
|-damage|p2a: Ogerpon|0 fnt
|faint|p2a: Ogerpon
|
|-heal|p1a: Dragonite|70/100|[from] item: Leftovers
|upkeep
|
|t:|1758916312
|switch|p2a: Slowking|Slowking-Galar, M|52/100
|turn|25
|
|t:|1758916315
|move|p1a: Dragonite|Tera Blast|p2a: Slowking|[anim] Tera Blast Flying
|-damage|p2a: Slowking|0 fnt
|faint|p2a: Slowking
|
|win|oehtwashere
|raw|oehtwashere's rating: 1820 &rarr; <strong>1837</strong><br />(+17 for winning)
|raw|aceman2798's rating: 1766 &rarr; <strong>1749</strong><br />(-17 for losing)
|l|‽oehtwashere
|player|p1|
