|j|☆bornexplorer88
|j|☆Wonderhoy1
|t:|1758934379
|gametype|singles
|player|p1|bornexplorer88|169|1227
|player|p2|Wonderhoy1|pilot|1250
|gen|9
|tier|[Gen 9] OU
|rated|
|rule|HP Percentage Mod: HP is shown in percentages
|rule|Endless Battle Clause: Forcing endless battles is banned
|rule|Species Clause: Limit one of each Pokémon
|rule|OHKO Clause: OHKO moves are banned
|rule|Evasion Items Clause: Evasion items are banned
|rule|Evasion Moves Clause: Evasion moves are banned
|rule|Evasion Abilities Clause: Evasion abilities are banned
|rule|Sleep Moves Clause: Sleep-inducing moves are banned
|clearpoke
|poke|p1|Primeape, F|
|poke|p1|Scream Tail|
|poke|p1|Venomoth, M|
|poke|p1|Walking Wake|
|poke|p1|Meowscarada, F|
|poke|p1|Landorus-Therian, M|
|poke|p2|Ninetales-Alola, F|
|poke|p2|Cetitan, M|
|poke|p2|Kingambit, M|
|poke|p2|Great Tusk|
|poke|p2|Ogerpon-Wellspring, F|
|poke|p2|Thundurus-Therian, M|
|teampreview
|
|t:|1758934388
|teamsize|p1|6
|teamsize|p2|6
|start
|switch|p1a: Scream Tail|Scream Tail|100/100
|switch|p2a: Noelle|Ninetales-Alola, F|100/100
|-weather|Snowscape|[from] ability: Snow Warning|[of] p2a: Noelle
|-enditem|p1a: Scream Tail|Booster Energy
|-activate|p1a: Scream Tail|ability: Protosynthesis|[fromitem]
|-start|p1a: Scream Tail|protosynthesisspd
|turn|1
|
|t:|1758934409
|switch|p2a: Thundurus|Thundurus-Therian, M|100/100
|move|p1a: Scream Tail|Calm Mind|p1a: Scream Tail
|-boost|p1a: Scream Tail|spa|1
|-boost|p1a: Scream Tail|spd|1
|
|-weather|Snowscape|[upkeep]
|upkeep
|turn|2
|
|t:|1758934426
|move|p2a: Thundurus|Thunderbolt|p1a: Scream Tail
|-damage|p1a: Scream Tail|84/100
|move|p1a: Scream Tail|Psyshock|p2a: Thundurus
|-damage|p2a: Thundurus|29/100
|
|-weather|Snowscape|[upkeep]
|upkeep
|turn|3
|
|t:|1758934437
|switch|p2a: Kingambit|Kingambit, M, shiny|100/100
|move|p1a: Scream Tail|Boomburst|p2a: Kingambit
|-resisted|p2a: Kingambit
|-damage|p2a: Kingambit|77/100
|
|-weather|Snowscape|[upkeep]
|upkeep
|turn|4
|
|t:|1758934450
|move|p1a: Scream Tail|Flamethrower|p2a: Kingambit
|-supereffective|p2a: Kingambit
|-damage|p2a: Kingambit|12/100
|move|p2a: Kingambit|Iron Head|p1a: Scream Tail
|-supereffective|p1a: Scream Tail
|-crit|p1a: Scream Tail
|-damage|p1a: Scream Tail|0 fnt
|faint|p1a: Scream Tail
|-end|p1a: Scream Tail|Protosynthesis|[silent]
|
|-weather|Snowscape|[upkeep]
|upkeep
|
|t:|1758934468
|switch|p1a: Walking Wake|Walking Wake|100/100
|turn|5
|
|t:|1758934485
|move|p2a: Kingambit|Sucker Punch|p1a: Walking Wake
|-damage|p1a: Walking Wake|45/100
|move|p1a: Walking Wake|Flip Turn|p2a: Kingambit
|-damage|p2a: Kingambit|0 fnt
|faint|p2a: Kingambit
|-end|p2a: Kingambit|fallenundefined|[silent]
|
|t:|1758934509
|-end|p1a: Walking Wake|Protosynthesis|[silent]
|switch|p1a: Landorus|Landorus-Therian, M|100/100|[from] Flip Turn
|
|-weather|none
|upkeep
|
|t:|1758934515
|switch|p2a: Noelle|Ninetales-Alola, F|100/100
|-weather|Snowscape|[from] ability: Snow Warning|[of] p2a: Noelle
|turn|6
|
|t:|1758934521
|switch|p1a: Walking Wake|Walking Wake|45/100
|move|p2a: Noelle|Aurora Veil|p2a: Noelle
|-sidestart|p2: Wonderhoy1|move: Aurora Veil
|
|-weather|Snowscape|[upkeep]
|upkeep
|turn|7
|
|t:|1758934527
|move|p1a: Walking Wake|Knock Off|p2a: Noelle
|-resisted|p2a: Noelle
|-damage|p2a: Noelle|96/100
|-enditem|p2a: Noelle|Light Clay|[from] move: Knock Off|[of] p1a: Walking Wake
|move|p2a: Noelle|Moonblast|p1a: Walking Wake
|-supereffective|p1a: Walking Wake
|-damage|p1a: Walking Wake|0 fnt
|faint|p1a: Walking Wake
|-end|p1a: Walking Wake|Protosynthesis|[silent]
|
|-weather|Snowscape|[upkeep]
|upkeep
|
|t:|1758934536
|switch|p1a: Primeape|Primeape, F|100/100
|turn|8
|
|t:|1758934539
|move|p2a: Noelle|Moonblast|p1a: Primeape
|-supereffective|p1a: Primeape
|-damage|p1a: Primeape|52/100
|-unboost|p1a: Primeape|spa|1
|-ability|p1a: Primeape|Defiant|boost
|-boost|p1a: Primeape|atk|2
|move|p1a: Primeape|Bulk Up|p1a: Primeape
|-boost|p1a: Primeape|atk|1
|-boost|p1a: Primeape|def|1
|
|-weather|Snowscape|[upkeep]
|upkeep
|turn|9
|
|t:|1758934552
|-terastallize|p1a: Primeape|Ghost
|move|p2a: Noelle|Moonblast|p1a: Primeape
|-damage|p1a: Primeape|26/100
|move|p1a: Primeape|Bulk Up|p1a: Primeape
|-boost|p1a: Primeape|atk|1
|-boost|p1a: Primeape|def|1
|
|-weather|Snowscape|[upkeep]
|upkeep
|turn|10
|
|t:|1758934562
|move|p2a: Noelle|Encore|p1a: Primeape
|-start|p1a: Primeape|Encore
|move|p1a: Primeape|Bulk Up|p1a: Primeape
|-boost|p1a: Primeape|atk|1
|-boost|p1a: Primeape|def|1
|
|-weather|none
|upkeep
|turn|11
|
|t:|1758934570
|move|p2a: Noelle|Moonblast|p1a: Primeape
|-damage|p1a: Primeape|3/100
|-unboost|p1a: Primeape|spa|1
|-ability|p1a: Primeape|Defiant|boost
|-boost|p1a: Primeape|atk|1
|move|p1a: Primeape|Bulk Up|p1a: Primeape
|-boost|p1a: Primeape|atk|0
|-boost|p1a: Primeape|def|1
|
|upkeep
|turn|12
|
|t:|1758934579
|move|p2a: Noelle|Moonblast|p1a: Primeape
|-damage|p1a: Primeape|0 fnt
|faint|p1a: Primeape
|
|upkeep
|
|t:|1758934591
|switch|p1a: Venomoth|Venomoth, M|100/100
|turn|13
|
|t:|1758934605
|switch|p2a: Thundurus|Thundurus-Therian, M|29/100
|move|p1a: Venomoth|Sludge Wave|p2a: Thundurus
|-damage|p2a: Thundurus|1/100
|-status|p2a: Thundurus|psn
|
|-damage|p2a: Thundurus|0 fnt|[from] psn
|faint|p2a: Thundurus
|-sideend|p2: Wonderhoy1|move: Aurora Veil
|upkeep
|
|t:|1758934639
|switch|p2a: Ogerpon-Chan|Ogerpon-Wellspring, F|100/100
|turn|14
|
|t:|1758934655
|-terastallize|p2a: Ogerpon-Chan|Water
|detailschange|p2a: Ogerpon-Chan|Ogerpon-Wellspring-Tera, F, tera:Water
|-ability|p2a: Ogerpon-Chan|Embody Aspect (Wellspring)|boost
|-boost|p2a: Ogerpon-Chan|spd|1
|move|p2a: Ogerpon-Chan|Ivy Cudgel|p1a: Venomoth|[anim] Ivy Cudgel Water
|-damage|p1a: Venomoth|0 fnt
|faint|p1a: Venomoth
|
|upkeep
|
|t:|1758934668
|switch|p1a: Meowscarada|Meowscarada, F|100/100
|turn|15
|
|t:|1758934673
|switch|p2a: Noelle|Ninetales-Alola, F|96/100
|-weather|Snowscape|[from] ability: Snow Warning|[of] p2a: Noelle
|move|p1a: Meowscarada|Knock Off|p2a: Noelle
|-start|p1a: Meowscarada|typechange|Dark|[from] ability: Protean
|-resisted|p2a: Noelle
|-damage|p2a: Noelle|81/100
|
|-weather|Snowscape|[upkeep]
|upkeep
|turn|16
|
|t:|1758934686
|switch|p1a: Landorus|Landorus-Therian, M|100/100
|-ability|p1a: Landorus|Intimidate|boost
|-unboost|p2a: Noelle|atk|1
|move|p2a: Noelle|Moonblast|p1a: Landorus
|-damage|p1a: Landorus|52/100
|-unboost|p1a: Landorus|spa|1
|
|-weather|Snowscape|[upkeep]
|upkeep
|turn|17
|
|t:|1758934695
|move|p1a: Landorus|Stone Edge|p2a: Noelle
|-supereffective|p2a: Noelle
|-crit|p2a: Noelle
|-damage|p2a: Noelle|0 fnt
|faint|p2a: Noelle
|
|-weather|Snowscape|[upkeep]
|upkeep
|
|t:|1758934702
|switch|p2a: Big Boi|Cetitan, M, shiny|100/100
|turn|18
|
|t:|1758934708
|move|p2a: Big Boi|Icicle Crash|p1a: Landorus
|-supereffective|p1a: Landorus
|-damage|p1a: Landorus|0 fnt
|faint|p1a: Landorus
|
|-weather|Snowscape|[upkeep]
|upkeep
|
|t:|1758934711
|switch|p1a: Meowscarada|Meowscarada, F|100/100
|turn|19
|
|t:|1758934718
|move|p1a: Meowscarada|Flower Trick|p2a: Big Boi
|-start|p1a: Meowscarada|typechange|Grass|[from] ability: Protean
|-crit|p2a: Big Boi
|-damage|p2a: Big Boi|65/100
|move|p2a: Big Boi|Icicle Crash|p1a: Meowscarada
|-supereffective|p1a: Meowscarada
|-damage|p1a: Meowscarada|0 fnt
|faint|p1a: Meowscarada
|
|win|Wonderhoy1
|raw|bornexplorer88's rating: 1227 &rarr; <strong>1204</strong><br />(-23 for losing)
|raw|Wonderhoy1's rating: 1250 &rarr; <strong>1273</strong><br />(+23 for winning)
|l|☆bornexplorer88
|player|p1|
|l|☆Wonderhoy1
|player|p2|
