|j|☆apexbluepk
|j|☆Balvis?
|t:|1758989695
|gametype|singles
|player|p1|apexbluepk|170|1238
|player|p2|Balvis?|sabrina|1305
|gen|9
|tier|[Gen 9] OU
|rated|
|rule|HP Percentage Mod: HP is shown in percentages
|rule|Endless Battle Clause: Forcing endless battles is banned
|rule|Species Clause: Limit one of each Pokémon
|rule|OHKO Clause: OHKO moves are banned
|rule|Evasion Items Clause: Evasion items are banned
|rule|Evasion Moves Clause: Evasion moves are banned
|rule|Evasion Abilities Clause: Evasion abilities are banned
|rule|Sleep Moves Clause: Sleep-inducing moves are banned
|clearpoke
|poke|p1|Pelipper, M|
|poke|p1|Clefable, M|
|poke|p1|Ludicolo, M|
|poke|p1|Goodra, F|
|poke|p1|Dragonite, F|
|poke|p1|Dragapult, F|
|poke|p2|Zamazenta-*|
|poke|p2|Gholdengo|
|poke|p2|Clodsire, F|
|poke|p2|Raging Bolt|
|poke|p2|Ogerpon-Wellspring, F|
|poke|p2|Landorus-Therian, M|
|teampreview
|inactive|Battle timer is ON: inactive players will automatically lose when time's up. (requested by Balvis?)
|
|t:|1758989718
|teamsize|p1|6
|teamsize|p2|6
|start
|switch|p1a: Dragonite|Dragonite, F|100/100
|switch|p2a: Gurly BoBaisha|Clodsire, F, shiny|100/100
|turn|1
|
|t:|1758989724
|move|p1a: Dragonite|Dragon Dance|p1a: Dragonite
|-boost|p1a: Dragonite|atk|1
|-boost|p1a: Dragonite|spe|1
|move|p2a: Gurly BoBaisha|Toxic|p1a: Dragonite
|-status|p1a: Dragonite|tox
|
|-damage|p1a: Dragonite|94/100 tox|[from] psn
|upkeep
|turn|2
|
|t:|1758989733
|move|p1a: Dragonite|Outrage|p2a: Gurly BoBaisha
|-damage|p2a: Gurly BoBaisha|0 fnt
|faint|p2a: Gurly BoBaisha
|-damage|p1a: Dragonite|84/100 tox|[from] item: Life Orb
|
|-damage|p1a: Dragonite|72/100 tox|[from] psn
|upkeep
|
|t:|1758989750
|switch|p2a: Shimsham Shah!|Zamazenta, shiny|100/100
|-ability|p2a: Shimsham Shah!|Dauntless Shield|boost
|-boost|p2a: Shimsham Shah!|def|1
|turn|3
|
|t:|1758989755
|move|p2a: Shimsham Shah!|Iron Defense|p2a: Shimsham Shah!
|-boost|p2a: Shimsham Shah!|def|2
|move|p1a: Dragonite|Outrage|p2a: Shimsham Shah!|[from] lockedmove
|-damage|p2a: Shimsham Shah!|60/100
|-damage|p1a: Dragonite|62/100 tox|[from] item: Life Orb
|
|-heal|p2a: Shimsham Shah!|66/100|[from] item: Leftovers
|-damage|p1a: Dragonite|44/100 tox|[from] psn
|upkeep
|turn|4
|
|t:|1758989767
|move|p2a: Shimsham Shah!|Iron Defense|p2a: Shimsham Shah!
|-boost|p2a: Shimsham Shah!|def|2
|move|p1a: Dragonite|Outrage|p2a: Shimsham Shah!|[from] lockedmove
|-damage|p2a: Shimsham Shah!|35/100
|-damage|p1a: Dragonite|34/100 tox|[from] item: Life Orb
|-start|p1a: Dragonite|confusion|[fatigue]
|
|-heal|p2a: Shimsham Shah!|41/100|[from] item: Leftovers
|-damage|p1a: Dragonite|9/100 tox|[from] psn
|upkeep
|turn|5
|
|t:|1758989779
|-activate|p1a: Dragonite|confusion
|move|p1a: Dragonite|Extreme Speed|p2a: Shimsham Shah!
|-damage|p2a: Shimsham Shah!|30/100
|-damage|p1a: Dragonite|0 fnt|[from] item: Life Orb
|faint|p1a: Dragonite
|move|p2a: Shimsham Shah!|Body Press|p1: Dragonite|[notarget]
|-fail|p2a: Shimsham Shah!
|
|-heal|p2a: Shimsham Shah!|36/100|[from] item: Leftovers
|upkeep
|
|t:|1758989783
|switch|p1a: Pelipper|Pelipper, M|100/100
|-weather|RainDance|[from] ability: Drizzle|[of] p1a: Pelipper
|turn|6
|
|t:|1758989792
|move|p2a: Shimsham Shah!|Body Press|p1a: Pelipper
|-resisted|p1a: Pelipper
|-damage|p1a: Pelipper|34/100
|move|p1a: Pelipper|Hurricane|p2a: Shimsham Shah!
|-supereffective|p2a: Shimsham Shah!
|-damage|p2a: Shimsham Shah!|0 fnt
|faint|p2a: Shimsham Shah!
|
|-weather|RainDance|[upkeep]
|upkeep
|
|t:|1758989801
|switch|p2a: Raajingabortu|Raging Bolt|100/100
|-enditem|p2a: Raajingabortu|Booster Energy
|-activate|p2a: Raajingabortu|ability: Protosynthesis|[fromitem]
|-start|p2a: Raajingabortu|protosynthesisspa
|turn|7
|
|t:|1758989812
|switch|p1a: Goodra|Goodra, F|100/100
|move|p2a: Raajingabortu|Dragon Pulse|p1a: Goodra
|-supereffective|p1a: Goodra
|-damage|p1a: Goodra|44/100
|
|-weather|RainDance|[upkeep]
|upkeep
|turn|8
|
|t:|1758989822
|-terastallize|p1a: Goodra|Water
|move|p2a: Raajingabortu|Dragon Pulse|p1a: Goodra
|-damage|p1a: Goodra|19/100
|move|p1a: Goodra|Draco Meteor|p2a: Raajingabortu
|-supereffective|p2a: Raajingabortu
|-crit|p2a: Raajingabortu
|-damage|p2a: Raajingabortu|0 fnt
|-unboost|p1a: Goodra|spa|2
|faint|p2a: Raajingabortu
|-end|p2a: Raajingabortu|Protosynthesis|[silent]
|
|-weather|RainDance|[upkeep]
|upkeep
|
|t:|1758989835
|switch|p2a: Shoobh|Ogerpon-Wellspring, F|100/100
|turn|9
|
|t:|1758989839
|move|p2a: Shoobh|Swords Dance|p2a: Shoobh
|-boost|p2a: Shoobh|atk|2
|move|p1a: Goodra|Sludge Bomb|p2a: Shoobh
|-supereffective|p2a: Shoobh
|-damage|p2a: Shoobh|61/100
|
|-weather|RainDance|[upkeep]
|upkeep
|turn|10
|
|t:|1758989846
|move|p2a: Shoobh|Horn Leech|p1a: Goodra
|-ability|p1a: Goodra|Sap Sipper|boost
|-boost|p1a: Goodra|atk|1
|move|p1a: Goodra|Sludge Bomb|p2a: Shoobh
|-supereffective|p2a: Shoobh
|-damage|p2a: Shoobh|23/100
|-status|p2a: Shoobh|psn
|
|-weather|none
|-damage|p2a: Shoobh|11/100 psn|[from] psn
|upkeep
|turn|11
|c|☆Balvis?|!!
|c|☆apexbluepk|lol
|
|t:|1758989858
|move|p2a: Shoobh|Knock Off|p1a: Goodra
|-damage|p1a: Goodra|0 fnt
|-enditem|p1a: Goodra|Assault Vest|[from] move: Knock Off|[of] p2a: Shoobh
|faint|p1a: Goodra
|
|-damage|p2a: Shoobh|0 fnt|[from] psn
|faint|p2a: Shoobh
|upkeep
|
|t:|1758989866
|switch|p2a: Sploagessence|Gholdengo|100/100
|switch|p1a: Pelipper|Pelipper, M|34/100
|-item|p2a: Sploagessence|Air Balloon
|-weather|RainDance|[from] ability: Drizzle|[of] p1a: Pelipper
|turn|12
|
|t:|1758989877
|move|p2a: Sploagessence|Shadow Ball|p1a: Pelipper
|-damage|p1a: Pelipper|0 fnt
|faint|p1a: Pelipper
|
|-weather|RainDance|[upkeep]
|upkeep
|
|t:|1758989880
|switch|p1a: Ludicolo|Ludicolo, M|100/100
|turn|13
|
|t:|1758989886
|move|p1a: Ludicolo|Hydro Pump|p2a: Sploagessence
|-damage|p2a: Sploagessence|0 fnt
|-enditem|p2a: Sploagessence|Air Balloon
|faint|p2a: Sploagessence
|
|-weather|RainDance|[upkeep]
|upkeep
|c|☆Balvis?|gg
|
|t:|1758989893
|switch|p2a: Feejus Butsoah|Landorus-Therian, M, shiny|100/100
|-ability|p2a: Feejus Butsoah|Intimidate|boost
|-unboost|p1a: Ludicolo|atk|1
|turn|14
|c|☆apexbluepk|gg
|
|t:|1758989900
|move|p1a: Ludicolo|Hydro Pump|p2a: Feejus Butsoah
|-supereffective|p2a: Feejus Butsoah
|-damage|p2a: Feejus Butsoah|0 fnt
|faint|p2a: Feejus Butsoah
|
|win|apexbluepk
|raw|apexbluepk's rating: 1238 &rarr; <strong>1268</strong><br />(+30 for winning)
|raw|Balvis?'s rating: 1305 &rarr; <strong>1281</strong><br />(-24 for losing)
|l|☆Balvis?
|player|p2|
|l|☆apexbluepk
|player|p1|
