|j|☆Smellyporkchop
|j|☆andjelicpwnsu
|t:|1759033328
|gametype|singles
|player|p1|Smellyporkchop|102|1388
|player|p2|andjelicpwnsu|wallace|1376
|gen|9
|tier|[Gen 9] OU
|rated|
|rule|HP Percentage Mod: HP is shown in percentages
|rule|Endless Battle Clause: Forcing endless battles is banned
|rule|Species Clause: Limit one of each Pokémon
|rule|OHKO Clause: OHKO moves are banned
|rule|Evasion Items Clause: Evasion items are banned
|rule|Evasion Moves Clause: Evasion moves are banned
|rule|Evasion Abilities Clause: Evasion abilities are banned
|rule|Sleep Moves Clause: Sleep-inducing moves are banned
|clearpoke
|poke|p1|Lokix, F|
|poke|p1|Cinderace, M|
|poke|p1|Great Tusk|
|poke|p1|Alomomola, F|
|poke|p1|Enamorus, F|
|poke|p1|Slowking-Galar, M|
|poke|p2|Corviknight, F|
|poke|p2|Blissey, F|
|poke|p2|Zapdos|
|poke|p2|Meowscarada, M|
|poke|p2|Primarina, M|
|poke|p2|Blaziken, F|
|teampreview
|inactive|Battle timer is ON: inactive players will automatically lose when time's up. (requested by Smellyporkchop)
|
|t:|1759033343
|teamsize|p1|6
|teamsize|p2|6
|start
|switch|p1a: Slowking|Slowking-Galar, M|100/100
|switch|p2a: Meowscarada|Meowscarada, M|100/100
|turn|1
|
|t:|1759033350
|move|p2a: Meowscarada|Knock Off|p1a: Slowking
|-start|p2a: Meowscarada|typechange|Dark|[from] ability: Protean
|-supereffective|p1a: Slowking
|-damage|p1a: Slowking|0 fnt
|-enditem|p1a: Slowking|Shuca Berry|[from] move: Knock Off|[of] p2a: Meowscarada
|faint|p1a: Slowking
|
|upkeep
|
|t:|1759033359
|switch|p1a: Lokix|Lokix, F|100/100
|turn|2
|
|t:|1759033362
|switch|p2a: Corviknight|Corviknight, F|100/100
|-ability|p2a: Corviknight|Pressure
|move|p1a: Lokix|U-turn|p2a: Corviknight
|-resisted|p2a: Corviknight
|-damage|p2a: Corviknight|78/100
|-damage|p1a: Lokix|84/100|[from] item: Rocky Helmet|[of] p2a: Corviknight
|
|t:|1759033366
|switch|p1a: Cinderace|Cinderace, M|100/100|[from] U-turn
|
|upkeep
|turn|3
|
|t:|1759033372
|switch|p2a: Primarina|Primarina, M|100/100
|move|p1a: Cinderace|Will-O-Wisp|p2a: Primarina
|-status|p2a: Primarina|brn
|
|-damage|p2a: Primarina|94/100 brn|[from] brn
|upkeep
|turn|4
|
|t:|1759033379
|move|p1a: Cinderace|U-turn|p2a: Primarina
|-resisted|p2a: Primarina
|-crit|p2a: Primarina
|-damage|p2a: Primarina|78/100 brn
|
|t:|1759033382
|switch|p1a: Alomomola|Alomomola, F|100/100|[from] U-turn
|move|p2a: Primarina|Hyper Voice|p1a: Alomomola
|-resisted|p1a: Alomomola
|-damage|p1a: Alomomola|87/100
|
|-heal|p2a: Primarina|84/100 brn|[from] item: Leftovers
|-damage|p2a: Primarina|78/100 brn|[from] brn
|upkeep
|turn|5
|
|t:|1759033386
|move|p2a: Primarina|Moonblast|p1a: Alomomola
|-damage|p1a: Alomomola|61/100
|-unboost|p1a: Alomomola|spa|1
|move|p1a: Alomomola|Mirror Coat|p2a: Primarina
|-damage|p2a: Primarina|0 fnt
|faint|p2a: Primarina
|
|upkeep
|
|t:|1759033393
|switch|p2a: Meowscarada|Meowscarada, M|100/100
|turn|6
|
|t:|1759033399
|move|p2a: Meowscarada|Flower Trick|p1a: Alomomola
|-start|p2a: Meowscarada|typechange|Grass|[from] ability: Protean
|-supereffective|p1a: Alomomola
|-crit|p1a: Alomomola
|-damage|p1a: Alomomola|0 fnt
|faint|p1a: Alomomola
|
|upkeep
|
|t:|1759033408
|switch|p1a: Enamorus|Enamorus, F|100/100
|turn|7
|
|t:|1759033411
|switch|p2a: Zapdos|Zapdos|100/100
|-terastallize|p1a: Enamorus|Stellar
|move|p1a: Enamorus|Tera Blast|p2a: Zapdos|[anim] Tera Blast Stellar
|-damage|p2a: Zapdos|73/100
|-boost|p1a: Enamorus|atk|1
|-boost|p1a: Enamorus|spa|1
|
|upkeep
|turn|8
|
|t:|1759033422
|move|p1a: Enamorus|Tera Blast|p2a: Zapdos|[anim] Tera Blast Stellar
|-damage|p2a: Zapdos|39/100
|-boost|p1a: Enamorus|atk|1
|-boost|p1a: Enamorus|spa|1
|move|p2a: Zapdos|Volt Switch|p1a: Enamorus
|-supereffective|p1a: Enamorus
|-damage|p1a: Enamorus|0 fnt
|faint|p1a: Enamorus
|-message|Smellyporkchop forfeited.
|
|win|andjelicpwnsu
|raw|Smellyporkchop's rating: 1388 &rarr; <strong>1367</strong><br />(-21 for losing)
|raw|andjelicpwnsu's rating: 1376 &rarr; <strong>1397</strong><br />(+21 for winning)
|l|☆Smellyporkchop
|player|p1|
|l|☆andjelicpwnsu
|player|p2|
