|j|☆nasbdvo
|j|☆phatt3
|t:|1758969615
|gametype|singles
|player|p1|nasbdvo|170|1174
|player|p2|phatt3|1|1137
|gen|9
|tier|[Gen 9] OU
|rated|
|rule|HP Percentage Mod: HP is shown in percentages
|rule|Endless Battle Clause: Forcing endless battles is banned
|rule|Species Clause: Limit one of each Pokémon
|rule|OHKO Clause: OHKO moves are banned
|rule|Evasion Items Clause: Evasion items are banned
|rule|Evasion Moves Clause: Evasion moves are banned
|rule|Evasion Abilities Clause: Evasion abilities are banned
|rule|Sleep Moves Clause: Sleep-inducing moves are banned
|clearpoke
|poke|p1|Corviknight, F|
|poke|p1|Iron Valiant|
|poke|p1|Blastoise, M|
|poke|p1|Garchomp, F|
|poke|p1|Iron Moth|
|poke|p1|Walking Wake|
|poke|p2|Ogerpon-Wellspring, F|
|poke|p2|Froslass, F|
|poke|p2|Arcanine-Hisui, M|
|poke|p2|Lumineon, F|
|poke|p2|Donphan, M|
|poke|p2|Pelipper, M|
|teampreview
|
|t:|1758969618
|teamsize|p1|6
|teamsize|p2|6
|start
|switch|p1a: Blastoise|Blastoise, M|100/100
|switch|p2a: Froslass|Froslass, F|100/100
|turn|1
|
|t:|1758969631
|move|p2a: Froslass|Switcheroo|p1a: Blastoise
|-activate|p2a: Froslass|move: Trick|[of] p1a: Blastoise
|-item|p1a: Blastoise|Choice Band|[from] move: Switcheroo
|-item|p2a: Froslass|White Herb|[from] move: Switcheroo
|move|p1a: Blastoise|Shell Smash|p1a: Blastoise
|-unboost|p1a: Blastoise|def|1
|-unboost|p1a: Blastoise|spd|1
|-boost|p1a: Blastoise|atk|2
|-boost|p1a: Blastoise|spa|2
|-boost|p1a: Blastoise|spe|2
|
|upkeep
|turn|2
|
|t:|1758969651
|switch|p1a: Iron Moth|Iron Moth|100/100
|-enditem|p1a: Iron Moth|Booster Energy
|-activate|p1a: Iron Moth|ability: Quark Drive|[fromitem]
|-start|p1a: Iron Moth|quarkdrivespa
|move|p2a: Froslass|Poltergeist||[still]
|-fail|p2a: Froslass
|
|upkeep
|turn|3
|
|t:|1758969665
|move|p1a: Iron Moth|Fiery Dance|p2a: Froslass
|-supereffective|p2a: Froslass
|-damage|p2a: Froslass|0 fnt
|-start|p1a: Iron Moth|Disable|Fiery Dance|[from] ability: Cursed Body|[of] p2a: Froslass
|faint|p2a: Froslass
|
|upkeep
|
|t:|1758969672
|switch|p2a: Ogerpon|Ogerpon-Wellspring, F|100/100
|turn|4
|
|t:|1758969679
|-end|p1a: Iron Moth|Quark Drive|[silent]
|switch|p1a: Blastoise|Blastoise, M|100/100
|move|p2a: Ogerpon|Ivy Cudgel|p1a: Blastoise|[anim] Ivy Cudgel Water
|-resisted|p1a: Blastoise
|-crit|p1a: Blastoise
|-damage|p1a: Blastoise|49/100
|
|upkeep
|turn|5
|
|t:|1758969689
|-terastallize|p1a: Blastoise|Grass
|move|p2a: Ogerpon|Power Whip|p1a: Blastoise
|-resisted|p1a: Blastoise
|-damage|p1a: Blastoise|7/100
|move|p1a: Blastoise|Shell Smash|p1a: Blastoise
|-unboost|p1a: Blastoise|def|1
|-unboost|p1a: Blastoise|spd|1
|-boost|p1a: Blastoise|atk|2
|-boost|p1a: Blastoise|spa|2
|-boost|p1a: Blastoise|spe|2
|
|upkeep
|turn|6
|
|t:|1758969704
|switch|p2a: Arcanine|Arcanine-Hisui, M|100/100
|move|p1a: Blastoise|Shell Smash|p1a: Blastoise
|-unboost|p1a: Blastoise|def|1
|-unboost|p1a: Blastoise|spd|1
|-boost|p1a: Blastoise|atk|2
|-boost|p1a: Blastoise|spa|2
|-boost|p1a: Blastoise|spe|2
|
|upkeep
|turn|7
|
|t:|1758969723
|move|p2a: Arcanine|Extreme Speed|p1a: Blastoise
|-damage|p1a: Blastoise|0 fnt
|faint|p1a: Blastoise
|
|upkeep
|
|t:|1758969729
|switch|p1a: Walking Wake|Walking Wake|100/100
|-enditem|p1a: Walking Wake|Booster Energy
|-activate|p1a: Walking Wake|ability: Protosynthesis|[fromitem]
|-start|p1a: Walking Wake|protosynthesisspe
|turn|8
|
|t:|1758969737
|move|p1a: Walking Wake|Hydro Steam|p2a: Arcanine
|-supereffective|p2a: Arcanine
|-enditem|p2a: Arcanine|Focus Sash
|-damage|p2a: Arcanine|1/100
|move|p2a: Arcanine|Head Smash|p1a: Walking Wake
|-damage|p1a: Walking Wake|12/100
|
|upkeep
|turn|9
|
|t:|1758969751
|move|p2a: Arcanine|Extreme Speed|p1a: Walking Wake
|-crit|p1a: Walking Wake
|-damage|p1a: Walking Wake|0 fnt
|faint|p1a: Walking Wake
|-end|p1a: Walking Wake|Protosynthesis|[silent]
|
|upkeep
|
|t:|1758969764
|switch|p1a: Iron Valiant|Iron Valiant|100/100
|-enditem|p1a: Iron Valiant|Booster Energy
|-activate|p1a: Iron Valiant|ability: Quark Drive|[fromitem]
|-start|p1a: Iron Valiant|quarkdrivespe
|turn|10
|
|t:|1758969775
|move|p2a: Arcanine|Extreme Speed|p1a: Iron Valiant
|-damage|p1a: Iron Valiant|67/100
|move|p1a: Iron Valiant|Thunderbolt|p2a: Arcanine
|-damage|p2a: Arcanine|0 fnt
|faint|p2a: Arcanine
|
|upkeep
|
|t:|1758969785
|switch|p2a: Donphan|Donphan, M|100/100
|turn|11
|
|t:|1758969790
|move|p1a: Iron Valiant|Moonblast|p2a: Donphan
|-damage|p2a: Donphan|51/100
|-enditem|p2a: Donphan|Red Card|[of] p1a: Iron Valiant
|-end|p1a: Iron Valiant|Quark Drive|[silent]
|drag|p1a: Corviknight|Corviknight, F|100/100
|move|p2a: Donphan|Stealth Rock|p1a: Corviknight
|-sidestart|p1: nasbdvo|move: Stealth Rock
|
|upkeep
|turn|12
|
|t:|1758969800
|switch|p2a: Pelipper|Pelipper, M|100/100
|-weather|RainDance|[from] ability: Drizzle|[of] p2a: Pelipper
|move|p1a: Corviknight|Iron Head|p2a: Pelipper
|-resisted|p2a: Pelipper
|-damage|p2a: Pelipper|80/100
|
|-weather|RainDance|[upkeep]
|upkeep
|turn|13
|
|t:|1758969811
|move|p2a: Pelipper|Weather Ball|p1a: Corviknight
|-damage|p1a: Corviknight|40/100
|move|p1a: Corviknight|U-turn|p2a: Pelipper
|-resisted|p2a: Pelipper
|-damage|p2a: Pelipper|67/100
|
|t:|1758969820
|switch|p1a: Iron Valiant|Iron Valiant|67/100|[from] U-turn
|-damage|p1a: Iron Valiant|60/100|[from] Stealth Rock
|
|-weather|RainDance|[upkeep]
|upkeep
|turn|14
|
|t:|1758969828
|switch|p2a: Donphan|Donphan, M|51/100
|move|p1a: Iron Valiant|Thunderbolt|p2a: Donphan
|-immune|p2a: Donphan
|
|-weather|RainDance|[upkeep]
|upkeep
|turn|15
|
|t:|1758969838
|move|p1a: Iron Valiant|Moonblast|p2a: Donphan
|-damage|p2a: Donphan|0 fnt
|faint|p2a: Donphan
|
|-weather|RainDance|[upkeep]
|upkeep
|
|t:|1758969846
|switch|p2a: Lumineon|Lumineon, F|100/100
|turn|16
|
|t:|1758969854
|move|p2a: Lumineon|Alluring Voice|p1a: Iron Valiant
|-supereffective|p1a: Iron Valiant
|-damage|p1a: Iron Valiant|0 fnt
|faint|p1a: Iron Valiant
|-end|p1a: Iron Valiant|Quark Drive|[silent]
|-enditem|p2a: Lumineon|Throat Spray
|-boost|p2a: Lumineon|spa|1|[from] item: Throat Spray
|
|-weather|RainDance|[upkeep]
|upkeep
|
|t:|1758969871
|switch|p1a: Corviknight|Corviknight, F|40/100
|-damage|p1a: Corviknight|27/100|[from] Stealth Rock
|turn|17
|
|t:|1758969878
|move|p2a: Lumineon|Hydro Pump|p1a: Corviknight
|-damage|p1a: Corviknight|0 fnt
|faint|p1a: Corviknight
|
|-weather|RainDance|[upkeep]
|upkeep
|
|t:|1758969886
|switch|p1a: Iron Moth|Iron Moth|100/100
|-damage|p1a: Iron Moth|76/100|[from] Stealth Rock
|turn|18
|
|t:|1758969893
|move|p2a: Lumineon|Hydro Pump|p1a: Iron Moth
|-supereffective|p1a: Iron Moth
|-damage|p1a: Iron Moth|0 fnt
|faint|p1a: Iron Moth
|-end|p1a: Iron Moth|Quark Drive|[silent]
|
|-weather|RainDance|[upkeep]
|upkeep
|
|t:|1758969899
|switch|p1a: Garchomp|Garchomp, F|100/100
|-damage|p1a: Garchomp|94/100|[from] Stealth Rock
|turn|19
|
|t:|1758969906
|move|p2a: Lumineon|Ice Beam|p1a: Garchomp
|-supereffective|p1a: Garchomp
|-damage|p1a: Garchomp|0 fnt
|faint|p1a: Garchomp
|
|win|phatt3
|raw|nasbdvo's rating: 1174 &rarr; <strong>1146</strong><br />(-28 for losing)
|raw|phatt3's rating: 1137 &rarr; <strong>1165</strong><br />(+28 for winning)
|l|☆nasbdvo
|player|p1|
|l|☆phatt3
|player|p2|
