|badge|p2|bronze|gen9ou|100-6
|html|<div class="broadcast-red"><strong>This battle is required to be public due to one or more player having a season medal.</strong><br />During the public phase, you can discuss the state of the ladder <a href="/seasondiscussion">in a special chatroom.</a></div>
|uhtml|medal-msg|<div class="broadcast-blue">Curious what those medals under the avatar are? PS now has Ladder Seasons! For more information, check out the <a href="https://www.smogon.com/forums/threads/3740067/">thread on Smogon.</a></div>
|raw|<div class="broadcast-blue"><strong>This battle is required to be public due to a player having a name starting with 'medal'.</div>
|j|☆LT2 lulu
|j|☆MunchlaxTheGodKing
|t:|1759051636
|gametype|singles
|player|p1|LT2 lulu|170|1783
|player|p2|MunchlaxTheGodKing|furisodegirl-black|1848
|gen|9
|tier|[Gen 9] OU
|rated|
|rule|HP Percentage Mod: HP is shown in percentages
|rule|Endless Battle Clause: Forcing endless battles is banned
|rule|Species Clause: Limit one of each Pokémon
|rule|OHKO Clause: OHKO moves are banned
|rule|Evasion Items Clause: Evasion items are banned
|rule|Evasion Moves Clause: Evasion moves are banned
|rule|Evasion Abilities Clause: Evasion abilities are banned
|rule|Sleep Moves Clause: Sleep-inducing moves are banned
|clearpoke
|poke|p1|Garganacl, M|
|poke|p1|Great Tusk|
|poke|p1|Corviknight, M|
|poke|p1|Hoopa-Unbound|
|poke|p1|Sinistcha|
|poke|p1|Weezing-Galar, M|
|poke|p2|Zamazenta-*|
|poke|p2|Dragapult, M|
|poke|p2|Raging Bolt|
|poke|p2|Moltres|
|poke|p2|Iron Treads|
|poke|p2|Samurott-Hisui, F|
|teampreview
|inactive|Battle timer is ON: inactive players will automatically lose when time's up. (requested by MunchlaxTheGodKing)
|
|t:|1759051647
|teamsize|p1|6
|teamsize|p2|6
|start
|switch|p1a: Great Tusk|Great Tusk, shiny|100/100
|switch|p2a: 90%≠don't blunder|Samurott-Hisui, F|100/100
|turn|1
|j| locked in bro
|j| wgw2333
|j| catarina valentine
|
|t:|1759051657
|switch|p2a: Moltres|Moltres|100/100
|move|p1a: Great Tusk|Close Combat|p2a: Moltres
|-resisted|p2a: Moltres
|-damage|p2a: Moltres|70/100
|-unboost|p1a: Great Tusk|def|1
|-unboost|p1a: Great Tusk|spd|1
|
|upkeep
|turn|2
|
|t:|1759051676
|-end|p1a: Great Tusk|Protosynthesis|[silent]
|switch|p1a: Garganacl|Garganacl, M, shiny|100/100
|move|p2a: Moltres|U-turn|p1a: Garganacl
|-damage|p1a: Garganacl|91/100
|
|t:|1759051679
|switch|p2a: 90%≠don't blunder|Samurott-Hisui, F|100/100|[from] U-turn
|
|-heal|p1a: Garganacl|97/100|[from] item: Leftovers
|upkeep
|turn|3
|
|t:|1759051685
|move|p1a: Garganacl|Protect|p1a: Garganacl
|-singleturn|p1a: Garganacl|Protect
|move|p2a: 90%≠don't blunder|Razor Shell|p1a: Garganacl
|-activate|p1a: Garganacl|move: Protect
|
|-heal|p1a: Garganacl|100/100|[from] item: Leftovers
|upkeep
|turn|4
|
|t:|1759051700
|switch|p1a: Sinistcha|Sinistcha, shiny|100/100
|move|p2a: 90%≠don't blunder|Razor Shell|p1a: Sinistcha
|-resisted|p1a: Sinistcha
|-damage|p1a: Sinistcha|70/100
|
|upkeep
|turn|5
|
|t:|1759051711
|switch|p2a: Moltres|Moltres|70/100
|move|p1a: Sinistcha|Strength Sap|p2a: Moltres
|-unboost|p2a: Moltres|atk|1
|-heal|p1a: Sinistcha|100/100
|
|upkeep
|turn|6
|
|t:|1759051740
|switch|p1a: Garganacl|Garganacl, M, shiny|100/100
|move|p2a: Moltres|U-turn|p1a: Garganacl
|-damage|p1a: Garganacl|94/100
|
|t:|1759051742
|switch|p2a: 90%≠don't blunder|Samurott-Hisui, F|100/100|[from] U-turn
|
|-heal|p1a: Garganacl|100/100|[from] item: Leftovers
|upkeep
|turn|7
|
|t:|1759051747
|move|p1a: Garganacl|Protect|p1a: Garganacl
|-singleturn|p1a: Garganacl|Protect
|move|p2a: 90%≠don't blunder|Ceaseless Edge|p1a: Garganacl
|-activate|p1a: Garganacl|move: Protect
|
|upkeep
|turn|8
|
|t:|1759051754
|switch|p1a: Weezing|Weezing-Galar, M, shiny|100/100
|-ability|p1a: Weezing|Neutralizing Gas
|-terastallize|p2a: 90%≠don't blunder|Dark
|move|p2a: 90%≠don't blunder|Ceaseless Edge|p1a: Weezing
|-resisted|p1a: Weezing
|-damage|p1a: Weezing|77/100
|-sidestart|p1: LT2 lulu|Spikes
|
|upkeep
|turn|9
|
|t:|1759051767
|move|p2a: 90%≠don't blunder|Ceaseless Edge|p1a: Weezing
|-resisted|p1a: Weezing
|-damage|p1a: Weezing|56/100
|-sidestart|p1: LT2 lulu|Spikes
|move|p1a: Weezing|Defog|p2a: 90%≠don't blunder
|-unboost|p2a: 90%≠don't blunder|evasion|1
|-sideend|p1: LT2 lulu|Spikes|[from] move: Defog|[of] p1a: Weezing
|
|upkeep
|turn|10
|
|t:|1759051779
|switch|p2a: Moltres|Moltres|70/100
|move|p1a: Weezing|Sludge Bomb|p2a: Moltres
|-damage|p2a: Moltres|42/100
|
|upkeep
|turn|11
|
|t:|1759051789
|move|p2a: Moltres|Hurricane|p1a: Weezing|[miss]
|-miss|p2a: Moltres|p1a: Weezing
|move|p1a: Weezing|Pain Split|p2a: Moltres
|-sethp|p2a: Moltres|47/100|[from] move: Pain Split|[silent]
|-sethp|p1a: Weezing|51/100|[from] move: Pain Split
|
|upkeep
|turn|12
|
|t:|1759051797
|move|p2a: Moltres|U-turn|p1a: Weezing
|-resisted|p1a: Weezing
|-damage|p1a: Weezing|49/100
|
|t:|1759051800
|switch|p2a: 踩踩背|Iron Treads|100/100|[from] U-turn
|move|p1a: Weezing|Pain Split|p2a: 踩踩背
|-sethp|p2a: 踩踩背|71/100|[from] move: Pain Split|[silent]
|-sethp|p1a: Weezing|82/100|[from] move: Pain Split
|
|-heal|p2a: 踩踩背|77/100|[from] item: Leftovers
|upkeep
|turn|13
|
|t:|1759051811
|-end|p1a: Weezing|ability: Neutralizing Gas
|switch|p1a: Great Tusk|Great Tusk, shiny|100/100
|move|p2a: 踩踩背|Knock Off|p1a: Great Tusk
|-resisted|p1a: Great Tusk
|-damage|p1a: Great Tusk|91/100
|-enditem|p1a: Great Tusk|Choice Scarf|[from] move: Knock Off|[of] p2a: 踩踩背
|
|-heal|p2a: 踩踩背|83/100|[from] item: Leftovers
|upkeep
|turn|14
|
|t:|1759051826
|-end|p2a: 踩踩背|Quark Drive|[silent]
|switch|p2a: Moltres|Moltres|47/100
|move|p1a: Great Tusk|Stone Edge|p2a: Moltres
|-supereffective|p2a: Moltres
|-damage|p2a: Moltres|0 fnt
|faint|p2a: Moltres
|
|upkeep
|
|t:|1759051830
|switch|p2a: 24岁 喜欢发射孩子|Dragapult, M|100/100
|turn|15
|
|t:|1759051840
|-end|p1a: Great Tusk|Protosynthesis|[silent]
|switch|p1a: Corviknight|Corviknight, M, shiny|100/100
|-ability|p1a: Corviknight|Pressure
|move|p2a: 24岁 喜欢发射孩子|Draco Meteor|p1a: Corviknight
|-resisted|p1a: Corviknight
|-damage|p1a: Corviknight|72/100
|-unboost|p2a: 24岁 喜欢发射孩子|spa|2
|
|upkeep
|turn|16
|
|t:|1759051852
|switch|p2a: 脑袋尖尖的|Zamazenta|100/100
|-ability|p2a: 脑袋尖尖的|Dauntless Shield|boost
|-boost|p2a: 脑袋尖尖的|def|1
|move|p1a: Corviknight|U-turn|p2a: 脑袋尖尖的
|-resisted|p2a: 脑袋尖尖的
|-damage|p2a: 脑袋尖尖的|96/100
|
|t:|1759051859
|switch|p1a: Sinistcha|Sinistcha, shiny|100/100|[from] U-turn
|
|upkeep
|turn|17
|
|t:|1759051864
|move|p2a: 脑袋尖尖的|Crunch|p1a: Sinistcha
|-supereffective|p1a: Sinistcha
|-damage|p1a: Sinistcha|50/100
|-damage|p2a: 脑袋尖尖的|86/100|[from] item: Life Orb
|move|p1a: Sinistcha|Matcha Gotcha|p2a: 脑袋尖尖的
|-damage|p2a: 脑袋尖尖的|58/100
|-heal|p1a: Sinistcha|65/100|[from] drain|[of] p2a: 脑袋尖尖的
|
|upkeep
|turn|18
|
|t:|1759051877
|switch|p2a: 24岁 喜欢发射孩子|Dragapult, M|100/100
|move|p1a: Sinistcha|Strength Sap|p2a: 24岁 喜欢发射孩子
|-fail|p2a: 24岁 喜欢发射孩子|unboost|[from] ability: Clear Body|[of] p2a: 24岁 喜欢发射孩子
|-heal|p1a: Sinistcha|100/100
|
|upkeep
|turn|19
|
|t:|1759051884
|switch|p1a: Corviknight|Corviknight, M, shiny|72/100
|-ability|p1a: Corviknight|Pressure
|move|p2a: 24岁 喜欢发射孩子|U-turn|p1a: Corviknight
|-resisted|p1a: Corviknight
|-damage|p1a: Corviknight|69/100
|
|t:|1759051887
|switch|p2a: 90%≠don't blunder|Samurott-Hisui, F, tera:Dark|100/100|[from] U-turn
|
|upkeep
|turn|20
|
|t:|1759051893
|move|p2a: 90%≠don't blunder|Ceaseless Edge|p1a: Corviknight
|-damage|p1a: Corviknight|0 fnt
|-sidestart|p1: LT2 lulu|Spikes
|faint|p1a: Corviknight
|
|upkeep
|
|t:|1759051898
|switch|p1a: Weezing|Weezing-Galar, M, shiny|82/100
|-ability|p1a: Weezing|Neutralizing Gas
|turn|21
|
|t:|1759051904
|switch|p2a: 踩踩背|Iron Treads|83/100
|move|p1a: Weezing|Defog|p2a: 踩踩背
|-unboost|p2a: 踩踩背|evasion|1
|-sideend|p1: LT2 lulu|Spikes|[from] move: Defog|[of] p1a: Weezing
|
|-heal|p2a: 踩踩背|89/100|[from] item: Leftovers
|upkeep
|turn|22
|
|t:|1759051910
|-end|p1a: Weezing|ability: Neutralizing Gas
|switch|p1a: Great Tusk|Great Tusk, shiny|91/100
|move|p2a: 踩踩背|Earthquake|p1a: Great Tusk
|-damage|p1a: Great Tusk|63/100
|
|-heal|p2a: 踩踩背|96/100|[from] item: Leftovers
|upkeep
|turn|23
|
|t:|1759051918
|-end|p2a: 踩踩背|Quark Drive|[silent]
|switch|p2a: 24岁 喜欢发射孩子|Dragapult, M|100/100
|move|p1a: Great Tusk|Headlong Rush|p2a: 24岁 喜欢发射孩子
|-damage|p2a: 24岁 喜欢发射孩子|11/100
|-unboost|p1a: Great Tusk|def|1
|-unboost|p1a: Great Tusk|spd|1
|
|upkeep
|turn|24
|j| ilytrix
|
|t:|1759051926
|-end|p1a: Great Tusk|Protosynthesis|[silent]
|switch|p1a: Garganacl|Garganacl, M, shiny|100/100
|move|p2a: 24岁 喜欢发射孩子|Shadow Ball|p1a: Garganacl
|-damage|p1a: Garganacl|82/100
|
|-heal|p1a: Garganacl|88/100|[from] item: Leftovers
|upkeep
|turn|25
|
|t:|1759051934
|switch|p2a: 踩踩背|Iron Treads|96/100
|move|p1a: Garganacl|Salt Cure|p2a: 踩踩背
|-resisted|p2a: 踩踩背
|-damage|p2a: 踩踩背|93/100
|-start|p2a: 踩踩背|Salt Cure
|
|-heal|p2a: 踩踩背|99/100|[from] item: Leftovers
|-heal|p1a: Garganacl|94/100|[from] item: Leftovers
|-damage|p2a: 踩踩背|74/100|[from] Salt Cure
|upkeep
|turn|26
|
|t:|1759051940
|switch|p1a: Great Tusk|Great Tusk, shiny|63/100
|move|p2a: 踩踩背|Stealth Rock|p1a: Great Tusk
|-sidestart|p1: LT2 lulu|move: Stealth Rock
|
|-heal|p2a: 踩踩背|80/100|[from] item: Leftovers
|-damage|p2a: 踩踩背|55/100|[from] Salt Cure
|upkeep
|turn|27
|
|t:|1759051947
|move|p1a: Great Tusk|Headlong Rush|p2a: 踩踩背
|-supereffective|p2a: 踩踩背
|-crit|p2a: 踩踩背
|-damage|p2a: 踩踩背|0 fnt
|-unboost|p1a: Great Tusk|def|1
|-unboost|p1a: Great Tusk|spd|1
|faint|p2a: 踩踩背
|-end|p2a: 踩踩背|Quark Drive|[silent]
|
|upkeep
|
|t:|1759051951
|switch|p2a: 脑袋尖尖的|Zamazenta|58/100
|turn|28
|j| heatraniac
|
|t:|1759051955
|switch|p2a: 90%≠don't blunder|Samurott-Hisui, F, tera:Dark|100/100
|-end|p1a: Great Tusk|Protosynthesis|[silent]
|switch|p1a: Sinistcha|Sinistcha, shiny|100/100
|
|upkeep
|turn|29
|j| CapitanPabloskii
|
|t:|1759051960
|switch|p1a: Weezing|Weezing-Galar, M, shiny|82/100
|-ability|p1a: Weezing|Neutralizing Gas
|move|p2a: 90%≠don't blunder|Ceaseless Edge|p1a: Weezing
|-resisted|p1a: Weezing
|-damage|p1a: Weezing|59/100
|-sidestart|p1: LT2 lulu|Spikes
|
|upkeep
|turn|30
|j|+Disorient
|
|t:|1759051968
|switch|p2a: 长脖奶龙|Raging Bolt|100/100
|move|p1a: Weezing|Defog|p2a: 长脖奶龙
|-unboost|p2a: 长脖奶龙|evasion|1
|-sideend|p1: LT2 lulu|Spikes|[from] move: Defog|[of] p1a: Weezing
|-sideend|p1: LT2 lulu|Stealth Rock|[from] move: Defog|[of] p1a: Weezing
|
|upkeep
|turn|31
|
|t:|1759051975
|-end|p1a: Weezing|ability: Neutralizing Gas
|switch|p1a: Hoopa|Hoopa-Unbound|100/100
|move|p2a: 长脖奶龙|Volt Switch|p1a: Hoopa
|-damage|p1a: Hoopa|76/100
|
|t:|1759051978
|-end|p2a: 长脖奶龙|Protosynthesis|[silent]
|switch|p2a: 90%≠don't blunder|Samurott-Hisui, F, tera:Dark|100/100|[from] Volt Switch
|
|upkeep
|turn|32
|
|t:|1759051986
|switch|p1a: Weezing|Weezing-Galar, M, shiny|59/100
|-ability|p1a: Weezing|Neutralizing Gas
|move|p2a: 90%≠don't blunder|Razor Shell|p1a: Weezing
|-damage|p1a: Weezing|25/100
|
|upkeep
|turn|33
|
|t:|1759051995
|switch|p2a: 24岁 喜欢发射孩子|Dragapult, M|11/100
|-end|p1a: Weezing|ability: Neutralizing Gas
|switch|p1a: Sinistcha|Sinistcha, shiny|100/100
|
|upkeep
|turn|34
|l| CapitanPabloskii
|
|t:|1759052006
|switch|p1a: Garganacl|Garganacl, M, shiny|94/100
|move|p2a: 24岁 喜欢发射孩子|Draco Meteor|p1a: Garganacl
|-damage|p1a: Garganacl|38/100
|-unboost|p2a: 24岁 喜欢发射孩子|spa|2
|
|-heal|p1a: Garganacl|44/100|[from] item: Leftovers
|upkeep
|turn|35
|
|t:|1759052014
|switch|p2a: 长脖奶龙|Raging Bolt|100/100
|move|p1a: Garganacl|Salt Cure|p2a: 长脖奶龙
|-damage|p2a: 长脖奶龙|88/100
|-start|p2a: 长脖奶龙|Salt Cure
|
|-heal|p1a: Garganacl|50/100|[from] item: Leftovers
|-damage|p2a: 长脖奶龙|76/100|[from] Salt Cure
|upkeep
|turn|36
|
|t:|1759052019
|move|p1a: Garganacl|Protect|p1a: Garganacl
|-singleturn|p1a: Garganacl|Protect
|move|p2a: 长脖奶龙|Draco Meteor|p1a: Garganacl
|-activate|p1a: Garganacl|move: Protect
|
|-heal|p1a: Garganacl|56/100|[from] item: Leftovers
|-damage|p2a: 长脖奶龙|63/100|[from] Salt Cure
|upkeep
|turn|37
|
|t:|1759052028
|-end|p2a: 长脖奶龙|Protosynthesis|[silent]
|switch|p2a: 90%≠don't blunder|Samurott-Hisui, F, tera:Dark|100/100
|move|p1a: Garganacl|Stealth Rock|p2a: 90%≠don't blunder
|-sidestart|p2: MunchlaxTheGodKing|move: Stealth Rock
|
|-heal|p1a: Garganacl|63/100|[from] item: Leftovers
|upkeep
|turn|38
|
|t:|1759052034
|move|p1a: Garganacl|Protect|p1a: Garganacl
|-singleturn|p1a: Garganacl|Protect
|move|p2a: 90%≠don't blunder|Razor Shell|p1a: Garganacl
|-activate|p1a: Garganacl|move: Protect
|
|-heal|p1a: Garganacl|69/100|[from] item: Leftovers
|upkeep
|turn|39
|l| catarina valentine
|
|t:|1759052041
|switch|p1a: Sinistcha|Sinistcha, shiny|100/100
|move|p2a: 90%≠don't blunder|Razor Shell|p1a: Sinistcha
|-resisted|p1a: Sinistcha
|-damage|p1a: Sinistcha|72/100
|
|upkeep
|turn|40
|
|t:|1759052053
|switch|p2a: 24岁 喜欢发射孩子|Dragapult, M|11/100
|-damage|p2a: 24岁 喜欢发射孩子|0 fnt|[from] Stealth Rock
|faint|p2a: 24岁 喜欢发射孩子
|switch|p1a: Great Tusk|Great Tusk, shiny|63/100
|
|upkeep
|
|t:|1759052059
|switch|p2a: 脑袋尖尖的|Zamazenta|58/100
|-damage|p2a: 脑袋尖尖的|52/100|[from] Stealth Rock
|turn|41
|
|t:|1759052066
|-end|p1a: Great Tusk|Protosynthesis|[silent]
|switch|p1a: Weezing|Weezing-Galar, M, shiny|25/100
|-ability|p1a: Weezing|Neutralizing Gas
|move|p2a: 脑袋尖尖的|Psychic Fangs|p1a: Weezing
|-supereffective|p1a: Weezing
|-damage|p1a: Weezing|0 fnt
|faint|p1a: Weezing
|-end|p1a: Weezing|ability: Neutralizing Gas
|-damage|p2a: 脑袋尖尖的|42/100|[from] item: Life Orb
|
|upkeep
|
|t:|1759052076
|switch|p1a: Sinistcha|Sinistcha, shiny|72/100
|turn|42
|
|t:|1759052083
|switch|p2a: 长脖奶龙|Raging Bolt|63/100
|move|p1a: Sinistcha|Strength Sap|p2a: 长脖奶龙
|-unboost|p2a: 长脖奶龙|atk|1
|-heal|p1a: Sinistcha|100/100
|
|upkeep
|turn|43
|
|t:|1759052088
|switch|p1a: Hoopa|Hoopa-Unbound|76/100
|move|p2a: 长脖奶龙|Draco Meteor|p1a: Hoopa
|-damage|p1a: Hoopa|34/100
|-unboost|p2a: 长脖奶龙|spa|2
|
|upkeep
|turn|44
|
|t:|1759052095
|move|p2a: 长脖奶龙|Volt Switch|p1a: Hoopa
|-damage|p1a: Hoopa|23/100
|
|t:|1759052104
|-end|p2a: 长脖奶龙|Protosynthesis|[silent]
|switch|p2a: 90%≠don't blunder|Samurott-Hisui, F, tera:Dark|100/100|[from] Volt Switch
|-damage|p2a: 90%≠don't blunder|88/100|[from] Stealth Rock
|move|p1a: Hoopa|Drain Punch|p2a: 90%≠don't blunder
|-supereffective|p2a: 90%≠don't blunder
|-damage|p2a: 90%≠don't blunder|10/100
|-heal|p1a: Hoopa|61/100|[from] drain|[of] p2a: 90%≠don't blunder
|
|upkeep
|turn|45
|
|t:|1759052117
|move|p2a: 90%≠don't blunder|Ceaseless Edge|p1a: Hoopa
|-damage|p1a: Hoopa|0 fnt
|-sidestart|p1: LT2 lulu|Spikes
|faint|p1a: Hoopa
|
|upkeep
|
|t:|1759052121
|switch|p1a: Great Tusk|Great Tusk, shiny|63/100
|-damage|p1a: Great Tusk|51/100|[from] Spikes
|turn|46
|
|t:|1759052128
|move|p1a: Great Tusk|Ice Spinner|p2a: 90%≠don't blunder
|-damage|p2a: 90%≠don't blunder|0 fnt
|faint|p2a: 90%≠don't blunder
|
|upkeep
|
|t:|1759052130
|switch|p2a: 脑袋尖尖的|Zamazenta|42/100
|-damage|p2a: 脑袋尖尖的|36/100|[from] Stealth Rock
|turn|47
|
|t:|1759052137
|-end|p1a: Great Tusk|Protosynthesis|[silent]
|switch|p1a: Sinistcha|Sinistcha, shiny|100/100
|move|p2a: 脑袋尖尖的|Ice Fang|p1a: Sinistcha
|-supereffective|p1a: Sinistcha
|-damage|p1a: Sinistcha|64/100
|-damage|p2a: 脑袋尖尖的|26/100|[from] item: Life Orb
|
|upkeep
|turn|48
|l| ilytrix
|
|t:|1759052146
|move|p2a: 脑袋尖尖的|Ice Fang|p1a: Sinistcha
|-supereffective|p1a: Sinistcha
|-damage|p1a: Sinistcha|27/100
|-damage|p2a: 脑袋尖尖的|16/100|[from] item: Life Orb
|cant|p1a: Sinistcha|flinch
|
|upkeep
|turn|49
|
|t:|1759052153
|move|p2a: 脑袋尖尖的|Crunch|p1a: Sinistcha
|-supereffective|p1a: Sinistcha
|-damage|p1a: Sinistcha|0 fnt
|faint|p1a: Sinistcha
|-damage|p2a: 脑袋尖尖的|7/100|[from] item: Life Orb
|
|upkeep
|
|t:|1759052157
|switch|p1a: Garganacl|Garganacl, M, shiny|69/100
|-damage|p1a: Garganacl|56/100|[from] Spikes
|turn|50
|l| heatraniac
|
|t:|1759052160
|move|p1a: Garganacl|Protect|p1a: Garganacl
|-singleturn|p1a: Garganacl|Protect
|move|p2a: 脑袋尖尖的|Close Combat|p1a: Garganacl
|-activate|p1a: Garganacl|move: Protect
|
|-heal|p1a: Garganacl|63/100|[from] item: Leftovers
|upkeep
|turn|51
|
|t:|1759052169
|-terastallize|p1a: Garganacl|Water
|move|p2a: 脑袋尖尖的|Close Combat|p1a: Garganacl
|-damage|p1a: Garganacl|13/100
|-unboost|p2a: 脑袋尖尖的|def|1
|-unboost|p2a: 脑袋尖尖的|spd|1
|-damage|p2a: 脑袋尖尖的|0 fnt|[from] item: Life Orb
|faint|p2a: 脑袋尖尖的
|move|p1a: Garganacl|Recover|p1a: Garganacl
|-heal|p1a: Garganacl|63/100
|
|-heal|p1a: Garganacl|69/100|[from] item: Leftovers
|upkeep
|l| locked in bro
|
|t:|1759052171
|switch|p2a: 长脖奶龙|Raging Bolt|63/100
|turn|52
|
|t:|1759052176
|move|p1a: Garganacl|Protect|p1a: Garganacl
|-singleturn|p1a: Garganacl|Protect
|move|p2a: 长脖奶龙|Thunderbolt|p1a: Garganacl
|-activate|p1a: Garganacl|move: Protect
|
|-heal|p1a: Garganacl|76/100|[from] item: Leftovers
|upkeep
|turn|53
|
|t:|1759052181
|move|p2a: 长脖奶龙|Thunderbolt|p1a: Garganacl
|-supereffective|p1a: Garganacl
|-damage|p1a: Garganacl|4/100
|move|p1a: Garganacl|Salt Cure|p2a: 长脖奶龙
|-damage|p2a: 长脖奶龙|51/100
|-start|p2a: 长脖奶龙|Salt Cure
|
|-heal|p1a: Garganacl|10/100|[from] item: Leftovers
|-damage|p2a: 长脖奶龙|39/100|[from] Salt Cure
|upkeep
|turn|54
|-message|MunchlaxTheGodKing forfeited.
|
|win|LT2 lulu
|raw|LT2 lulu's rating: 1783 &rarr; <strong>1808</strong><br />(+25 for winning)
|raw|MunchlaxTheGodKing's rating: 1865 &rarr; <strong>1840</strong><br />(-25 for losing)
|l|☆MunchlaxTheGodKing
|player|p2|
|l|☆LT2 lulu
|player|p1|
|j| heatraniac
|l| heatraniac
|l|+Disorient
|l| wgw2333
