|j|☆December233
|j|‽geeza
|t:|1758966439
|gametype|singles
|player|p1|December233|evelyn|1362
|player|p2|geeza|plasmagruntf|1457
|gen|9
|tier|[Gen 9] OU
|rated|
|rule|HP Percentage Mod: HP is shown in percentages
|rule|Endless Battle Clause: Forcing endless battles is banned
|rule|Species Clause: Limit one of each Pokémon
|rule|OHKO Clause: OHKO moves are banned
|rule|Evasion Items Clause: Evasion items are banned
|rule|Evasion Moves Clause: Evasion moves are banned
|rule|Evasion Abilities Clause: Evasion abilities are banned
|rule|Sleep Moves Clause: Sleep-inducing moves are banned
|clearpoke
|poke|p1|Skuntank, M|
|poke|p1|Porygon2|
|poke|p1|Gholdengo|
|poke|p1|Great Tusk|
|poke|p1|Primarina, F|
|poke|p1|Darkrai|
|poke|p2|Ting-Lu|
|poke|p2|Dondozo, M|
|poke|p2|Corviknight, M|
|poke|p2|Clodsire, M|
|poke|p2|Garganacl, M|
|poke|p2|Zapdos|
|teampreview
|
|t:|1758966490
|teamsize|p1|6
|teamsize|p2|6
|start
|switch|p1a: Primarina|Primarina, F|100/100
|switch|p2a: Zapdos|Zapdos|100/100
|turn|1
|
|t:|1758966500
|switch|p1a: Porygon2|Porygon2|100/100
|-ability|p1a: Porygon2|Static|Trace|[from] ability: Trace|[of] p2a: Zapdos
|move|p2a: Zapdos|Hurricane|p1a: Porygon2|[miss]
|-miss|p2a: Zapdos|p1a: Porygon2
|
|upkeep
|turn|2
|
|t:|1758966509
|move|p2a: Zapdos|Volt Switch|p1a: Porygon2
|-damage|p1a: Porygon2|82/100
|
|t:|1758966531
|switch|p2a: Garganacl|Garganacl, M|100/100|[from] Volt Switch
|move|p1a: Porygon2|Ice Beam|p2a: Garganacl
|-damage|p2a: Garganacl|86/100
|
|-heal|p2a: Garganacl|92/100|[from] item: Leftovers
|upkeep
|turn|3
|
|t:|1758966543
|switch|p1a: Great Tusk|Great Tusk|100/100
|move|p2a: Garganacl|Salt Cure|p1a: Great Tusk
|-resisted|p1a: Great Tusk
|-damage|p1a: Great Tusk|98/100
|-start|p1a: Great Tusk|Salt Cure
|
|-heal|p2a: Garganacl|98/100|[from] item: Leftovers
|-damage|p1a: Great Tusk|86/100|[from] Salt Cure
|upkeep
|turn|4
|
|t:|1758966552
|-end|p1a: Great Tusk|Protosynthesis|[silent]
|switch|p1a: Gholdengo|Gholdengo|100/100
|move|p2a: Garganacl|Stealth Rock|p1a: Gholdengo
|-sidestart|p1: December233|move: Stealth Rock
|
|-heal|p2a: Garganacl|100/100|[from] item: Leftovers
|upkeep
|turn|5
|
|t:|1758966558
|switch|p2a: Zapdos|Zapdos|100/100
|move|p1a: Gholdengo|Trick|p2a: Zapdos
|-activate|p1a: Gholdengo|move: Trick|[of] p2a: Zapdos
|-item|p2a: Zapdos|Choice Scarf|[from] move: Trick
|-item|p1a: Gholdengo|Heavy-Duty Boots|[from] move: Trick
|
|upkeep
|turn|6
|
|t:|1758966570
|switch|p1a: Great Tusk|Great Tusk|86/100
|move|p2a: Zapdos|Volt Switch|p1a: Great Tusk
|-immune|p1a: Great Tusk
|
|upkeep
|turn|7
|
|t:|1758966577
|switch|p2a: Corviknight|Corviknight, M|100/100
|-ability|p2a: Corviknight|Pressure
|move|p1a: Great Tusk|Stealth Rock|p2a: Corviknight
|-sidestart|p2: geeza|move: Stealth Rock
|
|upkeep
|turn|8
|
|t:|1758966590
|-end|p1a: Great Tusk|Protosynthesis|[silent]
|switch|p1a: Gholdengo|Gholdengo|100/100
|move|p2a: Corviknight|Brave Bird|p1a: Gholdengo
|-resisted|p1a: Gholdengo
|-damage|p1a: Gholdengo|81/100
|-damage|p2a: Corviknight|95/100|[from] Recoil
|
|upkeep
|turn|9
|
|t:|1758966598
|switch|p1a: Great Tusk|Great Tusk|86/100
|move|p2a: Corviknight|U-turn|p1a: Great Tusk
|-resisted|p1a: Great Tusk
|-damage|p1a: Great Tusk|80/100
|
|t:|1758966625
|switch|p2a: Dondozo|Dondozo, M|100/100|[from] U-turn
|-damage|p2a: Dondozo|88/100|[from] Stealth Rock
|
|-heal|p2a: Dondozo|94/100|[from] item: Leftovers
|upkeep
|turn|10
|
|t:|1758966636
|-end|p1a: Great Tusk|Protosynthesis|[silent]
|switch|p1a: Skuntank|Skuntank, M|100/100
|-damage|p1a: Skuntank|88/100|[from] Stealth Rock
|move|p2a: Dondozo|Wave Crash|p1a: Skuntank
|-damage|p1a: Skuntank|57/100
|-damage|p2a: Dondozo|77/100|[from] item: Rocky Helmet|[of] p1a: Skuntank
|-damage|p2a: Dondozo|69/100|[from] Recoil
|
|-heal|p2a: Dondozo|75/100|[from] item: Leftovers
|upkeep
|turn|11
|
|t:|1758966648
|move|p1a: Skuntank|Taunt|p2a: Dondozo
|-start|p2a: Dondozo|move: Taunt
|cant|p2a: Dondozo|move: Taunt|Rest
|
|-heal|p2a: Dondozo|81/100|[from] item: Leftovers
|upkeep
|turn|12
|
|t:|1758966661
|switch|p2a: Zapdos|Zapdos|100/100
|-damage|p2a: Zapdos|76/100|[from] Stealth Rock
|move|p1a: Skuntank|Toxic|p2a: Zapdos
|-status|p2a: Zapdos|tox
|
|-damage|p2a: Zapdos|70/100 tox|[from] psn
|upkeep
|turn|13
|
|t:|1758966673
|switch|p1a: Porygon2|Porygon2|82/100
|-damage|p1a: Porygon2|69/100|[from] Stealth Rock
|-ability|p1a: Porygon2|Static|Trace|[from] ability: Trace|[of] p2a: Zapdos
|move|p2a: Zapdos|Hurricane|p1a: Porygon2
|-damage|p1a: Porygon2|41/100
|
|-damage|p2a: Zapdos|58/100 tox|[from] psn
|upkeep
|turn|14
|
|t:|1758966687
|switch|p2a: Clodsire|Clodsire, M|100/100
|-damage|p2a: Clodsire|94/100|[from] Stealth Rock
|move|p1a: Porygon2|Recover|p1a: Porygon2
|-heal|p1a: Porygon2|91/100
|
|-heal|p2a: Clodsire|100/100|[from] item: Black Sludge
|upkeep
|turn|15
|
|t:|1758966702
|switch|p1a: Great Tusk|Great Tusk|80/100
|move|p2a: Clodsire|Toxic Spikes|p1a: Great Tusk
|-sidestart|p1: December233|move: Toxic Spikes
|
|upkeep
|turn|16
|
|t:|1758966711
|move|p1a: Great Tusk|Headlong Rush|p2a: Clodsire
|-supereffective|p2a: Clodsire
|-damage|p2a: Clodsire|0 fnt
|-unboost|p1a: Great Tusk|def|1
|-unboost|p1a: Great Tusk|spd|1
|faint|p2a: Clodsire
|
|upkeep
|
|t:|1758966723
|switch|p2a: Ting-Lu|Ting-Lu|100/100
|-damage|p2a: Ting-Lu|94/100|[from] Stealth Rock
|-ability|p2a: Ting-Lu|Vessel of Ruin
|turn|17
|
|t:|1758966729
|move|p1a: Great Tusk|Rapid Spin|p2a: Ting-Lu
|-damage|p2a: Ting-Lu|84/100
|-boost|p1a: Great Tusk|spe|1
|-sideend|p1: December233|Toxic Spikes|[from] move: Rapid Spin|[of] p1a: Great Tusk
|-sideend|p1: December233|Stealth Rock|[from] move: Rapid Spin|[of] p1a: Great Tusk
|move|p2a: Ting-Lu|Earthquake|p1a: Great Tusk
|-damage|p1a: Great Tusk|40/100
|
|-heal|p2a: Ting-Lu|90/100|[from] item: Leftovers
|upkeep
|turn|18
|
|t:|1758966739
|-end|p1a: Great Tusk|Protosynthesis|[silent]
|switch|p1a: Porygon2|Porygon2|91/100
|-ability|p1a: Porygon2|Vessel of Ruin|Trace|[from] ability: Trace|[of] p2a: Ting-Lu
|-ability|p1a: Porygon2|Vessel of Ruin
|move|p2a: Ting-Lu|Earthquake|p1a: Porygon2
|-damage|p1a: Porygon2|73/100
|
|-heal|p2a: Ting-Lu|96/100|[from] item: Leftovers
|upkeep
|turn|19
|
|t:|1758966751
|move|p1a: Porygon2|Ice Beam|p2a: Ting-Lu
|-supereffective|p2a: Ting-Lu
|-damage|p2a: Ting-Lu|70/100
|move|p2a: Ting-Lu|Spikes|p1a: Porygon2
|-sidestart|p1: December233|Spikes
|
|-heal|p2a: Ting-Lu|77/100|[from] item: Leftovers
|upkeep
|turn|20
|
|t:|1758966764
|move|p1a: Porygon2|Ice Beam|p2a: Ting-Lu
|-supereffective|p2a: Ting-Lu
|-damage|p2a: Ting-Lu|52/100
|move|p2a: Ting-Lu|Spikes|p1a: Porygon2
|-sidestart|p1: December233|Spikes
|
|-heal|p2a: Ting-Lu|59/100|[from] item: Leftovers
|upkeep
|turn|21
|
|t:|1758966771
|move|p1a: Porygon2|Ice Beam|p2a: Ting-Lu
|-supereffective|p2a: Ting-Lu
|-damage|p2a: Ting-Lu|33/100
|-status|p2a: Ting-Lu|frz
|cant|p2a: Ting-Lu|frz
|
|-heal|p2a: Ting-Lu|39/100 frz|[from] item: Leftovers
|upkeep
|turn|22
|
|t:|1758966779
|switch|p1a: Great Tusk|Great Tusk|40/100
|switch|p2a: Garganacl|Garganacl, M|100/100
|-damage|p2a: Garganacl|88/100|[from] Stealth Rock
|
|-heal|p2a: Garganacl|94/100|[from] item: Leftovers
|upkeep
|turn|23
|
|t:|1758966788
|move|p1a: Great Tusk|Close Combat|p2a: Garganacl
|-supereffective|p2a: Garganacl
|-damage|p2a: Garganacl|8/100
|-unboost|p1a: Great Tusk|def|1
|-unboost|p1a: Great Tusk|spd|1
|move|p2a: Garganacl|Salt Cure|p1a: Great Tusk
|-resisted|p1a: Great Tusk
|-damage|p1a: Great Tusk|36/100
|-start|p1a: Great Tusk|Salt Cure
|
|-heal|p2a: Garganacl|14/100|[from] item: Leftovers
|-damage|p1a: Great Tusk|24/100|[from] Salt Cure
|upkeep
|turn|24
|
|t:|1758966796
|move|p2a: Garganacl|Protect|p2a: Garganacl
|-singleturn|p2a: Garganacl|Protect
|move|p1a: Great Tusk|Close Combat|p2a: Garganacl
|-activate|p2a: Garganacl|move: Protect
|
|-heal|p2a: Garganacl|20/100|[from] item: Leftovers
|-damage|p1a: Great Tusk|11/100|[from] Salt Cure
|upkeep
|turn|25
|
|t:|1758966807
|switch|p2a: Ting-Lu|Ting-Lu|39/100 frz
|-damage|p2a: Ting-Lu|33/100 frz|[from] Stealth Rock
|-ability|p2a: Ting-Lu|Vessel of Ruin
|move|p1a: Great Tusk|Rapid Spin|p2a: Ting-Lu
|-damage|p2a: Ting-Lu|23/100 frz
|-boost|p1a: Great Tusk|spe|1
|-sideend|p1: December233|Spikes|[from] move: Rapid Spin|[of] p1a: Great Tusk
|
|-heal|p2a: Ting-Lu|29/100 frz|[from] item: Leftovers
|-damage|p1a: Great Tusk|0 fnt|[from] Salt Cure
|faint|p1a: Great Tusk
|-end|p1a: Great Tusk|Protosynthesis|[silent]
|upkeep
|
|t:|1758966819
|switch|p1a: Primarina|Primarina, F|100/100
|turn|26
|
|t:|1758966829
|move|p1a: Primarina|Calm Mind|p1a: Primarina
|-boost|p1a: Primarina|spa|1
|-boost|p1a: Primarina|spd|1
|cant|p2a: Ting-Lu|frz
|
|-heal|p2a: Ting-Lu|35/100 frz|[from] item: Leftovers
|upkeep
|turn|27
|
|t:|1758966855
|move|p1a: Primarina|Calm Mind|p1a: Primarina
|-boost|p1a: Primarina|spa|1
|-boost|p1a: Primarina|spd|1
|cant|p2a: Ting-Lu|frz
|
|-heal|p2a: Ting-Lu|42/100 frz|[from] item: Leftovers
|upkeep
|turn|28
|
|t:|1758966862
|move|p1a: Primarina|Moonblast|p2a: Ting-Lu
|-supereffective|p2a: Ting-Lu
|-damage|p2a: Ting-Lu|0 fnt
|faint|p2a: Ting-Lu
|
|upkeep
|
|t:|1758966869
|switch|p2a: Zapdos|Zapdos|58/100 tox
|-damage|p2a: Zapdos|33/100 tox|[from] Stealth Rock
|turn|29
|
|t:|1758966873
|move|p2a: Zapdos|Volt Switch|p1a: Primarina
|-supereffective|p1a: Primarina
|-damage|p1a: Primarina|77/100
|
|t:|1758966885
|switch|p2a: Dondozo|Dondozo, M|81/100|[from] Volt Switch
|-damage|p2a: Dondozo|69/100|[from] Stealth Rock
|move|p1a: Primarina|Psychic Noise|p2a: Dondozo
|-resisted|p2a: Dondozo
|-damage|p2a: Dondozo|50/100
|-start|p2a: Dondozo|move: Heal Block
|
|-heal|p1a: Primarina|83/100|[from] item: Leftovers
|upkeep
|turn|30
|-message|geeza forfeited.
|
|win|December233
|raw|December233's rating: 1362 &rarr; <strong>1387</strong><br />(+25 for winning)
|raw|geeza's rating: 1457 &rarr; <strong>1432</strong><br />(-25 for losing)
|l|‽geeza
|player|p2|
