|j|☆DomCat
|j|☆rkxks
|t:|1759049435
|gametype|singles
|player|p1|DomCat|lady-gen4|1380
|player|p2|rkxks|2|1298
|gen|9
|tier|[Gen 9] OU
|rated|
|rule|HP Percentage Mod: HP is shown in percentages
|rule|Endless Battle Clause: Forcing endless battles is banned
|rule|Species Clause: Limit one of each Pokémon
|rule|OHKO Clause: OHKO moves are banned
|rule|Evasion Items Clause: Evasion items are banned
|rule|Evasion Moves Clause: Evasion moves are banned
|rule|Evasion Abilities Clause: Evasion abilities are banned
|rule|Sleep Moves Clause: Sleep-inducing moves are banned
|clearpoke
|poke|p1|Heatran, F|
|poke|p1|Quaquaval, F|
|poke|p1|Garganacl, M|
|poke|p1|Gliscor, M|
|poke|p1|Zapdos|
|poke|p1|Walking Wake|
|poke|p2|Meowscarada, F|
|poke|p2|Alomomola, M|
|poke|p2|Gliscor, M|
|poke|p2|Glimmora, M|
|poke|p2|Dondozo, M|
|poke|p2|Kyurem|
|teampreview
|inactive|Battle timer is ON: inactive players will automatically lose when time's up. (requested by DomCat)
|
|t:|1759049450
|teamsize|p1|6
|teamsize|p2|6
|start
|switch|p1a: Sparkuno|Zapdos|100/100
|switch|p2a: 킬랖롤|Glimmora, M, shiny|100/100
|turn|1
|
|t:|1759049457
|move|p2a: 킬랖롤|Power Gem|p1a: Sparkuno
|-supereffective|p1a: Sparkuno
|-damage|p1a: Sparkuno|19/100
|move|p1a: Sparkuno|Volt Switch|p2a: 킬랖롤
|-damage|p2a: 킬랖롤|50/100
|
|t:|1759049469
|switch|p1a: Boiling Dragon|Walking Wake|100/100|[from] Volt Switch
|
|upkeep
|turn|2
|
|t:|1759049481
|move|p1a: Boiling Dragon|Draco Meteor|p2a: 킬랖롤
|-damage|p2a: 킬랖롤|0 fnt
|-unboost|p1a: Boiling Dragon|spa|2
|faint|p2a: 킬랖롤
|
|upkeep
|
|t:|1759049490
|switch|p2a: 큘무|Kyurem, shiny|100/100
|-ability|p2a: 큘무|Pressure
|turn|3
|c|☆DomCat|Why weird Korean name for your pokemon?
|
|t:|1759049508
|-end|p1a: Boiling Dragon|Protosynthesis|[silent]
|switch|p1a: Himalayan Salt|Garganacl, M|100/100
|-terastallize|p2a: 큘무|Fire
|move|p2a: 큘무|Dragon Dance|p2a: 큘무
|-boost|p2a: 큘무|atk|1
|-boost|p2a: 큘무|spe|1
|
|upkeep
|turn|4
|
|t:|1759049516
|move|p2a: 큘무|Icicle Spear|p1a: Himalayan Salt
|-damage|p1a: Himalayan Salt|86/100
|-damage|p1a: Himalayan Salt|69/100
|-damage|p1a: Himalayan Salt|52/100
|-damage|p1a: Himalayan Salt|37/100
|-hitcount|p1a: Himalayan Salt|4
|move|p1a: Himalayan Salt|Salt Cure|p2a: 큘무
|-supereffective|p2a: 큘무
|-damage|p2a: 큘무|64/100
|-start|p2a: 큘무|Salt Cure
|
|-heal|p1a: Himalayan Salt|43/100|[from] item: Leftovers
|-damage|p2a: 큘무|51/100|[from] Salt Cure
|upkeep
|turn|5
|
|t:|1759049528
|move|p1a: Himalayan Salt|Protect|p1a: Himalayan Salt
|-singleturn|p1a: Himalayan Salt|Protect
|move|p2a: 큘무|Icicle Spear|p1a: Himalayan Salt
|-activate|p1a: Himalayan Salt|move: Protect
|
|-heal|p1a: Himalayan Salt|49/100|[from] item: Leftovers
|-damage|p2a: 큘무|39/100|[from] Salt Cure
|upkeep
|turn|6
|
|t:|1759049540
|switch|p1a: Joker 2019|Quaquaval, F|100/100
|move|p2a: 큘무|Icicle Spear|p1a: Joker 2019
|-resisted|p1a: Joker 2019
|-damage|p1a: Joker 2019|88/100
|-resisted|p1a: Joker 2019
|-damage|p1a: Joker 2019|74/100
|-resisted|p1a: Joker 2019
|-damage|p1a: Joker 2019|62/100
|-resisted|p1a: Joker 2019
|-damage|p1a: Joker 2019|49/100
|-resisted|p1a: Joker 2019
|-damage|p1a: Joker 2019|36/100
|-hitcount|p1a: Joker 2019|5
|
|-heal|p1a: Joker 2019|42/100|[from] item: Leftovers
|-damage|p2a: 큘무|26/100|[from] Salt Cure
|upkeep
|turn|7
|
|t:|1759049554
|move|p2a: 큘무|Scale Shot|p1a: Joker 2019
|-damage|p1a: Joker 2019|17/100
|-damage|p1a: Joker 2019|0 fnt
|faint|p1a: Joker 2019
|-hitcount|p1: Joker 2019|2
|-unboost|p2a: 큘무|def|1
|-boost|p2a: 큘무|spe|1
|
|-damage|p2a: 큘무|14/100|[from] Salt Cure
|upkeep
|
|t:|1759049568
|switch|p1a: Molten Salt|Heatran, F|100/100
|turn|8
|
|t:|1759049574
|move|p2a: 큘무|Icicle Spear|p1a: Molten Salt
|-resisted|p1a: Molten Salt
|-crit|p1a: Molten Salt
|-damage|p1a: Molten Salt|94/100
|-resisted|p1a: Molten Salt
|-damage|p1a: Molten Salt|90/100
|-resisted|p1a: Molten Salt
|-damage|p1a: Molten Salt|86/100
|-resisted|p1a: Molten Salt
|-damage|p1a: Molten Salt|82/100
|-resisted|p1a: Molten Salt
|-damage|p1a: Molten Salt|78/100
|-hitcount|p1a: Molten Salt|5
|move|p1a: Molten Salt|Stealth Rock|p2a: 큘무
|-sidestart|p2: rkxks|move: Stealth Rock
|
|-heal|p1a: Molten Salt|84/100|[from] item: Leftovers
|-damage|p2a: 큘무|1/100|[from] Salt Cure
|upkeep
|turn|9
|
|t:|1759049588
|move|p1a: Molten Salt|Protect|p1a: Molten Salt
|-singleturn|p1a: Molten Salt|Protect
|move|p2a: 큘무|Scale Shot|p1a: Molten Salt
|-activate|p1a: Molten Salt|move: Protect
|
|-heal|p1a: Molten Salt|91/100|[from] item: Leftovers
|-damage|p2a: 큘무|0 fnt|[from] Salt Cure
|faint|p2a: 큘무
|upkeep
|
|t:|1759049599
|switch|p2a: 글랑온|Gliscor, M, shiny|100/100
|-damage|p2a: 글랑온|88/100|[from] Stealth Rock
|turn|10
|
|t:|1759049607
|switch|p1a: Sparkuno|Zapdos|19/100
|move|p2a: 글랑온|Substitute|p2a: 글랑온
|-start|p2a: 글랑온|Substitute
|-damage|p2a: 글랑온|63/100
|
|-status|p2a: 글랑온|tox|[from] item: Toxic Orb
|upkeep
|turn|11
|
|t:|1759049613
|move|p2a: 글랑온|Protect|p2a: 글랑온
|-singleturn|p2a: 글랑온|Protect
|move|p1a: Sparkuno|Roost|p1a: Sparkuno
|-heal|p1a: Sparkuno|69/100
|-singleturn|p1a: Sparkuno|move: Roost
|
|-heal|p2a: 글랑온|75/100 tox|[from] ability: Poison Heal
|upkeep
|turn|12
|
|t:|1759049622
|move|p2a: 글랑온|Toxic|p1a: Sparkuno
|-status|p1a: Sparkuno|tox
|move|p1a: Sparkuno|Hurricane|p2a: 글랑온|[miss]
|-miss|p1a: Sparkuno|p2a: 글랑온
|
|-heal|p2a: 글랑온|88/100 tox|[from] ability: Poison Heal
|-damage|p1a: Sparkuno|62/100 tox|[from] psn
|upkeep
|turn|13
|
|t:|1759049633
|switch|p1a: Boiling Dragon|Walking Wake|100/100
|move|p2a: 글랑온|Protect||[still]
|-fail|p2a: 글랑온
|
|-heal|p2a: 글랑온|99/100 tox|[from] ability: Poison Heal
|upkeep
|turn|14
|
|t:|1759049639
|move|p1a: Boiling Dragon|Hydro Steam|p2a: 글랑온
|-supereffective|p2a: 글랑온
|-end|p2a: 글랑온|Substitute
|move|p2a: 글랑온|Toxic|p1a: Boiling Dragon
|-status|p1a: Boiling Dragon|tox
|
|-damage|p1a: Boiling Dragon|94/100 tox|[from] psn
|-heal|p2a: 글랑온|100/100 tox|[from] ability: Poison Heal
|upkeep
|turn|15
|
|t:|1759049651
|move|p2a: 글랑온|Protect|p2a: 글랑온
|-singleturn|p2a: 글랑온|Protect
|move|p1a: Boiling Dragon|Hydro Steam|p2a: 글랑온
|-activate|p2a: 글랑온|move: Protect
|
|-damage|p1a: Boiling Dragon|82/100 tox|[from] psn
|upkeep
|turn|16
|
|t:|1759049660
|-end|p1a: Boiling Dragon|Protosynthesis|[silent]
|switch|p1a: Himalayan Salt|Garganacl, M|49/100
|switch|p2a: 맘복치|Alomomola, M, shiny|100/100
|-damage|p2a: 맘복치|88/100|[from] Stealth Rock
|
|-heal|p1a: Himalayan Salt|55/100|[from] item: Leftovers
|upkeep
|turn|17
|
|t:|1759049669
|move|p2a: 맘복치|Flip Turn|p1a: Himalayan Salt
|-supereffective|p1a: Himalayan Salt
|-damage|p1a: Himalayan Salt|28/100
|
|t:|1759049672
|switch|p2a: 었럿|Dondozo, M, shiny|100/100|[from] Flip Turn
|-damage|p2a: 었럿|88/100|[from] Stealth Rock
|move|p1a: Himalayan Salt|Recover|p1a: Himalayan Salt
|-heal|p1a: Himalayan Salt|78/100
|
|-heal|p2a: 었럿|94/100|[from] item: Leftovers
|-heal|p1a: Himalayan Salt|84/100|[from] item: Leftovers
|upkeep
|turn|18
|
|t:|1759049681
|-terastallize|p1a: Himalayan Salt|Flying
|move|p2a: 었럿|Wave Crash|p1a: Himalayan Salt
|-damage|p1a: Himalayan Salt|53/100
|-damage|p2a: 었럿|87/100|[from] Recoil
|move|p1a: Himalayan Salt|Salt Cure|p2a: 었럿
|-damage|p2a: 었럿|79/100
|-start|p2a: 었럿|Salt Cure
|
|-heal|p1a: Himalayan Salt|59/100|[from] item: Leftovers
|-heal|p2a: 었럿|86/100|[from] item: Leftovers
|-damage|p2a: 었럿|61/100|[from] Salt Cure
|upkeep
|turn|19
|
|t:|1759049694
|move|p1a: Himalayan Salt|Recover|p1a: Himalayan Salt
|-heal|p1a: Himalayan Salt|100/100
|move|p2a: 었럿|Wave Crash|p1a: Himalayan Salt
|-damage|p1a: Himalayan Salt|66/100
|-damage|p2a: 었럿|53/100|[from] Recoil
|
|-heal|p1a: Himalayan Salt|72/100|[from] item: Leftovers
|-heal|p2a: 었럿|59/100|[from] item: Leftovers
|-damage|p2a: 었럿|34/100|[from] Salt Cure
|upkeep
|turn|20
|
|t:|1759049704
|switch|p1a: Molten Salt|Heatran, F|91/100
|switch|p2a: 맘복치|Alomomola, M, shiny|100/100
|-damage|p2a: 맘복치|88/100|[from] Stealth Rock
|
|-heal|p1a: Molten Salt|97/100|[from] item: Leftovers
|upkeep
|turn|21
|
|t:|1759049711
|move|p1a: Molten Salt|Magma Storm|p2a: 맘복치
|-resisted|p2a: 맘복치
|-damage|p2a: 맘복치|75/100
|-activate|p2a: 맘복치|move: Magma Storm|[of] p1a: Molten Salt
|move|p2a: 맘복치|Flip Turn|p1a: Molten Salt
|-supereffective|p1a: Molten Salt
|-damage|p1a: Molten Salt|69/100
|
|t:|1759049726
|switch|p2a: 맛칸|Meowscarada, F, shiny|100/100|[from] Flip Turn
|-damage|p2a: 맛칸|88/100|[from] Stealth Rock
|
|-heal|p1a: Molten Salt|75/100|[from] item: Leftovers
|upkeep
|turn|22
|
|t:|1759049732
|move|p1a: Molten Salt|Protect|p1a: Molten Salt
|-singleturn|p1a: Molten Salt|Protect
|move|p2a: 맛칸|Knock Off|p1a: Molten Salt
|-start|p2a: 맛칸|typechange|Dark|[from] ability: Protean
|-activate|p1a: Molten Salt|move: Protect
|
|-heal|p1a: Molten Salt|81/100|[from] item: Leftovers
|upkeep
|turn|23
|
|t:|1759049742
|move|p2a: 맛칸|Knock Off|p1a: Molten Salt
|-damage|p1a: Molten Salt|25/100
|-enditem|p1a: Molten Salt|Leftovers|[from] move: Knock Off|[of] p2a: 맛칸
|move|p1a: Molten Salt|Magma Storm|p2a: 맛칸
|-damage|p2a: 맛칸|3/100
|-activate|p2a: 맛칸|move: Magma Storm|[of] p1a: Molten Salt
|
|-damage|p2a: 맛칸|0 fnt|[from] move: Magma Storm|[partiallytrapped]
|faint|p2a: 맛칸
|upkeep
|
|t:|1759049748
|switch|p2a: 맘복치|Alomomola, M, shiny|100/100
|-damage|p2a: 맘복치|88/100|[from] Stealth Rock
|turn|24
|
|t:|1759049754
|move|p1a: Molten Salt|Earth Power|p2a: 맘복치
|-damage|p2a: 맘복치|71/100
|move|p2a: 맘복치|Flip Turn|p1a: Molten Salt
|-supereffective|p1a: Molten Salt
|-damage|p1a: Molten Salt|0 fnt
|faint|p1a: Molten Salt
|
|t:|1759049761
|switch|p2a: 었럿|Dondozo, M, shiny|34/100|[from] Flip Turn
|-damage|p2a: 었럿|22/100|[from] Stealth Rock
|
|-heal|p2a: 었럿|28/100|[from] item: Leftovers
|upkeep
|
|t:|1759049773
|switch|p1a: Himalayan Salt|Garganacl, M, tera:Flying|72/100
|turn|25
|
|t:|1759049776
|move|p1a: Himalayan Salt|Salt Cure|p2a: 었럿
|-damage|p2a: 었럿|20/100
|-start|p2a: 었럿|Salt Cure
|move|p2a: 었럿|Rest|p2a: 었럿
|-status|p2a: 었럿|slp|[from] move: Rest
|-heal|p2a: 었럿|100/100 slp|[silent]
|
|-heal|p1a: Himalayan Salt|78/100|[from] item: Leftovers
|-damage|p2a: 었럿|75/100 slp|[from] Salt Cure
|upkeep
|turn|26
|
|t:|1759049787
|switch|p2a: 맘복치|Alomomola, M, shiny|100/100
|-damage|p2a: 맘복치|88/100|[from] Stealth Rock
|move|p1a: Himalayan Salt|Earthquake|p2a: 맘복치
|-damage|p2a: 맘복치|66/100
|
|-heal|p1a: Himalayan Salt|84/100|[from] item: Leftovers
|upkeep
|turn|27
|
|t:|1759049796
|move|p2a: 맘복치|Scald|p1a: Himalayan Salt
|-damage|p1a: Himalayan Salt|73/100
|move|p1a: Himalayan Salt|Salt Cure|p2a: 맘복치
|-damage|p2a: 맘복치|52/100
|-start|p2a: 맘복치|Salt Cure
|
|-heal|p1a: Himalayan Salt|79/100|[from] item: Leftovers
|-damage|p2a: 맘복치|27/100|[from] Salt Cure
|upkeep
|turn|28
|
|t:|1759049805
|move|p2a: 맘복치|Flip Turn|p1a: Himalayan Salt
|-damage|p1a: Himalayan Salt|65/100
|
|t:|1759049809
|switch|p2a: 글랑온|Gliscor, M, shiny|100/100 tox|[from] Flip Turn
|-damage|p2a: 글랑온|88/100 tox|[from] Stealth Rock
|move|p1a: Himalayan Salt|Salt Cure|p2a: 글랑온
|-damage|p2a: 글랑온|73/100 tox
|-start|p2a: 글랑온|Salt Cure
|
|-heal|p1a: Himalayan Salt|71/100|[from] item: Leftovers
|-heal|p2a: 글랑온|86/100 tox|[from] ability: Poison Heal
|-damage|p2a: 글랑온|73/100 tox|[from] Salt Cure
|upkeep
|turn|29
|
|t:|1759049827
|switch|p2a: 맘복치|Alomomola, M, shiny|60/100
|-damage|p2a: 맘복치|48/100|[from] Stealth Rock
|switch|p1a: Boiling Dragon|Walking Wake|82/100 tox
|
|-damage|p1a: Boiling Dragon|76/100 tox|[from] psn
|upkeep
|turn|30
|
|t:|1759049835
|switch|p2a: 었럿|Dondozo, M, shiny|75/100 slp
|-damage|p2a: 었럿|63/100 slp|[from] Stealth Rock
|move|p1a: Boiling Dragon|Draco Meteor|p2a: 었럿
|-damage|p2a: 었럿|0 fnt
|-unboost|p1a: Boiling Dragon|spa|2
|faint|p2a: 었럿
|
|-damage|p1a: Boiling Dragon|63/100 tox|[from] psn
|upkeep
|
|t:|1759049839
|switch|p2a: 맘복치|Alomomola, M, shiny|81/100
|-damage|p2a: 맘복치|69/100|[from] Stealth Rock
|turn|31
|
|t:|1759049848
|-end|p1a: Boiling Dragon|Protosynthesis|[silent]
|switch|p1a: Chop Chop|Gliscor, M|100/100
|move|p2a: 맘복치|Mirror Coat||[still]
|-fail|p2a: 맘복치
|
|-status|p1a: Chop Chop|tox|[from] item: Toxic Orb
|upkeep
|turn|32
|-message|rkxks forfeited.
|
|win|DomCat
|raw|DomCat's rating: 1380 &rarr; <strong>1395</strong><br />(+15 for winning)
|raw|rkxks's rating: 1298 &rarr; <strong>1279</strong><br />(-19 for losing)
|l|☆rkxks
|player|p2|
