|j|☆javiconb
|j|☆Esteh Ole
|t:|1758971476
|gametype|singles
|player|p1|javiconb|101|1328
|player|p2|Esteh Ole|266|1353
|gen|9
|tier|[Gen 9] OU
|rated|
|rule|HP Percentage Mod: HP is shown in percentages
|rule|Endless Battle Clause: Forcing endless battles is banned
|rule|Species Clause: Limit one of each Pokémon
|rule|OHKO Clause: OHKO moves are banned
|rule|Evasion Items Clause: Evasion items are banned
|rule|Evasion Moves Clause: Evasion moves are banned
|rule|Evasion Abilities Clause: Evasion abilities are banned
|rule|Sleep Moves Clause: Sleep-inducing moves are banned
|clearpoke
|poke|p1|Dragonite, F|
|poke|p1|Grimmsnarl, M|
|poke|p1|Enamorus, F|
|poke|p1|Great Tusk|
|poke|p1|Scizor, F|
|poke|p1|Raging Bolt|
|poke|p2|Alomomola, F|
|poke|p2|Slowking-Galar, F|
|poke|p2|Enamorus, F|
|poke|p2|Iron Treads|
|poke|p2|Cinderace, F|
|poke|p2|Hydreigon, F|
|teampreview
|inactive|Battle timer is ON: inactive players will automatically lose when time's up. (requested by Esteh Ole)
|
|t:|1758971486
|teamsize|p1|6
|teamsize|p2|6
|start
|switch|p1a: Grimmsnarl|Grimmsnarl, M|100/100
|switch|p2a: Hydreigon|Hydreigon, F|100/100
|turn|1
|
|t:|1758971500
|move|p1a: Grimmsnarl|Light Screen|p1a: Grimmsnarl
|-sidestart|p1: javiconb|move: Light Screen
|move|p2a: Hydreigon|U-turn|p1a: Grimmsnarl
|-damage|p1a: Grimmsnarl|83/100
|
|t:|1758971504
|switch|p2a: Iron Treads|Iron Treads|100/100|[from] U-turn
|
|upkeep
|turn|2
|
|t:|1758971513
|move|p1a: Grimmsnarl|Parting Shot|p2a: Iron Treads
|-unboost|p2a: Iron Treads|atk|1
|-unboost|p2a: Iron Treads|spa|1
|
|t:|1758971515
|switch|p1a: Great Tusk|Great Tusk|100/100|[from] Parting Shot
|-enditem|p1a: Great Tusk|Booster Energy
|-activate|p1a: Great Tusk|ability: Protosynthesis|[fromitem]
|-start|p1a: Great Tusk|protosynthesisspe
|move|p2a: Iron Treads|Iron Head|p1a: Great Tusk
|-damage|p1a: Great Tusk|85/100
|
|upkeep
|turn|3
|
|t:|1758971524
|-end|p2a: Iron Treads|Quark Drive|[silent]
|switch|p2a: Alomomola|Alomomola, F|100/100
|move|p1a: Great Tusk|Stealth Rock|p2a: Alomomola
|-sidestart|p2: Esteh Ole|move: Stealth Rock
|
|upkeep
|turn|4
|
|t:|1758971539
|-end|p1a: Great Tusk|Protosynthesis|[silent]
|switch|p1a: Raging Bolt|Raging Bolt|100/100
|-enditem|p1a: Raging Bolt|Booster Energy
|-activate|p1a: Raging Bolt|ability: Protosynthesis|[fromitem]
|-start|p1a: Raging Bolt|protosynthesisspa
|move|p2a: Alomomola|Flip Turn|p1a: Raging Bolt
|-resisted|p1a: Raging Bolt
|-damage|p1a: Raging Bolt|93/100
|
|t:|1758971548
|switch|p2a: Iron Treads|Iron Treads|100/100|[from] Flip Turn
|-damage|p2a: Iron Treads|97/100|[from] Stealth Rock
|
|upkeep
|turn|5
|
|t:|1758971553
|-end|p1a: Raging Bolt|Protosynthesis|[silent]
|switch|p1a: Great Tusk|Great Tusk|85/100
|move|p2a: Iron Treads|Rapid Spin|p1a: Great Tusk
|-damage|p1a: Great Tusk|74/100
|-boost|p2a: Iron Treads|spe|1
|-sideend|p2: Esteh Ole|Stealth Rock|[from] move: Rapid Spin|[of] p2a: Iron Treads
|
|upkeep
|turn|6
|
|t:|1758971567
|move|p2a: Iron Treads|Ice Spinner|p1a: Great Tusk
|-supereffective|p1a: Great Tusk
|-damage|p1a: Great Tusk|40/100
|move|p1a: Great Tusk|Stealth Rock|p2a: Iron Treads
|-sidestart|p2: Esteh Ole|move: Stealth Rock
|
|upkeep
|turn|7
|
|t:|1758971576
|move|p2a: Iron Treads|Ice Spinner|p1a: Great Tusk
|-supereffective|p1a: Great Tusk
|-damage|p1a: Great Tusk|7/100
|move|p1a: Great Tusk|Headlong Rush|p2a: Iron Treads
|-supereffective|p2a: Iron Treads
|-damage|p2a: Iron Treads|7/100
|-unboost|p1a: Great Tusk|def|1
|-unboost|p1a: Great Tusk|spd|1
|
|upkeep
|turn|8
|inactive|javiconb has 120 seconds left.
|
|t:|1758971608
|-end|p1a: Great Tusk|Protosynthesis|[silent]
|switch|p1a: Scizor|Scizor, F|100/100
|move|p2a: Iron Treads|Rapid Spin|p1a: Scizor
|-resisted|p1a: Scizor
|-damage|p1a: Scizor|92/100
|-boost|p2a: Iron Treads|spe|1
|-sideend|p2: Esteh Ole|Stealth Rock|[from] move: Rapid Spin|[of] p2a: Iron Treads
|
|-sideend|p1: javiconb|move: Light Screen
|upkeep
|turn|9
|
|t:|1758971617
|-end|p2a: Iron Treads|Quark Drive|[silent]
|switch|p2a: Alomomola|Alomomola, F|100/100
|move|p1a: Scizor|Bullet Punch|p2a: Alomomola
|-resisted|p2a: Alomomola
|-damage|p2a: Alomomola|89/100
|
|upkeep
|turn|10
|
|t:|1758971625
|move|p1a: Scizor|Knock Off|p2a: Alomomola
|-crit|p2a: Alomomola
|-damage|p2a: Alomomola|58/100
|-enditem|p2a: Alomomola|Heavy-Duty Boots|[from] move: Knock Off|[of] p1a: Scizor
|move|p2a: Alomomola|Flip Turn|p1a: Scizor
|-damage|p1a: Scizor|71/100
|
|t:|1758971631
|switch|p2a: Cinderace|Cinderace, F|100/100|[from] Flip Turn
|
|upkeep
|turn|11
|
|t:|1758971639
|switch|p1a: Great Tusk|Great Tusk|7/100
|move|p2a: Cinderace|Pyro Ball|p1a: Great Tusk
|-damage|p1a: Great Tusk|0 fnt
|faint|p1a: Great Tusk
|-end|p1a: Great Tusk|Protosynthesis|[silent]
|
|upkeep
|
|t:|1758971662
|switch|p1a: Raging Bolt|Raging Bolt|93/100
|turn|12
|
|t:|1758971674
|switch|p2a: Slowking|Slowking-Galar, F|100/100
|move|p1a: Raging Bolt|Dragon Pulse|p2a: Slowking
|-damage|p2a: Slowking|71/100
|
|upkeep
|turn|13
|
|t:|1758971689
|-end|p1a: Raging Bolt|Protosynthesis|[silent]
|switch|p1a: Scizor|Scizor, F|71/100
|move|p2a: Slowking|Toxic|p1a: Scizor
|-immune|p1a: Scizor
|
|upkeep
|turn|14
|
|t:|1758971699
|switch|p2a: Alomomola|Alomomola, F|92/100
|move|p1a: Scizor|Knock Off|p2a: Alomomola
|-crit|p2a: Alomomola
|-damage|p2a: Alomomola|70/100
|
|upkeep
|turn|15
|
|t:|1758971724
|move|p1a: Scizor|Swords Dance|p1a: Scizor
|-boost|p1a: Scizor|atk|2
|move|p2a: Alomomola|Wish|p2a: Alomomola
|
|upkeep
|turn|16
|inactive|javiconb has 120 seconds left.
|
|t:|1758971744
|move|p1a: Scizor|Close Combat|p2a: Alomomola
|-damage|p2a: Alomomola|23/100
|-unboost|p1a: Scizor|def|1
|-unboost|p1a: Scizor|spd|1
|move|p2a: Alomomola|Flip Turn|p1a: Scizor
|-damage|p1a: Scizor|43/100
|
|t:|1758971755
|switch|p2a: Iron Treads|Iron Treads|7/100|[from] Flip Turn
|
|-heal|p2a: Iron Treads|90/100|[from] move: Wish|[wisher] Alomomola
|upkeep
|turn|17
|
|t:|1758971762
|move|p2a: Iron Treads|Earthquake|p1a: Scizor
|-damage|p1a: Scizor|0 fnt
|faint|p1a: Scizor
|
|upkeep
|inactive|javiconb has 120 seconds left.
|
|t:|1758971784
|switch|p1a: Dragonite|Dragonite, F|100/100
|turn|18
|
|t:|1758971796
|-terastallize|p1a: Dragonite|Normal
|move|p2a: Iron Treads|Rapid Spin|p1a: Dragonite
|-damage|p1a: Dragonite|92/100
|-boost|p2a: Iron Treads|spe|1
|move|p1a: Dragonite|Dragon Dance|p1a: Dragonite
|-boost|p1a: Dragonite|atk|1
|-boost|p1a: Dragonite|spe|1
|
|upkeep
|turn|19
|
|t:|1758971816
|move|p2a: Iron Treads|Iron Head|p1a: Dragonite
|-damage|p1a: Dragonite|50/100
|cant|p1a: Dragonite|flinch
|
|upkeep
|turn|20
|
|t:|1758971823
|move|p2a: Iron Treads|Earthquake|p1a: Dragonite
|-damage|p1a: Dragonite|0 fnt
|faint|p1a: Dragonite
|
|upkeep
|c|☆javiconb|aoeFBYQWHUBUWGVIAYGHFEVGUARWHF93UGBUREYWFH49381HUWGRIQUWFH9H9UGBIRGEQUIWHF43UBIVRAEUWHF3HIUBVERIEQF
|-message|javiconb forfeited.
|
|win|Esteh Ole
|raw|javiconb's rating: 1328 &rarr; <strong>1309</strong><br />(-19 for losing)
|raw|Esteh Ole's rating: 1353 &rarr; <strong>1372</strong><br />(+19 for winning)
|l|☆javiconb
|player|p1|
|l|☆Esteh Ole
|player|p2|
|j|☆Esteh Ole
|player|p2|Esteh Ole|266|
