|j|☆DaddyBlox
|j|☆pcoc
|t:|1758963735
|gametype|singles
|player|p1|DaddyBlox|gentleman-gen4|1230
|player|p2|pcoc|2|1259
|gen|9
|tier|[Gen 9] OU
|rated|
|rule|HP Percentage Mod: HP is shown in percentages
|rule|Endless Battle Clause: Forcing endless battles is banned
|rule|Species Clause: Limit one of each Pokémon
|rule|OHKO Clause: OHKO moves are banned
|rule|Evasion Items Clause: Evasion items are banned
|rule|Evasion Moves Clause: Evasion moves are banned
|rule|Evasion Abilities Clause: Evasion abilities are banned
|rule|Sleep Moves Clause: Sleep-inducing moves are banned
|clearpoke
|poke|p1|Maushold|
|poke|p1|Hydreigon, F|
|poke|p1|Rotom-Heat|
|poke|p1|Gholdengo|
|poke|p1|Gliscor, F|
|poke|p1|Kyurem|
|poke|p2|Armarouge, M|
|poke|p2|Rillaboom, M|
|poke|p2|Araquanid, F|
|poke|p2|Great Tusk|
|poke|p2|Kyurem|
|poke|p2|Tinkaton, F|
|teampreview
|inactive|Battle timer is ON: inactive players will automatically lose when time's up. (requested by DaddyBlox)
|
|t:|1758963749
|teamsize|p1|6
|teamsize|p2|6
|start
|switch|p1a: Gliscor|Gliscor, F, shiny|100/100
|switch|p2a: Kyurem|Kyurem|100/100
|-ability|p2a: Kyurem|Pressure
|turn|1
|
|t:|1758963756
|switch|p1a: Gholdengo|Gholdengo, shiny|100/100
|move|p2a: Kyurem|Freeze-Dry|p1a: Gholdengo
|-resisted|p1a: Gholdengo
|-damage|p1a: Gholdengo|82/100
|
|-heal|p1a: Gholdengo|88/100|[from] item: Leftovers
|upkeep
|turn|2
|
|t:|1758963763
|switch|p2a: Araquanid|Araquanid, F|100/100
|move|p1a: Gholdengo|Nasty Plot|p1a: Gholdengo
|-boost|p1a: Gholdengo|spa|2
|
|-heal|p1a: Gholdengo|94/100|[from] item: Leftovers
|upkeep
|turn|3
|
|t:|1758963771
|move|p1a: Gholdengo|Shadow Ball|p2a: Araquanid
|-damage|p2a: Araquanid|31/100
|-enditem|p2a: Araquanid|Sitrus Berry|[eat]
|-heal|p2a: Araquanid|55/100|[from] item: Sitrus Berry
|move|p2a: Araquanid|Mirror Coat|p1a: Gholdengo
|-damage|p1a: Gholdengo|0 fnt
|faint|p1a: Gholdengo
|
|upkeep
|
|t:|1758963778
|switch|p1a: Kyurem|Kyurem, shiny|100/100
|-ability|p1a: Kyurem|Pressure
|turn|4
|
|t:|1758963785
|move|p1a: Kyurem|Freeze-Dry|p2a: Araquanid
|-supereffective|p2a: Araquanid
|-damage|p2a: Araquanid|0 fnt
|faint|p2a: Araquanid
|
|upkeep
|
|t:|1758963792
|switch|p2a: Tinkaton|Tinkaton, F|100/100
|-ability|p2a: Tinkaton|Mold Breaker
|turn|5
|
|t:|1758963801
|switch|p1a: Gliscor|Gliscor, F, shiny|100/100
|move|p2a: Tinkaton|Fake Out|p1a: Gliscor
|-damage|p1a: Gliscor|93/100
|
|-status|p1a: Gliscor|tox|[from] item: Toxic Orb
|upkeep
|turn|6
|
|t:|1758963810
|move|p2a: Tinkaton|Stealth Rock|p1a: Gliscor
|-sidestart|p1: DaddyBlox|move: Stealth Rock
|move|p1a: Gliscor|Toxic Spikes|p2a: Tinkaton
|-sidestart|p2: pcoc|move: Toxic Spikes
|
|-heal|p1a: Gliscor|100/100 tox|[from] ability: Poison Heal
|upkeep
|turn|7
|
|t:|1758963818
|switch|p2a: Great Tusk|Great Tusk|100/100
|-status|p2a: Great Tusk|psn
|move|p1a: Gliscor|Toxic Spikes|p2a: Great Tusk
|-sidestart|p2: pcoc|move: Toxic Spikes
|
|-damage|p2a: Great Tusk|88/100 psn|[from] psn
|upkeep
|turn|8
|
|t:|1758963828
|move|p1a: Gliscor|Earthquake|p2a: Great Tusk
|-damage|p2a: Great Tusk|69/100 psn
|move|p2a: Great Tusk|Rapid Spin|p1a: Gliscor
|-damage|p1a: Gliscor|85/100 tox
|-boost|p2a: Great Tusk|spe|1
|-sideend|p2: pcoc|Toxic Spikes|[from] move: Rapid Spin|[of] p2a: Great Tusk
|
|-damage|p2a: Great Tusk|57/100 psn|[from] psn
|-heal|p1a: Gliscor|98/100 tox|[from] ability: Poison Heal
|upkeep
|turn|9
|
|t:|1758963841
|-end|p2a: Great Tusk|Protosynthesis|[silent]
|switch|p2a: Kyurem|Kyurem|100/100
|-ability|p2a: Kyurem|Pressure
|move|p1a: Gliscor|Facade|p2a: Kyurem
|-damage|p2a: Kyurem|73/100
|
|-heal|p1a: Gliscor|100/100 tox|[from] ability: Poison Heal
|upkeep
|turn|10
|
|t:|1758963853
|switch|p1a: Rotom|Rotom-Heat, shiny|100/100
|move|p2a: Kyurem|Draco Meteor|p1a: Rotom
|-damage|p1a: Rotom|31/100
|-unboost|p2a: Kyurem|spa|2
|
|upkeep
|turn|11
|
|t:|1758963863
|move|p2a: Kyurem|Draco Meteor|p1a: Rotom
|-damage|p1a: Rotom|0 fnt
|-unboost|p2a: Kyurem|spa|2
|faint|p1a: Rotom
|
|upkeep
|
|t:|1758963869
|switch|p1a: Maushold|Maushold, shiny|100/100
|-damage|p1a: Maushold|88/100|[from] Stealth Rock
|turn|12
|
|t:|1758963875
|switch|p2a: Armarouge|Armarouge, M|100/100
|move|p1a: Maushold|Population Bomb|p2a: Armarouge
|-damage|p2a: Armarouge|90/100
|-ability|p2a: Armarouge|Weak Armor|boost
|-unboost|p2a: Armarouge|def|1
|-boost|p2a: Armarouge|spe|2
|-damage|p2a: Armarouge|76/100
|-ability|p2a: Armarouge|Weak Armor|boost
|-unboost|p2a: Armarouge|def|1
|-boost|p2a: Armarouge|spe|2
|-damage|p2a: Armarouge|55/100
|-ability|p2a: Armarouge|Weak Armor|boost
|-unboost|p2a: Armarouge|def|1
|-boost|p2a: Armarouge|spe|2
|-damage|p2a: Armarouge|29/100
|-ability|p2a: Armarouge|Weak Armor|boost
|-unboost|p2a: Armarouge|def|1
|-damage|p2a: Armarouge|1/100
|-ability|p2a: Armarouge|Weak Armor|boost
|-unboost|p2a: Armarouge|def|1
|-damage|p2a: Armarouge|0 fnt
|faint|p2a: Armarouge
|-hitcount|p2: Armarouge|6
|
|upkeep
|
|t:|1758963887
|switch|p2a: Rillaboom|Rillaboom, M|100/100
|-fieldstart|move: Grassy Terrain|[from] ability: Grassy Surge|[of] p2a: Rillaboom
|turn|13
|
|t:|1758963897
|move|p1a: Maushold|Population Bomb|p2a: Rillaboom
|-damage|p2a: Rillaboom|87/100
|-damage|p2a: Rillaboom|75/100
|-damage|p2a: Rillaboom|61/100
|-damage|p2a: Rillaboom|48/100
|-damage|p2a: Rillaboom|36/100
|-damage|p2a: Rillaboom|23/100
|-damage|p2a: Rillaboom|11/100
|-damage|p2a: Rillaboom|0 fnt
|faint|p2a: Rillaboom
|-hitcount|p2: Rillaboom|8
|
|-heal|p1a: Maushold|94/100|[from] Grassy Terrain
|upkeep
|
|t:|1758963909
|switch|p2a: Kyurem|Kyurem|73/100
|-ability|p2a: Kyurem|Pressure
|turn|14
|
|t:|1758963913
|move|p2a: Kyurem|Draco Meteor|p1a: Maushold|[miss]
|-miss|p2a: Kyurem|p1a: Maushold
|move|p1a: Maushold|Population Bomb|p2a: Kyurem
|-damage|p2a: Kyurem|63/100
|-damage|p2a: Kyurem|52/100
|-damage|p2a: Kyurem|41/100
|-damage|p2a: Kyurem|30/100
|-damage|p2a: Kyurem|19/100
|-damage|p2a: Kyurem|8/100
|-damage|p2a: Kyurem|0 fnt
|faint|p2a: Kyurem
|-hitcount|p2: Kyurem|7
|
|-heal|p1a: Maushold|100/100|[from] Grassy Terrain
|upkeep
|
|t:|1758963918
|switch|p2a: Tinkaton|Tinkaton, F|100/100
|-ability|p2a: Tinkaton|Mold Breaker
|turn|15
|
|t:|1758963925
|move|p2a: Tinkaton|Fake Out|p1a: Maushold
|-damage|p1a: Maushold|85/100
|cant|p1a: Maushold|flinch
|
|-heal|p1a: Maushold|91/100|[from] Grassy Terrain
|upkeep
|turn|16
|
|t:|1758963936
|move|p1a: Maushold|Tidy Up|p1a: Maushold
|-sideend|p1: DaddyBlox|Stealth Rock
|-activate|p1a: Maushold|move: Tidy Up
|-boost|p1a: Maushold|atk|1
|-boost|p1a: Maushold|spe|1
|move|p2a: Tinkaton|Thunder Wave|p1a: Maushold|[miss]
|-miss|p2a: Tinkaton|p1a: Maushold
|
|-heal|p1a: Maushold|97/100|[from] Grassy Terrain
|upkeep
|turn|17
|
|t:|1758963943
|move|p1a: Maushold|Population Bomb|p2a: Tinkaton
|-resisted|p2a: Tinkaton
|-damage|p2a: Tinkaton|90/100
|-resisted|p2a: Tinkaton
|-damage|p2a: Tinkaton|78/100
|-resisted|p2a: Tinkaton
|-damage|p2a: Tinkaton|67/100
|-resisted|p2a: Tinkaton
|-damage|p2a: Tinkaton|56/100
|-resisted|p2a: Tinkaton
|-damage|p2a: Tinkaton|45/100
|-resisted|p2a: Tinkaton
|-damage|p2a: Tinkaton|35/100
|-resisted|p2a: Tinkaton
|-damage|p2a: Tinkaton|24/100
|-resisted|p2a: Tinkaton
|-damage|p2a: Tinkaton|13/100
|-resisted|p2a: Tinkaton
|-damage|p2a: Tinkaton|1/100
|-resisted|p2a: Tinkaton
|-damage|p2a: Tinkaton|0 fnt
|faint|p2a: Tinkaton
|-hitcount|p2: Tinkaton|10
|
|-heal|p1a: Maushold|100/100|[from] Grassy Terrain
|-fieldend|move: Grassy Terrain
|upkeep
|
|t:|1758963945
|switch|p2a: Great Tusk|Great Tusk|57/100 psn
|turn|18
|
|t:|1758963948
|-terastallize|p1a: Maushold|Ghost
|move|p1a: Maushold|Population Bomb|p2a: Great Tusk
|-damage|p2a: Great Tusk|47/100 psn
|-damage|p2a: Great Tusk|36/100 psn
|-damage|p2a: Great Tusk|25/100 psn
|-damage|p2a: Great Tusk|15/100 psn
|-damage|p2a: Great Tusk|6/100 psn
|-damage|p2a: Great Tusk|0 fnt
|faint|p2a: Great Tusk
|-end|p2a: Great Tusk|Protosynthesis|[silent]
|-hitcount|p2: Great Tusk|6
|
|win|DaddyBlox
|raw|DaddyBlox's rating: 1230 &rarr; <strong>1259</strong><br />(+29 for winning)
|raw|pcoc's rating: 1280 &rarr; <strong>1251</strong><br />(-29 for losing)
|l|☆pcoc
|player|p2|
|l|☆DaddyBlox
|player|p1|
