|badge|p1|bronze|gen9ou|100-6
|html|<div class="broadcast-red"><strong>This battle is required to be public due to one or more player having a season medal.</strong><br />During the public phase, you can discuss the state of the ladder <a href="/seasondiscussion">in a special chatroom.</a></div>
|uhtml|medal-msg|<div class="broadcast-blue">Curious what those medals under the avatar are? PS now has Ladder Seasons! For more information, check out the <a href="https://www.smogon.com/forums/threads/3740067/">thread on Smogon.</a></div>
|badge|p2|silver|gen9ou|30-6
|uhtml|medal-msg|<div class="broadcast-blue">Curious what those medals under the avatar are? PS now has Ladder Seasons! For more information, check out the <a href="https://www.smogon.com/forums/threads/3740067/">thread on Smogon.</a></div>
|j|☆healorant
|j|☆butts99999
|t:|1759010567
|gametype|singles
|player|p1|healorant|alder|1898
|player|p2|butts99999|skierf|1957
|gen|9
|tier|[Gen 9] OU
|rated|
|rule|HP Percentage Mod: HP is shown in percentages
|rule|Endless Battle Clause: Forcing endless battles is banned
|rule|Species Clause: Limit one of each Pokémon
|rule|OHKO Clause: OHKO moves are banned
|rule|Evasion Items Clause: Evasion items are banned
|rule|Evasion Moves Clause: Evasion moves are banned
|rule|Evasion Abilities Clause: Evasion abilities are banned
|rule|Sleep Moves Clause: Sleep-inducing moves are banned
|clearpoke
|poke|p1|Moltres|
|poke|p1|Samurott-Hisui, M|
|poke|p1|Kingambit, M|
|poke|p1|Great Tusk|
|poke|p1|Dragonite, F|
|poke|p1|Alomomola, M|
|poke|p2|Kingambit, F|
|poke|p2|Cinderace, F|
|poke|p2|Landorus-Therian, M|
|poke|p2|Iron Valiant|
|poke|p2|Kyurem|
|poke|p2|Slowking-Galar, M|
|teampreview
|c|☆butts99999|hf
|inactive|Battle timer is ON: inactive players will automatically lose when time's up. (requested by butts99999)
|c|☆healorant|hf
|
|t:|1759010580
|teamsize|p1|6
|teamsize|p2|6
|start
|switch|p1a: Samurott|Samurott-Hisui, M|100/100
|switch|p2a: Chillionaire|Slowking-Galar, M, shiny|100/100
|turn|1
|
|t:|1759010588
|switch|p2a: Homelandor|Landorus-Therian, M, shiny|100/100
|-ability|p2a: Homelandor|Intimidate|boost
|-unboost|p1a: Samurott|atk|1
|move|p1a: Samurott|Knock Off|p2a: Homelandor
|-damage|p2a: Homelandor|71/100
|-damage|p1a: Samurott|84/100|[from] item: Rocky Helmet|[of] p2a: Homelandor
|-enditem|p2a: Homelandor|Rocky Helmet|[from] move: Knock Off|[of] p1a: Samurott
|
|upkeep
|turn|2
|
|t:|1759010595
|switch|p1a: Moltres|Moltres|100/100
|move|p2a: Homelandor|U-turn|p1a: Moltres
|-resisted|p1a: Moltres
|-damage|p1a: Moltres|95/100
|-status|p2a: Homelandor|brn|[from] ability: Flame Body|[of] p1a: Moltres
|
|t:|1759010598
|switch|p2a: Chillionaire|Slowking-Galar, M, shiny|100/100|[from] U-turn
|
|upkeep
|turn|3
|
|t:|1759010601
|switch|p1a: Samurott|Samurott-Hisui, M|84/100
|move|p2a: Chillionaire|Thunder Wave|p1a: Samurott
|-status|p1a: Samurott|par
|
|upkeep
|turn|4
|
|t:|1759010606
|switch|p2a: Homelandor|Landorus-Therian, M, shiny|71/100 brn
|-ability|p2a: Homelandor|Intimidate|boost
|-unboost|p1a: Samurott|atk|1
|move|p1a: Samurott|Ceaseless Edge|p2a: Homelandor
|-damage|p2a: Homelandor|46/100 brn
|-sidestart|p2: butts99999|Spikes
|
|-damage|p2a: Homelandor|39/100 brn|[from] brn
|upkeep
|turn|5
|
|t:|1759010612
|switch|p1a: Moltres|Moltres|95/100
|move|p2a: Homelandor|U-turn|p1a: Moltres
|-resisted|p1a: Moltres
|-damage|p1a: Moltres|92/100
|
|t:|1759010615
|switch|p2a: Chillionaire|Slowking-Galar, M, shiny|100/100|[from] U-turn
|
|upkeep
|turn|6
|
|t:|1759010620
|switch|p1a: Samurott|Samurott-Hisui, M|84/100 par
|-prepare|p2a: Chillionaire|Chilly Reception|[premajor]
|move|p2a: Chillionaire|Chilly Reception|p2a: Chillionaire
|-weather|Snowscape
|
|t:|1759010622
|switch|p2a: Mr. Freeze|Kyurem, shiny|100/100|[from] Chilly Reception
|-damage|p2a: Mr. Freeze|88/100|[from] Spikes
|-ability|p2a: Mr. Freeze|Pressure
|
|-weather|Snowscape|[upkeep]
|-heal|p2a: Mr. Freeze|94/100|[from] item: Leftovers
|upkeep
|turn|7
|
|t:|1759010626
|move|p2a: Mr. Freeze|Substitute|p2a: Mr. Freeze
|-start|p2a: Mr. Freeze|Substitute
|-damage|p2a: Mr. Freeze|69/100
|move|p1a: Samurott|Flip Turn|p2a: Mr. Freeze
|-resisted|p2a: Mr. Freeze
|-activate|p2a: Mr. Freeze|move: Substitute|[damage]
|
|t:|1759010636
|switch|p1a: Kingambit|Kingambit, M|100/100|[from] Flip Turn
|
|-weather|Snowscape|[upkeep]
|-heal|p2a: Mr. Freeze|76/100|[from] item: Leftovers
|upkeep
|turn|8
|
|t:|1759010640
|move|p2a: Mr. Freeze|Earth Power|p1a: Kingambit
|-supereffective|p1a: Kingambit
|-damage|p1a: Kingambit|32/100
|move|p1a: Kingambit|Iron Head|p2a: Mr. Freeze
|-supereffective|p2a: Mr. Freeze
|-end|p2a: Mr. Freeze|Substitute
|
|-weather|Snowscape|[upkeep]
|-heal|p2a: Mr. Freeze|82/100|[from] item: Leftovers
|-heal|p1a: Kingambit|38/100|[from] item: Leftovers
|upkeep
|turn|9
|
|t:|1759010650
|-end|p1a: Kingambit|fallenundefined|[silent]
|switch|p1a: Moltres|Moltres|92/100
|move|p2a: Mr. Freeze|Earth Power|p1a: Moltres
|-immune|p1a: Moltres
|
|-weather|Snowscape|[upkeep]
|-heal|p2a: Mr. Freeze|88/100|[from] item: Leftovers
|upkeep
|turn|10
|
|t:|1759010653
|move|p2a: Mr. Freeze|Protect|p2a: Mr. Freeze
|-singleturn|p2a: Mr. Freeze|Protect
|move|p1a: Moltres|Flamethrower|p2a: Mr. Freeze
|-activate|p2a: Mr. Freeze|move: Protect
|
|-weather|none
|-heal|p2a: Mr. Freeze|94/100|[from] item: Leftovers
|upkeep
|turn|11
|
|t:|1759010656
|move|p2a: Mr. Freeze|Freeze-Dry|p1a: Moltres
|-damage|p1a: Moltres|55/100
|-status|p1a: Moltres|frz
|cant|p1a: Moltres|frz
|
|-heal|p2a: Mr. Freeze|99/100|[from] item: Leftovers
|upkeep
|turn|12
|
|t:|1759010661
|move|p2a: Mr. Freeze|Freeze-Dry|p1a: Moltres
|-damage|p1a: Moltres|18/100 frz
|cant|p1a: Moltres|frz
|
|-heal|p2a: Mr. Freeze|100/100|[from] item: Leftovers
|upkeep
|turn|13
|
|t:|1759010668
|move|p2a: Mr. Freeze|Substitute|p2a: Mr. Freeze
|-start|p2a: Mr. Freeze|Substitute
|-damage|p2a: Mr. Freeze|76/100
|cant|p1a: Moltres|frz
|
|-heal|p2a: Mr. Freeze|82/100|[from] item: Leftovers
|upkeep
|turn|14
|c|☆healorant|aight
|
|t:|1759010672
|move|p2a: Mr. Freeze|Freeze-Dry|p1a: Moltres
|-damage|p1a: Moltres|0 fnt
|faint|p1a: Moltres
|
|-heal|p2a: Mr. Freeze|88/100|[from] item: Leftovers
|upkeep
|c|☆healorant|this is what kyurem does
|c|☆healorant|ban that shit
|c|☆butts99999|its a tough world
|-message|healorant forfeited.
|
|win|butts99999
|raw|healorant's rating: 1898 &rarr; <strong>1881</strong><br />(-17 for losing)
|raw|butts99999's rating: 1957 &rarr; <strong>1974</strong><br />(+17 for winning)
|l|☆butts99999
|player|p2|
|l|☆healorant
|player|p1|
