|j|☆fadedregal
|j|☆1211zoro
|t:|1758916790
|gametype|singles
|player|p1|fadedregal|265|1064
|player|p2|1211zoro|170|1000
|gen|9
|tier|[Gen 9] OU
|rated|
|rule|HP Percentage Mod: HP is shown in percentages
|rule|Endless Battle Clause: Forcing endless battles is banned
|rule|Species Clause: Limit one of each Pokémon
|rule|OHKO Clause: OHKO moves are banned
|rule|Evasion Items Clause: Evasion items are banned
|rule|Evasion Moves Clause: Evasion moves are banned
|rule|Evasion Abilities Clause: Evasion abilities are banned
|rule|Sleep Moves Clause: Sleep-inducing moves are banned
|clearpoke
|poke|p1|Talonflame, F|
|poke|p1|Alomomola, F|
|poke|p1|Hatterene, F|
|poke|p1|Ogerpon-Wellspring, F|
|poke|p1|Great Tusk|
|poke|p1|Raging Bolt|
|poke|p2|Glimmora, F|
|poke|p2|Nosepass, L1, M|
|poke|p2|Registeel|
|poke|p2|Corviknight, M|
|poke|p2|Dragapult, M|
|poke|p2|Gliscor, F|
|teampreview
|
|t:|1758916797
|teamsize|p1|6
|teamsize|p2|6
|start
|switch|p1a: Talonflame|Talonflame, F|100/100
|switch|p2a: Gliscor|Gliscor, F|100/100
|turn|1
|
|t:|1758916810
|move|p1a: Talonflame|U-turn|p2a: Gliscor
|-resisted|p2a: Gliscor
|-crit|p2a: Gliscor
|-damage|p2a: Gliscor|83/100
|
|t:|1758916818
|switch|p1a: Raging Bolt|Raging Bolt|100/100|[from] U-turn
|move|p2a: Gliscor|Toxic|p1a: Raging Bolt
|-status|p1a: Raging Bolt|tox
|
|-damage|p1a: Raging Bolt|94/100 tox|[from] psn
|-status|p2a: Gliscor|tox|[from] item: Toxic Orb
|upkeep
|turn|2
|
|t:|1758916834
|-terastallize|p1a: Raging Bolt|Ice
|move|p2a: Gliscor|Substitute|p2a: Gliscor
|-start|p2a: Gliscor|Substitute
|-damage|p2a: Gliscor|58/100 tox
|move|p1a: Raging Bolt|Tera Blast|p2a: Gliscor|[anim] Tera Blast Ice
|-supereffective|p2a: Gliscor
|-end|p2a: Gliscor|Substitute
|
|-heal|p2a: Gliscor|70/100 tox|[from] ability: Poison Heal
|-damage|p1a: Raging Bolt|82/100 tox|[from] psn
|upkeep
|turn|3
|
|t:|1758916847
|move|p2a: Gliscor|Protect|p2a: Gliscor
|-singleturn|p2a: Gliscor|Protect
|move|p1a: Raging Bolt|Tera Blast|p2a: Gliscor|[anim] Tera Blast Ice
|-activate|p2a: Gliscor|move: Protect
|
|-heal|p2a: Gliscor|83/100 tox|[from] ability: Poison Heal
|-damage|p1a: Raging Bolt|63/100 tox|[from] psn
|upkeep
|turn|4
|
|t:|1758916870
|switch|p2a: Registeel|Registeel|100/100
|move|p1a: Raging Bolt|Tera Blast|p2a: Registeel|[anim] Tera Blast Ice
|-resisted|p2a: Registeel
|-damage|p2a: Registeel|85/100
|
|-damage|p1a: Raging Bolt|39/100 tox|[from] psn
|upkeep
|turn|5
|
|t:|1758916880
|move|p1a: Raging Bolt|Volt Switch|p2a: Registeel
|-damage|p2a: Registeel|59/100
|
|t:|1758916893
|-end|p1a: Raging Bolt|Protosynthesis|[silent]
|switch|p1a: Great Tusk|Great Tusk|100/100|[from] Volt Switch
|move|p2a: Registeel|Iron Defense|p2a: Registeel
|-boost|p2a: Registeel|def|2
|
|upkeep
|turn|6
|
|t:|1758916905
|move|p1a: Great Tusk|Stealth Rock|p2a: Registeel
|-sidestart|p2: 1211zoro|move: Stealth Rock
|move|p2a: Registeel|Iron Defense|p2a: Registeel
|-boost|p2a: Registeel|def|2
|
|upkeep
|turn|7
|
|t:|1758916911
|move|p1a: Great Tusk|Headlong Rush|p2a: Registeel
|-supereffective|p2a: Registeel
|-damage|p2a: Registeel|37/100
|-unboost|p1a: Great Tusk|def|1
|-unboost|p1a: Great Tusk|spd|1
|move|p2a: Registeel|Body Press|p1a: Great Tusk
|-damage|p1a: Great Tusk|5/100
|
|upkeep
|turn|8
|
|t:|1758916926
|move|p1a: Great Tusk|Headlong Rush|p2a: Registeel
|-supereffective|p2a: Registeel
|-damage|p2a: Registeel|15/100
|-unboost|p1a: Great Tusk|def|1
|-unboost|p1a: Great Tusk|spd|1
|move|p2a: Registeel|Body Press|p1a: Great Tusk
|-damage|p1a: Great Tusk|0 fnt
|faint|p1a: Great Tusk
|-end|p1a: Great Tusk|Protosynthesis|[silent]
|
|upkeep
|
|t:|1758916941
|switch|p1a: Talonflame|Talonflame, F|100/100
|turn|9
|
|t:|1758916948
|move|p1a: Talonflame|Dual Wingbeat|p2a: Registeel|[miss]
|-miss|p1a: Talonflame|p2a: Registeel
|move|p2a: Registeel|Rest|p2a: Registeel
|-status|p2a: Registeel|slp|[from] move: Rest
|-heal|p2a: Registeel|100/100 slp|[silent]
|-enditem|p2a: Registeel|Chesto Berry|[eat]
|-curestatus|p2a: Registeel|slp|[msg]
|
|upkeep
|turn|10
|
|t:|1758916960
|switch|p1a: Alomomola|Alomomola, F|100/100
|move|p2a: Registeel|Body Press|p1a: Alomomola
|-damage|p1a: Alomomola|45/100
|-enditem|p1a: Alomomola|Eject Button
|
|t:|1758916970
|switch|p1a: Talonflame|Talonflame, F|100/100
|
|upkeep
|turn|11
|
|t:|1758916988
|switch|p2a: Glimmora|Glimmora, F|100/100
|-damage|p2a: Glimmora|88/100|[from] Stealth Rock
|move|p1a: Talonflame|Flare Blitz|p2a: Glimmora
|-resisted|p2a: Glimmora
|-damage|p2a: Glimmora|55/100
|-activate|p2a: Glimmora|ability: Toxic Debris
|-sidestart|p1: fadedregal|move: Toxic Spikes
|-damage|p1a: Talonflame|89/100|[from] Recoil
|
|upkeep
|turn|12
|
|t:|1758917000
|switch|p1a: Alomomola|Alomomola, F|78/100
|-status|p1a: Alomomola|psn
|move|p2a: Glimmora|Stealth Rock|p1a: Alomomola
|-sidestart|p1: fadedregal|move: Stealth Rock
|
|-damage|p1a: Alomomola|66/100 psn|[from] psn
|upkeep
|turn|13
|
|t:|1758917014
|move|p2a: Glimmora|Toxic Spikes|p1a: Alomomola
|-sidestart|p1: fadedregal|move: Toxic Spikes
|move|p1a: Alomomola|Healing Wish|p1a: Alomomola
|faint|p1a: Alomomola
|
|upkeep
|
|t:|1758917019
|switch|p1a: Raging Bolt|Raging Bolt, tera:Ice|39/100 tox
|-heal|p1a: Raging Bolt|100/100|[from] move: Healing Wish
|-status|p1a: Raging Bolt|tox
|-damage|p1a: Raging Bolt|76/100 tox|[from] Stealth Rock
|turn|14
|
|t:|1758917030
|move|p2a: Glimmora|Spikes|p1a: Raging Bolt
|-sidestart|p1: fadedregal|Spikes
|move|p1a: Raging Bolt|Draco Meteor|p2a: Glimmora
|-damage|p2a: Glimmora|0 fnt
|-unboost|p1a: Raging Bolt|spa|2
|faint|p2a: Glimmora
|
|-damage|p1a: Raging Bolt|69/100 tox|[from] psn
|upkeep
|
|t:|1758917042
|switch|p2a: Nosepass|Nosepass, L1, M|100/100
|turn|15
|
|t:|1758917047
|move|p1a: Raging Bolt|Volt Switch|p2a: Nosepass
|-ability|p2a: Nosepass|Sturdy
|-damage|p2a: Nosepass|10/100
|
|t:|1758917059
|-end|p1a: Raging Bolt|Protosynthesis|[silent]
|switch|p1a: Talonflame|Talonflame, F|89/100|[from] Volt Switch
|-damage|p1a: Talonflame|39/100|[from] Stealth Rock
|move|p2a: Nosepass|Pain Split|p1a: Talonflame
|-sethp|p1a: Talonflame|20/100|[from] move: Pain Split|[silent]
|-sethp|p2a: Nosepass|100/100|[from] move: Pain Split
|
|upkeep
|turn|16
|
|t:|1758917074
|move|p1a: Talonflame|U-turn|p2a: Nosepass
|-ability|p2a: Nosepass|Sturdy
|-damage|p2a: Nosepass|10/100
|
|t:|1758917090
|switch|p1a: Ogerpon|Ogerpon-Wellspring, F|100/100|[from] U-turn
|-status|p1a: Ogerpon|tox
|-damage|p1a: Ogerpon|88/100 tox|[from] Stealth Rock
|-damage|p1a: Ogerpon|76/100 tox|[from] Spikes
|move|p2a: Nosepass|Pain Split|p1a: Ogerpon
|-sethp|p1a: Ogerpon|38/100 tox|[from] move: Pain Split|[silent]
|-sethp|p2a: Nosepass|100/100|[from] move: Pain Split
|
|-damage|p1a: Ogerpon|32/100 tox|[from] psn
|upkeep
|turn|17
|inactive|Battle timer is ON: inactive players will automatically lose when time's up. (requested by 1211zoro)
|
|t:|1758917106
|move|p1a: Ogerpon|Knock Off|p2a: Nosepass
|-ability|p2a: Nosepass|Sturdy
|-damage|p2a: Nosepass|10/100
|-enditem|p2a: Nosepass|Heavy-Duty Boots|[from] move: Knock Off|[of] p1a: Ogerpon
|move|p2a: Nosepass|Pain Split|p1a: Ogerpon
|-sethp|p1a: Ogerpon|16/100 tox|[from] move: Pain Split|[silent]
|-sethp|p2a: Nosepass|100/100|[from] move: Pain Split
|
|-damage|p1a: Ogerpon|4/100 tox|[from] psn
|upkeep
|turn|18
|
|t:|1758917120
|move|p2a: Nosepass|Protect|p2a: Nosepass
|-singleturn|p2a: Nosepass|Protect
|move|p1a: Ogerpon|Knock Off|p2a: Nosepass
|-activate|p2a: Nosepass|move: Protect
|
|-damage|p1a: Ogerpon|0 fnt|[from] psn
|faint|p1a: Ogerpon
|upkeep
|-message|fadedregal forfeited.
|
|win|1211zoro
|raw|fadedregal's rating: 1064 &rarr; <strong>1041</strong><br />(-23 for losing)
|raw|1211zoro's rating: 1000 &rarr; <strong>1047</strong><br />(+47 for winning)
|l|☆fadedregal
|player|p1|
|j|☆fadedregal
|player|p1|fadedregal|265|
|l|☆fadedregal
|player|p1|
