|j|☆Gpogpogpo
|j|☆Enchantix fairy
|t:|1758986015
|gametype|singles
|player|p1|Gpogpogpo|266|1254
|player|p2|Enchantix fairy|parasollady|1242
|gen|9
|tier|[Gen 9] OU
|rated|
|rule|HP Percentage Mod: HP is shown in percentages
|rule|Endless Battle Clause: Forcing endless battles is banned
|rule|Species Clause: Limit one of each Pokémon
|rule|OHKO Clause: OHKO moves are banned
|rule|Evasion Items Clause: Evasion items are banned
|rule|Evasion Moves Clause: Evasion moves are banned
|rule|Evasion Abilities Clause: Evasion abilities are banned
|rule|Sleep Moves Clause: Sleep-inducing moves are banned
|clearpoke
|poke|p1|Hydrapple, M|
|poke|p1|Slowking-Galar, F|
|poke|p1|Skarmory, F|
|poke|p1|Great Tusk|
|poke|p1|Zapdos|
|poke|p1|Walking Wake|
|poke|p2|Ninetales, M|
|poke|p2|Walking Wake|
|poke|p2|Scizor, F|
|poke|p2|Salazzle, F|
|poke|p2|Weezing-Galar, F|
|poke|p2|Lilligant-Hisui, F|
|teampreview
|inactive|Battle timer is ON: inactive players will automatically lose when time's up. (requested by Gpogpogpo)
|
|t:|1758986031
|teamsize|p1|6
|teamsize|p2|6
|start
|switch|p1a: Walking Wake|Walking Wake|100/100
|switch|p2a: Mozzer|Salazzle, F|100/100
|turn|1
|
|t:|1758986035
|move|p2a: Mozzer|Thunder Wave|p1a: Walking Wake|[miss]
|-miss|p2a: Mozzer|p1a: Walking Wake
|move|p1a: Walking Wake|Dragon Pulse|p2a: Mozzer
|-enditem|p2a: Mozzer|Focus Sash
|-damage|p2a: Mozzer|1/100
|
|upkeep
|turn|2
|
|t:|1758986040
|-end|p1a: Walking Wake|Protosynthesis|[silent]
|switch|p1a: Zapdos|Zapdos, shiny|100/100
|move|p2a: Mozzer|Thunder Wave|p1a: Zapdos
|-immune|p1a: Zapdos
|
|upkeep
|turn|3
|
|t:|1758986052
|move|p2a: Mozzer|Toxic|p1a: Zapdos
|-status|p1a: Zapdos|tox
|move|p1a: Zapdos|Volt Switch|p2a: Mozzer
|-damage|p2a: Mozzer|0 fnt
|faint|p2a: Mozzer
|
|t:|1758986056
|switch|p1a: Walking Wake|Walking Wake|100/100|[from] Volt Switch
|
|upkeep
|
|t:|1758986066
|switch|p2a: Stella|Ninetales, M|100/100
|-weather|SunnyDay|[from] ability: Drought|[of] p2a: Stella
|-activate|p1a: Walking Wake|ability: Protosynthesis
|-start|p1a: Walking Wake|protosynthesisspe
|turn|4
|
|t:|1758986072
|switch|p2a: red bottoms|Scizor, F|100/100
|move|p1a: Walking Wake|Dragon Pulse|p2a: red bottoms
|-resisted|p2a: red bottoms
|-damage|p2a: red bottoms|63/100
|
|-weather|SunnyDay|[upkeep]
|upkeep
|turn|5
|
|t:|1758986080
|move|p1a: Walking Wake|Dragon Pulse|p2a: red bottoms
|-resisted|p2a: red bottoms
|-damage|p2a: red bottoms|21/100
|move|p2a: red bottoms|Knock Off|p1a: Walking Wake
|-damage|p1a: Walking Wake|45/100
|-enditem|p1a: Walking Wake|Choice Specs|[from] move: Knock Off|[of] p2a: red bottoms
|
|-weather|SunnyDay|[upkeep]
|upkeep
|turn|6
|
|t:|1758986091
|switch|p2a: brat|Weezing-Galar, F|100/100
|move|p1a: Walking Wake|Dragon Pulse|p2a: brat
|-immune|p2a: brat
|
|-weather|SunnyDay|[upkeep]
|upkeep
|turn|7
|
|t:|1758986096
|-end|p1a: Walking Wake|Protosynthesis|[silent]
|switch|p1a: Zapdos|Zapdos, shiny|100/100 tox
|move|p2a: brat|Strange Steam|p1a: Zapdos
|-crit|p1a: Zapdos
|-damage|p1a: Zapdos|30/100 tox
|-start|p1a: Zapdos|confusion
|
|-weather|SunnyDay|[upkeep]
|-damage|p1a: Zapdos|24/100 tox|[from] psn
|upkeep
|turn|8
|
|t:|1758986105
|switch|p2a: red bottoms|Scizor, F|21/100
|-activate|p1a: Zapdos|confusion
|-damage|p1a: Zapdos|15/100 tox|[from] confusion
|
|-weather|none
|-damage|p1a: Zapdos|3/100 tox|[from] psn
|upkeep
|turn|9
|
|t:|1758986111
|move|p2a: red bottoms|Bullet Punch|p1a: Zapdos
|-resisted|p1a: Zapdos
|-damage|p1a: Zapdos|0 fnt
|faint|p1a: Zapdos
|
|upkeep
|
|t:|1758986116
|switch|p1a: Skarmory|Skarmory, F|100/100
|turn|10
|
|t:|1758986119
|switch|p2a: Stella|Ninetales, M|100/100
|-weather|SunnyDay|[from] ability: Drought|[of] p2a: Stella
|move|p1a: Skarmory|Iron Defense|p1a: Skarmory
|-boost|p1a: Skarmory|def|2
|
|-weather|SunnyDay|[upkeep]
|upkeep
|turn|11
|
|t:|1758986124
|-terastallize|p1a: Skarmory|Fighting
|move|p2a: Stella|Overheat|p1a: Skarmory
|-ability|p1a: Skarmory|Sturdy
|-damage|p1a: Skarmory|1/100
|-unboost|p2a: Stella|spa|2
|move|p1a: Skarmory|Body Press|p2a: Stella
|-damage|p2a: Stella|0 fnt
|faint|p2a: Stella
|
|-weather|SunnyDay|[upkeep]
|upkeep
|
|t:|1758986129
|switch|p2a: red bottoms|Scizor, F|21/100
|turn|12
|
|t:|1758986132
|move|p2a: red bottoms|Bullet Punch|p1a: Skarmory
|-damage|p1a: Skarmory|0 fnt
|-damage|p2a: red bottoms|5/100|[from] item: Rocky Helmet|[of] p1a: Skarmory
|faint|p1a: Skarmory
|
|-weather|SunnyDay|[upkeep]
|upkeep
|
|t:|1758986135
|switch|p1a: Walking Wake|Walking Wake|45/100
|-activate|p1a: Walking Wake|ability: Protosynthesis
|-start|p1a: Walking Wake|protosynthesisspe
|turn|13
|
|t:|1758986138
|move|p2a: red bottoms|Bullet Punch|p1a: Walking Wake
|-resisted|p1a: Walking Wake
|-damage|p1a: Walking Wake|17/100
|move|p1a: Walking Wake|Dragon Pulse|p2a: red bottoms
|-resisted|p2a: red bottoms
|-damage|p2a: red bottoms|0 fnt
|faint|p2a: red bottoms
|
|-weather|SunnyDay|[upkeep]
|upkeep
|
|t:|1758986146
|switch|p2a: Lilligant|Lilligant-Hisui, F|100/100
|turn|14
|
|t:|1758986156
|move|p2a: Lilligant|Leaf Blade|p1a: Walking Wake
|-damage|p1a: Walking Wake|0 fnt
|faint|p1a: Walking Wake
|-end|p1a: Walking Wake|Protosynthesis|[silent]
|-damage|p2a: Lilligant|91/100|[from] item: Life Orb
|
|-weather|none
|upkeep
|
|t:|1758986163
|switch|p1a: Hydrapple|Hydrapple, M, shiny|100/100
|turn|15
|
|t:|1758986171
|move|p2a: Lilligant|Ice Spinner|p1a: Hydrapple
|-supereffective|p1a: Hydrapple
|-damage|p1a: Hydrapple|0 fnt
|faint|p1a: Hydrapple
|-damage|p2a: Lilligant|81/100|[from] item: Life Orb
|
|upkeep
|
|t:|1758986181
|switch|p1a: Slowking|Slowking-Galar, F|100/100
|turn|16
|
|t:|1758986186
|switch|p2a: brat|Weezing-Galar, F|100/100
|move|p1a: Slowking|Future Sight|p2a: brat
|-start|p1a: Slowking|move: Future Sight
|
|upkeep
|turn|17
|
|t:|1758986195
|move|p2a: brat|Flamethrower|p1a: Slowking
|-damage|p1a: Slowking|79/100
|move|p1a: Slowking|Sludge Bomb|p2a: brat
|-damage|p2a: brat|49/100
|
|upkeep
|turn|18
|
|t:|1758986201
|move|p2a: brat|Flamethrower|p1a: Slowking
|-damage|p1a: Slowking|60/100
|-prepare|p1a: Slowking|Chilly Reception|[premajor]
|move|p1a: Slowking|Chilly Reception|p1a: Slowking
|-weather|Snowscape
|
|t:|1758986204
|switch|p1a: Great Tusk|Great Tusk|100/100|[from] Chilly Reception
|
|-weather|Snowscape|[upkeep]
|-end|p2a: brat|move: Future Sight
|-supereffective|p2a: brat
|-damage|p2a: brat|0 fnt
|faint|p2a: brat
|upkeep
|
|t:|1758986212
|switch|p2a: Bloom|Walking Wake|100/100
|turn|19
|
|t:|1758986220
|-end|p1a: Great Tusk|Protosynthesis|[silent]
|switch|p1a: Slowking|Slowking-Galar, F|94/100
|move|p2a: Bloom|Hydro Steam|p1a: Slowking
|-damage|p1a: Slowking|47/100
|
|-weather|Snowscape|[upkeep]
|upkeep
|turn|20
|
|t:|1758986230
|move|p2a: Bloom|Hydro Steam|p1a: Slowking
|-damage|p1a: Slowking|1/100
|move|p1a: Slowking|Thunder Wave|p2a: Bloom
|-status|p2a: Bloom|par
|
|-weather|Snowscape|[upkeep]
|upkeep
|turn|21
|
|t:|1758986233
|switch|p1a: Great Tusk|Great Tusk|100/100
|move|p2a: Bloom|Hydro Steam|p1a: Great Tusk
|-supereffective|p1a: Great Tusk
|-damage|p1a: Great Tusk|0 fnt
|faint|p1a: Great Tusk
|-end|p1a: Great Tusk|Protosynthesis|[silent]
|
|-weather|Snowscape|[upkeep]
|upkeep
|
|t:|1758986237
|switch|p1a: Slowking|Slowking-Galar, F|34/100
|turn|22
|
|t:|1758986240
|move|p2a: Bloom|Hydro Steam|p1a: Slowking
|-damage|p1a: Slowking|0 fnt
|faint|p1a: Slowking
|
|win|Enchantix fairy
|raw|Gpogpogpo's rating: 1254 &rarr; <strong>1228</strong><br />(-26 for losing)
|raw|Enchantix fairy's rating: 1242 &rarr; <strong>1268</strong><br />(+26 for winning)
|l|☆Gpogpogpo
|player|p1|
|l|☆Enchantix fairy
|player|p2|
