|j|☆chang bu
|j|☆Shulkou
|t:|1759069138
|gametype|singles
|player|p1|chang bu|265|1249
|player|p2|Shulkou|volkner|1238
|gen|9
|tier|[Gen 9] OU
|rated|
|rule|HP Percentage Mod: HP is shown in percentages
|rule|Endless Battle Clause: Forcing endless battles is banned
|rule|Species Clause: Limit one of each Pokémon
|rule|OHKO Clause: OHKO moves are banned
|rule|Evasion Items Clause: Evasion items are banned
|rule|Evasion Moves Clause: Evasion moves are banned
|rule|Evasion Abilities Clause: Evasion abilities are banned
|rule|Sleep Moves Clause: Sleep-inducing moves are banned
|clearpoke
|poke|p1|Barraskewda, F|
|poke|p1|Alomomola, F|
|poke|p1|Clodsire, M|
|poke|p1|Kingdra, M|
|poke|p1|Pelipper, M|
|poke|p1|Corviknight, M|
|poke|p2|Great Tusk|
|poke|p2|Corviknight, M|
|poke|p2|Ninetales-Alola, F|
|poke|p2|Toxtricity-Low-Key, F|
|poke|p2|Meowscarada, F|
|poke|p2|Arcanine-Hisui, M|
|teampreview
|inactive|Battle timer is ON: inactive players will automatically lose when time's up. (requested by chang bu)
|
|t:|1759069146
|teamsize|p1|6
|teamsize|p2|6
|start
|switch|p1a: Barraskewda|Barraskewda, F, shiny|100/100
|switch|p2a: Raisena|Toxtricity-Low-Key, F|100/100
|turn|1
|
|t:|1759069153
|-terastallize|p1a: Barraskewda|Water
|move|p1a: Barraskewda|Flip Turn|p2a: Raisena
|-damage|p2a: Raisena|35/100
|
|t:|1759069158
|switch|p1a: Clodsire|Clodsire, M|100/100|[from] Flip Turn
|move|p2a: Raisena|Nuzzle|p1a: Clodsire
|-immune|p1a: Clodsire
|
|upkeep
|turn|2
|
|t:|1759069168
|switch|p2a: Dark Bird|Corviknight, M, shiny|100/100
|move|p1a: Clodsire|Stealth Rock|p2a: Dark Bird
|-sidestart|p2: Shulkou|move: Stealth Rock
|
|upkeep
|turn|3
|
|t:|1759069174
|switch|p1a: Pelipper|Pelipper, M, shiny|100/100
|-weather|RainDance|[from] ability: Drizzle|[of] p1a: Pelipper
|move|p2a: Dark Bird|Iron Head|p1a: Pelipper
|-resisted|p1a: Pelipper
|-damage|p1a: Pelipper|89/100
|
|-weather|RainDance|[upkeep]
|upkeep
|turn|4
|
|t:|1759069183
|move|p2a: Dark Bird|Defog|p1a: Pelipper
|-unboost|p1a: Pelipper|evasion|1
|-sideend|p2: Shulkou|Stealth Rock|[from] move: Defog|[of] p2a: Dark Bird
|move|p1a: Pelipper|Weather Ball|p2a: Dark Bird
|-damage|p2a: Dark Bird|52/100
|
|-weather|RainDance|[upkeep]
|upkeep
|turn|5
|
|t:|1759069194
|switch|p2a: Kyumei|Ninetales-Alola, F, shiny|100/100
|-weather|Snowscape|[from] ability: Snow Warning|[of] p2a: Kyumei
|move|p1a: Pelipper|Weather Ball|p2a: Kyumei
|-resisted|p2a: Kyumei
|-damage|p2a: Kyumei|88/100
|
|-weather|Snowscape|[upkeep]
|upkeep
|turn|6
|
|t:|1759069210
|switch|p1a: Clodsire|Clodsire, M|100/100
|move|p2a: Kyumei|Aurora Veil|p2a: Kyumei
|-sidestart|p2: Shulkou|move: Aurora Veil
|
|-weather|Snowscape|[upkeep]
|upkeep
|turn|7
|
|t:|1759069219
|move|p2a: Kyumei|Blizzard|p1a: Clodsire
|-supereffective|p1a: Clodsire
|-damage|p1a: Clodsire|47/100
|move|p1a: Clodsire|Stealth Rock|p2a: Kyumei
|-sidestart|p2: Shulkou|move: Stealth Rock
|
|-weather|Snowscape|[upkeep]
|-heal|p1a: Clodsire|54/100|[from] item: Leftovers
|upkeep
|turn|8
|
|t:|1759069228
|move|p2a: Kyumei|Blizzard|p1a: Clodsire
|-supereffective|p1a: Clodsire
|-damage|p1a: Clodsire|5/100
|move|p1a: Clodsire|Recover|p1a: Clodsire
|-heal|p1a: Clodsire|55/100
|
|-weather|Snowscape|[upkeep]
|-heal|p1a: Clodsire|61/100|[from] item: Leftovers
|upkeep
|turn|9
|
|t:|1759069237
|move|p2a: Kyumei|Blizzard|p1a: Clodsire
|-supereffective|p1a: Clodsire
|-damage|p1a: Clodsire|14/100
|move|p1a: Clodsire|Recover|p1a: Clodsire
|-heal|p1a: Clodsire|64/100
|
|-weather|none
|-heal|p1a: Clodsire|71/100|[from] item: Leftovers
|upkeep
|turn|10
|
|t:|1759069252
|switch|p2a: Dark Bird|Corviknight, M, shiny|52/100
|-damage|p2a: Dark Bird|40/100|[from] Stealth Rock
|move|p1a: Clodsire|Toxic|p2a: Dark Bird
|-immune|p2a: Dark Bird
|
|-heal|p1a: Clodsire|77/100|[from] item: Leftovers
|upkeep
|turn|11
|
|t:|1759069261
|switch|p1a: Pelipper|Pelipper, M, shiny|89/100
|-weather|RainDance|[from] ability: Drizzle|[of] p1a: Pelipper
|move|p2a: Dark Bird|Roost|p2a: Dark Bird
|-heal|p2a: Dark Bird|90/100
|-singleturn|p2a: Dark Bird|move: Roost
|
|-weather|RainDance|[upkeep]
|upkeep
|turn|12
|
|t:|1759069271
|move|p2a: Dark Bird|Defog|p1a: Pelipper
|-unboost|p1a: Pelipper|evasion|1
|-sideend|p2: Shulkou|Stealth Rock|[from] move: Defog|[of] p2a: Dark Bird
|move|p1a: Pelipper|Weather Ball|p2a: Dark Bird
|-damage|p2a: Dark Bird|66/100
|
|-weather|RainDance|[upkeep]
|upkeep
|turn|13
|
|t:|1759069281
|switch|p2a: Kyumei|Ninetales-Alola, F, shiny|88/100
|-weather|Snowscape|[from] ability: Snow Warning|[of] p2a: Kyumei
|move|p1a: Pelipper|U-turn|p2a: Kyumei
|-resisted|p2a: Kyumei
|-damage|p2a: Kyumei|87/100
|
|t:|1759069288
|switch|p1a: Barraskewda|Barraskewda, F, shiny, tera:Water|100/100|[from] U-turn
|
|-weather|Snowscape|[upkeep]
|-sideend|p2: Shulkou|move: Aurora Veil
|upkeep
|turn|14
|
|t:|1759069294
|move|p1a: Barraskewda|Flip Turn|p2a: Kyumei
|-damage|p2a: Kyumei|41/100
|
|t:|1759069297
|switch|p1a: Pelipper|Pelipper, M, shiny|89/100|[from] Flip Turn
|-weather|RainDance|[from] ability: Drizzle|[of] p1a: Pelipper
|move|p2a: Kyumei|Aurora Veil||[still]
|-fail|p2a: Kyumei
|
|-weather|RainDance|[upkeep]
|upkeep
|turn|15
|
|t:|1759069313
|switch|p2a: Dark Bird|Corviknight, M, shiny|66/100
|move|p1a: Pelipper|U-turn|p2a: Dark Bird
|-resisted|p2a: Dark Bird
|-damage|p2a: Dark Bird|65/100
|-damage|p1a: Pelipper|73/100|[from] item: Rocky Helmet|[of] p2a: Dark Bird
|
|t:|1759069320
|switch|p1a: Barraskewda|Barraskewda, F, shiny, tera:Water|100/100|[from] U-turn
|
|-weather|RainDance|[upkeep]
|upkeep
|turn|16
|
|t:|1759069326
|move|p1a: Barraskewda|Liquidation|p2a: Dark Bird
|-damage|p2a: Dark Bird|0 fnt
|-damage|p1a: Barraskewda|84/100|[from] item: Rocky Helmet|[of] p2a: Dark Bird
|faint|p2a: Dark Bird
|
|-weather|RainDance|[upkeep]
|upkeep
|
|t:|1759069335
|switch|p2a: Kyumei|Ninetales-Alola, F, shiny|41/100
|-weather|Snowscape|[from] ability: Snow Warning|[of] p2a: Kyumei
|turn|17
|
|t:|1759069339
|move|p1a: Barraskewda|Liquidation|p2a: Kyumei
|-damage|p2a: Kyumei|0 fnt
|faint|p2a: Kyumei
|
|-weather|Snowscape|[upkeep]
|upkeep
|
|t:|1759069346
|switch|p2a: Makyo|Meowscarada, F|100/100
|turn|18
|
|t:|1759069353
|switch|p1a: Corviknight|Corviknight, M|100/100
|move|p2a: Makyo|Flower Trick|p1a: Corviknight
|-start|p2a: Makyo|typechange|Grass|[from] ability: Protean
|-resisted|p1a: Corviknight
|-crit|p1a: Corviknight
|-damage|p1a: Corviknight|90/100
|
|-weather|Snowscape|[upkeep]
|-heal|p1a: Corviknight|96/100|[from] item: Leftovers
|upkeep
|turn|19
|
|t:|1759069365
|switch|p2a: Shikiko|Arcanine-Hisui, M, shiny|100/100
|move|p1a: Corviknight|U-turn|p2a: Shikiko
|-resisted|p2a: Shikiko
|-damage|p2a: Shikiko|92/100
|
|t:|1759069372
|switch|p1a: Barraskewda|Barraskewda, F, shiny, tera:Water|84/100|[from] U-turn
|
|-weather|Snowscape|[upkeep]
|upkeep
|turn|20
|
|t:|1759069379
|-terastallize|p2a: Shikiko|Electric
|move|p1a: Barraskewda|Flip Turn|p2a: Shikiko
|-damage|p2a: Shikiko|13/100
|
|t:|1759069384
|switch|p1a: Clodsire|Clodsire, M|77/100|[from] Flip Turn
|move|p2a: Shikiko|Head Smash|p1a: Clodsire|[miss]
|-miss|p2a: Shikiko|p1a: Clodsire
|
|-weather|Snowscape|[upkeep]
|-heal|p1a: Clodsire|83/100|[from] item: Leftovers
|upkeep
|turn|21
|
|t:|1759069395
|move|p2a: Shikiko|Flare Blitz|p1a: Clodsire
|-damage|p1a: Clodsire|18/100
|move|p1a: Clodsire|Earthquake|p2a: Shikiko
|-supereffective|p2a: Shikiko
|-damage|p2a: Shikiko|0 fnt
|faint|p2a: Shikiko
|
|-weather|none
|-heal|p1a: Clodsire|24/100|[from] item: Leftovers
|upkeep
|
|t:|1759069401
|switch|p2a: Raisena|Toxtricity-Low-Key, F|35/100
|turn|22
|
|t:|1759069408
|move|p2a: Raisena|Psychic Noise|p1a: Clodsire
|-supereffective|p1a: Clodsire
|-damage|p1a: Clodsire|0 fnt
|faint|p1a: Clodsire
|-enditem|p2a: Raisena|Throat Spray
|-boost|p2a: Raisena|spa|1|[from] item: Throat Spray
|
|upkeep
|
|t:|1759069416
|switch|p1a: Barraskewda|Barraskewda, F, shiny, tera:Water|84/100
|turn|23
|
|t:|1759069420
|move|p1a: Barraskewda|Flip Turn|p2a: Raisena
|-damage|p2a: Raisena|0 fnt
|faint|p2a: Raisena
|
|t:|1759069426
|switch|p1a: Pelipper|Pelipper, M, shiny|73/100|[from] Flip Turn
|-weather|RainDance|[from] ability: Drizzle|[of] p1a: Pelipper
|
|-weather|RainDance|[upkeep]
|upkeep
|
|t:|1759069430
|switch|p2a: Spin Ike|Great Tusk|100/100
|-enditem|p2a: Spin Ike|Booster Energy
|-activate|p2a: Spin Ike|ability: Protosynthesis|[fromitem]
|-start|p2a: Spin Ike|protosynthesisatk
|turn|24
|
|t:|1759069437
|move|p2a: Spin Ike|Ice Spinner|p1a: Pelipper
|-damage|p1a: Pelipper|45/100
|move|p1a: Pelipper|U-turn|p2a: Spin Ike
|-resisted|p2a: Spin Ike
|-damage|p2a: Spin Ike|98/100
|
|t:|1759069442
|switch|p1a: Kingdra|Kingdra, M|100/100|[from] U-turn
|
|-weather|RainDance|[upkeep]
|upkeep
|turn|25
|
|t:|1759069449
|move|p1a: Kingdra|Hydro Pump|p2a: Spin Ike
|-supereffective|p2a: Spin Ike
|-damage|p2a: Spin Ike|0 fnt
|faint|p2a: Spin Ike
|-end|p2a: Spin Ike|Protosynthesis|[silent]
|-damage|p1a: Kingdra|91/100|[from] item: Life Orb
|
|-weather|RainDance|[upkeep]
|upkeep
|
|t:|1759069452
|switch|p2a: Makyo|Meowscarada, F|100/100
|turn|26
|
|t:|1759069460
|move|p1a: Kingdra|Hurricane|p2a: Makyo
|-supereffective|p2a: Makyo
|-damage|p2a: Makyo|0 fnt
|faint|p2a: Makyo
|-damage|p1a: Kingdra|81/100|[from] item: Life Orb
|
|win|chang bu
|raw|chang bu's rating: 1249 &rarr; <strong>1273</strong><br />(+24 for winning)
|raw|Shulkou's rating: 1238 &rarr; <strong>1214</strong><br />(-24 for losing)
|l|☆Shulkou
|player|p2|
|l|☆chang bu
|player|p1|
