|j|☆i miss Ana
|j|☆takeyouout
|t:|1758978413
|gametype|singles
|player|p1|i miss Ana|miku-ghost|1445
|player|p2|takeyouout|richboy|1523
|gen|9
|tier|[Gen 9] OU
|rated|
|rule|HP Percentage Mod: HP is shown in percentages
|rule|Endless Battle Clause: Forcing endless battles is banned
|rule|Species Clause: Limit one of each Pokémon
|rule|OHKO Clause: OHKO moves are banned
|rule|Evasion Items Clause: Evasion items are banned
|rule|Evasion Moves Clause: Evasion moves are banned
|rule|Evasion Abilities Clause: Evasion abilities are banned
|rule|Sleep Moves Clause: Sleep-inducing moves are banned
|clearpoke
|poke|p1|Quagsire, M|
|poke|p1|Blissey, F|
|poke|p1|Toxapex, M|
|poke|p1|Weezing-Galar, M|
|poke|p1|Gliscor, F|
|poke|p1|Corviknight, M|
|poke|p2|Alomomola, F|
|poke|p2|Garganacl, M|
|poke|p2|Tornadus-Therian, M|
|poke|p2|Deoxys-Speed|
|poke|p2|Iron Treads|
|poke|p2|Meowscarada, F|
|teampreview
|inactive|Battle timer is ON: inactive players will automatically lose when time's up. (requested by takeyouout)
|
|t:|1758978435
|teamsize|p1|6
|teamsize|p2|6
|start
|switch|p1a: Gliscor|Gliscor, F|100/100
|switch|p2a: 88|Tornadus-Therian, M|100/100
|turn|1
|
|t:|1758978437
|move|p1a: Gliscor|Protect|p1a: Gliscor
|-singleturn|p1a: Gliscor|Protect
|move|p2a: 88|Nasty Plot|p2a: 88
|-boost|p2a: 88|spa|2
|
|-status|p1a: Gliscor|tox|[from] item: Toxic Orb
|upkeep
|turn|2
|
|t:|1758978451
|switch|p1a: Toxapex|Toxapex, M|100/100
|move|p2a: 88|Bleakwind Storm|p1a: Toxapex|[miss]
|-miss|p2a: 88|p1a: Toxapex
|
|upkeep
|turn|3
|
|t:|1758978454
|move|p2a: 88|Bleakwind Storm|p1a: Toxapex
|-damage|p1a: Toxapex|26/100
|-damage|p2a: 88|91/100|[from] item: Life Orb
|move|p1a: Toxapex|Haze|p1a: Toxapex
|-clearallboost
|
|-heal|p1a: Toxapex|32/100|[from] item: Leftovers
|upkeep
|turn|4
|
|t:|1758978460
|switch|p1a: Blissey|Blissey, F|100/100
|move|p2a: 88|Nasty Plot|p2a: 88
|-boost|p2a: 88|spa|2
|
|upkeep
|turn|5
|
|t:|1758978462
|move|p2a: 88|Focus Blast|p1a: Blissey
|-supereffective|p1a: Blissey
|-damage|p1a: Blissey|41/100
|-damage|p2a: 88|81/100|[from] item: Life Orb
|move|p1a: Blissey|Calm Mind|p1a: Blissey
|-boost|p1a: Blissey|spa|1
|-boost|p1a: Blissey|spd|1
|
|-heal|p1a: Blissey|47/100|[from] item: Leftovers
|upkeep
|turn|6
|
|t:|1758978469
|move|p2a: 88|Dark Pulse|p1a: Blissey
|-damage|p1a: Blissey|34/100
|-damage|p2a: 88|71/100|[from] item: Life Orb
|move|p1a: Blissey|Soft-Boiled|p1a: Blissey
|-heal|p1a: Blissey|84/100
|
|-heal|p1a: Blissey|90/100|[from] item: Leftovers
|upkeep
|turn|7
|
|t:|1758978472
|move|p2a: 88|Focus Blast|p1a: Blissey|[miss]
|-miss|p2a: 88|p1a: Blissey
|move|p1a: Blissey|Calm Mind|p1a: Blissey
|-boost|p1a: Blissey|spa|1
|-boost|p1a: Blissey|spd|1
|
|-heal|p1a: Blissey|96/100|[from] item: Leftovers
|upkeep
|turn|8
|
|t:|1758978475
|switch|p2a: Starscream|Iron Treads, shiny|100/100
|move|p1a: Blissey|Calm Mind|p1a: Blissey
|-boost|p1a: Blissey|spa|1
|-boost|p1a: Blissey|spd|1
|
|-heal|p1a: Blissey|100/100|[from] item: Leftovers
|upkeep
|turn|9
|
|t:|1758978479
|switch|p1a: Toxapex|Toxapex, M|65/100
|move|p2a: Starscream|Knock Off|p1a: Toxapex
|-damage|p1a: Toxapex|46/100
|-enditem|p1a: Toxapex|Leftovers|[from] move: Knock Off|[of] p2a: Starscream
|
|upkeep
|turn|10
|
|t:|1758978482
|switch|p1a: Corviknight|Corviknight, M|100/100
|-ability|p1a: Corviknight|Pressure
|move|p2a: Starscream|Stealth Rock|p1a: Corviknight
|-sidestart|p1: i miss Ana|move: Stealth Rock
|
|upkeep
|turn|11
|
|t:|1758978485
|move|p2a: Starscream|Knock Off|p1a: Corviknight
|-damage|p1a: Corviknight|83/100
|-damage|p2a: Starscream|84/100|[from] item: Rocky Helmet|[of] p1a: Corviknight
|-enditem|p1a: Corviknight|Rocky Helmet|[from] move: Knock Off|[of] p2a: Starscream
|move|p1a: Corviknight|Defog|p2a: Starscream
|-unboost|p2a: Starscream|evasion|1
|-sideend|p1: i miss Ana|Stealth Rock|[from] move: Defog|[of] p1a: Corviknight
|
|-heal|p2a: Starscream|90/100|[from] item: Leftovers
|upkeep
|turn|12
|
|t:|1758978490
|-end|p2a: Starscream|Quark Drive|[silent]
|switch|p2a: Barnaby|Alomomola, F, shiny|100/100
|move|p1a: Corviknight|Body Press|p2a: Barnaby
|-damage|p2a: Barnaby|84/100
|-damage|p1a: Corviknight|67/100|[from] item: Rocky Helmet|[of] p2a: Barnaby
|
|upkeep
|turn|13
|
|t:|1758978498
|switch|p1a: Toxapex|Toxapex, M|79/100
|move|p2a: Barnaby|Flip Turn|p1a: Toxapex
|-resisted|p1a: Toxapex
|-damage|p1a: Toxapex|73/100
|
|t:|1758978509
|switch|p2a: 77|Meowscarada, F|100/100|[from] Flip Turn
|
|upkeep
|turn|14
|
|t:|1758978513
|switch|p1a: Weezing|Weezing-Galar, M|100/100
|-ability|p1a: Weezing|Neutralizing Gas
|move|p2a: 77|U-turn|p1a: Weezing
|-resisted|p1a: Weezing
|-damage|p1a: Weezing|95/100
|
|t:|1758978517
|switch|p2a: 99|Deoxys-Speed|100/100|[from] U-turn
|
|upkeep
|turn|15
|
|t:|1758978533
|move|p2a: 99|Nasty Plot|p2a: 99
|-boost|p2a: 99|spa|2
|move|p1a: Weezing|Will-O-Wisp|p2a: 99
|-status|p2a: 99|brn
|
|-damage|p2a: 99|94/100 brn|[from] brn
|upkeep
|turn|16
|
|t:|1758978536
|-end|p1a: Weezing|ability: Neutralizing Gas
|-ability|p2a: 99|Pressure
|switch|p1a: Blissey|Blissey, F|100/100
|move|p2a: 99|Nasty Plot|p2a: 99
|-boost|p2a: 99|spa|2
|
|-damage|p2a: 99|88/100 brn|[from] brn
|upkeep
|turn|17
|
|t:|1758978542
|move|p2a: 99|Focus Blast|p1a: Blissey
|-supereffective|p1a: Blissey
|-damage|p1a: Blissey|10/100
|-damage|p2a: 99|78/100 brn|[from] item: Life Orb
|move|p1a: Blissey|Calm Mind|p1a: Blissey
|-boost|p1a: Blissey|spa|1
|-boost|p1a: Blissey|spd|1
|
|-heal|p1a: Blissey|16/100|[from] item: Leftovers
|-damage|p2a: 99|72/100 brn|[from] brn
|upkeep
|turn|18
|
|t:|1758978550
|switch|p1a: Toxapex|Toxapex, M|100/100
|move|p2a: 99|Dark Pulse|p1a: Toxapex
|-damage|p1a: Toxapex|37/100
|-damage|p2a: 99|62/100 brn|[from] item: Life Orb
|
|-damage|p2a: 99|56/100 brn|[from] brn
|upkeep
|turn|19
|
|t:|1758978558
|switch|p1a: Quagsire|Quagsire, M|100/100
|move|p2a: 99|Dark Pulse|p1a: Quagsire
|-damage|p1a: Quagsire|63/100
|-damage|p2a: 99|46/100 brn|[from] item: Life Orb
|
|-heal|p1a: Quagsire|69/100|[from] item: Leftovers
|-damage|p2a: 99|40/100 brn|[from] brn
|upkeep
|turn|20
|
|t:|1758978561
|move|p2a: 99|Psycho Boost|p1a: Quagsire
|-damage|p1a: Quagsire|0 fnt
|-unboost|p2a: 99|spa|2
|faint|p1a: Quagsire
|-damage|p2a: 99|30/100 brn|[from] item: Life Orb
|
|-damage|p2a: 99|24/100 brn|[from] brn
|upkeep
|
|t:|1758978564
|switch|p1a: Toxapex|Toxapex, M|70/100
|turn|21
|
|t:|1758978567
|move|p2a: 99|Psycho Boost|p1a: Toxapex
|-supereffective|p1a: Toxapex
|-damage|p1a: Toxapex|0 fnt
|-unboost|p2a: 99|spa|2
|faint|p1a: Toxapex
|-damage|p2a: 99|14/100 brn|[from] item: Life Orb
|
|-damage|p2a: 99|8/100 brn|[from] brn
|upkeep
|
|t:|1758978572
|switch|p1a: Gliscor|Gliscor, F|100/100 tox
|turn|22
|
|t:|1758978575
|switch|p2a: 88|Tornadus-Therian, M|100/100
|move|p1a: Gliscor|Swords Dance|p1a: Gliscor
|-boost|p1a: Gliscor|atk|2
|
|upkeep
|turn|23
|
|t:|1758978577
|move|p2a: 88|Bleakwind Storm|p1a: Gliscor
|-damage|p1a: Gliscor|23/100 tox
|-unboost|p1a: Gliscor|spe|1
|-damage|p2a: 88|91/100|[from] item: Life Orb
|move|p1a: Gliscor|Knock Off|p2a: 88
|-damage|p2a: 88|32/100
|-enditem|p2a: 88|Life Orb|[from] move: Knock Off|[of] p1a: Gliscor
|
|-heal|p1a: Gliscor|35/100 tox|[from] ability: Poison Heal
|upkeep
|turn|24
|
|t:|1758978583
|move|p1a: Gliscor|Protect|p1a: Gliscor
|-singleturn|p1a: Gliscor|Protect
|move|p2a: 88|Bleakwind Storm|p1a: Gliscor
|-activate|p1a: Gliscor|move: Protect
|
|-heal|p1a: Gliscor|48/100 tox|[from] ability: Poison Heal
|upkeep
|turn|25
|
|t:|1758978585
|switch|p1a: Corviknight|Corviknight, M|67/100
|-ability|p1a: Corviknight|Pressure
|move|p2a: 88|Bleakwind Storm|p1a: Corviknight
|-resisted|p1a: Corviknight
|-damage|p1a: Corviknight|41/100
|
|upkeep
|turn|26
|
|t:|1758978592
|switch|p2a: Barnaby|Alomomola, F, shiny|100/100
|move|p1a: Corviknight|Roost|p1a: Corviknight
|-heal|p1a: Corviknight|91/100
|-singleturn|p1a: Corviknight|move: Roost
|
|upkeep
|turn|27
|
|t:|1758978596
|switch|p1a: Blissey|Blissey, F|16/100
|move|p2a: Barnaby|Wish|p2a: Barnaby
|
|-heal|p1a: Blissey|22/100|[from] item: Leftovers
|upkeep
|turn|28
|
|t:|1758978602
|move|p1a: Blissey|Soft-Boiled|p1a: Blissey
|-heal|p1a: Blissey|72/100
|move|p2a: Barnaby|Flip Turn|p1a: Blissey
|-damage|p1a: Blissey|54/100
|
|t:|1758978604
|switch|p2a: 99|Deoxys-Speed|8/100 brn|[from] Flip Turn
|-ability|p2a: 99|Pressure
|
|-heal|p2a: 99|100/100 brn|[from] move: Wish|[wisher] Barnaby
|-heal|p1a: Blissey|60/100|[from] item: Leftovers
|-damage|p2a: 99|94/100 brn|[from] brn
|upkeep
|turn|29
|
|t:|1758978630
|switch|p2a: 77|Meowscarada, F|100/100
|move|p1a: Blissey|Calm Mind|p1a: Blissey
|-boost|p1a: Blissey|spa|1
|-boost|p1a: Blissey|spd|1
|
|-heal|p1a: Blissey|67/100|[from] item: Leftovers
|upkeep
|turn|30
|inactive|i miss Ana has 120 seconds left.
|
|t:|1758978656
|switch|p1a: Weezing|Weezing-Galar, M|95/100
|-ability|p1a: Weezing|Neutralizing Gas
|move|p2a: 77|U-turn|p1a: Weezing
|-resisted|p1a: Weezing
|-damage|p1a: Weezing|90/100
|
|t:|1758978664
|switch|p2a: 99|Deoxys-Speed|94/100 brn|[from] U-turn
|
|-damage|p2a: 99|88/100 brn|[from] brn
|upkeep
|turn|31
|inactive|i miss Ana has 120 seconds left.
|
|t:|1758978671
|-end|p1a: Weezing|ability: Neutralizing Gas
|-ability|p2a: 99|Pressure
|switch|p1a: Blissey|Blissey, F|67/100
|move|p2a: 99|Nasty Plot|p2a: 99
|-boost|p2a: 99|spa|2
|
|-heal|p1a: Blissey|73/100|[from] item: Leftovers
|-damage|p2a: 99|82/100 brn|[from] brn
|upkeep
|turn|32
|
|t:|1758978683
|move|p2a: 99|Focus Blast|p1a: Blissey
|-supereffective|p1a: Blissey
|-damage|p1a: Blissey|10/100
|-damage|p2a: 99|72/100 brn|[from] item: Life Orb
|move|p1a: Blissey|Calm Mind|p1a: Blissey
|-boost|p1a: Blissey|spa|1
|-boost|p1a: Blissey|spd|1
|
|-heal|p1a: Blissey|16/100|[from] item: Leftovers
|-damage|p2a: 99|66/100 brn|[from] brn
|upkeep
|turn|33
|
|t:|1758978694
|switch|p1a: Weezing|Weezing-Galar, M|90/100
|-ability|p1a: Weezing|Neutralizing Gas
|move|p2a: 99|Dark Pulse|p1a: Weezing
|-resisted|p1a: Weezing
|-damage|p1a: Weezing|48/100
|-damage|p2a: 99|56/100 brn|[from] item: Life Orb
|
|-damage|p2a: 99|50/100 brn|[from] brn
|upkeep
|turn|34
|
|t:|1758978701
|-end|p1a: Weezing|ability: Neutralizing Gas
|-ability|p2a: 99|Pressure
|switch|p1a: Blissey|Blissey, F|16/100
|move|p2a: 99|Psycho Boost|p1a: Blissey
|-damage|p1a: Blissey|0 fnt
|-unboost|p2a: 99|spa|2
|faint|p1a: Blissey
|-damage|p2a: 99|40/100 brn|[from] item: Life Orb
|
|-damage|p2a: 99|34/100 brn|[from] brn
|upkeep
|
|t:|1758978703
|switch|p1a: Weezing|Weezing-Galar, M|48/100
|-ability|p1a: Weezing|Neutralizing Gas
|turn|35
|
|t:|1758978705
|move|p2a: 99|Psycho Boost|p1a: Weezing
|-supereffective|p1a: Weezing
|-damage|p1a: Weezing|0 fnt
|-unboost|p2a: 99|spa|2
|faint|p1a: Weezing
|-end|p1a: Weezing|ability: Neutralizing Gas
|-ability|p2a: 99|Pressure
|-damage|p2a: 99|24/100 brn|[from] item: Life Orb
|
|-damage|p2a: 99|17/100 brn|[from] brn
|upkeep
|
|t:|1758978707
|switch|p1a: Gliscor|Gliscor, F|48/100 tox
|turn|36
|
|t:|1758978712
|switch|p2a: 88|Tornadus-Therian, M|65/100
|move|p1a: Gliscor|Facade|p2a: 88
|-damage|p2a: 88|26/100
|
|-heal|p1a: Gliscor|60/100 tox|[from] ability: Poison Heal
|upkeep
|turn|37
|
|t:|1758978715
|move|p1a: Gliscor|Protect|p1a: Gliscor
|-singleturn|p1a: Gliscor|Protect
|move|p2a: 88|Bleakwind Storm|p1a: Gliscor
|-activate|p1a: Gliscor|move: Protect
|
|-heal|p1a: Gliscor|73/100 tox|[from] ability: Poison Heal
|upkeep
|turn|38
|
|t:|1758978723
|move|p2a: 88|Bleakwind Storm|p1a: Gliscor
|-damage|p1a: Gliscor|12/100 tox
|-unboost|p1a: Gliscor|spe|1
|move|p1a: Gliscor|Facade|p2a: 88
|-damage|p2a: 88|0 fnt
|faint|p2a: 88
|
|-heal|p1a: Gliscor|25/100 tox|[from] ability: Poison Heal
|upkeep
|
|t:|1758978726
|switch|p2a: 77|Meowscarada, F|100/100
|turn|39
|
|t:|1758978733
|move|p1a: Gliscor|Protect|p1a: Gliscor
|-singleturn|p1a: Gliscor|Protect
|move|p2a: 77|Flower Trick|p1a: Gliscor
|-start|p2a: 77|typechange|Grass|[from] ability: Protean
|-activate|p1a: Gliscor|move: Protect
|
|-heal|p1a: Gliscor|37/100 tox|[from] ability: Poison Heal
|upkeep
|turn|40
|
|t:|1758978737
|switch|p2a: RockIce|Garganacl, M|100/100
|switch|p1a: Corviknight|Corviknight, M|91/100
|-ability|p1a: Corviknight|Pressure
|
|upkeep
|turn|41
|
|t:|1758978746
|move|p1a: Corviknight|Iron Defense|p1a: Corviknight
|-boost|p1a: Corviknight|def|2
|move|p2a: RockIce|Curse|p2a: RockIce
|-unboost|p2a: RockIce|spe|1
|-boost|p2a: RockIce|atk|1
|-boost|p2a: RockIce|def|1
|
|upkeep
|turn|42
|
|t:|1758978748
|move|p1a: Corviknight|Body Press|p2a: RockIce
|-supereffective|p2a: RockIce
|-damage|p2a: RockIce|50/100
|move|p2a: RockIce|Salt Cure|p1a: Corviknight
|-damage|p1a: Corviknight|84/100
|-start|p1a: Corviknight|Salt Cure
|
|-heal|p2a: RockIce|57/100|[from] item: Leftovers
|-damage|p1a: Corviknight|60/100|[from] Salt Cure
|upkeep
|turn|43
|
|t:|1758978752
|move|p1a: Corviknight|Body Press|p2a: RockIce
|-supereffective|p2a: RockIce
|-damage|p2a: RockIce|10/100
|move|p2a: RockIce|Curse|p2a: RockIce
|-unboost|p2a: RockIce|spe|1
|-boost|p2a: RockIce|atk|1
|-boost|p2a: RockIce|def|1
|
|-heal|p2a: RockIce|16/100|[from] item: Leftovers
|-damage|p1a: Corviknight|35/100|[from] Salt Cure
|upkeep
|turn|44
|
|t:|1758978755
|move|p2a: RockIce|Protect|p2a: RockIce
|-singleturn|p2a: RockIce|Protect
|move|p1a: Corviknight|Body Press|p2a: RockIce
|-activate|p2a: RockIce|move: Protect
|
|-heal|p2a: RockIce|23/100|[from] item: Leftovers
|-damage|p1a: Corviknight|10/100|[from] Salt Cure
|upkeep
|turn|45
|
|t:|1758978759
|switch|p2a: Barnaby|Alomomola, F, shiny|100/100
|move|p1a: Corviknight|Roost|p1a: Corviknight
|-heal|p1a: Corviknight|60/100
|-singleturn|p1a: Corviknight|move: Roost
|
|-damage|p1a: Corviknight|35/100|[from] Salt Cure
|upkeep
|turn|46
|
|t:|1758978762
|move|p1a: Corviknight|Roost|p1a: Corviknight
|-heal|p1a: Corviknight|86/100
|-singleturn|p1a: Corviknight|move: Roost
|move|p2a: Barnaby|Wish|p2a: Barnaby
|
|-damage|p1a: Corviknight|61/100|[from] Salt Cure
|upkeep
|turn|47
|
|t:|1758978764
|move|p1a: Corviknight|Roost|p1a: Corviknight
|-heal|p1a: Corviknight|100/100
|-singleturn|p1a: Corviknight|move: Roost
|move|p2a: Barnaby|Flip Turn|p1a: Corviknight
|-damage|p1a: Corviknight|94/100
|
|t:|1758978765
|switch|p2a: RockIce|Garganacl, M|23/100|[from] Flip Turn
|
|-heal|p2a: RockIce|81/100|[from] move: Wish|[wisher] Barnaby
|-heal|p2a: RockIce|87/100|[from] item: Leftovers
|-damage|p1a: Corviknight|70/100|[from] Salt Cure
|upkeep
|turn|48
|
|t:|1758978778
|switch|p2a: Barnaby|Alomomola, F, shiny|100/100
|move|p1a: Corviknight|Body Press|p2a: Barnaby
|-damage|p2a: Barnaby|66/100
|-damage|p1a: Corviknight|53/100|[from] item: Rocky Helmet|[of] p2a: Barnaby
|
|-damage|p1a: Corviknight|28/100|[from] Salt Cure
|upkeep
|turn|49
|
|t:|1758978780
|switch|p1a: Gliscor|Gliscor, F|37/100 tox
|move|p2a: Barnaby|Wish|p2a: Barnaby
|
|-heal|p1a: Gliscor|50/100 tox|[from] ability: Poison Heal
|upkeep
|turn|50
|
|t:|1758978784
|switch|p2a: 99|Deoxys-Speed|17/100 brn
|-ability|p2a: 99|Pressure
|move|p1a: Gliscor|Swords Dance|p1a: Gliscor
|-boost|p1a: Gliscor|atk|2
|
|-heal|p2a: 99|100/100 brn|[from] move: Wish|[wisher] Barnaby
|-heal|p1a: Gliscor|62/100 tox|[from] ability: Poison Heal
|-damage|p2a: 99|94/100 brn|[from] brn
|upkeep
|turn|51
|
|t:|1758978790
|move|p2a: 99|Psycho Boost|p1a: Gliscor
|-damage|p1a: Gliscor|0 fnt
|-unboost|p2a: 99|spa|2
|faint|p1a: Gliscor
|-damage|p2a: 99|84/100 brn|[from] item: Life Orb
|
|-damage|p2a: 99|78/100 brn|[from] brn
|upkeep
|-message|i miss Ana forfeited.
|
|win|takeyouout
|raw|i miss Ana's rating: 1464 &rarr; <strong>1447</strong><br />(-17 for losing)
|raw|takeyouout's rating: 1523 &rarr; <strong>1540</strong><br />(+17 for winning)
|l|☆i miss Ana
|player|p1|
|l|☆takeyouout
|player|p2|
