|j|☆RatClaw
|j|☆CadenG18
|t:|1759036775
|gametype|singles
|player|p1|RatClaw|skyla|1417
|player|p2|CadenG18|hilbert|1383
|gen|9
|tier|[Gen 9] OU
|rated|
|rule|HP Percentage Mod: HP is shown in percentages
|rule|Endless Battle Clause: Forcing endless battles is banned
|rule|Species Clause: Limit one of each Pokémon
|rule|OHKO Clause: OHKO moves are banned
|rule|Evasion Items Clause: Evasion items are banned
|rule|Evasion Moves Clause: Evasion moves are banned
|rule|Evasion Abilities Clause: Evasion abilities are banned
|rule|Sleep Moves Clause: Sleep-inducing moves are banned
|clearpoke
|poke|p1|Meowscarada, F|
|poke|p1|Slowking-Galar, F|
|poke|p1|Hatterene, F|
|poke|p1|Landorus-Therian, M|
|poke|p1|Iron Treads|
|poke|p1|Dragapult, M|
|poke|p2|Greninja-*, M|
|poke|p2|Ceruledge, F|
|poke|p2|Armarouge, F|
|poke|p2|Hydreigon, F|
|poke|p2|Kommo-o, M|
|poke|p2|Tsareena, F|
|teampreview
|inactive|Battle timer is ON: inactive players will automatically lose when time's up. (requested by CadenG18)
|inactive|CadenG18 has 120 seconds left.
|
|t:|1759036820
|teamsize|p1|6
|teamsize|p2|6
|start
|switch|p1a: Meowscarada|Meowscarada, F|100/100
|switch|p2a: Tsuyo-sa|Kommo-o, M|100/100
|turn|1
|
|t:|1759036833
|move|p1a: Meowscarada|U-turn|p2a: Tsuyo-sa
|-start|p1a: Meowscarada|typechange|Bug|[from] ability: Protean
|-resisted|p2a: Tsuyo-sa
|-damage|p2a: Tsuyo-sa|76/100
|
|t:|1759036842
|switch|p1a: Slowking|Slowking-Galar, F|100/100|[from] U-turn
|move|p2a: Tsuyo-sa|Clangorous Soul|p2a: Tsuyo-sa
|-boost|p2a: Tsuyo-sa|atk|1
|-boost|p2a: Tsuyo-sa|def|1
|-boost|p2a: Tsuyo-sa|spa|1
|-boost|p2a: Tsuyo-sa|spd|1
|-boost|p2a: Tsuyo-sa|spe|1
|-damage|p2a: Tsuyo-sa|43/100
|
|-heal|p2a: Tsuyo-sa|50/100|[from] item: Leftovers
|upkeep
|turn|2
|
|t:|1759036855
|-terastallize|p2a: Tsuyo-sa|Steel
|move|p2a: Tsuyo-sa|Iron Head|p1a: Slowking
|-damage|p1a: Slowking|42/100
|cant|p1a: Slowking|flinch
|
|-heal|p2a: Tsuyo-sa|56/100|[from] item: Leftovers
|upkeep
|turn|3
|
|t:|1759036870
|switch|p1a: Iron Treads|Iron Treads|100/100
|-enditem|p1a: Iron Treads|Booster Energy
|-activate|p1a: Iron Treads|ability: Quark Drive|[fromitem]
|-start|p1a: Iron Treads|quarkdrivespe
|move|p2a: Tsuyo-sa|Iron Head|p1a: Iron Treads
|-resisted|p1a: Iron Treads
|-damage|p1a: Iron Treads|73/100
|
|-heal|p2a: Tsuyo-sa|62/100|[from] item: Leftovers
|upkeep
|turn|4
|
|t:|1759036879
|move|p1a: Iron Treads|Earthquake|p2a: Tsuyo-sa
|-supereffective|p2a: Tsuyo-sa
|-damage|p2a: Tsuyo-sa|0 fnt
|faint|p2a: Tsuyo-sa
|
|upkeep
|inactive|CadenG18 has 120 seconds left.
|
|t:|1759036911
|switch|p2a: Yamata|Hydreigon, F|100/100
|turn|5
|
|t:|1759036916
|move|p1a: Iron Treads|Stealth Rock|p2a: Yamata
|-sidestart|p2: CadenG18|move: Stealth Rock
|move|p2a: Yamata|Draco Meteor|p1a: Iron Treads|[miss]
|-miss|p2a: Yamata|p1a: Iron Treads
|
|upkeep
|turn|6
|
|t:|1759036922
|move|p1a: Iron Treads|Iron Head|p2a: Yamata
|-damage|p2a: Yamata|54/100
|move|p2a: Yamata|Draco Meteor|p1a: Iron Treads
|-resisted|p1a: Iron Treads
|-damage|p1a: Iron Treads|0 fnt
|-unboost|p2a: Yamata|spa|2
|faint|p1a: Iron Treads
|-end|p1a: Iron Treads|Quark Drive|[silent]
|
|upkeep
|
|t:|1759036940
|switch|p1a: Landorus|Landorus-Therian, M|100/100
|-ability|p1a: Landorus|Intimidate|boost
|-unboost|p2a: Yamata|atk|1
|turn|7
|
|t:|1759036945
|switch|p2a: Cybele|Tsareena, F|100/100
|move|p1a: Landorus|U-turn|p2a: Cybele
|-supereffective|p2a: Cybele
|-damage|p2a: Cybele|50/100
|
|t:|1759036948
|switch|p1a: Meowscarada|Meowscarada, F|100/100|[from] U-turn
|
|upkeep
|turn|8
|
|t:|1759036950
|move|p1a: Meowscarada|U-turn|p2a: Cybele
|-start|p1a: Meowscarada|typechange|Bug|[from] ability: Protean
|-supereffective|p2a: Cybele
|-damage|p2a: Cybele|0 fnt
|faint|p2a: Cybele
|
|t:|1759036954
|switch|p1a: Slowking|Slowking-Galar, F|75/100|[from] U-turn
|
|upkeep
|
|t:|1759036981
|switch|p2a: Megumi|Greninja, M, shiny|100/100
|-damage|p2a: Megumi|88/100|[from] Stealth Rock
|turn|9
|
|t:|1759036998
|switch|p1a: Meowscarada|Meowscarada, F|100/100
|move|p2a: Megumi|Ice Beam|p1a: Meowscarada
|-start|p2a: Megumi|typechange|Ice|[from] ability: Protean
|-supereffective|p1a: Meowscarada
|-damage|p1a: Meowscarada|0 fnt
|faint|p1a: Meowscarada
|-damage|p2a: Megumi|78/100|[from] item: Life Orb
|
|upkeep
|
|t:|1759037013
|switch|p1a: Dragapult|Dragapult, M|100/100
|turn|10
|
|t:|1759037016
|move|p1a: Dragapult|Dragon Darts|p2a: Megumi
|-damage|p2a: Megumi|37/100
|-anim|p1a: Dragapult|Dragon Darts|p2a: Megumi
|-damage|p2a: Megumi|0 fnt
|faint|p2a: Megumi
|
|upkeep
|
|t:|1759037029
|switch|p2a: Yamata|Hydreigon, F|54/100
|-damage|p2a: Yamata|42/100|[from] Stealth Rock
|turn|11
|
|t:|1759037041
|switch|p1a: Hatterene|Hatterene, F|100/100
|move|p2a: Yamata|Draco Meteor|p1a: Hatterene
|-immune|p1a: Hatterene
|
|upkeep
|turn|12
|
|t:|1759037053
|switch|p2a: Cieri|Ceruledge, F, shiny|100/100
|-damage|p2a: Cieri|76/100|[from] Stealth Rock
|move|p1a: Hatterene|Nuzzle|p2a: Cieri
|-damage|p2a: Cieri|70/100
|-status|p2a: Cieri|par
|
|upkeep
|turn|13
|
|t:|1759037063
|switch|p1a: Landorus|Landorus-Therian, M|100/100
|-ability|p1a: Landorus|Intimidate|boost
|-unboost|p2a: Cieri|atk|1
|cant|p2a: Cieri|par
|
|upkeep
|turn|14
|
|t:|1759037071
|move|p1a: Landorus|U-turn|p2a: Cieri
|-resisted|p2a: Cieri
|-damage|p2a: Cieri|61/100 par
|
|t:|1759037074
|switch|p1a: Dragapult|Dragapult, M|100/100|[from] U-turn
|move|p2a: Cieri|Swords Dance|p2a: Cieri
|-boost|p2a: Cieri|atk|2
|
|upkeep
|turn|15
|
|t:|1759037084
|switch|p1a: Landorus|Landorus-Therian, M|100/100
|-ability|p1a: Landorus|Intimidate|boost
|-unboost|p2a: Cieri|atk|1
|cant|p2a: Cieri|par
|
|upkeep
|turn|16
|
|t:|1759037090
|move|p1a: Landorus|Earthquake|p2a: Cieri
|-supereffective|p2a: Cieri
|-damage|p2a: Cieri|0 fnt
|faint|p2a: Cieri
|
|upkeep
|
|t:|1759037100
|switch|p2a: Soleia|Armarouge, F, shiny|100/100
|-damage|p2a: Soleia|76/100|[from] Stealth Rock
|turn|17
|
|t:|1759037105
|move|p1a: Landorus|Earthquake|p2a: Soleia
|-supereffective|p2a: Soleia
|-damage|p2a: Soleia|0 fnt
|faint|p2a: Soleia
|
|upkeep
|
|t:|1759037107
|switch|p2a: Yamata|Hydreigon, F|42/100
|-damage|p2a: Yamata|30/100|[from] Stealth Rock
|turn|18
|
|t:|1759037109
|move|p2a: Yamata|Dark Pulse|p1a: Landorus
|-damage|p1a: Landorus|16/100
|cant|p1a: Landorus|flinch
|
|upkeep
|turn|19
|
|t:|1759037114
|move|p2a: Yamata|Dark Pulse|p1a: Landorus
|-damage|p1a: Landorus|0 fnt
|faint|p1a: Landorus
|
|upkeep
|
|t:|1759037120
|switch|p1a: Hatterene|Hatterene, F|100/100
|turn|20
|
|t:|1759037123
|move|p2a: Yamata|Dark Pulse|p1a: Hatterene
|-damage|p1a: Hatterene|33/100
|move|p1a: Hatterene|Dazzling Gleam|p2a: Yamata
|-supereffective|p2a: Yamata
|-damage|p2a: Yamata|0 fnt
|faint|p2a: Yamata
|
|win|RatClaw
|raw|RatClaw's rating: 1417 &rarr; <strong>1435</strong><br />(+18 for winning)
|raw|CadenG18's rating: 1383 &rarr; <strong>1365</strong><br />(-18 for losing)
|l|☆CadenG18
|player|p2|
|l|☆RatClaw
|player|p1|
