|j|☆xklootzakx
|j|☆Hurricane_Slash
|t:|1759040896
|gametype|singles
|player|p1|xklootzakx|roxie|1391
|player|p2|Hurricane_Slash|iris-gen5bw2|1450
|gen|9
|tier|[Gen 9] OU
|rated|
|rule|HP Percentage Mod: HP is shown in percentages
|rule|Endless Battle Clause: Forcing endless battles is banned
|rule|Species Clause: Limit one of each Pokémon
|rule|OHKO Clause: OHKO moves are banned
|rule|Evasion Items Clause: Evasion items are banned
|rule|Evasion Moves Clause: Evasion moves are banned
|rule|Evasion Abilities Clause: Evasion abilities are banned
|rule|Sleep Moves Clause: Sleep-inducing moves are banned
|clearpoke
|poke|p1|Fezandipiti, M|
|poke|p1|Ninetales-Alola, F|
|poke|p1|Corviknight, F|
|poke|p1|Torterra, M|
|poke|p1|Chandelure, M|
|poke|p1|Crawdaunt, F|
|poke|p2|Torkoal, F|
|poke|p2|Hatterene, F|
|poke|p2|Raging Bolt|
|poke|p2|Slither Wing|
|poke|p2|Venusaur, F|
|poke|p2|Walking Wake|
|teampreview
|inactive|Battle timer is ON: inactive players will automatically lose when time's up. (requested by xklootzakx)
|
|t:|1759040903
|teamsize|p1|6
|teamsize|p2|6
|start
|switch|p1a: Fezandipiti|Fezandipiti, M|100/100
|switch|p2a: Torkoal|Torkoal, F|100/100
|-weather|SunnyDay|[from] ability: Drought|[of] p2a: Torkoal
|turn|1
|
|t:|1759040911
|move|p1a: Fezandipiti|Beat Up|p2a: Torkoal
|-damage|p2a: Torkoal|97/100
|-crit|p2a: Torkoal
|-damage|p2a: Torkoal|94/100
|-damage|p2a: Torkoal|91/100
|-status|p2a: Torkoal|tox|[from] ability: Toxic Chain|[of] p1a: Fezandipiti
|-damage|p2a: Torkoal|88/100 tox
|-damage|p2a: Torkoal|86/100 tox
|-damage|p2a: Torkoal|84/100 tox
|-hitcount|p2a: Torkoal|6
|move|p2a: Torkoal|Stealth Rock|p1a: Fezandipiti
|-sidestart|p1: xklootzakx|move: Stealth Rock
|
|-weather|SunnyDay|[upkeep]
|-damage|p2a: Torkoal|77/100 tox|[from] psn
|upkeep
|turn|2
|
|t:|1759040935
|switch|p2a: Slither Wing|Slither Wing|100/100
|-activate|p2a: Slither Wing|ability: Protosynthesis
|-start|p2a: Slither Wing|protosynthesisatk
|move|p1a: Fezandipiti|Beat Up|p2a: Slither Wing
|-resisted|p2a: Slither Wing
|-damage|p2a: Slither Wing|99/100
|-status|p2a: Slither Wing|tox|[from] ability: Toxic Chain|[of] p1a: Fezandipiti
|-resisted|p2a: Slither Wing
|-damage|p2a: Slither Wing|97/100 tox
|-resisted|p2a: Slither Wing
|-damage|p2a: Slither Wing|95/100 tox
|-resisted|p2a: Slither Wing
|-damage|p2a: Slither Wing|93/100 tox
|-resisted|p2a: Slither Wing
|-damage|p2a: Slither Wing|92/100 tox
|-resisted|p2a: Slither Wing
|-damage|p2a: Slither Wing|90/100 tox
|-hitcount|p2a: Slither Wing|6
|
|-weather|SunnyDay|[upkeep]
|-damage|p2a: Slither Wing|83/100 tox|[from] psn
|upkeep
|turn|3
|
|t:|1759040947
|-end|p2a: Slither Wing|Protosynthesis|[silent]
|switch|p2a: Venusaur|Venusaur, F|100/100
|move|p1a: Fezandipiti|U-turn|p2a: Venusaur
|-damage|p2a: Venusaur|81/100
|
|t:|1759040950
|switch|p1a: Corviknight|Corviknight, F|100/100|[from] U-turn
|-damage|p1a: Corviknight|88/100|[from] Stealth Rock
|
|-weather|SunnyDay|[upkeep]
|upkeep
|turn|4
|
|t:|1759040956
|switch|p1a: Ninetales|Ninetales-Alola, F|100/100
|-damage|p1a: Ninetales|76/100|[from] Stealth Rock
|-weather|Snowscape|[from] ability: Snow Warning|[of] p1a: Ninetales
|move|p2a: Venusaur|Weather Ball|p1a: Ninetales
|-resisted|p1a: Ninetales
|-damage|p1a: Ninetales|52/100
|-damage|p2a: Venusaur|71/100|[from] item: Life Orb
|
|-weather|Snowscape|[upkeep]
|upkeep
|turn|5
|
|t:|1759040964
|switch|p1a: Corviknight|Corviknight, F|88/100
|-damage|p1a: Corviknight|76/100|[from] Stealth Rock
|move|p2a: Venusaur|Giga Drain|p1a: Corviknight
|-resisted|p1a: Corviknight
|-damage|p1a: Corviknight|66/100
|-heal|p2a: Venusaur|77/100|[from] drain|[of] p1a: Corviknight
|-damage|p2a: Venusaur|67/100|[from] item: Life Orb
|
|-weather|Snowscape|[upkeep]
|upkeep
|turn|6
|
|t:|1759040969
|switch|p2a: Torkoal|Torkoal, F|77/100 tox
|-weather|SunnyDay|[from] ability: Drought|[of] p2a: Torkoal
|move|p1a: Corviknight|Defog|p2a: Torkoal
|-unboost|p2a: Torkoal|evasion|1
|-sideend|p1: xklootzakx|Stealth Rock|[from] move: Defog|[of] p1a: Corviknight
|
|-weather|SunnyDay|[upkeep]
|-damage|p2a: Torkoal|71/100 tox|[from] psn
|upkeep
|turn|7
|
|t:|1759040975
|switch|p1a: Ninetales|Ninetales-Alola, F|52/100
|-weather|Snowscape|[from] ability: Snow Warning|[of] p1a: Ninetales
|move|p2a: Torkoal|Overheat|p1a: Ninetales
|-supereffective|p1a: Ninetales
|-damage|p1a: Ninetales|0 fnt
|-unboost|p2a: Torkoal|spa|2
|faint|p1a: Ninetales
|
|-weather|Snowscape|[upkeep]
|-damage|p2a: Torkoal|59/100 tox|[from] psn
|upkeep
|
|t:|1759040982
|switch|p1a: Torterra|Torterra, M|100/100
|turn|8
|
|t:|1759040987
|switch|p2a: Hatterene|Hatterene, F|100/100
|-item|p2a: Hatterene|Air Balloon
|move|p1a: Torterra|Shell Smash|p1a: Torterra
|-unboost|p1a: Torterra|def|1
|-unboost|p1a: Torterra|spd|1
|-boost|p1a: Torterra|atk|2
|-boost|p1a: Torterra|spa|2
|-boost|p1a: Torterra|spe|2
|
|-weather|Snowscape|[upkeep]
|upkeep
|turn|9
|
|t:|1759040992
|move|p1a: Torterra|Bullet Seed|p2a: Hatterene
|-damage|p2a: Hatterene|83/100
|-enditem|p2a: Hatterene|Air Balloon
|-damage|p2a: Hatterene|64/100
|-damage|p2a: Hatterene|47/100
|-damage|p2a: Hatterene|30/100
|-damage|p2a: Hatterene|10/100
|-hitcount|p2a: Hatterene|5
|move|p2a: Hatterene|Dazzling Gleam|p1a: Torterra
|-damage|p1a: Torterra|34/100
|
|-weather|Snowscape|[upkeep]
|upkeep
|turn|10
|
|t:|1759041003
|move|p1a: Torterra|Bullet Seed|p2a: Hatterene
|-damage|p2a: Hatterene|0 fnt
|faint|p2a: Hatterene
|-hitcount|p2: Hatterene|1
|
|-weather|Snowscape|[upkeep]
|upkeep
|
|t:|1759041007
|switch|p2a: Torkoal|Torkoal, F|59/100 tox
|-weather|SunnyDay|[from] ability: Drought|[of] p2a: Torkoal
|turn|11
|
|t:|1759041012
|move|p1a: Torterra|Rock Blast|p2a: Torkoal
|-supereffective|p2a: Torkoal
|-damage|p2a: Torkoal|34/100 tox
|-supereffective|p2a: Torkoal
|-damage|p2a: Torkoal|6/100 tox
|-supereffective|p2a: Torkoal
|-damage|p2a: Torkoal|0 fnt
|faint|p2a: Torkoal
|-hitcount|p2: Torkoal|3
|
|-weather|SunnyDay|[upkeep]
|upkeep
|
|t:|1759041026
|switch|p2a: Venusaur|Venusaur, F|67/100
|turn|12
|
|t:|1759041031
|move|p2a: Venusaur|Weather Ball|p1a: Torterra
|-supereffective|p1a: Torterra
|-damage|p1a: Torterra|0 fnt
|faint|p1a: Torterra
|-damage|p2a: Venusaur|57/100|[from] item: Life Orb
|
|-weather|SunnyDay|[upkeep]
|upkeep
|
|t:|1759041039
|switch|p1a: Chandelure|Chandelure, M, shiny|100/100
|turn|13
|
|t:|1759041054
|switch|p2a: Walking Wake|Walking Wake|100/100
|-activate|p2a: Walking Wake|ability: Protosynthesis
|-start|p2a: Walking Wake|protosynthesisspe
|move|p1a: Chandelure|Fire Blast|p2a: Walking Wake
|-resisted|p2a: Walking Wake
|-damage|p2a: Walking Wake|73/100
|
|-weather|SunnyDay|[upkeep]
|upkeep
|turn|14
|
|t:|1759041059
|switch|p1a: Fezandipiti|Fezandipiti, M|100/100
|move|p2a: Walking Wake|Hydro Steam|p1a: Fezandipiti
|-damage|p1a: Fezandipiti|63/100
|
|-weather|SunnyDay|[upkeep]
|-heal|p1a: Fezandipiti|69/100|[from] item: Black Sludge
|upkeep
|turn|15
|
|t:|1759041070
|-terastallize|p2a: Walking Wake|Fairy
|move|p2a: Walking Wake|Hydro Steam|p1a: Fezandipiti
|-damage|p1a: Fezandipiti|34/100
|move|p1a: Fezandipiti|Play Rough|p2a: Walking Wake
|-damage|p2a: Walking Wake|43/100
|
|-weather|SunnyDay|[upkeep]
|-heal|p1a: Fezandipiti|40/100|[from] item: Black Sludge
|upkeep
|turn|16
|
|t:|1759041079
|move|p2a: Walking Wake|Hydro Steam|p1a: Fezandipiti
|-damage|p1a: Fezandipiti|3/100
|move|p1a: Fezandipiti|Roost|p1a: Fezandipiti
|-heal|p1a: Fezandipiti|53/100
|-singleturn|p1a: Fezandipiti|move: Roost
|
|-weather|SunnyDay|[upkeep]
|-heal|p1a: Fezandipiti|59/100|[from] item: Black Sludge
|upkeep
|turn|17
|
|t:|1759041085
|move|p2a: Walking Wake|Hydro Steam|p1a: Fezandipiti
|-damage|p1a: Fezandipiti|18/100
|move|p1a: Fezandipiti|Roost|p1a: Fezandipiti
|-heal|p1a: Fezandipiti|68/100
|-singleturn|p1a: Fezandipiti|move: Roost
|
|-weather|SunnyDay|[upkeep]
|-heal|p1a: Fezandipiti|74/100|[from] item: Black Sludge
|upkeep
|turn|18
|
|t:|1759041089
|-end|p2a: Walking Wake|Protosynthesis|[silent]
|switch|p2a: Venusaur|Venusaur, F|57/100
|move|p1a: Fezandipiti|Roost|p1a: Fezandipiti
|-heal|p1a: Fezandipiti|100/100
|-singleturn|p1a: Fezandipiti|move: Roost
|
|-weather|none
|upkeep
|turn|19
|
|t:|1759041095
|switch|p1a: Corviknight|Corviknight, F|66/100
|move|p2a: Venusaur|Earthquake|p1a: Corviknight
|-immune|p1a: Corviknight
|
|upkeep
|turn|20
|
|t:|1759041102
|switch|p2a: Raging Bolt|Raging Bolt|100/100
|move|p1a: Corviknight|U-turn|p2a: Raging Bolt
|-damage|p2a: Raging Bolt|86/100
|
|t:|1759041105
|switch|p1a: Fezandipiti|Fezandipiti, M|100/100|[from] U-turn
|
|upkeep
|turn|21
|
|t:|1759041110
|-end|p2a: Raging Bolt|Protosynthesis|[silent]
|switch|p2a: Walking Wake|Walking Wake, tera:Fairy|43/100
|move|p1a: Fezandipiti|Play Rough|p2a: Walking Wake
|-damage|p2a: Walking Wake|12/100
|-status|p2a: Walking Wake|tox|[from] ability: Toxic Chain|[of] p1a: Fezandipiti
|
|-damage|p2a: Walking Wake|5/100 tox|[from] psn
|upkeep
|turn|22
|-message|Hurricane_Slash forfeited.
|
|win|xklootzakx
|raw|xklootzakx's rating: 1391 &rarr; <strong>1414</strong><br />(+23 for winning)
|raw|Hurricane_Slash's rating: 1450 &rarr; <strong>1427</strong><br />(-23 for losing)
|l|☆Hurricane_Slash
|player|p2|
|l|☆xklootzakx
|player|p1|
