|j|☆LikeEmerald
|j|☆RK Earth 9000
|t:|1759075010
|gametype|singles
|player|p1|LikeEmerald|265|1101
|player|p2|RK Earth 9000|volkner|1110
|gen|9
|tier|[Gen 9] OU
|rated|
|rule|HP Percentage Mod: HP is shown in percentages
|rule|Endless Battle Clause: Forcing endless battles is banned
|rule|Species Clause: Limit one of each Pokémon
|rule|OHKO Clause: OHKO moves are banned
|rule|Evasion Items Clause: Evasion items are banned
|rule|Evasion Moves Clause: Evasion moves are banned
|rule|Evasion Abilities Clause: Evasion abilities are banned
|rule|Sleep Moves Clause: Sleep-inducing moves are banned
|clearpoke
|poke|p1|Deoxys-Speed|
|poke|p1|Pikachu, M|
|poke|p1|Moltres|
|poke|p1|Haunter, F|
|poke|p1|Hydrapple, M|
|poke|p1|Empoleon, F|
|poke|p2|Primeape, M|
|poke|p2|Ribombee, M|
|poke|p2|Tentacruel, M|
|poke|p2|Landorus-Therian, M|
|poke|p2|Incineroar, F|
|poke|p2|Meowscarada, M|
|teampreview
|j| venomania
|
|t:|1759075025
|teamsize|p1|6
|teamsize|p2|6
|start
|switch|p1a: Deoxys|Deoxys-Speed|100/100
|switch|p2a: Tentacruel|Tentacruel, M|100/100
|-ability|p1a: Deoxys|Pressure
|turn|1
|
|t:|1759075034
|switch|p2a: Incineroar|Incineroar, F, shiny|100/100
|-ability|p2a: Incineroar|Intimidate|boost
|-unboost|p1a: Deoxys|atk|1
|move|p1a: Deoxys|Stealth Rock|p2a: Incineroar
|-sidestart|p2: RK Earth 9000|move: Stealth Rock
|
|upkeep
|turn|2
|
|t:|1759075042
|switch|p1a: Moltres|Moltres|100/100
|move|p2a: Incineroar|Knock Off|p1a: Moltres
|-damage|p1a: Moltres|56/100
|-enditem|p1a: Moltres|Heavy-Duty Boots|[from] move: Knock Off|[of] p2a: Incineroar
|
|upkeep
|turn|3
|
|t:|1759075051
|move|p1a: Moltres|Roost|p1a: Moltres
|-heal|p1a: Moltres|100/100
|-singleturn|p1a: Moltres|move: Roost
|move|p2a: Incineroar|Parting Shot|p1a: Moltres
|-unboost|p1a: Moltres|atk|1
|-unboost|p1a: Moltres|spa|1
|
|t:|1759075058
|switch|p2a: Tentacruel|Tentacruel, M|100/100|[from] Parting Shot
|-damage|p2a: Tentacruel|88/100|[from] Stealth Rock
|
|-heal|p2a: Tentacruel|94/100|[from] item: Leftovers
|upkeep
|turn|4
|
|t:|1759075069
|switch|p2a: Landorus|Landorus-Therian, M, shiny|100/100
|-damage|p2a: Landorus|88/100|[from] Stealth Rock
|-ability|p2a: Landorus|Intimidate|boost
|-unboost|p1a: Moltres|atk|1
|switch|p1a: Haunter|Haunter, F|100/100
|
|upkeep
|turn|5
|
|t:|1759075081
|move|p2a: Landorus|Stealth Rock|p1a: Haunter
|-sidestart|p1: LikeEmerald|move: Stealth Rock
|move|p1a: Haunter|Toxic|p2a: Landorus
|-status|p2a: Landorus|tox
|
|-damage|p2a: Landorus|82/100 tox|[from] psn
|upkeep
|turn|6
|
|t:|1759075090
|switch|p2a: Tentacruel|Tentacruel, M|94/100
|-damage|p2a: Tentacruel|82/100|[from] Stealth Rock
|move|p1a: Haunter|Icy Wind|p2a: Tentacruel
|-resisted|p2a: Tentacruel
|-damage|p2a: Tentacruel|77/100
|-unboost|p2a: Tentacruel|spe|1
|
|-heal|p2a: Tentacruel|83/100|[from] item: Leftovers
|upkeep
|turn|7
|
|t:|1759075104
|move|p1a: Haunter|Will-O-Wisp|p2a: Tentacruel
|-status|p2a: Tentacruel|brn
|move|p2a: Tentacruel|Knock Off|p1a: Haunter
|-supereffective|p1a: Haunter
|-damage|p1a: Haunter|78/100
|-enditem|p1a: Haunter|Eviolite|[from] move: Knock Off|[of] p2a: Tentacruel
|
|-heal|p2a: Tentacruel|89/100 brn|[from] item: Leftovers
|-damage|p2a: Tentacruel|83/100 brn|[from] brn
|upkeep
|turn|8
|
|t:|1759075122
|move|p1a: Haunter|Toxic Spikes|p2a: Tentacruel
|-sidestart|p2: RK Earth 9000|move: Toxic Spikes
|move|p2a: Tentacruel|Surf|p1a: Haunter
|-damage|p1a: Haunter|29/100
|
|-heal|p2a: Tentacruel|89/100 brn|[from] item: Leftovers
|-damage|p2a: Tentacruel|83/100 brn|[from] brn
|upkeep
|turn|9
|
|t:|1759075140
|switch|p1a: Empoleon|Empoleon, F|100/100
|-damage|p1a: Empoleon|94/100|[from] Stealth Rock
|switch|p2a: Landorus|Landorus-Therian, M, shiny|82/100 tox
|-damage|p2a: Landorus|70/100 tox|[from] Stealth Rock
|-ability|p2a: Landorus|Intimidate|boost
|-unboost|p1a: Empoleon|atk|1
|-ability|p1a: Empoleon|Competitive|boost
|-boost|p1a: Empoleon|spa|2
|
|-damage|p2a: Landorus|64/100 tox|[from] psn
|upkeep
|turn|10
|
|t:|1759075155
|-terastallize|p1a: Empoleon|Water
|move|p2a: Landorus|Earth Power|p1a: Empoleon
|-damage|p1a: Empoleon|30/100
|move|p1a: Empoleon|Agility|p1a: Empoleon
|-boost|p1a: Empoleon|spe|2
|
|-damage|p2a: Landorus|52/100 tox|[from] psn
|upkeep
|turn|11
|
|t:|1759075167
|switch|p2a: Tentacruel|Tentacruel, M|83/100 brn
|-damage|p2a: Tentacruel|70/100 brn|[from] Stealth Rock
|-sideend|p2: RK Earth 9000|move: Toxic Spikes|[of] p2a: Tentacruel
|move|p1a: Empoleon|Surf|p2a: Tentacruel
|-resisted|p2a: Tentacruel
|-damage|p2a: Tentacruel|19/100 brn
|
|-heal|p2a: Tentacruel|25/100 brn|[from] item: Leftovers
|-damage|p2a: Tentacruel|19/100 brn|[from] brn
|upkeep
|turn|12
|
|t:|1759075182
|move|p1a: Empoleon|Surf|p2a: Tentacruel
|-resisted|p2a: Tentacruel
|-damage|p2a: Tentacruel|0 fnt
|faint|p2a: Tentacruel
|
|upkeep
|
|t:|1759075188
|switch|p2a: Incineroar|Incineroar, F, shiny|100/100
|-damage|p2a: Incineroar|75/100|[from] Stealth Rock
|-ability|p2a: Incineroar|Intimidate|boost
|-unboost|p1a: Empoleon|atk|1
|-ability|p1a: Empoleon|Competitive|boost
|-boost|p1a: Empoleon|spa|2
|turn|13
|
|t:|1759075200
|move|p2a: Incineroar|Fake Out|p1a: Empoleon
|-damage|p1a: Empoleon|13/100
|cant|p1a: Empoleon|flinch
|
|upkeep
|turn|14
|
|t:|1759075211
|switch|p2a: Meowscarada|Meowscarada, M|100/100
|-damage|p2a: Meowscarada|88/100|[from] Stealth Rock
|move|p1a: Empoleon|Surf|p2a: Meowscarada
|-resisted|p2a: Meowscarada
|-damage|p2a: Meowscarada|0 fnt
|faint|p2a: Meowscarada
|
|upkeep
|
|t:|1759075221
|switch|p2a: Incineroar|Incineroar, F, shiny|75/100
|-damage|p2a: Incineroar|50/100|[from] Stealth Rock
|-ability|p2a: Incineroar|Intimidate|boost
|-unboost|p1a: Empoleon|atk|1
|-ability|p1a: Empoleon|Competitive|boost
|-boost|p1a: Empoleon|spa|2
|-enditem|p2a: Incineroar|Sitrus Berry|[eat]
|-heal|p2a: Incineroar|75/100|[from] item: Sitrus Berry
|turn|15
|
|t:|1759075229
|move|p2a: Incineroar|Fake Out|p1a: Empoleon
|-damage|p1a: Empoleon|0 fnt
|faint|p1a: Empoleon
|
|upkeep
|
|t:|1759075232
|switch|p1a: Haunter|Haunter, F|29/100
|-damage|p1a: Haunter|17/100|[from] Stealth Rock
|turn|16
|
|t:|1759075238
|move|p1a: Haunter|Toxic Spikes|p2a: Incineroar
|-sidestart|p2: RK Earth 9000|move: Toxic Spikes
|move|p2a: Incineroar|Knock Off|p1a: Haunter
|-supereffective|p1a: Haunter
|-damage|p1a: Haunter|0 fnt
|faint|p1a: Haunter
|
|upkeep
|
|t:|1759075245
|switch|p1a: Deoxys|Deoxys-Speed|100/100
|-damage|p1a: Deoxys|88/100|[from] Stealth Rock
|-ability|p1a: Deoxys|Pressure
|turn|17
|
|t:|1759075252
|move|p1a: Deoxys|Superpower|p2a: Incineroar
|-supereffective|p2a: Incineroar
|-crit|p2a: Incineroar
|-damage|p2a: Incineroar|0 fnt
|-unboost|p1a: Deoxys|atk|1
|-unboost|p1a: Deoxys|def|1
|faint|p2a: Incineroar
|
|upkeep
|
|t:|1759075259
|switch|p2a: Landorus|Landorus-Therian, M, shiny|52/100 tox
|-damage|p2a: Landorus|40/100 tox|[from] Stealth Rock
|-ability|p2a: Landorus|Intimidate|boost
|-unboost|p1a: Deoxys|atk|1
|turn|18
|
|t:|1759075265
|move|p1a: Deoxys|Psycho Boost|p2a: Landorus
|-damage|p2a: Landorus|0 fnt
|-unboost|p1a: Deoxys|spa|2
|faint|p2a: Landorus
|
|upkeep
|
|t:|1759075273
|switch|p2a: Ribombee|Ribombee, M|100/100
|-damage|p2a: Ribombee|76/100|[from] Stealth Rock
|-status|p2a: Ribombee|psn
|turn|19
|
|t:|1759075283
|switch|p1a: Moltres|Moltres|100/100
|-damage|p1a: Moltres|51/100|[from] Stealth Rock
|-terastallize|p2a: Ribombee|Bug
|move|p2a: Ribombee|Bug Buzz|p1a: Moltres
|-resisted|p1a: Moltres
|-damage|p1a: Moltres|30/100
|
|-damage|p2a: Ribombee|63/100 psn|[from] psn
|upkeep
|turn|20
|
|t:|1759075301
|switch|p2a: Primeape|Primeape, M, shiny|100/100
|-damage|p2a: Primeape|95/100|[from] Stealth Rock
|-status|p2a: Primeape|psn
|move|p1a: Moltres|Flamethrower|p2a: Primeape
|-damage|p2a: Primeape|66/100 psn
|
|-damage|p2a: Primeape|54/100 psn|[from] psn
|upkeep
|turn|21
|
|t:|1759075311
|move|p1a: Moltres|Air Slash|p2a: Primeape
|-supereffective|p2a: Primeape
|-damage|p2a: Primeape|9/100 psn
|cant|p2a: Primeape|flinch
|
|-damage|p2a: Primeape|0 fnt|[from] psn
|faint|p2a: Primeape
|upkeep
|-message|RK Earth 9000 forfeited.
|
|win|LikeEmerald
|raw|LikeEmerald's rating: 1101 &rarr; <strong>1127</strong><br />(+26 for winning)
|raw|RK Earth 9000's rating: 1110 &rarr; <strong>1084</strong><br />(-26 for losing)
|l|☆RK Earth 9000
|player|p2|
|l| venomania
