|j|☆Sauronikov
|j|☆Swolecandy
|t:|1759004472
|gametype|singles
|player|p1|Sauronikov|265|1200
|player|p2|Swolecandy|170|1207
|gen|9
|tier|[Gen 9] OU
|rated|
|rule|HP Percentage Mod: HP is shown in percentages
|rule|Endless Battle Clause: Forcing endless battles is banned
|rule|Species Clause: Limit one of each Pokémon
|rule|OHKO Clause: OHKO moves are banned
|rule|Evasion Items Clause: Evasion items are banned
|rule|Evasion Moves Clause: Evasion moves are banned
|rule|Evasion Abilities Clause: Evasion abilities are banned
|rule|Sleep Moves Clause: Sleep-inducing moves are banned
|clearpoke
|poke|p1|Grimmsnarl, M|
|poke|p1|Rhyperior, F|
|poke|p1|Revavroom, F|
|poke|p1|Torterra, M|
|poke|p1|Feraligatr, M|
|poke|p1|Falinks|
|poke|p2|Garganacl, F|
|poke|p2|Dragapult, F|
|poke|p2|Ogerpon-Wellspring, F|
|poke|p2|Moltres|
|poke|p2|Zamazenta-*|
|poke|p2|Iron Treads|
|teampreview
|
|t:|1759004479
|teamsize|p1|6
|teamsize|p2|6
|start
|switch|p1a: Grimmsnarl|Grimmsnarl, M, shiny|100/100
|switch|p2a: Iron Treads|Iron Treads|100/100
|turn|1
|
|t:|1759004489
|move|p1a: Grimmsnarl|Taunt|p2a: Iron Treads
|-start|p2a: Iron Treads|move: Taunt
|move|p2a: Iron Treads|Knock Off|p1a: Grimmsnarl
|-resisted|p1a: Grimmsnarl
|-damage|p1a: Grimmsnarl|95/100
|-enditem|p1a: Grimmsnarl|Light Clay|[from] move: Knock Off|[of] p2a: Iron Treads
|
|upkeep
|turn|2
|
|t:|1759004501
|move|p1a: Grimmsnarl|Parting Shot|p2a: Iron Treads
|-unboost|p2a: Iron Treads|atk|1
|-unboost|p2a: Iron Treads|spa|1
|
|t:|1759004503
|switch|p1a: Rhyperior|Rhyperior, F, shiny|100/100|[from] Parting Shot
|move|p2a: Iron Treads|Rapid Spin|p1a: Rhyperior
|-resisted|p1a: Rhyperior
|-damage|p1a: Rhyperior|98/100
|-boost|p2a: Iron Treads|spe|1
|
|upkeep
|turn|3
|
|t:|1759004521
|-end|p2a: Iron Treads|Quark Drive|[silent]
|switch|p2a: Ogerpon|Ogerpon-Wellspring, F|100/100
|move|p1a: Rhyperior|Rock Polish|p1a: Rhyperior
|-boost|p1a: Rhyperior|spe|2
|
|upkeep
|turn|4
|
|t:|1759004528
|-terastallize|p1a: Rhyperior|Fire
|move|p1a: Rhyperior|Heat Crash|p2a: Ogerpon
|-damage|p2a: Ogerpon|26/100
|move|p2a: Ogerpon|Trailblaze|p1a: Rhyperior
|-resisted|p1a: Rhyperior
|-damage|p1a: Rhyperior|87/100
|-boost|p2a: Ogerpon|spe|1
|
|upkeep
|turn|5
|inactive|Battle timer is ON: inactive players will automatically lose when time's up. (requested by Sauronikov)
|
|t:|1759004586
|move|p2a: Ogerpon|Ivy Cudgel|p1a: Rhyperior|[anim] Ivy Cudgel Water
|-supereffective|p1a: Rhyperior
|-crit|p1a: Rhyperior
|-damage|p1a: Rhyperior|0 fnt
|faint|p1a: Rhyperior
|
|upkeep
|
|t:|1759004596
|switch|p1a: Grimmsnarl|Grimmsnarl, M, shiny|95/100
|turn|6
|
|t:|1759004603
|move|p1a: Grimmsnarl|Reflect|p1a: Grimmsnarl
|-sidestart|p1: Sauronikov|Reflect
|move|p2a: Ogerpon|Synthesis|p2a: Ogerpon
|-heal|p2a: Ogerpon|76/100
|
|upkeep
|turn|7
|
|t:|1759004608
|move|p1a: Grimmsnarl|Parting Shot|p2a: Ogerpon
|-unboost|p2a: Ogerpon|atk|1
|-unboost|p2a: Ogerpon|spa|1
|
|t:|1759004612
|switch|p1a: Feraligatr|Feraligatr, M|100/100|[from] Parting Shot
|move|p2a: Ogerpon|Swords Dance|p2a: Ogerpon
|-boost|p2a: Ogerpon|atk|2
|
|upkeep
|turn|8
|
|t:|1759004624
|move|p2a: Ogerpon|Ivy Cudgel|p1a: Feraligatr|[anim] Ivy Cudgel Water
|-resisted|p1a: Feraligatr
|-damage|p1a: Feraligatr|80/100
|move|p1a: Feraligatr|Dragon Dance|p1a: Feraligatr
|-boost|p1a: Feraligatr|atk|1
|-boost|p1a: Feraligatr|spe|1
|
|upkeep
|turn|9
|
|t:|1759004631
|move|p2a: Ogerpon|Trailblaze|p1a: Feraligatr
|-supereffective|p1a: Feraligatr
|-damage|p1a: Feraligatr|35/100
|-boost|p2a: Ogerpon|spe|1
|-enditem|p1a: Feraligatr|Weakness Policy
|-boost|p1a: Feraligatr|atk|2|[from] item: Weakness Policy
|-boost|p1a: Feraligatr|spa|2|[from] item: Weakness Policy
|move|p1a: Feraligatr|Dragon Dance|p1a: Feraligatr
|-boost|p1a: Feraligatr|atk|1
|-boost|p1a: Feraligatr|spe|1
|
|upkeep
|turn|10
|
|t:|1759004642
|move|p2a: Ogerpon|Ivy Cudgel|p1a: Feraligatr|[anim] Ivy Cudgel Water
|-resisted|p1a: Feraligatr
|-damage|p1a: Feraligatr|14/100
|move|p1a: Feraligatr|Rock Slide|p2a: Ogerpon
|-damage|p2a: Ogerpon|0 fnt
|faint|p2a: Ogerpon
|
|-sideend|p1: Sauronikov|Reflect
|upkeep
|inactive|Swolecandy has 120 seconds left.
|
|t:|1759004679
|switch|p2a: Zamazenta|Zamazenta|100/100
|-ability|p2a: Zamazenta|Dauntless Shield|boost
|-boost|p2a: Zamazenta|def|1
|turn|11
|
|t:|1759004690
|move|p1a: Feraligatr|Liquidation|p2a: Zamazenta
|-damage|p2a: Zamazenta|5/100
|move|p2a: Zamazenta|Close Combat|p1a: Feraligatr
|-damage|p1a: Feraligatr|0 fnt
|-unboost|p2a: Zamazenta|def|1
|-unboost|p2a: Zamazenta|spd|1
|faint|p1a: Feraligatr
|
|upkeep
|
|t:|1759004695
|switch|p1a: Grimmsnarl|Grimmsnarl, M, shiny|95/100
|turn|12
|inactive|Swolecandy has 120 seconds left.
|
|t:|1759004707
|move|p1a: Grimmsnarl|Reflect|p1a: Grimmsnarl
|-sidestart|p1: Sauronikov|Reflect
|move|p2a: Zamazenta|Close Combat|p1a: Grimmsnarl
|-damage|p1a: Grimmsnarl|63/100
|-unboost|p2a: Zamazenta|def|1
|-unboost|p2a: Zamazenta|spd|1
|
|upkeep
|turn|13
|inactive|Swolecandy has 120 seconds left.
|
|t:|1759004723
|switch|p2a: Iron Treads|Iron Treads|100/100
|move|p1a: Grimmsnarl|Parting Shot|p2a: Iron Treads
|-unboost|p2a: Iron Treads|atk|1
|-unboost|p2a: Iron Treads|spa|1
|
|t:|1759004726
|switch|p1a: Torterra|Torterra, M|100/100|[from] Parting Shot
|
|upkeep
|turn|14
|inactive|Swolecandy has 120 seconds left.
|
|t:|1759004745
|-end|p2a: Iron Treads|Quark Drive|[silent]
|switch|p2a: Garganacl|Garganacl, F|100/100
|move|p1a: Torterra|Shell Smash|p1a: Torterra
|-unboost|p1a: Torterra|def|1
|-unboost|p1a: Torterra|spd|1
|-boost|p1a: Torterra|atk|2
|-boost|p1a: Torterra|spa|2
|-boost|p1a: Torterra|spe|2
|
|upkeep
|turn|15
|
|t:|1759004755
|move|p1a: Torterra|Bullet Seed|p2a: Garganacl
|-supereffective|p2a: Garganacl
|-damage|p2a: Garganacl|68/100
|-supereffective|p2a: Garganacl
|-damage|p2a: Garganacl|30/100
|-supereffective|p2a: Garganacl
|-crit|p2a: Garganacl
|-damage|p2a: Garganacl|0 fnt
|faint|p2a: Garganacl
|-hitcount|p2: Garganacl|3
|
|upkeep
|
|t:|1759004772
|switch|p2a: Moltres|Moltres|100/100
|turn|16
|
|t:|1759004775
|move|p1a: Torterra|Rock Blast|p2a: Moltres|[miss]
|-miss|p1a: Torterra|p2a: Moltres
|move|p2a: Moltres|Roar|p1a: Torterra
|drag|p1a: Revavroom|Revavroom, F, shiny|100/100
|
|-sideend|p1: Sauronikov|Reflect
|upkeep
|turn|17
|inactive|Swolecandy has 120 seconds left.
|
|t:|1759004784
|move|p2a: Moltres|Flamethrower|p1a: Revavroom
|-supereffective|p1a: Revavroom
|-damage|p1a: Revavroom|25/100
|-enditem|p1a: Revavroom|Weakness Policy
|-boost|p1a: Revavroom|atk|2|[from] item: Weakness Policy
|-boost|p1a: Revavroom|spa|2|[from] item: Weakness Policy
|move|p1a: Revavroom|Shift Gear|p1a: Revavroom
|-boost|p1a: Revavroom|spe|2
|-boost|p1a: Revavroom|atk|1
|
|upkeep
|turn|18
|inactive|Swolecandy has 120 seconds left.
|
|t:|1759004796
|move|p1a: Revavroom|Gunk Shot|p2a: Moltres
|-damage|p2a: Moltres|0 fnt
|faint|p2a: Moltres
|
|upkeep
|inactive|Swolecandy has 120 seconds left.
|
|t:|1759004811
|switch|p2a: Dragapult|Dragapult, F|100/100
|turn|19
|inactive|Swolecandy has 120 seconds left.
|
|t:|1759004825
|move|p1a: Revavroom|Gunk Shot|p2a: Dragapult
|-resisted|p2a: Dragapult
|-damage|p2a: Dragapult|0 fnt
|faint|p2a: Dragapult
|
|upkeep
|
|t:|1759004830
|switch|p2a: Iron Treads|Iron Treads|100/100
|turn|20
|
|t:|1759004835
|move|p1a: Revavroom|High Horsepower|p2a: Iron Treads
|-supereffective|p2a: Iron Treads
|-damage|p2a: Iron Treads|0 fnt
|faint|p2a: Iron Treads
|-end|p2a: Iron Treads|Quark Drive|[silent]
|
|upkeep
|
|t:|1759004841
|switch|p2a: Zamazenta|Zamazenta|5/100
|turn|21
|
|t:|1759004846
|move|p1a: Revavroom|Temper Flare|p2a: Zamazenta
|-damage|p2a: Zamazenta|0 fnt
|faint|p2a: Zamazenta
|
|win|Sauronikov
|raw|Sauronikov's rating: 1200 &rarr; <strong>1226</strong><br />(+26 for winning)
|raw|Swolecandy's rating: 1207 &rarr; <strong>1181</strong><br />(-26 for losing)
|l|☆Sauronikov
|player|p1|
|l|☆Swolecandy
|player|p2|
