|j|☆STRONGPPMAIN6969
|j|☆DavyDXebecc
|t:|1759039198
|gametype|singles
|player|p1|STRONGPPMAIN6969|clown|1647
|player|p2|DavyDXebecc|169|1561
|gen|9
|tier|[Gen 9] OU
|rated|
|rule|HP Percentage Mod: HP is shown in percentages
|rule|Endless Battle Clause: Forcing endless battles is banned
|rule|Species Clause: Limit one of each Pokémon
|rule|OHKO Clause: OHKO moves are banned
|rule|Evasion Items Clause: Evasion items are banned
|rule|Evasion Moves Clause: Evasion moves are banned
|rule|Evasion Abilities Clause: Evasion abilities are banned
|rule|Sleep Moves Clause: Sleep-inducing moves are banned
|clearpoke
|poke|p1|Pecharunt|
|poke|p1|Great Tusk|
|poke|p1|Ogerpon-Wellspring, F|
|poke|p1|Iron Crown|
|poke|p1|Landorus-Therian, M|
|poke|p1|Samurott-Hisui, M|
|poke|p2|Gholdengo|
|poke|p2|Toxapex, F|
|poke|p2|Landorus-Therian, M|
|poke|p2|Mimikyu, M|
|poke|p2|Cinderace, M|
|poke|p2|Clefable, F|
|teampreview
|inactive|Battle timer is ON: inactive players will automatically lose when time's up. (requested by DavyDXebecc)
|
|t:|1759039221
|teamsize|p1|6
|teamsize|p2|6
|start
|switch|p1a: Landorus|Landorus-Therian, M|100/100
|switch|p2a: Landorus|Landorus-Therian, M|100/100
|-ability|p1a: Landorus|Intimidate|boost
|-unboost|p2a: Landorus|atk|1
|-ability|p2a: Landorus|Intimidate|boost
|-unboost|p1a: Landorus|atk|1
|turn|1
|
|t:|1759039233
|move|p1a: Landorus|U-turn|p2a: Landorus
|-resisted|p2a: Landorus
|-damage|p2a: Landorus|92/100
|
|t:|1759039235
|switch|p1a: Great Tusk|Great Tusk|100/100|[from] U-turn
|-enditem|p1a: Great Tusk|Booster Energy
|-activate|p1a: Great Tusk|ability: Protosynthesis|[fromitem]
|-start|p1a: Great Tusk|protosynthesisspe
|move|p2a: Landorus|U-turn|p1a: Great Tusk
|-resisted|p1a: Great Tusk
|-damage|p1a: Great Tusk|96/100
|
|t:|1759039248
|switch|p2a: Toxapex|Toxapex, F|100/100|[from] U-turn
|
|upkeep
|turn|2
|
|t:|1759039252
|move|p1a: Great Tusk|Headlong Rush|p2a: Toxapex
|-supereffective|p2a: Toxapex
|-damage|p2a: Toxapex|14/100
|-unboost|p1a: Great Tusk|def|1
|-unboost|p1a: Great Tusk|spd|1
|move|p2a: Toxapex|Toxic|p1a: Great Tusk
|-status|p1a: Great Tusk|tox
|
|-heal|p2a: Toxapex|20/100|[from] item: Leftovers
|-damage|p1a: Great Tusk|90/100 tox|[from] psn
|upkeep
|turn|3
|
|t:|1759039264
|move|p2a: Toxapex|Baneful Bunker|p2a: Toxapex
|-singleturn|p2a: Toxapex|move: Protect
|move|p1a: Great Tusk|Stealth Rock|p2a: Toxapex
|-sidestart|p2: DavyDXebecc|move: Stealth Rock
|
|-heal|p2a: Toxapex|26/100|[from] item: Leftovers
|-damage|p1a: Great Tusk|78/100 tox|[from] psn
|upkeep
|turn|4
|
|t:|1759039275
|switch|p2a: Landorus|Landorus-Therian, M|92/100
|-damage|p2a: Landorus|80/100|[from] Stealth Rock
|-ability|p2a: Landorus|Intimidate|boost
|-unboost|p1a: Great Tusk|atk|1
|move|p1a: Great Tusk|Knock Off|p2a: Landorus
|-damage|p2a: Landorus|63/100
|-enditem|p2a: Landorus|Leftovers|[from] move: Knock Off|[of] p1a: Great Tusk
|
|-damage|p1a: Great Tusk|59/100 tox|[from] psn
|upkeep
|turn|5
|
|t:|1759039286
|-end|p1a: Great Tusk|Protosynthesis|[silent]
|switch|p1a: Ogerpon|Ogerpon-Wellspring, F|100/100
|switch|p2a: Toxapex|Toxapex, F|59/100
|-damage|p2a: Toxapex|47/100|[from] Stealth Rock
|
|-heal|p2a: Toxapex|53/100|[from] item: Leftovers
|upkeep
|turn|6
|
|t:|1759039298
|switch|p1a: Iron Crown|Iron Crown|100/100
|move|p2a: Toxapex|Toxic|p1a: Iron Crown
|-immune|p1a: Iron Crown
|
|-heal|p2a: Toxapex|59/100|[from] item: Leftovers
|upkeep
|turn|7
|
|t:|1759039306
|move|p2a: Toxapex|Baneful Bunker|p2a: Toxapex
|-singleturn|p2a: Toxapex|move: Protect
|move|p1a: Iron Crown|Psyshock|p2a: Toxapex
|-activate|p2a: Toxapex|move: Protect
|
|-heal|p2a: Toxapex|66/100|[from] item: Leftovers
|upkeep
|turn|8
|
|t:|1759039315
|-end|p1a: Iron Crown|Quark Drive|[silent]
|switch|p1a: Samurott|Samurott-Hisui, M|100/100
|switch|p2a: Gholdengo|Gholdengo|100/100
|-damage|p2a: Gholdengo|94/100|[from] Stealth Rock
|
|upkeep
|turn|9
|
|t:|1759039324
|switch|p2a: Toxapex|Toxapex, F|99/100
|-damage|p2a: Toxapex|86/100|[from] Stealth Rock
|move|p1a: Samurott|Ceaseless Edge|p2a: Toxapex
|-damage|p2a: Toxapex|50/100
|-sidestart|p2: DavyDXebecc|Spikes
|
|-heal|p2a: Toxapex|57/100|[from] item: Leftovers
|upkeep
|turn|10
|
|t:|1759039334
|move|p2a: Toxapex|Baneful Bunker|p2a: Toxapex
|-singleturn|p2a: Toxapex|move: Protect
|move|p1a: Samurott|Ceaseless Edge|p2a: Toxapex
|-activate|p2a: Toxapex|move: Protect
|-status|p1a: Samurott|psn
|
|-heal|p2a: Toxapex|63/100|[from] item: Leftovers
|-damage|p1a: Samurott|88/100 psn|[from] psn
|upkeep
|turn|11
|
|t:|1759039344
|move|p1a: Samurott|Ceaseless Edge|p2a: Toxapex
|-crit|p2a: Toxapex
|-damage|p2a: Toxapex|8/100
|-sidestart|p2: DavyDXebecc|Spikes
|move|p2a: Toxapex|Recover|p2a: Toxapex
|-heal|p2a: Toxapex|58/100
|
|-heal|p2a: Toxapex|64/100|[from] item: Leftovers
|-damage|p1a: Samurott|76/100 psn|[from] psn
|upkeep
|turn|12
|
|t:|1759039354
|switch|p1a: Iron Crown|Iron Crown|100/100
|move|p2a: Toxapex|Recover|p2a: Toxapex
|-heal|p2a: Toxapex|100/100
|
|upkeep
|turn|13
|
|t:|1759039359
|move|p2a: Toxapex|Baneful Bunker|p2a: Toxapex
|-singleturn|p2a: Toxapex|move: Protect
|move|p1a: Iron Crown|Volt Switch|p2a: Toxapex
|-activate|p2a: Toxapex|move: Protect
|
|upkeep
|turn|14
|
|t:|1759039368
|-end|p1a: Iron Crown|Quark Drive|[silent]
|switch|p1a: Ogerpon|Ogerpon-Wellspring, F|100/100
|move|p2a: Toxapex|Surf|p1a: Ogerpon
|-immune|p1a: Ogerpon|[from] ability: Water Absorb
|
|upkeep
|turn|15
|
|t:|1759039374
|move|p1a: Ogerpon|Swords Dance|p1a: Ogerpon
|-boost|p1a: Ogerpon|atk|2
|move|p2a: Toxapex|Toxic|p1a: Ogerpon
|-status|p1a: Ogerpon|tox
|
|-damage|p1a: Ogerpon|94/100 tox|[from] psn
|upkeep
|turn|16
|
|t:|1759039388
|move|p2a: Toxapex|Baneful Bunker|p2a: Toxapex
|-singleturn|p2a: Toxapex|move: Protect
|move|p1a: Ogerpon|Swords Dance|p1a: Ogerpon
|-boost|p1a: Ogerpon|atk|2
|
|-damage|p1a: Ogerpon|82/100 tox|[from] psn
|upkeep
|turn|17
|
|t:|1759039397
|switch|p2a: Landorus|Landorus-Therian, M|63/100
|-damage|p2a: Landorus|51/100|[from] Stealth Rock
|-ability|p2a: Landorus|Intimidate|boost
|-unboost|p1a: Ogerpon|atk|1
|move|p1a: Ogerpon|Trailblaze|p2a: Landorus
|-damage|p2a: Landorus|0 fnt
|-boost|p1a: Ogerpon|spe|1
|faint|p2a: Landorus
|
|-damage|p1a: Ogerpon|64/100 tox|[from] psn
|upkeep
|
|t:|1759039410
|switch|p2a: Mimikyu|Mimikyu, M|100/100
|-damage|p2a: Mimikyu|88/100|[from] Stealth Rock
|-damage|p2a: Mimikyu|72/100|[from] Spikes
|turn|18
|
|t:|1759039425
|move|p1a: Ogerpon|Trailblaze|p2a: Mimikyu
|-activate|p2a: Mimikyu|ability: Disguise
|-damage|p2a: Mimikyu|72/100
|-boost|p1a: Ogerpon|spe|1
|detailschange|p2a: Mimikyu|Mimikyu-Busted, M
|-damage|p2a: Mimikyu|59/100|[from] pokemon: Mimikyu-Busted
|move|p2a: Mimikyu|Shadow Claw|p1a: Ogerpon
|-damage|p1a: Ogerpon|30/100 tox
|-damage|p2a: Mimikyu|50/100|[from] item: Life Orb
|
|-damage|p1a: Ogerpon|5/100 tox|[from] psn
|upkeep
|turn|19
|
|t:|1759039443
|switch|p1a: Landorus|Landorus-Therian, M|100/100
|-ability|p1a: Landorus|Intimidate|boost
|-unboost|p2a: Mimikyu|atk|1
|move|p2a: Mimikyu|Shadow Sneak|p1a: Landorus
|-damage|p1a: Landorus|83/100
|-damage|p2a: Mimikyu|40/100|[from] item: Life Orb
|
|upkeep
|turn|20
|
|t:|1759039452
|move|p1a: Landorus|Earthquake|p2a: Mimikyu
|-damage|p2a: Mimikyu|0 fnt
|faint|p2a: Mimikyu
|
|upkeep
|
|t:|1759039458
|switch|p2a: Toxapex|Toxapex, F|100/100
|-damage|p2a: Toxapex|88/100|[from] Stealth Rock
|-damage|p2a: Toxapex|72/100|[from] Spikes
|turn|21
|
|t:|1759039464
|-terastallize|p2a: Toxapex|Grass
|move|p1a: Landorus|Earthquake|p2a: Toxapex
|-resisted|p2a: Toxapex
|-damage|p2a: Toxapex|51/100
|move|p2a: Toxapex|Toxic|p1a: Landorus
|-status|p1a: Landorus|tox
|
|-heal|p2a: Toxapex|57/100|[from] item: Leftovers
|-damage|p1a: Landorus|77/100 tox|[from] psn
|upkeep
|turn|22
|
|t:|1759039479
|switch|p1a: Pecharunt|Pecharunt|100/100
|switch|p2a: Cinderace|Cinderace, M|100/100
|
|upkeep
|turn|23
|
|t:|1759039492
|move|p2a: Cinderace|Court Change|p2a: Cinderace
|-start|p2a: Cinderace|typechange|Normal|[from] ability: Libero
|-swapsideconditions
|-activate|p2a: Cinderace|move: Court Change
|move|p1a: Pecharunt|Malignant Chain|p2a: Cinderace
|-damage|p2a: Cinderace|58/100
|
|upkeep
|turn|24
|
|t:|1759039500
|move|p2a: Cinderace|U-turn|p1a: Pecharunt
|-resisted|p1a: Pecharunt
|-damage|p1a: Pecharunt|98/100
|-damage|p2a: Cinderace|41/100|[from] item: Rocky Helmet|[of] p1a: Pecharunt
|
|t:|1759039505
|switch|p2a: Gholdengo|Gholdengo|94/100|[from] U-turn
|move|p1a: Pecharunt|Malignant Chain|p2a: Gholdengo
|-immune|p2a: Gholdengo
|
|upkeep
|turn|25
|
|t:|1759039514
|switch|p1a: Ogerpon|Ogerpon-Wellspring, F|5/100 tox
|-damage|p1a: Ogerpon|0 fnt|[from] Stealth Rock
|faint|p1a: Ogerpon
|move|p2a: Gholdengo|Shadow Ball|p1: Ogerpon|[notarget]
|-fail|p2a: Gholdengo
|
|upkeep
|
|t:|1759039532
|switch|p1a: Samurott|Samurott-Hisui, M|76/100 psn
|-damage|p1a: Samurott|63/100 psn|[from] Stealth Rock
|-damage|p1a: Samurott|47/100 psn|[from] Spikes
|turn|26
|
|t:|1759039538
|switch|p2a: Toxapex|Toxapex, F, tera:Grass|90/100
|move|p1a: Samurott|Ceaseless Edge|p2a: Toxapex
|-damage|p2a: Toxapex|51/100
|-sidestart|p2: DavyDXebecc|Spikes
|
|-heal|p2a: Toxapex|57/100|[from] item: Leftovers
|-damage|p1a: Samurott|34/100 psn|[from] psn
|upkeep
|turn|27
|
|t:|1759039549
|switch|p1a: Landorus|Landorus-Therian, M|77/100 tox
|-damage|p1a: Landorus|65/100 tox|[from] Stealth Rock
|-ability|p1a: Landorus|Intimidate|boost
|-unboost|p2a: Toxapex|atk|1
|move|p2a: Toxapex|Baneful Bunker||[still]
|-fail|p2a: Toxapex
|
|-heal|p2a: Toxapex|63/100|[from] item: Leftovers
|-damage|p1a: Landorus|59/100 tox|[from] psn
|upkeep
|turn|28
|
|t:|1759039560
|move|p2a: Toxapex|Baneful Bunker|p2a: Toxapex
|-singleturn|p2a: Toxapex|move: Protect
|move|p1a: Landorus|U-turn|p2a: Toxapex
|-activate|p2a: Toxapex|move: Protect
|
|-heal|p2a: Toxapex|70/100|[from] item: Leftovers
|-damage|p1a: Landorus|47/100 tox|[from] psn
|upkeep
|turn|29
|
|t:|1759039570
|switch|p2a: Gholdengo|Gholdengo|94/100
|-damage|p2a: Gholdengo|82/100|[from] Spikes
|move|p1a: Landorus|U-turn|p2a: Gholdengo
|-resisted|p2a: Gholdengo
|-damage|p2a: Gholdengo|75/100
|
|t:|1759039584
|switch|p1a: Great Tusk|Great Tusk|59/100 tox|[from] U-turn
|-damage|p1a: Great Tusk|56/100 tox|[from] Stealth Rock
|-damage|p1a: Great Tusk|39/100 tox|[from] Spikes
|
|-damage|p1a: Great Tusk|33/100 tox|[from] psn
|upkeep
|turn|30
|
|t:|1759039601
|move|p2a: Gholdengo|Shadow Ball|p1a: Great Tusk
|-damage|p1a: Great Tusk|0 fnt
|faint|p1a: Great Tusk
|-end|p1a: Great Tusk|Protosynthesis|[silent]
|
|upkeep
|
|t:|1759039615
|switch|p1a: Samurott|Samurott-Hisui, M|34/100 psn
|-damage|p1a: Samurott|22/100 psn|[from] Stealth Rock
|-damage|p1a: Samurott|5/100 psn|[from] Spikes
|turn|31
|
|t:|1759039620
|switch|p2a: Clefable|Clefable, F|100/100
|move|p1a: Samurott|Sucker Punch||[still]
|-fail|p1a: Samurott
|
|-damage|p1a: Samurott|0 fnt|[from] psn
|faint|p1a: Samurott
|upkeep
|
|t:|1759039624
|switch|p1a: Iron Crown|Iron Crown|100/100
|-damage|p1a: Iron Crown|94/100|[from] Stealth Rock
|-damage|p1a: Iron Crown|78/100|[from] Spikes
|turn|32
|
|t:|1759039640
|move|p1a: Iron Crown|Volt Switch|p2a: Clefable
|-damage|p2a: Clefable|70/100
|
|t:|1759039643
|-end|p1a: Iron Crown|Quark Drive|[silent]
|switch|p1a: Pecharunt|Pecharunt|98/100|[from] Volt Switch
|-damage|p1a: Pecharunt|85/100|[from] Stealth Rock
|-damage|p1a: Pecharunt|69/100|[from] Spikes
|move|p2a: Clefable|Flamethrower|p1a: Pecharunt
|-damage|p1a: Pecharunt|32/100
|
|upkeep
|turn|33
|
|t:|1759039653
|move|p1a: Pecharunt|Recover|p1a: Pecharunt
|-heal|p1a: Pecharunt|82/100
|move|p2a: Clefable|Ice Beam|p1a: Pecharunt
|-damage|p1a: Pecharunt|44/100
|
|upkeep
|turn|34
|
|t:|1759039660
|move|p1a: Pecharunt|Recover|p1a: Pecharunt
|-heal|p1a: Pecharunt|94/100
|move|p2a: Clefable|Ice Beam|p1a: Pecharunt
|-damage|p1a: Pecharunt|59/100
|
|upkeep
|turn|35
|
|t:|1759039666
|move|p1a: Pecharunt|Malignant Chain|p2a: Clefable
|-supereffective|p2a: Clefable
|-damage|p2a: Clefable|7/100
|-status|p2a: Clefable|tox
|-start|p2a: Clefable|confusion|[from] ability: Poison Puppeteer|[of] p1a: Pecharunt
|-activate|p2a: Clefable|confusion
|move|p2a: Clefable|Ice Beam|p1a: Pecharunt
|-damage|p1a: Pecharunt|21/100
|
|upkeep
|turn|36
|
|t:|1759039679
|move|p1a: Pecharunt|Recover|p1a: Pecharunt
|-heal|p1a: Pecharunt|71/100
|-end|p2a: Clefable|confusion
|move|p2a: Clefable|Ice Beam|p1a: Pecharunt
|-damage|p1a: Pecharunt|33/100
|
|upkeep
|turn|37
|
|t:|1759039687
|move|p1a: Pecharunt|Recover|p1a: Pecharunt
|-heal|p1a: Pecharunt|83/100
|move|p2a: Clefable|Ice Beam|p1a: Pecharunt
|-damage|p1a: Pecharunt|47/100
|
|upkeep
|turn|38
|
|t:|1759039694
|move|p1a: Pecharunt|Recover|p1a: Pecharunt
|-heal|p1a: Pecharunt|97/100
|move|p2a: Clefable|Ice Beam|p1a: Pecharunt
|-crit|p1a: Pecharunt
|-damage|p1a: Pecharunt|45/100
|
|upkeep
|turn|39
|
|t:|1759039701
|move|p1a: Pecharunt|Recover|p1a: Pecharunt
|-heal|p1a: Pecharunt|95/100
|move|p2a: Clefable|Ice Beam|p1a: Pecharunt
|-damage|p1a: Pecharunt|58/100
|
|upkeep
|turn|40
|
|t:|1759039707
|move|p1a: Pecharunt|Malignant Chain|p2a: Clefable
|-supereffective|p2a: Clefable
|-damage|p2a: Clefable|0 fnt
|faint|p2a: Clefable
|
|upkeep
|j| Shucklepilled
|
|t:|1759039716
|switch|p2a: Gholdengo|Gholdengo|75/100
|-damage|p2a: Gholdengo|62/100|[from] Spikes
|turn|41
|
|t:|1759039729
|-terastallize|p1a: Pecharunt|Dark
|move|p2a: Gholdengo|Shadow Ball|p1a: Pecharunt
|-resisted|p1a: Pecharunt
|-damage|p1a: Pecharunt|38/100
|move|p1a: Pecharunt|Foul Play|p2a: Gholdengo
|-supereffective|p2a: Gholdengo
|-damage|p2a: Gholdengo|29/100
|
|upkeep
|turn|42
|
|t:|1759039742
|switch|p2a: Toxapex|Toxapex, F, tera:Grass|100/100
|-damage|p2a: Toxapex|88/100|[from] Spikes
|move|p1a: Pecharunt|Recover|p1a: Pecharunt
|-heal|p1a: Pecharunt|88/100
|
|-heal|p2a: Toxapex|94/100|[from] item: Leftovers
|upkeep
|turn|43
|
|t:|1759039752
|move|p2a: Toxapex|Baneful Bunker|p2a: Toxapex
|-singleturn|p2a: Toxapex|move: Protect
|move|p1a: Pecharunt|Malignant Chain|p2a: Toxapex
|-activate|p2a: Toxapex|move: Protect
|
|-heal|p2a: Toxapex|100/100|[from] item: Leftovers
|upkeep
|turn|44
|
|t:|1759039762
|move|p1a: Pecharunt|Malignant Chain|p2a: Toxapex
|-supereffective|p2a: Toxapex
|-damage|p2a: Toxapex|58/100
|-status|p2a: Toxapex|tox
|-start|p2a: Toxapex|confusion|[from] ability: Poison Puppeteer|[of] p1a: Pecharunt
|-activate|p2a: Toxapex|confusion
|move|p2a: Toxapex|Recover|p2a: Toxapex
|-heal|p2a: Toxapex|100/100 tox
|
|-damage|p2a: Toxapex|94/100 tox|[from] psn
|upkeep
|turn|45
|
|t:|1759039775
|move|p1a: Pecharunt|Parting Shot|p2a: Toxapex
|-unboost|p2a: Toxapex|atk|1
|-unboost|p2a: Toxapex|spa|1
|
|t:|1759039777
|switch|p1a: Iron Crown|Iron Crown|78/100|[from] Parting Shot
|-damage|p1a: Iron Crown|72/100|[from] Stealth Rock
|-damage|p1a: Iron Crown|55/100|[from] Spikes
|-activate|p2a: Toxapex|confusion
|move|p2a: Toxapex|Toxic|p1a: Iron Crown
|-immune|p1a: Iron Crown
|
|-heal|p2a: Toxapex|100/100 tox|[from] item: Leftovers
|-damage|p2a: Toxapex|88/100 tox|[from] psn
|upkeep
|turn|46
|
|t:|1759039789
|move|p1a: Iron Crown|Tachyon Cutter|p2a: Toxapex
|-crit|p2a: Toxapex
|-damage|p2a: Toxapex|55/100 tox
|-damage|p2a: Toxapex|30/100 tox
|-hitcount|p2a: Toxapex|2
|-activate|p2a: Toxapex|confusion
|-damage|p2a: Toxapex|27/100 tox|[from] confusion
|
|-heal|p2a: Toxapex|34/100 tox|[from] item: Leftovers
|-damage|p2a: Toxapex|15/100 tox|[from] psn
|upkeep
|turn|47
|inactive|DavyDXebecc has 120 seconds left.
|
|t:|1759039833
|move|p1a: Iron Crown|Tachyon Cutter|p2a: Toxapex
|-damage|p2a: Toxapex|0 fnt
|faint|p2a: Toxapex
|-hitcount|p2: Toxapex|1
|
|upkeep
|
|t:|1759039845
|switch|p2a: Cinderace|Cinderace, M|41/100
|turn|48
|
|t:|1759039862
|move|p2a: Cinderace|Pyro Ball|p1a: Iron Crown
|-supereffective|p1a: Iron Crown
|-damage|p1a: Iron Crown|0 fnt
|faint|p1a: Iron Crown
|-end|p1a: Iron Crown|Quark Drive|[silent]
|
|upkeep
|
|t:|1759039870
|switch|p1a: Landorus|Landorus-Therian, M|47/100 tox
|-damage|p1a: Landorus|35/100 tox|[from] Stealth Rock
|-ability|p1a: Landorus|Intimidate|boost
|-unboost|p2a: Cinderace|atk|1
|turn|49
|inactive|DavyDXebecc has 120 seconds left.
|
|t:|1759039879
|move|p2a: Cinderace|Sucker Punch|p1a: Landorus
|-start|p2a: Cinderace|typechange|Dark|[from] ability: Libero
|-damage|p1a: Landorus|10/100 tox
|move|p1a: Landorus|Earthquake|p2a: Cinderace
|-damage|p2a: Cinderace|0 fnt
|faint|p2a: Cinderace
|
|-damage|p1a: Landorus|4/100 tox|[from] psn
|upkeep
|inactive|DavyDXebecc has 120 seconds left.
|-message|DavyDXebecc forfeited.
|
|win|STRONGPPMAIN6969
|raw|STRONGPPMAIN6969's rating: 1647 &rarr; <strong>1662</strong><br />(+15 for winning)
|raw|DavyDXebecc's rating: 1561 &rarr; <strong>1546</strong><br />(-15 for losing)
|l|☆DavyDXebecc
|player|p2|
|l|☆STRONGPPMAIN6969
|player|p1|
|j|☆STRONGPPMAIN6969
|player|p1|STRONGPPMAIN6969|clown|
|l|☆STRONGPPMAIN6969
|player|p1|
|l| Shucklepilled
