|j|☆bababeepananda
|j|☆6quesitomx9
|t:|1758960422
|gametype|singles
|player|p1|bababeepananda|palmer|1100
|player|p2|6quesitomx9|preschoolerf|1078
|gen|9
|tier|[Gen 9] OU
|rated|
|rule|HP Percentage Mod: HP is shown in percentages
|rule|Endless Battle Clause: Forcing endless battles is banned
|rule|Species Clause: Limit one of each Pokémon
|rule|OHKO Clause: OHKO moves are banned
|rule|Evasion Items Clause: Evasion items are banned
|rule|Evasion Moves Clause: Evasion moves are banned
|rule|Evasion Abilities Clause: Evasion abilities are banned
|rule|Sleep Moves Clause: Sleep-inducing moves are banned
|clearpoke
|poke|p1|Maushold-Four|
|poke|p1|Ursaluna, M|
|poke|p1|Walking Wake|
|poke|p1|Sinistcha-Masterpiece|
|poke|p1|Braviary-Hisui, M|
|poke|p1|Rotom-Wash|
|poke|p2|Skeledirge, M|
|poke|p2|Iron Valiant|
|poke|p2|Regigigas|
|poke|p2|Great Tusk|
|poke|p2|Glimmora, M|
|poke|p2|Moltres-Galar|
|teampreview
|inactive|Battle timer is ON: inactive players will automatically lose when time's up. (requested by 6quesitomx9)
|inactive|bababeepananda also wants the timer to be on.
|
|t:|1758960429
|teamsize|p1|6
|teamsize|p2|6
|start
|switch|p1a: Rotom|Rotom-Wash|100/100
|switch|p2a: Ohyea|Glimmora, M|100/100
|turn|1
|
|t:|1758960435
|move|p2a: Ohyea|Mortal Spin|p1a: Rotom
|-damage|p1a: Rotom|94/100
|-status|p1a: Rotom|psn
|move|p1a: Rotom|Nasty Plot|p1a: Rotom
|-boost|p1a: Rotom|spa|2
|
|-heal|p1a: Rotom|99/100 psn|[from] item: Leftovers
|-damage|p1a: Rotom|88/100 psn|[from] psn
|upkeep
|turn|2
|
|t:|1758960446
|move|p2a: Ohyea|Stealth Rock|p1a: Rotom
|-sidestart|p1: bababeepananda|move: Stealth Rock
|move|p1a: Rotom|Hydro Pump|p2a: Ohyea
|-supereffective|p2a: Ohyea
|-crit|p2a: Ohyea
|-enditem|p2a: Ohyea|Focus Sash
|-damage|p2a: Ohyea|1/100
|
|-heal|p1a: Rotom|94/100 psn|[from] item: Leftovers
|-damage|p1a: Rotom|82/100 psn|[from] psn
|upkeep
|turn|3
|
|t:|1758960461
|move|p2a: Ohyea|Power Gem|p1a: Rotom
|-damage|p1a: Rotom|37/100 psn
|move|p1a: Rotom|Dark Pulse|p2a: Ohyea
|-crit|p2a: Ohyea
|-damage|p2a: Ohyea|0 fnt
|faint|p2a: Ohyea
|
|-heal|p1a: Rotom|43/100 psn|[from] item: Leftovers
|-damage|p1a: Rotom|31/100 psn|[from] psn
|upkeep
|
|t:|1758960473
|switch|p2a: Th|Great Tusk|100/100
|turn|4
|
|t:|1758960484
|move|p2a: Th|Rapid Spin|p1a: Rotom
|-damage|p1a: Rotom|9/100 psn
|-boost|p2a: Th|spe|1
|move|p1a: Rotom|Hydro Pump|p2a: Th
|-supereffective|p2a: Th
|-damage|p2a: Th|0 fnt
|faint|p2a: Th
|-end|p2a: Th|Protosynthesis|[silent]
|
|-heal|p1a: Rotom|16/100 psn|[from] item: Leftovers
|-damage|p1a: Rotom|3/100 psn|[from] psn
|upkeep
|
|t:|1758960493
|switch|p2a: Bigbird|Moltres-Galar|100/100
|turn|5
|
|t:|1758960498
|move|p2a: Bigbird|Agility|p2a: Bigbird
|-boost|p2a: Bigbird|spe|2
|move|p1a: Rotom|Thunderbolt|p2a: Bigbird
|-supereffective|p2a: Bigbird
|-enditem|p2a: Bigbird|Focus Sash
|-damage|p2a: Bigbird|1/100
|-ability|p2a: Bigbird|Berserk|boost
|-boost|p2a: Bigbird|spa|1
|
|-heal|p1a: Rotom|9/100 psn|[from] item: Leftovers
|-damage|p1a: Rotom|0 fnt|[from] psn
|faint|p1a: Rotom
|upkeep
|c|☆bababeepananda|Y DOES EVERYTHING HV A SASH
|
|t:|1758960524
|switch|p1a: Braviary|Braviary-Hisui, M, shiny|100/100
|-damage|p1a: Braviary|76/100|[from] Stealth Rock
|turn|6
|
|t:|1758960530
|move|p2a: Bigbird|Agility|p2a: Bigbird
|-boost|p2a: Bigbird|spe|2
|move|p1a: Braviary|Esper Wing|p2a: Bigbird
|-immune|p2a: Bigbird
|
|-heal|p1a: Braviary|82/100|[from] item: Leftovers
|upkeep
|turn|7
|
|t:|1758960540
|move|p2a: Bigbird|Fiery Wrath|p1a: Braviary
|-supereffective|p1a: Braviary
|-damage|p1a: Braviary|0 fnt
|faint|p1a: Braviary
|
|upkeep
|
|t:|1758960551
|switch|p1a: Ursaluna|Ursaluna, M, shiny|100/100
|-damage|p1a: Ursaluna|94/100|[from] Stealth Rock
|turn|8
|c|☆6quesitomx9|u can't survive in OU w/o a Sash
|
|t:|1758960574
|move|p2a: Bigbird|Fiery Wrath|p1a: Ursaluna
|-damage|p1a: Ursaluna|38/100
|move|p1a: Ursaluna|Facade|p2a: Bigbird
|-crit|p2a: Bigbird
|-damage|p2a: Bigbird|0 fnt
|faint|p2a: Bigbird
|
|-status|p1a: Ursaluna|brn|[from] item: Flame Orb
|upkeep
|
|t:|1758960580
|switch|p2a: Singer|Skeledirge, M, shiny|100/100
|turn|9
|c|☆bababeepananda|Fr tho
|
|t:|1758960589
|switch|p1a: Walking Wake|Walking Wake|100/100
|-damage|p1a: Walking Wake|88/100|[from] Stealth Rock
|-enditem|p1a: Walking Wake|Booster Energy
|-activate|p1a: Walking Wake|ability: Protosynthesis|[fromitem]
|-start|p1a: Walking Wake|protosynthesisspa
|-terastallize|p2a: Singer|Fairy
|move|p2a: Singer|Torch Song|p1a: Walking Wake
|-resisted|p1a: Walking Wake
|-damage|p1a: Walking Wake|81/100
|-boost|p2a: Singer|spa|1
|-enditem|p2a: Singer|Throat Spray
|-boost|p2a: Singer|spa|1|[from] item: Throat Spray
|
|upkeep
|turn|10
|
|t:|1758960612
|move|p1a: Walking Wake|Flamethrower|p2a: Singer
|-damage|p2a: Singer|75/100
|move|p2a: Singer|Will-O-Wisp|p1a: Walking Wake
|-status|p1a: Walking Wake|brn
|
|-damage|p1a: Walking Wake|75/100 brn|[from] brn
|upkeep
|turn|11
|
|t:|1758960618
|move|p1a: Walking Wake|Hydro Steam|p2a: Singer
|-damage|p2a: Singer|39/100
|move|p2a: Singer|Hex|p1a: Walking Wake
|-damage|p1a: Walking Wake|0 fnt
|faint|p1a: Walking Wake
|-end|p1a: Walking Wake|Protosynthesis|[silent]
|
|upkeep
|
|t:|1758960627
|switch|p1a: Sinistcha|Sinistcha-Masterpiece, shiny|100/100
|-damage|p1a: Sinistcha|88/100|[from] Stealth Rock
|turn|12
|
|t:|1758960632
|move|p1a: Sinistcha|Poltergeist||[still]
|-fail|p1a: Sinistcha
|move|p2a: Singer|Hex|p1a: Sinistcha
|-supereffective|p1a: Sinistcha
|-damage|p1a: Sinistcha|0 fnt
|faint|p1a: Sinistcha
|
|upkeep
|
|t:|1758960639
|switch|p1a: Ursaluna|Ursaluna, M, shiny|38/100 brn
|-damage|p1a: Ursaluna|31/100 brn|[from] Stealth Rock
|turn|13
|
|t:|1758960642
|switch|p1a: Maushold|Maushold-Four, shiny|100/100
|-damage|p1a: Maushold|88/100|[from] Stealth Rock
|move|p2a: Singer|Slack Off|p2a: Singer
|-heal|p2a: Singer|90/100
|
|upkeep
|turn|14
|
|t:|1758960650
|move|p1a: Maushold|Bullet Seed|p2a: Singer
|-damage|p2a: Singer|83/100
|-damage|p2a: Singer|76/100
|-damage|p2a: Singer|70/100
|-damage|p2a: Singer|64/100
|-damage|p2a: Singer|57/100
|-hitcount|p2a: Singer|5
|move|p2a: Singer|Torch Song|p1a: Maushold
|-damage|p1a: Maushold|16/100
|-boost|p2a: Singer|spa|1
|
|upkeep
|turn|15
|c|☆bababeepananda|Ye om cooked 😀
|
|t:|1758960668
|move|p1a: Maushold|Population Bomb|p2a: Singer
|-damage|p2a: Singer|49/100
|-damage|p2a: Singer|41/100
|-damage|p2a: Singer|34/100
|-damage|p2a: Singer|27/100
|-damage|p2a: Singer|18/100
|-hitcount|p2a: Singer|5
|move|p2a: Singer|Slack Off|p2a: Singer
|-heal|p2a: Singer|68/100
|
|upkeep
|turn|16
|
|t:|1758960680
|move|p1a: Maushold|Encore|p2a: Singer
|-start|p2a: Singer|Encore
|move|p2a: Singer|Slack Off|p2a: Singer
|-heal|p2a: Singer|100/100
|
|upkeep
|turn|17
|c|☆6quesitomx9|no tidy up?
|
|t:|1758960686
|move|p1a: Maushold|Tidy Up|p1a: Maushold
|-sideend|p1: bababeepananda|Stealth Rock
|-activate|p1a: Maushold|move: Tidy Up
|-boost|p1a: Maushold|atk|1
|-boost|p1a: Maushold|spe|1
|move|p2a: Singer|Slack Off||[still]
|-fail|p2a: Singer|heal
|
|upkeep
|turn|18
|c|☆6quesitomx9|YEAHHHHH TIDY UP
|
|t:|1758960701
|move|p1a: Maushold|Tidy Up|p1a: Maushold
|-boost|p1a: Maushold|atk|1
|-boost|p1a: Maushold|spe|1
|move|p2a: Singer|Slack Off||[still]
|-fail|p2a: Singer|heal
|
|-end|p2a: Singer|Encore
|upkeep
|turn|19
|c|☆bababeepananda|Huh?
|
|t:|1758960713
|move|p1a: Maushold|Population Bomb|p2a: Singer
|-damage|p2a: Singer|93/100
|-damage|p2a: Singer|86/100
|-damage|p2a: Singer|78/100
|-damage|p2a: Singer|70/100
|-damage|p2a: Singer|61/100
|-damage|p2a: Singer|54/100
|-damage|p2a: Singer|45/100
|-hitcount|p2a: Singer|7
|move|p2a: Singer|Torch Song|p1a: Maushold
|-damage|p1a: Maushold|0 fnt
|-boost|p2a: Singer|spa|1
|faint|p1a: Maushold
|
|upkeep
|c|☆6quesitomx9|unaware
|inactive|bababeepananda has 120 seconds left.
|c|☆bababeepananda|I live for tidy up and population bomb 😁
|c|☆6quesitomx9|your x2 atk did nothing lmao
|
|t:|1758960746
|switch|p1a: Ursaluna|Ursaluna, M, shiny|31/100 brn
|turn|20
|
|t:|1758960749
|move|p2a: Singer|Hex|p1a: Ursaluna
|-immune|p1a: Ursaluna
|move|p1a: Ursaluna|Facade|p2a: Singer
|-damage|p2a: Singer|0 fnt
|faint|p2a: Singer
|
|-damage|p1a: Ursaluna|25/100 brn|[from] brn
|upkeep
|
|t:|1758960751
|switch|p2a: Buh|Regigigas, shiny|100/100
|-start|p2a: Buh|ability: Slow Start
|turn|21
|c|☆6quesitomx9|big boi
|c|☆bababeepananda|Fr 😭🙏
|
|t:|1758960768
|move|p1a: Ursaluna|Drain Punch|p2a: Buh
|-supereffective|p2a: Buh
|-damage|p2a: Buh|46/100
|-heal|p1a: Ursaluna|51/100 brn|[from] drain|[of] p2a: Buh
|move|p2a: Buh|Body Slam|p1a: Ursaluna
|-damage|p1a: Ursaluna|31/100 brn
|
|-heal|p2a: Buh|52/100|[from] item: Leftovers
|-damage|p1a: Ursaluna|25/100 brn|[from] brn
|upkeep
|turn|22
|
|t:|1758960779
|move|p1a: Ursaluna|Rest|p1a: Ursaluna
|-status|p1a: Ursaluna|slp|[from] move: Rest
|-heal|p1a: Ursaluna|100/100 slp|[silent]
|move|p2a: Buh|Avalanche|p1a: Ursaluna
|-supereffective|p1a: Ursaluna
|-damage|p1a: Ursaluna|82/100 slp
|
|-heal|p2a: Buh|58/100|[from] item: Leftovers
|upkeep
|turn|23
|
|t:|1758960789
|cant|p1a: Ursaluna|slp
|move|p1a: Ursaluna|Sleep Talk|p1a: Ursaluna
|move|p1a: Ursaluna|Facade|p2a: Buh|[from] move: Sleep Talk
|-damage|p2a: Buh|21/100
|move|p2a: Buh|Avalanche|p1a: Ursaluna
|-supereffective|p1a: Ursaluna
|-damage|p1a: Ursaluna|48/100 slp
|
|-heal|p2a: Buh|27/100|[from] item: Leftovers
|upkeep
|turn|24
|c|☆bababeepananda|Hehe boi
|
|t:|1758960799
|cant|p1a: Ursaluna|slp
|move|p1a: Ursaluna|Sleep Talk|p1a: Ursaluna
|move|p1a: Ursaluna|Rest||[from] move: Sleep Talk|[still]
|-fail|p1a: Ursaluna
|move|p2a: Buh|Rest|p2a: Buh
|-status|p2a: Buh|slp|[from] move: Rest
|-heal|p2a: Buh|100/100 slp|[silent]
|
|upkeep
|turn|25
|c|☆bababeepananda|Bruh ursaluna lowkey selling
|inactive|bababeepananda has 120 seconds left.
|
|t:|1758960821
|-curestatus|p1a: Ursaluna|slp|[msg]
|move|p1a: Ursaluna|Drain Punch|p2a: Buh
|-supereffective|p2a: Buh
|-crit|p2a: Buh
|-damage|p2a: Buh|51/100 slp
|-heal|p1a: Ursaluna|71/100|[from] drain|[of] p2a: Buh
|cant|p2a: Buh|slp
|move|p2a: Buh|Sleep Talk|p2a: Buh
|move|p2a: Buh|Body Slam|p1a: Ursaluna|[from] move: Sleep Talk
|-damage|p1a: Ursaluna|50/100
|
|-heal|p2a: Buh|57/100 slp|[from] item: Leftovers
|-status|p1a: Ursaluna|brn|[from] item: Flame Orb
|-end|p2a: Buh|Slow Start
|upkeep
|turn|26
|inactive|bababeepananda has 120 seconds left.
|c|☆bababeepananda|Bruh u hv it too
|
|t:|1758960840
|cant|p2a: Buh|slp
|move|p2a: Buh|Sleep Talk|p2a: Buh
|move|p2a: Buh|Rest||[from] move: Sleep Talk|[still]
|-fail|p2a: Buh
|move|p1a: Ursaluna|Drain Punch|p2a: Buh
|-supereffective|p2a: Buh
|-damage|p2a: Buh|0 fnt
|-heal|p1a: Ursaluna|77/100 brn|[from] drain|[of] p2a: Buh
|faint|p2a: Buh
|
|-damage|p1a: Ursaluna|71/100 brn|[from] brn
|upkeep
|
|t:|1758960846
|switch|p2a: Gallarde|Iron Valiant|100/100
|-enditem|p2a: Gallarde|Booster Energy
|-activate|p2a: Gallarde|ability: Quark Drive|[fromitem]
|-start|p2a: Gallarde|quarkdrivespe
|turn|27
|c|☆bababeepananda|Yahssss
|inactive|bababeepananda has 120 seconds left.
|
|t:|1758960860
|move|p2a: Gallarde|Close Combat|p1a: Ursaluna
|-supereffective|p1a: Ursaluna
|-damage|p1a: Ursaluna|0 fnt
|-unboost|p2a: Gallarde|def|1
|-unboost|p2a: Gallarde|spd|1
|faint|p1a: Ursaluna
|
|win|6quesitomx9
|raw|bababeepananda's rating: 1100 &rarr; <strong>1073</strong><br />(-27 for losing)
|raw|6quesitomx9's rating: 1078 &rarr; <strong>1108</strong><br />(+30 for winning)
|c|☆6quesitomx9|blep
|c|☆bababeepananda|Ggs
|c|☆6quesitomx9|gg
|l|☆bababeepananda
|player|p1|
|l|☆6quesitomx9
|player|p2|
