|j|☆papi de quatro
|j|☆Yallmar
|t:|1759075347
|gametype|singles
|player|p1|papi de quatro|pokefan-gen4|1265
|player|p2|Yallmar|170|1244
|gen|9
|tier|[Gen 9] OU
|rated|
|rule|HP Percentage Mod: HP is shown in percentages
|rule|Endless Battle Clause: Forcing endless battles is banned
|rule|Species Clause: Limit one of each Pokémon
|rule|OHKO Clause: OHKO moves are banned
|rule|Evasion Items Clause: Evasion items are banned
|rule|Evasion Moves Clause: Evasion moves are banned
|rule|Evasion Abilities Clause: Evasion abilities are banned
|rule|Sleep Moves Clause: Sleep-inducing moves are banned
|clearpoke
|poke|p1|Sylveon, M|
|poke|p1|Moltres|
|poke|p1|Glimmora, F|
|poke|p1|Dragapult, M|
|poke|p1|Great Tusk|
|poke|p1|Slowking-Galar, F|
|poke|p2|Polteageist-Antique|
|poke|p2|Garganacl, F|
|poke|p2|Walking Wake|
|poke|p2|Corviknight, M|
|poke|p2|Cinderace, M|
|poke|p2|Landorus-Therian, M|
|teampreview
|j| rath18
|
|t:|1759075357
|teamsize|p1|6
|teamsize|p2|6
|start
|switch|p1a: Glimmora|Glimmora, F, shiny|100/100
|switch|p2a: Cinderace|Cinderace, M|100/100
|turn|1
|
|t:|1759075374
|switch|p2a: Landorus|Landorus-Therian, M|100/100
|-ability|p2a: Landorus|Intimidate|boost
|-unboost|p1a: Glimmora|atk|1
|move|p1a: Glimmora|Mortal Spin|p2a: Landorus
|-resisted|p2a: Landorus
|-damage|p2a: Landorus|98/100
|-status|p2a: Landorus|psn
|
|-damage|p2a: Landorus|85/100 psn|[from] psn
|upkeep
|turn|2
|
|t:|1759075391
|switch|p1a: Moltres|Moltres, shiny|100/100
|move|p2a: Landorus|Earthquake|p1a: Moltres
|-immune|p1a: Moltres
|
|-damage|p2a: Landorus|73/100 psn|[from] psn
|upkeep
|turn|3
|
|t:|1759075399
|switch|p2a: Garganacl|Garganacl, F|100/100
|move|p1a: Moltres|U-turn|p2a: Garganacl
|-damage|p2a: Garganacl|89/100
|
|t:|1759075405
|switch|p1a: Glimmora|Glimmora, F, shiny|100/100|[from] U-turn
|
|-heal|p2a: Garganacl|95/100|[from] item: Leftovers
|upkeep
|turn|4
|
|t:|1759075414
|move|p1a: Glimmora|Stealth Rock|p2a: Garganacl
|-sidestart|p2: Yallmar|move: Stealth Rock
|move|p2a: Garganacl|Stealth Rock|p1a: Glimmora
|-sidestart|p1: papi de quatro|move: Stealth Rock
|
|-heal|p2a: Garganacl|100/100|[from] item: Leftovers
|upkeep
|turn|5
|
|t:|1759075422
|move|p1a: Glimmora|Mortal Spin|p2a: Garganacl
|-resisted|p2a: Garganacl
|-damage|p2a: Garganacl|99/100
|-sideend|p1: papi de quatro|Stealth Rock|[from] move: Mortal Spin|[of] p1a: Glimmora
|move|p2a: Garganacl|Salt Cure|p1a: Glimmora
|-damage|p1a: Glimmora|85/100
|-start|p1a: Glimmora|Salt Cure
|-activate|p1a: Glimmora|ability: Toxic Debris
|-sidestart|p2: Yallmar|move: Toxic Spikes
|
|-heal|p2a: Garganacl|100/100|[from] item: Leftovers
|-damage|p1a: Glimmora|72/100|[from] Salt Cure
|upkeep
|turn|6
|inactive|Battle timer is ON: inactive players will automatically lose when time's up. (requested by Yallmar)
|
|t:|1759075451
|switch|p1a: Great Tusk|Great Tusk, shiny|100/100
|move|p2a: Garganacl|Iron Defense|p2a: Garganacl
|-boost|p2a: Garganacl|def|2
|
|upkeep
|turn|7
|
|t:|1759075472
|-end|p1a: Great Tusk|Protosynthesis|[silent]
|switch|p1a: Moltres|Moltres, shiny|100/100
|move|p2a: Garganacl|Iron Defense|p2a: Garganacl
|-boost|p2a: Garganacl|def|2
|
|upkeep
|turn|8
|
|t:|1759075478
|move|p2a: Garganacl|Salt Cure|p1a: Moltres
|-supereffective|p1a: Moltres
|-damage|p1a: Moltres|62/100
|-start|p1a: Moltres|Salt Cure
|move|p1a: Moltres|Roar|p2a: Garganacl
|drag|p2a: Polteageist|Polteageist-Antique|100/100
|-damage|p2a: Polteageist|88/100|[from] Stealth Rock
|-status|p2a: Polteageist|psn
|
|-damage|p2a: Polteageist|76/100 psn|[from] psn
|-damage|p1a: Moltres|50/100|[from] Salt Cure
|upkeep
|turn|9
|
|t:|1759075491
|move|p2a: Polteageist|Shell Smash|p2a: Polteageist
|-unboost|p2a: Polteageist|def|1
|-unboost|p2a: Polteageist|spd|1
|-boost|p2a: Polteageist|atk|2
|-boost|p2a: Polteageist|spa|2
|-boost|p2a: Polteageist|spe|2
|-enditem|p2a: Polteageist|White Herb
|-clearnegativeboost|p2a: Polteageist|[silent]
|move|p1a: Moltres|Roost|p1a: Moltres
|-heal|p1a: Moltres|99/100
|-singleturn|p1a: Moltres|move: Roost
|
|-damage|p2a: Polteageist|64/100 psn|[from] psn
|-damage|p1a: Moltres|87/100|[from] Salt Cure
|upkeep
|turn|10
|
|t:|1759075506
|switch|p1a: Glimmora|Glimmora, F, shiny|72/100
|move|p2a: Polteageist|Shadow Ball|p1a: Glimmora
|-damage|p1a: Glimmora|0 fnt
|faint|p1a: Glimmora
|
|-damage|p2a: Polteageist|51/100 psn|[from] psn
|upkeep
|inactive|papi de quatro has 120 seconds left.
|
|t:|1759075527
|switch|p1a: Slowking|Slowking-Galar, F, shiny|100/100
|turn|11
|
|t:|1759075532
|move|p2a: Polteageist|Shadow Ball|p1a: Slowking
|-supereffective|p1a: Slowking
|-damage|p1a: Slowking|0 fnt
|faint|p1a: Slowking
|
|-damage|p2a: Polteageist|39/100 psn|[from] psn
|upkeep
|
|t:|1759075540
|switch|p1a: Sylveon|Sylveon, M, shiny|100/100
|turn|12
|
|t:|1759075547
|-terastallize|p1a: Sylveon|Fairy
|move|p1a: Sylveon|Quick Attack|p2a: Polteageist
|-damage|p2a: Polteageist|0 fnt
|-start|p1a: Sylveon|Disable|Quick Attack|[from] ability: Cursed Body|[of] p2a: Polteageist
|faint|p2a: Polteageist
|
|upkeep
|
|t:|1759075555
|switch|p2a: Corviknight|Corviknight, M|100/100
|turn|13
|
|t:|1759075559
|switch|p1a: Dragapult|Dragapult, M, shiny|100/100
|move|p2a: Corviknight|Defog|p1a: Dragapult
|-unboost|p1a: Dragapult|evasion|1
|-sideend|p2: Yallmar|Toxic Spikes|[from] move: Defog|[of] p2a: Corviknight
|-sideend|p2: Yallmar|Stealth Rock|[from] move: Defog|[of] p2a: Corviknight
|
|upkeep
|turn|14
|
|t:|1759075567
|move|p1a: Dragapult|Will-O-Wisp|p2a: Corviknight
|-status|p2a: Corviknight|brn
|move|p2a: Corviknight|Brave Bird|p1a: Dragapult
|-damage|p1a: Dragapult|77/100
|-damage|p2a: Corviknight|94/100 brn|[from] Recoil
|
|-damage|p2a: Corviknight|88/100 brn|[from] brn
|upkeep
|turn|15
|
|t:|1759075577
|switch|p2a: Landorus|Landorus-Therian, M|73/100 psn
|-ability|p2a: Landorus|Intimidate|boost
|-unboost|p1a: Dragapult|atk|1
|move|p1a: Dragapult|U-turn|p2a: Landorus
|-resisted|p2a: Landorus
|-damage|p2a: Landorus|67/100 psn
|
|t:|1759075590
|switch|p1a: Sylveon|Sylveon, M, shiny, tera:Fairy|100/100|[from] U-turn
|
|-damage|p2a: Landorus|54/100 psn|[from] psn
|upkeep
|turn|16
|
|t:|1759075598
|move|p2a: Landorus|Stone Edge|p1a: Sylveon
|-damage|p1a: Sylveon|47/100
|move|p1a: Sylveon|Curse|p1a: Sylveon
|-unboost|p1a: Sylveon|spe|1
|-boost|p1a: Sylveon|atk|1
|-boost|p1a: Sylveon|def|1
|
|-heal|p1a: Sylveon|53/100|[from] item: Leftovers
|-damage|p2a: Landorus|42/100 psn|[from] psn
|upkeep
|turn|17
|
|t:|1759075615
|move|p1a: Sylveon|Protect|p1a: Sylveon
|-singleturn|p1a: Sylveon|Protect
|move|p2a: Landorus|Stone Edge|p1a: Sylveon
|-activate|p1a: Sylveon|move: Protect
|
|-heal|p1a: Sylveon|59/100|[from] item: Leftovers
|-damage|p2a: Landorus|30/100 psn|[from] psn
|upkeep
|turn|18
|
|t:|1759075624
|move|p2a: Landorus|Stone Edge|p1a: Sylveon
|-damage|p1a: Sylveon|24/100
|move|p1a: Sylveon|Wish|p1a: Sylveon
|
|-heal|p1a: Sylveon|30/100|[from] item: Leftovers
|-damage|p2a: Landorus|18/100 psn|[from] psn
|upkeep
|turn|19
|
|t:|1759075632
|move|p1a: Sylveon|Protect|p1a: Sylveon
|-singleturn|p1a: Sylveon|Protect
|move|p2a: Landorus|Stone Edge|p1a: Sylveon
|-activate|p1a: Sylveon|move: Protect
|
|-heal|p1a: Sylveon|80/100|[from] move: Wish|[wisher] Sylveon
|-heal|p1a: Sylveon|86/100|[from] item: Leftovers
|-damage|p2a: Landorus|6/100 psn|[from] psn
|upkeep
|turn|20
|
|t:|1759075643
|move|p2a: Landorus|Stone Edge|p1a: Sylveon
|-damage|p1a: Sylveon|54/100
|move|p1a: Sylveon|Curse|p1a: Sylveon
|-unboost|p1a: Sylveon|spe|1
|-boost|p1a: Sylveon|atk|1
|-boost|p1a: Sylveon|def|1
|
|-heal|p1a: Sylveon|60/100|[from] item: Leftovers
|-damage|p2a: Landorus|0 fnt|[from] psn
|faint|p2a: Landorus
|upkeep
|
|t:|1759075648
|switch|p2a: Walking Wake|Walking Wake|100/100
|turn|21
|
|t:|1759075660
|-terastallize|p2a: Walking Wake|Fairy
|move|p1a: Sylveon|Quick Attack|p2a: Walking Wake
|-damage|p2a: Walking Wake|54/100
|move|p2a: Walking Wake|Scald|p1a: Sylveon
|-damage|p1a: Sylveon|31/100
|-status|p1a: Sylveon|brn
|
|-heal|p1a: Sylveon|37/100 brn|[from] item: Leftovers
|-damage|p1a: Sylveon|31/100 brn|[from] brn
|upkeep
|turn|22
|
|t:|1759075672
|move|p2a: Walking Wake|Scald|p1a: Sylveon
|-damage|p1a: Sylveon|2/100 brn
|move|p1a: Sylveon|Wish|p1a: Sylveon
|
|-heal|p1a: Sylveon|8/100 brn|[from] item: Leftovers
|-damage|p1a: Sylveon|2/100 brn|[from] brn
|upkeep
|turn|23
|
|t:|1759075681
|move|p1a: Sylveon|Protect|p1a: Sylveon
|-singleturn|p1a: Sylveon|Protect
|move|p2a: Walking Wake|Scald|p1a: Sylveon
|-activate|p1a: Sylveon|move: Protect
|
|-heal|p1a: Sylveon|52/100 brn|[from] move: Wish|[wisher] Sylveon
|-heal|p1a: Sylveon|58/100 brn|[from] item: Leftovers
|-damage|p1a: Sylveon|52/100 brn|[from] brn
|upkeep
|turn|24
|
|t:|1759075694
|move|p2a: Walking Wake|Scald|p1a: Sylveon
|-damage|p1a: Sylveon|18/100 brn
|move|p1a: Sylveon|Wish|p1a: Sylveon
|
|-heal|p1a: Sylveon|24/100 brn|[from] item: Leftovers
|-damage|p1a: Sylveon|18/100 brn|[from] brn
|upkeep
|turn|25
|
|t:|1759075702
|move|p1a: Sylveon|Protect|p1a: Sylveon
|-singleturn|p1a: Sylveon|Protect
|move|p2a: Walking Wake|Scald|p1a: Sylveon
|-activate|p1a: Sylveon|move: Protect
|
|-heal|p1a: Sylveon|68/100 brn|[from] move: Wish|[wisher] Sylveon
|-heal|p1a: Sylveon|74/100 brn|[from] item: Leftovers
|-damage|p1a: Sylveon|68/100 brn|[from] brn
|upkeep
|turn|26
|
|t:|1759075713
|move|p1a: Sylveon|Quick Attack|p2a: Walking Wake
|-damage|p2a: Walking Wake|33/100
|move|p2a: Walking Wake|Scald|p1a: Sylveon
|-damage|p1a: Sylveon|36/100 brn
|
|-heal|p1a: Sylveon|42/100 brn|[from] item: Leftovers
|-damage|p1a: Sylveon|36/100 brn|[from] brn
|upkeep
|turn|27
|
|t:|1759075722
|move|p1a: Sylveon|Quick Attack|p2a: Walking Wake
|-damage|p2a: Walking Wake|9/100
|move|p2a: Walking Wake|Scald|p1a: Sylveon
|-damage|p1a: Sylveon|4/100 brn
|
|-heal|p1a: Sylveon|10/100 brn|[from] item: Leftovers
|-damage|p1a: Sylveon|4/100 brn|[from] brn
|upkeep
|turn|28
|
|t:|1759075731
|move|p1a: Sylveon|Quick Attack|p2a: Walking Wake
|-damage|p2a: Walking Wake|0 fnt
|faint|p2a: Walking Wake
|-end|p2a: Walking Wake|Protosynthesis|[silent]
|
|-heal|p1a: Sylveon|10/100 brn|[from] item: Leftovers
|-damage|p1a: Sylveon|4/100 brn|[from] brn
|upkeep
|
|t:|1759075747
|switch|p2a: Corviknight|Corviknight, M|88/100 brn
|turn|29
|
|t:|1759075756
|move|p1a: Sylveon|Quick Attack|p2a: Corviknight
|-resisted|p2a: Corviknight
|-damage|p2a: Corviknight|79/100 brn
|move|p2a: Corviknight|Brave Bird|p1a: Sylveon
|-damage|p1a: Sylveon|0 fnt
|faint|p1a: Sylveon
|-damage|p2a: Corviknight|78/100 brn|[from] Recoil
|
|-damage|p2a: Corviknight|72/100 brn|[from] brn
|upkeep
|
|t:|1759075770
|switch|p1a: Dragapult|Dragapult, M, shiny|77/100
|turn|30
|
|t:|1759075776
|move|p1a: Dragapult|Hex|p2a: Corviknight
|-damage|p2a: Corviknight|28/100 brn
|move|p2a: Corviknight|Roost|p2a: Corviknight
|-heal|p2a: Corviknight|78/100 brn
|-singleturn|p2a: Corviknight|move: Roost
|
|-damage|p2a: Corviknight|72/100 brn|[from] brn
|upkeep
|turn|31
|
|t:|1759075785
|switch|p2a: Cinderace|Cinderace, M|100/100
|move|p1a: Dragapult|Hex|p2a: Cinderace
|-damage|p2a: Cinderace|61/100
|
|upkeep
|turn|32
|
|t:|1759075799
|switch|p1a: Moltres|Moltres, shiny|87/100
|move|p2a: Cinderace|Pyro Ball|p1a: Moltres
|-resisted|p1a: Moltres
|-damage|p1a: Moltres|58/100
|
|upkeep
|turn|33
|
|t:|1759075808
|switch|p2a: Garganacl|Garganacl, F|100/100
|move|p1a: Moltres|Roost|p1a: Moltres
|-heal|p1a: Moltres|100/100
|-singleturn|p1a: Moltres|move: Roost
|
|upkeep
|turn|34
|
|t:|1759075816
|move|p1a: Moltres|U-turn|p2a: Garganacl
|-damage|p2a: Garganacl|90/100
|
|t:|1759075821
|switch|p1a: Great Tusk|Great Tusk, shiny|100/100|[from] U-turn
|move|p2a: Garganacl|Salt Cure|p1a: Great Tusk
|-resisted|p1a: Great Tusk
|-damage|p1a: Great Tusk|98/100
|-start|p1a: Great Tusk|Salt Cure
|
|-heal|p2a: Garganacl|97/100|[from] item: Leftovers
|-damage|p1a: Great Tusk|86/100|[from] Salt Cure
|upkeep
|turn|35
|l|☆Yallmar
|inactive|Yallmar disconnected and has a minute to reconnect!
|player|p2|
|inactive|Yallmar has 30 seconds to reconnect!
|inactive|Yallmar has 20 seconds to reconnect!
|inactive|Yallmar has 15 seconds to reconnect!
|inactive|Yallmar has 10 seconds to reconnect!
|inactive|Yallmar has 5 seconds to reconnect!
|-message|Yallmar lost due to inactivity.
|
|win|papi de quatro
|raw|papi de quatro's rating: 1265 &rarr; <strong>1288</strong><br />(+23 for winning)
|raw|Yallmar's rating: 1244 &rarr; <strong>1221</strong><br />(-23 for losing)
|l|☆papi de quatro
|player|p1|
|l| rath18
