|j|☆lerendezvous
|j|☆Yz99999
|t:|1758992662
|gametype|singles
|player|p1|lerendezvous|101|1697
|player|p2|Yz99999|1|1688
|gen|9
|tier|[Gen 9] OU
|rated|
|rule|HP Percentage Mod: HP is shown in percentages
|rule|Endless Battle Clause: Forcing endless battles is banned
|rule|Species Clause: Limit one of each Pokémon
|rule|OHKO Clause: OHKO moves are banned
|rule|Evasion Items Clause: Evasion items are banned
|rule|Evasion Moves Clause: Evasion moves are banned
|rule|Evasion Abilities Clause: Evasion abilities are banned
|rule|Sleep Moves Clause: Sleep-inducing moves are banned
|clearpoke
|poke|p1|Ogerpon-Wellspring, F|
|poke|p1|Slowking-Galar, F|
|poke|p1|Great Tusk|
|poke|p1|Moltres|
|poke|p1|Dragapult, M|
|poke|p1|Kingambit, F|
|poke|p2|Garganacl, F|
|poke|p2|Corviknight, F|
|poke|p2|Great Tusk|
|poke|p2|Scizor, F|
|poke|p2|Raging Bolt|
|poke|p2|Maushold|
|teampreview
|
|t:|1758992670
|teamsize|p1|6
|teamsize|p2|6
|start
|switch|p1a: Great Tusk|Great Tusk|100/100
|switch|p2a: Garganacl|Garganacl, F|100/100
|turn|1
|inactive|Battle timer is ON: inactive players will automatically lose when time's up. (requested by lerendezvous)
|
|t:|1758992674
|move|p1a: Great Tusk|Stealth Rock|p2a: Garganacl
|-sidestart|p2: Yz99999|move: Stealth Rock
|move|p2a: Garganacl|Salt Cure|p1a: Great Tusk
|-resisted|p1a: Great Tusk
|-damage|p1a: Great Tusk|98/100
|-start|p1a: Great Tusk|Salt Cure
|
|-damage|p1a: Great Tusk|86/100|[from] Salt Cure
|upkeep
|turn|2
|
|t:|1758992683
|move|p2a: Garganacl|Protect|p2a: Garganacl
|-singleturn|p2a: Garganacl|Protect
|move|p1a: Great Tusk|Headlong Rush|p2a: Garganacl
|-activate|p2a: Garganacl|move: Protect
|
|-damage|p1a: Great Tusk|73/100|[from] Salt Cure
|upkeep
|turn|3
|
|t:|1758992688
|move|p1a: Great Tusk|Headlong Rush|p2a: Garganacl
|-supereffective|p2a: Garganacl
|-damage|p2a: Garganacl|11/100
|-unboost|p1a: Great Tusk|def|1
|-unboost|p1a: Great Tusk|spd|1
|move|p2a: Garganacl|Salt Cure|p1a: Great Tusk
|-resisted|p1a: Great Tusk
|-damage|p1a: Great Tusk|69/100
|
|-heal|p2a: Garganacl|17/100|[from] item: Leftovers
|-damage|p1a: Great Tusk|57/100|[from] Salt Cure
|upkeep
|turn|4
|
|t:|1758992698
|move|p1a: Great Tusk|Headlong Rush|p2a: Garganacl
|-supereffective|p2a: Garganacl
|-damage|p2a: Garganacl|0 fnt
|-unboost|p1a: Great Tusk|def|1
|-unboost|p1a: Great Tusk|spd|1
|faint|p2a: Garganacl
|
|-damage|p1a: Great Tusk|44/100|[from] Salt Cure
|upkeep
|
|t:|1758992702
|switch|p2a: Great Tusk|Great Tusk|100/100
|turn|5
|
|t:|1758992707
|-end|p1a: Great Tusk|Protosynthesis|[silent]
|switch|p1a: Moltres|Moltres|100/100
|move|p2a: Great Tusk|Knock Off|p1a: Moltres
|-damage|p1a: Moltres|75/100
|-enditem|p1a: Moltres|Heavy-Duty Boots|[from] move: Knock Off|[of] p2a: Great Tusk
|
|upkeep
|turn|6
|
|t:|1758992713
|move|p2a: Great Tusk|Rapid Spin|p1a: Moltres
|-damage|p1a: Moltres|64/100
|-boost|p2a: Great Tusk|spe|1
|-sideend|p2: Yz99999|Stealth Rock|[from] move: Rapid Spin|[of] p2a: Great Tusk
|move|p1a: Moltres|Flamethrower|p2a: Great Tusk
|-damage|p2a: Great Tusk|47/100
|
|upkeep
|turn|7
|
|t:|1758992720
|-end|p2a: Great Tusk|Protosynthesis|[silent]
|switch|p2a: Raging Bolt|Raging Bolt|100/100
|move|p1a: Moltres|U-turn|p2a: Raging Bolt
|-damage|p2a: Raging Bolt|88/100
|
|t:|1758992726
|switch|p1a: Great Tusk|Great Tusk|44/100|[from] U-turn
|
|upkeep
|turn|8
|
|t:|1758992730
|move|p1a: Great Tusk|Headlong Rush|p2a: Raging Bolt
|-supereffective|p2a: Raging Bolt
|-damage|p2a: Raging Bolt|0 fnt
|-unboost|p1a: Great Tusk|def|1
|-unboost|p1a: Great Tusk|spd|1
|faint|p2a: Raging Bolt
|-end|p2a: Raging Bolt|Protosynthesis|[silent]
|
|upkeep
|-message|Yz99999 forfeited.
|
|win|lerendezvous
|raw|lerendezvous's rating: 1697 &rarr; <strong>1716</strong><br />(+19 for winning)
|raw|Yz99999's rating: 1688 &rarr; <strong>1669</strong><br />(-19 for losing)
