|j|☆Cocomao7
|j|☆sakuya 2hu
|t:|1759047794
|gametype|singles
|player|p1|Cocomao7|biker-gen4|1176
|player|p2|sakuya 2hu|rocketgruntf|1249
|gen|9
|tier|[Gen 9] OU
|rated|
|rule|HP Percentage Mod: HP is shown in percentages
|rule|Endless Battle Clause: Forcing endless battles is banned
|rule|Species Clause: Limit one of each Pokémon
|rule|OHKO Clause: OHKO moves are banned
|rule|Evasion Items Clause: Evasion items are banned
|rule|Evasion Moves Clause: Evasion moves are banned
|rule|Evasion Abilities Clause: Evasion abilities are banned
|rule|Sleep Moves Clause: Sleep-inducing moves are banned
|clearpoke
|poke|p1|Torkoal, F|
|poke|p1|Blaziken, F|
|poke|p1|Grafaiai, M|
|poke|p1|Venusaur, M|
|poke|p1|Quagsire, F|
|poke|p1|Mamoswine, F|
|poke|p2|Tornadus-Therian, M|
|poke|p2|Gliscor, F|
|poke|p2|Rillaboom, F|
|poke|p2|Basculegion-F, F|
|poke|p2|Darkrai|
|poke|p2|Pelipper, F|
|teampreview
|inactive|Battle timer is ON: inactive players will automatically lose when time's up. (requested by Cocomao7)
|
|t:|1759047805
|teamsize|p1|6
|teamsize|p2|6
|start
|switch|p1a: JohnnySomali|Grafaiai, M|100/100
|switch|p2a: AE86 Panda Trueno|Pelipper, F|100/100
|-weather|RainDance|[from] ability: Drizzle|[of] p2a: AE86 Panda Trueno
|turn|1
|
|t:|1759047813
|move|p1a: JohnnySomali|Knock Off|p2a: AE86 Panda Trueno
|-damage|p2a: AE86 Panda Trueno|70/100
|-enditem|p2a: AE86 Panda Trueno|Damp Rock|[from] move: Knock Off|[of] p1a: JohnnySomali
|move|p2a: AE86 Panda Trueno|U-turn|p1a: JohnnySomali
|-resisted|p1a: JohnnySomali
|-damage|p1a: JohnnySomali|93/100
|
|t:|1759047825
|switch|p2a: Zerschlaggen|Darkrai, shiny|100/100|[from] U-turn
|
|-weather|RainDance|[upkeep]
|upkeep
|turn|2
|
|t:|1759047831
|move|p2a: Zerschlaggen|Psychic|p1a: JohnnySomali
|-supereffective|p1a: JohnnySomali
|-damage|p1a: JohnnySomali|0 fnt
|faint|p1a: JohnnySomali
|-damage|p2a: Zerschlaggen|91/100|[from] item: Life Orb
|
|-weather|RainDance|[upkeep]
|upkeep
|
|t:|1759047839
|switch|p1a: ShinyVedal|Torkoal, F|100/100
|-weather|SunnyDay|[from] ability: Drought|[of] p1a: ShinyVedal
|turn|3
|
|t:|1759047854
|switch|p2a: Birra Moretti|Gliscor, F|100/100
|move|p1a: ShinyVedal|Stealth Rock|p2a: Birra Moretti
|-sidestart|p2: sakuya 2hu|move: Stealth Rock
|
|-weather|SunnyDay|[upkeep]
|-status|p2a: Birra Moretti|tox|[from] item: Toxic Orb
|upkeep
|turn|4
|
|t:|1759047862
|switch|p1a: YourMom|Venusaur, M|100/100
|move|p2a: Birra Moretti|Substitute|p2a: Birra Moretti
|-start|p2a: Birra Moretti|Substitute
|-damage|p2a: Birra Moretti|75/100 tox
|
|-weather|SunnyDay|[upkeep]
|-heal|p2a: Birra Moretti|88/100 tox|[from] ability: Poison Heal
|upkeep
|turn|5
|
|t:|1759047871
|move|p1a: YourMom|Weather Ball|p2a: Birra Moretti
|-end|p2a: Birra Moretti|Substitute
|move|p2a: Birra Moretti|Swords Dance|p2a: Birra Moretti
|-boost|p2a: Birra Moretti|atk|2
|
|-weather|SunnyDay|[upkeep]
|-heal|p2a: Birra Moretti|100/100 tox|[from] ability: Poison Heal
|upkeep
|turn|6
|
|t:|1759047883
|-terastallize|p2a: Birra Moretti|Normal
|move|p1a: YourMom|Leech Seed|p2a: Birra Moretti
|-start|p2a: Birra Moretti|move: Leech Seed
|move|p2a: Birra Moretti|Facade|p1a: YourMom
|-damage|p1a: YourMom|0 fnt
|faint|p1a: YourMom
|
|-weather|SunnyDay|[upkeep]
|upkeep
|
|t:|1759047893
|switch|p1a: YourWife|Quagsire, F, shiny|100/100
|turn|7
|
|t:|1759047897
|-terastallize|p1a: YourWife|Steel
|move|p2a: Birra Moretti|Facade|p1a: YourWife
|-resisted|p1a: YourWife
|-damage|p1a: YourWife|78/100
|move|p1a: YourWife|Curse|p1a: YourWife
|-unboost|p1a: YourWife|spe|1
|-boost|p1a: YourWife|atk|1
|-boost|p1a: YourWife|def|1
|
|-weather|SunnyDay|[upkeep]
|-heal|p1a: YourWife|85/100|[from] item: Leftovers
|-damage|p2a: Birra Moretti|88/100 tox|[from] Leech Seed|[of] p1a: YourWife
|-heal|p1a: YourWife|96/100|[silent]
|-heal|p2a: Birra Moretti|100/100 tox|[from] ability: Poison Heal
|upkeep
|turn|8
|
|t:|1759047912
|move|p2a: Birra Moretti|Earthquake|p1a: YourWife
|-supereffective|p1a: YourWife
|-damage|p1a: YourWife|56/100
|move|p1a: YourWife|Curse|p1a: YourWife
|-unboost|p1a: YourWife|spe|1
|-boost|p1a: YourWife|atk|1
|-boost|p1a: YourWife|def|1
|
|-weather|SunnyDay|[upkeep]
|-heal|p1a: YourWife|62/100|[from] item: Leftovers
|-damage|p2a: Birra Moretti|88/100 tox|[from] Leech Seed|[of] p1a: YourWife
|-heal|p1a: YourWife|73/100|[silent]
|-heal|p2a: Birra Moretti|100/100 tox|[from] ability: Poison Heal
|upkeep
|turn|9
|
|t:|1759047927
|switch|p2a: AE86 Panda Trueno|Pelipper, F|70/100
|-damage|p2a: AE86 Panda Trueno|46/100|[from] Stealth Rock
|-weather|RainDance|[from] ability: Drizzle|[of] p2a: AE86 Panda Trueno
|move|p1a: YourWife|Recover|p1a: YourWife
|-heal|p1a: YourWife|100/100
|
|-weather|RainDance|[upkeep]
|upkeep
|turn|10
|
|t:|1759047937
|switch|p1a: ShinyVedal|Torkoal, F|100/100
|-weather|SunnyDay|[from] ability: Drought|[of] p1a: ShinyVedal
|move|p2a: AE86 Panda Trueno|Roost|p2a: AE86 Panda Trueno
|-heal|p2a: AE86 Panda Trueno|96/100
|-singleturn|p2a: AE86 Panda Trueno|move: Roost
|
|-weather|SunnyDay|[upkeep]
|upkeep
|turn|11
|
|t:|1759047947
|move|p2a: AE86 Panda Trueno|U-turn|p1a: ShinyVedal
|-resisted|p1a: ShinyVedal
|-damage|p1a: ShinyVedal|98/100
|
|t:|1759047954
|switch|p2a: Daytona Sky High|Tornadus-Therian, M|100/100|[from] U-turn
|move|p1a: ShinyVedal|Lava Plume|p2a: Daytona Sky High
|-damage|p2a: Daytona Sky High|64/100
|
|-weather|SunnyDay|[upkeep]
|upkeep
|turn|12
|
|t:|1759047964
|move|p2a: Daytona Sky High|U-turn|p1a: ShinyVedal
|-resisted|p1a: ShinyVedal
|-damage|p1a: ShinyVedal|93/100
|
|t:|1759047966
|switch|p2a: AE86 Panda Trueno|Pelipper, F|96/100|[from] U-turn
|-damage|p2a: AE86 Panda Trueno|71/100|[from] Stealth Rock
|-weather|RainDance|[from] ability: Drizzle|[of] p2a: AE86 Panda Trueno
|move|p1a: ShinyVedal|Lava Plume|p2a: AE86 Panda Trueno
|-resisted|p2a: AE86 Panda Trueno
|-damage|p2a: AE86 Panda Trueno|62/100
|-status|p2a: AE86 Panda Trueno|brn
|
|-weather|RainDance|[upkeep]
|-damage|p2a: AE86 Panda Trueno|56/100 brn|[from] brn
|upkeep
|turn|13
|c|☆Cocomao7|Bruh U turn spam. Smh. Here take some elo
|-message|Cocomao7 forfeited.
|
|win|sakuya 2hu
|raw|Cocomao7's rating: 1176 &rarr; <strong>1156</strong><br />(-20 for losing)
|raw|sakuya 2hu's rating: 1249 &rarr; <strong>1269</strong><br />(+20 for winning)
|l|☆Cocomao7
|player|p1|
|c|☆sakuya 2hu|thanks
|l|☆sakuya 2hu
|player|p2|
