|j|☆fregene97
|j|☆GhostDumbDumb
|t:|1759042791
|gametype|singles
|player|p1|fregene97|pokefan-gen4|1414
|player|p2|GhostDumbDumb|unknown|1396
|gen|9
|tier|[Gen 9] OU
|rated|
|rule|HP Percentage Mod: HP is shown in percentages
|rule|Endless Battle Clause: Forcing endless battles is banned
|rule|Species Clause: Limit one of each Pokémon
|rule|OHKO Clause: OHKO moves are banned
|rule|Evasion Items Clause: Evasion items are banned
|rule|Evasion Moves Clause: Evasion moves are banned
|rule|Evasion Abilities Clause: Evasion abilities are banned
|rule|Sleep Moves Clause: Sleep-inducing moves are banned
|clearpoke
|poke|p1|Raging Bolt|
|poke|p1|Ceruledge, M|
|poke|p1|Weavile, F|
|poke|p1|Kingambit, F|
|poke|p1|Glimmora, M|
|poke|p1|Ogerpon-Wellspring, F|
|poke|p2|Gliscor, M|
|poke|p2|Reuniclus, F|
|poke|p2|Sceptile, F|
|poke|p2|Glimmora, F|
|poke|p2|Appletun, F|
|poke|p2|Greninja-*, M|
|teampreview
|inactive|Battle timer is ON: inactive players will automatically lose when time's up. (requested by fregene97)
|
|t:|1759042817
|teamsize|p1|6
|teamsize|p2|6
|start
|switch|p1a: Kingambit|Kingambit, F|100/100
|switch|p2a: PoopSmiff 2.09|Glimmora, F, shiny|100/100
|-item|p2a: PoopSmiff 2.09|Air Balloon
|turn|1
|
|t:|1759042826
|-terastallize|p1a: Kingambit|Dark
|move|p2a: PoopSmiff 2.09|Earth Power|p1a: Kingambit
|-damage|p1a: Kingambit|64/100
|move|p1a: Kingambit|Iron Head|p2a: PoopSmiff 2.09
|-supereffective|p2a: PoopSmiff 2.09
|-damage|p2a: PoopSmiff 2.09|0 fnt
|-activate|p2a: PoopSmiff 2.09|ability: Toxic Debris
|-sidestart|p1: fregene97|move: Toxic Spikes
|-enditem|p2a: PoopSmiff 2.09|Air Balloon
|faint|p2a: PoopSmiff 2.09
|
|upkeep
|
|t:|1759042843
|switch|p2a: Fat Mama|Appletun, F, shiny|100/100
|turn|2
|
|t:|1759042858
|move|p1a: Kingambit|Kowtow Cleave|p2a: Fat Mama
|-damage|p2a: Fat Mama|25/100
|-activate|p2a: Fat Mama|ability: Ripen
|-enditem|p2a: Fat Mama|Sitrus Berry|[eat]
|-heal|p2a: Fat Mama|75/100|[from] item: Sitrus Berry
|move|p2a: Fat Mama|Leech Seed|p1a: Kingambit
|-start|p1a: Kingambit|move: Leech Seed
|
|-damage|p1a: Kingambit|52/100|[from] Leech Seed|[of] p2a: Fat Mama
|-heal|p2a: Fat Mama|86/100|[silent]
|upkeep
|turn|3
|
|t:|1759042871
|-end|p1a: Kingambit|fallenundefined|[silent]
|switch|p1a: Glimmora|Glimmora, M|100/100
|-sideend|p1: fregene97|move: Toxic Spikes|[of] p1a: Glimmora
|switch|p2a: Mr Middle Finger|Gliscor, M, shiny|100/100
|
|-status|p2a: Mr Middle Finger|tox|[from] item: Toxic Orb
|upkeep
|turn|4
|
|t:|1759042899
|move|p1a: Glimmora|Stealth Rock|p2a: Mr Middle Finger
|-sidestart|p2: GhostDumbDumb|move: Stealth Rock
|move|p2a: Mr Middle Finger|Substitute|p2a: Mr Middle Finger
|-start|p2a: Mr Middle Finger|Substitute
|-damage|p2a: Mr Middle Finger|76/100 tox
|
|-heal|p2a: Mr Middle Finger|88/100 tox|[from] ability: Poison Heal
|upkeep
|turn|5
|
|t:|1759042907
|move|p1a: Glimmora|Power Gem|p2a: Mr Middle Finger
|-end|p2a: Mr Middle Finger|Substitute
|move|p2a: Mr Middle Finger|Earthquake|p1a: Glimmora
|-supereffective|p1a: Glimmora
|-enditem|p1a: Glimmora|Focus Sash
|-damage|p1a: Glimmora|1/100
|-activate|p1a: Glimmora|ability: Toxic Debris
|-sidestart|p2: GhostDumbDumb|move: Toxic Spikes
|
|-heal|p2a: Mr Middle Finger|100/100 tox|[from] ability: Poison Heal
|upkeep
|turn|6
|inactive|fregene97 has 120 seconds left.
|
|t:|1759042956
|move|p1a: Glimmora|Power Gem|p2a: Mr Middle Finger
|-crit|p2a: Mr Middle Finger
|-damage|p2a: Mr Middle Finger|23/100 tox
|move|p2a: Mr Middle Finger|Earthquake|p1a: Glimmora
|-supereffective|p1a: Glimmora
|-damage|p1a: Glimmora|0 fnt
|-activate|p1a: Glimmora|ability: Toxic Debris
|-sidestart|p2: GhostDumbDumb|move: Toxic Spikes
|faint|p1a: Glimmora
|
|-heal|p2a: Mr Middle Finger|35/100 tox|[from] ability: Poison Heal
|upkeep
|
|t:|1759042960
|switch|p1a: Ceruledge|Ceruledge, M|100/100
|turn|7
|
|t:|1759042983
|switch|p2a: Typhlosions Lawyer|Sceptile, F, shiny|100/100
|-damage|p2a: Typhlosions Lawyer|88/100|[from] Stealth Rock
|-status|p2a: Typhlosions Lawyer|tox
|move|p1a: Ceruledge|Swords Dance|p1a: Ceruledge
|-boost|p1a: Ceruledge|atk|2
|-enditem|p2a: Typhlosions Lawyer|Mirror Herb
|-boost|p2a: Typhlosions Lawyer|atk|2|[from] item: Mirror Herb
|
|-damage|p2a: Typhlosions Lawyer|82/100 tox|[from] psn
|upkeep
|turn|8
|inactive|fregene97 has 120 seconds left.
|
|t:|1759042996
|-terastallize|p2a: Typhlosions Lawyer|Rock
|move|p2a: Typhlosions Lawyer|Tera Blast|p1a: Ceruledge|[anim] Tera Blast Rock
|-supereffective|p1a: Ceruledge
|-enditem|p1a: Ceruledge|Focus Sash
|-damage|p1a: Ceruledge|1/100
|-ability|p1a: Ceruledge|Weak Armor|boost
|-unboost|p1a: Ceruledge|def|1
|-boost|p1a: Ceruledge|spe|2
|move|p1a: Ceruledge|Bitter Blade|p2a: Typhlosions Lawyer
|-resisted|p2a: Typhlosions Lawyer
|-damage|p2a: Typhlosions Lawyer|5/100 tox
|-heal|p1a: Ceruledge|38/100|[from] drain|[of] p2a: Typhlosions Lawyer
|
|-damage|p2a: Typhlosions Lawyer|0 fnt|[from] psn
|faint|p2a: Typhlosions Lawyer
|upkeep
|inactive|GhostDumbDumb has 120 seconds left.
|
|t:|1759043011
|switch|p2a: BondHole|Greninja, M|100/100
|-damage|p2a: BondHole|88/100|[from] Stealth Rock
|-status|p2a: BondHole|tox
|turn|9
|inactive|GhostDumbDumb has 120 seconds left.
|inactive|fregene97 has 120 seconds left.
|
|t:|1759043028
|move|p2a: BondHole|Water Shuriken|p1a: Ceruledge
|-start|p2a: BondHole|typechange|Water|[from] ability: Protean
|-supereffective|p1a: Ceruledge
|-damage|p1a: Ceruledge|21/100
|-supereffective|p1a: Ceruledge
|-damage|p1a: Ceruledge|6/100
|-supereffective|p1a: Ceruledge
|-damage|p1a: Ceruledge|0 fnt
|faint|p1a: Ceruledge
|-hitcount|p1: Ceruledge|3
|
|-damage|p2a: BondHole|82/100 tox|[from] psn
|upkeep
|
|t:|1759043032
|switch|p1a: Raging Bolt|Raging Bolt|100/100
|turn|10
|
|t:|1759043046
|move|p2a: BondHole|Ice Beam|p1a: Raging Bolt
|-supereffective|p1a: Raging Bolt
|-damage|p1a: Raging Bolt|46/100
|move|p1a: Raging Bolt|Draco Meteor|p2a: BondHole
|-damage|p2a: BondHole|0 fnt
|-unboost|p1a: Raging Bolt|spa|2
|faint|p2a: BondHole
|
|upkeep
|inactive|GhostDumbDumb has 120 seconds left.
|
|t:|1759043062
|switch|p2a: Mr Middle Finger|Gliscor, M, shiny|35/100 tox
|-damage|p2a: Mr Middle Finger|23/100 tox|[from] Stealth Rock
|turn|11
|inactive|GhostDumbDumb has 120 seconds left.
|
|t:|1759043072
|move|p1a: Raging Bolt|Draco Meteor|p2a: Mr Middle Finger
|-damage|p2a: Mr Middle Finger|0 fnt
|-unboost|p1a: Raging Bolt|spa|2
|faint|p2a: Mr Middle Finger
|
|upkeep
|inactive|GhostDumbDumb has 120 seconds left.
|
|t:|1759043077
|switch|p2a: Wait...|Reuniclus, F, shiny|100/100
|-status|p2a: Wait...|tox
|turn|12
|
|t:|1759043081
|-end|p1a: Raging Bolt|Protosynthesis|[silent]
|switch|p1a: Weavile|Weavile, F|100/100
|-ability|p1a: Weavile|Pressure
|move|p2a: Wait...|Acid Armor|p2a: Wait...
|-boost|p2a: Wait...|def|2
|
|upkeep
|turn|13
|
|t:|1759043089
|move|p1a: Weavile|Swords Dance|p1a: Weavile
|-boost|p1a: Weavile|atk|2
|move|p2a: Wait...|Acid Armor|p2a: Wait...
|-boost|p2a: Wait...|def|2
|
|upkeep
|turn|14
|
|t:|1759043096
|move|p1a: Weavile|Knock Off|p2a: Wait...
|-supereffective|p2a: Wait...
|-damage|p2a: Wait...|45/100 tox
|-enditem|p2a: Wait...|Leftovers|[from] move: Knock Off|[of] p1a: Weavile
|move|p2a: Wait...|Acid Armor|p2a: Wait...
|-boost|p2a: Wait...|def|2
|
|upkeep
|turn|15
|
|t:|1759043102
|move|p1a: Weavile|Knock Off|p2a: Wait...
|-supereffective|p2a: Wait...
|-damage|p2a: Wait...|18/100 tox
|move|p2a: Wait...|Recover|p2a: Wait...
|-heal|p2a: Wait...|68/100 tox
|
|upkeep
|turn|16
|
|t:|1759043109
|move|p1a: Weavile|Swords Dance|p1a: Weavile
|-boost|p1a: Weavile|atk|2
|move|p2a: Wait...|Recover|p2a: Wait...
|-heal|p2a: Wait...|100/100 tox
|
|upkeep
|turn|17
|-message|GhostDumbDumb forfeited.
|
|win|fregene97
|raw|fregene97's rating: 1396 &rarr; <strong>1416</strong><br />(+20 for winning)
|raw|GhostDumbDumb's rating: 1396 &rarr; <strong>1376</strong><br />(-20 for losing)
|l|☆GhostDumbDumb
|player|p2|
|l|☆fregene97
|player|p1|
