|j|☆Asuron
|j|☆Sleepcaking
|t:|1759066072
|gametype|singles
|player|p1|Asuron|blue|1376
|player|p2|Sleepcaking|erika|1377
|gen|9
|tier|[Gen 9] OU
|rated|
|rule|HP Percentage Mod: HP is shown in percentages
|rule|Endless Battle Clause: Forcing endless battles is banned
|rule|Species Clause: Limit one of each Pokémon
|rule|OHKO Clause: OHKO moves are banned
|rule|Evasion Items Clause: Evasion items are banned
|rule|Evasion Moves Clause: Evasion moves are banned
|rule|Evasion Abilities Clause: Evasion abilities are banned
|rule|Sleep Moves Clause: Sleep-inducing moves are banned
|clearpoke
|poke|p1|Great Tusk|
|poke|p1|Hatterene, F|
|poke|p1|Corviknight, F|
|poke|p1|Meowscarada, M|
|poke|p1|Iron Moth|
|poke|p1|Kyurem|
|poke|p2|Gastrodon, F|
|poke|p2|Excadrill, F|
|poke|p2|Tyranitar, F|
|poke|p2|Hippowdon, F|
|poke|p2|Gholdengo|
|poke|p2|Garganacl, F|
|teampreview
|inactive|Battle timer is ON: inactive players will automatically lose when time's up. (requested by Asuron)
|
|t:|1759066095
|teamsize|p1|6
|teamsize|p2|6
|start
|switch|p1a: Meowscarada|Meowscarada, M|100/100
|switch|p2a: Tyranitar|Tyranitar, F|100/100
|-weather|Sandstorm|[from] ability: Sand Stream|[of] p2a: Tyranitar
|turn|1
|inactive|Sleepcaking has 120 seconds left.
|
|t:|1759066139
|move|p1a: Meowscarada|Flower Trick|p2a: Tyranitar
|-start|p1a: Meowscarada|typechange|Grass|[from] ability: Protean
|-supereffective|p2a: Tyranitar
|-crit|p2a: Tyranitar
|-damage|p2a: Tyranitar|0 fnt
|faint|p2a: Tyranitar
|
|-weather|Sandstorm|[upkeep]
|-damage|p1a: Meowscarada|94/100|[from] Sandstorm
|upkeep
|
|t:|1759066150
|switch|p2a: Excadrill|Excadrill, F, shiny|100/100
|turn|2
|
|t:|1759066154
|move|p2a: Excadrill|Swords Dance|p2a: Excadrill
|-boost|p2a: Excadrill|atk|2
|move|p1a: Meowscarada|Flower Trick|p2a: Excadrill
|-crit|p2a: Excadrill
|-damage|p2a: Excadrill|1/100
|
|-weather|Sandstorm|[upkeep]
|-damage|p1a: Meowscarada|88/100|[from] Sandstorm
|upkeep
|turn|3
|inactive|Sleepcaking has 120 seconds left.
|
|t:|1759066165
|move|p2a: Excadrill|Iron Head|p1a: Meowscarada
|-damage|p1a: Meowscarada|0 fnt
|faint|p1a: Meowscarada
|-damage|p2a: Excadrill|0 fnt|[from] item: Life Orb
|faint|p2a: Excadrill
|
|-weather|Sandstorm|[upkeep]
|upkeep
|
|t:|1759066191
|switch|p1a: Great Tusk|Great Tusk|100/100
|switch|p2a: Garganacl|Garganacl, F|100/100
|turn|4
|
|t:|1759066199
|move|p2a: Garganacl|Protect|p2a: Garganacl
|-singleturn|p2a: Garganacl|Protect
|move|p1a: Great Tusk|Headlong Rush|p2a: Garganacl
|-activate|p2a: Garganacl|move: Protect
|
|-weather|Sandstorm|[upkeep]
|upkeep
|turn|5
|inactive|Sleepcaking has 120 seconds left.
|
|t:|1759066211
|-terastallize|p2a: Garganacl|Fairy
|move|p1a: Great Tusk|Headlong Rush|p2a: Garganacl
|-damage|p2a: Garganacl|58/100
|-unboost|p1a: Great Tusk|def|1
|-unboost|p1a: Great Tusk|spd|1
|move|p2a: Garganacl|Salt Cure|p1a: Great Tusk
|-resisted|p1a: Great Tusk
|-damage|p1a: Great Tusk|97/100
|-start|p1a: Great Tusk|Salt Cure
|
|-weather|none
|-heal|p2a: Garganacl|64/100|[from] item: Leftovers
|-damage|p1a: Great Tusk|85/100|[from] Salt Cure
|upkeep
|turn|6
|inactive|Sleepcaking has 120 seconds left.
|inactive|Asuron has 120 seconds left.
|
|t:|1759066237
|-end|p1a: Great Tusk|Protosynthesis|[silent]
|switch|p1a: Iron Moth|Iron Moth|100/100
|-enditem|p1a: Iron Moth|Booster Energy
|-activate|p1a: Iron Moth|ability: Quark Drive|[fromitem]
|-start|p1a: Iron Moth|quarkdrivespa
|move|p2a: Garganacl|Recover|p2a: Garganacl
|-heal|p2a: Garganacl|100/100
|
|upkeep
|turn|7
|inactive|Asuron has 120 seconds left.
|
|t:|1759066253
|switch|p2a: Gastrodon|Gastrodon, F|100/100
|move|p1a: Iron Moth|Sludge Wave|p2a: Gastrodon
|-resisted|p2a: Gastrodon
|-damage|p2a: Gastrodon|78/100
|
|-heal|p2a: Gastrodon|84/100|[from] item: Leftovers
|upkeep
|turn|8
|inactive|Asuron has 120 seconds left.
|
|t:|1759066262
|-terastallize|p1a: Iron Moth|Flying
|move|p1a: Iron Moth|Energy Ball|p2a: Gastrodon
|-supereffective|p2a: Gastrodon
|-damage|p2a: Gastrodon|0 fnt
|faint|p2a: Gastrodon
|
|upkeep
|inactive|Sleepcaking has 120 seconds left.
|
|t:|1759066280
|switch|p2a: Garganacl|Garganacl, F, tera:Fairy|100/100
|turn|9
|
|t:|1759066286
|move|p1a: Iron Moth|Sludge Wave|p2a: Garganacl
|-supereffective|p2a: Garganacl
|-damage|p2a: Garganacl|8/100
|move|p2a: Garganacl|Salt Cure|p1a: Iron Moth
|-supereffective|p1a: Iron Moth
|-damage|p1a: Iron Moth|57/100
|-start|p1a: Iron Moth|Salt Cure
|
|-heal|p2a: Garganacl|15/100|[from] item: Leftovers
|-damage|p1a: Iron Moth|45/100|[from] Salt Cure
|upkeep
|turn|10
|
|t:|1759066297
|move|p2a: Garganacl|Protect|p2a: Garganacl
|-singleturn|p2a: Garganacl|Protect
|move|p1a: Iron Moth|Fiery Dance|p2a: Garganacl
|-activate|p2a: Garganacl|move: Protect
|
|-heal|p2a: Garganacl|21/100|[from] item: Leftovers
|-damage|p1a: Iron Moth|32/100|[from] Salt Cure
|upkeep
|turn|11
|
|t:|1759066310
|move|p1a: Iron Moth|Fiery Dance|p2a: Garganacl
|-crit|p2a: Garganacl
|-damage|p2a: Garganacl|0 fnt
|-boost|p1a: Iron Moth|spa|1
|faint|p2a: Garganacl
|
|-damage|p1a: Iron Moth|20/100|[from] Salt Cure
|upkeep
|
|t:|1759066314
|switch|p2a: Hippowdon|Hippowdon, F, shiny|100/100
|-weather|Sandstorm|[from] ability: Sand Stream|[of] p2a: Hippowdon
|turn|12
|
|t:|1759066323
|move|p1a: Iron Moth|Energy Ball|p2a: Hippowdon
|-supereffective|p2a: Hippowdon
|-damage|p2a: Hippowdon|0 fnt
|faint|p2a: Hippowdon
|
|-weather|Sandstorm|[upkeep]
|-damage|p1a: Iron Moth|14/100|[from] Sandstorm
|-damage|p1a: Iron Moth|2/100|[from] Salt Cure
|upkeep
|
|t:|1759066326
|switch|p2a: Gholdengo|Gholdengo|100/100
|-item|p2a: Gholdengo|Air Balloon
|turn|13
|
|t:|1759066337
|move|p1a: Iron Moth|Fiery Dance|p2a: Gholdengo
|-supereffective|p2a: Gholdengo
|-damage|p2a: Gholdengo|0 fnt
|-enditem|p2a: Gholdengo|Air Balloon
|faint|p2a: Gholdengo
|
|win|Asuron
|raw|Asuron's rating: 1376 &rarr; <strong>1396</strong><br />(+20 for winning)
|raw|Sleepcaking's rating: 1377 &rarr; <strong>1357</strong><br />(-20 for losing)
|l|☆Asuron
|player|p1|
