|j|☆hutoew
|j|☆Naz-sama
|t:|1759036721
|gametype|singles
|player|p1|hutoew|hilda|1422
|player|p2|Naz-sama|lady|1555
|gen|9
|tier|[Gen 9] OU
|rated|
|rule|HP Percentage Mod: HP is shown in percentages
|rule|Endless Battle Clause: Forcing endless battles is banned
|rule|Species Clause: Limit one of each Pokémon
|rule|OHKO Clause: OHKO moves are banned
|rule|Evasion Items Clause: Evasion items are banned
|rule|Evasion Moves Clause: Evasion moves are banned
|rule|Evasion Abilities Clause: Evasion abilities are banned
|rule|Sleep Moves Clause: Sleep-inducing moves are banned
|clearpoke
|poke|p1|Ting-Lu|
|poke|p1|Corviknight, F|
|poke|p1|Zamazenta-*|
|poke|p1|Ceruledge, F|
|poke|p1|Kingambit, M|
|poke|p1|Clodsire, F|
|poke|p2|Pelipper, F|
|poke|p2|Iron Treads|
|poke|p2|Hatterene, F|
|poke|p2|Toxicroak, F|
|poke|p2|Barraskewda, F|
|poke|p2|Talonflame, M|
|teampreview
|inactive|Battle timer is ON: inactive players will automatically lose when time's up. (requested by Naz-sama)
|
|t:|1759036735
|teamsize|p1|6
|teamsize|p2|6
|start
|switch|p1a: Kingambit|Kingambit, M|100/100
|switch|p2a: Pelipper|Pelipper, F|100/100
|-weather|RainDance|[from] ability: Drizzle|[of] p2a: Pelipper
|turn|1
|
|t:|1759036744
|move|p1a: Kingambit|Kowtow Cleave|p2a: Pelipper
|-damage|p2a: Pelipper|35/100
|move|p2a: Pelipper|U-turn|p1a: Kingambit
|-damage|p1a: Kingambit|93/100
|
|t:|1759036760
|switch|p2a: Toxicroak|Toxicroak, F|100/100|[from] U-turn
|
|-weather|RainDance|[upkeep]
|upkeep
|turn|2
|
|t:|1759036771
|-terastallize|p1a: Kingambit|Ghost
|move|p2a: Toxicroak|Knock Off|p1a: Kingambit
|-supereffective|p1a: Kingambit
|-damage|p1a: Kingambit|59/100
|-enditem|p1a: Kingambit|Choice Band|[from] move: Knock Off|[of] p2a: Toxicroak
|move|p1a: Kingambit|Kowtow Cleave|p2a: Toxicroak
|-resisted|p2a: Toxicroak
|-damage|p2a: Toxicroak|78/100
|-damage|p1a: Kingambit|43/100|[from] item: Rocky Helmet|[of] p2a: Toxicroak
|
|-weather|RainDance|[upkeep]
|-heal|p2a: Toxicroak|90/100|[from] ability: Dry Skin
|upkeep
|turn|3
|
|t:|1759036782
|-end|p1a: Kingambit|fallenundefined|[silent]
|switch|p1a: Corviknight|Corviknight, F|100/100
|move|p2a: Toxicroak|Knock Off|p1a: Corviknight
|-damage|p1a: Corviknight|80/100
|-enditem|p1a: Corviknight|Choice Band|[from] move: Knock Off|[of] p2a: Toxicroak
|
|-weather|RainDance|[upkeep]
|-heal|p2a: Toxicroak|100/100|[from] ability: Dry Skin
|upkeep
|turn|4
|
|t:|1759036801
|switch|p2a: Hatterene|Hatterene, F|100/100
|move|p1a: Corviknight|Brave Bird|p2a: Hatterene
|-damage|p2a: Hatterene|59/100
|-damage|p1a: Corviknight|69/100|[from] Recoil
|-enditem|p2a: Hatterene|Eject Button
|inactive|Naz-sama has 120 seconds left.
|
|t:|1759036828
|switch|p2a: Talonflame|Talonflame, M|100/100
|
|-weather|RainDance|[upkeep]
|upkeep
|turn|5
|
|t:|1759036833
|move|p2a: Talonflame|Overheat|p1a: Corviknight
|-supereffective|p1a: Corviknight
|-damage|p1a: Corviknight|0 fnt
|-unboost|p2a: Talonflame|spa|2
|faint|p1a: Corviknight
|
|-weather|RainDance|[upkeep]
|upkeep
|
|t:|1759036836
|switch|p1a: Ceruledge|Ceruledge, F|100/100
|turn|6
|inactive|Naz-sama has 120 seconds left.
|
|t:|1759036862
|switch|p2a: Toxicroak|Toxicroak, F|100/100
|move|p1a: Ceruledge|Poltergeist|p2a: Toxicroak|[miss]
|-miss|p1a: Ceruledge|p2a: Toxicroak
|
|-weather|RainDance|[upkeep]
|upkeep
|turn|7
|inactive|Naz-sama has 120 seconds left.
|
|t:|1759036868
|move|p1a: Ceruledge|Poltergeist|p2a: Toxicroak
|-activate|p2a: Toxicroak|move: Poltergeist|Rocky Helmet
|-damage|p2a: Toxicroak|34/100
|move|p2a: Toxicroak|Toxic|p1a: Ceruledge
|-status|p1a: Ceruledge|tox
|
|-weather|RainDance|[upkeep]
|-heal|p2a: Toxicroak|46/100|[from] ability: Dry Skin
|-damage|p1a: Ceruledge|94/100 tox|[from] psn
|upkeep
|turn|8
|inactive|Naz-sama has 120 seconds left.
|
|t:|1759036882
|switch|p2a: Hatterene|Hatterene, F|59/100
|move|p1a: Ceruledge|Poltergeist||[still]
|-fail|p1a: Ceruledge
|
|-weather|none
|-damage|p1a: Ceruledge|82/100 tox|[from] psn
|upkeep
|turn|9
|inactive|Naz-sama has 120 seconds left.
|
|t:|1759036894
|switch|p1a: Ting-Lu|Ting-Lu|100/100
|-ability|p1a: Ting-Lu|Vessel of Ruin
|move|p2a: Hatterene|Draining Kiss|p1a: Ting-Lu
|-supereffective|p1a: Ting-Lu
|-crit|p1a: Ting-Lu
|-damage|p1a: Ting-Lu|60/100
|-heal|p2a: Hatterene|100/100|[from] drain|[of] p1a: Ting-Lu
|
|upkeep
|turn|10
|
|t:|1759036902
|move|p1a: Ting-Lu|Heavy Slam|p2a: Hatterene
|-supereffective|p2a: Hatterene
|-damage|p2a: Hatterene|0 fnt
|faint|p2a: Hatterene
|
|upkeep
|inactive|Naz-sama has 120 seconds left.
|
|t:|1759036925
|switch|p2a: Barraskewda|Barraskewda, F|100/100
|turn|11
|
|t:|1759036930
|move|p2a: Barraskewda|Flip Turn|p1a: Ting-Lu
|-supereffective|p1a: Ting-Lu
|-damage|p1a: Ting-Lu|7/100
|
|t:|1759036933
|switch|p2a: Pelipper|Pelipper, F|35/100|[from] Flip Turn
|-weather|RainDance|[from] ability: Drizzle|[of] p2a: Pelipper
|move|p1a: Ting-Lu|Heavy Slam|p2a: Pelipper
|-resisted|p2a: Pelipper
|-damage|p2a: Pelipper|8/100
|
|-weather|RainDance|[upkeep]
|upkeep
|turn|12
|
|t:|1759036944
|switch|p2a: Toxicroak|Toxicroak, F|46/100
|move|p1a: Ting-Lu|Heavy Slam|p2a: Toxicroak
|-damage|p2a: Toxicroak|0 fnt
|-damage|p1a: Ting-Lu|0 fnt|[from] item: Rocky Helmet|[of] p2a: Toxicroak
|faint|p2a: Toxicroak
|faint|p1a: Ting-Lu
|
|-weather|RainDance|[upkeep]
|upkeep
|
|t:|1759036953
|switch|p2a: Iron Treads|Iron Treads|100/100
|switch|p1a: Kingambit|Kingambit, M, tera:Ghost|43/100
|-activate|p1a: Kingambit|ability: Supreme Overlord
|-start|p1a: Kingambit|fallen2|[silent]
|turn|13
|inactive|Naz-sama has 120 seconds left.
|
|t:|1759036977
|move|p2a: Iron Treads|Earthquake|p1a: Kingambit
|-damage|p1a: Kingambit|14/100
|move|p1a: Kingambit|Low Kick|p2a: Iron Treads
|-supereffective|p2a: Iron Treads
|-damage|p2a: Iron Treads|17/100
|
|-weather|RainDance|[upkeep]
|-heal|p2a: Iron Treads|23/100|[from] item: Leftovers
|upkeep
|turn|14
|inactive|Naz-sama has 120 seconds left.
|
|t:|1759036986
|move|p1a: Kingambit|Sucker Punch||[still]
|-fail|p1a: Kingambit
|move|p2a: Iron Treads|Stealth Rock|p1a: Kingambit
|-sidestart|p1: hutoew|move: Stealth Rock
|
|-weather|RainDance|[upkeep]
|-heal|p2a: Iron Treads|29/100|[from] item: Leftovers
|upkeep
|turn|15
|
|t:|1759036994
|move|p1a: Kingambit|Sucker Punch|p2a: Iron Treads
|-damage|p2a: Iron Treads|0 fnt
|faint|p2a: Iron Treads
|-end|p2a: Iron Treads|Quark Drive|[silent]
|
|-weather|RainDance|[upkeep]
|upkeep
|
|t:|1759037002
|switch|p2a: Talonflame|Talonflame, M|100/100
|turn|16
|
|t:|1759037008
|-end|p1a: Kingambit|fallen2|[silent]
|switch|p1a: Clodsire|Clodsire, F|100/100
|-damage|p1a: Clodsire|94/100|[from] Stealth Rock
|move|p2a: Talonflame|Hurricane|p1a: Clodsire
|-damage|p1a: Clodsire|48/100
|
|-weather|RainDance|[upkeep]
|upkeep
|turn|17
|
|t:|1759037015
|-terastallize|p2a: Talonflame|Flying
|move|p2a: Talonflame|Hurricane|p1a: Clodsire
|-damage|p1a: Clodsire|0 fnt
|faint|p1a: Clodsire
|
|-weather|RainDance|[upkeep]
|upkeep
|
|t:|1759037023
|switch|p1a: Ceruledge|Ceruledge, F|82/100 tox
|-damage|p1a: Ceruledge|57/100 tox|[from] Stealth Rock
|turn|18
|
|t:|1759037029
|move|p2a: Talonflame|Hurricane|p1a: Ceruledge
|-damage|p1a: Ceruledge|0 fnt
|faint|p1a: Ceruledge
|
|-weather|none
|upkeep
|-message|hutoew forfeited.
|
|win|Naz-sama
|raw|hutoew's rating: 1422 &rarr; <strong>1409</strong><br />(-13 for losing)
|raw|Naz-sama's rating: 1555 &rarr; <strong>1568</strong><br />(+13 for winning)
|l|☆hutoew
|player|p1|
