|j|☆slichez
|j|☆patxongo
|t:|1759004100
|gametype|singles
|player|p1|slichez|swimmerf-gen4|1202
|player|p2|patxongo|cynthia-gen4|1198
|gen|9
|tier|[Gen 9] OU
|rated|
|rule|HP Percentage Mod: HP is shown in percentages
|rule|Endless Battle Clause: Forcing endless battles is banned
|rule|Species Clause: Limit one of each Pokémon
|rule|OHKO Clause: OHKO moves are banned
|rule|Evasion Items Clause: Evasion items are banned
|rule|Evasion Moves Clause: Evasion moves are banned
|rule|Evasion Abilities Clause: Evasion abilities are banned
|rule|Sleep Moves Clause: Sleep-inducing moves are banned
|clearpoke
|poke|p1|Venomoth, F|
|poke|p1|Ninetales-Alola, F|
|poke|p1|Pawmot, F|
|poke|p1|Cetitan, M|
|poke|p1|Landorus-Therian, M|
|poke|p1|Polteageist|
|poke|p2|Tinkaton, F|
|poke|p2|Great Tusk|
|poke|p2|Garganacl, M|
|poke|p2|Keldeo-Resolute|
|poke|p2|Zapdos|
|poke|p2|Dragapult, M|
|teampreview
|
|t:|1759004117
|teamsize|p1|6
|teamsize|p2|6
|start
|switch|p1a: Landorus|Landorus-Therian, M|100/100
|switch|p2a: Tinkaton|Tinkaton, F|100/100
|-ability|p2a: Tinkaton|Mold Breaker
|-item|p2a: Tinkaton|Air Balloon
|-ability|p1a: Landorus|Intimidate|boost
|-unboost|p2a: Tinkaton|atk|1
|turn|1
|
|t:|1759004131
|move|p2a: Tinkaton|Stealth Rock|p1a: Landorus
|-sidestart|p1: slichez|move: Stealth Rock
|move|p1a: Landorus|Tera Blast|p2a: Tinkaton
|-resisted|p2a: Tinkaton
|-damage|p2a: Tinkaton|92/100
|-enditem|p2a: Tinkaton|Air Balloon
|
|upkeep
|turn|2
|
|t:|1759004147
|move|p2a: Tinkaton|Encore|p1a: Landorus
|-start|p1a: Landorus|Encore
|move|p1a: Landorus|Tera Blast|p2a: Tinkaton
|-resisted|p2a: Tinkaton
|-damage|p2a: Tinkaton|84/100
|
|upkeep
|turn|3
|inactive|Battle timer is ON: inactive players will automatically lose when time's up. (requested by patxongo)
|
|t:|1759004160
|switch|p2a: Great Tusk|Great Tusk|100/100
|switch|p1a: Venomoth|Venomoth, F, shiny|100/100
|
|upkeep
|turn|4
|
|t:|1759004168
|move|p2a: Great Tusk|Knock Off|p1a: Venomoth
|-damage|p1a: Venomoth|34/100
|-enditem|p1a: Venomoth|Heavy-Duty Boots|[from] move: Knock Off|[of] p2a: Great Tusk
|move|p1a: Venomoth|Quiver Dance|p1a: Venomoth
|-boost|p1a: Venomoth|spa|1
|-boost|p1a: Venomoth|spd|1
|-boost|p1a: Venomoth|spe|1
|
|upkeep
|turn|5
|
|t:|1759004180
|-terastallize|p1a: Venomoth|Bug
|move|p1a: Venomoth|Bug Buzz|p2a: Great Tusk
|-resisted|p2a: Great Tusk
|-damage|p2a: Great Tusk|0 fnt
|faint|p2a: Great Tusk
|-end|p2a: Great Tusk|Protosynthesis|[silent]
|
|upkeep
|
|t:|1759004191
|switch|p2a: Dragapult|Dragapult, M|100/100
|turn|6
|
|t:|1759004198
|move|p2a: Dragapult|Dragon Darts|p1a: Venomoth
|-damage|p1a: Venomoth|0 fnt
|faint|p1a: Venomoth
|
|upkeep
|
|t:|1759004208
|switch|p1a: Landorus|Landorus-Therian, M|100/100
|-ability|p1a: Landorus|Intimidate|boost
|-unboost|p2a: Dragapult|atk|1
|turn|7
|
|t:|1759004217
|move|p2a: Dragapult|Will-O-Wisp|p1a: Landorus
|-status|p1a: Landorus|brn
|move|p1a: Landorus|Swords Dance|p1a: Landorus
|-boost|p1a: Landorus|atk|2
|
|-damage|p1a: Landorus|95/100 brn|[from] brn
|upkeep
|turn|8
|
|t:|1759004223
|move|p2a: Dragapult|Hex|p1a: Landorus
|-damage|p1a: Landorus|14/100 brn
|move|p1a: Landorus|Earthquake|p2a: Dragapult
|-damage|p2a: Dragapult|26/100
|
|-damage|p1a: Landorus|8/100 brn|[from] brn
|upkeep
|turn|9
|
|t:|1759004231
|move|p2a: Dragapult|U-turn|p1a: Landorus
|-resisted|p1a: Landorus
|-damage|p1a: Landorus|0 fnt
|faint|p1a: Landorus
|
|t:|1759004236
|switch|p2a: Tinkaton|Tinkaton, F|84/100|[from] U-turn
|-ability|p2a: Tinkaton|Mold Breaker
|
|upkeep
|
|t:|1759004241
|switch|p1a: Ninetales|Ninetales-Alola, F, shiny|100/100
|-damage|p1a: Ninetales|76/100|[from] Stealth Rock
|-weather|Snowscape|[from] ability: Snow Warning|[of] p1a: Ninetales
|turn|10
|
|t:|1759004250
|move|p1a: Ninetales|Aurora Veil|p1a: Ninetales
|-sidestart|p1: slichez|move: Aurora Veil
|move|p2a: Tinkaton|Gigaton Hammer|p1a: Ninetales
|-supereffective|p1a: Ninetales
|-damage|p1a: Ninetales|0 fnt
|faint|p1a: Ninetales
|
|-weather|Snowscape|[upkeep]
|upkeep
|
|t:|1759004259
|switch|p1a: Polteageist|Polteageist|100/100
|-damage|p1a: Polteageist|88/100|[from] Stealth Rock
|turn|11
|
|t:|1759004263
|move|p2a: Tinkaton|Thunder Wave|p1a: Polteageist
|-status|p1a: Polteageist|par
|move|p1a: Polteageist|Shell Smash|p1a: Polteageist
|-unboost|p1a: Polteageist|def|1
|-unboost|p1a: Polteageist|spd|1
|-boost|p1a: Polteageist|atk|2
|-boost|p1a: Polteageist|spa|2
|-boost|p1a: Polteageist|spe|2
|
|-weather|Snowscape|[upkeep]
|upkeep
|turn|12
|
|t:|1759004271
|move|p2a: Tinkaton|Encore|p1a: Polteageist
|-start|p1a: Polteageist|Encore
|move|p1a: Polteageist|Shell Smash|p1a: Polteageist
|-unboost|p1a: Polteageist|def|1
|-unboost|p1a: Polteageist|spd|1
|-boost|p1a: Polteageist|atk|2
|-boost|p1a: Polteageist|spa|2
|-boost|p1a: Polteageist|spe|2
|
|-weather|Snowscape|[upkeep]
|upkeep
|turn|13
|
|t:|1759004278
|switch|p2a: Dragapult|Dragapult, M|26/100
|move|p1a: Polteageist|Shell Smash|p1a: Polteageist
|-unboost|p1a: Polteageist|def|1
|-unboost|p1a: Polteageist|spd|1
|-boost|p1a: Polteageist|atk|2
|-boost|p1a: Polteageist|spa|2
|-boost|p1a: Polteageist|spe|2
|
|-weather|Snowscape|[upkeep]
|upkeep
|turn|14
|
|t:|1759004283
|move|p1a: Polteageist|Shell Smash|p1a: Polteageist
|-unboost|p1a: Polteageist|def|1
|-unboost|p1a: Polteageist|spd|1
|-boost|p1a: Polteageist|atk|0
|-boost|p1a: Polteageist|spa|0
|-boost|p1a: Polteageist|spe|0
|move|p2a: Dragapult|Hex|p1a: Polteageist
|-supereffective|p1a: Polteageist
|-damage|p1a: Polteageist|0 fnt
|faint|p1a: Polteageist
|
|-weather|none
|-sideend|p1: slichez|move: Aurora Veil
|upkeep
|-message|slichez forfeited.
|
|win|patxongo
|raw|slichez's rating: 1202 &rarr; <strong>1177</strong><br />(-25 for losing)
|raw|patxongo's rating: 1198 &rarr; <strong>1223</strong><br />(+25 for winning)
|l|☆slichez
|player|p1|
|l|☆patxongo
|player|p2|
