|j|☆darkfir3_original
|j|☆Vineetnhm
|t:|1759052887
|gametype|singles
|player|p1|darkfir3_original|petrel|1304
|player|p2|Vineetnhm|1|1245
|gen|9
|tier|[Gen 9] OU
|rated|
|rule|HP Percentage Mod: HP is shown in percentages
|rule|Endless Battle Clause: Forcing endless battles is banned
|rule|Species Clause: Limit one of each Pokémon
|rule|OHKO Clause: OHKO moves are banned
|rule|Evasion Items Clause: Evasion items are banned
|rule|Evasion Moves Clause: Evasion moves are banned
|rule|Evasion Abilities Clause: Evasion abilities are banned
|rule|Sleep Moves Clause: Sleep-inducing moves are banned
|clearpoke
|poke|p1|Garganacl, M|
|poke|p1|Weezing-Galar, F|
|poke|p1|Corviknight, M|
|poke|p1|Dragapult, M|
|poke|p1|Slowking-Galar, M|
|poke|p1|Samurott-Hisui, F|
|poke|p2|Decidueye-Hisui, M|
|poke|p2|Hydrapple, F|
|poke|p2|Gholdengo|
|poke|p2|Porygon2|
|poke|p2|Slowking-Galar, M|
|poke|p2|Banette, F|
|teampreview
|inactive|Battle timer is ON: inactive players will automatically lose when time's up. (requested by darkfir3_original)
|inactive|Vineetnhm also wants the timer to be on.
|
|t:|1759052900
|teamsize|p1|6
|teamsize|p2|6
|start
|switch|p1a: Dr. Garg|Garganacl, M|100/100
|switch|p2a: Decidueye|Decidueye-Hisui, M|100/100
|turn|1
|
|t:|1759052907
|-terastallize|p1a: Dr. Garg|Fairy
|move|p2a: Decidueye|Triple Arrows|p1a: Dr. Garg
|-resisted|p1a: Dr. Garg
|-damage|p1a: Dr. Garg|81/100
|-damage|p2a: Decidueye|91/100|[from] item: Life Orb
|cant|p1a: Dr. Garg|flinch
|
|-heal|p1a: Dr. Garg|87/100|[from] item: Leftovers
|upkeep
|turn|2
|
|t:|1759052919
|switch|p2a: Gholdengo|Gholdengo|100/100
|-item|p2a: Gholdengo|Air Balloon
|move|p1a: Dr. Garg|Salt Cure|p2a: Gholdengo
|-resisted|p2a: Gholdengo
|-crit|p2a: Gholdengo
|-damage|p2a: Gholdengo|91/100
|-start|p2a: Gholdengo|Salt Cure
|-enditem|p2a: Gholdengo|Air Balloon
|
|-heal|p1a: Dr. Garg|94/100|[from] item: Leftovers
|-damage|p2a: Gholdengo|66/100|[from] Salt Cure
|upkeep
|turn|3
|
|t:|1759052930
|switch|p2a: Slowking|Slowking-Galar, M|100/100
|move|p1a: Dr. Garg|Protect||[still]
|-fail|p1a: Dr. Garg
|
|-heal|p1a: Dr. Garg|99/100|[from] item: Leftovers
|upkeep
|turn|4
|
|t:|1759052953
|switch|p1a: Ghebreyesus|Slowking-Galar, M|100/100
|move|p2a: Slowking|Sludge Bomb|p1a: Ghebreyesus
|-resisted|p1a: Ghebreyesus
|-damage|p1a: Ghebreyesus|92/100
|
|upkeep
|turn|5
|
|t:|1759052960
|move|p2a: Slowking|Eerie Spell|p1a: Ghebreyesus
|-damage|p1a: Ghebreyesus|75/100
|move|p1a: Ghebreyesus|Future Sight|p2a: Slowking
|-start|p1a: Ghebreyesus|move: Future Sight
|
|upkeep
|turn|6
|
|t:|1759052969
|move|p2a: Slowking|Sludge Bomb|p1a: Ghebreyesus
|-resisted|p1a: Ghebreyesus
|-damage|p1a: Ghebreyesus|65/100
|move|p1a: Ghebreyesus|Psychic Noise|p2a: Slowking
|-damage|p2a: Slowking|76/100
|-start|p2a: Slowking|move: Heal Block
|
|upkeep
|turn|7
|
|t:|1759052983
|switch|p1a: Plague Doctor|Corviknight, M|100/100
|-ability|p1a: Plague Doctor|Pressure
|move|p2a: Slowking|Eerie Spell|p1a: Plague Doctor
|-resisted|p1a: Plague Doctor
|-damage|p1a: Plague Doctor|81/100
|
|-end|p2a: Slowking|move: Future Sight
|-damage|p2a: Slowking|34/100
|-end|p2a: Slowking|move: Heal Block
|upkeep
|turn|8
|
|t:|1759052994
|move|p1a: Plague Doctor|Iron Defense|p1a: Plague Doctor
|-boost|p1a: Plague Doctor|def|2
|move|p2a: Slowking|Trick Room|p2a: Slowking
|-fieldstart|move: Trick Room|[of] p2a: Slowking
|
|-heal|p2a: Slowking|40/100|[from] item: Leftovers
|upkeep
|turn|9
|
|t:|1759053003
|move|p2a: Slowking|Flamethrower|p1a: Plague Doctor
|-supereffective|p1a: Plague Doctor
|-damage|p1a: Plague Doctor|25/100
|move|p1a: Plague Doctor|Iron Defense|p1a: Plague Doctor
|-boost|p1a: Plague Doctor|def|2
|
|-heal|p2a: Slowking|46/100|[from] item: Leftovers
|upkeep
|turn|10
|
|t:|1759053023
|switch|p1a: Ghebreyesus|Slowking-Galar, M|99/100
|move|p2a: Slowking|Flamethrower|p1a: Ghebreyesus
|-damage|p1a: Ghebreyesus|87/100
|
|-heal|p2a: Slowking|52/100|[from] item: Leftovers
|upkeep
|turn|11
|
|t:|1759053036
|switch|p2a: Banette|Banette, F|100/100
|-item|p1a: Ghebreyesus|Assault Vest|[from] ability: Frisk|[of] p2a: Banette
|move|p1a: Ghebreyesus|Psychic Noise|p2a: Banette
|-damage|p2a: Banette|49/100
|-start|p2a: Banette|move: Heal Block
|
|upkeep
|turn|12
|
|t:|1759053044
|move|p1a: Ghebreyesus|Psychic Noise|p2a: Banette
|-damage|p2a: Banette|2/100
|move|p2a: Banette|Knock Off|p1a: Ghebreyesus
|-supereffective|p1a: Ghebreyesus
|-damage|p1a: Ghebreyesus|0 fnt
|-enditem|p1a: Ghebreyesus|Assault Vest|[from] move: Knock Off|[of] p2a: Banette
|faint|p1a: Ghebreyesus
|-damage|p2a: Banette|0 fnt|[from] item: Life Orb
|faint|p2a: Banette
|
|-fieldend|move: Trick Room
|upkeep
|
|t:|1759053063
|switch|p2a: Porygon2|Porygon2|100/100
|switch|p1a: Acupuncturist|Samurott-Hisui, F|100/100
|-ability|p2a: Porygon2|Download|boost
|-boost|p2a: Porygon2|spa|1
|turn|13
|
|t:|1759053080
|move|p1a: Acupuncturist|Ceaseless Edge|p2a: Porygon2
|-damage|p2a: Porygon2|67/100
|-sidestart|p2: Vineetnhm|Spikes
|move|p2a: Porygon2|Trick Room|p2a: Porygon2
|-fieldstart|move: Trick Room|[of] p2a: Porygon2
|
|upkeep
|turn|14
|
|t:|1759053087
|move|p2a: Porygon2|Tri Attack|p1a: Acupuncturist
|-damage|p1a: Acupuncturist|6/100
|move|p1a: Acupuncturist|Ceaseless Edge|p2a: Porygon2
|-damage|p2a: Porygon2|33/100
|-sidestart|p2: Vineetnhm|Spikes
|
|upkeep
|turn|15
|
|t:|1759053098
|switch|p1a: Specialist|Dragapult, M|100/100
|move|p2a: Porygon2|Shadow Ball|p1a: Specialist
|-supereffective|p1a: Specialist
|-damage|p1a: Specialist|0 fnt
|faint|p1a: Specialist
|
|upkeep
|
|t:|1759053105
|switch|p1a: Plague Doctor|Corviknight, M|25/100
|-ability|p1a: Plague Doctor|Pressure
|turn|16
|
|t:|1759053110
|move|p2a: Porygon2|Shadow Ball|p1a: Plague Doctor
|-crit|p1a: Plague Doctor
|-damage|p1a: Plague Doctor|0 fnt
|faint|p1a: Plague Doctor
|
|upkeep
|
|t:|1759053120
|switch|p1a: Nurse|Weezing-Galar, F|100/100
|-ability|p1a: Nurse|Neutralizing Gas
|turn|17
|
|t:|1759053129
|move|p1a: Nurse|Strange Steam|p2a: Porygon2
|-damage|p2a: Porygon2|14/100
|move|p2a: Porygon2|Recover|p2a: Porygon2
|-heal|p2a: Porygon2|64/100
|
|-fieldend|move: Trick Room
|upkeep
|turn|18
|
|t:|1759053141
|move|p1a: Nurse|Will-O-Wisp|p2a: Porygon2
|-status|p2a: Porygon2|brn
|move|p2a: Porygon2|Trick Room|p2a: Porygon2
|-fieldstart|move: Trick Room|[of] p2a: Porygon2
|
|-damage|p2a: Porygon2|58/100 brn|[from] brn
|upkeep
|turn|19
|
|t:|1759053148
|move|p1a: Nurse|Strange Steam|p2a: Porygon2
|-damage|p2a: Porygon2|39/100 brn
|move|p2a: Porygon2|Tri Attack|p1a: Nurse
|-damage|p1a: Nurse|19/100
|
|-heal|p1a: Nurse|25/100|[from] item: Black Sludge
|-damage|p2a: Porygon2|33/100 brn|[from] brn
|upkeep
|turn|20
|
|t:|1759053157
|move|p1a: Nurse|Strange Steam|p2a: Porygon2
|-damage|p2a: Porygon2|16/100 brn
|move|p2a: Porygon2|Tri Attack|p1a: Nurse
|-damage|p1a: Nurse|0 fnt
|faint|p1a: Nurse
|-end|p1a: Nurse|ability: Neutralizing Gas
|
|-damage|p2a: Porygon2|10/100 brn|[from] brn
|upkeep
|
|t:|1759053166
|switch|p1a: Dr. Garg|Garganacl, M, tera:Fairy|99/100
|turn|21
|
|t:|1759053170
|move|p1a: Dr. Garg|Salt Cure|p2a: Porygon2
|-damage|p2a: Porygon2|0 fnt
|faint|p2a: Porygon2
|
|-heal|p1a: Dr. Garg|100/100|[from] item: Leftovers
|upkeep
|
|t:|1759053175
|switch|p2a: Gholdengo|Gholdengo|66/100
|-damage|p2a: Gholdengo|49/100|[from] Spikes
|turn|22
|
|t:|1759053180
|move|p1a: Dr. Garg|Salt Cure|p2a: Gholdengo
|-resisted|p2a: Gholdengo
|-damage|p2a: Gholdengo|43/100
|-start|p2a: Gholdengo|Salt Cure
|move|p2a: Gholdengo|Nasty Plot|p2a: Gholdengo
|-boost|p2a: Gholdengo|spa|2
|
|-damage|p2a: Gholdengo|18/100|[from] Salt Cure
|-fieldend|move: Trick Room
|upkeep
|turn|23
|
|t:|1759053183
|move|p1a: Dr. Garg|Protect|p1a: Dr. Garg
|-singleturn|p1a: Dr. Garg|Protect
|move|p2a: Gholdengo|Make It Rain|p1a: Dr. Garg
|-activate|p1a: Dr. Garg|move: Protect
|
|-damage|p2a: Gholdengo|0 fnt|[from] Salt Cure
|faint|p2a: Gholdengo
|upkeep
|
|t:|1759053186
|switch|p2a: Slowking|Slowking-Galar, M|85/100
|-damage|p2a: Slowking|68/100|[from] Spikes
|turn|24
|
|t:|1759053195
|move|p1a: Dr. Garg|Salt Cure|p2a: Slowking
|-damage|p2a: Slowking|53/100
|-start|p2a: Slowking|Salt Cure
|move|p2a: Slowking|Sludge Bomb|p1a: Dr. Garg
|-supereffective|p1a: Dr. Garg
|-damage|p1a: Dr. Garg|41/100
|
|-heal|p1a: Dr. Garg|47/100|[from] item: Leftovers
|-heal|p2a: Slowking|59/100|[from] item: Leftovers
|-damage|p2a: Slowking|47/100|[from] Salt Cure
|upkeep
|turn|25
|
|t:|1759053207
|move|p1a: Dr. Garg|Recover|p1a: Dr. Garg
|-heal|p1a: Dr. Garg|97/100
|move|p2a: Slowking|Sludge Bomb|p1a: Dr. Garg
|-supereffective|p1a: Dr. Garg
|-damage|p1a: Dr. Garg|31/100
|
|-heal|p1a: Dr. Garg|38/100|[from] item: Leftovers
|-heal|p2a: Slowking|53/100|[from] item: Leftovers
|-damage|p2a: Slowking|40/100|[from] Salt Cure
|upkeep
|turn|26
|
|t:|1759053219
|switch|p2a: Hydrapple|Hydrapple, F|100/100
|-damage|p2a: Hydrapple|84/100|[from] Spikes
|move|p1a: Dr. Garg|Recover|p1a: Dr. Garg
|-heal|p1a: Dr. Garg|88/100
|
|-heal|p1a: Dr. Garg|94/100|[from] item: Leftovers
|upkeep
|turn|27
|
|t:|1759053227
|move|p2a: Hydrapple|Nasty Plot|p2a: Hydrapple
|-boost|p2a: Hydrapple|spa|2
|move|p1a: Dr. Garg|Salt Cure|p2a: Hydrapple
|-damage|p2a: Hydrapple|72/100
|-start|p2a: Hydrapple|Salt Cure
|
|-heal|p1a: Dr. Garg|99/100|[from] item: Leftovers
|-damage|p2a: Hydrapple|59/100|[from] Salt Cure
|upkeep
|turn|28
|
|t:|1759053235
|move|p2a: Hydrapple|Giga Drain|p1a: Dr. Garg
|-damage|p1a: Dr. Garg|25/100
|-heal|p2a: Hydrapple|100/100|[from] drain|[of] p1a: Dr. Garg
|-damage|p2a: Hydrapple|91/100|[from] item: Life Orb
|move|p1a: Dr. Garg|Salt Cure|p2a: Hydrapple
|-damage|p2a: Hydrapple|79/100
|
|-heal|p1a: Dr. Garg|31/100|[from] item: Leftovers
|-damage|p2a: Hydrapple|67/100|[from] Salt Cure
|upkeep
|turn|29
|
|t:|1759053248
|move|p1a: Dr. Garg|Protect|p1a: Dr. Garg
|-singleturn|p1a: Dr. Garg|Protect
|move|p2a: Hydrapple|Giga Drain|p1a: Dr. Garg
|-activate|p1a: Dr. Garg|move: Protect
|
|-heal|p1a: Dr. Garg|37/100|[from] item: Leftovers
|-damage|p2a: Hydrapple|54/100|[from] Salt Cure
|upkeep
|turn|30
|
|t:|1759053259
|move|p2a: Hydrapple|Giga Drain|p1a: Dr. Garg
|-damage|p1a: Dr. Garg|0 fnt
|-heal|p2a: Hydrapple|75/100|[from] drain|[of] p1a: Dr. Garg
|faint|p1a: Dr. Garg
|-damage|p2a: Hydrapple|65/100|[from] item: Life Orb
|
|-damage|p2a: Hydrapple|53/100|[from] Salt Cure
|upkeep
|-message|darkfir3_original forfeited.
|
|win|Vineetnhm
|raw|darkfir3_original's rating: 1304 &rarr; <strong>1281</strong><br />(-23 for losing)
|raw|Vineetnhm's rating: 1245 &rarr; <strong>1274</strong><br />(+29 for winning)
|l|☆Vineetnhm
|player|p2|
