|j|☆victory 4 u
|j|☆ggon1116
|t:|1759006936
|gametype|singles
|player|p1|victory 4 u|266|1119
|player|p2|ggon1116|2|1085
|gen|9
|tier|[Gen 9] OU
|rated|
|rule|HP Percentage Mod: HP is shown in percentages
|rule|Endless Battle Clause: Forcing endless battles is banned
|rule|Species Clause: Limit one of each Pokémon
|rule|OHKO Clause: OHKO moves are banned
|rule|Evasion Items Clause: Evasion items are banned
|rule|Evasion Moves Clause: Evasion moves are banned
|rule|Evasion Abilities Clause: Evasion abilities are banned
|rule|Sleep Moves Clause: Sleep-inducing moves are banned
|clearpoke
|poke|p1|Typhlosion, F|
|poke|p1|Lumineon, F|
|poke|p1|Meowstic, M|
|poke|p1|Tentacruel, F|
|poke|p1|Ting-Lu|
|poke|p1|Ogerpon, F|
|poke|p2|Glimmora, M|
|poke|p2|Gliscor, F|
|poke|p2|Breloom, M|
|poke|p2|Nosepass, L1, F|
|poke|p2|Rhyperior, M|
|poke|p2|Whimsicott, M|
|teampreview
|
|t:|1759006944
|teamsize|p1|6
|teamsize|p2|6
|start
|switch|p1a: Hero|Tentacruel, F|100/100
|switch|p2a: Glimmora|Glimmora, M|100/100
|turn|1
|
|t:|1759006950
|move|p2a: Glimmora|Toxic|p1a: Hero
|-status|p1a: Hero|tox
|move|p1a: Hero|Surf|p2a: Glimmora
|-supereffective|p2a: Glimmora
|-damage|p2a: Glimmora|43/100
|
|-damage|p1a: Hero|94/100 tox|[from] psn
|upkeep
|turn|2
|
|t:|1759006966
|move|p2a: Glimmora|Stealth Rock|p1a: Hero
|-sidestart|p1: victory 4 u|move: Stealth Rock
|move|p1a: Hero|Toxic Spikes|p2a: Glimmora
|-sidestart|p2: ggon1116|move: Toxic Spikes
|
|-heal|p1a: Hero|100/100 tox|[from] item: Leftovers
|-damage|p1a: Hero|88/100 tox|[from] psn
|upkeep
|turn|3
|
|t:|1759006982
|switch|p2a: Breloom|Breloom, M|100/100
|-status|p2a: Breloom|psn
|move|p1a: Hero|Rapid Spin|p2a: Breloom
|-damage|p2a: Breloom|90/100 psn
|-boost|p1a: Hero|spe|1
|-sideend|p1: victory 4 u|Stealth Rock|[from] move: Rapid Spin|[of] p1a: Hero
|
|-heal|p1a: Hero|94/100 tox|[from] item: Leftovers
|-damage|p1a: Hero|76/100 tox|[from] psn
|-heal|p2a: Breloom|100/100 psn|[from] ability: Poison Heal
|upkeep
|turn|4
|
|t:|1759006998
|switch|p1a: Lostelle|Ogerpon, F|100/100
|move|p2a: Breloom|Substitute|p2a: Breloom
|-start|p2a: Breloom|Substitute
|-damage|p2a: Breloom|75/100 psn
|
|-heal|p2a: Breloom|88/100 psn|[from] ability: Poison Heal
|upkeep
|turn|5
|
|t:|1759007007
|move|p1a: Lostelle|U-turn|p2a: Breloom
|-end|p2a: Breloom|Substitute
|
|t:|1759007010
|switch|p1a: Hero|Tentacruel, F|76/100 tox|[from] U-turn
|move|p2a: Breloom|Leech Seed|p1a: Hero
|-start|p1a: Hero|move: Leech Seed
|
|-heal|p1a: Hero|82/100 tox|[from] item: Leftovers
|-damage|p1a: Hero|70/100 tox|[from] Leech Seed|[of] p2a: Breloom
|-heal|p2a: Breloom|100/100 psn|[silent]
|-damage|p1a: Hero|64/100 tox|[from] psn
|upkeep
|turn|6
|
|t:|1759007022
|move|p2a: Breloom|Substitute|p2a: Breloom
|-start|p2a: Breloom|Substitute
|-damage|p2a: Breloom|75/100 psn
|move|p1a: Hero|Rapid Spin|p2a: Breloom
|-activate|p2a: Breloom|move: Substitute|[damage]
|-end|p1a: Hero|Leech Seed|[from] move: Rapid Spin|[of] p1a: Hero
|-boost|p1a: Hero|spe|1
|
|-heal|p1a: Hero|70/100 tox|[from] item: Leftovers
|-damage|p1a: Hero|58/100 tox|[from] psn
|-heal|p2a: Breloom|88/100 psn|[from] ability: Poison Heal
|upkeep
|turn|7
|
|t:|1759007036
|move|p1a: Hero|Surf|p2a: Breloom
|-resisted|p2a: Breloom
|-end|p2a: Breloom|Substitute
|move|p2a: Breloom|Leech Seed|p1a: Hero
|-start|p1a: Hero|move: Leech Seed
|
|-heal|p1a: Hero|64/100 tox|[from] item: Leftovers
|-damage|p1a: Hero|52/100 tox|[from] Leech Seed|[of] p2a: Breloom
|-heal|p2a: Breloom|100/100 psn|[silent]
|-damage|p1a: Hero|33/100 tox|[from] psn
|upkeep
|turn|8
|
|t:|1759007046
|move|p1a: Hero|Rapid Spin|p2a: Breloom
|-damage|p2a: Breloom|91/100 psn
|-boost|p1a: Hero|spe|1
|-end|p1a: Hero|Leech Seed|[from] move: Rapid Spin|[of] p1a: Hero
|move|p2a: Breloom|Substitute|p2a: Breloom
|-start|p2a: Breloom|Substitute
|-damage|p2a: Breloom|66/100 psn
|
|-heal|p1a: Hero|40/100 tox|[from] item: Leftovers
|-damage|p1a: Hero|15/100 tox|[from] psn
|-heal|p2a: Breloom|78/100 psn|[from] ability: Poison Heal
|upkeep
|turn|9
|
|t:|1759007059
|move|p2a: Breloom|Protect|p2a: Breloom
|-singleturn|p2a: Breloom|Protect
|move|p1a: Hero|Surf|p2a: Breloom
|-activate|p2a: Breloom|move: Protect
|
|-heal|p1a: Hero|21/100 tox|[from] item: Leftovers
|-damage|p1a: Hero|0 fnt|[from] psn
|faint|p1a: Hero
|-heal|p2a: Breloom|91/100 psn|[from] ability: Poison Heal
|upkeep
|
|t:|1759007070
|switch|p1a: Help|Meowstic, M|100/100
|turn|10
|
|t:|1759007073
|move|p1a: Help|Psychic Noise|p2a: Breloom
|-supereffective|p2a: Breloom
|-damage|p2a: Breloom|0 fnt
|faint|p2a: Breloom
|
|upkeep
|
|t:|1759007087
|switch|p2a: Glimmora|Glimmora, M|43/100
|-sideend|p2: ggon1116|move: Toxic Spikes|[of] p2a: Glimmora
|turn|11
|
|t:|1759007091
|move|p2a: Glimmora|Toxic Spikes|p1a: Help
|-sidestart|p1: victory 4 u|move: Toxic Spikes
|move|p1a: Help|Psychic Noise|p2a: Glimmora
|-supereffective|p2a: Glimmora
|-damage|p2a: Glimmora|0 fnt
|faint|p2a: Glimmora
|
|upkeep
|
|t:|1759007104
|switch|p2a: Rhyperior|Rhyperior, M|100/100
|turn|12
|
|t:|1759007109
|switch|p1a: Lostelle|Ogerpon, F|100/100
|-status|p1a: Lostelle|psn
|move|p2a: Rhyperior|Metal Burst||[still]
|-fail|p2a: Rhyperior
|
|-damage|p1a: Lostelle|88/100 psn|[from] psn
|upkeep
|turn|13
|
|t:|1759007122
|move|p1a: Lostelle|Ivy Cudgel|p2a: Rhyperior
|-supereffective|p2a: Rhyperior
|-enditem|p2a: Rhyperior|Focus Sash
|-damage|p2a: Rhyperior|1/100
|move|p2a: Rhyperior|Counter|p1a: Lostelle
|-damage|p1a: Lostelle|0 fnt
|faint|p1a: Lostelle
|
|upkeep
|
|t:|1759007134
|switch|p1a: Help|Meowstic, M|100/100
|-status|p1a: Help|psn
|turn|14
|
|t:|1759007138
|move|p1a: Help|Psychic Noise|p2a: Rhyperior
|-damage|p2a: Rhyperior|0 fnt
|faint|p2a: Rhyperior
|
|-damage|p1a: Help|88/100 psn|[from] psn
|upkeep
|
|t:|1759007146
|switch|p2a: Whimsicott|Whimsicott, M|100/100
|turn|15
|
|t:|1759007151
|move|p2a: Whimsicott|Leech Seed|p1a: Help|[miss]
|-miss|p2a: Whimsicott|p1a: Help
|move|p1a: Help|Psychic Noise|p2a: Whimsicott
|-damage|p2a: Whimsicott|20/100
|-start|p2a: Whimsicott|move: Heal Block
|
|-damage|p1a: Help|76/100 psn|[from] psn
|upkeep
|turn|16
|
|t:|1759007161
|move|p2a: Whimsicott|Leech Seed|p1a: Help
|-start|p1a: Help|move: Leech Seed
|move|p1a: Help|Psychic Noise|p2a: Whimsicott
|-crit|p2a: Whimsicott
|-damage|p2a: Whimsicott|0 fnt
|faint|p2a: Whimsicott
|
|-damage|p1a: Help|63/100 psn|[from] psn
|upkeep
|
|t:|1759007171
|switch|p2a: Nosepass|Nosepass, L1, F|100/100
|turn|17
|
|t:|1759007177
|switch|p1a: Pls|Ting-Lu|100/100
|-status|p1a: Pls|psn
|-ability|p1a: Pls|Vessel of Ruin
|move|p2a: Nosepass|Block|p1a: Pls
|-activate|p1a: Pls|trapped
|
|-damage|p1a: Pls|88/100 psn|[from] psn
|upkeep
|turn|18
|
|t:|1759007190
|move|p2a: Nosepass|Protect|p2a: Nosepass
|-singleturn|p2a: Nosepass|Protect
|move|p1a: Pls|Whirlwind|p2a: Nosepass
|drag|p2a: Gliscor|Gliscor, F|100/100
|
|-damage|p1a: Pls|76/100 psn|[from] psn
|-status|p2a: Gliscor|tox|[from] item: Toxic Orb
|upkeep
|turn|19
|
|t:|1759007217
|switch|p1a: Ok|Lumineon, F|100/100
|-status|p1a: Ok|psn
|move|p2a: Gliscor|Facade|p1a: Ok
|-damage|p1a: Ok|43/100 psn
|
|-damage|p1a: Ok|30/100 psn|[from] psn
|upkeep
|turn|20
|
|t:|1759007229
|move|p2a: Gliscor|Protect|p2a: Gliscor
|-singleturn|p2a: Gliscor|Protect
|move|p1a: Ok|Ice Beam|p2a: Gliscor
|-activate|p2a: Gliscor|move: Protect
|
|-damage|p1a: Ok|18/100 psn|[from] psn
|upkeep
|turn|21
|
|t:|1759007238
|move|p2a: Gliscor|Substitute|p2a: Gliscor
|-start|p2a: Gliscor|Substitute
|-damage|p2a: Gliscor|76/100 tox
|move|p1a: Ok|Ice Beam|p2a: Gliscor
|-supereffective|p2a: Gliscor
|-end|p2a: Gliscor|Substitute
|
|-heal|p2a: Gliscor|88/100 tox|[from] ability: Poison Heal
|-damage|p1a: Ok|5/100 psn|[from] psn
|upkeep
|turn|22
|
|t:|1759007248
|move|p2a: Gliscor|Protect|p2a: Gliscor
|-singleturn|p2a: Gliscor|Protect
|move|p1a: Ok|Ice Beam|p2a: Gliscor
|-activate|p2a: Gliscor|move: Protect
|
|-heal|p2a: Gliscor|100/100 tox|[from] ability: Poison Heal
|-damage|p1a: Ok|0 fnt|[from] psn
|faint|p1a: Ok
|upkeep
|
|t:|1759007261
|switch|p1a: Lostelle II|Typhlosion, F|100/100
|-status|p1a: Lostelle II|psn
|turn|23
|
|t:|1759007267
|-terastallize|p1a: Lostelle II|Fire
|move|p1a: Lostelle II|Eruption|p2a: Gliscor
|-damage|p2a: Gliscor|0 fnt
|faint|p2a: Gliscor
|
|-damage|p1a: Lostelle II|88/100 psn|[from] psn
|upkeep
|
|t:|1759007276
|switch|p2a: Nosepass|Nosepass, L1, F|100/100
|turn|24
|
|t:|1759007283
|switch|p1a: Pls|Ting-Lu|76/100 psn
|-ability|p1a: Pls|Vessel of Ruin
|move|p2a: Nosepass|Pain Split|p1a: Pls
|-sethp|p1a: Pls|39/100 psn|[from] move: Pain Split|[silent]
|-sethp|p2a: Nosepass|100/100|[from] move: Pain Split
|
|-damage|p1a: Pls|27/100 psn|[from] psn
|upkeep
|turn|25
|c|☆victory 4 u|gg
|
|t:|1759007296
|move|p1a: Pls|Earthquake|p2a: Nosepass
|-supereffective|p2a: Nosepass
|-ability|p2a: Nosepass|Sturdy
|-damage|p2a: Nosepass|10/100
|move|p2a: Nosepass|Pain Split|p1a: Pls
|-sethp|p1a: Pls|14/100 psn|[from] move: Pain Split|[silent]
|-sethp|p2a: Nosepass|100/100|[from] move: Pain Split
|
|-damage|p1a: Pls|1/100 psn|[from] psn
|upkeep
|turn|26
|
|t:|1759007307
|move|p2a: Nosepass|Protect|p2a: Nosepass
|-singleturn|p2a: Nosepass|Protect
|move|p1a: Pls|Earthquake|p2a: Nosepass
|-activate|p2a: Nosepass|move: Protect
|
|-damage|p1a: Pls|0 fnt|[from] psn
|faint|p1a: Pls
|upkeep
|
|t:|1759007319
|switch|p1a: Help|Meowstic, M|63/100 psn
|turn|27
|
|t:|1759007323
|move|p1a: Help|Psychic Noise|p2a: Nosepass
|-ability|p2a: Nosepass|Sturdy
|-damage|p2a: Nosepass|10/100
|-start|p2a: Nosepass|move: Heal Block
|move|p2a: Nosepass|Pain Split|p1a: Help
|-sethp|p1a: Help|32/100 psn|[from] move: Pain Split|[silent]
|-sethp|p2a: Nosepass|100/100|[from] move: Pain Split
|
|-damage|p1a: Help|20/100 psn|[from] psn
|upkeep
|turn|28
|
|t:|1759007337
|switch|p1a: Lostelle II|Typhlosion, F, tera:Fire|88/100 psn
|move|p2a: Nosepass|Pain Split|p1a: Lostelle II
|-sethp|p1a: Lostelle II|46/100 psn|[from] move: Pain Split|[silent]
|-sethp|p2a: Nosepass|100/100|[from] move: Pain Split
|
|-damage|p1a: Lostelle II|34/100 psn|[from] psn
|-end|p2a: Nosepass|move: Heal Block
|upkeep
|turn|29
|
|t:|1759007347
|move|p1a: Lostelle II|Will-O-Wisp|p2a: Nosepass
|-status|p2a: Nosepass|brn
|move|p2a: Nosepass|Pain Split|p1a: Lostelle II
|-sethp|p1a: Lostelle II|19/100 psn|[from] move: Pain Split|[silent]
|-sethp|p2a: Nosepass|100/100 brn|[from] move: Pain Split
|
|-damage|p1a: Lostelle II|6/100 psn|[from] psn
|-damage|p2a: Nosepass|91/100 brn|[from] brn
|upkeep
|turn|30
|
|t:|1759007358
|move|p1a: Lostelle II|Will-O-Wisp|p2a: Nosepass
|-fail|p2a: Nosepass|brn
|move|p2a: Nosepass|Rest|p2a: Nosepass
|-status|p2a: Nosepass|slp|[from] move: Rest
|-heal|p2a: Nosepass|100/100 slp|[silent]
|
|-damage|p1a: Lostelle II|0 fnt|[from] psn
|faint|p1a: Lostelle II
|upkeep
|
|t:|1759007366
|switch|p1a: Help|Meowstic, M|20/100 psn
|turn|31
|
|t:|1759007371
|cant|p2a: Nosepass|slp
|move|p1a: Help|Psychic Noise|p2a: Nosepass
|-ability|p2a: Nosepass|Sturdy
|-damage|p2a: Nosepass|10/100 slp
|-start|p2a: Nosepass|move: Heal Block
|
|-damage|p1a: Help|7/100 psn|[from] psn
|upkeep
|turn|32
|
|t:|1759007381
|cant|p2a: Nosepass|slp
|move|p1a: Help|Psychic Noise|p2a: Nosepass
|-damage|p2a: Nosepass|0 fnt
|faint|p2a: Nosepass
|
|win|victory 4 u
|raw|victory 4 u's rating: 1119 &rarr; <strong>1142</strong><br />(+23 for winning)
|raw|ggon1116's rating: 1085 &rarr; <strong>1064</strong><br />(-21 for losing)
|l|☆victory 4 u
|player|p1|
