|j|☆Yelo_Galaxy
|j|☆happy skadi
|t:|1758962830
|gametype|singles
|player|p1|Yelo_Galaxy|1|1602
|player|p2|happy skadi|170|1584
|gen|9
|tier|[Gen 9] OU
|rated|
|rule|HP Percentage Mod: HP is shown in percentages
|rule|Endless Battle Clause: Forcing endless battles is banned
|rule|Species Clause: Limit one of each Pokémon
|rule|OHKO Clause: OHKO moves are banned
|rule|Evasion Items Clause: Evasion items are banned
|rule|Evasion Moves Clause: Evasion moves are banned
|rule|Evasion Abilities Clause: Evasion abilities are banned
|rule|Sleep Moves Clause: Sleep-inducing moves are banned
|clearpoke
|poke|p1|Torkoal, F|
|poke|p1|Hatterene, F|
|poke|p1|Raging Bolt|
|poke|p1|Slither Wing|
|poke|p1|Venusaur, M|
|poke|p1|Walking Wake|
|poke|p2|Iron Treads|
|poke|p2|Dragapult, F|
|poke|p2|Gholdengo|
|poke|p2|Enamorus, F|
|poke|p2|Gallade, M|
|poke|p2|Samurott-Hisui, M|
|teampreview
|inactive|Battle timer is ON: inactive players will automatically lose when time's up. (requested by Yelo_Galaxy)
|
|t:|1758962842
|teamsize|p1|6
|teamsize|p2|6
|start
|switch|p1a: Slither Wing|Slither Wing|100/100
|switch|p2a: Samurott|Samurott-Hisui, M|100/100
|turn|1
|
|t:|1758962856
|switch|p2a: Gholdengo|Gholdengo|100/100
|-item|p2a: Gholdengo|Air Balloon
|move|p1a: Slither Wing|U-turn|p2a: Gholdengo
|-resisted|p2a: Gholdengo
|-damage|p2a: Gholdengo|94/100
|-enditem|p2a: Gholdengo|Air Balloon
|
|t:|1758962858
|-end|p1a: Slither Wing|Protosynthesis|[silent]
|switch|p1a: Torkoal|Torkoal, F|100/100|[from] U-turn
|-weather|SunnyDay|[from] ability: Drought|[of] p1a: Torkoal
|
|-weather|SunnyDay|[upkeep]
|upkeep
|turn|2
|
|t:|1758962882
|switch|p2a: Dragapult|Dragapult, F|100/100
|move|p1a: Torkoal|Stealth Rock|p2a: Dragapult
|-sidestart|p2: happy skadi|move: Stealth Rock
|
|-weather|SunnyDay|[upkeep]
|upkeep
|turn|3
|
|t:|1758962891
|switch|p1a: Slither Wing|Slither Wing|100/100
|-activate|p1a: Slither Wing|ability: Protosynthesis
|-start|p1a: Slither Wing|protosynthesisatk
|move|p2a: Dragapult|U-turn|p1a: Slither Wing
|-resisted|p1a: Slither Wing
|-damage|p1a: Slither Wing|79/100
|
|t:|1758962907
|switch|p2a: Iron Treads|Iron Treads, shiny|100/100|[from] U-turn
|-damage|p2a: Iron Treads|97/100|[from] Stealth Rock
|-item|p2a: Iron Treads|Air Balloon
|
|-weather|SunnyDay|[upkeep]
|upkeep
|turn|4
|
|t:|1758962920
|move|p2a: Iron Treads|Rapid Spin|p1a: Slither Wing
|-damage|p1a: Slither Wing|58/100
|-boost|p2a: Iron Treads|spe|1
|-sideend|p2: happy skadi|Stealth Rock|[from] move: Rapid Spin|[of] p2a: Iron Treads
|move|p1a: Slither Wing|Temper Flare|p2a: Iron Treads
|-supereffective|p2a: Iron Treads
|-damage|p2a: Iron Treads|0 fnt
|-enditem|p2a: Iron Treads|Air Balloon
|faint|p2a: Iron Treads
|-end|p2a: Iron Treads|Quark Drive|[silent]
|
|-weather|SunnyDay|[upkeep]
|upkeep
|
|t:|1758962926
|switch|p2a: Samurott|Samurott-Hisui, M|100/100
|turn|5
|
|t:|1758962929
|move|p2a: Samurott|Ceaseless Edge|p1a: Slither Wing
|-resisted|p1a: Slither Wing
|-damage|p1a: Slither Wing|11/100
|-sidestart|p1: Yelo_Galaxy|Spikes
|move|p1a: Slither Wing|U-turn|p2a: Samurott
|-supereffective|p2a: Samurott
|-damage|p2a: Samurott|0 fnt
|faint|p2a: Samurott
|
|t:|1758962936
|-end|p1a: Slither Wing|Protosynthesis|[silent]
|switch|p1a: Walking Wake|Walking Wake|100/100|[from] U-turn
|-damage|p1a: Walking Wake|88/100|[from] Spikes
|-activate|p1a: Walking Wake|ability: Protosynthesis
|-start|p1a: Walking Wake|protosynthesisspe
|
|-weather|SunnyDay|[upkeep]
|upkeep
|
|t:|1758962940
|switch|p2a: Gallade|Gallade, M|100/100
|turn|6
|
|t:|1758962943
|move|p1a: Walking Wake|Weather Ball|p2a: Gallade
|-damage|p2a: Gallade|39/100
|move|p2a: Gallade|Sacred Sword|p1a: Walking Wake
|-damage|p1a: Walking Wake|8/100
|
|-weather|SunnyDay|[upkeep]
|upkeep
|turn|7
|
|t:|1758962951
|move|p1a: Walking Wake|Weather Ball|p2a: Gallade
|-damage|p2a: Gallade|0 fnt
|faint|p2a: Gallade
|
|-weather|SunnyDay|[upkeep]
|upkeep
|
|t:|1758962954
|switch|p2a: Dragapult|Dragapult, F|100/100
|turn|8
|
|t:|1758962958
|move|p1a: Walking Wake|Draco Meteor|p2a: Dragapult
|-supereffective|p2a: Dragapult
|-damage|p2a: Dragapult|0 fnt
|-unboost|p1a: Walking Wake|spa|2
|faint|p2a: Dragapult
|
|-weather|none
|-end|p1a: Walking Wake|Protosynthesis
|upkeep
|
|t:|1758962966
|switch|p2a: Enamorus|Enamorus, F|100/100
|turn|9
|
|t:|1758962973
|move|p2a: Enamorus|Earth Power|p1a: Walking Wake
|-damage|p1a: Walking Wake|0 fnt
|faint|p1a: Walking Wake
|-end|p1a: Walking Wake|Protosynthesis|[silent]
|
|upkeep
|
|t:|1758962975
|switch|p1a: Torkoal|Torkoal, F|100/100
|-damage|p1a: Torkoal|88/100|[from] Spikes
|-weather|SunnyDay|[from] ability: Drought|[of] p1a: Torkoal
|turn|10
|
|t:|1758962983
|move|p2a: Enamorus|Earth Power|p1a: Torkoal
|-supereffective|p1a: Torkoal
|-damage|p1a: Torkoal|7/100
|move|p1a: Torkoal|Overheat|p2a: Enamorus
|-damage|p2a: Enamorus|0 fnt
|-unboost|p1a: Torkoal|spa|2
|faint|p2a: Enamorus
|
|-weather|SunnyDay|[upkeep]
|upkeep
|
|t:|1758962993
|switch|p2a: Gholdengo|Gholdengo|94/100
|turn|11
|
|t:|1758962998
|move|p2a: Gholdengo|Hex|p1a: Torkoal
|-damage|p1a: Torkoal|0 fnt
|faint|p1a: Torkoal
|
|-weather|SunnyDay|[upkeep]
|upkeep
|
|t:|1758963001
|switch|p1a: Raging Bolt|Raging Bolt|100/100
|-damage|p1a: Raging Bolt|88/100|[from] Spikes
|-activate|p1a: Raging Bolt|ability: Protosynthesis
|-start|p1a: Raging Bolt|protosynthesisspa
|turn|12
|
|t:|1758963005
|move|p1a: Raging Bolt|Weather Ball|p2a: Gholdengo
|-supereffective|p2a: Gholdengo
|-crit|p2a: Gholdengo
|-damage|p2a: Gholdengo|0 fnt
|faint|p2a: Gholdengo
|-damage|p1a: Raging Bolt|78/100|[from] item: Life Orb
|
|win|Yelo_Galaxy
|raw|Yelo_Galaxy's rating: 1602 &rarr; <strong>1621</strong><br />(+19 for winning)
|raw|happy skadi's rating: 1584 &rarr; <strong>1565</strong><br />(-19 for losing)
|l|☆happy skadi
|player|p2|
|l|☆Yelo_Galaxy
|player|p1|
