|j|☆CDCS3SC
|j|☆StreetBoom
|t:|1759014417
|gametype|singles
|player|p1|CDCS3SC|ash-alola|
|player|p2|StreetBoom|#psstaff1|
|gen|9
|tier|[Gen 9] OU
|rule|HP Percentage Mod: HP is shown in percentages
|rule|Endless Battle Clause: Forcing endless battles is banned
|rule|Species Clause: Limit one of each Pokémon
|rule|OHKO Clause: OHKO moves are banned
|rule|Evasion Items Clause: Evasion items are banned
|rule|Evasion Moves Clause: Evasion moves are banned
|rule|Evasion Abilities Clause: Evasion abilities are banned
|rule|Sleep Moves Clause: Sleep-inducing moves are banned
|clearpoke
|poke|p1|Iron Valiant|
|poke|p1|Tornadus-Therian, M|
|poke|p1|Kyurem|
|poke|p1|Gholdengo|
|poke|p1|Great Tusk|
|poke|p1|Garchomp, F|
|poke|p2|Weavile, F|
|poke|p2|Pecharunt|
|poke|p2|Ting-Lu|
|poke|p2|Tinkaton, F|
|poke|p2|Keldeo-Resolute|
|poke|p2|Dragonite, F|
|teampreview
|inactive|Battle timer is ON: inactive players will automatically lose when time's up. (requested by CDCS3SC)
|inactive|StreetBoom also wants the timer to be on.
|c|☆CDCS3SC|Hf
|c|☆StreetBoom|glhf
|
|t:|1759014438
|teamsize|p1|6
|teamsize|p2|6
|start
|switch|p1a: Great Tusk|Great Tusk|100/100
|switch|p2a: Tinkaton|Tinkaton, F|100/100
|-item|p2a: Tinkaton|Air Balloon
|turn|1
|
|t:|1759014445
|move|p2a: Tinkaton|Stealth Rock|p1a: Great Tusk
|-sidestart|p1: CDCS3SC|move: Stealth Rock
|move|p1a: Great Tusk|Rapid Spin|p2a: Tinkaton
|-resisted|p2a: Tinkaton
|-damage|p2a: Tinkaton|91/100
|-boost|p1a: Great Tusk|spe|1
|-enditem|p2a: Tinkaton|Air Balloon
|-sideend|p1: CDCS3SC|Stealth Rock|[from] move: Rapid Spin|[of] p1a: Great Tusk
|-enditem|p1a: Great Tusk|Assault Vest|[silent]|[from] ability: Pickpocket|[of] p1a: Great Tusk
|-item|p2a: Tinkaton|Assault Vest|[from] ability: Pickpocket|[of] p1a: Great Tusk
|
|upkeep
|turn|2
|
|t:|1759014456
|move|p1a: Great Tusk|Headlong Rush|p2a: Tinkaton
|-supereffective|p2a: Tinkaton
|-damage|p2a: Tinkaton|0 fnt
|-unboost|p1a: Great Tusk|def|1
|-unboost|p1a: Great Tusk|spd|1
|faint|p2a: Tinkaton
|
|upkeep
|
|t:|1759014460
|switch|p2a: Keldeo|Keldeo-Resolute|100/100
|turn|3
|
|t:|1759014463
|-end|p1a: Great Tusk|Protosynthesis|[silent]
|switch|p1a: Tornadus|Tornadus-Therian, M|100/100
|move|p2a: Keldeo|Flip Turn|p1a: Tornadus
|-crit|p1a: Tornadus
|-damage|p1a: Tornadus|73/100
|
|t:|1759014466
|switch|p2a: Weavile|Weavile, F|100/100|[from] Flip Turn
|-ability|p2a: Weavile|Pressure
|
|upkeep
|turn|4
|
|t:|1759014480
|switch|p1a: Gholdengo|Gholdengo|100/100
|move|p2a: Weavile|Triple Axel|p1a: Gholdengo
|-resisted|p1a: Gholdengo
|-damage|p1a: Gholdengo|97/100
|-resisted|p1a: Gholdengo
|-damage|p1a: Gholdengo|90/100
|-resisted|p1a: Gholdengo
|-crit|p1a: Gholdengo
|-damage|p1a: Gholdengo|75/100
|-hitcount|p1a: Gholdengo|3
|
|upkeep
|turn|5
|
|t:|1759014489
|move|p2a: Weavile|Knock Off|p1a: Gholdengo
|-supereffective|p1a: Gholdengo
|-damage|p1a: Gholdengo|1/100
|-enditem|p1a: Gholdengo|Covert Cloak|[from] move: Knock Off|[of] p2a: Weavile
|move|p1a: Gholdengo|Shadow Ball|p2a: Weavile
|-resisted|p2a: Weavile
|-damage|p2a: Weavile|75/100
|
|upkeep
|turn|6
|
|t:|1759014495
|move|p2a: Weavile|Knock Off|p1a: Gholdengo
|-supereffective|p1a: Gholdengo
|-damage|p1a: Gholdengo|0 fnt
|faint|p1a: Gholdengo
|
|upkeep
|
|t:|1759014503
|switch|p1a: Iron Valiant|Iron Valiant|100/100
|-enditem|p1a: Iron Valiant|Booster Energy
|-activate|p1a: Iron Valiant|ability: Quark Drive|[fromitem]
|-start|p1a: Iron Valiant|quarkdrivespe
|turn|7
|
|t:|1759014509
|switch|p2a: Ting-Lu|Ting-Lu|100/100
|-ability|p2a: Ting-Lu|Vessel of Ruin
|move|p1a: Iron Valiant|Substitute|p1a: Iron Valiant
|-start|p1a: Iron Valiant|Substitute
|-damage|p1a: Iron Valiant|76/100
|
|upkeep
|turn|8
|
|t:|1759014515
|move|p1a: Iron Valiant|Swords Dance|p1a: Iron Valiant
|-boost|p1a: Iron Valiant|atk|2
|move|p2a: Ting-Lu|Whirlwind|p1a: Iron Valiant
|-end|p1a: Iron Valiant|Quark Drive|[silent]
|drag|p1a: Tornadus|Tornadus-Therian, M|100/100
|
|upkeep
|turn|9
|
|t:|1759014523
|move|p1a: Tornadus|Icy Wind|p2a: Ting-Lu
|-supereffective|p2a: Ting-Lu
|-damage|p2a: Ting-Lu|87/100
|-unboost|p2a: Ting-Lu|spe|1
|move|p2a: Ting-Lu|Ruination|p1a: Tornadus
|-damage|p1a: Tornadus|51/100
|
|upkeep
|turn|10
|
|t:|1759014530
|switch|p2a: Keldeo|Keldeo-Resolute|100/100
|move|p1a: Tornadus|Knock Off|p2a: Keldeo
|-resisted|p2a: Keldeo
|-damage|p2a: Keldeo|90/100
|-ability|p2a: Keldeo|Justified|boost
|-boost|p2a: Keldeo|atk|1
|-enditem|p2a: Keldeo|Heavy-Duty Boots|[from] move: Knock Off|[of] p1a: Tornadus
|
|upkeep
|turn|11
|
|t:|1759014544
|switch|p2a: Ting-Lu|Ting-Lu|87/100
|-ability|p2a: Ting-Lu|Vessel of Ruin
|move|p1a: Tornadus|Bleakwind Storm|p2a: Ting-Lu
|-damage|p2a: Ting-Lu|71/100
|-unboost|p2a: Ting-Lu|spe|1
|
|upkeep
|turn|12
|
|t:|1759014551
|move|p1a: Tornadus|U-turn|p2a: Ting-Lu
|-supereffective|p2a: Ting-Lu
|-damage|p2a: Ting-Lu|57/100
|-damage|p1a: Tornadus|34/100|[from] item: Rocky Helmet|[of] p2a: Ting-Lu
|
|t:|1759014556
|switch|p1a: Garchomp|Garchomp, F|100/100|[from] U-turn
|move|p2a: Ting-Lu|Whirlwind|p1a: Garchomp
|drag|p1a: Great Tusk|Great Tusk|100/100
|
|upkeep
|turn|13
|
|t:|1759014562
|move|p1a: Great Tusk|Knock Off|p2a: Ting-Lu
|-resisted|p2a: Ting-Lu
|-damage|p2a: Ting-Lu|50/100
|-damage|p1a: Great Tusk|84/100|[from] item: Rocky Helmet|[of] p2a: Ting-Lu
|-enditem|p2a: Ting-Lu|Rocky Helmet|[from] move: Knock Off|[of] p1a: Great Tusk
|move|p2a: Ting-Lu|Ruination|p1a: Great Tusk
|-damage|p1a: Great Tusk|42/100
|
|upkeep
|turn|14
|
|t:|1759014569
|move|p1a: Great Tusk|Rapid Spin|p2a: Ting-Lu
|-damage|p2a: Ting-Lu|42/100
|-boost|p1a: Great Tusk|spe|1
|move|p2a: Ting-Lu|Earthquake|p1a: Great Tusk
|-damage|p1a: Great Tusk|13/100
|
|upkeep
|turn|15
|
|t:|1759014574
|move|p1a: Great Tusk|Headlong Rush|p2a: Ting-Lu
|-damage|p2a: Ting-Lu|13/100
|-unboost|p1a: Great Tusk|def|1
|-unboost|p1a: Great Tusk|spd|1
|move|p2a: Ting-Lu|Earthquake|p1a: Great Tusk
|-damage|p1a: Great Tusk|0 fnt
|faint|p1a: Great Tusk
|-end|p1a: Great Tusk|Protosynthesis|[silent]
|
|upkeep
|
|t:|1759014582
|switch|p1a: Garchomp|Garchomp, F|100/100
|turn|16
|
|t:|1759014584
|move|p1a: Garchomp|Earthquake|p2a: Ting-Lu
|-crit|p2a: Ting-Lu
|-damage|p2a: Ting-Lu|0 fnt
|faint|p2a: Ting-Lu
|
|upkeep
|
|t:|1759014588
|switch|p2a: Weavile|Weavile, F|75/100
|-ability|p2a: Weavile|Pressure
|turn|17
|
|t:|1759014597
|move|p2a: Weavile|Triple Axel|p1a: Garchomp|[miss]
|-miss|p2a: Weavile|p1a: Garchomp
|move|p1a: Garchomp|Earthquake|p2a: Weavile
|-damage|p2a: Weavile|0 fnt
|faint|p2a: Weavile
|
|upkeep
|c|☆CDCS3SC|Mb
|c|☆StreetBoom|oh well
|
|t:|1759014608
|switch|p2a: Keldeo|Keldeo-Resolute|90/100
|turn|18
|
|t:|1759014611
|move|p2a: Keldeo|Hydro Pump|p1a: Garchomp
|-damage|p1a: Garchomp|42/100
|move|p1a: Garchomp|Earthquake|p2a: Keldeo
|-damage|p2a: Keldeo|37/100
|
|upkeep
|turn|19
|
|t:|1759014616
|switch|p1a: Tornadus|Tornadus-Therian, M|67/100
|move|p2a: Keldeo|Hydro Pump|p1a: Tornadus
|-damage|p1a: Tornadus|27/100
|
|upkeep
|turn|20
|
|t:|1759014621
|move|p1a: Tornadus|Bleakwind Storm|p2a: Keldeo
|-supereffective|p2a: Keldeo
|-damage|p2a: Keldeo|0 fnt
|faint|p2a: Keldeo
|
|upkeep
|
|t:|1759014624
|switch|p2a: Dragonite|Dragonite, F|100/100
|turn|21
|
|t:|1759014628
|move|p2a: Dragonite|Extreme Speed|p1a: Tornadus
|-damage|p1a: Tornadus|0 fnt
|faint|p1a: Tornadus
|
|upkeep
|
|t:|1759014631
|switch|p1a: Garchomp|Garchomp, F|42/100
|turn|22
|
|t:|1759014635
|move|p1a: Garchomp|Stone Edge|p2a: Dragonite
|-supereffective|p2a: Dragonite
|-damage|p2a: Dragonite|69/100
|move|p2a: Dragonite|Hurricane|p1a: Garchomp
|-damage|p1a: Garchomp|4/100
|-start|p1a: Garchomp|confusion
|
|upkeep
|turn|23
|
|t:|1759014641
|-activate|p1a: Garchomp|confusion
|-damage|p1a: Garchomp|0 fnt|[from] confusion
|faint|p1a: Garchomp
|move|p2a: Dragonite|Roost|p2a: Dragonite
|-heal|p2a: Dragonite|100/100
|-singleturn|p2a: Dragonite|move: Roost
|
|upkeep
|
|t:|1759014644
|switch|p1a: Kyurem|Kyurem|100/100
|-ability|p1a: Kyurem|Pressure
|turn|24
|
|t:|1759014654
|-terastallize|p1a: Kyurem|Ground
|move|p1a: Kyurem|Icicle Spear|p2a: Dragonite
|-supereffective|p2a: Dragonite
|-damage|p2a: Dragonite|70/100
|-supereffective|p2a: Dragonite
|-damage|p2a: Dragonite|6/100
|-supereffective|p2a: Dragonite
|-damage|p2a: Dragonite|0 fnt
|faint|p2a: Dragonite
|-hitcount|p2: Dragonite|3
|
|upkeep
|
|t:|1759014657
|switch|p2a: Pecharunt|Pecharunt|100/100
|turn|25
|
|t:|1759014663
|switch|p1a: Iron Valiant|Iron Valiant|76/100
|-terastallize|p2a: Pecharunt|Ghost
|move|p2a: Pecharunt|Malignant Chain|p1a: Iron Valiant
|-supereffective|p1a: Iron Valiant
|-damage|p1a: Iron Valiant|0 fnt
|faint|p1a: Iron Valiant
|-end|p1a: Iron Valiant|Quark Drive|[silent]
|
|upkeep
|
|t:|1759014665
|switch|p1a: Kyurem|Kyurem, tera:Ground|100/100
|-ability|p1a: Kyurem|Pressure
|turn|26
|
|t:|1759014669
|move|p1a: Kyurem|Substitute|p1a: Kyurem
|-start|p1a: Kyurem|Substitute
|-damage|p1a: Kyurem|76/100
|move|p2a: Pecharunt|Malignant Chain|p1a: Kyurem
|-resisted|p1a: Kyurem
|-activate|p1a: Kyurem|move: Substitute|[damage]
|
|upkeep
|turn|27
|
|t:|1759014677
|move|p1a: Kyurem|Dragon Dance|p1a: Kyurem
|-boost|p1a: Kyurem|atk|1
|-boost|p1a: Kyurem|spe|1
|move|p2a: Pecharunt|Malignant Chain|p1a: Kyurem
|-resisted|p1a: Kyurem
|-end|p1a: Kyurem|Substitute
|
|upkeep
|turn|28
|
|t:|1759014684
|move|p1a: Kyurem|Substitute|p1a: Kyurem
|-start|p1a: Kyurem|Substitute
|-damage|p1a: Kyurem|51/100
|move|p2a: Pecharunt|Hex|p1a: Kyurem
|-activate|p1a: Kyurem|move: Substitute|[damage]
|
|upkeep
|turn|29
|
|t:|1759014687
|move|p1a: Kyurem|Dragon Dance|p1a: Kyurem
|-boost|p1a: Kyurem|atk|1
|-boost|p1a: Kyurem|spe|1
|move|p2a: Pecharunt|Hex|p1a: Kyurem
|-end|p1a: Kyurem|Substitute
|
|upkeep
|turn|30
|
|t:|1759014689
|move|p1a: Kyurem|Icicle Spear|p2a: Pecharunt
|-damage|p2a: Pecharunt|88/100
|-damage|p2a: Pecharunt|73/100
|-damage|p2a: Pecharunt|59/100
|-damage|p2a: Pecharunt|44/100
|-damage|p2a: Pecharunt|30/100
|-hitcount|p2a: Pecharunt|5
|move|p2a: Pecharunt|Parting Shot|p1a: Kyurem
|-unboost|p1a: Kyurem|atk|1
|-unboost|p1a: Kyurem|spa|1
|
|upkeep
|turn|31
|
|t:|1759014692
|move|p1a: Kyurem|Icicle Spear|p2a: Pecharunt
|-damage|p2a: Pecharunt|19/100
|-damage|p2a: Pecharunt|9/100
|-damage|p2a: Pecharunt|0 fnt
|faint|p2a: Pecharunt
|-hitcount|p2: Pecharunt|3
|
|win|CDCS3SC
|c|☆StreetBoom|gg
|c|☆CDCS3SC|Thanls
|c|☆CDCS3SC|Thanks
|c|☆StreetBoom|yw
