|j|☆belphegorr
|j|☆lullaby disk
|t:|1759043429
|gametype|singles
|player|p1|belphegorr|hoopster|1329
|player|p2|lullaby disk|roxie-masters|1398
|gen|9
|tier|[Gen 9] OU
|rated|
|rule|HP Percentage Mod: HP is shown in percentages
|rule|Endless Battle Clause: Forcing endless battles is banned
|rule|Species Clause: Limit one of each Pokémon
|rule|OHKO Clause: OHKO moves are banned
|rule|Evasion Items Clause: Evasion items are banned
|rule|Evasion Moves Clause: Evasion moves are banned
|rule|Evasion Abilities Clause: Evasion abilities are banned
|rule|Sleep Moves Clause: Sleep-inducing moves are banned
|clearpoke
|poke|p1|Samurott-Hisui, F|
|poke|p1|Coalossal, F|
|poke|p1|Scyther, F|
|poke|p1|Ogerpon, F|
|poke|p1|Weavile, M|
|poke|p1|Gengar, F|
|poke|p2|Tyranitar, F|
|poke|p2|Excadrill, F|
|poke|p2|Ogerpon-Wellspring, F|
|poke|p2|Corviknight, F|
|poke|p2|Iron Valiant|
|poke|p2|Raging Bolt|
|teampreview
|inactive|Battle timer is ON: inactive players will automatically lose when time's up. (requested by lullaby disk)
|
|t:|1759043444
|teamsize|p1|6
|teamsize|p2|6
|start
|switch|p1a: Samurott|Samurott-Hisui, F, shiny|100/100
|switch|p2a: Tyranitar|Tyranitar, F|100/100
|-weather|Sandstorm|[from] ability: Sand Stream|[of] p2a: Tyranitar
|turn|1
|
|t:|1759043470
|switch|p2a: Corviknight|Corviknight, F|100/100
|-ability|p2a: Corviknight|Pressure
|move|p1a: Samurott|Sacred Sword|p2a: Corviknight
|-damage|p2a: Corviknight|74/100
|-damage|p1a: Samurott|84/100|[from] item: Rocky Helmet|[of] p2a: Corviknight
|
|-weather|Sandstorm|[upkeep]
|-damage|p1a: Samurott|78/100|[from] Sandstorm
|upkeep
|turn|2
|
|t:|1759043483
|move|p1a: Samurott|Ceaseless Edge|p2a: Corviknight
|-damage|p2a: Corviknight|45/100
|-damage|p1a: Samurott|61/100|[from] item: Rocky Helmet|[of] p2a: Corviknight
|-sidestart|p2: lullaby disk|Spikes
|move|p2a: Corviknight|U-turn|p1a: Samurott
|-supereffective|p1a: Samurott
|-crit|p1a: Samurott
|-damage|p1a: Samurott|3/100
|inactive|lullaby disk has 120 seconds left.
|
|t:|1759043513
|switch|p2a: Excadrill|Excadrill, F|100/100|[from] U-turn
|-damage|p2a: Excadrill|88/100|[from] Spikes
|
|-weather|Sandstorm|[upkeep]
|-damage|p1a: Samurott|0 fnt|[from] Sandstorm
|faint|p1a: Samurott
|upkeep
|
|t:|1759043521
|switch|p1a: Scyther|Scyther, F, shiny|100/100
|turn|3
|inactive|lullaby disk has 90 seconds left.
|
|t:|1759043552
|move|p2a: Excadrill|Rock Slide|p1a: Scyther
|-supereffective|p1a: Scyther
|-damage|p1a: Scyther|0 fnt
|faint|p1a: Scyther
|
|-weather|Sandstorm|[upkeep]
|upkeep
|
|t:|1759043561
|switch|p1a: Weavile|Weavile, M|100/100
|turn|4
|inactive|lullaby disk has 90 seconds left.
|
|t:|1759043592
|move|p2a: Excadrill|Rock Slide|p1a: Weavile
|-supereffective|p1a: Weavile
|-enditem|p1a: Weavile|Focus Sash
|-damage|p1a: Weavile|1/100
|move|p1a: Weavile|Knock Off|p2a: Excadrill
|-damage|p2a: Excadrill|17/100
|-enditem|p2a: Excadrill|Choice Band|[from] move: Knock Off|[of] p1a: Weavile
|
|-weather|Sandstorm|[upkeep]
|-damage|p1a: Weavile|0 fnt|[from] Sandstorm
|faint|p1a: Weavile
|upkeep
|inactive|belphegorr has 120 seconds left.
|
|t:|1759043623
|switch|p1a: Ogerpon|Ogerpon, F|100/100
|turn|5
|
|t:|1759043632
|move|p2a: Excadrill|Iron Head|p1a: Ogerpon
|-damage|p1a: Ogerpon|44/100
|cant|p1a: Ogerpon|flinch
|
|-weather|Sandstorm|[upkeep]
|-damage|p1a: Ogerpon|38/100|[from] Sandstorm
|upkeep
|turn|6
|c|☆lullaby disk|mb
|
|t:|1759043650
|switch|p1a: Coalossal|Coalossal, F|100/100
|move|p2a: Excadrill|Earthquake|p1a: Coalossal
|-supereffective|p1a: Coalossal
|-damage|p1a: Coalossal|0 fnt
|faint|p1a: Coalossal
|
|-weather|Sandstorm|[upkeep]
|upkeep
|
|t:|1759043658
|switch|p1a: Gengar|Gengar, F|100/100
|turn|7
|
|t:|1759043661
|move|p2a: Excadrill|Iron Head|p1a: Gengar
|-damage|p1a: Gengar|18/100
|move|p1a: Gengar|Shadow Ball|p2a: Excadrill
|-damage|p2a: Excadrill|0 fnt
|faint|p2a: Excadrill
|
|-weather|Sandstorm|[upkeep]
|-damage|p1a: Gengar|12/100|[from] Sandstorm
|upkeep
|inactive|lullaby disk has 90 seconds left.
|
|t:|1759043672
|switch|p2a: Iron Valiant|Iron Valiant|100/100
|-damage|p2a: Iron Valiant|88/100|[from] Spikes
|-enditem|p2a: Iron Valiant|Booster Energy
|-activate|p2a: Iron Valiant|ability: Quark Drive|[fromitem]
|-start|p2a: Iron Valiant|quarkdrivespe
|turn|8
|
|t:|1759043677
|move|p2a: Iron Valiant|Knock Off|p1a: Gengar
|-supereffective|p1a: Gengar
|-damage|p1a: Gengar|0 fnt
|-enditem|p1a: Gengar|Focus Sash|[from] move: Knock Off|[of] p2a: Iron Valiant
|faint|p1a: Gengar
|
|-weather|none
|upkeep
|
|t:|1759043679
|switch|p1a: Ogerpon|Ogerpon, F|38/100
|turn|9
|
|t:|1759043686
|-terastallize|p1a: Ogerpon|Grass
|detailschange|p1a: Ogerpon|Ogerpon-Teal-Tera, F, tera:Grass
|-ability|p1a: Ogerpon|Embody Aspect (Teal)|boost
|-boost|p1a: Ogerpon|spe|1
|move|p2a: Iron Valiant|Close Combat|p1a: Ogerpon
|-crit|p1a: Ogerpon
|-damage|p1a: Ogerpon|0 fnt
|-unboost|p2a: Iron Valiant|def|1
|-unboost|p2a: Iron Valiant|spd|1
|faint|p1a: Ogerpon
|detailschange|p1: Ogerpon|Ogerpon, F|[silent]
|
|win|lullaby disk
|raw|belphegorr's rating: 1329 &rarr; <strong>1313</strong><br />(-16 for losing)
|raw|lullaby disk's rating: 1398 &rarr; <strong>1414</strong><br />(+16 for winning)
