|j|☆The Power of Spam
|j|☆Goodnight Yubi
|t:|1758999388
|gametype|singles
|player|p1|The Power of Spam|worker|1416
|player|p2|Goodnight Yubi|brycenman|1464
|gen|9
|tier|[Gen 9] OU
|rated|
|rule|HP Percentage Mod: HP is shown in percentages
|rule|Endless Battle Clause: Forcing endless battles is banned
|rule|Species Clause: Limit one of each Pokémon
|rule|OHKO Clause: OHKO moves are banned
|rule|Evasion Items Clause: Evasion items are banned
|rule|Evasion Moves Clause: Evasion moves are banned
|rule|Evasion Abilities Clause: Evasion abilities are banned
|rule|Sleep Moves Clause: Sleep-inducing moves are banned
|clearpoke
|poke|p1|Landorus-Therian, M|
|poke|p1|Greninja-*, M|
|poke|p1|Tsareena, F|
|poke|p1|Deoxys-Speed|
|poke|p1|Iron Hands|
|poke|p1|Heatran, F|
|poke|p2|Garganacl, F|
|poke|p2|Weezing-Galar, M|
|poke|p2|Gliscor, F|
|poke|p2|Zamazenta-*|
|poke|p2|Ogerpon-Wellspring, F|
|poke|p2|Zapdos|
|teampreview
|
|t:|1758999401
|teamsize|p1|6
|teamsize|p2|6
|start
|switch|p1a: Deoxys|Deoxys-Speed|100/100
|switch|p2a: Garganacl|Garganacl, F|100/100
|-ability|p1a: Deoxys|Pressure
|turn|1
|
|t:|1758999408
|move|p1a: Deoxys|Knock Off|p2a: Garganacl
|-damage|p2a: Garganacl|83/100
|-enditem|p2a: Garganacl|Leftovers|[from] move: Knock Off|[of] p1a: Deoxys
|move|p2a: Garganacl|Salt Cure|p1a: Deoxys
|-damage|p1a: Deoxys|78/100
|-start|p1a: Deoxys|Salt Cure
|
|-damage|p1a: Deoxys|66/100|[from] Salt Cure
|upkeep
|turn|2
|
|t:|1758999417
|move|p1a: Deoxys|Stealth Rock|p2a: Garganacl
|-sidestart|p2: Goodnight Yubi|move: Stealth Rock
|move|p2a: Garganacl|Stealth Rock|p1a: Deoxys
|-sidestart|p1: The Power of Spam|move: Stealth Rock
|
|-damage|p1a: Deoxys|53/100|[from] Salt Cure
|upkeep
|turn|3
|
|t:|1758999425
|move|p1a: Deoxys|Superpower|p2a: Garganacl
|-supereffective|p2a: Garganacl
|-damage|p2a: Garganacl|43/100
|-unboost|p1a: Deoxys|atk|1
|-unboost|p1a: Deoxys|def|1
|-enditem|p1a: Deoxys|Eject Pack
|
|t:|1758999430
|switch|p1a: Iron Hands|Iron Hands|100/100
|-damage|p1a: Iron Hands|94/100|[from] Stealth Rock
|move|p2a: Garganacl|Salt Cure|p1a: Iron Hands
|-resisted|p1a: Iron Hands
|-damage|p1a: Iron Hands|90/100
|-start|p1a: Iron Hands|Salt Cure
|
|-damage|p1a: Iron Hands|77/100|[from] Salt Cure
|upkeep
|turn|4
|
|t:|1758999444
|switch|p2a: Weezing|Weezing-Galar, M|100/100
|-ability|p2a: Weezing|Neutralizing Gas
|move|p1a: Iron Hands|Drain Punch|p2a: Weezing
|-resisted|p2a: Weezing
|-damage|p2a: Weezing|93/100
|-heal|p1a: Iron Hands|80/100|[from] drain|[of] p2a: Weezing
|
|-damage|p1a: Iron Hands|67/100|[from] Salt Cure
|upkeep
|turn|5
|
|t:|1758999458
|-end|p2a: Weezing|ability: Neutralizing Gas
|switch|p2a: Ogerpon|Ogerpon-Wellspring, F|100/100
|-damage|p2a: Ogerpon|88/100|[from] Stealth Rock
|-end|p1a: Iron Hands|Quark Drive|[silent]
|switch|p1a: Heatran|Heatran, F|100/100
|-damage|p1a: Heatran|88/100|[from] Stealth Rock
|
|-heal|p1a: Heatran|94/100|[from] item: Leftovers
|upkeep
|turn|6
|
|t:|1758999480
|switch|p1a: Tsareena|Tsareena, F, shiny|100/100
|move|p2a: Ogerpon|Ivy Cudgel|p1a: Tsareena|[anim] Ivy Cudgel Water
|-resisted|p1a: Tsareena
|-damage|p1a: Tsareena|78/100
|
|upkeep
|turn|7
|
|t:|1758999493
|switch|p2a: Zapdos|Zapdos|100/100
|move|p1a: Tsareena|Rapid Spin|p2a: Zapdos
|-damage|p2a: Zapdos|83/100
|-boost|p1a: Tsareena|spe|1
|-sideend|p1: The Power of Spam|Stealth Rock|[from] move: Rapid Spin|[of] p1a: Tsareena
|
|upkeep
|turn|8
|
|t:|1758999504
|switch|p1a: Heatran|Heatran, F|94/100
|move|p2a: Zapdos|Hurricane|p1a: Heatran
|-resisted|p1a: Heatran
|-damage|p1a: Heatran|71/100
|-start|p1a: Heatran|confusion
|
|-heal|p1a: Heatran|78/100|[from] item: Leftovers
|upkeep
|turn|9
|
|t:|1758999514
|move|p2a: Zapdos|U-turn|p1a: Heatran
|-resisted|p1a: Heatran
|-damage|p1a: Heatran|75/100
|
|t:|1758999516
|switch|p2a: Gliscor|Gliscor, F|100/100|[from] U-turn
|-damage|p2a: Gliscor|88/100|[from] Stealth Rock
|-activate|p1a: Heatran|confusion
|move|p1a: Heatran|Magma Storm|p2a: Gliscor|[miss]
|-miss|p1a: Heatran|p2a: Gliscor
|
|-heal|p1a: Heatran|81/100|[from] item: Leftovers
|-status|p2a: Gliscor|tox|[from] item: Toxic Orb
|upkeep
|turn|10
|
|t:|1758999532
|switch|p1a: Tsareena|Tsareena, F, shiny|78/100
|move|p2a: Gliscor|Knock Off|p1a: Tsareena
|-damage|p1a: Tsareena|63/100
|-enditem|p1a: Tsareena|Heavy-Duty Boots|[from] move: Knock Off|[of] p2a: Gliscor
|
|-heal|p2a: Gliscor|100/100 tox|[from] ability: Poison Heal
|upkeep
|turn|11
|
|t:|1758999545
|switch|p2a: Weezing|Weezing-Galar, M|93/100
|-ability|p2a: Weezing|Neutralizing Gas
|move|p1a: Tsareena|Synthesis|p1a: Tsareena
|-heal|p1a: Tsareena|100/100
|
|upkeep
|turn|12
|
|t:|1758999553
|switch|p1a: Deoxys|Deoxys-Speed|53/100
|move|p2a: Weezing|Defog|p1a: Deoxys
|-unboost|p1a: Deoxys|evasion|1
|-sideend|p2: Goodnight Yubi|Stealth Rock|[from] move: Defog|[of] p2a: Weezing
|
|upkeep
|turn|13
|
|t:|1758999563
|-end|p2a: Weezing|ability: Neutralizing Gas
|-ability|p1a: Deoxys|Pressure
|switch|p2a: Gliscor|Gliscor, F|100/100 tox
|move|p1a: Deoxys|Stealth Rock|p2a: Gliscor
|-sidestart|p2: Goodnight Yubi|move: Stealth Rock
|
|upkeep
|turn|14
|
|t:|1758999573
|move|p1a: Deoxys|Psycho Boost|p2a: Gliscor
|-damage|p2a: Gliscor|46/100 tox
|-unboost|p1a: Deoxys|spa|2
|move|p2a: Gliscor|Knock Off|p1a: Deoxys
|-supereffective|p1a: Deoxys
|-damage|p1a: Deoxys|11/100
|
|-heal|p2a: Gliscor|58/100 tox|[from] ability: Poison Heal
|upkeep
|turn|15
|
|t:|1758999584
|switch|p1a: Iron Hands|Iron Hands|67/100
|move|p2a: Gliscor|Protect||[still]
|-fail|p2a: Gliscor
|
|-heal|p2a: Gliscor|71/100 tox|[from] ability: Poison Heal
|upkeep
|turn|16
|
|t:|1758999593
|switch|p2a: Weezing|Weezing-Galar, M|93/100
|-ability|p2a: Weezing|Neutralizing Gas
|move|p1a: Iron Hands|Fake Out|p2a: Weezing
|-damage|p2a: Weezing|83/100
|
|upkeep
|turn|17
|
|t:|1758999601
|move|p2a: Weezing|Sludge Bomb|p1a: Iron Hands
|-damage|p1a: Iron Hands|51/100
|move|p1a: Iron Hands|Wild Charge|p2a: Weezing
|-damage|p2a: Weezing|47/100
|-damage|p1a: Iron Hands|45/100|[from] Recoil
|
|upkeep
|turn|18
|
|t:|1758999608
|move|p2a: Weezing|Will-O-Wisp|p1a: Iron Hands
|-status|p1a: Iron Hands|brn
|move|p1a: Iron Hands|Wild Charge|p2a: Weezing
|-damage|p2a: Weezing|30/100
|-damage|p1a: Iron Hands|42/100 brn|[from] Recoil
|
|-damage|p1a: Iron Hands|36/100 brn|[from] brn
|upkeep
|turn|19
|
|t:|1758999618
|-end|p1a: Iron Hands|Quark Drive|[silent]
|switch|p1a: Heatran|Heatran, F|81/100
|move|p2a: Weezing|Defog|p1a: Heatran
|-unboost|p1a: Heatran|evasion|1
|-sideend|p2: Goodnight Yubi|Stealth Rock|[from] move: Defog|[of] p2a: Weezing
|
|-heal|p1a: Heatran|87/100|[from] item: Leftovers
|upkeep
|turn|20
|
|t:|1758999631
|-end|p2a: Weezing|ability: Neutralizing Gas
|switch|p2a: Gliscor|Gliscor, F|71/100 tox
|move|p1a: Heatran|Magma Storm|p2a: Gliscor|[miss]
|-miss|p1a: Heatran|p2a: Gliscor
|
|-heal|p1a: Heatran|93/100|[from] item: Leftovers
|-heal|p2a: Gliscor|83/100 tox|[from] ability: Poison Heal
|upkeep
|turn|21
|
|t:|1758999642
|move|p2a: Gliscor|Earthquake|p1a: Heatran
|-supereffective|p1a: Heatran
|-damage|p1a: Heatran|0 fnt
|faint|p1a: Heatran
|
|-heal|p2a: Gliscor|96/100 tox|[from] ability: Poison Heal
|upkeep
|
|t:|1758999650
|switch|p1a: Greninja|Greninja, M|100/100
|turn|22
|
|t:|1758999659
|switch|p2a: Zamazenta|Zamazenta|100/100
|-ability|p2a: Zamazenta|Dauntless Shield|boost
|-boost|p2a: Zamazenta|def|1
|move|p1a: Greninja|Ice Beam|p2a: Zamazenta
|-damage|p2a: Zamazenta|75/100
|
|upkeep
|turn|23
|
|t:|1758999679
|switch|p2a: Zapdos|Zapdos|83/100
|switch|p1a: Iron Hands|Iron Hands|36/100 brn
|
|-damage|p1a: Iron Hands|30/100 brn|[from] brn
|upkeep
|turn|24
|
|t:|1758999687
|move|p2a: Zapdos|Hurricane|p1a: Iron Hands|[miss]
|-miss|p2a: Zapdos|p1a: Iron Hands
|move|p1a: Iron Hands|Ice Punch|p2a: Zapdos
|-supereffective|p2a: Zapdos
|-damage|p2a: Zapdos|43/100
|
|-damage|p1a: Iron Hands|23/100 brn|[from] brn
|upkeep
|turn|25
|
|t:|1758999702
|-end|p1a: Iron Hands|Quark Drive|[silent]
|switch|p1a: Landorus|Landorus-Therian, M|100/100
|-ability|p1a: Landorus|Intimidate|boost
|-unboost|p2a: Zapdos|atk|1
|move|p2a: Zapdos|Roost|p2a: Zapdos
|-heal|p2a: Zapdos|94/100
|-singleturn|p2a: Zapdos|move: Roost
|
|upkeep
|turn|26
|
|t:|1758999715
|switch|p2a: Gliscor|Gliscor, F|96/100 tox
|move|p1a: Landorus|Stone Edge|p2a: Gliscor
|-damage|p2a: Gliscor|65/100 tox
|
|-heal|p2a: Gliscor|77/100 tox|[from] ability: Poison Heal
|upkeep
|turn|27
|
|t:|1758999729
|switch|p1a: Iron Hands|Iron Hands|23/100 brn
|move|p2a: Gliscor|Toxic|p1a: Iron Hands|[miss]
|-miss|p2a: Gliscor|p1a: Iron Hands
|
|-heal|p2a: Gliscor|90/100 tox|[from] ability: Poison Heal
|-damage|p1a: Iron Hands|17/100 brn|[from] brn
|upkeep
|turn|28
|
|t:|1758999738
|move|p2a: Gliscor|Earthquake|p1a: Iron Hands
|-supereffective|p1a: Iron Hands
|-damage|p1a: Iron Hands|0 fnt
|faint|p1a: Iron Hands
|-end|p1a: Iron Hands|Quark Drive|[silent]
|
|-heal|p2a: Gliscor|100/100 tox|[from] ability: Poison Heal
|upkeep
|
|t:|1758999746
|switch|p1a: Greninja|Greninja, M|100/100
|turn|29
|
|t:|1758999759
|switch|p2a: Ogerpon|Ogerpon-Wellspring, F|88/100
|move|p1a: Greninja|Ice Beam|p2a: Ogerpon
|-crit|p2a: Ogerpon
|-damage|p2a: Ogerpon|44/100
|
|upkeep
|turn|30
|
|t:|1758999769
|move|p1a: Greninja|Ice Beam|p2a: Ogerpon
|-damage|p2a: Ogerpon|11/100
|-status|p2a: Ogerpon|frz
|cant|p2a: Ogerpon|frz
|
|upkeep
|turn|31
|
|t:|1758999778
|switch|p2a: Zamazenta|Zamazenta|75/100
|move|p1a: Greninja|Ice Beam|p2a: Zamazenta
|-damage|p2a: Zamazenta|49/100
|
|upkeep
|turn|32
|
|t:|1758999786
|switch|p1a: Landorus|Landorus-Therian, M|100/100
|-ability|p1a: Landorus|Intimidate|boost
|-unboost|p2a: Zamazenta|atk|1
|move|p2a: Zamazenta|Close Combat|p1a: Landorus
|-resisted|p1a: Landorus
|-damage|p1a: Landorus|68/100
|-unboost|p2a: Zamazenta|def|1
|-unboost|p2a: Zamazenta|spd|1
|-damage|p2a: Zamazenta|39/100|[from] item: Life Orb
|
|upkeep
|turn|33
|
|t:|1758999796
|switch|p2a: Gliscor|Gliscor, F|100/100 tox
|move|p1a: Landorus|U-turn|p2a: Gliscor
|-resisted|p2a: Gliscor
|-damage|p2a: Gliscor|90/100 tox
|
|t:|1758999807
|switch|p1a: Greninja|Greninja, M|100/100|[from] U-turn
|
|-heal|p2a: Gliscor|100/100 tox|[from] ability: Poison Heal
|upkeep
|turn|34
|
|t:|1758999814
|-terastallize|p2a: Gliscor|Normal
|move|p1a: Greninja|U-turn|p2a: Gliscor
|-damage|p2a: Gliscor|90/100 tox
|
|t:|1758999822
|switch|p1a: Landorus|Landorus-Therian, M|68/100|[from] U-turn
|-ability|p1a: Landorus|Intimidate|boost
|-unboost|p2a: Gliscor|atk|1
|move|p2a: Gliscor|Earthquake|p1a: Landorus
|-immune|p1a: Landorus
|
|-heal|p2a: Gliscor|100/100 tox|[from] ability: Poison Heal
|upkeep
|turn|35
|
|t:|1758999833
|move|p1a: Landorus|U-turn|p2a: Gliscor
|-damage|p2a: Gliscor|77/100 tox
|
|t:|1758999836
|switch|p1a: Deoxys|Deoxys-Speed|11/100|[from] U-turn
|-ability|p1a: Deoxys|Pressure
|move|p2a: Gliscor|Toxic|p1a: Deoxys
|-status|p1a: Deoxys|tox
|
|-damage|p1a: Deoxys|5/100 tox|[from] psn
|-heal|p2a: Gliscor|89/100 tox|[from] ability: Poison Heal
|upkeep
|turn|36
|
|t:|1758999847
|move|p1a: Deoxys|Stealth Rock|p2a: Gliscor
|-sidestart|p2: Goodnight Yubi|move: Stealth Rock
|move|p2a: Gliscor|Knock Off|p1a: Deoxys
|-supereffective|p1a: Deoxys
|-damage|p1a: Deoxys|0 fnt
|faint|p1a: Deoxys
|
|-heal|p2a: Gliscor|100/100 tox|[from] ability: Poison Heal
|upkeep
|
|t:|1758999859
|switch|p1a: Landorus|Landorus-Therian, M|68/100
|-ability|p1a: Landorus|Intimidate|boost
|-unboost|p2a: Gliscor|atk|1
|turn|37
|
|t:|1758999864
|-terastallize|p1a: Landorus|Flying
|move|p1a: Landorus|Tera Blast|p2a: Gliscor|[anim] Tera Blast Flying
|-damage|p2a: Gliscor|52/100 tox
|move|p2a: Gliscor|Toxic|p1a: Landorus
|-status|p1a: Landorus|tox
|
|-damage|p1a: Landorus|62/100 tox|[from] psn
|-heal|p2a: Gliscor|64/100 tox|[from] ability: Poison Heal
|upkeep
|turn|38
|
|t:|1758999875
|move|p2a: Gliscor|Protect|p2a: Gliscor
|-singleturn|p2a: Gliscor|Protect
|move|p1a: Landorus|Tera Blast|p2a: Gliscor|[anim] Tera Blast Flying
|-activate|p2a: Gliscor|move: Protect
|
|-damage|p1a: Landorus|50/100 tox|[from] psn
|-heal|p2a: Gliscor|77/100 tox|[from] ability: Poison Heal
|upkeep
|turn|39
|
|t:|1758999884
|move|p1a: Landorus|Tera Blast|p2a: Gliscor|[anim] Tera Blast Flying
|-damage|p2a: Gliscor|24/100 tox
|move|p2a: Gliscor|Knock Off|p1a: Landorus
|-damage|p1a: Landorus|36/100 tox
|-enditem|p1a: Landorus|Choice Scarf|[from] move: Knock Off|[of] p2a: Gliscor
|
|-damage|p1a: Landorus|17/100 tox|[from] psn
|-heal|p2a: Gliscor|36/100 tox|[from] ability: Poison Heal
|upkeep
|turn|40
|
|t:|1758999894
|move|p2a: Gliscor|Protect|p2a: Gliscor
|-singleturn|p2a: Gliscor|Protect
|move|p1a: Landorus|Tera Blast|p2a: Gliscor|[anim] Tera Blast Flying
|-activate|p2a: Gliscor|move: Protect
|
|-damage|p1a: Landorus|0 fnt|[from] psn
|faint|p1a: Landorus
|-heal|p2a: Gliscor|49/100 tox|[from] ability: Poison Heal
|upkeep
|
|t:|1758999905
|switch|p1a: Greninja|Greninja, M|100/100
|turn|41
|
|t:|1758999915
|switch|p2a: Ogerpon|Ogerpon-Wellspring, F|11/100 frz
|-damage|p2a: Ogerpon|0 fnt|[from] Stealth Rock
|faint|p2a: Ogerpon
|move|p1a: Greninja|Dark Pulse|p2: Ogerpon|[notarget]
|-fail|p1a: Greninja
|
|upkeep
|
|t:|1758999920
|switch|p2a: Zapdos|Zapdos|94/100
|turn|42
|
|t:|1758999927
|move|p1a: Greninja|Ice Beam|p2a: Zapdos
|-supereffective|p2a: Zapdos
|-damage|p2a: Zapdos|33/100
|move|p2a: Zapdos|Thunderbolt|p1a: Greninja
|-supereffective|p1a: Greninja
|-damage|p1a: Greninja|0 fnt
|faint|p1a: Greninja
|
|upkeep
|-message|The Power of Spam forfeited.
|
|win|Goodnight Yubi
|raw|The Power of Spam's rating: 1416 &rarr; <strong>1399</strong><br />(-17 for losing)
|raw|Goodnight Yubi's rating: 1464 &rarr; <strong>1481</strong><br />(+17 for winning)
|l|☆The Power of Spam
|player|p1|
|l|☆Goodnight Yubi
|player|p2|
