|j|☆4DEF+4SPD=GG
|j|☆staroregon
|t:|1758932684
|gametype|singles
|player|p1|4DEF+4SPD=GG|preschooler|1607
|player|p2|staroregon|gentleman|1542
|gen|9
|tier|[Gen 9] OU
|rated|
|rule|HP Percentage Mod: HP is shown in percentages
|rule|Endless Battle Clause: Forcing endless battles is banned
|rule|Species Clause: Limit one of each Pokémon
|rule|OHKO Clause: OHKO moves are banned
|rule|Evasion Items Clause: Evasion items are banned
|rule|Evasion Moves Clause: Evasion moves are banned
|rule|Evasion Abilities Clause: Evasion abilities are banned
|rule|Sleep Moves Clause: Sleep-inducing moves are banned
|clearpoke
|poke|p1|Tyranitar, M|
|poke|p1|Excadrill, M|
|poke|p1|Corviknight, M|
|poke|p1|Glimmora, M|
|poke|p1|Hippowdon, M|
|poke|p1|Scizor, M|
|poke|p2|Pelipper, M|
|poke|p2|Thundurus, M|
|poke|p2|Tornadus-Therian, M|
|poke|p2|Overqwil, M|
|poke|p2|Walking Wake|
|poke|p2|Slowking-Galar, M|
|teampreview
|inactive|Battle timer is ON: inactive players will automatically lose when time's up. (requested by staroregon)
|inactive|4DEF+4SPD=GG also wants the timer to be on.
|
|t:|1758932699
|teamsize|p1|6
|teamsize|p2|6
|start
|switch|p1a: Glimmora|Glimmora, M|100/100
|switch|p2a: Walking Wake|Walking Wake|100/100
|turn|1
|
|t:|1758932703
|-terastallize|p1a: Glimmora|Bug
|move|p2a: Walking Wake|Hydro Steam|p1a: Glimmora
|-damage|p1a: Glimmora|19/100
|move|p1a: Glimmora|Rock Polish|p1a: Glimmora
|-boost|p1a: Glimmora|spe|2
|
|upkeep
|turn|2
|
|t:|1758932707
|move|p1a: Glimmora|Meteor Beam||[still]
|-prepare|p1a: Glimmora|Meteor Beam
|-boost|p1a: Glimmora|spa|1
|-enditem|p1a: Glimmora|Power Herb
|-anim|p1a: Glimmora|Meteor Beam|p2a: Walking Wake
|-damage|p2a: Walking Wake|0 fnt
|faint|p2a: Walking Wake
|-end|p2a: Walking Wake|Protosynthesis|[silent]
|
|upkeep
|
|t:|1758932714
|switch|p2a: Slowking|Slowking-Galar, M|100/100
|turn|3
|
|t:|1758932718
|move|p1a: Glimmora|Earth Power|p2a: Slowking
|-supereffective|p2a: Slowking
|-damage|p2a: Slowking|41/100
|move|p2a: Slowking|Sludge Bomb|p1a: Glimmora
|-damage|p1a: Glimmora|0 fnt
|faint|p1a: Glimmora
|
|upkeep
|
|t:|1758932723
|switch|p1a: Scizor|Scizor, M|100/100
|turn|4
|
|t:|1758932729
|move|p1a: Scizor|Knock Off|p2a: Slowking
|-supereffective|p2a: Slowking
|-damage|p2a: Slowking|0 fnt
|-enditem|p2a: Slowking|Heavy-Duty Boots|[from] move: Knock Off|[of] p1a: Scizor
|faint|p2a: Slowking
|
|upkeep
|
|t:|1758932731
|switch|p2a: Pelipper|Pelipper, M|100/100
|-weather|RainDance|[from] ability: Drizzle|[of] p2a: Pelipper
|turn|5
|
|t:|1758932734
|switch|p1a: Tyranitar|Tyranitar, M|100/100
|-weather|Sandstorm|[from] ability: Sand Stream|[of] p1a: Tyranitar
|move|p2a: Pelipper|U-turn|p1a: Tyranitar
|-supereffective|p1a: Tyranitar
|-damage|p1a: Tyranitar|89/100
|
|t:|1758932739
|switch|p2a: Overqwil|Overqwil, M|100/100|[from] U-turn
|
|-weather|Sandstorm|[upkeep]
|-damage|p2a: Overqwil|94/100|[from] Sandstorm
|upkeep
|turn|6
|
|t:|1758932745
|switch|p1a: Corviknight|Corviknight, M|100/100
|move|p2a: Overqwil|Liquidation|p1a: Corviknight
|-damage|p1a: Corviknight|81/100
|-damage|p2a: Overqwil|78/100|[from] item: Rocky Helmet|[of] p1a: Corviknight
|-damage|p2a: Overqwil|68/100|[from] item: Life Orb
|
|-weather|Sandstorm|[upkeep]
|-damage|p2a: Overqwil|62/100|[from] Sandstorm
|upkeep
|turn|7
|
|t:|1758932752
|move|p2a: Overqwil|Swords Dance|p2a: Overqwil
|-boost|p2a: Overqwil|atk|2
|move|p1a: Corviknight|U-turn|p2a: Overqwil
|-damage|p2a: Overqwil|46/100
|
|t:|1758932755
|switch|p1a: Excadrill|Excadrill, M|100/100|[from] U-turn
|
|-weather|Sandstorm|[upkeep]
|-damage|p2a: Overqwil|40/100|[from] Sandstorm
|upkeep
|turn|8
|
|t:|1758932757
|switch|p2a: Pelipper|Pelipper, M|100/100
|-weather|RainDance|[from] ability: Drizzle|[of] p2a: Pelipper
|move|p1a: Excadrill|Earthquake|p2a: Pelipper
|-immune|p2a: Pelipper
|
|-weather|RainDance|[upkeep]
|upkeep
|turn|9
|
|t:|1758932765
|switch|p1a: Hippowdon|Hippowdon, M|100/100
|-weather|Sandstorm|[from] ability: Sand Stream|[of] p1a: Hippowdon
|move|p2a: Pelipper|U-turn|p1a: Hippowdon
|-damage|p1a: Hippowdon|95/100
|
|t:|1758932774
|switch|p2a: Thundurus|Thundurus, M|100/100|[from] U-turn
|
|-weather|Sandstorm|[upkeep]
|-damage|p2a: Thundurus|94/100|[from] Sandstorm
|upkeep
|turn|10
|
|t:|1758932778
|move|p2a: Thundurus|Nasty Plot|p2a: Thundurus
|-boost|p2a: Thundurus|spa|2
|move|p1a: Hippowdon|Stealth Rock|p2a: Thundurus
|-sidestart|p2: staroregon|move: Stealth Rock
|
|-weather|Sandstorm|[upkeep]
|-damage|p2a: Thundurus|88/100|[from] Sandstorm
|upkeep
|turn|11
|
|t:|1758932780
|-terastallize|p2a: Thundurus|Flying
|move|p2a: Thundurus|Tera Blast|p1a: Hippowdon|[anim] Tera Blast Flying
|-damage|p1a: Hippowdon|0 fnt
|faint|p1a: Hippowdon
|-damage|p2a: Thundurus|78/100|[from] item: Life Orb
|
|-weather|Sandstorm|[upkeep]
|-damage|p2a: Thundurus|72/100|[from] Sandstorm
|upkeep
|
|t:|1758932784
|switch|p1a: Excadrill|Excadrill, M|100/100
|turn|12
|
|t:|1758932787
|switch|p2a: Pelipper|Pelipper, M|100/100
|-damage|p2a: Pelipper|76/100|[from] Stealth Rock
|-weather|RainDance|[from] ability: Drizzle|[of] p2a: Pelipper
|move|p1a: Excadrill|Iron Head|p2a: Pelipper
|-resisted|p2a: Pelipper
|-damage|p2a: Pelipper|57/100
|
|-weather|RainDance|[upkeep]
|upkeep
|turn|13
|
|t:|1758932791
|switch|p1a: Tyranitar|Tyranitar, M|89/100
|-weather|Sandstorm|[from] ability: Sand Stream|[of] p1a: Tyranitar
|move|p2a: Pelipper|Roost|p2a: Pelipper
|-heal|p2a: Pelipper|100/100
|-singleturn|p2a: Pelipper|move: Roost
|
|-weather|Sandstorm|[upkeep]
|-damage|p2a: Pelipper|94/100|[from] Sandstorm
|upkeep
|turn|14
|
|t:|1758932796
|move|p1a: Tyranitar|Knock Off|p2a: Pelipper
|-damage|p2a: Pelipper|64/100
|-enditem|p2a: Pelipper|Damp Rock|[from] move: Knock Off|[of] p1a: Tyranitar
|move|p2a: Pelipper|U-turn|p1a: Tyranitar
|-supereffective|p1a: Tyranitar
|-damage|p1a: Tyranitar|77/100
|
|t:|1758932800
|switch|p2a: Tornadus|Tornadus-Therian, M|100/100|[from] U-turn
|-damage|p2a: Tornadus|76/100|[from] Stealth Rock
|
|-weather|Sandstorm|[upkeep]
|-damage|p2a: Tornadus|70/100|[from] Sandstorm
|upkeep
|turn|15
|
|t:|1758932805
|switch|p1a: Corviknight|Corviknight, M|81/100
|move|p2a: Tornadus|Grass Knot|p1a: Corviknight
|-resisted|p1a: Corviknight
|-damage|p1a: Corviknight|73/100
|-damage|p2a: Tornadus|53/100|[from] item: Rocky Helmet|[of] p1a: Corviknight
|-damage|p2a: Tornadus|44/100|[from] item: Life Orb
|
|-weather|Sandstorm|[upkeep]
|-damage|p2a: Tornadus|38/100|[from] Sandstorm
|upkeep
|turn|16
|
|t:|1758932807
|move|p2a: Tornadus|Heat Wave|p1a: Corviknight
|-supereffective|p1a: Corviknight
|-damage|p1a: Corviknight|0 fnt
|faint|p1a: Corviknight
|-damage|p2a: Tornadus|28/100|[from] item: Life Orb
|
|-weather|Sandstorm|[upkeep]
|-damage|p2a: Tornadus|22/100|[from] Sandstorm
|upkeep
|
|t:|1758932809
|switch|p1a: Excadrill|Excadrill, M|100/100
|turn|17
|
|t:|1758932812
|switch|p2a: Overqwil|Overqwil, M|40/100
|-damage|p2a: Overqwil|28/100|[from] Stealth Rock
|move|p1a: Excadrill|Swords Dance|p1a: Excadrill
|-boost|p1a: Excadrill|atk|2
|
|-weather|Sandstorm|[upkeep]
|-damage|p2a: Overqwil|22/100|[from] Sandstorm
|upkeep
|turn|18
|
|t:|1758932818
|move|p1a: Excadrill|Iron Head|p2a: Overqwil
|-damage|p2a: Overqwil|0 fnt
|faint|p2a: Overqwil
|
|-weather|Sandstorm|[upkeep]
|upkeep
|
|t:|1758932820
|switch|p2a: Pelipper|Pelipper, M|64/100
|-damage|p2a: Pelipper|40/100|[from] Stealth Rock
|-weather|RainDance|[from] ability: Drizzle|[of] p2a: Pelipper
|turn|19
|
|t:|1758932831
|switch|p1a: Tyranitar|Tyranitar, M|77/100
|-weather|Sandstorm|[from] ability: Sand Stream|[of] p1a: Tyranitar
|move|p2a: Pelipper|Roost|p2a: Pelipper
|-heal|p2a: Pelipper|90/100
|-singleturn|p2a: Pelipper|move: Roost
|
|-weather|Sandstorm|[upkeep]
|-damage|p2a: Pelipper|83/100|[from] Sandstorm
|upkeep
|turn|20
|
|t:|1758932845
|move|p1a: Tyranitar|Dark Pulse|p2a: Pelipper
|-damage|p2a: Pelipper|46/100
|move|p2a: Pelipper|U-turn|p1a: Tyranitar
|-supereffective|p1a: Tyranitar
|-damage|p1a: Tyranitar|65/100
|
|t:|1758932849
|switch|p2a: Tornadus|Tornadus-Therian, M|55/100|[from] U-turn
|-damage|p2a: Tornadus|30/100|[from] Stealth Rock
|
|-weather|Sandstorm|[upkeep]
|-damage|p2a: Tornadus|24/100|[from] Sandstorm
|upkeep
|turn|21
|
|t:|1758932852
|move|p2a: Tornadus|Grass Knot|p1a: Tyranitar
|-supereffective|p1a: Tyranitar
|-damage|p1a: Tyranitar|9/100
|-damage|p2a: Tornadus|15/100|[from] item: Life Orb
|move|p1a: Tyranitar|Knock Off|p2a: Tornadus
|-damage|p2a: Tornadus|0 fnt
|-enditem|p2a: Tornadus|Life Orb|[from] move: Knock Off|[of] p1a: Tyranitar
|faint|p2a: Tornadus
|
|-weather|Sandstorm|[upkeep]
|upkeep
|
|t:|1758932865
|switch|p2a: Thundurus|Thundurus, M, tera:Flying|72/100
|-damage|p2a: Thundurus|47/100|[from] Stealth Rock
|turn|22
|
|t:|1758932868
|switch|p1a: Excadrill|Excadrill, M|100/100
|move|p2a: Thundurus|Tera Blast|p1a: Excadrill|[anim] Tera Blast Flying
|-resisted|p1a: Excadrill
|-damage|p1a: Excadrill|56/100
|-damage|p2a: Thundurus|37/100|[from] item: Life Orb
|
|-weather|Sandstorm|[upkeep]
|-damage|p2a: Thundurus|31/100|[from] Sandstorm
|upkeep
|turn|23
|-message|staroregon forfeited.
|
|win|4DEF+4SPD=GG
|raw|4DEF+4SPD=GG's rating: 1607 &rarr; <strong>1623</strong><br />(+16 for winning)
|raw|staroregon's rating: 1542 &rarr; <strong>1526</strong><br />(-16 for losing)
|l|☆staroregon
|player|p2|
