|j|☆Ting Von
|j|☆maackia=w=
|t:|1759065714
|gametype|singles
|player|p1|Ting Von|burglar|1396
|player|p2|maackia=w=|miku-ghost|1398
|gen|9
|tier|[Gen 9] OU
|rated|
|rule|HP Percentage Mod: HP is shown in percentages
|rule|Endless Battle Clause: Forcing endless battles is banned
|rule|Species Clause: Limit one of each Pokémon
|rule|OHKO Clause: OHKO moves are banned
|rule|Evasion Items Clause: Evasion items are banned
|rule|Evasion Moves Clause: Evasion moves are banned
|rule|Evasion Abilities Clause: Evasion abilities are banned
|rule|Sleep Moves Clause: Sleep-inducing moves are banned
|clearpoke
|poke|p1|Ogerpon-Wellspring, F|
|poke|p1|Cloyster, F|
|poke|p1|Ninetales-Alola, F|
|poke|p1|Polteageist|
|poke|p1|Iron Treads|
|poke|p1|Dragonite, F|
|poke|p2|Clefable, M|
|poke|p2|Mandibuzz, F|
|poke|p2|Gliscor, F|
|poke|p2|Ogerpon-Wellspring, F|
|poke|p2|Heatran, F|
|poke|p2|Iron Valiant|
|teampreview
|inactive|Battle timer is ON: inactive players will automatically lose when time's up. (requested by maackia=w=)
|inactive|maackia=w= has 120 seconds left.
|
|t:|1759065748
|teamsize|p1|6
|teamsize|p2|6
|start
|switch|p1a: Ogerpon|Ogerpon-Wellspring, F|100/100
|switch|p2a: Heatran|Heatran, F|100/100
|turn|1
|
|t:|1759065772
|move|p1a: Ogerpon|Swords Dance|p1a: Ogerpon
|-boost|p1a: Ogerpon|atk|2
|move|p2a: Heatran|Stealth Rock|p1a: Ogerpon
|-sidestart|p1: Ting Von|move: Stealth Rock
|
|upkeep
|turn|2
|inactive|maackia=w= has 120 seconds left.
|
|t:|1759065802
|switch|p2a: Ogerpon|Ogerpon-Wellspring, F|100/100
|move|p1a: Ogerpon|Power Whip|p2a: Ogerpon
|-damage|p2a: Ogerpon|0 fnt
|faint|p2a: Ogerpon
|
|upkeep
|inactive|maackia=w= has 120 seconds left.
|inactive|maackia=w= has 90 seconds left.
|inactive|maackia=w= has 60 seconds left.
|
|t:|1759065881
|switch|p2a: Clefable|Clefable, M|100/100
|turn|3
|
|t:|1759065885
|-terastallize|p2a: Clefable|Water
|move|p1a: Ogerpon|Ivy Cudgel|p2a: Clefable|[anim] Ivy Cudgel Water
|-resisted|p2a: Clefable
|-damage|p2a: Clefable|53/100
|move|p2a: Clefable|Thunder Wave|p1a: Ogerpon
|-status|p1a: Ogerpon|par
|
|-heal|p2a: Clefable|59/100|[from] item: Leftovers
|upkeep
|turn|4
|inactive|maackia=w= has 60 seconds left.
|
|t:|1759065899
|switch|p2a: Mandibuzz|Mandibuzz, F|100/100
|move|p1a: Ogerpon|Power Whip|p2a: Mandibuzz
|-resisted|p2a: Mandibuzz
|-damage|p2a: Mandibuzz|60/100
|
|upkeep
|turn|5
|inactive|maackia=w= has 60 seconds left.
|
|t:|1759065924
|switch|p1a: Iron Treads|Iron Treads|100/100
|-damage|p1a: Iron Treads|97/100|[from] Stealth Rock
|-enditem|p1a: Iron Treads|Booster Energy
|-activate|p1a: Iron Treads|ability: Quark Drive|[fromitem]
|-start|p1a: Iron Treads|quarkdrivespe
|move|p2a: Mandibuzz|Foul Play|p1a: Iron Treads
|-damage|p1a: Iron Treads|65/100
|
|upkeep
|turn|6
|inactive|maackia=w= has 60 seconds left.
|
|t:|1759065953
|move|p1a: Iron Treads|Rapid Spin|p2a: Mandibuzz
|-damage|p2a: Mandibuzz|53/100
|-boost|p1a: Iron Treads|spe|1
|-sideend|p1: Ting Von|Stealth Rock|[from] move: Rapid Spin|[of] p1a: Iron Treads
|move|p2a: Mandibuzz|Roost|p2a: Mandibuzz
|-heal|p2a: Mandibuzz|100/100
|-singleturn|p2a: Mandibuzz|move: Roost
|
|upkeep
|turn|7
|
|t:|1759065960
|move|p1a: Iron Treads|Stealth Rock|p2a: Mandibuzz
|-sidestart|p2: maackia=w=|move: Stealth Rock
|move|p2a: Mandibuzz|Foul Play|p1a: Iron Treads
|-damage|p1a: Iron Treads|37/100
|
|upkeep
|turn|8
|
|t:|1759065970
|-end|p1a: Iron Treads|Quark Drive|[silent]
|switch|p1a: Cloyster|Cloyster, F|100/100
|move|p2a: Mandibuzz|Defog|p1a: Cloyster
|-unboost|p1a: Cloyster|evasion|1
|-sideend|p2: maackia=w=|Stealth Rock|[from] move: Defog|[of] p2a: Mandibuzz
|
|upkeep
|turn|9
|inactive|maackia=w= has 60 seconds left.
|
|t:|1759065998
|move|p1a: Cloyster|Shell Smash|p1a: Cloyster
|-unboost|p1a: Cloyster|def|1
|-unboost|p1a: Cloyster|spd|1
|-boost|p1a: Cloyster|atk|2
|-boost|p1a: Cloyster|spa|2
|-boost|p1a: Cloyster|spe|2
|move|p2a: Mandibuzz|Toxic|p1a: Cloyster
|-status|p1a: Cloyster|tox
|
|-damage|p1a: Cloyster|94/100 tox|[from] psn
|upkeep
|turn|10
|inactive|maackia=w= has 30 seconds left.
|inactive|maackia=w= has 20 seconds left.
|inactive|maackia=w= has 15 seconds left.
|
|t:|1759066034
|switch|p2a: Clefable|Clefable, M, tera:Water|59/100
|move|p1a: Cloyster|Icicle Spear|p2a: Clefable
|-resisted|p2a: Clefable
|-damage|p2a: Clefable|49/100
|-resisted|p2a: Clefable
|-damage|p2a: Clefable|40/100
|-resisted|p2a: Clefable
|-damage|p2a: Clefable|30/100
|-resisted|p2a: Clefable
|-damage|p2a: Clefable|20/100
|-resisted|p2a: Clefable
|-damage|p2a: Clefable|9/100
|-hitcount|p2a: Clefable|5
|
|-heal|p2a: Clefable|15/100|[from] item: Leftovers
|-damage|p1a: Cloyster|82/100 tox|[from] psn
|upkeep
|turn|11
|inactive|maackia=w= has 25 seconds left this turn.
|inactive|maackia=w= has 20 seconds left.
|
|t:|1759066042
|move|p1a: Cloyster|Icicle Spear|p2a: Clefable
|-resisted|p2a: Clefable
|-damage|p2a: Clefable|4/100
|-resisted|p2a: Clefable
|-damage|p2a: Clefable|0 fnt
|faint|p2a: Clefable
|-hitcount|p2: Clefable|2
|
|-damage|p1a: Cloyster|64/100 tox|[from] psn
|upkeep
|inactive|maackia=w= has 25 seconds left this turn.
|
|t:|1759066045
|switch|p2a: Heatran|Heatran, F|100/100
|turn|12
|inactive|maackia=w= has 30 seconds left.
|inactive|maackia=w= has 20 seconds left.
|inactive|maackia=w= has 15 seconds left.
|
|t:|1759066065
|move|p2a: Heatran|Protect|p2a: Heatran
|-singleturn|p2a: Heatran|Protect
|move|p1a: Cloyster|Rock Blast|p2a: Heatran
|-activate|p2a: Heatran|move: Protect
|
|-damage|p1a: Cloyster|39/100 tox|[from] psn
|upkeep
|turn|13
|inactive|maackia=w= has 25 seconds left this turn.
|inactive|maackia=w= has 20 seconds left.
|inactive|maackia=w= has 15 seconds left.
|
|t:|1759066078
|move|p1a: Cloyster|Rock Blast|p2a: Heatran
|-damage|p2a: Heatran|88/100
|-damage|p2a: Heatran|75/100
|-damage|p2a: Heatran|63/100
|-damage|p2a: Heatran|49/100
|-damage|p2a: Heatran|37/100
|-hitcount|p2a: Heatran|5
|move|p2a: Heatran|Earth Power|p1a: Cloyster
|-damage|p1a: Cloyster|0 fnt
|faint|p1a: Cloyster
|
|-heal|p2a: Heatran|43/100|[from] item: Leftovers
|upkeep
|
|t:|1759066094
|switch|p1a: Iron Treads|Iron Treads|37/100
|turn|14
|inactive|maackia=w= has 30 seconds left this turn.
|
|t:|1759066101
|move|p2a: Heatran|Protect|p2a: Heatran
|-singleturn|p2a: Heatran|Protect
|move|p1a: Iron Treads|Stealth Rock|p2a: Heatran
|-sidestart|p2: maackia=w=|move: Stealth Rock
|
|-heal|p2a: Heatran|49/100|[from] item: Leftovers
|upkeep
|turn|15
|inactive|maackia=w= has 30 seconds left.
|inactive|maackia=w= has 20 seconds left.
|
|t:|1759066118
|switch|p2a: Gliscor|Gliscor, F|100/100
|-damage|p2a: Gliscor|88/100|[from] Stealth Rock
|move|p1a: Iron Treads|Earth Power|p2a: Gliscor
|-immune|p2a: Gliscor
|
|-status|p2a: Gliscor|tox|[from] item: Toxic Orb
|upkeep
|turn|16
|inactive|maackia=w= has 30 seconds left this turn.
|inactive|maackia=w= has 20 seconds left.
|inactive|maackia=w= has 15 seconds left.
|
|t:|1759066133
|-end|p1a: Iron Treads|Quark Drive|[silent]
|switch|p1a: Ninetales|Ninetales-Alola, F|100/100
|-weather|Snowscape|[from] ability: Snow Warning|[of] p1a: Ninetales
|move|p2a: Gliscor|Protect||[still]
|-fail|p2a: Gliscor
|
|-weather|Snowscape|[upkeep]
|-heal|p2a: Gliscor|100/100 tox|[from] ability: Poison Heal
|upkeep
|turn|17
|inactive|maackia=w= has 25 seconds left this turn.
|inactive|maackia=w= has 20 seconds left.
|inactive|maackia=w= has 15 seconds left.
|
|t:|1759066148
|switch|p2a: Mandibuzz|Mandibuzz, F|100/100
|move|p1a: Ninetales|Freeze-Dry|p2a: Mandibuzz
|-supereffective|p2a: Mandibuzz
|-damage|p2a: Mandibuzz|52/100
|
|-weather|Snowscape|[upkeep]
|upkeep
|turn|18
|inactive|maackia=w= has 25 seconds left this turn.
|inactive|maackia=w= has 20 seconds left.
|
|t:|1759066154
|move|p1a: Ninetales|Moonblast|p2a: Mandibuzz
|-supereffective|p2a: Mandibuzz
|-damage|p2a: Mandibuzz|0 fnt
|faint|p2a: Mandibuzz
|
|-weather|Snowscape|[upkeep]
|upkeep
|inactive|maackia=w= has 25 seconds left this turn.
|inactive|maackia=w= has 20 seconds left.
|-message|maackia=w= forfeited.
|
|win|Ting Von
|raw|Ting Von's rating: 1396 &rarr; <strong>1416</strong><br />(+20 for winning)
|raw|maackia=w='s rating: 1398 &rarr; <strong>1378</strong><br />(-20 for losing)
|l|☆Ting Von
|player|p1|
|l|☆maackia=w=
|player|p2|
