|j|☆yeunybvcl
|j|☆henry151th
|t:|1759038281
|gametype|singles
|player|p1|yeunybvcl|102|1320
|player|p2|henry151th|wallace|1324
|gen|9
|tier|[Gen 9] OU
|rated|
|rule|HP Percentage Mod: HP is shown in percentages
|rule|Endless Battle Clause: Forcing endless battles is banned
|rule|Species Clause: Limit one of each Pokémon
|rule|OHKO Clause: OHKO moves are banned
|rule|Evasion Items Clause: Evasion items are banned
|rule|Evasion Moves Clause: Evasion moves are banned
|rule|Evasion Abilities Clause: Evasion abilities are banned
|rule|Sleep Moves Clause: Sleep-inducing moves are banned
|clearpoke
|poke|p1|Araquanid, M|
|poke|p1|Ninetales-Alola, F|
|poke|p1|Ceruledge, M|
|poke|p1|Moltres-Galar|
|poke|p1|Serperior, F|
|poke|p1|Iron Treads|
|poke|p2|Dragapult, M|
|poke|p2|Dragonite, F|
|poke|p2|Ting-Lu|
|poke|p2|Weezing-Galar, F|
|poke|p2|Iron Crown|
|poke|p2|Zapdos|
|teampreview
|inactive|Battle timer is ON: inactive players will automatically lose when time's up. (requested by henry151th)
|
|t:|1759038301
|teamsize|p1|6
|teamsize|p2|6
|start
|switch|p1a: Ceruledge|Ceruledge, M|100/100
|switch|p2a: Zapdos|Zapdos|100/100
|turn|1
|inactive|henry151th has 120 seconds left.
|
|t:|1759038359
|switch|p1a: Iron Treads|Iron Treads|100/100
|-enditem|p1a: Iron Treads|Booster Energy
|-activate|p1a: Iron Treads|ability: Quark Drive|[fromitem]
|-start|p1a: Iron Treads|quarkdrivespe
|move|p2a: Zapdos|Volt Switch|p1a: Iron Treads
|-immune|p1a: Iron Treads
|
|upkeep
|turn|2
|
|t:|1759038381
|move|p1a: Iron Treads|Knock Off|p2a: Zapdos
|-damage|p2a: Zapdos|65/100
|-enditem|p2a: Zapdos|Heavy-Duty Boots|[from] move: Knock Off|[of] p1a: Iron Treads
|move|p2a: Zapdos|Heat Wave|p1a: Iron Treads
|-supereffective|p1a: Iron Treads
|-damage|p1a: Iron Treads|1/100
|
|upkeep
|turn|3
|inactive|yeunybvcl has 120 seconds left.
|inactive|henry151th has 90 seconds left.
|
|t:|1759038432
|move|p1a: Iron Treads|Ice Spinner|p2a: Zapdos
|-supereffective|p2a: Zapdos
|-damage|p2a: Zapdos|7/100
|move|p2a: Zapdos|Roost|p2a: Zapdos
|-heal|p2a: Zapdos|57/100
|-singleturn|p2a: Zapdos|move: Roost
|
|upkeep
|turn|4
|
|t:|1759038439
|move|p1a: Iron Treads|Ice Spinner|p2a: Zapdos
|-supereffective|p2a: Zapdos
|-damage|p2a: Zapdos|0 fnt
|-status|p1a: Iron Treads|par|[from] ability: Static|[of] p2a: Zapdos
|faint|p2a: Zapdos
|
|upkeep
|
|t:|1759038453
|switch|p2a: Dragapult|Dragapult, M|100/100
|turn|5
|
|t:|1759038459
|move|p2a: Dragapult|U-turn|p1a: Iron Treads
|-resisted|p1a: Iron Treads
|-damage|p1a: Iron Treads|0 fnt
|faint|p1a: Iron Treads
|-end|p1a: Iron Treads|Quark Drive|[silent]
|inactive|henry151th has 60 seconds left.
|
|t:|1759038486
|switch|p2a: Iron Crown|Iron Crown|100/100|[from] U-turn
|
|upkeep
|
|t:|1759038490
|switch|p1a: Ceruledge|Ceruledge, M|100/100
|turn|6
|inactive|henry151th has 60 seconds left.
|
|t:|1759038518
|move|p2a: Iron Crown|Volt Switch|p1a: Ceruledge
|-damage|p1a: Ceruledge|68/100
|
|t:|1759038525
|-end|p2a: Iron Crown|Quark Drive|[silent]
|switch|p2a: Dragonite|Dragonite, F|100/100|[from] Volt Switch
|move|p1a: Ceruledge|Swords Dance|p1a: Ceruledge
|-boost|p1a: Ceruledge|atk|2
|
|upkeep
|turn|7
|
|t:|1759038552
|-terastallize|p1a: Ceruledge|Fighting
|move|p2a: Dragonite|Earthquake|p1a: Ceruledge
|-damage|p1a: Ceruledge|19/100
|-ability|p1a: Ceruledge|Weak Armor|boost
|-unboost|p1a: Ceruledge|def|1
|-boost|p1a: Ceruledge|spe|2
|move|p1a: Ceruledge|Bitter Blade|p2a: Dragonite
|-resisted|p2a: Dragonite
|-damage|p2a: Dragonite|77/100
|-heal|p1a: Ceruledge|30/100|[from] drain|[of] p2a: Dragonite
|
|upkeep
|turn|8
|inactive|henry151th has 60 seconds left.
|
|t:|1759038570
|move|p2a: Dragonite|Extreme Speed|p1a: Ceruledge
|-damage|p1a: Ceruledge|0 fnt
|faint|p1a: Ceruledge
|
|upkeep
|
|t:|1759038573
|switch|p1a: Ninetales|Ninetales-Alola, F|100/100
|-weather|Snowscape|[from] ability: Snow Warning|[of] p1a: Ninetales
|turn|9
|inactive|henry151th has 60 seconds left.
|
|t:|1759038581
|move|p1a: Ninetales|Aurora Veil|p1a: Ninetales
|-sidestart|p1: yeunybvcl|move: Aurora Veil
|move|p2a: Dragonite|Dragon Dance|p2a: Dragonite
|-boost|p2a: Dragonite|atk|1
|-boost|p2a: Dragonite|spe|1
|
|-weather|Snowscape|[upkeep]
|upkeep
|turn|10
|
|t:|1759038588
|-terastallize|p2a: Dragonite|Normal
|move|p2a: Dragonite|Dragon Dance|p2a: Dragonite
|-boost|p2a: Dragonite|atk|1
|-boost|p2a: Dragonite|spe|1
|move|p1a: Ninetales|Freeze-Dry|p2a: Dragonite
|-damage|p2a: Dragonite|57/100
|
|-weather|Snowscape|[upkeep]
|upkeep
|turn|11
|
|t:|1759038599
|move|p2a: Dragonite|Extreme Speed|p1a: Ninetales
|-damage|p1a: Ninetales|61/100
|move|p1a: Ninetales|Encore|p2a: Dragonite
|-start|p2a: Dragonite|Encore
|
|-weather|Snowscape|[upkeep]
|upkeep
|turn|12
|
|t:|1759038603
|move|p2a: Dragonite|Extreme Speed|p1a: Ninetales
|-damage|p1a: Ninetales|21/100
|move|p1a: Ninetales|Moonblast|p2a: Dragonite
|-damage|p2a: Dragonite|28/100
|
|-weather|Snowscape|[upkeep]
|upkeep
|turn|13
|inactive|henry151th has 90 seconds left.
|
|t:|1759038612
|switch|p1a: Araquanid|Araquanid, M|100/100
|move|p2a: Dragonite|Extreme Speed|p1a: Araquanid
|-damage|p1a: Araquanid|56/100
|
|-weather|none
|upkeep
|turn|14
|
|t:|1759038619
|move|p2a: Dragonite|Extreme Speed|p1a: Araquanid
|-damage|p1a: Araquanid|6/100
|move|p1a: Araquanid|Surf|p2a: Dragonite
|-damage|p2a: Dragonite|0 fnt
|faint|p2a: Dragonite
|
|upkeep
|
|t:|1759038625
|switch|p2a: Dragapult|Dragapult, M|100/100
|turn|15
|
|t:|1759038635
|switch|p1a: Moltres|Moltres-Galar|100/100
|move|p2a: Dragapult|Dragon Darts|p1a: Moltres
|-damage|p1a: Moltres|88/100
|-anim|p2a: Dragapult|Dragon Darts|p1a: Moltres
|-damage|p1a: Moltres|77/100
|
|-heal|p1a: Moltres|84/100|[from] item: Leftovers
|upkeep
|turn|16
|
|t:|1759038641
|move|p2a: Dragapult|U-turn|p1a: Moltres
|-damage|p1a: Moltres|71/100
|
|t:|1759038644
|switch|p2a: Ting-Lu|Ting-Lu|100/100|[from] U-turn
|-ability|p2a: Ting-Lu|Vessel of Ruin
|move|p1a: Moltres|Nasty Plot|p1a: Moltres
|-boost|p1a: Moltres|spa|2
|
|-heal|p1a: Moltres|77/100|[from] item: Leftovers
|-sideend|p1: yeunybvcl|move: Aurora Veil
|upkeep
|turn|17
|
|t:|1759038653
|move|p1a: Moltres|Taunt|p2a: Ting-Lu
|-start|p2a: Ting-Lu|move: Taunt
|cant|p2a: Ting-Lu|move: Taunt|Stealth Rock
|
|-heal|p1a: Moltres|84/100|[from] item: Leftovers
|upkeep
|turn|18
|
|t:|1759038661
|switch|p1a: Serperior|Serperior, F|100/100
|switch|p2a: Weezing|Weezing-Galar, F|100/100
|-ability|p2a: Weezing|Neutralizing Gas
|
|upkeep
|turn|19
|
|t:|1759038674
|move|p1a: Serperior|Leaf Storm|p2a: Weezing
|-resisted|p2a: Weezing
|-damage|p2a: Weezing|54/100
|-unboost|p1a: Serperior|spa|2
|-damage|p1a: Serperior|91/100|[from] item: Life Orb
|move|p2a: Weezing|Toxic Spikes|p1a: Serperior
|-sidestart|p1: yeunybvcl|move: Toxic Spikes
|
|upkeep
|turn|20
|l|☆yeunybvcl
|inactive|yeunybvcl disconnected and has a minute to reconnect!
|player|p1|
|inactive|henry151th has 120 seconds left.
|inactive|yeunybvcl has 30 seconds to reconnect!
|inactive|yeunybvcl has 20 seconds to reconnect!
|inactive|yeunybvcl has 15 seconds to reconnect!
|inactive|yeunybvcl has 10 seconds to reconnect!
|inactive|yeunybvcl has 5 seconds to reconnect!
|-message|yeunybvcl lost due to inactivity.
|
|win|henry151th
|raw|yeunybvcl's rating: 1320 &rarr; <strong>1300</strong><br />(-20 for losing)
|raw|henry151th's rating: 1324 &rarr; <strong>1344</strong><br />(+20 for winning)
