|j|☆Luigispam
|j|☆moutisma-water
|t:|1759065854
|gametype|singles
|player|p1|Luigispam|bugcatcher-gen4dp|1114
|player|p2|moutisma-water|lucas|1178
|gen|9
|tier|[Gen 9] OU
|rated|
|rule|HP Percentage Mod: HP is shown in percentages
|rule|Endless Battle Clause: Forcing endless battles is banned
|rule|Species Clause: Limit one of each Pokémon
|rule|OHKO Clause: OHKO moves are banned
|rule|Evasion Items Clause: Evasion items are banned
|rule|Evasion Moves Clause: Evasion moves are banned
|rule|Evasion Abilities Clause: Evasion abilities are banned
|rule|Sleep Moves Clause: Sleep-inducing moves are banned
|clearpoke
|poke|p1|Sinistcha|
|poke|p1|Raging Bolt|
|poke|p1|Cinderace, F|
|poke|p1|Florges-Blue, F|
|poke|p1|Zamazenta-*|
|poke|p1|Corviknight, M|
|poke|p2|Meowscarada, M|
|poke|p2|Incineroar, M|
|poke|p2|Raikou|
|poke|p2|Perrserker, F|
|poke|p2|Mew|
|poke|p2|Persian-Alola, F|
|teampreview
|
|t:|1759065865
|teamsize|p1|6
|teamsize|p2|6
|start
|switch|p1a: Sinistcha|Sinistcha|100/100
|switch|p2a: Miaw 🧱|Perrserker, F|100/100
|turn|1
|
|t:|1759065878
|-terastallize|p1a: Sinistcha|Fire
|move|p1a: Sinistcha|Nasty Plot|p1a: Sinistcha
|-boost|p1a: Sinistcha|spa|2
|move|p2a: Miaw 🧱|Stealth Rock|p1a: Sinistcha
|-sidestart|p1: Luigispam|move: Stealth Rock
|
|upkeep
|turn|2
|
|t:|1759065887
|switch|p2a: MIOW|Incineroar, M|100/100
|-ability|p2a: MIOW|Intimidate|boost
|-unboost|p1a: Sinistcha|atk|1
|move|p1a: Sinistcha|Nasty Plot|p1a: Sinistcha
|-boost|p1a: Sinistcha|spa|2
|
|upkeep
|turn|3
|
|t:|1759065896
|move|p2a: MIOW|Knock Off|p1a: Sinistcha
|-damage|p1a: Sinistcha|52/100
|-enditem|p1a: Sinistcha|Leftovers|[from] move: Knock Off|[of] p2a: MIOW
|move|p1a: Sinistcha|Strength Sap|p2a: MIOW
|-unboost|p2a: MIOW|atk|1
|-heal|p1a: Sinistcha|100/100
|
|upkeep
|turn|4
|
|t:|1759065904
|move|p2a: MIOW|Swords Dance|p2a: MIOW
|-boost|p2a: MIOW|atk|2
|move|p1a: Sinistcha|Strength Sap|p2a: MIOW
|-unboost|p2a: MIOW|atk|1
|
|upkeep
|turn|5
|
|t:|1759065910
|move|p2a: MIOW|Swords Dance|p2a: MIOW
|-boost|p2a: MIOW|atk|2
|move|p1a: Sinistcha|Strength Sap|p2a: MIOW
|-unboost|p2a: MIOW|atk|1
|
|upkeep
|turn|6
|
|t:|1759065918
|move|p2a: MIOW|Knock Off|p1a: Sinistcha
|-damage|p1a: Sinistcha|56/100
|move|p1a: Sinistcha|Strength Sap|p2a: MIOW
|-unboost|p2a: MIOW|atk|1
|-heal|p1a: Sinistcha|100/100
|
|upkeep
|turn|7
|
|t:|1759065925
|switch|p2a: Persian|Persian-Alola, F|100/100
|move|p1a: Sinistcha|Matcha Gotcha|p2a: Persian
|-damage|p2a: Persian|0 fnt
|faint|p2a: Persian
|
|upkeep
|
|t:|1759065937
|switch|p2a: MIAW|Raikou|100/100
|-ability|p2a: MIAW|Pressure
|turn|8
|
|t:|1759065941
|move|p2a: MIAW|Volt Switch|p1a: Sinistcha
|-damage|p1a: Sinistcha|60/100
|
|t:|1759065944
|switch|p2a: MIOW|Incineroar, M|100/100|[from] Volt Switch
|-ability|p2a: MIOW|Intimidate|boost
|-unboost|p1a: Sinistcha|atk|1
|move|p1a: Sinistcha|Matcha Gotcha|p2a: MIOW
|-resisted|p2a: MIOW
|-damage|p2a: MIOW|24/100
|-heal|p1a: Sinistcha|99/100|[from] drain|[of] p2a: MIOW
|
|upkeep
|turn|9
|
|t:|1759065955
|move|p2a: MIOW|Knock Off|p1a: Sinistcha
|-damage|p1a: Sinistcha|68/100
|move|p1a: Sinistcha|Matcha Gotcha|p2a: MIOW
|-resisted|p2a: MIOW
|-damage|p2a: MIOW|0 fnt
|-heal|p1a: Sinistcha|80/100|[from] drain|[of] p2a: MIOW
|faint|p2a: MIOW
|
|upkeep
|
|t:|1759065962
|switch|p2a: MIAW|Raikou|100/100
|-ability|p2a: MIAW|Pressure
|turn|10
|
|t:|1759065967
|move|p2a: MIAW|Discharge|p1a: Sinistcha
|-damage|p1a: Sinistcha|28/100
|move|p1a: Sinistcha|Matcha Gotcha|p2a: MIAW
|-damage|p2a: MIAW|12/100
|-heal|p1a: Sinistcha|72/100|[from] drain|[of] p2a: MIAW
|
|upkeep
|turn|11
|
|t:|1759065975
|move|p2a: MIAW|Discharge|p1a: Sinistcha
|-damage|p1a: Sinistcha|28/100
|move|p1a: Sinistcha|Matcha Gotcha|p2a: MIAW
|-damage|p2a: MIAW|0 fnt
|-heal|p1a: Sinistcha|33/100|[from] drain|[of] p2a: MIAW
|faint|p2a: MIAW
|
|upkeep
|
|t:|1759065988
|switch|p2a: Mew mew|Mew|100/100
|turn|12
|
|t:|1759065993
|move|p2a: Mew mew|Psychic|p1a: Sinistcha
|-damage|p1a: Sinistcha|0 fnt
|faint|p1a: Sinistcha
|-damage|p2a: Mew mew|91/100|[from] item: Life Orb
|
|upkeep
|
|t:|1759066005
|switch|p1a: Raging Bolt|Raging Bolt|100/100
|-damage|p1a: Raging Bolt|88/100|[from] Stealth Rock
|-enditem|p1a: Raging Bolt|Booster Energy
|-activate|p1a: Raging Bolt|ability: Protosynthesis|[fromitem]
|-start|p1a: Raging Bolt|protosynthesisspa
|turn|13
|
|t:|1759066012
|move|p2a: Mew mew|Alluring Voice|p1a: Raging Bolt
|-supereffective|p1a: Raging Bolt
|-damage|p1a: Raging Bolt|35/100
|-damage|p2a: Mew mew|81/100|[from] item: Life Orb
|move|p1a: Raging Bolt|Calm Mind|p1a: Raging Bolt
|-boost|p1a: Raging Bolt|spa|1
|-boost|p1a: Raging Bolt|spd|1
|
|upkeep
|turn|14
|
|t:|1759066020
|move|p1a: Raging Bolt|Thunderclap|p2a: Mew mew
|-damage|p2a: Mew mew|5/100
|move|p2a: Mew mew|Alluring Voice|p1a: Raging Bolt
|-supereffective|p1a: Raging Bolt
|-damage|p1a: Raging Bolt|3/100
|-damage|p2a: Mew mew|0 fnt|[from] item: Life Orb
|faint|p2a: Mew mew
|
|upkeep
|
|t:|1759066029
|switch|p2a: Miiiiiaaaaw|Meowscarada, M|100/100
|turn|15
|
|t:|1759066031
|move|p1a: Raging Bolt|Thunderclap|p2a: Miiiiiaaaaw
|-resisted|p2a: Miiiiiaaaaw
|-crit|p2a: Miiiiiaaaaw
|-damage|p2a: Miiiiiaaaaw|13/100
|move|p2a: Miiiiiaaaaw|U-turn|p1a: Raging Bolt
|-start|p2a: Miiiiiaaaaw|typechange|Bug|[from] ability: Protean
|-damage|p1a: Raging Bolt|0 fnt
|faint|p1a: Raging Bolt
|-end|p1a: Raging Bolt|Protosynthesis|[silent]
|
|t:|1759066034
|switch|p2a: Miaw 🧱|Perrserker, F|100/100|[from] U-turn
|
|upkeep
|
|t:|1759066042
|switch|p1a: Cinderace|Cinderace, F|100/100
|turn|16
|
|t:|1759066046
|move|p1a: Cinderace|Pyro Ball|p2a: Miaw 🧱
|-supereffective|p2a: Miaw 🧱
|-damage|p2a: Miaw 🧱|15/100
|move|p2a: Miaw 🧱|Body Slam|p1a: Cinderace
|-damage|p1a: Cinderace|59/100
|
|-heal|p2a: Miaw 🧱|21/100|[from] item: Leftovers
|upkeep
|turn|17
|
|t:|1759066054
|move|p1a: Cinderace|Pyro Ball|p2a: Miaw 🧱
|-supereffective|p2a: Miaw 🧱
|-damage|p2a: Miaw 🧱|0 fnt
|faint|p2a: Miaw 🧱
|
|upkeep
|
|t:|1759066056
|switch|p2a: Miiiiiaaaaw|Meowscarada, M|13/100
|turn|18
|
|t:|1759066068
|move|p2a: Miiiiiaaaaw|Shadow Claw|p1a: Cinderace
|-start|p2a: Miiiiiaaaaw|typechange|Ghost|[from] ability: Protean
|-damage|p1a: Cinderace|0 fnt
|faint|p1a: Cinderace
|
|upkeep
|
|t:|1759066079
|switch|p1a: Florges|Florges-Blue, F|100/100
|-damage|p1a: Florges|88/100|[from] Stealth Rock
|turn|19
|
|t:|1759066084
|move|p2a: Miiiiiaaaaw|Shadow Claw|p1a: Florges
|-damage|p1a: Florges|23/100
|move|p1a: Florges|Moonblast|p2a: Miiiiiaaaaw
|-damage|p2a: Miiiiiaaaaw|0 fnt
|faint|p2a: Miiiiiaaaaw
|
|win|Luigispam
|raw|Luigispam's rating: 1114 &rarr; <strong>1144</strong><br />(+30 for winning)
|raw|moutisma-water's rating: 1178 &rarr; <strong>1148</strong><br />(-30 for losing)
|l|☆Luigispam
|player|p1|
