|j|☆Trevoro
|j|☆BigBungusBong
|t:|1759033268
|gametype|singles
|player|p1|Trevoro|iono|1439
|player|p2|BigBungusBong|blackbelt-gen4dp|1465
|gen|9
|tier|[Gen 9] OU
|rated|
|rule|HP Percentage Mod: HP is shown in percentages
|rule|Endless Battle Clause: Forcing endless battles is banned
|rule|Species Clause: Limit one of each Pokémon
|rule|OHKO Clause: OHKO moves are banned
|rule|Evasion Items Clause: Evasion items are banned
|rule|Evasion Moves Clause: Evasion moves are banned
|rule|Evasion Abilities Clause: Evasion abilities are banned
|rule|Sleep Moves Clause: Sleep-inducing moves are banned
|clearpoke
|poke|p1|Tyranitar, F|
|poke|p1|Excadrill, F|
|poke|p1|Keldeo-Resolute|
|poke|p1|Tornadus-Therian, M|
|poke|p1|Heatran, F|
|poke|p1|Hydrapple, M|
|poke|p2|Gengar, M|
|poke|p2|Cinderace, M|
|poke|p2|Ting-Lu|
|poke|p2|Zamazenta-*|
|poke|p2|Ogerpon-Wellspring, F|
|poke|p2|Iron Valiant|
|teampreview
|inactive|Battle timer is ON: inactive players will automatically lose when time's up. (requested by Trevoro)
|
|t:|1759033294
|teamsize|p1|6
|teamsize|p2|6
|start
|switch|p1a: Tornadus|Tornadus-Therian, M|100/100
|switch|p2a: Gengar|Gengar, M|100/100
|turn|1
|
|t:|1759033307
|move|p1a: Tornadus|U-turn|p2a: Gengar
|-resisted|p2a: Gengar
|-damage|p2a: Gengar|93/100
|
|t:|1759033310
|switch|p1a: Heatran|Heatran, F|100/100|[from] U-turn
|move|p2a: Gengar|Will-O-Wisp|p1a: Heatran
|-immune|p1a: Heatran
|
|upkeep
|turn|2
|
|t:|1759033321
|move|p2a: Gengar|Shadow Ball|p1a: Heatran
|-damage|p1a: Heatran|75/100
|move|p1a: Heatran|Stealth Rock|p2a: Gengar
|-sidestart|p2: BigBungusBong|move: Stealth Rock
|
|-heal|p1a: Heatran|82/100|[from] item: Leftovers
|upkeep
|turn|3
|
|t:|1759033325
|move|p2a: Gengar|Encore|p1a: Heatran
|-start|p1a: Heatran|Encore
|move|p1a: Heatran|Stealth Rock||[still]
|-fail|p1a: Heatran
|
|-heal|p1a: Heatran|88/100|[from] item: Leftovers
|upkeep
|turn|4
|
|t:|1759033330
|switch|p1a: Tornadus|Tornadus-Therian, M|100/100
|move|p2a: Gengar|Will-O-Wisp|p1a: Tornadus|[miss]
|-miss|p2a: Gengar|p1a: Tornadus
|
|upkeep
|turn|5
|
|t:|1759033336
|move|p1a: Tornadus|U-turn|p2a: Gengar
|-resisted|p2a: Gengar
|-damage|p2a: Gengar|86/100
|
|t:|1759033338
|switch|p1a: Heatran|Heatran, F|88/100|[from] U-turn
|move|p2a: Gengar|Shadow Ball|p1a: Heatran
|-damage|p1a: Heatran|60/100
|
|-heal|p1a: Heatran|67/100|[from] item: Leftovers
|upkeep
|turn|6
|
|t:|1759033340
|switch|p2a: Ting-Lu|Ting-Lu|100/100
|-damage|p2a: Ting-Lu|94/100|[from] Stealth Rock
|-ability|p2a: Ting-Lu|Vessel of Ruin
|move|p1a: Heatran|Magma Storm|p2a: Ting-Lu
|-damage|p2a: Ting-Lu|78/100
|-activate|p2a: Ting-Lu|move: Magma Storm|[of] p1a: Heatran
|
|-heal|p1a: Heatran|73/100|[from] item: Leftovers
|-heal|p2a: Ting-Lu|84/100|[from] item: Leftovers
|-damage|p2a: Ting-Lu|72/100|[from] move: Magma Storm|[partiallytrapped]
|upkeep
|turn|7
|
|t:|1759033347
|switch|p1a: Hydrapple|Hydrapple, M|100/100
|move|p2a: Ting-Lu|Ruination|p1a: Hydrapple
|-damage|p1a: Hydrapple|50/100
|
|-heal|p2a: Ting-Lu|78/100|[from] item: Leftovers
|-end|p2a: Ting-Lu|Magma Storm|[partiallytrapped]|[silent]
|upkeep
|turn|8
|
|t:|1759033366
|switch|p2a: Cinderace|Cinderace, M|100/100
|move|p1a: Hydrapple|Giga Drain|p2a: Cinderace
|-resisted|p2a: Cinderace
|-crit|p2a: Cinderace
|-damage|p2a: Cinderace|65/100
|-heal|p1a: Hydrapple|64/100|[from] drain|[of] p2a: Cinderace
|
|upkeep
|turn|9
|inactive|Trevoro has 120 seconds left.
|
|t:|1759033418
|move|p2a: Cinderace|Court Change|p2a: Cinderace
|-start|p2a: Cinderace|typechange|Normal|[from] ability: Libero
|-swapsideconditions
|-activate|p2a: Cinderace|move: Court Change
|move|p1a: Hydrapple|Earth Power|p2a: Cinderace
|-damage|p2a: Cinderace|29/100
|
|upkeep
|turn|10
|
|t:|1759033424
|move|p2a: Cinderace|U-turn|p1a: Hydrapple
|-supereffective|p1a: Hydrapple
|-damage|p1a: Hydrapple|38/100
|-damage|p2a: Cinderace|13/100|[from] item: Rocky Helmet|[of] p1a: Hydrapple
|
|t:|1759033440
|switch|p2a: Iron Valiant|Iron Valiant|100/100|[from] U-turn
|-enditem|p2a: Iron Valiant|Booster Energy
|-activate|p2a: Iron Valiant|ability: Quark Drive|[fromitem]
|-start|p2a: Iron Valiant|quarkdrivespe
|move|p1a: Hydrapple|Fickle Beam|p2a: Iron Valiant
|-immune|p2a: Iron Valiant
|
|upkeep
|turn|11
|inactive|Trevoro has 120 seconds left.
|
|t:|1759033446
|switch|p1a: Heatran|Heatran, F|73/100
|-damage|p1a: Heatran|60/100|[from] Stealth Rock
|move|p2a: Iron Valiant|Calm Mind|p2a: Iron Valiant
|-boost|p2a: Iron Valiant|spa|1
|-boost|p2a: Iron Valiant|spd|1
|
|-heal|p1a: Heatran|67/100|[from] item: Leftovers
|upkeep
|turn|12
|
|t:|1759033471
|-terastallize|p2a: Iron Valiant|Ghost
|move|p2a: Iron Valiant|Shadow Ball|p1a: Heatran
|-damage|p1a: Heatran|31/100
|move|p1a: Heatran|Magma Storm|p2a: Iron Valiant
|-damage|p2a: Iron Valiant|50/100
|-activate|p2a: Iron Valiant|move: Magma Storm|[of] p1a: Heatran
|
|-heal|p1a: Heatran|37/100|[from] item: Leftovers
|-damage|p2a: Iron Valiant|37/100|[from] move: Magma Storm|[partiallytrapped]
|upkeep
|turn|13
|
|t:|1759033479
|move|p2a: Iron Valiant|Shadow Ball|p1a: Heatran
|-damage|p1a: Heatran|0 fnt
|faint|p1a: Heatran
|
|-end|p2a: Iron Valiant|Magma Storm|[partiallytrapped]|[silent]
|upkeep
|
|t:|1759033484
|switch|p1a: Tyranitar|Tyranitar, F|100/100
|-damage|p1a: Tyranitar|88/100|[from] Stealth Rock
|-weather|Sandstorm|[from] ability: Sand Stream|[of] p1a: Tyranitar
|turn|14
|
|t:|1759033487
|-terastallize|p1a: Tyranitar|Flying
|move|p2a: Iron Valiant|Moonblast|p1a: Tyranitar
|-damage|p1a: Tyranitar|18/100
|move|p1a: Tyranitar|Knock Off|p2a: Iron Valiant
|-supereffective|p2a: Iron Valiant
|-damage|p2a: Iron Valiant|0 fnt
|faint|p2a: Iron Valiant
|-end|p2a: Iron Valiant|Quark Drive|[silent]
|
|-weather|Sandstorm|[upkeep]
|-damage|p1a: Tyranitar|11/100|[from] Sandstorm
|upkeep
|
|t:|1759033512
|switch|p2a: Ogerpon|Ogerpon-Wellspring, F|100/100
|turn|15
|
|t:|1759033515
|switch|p1a: Hydrapple|Hydrapple, M|71/100
|-damage|p1a: Hydrapple|59/100|[from] Stealth Rock
|move|p2a: Ogerpon|Knock Off|p1a: Hydrapple
|-damage|p1a: Hydrapple|38/100
|-damage|p2a: Ogerpon|84/100|[from] item: Rocky Helmet|[of] p1a: Hydrapple
|-enditem|p1a: Hydrapple|Rocky Helmet|[from] move: Knock Off|[of] p2a: Ogerpon
|
|-weather|Sandstorm|[upkeep]
|-damage|p2a: Ogerpon|78/100|[from] Sandstorm
|-damage|p1a: Hydrapple|32/100|[from] Sandstorm
|upkeep
|turn|16
|
|t:|1759033522
|move|p2a: Ogerpon|U-turn|p1a: Hydrapple
|-supereffective|p1a: Hydrapple
|-damage|p1a: Hydrapple|0 fnt
|faint|p1a: Hydrapple
|
|t:|1759033534
|switch|p2a: Cinderace|Cinderace, M|13/100|[from] U-turn
|
|-weather|Sandstorm|[upkeep]
|-damage|p2a: Cinderace|7/100|[from] Sandstorm
|upkeep
|
|t:|1759033538
|switch|p1a: Excadrill|Excadrill, F|100/100
|-damage|p1a: Excadrill|97/100|[from] Stealth Rock
|-item|p1a: Excadrill|Air Balloon
|turn|17
|
|t:|1759033546
|move|p1a: Excadrill|Rapid Spin|p2a: Cinderace
|-damage|p2a: Cinderace|0 fnt
|-boost|p1a: Excadrill|spe|1
|-sideend|p1: Trevoro|Stealth Rock|[from] move: Rapid Spin|[of] p1a: Excadrill
|faint|p2a: Cinderace
|
|-weather|Sandstorm|[upkeep]
|upkeep
|
|t:|1759033548
|switch|p2a: Zamazenta|Zamazenta|100/100
|-ability|p2a: Zamazenta|Dauntless Shield|boost
|-boost|p2a: Zamazenta|def|1
|turn|18
|
|t:|1759033571
|switch|p1a: Tornadus|Tornadus-Therian, M|100/100
|move|p2a: Zamazenta|Roar|p1a: Tornadus
|drag|p1a: Excadrill|Excadrill, F|97/100
|-item|p1a: Excadrill|Air Balloon
|
|-weather|none
|upkeep
|turn|19
|
|t:|1759033582
|switch|p1a: Tornadus|Tornadus-Therian, M|100/100
|move|p2a: Zamazenta|Body Press|p1a: Tornadus
|-resisted|p1a: Tornadus
|-damage|p1a: Tornadus|74/100
|
|upkeep
|turn|20
|
|t:|1759033598
|switch|p2a: Ting-Lu|Ting-Lu|78/100
|-ability|p2a: Ting-Lu|Vessel of Ruin
|move|p1a: Tornadus|Bleakwind Storm|p2a: Ting-Lu
|-crit|p2a: Ting-Lu
|-damage|p2a: Ting-Lu|56/100
|
|-heal|p2a: Ting-Lu|62/100|[from] item: Leftovers
|upkeep
|turn|21
|inactive|BigBungusBong has 120 seconds left.
|
|t:|1759033626
|move|p1a: Tornadus|Taunt|p2a: Ting-Lu
|-start|p2a: Ting-Lu|move: Taunt
|move|p2a: Ting-Lu|Ruination|p1a: Tornadus
|-damage|p1a: Tornadus|37/100
|
|-heal|p2a: Ting-Lu|69/100|[from] item: Leftovers
|upkeep
|turn|22
|inactive|BigBungusBong has 120 seconds left.
|
|t:|1759033640
|switch|p2a: Zamazenta|Zamazenta|100/100
|move|p1a: Tornadus|U-turn|p2a: Zamazenta
|-resisted|p2a: Zamazenta
|-damage|p2a: Zamazenta|95/100
|
|t:|1759033642
|switch|p1a: Keldeo|Keldeo-Resolute|100/100|[from] U-turn
|
|-heal|p2a: Zamazenta|100/100|[from] item: Leftovers
|upkeep
|turn|23
|
|t:|1759033653
|move|p2a: Zamazenta|Body Press|p1a: Keldeo
|-damage|p1a: Keldeo|59/100
|move|p1a: Keldeo|Secret Sword|p2a: Zamazenta
|-damage|p2a: Zamazenta|50/100
|
|-heal|p2a: Zamazenta|56/100|[from] item: Leftovers
|upkeep
|turn|24
|
|t:|1759033660
|switch|p2a: Gengar|Gengar, M|86/100
|switch|p1a: Tornadus|Tornadus-Therian, M|71/100
|
|upkeep
|turn|25
|
|t:|1759033675
|switch|p2a: Ting-Lu|Ting-Lu|69/100
|-ability|p2a: Ting-Lu|Vessel of Ruin
|move|p1a: Tornadus|U-turn|p2a: Ting-Lu
|-supereffective|p2a: Ting-Lu
|-damage|p2a: Ting-Lu|53/100
|
|t:|1759033699
|switch|p1a: Keldeo|Keldeo-Resolute|59/100|[from] U-turn
|
|-heal|p2a: Ting-Lu|60/100|[from] item: Leftovers
|upkeep
|turn|26
|
|t:|1759033704
|switch|p2a: Ogerpon|Ogerpon-Wellspring, F|78/100
|move|p1a: Keldeo|Secret Sword|p2a: Ogerpon
|-damage|p2a: Ogerpon|0 fnt
|faint|p2a: Ogerpon
|
|upkeep
|
|t:|1759033706
|switch|p2a: Gengar|Gengar, M|86/100
|turn|27
|
|t:|1759033719
|switch|p1a: Tyranitar|Tyranitar, F, tera:Flying|11/100
|-weather|Sandstorm|[from] ability: Sand Stream|[of] p1a: Tyranitar
|move|p2a: Gengar|Shadow Ball|p1a: Tyranitar
|-damage|p1a: Tyranitar|0 fnt
|faint|p1a: Tyranitar
|
|-weather|Sandstorm|[upkeep]
|-damage|p2a: Gengar|79/100|[from] Sandstorm
|upkeep
|
|t:|1759033721
|switch|p1a: Excadrill|Excadrill, F|97/100
|-item|p1a: Excadrill|Air Balloon
|turn|28
|
|t:|1759033728
|switch|p2a: Zamazenta|Zamazenta|56/100
|move|p1a: Excadrill|Earthquake|p2a: Zamazenta
|-damage|p2a: Zamazenta|15/100
|
|-weather|Sandstorm|[upkeep]
|-damage|p2a: Zamazenta|9/100|[from] Sandstorm
|-heal|p2a: Zamazenta|15/100|[from] item: Leftovers
|upkeep
|turn|29
|
|t:|1759033730
|move|p1a: Excadrill|Earthquake|p2a: Zamazenta
|-crit|p2a: Zamazenta
|-damage|p2a: Zamazenta|0 fnt
|faint|p2a: Zamazenta
|
|-weather|Sandstorm|[upkeep]
|upkeep
|-message|BigBungusBong forfeited.
|
|win|Trevoro
|raw|Trevoro's rating: 1439 &rarr; <strong>1460</strong><br />(+21 for winning)
|raw|BigBungusBong's rating: 1465 &rarr; <strong>1444</strong><br />(-21 for losing)
|l|☆BigBungusBong
|player|p2|
|l|☆Trevoro
|player|p1|
