|j|☆saksham3241
|j|☆Raydex0123
|t:|1758969814
|gametype|singles
|player|p1|saksham3241|170|1103
|player|p2|Raydex0123|lucas|1125
|gen|9
|tier|[Gen 9] OU
|rated|
|rule|HP Percentage Mod: HP is shown in percentages
|rule|Endless Battle Clause: Forcing endless battles is banned
|rule|Species Clause: Limit one of each Pokémon
|rule|OHKO Clause: OHKO moves are banned
|rule|Evasion Items Clause: Evasion items are banned
|rule|Evasion Moves Clause: Evasion moves are banned
|rule|Evasion Abilities Clause: Evasion abilities are banned
|rule|Sleep Moves Clause: Sleep-inducing moves are banned
|clearpoke
|poke|p1|Grimmsnarl, M|
|poke|p1|Raging Bolt|
|poke|p1|Dragonite, F|
|poke|p1|Corviknight, M|
|poke|p1|Meowscarada, M|
|poke|p1|Great Tusk|
|poke|p2|Iron Valiant|
|poke|p2|Cobalion|
|poke|p2|Sylveon, M|
|poke|p2|Corviknight, M|
|poke|p2|Alomomola, M|
|poke|p2|Clawitzer, M|
|teampreview
|
|t:|1758969819
|teamsize|p1|6
|teamsize|p2|6
|start
|switch|p1a: Grimmsnarl|Grimmsnarl, M|100/100
|switch|p2a: Clawitzer|Clawitzer, M, shiny|100/100
|turn|1
|
|t:|1758969840
|move|p1a: Grimmsnarl|Light Screen|p1a: Grimmsnarl
|-sidestart|p1: saksham3241|move: Light Screen
|move|p2a: Clawitzer|Water Pulse|p1a: Grimmsnarl
|-damage|p1a: Grimmsnarl|77/100
|
|upkeep
|turn|2
|
|t:|1758969848
|switch|p2a: Sylveon|Sylveon, M, shiny|100/100
|move|p1a: Grimmsnarl|Reflect|p1a: Grimmsnarl
|-sidestart|p1: saksham3241|Reflect
|
|upkeep
|turn|3
|
|t:|1758969853
|move|p1a: Grimmsnarl|Parting Shot|p2a: Sylveon
|-unboost|p2a: Sylveon|atk|1
|-unboost|p2a: Sylveon|spa|1
|
|t:|1758969858
|switch|p1a: Corviknight|Corviknight, M|100/100|[from] Parting Shot
|move|p2a: Sylveon|Calm Mind|p2a: Sylveon
|-boost|p2a: Sylveon|spa|1
|-boost|p2a: Sylveon|spd|1
|
|upkeep
|turn|4
|
|t:|1758969866
|move|p1a: Corviknight|Brave Bird|p2a: Sylveon
|-damage|p2a: Sylveon|37/100
|-damage|p1a: Corviknight|76/100|[from] Recoil
|move|p2a: Sylveon|Wish|p2a: Sylveon
|
|-heal|p1a: Corviknight|82/100|[from] item: Leftovers
|-heal|p2a: Sylveon|43/100|[from] item: Leftovers
|upkeep
|turn|5
|
|t:|1758969879
|switch|p2a: Alomomola|Alomomola, M|100/100
|move|p1a: Corviknight|Brave Bird|p2a: Alomomola
|-damage|p2a: Alomomola|71/100
|-damage|p1a: Corviknight|67/100|[from] Recoil
|
|-heal|p2a: Alomomola|100/100|[from] move: Wish|[wisher] Sylveon
|-heal|p1a: Corviknight|73/100|[from] item: Leftovers
|upkeep
|turn|6
|
|t:|1758969890
|move|p1a: Corviknight|Body Press|p2a: Alomomola
|-damage|p2a: Alomomola|88/100
|move|p2a: Alomomola|Scald|p1a: Corviknight
|-damage|p1a: Corviknight|66/100
|
|-heal|p1a: Corviknight|72/100|[from] item: Leftovers
|upkeep
|turn|7
|
|t:|1758969900
|move|p1a: Corviknight|Brave Bird|p2a: Alomomola
|-damage|p2a: Alomomola|59/100
|-damage|p1a: Corviknight|56/100|[from] Recoil
|move|p2a: Alomomola|Wish|p2a: Alomomola
|
|-heal|p1a: Corviknight|63/100|[from] item: Leftovers
|upkeep
|turn|8
|
|t:|1758969910
|switch|p1a: Raging Bolt|Raging Bolt|100/100
|-enditem|p1a: Raging Bolt|Booster Energy
|-activate|p1a: Raging Bolt|ability: Protosynthesis|[fromitem]
|-start|p1a: Raging Bolt|protosynthesisspa
|move|p2a: Alomomola|Flip Turn|p1a: Raging Bolt
|-resisted|p1a: Raging Bolt
|-damage|p1a: Raging Bolt|99/100
|
|t:|1758969928
|switch|p2a: Iron Valiant|Iron Valiant|100/100|[from] Flip Turn
|-enditem|p2a: Iron Valiant|Booster Energy
|-activate|p2a: Iron Valiant|ability: Quark Drive|[fromitem]
|-start|p2a: Iron Valiant|quarkdrivespe
|
|-sideend|p1: saksham3241|move: Light Screen
|upkeep
|turn|9
|
|t:|1758969936
|move|p2a: Iron Valiant|Moonblast|p1a: Raging Bolt
|-supereffective|p1a: Raging Bolt
|-damage|p1a: Raging Bolt|16/100
|-unboost|p1a: Raging Bolt|spa|1
|move|p1a: Raging Bolt|Calm Mind|p1a: Raging Bolt
|-boost|p1a: Raging Bolt|spa|1
|-boost|p1a: Raging Bolt|spd|1
|
|-sideend|p1: saksham3241|Reflect
|upkeep
|turn|10
|
|t:|1758969945
|move|p1a: Raging Bolt|Thunderclap|p2a: Iron Valiant
|-damage|p2a: Iron Valiant|4/100
|move|p2a: Iron Valiant|Moonblast|p1a: Raging Bolt
|-supereffective|p1a: Raging Bolt
|-damage|p1a: Raging Bolt|0 fnt
|faint|p1a: Raging Bolt
|-end|p1a: Raging Bolt|Protosynthesis|[silent]
|
|upkeep
|
|t:|1758969951
|switch|p1a: Grimmsnarl|Grimmsnarl, M|77/100
|turn|11
|
|t:|1758969956
|move|p1a: Grimmsnarl|Light Screen|p1a: Grimmsnarl
|-sidestart|p1: saksham3241|move: Light Screen
|move|p2a: Iron Valiant|Moonblast|p1a: Grimmsnarl
|-supereffective|p1a: Grimmsnarl
|-damage|p1a: Grimmsnarl|25/100
|-unboost|p1a: Grimmsnarl|spa|1
|
|upkeep
|turn|12
|
|t:|1758969962
|move|p1a: Grimmsnarl|Reflect|p1a: Grimmsnarl
|-sidestart|p1: saksham3241|Reflect
|move|p2a: Iron Valiant|Moonblast|p1a: Grimmsnarl
|-supereffective|p1a: Grimmsnarl
|-damage|p1a: Grimmsnarl|0 fnt
|faint|p1a: Grimmsnarl
|
|upkeep
|
|t:|1758969969
|switch|p1a: Meowscarada|Meowscarada, M|100/100
|turn|13
|
|t:|1758969973
|move|p1a: Meowscarada|Sucker Punch|p2a: Iron Valiant
|-start|p1a: Meowscarada|typechange|Dark|[from] ability: Protean
|-resisted|p2a: Iron Valiant
|-damage|p2a: Iron Valiant|0 fnt
|faint|p2a: Iron Valiant
|-end|p2a: Iron Valiant|Quark Drive|[silent]
|
|upkeep
|
|t:|1758969980
|switch|p2a: Sylveon|Sylveon, M, shiny|43/100
|turn|14
|
|t:|1758969987
|move|p1a: Meowscarada|Sucker Punch||[still]
|-fail|p1a: Meowscarada
|move|p2a: Sylveon|Wish|p2a: Sylveon
|
|-heal|p2a: Sylveon|49/100|[from] item: Leftovers
|upkeep
|turn|15
|
|t:|1758969993
|move|p1a: Meowscarada|Play Rough|p2a: Sylveon
|-damage|p2a: Sylveon|12/100
|move|p2a: Sylveon|Hyper Voice|p1a: Meowscarada
|-supereffective|p1a: Meowscarada
|-damage|p1a: Meowscarada|47/100
|
|-heal|p2a: Sylveon|62/100|[from] move: Wish|[wisher] Sylveon
|-heal|p2a: Sylveon|69/100|[from] item: Leftovers
|upkeep
|turn|16
|
|t:|1758970003
|move|p1a: Meowscarada|U-turn|p2a: Sylveon
|-resisted|p2a: Sylveon
|-damage|p2a: Sylveon|56/100
|
|t:|1758970008
|switch|p1a: Great Tusk|Great Tusk|100/100|[from] U-turn
|-enditem|p1a: Great Tusk|Booster Energy
|-activate|p1a: Great Tusk|ability: Protosynthesis|[fromitem]
|-start|p1a: Great Tusk|protosynthesisatk
|move|p2a: Sylveon|Hyper Voice|p1a: Great Tusk
|-supereffective|p1a: Great Tusk
|-crit|p1a: Great Tusk
|-damage|p1a: Great Tusk|0 fnt
|faint|p1a: Great Tusk
|-end|p1a: Great Tusk|Protosynthesis|[silent]
|
|-heal|p2a: Sylveon|62/100|[from] item: Leftovers
|upkeep
|l|☆saksham3241
|player|p1|
|inactive|Battle timer is ON: inactive players will automatically lose when time's up. (requested by Raydex0123)
|inactive|saksham3241 has 30 seconds to reconnect!
|inactive|saksham3241 has 20 seconds to reconnect!
|inactive|saksham3241 has 15 seconds to reconnect!
|inactive|saksham3241 has 10 seconds to reconnect!
|inactive|saksham3241 has 5 seconds to reconnect!
|-message|saksham3241 lost due to inactivity.
|
|win|Raydex0123
|raw|saksham3241's rating: 1103 &rarr; <strong>1080</strong><br />(-23 for losing)
|raw|Raydex0123's rating: 1125 &rarr; <strong>1148</strong><br />(+23 for winning)
|l|☆Raydex0123
|player|p2|
