|j|☆iamfrhaan007
|j|☆Nultiprise
|t:|1759069189
|gametype|singles
|player|p1|iamfrhaan007|blue|1495
|player|p2|Nultiprise|preschooler|1520
|gen|9
|tier|[Gen 9] OU
|rated|
|rule|HP Percentage Mod: HP is shown in percentages
|rule|Endless Battle Clause: Forcing endless battles is banned
|rule|Species Clause: Limit one of each Pokémon
|rule|OHKO Clause: OHKO moves are banned
|rule|Evasion Items Clause: Evasion items are banned
|rule|Evasion Moves Clause: Evasion moves are banned
|rule|Evasion Abilities Clause: Evasion abilities are banned
|rule|Sleep Moves Clause: Sleep-inducing moves are banned
|clearpoke
|poke|p1|Gliscor, M|
|poke|p1|Walking Wake|
|poke|p1|Slowking-Galar, M|
|poke|p1|Zamazenta-*|
|poke|p1|Ting-Lu|
|poke|p1|Kingambit, M|
|poke|p2|Greninja-*, M|
|poke|p2|Zoroark-Hisui, M|
|poke|p2|Great Tusk|
|poke|p2|Deoxys-Speed|
|poke|p2|Yanmega, M|
|poke|p2|Toxicroak, F|
|teampreview
|j| Itwasneroox
|inactive|Battle timer is ON: inactive players will automatically lose when time's up. (requested by iamfrhaan007)
|c|☆Nultiprise|hf
|l| Itwasneroox
|
|t:|1759069212
|teamsize|p1|6
|teamsize|p2|6
|start
|switch|p1a: Walking Wake|Walking Wake|100/100
|switch|p2a: Deoxys|Deoxys-Speed|100/100
|-ability|p2a: Deoxys|Pressure
|turn|1
|
|t:|1759069220
|move|p1a: Walking Wake|Knock Off|p2a: Deoxys
|-supereffective|p2a: Deoxys
|-damage|p2a: Deoxys|44/100
|-enditem|p2a: Deoxys|Focus Sash|[from] move: Knock Off|[of] p1a: Walking Wake
|move|p2a: Deoxys|Mirror Coat||[still]
|-fail|p2a: Deoxys
|
|upkeep
|turn|2
|
|t:|1759069228
|move|p2a: Deoxys|Stealth Rock|p1a: Walking Wake
|-sidestart|p1: iamfrhaan007|move: Stealth Rock
|move|p1a: Walking Wake|Scald|p2a: Deoxys
|-damage|p2a: Deoxys|0 fnt
|faint|p2a: Deoxys
|
|upkeep
|
|t:|1759069238
|switch|p2a: Toxicroak|Toxicroak, F|100/100
|turn|3
|
|t:|1759069245
|-end|p1a: Walking Wake|Protosynthesis|[silent]
|switch|p1a: Gliscor|Gliscor, M|100/100
|-damage|p1a: Gliscor|88/100|[from] Stealth Rock
|move|p2a: Toxicroak|Shadow Ball|p1a: Gliscor
|-crit|p1a: Gliscor
|-damage|p1a: Gliscor|0 fnt
|faint|p1a: Gliscor
|-damage|p2a: Toxicroak|91/100|[from] item: Life Orb
|
|upkeep
|
|t:|1759069255
|switch|p1a: Ting-Lu|Ting-Lu|100/100
|-damage|p1a: Ting-Lu|94/100|[from] Stealth Rock
|-ability|p1a: Ting-Lu|Vessel of Ruin
|turn|4
|inactive|Nultiprise has 120 seconds left.
|
|t:|1759069294
|move|p2a: Toxicroak|Grass Knot|p1a: Ting-Lu
|-supereffective|p1a: Ting-Lu
|-damage|p1a: Ting-Lu|43/100
|-damage|p2a: Toxicroak|81/100|[from] item: Life Orb
|move|p1a: Ting-Lu|Ruination|p2a: Toxicroak
|-damage|p2a: Toxicroak|41/100
|replace|p2a: Feur|Zoroark-Hisui, M
|-end|p2a: Feur|Illusion
|
|-heal|p1a: Ting-Lu|49/100|[from] item: Leftovers
|upkeep
|turn|5
|inactive|Nultiprise has 120 seconds left.
|
|t:|1759069306
|move|p2a: Feur|Grass Knot|p1a: Ting-Lu
|-supereffective|p1a: Ting-Lu
|-damage|p1a: Ting-Lu|1/100
|-damage|p2a: Feur|31/100|[from] item: Life Orb
|move|p1a: Ting-Lu|Earthquake|p2a: Feur
|-damage|p2a: Feur|0 fnt
|faint|p2a: Feur
|
|-heal|p1a: Ting-Lu|8/100|[from] item: Leftovers
|upkeep
|
|t:|1759069309
|switch|p2a: Yanmega|Yanmega, M|100/100
|turn|6
|
|t:|1759069319
|move|p2a: Yanmega|Bug Buzz|p1a: Ting-Lu
|-supereffective|p1a: Ting-Lu
|-damage|p1a: Ting-Lu|0 fnt
|faint|p1a: Ting-Lu
|-enditem|p2a: Yanmega|Throat Spray
|-boost|p2a: Yanmega|spa|1|[from] item: Throat Spray
|
|-ability|p2a: Yanmega|Speed Boost|boost
|-boost|p2a: Yanmega|spe|1
|upkeep
|
|t:|1759069332
|switch|p1a: Zamazenta|Zamazenta|100/100
|-ability|p1a: Zamazenta|Dauntless Shield|boost
|-boost|p1a: Zamazenta|def|1
|turn|7
|
|t:|1759069337
|move|p2a: Yanmega|Air Slash|p1a: Zamazenta
|-supereffective|p1a: Zamazenta
|-damage|p1a: Zamazenta|2/100
|cant|p1a: Zamazenta|flinch
|
|-ability|p2a: Yanmega|Speed Boost|boost
|-boost|p2a: Yanmega|spe|1
|upkeep
|turn|8
|-message|iamfrhaan007 forfeited.
|
|win|Nultiprise
|raw|iamfrhaan007's rating: 1495 &rarr; <strong>1476</strong><br />(-19 for losing)
|raw|Nultiprise's rating: 1520 &rarr; <strong>1539</strong><br />(+19 for winning)
|l|☆Nultiprise
|player|p2|
|l|☆iamfrhaan007
|player|p1|
