|badge|p2|bronze|gen9ou|100-6
|html|<div class="broadcast-red"><strong>This battle is required to be public due to one or more player having a season medal.</strong><br />During the public phase, you can discuss the state of the ladder <a href="/seasondiscussion">in a special chatroom.</a></div>
|uhtml|medal-msg|<div class="broadcast-blue">Curious what those medals under the avatar are? PS now has Ladder Seasons! For more information, check out the <a href="https://www.smogon.com/forums/threads/3740067/">thread on Smogon.</a></div>
|j|☆WeR#4Hay!
|j|☆samohi0
|t:|1759007742
|gametype|singles
|player|p1|WeR#4Hay!|170|1695
|player|p2|samohi0|hoopster|1854
|gen|9
|tier|[Gen 9] OU
|rated|
|rule|HP Percentage Mod: HP is shown in percentages
|rule|Endless Battle Clause: Forcing endless battles is banned
|rule|Species Clause: Limit one of each Pokémon
|rule|OHKO Clause: OHKO moves are banned
|rule|Evasion Items Clause: Evasion items are banned
|rule|Evasion Moves Clause: Evasion moves are banned
|rule|Evasion Abilities Clause: Evasion abilities are banned
|rule|Sleep Moves Clause: Sleep-inducing moves are banned
|clearpoke
|poke|p1|Hydrapple, F|
|poke|p1|Slowking, F|
|poke|p1|Iron Treads|
|poke|p1|Moltres|
|poke|p1|Zamazenta-*|
|poke|p1|Kingambit, F|
|poke|p2|Dragapult, F|
|poke|p2|Lokix, F|
|poke|p2|Alomomola, M|
|poke|p2|Great Tusk|
|poke|p2|Enamorus, F|
|poke|p2|Iron Crown|
|teampreview
|
|t:|1759007774
|teamsize|p1|6
|teamsize|p2|6
|start
|switch|p1a: Moltres|Moltres|100/100
|switch|p2a: Dragapult|Dragapult, F|100/100
|turn|1
|
|t:|1759007779
|switch|p2a: Alomomola|Alomomola, M|100/100
|switch|p1a: Iron Treads|Iron Treads|100/100
|
|upkeep
|turn|2
|
|t:|1759007782
|move|p1a: Iron Treads|Knock Off|p2a: Alomomola
|-damage|p2a: Alomomola|84/100
|-enditem|p2a: Alomomola|Assault Vest|[from] move: Knock Off|[of] p1a: Iron Treads
|move|p2a: Alomomola|Scald|p1a: Iron Treads
|-supereffective|p1a: Iron Treads
|-damage|p1a: Iron Treads|77/100
|
|-heal|p1a: Iron Treads|83/100|[from] item: Leftovers
|upkeep
|turn|3
|
|t:|1759007793
|-end|p1a: Iron Treads|Quark Drive|[silent]
|switch|p1a: Slowking|Slowking, F|100/100
|move|p2a: Alomomola|Flip Turn|p1a: Slowking
|-resisted|p1a: Slowking
|-damage|p1a: Slowking|92/100
|
|t:|1759007796
|switch|p2a: Lokix|Lokix, F|100/100|[from] Flip Turn
|
|upkeep
|turn|4
|
|t:|1759007799
|switch|p1a: Moltres|Moltres|100/100
|move|p2a: Lokix|Knock Off|p1a: Moltres
|-damage|p1a: Moltres|50/100
|-status|p2a: Lokix|brn|[from] ability: Flame Body|[of] p1a: Moltres
|-enditem|p1a: Moltres|Heavy-Duty Boots|[from] move: Knock Off|[of] p2a: Lokix
|
|-damage|p2a: Lokix|94/100 brn|[from] brn
|upkeep
|turn|5
|
|t:|1759007806
|switch|p2a: Alomomola|Alomomola, M|100/100
|move|p1a: Moltres|Roost|p1a: Moltres
|-heal|p1a: Moltres|99/100
|-singleturn|p1a: Moltres|move: Roost
|
|upkeep
|turn|6
|
|t:|1759007808
|move|p1a: Moltres|U-turn|p2a: Alomomola
|-damage|p2a: Alomomola|90/100
|
|t:|1759007811
|switch|p1a: Hydrapple|Hydrapple, F|100/100|[from] U-turn
|move|p2a: Alomomola|Flip Turn|p1a: Hydrapple
|-resisted|p1a: Hydrapple
|-damage|p1a: Hydrapple|97/100
|
|t:|1759007815
|switch|p2a: Dragapult|Dragapult, F|100/100|[from] Flip Turn
|
|upkeep
|turn|7
|
|t:|1759007818
|switch|p1a: Slowking|Slowking, F|100/100
|-terastallize|p2a: Dragapult|Dragon
|move|p2a: Dragapult|Dragon Darts|p1a: Slowking
|-damage|p1a: Slowking|52/100
|-anim|p2a: Dragapult|Dragon Darts|p1a: Slowking
|-crit|p1a: Slowking
|-damage|p1a: Slowking|0 fnt
|faint|p1a: Slowking
|
|upkeep
|
|t:|1759007833
|switch|p1a: TheTransGambit|Kingambit, F|100/100
|-activate|p1a: TheTransGambit|ability: Supreme Overlord
|-start|p1a: TheTransGambit|fallen1|[silent]
|turn|8
|
|t:|1759007839
|switch|p2a: Great Tusk|Great Tusk|100/100
|move|p1a: TheTransGambit|Kowtow Cleave|p2a: Great Tusk
|-resisted|p2a: Great Tusk
|-damage|p2a: Great Tusk|80/100
|
|upkeep
|turn|9
|
|t:|1759007843
|-end|p1a: TheTransGambit|fallen1|[silent]
|switch|p1a: Moltres|Moltres|99/100
|move|p2a: Great Tusk|Stealth Rock|p1a: Moltres
|-sidestart|p1: WeR#4Hay!|move: Stealth Rock
|
|upkeep
|turn|10
|
|t:|1759007849
|-end|p2a: Great Tusk|Protosynthesis|[silent]
|switch|p2a: Alomomola|Alomomola, M|100/100
|move|p1a: Moltres|U-turn|p2a: Alomomola
|-damage|p2a: Alomomola|91/100
|
|t:|1759007851
|switch|p1a: Iron Treads|Iron Treads|83/100|[from] U-turn
|-damage|p1a: Iron Treads|80/100|[from] Stealth Rock
|
|-heal|p1a: Iron Treads|86/100|[from] item: Leftovers
|upkeep
|turn|11
|
|t:|1759007853
|move|p1a: Iron Treads|Rapid Spin|p2a: Alomomola
|-crit|p2a: Alomomola
|-damage|p2a: Alomomola|79/100
|-boost|p1a: Iron Treads|spe|1
|-sideend|p1: WeR#4Hay!|Stealth Rock|[from] move: Rapid Spin|[of] p1a: Iron Treads
|move|p2a: Alomomola|Flip Turn|p1a: Iron Treads
|-supereffective|p1a: Iron Treads
|-damage|p1a: Iron Treads|62/100
|
|t:|1759007872
|switch|p2a: Great Tusk|Great Tusk|80/100|[from] Flip Turn
|
|-heal|p1a: Iron Treads|68/100|[from] item: Leftovers
|upkeep
|turn|12
|
|t:|1759007881
|-end|p1a: Iron Treads|Quark Drive|[silent]
|switch|p1a: Moltres|Moltres|99/100
|move|p2a: Great Tusk|Stealth Rock|p1a: Moltres
|-sidestart|p1: WeR#4Hay!|move: Stealth Rock
|
|upkeep
|turn|13
|
|t:|1759007889
|-end|p2a: Great Tusk|Protosynthesis|[silent]
|switch|p2a: Iron Crown|Iron Crown|100/100
|move|p1a: Moltres|U-turn|p2a: Iron Crown
|-damage|p2a: Iron Crown|85/100
|
|t:|1759007893
|switch|p1a: Hydrapple|Hydrapple, F|100/100|[from] U-turn
|-damage|p1a: Hydrapple|88/100|[from] Stealth Rock
|
|upkeep
|turn|14
|
|t:|1759007900
|move|p2a: Iron Crown|Tachyon Cutter|p1a: Hydrapple
|-damage|p1a: Hydrapple|47/100
|-damage|p1a: Hydrapple|6/100
|-hitcount|p1a: Hydrapple|2
|move|p1a: Hydrapple|Earth Power|p2a: Iron Crown
|-supereffective|p2a: Iron Crown
|-damage|p2a: Iron Crown|5/100
|-damage|p1a: Hydrapple|0 fnt|[from] item: Life Orb
|faint|p1a: Hydrapple
|
|upkeep
|
|t:|1759007907
|switch|p1a: Iron Treads|Iron Treads|68/100
|-damage|p1a: Iron Treads|65/100|[from] Stealth Rock
|turn|15
|
|t:|1759007909
|move|p2a: Iron Crown|Tachyon Cutter|p1a: Iron Treads
|-resisted|p1a: Iron Treads
|-damage|p1a: Iron Treads|51/100
|-resisted|p1a: Iron Treads
|-damage|p1a: Iron Treads|35/100
|-hitcount|p1a: Iron Treads|2
|move|p1a: Iron Treads|Rapid Spin|p2a: Iron Crown
|-resisted|p2a: Iron Crown
|-damage|p2a: Iron Crown|0 fnt
|-boost|p1a: Iron Treads|spe|1
|-sideend|p1: WeR#4Hay!|Stealth Rock|[from] move: Rapid Spin|[of] p1a: Iron Treads
|faint|p2a: Iron Crown
|-end|p2a: Iron Crown|Quark Drive|[silent]
|
|-heal|p1a: Iron Treads|41/100|[from] item: Leftovers
|upkeep
|
|t:|1759007911
|switch|p2a: Great Tusk|Great Tusk|80/100
|turn|16
|
|t:|1759007915
|move|p1a: Iron Treads|Ice Spinner|p2a: Great Tusk
|-supereffective|p2a: Great Tusk
|-damage|p2a: Great Tusk|49/100
|move|p2a: Great Tusk|Stealth Rock|p1a: Iron Treads
|-sidestart|p1: WeR#4Hay!|move: Stealth Rock
|
|-heal|p1a: Iron Treads|47/100|[from] item: Leftovers
|upkeep
|turn|17
|
|t:|1759007935
|-terastallize|p1a: Iron Treads|Fairy
|move|p1a: Iron Treads|Ice Spinner|p2a: Great Tusk
|-supereffective|p2a: Great Tusk
|-damage|p2a: Great Tusk|22/100
|move|p2a: Great Tusk|Headlong Rush|p1a: Iron Treads
|-damage|p1a: Iron Treads|0 fnt
|-unboost|p2a: Great Tusk|def|1
|-unboost|p2a: Great Tusk|spd|1
|faint|p1a: Iron Treads
|-end|p1a: Iron Treads|Quark Drive|[silent]
|
|upkeep
|
|t:|1759007949
|switch|p1a: Moltres|Moltres|99/100
|-damage|p1a: Moltres|50/100|[from] Stealth Rock
|turn|18
|
|t:|1759007954
|-end|p2a: Great Tusk|Protosynthesis|[silent]
|switch|p2a: Alomomola|Alomomola, M|100/100
|move|p1a: Moltres|U-turn|p2a: Alomomola
|-damage|p2a: Alomomola|90/100
|
|t:|1759007963
|switch|p1a: Zamazenta|Zamazenta|100/100|[from] U-turn
|-damage|p1a: Zamazenta|94/100|[from] Stealth Rock
|-ability|p1a: Zamazenta|Dauntless Shield|boost
|-boost|p1a: Zamazenta|def|1
|
|upkeep
|turn|19
|
|t:|1759007965
|move|p1a: Zamazenta|Close Combat|p2a: Alomomola
|-damage|p2a: Alomomola|29/100
|-unboost|p1a: Zamazenta|def|1
|-unboost|p1a: Zamazenta|spd|1
|move|p2a: Alomomola|Flip Turn|p1a: Zamazenta
|-damage|p1a: Zamazenta|80/100
|
|t:|1759007969
|switch|p2a: Enamorus|Enamorus, F|100/100|[from] Flip Turn
|
|upkeep
|turn|20
|
|t:|1759007978
|switch|p1a: Moltres|Moltres|50/100
|-damage|p1a: Moltres|0 fnt|[from] Stealth Rock
|faint|p1a: Moltres
|move|p2a: Enamorus|Moonblast|p1: Moltres|[notarget]
|-fail|p2a: Enamorus
|
|upkeep
|
|t:|1759007979
|switch|p1a: TheTransGambit|Kingambit, F|100/100
|-damage|p1a: TheTransGambit|94/100|[from] Stealth Rock
|-activate|p1a: TheTransGambit|ability: Supreme Overlord
|-start|p1a: TheTransGambit|fallen4|[silent]
|turn|21
|
|t:|1759007982
|switch|p2a: Great Tusk|Great Tusk|22/100
|move|p1a: TheTransGambit|Swords Dance|p1a: TheTransGambit
|-boost|p1a: TheTransGambit|atk|2
|
|-heal|p1a: TheTransGambit|100/100|[from] item: Leftovers
|upkeep
|turn|22
|
|t:|1759007985
|move|p1a: TheTransGambit|Sucker Punch|p2a: Great Tusk
|-resisted|p2a: Great Tusk
|-damage|p2a: Great Tusk|0 fnt
|faint|p2a: Great Tusk
|-end|p2a: Great Tusk|Protosynthesis|[silent]
|
|upkeep
|
|t:|1759007988
|switch|p2a: Lokix|Lokix, F|94/100 brn
|turn|23
|
|t:|1759008005
|move|p2a: Lokix|Knock Off|p1a: TheTransGambit
|-resisted|p1a: TheTransGambit
|-damage|p1a: TheTransGambit|73/100
|-enditem|p1a: TheTransGambit|Leftovers|[from] move: Knock Off|[of] p2a: Lokix
|move|p1a: TheTransGambit|Iron Head|p2a: Lokix
|-damage|p2a: Lokix|0 fnt
|faint|p2a: Lokix
|
|upkeep
|
|t:|1759008007
|switch|p2a: Enamorus|Enamorus, F|100/100
|turn|24
|
|t:|1759008012
|move|p2a: Enamorus|Earth Power|p1a: TheTransGambit
|-supereffective|p1a: TheTransGambit
|-damage|p1a: TheTransGambit|11/100
|move|p1a: TheTransGambit|Iron Head|p2a: Enamorus
|-supereffective|p2a: Enamorus
|-damage|p2a: Enamorus|0 fnt
|faint|p2a: Enamorus
|
|upkeep
|
|t:|1759008016
|switch|p2a: Dragapult|Dragapult, F, tera:Dragon|100/100
|turn|25
|
|t:|1759008018
|move|p2a: Dragapult|Quick Attack|p1a: TheTransGambit
|-resisted|p1a: TheTransGambit
|-crit|p1a: TheTransGambit
|-damage|p1a: TheTransGambit|0 fnt
|faint|p1a: TheTransGambit
|-end|p1a: TheTransGambit|fallen4|[silent]
|
|upkeep
|
|t:|1759008020
|switch|p1a: Zamazenta|Zamazenta|80/100
|-damage|p1a: Zamazenta|74/100|[from] Stealth Rock
|turn|26
|
|t:|1759008024
|switch|p2a: Alomomola|Alomomola, M|62/100
|move|p1a: Zamazenta|Close Combat|p2a: Alomomola
|-damage|p2a: Alomomola|6/100
|-unboost|p1a: Zamazenta|def|1
|-unboost|p1a: Zamazenta|spd|1
|
|upkeep
|turn|27
|
|t:|1759008026
|move|p1a: Zamazenta|Close Combat|p2a: Alomomola
|-damage|p2a: Alomomola|0 fnt
|-unboost|p1a: Zamazenta|def|1
|-unboost|p1a: Zamazenta|spd|1
|faint|p2a: Alomomola
|
|upkeep
|
|t:|1759008028
|switch|p2a: Dragapult|Dragapult, F, tera:Dragon|100/100
|turn|28
|
|t:|1759008030
|move|p2a: Dragapult|Dragon Darts|p1a: Zamazenta
|-damage|p1a: Zamazenta|0 fnt
|faint|p1a: Zamazenta
|
|win|samohi0
|raw|WeR#4Hay!'s rating: 1695 &rarr; <strong>1684</strong><br />(-11 for losing)
|raw|samohi0's rating: 1854 &rarr; <strong>1865</strong><br />(+11 for winning)
|c|☆WeR#4Hay!|gg
|c|☆samohi0|gg
|l|☆samohi0
|player|p2|
