|j|☆Princessjosie1001!
|j|☆NeonNinja_21
|t:|1758935470
|gametype|singles
|player|p1|Princessjosie1001!|nurse|1404
|player|p2|NeonNinja_21|doubleteam|1437
|gen|9
|tier|[Gen 9] OU
|rated|
|rule|HP Percentage Mod: HP is shown in percentages
|rule|Endless Battle Clause: Forcing endless battles is banned
|rule|Species Clause: Limit one of each Pokémon
|rule|OHKO Clause: OHKO moves are banned
|rule|Evasion Items Clause: Evasion items are banned
|rule|Evasion Moves Clause: Evasion moves are banned
|rule|Evasion Abilities Clause: Evasion abilities are banned
|rule|Sleep Moves Clause: Sleep-inducing moves are banned
|clearpoke
|poke|p1|Yanmega, F|
|poke|p1|Cloyster, F|
|poke|p1|Salazzle, F|
|poke|p1|Espeon, M|
|poke|p1|Jirachi|
|poke|p1|Maushold-Four|
|poke|p2|Scizor, M|
|poke|p2|Kingambit, M|
|poke|p2|Tinkaton, F|
|poke|p2|Great Tusk|
|poke|p2|Samurott-Hisui, M|
|poke|p2|Ceruledge, M|
|teampreview
|
|t:|1758935483
|teamsize|p1|6
|teamsize|p2|6
|start
|switch|p1a: Yanmega|Yanmega, F|100/100
|switch|p2a: Tinkaton|Tinkaton, F|100/100
|-ability|p2a: Tinkaton|Mold Breaker
|-item|p2a: Tinkaton|Air Balloon
|turn|1
|
|t:|1758935492
|move|p1a: Yanmega|Protect|p1a: Yanmega
|-singleturn|p1a: Yanmega|Protect
|move|p2a: Tinkaton|Thunder Wave|p1a: Yanmega
|-activate|p1a: Yanmega|move: Protect
|
|-ability|p1a: Yanmega|Speed Boost|boost
|-boost|p1a: Yanmega|spe|1
|upkeep
|turn|2
|
|t:|1758935499
|move|p1a: Yanmega|Air Slash|p2a: Tinkaton
|-resisted|p2a: Tinkaton
|-crit|p2a: Tinkaton
|-damage|p2a: Tinkaton|69/100
|-enditem|p2a: Tinkaton|Air Balloon
|-damage|p1a: Yanmega|91/100|[from] item: Life Orb
|move|p2a: Tinkaton|Thunder Wave|p1a: Yanmega|[miss]
|-miss|p2a: Tinkaton|p1a: Yanmega
|
|-ability|p1a: Yanmega|Speed Boost|boost
|-boost|p1a: Yanmega|spe|1
|upkeep
|turn|3
|
|t:|1758935510
|move|p1a: Yanmega|Air Slash|p2a: Tinkaton
|-resisted|p2a: Tinkaton
|-damage|p2a: Tinkaton|47/100
|-damage|p1a: Yanmega|81/100|[from] item: Life Orb
|move|p2a: Tinkaton|Stealth Rock|p1a: Yanmega
|-sidestart|p1: Princessjosie1001!|move: Stealth Rock
|
|-ability|p1a: Yanmega|Speed Boost|boost
|-boost|p1a: Yanmega|spe|1
|upkeep
|turn|4
|
|t:|1758935517
|move|p1a: Yanmega|Air Slash|p2a: Tinkaton
|-resisted|p2a: Tinkaton
|-damage|p2a: Tinkaton|25/100
|-damage|p1a: Yanmega|71/100|[from] item: Life Orb
|move|p2a: Tinkaton|Thunder Wave|p1a: Yanmega|[miss]
|-miss|p2a: Tinkaton|p1a: Yanmega
|
|-ability|p1a: Yanmega|Speed Boost|boost
|-boost|p1a: Yanmega|spe|1
|upkeep
|turn|5
|
|t:|1758935527
|move|p1a: Yanmega|Air Slash|p2a: Tinkaton
|-resisted|p2a: Tinkaton
|-damage|p2a: Tinkaton|3/100
|-damage|p1a: Yanmega|61/100|[from] item: Life Orb
|move|p2a: Tinkaton|Thunder Wave|p1a: Yanmega
|-status|p1a: Yanmega|par
|
|-ability|p1a: Yanmega|Speed Boost|boost
|-boost|p1a: Yanmega|spe|1
|upkeep
|turn|6
|
|t:|1758935536
|move|p1a: Yanmega|Bug Buzz|p2a: Tinkaton
|-resisted|p2a: Tinkaton
|-damage|p2a: Tinkaton|0 fnt
|faint|p2a: Tinkaton
|-damage|p1a: Yanmega|51/100 par|[from] item: Life Orb
|
|-ability|p1a: Yanmega|Speed Boost|boost
|-boost|p1a: Yanmega|spe|1
|upkeep
|
|t:|1758935547
|switch|p2a: Scizor|Scizor, M|100/100
|turn|7
|
|t:|1758935552
|move|p2a: Scizor|Bullet Punch|p1a: Yanmega
|-damage|p1a: Yanmega|0 fnt
|faint|p1a: Yanmega
|-damage|p2a: Scizor|91/100|[from] item: Life Orb
|
|upkeep
|
|t:|1758935557
|switch|p1a: Jirachi|Jirachi|100/100
|-damage|p1a: Jirachi|94/100|[from] Stealth Rock
|turn|8
|
|t:|1758935567
|move|p1a: Jirachi|Body Slam|p2a: Scizor
|-resisted|p2a: Scizor
|-damage|p2a: Scizor|76/100
|-status|p2a: Scizor|par
|cant|p2a: Scizor|par
|
|upkeep
|turn|9
|
|t:|1758935578
|switch|p1a: Salazzle|Salazzle, F|100/100
|-damage|p1a: Salazzle|76/100|[from] Stealth Rock
|cant|p2a: Scizor|par
|
|upkeep
|turn|10
|
|t:|1758935590
|move|p1a: Salazzle|Flamethrower|p2a: Scizor
|-supereffective|p2a: Scizor
|-damage|p2a: Scizor|0 fnt
|faint|p2a: Scizor
|
|upkeep
|
|t:|1758935592
|switch|p2a: Samurott|Samurott-Hisui, M|100/100
|turn|11
|
|t:|1758935598
|move|p2a: Samurott|Flip Turn|p1a: Salazzle
|-supereffective|p1a: Salazzle
|-damage|p1a: Salazzle|0 fnt
|faint|p1a: Salazzle
|
|t:|1758935603
|switch|p2a: Ceruledge|Ceruledge, M|100/100|[from] Flip Turn
|-item|p2a: Ceruledge|Air Balloon
|
|upkeep
|
|t:|1758935608
|switch|p1a: Maushold|Maushold-Four|100/100
|-damage|p1a: Maushold|88/100|[from] Stealth Rock
|turn|12
|
|t:|1758935614
|move|p1a: Maushold|Tidy Up|p1a: Maushold
|-sideend|p1: Princessjosie1001!|Stealth Rock
|-activate|p1a: Maushold|move: Tidy Up
|-boost|p1a: Maushold|atk|1
|-boost|p1a: Maushold|spe|1
|move|p2a: Ceruledge|Swords Dance|p2a: Ceruledge
|-boost|p2a: Ceruledge|atk|2
|
|upkeep
|turn|13
|
|t:|1758935621
|move|p1a: Maushold|Bullet Seed|p2a: Ceruledge
|-resisted|p2a: Ceruledge
|-damage|p2a: Ceruledge|89/100
|-ability|p2a: Ceruledge|Weak Armor|boost
|-unboost|p2a: Ceruledge|def|1
|-boost|p2a: Ceruledge|spe|2
|-enditem|p2a: Ceruledge|Air Balloon
|-resisted|p2a: Ceruledge
|-damage|p2a: Ceruledge|74/100
|-ability|p2a: Ceruledge|Weak Armor|boost
|-unboost|p2a: Ceruledge|def|1
|-boost|p2a: Ceruledge|spe|2
|-resisted|p2a: Ceruledge
|-damage|p2a: Ceruledge|54/100
|-ability|p2a: Ceruledge|Weak Armor|boost
|-unboost|p2a: Ceruledge|def|1
|-boost|p2a: Ceruledge|spe|2
|-resisted|p2a: Ceruledge
|-damage|p2a: Ceruledge|28/100
|-ability|p2a: Ceruledge|Weak Armor|boost
|-unboost|p2a: Ceruledge|def|1
|-hitcount|p2a: Ceruledge|4
|move|p2a: Ceruledge|Bitter Blade|p1a: Maushold
|-damage|p1a: Maushold|0 fnt
|-heal|p2a: Ceruledge|71/100|[from] drain|[of] p1a: Maushold
|faint|p1a: Maushold
|
|upkeep
|
|t:|1758935643
|switch|p1a: Cloyster|Cloyster, F|100/100
|turn|14
|
|t:|1758935655
|-terastallize|p2a: Ceruledge|Ghost
|move|p2a: Ceruledge|Phantom Force||[still]
|-prepare|p2a: Ceruledge|Phantom Force
|move|p1a: Cloyster|Rock Blast|p2a: Ceruledge|[miss]
|-miss|p1a: Cloyster|p2a: Ceruledge
|
|upkeep
|turn|15
|
|t:|1758935667
|switch|p1a: No hazard allowed|Espeon, M|100/100
|move|p2a: Ceruledge|Phantom Force|p1a: No hazard allowed|[from] lockedmove
|-supereffective|p1a: No hazard allowed
|-damage|p1a: No hazard allowed|0 fnt
|faint|p1a: No hazard allowed
|
|upkeep
|
|t:|1758935674
|switch|p1a: Cloyster|Cloyster, F|100/100
|turn|16
|
|t:|1758935683
|move|p2a: Ceruledge|Destiny Bond|p2a: Ceruledge
|-singlemove|p2a: Ceruledge|Destiny Bond
|move|p1a: Cloyster|Shell Smash|p1a: Cloyster
|-unboost|p1a: Cloyster|def|1
|-unboost|p1a: Cloyster|spd|1
|-boost|p1a: Cloyster|atk|2
|-boost|p1a: Cloyster|spa|2
|-boost|p1a: Cloyster|spe|2
|
|upkeep
|turn|17
|
|t:|1758935692
|move|p2a: Ceruledge|Phantom Force||[still]
|-prepare|p2a: Ceruledge|Phantom Force
|move|p1a: Cloyster|Shell Smash|p1a: Cloyster
|-unboost|p1a: Cloyster|def|1
|-unboost|p1a: Cloyster|spd|1
|-boost|p1a: Cloyster|atk|2
|-boost|p1a: Cloyster|spa|2
|-boost|p1a: Cloyster|spe|2
|
|upkeep
|turn|18
|
|t:|1758935701
|move|p2a: Ceruledge|Phantom Force|p1a: Cloyster|[from] lockedmove
|-enditem|p1a: Cloyster|Focus Sash
|-damage|p1a: Cloyster|1/100
|move|p1a: Cloyster|Icicle Spear|p2a: Ceruledge
|-damage|p2a: Ceruledge|0 fnt
|faint|p2a: Ceruledge
|-hitcount|p2: Ceruledge|1
|
|upkeep
|
|t:|1758935709
|switch|p2a: Kingambit|Kingambit, M|100/100
|-activate|p2a: Kingambit|ability: Supreme Overlord
|-start|p2a: Kingambit|fallen3|[silent]
|turn|19
|
|t:|1758935714
|move|p2a: Kingambit|Sucker Punch||[still]
|-fail|p2a: Kingambit
|move|p1a: Cloyster|Shell Smash|p1a: Cloyster
|-unboost|p1a: Cloyster|def|1
|-unboost|p1a: Cloyster|spd|1
|-boost|p1a: Cloyster|atk|2
|-boost|p1a: Cloyster|spa|2
|-boost|p1a: Cloyster|spe|2
|
|upkeep
|turn|20
|
|t:|1758935721
|-terastallize|p1a: Cloyster|Ice
|move|p1a: Cloyster|Ice Shard|p2a: Kingambit
|-resisted|p2a: Kingambit
|-damage|p2a: Kingambit|65/100
|move|p2a: Kingambit|Sucker Punch||[still]
|-fail|p2a: Kingambit
|
|upkeep
|turn|21
|
|t:|1758935731
|move|p1a: Cloyster|Ice Shard|p2a: Kingambit
|-resisted|p2a: Kingambit
|-damage|p2a: Kingambit|29/100
|move|p2a: Kingambit|Sucker Punch||[still]
|-fail|p2a: Kingambit
|
|upkeep
|turn|22
|
|t:|1758935736
|-end|p2a: Kingambit|fallen3|[silent]
|switch|p2a: Samurott|Samurott-Hisui, M|100/100
|move|p1a: Cloyster|Ice Shard|p2a: Samurott
|-resisted|p2a: Samurott
|-damage|p2a: Samurott|41/100
|
|upkeep
|turn|23
|
|t:|1758935742
|move|p1a: Cloyster|Ice Shard|p2a: Samurott
|-resisted|p2a: Samurott
|-damage|p2a: Samurott|0 fnt
|faint|p2a: Samurott
|
|upkeep
|
|t:|1758935747
|switch|p2a: Great Tusk|Great Tusk|100/100
|-enditem|p2a: Great Tusk|Booster Energy
|-activate|p2a: Great Tusk|ability: Protosynthesis|[fromitem]
|-start|p2a: Great Tusk|protosynthesisspe
|turn|24
|
|t:|1758935752
|move|p1a: Cloyster|Icicle Spear|p2a: Great Tusk
|-supereffective|p2a: Great Tusk
|-damage|p2a: Great Tusk|21/100
|-supereffective|p2a: Great Tusk
|-damage|p2a: Great Tusk|0 fnt
|faint|p2a: Great Tusk
|-end|p2a: Great Tusk|Protosynthesis|[silent]
|-hitcount|p2: Great Tusk|2
|
|upkeep
|
|t:|1758935755
|switch|p2a: Kingambit|Kingambit, M|29/100
|-activate|p2a: Kingambit|ability: Supreme Overlord
|-start|p2a: Kingambit|fallen5|[silent]
|turn|25
|
|t:|1758935760
|move|p1a: Cloyster|Ice Shard|p2a: Kingambit
|-resisted|p2a: Kingambit
|-damage|p2a: Kingambit|0 fnt
|faint|p2a: Kingambit
|-end|p2a: Kingambit|fallen5|[silent]
|
|win|Princessjosie1001!
|raw|Princessjosie1001!'s rating: 1404 &rarr; <strong>1426</strong><br />(+22 for winning)
|raw|NeonNinja_21's rating: 1437 &rarr; <strong>1415</strong><br />(-22 for losing)
|l|☆NeonNinja_21
|player|p2|
|l|☆Princessjosie1001!
|player|p1|
