|j|☆apexbluepk
|j|☆Playm4ker52
|t:|1758989989
|gametype|singles
|player|p1|apexbluepk|170|1289
|player|p2|Playm4ker52|lucas|1346
|gen|9
|tier|[Gen 9] OU
|rated|
|rule|HP Percentage Mod: HP is shown in percentages
|rule|Endless Battle Clause: Forcing endless battles is banned
|rule|Species Clause: Limit one of each Pokémon
|rule|OHKO Clause: OHKO moves are banned
|rule|Evasion Items Clause: Evasion items are banned
|rule|Evasion Moves Clause: Evasion moves are banned
|rule|Evasion Abilities Clause: Evasion abilities are banned
|rule|Sleep Moves Clause: Sleep-inducing moves are banned
|clearpoke
|poke|p1|Pelipper, F|
|poke|p1|Clefable, M|
|poke|p1|Ludicolo, M|
|poke|p1|Goodra, M|
|poke|p1|Dragonite, F|
|poke|p1|Dragapult, M|
|poke|p2|Primarina, F|
|poke|p2|Kyurem|
|poke|p2|Darkrai|
|poke|p2|Corviknight, F|
|poke|p2|Iron Valiant|
|poke|p2|Gliscor, M|
|teampreview
|inactive|Battle timer is ON: inactive players will automatically lose when time's up. (requested by apexbluepk)
|
|t:|1758989995
|teamsize|p1|6
|teamsize|p2|6
|start
|switch|p1a: Dragonite|Dragonite, F|100/100
|switch|p2a: Kyurem|Kyurem|100/100
|-ability|p2a: Kyurem|Pressure
|turn|1
|
|t:|1758990004
|-terastallize|p1a: Dragonite|Normal
|move|p2a: Kyurem|Icicle Spear|p1a: Dragonite
|-damage|p1a: Dragonite|92/100
|-crit|p1a: Dragonite
|-damage|p1a: Dragonite|66/100
|-damage|p1a: Dragonite|50/100
|-damage|p1a: Dragonite|33/100
|-damage|p1a: Dragonite|16/100
|-hitcount|p1a: Dragonite|5
|move|p1a: Dragonite|Dragon Dance|p1a: Dragonite
|-boost|p1a: Dragonite|atk|1
|-boost|p1a: Dragonite|spe|1
|
|upkeep
|turn|2
|
|t:|1758990015
|switch|p2a: Corviknight|Corviknight, F|100/100
|-ability|p2a: Corviknight|Pressure
|move|p1a: Dragonite|Outrage|p2a: Corviknight
|-resisted|p2a: Corviknight
|-damage|p2a: Corviknight|60/100
|-damage|p1a: Dragonite|0 fnt|[from] item: Rocky Helmet|[of] p2a: Corviknight
|faint|p1a: Dragonite
|
|upkeep
|
|t:|1758990025
|switch|p1a: Clefable|Clefable, M|100/100
|turn|3
|
|t:|1758990030
|switch|p2a: Gliscor|Gliscor, M|100/100
|move|p1a: Clefable|Cosmic Power|p1a: Clefable
|-boost|p1a: Clefable|def|1
|-boost|p1a: Clefable|spd|1
|
|-status|p2a: Gliscor|tox|[from] item: Toxic Orb
|upkeep
|turn|4
|
|t:|1758990048
|move|p2a: Gliscor|Earthquake|p1a: Clefable
|-damage|p1a: Clefable|63/100
|move|p1a: Clefable|Cosmic Power|p1a: Clefable
|-boost|p1a: Clefable|def|1
|-boost|p1a: Clefable|spd|1
|
|-heal|p1a: Clefable|69/100|[from] item: Leftovers
|upkeep
|turn|5
|
|t:|1758990053
|move|p2a: Gliscor|Earthquake|p1a: Clefable
|-damage|p1a: Clefable|43/100
|move|p1a: Clefable|Cosmic Power|p1a: Clefable
|-boost|p1a: Clefable|def|1
|-boost|p1a: Clefable|spd|1
|
|-heal|p1a: Clefable|49/100|[from] item: Leftovers
|upkeep
|turn|6
|
|t:|1758990058
|move|p2a: Gliscor|Earthquake|p1a: Clefable
|-damage|p1a: Clefable|27/100
|move|p1a: Clefable|Moonlight|p1a: Clefable
|-heal|p1a: Clefable|77/100
|
|-heal|p1a: Clefable|83/100|[from] item: Leftovers
|upkeep
|turn|7
|
|t:|1758990065
|switch|p2a: Darkrai|Darkrai|100/100
|move|p1a: Clefable|Cosmic Power|p1a: Clefable
|-boost|p1a: Clefable|def|1
|-boost|p1a: Clefable|spd|1
|
|-heal|p1a: Clefable|89/100|[from] item: Leftovers
|upkeep
|turn|8
|
|t:|1758990071
|move|p2a: Darkrai|Sludge Bomb|p1a: Clefable
|-supereffective|p1a: Clefable
|-damage|p1a: Clefable|70/100
|move|p1a: Clefable|Moonblast|p2a: Darkrai
|-supereffective|p2a: Darkrai
|-damage|p2a: Darkrai|0 fnt
|faint|p2a: Darkrai
|
|-heal|p1a: Clefable|76/100|[from] item: Leftovers
|upkeep
|
|t:|1758990078
|switch|p2a: Iron Valiant|Iron Valiant|100/100
|-enditem|p2a: Iron Valiant|Booster Energy
|-activate|p2a: Iron Valiant|ability: Quark Drive|[fromitem]
|-start|p2a: Iron Valiant|quarkdrivespe
|turn|9
|
|t:|1758990085
|move|p2a: Iron Valiant|Spirit Break|p1a: Clefable
|-damage|p1a: Clefable|61/100
|-unboost|p1a: Clefable|spa|1
|move|p1a: Clefable|Stored Power|p2a: Iron Valiant
|-supereffective|p2a: Iron Valiant
|-damage|p2a: Iron Valiant|0 fnt
|faint|p2a: Iron Valiant
|-end|p2a: Iron Valiant|Quark Drive|[silent]
|
|-heal|p1a: Clefable|67/100|[from] item: Leftovers
|upkeep
|
|t:|1758990094
|switch|p2a: Primarina|Primarina, F|100/100
|turn|10
|
|t:|1758990100
|move|p1a: Clefable|Stored Power|p2a: Primarina
|-damage|p2a: Primarina|79/100
|move|p2a: Primarina|Psychic Noise|p1a: Clefable
|-damage|p1a: Clefable|58/100
|-start|p1a: Clefable|move: Heal Block
|
|upkeep
|turn|11
|
|t:|1758990108
|move|p1a: Clefable|Cosmic Power|p1a: Clefable
|-boost|p1a: Clefable|def|1
|-boost|p1a: Clefable|spd|1
|move|p2a: Primarina|Psychic Noise|p1a: Clefable
|-damage|p1a: Clefable|50/100
|
|-end|p1a: Clefable|move: Heal Block
|upkeep
|turn|12
|
|t:|1758990116
|move|p2a: Primarina|Psychic Noise|p1a: Clefable
|-damage|p1a: Clefable|43/100
|-start|p1a: Clefable|move: Heal Block
|cant|p1a: Clefable|move: Heal Block|Moonlight
|
|upkeep
|turn|13
|
|t:|1758990125
|move|p2a: Primarina|Moonblast|p1a: Clefable
|-damage|p1a: Clefable|28/100
|move|p1a: Clefable|Cosmic Power|p1a: Clefable
|-boost|p1a: Clefable|def|1
|-boost|p1a: Clefable|spd|1
|
|-end|p1a: Clefable|move: Heal Block
|upkeep
|turn|14
|
|t:|1758990131
|move|p1a: Clefable|Stored Power|p2a: Primarina
|-damage|p2a: Primarina|49/100
|move|p2a: Primarina|Psychic Noise|p1a: Clefable
|-damage|p1a: Clefable|22/100
|-start|p1a: Clefable|move: Heal Block
|
|upkeep
|turn|15
|
|t:|1758990137
|move|p2a: Primarina|Moonblast|p1a: Clefable
|-damage|p1a: Clefable|8/100
|move|p1a: Clefable|Stored Power|p2a: Primarina
|-damage|p2a: Primarina|21/100
|
|-end|p1a: Clefable|move: Heal Block
|upkeep
|turn|16
|
|t:|1758990145
|move|p2a: Primarina|Moonblast|p1a: Clefable
|-damage|p1a: Clefable|0 fnt
|faint|p1a: Clefable
|
|upkeep
|
|t:|1758990153
|switch|p1a: Dragapult|Dragapult, M|100/100
|turn|17
|
|t:|1758990159
|move|p1a: Dragapult|Psychic Fangs|p2a: Primarina
|-damage|p2a: Primarina|0 fnt
|faint|p2a: Primarina
|-damage|p1a: Dragapult|91/100|[from] item: Life Orb
|
|upkeep
|
|t:|1758990169
|switch|p2a: Corviknight|Corviknight, F|60/100
|-ability|p2a: Corviknight|Pressure
|turn|18
|
|t:|1758990177
|switch|p1a: Pelipper|Pelipper, F|100/100
|-weather|RainDance|[from] ability: Drizzle|[of] p1a: Pelipper
|move|p2a: Corviknight|Roost|p2a: Corviknight
|-heal|p2a: Corviknight|100/100
|-singleturn|p2a: Corviknight|move: Roost
|
|-weather|RainDance|[upkeep]
|upkeep
|turn|19
|
|t:|1758990185
|move|p1a: Pelipper|Hydro Pump|p2a: Corviknight
|-damage|p2a: Corviknight|25/100
|move|p2a: Corviknight|U-turn|p1a: Pelipper
|-resisted|p1a: Pelipper
|-damage|p1a: Pelipper|93/100
|
|t:|1758990190
|switch|p2a: Kyurem|Kyurem|100/100|[from] U-turn
|-ability|p2a: Kyurem|Pressure
|
|-weather|RainDance|[upkeep]
|upkeep
|turn|20
|
|t:|1758990198
|move|p2a: Kyurem|Freeze-Dry|p1a: Pelipper
|-supereffective|p1a: Pelipper
|-damage|p1a: Pelipper|0 fnt
|faint|p1a: Pelipper
|
|-weather|RainDance|[upkeep]
|upkeep
|
|t:|1758990204
|switch|p1a: Dragapult|Dragapult, M|91/100
|turn|21
|
|t:|1758990207
|switch|p2a: Corviknight|Corviknight, F|25/100
|-ability|p2a: Corviknight|Pressure
|move|p1a: Dragapult|Dragon Darts|p2a: Corviknight
|-resisted|p2a: Corviknight
|-damage|p2a: Corviknight|14/100
|-anim|p1a: Dragapult|Dragon Darts|p2a: Corviknight
|-resisted|p2a: Corviknight
|-damage|p2a: Corviknight|4/100
|-damage|p1a: Dragapult|81/100|[from] item: Life Orb
|
|-weather|RainDance|[upkeep]
|upkeep
|turn|22
|
|t:|1758990216
|move|p1a: Dragapult|Dragon Dance|p1a: Dragapult
|-boost|p1a: Dragapult|atk|1
|-boost|p1a: Dragapult|spe|1
|move|p2a: Corviknight|Roost|p2a: Corviknight
|-heal|p2a: Corviknight|54/100
|-singleturn|p2a: Corviknight|move: Roost
|
|-weather|none
|upkeep
|turn|23
|
|t:|1758990227
|switch|p1a: Goodra|Goodra, M|100/100
|move|p2a: Corviknight|U-turn|p1a: Goodra
|-damage|p1a: Goodra|82/100
|
|t:|1758990234
|switch|p2a: Kyurem|Kyurem|100/100|[from] U-turn
|-ability|p2a: Kyurem|Pressure
|
|upkeep
|turn|24
|
|t:|1758990244
|-terastallize|p2a: Kyurem|Ground
|move|p2a: Kyurem|Dragon Dance|p2a: Kyurem
|-boost|p2a: Kyurem|atk|1
|-boost|p2a: Kyurem|spe|1
|move|p1a: Goodra|Draco Meteor|p2a: Kyurem
|-damage|p2a: Kyurem|38/100
|-unboost|p1a: Goodra|spa|2
|
|upkeep
|turn|25
|
|t:|1758990251
|move|p2a: Kyurem|Icicle Spear|p1a: Goodra
|-supereffective|p1a: Goodra
|-damage|p1a: Goodra|35/100
|-supereffective|p1a: Goodra
|-damage|p1a: Goodra|0 fnt
|faint|p1a: Goodra
|-hitcount|p1: Goodra|2
|
|upkeep
|
|t:|1758990254
|switch|p1a: Ludicolo|Ludicolo, M|100/100
|turn|26
|
|t:|1758990263
|move|p2a: Kyurem|Freeze-Dry|p1a: Ludicolo
|-supereffective|p1a: Ludicolo
|-damage|p1a: Ludicolo|0 fnt
|faint|p1a: Ludicolo
|
|upkeep
|
|t:|1758990270
|switch|p1a: Dragapult|Dragapult, M|81/100
|turn|27
|
|t:|1758990274
|move|p2a: Kyurem|Icicle Spear|p1a: Dragapult
|-supereffective|p1a: Dragapult
|-damage|p1a: Dragapult|26/100
|-supereffective|p1a: Dragapult
|-damage|p1a: Dragapult|0 fnt
|faint|p1a: Dragapult
|-hitcount|p1: Dragapult|2
|
|win|Playm4ker52
|raw|apexbluepk's rating: 1289 &rarr; <strong>1268</strong><br />(-21 for losing)
|raw|Playm4ker52's rating: 1346 &rarr; <strong>1363</strong><br />(+17 for winning)
|l|☆apexbluepk
|player|p1|
|c|☆Playm4ker52|Gg
|l|☆Playm4ker52
|player|p2|
|j|☆Playm4ker52
|player|p2|Playm4ker52|lucas|
