|j|‽oehtwashere
|j|☆XIBOWEN
|t:|1758969492
|gametype|singles
|player|p1|oehtwashere|supernerd|1762
|player|p2|XIBOWEN|265|1656
|gen|9
|tier|[Gen 9] OU
|rated|
|rule|HP Percentage Mod: HP is shown in percentages
|rule|Endless Battle Clause: Forcing endless battles is banned
|rule|Species Clause: Limit one of each Pokémon
|rule|OHKO Clause: OHKO moves are banned
|rule|Evasion Items Clause: Evasion items are banned
|rule|Evasion Moves Clause: Evasion moves are banned
|rule|Evasion Abilities Clause: Evasion abilities are banned
|rule|Sleep Moves Clause: Sleep-inducing moves are banned
|clearpoke
|poke|p1|Enamorus, F|
|poke|p1|Primarina, F|
|poke|p1|Iron Treads|
|poke|p1|Cinderace, F|
|poke|p1|Dragonite, F|
|poke|p1|Zamazenta-*|
|poke|p2|Dragonite, M|
|poke|p2|Kingambit, F|
|poke|p2|Glimmora, F|
|poke|p2|Primarina, F|
|poke|p2|Great Tusk|
|poke|p2|Enamorus, F|
|teampreview
|inactive|Battle timer is ON: inactive players will automatically lose when time's up. (requested by oehtwashere)
|
|t:|1758969515
|teamsize|p1|6
|teamsize|p2|6
|start
|switch|p1a: Enamorus|Enamorus, F|100/100
|switch|p2a: Primarina|Primarina, F|100/100
|turn|1
|
|t:|1758969524
|move|p1a: Enamorus|Moonblast|p2a: Primarina
|-damage|p2a: Primarina|58/100
|move|p2a: Primarina|Flip Turn|p1a: Enamorus
|-damage|p1a: Enamorus|77/100
|
|t:|1758969531
|switch|p2a: Glimmora|Glimmora, F|100/100|[from] Flip Turn
|
|upkeep
|turn|2
|
|t:|1758969540
|switch|p1a: Iron Treads|Iron Treads|100/100
|move|p2a: Glimmora|Earth Power|p1a: Iron Treads
|-supereffective|p1a: Iron Treads
|-damage|p1a: Iron Treads|51/100
|-unboost|p1a: Iron Treads|spd|1
|
|-heal|p1a: Iron Treads|57/100|[from] item: Leftovers
|upkeep
|turn|3
|
|t:|1758969557
|switch|p2a: Enamorus|Enamorus, F|100/100
|-end|p1a: Iron Treads|Quark Drive|[silent]
|switch|p1a: Primarina|Primarina, F|100/100
|
|upkeep
|turn|4
|
|t:|1758969563
|move|p2a: Enamorus|Moonblast|p1a: Primarina
|-damage|p1a: Primarina|66/100
|move|p1a: Primarina|Ice Beam|p2a: Enamorus
|-supereffective|p2a: Enamorus
|-damage|p2a: Enamorus|0 fnt
|faint|p2a: Enamorus
|
|upkeep
|
|t:|1758969572
|switch|p2a: Primarina|Primarina, F|58/100
|turn|5
|
|t:|1758969576
|move|p1a: Primarina|Moonblast|p2a: Primarina
|-damage|p2a: Primarina|26/100
|move|p2a: Primarina|Moonblast|p1a: Primarina
|-damage|p1a: Primarina|33/100
|
|upkeep
|turn|6
|
|t:|1758969583
|move|p1a: Primarina|Moonblast|p2a: Primarina
|-damage|p2a: Primarina|0 fnt
|faint|p2a: Primarina
|
|upkeep
|
|t:|1758969592
|switch|p2a: Glimmora|Glimmora, F|100/100
|turn|7
|
|t:|1758969595
|move|p2a: Glimmora|Stealth Rock|p1a: Primarina
|-sidestart|p1: oehtwashere|move: Stealth Rock
|move|p1a: Primarina|Psychic Noise|p2a: Glimmora
|-supereffective|p2a: Glimmora
|-damage|p2a: Glimmora|0 fnt
|faint|p2a: Glimmora
|
|upkeep
|
|t:|1758969603
|switch|p2a: Kingambit|Kingambit, F|100/100
|-activate|p2a: Kingambit|ability: Supreme Overlord
|-start|p2a: Kingambit|fallen3|[silent]
|turn|8
|
|t:|1758969607
|move|p1a: Primarina|Moonblast|p2a: Kingambit
|-damage|p2a: Kingambit|43/100
|move|p2a: Kingambit|Kowtow Cleave|p1a: Primarina
|-resisted|p1a: Primarina
|-damage|p1a: Primarina|0 fnt
|faint|p1a: Primarina
|
|-heal|p2a: Kingambit|49/100|[from] item: Leftovers
|upkeep
|
|t:|1758969611
|switch|p1a: Cinderace|Cinderace, F|100/100
|turn|9
|
|t:|1758969614
|move|p1a: Cinderace|Will-O-Wisp|p2a: Kingambit
|-status|p2a: Kingambit|brn
|move|p2a: Kingambit|Kowtow Cleave|p1a: Cinderace
|-damage|p1a: Cinderace|63/100
|
|-heal|p2a: Kingambit|55/100 brn|[from] item: Leftovers
|-damage|p2a: Kingambit|49/100 brn|[from] brn
|upkeep
|turn|10
|
|t:|1758969618
|move|p1a: Cinderace|Court Change|p1a: Cinderace
|-swapsideconditions
|-activate|p1a: Cinderace|move: Court Change
|move|p2a: Kingambit|Kowtow Cleave|p1a: Cinderace
|-damage|p1a: Cinderace|26/100
|
|-heal|p2a: Kingambit|55/100 brn|[from] item: Leftovers
|-damage|p2a: Kingambit|49/100 brn|[from] brn
|upkeep
|turn|11
|j| Rizzofreko
|
|t:|1758969624
|switch|p1a: Zamazenta|Zamazenta|100/100
|-ability|p1a: Zamazenta|Dauntless Shield|boost
|-boost|p1a: Zamazenta|def|1
|move|p2a: Kingambit|Sucker Punch||[still]
|-fail|p2a: Kingambit
|
|-heal|p2a: Kingambit|55/100 brn|[from] item: Leftovers
|-damage|p2a: Kingambit|49/100 brn|[from] brn
|upkeep
|turn|12
|
|t:|1758969627
|-end|p2a: Kingambit|fallen3|[silent]
|switch|p2a: Dragonite|Dragonite, M, shiny|100/100
|move|p1a: Zamazenta|Iron Defense|p1a: Zamazenta
|-boost|p1a: Zamazenta|def|2
|
|upkeep
|turn|13
|
|t:|1758969630
|move|p1a: Zamazenta|Crunch|p2a: Dragonite
|-damage|p2a: Dragonite|89/100
|-unboost|p2a: Dragonite|def|1
|move|p2a: Dragonite|Dragon Dance|p2a: Dragonite
|-boost|p2a: Dragonite|atk|1
|-boost|p2a: Dragonite|spe|1
|
|upkeep
|turn|14
|
|t:|1758969642
|move|p2a: Dragonite|Dragon Dance|p2a: Dragonite
|-boost|p2a: Dragonite|atk|1
|-boost|p2a: Dragonite|spe|1
|move|p1a: Zamazenta|Body Press|p2a: Dragonite
|-resisted|p2a: Dragonite
|-damage|p2a: Dragonite|25/100
|
|upkeep
|turn|15
|
|t:|1758969646
|-terastallize|p2a: Dragonite|Flying
|move|p2a: Dragonite|Tera Blast|p1a: Zamazenta|[anim] Tera Blast Flying
|-supereffective|p1a: Zamazenta
|-damage|p1a: Zamazenta|37/100
|move|p1a: Zamazenta|Body Press|p2a: Dragonite
|-resisted|p2a: Dragonite
|-damage|p2a: Dragonite|0 fnt
|faint|p2a: Dragonite
|
|-heal|p1a: Zamazenta|44/100|[from] item: Leftovers
|upkeep
|
|t:|1758969651
|switch|p2a: Great Tusk|Great Tusk|100/100
|turn|16
|-message|XIBOWEN forfeited.
|
|win|oehtwashere
|raw|oehtwashere's rating: 1762 &rarr; <strong>1776</strong><br />(+14 for winning)
|raw|XIBOWEN's rating: 1656 &rarr; <strong>1642</strong><br />(-14 for losing)
|l|☆XIBOWEN
|player|p2|
