|j|☆DamaroGama
|j|☆monkeyhighbooster
|t:|1758999180
|gametype|singles
|player|p1|DamaroGama|101|1366
|player|p2|monkeyhighbooster|cynthia-gen4|1354
|gen|9
|tier|[Gen 9] OU
|rated|
|rule|HP Percentage Mod: HP is shown in percentages
|rule|Endless Battle Clause: Forcing endless battles is banned
|rule|Species Clause: Limit one of each Pokémon
|rule|OHKO Clause: OHKO moves are banned
|rule|Evasion Items Clause: Evasion items are banned
|rule|Evasion Moves Clause: Evasion moves are banned
|rule|Evasion Abilities Clause: Evasion abilities are banned
|rule|Sleep Moves Clause: Sleep-inducing moves are banned
|clearpoke
|poke|p1|Great Tusk|
|poke|p1|Heatran, M|
|poke|p1|Weavile, F|
|poke|p1|Primarina, M|
|poke|p1|Ogerpon, F|
|poke|p1|Pecharunt|
|poke|p2|Arboliva, F|
|poke|p2|Hawlucha, M|
|poke|p2|Swampert, F|
|poke|p2|Heatran, M|
|poke|p2|Zamazenta-*|
|poke|p2|Gholdengo|
|teampreview
|
|t:|1758999189
|teamsize|p1|6
|teamsize|p2|6
|start
|switch|p1a: Ogerpon|Ogerpon, F|100/100
|switch|p2a: Swampert|Swampert, F, shiny|100/100
|turn|1
|inactive|Battle timer is ON: inactive players will automatically lose when time's up. (requested by DamaroGama)
|
|t:|1758999200
|switch|p2a: T H E|Arboliva, F|100/100
|move|p1a: Ogerpon|U-turn|p2a: T H E
|-supereffective|p2a: T H E
|-damage|p2a: T H E|24/100
|-fieldstart|move: Grassy Terrain|[from] ability: Seed Sower|[of] p2a: T H E
|-enditem|p2a: T H E|Grassy Seed
|-boost|p2a: T H E|def|1|[from] item: Grassy Seed
|
|t:|1758999213
|switch|p1a: Heatran|Heatran, M, shiny|100/100|[from] U-turn
|-item|p1a: Heatran|Air Balloon
|
|-heal|p2a: T H E|30/100|[from] Grassy Terrain
|upkeep
|turn|2
|
|t:|1758999220
|switch|p2a: Heatran|Heatran, M|100/100
|-item|p2a: Heatran|Air Balloon
|move|p1a: Heatran|Stealth Rock|p2a: Heatran
|-sidestart|p2: monkeyhighbooster|move: Stealth Rock
|
|upkeep
|turn|3
|
|t:|1758999224
|move|p1a: Heatran|Taunt|p2a: Heatran
|-start|p2a: Heatran|move: Taunt
|move|p2a: Heatran|Flash Cannon|p1a: Heatran
|-resisted|p1a: Heatran
|-damage|p1a: Heatran|90/100
|-enditem|p1a: Heatran|Air Balloon
|
|-heal|p1a: Heatran|96/100|[from] Grassy Terrain
|upkeep
|turn|4
|
|t:|1758999235
|switch|p1a: Great Tusk|Great Tusk, shiny|100/100
|move|p2a: Heatran|Magma Storm|p1a: Great Tusk
|-damage|p1a: Great Tusk|16/100
|-activate|p1a: Great Tusk|move: Magma Storm|[of] p2a: Heatran
|
|-heal|p1a: Great Tusk|22/100|[from] Grassy Terrain
|-damage|p1a: Great Tusk|10/100|[from] move: Magma Storm|[partiallytrapped]
|upkeep
|turn|5
|
|t:|1758999246
|move|p1a: Great Tusk|Close Combat|p2a: Heatran
|-supereffective|p2a: Heatran
|-crit|p2a: Heatran
|-damage|p2a: Heatran|0 fnt
|-unboost|p1a: Great Tusk|def|1
|-unboost|p1a: Great Tusk|spd|1
|-enditem|p2a: Heatran|Air Balloon
|faint|p2a: Heatran
|
|-heal|p1a: Great Tusk|16/100|[from] Grassy Terrain
|-end|p1a: Great Tusk|Magma Storm|[partiallytrapped]|[silent]
|-fieldend|move: Grassy Terrain
|upkeep
|
|t:|1758999256
|switch|p2a: T H E|Arboliva, F|30/100
|-damage|p2a: T H E|18/100|[from] Stealth Rock
|turn|6
|
|t:|1758999260
|move|p1a: Great Tusk|Ice Spinner|p2a: T H E
|-supereffective|p2a: T H E
|-damage|p2a: T H E|0 fnt
|-fieldstart|move: Grassy Terrain|[from] ability: Seed Sower|[of] p2a: T H E
|-fieldend|move: Grassy Terrain
|faint|p2a: T H E
|
|upkeep
|c|☆monkeyhighbooster|Lame
|-message|monkeyhighbooster forfeited.
|
|win|DamaroGama
|raw|DamaroGama's rating: 1366 &rarr; <strong>1385</strong><br />(+19 for winning)
|raw|monkeyhighbooster's rating: 1354 &rarr; <strong>1335</strong><br />(-19 for losing)
|l|☆monkeyhighbooster
|player|p2|
|l|☆DamaroGama
|player|p1|
