|badge|p2|silver|gen9randombattle|30-6
|uhtml|medal-msg|<div class="broadcast-blue">Curious what those medals under the avatar are? PS now has Ladder Seasons! For more information, check out the <a href="https://www.smogon.com/forums/threads/3740067/">thread on Smogon.</a></div>
|j|☆Evilmantube
|j|☆LordST
|t:|1758955900
|gametype|singles
|player|p1|Evilmantube|blackbelt|1159
|player|p2|LordST|#pu|1191
|gen|9
|tier|[Gen 9] OU
|rated|
|rule|HP Percentage Mod: HP is shown in percentages
|rule|Endless Battle Clause: Forcing endless battles is banned
|rule|Species Clause: Limit one of each Pokémon
|rule|OHKO Clause: OHKO moves are banned
|rule|Evasion Items Clause: Evasion items are banned
|rule|Evasion Moves Clause: Evasion moves are banned
|rule|Evasion Abilities Clause: Evasion abilities are banned
|rule|Sleep Moves Clause: Sleep-inducing moves are banned
|clearpoke
|poke|p1|Dragapult, M|
|poke|p1|Gliscor, F|
|poke|p1|Glimmora, M|
|poke|p1|Ninetales-Alola, M|
|poke|p1|Houndstone, M|
|poke|p1|Scyther, F|
|poke|p2|Samurott-Hisui, F|
|poke|p2|Iron Treads|
|poke|p2|Iron Valiant|
|poke|p2|Volcanion|
|poke|p2|Gholdengo|
|poke|p2|Tornadus-Therian, M|
|teampreview
|inactive|Battle timer is ON: inactive players will automatically lose when time's up. (requested by LordST)
|j| west side GA ッ
|
|t:|1758955922
|teamsize|p1|6
|teamsize|p2|6
|start
|switch|p1a: Ninetales|Ninetales-Alola, M|100/100
|switch|p2a: Gholdengo|Gholdengo|100/100
|-weather|Snowscape|[from] ability: Snow Warning|[of] p1a: Ninetales
|turn|1
|l| west side GA ッ
|
|t:|1758955933
|move|p2a: Gholdengo|Make It Rain|p1a: Ninetales
|-supereffective|p1a: Ninetales
|-crit|p1a: Ninetales
|-damage|p1a: Ninetales|0 fnt
|-unboost|p2a: Gholdengo|spa|1
|faint|p1a: Ninetales
|
|-weather|Snowscape|[upkeep]
|upkeep
|
|t:|1758955939
|switch|p1a: Glimmora|Glimmora, M|100/100
|turn|2
|
|t:|1758955945
|move|p2a: Gholdengo|Make It Rain|p1a: Glimmora
|-supereffective|p1a: Glimmora
|-damage|p1a: Glimmora|9/100
|-unboost|p2a: Gholdengo|spa|1
|move|p1a: Glimmora|Stealth Rock|p2a: Gholdengo
|-sidestart|p2: LordST|move: Stealth Rock
|
|-weather|Snowscape|[upkeep]
|upkeep
|turn|3
|
|t:|1758955953
|switch|p1a: Gliscor|Gliscor, F|100/100
|move|p2a: Gholdengo|Make It Rain|p1a: Gliscor
|-damage|p1a: Gliscor|73/100
|-unboost|p2a: Gholdengo|spa|1
|
|-weather|Snowscape|[upkeep]
|-status|p1a: Gliscor|tox|[from] item: Toxic Orb
|upkeep
|turn|4
|
|t:|1758955959
|switch|p2a: Iron Treads|Iron Treads|100/100
|-damage|p2a: Iron Treads|97/100|[from] Stealth Rock
|-item|p2a: Iron Treads|Air Balloon
|move|p1a: Gliscor|Toxic Spikes|p2a: Iron Treads
|-sidestart|p2: LordST|move: Toxic Spikes
|
|-weather|Snowscape|[upkeep]
|-heal|p1a: Gliscor|86/100 tox|[from] ability: Poison Heal
|upkeep
|turn|5
|
|t:|1758955964
|switch|p1a: Houndstone|Houndstone, M|100/100
|move|p2a: Iron Treads|Stealth Rock|p1a: Houndstone
|-sidestart|p1: Evilmantube|move: Stealth Rock
|
|-weather|none
|upkeep
|turn|6
|
|t:|1758955978
|-end|p2a: Iron Treads|Quark Drive|[silent]
|switch|p2a: Samurott|Samurott-Hisui, F|100/100
|-damage|p2a: Samurott|88/100|[from] Stealth Rock
|-status|p2a: Samurott|psn
|move|p1a: Houndstone|Night Shade|p2a: Samurott
|-damage|p2a: Samurott|62/100 psn
|
|-damage|p2a: Samurott|49/100 psn|[from] psn
|upkeep
|turn|7
|
|t:|1758955989
|switch|p1a: Glimmora|Glimmora, M|9/100
|-damage|p1a: Glimmora|0 fnt|[from] Stealth Rock
|faint|p1a: Glimmora
|move|p2a: Samurott|Knock Off|p1: Glimmora|[notarget]
|-fail|p2a: Samurott
|
|-damage|p2a: Samurott|37/100 psn|[from] psn
|upkeep
|
|t:|1758955998
|switch|p1a: Dragapult|Dragapult, M|100/100
|-damage|p1a: Dragapult|88/100|[from] Stealth Rock
|turn|8
|
|t:|1758956002
|move|p2a: Samurott|Sucker Punch|p1a: Dragapult
|-supereffective|p1a: Dragapult
|-damage|p1a: Dragapult|6/100
|move|p1a: Dragapult|U-turn|p2a: Samurott
|-supereffective|p2a: Samurott
|-damage|p2a: Samurott|0 fnt
|faint|p2a: Samurott
|
|t:|1758956010
|switch|p1a: Gliscor|Gliscor, F|86/100 tox|[from] U-turn
|-damage|p1a: Gliscor|73/100 tox|[from] Stealth Rock
|
|-heal|p1a: Gliscor|86/100 tox|[from] ability: Poison Heal
|upkeep
|
|t:|1758956025
|switch|p2a: Tornadus|Tornadus-Therian, M|100/100
|turn|9
|
|t:|1758956030
|move|p2a: Tornadus|Taunt|p1a: Gliscor
|-start|p1a: Gliscor|move: Taunt
|move|p1a: Gliscor|Fling|p2a: Tornadus
|-damage|p2a: Tornadus|93/100
|-status|p2a: Tornadus|tox
|-enditem|p1a: Gliscor|Toxic Orb|[from] move: Fling
|
|-damage|p2a: Tornadus|87/100 tox|[from] psn
|-heal|p1a: Gliscor|98/100 tox|[from] ability: Poison Heal
|upkeep
|turn|10
|
|t:|1758956039
|move|p2a: Tornadus|Bleakwind Storm|p1a: Gliscor
|-damage|p1a: Gliscor|63/100 tox
|move|p1a: Gliscor|Thief|p2a: Tornadus
|-damage|p2a: Tornadus|73/100 tox
|-enditem|p2a: Tornadus|Heavy-Duty Boots|[silent]|[from] move: Thief|[of] p1a: Gliscor
|-item|p1a: Gliscor|Heavy-Duty Boots|[from] move: Thief|[of] p2a: Tornadus
|
|-damage|p2a: Tornadus|60/100 tox|[from] psn
|-heal|p1a: Gliscor|75/100 tox|[from] ability: Poison Heal
|upkeep
|turn|11
|
|t:|1758956060
|move|p2a: Tornadus|Bleakwind Storm|p1a: Gliscor
|-damage|p1a: Gliscor|40/100 tox
|move|p1a: Gliscor|Thief|p2a: Tornadus
|-damage|p2a: Tornadus|45/100 tox
|
|-damage|p2a: Tornadus|26/100 tox|[from] psn
|-heal|p1a: Gliscor|52/100 tox|[from] ability: Poison Heal
|-end|p1a: Gliscor|move: Taunt
|upkeep
|turn|12
|
|t:|1758956079
|move|p1a: Gliscor|Protect|p1a: Gliscor
|-singleturn|p1a: Gliscor|Protect
|move|p2a: Tornadus|U-turn|p1a: Gliscor
|-activate|p1a: Gliscor|move: Protect
|
|-damage|p2a: Tornadus|2/100 tox|[from] psn
|-heal|p1a: Gliscor|65/100 tox|[from] ability: Poison Heal
|upkeep
|turn|13
|
|t:|1758956092
|switch|p2a: Volcanion|Volcanion|100/100
|move|p1a: Gliscor|Toxic Spikes|p2a: Volcanion
|-sidestart|p2: LordST|move: Toxic Spikes
|
|-heal|p1a: Gliscor|77/100 tox|[from] ability: Poison Heal
|upkeep
|turn|14
|
|t:|1758956103
|move|p1a: Gliscor|Protect|p1a: Gliscor
|-singleturn|p1a: Gliscor|Protect
|move|p2a: Volcanion|Steam Eruption|p1a: Gliscor
|-activate|p1a: Gliscor|move: Protect
|
|-heal|p1a: Gliscor|90/100 tox|[from] ability: Poison Heal
|upkeep
|turn|15
|
|t:|1758956120
|switch|p1a: Dragapult|Dragapult, M|6/100
|-damage|p1a: Dragapult|0 fnt|[from] Stealth Rock
|faint|p1a: Dragapult
|move|p2a: Volcanion|Steam Eruption|p1: Dragapult|[notarget]
|-fail|p2a: Volcanion
|
|upkeep
|
|t:|1758956122
|switch|p1a: Scyther|Scyther, F|100/100
|-damage|p1a: Scyther|51/100|[from] Stealth Rock
|turn|16
|
|t:|1758956142
|move|p1a: Scyther|Endure|p1a: Scyther
|-singleturn|p1a: Scyther|move: Endure
|move|p2a: Volcanion|Flamethrower|p1a: Scyther
|-supereffective|p1a: Scyther
|-activate|p1a: Scyther|move: Endure
|-damage|p1a: Scyther|1/100
|
|upkeep
|turn|17
|
|t:|1758956146
|switch|p2a: Gholdengo|Gholdengo|100/100
|-damage|p2a: Gholdengo|94/100|[from] Stealth Rock
|-terastallize|p1a: Scyther|Bug
|move|p1a: Scyther|Lunge|p2a: Gholdengo
|-resisted|p2a: Gholdengo
|-damage|p2a: Gholdengo|74/100
|-unboost|p2a: Gholdengo|atk|1
|
|upkeep
|turn|18
|
|t:|1758956151
|move|p2a: Gholdengo|Shadow Ball|p1a: Scyther
|-damage|p1a: Scyther|0 fnt
|faint|p1a: Scyther
|
|upkeep
|
|t:|1758956155
|switch|p1a: Gliscor|Gliscor, F|90/100 tox
|turn|19
|
|t:|1758956162
|move|p2a: Gholdengo|Shadow Ball|p1a: Gliscor
|-damage|p1a: Gliscor|48/100 tox
|move|p1a: Gliscor|Fling|p2a: Gholdengo
|-supereffective|p2a: Gholdengo
|-damage|p2a: Gholdengo|36/100
|-enditem|p1a: Gliscor|Heavy-Duty Boots|[from] move: Fling
|
|-heal|p1a: Gliscor|61/100 tox|[from] ability: Poison Heal
|upkeep
|turn|20
|
|t:|1758956165
|move|p2a: Gholdengo|Shadow Ball|p1a: Gliscor
|-damage|p1a: Gliscor|21/100 tox
|move|p1a: Gliscor|Thief|p2a: Gholdengo
|-supereffective|p2a: Gholdengo
|-damage|p2a: Gholdengo|6/100
|-enditem|p2a: Gholdengo|Choice Scarf|[silent]|[from] move: Thief|[of] p1a: Gliscor
|-item|p1a: Gliscor|Choice Scarf|[from] move: Thief|[of] p2a: Gholdengo
|
|-heal|p1a: Gliscor|34/100 tox|[from] ability: Poison Heal
|upkeep
|turn|21
|
|t:|1758956170
|move|p1a: Gliscor|Fling|p2a: Gholdengo
|-supereffective|p2a: Gholdengo
|-damage|p2a: Gholdengo|0 fnt
|-enditem|p1a: Gliscor|Choice Scarf|[from] move: Fling
|faint|p2a: Gholdengo
|
|-heal|p1a: Gliscor|46/100 tox|[from] ability: Poison Heal
|upkeep
|
|t:|1758956175
|switch|p2a: Volcanion|Volcanion|100/100
|turn|22
|
|t:|1758956177
|move|p1a: Gliscor|Protect|p1a: Gliscor
|-singleturn|p1a: Gliscor|Protect
|move|p2a: Volcanion|Steam Eruption|p1a: Gliscor
|-activate|p1a: Gliscor|move: Protect
|
|-heal|p1a: Gliscor|59/100 tox|[from] ability: Poison Heal
|upkeep
|turn|23
|
|t:|1758956181
|move|p1a: Gliscor|Thief|p2a: Volcanion
|-damage|p2a: Volcanion|90/100
|-enditem|p2a: Volcanion|Heavy-Duty Boots|[silent]|[from] move: Thief|[of] p1a: Gliscor
|-item|p1a: Gliscor|Heavy-Duty Boots|[from] move: Thief|[of] p2a: Volcanion
|move|p2a: Volcanion|Steam Eruption|p1a: Gliscor
|-supereffective|p1a: Gliscor
|-damage|p1a: Gliscor|0 fnt
|faint|p1a: Gliscor
|
|upkeep
|
|t:|1758956183
|switch|p1a: Houndstone|Houndstone, M|100/100
|-damage|p1a: Houndstone|88/100|[from] Stealth Rock
|turn|24
|
|t:|1758956190
|move|p2a: Volcanion|Flamethrower|p1a: Houndstone
|-damage|p1a: Houndstone|12/100
|move|p1a: Houndstone|Roar|p2a: Volcanion
|drag|p2a: Iron Valiant|Iron Valiant|100/100
|-damage|p2a: Iron Valiant|94/100|[from] Stealth Rock
|-status|p2a: Iron Valiant|tox
|-enditem|p2a: Iron Valiant|Booster Energy
|-activate|p2a: Iron Valiant|ability: Quark Drive|[fromitem]
|-start|p2a: Iron Valiant|quarkdrivespe
|
|-heal|p1a: Houndstone|18/100|[from] item: Leftovers
|-damage|p2a: Iron Valiant|88/100 tox|[from] psn
|upkeep
|turn|25
|
|t:|1758956195
|move|p1a: Houndstone|Protect|p1a: Houndstone
|-singleturn|p1a: Houndstone|Protect
|move|p2a: Iron Valiant|Moonblast|p1a: Houndstone
|-activate|p1a: Houndstone|move: Protect
|
|-heal|p1a: Houndstone|24/100|[from] item: Leftovers
|-damage|p2a: Iron Valiant|76/100 tox|[from] psn
|upkeep
|turn|26
|
|t:|1758956198
|move|p2a: Iron Valiant|Moonblast|p1a: Houndstone
|-damage|p1a: Houndstone|0 fnt
|faint|p1a: Houndstone
|
|win|LordST
|raw|Evilmantube's rating: 1159 &rarr; <strong>1136</strong><br />(-23 for losing)
|raw|LordST's rating: 1191 &rarr; <strong>1214</strong><br />(+23 for winning)
|l|☆Evilmantube
|player|p1|
|l|☆LordST
|player|p2|
