|j|☆redner bo
|j|☆BigBungusBong
|t:|1759032554
|gametype|singles
|player|p1|redner bo|266|1435
|player|p2|BigBungusBong|blackbelt-gen4dp|1425
|gen|9
|tier|[Gen 9] OU
|rated|
|rule|HP Percentage Mod: HP is shown in percentages
|rule|Endless Battle Clause: Forcing endless battles is banned
|rule|Species Clause: Limit one of each Pokémon
|rule|OHKO Clause: OHKO moves are banned
|rule|Evasion Items Clause: Evasion items are banned
|rule|Evasion Moves Clause: Evasion moves are banned
|rule|Evasion Abilities Clause: Evasion abilities are banned
|rule|Sleep Moves Clause: Sleep-inducing moves are banned
|clearpoke
|poke|p1|Primarina, M|
|poke|p1|Landorus-Therian, M|
|poke|p1|Weavile, M|
|poke|p1|Ceruledge, M|
|poke|p1|Corviknight, F|
|poke|p1|Garganacl, F|
|poke|p2|Gengar, F|
|poke|p2|Cinderace, M|
|poke|p2|Ting-Lu|
|poke|p2|Zamazenta-*|
|poke|p2|Ogerpon-Wellspring, F|
|poke|p2|Iron Valiant|
|teampreview
|
|t:|1759032562
|teamsize|p1|6
|teamsize|p2|6
|start
|switch|p1a: Landorus|Landorus-Therian, M|100/100
|switch|p2a: Gengar|Gengar, F|100/100
|-ability|p1a: Landorus|Intimidate|boost
|-unboost|p2a: Gengar|atk|1
|turn|1
|
|t:|1759032567
|move|p1a: Landorus|Earthquake|p2a: Gengar
|-supereffective|p2a: Gengar
|-enditem|p2a: Gengar|Focus Sash
|-damage|p2a: Gengar|1/100
|-start|p1a: Landorus|Disable|Earthquake|[from] ability: Cursed Body|[of] p2a: Gengar
|move|p2a: Gengar|Will-O-Wisp|p1a: Landorus
|-status|p1a: Landorus|brn
|
|-damage|p1a: Landorus|95/100 brn|[from] brn
|upkeep
|turn|2
|
|t:|1759032578
|switch|p1a: Weavile|Weavile, M|100/100
|-ability|p1a: Weavile|Pressure
|move|p2a: Gengar|Will-O-Wisp|p1a: Weavile
|-status|p1a: Weavile|brn
|
|-damage|p1a: Weavile|94/100 brn|[from] brn
|upkeep
|turn|3
|
|t:|1759032597
|switch|p2a: Zamazenta|Zamazenta|100/100
|-ability|p2a: Zamazenta|Dauntless Shield|boost
|-boost|p2a: Zamazenta|def|1
|move|p1a: Weavile|Knock Off|p2a: Zamazenta
|-resisted|p2a: Zamazenta
|-damage|p2a: Zamazenta|95/100
|-enditem|p2a: Zamazenta|Leftovers|[from] move: Knock Off|[of] p1a: Weavile
|
|-damage|p1a: Weavile|88/100 brn|[from] brn
|upkeep
|turn|4
|
|t:|1759032630
|switch|p2a: Ogerpon|Ogerpon-Wellspring, F|100/100
|switch|p1a: Primarina|Primarina, M|100/100
|
|upkeep
|turn|5
|
|t:|1759032638
|switch|p1a: Landorus|Landorus-Therian, M|95/100 brn
|-ability|p1a: Landorus|Intimidate|boost
|-unboost|p2a: Ogerpon|atk|1
|move|p2a: Ogerpon|Swords Dance|p2a: Ogerpon
|-boost|p2a: Ogerpon|atk|2
|
|-damage|p1a: Landorus|89/100 brn|[from] brn
|upkeep
|turn|6
|
|t:|1759032649
|-terastallize|p2a: Ogerpon|Water
|detailschange|p2a: Ogerpon|Ogerpon-Wellspring-Tera, F, tera:Water
|-ability|p2a: Ogerpon|Embody Aspect (Wellspring)|boost
|-boost|p2a: Ogerpon|spd|1
|move|p1a: Landorus|U-turn|p2a: Ogerpon
|-damage|p2a: Ogerpon|85/100
|
|t:|1759032656
|switch|p1a: Weavile|Weavile, M|88/100 brn|[from] U-turn
|-ability|p1a: Weavile|Pressure
|move|p2a: Ogerpon|Swords Dance|p2a: Ogerpon
|-boost|p2a: Ogerpon|atk|2
|
|-damage|p1a: Weavile|82/100 brn|[from] brn
|upkeep
|turn|7
|
|t:|1759032660
|move|p1a: Weavile|Knock Off|p2a: Ogerpon
|-damage|p2a: Ogerpon|63/100
|move|p2a: Ogerpon|Ivy Cudgel|p1a: Weavile|[anim] Ivy Cudgel Water
|-damage|p1a: Weavile|0 fnt
|faint|p1a: Weavile
|
|upkeep
|
|t:|1759032663
|switch|p1a: Landorus|Landorus-Therian, M|89/100 brn
|-ability|p1a: Landorus|Intimidate|boost
|-unboost|p2a: Ogerpon|atk|1
|turn|8
|
|t:|1759032668
|move|p1a: Landorus|Earthquake|p2a: Ogerpon
|-damage|p2a: Ogerpon|25/100
|move|p2a: Ogerpon|Ivy Cudgel|p1a: Landorus|[anim] Ivy Cudgel Water
|-supereffective|p1a: Landorus
|-damage|p1a: Landorus|0 fnt
|faint|p1a: Landorus
|
|upkeep
|
|t:|1759032672
|switch|p1a: Corviknight|Corviknight, F, shiny|100/100
|-ability|p1a: Corviknight|Pressure
|turn|9
|
|t:|1759032676
|move|p2a: Ogerpon|Ivy Cudgel|p1a: Corviknight|[anim] Ivy Cudgel Water
|-damage|p1a: Corviknight|0 fnt
|faint|p1a: Corviknight
|
|upkeep
|-message|redner bo forfeited.
|
|win|BigBungusBong
|raw|redner bo's rating: 1435 &rarr; <strong>1414</strong><br />(-21 for losing)
|raw|BigBungusBong's rating: 1425 &rarr; <strong>1446</strong><br />(+21 for winning)
|l|☆redner bo
|player|p1|
|j|☆redner bo
|player|p1|redner bo|266|
|l|☆BigBungusBong
|player|p2|
|l|☆redner bo
|player|p1|
