|badge|p1|silver|gen9ou|30-6
|badge|p1|bronze|gen9randombattle|100-6
|html|<div class="broadcast-red"><strong>This battle is required to be public due to one or more player having a season medal.</strong><br />During the public phase, you can discuss the state of the ladder <a href="/seasondiscussion">in a special chatroom.</a></div>
|uhtml|medal-msg|<div class="broadcast-blue">Curious what those medals under the avatar are? PS now has Ladder Seasons! For more information, check out the <a href="https://www.smogon.com/forums/threads/3740067/">thread on Smogon.</a></div>
|badge|p2|silver|gen9ou|30-6
|uhtml|medal-msg|<div class="broadcast-blue">Curious what those medals under the avatar are? PS now has Ladder Seasons! For more information, check out the <a href="https://www.smogon.com/forums/threads/3740067/">thread on Smogon.</a></div>
|j|☆Ctannn
|j|☆WogerHater
|t:|1758947625
|gametype|singles
|player|p1|Ctannn|101|1938
|player|p2|WogerHater|dawn-gen4pt|1961
|gen|9
|tier|[Gen 9] OU
|rated|
|rule|HP Percentage Mod: HP is shown in percentages
|rule|Endless Battle Clause: Forcing endless battles is banned
|rule|Species Clause: Limit one of each Pokémon
|rule|OHKO Clause: OHKO moves are banned
|rule|Evasion Items Clause: Evasion items are banned
|rule|Evasion Moves Clause: Evasion moves are banned
|rule|Evasion Abilities Clause: Evasion abilities are banned
|rule|Sleep Moves Clause: Sleep-inducing moves are banned
|clearpoke
|poke|p1|Rillaboom, M|
|poke|p1|Garganacl, F|
|poke|p1|Cinderace, M|
|poke|p1|Raging Bolt|
|poke|p1|Slowking-Galar, M|
|poke|p1|Landorus-Therian, M|
|poke|p2|Weezing-Galar, F|
|poke|p2|Ting-Lu|
|poke|p2|Corviknight, F|
|poke|p2|Skeledirge, M|
|poke|p2|Dragapult, F|
|poke|p2|Ogerpon-Wellspring, F|
|teampreview
|inactive|Battle timer is ON: inactive players will automatically lose when time's up. (requested by WogerHater)
|j| amefurikoneko
|j| Shucklepilled
|inactive|WogerHater has 120 seconds left.
|
|t:|1758947686
|teamsize|p1|6
|teamsize|p2|6
|start
|switch|p1a: Landorus|Landorus-Therian, M|100/100
|switch|p2a: GAS.|Weezing-Galar, F|100/100
|-ability|p2a: GAS.|Neutralizing Gas
|turn|1
|j| 1989 tour
|
|t:|1758947702
|-end|p2a: GAS.|ability: Neutralizing Gas
|-ability|p1a: Landorus|Intimidate|boost
|-unboost|p2a: GAS.|atk|1
|switch|p2a: Ogerpon|Ogerpon-Wellspring, F|100/100
|move|p1a: Landorus|Earthquake|p2a: Ogerpon
|-resisted|p2a: Ogerpon
|-damage|p2a: Ogerpon|75/100
|
|upkeep
|turn|2
|j| Bad Players
|
|t:|1758947710
|switch|p1a: Slowking|Slowking-Galar, M|100/100
|move|p2a: Ogerpon|Spikes|p1a: Slowking
|-sidestart|p1: Ctannn|Spikes
|
|upkeep
|turn|3
|c| Bad Players|WogerHater, do you hate Woger?
|
|t:|1758947718
|move|p2a: Ogerpon|Knock Off|p1a: Slowking
|-supereffective|p1a: Slowking
|-damage|p1a: Slowking|48/100
|-damage|p2a: Ogerpon|58/100|[from] item: Rocky Helmet|[of] p1a: Slowking
|-enditem|p1a: Slowking|Rocky Helmet|[from] move: Knock Off|[of] p2a: Ogerpon
|-prepare|p1a: Slowking|Chilly Reception|[premajor]
|move|p1a: Slowking|Chilly Reception|p1a: Slowking
|-weather|Snowscape
|
|t:|1758947720
|switch|p1a: Cinderace|Cinderace, M|100/100|[from] Chilly Reception
|
|-weather|Snowscape|[upkeep]
|upkeep
|turn|4
|
|t:|1758947737
|-terastallize|p2a: Ogerpon|Water
|detailschange|p2a: Ogerpon|Ogerpon-Wellspring-Tera, F, tera:Water
|-ability|p2a: Ogerpon|Embody Aspect (Wellspring)|boost
|-boost|p2a: Ogerpon|spd|1
|move|p1a: Cinderace|Pyro Ball|p2a: Ogerpon
|-resisted|p2a: Ogerpon
|-crit|p2a: Ogerpon
|-damage|p2a: Ogerpon|9/100
|move|p2a: Ogerpon|Ivy Cudgel|p1a: Cinderace|[anim] Ivy Cudgel Water
|-supereffective|p1a: Cinderace
|-damage|p1a: Cinderace|0 fnt
|faint|p1a: Cinderace
|
|-weather|Snowscape|[upkeep]
|upkeep
|
|t:|1758947759
|switch|p1a: Rillaboom|Rillaboom, M|100/100
|-damage|p1a: Rillaboom|88/100|[from] Spikes
|-fieldstart|move: Grassy Terrain|[from] ability: Grassy Surge|[of] p1a: Rillaboom
|turn|5
|j| Bobaba
|l|☆WogerHater
|inactive|WogerHater disconnected and has a minute to reconnect!
|player|p2|
|c| Shucklepilled|woger hater using woger
|c| Shucklepilled|what the fuck
|j|☆WogerHater
|inactive|WogerHater reconnected and has 115 seconds left.
|player|p2|WogerHater|dawn-gen4pt|
|
|t:|1758947803
|switch|p2a: Corviknight|Corviknight, F|100/100
|-ability|p2a: Corviknight|Pressure
|switch|p1a: Landorus|Landorus-Therian, M|100/100
|-ability|p1a: Landorus|Intimidate|boost
|-unboost|p2a: Corviknight|atk|1
|
|-weather|Snowscape|[upkeep]
|upkeep
|turn|6
|
|t:|1758947807
|move|p2a: Corviknight|U-turn|p1a: Landorus
|-resisted|p1a: Landorus
|-damage|p1a: Landorus|97/100
|-damage|p2a: Corviknight|84/100|[from] item: Rocky Helmet|[of] p1a: Landorus
|
|t:|1758947811
|switch|p2a: Dragapult|Dragapult, F|100/100|[from] U-turn
|move|p1a: Landorus|Stealth Rock|p2a: Dragapult
|-sidestart|p2: WogerHater|move: Stealth Rock
|
|-weather|Snowscape|[upkeep]
|upkeep
|turn|7
|c| Bad Players|Keep your friends close and your enemies closer, etc
|c|☆WogerHater|too broken not to use unfort
|
|t:|1758947822
|move|p2a: Dragapult|Draco Meteor|p1a: Landorus|[miss]
|-miss|p2a: Dragapult|p1a: Landorus
|move|p1a: Landorus|Weather Ball|p2a: Dragapult
|-supereffective|p2a: Dragapult
|-damage|p2a: Dragapult|39/100
|
|-weather|none
|-heal|p2a: Dragapult|45/100|[from] Grassy Terrain
|upkeep
|turn|8
|
|t:|1758947826
|switch|p1a: Garganacl|Garganacl, F|100/100
|-damage|p1a: Garganacl|88/100|[from] Spikes
|move|p2a: Dragapult|Draco Meteor|p1a: Garganacl
|-damage|p1a: Garganacl|32/100
|-unboost|p2a: Dragapult|spa|2
|
|-heal|p2a: Dragapult|51/100|[from] Grassy Terrain
|-heal|p1a: Garganacl|38/100|[from] Grassy Terrain
|-heal|p1a: Garganacl|45/100|[from] item: Leftovers
|upkeep
|turn|9
|
|t:|1758947830
|switch|p2a: GAS.|Weezing-Galar, F|100/100
|-ability|p2a: GAS.|Neutralizing Gas
|move|p1a: Garganacl|Salt Cure|p2a: GAS.
|-damage|p2a: GAS.|92/100
|-start|p2a: GAS.|Salt Cure
|
|-heal|p2a: GAS.|98/100|[from] Grassy Terrain
|-heal|p1a: Garganacl|51/100|[from] Grassy Terrain
|-heal|p1a: Garganacl|57/100|[from] item: Leftovers
|-damage|p2a: GAS.|85/100|[from] Salt Cure
|-fieldend|move: Grassy Terrain
|upkeep
|turn|10
|
|t:|1758947834
|move|p1a: Garganacl|Protect|p1a: Garganacl
|-singleturn|p1a: Garganacl|Protect
|move|p2a: GAS.|Defog|p1a: Garganacl
|-activate|p1a: Garganacl|move: Protect
|
|-heal|p1a: Garganacl|63/100|[from] item: Leftovers
|-damage|p2a: GAS.|73/100|[from] Salt Cure
|upkeep
|turn|11
|
|t:|1758947839
|switch|p1a: Slowking|Slowking-Galar, M|81/100
|-damage|p1a: Slowking|69/100|[from] Spikes
|move|p2a: GAS.|Will-O-Wisp|p1a: Slowking
|-status|p1a: Slowking|brn
|
|-damage|p1a: Slowking|62/100 brn|[from] brn
|-damage|p2a: GAS.|61/100|[from] Salt Cure
|upkeep
|turn|12
|
|t:|1758947842
|move|p2a: GAS.|Defog|p1a: Slowking
|-unboost|p1a: Slowking|evasion|1
|-sideend|p1: Ctannn|Spikes|[from] move: Defog|[of] p2a: GAS.
|-sideend|p2: WogerHater|Stealth Rock|[from] move: Defog|[of] p2a: GAS.
|move|p1a: Slowking|Psychic|p2a: GAS.
|-supereffective|p2a: GAS.
|-damage|p2a: GAS.|0 fnt
|faint|p2a: GAS.
|-end|p2a: GAS.|ability: Neutralizing Gas
|
|-damage|p1a: Slowking|56/100 brn|[from] brn
|upkeep
|
|t:|1758947844
|switch|p2a: Ogerpon|Ogerpon-Wellspring-Tera, F, tera:Water|9/100
|-ability|p2a: Ogerpon|Embody Aspect (Wellspring)|boost
|-boost|p2a: Ogerpon|spd|1
|turn|13
|
|t:|1758947853
|switch|p1a: Rillaboom|Rillaboom, M|88/100
|-fieldstart|move: Grassy Terrain|[from] ability: Grassy Surge|[of] p1a: Rillaboom
|move|p2a: Ogerpon|Synthesis|p2a: Ogerpon
|-heal|p2a: Ogerpon|59/100
|
|-heal|p2a: Ogerpon|65/100|[from] Grassy Terrain
|-heal|p1a: Rillaboom|94/100|[from] Grassy Terrain
|upkeep
|turn|14
|
|t:|1758947858
|switch|p2a: Corviknight|Corviknight, F|84/100
|-ability|p2a: Corviknight|Pressure
|move|p1a: Rillaboom|Grassy Glide|p2a: Corviknight
|-resisted|p2a: Corviknight
|-crit|p2a: Corviknight
|-damage|p2a: Corviknight|73/100
|-damage|p1a: Rillaboom|78/100|[from] item: Rocky Helmet|[of] p2a: Corviknight
|
|-heal|p1a: Rillaboom|84/100|[from] Grassy Terrain
|upkeep
|turn|15
|
|t:|1758947870
|switch|p1a: Landorus|Landorus-Therian, M|97/100
|-ability|p1a: Landorus|Intimidate|boost
|-unboost|p2a: Corviknight|atk|1
|move|p2a: Corviknight|U-turn|p1a: Landorus
|-resisted|p1a: Landorus
|-damage|p1a: Landorus|94/100
|-damage|p2a: Corviknight|56/100|[from] item: Rocky Helmet|[of] p1a: Landorus
|
|t:|1758947872
|switch|p2a: Ogerpon|Ogerpon-Wellspring-Tera, F, tera:Water|65/100|[from] U-turn
|-ability|p2a: Ogerpon|Embody Aspect (Wellspring)|boost
|-boost|p2a: Ogerpon|spd|1
|
|-heal|p2a: Ogerpon|71/100|[from] Grassy Terrain
|upkeep
|turn|16
|
|t:|1758947876
|switch|p1a: Raging Bolt|Raging Bolt|100/100
|move|p2a: Ogerpon|Ivy Cudgel|p1a: Raging Bolt|[anim] Ivy Cudgel Water
|-resisted|p1a: Raging Bolt
|-damage|p1a: Raging Bolt|69/100
|
|-heal|p2a: Ogerpon|77/100|[from] Grassy Terrain
|-heal|p1a: Raging Bolt|75/100|[from] Grassy Terrain
|upkeep
|turn|17
|
|t:|1758947882
|move|p2a: Ogerpon|Knock Off|p1a: Raging Bolt
|-damage|p1a: Raging Bolt|44/100
|-enditem|p1a: Raging Bolt|Choice Specs|[from] move: Knock Off|[of] p2a: Ogerpon
|move|p1a: Raging Bolt|Draco Meteor|p2a: Ogerpon
|-damage|p2a: Ogerpon|31/100
|-unboost|p1a: Raging Bolt|spa|2
|
|-heal|p2a: Ogerpon|37/100|[from] Grassy Terrain
|-heal|p1a: Raging Bolt|50/100|[from] Grassy Terrain
|-fieldend|move: Grassy Terrain
|upkeep
|turn|18
|
|t:|1758947887
|-end|p1a: Raging Bolt|Protosynthesis|[silent]
|switch|p1a: Landorus|Landorus-Therian, M|94/100
|-ability|p1a: Landorus|Intimidate|boost
|-unboost|p2a: Ogerpon|atk|1
|move|p2a: Ogerpon|Synthesis|p2a: Ogerpon
|-heal|p2a: Ogerpon|87/100
|
|upkeep
|turn|19
|
|t:|1758947900
|switch|p1a: Rillaboom|Rillaboom, M|84/100
|-fieldstart|move: Grassy Terrain|[from] ability: Grassy Surge|[of] p1a: Rillaboom
|move|p2a: Ogerpon|Spikes|p1a: Rillaboom
|-sidestart|p1: Ctannn|Spikes
|
|-heal|p2a: Ogerpon|93/100|[from] Grassy Terrain
|-heal|p1a: Rillaboom|90/100|[from] Grassy Terrain
|upkeep
|turn|20
|
|t:|1758947906
|switch|p2a: Dragapult|Dragapult, F|51/100
|switch|p1a: Landorus|Landorus-Therian, M|94/100
|-ability|p1a: Landorus|Intimidate|boost
|-fail|p2a: Dragapult|unboost|[from] ability: Clear Body|[of] p2a: Dragapult
|
|-heal|p2a: Dragapult|57/100|[from] Grassy Terrain
|upkeep
|turn|21
|
|t:|1758947911
|switch|p1a: Slowking|Slowking-Galar, M|90/100 brn
|-damage|p1a: Slowking|77/100 brn|[from] Spikes
|move|p2a: Dragapult|Draco Meteor|p1a: Slowking
|-damage|p1a: Slowking|9/100 brn
|-unboost|p2a: Dragapult|spa|2
|
|-heal|p2a: Dragapult|63/100|[from] Grassy Terrain
|-heal|p1a: Slowking|15/100 brn|[from] Grassy Terrain
|-damage|p1a: Slowking|9/100 brn|[from] brn
|upkeep
|turn|22
|
|t:|1758947917
|switch|p2a: Ogerpon|Ogerpon-Wellspring-Tera, F, tera:Water|93/100
|-ability|p2a: Ogerpon|Embody Aspect (Wellspring)|boost
|-boost|p2a: Ogerpon|spd|1
|-prepare|p1a: Slowking|Chilly Reception|[premajor]
|move|p1a: Slowking|Chilly Reception|p1a: Slowking
|-weather|Snowscape
|
|t:|1758947920
|switch|p1a: Rillaboom|Rillaboom, M|90/100|[from] Chilly Reception
|-damage|p1a: Rillaboom|78/100|[from] Spikes
|
|-weather|Snowscape|[upkeep]
|-heal|p2a: Ogerpon|99/100|[from] Grassy Terrain
|-heal|p1a: Rillaboom|84/100|[from] Grassy Terrain
|upkeep
|turn|23
|
|t:|1758947923
|switch|p2a: Skeledirge|Skeledirge, M|100/100
|move|p1a: Rillaboom|Grassy Glide|p2a: Skeledirge
|-resisted|p2a: Skeledirge
|-damage|p2a: Skeledirge|81/100
|
|-weather|Snowscape|[upkeep]
|-heal|p1a: Rillaboom|90/100|[from] Grassy Terrain
|-heal|p2a: Skeledirge|87/100|[from] Grassy Terrain
|-fieldend|move: Grassy Terrain
|upkeep
|turn|24
|
|t:|1758947929
|switch|p1a: Garganacl|Garganacl, F|63/100
|-damage|p1a: Garganacl|51/100|[from] Spikes
|move|p2a: Skeledirge|Torch Song|p1a: Garganacl
|-resisted|p1a: Garganacl
|-damage|p1a: Garganacl|42/100
|-boost|p2a: Skeledirge|spa|1
|
|-weather|Snowscape|[upkeep]
|-heal|p1a: Garganacl|48/100|[from] item: Leftovers
|upkeep
|turn|25
|
|t:|1758947932
|switch|p2a: Ogerpon|Ogerpon-Wellspring-Tera, F, tera:Water|99/100
|-ability|p2a: Ogerpon|Embody Aspect (Wellspring)|boost
|-boost|p2a: Ogerpon|spd|1
|move|p1a: Garganacl|Recover|p1a: Garganacl
|-heal|p1a: Garganacl|98/100
|
|-weather|Snowscape|[upkeep]
|-heal|p1a: Garganacl|100/100|[from] item: Leftovers
|upkeep
|turn|26
|
|t:|1758947935
|-terastallize|p1a: Garganacl|Fairy
|move|p2a: Ogerpon|Ivy Cudgel|p1a: Garganacl|[anim] Ivy Cudgel Water
|-damage|p1a: Garganacl|51/100
|move|p1a: Garganacl|Salt Cure|p2a: Ogerpon
|-damage|p2a: Ogerpon|85/100
|-start|p2a: Ogerpon|Salt Cure
|
|-weather|none
|-heal|p1a: Garganacl|57/100|[from] item: Leftovers
|-damage|p2a: Ogerpon|60/100|[from] Salt Cure
|upkeep
|turn|27
|
|t:|1758947943
|switch|p2a: Ting-Lu|Ting-Lu, shiny|100/100
|-ability|p2a: Ting-Lu|Vessel of Ruin
|move|p1a: Garganacl|Recover|p1a: Garganacl
|-heal|p1a: Garganacl|100/100
|
|upkeep
|turn|28
|
|t:|1758947946
|move|p2a: Ting-Lu|Stealth Rock|p1a: Garganacl
|-sidestart|p1: Ctannn|move: Stealth Rock
|move|p1a: Garganacl|Curse|p1a: Garganacl
|-unboost|p1a: Garganacl|spe|1
|-boost|p1a: Garganacl|atk|1
|-boost|p1a: Garganacl|def|1
|
|upkeep
|turn|29
|j| locked in bro
|
|t:|1758947953
|move|p2a: Ting-Lu|Earthquake|p1a: Garganacl
|-damage|p1a: Garganacl|82/100
|move|p1a: Garganacl|Salt Cure|p2a: Ting-Lu
|-resisted|p2a: Ting-Lu
|-damage|p2a: Ting-Lu|94/100
|-start|p2a: Ting-Lu|Salt Cure
|
|-heal|p2a: Ting-Lu|100/100|[from] item: Leftovers
|-heal|p1a: Garganacl|89/100|[from] item: Leftovers
|-damage|p2a: Ting-Lu|88/100|[from] Salt Cure
|upkeep
|turn|30
|
|t:|1758947956
|move|p2a: Ting-Lu|Earthquake|p1a: Garganacl
|-damage|p1a: Garganacl|70/100
|move|p1a: Garganacl|Curse|p1a: Garganacl
|-unboost|p1a: Garganacl|spe|1
|-boost|p1a: Garganacl|atk|1
|-boost|p1a: Garganacl|def|1
|
|-heal|p2a: Ting-Lu|94/100|[from] item: Leftovers
|-heal|p1a: Garganacl|76/100|[from] item: Leftovers
|-damage|p2a: Ting-Lu|82/100|[from] Salt Cure
|upkeep
|turn|31
|
|t:|1758947958
|move|p2a: Ting-Lu|Earthquake|p1a: Garganacl
|-damage|p1a: Garganacl|63/100
|move|p1a: Garganacl|Curse|p1a: Garganacl
|-unboost|p1a: Garganacl|spe|1
|-boost|p1a: Garganacl|atk|1
|-boost|p1a: Garganacl|def|1
|
|-heal|p2a: Ting-Lu|88/100|[from] item: Leftovers
|-heal|p1a: Garganacl|69/100|[from] item: Leftovers
|-damage|p2a: Ting-Lu|76/100|[from] Salt Cure
|upkeep
|turn|32
|
|t:|1758947960
|move|p2a: Ting-Lu|Earthquake|p1a: Garganacl
|-damage|p1a: Garganacl|59/100
|move|p1a: Garganacl|Curse|p1a: Garganacl
|-unboost|p1a: Garganacl|spe|1
|-boost|p1a: Garganacl|atk|1
|-boost|p1a: Garganacl|def|1
|
|-heal|p2a: Ting-Lu|82/100|[from] item: Leftovers
|-heal|p1a: Garganacl|66/100|[from] item: Leftovers
|-damage|p2a: Ting-Lu|69/100|[from] Salt Cure
|upkeep
|turn|33
|
|t:|1758947963
|move|p2a: Ting-Lu|Earthquake|p1a: Garganacl
|-damage|p1a: Garganacl|57/100
|move|p1a: Garganacl|Curse|p1a: Garganacl
|-unboost|p1a: Garganacl|spe|1
|-boost|p1a: Garganacl|atk|1
|-boost|p1a: Garganacl|def|1
|
|-heal|p2a: Ting-Lu|76/100|[from] item: Leftovers
|-heal|p1a: Garganacl|64/100|[from] item: Leftovers
|-damage|p2a: Ting-Lu|63/100|[from] Salt Cure
|upkeep
|turn|34
|
|t:|1758947966
|switch|p2a: Skeledirge|Skeledirge, M|87/100
|move|p1a: Garganacl|Recover|p1a: Garganacl
|-heal|p1a: Garganacl|100/100
|
|upkeep
|turn|35
|
|t:|1758947968
|move|p2a: Skeledirge|Torch Song|p1a: Garganacl
|-damage|p1a: Garganacl|81/100
|-boost|p2a: Skeledirge|spa|1
|move|p1a: Garganacl|Salt Cure|p2a: Skeledirge
|-supereffective|p2a: Skeledirge
|-damage|p2a: Skeledirge|65/100
|-start|p2a: Skeledirge|Salt Cure
|
|-heal|p1a: Garganacl|87/100|[from] item: Leftovers
|-damage|p2a: Skeledirge|52/100|[from] Salt Cure
|upkeep
|turn|36
|
|t:|1758947971
|move|p2a: Skeledirge|Torch Song|p1a: Garganacl
|-damage|p1a: Garganacl|60/100
|-boost|p2a: Skeledirge|spa|1
|move|p1a: Garganacl|Salt Cure|p2a: Skeledirge
|-supereffective|p2a: Skeledirge
|-damage|p2a: Skeledirge|28/100
|
|-heal|p1a: Garganacl|66/100|[from] item: Leftovers
|-damage|p2a: Skeledirge|15/100|[from] Salt Cure
|upkeep
|turn|37
|
|t:|1758947973
|move|p2a: Skeledirge|Slack Off|p2a: Skeledirge
|-heal|p2a: Skeledirge|65/100
|move|p1a: Garganacl|Salt Cure|p2a: Skeledirge
|-supereffective|p2a: Skeledirge
|-damage|p2a: Skeledirge|40/100
|
|-heal|p1a: Garganacl|72/100|[from] item: Leftovers
|-damage|p2a: Skeledirge|28/100|[from] Salt Cure
|upkeep
|turn|38
|j| yrmpa
|
|t:|1758947976
|move|p2a: Skeledirge|Slack Off|p2a: Skeledirge
|-heal|p2a: Skeledirge|78/100
|move|p1a: Garganacl|Salt Cure|p2a: Skeledirge
|-supereffective|p2a: Skeledirge
|-crit|p2a: Skeledirge
|-damage|p2a: Skeledirge|45/100
|
|-heal|p1a: Garganacl|78/100|[from] item: Leftovers
|-damage|p2a: Skeledirge|32/100|[from] Salt Cure
|upkeep
|turn|39
|
|t:|1758947980
|move|p2a: Skeledirge|Slack Off|p2a: Skeledirge
|-heal|p2a: Skeledirge|82/100
|move|p1a: Garganacl|Salt Cure|p2a: Skeledirge
|-supereffective|p2a: Skeledirge
|-damage|p2a: Skeledirge|60/100
|
|-heal|p1a: Garganacl|84/100|[from] item: Leftovers
|-damage|p2a: Skeledirge|47/100|[from] Salt Cure
|upkeep
|turn|40
|
|t:|1758947983
|move|p2a: Skeledirge|Torch Song|p1a: Garganacl
|-damage|p1a: Garganacl|44/100
|-boost|p2a: Skeledirge|spa|1
|move|p1a: Garganacl|Salt Cure|p2a: Skeledirge
|-supereffective|p2a: Skeledirge
|-damage|p2a: Skeledirge|25/100
|
|-heal|p1a: Garganacl|50/100|[from] item: Leftovers
|-damage|p2a: Skeledirge|13/100|[from] Salt Cure
|upkeep
|turn|41
|
|t:|1758947986
|move|p2a: Skeledirge|Slack Off|p2a: Skeledirge
|-heal|p2a: Skeledirge|63/100
|move|p1a: Garganacl|Salt Cure|p2a: Skeledirge
|-supereffective|p2a: Skeledirge
|-damage|p2a: Skeledirge|37/100
|
|-heal|p1a: Garganacl|57/100|[from] item: Leftovers
|-damage|p2a: Skeledirge|25/100|[from] Salt Cure
|upkeep
|turn|42
|
|t:|1758947988
|move|p2a: Skeledirge|Torch Song|p1a: Garganacl
|-damage|p1a: Garganacl|10/100
|-boost|p2a: Skeledirge|spa|1
|move|p1a: Garganacl|Salt Cure|p2a: Skeledirge
|-supereffective|p2a: Skeledirge
|-damage|p2a: Skeledirge|0 fnt
|faint|p2a: Skeledirge
|
|-heal|p1a: Garganacl|16/100|[from] item: Leftovers
|upkeep
|
|t:|1758948014
|switch|p2a: Dragapult|Dragapult, F|63/100
|turn|43
|j| ahjskahskjah
|
|t:|1758948016
|move|p1a: Garganacl|Protect|p1a: Garganacl
|-singleturn|p1a: Garganacl|Protect
|move|p2a: Dragapult|Shadow Ball|p1a: Garganacl
|-activate|p1a: Garganacl|move: Protect
|
|-heal|p1a: Garganacl|22/100|[from] item: Leftovers
|upkeep
|turn|44
|
|t:|1758948024
|move|p2a: Dragapult|Shadow Ball|p1a: Garganacl
|-damage|p1a: Garganacl|6/100
|move|p1a: Garganacl|Recover|p1a: Garganacl
|-heal|p1a: Garganacl|56/100
|
|-heal|p1a: Garganacl|62/100|[from] item: Leftovers
|upkeep
|turn|45
|
|t:|1758948029
|switch|p2a: Ting-Lu|Ting-Lu, shiny|63/100
|-ability|p2a: Ting-Lu|Vessel of Ruin
|move|p1a: Garganacl|Salt Cure|p2a: Ting-Lu
|-resisted|p2a: Ting-Lu
|-damage|p2a: Ting-Lu|51/100
|-start|p2a: Ting-Lu|Salt Cure
|
|-heal|p2a: Ting-Lu|57/100|[from] item: Leftovers
|-heal|p1a: Garganacl|69/100|[from] item: Leftovers
|-damage|p2a: Ting-Lu|45/100|[from] Salt Cure
|upkeep
|turn|46
|
|t:|1758948033
|move|p2a: Ting-Lu|Earthquake|p1a: Garganacl
|-damage|p1a: Garganacl|62/100
|move|p1a: Garganacl|Salt Cure|p2a: Ting-Lu
|-resisted|p2a: Ting-Lu
|-damage|p2a: Ting-Lu|32/100
|
|-heal|p2a: Ting-Lu|39/100|[from] item: Leftovers
|-heal|p1a: Garganacl|68/100|[from] item: Leftovers
|-damage|p2a: Ting-Lu|26/100|[from] Salt Cure
|upkeep
|turn|47
|
|t:|1758948036
|move|p2a: Ting-Lu|Rest|p2a: Ting-Lu
|-status|p2a: Ting-Lu|slp|[from] move: Rest
|-heal|p2a: Ting-Lu|100/100 slp|[silent]
|move|p1a: Garganacl|Salt Cure|p2a: Ting-Lu
|-resisted|p2a: Ting-Lu
|-damage|p2a: Ting-Lu|88/100 slp
|
|-heal|p2a: Ting-Lu|94/100 slp|[from] item: Leftovers
|-heal|p1a: Garganacl|74/100|[from] item: Leftovers
|-damage|p2a: Ting-Lu|82/100 slp|[from] Salt Cure
|upkeep
|turn|48
|j| FaronAan
|
|t:|1758948040
|cant|p2a: Ting-Lu|slp
|move|p1a: Garganacl|Curse|p1a: Garganacl
|-unboost|p1a: Garganacl|spe|1
|-boost|p1a: Garganacl|atk|1
|-boost|p1a: Garganacl|def|1
|
|-heal|p2a: Ting-Lu|88/100 slp|[from] item: Leftovers
|-heal|p1a: Garganacl|80/100|[from] item: Leftovers
|-damage|p2a: Ting-Lu|76/100 slp|[from] Salt Cure
|upkeep
|turn|49
|
|t:|1758948049
|move|p1a: Garganacl|Protect|p1a: Garganacl
|-singleturn|p1a: Garganacl|Protect
|cant|p2a: Ting-Lu|slp
|
|-heal|p2a: Ting-Lu|82/100 slp|[from] item: Leftovers
|-heal|p1a: Garganacl|86/100|[from] item: Leftovers
|-damage|p2a: Ting-Lu|69/100 slp|[from] Salt Cure
|upkeep
|turn|50
|
|t:|1758948058
|move|p1a: Garganacl|Protect||[still]
|-fail|p1a: Garganacl
|-curestatus|p2a: Ting-Lu|slp|[msg]
|move|p2a: Ting-Lu|Earthquake|p1a: Garganacl
|-damage|p1a: Garganacl|80/100
|
|-heal|p2a: Ting-Lu|76/100|[from] item: Leftovers
|-heal|p1a: Garganacl|86/100|[from] item: Leftovers
|-damage|p2a: Ting-Lu|63/100|[from] Salt Cure
|upkeep
|turn|51
|
|t:|1758948065
|move|p1a: Garganacl|Protect|p1a: Garganacl
|-singleturn|p1a: Garganacl|Protect
|move|p2a: Ting-Lu|Heavy Slam|p1a: Garganacl
|-activate|p1a: Garganacl|move: Protect
|
|-heal|p2a: Ting-Lu|69/100|[from] item: Leftovers
|-heal|p1a: Garganacl|92/100|[from] item: Leftovers
|-damage|p2a: Ting-Lu|57/100|[from] Salt Cure
|upkeep
|turn|52
|
|t:|1758948071
|switch|p1a: Landorus|Landorus-Therian, M|94/100
|-damage|p1a: Landorus|82/100|[from] Stealth Rock
|-ability|p1a: Landorus|Intimidate|boost
|-unboost|p2a: Ting-Lu|atk|1
|move|p2a: Ting-Lu|Heavy Slam|p1a: Landorus
|-damage|p1a: Landorus|67/100
|-damage|p2a: Ting-Lu|40/100|[from] item: Rocky Helmet|[of] p1a: Landorus
|
|-heal|p2a: Ting-Lu|47/100|[from] item: Leftovers
|-damage|p2a: Ting-Lu|34/100|[from] Salt Cure
|upkeep
|turn|53
|
|t:|1758948075
|switch|p2a: Ogerpon|Ogerpon-Wellspring-Tera, F, tera:Water|60/100
|-ability|p2a: Ogerpon|Embody Aspect (Wellspring)|boost
|-boost|p2a: Ogerpon|spd|1
|move|p1a: Landorus|Stealth Rock|p2a: Ogerpon
|-sidestart|p2: WogerHater|move: Stealth Rock
|
|upkeep
|turn|54
|
|t:|1758948079
|switch|p1a: Slowking|Slowking-Galar, M|42/100 brn
|-damage|p1a: Slowking|30/100 brn|[from] Spikes
|-damage|p1a: Slowking|18/100 brn|[from] Stealth Rock
|move|p2a: Ogerpon|Ivy Cudgel|p1a: Slowking|[anim] Ivy Cudgel Water
|-damage|p1a: Slowking|0 fnt
|faint|p1a: Slowking
|
|upkeep
|
|t:|1758948082
|switch|p1a: Rillaboom|Rillaboom, M|90/100
|-damage|p1a: Rillaboom|78/100|[from] Spikes
|-damage|p1a: Rillaboom|66/100|[from] Stealth Rock
|-fieldstart|move: Grassy Terrain|[from] ability: Grassy Surge|[of] p1a: Rillaboom
|turn|55
|
|t:|1758948086
|move|p2a: Ogerpon|Knock Off|p1a: Rillaboom
|-crit|p1a: Rillaboom
|-damage|p1a: Rillaboom|12/100
|-enditem|p1a: Rillaboom|Miracle Seed|[from] move: Knock Off|[of] p2a: Ogerpon
|move|p1a: Rillaboom|Swords Dance|p1a: Rillaboom
|-boost|p1a: Rillaboom|atk|2
|
|-heal|p2a: Ogerpon|66/100|[from] Grassy Terrain
|-heal|p1a: Rillaboom|18/100|[from] Grassy Terrain
|upkeep
|turn|56
|
|t:|1758948090
|switch|p2a: Corviknight|Corviknight, F|56/100
|-damage|p2a: Corviknight|44/100|[from] Stealth Rock
|-ability|p2a: Corviknight|Pressure
|move|p1a: Rillaboom|Drain Punch|p2a: Corviknight
|-damage|p2a: Corviknight|7/100
|-heal|p1a: Rillaboom|37/100|[from] drain|[of] p2a: Corviknight
|-damage|p1a: Rillaboom|21/100|[from] item: Rocky Helmet|[of] p2a: Corviknight
|
|-heal|p1a: Rillaboom|27/100|[from] Grassy Terrain
|upkeep
|turn|57
|
|t:|1758948093
|move|p1a: Rillaboom|Drain Punch|p2a: Corviknight
|-damage|p2a: Corviknight|0 fnt
|-heal|p1a: Rillaboom|30/100|[from] drain|[of] p2a: Corviknight
|-damage|p1a: Rillaboom|14/100|[from] item: Rocky Helmet|[of] p2a: Corviknight
|faint|p2a: Corviknight
|
|-heal|p1a: Rillaboom|20/100|[from] Grassy Terrain
|upkeep
|
|t:|1758948095
|switch|p2a: Dragapult|Dragapult, F|63/100
|-damage|p2a: Dragapult|50/100|[from] Stealth Rock
|turn|58
|
|t:|1758948101
|move|p1a: Rillaboom|Grassy Glide|p2a: Dragapult
|-resisted|p2a: Dragapult
|-damage|p2a: Dragapult|0 fnt
|faint|p2a: Dragapult
|
|-heal|p1a: Rillaboom|26/100|[from] Grassy Terrain
|upkeep
|-message|WogerHater forfeited.
|
|win|Ctannn
|raw|Ctannn's rating: 1938 &rarr; <strong>1959</strong><br />(+21 for winning)
|raw|WogerHater's rating: 1961 &rarr; <strong>1940</strong><br />(-21 for losing)
|l|☆WogerHater
|player|p2|
|l| locked in bro
|l| amefurikoneko
|l| yrmpa
|l| 1989 tour
|l|☆Ctannn
|player|p1|
|l| Shucklepilled
