|j|☆fewfewfqw
|j|☆Technoproz13150097
|t:|1758957652
|gametype|singles
|player|p1|fewfewfqw|nurse|1173
|player|p2|Technoproz13150097|acerola-masters|1184
|gen|9
|tier|[Gen 9] OU
|rated|
|rule|HP Percentage Mod: HP is shown in percentages
|rule|Endless Battle Clause: Forcing endless battles is banned
|rule|Species Clause: Limit one of each Pokémon
|rule|OHKO Clause: OHKO moves are banned
|rule|Evasion Items Clause: Evasion items are banned
|rule|Evasion Moves Clause: Evasion moves are banned
|rule|Evasion Abilities Clause: Evasion abilities are banned
|rule|Sleep Moves Clause: Sleep-inducing moves are banned
|clearpoke
|poke|p1|Comfey, M|
|poke|p1|Metagross|
|poke|p1|Sudowoodo, L61, M|
|poke|p1|Bellibolt, M|
|poke|p1|Raging Bolt|
|poke|p1|Gumshoos, F|
|poke|p2|Reuniclus, F|
|poke|p2|Slowking-Galar, M|
|poke|p2|Scizor, M|
|poke|p2|Blaziken, F|
|poke|p2|Gliscor, M|
|poke|p2|Ting-Lu|
|teampreview
|inactive|Battle timer is ON: inactive players will automatically lose when time's up. (requested by Technoproz13150097)
|
|t:|1758957660
|teamsize|p1|6
|teamsize|p2|6
|start
|switch|p1a: Gumshoos|Gumshoos, F|100/100
|switch|p2a: Blaziken|Blaziken, F|100/100
|-item|p2a: Blaziken|Air Balloon
|turn|1
|
|t:|1758957674
|move|p2a: Blaziken|Protect|p2a: Blaziken
|-singleturn|p2a: Blaziken|Protect
|move|p1a: Gumshoos|Body Slam|p2a: Blaziken
|-activate|p2a: Blaziken|move: Protect
|
|-ability|p2a: Blaziken|Speed Boost|boost
|-boost|p2a: Blaziken|spe|1
|upkeep
|turn|2
|
|t:|1758957679
|move|p2a: Blaziken|Close Combat|p1a: Gumshoos
|-supereffective|p1a: Gumshoos
|-damage|p1a: Gumshoos|0 fnt
|-unboost|p2a: Blaziken|def|1
|-unboost|p2a: Blaziken|spd|1
|faint|p1a: Gumshoos
|
|-ability|p2a: Blaziken|Speed Boost|boost
|-boost|p2a: Blaziken|spe|1
|upkeep
|
|t:|1758957682
|switch|p1a: Steroid Xurkitree|Raging Bolt|100/100
|-enditem|p1a: Steroid Xurkitree|Booster Energy
|-activate|p1a: Steroid Xurkitree|ability: Protosynthesis|[fromitem]
|-start|p1a: Steroid Xurkitree|protosynthesisspa
|turn|3
|
|t:|1758957689
|move|p2a: Blaziken|Swords Dance|p2a: Blaziken
|-boost|p2a: Blaziken|atk|2
|move|p1a: Steroid Xurkitree|Discharge|p2a: Blaziken
|-damage|p2a: Blaziken|0 fnt
|-enditem|p2a: Blaziken|Air Balloon
|faint|p2a: Blaziken
|
|upkeep
|
|t:|1758957698
|switch|p2a: Gliscor|Gliscor, M|100/100
|turn|4
|
|t:|1758957703
|move|p2a: Gliscor|Earthquake|p1a: Steroid Xurkitree
|-supereffective|p1a: Steroid Xurkitree
|-damage|p1a: Steroid Xurkitree|33/100
|move|p1a: Steroid Xurkitree|Draco Meteor|p2a: Gliscor
|-damage|p2a: Gliscor|0 fnt
|-unboost|p1a: Steroid Xurkitree|spa|2
|faint|p2a: Gliscor
|
|upkeep
|
|t:|1758957713
|switch|p2a: Reuniclus|Reuniclus, F|100/100
|turn|5
|
|t:|1758957719
|move|p1a: Steroid Xurkitree|Discharge|p2a: Reuniclus
|-crit|p2a: Reuniclus
|-damage|p2a: Reuniclus|19/100
|move|p2a: Reuniclus|Trick Room|p2a: Reuniclus
|-fieldstart|move: Trick Room|[of] p2a: Reuniclus
|
|upkeep
|turn|6
|
|t:|1758957726
|move|p1a: Steroid Xurkitree|Thunderclap||[still]
|-fail|p1a: Steroid Xurkitree
|move|p2a: Reuniclus|Calm Mind|p2a: Reuniclus
|-boost|p2a: Reuniclus|spa|1
|-boost|p2a: Reuniclus|spd|1
|
|upkeep
|turn|7
|
|t:|1758957737
|move|p1a: Steroid Xurkitree|Thunderclap||[still]
|-fail|p1a: Steroid Xurkitree
|move|p2a: Reuniclus|Calm Mind|p2a: Reuniclus
|-boost|p2a: Reuniclus|spa|1
|-boost|p2a: Reuniclus|spd|1
|
|upkeep
|turn|8
|
|t:|1758957741
|move|p1a: Steroid Xurkitree|Thunderclap|p2a: Reuniclus
|-damage|p2a: Reuniclus|5/100
|move|p2a: Reuniclus|Psychic|p1a: Steroid Xurkitree
|-damage|p1a: Steroid Xurkitree|0 fnt
|faint|p1a: Steroid Xurkitree
|-end|p1a: Steroid Xurkitree|Protosynthesis|[silent]
|
|upkeep
|
|t:|1758957745
|switch|p1a: Comfey|Comfey, M|100/100
|turn|9
|
|t:|1758957749
|move|p1a: Comfey|Draining Kiss|p2a: Reuniclus
|-damage|p2a: Reuniclus|0 fnt
|faint|p2a: Reuniclus
|
|-fieldend|move: Trick Room
|upkeep
|
|t:|1758957753
|switch|p2a: Scizor|Scizor, M|100/100
|turn|10
|
|t:|1758957759
|switch|p1a: Blowflex|Bellibolt, M, shiny|100/100
|move|p2a: Scizor|Swords Dance|p2a: Scizor
|-boost|p2a: Scizor|atk|2
|
|upkeep
|turn|11
|inactive|Technoproz13150097 has 120 seconds left.
|
|t:|1758957807
|move|p2a: Scizor|Swords Dance|p2a: Scizor
|-boost|p2a: Scizor|atk|2
|move|p1a: Blowflex|Reflect|p1a: Blowflex
|-sidestart|p1: fewfewfqw|Reflect
|
|upkeep
|turn|12
|
|t:|1758957814
|move|p2a: Scizor|Swords Dance|p2a: Scizor
|-boost|p2a: Scizor|atk|2
|move|p1a: Blowflex|Zap Cannon|p2a: Scizor
|-damage|p2a: Scizor|42/100
|-status|p2a: Scizor|par
|
|upkeep
|turn|13
|
|t:|1758957819
|move|p1a: Blowflex|Parabolic Charge|p2a: Scizor
|-damage|p2a: Scizor|6/100 par
|move|p2a: Scizor|U-turn|p1a: Blowflex
|-damage|p1a: Blowflex|30/100
|-start|p1a: Blowflex|Charge|U-turn|[from] ability: Electromorphosis
|-damage|p2a: Scizor|0 fnt|[from] item: Life Orb
|faint|p2a: Scizor
|
|upkeep
|
|t:|1758957829
|switch|p2a: Ting-Lu|Ting-Lu|100/100
|-ability|p2a: Ting-Lu|Vessel of Ruin
|turn|14
|inactive|Technoproz13150097 has 120 seconds left.
|
|t:|1758957836
|move|p2a: Ting-Lu|Spikes|p1a: Blowflex
|-sidestart|p1: fewfewfqw|Spikes
|move|p1a: Blowflex|Light Screen|p1a: Blowflex
|-sidestart|p1: fewfewfqw|move: Light Screen
|
|upkeep
|turn|15
|
|t:|1758957855
|switch|p1a: Metagross|Metagross|100/100
|-damage|p1a: Metagross|88/100|[from] Spikes
|move|p2a: Ting-Lu|Spikes|p1a: Metagross
|-sidestart|p1: fewfewfqw|Spikes
|
|-sideend|p1: fewfewfqw|Reflect
|upkeep
|turn|16
|
|t:|1758957863
|-terastallize|p1a: Metagross|Fighting
|move|p1a: Metagross|Hammer Arm|p2a: Ting-Lu
|-supereffective|p2a: Ting-Lu
|-damage|p2a: Ting-Lu|22/100
|-unboost|p1a: Metagross|spe|1
|move|p2a: Ting-Lu|Stealth Rock|p1a: Metagross
|-sidestart|p1: fewfewfqw|move: Stealth Rock
|
|-heal|p2a: Ting-Lu|28/100|[from] item: Leftovers
|upkeep
|turn|17
|
|t:|1758957872
|switch|p2a: Slowking|Slowking-Galar, M|100/100
|move|p1a: Metagross|Hammer Arm|p2a: Slowking
|-resisted|p2a: Slowking
|-damage|p2a: Slowking|77/100
|-unboost|p1a: Metagross|spe|1
|
|-heal|p2a: Slowking|83/100|[from] item: Leftovers
|upkeep
|turn|18
|
|t:|1758957877
|switch|p1a: Blowflex|Bellibolt, M, shiny|30/100
|-damage|p1a: Blowflex|13/100|[from] Spikes
|-damage|p1a: Blowflex|1/100|[from] Stealth Rock
|-enditem|p1a: Blowflex|Iapapa Berry|[eat]
|-heal|p1a: Blowflex|34/100|[from] item: Iapapa Berry
|move|p2a: Slowking|Future Sight|p1a: Blowflex
|-start|p2a: Slowking|move: Future Sight
|
|-heal|p2a: Slowking|89/100|[from] item: Leftovers
|-sideend|p1: fewfewfqw|move: Light Screen
|upkeep
|turn|19
|
|t:|1758957889
|move|p1a: Blowflex|Light Screen|p1a: Blowflex
|-sidestart|p1: fewfewfqw|move: Light Screen
|move|p2a: Slowking|Trick Room|p2a: Slowking
|-fieldstart|move: Trick Room|[of] p2a: Slowking
|
|-heal|p2a: Slowking|95/100|[from] item: Leftovers
|upkeep
|turn|20
|
|t:|1758957894
|move|p2a: Slowking|Sludge Wave|p1a: Blowflex
|-damage|p1a: Blowflex|18/100
|-start|p1a: Blowflex|Charge|Sludge Wave|[from] ability: Electromorphosis
|move|p1a: Blowflex|Zap Cannon|p2a: Slowking|[miss]
|-miss|p1a: Blowflex|p2a: Slowking
|-end|p1a: Blowflex|Charge|[silent]
|
|-end|p1a: Blowflex|move: Future Sight
|-damage|p1a: Blowflex|0 fnt
|faint|p1a: Blowflex
|-heal|p2a: Slowking|100/100|[from] item: Leftovers
|upkeep
|
|t:|1758957905
|switch|p1a: Metagross|Metagross, tera:Fighting|88/100
|-damage|p1a: Metagross|72/100|[from] Spikes
|-damage|p1a: Metagross|66/100|[from] Stealth Rock
|turn|21
|
|t:|1758957910
|move|p2a: Slowking|Future Sight|p1a: Metagross
|-start|p2a: Slowking|move: Future Sight
|move|p1a: Metagross|Knock Off|p2a: Slowking
|-supereffective|p2a: Slowking
|-damage|p2a: Slowking|0 fnt
|-enditem|p2a: Slowking|Leftovers|[from] move: Knock Off|[of] p1a: Metagross
|faint|p2a: Slowking
|
|upkeep
|
|t:|1758957915
|switch|p2a: Ting-Lu|Ting-Lu|28/100
|-ability|p2a: Ting-Lu|Vessel of Ruin
|turn|22
|
|t:|1758957922
|-terastallize|p2a: Ting-Lu|Ghost
|move|p2a: Ting-Lu|Ruination|p1a: Metagross|[miss]
|-miss|p2a: Ting-Lu|p1a: Metagross
|move|p1a: Metagross|Knock Off|p2a: Ting-Lu
|-supereffective|p2a: Ting-Lu
|-damage|p2a: Ting-Lu|0 fnt
|-enditem|p2a: Ting-Lu|Leftovers|[from] move: Knock Off|[of] p1a: Metagross
|faint|p2a: Ting-Lu
|
|win|fewfewfqw
|raw|fewfewfqw's rating: 1173 &rarr; <strong>1199</strong><br />(+26 for winning)
|raw|Technoproz13150097's rating: 1184 &rarr; <strong>1158</strong><br />(-26 for losing)
|l|☆Technoproz13150097
|player|p2|
|l|☆fewfewfqw
|player|p1|
