|j|‽Droid17
|j|☆avitross
|t:|1758918764
|gametype|singles
|player|p1|Droid17|lady-gen4|1361
|player|p2|avitross|266|1425
|gen|9
|tier|[Gen 9] OU
|rated|
|rule|HP Percentage Mod: HP is shown in percentages
|rule|Endless Battle Clause: Forcing endless battles is banned
|rule|Species Clause: Limit one of each Pokémon
|rule|OHKO Clause: OHKO moves are banned
|rule|Evasion Items Clause: Evasion items are banned
|rule|Evasion Moves Clause: Evasion moves are banned
|rule|Evasion Abilities Clause: Evasion abilities are banned
|rule|Sleep Moves Clause: Sleep-inducing moves are banned
|clearpoke
|poke|p1|Tyranitar, F|
|poke|p1|Excadrill, F|
|poke|p1|Pecharunt|
|poke|p1|Garchomp, M|
|poke|p1|Kingambit, M|
|poke|p1|Alomomola, F|
|poke|p2|Lycanroc-Dusk, F|
|poke|p2|Scizor, F|
|poke|p2|Landorus-Therian, M|
|poke|p2|Darkrai|
|poke|p2|Slowking-Galar, F|
|poke|p2|Weezing-Galar, F|
|teampreview
|inactive|Battle timer is ON: inactive players will automatically lose when time's up. (requested by Droid17)
|
|t:|1758918829
|teamsize|p1|6
|teamsize|p2|6
|start
|switch|p1a: Alomomola|Alomomola, F|100/100
|switch|p2a: Weezing|Weezing-Galar, F|100/100
|-ability|p2a: Weezing|Neutralizing Gas
|turn|1
|
|t:|1758918842
|move|p2a: Weezing|Will-O-Wisp|p1a: Alomomola
|-status|p1a: Alomomola|brn
|move|p1a: Alomomola|Scald|p2a: Weezing
|-damage|p2a: Weezing|81/100
|
|-damage|p1a: Alomomola|94/100 brn|[from] brn
|upkeep
|turn|2
|
|t:|1758918851
|move|p2a: Weezing|Strange Steam|p1a: Alomomola
|-crit|p1a: Alomomola
|-damage|p1a: Alomomola|72/100 brn
|move|p1a: Alomomola|Scald|p2a: Weezing
|-damage|p2a: Weezing|62/100
|
|-damage|p1a: Alomomola|66/100 brn|[from] brn
|upkeep
|turn|3
|
|t:|1758918858
|move|p2a: Weezing|Strange Steam|p1a: Alomomola|[miss]
|-miss|p2a: Weezing|p1a: Alomomola
|move|p1a: Alomomola|Scald|p2a: Weezing
|-damage|p2a: Weezing|42/100
|-status|p2a: Weezing|brn
|
|-damage|p2a: Weezing|36/100 brn|[from] brn
|-damage|p1a: Alomomola|60/100 brn|[from] brn
|upkeep
|turn|4
|
|t:|1758918861
|move|p2a: Weezing|Pain Split|p1a: Alomomola
|-sethp|p1a: Alomomola|43/100 brn|[from] move: Pain Split|[silent]
|-sethp|p2a: Weezing|60/100 brn|[from] move: Pain Split
|move|p1a: Alomomola|Flip Turn|p2a: Weezing
|-damage|p2a: Weezing|55/100 brn
|
|t:|1758918888
|switch|p1a: Pecharunt|Pecharunt|100/100|[from] Flip Turn
|
|-damage|p2a: Weezing|49/100 brn|[from] brn
|upkeep
|turn|5
|
|t:|1758918910
|-end|p2a: Weezing|ability: Neutralizing Gas
|switch|p2a: Slowking|Slowking-Galar, F|100/100
|move|p1a: Pecharunt|Malignant Chain|p2a: Slowking
|-resisted|p2a: Slowking
|-damage|p2a: Slowking|91/100
|
|upkeep
|turn|6
|
|t:|1758918920
|move|p1a: Pecharunt|Parting Shot|p2a: Slowking
|-unboost|p2a: Slowking|atk|1
|-unboost|p2a: Slowking|spa|1
|
|t:|1758918922
|switch|p1a: Tyranitar|Tyranitar, F|100/100|[from] Parting Shot
|-weather|Sandstorm|[from] ability: Sand Stream|[of] p1a: Tyranitar
|-prepare|p2a: Slowking|Chilly Reception|[premajor]
|move|p2a: Slowking|Chilly Reception|p2a: Slowking
|-weather|Snowscape
|
|t:|1758918929
|switch|p2a: Scizor|Scizor, F|100/100|[from] Chilly Reception
|
|-weather|Snowscape|[upkeep]
|upkeep
|turn|7
|
|t:|1758918933
|switch|p1a: Pecharunt|Pecharunt|100/100
|move|p2a: Scizor|U-turn|p1a: Pecharunt
|-resisted|p1a: Pecharunt
|-damage|p1a: Pecharunt|96/100
|
|t:|1758918945
|switch|p2a: Landorus|Landorus-Therian, M|100/100|[from] U-turn
|-ability|p2a: Landorus|Intimidate|boost
|-unboost|p1a: Pecharunt|atk|1
|
|-weather|Snowscape|[upkeep]
|upkeep
|turn|8
|inactive|Droid17 has 120 seconds left.
|
|t:|1758918997
|move|p2a: Landorus|Nasty Plot|p2a: Landorus
|-boost|p2a: Landorus|spa|2
|move|p1a: Pecharunt|Parting Shot|p2a: Landorus
|-unboost|p2a: Landorus|atk|1
|-unboost|p2a: Landorus|spa|1
|inactive|Droid17 has 90 seconds left.
|
|t:|1758919021
|switch|p1a: Tyranitar|Tyranitar, F|100/100|[from] Parting Shot
|-weather|Sandstorm|[from] ability: Sand Stream|[of] p1a: Tyranitar
|
|-weather|Sandstorm|[upkeep]
|upkeep
|turn|9
|
|t:|1758919029
|switch|p2a: Scizor|Scizor, F|100/100
|move|p1a: Tyranitar|Ice Beam|p2a: Scizor
|-resisted|p2a: Scizor
|-damage|p2a: Scizor|86/100
|
|-weather|Sandstorm|[upkeep]
|upkeep
|turn|10
|
|t:|1758919039
|move|p2a: Scizor|U-turn|p1a: Tyranitar
|-supereffective|p1a: Tyranitar
|-damage|p1a: Tyranitar|38/100
|
|t:|1758919045
|switch|p2a: Slowking|Slowking-Galar, F|100/100|[from] U-turn
|move|p1a: Tyranitar|Stealth Rock|p2a: Slowking
|-sidestart|p2: avitross|move: Stealth Rock
|
|-weather|Sandstorm|[upkeep]
|-damage|p2a: Slowking|94/100|[from] Sandstorm
|upkeep
|turn|11
|
|t:|1758919063
|switch|p2a: Weezing|Weezing-Galar, F|49/100 brn
|-ability|p2a: Weezing|Neutralizing Gas
|move|p1a: Tyranitar|Knock Off|p2a: Weezing
|-resisted|p2a: Weezing
|-damage|p2a: Weezing|35/100 brn
|-enditem|p2a: Weezing|Heavy-Duty Boots|[from] move: Knock Off|[of] p1a: Tyranitar
|
|-weather|Sandstorm|[upkeep]
|-damage|p2a: Weezing|29/100 brn|[from] Sandstorm
|-damage|p2a: Weezing|23/100 brn|[from] brn
|upkeep
|turn|12
|inactive|Droid17 has 90 seconds left.
|
|t:|1758919095
|move|p2a: Weezing|Pain Split|p1a: Tyranitar
|-sethp|p1a: Tyranitar|29/100|[from] move: Pain Split|[silent]
|-sethp|p2a: Weezing|35/100 brn|[from] move: Pain Split
|move|p1a: Tyranitar|Stealth Rock||[still]
|-fail|p1a: Tyranitar
|
|-weather|Sandstorm|[upkeep]
|-damage|p2a: Weezing|29/100 brn|[from] Sandstorm
|-damage|p2a: Weezing|23/100 brn|[from] brn
|upkeep
|turn|13
|inactive|Droid17 has 90 seconds left.
|
|t:|1758919109
|switch|p1a: Alomomola|Alomomola, F|43/100 brn
|move|p2a: Weezing|Pain Split|p1a: Alomomola
|-sethp|p1a: Alomomola|29/100 brn|[from] move: Pain Split|[silent]
|-sethp|p2a: Weezing|42/100 brn|[from] move: Pain Split
|
|-weather|Sandstorm|[upkeep]
|-damage|p2a: Weezing|36/100 brn|[from] Sandstorm
|-damage|p1a: Alomomola|23/100 brn|[from] Sandstorm
|-damage|p2a: Weezing|30/100 brn|[from] brn
|-damage|p1a: Alomomola|17/100 brn|[from] brn
|upkeep
|turn|14
|
|t:|1758919120
|switch|p1a: Pecharunt|Pecharunt|96/100
|move|p2a: Weezing|Strange Steam|p1a: Pecharunt
|-resisted|p1a: Pecharunt
|-damage|p1a: Pecharunt|82/100
|
|-weather|Sandstorm|[upkeep]
|-damage|p1a: Pecharunt|75/100|[from] Sandstorm
|-damage|p2a: Weezing|24/100 brn|[from] Sandstorm
|-damage|p2a: Weezing|18/100 brn|[from] brn
|upkeep
|turn|15
|
|t:|1758919129
|-end|p2a: Weezing|ability: Neutralizing Gas
|switch|p2a: Slowking|Slowking-Galar, F|100/100
|move|p1a: Pecharunt|Shadow Ball|p2a: Slowking
|-supereffective|p2a: Slowking
|-damage|p2a: Slowking|73/100
|-unboost|p2a: Slowking|spd|1
|
|-weather|none
|upkeep
|turn|16
|
|t:|1758919137
|move|p1a: Pecharunt|Shadow Ball|p2a: Slowking
|-supereffective|p2a: Slowking
|-damage|p2a: Slowking|28/100
|-prepare|p2a: Slowking|Chilly Reception|[premajor]
|move|p2a: Slowking|Chilly Reception|p2a: Slowking
|-weather|Snowscape
|
|t:|1758919140
|switch|p2a: Landorus|Landorus-Therian, M|100/100|[from] Chilly Reception
|-damage|p2a: Landorus|88/100|[from] Stealth Rock
|-ability|p2a: Landorus|Intimidate|boost
|-unboost|p1a: Pecharunt|atk|1
|
|-weather|Snowscape|[upkeep]
|-heal|p2a: Landorus|94/100|[from] item: Leftovers
|upkeep
|turn|17
|inactive|Droid17 has 120 seconds left.
|inactive|Droid17 has 90 seconds left.
|inactive|Droid17 has 60 seconds left.
|
|t:|1758919211
|-terastallize|p1a: Pecharunt|Grass
|move|p2a: Landorus|Substitute|p2a: Landorus
|-start|p2a: Landorus|Substitute
|-damage|p2a: Landorus|69/100
|move|p1a: Pecharunt|Shadow Ball|p2a: Landorus
|-end|p2a: Landorus|Substitute
|
|-weather|Snowscape|[upkeep]
|-heal|p2a: Landorus|75/100|[from] item: Leftovers
|upkeep
|turn|18
|inactive|Droid17 has 60 seconds left.
|inactive|Droid17 has 30 seconds left.
|
|t:|1758919249
|switch|p2a: Darkrai|Darkrai|100/100
|switch|p1a: Tyranitar|Tyranitar, F|29/100
|-weather|Sandstorm|[from] ability: Sand Stream|[of] p1a: Tyranitar
|
|-weather|Sandstorm|[upkeep]
|-damage|p2a: Darkrai|94/100|[from] Sandstorm
|upkeep
|turn|19
|inactive|Droid17 has 30 seconds left.
|inactive|Droid17 has 20 seconds left.
|inactive|Droid17 has 15 seconds left.
|inactive|Droid17 has 10 seconds left.
|
|t:|1758919280
|switch|p1a: Alomomola|Alomomola, F|17/100 brn
|move|p2a: Darkrai|Focus Blast|p1a: Alomomola
|-damage|p1a: Alomomola|0 fnt
|faint|p1a: Alomomola
|
|-weather|Sandstorm|[upkeep]
|-damage|p2a: Darkrai|88/100|[from] Sandstorm
|upkeep
|inactive|Droid17 has 15 seconds left this turn.
|
|t:|1758919283
|switch|p1a: Excadrill|Excadrill, F|100/100
|-item|p1a: Excadrill|Air Balloon
|turn|20
|inactive|Droid17 has 25 seconds left this turn.
|inactive|Droid17 has 20 seconds left.
|
|t:|1758919304
|switch|p2a: Weezing|Weezing-Galar, F|18/100 brn
|-ability|p2a: Weezing|Neutralizing Gas
|-damage|p2a: Weezing|5/100 brn|[from] Stealth Rock
|move|p1a: Excadrill|Earthquake|p2a: Weezing
|-supereffective|p2a: Weezing
|-damage|p2a: Weezing|0 fnt
|faint|p2a: Weezing
|-end|p2a: Weezing|ability: Neutralizing Gas
|
|-weather|Sandstorm|[upkeep]
|upkeep
|
|t:|1758919308
|switch|p2a: Landorus|Landorus-Therian, M|75/100
|-damage|p2a: Landorus|63/100|[from] Stealth Rock
|-ability|p2a: Landorus|Intimidate|boost
|-unboost|p1a: Excadrill|atk|1
|turn|21
|inactive|Droid17 has 30 seconds left.
|inactive|Droid17 has 20 seconds left.
|
|t:|1758919326
|switch|p1a: Pecharunt|Pecharunt, tera:Grass|75/100
|switch|p2a: Slowking|Slowking-Galar, F|61/100
|
|-weather|Sandstorm|[upkeep]
|-damage|p1a: Pecharunt|69/100|[from] Sandstorm
|-damage|p2a: Slowking|55/100|[from] Sandstorm
|upkeep
|turn|22
|inactive|Droid17 has 30 seconds left this turn.
|inactive|Droid17 has 20 seconds left.
|
|t:|1758919336
|move|p1a: Pecharunt|Shadow Ball|p2a: Slowking
|-supereffective|p2a: Slowking
|-damage|p2a: Slowking|24/100
|-prepare|p2a: Slowking|Chilly Reception|[premajor]
|move|p2a: Slowking|Chilly Reception|p2a: Slowking
|-weather|Snowscape
|
|t:|1758919345
|switch|p2a: Scizor|Scizor, F|86/100|[from] Chilly Reception
|-damage|p2a: Scizor|73/100|[from] Stealth Rock
|
|-weather|Snowscape|[upkeep]
|upkeep
|turn|23
|inactive|Droid17 has 30 seconds left.
|
|t:|1758919354
|switch|p1a: Garchomp|Garchomp, M|100/100
|move|p2a: Scizor|U-turn|p1a: Garchomp
|-damage|p1a: Garchomp|62/100
|-activate|p1a: Garchomp|ability: Rough Skin
|-activate|p2a: Scizor|item: Protective Pads
|
|t:|1758919360
|switch|p2a: Darkrai|Darkrai|88/100|[from] U-turn
|
|-weather|Snowscape|[upkeep]
|upkeep
|turn|24
|inactive|Droid17 has 30 seconds left.
|inactive|Droid17 has 20 seconds left.
|inactive|Droid17 has 15 seconds left.
|inactive|Droid17 has 10 seconds left.
|
|t:|1758919396
|switch|p1a: Tyranitar|Tyranitar, F|29/100
|-weather|Sandstorm|[from] ability: Sand Stream|[of] p1a: Tyranitar
|move|p2a: Darkrai|Dark Pulse|p1a: Tyranitar
|-resisted|p1a: Tyranitar
|-damage|p1a: Tyranitar|20/100
|
|-weather|Sandstorm|[upkeep]
|-damage|p2a: Darkrai|82/100|[from] Sandstorm
|upkeep
|turn|25
|inactive|Droid17 has 20 seconds left this turn.
|inactive|Droid17 has 15 seconds left.
|inactive|Droid17 has 10 seconds left.
|inactive|Droid17 has 5 seconds left.
|
|t:|1758919413
|move|p2a: Darkrai|Focus Blast|p1a: Tyranitar|[miss]
|-miss|p2a: Darkrai|p1a: Tyranitar
|move|p1a: Tyranitar|Knock Off|p2a: Darkrai
|-resisted|p2a: Darkrai
|-crit|p2a: Darkrai
|-damage|p2a: Darkrai|40/100
|-enditem|p2a: Darkrai|Heavy-Duty Boots|[from] move: Knock Off|[of] p1a: Tyranitar
|
|-weather|Sandstorm|[upkeep]
|-damage|p2a: Darkrai|34/100|[from] Sandstorm
|upkeep
|turn|26
|inactive|Droid17 has 15 seconds left this turn.
|inactive|Droid17 has 10 seconds left.
|
|t:|1758919419
|move|p2a: Darkrai|Focus Blast|p1a: Tyranitar
|-supereffective|p1a: Tyranitar
|-damage|p1a: Tyranitar|0 fnt
|faint|p1a: Tyranitar
|
|-weather|Sandstorm|[upkeep]
|-damage|p2a: Darkrai|28/100|[from] Sandstorm
|upkeep
|inactive|Droid17 has 15 seconds left this turn.
|
|t:|1758919421
|switch|p1a: Excadrill|Excadrill, F|100/100
|-item|p1a: Excadrill|Air Balloon
|turn|27
|inactive|Droid17 has 25 seconds left this turn.
|inactive|Droid17 has 20 seconds left.
|inactive|Droid17 has 15 seconds left.
|
|t:|1758919451
|switch|p2a: Scizor|Scizor, F|73/100
|-damage|p2a: Scizor|61/100|[from] Stealth Rock
|move|p1a: Excadrill|Earthquake|p2a: Scizor
|-damage|p2a: Scizor|0 fnt
|faint|p2a: Scizor
|
|-weather|Sandstorm|[upkeep]
|upkeep
|
|t:|1758919460
|switch|p2a: Landorus|Landorus-Therian, M|63/100
|-damage|p2a: Landorus|51/100|[from] Stealth Rock
|-ability|p2a: Landorus|Intimidate|boost
|-unboost|p1a: Excadrill|atk|1
|turn|28
|inactive|Droid17 has 30 seconds left this turn.
|
|t:|1758919473
|switch|p2a: Slowking|Slowking-Galar, F|57/100
|move|p1a: Excadrill|Swords Dance|p1a: Excadrill
|-boost|p1a: Excadrill|atk|2
|
|-weather|Sandstorm|[upkeep]
|-damage|p2a: Slowking|51/100|[from] Sandstorm
|upkeep
|turn|29
|inactive|Droid17 has 30 seconds left.
|inactive|avitross has 120 seconds left.
|
|t:|1758919496
|-terastallize|p2a: Slowking|Water
|move|p1a: Excadrill|Rapid Spin|p2a: Slowking
|-damage|p2a: Slowking|20/100
|-boost|p1a: Excadrill|spe|1
|-prepare|p2a: Slowking|Chilly Reception|[premajor]
|move|p2a: Slowking|Chilly Reception|p2a: Slowking
|-weather|Snowscape
|
|t:|1758919505
|switch|p2a: Landorus|Landorus-Therian, M|51/100|[from] Chilly Reception
|-damage|p2a: Landorus|39/100|[from] Stealth Rock
|-ability|p2a: Landorus|Intimidate|boost
|-unboost|p1a: Excadrill|atk|1
|
|-weather|Snowscape|[upkeep]
|-heal|p2a: Landorus|45/100|[from] item: Leftovers
|upkeep
|turn|30
|inactive|avitross has 120 seconds left.
|
|t:|1758919520
|move|p1a: Excadrill|Swords Dance|p1a: Excadrill
|-boost|p1a: Excadrill|atk|2
|move|p2a: Landorus|Tera Blast|p1a: Excadrill
|-resisted|p1a: Excadrill
|-crit|p1a: Excadrill
|-damage|p1a: Excadrill|76/100
|-enditem|p1a: Excadrill|Air Balloon
|
|-weather|Snowscape|[upkeep]
|-heal|p2a: Landorus|51/100|[from] item: Leftovers
|upkeep
|turn|31
|inactive|avitross has 120 seconds left.
|
|t:|1758919533
|switch|p2a: Darkrai|Darkrai|28/100
|-damage|p2a: Darkrai|15/100|[from] Stealth Rock
|move|p1a: Excadrill|Rock Slide|p2a: Darkrai
|-damage|p2a: Darkrai|0 fnt
|faint|p2a: Darkrai
|
|-weather|Snowscape|[upkeep]
|upkeep
|
|t:|1758919537
|switch|p2a: Landorus|Landorus-Therian, M|51/100
|-damage|p2a: Landorus|38/100|[from] Stealth Rock
|-ability|p2a: Landorus|Intimidate|boost
|-unboost|p1a: Excadrill|atk|1
|turn|32
|
|t:|1758919547
|switch|p2a: Lycanroc|Lycanroc-Dusk, F|100/100
|-damage|p2a: Lycanroc|88/100|[from] Stealth Rock
|move|p1a: Excadrill|Rock Slide|p2a: Lycanroc
|-damage|p2a: Lycanroc|13/100
|
|-weather|Snowscape|[upkeep]
|upkeep
|turn|33
|
|t:|1758919555
|switch|p2a: Slowking|Slowking-Galar, F, tera:Water|53/100
|move|p1a: Excadrill|Earthquake|p2a: Slowking
|-damage|p2a: Slowking|0 fnt
|faint|p2a: Slowking
|
|-weather|none
|upkeep
|
|t:|1758919560
|switch|p2a: Landorus|Landorus-Therian, M|38/100
|-damage|p2a: Landorus|26/100|[from] Stealth Rock
|-ability|p2a: Landorus|Intimidate|boost
|-unboost|p1a: Excadrill|atk|1
|turn|34
|
|t:|1758919573
|move|p1a: Excadrill|Rock Slide|p2a: Landorus
|-damage|p2a: Landorus|0 fnt
|faint|p2a: Landorus
|
|upkeep
|-message|avitross forfeited.
|
|win|Droid17
|raw|Droid17's rating: 1361 &rarr; <strong>1385</strong><br />(+24 for winning)
|raw|avitross's rating: 1425 &rarr; <strong>1401</strong><br />(-24 for losing)
|l|☆avitross
|player|p2|
