|badge|p1|bronze|gen9randombattle|100-6
|uhtml|medal-msg|<div class="broadcast-blue">Curious what those medals under the avatar are? PS now has Ladder Seasons! For more information, check out the <a href="https://www.smogon.com/forums/threads/3740067/">thread on Smogon.</a></div>
|badge|p2|bronze|gen9ou|100-6
|html|<div class="broadcast-red"><strong>This battle is required to be public due to one or more player having a season medal.</strong><br />During the public phase, you can discuss the state of the ladder <a href="/seasondiscussion">in a special chatroom.</a></div>
|uhtml|medal-msg|<div class="broadcast-blue">Curious what those medals under the avatar are? PS now has Ladder Seasons! For more information, check out the <a href="https://www.smogon.com/forums/threads/3740067/">thread on Smogon.</a></div>
|j|☆Playing Foul
|j|☆JackRG1
|t:|1759036622
|gametype|singles
|player|p1|Playing Foul|ethan-gen2|1750
|player|p2|JackRG1|dawn-gen4pt|1914
|gen|9
|tier|[Gen 9] OU
|rated|
|rule|HP Percentage Mod: HP is shown in percentages
|rule|Endless Battle Clause: Forcing endless battles is banned
|rule|Species Clause: Limit one of each Pokémon
|rule|OHKO Clause: OHKO moves are banned
|rule|Evasion Items Clause: Evasion items are banned
|rule|Evasion Moves Clause: Evasion moves are banned
|rule|Evasion Abilities Clause: Evasion abilities are banned
|rule|Sleep Moves Clause: Sleep-inducing moves are banned
|clearpoke
|poke|p1|Clefable, F|
|poke|p1|Heatran, M|
|poke|p1|Rillaboom, M|
|poke|p1|Ogerpon-Wellspring, F|
|poke|p1|Zapdos|
|poke|p1|Great Tusk|
|poke|p2|Weezing-Galar, M|
|poke|p2|Ting-Lu|
|poke|p2|Corviknight, M|
|poke|p2|Skeledirge, F|
|poke|p2|Dragapult, M|
|poke|p2|Ogerpon-Wellspring, F|
|teampreview
|inactive|Battle timer is ON: inactive players will automatically lose when time's up. (requested by JackRG1)
|inactive|Playing Foul also wants the timer to be on.
|
|t:|1759036642
|teamsize|p1|6
|teamsize|p2|6
|start
|switch|p1a: Rillaboom|Rillaboom, M|100/100
|switch|p2a: Dragapult|Dragapult, M|100/100
|-fieldstart|move: Grassy Terrain|[from] ability: Grassy Surge|[of] p1a: Rillaboom
|turn|1
|
|t:|1759036650
|switch|p1a: Heatran|Heatran, M, shiny|100/100
|move|p2a: Dragapult|U-turn|p1a: Heatran
|-resisted|p1a: Heatran
|-damage|p1a: Heatran|97/100
|
|t:|1759036653
|switch|p2a: Ting-Lu|Ting-Lu, shiny|100/100|[from] U-turn
|-ability|p2a: Ting-Lu|Vessel of Ruin
|
|-heal|p1a: Heatran|100/100|[from] Grassy Terrain
|upkeep
|turn|2
|
|t:|1759036661
|move|p1a: Heatran|Will-O-Wisp|p2a: Ting-Lu
|-status|p2a: Ting-Lu|brn
|move|p2a: Ting-Lu|Earthquake|p1a: Heatran
|-supereffective|p1a: Heatran
|-damage|p1a: Heatran|72/100
|
|-heal|p1a: Heatran|79/100|[from] Grassy Terrain
|-heal|p1a: Heatran|85/100|[from] item: Leftovers
|-damage|p2a: Ting-Lu|94/100 brn|[from] brn
|upkeep
|turn|3
|
|t:|1759036669
|move|p1a: Heatran|Magma Storm|p2a: Ting-Lu|[miss]
|-miss|p1a: Heatran|p2a: Ting-Lu
|move|p2a: Ting-Lu|Stealth Rock|p1a: Heatran
|-sidestart|p1: Playing Foul|move: Stealth Rock
|
|-heal|p1a: Heatran|91/100|[from] Grassy Terrain
|-heal|p1a: Heatran|97/100|[from] item: Leftovers
|-heal|p2a: Ting-Lu|100/100 brn|[from] Grassy Terrain
|-damage|p2a: Ting-Lu|94/100 brn|[from] brn
|upkeep
|turn|4
|
|t:|1759036676
|switch|p2a: Skeledirge|Skeledirge, F|100/100
|move|p1a: Heatran|Magma Storm|p2a: Skeledirge|[miss]
|-miss|p1a: Heatran|p2a: Skeledirge
|
|-heal|p1a: Heatran|100/100|[from] Grassy Terrain
|upkeep
|turn|5
|
|t:|1759036684
|move|p1a: Heatran|Magma Storm|p2a: Skeledirge
|-resisted|p2a: Skeledirge
|-damage|p2a: Skeledirge|86/100
|-activate|p2a: Skeledirge|move: Magma Storm|[of] p1a: Heatran
|move|p2a: Skeledirge|Earth Power|p1a: Heatran
|-supereffective|p1a: Heatran
|-damage|p1a: Heatran|45/100
|
|-heal|p1a: Heatran|52/100|[from] Grassy Terrain
|-heal|p1a: Heatran|58/100|[from] item: Leftovers
|-heal|p2a: Skeledirge|92/100|[from] Grassy Terrain
|-damage|p2a: Skeledirge|80/100|[from] move: Magma Storm|[partiallytrapped]
|-fieldend|move: Grassy Terrain
|upkeep
|turn|6
|
|t:|1759036692
|move|p1a: Heatran|Protect|p1a: Heatran
|-singleturn|p1a: Heatran|Protect
|move|p2a: Skeledirge|Will-O-Wisp|p1a: Heatran
|-activate|p1a: Heatran|move: Protect
|
|-heal|p1a: Heatran|64/100|[from] item: Leftovers
|-damage|p2a: Skeledirge|67/100|[from] move: Magma Storm|[partiallytrapped]
|upkeep
|turn|7
|
|t:|1759036700
|move|p1a: Heatran|Earth Power|p2a: Skeledirge
|-supereffective|p2a: Skeledirge
|-damage|p2a: Skeledirge|33/100
|move|p2a: Skeledirge|Slack Off|p2a: Skeledirge
|-heal|p2a: Skeledirge|83/100
|
|-heal|p1a: Heatran|70/100|[from] item: Leftovers
|-damage|p2a: Skeledirge|71/100|[from] move: Magma Storm|[partiallytrapped]
|upkeep
|turn|8
|
|t:|1759036705
|switch|p2a: Ogerpon|Ogerpon-Wellspring, F|100/100
|move|p1a: Heatran|Earth Power|p2a: Ogerpon
|-resisted|p2a: Ogerpon
|-damage|p2a: Ogerpon|89/100
|
|-heal|p1a: Heatran|77/100|[from] item: Leftovers
|upkeep
|turn|9
|
|t:|1759036713
|move|p1a: Heatran|Protect|p1a: Heatran
|-singleturn|p1a: Heatran|Protect
|move|p2a: Ogerpon|Spikes|p1a: Heatran
|-sidestart|p1: Playing Foul|Spikes
|
|-heal|p1a: Heatran|83/100|[from] item: Leftovers
|upkeep
|turn|10
|
|t:|1759036720
|-terastallize|p1a: Heatran|Ghost
|move|p2a: Ogerpon|Ivy Cudgel|p1a: Heatran|[anim] Ivy Cudgel Water
|-damage|p1a: Heatran|42/100
|move|p1a: Heatran|Will-O-Wisp|p2a: Ogerpon
|-status|p2a: Ogerpon|brn
|
|-heal|p1a: Heatran|48/100|[from] item: Leftovers
|-damage|p2a: Ogerpon|83/100 brn|[from] brn
|upkeep
|turn|11
|
|t:|1759036727
|move|p2a: Ogerpon|Knock Off|p1a: Heatran
|-supereffective|p1a: Heatran
|-damage|p1a: Heatran|21/100
|-enditem|p1a: Heatran|Leftovers|[from] move: Knock Off|[of] p2a: Ogerpon
|move|p1a: Heatran|Magma Storm|p2a: Ogerpon
|-damage|p2a: Ogerpon|43/100 brn
|-activate|p2a: Ogerpon|move: Magma Storm|[of] p1a: Heatran
|
|-damage|p2a: Ogerpon|37/100 brn|[from] brn
|-damage|p2a: Ogerpon|25/100 brn|[from] move: Magma Storm|[partiallytrapped]
|upkeep
|turn|12
|
|t:|1759036731
|move|p2a: Ogerpon|Spikes|p1a: Heatran
|-sidestart|p1: Playing Foul|Spikes
|move|p1a: Heatran|Earth Power|p2a: Ogerpon
|-resisted|p2a: Ogerpon
|-damage|p2a: Ogerpon|12/100 brn
|
|-damage|p2a: Ogerpon|6/100 brn|[from] brn
|-damage|p2a: Ogerpon|0 fnt|[from] move: Magma Storm|[partiallytrapped]
|faint|p2a: Ogerpon
|upkeep
|
|t:|1759036734
|switch|p2a: Dragapult|Dragapult, M|100/100
|turn|13
|
|t:|1759036741
|move|p1a: Heatran|Protect|p1a: Heatran
|-singleturn|p1a: Heatran|Protect
|move|p2a: Dragapult|Shadow Ball|p1a: Heatran
|-activate|p1a: Heatran|move: Protect
|
|upkeep
|turn|14
|
|t:|1759036749
|move|p1a: Heatran|Protect||[still]
|-fail|p1a: Heatran
|move|p2a: Dragapult|Shadow Ball|p1a: Heatran
|-supereffective|p1a: Heatran
|-damage|p1a: Heatran|0 fnt
|faint|p1a: Heatran
|
|upkeep
|
|t:|1759036757
|switch|p1a: Zapdos|Zapdos, shiny|100/100
|turn|15
|
|t:|1759036765
|move|p2a: Dragapult|Shadow Ball|p1a: Zapdos
|-damage|p1a: Zapdos|46/100
|move|p1a: Zapdos|Volt Switch|p2a: Dragapult
|-resisted|p2a: Dragapult
|-damage|p2a: Dragapult|82/100
|
|t:|1759036773
|switch|p1a: Rillaboom|Rillaboom, M|100/100|[from] Volt Switch
|-damage|p1a: Rillaboom|88/100|[from] Stealth Rock
|-damage|p1a: Rillaboom|72/100|[from] Spikes
|-fieldstart|move: Grassy Terrain|[from] ability: Grassy Surge|[of] p1a: Rillaboom
|
|-heal|p2a: Dragapult|88/100|[from] Grassy Terrain
|-heal|p1a: Rillaboom|78/100|[from] Grassy Terrain
|upkeep
|turn|16
|j| Shucklepilled
|
|t:|1759036780
|switch|p2a: Corviknight|Corviknight, M|100/100
|-ability|p2a: Corviknight|Pressure
|move|p1a: Rillaboom|Grassy Glide|p2a: Corviknight
|-resisted|p2a: Corviknight
|-damage|p2a: Corviknight|91/100
|-damage|p1a: Rillaboom|61/100|[from] item: Rocky Helmet|[of] p2a: Corviknight
|
|-heal|p1a: Rillaboom|67/100|[from] Grassy Terrain
|upkeep
|turn|17
|
|t:|1759036788
|switch|p1a: Clefable|Clefable, F|100/100
|move|p2a: Corviknight|U-turn|p1a: Clefable
|-resisted|p1a: Clefable
|-damage|p1a: Clefable|95/100
|
|t:|1759036792
|switch|p2a: Skeledirge|Skeledirge, F|71/100|[from] U-turn
|
|-heal|p2a: Skeledirge|77/100|[from] Grassy Terrain
|-heal|p1a: Clefable|100/100|[from] Grassy Terrain
|upkeep
|turn|18
|
|t:|1759036796
|switch|p1a: Great Tusk|Great Tusk|100/100
|-damage|p1a: Great Tusk|97/100|[from] Stealth Rock
|-damage|p1a: Great Tusk|81/100|[from] Spikes
|move|p2a: Skeledirge|Torch Song|p1a: Great Tusk
|-damage|p1a: Great Tusk|40/100
|-boost|p2a: Skeledirge|spa|1
|
|-heal|p1a: Great Tusk|46/100|[from] Grassy Terrain
|-heal|p2a: Skeledirge|83/100|[from] Grassy Terrain
|upkeep
|turn|19
|
|t:|1759036800
|move|p1a: Great Tusk|Headlong Rush|p2a: Skeledirge
|-supereffective|p2a: Skeledirge
|-damage|p2a: Skeledirge|0 fnt
|-unboost|p1a: Great Tusk|def|1
|-unboost|p1a: Great Tusk|spd|1
|faint|p2a: Skeledirge
|
|-heal|p1a: Great Tusk|53/100|[from] Grassy Terrain
|-fieldend|move: Grassy Terrain
|upkeep
|
|t:|1759036802
|switch|p2a: Dragapult|Dragapult, M|88/100
|turn|20
|
|t:|1759036809
|move|p2a: Dragapult|Shadow Ball|p1a: Great Tusk
|-damage|p1a: Great Tusk|0 fnt
|faint|p1a: Great Tusk
|-end|p1a: Great Tusk|Protosynthesis|[silent]
|
|upkeep
|
|t:|1759036817
|switch|p1a: Clefable|Clefable, F|100/100
|turn|21
|
|t:|1759036824
|-terastallize|p2a: Dragapult|Ghost
|move|p2a: Dragapult|Shadow Ball|p1a: Clefable
|-damage|p1a: Clefable|33/100
|move|p1a: Clefable|Moonblast|p2a: Dragapult
|-damage|p2a: Dragapult|44/100
|
|-heal|p1a: Clefable|39/100|[from] item: Leftovers
|upkeep
|turn|22
|
|t:|1759036832
|switch|p1a: Zapdos|Zapdos, shiny|46/100
|move|p2a: Dragapult|Shadow Ball|p1a: Zapdos
|-damage|p1a: Zapdos|0 fnt
|faint|p1a: Zapdos
|
|upkeep
|
|t:|1759036839
|switch|p1a: Rillaboom|Rillaboom, M|67/100
|-damage|p1a: Rillaboom|55/100|[from] Stealth Rock
|-damage|p1a: Rillaboom|38/100|[from] Spikes
|-fieldstart|move: Grassy Terrain|[from] ability: Grassy Surge|[of] p1a: Rillaboom
|turn|23
|
|t:|1759036846
|switch|p2a: GAS.|Weezing-Galar, M|100/100
|-ability|p2a: GAS.|Neutralizing Gas
|switch|p1a: Clefable|Clefable, F|39/100
|-damage|p1a: Clefable|27/100|[from] Stealth Rock
|-damage|p1a: Clefable|10/100|[from] Spikes
|
|-heal|p1a: Clefable|16/100|[from] Grassy Terrain
|-heal|p1a: Clefable|22/100|[from] item: Leftovers
|upkeep
|turn|24
|j| Arklock
|
|t:|1759036853
|move|p1a: Clefable|Moonlight|p1a: Clefable
|-heal|p1a: Clefable|72/100
|move|p2a: GAS.|Sludge Bomb|p1a: Clefable
|-supereffective|p1a: Clefable
|-damage|p1a: Clefable|24/100
|
|-heal|p1a: Clefable|30/100|[from] Grassy Terrain
|-heal|p1a: Clefable|36/100|[from] item: Leftovers
|upkeep
|turn|25
|
|t:|1759036862
|move|p1a: Clefable|Moonlight|p1a: Clefable
|-heal|p1a: Clefable|86/100
|move|p2a: GAS.|Sludge Bomb|p1a: Clefable
|-supereffective|p1a: Clefable
|-damage|p1a: Clefable|34/100
|
|-heal|p1a: Clefable|40/100|[from] Grassy Terrain
|-heal|p1a: Clefable|46/100|[from] item: Leftovers
|upkeep
|turn|26
|
|t:|1759036870
|move|p1a: Clefable|Calm Mind|p1a: Clefable
|-boost|p1a: Clefable|spa|1
|-boost|p1a: Clefable|spd|1
|move|p2a: GAS.|Sludge Bomb|p1a: Clefable
|-supereffective|p1a: Clefable
|-damage|p1a: Clefable|14/100
|-status|p1a: Clefable|psn
|
|-heal|p1a: Clefable|20/100 psn|[from] Grassy Terrain
|-heal|p1a: Clefable|26/100 psn|[from] item: Leftovers
|-damage|p1a: Clefable|14/100 psn|[from] psn
|upkeep
|turn|27
|
|t:|1759036878
|move|p1a: Clefable|Moonlight|p1a: Clefable
|-heal|p1a: Clefable|64/100 psn
|move|p2a: GAS.|Sludge Bomb|p1a: Clefable
|-supereffective|p1a: Clefable
|-damage|p1a: Clefable|30/100 psn
|
|-heal|p1a: Clefable|36/100 psn|[from] Grassy Terrain
|-heal|p1a: Clefable|42/100 psn|[from] item: Leftovers
|-damage|p1a: Clefable|30/100 psn|[from] psn
|-fieldend|move: Grassy Terrain
|upkeep
|turn|28
|
|t:|1759036886
|move|p1a: Clefable|Moonlight|p1a: Clefable
|-heal|p1a: Clefable|80/100 psn
|move|p2a: GAS.|Sludge Bomb|p1a: Clefable
|-supereffective|p1a: Clefable
|-damage|p1a: Clefable|48/100 psn
|
|-heal|p1a: Clefable|54/100 psn|[from] item: Leftovers
|-damage|p1a: Clefable|41/100 psn|[from] psn
|upkeep
|turn|29
|
|t:|1759036894
|move|p1a: Clefable|Moonlight|p1a: Clefable
|-heal|p1a: Clefable|91/100 psn
|move|p2a: GAS.|Sludge Bomb|p1a: Clefable
|-supereffective|p1a: Clefable
|-damage|p1a: Clefable|59/100 psn
|
|-heal|p1a: Clefable|65/100 psn|[from] item: Leftovers
|-damage|p1a: Clefable|53/100 psn|[from] psn
|upkeep
|turn|30
|
|t:|1759036902
|move|p1a: Clefable|Moonblast|p2a: GAS.
|-resisted|p2a: GAS.
|-damage|p2a: GAS.|70/100
|-unboost|p2a: GAS.|spa|1
|move|p2a: GAS.|Sludge Bomb|p1a: Clefable
|-supereffective|p1a: Clefable
|-damage|p1a: Clefable|28/100 psn
|
|-heal|p1a: Clefable|34/100 psn|[from] item: Leftovers
|-damage|p1a: Clefable|22/100 psn|[from] psn
|upkeep
|turn|31
|
|t:|1759036911
|move|p1a: Clefable|Moonlight|p1a: Clefable
|-heal|p1a: Clefable|72/100 psn
|move|p2a: GAS.|Sludge Bomb|p1a: Clefable
|-supereffective|p1a: Clefable
|-damage|p1a: Clefable|48/100 psn
|
|-heal|p1a: Clefable|55/100 psn|[from] item: Leftovers
|-damage|p1a: Clefable|42/100 psn|[from] psn
|upkeep
|turn|32
|
|t:|1759036918
|move|p1a: Clefable|Moonblast|p2a: GAS.
|-resisted|p2a: GAS.
|-damage|p2a: GAS.|39/100
|move|p2a: GAS.|Sludge Bomb|p1a: Clefable
|-supereffective|p1a: Clefable
|-damage|p1a: Clefable|20/100 psn
|
|-heal|p1a: Clefable|26/100 psn|[from] item: Leftovers
|-damage|p1a: Clefable|14/100 psn|[from] psn
|upkeep
|turn|33
|
|t:|1759036927
|move|p1a: Clefable|Moonlight|p1a: Clefable
|-heal|p1a: Clefable|64/100 psn
|move|p2a: GAS.|Sludge Bomb|p1a: Clefable
|-supereffective|p1a: Clefable
|-damage|p1a: Clefable|43/100 psn
|
|-heal|p1a: Clefable|49/100 psn|[from] item: Leftovers
|-damage|p1a: Clefable|36/100 psn|[from] psn
|upkeep
|turn|34
|j| catarina valentine
|
|t:|1759036935
|-end|p2a: GAS.|ability: Neutralizing Gas
|switch|p2a: Corviknight|Corviknight, M|91/100
|-ability|p2a: Corviknight|Pressure
|move|p1a: Clefable|Calm Mind|p1a: Clefable
|-boost|p1a: Clefable|spa|1
|-boost|p1a: Clefable|spd|1
|
|-heal|p1a: Clefable|42/100 psn|[from] item: Leftovers
|upkeep
|turn|35
|
|t:|1759036942
|move|p2a: Corviknight|Iron Defense|p2a: Corviknight
|-boost|p2a: Corviknight|def|2
|move|p1a: Clefable|Moonblast|p2a: Corviknight
|-resisted|p2a: Corviknight
|-damage|p2a: Corviknight|56/100
|
|-heal|p1a: Clefable|48/100 psn|[from] item: Leftovers
|upkeep
|turn|36
|
|t:|1759036950
|move|p2a: Corviknight|Body Press|p1a: Clefable
|-resisted|p1a: Clefable
|-damage|p1a: Clefable|27/100 psn
|move|p1a: Clefable|Flamethrower|p2a: Corviknight
|-supereffective|p2a: Corviknight
|-damage|p2a: Corviknight|0 fnt
|faint|p2a: Corviknight
|
|-heal|p1a: Clefable|33/100 psn|[from] item: Leftovers
|upkeep
|
|t:|1759036954
|switch|p2a: Dragapult|Dragapult, M, tera:Ghost|44/100
|turn|37
|
|t:|1759036962
|move|p2a: Dragapult|Hex|p1a: Clefable
|-damage|p1a: Clefable|0 fnt
|faint|p1a: Clefable
|
|upkeep
|
|t:|1759036965
|switch|p1a: Rillaboom|Rillaboom, M|38/100
|-damage|p1a: Rillaboom|26/100|[from] Stealth Rock
|-damage|p1a: Rillaboom|10/100|[from] Spikes
|-fieldstart|move: Grassy Terrain|[from] ability: Grassy Surge|[of] p1a: Rillaboom
|turn|38
|
|t:|1759036969
|switch|p2a: Ting-Lu|Ting-Lu, shiny|94/100 brn
|-ability|p2a: Ting-Lu|Vessel of Ruin
|move|p1a: Rillaboom|Grassy Glide|p2a: Ting-Lu
|-supereffective|p2a: Ting-Lu
|-damage|p2a: Ting-Lu|32/100 brn
|
|-heal|p1a: Rillaboom|16/100|[from] Grassy Terrain
|-heal|p2a: Ting-Lu|39/100 brn|[from] Grassy Terrain
|-heal|p2a: Ting-Lu|45/100 brn|[from] item: Leftovers
|-damage|p2a: Ting-Lu|39/100 brn|[from] brn
|upkeep
|turn|39
|
|t:|1759036976
|move|p1a: Rillaboom|Grassy Glide|p2a: Ting-Lu
|-supereffective|p2a: Ting-Lu
|-damage|p2a: Ting-Lu|0 fnt
|faint|p2a: Ting-Lu
|
|-heal|p1a: Rillaboom|22/100|[from] Grassy Terrain
|upkeep
|
|t:|1759036978
|switch|p2a: GAS.|Weezing-Galar, M|39/100
|-ability|p2a: GAS.|Neutralizing Gas
|turn|40
|
|t:|1759036985
|move|p1a: Rillaboom|Grassy Glide|p2a: GAS.
|-resisted|p2a: GAS.
|-damage|p2a: GAS.|21/100
|move|p2a: GAS.|Sludge Bomb|p1a: Rillaboom
|-supereffective|p1a: Rillaboom
|-damage|p1a: Rillaboom|0 fnt
|faint|p1a: Rillaboom
|
|-heal|p2a: GAS.|27/100|[from] Grassy Terrain
|upkeep
|
|t:|1759036991
|switch|p1a: Ogerpon|Ogerpon-Wellspring, F|100/100
|-damage|p1a: Ogerpon|88/100|[from] Stealth Rock
|-damage|p1a: Ogerpon|72/100|[from] Spikes
|turn|41
|
|t:|1759036997
|move|p1a: Ogerpon|Horn Leech|p2a: GAS.
|-resisted|p2a: GAS.
|-damage|p2a: GAS.|7/100
|-heal|p1a: Ogerpon|83/100|[from] drain|[of] p2a: GAS.
|move|p2a: GAS.|Will-O-Wisp|p1a: Ogerpon
|-status|p1a: Ogerpon|brn
|
|-heal|p1a: Ogerpon|89/100 brn|[from] Grassy Terrain
|-heal|p2a: GAS.|13/100|[from] Grassy Terrain
|-damage|p1a: Ogerpon|83/100 brn|[from] brn
|upkeep
|turn|42
|
|t:|1759037004
|move|p1a: Ogerpon|Play Rough|p2a: GAS.
|-resisted|p2a: GAS.
|-damage|p2a: GAS.|7/100
|move|p2a: GAS.|Sludge Bomb|p1a: Ogerpon
|-supereffective|p1a: Ogerpon
|-damage|p1a: Ogerpon|23/100 brn
|
|-heal|p1a: Ogerpon|29/100 brn|[from] Grassy Terrain
|-heal|p2a: GAS.|13/100|[from] Grassy Terrain
|-damage|p1a: Ogerpon|23/100 brn|[from] brn
|-fieldend|move: Grassy Terrain
|upkeep
|turn|43
|
|t:|1759037008
|move|p1a: Ogerpon|Play Rough|p2a: GAS.|[miss]
|-miss|p1a: Ogerpon|p2a: GAS.
|move|p2a: GAS.|Sludge Bomb|p1a: Ogerpon
|-supereffective|p1a: Ogerpon
|-damage|p1a: Ogerpon|0 fnt
|faint|p1a: Ogerpon
|
|win|JackRG1
|raw|Playing Foul's rating: 1750 &rarr; <strong>1739</strong><br />(-11 for losing)
|raw|JackRG1's rating: 1914 &rarr; <strong>1925</strong><br />(+11 for winning)
|l|☆Playing Foul
|player|p1|
|l|☆JackRG1
|player|p2|
|l| catarina valentine
