|j|☆feng2025
|j|☆Kis Vegallomas
|t:|1758991626
|gametype|singles
|player|p1|feng2025|1|1326
|player|p2|Kis Vegallomas|266|1293
|gen|9
|tier|[Gen 9] OU
|rated|
|rule|HP Percentage Mod: HP is shown in percentages
|rule|Endless Battle Clause: Forcing endless battles is banned
|rule|Species Clause: Limit one of each Pokémon
|rule|OHKO Clause: OHKO moves are banned
|rule|Evasion Items Clause: Evasion items are banned
|rule|Evasion Moves Clause: Evasion moves are banned
|rule|Evasion Abilities Clause: Evasion abilities are banned
|rule|Sleep Moves Clause: Sleep-inducing moves are banned
|clearpoke
|poke|p1|Torkoal, F|
|poke|p1|Walking Wake|
|poke|p1|Arcanine-Hisui, M|
|poke|p1|Lilligant-Hisui, F|
|poke|p1|Corviknight, F|
|poke|p1|Hatterene, F|
|poke|p2|Primeape, F|
|poke|p2|Vaporeon, M|
|poke|p2|Malamar, F|
|poke|p2|Blaziken, F|
|poke|p2|Scizor, F|
|poke|p2|Meowscarada, M|
|teampreview
|inactive|Battle timer is ON: inactive players will automatically lose when time's up. (requested by feng2025)
|
|t:|1758991642
|teamsize|p1|6
|teamsize|p2|6
|start
|switch|p1a: Torkoal|Torkoal, F|100/100
|switch|p2a: Malamar|Malamar, F|100/100
|-weather|SunnyDay|[from] ability: Drought|[of] p1a: Torkoal
|turn|1
|
|t:|1758991654
|move|p2a: Malamar|Switcheroo|p1a: Torkoal
|-activate|p2a: Malamar|move: Trick|[of] p1a: Torkoal
|-item|p1a: Torkoal|Choice Scarf|[from] move: Switcheroo
|-item|p2a: Malamar|Heat Rock|[from] move: Switcheroo
|move|p1a: Torkoal|Stealth Rock|p2a: Malamar
|-sidestart|p2: Kis Vegallomas|move: Stealth Rock
|
|-weather|SunnyDay|[upkeep]
|upkeep
|turn|2
|
|t:|1758991667
|switch|p1a: Hatterene|Hatterene, F|100/100
|move|p2a: Malamar|Superpower|p1a: Hatterene
|-resisted|p1a: Hatterene
|-damage|p1a: Hatterene|92/100
|-boost|p2a: Malamar|atk|1
|-boost|p2a: Malamar|def|1
|-enditem|p1a: Hatterene|Eject Button
|
|t:|1758991676
|switch|p1a: Walking Wake|Walking Wake|100/100
|-activate|p1a: Walking Wake|ability: Protosynthesis
|-start|p1a: Walking Wake|protosynthesisspe
|
|-weather|SunnyDay|[upkeep]
|upkeep
|turn|3
|
|t:|1758991690
|move|p1a: Walking Wake|Hydro Steam|p2a: Malamar
|-damage|p2a: Malamar|0 fnt
|faint|p2a: Malamar
|
|-weather|SunnyDay|[upkeep]
|upkeep
|
|t:|1758991699
|switch|p2a: Vaporeon|Vaporeon, M|100/100
|-damage|p2a: Vaporeon|88/100|[from] Stealth Rock
|turn|4
|
|t:|1758991712
|-end|p1a: Walking Wake|Protosynthesis|[silent]
|switch|p1a: Corviknight|Corviknight, F|100/100
|move|p2a: Vaporeon|Wish|p2a: Vaporeon
|
|-weather|SunnyDay|[upkeep]
|-heal|p2a: Vaporeon|94/100|[from] item: Leftovers
|upkeep
|turn|5
|
|t:|1758991720
|move|p1a: Corviknight|U-turn|p2a: Vaporeon
|-damage|p2a: Vaporeon|84/100
|
|t:|1758991725
|switch|p1a: Hatterene|Hatterene, F|92/100|[from] U-turn
|move|p2a: Vaporeon|Scald|p1a: Hatterene
|-damage|p1a: Hatterene|81/100
|
|-weather|SunnyDay|[upkeep]
|-heal|p2a: Vaporeon|100/100|[from] move: Wish|[wisher] Vaporeon
|upkeep
|turn|6
|
|t:|1758991736
|move|p2a: Vaporeon|Flip Turn|p1a: Hatterene
|-damage|p1a: Hatterene|74/100
|
|t:|1758991738
|switch|p2a: Scizor|Scizor, F|100/100|[from] Flip Turn
|-damage|p2a: Scizor|88/100|[from] Stealth Rock
|move|p1a: Hatterene|Nuzzle|p2a: Scizor
|-damage|p2a: Scizor|84/100
|-status|p2a: Scizor|par
|
|-weather|SunnyDay|[upkeep]
|upkeep
|turn|7
|
|t:|1758991756
|switch|p1a: Corviknight|Corviknight, F|100/100
|move|p2a: Scizor|Bullet Punch|p1a: Corviknight
|-resisted|p1a: Corviknight
|-damage|p1a: Corviknight|88/100
|-damage|p2a: Scizor|68/100 par|[from] item: Rocky Helmet|[of] p1a: Corviknight
|
|-weather|SunnyDay|[upkeep]
|upkeep
|turn|8
|
|t:|1758991768
|move|p1a: Corviknight|U-turn|p2a: Scizor
|-resisted|p2a: Scizor
|-damage|p2a: Scizor|61/100 par
|
|t:|1758991779
|switch|p1a: Hatterene|Hatterene, F|74/100|[from] U-turn
|move|p2a: Scizor|Swords Dance|p2a: Scizor
|-boost|p2a: Scizor|atk|2
|
|-weather|none
|upkeep
|turn|9
|
|t:|1758991788
|switch|p1a: Corviknight|Corviknight, F|88/100
|move|p2a: Scizor|Bullet Punch|p1a: Corviknight
|-resisted|p1a: Corviknight
|-damage|p1a: Corviknight|65/100
|-damage|p2a: Scizor|44/100 par|[from] item: Rocky Helmet|[of] p1a: Corviknight
|
|upkeep
|turn|10
|
|t:|1758991800
|move|p1a: Corviknight|Iron Defense|p1a: Corviknight
|-boost|p1a: Corviknight|def|2
|cant|p2a: Scizor|par
|
|upkeep
|turn|11
|
|t:|1758991806
|move|p1a: Corviknight|Roost|p1a: Corviknight
|-heal|p1a: Corviknight|100/100
|-singleturn|p1a: Corviknight|move: Roost
|cant|p2a: Scizor|par
|
|upkeep
|turn|12
|
|t:|1758991813
|move|p1a: Corviknight|Body Press|p2a: Scizor
|-damage|p2a: Scizor|0 fnt
|faint|p2a: Scizor
|
|upkeep
|
|t:|1758991815
|switch|p2a: Primeape|Primeape, F|100/100
|-damage|p2a: Primeape|95/100|[from] Stealth Rock
|turn|13
|
|t:|1758991822
|-terastallize|p2a: Primeape|Ghost
|move|p2a: Primeape|Bulk Up|p2a: Primeape
|-boost|p2a: Primeape|atk|1
|-boost|p2a: Primeape|def|1
|move|p1a: Corviknight|Body Press|p2a: Primeape
|-immune|p2a: Primeape
|
|upkeep
|turn|14
|
|t:|1758991832
|move|p2a: Primeape|Bulk Up|p2a: Primeape
|-boost|p2a: Primeape|atk|1
|-boost|p2a: Primeape|def|1
|move|p1a: Corviknight|U-turn|p2a: Primeape
|-resisted|p2a: Primeape
|-damage|p2a: Primeape|91/100
|
|t:|1758991841
|switch|p1a: Walking Wake|Walking Wake|100/100|[from] U-turn
|
|upkeep
|turn|15
|
|t:|1758991850
|move|p1a: Walking Wake|Draco Meteor|p2a: Primeape
|-damage|p2a: Primeape|34/100
|-unboost|p1a: Walking Wake|spa|2
|move|p2a: Primeape|Rage Fist|p1a: Walking Wake
|-damage|p1a: Walking Wake|0 fnt
|faint|p1a: Walking Wake
|-end|p1a: Walking Wake|Protosynthesis|[silent]
|
|upkeep
|
|t:|1758991870
|switch|p1a: Torkoal|Torkoal, F|100/100
|-weather|SunnyDay|[from] ability: Drought|[of] p1a: Torkoal
|turn|16
|
|t:|1758991879
|switch|p1a: Corviknight|Corviknight, F|100/100
|move|p2a: Primeape|Drain Punch|p1a: Corviknight
|-damage|p1a: Corviknight|67/100
|-heal|p2a: Primeape|54/100|[from] drain|[of] p1a: Corviknight
|-damage|p2a: Primeape|37/100|[from] item: Rocky Helmet|[of] p1a: Corviknight
|
|-weather|SunnyDay|[upkeep]
|upkeep
|turn|17
|
|t:|1758991895
|move|p2a: Primeape|Rage Fist|p1a: Corviknight
|-damage|p1a: Corviknight|6/100
|-damage|p2a: Primeape|21/100|[from] item: Rocky Helmet|[of] p1a: Corviknight
|move|p1a: Corviknight|U-turn|p2a: Primeape
|-resisted|p2a: Primeape
|-damage|p2a: Primeape|17/100
|
|t:|1758991909
|switch|p1a: Arcanine|Arcanine-Hisui, M|100/100|[from] U-turn
|
|-weather|SunnyDay|[upkeep]
|upkeep
|turn|18
|
|t:|1758991915
|move|p1a: Arcanine|Flare Blitz|p2a: Primeape
|-damage|p2a: Primeape|0 fnt
|faint|p2a: Primeape
|
|-weather|SunnyDay|[upkeep]
|upkeep
|
|t:|1758991918
|switch|p2a: Blaziken|Blaziken, F|100/100
|-damage|p2a: Blaziken|88/100|[from] Stealth Rock
|turn|19
|
|t:|1758991932
|switch|p1a: Corviknight|Corviknight, F|6/100
|move|p2a: Blaziken|Focus Energy|p2a: Blaziken
|-start|p2a: Blaziken|move: Focus Energy
|
|-weather|SunnyDay|[upkeep]
|-ability|p2a: Blaziken|Speed Boost|boost
|-boost|p2a: Blaziken|spe|1
|upkeep
|turn|20
|
|t:|1758991941
|move|p2a: Blaziken|Aura Sphere|p1a: Corviknight
|-crit|p1a: Corviknight
|-damage|p1a: Corviknight|0 fnt
|faint|p1a: Corviknight
|
|-weather|none
|-ability|p2a: Blaziken|Speed Boost|boost
|-boost|p2a: Blaziken|spe|1
|upkeep
|
|t:|1758991961
|switch|p1a: Torkoal|Torkoal, F|100/100
|-weather|SunnyDay|[from] ability: Drought|[of] p1a: Torkoal
|turn|21
|
|t:|1758991979
|move|p2a: Blaziken|Overheat|p1a: Torkoal
|-resisted|p1a: Torkoal
|-crit|p1a: Torkoal
|-damage|p1a: Torkoal|6/100
|-unboost|p2a: Blaziken|spa|2
|move|p1a: Torkoal|Body Press|p2a: Blaziken
|-damage|p2a: Blaziken|40/100
|
|-weather|SunnyDay|[upkeep]
|-ability|p2a: Blaziken|Speed Boost|boost
|-boost|p2a: Blaziken|spe|1
|upkeep
|turn|22
|
|t:|1758991998
|switch|p1a: Hatterene|Hatterene, F|74/100
|move|p2a: Blaziken|Aura Sphere|p1a: Hatterene
|-resisted|p1a: Hatterene
|-crit|p1a: Hatterene
|-damage|p1a: Hatterene|61/100
|
|-weather|SunnyDay|[upkeep]
|-ability|p2a: Blaziken|Speed Boost|boost
|-boost|p2a: Blaziken|spe|1
|upkeep
|turn|23
|
|t:|1758992014
|move|p2a: Blaziken|Overheat|p1a: Hatterene
|-crit|p1a: Hatterene
|-damage|p1a: Hatterene|0 fnt
|-unboost|p2a: Blaziken|spa|2
|faint|p1a: Hatterene
|
|-weather|SunnyDay|[upkeep]
|-ability|p2a: Blaziken|Speed Boost|boost
|-boost|p2a: Blaziken|spe|1
|upkeep
|
|t:|1758992023
|switch|p1a: Arcanine|Arcanine-Hisui, M|100/100
|turn|24
|
|t:|1758992035
|move|p1a: Arcanine|Extreme Speed|p2a: Blaziken
|-damage|p2a: Blaziken|0 fnt
|faint|p2a: Blaziken
|
|-weather|SunnyDay|[upkeep]
|upkeep
|
|t:|1758992045
|switch|p2a: Vaporeon|Vaporeon, M|100/100
|-damage|p2a: Vaporeon|88/100|[from] Stealth Rock
|turn|25
|
|t:|1758992058
|switch|p1a: Torkoal|Torkoal, F|6/100
|move|p2a: Vaporeon|Scald|p1a: Torkoal
|-supereffective|p1a: Torkoal
|-damage|p1a: Torkoal|0 fnt
|faint|p1a: Torkoal
|
|-weather|none
|-heal|p2a: Vaporeon|94/100|[from] item: Leftovers
|upkeep
|
|t:|1758992069
|switch|p1a: Lilligant|Lilligant-Hisui, F|100/100
|turn|26
|
|t:|1758992074
|move|p1a: Lilligant|Victory Dance|p1a: Lilligant
|-boost|p1a: Lilligant|atk|1
|-boost|p1a: Lilligant|def|1
|-boost|p1a: Lilligant|spe|1
|move|p2a: Vaporeon|Scald|p1a: Lilligant
|-resisted|p1a: Lilligant
|-damage|p1a: Lilligant|78/100
|
|-heal|p2a: Vaporeon|100/100|[from] item: Leftovers
|upkeep
|turn|27
|
|t:|1758992084
|move|p1a: Lilligant|Leaf Blade|p2a: Vaporeon
|-supereffective|p2a: Vaporeon
|-crit|p2a: Vaporeon
|-damage|p2a: Vaporeon|0 fnt
|faint|p2a: Vaporeon
|
|upkeep
|
|t:|1758992088
|switch|p2a: Meowscarada|Meowscarada, M|100/100
|-damage|p2a: Meowscarada|88/100|[from] Stealth Rock
|turn|28
|
|t:|1758992106
|-terastallize|p1a: Lilligant|Steel
|move|p1a: Lilligant|Axe Kick|p2a: Meowscarada
|-supereffective|p2a: Meowscarada
|-damage|p2a: Meowscarada|0 fnt
|faint|p2a: Meowscarada
|
|win|feng2025
|raw|feng2025's rating: 1326 &rarr; <strong>1344</strong><br />(+18 for winning)
|raw|Kis Vegallomas's rating: 1293 &rarr; <strong>1270</strong><br />(-23 for losing)
|l|☆feng2025
|player|p1|
|l|☆Kis Vegallomas
|player|p2|
