|j|☆jshahsbshsbsbs
|j|☆r31art
|t:|1759056910
|gametype|singles
|player|p1|jshahsbshsbsbs|hilbert|1112
|player|p2|r31art|2|1089
|gen|9
|tier|[Gen 9] OU
|rated|
|rule|HP Percentage Mod: HP is shown in percentages
|rule|Endless Battle Clause: Forcing endless battles is banned
|rule|Species Clause: Limit one of each Pokémon
|rule|OHKO Clause: OHKO moves are banned
|rule|Evasion Items Clause: Evasion items are banned
|rule|Evasion Moves Clause: Evasion moves are banned
|rule|Evasion Abilities Clause: Evasion abilities are banned
|rule|Sleep Moves Clause: Sleep-inducing moves are banned
|clearpoke
|poke|p1|Greninja-*, M|
|poke|p1|Scizor, M|
|poke|p1|Donphan, M|
|poke|p1|Electivire, M|
|poke|p1|Corviknight, M|
|poke|p1|Armarouge, M|
|poke|p2|Primeape, F|
|poke|p2|Salazzle, F|
|poke|p2|Conkeldurr, F|
|poke|p2|Arcanine-Hisui, F|
|poke|p2|Cryogonal|
|poke|p2|Arboliva, F|
|teampreview
|
|t:|1759056920
|teamsize|p1|6
|teamsize|p2|6
|start
|switch|p1a: Donphan|Donphan, M|100/100
|switch|p2a: Conkeldurr|Conkeldurr, F|100/100
|turn|1
|inactive|Battle timer is ON: inactive players will automatically lose when time's up. (requested by r31art)
|
|t:|1759056934
|move|p2a: Conkeldurr|Bulk Up|p2a: Conkeldurr
|-boost|p2a: Conkeldurr|atk|1
|-boost|p2a: Conkeldurr|def|1
|move|p1a: Donphan|Stealth Rock|p2a: Conkeldurr
|-sidestart|p2: r31art|move: Stealth Rock
|
|upkeep
|turn|2
|
|t:|1759056945
|move|p2a: Conkeldurr|Dynamic Punch|p1a: Donphan|[miss]
|-miss|p2a: Conkeldurr|p1a: Donphan
|-enditem|p2a: Conkeldurr|Blunder Policy
|-boost|p2a: Conkeldurr|spe|2
|move|p1a: Donphan|Earthquake|p2a: Conkeldurr
|-damage|p2a: Conkeldurr|67/100
|
|upkeep
|turn|3
|
|t:|1759056973
|move|p2a: Conkeldurr|Stomping Tantrum|p1a: Donphan
|-damage|p1a: Donphan|47/100
|move|p1a: Donphan|Rapid Spin|p2a: Conkeldurr
|-damage|p2a: Conkeldurr|56/100
|-boost|p1a: Donphan|spe|1
|
|-heal|p1a: Donphan|53/100|[from] item: Leftovers
|upkeep
|turn|4
|
|t:|1759056983
|move|p2a: Conkeldurr|Bulk Up|p2a: Conkeldurr
|-boost|p2a: Conkeldurr|atk|1
|-boost|p2a: Conkeldurr|def|1
|move|p1a: Donphan|Earthquake|p2a: Conkeldurr
|-damage|p2a: Conkeldurr|29/100
|
|-heal|p1a: Donphan|59/100|[from] item: Leftovers
|upkeep
|turn|5
|
|t:|1759056995
|-terastallize|p1a: Donphan|Ice
|move|p1a: Donphan|Ice Shard|p2a: Conkeldurr
|-damage|p2a: Conkeldurr|18/100
|move|p2a: Conkeldurr|Drain Punch|p1a: Donphan
|-supereffective|p1a: Donphan
|-damage|p1a: Donphan|0 fnt
|-heal|p2a: Conkeldurr|45/100|[from] drain|[of] p1a: Donphan
|faint|p1a: Donphan
|
|upkeep
|
|t:|1759057011
|switch|p1a: Scizor|Scizor, M|100/100
|turn|6
|
|t:|1759057017
|move|p2a: Conkeldurr|Drain Punch|p1a: Scizor
|-damage|p1a: Scizor|10/100
|-heal|p2a: Conkeldurr|82/100|[from] drain|[of] p1a: Scizor
|move|p1a: Scizor|X-Scissor|p2a: Conkeldurr
|-resisted|p2a: Conkeldurr
|-damage|p2a: Conkeldurr|67/100
|-damage|p1a: Scizor|0 fnt|[from] item: Life Orb
|faint|p1a: Scizor
|
|upkeep
|
|t:|1759057030
|switch|p1a: Greninja|Greninja, M|100/100
|turn|7
|
|t:|1759057035
|move|p2a: Conkeldurr|Drain Punch|p1a: Greninja
|-supereffective|p1a: Greninja
|-enditem|p1a: Greninja|Focus Sash
|-damage|p1a: Greninja|1/100
|-heal|p2a: Conkeldurr|100/100|[from] drain|[of] p1a: Greninja
|move|p1a: Greninja|Hydro Pump|p2a: Conkeldurr
|-damage|p2a: Conkeldurr|30/100
|
|upkeep
|turn|8
|
|t:|1759057052
|move|p2a: Conkeldurr|Drain Punch|p1a: Greninja
|-supereffective|p1a: Greninja
|-damage|p1a: Greninja|0 fnt
|-heal|p2a: Conkeldurr|30/100|[from] drain|[of] p1a: Greninja
|faint|p1a: Greninja
|
|upkeep
|
|t:|1759057071
|switch|p1a: Electivire|Electivire, M, shiny|100/100
|turn|9
|inactive|r31art has 120 seconds left.
|
|t:|1759057112
|move|p2a: Conkeldurr|Drain Punch|p1a: Electivire
|-crit|p1a: Electivire
|-damage|p1a: Electivire|0 fnt
|-heal|p2a: Conkeldurr|71/100|[from] drain|[of] p1a: Electivire
|faint|p1a: Electivire
|
|upkeep
|
|t:|1759057118
|switch|p1a: Armarouge|Armarouge, M|100/100
|turn|10
|
|t:|1759057127
|move|p2a: Conkeldurr|Stomping Tantrum|p1a: Armarouge
|-supereffective|p1a: Armarouge
|-damage|p1a: Armarouge|0 fnt
|faint|p1a: Armarouge
|
|upkeep
|
|t:|1759057133
|switch|p1a: Corviknight|Corviknight, M|100/100
|-ability|p1a: Corviknight|Pressure
|turn|11
|
|t:|1759057143
|move|p2a: Conkeldurr|Dynamic Punch|p1a: Corviknight
|-damage|p1a: Corviknight|27/100
|-start|p1a: Corviknight|confusion
|-damage|p2a: Conkeldurr|55/100|[from] item: Rocky Helmet|[of] p1a: Corviknight
|-activate|p1a: Corviknight|confusion
|-damage|p1a: Corviknight|23/100|[from] confusion
|
|upkeep
|turn|12
|inactive|r31art has 120 seconds left.
|inactive|r31art has 90 seconds left.
|inactive|r31art has 60 seconds left.
|inactive|r31art has 30 seconds left.
|inactive|r31art has 20 seconds left.
|inactive|r31art has 15 seconds left.
|inactive|r31art has 10 seconds left.
|inactive|r31art has 5 seconds left.
|-message|r31art lost due to inactivity.
|
|win|jshahsbshsbsbs
|raw|jshahsbshsbsbs's rating: 1112 &rarr; <strong>1137</strong><br />(+25 for winning)
|raw|r31art's rating: 1112 &rarr; <strong>1087</strong><br />(-25 for losing)
|l|☆jshahsbshsbsbs
|player|p1|
