|j|☆The Power of Spam
|j|☆LucyLikePizza
|t:|1759013050
|gametype|singles
|player|p1|The Power of Spam|worker|1414
|player|p2|LucyLikePizza|iris-gen5bw2|1450
|gen|9
|tier|[Gen 9] OU
|rated|
|rule|HP Percentage Mod: HP is shown in percentages
|rule|Endless Battle Clause: Forcing endless battles is banned
|rule|Species Clause: Limit one of each Pokémon
|rule|OHKO Clause: OHKO moves are banned
|rule|Evasion Items Clause: Evasion items are banned
|rule|Evasion Moves Clause: Evasion moves are banned
|rule|Evasion Abilities Clause: Evasion abilities are banned
|rule|Sleep Moves Clause: Sleep-inducing moves are banned
|clearpoke
|poke|p1|Landorus-Therian, M|
|poke|p1|Greninja-*, M|
|poke|p1|Tsareena, F|
|poke|p1|Deoxys-Speed|
|poke|p1|Iron Hands|
|poke|p1|Heatran, F|
|poke|p2|Raging Bolt|
|poke|p2|Cinderace, F|
|poke|p2|Iron Moth|
|poke|p2|Great Tusk|
|poke|p2|Gholdengo|
|poke|p2|Dragonite, F|
|teampreview
|
|t:|1759013066
|teamsize|p1|6
|teamsize|p2|6
|start
|switch|p1a: Deoxys|Deoxys-Speed|100/100
|switch|p2a: Raging Bolt|Raging Bolt|100/100
|-ability|p1a: Deoxys|Pressure
|turn|1
|
|t:|1759013074
|move|p1a: Deoxys|Psycho Boost|p2a: Raging Bolt
|-damage|p2a: Raging Bolt|50/100
|-unboost|p1a: Deoxys|spa|2
|-enditem|p1a: Deoxys|Eject Pack
|
|t:|1759013079
|switch|p1a: Iron Hands|Iron Hands|100/100
|move|p2a: Raging Bolt|Thunderbolt|p1a: Iron Hands
|-resisted|p1a: Iron Hands
|-damage|p1a: Iron Hands|84/100
|
|-heal|p2a: Raging Bolt|56/100|[from] item: Leftovers
|upkeep
|turn|2
|
|t:|1759013088
|-end|p2a: Raging Bolt|Protosynthesis|[silent]
|switch|p2a: Great Tusk|Great Tusk|100/100
|move|p1a: Iron Hands|Fake Out|p2a: Great Tusk
|-damage|p2a: Great Tusk|88/100
|-damage|p1a: Iron Hands|68/100|[from] item: Rocky Helmet|[of] p2a: Great Tusk
|
|upkeep
|turn|3
|
|t:|1759013105
|-end|p1a: Iron Hands|Quark Drive|[silent]
|switch|p1a: Tsareena|Tsareena, F, shiny|100/100
|move|p2a: Great Tusk|Stealth Rock|p1a: Tsareena
|-sidestart|p1: The Power of Spam|move: Stealth Rock
|
|upkeep
|turn|4
|
|t:|1759013111
|-end|p2a: Great Tusk|Protosynthesis|[silent]
|switch|p2a: Iron Moth|Iron Moth|100/100
|-enditem|p2a: Iron Moth|Booster Energy
|-activate|p2a: Iron Moth|ability: Quark Drive|[fromitem]
|-start|p2a: Iron Moth|quarkdrivespa
|move|p1a: Tsareena|Knock Off|p2a: Iron Moth
|-damage|p2a: Iron Moth|69/100
|
|upkeep
|turn|5
|
|t:|1759013119
|-end|p2a: Iron Moth|Quark Drive|[silent]
|switch|p2a: Dragonite|Dragonite, F|100/100
|switch|p1a: Heatran|Heatran, F|100/100
|-damage|p1a: Heatran|88/100|[from] Stealth Rock
|
|-heal|p1a: Heatran|94/100|[from] item: Leftovers
|upkeep
|turn|6
|
|t:|1759013128
|move|p2a: Dragonite|Dragon Dance|p2a: Dragonite
|-boost|p2a: Dragonite|atk|1
|-boost|p2a: Dragonite|spe|1
|move|p1a: Heatran|Will-O-Wisp|p2a: Dragonite
|-status|p2a: Dragonite|brn
|
|-heal|p1a: Heatran|100/100|[from] item: Leftovers
|-damage|p2a: Dragonite|94/100 brn|[from] brn
|upkeep
|turn|7
|
|t:|1759013139
|switch|p1a: Tsareena|Tsareena, F, shiny|100/100
|move|p2a: Dragonite|Dragon Dance|p2a: Dragonite
|-boost|p2a: Dragonite|atk|1
|-boost|p2a: Dragonite|spe|1
|
|-damage|p2a: Dragonite|88/100 brn|[from] brn
|upkeep
|turn|8
|
|t:|1759013162
|-terastallize|p2a: Dragonite|Normal
|move|p2a: Dragonite|Dragon Dance|p2a: Dragonite
|-boost|p2a: Dragonite|atk|1
|-boost|p2a: Dragonite|spe|1
|move|p1a: Tsareena|Trop Kick|p2a: Dragonite
|-damage|p2a: Dragonite|56/100 brn
|-unboost|p2a: Dragonite|atk|1
|
|-damage|p2a: Dragonite|49/100 brn|[from] brn
|upkeep
|turn|9
|
|t:|1759013174
|switch|p2a: Iron Moth|Iron Moth|69/100
|move|p1a: Tsareena|Trop Kick|p2a: Iron Moth
|-resisted|p2a: Iron Moth
|-damage|p2a: Iron Moth|57/100
|-unboost|p2a: Iron Moth|atk|1
|
|upkeep
|turn|10
|
|t:|1759013182
|-end|p2a: Iron Moth|Quark Drive|[silent]
|switch|p2a: Raging Bolt|Raging Bolt|56/100
|switch|p1a: Heatran|Heatran, F|100/100
|-damage|p1a: Heatran|88/100|[from] Stealth Rock
|
|-heal|p1a: Heatran|94/100|[from] item: Leftovers
|-heal|p2a: Raging Bolt|62/100|[from] item: Leftovers
|upkeep
|turn|11
|
|t:|1759013191
|move|p1a: Heatran|Earth Power|p2a: Raging Bolt
|-supereffective|p2a: Raging Bolt
|-damage|p2a: Raging Bolt|5/100
|move|p2a: Raging Bolt|Thunderbolt|p1a: Heatran
|-damage|p1a: Heatran|48/100
|
|-heal|p1a: Heatran|54/100|[from] item: Leftovers
|-heal|p2a: Raging Bolt|11/100|[from] item: Leftovers
|upkeep
|turn|12
|
|t:|1759013201
|switch|p1a: Landorus|Landorus-Therian, M|100/100
|-damage|p1a: Landorus|88/100|[from] Stealth Rock
|-ability|p1a: Landorus|Intimidate|boost
|-unboost|p2a: Raging Bolt|atk|1
|move|p2a: Raging Bolt|Thunderclap||[still]
|-fail|p2a: Raging Bolt
|
|-heal|p2a: Raging Bolt|17/100|[from] item: Leftovers
|upkeep
|turn|13
|
|t:|1759013216
|-end|p2a: Raging Bolt|Protosynthesis|[silent]
|switch|p2a: Great Tusk|Great Tusk|88/100
|move|p1a: Landorus|U-turn|p2a: Great Tusk
|-resisted|p2a: Great Tusk
|-damage|p2a: Great Tusk|78/100
|-damage|p1a: Landorus|72/100|[from] item: Rocky Helmet|[of] p2a: Great Tusk
|
|t:|1759013223
|switch|p1a: Tsareena|Tsareena, F, shiny|100/100|[from] U-turn
|
|upkeep
|turn|14
|
|t:|1759013227
|move|p2a: Great Tusk|Ice Spinner|p1a: Tsareena
|-supereffective|p1a: Tsareena
|-damage|p1a: Tsareena|59/100
|move|p1a: Tsareena|Rapid Spin|p2a: Great Tusk
|-damage|p2a: Great Tusk|68/100
|-boost|p1a: Tsareena|spe|1
|-damage|p1a: Tsareena|42/100|[from] item: Rocky Helmet|[of] p2a: Great Tusk
|-sideend|p1: The Power of Spam|Stealth Rock|[from] move: Rapid Spin|[of] p1a: Tsareena
|
|upkeep
|turn|15
|
|t:|1759013238
|-end|p2a: Great Tusk|Protosynthesis|[silent]
|switch|p2a: Dragonite|Dragonite, F, tera:Normal|49/100 brn
|switch|p1a: Greninja|Greninja, M|100/100
|
|-damage|p2a: Dragonite|43/100 brn|[from] brn
|upkeep
|turn|16
|
|t:|1759013247
|move|p2a: Dragonite|Extreme Speed|p1a: Greninja
|-damage|p1a: Greninja|64/100
|move|p1a: Greninja|Water Shuriken|p2a: Dragonite
|-damage|p2a: Dragonite|36/100 brn
|-damage|p2a: Dragonite|30/100 brn
|-damage|p2a: Dragonite|22/100 brn
|-damage|p2a: Dragonite|15/100 brn
|-hitcount|p2a: Dragonite|4
|
|-damage|p2a: Dragonite|9/100 brn|[from] brn
|upkeep
|turn|17
|
|t:|1759013262
|move|p2a: Dragonite|Extreme Speed|p1a: Greninja
|-damage|p1a: Greninja|24/100
|move|p1a: Greninja|Water Shuriken|p2a: Dragonite
|-damage|p2a: Dragonite|2/100 brn
|-damage|p2a: Dragonite|0 fnt
|faint|p2a: Dragonite
|-ability|p1a: Greninja|Battle Bond|boost
|-boost|p1a: Greninja|atk|1
|-boost|p1a: Greninja|spa|1
|-boost|p1a: Greninja|spe|1
|-activate|p1a: Greninja|ability: Battle Bond
|-hitcount|p2: Dragonite|2
|
|upkeep
|
|t:|1759013269
|switch|p2a: Raging Bolt|Raging Bolt|17/100
|turn|18
|
|t:|1759013277
|-terastallize|p1a: Greninja|Water
|move|p1a: Greninja|Water Shuriken|p2a: Raging Bolt
|-resisted|p2a: Raging Bolt
|-damage|p2a: Raging Bolt|12/100
|-resisted|p2a: Raging Bolt
|-crit|p2a: Raging Bolt
|-damage|p2a: Raging Bolt|4/100
|-resisted|p2a: Raging Bolt
|-damage|p2a: Raging Bolt|0 fnt
|faint|p2a: Raging Bolt
|-end|p2a: Raging Bolt|Protosynthesis|[silent]
|-hitcount|p2: Raging Bolt|3
|
|upkeep
|
|t:|1759013294
|switch|p2a: Gholdengo|Gholdengo|100/100
|-item|p2a: Gholdengo|Air Balloon
|turn|19
|
|t:|1759013298
|move|p1a: Greninja|Dark Pulse|p2a: Gholdengo
|-supereffective|p2a: Gholdengo
|-damage|p2a: Gholdengo|0 fnt
|-enditem|p2a: Gholdengo|Air Balloon
|faint|p2a: Gholdengo
|
|upkeep
|-message|LucyLikePizza forfeited.
|
|win|The Power of Spam
|raw|The Power of Spam's rating: 1414 &rarr; <strong>1436</strong><br />(+22 for winning)
|raw|LucyLikePizza's rating: 1450 &rarr; <strong>1428</strong><br />(-22 for losing)
|l|☆LucyLikePizza
|player|p2|
|l|☆The Power of Spam
|player|p1|
