|j|☆capitolg
|j|☆PappaBarry
|t:|1758968481
|gametype|singles
|player|p1|capitolg|bellelba|1099
|player|p2|PappaBarry|2|1106
|gen|9
|tier|[Gen 9] OU
|rated|
|rule|HP Percentage Mod: HP is shown in percentages
|rule|Endless Battle Clause: Forcing endless battles is banned
|rule|Species Clause: Limit one of each Pokémon
|rule|OHKO Clause: OHKO moves are banned
|rule|Evasion Items Clause: Evasion items are banned
|rule|Evasion Moves Clause: Evasion moves are banned
|rule|Evasion Abilities Clause: Evasion abilities are banned
|rule|Sleep Moves Clause: Sleep-inducing moves are banned
|clearpoke
|poke|p1|Masquerain, M|
|poke|p1|Articuno-Galar|
|poke|p1|Smeargle, M|
|poke|p1|Empoleon, M|
|poke|p1|Passimian, F|
|poke|p1|Chandelure, F|
|poke|p2|Glimmora, M|
|poke|p2|Garganacl, F|
|poke|p2|Kingambit, F|
|poke|p2|Skeledirge, M|
|poke|p2|Ribombee, F|
|poke|p2|Conkeldurr, F|
|teampreview
|
|t:|1758968489
|teamsize|p1|6
|teamsize|p2|6
|start
|switch|p1a: Masquerain|Masquerain, M|100/100
|switch|p2a: Ribombee|Ribombee, F|100/100
|-ability|p1a: Masquerain|Intimidate|boost
|-unboost|p2a: Ribombee|atk|1
|turn|1
|
|t:|1758968497
|move|p2a: Ribombee|Sticky Web|p1a: Masquerain
|-sidestart|p1: capitolg|move: Sticky Web
|move|p1a: Masquerain|Whirlwind|p2a: Ribombee
|drag|p2a: Skeledirge|Skeledirge, M|100/100
|
|upkeep
|turn|2
|
|t:|1758968506
|move|p2a: Skeledirge|Torch Song|p1a: Masquerain
|-supereffective|p1a: Masquerain
|-crit|p1a: Masquerain
|-damage|p1a: Masquerain|5/100
|-boost|p2a: Skeledirge|spa|1
|move|p1a: Masquerain|Whirlwind|p2a: Skeledirge
|drag|p2a: Glimmora|Glimmora, M|100/100
|
|upkeep
|turn|3
|
|t:|1758968523
|move|p2a: Glimmora|Stealth Rock|p1a: Masquerain
|-sidestart|p1: capitolg|move: Stealth Rock
|move|p1a: Masquerain|Bug Buzz|p2a: Glimmora
|-resisted|p2a: Glimmora
|-damage|p2a: Glimmora|70/100
|-enditem|p2a: Glimmora|Red Card|[of] p1a: Masquerain
|drag|p1a: Articuno|Articuno-Galar|100/100
|-activate|p1a: Articuno|move: Sticky Web
|-unboost|p1a: Articuno|spe|1
|-ability|p1a: Articuno|Competitive|boost
|-boost|p1a: Articuno|spa|2
|-damage|p1a: Articuno|76/100|[from] Stealth Rock
|
|upkeep
|turn|4
|
|t:|1758968536
|move|p2a: Glimmora|Mortal Spin|p1a: Articuno
|-damage|p1a: Articuno|69/100
|-status|p1a: Articuno|psn
|move|p1a: Articuno|Trick Room|p1a: Articuno
|-fieldstart|move: Trick Room|[of] p1a: Articuno
|
|-damage|p1a: Articuno|57/100 psn|[from] psn
|upkeep
|turn|5
|
|t:|1758968547
|move|p1a: Articuno|Freezing Glare|p2a: Glimmora
|-supereffective|p2a: Glimmora
|-damage|p2a: Glimmora|0 fnt
|faint|p2a: Glimmora
|
|-damage|p1a: Articuno|45/100 psn|[from] psn
|upkeep
|
|t:|1758968593
|switch|p2a: Skeledirge|Skeledirge, M|100/100
|turn|6
|
|t:|1758968600
|move|p1a: Articuno|Shadow Ball|p2a: Skeledirge
|-supereffective|p2a: Skeledirge
|-damage|p2a: Skeledirge|52/100
|-unboost|p2a: Skeledirge|spd|1
|move|p2a: Skeledirge|Hex|p1a: Articuno
|-supereffective|p1a: Articuno
|-damage|p1a: Articuno|0 fnt
|faint|p1a: Articuno
|
|upkeep
|
|t:|1758968614
|switch|p1a: Chandelure|Chandelure, F|100/100
|-activate|p1a: Chandelure|move: Sticky Web
|-unboost|p1a: Chandelure|spe|1
|-damage|p1a: Chandelure|76/100|[from] Stealth Rock
|turn|7
|
|t:|1758968634
|-terastallize|p2a: Skeledirge|Fairy
|move|p1a: Chandelure|Shadow Ball|p2a: Skeledirge
|-damage|p2a: Skeledirge|0 fnt
|faint|p2a: Skeledirge
|
|upkeep
|
|t:|1758968656
|switch|p2a: Garganacl|Garganacl, F|100/100
|turn|8
|
|t:|1758968661
|move|p2a: Garganacl|Salt Cure|p1a: Chandelure
|-supereffective|p1a: Chandelure
|-damage|p1a: Chandelure|42/100
|-start|p1a: Chandelure|Salt Cure
|move|p1a: Chandelure|Shadow Ball|p2a: Garganacl
|-damage|p2a: Garganacl|84/100
|
|-heal|p2a: Garganacl|90/100|[from] item: Leftovers
|-damage|p1a: Chandelure|30/100|[from] Salt Cure
|-fieldend|move: Trick Room
|upkeep
|turn|9
|
|t:|1758968700
|move|p2a: Garganacl|Recover|p2a: Garganacl
|-heal|p2a: Garganacl|100/100
|move|p1a: Chandelure|Trick Room|p1a: Chandelure
|-fieldstart|move: Trick Room|[of] p1a: Chandelure
|
|-damage|p1a: Chandelure|18/100|[from] Salt Cure
|upkeep
|turn|10
|
|t:|1758968708
|move|p2a: Garganacl|Earthquake|p1a: Chandelure
|-supereffective|p1a: Chandelure
|-damage|p1a: Chandelure|0 fnt
|faint|p1a: Chandelure
|
|upkeep
|
|t:|1758968711
|switch|p1a: Empoleon|Empoleon, M|100/100
|-activate|p1a: Empoleon|move: Sticky Web
|-unboost|p1a: Empoleon|spe|1
|-ability|p1a: Empoleon|Competitive|boost
|-boost|p1a: Empoleon|spa|2
|-damage|p1a: Empoleon|94/100|[from] Stealth Rock
|turn|11
|
|t:|1758968718
|move|p1a: Empoleon|Surf|p2a: Garganacl
|-supereffective|p2a: Garganacl
|-damage|p2a: Garganacl|0 fnt
|faint|p2a: Garganacl
|
|upkeep
|
|t:|1758968737
|switch|p2a: Conkeldurr|Conkeldurr, F|100/100
|turn|12
|
|t:|1758968753
|move|p1a: Empoleon|Surf|p2a: Conkeldurr
|-damage|p2a: Conkeldurr|0 fnt
|faint|p2a: Conkeldurr
|
|upkeep
|
|t:|1758968765
|switch|p2a: Ribombee|Ribombee, F|100/100
|turn|13
|
|t:|1758968769
|move|p1a: Empoleon|Surf|p2a: Ribombee
|-enditem|p2a: Ribombee|Focus Sash
|-damage|p2a: Ribombee|1/100
|move|p2a: Ribombee|Stun Spore|p1a: Empoleon|[miss]
|-miss|p2a: Ribombee|p1a: Empoleon
|
|-fieldend|move: Trick Room
|upkeep
|turn|14
|
|t:|1758968776
|move|p1a: Empoleon|Vacuum Wave|p2a: Ribombee
|-resisted|p2a: Ribombee
|-damage|p2a: Ribombee|0 fnt
|faint|p2a: Ribombee
|
|upkeep
|
|t:|1758968781
|switch|p2a: Kingambit|Kingambit, F|100/100
|-activate|p2a: Kingambit|ability: Supreme Overlord
|-start|p2a: Kingambit|fallen5|[silent]
|turn|15
|
|t:|1758968794
|move|p2a: Kingambit|Sucker Punch|p1a: Empoleon
|-damage|p1a: Empoleon|32/100
|move|p1a: Empoleon|Surf|p2a: Kingambit
|-damage|p2a: Kingambit|0 fnt
|faint|p2a: Kingambit
|-end|p2a: Kingambit|fallen5|[silent]
|
|win|capitolg
|raw|capitolg's rating: 1076 &rarr; <strong>1107</strong><br />(+31 for winning)
|raw|PappaBarry's rating: 1106 &rarr; <strong>1079</strong><br />(-27 for losing)
|l|☆capitolg
|player|p1|
|l|☆PappaBarry
|player|p2|
