|j|☆kemious
|j|☆Partynparadise
|t:|1759003470
|gametype|singles
|player|p1|kemious|1|1485
|player|p2|Partynparadise|brock|1544
|gen|9
|tier|[Gen 9] OU
|rated|
|rule|HP Percentage Mod: HP is shown in percentages
|rule|Endless Battle Clause: Forcing endless battles is banned
|rule|Species Clause: Limit one of each Pokémon
|rule|OHKO Clause: OHKO moves are banned
|rule|Evasion Items Clause: Evasion items are banned
|rule|Evasion Moves Clause: Evasion moves are banned
|rule|Evasion Abilities Clause: Evasion abilities are banned
|rule|Sleep Moves Clause: Sleep-inducing moves are banned
|clearpoke
|poke|p1|Chesnaught, M|
|poke|p1|Gastrodon, F|
|poke|p1|Kilowattrel, F|
|poke|p1|Glimmora, F|
|poke|p1|Ceruledge, M|
|poke|p1|Goodra-Hisui, F|
|poke|p2|Great Tusk|
|poke|p2|Kyurem|
|poke|p2|Slowking-Galar, F|
|poke|p2|Moltres|
|poke|p2|Iron Valiant|
|poke|p2|Ogerpon-Wellspring, F|
|teampreview
|inactive|Battle timer is ON: inactive players will automatically lose when time's up. (requested by Partynparadise)
|inactive|kemious has 120 seconds left.
|
|t:|1759003505
|teamsize|p1|6
|teamsize|p2|6
|start
|switch|p1a: Kilowattrel|Kilowattrel, F, shiny|100/100
|switch|p2a: Slowking|Slowking-Galar, F|100/100
|turn|1
|l|☆Partynparadise
|inactive|Partynparadise disconnected and has a minute to reconnect!
|player|p2|
|j|☆Partynparadise
|inactive|Partynparadise reconnected and has 140 seconds left.
|player|p2|Partynparadise|brock|
|
|t:|1759003521
|move|p1a: Kilowattrel|Thunder Wave|p2a: Slowking
|-status|p2a: Slowking|par
|move|p2a: Slowking|Ice Beam|p1a: Kilowattrel
|-supereffective|p1a: Kilowattrel
|-damage|p1a: Kilowattrel|17/100
|
|upkeep
|turn|2
|inactive|kemious has 120 seconds left.
|
|t:|1759003561
|move|p1a: Kilowattrel|Volt Switch|p2a: Slowking
|-damage|p2a: Slowking|83/100 par
|
|t:|1759003565
|switch|p1a: Ceruledge|Ceruledge, M|100/100|[from] Volt Switch
|move|p2a: Slowking|Future Sight|p1a: Ceruledge
|-start|p2a: Slowking|move: Future Sight
|
|upkeep
|turn|3
|
|t:|1759003573
|move|p1a: Ceruledge|Poltergeist|p2a: Slowking
|-activate|p2a: Slowking|move: Poltergeist|Heavy-Duty Boots
|-supereffective|p2a: Slowking
|-damage|p2a: Slowking|0 fnt
|faint|p2a: Slowking
|
|upkeep
|
|t:|1759003580
|switch|p2a: Kyurem|Kyurem, shiny|100/100
|-ability|p2a: Kyurem|Pressure
|turn|4
|
|t:|1759003583
|switch|p1a: Goodra|Goodra-Hisui, F|100/100
|move|p2a: Kyurem|Substitute|p2a: Kyurem
|-start|p2a: Kyurem|Substitute
|-damage|p2a: Kyurem|76/100
|
|-end|p1a: Goodra|move: Future Sight
|-resisted|p1a: Goodra
|-damage|p1a: Goodra|91/100
|-heal|p2a: Kyurem|82/100|[from] item: Leftovers
|upkeep
|turn|5
|
|t:|1759003588
|-terastallize|p2a: Kyurem|Ground
|move|p2a: Kyurem|Earth Power|p1a: Goodra
|-supereffective|p1a: Goodra
|-damage|p1a: Goodra|47/100
|move|p1a: Goodra|Flash Cannon|p2a: Kyurem
|-end|p2a: Kyurem|Substitute
|
|-heal|p2a: Kyurem|88/100|[from] item: Leftovers
|upkeep
|turn|6
|
|t:|1759003598
|move|p2a: Kyurem|Substitute|p2a: Kyurem
|-start|p2a: Kyurem|Substitute
|-damage|p2a: Kyurem|63/100
|move|p1a: Goodra|Ice Beam|p2a: Kyurem
|-supereffective|p2a: Kyurem
|-end|p2a: Kyurem|Substitute
|
|-heal|p2a: Kyurem|69/100|[from] item: Leftovers
|upkeep
|turn|7
|
|t:|1759003601
|move|p2a: Kyurem|Earth Power|p1a: Goodra
|-supereffective|p1a: Goodra
|-damage|p1a: Goodra|5/100
|move|p1a: Goodra|Ice Beam|p2a: Kyurem
|-supereffective|p2a: Kyurem
|-crit|p2a: Kyurem
|-damage|p2a: Kyurem|2/100
|
|-heal|p2a: Kyurem|8/100|[from] item: Leftovers
|upkeep
|turn|8
|
|t:|1759003609
|move|p2a: Kyurem|Freeze-Dry|p1a: Goodra
|-damage|p1a: Goodra|0 fnt
|faint|p1a: Goodra
|
|-heal|p2a: Kyurem|15/100|[from] item: Leftovers
|upkeep
|
|t:|1759003613
|switch|p1a: Kilowattrel|Kilowattrel, F, shiny|17/100
|turn|9
|
|t:|1759003623
|move|p2a: Kyurem|Protect|p2a: Kyurem
|-singleturn|p2a: Kyurem|Protect
|move|p1a: Kilowattrel|Air Slash|p2a: Kyurem
|-activate|p2a: Kyurem|move: Protect
|
|-heal|p2a: Kyurem|21/100|[from] item: Leftovers
|upkeep
|turn|10
|
|t:|1759003630
|move|p1a: Kilowattrel|Air Slash|p2a: Kyurem
|-damage|p2a: Kyurem|0 fnt
|faint|p2a: Kyurem
|
|upkeep
|
|t:|1759003633
|switch|p2a: Iron Valiant|Iron Valiant|100/100
|-enditem|p2a: Iron Valiant|Booster Energy
|-activate|p2a: Iron Valiant|ability: Quark Drive|[fromitem]
|-start|p2a: Iron Valiant|quarkdrivespe
|turn|11
|
|t:|1759003643
|switch|p1a: Glimmora|Glimmora, F|100/100
|move|p2a: Iron Valiant|Moonblast|p1a: Glimmora
|-resisted|p1a: Glimmora
|-damage|p1a: Glimmora|74/100
|-enditem|p1a: Glimmora|Red Card|[of] p2a: Iron Valiant
|-end|p2a: Iron Valiant|Quark Drive|[silent]
|drag|p2a: Moltres|Moltres|100/100
|
|upkeep
|turn|12
|
|t:|1759003651
|move|p1a: Glimmora|Mortal Spin|p2a: Moltres
|-damage|p2a: Moltres|96/100
|-status|p2a: Moltres|psn
|move|p2a: Moltres|Scorching Sands|p1a: Glimmora
|-supereffective|p1a: Glimmora
|-damage|p1a: Glimmora|0 fnt
|faint|p1a: Glimmora
|
|-damage|p2a: Moltres|84/100 psn|[from] psn
|upkeep
|
|t:|1759003658
|switch|p1a: Gastrodon|Gastrodon, F|100/100
|turn|13
|
|t:|1759003664
|move|p2a: Moltres|U-turn|p1a: Gastrodon
|-damage|p1a: Gastrodon|84/100
|
|t:|1759003668
|switch|p2a: Ogerpon|Ogerpon-Wellspring, F|100/100|[from] U-turn
|move|p1a: Gastrodon|Ice Beam|p2a: Ogerpon
|-damage|p2a: Ogerpon|77/100
|
|-heal|p1a: Gastrodon|90/100|[from] item: Leftovers
|upkeep
|turn|14
|
|t:|1759003683
|switch|p1a: Chesnaught|Chesnaught, M|100/100
|move|p2a: Ogerpon|Knock Off|p1a: Chesnaught
|-resisted|p1a: Chesnaught
|-damage|p1a: Chesnaught|89/100
|-enditem|p1a: Chesnaught|Leftovers|[from] move: Knock Off|[of] p2a: Ogerpon
|
|upkeep
|turn|15
|
|t:|1759003691
|move|p2a: Ogerpon|U-turn|p1a: Chesnaught
|-damage|p1a: Chesnaught|71/100
|
|t:|1759003693
|switch|p2a: Moltres|Moltres|84/100 psn|[from] U-turn
|move|p1a: Chesnaught|Leech Seed|p2a: Moltres|[miss]
|-miss|p1a: Chesnaught|p2a: Moltres
|
|-damage|p2a: Moltres|71/100 psn|[from] psn
|upkeep
|turn|16
|
|t:|1759003698
|switch|p1a: Ceruledge|Ceruledge, M|100/100
|move|p2a: Moltres|Flamethrower|p1a: Ceruledge
|-start|p1a: Ceruledge|ability: Flash Fire
|
|-damage|p2a: Moltres|59/100 psn|[from] psn
|upkeep
|turn|17
|
|t:|1759003708
|-end|p1a: Ceruledge|ability: Flash Fire|[silent]
|switch|p1a: Kilowattrel|Kilowattrel, F, shiny|17/100
|move|p2a: Moltres|U-turn|p1a: Kilowattrel
|-resisted|p1a: Kilowattrel
|-damage|p1a: Kilowattrel|3/100
|
|t:|1759003711
|switch|p2a: Iron Valiant|Iron Valiant|100/100|[from] U-turn
|
|upkeep
|turn|18
|
|t:|1759003715
|move|p1a: Kilowattrel|Air Slash|p2a: Iron Valiant
|-supereffective|p2a: Iron Valiant
|-damage|p2a: Iron Valiant|0 fnt
|faint|p2a: Iron Valiant
|-end|p2a: Iron Valiant|Quark Drive|[silent]
|
|upkeep
|
|t:|1759003718
|switch|p2a: Ogerpon|Ogerpon-Wellspring, F|77/100
|turn|19
|
|t:|1759003730
|move|p1a: Kilowattrel|Volt Switch|p2a: Ogerpon
|-damage|p2a: Ogerpon|38/100
|
|t:|1759003732
|switch|p1a: Chesnaught|Chesnaught, M|71/100|[from] Volt Switch
|move|p2a: Ogerpon|U-turn|p1a: Chesnaught
|-damage|p1a: Chesnaught|54/100
|
|t:|1759003736
|switch|p2a: Moltres|Moltres|59/100 psn|[from] U-turn
|
|-damage|p2a: Moltres|47/100 psn|[from] psn
|upkeep
|turn|20
|
|t:|1759003743
|switch|p1a: Gastrodon|Gastrodon, F|90/100
|move|p2a: Moltres|Roost|p2a: Moltres
|-heal|p2a: Moltres|97/100 psn
|-singleturn|p2a: Moltres|move: Roost
|
|-heal|p1a: Gastrodon|96/100|[from] item: Leftovers
|-damage|p2a: Moltres|85/100 psn|[from] psn
|upkeep
|turn|21
|
|t:|1759003752
|move|p2a: Moltres|Scorching Sands|p1a: Gastrodon
|-damage|p1a: Gastrodon|83/100
|move|p1a: Gastrodon|Ice Beam|p2a: Moltres
|-damage|p2a: Moltres|63/100 psn
|
|-heal|p1a: Gastrodon|89/100|[from] item: Leftovers
|-damage|p2a: Moltres|51/100 psn|[from] psn
|upkeep
|turn|22
|inactive|kemious has 120 seconds left.
|
|t:|1759003784
|move|p2a: Moltres|Flamethrower|p1a: Gastrodon
|-resisted|p1a: Gastrodon
|-damage|p1a: Gastrodon|76/100
|move|p1a: Gastrodon|Spikes|p2a: Moltres
|-sidestart|p2: Partynparadise|Spikes
|
|-heal|p1a: Gastrodon|82/100|[from] item: Leftovers
|-damage|p2a: Moltres|38/100 psn|[from] psn
|upkeep
|turn|23
|
|t:|1759003790
|switch|p2a: Ogerpon|Ogerpon-Wellspring, F|38/100
|-damage|p2a: Ogerpon|25/100|[from] Spikes
|move|p1a: Gastrodon|Earth Power|p2a: Ogerpon
|-resisted|p2a: Ogerpon
|-damage|p2a: Ogerpon|6/100
|
|-heal|p1a: Gastrodon|88/100|[from] item: Leftovers
|upkeep
|turn|24
|
|t:|1759003799
|switch|p1a: Kilowattrel|Kilowattrel, F, shiny|3/100
|move|p2a: Ogerpon|Ivy Cudgel|p1a: Kilowattrel|[anim] Ivy Cudgel Water
|-damage|p1a: Kilowattrel|0 fnt
|faint|p1a: Kilowattrel
|
|upkeep
|
|t:|1759003804
|switch|p1a: Ceruledge|Ceruledge, M|100/100
|turn|25
|
|t:|1759003807
|switch|p2a: Great Tusk|Great Tusk|100/100
|-damage|p2a: Great Tusk|88/100|[from] Spikes
|move|p1a: Ceruledge|Shadow Sneak|p2a: Great Tusk
|-damage|p2a: Great Tusk|76/100
|-damage|p1a: Ceruledge|84/100|[from] item: Rocky Helmet|[of] p2a: Great Tusk
|
|upkeep
|turn|26
|
|t:|1759003813
|switch|p1a: Chesnaught|Chesnaught, M|54/100
|move|p2a: Great Tusk|Stealth Rock|p1a: Chesnaught
|-sidestart|p1: kemious|move: Stealth Rock
|
|upkeep
|turn|27
|
|t:|1759003816
|-end|p2a: Great Tusk|Protosynthesis|[silent]
|switch|p2a: Moltres|Moltres|38/100 psn
|move|p1a: Chesnaught|Leech Seed|p2a: Moltres
|-start|p2a: Moltres|move: Leech Seed
|
|-damage|p2a: Moltres|26/100 psn|[from] Leech Seed|[of] p1a: Chesnaught
|-heal|p1a: Chesnaught|68/100|[silent]
|-damage|p2a: Moltres|14/100 psn|[from] psn
|upkeep
|turn|28
|
|t:|1759003825
|switch|p1a: Gastrodon|Gastrodon, F|88/100
|-damage|p1a: Gastrodon|82/100|[from] Stealth Rock
|move|p2a: Moltres|Roost|p2a: Moltres
|-heal|p2a: Moltres|64/100 psn
|-singleturn|p2a: Moltres|move: Roost
|
|-heal|p1a: Gastrodon|88/100|[from] item: Leftovers
|-damage|p2a: Moltres|52/100 psn|[from] Leech Seed|[of] p1a: Gastrodon
|-heal|p1a: Gastrodon|99/100|[silent]
|-damage|p2a: Moltres|39/100 psn|[from] psn
|upkeep
|turn|29
|
|t:|1759003837
|move|p2a: Moltres|Roost|p2a: Moltres
|-heal|p2a: Moltres|90/100 psn
|-singleturn|p2a: Moltres|move: Roost
|move|p1a: Gastrodon|Surf|p2a: Moltres
|-supereffective|p2a: Moltres
|-crit|p2a: Moltres
|-damage|p2a: Moltres|0 fnt
|faint|p2a: Moltres
|
|-heal|p1a: Gastrodon|100/100|[from] item: Leftovers
|upkeep
|
|t:|1759003842
|switch|p2a: Great Tusk|Great Tusk|76/100
|-damage|p2a: Great Tusk|63/100|[from] Spikes
|turn|30
|
|t:|1759003849
|move|p2a: Great Tusk|Rapid Spin|p1a: Gastrodon
|-damage|p1a: Gastrodon|85/100
|-boost|p2a: Great Tusk|spe|1
|-sideend|p2: Partynparadise|Spikes|[from] move: Rapid Spin|[of] p2a: Great Tusk
|move|p1a: Gastrodon|Surf|p2a: Great Tusk
|-supereffective|p2a: Great Tusk
|-damage|p2a: Great Tusk|0 fnt
|faint|p2a: Great Tusk
|-end|p2a: Great Tusk|Protosynthesis|[silent]
|
|-heal|p1a: Gastrodon|91/100|[from] item: Leftovers
|upkeep
|
|t:|1759003852
|switch|p2a: Ogerpon|Ogerpon-Wellspring, F|6/100
|turn|31
|
|t:|1759003863
|switch|p1a: Chesnaught|Chesnaught, M|68/100
|-damage|p1a: Chesnaught|62/100|[from] Stealth Rock
|move|p2a: Ogerpon|Encore||[still]
|-fail|p2a: Ogerpon
|
|upkeep
|turn|32
|
|t:|1759003866
|move|p2a: Ogerpon|Ivy Cudgel|p1a: Chesnaught|[anim] Ivy Cudgel Water
|-resisted|p1a: Chesnaught
|-damage|p1a: Chesnaught|42/100
|move|p1a: Chesnaught|Body Press|p2a: Ogerpon
|-damage|p2a: Ogerpon|0 fnt
|faint|p2a: Ogerpon
|
|win|kemious
|raw|kemious's rating: 1485 &rarr; <strong>1508</strong><br />(+23 for winning)
|raw|Partynparadise's rating: 1544 &rarr; <strong>1521</strong><br />(-23 for losing)
|l|☆Partynparadise
|player|p2|
|l|☆kemious
|player|p1|
