|j|☆hungrymane
|j|☆nglimfaded
|t:|1759051670
|gametype|singles
|player|p1|hungrymane|266|1506
|player|p2|nglimfaded|miku-grass|1458
|gen|9
|tier|[Gen 9] OU
|rated|
|rule|HP Percentage Mod: HP is shown in percentages
|rule|Endless Battle Clause: Forcing endless battles is banned
|rule|Species Clause: Limit one of each Pokémon
|rule|OHKO Clause: OHKO moves are banned
|rule|Evasion Items Clause: Evasion items are banned
|rule|Evasion Moves Clause: Evasion moves are banned
|rule|Evasion Abilities Clause: Evasion abilities are banned
|rule|Sleep Moves Clause: Sleep-inducing moves are banned
|clearpoke
|poke|p1|Brute Bonnet|
|poke|p1|Ninetales, M|
|poke|p1|Blaziken, M|
|poke|p1|Walking Wake|
|poke|p1|Scream Tail|
|poke|p1|Great Tusk|
|poke|p2|Tyranitar, F|
|poke|p2|Excadrill, M|
|poke|p2|Kingambit, F|
|poke|p2|Garchomp, F|
|poke|p2|Pecharunt|
|poke|p2|Rotom-Wash|
|teampreview
|
|t:|1759051707
|teamsize|p1|6
|teamsize|p2|6
|start
|switch|p1a: Walking Wake|Walking Wake|100/100
|switch|p2a: Tyranitar|Tyranitar, F|100/100
|-weather|Sandstorm|[from] ability: Sand Stream|[of] p2a: Tyranitar
|turn|1
|
|t:|1759051718
|move|p1a: Walking Wake|Hydro Steam|p2a: Tyranitar
|-supereffective|p2a: Tyranitar
|-damage|p2a: Tyranitar|52/100
|move|p2a: Tyranitar|Thunder Wave|p1a: Walking Wake
|-status|p1a: Walking Wake|par
|
|-weather|Sandstorm|[upkeep]
|-damage|p1a: Walking Wake|94/100 par|[from] Sandstorm
|upkeep
|turn|2
|
|t:|1759051725
|-end|p1a: Walking Wake|Protosynthesis|[silent]
|switch|p1a: Great Tusk|Great Tusk|100/100
|switch|p2a: Rotom|Rotom-Wash|100/100
|
|-weather|Sandstorm|[upkeep]
|-damage|p2a: Rotom|94/100|[from] Sandstorm
|-heal|p2a: Rotom|100/100|[from] item: Leftovers
|upkeep
|turn|3
|
|t:|1759051731
|-terastallize|p1a: Great Tusk|Dark
|move|p1a: Great Tusk|Knock Off|p2a: Rotom
|-damage|p2a: Rotom|34/100
|-enditem|p2a: Rotom|Leftovers|[from] move: Knock Off|[of] p1a: Great Tusk
|move|p2a: Rotom|Will-O-Wisp|p1a: Great Tusk
|-status|p1a: Great Tusk|brn
|
|-weather|Sandstorm|[upkeep]
|-damage|p1a: Great Tusk|94/100 brn|[from] Sandstorm
|-damage|p2a: Rotom|28/100|[from] Sandstorm
|-damage|p1a: Great Tusk|88/100 brn|[from] brn
|upkeep
|turn|4
|
|t:|1759051740
|move|p1a: Great Tusk|Knock Off|p2a: Rotom
|-damage|p2a: Rotom|9/100
|move|p2a: Rotom|Pain Split|p1a: Great Tusk
|-sethp|p1a: Great Tusk|48/100 brn|[from] move: Pain Split|[silent]
|-sethp|p2a: Rotom|58/100|[from] move: Pain Split
|
|-weather|Sandstorm|[upkeep]
|-damage|p1a: Great Tusk|41/100 brn|[from] Sandstorm
|-damage|p2a: Rotom|52/100|[from] Sandstorm
|-damage|p1a: Great Tusk|35/100 brn|[from] brn
|upkeep
|turn|5
|
|t:|1759051746
|-end|p1a: Great Tusk|Protosynthesis|[silent]
|switch|p1a: Brute Bonnet|Brute Bonnet|100/100
|move|p2a: Rotom|Hydro Pump|p1a: Brute Bonnet
|-resisted|p1a: Brute Bonnet
|-damage|p1a: Brute Bonnet|81/100
|
|-weather|Sandstorm|[upkeep]
|-damage|p1a: Brute Bonnet|75/100|[from] Sandstorm
|-damage|p2a: Rotom|46/100|[from] Sandstorm
|upkeep
|turn|6
|
|t:|1759051752
|move|p1a: Brute Bonnet|Growth|p1a: Brute Bonnet
|-boost|p1a: Brute Bonnet|atk|1
|-boost|p1a: Brute Bonnet|spa|1
|move|p2a: Rotom|Will-O-Wisp|p1a: Brute Bonnet
|-status|p1a: Brute Bonnet|brn
|
|-weather|Sandstorm|[upkeep]
|-damage|p1a: Brute Bonnet|69/100 brn|[from] Sandstorm
|-damage|p2a: Rotom|39/100|[from] Sandstorm
|-damage|p1a: Brute Bonnet|63/100 brn|[from] brn
|upkeep
|turn|7
|
|t:|1759051770
|move|p1a: Brute Bonnet|Trailblaze|p2a: Rotom
|-supereffective|p2a: Rotom
|-damage|p2a: Rotom|10/100
|-boost|p1a: Brute Bonnet|spe|1
|move|p2a: Rotom|Pain Split|p1a: Brute Bonnet
|-sethp|p1a: Brute Bonnet|36/100 brn|[from] move: Pain Split|[silent]
|-sethp|p2a: Rotom|43/100|[from] move: Pain Split
|
|-weather|Sandstorm|[upkeep]
|-damage|p1a: Brute Bonnet|30/100 brn|[from] Sandstorm
|-damage|p2a: Rotom|36/100|[from] Sandstorm
|-damage|p1a: Brute Bonnet|24/100 brn|[from] brn
|upkeep
|turn|8
|
|t:|1759051779
|switch|p2a: Pecharunt|Pecharunt|100/100
|-item|p2a: Pecharunt|Air Balloon
|move|p1a: Brute Bonnet|Synthesis|p1a: Brute Bonnet
|-heal|p1a: Brute Bonnet|49/100 brn
|
|-weather|none
|-damage|p1a: Brute Bonnet|43/100 brn|[from] brn
|upkeep
|turn|9
|
|t:|1759051789
|move|p1a: Brute Bonnet|Synthesis|p1a: Brute Bonnet
|-heal|p1a: Brute Bonnet|93/100 brn
|move|p2a: Pecharunt|Malignant Chain|p1a: Brute Bonnet
|-supereffective|p1a: Brute Bonnet
|-damage|p1a: Brute Bonnet|36/100 brn
|
|-damage|p1a: Brute Bonnet|30/100 brn|[from] brn
|upkeep
|turn|10
|
|t:|1759051796
|move|p1a: Brute Bonnet|Synthesis|p1a: Brute Bonnet
|-heal|p1a: Brute Bonnet|80/100 brn
|move|p2a: Pecharunt|Parting Shot|p1a: Brute Bonnet
|-unboost|p1a: Brute Bonnet|atk|1
|-unboost|p1a: Brute Bonnet|spa|1
|
|t:|1759051805
|switch|p2a: Garchomp|Garchomp, F|100/100|[from] Parting Shot
|
|-damage|p1a: Brute Bonnet|74/100 brn|[from] brn
|upkeep
|turn|11
|
|t:|1759051814
|-end|p1a: Brute Bonnet|Protosynthesis|[silent]
|switch|p1a: Ninetales|Ninetales, M|100/100
|-weather|SunnyDay|[from] ability: Drought|[of] p1a: Ninetales
|move|p2a: Garchomp|Swords Dance|p2a: Garchomp
|-boost|p2a: Garchomp|atk|2
|
|-weather|SunnyDay|[upkeep]
|upkeep
|turn|12
|
|t:|1759051825
|move|p2a: Garchomp|Scale Shot|p1a: Ninetales
|-damage|p1a: Ninetales|70/100
|-damage|p1a: Ninetales|40/100
|-damage|p1a: Ninetales|7/100
|-damage|p1a: Ninetales|0 fnt
|faint|p1a: Ninetales
|-hitcount|p1: Ninetales|4
|-unboost|p2a: Garchomp|def|1
|-boost|p2a: Garchomp|spe|1
|
|-weather|SunnyDay|[upkeep]
|upkeep
|-message|hungrymane forfeited.
|
|win|nglimfaded
|raw|hungrymane's rating: 1506 &rarr; <strong>1483</strong><br />(-23 for losing)
|raw|nglimfaded's rating: 1458 &rarr; <strong>1481</strong><br />(+23 for winning)
|l|☆hungrymane
|player|p1|
|l|☆nglimfaded
|player|p2|
