|j|☆Js8m
|j|☆Fairytale22244!
|t:|1758936600
|gametype|singles
|player|p1|Js8m|102|1065
|player|p2|Fairytale22244!|101|1089
|gen|9
|tier|[Gen 9] OU
|rated|
|rule|HP Percentage Mod: HP is shown in percentages
|rule|Endless Battle Clause: Forcing endless battles is banned
|rule|Species Clause: Limit one of each Pokémon
|rule|OHKO Clause: OHKO moves are banned
|rule|Evasion Items Clause: Evasion items are banned
|rule|Evasion Moves Clause: Evasion moves are banned
|rule|Evasion Abilities Clause: Evasion abilities are banned
|rule|Sleep Moves Clause: Sleep-inducing moves are banned
|clearpoke
|poke|p1|Ceruledge, F|
|poke|p1|Great Tusk|
|poke|p1|Iron Valiant|
|poke|p1|Dondozo, F|
|poke|p1|Zapdos|
|poke|p1|Latios, M|
|poke|p2|Golduck, M|
|poke|p2|Gardevoir, F|
|poke|p2|Weezing-Galar, M|
|poke|p2|Swalot, F|
|poke|p2|Vivillon-Icy Snow, M|
|poke|p2|Vikavolt, F|
|teampreview
|
|t:|1758936637
|teamsize|p1|6
|teamsize|p2|6
|start
|switch|p1a: Zapdos|Zapdos|100/100
|switch|p2a: Vikavolt|Vikavolt, F|100/100
|turn|1
|
|t:|1758936656
|move|p1a: Zapdos|Heat Wave|p2a: Vikavolt
|-supereffective|p2a: Vikavolt
|-enditem|p2a: Vikavolt|Focus Sash
|-damage|p2a: Vikavolt|1/100
|-damage|p1a: Zapdos|91/100|[from] item: Life Orb
|move|p2a: Vikavolt|Sticky Web|p1a: Zapdos
|-sidestart|p1: Js8m|move: Sticky Web
|
|upkeep
|turn|2
|
|t:|1758936665
|move|p1a: Zapdos|U-turn|p2a: Vikavolt
|-damage|p2a: Vikavolt|0 fnt
|faint|p2a: Vikavolt
|-damage|p1a: Zapdos|81/100|[from] item: Life Orb
|
|t:|1758936671
|switch|p1a: Great Tusk|Great Tusk|100/100|[from] U-turn
|-activate|p1a: Great Tusk|move: Sticky Web
|-unboost|p1a: Great Tusk|spe|1
|
|upkeep
|
|t:|1758936675
|switch|p2a: snow white|Vivillon-Icy Snow, M, shiny|100/100
|turn|3
|
|t:|1758936687
|-terastallize|p1a: Great Tusk|Water
|move|p2a: snow white|Quiver Dance|p2a: snow white
|-boost|p2a: snow white|spa|1
|-boost|p2a: snow white|spd|1
|-boost|p2a: snow white|spe|1
|move|p1a: Great Tusk|Rapid Spin|p2a: snow white
|-damage|p2a: snow white|68/100
|-boost|p1a: Great Tusk|spe|1
|-sideend|p1: Js8m|Sticky Web|[from] move: Rapid Spin|[of] p1a: Great Tusk
|
|upkeep
|turn|4
|
|t:|1758936698
|move|p2a: snow white|Hurricane|p1a: Great Tusk
|-damage|p1a: Great Tusk|0 fnt
|faint|p1a: Great Tusk
|-end|p1a: Great Tusk|Protosynthesis|[silent]
|
|upkeep
|inactive|Battle timer is ON: inactive players will automatically lose when time's up. (requested by Fairytale22244!)
|
|t:|1758936708
|switch|p1a: Ceruledge|Ceruledge, F|100/100
|turn|5
|
|t:|1758936725
|-terastallize|p2a: snow white|Ground
|move|p2a: snow white|Tera Blast|p1a: Ceruledge|[anim] Tera Blast Ground
|-supereffective|p1a: Ceruledge
|-enditem|p1a: Ceruledge|Focus Sash
|-damage|p1a: Ceruledge|1/100
|move|p1a: Ceruledge|Bitter Blade|p2a: snow white
|-damage|p2a: snow white|0 fnt
|-heal|p1a: Ceruledge|36/100|[from] drain|[of] p2a: snow white
|faint|p2a: snow white
|
|upkeep
|
|t:|1758936734
|switch|p2a: Golduck|Golduck, M|100/100
|-ability|p2a: Golduck|Cloud Nine
|turn|6
|
|t:|1758936749
|switch|p1a: Zapdos|Zapdos|81/100
|move|p2a: Golduck|Flip Turn|p1a: Zapdos
|-damage|p1a: Zapdos|53/100
|
|t:|1758936756
|switch|p2a: Weezing|Weezing-Galar, M|100/100|[from] Flip Turn
|-fieldstart|move: Misty Terrain|[from] ability: Misty Surge|[of] p2a: Weezing
|
|upkeep
|turn|7
|
|t:|1758936774
|move|p1a: Zapdos|U-turn|p2a: Weezing
|-resisted|p2a: Weezing
|-damage|p2a: Weezing|97/100
|-damage|p1a: Zapdos|43/100|[from] item: Life Orb
|
|t:|1758936779
|switch|p1a: Dondozo|Dondozo, F|100/100|[from] U-turn
|move|p2a: Weezing|Sludge Bomb|p1a: Dondozo
|-damage|p1a: Dondozo|62/100
|
|upkeep
|turn|8
|
|t:|1758936795
|move|p2a: Weezing|Sludge Bomb|p1a: Dondozo
|-damage|p1a: Dondozo|25/100
|move|p1a: Dondozo|Heavy Slam|p2a: Weezing
|-supereffective|p2a: Weezing
|-damage|p2a: Weezing|51/100
|
|upkeep
|turn|9
|inactive|Js8m has 120 seconds left.
|
|t:|1758936840
|switch|p1a: Latios|Latios, M|100/100
|move|p2a: Weezing|Misty Explosion|p1a: Latios
|-supereffective|p1a: Latios
|-damage|p1a: Latios|0 fnt
|faint|p2a: Weezing
|faint|p1a: Latios
|
|upkeep
|
|t:|1758936852
|switch|p1a: Dondozo|Dondozo, F|25/100
|switch|p2a: Swalot|Swalot, F, shiny|100/100
|turn|10
|
|t:|1758936856
|move|p2a: Swalot|Stuff Cheeks|p2a: Swalot
|-boost|p2a: Swalot|def|2
|-enditem|p2a: Swalot|Starf Berry|[eat]
|-boost|p2a: Swalot|spa|2|[from] item: Starf Berry
|move|p1a: Dondozo|Rest||[still]
|-fail|p1a: Dondozo
|
|-fieldend|Misty Terrain
|upkeep
|turn|11
|c|☆Fairytale22244!|OH CUZ YOU CAN'T GET STATUSED-
|
|t:|1758936870
|move|p2a: Swalot|Thief|p1a: Dondozo
|-damage|p1a: Dondozo|20/100
|-enditem|p1a: Dondozo|Chesto Berry|[silent]|[from] move: Thief|[of] p2a: Swalot
|-item|p2a: Swalot|Chesto Berry|[from] move: Thief|[of] p1a: Dondozo
|move|p1a: Dondozo|Rest|p1a: Dondozo
|-status|p1a: Dondozo|slp|[from] move: Rest
|-heal|p1a: Dondozo|100/100 slp|[silent]
|
|upkeep
|turn|12
|c|☆Fairytale22244!|nighty nighty
|c|☆Js8m|That was my 13th reason
|c|☆Fairytale22244!|AHAHHDFEFHEFF
|inactive|Js8m has 90 seconds left.
|c|☆Fairytale22244!|I got the reference
|
|t:|1758936904
|move|p2a: Swalot|Belch|p1a: Dondozo
|-damage|p1a: Dondozo|69/100 slp
|cant|p1a: Dondozo|slp
|
|upkeep
|turn|13
|
|t:|1758936911
|move|p2a: Swalot|Body Press|p1a: Dondozo
|-damage|p1a: Dondozo|62/100 slp
|cant|p1a: Dondozo|slp
|
|upkeep
|turn|14
|
|t:|1758936917
|move|p2a: Swalot|Belch|p1a: Dondozo
|-damage|p1a: Dondozo|34/100 slp
|-curestatus|p1a: Dondozo|slp|[msg]
|move|p1a: Dondozo|Hydro Pump|p2a: Swalot
|-damage|p2a: Swalot|81/100
|
|upkeep
|turn|15
|
|t:|1758936927
|move|p2a: Swalot|Belch|p1a: Dondozo
|-damage|p1a: Dondozo|0 fnt
|faint|p1a: Dondozo
|
|upkeep
|c|☆Fairytale22244!|I love swalot though
|
|t:|1758936933
|switch|p1a: Zapdos|Zapdos|43/100
|turn|16
|
|t:|1758936939
|move|p1a: Zapdos|Roost|p1a: Zapdos
|-heal|p1a: Zapdos|93/100
|-singleturn|p1a: Zapdos|move: Roost
|move|p2a: Swalot|Belch|p1a: Zapdos
|-damage|p1a: Zapdos|21/100
|
|upkeep
|turn|17
|c|☆Fairytale22244!|YIKES
|c|☆Fairytale22244!|lots of damage
|
|t:|1758936954
|move|p1a: Zapdos|Thunderbolt|p2a: Swalot
|-damage|p2a: Swalot|38/100
|-damage|p1a: Zapdos|11/100|[from] item: Life Orb
|move|p2a: Swalot|Belch|p1a: Zapdos
|-damage|p1a: Zapdos|0 fnt
|faint|p1a: Zapdos
|
|upkeep
|inactive|Js8m has 90 seconds left.
|c|☆Js8m|Swallot swallowing tf out of my damage
|c|☆Fairytale22244!|GULP
|
|t:|1758936987
|switch|p1a: Ceruledge|Ceruledge, F|36/100
|turn|18
|
|t:|1758936998
|move|p1a: Ceruledge|Clear Smog|p2a: Swalot
|-resisted|p2a: Swalot
|-damage|p2a: Swalot|35/100
|-clearboost|p2a: Swalot
|move|p2a: Swalot|Belch|p1a: Ceruledge
|-resisted|p1a: Ceruledge
|-damage|p1a: Ceruledge|16/100
|
|upkeep
|turn|19
|c|☆Fairytale22244!|you're taking this well
|
|t:|1758937007
|move|p1a: Ceruledge|Bitter Blade|p2a: Swalot
|-damage|p2a: Swalot|0 fnt
|-heal|p1a: Ceruledge|41/100|[from] drain|[of] p2a: Swalot
|faint|p2a: Swalot
|
|upkeep
|
|t:|1758937010
|switch|p2a: Golduck|Golduck, M|100/100
|-ability|p2a: Golduck|Cloud Nine
|turn|20
|inactive|Js8m has 90 seconds left.
|
|t:|1758937024
|move|p2a: Golduck|Simple Beam|p1a: Ceruledge
|-ability|p1a: Ceruledge|Simple|Flash Fire|[from] move: Simple Beam
|move|p1a: Ceruledge|Bitter Blade|p2a: Golduck
|-resisted|p2a: Golduck
|-damage|p2a: Golduck|68/100
|-heal|p1a: Ceruledge|58/100|[from] drain|[of] p2a: Golduck
|
|upkeep
|turn|21
|inactive|Js8m has 90 seconds left.
|
|t:|1758937038
|move|p2a: Golduck|Flip Turn|p1a: Ceruledge
|-supereffective|p1a: Ceruledge
|-damage|p1a: Ceruledge|0 fnt
|faint|p1a: Ceruledge
|c|☆Fairytale22244!|NOOO
|
|t:|1758937045
|switch|p2a: Gardevoir|Gardevoir, F|100/100|[from] Flip Turn
|
|upkeep
|
|t:|1758937049
|switch|p1a: Iron Valiant|Iron Valiant|100/100
|-enditem|p1a: Iron Valiant|Booster Energy
|-activate|p1a: Iron Valiant|ability: Quark Drive|[fromitem]
|-start|p1a: Iron Valiant|quarkdrivespe
|turn|22
|c|☆Fairytale22244!|I SHOULD'VE JUST SWITCHED GODDAMNIT
|c|☆Fairytale22244!|one sec
|c|☆Js8m|It’s cool
|inactive|Js8m has 90 seconds left.
|
|t:|1758937077
|switch|p2a: Golduck|Golduck, M|68/100
|-ability|p2a: Golduck|Cloud Nine
|move|p1a: Iron Valiant|Swords Dance|p1a: Iron Valiant
|-boost|p1a: Iron Valiant|atk|2
|
|upkeep
|turn|23
|inactive|Js8m has 90 seconds left.
|
|t:|1758937087
|move|p1a: Iron Valiant|Close Combat|p2a: Golduck
|-damage|p2a: Golduck|0 fnt
|-unboost|p1a: Iron Valiant|def|1
|-unboost|p1a: Iron Valiant|spd|1
|faint|p2a: Golduck
|
|upkeep
|c|☆Fairytale22244!|okay well
|
|t:|1758937092
|switch|p2a: Gardevoir|Gardevoir, F|100/100
|turn|24
|
|t:|1758937098
|move|p1a: Iron Valiant|Knock Off|p2a: Gardevoir
|-damage|p2a: Gardevoir|0 fnt
|-enditem|p2a: Gardevoir|Starf Berry|[from] move: Knock Off|[of] p1a: Iron Valiant
|faint|p2a: Gardevoir
|
|win|Js8m
|raw|Js8m's rating: 1065 &rarr; <strong>1097</strong><br />(+32 for winning)
|raw|Fairytale22244!'s rating: 1089 &rarr; <strong>1064</strong><br />(-25 for losing)
|c|☆Fairytale22244!|I'll do it the old fashioned way
|c|☆Fairytale22244!|PFFF
|c|☆Fairytale22244!|that KO ruined eveyrthing-
|c|☆Fairytale22244!|gas friend
|c|☆Fairytale22244!|basically
|c|☆Js8m|Gg
|c|☆Js8m|friend
|c|☆Fairytale22244!|my strategy was to simple beam the ceruledge
|c|☆Fairytale22244!|and then have Gard come in and trace it
|c|☆Fairytale22244!|I was so close
|c|☆Fairytale22244!|then you can calm mind and sweep w/ stored power
