|j|☆Twilights
|j|☆Tuzzz
|t:|1759032703
|gametype|singles
|player|p1|Twilights|2|1192
|player|p2|Tuzzz|veteran|1185
|gen|9
|tier|[Gen 9] OU
|rated|
|rule|HP Percentage Mod: HP is shown in percentages
|rule|Endless Battle Clause: Forcing endless battles is banned
|rule|Species Clause: Limit one of each Pokémon
|rule|OHKO Clause: OHKO moves are banned
|rule|Evasion Items Clause: Evasion items are banned
|rule|Evasion Moves Clause: Evasion moves are banned
|rule|Evasion Abilities Clause: Evasion abilities are banned
|rule|Sleep Moves Clause: Sleep-inducing moves are banned
|clearpoke
|poke|p1|Hatterene, F|
|poke|p1|Quaquaval, F|
|poke|p1|Ceruledge, M|
|poke|p1|Serperior, M|
|poke|p1|Garganacl, M|
|poke|p1|Suicune|
|poke|p2|Kyurem|
|poke|p2|Ogerpon-Cornerstone, F|
|poke|p2|Raging Bolt|
|poke|p2|Ninetales-Alola, F|
|poke|p2|Excadrill, F|
|poke|p2|Tyranitar, M|
|teampreview
|
|t:|1759032707
|teamsize|p1|6
|teamsize|p2|6
|start
|switch|p1a: Hatterene|Hatterene, F|100/100
|switch|p2a: Ninetales|Ninetales-Alola, F|100/100
|-weather|Snowscape|[from] ability: Snow Warning|[of] p2a: Ninetales
|turn|1
|
|t:|1759032710
|move|p2a: Ninetales|Aurora Veil|p2a: Ninetales
|-sidestart|p2: Tuzzz|move: Aurora Veil
|move|p1a: Hatterene|Reflect|p1a: Hatterene
|-sidestart|p1: Twilights|Reflect
|
|-weather|Snowscape|[upkeep]
|upkeep
|turn|2
|
|t:|1759032714
|move|p2a: Ninetales|Encore|p1a: Hatterene
|move|p1a: Hatterene|Encore||[from] ability: Magic Bounce|[still]
|-fail|p1a: Hatterene
|move|p1a: Hatterene|Light Screen|p1a: Hatterene
|-sidestart|p1: Twilights|move: Light Screen
|
|-weather|Snowscape|[upkeep]
|upkeep
|turn|3
|
|t:|1759032722
|switch|p1a: Ceruledge|Ceruledge, M|100/100
|move|p2a: Ninetales|Blizzard|p1a: Ceruledge
|-resisted|p1a: Ceruledge
|-damage|p1a: Ceruledge|87/100
|
|-weather|Snowscape|[upkeep]
|upkeep
|turn|4
|
|t:|1759032727
|move|p2a: Ninetales|Moonblast|p1a: Ceruledge
|-resisted|p1a: Ceruledge
|-damage|p1a: Ceruledge|76/100
|move|p1a: Ceruledge|Bitter Blade|p2a: Ninetales
|-supereffective|p2a: Ninetales
|-damage|p2a: Ninetales|54/100
|-heal|p1a: Ceruledge|99/100|[from] drain|[of] p2a: Ninetales
|
|-weather|Snowscape|[upkeep]
|upkeep
|turn|5
|
|t:|1759032735
|switch|p2a: Raging Bolt|Raging Bolt|100/100
|move|p1a: Ceruledge|Bitter Blade|p2a: Raging Bolt
|-resisted|p2a: Raging Bolt
|-damage|p2a: Raging Bolt|92/100
|-heal|p1a: Ceruledge|100/100|[from] drain|[of] p2a: Raging Bolt
|
|-weather|none
|upkeep
|turn|6
|
|t:|1759032741
|move|p1a: Ceruledge|Poltergeist|p2a: Raging Bolt
|-activate|p2a: Raging Bolt|move: Poltergeist|Assault Vest
|-damage|p2a: Raging Bolt|73/100
|move|p2a: Raging Bolt|Draco Meteor|p1a: Ceruledge
|-damage|p1a: Ceruledge|59/100
|-unboost|p2a: Raging Bolt|spa|2
|
|upkeep
|turn|7
|
|t:|1759032750
|switch|p1a: Serperior|Serperior, M|100/100
|move|p2a: Raging Bolt|Volt Switch|p1a: Serperior
|-resisted|p1a: Serperior
|-damage|p1a: Serperior|95/100
|
|t:|1759032754
|-end|p2a: Raging Bolt|Protosynthesis|[silent]
|switch|p2a: Ninetales|Ninetales-Alola, F|54/100|[from] Volt Switch
|-weather|Snowscape|[from] ability: Snow Warning|[of] p2a: Ninetales
|
|-weather|Snowscape|[upkeep]
|-heal|p1a: Serperior|100/100|[from] item: Leftovers
|upkeep
|turn|8
|
|t:|1759032758
|-terastallize|p1a: Serperior|Fire
|move|p1a: Serperior|Leaf Storm|p2a: Ninetales
|-damage|p2a: Ninetales|24/100
|-boost|p1a: Serperior|spa|2
|move|p2a: Ninetales|Blizzard|p1a: Serperior
|-resisted|p1a: Serperior
|-damage|p1a: Serperior|87/100
|
|-weather|Snowscape|[upkeep]
|-heal|p1a: Serperior|94/100|[from] item: Leftovers
|-sideend|p1: Twilights|Reflect
|-sideend|p2: Tuzzz|move: Aurora Veil
|upkeep
|turn|9
|
|t:|1759032767
|switch|p2a: Kyurem|Kyurem|100/100
|-ability|p2a: Kyurem|Pressure
|move|p1a: Serperior|Leaf Storm|p2a: Kyurem
|-resisted|p2a: Kyurem
|-damage|p2a: Kyurem|49/100
|-boost|p1a: Serperior|spa|2
|
|-weather|Snowscape|[upkeep]
|-heal|p1a: Serperior|99/100|[from] item: Leftovers
|-heal|p2a: Kyurem|55/100|[from] item: Leftovers
|-sideend|p1: Twilights|move: Light Screen
|upkeep
|turn|10
|
|t:|1759032785
|switch|p2a: Tyranitar|Tyranitar, M|100/100
|-weather|Sandstorm|[from] ability: Sand Stream|[of] p2a: Tyranitar
|move|p1a: Serperior|Leaf Storm|p2a: Tyranitar
|-supereffective|p2a: Tyranitar
|-damage|p2a: Tyranitar|0 fnt
|-boost|p1a: Serperior|spa|2
|faint|p2a: Tyranitar
|
|-weather|Sandstorm|[upkeep]
|-damage|p1a: Serperior|94/100|[from] Sandstorm
|-heal|p1a: Serperior|99/100|[from] item: Leftovers
|upkeep
|
|t:|1759032809
|switch|p2a: Excadrill|Excadrill, F|100/100
|-item|p2a: Excadrill|Air Balloon
|turn|11
|
|t:|1759032823
|switch|p1a: Suicune|Suicune|100/100
|-ability|p1a: Suicune|Pressure
|move|p2a: Excadrill|Earthquake|p1a: Suicune
|-damage|p1a: Suicune|63/100
|
|-weather|Sandstorm|[upkeep]
|-damage|p1a: Suicune|57/100|[from] Sandstorm
|-heal|p1a: Suicune|63/100|[from] item: Leftovers
|upkeep
|turn|12
|
|t:|1759032831
|switch|p2a: Kyurem|Kyurem|55/100
|-ability|p2a: Kyurem|Pressure
|move|p1a: Suicune|Scald|p2a: Kyurem
|-resisted|p2a: Kyurem
|-damage|p2a: Kyurem|40/100
|
|-weather|Sandstorm|[upkeep]
|-damage|p2a: Kyurem|34/100|[from] Sandstorm
|-damage|p1a: Suicune|57/100|[from] Sandstorm
|-heal|p2a: Kyurem|40/100|[from] item: Leftovers
|-heal|p1a: Suicune|63/100|[from] item: Leftovers
|upkeep
|turn|13
|
|t:|1759032835
|move|p2a: Kyurem|Freeze-Dry|p1a: Suicune
|-supereffective|p1a: Suicune
|-damage|p1a: Suicune|7/100
|move|p1a: Suicune|Ice Beam|p2a: Kyurem
|-damage|p2a: Kyurem|17/100
|
|-weather|Sandstorm|[upkeep]
|-damage|p2a: Kyurem|11/100|[from] Sandstorm
|-damage|p1a: Suicune|1/100|[from] Sandstorm
|-heal|p2a: Kyurem|17/100|[from] item: Leftovers
|-heal|p1a: Suicune|7/100|[from] item: Leftovers
|upkeep
|turn|14
|
|t:|1759032843
|move|p2a: Kyurem|Freeze-Dry|p1a: Suicune
|-supereffective|p1a: Suicune
|-damage|p1a: Suicune|0 fnt
|faint|p1a: Suicune
|
|-weather|none
|-heal|p2a: Kyurem|24/100|[from] item: Leftovers
|upkeep
|
|t:|1759032846
|switch|p1a: Serperior|Serperior, M, tera:Fire|99/100
|turn|15
|
|t:|1759032857
|move|p1a: Serperior|Leaf Storm|p2a: Kyurem|[miss]
|-miss|p1a: Serperior|p2a: Kyurem
|move|p2a: Kyurem|Dragon Dance|p2a: Kyurem
|-boost|p2a: Kyurem|atk|1
|-boost|p2a: Kyurem|spe|1
|
|-heal|p2a: Kyurem|30/100|[from] item: Leftovers
|-heal|p1a: Serperior|100/100|[from] item: Leftovers
|upkeep
|turn|16
|
|t:|1759032868
|move|p2a: Kyurem|Outrage|p1a: Serperior
|-damage|p1a: Serperior|4/100
|move|p1a: Serperior|Leaf Storm|p2a: Kyurem
|-resisted|p2a: Kyurem
|-damage|p2a: Kyurem|4/100
|-boost|p1a: Serperior|spa|2
|
|-heal|p2a: Kyurem|10/100|[from] item: Leftovers
|-heal|p1a: Serperior|10/100|[from] item: Leftovers
|upkeep
|turn|17
|c|☆Twilights|OMG
|inactive|Battle timer is ON: inactive players will automatically lose when time's up. (requested by Tuzzz)
|
|t:|1759032878
|move|p2a: Kyurem|Outrage|p1a: Serperior|[from] lockedmove
|-damage|p1a: Serperior|0 fnt
|faint|p1a: Serperior
|
|-heal|p2a: Kyurem|16/100|[from] item: Leftovers
|upkeep
|
|t:|1759032883
|switch|p1a: Hatterene|Hatterene, F|100/100
|turn|18
|
|t:|1759032886
|move|p2a: Kyurem|Outrage|p1a: Hatterene|[from] lockedmove
|-immune|p1a: Hatterene
|-start|p2a: Kyurem|confusion|[fatigue]
|move|p1a: Hatterene|Draining Kiss|p2a: Kyurem
|-supereffective|p2a: Kyurem
|-damage|p2a: Kyurem|0 fnt
|faint|p2a: Kyurem
|
|upkeep
|
|t:|1759032888
|switch|p2a: Ninetales|Ninetales-Alola, F|24/100
|-weather|Snowscape|[from] ability: Snow Warning|[of] p2a: Ninetales
|turn|19
|
|t:|1759032891
|move|p2a: Ninetales|Aurora Veil|p2a: Ninetales
|-sidestart|p2: Tuzzz|move: Aurora Veil
|move|p1a: Hatterene|Light Screen|p1a: Hatterene
|-sidestart|p1: Twilights|move: Light Screen
|
|-weather|Snowscape|[upkeep]
|upkeep
|turn|20
|
|t:|1759032895
|switch|p2a: Ogerpon|Ogerpon-Cornerstone, F|100/100
|move|p1a: Hatterene|Reflect|p1a: Hatterene
|-sidestart|p1: Twilights|Reflect
|
|-weather|Snowscape|[upkeep]
|upkeep
|turn|21
|
|t:|1759032900
|move|p2a: Ogerpon|Swords Dance|p2a: Ogerpon
|-boost|p2a: Ogerpon|atk|2
|move|p1a: Hatterene|Psychic|p2a: Ogerpon
|-damage|p2a: Ogerpon|67/100
|
|-weather|Snowscape|[upkeep]
|upkeep
|turn|22
|
|t:|1759032909
|move|p2a: Ogerpon|Horn Leech|p1a: Hatterene
|-damage|p1a: Hatterene|48/100
|-heal|p2a: Ogerpon|95/100|[from] drain|[of] p1a: Hatterene
|move|p1a: Hatterene|Psychic|p2a: Ogerpon
|-damage|p2a: Ogerpon|66/100
|
|-weather|Snowscape|[upkeep]
|upkeep
|turn|23
|
|t:|1759032916
|move|p2a: Ogerpon|Horn Leech|p1a: Hatterene
|-damage|p1a: Hatterene|0 fnt
|-heal|p2a: Ogerpon|92/100|[from] drain|[of] p1a: Hatterene
|faint|p1a: Hatterene
|
|-weather|none
|upkeep
|
|t:|1759032920
|switch|p1a: Ceruledge|Ceruledge, M|59/100
|turn|24
|
|t:|1759032928
|-terastallize|p2a: Ogerpon|Rock
|detailschange|p2a: Ogerpon|Ogerpon-Cornerstone-Tera, F, tera:Rock
|-ability|p2a: Ogerpon|Embody Aspect (Cornerstone)|boost
|-boost|p2a: Ogerpon|def|1
|move|p1a: Ceruledge|Endure|p1a: Ceruledge
|-singleturn|p1a: Ceruledge|move: Endure
|move|p2a: Ogerpon|Ivy Cudgel|p1a: Ceruledge|[anim] Ivy Cudgel Rock
|-supereffective|p1a: Ceruledge
|-activate|p1a: Ceruledge|move: Endure
|-damage|p1a: Ceruledge|1/100
|-ability|p1a: Ceruledge|Weak Armor|boost
|-unboost|p1a: Ceruledge|def|1
|-boost|p1a: Ceruledge|spe|2
|-enditem|p1a: Ceruledge|Weakness Policy
|-boost|p1a: Ceruledge|atk|2|[from] item: Weakness Policy
|-boost|p1a: Ceruledge|spa|2|[from] item: Weakness Policy
|
|upkeep
|turn|25
|
|t:|1759032937
|move|p1a: Ceruledge|Poltergeist|p2a: Ogerpon
|-activate|p2a: Ogerpon|move: Poltergeist|Cornerstone Mask
|-damage|p2a: Ogerpon|43/100
|move|p2a: Ogerpon|Horn Leech|p1a: Ceruledge
|-resisted|p1a: Ceruledge
|-damage|p1a: Ceruledge|0 fnt
|-heal|p2a: Ogerpon|43/100|[from] drain|[of] p1a: Ceruledge
|faint|p1a: Ceruledge
|
|upkeep
|
|t:|1759032944
|switch|p1a: Garganacl|Garganacl, M|100/100
|turn|26
|
|t:|1759032947
|move|p2a: Ogerpon|Horn Leech|p1a: Garganacl
|-supereffective|p1a: Garganacl
|-damage|p1a: Garganacl|37/100
|-heal|p2a: Ogerpon|86/100|[from] drain|[of] p1a: Garganacl
|move|p1a: Garganacl|Body Press|p2a: Ogerpon
|-supereffective|p2a: Ogerpon
|-damage|p2a: Ogerpon|65/100
|
|-heal|p1a: Garganacl|43/100|[from] item: Leftovers
|-sideend|p1: Twilights|move: Light Screen
|-sideend|p2: Tuzzz|move: Aurora Veil
|upkeep
|turn|27
|-message|Twilights forfeited.
|
|win|Tuzzz
|raw|Twilights's rating: 1192 &rarr; <strong>1166</strong><br />(-26 for losing)
|raw|Tuzzz's rating: 1185 &rarr; <strong>1211</strong><br />(+26 for winning)
|l|☆Twilights
|player|p1|
|l|☆Tuzzz
|player|p2|
