|j|☆Tom5283
|j|☆Kuuyashii
|t:|1759059086
|gametype|singles
|player|p1|Tom5283|hilbert|1090
|player|p2|Kuuyashii|guitarist|1111
|gen|9
|tier|[Gen 9] OU
|rated|
|rule|HP Percentage Mod: HP is shown in percentages
|rule|Endless Battle Clause: Forcing endless battles is banned
|rule|Species Clause: Limit one of each Pokémon
|rule|OHKO Clause: OHKO moves are banned
|rule|Evasion Items Clause: Evasion items are banned
|rule|Evasion Moves Clause: Evasion moves are banned
|rule|Evasion Abilities Clause: Evasion abilities are banned
|rule|Sleep Moves Clause: Sleep-inducing moves are banned
|clearpoke
|poke|p1|Lucario, M|
|poke|p1|Hydreigon, M|
|poke|p1|Minior-Orange|
|poke|p1|Dondozo, M|
|poke|p1|Decidueye, M|
|poke|p1|Clodsire, M|
|poke|p2|Iron Crown|
|poke|p2|Samurott-Hisui, M|
|poke|p2|Minior-Orange|
|poke|p2|Enamorus, F|
|poke|p2|Cinderace, M|
|poke|p2|Ribombee, M|
|teampreview
|inactive|Battle timer is ON: inactive players will automatically lose when time's up. (requested by Kuuyashii)
|inactive|Tom5283 also wants the timer to be on.
|
|t:|1759059097
|teamsize|p1|6
|teamsize|p2|6
|start
|switch|p1a: Ghidorah|Hydreigon, M|100/100
|switch|p2a: Minior|Minior-Orange|100/100
|-formechange|p2a: Minior|Minior-Meteor||[from] ability: Shields Down
|turn|1
|
|t:|1759059107
|move|p2a: Minior|Shell Smash|p2a: Minior
|-unboost|p2a: Minior|def|1
|-unboost|p2a: Minior|spd|1
|-boost|p2a: Minior|atk|2
|-boost|p2a: Minior|spa|2
|-boost|p2a: Minior|spe|2
|move|p1a: Ghidorah|Flash Cannon|p2a: Minior
|-supereffective|p2a: Minior
|-enditem|p2a: Minior|Focus Sash
|-damage|p2a: Minior|1/100
|
|-formechange|p2a: Minior|Minior-Orange||[from] ability: Shields Down
|upkeep
|turn|2
|
|t:|1759059123
|move|p2a: Minior|Dazzling Gleam|p1a: Ghidorah
|-supereffective|p1a: Ghidorah
|-enditem|p1a: Ghidorah|Focus Sash
|-damage|p1a: Ghidorah|1/100
|move|p1a: Ghidorah|Dark Pulse|p2a: Minior
|-damage|p2a: Minior|0 fnt
|faint|p2a: Minior
|
|upkeep
|
|t:|1759059127
|switch|p2a: Ribombee|Ribombee, M|100/100
|turn|3
|
|t:|1759059139
|move|p2a: Ribombee|Switcheroo|p1a: Ghidorah
|-activate|p2a: Ribombee|move: Trick|[of] p1a: Ghidorah
|-item|p1a: Ghidorah|Choice Scarf|[from] move: Switcheroo
|-enditem|p2a: Ribombee|Choice Scarf|[silent]|[from] move: Switcheroo
|move|p1a: Ghidorah|Flamethrower|p2a: Ribombee
|-supereffective|p2a: Ribombee
|-damage|p2a: Ribombee|9/100
|
|upkeep
|turn|4
|
|t:|1759059147
|move|p2a: Ribombee|U-turn|p1a: Ghidorah
|-supereffective|p1a: Ghidorah
|-damage|p1a: Ghidorah|0 fnt
|faint|p1a: Ghidorah
|
|t:|1759059151
|switch|p2a: Samurott|Samurott-Hisui, M|100/100|[from] U-turn
|
|upkeep
|
|t:|1759059159
|switch|p1a: Bob|Clodsire, M|100/100
|turn|5
|
|t:|1759059167
|move|p2a: Samurott|Aqua Cutter|p1a: Bob
|-immune|p1a: Bob|[from] ability: Water Absorb
|move|p1a: Bob|Toxic|p2a: Samurott
|-status|p2a: Samurott|tox
|
|-damage|p2a: Samurott|94/100 tox|[from] psn
|upkeep
|turn|6
|
|t:|1759059186
|move|p2a: Samurott|Ceaseless Edge|p1a: Bob
|-damage|p1a: Bob|48/100
|-sidestart|p1: Tom5283|Spikes
|move|p1a: Bob|Liquidation|p2a: Samurott
|-resisted|p2a: Samurott
|-damage|p2a: Samurott|84/100 tox
|-unboost|p2a: Samurott|def|1
|
|-heal|p1a: Bob|54/100|[from] item: Leftovers
|-damage|p2a: Samurott|72/100 tox|[from] psn
|upkeep
|turn|7
|
|t:|1759059201
|move|p2a: Samurott|Ceaseless Edge|p1a: Bob
|-damage|p1a: Bob|8/100
|-sidestart|p1: Tom5283|Spikes
|move|p1a: Bob|Recover|p1a: Bob
|-heal|p1a: Bob|58/100
|
|-heal|p1a: Bob|64/100|[from] item: Leftovers
|-damage|p2a: Samurott|54/100 tox|[from] psn
|upkeep
|turn|8
|
|t:|1759059214
|move|p2a: Samurott|Ceaseless Edge|p1a: Bob
|-damage|p1a: Bob|11/100
|-sidestart|p1: Tom5283|Spikes
|move|p1a: Bob|Recover|p1a: Bob
|-heal|p1a: Bob|61/100
|
|-heal|p1a: Bob|67/100|[from] item: Leftovers
|-damage|p2a: Samurott|30/100 tox|[from] psn
|upkeep
|turn|9
|
|t:|1759059226
|move|p2a: Samurott|Knock Off|p1a: Bob
|-damage|p1a: Bob|21/100
|-enditem|p1a: Bob|Leftovers|[from] move: Knock Off|[of] p2a: Samurott
|move|p1a: Bob|Recover|p1a: Bob
|-heal|p1a: Bob|71/100
|
|-damage|p2a: Samurott|0 fnt|[from] psn
|faint|p2a: Samurott
|upkeep
|
|t:|1759059233
|switch|p2a: Ribombee|Ribombee, M|9/100
|turn|10
|
|t:|1759059243
|move|p2a: Ribombee|Stun Spore|p1a: Bob|[miss]
|-miss|p2a: Ribombee|p1a: Bob
|move|p1a: Bob|Liquidation|p2a: Ribombee
|-damage|p2a: Ribombee|0 fnt
|faint|p2a: Ribombee
|
|upkeep
|
|t:|1759059250
|switch|p2a: Iron Crown|Iron Crown|100/100
|-enditem|p2a: Iron Crown|Booster Energy
|-activate|p2a: Iron Crown|ability: Quark Drive|[fromitem]
|-start|p2a: Iron Crown|quarkdrivespe
|turn|11
|
|t:|1759059261
|move|p2a: Iron Crown|Calm Mind|p2a: Iron Crown
|-boost|p2a: Iron Crown|spa|1
|-boost|p2a: Iron Crown|spd|1
|move|p1a: Bob|Liquidation|p2a: Iron Crown
|-damage|p2a: Iron Crown|81/100
|
|upkeep
|turn|12
|
|t:|1759059267
|move|p2a: Iron Crown|Psychic|p1a: Bob
|-supereffective|p1a: Bob
|-damage|p1a: Bob|0 fnt
|faint|p1a: Bob
|
|upkeep
|
|t:|1759059273
|switch|p1a: Robin Hood|Decidueye, M, shiny|100/100
|turn|13
|
|t:|1759059281
|move|p2a: Iron Crown|Tachyon Cutter|p1a: Robin Hood
|-damage|p1a: Robin Hood|66/100
|-damage|p1a: Robin Hood|31/100
|-hitcount|p1a: Robin Hood|2
|move|p1a: Robin Hood|Defog|p2a: Iron Crown
|-unboost|p2a: Iron Crown|evasion|1
|-sideend|p1: Tom5283|Spikes|[from] move: Defog|[of] p1a: Robin Hood
|
|upkeep
|turn|14
|
|t:|1759059298
|move|p2a: Iron Crown|Tachyon Cutter|p1a: Robin Hood
|-damage|p1a: Robin Hood|0 fnt
|faint|p1a: Robin Hood
|-hitcount|p1: Robin Hood|1
|
|upkeep
|
|t:|1759059312
|switch|p1a: Namazu|Dondozo, M|100/100
|turn|15
|
|t:|1759059320
|move|p2a: Iron Crown|Calm Mind|p2a: Iron Crown
|-boost|p2a: Iron Crown|spa|1
|-boost|p2a: Iron Crown|spd|1
|move|p1a: Namazu|Earthquake|p2a: Iron Crown
|-supereffective|p2a: Iron Crown
|-damage|p2a: Iron Crown|19/100
|
|upkeep
|turn|16
|
|t:|1759059328
|move|p2a: Iron Crown|Tachyon Cutter|p1a: Namazu
|-resisted|p1a: Namazu
|-damage|p1a: Namazu|87/100
|-resisted|p1a: Namazu
|-damage|p1a: Namazu|75/100
|-hitcount|p1a: Namazu|2
|move|p1a: Namazu|Earthquake|p2a: Iron Crown
|-supereffective|p2a: Iron Crown
|-damage|p2a: Iron Crown|0 fnt
|faint|p2a: Iron Crown
|-end|p2a: Iron Crown|Quark Drive|[silent]
|
|upkeep
|
|t:|1759059332
|switch|p2a: Enamorus|Enamorus, F|100/100
|turn|17
|
|t:|1759059340
|move|p2a: Enamorus|Superpower|p1a: Namazu
|-damage|p1a: Namazu|55/100
|-boost|p2a: Enamorus|atk|1
|-boost|p2a: Enamorus|def|1
|-damage|p2a: Enamorus|84/100|[from] item: Rocky Helmet|[of] p1a: Namazu
|move|p1a: Namazu|Avalanche|p2a: Enamorus
|-supereffective|p2a: Enamorus
|-damage|p2a: Enamorus|0 fnt
|faint|p2a: Enamorus
|
|upkeep
|
|t:|1759059344
|switch|p2a: Cinderace|Cinderace, M|100/100
|turn|18
|
|t:|1759059353
|move|p2a: Cinderace|High Jump Kick|p1a: Namazu
|-damage|p1a: Namazu|34/100
|-damage|p2a: Cinderace|84/100|[from] item: Rocky Helmet|[of] p1a: Namazu
|move|p1a: Namazu|Rest|p1a: Namazu
|-status|p1a: Namazu|slp|[from] move: Rest
|-heal|p1a: Namazu|100/100 slp|[silent]
|
|upkeep
|turn|19
|
|t:|1759059363
|move|p2a: Cinderace|High Jump Kick|p1a: Namazu
|-damage|p1a: Namazu|79/100 slp
|-damage|p2a: Cinderace|67/100|[from] item: Rocky Helmet|[of] p1a: Namazu
|cant|p1a: Namazu|slp
|move|p1a: Namazu|Sleep Talk|p1a: Namazu
|move|p1a: Namazu|Avalanche|p2a: Cinderace|[from] move: Sleep Talk
|-resisted|p2a: Cinderace
|-damage|p2a: Cinderace|42/100
|
|upkeep
|turn|20
|
|t:|1759059374
|move|p2a: Cinderace|High Jump Kick|p1a: Namazu|[miss]
|-miss|p2a: Cinderace|p1a: Namazu
|-damage|p2a: Cinderace|0 fnt|[from] highjumpkick
|faint|p2a: Cinderace
|
|win|Tom5283
|raw|Tom5283's rating: 1090 &rarr; <strong>1118</strong><br />(+28 for winning)
|raw|Kuuyashii's rating: 1111 &rarr; <strong>1084</strong><br />(-27 for losing)
|l|☆Kuuyashii
|player|p2|
|l|☆Tom5283
|player|p1|
