|j|☆ENF2
|j|☆Jakewater
|t:|1758996672
|gametype|singles
|player|p1|ENF2|scientist-gen4dp|1079
|player|p2|Jakewater|blue|1075
|gen|9
|tier|[Gen 9] OU
|rated|
|rule|HP Percentage Mod: HP is shown in percentages
|rule|Endless Battle Clause: Forcing endless battles is banned
|rule|Species Clause: Limit one of each Pokémon
|rule|OHKO Clause: OHKO moves are banned
|rule|Evasion Items Clause: Evasion items are banned
|rule|Evasion Moves Clause: Evasion moves are banned
|rule|Evasion Abilities Clause: Evasion abilities are banned
|rule|Sleep Moves Clause: Sleep-inducing moves are banned
|clearpoke
|poke|p1|Iron Treads|
|poke|p1|Slowking-Galar, F|
|poke|p1|Gholdengo|
|poke|p1|Great Tusk|
|poke|p1|Weavile, M|
|poke|p1|Zapdos|
|poke|p2|Dodrio, F|
|poke|p2|Wigglytuff, M|
|poke|p2|Tatsugiri, F|
|poke|p2|Espeon, M|
|poke|p2|Exeggutor, F|
|poke|p2|Polteageist-Antique|
|teampreview
|inactive|Battle timer is ON: inactive players will automatically lose when time's up. (requested by Jakewater)
|
|t:|1758996688
|teamsize|p1|6
|teamsize|p2|6
|start
|switch|p1a: Weavile|Weavile, M, shiny|100/100
|switch|p2a: Espeon|Espeon, M|100/100
|-ability|p1a: Weavile|Pressure
|turn|1
|
|t:|1758996700
|-terastallize|p2a: Espeon|Poison
|move|p1a: Weavile|Knock Off|p2a: Espeon
|-damage|p2a: Espeon|0 fnt
|-enditem|p2a: Espeon|Toxic Orb|[from] move: Knock Off|[of] p1a: Weavile
|faint|p2a: Espeon
|
|upkeep
|
|t:|1758996715
|switch|p2a: Wigglytuff|Wigglytuff, M|100/100
|turn|2
|
|t:|1758996722
|move|p1a: Weavile|Knock Off|p2a: Wigglytuff
|-resisted|p2a: Wigglytuff
|-damage|p2a: Wigglytuff|54/100
|-enditem|p2a: Wigglytuff|Leftovers|[from] move: Knock Off|[of] p1a: Weavile
|move|p2a: Wigglytuff|Alluring Voice|p1a: Weavile
|-supereffective|p1a: Weavile
|-damage|p1a: Weavile|0 fnt
|faint|p1a: Weavile
|
|upkeep
|
|t:|1758996739
|switch|p1a: Iron Treads|Iron Treads|100/100
|-enditem|p1a: Iron Treads|Booster Energy
|-activate|p1a: Iron Treads|ability: Quark Drive|[fromitem]
|-start|p1a: Iron Treads|quarkdrivespe
|turn|3
|
|t:|1758996762
|switch|p2a: Tatsugiri|Tatsugiri, F|100/100
|move|p1a: Iron Treads|Iron Head|p2a: Tatsugiri
|-resisted|p2a: Tatsugiri
|-damage|p2a: Tatsugiri|66/100
|
|-heal|p2a: Tatsugiri|72/100|[from] item: Leftovers
|upkeep
|turn|4
|inactive|Jakewater has 120 seconds left.
|
|t:|1758996802
|move|p1a: Iron Treads|Knock Off|p2a: Tatsugiri
|-damage|p2a: Tatsugiri|19/100
|-enditem|p2a: Tatsugiri|Leftovers|[from] move: Knock Off|[of] p1a: Iron Treads
|move|p2a: Tatsugiri|Chilling Water|p1a: Iron Treads
|-supereffective|p1a: Iron Treads
|-damage|p1a: Iron Treads|31/100
|-unboost|p1a: Iron Treads|atk|1
|
|upkeep
|turn|5
|
|t:|1758996813
|move|p1a: Iron Treads|Iron Head|p2a: Tatsugiri
|-resisted|p2a: Tatsugiri
|-damage|p2a: Tatsugiri|0 fnt
|faint|p2a: Tatsugiri
|
|upkeep
|
|t:|1758996823
|switch|p2a: Polteageist|Polteageist-Antique|100/100
|turn|6
|
|t:|1758996827
|move|p1a: Iron Treads|Knock Off|p2a: Polteageist
|-supereffective|p2a: Polteageist
|-damage|p2a: Polteageist|20/100
|-enditem|p2a: Polteageist|White Herb|[from] move: Knock Off|[of] p1a: Iron Treads
|move|p2a: Polteageist|Shell Smash|p2a: Polteageist
|-unboost|p2a: Polteageist|def|1
|-unboost|p2a: Polteageist|spd|1
|-boost|p2a: Polteageist|atk|2
|-boost|p2a: Polteageist|spa|2
|-boost|p2a: Polteageist|spe|2
|
|upkeep
|turn|7
|
|t:|1758996840
|move|p1a: Iron Treads|Knock Off|p2a: Polteageist
|-supereffective|p2a: Polteageist
|-damage|p2a: Polteageist|0 fnt
|-start|p1a: Iron Treads|Disable|Knock Off|[from] ability: Cursed Body|[of] p2a: Polteageist
|faint|p2a: Polteageist
|
|upkeep
|
|t:|1758996851
|switch|p2a: Dodrio|Dodrio, F|100/100
|turn|8
|
|t:|1758996860
|-end|p1a: Iron Treads|Quark Drive|[silent]
|switch|p1a: Slowking|Slowking-Galar, F|100/100
|move|p2a: Dodrio|Knock Off|p1a: Slowking
|-supereffective|p1a: Slowking
|-damage|p1a: Slowking|40/100
|-enditem|p1a: Slowking|Heavy-Duty Boots|[from] move: Knock Off|[of] p2a: Dodrio
|-damage|p2a: Dodrio|91/100|[from] item: Life Orb
|
|upkeep
|turn|9
|
|t:|1758996878
|move|p2a: Dodrio|Lunge|p1a: Slowking
|-damage|p1a: Slowking|14/100
|-unboost|p1a: Slowking|atk|1
|-damage|p2a: Dodrio|81/100|[from] item: Life Orb
|move|p1a: Slowking|Thunder Wave|p2a: Dodrio
|-status|p2a: Dodrio|par
|
|upkeep
|turn|10
|
|t:|1758996894
|move|p2a: Dodrio|Knock Off|p1a: Slowking
|-supereffective|p1a: Slowking
|-damage|p1a: Slowking|0 fnt
|faint|p1a: Slowking
|-damage|p2a: Dodrio|71/100 par|[from] item: Life Orb
|
|upkeep
|
|t:|1758996896
|switch|p1a: Zapdos|Zapdos|100/100
|turn|11
|
|t:|1758996902
|move|p1a: Zapdos|Volt Switch|p2a: Dodrio
|-supereffective|p2a: Dodrio
|-damage|p2a: Dodrio|0 fnt
|faint|p2a: Dodrio
|-damage|p1a: Zapdos|91/100|[from] item: Life Orb
|
|t:|1758996906
|switch|p1a: Iron Treads|Iron Treads|31/100|[from] Volt Switch
|
|upkeep
|inactive|Jakewater has 120 seconds left.
|
|t:|1758996922
|switch|p2a: Exeggutor|Exeggutor, F|100/100
|turn|12
|
|t:|1758996925
|move|p1a: Iron Treads|Knock Off|p2a: Exeggutor
|-supereffective|p2a: Exeggutor
|-damage|p2a: Exeggutor|60/100
|-enditem|p2a: Exeggutor|Sitrus Berry|[from] move: Knock Off|[of] p1a: Iron Treads
|move|p2a: Exeggutor|Leech Seed|p1a: Iron Treads
|-start|p1a: Iron Treads|move: Leech Seed
|
|-damage|p1a: Iron Treads|19/100|[from] Leech Seed|[of] p2a: Exeggutor
|-heal|p2a: Exeggutor|70/100|[silent]
|upkeep
|turn|13
|
|t:|1758996936
|move|p1a: Iron Treads|Rapid Spin|p2a: Exeggutor
|-damage|p2a: Exeggutor|59/100
|-boost|p1a: Iron Treads|spe|1
|-end|p1a: Iron Treads|Leech Seed|[from] move: Rapid Spin|[of] p1a: Iron Treads
|move|p2a: Exeggutor|Giga Drain|p1a: Iron Treads
|-damage|p1a: Iron Treads|0 fnt
|-heal|p2a: Exeggutor|67/100|[from] drain|[of] p1a: Iron Treads
|faint|p1a: Iron Treads
|-end|p1a: Iron Treads|Quark Drive|[silent]
|
|upkeep
|
|t:|1758996943
|switch|p1a: Zapdos|Zapdos|91/100
|turn|14
|
|t:|1758996953
|move|p1a: Zapdos|Hurricane|p2a: Exeggutor|[miss]
|-miss|p1a: Zapdos|p2a: Exeggutor
|move|p2a: Exeggutor|Leech Seed|p1a: Zapdos
|-start|p1a: Zapdos|move: Leech Seed
|
|-damage|p1a: Zapdos|78/100|[from] Leech Seed|[of] p2a: Exeggutor
|-heal|p2a: Exeggutor|77/100|[silent]
|upkeep
|turn|15
|
|t:|1758996965
|move|p1a: Zapdos|Hurricane|p2a: Exeggutor
|-supereffective|p2a: Exeggutor
|-damage|p2a: Exeggutor|0 fnt
|faint|p2a: Exeggutor
|-damage|p1a: Zapdos|68/100|[from] item: Life Orb
|
|upkeep
|
|t:|1758996978
|switch|p2a: Wigglytuff|Wigglytuff, M|54/100
|turn|16
|
|t:|1758996984
|move|p1a: Zapdos|Thunderbolt|p2a: Wigglytuff
|-damage|p2a: Wigglytuff|0 fnt
|faint|p2a: Wigglytuff
|-damage|p1a: Zapdos|58/100|[from] item: Life Orb
|
|win|ENF2
|raw|ENF2's rating: 1079 &rarr; <strong>1107</strong><br />(+28 for winning)
|raw|Jakewater's rating: 1075 &rarr; <strong>1054</strong><br />(-21 for losing)
|l|☆Jakewater
|player|p2|
|l|☆ENF2
|player|p1|
