|j|☆miscellandorus
|j|☆aalhadk
|t:|1758954847
|gametype|singles
|player|p1|miscellandorus|1|1390
|player|p2|aalhadk|1|1479
|gen|9
|tier|[Gen 9] OU
|rated|
|rule|HP Percentage Mod: HP is shown in percentages
|rule|Endless Battle Clause: Forcing endless battles is banned
|rule|Species Clause: Limit one of each Pokémon
|rule|OHKO Clause: OHKO moves are banned
|rule|Evasion Items Clause: Evasion items are banned
|rule|Evasion Moves Clause: Evasion moves are banned
|rule|Evasion Abilities Clause: Evasion abilities are banned
|rule|Sleep Moves Clause: Sleep-inducing moves are banned
|clearpoke
|poke|p1|Thundurus, M|
|poke|p1|Iron Hands|
|poke|p1|Alomomola, M|
|poke|p1|Iron Crown|
|poke|p1|Iron Valiant|
|poke|p1|Slowking-Galar, F|
|poke|p2|Rillaboom, M|
|poke|p2|Zamazenta-*|
|poke|p2|Heatran, M|
|poke|p2|Great Tusk|
|poke|p2|Raging Bolt|
|poke|p2|Comfey, F|
|teampreview
|inactive|Battle timer is ON: inactive players will automatically lose when time's up. (requested by aalhadk)
|
|t:|1758954852
|teamsize|p1|6
|teamsize|p2|6
|start
|switch|p1a: Thundurus|Thundurus, M|100/100
|switch|p2a: Hulk|Rillaboom, M|100/100
|-fieldstart|move: Grassy Terrain|[from] ability: Grassy Surge|[of] p2a: Hulk
|turn|1
|
|t:|1758954857
|switch|p2a: Iron Man|Heatran, M|100/100
|move|p1a: Thundurus|Electric Terrain|p1a: Thundurus
|-fieldstart|move: Electric Terrain
|
|upkeep
|turn|2
|
|t:|1758954860
|move|p1a: Thundurus|Volt Switch|p2a: Iron Man
|-damage|p2a: Iron Man|79/100
|
|t:|1758954862
|switch|p1a: Alomomola|Alomomola, M|100/100|[from] Volt Switch
|move|p2a: Iron Man|Stealth Rock|p1a: Alomomola
|-sidestart|p1: miscellandorus|move: Stealth Rock
|
|-heal|p2a: Iron Man|85/100|[from] item: Leftovers
|upkeep
|turn|3
|
|t:|1758954866
|switch|p2a: Hulk|Rillaboom, M|100/100
|-fieldstart|move: Grassy Terrain|[from] ability: Grassy Surge|[of] p2a: Hulk
|move|p1a: Alomomola|Flip Turn|p2a: Hulk
|-resisted|p2a: Hulk
|-damage|p2a: Hulk|91/100
|
|t:|1758954881
|switch|p1a: Iron Hands|Iron Hands|100/100|[from] Flip Turn
|-damage|p1a: Iron Hands|94/100|[from] Stealth Rock
|
|-heal|p2a: Hulk|98/100|[from] Grassy Terrain
|-heal|p1a: Iron Hands|100/100|[from] Grassy Terrain
|upkeep
|turn|4
|
|t:|1758954889
|move|p2a: Hulk|Wood Hammer|p1a: Iron Hands
|-damage|p1a: Iron Hands|30/100
|-damage|p2a: Hulk|67/100|[from] Recoil
|move|p1a: Iron Hands|Ice Punch|p2a: Hulk
|-supereffective|p2a: Hulk
|-damage|p2a: Hulk|16/100
|-status|p2a: Hulk|frz
|
|-heal|p2a: Hulk|22/100 frz|[from] Grassy Terrain
|-heal|p1a: Iron Hands|36/100|[from] Grassy Terrain
|-heal|p1a: Iron Hands|42/100|[from] item: Leftovers
|upkeep
|turn|5
|
|t:|1758954898
|switch|p2a: Iron Man|Heatran, M|85/100
|move|p1a: Iron Hands|Drain Punch|p2a: Iron Man
|-supereffective|p2a: Iron Man
|-damage|p2a: Iron Man|28/100
|-heal|p1a: Iron Hands|67/100|[from] drain|[of] p2a: Iron Man
|-status|p1a: Iron Hands|brn|[from] ability: Flame Body|[of] p2a: Iron Man
|
|-heal|p2a: Iron Man|34/100|[from] Grassy Terrain
|-heal|p2a: Iron Man|40/100|[from] item: Leftovers
|-heal|p1a: Iron Hands|73/100 brn|[from] Grassy Terrain
|-heal|p1a: Iron Hands|79/100 brn|[from] item: Leftovers
|-damage|p1a: Iron Hands|73/100 brn|[from] brn
|upkeep
|turn|6
|
|t:|1758954904
|move|p2a: Iron Man|Magma Storm|p1a: Iron Hands|[miss]
|-miss|p2a: Iron Man|p1a: Iron Hands
|move|p1a: Iron Hands|Drain Punch|p2a: Iron Man
|-supereffective|p2a: Iron Man
|-damage|p2a: Iron Man|13/100
|-heal|p1a: Iron Hands|85/100 brn|[from] drain|[of] p2a: Iron Man
|
|-heal|p2a: Iron Man|19/100|[from] Grassy Terrain
|-heal|p2a: Iron Man|25/100|[from] item: Leftovers
|-heal|p1a: Iron Hands|91/100 brn|[from] Grassy Terrain
|-heal|p1a: Iron Hands|97/100 brn|[from] item: Leftovers
|-damage|p1a: Iron Hands|91/100 brn|[from] brn
|upkeep
|turn|7
|
|t:|1758954907
|-end|p1a: Iron Hands|Quark Drive|[silent]
|switch|p1a: Alomomola|Alomomola, M|100/100
|move|p2a: Iron Man|Magma Storm|p1a: Alomomola
|-resisted|p1a: Alomomola
|-damage|p1a: Alomomola|80/100
|-activate|p1a: Alomomola|move: Magma Storm|[of] p2a: Iron Man
|
|-heal|p2a: Iron Man|32/100|[from] Grassy Terrain
|-heal|p2a: Iron Man|38/100|[from] item: Leftovers
|-heal|p1a: Alomomola|86/100|[from] Grassy Terrain
|-damage|p1a: Alomomola|74/100|[from] move: Magma Storm|[partiallytrapped]
|-fieldend|move: Grassy Terrain
|upkeep
|turn|8
|
|t:|1758954909
|move|p2a: Iron Man|Earth Power|p1a: Alomomola
|-damage|p1a: Alomomola|49/100
|move|p1a: Alomomola|Flip Turn|p2a: Iron Man
|-supereffective|p2a: Iron Man
|-damage|p2a: Iron Man|8/100
|-status|p1a: Alomomola|brn|[from] ability: Flame Body|[of] p2a: Iron Man
|
|t:|1758954923
|switch|p1a: Iron Crown|Iron Crown|100/100|[from] Flip Turn
|-damage|p1a: Iron Crown|94/100|[from] Stealth Rock
|
|-heal|p2a: Iron Man|14/100|[from] item: Leftovers
|upkeep
|turn|9
|
|t:|1758954930
|move|p1a: Iron Crown|Volt Switch|p2a: Iron Man
|-damage|p2a: Iron Man|2/100
|
|t:|1758954932
|-end|p1a: Iron Crown|Quark Drive|[silent]
|switch|p1a: Alomomola|Alomomola, M|82/100 brn|[from] Volt Switch
|move|p2a: Iron Man|Earth Power|p1a: Alomomola
|-damage|p1a: Alomomola|60/100 brn
|
|-heal|p2a: Iron Man|9/100|[from] item: Leftovers
|-damage|p1a: Alomomola|54/100 brn|[from] brn
|upkeep
|turn|10
|
|t:|1758954941
|move|p2a: Iron Man|Earth Power|p1a: Alomomola
|-damage|p1a: Alomomola|29/100 brn
|move|p1a: Alomomola|Flip Turn|p2a: Iron Man
|-supereffective|p2a: Iron Man
|-damage|p2a: Iron Man|0 fnt
|faint|p2a: Iron Man
|
|t:|1758954955
|switch|p1a: Iron Valiant|Iron Valiant|100/100|[from] Flip Turn
|
|upkeep
|
|t:|1758954960
|switch|p2a: Rhino|Great Tusk|100/100
|-enditem|p2a: Rhino|Booster Energy
|-activate|p2a: Rhino|ability: Protosynthesis|[fromitem]
|-start|p2a: Rhino|protosynthesisspe
|turn|11
|
|t:|1758954981
|move|p2a: Rhino|Headlong Rush|p1a: Iron Valiant
|-damage|p1a: Iron Valiant|44/100
|-unboost|p2a: Rhino|def|1
|-unboost|p2a: Rhino|spd|1
|move|p1a: Iron Valiant|Moonblast|p2a: Rhino
|-supereffective|p2a: Rhino
|-damage|p2a: Rhino|0 fnt
|faint|p2a: Rhino
|-end|p2a: Rhino|Protosynthesis|[silent]
|
|upkeep
|
|t:|1758954994
|switch|p2a: Hulk|Rillaboom, M|22/100 frz
|-fieldstart|move: Grassy Terrain|[from] ability: Grassy Surge|[of] p2a: Hulk
|turn|12
|
|t:|1758954998
|move|p1a: Iron Valiant|Moonblast|p2a: Hulk
|-damage|p2a: Hulk|0 fnt
|faint|p2a: Hulk
|
|-heal|p1a: Iron Valiant|50/100|[from] Grassy Terrain
|upkeep
|
|t:|1758955000
|switch|p2a: Scarlet Witch|Comfey, F|100/100
|-enditem|p2a: Scarlet Witch|Grassy Seed
|-boost|p2a: Scarlet Witch|def|1|[from] item: Grassy Seed
|turn|13
|
|t:|1758955004
|-end|p1a: Iron Valiant|Quark Drive|[silent]
|switch|p1a: Slowking|Slowking-Galar, F|100/100
|-terastallize|p2a: Scarlet Witch|Steel
|move|p2a: Scarlet Witch|Calm Mind|p2a: Scarlet Witch
|-boost|p2a: Scarlet Witch|spa|1
|-boost|p2a: Scarlet Witch|spd|1
|
|upkeep
|turn|14
|
|t:|1758955008
|move|p2a: Scarlet Witch|Calm Mind|p2a: Scarlet Witch
|-boost|p2a: Scarlet Witch|spa|1
|-boost|p2a: Scarlet Witch|spd|1
|-prepare|p1a: Slowking|Chilly Reception|[premajor]
|move|p1a: Slowking|Chilly Reception|p1a: Slowking
|-weather|Snowscape
|
|t:|1758955033
|switch|p1a: Thundurus|Thundurus, M|100/100|[from] Chilly Reception
|-damage|p1a: Thundurus|76/100|[from] Stealth Rock
|
|-weather|Snowscape|[upkeep]
|upkeep
|turn|15
|
|t:|1758955036
|move|p1a: Thundurus|Thunder Wave|p2a: Scarlet Witch
|-status|p2a: Scarlet Witch|par
|move|p2a: Scarlet Witch|Calm Mind|p2a: Scarlet Witch
|-boost|p2a: Scarlet Witch|spa|1
|-boost|p2a: Scarlet Witch|spd|1
|
|-weather|Snowscape|[upkeep]
|upkeep
|turn|16
|
|t:|1758955042
|move|p1a: Thundurus|Electric Terrain|p1a: Thundurus
|-fieldstart|move: Electric Terrain
|move|p2a: Scarlet Witch|Calm Mind|p2a: Scarlet Witch
|-boost|p2a: Scarlet Witch|spa|1
|-boost|p2a: Scarlet Witch|spd|1
|
|-weather|Snowscape|[upkeep]
|upkeep
|turn|17
|
|t:|1758955046
|move|p1a: Thundurus|Volt Switch|p2a: Scarlet Witch
|-damage|p2a: Scarlet Witch|88/100 par
|
|t:|1758955050
|switch|p1a: Iron Hands|Iron Hands|91/100 brn|[from] Volt Switch
|-damage|p1a: Iron Hands|85/100 brn|[from] Stealth Rock
|-activate|p1a: Iron Hands|ability: Quark Drive
|-start|p1a: Iron Hands|quarkdrivedef
|move|p2a: Scarlet Witch|Stored Power|p1a: Iron Hands
|-supereffective|p1a: Iron Hands
|-damage|p1a: Iron Hands|0 fnt
|faint|p1a: Iron Hands
|-end|p1a: Iron Hands|Quark Drive|[silent]
|
|-weather|Snowscape|[upkeep]
|upkeep
|
|t:|1758955071
|switch|p1a: Iron Valiant|Iron Valiant|50/100
|-activate|p1a: Iron Valiant|ability: Quark Drive
|-start|p1a: Iron Valiant|quarkdrivespe
|turn|18
|
|t:|1758955075
|move|p2a: Scarlet Witch|Draining Kiss|p1a: Iron Valiant
|-supereffective|p1a: Iron Valiant
|-damage|p1a: Iron Valiant|0 fnt
|-heal|p2a: Scarlet Witch|100/100 par|[from] drain|[of] p1a: Iron Valiant
|faint|p1a: Iron Valiant
|-end|p1a: Iron Valiant|Quark Drive|[silent]
|
|-weather|none
|upkeep
|-message|miscellandorus forfeited.
|
|win|aalhadk
|raw|miscellandorus's rating: 1390 &rarr; <strong>1375</strong><br />(-15 for losing)
|raw|aalhadk's rating: 1479 &rarr; <strong>1494</strong><br />(+15 for winning)
|l|☆miscellandorus
|player|p1|
|l|☆aalhadk
|player|p2|
