|j|☆squadfam96
|j|☆PickaxeDevil
|t:|1758972024
|gametype|singles
|player|p1|squadfam96|266|1333
|player|p2|PickaxeDevil|skyla|1342
|gen|9
|tier|[Gen 9] OU
|rated|
|rule|HP Percentage Mod: HP is shown in percentages
|rule|Endless Battle Clause: Forcing endless battles is banned
|rule|Species Clause: Limit one of each Pokémon
|rule|OHKO Clause: OHKO moves are banned
|rule|Evasion Items Clause: Evasion items are banned
|rule|Evasion Moves Clause: Evasion moves are banned
|rule|Evasion Abilities Clause: Evasion abilities are banned
|rule|Sleep Moves Clause: Sleep-inducing moves are banned
|clearpoke
|poke|p1|Golem-Alola, M|
|poke|p1|Quaquaval, M|
|poke|p1|Iron Moth|
|poke|p1|Hydrapple, F|
|poke|p1|Kingambit, F|
|poke|p1|Landorus-Therian, M|
|poke|p2|Pelipper, M|
|poke|p2|Kingdra, M|
|poke|p2|Kilowattrel, F|
|poke|p2|Overqwil, F|
|poke|p2|Gholdengo|
|poke|p2|Dragonite, M|
|teampreview
|
|t:|1758972033
|teamsize|p1|6
|teamsize|p2|6
|start
|switch|p1a: Golem|Golem-Alola, M|100/100
|switch|p2a: Pelipper|Pelipper, M|100/100
|-weather|RainDance|[from] ability: Drizzle|[of] p2a: Pelipper
|turn|1
|
|t:|1758972045
|switch|p2a: Kilowattrel|Kilowattrel, F|100/100
|move|p1a: Golem|Stealth Rock|p2a: Kilowattrel
|-sidestart|p2: PickaxeDevil|move: Stealth Rock
|
|-weather|RainDance|[upkeep]
|upkeep
|turn|2
|
|t:|1758972052
|-terastallize|p1a: Golem|Ice
|move|p2a: Kilowattrel|Volt Switch|p1a: Golem
|-damage|p1a: Golem|42/100
|
|t:|1758972058
|switch|p2a: Gholdengo|Gholdengo|100/100|[from] Volt Switch
|-damage|p2a: Gholdengo|94/100|[from] Stealth Rock
|move|p1a: Golem|Tera Blast|p2a: Gholdengo|[anim] Tera Blast Ice
|-resisted|p2a: Gholdengo
|-damage|p2a: Gholdengo|70/100
|
|-weather|RainDance|[upkeep]
|upkeep
|turn|3
|
|t:|1758972073
|move|p2a: Gholdengo|Shadow Ball|p1a: Golem
|-damage|p1a: Golem|0 fnt
|faint|p1a: Golem
|
|-weather|RainDance|[upkeep]
|upkeep
|
|t:|1758972088
|switch|p1a: Quaquaval|Quaquaval, M, shiny|100/100
|turn|4
|
|t:|1758972093
|switch|p2a: Pelipper|Pelipper, M|100/100
|-damage|p2a: Pelipper|76/100|[from] Stealth Rock
|move|p1a: Quaquaval|Swords Dance|p1a: Quaquaval
|-boost|p1a: Quaquaval|atk|2
|
|-weather|RainDance|[upkeep]
|upkeep
|turn|5
|
|t:|1758972103
|move|p1a: Quaquaval|Aqua Step|p2a: Pelipper
|-resisted|p2a: Pelipper
|-damage|p2a: Pelipper|35/100
|-boost|p1a: Quaquaval|spe|1
|move|p2a: Pelipper|U-turn|p1a: Quaquaval
|-resisted|p1a: Quaquaval
|-damage|p1a: Quaquaval|94/100
|
|t:|1758972106
|switch|p2a: Kilowattrel|Kilowattrel, F|100/100|[from] U-turn
|-damage|p2a: Kilowattrel|76/100|[from] Stealth Rock
|
|-weather|RainDance|[upkeep]
|-heal|p1a: Quaquaval|100/100|[from] item: Leftovers
|upkeep
|turn|6
|
|t:|1758972118
|move|p1a: Quaquaval|Aqua Step|p2a: Kilowattrel
|-damage|p2a: Kilowattrel|0 fnt
|-boost|p1a: Quaquaval|spe|1
|faint|p2a: Kilowattrel
|-ability|p1a: Quaquaval|Moxie|boost
|-boost|p1a: Quaquaval|atk|1
|
|-weather|RainDance|[upkeep]
|upkeep
|
|t:|1758972127
|switch|p2a: Dragonite|Dragonite, M, shiny|100/100
|turn|7
|
|t:|1758972135
|move|p2a: Dragonite|Extreme Speed|p1a: Quaquaval
|-damage|p1a: Quaquaval|65/100
|move|p1a: Quaquaval|Close Combat|p2a: Dragonite
|-resisted|p2a: Dragonite
|-damage|p2a: Dragonite|66/100
|-unboost|p1a: Quaquaval|def|1
|-unboost|p1a: Quaquaval|spd|1
|
|-weather|RainDance|[upkeep]
|-heal|p1a: Quaquaval|72/100|[from] item: Leftovers
|upkeep
|turn|8
|
|t:|1758972147
|switch|p1a: Landorus|Landorus-Therian, M|100/100
|-ability|p1a: Landorus|Intimidate|boost
|-unboost|p2a: Dragonite|atk|1
|move|p2a: Dragonite|Extreme Speed|p1a: Landorus
|-damage|p1a: Landorus|78/100
|
|-weather|none
|upkeep
|turn|9
|
|t:|1758972157
|switch|p2a: Pelipper|Pelipper, M|35/100
|-damage|p2a: Pelipper|10/100|[from] Stealth Rock
|-weather|RainDance|[from] ability: Drizzle|[of] p2a: Pelipper
|move|p1a: Landorus|Stone Edge|p2a: Pelipper|[miss]
|-miss|p1a: Landorus|p2a: Pelipper
|
|-weather|RainDance|[upkeep]
|upkeep
|turn|10
|
|t:|1758972162
|move|p1a: Landorus|Stone Edge|p2a: Pelipper
|-supereffective|p2a: Pelipper
|-damage|p2a: Pelipper|0 fnt
|faint|p2a: Pelipper
|
|-weather|RainDance|[upkeep]
|upkeep
|
|t:|1758972167
|switch|p2a: Kingdra|Kingdra, M|100/100
|-damage|p2a: Kingdra|88/100|[from] Stealth Rock
|turn|11
|
|t:|1758972175
|-terastallize|p2a: Kingdra|Water
|move|p2a: Kingdra|Weather Ball|p1a: Landorus
|-supereffective|p1a: Landorus
|-damage|p1a: Landorus|0 fnt
|faint|p1a: Landorus
|-damage|p2a: Kingdra|78/100|[from] item: Life Orb
|
|-weather|RainDance|[upkeep]
|upkeep
|
|t:|1758972187
|switch|p1a: Hydrapple|Hydrapple, F|100/100
|turn|12
|
|t:|1758972194
|move|p2a: Kingdra|Hurricane|p1a: Hydrapple
|-supereffective|p1a: Hydrapple
|-damage|p1a: Hydrapple|40/100
|-damage|p2a: Kingdra|68/100|[from] item: Life Orb
|move|p1a: Hydrapple|Fickle Beam|p2a: Kingdra
|-damage|p2a: Kingdra|21/100
|
|-weather|RainDance|[upkeep]
|upkeep
|turn|13
|
|t:|1758972205
|switch|p1a: Kingambit|Kingambit, F|100/100
|-activate|p1a: Kingambit|ability: Supreme Overlord
|-start|p1a: Kingambit|fallen2|[silent]
|move|p2a: Kingdra|Hurricane|p1a: Kingambit
|-resisted|p1a: Kingambit
|-damage|p1a: Kingambit|74/100
|-damage|p2a: Kingdra|11/100|[from] item: Life Orb
|
|-weather|RainDance|[upkeep]
|-heal|p1a: Kingambit|80/100|[from] item: Leftovers
|upkeep
|turn|14
|
|t:|1758972210
|move|p1a: Kingambit|Sucker Punch|p2a: Kingdra
|-damage|p2a: Kingdra|0 fnt
|faint|p2a: Kingdra
|
|-weather|RainDance|[upkeep]
|-heal|p1a: Kingambit|86/100|[from] item: Leftovers
|upkeep
|
|t:|1758972218
|switch|p2a: Overqwil|Overqwil, F|100/100
|-damage|p2a: Overqwil|88/100|[from] Stealth Rock
|turn|15
|
|t:|1758972229
|move|p2a: Overqwil|Liquidation|p1a: Kingambit
|-damage|p1a: Kingambit|29/100
|move|p1a: Kingambit|Swords Dance|p1a: Kingambit
|-boost|p1a: Kingambit|atk|2
|
|-weather|RainDance|[upkeep]
|-heal|p1a: Kingambit|35/100|[from] item: Leftovers
|upkeep
|turn|16
|
|t:|1758972233
|move|p1a: Kingambit|Sucker Punch|p2a: Overqwil
|-resisted|p2a: Overqwil
|-damage|p2a: Overqwil|28/100
|move|p2a: Overqwil|Liquidation|p1a: Kingambit
|-damage|p1a: Kingambit|0 fnt
|faint|p1a: Kingambit
|-end|p1a: Kingambit|fallen2|[silent]
|
|-weather|none
|upkeep
|
|t:|1758972239
|switch|p1a: Quaquaval|Quaquaval, M, shiny|72/100
|turn|17
|
|t:|1758972244
|switch|p2a: Dragonite|Dragonite, M, shiny|66/100
|move|p1a: Quaquaval|Aqua Step|p2a: Dragonite
|-resisted|p2a: Dragonite
|-damage|p2a: Dragonite|49/100
|-boost|p1a: Quaquaval|spe|1
|
|-heal|p1a: Quaquaval|78/100|[from] item: Leftovers
|upkeep
|turn|18
|
|t:|1758972276
|move|p1a: Quaquaval|Swords Dance|p1a: Quaquaval
|-boost|p1a: Quaquaval|atk|2
|move|p2a: Dragonite|Tailwind|p2a: Dragonite
|-sidestart|p2: PickaxeDevil|move: Tailwind
|
|-heal|p1a: Quaquaval|84/100|[from] item: Leftovers
|upkeep
|turn|19
|
|t:|1758972281
|move|p2a: Dragonite|Extreme Speed|p1a: Quaquaval
|-damage|p1a: Quaquaval|46/100
|move|p1a: Quaquaval|Aqua Step|p2a: Dragonite
|-resisted|p2a: Dragonite
|-damage|p2a: Dragonite|13/100
|-boost|p1a: Quaquaval|spe|1
|
|-heal|p1a: Quaquaval|52/100|[from] item: Leftovers
|upkeep
|turn|20
|
|t:|1758972292
|move|p2a: Dragonite|Extreme Speed|p1a: Quaquaval
|-damage|p1a: Quaquaval|17/100
|move|p1a: Quaquaval|Aqua Step|p2a: Dragonite
|-resisted|p2a: Dragonite
|-damage|p2a: Dragonite|0 fnt
|-boost|p1a: Quaquaval|spe|1
|faint|p2a: Dragonite
|-ability|p1a: Quaquaval|Moxie|boost
|-boost|p1a: Quaquaval|atk|1
|
|-heal|p1a: Quaquaval|23/100|[from] item: Leftovers
|upkeep
|
|t:|1758972295
|switch|p2a: Gholdengo|Gholdengo|70/100
|-damage|p2a: Gholdengo|64/100|[from] Stealth Rock
|turn|21
|
|t:|1758972307
|move|p2a: Gholdengo|Psyshock|p1a: Quaquaval
|-supereffective|p1a: Quaquaval
|-damage|p1a: Quaquaval|0 fnt
|faint|p1a: Quaquaval
|
|-sideend|p2: PickaxeDevil|move: Tailwind
|upkeep
|
|t:|1758972323
|switch|p1a: Hydrapple|Hydrapple, F|74/100
|turn|22
|
|t:|1758972346
|move|p2a: Gholdengo|Psyshock|p1a: Hydrapple
|-damage|p1a: Hydrapple|53/100
|move|p1a: Hydrapple|Earth Power|p2a: Gholdengo
|-supereffective|p2a: Gholdengo
|-damage|p2a: Gholdengo|0 fnt
|faint|p2a: Gholdengo
|
|upkeep
|
|t:|1758972348
|switch|p2a: Overqwil|Overqwil, F|28/100
|-damage|p2a: Overqwil|16/100|[from] Stealth Rock
|turn|23
|
|t:|1758972366
|move|p2a: Overqwil|Throat Chop|p1a: Hydrapple
|-damage|p1a: Hydrapple|4/100
|-start|p1a: Hydrapple|Throat Chop|[silent]
|move|p1a: Hydrapple|Earth Power|p2a: Overqwil
|-supereffective|p2a: Overqwil
|-damage|p2a: Overqwil|0 fnt
|faint|p2a: Overqwil
|
|win|squadfam96
|raw|squadfam96's rating: 1333 &rarr; <strong>1354</strong><br />(+21 for winning)
|raw|PickaxeDevil's rating: 1342 &rarr; <strong>1321</strong><br />(-21 for losing)
|c|☆PickaxeDevil|gg
|l|☆squadfam96
|player|p1|
|l|☆PickaxeDevil
|player|p2|
