|j|☆TackyZack
|j|☆Boasy
|t:|1758984320
|gametype|singles
|player|p1|TackyZack|2|1427
|player|p2|Boasy|265|1486
|gen|9
|tier|[Gen 9] OU
|rated|
|rule|HP Percentage Mod: HP is shown in percentages
|rule|Endless Battle Clause: Forcing endless battles is banned
|rule|Species Clause: Limit one of each Pokémon
|rule|OHKO Clause: OHKO moves are banned
|rule|Evasion Items Clause: Evasion items are banned
|rule|Evasion Moves Clause: Evasion moves are banned
|rule|Evasion Abilities Clause: Evasion abilities are banned
|rule|Sleep Moves Clause: Sleep-inducing moves are banned
|clearpoke
|poke|p1|Dragonite, F|
|poke|p1|Gholdengo|
|poke|p1|Regidrago|
|poke|p1|Scizor, F|
|poke|p1|Ting-Lu|
|poke|p1|Weezing-Galar, M|
|poke|p2|Tyranitar, F|
|poke|p2|Gholdengo|
|poke|p2|Zamazenta-*|
|poke|p2|Rillaboom, M|
|poke|p2|Garchomp, M|
|poke|p2|Zapdos|
|teampreview
|inactive|Battle timer is ON: inactive players will automatically lose when time's up. (requested by Boasy)
|
|t:|1758984326
|teamsize|p1|6
|teamsize|p2|6
|start
|switch|p1a: Regidrago|Regidrago|100/100
|switch|p2a: Garchomp|Garchomp, M|100/100
|turn|1
|
|t:|1758984332
|switch|p2a: Tyranitar|Tyranitar, F|100/100
|-weather|Sandstorm|[from] ability: Sand Stream|[of] p2a: Tyranitar
|move|p1a: Regidrago|Dragon Energy|p2a: Tyranitar
|-damage|p2a: Tyranitar|33/100
|
|-weather|Sandstorm|[upkeep]
|-damage|p1a: Regidrago|94/100|[from] Sandstorm
|upkeep
|turn|2
|
|t:|1758984342
|move|p1a: Regidrago|Dragon Energy|p2a: Tyranitar
|-damage|p2a: Tyranitar|0 fnt
|faint|p2a: Tyranitar
|
|-weather|Sandstorm|[upkeep]
|-damage|p1a: Regidrago|88/100|[from] Sandstorm
|upkeep
|
|t:|1758984348
|switch|p2a: Gholdengo|Gholdengo|100/100
|-item|p2a: Gholdengo|Air Balloon
|turn|3
|
|t:|1758984352
|switch|p1a: Ting-Lu|Ting-Lu|100/100
|-ability|p1a: Ting-Lu|Vessel of Ruin
|-terastallize|p2a: Gholdengo|Fairy
|move|p2a: Gholdengo|Thunder Wave|p1a: Ting-Lu
|-immune|p1a: Ting-Lu
|
|-weather|Sandstorm|[upkeep]
|-damage|p2a: Gholdengo|94/100|[from] Sandstorm
|upkeep
|turn|4
|
|t:|1758984360
|switch|p2a: Garchomp|Garchomp, M|100/100
|move|p1a: Ting-Lu|Ruination|p2a: Garchomp
|-damage|p2a: Garchomp|51/100
|
|-weather|Sandstorm|[upkeep]
|upkeep
|turn|5
|
|t:|1758984364
|move|p2a: Garchomp|Stealth Rock|p1a: Ting-Lu
|-sidestart|p1: TackyZack|move: Stealth Rock
|move|p1a: Ting-Lu|Stealth Rock|p2a: Garchomp
|-sidestart|p2: Boasy|move: Stealth Rock
|
|-weather|none
|upkeep
|turn|6
|
|t:|1758984367
|move|p2a: Garchomp|Spikes|p1a: Ting-Lu
|-sidestart|p1: TackyZack|Spikes
|move|p1a: Ting-Lu|Earthquake|p2a: Garchomp
|-damage|p2a: Garchomp|28/100
|
|upkeep
|turn|7
|
|t:|1758984371
|move|p1a: Ting-Lu|Earthquake|p2a: Garchomp
|-damage|p2a: Garchomp|3/100
|move|p2a: Garchomp|Dragon Tail|p1a: Ting-Lu
|-damage|p1a: Ting-Lu|86/100
|drag|p1a: Regidrago|Regidrago|88/100
|-damage|p1a: Regidrago|76/100|[from] Stealth Rock
|-damage|p1a: Regidrago|64/100|[from] Spikes
|
|upkeep
|turn|8
|
|t:|1758984374
|move|p1a: Regidrago|Earth Power|p2a: Garchomp
|-damage|p2a: Garchomp|0 fnt
|faint|p2a: Garchomp
|
|upkeep
|
|t:|1758984376
|switch|p2a: Gholdengo|Gholdengo, tera:Fairy|94/100
|-damage|p2a: Gholdengo|82/100|[from] Stealth Rock
|-item|p2a: Gholdengo|Air Balloon
|turn|9
|
|t:|1758984380
|switch|p1a: Ting-Lu|Ting-Lu|86/100
|-damage|p1a: Ting-Lu|80/100|[from] Stealth Rock
|-damage|p1a: Ting-Lu|68/100|[from] Spikes
|-ability|p1a: Ting-Lu|Vessel of Ruin
|switch|p2a: Rillaboom|Rillaboom, M|100/100
|-fieldstart|move: Grassy Terrain|[from] ability: Grassy Surge|[of] p2a: Rillaboom
|
|-heal|p1a: Ting-Lu|74/100|[from] Grassy Terrain
|-heal|p1a: Ting-Lu|80/100|[from] item: Leftovers
|upkeep
|turn|10
|
|t:|1758984384
|switch|p1a: Weezing|Weezing-Galar, M|100/100
|-ability|p1a: Weezing|Neutralizing Gas
|move|p2a: Rillaboom|Knock Off|p1a: Weezing
|-resisted|p1a: Weezing
|-damage|p1a: Weezing|88/100
|-enditem|p1a: Weezing|Heavy-Duty Boots|[from] move: Knock Off|[of] p2a: Rillaboom
|
|-heal|p1a: Weezing|94/100|[from] Grassy Terrain
|upkeep
|turn|11
|
|t:|1758984393
|move|p2a: Rillaboom|U-turn|p1a: Weezing
|-resisted|p1a: Weezing
|-damage|p1a: Weezing|90/100
|
|t:|1758984396
|switch|p2a: Zapdos|Zapdos|100/100|[from] U-turn
|move|p1a: Weezing|Will-O-Wisp|p2a: Zapdos
|-status|p2a: Zapdos|brn
|
|-heal|p1a: Weezing|96/100|[from] Grassy Terrain
|-damage|p2a: Zapdos|94/100 brn|[from] brn
|upkeep
|turn|12
|
|t:|1758984399
|move|p2a: Zapdos|Hurricane|p1a: Weezing
|-damage|p1a: Weezing|28/100
|move|p1a: Weezing|Defog|p2a: Zapdos
|-unboost|p2a: Zapdos|evasion|1
|-sideend|p2: Boasy|Stealth Rock|[from] move: Defog|[of] p1a: Weezing
|-sideend|p1: TackyZack|Spikes|[from] move: Defog|[of] p1a: Weezing
|-sideend|p1: TackyZack|Stealth Rock|[from] move: Defog|[of] p1a: Weezing
|-fieldend|move: Grassy Terrain
|
|-damage|p2a: Zapdos|88/100 brn|[from] brn
|upkeep
|turn|13
|
|t:|1758984407
|-end|p1a: Weezing|ability: Neutralizing Gas
|switch|p1a: Ting-Lu|Ting-Lu|80/100
|-ability|p1a: Ting-Lu|Vessel of Ruin
|move|p2a: Zapdos|Hurricane|p1a: Ting-Lu
|-damage|p1a: Ting-Lu|57/100
|-start|p1a: Ting-Lu|confusion
|
|-heal|p1a: Ting-Lu|63/100|[from] item: Leftovers
|-damage|p2a: Zapdos|82/100 brn|[from] brn
|upkeep
|turn|14
|
|t:|1758984413
|switch|p2a: Rillaboom|Rillaboom, M|100/100
|-fieldstart|move: Grassy Terrain|[from] ability: Grassy Surge|[of] p2a: Rillaboom
|-activate|p1a: Ting-Lu|confusion
|move|p1a: Ting-Lu|Stealth Rock|p2a: Rillaboom
|-sidestart|p2: Boasy|move: Stealth Rock
|
|-heal|p1a: Ting-Lu|69/100|[from] Grassy Terrain
|-heal|p1a: Ting-Lu|76/100|[from] item: Leftovers
|upkeep
|turn|15
|
|t:|1758984421
|switch|p1a: Weezing|Weezing-Galar, M|28/100
|-ability|p1a: Weezing|Neutralizing Gas
|move|p2a: Rillaboom|Wood Hammer|p1a: Weezing
|-resisted|p1a: Weezing
|-damage|p1a: Weezing|2/100
|-damage|p2a: Rillaboom|92/100|[from] Recoil
|
|-heal|p2a: Rillaboom|98/100|[from] Grassy Terrain
|-heal|p1a: Weezing|8/100|[from] Grassy Terrain
|upkeep
|turn|16
|
|t:|1758984424
|move|p2a: Rillaboom|Wood Hammer|p1a: Weezing
|-resisted|p1a: Weezing
|-damage|p1a: Weezing|0 fnt
|faint|p1a: Weezing
|-end|p1a: Weezing|ability: Neutralizing Gas
|-damage|p2a: Rillaboom|96/100|[from] Recoil
|
|-heal|p2a: Rillaboom|100/100|[from] Grassy Terrain
|upkeep
|
|t:|1758984429
|switch|p1a: Scizor|Scizor, F|100/100
|turn|17
|
|t:|1758984432
|switch|p2a: Zapdos|Zapdos|82/100 brn
|move|p1a: Scizor|U-turn|p2a: Zapdos
|-resisted|p2a: Zapdos
|-damage|p2a: Zapdos|48/100 brn
|
|t:|1758984438
|switch|p1a: Regidrago|Regidrago|64/100|[from] U-turn
|
|-heal|p1a: Regidrago|70/100|[from] Grassy Terrain
|-damage|p2a: Zapdos|42/100 brn|[from] brn
|upkeep
|turn|18
|
|t:|1758984445
|switch|p2a: Gholdengo|Gholdengo, tera:Fairy|82/100
|-damage|p2a: Gholdengo|69/100|[from] Stealth Rock
|-item|p2a: Gholdengo|Air Balloon
|move|p1a: Regidrago|Dragon Energy|p2a: Gholdengo
|-immune|p2a: Gholdengo
|
|-heal|p1a: Regidrago|76/100|[from] Grassy Terrain
|-fieldend|move: Grassy Terrain
|upkeep
|turn|19
|
|t:|1758984453
|switch|p1a: Ting-Lu|Ting-Lu|76/100
|-ability|p1a: Ting-Lu|Vessel of Ruin
|switch|p2a: Rillaboom|Rillaboom, M|100/100
|-fieldstart|move: Grassy Terrain|[from] ability: Grassy Surge|[of] p2a: Rillaboom
|
|-heal|p1a: Ting-Lu|82/100|[from] Grassy Terrain
|-heal|p1a: Ting-Lu|88/100|[from] item: Leftovers
|upkeep
|turn|20
|
|t:|1758984460
|switch|p1a: Scizor|Scizor, F|100/100
|move|p2a: Rillaboom|Wood Hammer|p1a: Scizor
|-resisted|p1a: Scizor
|-damage|p1a: Scizor|76/100
|-damage|p2a: Rillaboom|93/100|[from] Recoil
|
|-heal|p2a: Rillaboom|99/100|[from] Grassy Terrain
|-heal|p1a: Scizor|82/100|[from] Grassy Terrain
|upkeep
|turn|21
|
|t:|1758984466
|switch|p2a: Zapdos|Zapdos|42/100 brn
|move|p1a: Scizor|U-turn|p2a: Zapdos
|-resisted|p2a: Zapdos
|-damage|p2a: Zapdos|7/100 brn
|
|t:|1758984472
|switch|p1a: Regidrago|Regidrago|76/100|[from] U-turn
|
|-heal|p1a: Regidrago|82/100|[from] Grassy Terrain
|-damage|p2a: Zapdos|0 fnt|[from] brn
|faint|p2a: Zapdos
|upkeep
|
|t:|1758984475
|switch|p2a: Gholdengo|Gholdengo, tera:Fairy|69/100
|-damage|p2a: Gholdengo|57/100|[from] Stealth Rock
|-item|p2a: Gholdengo|Air Balloon
|turn|22
|
|t:|1758984478
|switch|p2a: Zamazenta|Zamazenta|100/100
|-ability|p2a: Zamazenta|Dauntless Shield|boost
|-boost|p2a: Zamazenta|def|1
|move|p1a: Regidrago|Tera Blast|p2a: Zamazenta
|-damage|p2a: Zamazenta|77/100
|
|-heal|p1a: Regidrago|88/100|[from] Grassy Terrain
|-heal|p2a: Zamazenta|84/100|[from] Grassy Terrain
|upkeep
|turn|23
|
|t:|1758984485
|switch|p1a: Gholdengo|Gholdengo|100/100
|move|p2a: Zamazenta|Close Combat|p1a: Gholdengo
|-immune|p1a: Gholdengo
|
|-heal|p2a: Zamazenta|90/100|[from] Grassy Terrain
|-fieldend|move: Grassy Terrain
|upkeep
|turn|24
|-message|Boasy forfeited.
|
|win|TackyZack
|raw|TackyZack's rating: 1427 &rarr; <strong>1450</strong><br />(+23 for winning)
|raw|Boasy's rating: 1486 &rarr; <strong>1463</strong><br />(-23 for losing)
|l|☆Boasy
|player|p2|
|l|☆TackyZack
|player|p1|
