|badge|p2|bronze|gen9ou|100-6
|html|<div class="broadcast-red"><strong>This battle is required to be public due to one or more player having a season medal.</strong><br />During the public phase, you can discuss the state of the ladder <a href="/seasondiscussion">in a special chatroom.</a></div>
|uhtml|medal-msg|<div class="broadcast-blue">Curious what those medals under the avatar are? PS now has Ladder Seasons! For more information, check out the <a href="https://www.smogon.com/forums/threads/3740067/">thread on Smogon.</a></div>
|raw|<div class="broadcast-blue"><strong>This battle is required to be public due to a player having a name starting with 'medal'.</div>
|j|☆raewind
|j|‽ho3nconfirm3d
|t:|1758999784
|gametype|singles
|player|p1|raewind|dawn|1699
|player|p2|ho3nconfirm3d|#scl5shoguns|1905
|gen|9
|tier|[Gen 9] OU
|rated|
|rule|HP Percentage Mod: HP is shown in percentages
|rule|Endless Battle Clause: Forcing endless battles is banned
|rule|Species Clause: Limit one of each Pokémon
|rule|OHKO Clause: OHKO moves are banned
|rule|Evasion Items Clause: Evasion items are banned
|rule|Evasion Moves Clause: Evasion moves are banned
|rule|Evasion Abilities Clause: Evasion abilities are banned
|rule|Sleep Moves Clause: Sleep-inducing moves are banned
|clearpoke
|poke|p1|Zamazenta-*|
|poke|p1|Hydrapple, M|
|poke|p1|Iron Valiant|
|poke|p1|Gliscor, M|
|poke|p1|Ting-Lu|
|poke|p1|Gholdengo|
|poke|p2|Glimmora, M|
|poke|p2|Weavile, F|
|poke|p2|Zamazenta-*|
|poke|p2|Dragonite, F|
|poke|p2|Ogerpon-Wellspring, F|
|poke|p2|Gholdengo|
|teampreview
|inactive|Battle timer is ON: inactive players will automatically lose when time's up. (requested by raewind)
|inactive|raewind has 120 seconds left.
|
|t:|1758999820
|teamsize|p1|6
|teamsize|p2|6
|start
|switch|p1a: Gholdengo|Gholdengo|100/100
|switch|p2a: Ogerpon|Ogerpon-Wellspring, F|100/100
|turn|1
|
|t:|1758999827
|switch|p1a: Hydrapple|Hydrapple, M|100/100
|move|p2a: Ogerpon|Swords Dance|p2a: Ogerpon
|-boost|p2a: Ogerpon|atk|2
|
|upkeep
|turn|2
|
|t:|1758999854
|move|p2a: Ogerpon|Play Rough|p1a: Hydrapple
|-supereffective|p1a: Hydrapple
|-damage|p1a: Hydrapple|14/100
|move|p1a: Hydrapple|Giga Drain|p2a: Ogerpon
|-damage|p2a: Ogerpon|64/100
|-heal|p1a: Hydrapple|27/100|[from] drain|[of] p2a: Ogerpon
|
|upkeep
|turn|3
|j| larp legion
|inactive|raewind has 120 seconds left.
|
|t:|1758999875
|move|p2a: Ogerpon|Ivy Cudgel|p1a: Hydrapple|[anim] Ivy Cudgel Water
|-resisted|p1a: Hydrapple
|-damage|p1a: Hydrapple|12/100
|move|p1a: Hydrapple|Giga Drain|p2a: Ogerpon
|-damage|p2a: Ogerpon|27/100
|-heal|p1a: Hydrapple|25/100|[from] drain|[of] p2a: Ogerpon
|
|upkeep
|turn|4
|inactive|raewind has 120 seconds left.
|
|t:|1758999896
|switch|p1a: Gholdengo|Gholdengo|100/100
|move|p2a: Ogerpon|Play Rough|p1a: Gholdengo|[miss]
|-miss|p2a: Ogerpon|p1a: Gholdengo
|
|upkeep
|turn|5
|
|t:|1758999902
|move|p1a: Gholdengo|Shadow Ball|p2a: Ogerpon
|-damage|p2a: Ogerpon|0 fnt
|faint|p2a: Ogerpon
|
|upkeep
|
|t:|1758999906
|switch|p2a: Weavile|Weavile, F|100/100
|-ability|p2a: Weavile|Pressure
|turn|6
|
|t:|1758999911
|switch|p1a: Zamazenta|Zamazenta|100/100
|-ability|p1a: Zamazenta|Dauntless Shield|boost
|-boost|p1a: Zamazenta|def|1
|move|p2a: Weavile|Knock Off|p1a: Zamazenta
|-resisted|p1a: Zamazenta
|-damage|p1a: Zamazenta|79/100
|-enditem|p1a: Zamazenta|Heavy-Duty Boots|[from] move: Knock Off|[of] p2a: Weavile
|-damage|p2a: Weavile|91/100|[from] item: Life Orb
|
|upkeep
|turn|7
|inactive|raewind has 120 seconds left.
|
|t:|1758999939
|switch|p2a: Glimmora|Glimmora, M|100/100
|move|p1a: Zamazenta|Close Combat|p2a: Glimmora
|-damage|p2a: Glimmora|45/100
|-unboost|p1a: Zamazenta|def|1
|-unboost|p1a: Zamazenta|spd|1
|-activate|p2a: Glimmora|ability: Toxic Debris
|-sidestart|p1: raewind|move: Toxic Spikes
|-enditem|p2a: Glimmora|Red Card|[of] p1a: Zamazenta
|drag|p1a: Gliscor|Gliscor, M|100/100
|
|-status|p1a: Gliscor|tox|[from] item: Toxic Orb
|upkeep
|turn|8
|inactive|ho3nconfirm3d has 120 seconds left.
|
|t:|1758999977
|move|p2a: Glimmora|Stealth Rock|p1a: Gliscor
|-sidestart|p1: raewind|move: Stealth Rock
|move|p1a: Gliscor|Swords Dance|p1a: Gliscor
|-boost|p1a: Gliscor|atk|2
|
|upkeep
|turn|9
|inactive|raewind has 90 seconds left.
|
|t:|1759000003
|switch|p2a: Zamazenta|Zamazenta|100/100
|-ability|p2a: Zamazenta|Dauntless Shield|boost
|-boost|p2a: Zamazenta|def|1
|move|p1a: Gliscor|Facade|p2a: Zamazenta
|-damage|p2a: Zamazenta|67/100
|
|-heal|p2a: Zamazenta|73/100|[from] item: Leftovers
|upkeep
|turn|10
|inactive|raewind has 90 seconds left.
|
|t:|1759000024
|move|p2a: Zamazenta|Iron Defense|p2a: Zamazenta
|-boost|p2a: Zamazenta|def|2
|move|p1a: Gliscor|Knock Off|p2a: Zamazenta
|-resisted|p2a: Zamazenta
|-damage|p2a: Zamazenta|66/100
|-enditem|p2a: Zamazenta|Leftovers|[from] move: Knock Off|[of] p1a: Gliscor
|
|upkeep
|turn|11
|inactive|ho3nconfirm3d has 120 seconds left.
|
|t:|1759000044
|switch|p1a: Gholdengo|Gholdengo|100/100
|-damage|p1a: Gholdengo|94/100|[from] Stealth Rock
|move|p2a: Zamazenta|Roar|p1a: Gholdengo
|-immune|p1a: Gholdengo|[from] ability: Good as Gold
|
|upkeep
|turn|12
|inactive|raewind has 60 seconds left.
|
|t:|1759000071
|move|p1a: Gholdengo|Shadow Ball|p2a: Zamazenta
|-damage|p2a: Zamazenta|33/100
|move|p2a: Zamazenta|Crunch|p1a: Gholdengo
|-supereffective|p1a: Gholdengo
|-damage|p1a: Gholdengo|45/100
|-unboost|p1a: Gholdengo|def|1
|
|upkeep
|turn|13
|
|t:|1759000080
|switch|p2a: Weavile|Weavile, F|91/100
|-ability|p2a: Weavile|Pressure
|move|p1a: Gholdengo|Shadow Ball|p2a: Weavile
|-resisted|p2a: Weavile
|-damage|p2a: Weavile|62/100
|
|upkeep
|turn|14
|inactive|raewind has 60 seconds left.
|
|t:|1759000101
|switch|p1a: Hydrapple|Hydrapple, M|58/100
|move|p2a: Weavile|Triple Axel|p1a: Hydrapple
|-supereffective|p1a: Hydrapple
|-damage|p1a: Hydrapple|27/100
|-supereffective|p1a: Hydrapple
|-damage|p1a: Hydrapple|0 fnt
|faint|p1a: Hydrapple
|-hitcount|p1: Hydrapple|2
|-damage|p2a: Weavile|52/100|[from] item: Life Orb
|
|upkeep
|inactive|raewind has 60 seconds left.
|
|t:|1759000119
|switch|p1a: Gholdengo|Gholdengo|45/100
|-damage|p1a: Gholdengo|39/100|[from] Stealth Rock
|turn|15
|
|t:|1759000131
|switch|p2a: Glimmora|Glimmora, M|45/100
|move|p1a: Gholdengo|Make It Rain|p2a: Glimmora
|-supereffective|p2a: Glimmora
|-damage|p2a: Glimmora|0 fnt
|-unboost|p1a: Gholdengo|spa|1
|faint|p2a: Glimmora
|
|upkeep
|
|t:|1759000140
|switch|p2a: Gholdengo|Gholdengo|100/100
|turn|16
|inactive|raewind has 60 seconds left.
|
|t:|1759000152
|switch|p1a: Gliscor|Gliscor, M|100/100 tox
|-damage|p1a: Gliscor|88/100 tox|[from] Stealth Rock
|move|p2a: Gholdengo|Nasty Plot|p2a: Gholdengo
|-boost|p2a: Gholdengo|spa|2
|
|-heal|p1a: Gliscor|100/100 tox|[from] ability: Poison Heal
|upkeep
|turn|17
|inactive|raewind has 60 seconds left.
|
|t:|1759000171
|move|p1a: Gliscor|Knock Off|p2a: Gholdengo
|-supereffective|p2a: Gholdengo
|-damage|p2a: Gholdengo|63/100
|-enditem|p2a: Gholdengo|Shuca Berry|[from] move: Knock Off|[of] p1a: Gliscor
|move|p2a: Gholdengo|Make It Rain|p1a: Gliscor
|-damage|p1a: Gliscor|0 fnt
|-unboost|p2a: Gholdengo|spa|1
|faint|p1a: Gliscor
|
|upkeep
|j| Dugtrio Is Broken
|l| Dugtrio Is Broken
|inactive|raewind has 30 seconds left.
|
|t:|1759000210
|switch|p1a: Gholdengo|Gholdengo|39/100
|-damage|p1a: Gholdengo|33/100|[from] Stealth Rock
|turn|18
|
|t:|1759000218
|switch|p2a: Zamazenta|Zamazenta|33/100
|move|p1a: Gholdengo|Shadow Ball|p2a: Zamazenta
|-damage|p2a: Zamazenta|1/100
|-unboost|p2a: Zamazenta|spd|1
|
|upkeep
|turn|19
|
|t:|1759000224
|move|p1a: Gholdengo|Shadow Ball|p2a: Zamazenta
|-damage|p2a: Zamazenta|0 fnt
|faint|p2a: Zamazenta
|
|upkeep
|
|t:|1759000225
|switch|p2a: Weavile|Weavile, F|52/100
|-ability|p2a: Weavile|Pressure
|turn|20
|inactive|raewind has 30 seconds left.
|
|t:|1759000251
|move|p1a: Gholdengo|Shadow Ball|p2a: Weavile
|-resisted|p2a: Weavile
|-damage|p2a: Weavile|24/100
|-unboost|p2a: Weavile|spd|1
|move|p2a: Weavile|Triple Axel|p1a: Gholdengo
|-resisted|p1a: Gholdengo
|-damage|p1a: Gholdengo|26/100
|-resisted|p1a: Gholdengo
|-damage|p1a: Gholdengo|12/100
|-resisted|p1a: Gholdengo
|-damage|p1a: Gholdengo|0 fnt
|faint|p1a: Gholdengo
|-hitcount|p1: Gholdengo|3
|-damage|p2a: Weavile|14/100|[from] item: Life Orb
|
|upkeep
|inactive|raewind has 30 seconds left.
|
|t:|1759000263
|switch|p1a: Zamazenta|Zamazenta|79/100
|-status|p1a: Zamazenta|psn
|-damage|p1a: Zamazenta|73/100 psn|[from] Stealth Rock
|turn|21
|
|t:|1759000265
|switch|p2a: Gholdengo|Gholdengo|63/100
|move|p1a: Zamazenta|Crunch|p2a: Gholdengo
|-supereffective|p2a: Gholdengo
|-damage|p2a: Gholdengo|14/100
|-unboost|p2a: Gholdengo|def|1
|
|-damage|p1a: Zamazenta|61/100 psn|[from] psn
|upkeep
|turn|22
|
|t:|1759000271
|move|p1a: Zamazenta|Crunch|p2a: Gholdengo
|-supereffective|p2a: Gholdengo
|-damage|p2a: Gholdengo|0 fnt
|faint|p2a: Gholdengo
|
|-damage|p1a: Zamazenta|48/100 psn|[from] psn
|upkeep
|
|t:|1759000289
|switch|p2a: Dragonite|Dragonite, F|100/100
|turn|23
|inactive|ho3nconfirm3d has 120 seconds left.
|
|t:|1759000322
|move|p1a: Zamazenta|Ice Fang|p2a: Dragonite
|-supereffective|p2a: Dragonite
|-damage|p2a: Dragonite|55/100
|move|p2a: Dragonite|Dragon Dance|p2a: Dragonite
|-boost|p2a: Dragonite|atk|1
|-boost|p2a: Dragonite|spe|1
|
|-damage|p1a: Zamazenta|36/100 psn|[from] psn
|upkeep
|turn|24
|
|t:|1759000332
|move|p2a: Dragonite|Extreme Speed|p1a: Zamazenta
|-damage|p1a: Zamazenta|0 fnt
|faint|p1a: Zamazenta
|
|upkeep
|inactive|raewind has 30 seconds left.
|inactive|raewind has 20 seconds left.
|inactive|raewind has 15 seconds left.
|inactive|raewind has 10 seconds left.
|
|t:|1759000377
|switch|p1a: Iron Valiant|Iron Valiant|100/100
|-status|p1a: Iron Valiant|psn
|-damage|p1a: Iron Valiant|94/100 psn|[from] Stealth Rock
|turn|25
|inactive|raewind has 20 seconds left this turn.
|
|t:|1759000382
|-terastallize|p2a: Dragonite|Normal
|move|p2a: Dragonite|Extreme Speed|p1a: Iron Valiant
|-damage|p1a: Iron Valiant|7/100 psn
|move|p1a: Iron Valiant|Moonblast|p2a: Dragonite
|-crit|p2a: Dragonite
|-damage|p2a: Dragonite|0 fnt
|faint|p2a: Dragonite
|
|-damage|p1a: Iron Valiant|0 fnt|[from] psn
|faint|p1a: Iron Valiant
|-end|p1a: Iron Valiant|Quark Drive|[silent]
|upkeep
|inactive|raewind has 25 seconds left this turn.
|
|t:|1759000387
|switch|p1a: Ting-Lu|Ting-Lu|100/100
|switch|p2a: Weavile|Weavile, F|14/100
|-ability|p2a: Weavile|Pressure
|-status|p1a: Ting-Lu|psn
|-damage|p1a: Ting-Lu|94/100 psn|[from] Stealth Rock
|-ability|p1a: Ting-Lu|Vessel of Ruin
|turn|26
|
|t:|1759000389
|-terastallize|p1a: Ting-Lu|Water
|move|p2a: Weavile|Triple Axel|p1a: Ting-Lu
|-resisted|p1a: Ting-Lu
|-damage|p1a: Ting-Lu|91/100 psn
|-resisted|p1a: Ting-Lu
|-damage|p1a: Ting-Lu|84/100 psn
|-resisted|p1a: Ting-Lu
|-damage|p1a: Ting-Lu|73/100 psn
|-hitcount|p1a: Ting-Lu|3
|-damage|p2a: Weavile|4/100|[from] item: Life Orb
|move|p1a: Ting-Lu|Earthquake|p2a: Weavile
|-damage|p2a: Weavile|0 fnt
|faint|p2a: Weavile
|
|win|raewind
|raw|raewind's rating: 1699 &rarr; <strong>1730</strong><br />(+31 for winning)
|raw|ho3nconfirm3d's rating: 1921 &rarr; <strong>1890</strong><br />(-31 for losing)
