|j|☆the the green
|j|☆Shatshitun
|t:|1758938127
|gametype|singles
|player|p1|the the green|101|1287
|player|p2|Shatshitun|skyla|1334
|gen|9
|tier|[Gen 9] OU
|rated|
|rule|HP Percentage Mod: HP is shown in percentages
|rule|Endless Battle Clause: Forcing endless battles is banned
|rule|Species Clause: Limit one of each Pokémon
|rule|OHKO Clause: OHKO moves are banned
|rule|Evasion Items Clause: Evasion items are banned
|rule|Evasion Moves Clause: Evasion moves are banned
|rule|Evasion Abilities Clause: Evasion abilities are banned
|rule|Sleep Moves Clause: Sleep-inducing moves are banned
|clearpoke
|poke|p1|Iron Treads|
|poke|p1|Gholdengo|
|poke|p1|Samurott-Hisui, F|
|poke|p1|Moltres|
|poke|p1|Zamazenta-*|
|poke|p1|Raging Bolt|
|poke|p2|Kommo-o, F|
|poke|p2|Gholdengo|
|poke|p2|Ninetales-Alola, F|
|poke|p2|Hatterene, F|
|poke|p2|Zamazenta-*|
|poke|p2|Kingambit, M|
|teampreview
|inactive|Battle timer is ON: inactive players will automatically lose when time's up. (requested by Shatshitun)
|
|t:|1758938152
|teamsize|p1|6
|teamsize|p2|6
|start
|switch|p1a: Gholdengo|Gholdengo|100/100
|switch|p2a: Hatterene|Hatterene, F|100/100
|turn|1
|
|t:|1758938164
|switch|p2a: Kingambit|Kingambit, M|100/100
|-item|p2a: Kingambit|Air Balloon
|move|p1a: Gholdengo|Make It Rain|p2a: Kingambit
|-resisted|p2a: Kingambit
|-damage|p2a: Kingambit|75/100
|-unboost|p1a: Gholdengo|spa|1
|-enditem|p2a: Kingambit|Air Balloon
|
|upkeep
|turn|2
|
|t:|1758938178
|switch|p1a: Moltres|Moltres|100/100
|move|p2a: Kingambit|Kowtow Cleave|p1a: Moltres
|-damage|p1a: Moltres|66/100
|
|upkeep
|turn|3
|
|t:|1758938187
|-end|p2a: Kingambit|fallenundefined|[silent]
|switch|p2a: Hatterene|Hatterene, F|100/100
|move|p1a: Moltres|Roost|p1a: Moltres
|-heal|p1a: Moltres|100/100
|-singleturn|p1a: Moltres|move: Roost
|
|upkeep
|turn|4
|inactive|Shatshitun has 120 seconds left.
|
|t:|1758938235
|move|p1a: Moltres|U-turn|p2a: Hatterene
|-damage|p2a: Hatterene|89/100
|
|t:|1758938238
|switch|p1a: Gholdengo|Gholdengo|100/100|[from] U-turn
|move|p2a: Hatterene|Nuzzle|p1a: Gholdengo
|-damage|p1a: Gholdengo|98/100
|
|upkeep
|turn|5
|
|t:|1758938250
|switch|p2a: Gholdengo|Gholdengo|100/100
|move|p1a: Gholdengo|Make It Rain|p2a: Gholdengo
|-resisted|p2a: Gholdengo
|-damage|p2a: Gholdengo|67/100
|-unboost|p1a: Gholdengo|spa|1
|
|upkeep
|turn|6
|
|t:|1758938269
|switch|p1a: Samurott|Samurott-Hisui, F, shiny|100/100
|move|p2a: Gholdengo|Shadow Ball|p1a: Samurott
|-resisted|p1a: Samurott
|-damage|p1a: Samurott|82/100
|
|-heal|p1a: Samurott|88/100|[from] item: Leftovers
|upkeep
|turn|7
|
|t:|1758938275
|-terastallize|p2a: Gholdengo|Fighting
|move|p2a: Gholdengo|Focus Blast|p1a: Samurott
|-supereffective|p1a: Samurott
|-damage|p1a: Samurott|0 fnt
|faint|p1a: Samurott
|
|upkeep
|
|t:|1758938284
|switch|p1a: Raging Bolt|Raging Bolt|100/100
|turn|8
|inactive|Shatshitun has 120 seconds left.
|
|t:|1758938292
|switch|p2a: Ninetales|Ninetales-Alola, F|100/100
|-weather|Snowscape|[from] ability: Snow Warning|[of] p2a: Ninetales
|move|p1a: Raging Bolt|Thunderbolt|p2a: Ninetales
|-damage|p2a: Ninetales|19/100
|-status|p2a: Ninetales|par
|
|-weather|Snowscape|[upkeep]
|upkeep
|turn|9
|
|t:|1758938299
|move|p1a: Raging Bolt|Thunderbolt|p2a: Ninetales
|-damage|p2a: Ninetales|0 fnt
|faint|p2a: Ninetales
|
|-weather|Snowscape|[upkeep]
|upkeep
|-message|Shatshitun forfeited.
|
|win|the the green
|raw|the the green's rating: 1287 &rarr; <strong>1315</strong><br />(+28 for winning)
|raw|Shatshitun's rating: 1334 &rarr; <strong>1311</strong><br />(-23 for losing)
|l|☆Shatshitun
|player|p2|
