|j|☆HAGallium
|j|☆jxrx
|t:|1759062813
|gametype|singles
|player|p1|HAGallium|misty|1506
|player|p2|jxrx|norman|1486
|gen|9
|tier|[Gen 9] OU
|rated|
|rule|HP Percentage Mod: HP is shown in percentages
|rule|Endless Battle Clause: Forcing endless battles is banned
|rule|Species Clause: Limit one of each Pokémon
|rule|OHKO Clause: OHKO moves are banned
|rule|Evasion Items Clause: Evasion items are banned
|rule|Evasion Moves Clause: Evasion moves are banned
|rule|Evasion Abilities Clause: Evasion abilities are banned
|rule|Sleep Moves Clause: Sleep-inducing moves are banned
|clearpoke
|poke|p1|Tyranitar, F|
|poke|p1|Raging Bolt|
|poke|p1|Primarina, M|
|poke|p1|Zamazenta-*|
|poke|p1|Pecharunt|
|poke|p1|Cinderace, F|
|poke|p2|Dragapult, M|
|poke|p2|Vileplume, M|
|poke|p2|Garganacl, F|
|poke|p2|Scizor, M|
|poke|p2|Houndoom, F|
|poke|p2|Grumpig, F|
|teampreview
|inactive|Battle timer is ON: inactive players will automatically lose when time's up. (requested by HAGallium)
|inactive|jxrx has 120 seconds left.
|
|t:|1759062852
|teamsize|p1|6
|teamsize|p2|6
|start
|switch|p1a: Primarina|Primarina, M|100/100
|switch|p2a: Scizor|Scizor, M|100/100
|turn|1
|
|t:|1759062867
|switch|p1a: Pecharunt|Pecharunt|100/100
|-item|p1a: Pecharunt|Air Balloon
|switch|p2a: Houndoom|Houndoom, F|100/100
|
|upkeep
|turn|2
|
|t:|1759062871
|move|p2a: Houndoom|Dark Pulse|p1a: Pecharunt
|-supereffective|p1a: Pecharunt
|-damage|p1a: Pecharunt|31/100
|-enditem|p1a: Pecharunt|Air Balloon
|move|p1a: Pecharunt|Parting Shot|p2a: Houndoom
|-unboost|p2a: Houndoom|atk|1
|-unboost|p2a: Houndoom|spa|1
|
|t:|1759062876
|switch|p1a: Primarina|Primarina, M|100/100|[from] Parting Shot
|
|upkeep
|turn|3
|
|t:|1759062880
|switch|p2a: Vileplume|Vileplume, M|100/100
|move|p1a: Primarina|Substitute|p1a: Primarina
|-start|p1a: Primarina|Substitute
|-damage|p1a: Primarina|76/100
|
|-heal|p1a: Primarina|82/100|[from] item: Leftovers
|upkeep
|turn|4
|
|t:|1759062885
|move|p1a: Primarina|Calm Mind|p1a: Primarina
|-boost|p1a: Primarina|spa|1
|-boost|p1a: Primarina|spd|1
|move|p2a: Vileplume|Sludge Wave|p1a: Primarina
|-supereffective|p1a: Primarina
|-end|p1a: Primarina|Substitute
|
|-heal|p1a: Primarina|88/100|[from] item: Leftovers
|upkeep
|turn|5
|
|t:|1759062902
|switch|p2a: Scizor|Scizor, M|100/100
|-terastallize|p1a: Primarina|Steel
|move|p1a: Primarina|Substitute|p1a: Primarina
|-start|p1a: Primarina|Substitute
|-damage|p1a: Primarina|63/100
|
|-heal|p1a: Primarina|69/100|[from] item: Leftovers
|upkeep
|turn|6
|
|t:|1759062909
|move|p1a: Primarina|Surf|p2a: Scizor
|-crit|p2a: Scizor
|-damage|p2a: Scizor|0 fnt
|faint|p2a: Scizor
|
|-heal|p1a: Primarina|75/100|[from] item: Leftovers
|upkeep
|
|t:|1759062914
|switch|p2a: Houndoom|Houndoom, F|100/100
|turn|7
|
|t:|1759062921
|move|p2a: Houndoom|Flamethrower|p1a: Primarina
|-supereffective|p1a: Primarina
|-end|p1a: Primarina|Substitute
|move|p1a: Primarina|Draining Kiss|p2a: Houndoom
|-damage|p2a: Houndoom|43/100
|-heal|p1a: Primarina|100/100|[from] drain|[of] p2a: Houndoom
|
|upkeep
|turn|8
|
|t:|1759062931
|switch|p1a: Raging Bolt|Raging Bolt|100/100
|move|p2a: Houndoom|Endeavor|p1a: Raging Bolt
|-damage|p1a: Raging Bolt|28/100
|
|-heal|p1a: Raging Bolt|34/100|[from] item: Leftovers
|upkeep
|turn|9
|
|t:|1759062938
|move|p2a: Houndoom|Sucker Punch|p1a: Raging Bolt
|-damage|p1a: Raging Bolt|16/100
|move|p1a: Raging Bolt|Thunderbolt|p2a: Houndoom
|-damage|p2a: Houndoom|0 fnt
|faint|p2a: Houndoom
|
|-heal|p1a: Raging Bolt|22/100|[from] item: Leftovers
|upkeep
|
|t:|1759062944
|switch|p2a: Dragapult|Dragapult, M|100/100
|turn|10
|
|t:|1759062956
|-end|p1a: Raging Bolt|Protosynthesis|[silent]
|switch|p1a: Cinderace|Cinderace, F|100/100
|move|p2a: Dragapult|Dragon Darts|p1a: Cinderace
|-damage|p1a: Cinderace|64/100
|-anim|p2a: Dragapult|Dragon Darts|p1a: Cinderace
|-damage|p1a: Cinderace|27/100
|
|upkeep
|turn|11
|inactive|jxrx has 120 seconds left.
|
|t:|1759062990
|move|p1a: Cinderace|Sucker Punch||[still]
|-fail|p1a: Cinderace
|move|p2a: Dragapult|Substitute|p2a: Dragapult
|-start|p2a: Dragapult|Substitute
|-damage|p2a: Dragapult|76/100
|
|-heal|p2a: Dragapult|82/100|[from] item: Leftovers
|upkeep
|turn|12
|
|t:|1759062997
|move|p2a: Dragapult|Dragon Dance|p2a: Dragapult
|-boost|p2a: Dragapult|atk|1
|-boost|p2a: Dragapult|spe|1
|move|p1a: Cinderace|Pyro Ball|p2a: Dragapult
|-resisted|p2a: Dragapult
|-end|p2a: Dragapult|Substitute
|
|-heal|p2a: Dragapult|88/100|[from] item: Leftovers
|upkeep
|turn|13
|
|t:|1759063001
|move|p2a: Dragapult|Dragon Darts|p1a: Cinderace
|-damage|p1a: Cinderace|0 fnt
|faint|p1a: Cinderace
|
|-heal|p2a: Dragapult|94/100|[from] item: Leftovers
|upkeep
|
|t:|1759063005
|switch|p1a: Zamazenta|Zamazenta|100/100
|-ability|p1a: Zamazenta|Dauntless Shield|boost
|-boost|p1a: Zamazenta|def|1
|turn|14
|
|t:|1759063009
|switch|p2a: Vileplume|Vileplume, M|100/100
|move|p1a: Zamazenta|Crunch|p2a: Vileplume
|-damage|p2a: Vileplume|72/100
|-damage|p1a: Zamazenta|84/100|[from] item: Rocky Helmet|[of] p2a: Vileplume
|
|upkeep
|turn|15
|
|t:|1759063015
|switch|p1a: Pecharunt|Pecharunt|31/100
|move|p2a: Vileplume|Leech Seed|p1a: Pecharunt
|-start|p1a: Pecharunt|move: Leech Seed
|
|-damage|p1a: Pecharunt|19/100|[from] Leech Seed|[of] p2a: Vileplume
|-heal|p2a: Vileplume|86/100|[silent]
|upkeep
|turn|16
|
|t:|1759063024
|switch|p2a: Grumpig|Grumpig, F|100/100
|move|p1a: Pecharunt|Parting Shot|p2a: Grumpig
|-unboost|p2a: Grumpig|atk|1
|-unboost|p2a: Grumpig|spa|1
|
|t:|1759063036
|switch|p1a: Tyranitar|Tyranitar, F|100/100|[from] Parting Shot
|-weather|Sandstorm|[from] ability: Sand Stream|[of] p1a: Tyranitar
|
|-weather|Sandstorm|[upkeep]
|-damage|p2a: Grumpig|95/100|[from] Sandstorm
|-heal|p2a: Grumpig|100/100|[from] item: Leftovers
|upkeep
|turn|17
|
|t:|1759063042
|switch|p2a: Vileplume|Vileplume, M|86/100
|move|p1a: Tyranitar|Knock Off|p2a: Vileplume
|-damage|p2a: Vileplume|25/100
|-damage|p1a: Tyranitar|84/100|[from] item: Rocky Helmet|[of] p2a: Vileplume
|-enditem|p2a: Vileplume|Rocky Helmet|[from] move: Knock Off|[of] p1a: Tyranitar
|
|-weather|Sandstorm|[upkeep]
|-damage|p2a: Vileplume|19/100|[from] Sandstorm
|upkeep
|turn|18
|
|t:|1759063048
|move|p1a: Tyranitar|Knock Off|p2a: Vileplume
|-damage|p2a: Vileplume|0 fnt
|faint|p2a: Vileplume
|
|-weather|Sandstorm|[upkeep]
|upkeep
|
|t:|1759063054
|switch|p2a: Garganacl|Garganacl, F|100/100
|turn|19
|
|t:|1759063066
|move|p1a: Tyranitar|Knock Off|p2a: Garganacl
|-damage|p2a: Garganacl|50/100
|-enditem|p2a: Garganacl|Leftovers|[from] move: Knock Off|[of] p1a: Tyranitar
|move|p2a: Garganacl|Salt Cure|p1a: Tyranitar
|-damage|p1a: Tyranitar|71/100
|-start|p1a: Tyranitar|Salt Cure
|
|-weather|Sandstorm|[upkeep]
|-damage|p1a: Tyranitar|58/100|[from] Salt Cure
|upkeep
|turn|20
|
|t:|1759063074
|switch|p1a: Raging Bolt|Raging Bolt|22/100
|move|p2a: Garganacl|Recover|p2a: Garganacl
|-heal|p2a: Garganacl|99/100
|
|-weather|none
|-heal|p1a: Raging Bolt|28/100|[from] item: Leftovers
|upkeep
|turn|21
|
|t:|1759063089
|move|p1a: Raging Bolt|Draco Meteor|p2a: Garganacl
|-damage|p2a: Garganacl|50/100
|-unboost|p1a: Raging Bolt|spa|2
|move|p2a: Garganacl|Salt Cure|p1a: Raging Bolt
|-damage|p1a: Raging Bolt|17/100
|-start|p1a: Raging Bolt|Salt Cure
|
|-heal|p1a: Raging Bolt|23/100|[from] item: Leftovers
|-damage|p1a: Raging Bolt|11/100|[from] Salt Cure
|upkeep
|turn|22
|
|t:|1759063096
|move|p1a: Raging Bolt|Thunderbolt|p2a: Garganacl
|-damage|p2a: Garganacl|32/100
|move|p2a: Garganacl|Recover|p2a: Garganacl
|-heal|p2a: Garganacl|82/100
|
|-heal|p1a: Raging Bolt|17/100|[from] item: Leftovers
|-damage|p1a: Raging Bolt|5/100|[from] Salt Cure
|upkeep
|turn|23
|
|t:|1759063105
|-end|p1a: Raging Bolt|Protosynthesis|[silent]
|switch|p1a: Pecharunt|Pecharunt|19/100
|move|p2a: Garganacl|Protect||[still]
|-fail|p2a: Garganacl
|
|upkeep
|turn|24
|
|t:|1759063115
|move|p1a: Pecharunt|Recover|p1a: Pecharunt
|-heal|p1a: Pecharunt|69/100
|move|p2a: Garganacl|Salt Cure|p1a: Pecharunt
|-damage|p1a: Pecharunt|62/100
|-start|p1a: Pecharunt|Salt Cure
|
|-damage|p1a: Pecharunt|49/100|[from] Salt Cure
|upkeep
|turn|25
|
|t:|1759063118
|move|p1a: Pecharunt|Malignant Chain|p2a: Garganacl
|-resisted|p2a: Garganacl
|-damage|p2a: Garganacl|69/100
|move|p2a: Garganacl|Stealth Rock|p1a: Pecharunt
|-sidestart|p1: HAGallium|move: Stealth Rock
|
|-damage|p1a: Pecharunt|37/100|[from] Salt Cure
|upkeep
|turn|26
|
|t:|1759063121
|move|p1a: Pecharunt|Recover|p1a: Pecharunt
|-heal|p1a: Pecharunt|87/100
|move|p2a: Garganacl|Recover|p2a: Garganacl
|-heal|p2a: Garganacl|100/100
|
|-damage|p1a: Pecharunt|74/100|[from] Salt Cure
|upkeep
|turn|27
|
|t:|1759063126
|move|p1a: Pecharunt|Malignant Chain|p2a: Garganacl
|-resisted|p2a: Garganacl
|-damage|p2a: Garganacl|88/100
|move|p2a: Garganacl|Salt Cure|p1a: Pecharunt
|-damage|p1a: Pecharunt|67/100
|
|-damage|p1a: Pecharunt|55/100|[from] Salt Cure
|upkeep
|turn|28
|
|t:|1759063129
|switch|p2a: Grumpig|Grumpig, F|100/100
|move|p1a: Pecharunt|Malignant Chain|p2a: Grumpig
|-damage|p2a: Grumpig|63/100
|
|-heal|p2a: Grumpig|69/100|[from] item: Leftovers
|-damage|p1a: Pecharunt|43/100|[from] Salt Cure
|upkeep
|turn|29
|
|t:|1759063136
|move|p2a: Grumpig|Psychic Noise|p1a: Pecharunt
|-supereffective|p1a: Pecharunt
|-damage|p1a: Pecharunt|0 fnt
|faint|p1a: Pecharunt
|
|-heal|p2a: Grumpig|75/100|[from] item: Leftovers
|upkeep
|
|t:|1759063143
|switch|p1a: Primarina|Primarina, M, tera:Steel|100/100
|-damage|p1a: Primarina|95/100|[from] Stealth Rock
|turn|30
|
|t:|1759063147
|move|p2a: Grumpig|Thunder Wave|p1a: Primarina|[miss]
|-miss|p2a: Grumpig|p1a: Primarina
|move|p1a: Primarina|Substitute|p1a: Primarina
|-start|p1a: Primarina|Substitute
|-damage|p1a: Primarina|70/100
|
|-heal|p2a: Grumpig|81/100|[from] item: Leftovers
|-heal|p1a: Primarina|76/100|[from] item: Leftovers
|upkeep
|turn|31
|
|t:|1759063152
|move|p2a: Grumpig|Psychic Noise|p1a: Primarina
|-resisted|p1a: Primarina
|-damage|p1a: Primarina|60/100
|-start|p1a: Primarina|move: Heal Block
|cant|p1a: Primarina|move: Heal Block|Draining Kiss
|
|-heal|p2a: Grumpig|87/100|[from] item: Leftovers
|upkeep
|turn|32
|
|t:|1759063155
|move|p2a: Grumpig|Earth Power|p1a: Primarina
|-supereffective|p1a: Primarina
|-end|p1a: Primarina|Substitute
|move|p1a: Primarina|Calm Mind|p1a: Primarina
|-boost|p1a: Primarina|spa|1
|-boost|p1a: Primarina|spd|1
|
|-heal|p2a: Grumpig|93/100|[from] item: Leftovers
|-end|p1a: Primarina|move: Heal Block
|upkeep
|turn|33
|
|t:|1759063162
|move|p2a: Grumpig|Thunder Wave|p1a: Primarina
|-status|p1a: Primarina|par
|move|p1a: Primarina|Substitute|p1a: Primarina
|-start|p1a: Primarina|Substitute
|-damage|p1a: Primarina|35/100 par
|
|-heal|p2a: Grumpig|99/100|[from] item: Leftovers
|-heal|p1a: Primarina|41/100 par|[from] item: Leftovers
|upkeep
|turn|34
|
|t:|1759063167
|move|p2a: Grumpig|Psychic Noise|p1a: Primarina
|-resisted|p1a: Primarina
|-damage|p1a: Primarina|32/100 par
|-start|p1a: Primarina|move: Heal Block
|cant|p1a: Primarina|par
|
|-heal|p2a: Grumpig|100/100|[from] item: Leftovers
|upkeep
|turn|35
|
|t:|1759063172
|move|p2a: Grumpig|Earth Power|p1a: Primarina
|-supereffective|p1a: Primarina
|-end|p1a: Primarina|Substitute
|move|p1a: Primarina|Surf|p2a: Grumpig
|-damage|p2a: Grumpig|0 fnt
|faint|p2a: Grumpig
|
|-end|p1a: Primarina|move: Heal Block
|upkeep
|
|t:|1759063183
|switch|p2a: Garganacl|Garganacl, F|88/100
|turn|36
|
|t:|1759063189
|-terastallize|p2a: Garganacl|Ghost
|move|p2a: Garganacl|Salt Cure|p1a: Primarina
|-resisted|p1a: Primarina
|-damage|p1a: Primarina|23/100 par
|-start|p1a: Primarina|Salt Cure
|move|p1a: Primarina|Draining Kiss|p2a: Garganacl
|-damage|p2a: Garganacl|61/100
|-heal|p1a: Primarina|49/100 par|[from] drain|[of] p2a: Garganacl
|
|-heal|p1a: Primarina|55/100 par|[from] item: Leftovers
|-damage|p1a: Primarina|30/100 par|[from] Salt Cure
|upkeep
|turn|37
|
|t:|1759063196
|move|p2a: Garganacl|Protect|p2a: Garganacl
|-singleturn|p2a: Garganacl|Protect
|move|p1a: Primarina|Draining Kiss|p2a: Garganacl
|-activate|p2a: Garganacl|move: Protect
|
|-heal|p1a: Primarina|36/100 par|[from] item: Leftovers
|-damage|p1a: Primarina|12/100 par|[from] Salt Cure
|upkeep
|turn|38
|
|t:|1759063204
|move|p2a: Garganacl|Recover|p2a: Garganacl
|-heal|p2a: Garganacl|100/100
|move|p1a: Primarina|Draining Kiss|p2a: Garganacl
|-damage|p2a: Garganacl|74/100
|-heal|p1a: Primarina|37/100 par|[from] drain|[of] p2a: Garganacl
|
|-heal|p1a: Primarina|43/100 par|[from] item: Leftovers
|-damage|p1a: Primarina|18/100 par|[from] Salt Cure
|upkeep
|turn|39
|
|t:|1759063210
|move|p2a: Garganacl|Protect|p2a: Garganacl
|-singleturn|p2a: Garganacl|Protect
|cant|p1a: Primarina|par
|
|-heal|p1a: Primarina|24/100 par|[from] item: Leftovers
|-damage|p1a: Primarina|0 fnt|[from] Salt Cure
|faint|p1a: Primarina
|upkeep
|
|t:|1759063215
|switch|p1a: Tyranitar|Tyranitar, F|58/100
|-damage|p1a: Tyranitar|46/100|[from] Stealth Rock
|-weather|Sandstorm|[from] ability: Sand Stream|[of] p1a: Tyranitar
|turn|40
|
|t:|1759063222
|move|p1a: Tyranitar|Knock Off|p2a: Garganacl
|-supereffective|p2a: Garganacl
|-damage|p2a: Garganacl|1/100
|move|p2a: Garganacl|Salt Cure|p1a: Tyranitar
|-crit|p1a: Tyranitar
|-damage|p1a: Tyranitar|25/100
|-start|p1a: Tyranitar|Salt Cure
|
|-weather|Sandstorm|[upkeep]
|-damage|p2a: Garganacl|0 fnt|[from] Sandstorm
|faint|p2a: Garganacl
|-damage|p1a: Tyranitar|13/100|[from] Salt Cure
|upkeep
|
|t:|1759063250
|switch|p2a: Dragapult|Dragapult, M|94/100
|turn|41
|
|t:|1759063252
|move|p2a: Dragapult|Dragon Darts|p1a: Tyranitar
|-damage|p1a: Tyranitar|0 fnt
|faint|p1a: Tyranitar
|
|-weather|Sandstorm|[upkeep]
|-damage|p2a: Dragapult|88/100|[from] Sandstorm
|-heal|p2a: Dragapult|94/100|[from] item: Leftovers
|upkeep
|
|t:|1759063255
|switch|p1a: Zamazenta|Zamazenta|84/100
|-damage|p1a: Zamazenta|78/100|[from] Stealth Rock
|turn|42
|inactive|jxrx has 120 seconds left.
|l|☆jxrx
|inactive|jxrx disconnected and has a minute to reconnect!
|player|p2|
|inactive|jxrx has 30 seconds to reconnect!
|inactive|jxrx has 20 seconds to reconnect!
|inactive|jxrx has 15 seconds to reconnect!
|inactive|jxrx has 10 seconds to reconnect!
|inactive|jxrx has 5 seconds to reconnect!
|-message|jxrx lost due to inactivity.
|
|win|HAGallium
|raw|HAGallium's rating: 1506 &rarr; <strong>1525</strong><br />(+19 for winning)
|raw|jxrx's rating: 1486 &rarr; <strong>1467</strong><br />(-19 for losing)
|l|☆HAGallium
|player|p1|
