|j|☆Mky27
|j|☆pifpof1896
|t:|1758955992
|gametype|singles
|player|p1|Mky27|ltsurge|1494
|player|p2|pifpof1896|169|1431
|gen|9
|tier|[Gen 9] OU
|rated|
|rule|HP Percentage Mod: HP is shown in percentages
|rule|Endless Battle Clause: Forcing endless battles is banned
|rule|Species Clause: Limit one of each Pokémon
|rule|OHKO Clause: OHKO moves are banned
|rule|Evasion Items Clause: Evasion items are banned
|rule|Evasion Moves Clause: Evasion moves are banned
|rule|Evasion Abilities Clause: Evasion abilities are banned
|rule|Sleep Moves Clause: Sleep-inducing moves are banned
|clearpoke
|poke|p1|Walking Wake|
|poke|p1|Great Tusk|
|poke|p1|Torkoal, F|
|poke|p1|Indeedee, M|
|poke|p1|Exeggutor, M|
|poke|p1|Kingambit, M|
|poke|p2|Tyranitar, M|
|poke|p2|Excadrill, M|
|poke|p2|Chesnaught, M|
|poke|p2|Blissey, F|
|poke|p2|Moltres|
|poke|p2|Primarina, F|
|teampreview
|inactive|Battle timer is ON: inactive players will automatically lose when time's up. (requested by Mky27)
|l|☆Mky27
|inactive|Mky27 disconnected and has a minute to reconnect!
|player|p1|
|j|☆Mky27
|inactive|Mky27 reconnected and has 125 seconds left.
|player|p1|Mky27|ltsurge|
|inactive|pifpof1896 has 120 seconds left.
|
|t:|1758956023
|teamsize|p1|6
|teamsize|p2|6
|start
|switch|p1a: Indimacho|Indeedee, M|100/100
|switch|p2a: Moltres|Moltres|100/100
|-fieldstart|move: Psychic Terrain|[from] ability: Psychic Surge|[of] p1a: Indimacho
|turn|1
|
|t:|1758956031
|move|p1a: Indimacho|Expanding Force|p2a: Moltres
|-damage|p2a: Moltres|20/100
|move|p2a: Moltres|U-turn|p1a: Indimacho
|-supereffective|p1a: Indimacho
|-damage|p1a: Indimacho|41/100
|
|t:|1758956039
|switch|p2a: Tyranitar|Tyranitar, M|100/100|[from] U-turn
|-weather|Sandstorm|[from] ability: Sand Stream|[of] p2a: Tyranitar
|
|-weather|Sandstorm|[upkeep]
|-damage|p1a: Indimacho|35/100|[from] Sandstorm
|upkeep
|turn|2
|
|t:|1758956047
|switch|p1a: Trollkoal|Torkoal, F, shiny|100/100
|-weather|SunnyDay|[from] ability: Drought|[of] p1a: Trollkoal
|move|p2a: Tyranitar|Knock Off|p1a: Trollkoal
|-damage|p1a: Trollkoal|76/100
|-enditem|p1a: Trollkoal|Heat Rock|[from] move: Knock Off|[of] p2a: Tyranitar
|
|-weather|SunnyDay|[upkeep]
|upkeep
|turn|3
|
|t:|1758956060
|move|p1a: Trollkoal|Body Press|p2a: Tyranitar
|-supereffective|p2a: Tyranitar
|-damage|p2a: Tyranitar|3/100
|move|p2a: Tyranitar|Dragon Tail|p1a: Trollkoal
|-damage|p1a: Trollkoal|65/100
|drag|p1a: Indimacho|Indeedee, M|35/100
|
|-weather|SunnyDay|[upkeep]
|upkeep
|turn|4
|
|t:|1758956085
|switch|p2a: Blissey|Blissey, F|100/100
|move|p1a: Indimacho|Dazzling Gleam|p2a: Blissey
|-damage|p2a: Blissey|92/100
|
|-weather|SunnyDay|[upkeep]
|upkeep
|turn|5
|
|t:|1758956106
|switch|p1a: Paleomut|Great Tusk, shiny|100/100
|-activate|p1a: Paleomut|ability: Protosynthesis
|-start|p1a: Paleomut|protosynthesisspe
|move|p2a: Blissey|Flamethrower|p1a: Paleomut
|-damage|p1a: Paleomut|56/100
|
|-weather|SunnyDay|[upkeep]
|-heal|p1a: Paleomut|62/100|[from] item: Leftovers
|-fieldend|move: Psychic Terrain
|upkeep
|turn|6
|inactive|pifpof1896 has 120 seconds left.
|
|t:|1758956141
|-end|p1a: Paleomut|Protosynthesis|[silent]
|switch|p1a: PaleoRaptor|Walking Wake|100/100
|-activate|p1a: PaleoRaptor|ability: Protosynthesis
|-start|p1a: PaleoRaptor|protosynthesisspe
|switch|p2a: Chesnaught|Chesnaught, M|100/100
|
|-weather|SunnyDay|[upkeep]
|upkeep
|turn|7
|
|t:|1758956150
|switch|p2a: Blissey|Blissey, F|92/100
|move|p1a: PaleoRaptor|Flamethrower|p2a: Blissey
|-crit|p2a: Blissey
|-damage|p2a: Blissey|68/100
|
|-weather|SunnyDay|[upkeep]
|upkeep
|turn|8
|inactive|pifpof1896 has 120 seconds left.
|
|t:|1758956162
|move|p1a: PaleoRaptor|Flip Turn|p2a: Blissey
|-damage|p2a: Blissey|47/100
|
|t:|1758956171
|-end|p1a: PaleoRaptor|Protosynthesis|[silent]
|switch|p1a: Kingsharp|Kingambit, M|100/100|[from] Flip Turn
|move|p2a: Blissey|Seismic Toss|p1a: Kingsharp
|-damage|p1a: Kingsharp|76/100
|
|-weather|SunnyDay|[upkeep]
|upkeep
|turn|9
|
|t:|1758956191
|switch|p2a: Chesnaught|Chesnaught, M|100/100
|switch|p1a: Indimacho|Indeedee, M|35/100
|-fieldstart|move: Psychic Terrain|[from] ability: Psychic Surge|[of] p1a: Indimacho
|
|-weather|none
|upkeep
|turn|10
|inactive|pifpof1896 has 120 seconds left.
|
|t:|1758956209
|switch|p2a: Blissey|Blissey, F|47/100
|move|p1a: Indimacho|Trick|p2a: Blissey
|-activate|p1a: Indimacho|move: Trick|[of] p2a: Blissey
|-item|p2a: Blissey|Choice Scarf|[from] move: Trick
|-item|p1a: Indimacho|Booster Energy|[from] move: Trick
|
|upkeep
|turn|11
|inactive|pifpof1896 has 120 seconds left.
|
|t:|1758956219
|move|p1a: Indimacho|Expanding Force|p2a: Blissey
|-damage|p2a: Blissey|21/100
|move|p2a: Blissey|Soft-Boiled|p2a: Blissey
|-heal|p2a: Blissey|71/100
|
|upkeep
|turn|12
|
|t:|1758956233
|move|p1a: Indimacho|Expanding Force|p2a: Blissey
|-damage|p2a: Blissey|45/100
|move|p2a: Blissey|Soft-Boiled|p2a: Blissey
|-heal|p2a: Blissey|95/100
|
|upkeep
|turn|13
|
|t:|1758956243
|move|p1a: Indimacho|Dazzling Gleam|p2a: Blissey
|-damage|p2a: Blissey|85/100
|move|p2a: Blissey|Soft-Boiled|p2a: Blissey
|-heal|p2a: Blissey|100/100
|
|-fieldend|move: Psychic Terrain
|upkeep
|turn|14
|
|t:|1758956259
|switch|p2a: Primarina|Primarina, F|100/100
|move|p1a: Indimacho|Dazzling Gleam|p2a: Primarina
|-damage|p2a: Primarina|80/100
|
|-heal|p2a: Primarina|86/100|[from] item: Leftovers
|upkeep
|turn|15
|
|t:|1758956270
|switch|p1a: Exxegcutor|Exeggutor, M, shiny|100/100
|move|p2a: Primarina|Surf|p1a: Exxegcutor
|-resisted|p1a: Exxegcutor
|-damage|p1a: Exxegcutor|76/100
|
|-heal|p2a: Primarina|93/100|[from] item: Leftovers
|upkeep
|turn|16
|
|t:|1758956283
|switch|p2a: Blissey|Blissey, F|100/100
|move|p1a: Exxegcutor|Expanding Force|p2a: Blissey
|-damage|p2a: Blissey|85/100
|
|upkeep
|turn|17
|
|t:|1758956295
|switch|p1a: Kingsharp|Kingambit, M|76/100
|move|p2a: Blissey|Seismic Toss|p1a: Kingsharp
|-damage|p1a: Kingsharp|51/100
|
|upkeep
|turn|18
|
|t:|1758956308
|switch|p2a: Moltres|Moltres|20/100
|switch|p1a: PaleoRaptor|Walking Wake|100/100
|
|upkeep
|turn|19
|
|t:|1758956318
|switch|p2a: Primarina|Primarina, F|93/100
|move|p1a: PaleoRaptor|Hydro Steam|p2a: Primarina
|-resisted|p2a: Primarina
|-damage|p2a: Primarina|73/100
|
|-heal|p2a: Primarina|79/100|[from] item: Leftovers
|upkeep
|turn|20
|
|t:|1758956330
|move|p1a: PaleoRaptor|Flip Turn|p2a: Primarina
|-resisted|p2a: Primarina
|-damage|p2a: Primarina|71/100
|
|t:|1758956334
|-end|p1a: PaleoRaptor|Protosynthesis|[silent]
|switch|p1a: Kingsharp|Kingambit, M|51/100|[from] Flip Turn
|move|p2a: Primarina|Calm Mind|p2a: Primarina
|-boost|p2a: Primarina|spa|1
|-boost|p2a: Primarina|spd|1
|
|-heal|p2a: Primarina|77/100|[from] item: Leftovers
|upkeep
|turn|21
|
|t:|1758956344
|move|p2a: Primarina|Surf|p1a: Kingsharp
|-damage|p1a: Kingsharp|22/100
|move|p1a: Kingsharp|Iron Head|p2a: Primarina
|-damage|p2a: Primarina|47/100
|
|-heal|p2a: Primarina|53/100|[from] item: Leftovers
|upkeep
|turn|22
|
|t:|1758956355
|switch|p1a: Trollkoal|Torkoal, F, shiny|65/100
|-weather|SunnyDay|[from] ability: Drought|[of] p1a: Trollkoal
|move|p2a: Primarina|Surf|p1a: Trollkoal
|-supereffective|p1a: Trollkoal
|-crit|p1a: Trollkoal
|-damage|p1a: Trollkoal|0 fnt
|faint|p1a: Trollkoal
|
|-weather|SunnyDay|[upkeep]
|-heal|p2a: Primarina|59/100|[from] item: Leftovers
|upkeep
|
|t:|1758956368
|switch|p1a: Exxegcutor|Exeggutor, M, shiny|76/100
|turn|23
|
|t:|1758956374
|move|p1a: Exxegcutor|Energy Ball|p2a: Primarina
|-supereffective|p2a: Primarina
|-damage|p2a: Primarina|7/100
|move|p2a: Primarina|Calm Mind|p2a: Primarina
|-boost|p2a: Primarina|spa|1
|-boost|p2a: Primarina|spd|1
|
|-weather|SunnyDay|[upkeep]
|-heal|p2a: Primarina|13/100|[from] item: Leftovers
|upkeep
|turn|24
|
|t:|1758956385
|move|p1a: Exxegcutor|Energy Ball|p2a: Primarina
|-supereffective|p2a: Primarina
|-damage|p2a: Primarina|0 fnt
|faint|p2a: Primarina
|
|-weather|SunnyDay|[upkeep]
|upkeep
|
|t:|1758956387
|switch|p2a: Tyranitar|Tyranitar, M|3/100
|-weather|Sandstorm|[from] ability: Sand Stream|[of] p2a: Tyranitar
|turn|25
|
|t:|1758956398
|move|p1a: Exxegcutor|Energy Ball|p2a: Tyranitar
|-supereffective|p2a: Tyranitar
|-damage|p2a: Tyranitar|0 fnt
|faint|p2a: Tyranitar
|
|-weather|Sandstorm|[upkeep]
|-damage|p1a: Exxegcutor|70/100|[from] Sandstorm
|upkeep
|
|t:|1758956401
|switch|p2a: Excadrill|Excadrill, M|100/100
|-item|p2a: Excadrill|Air Balloon
|turn|26
|
|t:|1758956428
|-terastallize|p2a: Excadrill|Ice
|move|p2a: Excadrill|Tera Blast|p1a: Exxegcutor|[anim] Tera Blast Ice
|-supereffective|p1a: Exxegcutor
|-crit|p1a: Exxegcutor
|-damage|p1a: Exxegcutor|0 fnt
|faint|p1a: Exxegcutor
|
|-weather|Sandstorm|[upkeep]
|upkeep
|inactive|Mky27 has 120 seconds left.
|-message|Mky27 forfeited.
|
|win|pifpof1896
|raw|Mky27's rating: 1494 &rarr; <strong>1470</strong><br />(-24 for losing)
|raw|pifpof1896's rating: 1431 &rarr; <strong>1455</strong><br />(+24 for winning)
|l|☆Mky27
|player|p1|
|l|☆pifpof1896
|player|p2|
