|j|☆yifeiwang789
|j|☆sigm4
|t:|1758978096
|gametype|singles
|player|p1|yifeiwang789|lucas|1379
|player|p2|sigm4|gentleman-gen4|1392
|gen|9
|tier|[Gen 9] OU
|rated|
|rule|HP Percentage Mod: HP is shown in percentages
|rule|Endless Battle Clause: Forcing endless battles is banned
|rule|Species Clause: Limit one of each Pokémon
|rule|OHKO Clause: OHKO moves are banned
|rule|Evasion Items Clause: Evasion items are banned
|rule|Evasion Moves Clause: Evasion moves are banned
|rule|Evasion Abilities Clause: Evasion abilities are banned
|rule|Sleep Moves Clause: Sleep-inducing moves are banned
|clearpoke
|poke|p1|Ursaluna, F|
|poke|p1|Tauros-Paldea-Blaze, M|
|poke|p1|Cresselia, F|
|poke|p1|Enamorus-Therian, F|
|poke|p1|Hatterene, F|
|poke|p1|Hoopa-Unbound|
|poke|p2|Meowscarada, F|
|poke|p2|Ceruledge, M|
|poke|p2|Walking Wake|
|poke|p2|Corviknight, F|
|poke|p2|Gliscor, F|
|poke|p2|Slowking-Galar, M|
|teampreview
|
|t:|1758978106
|teamsize|p1|6
|teamsize|p2|6
|start
|switch|p1a: Hatterene|Hatterene, F|100/100
|switch|p2a: merlin|Meowscarada, F|100/100
|turn|1
|
|t:|1758978117
|move|p2a: merlin|Flower Trick|p1a: Hatterene
|-start|p2a: merlin|typechange|Grass|[from] ability: Protean
|-crit|p1a: Hatterene
|-damage|p1a: Hatterene|39/100
|move|p1a: Hatterene|Trick Room|p1a: Hatterene
|-fieldstart|move: Trick Room|[of] p1a: Hatterene
|
|upkeep
|turn|2
|
|t:|1758978141
|switch|p1a: Enamorus|Enamorus-Therian, F|100/100
|switch|p2a: flopman|Slowking-Galar, M|100/100
|
|upkeep
|turn|3
|
|t:|1758978154
|move|p1a: Enamorus|Earth Power|p2a: flopman
|-supereffective|p2a: flopman
|-damage|p2a: flopman|47/100
|-unboost|p2a: flopman|spd|1
|move|p2a: flopman|Sludge Bomb|p1a: Enamorus
|-supereffective|p1a: Enamorus
|-damage|p1a: Enamorus|6/100
|
|upkeep
|turn|4
|
|t:|1758978165
|switch|p2a: joker|Gliscor, F|100/100
|move|p1a: Enamorus|Earth Power|p2a: joker
|-immune|p2a: joker
|
|-status|p2a: joker|tox|[from] item: Toxic Orb
|upkeep
|turn|5
|
|t:|1758978175
|switch|p1a: Hatterene|Hatterene, F|39/100
|move|p2a: joker|Protect||[still]
|-fail|p2a: joker
|
|-fieldend|move: Trick Room
|upkeep
|turn|6
|
|t:|1758978183
|move|p2a: joker|Earthquake|p1a: Hatterene
|-damage|p1a: Hatterene|13/100
|move|p1a: Hatterene|Trick Room|p1a: Hatterene
|-fieldstart|move: Trick Room|[of] p1a: Hatterene
|
|upkeep
|turn|7
|
|t:|1758978188
|move|p2a: joker|Protect|p2a: joker
|-singleturn|p2a: joker|Protect
|move|p1a: Hatterene|Healing Wish|p1a: Hatterene
|faint|p1a: Hatterene
|
|upkeep
|
|t:|1758978200
|switch|p1a: Enamorus|Enamorus-Therian, F|6/100
|-heal|p1a: Enamorus|100/100|[from] move: Healing Wish
|turn|8
|
|t:|1758978227
|switch|p1a: Ursaluna|Ursaluna, F|100/100
|move|p2a: joker|Toxic|p1a: Ursaluna
|-status|p1a: Ursaluna|tox
|
|-damage|p1a: Ursaluna|94/100 tox|[from] psn
|upkeep
|turn|9
|
|t:|1758978238
|move|p2a: joker|Protect|p2a: joker
|-singleturn|p2a: joker|Protect
|move|p1a: Ursaluna|Swords Dance|p1a: Ursaluna
|-boost|p1a: Ursaluna|atk|2
|
|-damage|p1a: Ursaluna|82/100 tox|[from] psn
|upkeep
|turn|10
|
|t:|1758978248
|move|p1a: Ursaluna|Facade|p2a: joker
|-damage|p2a: joker|0 fnt
|faint|p2a: joker
|
|-damage|p1a: Ursaluna|64/100 tox|[from] psn
|-fieldend|move: Trick Room
|upkeep
|
|t:|1758978256
|switch|p2a: merlin|Meowscarada, F|100/100
|turn|11
|
|t:|1758978263
|switch|p1a: Tauros|Tauros-Paldea-Blaze, M|100/100
|-ability|p1a: Tauros|Intimidate|boost
|-unboost|p2a: merlin|atk|1
|move|p2a: merlin|Knock Off|p1a: Tauros
|-start|p2a: merlin|typechange|Dark|[from] ability: Protean
|-resisted|p1a: Tauros
|-damage|p1a: Tauros|73/100
|-enditem|p1a: Tauros|Choice Band|[from] move: Knock Off|[of] p2a: merlin
|
|upkeep
|turn|12
|
|t:|1758978277
|switch|p2a: Lancelot|Corviknight, F|100/100
|-ability|p2a: Lancelot|Pressure
|move|p1a: Tauros|Flare Blitz|p2a: Lancelot
|-supereffective|p2a: Lancelot
|-damage|p2a: Lancelot|31/100
|-damage|p1a: Tauros|57/100|[from] item: Rocky Helmet|[of] p2a: Lancelot
|-damage|p1a: Tauros|25/100|[from] Recoil
|
|upkeep
|turn|13
|
|t:|1758978290
|switch|p2a: W2|Walking Wake|100/100
|move|p1a: Tauros|Flare Blitz|p2a: W2
|-resisted|p2a: W2
|-damage|p2a: W2|85/100
|-damage|p1a: Tauros|19/100|[from] Recoil
|
|upkeep
|turn|14
|
|t:|1758978298
|move|p2a: W2|Hydro Steam|p1a: Tauros
|-supereffective|p1a: Tauros
|-damage|p1a: Tauros|0 fnt
|faint|p1a: Tauros
|
|upkeep
|
|t:|1758978307
|switch|p1a: Cresselia|Cresselia, F|100/100
|turn|15
|inactive|Battle timer is ON: inactive players will automatically lose when time's up. (requested by yifeiwang789)
|
|t:|1758978342
|-terastallize|p2a: W2|Water
|move|p2a: W2|Hydro Steam|p1a: Cresselia
|-damage|p1a: Cresselia|47/100
|move|p1a: Cresselia|Trick Room|p1a: Cresselia
|-fieldstart|move: Trick Room|[of] p1a: Cresselia
|
|upkeep
|turn|16
|
|t:|1758978354
|move|p1a: Cresselia|Lunar Dance|p1a: Cresselia
|faint|p1a: Cresselia
|move|p2a: W2|Hydro Steam|p1: Cresselia|[notarget]
|-fail|p2a: W2
|
|upkeep
|
|t:|1758978368
|switch|p1a: Enamorus|Enamorus-Therian, F|100/100
|-heal|p1a: Enamorus|100/100|[from] move: Lunar Dance
|turn|17
|
|t:|1758978378
|move|p1a: Enamorus|Moonblast|p2a: W2
|-damage|p2a: W2|0 fnt
|faint|p2a: W2
|-end|p2a: W2|Protosynthesis|[silent]
|
|upkeep
|
|t:|1758978385
|switch|p2a: flopman|Slowking-Galar, M|80/100
|turn|18
|
|t:|1758978389
|switch|p1a: Ursaluna|Ursaluna, F|64/100 tox
|move|p2a: flopman|Ice Beam|p1a: Ursaluna
|-supereffective|p1a: Ursaluna
|-crit|p1a: Ursaluna
|-damage|p1a: Ursaluna|0 fnt
|faint|p1a: Ursaluna
|
|upkeep
|
|t:|1758978401
|switch|p1a: Hoopa|Hoopa-Unbound|100/100
|turn|19
|
|t:|1758978407
|switch|p2a: Lancelot|Corviknight, F|31/100
|-ability|p2a: Lancelot|Pressure
|move|p1a: Hoopa|Psychic|p2a: Lancelot
|-resisted|p2a: Lancelot
|-damage|p2a: Lancelot|9/100
|
|-fieldend|move: Trick Room
|upkeep
|turn|20
|
|t:|1758978419
|move|p2a: Lancelot|Body Press|p1a: Hoopa
|-damage|p1a: Hoopa|65/100
|move|p1a: Hoopa|Psychic|p2a: Lancelot
|-resisted|p2a: Lancelot
|-damage|p2a: Lancelot|0 fnt
|faint|p2a: Lancelot
|
|upkeep
|
|t:|1758978432
|switch|p2a: merlin|Meowscarada, F|100/100
|turn|21
|
|t:|1758978440
|-terastallize|p1a: Hoopa|Fighting
|move|p2a: merlin|U-turn|p1a: Hoopa
|-start|p2a: merlin|typechange|Bug|[from] ability: Protean
|-resisted|p1a: Hoopa
|-damage|p1a: Hoopa|32/100
|
|t:|1758978449
|switch|p2a: Igriss|Ceruledge, M|100/100|[from] U-turn
|move|p1a: Hoopa|Trick Room|p1a: Hoopa
|-fieldstart|move: Trick Room|[of] p1a: Hoopa
|
|upkeep
|turn|22
|
|t:|1758978460
|move|p1a: Hoopa|Hyperspace Fury|p2a: Igriss
|-supereffective|p2a: Igriss
|-enditem|p2a: Igriss|Focus Sash
|-damage|p2a: Igriss|1/100
|-unboost|p1a: Hoopa|def|1
|-ability|p2a: Igriss|Weak Armor|boost
|-unboost|p2a: Igriss|def|1
|-boost|p2a: Igriss|spe|2
|-enditem|p1a: Hoopa|Eject Pack
|
|t:|1758978479
|switch|p1a: Enamorus|Enamorus-Therian, F|100/100
|move|p2a: Igriss|Bitter Blade|p1a: Enamorus
|-damage|p1a: Enamorus|51/100
|-heal|p2a: Igriss|30/100|[from] drain|[of] p1a: Enamorus
|
|upkeep
|turn|23
|
|t:|1758978489
|move|p2a: Igriss|Shadow Sneak|p1a: Enamorus
|-damage|p1a: Enamorus|32/100
|move|p1a: Enamorus|Earth Power|p2a: Igriss
|-supereffective|p2a: Igriss
|-damage|p2a: Igriss|0 fnt
|faint|p2a: Igriss
|
|upkeep
|
|t:|1758978495
|switch|p2a: merlin|Meowscarada, F|100/100
|turn|24
|
|t:|1758978505
|move|p1a: Enamorus|Earth Power|p2a: merlin
|-resisted|p2a: merlin
|-damage|p2a: merlin|57/100
|move|p2a: merlin|Flower Trick|p1a: Enamorus
|-start|p2a: merlin|typechange|Grass|[from] ability: Protean
|-resisted|p1a: Enamorus
|-crit|p1a: Enamorus
|-damage|p1a: Enamorus|0 fnt
|faint|p1a: Enamorus
|
|upkeep
|
|t:|1758978517
|switch|p1a: Hoopa|Hoopa-Unbound, tera:Fighting|32/100
|turn|25
|
|t:|1758978526
|switch|p2a: flopman|Slowking-Galar, M|100/100
|move|p1a: Hoopa|Drain Punch|p2a: flopman
|-resisted|p2a: flopman
|-damage|p2a: flopman|87/100
|-heal|p1a: Hoopa|39/100|[from] drain|[of] p2a: flopman
|-item|p1a: Hoopa|Assault Vest|[from] ability: Magician|[of] p2a: flopman
|
|-fieldend|move: Trick Room
|upkeep
|turn|26
|
|t:|1758978541
|move|p1a: Hoopa|Hyperspace Fury|p2a: flopman
|-supereffective|p2a: flopman
|-damage|p2a: flopman|0 fnt
|-unboost|p1a: Hoopa|def|1
|faint|p2a: flopman
|
|upkeep
|
|t:|1758978547
|switch|p2a: merlin|Meowscarada, F|57/100
|turn|27
|
|t:|1758978554
|move|p2a: merlin|Flower Trick|p1a: Hoopa
|-start|p2a: merlin|typechange|Grass|[from] ability: Protean
|-crit|p1a: Hoopa
|-damage|p1a: Hoopa|0 fnt
|faint|p1a: Hoopa
|
|win|sigm4
|raw|yifeiwang789's rating: 1379 &rarr; <strong>1360</strong><br />(-19 for losing)
|raw|sigm4's rating: 1392 &rarr; <strong>1411</strong><br />(+19 for winning)
|l|☆yifeiwang789
|player|p1|
|l|☆sigm4
|player|p2|
