|badge|p1|bronze|gen9ou|100-6
|html|<div class="broadcast-red"><strong>This battle is required to be public due to one or more player having a season medal.</strong><br />During the public phase, you can discuss the state of the ladder <a href="/seasondiscussion">in a special chatroom.</a></div>
|uhtml|medal-msg|<div class="broadcast-blue">Curious what those medals under the avatar are? PS now has Ladder Seasons! For more information, check out the <a href="https://www.smogon.com/forums/threads/3740067/">thread on Smogon.</a></div>
|raw|<div class="broadcast-blue"><strong>This battle is required to be public due to a player having a name starting with 'medal'.</div>
|j|☆mcribs
|j|☆Abribus
|t:|1759067442
|gametype|singles
|player|p1|mcribs|101|1743
|player|p2|Abribus|volkner|1638
|gen|9
|tier|[Gen 9] OU
|rated|
|rule|HP Percentage Mod: HP is shown in percentages
|rule|Endless Battle Clause: Forcing endless battles is banned
|rule|Species Clause: Limit one of each Pokémon
|rule|OHKO Clause: OHKO moves are banned
|rule|Evasion Items Clause: Evasion items are banned
|rule|Evasion Moves Clause: Evasion moves are banned
|rule|Evasion Abilities Clause: Evasion abilities are banned
|rule|Sleep Moves Clause: Sleep-inducing moves are banned
|clearpoke
|poke|p1|Samurott-Hisui, M|
|poke|p1|Raging Bolt|
|poke|p1|Tornadus-Therian, M|
|poke|p1|Iron Valiant|
|poke|p1|Iron Treads|
|poke|p1|Gholdengo|
|poke|p2|Iron Crown|
|poke|p2|Samurott-Hisui, F|
|poke|p2|Zapdos|
|poke|p2|Dragapult, F|
|poke|p2|Great Tusk|
|poke|p2|Iron Boulder|
|teampreview
|inactive|Battle timer is ON: inactive players will automatically lose when time's up. (requested by mcribs)
|inactive|Abribus also wants the timer to be on.
|
|t:|1759067449
|teamsize|p1|6
|teamsize|p2|6
|start
|switch|p1a: Tornadus|Tornadus-Therian, M|100/100
|switch|p2a: Almeida|Great Tusk|100/100
|turn|1
|
|t:|1759067451
|move|p1a: Tornadus|Knock Off|p2a: Almeida
|-resisted|p2a: Almeida
|-damage|p2a: Almeida|94/100
|-enditem|p2a: Almeida|Focus Sash|[from] move: Knock Off|[of] p1a: Tornadus
|move|p2a: Almeida|Rapid Spin|p1a: Tornadus
|-damage|p1a: Tornadus|80/100
|-boost|p2a: Almeida|spe|1
|
|upkeep
|turn|2
|
|t:|1759067453
|move|p2a: Almeida|Stealth Rock|p1a: Tornadus
|-sidestart|p1: mcribs|move: Stealth Rock
|move|p1a: Tornadus|Bleakwind Storm|p2a: Almeida
|-supereffective|p2a: Almeida
|-damage|p2a: Almeida|0 fnt
|faint|p2a: Almeida
|-end|p2a: Almeida|Protosynthesis|[silent]
|
|upkeep
|
|t:|1759067456
|switch|p2a: Cronus|Zapdos|100/100
|turn|3
|
|t:|1759067458
|switch|p1a: Iron Treads|Iron Treads|100/100
|-damage|p1a: Iron Treads|98/100|[from] Stealth Rock
|move|p2a: Cronus|U-turn|p1a: Iron Treads
|-resisted|p1a: Iron Treads
|-damage|p1a: Iron Treads|93/100
|
|t:|1759067461
|switch|p2a: Droll|Samurott-Hisui, F|100/100|[from] U-turn
|
|-heal|p1a: Iron Treads|99/100|[from] item: Leftovers
|upkeep
|turn|4
|
|t:|1759067466
|-end|p1a: Iron Treads|Quark Drive|[silent]
|switch|p1a: Raging Bolt|Raging Bolt|100/100
|-damage|p1a: Raging Bolt|88/100|[from] Stealth Rock
|move|p2a: Droll|Razor Shell|p1a: Raging Bolt
|-resisted|p1a: Raging Bolt
|-damage|p1a: Raging Bolt|65/100
|-unboost|p1a: Raging Bolt|def|1
|
|-heal|p1a: Raging Bolt|71/100|[from] item: Leftovers
|upkeep
|turn|5
|
|t:|1759067471
|switch|p2a: Robingo|Dragapult, F|100/100
|move|p1a: Raging Bolt|Volt Switch|p2a: Robingo
|-resisted|p2a: Robingo
|-crit|p2a: Robingo
|-damage|p2a: Robingo|59/100
|
|t:|1759067475
|-end|p1a: Raging Bolt|Protosynthesis|[silent]
|switch|p1a: Samurott|Samurott-Hisui, M|100/100|[from] Volt Switch
|-damage|p1a: Samurott|88/100|[from] Stealth Rock
|
|upkeep
|turn|6
|
|t:|1759067478
|switch|p2a: Cronus|Zapdos|100/100
|move|p1a: Samurott|Sucker Punch||[still]
|-fail|p1a: Samurott
|
|upkeep
|turn|7
|
|t:|1759067485
|move|p2a: Cronus|U-turn|p1a: Samurott
|-supereffective|p1a: Samurott
|-damage|p1a: Samurott|60/100
|
|t:|1759067488
|switch|p2a: Droll|Samurott-Hisui, F|100/100|[from] U-turn
|move|p1a: Samurott|Ceaseless Edge|p2a: Droll
|-resisted|p2a: Droll
|-damage|p2a: Droll|73/100
|-sidestart|p2: Abribus|Spikes
|
|upkeep
|turn|8
|
|t:|1759067503
|switch|p1a: Iron Valiant|Iron Valiant|100/100
|-damage|p1a: Iron Valiant|94/100|[from] Stealth Rock
|move|p2a: Droll|Flip Turn|p1a: Iron Valiant
|-damage|p1a: Iron Valiant|62/100
|
|t:|1759067511
|switch|p2a: Robingo|Dragapult, F|59/100|[from] Flip Turn
|-damage|p2a: Robingo|47/100|[from] Spikes
|
|upkeep
|turn|9
|
|t:|1759067515
|-end|p1a: Iron Valiant|Quark Drive|[silent]
|switch|p1a: Tornadus|Tornadus-Therian, M|100/100
|-terastallize|p2a: Robingo|Ghost
|move|p2a: Robingo|Tera Blast|p1a: Tornadus|[anim] Tera Blast Ghost
|-damage|p1a: Tornadus|3/100
|
|upkeep
|turn|10
|j| Nikator98
|
|t:|1759067541
|switch|p2a: Cronus|Zapdos|100/100
|move|p1a: Tornadus|Knock Off|p2a: Cronus
|-damage|p2a: Cronus|86/100
|-enditem|p2a: Cronus|Heavy-Duty Boots|[from] move: Knock Off|[of] p1a: Tornadus
|
|upkeep
|turn|11
|
|t:|1759067548
|move|p1a: Tornadus|Bleakwind Storm|p2a: Cronus
|-resisted|p2a: Cronus
|-damage|p2a: Cronus|69/100
|move|p2a: Cronus|Discharge|p1a: Tornadus
|-supereffective|p1a: Tornadus
|-damage|p1a: Tornadus|0 fnt
|faint|p1a: Tornadus
|
|upkeep
|
|t:|1759067549
|switch|p1a: Iron Treads|Iron Treads|99/100
|-damage|p1a: Iron Treads|96/100|[from] Stealth Rock
|turn|12
|
|t:|1759067552
|move|p1a: Iron Treads|Stealth Rock|p2a: Cronus
|-sidestart|p2: Abribus|move: Stealth Rock
|move|p2a: Cronus|U-turn|p1a: Iron Treads
|-resisted|p1a: Iron Treads
|-damage|p1a: Iron Treads|91/100
|
|t:|1759067555
|switch|p2a: Droll|Samurott-Hisui, F|73/100|[from] U-turn
|-damage|p2a: Droll|61/100|[from] Spikes
|-damage|p2a: Droll|48/100|[from] Stealth Rock
|
|-heal|p1a: Iron Treads|97/100|[from] item: Leftovers
|upkeep
|turn|13
|
|t:|1759067560
|-end|p1a: Iron Treads|Quark Drive|[silent]
|switch|p1a: Raging Bolt|Raging Bolt|71/100
|-damage|p1a: Raging Bolt|59/100|[from] Stealth Rock
|move|p2a: Droll|Razor Shell|p1a: Raging Bolt
|-resisted|p1a: Raging Bolt
|-damage|p1a: Raging Bolt|36/100
|
|-heal|p1a: Raging Bolt|42/100|[from] item: Leftovers
|upkeep
|turn|14
|
|t:|1759067563
|move|p2a: Droll|Razor Shell|p1a: Raging Bolt
|-resisted|p1a: Raging Bolt
|-damage|p1a: Raging Bolt|22/100
|-unboost|p1a: Raging Bolt|def|1
|move|p1a: Raging Bolt|Volt Switch|p2a: Droll
|-supereffective|p2a: Droll
|-damage|p2a: Droll|0 fnt
|faint|p2a: Droll
|
|t:|1759067566
|-end|p1a: Raging Bolt|Protosynthesis|[silent]
|switch|p1a: Samurott|Samurott-Hisui, M|60/100|[from] Volt Switch
|-damage|p1a: Samurott|48/100|[from] Stealth Rock
|
|upkeep
|
|t:|1759067584
|switch|p2a: Hattori|Iron Crown|100/100
|-damage|p2a: Hattori|88/100|[from] Spikes
|-damage|p2a: Hattori|82/100|[from] Stealth Rock
|turn|15
|
|t:|1759067598
|move|p1a: Samurott|Sucker Punch|p2a: Hattori
|-supereffective|p2a: Hattori
|-damage|p2a: Hattori|18/100
|move|p2a: Hattori|Volt Switch|p1a: Samurott
|-supereffective|p1a: Samurott
|-damage|p1a: Samurott|1/100
|
|t:|1759067606
|-end|p2a: Hattori|Quark Drive|[silent]
|switch|p2a: Cronus|Zapdos|69/100|[from] Volt Switch
|-damage|p2a: Cronus|44/100|[from] Stealth Rock
|
|upkeep
|turn|16
|
|t:|1759067609
|move|p1a: Samurott|Sucker Punch||[still]
|-fail|p1a: Samurott
|move|p2a: Cronus|Roost|p2a: Cronus
|-heal|p2a: Cronus|94/100
|-singleturn|p2a: Cronus|move: Roost
|
|upkeep
|turn|17
|
|t:|1759067612
|move|p1a: Samurott|Sucker Punch|p2a: Cronus
|-damage|p2a: Cronus|72/100
|-status|p1a: Samurott|par|[from] ability: Static|[of] p2a: Cronus
|move|p2a: Cronus|Discharge|p1a: Samurott
|-supereffective|p1a: Samurott
|-damage|p1a: Samurott|0 fnt
|faint|p1a: Samurott
|
|upkeep
|
|t:|1759067615
|switch|p1a: Iron Valiant|Iron Valiant|62/100
|-damage|p1a: Iron Valiant|56/100|[from] Stealth Rock
|turn|18
|
|t:|1759067618
|move|p1a: Iron Valiant|Moonblast|p2a: Cronus
|-damage|p2a: Cronus|4/100
|-unboost|p2a: Cronus|spa|1
|move|p2a: Cronus|Hurricane|p1a: Iron Valiant
|-supereffective|p1a: Iron Valiant
|-damage|p1a: Iron Valiant|0 fnt
|faint|p1a: Iron Valiant
|-end|p1a: Iron Valiant|Quark Drive|[silent]
|
|upkeep
|
|t:|1759067622
|switch|p1a: Iron Treads|Iron Treads|97/100
|-damage|p1a: Iron Treads|94/100|[from] Stealth Rock
|turn|19
|
|t:|1759067625
|move|p1a: Iron Treads|Rapid Spin|p2a: Cronus
|-damage|p2a: Cronus|0 fnt
|-boost|p1a: Iron Treads|spe|1
|-status|p1a: Iron Treads|par|[from] ability: Static|[of] p2a: Cronus
|-sideend|p1: mcribs|Stealth Rock|[from] move: Rapid Spin|[of] p1a: Iron Treads
|faint|p2a: Cronus
|
|-heal|p1a: Iron Treads|99/100 par|[from] item: Leftovers
|upkeep
|
|t:|1759067633
|switch|p2a: Robingo|Dragapult, F, tera:Ghost|47/100
|-damage|p2a: Robingo|34/100|[from] Spikes
|-damage|p2a: Robingo|22/100|[from] Stealth Rock
|turn|20
|
|t:|1759067636
|move|p2a: Robingo|Tera Blast|p1a: Iron Treads|[anim] Tera Blast Ghost
|-damage|p1a: Iron Treads|39/100 par
|cant|p1a: Iron Treads|par
|
|-heal|p1a: Iron Treads|45/100 par|[from] item: Leftovers
|upkeep
|turn|21
|
|t:|1759067639
|move|p2a: Robingo|Tera Blast|p1a: Iron Treads|[anim] Tera Blast Ghost
|-damage|p1a: Iron Treads|0 fnt
|faint|p1a: Iron Treads
|-end|p1a: Iron Treads|Quark Drive|[silent]
|
|upkeep
|
|t:|1759067640
|switch|p1a: Raging Bolt|Raging Bolt|22/100
|turn|22
|
|t:|1759067643
|switch|p2a: Hattori|Iron Crown|18/100
|-damage|p2a: Hattori|5/100|[from] Spikes
|-damage|p2a: Hattori|0 fnt|[from] Stealth Rock
|faint|p2a: Hattori
|-end|p2a: Hattori|Quark Drive|[silent]
|move|p1a: Raging Bolt|Thunderclap|p2: Hattori|[notarget]
|-fail|p1a: Raging Bolt
|
|-heal|p1a: Raging Bolt|28/100|[from] item: Leftovers
|upkeep
|
|t:|1759067656
|switch|p2a: Nakata|Iron Boulder|100/100
|-damage|p2a: Nakata|88/100|[from] Spikes
|-damage|p2a: Nakata|76/100|[from] Stealth Rock
|-enditem|p2a: Nakata|Booster Energy
|-activate|p2a: Nakata|ability: Quark Drive|[fromitem]
|-start|p2a: Nakata|quarkdrivespe
|turn|23
|
|t:|1759067659
|move|p2a: Nakata|Mighty Cleave|p1a: Raging Bolt
|-damage|p1a: Raging Bolt|0 fnt
|faint|p1a: Raging Bolt
|-end|p1a: Raging Bolt|Protosynthesis|[silent]
|
|upkeep
|
|t:|1759067660
|switch|p1a: Gholdengo|Gholdengo|100/100
|-item|p1a: Gholdengo|Air Balloon
|turn|24
|
|t:|1759067663
|move|p2a: Nakata|Mighty Cleave|p1a: Gholdengo
|-resisted|p1a: Gholdengo
|-damage|p1a: Gholdengo|85/100
|-enditem|p1a: Gholdengo|Air Balloon
|move|p1a: Gholdengo|Make It Rain|p2a: Nakata
|-supereffective|p2a: Nakata
|-damage|p2a: Nakata|0 fnt
|-unboost|p1a: Gholdengo|spa|1
|faint|p2a: Nakata
|-end|p2a: Nakata|Quark Drive|[silent]
|
|upkeep
|
|t:|1759067666
|switch|p2a: Robingo|Dragapult, F, tera:Ghost|22/100
|-damage|p2a: Robingo|10/100|[from] Spikes
|-damage|p2a: Robingo|0 fnt|[from] Stealth Rock
|faint|p2a: Robingo
|
|win|mcribs
|raw|mcribs's rating: 1733 &rarr; <strong>1748</strong><br />(+15 for winning)
|raw|Abribus's rating: 1638 &rarr; <strong>1623</strong><br />(-15 for losing)
|l|☆mcribs
|player|p1|
|l|☆Abribus
|player|p2|
