|j|☆Nikator98
|j|☆ybg mihan
|t:|1759066084
|gametype|singles
|player|p1|Nikator98|giovanni|1761
|player|p2|ybg mihan|170|1681
|gen|9
|tier|[Gen 9] OU
|rated|
|rule|HP Percentage Mod: HP is shown in percentages
|rule|Endless Battle Clause: Forcing endless battles is banned
|rule|Species Clause: Limit one of each Pokémon
|rule|OHKO Clause: OHKO moves are banned
|rule|Evasion Items Clause: Evasion items are banned
|rule|Evasion Moves Clause: Evasion moves are banned
|rule|Evasion Abilities Clause: Evasion abilities are banned
|rule|Sleep Moves Clause: Sleep-inducing moves are banned
|clearpoke
|poke|p1|Metagross|
|poke|p1|Great Tusk|
|poke|p1|Haxorus, M|
|poke|p1|Iron Moth|
|poke|p1|Zoroark-Hisui, M|
|poke|p1|Ninetales-Alola, F|
|poke|p2|Scizor, M|
|poke|p2|Slowking-Galar, M|
|poke|p2|Great Tusk|
|poke|p2|Dragonite, F|
|poke|p2|Zamazenta-*|
|poke|p2|Kyurem|
|teampreview
|inactive|Battle timer is ON: inactive players will automatically lose when time's up. (requested by Nikator98)
|
|t:|1759066104
|teamsize|p1|6
|teamsize|p2|6
|start
|switch|p1a: Arquillian Sentry|Metagross|100/100
|switch|p2a: Slowking|Slowking-Galar, M|100/100
|turn|1
|
|t:|1759066115
|switch|p2a: Great Tusk|Great Tusk|100/100
|move|p1a: Arquillian Sentry|Bitter Malice|p2a: Great Tusk
|-damage|p2a: Great Tusk|14/100
|-unboost|p2a: Great Tusk|atk|1
|
|upkeep
|turn|2
|
|t:|1759066132
|-end|p2a: Great Tusk|Protosynthesis|[silent]
|switch|p2a: Scizor|Scizor, M|100/100
|move|p1a: Arquillian Sentry|Bitter Malice|p2a: Scizor
|-damage|p2a: Scizor|19/100
|-unboost|p2a: Scizor|atk|1
|
|upkeep
|turn|3
|
|t:|1759066146
|switch|p1a: Arquillian Sentry|Metagross|100/100
|-terastallize|p2a: Scizor|Steel
|move|p2a: Scizor|Bullet Punch|p1a: Arquillian Sentry
|-resisted|p1a: Arquillian Sentry
|-damage|p1a: Arquillian Sentry|83/100
|
|upkeep
|turn|4
|
|t:|1759066164
|switch|p2a: Dragonite|Dragonite, F|100/100
|move|p1a: Arquillian Sentry|Stealth Rock|p2a: Dragonite
|-sidestart|p2: ybg mihan|move: Stealth Rock
|
|upkeep
|turn|5
|
|t:|1759066172
|switch|p1a: Asfaloth|Ninetales-Alola, F, shiny|100/100
|-weather|Snowscape|[from] ability: Snow Warning|[of] p1a: Asfaloth
|move|p2a: Dragonite|Earthquake|p1a: Asfaloth
|-damage|p1a: Asfaloth|51/100
|
|-weather|Snowscape|[upkeep]
|upkeep
|turn|6
|
|t:|1759066180
|move|p1a: Asfaloth|Aurora Veil|p1a: Asfaloth
|-sidestart|p1: Nikator98|move: Aurora Veil
|move|p2a: Dragonite|Earthquake|p1a: Asfaloth
|-damage|p1a: Asfaloth|26/100
|
|-weather|Snowscape|[upkeep]
|upkeep
|turn|7
|
|t:|1759066186
|switch|p2a: Slowking|Slowking-Galar, M|100/100
|move|p1a: Asfaloth|Freeze-Dry|p2a: Slowking
|-damage|p2a: Slowking|87/100
|
|-weather|Snowscape|[upkeep]
|upkeep
|turn|8
|
|t:|1759066193
|switch|p1a: Arquillian Sentry|Metagross|83/100
|move|p2a: Slowking|Sludge Bomb|p1a: Arquillian Sentry
|-immune|p1a: Arquillian Sentry
|
|-weather|Snowscape|[upkeep]
|upkeep
|turn|9
|j| Ctannn
|
|t:|1759066200
|move|p1a: Arquillian Sentry|Meteor Mash|p2a: Slowking
|-damage|p2a: Slowking|29/100
|-prepare|p2a: Slowking|Chilly Reception|[premajor]
|move|p2a: Slowking|Chilly Reception|p2a: Slowking
|
|t:|1759066213
|switch|p2a: Dragonite|Dragonite, F|100/100|[from] Chilly Reception
|-damage|p2a: Dragonite|76/100|[from] Stealth Rock
|
|-weather|none
|upkeep
|turn|10
|
|t:|1759066227
|switch|p1a: Kumaryia|Great Tusk, shiny|100/100
|move|p2a: Dragonite|Earthquake|p1a: Kumaryia
|-damage|p1a: Kumaryia|78/100
|
|upkeep
|turn|11
|
|t:|1759066237
|switch|p2a: Kyurem|Kyurem|100/100
|-damage|p2a: Kyurem|76/100|[from] Stealth Rock
|-ability|p2a: Kyurem|Pressure
|move|p1a: Kumaryia|Ice Spinner|p2a: Kyurem
|-crit|p2a: Kyurem
|-damage|p2a: Kyurem|33/100
|
|upkeep
|turn|12
|
|t:|1759066251
|-end|p1a: Kumaryia|Protosynthesis|[silent]
|switch|p1a: Arquillian Sentry|Metagross|83/100
|move|p2a: Kyurem|Earth Power|p1a: Arquillian Sentry
|-supereffective|p1a: Arquillian Sentry
|-damage|p1a: Arquillian Sentry|31/100
|
|upkeep
|turn|13
|inactive|Nikator98 has 120 seconds left.
|l|☆ybg mihan
|inactive|ybg mihan disconnected and has a minute to reconnect!
|player|p2|
|
|t:|1759066293
|move|p2a: Kyurem|Earth Power|p1a: Arquillian Sentry
|-supereffective|p1a: Arquillian Sentry
|-damage|p1a: Arquillian Sentry|0 fnt
|faint|p1a: Arquillian Sentry
|
|-sideend|p1: Nikator98|move: Aurora Veil
|upkeep
|
|t:|1759066299
|switch|p1a: Asfaloth|Ninetales-Alola, F, shiny|26/100
|-weather|Snowscape|[from] ability: Snow Warning|[of] p1a: Asfaloth
|turn|14
|j|☆ybg mihan
|inactive|ybg mihan reconnected and has 150 seconds left.
|player|p2|ybg mihan|170|
|
|t:|1759066307
|move|p1a: Asfaloth|Aurora Veil|p1a: Asfaloth
|-sidestart|p1: Nikator98|move: Aurora Veil
|move|p2a: Kyurem|Earth Power|p1a: Asfaloth
|-damage|p1a: Asfaloth|0 fnt
|faint|p1a: Asfaloth
|
|-weather|Snowscape|[upkeep]
|upkeep
|inactive|Nikator98 has 120 seconds left.
|l|☆ybg mihan
|inactive|ybg mihan disconnected and has a minute to reconnect!
|player|p2|
|
|t:|1759066320
|switch|p1a: Lacelle|Haxorus, M|100/100
|-ability|p1a: Lacelle|Mold Breaker
|turn|15
|j|☆ybg mihan
|inactive|ybg mihan reconnected and has 130 seconds left.
|player|p2|ybg mihan|170|
|inactive|ybg mihan has 120 seconds left.
|
|t:|1759066358
|switch|p2a: Slowking|Slowking-Galar, M|63/100
|move|p1a: Lacelle|Scale Shot|p2a: Slowking
|-damage|p2a: Slowking|47/100
|-damage|p2a: Slowking|31/100
|-damage|p2a: Slowking|14/100
|-damage|p2a: Slowking|0 fnt
|faint|p2a: Slowking
|-hitcount|p2: Slowking|4
|-unboost|p1a: Lacelle|def|1
|-boost|p1a: Lacelle|spe|1
|
|-weather|Snowscape|[upkeep]
|upkeep
|
|t:|1759066359
|switch|p2a: Zamazenta|Zamazenta|100/100
|-damage|p2a: Zamazenta|94/100|[from] Stealth Rock
|-ability|p2a: Zamazenta|Dauntless Shield|boost
|-boost|p2a: Zamazenta|def|1
|turn|16
|inactive|ybg mihan has 120 seconds left.
|
|t:|1759066374
|move|p1a: Lacelle|Scale Shot|p2a: Zamazenta
|-damage|p2a: Zamazenta|88/100
|-damage|p2a: Zamazenta|80/100
|-damage|p2a: Zamazenta|72/100
|-damage|p2a: Zamazenta|66/100
|-hitcount|p2a: Zamazenta|4
|-unboost|p1a: Lacelle|def|1
|-boost|p1a: Lacelle|spe|1
|move|p2a: Zamazenta|Body Press|p1a: Lacelle
|-damage|p1a: Lacelle|34/100
|
|-weather|Snowscape|[upkeep]
|-heal|p2a: Zamazenta|72/100|[from] item: Leftovers
|upkeep
|turn|17
|
|t:|1759066389
|move|p1a: Lacelle|Scale Shot|p2a: Zamazenta
|-damage|p2a: Zamazenta|65/100
|-damage|p2a: Zamazenta|57/100
|-damage|p2a: Zamazenta|50/100
|-damage|p2a: Zamazenta|43/100
|-hitcount|p2a: Zamazenta|4
|-unboost|p1a: Lacelle|def|1
|-boost|p1a: Lacelle|spe|1
|move|p2a: Zamazenta|Iron Defense|p2a: Zamazenta
|-boost|p2a: Zamazenta|def|2
|
|-weather|Snowscape|[upkeep]
|-heal|p2a: Zamazenta|49/100|[from] item: Leftovers
|upkeep
|turn|18
|
|t:|1759066402
|move|p1a: Lacelle|Scale Shot|p2a: Zamazenta
|-damage|p2a: Zamazenta|45/100
|-damage|p2a: Zamazenta|40/100
|-damage|p2a: Zamazenta|36/100
|-damage|p2a: Zamazenta|31/100
|-hitcount|p2a: Zamazenta|4
|-unboost|p1a: Lacelle|def|1
|-boost|p1a: Lacelle|spe|1
|move|p2a: Zamazenta|Body Press|p1a: Lacelle
|-damage|p1a: Lacelle|0 fnt
|faint|p1a: Lacelle
|
|-weather|none
|-heal|p2a: Zamazenta|38/100|[from] item: Leftovers
|upkeep
|l|☆ybg mihan
|inactive|ybg mihan disconnected and has a minute to reconnect!
|player|p2|
|
|t:|1759066416
|switch|p1a: Gothmog|Iron Moth|100/100
|-enditem|p1a: Gothmog|Booster Energy
|-activate|p1a: Gothmog|ability: Quark Drive|[fromitem]
|-start|p1a: Gothmog|quarkdrivespe
|turn|19
|j|☆ybg mihan
|inactive|ybg mihan reconnected and has 125 seconds left.
|player|p2|ybg mihan|170|
|inactive|ybg mihan has 120 seconds left.
|l|☆ybg mihan
|inactive|ybg mihan disconnected and has a minute to reconnect!
|player|p2|
|inactive|ybg mihan has 30 seconds to reconnect!
|inactive|ybg mihan has 20 seconds to reconnect!
|inactive|ybg mihan has 15 seconds to reconnect!
|inactive|ybg mihan has 10 seconds to reconnect!
|inactive|ybg mihan has 5 seconds to reconnect!
|j|☆ybg mihan
|inactive|ybg mihan reconnected and has 65 seconds left.
|player|p2|ybg mihan|170|
|inactive|ybg mihan has 60 seconds left.
|
|t:|1759066505
|move|p1a: Gothmog|Fiery Dance|p2a: Zamazenta
|-damage|p2a: Zamazenta|7/100
|-boost|p1a: Gothmog|spa|1
|move|p2a: Zamazenta|Body Press|p1a: Gothmog
|-resisted|p1a: Gothmog
|-damage|p1a: Gothmog|70/100
|
|-heal|p2a: Zamazenta|14/100|[from] item: Leftovers
|upkeep
|turn|20
|inactive|ybg mihan has 60 seconds left.
|
|t:|1759066514
|switch|p2a: Kyurem|Kyurem|33/100
|-damage|p2a: Kyurem|9/100|[from] Stealth Rock
|-ability|p2a: Kyurem|Pressure
|move|p1a: Gothmog|Fiery Dance|p2a: Kyurem
|-damage|p2a: Kyurem|0 fnt
|faint|p2a: Kyurem
|
|upkeep
|inactive|ybg mihan has 60 seconds left.
|
|t:|1759066524
|switch|p2a: Dragonite|Dragonite, F|76/100
|-damage|p2a: Dragonite|51/100|[from] Stealth Rock
|turn|21
|
|t:|1759066529
|move|p2a: Dragonite|Extreme Speed|p1a: Gothmog
|-damage|p1a: Gothmog|36/100
|move|p1a: Gothmog|Sludge Wave|p2a: Dragonite
|-damage|p2a: Dragonite|0 fnt
|faint|p2a: Dragonite
|
|-sideend|p1: Nikator98|move: Aurora Veil
|upkeep
|
|t:|1759066532
|switch|p2a: Scizor|Scizor, M, tera:Steel|19/100
|-damage|p2a: Scizor|13/100|[from] Stealth Rock
|turn|22
|
|t:|1759066542
|move|p2a: Scizor|Bullet Punch|p1a: Gothmog
|-resisted|p1a: Gothmog
|-damage|p1a: Gothmog|0 fnt
|faint|p1a: Gothmog
|-end|p1a: Gothmog|Quark Drive|[silent]
|
|upkeep
|
|t:|1759066547
|switch|p1a: Kumaryia|Great Tusk, shiny|78/100
|turn|23
|inactive|ybg mihan has 90 seconds left.
|l|☆ybg mihan
|inactive|ybg mihan disconnected and has a minute to reconnect!
|player|p2|
|inactive|ybg mihan has 30 seconds to reconnect!
|j|☆ybg mihan
|inactive|ybg mihan reconnected and has 50 seconds left.
|player|p2|ybg mihan|170|
|
|t:|1759066599
|switch|p2a: Great Tusk|Great Tusk|14/100
|move|p1a: Kumaryia|Knock Off|p2a: Great Tusk
|-resisted|p2a: Great Tusk
|-damage|p2a: Great Tusk|1/100
|-enditem|p2a: Great Tusk|Heavy-Duty Boots|[from] move: Knock Off|[of] p1a: Kumaryia
|
|upkeep
|turn|24
|l| Ctannn
|
|t:|1759066611
|move|p2a: Great Tusk|Rapid Spin|p1a: Kumaryia
|-damage|p1a: Kumaryia|65/100
|-boost|p2a: Great Tusk|spe|1
|-sideend|p2: ybg mihan|Stealth Rock|[from] move: Rapid Spin|[of] p2a: Great Tusk
|move|p1a: Kumaryia|Rapid Spin|p2a: Great Tusk
|-damage|p2a: Great Tusk|0 fnt
|-boost|p1a: Kumaryia|spe|1
|faint|p2a: Great Tusk
|-end|p2a: Great Tusk|Protosynthesis|[silent]
|
|upkeep
|
|t:|1759066614
|switch|p2a: Scizor|Scizor, M, tera:Steel|13/100
|turn|25
|
|t:|1759066620
|move|p2a: Scizor|Bullet Punch|p1a: Kumaryia
|-damage|p1a: Kumaryia|19/100
|move|p1a: Kumaryia|Knock Off|p2a: Scizor
|-damage|p2a: Scizor|0 fnt
|-enditem|p2a: Scizor|Choice Band|[from] move: Knock Off|[of] p1a: Kumaryia
|faint|p2a: Scizor
|
|upkeep
|
|t:|1759066622
|switch|p2a: Zamazenta|Zamazenta|14/100
|turn|26
|
|t:|1759066629
|move|p1a: Kumaryia|Headlong Rush|p2a: Zamazenta
|-damage|p2a: Zamazenta|0 fnt
|-unboost|p1a: Kumaryia|def|1
|-unboost|p1a: Kumaryia|spd|1
|faint|p2a: Zamazenta
|
|win|Nikator98
|raw|Nikator98's rating: 1761 &rarr; <strong>1776</strong><br />(+15 for winning)
|raw|ybg mihan's rating: 1681 &rarr; <strong>1666</strong><br />(-15 for losing)
|l|☆ybg mihan
|player|p2|
