|j|☆kkonka
|j|☆chaosdot1
|t:|1759033683
|gametype|singles
|player|p1|kkonka|parasollady|1328
|player|p2|chaosdot1|265|1283
|gen|9
|tier|[Gen 9] OU
|rated|
|rule|HP Percentage Mod: HP is shown in percentages
|rule|Endless Battle Clause: Forcing endless battles is banned
|rule|Species Clause: Limit one of each Pokémon
|rule|OHKO Clause: OHKO moves are banned
|rule|Evasion Items Clause: Evasion items are banned
|rule|Evasion Moves Clause: Evasion moves are banned
|rule|Evasion Abilities Clause: Evasion abilities are banned
|rule|Sleep Moves Clause: Sleep-inducing moves are banned
|clearpoke
|poke|p1|Eelektross, M|
|poke|p1|Probopass, M|
|poke|p1|Bellossom, M|
|poke|p1|Poliwrath, F|
|poke|p1|Illumise, F|
|poke|p1|Regigigas|
|poke|p2|Primarina, M|
|poke|p2|Great Tusk|
|poke|p2|Kingambit, M|
|poke|p2|Slowking-Galar, M|
|poke|p2|Ogerpon, F|
|poke|p2|Enamorus, F|
|teampreview
|inactive|Battle timer is ON: inactive players will automatically lose when time's up. (requested by kkonka)
|
|t:|1759033687
|teamsize|p1|6
|teamsize|p2|6
|start
|switch|p1a: Regigigas|Regigigas|100/100
|switch|p2a: Behemoth|Great Tusk, shiny|100/100
|-start|p1a: Regigigas|ability: Slow Start
|turn|1
|
|t:|1759033700
|move|p2a: Behemoth|Stealth Rock|p1a: Regigigas
|-sidestart|p1: kkonka|move: Stealth Rock
|move|p1a: Regigigas|Knock Off|p2a: Behemoth
|-resisted|p2a: Behemoth
|-damage|p2a: Behemoth|93/100
|-damage|p1a: Regigigas|84/100|[from] item: Rocky Helmet|[of] p2a: Behemoth
|-enditem|p2a: Behemoth|Rocky Helmet|[from] move: Knock Off|[of] p1a: Regigigas
|
|-heal|p1a: Regigigas|90/100|[from] item: Leftovers
|upkeep
|turn|2
|
|t:|1759033712
|move|p2a: Behemoth|Headlong Rush|p1a: Regigigas
|-damage|p1a: Regigigas|40/100
|-unboost|p2a: Behemoth|def|1
|-unboost|p2a: Behemoth|spd|1
|move|p1a: Regigigas|Substitute|p1a: Regigigas
|-start|p1a: Regigigas|Substitute
|-damage|p1a: Regigigas|16/100
|
|-heal|p1a: Regigigas|22/100|[from] item: Leftovers
|upkeep
|turn|3
|
|t:|1759033724
|move|p2a: Behemoth|Headlong Rush|p1a: Regigigas
|-end|p1a: Regigigas|Substitute
|-unboost|p2a: Behemoth|def|1
|-unboost|p2a: Behemoth|spd|1
|move|p1a: Regigigas|Body Slam|p2a: Behemoth
|-damage|p2a: Behemoth|54/100
|
|-heal|p1a: Regigigas|28/100|[from] item: Leftovers
|upkeep
|turn|4
|
|t:|1759033734
|move|p2a: Behemoth|Headlong Rush|p1a: Regigigas
|-damage|p1a: Regigigas|0 fnt
|-unboost|p2a: Behemoth|def|1
|-unboost|p2a: Behemoth|spd|1
|faint|p1a: Regigigas
|
|upkeep
|
|t:|1759033739
|switch|p1a: Eelektross|Eelektross, M|100/100
|-damage|p1a: Eelektross|88/100|[from] Stealth Rock
|turn|5
|
|t:|1759033754
|-end|p2a: Behemoth|Protosynthesis|[silent]
|switch|p2a: Anonymous|Ogerpon, F|100/100
|move|p1a: Eelektross|Grass Knot|p2a: Anonymous
|-resisted|p2a: Anonymous
|-damage|p2a: Anonymous|92/100
|
|upkeep
|turn|6
|
|t:|1759033772
|move|p2a: Anonymous|Ivy Cudgel|p1a: Eelektross
|-damage|p1a: Eelektross|17/100
|move|p1a: Eelektross|Flamethrower|p2a: Anonymous
|-supereffective|p2a: Anonymous
|-damage|p2a: Anonymous|36/100
|
|upkeep
|turn|7
|
|t:|1759033780
|move|p2a: Anonymous|Ivy Cudgel|p1a: Eelektross
|-damage|p1a: Eelektross|0 fnt
|faint|p1a: Eelektross
|
|upkeep
|
|t:|1759033790
|switch|p1a: Bellossom|Bellossom, M|100/100
|-damage|p1a: Bellossom|88/100|[from] Stealth Rock
|turn|8
|
|t:|1759033797
|switch|p2a: Mantra|Slowking-Galar, M, shiny|100/100
|move|p1a: Bellossom|Strength Sap|p2a: Mantra
|-unboost|p2a: Mantra|atk|1
|-heal|p1a: Bellossom|100/100
|
|upkeep
|turn|9
|
|t:|1759033802
|switch|p1a: Probopass|Probopass, M|100/100
|-damage|p1a: Probopass|94/100|[from] Stealth Rock
|move|p2a: Mantra|Sludge Bomb|p1a: Probopass
|-immune|p1a: Probopass
|
|upkeep
|turn|10
|
|t:|1759033819
|switch|p2a: Behemoth|Great Tusk, shiny|54/100
|move|p1a: Probopass|Stealth Rock|p2a: Behemoth
|-sidestart|p2: chaosdot1|move: Stealth Rock
|
|upkeep
|turn|11
|
|t:|1759033824
|move|p2a: Behemoth|Rapid Spin|p1a: Probopass
|-resisted|p1a: Probopass
|-damage|p1a: Probopass|91/100
|-boost|p2a: Behemoth|spe|1
|-sideend|p2: chaosdot1|Stealth Rock|[from] move: Rapid Spin|[of] p2a: Behemoth
|move|p1a: Probopass|Steel Beam|p2a: Behemoth
|-damage|p2a: Behemoth|0 fnt
|-damage|p1a: Probopass|41/100|[from] steelbeam
|faint|p2a: Behemoth
|-end|p2a: Behemoth|Protosynthesis|[silent]
|
|upkeep
|
|t:|1759033829
|switch|p2a: Celestine|Primarina, M, shiny|100/100
|turn|12
|
|t:|1759033842
|move|p2a: Celestine|Whirlpool|p1a: Probopass|[miss]
|-miss|p2a: Celestine|p1a: Probopass
|move|p1a: Probopass|Stealth Rock|p2a: Celestine
|-sidestart|p2: chaosdot1|move: Stealth Rock
|
|upkeep
|turn|13
|
|t:|1759033846
|move|p2a: Celestine|Psychic Noise|p1a: Probopass
|-supereffective|p1a: Probopass
|-damage|p1a: Probopass|0 fnt
|faint|p1a: Probopass
|
|upkeep
|inactive|kkonka has 120 seconds left.
|
|t:|1759033879
|switch|p1a: Illumise|Illumise, F|100/100
|-damage|p1a: Illumise|76/100|[from] Stealth Rock
|turn|14
|
|t:|1759033893
|move|p1a: Illumise|Thunder Wave|p2a: Celestine
|-status|p2a: Celestine|par
|move|p2a: Celestine|Psychic Noise|p1a: Illumise
|-damage|p1a: Illumise|29/100
|-start|p1a: Illumise|move: Heal Block
|
|upkeep
|turn|15
|
|t:|1759033899
|move|p1a: Illumise|Rain Dance|p1a: Illumise
|-weather|RainDance
|cant|p2a: Celestine|par
|
|-weather|RainDance|[upkeep]
|-end|p1a: Illumise|move: Heal Block
|upkeep
|turn|16
|
|t:|1759033904
|move|p1a: Illumise|U-turn|p2a: Celestine
|-resisted|p2a: Celestine
|-damage|p2a: Celestine|91/100 par
|
|t:|1759033908
|switch|p1a: Bellossom|Bellossom, M|100/100|[from] U-turn
|-damage|p1a: Bellossom|88/100|[from] Stealth Rock
|move|p2a: Celestine|Moonblast|p1a: Bellossom
|-damage|p1a: Bellossom|37/100
|-unboost|p1a: Bellossom|spa|1
|
|-weather|RainDance|[upkeep]
|-heal|p2a: Celestine|97/100 par|[from] item: Leftovers
|upkeep
|turn|17
|
|t:|1759033917
|move|p1a: Bellossom|Giga Drain|p2a: Celestine
|-supereffective|p2a: Celestine
|-damage|p2a: Celestine|65/100 par
|-heal|p1a: Bellossom|50/100|[from] drain|[of] p2a: Celestine
|move|p2a: Celestine|Moonblast|p1a: Bellossom
|-damage|p1a: Bellossom|0 fnt
|faint|p1a: Bellossom
|
|-weather|RainDance|[upkeep]
|-heal|p2a: Celestine|71/100 par|[from] item: Leftovers
|upkeep
|
|t:|1759033920
|switch|p1a: Poliwrath|Poliwrath, F|100/100
|-damage|p1a: Poliwrath|94/100|[from] Stealth Rock
|turn|18
|
|t:|1759033924
|-terastallize|p1a: Poliwrath|Steel
|move|p1a: Poliwrath|Belly Drum|p1a: Poliwrath
|-damage|p1a: Poliwrath|44/100
|-setboost|p1a: Poliwrath|atk|6|[from] move: Belly Drum
|-enditem|p1a: Poliwrath|Sitrus Berry|[eat]
|-heal|p1a: Poliwrath|69/100|[from] item: Sitrus Berry
|move|p2a: Celestine|Moonblast|p1a: Poliwrath
|-resisted|p1a: Poliwrath
|-damage|p1a: Poliwrath|38/100
|
|-weather|RainDance|[upkeep]
|-heal|p2a: Celestine|77/100 par|[from] item: Leftovers
|upkeep
|turn|19
|
|t:|1759033937
|move|p1a: Poliwrath|Drain Punch|p2a: Celestine
|-resisted|p2a: Celestine
|-damage|p2a: Celestine|0 fnt
|-heal|p1a: Poliwrath|74/100|[from] drain|[of] p2a: Celestine
|faint|p2a: Celestine
|
|-weather|RainDance|[upkeep]
|upkeep
|
|t:|1759033950
|switch|p2a: Overgod|Kingambit, M, shiny|100/100
|-damage|p2a: Overgod|94/100|[from] Stealth Rock
|-activate|p2a: Overgod|ability: Supreme Overlord
|-start|p2a: Overgod|fallen2|[silent]
|turn|20
|
|t:|1759033959
|-terastallize|p2a: Overgod|Ghost
|move|p1a: Poliwrath|Liquidation|p2a: Overgod
|-damage|p2a: Overgod|0 fnt
|faint|p2a: Overgod
|-end|p2a: Overgod|fallen2|[silent]
|
|-weather|RainDance|[upkeep]
|upkeep
|
|t:|1759033973
|switch|p2a: Anonymous|Ogerpon, F|36/100
|-damage|p2a: Anonymous|24/100|[from] Stealth Rock
|turn|21
|
|t:|1759033978
|switch|p2a: Mantra|Slowking-Galar, M, shiny|100/100
|-damage|p2a: Mantra|88/100|[from] Stealth Rock
|move|p1a: Poliwrath|Drain Punch|p2a: Mantra
|-resisted|p2a: Mantra
|-damage|p2a: Mantra|61/100
|-heal|p1a: Poliwrath|91/100|[from] drain|[of] p2a: Mantra
|
|-weather|RainDance|[upkeep]
|upkeep
|turn|22
|
|t:|1759033987
|move|p1a: Poliwrath|Knock Off|p2a: Mantra
|-supereffective|p2a: Mantra
|-damage|p2a: Mantra|0 fnt
|-enditem|p2a: Mantra|Assault Vest|[from] move: Knock Off|[of] p1a: Poliwrath
|faint|p2a: Mantra
|
|-weather|none
|upkeep
|
|t:|1759033990
|switch|p2a: Gin|Enamorus, F, shiny|100/100
|-damage|p2a: Gin|76/100|[from] Stealth Rock
|turn|23
|
|t:|1759033994
|move|p2a: Gin|Mystical Fire|p1a: Poliwrath
|-supereffective|p1a: Poliwrath
|-damage|p1a: Poliwrath|23/100
|-unboost|p1a: Poliwrath|spa|1
|move|p1a: Poliwrath|Liquidation|p2a: Gin
|-damage|p2a: Gin|0 fnt
|faint|p2a: Gin
|
|upkeep
|
|t:|1759033998
|switch|p2a: Anonymous|Ogerpon, F|24/100
|-damage|p2a: Anonymous|12/100|[from] Stealth Rock
|turn|24
|
|t:|1759034009
|move|p2a: Anonymous|Ivy Cudgel|p1a: Poliwrath
|-resisted|p1a: Poliwrath
|-damage|p1a: Poliwrath|0 fnt
|faint|p1a: Poliwrath
|
|upkeep
|
|t:|1759034011
|switch|p1a: Illumise|Illumise, F|29/100
|-damage|p1a: Illumise|4/100|[from] Stealth Rock
|turn|25
|
|t:|1759034014
|move|p2a: Anonymous|Ivy Cudgel|p1a: Illumise
|-resisted|p1a: Illumise
|-damage|p1a: Illumise|0 fnt
|faint|p1a: Illumise
|
|win|chaosdot1
|raw|kkonka's rating: 1328 &rarr; <strong>1305</strong><br />(-23 for losing)
|raw|chaosdot1's rating: 1283 &rarr; <strong>1311</strong><br />(+28 for winning)
|l|☆chaosdot1
|player|p2|
|l|☆kkonka
|player|p1|
