|j|☆Zapy364
|j|☆Megumin's Husband
|t:|1758930731
|gametype|singles
|player|p1|Zapy364|169|1665
|player|p2|Megumin's Husband|guitarist|1622
|gen|9
|tier|[Gen 9] OU
|rated|
|rule|HP Percentage Mod: HP is shown in percentages
|rule|Endless Battle Clause: Forcing endless battles is banned
|rule|Species Clause: Limit one of each Pokémon
|rule|OHKO Clause: OHKO moves are banned
|rule|Evasion Items Clause: Evasion items are banned
|rule|Evasion Moves Clause: Evasion moves are banned
|rule|Evasion Abilities Clause: Evasion abilities are banned
|rule|Sleep Moves Clause: Sleep-inducing moves are banned
|clearpoke
|poke|p1|Cinderace, F|
|poke|p1|Raging Bolt|
|poke|p1|Primarina, F|
|poke|p1|Meowscarada, M|
|poke|p1|Landorus-Therian, M|
|poke|p1|Ogerpon-Cornerstone, F|
|poke|p2|Pecharunt|
|poke|p2|Primarina, F|
|poke|p2|Heatran, M|
|poke|p2|Great Tusk|
|poke|p2|Weavile, F|
|poke|p2|Ogerpon, F|
|teampreview
|inactive|Battle timer is ON: inactive players will automatically lose when time's up. (requested by Zapy364)
|j| Rizzofreko
|
|t:|1758930743
|teamsize|p1|6
|teamsize|p2|6
|start
|switch|p1a: Landorus|Landorus-Therian, M|100/100
|switch|p2a: Ogerpon|Ogerpon, F|100/100
|-ability|p1a: Landorus|Intimidate|boost
|-unboost|p2a: Ogerpon|atk|1
|-ability|p2a: Ogerpon|Defiant|boost
|-boost|p2a: Ogerpon|atk|2
|turn|1
|
|t:|1758930748
|-terastallize|p2a: Ogerpon|Grass
|detailschange|p2a: Ogerpon|Ogerpon-Teal-Tera, F, tera:Grass
|-ability|p2a: Ogerpon|Embody Aspect (Teal)|boost
|-boost|p2a: Ogerpon|spe|1
|move|p2a: Ogerpon|Ivy Cudgel|p1a: Landorus
|-damage|p1a: Landorus|0 fnt
|faint|p1a: Landorus
|
|upkeep
|
|t:|1758930757
|switch|p1a: Cinderace|Cinderace, F|100/100
|turn|2
|inactive|Megumin's Husband has 120 seconds left.
|
|t:|1758930816
|move|p2a: Ogerpon|Ivy Cudgel|p1a: Cinderace
|-resisted|p1a: Cinderace
|-damage|p1a: Cinderace|0 fnt
|faint|p1a: Cinderace
|
|upkeep
|
|t:|1758930842
|switch|p1a: Ogerpon|Ogerpon-Cornerstone, F|100/100
|turn|3
|
|t:|1758930845
|move|p1a: Ogerpon|Spiky Shield|p1a: Ogerpon
|-singleturn|p1a: Ogerpon|move: Protect
|move|p2a: Ogerpon|Ivy Cudgel|p1a: Ogerpon
|-activate|p1a: Ogerpon|move: Protect
|
|upkeep
|turn|4
|
|t:|1758930853
|move|p2a: Ogerpon|Ivy Cudgel|p1a: Ogerpon
|-ability|p1a: Ogerpon|Sturdy
|-damage|p1a: Ogerpon|1/100
|move|p1a: Ogerpon|Ivy Cudgel|p2a: Ogerpon|[anim] Ivy Cudgel Rock
|-damage|p2a: Ogerpon|24/100
|
|upkeep
|turn|5
|
|t:|1758930861
|move|p2a: Ogerpon|Ivy Cudgel|p1a: Ogerpon
|-damage|p1a: Ogerpon|0 fnt
|faint|p1a: Ogerpon
|
|upkeep
|
|t:|1758930871
|switch|p1a: Raging Bolt|Raging Bolt|100/100
|turn|6
|l| Rizzofreko
|
|t:|1758930879
|switch|p2a: Great Tusk|Great Tusk|100/100
|move|p1a: Raging Bolt|Volt Switch|p2a: Great Tusk
|-immune|p2a: Great Tusk
|
|upkeep
|turn|7
|
|t:|1758930887
|-end|p2a: Great Tusk|Protosynthesis|[silent]
|switch|p2a: Ogerpon|Ogerpon-Teal-Tera, F, tera:Grass|24/100
|-ability|p2a: Ogerpon|Embody Aspect (Teal)|boost
|-boost|p2a: Ogerpon|spe|1
|-end|p1a: Raging Bolt|Protosynthesis|[silent]
|switch|p1a: Meowscarada|Meowscarada, M|100/100
|
|upkeep
|turn|8
|
|t:|1758930896
|move|p2a: Ogerpon|U-turn|p1a: Meowscarada
|-supereffective|p1a: Meowscarada
|-damage|p1a: Meowscarada|0 fnt
|faint|p1a: Meowscarada
|
|t:|1758930910
|switch|p2a: Primarina|Primarina, F|100/100|[from] U-turn
|
|upkeep
|-message|Zapy364 forfeited.
|
|win|Megumin's Husband
|raw|Zapy364's rating: 1665 &rarr; <strong>1643</strong><br />(-22 for losing)
|raw|Megumin&apos;s Husband's rating: 1622 &rarr; <strong>1644</strong><br />(+22 for winning)
|l|☆Zapy364
|player|p1|
