|j|☆sunnysoon
|j|☆xrayinformation
|t:|1758928286
|gametype|singles
|player|p1|sunnysoon|dancer|1560
|player|p2|xrayinformation|dragontamer|1594
|gen|9
|tier|[Gen 9] OU
|rated|
|rule|HP Percentage Mod: HP is shown in percentages
|rule|Endless Battle Clause: Forcing endless battles is banned
|rule|Species Clause: Limit one of each Pokémon
|rule|OHKO Clause: OHKO moves are banned
|rule|Evasion Items Clause: Evasion items are banned
|rule|Evasion Moves Clause: Evasion moves are banned
|rule|Evasion Abilities Clause: Evasion abilities are banned
|rule|Sleep Moves Clause: Sleep-inducing moves are banned
|clearpoke
|poke|p1|Mamoswine, M|
|poke|p1|Glimmora, M|
|poke|p1|Iron Crown|
|poke|p1|Zamazenta-*|
|poke|p1|Sinistcha|
|poke|p1|Samurott-Hisui, M|
|poke|p2|Ceruledge, F|
|poke|p2|Ribombee, M|
|poke|p2|Dragapult, F|
|poke|p2|Iron Treads|
|poke|p2|Iron Jugulis|
|poke|p2|Gallade, M|
|teampreview
|inactive|Battle timer is ON: inactive players will automatically lose when time's up. (requested by xrayinformation)
|
|t:|1758928295
|teamsize|p1|6
|teamsize|p2|6
|start
|switch|p1a: Glimmora|Glimmora, M, shiny|100/100
|switch|p2a: Ribombee|Ribombee, M|100/100
|turn|1
|j| IhateBrightColors
|
|t:|1758928310
|move|p2a: Ribombee|Sticky Web|p1a: Glimmora
|-sidestart|p1: sunnysoon|move: Sticky Web
|move|p1a: Glimmora|Stealth Rock|p2a: Ribombee
|-sidestart|p2: xrayinformation|move: Stealth Rock
|
|upkeep
|turn|2
|
|t:|1758928315
|switch|p2a: Iron Treads|Iron Treads|100/100
|-damage|p2a: Iron Treads|98/100|[from] Stealth Rock
|-enditem|p2a: Iron Treads|Booster Energy
|-activate|p2a: Iron Treads|ability: Quark Drive|[fromitem]
|-start|p2a: Iron Treads|quarkdrivespa
|move|p1a: Glimmora|Earth Power|p2a: Iron Treads
|-supereffective|p2a: Iron Treads
|-damage|p2a: Iron Treads|29/100
|
|upkeep
|turn|3
|
|t:|1758928331
|switch|p1a: Sinistcha|Sinistcha, shiny|100/100
|move|p2a: Iron Treads|Earth Power|p1a: Sinistcha
|-resisted|p1a: Sinistcha
|-crit|p1a: Sinistcha
|-damage|p1a: Sinistcha|64/100
|
|upkeep
|turn|4
|
|t:|1758928336
|move|p2a: Iron Treads|Steel Beam|p1a: Sinistcha
|-damage|p1a: Sinistcha|0 fnt
|-damage|p2a: Iron Treads|0 fnt|[from] steelbeam
|faint|p2a: Iron Treads
|-end|p2a: Iron Treads|Quark Drive|[silent]
|faint|p1a: Sinistcha
|
|upkeep
|
|t:|1758928346
|switch|p2a: Dragapult|Dragapult, F|100/100
|switch|p1a: Glimmora|Glimmora, M, shiny|100/100
|-damage|p2a: Dragapult|88/100|[from] Stealth Rock
|-activate|p1a: Glimmora|move: Sticky Web
|-unboost|p1a: Glimmora|spe|1
|turn|5
|
|t:|1758928351
|move|p2a: Dragapult|Hydro Pump|p1a: Glimmora
|-supereffective|p1a: Glimmora
|-damage|p1a: Glimmora|34/100
|-enditem|p1a: Glimmora|Red Card|[of] p2a: Dragapult
|drag|p2a: Ceruledge|Ceruledge, F, shiny|100/100
|-damage|p2a: Ceruledge|76/100|[from] Stealth Rock
|move|p1a: Glimmora|Mortal Spin|p2a: Ceruledge
|-resisted|p2a: Ceruledge
|-damage|p2a: Ceruledge|72/100
|-status|p2a: Ceruledge|psn
|-ability|p2a: Ceruledge|Weak Armor|boost
|-unboost|p2a: Ceruledge|def|1
|-boost|p2a: Ceruledge|spe|2
|-sideend|p1: sunnysoon|Sticky Web|[from] move: Mortal Spin|[of] p1a: Glimmora
|
|-damage|p2a: Ceruledge|60/100 psn|[from] psn
|upkeep
|turn|6
|
|t:|1758928364
|move|p2a: Ceruledge|Bitter Blade|p1a: Glimmora
|-resisted|p1a: Glimmora
|-damage|p1a: Glimmora|15/100
|-heal|p2a: Ceruledge|72/100 psn|[from] drain|[of] p1a: Glimmora
|-activate|p1a: Glimmora|ability: Toxic Debris
|-sidestart|p2: xrayinformation|move: Toxic Spikes
|move|p1a: Glimmora|Earth Power|p2a: Ceruledge
|-supereffective|p2a: Ceruledge
|-damage|p2a: Ceruledge|7/100 psn
|
|-damage|p2a: Ceruledge|0 fnt|[from] psn
|faint|p2a: Ceruledge
|upkeep
|
|t:|1758928379
|switch|p2a: Dragapult|Dragapult, F|88/100
|-damage|p2a: Dragapult|76/100|[from] Stealth Rock
|-status|p2a: Dragapult|psn
|turn|7
|
|t:|1758928385
|move|p2a: Dragapult|Dragon Darts|p1a: Glimmora
|-damage|p1a: Glimmora|0 fnt
|-activate|p1a: Glimmora|ability: Toxic Debris
|-sidestart|p2: xrayinformation|move: Toxic Spikes
|faint|p1a: Glimmora
|
|-damage|p2a: Dragapult|64/100 psn|[from] psn
|upkeep
|l| IhateBrightColors
|
|t:|1758928397
|switch|p1a: Samurott|Samurott-Hisui, M, shiny|100/100
|turn|8
|
|t:|1758928407
|move|p2a: Dragapult|Thunderbolt|p1a: Samurott
|-supereffective|p1a: Samurott
|-damage|p1a: Samurott|0 fnt
|faint|p1a: Samurott
|
|-damage|p2a: Dragapult|51/100 psn|[from] psn
|upkeep
|
|t:|1758928419
|switch|p1a: Mamoswine|Mamoswine, M, shiny|100/100
|turn|9
|
|t:|1758928425
|move|p1a: Mamoswine|Ice Shard|p2a: Dragapult
|-supereffective|p2a: Dragapult
|-damage|p2a: Dragapult|0 fnt
|faint|p2a: Dragapult
|
|upkeep
|
|t:|1758928430
|switch|p2a: Ribombee|Ribombee, M|100/100
|-damage|p2a: Ribombee|76/100|[from] Stealth Rock
|-status|p2a: Ribombee|tox
|turn|10
|
|t:|1758928438
|move|p1a: Mamoswine|Ice Shard|p2a: Ribombee
|-damage|p2a: Ribombee|6/100 tox
|move|p2a: Ribombee|Stun Spore|p1a: Mamoswine
|-status|p1a: Mamoswine|par
|
|-damage|p2a: Ribombee|0 fnt|[from] psn
|faint|p2a: Ribombee
|upkeep
|
|t:|1758928444
|switch|p2a: Gallade|Gallade, M|100/100
|-damage|p2a: Gallade|94/100|[from] Stealth Rock
|-status|p2a: Gallade|tox
|turn|11
|
|t:|1758928450
|switch|p1a: Iron Crown|Iron Crown|100/100
|move|p2a: Gallade|Sacred Sword|p1a: Iron Crown
|-damage|p1a: Iron Crown|32/100
|
|-damage|p2a: Gallade|88/100 tox|[from] psn
|upkeep
|turn|12
|
|t:|1758928460
|move|p1a: Iron Crown|Tachyon Cutter|p2a: Gallade
|-damage|p2a: Gallade|50/100 tox
|-damage|p2a: Gallade|11/100 tox
|-hitcount|p2a: Gallade|2
|move|p2a: Gallade|Sacred Sword|p1a: Iron Crown
|-crit|p1a: Iron Crown
|-damage|p1a: Iron Crown|0 fnt
|faint|p1a: Iron Crown
|-end|p1a: Iron Crown|Quark Drive|[silent]
|
|-damage|p2a: Gallade|0 fnt|[from] psn
|faint|p2a: Gallade
|upkeep
|
|t:|1758928467
|switch|p1a: Zamazenta|Zamazenta, shiny|100/100
|switch|p2a: Iron Jugulis|Iron Jugulis|100/100
|-ability|p1a: Zamazenta|Dauntless Shield|boost
|-boost|p1a: Zamazenta|def|1
|-damage|p2a: Iron Jugulis|76/100|[from] Stealth Rock
|-enditem|p2a: Iron Jugulis|Booster Energy
|-activate|p2a: Iron Jugulis|ability: Quark Drive|[fromitem]
|-start|p2a: Iron Jugulis|quarkdrivespe
|turn|13
|
|t:|1758928481
|-terastallize|p1a: Zamazenta|Fairy
|move|p2a: Iron Jugulis|Hurricane|p1a: Zamazenta|[miss]
|-miss|p2a: Iron Jugulis|p1a: Zamazenta
|move|p1a: Zamazenta|Play Rough|p2a: Iron Jugulis
|-supereffective|p2a: Iron Jugulis
|-damage|p2a: Iron Jugulis|0 fnt
|faint|p2a: Iron Jugulis
|-end|p2a: Iron Jugulis|Quark Drive|[silent]
|
|win|sunnysoon
|raw|sunnysoon's rating: 1560 &rarr; <strong>1582</strong><br />(+22 for winning)
|raw|xrayinformation's rating: 1594 &rarr; <strong>1572</strong><br />(-22 for losing)
|l|☆sunnysoon
|player|p1|
|l|☆xrayinformation
|player|p2|
