|j|☆testing mom
|j|☆satasfactor
|t:|1758921655
|gametype|singles
|player|p1|testing mom|102|1249
|player|p2|satasfactor|lacey|1259
|gen|9
|tier|[Gen 9] OU
|rated|
|rule|HP Percentage Mod: HP is shown in percentages
|rule|Endless Battle Clause: Forcing endless battles is banned
|rule|Species Clause: Limit one of each Pokémon
|rule|OHKO Clause: OHKO moves are banned
|rule|Evasion Items Clause: Evasion items are banned
|rule|Evasion Moves Clause: Evasion moves are banned
|rule|Evasion Abilities Clause: Evasion abilities are banned
|rule|Sleep Moves Clause: Sleep-inducing moves are banned
|clearpoke
|poke|p1|Okidogi, M|
|poke|p1|Rhyperior, F|
|poke|p1|Skeledirge, M|
|poke|p1|Araquanid, F|
|poke|p1|Polteageist|
|poke|p1|Regidrago|
|poke|p2|Dragonite, M|
|poke|p2|Ceruledge, F|
|poke|p2|Primarina, F|
|poke|p2|Great Tusk|
|poke|p2|Glimmora, M|
|poke|p2|Serperior, F|
|teampreview
|inactive|Battle timer is ON: inactive players will automatically lose when time's up. (requested by testing mom)
|
|t:|1758921668
|teamsize|p1|6
|teamsize|p2|6
|start
|switch|p1a: Regidrago|Regidrago|100/100
|switch|p2a: Glimmora|Glimmora, M, shiny|100/100
|turn|1
|
|t:|1758921676
|move|p1a: Regidrago|Earth Power|p2a: Glimmora
|-supereffective|p2a: Glimmora
|-enditem|p2a: Glimmora|Focus Sash
|-damage|p2a: Glimmora|1/100
|move|p2a: Glimmora|Mortal Spin|p1a: Regidrago
|-damage|p1a: Regidrago|94/100
|-status|p1a: Regidrago|psn
|
|-damage|p1a: Regidrago|82/100 psn|[from] psn
|upkeep
|turn|2
|
|t:|1758921686
|switch|p2a: Dragonite|Dragonite, M|100/100
|move|p1a: Regidrago|Earth Power|p2a: Dragonite
|-immune|p2a: Dragonite
|
|-damage|p1a: Regidrago|70/100 psn|[from] psn
|upkeep
|turn|3
|
|t:|1758921695
|switch|p1a: Rhyperior|Rhyperior, F|100/100
|move|p2a: Dragonite|Dragon Dance|p2a: Dragonite
|-boost|p2a: Dragonite|atk|1
|-boost|p2a: Dragonite|spe|1
|
|upkeep
|turn|4
|
|t:|1758921707
|move|p2a: Dragonite|Waterfall|p1a: Rhyperior
|-supereffective|p1a: Rhyperior
|-damage|p1a: Rhyperior|17/100
|-enditem|p1a: Rhyperior|Weakness Policy
|-boost|p1a: Rhyperior|atk|2|[from] item: Weakness Policy
|-boost|p1a: Rhyperior|spa|2|[from] item: Weakness Policy
|move|p1a: Rhyperior|Rock Polish|p1a: Rhyperior
|-boost|p1a: Rhyperior|spe|2
|
|upkeep
|turn|5
|
|t:|1758921725
|-terastallize|p1a: Rhyperior|Dragon
|move|p2a: Dragonite|Waterfall|p1a: Rhyperior
|-resisted|p1a: Rhyperior
|-damage|p1a: Rhyperior|2/100
|move|p1a: Rhyperior|Outrage|p2a: Dragonite
|-supereffective|p2a: Dragonite
|-damage|p2a: Dragonite|0 fnt
|faint|p2a: Dragonite
|
|upkeep
|
|t:|1758921733
|switch|p2a: Serperior|Serperior, F|100/100
|turn|6
|
|t:|1758921738
|move|p1a: Rhyperior|Outrage|p2a: Serperior|[from] lockedmove
|-damage|p2a: Serperior|0 fnt
|faint|p2a: Serperior
|-start|p1a: Rhyperior|confusion|[fatigue]
|
|upkeep
|
|t:|1758921745
|switch|p2a: Ceruledge|Ceruledge, F|100/100
|turn|7
|
|t:|1758921750
|-activate|p1a: Rhyperior|confusion
|move|p1a: Rhyperior|Earthquake|p2a: Ceruledge
|-supereffective|p2a: Ceruledge
|-enditem|p2a: Ceruledge|Focus Sash
|-damage|p2a: Ceruledge|1/100
|-ability|p2a: Ceruledge|Weak Armor|boost
|-unboost|p2a: Ceruledge|def|1
|-boost|p2a: Ceruledge|spe|2
|move|p2a: Ceruledge|Swords Dance|p2a: Ceruledge
|-boost|p2a: Ceruledge|atk|2
|
|upkeep
|turn|8
|
|t:|1758921764
|move|p2a: Ceruledge|Bitter Blade|p1a: Rhyperior
|-resisted|p1a: Rhyperior
|-damage|p1a: Rhyperior|0 fnt
|-heal|p2a: Ceruledge|2/100|[from] drain|[of] p1a: Rhyperior
|faint|p1a: Rhyperior
|
|upkeep
|
|t:|1758921781
|switch|p1a: Skeledirge|Skeledirge, M|100/100
|turn|9
|
|t:|1758921786
|move|p2a: Ceruledge|Poltergeist|p1a: Skeledirge
|-activate|p1a: Skeledirge|move: Poltergeist|Heavy-Duty Boots
|-supereffective|p1a: Skeledirge
|-damage|p1a: Skeledirge|32/100
|move|p1a: Skeledirge|Shadow Ball|p2a: Ceruledge
|-supereffective|p2a: Ceruledge
|-damage|p2a: Ceruledge|0 fnt
|faint|p2a: Ceruledge
|
|upkeep
|
|t:|1758921796
|switch|p2a: Glimmora|Glimmora, M, shiny|1/100
|turn|10
|
|t:|1758921799
|move|p2a: Glimmora|Power Gem|p1a: Skeledirge
|-supereffective|p1a: Skeledirge
|-crit|p1a: Skeledirge
|-damage|p1a: Skeledirge|0 fnt
|faint|p1a: Skeledirge
|
|upkeep
|
|t:|1758921805
|switch|p1a: Polteageist|Polteageist|100/100
|turn|11
|
|t:|1758921816
|move|p2a: Glimmora|Mortal Spin|p1a: Polteageist
|-resisted|p1a: Polteageist
|-damage|p1a: Polteageist|95/100
|-status|p1a: Polteageist|psn
|-ability|p1a: Polteageist|Weak Armor|boost
|-unboost|p1a: Polteageist|def|1
|-boost|p1a: Polteageist|spe|2
|move|p1a: Polteageist|Shell Smash|p1a: Polteageist
|-unboost|p1a: Polteageist|def|1
|-unboost|p1a: Polteageist|spd|1
|-boost|p1a: Polteageist|atk|2
|-boost|p1a: Polteageist|spa|2
|-boost|p1a: Polteageist|spe|2
|
|-damage|p1a: Polteageist|83/100 psn|[from] psn
|upkeep
|turn|12
|
|t:|1758921832
|move|p1a: Polteageist|Shadow Ball|p2a: Glimmora
|-damage|p2a: Glimmora|0 fnt
|faint|p2a: Glimmora
|
|-damage|p1a: Polteageist|71/100 psn|[from] psn
|upkeep
|
|t:|1758921836
|switch|p2a: Primarina|Primarina, F|100/100
|turn|13
|
|t:|1758921844
|move|p1a: Polteageist|Stored Power|p2a: Primarina
|-damage|p2a: Primarina|24/100
|move|p2a: Primarina|Moonblast|p1a: Polteageist
|-damage|p1a: Polteageist|0 fnt
|faint|p1a: Polteageist
|
|upkeep
|
|t:|1758921857
|switch|p1a: Araquanid|Araquanid, F|100/100
|turn|14
|
|t:|1758921866
|move|p2a: Primarina|Moonblast|p1a: Araquanid
|-damage|p1a: Araquanid|60/100
|-unboost|p1a: Araquanid|spa|1
|move|p1a: Araquanid|Liquidation|p2a: Primarina
|-resisted|p2a: Primarina
|-damage|p2a: Primarina|0 fnt
|faint|p2a: Primarina
|
|upkeep
|
|t:|1758921870
|switch|p2a: Great Tusk|Great Tusk|100/100
|turn|15
|
|t:|1758921886
|-terastallize|p2a: Great Tusk|Water
|move|p2a: Great Tusk|Rapid Spin|p1a: Araquanid
|-damage|p1a: Araquanid|41/100
|-boost|p2a: Great Tusk|spe|1
|move|p1a: Araquanid|Liquidation|p2a: Great Tusk
|-resisted|p2a: Great Tusk
|-damage|p2a: Great Tusk|70/100
|-unboost|p2a: Great Tusk|def|1
|-damage|p1a: Araquanid|25/100|[from] item: Rocky Helmet|[of] p2a: Great Tusk
|
|upkeep
|turn|16
|
|t:|1758921897
|move|p2a: Great Tusk|Ice Spinner|p1a: Araquanid
|-resisted|p1a: Araquanid
|-damage|p1a: Araquanid|11/100
|move|p1a: Araquanid|Liquidation|p2a: Great Tusk
|-resisted|p2a: Great Tusk
|-damage|p2a: Great Tusk|26/100
|-damage|p1a: Araquanid|0 fnt|[from] item: Rocky Helmet|[of] p2a: Great Tusk
|faint|p1a: Araquanid
|
|upkeep
|
|t:|1758921906
|switch|p1a: Okidogi|Okidogi, M|100/100
|turn|17
|
|t:|1758921911
|move|p2a: Great Tusk|Headlong Rush|p1a: Okidogi
|-supereffective|p1a: Okidogi
|-damage|p1a: Okidogi|12/100
|-unboost|p2a: Great Tusk|def|1
|-unboost|p2a: Great Tusk|spd|1
|move|p1a: Okidogi|Drain Punch|p2a: Great Tusk
|-damage|p2a: Great Tusk|0 fnt
|-heal|p1a: Okidogi|27/100|[from] drain|[of] p2a: Great Tusk
|-damage|p1a: Okidogi|10/100|[from] item: Rocky Helmet|[of] p2a: Great Tusk
|faint|p2a: Great Tusk
|-end|p2a: Great Tusk|Protosynthesis|[silent]
|
|win|testing mom
|raw|testing mom's rating: 1249 &rarr; <strong>1275</strong><br />(+26 for winning)
|raw|satasfactor's rating: 1259 &rarr; <strong>1233</strong><br />(-26 for losing)
|l|☆satasfactor
|player|p2|
|l|☆testing mom
|player|p1|
