|j|☆NelZalienZ
|j|☆Dolost
|t:|1759038998
|gametype|singles
|player|p1|NelZalienZ|biker|1134
|player|p2|Dolost|gentleman-gen4dp|1140
|gen|9
|tier|[Gen 9] OU
|rated|
|rule|HP Percentage Mod: HP is shown in percentages
|rule|Endless Battle Clause: Forcing endless battles is banned
|rule|Species Clause: Limit one of each Pokémon
|rule|OHKO Clause: OHKO moves are banned
|rule|Evasion Items Clause: Evasion items are banned
|rule|Evasion Moves Clause: Evasion moves are banned
|rule|Evasion Abilities Clause: Evasion abilities are banned
|rule|Sleep Moves Clause: Sleep-inducing moves are banned
|clearpoke
|poke|p1|Dragonite, M|
|poke|p1|Skarmory, M|
|poke|p1|Metagross|
|poke|p1|Hydreigon, F|
|poke|p1|Garganacl, M|
|poke|p1|Gholdengo|
|poke|p2|Porygon-Z|
|poke|p2|Wo-Chien|
|poke|p2|Ceruledge, F|
|poke|p2|Weezing-Galar, F|
|poke|p2|Ursaluna, M|
|poke|p2|Dragapult, F|
|teampreview
|
|t:|1759039009
|teamsize|p1|6
|teamsize|p2|6
|start
|switch|p1a: Dragonite|Dragonite, M, shiny|100/100
|switch|p2a: Ursaluna|Ursaluna, M|100/100
|turn|1
|
|t:|1759039020
|move|p1a: Dragonite|Earthquake|p2a: Ursaluna
|-damage|p2a: Ursaluna|52/100
|move|p2a: Ursaluna|Swords Dance|p2a: Ursaluna
|-boost|p2a: Ursaluna|atk|2
|
|-status|p2a: Ursaluna|brn|[from] item: Flame Orb
|upkeep
|turn|2
|
|t:|1759039036
|-terastallize|p2a: Ursaluna|Normal
|move|p1a: Dragonite|Earthquake|p2a: Ursaluna
|-damage|p2a: Ursaluna|4/100 brn
|move|p2a: Ursaluna|Facade|p1a: Dragonite
|-damage|p1a: Dragonite|0 fnt
|faint|p1a: Dragonite
|
|-damage|p2a: Ursaluna|0 fnt|[from] brn
|faint|p2a: Ursaluna
|upkeep
|
|t:|1759039060
|switch|p1a: Gholdengo|Gholdengo, shiny|100/100
|switch|p2a: Porygon-Z|Porygon-Z|100/100
|turn|3
|
|t:|1759039072
|move|p1a: Gholdengo|Thunderbolt|p2a: Porygon-Z
|-damage|p2a: Porygon-Z|53/100
|move|p2a: Porygon-Z|Tri Attack|p1a: Gholdengo
|-immune|p1a: Gholdengo
|
|upkeep
|turn|4
|
|t:|1759039083
|switch|p2a: Dragapult|Dragapult, F|100/100
|move|p1a: Gholdengo|Thunderbolt|p2a: Dragapult
|-resisted|p2a: Dragapult
|-damage|p2a: Dragapult|78/100
|
|upkeep
|turn|5
|
|t:|1759039096
|switch|p1a: Skarmory|Skarmory, M, shiny|100/100
|move|p2a: Dragapult|Flamethrower|p1a: Skarmory
|-supereffective|p1a: Skarmory
|-damage|p1a: Skarmory|2/100
|
|-heal|p1a: Skarmory|8/100|[from] item: Leftovers
|upkeep
|turn|6
|
|t:|1759039107
|move|p2a: Dragapult|Flamethrower|p1a: Skarmory
|-supereffective|p1a: Skarmory
|-damage|p1a: Skarmory|0 fnt
|faint|p1a: Skarmory
|
|upkeep
|
|t:|1759039113
|switch|p1a: Gholdengo|Gholdengo, shiny|100/100
|turn|7
|
|t:|1759039126
|move|p1a: Gholdengo|Make It Rain|p2a: Dragapult
|-damage|p2a: Dragapult|0 fnt
|-unboost|p1a: Gholdengo|spa|1
|faint|p2a: Dragapult
|
|upkeep
|
|t:|1759039143
|switch|p2a: Wo-Chien|Wo-Chien|100/100
|-ability|p2a: Wo-Chien|Tablets of Ruin
|turn|8
|
|t:|1759039155
|switch|p1a: Metagross|Metagross, shiny|100/100
|move|p2a: Wo-Chien|Knock Off|p1a: Metagross
|-supereffective|p1a: Metagross
|-crit|p1a: Metagross
|-damage|p1a: Metagross|21/100
|-enditem|p1a: Metagross|Assault Vest|[from] move: Knock Off|[of] p2a: Wo-Chien
|
|upkeep
|turn|9
|
|t:|1759039166
|move|p1a: Metagross|Hammer Arm|p2a: Wo-Chien
|-supereffective|p2a: Wo-Chien
|-damage|p2a: Wo-Chien|60/100
|-unboost|p1a: Metagross|spe|1
|move|p2a: Wo-Chien|Knock Off|p1a: Metagross
|-supereffective|p1a: Metagross
|-damage|p1a: Metagross|0 fnt
|faint|p1a: Metagross
|
|-heal|p2a: Wo-Chien|66/100|[from] item: Leftovers
|upkeep
|
|t:|1759039178
|switch|p1a: Hydreigon|Hydreigon, F, shiny|100/100
|turn|10
|
|t:|1759039185
|move|p1a: Hydreigon|Fire Blast|p2a: Wo-Chien
|-supereffective|p2a: Wo-Chien
|-damage|p2a: Wo-Chien|0 fnt
|faint|p2a: Wo-Chien
|
|upkeep
|
|t:|1759039192
|switch|p2a: Porygon-Z|Porygon-Z|53/100
|turn|11
|
|t:|1759039198
|switch|p1a: Gholdengo|Gholdengo, shiny|100/100
|move|p2a: Porygon-Z|Ice Beam|p1a: Gholdengo
|-resisted|p1a: Gholdengo
|-damage|p1a: Gholdengo|80/100
|
|upkeep
|turn|12
|
|t:|1759039208
|switch|p2a: Weezing|Weezing-Galar, F|100/100
|move|p1a: Gholdengo|Make It Rain|p2a: Weezing
|-supereffective|p2a: Weezing
|-damage|p2a: Weezing|0 fnt
|-unboost|p1a: Gholdengo|spa|1
|faint|p2a: Weezing
|
|upkeep
|
|t:|1759039220
|switch|p2a: Ceruledge|Ceruledge, F|100/100
|turn|13
|
|t:|1759039226
|switch|p1a: Garganacl|Garganacl, M, shiny|100/100
|move|p2a: Ceruledge|Swords Dance|p2a: Ceruledge
|-boost|p2a: Ceruledge|atk|2
|
|upkeep
|turn|14
|
|t:|1759039237
|move|p2a: Ceruledge|Shadow Claw|p1a: Garganacl
|-damage|p1a: Garganacl|83/100
|move|p1a: Garganacl|Salt Cure|p2a: Ceruledge
|-supereffective|p2a: Ceruledge
|-damage|p2a: Ceruledge|61/100
|-start|p2a: Ceruledge|Salt Cure
|-ability|p2a: Ceruledge|Weak Armor|boost
|-unboost|p2a: Ceruledge|def|1
|-boost|p2a: Ceruledge|spe|2
|
|-heal|p1a: Garganacl|90/100|[from] item: Leftovers
|-damage|p2a: Ceruledge|49/100|[from] Salt Cure
|upkeep
|turn|15
|
|t:|1759039255
|switch|p2a: Porygon-Z|Porygon-Z|53/100
|move|p1a: Garganacl|Salt Cure|p2a: Porygon-Z
|-damage|p2a: Porygon-Z|33/100
|-start|p2a: Porygon-Z|Salt Cure
|
|-heal|p1a: Garganacl|96/100|[from] item: Leftovers
|-damage|p2a: Porygon-Z|21/100|[from] Salt Cure
|upkeep
|turn|16
|
|t:|1759039267
|move|p2a: Porygon-Z|Ice Beam|p1a: Garganacl
|-damage|p1a: Garganacl|61/100
|move|p1a: Garganacl|Body Press|p2a: Porygon-Z
|-supereffective|p2a: Porygon-Z
|-damage|p2a: Porygon-Z|0 fnt
|faint|p2a: Porygon-Z
|
|-heal|p1a: Garganacl|67/100|[from] item: Leftovers
|upkeep
|
|t:|1759039277
|switch|p2a: Ceruledge|Ceruledge, F|49/100
|turn|17
|
|t:|1759039283
|move|p2a: Ceruledge|Bitter Blade|p1a: Garganacl
|-resisted|p1a: Garganacl
|-damage|p1a: Garganacl|56/100
|-heal|p2a: Ceruledge|57/100|[from] drain|[of] p1a: Garganacl
|move|p1a: Garganacl|Salt Cure|p2a: Ceruledge
|-supereffective|p2a: Ceruledge
|-damage|p2a: Ceruledge|21/100
|-start|p2a: Ceruledge|Salt Cure
|-ability|p2a: Ceruledge|Weak Armor|boost
|-unboost|p2a: Ceruledge|def|1
|-boost|p2a: Ceruledge|spe|2
|
|-heal|p1a: Garganacl|62/100|[from] item: Leftovers
|-damage|p2a: Ceruledge|9/100|[from] Salt Cure
|upkeep
|turn|18
|-message|Dolost forfeited.
|
|win|NelZalienZ
|raw|NelZalienZ's rating: 1134 &rarr; <strong>1159</strong><br />(+25 for winning)
|raw|Dolost's rating: 1140 &rarr; <strong>1115</strong><br />(-25 for losing)
|l|☆Dolost
|player|p2|
|l|☆NelZalienZ
|player|p1|
|j|☆NelZalienZ
|player|p1|NelZalienZ|biker|
