|j|☆LucioX7
|j|☆Evilmantube
|t:|1758956414
|gametype|singles
|player|p1|LucioX7|red|1148
|player|p2|Evilmantube|blackbelt|1158
|gen|9
|tier|[Gen 9] OU
|rated|
|rule|HP Percentage Mod: HP is shown in percentages
|rule|Endless Battle Clause: Forcing endless battles is banned
|rule|Species Clause: Limit one of each Pokémon
|rule|OHKO Clause: OHKO moves are banned
|rule|Evasion Items Clause: Evasion items are banned
|rule|Evasion Moves Clause: Evasion moves are banned
|rule|Evasion Abilities Clause: Evasion abilities are banned
|rule|Sleep Moves Clause: Sleep-inducing moves are banned
|clearpoke
|poke|p1|Mandibuzz, F|
|poke|p1|Milotic, M|
|poke|p1|Goodra, F|
|poke|p1|Ambipom, M|
|poke|p1|Dusknoir, M|
|poke|p1|Gallade, M|
|poke|p2|Dragapult, F|
|poke|p2|Gliscor, M|
|poke|p2|Glimmora, M|
|poke|p2|Ninetales-Alola, F|
|poke|p2|Houndstone, F|
|poke|p2|Scyther, M|
|teampreview
|inactive|Battle timer is ON: inactive players will automatically lose when time's up. (requested by LucioX7)
|
|t:|1758956440
|teamsize|p1|6
|teamsize|p2|6
|start
|switch|p1a: Goodra|Goodra, F|100/100
|switch|p2a: Gliscor|Gliscor, M|100/100
|turn|1
|
|t:|1758956448
|move|p2a: Gliscor|Toxic Spikes|p1a: Goodra
|-sidestart|p1: LucioX7|move: Toxic Spikes
|move|p1a: Goodra|Dragon Pulse|p2a: Gliscor
|-damage|p2a: Gliscor|63/100
|
|-status|p2a: Gliscor|tox|[from] item: Toxic Orb
|upkeep
|turn|2
|
|t:|1758956462
|-terastallize|p1a: Goodra|Steel
|move|p2a: Gliscor|Protect|p2a: Gliscor
|-singleturn|p2a: Gliscor|Protect
|move|p1a: Goodra|Dragon Pulse|p2a: Gliscor
|-activate|p2a: Gliscor|move: Protect
|
|-heal|p2a: Gliscor|75/100 tox|[from] ability: Poison Heal
|upkeep
|turn|3
|
|t:|1758956484
|switch|p2a: Ninetales|Ninetales-Alola, F|100/100
|-weather|Snowscape|[from] ability: Snow Warning|[of] p2a: Ninetales
|move|p1a: Goodra|Dragon Pulse|p2a: Ninetales
|-immune|p2a: Ninetales
|
|-weather|Snowscape|[upkeep]
|upkeep
|turn|4
|
|t:|1758956498
|move|p2a: Ninetales|Aurora Veil|p2a: Ninetales
|-sidestart|p2: Evilmantube|move: Aurora Veil
|move|p1a: Goodra|Flamethrower|p2a: Ninetales
|-supereffective|p2a: Ninetales
|-damage|p2a: Ninetales|73/100
|
|-weather|Snowscape|[upkeep]
|upkeep
|turn|5
|
|t:|1758956505
|move|p2a: Ninetales|Disable|p1a: Goodra
|-start|p1a: Goodra|Disable|Flamethrower
|move|p1a: Goodra|Sludge Bomb|p2a: Ninetales
|-supereffective|p2a: Ninetales
|-damage|p2a: Ninetales|42/100
|
|-weather|Snowscape|[upkeep]
|upkeep
|turn|6
|
|t:|1758956522
|switch|p2a: Houndstone|Houndstone, F|100/100
|move|p1a: Goodra|Sludge Bomb|p2a: Houndstone
|-resisted|p2a: Houndstone
|-damage|p2a: Houndstone|94/100
|-status|p2a: Houndstone|psn
|
|-weather|Snowscape|[upkeep]
|-heal|p2a: Houndstone|100/100 psn|[from] item: Leftovers
|-damage|p2a: Houndstone|88/100 psn|[from] psn
|upkeep
|turn|7
|
|t:|1758956542
|move|p1a: Goodra|Thunderbolt|p2a: Houndstone
|-damage|p2a: Houndstone|77/100 psn
|move|p2a: Houndstone|Will-O-Wisp|p1a: Goodra
|-status|p1a: Goodra|brn
|
|-weather|none
|-heal|p2a: Houndstone|83/100 psn|[from] item: Leftovers
|-damage|p2a: Houndstone|71/100 psn|[from] psn
|-damage|p1a: Goodra|94/100 brn|[from] brn
|upkeep
|turn|8
|inactive|LucioX7 has 120 seconds left.
|
|t:|1758956566
|switch|p2a: Gliscor|Gliscor, M|75/100 tox
|move|p1a: Goodra|Dragon Pulse|p2a: Gliscor
|-damage|p2a: Gliscor|57/100 tox
|
|-heal|p2a: Gliscor|69/100 tox|[from] ability: Poison Heal
|-damage|p1a: Goodra|88/100 brn|[from] brn
|-end|p1a: Goodra|Disable
|upkeep
|turn|9
|
|t:|1758956576
|move|p2a: Gliscor|Toxic Spikes|p1a: Goodra
|-sidestart|p1: LucioX7|move: Toxic Spikes
|move|p1a: Goodra|Flamethrower|p2a: Gliscor
|-damage|p2a: Gliscor|55/100 tox
|
|-heal|p2a: Gliscor|67/100 tox|[from] ability: Poison Heal
|-damage|p1a: Goodra|82/100 brn|[from] brn
|upkeep
|turn|10
|
|t:|1758956583
|move|p2a: Gliscor|Protect|p2a: Gliscor
|-singleturn|p2a: Gliscor|Protect
|move|p1a: Goodra|Flamethrower|p2a: Gliscor
|-activate|p2a: Gliscor|move: Protect
|
|-heal|p2a: Gliscor|80/100 tox|[from] ability: Poison Heal
|-damage|p1a: Goodra|75/100 brn|[from] brn
|upkeep
|turn|11
|inactive|LucioX7 has 120 seconds left.
|
|t:|1758956619
|switch|p2a: Ninetales|Ninetales-Alola, F|42/100
|-weather|Snowscape|[from] ability: Snow Warning|[of] p2a: Ninetales
|move|p1a: Goodra|Flamethrower|p2a: Ninetales
|-supereffective|p2a: Ninetales
|-damage|p2a: Ninetales|11/100
|
|-weather|Snowscape|[upkeep]
|-damage|p1a: Goodra|69/100 brn|[from] brn
|-sideend|p2: Evilmantube|move: Aurora Veil
|upkeep
|turn|12
|inactive|LucioX7 has 90 seconds left.
|
|t:|1758956656
|move|p2a: Ninetales|Aurora Veil|p2a: Ninetales
|-sidestart|p2: Evilmantube|move: Aurora Veil
|move|p1a: Goodra|Flamethrower|p2a: Ninetales
|-supereffective|p2a: Ninetales
|-damage|p2a: Ninetales|0 fnt
|faint|p2a: Ninetales
|
|-weather|Snowscape|[upkeep]
|-damage|p1a: Goodra|63/100 brn|[from] brn
|upkeep
|
|t:|1758956669
|switch|p2a: Glimmora|Glimmora, M|100/100
|turn|13
|inactive|LucioX7 has 90 seconds left.
|
|t:|1758956674
|move|p2a: Glimmora|Stealth Rock|p1a: Goodra
|-sidestart|p1: LucioX7|move: Stealth Rock
|move|p1a: Goodra|Dragon Pulse|p2a: Glimmora
|-damage|p2a: Glimmora|76/100
|
|-weather|Snowscape|[upkeep]
|-damage|p1a: Goodra|57/100 brn|[from] brn
|upkeep
|turn|14
|
|t:|1758956682
|move|p2a: Glimmora|Earth Power|p1a: Goodra
|-supereffective|p1a: Goodra
|-damage|p1a: Goodra|34/100 brn
|move|p1a: Goodra|Dragon Pulse|p2a: Glimmora
|-damage|p2a: Glimmora|54/100
|
|-weather|Snowscape|[upkeep]
|-damage|p1a: Goodra|28/100 brn|[from] brn
|upkeep
|turn|15
|
|t:|1758956691
|move|p2a: Glimmora|Earth Power|p1a: Goodra
|-supereffective|p1a: Goodra
|-damage|p1a: Goodra|6/100 brn
|-unboost|p1a: Goodra|spd|1
|move|p1a: Goodra|Dragon Pulse|p2a: Glimmora
|-damage|p2a: Glimmora|31/100
|
|-weather|none
|-damage|p1a: Goodra|0 fnt|[from] brn
|faint|p1a: Goodra
|upkeep
|
|t:|1758956706
|switch|p1a: Milotic|Milotic, M|100/100
|-status|p1a: Milotic|tox
|-damage|p1a: Milotic|88/100 tox|[from] Stealth Rock
|turn|16
|
|t:|1758956715
|move|p2a: Glimmora|Memento|p1a: Milotic
|-unboost|p1a: Milotic|atk|2
|-unboost|p1a: Milotic|spa|2
|faint|p2a: Glimmora
|move|p1a: Milotic|Scald|p2: Glimmora|[notarget]
|-fail|p1a: Milotic
|
|-damage|p1a: Milotic|82/100 tox|[from] psn
|upkeep
|
|t:|1758956723
|switch|p2a: Scyther|Scyther, M|100/100
|turn|17
|
|t:|1758956739
|switch|p1a: Mandibuzz|Mandibuzz, F|100/100
|-damage|p1a: Mandibuzz|76/100|[from] Stealth Rock
|move|p2a: Scyther|Agility|p2a: Scyther
|-boost|p2a: Scyther|spe|2
|
|-heal|p1a: Mandibuzz|82/100|[from] item: Leftovers
|upkeep
|turn|18
|
|t:|1758956748
|-terastallize|p2a: Scyther|Bug
|move|p2a: Scyther|Fury Cutter|p1a: Mandibuzz
|-damage|p1a: Mandibuzz|60/100
|move|p1a: Mandibuzz|Toxic|p2a: Scyther
|-status|p2a: Scyther|tox
|
|-heal|p1a: Mandibuzz|66/100|[from] item: Leftovers
|-damage|p2a: Scyther|95/100 tox|[from] psn
|upkeep
|turn|19
|inactive|LucioX7 has 120 seconds left.
|
|t:|1758956757
|move|p2a: Scyther|Fury Cutter|p1a: Mandibuzz
|-damage|p1a: Mandibuzz|31/100
|move|p1a: Mandibuzz|Roost|p1a: Mandibuzz
|-heal|p1a: Mandibuzz|81/100
|-singleturn|p1a: Mandibuzz|move: Roost
|
|-heal|p1a: Mandibuzz|87/100|[from] item: Leftovers
|-damage|p2a: Scyther|83/100 tox|[from] psn
|-sideend|p2: Evilmantube|move: Aurora Veil
|upkeep
|turn|20
|
|t:|1758956767
|move|p2a: Scyther|Fury Cutter|p1a: Mandibuzz
|-damage|p1a: Mandibuzz|8/100
|move|p1a: Mandibuzz|Foul Play|p2a: Scyther
|-damage|p2a: Scyther|16/100 tox
|
|-heal|p1a: Mandibuzz|14/100|[from] item: Leftovers
|-damage|p2a: Scyther|0 fnt|[from] psn
|faint|p2a: Scyther
|upkeep
|
|t:|1758956774
|switch|p2a: Gliscor|Gliscor, M|80/100 tox
|turn|21
|
|t:|1758956779
|move|p2a: Gliscor|Fling|p1a: Mandibuzz
|-resisted|p1a: Mandibuzz
|-damage|p1a: Mandibuzz|13/100
|-status|p1a: Mandibuzz|tox
|-enditem|p2a: Gliscor|Toxic Orb|[from] move: Fling
|move|p1a: Mandibuzz|Roost|p1a: Mandibuzz
|-heal|p1a: Mandibuzz|63/100 tox
|-singleturn|p1a: Mandibuzz|move: Roost
|
|-heal|p1a: Mandibuzz|69/100 tox|[from] item: Leftovers
|-heal|p2a: Gliscor|92/100 tox|[from] ability: Poison Heal
|-damage|p1a: Mandibuzz|63/100 tox|[from] psn
|upkeep
|turn|22
|
|t:|1758956790
|move|p2a: Gliscor|Thief|p1a: Mandibuzz
|-resisted|p1a: Mandibuzz
|-damage|p1a: Mandibuzz|59/100 tox
|-enditem|p1a: Mandibuzz|Leftovers|[silent]|[from] move: Thief|[of] p2a: Gliscor
|-item|p2a: Gliscor|Leftovers|[from] move: Thief|[of] p1a: Mandibuzz
|move|p1a: Mandibuzz|Roost|p1a: Mandibuzz
|-heal|p1a: Mandibuzz|100/100 tox
|-singleturn|p1a: Mandibuzz|move: Roost
|
|-heal|p2a: Gliscor|99/100 tox|[from] item: Leftovers
|-heal|p2a: Gliscor|100/100 tox|[from] ability: Poison Heal
|-damage|p1a: Mandibuzz|88/100 tox|[from] psn
|upkeep
|turn|23
|
|t:|1758956803
|move|p2a: Gliscor|Thief|p1a: Mandibuzz
|-resisted|p1a: Mandibuzz
|-damage|p1a: Mandibuzz|84/100 tox
|move|p1a: Mandibuzz|Foul Play|p2a: Gliscor
|-damage|p2a: Gliscor|77/100 tox
|
|-heal|p2a: Gliscor|83/100 tox|[from] item: Leftovers
|-heal|p2a: Gliscor|95/100 tox|[from] ability: Poison Heal
|-damage|p1a: Mandibuzz|66/100 tox|[from] psn
|upkeep
|turn|24
|
|t:|1758956812
|move|p2a: Gliscor|Thief|p1a: Mandibuzz
|-resisted|p1a: Mandibuzz
|-damage|p1a: Mandibuzz|62/100 tox
|move|p1a: Mandibuzz|Foul Play|p2a: Gliscor
|-crit|p2a: Gliscor
|-damage|p2a: Gliscor|62/100 tox
|
|-heal|p2a: Gliscor|68/100 tox|[from] item: Leftovers
|-heal|p2a: Gliscor|81/100 tox|[from] ability: Poison Heal
|-damage|p1a: Mandibuzz|38/100 tox|[from] psn
|upkeep
|turn|25
|
|t:|1758956821
|move|p2a: Gliscor|Thief|p1a: Mandibuzz
|-resisted|p1a: Mandibuzz
|-damage|p1a: Mandibuzz|34/100 tox
|move|p1a: Mandibuzz|Foul Play|p2a: Gliscor
|-damage|p2a: Gliscor|57/100 tox
|
|-heal|p2a: Gliscor|63/100 tox|[from] item: Leftovers
|-heal|p2a: Gliscor|76/100 tox|[from] ability: Poison Heal
|-damage|p1a: Mandibuzz|4/100 tox|[from] psn
|upkeep
|turn|26
|
|t:|1758956830
|move|p2a: Gliscor|Protect|p2a: Gliscor
|-singleturn|p2a: Gliscor|Protect
|move|p1a: Mandibuzz|Foul Play|p2a: Gliscor
|-activate|p2a: Gliscor|move: Protect
|
|-heal|p2a: Gliscor|82/100 tox|[from] item: Leftovers
|-heal|p2a: Gliscor|94/100 tox|[from] ability: Poison Heal
|-damage|p1a: Mandibuzz|0 fnt|[from] psn
|faint|p1a: Mandibuzz
|upkeep
|
|t:|1758956840
|switch|p1a: Gallade|Gallade, M, shiny|100/100
|-status|p1a: Gallade|tox
|-damage|p1a: Gallade|94/100 tox|[from] Stealth Rock
|turn|27
|
|t:|1758956848
|move|p1a: Gallade|Aqua Cutter|p2a: Gliscor
|-supereffective|p2a: Gliscor
|-damage|p2a: Gliscor|37/100 tox
|move|p2a: Gliscor|Thief|p1a: Gallade
|-damage|p1a: Gallade|72/100 tox
|
|-heal|p2a: Gliscor|43/100 tox|[from] item: Leftovers
|-damage|p1a: Gallade|65/100 tox|[from] psn
|-heal|p2a: Gliscor|56/100 tox|[from] ability: Poison Heal
|upkeep
|turn|28
|
|t:|1758956858
|move|p2a: Gliscor|Protect|p2a: Gliscor
|-singleturn|p2a: Gliscor|Protect
|move|p1a: Gallade|Aqua Cutter|p2a: Gliscor
|-activate|p2a: Gliscor|move: Protect
|
|-heal|p2a: Gliscor|62/100 tox|[from] item: Leftovers
|-damage|p1a: Gallade|53/100 tox|[from] psn
|-heal|p2a: Gliscor|75/100 tox|[from] ability: Poison Heal
|upkeep
|turn|29
|
|t:|1758956867
|switch|p2a: Houndstone|Houndstone, F|71/100 psn
|move|p1a: Gallade|Aqua Cutter|p2a: Houndstone
|-damage|p2a: Houndstone|40/100 psn
|
|-heal|p2a: Houndstone|46/100 psn|[from] item: Leftovers
|-damage|p1a: Gallade|35/100 tox|[from] psn
|-damage|p2a: Houndstone|34/100 psn|[from] psn
|upkeep
|turn|30
|
|t:|1758956876
|move|p2a: Houndstone|Protect|p2a: Houndstone
|-singleturn|p2a: Houndstone|Protect
|move|p1a: Gallade|Psycho Cut|p2a: Houndstone
|-activate|p2a: Houndstone|move: Protect
|
|-heal|p2a: Houndstone|40/100 psn|[from] item: Leftovers
|-damage|p1a: Gallade|10/100 tox|[from] psn
|-damage|p2a: Houndstone|28/100 psn|[from] psn
|upkeep
|turn|31
|
|t:|1758956887
|switch|p2a: Dragapult|Dragapult, F|100/100
|move|p1a: Gallade|Psycho Cut|p2a: Dragapult
|-damage|p2a: Dragapult|33/100
|
|-damage|p1a: Gallade|0 fnt|[from] psn
|faint|p1a: Gallade
|upkeep
|
|t:|1758956894
|switch|p1a: Dusknoir|Dusknoir, M, shiny|100/100
|-status|p1a: Dusknoir|tox
|-damage|p1a: Dusknoir|88/100 tox|[from] Stealth Rock
|-ability|p1a: Dusknoir|Pressure
|turn|32
|
|t:|1758956901
|move|p1a: Dusknoir|Shadow Sneak|p2a: Dragapult
|-supereffective|p2a: Dragapult
|-damage|p2a: Dragapult|0 fnt
|faint|p2a: Dragapult
|
|-heal|p1a: Dusknoir|94/100 tox|[from] item: Leftovers
|-damage|p1a: Dusknoir|88/100 tox|[from] psn
|upkeep
|
|t:|1758956903
|switch|p2a: Gliscor|Gliscor, M|75/100 tox
|turn|33
|
|t:|1758956911
|switch|p1a: Milotic|Milotic, M|82/100 tox
|-damage|p1a: Milotic|70/100 tox|[from] Stealth Rock
|move|p2a: Gliscor|Thief|p1a: Milotic
|-damage|p1a: Milotic|63/100 tox
|
|-heal|p2a: Gliscor|81/100 tox|[from] item: Leftovers
|-heal|p2a: Gliscor|93/100 tox|[from] ability: Poison Heal
|-damage|p1a: Milotic|57/100 tox|[from] psn
|upkeep
|turn|34
|
|t:|1758956920
|move|p2a: Gliscor|Protect|p2a: Gliscor
|-singleturn|p2a: Gliscor|Protect
|move|p1a: Milotic|Scald|p2a: Gliscor
|-activate|p2a: Gliscor|move: Protect
|
|-heal|p2a: Gliscor|99/100 tox|[from] item: Leftovers
|-heal|p2a: Gliscor|100/100 tox|[from] ability: Poison Heal
|-damage|p1a: Milotic|44/100 tox|[from] psn
|upkeep
|turn|35
|
|t:|1758956929
|move|p2a: Gliscor|Thief|p1a: Milotic
|-damage|p1a: Milotic|38/100 tox
|move|p1a: Milotic|Scald|p2a: Gliscor
|-supereffective|p2a: Gliscor
|-crit|p2a: Gliscor
|-damage|p2a: Gliscor|29/100 tox
|
|-heal|p2a: Gliscor|35/100 tox|[from] item: Leftovers
|-heal|p2a: Gliscor|47/100 tox|[from] ability: Poison Heal
|-damage|p1a: Milotic|20/100 tox|[from] psn
|upkeep
|turn|36
|
|t:|1758956947
|move|p2a: Gliscor|Protect|p2a: Gliscor
|-singleturn|p2a: Gliscor|Protect
|move|p1a: Milotic|Recover|p1a: Milotic
|-heal|p1a: Milotic|70/100 tox
|
|-heal|p2a: Gliscor|54/100 tox|[from] item: Leftovers
|-heal|p2a: Gliscor|66/100 tox|[from] ability: Poison Heal
|-damage|p1a: Milotic|45/100 tox|[from] psn
|upkeep
|turn|37
|
|t:|1758956958
|move|p2a: Gliscor|Thief|p1a: Milotic
|-damage|p1a: Milotic|39/100 tox
|move|p1a: Milotic|Scald|p2a: Gliscor
|-supereffective|p2a: Gliscor
|-damage|p2a: Gliscor|17/100 tox
|
|-heal|p2a: Gliscor|23/100 tox|[from] item: Leftovers
|-heal|p2a: Gliscor|36/100 tox|[from] ability: Poison Heal
|-damage|p1a: Milotic|8/100 tox|[from] psn
|upkeep
|turn|38
|
|t:|1758956969
|move|p2a: Gliscor|Thief|p1a: Milotic
|-damage|p1a: Milotic|2/100 tox
|move|p1a: Milotic|Recover|p1a: Milotic
|-heal|p1a: Milotic|52/100 tox
|
|-heal|p2a: Gliscor|42/100 tox|[from] item: Leftovers
|-heal|p2a: Gliscor|54/100 tox|[from] ability: Poison Heal
|-damage|p1a: Milotic|15/100 tox|[from] psn
|upkeep
|turn|39
|
|t:|1758956978
|move|p2a: Gliscor|Protect|p2a: Gliscor
|-singleturn|p2a: Gliscor|Protect
|move|p1a: Milotic|Scald|p2a: Gliscor
|-activate|p2a: Gliscor|move: Protect
|
|-heal|p2a: Gliscor|60/100 tox|[from] item: Leftovers
|-heal|p2a: Gliscor|73/100 tox|[from] ability: Poison Heal
|-damage|p1a: Milotic|0 fnt|[from] psn
|faint|p1a: Milotic
|upkeep
|
|t:|1758956989
|switch|p1a: Ambipom|Ambipom, M|100/100
|-status|p1a: Ambipom|tox
|-damage|p1a: Ambipom|88/100 tox|[from] Stealth Rock
|turn|40
|
|t:|1758956995
|move|p2a: Gliscor|Protect||[still]
|-fail|p2a: Gliscor
|move|p1a: Ambipom|Fake Out|p2a: Gliscor
|-damage|p2a: Gliscor|48/100 tox
|
|-heal|p2a: Gliscor|54/100 tox|[from] item: Leftovers
|-damage|p1a: Ambipom|82/100 tox|[from] psn
|-heal|p2a: Gliscor|67/100 tox|[from] ability: Poison Heal
|upkeep
|turn|41
|
|t:|1758957004
|move|p1a: Ambipom|Triple Axel|p2a: Gliscor
|-supereffective|p2a: Gliscor
|-damage|p2a: Gliscor|39/100 tox
|-supereffective|p2a: Gliscor
|-damage|p2a: Gliscor|0 fnt
|faint|p2a: Gliscor
|-hitcount|p2: Gliscor|2
|
|-damage|p1a: Ambipom|70/100 tox|[from] psn
|upkeep
|
|t:|1758957006
|switch|p2a: Houndstone|Houndstone, F|28/100 psn
|turn|42
|
|t:|1758957013
|move|p1a: Ambipom|Knock Off|p2a: Houndstone
|-supereffective|p2a: Houndstone
|-damage|p2a: Houndstone|1/100 psn
|-enditem|p2a: Houndstone|Leftovers|[from] move: Knock Off|[of] p1a: Ambipom
|move|p2a: Houndstone|Roar|p1a: Ambipom
|drag|p1a: Dusknoir|Dusknoir, M, shiny|88/100 tox
|-damage|p1a: Dusknoir|76/100 tox|[from] Stealth Rock
|-ability|p1a: Dusknoir|Pressure
|
|-heal|p1a: Dusknoir|82/100 tox|[from] item: Leftovers
|-damage|p2a: Houndstone|0 fnt|[from] psn
|faint|p2a: Houndstone
|
|win|LucioX7
|raw|LucioX7's rating: 1148 &rarr; <strong>1174</strong><br />(+26 for winning)
|raw|Evilmantube's rating: 1158 &rarr; <strong>1132</strong><br />(-26 for losing)
|l|☆Evilmantube
|player|p2|
|c|☆LucioX7|gg
|l|☆LucioX7
|player|p1|
