|j|☆A15694397177
|j|☆Bronzong72
|t:|1758961483
|gametype|singles
|player|p1|A15694397177|elesa|1219
|player|p2|Bronzong72|falkner|1169
|gen|9
|tier|[Gen 9] OU
|rated|
|rule|HP Percentage Mod: HP is shown in percentages
|rule|Endless Battle Clause: Forcing endless battles is banned
|rule|Species Clause: Limit one of each Pokémon
|rule|OHKO Clause: OHKO moves are banned
|rule|Evasion Items Clause: Evasion items are banned
|rule|Evasion Moves Clause: Evasion moves are banned
|rule|Evasion Abilities Clause: Evasion abilities are banned
|rule|Sleep Moves Clause: Sleep-inducing moves are banned
|clearpoke
|poke|p1|Charizard, M|
|poke|p1|Torkoal, M|
|poke|p1|Hatterene, F|
|poke|p1|Great Tusk|
|poke|p1|Lilligant-Hisui, F|
|poke|p1|Walking Wake|
|poke|p2|Dachsbun, M|
|poke|p2|Meowscarada, F|
|poke|p2|Cinderace, M|
|poke|p2|Glimmora, M|
|poke|p2|Primarina, F|
|poke|p2|Zapdos|
|teampreview
|inactive|Battle timer is ON: inactive players will automatically lose when time's up. (requested by Bronzong72)
|inactive|A15694397177 also wants the timer to be on.
|
|t:|1758961496
|teamsize|p1|6
|teamsize|p2|6
|start
|switch|p1a: 河内恭介|Torkoal, M|100/100
|switch|p2a: Laura|Meowscarada, F|100/100
|-weather|SunnyDay|[from] ability: Drought|[of] p1a: 河内恭介
|turn|1
|
|t:|1758961506
|switch|p1a: 梓川月乃|Hatterene, F|100/100
|move|p2a: Laura|Knock Off|p1a: 梓川月乃
|-start|p2a: Laura|typechange|Dark|[from] ability: Protean
|-damage|p1a: 梓川月乃|33/100
|-enditem|p1a: 梓川月乃|Eject Button|[from] move: Knock Off|[of] p2a: Laura
|
|-weather|SunnyDay|[upkeep]
|upkeep
|turn|2
|
|t:|1758961515
|move|p2a: Laura|Knock Off|p1a: 梓川月乃
|-damage|p1a: 梓川月乃|0 fnt
|faint|p1a: 梓川月乃
|
|-weather|SunnyDay|[upkeep]
|upkeep
|
|t:|1758961518
|switch|p1a: 冠茂|Walking Wake|100/100
|-activate|p1a: 冠茂|ability: Protosynthesis
|-start|p1a: 冠茂|protosynthesisspe
|turn|3
|
|t:|1758961524
|switch|p2a: Fontaine|Primarina, F|100/100
|-terastallize|p1a: 冠茂|Water
|move|p1a: 冠茂|Hydro Steam|p2a: Fontaine
|-resisted|p2a: Fontaine
|-damage|p2a: Fontaine|66/100
|
|-weather|SunnyDay|[upkeep]
|upkeep
|turn|4
|
|t:|1758961542
|-end|p1a: 冠茂|Protosynthesis|[silent]
|switch|p1a: 河内恭介|Torkoal, M|100/100
|move|p2a: Fontaine|Moonblast|p1a: 河内恭介
|-resisted|p1a: 河内恭介
|-damage|p1a: 河内恭介|65/100
|
|-weather|SunnyDay|[upkeep]
|upkeep
|turn|5
|
|t:|1758961549
|switch|p2a: Jalebi|Dachsbun, M|100/100
|switch|p1a: 诹访原戒|Lilligant-Hisui, F|100/100
|
|-weather|SunnyDay|[upkeep]
|upkeep
|turn|6
|
|t:|1758961561
|move|p1a: 诹访原戒|Solar Blade||[still]
|-prepare|p1a: 诹访原戒|Solar Blade
|-anim|p1a: 诹访原戒|Solar Blade|p2a: Jalebi
|-damage|p2a: Jalebi|45/100
|-damage|p1a: 诹访原戒|84/100|[from] item: Rocky Helmet|[of] p2a: Jalebi
|-damage|p1a: 诹访原戒|74/100|[from] item: Life Orb
|move|p2a: Jalebi|Body Press|p1a: 诹访原戒
|-damage|p1a: 诹访原戒|28/100
|
|-weather|SunnyDay|[upkeep]
|upkeep
|turn|7
|
|t:|1758961576
|move|p2a: Jalebi|Protect|p2a: Jalebi
|-singleturn|p2a: Jalebi|Protect
|move|p1a: 诹访原戒|Solar Blade||[still]
|-prepare|p1a: 诹访原戒|Solar Blade
|-anim|p1a: 诹访原戒|Solar Blade|p2a: Jalebi
|-activate|p2a: Jalebi|move: Protect
|
|-weather|SunnyDay|[upkeep]
|upkeep
|turn|8
|
|t:|1758961586
|switch|p2a: Laura|Meowscarada, F|100/100
|move|p1a: 诹访原戒|Solar Blade||[still]
|-prepare|p1a: 诹访原戒|Solar Blade
|-anim|p1a: 诹访原戒|Solar Blade|p2a: Laura
|-resisted|p2a: Laura
|-damage|p2a: Laura|34/100
|-damage|p1a: 诹访原戒|19/100|[from] item: Life Orb
|
|-weather|none
|upkeep
|turn|9
|
|t:|1758961598
|switch|p1a: 河内恭介|Torkoal, M|65/100
|-weather|SunnyDay|[from] ability: Drought|[of] p1a: 河内恭介
|move|p2a: Laura|Knock Off|p1a: 河内恭介
|-start|p2a: Laura|typechange|Dark|[from] ability: Protean
|-damage|p1a: 河内恭介|24/100
|-enditem|p1a: 河内恭介|Heat Rock|[from] move: Knock Off|[of] p2a: Laura
|
|-weather|SunnyDay|[upkeep]
|upkeep
|turn|10
|
|t:|1758961606
|move|p2a: Laura|Knock Off|p1a: 河内恭介
|-damage|p1a: 河内恭介|0 fnt
|faint|p1a: 河内恭介
|
|-weather|SunnyDay|[upkeep]
|upkeep
|
|t:|1758961608
|switch|p1a: 诹访原戒|Lilligant-Hisui, F|19/100
|turn|11
|
|t:|1758961619
|move|p1a: 诹访原戒|Close Combat|p2a: Laura
|-supereffective|p2a: Laura
|-damage|p2a: Laura|0 fnt
|-unboost|p1a: 诹访原戒|def|1
|-unboost|p1a: 诹访原戒|spd|1
|faint|p2a: Laura
|-damage|p1a: 诹访原戒|9/100|[from] item: Life Orb
|
|-weather|SunnyDay|[upkeep]
|upkeep
|
|t:|1758961635
|switch|p2a: Mbappé|Cinderace, M|100/100
|turn|12
|
|t:|1758961639
|move|p1a: 诹访原戒|Close Combat|p2a: Mbappé
|-damage|p2a: Mbappé|6/100
|-unboost|p1a: 诹访原戒|def|1
|-unboost|p1a: 诹访原戒|spd|1
|-damage|p1a: 诹访原戒|0 fnt|[from] item: Life Orb
|faint|p1a: 诹访原戒
|move|p2a: Mbappé|U-turn|p1: 诹访原戒|[notarget]
|-fail|p2a: Mbappé
|
|-weather|SunnyDay|[upkeep]
|upkeep
|
|t:|1758961653
|switch|p1a: 冠茂|Walking Wake, tera:Water|100/100
|-activate|p1a: 冠茂|ability: Protosynthesis
|-start|p1a: 冠茂|protosynthesisspe
|turn|13
|
|t:|1758961661
|move|p1a: 冠茂|Hydro Steam|p2a: Mbappé
|-supereffective|p2a: Mbappé
|-damage|p2a: Mbappé|0 fnt
|faint|p2a: Mbappé
|
|-weather|SunnyDay|[upkeep]
|upkeep
|
|t:|1758961665
|switch|p2a: Fontaine|Primarina, F|66/100
|turn|14
|
|t:|1758961668
|move|p1a: 冠茂|Hydro Steam|p2a: Fontaine
|-resisted|p2a: Fontaine
|-crit|p2a: Fontaine
|-damage|p2a: Fontaine|16/100
|move|p2a: Fontaine|Moonblast|p1a: 冠茂
|-damage|p1a: 冠茂|42/100
|-unboost|p1a: 冠茂|spa|1
|
|-weather|SunnyDay|[upkeep]
|upkeep
|turn|15
|
|t:|1758961675
|move|p1a: 冠茂|Hydro Steam|p2a: Fontaine
|-resisted|p2a: Fontaine
|-damage|p2a: Fontaine|0 fnt
|faint|p2a: Fontaine
|
|-weather|SunnyDay|[upkeep]
|upkeep
|
|t:|1758961681
|switch|p2a: Sprinkles|Zapdos|100/100
|turn|16
|
|t:|1758961686
|-end|p1a: 冠茂|Protosynthesis|[silent]
|switch|p1a: 松代健|Great Tusk|100/100
|-activate|p1a: 松代健|ability: Protosynthesis
|-start|p1a: 松代健|protosynthesisatk
|-terastallize|p2a: Sprinkles|Water
|move|p2a: Sprinkles|Thunderbolt|p1a: 松代健
|-immune|p1a: 松代健
|
|-weather|none
|-end|p1a: 松代健|Protosynthesis
|upkeep
|turn|17
|
|t:|1758961700
|move|p1a: 松代健|Rapid Spin|p2a: Sprinkles
|-damage|p2a: Sprinkles|84/100
|-boost|p1a: 松代健|spe|1
|move|p2a: Sprinkles|Heat Wave|p1a: 松代健
|-damage|p1a: 松代健|47/100
|
|-heal|p2a: Sprinkles|90/100|[from] item: Leftovers
|upkeep
|turn|18
|
|t:|1758961710
|move|p1a: 松代健|Knock Off|p2a: Sprinkles
|-damage|p2a: Sprinkles|58/100
|-enditem|p2a: Sprinkles|Leftovers|[from] move: Knock Off|[of] p1a: 松代健
|move|p2a: Sprinkles|Heat Wave|p1a: 松代健
|-damage|p1a: 松代健|0 fnt
|faint|p1a: 松代健
|-end|p1a: 松代健|Protosynthesis|[silent]
|
|upkeep
|
|t:|1758961713
|switch|p1a: 冠茂|Walking Wake, tera:Water|42/100
|turn|19
|
|t:|1758961721
|switch|p2a: Jalebi|Dachsbun, M|45/100
|move|p1a: 冠茂|Draco Meteor|p2a: Jalebi
|-immune|p2a: Jalebi
|
|upkeep
|turn|20
|
|t:|1758961727
|-end|p1a: 冠茂|Protosynthesis|[silent]
|switch|p1a: 东和马|Charizard, M|100/100
|move|p2a: Jalebi|Wish|p2a: Jalebi
|
|upkeep
|turn|21
|
|t:|1758961743
|move|p1a: 东和马|Overheat|p2a: Jalebi
|-ability|p2a: Jalebi|Well-Baked Body|boost
|-boost|p2a: Jalebi|def|2
|move|p2a: Jalebi|Roar|p1a: 东和马
|drag|p1a: 冠茂|Walking Wake, tera:Water|42/100
|
|-heal|p2a: Jalebi|95/100|[from] move: Wish|[wisher] Jalebi
|upkeep
|turn|22
|
|t:|1758961761
|move|p1a: 冠茂|Hydro Steam|p2a: Jalebi
|-damage|p2a: Jalebi|0 fnt
|faint|p2a: Jalebi
|
|upkeep
|
|t:|1758961768
|switch|p2a: Sprinkles|Zapdos, tera:Water|58/100
|turn|23
|
|t:|1758961779
|move|p1a: 冠茂|Hydro Steam|p2a: Sprinkles
|-resisted|p2a: Sprinkles
|-damage|p2a: Sprinkles|20/100
|move|p2a: Sprinkles|Thunderbolt|p1a: 冠茂
|-supereffective|p1a: 冠茂
|-damage|p1a: 冠茂|0 fnt
|faint|p1a: 冠茂
|-end|p1a: 冠茂|Protosynthesis|[silent]
|
|upkeep
|
|t:|1758961783
|switch|p1a: 东和马|Charizard, M|100/100
|turn|24
|
|t:|1758961788
|move|p1a: 东和马|Flamethrower|p2a: Sprinkles
|-resisted|p2a: Sprinkles
|-damage|p2a: Sprinkles|0 fnt
|faint|p2a: Sprinkles
|
|upkeep
|
|t:|1758961790
|switch|p2a: Florian|Glimmora, M|100/100
|turn|25
|
|t:|1758961792
|move|p2a: Florian|Power Gem|p1a: 东和马
|-supereffective|p1a: 东和马
|-damage|p1a: 东和马|0 fnt
|faint|p1a: 东和马
|
|win|Bronzong72
|raw|A15694397177's rating: 1219 &rarr; <strong>1190</strong><br />(-29 for losing)
|raw|Bronzong72's rating: 1169 &rarr; <strong>1198</strong><br />(+29 for winning)
|l|☆A15694397177
|player|p1|
|l|☆Bronzong72
|player|p2|
