|j|☆tijzen
|j|☆Drabolosse_du_92
|t:|1759057852
|gametype|singles
|player|p1|tijzen|ruinmaniac|1176
|player|p2|Drabolosse_du_92|2|1165
|gen|9
|tier|[Gen 9] OU
|rated|
|rule|HP Percentage Mod: HP is shown in percentages
|rule|Endless Battle Clause: Forcing endless battles is banned
|rule|Species Clause: Limit one of each Pokémon
|rule|OHKO Clause: OHKO moves are banned
|rule|Evasion Items Clause: Evasion items are banned
|rule|Evasion Moves Clause: Evasion moves are banned
|rule|Evasion Abilities Clause: Evasion abilities are banned
|rule|Sleep Moves Clause: Sleep-inducing moves are banned
|clearpoke
|poke|p1|Flygon, M|
|poke|p1|Iron Moth|
|poke|p1|Samurott-Hisui, F|
|poke|p1|Glimmora, M|
|poke|p1|Rillaboom, M|
|poke|p1|Gholdengo|
|poke|p2|Milotic, F|
|poke|p2|Dragonite, M|
|poke|p2|Zoroark-Hisui, M|
|poke|p2|Excadrill, M|
|poke|p2|Mew|
|poke|p2|Lucario, M|
|teampreview
|
|t:|1759057876
|teamsize|p1|6
|teamsize|p2|6
|start
|switch|p1a: Flygon|Flygon, M|100/100
|switch|p2a: Ilalora|Lucario, M, shiny|100/100
|turn|1
|
|t:|1759057888
|-terastallize|p1a: Flygon|Fairy
|move|p1a: Flygon|Stealth Rock|p2a: Ilalora
|-sidestart|p2: Drabolosse_du_92|move: Stealth Rock
|move|p2a: Ilalora|Meteor Mash|p1a: Flygon|[miss]
|-miss|p2a: Ilalora|p1a: Flygon
|
|upkeep
|turn|2
|
|t:|1759057905
|move|p1a: Flygon|Earthquake|p2a: Ilalora
|-supereffective|p2a: Ilalora
|-damage|p2a: Ilalora|0 fnt
|faint|p2a: Ilalora
|
|upkeep
|
|t:|1759057924
|switch|p2a: Plucoulqetoua|Excadrill, M, shiny|100/100
|-damage|p2a: Plucoulqetoua|97/100|[from] Stealth Rock
|-ability|p2a: Plucoulqetoua|Mold Breaker
|turn|3
|
|t:|1759057932
|-terastallize|p2a: Plucoulqetoua|Normal
|move|p1a: Flygon|Earthquake|p2a: Plucoulqetoua
|-damage|p2a: Plucoulqetoua|48/100
|move|p2a: Plucoulqetoua|Rapid Spin|p1a: Flygon
|-damage|p1a: Flygon|51/100
|-boost|p2a: Plucoulqetoua|spe|1
|-sideend|p2: Drabolosse_du_92|Stealth Rock|[from] move: Rapid Spin|[of] p2a: Plucoulqetoua
|
|-heal|p2a: Plucoulqetoua|54/100|[from] item: Leftovers
|upkeep
|turn|4
|
|t:|1759057945
|switch|p1a: Samurott|Samurott-Hisui, F|100/100
|move|p2a: Plucoulqetoua|Iron Head|p1a: Samurott
|-resisted|p1a: Samurott
|-damage|p1a: Samurott|72/100
|
|-heal|p2a: Plucoulqetoua|60/100|[from] item: Leftovers
|upkeep
|turn|5
|
|t:|1759057956
|move|p2a: Plucoulqetoua|Stealth Rock|p1a: Samurott
|-sidestart|p1: tijzen|move: Stealth Rock
|move|p1a: Samurott|Ceaseless Edge|p2a: Plucoulqetoua
|-damage|p2a: Plucoulqetoua|10/100
|-sidestart|p2: Drabolosse_du_92|Spikes
|
|-heal|p2a: Plucoulqetoua|16/100|[from] item: Leftovers
|upkeep
|turn|6
|
|t:|1759057967
|move|p2a: Plucoulqetoua|Rapid Spin|p1a: Samurott
|-damage|p1a: Samurott|27/100
|-boost|p2a: Plucoulqetoua|spe|1
|-sideend|p2: Drabolosse_du_92|Spikes|[from] move: Rapid Spin|[of] p2a: Plucoulqetoua
|move|p1a: Samurott|Ceaseless Edge|p2a: Plucoulqetoua
|-crit|p2a: Plucoulqetoua
|-damage|p2a: Plucoulqetoua|0 fnt
|-sidestart|p2: Drabolosse_du_92|Spikes
|faint|p2a: Plucoulqetoua
|
|upkeep
|
|t:|1759057978
|switch|p2a: Sacrémorso|Dragonite, M, shiny|100/100
|turn|7
|
|t:|1759057982
|move|p1a: Samurott|Ceaseless Edge|p2a: Sacrémorso
|-damage|p2a: Sacrémorso|82/100
|-sidestart|p2: Drabolosse_du_92|Spikes
|move|p2a: Sacrémorso|Thunder|p1a: Samurott
|-supereffective|p1a: Samurott
|-damage|p1a: Samurott|0 fnt
|faint|p1a: Samurott
|
|-heal|p2a: Sacrémorso|88/100|[from] item: Leftovers
|upkeep
|
|t:|1759057991
|switch|p1a: Glimmora|Glimmora, M|100/100
|-damage|p1a: Glimmora|88/100|[from] Stealth Rock
|turn|8
|
|t:|1759057997
|move|p1a: Glimmora|Meteor Beam||[still]
|-prepare|p1a: Glimmora|Meteor Beam
|-boost|p1a: Glimmora|spa|1
|-enditem|p1a: Glimmora|Power Herb
|-anim|p1a: Glimmora|Meteor Beam|p2a: Sacrémorso
|-supereffective|p2a: Sacrémorso
|-damage|p2a: Sacrémorso|0 fnt
|faint|p2a: Sacrémorso
|
|upkeep
|
|t:|1759058015
|switch|p2a: Bèldam|Milotic, F, shiny|100/100
|-damage|p2a: Bèldam|84/100|[from] Spikes
|turn|9
|
|t:|1759058024
|move|p2a: Bèldam|Shadow Ball|p1a: Glimmora
|-damage|p1a: Glimmora|9/100
|-unboost|p1a: Glimmora|spd|1
|-damage|p2a: Bèldam|74/100|[from] item: Life Orb
|move|p1a: Glimmora|Earth Power|p2a: Bèldam
|-damage|p2a: Bèldam|0 fnt
|replace|p2a: Tutéféu|Zoroark-Hisui, M, shiny
|-end|p2a: Tutéféu|Illusion
|faint|p2a: Tutéféu
|
|upkeep
|
|t:|1759058036
|switch|p2a: Pluboketwa|Mew, shiny|100/100
|-damage|p2a: Pluboketwa|84/100|[from] Spikes
|turn|10
|
|t:|1759058041
|move|p2a: Pluboketwa|Psychic Fangs|p1a: Glimmora
|-supereffective|p1a: Glimmora
|-damage|p1a: Glimmora|0 fnt
|-activate|p1a: Glimmora|ability: Toxic Debris
|-sidestart|p2: Drabolosse_du_92|move: Toxic Spikes
|faint|p1a: Glimmora
|
|-heal|p2a: Pluboketwa|90/100|[from] item: Leftovers
|upkeep
|
|t:|1759058050
|switch|p1a: Gholdengo|Gholdengo|100/100
|-damage|p1a: Gholdengo|94/100|[from] Stealth Rock
|turn|11
|
|t:|1759058063
|move|p1a: Gholdengo|Shadow Ball|p2a: Pluboketwa
|-supereffective|p2a: Pluboketwa
|-damage|p2a: Pluboketwa|2/100
|move|p2a: Pluboketwa|Leech Life|p1a: Gholdengo
|-resisted|p1a: Gholdengo
|-damage|p1a: Gholdengo|87/100
|-heal|p2a: Pluboketwa|6/100|[from] drain|[of] p1a: Gholdengo
|
|-heal|p2a: Pluboketwa|12/100|[from] item: Leftovers
|upkeep
|turn|12
|
|t:|1759058073
|move|p1a: Gholdengo|Shadow Ball|p2a: Pluboketwa
|-supereffective|p2a: Pluboketwa
|-damage|p2a: Pluboketwa|0 fnt
|faint|p2a: Pluboketwa
|
|upkeep
|
|t:|1759058078
|switch|p2a: Bèldam|Milotic, F, shiny|100/100
|-damage|p2a: Bèldam|84/100|[from] Spikes
|-status|p2a: Bèldam|psn
|turn|13
|
|t:|1759058085
|move|p1a: Gholdengo|Shadow Ball|p2a: Bèldam
|-damage|p2a: Bèldam|57/100 psn
|move|p2a: Bèldam|Scald|p1a: Gholdengo
|-damage|p1a: Gholdengo|52/100
|
|-heal|p2a: Bèldam|63/100 psn|[from] item: Leftovers
|-damage|p2a: Bèldam|51/100 psn|[from] psn
|upkeep
|turn|14
|
|t:|1759058095
|move|p1a: Gholdengo|Shadow Ball|p2a: Bèldam
|-damage|p2a: Bèldam|26/100 psn
|move|p2a: Bèldam|Recover|p2a: Bèldam
|-heal|p2a: Bèldam|76/100 psn
|
|-heal|p2a: Bèldam|82/100 psn|[from] item: Leftovers
|-damage|p2a: Bèldam|70/100 psn|[from] psn
|upkeep
|turn|15
|
|t:|1759058103
|move|p1a: Gholdengo|Shadow Ball|p2a: Bèldam
|-damage|p2a: Bèldam|46/100 psn
|move|p2a: Bèldam|Recover|p2a: Bèldam
|-heal|p2a: Bèldam|96/100 psn
|
|-heal|p2a: Bèldam|100/100 psn|[from] item: Leftovers
|-damage|p2a: Bèldam|88/100 psn|[from] psn
|upkeep
|turn|16
|
|t:|1759058112
|move|p1a: Gholdengo|Shadow Ball|p2a: Bèldam
|-damage|p2a: Bèldam|62/100 psn
|-unboost|p2a: Bèldam|spd|1
|-ability|p2a: Bèldam|Competitive|boost
|-boost|p2a: Bèldam|spa|2
|move|p2a: Bèldam|Scald|p1a: Gholdengo
|-damage|p1a: Gholdengo|0 fnt
|faint|p1a: Gholdengo
|
|-heal|p2a: Bèldam|68/100 psn|[from] item: Leftovers
|-damage|p2a: Bèldam|56/100 psn|[from] psn
|upkeep
|
|t:|1759058121
|switch|p1a: Iron Moth|Iron Moth|100/100
|-damage|p1a: Iron Moth|76/100|[from] Stealth Rock
|-enditem|p1a: Iron Moth|Booster Energy
|-activate|p1a: Iron Moth|ability: Quark Drive|[fromitem]
|-start|p1a: Iron Moth|quarkdrivespa
|turn|17
|
|t:|1759058133
|move|p1a: Iron Moth|Discharge|p2a: Bèldam
|-supereffective|p2a: Bèldam
|-damage|p2a: Bèldam|0 fnt
|faint|p2a: Bèldam
|
|win|tijzen
|raw|tijzen's rating: 1176 &rarr; <strong>1200</strong><br />(+24 for winning)
|raw|Drabolosse_du_92's rating: 1165 &rarr; <strong>1141</strong><br />(-24 for losing)
|c|☆tijzen|gg
|l|☆Drabolosse_du_92
|player|p2|
|l|☆tijzen
|player|p1|
