|j|☆mark_neon
|j|☆noon tide pearl
|t:|1759052913
|gametype|singles
|player|p1|mark_neon|hilbert-wonderlauncher|1282
|player|p2|noon tide pearl|shadowtriad|1287
|gen|9
|tier|[Gen 9] OU
|rated|
|rule|HP Percentage Mod: HP is shown in percentages
|rule|Endless Battle Clause: Forcing endless battles is banned
|rule|Species Clause: Limit one of each Pokémon
|rule|OHKO Clause: OHKO moves are banned
|rule|Evasion Items Clause: Evasion items are banned
|rule|Evasion Moves Clause: Evasion moves are banned
|rule|Evasion Abilities Clause: Evasion abilities are banned
|rule|Sleep Moves Clause: Sleep-inducing moves are banned
|clearpoke
|poke|p1|Tyranitar, F|
|poke|p1|Excadrill, F|
|poke|p1|Kingambit, F|
|poke|p1|Garchomp, F|
|poke|p1|Pecharunt|
|poke|p1|Rotom-Wash|
|poke|p2|Porygon2|
|poke|p2|Hatterene, F|
|poke|p2|Torkoal, M|
|poke|p2|Malamar, F|
|poke|p2|Ursaluna, F|
|poke|p2|Cresselia, F|
|teampreview
|inactive|Battle timer is ON: inactive players will automatically lose when time's up. (requested by mark_neon)
|
|t:|1759052919
|teamsize|p1|6
|teamsize|p2|6
|start
|switch|p1a: Rotom|Rotom-Wash|100/100
|switch|p2a: Porygon2|Porygon2|100/100
|-ability|p2a: Porygon2|Download|boost
|-boost|p2a: Porygon2|spa|1
|turn|1
|
|t:|1759052934
|move|p1a: Rotom|Hydro Pump|p2a: Porygon2
|-damage|p2a: Porygon2|75/100
|move|p2a: Porygon2|Trick Room|p2a: Porygon2
|-fieldstart|move: Trick Room|[of] p2a: Porygon2
|
|upkeep
|turn|2
|
|t:|1759052946
|switch|p2a: Hatterene|Hatterene, F|100/100
|move|p1a: Rotom|Will-O-Wisp|p2a: Hatterene
|move|p2a: Hatterene|Will-O-Wisp|p1a: Rotom|[from] ability: Magic Bounce
|-status|p1a: Rotom|brn
|
|-damage|p1a: Rotom|94/100 brn|[from] brn
|upkeep
|turn|3
|
|t:|1759052957
|move|p2a: Hatterene|Draining Kiss|p1a: Rotom
|-crit|p1a: Rotom
|-damage|p1a: Rotom|50/100 brn
|move|p1a: Rotom|Hydro Pump|p2a: Hatterene
|-damage|p2a: Hatterene|61/100
|
|-heal|p2a: Hatterene|67/100|[from] item: Leftovers
|-heal|p1a: Rotom|56/100 brn|[from] item: Leftovers
|-damage|p1a: Rotom|50/100 brn|[from] brn
|upkeep
|turn|4
|
|t:|1759052973
|move|p2a: Hatterene|Draining Kiss|p1a: Rotom
|-damage|p1a: Rotom|22/100 brn
|-heal|p2a: Hatterene|88/100|[from] drain|[of] p1a: Rotom
|move|p1a: Rotom|Pain Split|p2a: Hatterene
|-sethp|p2a: Hatterene|55/100|[from] move: Pain Split|[silent]
|-sethp|p1a: Rotom|55/100 brn|[from] move: Pain Split
|
|-heal|p2a: Hatterene|61/100|[from] item: Leftovers
|-heal|p1a: Rotom|61/100 brn|[from] item: Leftovers
|-damage|p1a: Rotom|55/100 brn|[from] brn
|upkeep
|turn|5
|
|t:|1759052977
|move|p2a: Hatterene|Psychic|p1a: Rotom
|-damage|p1a: Rotom|1/100 brn
|move|p1a: Rotom|Pain Split|p2a: Hatterene
|-sethp|p2a: Hatterene|31/100|[from] move: Pain Split|[silent]
|-sethp|p1a: Rotom|31/100 brn|[from] move: Pain Split
|
|-heal|p2a: Hatterene|37/100|[from] item: Leftovers
|-heal|p1a: Rotom|37/100 brn|[from] item: Leftovers
|-damage|p1a: Rotom|31/100 brn|[from] brn
|-fieldend|move: Trick Room
|upkeep
|turn|6
|
|t:|1759052982
|move|p1a: Rotom|Hydro Pump|p2a: Hatterene
|-damage|p2a: Hatterene|0 fnt
|faint|p2a: Hatterene
|
|-heal|p1a: Rotom|37/100 brn|[from] item: Leftovers
|-damage|p1a: Rotom|31/100 brn|[from] brn
|upkeep
|l|☆noon tide pearl
|inactive|noon tide pearl disconnected and has a minute to reconnect!
|player|p2|
|j|☆noon tide pearl
|inactive|noon tide pearl reconnected and has 135 seconds left.
|player|p2|noon tide pearl|shadowtriad|
|
|t:|1759053010
|switch|p2a: Porygon2|Porygon2|75/100
|-ability|p2a: Porygon2|Download|boost
|-boost|p2a: Porygon2|spa|1
|turn|7
|
|t:|1759053015
|move|p1a: Rotom|Pain Split|p2a: Porygon2
|-sethp|p2a: Porygon2|50/100|[from] move: Pain Split|[silent]
|-sethp|p1a: Rotom|61/100 brn|[from] move: Pain Split
|move|p2a: Porygon2|Trick Room|p2a: Porygon2
|-fieldstart|move: Trick Room|[of] p2a: Porygon2
|
|-heal|p1a: Rotom|68/100 brn|[from] item: Leftovers
|-damage|p1a: Rotom|61/100 brn|[from] brn
|upkeep
|turn|8
|
|t:|1759053020
|move|p2a: Porygon2|Hyper Beam|p1a: Rotom
|-damage|p1a: Rotom|0 fnt
|-mustrecharge|p2a: Porygon2
|faint|p1a: Rotom
|
|upkeep
|
|t:|1759053033
|switch|p1a: Kingambit|Kingambit, F|100/100
|-activate|p1a: Kingambit|ability: Supreme Overlord
|-start|p1a: Kingambit|fallen1|[silent]
|turn|9
|
|t:|1759053037
|cant|p2a: Porygon2|recharge
|move|p1a: Kingambit|Swords Dance|p1a: Kingambit
|-boost|p1a: Kingambit|atk|2
|
|upkeep
|turn|10
|
|t:|1759053042
|switch|p2a: Torkoal|Torkoal, M|100/100
|-weather|SunnyDay|[from] ability: Drought|[of] p2a: Torkoal
|move|p1a: Kingambit|Kowtow Cleave|p2a: Torkoal
|-damage|p2a: Torkoal|8/100
|
|-weather|SunnyDay|[upkeep]
|upkeep
|turn|11
|
|t:|1759053052
|switch|p2a: Malamar|Malamar, F|100/100
|-enditem|p2a: Malamar|Room Service
|-boost|p2a: Malamar|spe|1|[from] item: Room Service
|move|p1a: Kingambit|Sucker Punch||[still]
|-fail|p1a: Kingambit
|
|-weather|SunnyDay|[upkeep]
|-fieldend|move: Trick Room
|upkeep
|turn|12
|
|t:|1759053061
|move|p1a: Kingambit|Sucker Punch||[still]
|-fail|p1a: Kingambit
|move|p2a: Malamar|Skill Swap|p1a: Kingambit
|-activate|p2a: Malamar|move: Skill Swap|Supreme Overlord|Contrary|[of] p1a: Kingambit
|-end|p1a: Kingambit|fallen1|[silent]
|-activate|p2a: Malamar|ability: Supreme Overlord
|-start|p2a: Malamar|fallen1|[silent]
|
|-weather|SunnyDay|[upkeep]
|upkeep
|turn|13
|
|t:|1759053077
|-terastallize|p2a: Malamar|Fighting
|move|p2a: Malamar|Superpower|p1a: Kingambit
|-supereffective|p1a: Kingambit
|-damage|p1a: Kingambit|0 fnt
|-unboost|p2a: Malamar|atk|1
|-unboost|p2a: Malamar|def|1
|faint|p1a: Kingambit
|
|-weather|SunnyDay|[upkeep]
|upkeep
|
|t:|1759053086
|switch|p1a: Pecharunt|Pecharunt|100/100
|-item|p1a: Pecharunt|Air Balloon
|turn|14
|
|t:|1759053094
|-end|p2a: Malamar|fallen1|[silent]
|switch|p2a: Porygon2|Porygon2|50/100
|-ability|p2a: Porygon2|Download|boost
|-boost|p2a: Porygon2|spa|1
|move|p1a: Pecharunt|Malignant Chain|p2a: Porygon2
|-damage|p2a: Porygon2|29/100
|-status|p2a: Porygon2|tox
|-start|p2a: Porygon2|confusion|[from] ability: Poison Puppeteer|[of] p1a: Pecharunt
|
|-weather|none
|-damage|p2a: Porygon2|23/100 tox|[from] psn
|upkeep
|turn|15
|
|t:|1759053108
|move|p1a: Pecharunt|Recover||[still]
|-fail|p1a: Pecharunt|heal
|-activate|p2a: Porygon2|confusion
|move|p2a: Porygon2|Trick Room|p2a: Porygon2
|-fieldstart|move: Trick Room|[of] p2a: Porygon2
|
|-damage|p2a: Porygon2|10/100 tox|[from] psn
|upkeep
|turn|16
|
|t:|1759053111
|-end|p2a: Porygon2|confusion
|move|p2a: Porygon2|Ice Beam|p1a: Pecharunt
|-damage|p1a: Pecharunt|68/100
|-enditem|p1a: Pecharunt|Air Balloon
|move|p1a: Pecharunt|Malignant Chain|p2a: Porygon2
|-damage|p2a: Porygon2|0 fnt
|faint|p2a: Porygon2
|
|upkeep
|
|t:|1759053119
|switch|p2a: Torkoal|Torkoal, M|8/100
|-weather|SunnyDay|[from] ability: Drought|[of] p2a: Torkoal
|turn|17
|
|t:|1759053126
|move|p2a: Torkoal|Earth Power|p1a: Pecharunt
|-supereffective|p1a: Pecharunt
|-damage|p1a: Pecharunt|0 fnt
|faint|p1a: Pecharunt
|
|-weather|SunnyDay|[upkeep]
|upkeep
|
|t:|1759053132
|switch|p1a: Tyranitar|Tyranitar, F|100/100
|-weather|Sandstorm|[from] ability: Sand Stream|[of] p1a: Tyranitar
|turn|18
|
|t:|1759053136
|move|p2a: Torkoal|Earth Power|p1a: Tyranitar
|-supereffective|p1a: Tyranitar
|-damage|p1a: Tyranitar|69/100
|-unboost|p1a: Tyranitar|spd|1
|move|p1a: Tyranitar|Knock Off|p2a: Torkoal
|-damage|p2a: Torkoal|0 fnt
|-enditem|p2a: Torkoal|Choice Specs|[from] move: Knock Off|[of] p1a: Tyranitar
|faint|p2a: Torkoal
|
|-weather|Sandstorm|[upkeep]
|upkeep
|
|t:|1759053141
|switch|p2a: Ursaluna|Ursaluna, F, shiny|100/100
|turn|19
|
|t:|1759053146
|move|p2a: Ursaluna|Headlong Rush|p1a: Tyranitar
|-supereffective|p1a: Tyranitar
|-damage|p1a: Tyranitar|0 fnt
|-unboost|p2a: Ursaluna|def|1
|-unboost|p2a: Ursaluna|spd|1
|faint|p1a: Tyranitar
|
|-weather|Sandstorm|[upkeep]
|-fieldend|move: Trick Room
|-status|p2a: Ursaluna|brn|[from] item: Flame Orb
|upkeep
|
|t:|1759053149
|switch|p1a: Excadrill|Excadrill, F|100/100
|turn|20
|
|t:|1759053154
|-terastallize|p1a: Excadrill|Ground
|move|p2a: Ursaluna|Protect|p2a: Ursaluna
|-singleturn|p2a: Ursaluna|Protect
|move|p1a: Excadrill|Earthquake|p2a: Ursaluna
|-activate|p2a: Ursaluna|move: Protect
|
|-weather|Sandstorm|[upkeep]
|-damage|p2a: Ursaluna|94/100 brn|[from] brn
|upkeep
|turn|21
|
|t:|1759053158
|switch|p2a: Malamar|Malamar, F, tera:Fighting|100/100
|move|p1a: Excadrill|Earthquake|p2a: Malamar
|-damage|p2a: Malamar|0 fnt
|faint|p2a: Malamar
|-damage|p1a: Excadrill|91/100|[from] item: Life Orb
|
|-weather|Sandstorm|[upkeep]
|upkeep
|
|t:|1759053165
|switch|p2a: Cresselia|Cresselia, F|100/100
|turn|22
|
|t:|1759053170
|move|p1a: Excadrill|Rock Slide|p2a: Cresselia
|-damage|p2a: Cresselia|79/100
|-damage|p1a: Excadrill|81/100|[from] item: Life Orb
|move|p2a: Cresselia|Trick Room|p2a: Cresselia
|-fieldstart|move: Trick Room|[of] p2a: Cresselia
|
|-weather|Sandstorm|[upkeep]
|-damage|p2a: Cresselia|73/100|[from] Sandstorm
|upkeep
|turn|23
|
|t:|1759053180
|move|p2a: Cresselia|Lunar Dance|p2a: Cresselia
|faint|p2a: Cresselia
|move|p1a: Excadrill|Rapid Spin|p2: Cresselia|[notarget]
|-fail|p1a: Excadrill
|
|-weather|Sandstorm|[upkeep]
|upkeep
|
|t:|1759053183
|switch|p2a: Ursaluna|Ursaluna, F, shiny|94/100 brn
|-heal|p2a: Ursaluna|100/100|[from] move: Lunar Dance
|turn|24
|
|t:|1759053189
|move|p2a: Ursaluna|Headlong Rush|p1a: Excadrill
|-damage|p1a: Excadrill|0 fnt
|-unboost|p2a: Ursaluna|def|1
|-unboost|p2a: Ursaluna|spd|1
|faint|p1a: Excadrill
|
|-weather|Sandstorm|[upkeep]
|-status|p2a: Ursaluna|brn|[from] item: Flame Orb
|upkeep
|
|t:|1759053191
|switch|p1a: Garchomp|Garchomp, F|100/100
|turn|25
|
|t:|1759053196
|move|p2a: Ursaluna|Facade|p1a: Garchomp
|-crit|p1a: Garchomp
|-damage|p1a: Garchomp|0 fnt
|-damage|p2a: Ursaluna|88/100 brn|[from] ability: Rough Skin|[of] p1a: Garchomp
|faint|p1a: Garchomp
|
|win|noon tide pearl
|raw|mark_neon's rating: 1305 &rarr; <strong>1284</strong><br />(-21 for losing)
|raw|noon tide pearl's rating: 1287 &rarr; <strong>1313</strong><br />(+26 for winning)
|l|☆noon tide pearl
|player|p2|
|c|☆mark_neon|Gg
