|j|☆koudaimiZo
|j|☆T0YE
|t:|1758962189
|gametype|singles
|player|p1|koudaimiZo|brendan|1134
|player|p2|T0YE|steven|1207
|gen|9
|tier|[Gen 9] OU
|rated|
|rule|HP Percentage Mod: HP is shown in percentages
|rule|Endless Battle Clause: Forcing endless battles is banned
|rule|Species Clause: Limit one of each Pokémon
|rule|OHKO Clause: OHKO moves are banned
|rule|Evasion Items Clause: Evasion items are banned
|rule|Evasion Moves Clause: Evasion moves are banned
|rule|Evasion Abilities Clause: Evasion abilities are banned
|rule|Sleep Moves Clause: Sleep-inducing moves are banned
|clearpoke
|poke|p1|Dragapult, M|
|poke|p1|Great Tusk|
|poke|p1|Charizard, F|
|poke|p1|Corviknight, F|
|poke|p1|Garchomp, F|
|poke|p1|Raging Bolt|
|poke|p2|Ribombee, M|
|poke|p2|Gholdengo|
|poke|p2|Great Tusk|
|poke|p2|Raging Bolt|
|poke|p2|Ogerpon-Cornerstone, F|
|poke|p2|Ceruledge, F|
|teampreview
|inactive|Battle timer is ON: inactive players will automatically lose when time's up. (requested by T0YE)
|
|t:|1758962206
|teamsize|p1|6
|teamsize|p2|6
|start
|switch|p1a: Garchomp|Garchomp, F|100/100
|switch|p2a: Ribombee|Ribombee, M, shiny|100/100
|turn|1
|
|t:|1758962215
|-terastallize|p1a: Garchomp|Fire
|move|p2a: Ribombee|Sticky Web|p1a: Garchomp
|-sidestart|p1: koudaimiZo|move: Sticky Web
|move|p1a: Garchomp|Swords Dance|p1a: Garchomp
|-boost|p1a: Garchomp|atk|2
|
|upkeep
|turn|2
|
|t:|1758962224
|move|p2a: Ribombee|Psychic Noise|p1a: Garchomp
|-damage|p1a: Garchomp|79/100
|-start|p1a: Garchomp|move: Heal Block
|move|p1a: Garchomp|Fire Fang|p2a: Ribombee
|-supereffective|p2a: Ribombee
|-enditem|p2a: Ribombee|Focus Sash
|-damage|p2a: Ribombee|1/100
|
|upkeep
|turn|3
|
|t:|1758962234
|move|p2a: Ribombee|Psychic Noise|p1a: Garchomp
|-damage|p1a: Garchomp|57/100
|move|p1a: Garchomp|Swords Dance|p1a: Garchomp
|-boost|p1a: Garchomp|atk|2
|
|-end|p1a: Garchomp|move: Heal Block
|upkeep
|turn|4
|
|t:|1758962244
|move|p2a: Ribombee|Psychic Noise|p1a: Garchomp
|-damage|p1a: Garchomp|34/100
|-start|p1a: Garchomp|move: Heal Block
|move|p1a: Garchomp|Fire Fang|p2a: Ribombee
|-supereffective|p2a: Ribombee
|-damage|p2a: Ribombee|0 fnt
|faint|p2a: Ribombee
|
|upkeep
|
|t:|1758962255
|switch|p2a: Ogerpon|Ogerpon-Cornerstone, F|100/100
|turn|5
|
|t:|1758962263
|move|p1a: Garchomp|Scale Shot|p2a: Ogerpon
|-damage|p2a: Ogerpon|47/100
|-damage|p2a: Ogerpon|0 fnt
|faint|p2a: Ogerpon
|-hitcount|p2: Ogerpon|2
|-unboost|p1a: Garchomp|def|1
|-boost|p1a: Garchomp|spe|1
|
|-end|p1a: Garchomp|move: Heal Block
|upkeep
|
|t:|1758962277
|switch|p2a: Gholdengo|Gholdengo, shiny|100/100
|-item|p2a: Gholdengo|Air Balloon
|turn|6
|-message|T0YE forfeited.
|
|win|koudaimiZo
|raw|koudaimiZo's rating: 1134 &rarr; <strong>1164</strong><br />(+30 for winning)
|raw|T0YE's rating: 1207 &rarr; <strong>1177</strong><br />(-30 for losing)
|l|☆T0YE
|player|p2|
