|j|☆happy skadi
|j|☆bl21812
|t:|1758968845
|gametype|singles
|player|p1|happy skadi|170|1542
|player|p2|bl21812|janitor|1549
|gen|9
|tier|[Gen 9] OU
|rated|
|rule|HP Percentage Mod: HP is shown in percentages
|rule|Endless Battle Clause: Forcing endless battles is banned
|rule|Species Clause: Limit one of each Pokémon
|rule|OHKO Clause: OHKO moves are banned
|rule|Evasion Items Clause: Evasion items are banned
|rule|Evasion Moves Clause: Evasion moves are banned
|rule|Evasion Abilities Clause: Evasion abilities are banned
|rule|Sleep Moves Clause: Sleep-inducing moves are banned
|clearpoke
|poke|p1|Iron Treads|
|poke|p1|Dragapult, M|
|poke|p1|Gholdengo|
|poke|p1|Enamorus, F|
|poke|p1|Gallade, M|
|poke|p1|Samurott-Hisui, F|
|poke|p2|Corviknight, M|
|poke|p2|Slowking-Galar, F|
|poke|p2|Dragapult, M|
|poke|p2|Ting-Lu|
|poke|p2|Hydrapple, M|
|poke|p2|Enamorus, F|
|teampreview
|
|t:|1758968884
|teamsize|p1|6
|teamsize|p2|6
|start
|switch|p1a: Samurott|Samurott-Hisui, F|100/100
|switch|p2a: Ting-Lu|Ting-Lu|100/100
|-ability|p2a: Ting-Lu|Vessel of Ruin
|turn|1
|
|t:|1758968894
|move|p1a: Samurott|Ceaseless Edge|p2a: Ting-Lu
|-resisted|p2a: Ting-Lu
|-damage|p2a: Ting-Lu|82/100
|-sidestart|p2: bl21812|Spikes
|move|p2a: Ting-Lu|Stealth Rock|p1a: Samurott
|-sidestart|p1: happy skadi|move: Stealth Rock
|
|-heal|p2a: Ting-Lu|88/100|[from] item: Leftovers
|upkeep
|turn|2
|j| TOMIKUSUS
|
|t:|1758968910
|switch|p2a: Hydrapple|Hydrapple, M|100/100
|move|p1a: Samurott|Ceaseless Edge|p2a: Hydrapple
|-damage|p2a: Hydrapple|65/100
|-sidestart|p2: bl21812|Spikes
|
|upkeep
|turn|3
|inactive|Battle timer is ON: inactive players will automatically lose when time's up. (requested by bl21812)
|
|t:|1758968932
|switch|p1a: Gholdengo|Gholdengo|100/100
|-damage|p1a: Gholdengo|94/100|[from] Stealth Rock
|-item|p1a: Gholdengo|Air Balloon
|move|p2a: Hydrapple|Giga Drain|p1a: Gholdengo
|-resisted|p1a: Gholdengo
|-damage|p1a: Gholdengo|80/100
|-heal|p2a: Hydrapple|71/100|[from] drain|[of] p1a: Gholdengo
|-enditem|p1a: Gholdengo|Air Balloon
|
|upkeep
|turn|4
|l| TOMIKUSUS
|
|t:|1758968943
|switch|p2a: Ting-Lu|Ting-Lu|88/100
|-damage|p2a: Ting-Lu|72/100|[from] Spikes
|-ability|p2a: Ting-Lu|Vessel of Ruin
|move|p1a: Gholdengo|Make It Rain|p2a: Ting-Lu
|-damage|p2a: Ting-Lu|49/100
|-unboost|p1a: Gholdengo|spa|1
|
|-heal|p2a: Ting-Lu|55/100|[from] item: Leftovers
|upkeep
|turn|5
|
|t:|1758968959
|switch|p1a: Samurott|Samurott-Hisui, F|100/100
|-damage|p1a: Samurott|88/100|[from] Stealth Rock
|move|p2a: Ting-Lu|Whirlwind|p1a: Samurott
|drag|p1a: Gholdengo|Gholdengo|80/100
|-damage|p1a: Gholdengo|74/100|[from] Stealth Rock
|
|-heal|p2a: Ting-Lu|61/100|[from] item: Leftovers
|upkeep
|turn|6
|
|t:|1758968971
|switch|p1a: Samurott|Samurott-Hisui, F|88/100
|-damage|p1a: Samurott|76/100|[from] Stealth Rock
|move|p2a: Ting-Lu|Earthquake|p1a: Samurott
|-damage|p1a: Samurott|29/100
|
|-heal|p2a: Ting-Lu|67/100|[from] item: Leftovers
|upkeep
|turn|7
|
|t:|1758968980
|switch|p2a: Hydrapple|Hydrapple, M|100/100
|move|p1a: Samurott|Sacred Sword|p2a: Hydrapple
|-damage|p2a: Hydrapple|67/100
|
|upkeep
|turn|8
|
|t:|1758969000
|switch|p1a: Gallade|Gallade, M|100/100
|-damage|p1a: Gallade|95/100|[from] Stealth Rock
|move|p2a: Hydrapple|Giga Drain|p1a: Gallade
|-damage|p1a: Gallade|63/100
|-heal|p2a: Hydrapple|78/100|[from] drain|[of] p1a: Gallade
|
|upkeep
|turn|9
|inactive|bl21812 has 120 seconds left.
|
|t:|1758969033
|switch|p2a: Corviknight|Corviknight, M|100/100
|-ability|p2a: Corviknight|Pressure
|move|p1a: Gallade|Swords Dance|p1a: Gallade
|-boost|p1a: Gallade|atk|2
|
|upkeep
|turn|10
|
|t:|1758969043
|move|p1a: Gallade|Sacred Sword|p2a: Corviknight
|-damage|p2a: Corviknight|15/100
|move|p2a: Corviknight|Brave Bird|p1a: Gallade
|-supereffective|p1a: Gallade
|-damage|p1a: Gallade|0 fnt
|faint|p1a: Gallade
|-damage|p2a: Corviknight|0 fnt|[from] Recoil
|faint|p2a: Corviknight
|
|upkeep
|inactive|bl21812 has 120 seconds left.
|
|t:|1758969063
|switch|p1a: Enamorus|Enamorus, F|100/100
|switch|p2a: Dragapult|Dragapult, M|100/100
|-damage|p1a: Enamorus|76/100|[from] Stealth Rock
|-damage|p2a: Dragapult|84/100|[from] Spikes
|turn|11
|
|t:|1758969073
|switch|p2a: Slowking|Slowking-Galar, F|100/100
|move|p1a: Enamorus|Moonblast|p2a: Slowking
|-resisted|p2a: Slowking
|-damage|p2a: Slowking|85/100
|-unboost|p2a: Slowking|spa|1
|
|upkeep
|turn|12
|inactive|bl21812 has 120 seconds left.
|
|t:|1758969100
|switch|p1a: Iron Treads|Iron Treads, shiny|100/100
|-damage|p1a: Iron Treads|97/100|[from] Stealth Rock
|-item|p1a: Iron Treads|Air Balloon
|-prepare|p2a: Slowking|Chilly Reception|[premajor]
|move|p2a: Slowking|Chilly Reception|p2a: Slowking
|-weather|Snowscape
|
|t:|1758969107
|switch|p2a: Hydrapple|Hydrapple, M|100/100|[from] Chilly Reception
|
|-weather|Snowscape|[upkeep]
|upkeep
|turn|13
|
|t:|1758969118
|move|p1a: Iron Treads|Knock Off|p2a: Hydrapple
|-damage|p2a: Hydrapple|84/100
|-enditem|p2a: Hydrapple|Heavy-Duty Boots|[from] move: Knock Off|[of] p1a: Iron Treads
|move|p2a: Hydrapple|Giga Drain|p1a: Iron Treads
|-crit|p1a: Iron Treads
|-damage|p1a: Iron Treads|37/100
|-heal|p2a: Hydrapple|100/100|[from] drain|[of] p1a: Iron Treads
|-enditem|p1a: Iron Treads|Air Balloon
|
|-weather|Snowscape|[upkeep]
|upkeep
|turn|14
|
|t:|1758969133
|move|p1a: Iron Treads|Rapid Spin|p2a: Hydrapple
|-damage|p2a: Hydrapple|91/100
|-boost|p1a: Iron Treads|spe|1
|-sideend|p1: happy skadi|Stealth Rock|[from] move: Rapid Spin|[of] p1a: Iron Treads
|move|p2a: Hydrapple|Earth Power|p1a: Iron Treads
|-supereffective|p1a: Iron Treads
|-damage|p1a: Iron Treads|0 fnt
|faint|p1a: Iron Treads
|-end|p1a: Iron Treads|Quark Drive|[silent]
|
|-weather|Snowscape|[upkeep]
|upkeep
|
|t:|1758969148
|switch|p1a: Enamorus|Enamorus, F|76/100
|turn|15
|
|t:|1758969163
|switch|p1a: Samurott|Samurott-Hisui, F|29/100
|switch|p2a: Ting-Lu|Ting-Lu|67/100
|-damage|p2a: Ting-Lu|51/100|[from] Spikes
|-ability|p2a: Ting-Lu|Vessel of Ruin
|
|-weather|Snowscape|[upkeep]
|-heal|p2a: Ting-Lu|57/100|[from] item: Leftovers
|upkeep
|turn|16
|
|t:|1758969179
|move|p1a: Samurott|Aqua Cutter|p2a: Ting-Lu
|-supereffective|p2a: Ting-Lu
|-damage|p2a: Ting-Lu|0 fnt
|faint|p2a: Ting-Lu
|
|-weather|none
|upkeep
|inactive|bl21812 has 90 seconds left.
|
|t:|1758969191
|switch|p2a: Enamorus|Enamorus, F|100/100
|turn|17
|inactive|bl21812 has 90 seconds left.
|
|t:|1758969202
|switch|p1a: Gholdengo|Gholdengo|74/100
|move|p2a: Enamorus|Earth Power|p1a: Gholdengo
|-supereffective|p1a: Gholdengo
|-damage|p1a: Gholdengo|0 fnt
|faint|p1a: Gholdengo
|
|upkeep
|
|t:|1758969214
|switch|p1a: Enamorus|Enamorus, F|76/100
|turn|18
|
|t:|1758969236
|switch|p1a: Samurott|Samurott-Hisui, F|29/100
|switch|p2a: Slowking|Slowking-Galar, F|100/100
|
|upkeep
|turn|19
|
|t:|1758969243
|switch|p2a: Hydrapple|Hydrapple, M|100/100
|-damage|p2a: Hydrapple|84/100|[from] Spikes
|move|p1a: Samurott|Ceaseless Edge|p2a: Hydrapple
|-damage|p2a: Hydrapple|47/100
|-sidestart|p2: bl21812|Spikes
|
|upkeep
|turn|20
|inactive|happy skadi has 120 seconds left.
|
|t:|1758969282
|switch|p1a: Enamorus|Enamorus, F|76/100
|move|p2a: Hydrapple|Giga Drain|p1a: Enamorus
|-resisted|p1a: Enamorus
|-damage|p1a: Enamorus|53/100
|-heal|p2a: Hydrapple|55/100|[from] drain|[of] p1a: Enamorus
|
|upkeep
|turn|21
|inactive|bl21812 has 120 seconds left.
|
|t:|1758969301
|switch|p1a: Dragapult|Dragapult, M|100/100
|move|p2a: Hydrapple|Giga Drain|p1a: Dragapult
|-resisted|p1a: Dragapult
|-damage|p1a: Dragapult|79/100
|-heal|p2a: Hydrapple|64/100|[from] drain|[of] p1a: Dragapult
|
|upkeep
|turn|22
|inactive|bl21812 has 120 seconds left.
|inactive|bl21812 has 90 seconds left.
|
|t:|1758969349
|move|p1a: Dragapult|U-turn|p2a: Hydrapple
|-supereffective|p2a: Hydrapple
|-damage|p2a: Hydrapple|22/100
|
|t:|1758969353
|switch|p1a: Enamorus|Enamorus, F|53/100|[from] U-turn
|move|p2a: Hydrapple|Fickle Beam|p1a: Enamorus
|-immune|p1a: Enamorus
|
|upkeep
|turn|23
|inactive|happy skadi has 120 seconds left.
|inactive|bl21812 has 90 seconds left.
|
|t:|1758969363
|switch|p1a: Dragapult|Dragapult, M|79/100
|switch|p2a: Slowking|Slowking-Galar, F|100/100
|
|upkeep
|turn|24
|inactive|happy skadi has 120 seconds left.
|inactive|bl21812 has 90 seconds left.
|
|t:|1758969385
|-terastallize|p1a: Dragapult|Ghost
|move|p1a: Dragapult|Tera Blast|p2a: Slowking|[anim] Tera Blast Ghost
|-supereffective|p2a: Slowking
|-damage|p2a: Slowking|0 fnt
|faint|p2a: Slowking
|
|upkeep
|inactive|bl21812 has 60 seconds left.
|
|t:|1758969418
|switch|p2a: Dragapult|Dragapult, M|84/100
|-damage|p2a: Dragapult|59/100|[from] Spikes
|turn|25
|inactive|bl21812 has 60 seconds left.
|inactive|happy skadi has 120 seconds left.
|
|t:|1758969460
|switch|p1a: Samurott|Samurott-Hisui, F|29/100
|move|p2a: Dragapult|Sucker Punch||[still]
|-fail|p2a: Dragapult
|
|upkeep
|turn|26
|inactive|bl21812 has 60 seconds left.
|inactive|happy skadi has 90 seconds left.
|
|t:|1758969476
|switch|p2a: Enamorus|Enamorus, F|100/100
|move|p1a: Samurott|Ceaseless Edge|p2a: Enamorus
|-resisted|p2a: Enamorus
|-damage|p2a: Enamorus|52/100
|
|upkeep
|turn|27
|inactive|bl21812 has 60 seconds left.
|inactive|happy skadi has 90 seconds left.
|
|t:|1758969486
|move|p2a: Enamorus|Moonblast|p1a: Samurott
|-supereffective|p1a: Samurott
|-damage|p1a: Samurott|0 fnt
|faint|p1a: Samurott
|
|upkeep
|
|t:|1758969489
|switch|p1a: Enamorus|Enamorus, F|53/100
|turn|28
|
|t:|1758969494
|move|p1a: Enamorus|Moonblast|p2a: Enamorus
|-damage|p2a: Enamorus|0 fnt
|faint|p2a: Enamorus
|
|upkeep
|inactive|bl21812 has 60 seconds left.
|
|t:|1758969533
|switch|p2a: Hydrapple|Hydrapple, M|55/100
|-damage|p2a: Hydrapple|31/100|[from] Spikes
|turn|29
|inactive|happy skadi has 90 seconds left.
|
|t:|1758969571
|switch|p1a: Dragapult|Dragapult, M, tera:Ghost|79/100
|-terastallize|p2a: Hydrapple|Fairy
|move|p2a: Hydrapple|Giga Drain|p1a: Dragapult
|-damage|p1a: Dragapult|38/100
|-heal|p2a: Hydrapple|46/100|[from] drain|[of] p1a: Dragapult
|
|upkeep
|turn|30
|
|t:|1758969584
|move|p1a: Dragapult|Tera Blast|p2a: Hydrapple|[anim] Tera Blast Ghost
|-damage|p2a: Hydrapple|4/100
|move|p2a: Hydrapple|Giga Drain|p1a: Dragapult
|-damage|p1a: Dragapult|0 fnt
|-heal|p2a: Hydrapple|18/100|[from] drain|[of] p1a: Dragapult
|faint|p1a: Dragapult
|
|upkeep
|inactive|happy skadi has 90 seconds left.
|
|t:|1758969607
|switch|p1a: Enamorus|Enamorus, F|53/100
|turn|31
|
|t:|1758969622
|move|p1a: Enamorus|Moonblast|p2a: Hydrapple
|-damage|p2a: Hydrapple|0 fnt
|faint|p2a: Hydrapple
|
|upkeep
|
|t:|1758969627
|switch|p2a: Dragapult|Dragapult, M|59/100
|-damage|p2a: Dragapult|34/100|[from] Spikes
|turn|32
|
|t:|1758969637
|move|p2a: Dragapult|Sucker Punch|p1a: Enamorus
|-resisted|p1a: Enamorus
|-damage|p1a: Enamorus|28/100
|move|p1a: Enamorus|Moonblast|p2a: Dragapult
|-supereffective|p2a: Dragapult
|-damage|p2a: Dragapult|0 fnt
|faint|p2a: Dragapult
|
|win|happy skadi
|raw|happy skadi's rating: 1542 &rarr; <strong>1562</strong><br />(+20 for winning)
|raw|bl21812's rating: 1549 &rarr; <strong>1529</strong><br />(-20 for losing)
|l|☆bl21812
|player|p2|
|l|☆happy skadi
|player|p1|
