|badge|p2|bronze|gen9ou|100-6
|badge|p2|silver|gen9ru|30-6
|badge|p2|silver|gen9uu|30-6
|html|<div class="broadcast-red"><strong>This battle is required to be public due to one or more player having a season medal.</strong><br />During the public phase, you can discuss the state of the ladder <a href="/seasondiscussion">in a special chatroom.</a></div>
|uhtml|medal-msg|<div class="broadcast-blue">Curious what those medals under the avatar are? PS now has Ladder Seasons! For more information, check out the <a href="https://www.smogon.com/forums/threads/3740067/">thread on Smogon.</a></div>
|raw|<div class="broadcast-blue"><strong>This battle is required to be public due to a player having a name starting with 'medal'.</div>
|j|☆Swagataka
|j|☆Sirpeanutcronch
|t:|1759077790
|gametype|singles
|player|p1|Swagataka|byron|1763
|player|p2|Sirpeanutcronch|#wcop2025africa|1870
|gen|9
|tier|[Gen 9] OU
|rated|
|rule|HP Percentage Mod: HP is shown in percentages
|rule|Endless Battle Clause: Forcing endless battles is banned
|rule|Species Clause: Limit one of each Pokémon
|rule|OHKO Clause: OHKO moves are banned
|rule|Evasion Items Clause: Evasion items are banned
|rule|Evasion Moves Clause: Evasion moves are banned
|rule|Evasion Abilities Clause: Evasion abilities are banned
|rule|Sleep Moves Clause: Sleep-inducing moves are banned
|clearpoke
|poke|p1|Quaquaval, M|
|poke|p1|Pecharunt|
|poke|p1|Great Tusk|
|poke|p1|Iron Crown|
|poke|p1|Lokix, F|
|poke|p1|Kingambit, M|
|poke|p2|Primarina, M|
|poke|p2|Corviknight, M|
|poke|p2|Ogerpon, F|
|poke|p2|Ting-Lu|
|poke|p2|Cinderace, M|
|poke|p2|Pecharunt|
|teampreview
|
|t:|1759077820
|teamsize|p1|6
|teamsize|p2|6
|start
|switch|p1a: Knoc Party|Lokix, F|100/100
|switch|p2a: Cinderace|Cinderace, M|100/100
|turn|1
|inactive|Battle timer is ON: inactive players will automatically lose when time's up. (requested by Sirpeanutcronch)
|
|t:|1759077824
|switch|p2a: Corviknight|Corviknight, M|100/100
|-ability|p2a: Corviknight|Pressure
|switch|p1a: Apacherunt|Pecharunt|100/100
|
|upkeep
|turn|2
|
|t:|1759077829
|move|p1a: Apacherunt|Shadow Ball|p2a: Corviknight
|-damage|p2a: Corviknight|78/100
|-unboost|p2a: Corviknight|spd|1
|move|p2a: Corviknight|Body Press|p1a: Apacherunt
|-immune|p1a: Apacherunt
|
|upkeep
|turn|3
|
|t:|1759077836
|switch|p2a: Ting-Lu|Ting-Lu|100/100
|-ability|p2a: Ting-Lu|Vessel of Ruin
|move|p1a: Apacherunt|Parting Shot|p2a: Ting-Lu
|-unboost|p2a: Ting-Lu|atk|1
|-unboost|p2a: Ting-Lu|spa|1
|
|t:|1759077848
|switch|p1a: Quack Sabbath|Quaquaval, M|100/100|[from] Parting Shot
|
|upkeep
|turn|4
|j| Rizzofreko
|
|t:|1759077850
|switch|p2a: Pecharunt|Pecharunt|100/100
|move|p1a: Quack Sabbath|Aqua Step|p2a: Pecharunt
|-damage|p2a: Pecharunt|83/100
|-boost|p1a: Quack Sabbath|spe|1
|
|upkeep
|turn|5
|j| cryyysneasel
|
|t:|1759077856
|switch|p1a: System Of A Crown|Iron Crown|100/100
|move|p2a: Pecharunt|Malignant Chain|p1a: System Of A Crown
|-immune|p1a: System Of A Crown
|
|upkeep
|turn|6
|
|t:|1759077859
|switch|p2a: Ting-Lu|Ting-Lu|100/100
|-ability|p2a: Ting-Lu|Vessel of Ruin
|move|p1a: System Of A Crown|Tachyon Cutter|p2a: Ting-Lu
|-damage|p2a: Ting-Lu|86/100
|-damage|p2a: Ting-Lu|70/100
|-hitcount|p2a: Ting-Lu|2
|
|-heal|p2a: Ting-Lu|76/100|[from] item: Leftovers
|upkeep
|turn|7
|
|t:|1759077866
|-end|p1a: System Of A Crown|Quark Drive|[silent]
|switch|p1a: Steely Don|Great Tusk|100/100
|move|p2a: Ting-Lu|Earthquake|p1a: Steely Don
|-damage|p1a: Steely Don|75/100
|
|-heal|p2a: Ting-Lu|83/100|[from] item: Leftovers
|upkeep
|turn|8
|
|t:|1759077870
|switch|p2a: Corviknight|Corviknight, M|78/100
|-ability|p2a: Corviknight|Pressure
|move|p1a: Steely Don|Knock Off|p2a: Corviknight
|-damage|p2a: Corviknight|56/100
|-damage|p1a: Steely Don|59/100|[from] item: Rocky Helmet|[of] p2a: Corviknight
|-enditem|p2a: Corviknight|Rocky Helmet|[from] move: Knock Off|[of] p1a: Steely Don
|
|upkeep
|turn|9
|
|t:|1759077873
|-end|p1a: Steely Don|Protosynthesis|[silent]
|switch|p1a: Quack Sabbath|Quaquaval, M|100/100
|move|p2a: Corviknight|Roost|p2a: Corviknight
|-heal|p2a: Corviknight|100/100
|-singleturn|p2a: Corviknight|move: Roost
|
|upkeep
|turn|10
|
|t:|1759077876
|move|p1a: Quack Sabbath|Encore|p2a: Corviknight
|-start|p2a: Corviknight|Encore
|move|p2a: Corviknight|Roost||[still]
|-fail|p2a: Corviknight|heal
|
|upkeep
|turn|11
|
|t:|1759077879
|switch|p1a: Irönhead|Kingambit, M|100/100
|-item|p1a: Irönhead|Air Balloon
|switch|p2a: Pecharunt|Pecharunt|83/100
|
|upkeep
|turn|12
|
|t:|1759077885
|move|p2a: Pecharunt|Parting Shot|p1a: Irönhead
|-unboost|p1a: Irönhead|atk|1
|-ability|p1a: Irönhead|Defiant|boost
|-boost|p1a: Irönhead|atk|2
|-unboost|p1a: Irönhead|spa|1
|-ability|p1a: Irönhead|Defiant|boost
|-boost|p1a: Irönhead|atk|2
|
|t:|1759077893
|switch|p2a: Corviknight|Corviknight, M|100/100|[from] Parting Shot
|-ability|p2a: Corviknight|Pressure
|move|p1a: Irönhead|Stealth Rock|p2a: Corviknight
|-sidestart|p2: Sirpeanutcronch|move: Stealth Rock
|
|upkeep
|turn|13
|
|t:|1759077897
|switch|p1a: Apacherunt|Pecharunt|100/100
|move|p2a: Corviknight|Body Press|p1a: Apacherunt
|-immune|p1a: Apacherunt
|
|upkeep
|turn|14
|
|t:|1759077907
|move|p1a: Apacherunt|Shadow Ball|p2a: Corviknight
|-damage|p2a: Corviknight|78/100
|move|p2a: Corviknight|Defog|p1a: Apacherunt
|-unboost|p1a: Apacherunt|evasion|1
|-sideend|p2: Sirpeanutcronch|Stealth Rock|[from] move: Defog|[of] p2a: Corviknight
|
|upkeep
|turn|15
|
|t:|1759077912
|switch|p2a: Ting-Lu|Ting-Lu|83/100
|-ability|p2a: Ting-Lu|Vessel of Ruin
|move|p1a: Apacherunt|Parting Shot|p2a: Ting-Lu
|-unboost|p2a: Ting-Lu|atk|1
|-unboost|p2a: Ting-Lu|spa|1
|
|t:|1759077921
|switch|p1a: Quack Sabbath|Quaquaval, M|100/100|[from] Parting Shot
|
|-heal|p2a: Ting-Lu|89/100|[from] item: Leftovers
|upkeep
|turn|16
|
|t:|1759077925
|switch|p2a: Pecharunt|Pecharunt|83/100
|move|p1a: Quack Sabbath|Aqua Step|p2a: Pecharunt
|-damage|p2a: Pecharunt|65/100
|-boost|p1a: Quack Sabbath|spe|1
|
|upkeep
|turn|17
|
|t:|1759077928
|switch|p1a: Irönhead|Kingambit, M|100/100
|-item|p1a: Irönhead|Air Balloon
|move|p2a: Pecharunt|Recover|p2a: Pecharunt
|-heal|p2a: Pecharunt|100/100
|
|upkeep
|turn|18
|
|t:|1759077931
|switch|p2a: Corviknight|Corviknight, M|78/100
|-ability|p2a: Corviknight|Pressure
|move|p1a: Irönhead|Stealth Rock|p2a: Corviknight
|-sidestart|p2: Sirpeanutcronch|move: Stealth Rock
|
|upkeep
|turn|19
|
|t:|1759077939
|switch|p1a: System Of A Crown|Iron Crown|100/100
|move|p2a: Corviknight|Body Press|p1a: System Of A Crown
|-damage|p1a: System Of A Crown|70/100
|
|upkeep
|turn|20
|
|t:|1759077951
|-end|p1a: System Of A Crown|Quark Drive|[silent]
|switch|p1a: Knoc Party|Lokix, F|100/100
|move|p2a: Corviknight|Roost|p2a: Corviknight
|-heal|p2a: Corviknight|100/100
|-singleturn|p2a: Corviknight|move: Roost
|
|upkeep
|turn|21
|
|t:|1759077955
|switch|p1a: Apacherunt|Pecharunt|100/100
|move|p2a: Corviknight|Defog|p1a: Apacherunt
|-unboost|p1a: Apacherunt|evasion|1
|-sideend|p2: Sirpeanutcronch|Stealth Rock|[from] move: Defog|[of] p2a: Corviknight
|
|upkeep
|turn|22
|
|t:|1759077962
|switch|p2a: Pecharunt|Pecharunt|100/100
|move|p1a: Apacherunt|Shadow Ball|p2a: Pecharunt
|-supereffective|p2a: Pecharunt
|-damage|p2a: Pecharunt|50/100
|-unboost|p2a: Pecharunt|spd|1
|
|upkeep
|turn|23
|
|t:|1759077965
|switch|p2a: Ting-Lu|Ting-Lu|89/100
|-ability|p2a: Ting-Lu|Vessel of Ruin
|move|p1a: Apacherunt|Shadow Ball|p2a: Ting-Lu
|-resisted|p2a: Ting-Lu
|-damage|p2a: Ting-Lu|83/100
|
|-heal|p2a: Ting-Lu|90/100|[from] item: Leftovers
|upkeep
|turn|24
|
|t:|1759077968
|move|p1a: Apacherunt|Toxic|p2a: Ting-Lu
|-status|p2a: Ting-Lu|tox
|-start|p2a: Ting-Lu|confusion|[from] ability: Poison Puppeteer|[of] p1a: Apacherunt
|-activate|p2a: Ting-Lu|confusion
|-damage|p2a: Ting-Lu|84/100 tox|[from] confusion
|
|-heal|p2a: Ting-Lu|90/100 tox|[from] item: Leftovers
|-damage|p2a: Ting-Lu|84/100 tox|[from] psn
|upkeep
|turn|25
|
|t:|1759077971
|move|p1a: Apacherunt|Parting Shot|p2a: Ting-Lu
|-unboost|p2a: Ting-Lu|atk|1
|-unboost|p2a: Ting-Lu|spa|1
|
|t:|1759077973
|switch|p1a: Steely Don|Great Tusk|59/100|[from] Parting Shot
|-end|p2a: Ting-Lu|confusion
|move|p2a: Ting-Lu|Rest|p2a: Ting-Lu
|-status|p2a: Ting-Lu|slp|[from] move: Rest
|-heal|p2a: Ting-Lu|100/100 slp|[silent]
|
|upkeep
|turn|26
|
|t:|1759077982
|-end|p1a: Steely Don|Protosynthesis|[silent]
|switch|p1a: Apacherunt|Pecharunt|100/100
|switch|p2a: Corviknight|Corviknight, M|100/100
|-ability|p2a: Corviknight|Pressure
|
|upkeep
|turn|27
|
|t:|1759077987
|move|p1a: Apacherunt|Shadow Ball|p2a: Corviknight
|-damage|p2a: Corviknight|78/100
|move|p2a: Corviknight|Body Press|p1a: Apacherunt
|-immune|p1a: Apacherunt
|
|upkeep
|turn|28
|
|t:|1759077994
|move|p1a: Apacherunt|Parting Shot|p2a: Corviknight
|-unboost|p2a: Corviknight|atk|1
|-unboost|p2a: Corviknight|spa|1
|
|t:|1759077995
|switch|p1a: Quack Sabbath|Quaquaval, M|100/100|[from] Parting Shot
|move|p2a: Corviknight|Body Press|p1a: Quack Sabbath
|-damage|p1a: Quack Sabbath|75/100
|
|-heal|p1a: Quack Sabbath|81/100|[from] item: Leftovers
|upkeep
|turn|29
|
|t:|1759077999
|switch|p2a: Primarina|Primarina, M|100/100
|move|p1a: Quack Sabbath|Aqua Step|p2a: Primarina
|-resisted|p2a: Primarina
|-damage|p2a: Primarina|81/100
|-boost|p1a: Quack Sabbath|spe|1
|
|-heal|p1a: Quack Sabbath|87/100|[from] item: Leftovers
|upkeep
|turn|30
|
|t:|1759078009
|switch|p1a: System Of A Crown|Iron Crown|70/100
|move|p2a: Primarina|Psychic Noise|p1a: System Of A Crown
|-resisted|p1a: System Of A Crown
|-damage|p1a: System Of A Crown|64/100
|-start|p1a: System Of A Crown|move: Heal Block
|
|upkeep
|turn|31
|
|t:|1759078014
|switch|p2a: Ting-Lu|Ting-Lu|100/100 slp
|-ability|p2a: Ting-Lu|Vessel of Ruin
|move|p1a: System Of A Crown|Tachyon Cutter|p2a: Ting-Lu
|-damage|p2a: Ting-Lu|84/100 slp
|-damage|p2a: Ting-Lu|68/100 slp
|-hitcount|p2a: Ting-Lu|2
|
|-heal|p2a: Ting-Lu|75/100 slp|[from] item: Leftovers
|-end|p1a: System Of A Crown|move: Heal Block
|upkeep
|turn|32
|
|t:|1759078023
|-end|p1a: System Of A Crown|Quark Drive|[silent]
|switch|p1a: Irönhead|Kingambit, M|100/100
|-item|p1a: Irönhead|Air Balloon
|cant|p2a: Ting-Lu|slp
|move|p2a: Ting-Lu|Sleep Talk|p2a: Ting-Lu
|move|p2a: Ting-Lu|Rest||[from] move: Sleep Talk|[still]
|-fail|p2a: Ting-Lu
|
|-heal|p2a: Ting-Lu|81/100 slp|[from] item: Leftovers
|upkeep
|turn|33
|
|t:|1759078028
|switch|p2a: Corviknight|Corviknight, M|78/100
|-ability|p2a: Corviknight|Pressure
|move|p1a: Irönhead|Stealth Rock|p2a: Corviknight
|-sidestart|p2: Sirpeanutcronch|move: Stealth Rock
|
|upkeep
|turn|34
|
|t:|1759078035
|move|p2a: Corviknight|Defog|p1a: Irönhead
|-unboost|p1a: Irönhead|evasion|1
|-ability|p1a: Irönhead|Defiant|boost
|-boost|p1a: Irönhead|atk|2
|-sideend|p2: Sirpeanutcronch|Stealth Rock|[from] move: Defog|[of] p2a: Corviknight
|move|p1a: Irönhead|Thief|p2a: Corviknight
|-damage|p2a: Corviknight|36/100
|
|upkeep
|turn|35
|
|t:|1759078041
|move|p2a: Corviknight|Iron Defense|p2a: Corviknight
|-boost|p2a: Corviknight|def|2
|move|p1a: Irönhead|Stealth Rock|p2a: Corviknight
|-sidestart|p2: Sirpeanutcronch|move: Stealth Rock
|
|upkeep
|turn|36
|
|t:|1759078047
|switch|p1a: Quack Sabbath|Quaquaval, M|87/100
|move|p2a: Corviknight|Roost|p2a: Corviknight
|-heal|p2a: Corviknight|86/100
|-singleturn|p2a: Corviknight|move: Roost
|
|-heal|p1a: Quack Sabbath|93/100|[from] item: Leftovers
|upkeep
|turn|37
|
|t:|1759078051
|switch|p2a: Primarina|Primarina, M|81/100
|-damage|p2a: Primarina|68/100|[from] Stealth Rock
|move|p1a: Quack Sabbath|Encore||[still]
|-fail|p1a: Quack Sabbath
|
|-heal|p1a: Quack Sabbath|99/100|[from] item: Leftovers
|upkeep
|turn|38
|
|t:|1759078057
|switch|p1a: System Of A Crown|Iron Crown|64/100
|move|p2a: Primarina|Moonblast|p1a: System Of A Crown
|-resisted|p1a: System Of A Crown
|-damage|p1a: System Of A Crown|42/100
|-unboost|p1a: System Of A Crown|spa|1
|
|upkeep
|turn|39
|
|t:|1759078063
|move|p1a: System Of A Crown|Volt Switch|p2a: Primarina
|-supereffective|p2a: Primarina
|-damage|p2a: Primarina|46/100
|
|t:|1759078068
|-end|p1a: System Of A Crown|Quark Drive|[silent]
|switch|p1a: Apacherunt|Pecharunt|100/100|[from] Volt Switch
|move|p2a: Primarina|Surf|p1a: Apacherunt
|-damage|p1a: Apacherunt|58/100
|
|upkeep
|turn|40
|
|t:|1759078075
|move|p1a: Apacherunt|Parting Shot|p2a: Primarina
|-unboost|p2a: Primarina|atk|1
|-unboost|p2a: Primarina|spa|1
|
|t:|1759078076
|switch|p1a: System Of A Crown|Iron Crown|42/100|[from] Parting Shot
|move|p2a: Primarina|Psychic Noise|p1a: System Of A Crown
|-resisted|p1a: System Of A Crown
|-damage|p1a: System Of A Crown|38/100
|-start|p1a: System Of A Crown|move: Heal Block
|
|upkeep
|turn|41
|
|t:|1759078081
|switch|p2a: Ting-Lu|Ting-Lu|81/100 slp
|-damage|p2a: Ting-Lu|75/100 slp|[from] Stealth Rock
|-ability|p2a: Ting-Lu|Vessel of Ruin
|move|p1a: System Of A Crown|Tachyon Cutter|p2a: Ting-Lu
|-damage|p2a: Ting-Lu|58/100 slp
|-damage|p2a: Ting-Lu|42/100 slp
|-hitcount|p2a: Ting-Lu|2
|
|-heal|p2a: Ting-Lu|48/100 slp|[from] item: Leftovers
|-end|p1a: System Of A Crown|move: Heal Block
|upkeep
|turn|42
|
|t:|1759078092
|-end|p1a: System Of A Crown|Quark Drive|[silent]
|switch|p1a: Knoc Party|Lokix, F|100/100
|cant|p2a: Ting-Lu|slp
|move|p2a: Ting-Lu|Sleep Talk|p2a: Ting-Lu
|move|p2a: Ting-Lu|Rest||[from] move: Sleep Talk|[still]
|-fail|p2a: Ting-Lu
|
|-heal|p2a: Ting-Lu|54/100 slp|[from] item: Leftovers
|upkeep
|turn|43
|j| wgw2333
|
|t:|1759078101
|switch|p2a: Pecharunt|Pecharunt|50/100
|move|p1a: Knoc Party|Knock Off|p2a: Pecharunt
|-supereffective|p2a: Pecharunt
|-damage|p2a: Pecharunt|0 fnt
|-enditem|p2a: Pecharunt|Heavy-Duty Boots|[from] move: Knock Off|[of] p1a: Knoc Party
|faint|p2a: Pecharunt
|-damage|p1a: Knoc Party|91/100|[from] item: Life Orb
|
|upkeep
|j| tiochicodobos
|
|t:|1759078106
|switch|p2a: Corviknight|Corviknight, M|86/100
|-damage|p2a: Corviknight|74/100|[from] Stealth Rock
|-ability|p2a: Corviknight|Pressure
|turn|44
|
|t:|1759078115
|move|p1a: Knoc Party|Swords Dance|p1a: Knoc Party
|-boost|p1a: Knoc Party|atk|2
|move|p2a: Corviknight|Defog|p1a: Knoc Party
|-unboost|p1a: Knoc Party|evasion|1
|-sideend|p2: Sirpeanutcronch|Stealth Rock|[from] move: Defog|[of] p2a: Corviknight
|
|upkeep
|turn|45
|
|t:|1759078121
|-terastallize|p1a: Knoc Party|Dark
|move|p1a: Knoc Party|Knock Off|p2a: Corviknight
|-damage|p2a: Corviknight|10/100
|-damage|p1a: Knoc Party|81/100|[from] item: Life Orb
|move|p2a: Corviknight|Roost|p2a: Corviknight
|-heal|p2a: Corviknight|60/100
|-singleturn|p2a: Corviknight|move: Roost
|
|upkeep
|turn|46
|j| tapu moxo
|
|t:|1759078136
|move|p1a: Knoc Party|Knock Off|p2a: Corviknight
|-damage|p2a: Corviknight|0 fnt
|faint|p2a: Corviknight
|-damage|p1a: Knoc Party|71/100|[from] item: Life Orb
|
|upkeep
|
|t:|1759078138
|switch|p2a: Ogerpon|Ogerpon, F|100/100
|turn|47
|
|t:|1759078140
|move|p1a: Knoc Party|Sucker Punch||[still]
|-fail|p1a: Knoc Party
|move|p2a: Ogerpon|Encore|p1a: Knoc Party
|-start|p1a: Knoc Party|Encore
|
|upkeep
|turn|48
|
|t:|1759078145
|switch|p2a: Ting-Lu|Ting-Lu|54/100 slp
|-ability|p2a: Ting-Lu|Vessel of Ruin
|switch|p1a: Apacherunt|Pecharunt|58/100
|
|-heal|p2a: Ting-Lu|60/100 slp|[from] item: Leftovers
|upkeep
|turn|49
|
|t:|1759078150
|move|p1a: Apacherunt|Parting Shot|p2a: Ting-Lu
|-unboost|p2a: Ting-Lu|atk|1
|-unboost|p2a: Ting-Lu|spa|1
|
|t:|1759078152
|switch|p1a: Quack Sabbath|Quaquaval, M|99/100|[from] Parting Shot
|-curestatus|p2a: Ting-Lu|slp|[msg]
|move|p2a: Ting-Lu|Sleep Talk||[still]
|-fail|p2a: Ting-Lu
|
|-heal|p1a: Quack Sabbath|100/100|[from] item: Leftovers
|-heal|p2a: Ting-Lu|66/100|[from] item: Leftovers
|upkeep
|turn|50
|
|t:|1759078158
|switch|p2a: Primarina|Primarina, M|46/100
|move|p1a: Quack Sabbath|Aqua Step|p2a: Primarina
|-resisted|p2a: Primarina
|-damage|p2a: Primarina|26/100
|-boost|p1a: Quack Sabbath|spe|1
|
|upkeep
|turn|51
|
|t:|1759078172
|-terastallize|p2a: Primarina|Ghost
|move|p1a: Quack Sabbath|Close Combat|p2a: Primarina
|-immune|p2a: Primarina
|move|p2a: Primarina|Moonblast|p1a: Quack Sabbath
|-supereffective|p1a: Quack Sabbath
|-damage|p1a: Quack Sabbath|0 fnt
|faint|p1a: Quack Sabbath
|
|upkeep
|inactive|Swagataka has 120 seconds left.
|l| tiochicodobos
|
|t:|1759078222
|switch|p1a: System Of A Crown|Iron Crown|38/100
|turn|52
|
|t:|1759078230
|move|p1a: System Of A Crown|Tachyon Cutter|p2a: Primarina
|-damage|p2a: Primarina|9/100
|-damage|p2a: Primarina|0 fnt
|faint|p2a: Primarina
|-hitcount|p2: Primarina|2
|
|upkeep
|
|t:|1759078233
|switch|p2a: Cinderace|Cinderace, M|100/100
|turn|53
|j| tiochicodobos
|
|t:|1759078238
|move|p2a: Cinderace|Pyro Ball|p1a: System Of A Crown
|-supereffective|p1a: System Of A Crown
|-damage|p1a: System Of A Crown|0 fnt
|faint|p1a: System Of A Crown
|-end|p1a: System Of A Crown|Quark Drive|[silent]
|
|upkeep
|
|t:|1759078239
|switch|p1a: Apacherunt|Pecharunt|58/100
|turn|54
|j| Pa7riCK
|
|t:|1759078243
|move|p2a: Cinderace|Pyro Ball|p1a: Apacherunt|[miss]
|-miss|p2a: Cinderace|p1a: Apacherunt
|move|p1a: Apacherunt|Recover|p1a: Apacherunt
|-heal|p1a: Apacherunt|100/100
|
|upkeep
|turn|55
|
|t:|1759078246
|switch|p2a: Ting-Lu|Ting-Lu|66/100
|-ability|p2a: Ting-Lu|Vessel of Ruin
|move|p1a: Apacherunt|Toxic|p2a: Ting-Lu
|-status|p2a: Ting-Lu|tox
|-start|p2a: Ting-Lu|confusion|[from] ability: Poison Puppeteer|[of] p1a: Apacherunt
|
|-heal|p2a: Ting-Lu|73/100 tox|[from] item: Leftovers
|-damage|p2a: Ting-Lu|66/100 tox|[from] psn
|upkeep
|turn|56
|
|t:|1759078252
|switch|p2a: Ogerpon|Ogerpon, F|100/100
|move|p1a: Apacherunt|Parting Shot|p2a: Ogerpon
|-unboost|p2a: Ogerpon|atk|1
|-ability|p2a: Ogerpon|Defiant|boost
|-boost|p2a: Ogerpon|atk|2
|-unboost|p2a: Ogerpon|spa|1
|-ability|p2a: Ogerpon|Defiant|boost
|-boost|p2a: Ogerpon|atk|2
|
|t:|1759078255
|switch|p1a: Knoc Party|Lokix, F, tera:Dark|71/100|[from] Parting Shot
|
|upkeep
|turn|57
|
|t:|1759078262
|move|p2a: Ogerpon|Ivy Cudgel|p1a: Knoc Party
|-damage|p1a: Knoc Party|0 fnt
|faint|p1a: Knoc Party
|
|upkeep
|
|t:|1759078265
|switch|p1a: Irönhead|Kingambit, M|100/100
|-item|p1a: Irönhead|Air Balloon
|turn|58
|
|t:|1759078280
|move|p2a: Ogerpon|U-turn|p1a: Irönhead
|-damage|p1a: Irönhead|56/100
|-enditem|p1a: Irönhead|Air Balloon
|
|t:|1759078283
|switch|p2a: Ting-Lu|Ting-Lu|66/100 tox|[from] U-turn
|-ability|p2a: Ting-Lu|Vessel of Ruin
|move|p1a: Irönhead|Iron Head|p2a: Ting-Lu
|-damage|p2a: Ting-Lu|41/100 tox
|
|-heal|p2a: Ting-Lu|47/100 tox|[from] item: Leftovers
|-damage|p2a: Ting-Lu|41/100 tox|[from] psn
|upkeep
|turn|59
|
|t:|1759078303
|move|p1a: Irönhead|Iron Head|p2a: Ting-Lu
|-damage|p2a: Ting-Lu|14/100 tox
|cant|p2a: Ting-Lu|flinch
|
|-heal|p2a: Ting-Lu|20/100 tox|[from] item: Leftovers
|-damage|p2a: Ting-Lu|8/100 tox|[from] psn
|upkeep
|turn|60
|
|t:|1759078331
|switch|p2a: Cinderace|Cinderace, M|100/100
|move|p1a: Irönhead|Iron Head|p2a: Cinderace
|-resisted|p2a: Cinderace
|-damage|p2a: Cinderace|68/100
|
|upkeep
|turn|61
|
|t:|1759078340
|move|p1a: Irönhead|Sucker Punch|p2a: Cinderace
|-damage|p2a: Cinderace|12/100
|move|p2a: Cinderace|Pyro Ball|p1a: Irönhead
|-supereffective|p1a: Irönhead
|-damage|p1a: Irönhead|0 fnt
|faint|p1a: Irönhead
|
|upkeep
|
|t:|1759078364
|switch|p1a: Steely Don|Great Tusk|59/100
|turn|62
|
|t:|1759078367
|move|p2a: Cinderace|Pyro Ball|p1a: Steely Don
|-damage|p1a: Steely Don|0 fnt
|faint|p1a: Steely Don
|-end|p1a: Steely Don|Protosynthesis|[silent]
|
|upkeep
|
|t:|1759078370
|switch|p1a: Apacherunt|Pecharunt|100/100
|turn|63
|
|t:|1759078374
|move|p2a: Cinderace|Pyro Ball|p1a: Apacherunt|[miss]
|-miss|p2a: Cinderace|p1a: Apacherunt
|move|p1a: Apacherunt|Parting Shot|p2a: Cinderace
|-unboost|p2a: Cinderace|atk|1
|-unboost|p2a: Cinderace|spa|1
|
|upkeep
|turn|64
|
|t:|1759078379
|move|p2a: Cinderace|Pyro Ball|p1a: Apacherunt
|-damage|p1a: Apacherunt|75/100
|move|p1a: Apacherunt|Shadow Ball|p2a: Cinderace
|-crit|p2a: Cinderace
|-damage|p2a: Cinderace|0 fnt
|faint|p2a: Cinderace
|
|upkeep
|
|t:|1759078381
|switch|p2a: Ting-Lu|Ting-Lu|8/100 tox
|-ability|p2a: Ting-Lu|Vessel of Ruin
|turn|65
|
|t:|1759078384
|move|p1a: Apacherunt|Shadow Ball|p2a: Ting-Lu
|-resisted|p2a: Ting-Lu
|-damage|p2a: Ting-Lu|3/100 tox
|move|p2a: Ting-Lu|Rest|p2a: Ting-Lu
|-status|p2a: Ting-Lu|slp|[from] move: Rest
|-heal|p2a: Ting-Lu|100/100 slp|[silent]
|
|upkeep
|turn|66
|
|t:|1759078387
|move|p1a: Apacherunt|Parting Shot|p2a: Ting-Lu
|-unboost|p2a: Ting-Lu|atk|1
|-unboost|p2a: Ting-Lu|spa|1
|cant|p2a: Ting-Lu|slp
|move|p2a: Ting-Lu|Sleep Talk|p2a: Ting-Lu
|move|p2a: Ting-Lu|Earthquake|p1a: Apacherunt|[from] move: Sleep Talk
|-supereffective|p1a: Apacherunt
|-crit|p1a: Apacherunt
|-damage|p1a: Apacherunt|22/100
|
|upkeep
|turn|67
|
|t:|1759078391
|switch|p2a: Ogerpon|Ogerpon, F|100/100
|move|p1a: Apacherunt|Recover|p1a: Apacherunt
|-heal|p1a: Apacherunt|72/100
|
|upkeep
|turn|68
|
|t:|1759078395
|move|p2a: Ogerpon|Encore|p1a: Apacherunt
|-start|p1a: Apacherunt|Encore
|move|p1a: Apacherunt|Recover|p1a: Apacherunt
|-heal|p1a: Apacherunt|100/100
|
|upkeep
|turn|69
|c|☆Swagataka|gg
|c|☆Sirpeanutcronch|gg
|-message|Swagataka forfeited.
|
|win|Sirpeanutcronch
|raw|Swagataka's rating: 1763 &rarr; <strong>1749</strong><br />(-14 for losing)
|raw|Sirpeanutcronch's rating: 1870 &rarr; <strong>1884</strong><br />(+14 for winning)
|l|☆Swagataka
|player|p1|
|l|☆Sirpeanutcronch
|player|p2|
|l| wgw2333
|l| Rizzofreko
