|j|☆top ofsilver
|j|☆harc
|t:|1758980353
|gametype|singles
|player|p1|top ofsilver|102|1253
|player|p2|harc|ninjaboy|1247
|gen|9
|tier|[Gen 9] OU
|rated|
|rule|HP Percentage Mod: HP is shown in percentages
|rule|Endless Battle Clause: Forcing endless battles is banned
|rule|Species Clause: Limit one of each Pokémon
|rule|OHKO Clause: OHKO moves are banned
|rule|Evasion Items Clause: Evasion items are banned
|rule|Evasion Moves Clause: Evasion moves are banned
|rule|Evasion Abilities Clause: Evasion abilities are banned
|rule|Sleep Moves Clause: Sleep-inducing moves are banned
|clearpoke
|poke|p1|Garganacl, F|
|poke|p1|Corviknight, F|
|poke|p1|Walking Wake|
|poke|p1|Blissey, F|
|poke|p1|Glimmora, F|
|poke|p1|Moltres|
|poke|p2|Corviknight, M|
|poke|p2|Clefable, M|
|poke|p2|Tyranitar, F|
|poke|p2|Hippowdon, F|
|poke|p2|Excadrill, F|
|poke|p2|Reuniclus, F|
|teampreview
|inactive|Battle timer is ON: inactive players will automatically lose when time's up. (requested by top ofsilver)
|
|t:|1758980390
|teamsize|p1|6
|teamsize|p2|6
|start
|switch|p1a: Glimmora|Glimmora, F|100/100
|switch|p2a: Hippowdon|Hippowdon, F|100/100
|-weather|Sandstorm|[from] ability: Sand Stream|[of] p2a: Hippowdon
|turn|1
|
|t:|1758980400
|switch|p1a: Corviknight|Corviknight, F|100/100
|-ability|p1a: Corviknight|Pressure
|move|p2a: Hippowdon|Stealth Rock|p1a: Corviknight
|-sidestart|p1: top ofsilver|move: Stealth Rock
|
|-weather|Sandstorm|[upkeep]
|upkeep
|turn|2
|
|t:|1758980409
|move|p1a: Corviknight|Defog|p2a: Hippowdon
|-unboost|p2a: Hippowdon|evasion|1
|-sideend|p1: top ofsilver|Stealth Rock|[from] move: Defog|[of] p1a: Corviknight
|move|p2a: Hippowdon|Roar|p1a: Corviknight
|drag|p1a: Garganacl|Garganacl, F|100/100
|
|-weather|Sandstorm|[upkeep]
|upkeep
|turn|3
|
|t:|1758980417
|switch|p2a: Reuniclus|Reuniclus, F|100/100
|move|p1a: Garganacl|Salt Cure|p2a: Reuniclus
|-damage|p2a: Reuniclus|91/100
|-start|p2a: Reuniclus|Salt Cure
|
|-weather|Sandstorm|[upkeep]
|upkeep
|turn|4
|
|t:|1758980435
|switch|p1a: Blissey|Blissey, F|100/100
|move|p2a: Reuniclus|Calm Mind|p2a: Reuniclus
|-boost|p2a: Reuniclus|spa|1
|-boost|p2a: Reuniclus|spd|1
|
|-weather|Sandstorm|[upkeep]
|-damage|p1a: Blissey|94/100|[from] Sandstorm
|-heal|p1a: Blissey|100/100|[from] item: Leftovers
|upkeep
|turn|5
|
|t:|1758980456
|switch|p2a: Excadrill|Excadrill, F|100/100
|move|p1a: Blissey|Thunder Wave|p2a: Excadrill
|-immune|p2a: Excadrill
|
|-weather|Sandstorm|[upkeep]
|-damage|p1a: Blissey|94/100|[from] Sandstorm
|-heal|p1a: Blissey|100/100|[from] item: Leftovers
|upkeep
|turn|6
|inactive|harc has 120 seconds left.
|
|t:|1758980472
|switch|p1a: Corviknight|Corviknight, F|100/100
|-ability|p1a: Corviknight|Pressure
|move|p2a: Excadrill|Swords Dance|p2a: Excadrill
|-boost|p2a: Excadrill|atk|2
|
|-weather|Sandstorm|[upkeep]
|upkeep
|turn|7
|
|t:|1758980481
|switch|p2a: Hippowdon|Hippowdon, F|100/100
|move|p1a: Corviknight|Body Press|p2a: Hippowdon
|-damage|p2a: Hippowdon|85/100
|
|-weather|Sandstorm|[upkeep]
|upkeep
|turn|8
|
|t:|1758980503
|move|p1a: Corviknight|Body Press|p2a: Hippowdon
|-damage|p2a: Hippowdon|72/100
|move|p2a: Hippowdon|Stealth Rock|p1a: Corviknight
|-sidestart|p1: top ofsilver|move: Stealth Rock
|
|-weather|none
|upkeep
|turn|9
|
|t:|1758980512
|move|p1a: Corviknight|Defog|p2a: Hippowdon
|-unboost|p2a: Hippowdon|evasion|1
|-sideend|p1: top ofsilver|Stealth Rock|[from] move: Defog|[of] p1a: Corviknight
|move|p2a: Hippowdon|Slack Off|p2a: Hippowdon
|-heal|p2a: Hippowdon|100/100
|
|upkeep
|turn|10
|
|t:|1758980519
|move|p1a: Corviknight|U-turn|p2a: Hippowdon
|-damage|p2a: Hippowdon|93/100
|
|t:|1758980521
|switch|p1a: Walking Wake|Walking Wake|100/100|[from] U-turn
|move|p2a: Hippowdon|Roar|p1a: Walking Wake
|-end|p1a: Walking Wake|Protosynthesis|[silent]
|drag|p1a: Glimmora|Glimmora, F|100/100
|
|upkeep
|turn|11
|
|t:|1758980539
|switch|p1a: Corviknight|Corviknight, F|100/100
|-ability|p1a: Corviknight|Pressure
|move|p2a: Hippowdon|Earthquake|p1a: Corviknight
|-immune|p1a: Corviknight
|
|upkeep
|turn|12
|
|t:|1758980556
|move|p1a: Corviknight|Body Press|p2a: Hippowdon
|-damage|p2a: Hippowdon|79/100
|move|p2a: Hippowdon|Roar|p1a: Corviknight
|drag|p1a: Blissey|Blissey, F|100/100
|
|upkeep
|turn|13
|
|t:|1758980570
|switch|p1a: Corviknight|Corviknight, F|100/100
|-ability|p1a: Corviknight|Pressure
|move|p2a: Hippowdon|Stealth Rock|p1a: Corviknight
|-sidestart|p1: top ofsilver|move: Stealth Rock
|
|upkeep
|turn|14
|
|t:|1758980581
|switch|p2a: Corviknight|Corviknight, M|100/100
|move|p1a: Corviknight|Defog|p2a: Corviknight
|-ability|p2a: Corviknight|Mirror Armor
|-unboost|p1a: Corviknight|evasion|1
|-sideend|p1: top ofsilver|Stealth Rock|[from] move: Defog|[of] p1a: Corviknight
|
|upkeep
|turn|15
|inactive|harc has 120 seconds left.
|
|t:|1758980606
|switch|p1a: Moltres|Moltres|100/100
|move|p2a: Corviknight|Bulk Up|p2a: Corviknight
|-boost|p2a: Corviknight|atk|1
|-boost|p2a: Corviknight|def|1
|
|upkeep
|turn|16
|
|t:|1758980612
|switch|p2a: Reuniclus|Reuniclus, F|91/100
|move|p1a: Moltres|Flamethrower|p2a: Reuniclus
|-damage|p2a: Reuniclus|56/100
|
|upkeep
|turn|17
|
|t:|1758980618
|move|p1a: Moltres|U-turn|p2a: Reuniclus
|-supereffective|p2a: Reuniclus
|-damage|p2a: Reuniclus|34/100
|
|t:|1758980623
|switch|p1a: Blissey|Blissey, F|100/100|[from] U-turn
|move|p2a: Reuniclus|Calm Mind|p2a: Reuniclus
|-boost|p2a: Reuniclus|spa|1
|-boost|p2a: Reuniclus|spd|1
|
|upkeep
|turn|18
|
|t:|1758980642
|switch|p2a: Excadrill|Excadrill, F|100/100
|move|p1a: Blissey|Seismic Toss|p2a: Excadrill
|-damage|p2a: Excadrill|73/100
|
|upkeep
|turn|19
|
|t:|1758980649
|switch|p1a: Corviknight|Corviknight, F|100/100
|-ability|p1a: Corviknight|Pressure
|move|p2a: Excadrill|Iron Head|p1a: Corviknight
|-resisted|p1a: Corviknight
|-damage|p1a: Corviknight|87/100
|
|-heal|p1a: Corviknight|93/100|[from] item: Leftovers
|upkeep
|turn|20
|
|t:|1758980667
|switch|p2a: Clefable|Clefable, M|100/100
|move|p1a: Corviknight|U-turn|p2a: Clefable
|-resisted|p2a: Clefable
|-damage|p2a: Clefable|95/100
|
|t:|1758980672
|switch|p1a: Glimmora|Glimmora, F|100/100|[from] U-turn
|
|-heal|p2a: Clefable|100/100|[from] item: Leftovers
|upkeep
|turn|21
|
|t:|1758980683
|move|p2a: Clefable|Protect|p2a: Clefable
|-singleturn|p2a: Clefable|Protect
|move|p1a: Glimmora|Sludge Bomb|p2a: Clefable
|-activate|p2a: Clefable|move: Protect
|
|upkeep
|turn|22
|
|t:|1758980694
|switch|p1a: Walking Wake|Walking Wake|100/100
|-terastallize|p2a: Clefable|Steel
|move|p2a: Clefable|Thunder Wave|p1a: Walking Wake
|-status|p1a: Walking Wake|par
|
|upkeep
|turn|23
|
|t:|1758980703
|move|p1a: Walking Wake|Flamethrower|p2a: Clefable
|-supereffective|p2a: Clefable
|-damage|p2a: Clefable|10/100
|move|p2a: Clefable|Wish|p2a: Clefable
|
|-heal|p2a: Clefable|16/100|[from] item: Leftovers
|upkeep
|turn|24
|
|t:|1758980720
|switch|p2a: Hippowdon|Hippowdon, F|79/100
|-weather|Sandstorm|[from] ability: Sand Stream|[of] p2a: Hippowdon
|cant|p1a: Walking Wake|par
|
|-weather|Sandstorm|[upkeep]
|-damage|p1a: Walking Wake|94/100 par|[from] Sandstorm
|-heal|p2a: Hippowdon|100/100|[from] move: Wish|[wisher] Clefable
|upkeep
|turn|25
|
|t:|1758980733
|-end|p1a: Walking Wake|Protosynthesis|[silent]
|switch|p1a: Corviknight|Corviknight, F|93/100
|-ability|p1a: Corviknight|Pressure
|move|p2a: Hippowdon|Stealth Rock|p1a: Corviknight
|-sidestart|p1: top ofsilver|move: Stealth Rock
|
|-weather|Sandstorm|[upkeep]
|-heal|p1a: Corviknight|99/100|[from] item: Leftovers
|upkeep
|turn|26
|inactive|harc has 120 seconds left.
|
|t:|1758980761
|switch|p2a: Corviknight|Corviknight, M|100/100
|move|p1a: Corviknight|Defog|p2a: Corviknight
|-ability|p2a: Corviknight|Mirror Armor
|-unboost|p1a: Corviknight|evasion|1
|-sideend|p1: top ofsilver|Stealth Rock|[from] move: Defog|[of] p1a: Corviknight
|
|-weather|Sandstorm|[upkeep]
|-heal|p1a: Corviknight|100/100|[from] item: Leftovers
|upkeep
|turn|27
|inactive|harc has 120 seconds left.
|
|t:|1758980773
|move|p1a: Corviknight|U-turn|p2a: Corviknight
|-resisted|p2a: Corviknight
|-damage|p2a: Corviknight|98/100
|
|t:|1758980776
|switch|p1a: Moltres|Moltres|100/100|[from] U-turn
|move|p2a: Corviknight|Bulk Up|p2a: Corviknight
|-boost|p2a: Corviknight|atk|1
|-boost|p2a: Corviknight|def|1
|
|-weather|Sandstorm|[upkeep]
|-damage|p1a: Moltres|94/100|[from] Sandstorm
|upkeep
|turn|28
|
|t:|1758980791
|move|p1a: Moltres|Flamethrower|p2a: Corviknight
|-supereffective|p2a: Corviknight
|-damage|p2a: Corviknight|46/100
|-enditem|p2a: Corviknight|Weakness Policy
|-boost|p2a: Corviknight|atk|2|[from] item: Weakness Policy
|-boost|p2a: Corviknight|spa|2|[from] item: Weakness Policy
|move|p2a: Corviknight|Power Trip|p1a: Moltres
|-damage|p1a: Moltres|49/100
|
|-weather|Sandstorm|[upkeep]
|-damage|p1a: Moltres|43/100|[from] Sandstorm
|upkeep
|turn|29
|
|t:|1758980803
|move|p1a: Moltres|Flamethrower|p2a: Corviknight
|-supereffective|p2a: Corviknight
|-damage|p2a: Corviknight|0 fnt
|faint|p2a: Corviknight
|
|-weather|Sandstorm|[upkeep]
|-damage|p1a: Moltres|36/100|[from] Sandstorm
|upkeep
|
|t:|1758980810
|switch|p2a: Reuniclus|Reuniclus, F|34/100
|turn|30
|
|t:|1758980813
|move|p1a: Moltres|U-turn|p2a: Reuniclus
|-supereffective|p2a: Reuniclus
|-damage|p2a: Reuniclus|12/100
|
|t:|1758980822
|switch|p1a: Blissey|Blissey, F|100/100|[from] U-turn
|move|p2a: Reuniclus|Recover|p2a: Reuniclus
|-heal|p2a: Reuniclus|62/100
|
|-weather|Sandstorm|[upkeep]
|-damage|p1a: Blissey|94/100|[from] Sandstorm
|-heal|p1a: Blissey|100/100|[from] item: Leftovers
|upkeep
|turn|31
|
|t:|1758980834
|switch|p2a: Excadrill|Excadrill, F|73/100
|move|p1a: Blissey|Seismic Toss|p2a: Excadrill
|-damage|p2a: Excadrill|45/100
|
|-weather|none
|upkeep
|turn|32
|
|t:|1758980841
|switch|p1a: Corviknight|Corviknight, F|100/100
|-ability|p1a: Corviknight|Pressure
|move|p2a: Excadrill|Rapid Spin|p1a: Corviknight
|-resisted|p1a: Corviknight
|-damage|p1a: Corviknight|94/100
|-boost|p2a: Excadrill|spe|1
|
|-heal|p1a: Corviknight|100/100|[from] item: Leftovers
|upkeep
|turn|33
|
|t:|1758980857
|move|p2a: Excadrill|Swords Dance|p2a: Excadrill
|-boost|p2a: Excadrill|atk|2
|move|p1a: Corviknight|U-turn|p2a: Excadrill
|-resisted|p2a: Excadrill
|-damage|p2a: Excadrill|34/100
|
|t:|1758980881
|switch|p1a: Moltres|Moltres|36/100|[from] U-turn
|
|upkeep
|turn|34
|
|t:|1758980888
|move|p2a: Excadrill|Iron Head|p1a: Moltres
|-resisted|p1a: Moltres
|-damage|p1a: Moltres|2/100
|move|p1a: Moltres|Flamethrower|p2a: Excadrill
|-supereffective|p2a: Excadrill
|-damage|p2a: Excadrill|0 fnt
|faint|p2a: Excadrill
|
|upkeep
|
|t:|1758980895
|switch|p2a: Tyranitar|Tyranitar, F|100/100
|-weather|Sandstorm|[from] ability: Sand Stream|[of] p2a: Tyranitar
|turn|35
|
|t:|1758980902
|move|p1a: Moltres|U-turn|p2a: Tyranitar
|-supereffective|p2a: Tyranitar
|-damage|p2a: Tyranitar|79/100
|
|t:|1758980905
|switch|p1a: Corviknight|Corviknight, F|100/100|[from] U-turn
|-ability|p1a: Corviknight|Pressure
|move|p2a: Tyranitar|Stone Edge|p1a: Corviknight
|-damage|p1a: Corviknight|75/100
|
|-weather|Sandstorm|[upkeep]
|-heal|p1a: Corviknight|81/100|[from] item: Leftovers
|upkeep
|turn|36
|inactive|harc has 120 seconds left.
|
|t:|1758980940
|switch|p2a: Hippowdon|Hippowdon, F|100/100
|move|p1a: Corviknight|Body Press|p2a: Hippowdon
|-damage|p2a: Hippowdon|88/100
|
|-weather|Sandstorm|[upkeep]
|-heal|p1a: Corviknight|87/100|[from] item: Leftovers
|upkeep
|turn|37
|
|t:|1758980953
|move|p1a: Corviknight|Body Press|p2a: Hippowdon
|-damage|p2a: Hippowdon|74/100
|move|p2a: Hippowdon|Stealth Rock|p1a: Corviknight
|-sidestart|p1: top ofsilver|move: Stealth Rock
|
|-weather|Sandstorm|[upkeep]
|-heal|p1a: Corviknight|94/100|[from] item: Leftovers
|upkeep
|turn|38
|
|t:|1758980964
|move|p1a: Corviknight|Defog|p2a: Hippowdon
|-unboost|p2a: Hippowdon|evasion|1
|-sideend|p1: top ofsilver|Stealth Rock|[from] move: Defog|[of] p1a: Corviknight
|move|p2a: Hippowdon|Roar|p1a: Corviknight
|drag|p1a: Blissey|Blissey, F|100/100
|
|-weather|Sandstorm|[upkeep]
|-damage|p1a: Blissey|94/100|[from] Sandstorm
|-heal|p1a: Blissey|100/100|[from] item: Leftovers
|upkeep
|turn|39
|inactive|harc has 120 seconds left.
|
|t:|1758980981
|switch|p1a: Corviknight|Corviknight, F|94/100
|-ability|p1a: Corviknight|Pressure
|move|p2a: Hippowdon|Stealth Rock|p1a: Corviknight
|-sidestart|p1: top ofsilver|move: Stealth Rock
|
|-weather|none
|-heal|p1a: Corviknight|99/100|[from] item: Leftovers
|upkeep
|turn|40
|
|t:|1758980989
|switch|p2a: Clefable|Clefable, M, tera:Steel|16/100
|move|p1a: Corviknight|Defog|p2a: Clefable
|-unboost|p2a: Clefable|evasion|1
|-sideend|p1: top ofsilver|Stealth Rock|[from] move: Defog|[of] p1a: Corviknight
|
|-heal|p1a: Corviknight|100/100|[from] item: Leftovers
|-heal|p2a: Clefable|22/100|[from] item: Leftovers
|upkeep
|turn|41
|
|t:|1758980996
|move|p2a: Clefable|Protect|p2a: Clefable
|-singleturn|p2a: Clefable|Protect
|move|p1a: Corviknight|Body Press|p2a: Clefable
|-activate|p2a: Clefable|move: Protect
|
|-heal|p2a: Clefable|28/100|[from] item: Leftovers
|upkeep
|turn|42
|
|t:|1758981006
|switch|p2a: Hippowdon|Hippowdon, F|74/100
|-weather|Sandstorm|[from] ability: Sand Stream|[of] p2a: Hippowdon
|move|p1a: Corviknight|U-turn|p2a: Hippowdon
|-damage|p2a: Hippowdon|67/100
|
|t:|1758981009
|switch|p1a: Walking Wake|Walking Wake|94/100 par|[from] U-turn
|
|-weather|Sandstorm|[upkeep]
|-damage|p1a: Walking Wake|88/100 par|[from] Sandstorm
|upkeep
|turn|43
|
|t:|1758981021
|move|p1a: Walking Wake|Hydro Steam|p2a: Hippowdon
|-supereffective|p2a: Hippowdon
|-damage|p2a: Hippowdon|0 fnt
|faint|p2a: Hippowdon
|
|-weather|Sandstorm|[upkeep]
|-damage|p1a: Walking Wake|82/100 par|[from] Sandstorm
|upkeep
|
|t:|1758981030
|switch|p2a: Clefable|Clefable, M, tera:Steel|28/100
|turn|44
|
|t:|1758981035
|move|p1a: Walking Wake|Hydro Steam|p2a: Clefable
|-damage|p2a: Clefable|0 fnt
|faint|p2a: Clefable
|
|-weather|Sandstorm|[upkeep]
|-damage|p1a: Walking Wake|76/100 par|[from] Sandstorm
|upkeep
|
|t:|1758981048
|switch|p2a: Tyranitar|Tyranitar, F|79/100
|turn|45
|
|t:|1758981052
|-end|p1a: Walking Wake|Protosynthesis|[silent]
|switch|p1a: Corviknight|Corviknight, F|100/100
|-ability|p1a: Corviknight|Pressure
|move|p2a: Tyranitar|Knock Off|p1a: Corviknight
|-damage|p1a: Corviknight|74/100
|-enditem|p1a: Corviknight|Leftovers|[from] move: Knock Off|[of] p2a: Tyranitar
|
|-weather|Sandstorm|[upkeep]
|upkeep
|turn|46
|
|t:|1758981062
|move|p1a: Corviknight|Body Press|p2a: Tyranitar
|-supereffective|p2a: Tyranitar
|-damage|p2a: Tyranitar|0 fnt
|faint|p2a: Tyranitar
|
|-weather|Sandstorm|[upkeep]
|upkeep
|
|t:|1758981067
|switch|p2a: Reuniclus|Reuniclus, F|62/100
|turn|47
|
|t:|1758981071
|move|p1a: Corviknight|U-turn|p2a: Reuniclus
|-supereffective|p2a: Reuniclus
|-crit|p2a: Reuniclus
|-damage|p2a: Reuniclus|34/100
|
|t:|1758981073
|switch|p1a: Blissey|Blissey, F|100/100|[from] U-turn
|move|p2a: Reuniclus|Recover|p2a: Reuniclus
|-heal|p2a: Reuniclus|84/100
|
|-weather|Sandstorm|[upkeep]
|-damage|p1a: Blissey|94/100|[from] Sandstorm
|-heal|p1a: Blissey|100/100|[from] item: Leftovers
|upkeep
|turn|48
|
|t:|1758981081
|move|p1a: Blissey|Thunder Wave|p2a: Reuniclus
|-status|p2a: Reuniclus|par
|move|p2a: Reuniclus|Calm Mind|p2a: Reuniclus
|-boost|p2a: Reuniclus|spa|1
|-boost|p2a: Reuniclus|spd|1
|
|-weather|Sandstorm|[upkeep]
|-damage|p1a: Blissey|94/100|[from] Sandstorm
|-heal|p1a: Blissey|100/100|[from] item: Leftovers
|upkeep
|turn|49
|
|t:|1758981094
|move|p1a: Blissey|Seismic Toss|p2a: Reuniclus
|-damage|p2a: Reuniclus|61/100 par
|move|p2a: Reuniclus|Calm Mind|p2a: Reuniclus
|-boost|p2a: Reuniclus|spa|1
|-boost|p2a: Reuniclus|spd|1
|
|-weather|none
|upkeep
|turn|50
|
|t:|1758981101
|move|p1a: Blissey|Seismic Toss|p2a: Reuniclus
|-damage|p2a: Reuniclus|37/100 par
|move|p2a: Reuniclus|Recover|p2a: Reuniclus
|-heal|p2a: Reuniclus|87/100 par
|
|upkeep
|turn|51
|
|t:|1758981107
|move|p1a: Blissey|Seismic Toss|p2a: Reuniclus
|-damage|p2a: Reuniclus|64/100 par
|move|p2a: Reuniclus|Calm Mind|p2a: Reuniclus
|-boost|p2a: Reuniclus|spa|1
|-boost|p2a: Reuniclus|spd|1
|
|upkeep
|turn|52
|
|t:|1758981114
|move|p1a: Blissey|Seismic Toss|p2a: Reuniclus
|-damage|p2a: Reuniclus|40/100 par
|move|p2a: Reuniclus|Calm Mind|p2a: Reuniclus
|-boost|p2a: Reuniclus|spa|1
|-boost|p2a: Reuniclus|spd|1
|
|upkeep
|turn|53
|
|t:|1758981120
|move|p1a: Blissey|Seismic Toss|p2a: Reuniclus
|-damage|p2a: Reuniclus|17/100 par
|move|p2a: Reuniclus|Recover|p2a: Reuniclus
|-heal|p2a: Reuniclus|67/100 par
|
|upkeep
|turn|54
|
|t:|1758981126
|move|p1a: Blissey|Seismic Toss|p2a: Reuniclus
|-damage|p2a: Reuniclus|43/100 par
|cant|p2a: Reuniclus|par
|
|upkeep
|turn|55
|
|t:|1758981131
|move|p1a: Blissey|Seismic Toss|p2a: Reuniclus
|-damage|p2a: Reuniclus|19/100 par
|move|p2a: Reuniclus|Recover|p2a: Reuniclus
|-heal|p2a: Reuniclus|69/100 par
|
|upkeep
|turn|56
|
|t:|1758981136
|move|p1a: Blissey|Seismic Toss|p2a: Reuniclus
|-damage|p2a: Reuniclus|46/100 par
|move|p2a: Reuniclus|Recover|p2a: Reuniclus
|-heal|p2a: Reuniclus|96/100 par
|
|upkeep
|turn|57
|
|t:|1758981143
|move|p1a: Blissey|Seismic Toss|p2a: Reuniclus
|-damage|p2a: Reuniclus|72/100 par
|move|p2a: Reuniclus|Psychic Noise|p1a: Blissey
|-damage|p1a: Blissey|63/100
|-start|p1a: Blissey|move: Heal Block
|
|upkeep
|turn|58
|
|t:|1758981151
|move|p1a: Blissey|Seismic Toss|p2a: Reuniclus
|-damage|p2a: Reuniclus|49/100 par
|move|p2a: Reuniclus|Psychic Noise|p1a: Blissey
|-damage|p1a: Blissey|28/100
|
|-end|p1a: Blissey|move: Heal Block
|upkeep
|turn|59
|
|t:|1758981163
|move|p1a: Blissey|Seismic Toss|p2a: Reuniclus
|-damage|p2a: Reuniclus|25/100 par
|move|p2a: Reuniclus|Psychic Noise|p1a: Blissey
|-damage|p1a: Blissey|0 fnt
|faint|p1a: Blissey
|
|upkeep
|
|t:|1758981174
|switch|p1a: Moltres|Moltres|2/100
|turn|60
|
|t:|1758981177
|move|p1a: Moltres|U-turn|p2a: Reuniclus
|-supereffective|p2a: Reuniclus
|-damage|p2a: Reuniclus|7/100 par
|
|t:|1758981180
|switch|p1a: Corviknight|Corviknight, F|74/100|[from] U-turn
|-ability|p1a: Corviknight|Pressure
|move|p2a: Reuniclus|Recover|p2a: Reuniclus
|-heal|p2a: Reuniclus|57/100 par
|
|upkeep
|turn|61
|
|t:|1758981187
|move|p1a: Corviknight|U-turn|p2a: Reuniclus
|-supereffective|p2a: Reuniclus
|-damage|p2a: Reuniclus|36/100 par
|
|t:|1758981190
|switch|p1a: Moltres|Moltres|2/100|[from] U-turn
|move|p2a: Reuniclus|Recover|p2a: Reuniclus
|-heal|p2a: Reuniclus|86/100 par
|
|upkeep
|turn|62
|
|t:|1758981199
|move|p1a: Moltres|U-turn|p2a: Reuniclus
|-supereffective|p2a: Reuniclus
|-damage|p2a: Reuniclus|66/100 par
|
|t:|1758981201
|switch|p1a: Corviknight|Corviknight, F|74/100|[from] U-turn
|-ability|p1a: Corviknight|Pressure
|move|p2a: Reuniclus|Tera Blast|p1a: Corviknight
|-resisted|p1a: Corviknight
|-damage|p1a: Corviknight|31/100
|
|upkeep
|turn|63
|
|t:|1758981210
|move|p1a: Corviknight|Roost|p1a: Corviknight
|-heal|p1a: Corviknight|81/100
|-singleturn|p1a: Corviknight|move: Roost
|move|p2a: Reuniclus|Psychic Noise|p1a: Corviknight
|-resisted|p1a: Corviknight
|-damage|p1a: Corviknight|20/100
|-start|p1a: Corviknight|move: Heal Block
|
|upkeep
|turn|64
|
|t:|1758981219
|move|p1a: Corviknight|U-turn|p2a: Reuniclus
|-supereffective|p2a: Reuniclus
|-damage|p2a: Reuniclus|44/100 par
|
|t:|1758981221
|switch|p1a: Moltres|Moltres|2/100|[from] U-turn
|cant|p2a: Reuniclus|par
|
|upkeep
|turn|65
|
|t:|1758981231
|move|p1a: Moltres|U-turn|p2a: Reuniclus
|-supereffective|p2a: Reuniclus
|-damage|p2a: Reuniclus|22/100 par
|
|t:|1758981233
|switch|p1a: Glimmora|Glimmora, F|100/100|[from] U-turn
|move|p2a: Reuniclus|Psychic Noise|p1a: Glimmora
|-supereffective|p1a: Glimmora
|-enditem|p1a: Glimmora|Focus Sash
|-damage|p1a: Glimmora|1/100
|-start|p1a: Glimmora|move: Heal Block
|
|upkeep
|turn|66
|
|t:|1758981242
|move|p1a: Glimmora|Mortal Spin|p2a: Reuniclus
|-damage|p2a: Reuniclus|18/100 par
|move|p2a: Reuniclus|Psychic Noise|p1a: Glimmora
|-supereffective|p1a: Glimmora
|-damage|p1a: Glimmora|0 fnt
|faint|p1a: Glimmora
|
|upkeep
|
|t:|1758981246
|switch|p1a: Moltres|Moltres|2/100
|turn|67
|
|t:|1758981250
|move|p1a: Moltres|U-turn|p2a: Reuniclus
|-supereffective|p2a: Reuniclus
|-damage|p2a: Reuniclus|0 fnt
|faint|p2a: Reuniclus
|
|win|top ofsilver
|raw|top ofsilver's rating: 1253 &rarr; <strong>1278</strong><br />(+25 for winning)
|raw|harc's rating: 1247 &rarr; <strong>1222</strong><br />(-25 for losing)
|l|☆harc
|player|p2|
