|j|☆capitolg
|j|☆baicaott
|t:|1759071623
|gametype|singles
|player|p1|capitolg|bellelba|1060
|player|p2|baicaott|steven|1080
|gen|9
|tier|[Gen 9] OU
|rated|
|rule|HP Percentage Mod: HP is shown in percentages
|rule|Endless Battle Clause: Forcing endless battles is banned
|rule|Species Clause: Limit one of each Pokémon
|rule|OHKO Clause: OHKO moves are banned
|rule|Evasion Items Clause: Evasion items are banned
|rule|Evasion Moves Clause: Evasion moves are banned
|rule|Evasion Abilities Clause: Evasion abilities are banned
|rule|Sleep Moves Clause: Sleep-inducing moves are banned
|clearpoke
|poke|p1|Masquerain, M|
|poke|p1|Articuno-Galar|
|poke|p1|Smeargle, F|
|poke|p1|Empoleon, F|
|poke|p1|Passimian, F|
|poke|p1|Chandelure, F|
|poke|p2|Ursaluna, F|
|poke|p2|Cinderace, M|
|poke|p2|Mimikyu, M|
|poke|p2|Tornadus-Therian, M|
|poke|p2|Skarmory, M|
|poke|p2|Riolu, M|
|teampreview
|
|t:|1759071626
|teamsize|p1|6
|teamsize|p2|6
|start
|switch|p1a: Masquerain|Masquerain, M|100/100
|switch|p2a: Skarmory|Skarmory, M|100/100
|-ability|p1a: Masquerain|Intimidate|boost
|-unboost|p2a: Skarmory|atk|1
|turn|1
|
|t:|1759071638
|switch|p2a: Ursaluna|Ursaluna, F|100/100
|move|p1a: Masquerain|Sticky Web|p2a: Ursaluna
|-sidestart|p2: baicaott|move: Sticky Web
|
|-status|p2a: Ursaluna|brn|[from] item: Flame Orb
|upkeep
|turn|2
|
|t:|1759071650
|move|p1a: Masquerain|Ice Beam|p2a: Ursaluna
|-supereffective|p2a: Ursaluna
|-damage|p2a: Ursaluna|54/100 brn
|move|p2a: Ursaluna|Ice Punch|p1a: Masquerain
|-supereffective|p1a: Masquerain
|-enditem|p1a: Masquerain|Focus Sash
|-damage|p1a: Masquerain|1/100
|
|-damage|p2a: Ursaluna|48/100 brn|[from] brn
|upkeep
|turn|3
|
|t:|1759071661
|move|p1a: Masquerain|Ice Beam|p2a: Ursaluna
|-supereffective|p2a: Ursaluna
|-damage|p2a: Ursaluna|0 fnt
|faint|p2a: Ursaluna
|
|upkeep
|
|t:|1759071668
|switch|p2a: Cinderace|Cinderace, M|100/100
|-activate|p2a: Cinderace|move: Sticky Web
|-unboost|p2a: Cinderace|spe|1
|turn|4
|
|t:|1759071673
|move|p2a: Cinderace|Trailblaze|p1a: Masquerain
|-start|p2a: Cinderace|typechange|Grass|[from] ability: Libero
|-resisted|p1a: Masquerain
|-damage|p1a: Masquerain|0 fnt
|-boost|p2a: Cinderace|spe|1
|faint|p1a: Masquerain
|-damage|p2a: Cinderace|91/100|[from] item: Life Orb
|
|upkeep
|
|t:|1759071678
|switch|p1a: Chandelure|Chandelure, F|100/100
|turn|5
|
|t:|1759071687
|move|p2a: Cinderace|Acrobatics|p1a: Chandelure
|-damage|p1a: Chandelure|75/100
|-damage|p2a: Cinderace|81/100|[from] item: Life Orb
|move|p1a: Chandelure|Flamethrower|p2a: Cinderace
|-supereffective|p2a: Cinderace
|-damage|p2a: Cinderace|0 fnt
|faint|p2a: Cinderace
|
|upkeep
|
|t:|1759071696
|switch|p2a: Skarmory|Skarmory, M|100/100
|turn|6
|
|t:|1759071701
|move|p1a: Chandelure|Flamethrower|p2a: Skarmory
|-supereffective|p2a: Skarmory
|-ability|p2a: Skarmory|Sturdy
|-damage|p2a: Skarmory|1/100
|move|p2a: Skarmory|Fly||[still]
|-prepare|p2a: Skarmory|Fly
|
|-damage|p2a: Skarmory|0 fnt|[from] item: Black Sludge
|faint|p2a: Skarmory
|upkeep
|
|t:|1759071711
|switch|p2a: Riolu|Riolu, M, shiny|100/100
|-activate|p2a: Riolu|move: Sticky Web
|-unboost|p2a: Riolu|spe|1
|turn|7
|
|t:|1759071718
|-terastallize|p2a: Riolu|Flying
|move|p2a: Riolu|Copycat|p2a: Riolu
|move|p2a: Riolu|Fly||[from] move: Copycat|[still]
|-prepare|p2a: Riolu|Fly
|move|p1a: Chandelure|Flamethrower|p2a: Riolu|[miss]
|-miss|p1a: Chandelure|p2a: Riolu
|
|upkeep
|turn|8
|
|t:|1759071726
|move|p1a: Chandelure|Shadow Ball|p2a: Riolu|[miss]
|-miss|p1a: Chandelure|p2a: Riolu
|move|p2a: Riolu|Fly|p1a: Chandelure|[from] lockedmove
|-damage|p1a: Chandelure|32/100
|
|upkeep
|turn|9
|
|t:|1759071735
|move|p2a: Riolu|Copycat|p2a: Riolu
|move|p2a: Riolu|Fly||[from] move: Copycat|[still]
|-prepare|p2a: Riolu|Fly
|move|p1a: Chandelure|Shadow Ball|p2a: Riolu|[miss]
|-miss|p1a: Chandelure|p2a: Riolu
|
|upkeep
|turn|10
|
|t:|1759071742
|move|p1a: Chandelure|Shadow Ball|p2a: Riolu|[miss]
|-miss|p1a: Chandelure|p2a: Riolu
|move|p2a: Riolu|Fly|p1a: Chandelure|[from] lockedmove
|-damage|p1a: Chandelure|0 fnt
|faint|p1a: Chandelure
|
|upkeep
|
|t:|1759071746
|switch|p1a: Smeargle|Smeargle, F|100/100
|turn|11
|
|t:|1759071753
|move|p1a: Smeargle|Burning Bulwark|p1a: Smeargle
|-singleturn|p1a: Smeargle|move: Protect
|move|p2a: Riolu|Copycat||[still]
|-fail|p2a: Riolu
|
|upkeep
|turn|12
|
|t:|1759071764
|move|p1a: Smeargle|Court Change|p1a: Smeargle
|-swapsideconditions
|-activate|p1a: Smeargle|move: Court Change
|move|p2a: Riolu|Reversal|p1a: Smeargle
|-supereffective|p1a: Smeargle
|-damage|p1a: Smeargle|64/100
|
|upkeep
|turn|13
|
|t:|1759071775
|move|p1a: Smeargle|Taunt|p2a: Riolu
|-start|p2a: Riolu|move: Taunt
|move|p2a: Riolu|Reversal|p1a: Smeargle
|-supereffective|p1a: Smeargle
|-damage|p1a: Smeargle|29/100
|
|upkeep
|turn|14
|
|t:|1759071782
|move|p1a: Smeargle|Burning Bulwark|p1a: Smeargle
|-singleturn|p1a: Smeargle|move: Protect
|move|p2a: Riolu|Reversal|p1a: Smeargle
|-activate|p1a: Smeargle|move: Protect
|-status|p2a: Riolu|brn
|
|-damage|p2a: Riolu|95/100 brn|[from] brn
|upkeep
|turn|15
|
|t:|1759071791
|move|p1a: Smeargle|Taunt||[still]
|-fail|p1a: Smeargle
|move|p2a: Riolu|Reversal|p1a: Smeargle
|-supereffective|p1a: Smeargle
|-damage|p1a: Smeargle|9/100
|
|-damage|p2a: Riolu|89/100 brn|[from] brn
|-end|p2a: Riolu|move: Taunt
|upkeep
|turn|16
|
|t:|1759071802
|move|p1a: Smeargle|Taunt|p2a: Riolu
|-start|p2a: Riolu|move: Taunt
|move|p2a: Riolu|Reversal|p1a: Smeargle
|-supereffective|p1a: Smeargle
|-damage|p1a: Smeargle|0 fnt
|faint|p1a: Smeargle
|
|-damage|p2a: Riolu|83/100 brn|[from] brn
|upkeep
|
|t:|1759071808
|switch|p1a: Empoleon|Empoleon, F|100/100
|-activate|p1a: Empoleon|move: Sticky Web
|-unboost|p1a: Empoleon|spe|1
|-ability|p1a: Empoleon|Competitive|boost
|-boost|p1a: Empoleon|spa|2
|turn|17
|
|t:|1759071817
|move|p1a: Empoleon|Ice Beam|p2a: Riolu
|-supereffective|p2a: Riolu
|-damage|p2a: Riolu|0 fnt
|faint|p2a: Riolu
|
|upkeep
|
|t:|1759071824
|switch|p2a: Mimikyu|Mimikyu, M|100/100
|turn|18
|
|t:|1759071829
|move|p2a: Mimikyu|Drain Punch|p1a: Empoleon
|-supereffective|p1a: Empoleon
|-damage|p1a: Empoleon|46/100
|-damage|p2a: Mimikyu|91/100|[from] item: Life Orb
|move|p1a: Empoleon|Surf|p2a: Mimikyu
|-activate|p2a: Mimikyu|ability: Disguise
|-damage|p2a: Mimikyu|91/100
|detailschange|p2a: Mimikyu|Mimikyu-Busted, M
|-damage|p2a: Mimikyu|78/100|[from] pokemon: Mimikyu-Busted
|
|upkeep
|turn|19
|
|t:|1759071841
|move|p2a: Mimikyu|Drain Punch|p1a: Empoleon
|-supereffective|p1a: Empoleon
|-damage|p1a: Empoleon|0 fnt
|-heal|p2a: Mimikyu|100/100|[from] drain|[of] p1a: Empoleon
|faint|p1a: Empoleon
|-damage|p2a: Mimikyu|91/100|[from] item: Life Orb
|
|upkeep
|
|t:|1759071843
|switch|p1a: Passimian|Passimian, F|100/100
|-activate|p1a: Passimian|move: Sticky Web
|-unboost|p1a: Passimian|spe|1
|-ability|p1a: Passimian|Defiant|boost
|-boost|p1a: Passimian|atk|2
|turn|20
|
|t:|1759071859
|move|p2a: Mimikyu|Drain Punch|p1a: Passimian
|-damage|p1a: Passimian|73/100
|-heal|p2a: Mimikyu|100/100|[from] drain|[of] p1a: Passimian
|-damage|p2a: Mimikyu|91/100|[from] item: Life Orb
|move|p1a: Passimian|Gunk Shot|p2a: Mimikyu
|-damage|p2a: Mimikyu|0 fnt
|faint|p2a: Mimikyu
|
|upkeep
|
|t:|1759071869
|switch|p2a: Tornadus|Tornadus-Therian, M|100/100
|turn|21
|
|t:|1759071884
|move|p2a: Tornadus|Bleakwind Storm|p1a: Passimian
|-supereffective|p1a: Passimian
|-damage|p1a: Passimian|0 fnt
|faint|p1a: Passimian
|-damage|p2a: Tornadus|90/100|[from] item: Life Orb
|
|upkeep
|
|t:|1759071891
|switch|p1a: Articuno|Articuno-Galar|100/100
|-activate|p1a: Articuno|move: Sticky Web
|-unboost|p1a: Articuno|spe|1
|-ability|p1a: Articuno|Competitive|boost
|-boost|p1a: Articuno|spa|2
|turn|22
|
|t:|1759071907
|move|p2a: Tornadus|Heat Wave|p1a: Articuno
|-damage|p1a: Articuno|68/100
|-damage|p2a: Tornadus|80/100|[from] item: Life Orb
|move|p1a: Articuno|Freezing Glare|p2a: Tornadus
|-damage|p2a: Tornadus|0 fnt
|faint|p2a: Tornadus
|
|win|capitolg
|raw|capitolg's rating: 1060 &rarr; <strong>1093</strong><br />(+33 for winning)
|raw|baicaott's rating: 1080 &rarr; <strong>1057</strong><br />(-23 for losing)
|l|☆baicaott
|player|p2|
