|j|☆Pachydon
|j|☆RobLaxxxxx
|t:|1758991322
|gametype|singles
|player|p1|Pachydon|2|1398
|player|p2|RobLaxxxxx|102|1402
|gen|9
|tier|[Gen 9] OU
|rated|
|rule|HP Percentage Mod: HP is shown in percentages
|rule|Endless Battle Clause: Forcing endless battles is banned
|rule|Species Clause: Limit one of each Pokémon
|rule|OHKO Clause: OHKO moves are banned
|rule|Evasion Items Clause: Evasion items are banned
|rule|Evasion Moves Clause: Evasion moves are banned
|rule|Evasion Abilities Clause: Evasion abilities are banned
|rule|Sleep Moves Clause: Sleep-inducing moves are banned
|clearpoke
|poke|p1|Gholdengo|
|poke|p1|Iron Treads|
|poke|p1|Moltres|
|poke|p1|Samurott-Hisui, F|
|poke|p1|Sinistcha|
|poke|p1|Ting-Lu|
|poke|p2|Slither Wing|
|poke|p2|Azumarill, M|
|poke|p2|Sandy Shocks|
|poke|p2|Latios, M|
|poke|p2|Iron Jugulis|
|poke|p2|Pecharunt|
|teampreview
|inactive|Battle timer is ON: inactive players will automatically lose when time's up. (requested by RobLaxxxxx)
|
|t:|1758991342
|teamsize|p1|6
|teamsize|p2|6
|start
|switch|p1a: Samurott|Samurott-Hisui, F|100/100
|switch|p2a: Slither Wing|Slither Wing|100/100
|turn|1
|
|t:|1758991349
|switch|p1a: Moltres|Moltres|100/100
|move|p2a: Slither Wing|Close Combat|p1a: Moltres
|-resisted|p1a: Moltres
|-damage|p1a: Moltres|78/100
|-unboost|p2a: Slither Wing|def|1
|-unboost|p2a: Slither Wing|spd|1
|
|upkeep
|turn|2
|
|t:|1758991357
|-end|p2a: Slither Wing|Protosynthesis|[silent]
|switch|p2a: Sandy Shocks|Sandy Shocks|100/100
|move|p1a: Moltres|Will-O-Wisp|p2a: Sandy Shocks
|-status|p2a: Sandy Shocks|brn
|
|-damage|p2a: Sandy Shocks|94/100 brn|[from] brn
|upkeep
|turn|3
|
|t:|1758991364
|switch|p1a: Ting-Lu|Ting-Lu, shiny|100/100
|-ability|p1a: Ting-Lu|Vessel of Ruin
|move|p2a: Sandy Shocks|Earth Power|p1a: Ting-Lu
|-damage|p1a: Ting-Lu|82/100
|
|-heal|p1a: Ting-Lu|88/100|[from] item: Leftovers
|-damage|p2a: Sandy Shocks|88/100 brn|[from] brn
|upkeep
|turn|4
|
|t:|1758991374
|-end|p2a: Sandy Shocks|Protosynthesis|[silent]
|switch|p2a: Slither Wing|Slither Wing|100/100
|move|p1a: Ting-Lu|Stealth Rock|p2a: Slither Wing
|-sidestart|p2: RobLaxxxxx|move: Stealth Rock
|
|-heal|p1a: Ting-Lu|94/100|[from] item: Leftovers
|upkeep
|turn|5
|
|t:|1758991384
|-end|p2a: Slither Wing|Protosynthesis|[silent]
|switch|p2a: Sandy Shocks|Sandy Shocks|88/100 brn
|-damage|p2a: Sandy Shocks|82/100 brn|[from] Stealth Rock
|switch|p1a: Moltres|Moltres|78/100
|
|-damage|p2a: Sandy Shocks|76/100 brn|[from] brn
|upkeep
|turn|6
|
|t:|1758991390
|switch|p1a: Ting-Lu|Ting-Lu, shiny|94/100
|-ability|p1a: Ting-Lu|Vessel of Ruin
|move|p2a: Sandy Shocks|Thunderbolt|p1a: Ting-Lu
|-immune|p1a: Ting-Lu
|
|-heal|p1a: Ting-Lu|100/100|[from] item: Leftovers
|-damage|p2a: Sandy Shocks|70/100 brn|[from] brn
|upkeep
|turn|7
|
|t:|1758991399
|-end|p2a: Sandy Shocks|Protosynthesis|[silent]
|switch|p2a: Slither Wing|Slither Wing|100/100
|move|p1a: Ting-Lu|Whirlwind|p2a: Slither Wing
|-end|p2a: Slither Wing|Protosynthesis|[silent]
|drag|p2a: Sandy Shocks|Sandy Shocks|70/100 brn
|-damage|p2a: Sandy Shocks|64/100 brn|[from] Stealth Rock
|
|-damage|p2a: Sandy Shocks|58/100 brn|[from] brn
|upkeep
|turn|8
|
|t:|1758991409
|move|p2a: Sandy Shocks|Earth Power|p1a: Ting-Lu
|-damage|p1a: Ting-Lu|82/100
|move|p1a: Ting-Lu|Ruination|p2a: Sandy Shocks
|-damage|p2a: Sandy Shocks|30/100 brn
|
|-heal|p1a: Ting-Lu|89/100|[from] item: Leftovers
|-damage|p2a: Sandy Shocks|23/100 brn|[from] brn
|upkeep
|turn|9
|
|t:|1758991417
|-end|p2a: Sandy Shocks|Protosynthesis|[silent]
|switch|p2a: Slither Wing|Slither Wing|100/100
|move|p1a: Ting-Lu|Whirlwind|p2a: Slither Wing
|-end|p2a: Slither Wing|Protosynthesis|[silent]
|drag|p2a: Sandy Shocks|Sandy Shocks|23/100 brn
|-damage|p2a: Sandy Shocks|17/100 brn|[from] Stealth Rock
|
|-heal|p1a: Ting-Lu|95/100|[from] item: Leftovers
|-damage|p2a: Sandy Shocks|11/100 brn|[from] brn
|upkeep
|turn|10
|
|t:|1758991426
|-end|p2a: Sandy Shocks|Protosynthesis|[silent]
|switch|p2a: Slither Wing|Slither Wing|100/100
|move|p1a: Ting-Lu|Whirlwind|p2a: Slither Wing
|-end|p2a: Slither Wing|Protosynthesis|[silent]
|drag|p2a: Sandy Shocks|Sandy Shocks|11/100 brn
|-damage|p2a: Sandy Shocks|5/100 brn|[from] Stealth Rock
|
|-heal|p1a: Ting-Lu|100/100|[from] item: Leftovers
|-damage|p2a: Sandy Shocks|0 fnt|[from] brn
|faint|p2a: Sandy Shocks
|-end|p2a: Sandy Shocks|Protosynthesis|[silent]
|upkeep
|
|t:|1758991431
|switch|p2a: Slither Wing|Slither Wing|100/100
|turn|11
|
|t:|1758991440
|switch|p1a: Moltres|Moltres|78/100
|move|p2a: Slither Wing|U-turn|p1a: Moltres
|-resisted|p1a: Moltres
|-damage|p1a: Moltres|72/100
|-status|p2a: Slither Wing|brn|[from] ability: Flame Body|[of] p1a: Moltres
|
|t:|1758991445
|-end|p2a: Slither Wing|Protosynthesis|[silent]
|switch|p2a: Latios|Latios, M|100/100|[from] U-turn
|-damage|p2a: Latios|88/100|[from] Stealth Rock
|
|upkeep
|turn|12
|
|t:|1758991451
|switch|p1a: Samurott|Samurott-Hisui, F|100/100
|move|p2a: Latios|Draco Meteor|p1a: Samurott
|-damage|p1a: Samurott|0 fnt
|-unboost|p2a: Latios|spa|2
|faint|p1a: Samurott
|
|upkeep
|
|t:|1758991462
|switch|p1a: Gholdengo|Gholdengo|100/100
|turn|13
|
|t:|1758991468
|switch|p2a: Slither Wing|Slither Wing|100/100 brn
|-terastallize|p1a: Gholdengo|Steel
|move|p1a: Gholdengo|Make It Rain|p2a: Slither Wing
|-damage|p2a: Slither Wing|7/100 brn
|-unboost|p1a: Gholdengo|spa|1
|
|-damage|p2a: Slither Wing|1/100 brn|[from] brn
|upkeep
|turn|14
|
|t:|1758991482
|switch|p1a: Ting-Lu|Ting-Lu, shiny|100/100
|-ability|p1a: Ting-Lu|Vessel of Ruin
|move|p2a: Slither Wing|Morning Sun|p2a: Slither Wing
|-heal|p2a: Slither Wing|51/100 brn
|
|-damage|p2a: Slither Wing|45/100 brn|[from] brn
|upkeep
|turn|15
|
|t:|1758991493
|switch|p1a: Moltres|Moltres|72/100
|move|p2a: Slither Wing|Close Combat|p1a: Moltres
|-resisted|p1a: Moltres
|-damage|p1a: Moltres|62/100
|-unboost|p2a: Slither Wing|def|1
|-unboost|p2a: Slither Wing|spd|1
|
|-damage|p2a: Slither Wing|38/100 brn|[from] brn
|upkeep
|turn|16
|
|t:|1758991496
|move|p1a: Moltres|Roost|p1a: Moltres
|-heal|p1a: Moltres|100/100
|-singleturn|p1a: Moltres|move: Roost
|move|p2a: Slither Wing|Morning Sun|p2a: Slither Wing
|-heal|p2a: Slither Wing|88/100 brn
|
|-damage|p2a: Slither Wing|82/100 brn|[from] brn
|upkeep
|turn|17
|
|t:|1758991505
|move|p1a: Moltres|Flamethrower|p2a: Slither Wing
|-supereffective|p2a: Slither Wing
|-damage|p2a: Slither Wing|0 fnt
|faint|p2a: Slither Wing
|-end|p2a: Slither Wing|Protosynthesis|[silent]
|
|upkeep
|
|t:|1758991512
|switch|p2a: Latios|Latios, M|88/100
|-damage|p2a: Latios|76/100|[from] Stealth Rock
|turn|18
|
|t:|1758991518
|switch|p1a: Ting-Lu|Ting-Lu, shiny|100/100
|-ability|p1a: Ting-Lu|Vessel of Ruin
|move|p2a: Latios|Draco Meteor|p1a: Ting-Lu
|-damage|p1a: Ting-Lu|66/100
|-unboost|p2a: Latios|spa|2
|
|-heal|p1a: Ting-Lu|72/100|[from] item: Leftovers
|upkeep
|turn|19
|
|t:|1758991529
|switch|p2a: Pecharunt|Pecharunt|100/100
|-damage|p2a: Pecharunt|88/100|[from] Stealth Rock
|move|p1a: Ting-Lu|Ruination|p2a: Pecharunt
|-damage|p2a: Pecharunt|44/100
|
|-heal|p1a: Ting-Lu|79/100|[from] item: Leftovers
|upkeep
|turn|20
|
|t:|1758991538
|switch|p1a: Gholdengo|Gholdengo, tera:Steel|100/100
|move|p2a: Pecharunt|Recover|p2a: Pecharunt
|-heal|p2a: Pecharunt|94/100
|
|upkeep
|turn|21
|
|t:|1758991557
|move|p1a: Gholdengo|Make It Rain|p2a: Pecharunt
|-damage|p2a: Pecharunt|0 fnt
|-unboost|p1a: Gholdengo|spa|1
|faint|p2a: Pecharunt
|
|upkeep
|
|t:|1758991570
|switch|p2a: Azumarill|Azumarill, M|100/100
|-damage|p2a: Azumarill|88/100|[from] Stealth Rock
|turn|22
|
|t:|1758991578
|move|p1a: Gholdengo|Thunderbolt|p2a: Azumarill
|-supereffective|p2a: Azumarill
|-damage|p2a: Azumarill|38/100
|-enditem|p2a: Azumarill|Sitrus Berry|[eat]
|-heal|p2a: Azumarill|63/100|[from] item: Sitrus Berry
|move|p2a: Azumarill|Belly Drum|p2a: Azumarill
|-damage|p2a: Azumarill|13/100
|-setboost|p2a: Azumarill|atk|6|[from] move: Belly Drum
|
|upkeep
|turn|23
|
|t:|1758991590
|switch|p1a: Iron Treads|Iron Treads|100/100
|-terastallize|p2a: Azumarill|Water
|move|p2a: Azumarill|Aqua Jet|p1a: Iron Treads
|-supereffective|p1a: Iron Treads
|-damage|p1a: Iron Treads|0 fnt
|faint|p1a: Iron Treads
|-end|p1a: Iron Treads|Quark Drive|[silent]
|
|upkeep
|
|t:|1758991595
|switch|p1a: Sinistcha|Sinistcha|100/100
|turn|24
|
|t:|1758991609
|move|p2a: Azumarill|Aqua Jet|p1a: Sinistcha
|-resisted|p1a: Sinistcha
|-damage|p1a: Sinistcha|51/100
|move|p1a: Sinistcha|Shadow Ball|p2a: Azumarill
|-damage|p2a: Azumarill|0 fnt
|faint|p2a: Azumarill
|
|upkeep
|
|t:|1758991614
|switch|p2a: Iron Jugulis|Iron Jugulis|100/100
|-damage|p2a: Iron Jugulis|76/100|[from] Stealth Rock
|-enditem|p2a: Iron Jugulis|Booster Energy
|-activate|p2a: Iron Jugulis|ability: Quark Drive|[fromitem]
|-start|p2a: Iron Jugulis|quarkdrivespe
|turn|25
|
|t:|1758991622
|switch|p1a: Ting-Lu|Ting-Lu, shiny|79/100
|-ability|p1a: Ting-Lu|Vessel of Ruin
|move|p2a: Iron Jugulis|Knock Off|p1a: Ting-Lu
|-resisted|p1a: Ting-Lu
|-damage|p1a: Ting-Lu|72/100
|-enditem|p1a: Ting-Lu|Leftovers|[from] move: Knock Off|[of] p2a: Iron Jugulis
|
|upkeep
|turn|26
|
|t:|1758991639
|move|p2a: Iron Jugulis|Hurricane|p1a: Ting-Lu
|-damage|p1a: Ting-Lu|50/100
|-start|p1a: Ting-Lu|confusion
|-activate|p1a: Ting-Lu|confusion
|move|p1a: Ting-Lu|Ruination|p2a: Iron Jugulis
|-damage|p2a: Iron Jugulis|38/100
|
|upkeep
|turn|27
|
|t:|1758991647
|switch|p1a: Moltres|Moltres|100/100
|move|p2a: Iron Jugulis|Earth Power|p1a: Moltres
|-immune|p1a: Moltres
|
|upkeep
|turn|28
|
|t:|1758991653
|move|p2a: Iron Jugulis|Hurricane|p1a: Moltres
|-damage|p1a: Moltres|43/100
|move|p1a: Moltres|U-turn|p2a: Iron Jugulis
|-damage|p2a: Iron Jugulis|22/100
|
|t:|1758991658
|switch|p1a: Ting-Lu|Ting-Lu, shiny|50/100|[from] U-turn
|-ability|p1a: Ting-Lu|Vessel of Ruin
|
|upkeep
|turn|29
|
|t:|1758991667
|move|p2a: Iron Jugulis|Hurricane|p1a: Ting-Lu
|-damage|p1a: Ting-Lu|26/100
|move|p1a: Ting-Lu|Whirlwind|p2a: Iron Jugulis
|-end|p2a: Iron Jugulis|Quark Drive|[silent]
|drag|p2a: Latios|Latios, M|76/100
|-damage|p2a: Latios|64/100|[from] Stealth Rock
|
|upkeep
|turn|30
|
|t:|1758991681
|move|p2a: Latios|Draco Meteor|p1a: Ting-Lu
|-damage|p1a: Ting-Lu|0 fnt
|-unboost|p2a: Latios|spa|2
|faint|p1a: Ting-Lu
|
|upkeep
|
|t:|1758991685
|switch|p1a: Gholdengo|Gholdengo, tera:Steel|100/100
|turn|31
|
|t:|1758991689
|switch|p2a: Iron Jugulis|Iron Jugulis|22/100
|-damage|p2a: Iron Jugulis|0 fnt|[from] Stealth Rock
|faint|p2a: Iron Jugulis
|-end|p2a: Iron Jugulis|Quark Drive|[silent]
|move|p1a: Gholdengo|Make It Rain|p2: Iron Jugulis|[notarget]
|-fail|p1a: Gholdengo
|
|upkeep
|
|t:|1758991692
|switch|p2a: Latios|Latios, M|64/100
|-damage|p2a: Latios|51/100|[from] Stealth Rock
|turn|32
|
|t:|1758991699
|move|p2a: Latios|Aura Sphere|p1a: Gholdengo
|-supereffective|p1a: Gholdengo
|-damage|p1a: Gholdengo|25/100
|move|p1a: Gholdengo|Make It Rain|p2a: Latios
|-damage|p2a: Latios|0 fnt
|-unboost|p1a: Gholdengo|spa|1
|faint|p2a: Latios
|
|win|Pachydon
|raw|Pachydon's rating: 1398 &rarr; <strong>1418</strong><br />(+20 for winning)
|raw|RobLaxxxxx's rating: 1402 &rarr; <strong>1382</strong><br />(-20 for losing)
|c|☆RobLaxxxxx|gg
|l|☆RobLaxxxxx
|player|p2|
