|j|☆pingotan
|j|☆ray masher
|t:|1758986784
|gametype|singles
|player|p1|pingotan|chuck|1061
|player|p2|ray masher|benga|1116
|gen|9
|tier|[Gen 9] OU
|rated|
|rule|HP Percentage Mod: HP is shown in percentages
|rule|Endless Battle Clause: Forcing endless battles is banned
|rule|Species Clause: Limit one of each Pokémon
|rule|OHKO Clause: OHKO moves are banned
|rule|Evasion Items Clause: Evasion items are banned
|rule|Evasion Moves Clause: Evasion moves are banned
|rule|Evasion Abilities Clause: Evasion abilities are banned
|rule|Sleep Moves Clause: Sleep-inducing moves are banned
|clearpoke
|poke|p1|Carbink, L1|
|poke|p1|Dondozo, F|
|poke|p2|Ursaluna, M|
|poke|p2|Zoroark-Hisui, M|
|poke|p2|Noctowl, M|
|poke|p2|Cinccino, M|
|poke|p2|Porygon-Z|
|poke|p2|Cyclizar, M|
|teampreview
|inactive|Battle timer is ON: inactive players will automatically lose when time's up. (requested by ray masher)
|
|t:|1758986793
|teamsize|p1|2
|teamsize|p2|6
|start
|switch|p1a: Carbink|Carbink, L1|100/100
|switch|p2a: Ursaluna|Ursaluna, M|100/100
|turn|1
|
|t:|1758986797
|move|p2a: Ursaluna|Trailblaze|p1a: Carbink
|-supereffective|p1a: Carbink
|-ability|p1a: Carbink|Sturdy
|-damage|p1a: Carbink|9/100
|-boost|p2a: Ursaluna|spe|1
|move|p1a: Carbink|Trick Room|p1a: Carbink
|-fieldstart|move: Trick Room|[of] p1a: Carbink
|
|-heal|p1a: Carbink|17/100|[from] item: Leftovers
|-status|p2a: Ursaluna|brn|[from] item: Flame Orb
|upkeep
|turn|2
|
|t:|1758986808
|move|p1a: Carbink|Protect|p1a: Carbink
|-singleturn|p1a: Carbink|Protect
|move|p2a: Ursaluna|Earthquake|p1a: Carbink
|-activate|p1a: Carbink|move: Protect
|
|-heal|p1a: Carbink|25/100|[from] item: Leftovers
|-damage|p2a: Ursaluna|94/100 brn|[from] brn
|upkeep
|turn|3
|
|t:|1758986818
|move|p1a: Carbink|Endeavor|p2a: Ursaluna
|-damage|p2a: Ursaluna|1/100 brn
|move|p2a: Ursaluna|Swords Dance|p2a: Ursaluna
|-boost|p2a: Ursaluna|atk|2
|
|-heal|p1a: Carbink|34/100|[from] item: Leftovers
|-damage|p2a: Ursaluna|0 fnt|[from] brn
|faint|p2a: Ursaluna
|upkeep
|
|t:|1758986829
|switch|p2a: Noctowl|Noctowl, M|100/100
|turn|4
|
|t:|1758986837
|move|p1a: Carbink|Endeavor|p2a: Noctowl
|-damage|p2a: Noctowl|1/100
|move|p2a: Noctowl|Hyper Voice|p1a: Carbink
|-resisted|p1a: Carbink
|-damage|p1a: Carbink|0 fnt
|faint|p1a: Carbink
|
|-heal|p2a: Noctowl|8/100|[from] item: Leftovers
|upkeep
|
|t:|1758986844
|switch|p1a: Dondozo|Dondozo, F|100/100
|turn|5
|
|t:|1758986848
|move|p1a: Dondozo|Liquidation|p2a: Noctowl
|-damage|p2a: Noctowl|0 fnt
|faint|p2a: Noctowl
|
|-fieldend|move: Trick Room
|upkeep
|
|t:|1758986854
|switch|p2a: Cinccino|Cinccino, M|100/100
|turn|6
|
|t:|1758986859
|move|p2a: Cinccino|Bullet Seed|p1a: Dondozo
|-supereffective|p1a: Dondozo
|-damage|p1a: Dondozo|92/100
|-supereffective|p1a: Dondozo
|-crit|p1a: Dondozo
|-damage|p1a: Dondozo|77/100
|-supereffective|p1a: Dondozo
|-damage|p1a: Dondozo|68/100
|-supereffective|p1a: Dondozo
|-damage|p1a: Dondozo|59/100
|-supereffective|p1a: Dondozo
|-damage|p1a: Dondozo|50/100
|-hitcount|p1a: Dondozo|5
|move|p1a: Dondozo|Body Press|p2a: Cinccino
|-supereffective|p2a: Cinccino
|-damage|p2a: Cinccino|8/100
|
|-heal|p1a: Dondozo|56/100|[from] item: Leftovers
|upkeep
|turn|7
|
|t:|1758986864
|move|p2a: Cinccino|Bullet Seed|p1a: Dondozo
|-supereffective|p1a: Dondozo
|-crit|p1a: Dondozo
|-damage|p1a: Dondozo|41/100
|-supereffective|p1a: Dondozo
|-damage|p1a: Dondozo|32/100
|-supereffective|p1a: Dondozo
|-damage|p1a: Dondozo|23/100
|-supereffective|p1a: Dondozo
|-damage|p1a: Dondozo|14/100
|-supereffective|p1a: Dondozo
|-damage|p1a: Dondozo|5/100
|-hitcount|p1a: Dondozo|5
|move|p1a: Dondozo|Body Press|p2a: Cinccino
|-supereffective|p2a: Cinccino
|-damage|p2a: Cinccino|0 fnt
|faint|p2a: Cinccino
|
|-heal|p1a: Dondozo|11/100|[from] item: Leftovers
|upkeep
|
|t:|1758986876
|switch|p2a: Porygon-Z|Porygon-Z|100/100
|turn|8
|c|☆pingotan|Just kill me plis
|
|t:|1758986887
|move|p2a: Porygon-Z|Tera Blast|p1a: Dondozo
|-damage|p1a: Dondozo|0 fnt
|faint|p1a: Dondozo
|
|win|ray masher
|raw|pingotan's rating: 1061 &rarr; <strong>1045</strong><br />(-16 for losing)
|raw|ray masher's rating: 1116 &rarr; <strong>1137</strong><br />(+21 for winning)
|l|☆ray masher
|player|p2|
|l|☆pingotan
|player|p1|
