|j|☆heourezuru
|j|‽zaywillaa
|t:|1758990142
|gametype|singles
|player|p1|heourezuru|roxie|1101
|player|p2|zaywillaa|102|1032
|gen|9
|tier|[Gen 9] OU
|rated|
|rule|HP Percentage Mod: HP is shown in percentages
|rule|Endless Battle Clause: Forcing endless battles is banned
|rule|Species Clause: Limit one of each Pokémon
|rule|OHKO Clause: OHKO moves are banned
|rule|Evasion Items Clause: Evasion items are banned
|rule|Evasion Moves Clause: Evasion moves are banned
|rule|Evasion Abilities Clause: Evasion abilities are banned
|rule|Sleep Moves Clause: Sleep-inducing moves are banned
|clearpoke
|poke|p1|Okidogi, M|
|poke|p1|Great Tusk|
|poke|p1|Ting-Lu|
|poke|p1|Ogerpon-Wellspring, F|
|poke|p1|Dragonite, F|
|poke|p1|Kingambit, F|
|poke|p2|Enamorus, F|
|poke|p2|Metagross|
|poke|p2|Volcanion|
|poke|p2|Primarina, M|
|poke|p2|Garganacl, F|
|poke|p2|Deoxys-Speed|
|teampreview
|inactive|Battle timer is ON: inactive players will automatically lose when time's up. (requested by zaywillaa)
|
|t:|1758990152
|teamsize|p1|6
|teamsize|p2|6
|start
|switch|p1a: Great Tusk|Great Tusk|100/100
|switch|p2a: Deoxys|Deoxys-Speed|100/100
|-ability|p2a: Deoxys|Pressure
|turn|1
|
|t:|1758990165
|move|p2a: Deoxys|Scary Face|p1a: Great Tusk
|-unboost|p1a: Great Tusk|spe|2
|move|p1a: Great Tusk|Stealth Rock|p2a: Deoxys
|-sidestart|p2: zaywillaa|move: Stealth Rock
|
|upkeep
|turn|2
|
|t:|1758990173
|-end|p1a: Great Tusk|Protosynthesis|[silent]
|switch|p1a: Ting-Lu|Ting-Lu|100/100
|-ability|p1a: Ting-Lu|Vessel of Ruin
|move|p2a: Deoxys|Stealth Rock|p1a: Ting-Lu
|-sidestart|p1: heourezuru|move: Stealth Rock
|
|upkeep
|turn|3
|
|t:|1758990183
|move|p2a: Deoxys|Scary Face|p1a: Ting-Lu
|-unboost|p1a: Ting-Lu|spe|2
|move|p1a: Ting-Lu|Ruination|p2a: Deoxys
|-damage|p2a: Deoxys|51/100
|
|upkeep
|turn|4
|
|t:|1758990200
|move|p2a: Deoxys|Spikes|p1a: Ting-Lu
|-sidestart|p1: heourezuru|Spikes
|move|p1a: Ting-Lu|Ruination|p2a: Deoxys
|-damage|p2a: Deoxys|26/100
|
|upkeep
|turn|5
|
|t:|1758990210
|move|p2a: Deoxys|Spikes|p1a: Ting-Lu
|-sidestart|p1: heourezuru|Spikes
|move|p1a: Ting-Lu|Ruination|p2a: Deoxys
|-damage|p2a: Deoxys|13/100
|
|upkeep
|turn|6
|
|t:|1758990218
|move|p2a: Deoxys|Spikes|p1a: Ting-Lu
|-sidestart|p1: heourezuru|Spikes
|move|p1a: Ting-Lu|Earthquake|p2a: Deoxys
|-damage|p2a: Deoxys|0 fnt
|faint|p2a: Deoxys
|
|upkeep
|
|t:|1758990223
|switch|p2a: Garganacl|Garganacl, F|100/100
|-damage|p2a: Garganacl|88/100|[from] Stealth Rock
|turn|7
|
|t:|1758990227
|-terastallize|p2a: Garganacl|Ghost
|move|p2a: Garganacl|Substitute|p2a: Garganacl
|-start|p2a: Garganacl|Substitute
|-damage|p2a: Garganacl|63/100
|move|p1a: Ting-Lu|Earthquake|p2a: Garganacl
|-activate|p2a: Garganacl|move: Substitute|[damage]
|
|-heal|p2a: Garganacl|69/100|[from] item: Leftovers
|upkeep
|turn|8
|
|t:|1758990237
|move|p2a: Garganacl|Salt Cure|p1a: Ting-Lu
|-resisted|p1a: Ting-Lu
|-damage|p1a: Ting-Lu|97/100
|-start|p1a: Ting-Lu|Salt Cure
|move|p1a: Ting-Lu|Ruination|p2a: Garganacl
|-end|p2a: Garganacl|Substitute
|
|-heal|p2a: Garganacl|75/100|[from] item: Leftovers
|-heal|p1a: Ting-Lu|100/100|[from] item: Leftovers
|-damage|p1a: Ting-Lu|88/100|[from] Salt Cure
|upkeep
|turn|9
|
|t:|1758990247
|move|p2a: Garganacl|Recover|p2a: Garganacl
|-heal|p2a: Garganacl|100/100
|move|p1a: Ting-Lu|Ruination|p2a: Garganacl|[miss]
|-miss|p1a: Ting-Lu|p2a: Garganacl
|
|-heal|p1a: Ting-Lu|94/100|[from] item: Leftovers
|-damage|p1a: Ting-Lu|82/100|[from] Salt Cure
|upkeep
|turn|10
|
|t:|1758990257
|move|p2a: Garganacl|Substitute|p2a: Garganacl
|-start|p2a: Garganacl|Substitute
|-damage|p2a: Garganacl|75/100
|move|p1a: Ting-Lu|Whirlwind|p2a: Garganacl
|drag|p2a: Metagross|Metagross|100/100
|-damage|p2a: Metagross|95/100|[from] Stealth Rock
|
|-heal|p1a: Ting-Lu|88/100|[from] item: Leftovers
|-damage|p1a: Ting-Lu|76/100|[from] Salt Cure
|upkeep
|turn|11
|
|t:|1758990271
|switch|p2a: Garganacl|Garganacl, F, tera:Ghost|75/100
|-damage|p2a: Garganacl|63/100|[from] Stealth Rock
|move|p1a: Ting-Lu|Earthquake|p2a: Garganacl
|-damage|p2a: Garganacl|43/100
|
|-heal|p2a: Garganacl|49/100|[from] item: Leftovers
|-heal|p1a: Ting-Lu|82/100|[from] item: Leftovers
|-damage|p1a: Ting-Lu|69/100|[from] Salt Cure
|upkeep
|turn|12
|
|t:|1758990281
|move|p2a: Garganacl|Recover|p2a: Garganacl
|-heal|p2a: Garganacl|99/100
|move|p1a: Ting-Lu|Ruination|p2a: Garganacl
|-damage|p2a: Garganacl|50/100
|
|-heal|p2a: Garganacl|56/100|[from] item: Leftovers
|-heal|p1a: Ting-Lu|76/100|[from] item: Leftovers
|-damage|p1a: Ting-Lu|63/100|[from] Salt Cure
|upkeep
|turn|13
|
|t:|1758990296
|move|p2a: Garganacl|Substitute|p2a: Garganacl
|-start|p2a: Garganacl|Substitute
|-damage|p2a: Garganacl|31/100
|move|p1a: Ting-Lu|Ruination|p2a: Garganacl
|-activate|p2a: Garganacl|move: Substitute|[damage]
|
|-heal|p2a: Garganacl|37/100|[from] item: Leftovers
|-heal|p1a: Ting-Lu|69/100|[from] item: Leftovers
|-damage|p1a: Ting-Lu|57/100|[from] Salt Cure
|upkeep
|turn|14
|
|t:|1758990306
|move|p2a: Garganacl|Recover|p2a: Garganacl
|-heal|p2a: Garganacl|87/100
|move|p1a: Ting-Lu|Whirlwind|p2a: Garganacl
|drag|p2a: Metagross|Metagross|95/100
|-damage|p2a: Metagross|89/100|[from] Stealth Rock
|
|-heal|p1a: Ting-Lu|63/100|[from] item: Leftovers
|-damage|p1a: Ting-Lu|51/100|[from] Salt Cure
|upkeep
|turn|15
|
|t:|1758990315
|move|p2a: Metagross|Explosion|p1a: Ting-Lu
|-damage|p1a: Ting-Lu|0 fnt
|faint|p2a: Metagross
|faint|p1a: Ting-Lu
|
|upkeep
|
|t:|1758990322
|switch|p2a: Enamorus|Enamorus, F|100/100
|switch|p1a: Great Tusk|Great Tusk|100/100
|-damage|p2a: Enamorus|76/100|[from] Stealth Rock
|turn|16
|
|t:|1758990334
|-terastallize|p1a: Great Tusk|Steel
|move|p2a: Enamorus|Misty Explosion|p1a: Great Tusk
|-resisted|p1a: Great Tusk
|-damage|p1a: Great Tusk|36/100
|faint|p2a: Enamorus
|move|p1a: Great Tusk|Ice Spinner|p2: Enamorus|[notarget]
|-fail|p1a: Great Tusk
|
|upkeep
|
|t:|1758990347
|switch|p2a: Volcanion|Volcanion|100/100
|-damage|p2a: Volcanion|76/100|[from] Stealth Rock
|turn|17
|
|t:|1758990354
|move|p1a: Great Tusk|Headlong Rush|p2a: Volcanion
|-supereffective|p2a: Volcanion
|-damage|p2a: Volcanion|0 fnt
|-unboost|p1a: Great Tusk|def|1
|-unboost|p1a: Great Tusk|spd|1
|faint|p2a: Volcanion
|
|upkeep
|
|t:|1758990359
|switch|p2a: Primarina|Primarina, M|100/100
|-damage|p2a: Primarina|88/100|[from] Stealth Rock
|turn|18
|
|t:|1758990369
|move|p1a: Great Tusk|Headlong Rush|p2a: Primarina
|-damage|p2a: Primarina|0 fnt
|-unboost|p1a: Great Tusk|def|1
|-unboost|p1a: Great Tusk|spd|1
|faint|p2a: Primarina
|
|upkeep
|
|t:|1758990385
|switch|p2a: Garganacl|Garganacl, F, tera:Ghost|87/100
|-damage|p2a: Garganacl|75/100|[from] Stealth Rock
|turn|19
|
|t:|1758990389
|move|p1a: Great Tusk|Headlong Rush|p2a: Garganacl
|-damage|p2a: Garganacl|42/100
|-unboost|p1a: Great Tusk|def|1
|-unboost|p1a: Great Tusk|spd|1
|move|p2a: Garganacl|Recover|p2a: Garganacl
|-heal|p2a: Garganacl|92/100
|
|-heal|p2a: Garganacl|98/100|[from] item: Leftovers
|upkeep
|turn|20
|
|t:|1758990401
|move|p1a: Great Tusk|Headlong Rush|p2a: Garganacl
|-damage|p2a: Garganacl|64/100
|-unboost|p1a: Great Tusk|def|1
|-unboost|p1a: Great Tusk|spd|1
|move|p2a: Garganacl|Explosion|p1a: Great Tusk
|-resisted|p1a: Great Tusk
|-damage|p1a: Great Tusk|0 fnt
|faint|p2a: Garganacl
|faint|p1a: Great Tusk
|-end|p1a: Great Tusk|Protosynthesis|[silent]
|
|win|heourezuru
|raw|heourezuru's rating: 1101 &rarr; <strong>1121</strong><br />(+20 for winning)
|raw|zaywillaa's rating: 1032 &rarr; <strong>1020</strong><br />(-12 for losing)
|c|☆heourezuru|gg
|l|‽zaywillaa
|player|p2|
