|j|☆kasage
|j|☆shitmon_advocate
|t:|1758951358
|gametype|singles
|player|p1|kasage|lorelei-gen1rb|1295
|player|p2|shitmon_advocate|miku-water|1371
|gen|9
|tier|[Gen 9] OU
|rated|
|rule|HP Percentage Mod: HP is shown in percentages
|rule|Endless Battle Clause: Forcing endless battles is banned
|rule|Species Clause: Limit one of each Pokémon
|rule|OHKO Clause: OHKO moves are banned
|rule|Evasion Items Clause: Evasion items are banned
|rule|Evasion Moves Clause: Evasion moves are banned
|rule|Evasion Abilities Clause: Evasion abilities are banned
|rule|Sleep Moves Clause: Sleep-inducing moves are banned
|clearpoke
|poke|p1|Keldeo-Resolute|
|poke|p1|Glimmora, F|
|poke|p1|Dragonite, M|
|poke|p1|Lilligant, F|
|poke|p1|Ting-Lu|
|poke|p1|Corviknight, M|
|poke|p2|Indeedee, M|
|poke|p2|Armarouge, F|
|poke|p2|Hatterene, F|
|poke|p2|Polteageist-Antique|
|poke|p2|Maushold-Four|
|poke|p2|Hawlucha, F|
|teampreview
|inactive|Battle timer is ON: inactive players will automatically lose when time's up. (requested by shitmon_advocate)
|
|t:|1758951367
|teamsize|p1|6
|teamsize|p2|6
|start
|switch|p1a: Ting-Lu|Ting-Lu|100/100
|switch|p2a: Indeedee|Indeedee, M|100/100
|-fieldstart|move: Psychic Terrain|[from] ability: Psychic Surge|[of] p2a: Indeedee
|-ability|p1a: Ting-Lu|Vessel of Ruin
|turn|1
|
|t:|1758951373
|switch|p2a: Hatterene|Hatterene, F|100/100
|move|p1a: Ting-Lu|Ruination|p2a: Hatterene
|-damage|p2a: Hatterene|51/100
|-enditem|p2a: Hatterene|Eject Button
|
|t:|1758951382
|switch|p2a: Hawlucha|Hawlucha, F|100/100
|-enditem|p2a: Hawlucha|Psychic Seed
|-boost|p2a: Hawlucha|spd|1|[from] item: Psychic Seed
|
|upkeep
|turn|2
|
|t:|1758951393
|switch|p1a: Corviknight|Corviknight, M|100/100
|-ability|p1a: Corviknight|Pressure
|move|p2a: Hawlucha|Encore||[still]
|-fail|p2a: Hawlucha
|
|upkeep
|turn|3
|
|t:|1758951407
|move|p2a: Hawlucha|Swords Dance|p2a: Hawlucha
|-boost|p2a: Hawlucha|atk|2
|move|p1a: Corviknight|Brave Bird|p2a: Hawlucha
|-supereffective|p2a: Hawlucha
|-damage|p2a: Hawlucha|2/100
|-damage|p1a: Corviknight|74/100|[from] Recoil
|
|-heal|p1a: Corviknight|80/100|[from] item: Leftovers
|upkeep
|turn|4
|
|t:|1758951414
|move|p2a: Hawlucha|Close Combat|p1a: Corviknight
|-damage|p1a: Corviknight|12/100
|-unboost|p2a: Hawlucha|def|1
|-unboost|p2a: Hawlucha|spd|1
|move|p1a: Corviknight|Roost|p1a: Corviknight
|-heal|p1a: Corviknight|62/100
|-singleturn|p1a: Corviknight|move: Roost
|
|-heal|p1a: Corviknight|68/100|[from] item: Leftovers
|upkeep
|turn|5
|
|t:|1758951424
|move|p2a: Hawlucha|Encore|p1a: Corviknight
|-start|p1a: Corviknight|Encore
|move|p1a: Corviknight|Roost|p1a: Corviknight
|-heal|p1a: Corviknight|100/100
|-singleturn|p1a: Corviknight|move: Roost
|
|upkeep
|turn|6
|
|t:|1758951432
|move|p2a: Hawlucha|Swords Dance|p2a: Hawlucha
|-boost|p2a: Hawlucha|atk|2
|move|p1a: Corviknight|Roost||[still]
|-fail|p1a: Corviknight|heal
|
|upkeep
|turn|7
|
|t:|1758951444
|switch|p1a: Glimmora|Glimmora, F|100/100
|move|p2a: Hawlucha|Close Combat|p1a: Glimmora
|-enditem|p1a: Glimmora|Focus Sash
|-damage|p1a: Glimmora|1/100
|-unboost|p2a: Hawlucha|def|1
|-unboost|p2a: Hawlucha|spd|1
|-activate|p1a: Glimmora|ability: Toxic Debris
|-sidestart|p2: shitmon_advocate|move: Toxic Spikes
|
|upkeep
|turn|8
|
|t:|1758951452
|move|p2a: Hawlucha|Acrobatics|p1a: Glimmora
|-resisted|p1a: Glimmora
|-damage|p1a: Glimmora|0 fnt
|-activate|p1a: Glimmora|ability: Toxic Debris
|-sidestart|p2: shitmon_advocate|move: Toxic Spikes
|faint|p1a: Glimmora
|
|-fieldend|move: Psychic Terrain
|upkeep
|
|t:|1758951455
|switch|p1a: Dragonite|Dragonite, M|100/100
|turn|9
|
|t:|1758951463
|move|p1a: Dragonite|Extreme Speed|p2a: Hawlucha
|-damage|p2a: Hawlucha|0 fnt
|faint|p2a: Hawlucha
|
|upkeep
|
|t:|1758951467
|switch|p2a: Maushold|Maushold-Four|100/100
|-status|p2a: Maushold|tox
|turn|10
|
|t:|1758951486
|switch|p1a: Corviknight|Corviknight, M|100/100
|-ability|p1a: Corviknight|Pressure
|move|p2a: Maushold|Tidy Up|p2a: Maushold
|-sideend|p2: shitmon_advocate|Toxic Spikes
|-activate|p2a: Maushold|move: Tidy Up
|-boost|p2a: Maushold|atk|1
|-boost|p2a: Maushold|spe|1
|
|-damage|p2a: Maushold|94/100 tox|[from] psn
|upkeep
|turn|11
|
|t:|1758951501
|switch|p2a: Indeedee|Indeedee, M|100/100
|-fieldstart|move: Psychic Terrain|[from] ability: Psychic Surge|[of] p2a: Indeedee
|move|p1a: Corviknight|Brave Bird|p2a: Indeedee
|-damage|p2a: Indeedee|25/100
|-damage|p1a: Corviknight|84/100|[from] Recoil
|
|-heal|p1a: Corviknight|90/100|[from] item: Leftovers
|upkeep
|turn|12
|
|t:|1758951509
|switch|p2a: Armarouge|Armarouge, F|100/100
|switch|p1a: Ting-Lu|Ting-Lu|100/100
|-ability|p1a: Ting-Lu|Vessel of Ruin
|
|upkeep
|turn|13
|
|t:|1758951521
|switch|p2a: Hatterene|Hatterene, F|51/100
|move|p1a: Ting-Lu|Ruination|p2a: Hatterene
|-damage|p2a: Hatterene|26/100
|
|upkeep
|turn|14
|
|t:|1758951530
|move|p2a: Hatterene|Dazzling Gleam|p1a: Ting-Lu
|-supereffective|p1a: Ting-Lu
|-damage|p1a: Ting-Lu|60/100
|move|p1a: Ting-Lu|Earthquake|p2a: Hatterene
|-damage|p2a: Hatterene|0 fnt
|faint|p2a: Hatterene
|
|-heal|p1a: Ting-Lu|67/100|[from] item: Leftovers
|upkeep
|
|t:|1758951539
|switch|p2a: Armarouge|Armarouge, F|100/100
|turn|15
|
|t:|1758951545
|move|p2a: Armarouge|Calm Mind|p2a: Armarouge
|-boost|p2a: Armarouge|spa|1
|-boost|p2a: Armarouge|spd|1
|move|p1a: Ting-Lu|Ruination|p2a: Armarouge
|-damage|p2a: Armarouge|51/100
|
|-heal|p1a: Ting-Lu|73/100|[from] item: Leftovers
|upkeep
|turn|16
|
|t:|1758951560
|switch|p1a: Lilligant|Lilligant, F, shiny|100/100
|move|p2a: Armarouge|Endure||[still]
|-fail|p2a: Armarouge
|
|upkeep
|turn|17
|
|t:|1758951571
|move|p1a: Lilligant|Petal Dance|p2a: Armarouge
|-resisted|p2a: Armarouge
|-damage|p2a: Armarouge|20/100
|-damage|p1a: Lilligant|91/100|[from] item: Life Orb
|move|p2a: Armarouge|Armor Cannon|p1a: Lilligant
|-supereffective|p1a: Lilligant
|-damage|p1a: Lilligant|0 fnt
|-unboost|p2a: Armarouge|def|1
|-unboost|p2a: Armarouge|spd|1
|faint|p1a: Lilligant
|
|upkeep
|
|t:|1758951584
|switch|p1a: Keldeo|Keldeo-Resolute|100/100
|turn|18
|
|t:|1758951590
|switch|p2a: Maushold|Maushold-Four|94/100 tox
|move|p1a: Keldeo|Surf|p2a: Maushold
|-damage|p2a: Maushold|24/100 tox
|
|-damage|p2a: Maushold|17/100 tox|[from] psn
|-fieldend|move: Psychic Terrain
|upkeep
|turn|19
|
|t:|1758951597
|move|p1a: Keldeo|Surf|p2a: Maushold
|-damage|p2a: Maushold|0 fnt
|faint|p2a: Maushold
|
|upkeep
|
|t:|1758951602
|switch|p2a: Indeedee|Indeedee, M|25/100
|-fieldstart|move: Psychic Terrain|[from] ability: Psychic Surge|[of] p2a: Indeedee
|turn|20
|
|t:|1758951607
|move|p1a: Keldeo|Surf|p2a: Indeedee
|-damage|p2a: Indeedee|0 fnt
|faint|p2a: Indeedee
|
|upkeep
|
|t:|1758951609
|switch|p2a: Polteageist|Polteageist-Antique|100/100
|turn|21
|
|t:|1758951624
|switch|p1a: Ting-Lu|Ting-Lu|73/100
|-ability|p1a: Ting-Lu|Vessel of Ruin
|move|p2a: Polteageist|Shell Smash|p2a: Polteageist
|-unboost|p2a: Polteageist|def|1
|-unboost|p2a: Polteageist|spd|1
|-boost|p2a: Polteageist|atk|2
|-boost|p2a: Polteageist|spa|2
|-boost|p2a: Polteageist|spe|2
|
|-heal|p1a: Ting-Lu|79/100|[from] item: Leftovers
|upkeep
|turn|22
|
|t:|1758951629
|-terastallize|p2a: Polteageist|Fighting
|move|p2a: Polteageist|Tera Blast|p1a: Ting-Lu|[anim] Tera Blast Fighting
|-supereffective|p1a: Ting-Lu
|-damage|p1a: Ting-Lu|0 fnt
|faint|p1a: Ting-Lu
|
|upkeep
|
|t:|1758951654
|switch|p1a: Corviknight|Corviknight, M|90/100
|-ability|p1a: Corviknight|Pressure
|turn|23
|inactive|kasage has 120 seconds left.
|
|t:|1758951679
|move|p2a: Polteageist|Shell Smash|p2a: Polteageist
|-unboost|p2a: Polteageist|def|1
|-unboost|p2a: Polteageist|spd|1
|-boost|p2a: Polteageist|atk|2
|-boost|p2a: Polteageist|spa|2
|-boost|p2a: Polteageist|spe|2
|move|p1a: Corviknight|Brave Bird|p2a: Polteageist
|-supereffective|p2a: Polteageist
|-enditem|p2a: Polteageist|Focus Sash
|-damage|p2a: Polteageist|1/100
|-ability|p2a: Polteageist|Weak Armor|boost
|-unboost|p2a: Polteageist|def|1
|-boost|p2a: Polteageist|spe|2
|-damage|p1a: Corviknight|69/100|[from] Recoil
|
|-heal|p1a: Corviknight|75/100|[from] item: Leftovers
|upkeep
|turn|24
|inactive|kasage has 120 seconds left.
|
|t:|1758951689
|move|p2a: Polteageist|Stored Power|p1a: Corviknight
|-resisted|p1a: Corviknight
|-damage|p1a: Corviknight|0 fnt
|faint|p1a: Corviknight
|
|upkeep
|
|t:|1758951698
|switch|p1a: Dragonite|Dragonite, M|100/100
|turn|25
|inactive|kasage has 120 seconds left.
|
|t:|1758951703
|move|p2a: Polteageist|Stored Power|p1a: Dragonite
|-crit|p1a: Dragonite
|-damage|p1a: Dragonite|0 fnt
|faint|p1a: Dragonite
|
|upkeep
|
|t:|1758951707
|switch|p1a: Keldeo|Keldeo-Resolute|100/100
|turn|26
|
|t:|1758951714
|-terastallize|p1a: Keldeo|Water
|move|p2a: Polteageist|Shadow Ball|p1a: Keldeo
|-damage|p1a: Keldeo|0 fnt
|faint|p1a: Keldeo
|
|win|shitmon_advocate
|raw|kasage's rating: 1295 &rarr; <strong>1275</strong><br />(-20 for losing)
|raw|shitmon_advocate's rating: 1371 &rarr; <strong>1387</strong><br />(+16 for winning)
|l|☆kasage
|player|p1|
|l|☆shitmon_advocate
|player|p2|
