|j|☆Captain Brusin'
|j|‽dorinkashixv
|t:|1759009362
|gametype|singles
|player|p1|Captain Brusin'|harlequin|1247
|player|p2|dorinkashixv|101|1234
|gen|9
|tier|[Gen 9] OU
|rated|
|rule|HP Percentage Mod: HP is shown in percentages
|rule|Endless Battle Clause: Forcing endless battles is banned
|rule|Species Clause: Limit one of each Pokémon
|rule|OHKO Clause: OHKO moves are banned
|rule|Evasion Items Clause: Evasion items are banned
|rule|Evasion Moves Clause: Evasion moves are banned
|rule|Evasion Abilities Clause: Evasion abilities are banned
|rule|Sleep Moves Clause: Sleep-inducing moves are banned
|clearpoke
|poke|p1|Hydreigon, F|
|poke|p1|Tornadus-Therian, M|
|poke|p1|Slowking-Galar, F|
|poke|p1|Zoroark-Hisui, F|
|poke|p1|Cetitan, M|
|poke|p1|Corviknight, M|
|poke|p2|Iron Treads|
|poke|p2|Zangoose, M|
|poke|p2|Zamazenta-*|
|poke|p2|Iron Valiant|
|poke|p2|Dragonite, M|
|poke|p2|Zapdos|
|teampreview
|
|t:|1759009382
|teamsize|p1|6
|teamsize|p2|6
|start
|switch|p1a: Jet2holiday|Tornadus-Therian, M, shiny|100/100
|switch|p2a: Zangoose|Zangoose, M|100/100
|turn|1
|
|t:|1759009390
|move|p2a: Zangoose|Final Gambit|p1a: Jet2holiday
|-damage|p1a: Jet2holiday|0 fnt
|faint|p2a: Zangoose
|faint|p1a: Jet2holiday
|
|upkeep
|
|t:|1759009402
|switch|p1a: Big Chungus|Cetitan, M|100/100
|switch|p2a: Zapdos|Zapdos|100/100
|turn|2
|
|t:|1759009406
|switch|p1a: Dr. Shrunk|Slowking-Galar, F, shiny|100/100
|move|p2a: Zapdos|Heat Wave|p1a: Dr. Shrunk
|-damage|p1a: Dr. Shrunk|73/100
|
|upkeep
|turn|3
|
|t:|1759009413
|switch|p2a: Zamazenta|Zamazenta|100/100
|-ability|p2a: Zamazenta|Dauntless Shield|boost
|-boost|p2a: Zamazenta|def|1
|-prepare|p1a: Dr. Shrunk|Chilly Reception|[premajor]
|move|p1a: Dr. Shrunk|Chilly Reception|p1a: Dr. Shrunk
|-weather|Snowscape
|
|t:|1759009416
|switch|p1a: Big Chungus|Cetitan, M|100/100|[from] Chilly Reception
|
|-weather|Snowscape|[upkeep]
|upkeep
|turn|4
|
|t:|1759009427
|move|p2a: Zamazenta|Close Combat|p1a: Big Chungus
|-immune|p1a: Big Chungus
|move|p1a: Big Chungus|Substitute|p1a: Big Chungus
|-start|p1a: Big Chungus|Substitute
|-damage|p1a: Big Chungus|76/100
|
|-weather|Snowscape|[upkeep]
|-heal|p1a: Big Chungus|82/100|[from] item: Leftovers
|upkeep
|turn|5
|
|t:|1759009436
|switch|p2a: Zapdos|Zapdos|100/100
|move|p1a: Big Chungus|Nasty Plot|p1a: Big Chungus
|-boost|p1a: Big Chungus|spa|2
|
|-weather|Snowscape|[upkeep]
|-heal|p1a: Big Chungus|88/100|[from] item: Leftovers
|upkeep
|turn|6
|
|t:|1759009445
|move|p1a: Big Chungus|Bitter Malice|p2a: Zapdos
|-damage|p2a: Zapdos|20/100
|-unboost|p2a: Zapdos|atk|1
|move|p2a: Zapdos|Volt Switch|p1a: Big Chungus
|-end|p1a: Big Chungus|Substitute
|
|t:|1759009454
|switch|p2a: Zamazenta|Zamazenta|100/100|[from] Volt Switch
|
|-weather|Snowscape|[upkeep]
|-heal|p1a: Big Chungus|94/100|[from] item: Leftovers
|upkeep
|turn|7
|
|t:|1759009466
|switch|p1a: Earl|Corviknight, M|100/100
|-ability|p1a: Earl|Pressure
|move|p2a: Zamazenta|Crunch|p1a: Earl
|-damage|p1a: Earl|79/100
|-damage|p2a: Zamazenta|84/100|[from] item: Rocky Helmet|[of] p1a: Earl
|
|-weather|none
|upkeep
|turn|8
|
|t:|1759009477
|switch|p2a: Zapdos|Zapdos|20/100
|move|p1a: Earl|U-turn|p2a: Zapdos
|-resisted|p2a: Zapdos
|-damage|p2a: Zapdos|10/100
|-status|p1a: Earl|par|[from] ability: Static|[of] p2a: Zapdos
|
|t:|1759009485
|switch|p1a: 10% Gambler|Hydreigon, F, shiny|100/100|[from] U-turn
|
|upkeep
|turn|9
|
|t:|1759009491
|move|p2a: Zapdos|Hurricane|p1a: 10% Gambler|[miss]
|-miss|p2a: Zapdos|p1a: 10% Gambler
|move|p1a: 10% Gambler|Dragon Dance|p1a: 10% Gambler
|-boost|p1a: 10% Gambler|atk|1
|-boost|p1a: 10% Gambler|spe|1
|
|upkeep
|turn|10
|
|t:|1759009507
|move|p1a: 10% Gambler|Tera Blast|p2a: Zapdos
|-damage|p2a: Zapdos|0 fnt
|faint|p2a: Zapdos
|
|upkeep
|
|t:|1759009512
|switch|p2a: Dragonite|Dragonite, M|100/100
|turn|11
|
|t:|1759009520
|-terastallize|p1a: 10% Gambler|Steel
|move|p1a: 10% Gambler|Dragon Dance|p1a: 10% Gambler
|-boost|p1a: 10% Gambler|atk|1
|-boost|p1a: 10% Gambler|spe|1
|move|p2a: Dragonite|Scale Shot|p1a: 10% Gambler
|-resisted|p1a: 10% Gambler
|-damage|p1a: 10% Gambler|92/100
|-resisted|p1a: 10% Gambler
|-damage|p1a: 10% Gambler|83/100
|-resisted|p1a: 10% Gambler
|-damage|p1a: 10% Gambler|74/100
|-resisted|p1a: 10% Gambler
|-damage|p1a: 10% Gambler|66/100
|-hitcount|p1a: 10% Gambler|4
|-unboost|p2a: Dragonite|def|1
|-boost|p2a: Dragonite|spe|1
|
|upkeep
|turn|12
|
|t:|1759009540
|switch|p2a: Iron Treads|Iron Treads|100/100
|-item|p2a: Iron Treads|Air Balloon
|move|p1a: 10% Gambler|Tera Blast|p2a: Iron Treads|[anim] Tera Blast Steel
|-resisted|p2a: Iron Treads
|-damage|p2a: Iron Treads|66/100
|-enditem|p2a: Iron Treads|Air Balloon
|
|upkeep
|turn|13
|
|t:|1759009549
|move|p1a: 10% Gambler|Crunch|p2a: Iron Treads
|-damage|p2a: Iron Treads|0 fnt
|faint|p2a: Iron Treads
|-end|p2a: Iron Treads|Quark Drive|[silent]
|
|upkeep
|
|t:|1759009553
|switch|p2a: Dragonite|Dragonite, M|100/100
|turn|14
|
|t:|1759009559
|-terastallize|p2a: Dragonite|Fire
|move|p1a: 10% Gambler|Scale Shot|p2a: Dragonite
|-damage|p2a: Dragonite|88/100
|-damage|p2a: Dragonite|61/100
|-damage|p2a: Dragonite|32/100
|-damage|p2a: Dragonite|4/100
|-hitcount|p2a: Dragonite|4
|-unboost|p1a: 10% Gambler|def|1
|-boost|p1a: 10% Gambler|spe|1
|move|p2a: Dragonite|Fire Punch|p1a: 10% Gambler
|-supereffective|p1a: 10% Gambler
|-damage|p1a: 10% Gambler|0 fnt
|faint|p1a: 10% Gambler
|
|upkeep
|
|t:|1759009573
|switch|p1a: Big Chungus|Cetitan, M|94/100
|turn|15
|
|t:|1759009582
|move|p1a: Big Chungus|Tera Blast|p2a: Dragonite
|-damage|p2a: Dragonite|0 fnt
|faint|p2a: Dragonite
|
|-heal|p1a: Big Chungus|99/100|[from] item: Leftovers
|upkeep
|
|t:|1759009595
|switch|p2a: Zamazenta|Zamazenta|84/100
|turn|16
|
|t:|1759009623
|move|p2a: Zamazenta|Close Combat|p1a: Big Chungus
|-immune|p1a: Big Chungus
|move|p1a: Big Chungus|Substitute|p1a: Big Chungus
|-start|p1a: Big Chungus|Substitute
|-damage|p1a: Big Chungus|75/100
|
|-heal|p1a: Big Chungus|81/100|[from] item: Leftovers
|upkeep
|turn|17
|
|t:|1759009627
|switch|p2a: Iron Valiant|Iron Valiant|100/100
|-enditem|p2a: Iron Valiant|Booster Energy
|-activate|p2a: Iron Valiant|ability: Quark Drive|[fromitem]
|-start|p2a: Iron Valiant|quarkdrivespe
|move|p1a: Big Chungus|Bitter Malice|p2a: Iron Valiant
|-damage|p2a: Iron Valiant|36/100
|-unboost|p2a: Iron Valiant|atk|1
|
|-heal|p1a: Big Chungus|87/100|[from] item: Leftovers
|upkeep
|turn|18
|-message|dorinkashixv forfeited.
|
|win|Captain Brusin'
|raw|Captain Brusin&apos;'s rating: 1247 &rarr; <strong>1271</strong><br />(+24 for winning)
|raw|dorinkashixv's rating: 1234 &rarr; <strong>1210</strong><br />(-24 for losing)
|l|‽dorinkashixv
|player|p2|
|l|☆Captain Brusin'
|player|p1|
