|badge|p2|bronze|gen9ou|100-6
|html|<div class="broadcast-red"><strong>This battle is required to be public due to one or more player having a season medal.</strong><br />During the public phase, you can discuss the state of the ladder <a href="/seasondiscussion">in a special chatroom.</a></div>
|uhtml|medal-msg|<div class="broadcast-blue">Curious what those medals under the avatar are? PS now has Ladder Seasons! For more information, check out the <a href="https://www.smogon.com/forums/threads/3740067/">thread on Smogon.</a></div>
|raw|<div class="broadcast-blue"><strong>This battle is required to be public due to a player having a name starting with 'medal'.</div>
|j|☆ywkkdzz
|j|☆LT124 SPEEDRUNNING
|t:|1759070658
|gametype|singles
|player|p1|ywkkdzz|skierf-gen4dp|1711
|player|p2|LT124 SPEEDRUNNING|hiker-gen4|1813
|gen|9
|tier|[Gen 9] OU
|rated|
|rule|HP Percentage Mod: HP is shown in percentages
|rule|Endless Battle Clause: Forcing endless battles is banned
|rule|Species Clause: Limit one of each Pokémon
|rule|OHKO Clause: OHKO moves are banned
|rule|Evasion Items Clause: Evasion items are banned
|rule|Evasion Moves Clause: Evasion moves are banned
|rule|Evasion Abilities Clause: Evasion abilities are banned
|rule|Sleep Moves Clause: Sleep-inducing moves are banned
|clearpoke
|poke|p1|Iron Valiant|
|poke|p1|Dragapult, M|
|poke|p1|Gholdengo|
|poke|p1|Dragonite, M|
|poke|p1|Alomomola, F|
|poke|p1|Cinderace, F|
|poke|p2|Rillaboom, F|
|poke|p2|Darkrai|
|poke|p2|Great Tusk|
|poke|p2|Gholdengo|
|poke|p2|Iron Valiant|
|poke|p2|Iron Boulder|
|teampreview
|inactive|Battle timer is ON: inactive players will automatically lose when time's up. (requested by ywkkdzz)
|
|t:|1759070675
|teamsize|p1|6
|teamsize|p2|6
|start
|switch|p1a: Alomomola|Alomomola, F, shiny|100/100
|switch|p2a: Iron Boulder|Iron Boulder|100/100
|turn|1
|
|t:|1759070684
|move|p2a: Iron Boulder|Mighty Cleave|p1a: Alomomola
|-damage|p1a: Alomomola|62/100
|move|p1a: Alomomola|Flip Turn|p2a: Iron Boulder
|-supereffective|p2a: Iron Boulder
|-crit|p2a: Iron Boulder
|-damage|p2a: Iron Boulder|36/100
|
|t:|1759070692
|switch|p1a: Dragapult|Dragapult, M|100/100|[from] Flip Turn
|
|upkeep
|turn|2
|j| wgw2333
|
|t:|1759070716
|-end|p2a: Iron Boulder|Quark Drive|[silent]
|switch|p2a: Darkrai|Darkrai|100/100
|move|p1a: Dragapult|U-turn|p2a: Darkrai
|-supereffective|p2a: Darkrai
|-crit|p2a: Darkrai
|-damage|p2a: Darkrai|0 fnt
|faint|p2a: Darkrai
|j| lpgm10
|
|t:|1759070728
|switch|p1a: Iron Valiant|Iron Valiant|100/100|[from] U-turn
|
|upkeep
|
|t:|1759070734
|switch|p2a: Rillaboom|Rillaboom, F|100/100
|-fieldstart|move: Grassy Terrain|[from] ability: Grassy Surge|[of] p2a: Rillaboom
|turn|3
|
|t:|1759070741
|move|p1a: Iron Valiant|Moonblast|p2a: Rillaboom
|-damage|p2a: Rillaboom|2/100
|move|p2a: Rillaboom|Wood Hammer|p1a: Iron Valiant
|-crit|p1a: Iron Valiant
|-damage|p1a: Iron Valiant|0 fnt
|faint|p1a: Iron Valiant
|-end|p1a: Iron Valiant|Quark Drive|[silent]
|-damage|p2a: Rillaboom|0 fnt|[from] Recoil
|faint|p2a: Rillaboom
|
|upkeep
|
|t:|1759070751
|switch|p1a: Alomomola|Alomomola, F, shiny|95/100
|switch|p2a: Gholdengo|Gholdengo|100/100
|-item|p2a: Gholdengo|Air Balloon
|turn|4
|
|t:|1759070754
|move|p2a: Gholdengo|Nasty Plot|p2a: Gholdengo
|-boost|p2a: Gholdengo|spa|2
|move|p1a: Alomomola|Flip Turn|p2a: Gholdengo
|-damage|p2a: Gholdengo|83/100
|-enditem|p2a: Gholdengo|Air Balloon
|
|t:|1759070761
|switch|p1a: Cinderace|Cinderace, F, shiny|100/100|[from] Flip Turn
|
|-heal|p2a: Gholdengo|89/100|[from] Grassy Terrain
|upkeep
|turn|5
|
|t:|1759070768
|-terastallize|p2a: Gholdengo|Water
|move|p1a: Cinderace|U-turn|p2a: Gholdengo
|-start|p1a: Cinderace|typechange|Bug|[from] ability: Libero
|-damage|p2a: Gholdengo|56/100
|
|t:|1759070774
|switch|p1a: Alomomola|Alomomola, F, shiny|100/100|[from] U-turn
|move|p2a: Gholdengo|Thunder Wave|p1a: Alomomola
|-status|p1a: Alomomola|par
|
|-heal|p2a: Gholdengo|62/100|[from] Grassy Terrain
|upkeep
|turn|6
|
|t:|1759070779
|move|p2a: Gholdengo|Nasty Plot|p2a: Gholdengo
|-boost|p2a: Gholdengo|spa|2
|move|p1a: Alomomola|Flip Turn|p2a: Gholdengo
|-resisted|p2a: Gholdengo
|-damage|p2a: Gholdengo|53/100
|
|t:|1759070787
|switch|p1a: Dragapult|Dragapult, M|100/100|[from] Flip Turn
|
|-heal|p2a: Gholdengo|59/100|[from] Grassy Terrain
|upkeep
|turn|7
|
|t:|1759070799
|move|p1a: Dragapult|Dragon Darts|p2a: Gholdengo
|-damage|p2a: Gholdengo|16/100
|-anim|p1a: Dragapult|Dragon Darts|p2a: Gholdengo
|-damage|p2a: Gholdengo|0 fnt
|faint|p2a: Gholdengo
|
|-fieldend|move: Grassy Terrain
|upkeep
|-message|LT124 SPEEDRUNNING forfeited.
|
|win|ywkkdzz
|raw|ywkkdzz's rating: 1711 &rarr; <strong>1737</strong><br />(+26 for winning)
|raw|LT124 SPEEDRUNNING's rating: 1813 &rarr; <strong>1787</strong><br />(-26 for losing)
|l|☆LT124 SPEEDRUNNING
|player|p2|
|l| wgw2333
|j| cryyysneasel
|l| cryyysneasel
