|j|☆Pityplatsch
|j|☆franciscodragon1
|t:|1758956308
|gametype|singles
|player|p1|Pityplatsch|wallace|1028
|player|p2|franciscodragon1|pokemaniac|1062
|gen|9
|tier|[Gen 9] OU
|rated|
|rule|HP Percentage Mod: HP is shown in percentages
|rule|Endless Battle Clause: Forcing endless battles is banned
|rule|Species Clause: Limit one of each Pokémon
|rule|OHKO Clause: OHKO moves are banned
|rule|Evasion Items Clause: Evasion items are banned
|rule|Evasion Moves Clause: Evasion moves are banned
|rule|Evasion Abilities Clause: Evasion abilities are banned
|rule|Sleep Moves Clause: Sleep-inducing moves are banned
|clearpoke
|poke|p1|Alomomola, F|
|poke|p1|Hatterene, F|
|poke|p1|Gliscor, F|
|poke|p1|Comfey, F|
|poke|p1|Slowking-Galar, M|
|poke|p1|Latias, F|
|poke|p2|Morpeko, F|
|poke|p2|Hatterene, F|
|poke|p2|Slither Wing|
|poke|p2|Toxicroak, M|
|poke|p2|Gliscor, F|
|poke|p2|Kyurem|
|teampreview
|inactive|Battle timer is ON: inactive players will automatically lose when time's up. (requested by franciscodragon1)
|
|t:|1758956317
|teamsize|p1|6
|teamsize|p2|6
|start
|switch|p1a: Ruhepol|Alomomola, F, shiny|100/100
|switch|p2a: Morpeko|Morpeko, F|100/100
|turn|1
|
|t:|1758956323
|move|p2a: Morpeko|Aura Wheel|p1a: Ruhepol
|-supereffective|p1a: Ruhepol
|-damage|p1a: Ruhepol|50/100
|-boost|p2a: Morpeko|spe|1
|move|p1a: Ruhepol|Scald|p2a: Morpeko
|-damage|p2a: Morpeko|73/100
|
|-formechange|p2a: Morpeko|Morpeko-Hangry||[from] ability: Hunger Switch
|upkeep
|turn|2
|
|t:|1758956344
|move|p2a: Morpeko|Parting Shot|p1a: Ruhepol
|-unboost|p1a: Ruhepol|atk|1
|-unboost|p1a: Ruhepol|spa|1
|
|t:|1758956356
|switch|p2a: Hatterene|Hatterene, F|100/100|[from] Parting Shot
|move|p1a: Ruhepol|Flip Turn|p2a: Hatterene
|-damage|p2a: Hatterene|89/100
|
|t:|1758956364
|switch|p1a: Showtime Glow|Slowking-Galar, M|100/100|[from] Flip Turn
|
|-heal|p2a: Hatterene|95/100|[from] item: Leftovers
|upkeep
|turn|3
|
|t:|1758956383
|switch|p2a: Gliscor|Gliscor, F|100/100
|move|p1a: Showtime Glow|Future Sight|p2a: Gliscor
|-start|p1a: Showtime Glow|move: Future Sight
|
|-status|p2a: Gliscor|tox|[from] item: Toxic Orb
|upkeep
|turn|4
|
|t:|1758956413
|move|p2a: Gliscor|U-turn|p1a: Showtime Glow
|-damage|p1a: Showtime Glow|83/100
|
|t:|1758956420
|switch|p2a: Morpeko|Morpeko, F|73/100|[from] U-turn
|-prepare|p1a: Showtime Glow|Chilly Reception|[premajor]
|move|p1a: Showtime Glow|Chilly Reception|p1a: Showtime Glow
|-weather|Snowscape
|
|t:|1758956430
|switch|p1a: Nachtwache|Gliscor, F|100/100|[from] Chilly Reception
|
|-weather|Snowscape|[upkeep]
|-status|p1a: Nachtwache|tox|[from] item: Toxic Orb
|-formechange|p2a: Morpeko|Morpeko-Hangry||[from] ability: Hunger Switch
|upkeep
|turn|5
|
|t:|1758956444
|move|p2a: Morpeko|Fake Out|p1a: Nachtwache
|-damage|p1a: Nachtwache|91/100 tox
|cant|p1a: Nachtwache|flinch
|
|-weather|Snowscape|[upkeep]
|-end|p2a: Morpeko|move: Future Sight
|-immune|p2a: Morpeko
|-heal|p1a: Nachtwache|100/100 tox|[from] ability: Poison Heal
|-formechange|p2a: Morpeko|Morpeko||[from] ability: Hunger Switch
|upkeep
|turn|6
|
|t:|1758956455
|move|p2a: Morpeko|Parting Shot|p1a: Nachtwache
|-unboost|p1a: Nachtwache|atk|1
|-unboost|p1a: Nachtwache|spa|1
|
|t:|1758956467
|switch|p2a: Kyurem|Kyurem|100/100|[from] Parting Shot
|-ability|p2a: Kyurem|Pressure
|move|p1a: Nachtwache|Earthquake|p2a: Kyurem
|-damage|p2a: Kyurem|82/100
|
|-weather|Snowscape|[upkeep]
|upkeep
|turn|7
|
|t:|1758956482
|switch|p1a: Showtime Glow|Slowking-Galar, M|100/100
|move|p2a: Kyurem|Ice Beam|p1a: Showtime Glow
|-damage|p1a: Showtime Glow|58/100
|
|-weather|Snowscape|[upkeep]
|upkeep
|turn|8
|inactive|Pityplatsch has 120 seconds left.
|
|t:|1758956502
|switch|p2a: Hatterene|Hatterene, F|95/100
|move|p1a: Showtime Glow|Focus Blast|p2a: Hatterene|[miss]
|-miss|p1a: Showtime Glow|p2a: Hatterene
|
|-weather|none
|-heal|p2a: Hatterene|100/100|[from] item: Leftovers
|upkeep
|turn|9
|
|t:|1758956512
|move|p2a: Hatterene|Future Sight|p1a: Showtime Glow
|-start|p2a: Hatterene|move: Future Sight
|move|p1a: Showtime Glow|Sludge Bomb|p2a: Hatterene
|-supereffective|p2a: Hatterene
|-damage|p2a: Hatterene|13/100
|
|-heal|p2a: Hatterene|19/100|[from] item: Leftovers
|upkeep
|turn|10
|
|t:|1758956528
|switch|p2a: Toxicroak|Toxicroak, M|100/100
|move|p1a: Showtime Glow|Sludge Bomb|p2a: Toxicroak
|-resisted|p2a: Toxicroak
|-damage|p2a: Toxicroak|62/100
|
|upkeep
|turn|11
|
|t:|1758956539
|move|p2a: Toxicroak|Swords Dance|p2a: Toxicroak
|-boost|p2a: Toxicroak|atk|2
|move|p1a: Showtime Glow|Future Sight|p2a: Toxicroak
|-start|p1a: Showtime Glow|move: Future Sight
|
|-end|p1a: Showtime Glow|move: Future Sight
|-damage|p1a: Showtime Glow|6/100
|upkeep
|turn|12
|
|t:|1758956551
|switch|p1a: Ruhepol|Alomomola, F, shiny|83/100
|move|p2a: Toxicroak|Close Combat|p1a: Ruhepol
|-damage|p1a: Ruhepol|11/100
|-unboost|p2a: Toxicroak|def|1
|-unboost|p2a: Toxicroak|spd|1
|-damage|p2a: Toxicroak|45/100|[from] item: Rocky Helmet|[of] p1a: Ruhepol
|-damage|p2a: Toxicroak|36/100|[from] item: Life Orb
|
|upkeep
|turn|13
|
|t:|1758956564
|switch|p1a: Nachtwache|Gliscor, F|100/100 tox
|move|p2a: Toxicroak|Gunk Shot|p1a: Nachtwache
|-resisted|p1a: Nachtwache
|-damage|p1a: Nachtwache|29/100 tox
|-damage|p2a: Toxicroak|26/100|[from] item: Life Orb
|
|-end|p2a: Toxicroak|move: Future Sight
|-supereffective|p2a: Toxicroak
|-damage|p2a: Toxicroak|0 fnt
|faint|p2a: Toxicroak
|-heal|p1a: Nachtwache|42/100 tox|[from] ability: Poison Heal
|upkeep
|
|t:|1758956579
|switch|p2a: Kyurem|Kyurem|82/100
|-ability|p2a: Kyurem|Pressure
|turn|14
|
|t:|1758956589
|move|p2a: Kyurem|Draco Meteor|p1a: Nachtwache
|-damage|p1a: Nachtwache|0 fnt
|-unboost|p2a: Kyurem|spa|2
|faint|p1a: Nachtwache
|
|upkeep
|
|t:|1758956596
|switch|p1a: Light Crown|Comfey, F|100/100
|turn|15
|
|t:|1758956601
|switch|p2a: Hatterene|Hatterene, F|19/100
|move|p1a: Light Crown|Calm Mind|p1a: Light Crown
|-boost|p1a: Light Crown|spa|1
|-boost|p1a: Light Crown|spd|1
|
|-heal|p2a: Hatterene|25/100|[from] item: Leftovers
|upkeep
|turn|16
|
|t:|1758956613
|-terastallize|p1a: Light Crown|Ground
|move|p1a: Light Crown|Calm Mind|p1a: Light Crown
|-boost|p1a: Light Crown|spa|1
|-boost|p1a: Light Crown|spd|1
|move|p2a: Hatterene|Mystical Fire|p1a: Light Crown
|-damage|p1a: Light Crown|86/100
|-unboost|p1a: Light Crown|spa|1
|
|-heal|p1a: Light Crown|92/100|[from] item: Leftovers
|-heal|p2a: Hatterene|31/100|[from] item: Leftovers
|upkeep
|turn|17
|
|t:|1758956629
|move|p1a: Light Crown|Calm Mind|p1a: Light Crown
|-boost|p1a: Light Crown|spa|1
|-boost|p1a: Light Crown|spd|1
|move|p2a: Hatterene|Calm Mind|p2a: Hatterene
|-boost|p2a: Hatterene|spa|1
|-boost|p2a: Hatterene|spd|1
|
|-heal|p1a: Light Crown|99/100|[from] item: Leftovers
|-heal|p2a: Hatterene|37/100|[from] item: Leftovers
|upkeep
|turn|18
|
|t:|1758956643
|move|p1a: Light Crown|Tera Blast|p2a: Hatterene|[anim] Tera Blast Ground
|-damage|p2a: Hatterene|0 fnt
|faint|p2a: Hatterene
|
|-heal|p1a: Light Crown|100/100|[from] item: Leftovers
|upkeep
|
|t:|1758956657
|switch|p2a: Morpeko|Morpeko, F|73/100
|turn|19
|
|t:|1758956660
|move|p2a: Morpeko|Fake Out|p1a: Light Crown
|-damage|p1a: Light Crown|88/100
|cant|p1a: Light Crown|flinch
|
|-heal|p1a: Light Crown|94/100|[from] item: Leftovers
|-formechange|p2a: Morpeko|Morpeko-Hangry||[from] ability: Hunger Switch
|upkeep
|turn|20
|
|t:|1758956669
|move|p1a: Light Crown|Draining Kiss|p2a: Morpeko
|-supereffective|p2a: Morpeko
|-crit|p2a: Morpeko
|-damage|p2a: Morpeko|0 fnt
|-heal|p1a: Light Crown|100/100|[from] drain|[of] p2a: Morpeko
|faint|p2a: Morpeko
|
|upkeep
|
|t:|1758956675
|switch|p2a: Slither Wing|Slither Wing|100/100
|turn|21
|
|t:|1758956686
|-terastallize|p2a: Slither Wing|Fire
|move|p1a: Light Crown|Draining Kiss|p2a: Slither Wing
|-resisted|p2a: Slither Wing
|-damage|p2a: Slither Wing|82/100
|move|p2a: Slither Wing|Close Combat|p1a: Light Crown
|-damage|p1a: Light Crown|0 fnt
|-unboost|p2a: Slither Wing|def|1
|-unboost|p2a: Slither Wing|spd|1
|faint|p1a: Light Crown
|-damage|p2a: Slither Wing|72/100|[from] item: Life Orb
|
|upkeep
|inactive|Pityplatsch has 120 seconds left.
|
|t:|1758956718
|switch|p1a: Ruhepol|Alomomola, F, shiny|45/100
|turn|22
|
|t:|1758956726
|switch|p1a: Showtime Glow|Slowking-Galar, M|39/100
|move|p2a: Slither Wing|Close Combat|p1a: Showtime Glow
|-resisted|p1a: Showtime Glow
|-damage|p1a: Showtime Glow|13/100
|-unboost|p2a: Slither Wing|def|1
|-unboost|p2a: Slither Wing|spd|1
|-damage|p2a: Slither Wing|62/100|[from] item: Life Orb
|
|upkeep
|turn|23
|inactive|Pityplatsch has 120 seconds left.
|
|t:|1758956756
|switch|p1a: Good as Gold|Latias, F, shiny|100/100
|move|p2a: Slither Wing|U-turn|p1a: Good as Gold
|-supereffective|p1a: Good as Gold
|-damage|p1a: Good as Gold|0 fnt
|faint|p1a: Good as Gold
|-damage|p2a: Slither Wing|52/100|[from] item: Life Orb
|
|t:|1758956765
|-end|p2a: Slither Wing|Protosynthesis|[silent]
|switch|p2a: Gliscor|Gliscor, F|100/100 tox|[from] U-turn
|
|upkeep
|
|t:|1758956770
|switch|p1a: Ruhepol|Alomomola, F, shiny|78/100
|turn|24
|
|t:|1758956774
|move|p2a: Gliscor|Stealth Rock|p1a: Ruhepol
|-sidestart|p1: Pityplatsch|move: Stealth Rock
|move|p1a: Ruhepol|Whirlpool|p2a: Gliscor
|-supereffective|p2a: Gliscor
|-damage|p2a: Gliscor|90/100 tox
|-activate|p2a: Gliscor|move: Whirlpool|[of] p1a: Ruhepol
|
|-heal|p2a: Gliscor|100/100 tox|[from] ability: Poison Heal
|-damage|p2a: Gliscor|88/100 tox|[from] move: Whirlpool|[partiallytrapped]
|upkeep
|turn|25
|
|t:|1758956782
|move|p2a: Gliscor|Knock Off|p1a: Ruhepol
|-damage|p1a: Ruhepol|66/100
|-damage|p2a: Gliscor|71/100 tox|[from] item: Rocky Helmet|[of] p1a: Ruhepol
|-enditem|p1a: Ruhepol|Rocky Helmet|[from] move: Knock Off|[of] p2a: Gliscor
|move|p1a: Ruhepol|Scald|p2a: Gliscor
|-supereffective|p2a: Gliscor
|-damage|p2a: Gliscor|48/100 tox
|
|-heal|p2a: Gliscor|60/100 tox|[from] ability: Poison Heal
|-damage|p2a: Gliscor|48/100 tox|[from] move: Whirlpool|[partiallytrapped]
|upkeep
|turn|26
|
|t:|1758956798
|move|p2a: Gliscor|Earthquake|p1a: Ruhepol
|-damage|p1a: Ruhepol|47/100
|move|p1a: Ruhepol|Scald|p2a: Gliscor
|-supereffective|p2a: Gliscor
|-damage|p2a: Gliscor|24/100 tox
|
|-heal|p2a: Gliscor|36/100 tox|[from] ability: Poison Heal
|-damage|p2a: Gliscor|24/100 tox|[from] move: Whirlpool|[partiallytrapped]
|upkeep
|turn|27
|
|t:|1758956810
|move|p2a: Gliscor|U-turn|p1a: Ruhepol
|-damage|p1a: Ruhepol|38/100
|
|t:|1758956813
|switch|p2a: Kyurem|Kyurem|82/100|[from] U-turn
|-ability|p2a: Kyurem|Pressure
|move|p1a: Ruhepol|Wish|p1a: Ruhepol
|
|upkeep
|turn|28
|
|t:|1758956827
|switch|p2a: Slither Wing|Slither Wing, tera:Fire|52/100
|switch|p1a: Disturbia|Hatterene, F|100/100
|-damage|p1a: Disturbia|88/100|[from] Stealth Rock
|
|-heal|p1a: Disturbia|100/100|[from] move: Wish|[wisher] Ruhepol
|upkeep
|turn|29
|
|t:|1758956838
|move|p2a: Slither Wing|U-turn|p1a: Disturbia
|-damage|p1a: Disturbia|45/100
|-damage|p2a: Slither Wing|42/100|[from] item: Life Orb
|
|t:|1758956842
|-end|p2a: Slither Wing|Protosynthesis|[silent]
|switch|p2a: Gliscor|Gliscor, F|24/100 tox|[from] U-turn
|move|p1a: Disturbia|Trick Room|p1a: Disturbia
|-fieldstart|move: Trick Room|[of] p1a: Disturbia
|
|-heal|p2a: Gliscor|36/100 tox|[from] ability: Poison Heal
|upkeep
|turn|30
|
|t:|1758956855
|move|p1a: Disturbia|Psychic|p2a: Gliscor
|-damage|p2a: Gliscor|0 fnt
|faint|p2a: Gliscor
|-damage|p1a: Disturbia|36/100|[from] item: Life Orb
|
|upkeep
|inactive|franciscodragon1 has 120 seconds left.
|
|t:|1758956890
|switch|p2a: Slither Wing|Slither Wing, tera:Fire|42/100
|turn|31
|inactive|franciscodragon1 has 120 seconds left.
|
|t:|1758956900
|move|p1a: Disturbia|Psychic|p2a: Slither Wing
|-damage|p2a: Slither Wing|0 fnt
|faint|p2a: Slither Wing
|-end|p2a: Slither Wing|Protosynthesis|[silent]
|-damage|p1a: Disturbia|26/100|[from] item: Life Orb
|
|upkeep
|
|t:|1758956903
|switch|p2a: Kyurem|Kyurem|82/100
|-ability|p2a: Kyurem|Pressure
|turn|32
|
|t:|1758956910
|move|p1a: Disturbia|Dazzling Gleam|p2a: Kyurem
|-supereffective|p2a: Kyurem
|-damage|p2a: Kyurem|0 fnt
|faint|p2a: Kyurem
|-damage|p1a: Disturbia|16/100|[from] item: Life Orb
|
|win|Pityplatsch
|raw|Pityplatsch's rating: 1028 &rarr; <strong>1067</strong><br />(+39 for winning)
|raw|franciscodragon1's rating: 1062 &rarr; <strong>1041</strong><br />(-21 for losing)
|l|☆franciscodragon1
|player|p2|
