|j|☆Megumin's Husband
|j|☆Sunshinne
|t:|1759034601
|gametype|singles
|player|p1|Megumin's Husband|guitarist|1507
|player|p2|Sunshinne|lacey|1498
|gen|9
|tier|[Gen 9] OU
|rated|
|rule|HP Percentage Mod: HP is shown in percentages
|rule|Endless Battle Clause: Forcing endless battles is banned
|rule|Species Clause: Limit one of each Pokémon
|rule|OHKO Clause: OHKO moves are banned
|rule|Evasion Items Clause: Evasion items are banned
|rule|Evasion Moves Clause: Evasion moves are banned
|rule|Evasion Abilities Clause: Evasion abilities are banned
|rule|Sleep Moves Clause: Sleep-inducing moves are banned
|clearpoke
|poke|p1|Pecharunt|
|poke|p1|Primarina, F|
|poke|p1|Heatran, M|
|poke|p1|Great Tusk|
|poke|p1|Weavile, F|
|poke|p1|Ogerpon, F|
|poke|p2|Ribombee, M|
|poke|p2|Glimmora, M|
|poke|p2|Manaphy|
|poke|p2|Zamazenta-*|
|poke|p2|Gholdengo|
|poke|p2|Kingambit, M|
|teampreview
|inactive|Battle timer is ON: inactive players will automatically lose when time's up. (requested by Sunshinne)
|
|t:|1759034611
|teamsize|p1|6
|teamsize|p2|6
|start
|switch|p1a: Weavile|Weavile, F|100/100
|switch|p2a: Glimmora|Glimmora, M|100/100
|-ability|p1a: Weavile|Pressure
|turn|1
|
|t:|1759034625
|move|p1a: Weavile|Triple Axel|p2a: Glimmora
|-damage|p2a: Glimmora|83/100
|-activate|p2a: Glimmora|ability: Toxic Debris
|-sidestart|p1: Megumin's Husband|move: Toxic Spikes
|-damage|p2a: Glimmora|47/100
|-activate|p2a: Glimmora|ability: Toxic Debris
|-sidestart|p1: Megumin's Husband|move: Toxic Spikes
|-damage|p2a: Glimmora|0 fnt
|faint|p2a: Glimmora
|-hitcount|p2: Glimmora|3
|
|upkeep
|
|t:|1759034635
|switch|p2a: Zamazenta|Zamazenta|100/100
|-ability|p2a: Zamazenta|Dauntless Shield|boost
|-boost|p2a: Zamazenta|def|1
|turn|2
|
|t:|1759034638
|switch|p1a: Pecharunt|Pecharunt|100/100
|-sideend|p1: Megumin's Husband|move: Toxic Spikes|[of] p1a: Pecharunt
|move|p2a: Zamazenta|Body Press|p1a: Pecharunt
|-immune|p1a: Pecharunt
|
|upkeep
|turn|3
|
|t:|1759034644
|switch|p2a: Gholdengo|Gholdengo|100/100
|-item|p2a: Gholdengo|Air Balloon
|move|p1a: Pecharunt|Parting Shot|p2a: Gholdengo
|-immune|p2a: Gholdengo|[from] ability: Good as Gold
|
|upkeep
|turn|4
|
|t:|1759034649
|switch|p1a: Heatran|Heatran, M, shiny|100/100
|-item|p1a: Heatran|Air Balloon
|move|p2a: Gholdengo|Thunder Wave|p1a: Heatran
|-status|p1a: Heatran|par
|
|upkeep
|turn|5
|
|t:|1759034655
|move|p2a: Gholdengo|Hex|p1a: Heatran
|-damage|p1a: Heatran|59/100 par
|-enditem|p1a: Heatran|Air Balloon
|move|p1a: Heatran|Stealth Rock|p2a: Gholdengo
|-sidestart|p2: Sunshinne|move: Stealth Rock
|
|upkeep
|turn|6
|
|t:|1759034661
|move|p2a: Gholdengo|Hex|p1a: Heatran
|-damage|p1a: Heatran|19/100 par
|cant|p1a: Heatran|par
|
|upkeep
|turn|7
|
|t:|1759034669
|move|p2a: Gholdengo|Hex|p1a: Heatran
|-damage|p1a: Heatran|0 fnt
|faint|p1a: Heatran
|
|upkeep
|
|t:|1759034671
|switch|p1a: Weavile|Weavile, F|100/100
|-ability|p1a: Weavile|Pressure
|turn|8
|
|t:|1759034673
|move|p1a: Weavile|Knock Off|p2a: Gholdengo
|-supereffective|p2a: Gholdengo
|-damage|p2a: Gholdengo|0 fnt
|-enditem|p2a: Gholdengo|Air Balloon
|faint|p2a: Gholdengo
|
|upkeep
|
|t:|1759034678
|switch|p2a: Ribombee|Ribombee, M|100/100
|-damage|p2a: Ribombee|76/100|[from] Stealth Rock
|turn|9
|
|t:|1759034681
|move|p1a: Weavile|Knock Off|p2a: Ribombee
|-resisted|p2a: Ribombee
|-damage|p2a: Ribombee|18/100
|-enditem|p2a: Ribombee|Focus Sash|[from] move: Knock Off|[of] p1a: Weavile
|move|p2a: Ribombee|Sticky Web|p1a: Weavile
|-sidestart|p1: Megumin's Husband|move: Sticky Web
|
|upkeep
|turn|10
|
|t:|1759034684
|move|p1a: Weavile|Knock Off|p2a: Ribombee
|-resisted|p2a: Ribombee
|-damage|p2a: Ribombee|0 fnt
|faint|p2a: Ribombee
|
|upkeep
|
|t:|1759034686
|switch|p2a: Zamazenta|Zamazenta|100/100
|-damage|p2a: Zamazenta|94/100|[from] Stealth Rock
|turn|11
|
|t:|1759034689
|switch|p2a: Manaphy|Manaphy|100/100
|-damage|p2a: Manaphy|88/100|[from] Stealth Rock
|switch|p1a: Pecharunt|Pecharunt|100/100
|-activate|p1a: Pecharunt|move: Sticky Web
|-unboost|p1a: Pecharunt|spe|1
|
|-heal|p2a: Manaphy|94/100|[from] item: Leftovers
|upkeep
|turn|12
|
|t:|1759034692
|move|p2a: Manaphy|Tail Glow|p2a: Manaphy
|-boost|p2a: Manaphy|spa|3
|move|p1a: Pecharunt|Malignant Chain|p2a: Manaphy
|-damage|p2a: Manaphy|67/100
|-status|p2a: Manaphy|tox
|-start|p2a: Manaphy|confusion|[from] ability: Poison Puppeteer|[of] p1a: Pecharunt
|
|-heal|p2a: Manaphy|73/100 tox|[from] item: Leftovers
|-damage|p2a: Manaphy|67/100 tox|[from] psn
|upkeep
|turn|13
|
|t:|1759034696
|switch|p1a: Primarina|Primarina, F|100/100
|-activate|p1a: Primarina|move: Sticky Web
|-unboost|p1a: Primarina|spe|1
|-activate|p2a: Manaphy|confusion
|move|p2a: Manaphy|Surf|p1a: Primarina
|-resisted|p1a: Primarina
|-damage|p1a: Primarina|74/100
|
|-heal|p2a: Manaphy|73/100 tox|[from] item: Leftovers
|-damage|p2a: Manaphy|61/100 tox|[from] psn
|upkeep
|turn|14
|
|t:|1759034704
|-activate|p2a: Manaphy|confusion
|move|p2a: Manaphy|Stored Power|p1a: Primarina
|-damage|p1a: Primarina|41/100
|move|p1a: Primarina|Moonblast|p2a: Manaphy
|-damage|p2a: Manaphy|12/100 tox
|
|-heal|p2a: Manaphy|18/100 tox|[from] item: Leftovers
|-damage|p2a: Manaphy|0 fnt|[from] psn
|faint|p2a: Manaphy
|upkeep
|
|t:|1759034708
|switch|p2a: Kingambit|Kingambit, M|100/100
|-damage|p2a: Kingambit|94/100|[from] Stealth Rock
|-activate|p2a: Kingambit|ability: Supreme Overlord
|-start|p2a: Kingambit|fallen4|[silent]
|turn|15
|
|t:|1759034713
|move|p2a: Kingambit|Swords Dance|p2a: Kingambit
|-boost|p2a: Kingambit|atk|2
|move|p1a: Primarina|Moonblast|p2a: Kingambit
|-damage|p2a: Kingambit|43/100
|-unboost|p2a: Kingambit|spa|1
|
|-heal|p2a: Kingambit|49/100|[from] item: Leftovers
|upkeep
|turn|16
|
|t:|1759034716
|move|p2a: Kingambit|Kowtow Cleave|p1a: Primarina
|-resisted|p1a: Primarina
|-damage|p1a: Primarina|0 fnt
|faint|p1a: Primarina
|
|-heal|p2a: Kingambit|55/100|[from] item: Leftovers
|upkeep
|
|t:|1759034719
|switch|p1a: Great Tusk|Great Tusk|100/100
|turn|17
|
|t:|1759034723
|-terastallize|p2a: Kingambit|Fairy
|move|p1a: Great Tusk|Headlong Rush|p2a: Kingambit
|-damage|p2a: Kingambit|8/100
|-unboost|p1a: Great Tusk|def|1
|-unboost|p1a: Great Tusk|spd|1
|move|p2a: Kingambit|Tera Blast|p1a: Great Tusk|[anim] Tera Blast Fairy
|-supereffective|p1a: Great Tusk
|-damage|p1a: Great Tusk|0 fnt
|faint|p1a: Great Tusk
|-end|p1a: Great Tusk|Protosynthesis|[silent]
|
|-heal|p2a: Kingambit|14/100|[from] item: Leftovers
|upkeep
|
|t:|1759034736
|switch|p1a: Weavile|Weavile, F|100/100
|-activate|p1a: Weavile|move: Sticky Web
|-unboost|p1a: Weavile|spe|1
|-ability|p1a: Weavile|Pressure
|turn|18
|
|t:|1759034749
|move|p1a: Weavile|Ice Shard|p2a: Kingambit
|-damage|p2a: Kingambit|0 fnt
|faint|p2a: Kingambit
|-end|p2a: Kingambit|fallen4|[silent]
|
|upkeep
|
|t:|1759034751
|switch|p2a: Zamazenta|Zamazenta|94/100
|-damage|p2a: Zamazenta|88/100|[from] Stealth Rock
|turn|19
|
|t:|1759034753
|switch|p1a: Pecharunt|Pecharunt|100/100
|-activate|p1a: Pecharunt|move: Sticky Web
|-unboost|p1a: Pecharunt|spe|1
|move|p2a: Zamazenta|Iron Defense|p2a: Zamazenta
|-boost|p2a: Zamazenta|def|2
|
|upkeep
|turn|20
|
|t:|1759034755
|move|p2a: Zamazenta|Iron Head|p1a: Pecharunt
|-damage|p1a: Pecharunt|90/100
|-damage|p2a: Zamazenta|72/100|[from] item: Rocky Helmet|[of] p1a: Pecharunt
|cant|p1a: Pecharunt|flinch
|
|upkeep
|turn|21
|
|t:|1759034758
|move|p2a: Zamazenta|Iron Head|p1a: Pecharunt
|-damage|p1a: Pecharunt|78/100
|-damage|p2a: Zamazenta|55/100|[from] item: Rocky Helmet|[of] p1a: Pecharunt
|move|p1a: Pecharunt|Malignant Chain|p2a: Zamazenta
|-damage|p2a: Zamazenta|26/100
|
|upkeep
|turn|22
|
|t:|1759034761
|move|p2a: Zamazenta|Iron Head|p1a: Pecharunt
|-damage|p1a: Pecharunt|67/100
|-damage|p2a: Zamazenta|9/100|[from] item: Rocky Helmet|[of] p1a: Pecharunt
|cant|p1a: Pecharunt|flinch
|
|upkeep
|turn|23
|
|t:|1759034764
|move|p2a: Zamazenta|Iron Head|p1a: Pecharunt
|-damage|p1a: Pecharunt|56/100
|-damage|p2a: Zamazenta|0 fnt|[from] item: Rocky Helmet|[of] p1a: Pecharunt
|faint|p2a: Zamazenta
|
|win|Megumin's Husband
|raw|Megumin&apos;s Husband's rating: 1507 &rarr; <strong>1526</strong><br />(+19 for winning)
|raw|Sunshinne's rating: 1498 &rarr; <strong>1479</strong><br />(-19 for losing)
|l|☆Sunshinne
|player|p2|
|l|☆Megumin's Husband
|player|p1|
