|j|☆hyperhakai
|j|☆pizally
|t:|1759050397
|gametype|singles
|player|p1|hyperhakai|169|1119
|player|p2|pizally|170|1070
|gen|9
|tier|[Gen 9] OU
|rated|
|rule|HP Percentage Mod: HP is shown in percentages
|rule|Endless Battle Clause: Forcing endless battles is banned
|rule|Species Clause: Limit one of each Pokémon
|rule|OHKO Clause: OHKO moves are banned
|rule|Evasion Items Clause: Evasion items are banned
|rule|Evasion Moves Clause: Evasion moves are banned
|rule|Evasion Abilities Clause: Evasion abilities are banned
|rule|Sleep Moves Clause: Sleep-inducing moves are banned
|clearpoke
|poke|p1|Gliscor, F|
|poke|p1|Glimmora, F|
|poke|p1|Thundurus-Therian, M|
|poke|p1|Rotom-Wash|
|poke|p1|Mismagius, F|
|poke|p1|Alomomola, M|
|poke|p2|Pelipper, M|
|poke|p2|Walking Wake|
|poke|p2|Glimmora, F|
|poke|p2|Espeon, F|
|poke|p2|Heatran, M|
|poke|p2|Rotom|
|teampreview
|
|t:|1759050413
|teamsize|p1|6
|teamsize|p2|6
|start
|switch|p1a: Glimmora|Glimmora, F|100/100
|switch|p2a: Walking Wake|Walking Wake|100/100
|-enditem|p2a: Walking Wake|Booster Energy
|-activate|p2a: Walking Wake|ability: Protosynthesis|[fromitem]
|-start|p2a: Walking Wake|protosynthesisspa
|turn|1
|inactive|Battle timer is ON: inactive players will automatically lose when time's up. (requested by pizally)
|
|t:|1759050424
|move|p2a: Walking Wake|Flip Turn|p1a: Glimmora
|-supereffective|p1a: Glimmora
|-damage|p1a: Glimmora|59/100
|-activate|p1a: Glimmora|ability: Toxic Debris
|-sidestart|p2: pizally|move: Toxic Spikes
|
|t:|1759050436
|-end|p2a: Walking Wake|Protosynthesis|[silent]
|switch|p2a: Pelipper|Pelipper, M, shiny|100/100|[from] Flip Turn
|-weather|RainDance|[from] ability: Drizzle|[of] p2a: Pelipper
|move|p1a: Glimmora|Toxic Spikes|p2a: Pelipper
|-sidestart|p2: pizally|move: Toxic Spikes
|
|-weather|RainDance|[upkeep]
|upkeep
|turn|2
|
|t:|1759050448
|move|p1a: Glimmora|Spiky Shield|p1a: Glimmora
|-singleturn|p1a: Glimmora|move: Protect
|move|p2a: Pelipper|Weather Ball|p1a: Glimmora
|-activate|p1a: Glimmora|move: Protect
|
|-weather|RainDance|[upkeep]
|upkeep
|turn|3
|
|t:|1759050462
|switch|p1a: Rotom|Rotom-Wash, shiny|100/100
|move|p2a: Pelipper|Weather Ball|p1a: Rotom
|-resisted|p1a: Rotom
|-damage|p1a: Rotom|75/100
|
|-weather|RainDance|[upkeep]
|-heal|p1a: Rotom|81/100|[from] item: Leftovers
|upkeep
|turn|4
|
|t:|1759050486
|switch|p2a: Rotom|Rotom, shiny|100/100
|move|p1a: Rotom|Volt Switch|p2a: Rotom
|-resisted|p2a: Rotom
|-damage|p2a: Rotom|80/100
|
|t:|1759050499
|switch|p1a: Mismagius|Mismagius, F|100/100|[from] Volt Switch
|
|-weather|RainDance|[upkeep]
|upkeep
|turn|5
|
|t:|1759050507
|move|p1a: Mismagius|Draining Kiss|p2a: Rotom
|-damage|p2a: Rotom|52/100
|move|p2a: Rotom|Trick|p1a: Mismagius
|-activate|p2a: Rotom|move: Trick|[of] p1a: Mismagius
|-item|p1a: Mismagius|Choice Band|[from] move: Trick
|-item|p2a: Rotom|Leftovers|[from] move: Trick
|
|-weather|none
|-heal|p2a: Rotom|58/100|[from] item: Leftovers
|upkeep
|turn|6
|
|t:|1759050516
|move|p1a: Mismagius|Draining Kiss|p2a: Rotom
|-damage|p2a: Rotom|32/100
|move|p2a: Rotom|Will-O-Wisp|p1a: Mismagius
|-status|p1a: Mismagius|brn
|
|-heal|p2a: Rotom|38/100|[from] item: Leftovers
|-damage|p1a: Mismagius|94/100 brn|[from] brn
|upkeep
|turn|7
|
|t:|1759050525
|move|p2a: Rotom|Hex|p1a: Mismagius
|-supereffective|p1a: Mismagius
|-damage|p1a: Mismagius|0 fnt
|faint|p1a: Mismagius
|
|-heal|p2a: Rotom|44/100|[from] item: Leftovers
|upkeep
|
|t:|1759050536
|switch|p1a: Thundurus|Thundurus-Therian, M, shiny|100/100
|turn|8
|
|t:|1759050543
|switch|p2a: Glimmora|Glimmora, F, shiny|100/100
|-sideend|p2: pizally|move: Toxic Spikes|[of] p2a: Glimmora
|move|p1a: Thundurus|Thunderbolt|p2a: Glimmora
|-damage|p2a: Glimmora|32/100
|-damage|p1a: Thundurus|91/100|[from] item: Life Orb
|
|upkeep
|turn|9
|
|t:|1759050562
|switch|p2a: Heatran|Heatran, M, shiny|100/100
|move|p1a: Thundurus|Thunderbolt|p2a: Heatran
|-damage|p2a: Heatran|64/100
|-damage|p1a: Thundurus|81/100|[from] item: Life Orb
|
|upkeep
|turn|10
|
|t:|1759050570
|move|p1a: Thundurus|Focus Blast|p2a: Heatran|[miss]
|-miss|p1a: Thundurus|p2a: Heatran
|move|p2a: Heatran|Magma Storm|p1a: Thundurus
|-damage|p1a: Thundurus|0 fnt
|faint|p1a: Thundurus
|
|upkeep
|
|t:|1759050580
|switch|p1a: Rotom|Rotom-Wash, shiny|81/100
|turn|11
|
|t:|1759050607
|move|p1a: Rotom|Pain Split|p2a: Heatran
|-sethp|p2a: Heatran|64/100|[from] move: Pain Split|[silent]
|-sethp|p1a: Rotom|81/100|[from] move: Pain Split
|move|p2a: Heatran|Magma Storm|p1a: Rotom|[miss]
|-miss|p2a: Heatran|p1a: Rotom
|
|-heal|p1a: Rotom|88/100|[from] item: Leftovers
|upkeep
|turn|12
|
|t:|1759050616
|-terastallize|p2a: Heatran|Flying
|move|p1a: Rotom|Hydro Pump|p2a: Heatran|[miss]
|-miss|p1a: Rotom|p2a: Heatran
|move|p2a: Heatran|Magma Storm|p1a: Rotom
|-resisted|p1a: Rotom
|-damage|p1a: Rotom|58/100
|-activate|p1a: Rotom|move: Magma Storm|[of] p2a: Heatran
|
|-heal|p1a: Rotom|64/100|[from] item: Leftovers
|-damage|p1a: Rotom|52/100|[from] move: Magma Storm|[partiallytrapped]
|upkeep
|turn|13
|
|t:|1759050627
|move|p1a: Rotom|Volt Switch|p2a: Heatran
|-supereffective|p2a: Heatran
|-damage|p2a: Heatran|38/100
|
|t:|1759050631
|switch|p1a: Alomomola|Alomomola, M|100/100|[from] Volt Switch
|move|p2a: Heatran|Lunge|p1a: Alomomola
|-damage|p1a: Alomomola|87/100
|-unboost|p1a: Alomomola|atk|1
|
|-heal|p1a: Alomomola|93/100|[from] item: Leftovers
|upkeep
|turn|14
|
|t:|1759050641
|move|p2a: Heatran|Earth Power|p1a: Alomomola
|-damage|p1a: Alomomola|50/100
|move|p1a: Alomomola|Flip Turn|p2a: Heatran
|-damage|p2a: Heatran|26/100
|
|t:|1759050651
|switch|p1a: Gliscor|Gliscor, F, shiny|100/100|[from] Flip Turn
|
|-status|p1a: Gliscor|tox|[from] item: Toxic Orb
|upkeep
|turn|15
|
|t:|1759050660
|move|p1a: Gliscor|Earthquake|p2a: Heatran
|-immune|p2a: Heatran
|move|p2a: Heatran|Magma Storm|p1a: Gliscor
|-damage|p1a: Gliscor|42/100 tox
|-activate|p1a: Gliscor|move: Magma Storm|[of] p2a: Heatran
|
|-heal|p1a: Gliscor|54/100 tox|[from] ability: Poison Heal
|-damage|p1a: Gliscor|42/100 tox|[from] move: Magma Storm|[partiallytrapped]
|upkeep
|turn|16
|
|t:|1759050679
|move|p1a: Gliscor|Substitute|p1a: Gliscor
|-start|p1a: Gliscor|Substitute
|-end|p1a: Gliscor|Magma Storm|[partiallytrapped]|[silent]
|-damage|p1a: Gliscor|17/100 tox
|move|p2a: Heatran|Tera Blast|p1a: Gliscor|[anim] Tera Blast Flying
|-end|p1a: Gliscor|Substitute
|
|-heal|p1a: Gliscor|29/100 tox|[from] ability: Poison Heal
|upkeep
|turn|17
|
|t:|1759050689
|move|p1a: Gliscor|Protect|p1a: Gliscor
|-singleturn|p1a: Gliscor|Protect
|move|p2a: Heatran|Tera Blast|p1a: Gliscor|[anim] Tera Blast Flying
|-activate|p1a: Gliscor|move: Protect
|
|-heal|p1a: Gliscor|42/100 tox|[from] ability: Poison Heal
|upkeep
|turn|18
|
|t:|1759050697
|move|p1a: Gliscor|Substitute|p1a: Gliscor
|-start|p1a: Gliscor|Substitute
|-damage|p1a: Gliscor|17/100 tox
|move|p2a: Heatran|Tera Blast|p1a: Gliscor|[anim] Tera Blast Flying
|-end|p1a: Gliscor|Substitute
|
|-heal|p1a: Gliscor|29/100 tox|[from] ability: Poison Heal
|upkeep
|turn|19
|
|t:|1759050708
|move|p1a: Gliscor|Protect|p1a: Gliscor
|-singleturn|p1a: Gliscor|Protect
|move|p2a: Heatran|Magma Storm|p1a: Gliscor
|-activate|p1a: Gliscor|move: Protect
|
|-heal|p1a: Gliscor|42/100 tox|[from] ability: Poison Heal
|upkeep
|turn|20
|
|t:|1759050716
|move|p1a: Gliscor|Toxic|p2a: Heatran
|-status|p2a: Heatran|tox
|move|p2a: Heatran|Magma Storm|p1a: Gliscor
|-damage|p1a: Gliscor|0 fnt
|faint|p1a: Gliscor
|
|-damage|p2a: Heatran|20/100 tox|[from] psn
|upkeep
|
|t:|1759050729
|switch|p1a: Rotom|Rotom-Wash, shiny|52/100
|turn|21
|
|t:|1759050737
|move|p1a: Rotom|Volt Switch|p2a: Heatran
|-supereffective|p2a: Heatran
|-damage|p2a: Heatran|0 fnt
|faint|p2a: Heatran
|
|t:|1759050744
|switch|p1a: Alomomola|Alomomola, M|83/100|[from] Volt Switch
|
|-heal|p1a: Alomomola|89/100|[from] item: Leftovers
|upkeep
|
|t:|1759050765
|switch|p2a: Rotom|Rotom, shiny|44/100
|turn|22
|
|t:|1759050771
|move|p1a: Alomomola|Protect|p1a: Alomomola
|-singleturn|p1a: Alomomola|Protect
|move|p2a: Rotom|Thunderbolt|p1a: Alomomola
|-activate|p1a: Alomomola|move: Protect
|
|-heal|p2a: Rotom|50/100|[from] item: Leftovers
|-heal|p1a: Alomomola|95/100|[from] item: Leftovers
|upkeep
|turn|23
|
|t:|1759050781
|move|p2a: Rotom|Thunderbolt|p1a: Alomomola
|-supereffective|p1a: Alomomola
|-damage|p1a: Alomomola|1/100
|move|p1a: Alomomola|Flip Turn|p2a: Rotom
|-damage|p2a: Rotom|14/100
|
|t:|1759050791
|switch|p1a: Rotom|Rotom-Wash, shiny|52/100|[from] Flip Turn
|
|-heal|p2a: Rotom|20/100|[from] item: Leftovers
|-heal|p1a: Rotom|58/100|[from] item: Leftovers
|upkeep
|turn|24
|
|t:|1759050802
|move|p2a: Rotom|Will-O-Wisp|p1a: Rotom
|-status|p1a: Rotom|brn
|move|p1a: Rotom|Volt Switch|p2a: Rotom
|-resisted|p2a: Rotom
|-damage|p2a: Rotom|0 fnt
|faint|p2a: Rotom
|
|t:|1759050809
|switch|p1a: Glimmora|Glimmora, F|59/100|[from] Volt Switch
|
|upkeep
|
|t:|1759050822
|switch|p2a: Pelipper|Pelipper, M, shiny|100/100
|-weather|RainDance|[from] ability: Drizzle|[of] p2a: Pelipper
|turn|25
|
|t:|1759050829
|move|p1a: Glimmora|Self-Destruct|p2a: Pelipper
|-damage|p2a: Pelipper|81/100
|faint|p1a: Glimmora
|move|p2a: Pelipper|Weather Ball|p1: Glimmora|[notarget]
|-fail|p2a: Pelipper
|
|-weather|RainDance|[upkeep]
|-heal|p2a: Pelipper|87/100|[from] item: Leftovers
|upkeep
|
|t:|1759050837
|switch|p1a: Rotom|Rotom-Wash, shiny|58/100 brn
|turn|26
|
|t:|1759050852
|move|p1a: Rotom|Volt Switch|p2a: Pelipper
|-supereffective|p2a: Pelipper
|-damage|p2a: Pelipper|0 fnt
|faint|p2a: Pelipper
|
|t:|1759050857
|switch|p1a: Alomomola|Alomomola, M|34/100|[from] Volt Switch
|
|-weather|RainDance|[upkeep]
|-heal|p1a: Alomomola|41/100|[from] item: Leftovers
|upkeep
|
|t:|1759050866
|switch|p2a: Espeon|Espeon, F, shiny|100/100
|turn|27
|
|t:|1759050885
|move|p2a: Espeon|Future Sight|p1a: Alomomola
|-start|p2a: Espeon|move: Future Sight
|move|p1a: Alomomola|Wish|p1a: Alomomola
|
|-weather|RainDance|[upkeep]
|-heal|p1a: Alomomola|47/100|[from] item: Leftovers
|upkeep
|turn|28
|
|t:|1759050898
|move|p2a: Espeon|Thunder Wave|p1a: Alomomola
|-status|p1a: Alomomola|par
|cant|p1a: Alomomola|par
|
|-weather|RainDance|[upkeep]
|-heal|p1a: Alomomola|97/100 par|[from] move: Wish|[wisher] Alomomola
|-heal|p1a: Alomomola|100/100 par|[from] item: Leftovers
|upkeep
|turn|29
|
|t:|1759050909
|move|p2a: Espeon|Expanding Force|p1a: Alomomola
|-damage|p1a: Alomomola|61/100 par
|move|p1a: Alomomola|Flip Turn|p2a: Espeon
|-damage|p2a: Espeon|48/100
|
|t:|1759050926
|switch|p1a: Rotom|Rotom-Wash, shiny|58/100 brn|[from] Flip Turn
|
|-weather|none
|-end|p1a: Rotom|move: Future Sight
|-damage|p1a: Rotom|9/100 brn
|-heal|p1a: Rotom|15/100 brn|[from] item: Leftovers
|-damage|p1a: Rotom|9/100 brn|[from] brn
|upkeep
|turn|30
|
|t:|1759050938
|move|p2a: Espeon|Expanding Force|p1a: Rotom
|-damage|p1a: Rotom|0 fnt
|faint|p1a: Rotom
|
|upkeep
|
|t:|1759050946
|switch|p1a: Alomomola|Alomomola, M|94/100 par
|turn|31
|
|t:|1759050951
|move|p2a: Espeon|Future Sight|p1a: Alomomola
|-start|p2a: Espeon|move: Future Sight
|move|p1a: Alomomola|Flip Turn|p2a: Espeon
|-damage|p2a: Espeon|16/100
|
|-heal|p1a: Alomomola|99/100 par|[from] item: Leftovers
|upkeep
|turn|32
|
|t:|1759050960
|cant|p1a: Alomomola|par
|move|p2a: Espeon|Wish|p2a: Espeon
|
|-heal|p1a: Alomomola|100/100 par|[from] item: Leftovers
|upkeep
|turn|33
|
|t:|1759050965
|move|p2a: Espeon|Expanding Force|p1a: Alomomola
|-damage|p1a: Alomomola|57/100 par
|move|p1a: Alomomola|Flip Turn|p2a: Espeon
|-damage|p2a: Espeon|0 fnt
|faint|p2a: Espeon
|
|-end|p1a: Alomomola|move: Future Sight
|-damage|p1a: Alomomola|0 fnt
|faint|p1a: Alomomola
|
|win|pizally
|raw|hyperhakai's rating: 1119 &rarr; <strong>1090</strong><br />(-29 for losing)
|raw|pizally's rating: 1070 &rarr; <strong>1104</strong><br />(+34 for winning)
|l|☆pizally
|player|p2|
|l|☆hyperhakai
|player|p1|
