|j|☆Okokmemedababy
|j|☆xToinex
|t:|1759048807
|gametype|singles
|player|p1|Okokmemedababy|hilda-wonderlauncher|1136
|player|p2|xToinex|265|1085
|gen|9
|tier|[Gen 9] OU
|rated|
|rule|HP Percentage Mod: HP is shown in percentages
|rule|Endless Battle Clause: Forcing endless battles is banned
|rule|Species Clause: Limit one of each Pokémon
|rule|OHKO Clause: OHKO moves are banned
|rule|Evasion Items Clause: Evasion items are banned
|rule|Evasion Moves Clause: Evasion moves are banned
|rule|Evasion Abilities Clause: Evasion abilities are banned
|rule|Sleep Moves Clause: Sleep-inducing moves are banned
|clearpoke
|poke|p1|Maushold-Four|
|poke|p1|Kingambit, M|
|poke|p1|Donphan, L1, F|
|poke|p1|Gardevoir, M|
|poke|p1|Pelipper, M|
|poke|p1|Barraskewda, F|
|poke|p2|Umbreon, F|
|poke|p2|Gliscor, F|
|poke|p2|Meowscarada, M|
|poke|p2|Quaquaval, F|
|poke|p2|Porygon2|
|poke|p2|Heatran, F|
|teampreview
|
|t:|1759048821
|teamsize|p1|6
|teamsize|p2|6
|start
|switch|p1a: Pelipper|Pelipper, M|100/100
|switch|p2a: Meowscarada|Meowscarada, M|100/100
|-weather|RainDance|[from] ability: Drizzle|[of] p1a: Pelipper
|turn|1
|
|t:|1759048832
|move|p2a: Meowscarada|Knock Off|p1a: Pelipper
|-start|p2a: Meowscarada|typechange|Dark|[from] ability: Protean
|-damage|p1a: Pelipper|65/100
|-enditem|p1a: Pelipper|Damp Rock|[from] move: Knock Off|[of] p2a: Meowscarada
|move|p1a: Pelipper|Hurricane|p2a: Meowscarada
|-damage|p2a: Meowscarada|39/100
|-start|p2a: Meowscarada|confusion
|
|-weather|RainDance|[upkeep]
|upkeep
|turn|2
|
|t:|1759048845
|-activate|p2a: Meowscarada|confusion
|move|p2a: Meowscarada|U-turn|p1a: Pelipper
|-resisted|p1a: Pelipper
|-damage|p1a: Pelipper|57/100
|
|t:|1759048848
|switch|p2a: Porygon2|Porygon2|100/100|[from] U-turn
|move|p1a: Pelipper|U-turn|p2a: Porygon2
|-damage|p2a: Porygon2|94/100
|
|t:|1759048853
|switch|p1a: Barraskewda|Barraskewda, F, shiny|100/100|[from] U-turn
|
|-weather|RainDance|[upkeep]
|upkeep
|turn|3
|
|t:|1759048858
|move|p1a: Barraskewda|Close Combat|p2a: Porygon2
|-supereffective|p2a: Porygon2
|-damage|p2a: Porygon2|12/100
|-unboost|p1a: Barraskewda|def|1
|-unboost|p1a: Barraskewda|spd|1
|-damage|p1a: Barraskewda|91/100|[from] item: Life Orb
|move|p2a: Porygon2|Thunderbolt|p1a: Barraskewda
|-supereffective|p1a: Barraskewda
|-damage|p1a: Barraskewda|0 fnt
|faint|p1a: Barraskewda
|
|-weather|RainDance|[upkeep]
|upkeep
|
|t:|1759048882
|switch|p1a: Gardevoir|Gardevoir, M, shiny|100/100
|turn|4
|
|t:|1759048892
|move|p1a: Gardevoir|Moonblast|p2a: Porygon2
|-damage|p2a: Porygon2|0 fnt
|faint|p2a: Porygon2
|
|-weather|RainDance|[upkeep]
|upkeep
|
|t:|1759048902
|switch|p2a: Heatran|Heatran, F|100/100
|-item|p2a: Heatran|Air Balloon
|turn|5
|
|t:|1759048908
|switch|p1a: Pelipper|Pelipper, M|57/100
|move|p2a: Heatran|Flash Cannon|p1a: Pelipper
|-resisted|p1a: Pelipper
|-damage|p1a: Pelipper|26/100
|
|-weather|RainDance|[upkeep]
|upkeep
|turn|6
|
|t:|1759048915
|switch|p2a: Umbreon|Umbreon, F|100/100
|move|p1a: Pelipper|Surf|p2a: Umbreon
|-damage|p2a: Umbreon|78/100
|
|-weather|RainDance|[upkeep]
|-heal|p2a: Umbreon|84/100|[from] item: Leftovers
|upkeep
|turn|7
|
|t:|1759048925
|switch|p1a: Gardevoir|Gardevoir, M, shiny|100/100
|move|p2a: Umbreon|Toxic|p1a: Gardevoir
|-status|p1a: Gardevoir|tox
|-activate|p1a: Gardevoir|ability: Synchronize
|-status|p2a: Umbreon|tox
|-activate|p2a: Umbreon|ability: Synchronize
|-fail|p1a: Gardevoir|tox
|
|-weather|RainDance|[upkeep]
|-heal|p2a: Umbreon|90/100 tox|[from] item: Leftovers
|-damage|p1a: Gardevoir|94/100 tox|[from] psn
|-damage|p2a: Umbreon|84/100 tox|[from] psn
|upkeep
|turn|8
|
|t:|1759048933
|move|p2a: Umbreon|Protect|p2a: Umbreon
|-singleturn|p2a: Umbreon|Protect
|move|p1a: Gardevoir|Moonblast|p2a: Umbreon
|-activate|p2a: Umbreon|move: Protect
|
|-weather|none
|-heal|p2a: Umbreon|90/100 tox|[from] item: Leftovers
|-damage|p1a: Gardevoir|82/100 tox|[from] psn
|-damage|p2a: Umbreon|78/100 tox|[from] psn
|upkeep
|turn|9
|
|t:|1759048941
|switch|p2a: Heatran|Heatran, F|100/100
|-item|p2a: Heatran|Air Balloon
|move|p1a: Gardevoir|Moonblast|p2a: Heatran
|-resisted|p2a: Heatran
|-damage|p2a: Heatran|91/100
|-unboost|p2a: Heatran|spa|1
|-enditem|p2a: Heatran|Air Balloon
|
|-damage|p1a: Gardevoir|64/100 tox|[from] psn
|upkeep
|turn|10
|
|t:|1759048949
|switch|p1a: Pelipper|Pelipper, M|26/100
|-weather|RainDance|[from] ability: Drizzle|[of] p1a: Pelipper
|move|p2a: Heatran|Flash Cannon|p1a: Pelipper
|-resisted|p1a: Pelipper
|-damage|p1a: Pelipper|3/100
|
|-weather|RainDance|[upkeep]
|upkeep
|turn|11
|
|t:|1759048960
|switch|p2a: Quaquaval|Quaquaval, F|100/100
|move|p1a: Pelipper|U-turn|p2a: Quaquaval
|-resisted|p2a: Quaquaval
|-damage|p2a: Quaquaval|95/100
|
|t:|1759048969
|switch|p1a: Gardevoir|Gardevoir, M, shiny|64/100 tox|[from] U-turn
|
|-weather|RainDance|[upkeep]
|-damage|p1a: Gardevoir|58/100 tox|[from] psn
|upkeep
|turn|12
|
|t:|1759048974
|-terastallize|p2a: Quaquaval|Water
|move|p1a: Gardevoir|Moonblast|p2a: Quaquaval
|-damage|p2a: Quaquaval|32/100
|move|p2a: Quaquaval|Aqua Step|p1a: Gardevoir
|-damage|p1a: Gardevoir|0 fnt
|-boost|p2a: Quaquaval|spe|1
|faint|p1a: Gardevoir
|-ability|p2a: Quaquaval|Moxie|boost
|-boost|p2a: Quaquaval|atk|1
|
|-weather|RainDance|[upkeep]
|upkeep
|inactive|Battle timer is ON: inactive players will automatically lose when time's up. (requested by xToinex)
|
|t:|1759048997
|switch|p1a: Donphan|Donphan, L1, F|100/100
|turn|13
|
|t:|1759049006
|move|p2a: Quaquaval|Aqua Step|p1a: Donphan
|-supereffective|p1a: Donphan
|-ability|p1a: Donphan|Sturdy
|-damage|p1a: Donphan|8/100
|-boost|p2a: Quaquaval|spe|1
|move|p1a: Donphan|Endeavor|p2a: Quaquaval
|-damage|p2a: Quaquaval|1/100
|-heal|p1a: Donphan|100/100|[from] item: Shell Bell|[of] p2a: Quaquaval
|
|-weather|RainDance|[upkeep]
|upkeep
|turn|14
|
|t:|1759049015
|move|p1a: Donphan|Ice Shard|p2a: Quaquaval
|-resisted|p2a: Quaquaval
|-damage|p2a: Quaquaval|0 fnt
|faint|p2a: Quaquaval
|
|-weather|none
|upkeep
|
|t:|1759049022
|switch|p2a: Meowscarada|Meowscarada, M|39/100
|turn|15
|
|t:|1759049024
|move|p2a: Meowscarada|Flower Trick|p1a: Donphan
|-start|p2a: Meowscarada|typechange|Grass|[from] ability: Protean
|-supereffective|p1a: Donphan
|-crit|p1a: Donphan
|-ability|p1a: Donphan|Sturdy
|-damage|p1a: Donphan|8/100
|move|p1a: Donphan|Endeavor|p2a: Meowscarada
|-damage|p2a: Meowscarada|1/100
|-heal|p1a: Donphan|100/100|[from] item: Shell Bell|[of] p2a: Meowscarada
|
|upkeep
|turn|16
|
|t:|1759049033
|move|p1a: Donphan|Ice Shard|p2a: Meowscarada
|-supereffective|p2a: Meowscarada
|-damage|p2a: Meowscarada|0 fnt
|faint|p2a: Meowscarada
|
|upkeep
|
|t:|1759049049
|switch|p2a: Gliscor|Gliscor, F|100/100
|turn|17
|
|t:|1759049054
|switch|p1a: Kingambit|Kingambit, M|100/100
|-activate|p1a: Kingambit|ability: Supreme Overlord
|-start|p1a: Kingambit|fallen2|[silent]
|move|p2a: Gliscor|Earthquake|p1a: Kingambit
|-supereffective|p1a: Kingambit
|-damage|p1a: Kingambit|24/100
|
|-heal|p1a: Kingambit|30/100|[from] item: Leftovers
|-status|p2a: Gliscor|tox|[from] item: Toxic Orb
|upkeep
|turn|18
|inactive|xToinex has 120 seconds left.
|inactive|xToinex has 90 seconds left.
|inactive|xToinex has 60 seconds left.
|inactive|xToinex has 30 seconds left.
|inactive|xToinex has 20 seconds left.
|inactive|xToinex has 15 seconds left.
|inactive|xToinex has 10 seconds left.
|inactive|xToinex has 5 seconds left.
|-message|xToinex lost due to inactivity.
|
|win|Okokmemedababy
|raw|Okokmemedababy's rating: 1136 &rarr; <strong>1157</strong><br />(+21 for winning)
|raw|xToinex's rating: 1085 &rarr; <strong>1066</strong><br />(-19 for losing)
|l|☆Okokmemedababy
|player|p1|
|l|☆xToinex
|player|p2|
