|j|☆caspdapup
|j|☆charizarz
|t:|1759066266
|gametype|singles
|player|p1|caspdapup|102|1129
|player|p2|charizarz|102|1199
|gen|9
|tier|[Gen 9] OU
|rated|
|rule|HP Percentage Mod: HP is shown in percentages
|rule|Endless Battle Clause: Forcing endless battles is banned
|rule|Species Clause: Limit one of each Pokémon
|rule|OHKO Clause: OHKO moves are banned
|rule|Evasion Items Clause: Evasion items are banned
|rule|Evasion Moves Clause: Evasion moves are banned
|rule|Evasion Abilities Clause: Evasion abilities are banned
|rule|Sleep Moves Clause: Sleep-inducing moves are banned
|clearpoke
|poke|p1|Zamazenta-*|
|poke|p1|Dragonite, M|
|poke|p1|Ting-Lu|
|poke|p1|Kingambit, M|
|poke|p1|Rotom-Wash|
|poke|p1|Chansey, F|
|poke|p2|Moltres|
|poke|p2|Araquanid, M|
|poke|p2|Electrode-Hisui|
|poke|p2|Garganacl, M|
|poke|p2|Ceruledge, F|
|poke|p2|Donphan, F|
|teampreview
|
|t:|1759066289
|teamsize|p1|6
|teamsize|p2|6
|start
|switch|p1a: Chansey|Chansey, F|100/100
|switch|p2a: Garganacl|Garganacl, M|100/100
|turn|1
|
|t:|1759066299
|move|p1a: Chansey|Seismic Toss|p2a: Garganacl
|-damage|p2a: Garganacl|76/100
|move|p2a: Garganacl|Salt Cure|p1a: Chansey
|-damage|p1a: Chansey|92/100
|-start|p1a: Chansey|Salt Cure
|
|-heal|p2a: Garganacl|82/100|[from] item: Leftovers
|-damage|p1a: Chansey|79/100|[from] Salt Cure
|upkeep
|turn|2
|inactive|Battle timer is ON: inactive players will automatically lose when time's up. (requested by caspdapup)
|inactive|charizarz has 120 seconds left.
|
|t:|1759066370
|move|p1a: Chansey|Stealth Rock|p2a: Garganacl
|-sidestart|p2: charizarz|move: Stealth Rock
|move|p2a: Garganacl|Thunder Punch|p1a: Chansey
|-damage|p1a: Chansey|67/100
|
|-heal|p2a: Garganacl|88/100|[from] item: Leftovers
|-damage|p1a: Chansey|55/100|[from] Salt Cure
|upkeep
|turn|3
|
|t:|1759066389
|move|p1a: Chansey|Soft-Boiled|p1a: Chansey
|-heal|p1a: Chansey|100/100
|move|p2a: Garganacl|Thunder Punch|p1a: Chansey
|-damage|p1a: Chansey|90/100
|
|-heal|p2a: Garganacl|94/100|[from] item: Leftovers
|-damage|p1a: Chansey|77/100|[from] Salt Cure
|upkeep
|turn|4
|
|t:|1759066399
|switch|p1a: Ting-Lu|Ting-Lu|100/100
|-ability|p1a: Ting-Lu|Vessel of Ruin
|switch|p2a: Donphan|Donphan, F|100/100
|
|upkeep
|turn|5
|
|t:|1759066407
|move|p2a: Donphan|Rapid Spin|p1a: Ting-Lu
|-damage|p1a: Ting-Lu|90/100
|-boost|p2a: Donphan|spe|1
|-sideend|p2: charizarz|Stealth Rock|[from] move: Rapid Spin|[of] p2a: Donphan
|move|p1a: Ting-Lu|Whirlwind|p2a: Donphan
|drag|p2a: Electrode|Electrode-Hisui, shiny|100/100
|
|-heal|p1a: Ting-Lu|96/100|[from] item: Leftovers
|upkeep
|turn|6
|
|t:|1759066419
|switch|p1a: Dragonite|Dragonite, M|100/100
|move|p2a: Electrode|Giga Drain|p1a: Dragonite
|-resisted|p1a: Dragonite
|-crit|p1a: Dragonite
|-damage|p1a: Dragonite|94/100
|-damage|p2a: Electrode|91/100|[from] item: Life Orb
|
|upkeep
|turn|7
|
|t:|1759066427
|-terastallize|p2a: Electrode|Ice
|move|p2a: Electrode|Tera Blast|p1a: Dragonite|[anim] Tera Blast Ice
|-supereffective|p1a: Dragonite
|-damage|p1a: Dragonite|0 fnt
|faint|p1a: Dragonite
|-damage|p2a: Electrode|81/100|[from] item: Life Orb
|
|upkeep
|
|t:|1759066440
|switch|p1a: Kingambit|Kingambit, M|100/100
|-activate|p1a: Kingambit|ability: Supreme Overlord
|-start|p1a: Kingambit|fallen1|[silent]
|turn|8
|
|t:|1759066447
|switch|p2a: Moltres|Moltres, shiny|100/100
|move|p1a: Kingambit|Swords Dance|p1a: Kingambit
|-boost|p1a: Kingambit|atk|2
|
|upkeep
|turn|9
|
|t:|1759066454
|move|p1a: Kingambit|Sucker Punch|p2a: Moltres
|-damage|p2a: Moltres|17/100
|-damage|p1a: Kingambit|84/100|[from] item: Rocky Helmet|[of] p2a: Moltres
|move|p2a: Moltres|Flamethrower|p1a: Kingambit
|-supereffective|p1a: Kingambit
|-damage|p1a: Kingambit|9/100
|
|upkeep
|turn|10
|
|t:|1759066462
|move|p1a: Kingambit|Sucker Punch||[still]
|-fail|p1a: Kingambit
|move|p2a: Moltres|Roost|p2a: Moltres
|-heal|p2a: Moltres|67/100
|-singleturn|p2a: Moltres|move: Roost
|
|upkeep
|turn|11
|
|t:|1759066473
|move|p2a: Moltres|Roost|p2a: Moltres
|-heal|p2a: Moltres|100/100
|-singleturn|p2a: Moltres|move: Roost
|move|p1a: Kingambit|Swords Dance|p1a: Kingambit
|-boost|p1a: Kingambit|atk|2
|
|upkeep
|turn|12
|
|t:|1759066483
|switch|p2a: Donphan|Donphan, F|100/100
|move|p1a: Kingambit|Sucker Punch||[still]
|-fail|p1a: Kingambit
|
|upkeep
|turn|13
|
|t:|1759066490
|move|p2a: Donphan|Ice Shard|p1a: Kingambit
|-resisted|p1a: Kingambit
|-damage|p1a: Kingambit|4/100
|move|p1a: Kingambit|Sucker Punch||[still]
|-fail|p1a: Kingambit
|
|upkeep
|turn|14
|
|t:|1759066496
|move|p2a: Donphan|Ice Shard|p1a: Kingambit
|-resisted|p1a: Kingambit
|-damage|p1a: Kingambit|0 fnt
|faint|p1a: Kingambit
|-end|p1a: Kingambit|fallen1|[silent]
|
|upkeep
|
|t:|1759066498
|switch|p1a: Rotom|Rotom-Wash|100/100
|turn|15
|
|t:|1759066518
|switch|p2a: Ceruledge|Ceruledge, F|100/100
|move|p1a: Rotom|Hydro Pump|p2a: Ceruledge|[miss]
|-miss|p1a: Rotom|p2a: Ceruledge
|
|upkeep
|turn|16
|-message|caspdapup forfeited.
|
|win|charizarz
|raw|caspdapup's rating: 1129 &rarr; <strong>1109</strong><br />(-20 for losing)
|raw|charizarz's rating: 1199 &rarr; <strong>1219</strong><br />(+20 for winning)
|l|☆caspdapup
|player|p1|
|l|☆charizarz
|player|p2|
