|j|☆Mr.villains
|j|☆DDart
|t:|1759043078
|gametype|singles
|player|p1|Mr.villains|cynthia-gen4|1487
|player|p2|DDart|miku-ice|1486
|gen|9
|tier|[Gen 9] OU
|rated|
|rule|HP Percentage Mod: HP is shown in percentages
|rule|Endless Battle Clause: Forcing endless battles is banned
|rule|Species Clause: Limit one of each Pokémon
|rule|OHKO Clause: OHKO moves are banned
|rule|Evasion Items Clause: Evasion items are banned
|rule|Evasion Moves Clause: Evasion moves are banned
|rule|Evasion Abilities Clause: Evasion abilities are banned
|rule|Sleep Moves Clause: Sleep-inducing moves are banned
|clearpoke
|poke|p1|Darkrai|
|poke|p1|Primarina, F|
|poke|p1|Dragonite, F|
|poke|p1|Enamorus, F|
|poke|p1|Kingambit, M|
|poke|p1|Glimmora, M|
|poke|p2|Kommo-o, M|
|poke|p2|Gholdengo|
|poke|p2|Ninetales-Alola, F|
|poke|p2|Hatterene, F|
|poke|p2|Zamazenta-*|
|poke|p2|Kingambit, F|
|teampreview
|inactive|Battle timer is ON: inactive players will automatically lose when time's up. (requested by Mr.villains)
|
|t:|1759043085
|teamsize|p1|6
|teamsize|p2|6
|start
|switch|p1a: Darkrai|Darkrai|100/100
|switch|p2a: Ninetales|Ninetales-Alola, F|100/100
|-weather|Snowscape|[from] ability: Snow Warning|[of] p2a: Ninetales
|turn|1
|
|t:|1759043091
|-terastallize|p1a: Darkrai|Poison
|move|p1a: Darkrai|Sludge Bomb|p2a: Ninetales
|-supereffective|p2a: Ninetales
|-damage|p2a: Ninetales|6/100
|-status|p2a: Ninetales|psn
|move|p2a: Ninetales|Aurora Veil|p2a: Ninetales
|-sidestart|p2: DDart|move: Aurora Veil
|
|-weather|Snowscape|[upkeep]
|-damage|p2a: Ninetales|0 fnt|[from] psn
|faint|p2a: Ninetales
|upkeep
|
|t:|1759043104
|switch|p2a: Kommo-o|Kommo-o, M|100/100
|turn|2
|l|☆Mr.villains
|inactive|Mr.villains disconnected and has a minute to reconnect!
|player|p1|
|c|☆DDart|LOL
|inactive|Mr.villains has 30 seconds to reconnect!
|inactive|Mr.villains has 20 seconds to reconnect!
|inactive|Mr.villains has 15 seconds to reconnect!
|inactive|Mr.villains has 10 seconds to reconnect!
|j|☆Mr.villains
|inactive|Mr.villains reconnected and has 100 seconds left.
|player|p1|Mr.villains|cynthia-gen4|
|
|t:|1759043163
|move|p1a: Darkrai|Sludge Bomb|p2a: Kommo-o
|-damage|p2a: Kommo-o|73/100
|move|p2a: Kommo-o|Clangorous Soul|p2a: Kommo-o
|-boost|p2a: Kommo-o|atk|1
|-boost|p2a: Kommo-o|def|1
|-boost|p2a: Kommo-o|spa|1
|-boost|p2a: Kommo-o|spd|1
|-boost|p2a: Kommo-o|spe|1
|-damage|p2a: Kommo-o|40/100
|-enditem|p2a: Kommo-o|Throat Spray
|-boost|p2a: Kommo-o|spa|1|[from] item: Throat Spray
|
|-weather|Snowscape|[upkeep]
|upkeep
|turn|3
|
|t:|1759043170
|switch|p1a: Glimmora|Glimmora, M|100/100
|move|p2a: Kommo-o|Clanging Scales|p1a: Glimmora
|-damage|p1a: Glimmora|0 fnt
|faint|p1a: Glimmora
|-unboost|p2a: Kommo-o|def|1
|
|-weather|Snowscape|[upkeep]
|upkeep
|
|t:|1759043179
|switch|p1a: Enamorus|Enamorus, F|100/100
|turn|4
|
|t:|1759043194
|-terastallize|p2a: Kommo-o|Normal
|move|p1a: Enamorus|Earth Power|p2a: Kommo-o
|-damage|p2a: Kommo-o|28/100
|move|p2a: Kommo-o|Boomburst|p1a: Enamorus
|-damage|p1a: Enamorus|0 fnt
|faint|p1a: Enamorus
|
|-weather|Snowscape|[upkeep]
|upkeep
|
|t:|1759043206
|switch|p1a: Kingambit|Kingambit, M|100/100
|-activate|p1a: Kingambit|ability: Supreme Overlord
|-start|p1a: Kingambit|fallen2|[silent]
|turn|5
|
|t:|1759043211
|move|p1a: Kingambit|Sucker Punch|p2a: Kommo-o
|-damage|p2a: Kommo-o|6/100
|move|p2a: Kommo-o|Flamethrower|p1a: Kingambit
|-supereffective|p1a: Kingambit
|-damage|p1a: Kingambit|0 fnt
|faint|p1a: Kingambit
|-end|p1a: Kingambit|fallen2|[silent]
|
|-weather|none
|upkeep
|
|t:|1759043216
|switch|p1a: Dragonite|Dragonite, F|100/100
|turn|6
|
|t:|1759043220
|move|p1a: Dragonite|Extreme Speed|p2a: Kommo-o
|-damage|p2a: Kommo-o|0 fnt
|faint|p2a: Kommo-o
|
|upkeep
|
|t:|1759043222
|switch|p2a: Gholdengo|Gholdengo|100/100
|turn|7
|
|t:|1759043227
|move|p1a: Dragonite|Earthquake|p2a: Gholdengo
|-supereffective|p2a: Gholdengo
|-damage|p2a: Gholdengo|63/100
|move|p2a: Gholdengo|Nasty Plot|p2a: Gholdengo
|-boost|p2a: Gholdengo|spa|2
|
|upkeep
|turn|8
|
|t:|1759043236
|switch|p1a: Primarina|Primarina, F|100/100
|move|p2a: Gholdengo|Shadow Ball|p1a: Primarina
|-damage|p1a: Primarina|24/100
|
|-heal|p1a: Primarina|30/100|[from] item: Leftovers
|-sideend|p2: DDart|move: Aurora Veil
|upkeep
|turn|9
|
|t:|1759043242
|move|p2a: Gholdengo|Shadow Ball|p1a: Primarina
|-damage|p1a: Primarina|0 fnt
|faint|p1a: Primarina
|
|upkeep
|
|t:|1759043246
|switch|p1a: Darkrai|Darkrai, tera:Poison|100/100
|turn|10
|
|t:|1759043250
|switch|p2a: Kingambit|Kingambit, F|100/100
|-activate|p2a: Kingambit|ability: Supreme Overlord
|-start|p2a: Kingambit|fallen2|[silent]
|-item|p2a: Kingambit|Air Balloon
|move|p1a: Darkrai|Dark Pulse|p2a: Kingambit
|-resisted|p2a: Kingambit
|-damage|p2a: Kingambit|79/100
|-enditem|p2a: Kingambit|Air Balloon
|
|upkeep
|turn|11
|
|t:|1759043259
|-end|p2a: Kingambit|fallen2|[silent]
|switch|p2a: Hatterene|Hatterene, F|100/100
|move|p1a: Darkrai|Focus Blast|p2a: Hatterene
|-resisted|p2a: Hatterene
|-damage|p2a: Hatterene|90/100
|
|upkeep
|turn|12
|
|t:|1759043265
|move|p1a: Darkrai|Sludge Bomb|p2a: Hatterene
|-supereffective|p2a: Hatterene
|-damage|p2a: Hatterene|0 fnt
|faint|p2a: Hatterene
|
|upkeep
|
|t:|1759043269
|switch|p2a: Zamazenta|Zamazenta|100/100
|-ability|p2a: Zamazenta|Dauntless Shield|boost
|-boost|p2a: Zamazenta|def|1
|turn|13
|
|t:|1759043274
|move|p2a: Zamazenta|Heavy Slam|p1a: Darkrai
|-damage|p1a: Darkrai|40/100
|-damage|p2a: Zamazenta|91/100|[from] item: Life Orb
|move|p1a: Darkrai|Sludge Bomb|p2a: Zamazenta
|-damage|p2a: Zamazenta|46/100
|
|-heal|p1a: Darkrai|46/100|[from] item: Leftovers
|upkeep
|turn|14
|
|t:|1759043285
|move|p2a: Zamazenta|Heavy Slam|p1a: Darkrai
|-damage|p1a: Darkrai|0 fnt
|faint|p1a: Darkrai
|-damage|p2a: Zamazenta|36/100|[from] item: Life Orb
|
|upkeep
|l|☆Mr.villains
|inactive|Mr.villains disconnected and has a minute to reconnect!
|player|p1|
|inactive|Mr.villains has 30 seconds to reconnect!
|inactive|Mr.villains has 20 seconds to reconnect!
|inactive|Mr.villains has 15 seconds to reconnect!
|inactive|Mr.villains has 10 seconds to reconnect!
|inactive|Mr.villains has 5 seconds to reconnect!
|-message|Mr.villains lost due to inactivity.
|
|win|DDart
|raw|Mr.villains's rating: 1487 &rarr; <strong>1467</strong><br />(-20 for losing)
|raw|DDart's rating: 1486 &rarr; <strong>1506</strong><br />(+20 for winning)
