|j|☆The Elite Roman
|j|☆jimmyjohns212
|t:|1758958319
|gametype|singles
|player|p1|The Elite Roman|bugcatcher-gen4dp|1338
|player|p2|jimmyjohns212|giovanni|1418
|gen|9
|tier|[Gen 9] OU
|rated|
|rule|HP Percentage Mod: HP is shown in percentages
|rule|Endless Battle Clause: Forcing endless battles is banned
|rule|Species Clause: Limit one of each Pokémon
|rule|OHKO Clause: OHKO moves are banned
|rule|Evasion Items Clause: Evasion items are banned
|rule|Evasion Moves Clause: Evasion moves are banned
|rule|Evasion Abilities Clause: Evasion abilities are banned
|rule|Sleep Moves Clause: Sleep-inducing moves are banned
|clearpoke
|poke|p1|Kommo-o, M|
|poke|p1|Mamoswine, F|
|poke|p1|Brambleghast, M|
|poke|p1|Samurott-Hisui, M|
|poke|p1|Weezing-Galar, M|
|poke|p1|Armarouge, F|
|poke|p2|Scyther, F|
|poke|p2|Zamazenta-*|
|poke|p2|Ceruledge, F|
|poke|p2|Ting-Lu|
|poke|p2|Weezing-Galar, M|
|poke|p2|Raging Bolt|
|teampreview
|inactive|Battle timer is ON: inactive players will automatically lose when time's up. (requested by jimmyjohns212)
|
|t:|1758958349
|teamsize|p1|6
|teamsize|p2|6
|start
|switch|p1a: Samurott|Samurott-Hisui, M|100/100
|switch|p2a: Ceruledge|Ceruledge, F|100/100
|turn|1
|
|t:|1758958364
|switch|p2a: Weezing|Weezing-Galar, M|100/100
|move|p1a: Samurott|Ceaseless Edge|p2a: Weezing
|-resisted|p2a: Weezing
|-damage|p2a: Weezing|81/100
|-sidestart|p2: jimmyjohns212|Spikes
|
|upkeep
|turn|2
|
|t:|1758958375
|switch|p1a: Armarouge|Armarouge, F|100/100
|move|p2a: Weezing|Will-O-Wisp|p1a: Armarouge
|-immune|p1a: Armarouge
|
|upkeep
|turn|3
|
|t:|1758958381
|switch|p2a: Ting-Lu|Ting-Lu|100/100
|-damage|p2a: Ting-Lu|88/100|[from] Spikes
|-ability|p2a: Ting-Lu|Vessel of Ruin
|move|p1a: Armarouge|Armor Cannon|p2a: Ting-Lu
|-damage|p2a: Ting-Lu|57/100
|-unboost|p1a: Armarouge|def|1
|-unboost|p1a: Armarouge|spd|1
|
|-heal|p2a: Ting-Lu|64/100|[from] item: Leftovers
|upkeep
|turn|4
|
|t:|1758958388
|switch|p1a: Samurott|Samurott-Hisui, M|100/100
|move|p2a: Ting-Lu|Payback|p1a: Samurott
|-resisted|p1a: Samurott
|-damage|p1a: Samurott|88/100
|
|-heal|p2a: Ting-Lu|70/100|[from] item: Leftovers
|upkeep
|turn|5
|
|t:|1758958394
|switch|p2a: Weezing|Weezing-Galar, M|81/100
|move|p1a: Samurott|Ceaseless Edge|p2a: Weezing
|-resisted|p2a: Weezing
|-damage|p2a: Weezing|60/100
|-sidestart|p2: jimmyjohns212|Spikes
|
|upkeep
|turn|6
|
|t:|1758958398
|switch|p1a: Armarouge|Armarouge, F|100/100
|move|p2a: Weezing|Will-O-Wisp|p1a: Armarouge
|-immune|p1a: Armarouge
|
|upkeep
|turn|7
|
|t:|1758958405
|switch|p2a: Ceruledge|Ceruledge, F|100/100
|move|p1a: Armarouge|Calm Mind|p1a: Armarouge
|-boost|p1a: Armarouge|spa|1
|-boost|p1a: Armarouge|spd|1
|
|upkeep
|turn|8
|
|t:|1758958410
|move|p2a: Ceruledge|Poltergeist|p1a: Armarouge
|-activate|p1a: Armarouge|move: Poltergeist|Weakness Policy
|-supereffective|p1a: Armarouge
|-damage|p1a: Armarouge|0 fnt
|faint|p1a: Armarouge
|
|upkeep
|
|t:|1758958417
|switch|p1a: Kommo-o|Kommo-o, M|100/100
|turn|9
|
|t:|1758958423
|switch|p2a: Weezing|Weezing-Galar, M|60/100
|move|p1a: Kommo-o|Stealth Rock|p2a: Weezing
|-sidestart|p2: jimmyjohns212|move: Stealth Rock
|
|upkeep
|turn|10
|
|t:|1758958443
|switch|p1a: Weezing|Weezing-Galar, M|100/100
|-ability|p1a: Weezing|Neutralizing Gas
|move|p2a: Weezing|Will-O-Wisp|p1a: Weezing
|-status|p1a: Weezing|brn
|
|-damage|p1a: Weezing|95/100 brn|[from] brn
|upkeep
|turn|11
|
|t:|1758958447
|move|p2a: Weezing|Defog|p1a: Weezing
|-unboost|p1a: Weezing|evasion|1
|-sideend|p2: jimmyjohns212|Spikes|[from] move: Defog|[of] p2a: Weezing
|-sideend|p2: jimmyjohns212|Stealth Rock|[from] move: Defog|[of] p2a: Weezing
|move|p1a: Weezing|Gunk Shot|p2a: Weezing|[miss]
|-miss|p1a: Weezing|p2a: Weezing
|
|-damage|p1a: Weezing|89/100 brn|[from] brn
|upkeep
|turn|12
|
|t:|1758958455
|switch|p2a: Zamazenta|Zamazenta|100/100
|move|p1a: Weezing|Gunk Shot|p2a: Zamazenta
|-crit|p2a: Zamazenta
|-damage|p2a: Zamazenta|78/100
|-status|p2a: Zamazenta|psn
|
|-damage|p2a: Zamazenta|65/100 psn|[from] psn
|-damage|p1a: Weezing|83/100 brn|[from] brn
|upkeep
|turn|13
|
|t:|1758958461
|move|p2a: Zamazenta|Light Screen|p2a: Zamazenta
|-sidestart|p2: jimmyjohns212|move: Light Screen
|move|p1a: Weezing|Strange Steam|p2a: Zamazenta|[miss]
|-miss|p1a: Weezing|p2a: Zamazenta
|
|-damage|p2a: Zamazenta|53/100 psn|[from] psn
|-damage|p1a: Weezing|77/100 brn|[from] brn
|upkeep
|turn|14
|
|t:|1758958474
|move|p2a: Zamazenta|Reflect|p2a: Zamazenta
|-sidestart|p2: jimmyjohns212|Reflect
|move|p1a: Weezing|Strange Steam|p2a: Zamazenta
|-supereffective|p2a: Zamazenta
|-damage|p2a: Zamazenta|27/100 psn
|
|-damage|p2a: Zamazenta|15/100 psn|[from] psn
|-damage|p1a: Weezing|71/100 brn|[from] brn
|upkeep
|turn|15
|
|t:|1758958482
|switch|p2a: Ceruledge|Ceruledge, F|100/100
|-end|p1a: Weezing|ability: Neutralizing Gas
|switch|p1a: Kommo-o|Kommo-o, M|100/100
|
|upkeep
|turn|16
|
|t:|1758958486
|move|p2a: Ceruledge|Swords Dance|p2a: Ceruledge
|-boost|p2a: Ceruledge|atk|2
|move|p1a: Kommo-o|Stealth Rock|p2a: Ceruledge
|-sidestart|p2: jimmyjohns212|move: Stealth Rock
|
|upkeep
|turn|17
|
|t:|1758958489
|move|p2a: Ceruledge|Poltergeist|p1a: Kommo-o
|-activate|p1a: Kommo-o|move: Poltergeist|Black Belt
|-damage|p1a: Kommo-o|22/100
|move|p1a: Kommo-o|Dragon Tail|p2a: Ceruledge
|-damage|p2a: Ceruledge|83/100
|-ability|p2a: Ceruledge|Weak Armor|boost
|-unboost|p2a: Ceruledge|def|1
|-boost|p2a: Ceruledge|spe|2
|drag|p2a: Ting-Lu|Ting-Lu|70/100
|-damage|p2a: Ting-Lu|64/100|[from] Stealth Rock
|-ability|p2a: Ting-Lu|Vessel of Ruin
|
|-heal|p2a: Ting-Lu|70/100|[from] item: Leftovers
|upkeep
|turn|18
|
|t:|1758958501
|switch|p1a: Weezing|Weezing-Galar, M|71/100 brn
|-ability|p1a: Weezing|Neutralizing Gas
|move|p2a: Ting-Lu|Earthquake|p1a: Weezing
|-supereffective|p1a: Weezing
|-damage|p1a: Weezing|21/100 brn
|
|-heal|p2a: Ting-Lu|76/100|[from] item: Leftovers
|-damage|p1a: Weezing|15/100 brn|[from] brn
|upkeep
|turn|19
|
|t:|1758958505
|move|p1a: Weezing|Pain Split|p2a: Ting-Lu
|-sethp|p2a: Ting-Lu|44/100|[from] move: Pain Split|[silent]
|-sethp|p1a: Weezing|59/100 brn|[from] move: Pain Split
|move|p2a: Ting-Lu|Earthquake|p1a: Weezing
|-supereffective|p1a: Weezing
|-damage|p1a: Weezing|12/100 brn
|
|-heal|p2a: Ting-Lu|50/100|[from] item: Leftovers
|-damage|p1a: Weezing|6/100 brn|[from] brn
|upkeep
|turn|20
|
|t:|1758958513
|move|p1a: Weezing|Toxic|p2a: Ting-Lu
|-status|p2a: Ting-Lu|tox
|move|p2a: Ting-Lu|Earthquake|p1a: Weezing
|-supereffective|p1a: Weezing
|-damage|p1a: Weezing|0 fnt
|faint|p1a: Weezing
|-end|p1a: Weezing|ability: Neutralizing Gas
|-ability|p2a: Ting-Lu|Vessel of Ruin
|
|-heal|p2a: Ting-Lu|56/100 tox|[from] item: Leftovers
|-damage|p2a: Ting-Lu|50/100 tox|[from] psn
|-sideend|p2: jimmyjohns212|move: Light Screen
|upkeep
|
|t:|1758958518
|switch|p1a: Kommo-o|Kommo-o, M|22/100
|turn|21
|
|t:|1758958520
|move|p1a: Kommo-o|Drain Punch|p2a: Ting-Lu
|-supereffective|p2a: Ting-Lu
|-damage|p2a: Ting-Lu|32/100 tox
|-heal|p1a: Kommo-o|34/100|[from] drain|[of] p2a: Ting-Lu
|move|p2a: Ting-Lu|Earthquake|p1a: Kommo-o
|-damage|p1a: Kommo-o|9/100
|
|-heal|p2a: Ting-Lu|39/100 tox|[from] item: Leftovers
|-damage|p2a: Ting-Lu|26/100 tox|[from] psn
|-sideend|p2: jimmyjohns212|Reflect
|upkeep
|turn|22
|
|t:|1758958526
|move|p1a: Kommo-o|Drain Punch|p2a: Ting-Lu
|-supereffective|p2a: Ting-Lu
|-damage|p2a: Ting-Lu|0 fnt
|-heal|p1a: Kommo-o|25/100|[from] drain|[of] p2a: Ting-Lu
|faint|p2a: Ting-Lu
|
|upkeep
|
|t:|1758958532
|switch|p2a: Zamazenta|Zamazenta|15/100 psn
|-damage|p2a: Zamazenta|8/100 psn|[from] Stealth Rock
|-ability|p2a: Zamazenta|Dauntless Shield|boost
|-boost|p2a: Zamazenta|def|1
|turn|23
|
|t:|1758958544
|switch|p1a: Brambleghast|Brambleghast, M|100/100
|move|p2a: Zamazenta|Reflect|p2a: Zamazenta
|-sidestart|p2: jimmyjohns212|Reflect
|
|-damage|p2a: Zamazenta|0 fnt|[from] psn
|faint|p2a: Zamazenta
|upkeep
|
|t:|1758958552
|switch|p2a: Scyther|Scyther, F|100/100
|turn|24
|
|t:|1758958557
|move|p1a: Brambleghast|Poltergeist|p2a: Scyther
|-activate|p2a: Scyther|move: Poltergeist|Heavy-Duty Boots
|-damage|p2a: Scyther|70/100
|move|p2a: Scyther|Swords Dance|p2a: Scyther
|-boost|p2a: Scyther|atk|2
|
|upkeep
|turn|25
|
|t:|1758958565
|move|p1a: Brambleghast|Strength Sap|p2a: Scyther
|-unboost|p2a: Scyther|atk|1
|move|p2a: Scyther|Dual Wingbeat|p1a: Brambleghast
|-supereffective|p1a: Brambleghast
|-damage|p1a: Brambleghast|0 fnt
|faint|p1a: Brambleghast
|-hitcount|p1: Brambleghast|1
|
|upkeep
|
|t:|1758958571
|switch|p1a: Mamoswine|Mamoswine, F, shiny|100/100
|turn|26
|
|t:|1758958579
|move|p1a: Mamoswine|Stone Edge|p2a: Scyther
|-supereffective|p2a: Scyther
|-damage|p2a: Scyther|0 fnt
|faint|p2a: Scyther
|-damage|p1a: Mamoswine|91/100|[from] item: Life Orb
|
|upkeep
|
|t:|1758958586
|switch|p2a: Weezing|Weezing-Galar, M|60/100
|-damage|p2a: Weezing|48/100|[from] Stealth Rock
|turn|27
|
|t:|1758958597
|switch|p1a: Samurott|Samurott-Hisui, M|88/100
|move|p2a: Weezing|Fire Blast|p1a: Samurott
|-resisted|p1a: Samurott
|-damage|p1a: Samurott|67/100
|
|upkeep
|turn|28
|
|t:|1758958604
|move|p1a: Samurott|Razor Shell|p2a: Weezing
|-damage|p2a: Weezing|27/100
|-unboost|p2a: Weezing|def|1
|move|p2a: Weezing|Strange Steam|p1a: Samurott
|-supereffective|p1a: Samurott
|-damage|p1a: Samurott|0 fnt
|faint|p1a: Samurott
|
|upkeep
|
|t:|1758958612
|switch|p1a: Mamoswine|Mamoswine, F, shiny|91/100
|turn|29
|
|t:|1758958618
|move|p1a: Mamoswine|Ice Shard|p2a: Weezing
|-damage|p2a: Weezing|12/100
|-damage|p1a: Mamoswine|81/100|[from] item: Life Orb
|move|p2a: Weezing|Fire Blast|p1a: Mamoswine
|-supereffective|p1a: Mamoswine
|-damage|p1a: Mamoswine|42/100
|
|upkeep
|turn|30
|
|t:|1758958624
|move|p1a: Mamoswine|Ice Shard|p2a: Weezing
|-damage|p2a: Weezing|0 fnt
|faint|p2a: Weezing
|-damage|p1a: Mamoswine|32/100|[from] item: Life Orb
|
|-sideend|p2: jimmyjohns212|Reflect
|upkeep
|
|t:|1758958628
|switch|p2a: Ceruledge|Ceruledge, F|83/100
|turn|31
|
|t:|1758958634
|-terastallize|p2a: Ceruledge|Dark
|move|p1a: Mamoswine|Earthquake|p2a: Ceruledge
|-damage|p2a: Ceruledge|0 fnt
|faint|p2a: Ceruledge
|-damage|p1a: Mamoswine|22/100|[from] item: Life Orb
|
|upkeep
|
|t:|1758958640
|switch|p2a: Raging Bolt|Raging Bolt|100/100
|-damage|p2a: Raging Bolt|88/100|[from] Stealth Rock
|-enditem|p2a: Raging Bolt|Booster Energy
|-activate|p2a: Raging Bolt|ability: Protosynthesis|[fromitem]
|-start|p2a: Raging Bolt|protosynthesisspa
|turn|32
|
|t:|1758958643
|move|p1a: Mamoswine|Earthquake|p2a: Raging Bolt
|-supereffective|p2a: Raging Bolt
|-damage|p2a: Raging Bolt|0 fnt
|faint|p2a: Raging Bolt
|-end|p2a: Raging Bolt|Protosynthesis|[silent]
|-damage|p1a: Mamoswine|12/100|[from] item: Life Orb
|
|win|The Elite Roman
|raw|The Elite Roman's rating: 1338 &rarr; <strong>1363</strong><br />(+25 for winning)
|raw|jimmyjohns212's rating: 1418 &rarr; <strong>1393</strong><br />(-25 for losing)
|l|☆jimmyjohns212
|player|p2|
|l|☆The Elite Roman
|player|p1|
