|j|☆0ddish0ne
|j|☆ulillusion
|t:|1758975123
|gametype|singles
|player|p1|0ddish0ne|lucas|
|player|p2|ulillusion|heroine2-conquest|
|gen|9
|tier|[Gen 9] OU
|rule|HP Percentage Mod: HP is shown in percentages
|rule|Endless Battle Clause: Forcing endless battles is banned
|rule|Species Clause: Limit one of each Pokémon
|rule|OHKO Clause: OHKO moves are banned
|rule|Evasion Items Clause: Evasion items are banned
|rule|Evasion Moves Clause: Evasion moves are banned
|rule|Evasion Abilities Clause: Evasion abilities are banned
|rule|Sleep Moves Clause: Sleep-inducing moves are banned
|clearpoke
|poke|p1|Ninetales-Alola, F|
|poke|p1|Polteageist-Antique|
|poke|p1|Zamazenta-*|
|poke|p1|Gliscor, M|
|poke|p1|Hatterene, F|
|poke|p1|Iron Moth|
|poke|p2|Ogerpon-Wellspring, F|
|poke|p2|Kingambit, F|
|poke|p2|Hatterene, F|
|poke|p2|Landorus-Therian, M|
|poke|p2|Dragapult, F|
|poke|p2|Enamorus, F|
|teampreview
|inactive|Battle timer is ON: inactive players will automatically lose when time's up. (requested by 0ddish0ne)
|inactive|ulillusion has 270 seconds left.
|
|t:|1758975159
|teamsize|p1|6
|teamsize|p2|6
|start
|switch|p1a: Iron Moth|Iron Moth|100/100
|switch|p2a: Kingambit|Kingambit, F|100/100
|-enditem|p1a: Iron Moth|Booster Energy
|-activate|p1a: Iron Moth|ability: Quark Drive|[fromitem]
|-start|p1a: Iron Moth|quarkdrivespe
|turn|1
|
|t:|1758975170
|-end|p2a: Kingambit|fallenundefined|[silent]
|switch|p2a: Landorus|Landorus-Therian, M|100/100
|-ability|p2a: Landorus|Intimidate|boost
|-unboost|p1a: Iron Moth|atk|1
|move|p1a: Iron Moth|Fiery Dance|p2a: Landorus
|-damage|p2a: Landorus|46/100
|-boost|p1a: Iron Moth|spa|1
|
|upkeep
|turn|2
|
|t:|1758975189
|move|p1a: Iron Moth|Fiery Dance|p2a: Landorus
|-damage|p2a: Landorus|0 fnt
|faint|p2a: Landorus
|
|upkeep
|
|t:|1758975191
|switch|p2a: Ogerpon|Ogerpon-Wellspring, F|100/100
|turn|3
|
|t:|1758975196
|-terastallize|p2a: Ogerpon|Water
|detailschange|p2a: Ogerpon|Ogerpon-Wellspring-Tera, F, tera:Water
|-ability|p2a: Ogerpon|Embody Aspect (Wellspring)|boost
|-boost|p2a: Ogerpon|spd|1
|move|p1a: Iron Moth|Sludge Wave|p2a: Ogerpon
|-damage|p2a: Ogerpon|49/100
|move|p2a: Ogerpon|Ivy Cudgel|p1a: Iron Moth|[anim] Ivy Cudgel Water
|-supereffective|p1a: Iron Moth
|-damage|p1a: Iron Moth|0 fnt
|faint|p1a: Iron Moth
|-end|p1a: Iron Moth|Quark Drive|[silent]
|
|upkeep
|
|t:|1758975208
|switch|p1a: Zamazenta|Zamazenta|100/100
|-ability|p1a: Zamazenta|Dauntless Shield|boost
|-boost|p1a: Zamazenta|def|1
|turn|4
|
|t:|1758975220
|switch|p2a: Hatterene|Hatterene, F|100/100
|move|p1a: Zamazenta|Stone Edge|p2a: Hatterene
|-damage|p2a: Hatterene|56/100
|-damage|p1a: Zamazenta|91/100|[from] item: Life Orb
|
|upkeep
|turn|5
|
|t:|1758975231
|switch|p1a: Gliscor|Gliscor, M|100/100
|move|p2a: Hatterene|Draining Kiss|p1a: Gliscor
|-damage|p1a: Gliscor|64/100
|-heal|p2a: Hatterene|86/100|[from] drain|[of] p1a: Gliscor
|
|-status|p1a: Gliscor|tox|[from] item: Toxic Orb
|upkeep
|turn|6
|
|t:|1758975245
|switch|p2a: Ogerpon|Ogerpon-Wellspring-Tera, F, tera:Water|49/100
|-ability|p2a: Ogerpon|Embody Aspect (Wellspring)|boost
|-boost|p2a: Ogerpon|spd|1
|move|p1a: Gliscor|Agility|p1a: Gliscor
|-boost|p1a: Gliscor|spe|2
|
|-heal|p1a: Gliscor|76/100 tox|[from] ability: Poison Heal
|upkeep
|turn|7
|
|t:|1758975251
|move|p1a: Gliscor|Facade|p2a: Ogerpon
|-damage|p2a: Ogerpon|1/100
|move|p2a: Ogerpon|Ivy Cudgel|p1a: Gliscor|[anim] Ivy Cudgel Water
|-supereffective|p1a: Gliscor
|-damage|p1a: Gliscor|0 fnt
|faint|p1a: Gliscor
|
|upkeep
|
|t:|1758975256
|switch|p1a: Zamazenta|Zamazenta|91/100
|turn|8
|
|t:|1758975275
|switch|p2a: Dragapult|Dragapult, F|100/100
|move|p1a: Zamazenta|Stone Edge|p2a: Dragapult
|-damage|p2a: Dragapult|41/100
|-damage|p1a: Zamazenta|81/100|[from] item: Life Orb
|
|upkeep
|turn|9
|
|t:|1758975290
|switch|p1a: Ninetales|Ninetales-Alola, F|100/100
|-weather|Snowscape|[from] ability: Snow Warning|[of] p1a: Ninetales
|move|p2a: Dragapult|U-turn|p1a: Ninetales
|-resisted|p1a: Ninetales
|-damage|p1a: Ninetales|93/100
|inactive|ulillusion has 270 seconds left.
|inactive|ulillusion has 240 seconds left.
|
|t:|1758975347
|switch|p2a: Ogerpon|Ogerpon-Wellspring-Tera, F, tera:Water|1/100|[from] U-turn
|-ability|p2a: Ogerpon|Embody Aspect (Wellspring)|boost
|-boost|p2a: Ogerpon|spd|1
|
|-weather|Snowscape|[upkeep]
|upkeep
|turn|10
|
|t:|1758975361
|move|p2a: Ogerpon|Ivy Cudgel|p1a: Ninetales|[anim] Ivy Cudgel Water
|-damage|p1a: Ninetales|28/100
|move|p1a: Ninetales|Aurora Veil|p1a: Ninetales
|-sidestart|p1: 0ddish0ne|move: Aurora Veil
|
|-weather|Snowscape|[upkeep]
|upkeep
|turn|11
|
|t:|1758975380
|switch|p2a: Hatterene|Hatterene, F|86/100
|move|p1a: Ninetales|Freeze-Dry|p2a: Hatterene
|-crit|p2a: Hatterene
|-damage|p2a: Hatterene|66/100
|
|-weather|Snowscape|[upkeep]
|upkeep
|turn|12
|
|t:|1758975387
|switch|p1a: Hatterene|Hatterene, F|100/100
|move|p2a: Hatterene|Draining Kiss|p1a: Hatterene
|-damage|p1a: Hatterene|87/100
|-heal|p2a: Hatterene|76/100|[from] drain|[of] p1a: Hatterene
|
|-weather|Snowscape|[upkeep]
|upkeep
|turn|13
|
|t:|1758975394
|move|p1a: Hatterene|Calm Mind|p1a: Hatterene
|-boost|p1a: Hatterene|spa|1
|-boost|p1a: Hatterene|spd|1
|move|p2a: Hatterene|Mystical Fire|p1a: Hatterene
|-damage|p1a: Hatterene|78/100
|
|-weather|none
|upkeep
|turn|14
|inactive|ulillusion has 240 seconds left.
|
|t:|1758975404
|move|p1a: Hatterene|Mystical Fire|p2a: Hatterene
|-damage|p2a: Hatterene|56/100
|-unboost|p2a: Hatterene|spa|1
|move|p2a: Hatterene|Nuzzle|p1a: Hatterene
|-damage|p1a: Hatterene|77/100
|
|upkeep
|turn|15
|inactive|ulillusion has 240 seconds left.
|
|t:|1758975418
|switch|p2a: Kingambit|Kingambit, F|100/100
|-activate|p2a: Kingambit|ability: Supreme Overlord
|-start|p2a: Kingambit|fallen1|[silent]
|move|p1a: Hatterene|Calm Mind|p1a: Hatterene
|-boost|p1a: Hatterene|spa|1
|-boost|p1a: Hatterene|spd|1
|
|upkeep
|turn|16
|inactive|ulillusion has 240 seconds left.
|
|t:|1758975434
|-end|p2a: Kingambit|fallen1|[silent]
|switch|p2a: Dragapult|Dragapult, F|41/100
|move|p1a: Hatterene|Mystical Fire|p2a: Dragapult
|-resisted|p2a: Dragapult
|-damage|p2a: Dragapult|10/100
|
|upkeep
|turn|17
|
|t:|1758975443
|move|p2a: Dragapult|U-turn|p1a: Hatterene
|-damage|p1a: Hatterene|71/100
|
|t:|1758975452
|switch|p2a: Kingambit|Kingambit, F|100/100|[from] U-turn
|-activate|p2a: Kingambit|ability: Supreme Overlord
|-start|p2a: Kingambit|fallen1|[silent]
|move|p1a: Hatterene|Draining Kiss|p2a: Kingambit
|-damage|p2a: Kingambit|55/100
|-heal|p1a: Hatterene|100/100|[from] drain|[of] p2a: Kingambit
|
|-heal|p2a: Kingambit|62/100|[from] item: Leftovers
|-sideend|p1: 0ddish0ne|move: Aurora Veil
|upkeep
|turn|18
|inactive|ulillusion has 240 seconds left.
|
|t:|1758975462
|switch|p1a: Zamazenta|Zamazenta|81/100
|move|p2a: Kingambit|Iron Head|p1a: Zamazenta
|-crit|p1a: Zamazenta
|-damage|p1a: Zamazenta|11/100
|
|-heal|p2a: Kingambit|68/100|[from] item: Leftovers
|upkeep
|turn|19
|
|t:|1758975466
|move|p2a: Kingambit|Sucker Punch|p1a: Zamazenta
|-resisted|p1a: Zamazenta
|-crit|p1a: Zamazenta
|-damage|p1a: Zamazenta|0 fnt
|faint|p1a: Zamazenta
|
|-heal|p2a: Kingambit|74/100|[from] item: Leftovers
|upkeep
|
|t:|1758975469
|switch|p1a: Ninetales|Ninetales-Alola, F|28/100
|-weather|Snowscape|[from] ability: Snow Warning|[of] p1a: Ninetales
|turn|20
|
|t:|1758975489
|-end|p2a: Kingambit|fallen1|[silent]
|switch|p2a: Hatterene|Hatterene, F|56/100
|move|p1a: Ninetales|Aurora Veil|p1a: Ninetales
|-sidestart|p1: 0ddish0ne|move: Aurora Veil
|
|-weather|Snowscape|[upkeep]
|upkeep
|turn|21
|
|t:|1758975493
|switch|p1a: Hatterene|Hatterene, F|100/100
|move|p2a: Hatterene|Draining Kiss|p1a: Hatterene
|-damage|p1a: Hatterene|86/100
|-heal|p2a: Hatterene|67/100|[from] drain|[of] p1a: Hatterene
|
|-weather|Snowscape|[upkeep]
|upkeep
|turn|22
|
|t:|1758975504
|switch|p2a: Dragapult|Dragapult, F|10/100
|move|p1a: Hatterene|Mystical Fire|p2a: Dragapult
|-resisted|p2a: Dragapult
|-damage|p2a: Dragapult|0 fnt
|faint|p2a: Dragapult
|
|-weather|Snowscape|[upkeep]
|upkeep
|inactive|ulillusion has 240 seconds left.
|
|t:|1758975554
|switch|p2a: Kingambit|Kingambit, F|74/100
|-activate|p2a: Kingambit|ability: Supreme Overlord
|-start|p2a: Kingambit|fallen2|[silent]
|turn|23
|c|☆0ddish0ne|I gtg
|c|☆ulillusion|cya
|inactive|0ddish0ne has 270 seconds left.
|-message|0ddish0ne forfeited.
|
|win|ulillusion
|l|☆0ddish0ne
|player|p1|
