|j|☆Camhie
|j|☆yedhu186
|t:|1759039781
|gametype|singles
|player|p1|Camhie|policeman-gen4|1135
|player|p2|yedhu186|ghetsis|1134
|gen|9
|tier|[Gen 9] OU
|rated|
|rule|HP Percentage Mod: HP is shown in percentages
|rule|Endless Battle Clause: Forcing endless battles is banned
|rule|Species Clause: Limit one of each Pokémon
|rule|OHKO Clause: OHKO moves are banned
|rule|Evasion Items Clause: Evasion items are banned
|rule|Evasion Moves Clause: Evasion moves are banned
|rule|Evasion Abilities Clause: Evasion abilities are banned
|rule|Sleep Moves Clause: Sleep-inducing moves are banned
|clearpoke
|poke|p1|Ceruledge, M|
|poke|p1|Ribombee, F|
|poke|p1|Pecharunt|
|poke|p1|Iron Treads|
|poke|p1|Conkeldurr, F|
|poke|p1|Greninja-*, M|
|poke|p2|Vikavolt, M|
|poke|p2|Iron Leaves|
|poke|p2|Pincurchin, M|
|poke|p2|Bastiodon, M|
|poke|p2|Greninja-*, M|
|poke|p2|Thundurus-Therian, M|
|teampreview
|inactive|Battle timer is ON: inactive players will automatically lose when time's up. (requested by yedhu186)
|
|t:|1759039789
|teamsize|p1|6
|teamsize|p2|6
|start
|switch|p1a: Ribombee|Ribombee, F|100/100
|switch|p2a: Vikavolt|Vikavolt, M, shiny|100/100
|turn|1
|inactive|Camhie has 120 seconds left.
|
|t:|1759039826
|move|p1a: Ribombee|Moonblast|p2a: Vikavolt
|-damage|p2a: Vikavolt|42/100
|-unboost|p2a: Vikavolt|spa|1
|move|p2a: Vikavolt|Zap Cannon|p1a: Ribombee|[miss]
|-miss|p2a: Vikavolt|p1a: Ribombee
|-enditem|p2a: Vikavolt|Blunder Policy
|-boost|p2a: Vikavolt|spe|2
|
|upkeep
|turn|2
|
|t:|1759039849
|move|p1a: Ribombee|Moonblast|p2a: Vikavolt
|-damage|p2a: Vikavolt|0 fnt
|faint|p2a: Vikavolt
|
|upkeep
|
|t:|1759039861
|switch|p2a: Pincurchin|Pincurchin, M, shiny|100/100
|-fieldstart|move: Electric Terrain|[from] ability: Electric Surge|[of] p2a: Pincurchin
|turn|3
|
|t:|1759039867
|move|p1a: Ribombee|Sticky Web|p2a: Pincurchin
|-sidestart|p2: yedhu186|move: Sticky Web
|move|p2a: Pincurchin|Discharge|p1a: Ribombee
|-damage|p1a: Ribombee|25/100
|
|upkeep
|turn|4
|
|t:|1759039874
|switch|p1a: Iron Treads|Iron Treads|100/100
|-activate|p1a: Iron Treads|ability: Quark Drive
|-start|p1a: Iron Treads|quarkdrivespe
|move|p2a: Pincurchin|Discharge|p1a: Iron Treads
|-immune|p1a: Iron Treads
|
|upkeep
|turn|5
|inactive|Camhie has 120 seconds left.
|
|t:|1759039910
|move|p1a: Iron Treads|Earthquake|p2a: Pincurchin
|-supereffective|p2a: Pincurchin
|-crit|p2a: Pincurchin
|-damage|p2a: Pincurchin|0 fnt
|faint|p2a: Pincurchin
|
|upkeep
|
|t:|1759039913
|switch|p2a: Iron Leaves|Iron Leaves|100/100
|-activate|p2a: Iron Leaves|move: Sticky Web
|-unboost|p2a: Iron Leaves|spe|1
|-activate|p2a: Iron Leaves|ability: Quark Drive
|-start|p2a: Iron Leaves|quarkdriveatk
|turn|6
|inactive|Camhie has 120 seconds left.
|inactive|Camhie has 90 seconds left.
|
|t:|1759039969
|-terastallize|p2a: Iron Leaves|Psychic
|move|p1a: Iron Treads|Volt Switch|p2a: Iron Leaves
|-damage|p2a: Iron Leaves|87/100
|
|t:|1759039973
|-end|p1a: Iron Treads|Quark Drive|[silent]
|switch|p1a: Ribombee|Ribombee, F|25/100|[from] Volt Switch
|move|p2a: Iron Leaves|Psyblade|p1a: Ribombee
|-damage|p1a: Ribombee|0 fnt
|faint|p1a: Ribombee
|
|upkeep
|
|t:|1759039978
|switch|p1a: Ceruledge|Ceruledge, M|100/100
|turn|7
|
|t:|1759039997
|move|p1a: Ceruledge|Poltergeist|p2a: Iron Leaves
|-activate|p2a: Iron Leaves|move: Poltergeist|Choice Band
|-supereffective|p2a: Iron Leaves
|-damage|p2a: Iron Leaves|0 fnt
|faint|p2a: Iron Leaves
|-end|p2a: Iron Leaves|Quark Drive|[silent]
|
|-fieldend|move: Electric Terrain
|upkeep
|
|t:|1759040001
|switch|p2a: Bastiodon|Bastiodon, M, shiny|100/100
|-activate|p2a: Bastiodon|move: Sticky Web
|-unboost|p2a: Bastiodon|spe|1
|turn|8
|inactive|Camhie has 90 seconds left.
|
|t:|1759040042
|move|p1a: Ceruledge|Bitter Blade|p2a: Bastiodon
|-damage|p2a: Bastiodon|75/100
|move|p2a: Bastiodon|Earthquake|p1a: Ceruledge
|-supereffective|p1a: Ceruledge
|-damage|p1a: Ceruledge|63/100
|
|upkeep
|turn|9
|
|t:|1759040054
|move|p1a: Ceruledge|Bitter Blade|p2a: Bastiodon
|-damage|p2a: Bastiodon|51/100
|-heal|p1a: Ceruledge|76/100|[from] drain|[of] p2a: Bastiodon
|move|p2a: Bastiodon|Earthquake|p1a: Ceruledge
|-supereffective|p1a: Ceruledge
|-damage|p1a: Ceruledge|35/100
|
|upkeep
|turn|10
|
|t:|1759040064
|-terastallize|p1a: Ceruledge|Bug
|move|p1a: Ceruledge|Swords Dance|p1a: Ceruledge
|-boost|p1a: Ceruledge|atk|2
|move|p2a: Bastiodon|Metal Burst||[still]
|-fail|p2a: Bastiodon
|
|upkeep
|turn|11
|-message|yedhu186 forfeited.
|
|win|Camhie
|raw|Camhie's rating: 1135 &rarr; <strong>1160</strong><br />(+25 for winning)
|raw|yedhu186's rating: 1134 &rarr; <strong>1109</strong><br />(-25 for losing)
|l|☆yedhu186
|player|p2|
|l|☆Camhie
|player|p1|
