|j|☆grumpy turtle
|j|☆MassiveFinland4234
|t:|1759032335
|gametype|singles
|player|p1|grumpy turtle|ninjaboy|1313
|player|p2|MassiveFinland4234|cynthia|1358
|gen|9
|tier|[Gen 9] OU
|rated|
|rule|HP Percentage Mod: HP is shown in percentages
|rule|Endless Battle Clause: Forcing endless battles is banned
|rule|Species Clause: Limit one of each Pokémon
|rule|OHKO Clause: OHKO moves are banned
|rule|Evasion Items Clause: Evasion items are banned
|rule|Evasion Moves Clause: Evasion moves are banned
|rule|Evasion Abilities Clause: Evasion abilities are banned
|rule|Sleep Moves Clause: Sleep-inducing moves are banned
|clearpoke
|poke|p1|Kingambit, F|
|poke|p1|Glimmora, F|
|poke|p1|Dragonite, M|
|poke|p1|Enamorus, F|
|poke|p1|Iron Boulder|
|poke|p1|Gholdengo|
|poke|p2|Weavile, M|
|poke|p2|Primarina, F|
|poke|p2|Raging Bolt|
|poke|p2|Scizor, M|
|poke|p2|Landorus-Therian, M|
|poke|p2|Moltres|
|teampreview
|
|t:|1759032345
|teamsize|p1|6
|teamsize|p2|6
|start
|switch|p1a: Glimmora|Glimmora, F|100/100
|switch|p2a: Kalahari|Landorus-Therian, M|100/100
|-ability|p2a: Kalahari|Intimidate|boost
|-unboost|p1a: Glimmora|atk|1
|turn|1
|
|t:|1759032354
|move|p2a: Kalahari|Earthquake|p1a: Glimmora
|-supereffective|p1a: Glimmora
|-enditem|p1a: Glimmora|Focus Sash
|-damage|p1a: Glimmora|1/100
|-activate|p1a: Glimmora|ability: Toxic Debris
|-sidestart|p2: MassiveFinland4234|move: Toxic Spikes
|move|p1a: Glimmora|Stealth Rock|p2a: Kalahari
|-sidestart|p2: MassiveFinland4234|move: Stealth Rock
|
|upkeep
|turn|2
|
|t:|1759032365
|switch|p2a: Guillotine|Scizor, M|100/100
|-damage|p2a: Guillotine|88/100|[from] Stealth Rock
|move|p1a: Glimmora|Mortal Spin|p2a: Guillotine
|-immune|p2a: Guillotine
|
|upkeep
|turn|3
|
|t:|1759032372
|move|p1a: Glimmora|Earth Power|p2a: Guillotine
|-damage|p2a: Guillotine|49/100
|move|p2a: Guillotine|Defog|p1a: Glimmora
|-unboost|p1a: Glimmora|evasion|1
|-sideend|p2: MassiveFinland4234|Toxic Spikes|[from] move: Defog|[of] p2a: Guillotine
|-sideend|p2: MassiveFinland4234|Stealth Rock|[from] move: Defog|[of] p2a: Guillotine
|
|upkeep
|turn|4
|
|t:|1759032384
|switch|p2a: Kalahari|Landorus-Therian, M|100/100
|-ability|p2a: Kalahari|Intimidate|boost
|-unboost|p1a: Glimmora|atk|1
|move|p1a: Glimmora|Stealth Rock|p2a: Kalahari
|-sidestart|p2: MassiveFinland4234|move: Stealth Rock
|
|upkeep
|turn|5
|
|t:|1759032392
|move|p2a: Kalahari|U-turn|p1a: Glimmora
|-resisted|p1a: Glimmora
|-damage|p1a: Glimmora|0 fnt
|-activate|p1a: Glimmora|ability: Toxic Debris
|-sidestart|p2: MassiveFinland4234|move: Toxic Spikes
|faint|p1a: Glimmora
|
|t:|1759032398
|switch|p2a: Guillotine|Scizor, M|49/100|[from] U-turn
|-damage|p2a: Guillotine|36/100|[from] Stealth Rock
|
|upkeep
|
|t:|1759032421
|switch|p1a: Dragonite|Dragonite, M|100/100
|turn|6
|
|t:|1759032426
|move|p1a: Dragonite|Dragon Dance|p1a: Dragonite
|-boost|p1a: Dragonite|atk|1
|-boost|p1a: Dragonite|spe|1
|move|p2a: Guillotine|Defog|p1a: Dragonite
|-unboost|p1a: Dragonite|evasion|1
|-sideend|p2: MassiveFinland4234|Toxic Spikes|[from] move: Defog|[of] p2a: Guillotine
|-sideend|p2: MassiveFinland4234|Stealth Rock|[from] move: Defog|[of] p2a: Guillotine
|
|upkeep
|turn|7
|
|t:|1759032436
|switch|p2a: Circe|Primarina, F|100/100
|move|p1a: Dragonite|Earthquake|p2a: Circe
|-damage|p2a: Circe|29/100
|
|-heal|p2a: Circe|35/100|[from] item: Leftovers
|upkeep
|turn|8
|
|t:|1759032447
|switch|p2a: Kalahari|Landorus-Therian, M|100/100
|-ability|p2a: Kalahari|Intimidate|boost
|-unboost|p1a: Dragonite|atk|1
|move|p1a: Dragonite|Extreme Speed|p2a: Kalahari
|-damage|p2a: Kalahari|61/100
|
|upkeep
|turn|9
|
|t:|1759032456
|move|p2a: Kalahari|Stone Edge|p1a: Dragonite
|-supereffective|p1a: Dragonite
|-crit|p1a: Dragonite
|-damage|p1a: Dragonite|38/100
|move|p1a: Dragonite|Ice Spinner|p2a: Kalahari
|-supereffective|p2a: Kalahari
|-damage|p2a: Kalahari|0 fnt
|faint|p2a: Kalahari
|
|upkeep
|
|t:|1759032464
|switch|p2a: Frostbite|Weavile, M|100/100
|-ability|p2a: Frostbite|Pressure
|turn|10
|
|t:|1759032470
|move|p1a: Dragonite|Extreme Speed|p2a: Frostbite
|-damage|p2a: Frostbite|43/100
|move|p2a: Frostbite|Ice Shard|p1a: Dragonite
|-supereffective|p1a: Dragonite
|-damage|p1a: Dragonite|0 fnt
|faint|p1a: Dragonite
|-damage|p2a: Frostbite|33/100|[from] item: Life Orb
|
|upkeep
|
|t:|1759032493
|switch|p1a: Iron Boulder|Iron Boulder|100/100
|-enditem|p1a: Iron Boulder|Booster Energy
|-activate|p1a: Iron Boulder|ability: Quark Drive|[fromitem]
|-start|p1a: Iron Boulder|quarkdrivespe
|turn|11
|
|t:|1759032512
|move|p1a: Iron Boulder|Swords Dance|p1a: Iron Boulder
|-boost|p1a: Iron Boulder|atk|2
|move|p2a: Frostbite|Knock Off|p1a: Iron Boulder
|-supereffective|p1a: Iron Boulder
|-damage|p1a: Iron Boulder|1/100
|-damage|p2a: Frostbite|23/100|[from] item: Life Orb
|
|upkeep
|turn|12
|
|t:|1759032523
|move|p2a: Frostbite|Ice Shard|p1a: Iron Boulder
|-damage|p1a: Iron Boulder|0 fnt
|faint|p1a: Iron Boulder
|-end|p1a: Iron Boulder|Quark Drive|[silent]
|-damage|p2a: Frostbite|13/100|[from] item: Life Orb
|
|upkeep
|
|t:|1759032539
|switch|p1a: Gholdengo|Gholdengo|100/100
|turn|13
|
|t:|1759032555
|move|p1a: Gholdengo|Shadow Ball|p2a: Frostbite
|-resisted|p2a: Frostbite
|-damage|p2a: Frostbite|0 fnt
|faint|p2a: Frostbite
|
|upkeep
|
|t:|1759032563
|switch|p2a: Colonel|Moltres|100/100
|turn|14
|
|t:|1759032568
|move|p1a: Gholdengo|Shadow Ball|p2a: Colonel
|-damage|p2a: Colonel|57/100
|move|p2a: Colonel|Fire Blast|p1a: Gholdengo|[miss]
|-miss|p2a: Colonel|p1a: Gholdengo
|
|upkeep
|turn|15
|
|t:|1759032575
|move|p1a: Gholdengo|Shadow Ball|p2a: Colonel
|-damage|p2a: Colonel|15/100
|move|p2a: Colonel|Fire Blast|p1a: Gholdengo
|-supereffective|p1a: Gholdengo
|-damage|p1a: Gholdengo|0 fnt
|faint|p1a: Gholdengo
|
|upkeep
|
|t:|1759032589
|switch|p1a: Enamorus|Enamorus, F|100/100
|turn|16
|
|t:|1759032595
|move|p1a: Enamorus|Moonblast|p2a: Colonel
|-resisted|p2a: Colonel
|-damage|p2a: Colonel|0 fnt
|faint|p2a: Colonel
|
|upkeep
|
|t:|1759032603
|switch|p2a: Guillotine|Scizor, M|36/100
|turn|17
|
|t:|1759032607
|switch|p1a: Kingambit|Kingambit, F|100/100
|-activate|p1a: Kingambit|ability: Supreme Overlord
|-start|p1a: Kingambit|fallen4|[silent]
|move|p2a: Guillotine|Bullet Punch|p1a: Kingambit
|-resisted|p1a: Kingambit
|-damage|p1a: Kingambit|82/100
|
|upkeep
|turn|18
|
|t:|1759032618
|switch|p2a: Raiden|Raging Bolt|100/100
|-enditem|p2a: Raiden|Booster Energy
|-activate|p2a: Raiden|ability: Protosynthesis|[fromitem]
|-start|p2a: Raiden|protosynthesisspa
|move|p1a: Kingambit|Kowtow Cleave|p2a: Raiden
|-damage|p2a: Raiden|45/100
|
|upkeep
|turn|19
|
|t:|1759032640
|move|p1a: Kingambit|Sucker Punch|p2a: Raiden
|-damage|p2a: Raiden|0 fnt
|faint|p2a: Raiden
|-end|p2a: Raiden|Protosynthesis|[silent]
|
|upkeep
|
|t:|1759032644
|switch|p2a: Circe|Primarina, F|35/100
|turn|20
|
|t:|1759032655
|move|p2a: Circe|Moonblast|p1a: Kingambit
|-damage|p1a: Kingambit|27/100
|-unboost|p1a: Kingambit|spa|1
|move|p1a: Kingambit|Iron Head|p2a: Circe
|-damage|p2a: Circe|0 fnt
|faint|p2a: Circe
|
|upkeep
|
|t:|1759032662
|switch|p2a: Guillotine|Scizor, M|36/100
|turn|21
|
|t:|1759032672
|move|p2a: Guillotine|Bullet Punch|p1a: Kingambit
|-resisted|p1a: Kingambit
|-damage|p1a: Kingambit|7/100
|move|p1a: Kingambit|Sucker Punch||[still]
|-fail|p1a: Kingambit
|
|upkeep
|turn|22
|-enditem|p1a: Kingambit|Custap Berry|[eat]
|-activate|p1a: Kingambit|item: Custap Berry|[consumed]
|
|t:|1759032681
|move|p2a: Guillotine|Bullet Punch|p1a: Kingambit
|-resisted|p1a: Kingambit
|-damage|p1a: Kingambit|0 fnt
|faint|p1a: Kingambit
|-end|p1a: Kingambit|fallen4|[silent]
|
|upkeep
|
|t:|1759032686
|switch|p1a: Enamorus|Enamorus, F|100/100
|turn|23
|
|t:|1759032690
|move|p2a: Guillotine|Bullet Punch|p1a: Enamorus
|-supereffective|p1a: Enamorus
|-damage|p1a: Enamorus|0 fnt
|faint|p1a: Enamorus
|
|win|MassiveFinland4234
|raw|grumpy turtle's rating: 1313 &rarr; <strong>1296</strong><br />(-17 for losing)
|raw|MassiveFinland4234's rating: 1358 &rarr; <strong>1375</strong><br />(+17 for winning)
|l|☆grumpy turtle
|player|p1|
|l|☆MassiveFinland4234
|player|p2|
