|j|☆Djdjdjdbd
|j|☆tomas1982
|t:|1759033440
|gametype|singles
|player|p1|Djdjdjdbd|265|1211
|player|p2|tomas1982|102|1225
|gen|9
|tier|[Gen 9] OU
|rated|
|rule|HP Percentage Mod: HP is shown in percentages
|rule|Endless Battle Clause: Forcing endless battles is banned
|rule|Species Clause: Limit one of each Pokémon
|rule|OHKO Clause: OHKO moves are banned
|rule|Evasion Items Clause: Evasion items are banned
|rule|Evasion Moves Clause: Evasion moves are banned
|rule|Evasion Abilities Clause: Evasion abilities are banned
|rule|Sleep Moves Clause: Sleep-inducing moves are banned
|clearpoke
|poke|p1|Alomomola, M|
|poke|p1|Greninja-*, M|
|poke|p1|Lokix, M|
|poke|p1|Gliscor, M|
|poke|p1|Pecharunt|
|poke|p1|Corviknight, F|
|poke|p2|Iron Valiant|
|poke|p2|Gholdengo|
|poke|p2|Samurott-Hisui, M|
|poke|p2|Dragonite, M|
|poke|p2|Grimmsnarl, M|
|poke|p2|Thundurus-Therian, M|
|teampreview
|
|t:|1759033453
|teamsize|p1|6
|teamsize|p2|6
|start
|switch|p1a: Lokix|Lokix, M|100/100
|switch|p2a: Dragonite|Dragonite, M|100/100
|turn|1
|
|t:|1759033461
|switch|p2a: Samurott|Samurott-Hisui, M|100/100
|move|p1a: Lokix|U-turn|p2a: Samurott
|-supereffective|p2a: Samurott
|-damage|p2a: Samurott|0 fnt
|faint|p2a: Samurott
|
|t:|1759033471
|switch|p1a: Alomomola|Alomomola, M|100/100|[from] U-turn
|
|upkeep
|inactive|Battle timer is ON: inactive players will automatically lose when time's up. (requested by Djdjdjdbd)
|
|t:|1759033478
|switch|p2a: Dragonite|Dragonite, M|100/100
|turn|2
|
|t:|1759033483
|move|p2a: Dragonite|Dragon Dance|p2a: Dragonite
|-boost|p2a: Dragonite|atk|1
|-boost|p2a: Dragonite|spe|1
|move|p1a: Alomomola|Body Slam|p2a: Dragonite
|-damage|p2a: Dragonite|92/100
|
|upkeep
|turn|3
|
|t:|1759033491
|move|p2a: Dragonite|Dragon Dance|p2a: Dragonite
|-boost|p2a: Dragonite|atk|1
|-boost|p2a: Dragonite|spe|1
|move|p1a: Alomomola|Flip Turn|p2a: Dragonite
|-resisted|p2a: Dragonite
|-damage|p2a: Dragonite|83/100
|
|t:|1759033501
|switch|p1a: Lokix|Lokix, M|100/100|[from] Flip Turn
|
|upkeep
|turn|4
|
|t:|1759033507
|-terastallize|p1a: Lokix|Bug
|move|p2a: Dragonite|Extreme Speed|p1a: Lokix
|-damage|p1a: Lokix|13/100
|move|p1a: Lokix|First Impression|p2a: Dragonite
|-resisted|p2a: Dragonite
|-damage|p2a: Dragonite|2/100
|
|upkeep
|turn|5
|
|t:|1759033517
|switch|p1a: Corviknight|Corviknight, F|100/100
|-ability|p1a: Corviknight|Pressure
|move|p2a: Dragonite|Extreme Speed|p1a: Corviknight
|-resisted|p1a: Corviknight
|-damage|p1a: Corviknight|85/100
|-damage|p2a: Dragonite|0 fnt|[from] item: Rocky Helmet|[of] p1a: Corviknight
|faint|p2a: Dragonite
|
|upkeep
|
|t:|1759033527
|switch|p2a: Grimmsnarl|Grimmsnarl, M|100/100
|turn|6
|
|t:|1759033542
|move|p2a: Grimmsnarl|Taunt|p1a: Corviknight
|-start|p1a: Corviknight|move: Taunt
|move|p1a: Corviknight|U-turn|p2a: Grimmsnarl
|-damage|p2a: Grimmsnarl|81/100
|
|t:|1759033557
|switch|p1a: Lokix|Lokix, M, tera:Bug|13/100|[from] U-turn
|
|upkeep
|turn|7
|
|t:|1759033562
|move|p2a: Grimmsnarl|Reflect|p2a: Grimmsnarl
|-sidestart|p2: tomas1982|Reflect
|move|p1a: Lokix|Leech Life|p2a: Grimmsnarl
|-crit|p2a: Grimmsnarl
|-damage|p2a: Grimmsnarl|0 fnt
|-heal|p1a: Lokix|69/100|[from] drain|[of] p2a: Grimmsnarl
|faint|p2a: Grimmsnarl
|
|upkeep
|
|t:|1759033567
|switch|p2a: Iron Valiant|Iron Valiant|100/100
|-enditem|p2a: Iron Valiant|Booster Energy
|-activate|p2a: Iron Valiant|ability: Quark Drive|[fromitem]
|-start|p2a: Iron Valiant|quarkdrivespe
|turn|8
|
|t:|1759033584
|switch|p1a: Pecharunt|Pecharunt|100/100
|-terastallize|p2a: Iron Valiant|Steel
|move|p2a: Iron Valiant|Swords Dance|p2a: Iron Valiant
|-boost|p2a: Iron Valiant|atk|2
|
|upkeep
|turn|9
|inactive|Djdjdjdbd has 120 seconds left.
|
|t:|1759033616
|switch|p1a: Corviknight|Corviknight, F|85/100
|-ability|p1a: Corviknight|Pressure
|move|p2a: Iron Valiant|Knock Off|p1a: Corviknight
|-damage|p1a: Corviknight|46/100
|-damage|p2a: Iron Valiant|84/100|[from] item: Rocky Helmet|[of] p1a: Corviknight
|-enditem|p1a: Corviknight|Rocky Helmet|[from] move: Knock Off|[of] p2a: Iron Valiant
|
|upkeep
|turn|10
|inactive|Djdjdjdbd has 120 seconds left.
|
|t:|1759033630
|move|p2a: Iron Valiant|Swords Dance|p2a: Iron Valiant
|-boost|p2a: Iron Valiant|atk|2
|move|p1a: Corviknight|Defog|p2a: Iron Valiant
|-unboost|p2a: Iron Valiant|evasion|1
|-sideend|p2: tomas1982|Reflect
|
|upkeep
|turn|11
|inactive|Djdjdjdbd has 120 seconds left.
|
|t:|1759033637
|move|p2a: Iron Valiant|Knock Off|p1a: Corviknight
|-damage|p1a: Corviknight|4/100
|move|p1a: Corviknight|U-turn|p2a: Iron Valiant
|-resisted|p2a: Iron Valiant
|-damage|p2a: Iron Valiant|75/100
|inactive|Djdjdjdbd has 120 seconds left.
|
|t:|1759033647
|switch|p1a: Lokix|Lokix, M, tera:Bug|69/100|[from] U-turn
|
|upkeep
|turn|12
|
|t:|1759033652
|move|p1a: Lokix|First Impression|p2a: Iron Valiant
|-resisted|p2a: Iron Valiant
|-damage|p2a: Iron Valiant|0 fnt
|faint|p2a: Iron Valiant
|-end|p2a: Iron Valiant|Quark Drive|[silent]
|
|upkeep
|
|t:|1759033659
|switch|p2a: Gholdengo|Gholdengo|100/100
|turn|13
|
|t:|1759033665
|switch|p1a: Corviknight|Corviknight, F|4/100
|-ability|p1a: Corviknight|Pressure
|move|p2a: Gholdengo|Make It Rain|p1a: Corviknight
|-resisted|p1a: Corviknight
|-damage|p1a: Corviknight|0 fnt
|-unboost|p2a: Gholdengo|spa|1
|faint|p1a: Corviknight
|
|upkeep
|
|t:|1759033679
|switch|p1a: Greninja|Greninja, M|100/100
|turn|14
|
|t:|1759033683
|move|p1a: Greninja|Dark Pulse|p2a: Gholdengo
|-supereffective|p2a: Gholdengo
|-damage|p2a: Gholdengo|5/100
|-damage|p1a: Greninja|91/100|[from] item: Life Orb
|move|p2a: Gholdengo|Make It Rain|p1a: Greninja
|-resisted|p1a: Greninja
|-damage|p1a: Greninja|52/100
|-unboost|p2a: Gholdengo|spa|1
|
|upkeep
|turn|15
|
|t:|1759033693
|switch|p2a: Thundurus|Thundurus-Therian, M|100/100
|move|p1a: Greninja|Dark Pulse|p2a: Thundurus
|-damage|p2a: Thundurus|38/100
|-enditem|p2a: Thundurus|Sitrus Berry|[eat]
|-heal|p2a: Thundurus|62/100|[from] item: Sitrus Berry
|-damage|p1a: Greninja|42/100|[from] item: Life Orb
|
|upkeep
|turn|16
|inactive|Djdjdjdbd has 120 seconds left.
|
|t:|1759033743
|move|p1a: Greninja|Ice Beam|p2a: Thundurus
|-supereffective|p2a: Thundurus
|-damage|p2a: Thundurus|0 fnt
|faint|p2a: Thundurus
|-ability|p1a: Greninja|Battle Bond|boost
|-boost|p1a: Greninja|atk|1
|-boost|p1a: Greninja|spa|1
|-boost|p1a: Greninja|spe|1
|-activate|p1a: Greninja|ability: Battle Bond
|-damage|p1a: Greninja|32/100|[from] item: Life Orb
|
|upkeep
|
|t:|1759033749
|switch|p2a: Gholdengo|Gholdengo|5/100
|turn|17
|
|t:|1759033754
|move|p1a: Greninja|Water Shuriken|p2a: Gholdengo
|-damage|p2a: Gholdengo|0 fnt
|faint|p2a: Gholdengo
|-hitcount|p2: Gholdengo|1
|-damage|p1a: Greninja|22/100|[from] item: Life Orb
|
|win|Djdjdjdbd
|raw|Djdjdjdbd's rating: 1211 &rarr; <strong>1237</strong><br />(+26 for winning)
|raw|tomas1982's rating: 1225 &rarr; <strong>1199</strong><br />(-26 for losing)
|l|☆tomas1982
|player|p2|
|l|☆Djdjdjdbd
|player|p1|
