|j|☆Johnytt
|j|☆UchihaSusgay
|t:|1758946365
|gametype|singles
|player|p1|Johnytt|1|1457
|player|p2|UchihaSusgay|roxie|1509
|gen|9
|tier|[Gen 9] OU
|rated|
|rule|HP Percentage Mod: HP is shown in percentages
|rule|Endless Battle Clause: Forcing endless battles is banned
|rule|Species Clause: Limit one of each Pokémon
|rule|OHKO Clause: OHKO moves are banned
|rule|Evasion Items Clause: Evasion items are banned
|rule|Evasion Moves Clause: Evasion moves are banned
|rule|Evasion Abilities Clause: Evasion abilities are banned
|rule|Sleep Moves Clause: Sleep-inducing moves are banned
|clearpoke
|poke|p1|Samurott-Hisui, M|
|poke|p1|Sinistcha|
|poke|p1|Landorus-Therian, M|
|poke|p1|Hydreigon, M|
|poke|p1|Tinkaton, F|
|poke|p1|Moltres|
|poke|p2|Flygon, F|
|poke|p2|Alomomola, F|
|poke|p2|Weezing-Galar, F|
|poke|p2|Rotom-Heat|
|poke|p2|Enamorus, F|
|poke|p2|Kingambit, M|
|teampreview
|inactive|Battle timer is ON: inactive players will automatically lose when time's up. (requested by Johnytt)
|
|t:|1758946371
|teamsize|p1|6
|teamsize|p2|6
|start
|switch|p1a: Tinkaton|Tinkaton, F|100/100
|switch|p2a: Flygon|Flygon, F|100/100
|-item|p1a: Tinkaton|Air Balloon
|turn|1
|
|t:|1758946390
|move|p2a: Flygon|U-turn|p1a: Tinkaton
|-resisted|p1a: Tinkaton
|-damage|p1a: Tinkaton|90/100
|-enditem|p1a: Tinkaton|Air Balloon
|-enditem|p2a: Flygon|Choice Band|[silent]|[from] ability: Pickpocket|[of] p2a: Flygon
|-item|p1a: Tinkaton|Choice Band|[from] ability: Pickpocket|[of] p2a: Flygon
|
|t:|1758946393
|switch|p2a: Rotom|Rotom-Heat|100/100|[from] U-turn
|move|p1a: Tinkaton|Stealth Rock|p2a: Rotom
|-sidestart|p2: UchihaSusgay|move: Stealth Rock
|
|upkeep
|turn|2
|
|t:|1758946398
|switch|p1a: Moltres|Moltres|100/100
|move|p2a: Rotom|Overheat|p1a: Moltres
|-resisted|p1a: Moltres
|-damage|p1a: Moltres|58/100
|-unboost|p2a: Rotom|spa|2
|
|upkeep
|turn|3
|
|t:|1758946424
|switch|p1a: Landorus|Landorus-Therian, M|100/100
|-ability|p1a: Landorus|Intimidate|boost
|-unboost|p2a: Rotom|atk|1
|switch|p2a: Enamorus|Enamorus, F|100/100
|-damage|p2a: Enamorus|76/100|[from] Stealth Rock
|
|upkeep
|turn|4
|
|t:|1758946429
|move|p2a: Enamorus|Moonblast|p1a: Landorus
|-damage|p1a: Landorus|16/100
|-unboost|p1a: Landorus|spa|1
|move|p1a: Landorus|U-turn|p2a: Enamorus
|-resisted|p2a: Enamorus
|-damage|p2a: Enamorus|65/100
|
|t:|1758946435
|switch|p1a: Tinkaton|Tinkaton, F|90/100|[from] U-turn
|
|upkeep
|turn|5
|inactive|UchihaSusgay has 120 seconds left.
|
|t:|1758946467
|switch|p2a: Rotom|Rotom-Heat|100/100
|-damage|p2a: Rotom|76/100|[from] Stealth Rock
|move|p1a: Tinkaton|Gigaton Hammer|p2a: Rotom
|-resisted|p2a: Rotom
|-crit|p2a: Rotom
|-damage|p2a: Rotom|34/100
|
|upkeep
|turn|6
|
|t:|1758946484
|switch|p1a: Landorus|Landorus-Therian, M|16/100
|-ability|p1a: Landorus|Intimidate|boost
|-unboost|p2a: Rotom|atk|1
|move|p2a: Rotom|Volt Switch|p1a: Landorus
|-immune|p1a: Landorus
|
|upkeep
|turn|7
|inactive|UchihaSusgay has 120 seconds left.
|
|t:|1758946508
|switch|p2a: Flygon|Flygon, F|100/100
|-damage|p2a: Flygon|95/100|[from] Stealth Rock
|move|p1a: Landorus|Tera Blast|p2a: Flygon
|-damage|p2a: Flygon|68/100
|
|upkeep
|turn|8
|inactive|UchihaSusgay has 120 seconds left.
|
|t:|1758946539
|switch|p1a: Tinkaton|Tinkaton, F|90/100
|move|p2a: Flygon|First Impression|p1a: Tinkaton
|-resisted|p1a: Tinkaton
|-damage|p1a: Tinkaton|79/100
|
|upkeep
|turn|9
|
|t:|1758946548
|switch|p2a: Alomomola|Alomomola, F|100/100
|switch|p1a: Landorus|Landorus-Therian, M|16/100
|-ability|p1a: Landorus|Intimidate|boost
|-unboost|p2a: Alomomola|atk|1
|
|upkeep
|turn|10
|inactive|UchihaSusgay has 90 seconds left.
|
|t:|1758946592
|move|p1a: Landorus|U-turn|p2a: Alomomola
|-damage|p2a: Alomomola|85/100
|
|t:|1758946596
|switch|p1a: Sinistcha|Sinistcha|100/100|[from] U-turn
|move|p2a: Alomomola|Scald|p1a: Sinistcha
|-resisted|p1a: Sinistcha
|-damage|p1a: Sinistcha|92/100
|
|upkeep
|turn|11
|
|t:|1758946603
|move|p1a: Sinistcha|Calm Mind|p1a: Sinistcha
|-boost|p1a: Sinistcha|spa|1
|-boost|p1a: Sinistcha|spd|1
|move|p2a: Alomomola|Flip Turn|p1a: Sinistcha
|-resisted|p1a: Sinistcha
|-damage|p1a: Sinistcha|86/100
|
|t:|1758946607
|switch|p2a: Weezing|Weezing-Galar, F|100/100|[from] Flip Turn
|-ability|p2a: Weezing|Neutralizing Gas
|
|upkeep
|turn|12
|
|t:|1758946615
|move|p2a: Weezing|Defog|p1a: Sinistcha
|-unboost|p1a: Sinistcha|evasion|1
|-sideend|p2: UchihaSusgay|Stealth Rock|[from] move: Defog|[of] p2a: Weezing
|move|p1a: Sinistcha|Calm Mind|p1a: Sinistcha
|-boost|p1a: Sinistcha|spa|1
|-boost|p1a: Sinistcha|spd|1
|
|upkeep
|turn|13
|inactive|UchihaSusgay has 90 seconds left.
|
|t:|1758946631
|move|p2a: Weezing|Defog|p1a: Sinistcha
|-unboost|p1a: Sinistcha|evasion|1
|move|p1a: Sinistcha|Shadow Ball|p2a: Weezing
|-damage|p2a: Weezing|0 fnt
|faint|p2a: Weezing
|-end|p2a: Weezing|ability: Neutralizing Gas
|
|upkeep
|
|t:|1758946633
|switch|p2a: Kingambit|Kingambit, M|100/100
|-activate|p2a: Kingambit|ability: Supreme Overlord
|-start|p2a: Kingambit|fallen1|[silent]
|turn|14
|
|t:|1758946640
|switch|p1a: Moltres|Moltres|58/100
|-terastallize|p2a: Kingambit|Dark
|move|p2a: Kingambit|Kowtow Cleave|p1a: Moltres
|-damage|p1a: Moltres|0 fnt
|faint|p1a: Moltres
|
|upkeep
|
|t:|1758946651
|switch|p1a: Landorus|Landorus-Therian, M|16/100
|-ability|p1a: Landorus|Intimidate|boost
|-unboost|p2a: Kingambit|atk|1
|turn|15
|
|t:|1758946654
|move|p2a: Kingambit|Sucker Punch|p1a: Landorus
|-damage|p1a: Landorus|0 fnt
|faint|p1a: Landorus
|
|upkeep
|
|t:|1758946677
|switch|p1a: Tinkaton|Tinkaton, F|79/100
|turn|16
|inactive|UchihaSusgay has 120 seconds left.
|
|t:|1758946698
|-end|p2a: Kingambit|fallen1|[silent]
|switch|p2a: Rotom|Rotom-Heat|34/100
|move|p1a: Tinkaton|Encore||[still]
|-fail|p1a: Tinkaton
|
|upkeep
|turn|17
|
|t:|1758946708
|switch|p1a: Hydreigon|Hydreigon, M|100/100
|move|p2a: Rotom|Overheat|p1a: Hydreigon|[miss]
|-miss|p2a: Rotom|p1a: Hydreigon
|
|upkeep
|turn|18
|
|t:|1758946718
|switch|p2a: Flygon|Flygon, F|68/100
|move|p1a: Hydreigon|Dark Pulse|p2a: Flygon
|-damage|p2a: Flygon|0 fnt
|faint|p2a: Flygon
|
|upkeep
|
|t:|1758946724
|switch|p2a: Enamorus|Enamorus, F|65/100
|turn|19
|
|t:|1758946727
|switch|p1a: Tinkaton|Tinkaton, F|79/100
|move|p2a: Enamorus|Moonblast|p1a: Tinkaton
|-resisted|p1a: Tinkaton
|-damage|p1a: Tinkaton|49/100
|
|upkeep
|turn|20
|
|t:|1758946743
|switch|p2a: Rotom|Rotom-Heat|34/100
|move|p1a: Tinkaton|Stealth Rock|p2a: Rotom
|-sidestart|p2: UchihaSusgay|move: Stealth Rock
|
|upkeep
|turn|21
|
|t:|1758946750
|switch|p1a: Hydreigon|Hydreigon, M|100/100
|move|p2a: Rotom|Volt Switch|p1a: Hydreigon
|-resisted|p1a: Hydreigon
|-damage|p1a: Hydreigon|70/100
|
|t:|1758946765
|switch|p2a: Enamorus|Enamorus, F|65/100|[from] Volt Switch
|-damage|p2a: Enamorus|40/100|[from] Stealth Rock
|
|upkeep
|turn|22
|l|☆Johnytt
|inactive|Johnytt disconnected and has a minute to reconnect!
|player|p1|
|j|☆Johnytt
|inactive|Johnytt reconnected and has 130 seconds left.
|player|p1|Johnytt|1|
|inactive|Johnytt has 120 seconds left.
|
|t:|1758946795
|switch|p1a: Tinkaton|Tinkaton, F|49/100
|move|p2a: Enamorus|Moonblast|p1a: Tinkaton
|-resisted|p1a: Tinkaton
|-damage|p1a: Tinkaton|19/100
|-unboost|p1a: Tinkaton|spa|1
|
|upkeep
|turn|23
|
|t:|1758946814
|move|p2a: Enamorus|Moonblast|p1a: Tinkaton
|-resisted|p1a: Tinkaton
|-damage|p1a: Tinkaton|0 fnt
|faint|p1a: Tinkaton
|
|upkeep
|inactive|Johnytt has 120 seconds left.
|
|t:|1758946826
|switch|p1a: Sinistcha|Sinistcha|86/100
|turn|24
|
|t:|1758946851
|switch|p2a: Rotom|Rotom-Heat|34/100
|-damage|p2a: Rotom|9/100|[from] Stealth Rock
|-terastallize|p1a: Sinistcha|Poison
|move|p1a: Sinistcha|Shadow Ball|p2a: Rotom
|-damage|p2a: Rotom|0 fnt
|faint|p2a: Rotom
|
|upkeep
|
|t:|1758946855
|switch|p2a: Alomomola|Alomomola, F|100/100
|turn|25
|
|t:|1758946860
|move|p1a: Sinistcha|Matcha Gotcha|p2a: Alomomola
|-supereffective|p2a: Alomomola
|-damage|p2a: Alomomola|33/100
|-heal|p1a: Sinistcha|100/100|[from] drain|[of] p2a: Alomomola
|-status|p2a: Alomomola|brn
|move|p2a: Alomomola|Wish|p2a: Alomomola
|
|-damage|p2a: Alomomola|27/100 brn|[from] brn
|upkeep
|turn|26
|
|t:|1758946879
|move|p1a: Sinistcha|Calm Mind|p1a: Sinistcha
|-boost|p1a: Sinistcha|spa|1
|-boost|p1a: Sinistcha|spd|1
|move|p2a: Alomomola|Flip Turn|p1a: Sinistcha
|-damage|p1a: Sinistcha|92/100
|
|t:|1758946880
|switch|p2a: Enamorus|Enamorus, F|40/100|[from] Flip Turn
|-damage|p2a: Enamorus|15/100|[from] Stealth Rock
|
|-heal|p2a: Enamorus|97/100|[from] move: Wish|[wisher] Alomomola
|upkeep
|turn|27
|
|t:|1758946886
|move|p2a: Enamorus|Earth Power|p1a: Sinistcha
|-supereffective|p1a: Sinistcha
|-damage|p1a: Sinistcha|27/100
|move|p1a: Sinistcha|Calm Mind|p1a: Sinistcha
|-boost|p1a: Sinistcha|spa|1
|-boost|p1a: Sinistcha|spd|1
|
|upkeep
|turn|28
|
|t:|1758946891
|switch|p1a: Hydreigon|Hydreigon, M|70/100
|move|p2a: Enamorus|Earth Power|p1a: Hydreigon
|-immune|p1a: Hydreigon|[from] ability: Levitate
|
|upkeep
|turn|29
|
|t:|1758946899
|switch|p2a: Alomomola|Alomomola, F|60/100 brn
|move|p1a: Hydreigon|Flash Cannon|p2a: Alomomola
|-resisted|p2a: Alomomola
|-damage|p2a: Alomomola|40/100 brn
|
|-damage|p2a: Alomomola|34/100 brn|[from] brn
|upkeep
|turn|30
|
|t:|1758946923
|switch|p1a: Sinistcha|Sinistcha, tera:Poison|27/100
|move|p2a: Alomomola|Flip Turn|p1a: Sinistcha
|-damage|p1a: Sinistcha|19/100
|
|t:|1758946925
|switch|p2a: Kingambit|Kingambit, M, tera:Dark|100/100|[from] Flip Turn
|-damage|p2a: Kingambit|88/100|[from] Stealth Rock
|-activate|p2a: Kingambit|ability: Supreme Overlord
|-start|p2a: Kingambit|fallen3|[silent]
|
|upkeep
|turn|31
|
|t:|1758946929
|move|p2a: Kingambit|Kowtow Cleave|p1a: Sinistcha
|-damage|p1a: Sinistcha|0 fnt
|faint|p1a: Sinistcha
|
|upkeep
|
|t:|1758946940
|switch|p1a: Samurott|Samurott-Hisui, M|100/100
|turn|32
|
|t:|1758946959
|move|p2a: Kingambit|Sucker Punch|p1a: Samurott
|-resisted|p1a: Samurott
|-damage|p1a: Samurott|49/100
|move|p1a: Samurott|Flip Turn|p2a: Kingambit
|-damage|p2a: Kingambit|66/100
|
|t:|1758946965
|switch|p1a: Hydreigon|Hydreigon, M|70/100|[from] Flip Turn
|
|upkeep
|turn|33
|
|t:|1758946973
|move|p2a: Kingambit|Sucker Punch|p1a: Hydreigon
|-resisted|p1a: Hydreigon
|-damage|p1a: Hydreigon|23/100
|move|p1a: Hydreigon|Flash Cannon|p2a: Kingambit
|-damage|p2a: Kingambit|18/100
|
|upkeep
|turn|34
|
|t:|1758946976
|move|p2a: Kingambit|Sucker Punch|p1a: Hydreigon
|-resisted|p1a: Hydreigon
|-damage|p1a: Hydreigon|0 fnt
|faint|p1a: Hydreigon
|
|upkeep
|
|t:|1758946980
|switch|p1a: Samurott|Samurott-Hisui, M|49/100
|turn|35
|
|t:|1758946984
|move|p2a: Kingambit|Sucker Punch|p1a: Samurott
|-resisted|p1a: Samurott
|-damage|p1a: Samurott|0 fnt
|faint|p1a: Samurott
|
|win|UchihaSusgay
|raw|Johnytt's rating: 1457 &rarr; <strong>1438</strong><br />(-19 for losing)
|raw|UchihaSusgay's rating: 1468 &rarr; <strong>1487</strong><br />(+19 for winning)
|l|☆UchihaSusgay
|player|p2|
|l|☆Johnytt
|player|p1|
