|j|☆zCleo
|j|☆slidaway
|t:|1758917374
|gametype|singles
|player|p1|zCleo|workerice|1078
|player|p2|slidaway|169|1135
|gen|9
|tier|[Gen 9] OU
|rated|
|rule|HP Percentage Mod: HP is shown in percentages
|rule|Endless Battle Clause: Forcing endless battles is banned
|rule|Species Clause: Limit one of each Pokémon
|rule|OHKO Clause: OHKO moves are banned
|rule|Evasion Items Clause: Evasion items are banned
|rule|Evasion Moves Clause: Evasion moves are banned
|rule|Evasion Abilities Clause: Evasion abilities are banned
|rule|Sleep Moves Clause: Sleep-inducing moves are banned
|clearpoke
|poke|p1|Blissey, F|
|poke|p1|Garganacl, M|
|poke|p1|Cresselia, F|
|poke|p1|Ursaluna, M|
|poke|p1|Zapdos|
|poke|p1|Hydrapple, M|
|poke|p2|Gengar, M|
|poke|p2|Forretress, M|
|poke|p2|Tyranitar, F|
|poke|p2|Donphan, F|
|poke|p2|Raging Bolt|
|poke|p2|Enamorus, F|
|teampreview
|
|t:|1758917393
|teamsize|p1|6
|teamsize|p2|6
|start
|switch|p1a: Cursed Rock|Garganacl, M, shiny|100/100
|switch|p2a: Hazard|Forretress, M, shiny|100/100
|turn|1
|
|t:|1758917445
|move|p1a: Cursed Rock|Salt Cure|p2a: Hazard
|-damage|p2a: Hazard|93/100
|-start|p2a: Hazard|Salt Cure
|move|p2a: Hazard|Stealth Rock|p1a: Cursed Rock
|-sidestart|p1: zCleo|move: Stealth Rock
|
|-heal|p2a: Hazard|99/100|[from] item: Leftovers
|-damage|p2a: Hazard|74/100|[from] Salt Cure
|upkeep
|turn|2
|
|t:|1758917484
|move|p1a: Cursed Rock|Substitute|p1a: Cursed Rock
|-start|p1a: Cursed Rock|Substitute
|-damage|p1a: Cursed Rock|75/100
|move|p2a: Hazard|Volt Switch|p1a: Cursed Rock
|-activate|p1a: Cursed Rock|move: Substitute|[damage]
|
|t:|1758917500
|switch|p2a: Ghost|Gengar, M|100/100|[from] Volt Switch
|
|-heal|p1a: Cursed Rock|82/100|[from] item: Leftovers
|upkeep
|turn|3
|inactive|Battle timer is ON: inactive players will automatically lose when time's up. (requested by slidaway)
|
|t:|1758917567
|move|p2a: Ghost|Sludge Wave|p1a: Cursed Rock
|-resisted|p1a: Cursed Rock
|-end|p1a: Cursed Rock|Substitute
|move|p1a: Cursed Rock|Salt Cure|p2a: Ghost
|-damage|p2a: Ghost|74/100
|-start|p2a: Ghost|Salt Cure
|-start|p1a: Cursed Rock|Disable|Salt Cure|[from] ability: Cursed Body|[of] p2a: Ghost
|
|-heal|p1a: Cursed Rock|88/100|[from] item: Leftovers
|-damage|p2a: Ghost|61/100|[from] Salt Cure
|upkeep
|turn|4
|inactive|zCleo has 120 seconds left.
|
|t:|1758917603
|switch|p2a: Enamorus|Enamorus, F|100/100
|move|p1a: Cursed Rock|Substitute|p1a: Cursed Rock
|-start|p1a: Cursed Rock|Substitute
|-damage|p1a: Cursed Rock|63/100
|
|-heal|p1a: Cursed Rock|69/100|[from] item: Leftovers
|upkeep
|turn|5
|inactive|zCleo has 120 seconds left.
|inactive|zCleo has 90 seconds left.
|
|t:|1758917642
|move|p2a: Enamorus|Earth Power|p1a: Cursed Rock
|-supereffective|p1a: Cursed Rock
|-end|p1a: Cursed Rock|Substitute
|move|p1a: Cursed Rock|Stealth Rock|p2a: Enamorus
|-sidestart|p2: slidaway|move: Stealth Rock
|
|-heal|p1a: Cursed Rock|75/100|[from] item: Leftovers
|upkeep
|turn|6
|inactive|zCleo has 90 seconds left.
|
|t:|1758917664
|move|p2a: Enamorus|Earth Power|p1a: Cursed Rock
|-supereffective|p1a: Cursed Rock
|-damage|p1a: Cursed Rock|10/100
|move|p1a: Cursed Rock|Recover|p1a: Cursed Rock
|-heal|p1a: Cursed Rock|60/100
|
|-heal|p1a: Cursed Rock|67/100|[from] item: Leftovers
|-end|p1a: Cursed Rock|Disable
|upkeep
|turn|7
|
|t:|1758917690
|move|p2a: Enamorus|Earth Power|p1a: Cursed Rock
|-supereffective|p1a: Cursed Rock
|-damage|p1a: Cursed Rock|1/100
|move|p1a: Cursed Rock|Salt Cure|p2a: Enamorus
|-supereffective|p2a: Enamorus
|-damage|p2a: Enamorus|58/100
|-start|p2a: Enamorus|Salt Cure
|
|-heal|p1a: Cursed Rock|7/100|[from] item: Leftovers
|-damage|p2a: Enamorus|46/100|[from] Salt Cure
|upkeep
|turn|8
|
|t:|1758917702
|switch|p1a: Thunder Bird|Zapdos|100/100
|-damage|p1a: Thunder Bird|76/100|[from] Stealth Rock
|move|p2a: Enamorus|Earth Power|p1a: Thunder Bird
|-immune|p1a: Thunder Bird
|
|-damage|p2a: Enamorus|33/100|[from] Salt Cure
|upkeep
|turn|9
|inactive|zCleo has 60 seconds left.
|
|t:|1758917735
|switch|p2a: Kiba|Donphan, F, shiny|100/100
|move|p1a: Thunder Bird|Thunderbolt|p2a: Kiba
|-immune|p2a: Kiba
|
|upkeep
|turn|10
|
|t:|1758917744
|switch|p1a: Sleepy|Cresselia, F, shiny|100/100
|-damage|p1a: Sleepy|88/100|[from] Stealth Rock
|move|p2a: Kiba|Ice Spinner|p1a: Sleepy
|-damage|p1a: Sleepy|68/100
|
|upkeep
|turn|11
|
|t:|1758917754
|move|p2a: Kiba|Earthquake|p1a: Sleepy
|-immune|p1a: Sleepy|[from] ability: Levitate
|move|p1a: Sleepy|Trick Room|p1a: Sleepy
|-fieldstart|move: Trick Room|[of] p1a: Sleepy
|
|upkeep
|turn|12
|inactive|zCleo has 60 seconds left.
|
|t:|1758917761
|switch|p1a: Swiper|Ursaluna, M|100/100
|-damage|p1a: Swiper|94/100|[from] Stealth Rock
|move|p2a: Kiba|Ice Spinner|p1a: Swiper
|-supereffective|p1a: Swiper
|-damage|p1a: Swiper|56/100
|
|-status|p1a: Swiper|brn|[from] item: Flame Orb
|upkeep
|turn|13
|inactive|zCleo has 60 seconds left.
|
|t:|1758917778
|-terastallize|p1a: Swiper|Ground
|move|p1a: Swiper|Swords Dance|p1a: Swiper
|-boost|p1a: Swiper|atk|2
|move|p2a: Kiba|Ice Spinner|p1a: Swiper
|-supereffective|p1a: Swiper
|-damage|p1a: Swiper|14/100 brn
|
|-damage|p1a: Swiper|7/100 brn|[from] brn
|upkeep
|turn|14
|inactive|zCleo has 60 seconds left.
|
|t:|1758917790
|move|p2a: Kiba|Ice Shard|p1a: Swiper
|-supereffective|p1a: Swiper
|-damage|p1a: Swiper|0 fnt
|faint|p1a: Swiper
|
|upkeep
|
|t:|1758917796
|switch|p1a: Galaxy Destroyer|Blissey, F, shiny|100/100
|-damage|p1a: Galaxy Destroyer|88/100|[from] Stealth Rock
|turn|15
|
|t:|1758917801
|move|p2a: Kiba|Rapid Spin|p1a: Galaxy Destroyer
|-damage|p1a: Galaxy Destroyer|71/100
|-boost|p2a: Kiba|spe|1
|-sideend|p2: slidaway|Stealth Rock|[from] move: Rapid Spin|[of] p2a: Kiba
|move|p1a: Galaxy Destroyer|Calm Mind|p1a: Galaxy Destroyer
|-boost|p1a: Galaxy Destroyer|spa|1
|-boost|p1a: Galaxy Destroyer|spd|1
|
|-heal|p1a: Galaxy Destroyer|77/100|[from] item: Leftovers
|-fieldend|move: Trick Room
|upkeep
|turn|16
|
|t:|1758917815
|move|p2a: Kiba|Ice Spinner|p1a: Galaxy Destroyer
|-damage|p1a: Galaxy Destroyer|49/100
|move|p1a: Galaxy Destroyer|Calm Mind|p1a: Galaxy Destroyer
|-boost|p1a: Galaxy Destroyer|spa|1
|-boost|p1a: Galaxy Destroyer|spd|1
|
|-heal|p1a: Galaxy Destroyer|56/100|[from] item: Leftovers
|upkeep
|turn|17
|
|t:|1758917825
|move|p2a: Kiba|Ice Spinner|p1a: Galaxy Destroyer
|-crit|p1a: Galaxy Destroyer
|-damage|p1a: Galaxy Destroyer|16/100
|move|p1a: Galaxy Destroyer|Calm Mind|p1a: Galaxy Destroyer
|-boost|p1a: Galaxy Destroyer|spa|1
|-boost|p1a: Galaxy Destroyer|spd|1
|
|-heal|p1a: Galaxy Destroyer|23/100|[from] item: Leftovers
|upkeep
|turn|18
|
|t:|1758917834
|move|p2a: Kiba|Ice Spinner|p1a: Galaxy Destroyer
|-damage|p1a: Galaxy Destroyer|0 fnt
|faint|p1a: Galaxy Destroyer
|
|upkeep
|-message|zCleo forfeited.
|
|win|slidaway
|raw|zCleo's rating: 1039 &rarr; <strong>1027</strong><br />(-12 for losing)
|raw|slidaway's rating: 1135 &rarr; <strong>1153</strong><br />(+18 for winning)
|l|☆zCleo
|player|p1|
