|badge|p2|silver|gen9ou|30-6
|html|<div class="broadcast-red"><strong>This battle is required to be public due to one or more player having a season medal.</strong><br />During the public phase, you can discuss the state of the ladder <a href="/seasondiscussion">in a special chatroom.</a></div>
|uhtml|medal-msg|<div class="broadcast-blue">Curious what those medals under the avatar are? PS now has Ladder Seasons! For more information, check out the <a href="https://www.smogon.com/forums/threads/3740067/">thread on Smogon.</a></div>
|raw|<div class="broadcast-blue"><strong>This battle is required to be public due to a player having a name starting with 'medal'.</div>
|j|☆Dr Greg H
|j|☆MunchlaxTheGodKing
|t:|1758974975
|gametype|singles
|player|p1|Dr Greg H|pokemonbreeder-gen4|1791
|player|p2|MunchlaxTheGodKing|furisodegirl-black|1920
|gen|9
|tier|[Gen 9] OU
|rated|
|rule|HP Percentage Mod: HP is shown in percentages
|rule|Endless Battle Clause: Forcing endless battles is banned
|rule|Species Clause: Limit one of each Pokémon
|rule|OHKO Clause: OHKO moves are banned
|rule|Evasion Items Clause: Evasion items are banned
|rule|Evasion Moves Clause: Evasion moves are banned
|rule|Evasion Abilities Clause: Evasion abilities are banned
|rule|Sleep Moves Clause: Sleep-inducing moves are banned
|clearpoke
|poke|p1|Indeedee, M|
|poke|p1|Hatterene, F|
|poke|p1|Ursaluna, F|
|poke|p1|Iron Hands|
|poke|p1|Hoopa-Unbound|
|poke|p1|Mimikyu, F|
|poke|p2|Zamazenta-*|
|poke|p2|Dragapult, M|
|poke|p2|Raging Bolt|
|poke|p2|Moltres|
|poke|p2|Iron Treads|
|poke|p2|Samurott-Hisui, M|
|teampreview
|inactive|Battle timer is ON: inactive players will automatically lose when time's up. (requested by Dr Greg H)
|inactive|MunchlaxTheGodKing also wants the timer to be on.
|j| vywxiwjxjwk
|j| amefurikoneko
|
|t:|1758974996
|teamsize|p1|6
|teamsize|p2|6
|start
|switch|p1a: LEBRON|Iron Hands, shiny|100/100
|switch|p2a: 90%≠don't blunder|Samurott-Hisui, M|100/100
|-enditem|p1a: LEBRON|Booster Energy
|-activate|p1a: LEBRON|ability: Quark Drive|[fromitem]
|-start|p1a: LEBRON|quarkdriveatk
|turn|1
|j| Art234巴大蝶
|
|t:|1758975006
|move|p2a: 90%≠don't blunder|Flip Turn|p1a: LEBRON
|-damage|p1a: LEBRON|67/100
|l| amefurikoneko
|
|t:|1758975010
|switch|p2a: 24岁 喜欢发射孩子|Dragapult, M|100/100|[from] Flip Turn
|move|p1a: LEBRON|Close Combat|p2a: 24岁 喜欢发射孩子
|-immune|p2a: 24岁 喜欢发射孩子
|
|upkeep
|turn|2
|j| sdfgshisheng
|
|t:|1758975020
|move|p2a: 24岁 喜欢发射孩子|Shadow Ball|p1a: LEBRON
|-damage|p1a: LEBRON|28/100
|move|p1a: LEBRON|Supercell Slam|p2a: 24岁 喜欢发射孩子
|-resisted|p2a: 24岁 喜欢发射孩子
|-damage|p2a: 24岁 喜欢发射孩子|46/100
|
|upkeep
|turn|3
|
|t:|1758975026
|switch|p2a: 踩踩背|Iron Treads|100/100
|-end|p1a: LEBRON|Quark Drive|[silent]
|switch|p1a: Subaru|Indeedee, M, shiny|100/100
|-fieldstart|move: Psychic Terrain|[from] ability: Psychic Surge|[of] p1a: Subaru
|
|upkeep
|turn|4
|n| Art巴大蝶234|art234
|
|t:|1758975033
|switch|p1a: Satella|Hatterene, F, shiny|100/100
|move|p2a: 踩踩背|Stealth Rock|p1a: Satella
|move|p1a: Satella|Stealth Rock|p2a: 踩踩背|[from] ability: Magic Bounce
|-sidestart|p2: MunchlaxTheGodKing|move: Stealth Rock
|
|upkeep
|turn|5
|l| sdfgshisheng
|j| shuinifengB
|j| Despote
|
|t:|1758975046
|move|p2a: 踩踩背|Rapid Spin|p1a: Satella
|-crit|p1a: Satella
|-damage|p1a: Satella|77/100
|-boost|p2a: 踩踩背|spe|1
|-sideend|p2: MunchlaxTheGodKing|Stealth Rock|[from] move: Rapid Spin|[of] p2a: 踩踩背
|move|p1a: Satella|Trick Room|p1a: Satella
|-fieldstart|move: Trick Room|[of] p1a: Satella
|
|upkeep
|turn|6
|n| Art234巴大蝶|art234
|
|t:|1758975048
|move|p1a: Satella|Mystical Fire|p2a: 踩踩背
|-supereffective|p2a: 踩踩背
|-damage|p2a: 踩踩背|42/100
|-unboost|p2a: 踩踩背|spa|1
|-damage|p1a: Satella|68/100|[from] item: Life Orb
|move|p2a: 踩踩背|Stealth Rock|p1a: Satella
|move|p1a: Satella|Stealth Rock|p2a: 踩踩背|[from] ability: Magic Bounce
|-sidestart|p2: MunchlaxTheGodKing|move: Stealth Rock
|
|-heal|p2a: 踩踩背|48/100|[from] item: Leftovers
|upkeep
|turn|7
|j| locked in bro
|
|t:|1758975054
|-end|p2a: 踩踩背|Quark Drive|[silent]
|switch|p2a: Moltres|Moltres|100/100
|move|p1a: Satella|Expanding Force|p2a: Moltres
|-damage|p2a: Moltres|0 fnt
|faint|p2a: Moltres
|-damage|p1a: Satella|58/100|[from] item: Life Orb
|
|upkeep
|
|t:|1758975061
|switch|p2a: 踩踩背|Iron Treads|48/100
|-damage|p2a: 踩踩背|45/100|[from] Stealth Rock
|turn|8
|
|t:|1758975066
|move|p1a: Satella|Expanding Force|p2a: 踩踩背
|-resisted|p2a: 踩踩背
|-damage|p2a: 踩踩背|0 fnt
|faint|p2a: 踩踩背
|-end|p2a: 踩踩背|Quark Drive|[silent]
|-damage|p1a: Satella|48/100|[from] item: Life Orb
|
|upkeep
|
|t:|1758975073
|switch|p2a: 24岁 喜欢发射孩子|Dragapult, M|46/100
|-damage|p2a: 24岁 喜欢发射孩子|33/100|[from] Stealth Rock
|turn|9
|
|t:|1758975078
|move|p1a: Satella|Draining Kiss|p2a: 24岁 喜欢发射孩子
|-supereffective|p2a: 24岁 喜欢发射孩子
|-damage|p2a: 24岁 喜欢发射孩子|0 fnt
|-heal|p1a: Satella|73/100|[from] drain|[of] p2a: 24岁 喜欢发射孩子
|faint|p2a: 24岁 喜欢发射孩子
|-damage|p1a: Satella|63/100|[from] item: Life Orb
|
|-fieldend|move: Trick Room
|upkeep
|
|t:|1758975080
|switch|p2a: 90%≠don't blunder|Samurott-Hisui, M|100/100
|-damage|p2a: 90%≠don't blunder|88/100|[from] Stealth Rock
|turn|10
|j| dsvdv
|l| vywxiwjxjwk
|inactive|Dr Greg H has 120 seconds left.
|
|t:|1758975115
|-terastallize|p2a: 90%≠don't blunder|Dark
|move|p2a: 90%≠don't blunder|Ceaseless Edge|p1a: Satella
|-damage|p1a: Satella|0 fnt
|-sidestart|p1: Dr Greg H|Spikes
|faint|p1a: Satella
|
|-fieldend|move: Psychic Terrain
|upkeep
|
|t:|1758975142
|switch|p1a: Mimi|Mimikyu, F, shiny|100/100
|-damage|p1a: Mimi|88/100|[from] Spikes
|turn|11
|
|t:|1758975147
|move|p2a: 90%≠don't blunder|Ceaseless Edge|p1a: Mimi
|-activate|p1a: Mimi|ability: Disguise
|-damage|p1a: Mimi|88/100
|-sidestart|p1: Dr Greg H|Spikes
|detailschange|p1a: Mimi|Mimikyu-Busted, F, shiny
|-damage|p1a: Mimi|76/100|[from] pokemon: Mimikyu-Busted
|-enditem|p1a: Mimi|Red Card|[of] p2a: 90%≠don't blunder
|drag|p2a: 脑袋尖尖的|Zamazenta|100/100
|-damage|p2a: 脑袋尖尖的|94/100|[from] Stealth Rock
|-ability|p2a: 脑袋尖尖的|Dauntless Shield|boost
|-boost|p2a: 脑袋尖尖的|def|1
|move|p1a: Mimi|Trick Room|p1a: Mimi
|-fieldstart|move: Trick Room|[of] p1a: Mimi
|
|upkeep
|turn|12
|
|t:|1758975153
|move|p1a: Mimi|Curse|p2a: 脑袋尖尖的
|-start|p2a: 脑袋尖尖的|Curse|[of] p1a: Mimi
|-damage|p1a: Mimi|26/100
|move|p2a: 脑袋尖尖的|Crunch|p1a: Mimi
|-crit|p1a: Mimi
|-damage|p1a: Mimi|0 fnt
|faint|p1a: Mimi
|-damage|p2a: 脑袋尖尖的|85/100|[from] item: Life Orb
|
|-damage|p2a: 脑袋尖尖的|60/100|[from] Curse
|upkeep
|
|t:|1758975158
|switch|p1a: King Von|Hoopa-Unbound|100/100
|-damage|p1a: King Von|84/100|[from] Spikes
|turn|13
|
|t:|1758975162
|switch|p2a: 90%≠don't blunder|Samurott-Hisui, M, tera:Dark|88/100
|-damage|p2a: 90%≠don't blunder|76/100|[from] Stealth Rock
|move|p1a: King Von|Focus Blast|p2a: 90%≠don't blunder
|-supereffective|p2a: 90%≠don't blunder
|-damage|p2a: 90%≠don't blunder|0 fnt
|faint|p2a: 90%≠don't blunder
|
|upkeep
|
|t:|1758975174
|switch|p2a: 长脖奶龙|Raging Bolt|100/100
|turn|14
|
|t:|1758975187
|switch|p1a: Crashout YN|Ursaluna, F, shiny|100/100
|-damage|p1a: Crashout YN|84/100|[from] Spikes
|move|p2a: 长脖奶龙|Draco Meteor|p1a: Crashout YN
|-damage|p1a: Crashout YN|21/100
|-unboost|p2a: 长脖奶龙|spa|2
|
|-status|p1a: Crashout YN|brn|[from] item: Flame Orb
|upkeep
|turn|15
|j| wgw2333
|
|t:|1758975201
|move|p1a: Crashout YN|Facade|p2a: 长脖奶龙
|-damage|p2a: 长脖奶龙|0 fnt
|faint|p2a: 长脖奶龙
|-end|p2a: 长脖奶龙|Protosynthesis|[silent]
|
|-damage|p1a: Crashout YN|15/100 brn|[from] brn
|-fieldend|move: Trick Room
|upkeep
|
|t:|1758975204
|switch|p2a: 脑袋尖尖的|Zamazenta|60/100
|-damage|p2a: 脑袋尖尖的|54/100|[from] Stealth Rock
|turn|16
|
|t:|1758975207
|move|p2a: 脑袋尖尖的|Ice Fang|p1a: Crashout YN
|-supereffective|p1a: Crashout YN
|-damage|p1a: Crashout YN|0 fnt
|faint|p1a: Crashout YN
|-damage|p2a: 脑袋尖尖的|44/100|[from] item: Life Orb
|
|upkeep
|
|t:|1758975212
|switch|p1a: Subaru|Indeedee, M, shiny|100/100
|-damage|p1a: Subaru|84/100|[from] Spikes
|-fieldstart|move: Psychic Terrain|[from] ability: Psychic Surge|[of] p1a: Subaru
|turn|17
|l| wgw2333
|j| Dionysos
|j| lanarey
|c| Art234巴大蝶|能赢吗
|
|t:|1758975226
|-terastallize|p1a: Subaru|Fairy
|move|p2a: 脑袋尖尖的|Crunch|p1a: Subaru
|-resisted|p1a: Subaru
|-damage|p1a: Subaru|67/100
|-damage|p2a: 脑袋尖尖的|34/100|[from] item: Life Orb
|move|p1a: Subaru|Trick Room|p1a: Subaru
|-fieldstart|move: Trick Room|[of] p1a: Subaru
|
|upkeep
|turn|18
|
|t:|1758975230
|move|p1a: Subaru|Expanding Force|p2a: 脑袋尖尖的
|-supereffective|p2a: 脑袋尖尖的
|-damage|p2a: 脑袋尖尖的|0 fnt
|faint|p2a: 脑袋尖尖的
|
|win|Dr Greg H
|raw|Dr Greg H's rating: 1791 &rarr; <strong>1818</strong><br />(+27 for winning)
|raw|MunchlaxTheGodKing's rating: 1920 &rarr; <strong>1893</strong><br />(-27 for losing)
|l| Dionysos
|l| locked in bro
|l| lanarey
|l| Art234巴大蝶
|l| shuinifengB
|l| Despote
|j| amefurikoneko
|l| amefurikoneko
|l|☆Dr Greg H
|player|p1|
|l| dsvdv
|l|☆MunchlaxTheGodKing
|player|p2|
|j| vywxiwjxjwk
