|j|☆Lukieee cheess
|j|☆ancient faith
|t:|1758950834
|gametype|singles
|player|p1|Lukieee cheess|1|1000
|player|p2|ancient faith|red-gen1main|1000
|gen|9
|tier|[Gen 9] OU
|rated|
|rule|HP Percentage Mod: HP is shown in percentages
|rule|Endless Battle Clause: Forcing endless battles is banned
|rule|Species Clause: Limit one of each Pokémon
|rule|OHKO Clause: OHKO moves are banned
|rule|Evasion Items Clause: Evasion items are banned
|rule|Evasion Moves Clause: Evasion moves are banned
|rule|Evasion Abilities Clause: Evasion abilities are banned
|rule|Sleep Moves Clause: Sleep-inducing moves are banned
|clearpoke
|poke|p1|Incineroar, M|
|poke|p1|Blaziken, F|
|poke|p1|Delphox, F|
|poke|p1|Skeledirge, M|
|poke|p1|Charizard, M|
|poke|p1|Cinderace, M|
|poke|p2|Enamorus, F|
|poke|p2|Kyurem|
|poke|p2|Landorus-Therian, M|
|poke|p2|Kingambit, M|
|poke|p2|Ogerpon-Wellspring, F|
|poke|p2|Glimmora, M|
|teampreview
|
|t:|1758950843
|teamsize|p1|6
|teamsize|p2|6
|start
|switch|p1a: Cinderace|Cinderace, M|100/100
|switch|p2a: Ogerpon|Ogerpon-Wellspring, F|100/100
|turn|1
|inactive|Battle timer is ON: inactive players will automatically lose when time's up. (requested by ancient faith)
|
|t:|1758950848
|switch|p2a: Glimmora|Glimmora, M, shiny|100/100
|move|p1a: Cinderace|Gunk Shot|p2a: Glimmora
|-start|p1a: Cinderace|typechange|Poison|[from] ability: Libero
|-resisted|p2a: Glimmora
|-damage|p2a: Glimmora|84/100
|-activate|p2a: Glimmora|ability: Toxic Debris
|-sidestart|p1: Lukieee cheess|move: Toxic Spikes
|-enditem|p2a: Glimmora|Red Card|[of] p1a: Cinderace
|drag|p1a: Skeledirge|Skeledirge, M|100/100
|-status|p1a: Skeledirge|psn
|
|-damage|p1a: Skeledirge|88/100 psn|[from] psn
|upkeep
|turn|2
|
|t:|1758950861
|move|p2a: Glimmora|Power Gem|p1a: Skeledirge
|-supereffective|p1a: Skeledirge
|-damage|p1a: Skeledirge|28/100 psn
|move|p1a: Skeledirge|Fire Spin|p2a: Glimmora
|-resisted|p2a: Glimmora
|-damage|p2a: Glimmora|75/100
|-activate|p2a: Glimmora|move: Fire Spin|[of] p1a: Skeledirge
|
|-damage|p1a: Skeledirge|16/100 psn|[from] psn
|-damage|p2a: Glimmora|58/100|[from] move: Fire Spin|[partiallytrapped]
|upkeep
|turn|3
|
|t:|1758950874
|switch|p1a: Charizard|Charizard, M|100/100
|move|p2a: Glimmora|Power Gem|p1a: Charizard
|-supereffective|p1a: Charizard
|-damage|p1a: Charizard|0 fnt
|faint|p1a: Charizard
|
|-end|p2a: Glimmora|Fire Spin|[partiallytrapped]|[silent]
|upkeep
|
|t:|1758950880
|switch|p1a: Skeledirge|Skeledirge, M|16/100 psn
|turn|4
|
|t:|1758950883
|move|p2a: Glimmora|Power Gem|p1a: Skeledirge
|-supereffective|p1a: Skeledirge
|-damage|p1a: Skeledirge|0 fnt
|faint|p1a: Skeledirge
|
|upkeep
|
|t:|1758950885
|switch|p1a: Cinderace|Cinderace, M|100/100
|-status|p1a: Cinderace|psn
|turn|5
|
|t:|1758950895
|move|p1a: Cinderace|Iron Head|p2a: Glimmora
|-start|p1a: Cinderace|typechange|Steel|[from] ability: Libero
|-supereffective|p2a: Glimmora
|-damage|p2a: Glimmora|0 fnt
|-activate|p2a: Glimmora|ability: Toxic Debris
|-sidestart|p1: Lukieee cheess|move: Toxic Spikes
|faint|p2a: Glimmora
|
|-damage|p1a: Cinderace|88/100 psn|[from] psn
|upkeep
|
|t:|1758950908
|switch|p2a: Ogerpon|Ogerpon-Wellspring, F|100/100
|turn|6
|
|t:|1758950913
|move|p2a: Ogerpon|Ivy Cudgel|p1a: Cinderace|[anim] Ivy Cudgel Water
|-damage|p1a: Cinderace|3/100 psn
|move|p1a: Cinderace|Iron Head|p2a: Ogerpon
|-resisted|p2a: Ogerpon
|-damage|p2a: Ogerpon|58/100
|
|-damage|p1a: Cinderace|0 fnt|[from] psn
|faint|p1a: Cinderace
|upkeep
|
|t:|1758950917
|switch|p1a: Incineroar|Incineroar, M|100/100
|-status|p1a: Incineroar|tox
|-ability|p1a: Incineroar|Intimidate|boost
|-unboost|p2a: Ogerpon|atk|1
|turn|7
|
|t:|1758950928
|move|p2a: Ogerpon|U-turn|p1a: Incineroar
|-damage|p1a: Incineroar|85/100 tox
|
|t:|1758950930
|switch|p2a: Landorus|Landorus-Therian, M, shiny|100/100|[from] U-turn
|-ability|p2a: Landorus|Intimidate|boost
|-unboost|p1a: Incineroar|atk|1
|move|p1a: Incineroar|Parting Shot|p2a: Landorus
|-unboost|p2a: Landorus|atk|1
|-unboost|p2a: Landorus|spa|1
|
|t:|1758950939
|switch|p1a: Delphox|Delphox, F|100/100|[from] Parting Shot
|-status|p1a: Delphox|tox
|
|-damage|p1a: Delphox|94/100 tox|[from] psn
|upkeep
|turn|8
|
|t:|1758950949
|move|p2a: Landorus|U-turn|p1a: Delphox
|-damage|p1a: Delphox|75/100 tox
|-enditem|p1a: Delphox|Red Card|[of] p2a: Landorus
|drag|p2a: Ogerpon|Ogerpon-Wellspring, F|58/100
|move|p1a: Delphox|Psychic|p2a: Ogerpon
|-damage|p2a: Ogerpon|10/100
|
|-damage|p1a: Delphox|63/100 tox|[from] psn
|upkeep
|turn|9
|
|t:|1758950957
|move|p2a: Ogerpon|Ivy Cudgel|p1a: Delphox|[anim] Ivy Cudgel Water
|-supereffective|p1a: Delphox
|-damage|p1a: Delphox|0 fnt
|faint|p1a: Delphox
|
|upkeep
|-message|Lukieee cheess forfeited.
|
|win|ancient faith
|raw|Lukieee cheess's rating: 1000 &rarr; <strong>1000</strong><br />(+0 for losing)
|raw|ancient faith's rating: 1000 &rarr; <strong>1040</strong><br />(+40 for winning)
|l|☆Lukieee cheess
|player|p1|
