|j|☆STE.Skerd
|j|☆K13XD
|t:|1759053773
|gametype|singles
|player|p1|STE.Skerd|clair|1136
|player|p2|K13XD|bellelba|1164
|gen|9
|tier|[Gen 9] OU
|rated|
|rule|HP Percentage Mod: HP is shown in percentages
|rule|Endless Battle Clause: Forcing endless battles is banned
|rule|Species Clause: Limit one of each Pokémon
|rule|OHKO Clause: OHKO moves are banned
|rule|Evasion Items Clause: Evasion items are banned
|rule|Evasion Moves Clause: Evasion moves are banned
|rule|Evasion Abilities Clause: Evasion abilities are banned
|rule|Sleep Moves Clause: Sleep-inducing moves are banned
|clearpoke
|poke|p1|Kingambit, M|
|poke|p1|Deoxys-Speed|
|poke|p1|Great Tusk|
|poke|p1|Dragonite, M|
|poke|p1|Iron Moth|
|poke|p1|Primarina, M|
|poke|p2|Gardevoir, F|
|poke|p2|Meowscarada, F|
|poke|p2|Vaporeon, F|
|poke|p2|Iron Valiant|
|poke|p2|Salazzle, F|
|poke|p2|Maushold|
|teampreview
|inactive|Battle timer is ON: inactive players will automatically lose when time's up. (requested by STE.Skerd)
|
|t:|1759053788
|teamsize|p1|6
|teamsize|p2|6
|start
|switch|p1a: Moebius|Deoxys-Speed|100/100
|switch|p2a: Iron Valiant|Iron Valiant, shiny|100/100
|-ability|p1a: Moebius|Pressure
|-enditem|p2a: Iron Valiant|Booster Energy
|-activate|p2a: Iron Valiant|ability: Quark Drive|[fromitem]
|-start|p2a: Iron Valiant|quarkdrivespe
|turn|1
|
|t:|1759053803
|switch|p1a: Siren|Primarina, M|100/100
|move|p2a: Iron Valiant|Shadow Sneak|p1a: Siren
|-damage|p1a: Siren|81/100
|
|upkeep
|turn|2
|
|t:|1759053813
|move|p2a: Iron Valiant|Thunder Punch|p1a: Siren
|-supereffective|p1a: Siren
|-damage|p1a: Siren|12/100
|move|p1a: Siren|Surf|p2a: Iron Valiant
|-damage|p2a: Iron Valiant|0 fnt
|faint|p2a: Iron Valiant
|-end|p2a: Iron Valiant|Quark Drive|[silent]
|
|upkeep
|
|t:|1759053829
|switch|p2a: Meowscarada|Meowscarada, F, shiny|100/100
|turn|3
|
|t:|1759053849
|move|p2a: Meowscarada|U-turn|p1a: Siren
|-start|p2a: Meowscarada|typechange|Bug|[from] ability: Protean
|-resisted|p1a: Siren
|-damage|p1a: Siren|0 fnt
|faint|p1a: Siren
|
|t:|1759053856
|switch|p2a: Vaporeon|Vaporeon, F, shiny|100/100|[from] U-turn
|
|upkeep
|
|t:|1759053868
|switch|p1a: Moebius|Deoxys-Speed|100/100
|-ability|p1a: Moebius|Pressure
|turn|4
|
|t:|1759053875
|move|p1a: Moebius|Nasty Plot|p1a: Moebius
|-boost|p1a: Moebius|spa|2
|move|p2a: Vaporeon|Acid Armor|p2a: Vaporeon
|-boost|p2a: Vaporeon|def|2
|
|upkeep
|turn|5
|
|t:|1759053884
|move|p1a: Moebius|Psycho Boost|p2a: Vaporeon|[miss]
|-miss|p1a: Moebius|p2a: Vaporeon
|move|p2a: Vaporeon|Scald|p1a: Moebius
|-damage|p1a: Moebius|59/100
|-status|p1a: Moebius|brn
|
|-damage|p1a: Moebius|53/100 brn|[from] brn
|upkeep
|turn|6
|
|t:|1759053896
|move|p1a: Moebius|Focus Blast|p2a: Vaporeon|[miss]
|-miss|p1a: Moebius|p2a: Vaporeon
|move|p2a: Vaporeon|Scald|p1a: Moebius
|-damage|p1a: Moebius|12/100 brn
|
|-damage|p1a: Moebius|6/100 brn|[from] brn
|upkeep
|turn|7
|
|t:|1759053908
|move|p2a: Vaporeon|Protect|p2a: Vaporeon
|-singleturn|p2a: Vaporeon|Protect
|move|p1a: Moebius|Psycho Boost|p2a: Vaporeon
|-activate|p2a: Vaporeon|move: Protect
|
|-damage|p1a: Moebius|0 fnt|[from] brn
|faint|p1a: Moebius
|upkeep
|-message|STE.Skerd forfeited.
|
|win|K13XD
|raw|STE.Skerd's rating: 1136 &rarr; <strong>1113</strong><br />(-23 for losing)
|raw|K13XD's rating: 1164 &rarr; <strong>1187</strong><br />(+23 for winning)
|l|☆STE.Skerd
|player|p1|
