|badge|p1|silver|gen9ou|30-6
|html|<div class="broadcast-red"><strong>This battle is required to be public due to one or more player having a season medal.</strong><br />During the public phase, you can discuss the state of the ladder <a href="/seasondiscussion">in a special chatroom.</a></div>
|uhtml|medal-msg|<div class="broadcast-blue">Curious what those medals under the avatar are? PS now has Ladder Seasons! For more information, check out the <a href="https://www.smogon.com/forums/threads/3740067/">thread on Smogon.</a></div>
|j|‽JackRG1
|j|‽theonlydork
|t:|1759026865
|gametype|singles
|player|p1|JackRG1|dawn-gen4pt|1845
|player|p2|theonlydork|102|1760
|gen|9
|tier|[Gen 9] OU
|rated|
|rule|HP Percentage Mod: HP is shown in percentages
|rule|Endless Battle Clause: Forcing endless battles is banned
|rule|Species Clause: Limit one of each Pokémon
|rule|OHKO Clause: OHKO moves are banned
|rule|Evasion Items Clause: Evasion items are banned
|rule|Evasion Moves Clause: Evasion moves are banned
|rule|Evasion Abilities Clause: Evasion abilities are banned
|rule|Sleep Moves Clause: Sleep-inducing moves are banned
|clearpoke
|poke|p1|Tyranitar, M|
|poke|p1|Excadrill, M|
|poke|p1|Tornadus-Therian, M|
|poke|p1|Hydrapple, F|
|poke|p1|Garganacl, F|
|poke|p1|Corviknight, F|
|poke|p2|Dragonite, M|
|poke|p2|Gholdengo|
|poke|p2|Iron Treads|
|poke|p2|Quaquaval, F|
|poke|p2|Slowking-Galar, F|
|poke|p2|Ting-Lu|
|teampreview
|inactive|Battle timer is ON: inactive players will automatically lose when time's up. (requested by JackRG1)
|j| PrincessGardevoir
|j| Shadowike91
|inactive|theonlydork has 120 seconds left.
|j| Giragono
|j| Joao v9898
|inactive|theonlydork has 90 seconds left.
|
|t:|1759026929
|teamsize|p1|6
|teamsize|p2|6
|start
|switch|p1a: Tornadus|Tornadus-Therian, M|100/100
|switch|p2a: Slowking|Slowking-Galar, F|100/100
|turn|1
|l| Giragono
|j| lanarey
|inactive|JackRG1 has 120 seconds left.
|
|t:|1759026972
|move|p1a: Tornadus|U-turn|p2a: Slowking
|-damage|p2a: Slowking|90/100
|
|t:|1759026974
|switch|p1a: Garganacl|Garganacl, F|100/100|[from] U-turn
|move|p2a: Slowking|Future Sight|p1a: Garganacl
|-start|p2a: Slowking|move: Future Sight
|
|upkeep
|turn|2
|inactive|JackRG1 has 120 seconds left.
|
|t:|1759026995
|move|p1a: Garganacl|Stealth Rock|p2a: Slowking
|-sidestart|p2: theonlydork|move: Stealth Rock
|-prepare|p2a: Slowking|Chilly Reception|[premajor]
|move|p2a: Slowking|Chilly Reception|p2a: Slowking
|-weather|Snowscape
|
|t:|1759026998
|switch|p2a: Iron Treads|Iron Treads|100/100|[from] Chilly Reception
|-damage|p2a: Iron Treads|97/100|[from] Stealth Rock
|
|-weather|Snowscape|[upkeep]
|-heal|p2a: Iron Treads|100/100|[from] item: Leftovers
|upkeep
|turn|3
|
|t:|1759027003
|switch|p1a: Corviknight|Corviknight, F|100/100
|-ability|p1a: Corviknight|Pressure
|move|p2a: Iron Treads|Stealth Rock|p1a: Corviknight
|-sidestart|p1: JackRG1|move: Stealth Rock
|
|-weather|Snowscape|[upkeep]
|-end|p1a: Corviknight|move: Future Sight
|-resisted|p1a: Corviknight
|-damage|p1a: Corviknight|75/100
|upkeep
|turn|4
|
|t:|1759027006
|move|p2a: Iron Treads|Knock Off|p1a: Corviknight
|-damage|p1a: Corviknight|54/100
|-damage|p2a: Iron Treads|84/100|[from] item: Rocky Helmet|[of] p1a: Corviknight
|-enditem|p1a: Corviknight|Rocky Helmet|[from] move: Knock Off|[of] p2a: Iron Treads
|move|p1a: Corviknight|U-turn|p2a: Iron Treads
|-resisted|p2a: Iron Treads
|-damage|p2a: Iron Treads|78/100
|
|t:|1759027009
|switch|p1a: Tornadus|Tornadus-Therian, M|100/100|[from] U-turn
|-damage|p1a: Tornadus|76/100|[from] Stealth Rock
|
|-weather|Snowscape|[upkeep]
|-heal|p2a: Iron Treads|84/100|[from] item: Leftovers
|upkeep
|turn|5
|
|t:|1759027015
|-end|p2a: Iron Treads|Quark Drive|[silent]
|switch|p2a: Ting-Lu|Ting-Lu|100/100
|-damage|p2a: Ting-Lu|94/100|[from] Stealth Rock
|-ability|p2a: Ting-Lu|Vessel of Ruin
|move|p1a: Tornadus|Heat Wave|p2a: Ting-Lu
|-damage|p2a: Ting-Lu|77/100
|
|-weather|Snowscape|[upkeep]
|-heal|p2a: Ting-Lu|83/100|[from] item: Leftovers
|upkeep
|turn|6
|
|t:|1759027021
|switch|p1a: Hydrapple|Hydrapple, F|100/100
|move|p2a: Ting-Lu|Ruination|p1a: Hydrapple
|-damage|p1a: Hydrapple|51/100
|
|-weather|none
|-heal|p2a: Ting-Lu|89/100|[from] item: Leftovers
|upkeep
|turn|7
|
|t:|1759027028
|switch|p2a: Gholdengo|Gholdengo|100/100
|-damage|p2a: Gholdengo|94/100|[from] Stealth Rock
|switch|p1a: Excadrill|Excadrill, M|100/100
|-damage|p1a: Excadrill|97/100|[from] Stealth Rock
|
|-heal|p1a: Excadrill|100/100|[from] item: Leftovers
|upkeep
|turn|8
|
|t:|1759027033
|move|p2a: Gholdengo|Trick|p1a: Excadrill
|-activate|p2a: Gholdengo|move: Trick|[of] p1a: Excadrill
|-item|p1a: Excadrill|Choice Scarf|[from] move: Trick
|-item|p2a: Gholdengo|Leftovers|[from] move: Trick
|move|p1a: Excadrill|Substitute|p1a: Excadrill
|-start|p1a: Excadrill|Substitute
|-damage|p1a: Excadrill|76/100
|
|-heal|p2a: Gholdengo|100/100|[from] item: Leftovers
|upkeep
|turn|9
|
|t:|1759027042
|switch|p1a: Tyranitar|Tyranitar, M|100/100
|-damage|p1a: Tyranitar|88/100|[from] Stealth Rock
|-weather|Sandstorm|[from] ability: Sand Stream|[of] p1a: Tyranitar
|move|p2a: Gholdengo|Make It Rain|p1a: Tyranitar
|-supereffective|p1a: Tyranitar
|-damage|p1a: Tyranitar|5/100
|-unboost|p2a: Gholdengo|spa|1
|
|-weather|Sandstorm|[upkeep]
|upkeep
|turn|10
|
|t:|1759027052
|switch|p1a: Garganacl|Garganacl, F|100/100
|-damage|p1a: Garganacl|88/100|[from] Stealth Rock
|move|p2a: Gholdengo|Shadow Ball|p1a: Garganacl
|-damage|p1a: Garganacl|81/100
|
|-weather|Sandstorm|[upkeep]
|-heal|p1a: Garganacl|88/100|[from] item: Leftovers
|upkeep
|turn|11
|j| Rizzofreko
|
|t:|1759027070
|switch|p2a: Ting-Lu|Ting-Lu|89/100
|-damage|p2a: Ting-Lu|83/100|[from] Stealth Rock
|-ability|p2a: Ting-Lu|Vessel of Ruin
|move|p1a: Garganacl|Salt Cure|p2a: Ting-Lu
|-resisted|p2a: Ting-Lu
|-damage|p2a: Ting-Lu|79/100
|-start|p2a: Ting-Lu|Salt Cure
|
|-weather|Sandstorm|[upkeep]
|-heal|p2a: Ting-Lu|85/100|[from] item: Leftovers
|-heal|p1a: Garganacl|94/100|[from] item: Leftovers
|-damage|p2a: Ting-Lu|73/100|[from] Salt Cure
|upkeep
|turn|12
|
|t:|1759027074
|switch|p2a: Iron Treads|Iron Treads|84/100
|-damage|p2a: Iron Treads|81/100|[from] Stealth Rock
|switch|p1a: Tornadus|Tornadus-Therian, M|100/100
|-damage|p1a: Tornadus|76/100|[from] Stealth Rock
|
|-weather|Sandstorm|[upkeep]
|-damage|p1a: Tornadus|70/100|[from] Sandstorm
|-heal|p2a: Iron Treads|87/100|[from] item: Leftovers
|upkeep
|turn|13
|
|t:|1759027084
|move|p1a: Tornadus|Heat Wave|p2a: Iron Treads
|-supereffective|p2a: Iron Treads
|-damage|p2a: Iron Treads|0 fnt
|faint|p2a: Iron Treads
|-end|p2a: Iron Treads|Quark Drive|[silent]
|
|-weather|none
|upkeep
|
|t:|1759027091
|switch|p2a: Slowking|Slowking-Galar, F|100/100
|-damage|p2a: Slowking|88/100|[from] Stealth Rock
|turn|14
|
|t:|1759027097
|switch|p1a: Excadrill|Excadrill, M|76/100
|-damage|p1a: Excadrill|73/100|[from] Stealth Rock
|move|p2a: Slowking|Future Sight|p1a: Excadrill
|-start|p2a: Slowking|move: Future Sight
|
|upkeep
|turn|15
|
|t:|1759027110
|switch|p2a: Gholdengo|Gholdengo|100/100
|-damage|p2a: Gholdengo|94/100|[from] Stealth Rock
|move|p1a: Excadrill|Earthquake|p2a: Gholdengo
|-supereffective|p2a: Gholdengo
|-crit|p2a: Gholdengo
|-damage|p2a: Gholdengo|0 fnt
|faint|p2a: Gholdengo
|
|upkeep
|
|t:|1759027121
|switch|p2a: Slowking|Slowking-Galar, F|100/100
|-damage|p2a: Slowking|88/100|[from] Stealth Rock
|turn|16
|
|t:|1759027127
|move|p1a: Excadrill|Earthquake|p2a: Slowking
|-supereffective|p2a: Slowking
|-enditem|p2a: Slowking|Shuca Berry|[eat]
|-enditem|p2a: Slowking|Shuca Berry|[weaken]
|-damage|p2a: Slowking|52/100
|move|p2a: Slowking|Ice Beam|p1a: Excadrill
|-crit|p1a: Excadrill
|-damage|p1a: Excadrill|31/100
|
|-end|p1a: Excadrill|move: Future Sight
|-resisted|p1a: Excadrill
|-damage|p1a: Excadrill|0 fnt
|faint|p1a: Excadrill
|upkeep
|
|t:|1759027137
|switch|p1a: Tornadus|Tornadus-Therian, M|100/100
|-damage|p1a: Tornadus|76/100|[from] Stealth Rock
|turn|17
|
|t:|1759027142
|switch|p2a: Ting-Lu|Ting-Lu|73/100
|-damage|p2a: Ting-Lu|67/100|[from] Stealth Rock
|-ability|p2a: Ting-Lu|Vessel of Ruin
|move|p1a: Tornadus|Bleakwind Storm|p2a: Ting-Lu
|-damage|p2a: Ting-Lu|38/100
|-unboost|p2a: Ting-Lu|spe|1
|
|-heal|p2a: Ting-Lu|44/100|[from] item: Leftovers
|upkeep
|turn|18
|
|t:|1759027151
|move|p1a: Tornadus|Bleakwind Storm|p2a: Ting-Lu
|-damage|p2a: Ting-Lu|12/100
|move|p2a: Ting-Lu|Whirlwind|p1a: Tornadus
|drag|p1a: Garganacl|Garganacl, F|94/100
|-damage|p1a: Garganacl|81/100|[from] Stealth Rock
|
|-heal|p1a: Garganacl|88/100|[from] item: Leftovers
|-heal|p2a: Ting-Lu|19/100|[from] item: Leftovers
|upkeep
|turn|19
|
|t:|1759027157
|switch|p1a: Tornadus|Tornadus-Therian, M|100/100
|-damage|p1a: Tornadus|76/100|[from] Stealth Rock
|move|p2a: Ting-Lu|Earthquake|p1a: Tornadus
|-immune|p1a: Tornadus
|
|-heal|p2a: Ting-Lu|25/100|[from] item: Leftovers
|upkeep
|turn|20
|
|t:|1759027162
|move|p1a: Tornadus|Bleakwind Storm|p2a: Ting-Lu
|-damage|p2a: Ting-Lu|0 fnt
|faint|p2a: Ting-Lu
|
|upkeep
|
|t:|1759027165
|switch|p2a: Dragonite|Dragonite, M|100/100
|turn|21
|
|t:|1759027170
|move|p2a: Dragonite|Extreme Speed|p1a: Tornadus
|-damage|p1a: Tornadus|32/100
|move|p1a: Tornadus|Bleakwind Storm|p2a: Dragonite
|-damage|p2a: Dragonite|64/100
|
|upkeep
|turn|22
|
|t:|1759027176
|switch|p1a: Tyranitar|Tyranitar, M|5/100
|-damage|p1a: Tyranitar|0 fnt|[from] Stealth Rock
|faint|p1a: Tyranitar
|switch|p2a: Quaquaval|Quaquaval, F|100/100
|-damage|p2a: Quaquaval|94/100|[from] Stealth Rock
|
|upkeep
|
|t:|1759027179
|switch|p1a: Tornadus|Tornadus-Therian, M|65/100
|-damage|p1a: Tornadus|40/100|[from] Stealth Rock
|turn|23
|inactive|theonlydork has 120 seconds left.
|inactive|theonlydork has 90 seconds left.
|
|t:|1759027240
|move|p2a: Quaquaval|Aqua Jet|p1a: Tornadus
|-damage|p1a: Tornadus|0 fnt
|faint|p1a: Tornadus
|-ability|p2a: Quaquaval|Moxie|boost
|-boost|p2a: Quaquaval|atk|1
|
|upkeep
|
|t:|1759027245
|switch|p1a: Hydrapple|Hydrapple, F|84/100
|turn|24
|j| firecharmander004
|
|t:|1759027251
|switch|p2a: Slowking|Slowking-Galar, F|85/100
|-damage|p2a: Slowking|73/100|[from] Stealth Rock
|move|p1a: Hydrapple|Nasty Plot|p1a: Hydrapple
|-boost|p1a: Hydrapple|spa|2
|
|upkeep
|turn|25
|
|t:|1759027257
|-terastallize|p1a: Hydrapple|Fairy
|-terastallize|p2a: Slowking|Water
|move|p1a: Hydrapple|Earth Power|p2a: Slowking
|-damage|p2a: Slowking|35/100
|move|p2a: Slowking|Sludge Bomb|p1a: Hydrapple
|-supereffective|p1a: Hydrapple
|-damage|p1a: Hydrapple|19/100
|
|upkeep
|turn|26
|
|t:|1759027269
|switch|p2a: Dragonite|Dragonite, M|64/100
|move|p1a: Hydrapple|Giga Drain|p2a: Dragonite
|-resisted|p2a: Dragonite
|-damage|p2a: Dragonite|49/100
|-heal|p1a: Hydrapple|25/100|[from] drain|[of] p2a: Dragonite
|
|upkeep
|turn|27
|
|t:|1759027280
|switch|p1a: Corviknight|Corviknight, F|54/100
|-damage|p1a: Corviknight|41/100|[from] Stealth Rock
|-ability|p1a: Corviknight|Pressure
|move|p2a: Dragonite|Extreme Speed|p1a: Corviknight
|-resisted|p1a: Corviknight
|-damage|p1a: Corviknight|31/100
|
|upkeep
|turn|28
|
|t:|1759027285
|switch|p2a: Quaquaval|Quaquaval, F|94/100
|-damage|p2a: Quaquaval|88/100|[from] Stealth Rock
|move|p1a: Corviknight|Roost|p1a: Corviknight
|-heal|p1a: Corviknight|81/100
|-singleturn|p1a: Corviknight|move: Roost
|
|upkeep
|turn|29
|
|t:|1759027291
|move|p2a: Quaquaval|Close Combat|p1a: Corviknight
|-damage|p1a: Corviknight|14/100
|-unboost|p2a: Quaquaval|def|1
|-unboost|p2a: Quaquaval|spd|1
|move|p1a: Corviknight|Iron Defense|p1a: Corviknight
|-boost|p1a: Corviknight|def|2
|
|upkeep
|turn|30
|inactive|theonlydork has 120 seconds left.
|
|t:|1759027297
|move|p2a: Quaquaval|Close Combat|p1a: Corviknight
|-damage|p1a: Corviknight|0 fnt
|-unboost|p2a: Quaquaval|def|1
|-unboost|p2a: Quaquaval|spd|1
|faint|p1a: Corviknight
|-ability|p2a: Quaquaval|Moxie|boost
|-boost|p2a: Quaquaval|atk|1
|
|upkeep
|
|t:|1759027300
|switch|p1a: Hydrapple|Hydrapple, F, tera:Fairy|58/100
|turn|31
|inactive|theonlydork has 120 seconds left.
|l| Shadowike91
|
|t:|1759027338
|switch|p2a: Dragonite|Dragonite, M|49/100
|move|p1a: Hydrapple|Giga Drain|p2a: Dragonite
|-resisted|p2a: Dragonite
|-damage|p2a: Dragonite|42/100
|-heal|p1a: Hydrapple|61/100|[from] drain|[of] p2a: Dragonite
|
|upkeep
|turn|32
|
|t:|1759027344
|move|p2a: Dragonite|Earthquake|p1a: Hydrapple
|-damage|p1a: Hydrapple|38/100
|move|p1a: Hydrapple|Draco Meteor|p2a: Dragonite
|-supereffective|p2a: Dragonite
|-damage|p2a: Dragonite|0 fnt
|-unboost|p1a: Hydrapple|spa|2
|faint|p2a: Dragonite
|
|upkeep
|inactive|theonlydork has 90 seconds left.
|inactive|theonlydork has 60 seconds left.
|l| PrincessGardevoir
|
|t:|1759027418
|switch|p2a: Quaquaval|Quaquaval, F|88/100
|-damage|p2a: Quaquaval|82/100|[from] Stealth Rock
|turn|33
|
|t:|1759027423
|switch|p1a: Garganacl|Garganacl, F|88/100
|-damage|p1a: Garganacl|75/100|[from] Stealth Rock
|move|p2a: Quaquaval|Aqua Step|p1a: Garganacl
|-supereffective|p1a: Garganacl
|-damage|p1a: Garganacl|0 fnt
|-boost|p2a: Quaquaval|spe|1
|faint|p1a: Garganacl
|-ability|p2a: Quaquaval|Moxie|boost
|-boost|p2a: Quaquaval|atk|1
|
|upkeep
|
|t:|1759027424
|switch|p1a: Hydrapple|Hydrapple, F, tera:Fairy|71/100
|turn|34
|
|t:|1759027429
|move|p2a: Quaquaval|Aqua Step|p1a: Hydrapple
|-damage|p1a: Hydrapple|14/100
|-boost|p2a: Quaquaval|spe|1
|move|p1a: Hydrapple|Giga Drain|p2a: Quaquaval
|-supereffective|p2a: Quaquaval
|-damage|p2a: Quaquaval|4/100
|-heal|p1a: Hydrapple|43/100|[from] drain|[of] p2a: Quaquaval
|
|upkeep
|turn|35
|
|t:|1759027435
|move|p2a: Quaquaval|Aqua Step|p1a: Hydrapple
|-damage|p1a: Hydrapple|0 fnt
|-boost|p2a: Quaquaval|spe|1
|faint|p1a: Hydrapple
|
|win|theonlydork
|raw|JackRG1's rating: 1845 &rarr; <strong>1820</strong><br />(-25 for losing)
|raw|theonlydork's rating: 1760 &rarr; <strong>1785</strong><br />(+25 for winning)
|l|‽JackRG1
|player|p1|
|l|‽theonlydork
|player|p2|
