|j|☆bluebrine
|j|☆DomCat
|t:|1759026165
|gametype|singles
|player|p1|bluebrine|tuber|1402
|player|p2|DomCat|lady-gen4|1358
|gen|9
|tier|[Gen 9] OU
|rated|
|rule|HP Percentage Mod: HP is shown in percentages
|rule|Endless Battle Clause: Forcing endless battles is banned
|rule|Species Clause: Limit one of each Pokémon
|rule|OHKO Clause: OHKO moves are banned
|rule|Evasion Items Clause: Evasion items are banned
|rule|Evasion Moves Clause: Evasion moves are banned
|rule|Evasion Abilities Clause: Evasion abilities are banned
|rule|Sleep Moves Clause: Sleep-inducing moves are banned
|clearpoke
|poke|p1|Clefable, M|
|poke|p1|Magnezone|
|poke|p1|Pecharunt|
|poke|p1|Landorus-Therian, M|
|poke|p1|Meowscarada, M|
|poke|p1|Volcanion|
|poke|p2|Heatran, F|
|poke|p2|Quaquaval, F|
|poke|p2|Garganacl, F|
|poke|p2|Gliscor, M|
|poke|p2|Zapdos|
|poke|p2|Walking Wake|
|teampreview
|inactive|Battle timer is ON: inactive players will automatically lose when time's up. (requested by DomCat)
|
|t:|1759026172
|teamsize|p1|6
|teamsize|p2|6
|start
|switch|p1a: Meowscarada|Meowscarada, M|100/100
|switch|p2a: Joker 2019|Quaquaval, F|100/100
|turn|1
|
|t:|1759026181
|switch|p2a: Sparkuno|Zapdos|100/100
|move|p1a: Meowscarada|Flower Trick|p2a: Sparkuno
|-start|p1a: Meowscarada|typechange|Grass|[from] ability: Protean
|-resisted|p2a: Sparkuno
|-crit|p2a: Sparkuno
|-damage|p2a: Sparkuno|78/100
|
|upkeep
|turn|2
|
|t:|1759026192
|switch|p2a: Joker 2019|Quaquaval, F|100/100
|move|p1a: Meowscarada|Knock Off|p2a: Joker 2019
|-resisted|p2a: Joker 2019
|-damage|p2a: Joker 2019|82/100
|-enditem|p2a: Joker 2019|Leftovers|[from] move: Knock Off|[of] p1a: Meowscarada
|
|upkeep
|turn|3
|
|t:|1759026201
|switch|p2a: Sparkuno|Zapdos|78/100
|move|p1a: Meowscarada|Knock Off|p2a: Sparkuno
|-damage|p2a: Sparkuno|49/100
|-enditem|p2a: Sparkuno|Heavy-Duty Boots|[from] move: Knock Off|[of] p1a: Meowscarada
|
|upkeep
|turn|4
|
|t:|1759026211
|switch|p1a: Magnezone|Magnezone|100/100
|move|p2a: Sparkuno|Roost|p2a: Sparkuno
|-heal|p2a: Sparkuno|99/100
|-singleturn|p2a: Sparkuno|move: Roost
|
|upkeep
|turn|5
|
|t:|1759026218
|move|p2a: Sparkuno|Heat Wave|p1a: Magnezone
|-supereffective|p1a: Magnezone
|-damage|p1a: Magnezone|21/100
|move|p1a: Magnezone|Flash Cannon|p2a: Sparkuno
|-resisted|p2a: Sparkuno
|-damage|p2a: Sparkuno|78/100
|
|-heal|p1a: Magnezone|28/100|[from] item: Leftovers
|upkeep
|turn|6
|
|t:|1759026226
|switch|p1a: Clefable|Clefable, M|100/100
|move|p2a: Sparkuno|Heat Wave|p1a: Clefable
|-damage|p1a: Clefable|72/100
|
|upkeep
|turn|7
|
|t:|1759026237
|move|p2a: Sparkuno|Volt Switch|p1a: Clefable
|-crit|p1a: Clefable
|-damage|p1a: Clefable|32/100
|
|t:|1759026240
|switch|p2a: Himalayan Salt|Garganacl, F|100/100|[from] Volt Switch
|move|p1a: Clefable|Calm Mind|p1a: Clefable
|-boost|p1a: Clefable|spa|1
|-boost|p1a: Clefable|spd|1
|
|upkeep
|turn|8
|
|t:|1759026247
|move|p1a: Clefable|Moonlight|p1a: Clefable
|-heal|p1a: Clefable|82/100
|move|p2a: Himalayan Salt|Salt Cure|p1a: Clefable
|-damage|p1a: Clefable|61/100
|-start|p1a: Clefable|Salt Cure
|
|upkeep
|turn|9
|
|t:|1759026253
|move|p1a: Clefable|Stealth Rock|p2a: Himalayan Salt
|-sidestart|p2: DomCat|move: Stealth Rock
|move|p2a: Himalayan Salt|Earthquake|p1a: Clefable
|-damage|p1a: Clefable|28/100
|
|upkeep
|turn|10
|
|t:|1759026258
|move|p1a: Clefable|Moonlight|p1a: Clefable
|-heal|p1a: Clefable|78/100
|move|p2a: Himalayan Salt|Earthquake|p1a: Clefable
|-damage|p1a: Clefable|47/100
|
|upkeep
|turn|11
|
|t:|1759026264
|switch|p1a: Landorus|Landorus-Therian, M|100/100
|-ability|p1a: Landorus|Intimidate|boost
|-unboost|p2a: Himalayan Salt|atk|1
|move|p2a: Himalayan Salt|Earthquake|p1a: Landorus
|-immune|p1a: Landorus
|
|upkeep
|turn|12
|
|t:|1759026285
|switch|p2a: Sparkuno|Zapdos|78/100
|-damage|p2a: Sparkuno|53/100|[from] Stealth Rock
|move|p1a: Landorus|Grass Knot|p2a: Sparkuno
|-resisted|p2a: Sparkuno
|-damage|p2a: Sparkuno|42/100
|
|upkeep
|turn|13
|
|t:|1759026294
|move|p1a: Landorus|Smack Down|p2a: Sparkuno
|-supereffective|p2a: Sparkuno
|-damage|p2a: Sparkuno|5/100
|-start|p2a: Sparkuno|Smack Down
|move|p2a: Sparkuno|Roost|p2a: Sparkuno
|-heal|p2a: Sparkuno|55/100
|-singleturn|p2a: Sparkuno|move: Roost
|
|upkeep
|turn|14
|
|t:|1759026308
|switch|p2a: Boiling Dragon|Walking Wake|100/100
|-damage|p2a: Boiling Dragon|88/100|[from] Stealth Rock
|move|p1a: Landorus|Smack Down|p2a: Boiling Dragon
|-damage|p2a: Boiling Dragon|71/100
|
|upkeep
|turn|15
|
|t:|1759026316
|switch|p1a: Volcanion|Volcanion|100/100
|move|p2a: Boiling Dragon|Draco Meteor|p1a: Volcanion|[miss]
|-miss|p2a: Boiling Dragon|p1a: Volcanion
|
|upkeep
|turn|16
|
|t:|1759026322
|-end|p2a: Boiling Dragon|Protosynthesis|[silent]
|switch|p2a: Sparkuno|Zapdos|55/100
|-damage|p2a: Sparkuno|30/100|[from] Stealth Rock
|switch|p1a: Clefable|Clefable, M|47/100
|
|upkeep
|turn|17
|
|t:|1759026328
|move|p2a: Sparkuno|Roost|p2a: Sparkuno
|-heal|p2a: Sparkuno|80/100
|-singleturn|p2a: Sparkuno|move: Roost
|move|p1a: Clefable|Moonlight|p1a: Clefable
|-heal|p1a: Clefable|97/100
|
|upkeep
|turn|18
|
|t:|1759026343
|switch|p1a: Landorus|Landorus-Therian, M|100/100
|-ability|p1a: Landorus|Intimidate|boost
|-unboost|p2a: Sparkuno|atk|1
|move|p2a: Sparkuno|Hurricane|p1a: Landorus
|-damage|p1a: Landorus|19/100
|-start|p1a: Landorus|confusion
|
|-heal|p1a: Landorus|25/100|[from] item: Leftovers
|upkeep
|turn|19
|
|t:|1759026354
|switch|p2a: Joker 2019|Quaquaval, F|82/100
|-damage|p2a: Joker 2019|76/100|[from] Stealth Rock
|-activate|p1a: Landorus|confusion
|move|p1a: Landorus|Smack Down|p2a: Joker 2019
|-resisted|p2a: Joker 2019
|-damage|p2a: Joker 2019|64/100
|
|-heal|p1a: Landorus|31/100|[from] item: Leftovers
|upkeep
|turn|20
|
|t:|1759026363
|-activate|p1a: Landorus|confusion
|move|p1a: Landorus|Grass Knot|p2a: Joker 2019
|-supereffective|p2a: Joker 2019
|-damage|p2a: Joker 2019|1/100
|move|p2a: Joker 2019|Close Combat|p1a: Landorus
|-resisted|p1a: Landorus
|-damage|p1a: Landorus|0 fnt
|-unboost|p2a: Joker 2019|def|1
|-unboost|p2a: Joker 2019|spd|1
|faint|p1a: Landorus
|-ability|p2a: Joker 2019|Moxie|boost
|-boost|p2a: Joker 2019|atk|1
|
|upkeep
|
|t:|1759026377
|switch|p1a: Meowscarada|Meowscarada, M|100/100
|turn|21
|
|t:|1759026382
|move|p1a: Meowscarada|Knock Off|p2a: Joker 2019
|-start|p1a: Meowscarada|typechange|Dark|[from] ability: Protean
|-resisted|p2a: Joker 2019
|-damage|p2a: Joker 2019|0 fnt
|faint|p2a: Joker 2019
|
|upkeep
|
|t:|1759026390
|switch|p2a: Molten Salt|Heatran, F|100/100
|-damage|p2a: Molten Salt|88/100|[from] Stealth Rock
|turn|22
|
|t:|1759026397
|switch|p1a: Volcanion|Volcanion|100/100
|move|p2a: Molten Salt|Stealth Rock|p1a: Volcanion
|-sidestart|p1: bluebrine|move: Stealth Rock
|
|-heal|p2a: Molten Salt|94/100|[from] item: Leftovers
|upkeep
|turn|23
|
|t:|1759026409
|switch|p2a: Sparkuno|Zapdos|80/100
|-damage|p2a: Sparkuno|55/100|[from] Stealth Rock
|move|p1a: Volcanion|Sludge Wave|p2a: Sparkuno
|-damage|p2a: Sparkuno|22/100
|
|upkeep
|turn|24
|
|t:|1759026423
|switch|p1a: Magnezone|Magnezone|28/100
|-damage|p1a: Magnezone|21/100|[from] Stealth Rock
|move|p2a: Sparkuno|Volt Switch|p1a: Magnezone
|-resisted|p1a: Magnezone
|-damage|p1a: Magnezone|0 fnt
|faint|p1a: Magnezone
|
|t:|1759026431
|switch|p2a: Chop Chop|Gliscor, M|100/100|[from] Volt Switch
|-damage|p2a: Chop Chop|88/100|[from] Stealth Rock
|
|-status|p2a: Chop Chop|tox|[from] item: Toxic Orb
|upkeep
|
|t:|1759026444
|switch|p1a: Volcanion|Volcanion|100/100
|turn|25
|
|t:|1759026453
|move|p2a: Chop Chop|Toxic|p1a: Volcanion
|-status|p1a: Volcanion|tox
|move|p1a: Volcanion|Steam Eruption|p2a: Chop Chop
|-supereffective|p2a: Chop Chop
|-damage|p2a: Chop Chop|0 fnt
|faint|p2a: Chop Chop
|
|-damage|p1a: Volcanion|95/100 tox|[from] psn
|upkeep
|
|t:|1759026461
|switch|p2a: Himalayan Salt|Garganacl, F|100/100
|-damage|p2a: Himalayan Salt|88/100|[from] Stealth Rock
|turn|26
|
|t:|1759026470
|switch|p1a: Clefable|Clefable, M|97/100
|-terastallize|p2a: Himalayan Salt|Flying
|move|p2a: Himalayan Salt|Salt Cure|p1a: Clefable
|-damage|p1a: Clefable|75/100
|-start|p1a: Clefable|Salt Cure
|
|-heal|p2a: Himalayan Salt|94/100|[from] item: Leftovers
|upkeep
|turn|27
|
|t:|1759026499
|switch|p1a: Pecharunt|Pecharunt|100/100
|move|p2a: Himalayan Salt|Earthquake|p1a: Pecharunt
|-supereffective|p1a: Pecharunt
|-damage|p1a: Pecharunt|73/100
|
|-heal|p2a: Himalayan Salt|100/100|[from] item: Leftovers
|upkeep
|turn|28
|
|t:|1759026508
|move|p1a: Pecharunt|Recover|p1a: Pecharunt
|-heal|p1a: Pecharunt|100/100
|move|p2a: Himalayan Salt|Salt Cure|p1a: Pecharunt
|-crit|p1a: Pecharunt
|-damage|p1a: Pecharunt|87/100
|-start|p1a: Pecharunt|Salt Cure
|
|-damage|p1a: Pecharunt|75/100|[from] Salt Cure
|upkeep
|turn|29
|
|t:|1759026516
|move|p1a: Pecharunt|Parting Shot|p2a: Himalayan Salt
|-unboost|p2a: Himalayan Salt|atk|1
|-unboost|p2a: Himalayan Salt|spa|1
|
|t:|1759026519
|switch|p1a: Meowscarada|Meowscarada, M|100/100|[from] Parting Shot
|move|p2a: Himalayan Salt|Earthquake|p1a: Meowscarada
|-resisted|p1a: Meowscarada
|-damage|p1a: Meowscarada|86/100
|
|upkeep
|turn|30
|
|t:|1759026527
|move|p1a: Meowscarada|Triple Axel|p2a: Himalayan Salt
|-start|p1a: Meowscarada|typechange|Ice|[from] ability: Protean
|-supereffective|p2a: Himalayan Salt
|-damage|p2a: Himalayan Salt|84/100
|-supereffective|p2a: Himalayan Salt
|-damage|p2a: Himalayan Salt|51/100
|-supereffective|p2a: Himalayan Salt
|-damage|p2a: Himalayan Salt|8/100
|-hitcount|p2a: Himalayan Salt|3
|move|p2a: Himalayan Salt|Salt Cure|p1a: Meowscarada
|-supereffective|p1a: Meowscarada
|-damage|p1a: Meowscarada|47/100
|-start|p1a: Meowscarada|Salt Cure
|
|-heal|p2a: Himalayan Salt|15/100|[from] item: Leftovers
|-damage|p1a: Meowscarada|34/100|[from] Salt Cure
|upkeep
|turn|31
|
|t:|1759026541
|switch|p1a: Pecharunt|Pecharunt|75/100
|move|p2a: Himalayan Salt|Protect||[still]
|-fail|p2a: Himalayan Salt
|
|-heal|p2a: Himalayan Salt|21/100|[from] item: Leftovers
|upkeep
|turn|32
|
|t:|1759026547
|move|p2a: Himalayan Salt|Protect|p2a: Himalayan Salt
|-singleturn|p2a: Himalayan Salt|Protect
|move|p1a: Pecharunt|Malignant Chain|p2a: Himalayan Salt
|-activate|p2a: Himalayan Salt|move: Protect
|
|-heal|p2a: Himalayan Salt|27/100|[from] item: Leftovers
|upkeep
|turn|33
|
|t:|1759026557
|move|p1a: Pecharunt|Malignant Chain|p2a: Himalayan Salt
|-damage|p2a: Himalayan Salt|1/100
|move|p2a: Himalayan Salt|Recover|p2a: Himalayan Salt
|-heal|p2a: Himalayan Salt|52/100
|
|-heal|p2a: Himalayan Salt|58/100|[from] item: Leftovers
|upkeep
|turn|34
|
|t:|1759026564
|move|p1a: Pecharunt|Parting Shot|p2a: Himalayan Salt
|-unboost|p2a: Himalayan Salt|atk|1
|-unboost|p2a: Himalayan Salt|spa|1
|
|t:|1759026567
|switch|p1a: Meowscarada|Meowscarada, M|34/100|[from] Parting Shot
|move|p2a: Himalayan Salt|Recover|p2a: Himalayan Salt
|-heal|p2a: Himalayan Salt|100/100
|
|upkeep
|turn|35
|
|t:|1759026573
|move|p2a: Himalayan Salt|Protect|p2a: Himalayan Salt
|-singleturn|p2a: Himalayan Salt|Protect
|move|p1a: Meowscarada|Triple Axel|p2a: Himalayan Salt
|-start|p1a: Meowscarada|typechange|Ice|[from] ability: Protean
|-activate|p2a: Himalayan Salt|move: Protect
|
|upkeep
|turn|36
|
|t:|1759026582
|switch|p2a: Molten Salt|Heatran, F|94/100
|-damage|p2a: Molten Salt|82/100|[from] Stealth Rock
|move|p1a: Meowscarada|Knock Off|p2a: Molten Salt
|-damage|p2a: Molten Salt|56/100
|-enditem|p2a: Molten Salt|Leftovers|[from] move: Knock Off|[of] p1a: Meowscarada
|
|upkeep
|turn|37
|
|t:|1759026599
|switch|p1a: Clefable|Clefable, M|75/100
|move|p2a: Molten Salt|Earth Power|p1a: Clefable
|-damage|p1a: Clefable|51/100
|
|upkeep
|turn|38
|
|t:|1759026610
|switch|p1a: Meowscarada|Meowscarada, M|34/100
|move|p2a: Molten Salt|Magma Storm|p1a: Meowscarada
|-supereffective|p1a: Meowscarada
|-damage|p1a: Meowscarada|0 fnt
|faint|p1a: Meowscarada
|
|upkeep
|-message|bluebrine forfeited.
|
|win|DomCat
|raw|bluebrine's rating: 1402 &rarr; <strong>1379</strong><br />(-23 for losing)
|raw|DomCat's rating: 1358 &rarr; <strong>1381</strong><br />(+23 for winning)
|l|☆bluebrine
|player|p1|
