|j|☆Pikamon333
|j|☆Amongsusgyatt
|t:|1758964370
|gametype|singles
|player|p1|Pikamon333|266|1386
|player|p2|Amongsusgyatt|102|1351
|gen|9
|tier|[Gen 9] OU
|rated|
|rule|HP Percentage Mod: HP is shown in percentages
|rule|Endless Battle Clause: Forcing endless battles is banned
|rule|Species Clause: Limit one of each Pokémon
|rule|OHKO Clause: OHKO moves are banned
|rule|Evasion Items Clause: Evasion items are banned
|rule|Evasion Moves Clause: Evasion moves are banned
|rule|Evasion Abilities Clause: Evasion abilities are banned
|rule|Sleep Moves Clause: Sleep-inducing moves are banned
|clearpoke
|poke|p1|Iron Crown|
|poke|p1|Kyurem|
|poke|p1|Great Tusk|
|poke|p1|Pecharunt|
|poke|p1|Ting-Lu|
|poke|p1|Iron Valiant|
|poke|p2|Ogerpon-Wellspring, F|
|poke|p2|Goodra-Hisui, F|
|poke|p2|Maushold|
|poke|p2|Clefable, F|
|poke|p2|Glimmora, F|
|poke|p2|Misdreavus, F|
|teampreview
|
|t:|1758964384
|teamsize|p1|6
|teamsize|p2|6
|start
|switch|p1a: Iron Crown|Iron Crown|100/100
|switch|p2a: Clefable|Clefable, F|100/100
|turn|1
|
|t:|1758964388
|switch|p2a: Goodra|Goodra-Hisui, F|100/100
|move|p1a: Iron Crown|Tachyon Cutter|p2a: Goodra
|-resisted|p2a: Goodra
|-damage|p2a: Goodra|93/100
|-resisted|p2a: Goodra
|-damage|p2a: Goodra|85/100
|-hitcount|p2a: Goodra|2
|
|upkeep
|turn|2
|
|t:|1758964394
|-end|p1a: Iron Crown|Quark Drive|[silent]
|switch|p1a: Ting-Lu|Ting-Lu|100/100
|-ability|p1a: Ting-Lu|Vessel of Ruin
|move|p2a: Goodra|Knock Off|p1a: Ting-Lu
|-resisted|p1a: Ting-Lu
|-damage|p1a: Ting-Lu|94/100
|-enditem|p1a: Ting-Lu|Leftovers|[from] move: Knock Off|[of] p2a: Goodra
|
|upkeep
|turn|3
|
|t:|1758964411
|switch|p2a: Maushold|Maushold|100/100
|move|p1a: Ting-Lu|Stealth Rock|p2a: Maushold
|-sidestart|p2: Amongsusgyatt|move: Stealth Rock
|
|upkeep
|turn|4
|
|t:|1758964415
|move|p2a: Maushold|Tidy Up|p2a: Maushold
|-sideend|p2: Amongsusgyatt|Stealth Rock
|-activate|p2a: Maushold|move: Tidy Up
|-boost|p2a: Maushold|atk|1
|-boost|p2a: Maushold|spe|1
|move|p1a: Ting-Lu|Whirlwind|p2a: Maushold
|drag|p2a: Clefable|Clefable, F|100/100
|
|upkeep
|turn|5
|
|t:|1758964422
|switch|p2a: Maushold|Maushold|100/100
|move|p1a: Ting-Lu|Ruination|p2a: Maushold
|-damage|p2a: Maushold|51/100
|
|upkeep
|turn|6
|
|t:|1758964436
|move|p2a: Maushold|Population Bomb|p1a: Ting-Lu
|-damage|p1a: Ting-Lu|87/100
|-damage|p1a: Ting-Lu|81/100
|-damage|p1a: Ting-Lu|75/100
|-damage|p1a: Ting-Lu|69/100
|-damage|p1a: Ting-Lu|63/100
|-damage|p1a: Ting-Lu|57/100
|-damage|p1a: Ting-Lu|51/100
|-damage|p1a: Ting-Lu|46/100
|-damage|p1a: Ting-Lu|39/100
|-damage|p1a: Ting-Lu|33/100
|-hitcount|p1a: Ting-Lu|10
|move|p1a: Ting-Lu|Stealth Rock|p2a: Maushold
|-sidestart|p2: Amongsusgyatt|move: Stealth Rock
|
|upkeep
|turn|7
|
|t:|1758964441
|switch|p1a: Pecharunt|Pecharunt|100/100
|move|p2a: Maushold|Encore||[still]
|-fail|p2a: Maushold
|
|upkeep
|turn|8
|l|☆Pikamon333
|player|p1|
|inactive|Battle timer is ON: inactive players will automatically lose when time's up. (requested by Amongsusgyatt)
|j|☆Pikamon333
|inactive|Pikamon333 reconnected and has 125 seconds left.
|player|p1|Pikamon333|266|
|inactive|Pikamon333 has 120 seconds left.
|
|t:|1758964521
|move|p2a: Maushold|Tidy Up|p2a: Maushold
|-sideend|p2: Amongsusgyatt|Stealth Rock
|-activate|p2a: Maushold|move: Tidy Up
|-boost|p2a: Maushold|atk|1
|-boost|p2a: Maushold|spe|1
|move|p1a: Pecharunt|Malignant Chain|p2a: Maushold
|-damage|p2a: Maushold|2/100
|-status|p2a: Maushold|tox
|-start|p2a: Maushold|confusion|[from] ability: Poison Puppeteer|[of] p1a: Pecharunt
|
|-damage|p2a: Maushold|0 fnt|[from] psn
|faint|p2a: Maushold
|upkeep
|
|t:|1758964530
|switch|p2a: Goodra|Goodra-Hisui, F|85/100
|turn|9
|
|t:|1758964536
|move|p1a: Pecharunt|Parting Shot|p2a: Goodra
|-unboost|p2a: Goodra|atk|1
|-unboost|p2a: Goodra|spa|1
|
|t:|1758964541
|switch|p1a: Ting-Lu|Ting-Lu|33/100|[from] Parting Shot
|-ability|p1a: Ting-Lu|Vessel of Ruin
|move|p2a: Goodra|Knock Off|p1a: Ting-Lu
|-resisted|p1a: Ting-Lu
|-damage|p1a: Ting-Lu|30/100
|
|upkeep
|turn|10
|
|t:|1758964545
|move|p2a: Goodra|Body Press|p1a: Ting-Lu
|-supereffective|p1a: Ting-Lu
|-damage|p1a: Ting-Lu|10/100
|move|p1a: Ting-Lu|Stealth Rock|p2a: Goodra
|-sidestart|p2: Amongsusgyatt|move: Stealth Rock
|
|upkeep
|turn|11
|
|t:|1758964548
|move|p2a: Goodra|Body Press|p1a: Ting-Lu
|-supereffective|p1a: Ting-Lu
|-crit|p1a: Ting-Lu
|-damage|p1a: Ting-Lu|0 fnt
|faint|p1a: Ting-Lu
|
|upkeep
|
|t:|1758964550
|switch|p1a: Great Tusk|Great Tusk|100/100
|turn|12
|
|t:|1758964554
|switch|p2a: Misdreavus|Misdreavus, F|100/100
|-damage|p2a: Misdreavus|88/100|[from] Stealth Rock
|move|p1a: Great Tusk|Headlong Rush|p2a: Misdreavus
|-immune|p2a: Misdreavus|[from] ability: Levitate
|
|upkeep
|turn|13
|
|t:|1758964559
|-end|p1a: Great Tusk|Protosynthesis|[silent]
|switch|p1a: Kyurem|Kyurem|100/100
|-ability|p1a: Kyurem|Pressure
|move|p2a: Misdreavus|Will-O-Wisp|p1a: Kyurem
|-status|p1a: Kyurem|brn
|
|-damage|p1a: Kyurem|94/100 brn|[from] brn
|upkeep
|turn|14
|
|t:|1758964562
|move|p1a: Kyurem|Freeze-Dry|p2a: Misdreavus
|-damage|p2a: Misdreavus|63/100
|move|p2a: Misdreavus|Draining Kiss|p1a: Kyurem
|-supereffective|p1a: Kyurem
|-damage|p1a: Kyurem|78/100 brn
|-heal|p2a: Misdreavus|79/100|[from] drain|[of] p1a: Kyurem
|
|-damage|p1a: Kyurem|72/100 brn|[from] brn
|upkeep
|turn|15
|
|t:|1758964566
|move|p1a: Kyurem|Freeze-Dry|p2a: Misdreavus
|-damage|p2a: Misdreavus|52/100
|move|p2a: Misdreavus|Draining Kiss|p1a: Kyurem
|-supereffective|p1a: Kyurem
|-damage|p1a: Kyurem|55/100 brn
|-heal|p2a: Misdreavus|69/100|[from] drain|[of] p1a: Kyurem
|
|-damage|p1a: Kyurem|49/100 brn|[from] brn
|upkeep
|turn|16
|
|t:|1758964569
|move|p1a: Kyurem|Freeze-Dry|p2a: Misdreavus
|-damage|p2a: Misdreavus|41/100
|move|p2a: Misdreavus|Draining Kiss|p1a: Kyurem
|-supereffective|p1a: Kyurem
|-damage|p1a: Kyurem|32/100 brn
|-heal|p2a: Misdreavus|59/100|[from] drain|[of] p1a: Kyurem
|
|-damage|p1a: Kyurem|26/100 brn|[from] brn
|upkeep
|turn|17
|
|t:|1758964571
|move|p1a: Kyurem|Freeze-Dry|p2a: Misdreavus
|-damage|p2a: Misdreavus|31/100
|move|p2a: Misdreavus|Draining Kiss|p1a: Kyurem
|-supereffective|p1a: Kyurem
|-damage|p1a: Kyurem|8/100 brn
|-heal|p2a: Misdreavus|48/100|[from] drain|[of] p1a: Kyurem
|
|-damage|p1a: Kyurem|2/100 brn|[from] brn
|upkeep
|turn|18
|
|t:|1758964574
|move|p1a: Kyurem|Freeze-Dry|p2a: Misdreavus
|-damage|p2a: Misdreavus|22/100
|-status|p2a: Misdreavus|frz
|cant|p2a: Misdreavus|frz
|
|-damage|p1a: Kyurem|0 fnt|[from] brn
|faint|p1a: Kyurem
|upkeep
|
|t:|1758964586
|switch|p1a: Iron Crown|Iron Crown|100/100
|turn|19
|
|t:|1758964592
|move|p1a: Iron Crown|Tachyon Cutter|p2a: Misdreavus
|-damage|p2a: Misdreavus|0 fnt
|faint|p2a: Misdreavus
|-hitcount|p2: Misdreavus|1
|
|upkeep
|
|t:|1758964597
|switch|p2a: Goodra|Goodra-Hisui, F|85/100
|-damage|p2a: Goodra|79/100|[from] Stealth Rock
|turn|20
|
|t:|1758964602
|-end|p1a: Iron Crown|Quark Drive|[silent]
|switch|p1a: Pecharunt|Pecharunt|100/100
|move|p2a: Goodra|Knock Off|p1a: Pecharunt
|-supereffective|p1a: Pecharunt
|-damage|p1a: Pecharunt|80/100
|-enditem|p1a: Pecharunt|Heavy-Duty Boots|[from] move: Knock Off|[of] p2a: Goodra
|
|upkeep
|turn|21
|
|t:|1758964606
|move|p1a: Pecharunt|Parting Shot|p2a: Goodra
|-unboost|p2a: Goodra|atk|1
|-unboost|p2a: Goodra|spa|1
|
|t:|1758964608
|switch|p1a: Great Tusk|Great Tusk|100/100|[from] Parting Shot
|move|p2a: Goodra|Draco Meteor|p1a: Great Tusk
|-damage|p1a: Great Tusk|42/100
|-unboost|p2a: Goodra|spa|2
|
|-heal|p1a: Great Tusk|48/100|[from] item: Leftovers
|upkeep
|turn|22
|
|t:|1758964621
|switch|p2a: Clefable|Clefable, F|100/100
|move|p1a: Great Tusk|Rapid Spin|p2a: Clefable
|-damage|p2a: Clefable|83/100
|-boost|p1a: Great Tusk|spe|1
|
|-heal|p1a: Great Tusk|55/100|[from] item: Leftovers
|upkeep
|turn|23
|
|t:|1758964623
|move|p1a: Great Tusk|Headlong Rush|p2a: Clefable
|-damage|p2a: Clefable|27/100
|-unboost|p1a: Great Tusk|def|1
|-unboost|p1a: Great Tusk|spd|1
|move|p2a: Clefable|Moonblast|p1a: Great Tusk
|-supereffective|p1a: Great Tusk
|-damage|p1a: Great Tusk|0 fnt
|faint|p1a: Great Tusk
|-end|p1a: Great Tusk|Protosynthesis|[silent]
|
|upkeep
|
|t:|1758964630
|switch|p1a: Iron Crown|Iron Crown|100/100
|turn|24
|
|t:|1758964650
|switch|p2a: Goodra|Goodra-Hisui, F|79/100
|-damage|p2a: Goodra|73/100|[from] Stealth Rock
|move|p1a: Iron Crown|Tachyon Cutter|p2a: Goodra
|-resisted|p2a: Goodra
|-damage|p2a: Goodra|65/100
|-resisted|p2a: Goodra
|-damage|p2a: Goodra|56/100
|-hitcount|p2a: Goodra|2
|
|upkeep
|turn|25
|
|t:|1758964666
|-end|p1a: Iron Crown|Quark Drive|[silent]
|switch|p1a: Pecharunt|Pecharunt|80/100
|move|p2a: Goodra|Knock Off|p1a: Pecharunt
|-supereffective|p1a: Pecharunt
|-damage|p1a: Pecharunt|67/100
|
|upkeep
|turn|26
|
|t:|1758964670
|move|p1a: Pecharunt|Recover|p1a: Pecharunt
|-heal|p1a: Pecharunt|100/100
|move|p2a: Goodra|Draco Meteor|p1a: Pecharunt
|-damage|p1a: Pecharunt|30/100
|-unboost|p2a: Goodra|spa|2
|
|upkeep
|turn|27
|
|t:|1758964675
|move|p1a: Pecharunt|Recover|p1a: Pecharunt
|-heal|p1a: Pecharunt|80/100
|move|p2a: Goodra|Draco Meteor|p1a: Pecharunt
|-damage|p1a: Pecharunt|45/100
|-unboost|p2a: Goodra|spa|2
|
|upkeep
|turn|28
|
|t:|1758964681
|switch|p2a: Glimmora|Glimmora, F|100/100
|-damage|p2a: Glimmora|88/100|[from] Stealth Rock
|move|p1a: Pecharunt|Recover|p1a: Pecharunt
|-heal|p1a: Pecharunt|95/100
|
|upkeep
|turn|29
|
|t:|1758964684
|move|p2a: Glimmora|Meteor Beam||[still]
|-prepare|p2a: Glimmora|Meteor Beam
|-boost|p2a: Glimmora|spa|1
|-enditem|p2a: Glimmora|Power Herb
|-anim|p2a: Glimmora|Meteor Beam|p1a: Pecharunt
|-damage|p1a: Pecharunt|8/100
|move|p1a: Pecharunt|Parting Shot|p2a: Glimmora
|-unboost|p2a: Glimmora|atk|1
|-unboost|p2a: Glimmora|spa|1
|
|t:|1758964689
|switch|p1a: Iron Crown|Iron Crown|100/100|[from] Parting Shot
|
|upkeep
|turn|30
|
|t:|1758964697
|-terastallize|p2a: Glimmora|Ghost
|move|p1a: Iron Crown|Tachyon Cutter|p2a: Glimmora
|-damage|p2a: Glimmora|38/100
|-damage|p2a: Glimmora|0 fnt
|faint|p2a: Glimmora
|-hitcount|p2: Glimmora|2
|
|upkeep
|
|t:|1758964702
|switch|p2a: Goodra|Goodra-Hisui, F|56/100
|-damage|p2a: Goodra|50/100|[from] Stealth Rock
|turn|31
|
|t:|1758964707
|-end|p1a: Iron Crown|Quark Drive|[silent]
|switch|p1a: Pecharunt|Pecharunt|8/100
|move|p2a: Goodra|Knock Off|p1a: Pecharunt
|-supereffective|p1a: Pecharunt
|-damage|p1a: Pecharunt|0 fnt
|faint|p1a: Pecharunt
|
|upkeep
|
|t:|1758964708
|switch|p1a: Iron Valiant|Iron Valiant|100/100
|-enditem|p1a: Iron Valiant|Booster Energy
|-activate|p1a: Iron Valiant|ability: Quark Drive|[fromitem]
|-start|p1a: Iron Valiant|quarkdrivespe
|turn|32
|
|t:|1758964712
|move|p1a: Iron Valiant|Close Combat|p2a: Goodra
|-supereffective|p2a: Goodra
|-crit|p2a: Goodra
|-damage|p2a: Goodra|0 fnt
|-unboost|p1a: Iron Valiant|def|1
|-unboost|p1a: Iron Valiant|spd|1
|faint|p2a: Goodra
|
|upkeep
|
|t:|1758964716
|switch|p2a: Clefable|Clefable, F|27/100
|turn|33
|
|t:|1758964719
|move|p1a: Iron Valiant|Moonblast|p2a: Clefable
|-damage|p2a: Clefable|0 fnt
|faint|p2a: Clefable
|
|upkeep
|
|t:|1758964720
|switch|p2a: Ogerpon|Ogerpon-Wellspring, F|100/100
|-damage|p2a: Ogerpon|88/100|[from] Stealth Rock
|turn|34
|
|t:|1758964723
|move|p1a: Iron Valiant|Moonblast|p2a: Ogerpon
|-damage|p2a: Ogerpon|34/100
|-unboost|p2a: Ogerpon|spa|1
|move|p2a: Ogerpon|Ivy Cudgel|p1a: Iron Valiant|[anim] Ivy Cudgel Water
|-damage|p1a: Iron Valiant|0 fnt
|faint|p1a: Iron Valiant
|-end|p1a: Iron Valiant|Quark Drive|[silent]
|
|upkeep
|
|t:|1758964730
|switch|p1a: Iron Crown|Iron Crown|100/100
|turn|35
|
|t:|1758964732
|-terastallize|p1a: Iron Crown|Steel
|move|p2a: Ogerpon|Ivy Cudgel|p1a: Iron Crown|[anim] Ivy Cudgel Water
|-damage|p1a: Iron Crown|37/100
|move|p1a: Iron Crown|Tachyon Cutter|p2a: Ogerpon
|-resisted|p2a: Ogerpon
|-damage|p2a: Ogerpon|3/100
|-resisted|p2a: Ogerpon
|-damage|p2a: Ogerpon|0 fnt
|faint|p2a: Ogerpon
|-hitcount|p2: Ogerpon|2
|
|win|Pikamon333
|raw|Pikamon333's rating: 1386 &rarr; <strong>1404</strong><br />(+18 for winning)
|raw|Amongsusgyatt's rating: 1351 &rarr; <strong>1333</strong><br />(-18 for losing)
|l|☆Amongsusgyatt
|player|p2|
|l|☆Pikamon333
|player|p1|
