|j|☆cryyysneasel
|j|☆battling professor
|inactive|Battle timer is ON: inactive players will automatically lose when time's up.
|t:|1759069063
|gametype|singles
|player|p1|cryyysneasel|unknownf|
|player|p2|battling professor|red|
|gen|9
|tier|[Gen 9] OU
|rated|Tournament battle
|rule|HP Percentage Mod: HP is shown in percentages
|rule|Endless Battle Clause: Forcing endless battles is banned
|rule|Species Clause: Limit one of each Pokémon
|rule|OHKO Clause: OHKO moves are banned
|rule|Evasion Items Clause: Evasion items are banned
|rule|Evasion Moves Clause: Evasion moves are banned
|rule|Evasion Abilities Clause: Evasion abilities are banned
|rule|Sleep Moves Clause: Sleep-inducing moves are banned
|clearpoke
|poke|p1|Kyurem|
|poke|p1|Gholdengo|
|poke|p1|Ogerpon-Wellspring, F|
|poke|p1|Dragonite, M|
|poke|p1|Zamazenta-*|
|poke|p1|Great Tusk|
|poke|p2|Rillaboom, M|
|poke|p2|Hatterene, F|
|poke|p2|Iron Moth|
|poke|p2|Zamazenta-*|
|poke|p2|Kingambit, F|
|poke|p2|Landorus-Therian, M|
|teampreview
|j|*Lady Monita ☀
|j| BB-8-NU
|j| labloblola
|j| blabala
|c|☆battling professor|gl hf
|j| Terra the creator
|c|☆cryyysneasel|u2
|j| Arcanine numbers
|
|t:|1759069084
|teamsize|p1|6
|teamsize|p2|6
|start
|switch|p1a: Kyurem|Kyurem|100/100
|switch|p2a: Iron Moth|Iron Moth|100/100
|-ability|p1a: Kyurem|Pressure
|turn|1
|l| Terra the creator
|
|t:|1759069090
|-terastallize|p2a: Iron Moth|Fairy
|move|p2a: Iron Moth|Dazzling Gleam|p1a: Kyurem
|-supereffective|p1a: Kyurem
|-damage|p1a: Kyurem|24/100
|move|p1a: Kyurem|Earth Power|p2a: Iron Moth
|-damage|p2a: Iron Moth|64/100
|
|upkeep
|turn|2
|j| Etjx
|
|t:|1759069098
|-end|p2a: Iron Moth|Quark Drive|[silent]
|switch|p2a: Landorus|Landorus-Therian, M|100/100
|-ability|p2a: Landorus|Intimidate|boost
|-unboost|p1a: Kyurem|atk|1
|switch|p1a: Gholdengo|Gholdengo|100/100
|-item|p1a: Gholdengo|Air Balloon
|
|upkeep
|turn|3
|j| Lkapkd
|
|t:|1759069104
|move|p1a: Gholdengo|Make It Rain|p2a: Landorus
|-damage|p2a: Landorus|41/100
|-unboost|p1a: Gholdengo|spa|1
|move|p2a: Landorus|Stealth Rock|p1a: Gholdengo
|-sidestart|p1: cryyysneasel|move: Stealth Rock
|
|upkeep
|turn|4
|j|@DanDaMan99
|
|t:|1759069111
|move|p1a: Gholdengo|Make It Rain|p2a: Landorus
|-damage|p2a: Landorus|1/100
|-unboost|p1a: Gholdengo|spa|1
|move|p2a: Landorus|U-turn|p1a: Gholdengo
|-resisted|p1a: Gholdengo
|-damage|p1a: Gholdengo|97/100
|-enditem|p1a: Gholdengo|Air Balloon
|
|t:|1759069114
|switch|p2a: Iron Moth|Iron Moth, tera:Fairy|64/100|[from] U-turn
|
|upkeep
|turn|5
|
|t:|1759069120
|switch|p1a: Kyurem|Kyurem|24/100
|-damage|p1a: Kyurem|0 fnt|[from] Stealth Rock
|faint|p1a: Kyurem
|move|p2a: Iron Moth|U-turn|p1: Kyurem|[notarget]
|-fail|p2a: Iron Moth
|
|upkeep
|
|t:|1759069124
|switch|p1a: Great Tusk|Great Tusk|100/100
|-damage|p1a: Great Tusk|98/100|[from] Stealth Rock
|turn|6
|j| Nahlokin
|
|t:|1759069128
|move|p2a: Iron Moth|U-turn|p1a: Great Tusk
|-resisted|p1a: Great Tusk
|-damage|p1a: Great Tusk|93/100
|-damage|p2a: Iron Moth|47/100|[from] item: Rocky Helmet|[of] p1a: Great Tusk
|
|t:|1759069135
|-end|p2a: Iron Moth|Quark Drive|[silent]
|switch|p2a: Hatterene|Hatterene, F|100/100|[from] U-turn
|move|p1a: Great Tusk|Rapid Spin|p2a: Hatterene
|-damage|p2a: Hatterene|82/100
|-boost|p1a: Great Tusk|spe|1
|-sideend|p1: cryyysneasel|Stealth Rock|[from] move: Rapid Spin|[of] p1a: Great Tusk
|
|upkeep
|turn|7
|j| eEJTJQj
|j| hepepi
|
|t:|1759069148
|-end|p1a: Great Tusk|Protosynthesis|[silent]
|switch|p1a: Ogerpon|Ogerpon-Wellspring, F|100/100
|move|p2a: Hatterene|Draining Kiss|p1a: Ogerpon
|-damage|p1a: Ogerpon|67/100
|-heal|p2a: Hatterene|100/100|[from] drain|[of] p1a: Ogerpon
|
|upkeep
|turn|8
|
|t:|1759069153
|move|p1a: Ogerpon|Horn Leech|p2a: Hatterene
|-damage|p2a: Hatterene|50/100
|-heal|p1a: Ogerpon|94/100|[from] drain|[of] p2a: Hatterene
|move|p2a: Hatterene|Nuzzle|p1a: Ogerpon
|-damage|p1a: Ogerpon|89/100
|-status|p1a: Ogerpon|par
|
|upkeep
|turn|9
|
|t:|1759069160
|switch|p2a: Rillaboom|Rillaboom, M|100/100
|-fieldstart|move: Grassy Terrain|[from] ability: Grassy Surge|[of] p2a: Rillaboom
|cant|p1a: Ogerpon|par
|
|-heal|p1a: Ogerpon|95/100 par|[from] Grassy Terrain
|upkeep
|turn|10
|
|t:|1759069164
|switch|p1a: Gholdengo|Gholdengo|97/100
|move|p2a: Rillaboom|U-turn|p1a: Gholdengo
|-resisted|p1a: Gholdengo
|-damage|p1a: Gholdengo|91/100
|
|t:|1759069167
|switch|p2a: Iron Moth|Iron Moth, tera:Fairy|47/100|[from] U-turn
|
|-heal|p2a: Iron Moth|53/100|[from] Grassy Terrain
|-heal|p1a: Gholdengo|97/100|[from] Grassy Terrain
|upkeep
|turn|11
|l| Arcanine numbers
|
|t:|1759069170
|switch|p1a: Dragonite|Dragonite, M|100/100
|move|p2a: Iron Moth|Overheat|p1a: Dragonite
|-resisted|p1a: Dragonite
|-damage|p1a: Dragonite|75/100
|-unboost|p2a: Iron Moth|spa|2
|
|-heal|p2a: Iron Moth|59/100|[from] Grassy Terrain
|upkeep
|turn|12
|
|t:|1759069175
|-end|p2a: Iron Moth|Quark Drive|[silent]
|switch|p2a: Kingambit|Kingambit, F|100/100
|move|p1a: Dragonite|Roost|p1a: Dragonite
|-heal|p1a: Dragonite|100/100
|-singleturn|p1a: Dragonite|move: Roost
|
|upkeep
|turn|13
|
|t:|1759069180
|switch|p1a: Great Tusk|Great Tusk|93/100
|-end|p2a: Kingambit|fallenundefined|[silent]
|switch|p2a: Hatterene|Hatterene, F|50/100
|
|-heal|p1a: Great Tusk|99/100|[from] Grassy Terrain
|-heal|p2a: Hatterene|56/100|[from] Grassy Terrain
|-fieldend|move: Grassy Terrain
|upkeep
|turn|14
|j| Arcanine numbers
|j| drop 6 nukers
|c| drop 6 nukers|15 users
|c| drop 6 nukers|hype
|inactive|cryyysneasel has 120 seconds left.
|l| Lkapkd
|inactive|cryyysneasel has 90 seconds left.
|
|t:|1759069243
|move|p1a: Great Tusk|Headlong Rush|p2a: Hatterene
|-damage|p2a: Hatterene|0 fnt
|-unboost|p1a: Great Tusk|def|1
|-unboost|p1a: Great Tusk|spd|1
|faint|p2a: Hatterene
|
|upkeep
|
|t:|1759069251
|switch|p2a: Iron Moth|Iron Moth, tera:Fairy|59/100
|turn|15
|l| Arcanine numbers
|
|t:|1759069256
|-end|p1a: Great Tusk|Protosynthesis|[silent]
|switch|p1a: Ogerpon|Ogerpon-Wellspring, F|95/100 par
|move|p2a: Iron Moth|Overheat|p1a: Ogerpon
|-damage|p1a: Ogerpon|0 fnt
|-unboost|p2a: Iron Moth|spa|2
|faint|p1a: Ogerpon
|
|upkeep
|
|t:|1759069268
|switch|p1a: Zamazenta|Zamazenta|100/100
|-ability|p1a: Zamazenta|Dauntless Shield|boost
|-boost|p1a: Zamazenta|def|1
|turn|16
|j| Finneonly@!
|j|@vaporeonds
|
|t:|1759069278
|move|p1a: Zamazenta|Ice Fang|p2a: Iron Moth
|-damage|p2a: Iron Moth|10/100
|-damage|p1a: Zamazenta|91/100|[from] item: Life Orb
|move|p2a: Iron Moth|Overheat|p1a: Zamazenta
|-damage|p1a: Zamazenta|40/100
|-unboost|p2a: Iron Moth|spa|2
|
|upkeep
|turn|17
|
|t:|1759069285
|-end|p2a: Iron Moth|Quark Drive|[silent]
|switch|p2a: Landorus|Landorus-Therian, M|1/100
|-ability|p2a: Landorus|Intimidate|boost
|-unboost|p1a: Zamazenta|atk|1
|move|p1a: Zamazenta|Ice Fang|p2a: Landorus
|-supereffective|p2a: Landorus
|-damage|p2a: Landorus|0 fnt
|-damage|p1a: Zamazenta|23/100|[from] item: Rocky Helmet|[of] p2a: Landorus
|faint|p2a: Landorus
|-damage|p1a: Zamazenta|13/100|[from] item: Life Orb
|
|upkeep
|l|@vaporeonds
|
|t:|1759069291
|switch|p2a: Rillaboom|Rillaboom, M|100/100
|-fieldstart|move: Grassy Terrain|[from] ability: Grassy Surge|[of] p2a: Rillaboom
|turn|18
|
|t:|1759069294
|move|p2a: Rillaboom|Grassy Glide|p1a: Zamazenta
|-damage|p1a: Zamazenta|0 fnt
|faint|p1a: Zamazenta
|
|upkeep
|
|t:|1759069297
|switch|p1a: Gholdengo|Gholdengo|97/100
|turn|19
|
|t:|1759069301
|switch|p2a: Kingambit|Kingambit, F|100/100
|-activate|p2a: Kingambit|ability: Supreme Overlord
|-start|p2a: Kingambit|fallen2|[silent]
|move|p1a: Gholdengo|Thunder Wave|p2a: Kingambit
|-status|p2a: Kingambit|par
|
|-heal|p1a: Gholdengo|100/100|[from] Grassy Terrain
|upkeep
|turn|20
|j| Lkapkd
|
|t:|1759069314
|switch|p1a: Great Tusk|Great Tusk|99/100
|-end|p2a: Kingambit|fallen2|[silent]
|switch|p2a: Rillaboom|Rillaboom, M|100/100
|
|-heal|p1a: Great Tusk|100/100|[from] Grassy Terrain
|upkeep
|turn|21
|
|t:|1759069320
|move|p1a: Great Tusk|Stealth Rock|p2a: Rillaboom
|-sidestart|p2: battling professor|move: Stealth Rock
|move|p2a: Rillaboom|Wood Hammer|p1a: Great Tusk
|-supereffective|p1a: Great Tusk
|-damage|p1a: Great Tusk|0 fnt
|-damage|p2a: Rillaboom|84/100|[from] item: Rocky Helmet|[of] p1a: Great Tusk
|faint|p1a: Great Tusk
|-end|p1a: Great Tusk|Protosynthesis|[silent]
|-damage|p2a: Rillaboom|52/100|[from] Recoil
|
|-heal|p2a: Rillaboom|58/100|[from] Grassy Terrain
|upkeep
|
|t:|1759069324
|switch|p1a: Gholdengo|Gholdengo|100/100
|turn|22
|
|t:|1759069333
|move|p2a: Rillaboom|Wood Hammer|p1a: Gholdengo
|-resisted|p1a: Gholdengo
|-damage|p1a: Gholdengo|57/100
|-damage|p2a: Rillaboom|43/100|[from] Recoil
|move|p1a: Gholdengo|Make It Rain|p2a: Rillaboom
|-damage|p2a: Rillaboom|0 fnt
|-unboost|p1a: Gholdengo|spa|1
|faint|p2a: Rillaboom
|
|-heal|p1a: Gholdengo|63/100|[from] Grassy Terrain
|-fieldend|move: Grassy Terrain
|upkeep
|j| RIOT#0557
|
|t:|1759069349
|switch|p2a: Zamazenta|Zamazenta|100/100
|-damage|p2a: Zamazenta|94/100|[from] Stealth Rock
|-ability|p2a: Zamazenta|Dauntless Shield|boost
|-boost|p2a: Zamazenta|def|1
|turn|23
|
|t:|1759069354
|move|p2a: Zamazenta|Crunch|p1a: Gholdengo
|-supereffective|p1a: Gholdengo
|-damage|p1a: Gholdengo|18/100
|-damage|p2a: Zamazenta|84/100|[from] item: Life Orb
|move|p1a: Gholdengo|Thunder Wave|p2a: Zamazenta
|-status|p2a: Zamazenta|par
|
|upkeep
|turn|24
|
|t:|1759069356
|move|p1a: Gholdengo|Recover|p1a: Gholdengo
|-heal|p1a: Gholdengo|68/100
|move|p2a: Zamazenta|Crunch|p1a: Gholdengo
|-supereffective|p1a: Gholdengo
|-damage|p1a: Gholdengo|19/100
|-damage|p2a: Zamazenta|75/100 par|[from] item: Life Orb
|
|upkeep
|turn|25
|
|t:|1759069360
|move|p1a: Gholdengo|Recover|p1a: Gholdengo
|-heal|p1a: Gholdengo|69/100
|move|p2a: Zamazenta|Crunch|p1a: Gholdengo
|-supereffective|p1a: Gholdengo
|-damage|p1a: Gholdengo|18/100
|-unboost|p1a: Gholdengo|def|1
|-damage|p2a: Zamazenta|65/100 par|[from] item: Life Orb
|
|upkeep
|turn|26
|
|t:|1759069365
|move|p1a: Gholdengo|Hex|p2a: Zamazenta
|-damage|p2a: Zamazenta|27/100 par
|move|p2a: Zamazenta|Crunch|p1a: Gholdengo
|-supereffective|p1a: Gholdengo
|-damage|p1a: Gholdengo|0 fnt
|faint|p1a: Gholdengo
|-damage|p2a: Zamazenta|17/100 par|[from] item: Life Orb
|
|upkeep
|
|t:|1759069367
|switch|p1a: Dragonite|Dragonite, M|100/100
|turn|27
|
|t:|1759069372
|move|p1a: Dragonite|Dragon Dance|p1a: Dragonite
|-boost|p1a: Dragonite|atk|1
|-boost|p1a: Dragonite|spe|1
|move|p2a: Zamazenta|Ice Fang|p1a: Dragonite
|-supereffective|p1a: Dragonite
|-damage|p1a: Dragonite|39/100
|-damage|p2a: Zamazenta|7/100 par|[from] item: Life Orb
|
|upkeep
|turn|28
|
|t:|1759069377
|move|p1a: Dragonite|Extreme Speed|p2a: Zamazenta
|-damage|p2a: Zamazenta|0 fnt
|faint|p2a: Zamazenta
|
|upkeep
|
|t:|1759069380
|switch|p2a: Kingambit|Kingambit, F|100/100 par
|-damage|p2a: Kingambit|94/100 par|[from] Stealth Rock
|-activate|p2a: Kingambit|ability: Supreme Overlord
|-start|p2a: Kingambit|fallen4|[silent]
|turn|29
|
|t:|1759069389
|move|p1a: Dragonite|Roost|p1a: Dragonite
|-heal|p1a: Dragonite|89/100
|-singleturn|p1a: Dragonite|move: Roost
|cant|p2a: Kingambit|par
|
|upkeep
|turn|30
|c|☆battling professor|man
|
|t:|1759069394
|-end|p2a: Kingambit|fallen4|[silent]
|switch|p2a: Iron Moth|Iron Moth, tera:Fairy|10/100
|-damage|p2a: Iron Moth|0 fnt|[from] Stealth Rock
|faint|p2a: Iron Moth
|-end|p2a: Iron Moth|Quark Drive|[silent]
|move|p1a: Dragonite|Roost|p1a: Dragonite
|-heal|p1a: Dragonite|100/100
|-singleturn|p1a: Dragonite|move: Roost
|
|upkeep
|
|t:|1759069395
|switch|p2a: Kingambit|Kingambit, F|94/100 par
|-damage|p2a: Kingambit|88/100 par|[from] Stealth Rock
|-activate|p2a: Kingambit|ability: Supreme Overlord
|-start|p2a: Kingambit|fallen5|[silent]
|turn|31
|
|t:|1759069400
|move|p1a: Dragonite|Earthquake|p2a: Kingambit
|-supereffective|p2a: Kingambit
|-crit|p2a: Kingambit
|-damage|p2a: Kingambit|0 fnt
|faint|p2a: Kingambit
|-end|p2a: Kingambit|fallen5|[silent]
|
|win|cryyysneasel
|n|☆cryyysneasel|cryyysneasel
|n|☆battling professor|battlingprofessor
|n|*Lady Monita ☀|ladymonita
|n| BB-8-NU|bb8nu
|n| labloblola|labloblola
|n| blabala|blabala
|n| Etjx|etjx
|n| DanDaMan99|dandaman99
|n| Nahlokin|nahlokin
|n| eEJTJQj|eejtjqj
|n| hepepi|hepepi
|n| drop 6 nukers|drop6nukers
|n| Finneonly@!|finneonly
|n| Lkapkd|lkapkd
|n| RIOT#0557|riot0557
|l|*Lady Monita ☀
