|j|☆suprya
|j|☆CrestoftheCondor
|t:|1758941527
|gametype|singles
|player|p1|suprya|preschooler|1569
|player|p2|CrestoftheCondor|chuck|1586
|gen|9
|tier|[Gen 9] OU
|rated|
|rule|HP Percentage Mod: HP is shown in percentages
|rule|Endless Battle Clause: Forcing endless battles is banned
|rule|Species Clause: Limit one of each Pokémon
|rule|OHKO Clause: OHKO moves are banned
|rule|Evasion Items Clause: Evasion items are banned
|rule|Evasion Moves Clause: Evasion moves are banned
|rule|Evasion Abilities Clause: Evasion abilities are banned
|rule|Sleep Moves Clause: Sleep-inducing moves are banned
|clearpoke
|poke|p1|Samurott-Hisui, M|
|poke|p1|Fezandipiti, M|
|poke|p1|Zamazenta-*|
|poke|p1|Weavile, M|
|poke|p1|Corviknight, F|
|poke|p1|Palossand, M|
|poke|p2|Torkoal, F|
|poke|p2|Walking Wake|
|poke|p2|Hatterene, F|
|poke|p2|Great Tusk|
|poke|p2|Ceruledge, M|
|poke|p2|Enamorus, F|
|teampreview
|inactive|Battle timer is ON: inactive players will automatically lose when time's up. (requested by CrestoftheCondor)
|inactive|suprya also wants the timer to be on.
|inactive|CrestoftheCondor has 120 seconds left.
|
|t:|1758941563
|teamsize|p1|6
|teamsize|p2|6
|start
|switch|p1a: Fezandipiti|Fezandipiti, M|100/100
|switch|p2a: Enamorus|Enamorus, F|100/100
|turn|1
|
|t:|1758941582
|move|p2a: Enamorus|Earth Power|p1a: Fezandipiti
|-supereffective|p1a: Fezandipiti
|-damage|p1a: Fezandipiti|39/100
|move|p1a: Fezandipiti|Moonblast|p2a: Enamorus
|-damage|p2a: Enamorus|53/100
|
|-heal|p1a: Fezandipiti|45/100|[from] item: Leftovers
|upkeep
|turn|2
|
|t:|1758941597
|switch|p2a: Torkoal|Torkoal, F|100/100
|-weather|SunnyDay|[from] ability: Drought|[of] p2a: Torkoal
|move|p1a: Fezandipiti|Nasty Plot|p1a: Fezandipiti
|-boost|p1a: Fezandipiti|spa|2
|
|-weather|SunnyDay|[upkeep]
|-heal|p1a: Fezandipiti|51/100|[from] item: Leftovers
|upkeep
|turn|3
|
|t:|1758941611
|switch|p2a: Hatterene|Hatterene, F, shiny|100/100
|move|p1a: Fezandipiti|Roost|p1a: Fezandipiti
|-heal|p1a: Fezandipiti|100/100
|-singleturn|p1a: Fezandipiti|move: Roost
|
|-weather|SunnyDay|[upkeep]
|upkeep
|turn|4
|
|t:|1758941622
|move|p1a: Fezandipiti|Moonblast|p2a: Hatterene
|-damage|p2a: Hatterene|43/100
|-unboost|p2a: Hatterene|spa|1
|-status|p2a: Hatterene|tox|[from] ability: Toxic Chain|[of] p1a: Fezandipiti
|-enditem|p2a: Hatterene|Eject Button
|inactive|CrestoftheCondor has 120 seconds left.
|
|t:|1758941653
|switch|p2a: Ceruledge|Ceruledge, M|100/100
|
|-weather|SunnyDay|[upkeep]
|upkeep
|turn|5
|inactive|CrestoftheCondor has 120 seconds left.
|
|t:|1758941682
|move|p1a: Fezandipiti|Dark Pulse|p2a: Ceruledge
|-supereffective|p2a: Ceruledge
|-damage|p2a: Ceruledge|18/100
|move|p2a: Ceruledge|Bitter Blade|p1a: Fezandipiti
|-crit|p1a: Fezandipiti
|-damage|p1a: Fezandipiti|0 fnt
|-heal|p2a: Ceruledge|73/100|[from] drain|[of] p1a: Fezandipiti
|faint|p1a: Fezandipiti
|
|-weather|SunnyDay|[upkeep]
|upkeep
|
|t:|1758941690
|switch|p1a: Weavile|Weavile, M|100/100
|-ability|p1a: Weavile|Pressure
|turn|6
|inactive|CrestoftheCondor has 120 seconds left.
|
|t:|1758941712
|switch|p2a: Hatterene|Hatterene, F, shiny|43/100 tox
|move|p1a: Weavile|Knock Off|p2a: Hatterene
|-damage|p2a: Hatterene|14/100 tox
|
|-weather|SunnyDay|[upkeep]
|-damage|p2a: Hatterene|8/100 tox|[from] psn
|upkeep
|turn|7
|inactive|CrestoftheCondor has 120 seconds left.
|
|t:|1758941719
|move|p1a: Weavile|Knock Off|p2a: Hatterene
|-damage|p2a: Hatterene|0 fnt
|faint|p2a: Hatterene
|
|-weather|SunnyDay|[upkeep]
|upkeep
|inactive|CrestoftheCondor has 120 seconds left.
|
|t:|1758941730
|switch|p2a: Enamorus|Enamorus, F|53/100
|turn|8
|inactive|CrestoftheCondor has 120 seconds left.
|inactive|suprya has 120 seconds left.
|
|t:|1758941771
|switch|p1a: Palossand|Palossand, M|100/100
|move|p2a: Enamorus|Mystical Fire|p1a: Palossand
|-damage|p1a: Palossand|49/100
|-unboost|p1a: Palossand|spa|1
|
|-weather|SunnyDay|[upkeep]
|upkeep
|turn|9
|inactive|CrestoftheCondor has 120 seconds left.
|
|t:|1758941787
|switch|p1a: Samurott|Samurott-Hisui, M|100/100
|move|p2a: Enamorus|Mystical Fire|p1a: Samurott
|-resisted|p1a: Samurott
|-damage|p1a: Samurott|67/100
|-unboost|p1a: Samurott|spa|1
|
|-weather|none
|upkeep
|turn|10
|inactive|suprya has 120 seconds left.
|
|t:|1758941801
|switch|p2a: Torkoal|Torkoal, F|100/100
|-weather|SunnyDay|[from] ability: Drought|[of] p2a: Torkoal
|move|p1a: Samurott|Ceaseless Edge|p2a: Torkoal
|-damage|p2a: Torkoal|63/100
|-sidestart|p2: CrestoftheCondor|Spikes
|
|-weather|SunnyDay|[upkeep]
|upkeep
|turn|11
|inactive|suprya has 120 seconds left.
|
|t:|1758941815
|move|p1a: Samurott|Ceaseless Edge|p2a: Torkoal
|-damage|p2a: Torkoal|24/100
|-sidestart|p2: CrestoftheCondor|Spikes
|move|p2a: Torkoal|Stealth Rock|p1a: Samurott
|-sidestart|p1: suprya|move: Stealth Rock
|
|-weather|SunnyDay|[upkeep]
|upkeep
|turn|12
|inactive|suprya has 120 seconds left.
|
|t:|1758941828
|switch|p1a: Palossand|Palossand, M|49/100
|-damage|p1a: Palossand|43/100|[from] Stealth Rock
|switch|p2a: Don|Great Tusk, shiny|100/100
|-damage|p2a: Don|84/100|[from] Spikes
|-activate|p2a: Don|ability: Protosynthesis
|-start|p2a: Don|protosynthesisatk
|
|-weather|SunnyDay|[upkeep]
|upkeep
|turn|13
|inactive|CrestoftheCondor has 120 seconds left.
|inactive|suprya has 120 seconds left.
|
|t:|1758941839
|move|p2a: Don|Headlong Rush|p1a: Palossand
|-damage|p1a: Palossand|0 fnt
|-unboost|p2a: Don|def|1
|-unboost|p2a: Don|spd|1
|-damage|p2a: Don|67/100|[from] item: Rocky Helmet|[of] p1a: Palossand
|faint|p1a: Palossand
|
|-weather|SunnyDay|[upkeep]
|upkeep
|inactive|suprya has 120 seconds left.
|
|t:|1758941848
|switch|p1a: Zamazenta|Zamazenta|100/100
|-damage|p1a: Zamazenta|94/100|[from] Stealth Rock
|-ability|p1a: Zamazenta|Dauntless Shield|boost
|-boost|p1a: Zamazenta|def|1
|turn|14
|inactive|CrestoftheCondor has 120 seconds left.
|
|t:|1758941865
|move|p1a: Zamazenta|Body Press|p2a: Don
|-damage|p2a: Don|14/100
|-damage|p1a: Zamazenta|78/100|[from] item: Rocky Helmet|[of] p2a: Don
|move|p2a: Don|Rapid Spin|p1a: Zamazenta
|-damage|p1a: Zamazenta|65/100
|-boost|p2a: Don|spe|1
|-sideend|p2: CrestoftheCondor|Spikes|[from] move: Rapid Spin|[of] p2a: Don
|
|-weather|SunnyDay|[upkeep]
|-heal|p1a: Zamazenta|71/100|[from] item: Leftovers
|upkeep
|turn|15
|
|t:|1758941875
|move|p2a: Don|Headlong Rush|p1a: Zamazenta
|-damage|p1a: Zamazenta|24/100
|-unboost|p2a: Don|def|1
|-unboost|p2a: Don|spd|1
|move|p1a: Zamazenta|Body Press|p2a: Don
|-damage|p2a: Don|0 fnt
|-damage|p1a: Zamazenta|7/100|[from] item: Rocky Helmet|[of] p2a: Don
|faint|p2a: Don
|-end|p2a: Don|Protosynthesis|[silent]
|
|-weather|SunnyDay|[upkeep]
|-heal|p1a: Zamazenta|14/100|[from] item: Leftovers
|upkeep
|inactive|CrestoftheCondor has 120 seconds left.
|
|t:|1758941885
|switch|p2a: Enamorus|Enamorus, F|53/100
|turn|16
|
|t:|1758941899
|switch|p1a: Corviknight|Corviknight, F|100/100
|-damage|p1a: Corviknight|88/100|[from] Stealth Rock
|-ability|p1a: Corviknight|Pressure
|move|p2a: Enamorus|Moonblast|p1a: Corviknight
|-resisted|p1a: Corviknight
|-damage|p1a: Corviknight|65/100
|
|-weather|SunnyDay|[upkeep]
|upkeep
|turn|17
|inactive|CrestoftheCondor has 120 seconds left.
|
|t:|1758941915
|switch|p2a: Ceruledge|Ceruledge, M|73/100
|move|p1a: Corviknight|Brave Bird|p2a: Ceruledge
|-damage|p2a: Ceruledge|24/100
|-ability|p2a: Ceruledge|Weak Armor|boost
|-unboost|p2a: Ceruledge|def|1
|-boost|p2a: Ceruledge|spe|2
|-damage|p1a: Corviknight|53/100|[from] Recoil
|
|-weather|none
|upkeep
|turn|18
|inactive|CrestoftheCondor has 120 seconds left.
|
|t:|1758941932
|switch|p1a: Samurott|Samurott-Hisui, M|67/100
|move|p2a: Ceruledge|Bitter Blade|p1a: Samurott
|-resisted|p1a: Samurott
|-damage|p1a: Samurott|36/100
|-heal|p2a: Ceruledge|42/100|[from] drain|[of] p1a: Samurott
|
|upkeep
|turn|19
|inactive|CrestoftheCondor has 120 seconds left.
|
|t:|1758941944
|move|p1a: Samurott|Aqua Jet|p2a: Ceruledge
|-supereffective|p2a: Ceruledge
|-damage|p2a: Ceruledge|0 fnt
|faint|p2a: Ceruledge
|
|upkeep
|inactive|CrestoftheCondor has 120 seconds left.
|
|t:|1758941953
|switch|p2a: Enamorus|Enamorus, F|53/100
|turn|20
|inactive|suprya has 120 seconds left.
|
|t:|1758941984
|-terastallize|p1a: Samurott|Poison
|move|p2a: Enamorus|Moonblast|p1a: Samurott
|-resisted|p1a: Samurott
|-damage|p1a: Samurott|0 fnt
|faint|p1a: Samurott
|
|upkeep
|inactive|suprya has 120 seconds left.
|
|t:|1758941992
|switch|p1a: Weavile|Weavile, M|100/100
|-ability|p1a: Weavile|Pressure
|turn|21
|
|t:|1758941996
|switch|p2a: Torkoal|Torkoal, F|24/100
|-weather|SunnyDay|[from] ability: Drought|[of] p2a: Torkoal
|move|p1a: Weavile|Icicle Crash|p2a: Torkoal
|-resisted|p2a: Torkoal
|-damage|p2a: Torkoal|8/100
|
|-weather|SunnyDay|[upkeep]
|upkeep
|turn|22
|
|t:|1758942005
|move|p1a: Weavile|Knock Off|p2a: Torkoal
|-damage|p2a: Torkoal|0 fnt
|-enditem|p2a: Torkoal|Heat Rock|[from] move: Knock Off|[of] p1a: Weavile
|faint|p2a: Torkoal
|
|-weather|SunnyDay|[upkeep]
|upkeep
|
|t:|1758942009
|switch|p2a: Walking Wake|Walking Wake|100/100
|-activate|p2a: Walking Wake|ability: Protosynthesis
|-start|p2a: Walking Wake|protosynthesisspa
|turn|23
|
|t:|1758942024
|move|p1a: Weavile|Knock Off|p2a: Walking Wake
|-damage|p2a: Walking Wake|51/100
|-enditem|p2a: Walking Wake|Choice Specs|[from] move: Knock Off|[of] p1a: Weavile
|move|p2a: Walking Wake|Flamethrower|p1a: Weavile
|-supereffective|p1a: Weavile
|-damage|p1a: Weavile|0 fnt
|faint|p1a: Weavile
|
|-weather|SunnyDay|[upkeep]
|upkeep
|
|t:|1758942032
|switch|p1a: Zamazenta|Zamazenta|14/100
|-damage|p1a: Zamazenta|7/100|[from] Stealth Rock
|turn|24
|
|t:|1758942038
|move|p1a: Zamazenta|Body Press|p2a: Walking Wake
|-damage|p2a: Walking Wake|12/100
|move|p2a: Walking Wake|Flamethrower|p1a: Zamazenta
|-damage|p1a: Zamazenta|0 fnt
|faint|p1a: Zamazenta
|
|-weather|SunnyDay|[upkeep]
|upkeep
|-message|suprya forfeited.
|
|win|CrestoftheCondor
|raw|suprya's rating: 1569 &rarr; <strong>1550</strong><br />(-19 for losing)
|raw|CrestoftheCondor's rating: 1586 &rarr; <strong>1605</strong><br />(+19 for winning)
|l|☆suprya
|player|p1|
|l|☆CrestoftheCondor
|player|p2|
