|j|☆AyBalto
|j|☆IronClod
|t:|1759032211
|gametype|singles
|player|p1|AyBalto|medium|1560
|player|p2|IronClod|fantina|1486
|gen|9
|tier|[Gen 9] OU
|rated|
|rule|HP Percentage Mod: HP is shown in percentages
|rule|Endless Battle Clause: Forcing endless battles is banned
|rule|Species Clause: Limit one of each Pokémon
|rule|OHKO Clause: OHKO moves are banned
|rule|Evasion Items Clause: Evasion items are banned
|rule|Evasion Moves Clause: Evasion moves are banned
|rule|Evasion Abilities Clause: Evasion abilities are banned
|rule|Sleep Moves Clause: Sleep-inducing moves are banned
|clearpoke
|poke|p1|Ogerpon-Wellspring, F|
|poke|p1|Kingambit, F|
|poke|p1|Landorus-Therian, M|
|poke|p1|Glimmora, F|
|poke|p1|Dragapult, F|
|poke|p1|Iron Valiant|
|poke|p2|Ursaluna, F|
|poke|p2|Slowking-Galar, F|
|poke|p2|Great Tusk|
|poke|p2|Gholdengo|
|poke|p2|Moltres|
|poke|p2|Meowscarada, F|
|teampreview
|inactive|Battle timer is ON: inactive players will automatically lose when time's up. (requested by IronClod)
|
|t:|1759032235
|teamsize|p1|6
|teamsize|p2|6
|start
|switch|p1a: Ogerpon|Ogerpon-Wellspring, F|100/100
|switch|p2a: Gholdengo|Gholdengo|100/100
|-item|p2a: Gholdengo|Air Balloon
|turn|1
|
|t:|1759032251
|switch|p2a: Meowscarada|Meowscarada, F|100/100
|move|p1a: Ogerpon|Ivy Cudgel|p2a: Meowscarada|[anim] Ivy Cudgel Water
|-resisted|p2a: Meowscarada
|-damage|p2a: Meowscarada|56/100
|
|upkeep
|turn|2
|inactive|AyBalto has 120 seconds left.
|
|t:|1759032284
|switch|p1a: Kingambit|Kingambit, F|100/100
|move|p2a: Meowscarada|U-turn|p1a: Kingambit
|-start|p2a: Meowscarada|typechange|Bug|[from] ability: Protean
|-damage|p1a: Kingambit|75/100
|
|t:|1759032297
|switch|p2a: Ursaluna|Ursaluna, F|100/100|[from] U-turn
|
|-heal|p1a: Kingambit|81/100|[from] item: Leftovers
|-status|p2a: Ursaluna|brn|[from] item: Flame Orb
|upkeep
|turn|3
|inactive|AyBalto has 120 seconds left.
|
|t:|1759032318
|-end|p1a: Kingambit|fallenundefined|[silent]
|switch|p1a: Landorus|Landorus-Therian, M|100/100
|-ability|p1a: Landorus|Intimidate|boost
|-unboost|p2a: Ursaluna|atk|1
|move|p2a: Ursaluna|Headlong Rush|p1a: Landorus
|-immune|p1a: Landorus
|
|-damage|p2a: Ursaluna|94/100 brn|[from] brn
|upkeep
|turn|4
|inactive|AyBalto has 120 seconds left.
|
|t:|1759032329
|move|p1a: Landorus|U-turn|p2a: Ursaluna
|-damage|p2a: Ursaluna|75/100 brn
|
|t:|1759032346
|switch|p1a: Dragapult|Dragapult, F|100/100|[from] U-turn
|move|p2a: Ursaluna|Swords Dance|p2a: Ursaluna
|-boost|p2a: Ursaluna|atk|2
|
|-damage|p2a: Ursaluna|68/100 brn|[from] brn
|upkeep
|turn|5
|
|t:|1759032364
|move|p1a: Dragapult|Draco Meteor|p2a: Ursaluna
|-crit|p2a: Ursaluna
|-damage|p2a: Ursaluna|0 fnt
|-unboost|p1a: Dragapult|spa|2
|faint|p2a: Ursaluna
|
|upkeep
|
|t:|1759032369
|switch|p2a: Gholdengo|Gholdengo|100/100
|-item|p2a: Gholdengo|Air Balloon
|turn|6
|inactive|AyBalto has 120 seconds left.
|
|t:|1759032394
|switch|p1a: Kingambit|Kingambit, F|81/100
|move|p2a: Gholdengo|Nasty Plot|p2a: Gholdengo
|-boost|p2a: Gholdengo|spa|2
|
|-heal|p1a: Kingambit|88/100|[from] item: Leftovers
|upkeep
|turn|7
|
|t:|1759032404
|-terastallize|p2a: Gholdengo|Fairy
|move|p2a: Gholdengo|Focus Blast|p1a: Kingambit
|-supereffective|p1a: Kingambit
|-damage|p1a: Kingambit|0 fnt
|faint|p1a: Kingambit
|-end|p1a: Kingambit|fallenundefined|[silent]
|
|upkeep
|inactive|AyBalto has 90 seconds left.
|
|t:|1759032454
|switch|p1a: Landorus|Landorus-Therian, M|100/100
|-ability|p1a: Landorus|Intimidate|boost
|-unboost|p2a: Gholdengo|atk|1
|turn|8
|
|t:|1759032460
|move|p1a: Landorus|U-turn|p2a: Gholdengo
|-resisted|p2a: Gholdengo
|-crit|p2a: Gholdengo
|-damage|p2a: Gholdengo|81/100
|-enditem|p2a: Gholdengo|Air Balloon
|inactive|AyBalto has 60 seconds left.
|
|t:|1759032488
|switch|p1a: Glimmora|Glimmora, F|100/100|[from] U-turn
|move|p2a: Gholdengo|Shadow Ball|p1a: Glimmora
|-damage|p1a: Glimmora|0 fnt
|faint|p1a: Glimmora
|
|upkeep
|inactive|AyBalto has 60 seconds left.
|l|☆IronClod
|inactive|IronClod disconnected and has a minute to reconnect!
|player|p2|
|j|☆IronClod
|inactive|IronClod reconnected.
|player|p2|IronClod|fantina|
|
|t:|1759032510
|switch|p1a: Ogerpon|Ogerpon-Wellspring, F|100/100
|turn|9
|
|t:|1759032517
|-terastallize|p1a: Ogerpon|Water
|detailschange|p1a: Ogerpon|Ogerpon-Wellspring-Tera, F, tera:Water
|-ability|p1a: Ogerpon|Embody Aspect (Wellspring)|boost
|-boost|p1a: Ogerpon|spd|1
|move|p1a: Ogerpon|Ivy Cudgel|p2a: Gholdengo|[anim] Ivy Cudgel Water
|-damage|p2a: Gholdengo|0 fnt
|faint|p2a: Gholdengo
|
|upkeep
|
|t:|1759032521
|switch|p2a: Meowscarada|Meowscarada, F|56/100
|turn|10
|inactive|AyBalto has 60 seconds left.
|
|t:|1759032538
|switch|p1a: Landorus|Landorus-Therian, M|100/100
|-ability|p1a: Landorus|Intimidate|boost
|-unboost|p2a: Meowscarada|atk|1
|move|p2a: Meowscarada|Flower Trick|p1a: Landorus
|-start|p2a: Meowscarada|typechange|Grass|[from] ability: Protean
|-crit|p1a: Landorus
|-damage|p1a: Landorus|49/100
|
|upkeep
|turn|11
|
|t:|1759032558
|switch|p2a: Great Tusk|Great Tusk|100/100
|move|p1a: Landorus|U-turn|p2a: Great Tusk
|-resisted|p2a: Great Tusk
|-damage|p2a: Great Tusk|93/100
|
|t:|1759032564
|switch|p1a: Ogerpon|Ogerpon-Wellspring-Tera, F, tera:Water|100/100|[from] U-turn
|-ability|p1a: Ogerpon|Embody Aspect (Wellspring)|boost
|-boost|p1a: Ogerpon|spd|1
|
|upkeep
|turn|12
|
|t:|1759032589
|move|p1a: Ogerpon|Ivy Cudgel|p2a: Great Tusk|[anim] Ivy Cudgel Water
|-supereffective|p2a: Great Tusk
|-damage|p2a: Great Tusk|0 fnt
|faint|p2a: Great Tusk
|-end|p2a: Great Tusk|Protosynthesis|[silent]
|
|upkeep
|
|t:|1759032592
|switch|p2a: Meowscarada|Meowscarada, F|56/100
|turn|13
|
|t:|1759032602
|switch|p1a: Landorus|Landorus-Therian, M|49/100
|-ability|p1a: Landorus|Intimidate|boost
|-unboost|p2a: Meowscarada|atk|1
|move|p2a: Meowscarada|Flower Trick|p1a: Landorus
|-start|p2a: Meowscarada|typechange|Grass|[from] ability: Protean
|-crit|p1a: Landorus
|-damage|p1a: Landorus|4/100
|
|upkeep
|turn|14
|inactive|AyBalto has 60 seconds left.
|
|t:|1759032628
|switch|p2a: Moltres|Moltres|100/100
|move|p1a: Landorus|Stealth Rock|p2a: Moltres
|-sidestart|p2: IronClod|move: Stealth Rock
|
|upkeep
|turn|15
|
|t:|1759032640
|move|p1a: Landorus|U-turn|p2a: Moltres
|-resisted|p2a: Moltres
|-damage|p2a: Moltres|97/100
|
|t:|1759032642
|switch|p1a: Ogerpon|Ogerpon-Wellspring-Tera, F, tera:Water|100/100|[from] U-turn
|-ability|p1a: Ogerpon|Embody Aspect (Wellspring)|boost
|-boost|p1a: Ogerpon|spd|1
|move|p2a: Moltres|Flamethrower|p1a: Ogerpon
|-resisted|p1a: Ogerpon
|-damage|p1a: Ogerpon|85/100
|-status|p1a: Ogerpon|brn
|
|-damage|p1a: Ogerpon|79/100 brn|[from] brn
|upkeep
|turn|16
|inactive|AyBalto has 60 seconds left.
|
|t:|1759032671
|switch|p2a: Slowking|Slowking-Galar, F|100/100
|move|p1a: Ogerpon|Ivy Cudgel|p2a: Slowking|[anim] Ivy Cudgel Water
|-damage|p2a: Slowking|62/100
|
|-damage|p1a: Ogerpon|73/100 brn|[from] brn
|upkeep
|turn|17
|inactive|AyBalto has 60 seconds left.
|inactive|IronClod has 120 seconds left.
|
|t:|1759032694
|move|p1a: Ogerpon|Ivy Cudgel|p2a: Slowking|[anim] Ivy Cudgel Water
|-damage|p2a: Slowking|18/100
|move|p2a: Slowking|Sludge Bomb|p1a: Ogerpon
|-damage|p1a: Ogerpon|47/100 brn
|
|-damage|p1a: Ogerpon|41/100 brn|[from] brn
|upkeep
|turn|18
|inactive|IronClod has 120 seconds left.
|
|t:|1759032699
|move|p1a: Ogerpon|Ivy Cudgel|p2a: Slowking|[anim] Ivy Cudgel Water
|-damage|p2a: Slowking|0 fnt
|faint|p2a: Slowking
|
|-damage|p1a: Ogerpon|35/100 brn|[from] brn
|upkeep
|
|t:|1759032702
|switch|p2a: Meowscarada|Meowscarada, F|56/100
|turn|19
|-message|IronClod forfeited.
|
|win|AyBalto
|raw|AyBalto's rating: 1560 &rarr; <strong>1575</strong><br />(+15 for winning)
|raw|IronClod's rating: 1478 &rarr; <strong>1463</strong><br />(-15 for losing)
|l|☆IronClod
|player|p2|
|l|☆AyBalto
|player|p1|
