|j|☆noon tide pearl
|j|☆a twink on prep
|t:|1759053381
|gametype|singles
|player|p1|noon tide pearl|shadowtriad|1313
|player|p2|a twink on prep|fantina|1332
|gen|9
|tier|[Gen 9] OU
|rated|
|rule|HP Percentage Mod: HP is shown in percentages
|rule|Endless Battle Clause: Forcing endless battles is banned
|rule|Species Clause: Limit one of each Pokémon
|rule|OHKO Clause: OHKO moves are banned
|rule|Evasion Items Clause: Evasion items are banned
|rule|Evasion Moves Clause: Evasion moves are banned
|rule|Evasion Abilities Clause: Evasion abilities are banned
|rule|Sleep Moves Clause: Sleep-inducing moves are banned
|clearpoke
|poke|p1|Porygon2|
|poke|p1|Hatterene, F|
|poke|p1|Torkoal, F|
|poke|p1|Malamar, M|
|poke|p1|Ursaluna, F|
|poke|p1|Cresselia, F|
|poke|p2|Corviknight, M|
|poke|p2|Salazzle, F|
|poke|p2|Goodra, M|
|poke|p2|Meowscarada, F|
|poke|p2|Blaziken, F|
|poke|p2|Garganacl, F|
|teampreview
|inactive|Battle timer is ON: inactive players will automatically lose when time's up. (requested by noon tide pearl)
|
|t:|1759053394
|teamsize|p1|6
|teamsize|p2|6
|start
|switch|p1a: Porygon2|Porygon2|100/100
|switch|p2a: A Lipstick Les|Salazzle, F|100/100
|-item|p2a: A Lipstick Les|Air Balloon
|-ability|p1a: Porygon2|Download|boost
|-boost|p1a: Porygon2|atk|1
|turn|1
|l|☆noon tide pearl
|inactive|noon tide pearl disconnected and has a minute to reconnect!
|player|p1|
|j|☆noon tide pearl
|inactive|noon tide pearl reconnected and has 120 seconds left.
|player|p1|noon tide pearl|shadowtriad|
|
|t:|1759053430
|move|p2a: A Lipstick Les|Toxic|p1a: Porygon2
|-status|p1a: Porygon2|tox
|move|p1a: Porygon2|Trick Room|p1a: Porygon2
|-fieldstart|move: Trick Room|[of] p1a: Porygon2
|
|-damage|p1a: Porygon2|94/100 tox|[from] psn
|upkeep
|turn|2
|
|t:|1759053455
|move|p1a: Porygon2|Hyper Beam|p2a: A Lipstick Les|[miss]
|-miss|p1a: Porygon2|p2a: A Lipstick Les
|move|p2a: A Lipstick Les|Toxic|p1a: Porygon2
|-fail|p1a: Porygon2|tox
|
|-damage|p1a: Porygon2|82/100 tox|[from] psn
|upkeep
|turn|3
|
|t:|1759053460
|switch|p2a: The Group Hag|Goodra, M|100/100
|move|p1a: Porygon2|Hyper Beam|p2a: The Group Hag
|-damage|p2a: The Group Hag|79/100
|-mustrecharge|p1a: Porygon2
|
|-damage|p1a: Porygon2|64/100 tox|[from] psn
|upkeep
|turn|4
|
|t:|1759053464
|cant|p1a: Porygon2|recharge
|move|p2a: The Group Hag|Ice Beam|p1a: Porygon2
|-crit|p1a: Porygon2
|-damage|p1a: Porygon2|37/100 tox
|
|-damage|p1a: Porygon2|12/100 tox|[from] psn
|upkeep
|turn|5
|
|t:|1759053473
|move|p1a: Porygon2|Ice Beam|p2a: The Group Hag
|-supereffective|p2a: The Group Hag
|-damage|p2a: The Group Hag|63/100
|move|p2a: The Group Hag|Thunderbolt|p1a: Porygon2
|-damage|p1a: Porygon2|0 fnt
|faint|p1a: Porygon2
|
|-fieldend|move: Trick Room
|upkeep
|
|t:|1759053481
|switch|p1a: Hatterene|Hatterene, F|100/100
|turn|6
|
|t:|1759053483
|move|p2a: The Group Hag|Sludge Bomb|p1a: Hatterene
|-supereffective|p1a: Hatterene
|-damage|p1a: Hatterene|37/100
|move|p1a: Hatterene|Trick Room|p1a: Hatterene
|-fieldstart|move: Trick Room|[of] p1a: Hatterene
|
|-heal|p1a: Hatterene|43/100|[from] item: Leftovers
|upkeep
|turn|7
|
|t:|1759053491
|move|p1a: Hatterene|Psychic|p2a: The Group Hag
|-damage|p2a: The Group Hag|41/100
|move|p2a: The Group Hag|Sludge Bomb|p1a: Hatterene
|-supereffective|p1a: Hatterene
|-damage|p1a: Hatterene|0 fnt
|faint|p1a: Hatterene
|
|upkeep
|
|t:|1759053494
|switch|p1a: Ursaluna|Ursaluna, F, shiny|100/100
|turn|8
|
|t:|1759053498
|move|p1a: Ursaluna|Facade|p2a: The Group Hag
|-damage|p2a: The Group Hag|0 fnt
|faint|p2a: The Group Hag
|
|-status|p1a: Ursaluna|brn|[from] item: Flame Orb
|upkeep
|
|t:|1759053509
|switch|p2a: A 5'11" Twunk|Blaziken, F|100/100
|turn|9
|
|t:|1759053514
|move|p2a: A 5'11" Twunk|Protect|p2a: A 5'11" Twunk
|-singleturn|p2a: A 5'11" Twunk|Protect
|move|p1a: Ursaluna|Facade|p2a: A 5'11" Twunk
|-activate|p2a: A 5'11" Twunk|move: Protect
|
|-damage|p1a: Ursaluna|94/100 brn|[from] brn
|-ability|p2a: A 5'11" Twunk|Speed Boost|boost
|-boost|p2a: A 5'11" Twunk|spe|1
|upkeep
|turn|10
|
|t:|1759053524
|move|p1a: Ursaluna|Facade|p2a: A 5'11" Twunk
|-enditem|p2a: A 5'11" Twunk|Focus Sash
|-damage|p2a: A 5'11" Twunk|1/100
|move|p2a: A 5'11" Twunk|Swords Dance|p2a: A 5'11" Twunk
|-boost|p2a: A 5'11" Twunk|atk|2
|
|-damage|p1a: Ursaluna|88/100 brn|[from] brn
|-fieldend|move: Trick Room
|-ability|p2a: A 5'11" Twunk|Speed Boost|boost
|-boost|p2a: A 5'11" Twunk|spe|1
|upkeep
|turn|11
|
|t:|1759053534
|move|p1a: Ursaluna|Protect|p1a: Ursaluna
|-singleturn|p1a: Ursaluna|Protect
|move|p2a: A 5'11" Twunk|Close Combat|p1a: Ursaluna
|-activate|p1a: Ursaluna|move: Protect
|
|-damage|p1a: Ursaluna|82/100 brn|[from] brn
|-ability|p2a: A 5'11" Twunk|Speed Boost|boost
|-boost|p2a: A 5'11" Twunk|spe|1
|upkeep
|turn|12
|
|t:|1759053547
|move|p2a: A 5'11" Twunk|Close Combat|p1a: Ursaluna
|-supereffective|p1a: Ursaluna
|-damage|p1a: Ursaluna|0 fnt
|-unboost|p2a: A 5'11" Twunk|def|1
|-unboost|p2a: A 5'11" Twunk|spd|1
|faint|p1a: Ursaluna
|
|-ability|p2a: A 5'11" Twunk|Speed Boost|boost
|-boost|p2a: A 5'11" Twunk|spe|1
|upkeep
|
|t:|1759053551
|switch|p1a: Cresselia|Cresselia, F|100/100
|turn|13
|
|t:|1759053563
|move|p2a: A 5'11" Twunk|Close Combat|p1a: Cresselia
|-resisted|p1a: Cresselia
|-crit|p1a: Cresselia
|-damage|p1a: Cresselia|51/100
|-unboost|p2a: A 5'11" Twunk|def|1
|-unboost|p2a: A 5'11" Twunk|spd|1
|move|p1a: Cresselia|Trick Room|p1a: Cresselia
|-fieldstart|move: Trick Room|[of] p1a: Cresselia
|
|-ability|p2a: A 5'11" Twunk|Speed Boost|boost
|-boost|p2a: A 5'11" Twunk|spe|1
|upkeep
|turn|14
|
|t:|1759053567
|move|p1a: Cresselia|Moonblast|p2a: A 5'11" Twunk
|-damage|p2a: A 5'11" Twunk|0 fnt
|faint|p2a: A 5'11" Twunk
|
|upkeep
|
|t:|1759053579
|switch|p2a: A 6'2" Bear|Garganacl, F, shiny|100/100
|turn|15
|
|t:|1759053586
|switch|p1a: Torkoal|Torkoal, F|100/100
|-weather|SunnyDay|[from] ability: Drought|[of] p1a: Torkoal
|move|p2a: A 6'2" Bear|Salt Cure|p1a: Torkoal
|-supereffective|p1a: Torkoal
|-damage|p1a: Torkoal|80/100
|-start|p1a: Torkoal|Salt Cure
|
|-weather|SunnyDay|[upkeep]
|-damage|p1a: Torkoal|67/100|[from] Salt Cure
|upkeep
|turn|16
|
|t:|1759053595
|move|p1a: Torkoal|Earth Power|p2a: A 6'2" Bear
|-supereffective|p2a: A 6'2" Bear
|-damage|p2a: A 6'2" Bear|40/100
|move|p2a: A 6'2" Bear|Iron Defense|p2a: A 6'2" Bear
|-boost|p2a: A 6'2" Bear|def|2
|
|-weather|SunnyDay|[upkeep]
|-heal|p2a: A 6'2" Bear|46/100|[from] item: Leftovers
|-damage|p1a: Torkoal|55/100|[from] Salt Cure
|upkeep
|turn|17
|
|t:|1759053604
|move|p2a: A 6'2" Bear|Protect|p2a: A 6'2" Bear
|-singleturn|p2a: A 6'2" Bear|Protect
|move|p1a: Torkoal|Earth Power|p2a: A 6'2" Bear
|-activate|p2a: A 6'2" Bear|move: Protect
|
|-weather|SunnyDay|[upkeep]
|-heal|p2a: A 6'2" Bear|52/100|[from] item: Leftovers
|-damage|p1a: Torkoal|42/100|[from] Salt Cure
|-fieldend|move: Trick Room
|upkeep
|turn|18
|
|t:|1759053619
|switch|p2a: A Lipstick Les|Salazzle, F|100/100
|-item|p2a: A Lipstick Les|Air Balloon
|move|p1a: Torkoal|Earth Power|p2a: A Lipstick Les
|-immune|p2a: A Lipstick Les
|
|-weather|SunnyDay|[upkeep]
|-damage|p1a: Torkoal|30/100|[from] Salt Cure
|upkeep
|turn|19
|
|t:|1759053623
|switch|p1a: Cresselia|Cresselia, F|51/100
|move|p2a: A Lipstick Les|Sludge Bomb|p1a: Cresselia
|-damage|p1a: Cresselia|22/100
|
|-weather|none
|upkeep
|turn|20
|
|t:|1759053628
|move|p2a: A Lipstick Les|Sludge Bomb|p1a: Cresselia
|-damage|p1a: Cresselia|0 fnt
|faint|p1a: Cresselia
|
|upkeep
|
|t:|1759053631
|switch|p1a: Torkoal|Torkoal, F|30/100
|-weather|SunnyDay|[from] ability: Drought|[of] p1a: Torkoal
|turn|21
|
|t:|1759053635
|move|p2a: A Lipstick Les|Sludge Bomb|p1a: Torkoal
|-damage|p1a: Torkoal|0 fnt
|faint|p1a: Torkoal
|
|-weather|SunnyDay|[upkeep]
|upkeep
|-message|noon tide pearl forfeited.
|
|win|a twink on prep
|raw|noon tide pearl's rating: 1313 &rarr; <strong>1294</strong><br />(-19 for losing)
|raw|a twink on prep's rating: 1332 &rarr; <strong>1351</strong><br />(+19 for winning)
|l|☆noon tide pearl
|player|p1|
|l|☆a twink on prep
|player|p2|
