|j|☆Messibelino
|j|☆Simisear's#1fan
|t:|1758933830
|gametype|singles
|player|p1|Messibelino|buck|1243
|player|p2|Simisear's#1fan|cynthia-gen4|1325
|gen|9
|tier|[Gen 9] OU
|rated|
|rule|HP Percentage Mod: HP is shown in percentages
|rule|Endless Battle Clause: Forcing endless battles is banned
|rule|Species Clause: Limit one of each Pokémon
|rule|OHKO Clause: OHKO moves are banned
|rule|Evasion Items Clause: Evasion items are banned
|rule|Evasion Moves Clause: Evasion moves are banned
|rule|Evasion Abilities Clause: Evasion abilities are banned
|rule|Sleep Moves Clause: Sleep-inducing moves are banned
|clearpoke
|poke|p1|Dragonite, M|
|poke|p1|Feraligatr, M|
|poke|p1|Ampharos, M|
|poke|p1|Sceptile, M|
|poke|p1|Weavile, M|
|poke|p1|Infernape, M|
|poke|p2|Araquanid, F|
|poke|p2|Lycanroc-Dusk, M|
|poke|p2|Thundurus-Therian, M|
|poke|p2|Weezing-Galar, F|
|poke|p2|Gholdengo|
|poke|p2|Samurott-Hisui, F|
|teampreview
|
|t:|1758933837
|teamsize|p1|6
|teamsize|p2|6
|start
|switch|p1a: Sceptile|Sceptile, M|100/100
|switch|p2a: Araquanid|Araquanid, F|100/100
|turn|1
|
|t:|1758933843
|move|p1a: Sceptile|Solar Blade||[still]
|-prepare|p1a: Sceptile|Solar Blade
|-enditem|p1a: Sceptile|Power Herb
|-anim|p1a: Sceptile|Solar Blade|p2a: Araquanid
|-damage|p2a: Araquanid|45/100
|move|p2a: Araquanid|Sticky Web|p1a: Sceptile
|-sidestart|p1: Messibelino|move: Sticky Web
|
|upkeep
|turn|2
|
|t:|1758933851
|-terastallize|p1a: Sceptile|Dragon
|move|p1a: Sceptile|Swords Dance|p1a: Sceptile
|-boost|p1a: Sceptile|atk|2
|move|p2a: Araquanid|Endeavor|p1a: Sceptile
|-damage|p1a: Sceptile|54/100
|
|upkeep
|turn|3
|
|t:|1758933859
|move|p1a: Sceptile|Leaf Blade|p2a: Araquanid
|-damage|p2a: Araquanid|0 fnt
|faint|p2a: Araquanid
|
|upkeep
|
|t:|1758933866
|switch|p2a: Weezing|Weezing-Galar, F|100/100
|-fieldstart|move: Misty Terrain|[from] ability: Misty Surge|[of] p2a: Weezing
|turn|4
|
|t:|1758933876
|move|p1a: Sceptile|Leaf Blade|p2a: Weezing
|-resisted|p2a: Weezing
|-damage|p2a: Weezing|64/100
|move|p2a: Weezing|Strange Steam|p1a: Sceptile
|-supereffective|p1a: Sceptile
|-damage|p1a: Sceptile|0 fnt
|faint|p1a: Sceptile
|
|upkeep
|
|t:|1758933884
|switch|p1a: Dragonite|Dragonite, M|100/100
|turn|5
|
|t:|1758933887
|move|p1a: Dragonite|Dragon Dance|p1a: Dragonite
|-boost|p1a: Dragonite|atk|1
|-boost|p1a: Dragonite|spe|1
|move|p2a: Weezing|Misty Explosion|p1a: Dragonite
|-supereffective|p1a: Dragonite
|-damage|p1a: Dragonite|29/100
|-enditem|p1a: Dragonite|Weakness Policy
|-boost|p1a: Dragonite|atk|2|[from] item: Weakness Policy
|-boost|p1a: Dragonite|spa|2|[from] item: Weakness Policy
|faint|p2a: Weezing
|
|upkeep
|
|t:|1758933899
|switch|p2a: Lycanroc|Lycanroc-Dusk, M|100/100
|turn|6
|
|t:|1758933910
|move|p1a: Dragonite|Extreme Speed|p2a: Lycanroc
|-resisted|p2a: Lycanroc
|-damage|p2a: Lycanroc|41/100
|move|p2a: Lycanroc|Accelerock|p1a: Dragonite
|-supereffective|p1a: Dragonite
|-damage|p1a: Dragonite|0 fnt
|faint|p1a: Dragonite
|-damage|p2a: Lycanroc|31/100|[from] item: Life Orb
|
|upkeep
|
|t:|1758933919
|switch|p1a: Infernape|Infernape, M|100/100
|-activate|p1a: Infernape|move: Sticky Web
|-unboost|p1a: Infernape|spe|1
|turn|7
|
|t:|1758933922
|move|p1a: Infernape|Vacuum Wave|p2a: Lycanroc
|-supereffective|p2a: Lycanroc
|-damage|p2a: Lycanroc|0 fnt
|faint|p2a: Lycanroc
|-damage|p1a: Infernape|91/100|[from] item: Life Orb
|
|upkeep
|
|t:|1758933927
|switch|p2a: Thundurus|Thundurus-Therian, M|100/100
|turn|8
|
|t:|1758933935
|-terastallize|p2a: Thundurus|Flying
|move|p2a: Thundurus|Tera Blast|p1a: Infernape|[anim] Tera Blast Flying
|-supereffective|p1a: Infernape
|-crit|p1a: Infernape
|-damage|p1a: Infernape|0 fnt
|faint|p1a: Infernape
|
|upkeep
|
|t:|1758933943
|switch|p1a: Ampharos|Ampharos, M|100/100
|-activate|p1a: Ampharos|move: Sticky Web
|-unboost|p1a: Ampharos|spe|1
|turn|9
|
|t:|1758933953
|move|p2a: Thundurus|Tera Blast|p1a: Ampharos|[anim] Tera Blast Flying
|-resisted|p1a: Ampharos
|-damage|p1a: Ampharos|73/100
|move|p1a: Ampharos|Dazzling Gleam|p2a: Thundurus
|-damage|p2a: Thundurus|63/100
|
|upkeep
|turn|10
|
|t:|1758933959
|move|p2a: Thundurus|Tera Blast|p1a: Ampharos|[anim] Tera Blast Flying
|-resisted|p1a: Ampharos
|-damage|p1a: Ampharos|46/100
|move|p1a: Ampharos|Dazzling Gleam|p2a: Thundurus
|-damage|p2a: Thundurus|22/100
|
|upkeep
|turn|11
|
|t:|1758933965
|switch|p2a: Gholdengo|Gholdengo|100/100
|-item|p2a: Gholdengo|Air Balloon
|move|p1a: Ampharos|Dazzling Gleam|p2a: Gholdengo
|-resisted|p2a: Gholdengo
|-damage|p2a: Gholdengo|85/100
|-enditem|p2a: Gholdengo|Air Balloon
|
|-fieldend|Misty Terrain
|upkeep
|turn|12
|
|t:|1758933975
|move|p2a: Gholdengo|Psyshock|p1a: Ampharos
|-damage|p1a: Ampharos|19/100
|move|p1a: Ampharos|Thunderbolt|p2a: Gholdengo
|-damage|p2a: Gholdengo|31/100
|
|upkeep
|turn|13
|
|t:|1758933980
|move|p2a: Gholdengo|Shadow Ball|p1a: Ampharos
|-damage|p1a: Ampharos|0 fnt
|faint|p1a: Ampharos
|
|upkeep
|
|t:|1758933998
|switch|p1a: Feraligatr|Feraligatr, M|100/100
|-activate|p1a: Feraligatr|move: Sticky Web
|-unboost|p1a: Feraligatr|spe|1
|turn|14
|
|t:|1758934004
|move|p2a: Gholdengo|Shadow Ball|p1a: Feraligatr
|-damage|p1a: Feraligatr|46/100
|move|p1a: Feraligatr|Dragon Dance|p1a: Feraligatr
|-boost|p1a: Feraligatr|atk|1
|-boost|p1a: Feraligatr|spe|1
|
|upkeep
|turn|15
|
|t:|1758934010
|move|p2a: Gholdengo|Shadow Ball|p1a: Feraligatr
|-damage|p1a: Feraligatr|0 fnt
|faint|p1a: Feraligatr
|
|upkeep
|
|t:|1758934014
|switch|p1a: Weavile|Weavile, M|100/100
|-activate|p1a: Weavile|move: Sticky Web
|-unboost|p1a: Weavile|spe|1
|-ability|p1a: Weavile|Pressure
|turn|16
|
|t:|1758934023
|move|p2a: Gholdengo|Make It Rain|p1a: Weavile
|-supereffective|p1a: Weavile
|-enditem|p1a: Weavile|Focus Sash
|-damage|p1a: Weavile|1/100
|-unboost|p2a: Gholdengo|spa|1
|move|p1a: Weavile|Swords Dance|p1a: Weavile
|-boost|p1a: Weavile|atk|2
|
|upkeep
|turn|17
|
|t:|1758934031
|move|p1a: Weavile|Ice Shard|p2a: Gholdengo
|-resisted|p2a: Gholdengo
|-damage|p2a: Gholdengo|9/100
|move|p2a: Gholdengo|Make It Rain|p1a: Weavile
|-supereffective|p1a: Weavile
|-damage|p1a: Weavile|0 fnt
|-unboost|p2a: Gholdengo|spa|1
|faint|p1a: Weavile
|
|win|Simisear's#1fan
|raw|Messibelino's rating: 1243 &rarr; <strong>1224</strong><br />(-19 for losing)
|raw|Simisear&apos;s#1fan's rating: 1325 &rarr; <strong>1340</strong><br />(+15 for winning)
|l|☆Simisear's#1fan
|player|p2|
|l|☆Messibelino
|player|p1|
