|j|☆PapsIGuess31
|j|☆Shimeon91
|t:|1759057620
|gametype|singles
|player|p1|PapsIGuess31|ingo|1306
|player|p2|Shimeon91|169|1317
|gen|9
|tier|[Gen 9] OU
|rated|
|rule|HP Percentage Mod: HP is shown in percentages
|rule|Endless Battle Clause: Forcing endless battles is banned
|rule|Species Clause: Limit one of each Pokémon
|rule|OHKO Clause: OHKO moves are banned
|rule|Evasion Items Clause: Evasion items are banned
|rule|Evasion Moves Clause: Evasion moves are banned
|rule|Evasion Abilities Clause: Evasion abilities are banned
|rule|Sleep Moves Clause: Sleep-inducing moves are banned
|clearpoke
|poke|p1|Hydrapple, M|
|poke|p1|Dragapult, M|
|poke|p1|Tinkaton, F|
|poke|p1|Blaziken, M|
|poke|p1|Oricorio-Pom-Pom, M|
|poke|p1|Crawdaunt, M|
|poke|p2|Cetitan, F|
|poke|p2|Infernape, M|
|poke|p2|Pecharunt|
|poke|p2|Toxicroak, M|
|poke|p2|Slowking-Galar, M|
|poke|p2|Glimmora, F|
|teampreview
|c|☆PapsIGuess31|glhf!
|inactive|Battle timer is ON: inactive players will automatically lose when time's up. (requested by Shimeon91)
|l|☆Shimeon91
|inactive|Shimeon91 disconnected and has a minute to reconnect!
|player|p2|
|j|☆Shimeon91
|inactive|Shimeon91 reconnected and has 130 seconds left.
|player|p2|Shimeon91|169|
|
|t:|1759057649
|teamsize|p1|6
|teamsize|p2|6
|start
|switch|p1a: Hydrapple|Hydrapple, M, shiny|100/100
|switch|p2a: Infernape|Infernape, M|100/100
|turn|1
|
|t:|1759057666
|switch|p2a: Slowking|Slowking-Galar, M|100/100
|move|p1a: Hydrapple|Earth Power|p2a: Slowking
|-supereffective|p2a: Slowking
|-damage|p2a: Slowking|73/100
|
|upkeep
|turn|2
|
|t:|1759057673
|move|p1a: Hydrapple|Nasty Plot|p1a: Hydrapple
|-boost|p1a: Hydrapple|spa|2
|-prepare|p2a: Slowking|Chilly Reception|[premajor]
|move|p2a: Slowking|Chilly Reception|p2a: Slowking
|-weather|Snowscape
|
|t:|1759057680
|switch|p2a: Cetitan|Cetitan, F, shiny|100/100|[from] Chilly Reception
|
|-weather|Snowscape|[upkeep]
|upkeep
|turn|3
|
|t:|1759057686
|-terastallize|p1a: Hydrapple|Steel
|move|p2a: Cetitan|Ice Spinner|p1a: Hydrapple
|-resisted|p1a: Hydrapple
|-damage|p1a: Hydrapple|86/100
|move|p1a: Hydrapple|Giga Drain|p2a: Cetitan
|-damage|p2a: Cetitan|36/100
|-heal|p1a: Hydrapple|100/100|[from] drain|[of] p2a: Cetitan
|
|-weather|Snowscape|[upkeep]
|upkeep
|turn|4
|
|t:|1759057701
|move|p2a: Cetitan|Superpower|p1a: Hydrapple
|-supereffective|p1a: Hydrapple
|-damage|p1a: Hydrapple|37/100
|-unboost|p2a: Cetitan|atk|1
|-unboost|p2a: Cetitan|def|1
|move|p1a: Hydrapple|Giga Drain|p2a: Cetitan
|-damage|p2a: Cetitan|0 fnt
|-heal|p1a: Hydrapple|58/100|[from] drain|[of] p2a: Cetitan
|faint|p2a: Cetitan
|
|-weather|Snowscape|[upkeep]
|-heal|p1a: Hydrapple|64/100|[from] item: Leftovers
|upkeep
|
|t:|1759057714
|switch|p2a: Toxicroak|Toxicroak, M|100/100
|-item|p2a: Toxicroak|Air Balloon
|turn|5
|
|t:|1759057721
|switch|p1a: Tinkaton|Tinkaton, F|100/100
|-ability|p1a: Tinkaton|Mold Breaker
|-item|p1a: Tinkaton|Air Balloon
|move|p2a: Toxicroak|Close Combat|p1a: Tinkaton
|-damage|p1a: Tinkaton|57/100
|-unboost|p2a: Toxicroak|def|1
|-unboost|p2a: Toxicroak|spd|1
|-enditem|p1a: Tinkaton|Air Balloon
|
|-weather|Snowscape|[upkeep]
|upkeep
|turn|6
|l|☆Shimeon91
|inactive|Shimeon91 disconnected and has a minute to reconnect!
|player|p2|
|j|☆Shimeon91
|inactive|Shimeon91 reconnected and has 130 seconds left.
|player|p2|Shimeon91|169|
|
|t:|1759057743
|switch|p2a: Pecharunt|Pecharunt|100/100
|move|p1a: Tinkaton|Thunder Wave|p2a: Pecharunt
|-status|p2a: Pecharunt|par
|
|-weather|none
|upkeep
|turn|7
|
|t:|1759057750
|move|p1a: Tinkaton|Knock Off|p2a: Pecharunt
|-supereffective|p2a: Pecharunt
|-damage|p2a: Pecharunt|85/100 par
|-enditem|p2a: Pecharunt|Heavy-Duty Boots|[from] move: Knock Off|[of] p1a: Tinkaton
|cant|p2a: Pecharunt|par
|
|upkeep
|turn|8
|
|t:|1759057757
|move|p1a: Tinkaton|Stealth Rock|p2a: Pecharunt
|-sidestart|p2: Shimeon91|move: Stealth Rock
|move|p2a: Pecharunt|Shadow Ball|p1a: Tinkaton
|-damage|p1a: Tinkaton|37/100
|
|upkeep
|turn|9
|
|t:|1759057763
|move|p1a: Tinkaton|Knock Off|p2a: Pecharunt
|-supereffective|p2a: Pecharunt
|-damage|p2a: Pecharunt|73/100 par
|move|p2a: Pecharunt|Parting Shot|p1a: Tinkaton
|-unboost|p1a: Tinkaton|atk|1
|-unboost|p1a: Tinkaton|spa|1
|
|t:|1759057769
|switch|p2a: Infernape|Infernape, M|100/100|[from] Parting Shot
|
|upkeep
|turn|10
|
|t:|1759057776
|switch|p1a: Dragapult|Dragapult, M|100/100
|move|p2a: Infernape|Flamethrower|p1a: Dragapult
|-resisted|p1a: Dragapult
|-damage|p1a: Dragapult|72/100
|
|upkeep
|turn|11
|
|t:|1759057783
|switch|p2a: Slowking|Slowking-Galar, M|100/100
|move|p1a: Dragapult|Dragon Dance|p1a: Dragapult
|-boost|p1a: Dragapult|atk|1
|-boost|p1a: Dragapult|spe|1
|
|upkeep
|turn|12
|
|t:|1759057790
|-terastallize|p2a: Slowking|Fairy
|move|p1a: Dragapult|Phantom Force||[still]
|-prepare|p1a: Dragapult|Phantom Force
|move|p2a: Slowking|Future Sight|p1a: Dragapult
|-start|p2a: Slowking|move: Future Sight
|
|upkeep
|turn|13
|
|t:|1759057801
|move|p1a: Dragapult|Phantom Force|p2a: Slowking|[from] lockedmove
|-damage|p2a: Slowking|6/100
|-damage|p1a: Dragapult|63/100|[from] item: Life Orb
|move|p2a: Slowking|Thunder Wave|p1a: Dragapult
|-status|p1a: Dragapult|par
|
|upkeep
|turn|14
|
|t:|1759057809
|move|p1a: Dragapult|Phantom Force||[still]
|-prepare|p1a: Dragapult|Phantom Force
|-prepare|p2a: Slowking|Chilly Reception|[premajor]
|move|p2a: Slowking|Chilly Reception|p2a: Slowking
|-weather|Snowscape
|
|t:|1759057820
|switch|p2a: Pecharunt|Pecharunt|73/100 par|[from] Chilly Reception
|-damage|p2a: Pecharunt|61/100 par|[from] Stealth Rock
|
|-weather|Snowscape|[upkeep]
|-end|p1a: Dragapult|move: Future Sight
|-miss|p2: Slowking|p1a: Dragapult
|upkeep
|turn|15
|
|t:|1759057829
|cant|p1a: Dragapult|par
|move|p2a: Pecharunt|Recover|p2a: Pecharunt
|-heal|p2a: Pecharunt|100/100 par
|
|-weather|Snowscape|[upkeep]
|upkeep
|turn|16
|
|t:|1759057836
|move|p1a: Dragapult|Phantom Force||[still]
|-prepare|p1a: Dragapult|Phantom Force
|move|p2a: Pecharunt|Parting Shot|p1a: Dragapult|[miss]
|-miss|p2a: Pecharunt|p1a: Dragapult
|
|-weather|Snowscape|[upkeep]
|upkeep
|turn|17
|
|t:|1759057845
|move|p1a: Dragapult|Phantom Force|p2a: Pecharunt|[from] lockedmove
|-supereffective|p2a: Pecharunt
|-damage|p2a: Pecharunt|12/100 par
|-damage|p1a: Dragapult|53/100 par|[from] item: Life Orb
|move|p2a: Pecharunt|Shadow Ball|p1a: Dragapult
|-supereffective|p1a: Dragapult
|-damage|p1a: Dragapult|0 fnt
|faint|p1a: Dragapult
|
|-weather|Snowscape|[upkeep]
|upkeep
|
|t:|1759057853
|switch|p1a: Blaziken|Blaziken, M|100/100
|turn|18
|
|t:|1759057858
|move|p1a: Blaziken|Protect|p1a: Blaziken
|-singleturn|p1a: Blaziken|Protect
|move|p2a: Pecharunt|Malignant Chain|p1a: Blaziken
|-activate|p1a: Blaziken|move: Protect
|
|-weather|none
|-ability|p1a: Blaziken|Speed Boost|boost
|-boost|p1a: Blaziken|spe|1
|upkeep
|turn|19
|
|t:|1759057867
|move|p1a: Blaziken|Blaze Kick|p2a: Pecharunt
|-damage|p2a: Pecharunt|0 fnt
|faint|p2a: Pecharunt
|
|-ability|p1a: Blaziken|Speed Boost|boost
|-boost|p1a: Blaziken|spe|1
|upkeep
|
|t:|1759057874
|switch|p2a: Glimmora|Glimmora, F|100/100
|-damage|p2a: Glimmora|88/100|[from] Stealth Rock
|turn|20
|
|t:|1759057878
|move|p1a: Blaziken|Swords Dance|p1a: Blaziken
|-boost|p1a: Blaziken|atk|2
|move|p2a: Glimmora|Earth Power|p1a: Blaziken
|-supereffective|p1a: Blaziken
|-damage|p1a: Blaziken|6/100
|
|-ability|p1a: Blaziken|Speed Boost|boost
|-boost|p1a: Blaziken|spe|1
|upkeep
|turn|21
|
|t:|1759057887
|move|p1a: Blaziken|Brick Break|p2a: Glimmora
|-damage|p2a: Glimmora|0 fnt
|-activate|p2a: Glimmora|ability: Toxic Debris
|-sidestart|p1: PapsIGuess31|move: Toxic Spikes
|faint|p2a: Glimmora
|
|-ability|p1a: Blaziken|Speed Boost|boost
|-boost|p1a: Blaziken|spe|1
|upkeep
|
|t:|1759057896
|switch|p2a: Infernape|Infernape, M|100/100
|turn|22
|
|t:|1759057901
|move|p2a: Infernape|Vacuum Wave|p1a: Blaziken
|-damage|p1a: Blaziken|0 fnt
|faint|p1a: Blaziken
|
|upkeep
|
|t:|1759057906
|switch|p1a: Crawdaunt|Crawdaunt, M|100/100
|-status|p1a: Crawdaunt|psn
|turn|23
|
|t:|1759057911
|switch|p2a: Toxicroak|Toxicroak, M|100/100
|-damage|p2a: Toxicroak|94/100|[from] Stealth Rock
|-item|p2a: Toxicroak|Air Balloon
|move|p1a: Crawdaunt|Aqua Jet|p2a: Toxicroak
|-heal|p2a: Toxicroak|100/100|[from] ability: Dry Skin|[of] p1a: Crawdaunt
|
|-damage|p1a: Crawdaunt|88/100 psn|[from] psn
|upkeep
|turn|24
|
|t:|1759057923
|switch|p1a: Oricorio|Oricorio-Pom-Pom, M|100/100
|move|p2a: Toxicroak|Close Combat|p1a: Oricorio
|-resisted|p1a: Oricorio
|-damage|p1a: Oricorio|77/100
|-unboost|p2a: Toxicroak|def|1
|-unboost|p2a: Toxicroak|spd|1
|
|-heal|p1a: Oricorio|83/100|[from] item: Leftovers
|upkeep
|turn|25
|
|t:|1759057934
|switch|p2a: Slowking|Slowking-Galar, M, tera:Fairy|39/100
|move|p1a: Oricorio|Quiver Dance|p1a: Oricorio
|-boost|p1a: Oricorio|spa|1
|-boost|p1a: Oricorio|spd|1
|-boost|p1a: Oricorio|spe|1
|
|-heal|p1a: Oricorio|89/100|[from] item: Leftovers
|upkeep
|turn|26
|
|t:|1759057947
|move|p1a: Oricorio|Revelation Dance|p2a: Slowking
|-damage|p2a: Slowking|11/100
|move|p2a: Slowking|Sludge Bomb|p1a: Oricorio
|-crit|p1a: Oricorio
|-damage|p1a: Oricorio|26/100
|
|-heal|p1a: Oricorio|32/100|[from] item: Leftovers
|upkeep
|turn|27
|
|t:|1759057961
|switch|p2a: Infernape|Infernape, M|100/100
|move|p1a: Oricorio|Roost|p1a: Oricorio
|-heal|p1a: Oricorio|82/100
|-singleturn|p1a: Oricorio|move: Roost
|
|-heal|p1a: Oricorio|89/100|[from] item: Leftovers
|upkeep
|turn|28
|
|t:|1759057970
|move|p2a: Infernape|Flamethrower|p1a: Oricorio
|-damage|p1a: Oricorio|56/100
|move|p1a: Oricorio|Quiver Dance|p1a: Oricorio
|-boost|p1a: Oricorio|spa|1
|-boost|p1a: Oricorio|spd|1
|-boost|p1a: Oricorio|spe|1
|
|-heal|p1a: Oricorio|62/100|[from] item: Leftovers
|upkeep
|turn|29
|
|t:|1759057979
|move|p1a: Oricorio|Air Slash|p2a: Infernape
|-supereffective|p2a: Infernape
|-damage|p2a: Infernape|0 fnt
|faint|p2a: Infernape
|
|-heal|p1a: Oricorio|68/100|[from] item: Leftovers
|upkeep
|
|t:|1759057987
|switch|p2a: Slowking|Slowking-Galar, M, tera:Fairy|44/100
|turn|30
|-message|Shimeon91 forfeited.
|
|win|PapsIGuess31
|raw|PapsIGuess31's rating: 1306 &rarr; <strong>1327</strong><br />(+21 for winning)
|raw|Shimeon91's rating: 1317 &rarr; <strong>1296</strong><br />(-21 for losing)
|l|☆Shimeon91
|player|p2|
|l|☆PapsIGuess31
|player|p1|
