|j|☆KalebeXzin
|j|☆zeucros12
|t:|1759058026
|gametype|singles
|player|p1|KalebeXzin|red|1119
|player|p2|zeucros12|266|1116
|gen|9
|tier|[Gen 9] OU
|rated|
|rule|HP Percentage Mod: HP is shown in percentages
|rule|Endless Battle Clause: Forcing endless battles is banned
|rule|Species Clause: Limit one of each Pokémon
|rule|OHKO Clause: OHKO moves are banned
|rule|Evasion Items Clause: Evasion items are banned
|rule|Evasion Moves Clause: Evasion moves are banned
|rule|Evasion Abilities Clause: Evasion abilities are banned
|rule|Sleep Moves Clause: Sleep-inducing moves are banned
|clearpoke
|poke|p1|Tyranitar, M|
|poke|p1|Garchomp, M|
|poke|p1|Heatran, M|
|poke|p1|Scizor, F|
|poke|p1|Landorus-Therian, M|
|poke|p1|Gengar, M|
|poke|p2|Arcanine, F|
|poke|p2|Goodra-Hisui, F|
|poke|p2|Sylveon, F|
|poke|p2|Blastoise, F|
|poke|p2|Dragonite, F|
|poke|p2|Scrafty, M|
|teampreview
|
|t:|1759058035
|teamsize|p1|6
|teamsize|p2|6
|start
|switch|p1a: Tyranitar|Tyranitar, M|100/100
|switch|p2a: Scrafty|Scrafty, M|100/100
|-weather|Sandstorm|[from] ability: Sand Stream|[of] p1a: Tyranitar
|-ability|p2a: Scrafty|Intimidate|boost
|-unboost|p1a: Tyranitar|atk|1
|turn|1
|inactive|Battle timer is ON: inactive players will automatically lose when time's up. (requested by zeucros12)
|
|t:|1759058047
|move|p1a: Tyranitar|Dragon Dance|p1a: Tyranitar
|-boost|p1a: Tyranitar|atk|1
|-boost|p1a: Tyranitar|spe|1
|move|p2a: Scrafty|Drain Punch|p1a: Tyranitar
|-supereffective|p1a: Tyranitar
|-damage|p1a: Tyranitar|2/100
|-enditem|p1a: Tyranitar|Sitrus Berry|[eat]
|-heal|p1a: Tyranitar|27/100|[from] item: Sitrus Berry
|
|-weather|Sandstorm|[upkeep]
|-damage|p2a: Scrafty|95/100|[from] Sandstorm
|upkeep
|turn|2
|
|t:|1759058060
|move|p1a: Tyranitar|Earthquake|p2a: Scrafty
|-damage|p2a: Scrafty|58/100
|move|p2a: Scrafty|Drain Punch|p1a: Tyranitar
|-supereffective|p1a: Tyranitar
|-damage|p1a: Tyranitar|0 fnt
|-heal|p2a: Scrafty|75/100|[from] drain|[of] p1a: Tyranitar
|faint|p1a: Tyranitar
|
|-weather|Sandstorm|[upkeep]
|-damage|p2a: Scrafty|69/100|[from] Sandstorm
|upkeep
|
|t:|1759058072
|switch|p1a: Garchomp|Garchomp, M, shiny|100/100
|turn|3
|
|t:|1759058078
|move|p1a: Garchomp|Outrage|p2a: Scrafty
|-damage|p2a: Scrafty|0 fnt
|faint|p2a: Scrafty
|-damage|p1a: Garchomp|91/100|[from] item: Life Orb
|
|-weather|Sandstorm|[upkeep]
|upkeep
|
|t:|1759058088
|switch|p2a: Blastoise|Blastoise, F|100/100
|turn|4
|
|t:|1759058109
|move|p1a: Garchomp|Outrage|p2a: Blastoise|[from] lockedmove
|-damage|p2a: Blastoise|44/100
|-damage|p1a: Garchomp|81/100|[from] item: Life Orb
|move|p2a: Blastoise|Ice Beam|p1a: Garchomp
|-supereffective|p1a: Garchomp
|-damage|p1a: Garchomp|0 fnt
|faint|p1a: Garchomp
|
|-weather|Sandstorm|[upkeep]
|-damage|p2a: Blastoise|38/100|[from] Sandstorm
|upkeep
|
|t:|1759058122
|switch|p1a: Gengar|Gengar, M, shiny|100/100
|turn|5
|
|t:|1759058126
|move|p1a: Gengar|Shadow Ball|p2a: Blastoise
|-damage|p2a: Blastoise|12/100
|-unboost|p2a: Blastoise|spd|1
|move|p2a: Blastoise|Dark Pulse|p1a: Gengar
|-supereffective|p1a: Gengar
|-damage|p1a: Gengar|46/100
|-start|p2a: Blastoise|Disable|Dark Pulse|[from] ability: Cursed Body|[of] p1a: Gengar
|
|-weather|none
|-heal|p1a: Gengar|52/100|[from] item: Black Sludge
|upkeep
|turn|6
|
|t:|1759058139
|move|p1a: Gengar|Shadow Ball|p2a: Blastoise
|-damage|p2a: Blastoise|0 fnt
|faint|p2a: Blastoise
|
|-heal|p1a: Gengar|58/100|[from] item: Black Sludge
|upkeep
|
|t:|1759058149
|switch|p2a: Goodra|Goodra-Hisui, F, shiny|100/100
|turn|7
|
|t:|1759058154
|move|p1a: Gengar|Will-O-Wisp|p2a: Goodra
|-status|p2a: Goodra|brn
|move|p2a: Goodra|Knock Off|p1a: Gengar
|-supereffective|p1a: Gengar
|-damage|p1a: Gengar|6/100
|-start|p2a: Goodra|Disable|Knock Off|[from] ability: Cursed Body|[of] p1a: Gengar
|-enditem|p1a: Gengar|Black Sludge|[from] move: Knock Off|[of] p2a: Goodra
|
|-damage|p2a: Goodra|94/100 brn|[from] brn
|upkeep
|turn|8
|
|t:|1759058166
|move|p1a: Gengar|Shadow Ball|p2a: Goodra
|-damage|p2a: Goodra|68/100 brn
|move|p2a: Goodra|Iron Head|p1a: Gengar
|-damage|p1a: Gengar|0 fnt
|faint|p1a: Gengar
|
|-heal|p2a: Goodra|74/100 brn|[from] item: Leftovers
|-damage|p2a: Goodra|68/100 brn|[from] brn
|upkeep
|
|t:|1759058177
|switch|p1a: Heatran|Heatran, M, shiny|100/100
|-item|p1a: Heatran|Air Balloon
|turn|9
|
|t:|1759058183
|move|p1a: Heatran|Magma Storm|p2a: Goodra|[miss]
|-miss|p1a: Heatran|p2a: Goodra
|move|p2a: Goodra|Earthquake|p1a: Heatran
|-immune|p1a: Heatran
|
|-heal|p2a: Goodra|74/100 brn|[from] item: Leftovers
|-damage|p2a: Goodra|68/100 brn|[from] brn
|upkeep
|turn|10
|
|t:|1759058195
|move|p1a: Heatran|Magma Storm|p2a: Goodra
|-damage|p2a: Goodra|41/100 brn
|-activate|p2a: Goodra|move: Magma Storm|[of] p1a: Heatran
|move|p2a: Goodra|Dragon Tail|p1a: Heatran
|-resisted|p1a: Heatran
|-damage|p1a: Heatran|97/100
|-enditem|p1a: Heatran|Air Balloon
|drag|p1a: Scizor|Scizor, F|100/100
|
|-heal|p2a: Goodra|47/100 brn|[from] item: Leftovers
|-damage|p2a: Goodra|41/100 brn|[from] brn
|-end|p2a: Goodra|Magma Storm|[partiallytrapped]|[silent]
|-end|p2a: Goodra|Disable
|upkeep
|turn|11
|
|t:|1759058213
|move|p1a: Scizor|Bullet Punch|p2a: Goodra
|-resisted|p2a: Goodra
|-damage|p2a: Goodra|26/100 brn
|-damage|p1a: Scizor|91/100|[from] item: Life Orb
|move|p2a: Goodra|Knock Off|p1a: Scizor
|-damage|p1a: Scizor|75/100
|-enditem|p1a: Scizor|Life Orb|[from] move: Knock Off|[of] p2a: Goodra
|
|-heal|p2a: Goodra|32/100 brn|[from] item: Leftovers
|-damage|p2a: Goodra|26/100 brn|[from] brn
|upkeep
|turn|12
|
|t:|1759058225
|switch|p2a: Arcanine|Arcanine, F, shiny|100/100
|-ability|p2a: Arcanine|Intimidate|boost
|-unboost|p1a: Scizor|atk|1
|move|p1a: Scizor|X-Scissor|p2a: Arcanine
|-resisted|p2a: Arcanine
|-damage|p2a: Arcanine|90/100
|-damage|p1a: Scizor|58/100|[from] item: Rocky Helmet|[of] p2a: Arcanine
|
|upkeep
|turn|13
|
|t:|1759058237
|switch|p1a: Landorus|Landorus-Therian, M|100/100
|-ability|p1a: Landorus|Intimidate|boost
|-unboost|p2a: Arcanine|atk|1
|move|p2a: Arcanine|Flamethrower|p1a: Landorus
|-damage|p1a: Landorus|63/100
|
|upkeep
|turn|14
|
|t:|1759058247
|move|p1a: Landorus|Earthquake|p2a: Arcanine
|-supereffective|p2a: Arcanine
|-damage|p2a: Arcanine|0 fnt
|faint|p2a: Arcanine
|-damage|p1a: Landorus|53/100|[from] item: Life Orb
|
|upkeep
|
|t:|1759058257
|switch|p2a: Dragonite|Dragonite, F, shiny|100/100
|turn|15
|
|t:|1759058262
|move|p1a: Landorus|Rock Slide|p2a: Dragonite
|-supereffective|p2a: Dragonite
|-damage|p2a: Dragonite|70/100
|-damage|p1a: Landorus|43/100|[from] item: Life Orb
|cant|p2a: Dragonite|flinch
|
|-heal|p2a: Dragonite|76/100|[from] item: Leftovers
|upkeep
|turn|16
|
|t:|1759058277
|-terastallize|p2a: Dragonite|Normal
|move|p1a: Landorus|Stone Edge|p2a: Dragonite
|-damage|p2a: Dragonite|34/100
|-damage|p1a: Landorus|33/100|[from] item: Life Orb
|move|p2a: Dragonite|Roost|p2a: Dragonite
|-heal|p2a: Dragonite|84/100
|
|-heal|p2a: Dragonite|90/100|[from] item: Leftovers
|upkeep
|turn|17
|
|t:|1759058290
|move|p1a: Landorus|Stone Edge|p2a: Dragonite
|-damage|p2a: Dragonite|53/100
|-damage|p1a: Landorus|23/100|[from] item: Life Orb
|move|p2a: Dragonite|Dragon Dance|p2a: Dragonite
|-boost|p2a: Dragonite|atk|1
|-boost|p2a: Dragonite|spe|1
|
|-heal|p2a: Dragonite|59/100|[from] item: Leftovers
|upkeep
|turn|18
|
|t:|1759058300
|move|p1a: Landorus|Stone Edge|p2a: Dragonite|[miss]
|-miss|p1a: Landorus|p2a: Dragonite
|move|p2a: Dragonite|Roost|p2a: Dragonite
|-heal|p2a: Dragonite|100/100
|
|upkeep
|turn|19
|
|t:|1759058307
|move|p2a: Dragonite|Extreme Speed|p1a: Landorus
|-damage|p1a: Landorus|0 fnt
|faint|p1a: Landorus
|
|upkeep
|
|t:|1759058313
|switch|p1a: Scizor|Scizor, F|58/100
|turn|20
|
|t:|1759058319
|move|p1a: Scizor|Bullet Punch|p2a: Dragonite
|-damage|p2a: Dragonite|89/100
|move|p2a: Dragonite|Dragon Claw|p1a: Scizor
|-resisted|p1a: Scizor
|-damage|p1a: Scizor|26/100
|
|-heal|p2a: Dragonite|95/100|[from] item: Leftovers
|upkeep
|turn|21
|
|t:|1759058330
|move|p2a: Dragonite|Dragon Dance|p2a: Dragonite
|-boost|p2a: Dragonite|atk|1
|-boost|p2a: Dragonite|spe|1
|move|p1a: Scizor|X-Scissor|p2a: Dragonite
|-damage|p2a: Dragonite|62/100
|
|-heal|p2a: Dragonite|68/100|[from] item: Leftovers
|upkeep
|turn|22
|
|t:|1759058339
|move|p2a: Dragonite|Dragon Claw|p1a: Scizor
|-resisted|p1a: Scizor
|-damage|p1a: Scizor|0 fnt
|faint|p1a: Scizor
|
|-heal|p2a: Dragonite|74/100|[from] item: Leftovers
|upkeep
|
|t:|1759058347
|switch|p1a: Heatran|Heatran, M, shiny|97/100
|turn|23
|
|t:|1759058352
|move|p2a: Dragonite|Dragon Claw|p1a: Heatran
|-resisted|p1a: Heatran
|-damage|p1a: Heatran|71/100
|move|p1a: Heatran|Magma Storm|p2a: Dragonite
|-damage|p2a: Dragonite|39/100
|-activate|p2a: Dragonite|move: Magma Storm|[of] p1a: Heatran
|
|-heal|p2a: Dragonite|45/100|[from] item: Leftovers
|-damage|p2a: Dragonite|32/100|[from] move: Magma Storm|[partiallytrapped]
|upkeep
|turn|24
|
|t:|1759058364
|move|p2a: Dragonite|Roost|p2a: Dragonite
|-heal|p2a: Dragonite|82/100
|move|p1a: Heatran|Lava Plume|p2a: Dragonite
|-damage|p2a: Dragonite|53/100
|
|-heal|p2a: Dragonite|59/100|[from] item: Leftovers
|-damage|p2a: Dragonite|47/100|[from] move: Magma Storm|[partiallytrapped]
|upkeep
|turn|25
|
|t:|1759058374
|move|p2a: Dragonite|Dragon Claw|p1a: Heatran
|-resisted|p1a: Heatran
|-damage|p1a: Heatran|47/100
|move|p1a: Heatran|Magma Storm|p2a: Dragonite|[miss]
|-miss|p1a: Heatran|p2a: Dragonite
|
|-heal|p2a: Dragonite|53/100|[from] item: Leftovers
|-damage|p2a: Dragonite|41/100|[from] move: Magma Storm|[partiallytrapped]
|upkeep
|turn|26
|
|t:|1759058384
|move|p2a: Dragonite|Extreme Speed|p1a: Heatran
|-resisted|p1a: Heatran
|-crit|p1a: Heatran
|-damage|p1a: Heatran|6/100
|move|p1a: Heatran|Magma Storm|p2a: Dragonite
|-damage|p2a: Dragonite|7/100
|
|-heal|p2a: Dragonite|13/100|[from] item: Leftovers
|-damage|p2a: Dragonite|1/100|[from] move: Magma Storm|[partiallytrapped]
|upkeep
|turn|27
|
|t:|1759058397
|move|p2a: Dragonite|Extreme Speed|p1a: Heatran
|-resisted|p1a: Heatran
|-damage|p1a: Heatran|0 fnt
|faint|p1a: Heatran
|
|win|zeucros12
|raw|KalebeXzin's rating: 1119 &rarr; <strong>1094</strong><br />(-25 for losing)
|raw|zeucros12's rating: 1116 &rarr; <strong>1141</strong><br />(+25 for winning)
|l|☆zeucros12
|player|p2|
|l|☆KalebeXzin
|player|p1|
