|j|☆noodle10101
|j|☆ytddetg
|t:|1758976778
|gametype|singles
|player|p1|noodle10101|2|1348
|player|p2|ytddetg|gambler|1358
|gen|9
|tier|[Gen 9] OU
|rated|
|rule|HP Percentage Mod: HP is shown in percentages
|rule|Endless Battle Clause: Forcing endless battles is banned
|rule|Species Clause: Limit one of each Pokémon
|rule|OHKO Clause: OHKO moves are banned
|rule|Evasion Items Clause: Evasion items are banned
|rule|Evasion Moves Clause: Evasion moves are banned
|rule|Evasion Abilities Clause: Evasion abilities are banned
|rule|Sleep Moves Clause: Sleep-inducing moves are banned
|clearpoke
|poke|p1|Glimmora, F|
|poke|p1|Hatterene, F|
|poke|p1|Excadrill, F|
|poke|p1|Volcanion|
|poke|p1|Pecharunt|
|poke|p1|Umbreon, M|
|poke|p2|Farigiraf, F|
|poke|p2|Azelf|
|poke|p2|Magnezone|
|poke|p2|Glimmora, M|
|poke|p2|Weezing-Galar, F|
|poke|p2|Latios, M|
|teampreview
|inactive|Battle timer is ON: inactive players will automatically lose when time's up. (requested by ytddetg)
|
|t:|1758976788
|teamsize|p1|6
|teamsize|p2|6
|start
|switch|p1a: Volcanion|Volcanion|100/100
|switch|p2a: lǝ|Azelf, shiny|100/100
|turn|1
|
|t:|1758976799
|switch|p1a: Hatterene|Hatterene, F|100/100
|move|p2a: lǝ|Stealth Rock|p1a: Hatterene
|move|p1a: Hatterene|Stealth Rock|p2a: lǝ|[from] ability: Magic Bounce
|-sidestart|p2: ytddetg|move: Stealth Rock
|
|upkeep
|turn|2
|
|t:|1758976812
|move|p2a: lǝ|Iron Tail|p1a: Hatterene|[miss]
|-miss|p2a: lǝ|p1a: Hatterene
|move|p1a: Hatterene|Giga Drain|p2a: lǝ
|-damage|p2a: lǝ|67/100
|
|upkeep
|turn|3
|
|t:|1758976825
|move|p2a: lǝ|Iron Tail|p1a: Hatterene
|-supereffective|p1a: Hatterene
|-damage|p1a: Hatterene|44/100
|move|p1a: Hatterene|Giga Drain|p2a: lǝ
|-damage|p2a: lǝ|30/100
|-heal|p1a: Hatterene|61/100|[from] drain|[of] p2a: lǝ
|
|-heal|p1a: Hatterene|67/100|[from] item: Leftovers
|upkeep
|turn|4
|
|t:|1758976840
|switch|p1a: Volcanion|Volcanion|100/100
|move|p2a: lǝ|Iron Tail|p1a: Volcanion|[miss]
|-miss|p2a: lǝ|p1a: Volcanion
|
|upkeep
|turn|5
|
|t:|1758976852
|move|p1a: Volcanion|Flamethrower|p2a: lǝ
|-damage|p2a: lǝ|0 fnt
|faint|p2a: lǝ
|
|upkeep
|
|t:|1758976877
|switch|p2a: ɹoñǝs|Magnezone, shiny|100/100
|-damage|p2a: ɹoñǝs|94/100|[from] Stealth Rock
|-item|p2a: ɹoñǝs|Air Balloon
|turn|6
|
|t:|1758976885
|move|p1a: Volcanion|Flamethrower|p2a: ɹoñǝs
|-supereffective|p2a: ɹoñǝs
|-damage|p2a: ɹoñǝs|0 fnt
|-enditem|p2a: ɹoñǝs|Air Balloon
|faint|p2a: ɹoñǝs
|
|upkeep
|
|t:|1758976888
|switch|p2a: ǝp|Latios, M, shiny|100/100
|-damage|p2a: ǝp|88/100|[from] Stealth Rock
|turn|7
|
|t:|1758976896
|switch|p1a: Hatterene|Hatterene, F|67/100
|move|p2a: ǝp|Thunder Wave|p1a: Hatterene
|move|p1a: Hatterene|Thunder Wave|p2a: ǝp|[from] ability: Magic Bounce
|-status|p2a: ǝp|par
|
|-heal|p1a: Hatterene|73/100|[from] item: Leftovers
|upkeep
|turn|8
|
|t:|1758976908
|move|p2a: ǝp|Memento|p1a: Hatterene
|-unboost|p1a: Hatterene|atk|2
|-unboost|p1a: Hatterene|spa|2
|faint|p2a: ǝp
|move|p1a: Hatterene|Calm Mind|p1a: Hatterene
|-boost|p1a: Hatterene|spa|1
|-boost|p1a: Hatterene|spd|1
|
|-heal|p1a: Hatterene|79/100|[from] item: Leftovers
|upkeep
|
|t:|1758976910
|switch|p2a: ɐl|Glimmora, M, shiny|100/100
|-damage|p2a: ɐl|88/100|[from] Stealth Rock
|turn|9
|
|t:|1758976923
|move|p2a: ɐl|Light Screen|p2a: ɐl
|-sidestart|p2: ytddetg|move: Light Screen
|move|p1a: Hatterene|Psyshock|p2a: ɐl
|-supereffective|p2a: ɐl
|-damage|p2a: ɐl|65/100
|
|-heal|p1a: Hatterene|85/100|[from] item: Leftovers
|upkeep
|turn|10
|
|t:|1758976931
|move|p2a: ɐl|Reflect|p2a: ɐl
|-sidestart|p2: ytddetg|Reflect
|move|p1a: Hatterene|Calm Mind|p1a: Hatterene
|-boost|p1a: Hatterene|spa|1
|-boost|p1a: Hatterene|spd|1
|
|-heal|p1a: Hatterene|91/100|[from] item: Leftovers
|upkeep
|turn|11
|
|t:|1758976939
|move|p2a: ɐl|Memento|p1a: Hatterene
|-unboost|p1a: Hatterene|atk|2
|-unboost|p1a: Hatterene|spa|2
|faint|p2a: ɐl
|move|p1a: Hatterene|Calm Mind|p1a: Hatterene
|-boost|p1a: Hatterene|spa|1
|-boost|p1a: Hatterene|spd|1
|
|-heal|p1a: Hatterene|97/100|[from] item: Leftovers
|upkeep
|
|t:|1758976941
|switch|p2a: ǝɥɔou|Weezing-Galar, F, shiny|100/100
|-damage|p2a: ǝɥɔou|88/100|[from] Stealth Rock
|-fieldstart|move: Misty Terrain|[from] ability: Misty Surge|[of] p2a: ǝɥɔou
|turn|12
|
|t:|1758976959
|move|p2a: ǝɥɔou|Memento|p1a: Hatterene
|-unboost|p1a: Hatterene|atk|2
|-unboost|p1a: Hatterene|spa|2
|faint|p2a: ǝɥɔou
|move|p1a: Hatterene|Psyshock|p2: ǝɥɔou|[notarget]
|-fail|p1a: Hatterene
|
|-heal|p1a: Hatterene|100/100|[from] item: Leftovers
|upkeep
|
|t:|1758976962
|switch|p2a: BATMAN|Farigiraf, F|100/100
|-damage|p2a: BATMAN|88/100|[from] Stealth Rock
|turn|13
|
|t:|1758976977
|switch|p1a: Umbreon|Umbreon, M|100/100
|move|p2a: BATMAN|Agility|p2a: BATMAN
|-boost|p2a: BATMAN|spe|2
|
|upkeep
|turn|14
|
|t:|1758976985
|move|p2a: BATMAN|Agility|p2a: BATMAN
|-boost|p2a: BATMAN|spe|2
|move|p1a: Umbreon|Toxic|p2a: BATMAN
|-activate|p2a: BATMAN|move: Misty Terrain
|
|upkeep
|turn|15
|
|t:|1758976994
|move|p2a: BATMAN|Nasty Plot|p2a: BATMAN
|-boost|p2a: BATMAN|spa|2
|move|p1a: Umbreon|Foul Play|p2a: BATMAN
|-supereffective|p2a: BATMAN
|-damage|p2a: BATMAN|59/100
|-enditem|p2a: BATMAN|Weakness Policy
|-boost|p2a: BATMAN|atk|2|[from] item: Weakness Policy
|-boost|p2a: BATMAN|spa|2|[from] item: Weakness Policy
|
|upkeep
|turn|16
|
|t:|1758977005
|-terastallize|p2a: BATMAN|Fighting
|move|p2a: BATMAN|Nasty Plot|p2a: BATMAN
|-boost|p2a: BATMAN|spa|2
|move|p1a: Umbreon|Wish|p1a: Umbreon
|
|-sideend|p2: ytddetg|move: Light Screen
|-fieldend|Misty Terrain
|upkeep
|turn|17
|
|t:|1758977015
|move|p2a: BATMAN|Tera Blast|p1a: Umbreon|[anim] Tera Blast Fighting
|-supereffective|p1a: Umbreon
|-damage|p1a: Umbreon|0 fnt
|faint|p1a: Umbreon
|
|-sideend|p2: ytddetg|Reflect
|upkeep
|inactive|noodle10101 has 120 seconds left.
|
|t:|1758977041
|switch|p1a: Excadrill|Excadrill, F|100/100
|-ability|p1a: Excadrill|Mold Breaker
|turn|18
|
|t:|1758977046
|move|p2a: BATMAN|Stored Power|p1a: Excadrill
|-resisted|p1a: Excadrill
|-enditem|p1a: Excadrill|Focus Sash
|-damage|p1a: Excadrill|1/100
|move|p1a: Excadrill|Iron Head|p2a: BATMAN
|-damage|p2a: BATMAN|6/100
|
|upkeep
|turn|19
|
|t:|1758977055
|move|p2a: BATMAN|Stored Power|p1a: Excadrill
|-resisted|p1a: Excadrill
|-damage|p1a: Excadrill|0 fnt
|faint|p1a: Excadrill
|
|upkeep
|
|t:|1758977061
|switch|p1a: Glimmora|Glimmora, F|100/100
|turn|20
|
|t:|1758977074
|move|p2a: BATMAN|Stored Power|p1a: Glimmora
|-supereffective|p1a: Glimmora
|-enditem|p1a: Glimmora|Focus Sash
|-damage|p1a: Glimmora|1/100
|move|p1a: Glimmora|Power Gem|p2a: BATMAN
|-resisted|p2a: BATMAN
|-damage|p2a: BATMAN|0 fnt
|faint|p2a: BATMAN
|
|win|noodle10101
|raw|noodle10101's rating: 1348 &rarr; <strong>1369</strong><br />(+21 for winning)
|raw|ytddetg's rating: 1358 &rarr; <strong>1337</strong><br />(-21 for losing)
|l|☆ytddetg
|player|p2|
|l|☆noodle10101
|player|p1|
