|j|☆diesel_bags
|j|☆Rising Ursaring
|t:|1758988386
|gametype|singles
|player|p1|diesel_bags|blackbelt-gen4|1432
|player|p2|Rising Ursaring|burglar|1433
|gen|9
|tier|[Gen 9] OU
|rated|
|rule|HP Percentage Mod: HP is shown in percentages
|rule|Endless Battle Clause: Forcing endless battles is banned
|rule|Species Clause: Limit one of each Pokémon
|rule|OHKO Clause: OHKO moves are banned
|rule|Evasion Items Clause: Evasion items are banned
|rule|Evasion Moves Clause: Evasion moves are banned
|rule|Evasion Abilities Clause: Evasion abilities are banned
|rule|Sleep Moves Clause: Sleep-inducing moves are banned
|clearpoke
|poke|p1|Rillaboom, M|
|poke|p1|Greninja-*, M|
|poke|p1|Corviknight, F|
|poke|p1|Iron Valiant|
|poke|p1|Kyurem|
|poke|p1|Pecharunt|
|poke|p2|Raging Bolt|
|poke|p2|Wo-Chien|
|poke|p2|Empoleon, F|
|poke|p2|Ceruledge, M|
|poke|p2|Weezing-Galar, F|
|poke|p2|Landorus-Therian, M|
|teampreview
|inactive|Battle timer is ON: inactive players will automatically lose when time's up. (requested by Rising Ursaring)
|
|t:|1758988411
|teamsize|p1|6
|teamsize|p2|6
|start
|switch|p1a: Kyurem|Kyurem|100/100
|switch|p2a: Landorus|Landorus-Therian, M|100/100
|-ability|p2a: Landorus|Intimidate|boost
|-unboost|p1a: Kyurem|atk|1
|-ability|p1a: Kyurem|Pressure
|turn|1
|
|t:|1758988421
|switch|p2a: Empoleon|Empoleon, F|100/100
|move|p1a: Kyurem|Freeze-Dry|p2a: Empoleon
|-damage|p2a: Empoleon|64/100
|
|-heal|p2a: Empoleon|70/100|[from] item: Leftovers
|upkeep
|turn|2
|
|t:|1758988440
|move|p1a: Kyurem|Freeze-Dry|p2a: Empoleon
|-damage|p2a: Empoleon|37/100
|-status|p2a: Empoleon|frz
|-curestatus|p2a: Empoleon|frz|[msg]
|move|p2a: Empoleon|Knock Off|p1a: Kyurem
|-damage|p1a: Kyurem|85/100
|-enditem|p1a: Kyurem|Choice Specs|[from] move: Knock Off|[of] p2a: Empoleon
|
|-heal|p2a: Empoleon|44/100|[from] item: Leftovers
|upkeep
|turn|3
|
|t:|1758988463
|move|p1a: Kyurem|Earth Power|p2a: Empoleon
|-supereffective|p2a: Empoleon
|-damage|p2a: Empoleon|3/100
|move|p2a: Empoleon|Roost|p2a: Empoleon
|-heal|p2a: Empoleon|53/100
|-singleturn|p2a: Empoleon|move: Roost
|
|-heal|p2a: Empoleon|59/100|[from] item: Leftovers
|upkeep
|turn|4
|l|☆Rising Ursaring
|inactive|Rising Ursaring disconnected and has a minute to reconnect!
|player|p2|
|j|☆Rising Ursaring
|inactive|Rising Ursaring reconnected.
|player|p2|Rising Ursaring|burglar|
|
|t:|1758988484
|switch|p1a: Rillaboom|Rillaboom, M|100/100
|-fieldstart|move: Grassy Terrain|[from] ability: Grassy Surge|[of] p1a: Rillaboom
|move|p2a: Empoleon|Roost|p2a: Empoleon
|-heal|p2a: Empoleon|100/100
|-singleturn|p2a: Empoleon|move: Roost
|
|upkeep
|turn|5
|inactive|Rising Ursaring has 120 seconds left.
|
|t:|1758988536
|move|p1a: Rillaboom|Knock Off|p2a: Empoleon
|-damage|p2a: Empoleon|70/100
|-enditem|p2a: Empoleon|Leftovers|[from] move: Knock Off|[of] p1a: Rillaboom
|move|p2a: Empoleon|Stealth Rock|p1a: Rillaboom
|-sidestart|p1: diesel_bags|move: Stealth Rock
|
|-heal|p2a: Empoleon|77/100|[from] Grassy Terrain
|upkeep
|turn|6
|
|t:|1758988543
|switch|p2a: Weezing|Weezing-Galar, F|100/100
|-ability|p2a: Weezing|Neutralizing Gas
|move|p1a: Rillaboom|Wood Hammer|p2a: Weezing
|-resisted|p2a: Weezing
|-damage|p2a: Weezing|79/100
|-damage|p1a: Rillaboom|84/100|[from] item: Rocky Helmet|[of] p2a: Weezing
|-damage|p1a: Rillaboom|78/100|[from] Recoil
|
|-heal|p1a: Rillaboom|84/100|[from] Grassy Terrain
|-heal|p2a: Weezing|85/100|[from] Grassy Terrain
|upkeep
|turn|7
|
|t:|1758988558
|switch|p1a: Corviknight|Corviknight, F|100/100
|-damage|p1a: Corviknight|88/100|[from] Stealth Rock
|move|p2a: Weezing|Toxic|p1a: Corviknight
|-immune|p1a: Corviknight
|
|-heal|p2a: Weezing|91/100|[from] Grassy Terrain
|upkeep
|turn|8
|
|t:|1758988566
|-end|p2a: Weezing|ability: Neutralizing Gas
|switch|p2a: Empoleon|Empoleon, F|77/100
|move|p1a: Corviknight|Roost|p1a: Corviknight
|-heal|p1a: Corviknight|100/100
|-singleturn|p1a: Corviknight|move: Roost
|
|-heal|p2a: Empoleon|83/100|[from] Grassy Terrain
|-fieldend|move: Grassy Terrain
|upkeep
|turn|9
|
|t:|1758988579
|move|p2a: Empoleon|Surf|p1a: Corviknight
|-damage|p1a: Corviknight|69/100
|move|p1a: Corviknight|U-turn|p2a: Empoleon
|-resisted|p2a: Empoleon
|-damage|p2a: Empoleon|76/100
|
|t:|1758988593
|switch|p1a: Greninja|Greninja, M|100/100|[from] U-turn
|-damage|p1a: Greninja|88/100|[from] Stealth Rock
|
|upkeep
|turn|10
|
|t:|1758988618
|move|p1a: Greninja|Dark Pulse|p2a: Empoleon
|-damage|p2a: Empoleon|45/100
|-damage|p1a: Greninja|78/100|[from] item: Life Orb
|move|p2a: Empoleon|Knock Off|p1a: Greninja
|-resisted|p1a: Greninja
|-damage|p1a: Greninja|66/100
|-enditem|p1a: Greninja|Life Orb|[from] move: Knock Off|[of] p2a: Empoleon
|
|upkeep
|turn|11
|
|t:|1758988633
|switch|p1a: Corviknight|Corviknight, F|69/100
|-damage|p1a: Corviknight|56/100|[from] Stealth Rock
|move|p2a: Empoleon|Roost|p2a: Empoleon
|-heal|p2a: Empoleon|95/100
|-singleturn|p2a: Empoleon|move: Roost
|
|upkeep
|turn|12
|
|t:|1758988638
|move|p2a: Empoleon|Surf|p1a: Corviknight
|-damage|p1a: Corviknight|21/100
|move|p1a: Corviknight|Roost|p1a: Corviknight
|-heal|p1a: Corviknight|71/100
|-singleturn|p1a: Corviknight|move: Roost
|
|upkeep
|turn|13
|
|t:|1758988643
|move|p2a: Empoleon|Surf|p1a: Corviknight
|-damage|p1a: Corviknight|38/100
|move|p1a: Corviknight|Roost|p1a: Corviknight
|-heal|p1a: Corviknight|88/100
|-singleturn|p1a: Corviknight|move: Roost
|
|upkeep
|turn|14
|
|t:|1758988646
|move|p2a: Empoleon|Knock Off|p1a: Corviknight
|-crit|p1a: Corviknight
|-damage|p1a: Corviknight|73/100
|-damage|p2a: Empoleon|79/100|[from] item: Rocky Helmet|[of] p1a: Corviknight
|-enditem|p1a: Corviknight|Rocky Helmet|[from] move: Knock Off|[of] p2a: Empoleon
|move|p1a: Corviknight|Defog|p2a: Empoleon
|-unboost|p2a: Empoleon|evasion|1
|-ability|p2a: Empoleon|Competitive|boost
|-boost|p2a: Empoleon|spa|2
|-sideend|p1: diesel_bags|Stealth Rock|[from] move: Defog|[of] p1a: Corviknight
|
|upkeep
|turn|15
|
|t:|1758988653
|switch|p1a: Rillaboom|Rillaboom, M|84/100
|-fieldstart|move: Grassy Terrain|[from] ability: Grassy Surge|[of] p1a: Rillaboom
|move|p2a: Empoleon|Surf|p1a: Rillaboom
|-resisted|p1a: Rillaboom
|-damage|p1a: Rillaboom|66/100
|
|-heal|p1a: Rillaboom|72/100|[from] Grassy Terrain
|-heal|p2a: Empoleon|85/100|[from] Grassy Terrain
|upkeep
|turn|16
|
|t:|1758988660
|move|p1a: Rillaboom|Wood Hammer|p2a: Empoleon
|-damage|p2a: Empoleon|19/100
|-damage|p1a: Rillaboom|52/100|[from] Recoil
|move|p2a: Empoleon|Stealth Rock|p1a: Rillaboom
|-sidestart|p1: diesel_bags|move: Stealth Rock
|
|-heal|p1a: Rillaboom|58/100|[from] Grassy Terrain
|-heal|p2a: Empoleon|25/100|[from] Grassy Terrain
|upkeep
|turn|17
|
|t:|1758988669
|switch|p2a: Weezing|Weezing-Galar, F|91/100
|-ability|p2a: Weezing|Neutralizing Gas
|move|p1a: Rillaboom|Wood Hammer|p2a: Weezing
|-resisted|p2a: Weezing
|-damage|p2a: Weezing|70/100
|-damage|p1a: Rillaboom|41/100|[from] item: Rocky Helmet|[of] p2a: Weezing
|-damage|p1a: Rillaboom|36/100|[from] Recoil
|
|-heal|p1a: Rillaboom|42/100|[from] Grassy Terrain
|-heal|p2a: Weezing|76/100|[from] Grassy Terrain
|upkeep
|turn|18
|
|t:|1758988686
|switch|p1a: Corviknight|Corviknight, F|73/100
|-damage|p1a: Corviknight|61/100|[from] Stealth Rock
|-end|p2a: Weezing|ability: Neutralizing Gas
|switch|p2a: Empoleon|Empoleon, F|25/100
|
|-heal|p2a: Empoleon|31/100|[from] Grassy Terrain
|upkeep
|turn|19
|
|t:|1758988693
|move|p2a: Empoleon|Roost|p2a: Empoleon
|-heal|p2a: Empoleon|81/100
|-singleturn|p2a: Empoleon|move: Roost
|move|p1a: Corviknight|Roost|p1a: Corviknight
|-heal|p1a: Corviknight|100/100
|-singleturn|p1a: Corviknight|move: Roost
|
|-heal|p2a: Empoleon|87/100|[from] Grassy Terrain
|-fieldend|move: Grassy Terrain
|upkeep
|turn|20
|
|t:|1758988700
|move|p2a: Empoleon|Surf|p1a: Corviknight
|-crit|p1a: Corviknight
|-damage|p1a: Corviknight|49/100
|move|p1a: Corviknight|U-turn|p2a: Empoleon
|-resisted|p2a: Empoleon
|-damage|p2a: Empoleon|80/100
|
|t:|1758988709
|switch|p1a: Rillaboom|Rillaboom, M|42/100|[from] U-turn
|-damage|p1a: Rillaboom|29/100|[from] Stealth Rock
|-fieldstart|move: Grassy Terrain|[from] ability: Grassy Surge|[of] p1a: Rillaboom
|
|-heal|p1a: Rillaboom|36/100|[from] Grassy Terrain
|-heal|p2a: Empoleon|86/100|[from] Grassy Terrain
|upkeep
|turn|21
|inactive|Rising Ursaring has 120 seconds left.
|
|t:|1758988749
|switch|p1a: Greninja|Greninja, M|66/100
|-damage|p1a: Greninja|53/100|[from] Stealth Rock
|switch|p2a: Weezing|Weezing-Galar, F|76/100
|-ability|p2a: Weezing|Neutralizing Gas
|
|-heal|p1a: Greninja|59/100|[from] Grassy Terrain
|-heal|p2a: Weezing|82/100|[from] Grassy Terrain
|upkeep
|turn|22
|inactive|Rising Ursaring has 120 seconds left.
|
|t:|1758988754
|-end|p2a: Weezing|ability: Neutralizing Gas
|switch|p2a: Wo-Chien|Wo-Chien|100/100
|-ability|p2a: Wo-Chien|Tablets of Ruin
|move|p1a: Greninja|Surf|p2a: Wo-Chien
|-resisted|p2a: Wo-Chien
|-damage|p2a: Wo-Chien|89/100
|
|-heal|p1a: Greninja|65/100|[from] Grassy Terrain
|-heal|p2a: Wo-Chien|95/100|[from] Grassy Terrain
|-heal|p2a: Wo-Chien|100/100|[from] item: Leftovers
|upkeep
|turn|23
|
|t:|1758988770
|switch|p1a: Corviknight|Corviknight, F|49/100
|-damage|p1a: Corviknight|37/100|[from] Stealth Rock
|move|p2a: Wo-Chien|Knock Off|p1a: Corviknight
|-damage|p1a: Corviknight|26/100
|
|upkeep
|turn|24
|
|t:|1758988778
|switch|p2a: Empoleon|Empoleon, F|86/100
|move|p1a: Corviknight|Roost|p1a: Corviknight
|-heal|p1a: Corviknight|76/100
|-singleturn|p1a: Corviknight|move: Roost
|
|-heal|p2a: Empoleon|92/100|[from] Grassy Terrain
|-heal|p1a: Corviknight|82/100|[from] Grassy Terrain
|-fieldend|move: Grassy Terrain
|upkeep
|turn|25
|
|t:|1758988789
|move|p2a: Empoleon|Surf|p1a: Corviknight
|-crit|p1a: Corviknight
|-damage|p1a: Corviknight|29/100
|move|p1a: Corviknight|U-turn|p2a: Empoleon
|-resisted|p2a: Empoleon
|-damage|p2a: Empoleon|85/100
|
|t:|1758988799
|switch|p1a: Iron Valiant|Iron Valiant|100/100|[from] U-turn
|-damage|p1a: Iron Valiant|94/100|[from] Stealth Rock
|-enditem|p1a: Iron Valiant|Booster Energy
|-activate|p1a: Iron Valiant|ability: Quark Drive|[fromitem]
|-start|p1a: Iron Valiant|quarkdrivespe
|
|upkeep
|turn|26
|
|t:|1758988809
|move|p1a: Iron Valiant|Swords Dance|p1a: Iron Valiant
|-boost|p1a: Iron Valiant|atk|2
|move|p2a: Empoleon|Surf|p1a: Iron Valiant
|-crit|p1a: Iron Valiant
|-damage|p1a: Iron Valiant|8/100
|
|upkeep
|turn|27
|inactive|Rising Ursaring has 120 seconds left.
|inactive|Rising Ursaring has 90 seconds left.
|
|t:|1758988874
|switch|p2a: Weezing|Weezing-Galar, F|82/100
|-ability|p2a: Weezing|Neutralizing Gas
|move|p1a: Iron Valiant|Knock Off|p2a: Weezing
|-resisted|p2a: Weezing
|-damage|p2a: Weezing|62/100
|-damage|p1a: Iron Valiant|0 fnt|[from] item: Rocky Helmet|[of] p2a: Weezing
|faint|p1a: Iron Valiant
|-end|p1a: Iron Valiant|Quark Drive|[silent]
|
|upkeep
|inactive|diesel_bags has 120 seconds left.
|
|t:|1758988885
|switch|p1a: Kyurem|Kyurem|85/100
|-damage|p1a: Kyurem|61/100|[from] Stealth Rock
|turn|28
|
|t:|1758988895
|move|p1a: Kyurem|Freeze-Dry|p2a: Weezing
|-damage|p2a: Weezing|14/100
|move|p2a: Weezing|Strange Steam|p1a: Kyurem
|-supereffective|p1a: Kyurem
|-damage|p1a: Kyurem|8/100
|
|upkeep
|turn|29
|
|t:|1758988904
|-end|p2a: Weezing|ability: Neutralizing Gas
|-ability|p1a: Kyurem|Pressure
|switch|p2a: Empoleon|Empoleon, F|85/100
|move|p1a: Kyurem|Earth Power|p2a: Empoleon
|-supereffective|p2a: Empoleon
|-damage|p2a: Empoleon|47/100
|
|upkeep
|turn|30
|j| xotiic312
|l| xotiic312
|
|t:|1758988914
|move|p1a: Kyurem|Earth Power|p2a: Empoleon
|-supereffective|p2a: Empoleon
|-damage|p2a: Empoleon|2/100
|move|p2a: Empoleon|Surf|p1a: Kyurem
|-resisted|p1a: Kyurem
|-damage|p1a: Kyurem|0 fnt
|faint|p1a: Kyurem
|
|upkeep
|
|t:|1758988922
|switch|p1a: Greninja|Greninja, M|65/100
|-damage|p1a: Greninja|53/100|[from] Stealth Rock
|turn|31
|
|t:|1758988932
|switch|p2a: Wo-Chien|Wo-Chien|100/100
|-ability|p2a: Wo-Chien|Tablets of Ruin
|move|p1a: Greninja|Surf|p2a: Wo-Chien
|-resisted|p2a: Wo-Chien
|-damage|p2a: Wo-Chien|91/100
|
|-heal|p2a: Wo-Chien|97/100|[from] item: Leftovers
|upkeep
|turn|32
|inactive|Rising Ursaring has 120 seconds left.
|
|t:|1758988960
|move|p1a: Greninja|Sludge Wave|p2a: Wo-Chien
|-supereffective|p2a: Wo-Chien
|-damage|p2a: Wo-Chien|68/100
|move|p2a: Wo-Chien|Leech Seed|p1a: Greninja
|-start|p1a: Greninja|move: Leech Seed
|
|-heal|p2a: Wo-Chien|74/100|[from] item: Leftovers
|-damage|p1a: Greninja|41/100|[from] Leech Seed|[of] p2a: Wo-Chien
|-heal|p2a: Wo-Chien|84/100|[silent]
|upkeep
|turn|33
|inactive|Rising Ursaring has 120 seconds left.
|
|t:|1758988969
|switch|p1a: Pecharunt|Pecharunt|100/100
|-damage|p1a: Pecharunt|88/100|[from] Stealth Rock
|move|p2a: Wo-Chien|Knock Off|p1a: Pecharunt
|-supereffective|p1a: Pecharunt
|-damage|p1a: Pecharunt|55/100
|-enditem|p1a: Pecharunt|Leftovers|[from] move: Knock Off|[of] p2a: Wo-Chien
|
|-heal|p2a: Wo-Chien|90/100|[from] item: Leftovers
|upkeep
|turn|34
|
|t:|1758988980
|move|p1a: Pecharunt|Recover|p1a: Pecharunt
|-heal|p1a: Pecharunt|100/100
|move|p2a: Wo-Chien|Leech Seed|p1a: Pecharunt
|-start|p1a: Pecharunt|move: Leech Seed
|
|-heal|p2a: Wo-Chien|96/100|[from] item: Leftovers
|-damage|p1a: Pecharunt|88/100|[from] Leech Seed|[of] p2a: Wo-Chien
|-heal|p2a: Wo-Chien|100/100|[silent]
|upkeep
|turn|35
|
|t:|1758988986
|switch|p2a: Empoleon|Empoleon, F|2/100
|move|p1a: Pecharunt|Malignant Chain|p2a: Empoleon
|-immune|p2a: Empoleon
|
|-damage|p1a: Pecharunt|76/100|[from] Leech Seed|[of] p2a: Empoleon
|-heal|p2a: Empoleon|15/100|[silent]
|upkeep
|turn|36
|
|t:|1758988991
|move|p1a: Pecharunt|Shadow Ball|p2a: Empoleon
|-damage|p2a: Empoleon|0 fnt
|faint|p2a: Empoleon
|
|upkeep
|
|t:|1758989000
|switch|p2a: Wo-Chien|Wo-Chien|100/100
|-ability|p2a: Wo-Chien|Tablets of Ruin
|turn|37
|
|t:|1758989008
|move|p1a: Pecharunt|Malignant Chain|p2a: Wo-Chien
|-supereffective|p2a: Wo-Chien
|-damage|p2a: Wo-Chien|68/100
|-status|p2a: Wo-Chien|tox
|-start|p2a: Wo-Chien|confusion|[from] ability: Poison Puppeteer|[of] p1a: Pecharunt
|-activate|p2a: Wo-Chien|confusion
|move|p2a: Wo-Chien|Leech Seed||[still]
|-fail|p2a: Wo-Chien
|
|-heal|p2a: Wo-Chien|74/100 tox|[from] item: Leftovers
|-damage|p1a: Pecharunt|63/100|[from] Leech Seed|[of] p2a: Wo-Chien
|-heal|p2a: Wo-Chien|87/100 tox|[silent]
|-damage|p2a: Wo-Chien|80/100 tox|[from] psn
|upkeep
|turn|38
|
|t:|1758989016
|move|p1a: Pecharunt|Recover|p1a: Pecharunt
|-heal|p1a: Pecharunt|100/100
|-activate|p2a: Wo-Chien|confusion
|-damage|p2a: Wo-Chien|73/100 tox|[from] confusion
|
|-heal|p2a: Wo-Chien|79/100 tox|[from] item: Leftovers
|-damage|p1a: Pecharunt|88/100|[from] Leech Seed|[of] p2a: Wo-Chien
|-heal|p2a: Wo-Chien|92/100 tox|[silent]
|-damage|p2a: Wo-Chien|79/100 tox|[from] psn
|upkeep
|turn|39
|
|t:|1758989019
|move|p1a: Pecharunt|Parting Shot|p2a: Wo-Chien
|-unboost|p2a: Wo-Chien|atk|1
|-unboost|p2a: Wo-Chien|spa|1
|
|t:|1758989022
|switch|p1a: Corviknight|Corviknight, F|29/100|[from] Parting Shot
|-damage|p1a: Corviknight|17/100|[from] Stealth Rock
|-activate|p2a: Wo-Chien|confusion
|move|p2a: Wo-Chien|Ruination|p1a: Corviknight
|-damage|p1a: Corviknight|9/100
|
|-heal|p2a: Wo-Chien|86/100 tox|[from] item: Leftovers
|-damage|p2a: Wo-Chien|67/100 tox|[from] psn
|upkeep
|turn|40
|
|t:|1758989025
|-activate|p2a: Wo-Chien|confusion
|move|p2a: Wo-Chien|Knock Off|p1a: Corviknight
|-damage|p1a: Corviknight|1/100
|move|p1a: Corviknight|Roost|p1a: Corviknight
|-heal|p1a: Corviknight|51/100
|-singleturn|p1a: Corviknight|move: Roost
|
|-heal|p2a: Wo-Chien|73/100 tox|[from] item: Leftovers
|-damage|p2a: Wo-Chien|49/100 tox|[from] psn
|upkeep
|turn|41
|
|t:|1758989031
|switch|p2a: Ceruledge|Ceruledge, M|100/100
|move|p1a: Corviknight|Defog|p2a: Ceruledge
|-unboost|p2a: Ceruledge|evasion|1
|-sideend|p1: diesel_bags|Stealth Rock|[from] move: Defog|[of] p1a: Corviknight
|
|upkeep
|turn|42
|
|t:|1758989039
|switch|p1a: Pecharunt|Pecharunt|88/100
|move|p2a: Ceruledge|Swords Dance|p2a: Ceruledge
|-boost|p2a: Ceruledge|atk|2
|
|upkeep
|turn|43
|
|t:|1758989058
|-terastallize|p2a: Ceruledge|Fire
|-terastallize|p1a: Pecharunt|Dark
|move|p2a: Ceruledge|Bitter Blade|p1a: Pecharunt
|-damage|p1a: Pecharunt|15/100
|move|p1a: Pecharunt|Shadow Ball|p2a: Ceruledge
|-damage|p2a: Ceruledge|71/100
|
|upkeep
|turn|44
|
|t:|1758989071
|move|p2a: Ceruledge|Bitter Blade|p1a: Pecharunt
|-damage|p1a: Pecharunt|0 fnt
|-heal|p2a: Ceruledge|81/100|[from] drain|[of] p1a: Pecharunt
|faint|p1a: Pecharunt
|
|upkeep
|
|t:|1758989074
|switch|p1a: Greninja|Greninja, M|41/100
|turn|45
|
|t:|1758989084
|move|p2a: Ceruledge|Shadow Sneak|p1a: Greninja
|-resisted|p1a: Greninja
|-damage|p1a: Greninja|8/100
|move|p1a: Greninja|Sludge Wave|p2a: Ceruledge
|-damage|p2a: Ceruledge|48/100
|
|upkeep
|turn|46
|
|t:|1758989088
|switch|p1a: Corviknight|Corviknight, F|51/100
|move|p2a: Ceruledge|Shadow Sneak|p1a: Corviknight
|-damage|p1a: Corviknight|28/100
|
|upkeep
|turn|47
|
|t:|1758989091
|move|p2a: Ceruledge|Bitter Blade|p1a: Corviknight
|-supereffective|p1a: Corviknight
|-damage|p1a: Corviknight|0 fnt
|-heal|p2a: Ceruledge|67/100|[from] drain|[of] p1a: Corviknight
|faint|p1a: Corviknight
|
|upkeep
|
|t:|1758989093
|switch|p1a: Greninja|Greninja, M|8/100
|turn|48
|-message|diesel_bags forfeited.
|
|win|Rising Ursaring
|raw|diesel_bags's rating: 1432 &rarr; <strong>1412</strong><br />(-20 for losing)
|raw|Rising Ursaring's rating: 1433 &rarr; <strong>1453</strong><br />(+20 for winning)
|l|☆diesel_bags
|player|p1|
|l|☆Rising Ursaring
|player|p2|
