|j|☆BALIGRE
|j|☆NormalDude1989
|t:|1758977777
|gametype|singles
|player|p1|BALIGRE|battlegirl-gen4|1504
|player|p2|NormalDude1989|emmet|1503
|gen|9
|tier|[Gen 9] OU
|rated|
|rule|HP Percentage Mod: HP is shown in percentages
|rule|Endless Battle Clause: Forcing endless battles is banned
|rule|Species Clause: Limit one of each Pokémon
|rule|OHKO Clause: OHKO moves are banned
|rule|Evasion Items Clause: Evasion items are banned
|rule|Evasion Moves Clause: Evasion moves are banned
|rule|Evasion Abilities Clause: Evasion abilities are banned
|rule|Sleep Moves Clause: Sleep-inducing moves are banned
|clearpoke
|poke|p1|Walking Wake|
|poke|p1|Venusaur, M|
|poke|p1|Torkoal, F|
|poke|p1|Skarmory, F|
|poke|p1|Kingambit, M|
|poke|p1|Dragonite, F|
|poke|p2|Kingambit, M|
|poke|p2|Hatterene, F|
|poke|p2|Cinderace, M|
|poke|p2|Great Tusk|
|poke|p2|Latios, M|
|poke|p2|Zapdos|
|teampreview
|inactive|Battle timer is ON: inactive players will automatically lose when time's up. (requested by BALIGRE)
|
|t:|1758977786
|teamsize|p1|6
|teamsize|p2|6
|start
|switch|p1a: Torkoal|Torkoal, F|100/100
|switch|p2a: Minerva|Hatterene, F|100/100
|-weather|SunnyDay|[from] ability: Drought|[of] p1a: Torkoal
|turn|1
|
|t:|1758977804
|move|p2a: Minerva|Nuzzle|p1a: Torkoal
|-damage|p1a: Torkoal|97/100
|-status|p1a: Torkoal|par
|move|p1a: Torkoal|Lava Plume|p2a: Minerva
|-damage|p2a: Minerva|75/100
|
|-weather|SunnyDay|[upkeep]
|upkeep
|turn|2
|
|t:|1758977821
|move|p2a: Minerva|Nuzzle|p1a: Torkoal
|-damage|p1a: Torkoal|94/100 par
|move|p1a: Torkoal|Lava Plume|p2a: Minerva
|-damage|p2a: Minerva|48/100
|
|-weather|SunnyDay|[upkeep]
|upkeep
|turn|3
|
|t:|1758977833
|switch|p1a: Venusaur|Venusaur, M|100/100
|move|p2a: Minerva|Draining Kiss|p1a: Venusaur
|-resisted|p1a: Venusaur
|-damage|p1a: Venusaur|85/100
|-heal|p2a: Minerva|59/100|[from] drain|[of] p1a: Venusaur
|
|-weather|SunnyDay|[upkeep]
|upkeep
|turn|4
|
|t:|1758977842
|-terastallize|p2a: Minerva|Ghost
|move|p1a: Venusaur|Sludge Bomb|p2a: Minerva
|-resisted|p2a: Minerva
|-damage|p2a: Minerva|40/100
|-damage|p1a: Venusaur|75/100|[from] item: Life Orb
|move|p2a: Minerva|Mystical Fire|p1a: Venusaur
|-supereffective|p1a: Venusaur
|-damage|p1a: Venusaur|0 fnt
|faint|p1a: Venusaur
|
|-weather|SunnyDay|[upkeep]
|upkeep
|inactive|BALIGRE has 120 seconds left.
|
|t:|1758977864
|switch|p1a: Walking Wake|Walking Wake|100/100
|-activate|p1a: Walking Wake|ability: Protosynthesis
|-start|p1a: Walking Wake|protosynthesisspa
|turn|5
|
|t:|1758977889
|move|p1a: Walking Wake|Hydro Steam|p2a: Minerva
|-damage|p2a: Minerva|0 fnt
|faint|p2a: Minerva
|
|-weather|SunnyDay|[upkeep]
|upkeep
|
|t:|1758977899
|switch|p2a: Azure|Latios, M|100/100
|turn|6
|inactive|BALIGRE has 120 seconds left.
|
|t:|1758977922
|-terastallize|p1a: Walking Wake|Fairy
|move|p2a: Azure|Draco Meteor|p1a: Walking Wake
|-immune|p1a: Walking Wake
|move|p1a: Walking Wake|Hydro Steam|p2a: Azure
|-resisted|p2a: Azure
|-damage|p2a: Azure|40/100
|
|-weather|SunnyDay|[upkeep]
|upkeep
|turn|7
|
|t:|1758977931
|move|p2a: Azure|Luster Purge|p1a: Walking Wake
|-damage|p1a: Walking Wake|32/100
|move|p1a: Walking Wake|Hydro Steam|p2a: Azure
|-resisted|p2a: Azure
|-damage|p2a: Azure|0 fnt
|faint|p2a: Azure
|
|-weather|SunnyDay|[upkeep]
|upkeep
|
|t:|1758977943
|switch|p2a: Muramasa|Kingambit, M|100/100
|-activate|p2a: Muramasa|ability: Supreme Overlord
|-start|p2a: Muramasa|fallen2|[silent]
|turn|8
|
|t:|1758977956
|move|p1a: Walking Wake|Hydro Steam|p2a: Muramasa
|-damage|p2a: Muramasa|0 fnt
|faint|p2a: Muramasa
|-end|p2a: Muramasa|fallen2|[silent]
|
|-weather|none
|-end|p1a: Walking Wake|Protosynthesis
|upkeep
|
|t:|1758977963
|switch|p2a: Bionic Bunny|Cinderace, M|100/100
|turn|9
|
|t:|1758977981
|-end|p1a: Walking Wake|Protosynthesis|[silent]
|switch|p1a: Dragonite|Dragonite, F|100/100
|move|p2a: Bionic Bunny|Gunk Shot|p1a: Dragonite|[miss]
|-start|p2a: Bionic Bunny|typechange|Poison|[from] ability: Libero
|-miss|p2a: Bionic Bunny|p1a: Dragonite
|
|upkeep
|turn|10
|
|t:|1758977992
|switch|p2a: Morpho|Zapdos|100/100
|move|p1a: Dragonite|Dragon Dance|p1a: Dragonite
|-boost|p1a: Dragonite|atk|1
|-boost|p1a: Dragonite|spe|1
|
|upkeep
|turn|11
|
|t:|1758978001
|move|p1a: Dragonite|Dragon Dance|p1a: Dragonite
|-boost|p1a: Dragonite|atk|1
|-boost|p1a: Dragonite|spe|1
|move|p2a: Morpho|Discharge|p1a: Dragonite
|-damage|p1a: Dragonite|82/100
|
|upkeep
|turn|12
|
|t:|1758978008
|move|p1a: Dragonite|Ice Spinner|p2a: Morpho
|-supereffective|p2a: Morpho
|-damage|p2a: Morpho|8/100
|-damage|p1a: Dragonite|65/100|[from] item: Rocky Helmet|[of] p2a: Morpho
|-status|p1a: Dragonite|par|[from] ability: Static|[of] p2a: Morpho
|move|p2a: Morpho|Discharge|p1a: Dragonite
|-damage|p1a: Dragonite|29/100 par
|
|upkeep
|turn|13
|
|t:|1758978029
|switch|p2a: Ivan|Great Tusk|100/100
|cant|p1a: Dragonite|par
|
|upkeep
|turn|14
|
|t:|1758978038
|move|p2a: Ivan|Rapid Spin|p1a: Dragonite
|-damage|p1a: Dragonite|8/100 par
|-boost|p2a: Ivan|spe|1
|cant|p1a: Dragonite|par
|
|upkeep
|turn|15
|
|t:|1758978048
|move|p1a: Dragonite|Extreme Speed|p2a: Ivan
|-damage|p2a: Ivan|53/100
|move|p2a: Ivan|Bulk Up|p2a: Ivan
|-boost|p2a: Ivan|atk|1
|-boost|p2a: Ivan|def|1
|
|-heal|p2a: Ivan|59/100|[from] item: Leftovers
|upkeep
|turn|16
|
|t:|1758978063
|move|p2a: Ivan|Rapid Spin|p1a: Dragonite
|-damage|p1a: Dragonite|0 fnt
|-boost|p2a: Ivan|spe|1
|faint|p1a: Dragonite
|
|-heal|p2a: Ivan|65/100|[from] item: Leftovers
|upkeep
|
|t:|1758978075
|switch|p1a: Skarmory|Skarmory, F|100/100
|turn|17
|
|t:|1758978079
|move|p2a: Ivan|Temper Flare|p1a: Skarmory
|-supereffective|p1a: Skarmory
|-damage|p1a: Skarmory|52/100
|-damage|p2a: Ivan|48/100|[from] item: Rocky Helmet|[of] p1a: Skarmory
|move|p1a: Skarmory|Body Press|p2a: Ivan
|-damage|p2a: Ivan|33/100
|
|-heal|p2a: Ivan|40/100|[from] item: Leftovers
|upkeep
|turn|18
|
|t:|1758978094
|move|p2a: Ivan|Temper Flare|p1a: Skarmory
|-supereffective|p1a: Skarmory
|-damage|p1a: Skarmory|6/100
|-damage|p2a: Ivan|23/100|[from] item: Rocky Helmet|[of] p1a: Skarmory
|move|p1a: Skarmory|Whirlwind|p2a: Ivan
|-end|p2a: Ivan|Protosynthesis|[silent]
|drag|p2a: Morpho|Zapdos|8/100
|
|upkeep
|turn|19
|
|t:|1758978113
|switch|p1a: Torkoal|Torkoal, F|94/100 par
|-weather|SunnyDay|[from] ability: Drought|[of] p1a: Torkoal
|move|p2a: Morpho|Roost|p2a: Morpho
|-heal|p2a: Morpho|58/100
|-singleturn|p2a: Morpho|move: Roost
|
|-weather|SunnyDay|[upkeep]
|upkeep
|turn|20
|j| gengar's style
|
|t:|1758978137
|move|p2a: Morpho|Roost|p2a: Morpho
|-heal|p2a: Morpho|100/100
|-singleturn|p2a: Morpho|move: Roost
|move|p1a: Torkoal|Lava Plume|p2a: Morpho
|-damage|p2a: Morpho|63/100
|-status|p2a: Morpho|brn
|
|-weather|SunnyDay|[upkeep]
|-damage|p2a: Morpho|57/100 brn|[from] brn
|upkeep
|turn|21
|
|t:|1758978148
|move|p2a: Morpho|Discharge|p1a: Torkoal
|-damage|p1a: Torkoal|65/100 par
|cant|p1a: Torkoal|par
|
|-weather|SunnyDay|[upkeep]
|-damage|p2a: Morpho|51/100 brn|[from] brn
|upkeep
|turn|22
|
|t:|1758978159
|move|p2a: Morpho|Roost|p2a: Morpho
|-heal|p2a: Morpho|100/100 brn
|-singleturn|p2a: Morpho|move: Roost
|move|p1a: Torkoal|Stealth Rock|p2a: Morpho
|-sidestart|p2: NormalDude1989|move: Stealth Rock
|
|-weather|SunnyDay|[upkeep]
|-damage|p2a: Morpho|94/100 brn|[from] brn
|upkeep
|turn|23
|
|t:|1758978170
|move|p2a: Morpho|Discharge|p1a: Torkoal
|-damage|p1a: Torkoal|37/100 par
|move|p1a: Torkoal|Lava Plume|p2a: Morpho
|-damage|p2a: Morpho|62/100 brn
|
|-weather|SunnyDay|[upkeep]
|-damage|p2a: Morpho|56/100 brn|[from] brn
|upkeep
|turn|24
|
|t:|1758978191
|move|p2a: Morpho|Roost|p2a: Morpho
|-heal|p2a: Morpho|100/100 brn
|-singleturn|p2a: Morpho|move: Roost
|move|p1a: Torkoal|Lava Plume|p2a: Morpho
|-damage|p2a: Morpho|65/100 brn
|
|-weather|SunnyDay|[upkeep]
|-damage|p2a: Morpho|59/100 brn|[from] brn
|upkeep
|turn|25
|
|t:|1758978201
|switch|p1a: Walking Wake|Walking Wake, tera:Fairy|32/100
|-activate|p1a: Walking Wake|ability: Protosynthesis
|-start|p1a: Walking Wake|protosynthesisspa
|move|p2a: Morpho|Roost|p2a: Morpho
|-heal|p2a: Morpho|100/100 brn
|-singleturn|p2a: Morpho|move: Roost
|
|-weather|SunnyDay|[upkeep]
|-damage|p2a: Morpho|94/100 brn|[from] brn
|upkeep
|turn|26
|
|t:|1758978221
|move|p1a: Walking Wake|Hydro Steam|p2a: Morpho
|-damage|p2a: Morpho|0 fnt
|faint|p2a: Morpho
|
|-weather|none
|-end|p1a: Walking Wake|Protosynthesis
|upkeep
|
|t:|1758978223
|switch|p2a: Bionic Bunny|Cinderace, M|100/100
|turn|27
|
|t:|1758978236
|-end|p1a: Walking Wake|Protosynthesis|[silent]
|switch|p1a: Skarmory|Skarmory, F|6/100
|move|p2a: Bionic Bunny|Pyro Ball|p1a: Skarmory
|-supereffective|p1a: Skarmory
|-damage|p1a: Skarmory|0 fnt
|faint|p1a: Skarmory
|
|upkeep
|
|t:|1758978252
|switch|p1a: Torkoal|Torkoal, F|37/100 par
|-weather|SunnyDay|[from] ability: Drought|[of] p1a: Torkoal
|turn|28
|
|t:|1758978258
|move|p2a: Bionic Bunny|Pyro Ball|p1a: Torkoal
|-resisted|p1a: Torkoal
|-damage|p1a: Torkoal|6/100 par
|move|p1a: Torkoal|Body Press|p2a: Bionic Bunny
|-damage|p2a: Bionic Bunny|63/100
|
|-weather|SunnyDay|[upkeep]
|upkeep
|turn|29
|
|t:|1758978279
|move|p2a: Bionic Bunny|Court Change|p2a: Bionic Bunny
|-start|p2a: Bionic Bunny|typechange|Normal|[from] ability: Libero
|-swapsideconditions
|-activate|p2a: Bionic Bunny|move: Court Change
|move|p1a: Torkoal|Body Press|p2a: Bionic Bunny
|-supereffective|p2a: Bionic Bunny
|-damage|p2a: Bionic Bunny|0 fnt
|faint|p2a: Bionic Bunny
|
|-weather|SunnyDay|[upkeep]
|upkeep
|
|t:|1758978282
|switch|p2a: Ivan|Great Tusk|23/100
|-activate|p2a: Ivan|ability: Protosynthesis
|-start|p2a: Ivan|protosynthesisatk
|turn|30
|
|t:|1758978296
|move|p2a: Ivan|Rapid Spin|p1a: Torkoal
|-damage|p1a: Torkoal|0 fnt
|-boost|p2a: Ivan|spe|1
|faint|p1a: Torkoal
|
|-weather|SunnyDay|[upkeep]
|-heal|p2a: Ivan|29/100|[from] item: Leftovers
|upkeep
|
|t:|1758978314
|switch|p1a: Kingambit|Kingambit, M|100/100
|-damage|p1a: Kingambit|94/100|[from] Stealth Rock
|-activate|p1a: Kingambit|ability: Supreme Overlord
|-start|p1a: Kingambit|fallen4|[silent]
|turn|31
|
|t:|1758978332
|move|p1a: Kingambit|Sucker Punch|p2a: Ivan
|-resisted|p2a: Ivan
|-damage|p2a: Ivan|10/100
|move|p2a: Ivan|Headlong Rush|p1a: Kingambit
|-supereffective|p1a: Kingambit
|-damage|p1a: Kingambit|0 fnt
|-unboost|p2a: Ivan|def|1
|-unboost|p2a: Ivan|spd|1
|faint|p1a: Kingambit
|-end|p1a: Kingambit|fallen4|[silent]
|
|-weather|SunnyDay|[upkeep]
|-heal|p2a: Ivan|16/100|[from] item: Leftovers
|upkeep
|inactive|BALIGRE has 120 seconds left.
|
|t:|1758978343
|switch|p1a: Walking Wake|Walking Wake, tera:Fairy|32/100
|-damage|p1a: Walking Wake|19/100|[from] Stealth Rock
|-activate|p1a: Walking Wake|ability: Protosynthesis
|-start|p1a: Walking Wake|protosynthesisspa
|turn|32
|
|t:|1758978356
|move|p2a: Ivan|Headlong Rush|p1a: Walking Wake
|-damage|p1a: Walking Wake|0 fnt
|-unboost|p2a: Ivan|def|1
|-unboost|p2a: Ivan|spd|1
|faint|p1a: Walking Wake
|-end|p1a: Walking Wake|Protosynthesis|[silent]
|
|win|NormalDude1989
|raw|BALIGRE's rating: 1504 &rarr; <strong>1484</strong><br />(-20 for losing)
|raw|NormalDude1989's rating: 1503 &rarr; <strong>1523</strong><br />(+20 for winning)
|c|☆NormalDude1989|bg, ever bother using sun or walking wake ever again
|l|☆BALIGRE
|player|p1|
|l|☆NormalDude1989
|player|p2|
