|j|☆Wowbigsmall
|j|☆tcloud
|t:|1759019354
|gametype|singles
|player|p1|Wowbigsmall|2|1544
|player|p2|tcloud|fisherman-gen4|1578
|gen|9
|tier|[Gen 9] OU
|rated|
|rule|HP Percentage Mod: HP is shown in percentages
|rule|Endless Battle Clause: Forcing endless battles is banned
|rule|Species Clause: Limit one of each Pokémon
|rule|OHKO Clause: OHKO moves are banned
|rule|Evasion Items Clause: Evasion items are banned
|rule|Evasion Moves Clause: Evasion moves are banned
|rule|Evasion Abilities Clause: Evasion abilities are banned
|rule|Sleep Moves Clause: Sleep-inducing moves are banned
|clearpoke
|poke|p1|Hoopa-Unbound|
|poke|p1|Enamorus, F|
|poke|p1|Garchomp, M|
|poke|p1|Pecharunt|
|poke|p1|Hatterene, F|
|poke|p1|Kingambit, M|
|poke|p2|Frosmoth, F|
|poke|p2|Pincurchin, M|
|poke|p2|Raichu-Alola, M|
|poke|p2|Iron Hands|
|poke|p2|Rotom-Wash|
|poke|p2|Pawmot, M|
|teampreview
|
|t:|1759019398
|teamsize|p1|6
|teamsize|p2|6
|start
|switch|p1a: Hoopa|Hoopa-Unbound|100/100
|switch|p2a: William O' Wisp|Rotom-Wash|100/100
|turn|1
|
|t:|1759019407
|move|p1a: Hoopa|Zen Headbutt|p2a: William O' Wisp
|-damage|p2a: William O' Wisp|11/100
|move|p2a: William O' Wisp|Light Screen|p2a: William O' Wisp
|-sidestart|p2: tcloud|move: Light Screen
|
|upkeep
|turn|2
|
|t:|1759019417
|move|p1a: Hoopa|Zen Headbutt|p2a: William O' Wisp
|-damage|p2a: William O' Wisp|0 fnt
|faint|p2a: William O' Wisp
|
|upkeep
|
|t:|1759019424
|switch|p2a: OH YEAH!! YEAHH!!!|Pincurchin, M|100/100
|-fieldstart|move: Electric Terrain|[from] ability: Electric Surge|[of] p2a: OH YEAH!! YEAHH!!!
|turn|3
|
|t:|1759019436
|switch|p1a: Garchomp|Garchomp, M|100/100
|switch|p2a: Iron Deficiency|Iron Hands|100/100
|-activate|p2a: Iron Deficiency|ability: Quark Drive
|-start|p2a: Iron Deficiency|quarkdriveatk
|
|upkeep
|turn|4
|
|t:|1759019445
|move|p1a: Garchomp|Earthquake|p2a: Iron Deficiency
|-supereffective|p2a: Iron Deficiency
|-damage|p2a: Iron Deficiency|50/100
|move|p2a: Iron Deficiency|Ice Punch|p1a: Garchomp
|-supereffective|p1a: Garchomp
|-damage|p1a: Garchomp|1/100
|-damage|p2a: Iron Deficiency|37/100|[from] ability: Rough Skin|[of] p1a: Garchomp
|-damage|p2a: Iron Deficiency|21/100|[from] item: Rocky Helmet|[of] p1a: Garchomp
|
|upkeep
|turn|5
|
|t:|1759019454
|move|p1a: Garchomp|Stealth Rock|p2a: Iron Deficiency
|-sidestart|p2: tcloud|move: Stealth Rock
|move|p2a: Iron Deficiency|Ice Punch|p1a: Garchomp
|-supereffective|p1a: Garchomp
|-damage|p1a: Garchomp|0 fnt
|-damage|p2a: Iron Deficiency|8/100|[from] ability: Rough Skin|[of] p1a: Garchomp
|-damage|p2a: Iron Deficiency|0 fnt|[from] item: Rocky Helmet|[of] p1a: Garchomp
|faint|p1a: Garchomp
|faint|p2a: Iron Deficiency
|-end|p2a: Iron Deficiency|Quark Drive|[silent]
|
|upkeep
|
|t:|1759019472
|switch|p1a: Hoopa|Hoopa-Unbound|100/100
|switch|p2a: Finger Eleven|Frosmoth, F, shiny|100/100
|turn|6
|
|t:|1759019477
|move|p1a: Hoopa|Zen Headbutt|p2a: Finger Eleven
|-damage|p2a: Finger Eleven|0 fnt
|faint|p2a: Finger Eleven
|
|upkeep
|
|t:|1759019480
|switch|p2a: Surf's Up (2007)|Raichu-Alola, M|100/100
|-damage|p2a: Surf's Up (2007)|88/100|[from] Stealth Rock
|turn|7
|
|t:|1759019499
|-terastallize|p2a: Surf's Up (2007)|Fairy
|move|p2a: Surf's Up (2007)|Alluring Voice|p1a: Hoopa
|-supereffective|p1a: Hoopa
|-damage|p1a: Hoopa|0 fnt
|faint|p1a: Hoopa
|
|upkeep
|
|t:|1759019510
|switch|p1a: Hatterene|Hatterene, F|100/100
|turn|8
|
|t:|1759019513
|move|p2a: Surf's Up (2007)|Alluring Voice|p1a: Hatterene
|-damage|p1a: Hatterene|65/100
|move|p1a: Hatterene|Nuzzle|p2a: Surf's Up (2007)
|-damage|p2a: Surf's Up (2007)|77/100
|-status|p2a: Surf's Up (2007)|par
|
|-sideend|p2: tcloud|move: Light Screen
|upkeep
|turn|9
|
|t:|1759019523
|cant|p2a: Surf's Up (2007)|par
|move|p1a: Hatterene|Draining Kiss|p2a: Surf's Up (2007)
|-damage|p2a: Surf's Up (2007)|35/100 par
|-heal|p1a: Hatterene|91/100|[from] drain|[of] p2a: Surf's Up (2007)
|
|upkeep
|turn|10
|
|t:|1759019529
|move|p2a: Surf's Up (2007)|Alluring Voice|p1a: Hatterene
|-damage|p1a: Hatterene|51/100
|move|p1a: Hatterene|Draining Kiss|p2a: Surf's Up (2007)
|-damage|p2a: Surf's Up (2007)|0 fnt
|-heal|p1a: Hatterene|72/100|[from] drain|[of] p2a: Surf's Up (2007)
|faint|p2a: Surf's Up (2007)
|
|-fieldend|move: Electric Terrain
|upkeep
|
|t:|1759019530
|switch|p2a: Evanescence|Pawmot, M|100/100
|-damage|p2a: Evanescence|95/100|[from] Stealth Rock
|turn|11
|
|t:|1759019534
|move|p2a: Evanescence|Revival Blessing|p2a: Evanescence
|-enditem|p2a: Evanescence|Leppa Berry|[eat]
|-activate|p2a: Evanescence|item: Leppa Berry|Revival Blessing|[consumed]
|
|t:|1759019538
|-heal|p2: Surf's Up (2007)|50/100|[from] move: Revival Blessing
|move|p1a: Hatterene|Draining Kiss|p2a: Evanescence
|-supereffective|p2a: Evanescence
|-damage|p2a: Evanescence|0 fnt
|-heal|p1a: Hatterene|100/100|[from] drain|[of] p2a: Evanescence
|faint|p2a: Evanescence
|
|upkeep
|
|t:|1759019540
|switch|p2a: OH YEAH!! YEAHH!!!|Pincurchin, M|100/100
|-damage|p2a: OH YEAH!! YEAHH!!!|88/100|[from] Stealth Rock
|-fieldstart|move: Electric Terrain|[from] ability: Electric Surge|[of] p2a: OH YEAH!! YEAHH!!!
|turn|12
|
|t:|1759019553
|switch|p1a: Pecharunt|Pecharunt|100/100
|move|p2a: OH YEAH!! YEAHH!!!|Discharge|p1a: Pecharunt
|-damage|p1a: Pecharunt|68/100
|-status|p1a: Pecharunt|par
|
|upkeep
|turn|13
|
|t:|1759019561
|cant|p1a: Pecharunt|par
|move|p2a: OH YEAH!! YEAHH!!!|Memento|p1a: Pecharunt
|-unboost|p1a: Pecharunt|atk|2
|-unboost|p1a: Pecharunt|spa|2
|faint|p2a: OH YEAH!! YEAHH!!!
|
|upkeep
|
|t:|1759019562
|switch|p2a: Surf's Up (2007)|Raichu-Alola, M|50/100
|-damage|p2a: Surf's Up (2007)|38/100|[from] Stealth Rock
|turn|14
|
|t:|1759019567
|move|p2a: Surf's Up (2007)|Volt Switch|p1a: Pecharunt
|-crit|p1a: Pecharunt
|-damage|p1a: Pecharunt|0 fnt
|faint|p1a: Pecharunt
|
|upkeep
|
|t:|1759019578
|switch|p1a: Kingambit|Kingambit, M|100/100
|-activate|p1a: Kingambit|ability: Supreme Overlord
|-start|p1a: Kingambit|fallen3|[silent]
|turn|15
|
|t:|1759019589
|move|p1a: Kingambit|Sucker Punch|p2a: Surf's Up (2007)
|-supereffective|p2a: Surf's Up (2007)
|-crit|p2a: Surf's Up (2007)
|-damage|p2a: Surf's Up (2007)|0 fnt
|faint|p2a: Surf's Up (2007)
|
|win|Wowbigsmall
|raw|Wowbigsmall's rating: 1544 &rarr; <strong>1566</strong><br />(+22 for winning)
|raw|tcloud's rating: 1578 &rarr; <strong>1556</strong><br />(-22 for losing)
|l|☆Wowbigsmall
|player|p1|
|l|☆tcloud
|player|p2|
