|j|☆animeGametestteam
|j|☆bmack111
|t:|1758941731
|gametype|singles
|player|p1|animeGametestteam|acetrainer-gen4dp|1278
|player|p2|bmack111|veteran|1273
|gen|9
|tier|[Gen 9] OU
|rated|
|rule|HP Percentage Mod: HP is shown in percentages
|rule|Endless Battle Clause: Forcing endless battles is banned
|rule|Species Clause: Limit one of each Pokémon
|rule|OHKO Clause: OHKO moves are banned
|rule|Evasion Items Clause: Evasion items are banned
|rule|Evasion Moves Clause: Evasion moves are banned
|rule|Evasion Abilities Clause: Evasion abilities are banned
|rule|Sleep Moves Clause: Sleep-inducing moves are banned
|clearpoke
|poke|p1|Torterra, M|
|poke|p1|Garchomp, M|
|poke|p1|Electivire, M|
|poke|p1|Weavile, M|
|poke|p1|Gyarados, M|
|poke|p1|Metagross|
|poke|p2|Gholdengo|
|poke|p2|Zamazenta-*|
|poke|p2|Ting-Lu|
|poke|p2|Clefable, F|
|poke|p2|Dragonite, M|
|poke|p2|Deoxys-Speed|
|teampreview
|
|t:|1758941748
|teamsize|p1|6
|teamsize|p2|6
|start
|switch|p1a: Garchomp|Garchomp, M|100/100
|switch|p2a: Deoxys|Deoxys-Speed|100/100
|-ability|p2a: Deoxys|Pressure
|turn|1
|
|t:|1758941766
|-terastallize|p1a: Garchomp|Steel
|move|p2a: Deoxys|Ice Beam|p1a: Garchomp
|-resisted|p1a: Garchomp
|-damage|p1a: Garchomp|86/100
|move|p1a: Garchomp|Scale Shot|p2a: Deoxys
|-damage|p2a: Deoxys|82/100
|-damage|p2a: Deoxys|64/100
|-damage|p2a: Deoxys|45/100
|-damage|p2a: Deoxys|27/100
|-hitcount|p2a: Deoxys|4
|-unboost|p1a: Garchomp|def|1
|-boost|p1a: Garchomp|spe|1
|
|upkeep
|turn|2
|
|t:|1758941782
|move|p1a: Garchomp|Scale Shot|p2a: Deoxys
|-damage|p2a: Deoxys|8/100
|-damage|p2a: Deoxys|0 fnt
|faint|p2a: Deoxys
|-hitcount|p2: Deoxys|2
|-unboost|p1a: Garchomp|def|1
|-boost|p1a: Garchomp|spe|1
|
|upkeep
|
|t:|1758941787
|switch|p2a: Ting-Lu|Ting-Lu|100/100
|-ability|p2a: Ting-Lu|Vessel of Ruin
|turn|3
|
|t:|1758941809
|switch|p1a: Torterra|Torterra, M|100/100
|move|p2a: Ting-Lu|Earthquake|p1a: Torterra
|-resisted|p1a: Torterra
|-damage|p1a: Torterra|83/100
|
|upkeep
|turn|4
|
|t:|1758941841
|switch|p2a: Zamazenta|Zamazenta|100/100
|-ability|p2a: Zamazenta|Dauntless Shield|boost
|-boost|p2a: Zamazenta|def|1
|move|p1a: Torterra|Shell Smash|p1a: Torterra
|-unboost|p1a: Torterra|def|1
|-unboost|p1a: Torterra|spd|1
|-boost|p1a: Torterra|atk|2
|-boost|p1a: Torterra|spa|2
|-boost|p1a: Torterra|spe|2
|-enditem|p1a: Torterra|White Herb
|-clearnegativeboost|p1a: Torterra|[silent]
|
|upkeep
|turn|5
|
|t:|1758941855
|move|p1a: Torterra|Wood Hammer|p2a: Zamazenta
|-damage|p2a: Zamazenta|25/100
|-damage|p1a: Torterra|58/100|[from] Recoil
|move|p2a: Zamazenta|Ice Fang|p1a: Torterra
|-supereffective|p1a: Torterra
|-damage|p1a: Torterra|0 fnt
|faint|p1a: Torterra
|
|upkeep
|
|t:|1758941891
|switch|p1a: Gyarados|Gyarados, M|100/100
|turn|6
|
|t:|1758941897
|move|p2a: Zamazenta|Stone Edge|p1a: Gyarados|[miss]
|-miss|p2a: Zamazenta|p1a: Gyarados
|move|p1a: Gyarados|Dragon Dance|p1a: Gyarados
|-boost|p1a: Gyarados|atk|1
|-boost|p1a: Gyarados|spe|1
|
|upkeep
|turn|7
|
|t:|1758941905
|move|p1a: Gyarados|Waterfall|p2a: Zamazenta
|-damage|p2a: Zamazenta|0 fnt
|faint|p2a: Zamazenta
|-ability|p1a: Gyarados|Moxie|boost
|-boost|p1a: Gyarados|atk|1
|
|upkeep
|
|t:|1758941913
|switch|p2a: Dragonite|Dragonite, M|100/100
|turn|8
|
|t:|1758941917
|move|p1a: Gyarados|Waterfall|p2a: Dragonite
|-resisted|p2a: Dragonite
|-damage|p2a: Dragonite|81/100
|cant|p2a: Dragonite|flinch
|
|upkeep
|turn|9
|
|t:|1758941924
|move|p1a: Gyarados|Waterfall|p2a: Dragonite
|-resisted|p2a: Dragonite
|-damage|p2a: Dragonite|46/100
|cant|p2a: Dragonite|flinch
|
|upkeep
|turn|10
|
|t:|1758941931
|move|p1a: Gyarados|Waterfall|p2a: Dragonite
|-resisted|p2a: Dragonite
|-damage|p2a: Dragonite|8/100
|cant|p2a: Dragonite|flinch
|
|upkeep
|turn|11
|c|☆bmack111|unfortunate doesn't even begin to describe this
|
|t:|1758941946
|move|p1a: Gyarados|Waterfall|p2a: Dragonite
|-resisted|p2a: Dragonite
|-damage|p2a: Dragonite|0 fnt
|faint|p2a: Dragonite
|-ability|p1a: Gyarados|Moxie|boost
|-boost|p1a: Gyarados|atk|1
|
|upkeep
|
|t:|1758941950
|switch|p2a: Gholdengo|Gholdengo|100/100
|turn|12
|
|t:|1758941958
|-terastallize|p2a: Gholdengo|Fairy
|move|p1a: Gyarados|Earthquake|p2a: Gholdengo
|-damage|p2a: Gholdengo|36/100
|move|p2a: Gholdengo|Shadow Ball|p1a: Gyarados
|-damage|p1a: Gyarados|66/100
|
|upkeep
|turn|13
|
|t:|1758941967
|move|p1a: Gyarados|Waterfall|p2a: Gholdengo
|-damage|p2a: Gholdengo|0 fnt
|faint|p2a: Gholdengo
|-ability|p1a: Gyarados|Moxie|boost
|-boost|p1a: Gyarados|atk|1
|
|upkeep
|
|t:|1758941998
|switch|p2a: Clefable|Clefable, F|100/100
|turn|14
|
|t:|1758942007
|move|p1a: Gyarados|Waterfall|p2a: Clefable
|-damage|p2a: Clefable|2/100
|-damage|p1a: Gyarados|49/100|[from] item: Rocky Helmet|[of] p2a: Clefable
|move|p2a: Clefable|Stealth Rock|p1a: Gyarados
|-sidestart|p1: animeGametestteam|move: Stealth Rock
|
|upkeep
|turn|15
|
|t:|1758942015
|move|p1a: Gyarados|Earthquake|p2a: Clefable
|-damage|p2a: Clefable|0 fnt
|faint|p2a: Clefable
|-ability|p1a: Gyarados|Moxie|boost
|-boost|p1a: Gyarados|atk|1
|
|upkeep
|c|☆bmack111|gg
|-message|bmack111 forfeited.
|
|win|animeGametestteam
|raw|animeGametestteam's rating: 1278 &rarr; <strong>1303</strong><br />(+25 for winning)
|raw|bmack111's rating: 1273 &rarr; <strong>1248</strong><br />(-25 for losing)
|l|☆bmack111
|player|p2|
