|j|☆azraelyne
|j|☆caijin
|t:|1758952842
|gametype|singles
|player|p1|azraelyne|101|1138
|player|p2|caijin|bianca|1119
|gen|9
|tier|[Gen 9] OU
|rated|
|rule|HP Percentage Mod: HP is shown in percentages
|rule|Endless Battle Clause: Forcing endless battles is banned
|rule|Species Clause: Limit one of each Pokémon
|rule|OHKO Clause: OHKO moves are banned
|rule|Evasion Items Clause: Evasion items are banned
|rule|Evasion Moves Clause: Evasion moves are banned
|rule|Evasion Abilities Clause: Evasion abilities are banned
|rule|Sleep Moves Clause: Sleep-inducing moves are banned
|clearpoke
|poke|p1|Klefki, M|
|poke|p1|Lurantis, F|
|poke|p1|Torkoal, F|
|poke|p1|Iron Valiant|
|poke|p1|Araquanid, M|
|poke|p1|Dondozo, F|
|poke|p2|Serperior, F|
|poke|p2|Meowstic, M|
|poke|p2|Chandelure, M|
|poke|p2|Pawmot, F|
|poke|p2|Noivern, M|
|poke|p2|Florges-Blue, F|
|teampreview
|inactive|Battle timer is ON: inactive players will automatically lose when time's up. (requested by caijin)
|
|t:|1758952863
|teamsize|p1|6
|teamsize|p2|6
|start
|switch|p1a: Klefki|Klefki, M|100/100
|switch|p2a: Mirror|Meowstic, M|100/100
|turn|1
|
|t:|1758952873
|move|p2a: Mirror|Thunder Wave|p1a: Klefki|[miss]
|-miss|p2a: Mirror|p1a: Klefki
|move|p1a: Klefki|Trick Room|p1a: Klefki
|-fieldstart|move: Trick Room|[of] p1a: Klefki
|
|upkeep
|turn|2
|
|t:|1758952879
|move|p2a: Mirror|Thunder Wave|p1a: Klefki
|-status|p1a: Klefki|par
|move|p1a: Klefki|Steel Beam|p2a: Mirror
|-damage|p2a: Mirror|35/100
|-damage|p1a: Klefki|50/100 par|[from] steelbeam
|
|upkeep
|turn|3
|
|t:|1758952887
|move|p2a: Mirror|Light Screen|p2a: Mirror
|-sidestart|p2: caijin|move: Light Screen
|move|p1a: Klefki|Steel Beam|p2a: Mirror
|-damage|p2a: Mirror|0 fnt
|-damage|p1a: Klefki|0 fnt|[from] steelbeam
|faint|p1a: Klefki
|faint|p2a: Mirror
|
|upkeep
|
|t:|1758952904
|switch|p1a: Araquanid|Araquanid, M|100/100
|switch|p2a: Lisianthus|Florges-Blue, F|100/100
|turn|4
|
|t:|1758952913
|move|p1a: Araquanid|Poison Jab|p2a: Lisianthus
|-supereffective|p2a: Lisianthus
|-damage|p2a: Lisianthus|6/100
|move|p2a: Lisianthus|Moonblast|p1a: Araquanid
|-damage|p1a: Araquanid|60/100
|
|upkeep
|turn|5
|
|t:|1758952923
|move|p1a: Araquanid|Poison Jab|p2a: Lisianthus
|-supereffective|p2a: Lisianthus
|-damage|p2a: Lisianthus|0 fnt
|faint|p2a: Lisianthus
|
|-fieldend|move: Trick Room
|upkeep
|
|t:|1758952929
|switch|p2a: Camellia|Serperior, F|100/100
|turn|6
|
|t:|1758952935
|move|p2a: Camellia|Bullet Seed|p1a: Araquanid
|-damage|p1a: Araquanid|50/100
|-damage|p1a: Araquanid|39/100
|-damage|p1a: Araquanid|28/100
|-damage|p1a: Araquanid|18/100
|-hitcount|p1a: Araquanid|4
|move|p1a: Araquanid|Poison Jab|p2a: Camellia
|-supereffective|p2a: Camellia
|-damage|p2a: Camellia|22/100
|-status|p2a: Camellia|psn
|
|-damage|p2a: Camellia|10/100 psn|[from] psn
|upkeep
|turn|7
|
|t:|1758952948
|move|p2a: Camellia|Scale Shot|p1a: Araquanid
|-damage|p1a: Araquanid|11/100
|-damage|p1a: Araquanid|5/100
|-damage|p1a: Araquanid|0 fnt
|faint|p1a: Araquanid
|-hitcount|p1: Araquanid|3
|-unboost|p2a: Camellia|def|1
|-boost|p2a: Camellia|spe|1
|
|-damage|p2a: Camellia|0 fnt|[from] psn
|faint|p2a: Camellia
|upkeep
|
|t:|1758952961
|switch|p2a: Apricot|Pawmot, F|100/100
|switch|p1a: Iron Valiant|Iron Valiant|100/100
|-enditem|p1a: Iron Valiant|Booster Energy
|-activate|p1a: Iron Valiant|ability: Quark Drive|[fromitem]
|-start|p1a: Iron Valiant|quarkdrivespe
|turn|8
|
|t:|1758952972
|-terastallize|p2a: Apricot|Electric
|move|p2a: Apricot|Double Shock|p1a: Iron Valiant
|-damage|p1a: Iron Valiant|20/100
|-start|p2a: Apricot|typechange|Electric|[from] move: Double Shock
|move|p1a: Iron Valiant|Trick Room|p1a: Iron Valiant
|-fieldstart|move: Trick Room|[of] p1a: Iron Valiant
|
|upkeep
|turn|9
|
|t:|1758952992
|switch|p2a: Shyouko|Chandelure, M|100/100
|move|p1a: Iron Valiant|Taunt|p2a: Shyouko
|-start|p2a: Shyouko|move: Taunt
|
|upkeep
|turn|10
|
|t:|1758953009
|-end|p1a: Iron Valiant|Quark Drive|[silent]
|switch|p1a: Torkoal|Torkoal, F|100/100
|-weather|SunnyDay|[from] ability: Drought|[of] p1a: Torkoal
|move|p2a: Shyouko|Shadow Ball|p1a: Torkoal
|-damage|p1a: Torkoal|38/100
|-damage|p2a: Shyouko|91/100|[from] item: Life Orb
|
|-weather|SunnyDay|[upkeep]
|-sideend|p2: caijin|move: Light Screen
|upkeep
|turn|11
|
|t:|1758953025
|move|p1a: Torkoal|Solar Beam||[still]
|-prepare|p1a: Torkoal|Solar Beam
|-anim|p1a: Torkoal|Solar Beam|p2a: Shyouko
|-resisted|p2a: Shyouko
|-damage|p2a: Shyouko|66/100
|move|p2a: Shyouko|Shadow Ball|p1a: Torkoal
|-damage|p1a: Torkoal|0 fnt
|faint|p1a: Torkoal
|-damage|p2a: Shyouko|56/100|[from] item: Life Orb
|
|-weather|SunnyDay|[upkeep]
|-end|p2a: Shyouko|move: Taunt
|upkeep
|inactive|azraelyne has 120 seconds left.
|
|t:|1758953041
|switch|p1a: Dondozo|Dondozo, F|100/100
|turn|12
|
|t:|1758953047
|move|p1a: Dondozo|Curse|p1a: Dondozo
|-unboost|p1a: Dondozo|spe|1
|-boost|p1a: Dondozo|atk|1
|-boost|p1a: Dondozo|def|1
|move|p2a: Shyouko|Energy Ball|p1a: Dondozo
|-supereffective|p1a: Dondozo
|-damage|p1a: Dondozo|13/100
|-damage|p2a: Shyouko|46/100|[from] item: Life Orb
|
|-weather|SunnyDay|[upkeep]
|-fieldend|move: Trick Room
|upkeep
|turn|13
|inactive|azraelyne has 120 seconds left.
|
|t:|1758953072
|move|p2a: Shyouko|Energy Ball|p1a: Dondozo
|-supereffective|p1a: Dondozo
|-damage|p1a: Dondozo|0 fnt
|faint|p1a: Dondozo
|-damage|p2a: Shyouko|36/100|[from] item: Life Orb
|
|-weather|SunnyDay|[upkeep]
|upkeep
|
|t:|1758953080
|switch|p1a: Iron Valiant|Iron Valiant|20/100
|turn|14
|
|t:|1758953086
|move|p2a: Shyouko|Shadow Ball|p1a: Iron Valiant
|-damage|p1a: Iron Valiant|0 fnt
|faint|p1a: Iron Valiant
|-end|p1a: Iron Valiant|Quark Drive|[silent]
|-damage|p2a: Shyouko|26/100|[from] item: Life Orb
|
|-weather|none
|upkeep
|
|t:|1758953094
|switch|p1a: Lurantis|Lurantis, F|100/100
|turn|15
|
|t:|1758953103
|-terastallize|p1a: Lurantis|Stellar
|move|p2a: Shyouko|Overheat|p1a: Lurantis
|-supereffective|p1a: Lurantis
|-damage|p1a: Lurantis|0 fnt
|-unboost|p2a: Shyouko|spa|2
|faint|p1a: Lurantis
|-damage|p2a: Shyouko|16/100|[from] item: Life Orb
|
|win|caijin
|raw|azraelyne's rating: 1110 &rarr; <strong>1086</strong><br />(-24 for losing)
|raw|caijin's rating: 1119 &rarr; <strong>1143</strong><br />(+24 for winning)
