|j|☆TsekaiAndIncognito
|j|☆pablo honey
|t:|1758965295
|gametype|singles
|player|p1|TsekaiAndIncognito|hilbert|1435
|player|p2|pablo honey|lucas|1455
|gen|9
|tier|[Gen 9] OU
|rated|
|rule|HP Percentage Mod: HP is shown in percentages
|rule|Endless Battle Clause: Forcing endless battles is banned
|rule|Species Clause: Limit one of each Pokémon
|rule|OHKO Clause: OHKO moves are banned
|rule|Evasion Items Clause: Evasion items are banned
|rule|Evasion Moves Clause: Evasion moves are banned
|rule|Evasion Abilities Clause: Evasion abilities are banned
|rule|Sleep Moves Clause: Sleep-inducing moves are banned
|clearpoke
|poke|p1|Heatran, M|
|poke|p1|Meowscarada, F|
|poke|p1|Raging Bolt|
|poke|p1|Zamazenta-*|
|poke|p1|Lokix, F|
|poke|p1|Haxorus, M|
|poke|p2|Scizor, M|
|poke|p2|Moltres|
|poke|p2|Alomomola, M|
|poke|p2|Gliscor, M|
|poke|p2|Darkrai|
|poke|p2|Cinderace, F|
|teampreview
|inactive|Battle timer is ON: inactive players will automatically lose when time's up. (requested by TsekaiAndIncognito)
|
|t:|1758965316
|teamsize|p1|6
|teamsize|p2|6
|start
|switch|p1a: Meowscarada|Meowscarada, F, shiny|100/100
|switch|p2a: Scizor|Scizor, M|100/100
|turn|1
|
|t:|1758965322
|move|p1a: Meowscarada|U-turn|p2a: Scizor
|-start|p1a: Meowscarada|typechange|Bug|[from] ability: Protean
|-resisted|p2a: Scizor
|-damage|p2a: Scizor|72/100
|
|t:|1758965324
|switch|p1a: Heatran|Heatran, M|100/100|[from] U-turn
|move|p2a: Scizor|U-turn|p1a: Heatran
|-resisted|p1a: Heatran
|-damage|p1a: Heatran|87/100
|
|t:|1758965331
|switch|p2a: Gliscor|Gliscor, M|100/100|[from] U-turn
|
|-status|p2a: Gliscor|tox|[from] item: Toxic Orb
|upkeep
|turn|2
|
|t:|1758965340
|switch|p1a: Meowscarada|Meowscarada, F, shiny|100/100
|move|p2a: Gliscor|Stealth Rock|p1a: Meowscarada
|-sidestart|p1: TsekaiAndIncognito|move: Stealth Rock
|
|upkeep
|turn|3
|
|t:|1758965345
|move|p1a: Meowscarada|Triple Axel|p2a: Gliscor
|-start|p1a: Meowscarada|typechange|Ice|[from] ability: Protean
|-supereffective|p2a: Gliscor
|-damage|p2a: Gliscor|55/100 tox
|-supereffective|p2a: Gliscor
|-damage|p2a: Gliscor|0 fnt
|faint|p2a: Gliscor
|-hitcount|p2: Gliscor|2
|
|upkeep
|
|t:|1758965353
|switch|p2a: Scizor|Scizor, M|72/100
|turn|4
|
|t:|1758965358
|switch|p1a: Zamazenta|Zamazenta|100/100
|-damage|p1a: Zamazenta|94/100|[from] Stealth Rock
|-ability|p1a: Zamazenta|Dauntless Shield|boost
|-boost|p1a: Zamazenta|def|1
|move|p2a: Scizor|Close Combat|p1a: Zamazenta
|-damage|p1a: Zamazenta|50/100
|-unboost|p2a: Scizor|def|1
|-unboost|p2a: Scizor|spd|1
|
|upkeep
|turn|5
|
|t:|1758965364
|switch|p1a: Heatran|Heatran, M|87/100
|-damage|p1a: Heatran|74/100|[from] Stealth Rock
|switch|p2a: Moltres|Moltres|100/100
|
|upkeep
|turn|6
|
|t:|1758965367
|move|p1a: Heatran|Power Gem|p2a: Moltres
|-supereffective|p2a: Moltres
|-damage|p2a: Moltres|0 fnt
|faint|p2a: Moltres
|
|upkeep
|
|t:|1758965372
|switch|p2a: Darkrai|Darkrai|100/100
|turn|7
|
|t:|1758965377
|switch|p1a: Zamazenta|Zamazenta|50/100
|-damage|p1a: Zamazenta|44/100|[from] Stealth Rock
|move|p2a: Darkrai|Nasty Plot|p2a: Darkrai
|-boost|p2a: Darkrai|spa|2
|
|upkeep
|turn|8
|
|t:|1758965383
|-terastallize|p2a: Darkrai|Poison
|move|p2a: Darkrai|Dark Pulse|p1a: Zamazenta
|-resisted|p1a: Zamazenta
|-damage|p1a: Zamazenta|3/100
|move|p1a: Zamazenta|Close Combat|p2a: Darkrai
|-resisted|p2a: Darkrai
|-damage|p2a: Darkrai|60/100
|-unboost|p1a: Zamazenta|def|1
|-unboost|p1a: Zamazenta|spd|1
|
|-heal|p2a: Darkrai|66/100|[from] item: Leftovers
|upkeep
|turn|9
|
|t:|1758965394
|move|p2a: Darkrai|Dark Pulse|p1a: Zamazenta
|-resisted|p1a: Zamazenta
|-damage|p1a: Zamazenta|0 fnt
|faint|p1a: Zamazenta
|
|-heal|p2a: Darkrai|72/100|[from] item: Leftovers
|upkeep
|
|t:|1758965414
|switch|p1a: Raging Bolt|Raging Bolt|100/100
|-damage|p1a: Raging Bolt|88/100|[from] Stealth Rock
|turn|10
|
|t:|1758965418
|move|p1a: Raging Bolt|Thunderclap|p2a: Darkrai
|-damage|p2a: Darkrai|12/100
|move|p2a: Darkrai|Ice Beam|p1a: Raging Bolt
|-supereffective|p1a: Raging Bolt
|-damage|p1a: Raging Bolt|0 fnt
|faint|p1a: Raging Bolt
|-end|p1a: Raging Bolt|Protosynthesis|[silent]
|
|-heal|p2a: Darkrai|18/100|[from] item: Leftovers
|upkeep
|
|t:|1758965421
|switch|p1a: Lokix|Lokix, F, shiny|100/100
|-damage|p1a: Lokix|76/100|[from] Stealth Rock
|turn|11
|
|t:|1758965431
|switch|p2a: Alomomola|Alomomola, M|100/100
|move|p1a: Lokix|Sucker Punch||[still]
|-fail|p1a: Lokix
|
|upkeep
|turn|12
|
|t:|1758965434
|move|p1a: Lokix|Swords Dance|p1a: Lokix
|-boost|p1a: Lokix|atk|2
|move|p2a: Alomomola|Flip Turn|p1a: Lokix
|-damage|p1a: Lokix|52/100
|
|t:|1758965438
|switch|p2a: Cinderace|Cinderace, F|100/100|[from] Flip Turn
|
|upkeep
|turn|13
|
|t:|1758965446
|switch|p2a: Scizor|Scizor, M|72/100
|move|p1a: Lokix|Sucker Punch||[still]
|-fail|p1a: Lokix
|
|upkeep
|turn|14
|
|t:|1758965449
|move|p1a: Lokix|Sucker Punch|p2a: Scizor
|-damage|p2a: Scizor|4/100
|move|p2a: Scizor|Bullet Punch|p1a: Lokix
|-damage|p1a: Lokix|0 fnt
|faint|p1a: Lokix
|
|upkeep
|
|t:|1758965454
|switch|p1a: Heatran|Heatran, M|74/100
|-damage|p1a: Heatran|62/100|[from] Stealth Rock
|turn|15
|
|t:|1758965458
|switch|p2a: Alomomola|Alomomola, M|100/100
|-terastallize|p1a: Heatran|Fire
|move|p1a: Heatran|Magma Storm|p2a: Alomomola
|-resisted|p2a: Alomomola
|-damage|p2a: Alomomola|71/100
|-activate|p2a: Alomomola|move: Magma Storm|[of] p1a: Heatran
|
|-damage|p2a: Alomomola|59/100|[from] move: Magma Storm|[partiallytrapped]
|upkeep
|turn|16
|
|t:|1758965466
|switch|p1a: Meowscarada|Meowscarada, F, shiny|100/100
|-damage|p1a: Meowscarada|88/100|[from] Stealth Rock
|move|p2a: Alomomola|Flip Turn|p1a: Meowscarada
|-resisted|p1a: Meowscarada
|-damage|p1a: Meowscarada|77/100
|
|t:|1758965470
|switch|p2a: Scizor|Scizor, M|4/100|[from] Flip Turn
|
|upkeep
|turn|17
|
|t:|1758965472
|move|p2a: Scizor|Bullet Punch|p1a: Meowscarada
|-damage|p1a: Meowscarada|2/100
|move|p1a: Meowscarada|U-turn|p2a: Scizor
|-start|p1a: Meowscarada|typechange|Bug|[from] ability: Protean
|-resisted|p2a: Scizor
|-damage|p2a: Scizor|0 fnt
|faint|p2a: Scizor
|
|t:|1758965476
|switch|p1a: Haxorus|Haxorus, M|100/100|[from] U-turn
|-damage|p1a: Haxorus|88/100|[from] Stealth Rock
|-ability|p1a: Haxorus|Mold Breaker
|
|upkeep
|
|t:|1758965489
|switch|p2a: Darkrai|Darkrai, tera:Poison|18/100
|turn|18
|
|t:|1758965492
|move|p2a: Darkrai|Ice Beam|p1a: Haxorus
|-supereffective|p1a: Haxorus
|-damage|p1a: Haxorus|0 fnt
|faint|p1a: Haxorus
|
|-heal|p2a: Darkrai|24/100|[from] item: Leftovers
|upkeep
|
|t:|1758965497
|switch|p1a: Heatran|Heatran, M, tera:Fire|62/100
|-damage|p1a: Heatran|37/100|[from] Stealth Rock
|turn|19
|
|t:|1758965500
|move|p2a: Darkrai|Dark Pulse|p1a: Heatran
|-crit|p1a: Heatran
|-damage|p1a: Heatran|0 fnt
|faint|p1a: Heatran
|
|-heal|p2a: Darkrai|30/100|[from] item: Leftovers
|upkeep
|-message|TsekaiAndIncognito forfeited.
|
|win|pablo honey
|raw|TsekaiAndIncognito's rating: 1435 &rarr; <strong>1416</strong><br />(-19 for losing)
|raw|pablo honey's rating: 1455 &rarr; <strong>1474</strong><br />(+19 for winning)
|l|☆TsekaiAndIncognito
|player|p1|
|l|☆pablo honey
|player|p2|
