|j|☆BomBomOU
|j|‽theonlydork
|t:|1758936047
|gametype|singles
|player|p1|BomBomOU|170|1426
|player|p2|theonlydork|266|1507
|gen|9
|tier|[Gen 9] OU
|rated|
|rule|HP Percentage Mod: HP is shown in percentages
|rule|Endless Battle Clause: Forcing endless battles is banned
|rule|Species Clause: Limit one of each Pokémon
|rule|OHKO Clause: OHKO moves are banned
|rule|Evasion Items Clause: Evasion items are banned
|rule|Evasion Moves Clause: Evasion moves are banned
|rule|Evasion Abilities Clause: Evasion abilities are banned
|rule|Sleep Moves Clause: Sleep-inducing moves are banned
|clearpoke
|poke|p1|Pawmot, F|
|poke|p1|Sinistcha|
|poke|p1|Iron Crown|
|poke|p1|Scream Tail|
|poke|p1|Zamazenta-*|
|poke|p1|Samurott-Hisui, M|
|poke|p2|Ursaluna, M|
|poke|p2|Cresselia, F|
|poke|p2|Iron Valiant|
|poke|p2|Hatterene, F|
|poke|p2|Keldeo-Resolute|
|poke|p2|Ogerpon, F|
|teampreview
|
|t:|1758936055
|teamsize|p1|6
|teamsize|p2|6
|start
|switch|p1a: Samurott|Samurott-Hisui, M|100/100
|switch|p2a: Keldeo|Keldeo-Resolute|100/100
|turn|1
|
|t:|1758936062
|switch|p1a: Iron Crown|Iron Crown|100/100
|move|p2a: Keldeo|Surf|p1a: Iron Crown
|-damage|p1a: Iron Crown|51/100
|
|upkeep
|turn|2
|inactive|Battle timer is ON: inactive players will automatically lose when time's up. (requested by theonlydork)
|
|t:|1758936074
|switch|p2a: Cresselia|Cresselia, F, shiny|100/100
|move|p1a: Iron Crown|Tachyon Cutter|p2a: Cresselia
|-damage|p2a: Cresselia|86/100
|-damage|p2a: Cresselia|72/100
|-hitcount|p2a: Cresselia|2
|
|upkeep
|turn|3
|
|t:|1758936079
|move|p1a: Iron Crown|Volt Switch|p2a: Cresselia
|-damage|p2a: Cresselia|58/100
|
|t:|1758936083
|-end|p1a: Iron Crown|Quark Drive|[silent]
|switch|p1a: Scream Tail|Scream Tail|100/100|[from] Volt Switch
|move|p2a: Cresselia|Trick Room|p2a: Cresselia
|-fieldstart|move: Trick Room|[of] p2a: Cresselia
|
|upkeep
|turn|4
|
|t:|1758936090
|switch|p2a: Ursaluna|Ursaluna, M, shiny|100/100
|move|p1a: Scream Tail|Stealth Rock|p2a: Ursaluna
|-sidestart|p2: theonlydork|move: Stealth Rock
|
|-status|p2a: Ursaluna|brn|[from] item: Flame Orb
|upkeep
|turn|5
|
|t:|1758936101
|-end|p1a: Scream Tail|Protosynthesis|[silent]
|switch|p1a: Iron Crown|Iron Crown|51/100
|move|p2a: Ursaluna|Fire Punch|p1a: Iron Crown
|-supereffective|p1a: Iron Crown
|-damage|p1a: Iron Crown|0 fnt
|faint|p1a: Iron Crown
|-end|p1a: Iron Crown|Quark Drive|[silent]
|
|-damage|p2a: Ursaluna|94/100 brn|[from] brn
|upkeep
|
|t:|1758936105
|switch|p1a: Sinistcha|Sinistcha|100/100
|turn|6
|
|t:|1758936109
|switch|p2a: Iron Valiant|Iron Valiant|100/100
|-damage|p2a: Iron Valiant|94/100|[from] Stealth Rock
|-enditem|p2a: Iron Valiant|Booster Energy
|-activate|p2a: Iron Valiant|ability: Quark Drive|[fromitem]
|-start|p2a: Iron Valiant|quarkdrivespe
|move|p1a: Sinistcha|Strength Sap|p2a: Iron Valiant
|-unboost|p2a: Iron Valiant|atk|1
|
|upkeep
|turn|7
|
|t:|1758936118
|switch|p1a: Scream Tail|Scream Tail|100/100
|move|p2a: Iron Valiant|Moonblast|p1a: Scream Tail
|-damage|p1a: Scream Tail|70/100
|
|-fieldend|move: Trick Room
|upkeep
|turn|8
|
|t:|1758936123
|move|p2a: Iron Valiant|Moonblast|p1a: Scream Tail
|-damage|p1a: Scream Tail|40/100
|move|p1a: Scream Tail|Dazzling Gleam|p2a: Iron Valiant
|-supereffective|p2a: Iron Valiant
|-damage|p2a: Iron Valiant|11/100
|
|upkeep
|turn|9
|
|t:|1758936129
|move|p2a: Iron Valiant|Encore|p1a: Scream Tail
|-start|p1a: Scream Tail|Encore
|move|p1a: Scream Tail|Dazzling Gleam|p2a: Iron Valiant
|-supereffective|p2a: Iron Valiant
|-crit|p2a: Iron Valiant
|-damage|p2a: Iron Valiant|0 fnt
|faint|p2a: Iron Valiant
|-end|p2a: Iron Valiant|Quark Drive|[silent]
|
|upkeep
|
|t:|1758936139
|switch|p2a: Ursaluna|Ursaluna, M, shiny|94/100 brn
|-damage|p2a: Ursaluna|88/100 brn|[from] Stealth Rock
|turn|10
|
|t:|1758936144
|-end|p1a: Scream Tail|Protosynthesis|[silent]
|switch|p1a: Sinistcha|Sinistcha|100/100
|move|p2a: Ursaluna|Headlong Rush|p1a: Sinistcha
|-resisted|p1a: Sinistcha
|-damage|p1a: Sinistcha|61/100
|-unboost|p2a: Ursaluna|def|1
|-unboost|p2a: Ursaluna|spd|1
|
|-heal|p1a: Sinistcha|67/100|[from] item: Leftovers
|-damage|p2a: Ursaluna|82/100 brn|[from] brn
|upkeep
|turn|11
|
|t:|1758936151
|switch|p2a: Hatterene|Hatterene, F, shiny|100/100
|-damage|p2a: Hatterene|88/100|[from] Stealth Rock
|move|p1a: Sinistcha|Matcha Gotcha|p2a: Hatterene|[miss]
|-miss|p1a: Sinistcha|p2a: Hatterene
|
|-heal|p1a: Sinistcha|73/100|[from] item: Leftovers
|upkeep
|turn|12
|
|t:|1758936160
|move|p1a: Sinistcha|Hex|p2a: Hatterene
|-supereffective|p2a: Hatterene
|-damage|p2a: Hatterene|33/100
|move|p2a: Hatterene|Trick Room|p2a: Hatterene
|-fieldstart|move: Trick Room|[of] p2a: Hatterene
|
|-heal|p1a: Sinistcha|79/100|[from] item: Leftovers
|upkeep
|turn|13
|inactive|BomBomOU has 120 seconds left.
|
|t:|1758936205
|move|p2a: Hatterene|Dazzling Gleam|p1a: Sinistcha
|-damage|p1a: Sinistcha|23/100
|move|p1a: Sinistcha|Matcha Gotcha|p2a: Hatterene
|-damage|p2a: Hatterene|0 fnt
|-heal|p1a: Sinistcha|38/100|[from] drain|[of] p2a: Hatterene
|faint|p2a: Hatterene
|
|-heal|p1a: Sinistcha|44/100|[from] item: Leftovers
|upkeep
|
|t:|1758936211
|switch|p2a: Ursaluna|Ursaluna, M, shiny|82/100 brn
|-damage|p2a: Ursaluna|76/100 brn|[from] Stealth Rock
|turn|14
|
|t:|1758936234
|switch|p1a: Pawmot|Pawmot, F|100/100
|move|p2a: Ursaluna|Headlong Rush|p1a: Pawmot
|-supereffective|p1a: Pawmot
|-damage|p1a: Pawmot|0 fnt
|-unboost|p2a: Ursaluna|def|1
|-unboost|p2a: Ursaluna|spd|1
|faint|p1a: Pawmot
|
|-damage|p2a: Ursaluna|70/100 brn|[from] brn
|upkeep
|
|t:|1758936246
|switch|p1a: Zamazenta|Zamazenta|100/100
|-ability|p1a: Zamazenta|Dauntless Shield|boost
|-boost|p1a: Zamazenta|def|1
|turn|15
|
|t:|1758936254
|switch|p2a: Cresselia|Cresselia, F, shiny|58/100
|-damage|p2a: Cresselia|46/100|[from] Stealth Rock
|switch|p1a: Samurott|Samurott-Hisui, M|100/100
|
|upkeep
|turn|16
|
|t:|1758936267
|switch|p2a: Keldeo|Keldeo-Resolute|100/100
|-damage|p2a: Keldeo|94/100|[from] Stealth Rock
|switch|p1a: Scream Tail|Scream Tail|40/100
|
|-fieldend|move: Trick Room
|upkeep
|turn|17
|
|t:|1758936275
|-terastallize|p2a: Keldeo|Water
|move|p1a: Scream Tail|Thunder Wave|p2a: Keldeo
|-status|p2a: Keldeo|par
|move|p2a: Keldeo|Surf|p1a: Scream Tail
|-damage|p1a: Scream Tail|0 fnt
|faint|p1a: Scream Tail
|-end|p1a: Scream Tail|Protosynthesis|[silent]
|
|upkeep
|inactive|BomBomOU has 90 seconds left.
|
|t:|1758936311
|switch|p1a: Sinistcha|Sinistcha|44/100
|turn|18
|
|t:|1758936336
|move|p1a: Sinistcha|Matcha Gotcha|p2a: Keldeo
|-supereffective|p2a: Keldeo
|-damage|p2a: Keldeo|18/100 par
|-heal|p1a: Sinistcha|80/100|[from] drain|[of] p2a: Keldeo
|move|p2a: Keldeo|Surf|p1a: Sinistcha
|-resisted|p1a: Sinistcha
|-damage|p1a: Sinistcha|16/100
|
|-heal|p1a: Sinistcha|22/100|[from] item: Leftovers
|upkeep
|turn|19
|
|t:|1758936343
|move|p1a: Sinistcha|Strength Sap|p2a: Keldeo
|-unboost|p2a: Keldeo|atk|1
|-heal|p1a: Sinistcha|69/100
|move|p2a: Keldeo|Surf|p1a: Sinistcha
|-resisted|p1a: Sinistcha
|-damage|p1a: Sinistcha|9/100
|
|-heal|p1a: Sinistcha|15/100|[from] item: Leftovers
|upkeep
|turn|20
|inactive|BomBomOU has 90 seconds left.
|
|t:|1758936361
|move|p1a: Sinistcha|Hex|p2a: Keldeo
|-damage|p2a: Keldeo|0 fnt
|faint|p2a: Keldeo
|
|-heal|p1a: Sinistcha|21/100|[from] item: Leftovers
|upkeep
|
|t:|1758936367
|switch|p2a: Ogerpon|Ogerpon, F|100/100
|-damage|p2a: Ogerpon|88/100|[from] Stealth Rock
|turn|21
|
|t:|1758936375
|move|p2a: Ogerpon|Ivy Cudgel|p1a: Sinistcha
|-resisted|p1a: Sinistcha
|-damage|p1a: Sinistcha|0 fnt
|faint|p1a: Sinistcha
|
|upkeep
|
|t:|1758936380
|switch|p1a: Zamazenta|Zamazenta|100/100
|turn|22
|
|t:|1758936387
|switch|p2a: Cresselia|Cresselia, F, shiny|46/100
|-damage|p2a: Cresselia|33/100|[from] Stealth Rock
|move|p1a: Zamazenta|Body Press|p2a: Cresselia
|-resisted|p2a: Cresselia
|-damage|p2a: Cresselia|25/100
|-damage|p1a: Zamazenta|84/100|[from] item: Rocky Helmet|[of] p2a: Cresselia
|
|-heal|p1a: Zamazenta|90/100|[from] item: Leftovers
|upkeep
|turn|23
|
|t:|1758936410
|-terastallize|p1a: Zamazenta|Fire
|move|p1a: Zamazenta|Substitute|p1a: Zamazenta
|-start|p1a: Zamazenta|Substitute
|-damage|p1a: Zamazenta|65/100
|move|p2a: Cresselia|Trick Room|p2a: Cresselia
|-fieldstart|move: Trick Room|[of] p2a: Cresselia
|
|-heal|p1a: Zamazenta|71/100|[from] item: Leftovers
|upkeep
|turn|24
|
|t:|1758936420
|move|p2a: Cresselia|Lunar Dance|p2a: Cresselia
|faint|p2a: Cresselia
|move|p1a: Zamazenta|Iron Defense|p1a: Zamazenta
|-boost|p1a: Zamazenta|def|2
|
|-heal|p1a: Zamazenta|78/100|[from] item: Leftovers
|upkeep
|
|t:|1758936423
|switch|p2a: Ursaluna|Ursaluna, M, shiny|70/100 brn
|-heal|p2a: Ursaluna|100/100|[from] move: Lunar Dance
|-damage|p2a: Ursaluna|94/100|[from] Stealth Rock
|turn|25
|
|t:|1758936427
|move|p2a: Ursaluna|Headlong Rush|p1a: Zamazenta
|-supereffective|p1a: Zamazenta
|-end|p1a: Zamazenta|Substitute
|-unboost|p2a: Ursaluna|def|1
|-unboost|p2a: Ursaluna|spd|1
|move|p1a: Zamazenta|Body Press|p2a: Ursaluna
|-supereffective|p2a: Ursaluna
|-damage|p2a: Ursaluna|0 fnt
|faint|p2a: Ursaluna
|
|-heal|p1a: Zamazenta|84/100|[from] item: Leftovers
|upkeep
|
|t:|1758936429
|switch|p2a: Ogerpon|Ogerpon, F|88/100
|-damage|p2a: Ogerpon|76/100|[from] Stealth Rock
|turn|26
|
|t:|1758936433
|move|p2a: Ogerpon|Superpower|p1a: Zamazenta
|-damage|p1a: Zamazenta|62/100
|-unboost|p2a: Ogerpon|atk|1
|-unboost|p2a: Ogerpon|def|1
|move|p1a: Zamazenta|Body Press|p2a: Ogerpon
|-damage|p2a: Ogerpon|0 fnt
|faint|p2a: Ogerpon
|
|win|BomBomOU
|raw|BomBomOU's rating: 1426 &rarr; <strong>1451</strong><br />(+25 for winning)
|raw|theonlydork's rating: 1507 &rarr; <strong>1482</strong><br />(-25 for losing)
|l|‽theonlydork
|player|p2|
|l|☆BomBomOU
|player|p1|
