|j|☆CountryBoyz
|j|☆Yellowgo
|t:|1758970931
|gametype|singles
|player|p1|CountryBoyz|170|1403
|player|p2|Yellowgo|1|1432
|gen|9
|tier|[Gen 9] OU
|rated|
|rule|HP Percentage Mod: HP is shown in percentages
|rule|Endless Battle Clause: Forcing endless battles is banned
|rule|Species Clause: Limit one of each Pokémon
|rule|OHKO Clause: OHKO moves are banned
|rule|Evasion Items Clause: Evasion items are banned
|rule|Evasion Moves Clause: Evasion moves are banned
|rule|Evasion Abilities Clause: Evasion abilities are banned
|rule|Sleep Moves Clause: Sleep-inducing moves are banned
|clearpoke
|poke|p1|Landorus-Therian, M|
|poke|p1|Cloyster, M|
|poke|p1|Raikou|
|poke|p1|Dragonite, M|
|poke|p1|Suicune|
|poke|p1|Skarmory, M|
|poke|p2|Tyranitar, M|
|poke|p2|Rotom-Wash|
|poke|p2|Kyurem|
|poke|p2|Landorus-Therian, M|
|poke|p2|Scizor, F|
|poke|p2|Iron Valiant|
|teampreview
|inactive|Battle timer is ON: inactive players will automatically lose when time's up. (requested by CountryBoyz)
|
|t:|1758970957
|teamsize|p1|6
|teamsize|p2|6
|start
|switch|p1a: Suicune|Suicune|100/100
|switch|p2a: Scizor|Scizor, F|100/100
|-ability|p1a: Suicune|Pressure
|turn|1
|
|t:|1758970965
|move|p1a: Suicune|Scald|p2a: Scizor
|-damage|p2a: Scizor|69/100
|move|p2a: Scizor|Swords Dance|p2a: Scizor
|-boost|p2a: Scizor|atk|2
|
|-heal|p2a: Scizor|75/100|[from] item: Leftovers
|upkeep
|turn|2
|
|t:|1758970975
|-terastallize|p2a: Scizor|Dark
|move|p1a: Suicune|Scald|p2a: Scizor
|-damage|p2a: Scizor|46/100
|-status|p2a: Scizor|brn
|move|p2a: Scizor|Knock Off|p1a: Suicune
|-damage|p1a: Suicune|59/100
|-damage|p2a: Scizor|30/100 brn|[from] item: Rocky Helmet|[of] p1a: Suicune
|-enditem|p1a: Suicune|Rocky Helmet|[from] move: Knock Off|[of] p2a: Scizor
|
|-heal|p2a: Scizor|36/100 brn|[from] item: Leftovers
|-damage|p2a: Scizor|30/100 brn|[from] brn
|upkeep
|turn|3
|
|t:|1758970991
|switch|p2a: Rotom|Rotom-Wash|100/100
|move|p1a: Suicune|Scald|p2a: Rotom
|-resisted|p2a: Rotom
|-damage|p2a: Rotom|90/100
|
|-heal|p2a: Rotom|96/100|[from] item: Leftovers
|upkeep
|turn|4
|
|t:|1758971002
|move|p2a: Rotom|Will-O-Wisp|p1a: Suicune
|-status|p1a: Suicune|brn
|move|p1a: Suicune|Mirror Coat||[still]
|-fail|p1a: Suicune
|
|-heal|p2a: Rotom|100/100|[from] item: Leftovers
|-damage|p1a: Suicune|53/100 brn|[from] brn
|upkeep
|turn|5
|
|t:|1758971013
|move|p2a: Rotom|Thunderbolt|p1a: Suicune
|-supereffective|p1a: Suicune
|-damage|p1a: Suicune|12/100 brn
|move|p1a: Suicune|Mirror Coat|p2a: Rotom
|-damage|p2a: Rotom|0 fnt
|faint|p2a: Rotom
|
|-damage|p1a: Suicune|6/100 brn|[from] brn
|upkeep
|
|t:|1758971024
|switch|p2a: Landorus|Landorus-Therian, M|100/100
|-ability|p2a: Landorus|Intimidate|boost
|-unboost|p1a: Suicune|atk|1
|turn|6
|
|t:|1758971029
|move|p2a: Landorus|U-turn|p1a: Suicune
|-damage|p1a: Suicune|0 fnt
|faint|p1a: Suicune
|
|t:|1758971037
|switch|p2a: Scizor|Scizor, F, tera:Dark|30/100 brn|[from] U-turn
|
|-heal|p2a: Scizor|36/100 brn|[from] item: Leftovers
|-damage|p2a: Scizor|30/100 brn|[from] brn
|upkeep
|
|t:|1758971048
|switch|p1a: Cloyster|Cloyster, M, shiny|100/100
|turn|7
|
|t:|1758971052
|move|p2a: Scizor|Bullet Punch|p1a: Cloyster
|-damage|p1a: Cloyster|85/100
|move|p1a: Cloyster|Shell Smash|p1a: Cloyster
|-unboost|p1a: Cloyster|def|1
|-unboost|p1a: Cloyster|spd|1
|-boost|p1a: Cloyster|atk|2
|-boost|p1a: Cloyster|spa|2
|-boost|p1a: Cloyster|spe|2
|-enditem|p1a: Cloyster|White Herb
|-clearnegativeboost|p1a: Cloyster|[silent]
|
|-heal|p2a: Scizor|36/100 brn|[from] item: Leftovers
|-damage|p2a: Scizor|30/100 brn|[from] brn
|upkeep
|turn|8
|
|t:|1758971066
|move|p1a: Cloyster|Surf|p2a: Scizor
|-damage|p2a: Scizor|0 fnt
|faint|p2a: Scizor
|
|upkeep
|
|t:|1758971075
|switch|p2a: Iron Valiant|Iron Valiant|100/100
|-enditem|p2a: Iron Valiant|Booster Energy
|-activate|p2a: Iron Valiant|ability: Quark Drive|[fromitem]
|-start|p2a: Iron Valiant|quarkdrivespe
|turn|9
|
|t:|1758971082
|move|p2a: Iron Valiant|Aura Sphere|p1a: Cloyster
|-supereffective|p1a: Cloyster
|-damage|p1a: Cloyster|0 fnt
|faint|p1a: Cloyster
|
|upkeep
|
|t:|1758971094
|switch|p1a: Raikou|Raikou, shiny|100/100
|turn|10
|
|t:|1758971101
|move|p2a: Iron Valiant|Moonblast|p1a: Raikou
|-damage|p1a: Raikou|53/100
|move|p1a: Raikou|Discharge|p2a: Iron Valiant
|-damage|p2a: Iron Valiant|25/100
|
|-heal|p1a: Raikou|59/100|[from] item: Leftovers
|upkeep
|turn|11
|
|t:|1758971110
|-end|p2a: Iron Valiant|Quark Drive|[silent]
|switch|p2a: Landorus|Landorus-Therian, M|100/100
|-ability|p2a: Landorus|Intimidate|boost
|-fail|p1a: Raikou|unboost|Attack|[from] ability: Inner Focus|[of] p1a: Raikou
|move|p1a: Raikou|Scald|p2a: Landorus
|-supereffective|p2a: Landorus
|-damage|p2a: Landorus|33/100
|-status|p2a: Landorus|brn
|
|-heal|p1a: Raikou|65/100|[from] item: Leftovers
|-damage|p2a: Landorus|27/100 brn|[from] brn
|upkeep
|turn|12
|
|t:|1758971123
|move|p2a: Landorus|U-turn|p1a: Raikou
|-damage|p1a: Raikou|45/100
|
|t:|1758971128
|switch|p2a: Iron Valiant|Iron Valiant|25/100|[from] U-turn
|move|p1a: Raikou|Scald|p2a: Iron Valiant
|-damage|p2a: Iron Valiant|0 fnt
|faint|p2a: Iron Valiant
|-end|p2a: Iron Valiant|Quark Drive|[silent]
|
|-heal|p1a: Raikou|51/100|[from] item: Leftovers
|upkeep
|c|☆CountryBoyz|??
|
|t:|1758971139
|switch|p2a: Kyurem|Kyurem|100/100
|-ability|p2a: Kyurem|Pressure
|turn|13
|
|t:|1758971145
|move|p1a: Raikou|Discharge|p2a: Kyurem
|-resisted|p2a: Kyurem
|-damage|p2a: Kyurem|89/100
|move|p2a: Kyurem|Freeze-Dry|p1a: Raikou
|-damage|p1a: Raikou|11/100
|
|-heal|p1a: Raikou|17/100|[from] item: Leftovers
|upkeep
|turn|14
|
|t:|1758971154
|move|p1a: Raikou|Discharge|p2a: Kyurem
|-resisted|p2a: Kyurem
|-damage|p2a: Kyurem|78/100
|move|p2a: Kyurem|Freeze-Dry|p1a: Raikou
|-damage|p1a: Raikou|0 fnt
|faint|p1a: Raikou
|
|upkeep
|
|t:|1758971172
|switch|p1a: Skarmory|Skarmory, M|100/100
|turn|15
|
|t:|1758971181
|-terastallize|p1a: Skarmory|Steel
|move|p2a: Kyurem|Freeze-Dry|p1a: Skarmory
|-resisted|p1a: Skarmory
|-damage|p1a: Skarmory|70/100
|move|p1a: Skarmory|Body Press|p2a: Kyurem
|-supereffective|p2a: Kyurem
|-damage|p2a: Kyurem|33/100
|
|upkeep
|turn|16
|
|t:|1758971191
|move|p2a: Kyurem|Earth Power|p1a: Skarmory
|-supereffective|p1a: Skarmory
|-damage|p1a: Skarmory|0 fnt
|faint|p1a: Skarmory
|
|upkeep
|
|t:|1758971196
|switch|p1a: Dragonite|Dragonite, M, shiny|100/100
|turn|17
|
|t:|1758971201
|move|p1a: Dragonite|Extreme Speed|p2a: Kyurem
|-damage|p2a: Kyurem|0 fnt
|faint|p2a: Kyurem
|
|upkeep
|
|t:|1758971207
|switch|p2a: Landorus|Landorus-Therian, M|27/100 brn
|-ability|p2a: Landorus|Intimidate|boost
|-unboost|p1a: Dragonite|atk|1
|turn|18
|
|t:|1758971214
|move|p1a: Dragonite|Extreme Speed|p2a: Landorus
|-damage|p2a: Landorus|0 fnt
|faint|p2a: Landorus
|
|upkeep
|
|t:|1758971220
|switch|p2a: Tyranitar|Tyranitar, M|100/100
|-weather|Sandstorm|[from] ability: Sand Stream|[of] p2a: Tyranitar
|turn|19
|
|t:|1758971227
|switch|p1a: Landorus|Landorus-Therian, M, shiny|100/100
|-ability|p1a: Landorus|Intimidate|boost
|-unboost|p2a: Tyranitar|atk|1
|move|p2a: Tyranitar|Knock Off|p1a: Landorus
|-damage|p1a: Landorus|59/100
|-enditem|p1a: Landorus|Choice Band|[from] move: Knock Off|[of] p2a: Tyranitar
|
|-weather|Sandstorm|[upkeep]
|upkeep
|turn|20
|
|t:|1758971236
|move|p1a: Landorus|Earthquake|p2a: Tyranitar
|-supereffective|p2a: Tyranitar
|-damage|p2a: Tyranitar|1/100
|move|p2a: Tyranitar|Ice Punch|p1a: Landorus
|-supereffective|p1a: Landorus
|-damage|p1a: Landorus|0 fnt
|faint|p1a: Landorus
|
|-weather|Sandstorm|[upkeep]
|upkeep
|
|t:|1758971242
|switch|p1a: Dragonite|Dragonite, M, shiny|100/100
|turn|21
|
|t:|1758971250
|move|p1a: Dragonite|Extreme Speed|p2a: Tyranitar
|-resisted|p2a: Tyranitar
|-damage|p2a: Tyranitar|0 fnt
|faint|p2a: Tyranitar
|
|win|CountryBoyz
|raw|CountryBoyz's rating: 1403 &rarr; <strong>1425</strong><br />(+22 for winning)
|raw|Yellowgo's rating: 1432 &rarr; <strong>1410</strong><br />(-22 for losing)
|l|☆CountryBoyz
|player|p1|
|l|☆Yellowgo
|player|p2|
|j|☆Yellowgo
|player|p2|Yellowgo|1|
