|j|☆4arms67
|j|☆IJustLostMyDuck
|t:|1758948167
|gametype|singles
|player|p1|4arms67|101|1549
|player|p2|IJustLostMyDuck|youngster-gen6xy|1533
|gen|9
|tier|[Gen 9] OU
|rated|
|rule|HP Percentage Mod: HP is shown in percentages
|rule|Endless Battle Clause: Forcing endless battles is banned
|rule|Species Clause: Limit one of each Pokémon
|rule|OHKO Clause: OHKO moves are banned
|rule|Evasion Items Clause: Evasion items are banned
|rule|Evasion Moves Clause: Evasion moves are banned
|rule|Evasion Abilities Clause: Evasion abilities are banned
|rule|Sleep Moves Clause: Sleep-inducing moves are banned
|clearpoke
|poke|p1|Landorus-Therian, M|
|poke|p1|Dragapult, F|
|poke|p1|Samurott-Hisui, F|
|poke|p1|Scizor, M|
|poke|p1|Cinderace, M|
|poke|p1|Iron Valiant|
|poke|p2|Dragapult, M|
|poke|p2|Pelipper, F|
|poke|p2|Hatterene, F|
|poke|p2|Tornadus-Therian, M|
|poke|p2|Iron Treads|
|poke|p2|Overqwil, F|
|teampreview
|l|☆4arms67
|player|p1|
|
|t:|1758948191
|teamsize|p1|6
|teamsize|p2|6
|start
|switch|p1a: Dragapult|Dragapult, F|100/100
|switch|p2a: Pelipper|Pelipper, F|100/100
|-weather|RainDance|[from] ability: Drizzle|[of] p2a: Pelipper
|turn|1
|j|☆4arms67
|player|p1|4arms67|101|
|inactive|Battle timer is ON: inactive players will automatically lose when time's up. (requested by IJustLostMyDuck)
|
|t:|1758948216
|switch|p2a: Hatterene|Hatterene, F|100/100
|move|p1a: Dragapult|Phantom Force||[still]
|-prepare|p1a: Dragapult|Phantom Force
|
|-weather|RainDance|[upkeep]
|upkeep
|turn|2
|
|t:|1758948220
|switch|p2a: Overqwil|Overqwil, F|100/100
|move|p1a: Dragapult|Phantom Force|p2a: Overqwil|[from] lockedmove
|-resisted|p2a: Overqwil
|-damage|p2a: Overqwil|65/100
|
|-weather|RainDance|[upkeep]
|upkeep
|turn|3
|j| DisasterBruhMoment
|
|t:|1758948236
|switch|p1a: Landorus|Landorus-Therian, M|100/100
|-ability|p1a: Landorus|Intimidate|boost
|-unboost|p2a: Overqwil|atk|1
|move|p2a: Overqwil|Crunch|p1a: Landorus
|-damage|p1a: Landorus|74/100
|-unboost|p1a: Landorus|def|1
|
|-weather|RainDance|[upkeep]
|upkeep
|turn|4
|
|t:|1758948245
|switch|p1a: Samurott|Samurott-Hisui, F|100/100
|move|p2a: Overqwil|Liquidation|p1a: Samurott
|-resisted|p1a: Samurott
|-crit|p1a: Samurott
|-damage|p1a: Samurott|67/100
|
|-weather|RainDance|[upkeep]
|upkeep
|turn|5
|
|t:|1758948256
|switch|p2a: Hatterene|Hatterene, F|100/100
|move|p1a: Samurott|Razor Shell|p2a: Hatterene
|-damage|p2a: Hatterene|18/100
|-unboost|p2a: Hatterene|def|1
|-enditem|p2a: Hatterene|Eject Button
|
|t:|1758948261
|switch|p2a: Tornadus|Tornadus-Therian, M|100/100
|
|-weather|RainDance|[upkeep]
|upkeep
|turn|6
|
|t:|1758948265
|move|p2a: Tornadus|Hurricane|p1a: Samurott
|-damage|p1a: Samurott|0 fnt
|faint|p1a: Samurott
|
|-weather|RainDance|[upkeep]
|upkeep
|
|t:|1758948269
|switch|p1a: Dragapult|Dragapult, F|100/100
|turn|7
|
|t:|1758948276
|switch|p2a: Hatterene|Hatterene, F|18/100
|move|p1a: Dragapult|Dragon Darts|p2a: Hatterene
|-immune|p2a: Hatterene
|
|-weather|RainDance|[upkeep]
|upkeep
|turn|8
|
|t:|1758948284
|switch|p1a: Scizor|Scizor, M|100/100
|move|p2a: Hatterene|Healing Wish|p2a: Hatterene
|faint|p2a: Hatterene
|
|-weather|none
|upkeep
|
|t:|1758948286
|switch|p2a: Pelipper|Pelipper, F|100/100
|-weather|RainDance|[from] ability: Drizzle|[of] p2a: Pelipper
|turn|9
|
|t:|1758948298
|move|p1a: Scizor|U-turn|p2a: Pelipper
|-resisted|p2a: Pelipper
|-damage|p2a: Pelipper|79/100
|
|t:|1758948301
|switch|p1a: Dragapult|Dragapult, F|100/100|[from] U-turn
|move|p2a: Pelipper|U-turn|p1a: Dragapult
|-resisted|p1a: Dragapult
|-damage|p1a: Dragapult|95/100
|
|t:|1758948306
|switch|p2a: Tornadus|Tornadus-Therian, M|100/100|[from] U-turn
|
|-weather|RainDance|[upkeep]
|upkeep
|turn|10
|
|t:|1758948311
|-terastallize|p1a: Dragapult|Ghost
|-terastallize|p2a: Tornadus|Steel
|move|p1a: Dragapult|Tera Blast|p2a: Tornadus|[anim] Tera Blast Ghost
|-damage|p2a: Tornadus|0 fnt
|faint|p2a: Tornadus
|
|-weather|RainDance|[upkeep]
|upkeep
|
|t:|1758948315
|switch|p2a: Overqwil|Overqwil, F|65/100
|-heal|p2a: Overqwil|100/100|[from] move: Healing Wish
|turn|11
|
|t:|1758948325
|switch|p1a: Landorus|Landorus-Therian, M|74/100
|-ability|p1a: Landorus|Intimidate|boost
|-unboost|p2a: Overqwil|atk|1
|move|p2a: Overqwil|Liquidation|p1a: Landorus
|-supereffective|p1a: Landorus
|-damage|p1a: Landorus|24/100
|
|-weather|RainDance|[upkeep]
|upkeep
|turn|12
|
|t:|1758948330
|move|p2a: Overqwil|Crunch|p1a: Landorus
|-damage|p1a: Landorus|0 fnt
|faint|p1a: Landorus
|
|-weather|RainDance|[upkeep]
|upkeep
|
|t:|1758948333
|switch|p1a: Scizor|Scizor, M|100/100
|turn|13
|
|t:|1758948336
|switch|p2a: Iron Treads|Iron Treads|100/100
|move|p1a: Scizor|U-turn|p2a: Iron Treads
|-resisted|p2a: Iron Treads
|-damage|p2a: Iron Treads|77/100
|
|t:|1758948343
|switch|p1a: Dragapult|Dragapult, F, tera:Ghost|95/100|[from] U-turn
|
|-weather|RainDance|[upkeep]
|-heal|p2a: Iron Treads|84/100|[from] item: Leftovers
|upkeep
|turn|14
|
|t:|1758948352
|move|p1a: Dragapult|Phantom Force||[still]
|-prepare|p1a: Dragapult|Phantom Force
|move|p2a: Iron Treads|Earthquake|p1a: Dragapult|[miss]
|-miss|p2a: Iron Treads|p1a: Dragapult
|
|-weather|RainDance|[upkeep]
|-heal|p2a: Iron Treads|90/100|[from] item: Leftovers
|upkeep
|turn|15
|
|t:|1758948357
|move|p1a: Dragapult|Phantom Force|p2a: Iron Treads|[from] lockedmove
|-damage|p2a: Iron Treads|28/100
|move|p2a: Iron Treads|Earthquake|p1a: Dragapult
|-damage|p1a: Dragapult|46/100
|
|-weather|RainDance|[upkeep]
|-heal|p2a: Iron Treads|34/100|[from] item: Leftovers
|upkeep
|turn|16
|
|t:|1758948365
|move|p1a: Dragapult|Phantom Force||[still]
|-prepare|p1a: Dragapult|Phantom Force
|move|p2a: Iron Treads|Stealth Rock|p1a: Dragapult
|-sidestart|p1: 4arms67|move: Stealth Rock
|
|-weather|none
|-heal|p2a: Iron Treads|40/100|[from] item: Leftovers
|upkeep
|turn|17
|
|t:|1758948382
|-end|p2a: Iron Treads|Quark Drive|[silent]
|switch|p2a: Pelipper|Pelipper, F|79/100
|-weather|RainDance|[from] ability: Drizzle|[of] p2a: Pelipper
|move|p1a: Dragapult|Phantom Force|p2a: Pelipper|[from] lockedmove
|-damage|p2a: Pelipper|16/100
|
|-weather|RainDance|[upkeep]
|upkeep
|turn|18
|
|t:|1758948386
|move|p1a: Dragapult|Phantom Force||[still]
|-prepare|p1a: Dragapult|Phantom Force
|move|p2a: Pelipper|Roost|p2a: Pelipper
|-heal|p2a: Pelipper|66/100
|-singleturn|p2a: Pelipper|move: Roost
|
|-weather|RainDance|[upkeep]
|upkeep
|turn|19
|
|t:|1758948389
|switch|p2a: Iron Treads|Iron Treads|40/100
|move|p1a: Dragapult|Phantom Force|p2a: Iron Treads|[from] lockedmove
|-damage|p2a: Iron Treads|0 fnt
|faint|p2a: Iron Treads
|-end|p2a: Iron Treads|Quark Drive|[silent]
|
|-weather|RainDance|[upkeep]
|upkeep
|
|t:|1758948391
|switch|p2a: Overqwil|Overqwil, F|100/100
|turn|20
|
|t:|1758948397
|switch|p1a: Iron Valiant|Iron Valiant|100/100
|-damage|p1a: Iron Valiant|94/100|[from] Stealth Rock
|move|p2a: Overqwil|Liquidation|p1a: Iron Valiant
|-damage|p1a: Iron Valiant|38/100
|
|-weather|RainDance|[upkeep]
|upkeep
|turn|21
|
|t:|1758948407
|move|p2a: Overqwil|Liquidation|p1a: Iron Valiant
|-damage|p1a: Iron Valiant|0 fnt
|faint|p1a: Iron Valiant
|-end|p1a: Iron Valiant|Quark Drive|[silent]
|
|-weather|RainDance|[upkeep]
|upkeep
|
|t:|1758948412
|switch|p1a: Scizor|Scizor, M|100/100
|-damage|p1a: Scizor|88/100|[from] Stealth Rock
|turn|22
|
|t:|1758948417
|move|p2a: Overqwil|Liquidation|p1a: Scizor
|-damage|p1a: Scizor|45/100
|move|p1a: Scizor|Dual Wingbeat|p2a: Overqwil
|-crit|p2a: Overqwil
|-damage|p2a: Overqwil|45/100
|-damage|p2a: Overqwil|7/100
|-hitcount|p2a: Overqwil|2
|
|-weather|RainDance|[upkeep]
|upkeep
|turn|23
|
|t:|1758948447
|switch|p2a: Pelipper|Pelipper, F|66/100
|switch|p1a: Cinderace|Cinderace, M|100/100
|-damage|p1a: Cinderace|76/100|[from] Stealth Rock
|
|-weather|RainDance|[upkeep]
|upkeep
|turn|24
|l|☆4arms67
|inactive|4arms67 disconnected and has a minute to reconnect!
|player|p1|
|j|☆4arms67
|inactive|4arms67 reconnected and has 130 seconds left.
|player|p1|4arms67|101|
|inactive|4arms67 has 120 seconds left.
|
|t:|1758948472
|move|p1a: Cinderace|Court Change|p1a: Cinderace
|-start|p1a: Cinderace|typechange|Normal|[from] ability: Libero
|-swapsideconditions
|-activate|p1a: Cinderace|move: Court Change
|move|p2a: Pelipper|U-turn|p1a: Cinderace
|-damage|p1a: Cinderace|62/100
|
|t:|1758948475
|switch|p2a: Dragapult|Dragapult, M|100/100|[from] U-turn
|-damage|p2a: Dragapult|88/100|[from] Stealth Rock
|
|-weather|none
|upkeep
|turn|25
|
|t:|1758948489
|switch|p1a: Scizor|Scizor, M|45/100
|move|p2a: Dragapult|Surf|p1a: Scizor
|-damage|p1a: Scizor|0 fnt
|faint|p1a: Scizor
|-damage|p2a: Dragapult|78/100|[from] item: Life Orb
|
|upkeep
|
|t:|1758948495
|switch|p1a: Cinderace|Cinderace, M|62/100
|turn|26
|
|t:|1758948516
|switch|p2a: Overqwil|Overqwil, F|7/100
|-damage|p2a: Overqwil|0 fnt|[from] Stealth Rock
|faint|p2a: Overqwil
|move|p1a: Cinderace|Sucker Punch|p2: Overqwil|[notarget]
|-fail|p1a: Cinderace
|
|upkeep
|
|t:|1758948518
|switch|p2a: Pelipper|Pelipper, F|66/100
|-damage|p2a: Pelipper|41/100|[from] Stealth Rock
|-weather|RainDance|[from] ability: Drizzle|[of] p2a: Pelipper
|turn|27
|
|t:|1758948525
|switch|p1a: Dragapult|Dragapult, F, tera:Ghost|46/100
|move|p2a: Pelipper|Roost|p2a: Pelipper
|-heal|p2a: Pelipper|91/100
|-singleturn|p2a: Pelipper|move: Roost
|
|-weather|RainDance|[upkeep]
|upkeep
|turn|28
|
|t:|1758948533
|move|p1a: Dragapult|Phantom Force||[still]
|-prepare|p1a: Dragapult|Phantom Force
|move|p2a: Pelipper|Hurricane|p1a: Dragapult|[miss]
|-miss|p2a: Pelipper|p1a: Dragapult
|
|-weather|RainDance|[upkeep]
|upkeep
|turn|29
|j| Lamp0821
|
|t:|1758948538
|move|p1a: Dragapult|Phantom Force|p2a: Pelipper|[from] lockedmove
|-damage|p2a: Pelipper|22/100
|move|p2a: Pelipper|Hurricane|p1a: Dragapult
|-damage|p1a: Dragapult|0 fnt
|faint|p1a: Dragapult
|
|-weather|RainDance|[upkeep]
|upkeep
|
|t:|1758948544
|switch|p1a: Cinderace|Cinderace, M|62/100
|turn|30
|
|t:|1758948549
|move|p1a: Cinderace|Sucker Punch||[still]
|-fail|p1a: Cinderace
|move|p2a: Pelipper|Roost|p2a: Pelipper
|-heal|p2a: Pelipper|73/100
|-singleturn|p2a: Pelipper|move: Roost
|
|-weather|RainDance|[upkeep]
|upkeep
|turn|31
|
|t:|1758948552
|move|p1a: Cinderace|Sucker Punch|p2a: Pelipper
|-start|p1a: Cinderace|typechange|Dark|[from] ability: Libero
|-damage|p2a: Pelipper|36/100
|move|p2a: Pelipper|Hurricane|p1a: Cinderace
|-damage|p1a: Cinderace|7/100
|
|-weather|RainDance|[upkeep]
|upkeep
|turn|32
|l| Lamp0821
|
|t:|1758948557
|move|p1a: Cinderace|Sucker Punch||[still]
|-fail|p1a: Cinderace
|move|p2a: Pelipper|Roost|p2a: Pelipper
|-heal|p2a: Pelipper|86/100
|-singleturn|p2a: Pelipper|move: Roost
|
|-weather|RainDance|[upkeep]
|upkeep
|turn|33
|
|t:|1758948559
|move|p1a: Cinderace|Sucker Punch|p2a: Pelipper
|-damage|p2a: Pelipper|46/100
|move|p2a: Pelipper|Hurricane|p1a: Cinderace
|-damage|p1a: Cinderace|0 fnt
|faint|p1a: Cinderace
|
|win|IJustLostMyDuck
|raw|4arms67's rating: 1549 &rarr; <strong>1528</strong><br />(-21 for losing)
|raw|IJustLostMyDuck's rating: 1533 &rarr; <strong>1554</strong><br />(+21 for winning)
|l|☆4arms67
|player|p1|
