|j|☆w86gwv868ywvev9yvy
|j|☆ArcayneXO
|t:|1758946953
|gametype|singles
|player|p1|w86gwv868ywvev9yvy|2|1218
|player|p2|ArcayneXO|1|1213
|gen|9
|tier|[Gen 9] OU
|rated|
|rule|HP Percentage Mod: HP is shown in percentages
|rule|Endless Battle Clause: Forcing endless battles is banned
|rule|Species Clause: Limit one of each Pokémon
|rule|OHKO Clause: OHKO moves are banned
|rule|Evasion Items Clause: Evasion items are banned
|rule|Evasion Moves Clause: Evasion moves are banned
|rule|Evasion Abilities Clause: Evasion abilities are banned
|rule|Sleep Moves Clause: Sleep-inducing moves are banned
|clearpoke
|poke|p1|Ditto|
|poke|p1|Maushold-Four|
|poke|p1|Zoroark-Hisui, M|
|poke|p1|Gliscor, M|
|poke|p1|Garganacl, F|
|poke|p1|Clefable, M|
|poke|p2|Gholdengo|
|poke|p2|Zamazenta-*|
|poke|p2|Ting-Lu|
|poke|p2|Clefable, F|
|poke|p2|Dragonite, M|
|poke|p2|Deoxys-Speed|
|teampreview
|inactive|Battle timer is ON: inactive players will automatically lose when time's up. (requested by ArcayneXO)
|inactive|w86gwv868ywvev9yvy also wants the timer to be on.
|c|☆ArcayneXO|yo
|
|t:|1758946969
|teamsize|p1|6
|teamsize|p2|6
|start
|switch|p1a: Gliscor|Gliscor, M|100/100
|switch|p2a: Clefable|Clefable, F|100/100
|turn|1
|
|t:|1758946980
|move|p1a: Gliscor|Trick|p2a: Clefable
|-activate|p1a: Gliscor|move: Trick|[of] p2a: Clefable
|-item|p2a: Clefable|Choice Scarf|[from] move: Trick
|-item|p1a: Gliscor|Rocky Helmet|[from] move: Trick
|move|p2a: Clefable|Knock Off|p1a: Gliscor
|-supereffective|p1a: Gliscor
|-damage|p1a: Gliscor|36/100
|replace|p1a: Zoroark|Zoroark-Hisui, M
|-end|p1a: Zoroark|Illusion
|-enditem|p1a: Zoroark|Rocky Helmet|[from] move: Knock Off|[of] p2a: Clefable
|
|upkeep
|turn|2
|c|☆ArcayneXO|what in the world is this team
|c|☆ArcayneXO|also thanks for making me fast
|inactive|w86gwv868ywvev9yvy has 120 seconds left.
|
|t:|1758947012
|move|p1a: Zoroark|Hyper Voice|p2a: Clefable
|-damage|p2a: Clefable|61/100
|move|p2a: Clefable|Knock Off|p1a: Zoroark
|-supereffective|p1a: Zoroark
|-damage|p1a: Zoroark|0 fnt
|faint|p1a: Zoroark
|
|upkeep
|inactive|w86gwv868ywvev9yvy has 120 seconds left.
|
|t:|1758947022
|switch|p1a: Gliscor|Gliscor, M|100/100
|turn|3
|
|t:|1758947025
|move|p1a: Gliscor|Protect|p1a: Gliscor
|-singleturn|p1a: Gliscor|Protect
|move|p2a: Clefable|Knock Off|p1a: Gliscor
|-activate|p1a: Gliscor|move: Protect
|
|-status|p1a: Gliscor|tox|[from] item: Toxic Orb
|upkeep
|turn|4
|
|t:|1758947037
|switch|p2a: Dragonite|Dragonite, M|100/100
|move|p1a: Gliscor|Substitute|p1a: Gliscor
|-start|p1a: Gliscor|Substitute
|-damage|p1a: Gliscor|76/100 tox
|
|-heal|p1a: Gliscor|88/100 tox|[from] ability: Poison Heal
|upkeep
|turn|5
|
|t:|1758947055
|move|p2a: Dragonite|Extreme Speed|p1a: Gliscor
|-activate|p1a: Gliscor|move: Substitute|[damage]
|move|p1a: Gliscor|Toxic|p2a: Dragonite
|-status|p2a: Dragonite|tox
|
|-heal|p1a: Gliscor|100/100 tox|[from] ability: Poison Heal
|-damage|p2a: Dragonite|94/100 tox|[from] psn
|upkeep
|turn|6
|
|t:|1758947069
|move|p2a: Dragonite|Extreme Speed|p1a: Gliscor
|-end|p1a: Gliscor|Substitute
|move|p1a: Gliscor|Toxic|p2a: Dragonite
|-fail|p2a: Dragonite|tox
|
|-damage|p2a: Dragonite|82/100 tox|[from] psn
|upkeep
|turn|7
|
|t:|1758947082
|move|p2a: Dragonite|Extreme Speed|p1a: Gliscor
|-damage|p1a: Gliscor|78/100 tox
|move|p1a: Gliscor|Substitute|p1a: Gliscor
|-start|p1a: Gliscor|Substitute
|-damage|p1a: Gliscor|53/100 tox
|
|-heal|p1a: Gliscor|65/100 tox|[from] ability: Poison Heal
|-damage|p2a: Dragonite|64/100 tox|[from] psn
|upkeep
|turn|8
|
|t:|1758947092
|move|p1a: Gliscor|Protect|p1a: Gliscor
|-singleturn|p1a: Gliscor|Protect
|move|p2a: Dragonite|Roost|p2a: Dragonite
|-heal|p2a: Dragonite|100/100 tox
|-singleturn|p2a: Dragonite|move: Roost
|
|-heal|p1a: Gliscor|78/100 tox|[from] ability: Poison Heal
|-damage|p2a: Dragonite|76/100 tox|[from] psn
|upkeep
|turn|9
|
|t:|1758947105
|switch|p2a: Ting-Lu|Ting-Lu|100/100
|-ability|p2a: Ting-Lu|Vessel of Ruin
|move|p1a: Gliscor|Toxic|p2a: Ting-Lu
|-status|p2a: Ting-Lu|tox
|
|-heal|p1a: Gliscor|90/100 tox|[from] ability: Poison Heal
|-damage|p2a: Ting-Lu|94/100 tox|[from] psn
|upkeep
|turn|10
|
|t:|1758947125
|move|p1a: Gliscor|Earthquake|p2a: Ting-Lu
|-damage|p2a: Ting-Lu|76/100 tox
|move|p2a: Ting-Lu|Whirlwind|p1a: Gliscor
|drag|p1a: Garganacl|Garganacl, F|100/100
|
|-heal|p2a: Ting-Lu|82/100 tox|[from] item: Leftovers
|-damage|p2a: Ting-Lu|69/100 tox|[from] psn
|upkeep
|turn|11
|
|t:|1758947136
|switch|p1a: Gliscor|Gliscor, M|90/100 tox
|move|p2a: Ting-Lu|Spikes|p1a: Gliscor
|-sidestart|p1: w86gwv868ywvev9yvy|Spikes
|
|-heal|p2a: Ting-Lu|76/100 tox|[from] item: Leftovers
|-heal|p1a: Gliscor|100/100 tox|[from] ability: Poison Heal
|-damage|p2a: Ting-Lu|57/100 tox|[from] psn
|upkeep
|turn|12
|
|t:|1758947151
|move|p1a: Gliscor|Earthquake|p2a: Ting-Lu
|-damage|p2a: Ting-Lu|40/100 tox
|move|p2a: Ting-Lu|Spikes|p1a: Gliscor
|-sidestart|p1: w86gwv868ywvev9yvy|Spikes
|
|-heal|p2a: Ting-Lu|46/100 tox|[from] item: Leftovers
|-damage|p2a: Ting-Lu|21/100 tox|[from] psn
|upkeep
|turn|13
|
|t:|1758947160
|switch|p1a: Maushold|Maushold-Four|100/100
|-damage|p1a: Maushold|84/100|[from] Spikes
|move|p2a: Ting-Lu|Ruination|p1a: Maushold
|-damage|p1a: Maushold|42/100
|
|-heal|p2a: Ting-Lu|27/100 tox|[from] item: Leftovers
|-damage|p2a: Ting-Lu|0 fnt|[from] psn
|faint|p2a: Ting-Lu
|upkeep
|
|t:|1758947174
|switch|p2a: Zamazenta|Zamazenta|100/100
|-ability|p2a: Zamazenta|Dauntless Shield|boost
|-boost|p2a: Zamazenta|def|1
|turn|14
|
|t:|1758947182
|-terastallize|p1a: Maushold|Ghost
|move|p2a: Zamazenta|Close Combat|p1a: Maushold
|-immune|p1a: Maushold
|move|p1a: Maushold|Tidy Up|p1a: Maushold
|-sideend|p1: w86gwv868ywvev9yvy|Spikes
|-activate|p1a: Maushold|move: Tidy Up
|-boost|p1a: Maushold|atk|1
|-boost|p1a: Maushold|spe|1
|
|upkeep
|turn|15
|
|t:|1758947192
|move|p1a: Maushold|Encore|p2a: Zamazenta
|-start|p2a: Zamazenta|Encore
|move|p2a: Zamazenta|Close Combat|p1a: Maushold
|-immune|p1a: Maushold
|
|upkeep
|turn|16
|
|t:|1758947202
|switch|p2a: Gholdengo|Gholdengo|100/100
|move|p1a: Maushold|Tidy Up|p1a: Maushold
|-boost|p1a: Maushold|atk|1
|-boost|p1a: Maushold|spe|1
|
|upkeep
|turn|17
|
|t:|1758947209
|move|p1a: Maushold|Bite|p2a: Gholdengo
|-supereffective|p2a: Gholdengo
|-damage|p2a: Gholdengo|41/100
|move|p2a: Gholdengo|Shadow Ball|p1a: Maushold
|-supereffective|p1a: Maushold
|-damage|p1a: Maushold|0 fnt
|faint|p1a: Maushold
|
|upkeep
|
|t:|1758947224
|switch|p1a: Garganacl|Garganacl, F|100/100
|turn|18
|
|t:|1758947229
|move|p2a: Gholdengo|Recover|p2a: Gholdengo
|-heal|p2a: Gholdengo|91/100
|move|p1a: Garganacl|Salt Cure|p2a: Gholdengo
|-resisted|p2a: Gholdengo
|-damage|p2a: Gholdengo|86/100
|-start|p2a: Gholdengo|Salt Cure
|
|-damage|p2a: Gholdengo|62/100|[from] Salt Cure
|upkeep
|turn|19
|
|t:|1758947245
|switch|p1a: Ditto|Ditto|100/100
|-transform|p1a: Ditto|p2a: Gholdengo|[from] ability: Imposter
|move|p2a: Gholdengo|Nasty Plot|p2a: Gholdengo
|-boost|p2a: Gholdengo|spa|2
|
|-damage|p2a: Gholdengo|37/100|[from] Salt Cure
|upkeep
|turn|20
|
|t:|1758947255
|move|p1a: Ditto|Shadow Ball|p2a: Gholdengo
|-supereffective|p2a: Gholdengo
|-damage|p2a: Gholdengo|0 fnt
|faint|p2a: Gholdengo
|
|upkeep
|
|t:|1758947266
|switch|p2a: Zamazenta|Zamazenta|100/100
|turn|21
|
|t:|1758947270
|switch|p1a: Gliscor|Gliscor, M|100/100 tox
|move|p2a: Zamazenta|Crunch|p1a: Gliscor
|-damage|p1a: Gliscor|83/100 tox
|
|-heal|p1a: Gliscor|95/100 tox|[from] ability: Poison Heal
|upkeep
|turn|22
|
|t:|1758947279
|move|p2a: Zamazenta|Ice Fang|p1a: Gliscor
|-supereffective|p1a: Gliscor
|-damage|p1a: Gliscor|30/100 tox
|move|p1a: Gliscor|Toxic|p2a: Zamazenta
|-status|p2a: Zamazenta|tox
|
|-damage|p2a: Zamazenta|94/100 tox|[from] psn
|-heal|p1a: Gliscor|42/100 tox|[from] ability: Poison Heal
|upkeep
|turn|23
|
|t:|1758947289
|move|p1a: Gliscor|Protect|p1a: Gliscor
|-singleturn|p1a: Gliscor|Protect
|move|p2a: Zamazenta|Ice Fang|p1a: Gliscor
|-activate|p1a: Gliscor|move: Protect
|
|-damage|p2a: Zamazenta|82/100 tox|[from] psn
|-heal|p1a: Gliscor|55/100 tox|[from] ability: Poison Heal
|upkeep
|turn|24
|
|t:|1758947299
|switch|p1a: Clefable|Clefable, M|100/100
|move|p2a: Zamazenta|Ice Fang|p1a: Clefable
|-damage|p1a: Clefable|82/100
|
|-heal|p1a: Clefable|89/100|[from] item: Leftovers
|-damage|p2a: Zamazenta|64/100 tox|[from] psn
|upkeep
|turn|25
|
|t:|1758947309
|move|p2a: Zamazenta|Crunch|p1a: Clefable
|-resisted|p1a: Clefable
|-damage|p1a: Clefable|78/100
|move|p1a: Clefable|Cosmic Power|p1a: Clefable
|-boost|p1a: Clefable|def|1
|-boost|p1a: Clefable|spd|1
|
|-heal|p1a: Clefable|84/100|[from] item: Leftovers
|-damage|p2a: Zamazenta|40/100 tox|[from] psn
|upkeep
|turn|26
|
|t:|1758947319
|move|p2a: Zamazenta|Stone Edge|p1a: Clefable
|-damage|p1a: Clefable|65/100
|move|p1a: Clefable|Cosmic Power|p1a: Clefable
|-boost|p1a: Clefable|def|1
|-boost|p1a: Clefable|spd|1
|
|-heal|p1a: Clefable|71/100|[from] item: Leftovers
|-damage|p2a: Zamazenta|9/100 tox|[from] psn
|upkeep
|turn|27
|
|t:|1758947333
|switch|p2a: Clefable|Clefable, F|61/100
|move|p1a: Clefable|Cosmic Power|p1a: Clefable
|-boost|p1a: Clefable|def|1
|-boost|p1a: Clefable|spd|1
|
|-heal|p1a: Clefable|77/100|[from] item: Leftovers
|upkeep
|turn|28
|
|t:|1758947343
|move|p2a: Clefable|Knock Off|p1a: Clefable
|-resisted|p1a: Clefable
|-damage|p1a: Clefable|74/100
|-enditem|p1a: Clefable|Leftovers|[from] move: Knock Off|[of] p2a: Clefable
|move|p1a: Clefable|Cosmic Power|p1a: Clefable
|-boost|p1a: Clefable|def|1
|-boost|p1a: Clefable|spd|1
|
|upkeep
|turn|29
|
|t:|1758947353
|switch|p2a: Dragonite|Dragonite, M|76/100 tox
|move|p1a: Clefable|Thunder Wave||[still]
|-fail|p1a: Clefable
|
|-damage|p2a: Dragonite|70/100 tox|[from] psn
|upkeep
|turn|30
|
|t:|1758947361
|move|p1a: Clefable|Cosmic Power|p1a: Clefable
|-boost|p1a: Clefable|def|1
|-boost|p1a: Clefable|spd|1
|move|p2a: Dragonite|Dragon Tail|p1a: Clefable
|-immune|p1a: Clefable
|
|-damage|p2a: Dragonite|58/100 tox|[from] psn
|upkeep
|turn|31
|
|t:|1758947374
|move|p2a: Dragonite|Earthquake|p1a: Clefable
|-damage|p1a: Clefable|66/100
|move|p1a: Clefable|Cosmic Power|p1a: Clefable
|-boost|p1a: Clefable|def|1
|-boost|p1a: Clefable|spd|1
|
|-damage|p2a: Dragonite|40/100 tox|[from] psn
|upkeep
|turn|32
|
|t:|1758947383
|move|p2a: Dragonite|Roost|p2a: Dragonite
|-heal|p2a: Dragonite|91/100 tox
|-singleturn|p2a: Dragonite|move: Roost
|move|p1a: Clefable|Moonlight|p1a: Clefable
|-heal|p1a: Clefable|100/100
|
|-damage|p2a: Dragonite|67/100 tox|[from] psn
|upkeep
|turn|33
|
|t:|1758947394
|switch|p2a: Deoxys|Deoxys-Speed|100/100
|-ability|p2a: Deoxys|Pressure
|move|p1a: Clefable|Stored Power|p2a: Deoxys
|-resisted|p2a: Deoxys
|-damage|p2a: Deoxys|61/100
|
|upkeep
|turn|34
|
|t:|1758947403
|move|p2a: Deoxys|Thunderbolt|p1a: Clefable
|-damage|p1a: Clefable|95/100
|move|p1a: Clefable|Stored Power|p2a: Deoxys
|-resisted|p2a: Deoxys
|-damage|p2a: Deoxys|18/100
|
|upkeep
|turn|35
|
|t:|1758947410
|move|p2a: Deoxys|Psycho Boost|p1a: Clefable
|-damage|p1a: Clefable|81/100
|-unboost|p2a: Deoxys|spa|2
|move|p1a: Clefable|Stored Power|p2a: Deoxys
|-resisted|p2a: Deoxys
|-damage|p2a: Deoxys|0 fnt
|faint|p2a: Deoxys
|
|upkeep
|
|t:|1758947432
|switch|p2a: Clefable|Clefable, F|61/100
|turn|36
|
|t:|1758947436
|move|p2a: Clefable|Stealth Rock|p1a: Clefable
|-sidestart|p1: w86gwv868ywvev9yvy|move: Stealth Rock
|move|p1a: Clefable|Stored Power|p2a: Clefable
|-damage|p2a: Clefable|12/100
|
|upkeep
|turn|37
|
|t:|1758947445
|switch|p2a: Dragonite|Dragonite, M|67/100 tox
|move|p1a: Clefable|Thunder Wave|p2a: Dragonite|[miss]
|-miss|p1a: Clefable|p2a: Dragonite
|
|-damage|p2a: Dragonite|61/100 tox|[from] psn
|upkeep
|turn|38
|
|t:|1758947454
|move|p2a: Dragonite|Earthquake|p1a: Clefable
|-damage|p1a: Clefable|73/100
|move|p1a: Clefable|Stored Power|p2a: Dragonite
|-damage|p2a: Dragonite|7/100 tox
|
|-damage|p2a: Dragonite|0 fnt|[from] psn
|faint|p2a: Dragonite
|upkeep
|
|t:|1758947462
|switch|p2a: Zamazenta|Zamazenta|9/100 tox
|turn|39
|
|t:|1758947468
|move|p2a: Zamazenta|Ice Fang|p1a: Clefable
|-damage|p1a: Clefable|68/100
|-status|p1a: Clefable|frz
|-curestatus|p1a: Clefable|frz|[msg]
|move|p1a: Clefable|Moonlight|p1a: Clefable
|-heal|p1a: Clefable|100/100
|
|-damage|p2a: Zamazenta|3/100 tox|[from] psn
|upkeep
|turn|40
|c|☆ArcayneXO|BRO WHAT
|
|t:|1758947482
|move|p2a: Zamazenta|Ice Fang|p1a: Clefable
|-damage|p1a: Clefable|96/100
|move|p1a: Clefable|Thunder Wave||[still]
|-fail|p1a: Clefable
|
|-damage|p2a: Zamazenta|0 fnt|[from] psn
|faint|p2a: Zamazenta
|upkeep
|
|t:|1758947489
|switch|p2a: Clefable|Clefable, F|12/100
|turn|41
|
|t:|1758947494
|move|p2a: Clefable|Moonlight|p2a: Clefable
|-heal|p2a: Clefable|62/100
|move|p1a: Clefable|Thunder Wave|p2a: Clefable
|-status|p2a: Clefable|par
|
|upkeep
|turn|42
|
|t:|1758947503
|switch|p1a: Garganacl|Garganacl, F|100/100
|-damage|p1a: Garganacl|88/100|[from] Stealth Rock
|cant|p2a: Clefable|par
|
|-heal|p1a: Garganacl|94/100|[from] item: Leftovers
|upkeep
|turn|43
|c|☆ArcayneXO|u suck
|c|☆ArcayneXO|ur team is so lame
|-message|ArcayneXO forfeited.
|
|win|w86gwv868ywvev9yvy
|raw|w86gwv868ywvev9yvy's rating: 1218 &rarr; <strong>1243</strong><br />(+25 for winning)
|raw|ArcayneXO's rating: 1213 &rarr; <strong>1188</strong><br />(-25 for losing)
|l|☆ArcayneXO
|player|p2|
|l|☆w86gwv868ywvev9yvy
|player|p1|
