|j|☆AnatiosTheHungry
|j|☆douadyrabbit
|t:|1758961507
|gametype|singles
|player|p1|AnatiosTheHungry|alder|1169
|player|p2|douadyrabbit|pokefanf-gen2|1189
|gen|9
|tier|[Gen 9] OU
|rated|
|rule|HP Percentage Mod: HP is shown in percentages
|rule|Endless Battle Clause: Forcing endless battles is banned
|rule|Species Clause: Limit one of each Pokémon
|rule|OHKO Clause: OHKO moves are banned
|rule|Evasion Items Clause: Evasion items are banned
|rule|Evasion Moves Clause: Evasion moves are banned
|rule|Evasion Abilities Clause: Evasion abilities are banned
|rule|Sleep Moves Clause: Sleep-inducing moves are banned
|clearpoke
|poke|p1|Goodra-Hisui, F|
|poke|p1|Torterra, F|
|poke|p1|Kingambit, M|
|poke|p1|Garchomp, F|
|poke|p1|Dragapult, F|
|poke|p1|Infernape, F|
|poke|p2|Kyurem|
|poke|p2|Corviknight, F|
|poke|p2|Ting-Lu|
|poke|p2|Dondozo, F|
|poke|p2|Weezing-Galar, M|
|poke|p2|Skeledirge, M|
|teampreview
|inactive|Battle timer is ON: inactive players will automatically lose when time's up. (requested by AnatiosTheHungry)
|
|t:|1758961518
|teamsize|p1|6
|teamsize|p2|6
|start
|switch|p1a: Infernape|Infernape, F|100/100
|switch|p2a: Skeledirge|Skeledirge, M|100/100
|turn|1
|
|t:|1758961529
|switch|p2a: Dondozo|Dondozo, F|100/100
|move|p1a: Infernape|Earthquake|p2a: Dondozo
|-damage|p2a: Dondozo|87/100
|
|-heal|p2a: Dondozo|93/100|[from] item: Leftovers
|upkeep
|turn|2
|
|t:|1758961545
|switch|p1a: Goodra|Goodra-Hisui, F|100/100
|move|p2a: Dondozo|Waterfall|p1a: Goodra
|-resisted|p1a: Goodra
|-crit|p1a: Goodra
|-damage|p1a: Goodra|82/100
|
|-heal|p2a: Dondozo|99/100|[from] item: Leftovers
|upkeep
|turn|3
|
|t:|1758961555
|switch|p2a: Ting-Lu|Ting-Lu|100/100
|-ability|p2a: Ting-Lu|Vessel of Ruin
|move|p1a: Goodra|Thunderbolt|p2a: Ting-Lu
|-immune|p2a: Ting-Lu
|
|upkeep
|turn|4
|
|t:|1758961563
|switch|p1a: Torterra|Torterra, F|100/100
|move|p2a: Ting-Lu|Ruination|p1a: Torterra
|-damage|p1a: Torterra|51/100
|
|upkeep
|turn|5
|
|t:|1758961573
|switch|p2a: Kyurem|Kyurem|100/100
|-ability|p2a: Kyurem|Pressure
|move|p1a: Torterra|Shell Smash|p1a: Torterra
|-unboost|p1a: Torterra|def|1
|-unboost|p1a: Torterra|spd|1
|-boost|p1a: Torterra|atk|2
|-boost|p1a: Torterra|spa|2
|-boost|p1a: Torterra|spe|2
|-enditem|p1a: Torterra|White Herb
|-clearnegativeboost|p1a: Torterra|[silent]
|
|upkeep
|turn|6
|
|t:|1758961588
|-terastallize|p1a: Torterra|Bug
|move|p2a: Kyurem|Ice Beam|p1a: Torterra
|-damage|p1a: Torterra|0 fnt
|faint|p1a: Torterra
|
|upkeep
|
|t:|1758961597
|switch|p1a: Infernape|Infernape, F|100/100
|turn|7
|
|t:|1758961603
|switch|p2a: Dondozo|Dondozo, F|99/100
|move|p1a: Infernape|Flare Blitz|p2a: Dondozo
|-resisted|p2a: Dondozo
|-damage|p2a: Dondozo|87/100
|-damage|p1a: Infernape|94/100|[from] Recoil
|
|-heal|p2a: Dondozo|93/100|[from] item: Leftovers
|upkeep
|turn|8
|
|t:|1758961614
|move|p1a: Infernape|Poison Jab|p2a: Dondozo
|-damage|p2a: Dondozo|83/100
|move|p2a: Dondozo|Waterfall|p1a: Infernape
|-supereffective|p1a: Infernape
|-damage|p1a: Infernape|15/100
|
|-heal|p2a: Dondozo|89/100|[from] item: Leftovers
|upkeep
|turn|9
|
|t:|1758961624
|move|p1a: Infernape|Poison Jab|p2a: Dondozo
|-damage|p2a: Dondozo|77/100
|-status|p2a: Dondozo|psn
|move|p2a: Dondozo|Waterfall|p1a: Infernape
|-supereffective|p1a: Infernape
|-damage|p1a: Infernape|0 fnt
|faint|p1a: Infernape
|
|-heal|p2a: Dondozo|84/100 psn|[from] item: Leftovers
|-damage|p2a: Dondozo|71/100 psn|[from] psn
|upkeep
|
|t:|1758961638
|switch|p1a: Dragapult|Dragapult, F|100/100
|turn|10
|
|t:|1758961644
|switch|p2a: Ting-Lu|Ting-Lu|100/100
|-ability|p2a: Ting-Lu|Vessel of Ruin
|move|p1a: Dragapult|Thunderbolt|p2a: Ting-Lu
|-immune|p2a: Ting-Lu
|
|upkeep
|turn|11
|
|t:|1758961654
|move|p1a: Dragapult|Surf|p2a: Ting-Lu
|-supereffective|p2a: Ting-Lu
|-damage|p2a: Ting-Lu|63/100
|move|p2a: Ting-Lu|Ruination|p1a: Dragapult
|-damage|p1a: Dragapult|51/100
|
|-heal|p2a: Ting-Lu|69/100|[from] item: Leftovers
|upkeep
|turn|12
|
|t:|1758961664
|move|p1a: Dragapult|Surf|p2a: Ting-Lu
|-supereffective|p2a: Ting-Lu
|-damage|p2a: Ting-Lu|33/100
|move|p2a: Ting-Lu|Earthquake|p1a: Dragapult
|-damage|p1a: Dragapult|1/100
|
|-heal|p2a: Ting-Lu|39/100|[from] item: Leftovers
|upkeep
|turn|13
|
|t:|1758961673
|move|p1a: Dragapult|Surf|p2a: Ting-Lu
|-supereffective|p2a: Ting-Lu
|-damage|p2a: Ting-Lu|4/100
|move|p2a: Ting-Lu|Earthquake|p1a: Dragapult
|-damage|p1a: Dragapult|0 fnt
|faint|p1a: Dragapult
|
|-heal|p2a: Ting-Lu|11/100|[from] item: Leftovers
|upkeep
|
|t:|1758961683
|switch|p1a: Garchomp|Garchomp, F|100/100
|turn|14
|
|t:|1758961693
|switch|p2a: Skeledirge|Skeledirge, M|100/100
|move|p1a: Garchomp|Liquidation|p2a: Skeledirge
|-supereffective|p2a: Skeledirge
|-damage|p2a: Skeledirge|27/100
|
|-heal|p2a: Skeledirge|33/100|[from] item: Leftovers
|upkeep
|turn|15
|
|t:|1758961720
|-terastallize|p2a: Skeledirge|Water
|move|p1a: Garchomp|Liquidation|p2a: Skeledirge
|-resisted|p2a: Skeledirge
|-damage|p2a: Skeledirge|15/100
|move|p2a: Skeledirge|Will-O-Wisp|p1a: Garchomp
|-status|p1a: Garchomp|brn
|
|-heal|p2a: Skeledirge|21/100|[from] item: Leftovers
|-damage|p1a: Garchomp|94/100 brn|[from] brn
|upkeep
|turn|16
|
|t:|1758961733
|switch|p1a: Goodra|Goodra-Hisui, F|82/100
|move|p2a: Skeledirge|Slack Off|p2a: Skeledirge
|-heal|p2a: Skeledirge|71/100
|
|-heal|p2a: Skeledirge|77/100|[from] item: Leftovers
|upkeep
|turn|17
|
|t:|1758961745
|switch|p2a: Ting-Lu|Ting-Lu|11/100
|-ability|p2a: Ting-Lu|Vessel of Ruin
|move|p1a: Goodra|Earthquake|p2a: Ting-Lu
|-damage|p2a: Ting-Lu|0 fnt
|faint|p2a: Ting-Lu
|
|upkeep
|
|t:|1758961768
|switch|p2a: Kyurem|Kyurem|100/100
|-ability|p2a: Kyurem|Pressure
|turn|18
|
|t:|1758961774
|move|p2a: Kyurem|Draco Meteor|p1a: Goodra
|-damage|p1a: Goodra|22/100
|-unboost|p2a: Kyurem|spa|2
|move|p1a: Goodra|Flamethrower|p2a: Kyurem
|-damage|p2a: Kyurem|73/100
|
|upkeep
|turn|19
|
|t:|1758961784
|move|p2a: Kyurem|Draco Meteor|p1a: Goodra
|-damage|p1a: Goodra|0 fnt
|-unboost|p2a: Kyurem|spa|2
|faint|p1a: Goodra
|
|upkeep
|
|t:|1758961799
|switch|p1a: Garchomp|Garchomp, F|94/100 brn
|turn|20
|
|t:|1758961805
|switch|p2a: Weezing|Weezing-Galar, M|100/100
|-ability|p2a: Weezing|Neutralizing Gas
|move|p1a: Garchomp|Outrage|p2a: Weezing
|-immune|p2a: Weezing
|
|-damage|p1a: Garchomp|88/100 brn|[from] brn
|upkeep
|turn|21
|
|t:|1758961815
|switch|p1a: Kingambit|Kingambit, M|100/100
|move|p2a: Weezing|Strange Steam|p1a: Kingambit|[miss]
|-miss|p2a: Weezing|p1a: Kingambit
|
|upkeep
|turn|22
|
|t:|1758961826
|-end|p2a: Weezing|ability: Neutralizing Gas
|-activate|p1a: Kingambit|ability: Supreme Overlord
|-start|p1a: Kingambit|fallen4|[silent]
|switch|p2a: Skeledirge|Skeledirge, M, tera:Water|77/100
|move|p1a: Kingambit|Swords Dance|p1a: Kingambit
|-boost|p1a: Kingambit|atk|2
|
|-heal|p2a: Skeledirge|84/100|[from] item: Leftovers
|upkeep
|turn|23
|
|t:|1758961843
|move|p1a: Kingambit|Kowtow Cleave|p2a: Skeledirge
|-damage|p2a: Skeledirge|19/100
|move|p2a: Skeledirge|Will-O-Wisp|p1a: Kingambit|[miss]
|-miss|p2a: Skeledirge|p1a: Kingambit
|
|-heal|p2a: Skeledirge|25/100|[from] item: Leftovers
|upkeep
|turn|24
|
|t:|1758961852
|move|p1a: Kingambit|Kowtow Cleave|p2a: Skeledirge
|-damage|p2a: Skeledirge|0 fnt
|faint|p2a: Skeledirge
|
|upkeep
|
|t:|1758961860
|switch|p2a: Dondozo|Dondozo, F|71/100 psn
|turn|25
|
|t:|1758961867
|move|p1a: Kingambit|Swords Dance|p1a: Kingambit
|-boost|p1a: Kingambit|atk|2
|move|p2a: Dondozo|Body Press|p1a: Kingambit
|-supereffective|p1a: Kingambit
|-damage|p1a: Kingambit|0 fnt
|faint|p1a: Kingambit
|-end|p1a: Kingambit|fallen4|[silent]
|
|-heal|p2a: Dondozo|77/100 psn|[from] item: Leftovers
|-damage|p2a: Dondozo|65/100 psn|[from] psn
|upkeep
|
|t:|1758961878
|switch|p1a: Garchomp|Garchomp, F|88/100 brn
|turn|26
|
|t:|1758961886
|move|p1a: Garchomp|Earthquake|p2a: Dondozo
|-damage|p2a: Dondozo|48/100 psn
|move|p2a: Dondozo|Waterfall|p1a: Garchomp
|-damage|p1a: Garchomp|62/100 brn
|-damage|p2a: Dondozo|35/100 psn|[from] ability: Rough Skin|[of] p1a: Garchomp
|
|-heal|p2a: Dondozo|41/100 psn|[from] item: Leftovers
|-damage|p2a: Dondozo|29/100 psn|[from] psn
|-damage|p1a: Garchomp|56/100 brn|[from] brn
|upkeep
|turn|27
|
|t:|1758961898
|switch|p2a: Corviknight|Corviknight, F|100/100
|-ability|p2a: Corviknight|Pressure
|move|p1a: Garchomp|Earthquake|p2a: Corviknight
|-immune|p2a: Corviknight
|
|-damage|p1a: Garchomp|50/100 brn|[from] brn
|upkeep
|turn|28
|
|t:|1758961909
|move|p1a: Garchomp|Earthquake|p2a: Corviknight
|-immune|p2a: Corviknight
|move|p2a: Corviknight|Brave Bird|p1a: Garchomp
|-damage|p1a: Garchomp|10/100 brn
|-damage|p2a: Corviknight|88/100|[from] ability: Rough Skin|[of] p1a: Garchomp
|-damage|p2a: Corviknight|76/100|[from] Recoil
|
|-damage|p1a: Garchomp|4/100 brn|[from] brn
|upkeep
|turn|29
|
|t:|1758961920
|move|p1a: Garchomp|Earthquake|p2a: Corviknight
|-immune|p2a: Corviknight
|move|p2a: Corviknight|Brave Bird|p1a: Garchomp
|-damage|p1a: Garchomp|0 fnt
|-damage|p2a: Corviknight|64/100|[from] ability: Rough Skin|[of] p1a: Garchomp
|faint|p1a: Garchomp
|-damage|p2a: Corviknight|63/100|[from] Recoil
|
|win|douadyrabbit
|raw|AnatiosTheHungry's rating: 1169 &rarr; <strong>1145</strong><br />(-24 for losing)
|raw|douadyrabbit's rating: 1189 &rarr; <strong>1213</strong><br />(+24 for winning)
|l|☆AnatiosTheHungry
|player|p1|
|l|☆douadyrabbit
|player|p2|
