|j|☆Baxter FoxTrot
|j|☆RanSoFarAway
|t:|1759014623
|gametype|singles
|player|p1|Baxter FoxTrot|gentleman-gen4|1000
|player|p2|RanSoFarAway|cyrus|1044
|gen|9
|tier|[Gen 9] OU
|rated|
|rule|HP Percentage Mod: HP is shown in percentages
|rule|Endless Battle Clause: Forcing endless battles is banned
|rule|Species Clause: Limit one of each Pokémon
|rule|OHKO Clause: OHKO moves are banned
|rule|Evasion Items Clause: Evasion items are banned
|rule|Evasion Moves Clause: Evasion moves are banned
|rule|Evasion Abilities Clause: Evasion abilities are banned
|rule|Sleep Moves Clause: Sleep-inducing moves are banned
|clearpoke
|poke|p1|Snorlax, M|
|poke|p1|Bisharp, F|
|poke|p1|Toxicroak, F|
|poke|p1|Cramorant, F|
|poke|p1|Chesnaught, M|
|poke|p1|Golurk|
|poke|p2|Galvantula, F|
|poke|p2|Malamar, M|
|poke|p2|Cramorant, F|
|poke|p2|Toxtricity-Low-Key, F|
|poke|p2|Amoonguss, M|
|poke|p2|Cinderace, F|
|teampreview
|
|t:|1759014635
|teamsize|p1|6
|teamsize|p2|6
|start
|switch|p1a: The Big One|Snorlax, M, shiny|100/100
|switch|p2a: Amoonguss|Amoonguss, M|100/100
|turn|1
|
|t:|1759014642
|move|p2a: Amoonguss|Toxic|p1a: The Big One
|-status|p1a: The Big One|tox
|move|p1a: The Big One|Belly Drum|p1a: The Big One
|-damage|p1a: The Big One|50/100 tox
|-setboost|p1a: The Big One|atk|6|[from] move: Belly Drum
|-enditem|p1a: The Big One|Aguav Berry|[eat]
|-heal|p1a: The Big One|84/100 tox|[from] item: Aguav Berry
|
|-damage|p1a: The Big One|78/100 tox|[from] psn
|upkeep
|turn|2
|
|t:|1759014654
|move|p2a: Amoonguss|Hex|p1a: The Big One
|-immune|p1a: The Big One
|move|p1a: The Big One|Facade|p2a: Amoonguss
|-damage|p2a: Amoonguss|0 fnt
|-damage|p1a: The Big One|61/100 tox|[from] item: Rocky Helmet|[of] p2a: Amoonguss
|faint|p2a: Amoonguss
|
|-damage|p1a: The Big One|49/100 tox|[from] psn
|upkeep
|
|t:|1759014661
|switch|p2a: Malamar|Malamar, M|100/100
|turn|3
|
|t:|1759014670
|-terastallize|p2a: Malamar|Ghost
|move|p2a: Malamar|Switcheroo|p1a: The Big One
|-activate|p2a: Malamar|move: Trick|[of] p1a: The Big One
|-item|p1a: The Big One|Choice Scarf|[from] move: Switcheroo
|-enditem|p2a: Malamar|Choice Scarf|[silent]|[from] move: Switcheroo
|move|p1a: The Big One|Facade|p2a: Malamar
|-immune|p2a: Malamar
|
|-damage|p1a: The Big One|31/100 tox|[from] psn
|upkeep
|turn|4
|inactive|Battle timer is ON: inactive players will automatically lose when time's up. (requested by RanSoFarAway)
|
|t:|1759014707
|move|p2a: Malamar|Knock Off|p1a: The Big One
|-damage|p1a: The Big One|1/100 tox
|-enditem|p1a: The Big One|Choice Scarf|[from] move: Knock Off|[of] p2a: Malamar
|move|p1a: The Big One|Facade|p2a: Malamar
|-immune|p2a: Malamar
|
|-damage|p1a: The Big One|0 fnt|[from] psn
|faint|p1a: The Big One
|upkeep
|
|t:|1759014725
|switch|p1a: Regus|Bisharp, F|100/100
|turn|5
|
|t:|1759014731
|move|p2a: Malamar|Superpower|p1a: Regus
|-supereffective|p1a: Regus
|-damage|p1a: Regus|0 fnt
|-boost|p2a: Malamar|atk|1
|-boost|p2a: Malamar|def|1
|faint|p1a: Regus
|
|upkeep
|-message|Baxter FoxTrot forfeited.
|
|win|RanSoFarAway
|raw|Baxter FoxTrot's rating: 1000 &rarr; <strong>1000</strong><br />(+0 for losing)
|raw|RanSoFarAway's rating: 1044 &rarr; <strong>1073</strong><br />(+29 for winning)
|l|☆Baxter FoxTrot
|player|p1|
