|j|☆Nultiprise
|j|☆itoshiflwr
|t:|1759069565
|gametype|singles
|player|p1|Nultiprise|preschooler|1556
|player|p2|itoshiflwr|miku-flying|1580
|gen|9
|tier|[Gen 9] OU
|rated|
|rule|HP Percentage Mod: HP is shown in percentages
|rule|Endless Battle Clause: Forcing endless battles is banned
|rule|Species Clause: Limit one of each Pokémon
|rule|OHKO Clause: OHKO moves are banned
|rule|Evasion Items Clause: Evasion items are banned
|rule|Evasion Moves Clause: Evasion moves are banned
|rule|Evasion Abilities Clause: Evasion abilities are banned
|rule|Sleep Moves Clause: Sleep-inducing moves are banned
|clearpoke
|poke|p1|Greninja-*, M|
|poke|p1|Zoroark-Hisui, M|
|poke|p1|Great Tusk|
|poke|p1|Deoxys-Speed|
|poke|p1|Yanmega, M|
|poke|p1|Toxicroak, M|
|poke|p2|Raging Bolt|
|poke|p2|Weavile, M|
|poke|p2|Zamazenta-*|
|poke|p2|Ting-Lu|
|poke|p2|Clefable, F|
|poke|p2|Moltres|
|teampreview
|c|☆Nultiprise|hf
|c|☆itoshiflwr|u2
|
|t:|1759069578
|teamsize|p1|6
|teamsize|p2|6
|start
|switch|p1a: Deoxys|Deoxys-Speed|100/100
|switch|p2a: Ting-Lu|Ting-Lu|100/100
|-ability|p1a: Deoxys|Pressure
|-ability|p2a: Ting-Lu|Vessel of Ruin
|turn|1
|
|t:|1759069582
|move|p1a: Deoxys|Stealth Rock|p2a: Ting-Lu
|-sidestart|p2: itoshiflwr|move: Stealth Rock
|move|p2a: Ting-Lu|Earthquake|p1a: Deoxys
|-damage|p1a: Deoxys|42/100
|
|upkeep
|turn|2
|
|t:|1759069587
|switch|p1a: Toxicroak|Toxicroak, M|100/100
|move|p2a: Ting-Lu|Earthquake|p1a: Toxicroak
|-damage|p1a: Toxicroak|24/100
|replace|p1a: Feur|Zoroark-Hisui, M
|-end|p1a: Feur|Illusion
|
|upkeep
|turn|3
|
|t:|1759069593
|move|p1a: Feur|Grass Knot|p2a: Ting-Lu
|-supereffective|p2a: Ting-Lu
|-damage|p2a: Ting-Lu|58/100
|-damage|p1a: Feur|14/100|[from] item: Life Orb
|move|p2a: Ting-Lu|Earthquake|p1a: Feur
|-damage|p1a: Feur|0 fnt
|faint|p1a: Feur
|
|-heal|p2a: Ting-Lu|65/100|[from] item: Leftovers
|upkeep
|
|t:|1759069600
|switch|p1a: Yanmega|Yanmega, M|100/100
|turn|4
|
|t:|1759069615
|move|p1a: Yanmega|Bug Buzz|p2a: Ting-Lu
|-supereffective|p2a: Ting-Lu
|-damage|p2a: Ting-Lu|22/100
|-unboost|p2a: Ting-Lu|spd|1
|-enditem|p1a: Yanmega|Throat Spray
|-boost|p1a: Yanmega|spa|1|[from] item: Throat Spray
|move|p2a: Ting-Lu|Ruination|p1a: Yanmega
|-damage|p1a: Yanmega|51/100
|
|-heal|p2a: Ting-Lu|28/100|[from] item: Leftovers
|-ability|p1a: Yanmega|Speed Boost|boost
|-boost|p1a: Yanmega|spe|1
|upkeep
|turn|5
|
|t:|1759069623
|move|p1a: Yanmega|Bug Buzz|p2a: Ting-Lu
|-supereffective|p2a: Ting-Lu
|-damage|p2a: Ting-Lu|0 fnt
|faint|p2a: Ting-Lu
|
|-ability|p1a: Yanmega|Speed Boost|boost
|-boost|p1a: Yanmega|spe|1
|upkeep
|
|t:|1759069625
|switch|p2a: Weavile|Weavile, M|100/100
|-ability|p2a: Weavile|Pressure
|turn|6
|
|t:|1759069632
|switch|p2a: Clefable|Clefable, F|100/100
|-terastallize|p1a: Yanmega|Fire
|move|p1a: Yanmega|Bug Buzz|p2a: Clefable
|-resisted|p2a: Clefable
|-damage|p2a: Clefable|66/100
|
|-ability|p1a: Yanmega|Speed Boost|boost
|-boost|p1a: Yanmega|spe|1
|upkeep
|turn|7
|
|t:|1759069638
|move|p1a: Yanmega|Air Slash|p2a: Clefable
|-damage|p2a: Clefable|14/100
|move|p2a: Clefable|Stealth Rock|p1a: Yanmega
|-sidestart|p1: Nultiprise|move: Stealth Rock
|
|-ability|p1a: Yanmega|Speed Boost|boost
|-boost|p1a: Yanmega|spe|1
|upkeep
|turn|8
|
|t:|1759069642
|move|p1a: Yanmega|Bug Buzz|p2a: Clefable
|-resisted|p2a: Clefable
|-damage|p2a: Clefable|0 fnt
|faint|p2a: Clefable
|
|-ability|p1a: Yanmega|Speed Boost|boost
|-boost|p1a: Yanmega|spe|1
|upkeep
|
|t:|1759069645
|switch|p2a: Moltres|Moltres|100/100
|turn|9
|
|t:|1759069648
|move|p1a: Yanmega|Air Slash|p2a: Moltres|[miss]
|-miss|p1a: Yanmega|p2a: Moltres
|move|p2a: Moltres|Hurricane|p1a: Yanmega
|-damage|p1a: Yanmega|0 fnt
|faint|p1a: Yanmega
|
|upkeep
|
|t:|1759069659
|switch|p1a: Quoi ?|Greninja, M|100/100
|-damage|p1a: Quoi ?|88/100|[from] Stealth Rock
|turn|10
|
|t:|1759069663
|-terastallize|p2a: Moltres|Grass
|move|p1a: Quoi ?|Hydro Pump|p2a: Moltres
|-resisted|p2a: Moltres
|-damage|p2a: Moltres|75/100
|move|p2a: Moltres|U-turn|p1a: Quoi ?
|-supereffective|p1a: Quoi ?
|-damage|p1a: Quoi ?|40/100
|
|t:|1759069670
|switch|p2a: Zamazenta|Zamazenta|100/100|[from] U-turn
|-ability|p2a: Zamazenta|Dauntless Shield|boost
|-boost|p2a: Zamazenta|def|1
|
|upkeep
|turn|11
|
|t:|1759069673
|switch|p1a: Deoxys|Deoxys-Speed|42/100
|-damage|p1a: Deoxys|30/100|[from] Stealth Rock
|-ability|p1a: Deoxys|Pressure
|move|p2a: Zamazenta|Stone Edge|p1a: Deoxys
|-damage|p1a: Deoxys|0 fnt
|faint|p1a: Deoxys
|
|upkeep
|
|t:|1759069676
|switch|p1a: Great Tusk|Great Tusk|100/100
|-damage|p1a: Great Tusk|98/100|[from] Stealth Rock
|-enditem|p1a: Great Tusk|Booster Energy
|-activate|p1a: Great Tusk|ability: Protosynthesis|[fromitem]
|-start|p1a: Great Tusk|protosynthesisspe
|turn|12
|
|t:|1759069682
|move|p1a: Great Tusk|Bulk Up|p1a: Great Tusk
|-boost|p1a: Great Tusk|atk|1
|-boost|p1a: Great Tusk|def|1
|move|p2a: Zamazenta|Psychic Fangs|p1a: Great Tusk
|-supereffective|p1a: Great Tusk
|-damage|p1a: Great Tusk|75/100
|
|upkeep
|turn|13
|
|t:|1759069690
|move|p1a: Great Tusk|Ice Spinner|p2a: Zamazenta
|-damage|p2a: Zamazenta|79/100
|move|p2a: Zamazenta|Close Combat|p1a: Great Tusk
|-damage|p1a: Great Tusk|52/100
|-unboost|p2a: Zamazenta|def|1
|-unboost|p2a: Zamazenta|spd|1
|
|upkeep
|turn|14
|
|t:|1759069694
|move|p1a: Great Tusk|Bulk Up|p1a: Great Tusk
|-boost|p1a: Great Tusk|atk|1
|-boost|p1a: Great Tusk|def|1
|move|p2a: Zamazenta|Psychic Fangs|p1a: Great Tusk
|-supereffective|p1a: Great Tusk
|-damage|p1a: Great Tusk|36/100
|
|upkeep
|turn|15
|
|t:|1759069701
|move|p1a: Great Tusk|Headlong Rush|p2a: Zamazenta
|-damage|p2a: Zamazenta|0 fnt
|-unboost|p1a: Great Tusk|def|1
|-unboost|p1a: Great Tusk|spd|1
|faint|p2a: Zamazenta
|
|upkeep
|
|t:|1759069704
|switch|p2a: Moltres|Moltres, tera:Grass|75/100
|turn|16
|
|t:|1759069709
|move|p1a: Great Tusk|Ice Spinner|p2a: Moltres
|-supereffective|p2a: Moltres
|-damage|p2a: Moltres|9/100
|-status|p1a: Great Tusk|brn|[from] ability: Flame Body|[of] p2a: Moltres
|move|p2a: Moltres|Flamethrower|p1a: Great Tusk
|-damage|p1a: Great Tusk|0 fnt
|faint|p1a: Great Tusk
|-end|p1a: Great Tusk|Protosynthesis|[silent]
|
|upkeep
|
|t:|1759069713
|switch|p1a: Quoi ?|Greninja, M|40/100
|-damage|p1a: Quoi ?|28/100|[from] Stealth Rock
|turn|17
|
|t:|1759069718
|move|p1a: Quoi ?|Ice Beam|p2a: Moltres
|-supereffective|p2a: Moltres
|-damage|p2a: Moltres|0 fnt
|faint|p2a: Moltres
|-ability|p1a: Quoi ?|Battle Bond|boost
|-boost|p1a: Quoi ?|atk|1
|-boost|p1a: Quoi ?|spa|1
|-boost|p1a: Quoi ?|spe|1
|-activate|p1a: Quoi ?|ability: Battle Bond
|
|upkeep
|
|t:|1759069720
|switch|p2a: Raging Bolt|Raging Bolt|100/100
|turn|18
|
|t:|1759069724
|move|p2a: Raging Bolt|Thunderclap|p1a: Quoi ?
|-supereffective|p1a: Quoi ?
|-damage|p1a: Quoi ?|0 fnt
|faint|p1a: Quoi ?
|
|upkeep
|
|t:|1759069725
|switch|p1a: Toxicroak|Toxicroak, M|100/100
|-damage|p1a: Toxicroak|94/100|[from] Stealth Rock
|turn|19
|
|t:|1759069728
|move|p1a: Toxicroak|Swords Dance|p1a: Toxicroak
|-boost|p1a: Toxicroak|atk|2
|move|p2a: Raging Bolt|Volt Switch|p1a: Toxicroak
|-damage|p1a: Toxicroak|33/100
|-message|Nultiprise forfeited.
|
|win|itoshiflwr
|raw|Nultiprise's rating: 1556 &rarr; <strong>1537</strong><br />(-19 for losing)
|raw|itoshiflwr's rating: 1580 &rarr; <strong>1599</strong><br />(+19 for winning)
|l|☆Nultiprise
|player|p1|
|l|☆itoshiflwr
|player|p2|
