|j|☆vghhjg
|j|☆Kainoa
|t:|1758927416
|gametype|singles
|player|p1|vghhjg|2|1505
|player|p2|Kainoa|caitlin|1524
|gen|9
|tier|[Gen 9] OU
|rated|
|rule|HP Percentage Mod: HP is shown in percentages
|rule|Endless Battle Clause: Forcing endless battles is banned
|rule|Species Clause: Limit one of each Pokémon
|rule|OHKO Clause: OHKO moves are banned
|rule|Evasion Items Clause: Evasion items are banned
|rule|Evasion Moves Clause: Evasion moves are banned
|rule|Evasion Abilities Clause: Evasion abilities are banned
|rule|Sleep Moves Clause: Sleep-inducing moves are banned
|clearpoke
|poke|p1|Gholdengo|
|poke|p1|Ribombee, M|
|poke|p1|Dragonite, F|
|poke|p1|Comfey, M|
|poke|p1|Primarina, M|
|poke|p1|Arcanine, M|
|poke|p2|Blissey, F|
|poke|p2|Dondozo, M|
|poke|p2|Clodsire, F|
|poke|p2|Alomomola, F|
|poke|p2|Gliscor, F|
|poke|p2|Amoonguss, F|
|teampreview
|
|t:|1758927425
|teamsize|p1|6
|teamsize|p2|6
|start
|switch|p1a: Ribombee|Ribombee, M|100/100
|switch|p2a: Gliscor|Gliscor, F|100/100
|turn|1
|
|t:|1758927434
|move|p2a: Gliscor|Protect|p2a: Gliscor
|-singleturn|p2a: Gliscor|Protect
|move|p1a: Ribombee|Stun Spore|p2a: Gliscor
|-activate|p2a: Gliscor|move: Protect
|
|-status|p2a: Gliscor|tox|[from] item: Toxic Orb
|upkeep
|turn|2
|
|t:|1758927438
|move|p1a: Ribombee|Sticky Web|p2a: Gliscor
|-sidestart|p2: Kainoa|move: Sticky Web
|move|p2a: Gliscor|Knock Off|p1a: Ribombee
|-resisted|p1a: Ribombee
|-damage|p1a: Ribombee|81/100
|-enditem|p1a: Ribombee|Focus Sash|[from] move: Knock Off|[of] p2a: Gliscor
|
|upkeep
|turn|3
|
|t:|1758927444
|move|p1a: Ribombee|Stun Spore||[still]
|-fail|p1a: Ribombee
|move|p2a: Gliscor|Spikes|p1a: Ribombee
|-sidestart|p1: vghhjg|Spikes
|
|upkeep
|turn|4
|
|t:|1758927449
|move|p1a: Ribombee|Stun Spore||[still]
|-fail|p1a: Ribombee
|move|p2a: Gliscor|Poison Jab|p1a: Ribombee
|-supereffective|p1a: Ribombee
|-damage|p1a: Ribombee|9/100
|
|upkeep
|turn|5
|
|t:|1758927455
|move|p1a: Ribombee|Skill Swap|p2a: Gliscor
|-activate|p1a: Ribombee|move: Skill Swap|Poison Heal|Shield Dust|[of] p2a: Gliscor
|move|p2a: Gliscor|Spikes|p1a: Ribombee
|-sidestart|p1: vghhjg|Spikes
|
|-damage|p2a: Gliscor|75/100 tox|[from] psn
|upkeep
|turn|6
|
|t:|1758927469
|move|p1a: Ribombee|Psychic Noise|p2a: Gliscor
|-damage|p2a: Gliscor|48/100 tox
|move|p2a: Gliscor|Spikes|p1a: Ribombee
|-sidestart|p1: vghhjg|Spikes
|
|-damage|p2a: Gliscor|16/100 tox|[from] psn
|upkeep
|turn|7
|
|t:|1758927480
|switch|p2a: Blissey|Blissey, F|100/100
|move|p1a: Ribombee|Stun Spore|p2a: Blissey
|-status|p2a: Blissey|par
|
|upkeep
|turn|8
|j| I buy gun skill
|inactive|Battle timer is ON: inactive players will automatically lose when time's up. (requested by vghhjg)
|
|t:|1758927497
|move|p1a: Ribombee|Psychic Noise|p2a: Blissey
|-damage|p2a: Blissey|95/100 par
|-start|p2a: Blissey|move: Heal Block
|cant|p2a: Blissey|par
|
|upkeep
|turn|9
|
|t:|1758927509
|move|p1a: Ribombee|Psychic Noise|p2a: Blissey
|-damage|p2a: Blissey|88/100 par
|move|p2a: Blissey|Stealth Rock|p1a: Ribombee
|-sidestart|p1: vghhjg|move: Stealth Rock
|
|-end|p2a: Blissey|move: Heal Block
|upkeep
|turn|10
|
|t:|1758927514
|move|p1a: Ribombee|Skill Swap|p2a: Blissey
|-activate|p1a: Ribombee|move: Skill Swap|Natural Cure|Poison Heal|[of] p2a: Blissey
|move|p2a: Blissey|Calm Mind|p2a: Blissey
|-boost|p2a: Blissey|spa|1
|-boost|p2a: Blissey|spd|1
|
|upkeep
|turn|11
|
|t:|1758927521
|move|p1a: Ribombee|Psychic Noise|p2a: Blissey
|-damage|p2a: Blissey|84/100 par
|-start|p2a: Blissey|move: Heal Block
|cant|p2a: Blissey|par
|
|upkeep
|turn|12
|
|t:|1758927523
|move|p1a: Ribombee|Psychic Noise|p2a: Blissey
|-damage|p2a: Blissey|80/100 par
|cant|p2a: Blissey|par
|
|-end|p2a: Blissey|move: Heal Block
|upkeep
|turn|13
|
|t:|1758927527
|move|p1a: Ribombee|Psychic Noise|p2a: Blissey
|-damage|p2a: Blissey|76/100 par
|-start|p2a: Blissey|move: Heal Block
|cant|p2a: Blissey|par
|
|upkeep
|turn|14
|
|t:|1758927533
|move|p1a: Ribombee|Psychic Noise|p2a: Blissey
|-damage|p2a: Blissey|72/100 par
|move|p2a: Blissey|Calm Mind|p2a: Blissey
|-boost|p2a: Blissey|spa|1
|-boost|p2a: Blissey|spd|1
|
|-end|p2a: Blissey|move: Heal Block
|upkeep
|turn|15
|
|t:|1758927536
|move|p1a: Ribombee|Psychic Noise|p2a: Blissey
|-damage|p2a: Blissey|68/100 par
|-start|p2a: Blissey|move: Heal Block
|move|p2a: Blissey|Calm Mind|p2a: Blissey
|-boost|p2a: Blissey|spa|1
|-boost|p2a: Blissey|spd|1
|
|upkeep
|turn|16
|
|t:|1758927538
|move|p1a: Ribombee|Psychic Noise|p2a: Blissey
|-damage|p2a: Blissey|65/100 par
|move|p2a: Blissey|Calm Mind|p2a: Blissey
|-boost|p2a: Blissey|spa|1
|-boost|p2a: Blissey|spd|1
|
|-end|p2a: Blissey|move: Heal Block
|upkeep
|turn|17
|
|t:|1758927546
|move|p1a: Ribombee|Psychic Noise|p2a: Blissey
|-damage|p2a: Blissey|63/100 par
|-start|p2a: Blissey|move: Heal Block
|move|p2a: Blissey|Calm Mind|p2a: Blissey
|-boost|p2a: Blissey|spa|1
|-boost|p2a: Blissey|spd|1
|
|upkeep
|turn|18
|
|t:|1758927549
|move|p1a: Ribombee|Psychic Noise|p2a: Blissey
|-damage|p2a: Blissey|61/100 par
|move|p2a: Blissey|Calm Mind|p2a: Blissey
|-boost|p2a: Blissey|spa|1
|-boost|p2a: Blissey|spd|1
|
|-end|p2a: Blissey|move: Heal Block
|upkeep
|turn|19
|
|t:|1758927555
|move|p1a: Ribombee|Psychic Noise|p2a: Blissey
|-damage|p2a: Blissey|60/100 par
|-start|p2a: Blissey|move: Heal Block
|move|p2a: Blissey|Calm Mind|p2a: Blissey
|-boost|p2a: Blissey|spa|0
|-boost|p2a: Blissey|spd|0
|
|upkeep
|turn|20
|
|t:|1758927559
|move|p1a: Ribombee|Psychic Noise|p2a: Blissey
|-damage|p2a: Blissey|58/100 par
|cant|p2a: Blissey|par
|
|-end|p2a: Blissey|move: Heal Block
|upkeep
|turn|21
|
|t:|1758927562
|move|p1a: Ribombee|Psychic Noise|p2a: Blissey
|-damage|p2a: Blissey|56/100 par
|-start|p2a: Blissey|move: Heal Block
|cant|p2a: Blissey|move: Heal Block|Soft-Boiled
|
|upkeep
|turn|22
|
|t:|1758927575
|move|p1a: Ribombee|Psychic Noise|p2a: Blissey
|-damage|p2a: Blissey|54/100 par
|move|p2a: Blissey|Calm Mind|p2a: Blissey
|-boost|p2a: Blissey|spa|0
|-boost|p2a: Blissey|spd|0
|
|-end|p2a: Blissey|move: Heal Block
|upkeep
|turn|23
|
|t:|1758927580
|move|p1a: Ribombee|Psychic Noise|p2a: Blissey
|-damage|p2a: Blissey|52/100 par
|-start|p2a: Blissey|move: Heal Block
|cant|p2a: Blissey|move: Heal Block|Soft-Boiled
|
|upkeep
|turn|24
|
|t:|1758927585
|switch|p1a: Comfey|Comfey, M|100/100
|-damage|p1a: Comfey|76/100|[from] Spikes
|-damage|p1a: Comfey|63/100|[from] Stealth Rock
|move|p2a: Blissey|Calm Mind|p2a: Blissey
|-boost|p2a: Blissey|spa|0
|-boost|p2a: Blissey|spd|0
|
|-end|p2a: Blissey|move: Heal Block
|upkeep
|turn|25
|
|t:|1758927602
|move|p1a: Comfey|Encore|p2a: Blissey
|-start|p2a: Blissey|Encore
|move|p2a: Blissey|Calm Mind|p2a: Blissey
|-boost|p2a: Blissey|spa|0
|-boost|p2a: Blissey|spd|0
|
|upkeep
|turn|26
|
|t:|1758927608
|switch|p1a: Ribombee|Ribombee, M|9/100
|-damage|p1a: Ribombee|0 fnt|[from] Spikes
|faint|p1a: Ribombee
|move|p2a: Blissey|Calm Mind|p2a: Blissey
|-boost|p2a: Blissey|spa|0
|-boost|p2a: Blissey|spd|0
|
|upkeep
|
|t:|1758927619
|switch|p1a: Dragonite|Dragonite, F|100/100
|turn|27
|
|t:|1758927622
|switch|p2a: Dondozo|Dondozo, M|100/100
|move|p1a: Dragonite|Dragon Dance|p1a: Dragonite
|-boost|p1a: Dragonite|atk|1
|-boost|p1a: Dragonite|spe|1
|
|upkeep
|turn|28
|
|t:|1758927626
|switch|p1a: Comfey|Comfey, M|63/100
|-damage|p1a: Comfey|38/100|[from] Spikes
|-damage|p1a: Comfey|26/100|[from] Stealth Rock
|move|p2a: Dondozo|Curse|p2a: Dondozo
|-unboost|p2a: Dondozo|spe|1
|-boost|p2a: Dondozo|atk|1
|-boost|p2a: Dondozo|def|1
|
|upkeep
|turn|29
|
|t:|1758927630
|move|p1a: Comfey|Encore|p2a: Dondozo
|-start|p2a: Dondozo|Encore
|move|p2a: Dondozo|Curse|p2a: Dondozo
|-unboost|p2a: Dondozo|spe|1
|-boost|p2a: Dondozo|atk|1
|-boost|p2a: Dondozo|def|1
|
|upkeep
|turn|30
|
|t:|1758927640
|switch|p1a: Gholdengo|Gholdengo|100/100
|-damage|p1a: Gholdengo|94/100|[from] Stealth Rock
|-item|p1a: Gholdengo|Air Balloon
|move|p2a: Dondozo|Curse|p2a: Dondozo
|-unboost|p2a: Dondozo|spe|1
|-boost|p2a: Dondozo|atk|1
|-boost|p2a: Dondozo|def|1
|
|upkeep
|turn|31
|
|t:|1758927651
|switch|p1a: Dragonite|Dragonite, F|100/100
|switch|p2a: Blissey|Blissey, F|52/100 par
|
|upkeep
|turn|32
|
|t:|1758927662
|-curestatus|p2a: Blissey|par|[from] ability: Natural Cure
|switch|p2a: Dondozo|Dondozo, M|100/100
|move|p1a: Dragonite|Earthquake|p2a: Dondozo
|-damage|p2a: Dondozo|86/100
|
|upkeep
|turn|33
|
|t:|1758927669
|switch|p1a: Comfey|Comfey, M|26/100
|-damage|p1a: Comfey|1/100|[from] Spikes
|-damage|p1a: Comfey|0 fnt|[from] Stealth Rock
|faint|p1a: Comfey
|move|p2a: Dondozo|Waterfall|p1: Comfey|[notarget]
|-fail|p2a: Dondozo
|
|upkeep
|l| I buy gun skill
|
|t:|1758927674
|switch|p1a: Primarina|Primarina, M|100/100
|-damage|p1a: Primarina|76/100|[from] Spikes
|-damage|p1a: Primarina|63/100|[from] Stealth Rock
|turn|34
|
|t:|1758927679
|switch|p2a: Blissey|Blissey, F|52/100
|move|p1a: Primarina|Moonblast|p2a: Blissey
|-crit|p2a: Blissey
|-damage|p2a: Blissey|29/100
|-unboost|p2a: Blissey|spa|1
|
|-heal|p1a: Primarina|69/100|[from] item: Leftovers
|upkeep
|turn|35
|
|t:|1758927687
|move|p1a: Primarina|Calm Mind|p1a: Primarina
|-boost|p1a: Primarina|spa|1
|-boost|p1a: Primarina|spd|1
|move|p2a: Blissey|Soft-Boiled|p2a: Blissey
|-heal|p2a: Blissey|79/100
|
|-heal|p1a: Primarina|75/100|[from] item: Leftovers
|upkeep
|turn|36
|
|t:|1758927693
|move|p1a: Primarina|Calm Mind|p1a: Primarina
|-boost|p1a: Primarina|spa|1
|-boost|p1a: Primarina|spd|1
|move|p2a: Blissey|Calm Mind|p2a: Blissey
|-boost|p2a: Blissey|spa|1
|-boost|p2a: Blissey|spd|1
|
|-heal|p1a: Primarina|81/100|[from] item: Leftovers
|upkeep
|turn|37
|
|t:|1758927695
|move|p1a: Primarina|Calm Mind|p1a: Primarina
|-boost|p1a: Primarina|spa|1
|-boost|p1a: Primarina|spd|1
|move|p2a: Blissey|Calm Mind|p2a: Blissey
|-boost|p2a: Blissey|spa|1
|-boost|p2a: Blissey|spd|1
|
|-heal|p1a: Primarina|87/100|[from] item: Leftovers
|upkeep
|turn|38
|
|t:|1758927696
|move|p1a: Primarina|Calm Mind|p1a: Primarina
|-boost|p1a: Primarina|spa|1
|-boost|p1a: Primarina|spd|1
|move|p2a: Blissey|Calm Mind|p2a: Blissey
|-boost|p2a: Blissey|spa|1
|-boost|p2a: Blissey|spd|1
|
|-heal|p1a: Primarina|93/100|[from] item: Leftovers
|upkeep
|turn|39
|
|t:|1758927698
|move|p1a: Primarina|Calm Mind|p1a: Primarina
|-boost|p1a: Primarina|spa|1
|-boost|p1a: Primarina|spd|1
|move|p2a: Blissey|Calm Mind|p2a: Blissey
|-boost|p2a: Blissey|spa|1
|-boost|p2a: Blissey|spd|1
|
|-heal|p1a: Primarina|99/100|[from] item: Leftovers
|upkeep
|turn|40
|
|t:|1758927700
|move|p1a: Primarina|Calm Mind|p1a: Primarina
|-boost|p1a: Primarina|spa|1
|-boost|p1a: Primarina|spd|1
|move|p2a: Blissey|Calm Mind|p2a: Blissey
|-boost|p2a: Blissey|spa|1
|-boost|p2a: Blissey|spd|1
|
|-heal|p1a: Primarina|100/100|[from] item: Leftovers
|upkeep
|turn|41
|
|t:|1758927702
|move|p1a: Primarina|Moonblast|p2a: Blissey
|-damage|p2a: Blissey|62/100
|move|p2a: Blissey|Calm Mind|p2a: Blissey
|-boost|p2a: Blissey|spa|1
|-boost|p2a: Blissey|spd|1
|
|upkeep
|turn|42
|
|t:|1758927706
|move|p1a: Primarina|Surf|p2a: Blissey
|-damage|p2a: Blissey|47/100
|move|p2a: Blissey|Calm Mind|p2a: Blissey
|-boost|p2a: Blissey|spa|1
|-boost|p2a: Blissey|spd|0
|
|upkeep
|turn|43
|
|t:|1758927709
|move|p1a: Primarina|Moonblast|p2a: Blissey
|-damage|p2a: Blissey|31/100
|move|p2a: Blissey|Soft-Boiled|p2a: Blissey
|-heal|p2a: Blissey|81/100
|
|upkeep
|turn|44
|
|t:|1758927713
|move|p1a: Primarina|Moonblast|p2a: Blissey
|-damage|p2a: Blissey|67/100
|move|p2a: Blissey|Stored Power|p1a: Primarina
|-damage|p1a: Primarina|56/100
|
|-heal|p1a: Primarina|62/100|[from] item: Leftovers
|upkeep
|turn|45
|
|t:|1758927721
|move|p1a: Primarina|Moonblast|p2a: Blissey
|-damage|p2a: Blissey|53/100
|move|p2a: Blissey|Stored Power|p1a: Primarina
|-damage|p1a: Primarina|12/100
|
|-heal|p1a: Primarina|18/100|[from] item: Leftovers
|upkeep
|turn|46
|
|t:|1758927728
|move|p1a: Primarina|Surf|p2a: Blissey
|-damage|p2a: Blissey|33/100
|move|p2a: Blissey|Soft-Boiled|p2a: Blissey
|-heal|p2a: Blissey|83/100
|
|-heal|p1a: Primarina|24/100|[from] item: Leftovers
|upkeep
|turn|47
|
|t:|1758927732
|move|p1a: Primarina|Surf|p2a: Blissey
|-damage|p2a: Blissey|63/100
|move|p2a: Blissey|Stored Power|p1a: Primarina
|-damage|p1a: Primarina|0 fnt
|faint|p1a: Primarina
|
|upkeep
|
|t:|1758927734
|switch|p1a: Arcanine|Arcanine, M|100/100
|-damage|p1a: Arcanine|75/100|[from] Spikes
|-damage|p1a: Arcanine|50/100|[from] Stealth Rock
|-ability|p1a: Arcanine|Intimidate|boost
|-unboost|p2a: Blissey|atk|1
|turn|48
|
|t:|1758927744
|switch|p2a: Alomomola|Alomomola, F|100/100
|move|p1a: Arcanine|Extreme Speed|p2a: Alomomola
|-damage|p2a: Alomomola|84/100
|
|-heal|p1a: Arcanine|57/100|[from] item: Leftovers
|upkeep
|turn|49
|
|t:|1758927750
|move|p1a: Arcanine|Curse|p1a: Arcanine
|-unboost|p1a: Arcanine|spe|1
|-boost|p1a: Arcanine|atk|1
|-boost|p1a: Arcanine|def|1
|move|p2a: Alomomola|Scald|p1a: Arcanine
|-supereffective|p1a: Arcanine
|-damage|p1a: Arcanine|30/100
|
|-heal|p1a: Arcanine|36/100|[from] item: Leftovers
|upkeep
|turn|50
|
|t:|1758927760
|move|p1a: Arcanine|Crunch|p2a: Alomomola
|-damage|p2a: Alomomola|58/100
|move|p2a: Alomomola|Scald|p1a: Arcanine
|-supereffective|p1a: Arcanine
|-damage|p1a: Arcanine|7/100
|
|-heal|p1a: Arcanine|14/100|[from] item: Leftovers
|upkeep
|turn|51
|
|t:|1758927767
|move|p1a: Arcanine|Crunch|p2a: Alomomola
|-damage|p2a: Alomomola|32/100
|move|p2a: Alomomola|Scald|p1a: Arcanine
|-supereffective|p1a: Arcanine
|-damage|p1a: Arcanine|0 fnt
|faint|p1a: Arcanine
|
|upkeep
|
|t:|1758927781
|switch|p1a: Dragonite|Dragonite, F|100/100
|turn|52
|
|t:|1758927795
|switch|p2a: Dondozo|Dondozo, M|86/100
|move|p1a: Dragonite|Dragon Dance|p1a: Dragonite
|-boost|p1a: Dragonite|atk|1
|-boost|p1a: Dragonite|spe|1
|
|upkeep
|turn|53
|
|t:|1758927798
|move|p1a: Dragonite|Earthquake|p2a: Dondozo
|-damage|p2a: Dondozo|69/100
|move|p2a: Dondozo|Curse|p2a: Dondozo
|-unboost|p2a: Dondozo|spe|1
|-boost|p2a: Dondozo|atk|1
|-boost|p2a: Dondozo|def|1
|
|upkeep
|turn|54
|
|t:|1758927802
|move|p1a: Dragonite|Encore|p2a: Dondozo
|-start|p2a: Dondozo|Encore
|move|p2a: Dondozo|Curse|p2a: Dondozo
|-unboost|p2a: Dondozo|spe|1
|-boost|p2a: Dondozo|atk|1
|-boost|p2a: Dondozo|def|1
|
|upkeep
|turn|55
|
|t:|1758927822
|switch|p2a: Alomomola|Alomomola, F|65/100
|move|p1a: Dragonite|Earthquake|p2a: Alomomola
|-damage|p2a: Alomomola|34/100
|
|upkeep
|turn|56
|
|t:|1758927830
|move|p1a: Dragonite|Dragon Dance|p1a: Dragonite
|-boost|p1a: Dragonite|atk|1
|-boost|p1a: Dragonite|spe|1
|move|p2a: Alomomola|Wish|p2a: Alomomola
|
|upkeep
|turn|57
|
|t:|1758927837
|switch|p2a: Dondozo|Dondozo, M|69/100
|move|p1a: Dragonite|Encore||[still]
|-fail|p1a: Dragonite
|
|-heal|p2a: Dondozo|100/100|[from] move: Wish|[wisher] Alomomola
|upkeep
|turn|58
|
|t:|1758927848
|move|p1a: Dragonite|Earthquake|p2a: Dondozo
|-damage|p2a: Dondozo|83/100
|move|p2a: Dondozo|Waterfall|p1a: Dragonite
|-resisted|p1a: Dragonite
|-damage|p1a: Dragonite|92/100
|
|upkeep
|turn|59
|
|t:|1758927862
|move|p1a: Dragonite|Dragon Dance|p1a: Dragonite
|-boost|p1a: Dragonite|atk|1
|-boost|p1a: Dragonite|spe|1
|move|p2a: Dondozo|Curse|p2a: Dondozo
|-unboost|p2a: Dondozo|spe|1
|-boost|p2a: Dondozo|atk|1
|-boost|p2a: Dondozo|def|1
|
|upkeep
|turn|60
|
|t:|1758927868
|move|p1a: Dragonite|Encore|p2a: Dondozo
|-start|p2a: Dondozo|Encore
|move|p2a: Dondozo|Curse|p2a: Dondozo
|-unboost|p2a: Dondozo|spe|1
|-boost|p2a: Dondozo|atk|1
|-boost|p2a: Dondozo|def|1
|
|upkeep
|turn|61
|
|t:|1758927873
|-terastallize|p1a: Dragonite|Flying
|move|p1a: Dragonite|Tera Blast|p2a: Dondozo|[anim] Tera Blast Flying
|-damage|p2a: Dondozo|70/100
|move|p2a: Dondozo|Curse|p2a: Dondozo
|-unboost|p2a: Dondozo|spe|1
|-boost|p2a: Dondozo|atk|1
|-boost|p2a: Dondozo|def|1
|
|upkeep
|turn|62
|
|t:|1758927882
|move|p1a: Dragonite|Tera Blast|p2a: Dondozo|[anim] Tera Blast Flying
|-damage|p2a: Dondozo|59/100
|move|p2a: Dondozo|Curse|p2a: Dondozo
|-unboost|p2a: Dondozo|spe|1
|-boost|p2a: Dondozo|atk|1
|-boost|p2a: Dondozo|def|1
|
|-end|p2a: Dondozo|Encore
|upkeep
|turn|63
|
|t:|1758927886
|move|p1a: Dragonite|Encore|p2a: Dondozo
|-start|p2a: Dondozo|Encore
|move|p2a: Dondozo|Curse|p2a: Dondozo
|-unboost|p2a: Dondozo|spe|1
|-boost|p2a: Dondozo|atk|1
|-boost|p2a: Dondozo|def|1
|
|upkeep
|turn|64
|
|t:|1758927888
|move|p1a: Dragonite|Tera Blast|p2a: Dondozo|[anim] Tera Blast Flying
|-damage|p2a: Dondozo|51/100
|move|p2a: Dondozo|Curse|p2a: Dondozo
|-unboost|p2a: Dondozo|spe|1
|-boost|p2a: Dondozo|atk|1
|-boost|p2a: Dondozo|def|1
|
|upkeep
|turn|65
|
|t:|1758927893
|move|p1a: Dragonite|Tera Blast|p2a: Dondozo|[anim] Tera Blast Flying
|-damage|p2a: Dondozo|45/100
|move|p2a: Dondozo|Curse|p2a: Dondozo
|
|-end|p2a: Dondozo|Encore
|upkeep
|turn|66
|
|t:|1758927897
|move|p1a: Dragonite|Encore|p2a: Dondozo
|-start|p2a: Dondozo|Encore
|move|p2a: Dondozo|Curse|p2a: Dondozo
|
|upkeep
|turn|67
|
|t:|1758927902
|switch|p1a: Gholdengo|Gholdengo|94/100
|-damage|p1a: Gholdengo|88/100|[from] Stealth Rock
|-item|p1a: Gholdengo|Air Balloon
|move|p2a: Dondozo|Curse|p2a: Dondozo
|
|upkeep
|turn|68
|
|t:|1758927912
|switch|p2a: Alomomola|Alomomola, F|67/100
|move|p1a: Gholdengo|Nasty Plot|p1a: Gholdengo
|-boost|p1a: Gholdengo|spa|2
|
|upkeep
|turn|69
|
|t:|1758927916
|switch|p2a: Clodsire|Clodsire, F|100/100
|move|p1a: Gholdengo|Nasty Plot|p1a: Gholdengo
|-boost|p1a: Gholdengo|spa|2
|
|upkeep
|turn|70
|
|t:|1758927923
|move|p1a: Gholdengo|Psyshock|p2a: Clodsire
|-supereffective|p2a: Clodsire
|-damage|p2a: Clodsire|42/100
|move|p2a: Clodsire|Amnesia|p2a: Clodsire
|-boost|p2a: Clodsire|spd|2
|
|upkeep
|turn|71
|
|t:|1758927935
|-terastallize|p2a: Clodsire|Steel
|move|p1a: Gholdengo|Psyshock|p2a: Clodsire
|-resisted|p2a: Clodsire
|-damage|p2a: Clodsire|28/100
|move|p2a: Clodsire|Amnesia|p2a: Clodsire
|-boost|p2a: Clodsire|spd|2
|
|upkeep
|turn|72
|
|t:|1758927944
|switch|p1a: Dragonite|Dragonite, F, tera:Flying|92/100
|move|p2a: Clodsire|Recover|p2a: Clodsire
|-heal|p2a: Clodsire|78/100
|
|upkeep
|turn|73
|
|t:|1758927948
|switch|p2a: Alomomola|Alomomola, F|99/100
|move|p1a: Dragonite|Encore||[still]
|-fail|p1a: Dragonite
|
|upkeep
|turn|74
|
|t:|1758927952
|move|p1a: Dragonite|Dragon Dance|p1a: Dragonite
|-boost|p1a: Dragonite|atk|1
|-boost|p1a: Dragonite|spe|1
|move|p2a: Alomomola|Scald|p1a: Dragonite
|-damage|p1a: Dragonite|77/100
|
|upkeep
|turn|75
|
|t:|1758927962
|move|p1a: Dragonite|Tera Blast|p2a: Alomomola|[anim] Tera Blast Flying
|-damage|p2a: Alomomola|48/100
|move|p2a: Alomomola|Scald|p1a: Dragonite
|-crit|p1a: Dragonite
|-damage|p1a: Dragonite|53/100
|-status|p1a: Dragonite|brn
|
|-damage|p1a: Dragonite|47/100 brn|[from] brn
|upkeep
|turn|76
|
|t:|1758927970
|switch|p2a: Amoonguss|Amoonguss, F|100/100
|move|p1a: Dragonite|Encore||[still]
|-fail|p1a: Dragonite
|
|-damage|p1a: Dragonite|41/100 brn|[from] brn
|upkeep
|turn|77
|
|t:|1758927977
|move|p1a: Dragonite|Tera Blast|p2a: Amoonguss|[anim] Tera Blast Flying
|-supereffective|p2a: Amoonguss
|-damage|p2a: Amoonguss|39/100
|move|p2a: Amoonguss|Foul Play|p1a: Dragonite
|-damage|p1a: Dragonite|0 fnt
|faint|p1a: Dragonite
|
|upkeep
|
|t:|1758927980
|switch|p1a: Gholdengo|Gholdengo|88/100
|-damage|p1a: Gholdengo|82/100|[from] Stealth Rock
|-item|p1a: Gholdengo|Air Balloon
|turn|78
|
|t:|1758927995
|switch|p2a: Alomomola|Alomomola, F|81/100
|move|p1a: Gholdengo|Psyshock|p2a: Alomomola
|-damage|p2a: Alomomola|66/100
|
|upkeep
|turn|79
|
|t:|1758927999
|move|p1a: Gholdengo|Nasty Plot|p1a: Gholdengo
|-boost|p1a: Gholdengo|spa|2
|move|p2a: Alomomola|Scald|p1a: Gholdengo
|-damage|p1a: Gholdengo|68/100
|-status|p1a: Gholdengo|brn
|-enditem|p1a: Gholdengo|Air Balloon
|
|-damage|p1a: Gholdengo|62/100 brn|[from] brn
|upkeep
|turn|80
|c|☆vghhjg|wp
|c|☆Kainoa|gg
|-message|vghhjg forfeited.
|
|win|Kainoa
|raw|vghhjg's rating: 1505 &rarr; <strong>1486</strong><br />(-19 for losing)
|raw|Kainoa's rating: 1524 &rarr; <strong>1543</strong><br />(+19 for winning)
|l|☆Kainoa
|player|p2|
|l|☆vghhjg
|player|p1|
