|j|☆The Wonder of UU
|j|☆mbthelen630
|t:|1759075909
|gametype|singles
|player|p1|The Wonder of UU|steven|1372
|player|p2|mbthelen630|102|1388
|gen|9
|tier|[Gen 9] OU
|rated|
|rule|HP Percentage Mod: HP is shown in percentages
|rule|Endless Battle Clause: Forcing endless battles is banned
|rule|Species Clause: Limit one of each Pokémon
|rule|OHKO Clause: OHKO moves are banned
|rule|Evasion Items Clause: Evasion items are banned
|rule|Evasion Moves Clause: Evasion moves are banned
|rule|Evasion Abilities Clause: Evasion abilities are banned
|rule|Sleep Moves Clause: Sleep-inducing moves are banned
|clearpoke
|poke|p1|Pelipper, F|
|poke|p1|Hatterene, F|
|poke|p1|Iron Treads|
|poke|p1|Toxicroak, F|
|poke|p1|Barraskewda, F|
|poke|p1|Zapdos|
|poke|p2|Tyranitar, F|
|poke|p2|Hydreigon, M|
|poke|p2|Iron Thorns|
|poke|p2|Blastoise, F|
|poke|p2|Iron Jugulis|
|poke|p2|Rillaboom, M|
|teampreview
|
|t:|1759075935
|teamsize|p1|6
|teamsize|p2|6
|start
|switch|p1a: Pelipper|Pelipper, F|100/100
|switch|p2a: Godzilla|Tyranitar, F|100/100
|-weather|Sandstorm|[from] ability: Sand Stream|[of] p2a: Godzilla
|-weather|RainDance|[from] ability: Drizzle|[of] p1a: Pelipper
|turn|1
|
|t:|1759075973
|switch|p1a: Hatterene|Hatterene, F|100/100
|move|p2a: Godzilla|Hyper Beam|p1a: Hatterene
|-damage|p1a: Hatterene|48/100
|-mustrecharge|p2a: Godzilla
|-enditem|p1a: Hatterene|Eject Button
|
|t:|1759075981
|switch|p1a: Barraskewda|Barraskewda, F|100/100
|
|-weather|RainDance|[upkeep]
|upkeep
|turn|2
|
|t:|1759075985
|move|p1a: Barraskewda|Flip Turn|p2a: Godzilla
|-supereffective|p2a: Godzilla
|-damage|p2a: Godzilla|0 fnt
|faint|p2a: Godzilla
|
|t:|1759075997
|switch|p1a: Zapdos|Zapdos|100/100|[from] Flip Turn
|
|-weather|RainDance|[upkeep]
|upkeep
|
|t:|1759076013
|switch|p2a: MechaKingGhidorah|Iron Jugulis|100/100
|turn|3
|
|t:|1759076046
|move|p2a: MechaKingGhidorah|Meteor Beam||[still]
|-prepare|p2a: MechaKingGhidorah|Meteor Beam
|-boost|p2a: MechaKingGhidorah|spa|1
|-enditem|p2a: MechaKingGhidorah|Power Herb
|-anim|p2a: MechaKingGhidorah|Meteor Beam|p1a: Zapdos
|-supereffective|p1a: Zapdos
|-damage|p1a: Zapdos|0 fnt
|faint|p1a: Zapdos
|
|-weather|RainDance|[upkeep]
|upkeep
|
|t:|1759076056
|switch|p1a: Barraskewda|Barraskewda, F|100/100
|turn|4
|
|t:|1759076061
|move|p1a: Barraskewda|Liquidation|p2a: MechaKingGhidorah
|-damage|p2a: MechaKingGhidorah|0 fnt
|faint|p2a: MechaKingGhidorah
|-end|p2a: MechaKingGhidorah|Quark Drive|[silent]
|
|-weather|RainDance|[upkeep]
|upkeep
|
|t:|1759076063
|switch|p2a: King Kong|Rillaboom, M|100/100
|-fieldstart|move: Grassy Terrain|[from] ability: Grassy Surge|[of] p2a: King Kong
|turn|5
|
|t:|1759076072
|switch|p1a: Toxicroak|Toxicroak, F|100/100
|move|p2a: King Kong|U-turn|p1a: Toxicroak
|-resisted|p1a: Toxicroak
|-damage|p1a: Toxicroak|92/100
|-damage|p2a: King Kong|84/100|[from] item: Rocky Helmet|[of] p1a: Toxicroak
|
|t:|1759076084
|switch|p2a: Gamera|Blastoise, F|100/100|[from] U-turn
|
|-weather|RainDance|[upkeep]
|-heal|p1a: Toxicroak|100/100|[from] ability: Dry Skin
|upkeep
|turn|6
|
|t:|1759076092
|move|p2a: Gamera|Shell Smash|p2a: Gamera
|-unboost|p2a: Gamera|def|1
|-unboost|p2a: Gamera|spd|1
|-boost|p2a: Gamera|atk|2
|-boost|p2a: Gamera|spa|2
|-boost|p2a: Gamera|spe|2
|-enditem|p2a: Gamera|White Herb
|-clearnegativeboost|p2a: Gamera|[silent]
|move|p1a: Toxicroak|Encore|p2a: Gamera
|-start|p2a: Gamera|Encore
|
|-weather|RainDance|[upkeep]
|upkeep
|turn|7
|
|t:|1759076103
|move|p2a: Gamera|Shell Smash|p2a: Gamera
|-unboost|p2a: Gamera|def|1
|-unboost|p2a: Gamera|spd|1
|-boost|p2a: Gamera|atk|2
|-boost|p2a: Gamera|spa|2
|-boost|p2a: Gamera|spe|2
|move|p1a: Toxicroak|Toxic|p2a: Gamera
|-status|p2a: Gamera|tox
|
|-weather|RainDance|[upkeep]
|-damage|p2a: Gamera|94/100 tox|[from] psn
|upkeep
|turn|8
|
|t:|1759076106
|move|p2a: Gamera|Shell Smash|p2a: Gamera
|-unboost|p2a: Gamera|def|1
|-unboost|p2a: Gamera|spd|1
|-boost|p2a: Gamera|atk|2
|-boost|p2a: Gamera|spa|2
|-boost|p2a: Gamera|spe|2
|move|p1a: Toxicroak|Drain Punch|p2a: Gamera
|-damage|p2a: Gamera|32/100 tox
|
|-weather|none
|-heal|p2a: Gamera|38/100 tox|[from] Grassy Terrain
|-damage|p2a: Gamera|26/100 tox|[from] psn
|upkeep
|turn|9
|
|t:|1759076111
|move|p2a: Gamera|Shell Smash|p2a: Gamera
|-unboost|p2a: Gamera|def|1
|-unboost|p2a: Gamera|spd|1
|-boost|p2a: Gamera|atk|0
|-boost|p2a: Gamera|spa|0
|-boost|p2a: Gamera|spe|0
|move|p1a: Toxicroak|Drain Punch|p2a: Gamera
|-damage|p2a: Gamera|0 fnt
|faint|p2a: Gamera
|
|-fieldend|move: Grassy Terrain
|upkeep
|
|t:|1759076118
|switch|p2a: King Ghidorah|Hydreigon, M|100/100
|turn|10
|
|t:|1759076126
|-terastallize|p2a: King Ghidorah|Electric
|move|p2a: King Ghidorah|Tera Blast|p1a: Toxicroak|[anim] Tera Blast Electric
|-damage|p1a: Toxicroak|18/100
|move|p1a: Toxicroak|Knock Off|p2a: King Ghidorah
|-damage|p2a: King Ghidorah|76/100
|-enditem|p2a: King Ghidorah|Choice Specs|[from] move: Knock Off|[of] p1a: Toxicroak
|
|upkeep
|turn|11
|
|t:|1759076136
|switch|p1a: Iron Treads|Iron Treads|100/100
|move|p2a: King Ghidorah|Flamethrower|p1a: Iron Treads
|-supereffective|p1a: Iron Treads
|-damage|p1a: Iron Treads|50/100
|
|-heal|p1a: Iron Treads|56/100|[from] item: Leftovers
|upkeep
|turn|12
|
|t:|1759076145
|-end|p1a: Iron Treads|Quark Drive|[silent]
|switch|p1a: Pelipper|Pelipper, F|100/100
|-weather|RainDance|[from] ability: Drizzle|[of] p1a: Pelipper
|move|p2a: King Ghidorah|Flamethrower|p1a: Pelipper
|-resisted|p1a: Pelipper
|-damage|p1a: Pelipper|93/100
|
|-weather|RainDance|[upkeep]
|upkeep
|turn|13
|
|t:|1759076157
|switch|p1a: Toxicroak|Toxicroak, F|18/100
|move|p2a: King Ghidorah|Tera Blast|p1a: Toxicroak|[anim] Tera Blast Electric
|-damage|p1a: Toxicroak|0 fnt
|faint|p1a: Toxicroak
|
|-weather|RainDance|[upkeep]
|upkeep
|
|t:|1759076161
|switch|p1a: Barraskewda|Barraskewda, F|100/100
|turn|14
|
|t:|1759076167
|switch|p2a: MechaGodzilla|Iron Thorns|100/100
|-enditem|p2a: MechaGodzilla|Booster Energy
|-activate|p2a: MechaGodzilla|ability: Quark Drive|[fromitem]
|-start|p2a: MechaGodzilla|quarkdriveatk
|move|p1a: Barraskewda|Liquidation|p2a: MechaGodzilla
|-supereffective|p2a: MechaGodzilla
|-damage|p2a: MechaGodzilla|0 fnt
|faint|p2a: MechaGodzilla
|-end|p2a: MechaGodzilla|Quark Drive|[silent]
|
|-weather|RainDance|[upkeep]
|upkeep
|
|t:|1759076169
|switch|p2a: King Kong|Rillaboom, M|84/100
|-fieldstart|move: Grassy Terrain|[from] ability: Grassy Surge|[of] p2a: King Kong
|turn|15
|
|t:|1759076194
|switch|p1a: Hatterene|Hatterene, F|48/100
|move|p2a: King Kong|Grassy Glide|p1a: Hatterene
|-damage|p1a: Hatterene|0 fnt
|faint|p1a: Hatterene
|
|-weather|RainDance|[upkeep]
|-heal|p2a: King Kong|90/100|[from] Grassy Terrain
|upkeep
|
|t:|1759076210
|switch|p1a: Pelipper|Pelipper, F|93/100
|turn|16
|
|t:|1759076214
|switch|p2a: King Ghidorah|Hydreigon, M, tera:Electric|76/100
|move|p1a: Pelipper|Hurricane|p2a: King Ghidorah
|-resisted|p2a: King Ghidorah
|-damage|p2a: King Ghidorah|56/100
|-start|p2a: King Ghidorah|confusion
|
|-weather|RainDance|[upkeep]
|upkeep
|turn|17
|
|t:|1759076220
|switch|p1a: Iron Treads|Iron Treads|56/100
|-activate|p2a: King Ghidorah|confusion
|move|p2a: King Ghidorah|Dark Pulse|p1a: Iron Treads
|-damage|p1a: Iron Treads|20/100
|
|-weather|RainDance|[upkeep]
|-heal|p1a: Iron Treads|26/100|[from] Grassy Terrain
|-heal|p1a: Iron Treads|32/100|[from] item: Leftovers
|upkeep
|turn|18
|
|t:|1759076229
|-activate|p2a: King Ghidorah|confusion
|move|p2a: King Ghidorah|Dark Pulse|p1a: Iron Treads
|-damage|p1a: Iron Treads|1/100
|move|p1a: Iron Treads|Stealth Rock|p2a: King Ghidorah
|-sidestart|p2: mbthelen630|move: Stealth Rock
|
|-weather|RainDance|[upkeep]
|-heal|p1a: Iron Treads|7/100|[from] Grassy Terrain
|-heal|p1a: Iron Treads|13/100|[from] item: Leftovers
|upkeep
|turn|19
|
|t:|1759076238
|-activate|p2a: King Ghidorah|confusion
|-damage|p2a: King Ghidorah|45/100|[from] confusion
|move|p1a: Iron Treads|Rapid Spin|p2a: King Ghidorah
|-damage|p2a: King Ghidorah|30/100
|-boost|p1a: Iron Treads|spe|1
|
|-weather|none
|-heal|p1a: Iron Treads|19/100|[from] Grassy Terrain
|-heal|p1a: Iron Treads|25/100|[from] item: Leftovers
|-fieldend|move: Grassy Terrain
|upkeep
|turn|20
|
|t:|1759076248
|move|p1a: Iron Treads|Rapid Spin|p2a: King Ghidorah
|-damage|p2a: King Ghidorah|16/100
|-boost|p1a: Iron Treads|spe|1
|-end|p2a: King Ghidorah|confusion
|move|p2a: King Ghidorah|Dark Pulse|p1a: Iron Treads
|-damage|p1a: Iron Treads|0 fnt
|faint|p1a: Iron Treads
|-end|p1a: Iron Treads|Quark Drive|[silent]
|
|upkeep
|
|t:|1759076259
|switch|p1a: Barraskewda|Barraskewda, F|100/100
|turn|21
|
|t:|1759076264
|move|p1a: Barraskewda|Flip Turn|p2a: King Ghidorah
|-damage|p2a: King Ghidorah|0 fnt
|faint|p2a: King Ghidorah
|
|t:|1759076268
|switch|p1a: Pelipper|Pelipper, F|93/100|[from] Flip Turn
|-weather|RainDance|[from] ability: Drizzle|[of] p1a: Pelipper
|
|-weather|RainDance|[upkeep]
|upkeep
|
|t:|1759076272
|switch|p2a: King Kong|Rillaboom, M|90/100
|-damage|p2a: King Kong|78/100|[from] Stealth Rock
|-fieldstart|move: Grassy Terrain|[from] ability: Grassy Surge|[of] p2a: King Kong
|turn|22
|inactive|Battle timer is ON: inactive players will automatically lose when time's up. (requested by mbthelen630)
|
|t:|1759076329
|move|p2a: King Kong|Wood Hammer|p1a: Pelipper
|-damage|p1a: Pelipper|0 fnt
|faint|p1a: Pelipper
|-damage|p2a: King Kong|49/100|[from] Recoil
|
|-weather|RainDance|[upkeep]
|-heal|p2a: King Kong|55/100|[from] Grassy Terrain
|upkeep
|
|t:|1759076336
|switch|p1a: Barraskewda|Barraskewda, F|100/100
|turn|23
|
|t:|1759076341
|-terastallize|p1a: Barraskewda|Water
|move|p1a: Barraskewda|Liquidation|p2a: King Kong
|-resisted|p2a: King Kong
|-damage|p2a: King Kong|0 fnt
|faint|p2a: King Kong
|
|win|The Wonder of UU
|raw|The Wonder of UU's rating: 1372 &rarr; <strong>1393</strong><br />(+21 for winning)
|raw|mbthelen630's rating: 1388 &rarr; <strong>1367</strong><br />(-21 for losing)
|c|☆mbthelen630|gg
|c|☆The Wonder of UU|gg
|l|☆The Wonder of UU
|player|p1|
|l|☆mbthelen630
|player|p2|
