|j|☆zzn12
|j|☆Jon Mateo
|t:|1759061198
|gametype|singles
|player|p1|zzn12|hilda-wonderlauncher|1262
|player|p2|Jon Mateo|266|1221
|gen|9
|tier|[Gen 9] OU
|rated|
|rule|HP Percentage Mod: HP is shown in percentages
|rule|Endless Battle Clause: Forcing endless battles is banned
|rule|Species Clause: Limit one of each Pokémon
|rule|OHKO Clause: OHKO moves are banned
|rule|Evasion Items Clause: Evasion items are banned
|rule|Evasion Moves Clause: Evasion moves are banned
|rule|Evasion Abilities Clause: Evasion abilities are banned
|rule|Sleep Moves Clause: Sleep-inducing moves are banned
|clearpoke
|poke|p1|Charizard, M|
|poke|p1|Torkoal, M|
|poke|p1|Hatterene, F|
|poke|p1|Great Tusk|
|poke|p1|Lilligant-Hisui, F|
|poke|p1|Walking Wake|
|poke|p2|Ceruledge, F|
|poke|p2|Quaquaval, F|
|poke|p2|Gardevoir, M|
|poke|p2|Garchomp, F|
|poke|p2|Rotom-Frost|
|poke|p2|Kingdra, F|
|teampreview
|inactive|Battle timer is ON: inactive players will automatically lose when time's up. (requested by zzn12)
|
|t:|1759061215
|teamsize|p1|6
|teamsize|p2|6
|start
|switch|p1a: 河内恭介|Torkoal, M|100/100
|switch|p2a: Rotom|Rotom-Frost|100/100
|-weather|SunnyDay|[from] ability: Drought|[of] p1a: 河内恭介
|turn|1
|
|t:|1759061222
|move|p2a: Rotom|Volt Switch|p1a: 河内恭介
|-damage|p1a: 河内恭介|58/100
|
|t:|1759061226
|switch|p2a: Kingdra|Kingdra, F|100/100|[from] Volt Switch
|move|p1a: 河内恭介|Will-O-Wisp|p2a: Kingdra
|-status|p2a: Kingdra|brn
|
|-weather|SunnyDay|[upkeep]
|-damage|p2a: Kingdra|94/100 brn|[from] brn
|upkeep
|turn|2
|
|t:|1759061236
|switch|p1a: 梓川月乃|Hatterene, F|100/100
|move|p2a: Kingdra|Rain Dance|p2a: Kingdra
|-weather|RainDance
|
|-weather|RainDance|[upkeep]
|-heal|p2a: Kingdra|100/100 brn|[from] item: Leftovers
|-damage|p2a: Kingdra|94/100 brn|[from] brn
|upkeep
|turn|3
|
|t:|1759061247
|switch|p2a: Ceruledge|Ceruledge, F|100/100
|move|p1a: 梓川月乃|Dazzling Gleam|p2a: Ceruledge
|-resisted|p2a: Ceruledge
|-damage|p2a: Ceruledge|80/100
|
|-weather|RainDance|[upkeep]
|upkeep
|turn|4
|
|t:|1759061252
|move|p2a: Ceruledge|Poltergeist|p1a: 梓川月乃
|-activate|p1a: 梓川月乃|move: Poltergeist|Eject Button
|-supereffective|p1a: 梓川月乃
|-damage|p1a: 梓川月乃|0 fnt
|faint|p1a: 梓川月乃
|-damage|p2a: Ceruledge|70/100|[from] item: Life Orb
|
|-weather|RainDance|[upkeep]
|upkeep
|
|t:|1759061258
|switch|p1a: 冠茂|Walking Wake|100/100
|turn|5
|
|t:|1759061280
|move|p2a: Ceruledge|Shadow Sneak|p1a: 冠茂
|-damage|p1a: 冠茂|68/100
|-damage|p2a: Ceruledge|60/100|[from] item: Life Orb
|move|p1a: 冠茂|Hydro Steam|p2a: Ceruledge
|-supereffective|p2a: Ceruledge
|-damage|p2a: Ceruledge|0 fnt
|faint|p2a: Ceruledge
|
|-weather|RainDance|[upkeep]
|upkeep
|
|t:|1759061288
|switch|p2a: Kingdra|Kingdra, F|94/100 brn
|turn|6
|
|t:|1759061292
|-end|p1a: 冠茂|Protosynthesis|[silent]
|switch|p1a: 河内恭介|Torkoal, M|58/100
|-weather|SunnyDay|[from] ability: Drought|[of] p1a: 河内恭介
|move|p2a: Kingdra|Dragon Pulse|p1a: 河内恭介
|-crit|p1a: 河内恭介
|-damage|p1a: 河内恭介|0 fnt
|faint|p1a: 河内恭介
|
|-weather|SunnyDay|[upkeep]
|-heal|p2a: Kingdra|100/100 brn|[from] item: Leftovers
|-damage|p2a: Kingdra|94/100 brn|[from] brn
|upkeep
|
|t:|1759061296
|switch|p1a: 诹访原戒|Lilligant-Hisui, F|100/100
|turn|7
|inactive|Jon Mateo has 120 seconds left.
|
|t:|1759061347
|switch|p2a: Gardevoir|Gardevoir, M|100/100
|-ability|p2a: Gardevoir|Chlorophyll|Trace|[from] ability: Trace|[of] p1a: 诹访原戒
|move|p1a: 诹访原戒|Solar Blade||[still]
|-prepare|p1a: 诹访原戒|Solar Blade
|-anim|p1a: 诹访原戒|Solar Blade|p2a: Gardevoir
|-damage|p2a: Gardevoir|0 fnt
|faint|p2a: Gardevoir
|-damage|p1a: 诹访原戒|91/100|[from] item: Life Orb
|
|-weather|SunnyDay|[upkeep]
|upkeep
|
|t:|1759061357
|switch|p2a: Rotom|Rotom-Frost|100/100
|turn|8
|inactive|Jon Mateo has 90 seconds left.
|
|t:|1759061396
|move|p1a: 诹访原戒|Close Combat|p2a: Rotom
|-supereffective|p2a: Rotom
|-damage|p2a: Rotom|0 fnt
|-unboost|p1a: 诹访原戒|def|1
|-unboost|p1a: 诹访原戒|spd|1
|faint|p2a: Rotom
|-damage|p1a: 诹访原戒|81/100|[from] item: Life Orb
|
|-weather|SunnyDay|[upkeep]
|upkeep
|
|t:|1759061402
|switch|p2a: Quaquaval|Quaquaval, F|100/100
|turn|9
|
|t:|1759061410
|switch|p2a: Garchomp|Garchomp, F|100/100
|move|p1a: 诹访原戒|Solar Blade||[still]
|-prepare|p1a: 诹访原戒|Solar Blade
|-anim|p1a: 诹访原戒|Solar Blade|p2a: Garchomp
|-damage|p2a: Garchomp|23/100
|-damage|p1a: 诹访原戒|69/100|[from] ability: Rough Skin|[of] p2a: Garchomp
|-damage|p1a: 诹访原戒|59/100|[from] item: Life Orb
|
|-weather|SunnyDay|[upkeep]
|upkeep
|turn|10
|
|t:|1759061419
|move|p1a: 诹访原戒|Solar Blade||[still]
|-prepare|p1a: 诹访原戒|Solar Blade
|-anim|p1a: 诹访原戒|Solar Blade|p2a: Garchomp
|-damage|p2a: Garchomp|0 fnt
|-damage|p1a: 诹访原戒|47/100|[from] ability: Rough Skin|[of] p2a: Garchomp
|faint|p2a: Garchomp
|-damage|p1a: 诹访原戒|37/100|[from] item: Life Orb
|
|-weather|SunnyDay|[upkeep]
|upkeep
|
|t:|1759061430
|switch|p2a: Kingdra|Kingdra, F|94/100 brn
|turn|11
|
|t:|1759061433
|move|p1a: 诹访原戒|Solar Blade||[still]
|-prepare|p1a: 诹访原戒|Solar Blade
|-anim|p1a: 诹访原戒|Solar Blade|p2a: Kingdra
|-crit|p2a: Kingdra
|-damage|p2a: Kingdra|0 fnt
|faint|p2a: Kingdra
|-damage|p1a: 诹访原戒|28/100|[from] item: Life Orb
|
|-weather|SunnyDay|[upkeep]
|upkeep
|
|t:|1759061436
|switch|p2a: Quaquaval|Quaquaval, F|100/100
|turn|12
|
|t:|1759061443
|-terastallize|p2a: Quaquaval|Water
|move|p2a: Quaquaval|Aqua Jet|p1a: 诹访原戒
|-resisted|p1a: 诹访原戒
|-damage|p1a: 诹访原戒|2/100
|move|p1a: 诹访原戒|Solar Blade||[still]
|-prepare|p1a: 诹访原戒|Solar Blade
|-anim|p1a: 诹访原戒|Solar Blade|p2a: Quaquaval
|-supereffective|p2a: Quaquaval
|-damage|p2a: Quaquaval|0 fnt
|faint|p2a: Quaquaval
|-damage|p1a: 诹访原戒|0 fnt|[from] item: Life Orb
|faint|p1a: 诹访原戒
|
|win|zzn12
|raw|zzn12's rating: 1262 &rarr; <strong>1284</strong><br />(+22 for winning)
|raw|Jon Mateo's rating: 1221 &rarr; <strong>1199</strong><br />(-22 for losing)
|l|☆Jon Mateo
|player|p2|
|l|☆zzn12
|player|p1|
