|j|☆FlytrapLeafeon
|j|☆Alcreamie_ai
|t:|1758998360
|gametype|singles
|player|p1|FlytrapLeafeon|170|1095
|player|p2|Alcreamie_ai|blue-lgpe|1097
|gen|9
|tier|[Gen 9] OU
|rated|
|rule|HP Percentage Mod: HP is shown in percentages
|rule|Endless Battle Clause: Forcing endless battles is banned
|rule|Species Clause: Limit one of each Pokémon
|rule|OHKO Clause: OHKO moves are banned
|rule|Evasion Items Clause: Evasion items are banned
|rule|Evasion Moves Clause: Evasion moves are banned
|rule|Evasion Abilities Clause: Evasion abilities are banned
|rule|Sleep Moves Clause: Sleep-inducing moves are banned
|clearpoke
|poke|p1|Lycanroc, F|
|poke|p1|Espeon, F|
|poke|p1|Kingdra, F|
|poke|p1|Shaymin|
|poke|p1|Chandelure, F|
|poke|p1|Heracross, F|
|poke|p2|Ribombee, M|
|poke|p2|Alcremie-Rainbow-Swirl, F|
|poke|p2|Comfey, M|
|poke|p2|Carbink|
|poke|p2|Azumarill, M|
|poke|p2|Infernape, M|
|teampreview
|inactive|Battle timer is ON: inactive players will automatically lose when time's up. (requested by Alcreamie_ai)
|c|☆Alcreamie_ai|Are you ready to lose human?
|
|t:|1758998371
|teamsize|p1|6
|teamsize|p2|6
|start
|switch|p1a: Lycanroc|Lycanroc, F|100/100
|switch|p2a: Batman|Ribombee, M|100/100
|turn|1
|
|t:|1758998382
|move|p2a: Batman|Sticky Web|p1a: Lycanroc
|-sidestart|p1: FlytrapLeafeon|move: Sticky Web
|move|p1a: Lycanroc|Taunt|p2a: Batman
|-start|p2a: Batman|move: Taunt
|
|upkeep
|turn|2
|
|t:|1758998389
|move|p2a: Batman|Moonblast|p1a: Lycanroc
|-damage|p1a: Lycanroc|35/100
|move|p1a: Lycanroc|Stealth Rock|p2a: Batman
|-sidestart|p2: Alcreamie_ai|move: Stealth Rock
|
|upkeep
|turn|3
|
|t:|1758998395
|move|p1a: Lycanroc|Sucker Punch|p2a: Batman
|-resisted|p2a: Batman
|-damage|p2a: Batman|80/100
|move|p2a: Batman|Moonblast|p1a: Lycanroc
|-damage|p1a: Lycanroc|0 fnt
|faint|p1a: Lycanroc
|
|upkeep
|
|t:|1758998404
|switch|p1a: Chandelure|Chandelure, F, shiny|100/100
|-activate|p1a: Chandelure|move: Sticky Web
|-unboost|p1a: Chandelure|spe|1
|turn|4
|
|t:|1758998411
|move|p2a: Batman|Moonblast|p1a: Chandelure
|-resisted|p1a: Chandelure
|-crit|p1a: Chandelure
|-damage|p1a: Chandelure|55/100
|-unboost|p1a: Chandelure|spa|1
|move|p1a: Chandelure|Will-O-Wisp|p2a: Batman
|-status|p2a: Batman|brn
|
|-damage|p2a: Batman|73/100 brn|[from] brn
|-end|p2a: Batman|move: Taunt
|upkeep
|turn|5
|
|t:|1758998422
|move|p2a: Batman|Moonblast|p1a: Chandelure
|-resisted|p1a: Chandelure
|-damage|p1a: Chandelure|24/100
|move|p1a: Chandelure|Flamethrower|p2a: Batman
|-supereffective|p2a: Batman
|-damage|p2a: Batman|0 fnt
|faint|p2a: Batman
|
|upkeep
|
|t:|1758998436
|switch|p2a: Aquaman|Azumarill, M|100/100
|-damage|p2a: Aquaman|88/100|[from] Stealth Rock
|turn|6
|
|t:|1758998442
|move|p1a: Chandelure|Energy Ball|p2a: Aquaman
|-supereffective|p2a: Aquaman
|-damage|p2a: Aquaman|41/100
|-enditem|p2a: Aquaman|Sitrus Berry|[eat]
|-heal|p2a: Aquaman|66/100|[from] item: Sitrus Berry
|move|p2a: Aquaman|Belly Drum|p2a: Aquaman
|-damage|p2a: Aquaman|16/100
|-setboost|p2a: Aquaman|atk|6|[from] move: Belly Drum
|
|upkeep
|turn|7
|
|t:|1758998451
|move|p2a: Aquaman|Aqua Jet|p1a: Chandelure
|-supereffective|p1a: Chandelure
|-damage|p1a: Chandelure|0 fnt
|faint|p1a: Chandelure
|
|upkeep
|
|t:|1758998462
|switch|p1a: Shaymin|Shaymin, shiny|100/100
|-activate|p1a: Shaymin|move: Sticky Web
|-unboost|p1a: Shaymin|spe|1
|turn|8
|
|t:|1758998472
|move|p2a: Aquaman|Aqua Jet|p1a: Shaymin
|-resisted|p1a: Shaymin
|-damage|p1a: Shaymin|64/100
|move|p1a: Shaymin|Seed Flare|p2a: Aquaman|[miss]
|-miss|p1a: Shaymin|p2a: Aquaman
|
|-heal|p1a: Shaymin|70/100|[from] item: Leftovers
|upkeep
|turn|9
|
|t:|1758998481
|move|p2a: Aquaman|Aqua Jet|p1a: Shaymin
|-resisted|p1a: Shaymin
|-damage|p1a: Shaymin|31/100
|move|p1a: Shaymin|Earth Power|p2a: Aquaman
|-damage|p2a: Aquaman|0 fnt
|faint|p2a: Aquaman
|
|-heal|p1a: Shaymin|37/100|[from] item: Leftovers
|upkeep
|
|t:|1758998484
|switch|p2a: VigilantesFav|Infernape, M|100/100
|-damage|p2a: VigilantesFav|88/100|[from] Stealth Rock
|turn|10
|
|t:|1758998492
|move|p2a: VigilantesFav|Fake Out|p1a: Shaymin
|-damage|p1a: Shaymin|25/100
|cant|p1a: Shaymin|flinch
|
|-heal|p1a: Shaymin|31/100|[from] item: Leftovers
|upkeep
|turn|11
|
|t:|1758998499
|move|p2a: VigilantesFav|Fire Punch|p1a: Shaymin
|-supereffective|p1a: Shaymin
|-damage|p1a: Shaymin|0 fnt
|faint|p1a: Shaymin
|
|upkeep
|
|t:|1758998504
|switch|p1a: Kingdra|Kingdra, F, shiny|100/100
|-activate|p1a: Kingdra|move: Sticky Web
|-unboost|p1a: Kingdra|spe|1
|turn|12
|
|t:|1758998509
|move|p2a: VigilantesFav|Drain Punch|p1a: Kingdra
|-damage|p1a: Kingdra|40/100
|-heal|p2a: VigilantesFav|100/100|[from] drain|[of] p1a: Kingdra
|move|p1a: Kingdra|Dragon Dance|p1a: Kingdra
|-boost|p1a: Kingdra|atk|1
|-boost|p1a: Kingdra|spe|1
|
|upkeep
|turn|13
|
|t:|1758998516
|move|p2a: VigilantesFav|Drain Punch|p1a: Kingdra
|-damage|p1a: Kingdra|0 fnt
|faint|p1a: Kingdra
|
|upkeep
|
|t:|1758998521
|switch|p1a: Espeon|Espeon, F|100/100
|-activate|p1a: Espeon|move: Sticky Web
|-unboost|p1a: Espeon|spe|1
|turn|14
|
|t:|1758998527
|move|p2a: VigilantesFav|Fire Punch|p1a: Espeon
|-damage|p1a: Espeon|5/100
|move|p1a: Espeon|Psychic|p2a: VigilantesFav
|-supereffective|p2a: VigilantesFav
|-crit|p2a: VigilantesFav
|-damage|p2a: VigilantesFav|0 fnt
|faint|p2a: VigilantesFav
|
|upkeep
|
|t:|1758998542
|switch|p2a: Wonder Woman|Alcremie-Rainbow-Swirl, F|100/100
|-damage|p2a: Wonder Woman|88/100|[from] Stealth Rock
|turn|15
|
|t:|1758998545
|move|p1a: Espeon|Psychic|p2a: Wonder Woman
|-damage|p2a: Wonder Woman|27/100
|move|p2a: Wonder Woman|Calm Mind|p2a: Wonder Woman
|-boost|p2a: Wonder Woman|spa|1
|-boost|p2a: Wonder Woman|spd|1
|
|-heal|p2a: Wonder Woman|33/100|[from] item: Leftovers
|upkeep
|turn|16
|
|t:|1758998552
|move|p1a: Espeon|Psychic|p2a: Wonder Woman
|-damage|p2a: Wonder Woman|0 fnt
|faint|p2a: Wonder Woman
|
|upkeep
|
|t:|1758998556
|switch|p2a: Peacemaker|Comfey, M|100/100
|-damage|p2a: Peacemaker|88/100|[from] Stealth Rock
|turn|17
|
|t:|1758998560
|move|p2a: Peacemaker|Calm Mind|p2a: Peacemaker
|-boost|p2a: Peacemaker|spa|1
|-boost|p2a: Peacemaker|spd|1
|move|p1a: Espeon|Psychic|p2a: Peacemaker
|-crit|p2a: Peacemaker
|-damage|p2a: Peacemaker|0 fnt
|faint|p2a: Peacemaker
|
|upkeep
|
|t:|1758998565
|switch|p2a: The Flash|Carbink|100/100
|-damage|p2a: The Flash|88/100|[from] Stealth Rock
|turn|18
|
|t:|1758998571
|move|p1a: Espeon|Psychic|p2a: The Flash
|-damage|p2a: The Flash|13/100
|move|p2a: The Flash|Rock Polish|p2a: The Flash
|-boost|p2a: The Flash|spe|2
|
|upkeep
|turn|19
|
|t:|1758998577
|move|p2a: The Flash|Moonblast|p1a: Espeon
|-damage|p1a: Espeon|0 fnt
|faint|p1a: Espeon
|
|upkeep
|
|t:|1758998581
|switch|p1a: Heracross|Heracross, F|100/100
|-activate|p1a: Heracross|move: Sticky Web
|-unboost|p1a: Heracross|spe|1
|turn|20
|
|t:|1758998586
|move|p2a: The Flash|Moonblast|p1a: Heracross
|-supereffective|p1a: Heracross
|-damage|p1a: Heracross|28/100
|move|p1a: Heracross|Facade|p2a: The Flash
|-resisted|p2a: The Flash
|-damage|p2a: The Flash|0 fnt
|faint|p2a: The Flash
|
|win|FlytrapLeafeon
|raw|FlytrapLeafeon's rating: 1095 &rarr; <strong>1121</strong><br />(+26 for winning)
|raw|Alcreamie_ai's rating: 1097 &rarr; <strong>1072</strong><br />(-25 for losing)
|l|☆Alcreamie_ai
|player|p2|
|l|☆FlytrapLeafeon
|player|p1|
