|j|☆Asrzzz
|j|☆ymy4
|t:|1758952161
|gametype|singles
|player|p1|Asrzzz|alder|1169
|player|p2|ymy4|biker-gen4|1102
|gen|9
|tier|[Gen 9] OU
|rated|
|rule|HP Percentage Mod: HP is shown in percentages
|rule|Endless Battle Clause: Forcing endless battles is banned
|rule|Species Clause: Limit one of each Pokémon
|rule|OHKO Clause: OHKO moves are banned
|rule|Evasion Items Clause: Evasion items are banned
|rule|Evasion Moves Clause: Evasion moves are banned
|rule|Evasion Abilities Clause: Evasion abilities are banned
|rule|Sleep Moves Clause: Sleep-inducing moves are banned
|clearpoke
|poke|p1|Kingambit, M|
|poke|p1|Dragapult, F|
|poke|p1|Ursaluna, F|
|poke|p1|Samurott-Hisui, F|
|poke|p1|Meowscarada, F|
|poke|p1|Cinderace, F|
|poke|p2|Blissey, F|
|poke|p2|Alomomola, M|
|poke|p2|Gliscor, M|
|poke|p2|Skarmory, M|
|poke|p2|Toxapex, F|
|poke|p2|Heatran, F|
|teampreview
|inactive|Battle timer is ON: inactive players will automatically lose when time's up. (requested by ymy4)
|
|t:|1758952175
|teamsize|p1|6
|teamsize|p2|6
|start
|switch|p1a: Meowscarada|Meowscarada, F|100/100
|switch|p2a: Toxapex|Toxapex, F|100/100
|turn|1
|
|t:|1758952186
|move|p2a: Toxapex|Baneful Bunker|p2a: Toxapex
|-singleturn|p2a: Toxapex|move: Protect
|move|p1a: Meowscarada|U-turn|p2a: Toxapex
|-start|p1a: Meowscarada|typechange|Bug|[from] ability: Protean
|-activate|p2a: Toxapex|move: Protect
|-status|p1a: Meowscarada|psn
|
|-damage|p1a: Meowscarada|88/100 psn|[from] psn
|upkeep
|turn|2
|
|t:|1758952202
|switch|p2a: Skarmory|Skarmory, M|100/100
|move|p1a: Meowscarada|U-turn|p2a: Skarmory
|-resisted|p2a: Skarmory
|-damage|p2a: Skarmory|96/100
|
|t:|1758952215
|switch|p1a: Cinderace|Cinderace, F|100/100|[from] U-turn
|
|-heal|p2a: Skarmory|100/100|[from] item: Leftovers
|upkeep
|turn|3
|
|t:|1758952226
|switch|p2a: Toxapex|Toxapex, F|100/100
|move|p1a: Cinderace|Swords Dance|p1a: Cinderace
|-boost|p1a: Cinderace|atk|2
|
|upkeep
|turn|4
|
|t:|1758952233
|move|p1a: Cinderace|Pyro Ball|p2a: Toxapex
|-resisted|p2a: Toxapex
|-damage|p2a: Toxapex|68/100
|move|p2a: Toxapex|Haze|p2a: Toxapex
|-clearallboost
|
|-heal|p2a: Toxapex|74/100|[from] item: Leftovers
|upkeep
|turn|5
|
|t:|1758952247
|switch|p1a: Kingambit|Kingambit, M|100/100
|move|p2a: Toxapex|Toxic|p1a: Kingambit
|-immune|p1a: Kingambit
|
|-heal|p2a: Toxapex|80/100|[from] item: Leftovers
|upkeep
|turn|6
|
|t:|1758952270
|move|p2a: Toxapex|Baneful Bunker|p2a: Toxapex
|-singleturn|p2a: Toxapex|move: Protect
|move|p1a: Kingambit|Swords Dance|p1a: Kingambit
|-boost|p1a: Kingambit|atk|2
|
|-heal|p2a: Toxapex|87/100|[from] item: Leftovers
|upkeep
|turn|7
|
|t:|1758952281
|switch|p2a: Gliscor|Gliscor, M|100/100
|move|p1a: Kingambit|Kowtow Cleave|p2a: Gliscor
|-damage|p2a: Gliscor|33/100
|
|-status|p2a: Gliscor|tox|[from] item: Toxic Orb
|upkeep
|turn|8
|
|t:|1758952292
|move|p2a: Gliscor|Protect|p2a: Gliscor
|-singleturn|p2a: Gliscor|Protect
|move|p1a: Kingambit|Sucker Punch||[still]
|-fail|p1a: Kingambit
|
|-heal|p2a: Gliscor|45/100 tox|[from] ability: Poison Heal
|upkeep
|turn|9
|
|t:|1758952304
|move|p2a: Gliscor|Substitute|p2a: Gliscor
|-start|p2a: Gliscor|Substitute
|-damage|p2a: Gliscor|20/100 tox
|move|p1a: Kingambit|Kowtow Cleave|p2a: Gliscor
|-end|p2a: Gliscor|Substitute
|
|-heal|p2a: Gliscor|33/100 tox|[from] ability: Poison Heal
|upkeep
|turn|10
|
|t:|1758952314
|move|p2a: Gliscor|Protect|p2a: Gliscor
|-singleturn|p2a: Gliscor|Protect
|move|p1a: Kingambit|Kowtow Cleave|p2a: Gliscor
|-activate|p2a: Gliscor|move: Protect
|
|-heal|p2a: Gliscor|45/100 tox|[from] ability: Poison Heal
|upkeep
|turn|11
|
|t:|1758952324
|move|p2a: Gliscor|Earthquake|p1a: Kingambit
|-supereffective|p1a: Kingambit
|-damage|p1a: Kingambit|51/100
|move|p1a: Kingambit|Kowtow Cleave|p2a: Gliscor
|-damage|p2a: Gliscor|0 fnt
|faint|p2a: Gliscor
|
|upkeep
|
|t:|1758952333
|switch|p2a: Heatran|Heatran, F|100/100
|turn|12
|
|t:|1758952343
|move|p2a: Heatran|Earth Power|p1a: Kingambit
|-supereffective|p1a: Kingambit
|-damage|p1a: Kingambit|0 fnt
|faint|p1a: Kingambit
|-end|p1a: Kingambit|fallenundefined|[silent]
|
|upkeep
|
|t:|1758952356
|switch|p1a: Ursaluna|Ursaluna, F|100/100
|turn|13
|
|t:|1758952366
|switch|p2a: Skarmory|Skarmory, M|100/100
|move|p1a: Ursaluna|Swords Dance|p1a: Ursaluna
|-boost|p1a: Ursaluna|atk|2
|
|-status|p1a: Ursaluna|brn|[from] item: Flame Orb
|upkeep
|turn|14
|
|t:|1758952379
|move|p2a: Skarmory|Brave Bird|p1a: Ursaluna
|-damage|p1a: Ursaluna|75/100 brn
|-damage|p2a: Skarmory|90/100|[from] Recoil
|move|p1a: Ursaluna|Drain Punch|p2a: Skarmory
|-damage|p2a: Skarmory|37/100
|-heal|p1a: Ursaluna|97/100 brn|[from] drain|[of] p2a: Skarmory
|
|-heal|p2a: Skarmory|43/100|[from] item: Leftovers
|-damage|p1a: Ursaluna|91/100 brn|[from] brn
|upkeep
|turn|15
|-message|ymy4 forfeited.
|
|win|Asrzzz
|raw|Asrzzz's rating: 1169 &rarr; <strong>1189</strong><br />(+20 for winning)
|raw|ymy4's rating: 1102 &rarr; <strong>1082</strong><br />(-20 for losing)
|l|☆ymy4
|player|p2|
