|j|☆mattersort
|j|☆qingn
|t:|1759063444
|gametype|singles
|player|p1|mattersort|2|1078
|player|p2|qingn|dawn|1058
|gen|9
|tier|[Gen 9] OU
|rated|
|rule|HP Percentage Mod: HP is shown in percentages
|rule|Endless Battle Clause: Forcing endless battles is banned
|rule|Species Clause: Limit one of each Pokémon
|rule|OHKO Clause: OHKO moves are banned
|rule|Evasion Items Clause: Evasion items are banned
|rule|Evasion Moves Clause: Evasion moves are banned
|rule|Evasion Abilities Clause: Evasion abilities are banned
|rule|Sleep Moves Clause: Sleep-inducing moves are banned
|clearpoke
|poke|p1|Sandy Shocks|
|poke|p1|Maushold-Four|
|poke|p1|Zoroark-Hisui, F|
|poke|p1|Slowking-Galar, F|
|poke|p1|Kingambit, M|
|poke|p1|Primarina, F|
|poke|p2|Rabsca, F|
|poke|p2|Weavile, F|
|poke|p2|Polteageist|
|poke|p2|Golem-Alola, F|
|poke|p2|Breloom, F|
|poke|p2|Lurantis, M|
|teampreview
|l|☆mattersort
|player|p1|
|j|☆mattersort
|player|p1|mattersort|2|
|
|t:|1759063465
|teamsize|p1|6
|teamsize|p2|6
|start
|switch|p1a: Sandy Shocks|Sandy Shocks|100/100
|switch|p2a: Breloom|Breloom, F|100/100
|turn|1
|
|t:|1759063474
|move|p1a: Sandy Shocks|Stealth Rock|p2a: Breloom
|-sidestart|p2: qingn|move: Stealth Rock
|move|p2a: Breloom|Swords Dance|p2a: Breloom
|-boost|p2a: Breloom|atk|2
|
|upkeep
|turn|2
|
|t:|1759063483
|move|p2a: Breloom|Mach Punch|p1a: Sandy Shocks
|-enditem|p1a: Sandy Shocks|Focus Sash
|-damage|p1a: Sandy Shocks|1/100
|-damage|p2a: Breloom|91/100|[from] item: Life Orb
|move|p1a: Sandy Shocks|Volt Switch|p2a: Breloom
|-resisted|p2a: Breloom
|-damage|p2a: Breloom|64/100
|
|t:|1759063493
|-end|p1a: Sandy Shocks|Protosynthesis|[silent]
|switch|p1a: Primarina|Primarina, F|100/100|[from] Volt Switch
|
|upkeep
|turn|3
|
|t:|1759063498
|move|p1a: Primarina|Flamethrower|p2a: Breloom
|-supereffective|p2a: Breloom
|-damage|p2a: Breloom|0 fnt
|faint|p2a: Breloom
|
|upkeep
|
|t:|1759063510
|switch|p2a: Weavile|Weavile, F|100/100
|-damage|p2a: Weavile|76/100|[from] Stealth Rock
|turn|4
|
|t:|1759063519
|move|p2a: Weavile|Knock Off|p1a: Primarina
|-supereffective|p1a: Primarina
|-damage|p1a: Primarina|0 fnt
|replace|p1a: Zoroark|Zoroark-Hisui, F
|-end|p1a: Zoroark|Illusion
|-enditem|p1a: Zoroark|Choice Specs|[from] move: Knock Off|[of] p2a: Weavile
|faint|p1a: Zoroark
|
|upkeep
|
|t:|1759063534
|switch|p1a: Slowking|Slowking-Galar, F|100/100
|turn|5
|
|t:|1759063539
|move|p2a: Weavile|Swords Dance|p2a: Weavile
|-boost|p2a: Weavile|atk|2
|move|p1a: Slowking|Flamethrower|p2a: Weavile
|-supereffective|p2a: Weavile
|-damage|p2a: Weavile|13/100
|
|upkeep
|turn|6
|
|t:|1759063547
|move|p2a: Weavile|Knock Off|p1a: Slowking
|-supereffective|p1a: Slowking
|-damage|p1a: Slowking|0 fnt
|-enditem|p1a: Slowking|Assault Vest|[from] move: Knock Off|[of] p2a: Weavile
|faint|p1a: Slowking
|
|upkeep
|
|t:|1759063554
|switch|p1a: Kingambit|Kingambit, M|100/100
|-activate|p1a: Kingambit|ability: Supreme Overlord
|-start|p1a: Kingambit|fallen2|[silent]
|turn|7
|
|t:|1759063561
|move|p2a: Weavile|Swords Dance|p2a: Weavile
|-boost|p2a: Weavile|atk|2
|move|p1a: Kingambit|Iron Head|p2a: Weavile
|-supereffective|p2a: Weavile
|-damage|p2a: Weavile|0 fnt
|faint|p2a: Weavile
|
|upkeep
|
|t:|1759063567
|switch|p2a: Polteageist|Polteageist|100/100
|-damage|p2a: Polteageist|88/100|[from] Stealth Rock
|turn|8
|
|t:|1759063574
|move|p2a: Polteageist|Calm Mind|p2a: Polteageist
|-boost|p2a: Polteageist|spa|1
|-boost|p2a: Polteageist|spd|1
|move|p1a: Kingambit|Kowtow Cleave|p2a: Polteageist
|-supereffective|p2a: Polteageist
|-damage|p2a: Polteageist|0 fnt
|faint|p2a: Polteageist
|
|upkeep
|
|t:|1759063581
|switch|p2a: Golem|Golem-Alola, F|100/100
|-damage|p2a: Golem|88/100|[from] Stealth Rock
|turn|9
|
|t:|1759063593
|-terastallize|p1a: Kingambit|Flying
|move|p1a: Kingambit|Iron Head|p2a: Golem
|-damage|p2a: Golem|48/100
|move|p2a: Golem|Earthquake|p1a: Kingambit
|-immune|p1a: Kingambit
|
|upkeep
|turn|10
|
|t:|1759063602
|switch|p2a: Lurantis|Lurantis, M|100/100
|-damage|p2a: Lurantis|88/100|[from] Stealth Rock
|move|p1a: Kingambit|Sucker Punch||[still]
|-fail|p1a: Kingambit
|
|upkeep
|turn|11
|
|t:|1759063622
|move|p1a: Kingambit|Iron Head|p2a: Lurantis
|-damage|p2a: Lurantis|45/100
|move|p2a: Lurantis|Substitute|p2a: Lurantis
|-start|p2a: Lurantis|Substitute
|-damage|p2a: Lurantis|20/100
|-enditem|p2a: Lurantis|Figy Berry|[eat]
|-heal|p2a: Lurantis|53/100|[from] item: Figy Berry
|
|upkeep
|turn|12
|
|t:|1759063632
|move|p1a: Kingambit|Swords Dance|p1a: Kingambit
|-boost|p1a: Kingambit|atk|2
|move|p2a: Lurantis|Superpower|p1a: Kingambit
|-resisted|p1a: Kingambit
|-damage|p1a: Kingambit|90/100
|-boost|p2a: Lurantis|atk|1
|-boost|p2a: Lurantis|def|1
|
|upkeep
|turn|13
|
|t:|1759063642
|move|p1a: Kingambit|Iron Head|p2a: Lurantis
|-end|p2a: Lurantis|Substitute
|move|p2a: Lurantis|Synthesis|p2a: Lurantis
|-heal|p2a: Lurantis|100/100
|
|upkeep
|turn|14
|
|t:|1759063648
|move|p1a: Kingambit|Sucker Punch|p2a: Lurantis
|-damage|p2a: Lurantis|44/100
|move|p2a: Lurantis|Leaf Blade|p1a: Kingambit
|-resisted|p1a: Kingambit
|-damage|p1a: Kingambit|72/100
|
|upkeep
|turn|15
|
|t:|1759063658
|move|p1a: Kingambit|Sucker Punch||[still]
|-fail|p1a: Kingambit
|move|p2a: Lurantis|Synthesis|p2a: Lurantis
|-heal|p2a: Lurantis|94/100
|
|upkeep
|turn|16
|
|t:|1759063666
|move|p1a: Kingambit|Sucker Punch|p2a: Lurantis
|-damage|p2a: Lurantis|32/100
|move|p2a: Lurantis|Leaf Blade|p1a: Kingambit
|-resisted|p1a: Kingambit
|-crit|p1a: Kingambit
|-damage|p1a: Kingambit|45/100
|
|upkeep
|turn|17
|
|t:|1759063674
|switch|p2a: Golem|Golem-Alola, F|48/100
|-damage|p2a: Golem|35/100|[from] Stealth Rock
|move|p1a: Kingambit|Kowtow Cleave|p2a: Golem
|-damage|p2a: Golem|0 fnt
|faint|p2a: Golem
|
|upkeep
|
|t:|1759063681
|switch|p2a: Rabsca|Rabsca, F|100/100
|-damage|p2a: Rabsca|76/100|[from] Stealth Rock
|turn|18
|
|t:|1759063689
|move|p1a: Kingambit|Iron Head|p2a: Rabsca
|-damage|p2a: Rabsca|0 fnt
|faint|p2a: Rabsca
|
|upkeep
|
|t:|1759063692
|switch|p2a: Lurantis|Lurantis, M|32/100
|-damage|p2a: Lurantis|19/100|[from] Stealth Rock
|turn|19
|-message|qingn forfeited.
|
|win|mattersort
|raw|mattersort's rating: 1078 &rarr; <strong>1105</strong><br />(+27 for winning)
|raw|qingn's rating: 1058 &rarr; <strong>1040</strong><br />(-18 for losing)
|l|☆qingn
|player|p2|
|l|☆mattersort
|player|p1|
