|j|☆cozyprincemshroom
|j|☆Dwembox
|t:|1759072779
|gametype|singles
|player|p1|cozyprincemshroom|waiter|1133
|player|p2|Dwembox|265|1127
|gen|9
|tier|[Gen 9] OU
|rated|
|rule|HP Percentage Mod: HP is shown in percentages
|rule|Endless Battle Clause: Forcing endless battles is banned
|rule|Species Clause: Limit one of each Pokémon
|rule|OHKO Clause: OHKO moves are banned
|rule|Evasion Items Clause: Evasion items are banned
|rule|Evasion Moves Clause: Evasion moves are banned
|rule|Evasion Abilities Clause: Evasion abilities are banned
|rule|Sleep Moves Clause: Sleep-inducing moves are banned
|clearpoke
|poke|p1|Munkidori, M|
|poke|p1|Lycanroc-Dusk, F|
|poke|p1|Altaria, F|
|poke|p1|Poliwrath, F|
|poke|p1|Meganium, F|
|poke|p1|Inteleon, F|
|poke|p2|Avalugg, F|
|poke|p2|Gliscor, F|
|poke|p2|Alomomola, F|
|poke|p2|Cetitan, M|
|poke|p2|Abomasnow, F|
|poke|p2|Conkeldurr, F|
|teampreview
|inactive|Battle timer is ON: inactive players will automatically lose when time's up. (requested by cozyprincemshroom)
|
|t:|1759072784
|teamsize|p1|6
|teamsize|p2|6
|start
|switch|p1a: Munkidori|Munkidori, M|100/100
|switch|p2a: Abomasnow|Abomasnow, F|100/100
|-weather|Snowscape|[from] ability: Snow Warning|[of] p2a: Abomasnow
|turn|1
|
|t:|1759072794
|switch|p2a: Avalugg|Avalugg, F|100/100
|-terastallize|p1a: Munkidori|Fire
|move|p1a: Munkidori|Tera Blast|p2a: Avalugg|[anim] Tera Blast Fire
|-supereffective|p2a: Avalugg
|-damage|p2a: Avalugg|0 fnt
|faint|p2a: Avalugg
|
|-weather|Snowscape|[upkeep]
|upkeep
|
|t:|1759072816
|switch|p2a: Gliscor|Gliscor, F|100/100
|turn|2
|
|t:|1759072819
|switch|p1a: Altaria|Altaria, F|100/100
|move|p2a: Gliscor|Knock Off|p1a: Altaria
|-damage|p1a: Altaria|78/100
|-enditem|p1a: Altaria|Leftovers|[from] move: Knock Off|[of] p2a: Gliscor
|
|-weather|Snowscape|[upkeep]
|-status|p2a: Gliscor|tox|[from] item: Toxic Orb
|upkeep
|turn|3
|
|t:|1759072830
|move|p2a: Gliscor|Stealth Rock|p1a: Altaria
|-sidestart|p1: cozyprincemshroom|move: Stealth Rock
|move|p1a: Altaria|Defog|p2a: Gliscor
|-unboost|p2a: Gliscor|evasion|1
|-sideend|p1: cozyprincemshroom|Stealth Rock|[from] move: Defog|[of] p1a: Altaria
|
|-weather|Snowscape|[upkeep]
|upkeep
|turn|4
|
|t:|1759072837
|switch|p1a: Munkidori|Munkidori, M, tera:Fire|100/100
|move|p2a: Gliscor|Toxic|p1a: Munkidori
|-status|p1a: Munkidori|tox
|
|-weather|Snowscape|[upkeep]
|-damage|p1a: Munkidori|95/100 tox|[from] psn
|upkeep
|turn|5
|
|t:|1759072845
|move|p1a: Munkidori|Trick|p2a: Gliscor
|-activate|p1a: Munkidori|move: Trick|[of] p2a: Gliscor
|-item|p2a: Gliscor|Choice Scarf|[from] move: Trick
|-item|p1a: Munkidori|Toxic Orb|[from] move: Trick
|move|p2a: Gliscor|U-turn|p1a: Munkidori
|-resisted|p1a: Munkidori
|-damage|p1a: Munkidori|83/100 tox
|
|t:|1759072857
|switch|p2a: Cetitan|Cetitan, M|100/100|[from] U-turn
|
|-weather|Snowscape|[upkeep]
|-damage|p1a: Munkidori|71/100 tox|[from] psn
|upkeep
|turn|6
|
|t:|1759072863
|move|p2a: Cetitan|Earthquake|p1a: Munkidori
|-supereffective|p1a: Munkidori
|-damage|p1a: Munkidori|0 fnt
|faint|p1a: Munkidori
|
|-weather|Snowscape|[upkeep]
|upkeep
|
|t:|1759072870
|switch|p1a: Inteleon|Inteleon, F|100/100
|turn|7
|
|t:|1759072875
|move|p2a: Cetitan|Earthquake|p1a: Inteleon
|-damage|p1a: Inteleon|9/100
|move|p1a: Inteleon|Scald|p2a: Cetitan
|-damage|p2a: Cetitan|16/100
|-damage|p1a: Inteleon|0 fnt|[from] item: Life Orb
|faint|p1a: Inteleon
|
|-weather|Snowscape|[upkeep]
|upkeep
|
|t:|1759072885
|switch|p1a: Lycanroc|Lycanroc-Dusk, F|100/100
|turn|8
|
|t:|1759072891
|switch|p2a: Alomomola|Alomomola, F|100/100
|move|p1a: Lycanroc|Accelerock|p2a: Alomomola
|-damage|p2a: Alomomola|83/100
|-damage|p1a: Lycanroc|91/100|[from] item: Life Orb
|
|-weather|none
|upkeep
|turn|9
|
|t:|1759072899
|switch|p1a: Poliwrath|Poliwrath, F|100/100
|move|p2a: Alomomola|Wish|p2a: Alomomola
|
|upkeep
|turn|10
|
|t:|1759072917
|move|p2a: Alomomola|Protect|p2a: Alomomola
|-singleturn|p2a: Alomomola|Protect
|move|p1a: Poliwrath|Bulk Up|p1a: Poliwrath
|-boost|p1a: Poliwrath|atk|1
|-boost|p1a: Poliwrath|def|1
|
|-heal|p2a: Alomomola|100/100|[from] move: Wish|[wisher] Alomomola
|upkeep
|turn|11
|
|t:|1759072926
|move|p1a: Poliwrath|Bulk Up|p1a: Poliwrath
|-boost|p1a: Poliwrath|atk|1
|-boost|p1a: Poliwrath|def|1
|move|p2a: Alomomola|Wish|p2a: Alomomola
|
|upkeep
|turn|12
|
|t:|1759072931
|switch|p2a: Cetitan|Cetitan, M|16/100
|move|p1a: Poliwrath|Drain Punch|p2a: Cetitan
|-supereffective|p2a: Cetitan
|-damage|p2a: Cetitan|0 fnt
|faint|p2a: Cetitan
|
|upkeep
|
|t:|1759072935
|switch|p2a: Abomasnow|Abomasnow, F|100/100
|-weather|Snowscape|[from] ability: Snow Warning|[of] p2a: Abomasnow
|turn|13
|
|t:|1759072942
|-terastallize|p2a: Abomasnow|Water
|move|p1a: Poliwrath|Drain Punch|p2a: Abomasnow
|-damage|p2a: Abomasnow|27/100
|move|p2a: Abomasnow|Energy Ball|p1a: Poliwrath
|-supereffective|p1a: Poliwrath
|-damage|p1a: Poliwrath|27/100
|
|-weather|Snowscape|[upkeep]
|-heal|p1a: Poliwrath|33/100|[from] item: Leftovers
|upkeep
|turn|14
|
|t:|1759072954
|switch|p2a: Gliscor|Gliscor, F|100/100 tox
|move|p1a: Poliwrath|Drain Punch|p2a: Gliscor
|-resisted|p2a: Gliscor
|-damage|p2a: Gliscor|76/100 tox
|-heal|p1a: Poliwrath|45/100|[from] drain|[of] p2a: Gliscor
|
|-weather|Snowscape|[upkeep]
|-heal|p1a: Poliwrath|51/100|[from] item: Leftovers
|-heal|p2a: Gliscor|88/100 tox|[from] ability: Poison Heal
|upkeep
|turn|15
|
|t:|1759072966
|move|p2a: Gliscor|Toxic|p1a: Poliwrath
|-status|p1a: Poliwrath|tox
|move|p1a: Poliwrath|Liquidation|p2a: Gliscor
|-supereffective|p2a: Gliscor
|-damage|p2a: Gliscor|0 fnt
|faint|p2a: Gliscor
|
|-weather|Snowscape|[upkeep]
|-heal|p1a: Poliwrath|57/100 tox|[from] item: Leftovers
|-damage|p1a: Poliwrath|51/100 tox|[from] psn
|upkeep
|
|t:|1759072973
|switch|p2a: Alomomola|Alomomola, F|100/100
|turn|16
|
|t:|1759072979
|move|p1a: Poliwrath|Drain Punch|p2a: Alomomola
|-damage|p2a: Alomomola|66/100
|-heal|p1a: Poliwrath|75/100 tox|[from] drain|[of] p2a: Alomomola
|move|p2a: Alomomola|Wish|p2a: Alomomola
|
|-weather|Snowscape|[upkeep]
|-heal|p1a: Poliwrath|81/100 tox|[from] item: Leftovers
|-damage|p1a: Poliwrath|69/100 tox|[from] psn
|upkeep
|turn|17
|
|t:|1759072989
|move|p2a: Alomomola|Protect|p2a: Alomomola
|-singleturn|p2a: Alomomola|Protect
|move|p1a: Poliwrath|Bulk Up|p1a: Poliwrath
|-boost|p1a: Poliwrath|atk|1
|-boost|p1a: Poliwrath|def|1
|
|-weather|Snowscape|[upkeep]
|-heal|p2a: Alomomola|100/100|[from] move: Wish|[wisher] Alomomola
|-heal|p1a: Poliwrath|75/100 tox|[from] item: Leftovers
|-damage|p1a: Poliwrath|56/100 tox|[from] psn
|upkeep
|turn|18
|
|t:|1759073000
|move|p1a: Poliwrath|Drain Punch|p2a: Alomomola
|-damage|p2a: Alomomola|58/100
|-heal|p1a: Poliwrath|86/100 tox|[from] drain|[of] p2a: Alomomola
|move|p2a: Alomomola|Wish|p2a: Alomomola
|
|-weather|Snowscape|[upkeep]
|-heal|p1a: Poliwrath|92/100 tox|[from] item: Leftovers
|-damage|p1a: Poliwrath|67/100 tox|[from] psn
|upkeep
|turn|19
|
|t:|1759073011
|move|p1a: Poliwrath|Drain Punch|p2a: Alomomola
|-damage|p2a: Alomomola|14/100
|-heal|p1a: Poliwrath|98/100 tox|[from] drain|[of] p2a: Alomomola
|move|p2a: Alomomola|Wish||[still]
|-fail|p2a: Alomomola
|
|-weather|Snowscape|[upkeep]
|-heal|p2a: Alomomola|64/100|[from] move: Wish|[wisher] Alomomola
|-heal|p1a: Poliwrath|100/100 tox|[from] item: Leftovers
|-damage|p1a: Poliwrath|69/100 tox|[from] psn
|upkeep
|turn|20
|
|t:|1759073023
|move|p1a: Poliwrath|Bulk Up|p1a: Poliwrath
|-boost|p1a: Poliwrath|atk|1
|-boost|p1a: Poliwrath|def|1
|move|p2a: Alomomola|Wish|p2a: Alomomola
|
|-weather|none
|-heal|p1a: Poliwrath|75/100 tox|[from] item: Leftovers
|-damage|p1a: Poliwrath|38/100 tox|[from] psn
|upkeep
|turn|21
|
|t:|1759073032
|move|p2a: Alomomola|Protect|p2a: Alomomola
|-singleturn|p2a: Alomomola|Protect
|move|p1a: Poliwrath|Drain Punch|p2a: Alomomola
|-activate|p2a: Alomomola|move: Protect
|
|-heal|p2a: Alomomola|100/100|[from] move: Wish|[wisher] Alomomola
|-heal|p1a: Poliwrath|44/100 tox|[from] item: Leftovers
|-damage|p1a: Poliwrath|0 fnt|[from] psn
|faint|p1a: Poliwrath
|upkeep
|
|t:|1759073045
|switch|p1a: Meganium|Meganium, F|100/100
|turn|22
|
|t:|1759073051
|switch|p2a: Conkeldurr|Conkeldurr, F|100/100
|move|p1a: Meganium|Energy Ball|p2a: Conkeldurr
|-damage|p2a: Conkeldurr|67/100
|
|-status|p2a: Conkeldurr|brn|[from] item: Flame Orb
|upkeep
|turn|23
|
|t:|1759073061
|switch|p1a: Altaria|Altaria, F|78/100
|move|p2a: Conkeldurr|Drain Punch|p1a: Altaria
|-resisted|p1a: Altaria
|-damage|p1a: Altaria|42/100
|-heal|p2a: Conkeldurr|85/100 brn|[from] drain|[of] p1a: Altaria
|
|-damage|p2a: Conkeldurr|79/100 brn|[from] brn
|upkeep
|turn|24
|
|t:|1759073071
|move|p1a: Altaria|Moonblast|p2a: Conkeldurr
|-supereffective|p2a: Conkeldurr
|-damage|p2a: Conkeldurr|17/100 brn
|move|p2a: Conkeldurr|Facade|p1a: Altaria
|-damage|p1a: Altaria|0 fnt
|faint|p1a: Altaria
|
|-damage|p2a: Conkeldurr|11/100 brn|[from] brn
|upkeep
|
|t:|1759073082
|switch|p1a: Meganium|Meganium, F|100/100
|turn|25
|
|t:|1759073089
|move|p1a: Meganium|Energy Ball|p2a: Conkeldurr
|-damage|p2a: Conkeldurr|0 fnt
|faint|p2a: Conkeldurr
|
|upkeep
|
|t:|1759073092
|switch|p2a: Abomasnow|Abomasnow, F, tera:Water|27/100
|-weather|Snowscape|[from] ability: Snow Warning|[of] p2a: Abomasnow
|turn|26
|
|t:|1759073098
|move|p1a: Meganium|Energy Ball|p2a: Abomasnow
|-supereffective|p2a: Abomasnow
|-damage|p2a: Abomasnow|0 fnt
|faint|p2a: Abomasnow
|
|-weather|Snowscape|[upkeep]
|upkeep
|-message|Dwembox forfeited.
|
|win|cozyprincemshroom
|raw|cozyprincemshroom's rating: 1133 &rarr; <strong>1158</strong><br />(+25 for winning)
|raw|Dwembox's rating: 1127 &rarr; <strong>1102</strong><br />(-25 for losing)
|l|☆Dwembox
|player|p2|
|l|☆cozyprincemshroom
|player|p1|
