|j|☆Hurricane_Slash
|j|☆Mohy_789
|t:|1758997035
|gametype|singles
|player|p1|Hurricane_Slash|iris-gen5bw2|1306
|player|p2|Mohy_789|266|1256
|gen|9
|tier|[Gen 9] OU
|rated|
|rule|HP Percentage Mod: HP is shown in percentages
|rule|Endless Battle Clause: Forcing endless battles is banned
|rule|Species Clause: Limit one of each Pokémon
|rule|OHKO Clause: OHKO moves are banned
|rule|Evasion Items Clause: Evasion items are banned
|rule|Evasion Moves Clause: Evasion moves are banned
|rule|Evasion Abilities Clause: Evasion abilities are banned
|rule|Sleep Moves Clause: Sleep-inducing moves are banned
|clearpoke
|poke|p1|Torkoal, M|
|poke|p1|Hatterene, F|
|poke|p1|Raging Bolt|
|poke|p1|Slither Wing|
|poke|p1|Venusaur, F|
|poke|p1|Walking Wake|
|poke|p2|Walking Wake|
|poke|p2|Tornadus, M|
|poke|p2|Glimmora, M|
|poke|p2|Great Tusk|
|poke|p2|Kingambit, M|
|poke|p2|Gholdengo|
|teampreview
|
|t:|1758997049
|teamsize|p1|6
|teamsize|p2|6
|start
|switch|p1a: Slither Wing|Slither Wing|100/100
|switch|p2a: dexter|Walking Wake|100/100
|turn|1
|
|t:|1758997063
|move|p1a: Slither Wing|First Impression|p2a: dexter
|-damage|p2a: dexter|46/100
|move|p2a: dexter|Flamethrower|p1a: Slither Wing
|-supereffective|p1a: Slither Wing
|-damage|p1a: Slither Wing|38/100
|
|upkeep
|turn|2
|inactive|Battle timer is ON: inactive players will automatically lose when time's up. (requested by Mohy_789)
|
|t:|1758997091
|-end|p2a: dexter|Protosynthesis|[silent]
|switch|p2a: debra|Glimmora, M|100/100
|-item|p2a: debra|Air Balloon
|move|p1a: Slither Wing|Earthquake|p2a: debra
|-immune|p2a: debra
|
|upkeep
|turn|3
|
|t:|1758997106
|move|p2a: debra|Spiky Shield|p2a: debra
|-singleturn|p2a: debra|move: Protect
|move|p1a: Slither Wing|U-turn|p2a: debra
|-activate|p2a: debra|move: Protect
|-damage|p1a: Slither Wing|26/100|[from] Spiky Shield|[of] p2a: debra
|
|upkeep
|turn|4
|
|t:|1758997113
|move|p1a: Slither Wing|U-turn|p2a: debra
|-resisted|p2a: debra
|-damage|p2a: debra|80/100
|-activate|p2a: debra|ability: Toxic Debris
|-sidestart|p1: Hurricane_Slash|move: Toxic Spikes
|-enditem|p2a: debra|Air Balloon
|
|t:|1758997116
|-end|p1a: Slither Wing|Protosynthesis|[silent]
|switch|p1a: Hatterene|Hatterene, F|100/100|[from] U-turn
|-item|p1a: Hatterene|Air Balloon
|move|p2a: debra|Power Gem|p1a: Hatterene
|-damage|p1a: Hatterene|50/100
|-enditem|p1a: Hatterene|Air Balloon
|
|upkeep
|turn|5
|
|t:|1758997126
|move|p2a: debra|Venoshock|p1a: Hatterene
|-supereffective|p1a: Hatterene
|-damage|p1a: Hatterene|0 fnt
|faint|p1a: Hatterene
|
|upkeep
|
|t:|1758997136
|switch|p1a: Venusaur|Venusaur, F|100/100
|-sideend|p1: Hurricane_Slash|move: Toxic Spikes|[of] p1a: Venusaur
|turn|6
|
|t:|1758997146
|move|p1a: Venusaur|Earthquake|p2a: debra
|-supereffective|p2a: debra
|-crit|p2a: debra
|-damage|p2a: debra|0 fnt
|-activate|p2a: debra|ability: Toxic Debris
|-sidestart|p1: Hurricane_Slash|move: Toxic Spikes
|faint|p2a: debra
|-damage|p1a: Venusaur|91/100|[from] item: Life Orb
|
|upkeep
|
|t:|1758997157
|switch|p2a: Tornadus|Tornadus, M|100/100
|turn|7
|
|t:|1758997171
|switch|p1a: Torkoal|Torkoal, M|100/100
|-status|p1a: Torkoal|psn
|-weather|SunnyDay|[from] ability: Drought|[of] p1a: Torkoal
|move|p2a: Tornadus|Bleakwind Storm|p1a: Torkoal
|-damage|p1a: Torkoal|38/100 psn
|
|-weather|SunnyDay|[upkeep]
|-damage|p1a: Torkoal|25/100 psn|[from] psn
|upkeep
|turn|8
|
|t:|1758997188
|move|p2a: Tornadus|Bleakwind Storm|p1a: Torkoal
|-damage|p1a: Torkoal|0 fnt
|faint|p1a: Torkoal
|
|-weather|SunnyDay|[upkeep]
|upkeep
|
|t:|1758997202
|switch|p1a: Venusaur|Venusaur, F|91/100
|-sideend|p1: Hurricane_Slash|move: Toxic Spikes|[of] p1a: Venusaur
|turn|9
|
|t:|1758997206
|-terastallize|p1a: Venusaur|Fire
|move|p1a: Venusaur|Weather Ball|p2a: Tornadus
|-damage|p2a: Tornadus|0 fnt
|faint|p2a: Tornadus
|-damage|p1a: Venusaur|81/100|[from] item: Life Orb
|
|-weather|SunnyDay|[upkeep]
|upkeep
|
|t:|1758997231
|switch|p2a: Barista|Great Tusk|100/100
|-activate|p2a: Barista|ability: Protosynthesis
|-start|p2a: Barista|protosynthesisatk
|turn|10
|
|t:|1758997242
|-end|p2a: Barista|Protosynthesis|[silent]
|switch|p2a: masuda|Kingambit, M|100/100
|-activate|p2a: masuda|ability: Supreme Overlord
|-start|p2a: masuda|fallen2|[silent]
|move|p1a: Venusaur|Giga Drain|p2a: masuda
|-resisted|p2a: masuda
|-damage|p2a: masuda|86/100
|-heal|p1a: Venusaur|90/100|[from] drain|[of] p2a: masuda
|-damage|p1a: Venusaur|80/100|[from] item: Life Orb
|
|-weather|SunnyDay|[upkeep]
|upkeep
|turn|11
|
|t:|1758997257
|-end|p2a: masuda|fallen2|[silent]
|switch|p2a: Barista|Great Tusk|100/100
|-activate|p2a: Barista|ability: Protosynthesis
|-start|p2a: Barista|protosynthesisatk
|move|p1a: Venusaur|Weather Ball|p2a: Barista
|-damage|p2a: Barista|0 fnt
|faint|p2a: Barista
|-end|p2a: Barista|Protosynthesis|[silent]
|-damage|p1a: Venusaur|70/100|[from] item: Life Orb
|
|-weather|SunnyDay|[upkeep]
|upkeep
|
|t:|1758997268
|switch|p2a: masuda|Kingambit, M|86/100
|-activate|p2a: masuda|ability: Supreme Overlord
|-start|p2a: masuda|fallen3|[silent]
|turn|12
|
|t:|1758997282
|move|p2a: masuda|Sucker Punch|p1a: Venusaur
|-crit|p1a: Venusaur
|-damage|p1a: Venusaur|0 fnt
|faint|p1a: Venusaur
|
|-weather|SunnyDay|[upkeep]
|upkeep
|
|t:|1758997293
|switch|p1a: Walking Wake|Walking Wake|100/100
|-activate|p1a: Walking Wake|ability: Protosynthesis
|-start|p1a: Walking Wake|protosynthesisspe
|turn|13
|
|t:|1758997300
|-end|p2a: masuda|fallen3|[silent]
|switch|p2a: dexter|Walking Wake|46/100
|-activate|p2a: dexter|ability: Protosynthesis
|-start|p2a: dexter|protosynthesisspa
|move|p1a: Walking Wake|Weather Ball|p2a: dexter
|-resisted|p2a: dexter
|-damage|p2a: dexter|31/100
|
|-weather|SunnyDay|[upkeep]
|upkeep
|turn|14
|
|t:|1758997310
|-end|p2a: dexter|Protosynthesis|[silent]
|switch|p2a: masuda|Kingambit, M|86/100
|-activate|p2a: masuda|ability: Supreme Overlord
|-start|p2a: masuda|fallen3|[silent]
|move|p1a: Walking Wake|Draco Meteor|p2a: masuda
|-resisted|p2a: masuda
|-damage|p2a: masuda|63/100
|-unboost|p1a: Walking Wake|spa|2
|
|-weather|none
|-end|p1a: Walking Wake|Protosynthesis
|upkeep
|turn|15
|
|t:|1758997324
|move|p1a: Walking Wake|Flip Turn|p2a: masuda
|-damage|p2a: masuda|51/100
|
|t:|1758997326
|-end|p1a: Walking Wake|Protosynthesis|[silent]
|switch|p1a: Raging Bolt|Raging Bolt|100/100|[from] Flip Turn
|move|p2a: masuda|Kowtow Cleave|p1a: Raging Bolt
|-damage|p1a: Raging Bolt|37/100
|
|upkeep
|turn|16
|
|t:|1758997339
|move|p1a: Raging Bolt|Thunderclap|p2a: masuda
|-damage|p2a: masuda|15/100
|-damage|p1a: Raging Bolt|27/100|[from] item: Life Orb
|move|p2a: masuda|Sucker Punch||[still]
|-fail|p2a: masuda
|
|upkeep
|turn|17
|
|t:|1758997360
|-end|p2a: masuda|fallen3|[silent]
|switch|p2a: harison|Gholdengo, shiny|100/100
|move|p1a: Raging Bolt|Dragon Pulse|p2a: harison
|-resisted|p2a: harison
|-damage|p2a: harison|60/100
|-damage|p1a: Raging Bolt|17/100|[from] item: Life Orb
|
|upkeep
|turn|18
|
|t:|1758997370
|move|p1a: Raging Bolt|Thunderclap||[still]
|-fail|p1a: Raging Bolt
|move|p2a: harison|Recover|p2a: harison
|-heal|p2a: harison|100/100
|
|upkeep
|turn|19
|
|t:|1758997376
|move|p1a: Raging Bolt|Thunderclap||[still]
|-fail|p1a: Raging Bolt
|move|p2a: harison|Nasty Plot|p2a: harison
|-boost|p2a: harison|spa|2
|
|upkeep
|turn|20
|
|t:|1758997383
|move|p2a: harison|Shadow Ball|p1a: Raging Bolt
|-damage|p1a: Raging Bolt|0 fnt
|faint|p1a: Raging Bolt
|-end|p1a: Raging Bolt|Protosynthesis|[silent]
|-damage|p2a: harison|91/100|[from] item: Life Orb
|
|upkeep
|
|t:|1758997400
|switch|p1a: Walking Wake|Walking Wake|100/100
|turn|21
|
|t:|1758997403
|move|p1a: Walking Wake|Hydro Steam|p2a: harison
|-damage|p2a: harison|43/100
|move|p2a: harison|Shadow Ball|p1a: Walking Wake
|-damage|p1a: Walking Wake|0 fnt
|faint|p1a: Walking Wake
|-end|p1a: Walking Wake|Protosynthesis|[silent]
|-damage|p2a: harison|33/100|[from] item: Life Orb
|
|upkeep
|
|t:|1758997406
|switch|p1a: Slither Wing|Slither Wing|26/100
|turn|22
|
|t:|1758997413
|move|p2a: harison|Make It Rain|p1a: Slither Wing
|-damage|p1a: Slither Wing|0 fnt
|-unboost|p2a: harison|spa|1
|faint|p1a: Slither Wing
|-end|p1a: Slither Wing|Protosynthesis|[silent]
|-damage|p2a: harison|23/100|[from] item: Life Orb
|
|win|Mohy_789
|raw|Hurricane_Slash's rating: 1306 &rarr; <strong>1283</strong><br />(-23 for losing)
|raw|Mohy_789's rating: 1256 &rarr; <strong>1285</strong><br />(+29 for winning)
|l|☆Mohy_789
|player|p2|
|l|☆Hurricane_Slash
|player|p1|
