|j|☆Obito 2001
|j|☆Shiny_kairyu
|t:|1758966217
|gametype|singles
|player|p1|Obito 2001|blue-gen3two|1631
|player|p2|Shiny_kairyu|burglar|1737
|gen|9
|tier|[Gen 9] OU
|rated|
|rule|HP Percentage Mod: HP is shown in percentages
|rule|Endless Battle Clause: Forcing endless battles is banned
|rule|Species Clause: Limit one of each Pokémon
|rule|OHKO Clause: OHKO moves are banned
|rule|Evasion Items Clause: Evasion items are banned
|rule|Evasion Moves Clause: Evasion moves are banned
|rule|Evasion Abilities Clause: Evasion abilities are banned
|rule|Sleep Moves Clause: Sleep-inducing moves are banned
|clearpoke
|poke|p1|Ogerpon-Wellspring, F|
|poke|p1|Scizor, M|
|poke|p1|Sandy Shocks|
|poke|p1|Weezing-Galar, M|
|poke|p1|Dragapult, M|
|poke|p1|Dragonite, M|
|poke|p2|Iron Valiant|
|poke|p2|Glimmora, M|
|poke|p2|Araquanid, F|
|poke|p2|Dragapult, M|
|poke|p2|Kingambit, F|
|poke|p2|Landorus-Therian, M|
|teampreview
|inactive|Battle timer is ON: inactive players will automatically lose when time's up. (requested by Obito 2001)
|inactive|Shiny_kairyu has 120 seconds left.
|
|t:|1758966249
|teamsize|p1|6
|teamsize|p2|6
|start
|switch|p1a: Magnetun|Sandy Shocks|100/100
|switch|p2a: Araquanid|Araquanid, F|100/100
|turn|1
|
|t:|1758966253
|move|p1a: Magnetun|Volt Switch|p2a: Araquanid
|-supereffective|p2a: Araquanid
|-damage|p2a: Araquanid|48/100
|
|t:|1758966257
|-end|p1a: Magnetun|Protosynthesis|[silent]
|switch|p1a: Ogerpon|Ogerpon-Wellspring, F|100/100|[from] Volt Switch
|move|p2a: Araquanid|Liquidation|p1a: Ogerpon
|-immune|p1a: Ogerpon|[from] ability: Water Absorb
|
|upkeep
|turn|2
|
|t:|1758966265
|switch|p2a: Landorus|Landorus-Therian, M|100/100
|-ability|p2a: Landorus|Intimidate|boost
|-unboost|p1a: Ogerpon|atk|1
|move|p1a: Ogerpon|Power Whip|p2a: Landorus
|-damage|p2a: Landorus|53/100
|-damage|p1a: Ogerpon|84/100|[from] item: Rocky Helmet|[of] p2a: Landorus
|
|upkeep
|turn|3
|
|t:|1758966271
|switch|p2a: Dragapult|Dragapult, M|100/100
|move|p1a: Ogerpon|Swords Dance|p1a: Ogerpon
|-boost|p1a: Ogerpon|atk|2
|
|upkeep
|turn|4
|
|t:|1758966275
|move|p2a: Dragapult|Dragon Darts|p1a: Ogerpon
|-damage|p1a: Ogerpon|41/100
|-anim|p2a: Dragapult|Dragon Darts|p1a: Ogerpon
|-damage|p1a: Ogerpon|0 fnt
|faint|p1a: Ogerpon
|-damage|p2a: Dragapult|91/100|[from] item: Life Orb
|
|upkeep
|
|t:|1758966284
|switch|p1a: Magnetun|Sandy Shocks|100/100
|turn|5
|
|t:|1758966294
|move|p2a: Dragapult|Dragon Darts|p1a: Magnetun
|-damage|p1a: Magnetun|63/100
|-anim|p2a: Dragapult|Dragon Darts|p1a: Magnetun
|-damage|p1a: Magnetun|25/100
|-damage|p2a: Dragapult|81/100|[from] item: Life Orb
|move|p1a: Magnetun|Stealth Rock|p2a: Dragapult
|-sidestart|p2: Shiny_kairyu|move: Stealth Rock
|
|upkeep
|turn|6
|
|t:|1758966298
|-end|p1a: Magnetun|Protosynthesis|[silent]
|switch|p1a: Fk hazard noobs|Weezing-Galar, M|100/100
|-ability|p1a: Fk hazard noobs|Neutralizing Gas
|move|p2a: Dragapult|Dragon Dance|p2a: Dragapult
|-boost|p2a: Dragapult|atk|1
|-boost|p2a: Dragapult|spe|1
|
|upkeep
|turn|7
|
|t:|1758966305
|move|p2a: Dragapult|Phantom Force||[still]
|-prepare|p2a: Dragapult|Phantom Force
|move|p1a: Fk hazard noobs|Will-O-Wisp|p2a: Dragapult|[miss]
|-miss|p1a: Fk hazard noobs|p2a: Dragapult
|
|upkeep
|turn|8
|
|t:|1758966309
|move|p2a: Dragapult|Phantom Force|p1a: Fk hazard noobs|[from] lockedmove
|-damage|p1a: Fk hazard noobs|41/100
|-damage|p2a: Dragapult|71/100|[from] item: Life Orb
|move|p1a: Fk hazard noobs|Will-O-Wisp|p2a: Dragapult
|-status|p2a: Dragapult|brn
|
|-damage|p2a: Dragapult|65/100 brn|[from] brn
|upkeep
|turn|9
|
|t:|1758966317
|move|p2a: Dragapult|Dragon Dance|p2a: Dragapult
|-boost|p2a: Dragapult|atk|1
|-boost|p2a: Dragapult|spe|1
|move|p1a: Fk hazard noobs|Pain Split|p2a: Dragapult
|-sethp|p2a: Dragapult|54/100 brn|[from] move: Pain Split|[silent]
|-sethp|p1a: Fk hazard noobs|51/100|[from] move: Pain Split
|
|-damage|p2a: Dragapult|48/100 brn|[from] brn
|upkeep
|turn|10
|
|t:|1758966322
|-end|p1a: Fk hazard noobs|ability: Neutralizing Gas
|switch|p1a: Scizor|Scizor, M|100/100
|move|p2a: Dragapult|Phantom Force||[still]
|-prepare|p2a: Dragapult|Phantom Force
|
|-damage|p2a: Dragapult|42/100 brn|[from] brn
|upkeep
|turn|11
|
|t:|1758966328
|move|p2a: Dragapult|Phantom Force|p1a: Scizor|[from] lockedmove
|-damage|p1a: Scizor|28/100
|-damage|p2a: Dragapult|32/100 brn|[from] item: Life Orb
|move|p1a: Scizor|Swords Dance|p1a: Scizor
|-boost|p1a: Scizor|atk|2
|
|-damage|p2a: Dragapult|26/100 brn|[from] brn
|upkeep
|turn|12
|
|t:|1758966332
|switch|p2a: Landorus|Landorus-Therian, M|53/100
|-damage|p2a: Landorus|41/100|[from] Stealth Rock
|-ability|p2a: Landorus|Intimidate|boost
|-unboost|p1a: Scizor|atk|1
|move|p1a: Scizor|Bullet Punch|p2a: Landorus
|-crit|p2a: Landorus
|-damage|p2a: Landorus|0 fnt
|-damage|p1a: Scizor|12/100|[from] item: Rocky Helmet|[of] p2a: Landorus
|faint|p2a: Landorus
|
|upkeep
|
|t:|1758966339
|switch|p2a: Kingambit|Kingambit, F|100/100
|-damage|p2a: Kingambit|94/100|[from] Stealth Rock
|-activate|p2a: Kingambit|ability: Supreme Overlord
|-start|p2a: Kingambit|fallen1|[silent]
|turn|13
|
|t:|1758966344
|switch|p1a: Fk hazard noobs|Weezing-Galar, M|51/100
|-ability|p1a: Fk hazard noobs|Neutralizing Gas
|-terastallize|p2a: Kingambit|Fire
|move|p2a: Kingambit|Kowtow Cleave|p1a: Fk hazard noobs
|-resisted|p1a: Fk hazard noobs
|-damage|p1a: Fk hazard noobs|31/100
|
|upkeep
|turn|14
|
|t:|1758966349
|move|p1a: Fk hazard noobs|Pain Split|p2a: Kingambit
|-sethp|p2a: Kingambit|60/100|[from] move: Pain Split|[silent]
|-sethp|p1a: Fk hazard noobs|71/100|[from] move: Pain Split
|move|p2a: Kingambit|Swords Dance|p2a: Kingambit
|-boost|p2a: Kingambit|atk|2
|
|upkeep
|turn|15
|
|t:|1758966354
|move|p1a: Fk hazard noobs|Sludge Bomb|p2a: Kingambit
|-damage|p2a: Kingambit|33/100
|move|p2a: Kingambit|Swords Dance|p2a: Kingambit
|-boost|p2a: Kingambit|atk|2
|
|upkeep
|turn|16
|
|t:|1758966359
|move|p2a: Kingambit|Sucker Punch|p1a: Fk hazard noobs
|-resisted|p1a: Fk hazard noobs
|-crit|p1a: Fk hazard noobs
|-damage|p1a: Fk hazard noobs|4/100
|move|p1a: Fk hazard noobs|Sludge Bomb|p2a: Kingambit
|-crit|p2a: Kingambit
|-damage|p2a: Kingambit|0 fnt
|faint|p2a: Kingambit
|-end|p2a: Kingambit|fallen1|[silent]
|
|upkeep
|
|t:|1758966362
|switch|p2a: Glimmora|Glimmora, M|100/100
|-damage|p2a: Glimmora|88/100|[from] Stealth Rock
|turn|17
|
|t:|1758966372
|move|p2a: Glimmora|Mortal Spin|p1a: Fk hazard noobs
|-damage|p1a: Fk hazard noobs|0 fnt
|-sideend|p2: Shiny_kairyu|Stealth Rock|[from] move: Mortal Spin|[of] p2a: Glimmora
|faint|p1a: Fk hazard noobs
|-end|p1a: Fk hazard noobs|ability: Neutralizing Gas
|
|upkeep
|
|t:|1758966377
|switch|p1a: Magnetun|Sandy Shocks|25/100
|turn|18
|
|t:|1758966386
|move|p1a: Magnetun|Earth Power|p2a: Glimmora
|-supereffective|p2a: Glimmora
|-damage|p2a: Glimmora|0 fnt
|faint|p2a: Glimmora
|
|upkeep
|-message|Shiny_kairyu forfeited.
|
|win|Obito 2001
|raw|Obito 2001's rating: 1631 &rarr; <strong>1657</strong><br />(+26 for winning)
|raw|Shiny_kairyu's rating: 1737 &rarr; <strong>1711</strong><br />(-26 for losing)
|l|☆Shiny_kairyu
|player|p2|
|l|☆Obito 2001
|player|p1|
