|j|☆Mimx2
|j|☆StoryMark
|t:|1758960384
|gametype|singles
|player|p1|Mimx2|lucas|1155
|player|p2|StoryMark|acetrainerf-gen4dp|1151
|gen|9
|tier|[Gen 9] OU
|rated|
|rule|HP Percentage Mod: HP is shown in percentages
|rule|Endless Battle Clause: Forcing endless battles is banned
|rule|Species Clause: Limit one of each Pokémon
|rule|OHKO Clause: OHKO moves are banned
|rule|Evasion Items Clause: Evasion items are banned
|rule|Evasion Moves Clause: Evasion moves are banned
|rule|Evasion Abilities Clause: Evasion abilities are banned
|rule|Sleep Moves Clause: Sleep-inducing moves are banned
|clearpoke
|poke|p1|Greninja-*, M|
|poke|p1|Indeedee, M|
|poke|p1|Iron Crown|
|poke|p1|Primeape, F|
|poke|p1|Gholdengo|
|poke|p1|Weavile, F|
|poke|p2|Dragapult, F|
|poke|p2|Dragonite, F|
|poke|p2|Great Tusk|
|poke|p2|Moltres|
|poke|p2|Hoopa-Unbound|
|poke|p2|Alomomola, F|
|teampreview
|inactive|Battle timer is ON: inactive players will automatically lose when time's up. (requested by Mimx2)
|
|t:|1758960413
|teamsize|p1|6
|teamsize|p2|6
|start
|switch|p1a: Indeedee|Indeedee, M, shiny|100/100
|switch|p2a: Hoopa|Hoopa-Unbound|100/100
|-fieldstart|move: Psychic Terrain|[from] ability: Psychic Surge|[of] p1a: Indeedee
|turn|1
|
|t:|1758960419
|move|p1a: Indeedee|Dazzling Gleam|p2a: Hoopa
|-supereffective|p2a: Hoopa
|-damage|p2a: Hoopa|59/100
|move|p2a: Hoopa|Knock Off|p1a: Indeedee
|-supereffective|p1a: Indeedee
|-damage|p1a: Indeedee|0 fnt
|-enditem|p1a: Indeedee|Terrain Extender|[from] move: Knock Off|[of] p2a: Hoopa
|faint|p1a: Indeedee
|
|upkeep
|
|t:|1758960433
|switch|p1a: Weavile|Weavile, F, shiny|100/100
|-ability|p1a: Weavile|Pressure
|turn|2
|
|t:|1758960440
|move|p1a: Weavile|X-Scissor|p2a: Hoopa
|-supereffective|p2a: Hoopa
|-damage|p2a: Hoopa|0 fnt
|faint|p2a: Hoopa
|
|upkeep
|
|t:|1758960459
|switch|p2a: Moltres|Moltres|100/100
|turn|3
|
|t:|1758960465
|switch|p1a: Greninja|Greninja, M|100/100
|move|p2a: Moltres|Flamethrower|p1a: Greninja
|-resisted|p1a: Greninja
|-damage|p1a: Greninja|70/100
|
|upkeep
|turn|4
|
|t:|1758960469
|switch|p2a: Alomomola|Alomomola, F|100/100
|move|p1a: Greninja|Ice Beam|p2a: Alomomola
|-resisted|p2a: Alomomola
|-damage|p2a: Alomomola|92/100
|-damage|p1a: Greninja|60/100|[from] item: Life Orb
|
|upkeep
|turn|5
|
|t:|1758960475
|switch|p1a: Iron Crown|Iron Crown|100/100
|-enditem|p1a: Iron Crown|Booster Energy
|-activate|p1a: Iron Crown|ability: Quark Drive|[fromitem]
|-start|p1a: Iron Crown|quarkdrivespa
|move|p2a: Alomomola|Body Slam|p1a: Iron Crown
|-resisted|p1a: Iron Crown
|-damage|p1a: Iron Crown|91/100
|
|upkeep
|turn|6
|
|t:|1758960481
|move|p1a: Iron Crown|Expanding Force|p2a: Alomomola
|-damage|p2a: Alomomola|47/100
|move|p2a: Alomomola|Flip Turn|p1a: Iron Crown
|-damage|p1a: Iron Crown|70/100
|
|t:|1758960485
|switch|p2a: Dragapult|Dragapult, F|100/100|[from] Flip Turn
|
|upkeep
|turn|7
|
|t:|1758960494
|move|p2a: Dragapult|U-turn|p1a: Iron Crown
|-damage|p1a: Iron Crown|52/100
|
|t:|1758960498
|switch|p2a: Moltres|Moltres|100/100|[from] U-turn
|move|p1a: Iron Crown|Expanding Force|p2a: Moltres
|-damage|p2a: Moltres|0 fnt
|faint|p2a: Moltres
|
|upkeep
|
|t:|1758960505
|switch|p2a: Dragapult|Dragapult, F|100/100
|turn|8
|
|t:|1758960509
|-terastallize|p1a: Iron Crown|Steel
|move|p2a: Dragapult|Shadow Ball|p1a: Iron Crown
|-damage|p1a: Iron Crown|3/100
|move|p1a: Iron Crown|Expanding Force|p2a: Dragapult
|-damage|p2a: Dragapult|0 fnt
|faint|p2a: Dragapult
|
|-fieldend|move: Psychic Terrain
|upkeep
|
|t:|1758960519
|switch|p2a: Alomomola|Alomomola, F|80/100
|turn|9
|
|t:|1758960523
|move|p2a: Alomomola|Aqua Jet|p1a: Iron Crown
|-crit|p1a: Iron Crown
|-damage|p1a: Iron Crown|0 fnt
|faint|p1a: Iron Crown
|-end|p1a: Iron Crown|Quark Drive|[silent]
|
|upkeep
|
|t:|1758960527
|switch|p1a: Primeape|Primeape, F, shiny|100/100
|turn|10
|
|t:|1758960531
|move|p1a: Primeape|Bulk Up|p1a: Primeape
|-boost|p1a: Primeape|atk|1
|-boost|p1a: Primeape|def|1
|move|p2a: Alomomola|Flip Turn|p1a: Primeape
|-damage|p1a: Primeape|90/100
|
|t:|1758960534
|switch|p2a: Dragonite|Dragonite, F|100/100|[from] Flip Turn
|
|upkeep
|turn|11
|
|t:|1758960537
|move|p2a: Dragonite|Dragon Dance|p2a: Dragonite
|-boost|p2a: Dragonite|atk|1
|-boost|p2a: Dragonite|spe|1
|move|p1a: Primeape|Ice Punch|p2a: Dragonite
|-supereffective|p2a: Dragonite
|-damage|p2a: Dragonite|22/100
|
|upkeep
|turn|12
|
|t:|1758960545
|move|p2a: Dragonite|Earthquake|p1a: Primeape
|-damage|p1a: Primeape|55/100
|move|p1a: Primeape|Rage Fist|p2a: Dragonite
|-damage|p2a: Dragonite|0 fnt
|faint|p2a: Dragonite
|
|upkeep
|
|t:|1758960552
|switch|p2a: Great Tusk|Great Tusk|100/100
|turn|13
|
|t:|1758960556
|move|p2a: Great Tusk|Headlong Rush|p1a: Primeape
|-damage|p1a: Primeape|12/100
|-unboost|p2a: Great Tusk|def|1
|-unboost|p2a: Great Tusk|spd|1
|move|p1a: Primeape|Rage Fist|p2a: Great Tusk
|-damage|p2a: Great Tusk|6/100
|
|upkeep
|turn|14
|
|t:|1758960561
|move|p2a: Great Tusk|Rapid Spin|p1a: Primeape
|-damage|p1a: Primeape|0 fnt
|-boost|p2a: Great Tusk|spe|1
|faint|p1a: Primeape
|
|upkeep
|
|t:|1758960568
|switch|p1a: Weavile|Weavile, F, shiny|100/100
|-ability|p1a: Weavile|Pressure
|turn|15
|
|t:|1758960573
|move|p1a: Weavile|Ice Shard|p2a: Great Tusk
|-supereffective|p2a: Great Tusk
|-damage|p2a: Great Tusk|0 fnt
|faint|p2a: Great Tusk
|-end|p2a: Great Tusk|Protosynthesis|[silent]
|
|upkeep
|
|t:|1758960576
|switch|p2a: Alomomola|Alomomola, F|100/100
|turn|16
|
|t:|1758960579
|move|p1a: Weavile|Knock Off|p2a: Alomomola
|-damage|p2a: Alomomola|63/100
|-enditem|p2a: Alomomola|Assault Vest|[from] move: Knock Off|[of] p1a: Weavile
|move|p2a: Alomomola|Body Slam|p1a: Weavile
|-damage|p1a: Weavile|75/100
|-status|p1a: Weavile|par
|
|upkeep
|turn|17
|-message|StoryMark forfeited.
|
|win|Mimx2
|raw|Mimx2's rating: 1155 &rarr; <strong>1180</strong><br />(+25 for winning)
|raw|StoryMark's rating: 1151 &rarr; <strong>1126</strong><br />(-25 for losing)
|l|☆StoryMark
|player|p2|
|l|☆Mimx2
|player|p1|
