|j|☆clouddaearth
|j|☆Chanti39
|t:|1758928929
|gametype|singles
|player|p1|clouddaearth|101|1248
|player|p2|Chanti39|harlequin|1190
|gen|9
|tier|[Gen 9] OU
|rated|
|rule|HP Percentage Mod: HP is shown in percentages
|rule|Endless Battle Clause: Forcing endless battles is banned
|rule|Species Clause: Limit one of each Pokémon
|rule|OHKO Clause: OHKO moves are banned
|rule|Evasion Items Clause: Evasion items are banned
|rule|Evasion Moves Clause: Evasion moves are banned
|rule|Evasion Abilities Clause: Evasion abilities are banned
|rule|Sleep Moves Clause: Sleep-inducing moves are banned
|clearpoke
|poke|p1|Garganacl, F|
|poke|p1|Gholdengo|
|poke|p1|Espeon, M|
|poke|p1|Blissey, F|
|poke|p1|Gliscor, F|
|poke|p1|Cloyster, F|
|poke|p2|Breloom, M|
|poke|p2|Feraligatr, M|
|poke|p2|Haxorus, M|
|poke|p2|Krookodile, M|
|poke|p2|Corviknight, F|
|poke|p2|Ampharos, F|
|teampreview
|
|t:|1758928933
|teamsize|p1|6
|teamsize|p2|6
|start
|switch|p1a: Garganacl|Garganacl, F|100/100
|switch|p2a: Amphy|Ampharos, F|100/100
|turn|1
|
|t:|1758928936
|move|p2a: Amphy|Thunder Wave|p1a: Garganacl
|-immune|p1a: Garganacl|[from] ability: Purifying Salt
|move|p1a: Garganacl|Salt Cure|p2a: Amphy
|-damage|p2a: Amphy|85/100
|-start|p2a: Amphy|Salt Cure
|
|-damage|p2a: Amphy|72/100|[from] Salt Cure
|upkeep
|turn|2
|
|t:|1758928945
|move|p2a: Amphy|Agility|p2a: Amphy
|-boost|p2a: Amphy|spe|2
|move|p1a: Garganacl|Stealth Rock|p2a: Amphy
|-sidestart|p2: Chanti39|move: Stealth Rock
|
|-damage|p2a: Amphy|60/100|[from] Salt Cure
|upkeep
|turn|3
|
|t:|1758928955
|move|p2a: Amphy|Electro Ball|p1a: Garganacl
|-damage|p1a: Garganacl|56/100
|move|p1a: Garganacl|Salt Cure|p2a: Amphy
|-damage|p2a: Amphy|43/100
|
|-heal|p1a: Garganacl|63/100|[from] item: Leftovers
|-damage|p2a: Amphy|30/100|[from] Salt Cure
|upkeep
|turn|4
|
|t:|1758928965
|move|p1a: Garganacl|Protect|p1a: Garganacl
|-singleturn|p1a: Garganacl|Protect
|move|p2a: Amphy|Electro Ball|p1a: Garganacl
|-activate|p1a: Garganacl|move: Protect
|
|-heal|p1a: Garganacl|69/100|[from] item: Leftovers
|-damage|p2a: Amphy|18/100|[from] Salt Cure
|upkeep
|turn|5
|
|t:|1758928975
|move|p2a: Amphy|Electro Ball|p1a: Garganacl
|-damage|p1a: Garganacl|26/100
|move|p1a: Garganacl|Recover|p1a: Garganacl
|-heal|p1a: Garganacl|76/100
|
|-heal|p1a: Garganacl|83/100|[from] item: Leftovers
|-damage|p2a: Amphy|5/100|[from] Salt Cure
|upkeep
|turn|6
|inactive|Battle timer is ON: inactive players will automatically lose when time's up. (requested by clouddaearth)
|
|t:|1758929024
|switch|p2a: Todo|Feraligatr, M|100/100
|-damage|p2a: Todo|88/100|[from] Stealth Rock
|move|p1a: Garganacl|Protect||[still]
|-fail|p1a: Garganacl
|
|-heal|p1a: Garganacl|89/100|[from] item: Leftovers
|upkeep
|turn|7
|
|t:|1758929033
|move|p2a: Todo|Liquidation|p1a: Garganacl
|-supereffective|p1a: Garganacl
|-damage|p1a: Garganacl|11/100
|move|p1a: Garganacl|Salt Cure|p2a: Todo
|-damage|p2a: Todo|73/100
|-start|p2a: Todo|Salt Cure
|
|-heal|p1a: Garganacl|17/100|[from] item: Leftovers
|-damage|p2a: Todo|49/100|[from] Salt Cure
|upkeep
|turn|8
|
|t:|1758929044
|move|p1a: Garganacl|Protect|p1a: Garganacl
|-singleturn|p1a: Garganacl|Protect
|move|p2a: Todo|Dragon Dance|p2a: Todo
|-boost|p2a: Todo|atk|1
|-boost|p2a: Todo|spe|1
|
|-heal|p1a: Garganacl|23/100|[from] item: Leftovers
|-damage|p2a: Todo|24/100|[from] Salt Cure
|upkeep
|turn|9
|
|t:|1758929054
|move|p2a: Todo|Liquidation|p1a: Garganacl
|-supereffective|p1a: Garganacl
|-damage|p1a: Garganacl|0 fnt
|faint|p1a: Garganacl
|
|-damage|p2a: Todo|0 fnt|[from] Salt Cure
|faint|p2a: Todo
|upkeep
|
|t:|1758929064
|switch|p2a: Naayak|Breloom, M|100/100
|switch|p1a: Blissey|Blissey, F|100/100
|-damage|p2a: Naayak|94/100|[from] Stealth Rock
|turn|10
|
|t:|1758929091
|switch|p1a: Espeon|Espeon, M|100/100
|move|p2a: Naayak|Mach Punch|p1a: Espeon
|-resisted|p1a: Espeon
|-crit|p1a: Espeon
|-damage|p1a: Espeon|50/100
|
|upkeep
|turn|11
|
|t:|1758929099
|-terastallize|p2a: Naayak|Grass
|move|p1a: Espeon|Psychic|p2a: Naayak
|-damage|p2a: Naayak|7/100
|move|p2a: Naayak|Bullet Seed|p1a: Espeon
|-damage|p1a: Espeon|0 fnt
|faint|p1a: Espeon
|-hitcount|p1: Espeon|1
|
|upkeep
|
|t:|1758929107
|switch|p1a: Gliscor|Gliscor, F|100/100
|turn|12
|
|t:|1758929113
|move|p1a: Gliscor|Protect|p1a: Gliscor
|-singleturn|p1a: Gliscor|Protect
|move|p2a: Naayak|Mach Punch|p1a: Gliscor
|-activate|p1a: Gliscor|move: Protect
|
|-status|p1a: Gliscor|tox|[from] item: Toxic Orb
|upkeep
|turn|13
|
|t:|1758929123
|move|p2a: Naayak|Mach Punch|p1a: Gliscor
|-resisted|p1a: Gliscor
|-damage|p1a: Gliscor|84/100 tox
|move|p1a: Gliscor|Knock Off|p2a: Naayak
|-damage|p2a: Naayak|0 fnt
|-enditem|p2a: Naayak|Loaded Dice|[from] move: Knock Off|[of] p1a: Gliscor
|faint|p2a: Naayak
|
|-heal|p1a: Gliscor|96/100 tox|[from] ability: Poison Heal
|upkeep
|
|t:|1758929138
|switch|p2a: Kanguva|Krookodile, M|100/100
|-damage|p2a: Kanguva|94/100|[from] Stealth Rock
|turn|14
|
|t:|1758929144
|move|p2a: Kanguva|Knock Off|p1a: Gliscor
|-damage|p1a: Gliscor|49/100 tox
|-enditem|p1a: Gliscor|Toxic Orb|[from] move: Knock Off|[of] p2a: Kanguva
|move|p1a: Gliscor|Swords Dance|p1a: Gliscor
|-boost|p1a: Gliscor|atk|2
|
|-heal|p1a: Gliscor|61/100 tox|[from] ability: Poison Heal
|upkeep
|turn|15
|
|t:|1758929154
|move|p2a: Kanguva|Knock Off|p1a: Gliscor
|-damage|p1a: Gliscor|28/100 tox
|move|p1a: Gliscor|Earthquake|p2a: Kanguva
|-damage|p2a: Kanguva|26/100
|
|-heal|p1a: Gliscor|40/100 tox|[from] ability: Poison Heal
|upkeep
|turn|16
|
|t:|1758929162
|move|p1a: Gliscor|Protect|p1a: Gliscor
|-singleturn|p1a: Gliscor|Protect
|move|p2a: Kanguva|Knock Off|p1a: Gliscor
|-activate|p1a: Gliscor|move: Protect
|
|-heal|p1a: Gliscor|53/100 tox|[from] ability: Poison Heal
|upkeep
|turn|17
|-message|Chanti39 forfeited.
|
|win|clouddaearth
|raw|clouddaearth's rating: 1248 &rarr; <strong>1269</strong><br />(+21 for winning)
|raw|Chanti39's rating: 1190 &rarr; <strong>1169</strong><br />(-21 for losing)
|l|☆Chanti39
|player|p2|
|l|☆clouddaearth
|player|p1|
