|j|☆Asuron
|j|☆jtremes
|t:|1759033887
|gametype|singles
|player|p1|Asuron|blue|1334
|player|p2|jtremes|1|1368
|gen|9
|tier|[Gen 9] OU
|rated|
|rule|HP Percentage Mod: HP is shown in percentages
|rule|Endless Battle Clause: Forcing endless battles is banned
|rule|Species Clause: Limit one of each Pokémon
|rule|OHKO Clause: OHKO moves are banned
|rule|Evasion Items Clause: Evasion items are banned
|rule|Evasion Moves Clause: Evasion moves are banned
|rule|Evasion Abilities Clause: Evasion abilities are banned
|rule|Sleep Moves Clause: Sleep-inducing moves are banned
|clearpoke
|poke|p1|Great Tusk|
|poke|p1|Hatterene, F|
|poke|p1|Corviknight, M|
|poke|p1|Meowscarada, F|
|poke|p1|Iron Moth|
|poke|p1|Kyurem|
|poke|p2|Hawlucha, M|
|poke|p2|Rillaboom, F|
|poke|p2|Skeledirge, F|
|poke|p2|Ting-Lu|
|poke|p2|Keldeo-Resolute|
|poke|p2|Corviknight, M|
|teampreview
|inactive|Battle timer is ON: inactive players will automatically lose when time's up. (requested by Asuron)
|
|t:|1759033901
|teamsize|p1|6
|teamsize|p2|6
|start
|switch|p1a: Corviknight|Corviknight, M, shiny|100/100
|switch|p2a: Corviknight|Corviknight, M|100/100
|-ability|p2a: Corviknight|Pressure
|turn|1
|
|t:|1759033929
|switch|p1a: Iron Moth|Iron Moth|100/100
|-enditem|p1a: Iron Moth|Booster Energy
|-activate|p1a: Iron Moth|ability: Quark Drive|[fromitem]
|-start|p1a: Iron Moth|quarkdrivespa
|move|p2a: Corviknight|U-turn|p1a: Iron Moth
|-resisted|p1a: Iron Moth
|-damage|p1a: Iron Moth|95/100
|
|t:|1759033934
|switch|p2a: Ting-Lu|Ting-Lu|100/100|[from] U-turn
|-ability|p2a: Ting-Lu|Vessel of Ruin
|
|upkeep
|turn|2
|
|t:|1759033945
|-terastallize|p1a: Iron Moth|Flying
|move|p1a: Iron Moth|Fiery Dance|p2a: Ting-Lu
|-damage|p2a: Ting-Lu|76/100
|move|p2a: Ting-Lu|Earthquake|p1a: Iron Moth
|-immune|p1a: Iron Moth
|
|-heal|p2a: Ting-Lu|83/100|[from] item: Leftovers
|upkeep
|turn|3
|
|t:|1759033956
|move|p1a: Iron Moth|Fiery Dance|p2a: Ting-Lu
|-damage|p2a: Ting-Lu|60/100
|-boost|p1a: Iron Moth|spa|1
|move|p2a: Ting-Lu|Stealth Rock|p1a: Iron Moth
|-sidestart|p1: Asuron|move: Stealth Rock
|
|-heal|p2a: Ting-Lu|66/100|[from] item: Leftovers
|upkeep
|turn|4
|
|t:|1759033965
|move|p1a: Iron Moth|Energy Ball|p2a: Ting-Lu
|-supereffective|p2a: Ting-Lu
|-damage|p2a: Ting-Lu|15/100
|move|p2a: Ting-Lu|Whirlwind|p1a: Iron Moth
|-end|p1a: Iron Moth|Quark Drive|[silent]
|drag|p1a: Great Tusk|Great Tusk|100/100
|-damage|p1a: Great Tusk|98/100|[from] Stealth Rock
|
|-heal|p2a: Ting-Lu|21/100|[from] item: Leftovers
|upkeep
|turn|5
|
|t:|1759033977
|switch|p2a: Rillaboom|Rillaboom, F|100/100
|-fieldstart|move: Grassy Terrain|[from] ability: Grassy Surge|[of] p2a: Rillaboom
|move|p1a: Great Tusk|Rapid Spin|p2a: Rillaboom
|-damage|p2a: Rillaboom|87/100
|-boost|p1a: Great Tusk|spe|1
|-sideend|p1: Asuron|Stealth Rock|[from] move: Rapid Spin|[of] p1a: Great Tusk
|
|-heal|p1a: Great Tusk|100/100|[from] Grassy Terrain
|-heal|p2a: Rillaboom|93/100|[from] Grassy Terrain
|upkeep
|turn|6
|
|t:|1759033996
|-end|p1a: Great Tusk|Protosynthesis|[silent]
|switch|p1a: Iron Moth|Iron Moth, tera:Flying|95/100
|move|p2a: Rillaboom|Leech Seed|p1a: Iron Moth
|-start|p1a: Iron Moth|move: Leech Seed
|
|-heal|p2a: Rillaboom|99/100|[from] Grassy Terrain
|-damage|p1a: Iron Moth|82/100|[from] Leech Seed|[of] p2a: Rillaboom
|-heal|p2a: Rillaboom|100/100|[silent]
|upkeep
|turn|7
|
|t:|1759034006
|switch|p2a: Ting-Lu|Ting-Lu|21/100
|-ability|p2a: Ting-Lu|Vessel of Ruin
|move|p1a: Iron Moth|Fiery Dance|p2a: Ting-Lu
|-damage|p2a: Ting-Lu|3/100
|-boost|p1a: Iron Moth|spa|1
|
|-heal|p2a: Ting-Lu|9/100|[from] Grassy Terrain
|-heal|p2a: Ting-Lu|16/100|[from] item: Leftovers
|-damage|p1a: Iron Moth|70/100|[from] Leech Seed|[of] p2a: Ting-Lu
|-heal|p2a: Ting-Lu|23/100|[silent]
|upkeep
|turn|8
|
|t:|1759034022
|switch|p2a: Corviknight|Corviknight, M|100/100
|-ability|p2a: Corviknight|Pressure
|move|p1a: Iron Moth|Fiery Dance|p2a: Corviknight
|-supereffective|p2a: Corviknight
|-damage|p2a: Corviknight|0 fnt
|faint|p2a: Corviknight
|
|upkeep
|
|t:|1759034029
|switch|p2a: Skeledirge|Skeledirge, F|100/100
|turn|9
|
|t:|1759034036
|move|p1a: Iron Moth|Sludge Wave|p2a: Skeledirge
|-resisted|p2a: Skeledirge
|-damage|p2a: Skeledirge|83/100
|move|p2a: Skeledirge|Will-O-Wisp|p1a: Iron Moth
|-status|p1a: Iron Moth|brn
|
|-heal|p2a: Skeledirge|89/100|[from] Grassy Terrain
|-damage|p1a: Iron Moth|58/100 brn|[from] Leech Seed|[of] p2a: Skeledirge
|-heal|p2a: Skeledirge|98/100|[silent]
|-damage|p1a: Iron Moth|52/100 brn|[from] brn
|upkeep
|turn|10
|inactive|Asuron has 120 seconds left.
|inactive|jtremes has 120 seconds left.
|
|t:|1759034087
|move|p1a: Iron Moth|Fiery Dance|p2a: Skeledirge
|-resisted|p2a: Skeledirge
|-crit|p2a: Skeledirge
|-damage|p2a: Skeledirge|75/100
|move|p2a: Skeledirge|Hex|p1a: Iron Moth
|-damage|p1a: Iron Moth|0 fnt
|faint|p1a: Iron Moth
|-end|p1a: Iron Moth|Quark Drive|[silent]
|
|-heal|p2a: Skeledirge|81/100|[from] Grassy Terrain
|upkeep
|inactive|Asuron has 120 seconds left.
|
|t:|1759034102
|switch|p1a: Meowscarada|Meowscarada, F|100/100
|turn|11
|inactive|jtremes has 90 seconds left.
|
|t:|1759034129
|-terastallize|p2a: Skeledirge|Fairy
|move|p1a: Meowscarada|Knock Off|p2a: Skeledirge
|-start|p1a: Meowscarada|typechange|Dark|[from] ability: Protean
|-resisted|p2a: Skeledirge
|-damage|p2a: Skeledirge|55/100
|-enditem|p2a: Skeledirge|Heavy-Duty Boots|[from] move: Knock Off|[of] p1a: Meowscarada
|move|p2a: Skeledirge|Will-O-Wisp|p1a: Meowscarada
|-status|p1a: Meowscarada|brn
|
|-heal|p2a: Skeledirge|61/100|[from] Grassy Terrain
|-damage|p1a: Meowscarada|94/100 brn|[from] brn
|upkeep
|turn|12
|inactive|Asuron has 120 seconds left.
|inactive|Asuron has 90 seconds left.
|
|t:|1759034180
|switch|p1a: Kyurem|Kyurem|100/100
|-ability|p1a: Kyurem|Pressure
|move|p2a: Skeledirge|Slack Off|p2a: Skeledirge
|-heal|p2a: Skeledirge|100/100
|
|-fieldend|move: Grassy Terrain
|upkeep
|turn|13
|inactive|Asuron has 90 seconds left.
|inactive|jtremes has 90 seconds left.
|
|t:|1759034203
|switch|p2a: Ting-Lu|Ting-Lu|23/100
|-ability|p2a: Ting-Lu|Vessel of Ruin
|move|p1a: Kyurem|Iron Head|p2a: Ting-Lu
|-damage|p2a: Ting-Lu|6/100
|
|-heal|p2a: Ting-Lu|12/100|[from] item: Leftovers
|upkeep
|turn|14
|
|t:|1759034216
|move|p1a: Kyurem|Icicle Spear|p2a: Ting-Lu
|-supereffective|p2a: Ting-Lu
|-damage|p2a: Ting-Lu|0 fnt
|faint|p2a: Ting-Lu
|-hitcount|p2: Ting-Lu|1
|
|upkeep
|inactive|jtremes has 90 seconds left.
|
|t:|1759034231
|switch|p2a: Keldeo|Keldeo-Resolute|100/100
|turn|15
|inactive|Asuron has 90 seconds left.
|
|t:|1759034239
|switch|p1a: Meowscarada|Meowscarada, F|94/100 brn
|move|p2a: Keldeo|Substitute|p2a: Keldeo
|-start|p2a: Keldeo|Substitute
|-damage|p2a: Keldeo|76/100
|
|-heal|p2a: Keldeo|82/100|[from] item: Leftovers
|-damage|p1a: Meowscarada|88/100 brn|[from] brn
|upkeep
|turn|16
|
|t:|1759034250
|move|p1a: Meowscarada|Flower Trick|p2a: Keldeo
|-start|p1a: Meowscarada|typechange|Grass|[from] ability: Protean
|-supereffective|p2a: Keldeo
|-crit|p2a: Keldeo
|-end|p2a: Keldeo|Substitute
|move|p2a: Keldeo|Secret Sword|p1a: Meowscarada
|-crit|p1a: Meowscarada
|-damage|p1a: Meowscarada|9/100 brn
|
|-heal|p2a: Keldeo|88/100|[from] item: Leftovers
|-damage|p1a: Meowscarada|3/100 brn|[from] brn
|upkeep
|turn|17
|
|t:|1759034264
|switch|p2a: Rillaboom|Rillaboom, F|100/100
|-fieldstart|move: Grassy Terrain|[from] ability: Grassy Surge|[of] p2a: Rillaboom
|move|p1a: Meowscarada|Flower Trick|p2a: Rillaboom
|-resisted|p2a: Rillaboom
|-crit|p2a: Rillaboom
|-damage|p2a: Rillaboom|83/100
|
|-heal|p1a: Meowscarada|9/100 brn|[from] Grassy Terrain
|-heal|p2a: Rillaboom|89/100|[from] Grassy Terrain
|-damage|p1a: Meowscarada|3/100 brn|[from] brn
|upkeep
|turn|18
|inactive|Asuron has 90 seconds left.
|
|t:|1759034289
|move|p1a: Meowscarada|Flower Trick|p2a: Rillaboom
|-resisted|p2a: Rillaboom
|-crit|p2a: Rillaboom
|-damage|p2a: Rillaboom|73/100
|move|p2a: Rillaboom|U-turn|p1a: Meowscarada
|-supereffective|p1a: Meowscarada
|-damage|p1a: Meowscarada|0 fnt
|faint|p1a: Meowscarada
|
|t:|1759034298
|switch|p2a: Keldeo|Keldeo-Resolute|88/100|[from] U-turn
|
|-heal|p2a: Keldeo|94/100|[from] Grassy Terrain
|-heal|p2a: Keldeo|100/100|[from] item: Leftovers
|upkeep
|
|t:|1759034307
|switch|p1a: Corviknight|Corviknight, M, shiny|100/100
|turn|19
|inactive|Asuron has 90 seconds left.
|
|t:|1759034312
|switch|p2a: Skeledirge|Skeledirge, F, tera:Fairy|100/100
|move|p1a: Corviknight|Brave Bird|p2a: Skeledirge
|-damage|p2a: Skeledirge|71/100
|-damage|p1a: Corviknight|90/100|[from] Recoil
|
|-heal|p2a: Skeledirge|77/100|[from] Grassy Terrain
|upkeep
|turn|20
|inactive|jtremes has 120 seconds left.
|
|t:|1759034326
|switch|p1a: Hatterene|Hatterene, F|100/100
|switch|p2a: Hawlucha|Hawlucha, M|100/100
|-enditem|p2a: Hawlucha|Grassy Seed
|-boost|p2a: Hawlucha|def|1|[from] item: Grassy Seed
|
|upkeep
|turn|21
|
|t:|1759034335
|move|p2a: Hawlucha|Acrobatics|p1a: Hatterene
|-damage|p1a: Hatterene|40/100
|move|p1a: Hatterene|Calm Mind|p1a: Hatterene
|-boost|p1a: Hatterene|spa|1
|-boost|p1a: Hatterene|spd|1
|
|-heal|p1a: Hatterene|46/100|[from] Grassy Terrain
|upkeep
|turn|22
|
|t:|1759034346
|switch|p1a: Corviknight|Corviknight, M, shiny|90/100
|move|p2a: Hawlucha|Acrobatics|p1a: Corviknight
|-resisted|p1a: Corviknight
|-damage|p1a: Corviknight|70/100
|-damage|p2a: Hawlucha|84/100|[from] item: Rocky Helmet|[of] p1a: Corviknight
|
|upkeep
|turn|23
|
|t:|1759034356
|move|p2a: Hawlucha|Swords Dance|p2a: Hawlucha
|-boost|p2a: Hawlucha|atk|2
|move|p1a: Corviknight|Brave Bird|p2a: Hawlucha
|-supereffective|p2a: Hawlucha
|-damage|p2a: Hawlucha|17/100
|-damage|p1a: Corviknight|53/100|[from] Recoil
|
|upkeep
|turn|24
|
|t:|1759034365
|move|p2a: Hawlucha|Close Combat|p1a: Corviknight
|-damage|p1a: Corviknight|0 fnt
|-unboost|p2a: Hawlucha|def|1
|-unboost|p2a: Hawlucha|spd|1
|-damage|p2a: Hawlucha|0 fnt|[from] item: Rocky Helmet|[of] p1a: Corviknight
|faint|p1a: Corviknight
|faint|p2a: Hawlucha
|
|-fieldend|move: Grassy Terrain
|upkeep
|
|t:|1759034378
|switch|p2a: Skeledirge|Skeledirge, F, tera:Fairy|77/100
|switch|p1a: Hatterene|Hatterene, F|46/100
|turn|25
|
|t:|1759034385
|move|p2a: Skeledirge|Hex|p1a: Hatterene
|-supereffective|p1a: Hatterene
|-damage|p1a: Hatterene|0 fnt
|faint|p1a: Hatterene
|
|upkeep
|
|t:|1759034392
|switch|p1a: Kyurem|Kyurem|100/100
|-ability|p1a: Kyurem|Pressure
|turn|26
|inactive|jtremes has 120 seconds left.
|
|t:|1759034426
|move|p1a: Kyurem|Iron Head|p2a: Skeledirge
|-supereffective|p2a: Skeledirge
|-damage|p2a: Skeledirge|29/100
|move|p2a: Skeledirge|Will-O-Wisp|p1a: Kyurem
|-status|p1a: Kyurem|brn
|
|-damage|p1a: Kyurem|94/100 brn|[from] brn
|upkeep
|turn|27
|inactive|Asuron has 120 seconds left.
|
|t:|1759034437
|switch|p2a: Rillaboom|Rillaboom, F|73/100
|-fieldstart|move: Grassy Terrain|[from] ability: Grassy Surge|[of] p2a: Rillaboom
|move|p1a: Kyurem|Icicle Spear|p2a: Rillaboom
|-supereffective|p2a: Rillaboom
|-damage|p2a: Rillaboom|63/100
|-supereffective|p2a: Rillaboom
|-damage|p2a: Rillaboom|53/100
|-supereffective|p2a: Rillaboom
|-damage|p2a: Rillaboom|42/100
|-supereffective|p2a: Rillaboom
|-damage|p2a: Rillaboom|32/100
|-hitcount|p2a: Rillaboom|4
|
|-heal|p1a: Kyurem|100/100 brn|[from] Grassy Terrain
|-heal|p2a: Rillaboom|39/100|[from] Grassy Terrain
|-damage|p1a: Kyurem|94/100 brn|[from] brn
|upkeep
|turn|28
|inactive|Asuron has 120 seconds left.
|
|t:|1759034456
|move|p1a: Kyurem|Icicle Spear|p2a: Rillaboom
|-supereffective|p2a: Rillaboom
|-damage|p2a: Rillaboom|27/100
|-supereffective|p2a: Rillaboom
|-damage|p2a: Rillaboom|16/100
|-supereffective|p2a: Rillaboom
|-damage|p2a: Rillaboom|6/100
|-supereffective|p2a: Rillaboom
|-damage|p2a: Rillaboom|0 fnt
|faint|p2a: Rillaboom
|-hitcount|p2: Rillaboom|4
|
|-heal|p1a: Kyurem|100/100 brn|[from] Grassy Terrain
|-damage|p1a: Kyurem|94/100 brn|[from] brn
|upkeep
|
|t:|1759034466
|switch|p2a: Keldeo|Keldeo-Resolute|100/100
|turn|29
|inactive|Asuron has 120 seconds left.
|
|t:|1759034494
|move|p2a: Keldeo|Substitute|p2a: Keldeo
|-start|p2a: Keldeo|Substitute
|-damage|p2a: Keldeo|76/100
|move|p1a: Kyurem|Scale Shot|p2a: Keldeo
|-activate|p2a: Keldeo|move: Substitute|[damage]
|-activate|p2a: Keldeo|move: Substitute|[damage]
|-activate|p2a: Keldeo|move: Substitute|[damage]
|-end|p2a: Keldeo|Substitute
|-damage|p2a: Keldeo|69/100
|-hitcount|p2a: Keldeo|5
|-unboost|p1a: Kyurem|def|1
|-boost|p1a: Kyurem|spe|1
|
|-heal|p1a: Kyurem|100/100 brn|[from] Grassy Terrain
|-heal|p2a: Keldeo|75/100|[from] Grassy Terrain
|-heal|p2a: Keldeo|81/100|[from] item: Leftovers
|-damage|p1a: Kyurem|94/100 brn|[from] brn
|upkeep
|turn|30
|inactive|Asuron has 90 seconds left.
|
|t:|1759034517
|move|p1a: Kyurem|Scale Shot|p2a: Keldeo
|-damage|p2a: Keldeo|74/100
|-damage|p2a: Keldeo|67/100
|-damage|p2a: Keldeo|59/100
|-damage|p2a: Keldeo|52/100
|-hitcount|p2a: Keldeo|4
|-unboost|p1a: Kyurem|def|1
|-boost|p1a: Kyurem|spe|1
|move|p2a: Keldeo|Secret Sword|p1a: Kyurem
|-supereffective|p1a: Kyurem
|-damage|p1a: Kyurem|0 fnt
|faint|p1a: Kyurem
|
|-heal|p2a: Keldeo|59/100|[from] Grassy Terrain
|-heal|p2a: Keldeo|65/100|[from] item: Leftovers
|upkeep
|inactive|Asuron has 90 seconds left.
|
|t:|1759034534
|switch|p1a: Great Tusk|Great Tusk|100/100
|turn|31
|
|t:|1759034552
|move|p2a: Keldeo|Surf|p1a: Great Tusk
|-supereffective|p1a: Great Tusk
|-damage|p1a: Great Tusk|21/100
|move|p1a: Great Tusk|Close Combat|p2a: Keldeo
|-damage|p2a: Keldeo|0 fnt
|-unboost|p1a: Great Tusk|def|1
|-unboost|p1a: Great Tusk|spd|1
|faint|p2a: Keldeo
|
|-heal|p1a: Great Tusk|27/100|[from] Grassy Terrain
|upkeep
|inactive|jtremes has 120 seconds left.
|
|t:|1759034581
|switch|p2a: Skeledirge|Skeledirge, F, tera:Fairy|29/100
|turn|32
|
|t:|1759034587
|move|p1a: Great Tusk|Headlong Rush|p2a: Skeledirge
|-damage|p2a: Skeledirge|0 fnt
|-unboost|p1a: Great Tusk|def|1
|-unboost|p1a: Great Tusk|spd|1
|faint|p2a: Skeledirge
|
|win|Asuron
|raw|Asuron's rating: 1334 &rarr; <strong>1357</strong><br />(+23 for winning)
|raw|jtremes's rating: 1391 &rarr; <strong>1368</strong><br />(-23 for losing)
|l|☆jtremes
|player|p2|
|l|☆Asuron
|player|p1|
