|j|☆Infirmum
|j|☆fabyanwet
|t:|1759033666
|gametype|singles
|player|p1|Infirmum|roxie|1096
|player|p2|fabyanwet|red|1086
|gen|9
|tier|[Gen 9] OU
|rated|
|rule|HP Percentage Mod: HP is shown in percentages
|rule|Endless Battle Clause: Forcing endless battles is banned
|rule|Species Clause: Limit one of each Pokémon
|rule|OHKO Clause: OHKO moves are banned
|rule|Evasion Items Clause: Evasion items are banned
|rule|Evasion Moves Clause: Evasion moves are banned
|rule|Evasion Abilities Clause: Evasion abilities are banned
|rule|Sleep Moves Clause: Sleep-inducing moves are banned
|clearpoke
|poke|p1|Mismagius, M|
|poke|p1|Comfey, F|
|poke|p1|Sneasel, M|
|poke|p1|Incineroar, F|
|poke|p1|Medicham, M|
|poke|p1|Oricorio-Sensu, F|
|poke|p2|Charizard, M|
|poke|p2|Lucario, F|
|poke|p2|Alcremie-Lemon-Cream, F|
|poke|p2|Volcanion|
|poke|p2|Eelektross, F|
|poke|p2|Ditto|
|teampreview
|
|t:|1759033672
|teamsize|p1|6
|teamsize|p2|6
|start
|switch|p1a: Medicham|Medicham, M|100/100
|switch|p2a: Alcremie|Alcremie-Lemon-Cream, F, shiny|100/100
|turn|1
|
|t:|1759033698
|switch|p1a: Mismagius|Mismagius, M|100/100
|move|p2a: Alcremie|Acid Armor|p2a: Alcremie
|-boost|p2a: Alcremie|def|2
|
|upkeep
|turn|2
|
|t:|1759033705
|move|p1a: Mismagius|Shadow Ball|p2a: Alcremie
|-damage|p2a: Alcremie|72/100
|move|p2a: Alcremie|Calm Mind|p2a: Alcremie
|-boost|p2a: Alcremie|spa|1
|-boost|p2a: Alcremie|spd|1
|
|-heal|p2a: Alcremie|78/100|[from] item: Leftovers
|upkeep
|turn|3
|
|t:|1759033715
|move|p1a: Mismagius|Shadow Ball|p2a: Alcremie
|-damage|p2a: Alcremie|59/100
|move|p2a: Alcremie|Calm Mind|p2a: Alcremie
|-boost|p2a: Alcremie|spa|1
|-boost|p2a: Alcremie|spd|1
|
|-heal|p2a: Alcremie|65/100|[from] item: Leftovers
|upkeep
|turn|4
|
|t:|1759033737
|switch|p1a: Comfey|Comfey, F|100/100
|move|p2a: Alcremie|Draining Kiss|p1a: Comfey
|-damage|p1a: Comfey|61/100
|-heal|p2a: Alcremie|91/100|[from] drain|[of] p1a: Comfey
|
|-heal|p2a: Alcremie|97/100|[from] item: Leftovers
|upkeep
|turn|5
|
|t:|1759033746
|move|p1a: Comfey|Draining Kiss|p2a: Alcremie
|-damage|p2a: Alcremie|87/100
|-heal|p1a: Comfey|70/100|[from] drain|[of] p2a: Alcremie
|move|p2a: Alcremie|Calm Mind|p2a: Alcremie
|-boost|p2a: Alcremie|spa|1
|-boost|p2a: Alcremie|spd|1
|
|-heal|p2a: Alcremie|93/100|[from] item: Leftovers
|upkeep
|turn|6
|
|t:|1759033755
|move|p1a: Comfey|Calm Mind|p1a: Comfey
|-boost|p1a: Comfey|spa|1
|-boost|p1a: Comfey|spd|1
|move|p2a: Alcremie|Calm Mind|p2a: Alcremie
|-boost|p2a: Alcremie|spa|1
|-boost|p2a: Alcremie|spd|1
|
|-heal|p2a: Alcremie|99/100|[from] item: Leftovers
|upkeep
|turn|7
|
|t:|1759033764
|move|p1a: Comfey|Calm Mind|p1a: Comfey
|-boost|p1a: Comfey|spa|1
|-boost|p1a: Comfey|spd|1
|move|p2a: Alcremie|Draining Kiss|p1a: Comfey
|-damage|p1a: Comfey|42/100
|-heal|p2a: Alcremie|100/100|[from] drain|[of] p1a: Comfey
|
|upkeep
|turn|8
|
|t:|1759033774
|move|p1a: Comfey|Calm Mind|p1a: Comfey
|-boost|p1a: Comfey|spa|1
|-boost|p1a: Comfey|spd|1
|move|p2a: Alcremie|Draining Kiss|p1a: Comfey
|-damage|p1a: Comfey|18/100
|
|upkeep
|turn|9
|
|t:|1759033780
|move|p1a: Comfey|Draining Kiss|p2a: Alcremie
|-damage|p2a: Alcremie|85/100
|-heal|p1a: Comfey|31/100|[from] drain|[of] p2a: Alcremie
|move|p2a: Alcremie|Draining Kiss|p1a: Comfey
|-damage|p1a: Comfey|6/100
|-heal|p2a: Alcremie|100/100|[from] drain|[of] p1a: Comfey
|
|upkeep
|turn|10
|
|t:|1759033791
|move|p1a: Comfey|Giga Drain|p2a: Alcremie
|-damage|p2a: Alcremie|85/100
|-heal|p1a: Comfey|15/100|[from] drain|[of] p2a: Alcremie
|move|p2a: Alcremie|Draining Kiss|p1a: Comfey
|-damage|p1a: Comfey|0 fnt
|-heal|p2a: Alcremie|95/100|[from] drain|[of] p1a: Comfey
|faint|p1a: Comfey
|
|-heal|p2a: Alcremie|100/100|[from] item: Leftovers
|upkeep
|-message|Infirmum forfeited.
|
|win|fabyanwet
|raw|Infirmum's rating: 1096 &rarr; <strong>1071</strong><br />(-25 for losing)
|raw|fabyanwet's rating: 1086 &rarr; <strong>1114</strong><br />(+28 for winning)
|l|☆Infirmum
|player|p1|
|l|☆fabyanwet
|player|p2|
