|j|☆BearFirst2
|j|☆The Baljeatles
|t:|1758982992
|gametype|singles
|player|p1|BearFirst2|169|1380
|player|p2|The Baljeatles|piers|1388
|gen|9
|tier|[Gen 9] OU
|rated|
|rule|HP Percentage Mod: HP is shown in percentages
|rule|Endless Battle Clause: Forcing endless battles is banned
|rule|Species Clause: Limit one of each Pokémon
|rule|OHKO Clause: OHKO moves are banned
|rule|Evasion Items Clause: Evasion items are banned
|rule|Evasion Moves Clause: Evasion moves are banned
|rule|Evasion Abilities Clause: Evasion abilities are banned
|rule|Sleep Moves Clause: Sleep-inducing moves are banned
|clearpoke
|poke|p1|Samurott-Hisui, F|
|poke|p1|Mamoswine, F|
|poke|p1|Volcanion|
|poke|p1|Hydrapple, M|
|poke|p1|Gholdengo|
|poke|p1|Landorus-Therian, M|
|poke|p2|Landorus-Therian, M|
|poke|p2|Samurott-Hisui, F|
|poke|p2|Pecharunt|
|poke|p2|Darkrai|
|poke|p2|Kingambit, M|
|poke|p2|Zamazenta-*|
|teampreview
|inactive|Battle timer is ON: inactive players will automatically lose when time's up. (requested by The Baljeatles)
|inactive|BearFirst2 also wants the timer to be on.
|
|t:|1758983014
|teamsize|p1|6
|teamsize|p2|6
|start
|switch|p1a: Ground Cat|Landorus-Therian, M|100/100
|switch|p2a: Darkrai|Darkrai|100/100
|-ability|p1a: Ground Cat|Intimidate|boost
|-unboost|p2a: Darkrai|atk|1
|turn|1
|
|t:|1758983018
|move|p1a: Ground Cat|U-turn|p2a: Darkrai
|-supereffective|p2a: Darkrai
|-damage|p2a: Darkrai|28/100
|
|t:|1758983022
|switch|p1a: Water-Fire|Volcanion|100/100|[from] U-turn
|move|p2a: Darkrai|Ice Beam|p1a: Water-Fire
|-resisted|p1a: Water-Fire
|-damage|p1a: Water-Fire|92/100
|-status|p1a: Water-Fire|frz
|
|upkeep
|turn|2
|
|t:|1758983039
|switch|p2a: Landorus|Landorus-Therian, M|100/100
|-ability|p2a: Landorus|Intimidate|boost
|-unboost|p1a: Water-Fire|atk|1
|cant|p1a: Water-Fire|frz
|
|upkeep
|turn|3
|
|t:|1758983044
|switch|p1a: Ground Cat|Landorus-Therian, M|100/100
|-ability|p1a: Ground Cat|Intimidate|boost
|-unboost|p2a: Landorus|atk|1
|move|p2a: Landorus|Earthquake|p1a: Ground Cat
|-immune|p1a: Ground Cat
|
|upkeep
|turn|4
|
|t:|1758983060
|switch|p1a: Great Pig|Mamoswine, F|100/100
|move|p2a: Landorus|Stealth Rock|p1a: Great Pig
|-sidestart|p1: BearFirst2|move: Stealth Rock
|
|upkeep
|turn|5
|
|t:|1758983068
|move|p1a: Great Pig|Ice Shard|p2a: Landorus
|-supereffective|p2a: Landorus
|-damage|p2a: Landorus|0 fnt
|faint|p2a: Landorus
|-damage|p1a: Great Pig|91/100|[from] item: Life Orb
|
|upkeep
|
|t:|1758983091
|switch|p2a: Samurott|Samurott-Hisui, F|100/100
|turn|6
|
|t:|1758983100
|switch|p1a: Water-Fire|Volcanion|92/100 frz
|move|p2a: Samurott|Knock Off|p1a: Water-Fire
|-damage|p1a: Water-Fire|51/100 frz
|-enditem|p1a: Water-Fire|Heavy-Duty Boots|[from] move: Knock Off|[of] p2a: Samurott
|
|upkeep
|turn|7
|
|t:|1758983104
|move|p2a: Samurott|Ceaseless Edge|p1a: Water-Fire
|-crit|p1a: Water-Fire
|-damage|p1a: Water-Fire|0 fnt
|-sidestart|p1: BearFirst2|Spikes
|faint|p1a: Water-Fire
|
|upkeep
|c|☆BearFirst2|huh
|
|t:|1758983114
|switch|p1a: Hydrapple|Hydrapple, M|100/100
|-damage|p1a: Hydrapple|88/100|[from] Stealth Rock
|-damage|p1a: Hydrapple|76/100|[from] Spikes
|turn|8
|c|☆The Baljeatles|crit didn't rly matter anyways
|
|t:|1758983126
|move|p2a: Samurott|Knock Off|p1a: Hydrapple
|-damage|p1a: Hydrapple|50/100
|-damage|p2a: Samurott|84/100|[from] item: Rocky Helmet|[of] p1a: Hydrapple
|-enditem|p1a: Hydrapple|Rocky Helmet|[from] move: Knock Off|[of] p2a: Samurott
|move|p1a: Hydrapple|Giga Drain|p2a: Samurott
|-supereffective|p2a: Samurott
|-damage|p2a: Samurott|22/100
|-heal|p1a: Hydrapple|75/100|[from] drain|[of] p2a: Samurott
|
|upkeep
|turn|9
|
|t:|1758983140
|switch|p2a: Pecharunt|Pecharunt|100/100
|move|p1a: Hydrapple|Giga Drain|p2a: Pecharunt
|-resisted|p2a: Pecharunt
|-damage|p2a: Pecharunt|84/100
|-heal|p1a: Hydrapple|83/100|[from] drain|[of] p2a: Pecharunt
|
|upkeep
|turn|10
|
|t:|1758983147
|switch|p1a: Gholdengo|Gholdengo|100/100
|-damage|p1a: Gholdengo|94/100|[from] Stealth Rock
|-item|p1a: Gholdengo|Air Balloon
|move|p2a: Pecharunt|Malignant Chain|p1a: Gholdengo
|-immune|p1a: Gholdengo
|
|upkeep
|turn|11
|
|t:|1758983158
|switch|p2a: Samurott|Samurott-Hisui, F|22/100
|move|p1a: Gholdengo|Thunder Wave|p2a: Samurott
|-status|p2a: Samurott|par
|
|upkeep
|turn|12
|
|t:|1758983171
|switch|p1a: Hydrapple|Hydrapple, M|100/100
|-damage|p1a: Hydrapple|88/100|[from] Stealth Rock
|-damage|p1a: Hydrapple|76/100|[from] Spikes
|move|p2a: Samurott|Aqua Jet|p1a: Hydrapple
|-resisted|p1a: Hydrapple
|-damage|p1a: Hydrapple|73/100
|
|upkeep
|turn|13
|
|t:|1758983180
|move|p1a: Hydrapple|Giga Drain|p2a: Samurott
|-supereffective|p2a: Samurott
|-damage|p2a: Samurott|0 fnt
|-heal|p1a: Hydrapple|82/100|[from] drain|[of] p2a: Samurott
|faint|p2a: Samurott
|
|upkeep
|
|t:|1758983186
|switch|p2a: Darkrai|Darkrai|28/100
|turn|14
|inactive|BearFirst2 has 120 seconds left.
|
|t:|1758983227
|switch|p1a: Samurott|Samurott-Hisui, F|100/100
|move|p2a: Darkrai|Ice Beam|p1a: Samurott
|-resisted|p1a: Samurott
|-damage|p1a: Samurott|79/100
|
|upkeep
|turn|15
|inactive|BearFirst2 has 90 seconds left.
|
|t:|1758983259
|switch|p2a: Zamazenta|Zamazenta|100/100
|-ability|p2a: Zamazenta|Dauntless Shield|boost
|-boost|p2a: Zamazenta|def|1
|move|p1a: Samurott|Aqua Jet|p2a: Zamazenta
|-damage|p2a: Zamazenta|91/100
|
|-heal|p2a: Zamazenta|97/100|[from] item: Leftovers
|upkeep
|turn|16
|
|t:|1758983265
|switch|p1a: Hydrapple|Hydrapple, M|100/100
|-damage|p1a: Hydrapple|88/100|[from] Stealth Rock
|-damage|p1a: Hydrapple|76/100|[from] Spikes
|move|p2a: Zamazenta|Iron Defense|p2a: Zamazenta
|-boost|p2a: Zamazenta|def|2
|
|-heal|p2a: Zamazenta|100/100|[from] item: Leftovers
|upkeep
|turn|17
|
|t:|1758983276
|-terastallize|p1a: Hydrapple|Fairy
|move|p2a: Zamazenta|Iron Defense|p2a: Zamazenta
|-boost|p2a: Zamazenta|def|2
|move|p1a: Hydrapple|Giga Drain|p2a: Zamazenta
|-damage|p2a: Zamazenta|73/100
|-heal|p1a: Hydrapple|87/100|[from] drain|[of] p2a: Zamazenta
|
|-heal|p2a: Zamazenta|79/100|[from] item: Leftovers
|upkeep
|turn|18
|
|t:|1758983285
|move|p2a: Zamazenta|Body Press|p1a: Hydrapple
|-resisted|p1a: Hydrapple
|-damage|p1a: Hydrapple|49/100
|move|p1a: Hydrapple|Fickle Beam|p2a: Zamazenta
|-damage|p2a: Zamazenta|52/100
|
|-heal|p2a: Zamazenta|58/100|[from] item: Leftovers
|upkeep
|turn|19
|
|t:|1758983291
|move|p2a: Zamazenta|Body Press|p1a: Hydrapple
|-resisted|p1a: Hydrapple
|-damage|p1a: Hydrapple|11/100
|move|p1a: Hydrapple|Giga Drain|p2a: Zamazenta
|-damage|p2a: Zamazenta|29/100
|-heal|p1a: Hydrapple|23/100|[from] drain|[of] p2a: Zamazenta
|
|-heal|p2a: Zamazenta|35/100|[from] item: Leftovers
|upkeep
|turn|20
|inactive|BearFirst2 has 120 seconds left.
|
|t:|1758983299
|switch|p1a: Gholdengo|Gholdengo|94/100
|-damage|p1a: Gholdengo|88/100|[from] Stealth Rock
|-item|p1a: Gholdengo|Air Balloon
|move|p2a: Zamazenta|Body Press|p1a: Gholdengo
|-immune|p1a: Gholdengo
|
|-heal|p2a: Zamazenta|41/100|[from] item: Leftovers
|upkeep
|turn|21
|
|t:|1758983312
|-terastallize|p2a: Zamazenta|Fire
|move|p2a: Zamazenta|Crunch|p1a: Gholdengo
|-supereffective|p1a: Gholdengo
|-damage|p1a: Gholdengo|44/100
|-enditem|p1a: Gholdengo|Air Balloon
|move|p1a: Gholdengo|Thunder Wave|p2a: Zamazenta
|-status|p2a: Zamazenta|par
|
|-heal|p2a: Zamazenta|48/100 par|[from] item: Leftovers
|upkeep
|turn|22
|
|t:|1758983321
|move|p1a: Gholdengo|Recover|p1a: Gholdengo
|-heal|p1a: Gholdengo|94/100
|move|p2a: Zamazenta|Crunch|p1a: Gholdengo
|-supereffective|p1a: Gholdengo
|-damage|p1a: Gholdengo|54/100
|
|-heal|p2a: Zamazenta|54/100 par|[from] item: Leftovers
|upkeep
|turn|23
|
|t:|1758983327
|move|p1a: Gholdengo|Recover|p1a: Gholdengo
|-heal|p1a: Gholdengo|100/100
|move|p2a: Zamazenta|Crunch|p1a: Gholdengo
|-supereffective|p1a: Gholdengo
|-damage|p1a: Gholdengo|61/100
|-unboost|p1a: Gholdengo|def|1
|
|-heal|p2a: Zamazenta|60/100 par|[from] item: Leftovers
|upkeep
|turn|24
|c|☆BearFirst2|huh
|
|t:|1758983347
|move|p1a: Gholdengo|Hex|p2a: Zamazenta
|-damage|p2a: Zamazenta|12/100 par
|move|p2a: Zamazenta|Crunch|p1a: Gholdengo
|-supereffective|p1a: Gholdengo
|-damage|p1a: Gholdengo|0 fnt
|faint|p1a: Gholdengo
|
|-heal|p2a: Zamazenta|18/100 par|[from] item: Leftovers
|upkeep
|
|t:|1758983364
|switch|p1a: Great Pig|Mamoswine, F|91/100
|-damage|p1a: Great Pig|78/100|[from] Stealth Rock
|-damage|p1a: Great Pig|66/100|[from] Spikes
|turn|25
|
|t:|1758983370
|move|p1a: Great Pig|Earthquake|p2a: Zamazenta
|-supereffective|p2a: Zamazenta
|-damage|p2a: Zamazenta|0 fnt
|faint|p2a: Zamazenta
|-damage|p1a: Great Pig|56/100|[from] item: Life Orb
|
|upkeep
|
|t:|1758983381
|switch|p2a: Kingambit|Kingambit, M|100/100
|-activate|p2a: Kingambit|ability: Supreme Overlord
|-start|p2a: Kingambit|fallen3|[silent]
|turn|26
|
|t:|1758983385
|move|p2a: Kingambit|Sucker Punch|p1a: Great Pig
|-damage|p1a: Great Pig|0 fnt
|faint|p1a: Great Pig
|
|upkeep
|
|t:|1758983391
|switch|p1a: Samurott|Samurott-Hisui, F|79/100
|turn|27
|
|t:|1758983397
|-end|p2a: Kingambit|fallen3|[silent]
|switch|p2a: Pecharunt|Pecharunt|84/100
|move|p1a: Samurott|Sacred Sword|p2a: Pecharunt
|-immune|p2a: Pecharunt
|
|upkeep
|turn|28
|
|t:|1758983404
|move|p2a: Pecharunt|Malignant Chain|p1a: Samurott
|-damage|p1a: Samurott|38/100
|-status|p1a: Samurott|tox
|-start|p1a: Samurott|confusion|[from] ability: Poison Puppeteer|[of] p2a: Pecharunt
|-activate|p1a: Samurott|confusion
|-damage|p1a: Samurott|23/100 tox|[from] confusion
|
|-damage|p1a: Samurott|16/100 tox|[from] psn
|upkeep
|turn|29
|
|t:|1758983417
|move|p2a: Pecharunt|Parting Shot|p1a: Samurott
|-unboost|p1a: Samurott|atk|1
|-unboost|p1a: Samurott|spa|1
|c|☆BearFirst2|huh
|
|t:|1758983419
|switch|p2a: Kingambit|Kingambit, M|100/100|[from] Parting Shot
|-activate|p2a: Kingambit|ability: Supreme Overlord
|-start|p2a: Kingambit|fallen3|[silent]
|-end|p1a: Samurott|confusion
|move|p1a: Samurott|Ceaseless Edge|p2a: Kingambit
|-resisted|p2a: Kingambit
|-damage|p2a: Kingambit|87/100
|-sidestart|p2: The Baljeatles|Spikes
|
|-damage|p1a: Samurott|4/100 tox|[from] psn
|upkeep
|turn|30
|
|t:|1758983426
|switch|p1a: Ground Cat|Landorus-Therian, M|100/100
|-damage|p1a: Ground Cat|88/100|[from] Stealth Rock
|-ability|p1a: Ground Cat|Intimidate|boost
|-unboost|p2a: Kingambit|atk|1
|move|p2a: Kingambit|Sucker Punch||[still]
|-fail|p2a: Kingambit
|
|upkeep
|turn|31
|
|t:|1758983435
|switch|p1a: Samurott|Samurott-Hisui, F|4/100 tox
|-end|p2a: Kingambit|fallen3|[silent]
|switch|p2a: Pecharunt|Pecharunt|84/100
|
|-damage|p1a: Samurott|0 fnt|[from] psn
|faint|p1a: Samurott
|upkeep
|
|t:|1758983439
|switch|p1a: Ground Cat|Landorus-Therian, M|88/100
|-damage|p1a: Ground Cat|76/100|[from] Stealth Rock
|-ability|p1a: Ground Cat|Intimidate|boost
|-unboost|p2a: Pecharunt|atk|1
|turn|32
|
|t:|1758983443
|move|p1a: Ground Cat|Earthquake|p2a: Pecharunt
|-supereffective|p2a: Pecharunt
|-damage|p2a: Pecharunt|21/100
|move|p2a: Pecharunt|Parting Shot|p1a: Ground Cat
|-unboost|p1a: Ground Cat|atk|1
|-unboost|p1a: Ground Cat|spa|1
|
|t:|1758983452
|switch|p2a: Kingambit|Kingambit, M|87/100|[from] Parting Shot
|-damage|p2a: Kingambit|75/100|[from] Spikes
|-activate|p2a: Kingambit|ability: Supreme Overlord
|-start|p2a: Kingambit|fallen3|[silent]
|
|upkeep
|turn|33
|
|t:|1758983456
|switch|p1a: Hydrapple|Hydrapple, M, tera:Fairy|56/100
|-damage|p1a: Hydrapple|44/100|[from] Stealth Rock
|-damage|p1a: Hydrapple|32/100|[from] Spikes
|move|p2a: Kingambit|Kowtow Cleave|p1a: Hydrapple
|-resisted|p1a: Hydrapple
|-damage|p1a: Hydrapple|13/100
|
|upkeep
|turn|34
|
|t:|1758983466
|move|p2a: Kingambit|Sucker Punch|p1a: Hydrapple
|-resisted|p1a: Hydrapple
|-damage|p1a: Hydrapple|0 fnt
|faint|p1a: Hydrapple
|
|upkeep
|
|t:|1758983468
|switch|p1a: Ground Cat|Landorus-Therian, M|76/100
|-damage|p1a: Ground Cat|64/100|[from] Stealth Rock
|-ability|p1a: Ground Cat|Intimidate|boost
|-unboost|p2a: Kingambit|atk|1
|turn|35
|
|t:|1758983476
|-end|p2a: Kingambit|fallen3|[silent]
|switch|p2a: Pecharunt|Pecharunt|21/100
|move|p1a: Ground Cat|Earthquake|p2a: Pecharunt
|-supereffective|p2a: Pecharunt
|-damage|p2a: Pecharunt|0 fnt
|faint|p2a: Pecharunt
|
|upkeep
|
|t:|1758983484
|switch|p2a: Darkrai|Darkrai|28/100
|turn|36
|
|t:|1758983489
|move|p1a: Ground Cat|Earthquake|p2a: Darkrai
|-damage|p2a: Darkrai|0 fnt
|faint|p2a: Darkrai
|
|upkeep
|
|t:|1758983491
|switch|p2a: Kingambit|Kingambit, M|75/100
|-damage|p2a: Kingambit|63/100|[from] Spikes
|-activate|p2a: Kingambit|ability: Supreme Overlord
|-start|p2a: Kingambit|fallen5|[silent]
|turn|37
|
|t:|1758983493
|move|p2a: Kingambit|Sucker Punch|p1a: Ground Cat
|-crit|p1a: Ground Cat
|-damage|p1a: Ground Cat|0 fnt
|faint|p1a: Ground Cat
|
|win|The Baljeatles
|raw|BearFirst2's rating: 1380 &rarr; <strong>1360</strong><br />(-20 for losing)
|raw|The Baljeatles's rating: 1388 &rarr; <strong>1408</strong><br />(+20 for winning)
|c|☆The Baljeatles|gg
|c|☆BearFirst2|huh
|c|☆BearFirst2|gg
|c|☆The Baljeatles|have a nice one
|l|☆The Baljeatles
|player|p2|
|c|☆BearFirst2|i dont think so
