|j|☆kebab.ixx
|j|☆PrincessGardevoir
|t:|1759035363
|gametype|singles
|player|p1|kebab.ixx|101|1648
|player|p2|PrincessGardevoir|yancy|1722
|gen|9
|tier|[Gen 9] OU
|rated|
|rule|HP Percentage Mod: HP is shown in percentages
|rule|Endless Battle Clause: Forcing endless battles is banned
|rule|Species Clause: Limit one of each Pokémon
|rule|OHKO Clause: OHKO moves are banned
|rule|Evasion Items Clause: Evasion items are banned
|rule|Evasion Moves Clause: Evasion moves are banned
|rule|Evasion Abilities Clause: Evasion abilities are banned
|rule|Sleep Moves Clause: Sleep-inducing moves are banned
|clearpoke
|poke|p1|Kleavor, F|
|poke|p1|Iron Crown|
|poke|p1|Cinderace, F|
|poke|p1|Pecharunt|
|poke|p1|Dragonite, F|
|poke|p1|Garchomp, F|
|poke|p2|Pecharunt|
|poke|p2|Darkrai|
|poke|p2|Zapdos|
|poke|p2|Zamazenta-*|
|poke|p2|Gholdengo|
|poke|p2|Ceruledge, F|
|teampreview
|c|☆PrincessGardevoir|hf
|
|t:|1759035383
|teamsize|p1|6
|teamsize|p2|6
|start
|switch|p1a: Kleavor|Kleavor, F|100/100
|switch|p2a: Justice|Pecharunt|100/100
|turn|1
|
|t:|1759035389
|move|p2a: Justice|Hex|p1a: Kleavor
|-damage|p1a: Kleavor|59/100
|move|p1a: Kleavor|Night Slash|p2a: Justice
|-supereffective|p2a: Justice
|-damage|p2a: Justice|43/100
|
|upkeep
|turn|2
|
|t:|1759035404
|move|p2a: Justice|Recover|p2a: Justice
|-heal|p2a: Justice|93/100
|move|p1a: Kleavor|Stone Axe|p2a: Justice|[miss]
|-miss|p1a: Kleavor|p2a: Justice
|
|upkeep
|turn|3
|
|t:|1759035410
|move|p2a: Justice|Malignant Chain|p1a: Kleavor
|-resisted|p1a: Kleavor
|-damage|p1a: Kleavor|25/100
|move|p1a: Kleavor|Stone Axe|p2a: Justice
|-damage|p2a: Justice|50/100
|-sidestart|p2: PrincessGardevoir|move: Stealth Rock
|
|upkeep
|turn|4
|
|t:|1759035414
|move|p2a: Justice|Malignant Chain|p1a: Kleavor
|-resisted|p1a: Kleavor
|-damage|p1a: Kleavor|0 fnt
|faint|p1a: Kleavor
|
|upkeep
|
|t:|1759035447
|switch|p1a: Iron Crown|Iron Crown|100/100
|turn|5
|
|t:|1759035451
|switch|p2a: Death|Darkrai, shiny|100/100
|move|p1a: Iron Crown|Psychic Noise|p2a: Death
|-immune|p2a: Death
|
|upkeep
|turn|6
|
|t:|1759035459
|-end|p1a: Iron Crown|Quark Drive|[silent]
|switch|p1a: Cinderace|Cinderace, F|100/100
|move|p2a: Death|Dark Pulse|p1a: Cinderace
|-damage|p1a: Cinderace|39/100
|
|upkeep
|turn|7
|
|t:|1759035473
|-terastallize|p1a: Cinderace|Dark
|move|p2a: Death|Dark Pulse|p1a: Cinderace
|-resisted|p1a: Cinderace
|-damage|p1a: Cinderace|9/100
|move|p1a: Cinderace|Pyro Ball|p2a: Death
|-damage|p2a: Death|0 fnt
|faint|p2a: Death
|
|upkeep
|
|t:|1759035499
|switch|p2a: The Empress|Ceruledge, F|100/100
|turn|8
|
|t:|1759035509
|move|p1a: Cinderace|Sucker Punch||[still]
|-fail|p1a: Cinderace
|move|p2a: The Empress|Bulk Up|p2a: The Empress
|-boost|p2a: The Empress|atk|1
|-boost|p2a: The Empress|def|1
|
|upkeep
|turn|9
|
|t:|1759035512
|move|p1a: Cinderace|Gunk Shot|p2a: The Empress
|-resisted|p2a: The Empress
|-damage|p2a: The Empress|85/100
|-status|p2a: The Empress|psn
|move|p2a: The Empress|Bulk Up|p2a: The Empress
|-boost|p2a: The Empress|atk|1
|-boost|p2a: The Empress|def|1
|
|-damage|p2a: The Empress|72/100 psn|[from] psn
|upkeep
|turn|10
|
|t:|1759035525
|switch|p1a: Garchomp|Garchomp, F|100/100
|move|p2a: The Empress|Shadow Sneak|p1a: Garchomp
|-damage|p1a: Garchomp|57/100
|-damage|p2a: The Empress|60/100 psn|[from] ability: Rough Skin|[of] p1a: Garchomp
|
|-damage|p2a: The Empress|47/100 psn|[from] psn
|upkeep
|turn|11
|
|t:|1759035539
|move|p2a: The Empress|Shadow Sneak|p1a: Garchomp
|-damage|p1a: Garchomp|15/100
|-damage|p2a: The Empress|35/100 psn|[from] ability: Rough Skin|[of] p1a: Garchomp
|move|p1a: Garchomp|Earthquake|p2a: The Empress
|-supereffective|p2a: The Empress
|-damage|p2a: The Empress|0 fnt
|faint|p2a: The Empress
|
|upkeep
|
|t:|1759035542
|switch|p2a: The Magician|Zapdos|100/100
|turn|12
|
|t:|1759035547
|move|p1a: Garchomp|Swords Dance|p1a: Garchomp
|-boost|p1a: Garchomp|atk|2
|move|p2a: The Magician|Hurricane|p1a: Garchomp
|-damage|p1a: Garchomp|0 fnt
|faint|p1a: Garchomp
|
|upkeep
|
|t:|1759035550
|switch|p1a: Cinderace|Cinderace, F, tera:Dark|9/100
|turn|13
|
|t:|1759035552
|move|p1a: Cinderace|Pyro Ball|p2a: The Magician
|-damage|p2a: The Magician|36/100
|move|p2a: The Magician|Volt Switch|p1a: Cinderace
|-crit|p1a: Cinderace
|-damage|p1a: Cinderace|0 fnt
|faint|p1a: Cinderace
|
|t:|1759035556
|switch|p2a: Justice|Pecharunt|50/100|[from] Volt Switch
|
|upkeep
|
|t:|1759035559
|switch|p1a: Iron Crown|Iron Crown|100/100
|turn|14
|
|t:|1759035566
|switch|p2a: The World|Gholdengo|100/100
|-damage|p2a: The World|94/100|[from] Stealth Rock
|-item|p2a: The World|Air Balloon
|move|p1a: Iron Crown|Psychic Noise|p2a: The World
|-resisted|p2a: The World
|-damage|p2a: The World|71/100
|-start|p2a: The World|move: Heal Block
|-enditem|p2a: The World|Air Balloon
|
|upkeep
|turn|15
|
|t:|1759035570
|-end|p1a: Iron Crown|Quark Drive|[silent]
|switch|p1a: Pecharunt|Pecharunt|100/100
|-item|p1a: Pecharunt|Air Balloon
|move|p2a: The World|Shadow Ball|p1a: Pecharunt
|-supereffective|p1a: Pecharunt
|-damage|p1a: Pecharunt|0 fnt
|-enditem|p1a: Pecharunt|Air Balloon
|faint|p1a: Pecharunt
|
|-end|p2a: The World|move: Heal Block
|upkeep
|
|t:|1759035571
|switch|p1a: Dragonite|Dragonite, F|100/100
|turn|16
|
|t:|1759035575
|move|p2a: The World|Shadow Ball|p1a: Dragonite
|-damage|p1a: Dragonite|77/100
|move|p1a: Dragonite|Dragon Dance|p1a: Dragonite
|-boost|p1a: Dragonite|atk|1
|-boost|p1a: Dragonite|spe|1
|
|upkeep
|turn|17
|
|t:|1759035581
|move|p1a: Dragonite|Earthquake|p2a: The World
|-supereffective|p2a: The World
|-damage|p2a: The World|0 fnt
|faint|p2a: The World
|
|upkeep
|
|t:|1759035590
|switch|p2a: The Magician|Zapdos|36/100
|turn|18
|
|t:|1759035592
|move|p1a: Dragonite|Ice Spinner|p2a: The Magician
|-supereffective|p2a: The Magician
|-damage|p2a: The Magician|0 fnt
|faint|p2a: The Magician
|
|upkeep
|
|t:|1759035594
|switch|p2a: Justice|Pecharunt|50/100
|turn|19
|
|t:|1759035603
|-terastallize|p2a: Justice|Grass
|move|p1a: Dragonite|Earthquake|p2a: Justice
|-resisted|p2a: Justice
|-damage|p2a: Justice|30/100
|move|p2a: Justice|Recover|p2a: Justice
|-heal|p2a: Justice|80/100
|
|upkeep
|turn|20
|
|t:|1759035608
|move|p1a: Dragonite|Ice Spinner|p2a: Justice
|-supereffective|p2a: Justice
|-damage|p2a: Justice|18/100
|move|p2a: Justice|Malignant Chain|p1a: Dragonite
|-damage|p1a: Dragonite|37/100
|-status|p1a: Dragonite|tox
|-start|p1a: Dragonite|confusion|[from] ability: Poison Puppeteer|[of] p2a: Justice
|
|-damage|p1a: Dragonite|31/100 tox|[from] psn
|upkeep
|turn|21
|
|t:|1759035611
|-activate|p1a: Dragonite|confusion
|move|p1a: Dragonite|Ice Spinner|p2a: Justice
|-supereffective|p2a: Justice
|-damage|p2a: Justice|0 fnt
|faint|p2a: Justice
|
|-damage|p1a: Dragonite|19/100 tox|[from] psn
|upkeep
|
|t:|1759035612
|switch|p2a: Judgement|Zamazenta|100/100
|-ability|p2a: Judgement|Dauntless Shield|boost
|-boost|p2a: Judgement|def|1
|turn|22
|
|t:|1759035615
|move|p2a: Judgement|Crunch|p1a: Dragonite
|-damage|p1a: Dragonite|0 fnt
|faint|p1a: Dragonite
|
|upkeep
|
|t:|1759035618
|switch|p1a: Iron Crown|Iron Crown|100/100
|turn|23
|
|t:|1759035621
|move|p1a: Iron Crown|Psychic Noise|p2a: Judgement
|-supereffective|p2a: Judgement
|-damage|p2a: Judgement|34/100
|-start|p2a: Judgement|move: Heal Block
|move|p2a: Judgement|Crunch|p1a: Iron Crown
|-supereffective|p1a: Iron Crown
|-crit|p1a: Iron Crown
|-damage|p1a: Iron Crown|14/100
|
|upkeep
|turn|24
|
|t:|1759035623
|move|p1a: Iron Crown|Psychic Noise|p2a: Judgement
|-supereffective|p2a: Judgement
|-damage|p2a: Judgement|0 fnt
|faint|p2a: Judgement
|
|win|kebab.ixx
|raw|kebab.ixx's rating: 1648 &rarr; <strong>1672</strong><br />(+24 for winning)
|raw|PrincessGardevoir's rating: 1722 &rarr; <strong>1698</strong><br />(-24 for losing)
|c|☆PrincessGardevoir|gg
|l|☆kebab.ixx
|player|p1|
|l|☆PrincessGardevoir
|player|p2|
