|j|☆clouddaearth
|j|☆NewNewNwAcc
|t:|1759061355
|gametype|singles
|player|p1|clouddaearth|265|1295
|player|p2|NewNewNwAcc|hooligans|1275
|gen|9
|tier|[Gen 9] OU
|rated|
|rule|HP Percentage Mod: HP is shown in percentages
|rule|Endless Battle Clause: Forcing endless battles is banned
|rule|Species Clause: Limit one of each Pokémon
|rule|OHKO Clause: OHKO moves are banned
|rule|Evasion Items Clause: Evasion items are banned
|rule|Evasion Moves Clause: Evasion moves are banned
|rule|Evasion Abilities Clause: Evasion abilities are banned
|rule|Sleep Moves Clause: Sleep-inducing moves are banned
|clearpoke
|poke|p1|Meowscarada, F|
|poke|p1|Hatterene, F|
|poke|p1|Kommo-o, M|
|poke|p1|Komala, M|
|poke|p1|Chandelure, M|
|poke|p1|Rotom-Wash|
|poke|p2|Pelipper, F|
|poke|p2|Iron Treads|
|poke|p2|Toxicroak, F|
|poke|p2|Ogerpon-Wellspring, F|
|poke|p2|Barraskewda, F|
|poke|p2|Hatterene, F|
|teampreview
|inactive|Battle timer is ON: inactive players will automatically lose when time's up. (requested by NewNewNwAcc)
|
|t:|1759061364
|teamsize|p1|6
|teamsize|p2|6
|start
|switch|p1a: Meowscarada|Meowscarada, F|100/100
|switch|p2a: Pelipper|Pelipper, F|100/100
|-weather|RainDance|[from] ability: Drizzle|[of] p2a: Pelipper
|turn|1
|
|t:|1759061369
|move|p1a: Meowscarada|U-turn|p2a: Pelipper
|-start|p1a: Meowscarada|typechange|Bug|[from] ability: Protean
|-resisted|p2a: Pelipper
|-damage|p2a: Pelipper|74/100
|
|t:|1759061374
|switch|p1a: Rotom|Rotom-Wash|100/100|[from] U-turn
|move|p2a: Pelipper|U-turn|p1a: Rotom
|-damage|p1a: Rotom|89/100
|
|t:|1759061395
|switch|p2a: Ogerpon|Ogerpon-Wellspring, F|100/100|[from] U-turn
|
|-weather|RainDance|[upkeep]
|upkeep
|turn|2
|
|t:|1759061403
|move|p2a: Ogerpon|Power Whip|p1a: Rotom
|-supereffective|p1a: Rotom
|-damage|p1a: Rotom|0 fnt
|faint|p1a: Rotom
|
|-weather|RainDance|[upkeep]
|upkeep
|
|t:|1759061415
|switch|p1a: Meowscarada|Meowscarada, F|100/100
|turn|3
|
|t:|1759061426
|switch|p2a: Toxicroak|Toxicroak, F|100/100
|move|p1a: Meowscarada|Triple Axel|p2a: Toxicroak
|-start|p1a: Meowscarada|typechange|Ice|[from] ability: Protean
|-damage|p2a: Toxicroak|89/100
|-damage|p2a: Toxicroak|65/100
|-damage|p2a: Toxicroak|31/100
|-hitcount|p2a: Toxicroak|3
|
|-weather|RainDance|[upkeep]
|-heal|p2a: Toxicroak|43/100|[from] ability: Dry Skin
|-heal|p2a: Toxicroak|50/100|[from] item: Leftovers
|upkeep
|turn|4
|
|t:|1759061440
|move|p2a: Toxicroak|Protect|p2a: Toxicroak
|-singleturn|p2a: Toxicroak|Protect
|move|p1a: Meowscarada|Triple Axel|p2a: Toxicroak
|-activate|p2a: Toxicroak|move: Protect
|
|-weather|RainDance|[upkeep]
|-heal|p2a: Toxicroak|62/100|[from] ability: Dry Skin
|-heal|p2a: Toxicroak|68/100|[from] item: Leftovers
|upkeep
|turn|5
|
|t:|1759061446
|switch|p2a: Iron Treads|Iron Treads|100/100
|-enditem|p2a: Iron Treads|Booster Energy
|-activate|p2a: Iron Treads|ability: Quark Drive|[fromitem]
|-start|p2a: Iron Treads|quarkdrivespe
|move|p1a: Meowscarada|Triple Axel|p2a: Iron Treads
|-damage|p2a: Iron Treads|90/100
|-crit|p2a: Iron Treads
|-damage|p2a: Iron Treads|56/100
|-damage|p2a: Iron Treads|27/100
|-hitcount|p2a: Iron Treads|3
|
|-weather|RainDance|[upkeep]
|upkeep
|turn|6
|
|t:|1759061458
|move|p2a: Iron Treads|Knock Off|p1a: Meowscarada
|-damage|p1a: Meowscarada|64/100
|-enditem|p1a: Meowscarada|Choice Band|[from] move: Knock Off|[of] p2a: Iron Treads
|move|p1a: Meowscarada|Triple Axel|p2a: Iron Treads
|-damage|p2a: Iron Treads|20/100
|-damage|p2a: Iron Treads|4/100
|-damage|p2a: Iron Treads|0 fnt
|faint|p2a: Iron Treads
|-end|p2a: Iron Treads|Quark Drive|[silent]
|-hitcount|p2: Iron Treads|3
|
|-weather|RainDance|[upkeep]
|upkeep
|
|t:|1759061473
|switch|p2a: Toxicroak|Toxicroak, F|68/100
|turn|7
|
|t:|1759061479
|switch|p1a: Chandelure|Chandelure, M|100/100
|move|p2a: Toxicroak|Protect||[still]
|-fail|p2a: Toxicroak
|
|-weather|RainDance|[upkeep]
|-heal|p2a: Toxicroak|81/100|[from] ability: Dry Skin
|-heal|p2a: Toxicroak|87/100|[from] item: Leftovers
|upkeep
|turn|8
|
|t:|1759061491
|switch|p2a: Hatterene|Hatterene, F|100/100
|move|p1a: Chandelure|Will-O-Wisp|p2a: Hatterene
|move|p2a: Hatterene|Will-O-Wisp|p1a: Chandelure|[from] ability: Magic Bounce
|-start|p1a: Chandelure|ability: Flash Fire
|
|-weather|none
|upkeep
|turn|9
|
|t:|1759061503
|-end|p1a: Chandelure|ability: Flash Fire|[silent]
|switch|p1a: Hatterene|Hatterene, F|100/100
|move|p2a: Hatterene|Healing Wish|p2a: Hatterene
|faint|p2a: Hatterene
|
|upkeep
|
|t:|1759061506
|switch|p2a: Pelipper|Pelipper, F|74/100
|-heal|p2a: Pelipper|100/100|[from] move: Healing Wish
|-weather|RainDance|[from] ability: Drizzle|[of] p2a: Pelipper
|turn|10
|
|t:|1759061520
|move|p2a: Pelipper|U-turn|p1a: Hatterene
|-damage|p1a: Hatterene|90/100
|
|t:|1759061521
|switch|p2a: Ogerpon|Ogerpon-Wellspring, F|100/100|[from] U-turn
|move|p1a: Hatterene|Nuzzle|p2a: Ogerpon
|-damage|p2a: Ogerpon|95/100
|-status|p2a: Ogerpon|par
|
|-weather|RainDance|[upkeep]
|-heal|p1a: Hatterene|96/100|[from] item: Leftovers
|upkeep
|turn|11
|
|t:|1759061537
|move|p2a: Ogerpon|Ivy Cudgel|p1a: Hatterene|[anim] Ivy Cudgel Water
|-damage|p1a: Hatterene|0 fnt
|faint|p1a: Hatterene
|
|-weather|RainDance|[upkeep]
|upkeep
|
|t:|1759061542
|switch|p1a: Kommo-o|Kommo-o, M|100/100
|turn|12
|
|t:|1759061545
|move|p1a: Kommo-o|Dragon Dance|p1a: Kommo-o
|-boost|p1a: Kommo-o|atk|1
|-boost|p1a: Kommo-o|spe|1
|cant|p2a: Ogerpon|par
|
|-weather|RainDance|[upkeep]
|upkeep
|turn|13
|
|t:|1759061552
|move|p1a: Kommo-o|Dragon Dance|p1a: Kommo-o
|-boost|p1a: Kommo-o|atk|1
|-boost|p1a: Kommo-o|spe|1
|move|p2a: Ogerpon|Play Rough|p1a: Kommo-o
|-supereffective|p1a: Kommo-o
|-damage|p1a: Kommo-o|0 fnt
|faint|p1a: Kommo-o
|
|-weather|RainDance|[upkeep]
|upkeep
|
|t:|1759061559
|switch|p1a: Chandelure|Chandelure, M|100/100
|turn|14
|
|t:|1759061564
|move|p1a: Chandelure|Energy Ball|p2a: Ogerpon
|-damage|p2a: Ogerpon|53/100 par
|move|p2a: Ogerpon|Ivy Cudgel|p1a: Chandelure|[anim] Ivy Cudgel Water
|-supereffective|p1a: Chandelure
|-damage|p1a: Chandelure|0 fnt
|faint|p1a: Chandelure
|
|-weather|RainDance|[upkeep]
|upkeep
|
|t:|1759061567
|switch|p1a: Komala|Komala, M|100/100
|-ability|p1a: Komala|Comatose
|turn|15
|
|t:|1759061572
|cant|p2a: Ogerpon|par
|move|p1a: Komala|Wood Hammer|p2a: Ogerpon
|-damage|p2a: Ogerpon|1/100 par
|-damage|p1a: Komala|85/100|[from] Recoil
|
|-weather|RainDance|[upkeep]
|upkeep
|turn|16
|
|t:|1759061578
|move|p2a: Ogerpon|Ivy Cudgel|p1a: Komala|[anim] Ivy Cudgel Water
|-damage|p1a: Komala|0 fnt
|faint|p1a: Komala
|
|-weather|RainDance|[upkeep]
|upkeep
|
|t:|1759061593
|switch|p1a: Meowscarada|Meowscarada, F|64/100
|turn|17
|-message|clouddaearth forfeited.
|
|win|NewNewNwAcc
|raw|clouddaearth's rating: 1295 &rarr; <strong>1269</strong><br />(-26 for losing)
|raw|NewNewNwAcc's rating: 1275 &rarr; <strong>1301</strong><br />(+26 for winning)
|l|☆clouddaearth
|player|p1|
|l| newnewnwacc
