|j|‽Maka_cutie
|j|☆GirlFromBetelgeuse
|t:|1759065123
|gametype|singles
|player|p1|Maka_cutie|266|1431
|player|p2|GirlFromBetelgeuse|guitarist|1462
|gen|9
|tier|[Gen 9] OU
|rated|
|rule|HP Percentage Mod: HP is shown in percentages
|rule|Endless Battle Clause: Forcing endless battles is banned
|rule|Species Clause: Limit one of each Pokémon
|rule|OHKO Clause: OHKO moves are banned
|rule|Evasion Items Clause: Evasion items are banned
|rule|Evasion Moves Clause: Evasion moves are banned
|rule|Evasion Abilities Clause: Evasion abilities are banned
|rule|Sleep Moves Clause: Sleep-inducing moves are banned
|clearpoke
|poke|p1|Great Tusk|
|poke|p1|Blaziken, F|
|poke|p1|Ninetales-Alola, F|
|poke|p1|Dragapult, M|
|poke|p1|Primarina, F|
|poke|p1|Corviknight, F|
|poke|p2|Lokix, M|
|poke|p2|Primarina, F|
|poke|p2|Slowking-Galar, F|
|poke|p2|Moltres|
|poke|p2|Iron Treads|
|poke|p2|Hydrapple, M|
|teampreview
|j| Jakub666
|j| mutantfishhands
|l| Jakub666
|inactive|Battle timer is ON: inactive players will automatically lose when time's up. (requested by Maka_cutie)
|
|t:|1759065147
|teamsize|p1|6
|teamsize|p2|6
|start
|switch|p1a: Dragapult|Dragapult, M|100/100
|switch|p2a: Constantine|Lokix, M|100/100
|turn|1
|
|t:|1759065156
|move|p1a: Dragapult|U-turn|p2a: Constantine
|-supereffective|p2a: Constantine
|-damage|p2a: Constantine|51/100
|
|t:|1759065158
|switch|p1a: Corviknight|Corviknight, F|100/100|[from] U-turn
|-ability|p1a: Corviknight|Pressure
|move|p2a: Constantine|Knock Off|p1a: Corviknight
|-damage|p1a: Corviknight|57/100
|-damage|p2a: Constantine|34/100|[from] item: Rocky Helmet|[of] p1a: Corviknight
|-enditem|p1a: Corviknight|Rocky Helmet|[from] move: Knock Off|[of] p2a: Constantine
|
|upkeep
|turn|2
|
|t:|1759065163
|switch|p2a: Celestine|Primarina, F, shiny|100/100
|move|p1a: Corviknight|Roost|p1a: Corviknight
|-heal|p1a: Corviknight|100/100
|-singleturn|p1a: Corviknight|move: Roost
|
|upkeep
|turn|3
|
|t:|1759065168
|switch|p1a: Ninetales|Ninetales-Alola, F|100/100
|-weather|Snowscape|[from] ability: Snow Warning|[of] p1a: Ninetales
|move|p2a: Celestine|Psychic Noise|p1a: Ninetales
|-damage|p1a: Ninetales|51/100
|-start|p1a: Ninetales|move: Heal Block
|
|-weather|Snowscape|[upkeep]
|upkeep
|turn|4
|
|t:|1759065173
|move|p1a: Ninetales|Aurora Veil|p1a: Ninetales
|-sidestart|p1: Maka_cutie|move: Aurora Veil
|move|p2a: Celestine|Whirlpool|p1a: Ninetales
|-damage|p1a: Ninetales|40/100
|-activate|p1a: Ninetales|move: Whirlpool|[of] p2a: Celestine
|
|-weather|Snowscape|[upkeep]
|-damage|p1a: Ninetales|28/100|[from] move: Whirlpool|[partiallytrapped]
|-end|p1a: Ninetales|move: Heal Block
|upkeep
|turn|5
|
|t:|1759065189
|move|p1a: Ninetales|Freeze-Dry|p2a: Celestine
|-supereffective|p2a: Celestine
|-damage|p2a: Celestine|74/100
|move|p2a: Celestine|Moonblast|p1a: Ninetales
|-damage|p1a: Ninetales|0 fnt
|faint|p1a: Ninetales
|
|-weather|Snowscape|[upkeep]
|upkeep
|
|t:|1759065197
|switch|p1a: Primarina|Primarina, F|100/100
|turn|6
|
|t:|1759065200
|move|p1a: Primarina|Substitute|p1a: Primarina
|-start|p1a: Primarina|Substitute
|-damage|p1a: Primarina|75/100
|move|p2a: Celestine|Flip Turn|p1a: Primarina
|-resisted|p1a: Primarina
|-activate|p1a: Primarina|move: Substitute|[damage]
|
|t:|1759065204
|switch|p2a: Constantine|Lokix, M|34/100|[from] Flip Turn
|
|-weather|Snowscape|[upkeep]
|-heal|p1a: Primarina|82/100|[from] item: Leftovers
|upkeep
|turn|7
|
|t:|1759065206
|move|p2a: Constantine|U-turn|p1a: Primarina
|-resisted|p1a: Primarina
|-activate|p1a: Primarina|move: Substitute|[damage]
|
|t:|1759065208
|switch|p2a: Hydrapple|Hydrapple, M|100/100|[from] U-turn
|move|p1a: Primarina|Draining Kiss|p2a: Hydrapple
|-supereffective|p2a: Hydrapple
|-damage|p2a: Hydrapple|57/100
|-heal|p1a: Primarina|100/100|[from] drain|[of] p2a: Hydrapple
|
|-weather|none
|upkeep
|turn|8
|
|t:|1759065214
|-terastallize|p2a: Hydrapple|Fairy
|move|p1a: Primarina|Calm Mind|p1a: Primarina
|-boost|p1a: Primarina|spa|1
|-boost|p1a: Primarina|spd|1
|move|p2a: Hydrapple|Giga Drain|p1a: Primarina
|-supereffective|p1a: Primarina
|-end|p1a: Primarina|Substitute
|-heal|p2a: Hydrapple|58/100|[from] drain|[of] p1a: Primarina
|
|upkeep
|turn|9
|
|t:|1759065227
|move|p1a: Primarina|Psychic Noise|p2a: Hydrapple
|-damage|p2a: Hydrapple|13/100
|-start|p2a: Hydrapple|move: Heal Block
|move|p2a: Hydrapple|Nasty Plot|p2a: Hydrapple
|-boost|p2a: Hydrapple|spa|2
|
|upkeep
|turn|10
|
|t:|1759065237
|switch|p2a: Celestine|Primarina, F, shiny|74/100
|move|p1a: Primarina|Substitute|p1a: Primarina
|-start|p1a: Primarina|Substitute
|-damage|p1a: Primarina|75/100
|
|-heal|p1a: Primarina|82/100|[from] item: Leftovers
|upkeep
|turn|11
|
|t:|1759065240
|move|p2a: Celestine|Psychic Noise|p1a: Primarina
|-resisted|p1a: Primarina
|-damage|p1a: Primarina|75/100
|-start|p1a: Primarina|move: Heal Block
|move|p1a: Primarina|Calm Mind|p1a: Primarina
|-boost|p1a: Primarina|spa|1
|-boost|p1a: Primarina|spd|1
|
|-sideend|p1: Maka_cutie|move: Aurora Veil
|upkeep
|turn|12
|
|t:|1759065250
|move|p1a: Primarina|Calm Mind|p1a: Primarina
|-boost|p1a: Primarina|spa|1
|-boost|p1a: Primarina|spd|1
|move|p2a: Celestine|Flip Turn|p1a: Primarina
|-resisted|p1a: Primarina
|-activate|p1a: Primarina|move: Substitute|[damage]
|
|t:|1759065252
|switch|p2a: Constantine|Lokix, M|34/100|[from] Flip Turn
|
|-end|p1a: Primarina|move: Heal Block
|upkeep
|turn|13
|
|t:|1759065255
|move|p2a: Constantine|U-turn|p1a: Primarina
|-resisted|p1a: Primarina
|-end|p1a: Primarina|Substitute
|
|t:|1759065264
|switch|p2a: Celestine|Primarina, F, shiny|74/100|[from] U-turn
|move|p1a: Primarina|Draining Kiss|p2a: Celestine
|-crit|p2a: Celestine
|-damage|p2a: Celestine|33/100
|-heal|p1a: Primarina|100/100|[from] drain|[of] p2a: Celestine
|
|upkeep
|turn|14
|
|t:|1759065268
|move|p2a: Celestine|Whirlpool|p1a: Primarina
|-resisted|p1a: Primarina
|-crit|p1a: Primarina
|-damage|p1a: Primarina|88/100
|-activate|p1a: Primarina|move: Whirlpool|[of] p2a: Celestine
|move|p1a: Primarina|Substitute|p1a: Primarina
|-start|p1a: Primarina|Substitute
|-end|p1a: Primarina|Whirlpool|[partiallytrapped]|[silent]
|-damage|p1a: Primarina|63/100
|
|-heal|p1a: Primarina|69/100|[from] item: Leftovers
|upkeep
|turn|15
|
|t:|1759065280
|move|p1a: Primarina|Calm Mind|p1a: Primarina
|-boost|p1a: Primarina|spa|1
|-boost|p1a: Primarina|spd|1
|move|p2a: Celestine|Psychic Noise|p1a: Primarina
|-resisted|p1a: Primarina
|-crit|p1a: Primarina
|-damage|p1a: Primarina|45/100
|-start|p1a: Primarina|move: Heal Block
|
|upkeep
|turn|16
|
|t:|1759065287
|move|p1a: Primarina|Psychic Noise|p2a: Celestine
|-resisted|p2a: Celestine
|-damage|p2a: Celestine|6/100
|-start|p2a: Celestine|move: Heal Block
|move|p2a: Celestine|Moonblast|p1a: Primarina
|-activate|p1a: Primarina|move: Substitute|[damage]
|
|-end|p1a: Primarina|move: Heal Block
|upkeep
|turn|17
|
|t:|1759065290
|move|p1a: Primarina|Draining Kiss|p2a: Celestine
|-damage|p2a: Celestine|0 fnt
|-heal|p1a: Primarina|49/100|[from] drain|[of] p2a: Celestine
|faint|p2a: Celestine
|
|-heal|p1a: Primarina|55/100|[from] item: Leftovers
|upkeep
|
|t:|1759065293
|switch|p2a: Creatine|Slowking-Galar, F|100/100
|turn|18
|
|t:|1759065303
|move|p1a: Primarina|Psychic Noise|p2a: Creatine
|-damage|p2a: Creatine|43/100
|-start|p2a: Creatine|move: Heal Block
|move|p2a: Creatine|Sludge Bomb|p1a: Primarina
|-supereffective|p1a: Primarina
|-crit|p1a: Primarina
|-end|p1a: Primarina|Substitute
|
|-heal|p1a: Primarina|61/100|[from] item: Leftovers
|upkeep
|turn|19
|
|t:|1759065309
|move|p1a: Primarina|Psychic Noise|p2a: Creatine
|-damage|p2a: Creatine|0 fnt
|faint|p2a: Creatine
|
|-heal|p1a: Primarina|68/100|[from] item: Leftovers
|upkeep
|
|t:|1759065313
|switch|p2a: Constantine|Lokix, M|34/100
|turn|20
|
|t:|1759065316
|move|p2a: Constantine|Leech Life|p1a: Primarina
|-resisted|p1a: Primarina
|-damage|p1a: Primarina|21/100
|-heal|p2a: Constantine|64/100|[from] drain|[of] p1a: Primarina
|move|p1a: Primarina|Draining Kiss|p2a: Constantine
|-supereffective|p2a: Constantine
|-damage|p2a: Constantine|0 fnt
|-heal|p1a: Primarina|58/100|[from] drain|[of] p2a: Constantine
|faint|p2a: Constantine
|
|-heal|p1a: Primarina|65/100|[from] item: Leftovers
|upkeep
|
|t:|1759065321
|switch|p2a: Iron Treads|Iron Treads|100/100
|turn|21
|
|t:|1759065323
|move|p2a: Iron Treads|Earthquake|p1a: Primarina
|-damage|p1a: Primarina|25/100
|move|p1a: Primarina|Psychic Noise|p2a: Iron Treads
|-supereffective|p2a: Iron Treads
|-damage|p2a: Iron Treads|0 fnt
|faint|p2a: Iron Treads
|-end|p2a: Iron Treads|Quark Drive|[silent]
|
|-heal|p1a: Primarina|31/100|[from] item: Leftovers
|upkeep
|-message|GirlFromBetelgeuse forfeited.
|
|win|Maka_cutie
|raw|Maka_cutie's rating: 1431 &rarr; <strong>1453</strong><br />(+22 for winning)
|raw|GirlFromBetelgeuse's rating: 1462 &rarr; <strong>1440</strong><br />(-22 for losing)
|l|☆GirlFromBetelgeuse
|player|p2|
