|j|☆Natorito
|j|☆niccommoc
|t:|1758989156
|gametype|singles
|player|p1|Natorito|169|1291
|player|p2|niccommoc|cyclist|1313
|gen|9
|tier|[Gen 9] OU
|rated|
|rule|HP Percentage Mod: HP is shown in percentages
|rule|Endless Battle Clause: Forcing endless battles is banned
|rule|Species Clause: Limit one of each Pokémon
|rule|OHKO Clause: OHKO moves are banned
|rule|Evasion Items Clause: Evasion items are banned
|rule|Evasion Moves Clause: Evasion moves are banned
|rule|Evasion Abilities Clause: Evasion abilities are banned
|rule|Sleep Moves Clause: Sleep-inducing moves are banned
|clearpoke
|poke|p1|Victreebel, M|
|poke|p1|Hitmontop, M|
|poke|p1|Ditto|
|poke|p1|Snorlax, M|
|poke|p1|Lapras, M|
|poke|p1|Torkoal, M|
|poke|p2|Ninetales-Alola, M|
|poke|p2|Kyurem|
|poke|p2|Gliscor, M|
|poke|p2|Hatterene, F|
|poke|p2|Iron Moth|
|poke|p2|Great Tusk|
|teampreview
|inactive|Battle timer is ON: inactive players will automatically lose when time's up. (requested by Natorito)
|
|t:|1758989177
|teamsize|p1|6
|teamsize|p2|6
|start
|switch|p1a: Torkoal|Torkoal, M|100/100
|switch|p2a: Hatterene|Hatterene, F|100/100
|-weather|SunnyDay|[from] ability: Drought|[of] p1a: Torkoal
|turn|1
|
|t:|1758989192
|-terastallize|p2a: Hatterene|Water
|move|p2a: Hatterene|Calm Mind|p2a: Hatterene
|-boost|p2a: Hatterene|spa|1
|-boost|p2a: Hatterene|spd|1
|move|p1a: Torkoal|Lava Plume|p2a: Hatterene
|-resisted|p2a: Hatterene
|-damage|p2a: Hatterene|88/100
|-status|p2a: Hatterene|brn
|
|-weather|SunnyDay|[upkeep]
|-heal|p2a: Hatterene|94/100 brn|[from] item: Leftovers
|-damage|p2a: Hatterene|88/100 brn|[from] brn
|upkeep
|turn|2
|
|t:|1758989208
|switch|p1a: Victreebel|Victreebel, M|100/100
|move|p2a: Hatterene|Calm Mind|p2a: Hatterene
|-boost|p2a: Hatterene|spa|1
|-boost|p2a: Hatterene|spd|1
|
|-weather|SunnyDay|[upkeep]
|-heal|p2a: Hatterene|94/100 brn|[from] item: Leftovers
|-damage|p2a: Hatterene|88/100 brn|[from] brn
|upkeep
|turn|3
|
|t:|1758989218
|move|p1a: Victreebel|Encore|p2a: Hatterene
|move|p2a: Hatterene|Encore||[from] ability: Magic Bounce|[still]
|-fail|p2a: Hatterene
|move|p2a: Hatterene|Mystical Fire|p1a: Victreebel
|-supereffective|p1a: Victreebel
|-crit|p1a: Victreebel
|-enditem|p1a: Victreebel|Focus Sash
|-damage|p1a: Victreebel|1/100
|-unboost|p1a: Victreebel|spa|1
|
|-weather|SunnyDay|[upkeep]
|-heal|p2a: Hatterene|94/100 brn|[from] item: Leftovers
|-damage|p2a: Hatterene|88/100 brn|[from] brn
|upkeep
|turn|4
|
|t:|1758989238
|switch|p1a: Snorlax|Snorlax, M|100/100
|move|p2a: Hatterene|Mystical Fire|p1a: Snorlax
|-damage|p1a: Snorlax|86/100
|-unboost|p1a: Snorlax|spa|1
|
|-weather|SunnyDay|[upkeep]
|-heal|p2a: Hatterene|94/100 brn|[from] item: Leftovers
|-heal|p1a: Snorlax|92/100|[from] item: Leftovers
|-damage|p2a: Hatterene|88/100 brn|[from] brn
|upkeep
|turn|5
|
|t:|1758989252
|move|p2a: Hatterene|Draining Kiss|p1a: Snorlax
|-damage|p1a: Snorlax|71/100
|-heal|p2a: Hatterene|100/100 brn|[from] drain|[of] p1a: Snorlax
|move|p1a: Snorlax|Curse|p1a: Snorlax
|-unboost|p1a: Snorlax|spe|1
|-boost|p1a: Snorlax|atk|1
|-boost|p1a: Snorlax|def|1
|
|-weather|none
|-heal|p1a: Snorlax|77/100|[from] item: Leftovers
|-damage|p2a: Hatterene|95/100 brn|[from] brn
|upkeep
|turn|6
|
|t:|1758989264
|move|p2a: Hatterene|Psychic Noise|p1a: Snorlax
|-damage|p1a: Snorlax|46/100
|-start|p1a: Snorlax|move: Heal Block
|move|p1a: Snorlax|Curse|p1a: Snorlax
|-unboost|p1a: Snorlax|spe|1
|-boost|p1a: Snorlax|atk|1
|-boost|p1a: Snorlax|def|1
|
|-heal|p2a: Hatterene|100/100 brn|[from] item: Leftovers
|-damage|p2a: Hatterene|95/100 brn|[from] brn
|upkeep
|turn|7
|
|t:|1758989276
|move|p2a: Hatterene|Psychic Noise|p1a: Snorlax
|-damage|p1a: Snorlax|19/100
|move|p1a: Snorlax|Body Slam|p2a: Hatterene
|-damage|p2a: Hatterene|45/100 brn
|
|-heal|p2a: Hatterene|51/100 brn|[from] item: Leftovers
|-damage|p2a: Hatterene|45/100 brn|[from] brn
|-end|p1a: Snorlax|move: Heal Block
|upkeep
|turn|8
|
|t:|1758989288
|move|p2a: Hatterene|Psychic Noise|p1a: Snorlax
|-damage|p1a: Snorlax|0 fnt
|faint|p1a: Snorlax
|
|-heal|p2a: Hatterene|51/100 brn|[from] item: Leftovers
|-damage|p2a: Hatterene|45/100 brn|[from] brn
|upkeep
|inactive|Natorito has 120 seconds left.
|
|t:|1758989315
|switch|p1a: Victreebel|Victreebel, M|1/100
|turn|9
|
|t:|1758989319
|move|p1a: Victreebel|Leaf Blade|p2a: Hatterene
|-supereffective|p2a: Hatterene
|-damage|p2a: Hatterene|0 fnt
|faint|p2a: Hatterene
|
|upkeep
|
|t:|1758989339
|switch|p2a: Iron Moth|Iron Moth|100/100
|-enditem|p2a: Iron Moth|Booster Energy
|-activate|p2a: Iron Moth|ability: Quark Drive|[fromitem]
|-start|p2a: Iron Moth|quarkdrivespe
|turn|10
|
|t:|1758989347
|move|p1a: Victreebel|Sucker Punch|p2a: Iron Moth
|-damage|p2a: Iron Moth|68/100
|move|p2a: Iron Moth|Fiery Dance|p1a: Victreebel
|-supereffective|p1a: Victreebel
|-damage|p1a: Victreebel|0 fnt
|-boost|p2a: Iron Moth|spa|1
|faint|p1a: Victreebel
|
|upkeep
|
|t:|1758989356
|switch|p1a: Ditto|Ditto|100/100
|-transform|p1a: Ditto|p2a: Iron Moth|[from] ability: Imposter
|turn|11
|
|t:|1758989368
|move|p2a: Iron Moth|Substitute|p2a: Iron Moth
|-start|p2a: Iron Moth|Substitute
|-damage|p2a: Iron Moth|43/100
|move|p1a: Ditto|Fiery Dance|p2a: Iron Moth
|-resisted|p2a: Iron Moth
|-end|p2a: Iron Moth|Substitute
|
|upkeep
|turn|12
|
|t:|1758989376
|move|p1a: Ditto|Fiery Dance|p2a: Iron Moth
|-resisted|p2a: Iron Moth
|-damage|p2a: Iron Moth|10/100
|-boost|p1a: Ditto|spa|1
|move|p2a: Iron Moth|Fiery Dance|p1a: Ditto
|-resisted|p1a: Ditto
|-damage|p1a: Ditto|71/100
|
|upkeep
|turn|13
|
|t:|1758989384
|move|p2a: Iron Moth|Fiery Dance|p1a: Ditto
|-resisted|p1a: Ditto
|-damage|p1a: Ditto|41/100
|move|p1a: Ditto|Fiery Dance|p2a: Iron Moth
|-resisted|p2a: Iron Moth
|-damage|p2a: Iron Moth|0 fnt
|-boost|p1a: Ditto|spa|1
|faint|p2a: Iron Moth
|-end|p2a: Iron Moth|Quark Drive|[silent]
|
|upkeep
|
|t:|1758989407
|switch|p2a: Kyurem|Kyurem|100/100
|-ability|p2a: Kyurem|Pressure
|turn|14
|
|t:|1758989411
|move|p1a: Ditto|Fiery Dance|p2a: Kyurem
|-damage|p2a: Kyurem|0 fnt
|-boost|p1a: Ditto|spa|1
|faint|p2a: Kyurem
|
|upkeep
|-message|niccommoc forfeited.
|
|win|Natorito
|raw|Natorito's rating: 1291 &rarr; <strong>1318</strong><br />(+27 for winning)
|raw|niccommoc's rating: 1313 &rarr; <strong>1292</strong><br />(-21 for losing)
|l|☆niccommoc
|player|p2|
|l|☆Natorito
|player|p1|
