|j|☆gabrielxd1023
|j|☆lerendezvous
|t:|1758919555
|gametype|singles
|player|p1|gabrielxd1023|lucas|1653
|player|p2|lerendezvous|101|1730
|gen|9
|tier|[Gen 9] OU
|rated|
|rule|HP Percentage Mod: HP is shown in percentages
|rule|Endless Battle Clause: Forcing endless battles is banned
|rule|Species Clause: Limit one of each Pokémon
|rule|OHKO Clause: OHKO moves are banned
|rule|Evasion Items Clause: Evasion items are banned
|rule|Evasion Moves Clause: Evasion moves are banned
|rule|Evasion Abilities Clause: Evasion abilities are banned
|rule|Sleep Moves Clause: Sleep-inducing moves are banned
|clearpoke
|poke|p1|Lokix, M|
|poke|p1|Cinderace, M|
|poke|p1|Great Tusk|
|poke|p1|Alomomola, F|
|poke|p1|Enamorus, F|
|poke|p1|Slowking-Galar, M|
|poke|p2|Ogerpon-Wellspring, F|
|poke|p2|Slowking-Galar, F|
|poke|p2|Great Tusk|
|poke|p2|Moltres|
|poke|p2|Dragapult, F|
|poke|p2|Kingambit, F|
|teampreview
|
|t:|1758919563
|teamsize|p1|6
|teamsize|p2|6
|start
|switch|p1a: Slowking|Slowking-Galar, M|100/100
|switch|p2a: Moltres|Moltres|100/100
|turn|1
|inactive|Battle timer is ON: inactive players will automatically lose when time's up. (requested by lerendezvous)
|
|t:|1758919571
|move|p2a: Moltres|U-turn|p1a: Slowking
|-damage|p1a: Slowking|89/100
|
|t:|1758919581
|switch|p2a: Slowking|Slowking-Galar, F|100/100|[from] U-turn
|move|p1a: Slowking|Future Sight|p2a: Slowking
|-start|p1a: Slowking|move: Future Sight
|
|upkeep
|turn|2
|
|t:|1758919586
|move|p2a: Slowking|Sludge Bomb|p1a: Slowking
|-resisted|p1a: Slowking
|-damage|p1a: Slowking|72/100
|-prepare|p1a: Slowking|Chilly Reception|[premajor]
|move|p1a: Slowking|Chilly Reception|p1a: Slowking
|-weather|Snowscape
|
|t:|1758919591
|switch|p1a: Lokix|Lokix, M|100/100|[from] Chilly Reception
|
|-weather|Snowscape|[upkeep]
|upkeep
|turn|3
|
|t:|1758919596
|switch|p2a: Moltres|Moltres|100/100
|move|p1a: Lokix|Knock Off|p2a: Moltres
|-damage|p2a: Moltres|48/100
|-enditem|p2a: Moltres|Heavy-Duty Boots|[from] move: Knock Off|[of] p1a: Lokix
|
|-weather|Snowscape|[upkeep]
|-end|p2a: Moltres|move: Future Sight
|-damage|p2a: Moltres|0 fnt
|faint|p2a: Moltres
|upkeep
|
|t:|1758919605
|switch|p2a: Ogerpon|Ogerpon-Wellspring, F|100/100
|turn|4
|
|t:|1758919611
|switch|p1a: Slowking|Slowking-Galar, M|100/100
|move|p2a: Ogerpon|Ivy Cudgel|p1a: Slowking|[anim] Ivy Cudgel Water
|-damage|p1a: Slowking|58/100
|
|-weather|Snowscape|[upkeep]
|upkeep
|turn|5
|
|t:|1758919618
|-terastallize|p2a: Ogerpon|Water
|detailschange|p2a: Ogerpon|Ogerpon-Wellspring-Tera, F, tera:Water
|-ability|p2a: Ogerpon|Embody Aspect (Wellspring)|boost
|-boost|p2a: Ogerpon|spd|1
|move|p2a: Ogerpon|Ivy Cudgel|p1a: Slowking|[anim] Ivy Cudgel Water
|-damage|p1a: Slowking|5/100
|move|p1a: Slowking|Sludge Bomb|p2a: Ogerpon
|-damage|p2a: Ogerpon|73/100
|
|-weather|Snowscape|[upkeep]
|upkeep
|turn|6
|
|t:|1758919628
|move|p2a: Ogerpon|Ivy Cudgel|p1a: Slowking|[anim] Ivy Cudgel Water
|-crit|p1a: Slowking
|-damage|p1a: Slowking|0 fnt
|faint|p1a: Slowking
|
|-weather|none
|upkeep
|
|t:|1758919636
|switch|p1a: Enamorus|Enamorus, F|100/100
|turn|7
|
|t:|1758919642
|-terastallize|p1a: Enamorus|Stellar
|move|p1a: Enamorus|Tera Blast|p2a: Ogerpon|[anim] Tera Blast Stellar
|-supereffective|p2a: Ogerpon
|-damage|p2a: Ogerpon|0 fnt
|-boost|p1a: Enamorus|atk|1
|-boost|p1a: Enamorus|spa|1
|faint|p2a: Ogerpon
|detailschange|p2: Ogerpon|Ogerpon-Wellspring, F|[silent]
|
|upkeep
|
|t:|1758919651
|switch|p2a: Slowking|Slowking-Galar, F|100/100
|turn|8
|
|t:|1758919676
|switch|p1a: Alomomola|Alomomola, F|100/100
|move|p2a: Slowking|Ice Beam|p1a: Alomomola
|-resisted|p1a: Alomomola
|-damage|p1a: Alomomola|94/100
|
|upkeep
|turn|9
|
|t:|1758919687
|move|p1a: Alomomola|Flip Turn|p2a: Slowking
|-crit|p2a: Slowking
|-damage|p2a: Slowking|76/100
|
|t:|1758919701
|switch|p1a: Cinderace|Cinderace, M|100/100|[from] Flip Turn
|move|p2a: Slowking|Flamethrower|p1a: Cinderace
|-resisted|p1a: Cinderace
|-damage|p1a: Cinderace|84/100
|
|upkeep
|turn|10
|
|t:|1758919709
|move|p1a: Cinderace|Pyro Ball|p2a: Slowking
|-damage|p2a: Slowking|29/100
|move|p2a: Slowking|Sludge Bomb|p1a: Cinderace
|-damage|p1a: Cinderace|30/100
|
|upkeep
|turn|11
|
|t:|1758919717
|switch|p2a: Dragapult|Dragapult, F|100/100
|move|p1a: Cinderace|Pyro Ball|p2a: Dragapult
|-resisted|p2a: Dragapult
|-damage|p2a: Dragapult|48/100
|
|upkeep
|turn|12
|
|t:|1758919727
|switch|p1a: Alomomola|Alomomola, F|100/100
|move|p2a: Dragapult|Dragon Darts|p1a: Alomomola
|-damage|p1a: Alomomola|83/100
|-anim|p2a: Dragapult|Dragon Darts|p1a: Alomomola
|-damage|p1a: Alomomola|68/100
|
|upkeep
|turn|13
|
|t:|1758919741
|move|p2a: Dragapult|U-turn|p1a: Alomomola
|-damage|p1a: Alomomola|53/100
|
|t:|1758919747
|switch|p2a: Great Tusk|Great Tusk|100/100|[from] U-turn
|move|p1a: Alomomola|Flip Turn|p2a: Great Tusk
|-supereffective|p2a: Great Tusk
|-damage|p2a: Great Tusk|75/100
|-damage|p1a: Alomomola|36/100|[from] item: Rocky Helmet|[of] p2a: Great Tusk
|j| Nikator98
|l| Nikator98
|
|t:|1758919764
|switch|p1a: Enamorus|Enamorus, F, tera:Stellar|100/100|[from] Flip Turn
|
|upkeep
|turn|14
|
|t:|1758919769
|-end|p2a: Great Tusk|Protosynthesis|[silent]
|switch|p2a: Slowking|Slowking-Galar, F|63/100
|move|p1a: Enamorus|Tera Blast|p2a: Slowking|[anim] Tera Blast Stellar
|-damage|p2a: Slowking|43/100
|-boost|p1a: Enamorus|atk|1
|-boost|p1a: Enamorus|spa|1
|
|upkeep
|turn|15
|
|t:|1758919788
|switch|p1a: Alomomola|Alomomola, F|70/100
|move|p2a: Slowking|Sludge Bomb|p1a: Alomomola
|-damage|p1a: Alomomola|50/100
|-status|p1a: Alomomola|psn
|
|-damage|p1a: Alomomola|38/100 psn|[from] psn
|upkeep
|turn|16
|
|t:|1758919795
|move|p2a: Slowking|Sludge Bomb|p1a: Alomomola
|-damage|p1a: Alomomola|16/100 psn
|move|p1a: Alomomola|Mirror Coat|p2a: Slowking
|-damage|p2a: Slowking|0 fnt
|faint|p2a: Slowking
|
|-damage|p1a: Alomomola|4/100 psn|[from] psn
|upkeep
|
|t:|1758919801
|switch|p2a: Dragapult|Dragapult, F|48/100
|turn|17
|
|t:|1758919806
|move|p2a: Dragapult|Hex|p1a: Alomomola
|-damage|p1a: Alomomola|0 fnt
|faint|p1a: Alomomola
|
|upkeep
|
|t:|1758919809
|switch|p1a: Enamorus|Enamorus, F, tera:Stellar|100/100
|turn|18
|
|t:|1758919828
|move|p1a: Enamorus|Tera Blast|p2a: Dragapult|[anim] Tera Blast Stellar
|-damage|p2a: Dragapult|0 fnt
|-boost|p1a: Enamorus|atk|1
|-boost|p1a: Enamorus|spa|1
|faint|p2a: Dragapult
|
|upkeep
|
|t:|1758919834
|switch|p2a: Kingambit|Kingambit, F|100/100
|-activate|p2a: Kingambit|ability: Supreme Overlord
|-start|p2a: Kingambit|fallen4|[silent]
|turn|19
|
|t:|1758919840
|move|p1a: Enamorus|Tera Blast|p2a: Kingambit|[anim] Tera Blast Stellar
|-damage|p2a: Kingambit|44/100
|-boost|p1a: Enamorus|atk|1
|-boost|p1a: Enamorus|spa|1
|move|p2a: Kingambit|Iron Head|p1a: Enamorus
|-supereffective|p1a: Enamorus
|-damage|p1a: Enamorus|0 fnt
|faint|p1a: Enamorus
|
|-heal|p2a: Kingambit|50/100|[from] item: Leftovers
|upkeep
|
|t:|1758919849
|switch|p1a: Great Tusk|Great Tusk|100/100
|turn|20
|
|t:|1758919854
|-end|p2a: Kingambit|fallen4|[silent]
|switch|p2a: Great Tusk|Great Tusk|75/100
|move|p1a: Great Tusk|Earthquake|p2a: Great Tusk
|-damage|p2a: Great Tusk|42/100
|
|upkeep
|turn|21
|
|t:|1758919862
|move|p2a: Great Tusk|Rapid Spin|p1a: Great Tusk
|-damage|p1a: Great Tusk|91/100
|-boost|p2a: Great Tusk|spe|1
|move|p1a: Great Tusk|Earthquake|p2a: Great Tusk
|-damage|p2a: Great Tusk|13/100
|
|-heal|p1a: Great Tusk|97/100|[from] item: Leftovers
|upkeep
|turn|22
|
|t:|1758919869
|-end|p2a: Great Tusk|Protosynthesis|[silent]
|switch|p2a: Kingambit|Kingambit, F|50/100
|-activate|p2a: Kingambit|ability: Supreme Overlord
|-start|p2a: Kingambit|fallen4|[silent]
|move|p1a: Great Tusk|Earthquake|p2a: Kingambit
|-supereffective|p2a: Kingambit
|-damage|p2a: Kingambit|0 fnt
|faint|p2a: Kingambit
|-end|p2a: Kingambit|fallen4|[silent]
|
|-heal|p1a: Great Tusk|100/100|[from] item: Leftovers
|upkeep
|
|t:|1758919875
|switch|p2a: Great Tusk|Great Tusk|13/100
|turn|23
|
|t:|1758919880
|move|p2a: Great Tusk|Ice Spinner|p1a: Great Tusk
|-supereffective|p1a: Great Tusk
|-damage|p1a: Great Tusk|70/100
|move|p1a: Great Tusk|Earthquake|p2a: Great Tusk
|-damage|p2a: Great Tusk|0 fnt
|faint|p2a: Great Tusk
|-end|p2a: Great Tusk|Protosynthesis|[silent]
|
|win|gabrielxd1023
|raw|gabrielxd1023's rating: 1653 &rarr; <strong>1677</strong><br />(+24 for winning)
|raw|lerendezvous's rating: 1730 &rarr; <strong>1706</strong><br />(-24 for losing)
