|j|☆xrayinformation
|j|☆Swagataka
|t:|1758926595
|gametype|singles
|player|p1|xrayinformation|dragontamer|1608
|player|p2|Swagataka|byron|1658
|gen|9
|tier|[Gen 9] OU
|rated|
|rule|HP Percentage Mod: HP is shown in percentages
|rule|Endless Battle Clause: Forcing endless battles is banned
|rule|Species Clause: Limit one of each Pokémon
|rule|OHKO Clause: OHKO moves are banned
|rule|Evasion Items Clause: Evasion items are banned
|rule|Evasion Moves Clause: Evasion moves are banned
|rule|Evasion Abilities Clause: Evasion abilities are banned
|rule|Sleep Moves Clause: Sleep-inducing moves are banned
|clearpoke
|poke|p1|Ambipom, F|
|poke|p1|Samurott-Hisui, F|
|poke|p1|Landorus-Therian, M|
|poke|p1|Iron Moth|
|poke|p1|Iron Valiant|
|poke|p1|Zamazenta-*|
|poke|p2|Quaquaval, F|
|poke|p2|Pecharunt|
|poke|p2|Great Tusk|
|poke|p2|Iron Crown|
|poke|p2|Lokix, F|
|poke|p2|Kingambit, M|
|teampreview
|
|t:|1758926611
|teamsize|p1|6
|teamsize|p2|6
|start
|switch|p1a: Samurott|Samurott-Hisui, F|100/100
|switch|p2a: System Of A Crown|Iron Crown|100/100
|turn|1
|
|t:|1758926624
|move|p2a: System Of A Crown|Volt Switch|p1a: Samurott
|-supereffective|p1a: Samurott
|-crit|p1a: Samurott
|-enditem|p1a: Samurott|Focus Sash
|-damage|p1a: Samurott|1/100
|j| crowv2
|
|t:|1758926627
|-end|p2a: System Of A Crown|Quark Drive|[silent]
|switch|p2a: Quack Sabbath|Quaquaval, F|100/100|[from] Volt Switch
|move|p1a: Samurott|Ceaseless Edge|p2a: Quack Sabbath
|-resisted|p2a: Quack Sabbath
|-damage|p2a: Quack Sabbath|76/100
|-sidestart|p2: Swagataka|Spikes
|
|-heal|p2a: Quack Sabbath|83/100|[from] item: Leftovers
|upkeep
|turn|2
|
|t:|1758926638
|move|p1a: Samurott|Aqua Jet|p2a: Quack Sabbath
|-resisted|p2a: Quack Sabbath
|-damage|p2a: Quack Sabbath|73/100
|move|p2a: Quack Sabbath|Aqua Step|p1a: Samurott
|-resisted|p1a: Samurott
|-damage|p1a: Samurott|0 fnt
|-boost|p2a: Quack Sabbath|spe|1
|faint|p1a: Samurott
|-ability|p2a: Quack Sabbath|Moxie|boost
|-boost|p2a: Quack Sabbath|atk|1
|
|-heal|p2a: Quack Sabbath|79/100|[from] item: Leftovers
|upkeep
|
|t:|1758926648
|switch|p1a: Zamazenta|Zamazenta|100/100
|-ability|p1a: Zamazenta|Dauntless Shield|boost
|-boost|p1a: Zamazenta|def|1
|turn|3
|
|t:|1758926655
|move|p1a: Zamazenta|Body Press|p2a: Quack Sabbath
|-damage|p2a: Quack Sabbath|25/100
|move|p2a: Quack Sabbath|Aqua Step|p1a: Zamazenta
|-damage|p1a: Zamazenta|73/100
|-boost|p2a: Quack Sabbath|spe|1
|
|-heal|p2a: Quack Sabbath|31/100|[from] item: Leftovers
|-heal|p1a: Zamazenta|79/100|[from] item: Leftovers
|upkeep
|turn|4
|
|t:|1758926663
|move|p2a: Quack Sabbath|Close Combat|p1a: Zamazenta
|-damage|p1a: Zamazenta|35/100
|-unboost|p2a: Quack Sabbath|def|1
|-unboost|p2a: Quack Sabbath|spd|1
|move|p1a: Zamazenta|Body Press|p2a: Quack Sabbath
|-damage|p2a: Quack Sabbath|0 fnt
|faint|p2a: Quack Sabbath
|
|-heal|p1a: Zamazenta|41/100|[from] item: Leftovers
|upkeep
|
|t:|1758926671
|switch|p2a: System Of A Crown|Iron Crown|100/100
|-damage|p2a: System Of A Crown|88/100|[from] Spikes
|turn|5
|
|t:|1758926691
|move|p1a: Zamazenta|Body Press|p2a: System Of A Crown
|-damage|p2a: System Of A Crown|37/100
|move|p2a: System Of A Crown|Psychic Noise|p1a: Zamazenta
|-supereffective|p1a: Zamazenta
|-damage|p1a: Zamazenta|0 fnt
|faint|p1a: Zamazenta
|
|upkeep
|
|t:|1758926700
|switch|p1a: Ambipom|Ambipom, F|100/100
|turn|6
|
|t:|1758926704
|move|p1a: Ambipom|Knock Off|p2a: System Of A Crown
|-supereffective|p2a: System Of A Crown
|-damage|p2a: System Of A Crown|0 fnt
|-enditem|p2a: System Of A Crown|Choice Specs|[from] move: Knock Off|[of] p1a: Ambipom
|faint|p2a: System Of A Crown
|-end|p2a: System Of A Crown|Quark Drive|[silent]
|
|upkeep
|
|t:|1758926707
|switch|p2a: Steely Don|Great Tusk|100/100
|turn|7
|
|t:|1758926712
|move|p1a: Ambipom|Triple Axel|p2a: Steely Don
|-supereffective|p2a: Steely Don
|-damage|p2a: Steely Don|88/100
|-supereffective|p2a: Steely Don
|-damage|p2a: Steely Don|61/100
|-supereffective|p2a: Steely Don
|-damage|p2a: Steely Don|21/100
|-hitcount|p2a: Steely Don|3
|move|p2a: Steely Don|Rapid Spin|p1a: Ambipom
|-damage|p1a: Ambipom|71/100
|-boost|p2a: Steely Don|spe|1
|-sideend|p2: Swagataka|Spikes|[from] move: Rapid Spin|[of] p2a: Steely Don
|
|upkeep
|turn|8
|
|t:|1758926721
|switch|p1a: Landorus|Landorus-Therian, M|100/100
|-ability|p1a: Landorus|Intimidate|boost
|-unboost|p2a: Steely Don|atk|1
|move|p2a: Steely Don|Headlong Rush|p1a: Landorus
|-immune|p1a: Landorus
|
|upkeep
|turn|9
|
|t:|1758926727
|move|p2a: Steely Don|Ice Spinner|p1a: Landorus
|-supereffective|p1a: Landorus
|-damage|p1a: Landorus|34/100
|-damage|p2a: Steely Don|5/100|[from] item: Rocky Helmet|[of] p1a: Landorus
|move|p1a: Landorus|Earthquake|p2a: Steely Don
|-damage|p2a: Steely Don|0 fnt
|faint|p2a: Steely Don
|-end|p2a: Steely Don|Protosynthesis|[silent]
|
|upkeep
|inactive|Battle timer is ON: inactive players will automatically lose when time's up. (requested by xrayinformation)
|
|t:|1758926737
|switch|p2a: Knoc Party|Lokix, F|100/100
|turn|10
|
|t:|1758926746
|switch|p1a: Ambipom|Ambipom, F|71/100
|move|p2a: Knoc Party|Swords Dance|p2a: Knoc Party
|-boost|p2a: Knoc Party|atk|2
|
|upkeep
|turn|11
|
|t:|1758926749
|move|p1a: Ambipom|Fake Out|p2a: Knoc Party
|-damage|p2a: Knoc Party|59/100
|cant|p2a: Knoc Party|flinch
|
|upkeep
|turn|12
|
|t:|1758926765
|switch|p1a: Landorus|Landorus-Therian, M|34/100
|-ability|p1a: Landorus|Intimidate|boost
|-unboost|p2a: Knoc Party|atk|1
|move|p2a: Knoc Party|Sucker Punch||[still]
|-fail|p2a: Knoc Party
|
|upkeep
|turn|13
|
|t:|1758926779
|switch|p1a: Ambipom|Ambipom, F|71/100
|move|p2a: Knoc Party|Leech Life|p1a: Ambipom
|-damage|p1a: Ambipom|0 fnt
|-heal|p2a: Knoc Party|95/100|[from] drain|[of] p1a: Ambipom
|faint|p1a: Ambipom
|-damage|p2a: Knoc Party|85/100|[from] item: Life Orb
|
|upkeep
|
|t:|1758926782
|switch|p1a: Iron Moth|Iron Moth|100/100
|-enditem|p1a: Iron Moth|Booster Energy
|-activate|p1a: Iron Moth|ability: Quark Drive|[fromitem]
|-start|p1a: Iron Moth|quarkdrivespe
|turn|14
|
|t:|1758926785
|-terastallize|p2a: Knoc Party|Dark
|move|p2a: Knoc Party|Sucker Punch||[still]
|-fail|p2a: Knoc Party
|move|p1a: Iron Moth|Substitute|p1a: Iron Moth
|-start|p1a: Iron Moth|Substitute
|-damage|p1a: Iron Moth|76/100
|
|upkeep
|turn|15
|
|t:|1758926802
|move|p1a: Iron Moth|Fiery Dance|p2a: Knoc Party
|-damage|p2a: Knoc Party|0 fnt
|-boost|p1a: Iron Moth|spa|1
|faint|p2a: Knoc Party
|
|upkeep
|-message|Swagataka forfeited.
|
|win|xrayinformation
|raw|xrayinformation's rating: 1608 &rarr; <strong>1631</strong><br />(+23 for winning)
|raw|Swagataka's rating: 1658 &rarr; <strong>1635</strong><br />(-23 for losing)
|l|☆Swagataka
|player|p2|
|l|☆xrayinformation
|player|p1|
|l| crowv2
