|j|☆Goodnight Yubi
|j|☆Borderofseal
|t:|1758944905
|gametype|singles
|player|p1|Goodnight Yubi|brycenman|1496
|player|p2|Borderofseal|169|1499
|gen|9
|tier|[Gen 9] OU
|rated|
|rule|HP Percentage Mod: HP is shown in percentages
|rule|Endless Battle Clause: Forcing endless battles is banned
|rule|Species Clause: Limit one of each Pokémon
|rule|OHKO Clause: OHKO moves are banned
|rule|Evasion Items Clause: Evasion items are banned
|rule|Evasion Moves Clause: Evasion moves are banned
|rule|Evasion Abilities Clause: Evasion abilities are banned
|rule|Sleep Moves Clause: Sleep-inducing moves are banned
|clearpoke
|poke|p1|Zamazenta-*|
|poke|p1|Gholdengo|
|poke|p1|Landorus-Therian, M|
|poke|p1|Kyurem|
|poke|p1|Ting-Lu|
|poke|p1|Hatterene, F|
|poke|p2|Slowking-Galar, M|
|poke|p2|Moltres|
|poke|p2|Great Tusk|
|poke|p2|Samurott-Hisui, F|
|poke|p2|Dragapult, M|
|poke|p2|Weavile, F|
|teampreview
|inactive|Battle timer is ON: inactive players will automatically lose when time's up. (requested by Borderofseal)
|
|t:|1758944913
|teamsize|p1|6
|teamsize|p2|6
|start
|switch|p1a: Landorus|Landorus-Therian, M|100/100
|switch|p2a: Samurott|Samurott-Hisui, F|100/100
|-ability|p1a: Landorus|Intimidate|boost
|-unboost|p2a: Samurott|atk|1
|turn|1
|
|t:|1758944925
|move|p1a: Landorus|U-turn|p2a: Samurott
|-supereffective|p2a: Samurott
|-damage|p2a: Samurott|48/100
|
|t:|1758944932
|switch|p1a: Kyurem|Kyurem|100/100|[from] U-turn
|-ability|p1a: Kyurem|Pressure
|move|p2a: Samurott|Ceaseless Edge|p1a: Kyurem
|-damage|p1a: Kyurem|70/100
|-sidestart|p1: Goodnight Yubi|Spikes
|
|upkeep
|turn|2
|
|t:|1758944941
|switch|p2a: Slowking|Slowking-Galar, M|100/100
|move|p1a: Kyurem|Earth Power|p2a: Slowking
|-supereffective|p2a: Slowking
|-damage|p2a: Slowking|42/100
|
|upkeep
|turn|3
|
|t:|1758944951
|switch|p1a: Landorus|Landorus-Therian, M|100/100
|-ability|p1a: Landorus|Intimidate|boost
|-unboost|p2a: Slowking|atk|1
|switch|p2a: Moltres|Moltres|100/100
|
|upkeep
|turn|4
|
|t:|1758944954
|switch|p2a: Great Tusk|Great Tusk|100/100
|move|p1a: Landorus|Stone Edge|p2a: Great Tusk
|-resisted|p2a: Great Tusk
|-damage|p2a: Great Tusk|94/100
|
|upkeep
|turn|5
|
|t:|1758944972
|switch|p1a: Gholdengo|Gholdengo|100/100
|-item|p1a: Gholdengo|Air Balloon
|move|p2a: Great Tusk|Stealth Rock|p1a: Gholdengo
|-sidestart|p1: Goodnight Yubi|move: Stealth Rock
|
|upkeep
|turn|6
|
|t:|1758944983
|-end|p2a: Great Tusk|Protosynthesis|[silent]
|switch|p2a: Moltres|Moltres|100/100
|move|p1a: Gholdengo|Make It Rain|p2a: Moltres
|-resisted|p2a: Moltres
|-damage|p2a: Moltres|70/100
|-unboost|p1a: Gholdengo|spa|1
|
|upkeep
|turn|7
|-message|Goodnight Yubi forfeited.
|
|win|Borderofseal
|raw|Goodnight Yubi's rating: 1496 &rarr; <strong>1476</strong><br />(-20 for losing)
|raw|Borderofseal's rating: 1499 &rarr; <strong>1519</strong><br />(+20 for winning)
|l|☆Goodnight Yubi
|player|p1|
