|j|☆werearewe
|j|☆Hurricane_Slash
|t:|1758999456
|gametype|singles
|player|p1|werearewe|2|1410
|player|p2|Hurricane_Slash|iris-gen5bw2|1354
|gen|9
|tier|[Gen 9] OU
|rated|
|rule|HP Percentage Mod: HP is shown in percentages
|rule|Endless Battle Clause: Forcing endless battles is banned
|rule|Species Clause: Limit one of each Pokémon
|rule|OHKO Clause: OHKO moves are banned
|rule|Evasion Items Clause: Evasion items are banned
|rule|Evasion Moves Clause: Evasion moves are banned
|rule|Evasion Abilities Clause: Evasion abilities are banned
|rule|Sleep Moves Clause: Sleep-inducing moves are banned
|clearpoke
|poke|p1|Ribombee, M|
|poke|p1|Cinderace, M|
|poke|p1|Ogerpon, F|
|poke|p1|Milotic, F|
|poke|p1|Kingambit, F|
|poke|p1|Serperior, F|
|poke|p2|Torkoal, F|
|poke|p2|Hatterene, F|
|poke|p2|Raging Bolt|
|poke|p2|Slither Wing|
|poke|p2|Venusaur, F|
|poke|p2|Walking Wake|
|teampreview
|
|t:|1758999464
|teamsize|p1|6
|teamsize|p2|6
|start
|switch|p1a: Ribombee|Ribombee, M|100/100
|switch|p2a: Torkoal|Torkoal, F|100/100
|-weather|SunnyDay|[from] ability: Drought|[of] p2a: Torkoal
|turn|1
|
|t:|1758999499
|move|p1a: Ribombee|Sticky Web|p2a: Torkoal
|-sidestart|p2: Hurricane_Slash|move: Sticky Web
|move|p2a: Torkoal|Overheat|p1a: Ribombee
|-supereffective|p1a: Ribombee
|-enditem|p1a: Ribombee|Focus Sash
|-damage|p1a: Ribombee|1/100
|-unboost|p2a: Torkoal|spa|2
|
|-weather|SunnyDay|[upkeep]
|upkeep
|turn|2
|
|t:|1758999510
|-terastallize|p1a: Ribombee|Ghost
|move|p1a: Ribombee|Stun Spore|p2a: Torkoal
|-status|p2a: Torkoal|par
|move|p2a: Torkoal|Stealth Rock|p1a: Ribombee
|-sidestart|p1: werearewe|move: Stealth Rock
|
|-weather|SunnyDay|[upkeep]
|upkeep
|turn|3
|
|t:|1758999516
|move|p1a: Ribombee|Moonblast|p2a: Torkoal
|-resisted|p2a: Torkoal
|-damage|p2a: Torkoal|78/100 par
|cant|p2a: Torkoal|par
|
|-weather|SunnyDay|[upkeep]
|upkeep
|turn|4
|
|t:|1758999520
|move|p1a: Ribombee|Moonblast|p2a: Torkoal
|-resisted|p2a: Torkoal
|-damage|p2a: Torkoal|52/100 par
|-unboost|p2a: Torkoal|spa|1
|move|p2a: Torkoal|Earthquake|p1a: Ribombee
|-damage|p1a: Ribombee|0 fnt
|faint|p1a: Ribombee
|
|-weather|SunnyDay|[upkeep]
|upkeep
|
|t:|1758999526
|switch|p1a: Cinderace|Cinderace, M|100/100
|turn|5
|
|t:|1758999532
|switch|p2a: Walking Wake|Walking Wake|100/100
|-activate|p2a: Walking Wake|move: Sticky Web
|-unboost|p2a: Walking Wake|spe|1
|-activate|p2a: Walking Wake|ability: Protosynthesis
|-start|p2a: Walking Wake|protosynthesisspa
|move|p1a: Cinderace|Court Change|p1a: Cinderace
|-swapsideconditions
|-activate|p1a: Cinderace|move: Court Change
|
|-weather|SunnyDay|[upkeep]
|upkeep
|turn|6
|
|t:|1758999544
|move|p1a: Cinderace|U-turn|p2a: Walking Wake
|-damage|p2a: Walking Wake|81/100
|
|t:|1758999547
|switch|p1a: Milotic|Milotic, F|100/100|[from] U-turn
|-activate|p1a: Milotic|move: Sticky Web
|-unboost|p1a: Milotic|spe|1
|-ability|p1a: Milotic|Competitive|boost
|-boost|p1a: Milotic|spa|2
|move|p2a: Walking Wake|Weather Ball|p1a: Milotic
|-resisted|p1a: Milotic
|-damage|p1a: Milotic|83/100
|
|-weather|SunnyDay|[upkeep]
|upkeep
|turn|7
|
|t:|1758999555
|move|p2a: Walking Wake|Flip Turn|p1a: Milotic
|-resisted|p1a: Milotic
|-damage|p1a: Milotic|79/100
|
|t:|1758999569
|-end|p2a: Walking Wake|Protosynthesis|[silent]
|switch|p2a: Slither Wing|Slither Wing|100/100|[from] Flip Turn
|-damage|p2a: Slither Wing|88/100|[from] Stealth Rock
|-activate|p2a: Slither Wing|ability: Protosynthesis
|-start|p2a: Slither Wing|protosynthesisatk
|move|p1a: Milotic|Draining Kiss|p2a: Slither Wing
|-supereffective|p2a: Slither Wing
|-damage|p2a: Slither Wing|45/100
|-heal|p1a: Milotic|100/100|[from] drain|[of] p2a: Slither Wing
|
|-weather|SunnyDay|[upkeep]
|upkeep
|turn|8
|
|t:|1758999582
|switch|p1a: Cinderace|Cinderace, M|100/100
|move|p2a: Slither Wing|First Impression|p1a: Cinderace
|-resisted|p1a: Cinderace
|-damage|p1a: Cinderace|59/100
|
|-weather|none
|-end|p2a: Slither Wing|Protosynthesis
|upkeep
|turn|9
|
|t:|1758999595
|-terastallize|p2a: Slither Wing|Fire
|move|p1a: Cinderace|U-turn|p2a: Slither Wing
|-resisted|p2a: Slither Wing
|-damage|p2a: Slither Wing|33/100
|
|t:|1758999600
|switch|p1a: Milotic|Milotic, F|100/100|[from] U-turn
|-activate|p1a: Milotic|move: Sticky Web
|-unboost|p1a: Milotic|spe|1
|-ability|p1a: Milotic|Competitive|boost
|-boost|p1a: Milotic|spa|2
|move|p2a: Slither Wing|Earthquake|p1a: Milotic
|-damage|p1a: Milotic|58/100
|
|upkeep
|turn|10
|
|t:|1758999609
|-end|p2a: Slither Wing|Protosynthesis|[silent]
|switch|p2a: Torkoal|Torkoal, F|52/100 par
|-damage|p2a: Torkoal|27/100 par|[from] Stealth Rock
|-weather|SunnyDay|[from] ability: Drought|[of] p2a: Torkoal
|switch|p1a: Cinderace|Cinderace, M|59/100
|
|-weather|SunnyDay|[upkeep]
|upkeep
|turn|11
|
|t:|1758999645
|switch|p2a: Raging Bolt|Raging Bolt|100/100
|-damage|p2a: Raging Bolt|88/100|[from] Stealth Rock
|-activate|p2a: Raging Bolt|ability: Protosynthesis
|-start|p2a: Raging Bolt|protosynthesisspa
|move|p1a: Cinderace|Pyro Ball|p2a: Raging Bolt
|-resisted|p2a: Raging Bolt
|-damage|p2a: Raging Bolt|53/100
|
|-weather|SunnyDay|[upkeep]
|upkeep
|turn|12
|
|t:|1758999660
|move|p1a: Cinderace|Pyro Ball|p2a: Raging Bolt
|-resisted|p2a: Raging Bolt
|-damage|p2a: Raging Bolt|20/100
|-status|p2a: Raging Bolt|brn
|move|p2a: Raging Bolt|Dragon Pulse|p1a: Cinderace
|-damage|p1a: Cinderace|0 fnt
|faint|p1a: Cinderace
|-damage|p2a: Raging Bolt|10/100 brn|[from] item: Life Orb
|
|-weather|SunnyDay|[upkeep]
|-damage|p2a: Raging Bolt|4/100 brn|[from] brn
|upkeep
|
|t:|1758999664
|switch|p1a: Serperior|Serperior, F|100/100
|-activate|p1a: Serperior|move: Sticky Web
|-boost|p1a: Serperior|spe|1
|turn|13
|
|t:|1758999670
|move|p1a: Serperior|Leaf Storm|p2a: Raging Bolt
|-resisted|p2a: Raging Bolt
|-damage|p2a: Raging Bolt|0 fnt
|-boost|p1a: Serperior|spa|2
|faint|p2a: Raging Bolt
|-end|p2a: Raging Bolt|Protosynthesis|[silent]
|
|-weather|SunnyDay|[upkeep]
|upkeep
|
|t:|1758999678
|switch|p2a: Slither Wing|Slither Wing, tera:Fire|33/100
|-damage|p2a: Slither Wing|8/100|[from] Stealth Rock
|-activate|p2a: Slither Wing|ability: Protosynthesis
|-start|p2a: Slither Wing|protosynthesisatk
|turn|14
|
|t:|1758999692
|switch|p1a: Kingambit|Kingambit, F|100/100
|-activate|p1a: Kingambit|move: Sticky Web
|-unboost|p1a: Kingambit|spe|1
|-ability|p1a: Kingambit|Defiant|boost
|-boost|p1a: Kingambit|atk|2
|move|p2a: Slither Wing|First Impression|p1a: Kingambit
|-damage|p1a: Kingambit|50/100
|
|-weather|SunnyDay|[upkeep]
|upkeep
|turn|15
|
|t:|1758999699
|move|p2a: Slither Wing|Temper Flare|p1a: Kingambit
|-supereffective|p1a: Kingambit
|-damage|p1a: Kingambit|0 fnt
|faint|p1a: Kingambit
|
|-weather|SunnyDay|[upkeep]
|upkeep
|
|t:|1758999705
|switch|p1a: Serperior|Serperior, F|100/100
|-activate|p1a: Serperior|move: Sticky Web
|-boost|p1a: Serperior|spe|1
|turn|16
|
|t:|1758999711
|-end|p2a: Slither Wing|Protosynthesis|[silent]
|switch|p2a: Hatterene|Hatterene, F|100/100
|-damage|p2a: Hatterene|88/100|[from] Stealth Rock
|-item|p2a: Hatterene|Air Balloon
|move|p1a: Serperior|Leaf Storm|p2a: Hatterene
|-damage|p2a: Hatterene|37/100
|-boost|p1a: Serperior|spa|2
|-enditem|p2a: Hatterene|Air Balloon
|
|-weather|SunnyDay|[upkeep]
|upkeep
|turn|17
|
|t:|1758999734
|move|p1a: Serperior|Leaf Storm|p2a: Hatterene
|-damage|p2a: Hatterene|0 fnt
|-boost|p1a: Serperior|spa|2
|faint|p2a: Hatterene
|
|-weather|none
|upkeep
|
|t:|1758999737
|switch|p2a: Torkoal|Torkoal, F|27/100 par
|-damage|p2a: Torkoal|2/100 par|[from] Stealth Rock
|-weather|SunnyDay|[from] ability: Drought|[of] p2a: Torkoal
|turn|18
|
|t:|1758999742
|move|p1a: Serperior|Leaf Storm|p2a: Torkoal|[miss]
|-miss|p1a: Serperior|p2a: Torkoal
|move|p2a: Torkoal|Overheat|p1a: Serperior
|-supereffective|p1a: Serperior
|-damage|p1a: Serperior|0 fnt
|-unboost|p2a: Torkoal|spa|2
|faint|p1a: Serperior
|
|-weather|SunnyDay|[upkeep]
|upkeep
|
|t:|1758999753
|switch|p1a: Milotic|Milotic, F|58/100
|-activate|p1a: Milotic|move: Sticky Web
|-unboost|p1a: Milotic|spe|1
|-ability|p1a: Milotic|Competitive|boost
|-boost|p1a: Milotic|spa|2
|turn|19
|
|t:|1758999758
|move|p1a: Milotic|Draining Kiss|p2a: Torkoal
|-resisted|p2a: Torkoal
|-damage|p2a: Torkoal|0 fnt
|-heal|p1a: Milotic|59/100|[from] drain|[of] p2a: Torkoal
|faint|p2a: Torkoal
|
|-weather|SunnyDay|[upkeep]
|upkeep
|
|t:|1758999767
|switch|p2a: Venusaur|Venusaur, F|100/100
|-damage|p2a: Venusaur|88/100|[from] Stealth Rock
|turn|20
|
|t:|1758999782
|move|p2a: Venusaur|Growth|p2a: Venusaur
|-boost|p2a: Venusaur|atk|2
|-boost|p2a: Venusaur|spa|2
|move|p1a: Milotic|Ice Beam|p2a: Venusaur
|-supereffective|p2a: Venusaur
|-damage|p2a: Venusaur|0 fnt
|faint|p2a: Venusaur
|
|-weather|SunnyDay|[upkeep]
|upkeep
|
|t:|1758999786
|switch|p2a: Walking Wake|Walking Wake|81/100
|-damage|p2a: Walking Wake|69/100|[from] Stealth Rock
|-activate|p2a: Walking Wake|ability: Protosynthesis
|-start|p2a: Walking Wake|protosynthesisspe
|turn|21
|
|t:|1758999790
|move|p2a: Walking Wake|Draco Meteor|p1a: Milotic
|-damage|p1a: Milotic|22/100
|-unboost|p2a: Walking Wake|spa|2
|move|p1a: Milotic|Draining Kiss|p2a: Walking Wake
|-supereffective|p2a: Walking Wake
|-damage|p2a: Walking Wake|0 fnt
|-heal|p1a: Milotic|66/100|[from] drain|[of] p2a: Walking Wake
|faint|p2a: Walking Wake
|-end|p2a: Walking Wake|Protosynthesis|[silent]
|
|-weather|SunnyDay|[upkeep]
|upkeep
|
|t:|1758999794
|switch|p2a: Slither Wing|Slither Wing, tera:Fire|8/100
|-damage|p2a: Slither Wing|0 fnt|[from] Stealth Rock
|faint|p2a: Slither Wing
|-end|p2a: Slither Wing|Protosynthesis|[silent]
|
|win|werearewe
|raw|werearewe's rating: 1410 &rarr; <strong>1427</strong><br />(+17 for winning)
|raw|Hurricane_Slash's rating: 1354 &rarr; <strong>1337</strong><br />(-17 for losing)
|l|☆werearewe
|player|p1|
|l|☆Hurricane_Slash
|player|p2|
