|j|☆zoeinkss
|j|☆mr6il0
|t:|1758956184
|gametype|singles
|player|p1|zoeinkss|morty|1140
|player|p2|mr6il0|pokefan-gen4|1113
|gen|9
|tier|[Gen 9] OU
|rated|
|rule|HP Percentage Mod: HP is shown in percentages
|rule|Endless Battle Clause: Forcing endless battles is banned
|rule|Species Clause: Limit one of each Pokémon
|rule|OHKO Clause: OHKO moves are banned
|rule|Evasion Items Clause: Evasion items are banned
|rule|Evasion Moves Clause: Evasion moves are banned
|rule|Evasion Abilities Clause: Evasion abilities are banned
|rule|Sleep Moves Clause: Sleep-inducing moves are banned
|clearpoke
|poke|p1|Metagross|
|poke|p1|Typhlosion, M|
|poke|p1|Toxapex, F|
|poke|p1|Hawlucha, M|
|poke|p1|Glimmora, F|
|poke|p1|Noivern, F|
|poke|p2|Komala, F|
|poke|p2|Zapdos|
|poke|p2|Slowbro, F|
|poke|p2|Chandelure, M|
|poke|p2|Forretress, F|
|poke|p2|Kingambit, M|
|teampreview
|
|t:|1758956207
|teamsize|p1|6
|teamsize|p2|6
|start
|switch|p1a: Glimmora|Glimmora, F|100/100
|switch|p2a: Kingambit|Kingambit, M|100/100
|turn|1
|
|t:|1758956227
|move|p1a: Glimmora|Earth Power|p2a: Kingambit
|-supereffective|p2a: Kingambit
|-damage|p2a: Kingambit|16/100
|move|p2a: Kingambit|Iron Head|p1a: Glimmora
|-supereffective|p1a: Glimmora
|-damage|p1a: Glimmora|0 fnt
|-activate|p1a: Glimmora|ability: Toxic Debris
|-sidestart|p2: mr6il0|move: Toxic Spikes
|faint|p1a: Glimmora
|
|upkeep
|
|t:|1758956242
|switch|p1a: Hawlucha|Hawlucha, M|100/100
|turn|2
|
|t:|1758956245
|-end|p2a: Kingambit|fallenundefined|[silent]
|switch|p2a: Forretress|Forretress, F|100/100
|move|p1a: Hawlucha|Swords Dance|p1a: Hawlucha
|-boost|p1a: Hawlucha|atk|2
|
|upkeep
|turn|3
|
|t:|1758956252
|move|p1a: Hawlucha|Close Combat|p2a: Forretress
|-damage|p2a: Forretress|37/100
|-unboost|p1a: Hawlucha|def|1
|-unboost|p1a: Hawlucha|spd|1
|-damage|p1a: Hawlucha|84/100|[from] item: Rocky Helmet|[of] p2a: Forretress
|-enditem|p1a: Hawlucha|White Herb
|-clearnegativeboost|p1a: Hawlucha|[silent]
|move|p2a: Forretress|Rapid Spin|p1a: Hawlucha
|-damage|p1a: Hawlucha|68/100
|-boost|p2a: Forretress|spe|1
|-sideend|p2: mr6il0|Toxic Spikes|[from] move: Rapid Spin|[of] p2a: Forretress
|
|upkeep
|turn|4
|
|t:|1758956269
|move|p1a: Hawlucha|Acrobatics|p2a: Forretress
|-damage|p2a: Forretress|0 fnt
|-damage|p1a: Hawlucha|51/100|[from] item: Rocky Helmet|[of] p2a: Forretress
|faint|p2a: Forretress
|
|upkeep
|
|t:|1758956289
|switch|p2a: Zapdos|Zapdos|100/100
|-ability|p2a: Zapdos|Pressure
|turn|5
|
|t:|1758956300
|move|p1a: Hawlucha|Close Combat|p2a: Zapdos
|-resisted|p2a: Zapdos
|-damage|p2a: Zapdos|31/100
|-unboost|p1a: Hawlucha|def|1
|-unboost|p1a: Hawlucha|spd|1
|move|p2a: Zapdos|Thunderbolt|p1a: Hawlucha
|-supereffective|p1a: Hawlucha
|-damage|p1a: Hawlucha|0 fnt
|faint|p1a: Hawlucha
|
|upkeep
|
|t:|1758956331
|switch|p1a: Metagross|Metagross|100/100
|-item|p1a: Metagross|Air Balloon
|turn|6
|
|t:|1758956339
|move|p2a: Zapdos|Roost|p2a: Zapdos
|-heal|p2a: Zapdos|81/100
|-singleturn|p2a: Zapdos|move: Roost
|move|p1a: Metagross|Agility|p1a: Metagross
|-boost|p1a: Metagross|spe|2
|
|upkeep
|turn|7
|
|t:|1758956346
|move|p1a: Metagross|Zen Headbutt|p2a: Zapdos
|-damage|p2a: Zapdos|24/100
|move|p2a: Zapdos|Heat Wave|p1a: Metagross|[miss]
|-miss|p2a: Zapdos|p1a: Metagross
|
|upkeep
|turn|8
|
|t:|1758956352
|move|p1a: Metagross|Zen Headbutt|p2a: Zapdos
|-damage|p2a: Zapdos|0 fnt
|faint|p2a: Zapdos
|
|upkeep
|
|t:|1758956360
|switch|p2a: Slowbro|Slowbro, F|100/100
|turn|9
|
|t:|1758956367
|move|p1a: Metagross|Earthquake|p2a: Slowbro
|-damage|p2a: Slowbro|70/100
|move|p2a: Slowbro|Flamethrower|p1a: Metagross
|-supereffective|p1a: Metagross
|-damage|p1a: Metagross|28/100
|-enditem|p1a: Metagross|Air Balloon
|
|upkeep
|turn|10
|
|t:|1758956374
|switch|p1a: Typhlosion|Typhlosion, M|100/100
|move|p2a: Slowbro|Scald|p1a: Typhlosion
|-supereffective|p1a: Typhlosion
|-damage|p1a: Typhlosion|3/100
|
|upkeep
|turn|11
|
|t:|1758956383
|move|p1a: Typhlosion|Tera Blast|p2a: Slowbro
|-damage|p2a: Slowbro|46/100
|move|p2a: Slowbro|Scald|p1a: Typhlosion
|-supereffective|p1a: Typhlosion
|-damage|p1a: Typhlosion|0 fnt
|faint|p1a: Typhlosion
|
|upkeep
|
|t:|1758956394
|switch|p1a: Noivern|Noivern, F|100/100
|turn|12
|
|t:|1758956399
|switch|p2a: Komala|Komala, F|100/100
|-ability|p2a: Komala|Comatose
|move|p1a: Noivern|Draco Meteor|p2a: Komala
|-damage|p2a: Komala|71/100
|-unboost|p1a: Noivern|spa|2
|
|upkeep
|turn|13
|
|t:|1758956408
|switch|p1a: Metagross|Metagross|28/100
|move|p2a: Komala|U-turn|p1a: Metagross
|-damage|p1a: Metagross|10/100
|
|t:|1758956418
|switch|p2a: Chandelure|Chandelure, M, shiny|100/100|[from] U-turn
|
|upkeep
|turn|14
|
|t:|1758956431
|move|p2a: Chandelure|Shadow Ball|p1a: Metagross
|-supereffective|p1a: Metagross
|-damage|p1a: Metagross|0 fnt
|faint|p1a: Metagross
|
|upkeep
|-message|zoeinkss forfeited.
|
|win|mr6il0
|raw|zoeinkss's rating: 1140 &rarr; <strong>1113</strong><br />(-27 for losing)
|raw|mr6il0's rating: 1113 &rarr; <strong>1140</strong><br />(+27 for winning)
|l|☆zoeinkss
|player|p1|
|l|☆mr6il0
|player|p2|
