|j|☆bertoskyT
|j|☆Auburn Hills
|t:|1759001062
|gametype|singles
|player|p1|bertoskyT|ethan|1669
|player|p2|Auburn Hills|alder|1746
|gen|9
|tier|[Gen 9] OU
|rated|
|rule|HP Percentage Mod: HP is shown in percentages
|rule|Endless Battle Clause: Forcing endless battles is banned
|rule|Species Clause: Limit one of each Pokémon
|rule|OHKO Clause: OHKO moves are banned
|rule|Evasion Items Clause: Evasion items are banned
|rule|Evasion Moves Clause: Evasion moves are banned
|rule|Evasion Abilities Clause: Evasion abilities are banned
|rule|Sleep Moves Clause: Sleep-inducing moves are banned
|clearpoke
|poke|p1|Dragapult, F|
|poke|p1|Landorus-Therian, M|
|poke|p1|Ogerpon-Wellspring, F|
|poke|p1|Greninja-*, M|
|poke|p1|Slowking-Galar, F|
|poke|p1|Forretress, M|
|poke|p2|Iron Moth|
|poke|p2|Umbreon, M|
|poke|p2|Garchomp, F|
|poke|p2|Glimmora, M|
|poke|p2|Gholdengo|
|poke|p2|Dragonite, F|
|teampreview
|
|t:|1759001065
|teamsize|p1|6
|teamsize|p2|6
|start
|switch|p1a: Landorus|Landorus-Therian, M|100/100
|switch|p2a: Julia Jacklin|Glimmora, M|100/100
|-ability|p1a: Landorus|Intimidate|boost
|-unboost|p2a: Julia Jacklin|atk|1
|turn|1
|
|t:|1759001067
|move|p2a: Julia Jacklin|Mortal Spin|p1a: Landorus
|-resisted|p1a: Landorus
|-damage|p1a: Landorus|99/100
|-status|p1a: Landorus|psn
|-damage|p2a: Julia Jacklin|84/100|[from] item: Rocky Helmet|[of] p1a: Landorus
|move|p1a: Landorus|Earth Power|p2a: Julia Jacklin
|-supereffective|p2a: Julia Jacklin
|-damage|p2a: Julia Jacklin|0 fnt
|faint|p2a: Julia Jacklin
|
|-damage|p1a: Landorus|87/100 psn|[from] psn
|upkeep
|
|t:|1759001069
|switch|p2a: Elucid|Dragonite, F|100/100
|turn|2
|
|t:|1759001073
|move|p2a: Elucid|Dragon Dance|p2a: Elucid
|-boost|p2a: Elucid|atk|1
|-boost|p2a: Elucid|spe|1
|move|p1a: Landorus|Taunt|p2a: Elucid
|-start|p2a: Elucid|move: Taunt
|
|-damage|p1a: Landorus|74/100 psn|[from] psn
|upkeep
|turn|3
|
|t:|1759001078
|move|p2a: Elucid|Earthquake|p1a: Landorus
|-immune|p1a: Landorus
|move|p1a: Landorus|U-turn|p2a: Elucid
|-resisted|p2a: Elucid
|-damage|p2a: Elucid|95/100
|
|t:|1759001084
|switch|p1a: Slowking|Slowking-Galar, F|100/100|[from] U-turn
|
|upkeep
|turn|4
|
|t:|1759001089
|-terastallize|p1a: Slowking|Water
|move|p2a: Elucid|Earthquake|p1a: Slowking
|-damage|p1a: Slowking|41/100
|move|p1a: Slowking|Thunder Wave|p2a: Elucid|[miss]
|-miss|p1a: Slowking|p2a: Elucid
|
|upkeep
|turn|5
|
|t:|1759001096
|switch|p1a: Landorus|Landorus-Therian, M|74/100 psn
|-ability|p1a: Landorus|Intimidate|boost
|-unboost|p2a: Elucid|atk|1
|move|p2a: Elucid|Ice Spinner|p1a: Landorus
|-supereffective|p1a: Landorus
|-damage|p1a: Landorus|0 fnt
|-damage|p2a: Elucid|79/100|[from] item: Rocky Helmet|[of] p1a: Landorus
|faint|p1a: Landorus
|
|-end|p2a: Elucid|move: Taunt
|upkeep
|
|t:|1759001100
|switch|p1a: Slowking|Slowking-Galar, F, tera:Water|74/100
|turn|6
|
|t:|1759001102
|switch|p2a: Smino|Gholdengo|100/100
|move|p1a: Slowking|Thunder Wave|p2a: Smino
|-immune|p2a: Smino|[from] ability: Good as Gold
|
|upkeep
|turn|7
|
|t:|1759001110
|switch|p1a: Ogerpon|Ogerpon-Wellspring, F|100/100
|move|p2a: Smino|Trick||[still]
|-fail|p2a: Smino
|
|upkeep
|turn|8
|
|t:|1759001117
|switch|p2a: Elucid|Dragonite, F|79/100
|move|p1a: Ogerpon|Swords Dance|p1a: Ogerpon
|-boost|p1a: Ogerpon|atk|2
|
|upkeep
|turn|9
|
|t:|1759001121
|move|p2a: Elucid|Extreme Speed|p1a: Ogerpon
|-damage|p1a: Ogerpon|57/100
|move|p1a: Ogerpon|Knock Off|p2a: Elucid
|-damage|p2a: Elucid|0 fnt
|-enditem|p2a: Elucid|Heavy-Duty Boots|[from] move: Knock Off|[of] p1a: Ogerpon
|faint|p2a: Elucid
|
|upkeep
|
|t:|1759001131
|switch|p2a: Smino|Gholdengo|100/100
|turn|10
|
|t:|1759001137
|move|p2a: Smino|Shadow Ball|p1a: Ogerpon
|-damage|p1a: Ogerpon|9/100
|move|p1a: Ogerpon|Knock Off|p2a: Smino
|-supereffective|p2a: Smino
|-damage|p2a: Smino|0 fnt
|-enditem|p2a: Smino|Choice Scarf|[from] move: Knock Off|[of] p1a: Ogerpon
|faint|p2a: Smino
|
|upkeep
|
|t:|1759001140
|switch|p2a: Carly Rae|Iron Moth|100/100
|-enditem|p2a: Carly Rae|Booster Energy
|-activate|p2a: Carly Rae|ability: Quark Drive|[fromitem]
|-start|p2a: Carly Rae|quarkdrivespe
|turn|11
|
|t:|1759001153
|move|p2a: Carly Rae|Fiery Dance|p1a: Ogerpon
|-damage|p1a: Ogerpon|0 fnt
|-boost|p2a: Carly Rae|spa|1
|faint|p1a: Ogerpon
|
|upkeep
|
|t:|1759001157
|switch|p1a: Slowking|Slowking-Galar, F, tera:Water|100/100
|turn|12
|
|t:|1759001160
|move|p2a: Carly Rae|Discharge|p1a: Slowking
|-supereffective|p1a: Slowking
|-damage|p1a: Slowking|52/100
|move|p1a: Slowking|Thunder Wave|p2a: Carly Rae
|-status|p2a: Carly Rae|par
|
|upkeep
|turn|13
|
|t:|1759001165
|move|p2a: Carly Rae|Discharge|p1a: Slowking
|-supereffective|p1a: Slowking
|-damage|p1a: Slowking|2/100
|-prepare|p1a: Slowking|Chilly Reception|[premajor]
|move|p1a: Slowking|Chilly Reception|p1a: Slowking
|-weather|Snowscape
|
|t:|1759001172
|switch|p1a: Greninja|Greninja, M|100/100|[from] Chilly Reception
|
|-weather|Snowscape|[upkeep]
|upkeep
|turn|14
|
|t:|1759001178
|-end|p2a: Carly Rae|Quark Drive|[silent]
|switch|p2a: Alvvays|Umbreon, M|100/100
|move|p1a: Greninja|Surf|p2a: Alvvays
|-damage|p2a: Alvvays|74/100
|-damage|p1a: Greninja|91/100|[from] item: Life Orb
|
|-weather|Snowscape|[upkeep]
|-heal|p2a: Alvvays|80/100|[from] item: Leftovers
|upkeep
|turn|15
|
|t:|1759001182
|switch|p1a: Forretress|Forretress, M|100/100
|move|p2a: Alvvays|Thunder Wave|p1a: Forretress
|-status|p1a: Forretress|par
|
|-weather|Snowscape|[upkeep]
|-heal|p2a: Alvvays|87/100|[from] item: Leftovers
|upkeep
|turn|16
|
|t:|1759001185
|switch|p2a: Carly Rae|Iron Moth|100/100 par
|move|p1a: Forretress|Spikes|p2a: Carly Rae
|-sidestart|p2: Auburn Hills|Spikes
|
|-weather|Snowscape|[upkeep]
|upkeep
|turn|17
|
|t:|1759001196
|move|p2a: Carly Rae|Fiery Dance|p1a: Forretress
|-supereffective|p1a: Forretress
|-ability|p1a: Forretress|Sturdy
|-damage|p1a: Forretress|1/100 par
|-boost|p2a: Carly Rae|spa|1
|move|p1a: Forretress|Spikes|p2a: Carly Rae
|-sidestart|p2: Auburn Hills|Spikes
|
|-weather|none
|upkeep
|turn|18
|
|t:|1759001203
|switch|p1a: Slowking|Slowking-Galar, F, tera:Water|35/100
|move|p2a: Carly Rae|Fiery Dance|p1a: Slowking
|-resisted|p1a: Slowking
|-damage|p1a: Slowking|17/100
|-boost|p2a: Carly Rae|spa|1
|
|upkeep
|turn|19
|
|t:|1759001212
|move|p2a: Carly Rae|Dazzling Gleam|p1a: Slowking
|-damage|p1a: Slowking|0 fnt
|faint|p1a: Slowking
|
|upkeep
|
|t:|1759001215
|switch|p1a: Greninja|Greninja, M|91/100
|turn|20
|
|t:|1759001224
|-terastallize|p2a: Carly Rae|Fairy
|move|p1a: Greninja|Surf|p2a: Carly Rae
|-damage|p2a: Carly Rae|51/100 par
|-damage|p1a: Greninja|81/100|[from] item: Life Orb
|move|p2a: Carly Rae|Dazzling Gleam|p1a: Greninja
|-supereffective|p1a: Greninja
|-damage|p1a: Greninja|0 fnt
|faint|p1a: Greninja
|
|upkeep
|
|t:|1759001228
|switch|p1a: Dragapult|Dragapult, F|100/100
|turn|21
|
|t:|1759001231
|move|p1a: Dragapult|U-turn|p2a: Carly Rae
|-resisted|p2a: Carly Rae
|-damage|p2a: Carly Rae|28/100 par
|
|t:|1759001233
|switch|p1a: Forretress|Forretress, M|1/100 par|[from] U-turn
|cant|p2a: Carly Rae|par
|
|upkeep
|turn|22
|
|t:|1759001241
|move|p2a: Carly Rae|Morning Sun|p2a: Carly Rae
|-heal|p2a: Carly Rae|78/100 par
|cant|p1a: Forretress|par
|
|upkeep
|turn|23
|
|t:|1759001244
|switch|p1a: Dragapult|Dragapult, F|100/100
|cant|p2a: Carly Rae|par
|
|upkeep
|turn|24
|
|t:|1759001247
|move|p1a: Dragapult|U-turn|p2a: Carly Rae
|-resisted|p2a: Carly Rae
|-damage|p2a: Carly Rae|51/100 par
|
|t:|1759001249
|switch|p1a: Forretress|Forretress, M|1/100 par|[from] U-turn
|cant|p2a: Carly Rae|par
|
|upkeep
|turn|25
|
|t:|1759001254
|move|p2a: Carly Rae|Morning Sun|p2a: Carly Rae
|-heal|p2a: Carly Rae|100/100 par
|move|p1a: Forretress|Spikes|p2a: Carly Rae
|-sidestart|p2: Auburn Hills|Spikes
|
|upkeep
|turn|26
|
|t:|1759001262
|cant|p2a: Carly Rae|par
|move|p1a: Forretress|Body Press|p2a: Carly Rae
|-resisted|p2a: Carly Rae
|-damage|p2a: Carly Rae|79/100 par
|
|upkeep
|turn|27
|
|t:|1759001265
|move|p2a: Carly Rae|Dazzling Gleam|p1a: Forretress
|-resisted|p1a: Forretress
|-damage|p1a: Forretress|0 fnt
|faint|p1a: Forretress
|
|upkeep
|
|t:|1759001267
|switch|p1a: Dragapult|Dragapult, F|100/100
|turn|28
|
|t:|1759001269
|move|p1a: Dragapult|U-turn|p2a: Carly Rae
|-resisted|p2a: Carly Rae
|-damage|p2a: Carly Rae|55/100 par
|move|p2a: Carly Rae|Dazzling Gleam|p1a: Dragapult
|-supereffective|p1a: Dragapult
|-damage|p1a: Dragapult|0 fnt
|faint|p1a: Dragapult
|
|win|Auburn Hills
|raw|bertoskyT's rating: 1669 &rarr; <strong>1653</strong><br />(-16 for losing)
|raw|Auburn Hills's rating: 1746 &rarr; <strong>1762</strong><br />(+16 for winning)
|l|☆bertoskyT
|player|p1|
|l|☆Auburn Hills
|player|p2|
