|j|☆firecharmander004
|j|☆Cinerath
|t:|1759000132
|gametype|singles
|player|p1|firecharmander004|1|1399
|player|p2|Cinerath|brycen|1435
|gen|9
|tier|[Gen 9] OU
|rated|
|rule|HP Percentage Mod: HP is shown in percentages
|rule|Endless Battle Clause: Forcing endless battles is banned
|rule|Species Clause: Limit one of each Pokémon
|rule|OHKO Clause: OHKO moves are banned
|rule|Evasion Items Clause: Evasion items are banned
|rule|Evasion Moves Clause: Evasion moves are banned
|rule|Evasion Abilities Clause: Evasion abilities are banned
|rule|Sleep Moves Clause: Sleep-inducing moves are banned
|clearpoke
|poke|p1|Ogerpon-Wellspring, F|
|poke|p1|Pecharunt|
|poke|p1|Cinderace, F|
|poke|p1|Iron Crown|
|poke|p1|Landorus-Therian, M|
|poke|p1|Meowscarada, M|
|poke|p2|Ribombee, M|
|poke|p2|Cinderace, M|
|poke|p2|Serperior, M|
|poke|p2|Malamar, F|
|poke|p2|Dragapult, F|
|poke|p2|Bisharp, F|
|teampreview
|inactive|Battle timer is ON: inactive players will automatically lose when time's up. (requested by Cinerath)
|inactive|firecharmander004 also wants the timer to be on.
|
|t:|1759000143
|teamsize|p1|6
|teamsize|p2|6
|start
|switch|p1a: Meowscarada|Meowscarada, M, shiny|100/100
|switch|p2a: Ribombee|Ribombee, M|100/100
|turn|1
|
|t:|1759000145
|switch|p2a: Bisharp|Bisharp, F|100/100
|move|p1a: Meowscarada|Triple Axel|p2a: Bisharp
|-start|p1a: Meowscarada|typechange|Ice|[from] ability: Protean
|-resisted|p2a: Bisharp
|-damage|p2a: Bisharp|97/100
|-resisted|p2a: Bisharp
|-damage|p2a: Bisharp|90/100
|-resisted|p2a: Bisharp
|-damage|p2a: Bisharp|80/100
|-hitcount|p2a: Bisharp|3
|
|upkeep
|turn|2
|
|t:|1759000152
|switch|p1a: Landorus|Landorus-Therian, M, shiny|100/100
|-ability|p1a: Landorus|Intimidate|boost
|-unboost|p2a: Bisharp|atk|1
|-ability|p2a: Bisharp|Defiant|boost
|-boost|p2a: Bisharp|atk|2
|switch|p2a: Ribombee|Ribombee, M|100/100
|
|upkeep
|turn|3
|
|t:|1759000162
|move|p2a: Ribombee|Sticky Web|p1a: Landorus
|-sidestart|p1: firecharmander004|move: Sticky Web
|move|p1a: Landorus|U-turn|p2a: Ribombee
|-resisted|p2a: Ribombee
|-damage|p2a: Ribombee|78/100
|
|t:|1759000167
|switch|p1a: Cinderace|Cinderace, F|100/100|[from] U-turn
|
|upkeep
|turn|4
|
|t:|1759000173
|move|p2a: Ribombee|Stun Spore|p1a: Cinderace
|-status|p1a: Cinderace|par
|cant|p1a: Cinderace|par
|
|upkeep
|turn|5
|
|t:|1759000176
|move|p2a: Ribombee|Psychic Noise|p1a: Cinderace
|-damage|p1a: Cinderace|74/100 par
|-start|p1a: Cinderace|move: Heal Block
|cant|p1a: Cinderace|par
|
|upkeep
|turn|6
|c|☆firecharmander004|wow
|
|t:|1759000188
|move|p2a: Ribombee|Moonblast|p1a: Cinderace
|-resisted|p1a: Cinderace
|-crit|p1a: Cinderace
|-damage|p1a: Cinderace|37/100 par
|move|p1a: Cinderace|Court Change|p1a: Cinderace
|-swapsideconditions
|-activate|p1a: Cinderace|move: Court Change
|
|-end|p1a: Cinderace|move: Heal Block
|upkeep
|turn|7
|
|t:|1759000197
|move|p2a: Ribombee|Sticky Web|p1a: Cinderace
|-sidestart|p1: firecharmander004|move: Sticky Web
|move|p1a: Cinderace|Pyro Ball|p2a: Ribombee
|-supereffective|p2a: Ribombee
|-damage|p2a: Ribombee|0 fnt
|faint|p2a: Ribombee
|
|upkeep
|
|t:|1759000212
|switch|p2a: Malamar|Malamar, F|100/100
|-activate|p2a: Malamar|move: Sticky Web
|-boost|p2a: Malamar|spe|1
|turn|8
|-message|firecharmander004 forfeited.
|
|win|Cinerath
|raw|firecharmander004's rating: 1399 &rarr; <strong>1381</strong><br />(-18 for losing)
|raw|Cinerath's rating: 1435 &rarr; <strong>1453</strong><br />(+18 for winning)
|l|☆firecharmander004
|player|p1|
|l|☆Cinerath
|player|p2|
