|j|☆nina guitar
|j|☆jabottle
|t:|1758945762
|gametype|singles
|player|p1|nina guitar|hilbert|1276
|player|p2|jabottle|giovanni|1351
|gen|9
|tier|[Gen 9] OU
|rated|
|rule|HP Percentage Mod: HP is shown in percentages
|rule|Endless Battle Clause: Forcing endless battles is banned
|rule|Species Clause: Limit one of each Pokémon
|rule|OHKO Clause: OHKO moves are banned
|rule|Evasion Items Clause: Evasion items are banned
|rule|Evasion Moves Clause: Evasion moves are banned
|rule|Evasion Abilities Clause: Evasion abilities are banned
|rule|Sleep Moves Clause: Sleep-inducing moves are banned
|clearpoke
|poke|p1|Torkoal, M|
|poke|p1|Walking Wake|
|poke|p1|Great Tusk|
|poke|p1|Raging Bolt|
|poke|p1|Alomomola, M|
|poke|p1|Kingambit, M|
|poke|p2|Pelipper, F|
|poke|p2|Hatterene, F|
|poke|p2|Iron Treads|
|poke|p2|Toxicroak, F|
|poke|p2|Barraskewda, F|
|poke|p2|Zapdos|
|teampreview
|inactive|Battle timer is ON: inactive players will automatically lose when time's up. (requested by nina guitar)
|
|t:|1758945777
|teamsize|p1|6
|teamsize|p2|6
|start
|switch|p1a: Raging Bolt|Raging Bolt|100/100
|switch|p2a: Toxicroak|Toxicroak, F|100/100
|turn|1
|
|t:|1758945793
|-end|p1a: Raging Bolt|Protosynthesis|[silent]
|switch|p1a: Torkoal|Torkoal, M|100/100
|-weather|SunnyDay|[from] ability: Drought|[of] p1a: Torkoal
|move|p2a: Toxicroak|Toxic|p1a: Torkoal
|-status|p1a: Torkoal|tox
|
|-weather|SunnyDay|[upkeep]
|-damage|p2a: Toxicroak|88/100|[from] ability: Dry Skin|[of] p2a: Toxicroak
|-damage|p1a: Torkoal|94/100 tox|[from] psn
|upkeep
|turn|2
|
|t:|1758945801
|switch|p2a: Pelipper|Pelipper, F|100/100
|-weather|RainDance|[from] ability: Drizzle|[of] p2a: Pelipper
|switch|p1a: Walking Wake|Walking Wake|100/100
|
|-weather|RainDance|[upkeep]
|upkeep
|turn|3
|
|t:|1758945814
|switch|p2a: Hatterene|Hatterene, F|100/100
|-terastallize|p1a: Walking Wake|Water
|move|p1a: Walking Wake|Hydro Steam|p2a: Hatterene
|-damage|p2a: Hatterene|0 fnt
|faint|p2a: Hatterene
|
|-weather|RainDance|[upkeep]
|upkeep
|
|t:|1758945833
|switch|p2a: Toxicroak|Toxicroak, F|88/100
|turn|4
|
|t:|1758945843
|-end|p1a: Walking Wake|Protosynthesis|[silent]
|switch|p1a: Torkoal|Torkoal, M|94/100 tox
|-weather|SunnyDay|[from] ability: Drought|[of] p1a: Torkoal
|move|p2a: Toxicroak|Drain Punch|p1a: Torkoal
|-damage|p1a: Torkoal|78/100 tox
|-heal|p2a: Toxicroak|96/100|[from] drain|[of] p1a: Torkoal
|
|-weather|SunnyDay|[upkeep]
|-damage|p2a: Toxicroak|83/100|[from] ability: Dry Skin|[of] p2a: Toxicroak
|-damage|p1a: Torkoal|72/100 tox|[from] psn
|upkeep
|turn|5
|
|t:|1758945852
|switch|p2a: Pelipper|Pelipper, F|100/100
|-weather|RainDance|[from] ability: Drizzle|[of] p2a: Pelipper
|switch|p1a: Walking Wake|Walking Wake, tera:Water|100/100
|
|-weather|RainDance|[upkeep]
|upkeep
|turn|6
|
|t:|1758945856
|move|p1a: Walking Wake|Draco Meteor|p2a: Pelipper
|-damage|p2a: Pelipper|9/100
|-unboost|p1a: Walking Wake|spa|2
|move|p2a: Pelipper|U-turn|p1a: Walking Wake
|-damage|p1a: Walking Wake|90/100
|
|t:|1758945863
|switch|p2a: Barraskewda|Barraskewda, F|100/100|[from] U-turn
|
|-weather|RainDance|[upkeep]
|upkeep
|turn|7
|
|t:|1758945871
|-end|p1a: Walking Wake|Protosynthesis|[silent]
|switch|p1a: Alomomola|Alomomola, M|100/100
|move|p2a: Barraskewda|Flip Turn|p1a: Alomomola
|-resisted|p1a: Alomomola
|-damage|p1a: Alomomola|82/100
|-damage|p2a: Barraskewda|84/100|[from] item: Rocky Helmet|[of] p1a: Alomomola
|
|t:|1758945874
|switch|p2a: Zapdos|Zapdos|100/100|[from] Flip Turn
|
|-weather|RainDance|[upkeep]
|upkeep
|turn|8
|
|t:|1758945880
|switch|p1a: Great Tusk|Great Tusk|100/100
|move|p2a: Zapdos|Hurricane|p1a: Great Tusk
|-supereffective|p1a: Great Tusk
|-damage|p1a: Great Tusk|0 fnt
|faint|p1a: Great Tusk
|-end|p1a: Great Tusk|Protosynthesis|[silent]
|
|-weather|RainDance|[upkeep]
|upkeep
|
|t:|1758945884
|switch|p1a: Raging Bolt|Raging Bolt|100/100
|turn|9
|
|t:|1758945889
|switch|p2a: Iron Treads|Iron Treads|100/100
|move|p1a: Raging Bolt|Weather Ball|p2a: Iron Treads
|-supereffective|p2a: Iron Treads
|-damage|p2a: Iron Treads|0 fnt
|faint|p2a: Iron Treads
|-end|p2a: Iron Treads|Quark Drive|[silent]
|
|-weather|RainDance|[upkeep]
|upkeep
|
|t:|1758945898
|switch|p2a: Toxicroak|Toxicroak, F|83/100
|turn|10
|
|t:|1758945901
|move|p1a: Raging Bolt|Draco Meteor|p2a: Toxicroak|[miss]
|-miss|p1a: Raging Bolt|p2a: Toxicroak
|move|p2a: Toxicroak|Toxic|p1a: Raging Bolt
|-status|p1a: Raging Bolt|tox
|
|-weather|RainDance|[upkeep]
|-heal|p2a: Toxicroak|96/100|[from] ability: Dry Skin
|-damage|p1a: Raging Bolt|94/100 tox|[from] psn
|upkeep
|turn|11
|
|t:|1758945921
|switch|p2a: Zapdos|Zapdos|100/100
|move|p1a: Raging Bolt|Draco Meteor|p2a: Zapdos
|-damage|p2a: Zapdos|10/100
|-unboost|p1a: Raging Bolt|spa|2
|
|-weather|RainDance|[upkeep]
|-damage|p1a: Raging Bolt|82/100 tox|[from] psn
|upkeep
|turn|12
|
|t:|1758945926
|move|p1a: Raging Bolt|Thunderclap|p2a: Zapdos
|-damage|p2a: Zapdos|0 fnt
|faint|p2a: Zapdos
|
|-weather|none
|-damage|p1a: Raging Bolt|64/100 tox|[from] psn
|upkeep
|
|t:|1758945929
|switch|p2a: Pelipper|Pelipper, F|9/100
|-weather|RainDance|[from] ability: Drizzle|[of] p2a: Pelipper
|turn|13
|
|t:|1758945938
|-end|p1a: Raging Bolt|Protosynthesis|[silent]
|switch|p1a: Alomomola|Alomomola, M|100/100
|move|p2a: Pelipper|Roost|p2a: Pelipper
|-heal|p2a: Pelipper|60/100
|-singleturn|p2a: Pelipper|move: Roost
|
|-weather|RainDance|[upkeep]
|upkeep
|turn|14
|
|t:|1758945943
|move|p1a: Alomomola|Wish|p1a: Alomomola
|move|p2a: Pelipper|Hurricane|p1a: Alomomola
|-damage|p1a: Alomomola|57/100
|
|-weather|RainDance|[upkeep]
|upkeep
|turn|15
|
|t:|1758945947
|switch|p1a: Raging Bolt|Raging Bolt|64/100 tox
|move|p2a: Pelipper|Roost|p2a: Pelipper
|-heal|p2a: Pelipper|100/100
|-singleturn|p2a: Pelipper|move: Roost
|
|-weather|RainDance|[upkeep]
|-heal|p1a: Raging Bolt|100/100 tox|[from] move: Wish|[wisher] Alomomola
|-damage|p1a: Raging Bolt|94/100 tox|[from] psn
|upkeep
|turn|16
|
|t:|1758945964
|switch|p2a: Barraskewda|Barraskewda, F|84/100
|move|p1a: Raging Bolt|Draco Meteor|p2a: Barraskewda|[miss]
|-miss|p1a: Raging Bolt|p2a: Barraskewda
|
|-weather|RainDance|[upkeep]
|-damage|p1a: Raging Bolt|82/100 tox|[from] psn
|upkeep
|turn|17
|
|t:|1758945970
|move|p1a: Raging Bolt|Thunderclap|p2a: Barraskewda
|-supereffective|p2a: Barraskewda
|-damage|p2a: Barraskewda|0 fnt
|faint|p2a: Barraskewda
|
|-weather|RainDance|[upkeep]
|-damage|p1a: Raging Bolt|64/100 tox|[from] psn
|upkeep
|
|t:|1758945975
|switch|p2a: Toxicroak|Toxicroak, F|96/100
|turn|18
|
|t:|1758945982
|move|p1a: Raging Bolt|Draco Meteor|p2a: Toxicroak
|-damage|p2a: Toxicroak|1/100
|-unboost|p1a: Raging Bolt|spa|2
|move|p2a: Toxicroak|Encore|p1a: Raging Bolt
|-start|p1a: Raging Bolt|Encore
|
|-weather|RainDance|[upkeep]
|-heal|p2a: Toxicroak|14/100|[from] ability: Dry Skin
|-damage|p1a: Raging Bolt|40/100 tox|[from] psn
|upkeep
|turn|19
|
|t:|1758945994
|-end|p1a: Raging Bolt|Protosynthesis|[silent]
|switch|p1a: Alomomola|Alomomola, M|90/100
|switch|p2a: Pelipper|Pelipper, F|100/100
|
|-weather|RainDance|[upkeep]
|upkeep
|turn|20
|
|t:|1758945998
|move|p1a: Alomomola|Wish|p1a: Alomomola
|move|p2a: Pelipper|Hurricane|p1a: Alomomola
|-damage|p1a: Alomomola|50/100
|-start|p1a: Alomomola|confusion
|
|-weather|none
|upkeep
|turn|21
|
|t:|1758946001
|switch|p1a: Raging Bolt|Raging Bolt|40/100 tox
|move|p2a: Pelipper|Knock Off|p1a: Raging Bolt
|-damage|p1a: Raging Bolt|28/100 tox
|-enditem|p1a: Raging Bolt|Assault Vest|[from] move: Knock Off|[of] p2a: Pelipper
|
|-heal|p1a: Raging Bolt|93/100 tox|[from] move: Wish|[wisher] Alomomola
|-damage|p1a: Raging Bolt|86/100 tox|[from] psn
|upkeep
|turn|22
|-message|jabottle forfeited.
|
|win|nina guitar
|raw|nina guitar's rating: 1276 &rarr; <strong>1306</strong><br />(+30 for winning)
|raw|jabottle's rating: 1351 &rarr; <strong>1327</strong><br />(-24 for losing)
|l|☆jabottle
|player|p2|
|l|☆nina guitar
|player|p1|
