|j|☆Yothas
|j|☆napkin_56
|t:|1758951845
|gametype|singles
|player|p1|Yothas|170|1314
|player|p2|napkin_56|policeman-gen4|1261
|gen|9
|tier|[Gen 9] OU
|rated|
|rule|HP Percentage Mod: HP is shown in percentages
|rule|Endless Battle Clause: Forcing endless battles is banned
|rule|Species Clause: Limit one of each Pokémon
|rule|OHKO Clause: OHKO moves are banned
|rule|Evasion Items Clause: Evasion items are banned
|rule|Evasion Moves Clause: Evasion moves are banned
|rule|Evasion Abilities Clause: Evasion abilities are banned
|rule|Sleep Moves Clause: Sleep-inducing moves are banned
|clearpoke
|poke|p1|Perrserker, F|
|poke|p1|Skarmory, F|
|poke|p1|Meowscarada, M|
|poke|p1|Rotom-Wash|
|poke|p1|Haxorus, M|
|poke|p1|Glimmora, M|
|poke|p2|Thundurus-Therian, M|
|poke|p2|Gholdengo|
|poke|p2|Landorus-Therian, M|
|poke|p2|Samurott-Hisui, F|
|poke|p2|Zamazenta-*|
|poke|p2|Slowking-Galar, F|
|teampreview
|inactive|Battle timer is ON: inactive players will automatically lose when time's up. (requested by napkin_56)
|
|t:|1758951859
|teamsize|p1|6
|teamsize|p2|6
|start
|switch|p1a: Rotom|Rotom-Wash, shiny|100/100
|switch|p2a: Landorus|Landorus-Therian, M|100/100
|-ability|p2a: Landorus|Intimidate|boost
|-unboost|p1a: Rotom|atk|1
|turn|1
|
|t:|1758951866
|switch|p2a: Slowking|Slowking-Galar, F|100/100
|move|p1a: Rotom|Trick|p2a: Slowking
|-activate|p1a: Rotom|move: Trick|[of] p2a: Slowking
|-item|p2a: Slowking|Choice Specs|[from] move: Trick
|-item|p1a: Rotom|Heavy-Duty Boots|[from] move: Trick
|
|upkeep
|turn|2
|
|t:|1758951872
|move|p1a: Rotom|Will-O-Wisp|p2a: Slowking
|-status|p2a: Slowking|brn
|move|p2a: Slowking|Future Sight|p1a: Rotom
|-start|p2a: Slowking|move: Future Sight
|
|-damage|p2a: Slowking|94/100 brn|[from] brn
|upkeep
|turn|3
|
|t:|1758951879
|switch|p2a: Landorus|Landorus-Therian, M|100/100
|-ability|p2a: Landorus|Intimidate|boost
|-unboost|p1a: Rotom|atk|1
|move|p1a: Rotom|Volt Switch|p2a: Landorus
|-immune|p2a: Landorus
|
|upkeep
|turn|4
|
|t:|1758951896
|switch|p1a: Skarmory|Skarmory, F|100/100
|switch|p2a: Gholdengo|Gholdengo|100/100
|
|-end|p1a: Skarmory|move: Future Sight
|-resisted|p1a: Skarmory
|-damage|p1a: Skarmory|69/100
|upkeep
|turn|5
|
|t:|1758951905
|switch|p1a: Perrserker|Perrserker, F|100/100
|move|p2a: Gholdengo|Trick|p1a: Perrserker
|-activate|p2a: Gholdengo|move: Trick|[of] p1a: Perrserker
|-item|p1a: Perrserker|Choice Scarf|[from] move: Trick
|-item|p2a: Gholdengo|Assault Vest|[from] move: Trick
|
|upkeep
|turn|6
|
|t:|1758951922
|switch|p2a: Landorus|Landorus-Therian, M|100/100
|-ability|p2a: Landorus|Intimidate|boost
|-unboost|p1a: Perrserker|atk|1
|move|p1a: Perrserker|Knock Off|p2a: Landorus
|-damage|p2a: Landorus|77/100
|-damage|p1a: Perrserker|84/100|[from] item: Rocky Helmet|[of] p2a: Landorus
|-enditem|p2a: Landorus|Rocky Helmet|[from] move: Knock Off|[of] p1a: Perrserker
|
|upkeep
|turn|7
|
|t:|1758951933
|switch|p1a: Skarmory|Skarmory, F|69/100
|move|p2a: Landorus|Stealth Rock|p1a: Skarmory
|-sidestart|p1: Yothas|move: Stealth Rock
|
|upkeep
|turn|8
|
|t:|1758951940
|move|p2a: Landorus|Taunt|p1a: Skarmory
|-start|p1a: Skarmory|move: Taunt
|cant|p1a: Skarmory|move: Taunt|Stealth Rock
|
|upkeep
|turn|9
|
|t:|1758951953
|switch|p2a: Thundurus|Thundurus-Therian, M|100/100
|move|p1a: Skarmory|Brave Bird|p2a: Thundurus
|-resisted|p2a: Thundurus
|-damage|p2a: Thundurus|73/100
|-damage|p1a: Skarmory|61/100|[from] Recoil
|
|upkeep
|turn|10
|
|t:|1758951966
|switch|p1a: Meowscarada|Meowscarada, M|100/100
|-damage|p1a: Meowscarada|88/100|[from] Stealth Rock
|move|p2a: Thundurus|Volt Switch|p1a: Meowscarada
|-resisted|p1a: Meowscarada
|-damage|p1a: Meowscarada|60/100
|
|t:|1758951992
|switch|p2a: Zamazenta|Zamazenta|100/100|[from] Volt Switch
|-ability|p2a: Zamazenta|Dauntless Shield|boost
|-boost|p2a: Zamazenta|def|1
|
|upkeep
|turn|11
|
|t:|1758952001
|switch|p1a: Skarmory|Skarmory, F|61/100
|-damage|p1a: Skarmory|49/100|[from] Stealth Rock
|move|p2a: Zamazenta|Body Press|p1a: Skarmory
|-damage|p1a: Skarmory|19/100
|-damage|p2a: Zamazenta|84/100|[from] item: Rocky Helmet|[of] p1a: Skarmory
|
|upkeep
|turn|12
|
|t:|1758952013
|move|p2a: Zamazenta|Body Press|p1a: Skarmory
|-damage|p1a: Skarmory|0 fnt
|-damage|p2a: Zamazenta|67/100|[from] item: Rocky Helmet|[of] p1a: Skarmory
|faint|p1a: Skarmory
|
|upkeep
|
|t:|1758952018
|switch|p1a: Glimmora|Glimmora, M|100/100
|-damage|p1a: Glimmora|88/100|[from] Stealth Rock
|turn|13
|
|t:|1758952025
|-terastallize|p2a: Zamazenta|Steel
|move|p2a: Zamazenta|Heavy Slam|p1a: Glimmora
|-supereffective|p1a: Glimmora
|-damage|p1a: Glimmora|0 fnt
|-activate|p1a: Glimmora|ability: Toxic Debris
|-sidestart|p2: napkin_56|move: Toxic Spikes
|faint|p1a: Glimmora
|
|upkeep
|
|t:|1758952034
|switch|p1a: Rotom|Rotom-Wash, shiny|100/100
|turn|14
|
|t:|1758952037
|switch|p2a: Gholdengo|Gholdengo|100/100
|move|p1a: Rotom|Will-O-Wisp|p2a: Gholdengo
|-immune|p2a: Gholdengo|[from] ability: Good as Gold
|
|upkeep
|turn|15
|
|t:|1758952048
|move|p1a: Rotom|Volt Switch|p2a: Gholdengo
|-damage|p2a: Gholdengo|75/100
|
|t:|1758952050
|switch|p1a: Perrserker|Perrserker, F|84/100|[from] Volt Switch
|-damage|p1a: Perrserker|78/100|[from] Stealth Rock
|move|p2a: Gholdengo|Make It Rain|p1a: Perrserker
|-resisted|p1a: Perrserker
|-damage|p1a: Perrserker|41/100
|-unboost|p2a: Gholdengo|spa|1
|
|upkeep
|turn|16
|
|t:|1758952064
|switch|p2a: Landorus|Landorus-Therian, M|77/100
|-ability|p2a: Landorus|Intimidate|boost
|-unboost|p1a: Perrserker|atk|1
|move|p1a: Perrserker|U-turn|p2a: Landorus
|-resisted|p2a: Landorus
|-damage|p2a: Landorus|68/100
|
|t:|1758952067
|switch|p1a: Rotom|Rotom-Wash, shiny|100/100|[from] U-turn
|
|upkeep
|turn|17
|
|t:|1758952069
|move|p1a: Rotom|Hydro Pump|p2a: Landorus
|-supereffective|p2a: Landorus
|-damage|p2a: Landorus|0 fnt
|faint|p2a: Landorus
|
|upkeep
|
|t:|1758952074
|switch|p2a: Thundurus|Thundurus-Therian, M|73/100
|turn|18
|
|t:|1758952079
|move|p2a: Thundurus|Thunderbolt|p1a: Rotom
|-damage|p1a: Rotom|28/100
|move|p1a: Rotom|Will-O-Wisp|p2a: Thundurus|[miss]
|-miss|p1a: Rotom|p2a: Thundurus
|
|upkeep
|turn|19
|
|t:|1758952083
|switch|p1a: Haxorus|Haxorus, M, shiny|100/100
|-damage|p1a: Haxorus|88/100|[from] Stealth Rock
|-ability|p1a: Haxorus|Mold Breaker
|move|p2a: Thundurus|Volt Switch|p1a: Haxorus
|-resisted|p1a: Haxorus
|-damage|p1a: Haxorus|57/100
|
|t:|1758952096
|switch|p2a: Zamazenta|Zamazenta, tera:Steel|67/100|[from] Volt Switch
|
|upkeep
|turn|20
|
|t:|1758952101
|switch|p1a: Rotom|Rotom-Wash, shiny|28/100
|move|p2a: Zamazenta|Body Press|p1a: Rotom
|-damage|p1a: Rotom|0 fnt
|faint|p1a: Rotom
|
|upkeep
|-message|Yothas forfeited.
|
|win|napkin_56
|raw|Yothas's rating: 1314 &rarr; <strong>1291</strong><br />(-23 for losing)
|raw|napkin_56's rating: 1261 &rarr; <strong>1290</strong><br />(+29 for winning)
|l|☆Yothas
|player|p1|
|l|☆napkin_56
|player|p2|
