|j|☆NormalDude1989
|j|☆rmcarmicheal
|t:|1758945843
|gametype|singles
|player|p1|NormalDude1989|emmet|1503
|player|p2|rmcarmicheal|102|1446
|gen|9
|tier|[Gen 9] OU
|rated|
|rule|HP Percentage Mod: HP is shown in percentages
|rule|Endless Battle Clause: Forcing endless battles is banned
|rule|Species Clause: Limit one of each Pokémon
|rule|OHKO Clause: OHKO moves are banned
|rule|Evasion Items Clause: Evasion items are banned
|rule|Evasion Moves Clause: Evasion moves are banned
|rule|Evasion Abilities Clause: Evasion abilities are banned
|rule|Sleep Moves Clause: Sleep-inducing moves are banned
|clearpoke
|poke|p1|Kingambit, M|
|poke|p1|Hatterene, F|
|poke|p1|Cinderace, F|
|poke|p1|Great Tusk|
|poke|p1|Latios, M|
|poke|p1|Zapdos|
|poke|p2|Ditto|
|poke|p2|Gliscor, M|
|poke|p2|Blissey, F|
|poke|p2|Toxapex, F|
|poke|p2|Cinderace, M|
|poke|p2|Gholdengo|
|teampreview
|inactive|Battle timer is ON: inactive players will automatically lose when time's up. (requested by rmcarmicheal)
|
|t:|1758945856
|teamsize|p1|6
|teamsize|p2|6
|start
|switch|p1a: Minerva|Hatterene, F|100/100
|switch|p2a: Cinderace|Cinderace, M|100/100
|turn|1
|
|t:|1758945860
|switch|p2a: Blissey|Blissey, F|100/100
|switch|p1a: Morpho|Zapdos|100/100
|
|upkeep
|turn|2
|
|t:|1758945863
|move|p1a: Morpho|Volt Switch|p2a: Blissey
|-damage|p2a: Blissey|90/100
|
|t:|1758945866
|switch|p1a: Bionic Bunny|Cinderace, F|100/100|[from] Volt Switch
|move|p2a: Blissey|Thunder Wave|p1a: Bionic Bunny
|-status|p1a: Bionic Bunny|par
|
|-heal|p2a: Blissey|97/100|[from] item: Leftovers
|upkeep
|turn|3
|
|t:|1758945875
|switch|p2a: Toxapex|Toxapex, F|100/100
|move|p1a: Bionic Bunny|U-turn|p2a: Toxapex
|-start|p1a: Bionic Bunny|typechange|Bug|[from] ability: Libero
|-resisted|p2a: Toxapex
|-damage|p2a: Toxapex|91/100
|-damage|p1a: Bionic Bunny|84/100 par|[from] item: Rocky Helmet|[of] p2a: Toxapex
|
|t:|1758945882
|switch|p1a: Azure|Latios, M|100/100|[from] U-turn
|
|upkeep
|turn|4
|
|t:|1758945885
|switch|p2a: Blissey|Blissey, F|97/100
|-terastallize|p1a: Azure|Steel
|move|p1a: Azure|Calm Mind|p1a: Azure
|-boost|p1a: Azure|spa|1
|-boost|p1a: Azure|spd|1
|
|-heal|p2a: Blissey|100/100|[from] item: Leftovers
|upkeep
|turn|5
|
|t:|1758945888
|switch|p1a: Morpho|Zapdos|100/100
|move|p2a: Blissey|Thunder Wave|p1a: Morpho
|-immune|p1a: Morpho
|
|upkeep
|turn|6
|
|t:|1758945890
|move|p1a: Morpho|Volt Switch|p2a: Blissey
|-damage|p2a: Blissey|89/100
|
|t:|1758945894
|switch|p1a: Ivan|Great Tusk|100/100|[from] Volt Switch
|move|p2a: Blissey|Ice Beam|p1a: Ivan
|-supereffective|p1a: Ivan
|-damage|p1a: Ivan|49/100
|
|-heal|p1a: Ivan|55/100|[from] item: Leftovers
|-heal|p2a: Blissey|95/100|[from] item: Leftovers
|upkeep
|turn|7
|
|t:|1758945900
|move|p1a: Ivan|Bulk Up|p1a: Ivan
|-boost|p1a: Ivan|atk|1
|-boost|p1a: Ivan|def|1
|move|p2a: Blissey|Ice Beam|p1a: Ivan
|-supereffective|p1a: Ivan
|-crit|p1a: Ivan
|-damage|p1a: Ivan|0 fnt
|faint|p1a: Ivan
|-end|p1a: Ivan|Protosynthesis|[silent]
|
|-heal|p2a: Blissey|100/100|[from] item: Leftovers
|upkeep
|
|t:|1758945907
|switch|p1a: Muramasa|Kingambit, M|100/100
|-activate|p1a: Muramasa|ability: Supreme Overlord
|-start|p1a: Muramasa|fallen1|[silent]
|turn|8
|
|t:|1758945911
|move|p2a: Blissey|Thunder Wave|p1a: Muramasa
|-status|p1a: Muramasa|par
|move|p1a: Muramasa|Swords Dance|p1a: Muramasa
|-boost|p1a: Muramasa|atk|2
|
|upkeep
|turn|9
|
|t:|1758945915
|switch|p2a: Toxapex|Toxapex, F|100/100
|move|p1a: Muramasa|Kowtow Cleave|p2a: Toxapex
|-damage|p2a: Toxapex|39/100
|-damage|p1a: Muramasa|84/100 par|[from] item: Rocky Helmet|[of] p2a: Toxapex
|
|-heal|p1a: Muramasa|90/100 par|[from] item: Leftovers
|upkeep
|turn|10
|
|t:|1758945921
|move|p2a: Toxapex|Recover|p2a: Toxapex
|-heal|p2a: Toxapex|89/100
|cant|p1a: Muramasa|par
|
|-heal|p1a: Muramasa|96/100 par|[from] item: Leftovers
|upkeep
|turn|11
|
|t:|1758945925
|move|p2a: Toxapex|Infestation|p1a: Muramasa
|-damage|p1a: Muramasa|94/100 par
|-activate|p1a: Muramasa|move: Infestation|[of] p2a: Toxapex
|move|p1a: Muramasa|Swords Dance|p1a: Muramasa
|-boost|p1a: Muramasa|atk|2
|
|-heal|p1a: Muramasa|99/100 par|[from] item: Leftovers
|-damage|p1a: Muramasa|87/100 par|[from] move: Infestation|[partiallytrapped]
|upkeep
|turn|12
|
|t:|1758945927
|move|p2a: Toxapex|Haze|p2a: Toxapex
|-clearallboost
|move|p1a: Muramasa|Kowtow Cleave|p2a: Toxapex
|-damage|p2a: Toxapex|58/100
|-damage|p1a: Muramasa|71/100 par|[from] item: Rocky Helmet|[of] p2a: Toxapex
|
|-heal|p1a: Muramasa|77/100 par|[from] item: Leftovers
|-damage|p1a: Muramasa|65/100 par|[from] move: Infestation|[partiallytrapped]
|upkeep
|turn|13
|
|t:|1758945933
|move|p2a: Toxapex|Recover|p2a: Toxapex
|-heal|p2a: Toxapex|100/100
|move|p1a: Muramasa|Kowtow Cleave|p2a: Toxapex
|-damage|p2a: Toxapex|65/100
|-damage|p1a: Muramasa|48/100 par|[from] item: Rocky Helmet|[of] p2a: Toxapex
|
|-heal|p1a: Muramasa|54/100 par|[from] item: Leftovers
|-damage|p1a: Muramasa|42/100 par|[from] move: Infestation|[partiallytrapped]
|upkeep
|turn|14
|
|t:|1758945935
|move|p2a: Toxapex|Infestation|p1a: Muramasa
|-damage|p1a: Muramasa|39/100 par
|move|p1a: Muramasa|Swords Dance|p1a: Muramasa
|-boost|p1a: Muramasa|atk|2
|
|-heal|p1a: Muramasa|45/100 par|[from] item: Leftovers
|-damage|p1a: Muramasa|33/100 par|[from] move: Infestation|[partiallytrapped]
|upkeep
|turn|15
|
|t:|1758945937
|move|p2a: Toxapex|Haze|p2a: Toxapex
|-clearallboost
|cant|p1a: Muramasa|par
|
|-heal|p1a: Muramasa|39/100 par|[from] item: Leftovers
|-end|p1a: Muramasa|Infestation|[partiallytrapped]
|upkeep
|turn|16
|c|☆NormalDude1989|bg stall tumor
|-message|NormalDude1989 forfeited.
|
|win|rmcarmicheal
|raw|NormalDude1989's rating: 1503 &rarr; <strong>1480</strong><br />(-23 for losing)
|raw|rmcarmicheal's rating: 1446 &rarr; <strong>1469</strong><br />(+23 for winning)
|l|☆NormalDude1989
|player|p1|
