|j|☆findmyhair
|j|☆Kony92
|t:|1758981424
|gametype|singles
|player|p1|findmyhair|acetrainercouple|1104
|player|p2|Kony92|102|1108
|gen|9
|tier|[Gen 9] OU
|rated|
|rule|HP Percentage Mod: HP is shown in percentages
|rule|Endless Battle Clause: Forcing endless battles is banned
|rule|Species Clause: Limit one of each Pokémon
|rule|OHKO Clause: OHKO moves are banned
|rule|Evasion Items Clause: Evasion items are banned
|rule|Evasion Moves Clause: Evasion moves are banned
|rule|Evasion Abilities Clause: Evasion abilities are banned
|rule|Sleep Moves Clause: Sleep-inducing moves are banned
|clearpoke
|poke|p1|Cresselia, F|
|poke|p1|Slowking-Galar, M|
|poke|p1|Iron Hands|
|poke|p1|Ursaluna, M|
|poke|p1|Crawdaunt, M|
|poke|p1|Klefki, M|
|poke|p2|Moltres-Galar|
|poke|p2|Kommo-o, M|
|poke|p2|Rotom-Wash|
|poke|p2|Hatterene, F|
|poke|p2|Ursaluna, M|
|poke|p2|Zapdos|
|teampreview
|inactive|Battle timer is ON: inactive players will automatically lose when time's up. (requested by findmyhair)
|j| GruesomeLovelies
|inactive|Kony92 has 120 seconds left.
|
|t:|1758981461
|teamsize|p1|6
|teamsize|p2|6
|start
|switch|p1a: Klefki|Klefki, M|100/100
|switch|p2a: Kommo-o|Kommo-o, M|100/100
|turn|1
|
|t:|1758981478
|-terastallize|p2a: Kommo-o|Electric
|move|p1a: Klefki|Light Screen|p1a: Klefki
|-sidestart|p1: findmyhair|move: Light Screen
|move|p2a: Kommo-o|Dragon Dance|p2a: Kommo-o
|-boost|p2a: Kommo-o|atk|1
|-boost|p2a: Kommo-o|spe|1
|
|upkeep
|turn|2
|inactive|Kony92 has 120 seconds left.
|
|t:|1758981508
|move|p1a: Klefki|Reflect|p1a: Klefki
|-sidestart|p1: findmyhair|Reflect
|move|p2a: Kommo-o|Thunder Punch|p1a: Klefki
|-damage|p1a: Klefki|79/100
|-status|p1a: Klefki|par
|
|upkeep
|turn|3
|
|t:|1758981526
|switch|p1a: Cresselia|Cresselia, F|100/100
|move|p2a: Kommo-o|Dragon Dance|p2a: Kommo-o
|-boost|p2a: Kommo-o|atk|1
|-boost|p2a: Kommo-o|spe|1
|
|upkeep
|turn|4
|inactive|Kony92 has 120 seconds left.
|
|t:|1758981550
|move|p2a: Kommo-o|Thunder Punch|p1a: Cresselia
|-damage|p1a: Cresselia|80/100
|move|p1a: Cresselia|Trick Room|p1a: Cresselia
|-fieldstart|move: Trick Room|[of] p1a: Cresselia
|
|upkeep
|turn|5
|inactive|Kony92 has 120 seconds left.
|
|t:|1758981556
|switch|p1a: Ursaluna|Ursaluna, M|100/100
|move|p2a: Kommo-o|Thunder Punch|p1a: Ursaluna
|-immune|p1a: Ursaluna
|
|-status|p1a: Ursaluna|brn|[from] item: Flame Orb
|upkeep
|turn|6
|inactive|Kony92 has 120 seconds left.
|
|t:|1758981581
|move|p1a: Ursaluna|Swords Dance|p1a: Ursaluna
|-boost|p1a: Ursaluna|atk|2
|move|p2a: Kommo-o|Drain Punch|p1a: Ursaluna
|-supereffective|p1a: Ursaluna
|-damage|p1a: Ursaluna|49/100 brn
|
|-damage|p1a: Ursaluna|42/100 brn|[from] brn
|upkeep
|turn|7
|
|t:|1758981590
|move|p1a: Ursaluna|Earthquake|p2a: Kommo-o
|-supereffective|p2a: Kommo-o
|-damage|p2a: Kommo-o|0 fnt
|faint|p2a: Kommo-o
|
|-damage|p1a: Ursaluna|36/100 brn|[from] brn
|upkeep
|inactive|Kony92 has 90 seconds left.
|
|t:|1758981627
|switch|p2a: Hatterene|Hatterene, F|100/100
|turn|8
|
|t:|1758981636
|move|p1a: Ursaluna|Facade|p2a: Hatterene
|-damage|p2a: Hatterene|0 fnt
|faint|p2a: Hatterene
|
|-damage|p1a: Ursaluna|30/100 brn|[from] brn
|-sideend|p1: findmyhair|move: Light Screen
|-fieldend|move: Trick Room
|upkeep
|
|t:|1758981643
|switch|p2a: Ursaluna|Ursaluna, M|100/100
|turn|9
|inactive|Kony92 has 90 seconds left.
|
|t:|1758981672
|-terastallize|p1a: Ursaluna|Ghost
|move|p2a: Ursaluna|Facade|p1a: Ursaluna
|-immune|p1a: Ursaluna
|move|p1a: Ursaluna|Facade|p2a: Ursaluna
|-damage|p2a: Ursaluna|0 fnt
|faint|p2a: Ursaluna
|
|-damage|p1a: Ursaluna|24/100 brn|[from] brn
|-sideend|p1: findmyhair|Reflect
|upkeep
|inactive|Kony92 has 60 seconds left.
|
|t:|1758981689
|switch|p2a: Rotom|Rotom-Wash|100/100
|turn|10
|
|t:|1758981692
|switch|p1a: Klefki|Klefki, M|79/100 par
|move|p2a: Rotom|Hydro Pump|p1a: Klefki
|-damage|p1a: Klefki|21/100 par
|
|upkeep
|turn|11
|
|t:|1758981699
|move|p1a: Klefki|Light Screen|p1a: Klefki
|-sidestart|p1: findmyhair|move: Light Screen
|move|p2a: Rotom|Hydro Pump|p1a: Klefki
|-damage|p1a: Klefki|0 fnt
|faint|p1a: Klefki
|
|upkeep
|
|t:|1758981704
|switch|p1a: Slowking|Slowking-Galar, M|100/100
|turn|12
|
|t:|1758981726
|move|p2a: Rotom|Will-O-Wisp|p1a: Slowking
|-status|p1a: Slowking|brn
|move|p1a: Slowking|Trick Room|p1a: Slowking
|-fieldstart|move: Trick Room|[of] p1a: Slowking
|
|-damage|p1a: Slowking|94/100 brn|[from] brn
|upkeep
|turn|13
|
|t:|1758981734
|move|p1a: Slowking|Nasty Plot|p1a: Slowking
|-boost|p1a: Slowking|spa|2
|move|p2a: Rotom|Volt Switch|p1a: Slowking
|-damage|p1a: Slowking|83/100 brn
|
|t:|1758981739
|switch|p2a: Moltres|Moltres-Galar, shiny|100/100|[from] Volt Switch
|
|-heal|p1a: Slowking|89/100 brn|[from] item: Black Sludge
|-damage|p1a: Slowking|83/100 brn|[from] brn
|upkeep
|turn|14
|
|t:|1758981746
|move|p1a: Slowking|Sludge Bomb|p2a: Moltres
|-damage|p2a: Moltres|18/100
|-ability|p2a: Moltres|Berserk|boost
|-boost|p2a: Moltres|spa|1
|-enditem|p2a: Moltres|Sitrus Berry|[eat]
|-heal|p2a: Moltres|43/100|[from] item: Sitrus Berry
|move|p2a: Moltres|Nasty Plot|p2a: Moltres
|-boost|p2a: Moltres|spa|2
|
|-heal|p1a: Slowking|89/100 brn|[from] item: Black Sludge
|-damage|p1a: Slowking|83/100 brn|[from] brn
|upkeep
|turn|15
|
|t:|1758981764
|move|p1a: Slowking|Sludge Bomb|p2a: Moltres
|-damage|p2a: Moltres|0 fnt
|faint|p2a: Moltres
|
|-heal|p1a: Slowking|89/100 brn|[from] item: Black Sludge
|-damage|p1a: Slowking|83/100 brn|[from] brn
|upkeep
|
|t:|1758981769
|switch|p2a: Zapdos|Zapdos|100/100
|turn|16
|
|t:|1758981773
|move|p1a: Slowking|Sludge Bomb|p2a: Zapdos
|-damage|p2a: Zapdos|40/100
|-status|p2a: Zapdos|psn
|move|p2a: Zapdos|U-turn|p1a: Slowking
|-damage|p1a: Slowking|68/100 brn
|
|t:|1758981778
|switch|p2a: Rotom|Rotom-Wash|100/100|[from] U-turn
|
|-heal|p1a: Slowking|74/100 brn|[from] item: Black Sludge
|-damage|p1a: Slowking|68/100 brn|[from] brn
|-fieldend|move: Trick Room
|upkeep
|turn|17
|
|t:|1758981784
|move|p2a: Rotom|Pain Split|p1a: Slowking
|-sethp|p1a: Slowking|73/100 brn|[from] move: Pain Split|[silent]
|-sethp|p2a: Rotom|94/100|[from] move: Pain Split
|move|p1a: Slowking|Trick Room|p1a: Slowking
|-fieldstart|move: Trick Room|[of] p1a: Slowking
|
|-heal|p1a: Slowking|79/100 brn|[from] item: Black Sludge
|-heal|p2a: Rotom|99/100|[from] item: Leftovers
|-damage|p1a: Slowking|73/100 brn|[from] brn
|upkeep
|turn|18
|
|t:|1758981792
|move|p1a: Slowking|Nasty Plot|p1a: Slowking
|-boost|p1a: Slowking|spa|2
|move|p2a: Rotom|Pain Split|p1a: Slowking
|-sethp|p1a: Slowking|75/100 brn|[from] move: Pain Split|[silent]
|-sethp|p2a: Rotom|97/100|[from] move: Pain Split
|
|-heal|p1a: Slowking|81/100 brn|[from] item: Black Sludge
|-heal|p2a: Rotom|100/100|[from] item: Leftovers
|-damage|p1a: Slowking|75/100 brn|[from] brn
|-sideend|p1: findmyhair|move: Light Screen
|upkeep
|turn|19
|
|t:|1758981802
|move|p1a: Slowking|Sludge Bomb|p2a: Rotom
|-damage|p2a: Rotom|0 fnt
|faint|p2a: Rotom
|
|-heal|p1a: Slowking|81/100 brn|[from] item: Black Sludge
|-damage|p1a: Slowking|75/100 brn|[from] brn
|upkeep
|
|t:|1758981805
|switch|p2a: Zapdos|Zapdos|40/100 psn
|turn|20
|
|t:|1758981811
|move|p1a: Slowking|Sludge Bomb|p2a: Zapdos
|-damage|p2a: Zapdos|0 fnt
|faint|p2a: Zapdos
|
|win|findmyhair
|raw|findmyhair's rating: 1104 &rarr; <strong>1129</strong><br />(+25 for winning)
|raw|Kony92's rating: 1108 &rarr; <strong>1083</strong><br />(-25 for losing)
