|j|☆Shibuya Arc
|j|☆zerocreation
|t:|1758915379
|gametype|singles
|player|p1|Shibuya Arc|265|1407
|player|p2|zerocreation|marlon|1429
|gen|9
|tier|[Gen 9] OU
|rated|
|rule|HP Percentage Mod: HP is shown in percentages
|rule|Endless Battle Clause: Forcing endless battles is banned
|rule|Species Clause: Limit one of each Pokémon
|rule|OHKO Clause: OHKO moves are banned
|rule|Evasion Items Clause: Evasion items are banned
|rule|Evasion Moves Clause: Evasion moves are banned
|rule|Evasion Abilities Clause: Evasion abilities are banned
|rule|Sleep Moves Clause: Sleep-inducing moves are banned
|clearpoke
|poke|p1|Dragapult, M|
|poke|p1|Dragonite, F|
|poke|p1|Ting-Lu|
|poke|p1|Weezing-Galar, F|
|poke|p1|Iron Crown|
|poke|p1|Zapdos|
|poke|p2|Great Tusk|
|poke|p2|Heatran, M|
|poke|p2|Weavile, M|
|poke|p2|Primarina, M|
|poke|p2|Ogerpon, F|
|poke|p2|Pecharunt|
|teampreview
|
|t:|1758915388
|teamsize|p1|6
|teamsize|p2|6
|start
|switch|p1a: Ting-Lu|Ting-Lu|100/100
|switch|p2a: Primarina|Primarina, M, shiny|100/100
|-ability|p1a: Ting-Lu|Vessel of Ruin
|turn|1
|inactive|Battle timer is ON: inactive players will automatically lose when time's up. (requested by Shibuya Arc)
|
|t:|1758915393
|move|p2a: Primarina|Whirlpool|p1a: Ting-Lu|[miss]
|-miss|p2a: Primarina|p1a: Ting-Lu
|move|p1a: Ting-Lu|Ruination|p2a: Primarina
|-damage|p2a: Primarina|51/100
|
|upkeep
|turn|2
|
|t:|1758915402
|move|p2a: Primarina|Whirlpool|p1a: Ting-Lu
|-supereffective|p1a: Ting-Lu
|-damage|p1a: Ting-Lu|85/100
|-activate|p1a: Ting-Lu|move: Whirlpool|[of] p2a: Primarina
|move|p1a: Ting-Lu|Earthquake|p2a: Primarina
|-damage|p2a: Primarina|4/100
|
|-heal|p1a: Ting-Lu|92/100|[from] item: Leftovers
|-damage|p1a: Ting-Lu|79/100|[from] move: Whirlpool|[partiallytrapped]
|upkeep
|turn|3
|
|t:|1758915412
|move|p2a: Primarina|Psychic Noise|p1a: Ting-Lu
|-supereffective|p1a: Ting-Lu
|-damage|p1a: Ting-Lu|42/100
|-start|p1a: Ting-Lu|move: Heal Block
|move|p1a: Ting-Lu|Whirlwind|p2a: Primarina
|drag|p2a: Pecharunt|Pecharunt|100/100
|
|-end|p1a: Ting-Lu|Whirlpool|[partiallytrapped]|[silent]
|upkeep
|turn|4
|
|t:|1758915419
|move|p2a: Pecharunt|Parting Shot|p1a: Ting-Lu
|-unboost|p1a: Ting-Lu|atk|1
|-unboost|p1a: Ting-Lu|spa|1
|
|t:|1758915421
|switch|p2a: Heatran|Heatran, M, shiny|100/100|[from] Parting Shot
|-item|p2a: Heatran|Air Balloon
|move|p1a: Ting-Lu|Ruination|p2a: Heatran
|-damage|p2a: Heatran|51/100
|-enditem|p2a: Heatran|Air Balloon
|
|-end|p1a: Ting-Lu|move: Heal Block
|upkeep
|turn|5
|
|t:|1758915430
|move|p2a: Heatran|Stealth Rock|p1a: Ting-Lu
|-sidestart|p1: Shibuya Arc|move: Stealth Rock
|move|p1a: Ting-Lu|Earthquake|p2a: Heatran
|-supereffective|p2a: Heatran
|-damage|p2a: Heatran|0 fnt
|faint|p2a: Heatran
|
|-heal|p1a: Ting-Lu|49/100|[from] item: Leftovers
|upkeep
|
|t:|1758915434
|switch|p2a: Primarina|Primarina, M, shiny|4/100
|turn|6
|
|t:|1758915440
|switch|p1a: Iron Crown|Iron Crown|100/100
|-damage|p1a: Iron Crown|94/100|[from] Stealth Rock
|move|p2a: Primarina|Flip Turn|p1a: Iron Crown
|-damage|p1a: Iron Crown|80/100
|
|t:|1758915445
|switch|p2a: Weavile|Weavile, M, shiny|100/100|[from] Flip Turn
|-ability|p2a: Weavile|Pressure
|
|upkeep
|turn|7
|
|t:|1758915451
|-terastallize|p1a: Iron Crown|Steel
|move|p2a: Weavile|Knock Off|p1a: Iron Crown
|-damage|p1a: Iron Crown|15/100
|-enditem|p1a: Iron Crown|Choice Specs|[from] move: Knock Off|[of] p2a: Weavile
|-damage|p2a: Weavile|91/100|[from] item: Life Orb
|move|p1a: Iron Crown|Tachyon Cutter|p2a: Weavile
|-supereffective|p2a: Weavile
|-damage|p2a: Weavile|0 fnt
|faint|p2a: Weavile
|-hitcount|p2: Weavile|1
|
|upkeep
|
|t:|1758915464
|switch|p2a: Ogerpon|Ogerpon, F|100/100
|turn|8
|
|t:|1758915470
|move|p2a: Ogerpon|Knock Off|p1a: Iron Crown
|-damage|p1a: Iron Crown|0 fnt
|faint|p1a: Iron Crown
|-end|p1a: Iron Crown|Quark Drive|[silent]
|
|upkeep
|
|t:|1758915476
|switch|p1a: Zapdos|Zapdos|100/100
|turn|9
|
|t:|1758915482
|switch|p2a: Primarina|Primarina, M, shiny|4/100
|move|p1a: Zapdos|Hurricane|p2a: Primarina
|-damage|p2a: Primarina|0 fnt
|faint|p2a: Primarina
|
|upkeep
|
|t:|1758915486
|switch|p2a: Pecharunt|Pecharunt|100/100
|turn|10
|
|t:|1758915492
|move|p1a: Zapdos|Hurricane|p2a: Pecharunt
|-damage|p2a: Pecharunt|42/100
|move|p2a: Pecharunt|Malignant Chain|p1a: Zapdos
|-damage|p1a: Zapdos|63/100
|
|upkeep
|turn|11
|
|t:|1758915500
|move|p1a: Zapdos|Hurricane|p2a: Pecharunt|[miss]
|-miss|p1a: Zapdos|p2a: Pecharunt
|move|p2a: Pecharunt|Recover|p2a: Pecharunt
|-heal|p2a: Pecharunt|92/100
|
|upkeep
|turn|12
|
|t:|1758915505
|move|p1a: Zapdos|Hurricane|p2a: Pecharunt|[miss]
|-miss|p1a: Zapdos|p2a: Pecharunt
|move|p2a: Pecharunt|Malignant Chain|p1a: Zapdos
|-damage|p1a: Zapdos|25/100
|-status|p1a: Zapdos|tox
|-start|p1a: Zapdos|confusion|[from] ability: Poison Puppeteer|[of] p2a: Pecharunt
|
|-damage|p1a: Zapdos|19/100 tox|[from] psn
|upkeep
|turn|13
|
|t:|1758915512
|-activate|p1a: Zapdos|confusion
|move|p1a: Zapdos|Hurricane|p2a: Pecharunt|[miss]
|-miss|p1a: Zapdos|p2a: Pecharunt
|move|p2a: Pecharunt|Recover|p2a: Pecharunt
|-heal|p2a: Pecharunt|100/100
|
|-damage|p1a: Zapdos|7/100 tox|[from] psn
|upkeep
|turn|14
|
|t:|1758915518
|-end|p1a: Zapdos|confusion
|move|p1a: Zapdos|Hurricane|p2a: Pecharunt
|-damage|p2a: Pecharunt|41/100
|move|p2a: Pecharunt|Shadow Ball|p1a: Zapdos
|-damage|p1a: Zapdos|0 fnt
|faint|p1a: Zapdos
|
|upkeep
|
|t:|1758915525
|switch|p1a: Dragapult|Dragapult, M|100/100
|turn|15
|
|t:|1758915530
|move|p1a: Dragapult|Hex|p2a: Pecharunt
|-supereffective|p2a: Pecharunt
|-damage|p2a: Pecharunt|0 fnt
|faint|p2a: Pecharunt
|
|upkeep
|
|t:|1758915533
|switch|p2a: Ogerpon|Ogerpon, F|100/100
|turn|16
|
|t:|1758915539
|-terastallize|p2a: Ogerpon|Grass
|detailschange|p2a: Ogerpon|Ogerpon-Teal-Tera, F, tera:Grass
|-ability|p2a: Ogerpon|Embody Aspect (Teal)|boost
|-boost|p2a: Ogerpon|spe|1
|move|p2a: Ogerpon|Knock Off|p1a: Dragapult
|-supereffective|p1a: Dragapult
|-damage|p1a: Dragapult|0 fnt
|-enditem|p1a: Dragapult|Heavy-Duty Boots|[from] move: Knock Off|[of] p2a: Ogerpon
|faint|p1a: Dragapult
|
|upkeep
|
|t:|1758915545
|switch|p1a: Weezing|Weezing-Galar, F|100/100
|-ability|p1a: Weezing|Neutralizing Gas
|turn|17
|
|t:|1758915551
|move|p2a: Ogerpon|Knock Off|p1a: Weezing
|-resisted|p1a: Weezing
|-damage|p1a: Weezing|86/100
|-enditem|p1a: Weezing|Heavy-Duty Boots|[from] move: Knock Off|[of] p2a: Ogerpon
|move|p1a: Weezing|Will-O-Wisp|p2a: Ogerpon
|-status|p2a: Ogerpon|brn
|
|-damage|p2a: Ogerpon|95/100 brn|[from] brn
|upkeep
|turn|18
|-message|zerocreation forfeited.
|
|win|Shibuya Arc
|raw|Shibuya Arc's rating: 1407 &rarr; <strong>1428</strong><br />(+21 for winning)
|raw|zerocreation's rating: 1429 &rarr; <strong>1408</strong><br />(-21 for losing)
