|j|☆EnjoyedSiren
|j|☆qxzwwzxq
|t:|1758947141
|gametype|singles
|player|p1|EnjoyedSiren|giovanni|1251
|player|p2|qxzwwzxq|1|1247
|gen|9
|tier|[Gen 9] OU
|rated|
|rule|HP Percentage Mod: HP is shown in percentages
|rule|Endless Battle Clause: Forcing endless battles is banned
|rule|Species Clause: Limit one of each Pokémon
|rule|OHKO Clause: OHKO moves are banned
|rule|Evasion Items Clause: Evasion items are banned
|rule|Evasion Moves Clause: Evasion moves are banned
|rule|Evasion Abilities Clause: Evasion abilities are banned
|rule|Sleep Moves Clause: Sleep-inducing moves are banned
|clearpoke
|poke|p1|Sawsbuck-Autumn, M|
|poke|p1|Torkoal, M|
|poke|p1|Scovillain, M|
|poke|p1|Basculegion, M|
|poke|p1|Primarina, M|
|poke|p1|Pelipper, F|
|poke|p2|Sandy Shocks|
|poke|p2|Slither Wing|
|poke|p2|Dragonite, F|
|poke|p2|Primarina, M|
|poke|p2|Gholdengo|
|poke|p2|Iron Treads|
|teampreview
|inactive|Battle timer is ON: inactive players will automatically lose when time's up. (requested by qxzwwzxq)
|
|t:|1758947156
|teamsize|p1|6
|teamsize|p2|6
|start
|switch|p1a: Pelipper|Pelipper, F|100/100
|switch|p2a: 能用地震反杀资本家的工人|Iron Treads, shiny|100/100
|-weather|RainDance|[from] ability: Drizzle|[of] p1a: Pelipper
|turn|1
|
|t:|1758947165
|move|p2a: 能用地震反杀资本家的工人|Stealth Rock|p1a: Pelipper
|-sidestart|p1: EnjoyedSiren|move: Stealth Rock
|move|p1a: Pelipper|Weather Ball|p2a: 能用地震反杀资本家的工人
|-supereffective|p2a: 能用地震反杀资本家的工人
|-damage|p2a: 能用地震反杀资本家的工人|0 fnt
|faint|p2a: 能用地震反杀资本家的工人
|-end|p2a: 能用地震反杀资本家的工人|Quark Drive|[silent]
|
|-weather|RainDance|[upkeep]
|upkeep
|
|t:|1758947175
|switch|p2a: 冷知识：这货物防高达97|Sandy Shocks, shiny|100/100
|turn|2
|
|t:|1758947178
|move|p2a: 冷知识：这货物防高达97|Volt Switch|p1a: Pelipper
|-supereffective|p1a: Pelipper
|-damage|p1a: Pelipper|0 fnt
|faint|p1a: Pelipper
|
|t:|1758947190
|-end|p2a: 冷知识：这货物防高达97|Protosynthesis|[silent]
|switch|p2a: 热知识：这货特防高达105|Slither Wing, shiny|100/100|[from] Volt Switch
|
|-weather|RainDance|[upkeep]
|upkeep
|
|t:|1758947195
|switch|p1a: Basculegion|Basculegion, M|100/100
|-damage|p1a: Basculegion|88/100|[from] Stealth Rock
|turn|3
|
|t:|1758947198
|-terastallize|p1a: Basculegion|Water
|move|p1a: Basculegion|Wave Crash|p2a: 热知识：这货特防高达105
|-damage|p2a: 热知识：这货特防高达105|0 fnt
|faint|p2a: 热知识：这货特防高达105
|-end|p2a: 热知识：这货特防高达105|Protosynthesis|[silent]
|-damage|p1a: Basculegion|56/100|[from] Recoil
|
|-weather|RainDance|[upkeep]
|upkeep
|
|t:|1758947211
|switch|p2a: 温知识：这货速度比爬地翅还慢1点|Dragonite, F, shiny|100/100
|turn|4
|
|t:|1758947219
|move|p1a: Basculegion|Wave Crash|p2a: 温知识：这货速度比爬地翅还慢1点
|-resisted|p2a: 温知识：这货速度比爬地翅还慢1点
|-damage|p2a: 温知识：这货速度比爬地翅还慢1点|6/100
|-damage|p1a: Basculegion|30/100|[from] Recoil
|move|p2a: 温知识：这货速度比爬地翅还慢1点|Dragon Dance|p2a: 温知识：这货速度比爬地翅还慢1点
|-boost|p2a: 温知识：这货速度比爬地翅还慢1点|atk|1
|-boost|p2a: 温知识：这货速度比爬地翅还慢1点|spe|1
|
|-weather|RainDance|[upkeep]
|upkeep
|turn|5
|
|t:|1758947225
|move|p2a: 温知识：这货速度比爬地翅还慢1点|Extreme Speed|p1a: Basculegion
|-damage|p1a: Basculegion|0 fnt
|faint|p1a: Basculegion
|
|-weather|RainDance|[upkeep]
|upkeep
|
|t:|1758947231
|switch|p1a: Torkoal|Torkoal, M|100/100
|-damage|p1a: Torkoal|76/100|[from] Stealth Rock
|-weather|SunnyDay|[from] ability: Drought|[of] p1a: Torkoal
|turn|6
|
|t:|1758947236
|move|p2a: 温知识：这货速度比爬地翅还慢1点|Earthquake|p1a: Torkoal
|-supereffective|p1a: Torkoal
|-damage|p1a: Torkoal|7/100
|move|p1a: Torkoal|Clear Smog|p2a: 温知识：这货速度比爬地翅还慢1点
|-damage|p2a: 温知识：这货速度比爬地翅还慢1点|0 fnt
|-clearboost|p2a: 温知识：这货速度比爬地翅还慢1点
|faint|p2a: 温知识：这货速度比爬地翅还慢1点
|
|-weather|SunnyDay|[upkeep]
|upkeep
|
|t:|1758947247
|switch|p2a: 冷知识：这货物防高达97|Sandy Shocks, shiny|100/100
|-activate|p2a: 冷知识：这货物防高达97|ability: Protosynthesis
|-start|p2a: 冷知识：这货物防高达97|protosynthesisdef
|turn|7
|
|t:|1758947261
|move|p2a: 冷知识：这货物防高达97|Volt Switch|p1a: Torkoal
|-damage|p1a: Torkoal|0 fnt
|faint|p1a: Torkoal
|
|t:|1758947266
|-end|p2a: 冷知识：这货物防高达97|Protosynthesis|[silent]
|switch|p2a: 万恶的资本家|Gholdengo|100/100|[from] Volt Switch
|
|-weather|SunnyDay|[upkeep]
|upkeep
|
|t:|1758947269
|switch|p1a: Scovillain|Scovillain, M|100/100
|-damage|p1a: Scovillain|76/100|[from] Stealth Rock
|turn|8
|
|t:|1758947275
|move|p1a: Scovillain|Growth|p1a: Scovillain
|-boost|p1a: Scovillain|atk|2
|-boost|p1a: Scovillain|spa|2
|move|p2a: 万恶的资本家|Shadow Ball|p1a: Scovillain
|-damage|p1a: Scovillain|0 fnt
|faint|p1a: Scovillain
|
|-weather|SunnyDay|[upkeep]
|upkeep
|
|t:|1758947279
|switch|p1a: Primarina|Primarina, M|100/100
|-damage|p1a: Primarina|88/100|[from] Stealth Rock
|turn|9
|
|t:|1758947282
|move|p2a: 万恶的资本家|Shadow Ball|p1a: Primarina
|-damage|p1a: Primarina|54/100
|move|p1a: Primarina|Shadow Ball|p2a: 万恶的资本家
|-supereffective|p2a: 万恶的资本家
|-damage|p2a: 万恶的资本家|31/100
|
|-weather|SunnyDay|[upkeep]
|upkeep
|turn|10
|
|t:|1758947286
|move|p2a: 万恶的资本家|Shadow Ball|p1a: Primarina
|-damage|p1a: Primarina|21/100
|move|p1a: Primarina|Shadow Ball|p2a: 万恶的资本家
|-supereffective|p2a: 万恶的资本家
|-damage|p2a: 万恶的资本家|0 fnt
|faint|p2a: 万恶的资本家
|
|-weather|SunnyDay|[upkeep]
|upkeep
|
|t:|1758947290
|switch|p2a: 冷知识：这货物防高达97|Sandy Shocks, shiny|100/100
|-activate|p2a: 冷知识：这货物防高达97|ability: Protosynthesis
|-start|p2a: 冷知识：这货物防高达97|protosynthesisdef
|turn|11
|
|t:|1758947295
|move|p2a: 冷知识：这货物防高达97|Earth Power|p1a: Primarina
|-damage|p1a: Primarina|2/100
|move|p1a: Primarina|Hyper Voice|p2a: 冷知识：这货物防高达97
|-supereffective|p2a: 冷知识：这货物防高达97
|-damage|p2a: 冷知识：这货物防高达97|52/100
|
|-weather|SunnyDay|[upkeep]
|-heal|p2a: 冷知识：这货物防高达97|59/100|[from] item: Leftovers
|upkeep
|turn|12
|
|t:|1758947305
|move|p2a: 冷知识：这货物防高达97|Earth Power|p1a: Primarina
|-damage|p1a: Primarina|0 fnt
|faint|p1a: Primarina
|
|-weather|SunnyDay|[upkeep]
|-heal|p2a: 冷知识：这货物防高达97|65/100|[from] item: Leftovers
|upkeep
|
|t:|1758947308
|switch|p1a: Sawsbuck|Sawsbuck-Autumn, M|100/100
|-damage|p1a: Sawsbuck|88/100|[from] Stealth Rock
|turn|13
|
|t:|1758947313
|move|p1a: Sawsbuck|Horn Leech|p2a: 冷知识：这货物防高达97
|-supereffective|p2a: 冷知识：这货物防高达97
|-damage|p2a: 冷知识：这货物防高达97|16/100
|-heal|p1a: Sawsbuck|100/100|[from] drain|[of] p2a: 冷知识：这货物防高达97
|-damage|p1a: Sawsbuck|91/100|[from] item: Life Orb
|move|p2a: 冷知识：这货物防高达97|Iron Defense|p2a: 冷知识：这货物防高达97
|-boost|p2a: 冷知识：这货物防高达97|def|2
|
|-weather|none
|-end|p2a: 冷知识：这货物防高达97|Protosynthesis
|-heal|p2a: 冷知识：这货物防高达97|22/100|[from] item: Leftovers
|upkeep
|turn|14
|
|t:|1758947339
|-terastallize|p2a: 冷知识：这货物防高达97|Bug
|move|p1a: Sawsbuck|Horn Leech|p2a: 冷知识：这货物防高达97
|-resisted|p2a: 冷知识：这货物防高达97
|-damage|p2a: 冷知识：这货物防高达97|13/100
|-heal|p1a: Sawsbuck|96/100|[from] drain|[of] p2a: 冷知识：这货物防高达97
|-damage|p1a: Sawsbuck|86/100|[from] item: Life Orb
|move|p2a: 冷知识：这货物防高达97|Body Press|p1a: Sawsbuck
|-supereffective|p1a: Sawsbuck
|-damage|p1a: Sawsbuck|0 fnt
|faint|p1a: Sawsbuck
|
|win|qxzwwzxq
|raw|EnjoyedSiren's rating: 1251 &rarr; <strong>1226</strong><br />(-25 for losing)
|raw|qxzwwzxq's rating: 1247 &rarr; <strong>1272</strong><br />(+25 for winning)
|l|☆EnjoyedSiren
|player|p1|
|l|☆qxzwwzxq
|player|p2|
