|j|☆itslefty
|j|☆Minoluck
|t:|1758950022
|gametype|singles
|player|p1|itslefty|clown|1210
|player|p2|Minoluck|gentleman-gen4dp|1272
|gen|9
|tier|[Gen 9] OU
|rated|
|rule|HP Percentage Mod: HP is shown in percentages
|rule|Endless Battle Clause: Forcing endless battles is banned
|rule|Species Clause: Limit one of each Pokémon
|rule|OHKO Clause: OHKO moves are banned
|rule|Evasion Items Clause: Evasion items are banned
|rule|Evasion Moves Clause: Evasion moves are banned
|rule|Evasion Abilities Clause: Evasion abilities are banned
|rule|Sleep Moves Clause: Sleep-inducing moves are banned
|clearpoke
|poke|p1|Ursaluna, F|
|poke|p1|Articuno-Galar|
|poke|p1|Conkeldurr, M|
|poke|p1|Typhlosion-Hisui, M|
|poke|p1|Ogerpon-Wellspring, F|
|poke|p1|Orthworm, F|
|poke|p2|Staraptor, M|
|poke|p2|Iron Valiant|
|poke|p2|Raging Bolt|
|poke|p2|Cinderace, M|
|poke|p2|Iron Boulder|
|poke|p2|Gyarados, F|
|teampreview
|
|t:|1758950029
|teamsize|p1|6
|teamsize|p2|6
|start
|switch|p1a: Orthworm|Orthworm, F, shiny|100/100
|switch|p2a: Iron Boulder|Iron Boulder|100/100
|turn|1
|
|t:|1758950037
|move|p2a: Iron Boulder|Close Combat|p1a: Orthworm
|-supereffective|p1a: Orthworm
|-damage|p1a: Orthworm|35/100
|-unboost|p2a: Iron Boulder|def|1
|-unboost|p2a: Iron Boulder|spd|1
|move|p1a: Orthworm|Stealth Rock|p2a: Iron Boulder
|-sidestart|p2: Minoluck|move: Stealth Rock
|
|upkeep
|turn|2
|
|t:|1758950055
|switch|p1a: Ogerpon|Ogerpon-Wellspring, F|100/100
|move|p2a: Iron Boulder|Close Combat|p1a: Ogerpon
|-damage|p1a: Ogerpon|33/100
|-unboost|p2a: Iron Boulder|def|1
|-unboost|p2a: Iron Boulder|spd|1
|
|upkeep
|turn|3
|
|t:|1758950071
|move|p2a: Iron Boulder|Close Combat|p1a: Ogerpon
|-damage|p1a: Ogerpon|0 fnt
|-unboost|p2a: Iron Boulder|def|1
|-unboost|p2a: Iron Boulder|spd|1
|faint|p1a: Ogerpon
|
|upkeep
|
|t:|1758950092
|switch|p1a: Typhlosion|Typhlosion-Hisui, M|100/100
|turn|4
|
|t:|1758950103
|-end|p2a: Iron Boulder|Quark Drive|[silent]
|switch|p2a: Raging Bolt|Raging Bolt|100/100
|-damage|p2a: Raging Bolt|88/100|[from] Stealth Rock
|move|p1a: Typhlosion|Infernal Parade|p2a: Raging Bolt
|-damage|p2a: Raging Bolt|63/100
|
|upkeep
|turn|5
|
|t:|1758950120
|move|p1a: Typhlosion|Flamethrower|p2a: Raging Bolt
|-resisted|p2a: Raging Bolt
|-damage|p2a: Raging Bolt|40/100
|move|p2a: Raging Bolt|Draco Meteor|p1a: Typhlosion
|-damage|p1a: Typhlosion|0 fnt
|-unboost|p2a: Raging Bolt|spa|2
|faint|p1a: Typhlosion
|
|upkeep
|
|t:|1758950131
|switch|p1a: Articuno|Articuno-Galar|100/100
|turn|6
|
|t:|1758950141
|move|p1a: Articuno|Future Sight|p2a: Raging Bolt
|-start|p1a: Articuno|move: Future Sight
|move|p2a: Raging Bolt|Draco Meteor|p1a: Articuno
|-damage|p1a: Articuno|64/100
|-unboost|p2a: Raging Bolt|spa|2
|
|-heal|p1a: Articuno|70/100|[from] item: Leftovers
|upkeep
|turn|7
|
|t:|1758950152
|move|p2a: Raging Bolt|Draco Meteor|p1a: Articuno
|-damage|p1a: Articuno|46/100
|-unboost|p2a: Raging Bolt|spa|2
|move|p1a: Articuno|Trick Room|p1a: Articuno
|-fieldstart|move: Trick Room|[of] p1a: Articuno
|
|-heal|p1a: Articuno|52/100|[from] item: Leftovers
|upkeep
|turn|8
|
|t:|1758950160
|move|p2a: Raging Bolt|Draco Meteor|p1a: Articuno
|-damage|p1a: Articuno|35/100
|move|p1a: Articuno|Shadow Ball|p2a: Raging Bolt
|-damage|p2a: Raging Bolt|22/100
|
|-end|p2a: Raging Bolt|move: Future Sight
|-damage|p2a: Raging Bolt|0 fnt
|faint|p2a: Raging Bolt
|-end|p2a: Raging Bolt|Protosynthesis|[silent]
|-heal|p1a: Articuno|41/100|[from] item: Leftovers
|upkeep
|
|t:|1758950176
|switch|p2a: Cinderace|Cinderace, M|100/100
|-damage|p2a: Cinderace|76/100|[from] Stealth Rock
|turn|9
|
|t:|1758950190
|switch|p1a: Ursaluna|Ursaluna, F, shiny|100/100
|move|p2a: Cinderace|Court Change|p2a: Cinderace
|-start|p2a: Cinderace|typechange|Normal|[from] ability: Libero
|-swapsideconditions
|-activate|p2a: Cinderace|move: Court Change
|
|-status|p1a: Ursaluna|brn|[from] item: Flame Orb
|upkeep
|turn|10
|
|t:|1758950201
|switch|p2a: Gyarados|Gyarados, F|100/100
|-ability|p2a: Gyarados|Intimidate|boost
|-unboost|p1a: Ursaluna|atk|1
|move|p1a: Ursaluna|Facade|p2a: Gyarados
|-damage|p2a: Gyarados|0 fnt
|faint|p2a: Gyarados
|
|-damage|p1a: Ursaluna|94/100 brn|[from] brn
|upkeep
|
|t:|1758950213
|switch|p2a: Staraptor|Staraptor, M|100/100
|turn|11
|
|t:|1758950221
|move|p1a: Ursaluna|Facade|p2a: Staraptor
|-damage|p2a: Staraptor|0 fnt
|faint|p2a: Staraptor
|
|-damage|p1a: Ursaluna|88/100 brn|[from] brn
|-fieldend|move: Trick Room
|upkeep
|
|t:|1758950227
|switch|p2a: Iron Boulder|Iron Boulder|100/100
|turn|12
|
|t:|1758950246
|-terastallize|p1a: Ursaluna|Grass
|move|p2a: Iron Boulder|Close Combat|p1a: Ursaluna
|-damage|p1a: Ursaluna|50/100 brn
|-unboost|p2a: Iron Boulder|def|1
|-unboost|p2a: Iron Boulder|spd|1
|move|p1a: Ursaluna|Facade|p2a: Iron Boulder
|-resisted|p2a: Iron Boulder
|-damage|p2a: Iron Boulder|21/100
|
|-damage|p1a: Ursaluna|43/100 brn|[from] brn
|upkeep
|turn|13
|
|t:|1758950264
|move|p2a: Iron Boulder|Close Combat|p1a: Ursaluna
|-damage|p1a: Ursaluna|4/100 brn
|-unboost|p2a: Iron Boulder|def|1
|-unboost|p2a: Iron Boulder|spd|1
|move|p1a: Ursaluna|Facade|p2a: Iron Boulder
|-resisted|p2a: Iron Boulder
|-damage|p2a: Iron Boulder|0 fnt
|faint|p2a: Iron Boulder
|-end|p2a: Iron Boulder|Quark Drive|[silent]
|
|-damage|p1a: Ursaluna|0 fnt|[from] brn
|faint|p1a: Ursaluna
|upkeep
|
|t:|1758950282
|switch|p2a: Cinderace|Cinderace, M|76/100
|switch|p1a: Articuno|Articuno-Galar|41/100
|-damage|p1a: Articuno|16/100|[from] Stealth Rock
|turn|14
|
|t:|1758950294
|move|p2a: Cinderace|Pyro Ball|p1a: Articuno
|-damage|p1a: Articuno|0 fnt
|faint|p1a: Articuno
|
|upkeep
|
|t:|1758950302
|switch|p1a: Conkeldurr|Conkeldurr, M|100/100
|-damage|p1a: Conkeldurr|94/100|[from] Stealth Rock
|turn|15
|
|t:|1758950315
|move|p1a: Conkeldurr|Mach Punch|p2a: Cinderace
|-damage|p2a: Cinderace|40/100
|move|p2a: Cinderace|Pyro Ball|p1a: Conkeldurr
|-crit|p1a: Conkeldurr
|-damage|p1a: Conkeldurr|14/100
|
|-status|p1a: Conkeldurr|brn|[from] item: Flame Orb
|upkeep
|turn|16
|
|t:|1758950324
|move|p1a: Conkeldurr|Detect|p1a: Conkeldurr
|-singleturn|p1a: Conkeldurr|Protect
|move|p2a: Cinderace|Pyro Ball|p1a: Conkeldurr
|-activate|p1a: Conkeldurr|move: Protect
|
|-damage|p1a: Conkeldurr|8/100 brn|[from] brn
|upkeep
|turn|17
|
|t:|1758950332
|move|p1a: Conkeldurr|Mach Punch|p2a: Cinderace
|-damage|p2a: Cinderace|0 fnt
|faint|p2a: Cinderace
|
|-damage|p1a: Conkeldurr|2/100 brn|[from] brn
|upkeep
|
|t:|1758950337
|switch|p2a: Iron Valiant|Iron Valiant|100/100
|-enditem|p2a: Iron Valiant|Booster Energy
|-activate|p2a: Iron Valiant|ability: Quark Drive|[fromitem]
|-start|p2a: Iron Valiant|quarkdrivespe
|turn|18
|
|t:|1758950346
|-terastallize|p2a: Iron Valiant|Fairy
|move|p1a: Conkeldurr|Mach Punch|p2a: Iron Valiant
|-resisted|p2a: Iron Valiant
|-crit|p2a: Iron Valiant
|-damage|p2a: Iron Valiant|63/100
|move|p2a: Iron Valiant|Moonblast|p1a: Conkeldurr
|-supereffective|p1a: Conkeldurr
|-damage|p1a: Conkeldurr|0 fnt
|faint|p1a: Conkeldurr
|
|upkeep
|
|t:|1758950355
|switch|p1a: Orthworm|Orthworm, F, shiny|35/100
|-damage|p1a: Orthworm|29/100|[from] Stealth Rock
|turn|19
|
|t:|1758950359
|move|p2a: Iron Valiant|Aura Sphere|p1a: Orthworm
|-supereffective|p1a: Orthworm
|-damage|p1a: Orthworm|0 fnt
|faint|p1a: Orthworm
|
|win|Minoluck
|raw|itslefty's rating: 1210 &rarr; <strong>1189</strong><br />(-21 for losing)
|raw|Minoluck's rating: 1272 &rarr; <strong>1293</strong><br />(+21 for winning)
|l|☆Minoluck
|player|p2|
|c|☆itslefty|gg
|l|☆itslefty
|player|p1|
