|j|☆24iomxx
|j|☆spinnmaster65
|t:|1758982674
|gametype|singles
|player|p1|24iomxx|hilbert-masters|1090
|player|p2|spinnmaster65|102|1115
|gen|9
|tier|[Gen 9] OU
|rated|
|rule|HP Percentage Mod: HP is shown in percentages
|rule|Endless Battle Clause: Forcing endless battles is banned
|rule|Species Clause: Limit one of each Pokémon
|rule|OHKO Clause: OHKO moves are banned
|rule|Evasion Items Clause: Evasion items are banned
|rule|Evasion Moves Clause: Evasion moves are banned
|rule|Evasion Abilities Clause: Evasion abilities are banned
|rule|Sleep Moves Clause: Sleep-inducing moves are banned
|clearpoke
|poke|p1|Hydreigon, F|
|poke|p1|Excadrill, M|
|poke|p1|Galvantula, F|
|poke|p1|Chandelure, M|
|poke|p1|Amoonguss, M|
|poke|p1|Braviary, M|
|poke|p2|Clefable, F|
|poke|p2|Scizor, F|
|poke|p2|Gliscor, F|
|poke|p2|Slowking-Galar, M|
|poke|p2|Zapdos|
|poke|p2|Ogerpon-Wellspring, F|
|teampreview
|inactive|Battle timer is ON: inactive players will automatically lose when time's up. (requested by 24iomxx)
|
|t:|1758982689
|teamsize|p1|6
|teamsize|p2|6
|start
|switch|p1a: Galvantula|Galvantula, F|100/100
|switch|p2a: Gliscor|Gliscor, F|100/100
|turn|1
|
|t:|1758982697
|move|p1a: Galvantula|Sticky Web|p2a: Gliscor
|-sidestart|p2: spinnmaster65|move: Sticky Web
|move|p2a: Gliscor|Earthquake|p1a: Galvantula
|-damage|p1a: Galvantula|18/100
|
|-status|p2a: Gliscor|tox|[from] item: Toxic Orb
|upkeep
|turn|2
|inactive|24iomxx has 120 seconds left.
|
|t:|1758982737
|switch|p1a: Excadrill|Excadrill, M|100/100
|-ability|p1a: Excadrill|Mold Breaker
|-item|p1a: Excadrill|Air Balloon
|move|p2a: Gliscor|Stealth Rock|p1a: Excadrill
|-sidestart|p1: 24iomxx|move: Stealth Rock
|
|-damage|p2a: Gliscor|94/100 tox|[from] psn
|upkeep
|turn|3
|
|t:|1758982758
|move|p2a: Gliscor|Facade|p1a: Excadrill
|-resisted|p1a: Excadrill
|-damage|p1a: Excadrill|73/100
|-enditem|p1a: Excadrill|Air Balloon
|move|p1a: Excadrill|Rapid Spin|p2a: Gliscor
|-damage|p2a: Gliscor|77/100 tox
|-boost|p1a: Excadrill|spe|1
|-sideend|p1: 24iomxx|Stealth Rock|[from] move: Rapid Spin|[of] p1a: Excadrill
|
|-damage|p2a: Gliscor|65/100 tox|[from] psn
|upkeep
|turn|4
|inactive|spinnmaster65 has 120 seconds left.
|
|t:|1758982779
|switch|p2a: Zapdos|Zapdos|100/100
|-ability|p2a: Zapdos|Pressure
|move|p1a: Excadrill|Iron Head|p2a: Zapdos
|-resisted|p2a: Zapdos
|-damage|p2a: Zapdos|80/100
|
|upkeep
|turn|5
|inactive|spinnmaster65 has 120 seconds left.
|
|t:|1758982802
|switch|p1a: Chandelure|Chandelure, M|100/100
|move|p2a: Zapdos|Heat Wave|p1a: Chandelure
|-start|p1a: Chandelure|ability: Flash Fire
|
|upkeep
|turn|6
|
|t:|1758982818
|switch|p2a: Gliscor|Gliscor, F|65/100 tox
|move|p1a: Chandelure|Fire Blast|p2a: Gliscor
|-damage|p2a: Gliscor|0 fnt
|faint|p2a: Gliscor
|
|upkeep
|inactive|spinnmaster65 has 90 seconds left.
|
|t:|1758982845
|switch|p2a: Zapdos|Zapdos|80/100
|-ability|p2a: Zapdos|Pressure
|turn|7
|inactive|spinnmaster65 has 90 seconds left.
|
|t:|1758982850
|move|p1a: Chandelure|Fire Blast|p2a: Zapdos
|-damage|p2a: Zapdos|0 fnt
|faint|p2a: Zapdos
|
|upkeep
|inactive|spinnmaster65 has 90 seconds left.
|
|t:|1758982855
|switch|p2a: Ogerpon|Ogerpon-Wellspring, F|100/100
|-activate|p2a: Ogerpon|move: Sticky Web
|-unboost|p2a: Ogerpon|spe|1
|turn|8
|
|t:|1758982865
|-end|p1a: Chandelure|ability: Flash Fire|[silent]
|switch|p1a: Amoonguss|Amoonguss, M|100/100
|move|p2a: Ogerpon|Ivy Cudgel|p1a: Amoonguss|[anim] Ivy Cudgel Water
|-resisted|p1a: Amoonguss
|-damage|p1a: Amoonguss|79/100
|
|-heal|p1a: Amoonguss|85/100|[from] item: Leftovers
|upkeep
|turn|9
|
|t:|1758982874
|switch|p2a: Scizor|Scizor, F|100/100
|-activate|p2a: Scizor|move: Sticky Web
|-unboost|p2a: Scizor|spe|1
|move|p1a: Amoonguss|Sludge Bomb|p2a: Scizor
|-immune|p2a: Scizor
|
|-heal|p1a: Amoonguss|91/100|[from] item: Leftovers
|upkeep
|turn|10
|
|t:|1758982885
|move|p2a: Scizor|Knock Off|p1a: Amoonguss
|-damage|p1a: Amoonguss|64/100
|-enditem|p1a: Amoonguss|Leftovers|[from] move: Knock Off|[of] p2a: Scizor
|move|p1a: Amoonguss|Stun Spore|p2a: Scizor
|-status|p2a: Scizor|par
|
|upkeep
|turn|11
|
|t:|1758982893
|move|p1a: Amoonguss|Giga Drain|p2a: Scizor
|-resisted|p2a: Scizor
|-damage|p2a: Scizor|94/100 par
|-heal|p1a: Amoonguss|67/100|[from] drain|[of] p2a: Scizor
|move|p2a: Scizor|Dual Wingbeat|p1a: Amoonguss
|-supereffective|p1a: Amoonguss
|-damage|p1a: Amoonguss|42/100
|-supereffective|p1a: Amoonguss
|-damage|p1a: Amoonguss|14/100
|-hitcount|p1a: Amoonguss|2
|
|upkeep
|turn|12
|
|t:|1758982913
|switch|p1a: Excadrill|Excadrill, M|73/100
|-ability|p1a: Excadrill|Mold Breaker
|move|p2a: Scizor|U-turn|p1a: Excadrill
|-resisted|p1a: Excadrill
|-damage|p1a: Excadrill|44/100
|
|t:|1758982924
|switch|p2a: Ogerpon|Ogerpon-Wellspring, F|100/100|[from] U-turn
|-activate|p2a: Ogerpon|move: Sticky Web
|-unboost|p2a: Ogerpon|spe|1
|
|upkeep
|turn|13
|
|t:|1758982936
|move|p1a: Excadrill|Rapid Spin|p2a: Ogerpon
|-damage|p2a: Ogerpon|78/100
|-boost|p1a: Excadrill|spe|1
|move|p2a: Ogerpon|Swords Dance|p2a: Ogerpon
|-boost|p2a: Ogerpon|atk|2
|
|upkeep
|turn|14
|
|t:|1758982950
|move|p1a: Excadrill|Earthquake|p2a: Ogerpon
|-resisted|p2a: Ogerpon
|-damage|p2a: Ogerpon|42/100
|move|p2a: Ogerpon|Ivy Cudgel|p1a: Excadrill|[anim] Ivy Cudgel Water
|-supereffective|p1a: Excadrill
|-damage|p1a: Excadrill|0 fnt
|faint|p1a: Excadrill
|
|upkeep
|
|t:|1758982965
|switch|p1a: Amoonguss|Amoonguss, M|48/100
|turn|15
|
|t:|1758982976
|switch|p2a: Scizor|Scizor, F|94/100 par
|-activate|p2a: Scizor|move: Sticky Web
|-unboost|p2a: Scizor|spe|1
|move|p1a: Amoonguss|Sludge Bomb|p2a: Scizor
|-immune|p2a: Scizor
|
|upkeep
|turn|16
|
|t:|1758982989
|switch|p1a: Galvantula|Galvantula, F|18/100
|cant|p2a: Scizor|par
|
|upkeep
|turn|17
|
|t:|1758982994
|switch|p1a: Braviary|Braviary, M|100/100
|move|p2a: Scizor|Bullet Punch|p1a: Braviary
|-crit|p1a: Braviary
|-damage|p1a: Braviary|60/100
|
|upkeep
|turn|18
|
|t:|1758983001
|switch|p1a: Chandelure|Chandelure, M|100/100
|move|p2a: Scizor|Knock Off|p1a: Chandelure
|-supereffective|p1a: Chandelure
|-damage|p1a: Chandelure|0 fnt
|-enditem|p1a: Chandelure|Choice Scarf|[from] move: Knock Off|[of] p2a: Scizor
|faint|p1a: Chandelure
|
|upkeep
|
|t:|1758983009
|switch|p1a: Braviary|Braviary, M|60/100
|turn|19
|
|t:|1758983017
|move|p1a: Braviary|Close Combat|p2a: Scizor
|-damage|p2a: Scizor|49/100 par
|-unboost|p1a: Braviary|def|1
|-unboost|p1a: Braviary|spd|1
|cant|p2a: Scizor|par
|
|upkeep
|turn|20
|
|t:|1758983026
|move|p1a: Braviary|Close Combat|p2a: Scizor
|-damage|p2a: Scizor|7/100 par
|-unboost|p1a: Braviary|def|1
|-unboost|p1a: Braviary|spd|1
|move|p2a: Scizor|Knock Off|p1a: Braviary
|-damage|p1a: Braviary|0 fnt
|-enditem|p1a: Braviary|Power Herb|[from] move: Knock Off|[of] p2a: Scizor
|faint|p1a: Braviary
|
|upkeep
|
|t:|1758983038
|switch|p1a: Galvantula|Galvantula, F|18/100
|turn|21
|
|t:|1758983041
|cant|p2a: Scizor|par
|move|p1a: Galvantula|Bug Buzz|p2a: Scizor
|-resisted|p2a: Scizor
|-damage|p2a: Scizor|0 fnt
|faint|p2a: Scizor
|
|upkeep
|
|t:|1758983058
|switch|p2a: Slowking|Slowking-Galar, M|100/100
|-activate|p2a: Slowking|move: Sticky Web
|-unboost|p2a: Slowking|spe|1
|turn|22
|
|t:|1758983071
|move|p1a: Galvantula|Thunder Wave|p2a: Slowking
|-status|p2a: Slowking|par
|move|p2a: Slowking|Flamethrower|p1a: Galvantula
|-supereffective|p1a: Galvantula
|-damage|p1a: Galvantula|0 fnt
|faint|p1a: Galvantula
|
|upkeep
|
|t:|1758983075
|switch|p1a: Hydreigon|Hydreigon, F|100/100
|turn|23
|
|t:|1758983099
|move|p1a: Hydreigon|Substitute|p1a: Hydreigon
|-start|p1a: Hydreigon|Substitute
|-damage|p1a: Hydreigon|76/100
|move|p2a: Slowking|Ice Beam|p1a: Hydreigon
|-supereffective|p1a: Hydreigon
|-end|p1a: Hydreigon|Substitute
|
|-heal|p1a: Hydreigon|82/100|[from] item: Leftovers
|upkeep
|turn|24
|
|t:|1758983115
|-terastallize|p1a: Hydreigon|Steel
|move|p1a: Hydreigon|Substitute|p1a: Hydreigon
|-start|p1a: Hydreigon|Substitute
|-damage|p1a: Hydreigon|57/100
|move|p2a: Slowking|Ice Beam|p1a: Hydreigon
|-resisted|p1a: Hydreigon
|-activate|p1a: Hydreigon|move: Substitute|[damage]
|
|-heal|p1a: Hydreigon|63/100|[from] item: Leftovers
|upkeep
|turn|25
|
|t:|1758983124
|move|p1a: Hydreigon|Nasty Plot|p1a: Hydreigon
|-boost|p1a: Hydreigon|spa|2
|cant|p2a: Slowking|par
|
|-heal|p1a: Hydreigon|69/100|[from] item: Leftovers
|upkeep
|turn|26
|
|t:|1758983130
|move|p1a: Hydreigon|Nasty Plot|p1a: Hydreigon
|-boost|p1a: Hydreigon|spa|2
|move|p2a: Slowking|Flamethrower|p1a: Hydreigon
|-supereffective|p1a: Hydreigon
|-end|p1a: Hydreigon|Substitute
|
|-heal|p1a: Hydreigon|75/100|[from] item: Leftovers
|upkeep
|turn|27
|
|t:|1758983145
|switch|p2a: Clefable|Clefable, F|100/100
|-activate|p2a: Clefable|move: Sticky Web
|-unboost|p2a: Clefable|spe|1
|move|p1a: Hydreigon|Draco Meteor|p2a: Clefable
|-immune|p2a: Clefable
|
|-heal|p1a: Hydreigon|81/100|[from] item: Leftovers
|upkeep
|turn|28
|
|t:|1758983161
|move|p1a: Hydreigon|Flash Cannon|p2a: Clefable
|-supereffective|p2a: Clefable
|-damage|p2a: Clefable|0 fnt
|faint|p2a: Clefable
|
|-heal|p1a: Hydreigon|88/100|[from] item: Leftovers
|upkeep
|
|t:|1758983168
|switch|p2a: Slowking|Slowking-Galar, M|100/100 par
|-activate|p2a: Slowking|move: Sticky Web
|-unboost|p2a: Slowking|spe|1
|turn|29
|
|t:|1758983180
|move|p1a: Hydreigon|Draco Meteor|p2a: Slowking
|-damage|p2a: Slowking|0 fnt
|-unboost|p1a: Hydreigon|spa|2
|faint|p2a: Slowking
|
|-heal|p1a: Hydreigon|94/100|[from] item: Leftovers
|upkeep
|
|t:|1758983186
|switch|p2a: Ogerpon|Ogerpon-Wellspring, F|42/100
|-activate|p2a: Ogerpon|move: Sticky Web
|-unboost|p2a: Ogerpon|spe|1
|turn|30
|
|t:|1758983210
|move|p1a: Hydreigon|Draco Meteor|p2a: Ogerpon
|-damage|p2a: Ogerpon|0 fnt
|-unboost|p1a: Hydreigon|spa|2
|faint|p2a: Ogerpon
|
|win|24iomxx
|raw|24iomxx's rating: 1090 &rarr; <strong>1118</strong><br />(+28 for winning)
|raw|spinnmaster65's rating: 1115 &rarr; <strong>1088</strong><br />(-27 for losing)
|l|☆spinnmaster65
|player|p2|
|l|☆24iomxx
|player|p1|
