|badge|p1|bronze|gen9ou|100-6
|html|<div class="broadcast-red"><strong>This battle is required to be public due to one or more player having a season medal.</strong><br />During the public phase, you can discuss the state of the ladder <a href="/seasondiscussion">in a special chatroom.</a></div>
|uhtml|medal-msg|<div class="broadcast-blue">Curious what those medals under the avatar are? PS now has Ladder Seasons! For more information, check out the <a href="https://www.smogon.com/forums/threads/3740067/">thread on Smogon.</a></div>
|raw|<div class="broadcast-blue"><strong>This battle is required to be public due to a player having a name starting with 'medal'.</div>
|j|☆ADM02
|j|☆iopqwe
|t:|1759050639
|gametype|singles
|player|p1|ADM02|1|1834
|player|p2|iopqwe|102|1724
|gen|9
|tier|[Gen 9] OU
|rated|
|rule|HP Percentage Mod: HP is shown in percentages
|rule|Endless Battle Clause: Forcing endless battles is banned
|rule|Species Clause: Limit one of each Pokémon
|rule|OHKO Clause: OHKO moves are banned
|rule|Evasion Items Clause: Evasion items are banned
|rule|Evasion Moves Clause: Evasion moves are banned
|rule|Evasion Abilities Clause: Evasion abilities are banned
|rule|Sleep Moves Clause: Sleep-inducing moves are banned
|clearpoke
|poke|p1|Cinderace, F|
|poke|p1|Clefable, F|
|poke|p1|Salamence, F|
|poke|p1|Dragonite, F|
|poke|p1|Hoopa-Unbound|
|poke|p1|Clodsire, F|
|poke|p2|Hatterene, F|
|poke|p2|Walking Wake|
|poke|p2|Lokix, M|
|poke|p2|Corviknight, F|
|poke|p2|Great Tusk|
|poke|p2|Torkoal, M|
|teampreview
|j| catarina valentine
|inactive|Battle timer is ON: inactive players will automatically lose when time's up. (requested by iopqwe)
|j| Itwasneroox
|
|t:|1759050656
|teamsize|p1|6
|teamsize|p2|6
|start
|switch|p1a: Clefable|Clefable, F|100/100
|switch|p2a: Lokix|Lokix, M|100/100
|turn|1
|j| cynasaurus
|
|t:|1759050666
|-terastallize|p2a: Lokix|Bug
|move|p2a: Lokix|U-turn|p1a: Clefable
|-resisted|p1a: Clefable
|-damage|p1a: Clefable|46/100
|j| heatraniac
|
|t:|1759050671
|switch|p2a: Hatterene|Hatterene, F|100/100|[from] U-turn
|move|p1a: Clefable|Calm Mind|p1a: Clefable
|-boost|p1a: Clefable|spa|1
|-boost|p1a: Clefable|spd|1
|
|-heal|p1a: Clefable|52/100|[from] item: Leftovers
|upkeep
|turn|2
|l| catarina valentine
|
|t:|1759050677
|move|p1a: Clefable|Moonblast|p2a: Hatterene
|-damage|p2a: Hatterene|54/100
|-enditem|p2a: Hatterene|Eject Button
|
|t:|1759050680
|switch|p2a: Lokix|Lokix, M, tera:Bug|100/100
|
|-heal|p1a: Clefable|58/100|[from] item: Leftovers
|upkeep
|turn|3
|
|t:|1759050684
|move|p1a: Clefable|Protect|p1a: Clefable
|-singleturn|p1a: Clefable|Protect
|move|p2a: Lokix|First Impression|p1a: Clefable
|-activate|p1a: Clefable|move: Protect
|
|-heal|p1a: Clefable|64/100|[from] item: Leftovers
|upkeep
|turn|4
|
|t:|1759050693
|switch|p2a: Torkoal|Torkoal, M|100/100
|-weather|SunnyDay|[from] ability: Drought|[of] p2a: Torkoal
|move|p1a: Clefable|Calm Mind|p1a: Clefable
|-boost|p1a: Clefable|spa|1
|-boost|p1a: Clefable|spd|1
|
|-weather|SunnyDay|[upkeep]
|-heal|p1a: Clefable|70/100|[from] item: Leftovers
|upkeep
|turn|5
|
|t:|1759050700
|switch|p2a: Great Tusk|Great Tusk|100/100
|-activate|p2a: Great Tusk|ability: Protosynthesis
|-start|p2a: Great Tusk|protosynthesisatk
|move|p1a: Clefable|Moonblast|p2a: Great Tusk
|-supereffective|p2a: Great Tusk
|-damage|p2a: Great Tusk|0 fnt
|faint|p2a: Great Tusk
|-end|p2a: Great Tusk|Protosynthesis|[silent]
|
|-weather|SunnyDay|[upkeep]
|-heal|p1a: Clefable|77/100|[from] item: Leftovers
|upkeep
|
|t:|1759050704
|switch|p2a: Lokix|Lokix, M, tera:Bug|100/100
|turn|6
|
|t:|1759050706
|move|p1a: Clefable|Protect|p1a: Clefable
|-singleturn|p1a: Clefable|Protect
|move|p2a: Lokix|Leech Life|p1a: Clefable
|-activate|p1a: Clefable|move: Protect
|
|-weather|SunnyDay|[upkeep]
|-heal|p1a: Clefable|83/100|[from] item: Leftovers
|upkeep
|turn|7
|
|t:|1759050713
|move|p2a: Lokix|Leech Life|p1a: Clefable
|-resisted|p1a: Clefable
|-damage|p1a: Clefable|20/100
|move|p1a: Clefable|Wish|p1a: Clefable
|
|-weather|SunnyDay|[upkeep]
|-heal|p1a: Clefable|26/100|[from] item: Leftovers
|upkeep
|turn|8
|l| Itwasneroox
|
|t:|1759050720
|move|p1a: Clefable|Protect|p1a: Clefable
|-singleturn|p1a: Clefable|Protect
|move|p2a: Lokix|Leech Life|p1a: Clefable
|-activate|p1a: Clefable|move: Protect
|
|-weather|SunnyDay|[upkeep]
|-heal|p1a: Clefable|76/100|[from] move: Wish|[wisher] Clefable
|-heal|p1a: Clefable|82/100|[from] item: Leftovers
|upkeep
|turn|9
|
|t:|1759050730
|move|p2a: Lokix|Leech Life|p1a: Clefable
|-resisted|p1a: Clefable
|-damage|p1a: Clefable|25/100
|move|p1a: Clefable|Wish|p1a: Clefable
|
|-weather|SunnyDay|[upkeep]
|-heal|p1a: Clefable|31/100|[from] item: Leftovers
|upkeep
|turn|10
|
|t:|1759050736
|move|p1a: Clefable|Protect|p1a: Clefable
|-singleturn|p1a: Clefable|Protect
|move|p2a: Lokix|Leech Life|p1a: Clefable
|-activate|p1a: Clefable|move: Protect
|
|-weather|SunnyDay|[upkeep]
|-heal|p1a: Clefable|81/100|[from] move: Wish|[wisher] Clefable
|-heal|p1a: Clefable|87/100|[from] item: Leftovers
|upkeep
|turn|11
|
|t:|1759050740
|move|p2a: Lokix|Leech Life|p1a: Clefable
|-resisted|p1a: Clefable
|-damage|p1a: Clefable|31/100
|move|p1a: Clefable|Wish|p1a: Clefable
|
|-weather|none
|-heal|p1a: Clefable|37/100|[from] item: Leftovers
|upkeep
|turn|12
|
|t:|1759050746
|move|p1a: Clefable|Protect|p1a: Clefable
|-singleturn|p1a: Clefable|Protect
|move|p2a: Lokix|Leech Life|p1a: Clefable
|-activate|p1a: Clefable|move: Protect
|
|-heal|p1a: Clefable|87/100|[from] move: Wish|[wisher] Clefable
|-heal|p1a: Clefable|93/100|[from] item: Leftovers
|upkeep
|turn|13
|
|t:|1759050753
|move|p2a: Lokix|Leech Life|p1a: Clefable
|-resisted|p1a: Clefable
|-damage|p1a: Clefable|36/100
|move|p1a: Clefable|Wish|p1a: Clefable
|
|-heal|p1a: Clefable|42/100|[from] item: Leftovers
|upkeep
|turn|14
|
|t:|1759050756
|move|p1a: Clefable|Protect|p1a: Clefable
|-singleturn|p1a: Clefable|Protect
|move|p2a: Lokix|Leech Life|p1a: Clefable
|-activate|p1a: Clefable|move: Protect
|
|-heal|p1a: Clefable|92/100|[from] move: Wish|[wisher] Clefable
|-heal|p1a: Clefable|98/100|[from] item: Leftovers
|upkeep
|turn|15
|
|t:|1759050765
|move|p2a: Lokix|Leech Life|p1a: Clefable
|-resisted|p1a: Clefable
|-damage|p1a: Clefable|36/100
|move|p1a: Clefable|Wish|p1a: Clefable
|
|-heal|p1a: Clefable|42/100|[from] item: Leftovers
|upkeep
|turn|16
|
|t:|1759050769
|move|p1a: Clefable|Protect|p1a: Clefable
|-singleturn|p1a: Clefable|Protect
|move|p2a: Lokix|Leech Life|p1a: Clefable
|-activate|p1a: Clefable|move: Protect
|
|-heal|p1a: Clefable|92/100|[from] move: Wish|[wisher] Clefable
|-heal|p1a: Clefable|98/100|[from] item: Leftovers
|upkeep
|turn|17
|
|t:|1759050772
|move|p2a: Lokix|Leech Life|p1a: Clefable
|-resisted|p1a: Clefable
|-damage|p1a: Clefable|41/100
|move|p1a: Clefable|Wish|p1a: Clefable
|
|-heal|p1a: Clefable|47/100|[from] item: Leftovers
|upkeep
|turn|18
|
|t:|1759050779
|switch|p2a: Torkoal|Torkoal, M|100/100
|-weather|SunnyDay|[from] ability: Drought|[of] p2a: Torkoal
|move|p1a: Clefable|Protect||[still]
|-fail|p1a: Clefable
|
|-weather|SunnyDay|[upkeep]
|-heal|p1a: Clefable|97/100|[from] move: Wish|[wisher] Clefable
|-heal|p1a: Clefable|100/100|[from] item: Leftovers
|upkeep
|turn|19
|
|t:|1759050785
|move|p1a: Clefable|Calm Mind|p1a: Clefable
|-boost|p1a: Clefable|spa|1
|-boost|p1a: Clefable|spd|1
|move|p2a: Torkoal|Stealth Rock|p1a: Clefable
|-sidestart|p1: ADM02|move: Stealth Rock
|
|-weather|SunnyDay|[upkeep]
|upkeep
|turn|20
|
|t:|1759050789
|move|p1a: Clefable|Calm Mind|p1a: Clefable
|-boost|p1a: Clefable|spa|1
|-boost|p1a: Clefable|spd|1
|move|p2a: Torkoal|Lava Plume|p1a: Clefable
|-damage|p1a: Clefable|88/100
|-status|p1a: Clefable|brn
|
|-weather|SunnyDay|[upkeep]
|-heal|p1a: Clefable|94/100 brn|[from] item: Leftovers
|upkeep
|turn|21
|
|t:|1759050796
|move|p1a: Clefable|Calm Mind|p1a: Clefable
|-boost|p1a: Clefable|spa|1
|-boost|p1a: Clefable|spd|1
|move|p2a: Torkoal|Lava Plume|p1a: Clefable
|-damage|p1a: Clefable|84/100 brn
|
|-weather|SunnyDay|[upkeep]
|-heal|p1a: Clefable|90/100 brn|[from] item: Leftovers
|upkeep
|turn|22
|
|t:|1759050800
|switch|p2a: Hatterene|Hatterene, F|54/100
|move|p1a: Clefable|Calm Mind|p1a: Clefable
|-boost|p1a: Clefable|spa|1
|-boost|p1a: Clefable|spd|1
|
|-weather|SunnyDay|[upkeep]
|-heal|p1a: Clefable|96/100 brn|[from] item: Leftovers
|upkeep
|turn|23
|
|t:|1759050803
|move|p1a: Clefable|Moonblast|p2a: Hatterene
|-damage|p2a: Hatterene|0 fnt
|faint|p2a: Hatterene
|
|-weather|SunnyDay|[upkeep]
|-heal|p1a: Clefable|100/100 brn|[from] item: Leftovers
|upkeep
|
|t:|1759050806
|switch|p2a: Walking Wake|Walking Wake|100/100
|-activate|p2a: Walking Wake|ability: Protosynthesis
|-start|p2a: Walking Wake|protosynthesisspe
|turn|24
|
|t:|1759050808
|move|p2a: Walking Wake|Hydro Steam|p1a: Clefable
|-damage|p1a: Clefable|77/100 brn
|move|p1a: Clefable|Moonblast|p2a: Walking Wake
|-supereffective|p2a: Walking Wake
|-damage|p2a: Walking Wake|0 fnt
|faint|p2a: Walking Wake
|-end|p2a: Walking Wake|Protosynthesis|[silent]
|
|-weather|SunnyDay|[upkeep]
|-heal|p1a: Clefable|83/100 brn|[from] item: Leftovers
|upkeep
|
|t:|1759050811
|switch|p2a: Lokix|Lokix, M, tera:Bug|100/100
|turn|25
|
|t:|1759050814
|move|p1a: Clefable|Protect|p1a: Clefable
|-singleturn|p1a: Clefable|Protect
|move|p2a: Lokix|Leech Life|p1a: Clefable
|-activate|p1a: Clefable|move: Protect
|
|-weather|none
|-heal|p1a: Clefable|89/100 brn|[from] item: Leftovers
|upkeep
|turn|26
|
|t:|1759050824
|move|p2a: Lokix|Leech Life|p1a: Clefable
|-resisted|p1a: Clefable
|-damage|p1a: Clefable|32/100 brn
|move|p1a: Clefable|Moonblast|p2a: Lokix
|-damage|p2a: Lokix|0 fnt
|faint|p2a: Lokix
|
|-heal|p1a: Clefable|38/100 brn|[from] item: Leftovers
|upkeep
|
|t:|1759050827
|switch|p2a: Torkoal|Torkoal, M|100/100
|-weather|SunnyDay|[from] ability: Drought|[of] p2a: Torkoal
|turn|27
|-message|iopqwe forfeited.
|
|win|ADM02
|raw|ADM02's rating: 1834 &rarr; <strong>1848</strong><br />(+14 for winning)
|raw|iopqwe's rating: 1724 &rarr; <strong>1710</strong><br />(-14 for losing)
|l|☆iopqwe
|player|p2|
|l|☆ADM02
|player|p1|
|l| cynasaurus
|l| heatraniac
