|j|☆dezzcargot
|j|☆vghhjg
|t:|1758964747
|gametype|singles
|player|p1|dezzcargot|policeman-gen4|1435
|player|p2|vghhjg|266|1541
|gen|9
|tier|[Gen 9] OU
|rated|
|rule|HP Percentage Mod: HP is shown in percentages
|rule|Endless Battle Clause: Forcing endless battles is banned
|rule|Species Clause: Limit one of each Pokémon
|rule|OHKO Clause: OHKO moves are banned
|rule|Evasion Items Clause: Evasion items are banned
|rule|Evasion Moves Clause: Evasion moves are banned
|rule|Evasion Abilities Clause: Evasion abilities are banned
|rule|Sleep Moves Clause: Sleep-inducing moves are banned
|clearpoke
|poke|p1|Torkoal, F|
|poke|p1|Walking Wake|
|poke|p1|Great Tusk|
|poke|p1|Hatterene, F|
|poke|p1|Raging Bolt|
|poke|p1|Ceruledge, F|
|poke|p2|Gholdengo|
|poke|p2|Ribombee, M|
|poke|p2|Dragonite, M|
|poke|p2|Comfey, F|
|poke|p2|Primarina, M|
|poke|p2|Salamence, F|
|teampreview
|
|t:|1758964771
|teamsize|p1|6
|teamsize|p2|6
|start
|switch|p1a: Bad B|Torkoal, F, shiny|100/100
|switch|p2a: Ribombee|Ribombee, M|100/100
|-weather|SunnyDay|[from] ability: Drought|[of] p1a: Bad B
|turn|1
|
|t:|1758964780
|switch|p1a: Tease Lady|Hatterene, F, shiny|100/100
|move|p2a: Ribombee|Stun Spore|p1a: Tease Lady
|move|p1a: Tease Lady|Stun Spore|p2a: Ribombee|[from] ability: Magic Bounce
|-status|p2a: Ribombee|par
|
|-weather|SunnyDay|[upkeep]
|upkeep
|turn|2
|
|t:|1758964792
|move|p1a: Tease Lady|Protect|p1a: Tease Lady
|-singleturn|p1a: Tease Lady|Protect
|cant|p2a: Ribombee|par
|
|-weather|SunnyDay|[upkeep]
|upkeep
|turn|3
|
|t:|1758964814
|move|p2a: Ribombee|Skill Swap|p1a: Tease Lady
|-activate|p2a: Ribombee|move: Skill Swap|Magic Bounce|Shield Dust|[of] p1a: Tease Lady
|move|p1a: Tease Lady|Draining Kiss|p2a: Ribombee
|-crit|p2a: Ribombee
|-damage|p2a: Ribombee|41/100 par
|
|-weather|SunnyDay|[upkeep]
|upkeep
|turn|4
|
|t:|1758964840
|switch|p1a: Bad B|Torkoal, F, shiny|100/100
|cant|p2a: Ribombee|par
|
|-weather|SunnyDay|[upkeep]
|upkeep
|turn|5
|
|t:|1758964858
|move|p2a: Ribombee|Stun Spore|p1a: Bad B
|-status|p1a: Bad B|par
|move|p1a: Bad B|Rapid Spin|p2a: Ribombee
|-damage|p2a: Ribombee|23/100 par
|-boost|p1a: Bad B|spe|1
|
|-weather|SunnyDay|[upkeep]
|upkeep
|turn|6
|
|t:|1758964866
|cant|p2a: Ribombee|par
|cant|p1a: Bad B|par
|
|-weather|SunnyDay|[upkeep]
|upkeep
|turn|7
|
|t:|1758964871
|move|p2a: Ribombee|Sticky Web|p1a: Bad B
|-sidestart|p1: dezzcargot|move: Sticky Web
|cant|p1a: Bad B|par
|
|-weather|SunnyDay|[upkeep]
|upkeep
|turn|8
|
|t:|1758964877
|switch|p2a: Gholdengo|Gholdengo|100/100
|-item|p2a: Gholdengo|Air Balloon
|cant|p1a: Bad B|par
|
|-weather|none
|upkeep
|turn|9
|
|t:|1758964885
|move|p2a: Gholdengo|Shadow Ball|p1a: Bad B
|-damage|p1a: Bad B|46/100 par
|move|p1a: Bad B|Lava Plume|p2a: Gholdengo
|-supereffective|p2a: Gholdengo
|-damage|p2a: Gholdengo|48/100
|-status|p2a: Gholdengo|brn
|-enditem|p2a: Gholdengo|Air Balloon
|
|-damage|p2a: Gholdengo|42/100 brn|[from] brn
|upkeep
|turn|10
|
|t:|1758964944
|switch|p1a: Assya|Raging Bolt|100/100
|-activate|p1a: Assya|move: Sticky Web
|-unboost|p1a: Assya|spe|1
|move|p2a: Gholdengo|Shadow Ball|p1a: Assya
|-crit|p1a: Assya
|-damage|p1a: Assya|38/100
|
|-heal|p1a: Assya|44/100|[from] item: Leftovers
|-damage|p2a: Gholdengo|36/100 brn|[from] brn
|upkeep
|turn|11
|
|t:|1758964962
|switch|p2a: Ribombee|Ribombee, M|23/100 par
|move|p1a: Assya|Volt Switch|p2a: Ribombee
|-damage|p2a: Ribombee|0 fnt
|faint|p2a: Ribombee
|
|t:|1758964986
|-end|p1a: Assya|Protosynthesis|[silent]
|switch|p1a: Bad B|Torkoal, F, shiny|46/100 par|[from] Volt Switch
|-activate|p1a: Bad B|move: Sticky Web
|-unboost|p1a: Bad B|spe|1
|-weather|SunnyDay|[from] ability: Drought|[of] p1a: Bad B
|
|-weather|SunnyDay|[upkeep]
|upkeep
|
|t:|1758964997
|switch|p2a: Gholdengo|Gholdengo|36/100 brn
|turn|12
|
|t:|1758965014
|switch|p1a: Tease Lady|Hatterene, F, shiny|100/100
|-activate|p1a: Tease Lady|move: Sticky Web
|-unboost|p1a: Tease Lady|spe|1
|move|p2a: Gholdengo|Shadow Ball|p1a: Tease Lady
|-supereffective|p1a: Tease Lady
|-damage|p1a: Tease Lady|33/100
|-unboost|p1a: Tease Lady|spd|1
|-enditem|p1a: Tease Lady|Eject Button
|
|t:|1758965024
|switch|p1a: Henrik The Great|Ceruledge, F|100/100
|-activate|p1a: Henrik The Great|move: Sticky Web
|-unboost|p1a: Henrik The Great|spe|1
|
|-weather|SunnyDay|[upkeep]
|-damage|p2a: Gholdengo|30/100 brn|[from] brn
|upkeep
|turn|13
|
|t:|1758965032
|switch|p2a: Salamence|Salamence, F|100/100
|move|p1a: Henrik The Great|Shadow Sneak|p2a: Salamence
|-damage|p2a: Salamence|78/100
|
|-weather|SunnyDay|[upkeep]
|upkeep
|turn|14
|
|t:|1758965044
|move|p2a: Salamence|Earthquake|p1a: Henrik The Great
|-supereffective|p1a: Henrik The Great
|-enditem|p1a: Henrik The Great|Focus Sash
|-damage|p1a: Henrik The Great|1/100
|-ability|p1a: Henrik The Great|Weak Armor|boost
|-unboost|p1a: Henrik The Great|def|1
|-boost|p1a: Henrik The Great|spe|2
|move|p1a: Henrik The Great|Swords Dance|p1a: Henrik The Great
|-boost|p1a: Henrik The Great|atk|2
|
|-weather|SunnyDay|[upkeep]
|upkeep
|turn|15
|
|t:|1758965056
|move|p1a: Henrik The Great|Poltergeist|p2a: Salamence
|-activate|p2a: Salamence|move: Poltergeist|Protective Pads
|-damage|p2a: Salamence|0 fnt
|faint|p2a: Salamence
|
|-weather|SunnyDay|[upkeep]
|upkeep
|
|t:|1758965063
|switch|p2a: Comfey|Comfey, F|100/100
|turn|16
|
|t:|1758965073
|move|p2a: Comfey|Draining Kiss|p1a: Henrik The Great
|-resisted|p1a: Henrik The Great
|-damage|p1a: Henrik The Great|0 fnt
|faint|p1a: Henrik The Great
|-damage|p2a: Comfey|91/100|[from] item: Life Orb
|
|-weather|SunnyDay|[upkeep]
|upkeep
|
|t:|1758965090
|switch|p1a: Bad B|Torkoal, F, shiny|46/100 par
|-activate|p1a: Bad B|move: Sticky Web
|-unboost|p1a: Bad B|spe|1
|turn|17
|
|t:|1758965105
|switch|p2a: Gholdengo|Gholdengo|30/100 brn
|move|p1a: Bad B|Lava Plume|p2a: Gholdengo
|-supereffective|p2a: Gholdengo
|-damage|p2a: Gholdengo|0 fnt
|faint|p2a: Gholdengo
|
|-weather|SunnyDay|[upkeep]
|upkeep
|
|t:|1758965110
|switch|p2a: Dragonite|Dragonite, M|100/100
|turn|18
|
|t:|1758965118
|switch|p1a: Tease Lady|Hatterene, F, shiny|33/100
|-activate|p1a: Tease Lady|move: Sticky Web
|-unboost|p1a: Tease Lady|spe|1
|move|p2a: Dragonite|Encore|p1a: Tease Lady
|move|p1a: Tease Lady|Encore||[from] ability: Magic Bounce|[still]
|-fail|p1a: Tease Lady
|
|-weather|none
|upkeep
|turn|19
|
|t:|1758965131
|move|p2a: Dragonite|Earthquake|p1a: Tease Lady
|-damage|p1a: Tease Lady|0 fnt
|faint|p1a: Tease Lady
|
|upkeep
|
|t:|1758965137
|switch|p1a: Twisted Tempo|Great Tusk, shiny|100/100
|-activate|p1a: Twisted Tempo|move: Sticky Web
|-unboost|p1a: Twisted Tempo|spe|1
|turn|20
|
|t:|1758965143
|move|p2a: Dragonite|Dragon Dance|p2a: Dragonite
|-boost|p2a: Dragonite|atk|1
|-boost|p2a: Dragonite|spe|1
|move|p1a: Twisted Tempo|Rapid Spin|p2a: Dragonite
|-damage|p2a: Dragonite|93/100
|-boost|p1a: Twisted Tempo|spe|1
|-sideend|p1: dezzcargot|Sticky Web|[from] move: Rapid Spin|[of] p1a: Twisted Tempo
|
|upkeep
|turn|21
|
|t:|1758965158
|move|p2a: Dragonite|Encore|p1a: Twisted Tempo
|-start|p1a: Twisted Tempo|Encore
|move|p1a: Twisted Tempo|Rapid Spin|p2a: Dragonite
|-damage|p2a: Dragonite|76/100
|-boost|p1a: Twisted Tempo|spe|1
|
|upkeep
|turn|22
|
|t:|1758965191
|-end|p1a: Twisted Tempo|Protosynthesis|[silent]
|switch|p1a: Bad B|Torkoal, F, shiny|46/100 par
|-weather|SunnyDay|[from] ability: Drought|[of] p1a: Bad B
|move|p2a: Dragonite|Dragon Dance|p2a: Dragonite
|-boost|p2a: Dragonite|atk|1
|-boost|p2a: Dragonite|spe|1
|
|-weather|SunnyDay|[upkeep]
|upkeep
|turn|23
|
|t:|1758965205
|move|p2a: Dragonite|Earthquake|p1a: Bad B
|-supereffective|p1a: Bad B
|-damage|p1a: Bad B|0 fnt
|faint|p1a: Bad B
|
|-weather|SunnyDay|[upkeep]
|upkeep
|
|t:|1758965225
|switch|p1a: Assya|Raging Bolt|44/100
|-activate|p1a: Assya|ability: Protosynthesis
|-start|p1a: Assya|protosynthesisspa
|turn|24
|
|t:|1758965239
|move|p1a: Assya|Thunderclap|p2a: Dragonite
|-damage|p2a: Dragonite|14/100
|move|p2a: Dragonite|Earthquake|p1a: Assya
|-supereffective|p1a: Assya
|-damage|p1a: Assya|0 fnt
|faint|p1a: Assya
|-end|p1a: Assya|Protosynthesis|[silent]
|
|-weather|SunnyDay|[upkeep]
|upkeep
|
|t:|1758965247
|switch|p1a: Spray ahh|Walking Wake|100/100
|-activate|p1a: Spray ahh|ability: Protosynthesis
|-start|p1a: Spray ahh|protosynthesisspe
|turn|25
|
|t:|1758965253
|-terastallize|p1a: Spray ahh|Water
|move|p2a: Dragonite|Earthquake|p1a: Spray ahh
|-damage|p1a: Spray ahh|26/100
|move|p1a: Spray ahh|Hydro Steam|p2a: Dragonite
|-resisted|p2a: Dragonite
|-damage|p2a: Dragonite|0 fnt
|faint|p2a: Dragonite
|
|-weather|SunnyDay|[upkeep]
|upkeep
|
|t:|1758965264
|switch|p2a: Primarina|Primarina, M|100/100
|turn|26
|
|t:|1758965268
|move|p1a: Spray ahh|Hydro Steam|p2a: Primarina
|-resisted|p2a: Primarina
|-damage|p2a: Primarina|37/100
|move|p2a: Primarina|Moonblast|p1a: Spray ahh
|-damage|p1a: Spray ahh|0 fnt
|faint|p1a: Spray ahh
|-end|p1a: Spray ahh|Protosynthesis|[silent]
|
|-weather|SunnyDay|[upkeep]
|-heal|p2a: Primarina|43/100|[from] item: Leftovers
|upkeep
|
|t:|1758965274
|switch|p1a: Twisted Tempo|Great Tusk, shiny|100/100
|-activate|p1a: Twisted Tempo|ability: Protosynthesis
|-start|p1a: Twisted Tempo|protosynthesisspe
|turn|27
|
|t:|1758965300
|move|p1a: Twisted Tempo|Headlong Rush|p2a: Primarina
|-damage|p2a: Primarina|0 fnt
|-unboost|p1a: Twisted Tempo|def|1
|-unboost|p1a: Twisted Tempo|spd|1
|faint|p2a: Primarina
|
|-weather|SunnyDay|[upkeep]
|upkeep
|
|t:|1758965304
|switch|p2a: Comfey|Comfey, F|91/100
|turn|28
|
|t:|1758965315
|move|p1a: Twisted Tempo|Headlong Rush|p2a: Comfey
|-damage|p2a: Comfey|29/100
|-unboost|p1a: Twisted Tempo|def|1
|-unboost|p1a: Twisted Tempo|spd|1
|move|p2a: Comfey|Calm Mind|p2a: Comfey
|-boost|p2a: Comfey|spa|1
|-boost|p2a: Comfey|spd|1
|
|-weather|SunnyDay|[upkeep]
|upkeep
|turn|29
|
|t:|1758965323
|move|p2a: Comfey|Draining Kiss|p1a: Twisted Tempo
|-supereffective|p1a: Twisted Tempo
|-damage|p1a: Twisted Tempo|0 fnt
|-heal|p2a: Comfey|100/100|[from] drain|[of] p1a: Twisted Tempo
|faint|p1a: Twisted Tempo
|-end|p1a: Twisted Tempo|Protosynthesis|[silent]
|-damage|p2a: Comfey|91/100|[from] item: Life Orb
|
|win|vghhjg
|raw|dezzcargot's rating: 1435 &rarr; <strong>1421</strong><br />(-14 for losing)
|raw|vghhjg's rating: 1541 &rarr; <strong>1555</strong><br />(+14 for winning)
|l|☆dezzcargot
|player|p1|
|l|☆vghhjg
|player|p2|
