|badge|p2|bronze|gen9ou|100-6
|html|<div class="broadcast-red"><strong>This battle is required to be public due to one or more player having a season medal.</strong><br />During the public phase, you can discuss the state of the ladder <a href="/seasondiscussion">in a special chatroom.</a></div>
|uhtml|medal-msg|<div class="broadcast-blue">Curious what those medals under the avatar are? PS now has Ladder Seasons! For more information, check out the <a href="https://www.smogon.com/forums/threads/3740067/">thread on Smogon.</a></div>
|raw|<div class="broadcast-blue"><strong>This battle is required to be public due to a player having a name starting with 'medal'.</div>
|j|☆chall torvikk
|j|☆LT124YH Ghoul
|t:|1759068044
|gametype|singles
|player|p1|chall torvikk|gambler|1841
|player|p2|LT124YH Ghoul|#wcop2024asia|1923
|gen|9
|tier|[Gen 9] OU
|rated|
|rule|HP Percentage Mod: HP is shown in percentages
|rule|Endless Battle Clause: Forcing endless battles is banned
|rule|Species Clause: Limit one of each Pokémon
|rule|OHKO Clause: OHKO moves are banned
|rule|Evasion Items Clause: Evasion items are banned
|rule|Evasion Moves Clause: Evasion moves are banned
|rule|Evasion Abilities Clause: Evasion abilities are banned
|rule|Sleep Moves Clause: Sleep-inducing moves are banned
|clearpoke
|poke|p1|Darkrai|
|poke|p1|Enamorus, F|
|poke|p1|Cinderace, F|
|poke|p1|Great Tusk|
|poke|p1|Alomomola, F|
|poke|p1|Amoonguss, F|
|poke|p2|Veluza, M|
|poke|p2|Hatterene, F|
|poke|p2|Deoxys-Speed|
|poke|p2|Iron Valiant|
|poke|p2|Glimmora, M|
|poke|p2|Gliscor, M|
|teampreview
|inactive|Battle timer is ON: inactive players will automatically lose when time's up. (requested by LT124YH Ghoul)
|j| cynasaurus
|
|t:|1759068067
|teamsize|p1|6
|teamsize|p2|6
|start
|switch|p1a: Darkrai|Darkrai|100/100
|switch|p2a: Deoxys|Deoxys-Speed|100/100
|-ability|p2a: Deoxys|Pressure
|turn|1
|j| Joao v9898
|
|t:|1759068086
|move|p2a: Deoxys|Light Screen|p2a: Deoxys
|-sidestart|p2: LT124YH Ghoul|move: Light Screen
|move|p1a: Darkrai|Dark Pulse|p2a: Deoxys
|-supereffective|p2a: Deoxys
|-damage|p2a: Deoxys|38/100
|
|upkeep
|turn|2
|j| PIDGEY GORDITO
|l| PIDGEY GORDITO
|inactive|chall torvikk has 120 seconds left.
|
|t:|1759068118
|switch|p2a: Hatterene|Hatterene, F|100/100
|move|p1a: Darkrai|Dark Pulse|p2a: Hatterene
|-damage|p2a: Hatterene|70/100
|
|-heal|p2a: Hatterene|77/100|[from] item: Leftovers
|upkeep
|turn|3
|inactive|chall torvikk has 120 seconds left.
|
|t:|1759068127
|switch|p1a: Amoonguss|Amoonguss, F|100/100
|move|p2a: Hatterene|Calm Mind|p2a: Hatterene
|-boost|p2a: Hatterene|spa|1
|-boost|p2a: Hatterene|spd|1
|
|-heal|p2a: Hatterene|83/100|[from] item: Leftovers
|upkeep
|turn|4
|
|t:|1759068134
|-terastallize|p1a: Amoonguss|Steel
|move|p2a: Hatterene|Stored Power|p1a: Amoonguss
|-resisted|p1a: Amoonguss
|-damage|p1a: Amoonguss|77/100
|move|p1a: Amoonguss|Clear Smog|p2a: Hatterene
|-supereffective|p2a: Hatterene
|-damage|p2a: Hatterene|70/100
|-clearboost|p2a: Hatterene
|
|-heal|p2a: Hatterene|77/100|[from] item: Leftovers
|upkeep
|turn|5
|
|t:|1759068153
|switch|p2a: Gliscor|Gliscor, M|100/100
|move|p1a: Amoonguss|Clear Smog|p2a: Gliscor
|-resisted|p2a: Gliscor
|-damage|p2a: Gliscor|96/100
|-clearboost|p2a: Gliscor
|
|-status|p2a: Gliscor|tox|[from] item: Toxic Orb
|upkeep
|turn|6
|inactive|chall torvikk has 120 seconds left.
|
|t:|1759068169
|switch|p1a: Great Tusk|Great Tusk|100/100
|move|p2a: Gliscor|Earthquake|p1a: Great Tusk
|-damage|p1a: Great Tusk|77/100
|
|-heal|p2a: Gliscor|100/100 tox|[from] ability: Poison Heal
|upkeep
|turn|7
|
|t:|1759068179
|switch|p2a: Hatterene|Hatterene, F|77/100
|move|p1a: Great Tusk|Headlong Rush|p2a: Hatterene
|-damage|p2a: Hatterene|0 fnt
|-unboost|p1a: Great Tusk|def|1
|-unboost|p1a: Great Tusk|spd|1
|faint|p2a: Hatterene
|
|upkeep
|j| cryyysneasel
|inactive|LT124YH Ghoul has 120 seconds left.
|j| wgw2333
|inactive|LT124YH Ghoul has 90 seconds left.
|
|t:|1759068258
|switch|p2a: Iron Valiant|Iron Valiant|100/100
|-enditem|p2a: Iron Valiant|Booster Energy
|-activate|p2a: Iron Valiant|ability: Quark Drive|[fromitem]
|-start|p2a: Iron Valiant|quarkdrivespe
|turn|8
|inactive|chall torvikk has 120 seconds left.
|
|t:|1759068280
|-end|p1a: Great Tusk|Protosynthesis|[silent]
|switch|p1a: Amoonguss|Amoonguss, F, tera:Steel|100/100
|move|p2a: Iron Valiant|Close Combat|p1a: Amoonguss
|-supereffective|p1a: Amoonguss
|-damage|p1a: Amoonguss|28/100
|-unboost|p2a: Iron Valiant|def|1
|-unboost|p2a: Iron Valiant|spd|1
|
|-sideend|p2: LT124YH Ghoul|move: Light Screen
|upkeep
|turn|9
|inactive|LT124YH Ghoul has 60 seconds left.
|
|t:|1759068323
|switch|p1a: Alomomola|Alomomola, F|100/100
|move|p2a: Iron Valiant|Close Combat|p1a: Alomomola
|-damage|p1a: Alomomola|60/100
|-unboost|p2a: Iron Valiant|def|1
|-unboost|p2a: Iron Valiant|spd|1
|
|upkeep
|turn|10
|
|t:|1759068330
|move|p2a: Iron Valiant|Close Combat|p1a: Alomomola
|-damage|p1a: Alomomola|22/100
|-unboost|p2a: Iron Valiant|def|1
|-unboost|p2a: Iron Valiant|spd|1
|move|p1a: Alomomola|Flip Turn|p2a: Iron Valiant
|-damage|p2a: Iron Valiant|44/100
|inactive|chall torvikk has 120 seconds left.
|
|t:|1759068354
|switch|p1a: Amoonguss|Amoonguss, F, tera:Steel|61/100|[from] Flip Turn
|
|upkeep
|turn|11
|inactive|chall torvikk has 120 seconds left.
|inactive|LT124YH Ghoul has 60 seconds left.
|
|t:|1759068393
|switch|p1a: Alomomola|Alomomola, F|55/100
|move|p2a: Iron Valiant|Close Combat|p1a: Alomomola
|-damage|p1a: Alomomola|19/100
|-unboost|p2a: Iron Valiant|def|1
|-unboost|p2a: Iron Valiant|spd|1
|
|upkeep
|turn|12
|
|t:|1759068402
|move|p1a: Alomomola|Aqua Jet|p2a: Iron Valiant
|-damage|p2a: Iron Valiant|5/100
|move|p2a: Iron Valiant|Moonblast|p1a: Alomomola
|-damage|p1a: Alomomola|0 fnt
|faint|p1a: Alomomola
|
|upkeep
|
|t:|1759068407
|switch|p1a: Darkrai|Darkrai|100/100
|turn|13
|
|t:|1759068416
|move|p1a: Darkrai|Sucker Punch||[still]
|-fail|p1a: Darkrai
|move|p2a: Iron Valiant|Encore|p1a: Darkrai
|-start|p1a: Darkrai|Encore
|
|upkeep
|turn|14
|
|t:|1759068419
|move|p1a: Darkrai|Sucker Punch||[still]
|-fail|p1a: Darkrai
|move|p2a: Iron Valiant|Encore||[still]
|-fail|p2a: Iron Valiant
|
|upkeep
|turn|15
|
|t:|1759068424
|move|p1a: Darkrai|Sucker Punch||[still]
|-fail|p1a: Darkrai
|move|p2a: Iron Valiant|Encore||[still]
|-fail|p2a: Iron Valiant
|
|upkeep
|turn|16
|
|t:|1759068436
|move|p1a: Darkrai|Sucker Punch||[still]
|-fail|p1a: Darkrai
|move|p2a: Iron Valiant|Encore||[still]
|-fail|p2a: Iron Valiant
|
|-end|p1a: Darkrai|Encore
|upkeep
|turn|17
|
|t:|1759068441
|move|p1a: Darkrai|Sucker Punch||[still]
|-fail|p1a: Darkrai
|move|p2a: Iron Valiant|Encore|p1a: Darkrai
|-start|p1a: Darkrai|Encore
|
|upkeep
|turn|18
|
|t:|1759068444
|switch|p1a: Cinderace|Cinderace, F|100/100
|move|p2a: Iron Valiant|Encore||[still]
|-fail|p2a: Iron Valiant
|
|upkeep
|turn|19
|
|t:|1759068450
|move|p2a: Iron Valiant|Destiny Bond|p2a: Iron Valiant
|-singlemove|p2a: Iron Valiant|Destiny Bond
|move|p1a: Cinderace|U-turn|p2a: Iron Valiant
|-resisted|p2a: Iron Valiant
|-damage|p2a: Iron Valiant|0 fnt
|faint|p2a: Iron Valiant
|-activate|p2a: Iron Valiant|move: Destiny Bond
|-end|p2a: Iron Valiant|Quark Drive|[silent]
|faint|p1a: Cinderace
|
|upkeep
|
|t:|1759068463
|switch|p1a: Darkrai|Darkrai|100/100
|switch|p2a: Glimmora|Glimmora, M|100/100
|turn|20
|
|t:|1759068465
|move|p1a: Darkrai|Dark Pulse|p2a: Glimmora
|-damage|p2a: Glimmora|49/100
|-enditem|p2a: Glimmora|Red Card|[of] p1a: Darkrai
|drag|p1a: Amoonguss|Amoonguss, F, tera:Steel|94/100
|move|p2a: Glimmora|Stealth Rock|p1a: Amoonguss
|-sidestart|p1: chall torvikk|move: Stealth Rock
|
|upkeep
|turn|21
|j| ouww miguel o hara
|
|t:|1759068491
|switch|p1a: Darkrai|Darkrai|100/100
|-damage|p1a: Darkrai|88/100|[from] Stealth Rock
|move|p2a: Glimmora|Earth Power|p1a: Darkrai
|-damage|p1a: Darkrai|47/100
|
|upkeep
|turn|22
|j| poor ce
|
|t:|1759068496
|move|p1a: Darkrai|Dark Pulse|p2a: Glimmora
|-damage|p2a: Glimmora|0 fnt
|faint|p2a: Glimmora
|
|upkeep
|
|t:|1759068501
|switch|p2a: Deoxys|Deoxys-Speed|38/100
|-ability|p2a: Deoxys|Pressure
|turn|23
|j| nonchalantbufalant
|
|t:|1759068506
|move|p2a: Deoxys|Light Screen|p2a: Deoxys
|-sidestart|p2: LT124YH Ghoul|move: Light Screen
|move|p1a: Darkrai|Dark Pulse|p2a: Deoxys
|-supereffective|p2a: Deoxys
|-damage|p2a: Deoxys|0 fnt
|faint|p2a: Deoxys
|
|upkeep
|
|t:|1759068512
|switch|p2a: Gliscor|Gliscor, M|100/100 tox
|turn|24
|
|t:|1759068532
|-terastallize|p2a: Gliscor|Fairy
|move|p1a: Darkrai|Ice Beam|p2a: Gliscor
|-damage|p2a: Gliscor|81/100 tox
|move|p2a: Gliscor|Swords Dance|p2a: Gliscor
|-boost|p2a: Gliscor|atk|2
|
|-heal|p2a: Gliscor|93/100 tox|[from] ability: Poison Heal
|upkeep
|turn|25
|
|t:|1759068548
|switch|p1a: Great Tusk|Great Tusk|77/100
|-damage|p1a: Great Tusk|74/100|[from] Stealth Rock
|move|p2a: Gliscor|Earthquake|p1a: Great Tusk
|-damage|p1a: Great Tusk|29/100
|
|-heal|p2a: Gliscor|100/100 tox|[from] ability: Poison Heal
|upkeep
|turn|26
|j| Bobaba
|
|t:|1759068556
|move|p1a: Great Tusk|Headlong Rush|p2a: Gliscor
|-damage|p2a: Gliscor|51/100 tox
|-unboost|p1a: Great Tusk|def|1
|-unboost|p1a: Great Tusk|spd|1
|move|p2a: Gliscor|Earthquake|p1a: Great Tusk
|-damage|p1a: Great Tusk|0 fnt
|faint|p1a: Great Tusk
|-end|p1a: Great Tusk|Protosynthesis|[silent]
|
|-heal|p2a: Gliscor|63/100 tox|[from] ability: Poison Heal
|upkeep
|inactive|chall torvikk has 120 seconds left.
|l| wgw2333
|inactive|chall torvikk has 90 seconds left.
|inactive|chall torvikk has 60 seconds left.
|j| amimec
|
|t:|1759068653
|switch|p1a: Amoonguss|Amoonguss, F, tera:Steel|100/100
|-damage|p1a: Amoonguss|94/100|[from] Stealth Rock
|turn|27
|inactive|chall torvikk has 60 seconds left.
|
|t:|1759068668
|move|p2a: Gliscor|Protect|p2a: Gliscor
|-singleturn|p2a: Gliscor|Protect
|move|p1a: Amoonguss|Protect||[still]
|-fail|p1a: Amoonguss
|
|-heal|p2a: Gliscor|76/100 tox|[from] ability: Poison Heal
|upkeep
|turn|28
|inactive|chall torvikk has 60 seconds left.
|
|t:|1759068686
|switch|p1a: Enamorus|Enamorus, F|100/100
|-damage|p1a: Enamorus|76/100|[from] Stealth Rock
|move|p2a: Gliscor|Earthquake|p1a: Enamorus
|-immune|p1a: Enamorus
|
|-heal|p2a: Gliscor|88/100 tox|[from] ability: Poison Heal
|upkeep
|turn|29
|
|t:|1759068691
|switch|p1a: Amoonguss|Amoonguss, F, tera:Steel|100/100
|-damage|p1a: Amoonguss|94/100|[from] Stealth Rock
|move|p2a: Gliscor|Tera Blast|p1a: Amoonguss|[anim] Tera Blast Fairy
|-resisted|p1a: Amoonguss
|-damage|p1a: Amoonguss|75/100
|
|-heal|p2a: Gliscor|100/100 tox|[from] ability: Poison Heal
|upkeep
|turn|30
|
|t:|1759068698
|move|p2a: Gliscor|Earthquake|p1a: Amoonguss
|-supereffective|p1a: Amoonguss
|-damage|p1a: Amoonguss|0 fnt
|faint|p1a: Amoonguss
|
|-sideend|p2: LT124YH Ghoul|move: Light Screen
|upkeep
|
|t:|1759068701
|switch|p1a: Enamorus|Enamorus, F|76/100
|-damage|p1a: Enamorus|51/100|[from] Stealth Rock
|turn|31
|
|t:|1759068703
|move|p1a: Enamorus|Moonblast|p2a: Gliscor
|-damage|p2a: Gliscor|6/100 tox
|move|p2a: Gliscor|Tera Blast|p1a: Enamorus|[anim] Tera Blast Fairy
|-damage|p1a: Enamorus|0 fnt
|faint|p1a: Enamorus
|
|-heal|p2a: Gliscor|18/100 tox|[from] ability: Poison Heal
|upkeep
|
|t:|1759068707
|switch|p1a: Darkrai|Darkrai|47/100
|-damage|p1a: Darkrai|35/100|[from] Stealth Rock
|turn|32
|
|t:|1759068711
|move|p2a: Gliscor|Protect|p2a: Gliscor
|-singleturn|p2a: Gliscor|Protect
|move|p1a: Darkrai|Ice Beam|p2a: Gliscor
|-activate|p2a: Gliscor|move: Protect
|
|-heal|p2a: Gliscor|31/100 tox|[from] ability: Poison Heal
|upkeep
|turn|33
|
|t:|1759068714
|switch|p2a: Triple Lobotomy|Veluza, M|100/100
|move|p1a: Darkrai|Ice Beam|p2a: Triple Lobotomy
|-resisted|p2a: Triple Lobotomy
|-damage|p2a: Triple Lobotomy|77/100
|
|upkeep
|turn|34
|
|t:|1759068719
|move|p1a: Darkrai|Dark Pulse|p2a: Triple Lobotomy
|-supereffective|p2a: Triple Lobotomy
|-damage|p2a: Triple Lobotomy|0 fnt
|faint|p2a: Triple Lobotomy
|
|upkeep
|
|t:|1759068720
|switch|p2a: Gliscor|Gliscor, M, tera:Fairy|31/100 tox
|turn|35
|
|t:|1759068729
|move|p2a: Gliscor|Protect|p2a: Gliscor
|-singleturn|p2a: Gliscor|Protect
|move|p1a: Darkrai|Ice Beam|p2a: Gliscor
|-activate|p2a: Gliscor|move: Protect
|
|-heal|p2a: Gliscor|43/100 tox|[from] ability: Poison Heal
|upkeep
|turn|36
|
|t:|1759068737
|move|p1a: Darkrai|Dark Pulse|p2a: Gliscor
|-resisted|p2a: Gliscor
|-damage|p2a: Gliscor|12/100 tox
|move|p2a: Gliscor|Earthquake|p1a: Darkrai
|-damage|p1a: Darkrai|0 fnt
|faint|p1a: Darkrai
|
|win|LT124YH Ghoul
|raw|chall torvikk's rating: 1841 &rarr; <strong>1826</strong><br />(-15 for losing)
|raw|LT124YH Ghoul's rating: 1923 &rarr; <strong>1938</strong><br />(+15 for winning)
|l|☆LT124YH Ghoul
|player|p2|
|l|☆chall torvikk
|player|p1|
|l| poor ce
|l| nonchalantbufalant
|l| Bobaba
|l| cynasaurus
|l| amimec
