|j|☆xc00
|j|☆LDJohnson
|t:|1759045343
|gametype|singles
|player|p1|xc00|265|1187
|player|p2|LDJohnson|169|1241
|gen|9
|tier|[Gen 9] OU
|rated|
|rule|HP Percentage Mod: HP is shown in percentages
|rule|Endless Battle Clause: Forcing endless battles is banned
|rule|Species Clause: Limit one of each Pokémon
|rule|OHKO Clause: OHKO moves are banned
|rule|Evasion Items Clause: Evasion items are banned
|rule|Evasion Moves Clause: Evasion moves are banned
|rule|Evasion Abilities Clause: Evasion abilities are banned
|rule|Sleep Moves Clause: Sleep-inducing moves are banned
|clearpoke
|poke|p1|Ursaluna, M|
|poke|p1|Darkrai|
|poke|p1|Great Tusk|
|poke|p1|Landorus-Therian, M|
|poke|p1|Slowking-Galar, F|
|poke|p1|Dragonite, F|
|poke|p2|Dragapult, F|
|poke|p2|Darkrai|
|poke|p2|Iron Valiant|
|poke|p2|Scizor, F|
|poke|p2|Slowking-Galar, F|
|poke|p2|Great Tusk|
|teampreview
|inactive|Battle timer is ON: inactive players will automatically lose when time's up. (requested by xc00)
|
|t:|1759045369
|teamsize|p1|6
|teamsize|p2|6
|start
|switch|p1a: Darkrai|Darkrai|100/100
|switch|p2a: Darkrai|Darkrai, shiny|100/100
|turn|1
|
|t:|1759045394
|switch|p1a: Slowking|Slowking-Galar, F|100/100
|switch|p2a: Scizor|Scizor, F, shiny|100/100
|
|upkeep
|turn|2
|
|t:|1759045405
|switch|p1a: Landorus|Landorus-Therian, M|100/100
|-ability|p1a: Landorus|Intimidate|boost
|-unboost|p2a: Scizor|atk|1
|move|p2a: Scizor|U-turn|p1a: Landorus
|-resisted|p1a: Landorus
|-damage|p1a: Landorus|85/100
|-damage|p2a: Scizor|84/100|[from] item: Rocky Helmet|[of] p1a: Landorus
|
|t:|1759045410
|switch|p2a: Darkrai|Darkrai, shiny|100/100|[from] U-turn
|
|upkeep
|turn|3
|
|t:|1759045418
|switch|p1a: Slowking|Slowking-Galar, F|100/100
|move|p2a: Darkrai|Ice Beam|p1a: Slowking
|-damage|p1a: Slowking|75/100
|-damage|p2a: Darkrai|91/100|[from] item: Life Orb
|
|-heal|p1a: Slowking|81/100|[from] item: Leftovers
|upkeep
|turn|4
|
|t:|1759045428
|switch|p2a: Scizor|Scizor, F, shiny|84/100
|move|p1a: Slowking|Thunder Wave|p2a: Scizor
|-status|p2a: Scizor|par
|
|-heal|p1a: Slowking|88/100|[from] item: Leftovers
|upkeep
|turn|5
|
|t:|1759045437
|switch|p1a: Landorus|Landorus-Therian, M|85/100
|-ability|p1a: Landorus|Intimidate|boost
|-unboost|p2a: Scizor|atk|1
|move|p2a: Scizor|U-turn|p1a: Landorus
|-resisted|p1a: Landorus
|-damage|p1a: Landorus|70/100
|-damage|p2a: Scizor|67/100 par|[from] item: Rocky Helmet|[of] p1a: Landorus
|
|t:|1759045441
|switch|p2a: Darkrai|Darkrai, shiny|91/100|[from] U-turn
|
|upkeep
|turn|6
|
|t:|1759045454
|switch|p1a: Slowking|Slowking-Galar, F|100/100
|move|p2a: Darkrai|Nasty Plot|p2a: Darkrai
|-boost|p2a: Darkrai|spa|2
|
|upkeep
|turn|7
|
|t:|1759045476
|-terastallize|p1a: Slowking|Dark
|move|p2a: Darkrai|Dark Pulse|p1a: Slowking
|-resisted|p1a: Slowking
|-damage|p1a: Slowking|68/100
|-damage|p2a: Darkrai|81/100|[from] item: Life Orb
|cant|p1a: Slowking|flinch
|
|-heal|p1a: Slowking|74/100|[from] item: Leftovers
|upkeep
|turn|8
|
|t:|1759045492
|move|p2a: Darkrai|Ice Beam|p1a: Slowking
|-damage|p1a: Slowking|25/100
|-damage|p2a: Darkrai|71/100|[from] item: Life Orb
|move|p1a: Slowking|Thunder Wave|p2a: Darkrai
|-status|p2a: Darkrai|par
|
|-heal|p1a: Slowking|32/100|[from] item: Leftovers
|upkeep
|turn|9
|
|t:|1759045503
|switch|p1a: Darkrai|Darkrai|100/100
|move|p2a: Darkrai|Ice Beam|p1a: Darkrai
|-damage|p1a: Darkrai|0 fnt
|faint|p1a: Darkrai
|-damage|p2a: Darkrai|61/100 par|[from] item: Life Orb
|
|upkeep
|
|t:|1759045513
|switch|p1a: Great Tusk|Great Tusk|100/100
|turn|10
|
|t:|1759045534
|-terastallize|p2a: Darkrai|Fairy
|move|p1a: Great Tusk|Earthquake|p2a: Darkrai
|-damage|p2a: Darkrai|4/100 par
|move|p2a: Darkrai|Ice Beam|p1a: Great Tusk
|-supereffective|p1a: Great Tusk
|-damage|p1a: Great Tusk|0 fnt
|faint|p1a: Great Tusk
|-end|p1a: Great Tusk|Protosynthesis|[silent]
|-damage|p2a: Darkrai|0 fnt|[from] item: Life Orb
|faint|p2a: Darkrai
|
|upkeep
|inactive|LDJohnson has 120 seconds left.
|
|t:|1759045554
|switch|p2a: Dragapult|Dragapult, F, shiny|100/100
|switch|p1a: Landorus|Landorus-Therian, M|70/100
|-ability|p1a: Landorus|Intimidate|boost
|-unboost|p2a: Dragapult|atk|1
|turn|11
|
|t:|1759045561
|move|p2a: Dragapult|Shadow Ball|p1a: Landorus
|-damage|p1a: Landorus|37/100
|-unboost|p1a: Landorus|spd|1
|move|p1a: Landorus|Stealth Rock|p2a: Dragapult
|-sidestart|p2: LDJohnson|move: Stealth Rock
|
|upkeep
|turn|12
|inactive|LDJohnson has 120 seconds left.
|
|t:|1759045570
|switch|p1a: Slowking|Slowking-Galar, F, tera:Dark|65/100
|move|p2a: Dragapult|Shadow Ball|p1a: Slowking
|-resisted|p1a: Slowking
|-damage|p1a: Slowking|55/100
|
|-heal|p1a: Slowking|61/100|[from] item: Leftovers
|upkeep
|turn|13
|
|t:|1759045580
|move|p2a: Dragapult|U-turn|p1a: Slowking
|-supereffective|p1a: Slowking
|-damage|p1a: Slowking|36/100
|
|t:|1759045583
|switch|p2a: Great Tusk|Great Tusk|100/100|[from] U-turn
|move|p1a: Slowking|Future Sight|p2a: Great Tusk
|-start|p1a: Slowking|move: Future Sight
|
|-heal|p1a: Slowking|42/100|[from] item: Leftovers
|upkeep
|turn|14
|
|t:|1759045591
|switch|p1a: Landorus|Landorus-Therian, M|37/100
|-ability|p1a: Landorus|Intimidate|boost
|-unboost|p2a: Great Tusk|atk|1
|move|p2a: Great Tusk|Rapid Spin|p1a: Landorus
|-damage|p1a: Landorus|29/100
|-boost|p2a: Great Tusk|spe|1
|-damage|p2a: Great Tusk|84/100|[from] item: Rocky Helmet|[of] p1a: Landorus
|-sideend|p2: LDJohnson|Stealth Rock|[from] move: Rapid Spin|[of] p2a: Great Tusk
|
|upkeep
|turn|15
|
|t:|1759045605
|-end|p2a: Great Tusk|Protosynthesis|[silent]
|switch|p2a: Slowking|Slowking-Galar, F, shiny|100/100
|switch|p1a: Slowking|Slowking-Galar, F, tera:Dark|76/100
|
|-end|p2a: Slowking|move: Future Sight
|-damage|p2a: Slowking|71/100
|-heal|p1a: Slowking|82/100|[from] item: Leftovers
|-heal|p2a: Slowking|77/100|[from] item: Black Sludge
|upkeep
|turn|16
|
|t:|1759045616
|switch|p1a: Ursaluna|Ursaluna, M|100/100
|move|p2a: Slowking|Toxic Spikes|p1a: Ursaluna
|-sidestart|p1: xc00|move: Toxic Spikes
|
|-heal|p2a: Slowking|83/100|[from] item: Black Sludge
|upkeep
|turn|17
|
|t:|1759045627
|move|p1a: Ursaluna|Bulk Up|p1a: Ursaluna
|-boost|p1a: Ursaluna|atk|1
|-boost|p1a: Ursaluna|def|1
|move|p2a: Slowking|Trick|p1a: Ursaluna
|-activate|p2a: Slowking|move: Trick|[of] p1a: Ursaluna
|-item|p1a: Ursaluna|Black Sludge|[from] move: Trick
|-item|p2a: Slowking|Leftovers|[from] move: Trick
|
|-damage|p1a: Ursaluna|88/100|[from] item: Black Sludge
|-heal|p2a: Slowking|90/100|[from] item: Leftovers
|upkeep
|turn|18
|
|t:|1759045640
|move|p1a: Ursaluna|Earthquake|p2a: Slowking
|-supereffective|p2a: Slowking
|-crit|p2a: Slowking
|-damage|p2a: Slowking|0 fnt
|faint|p2a: Slowking
|
|-damage|p1a: Ursaluna|76/100|[from] item: Black Sludge
|upkeep
|
|t:|1759045659
|switch|p2a: Iron Valiant|Iron Valiant, shiny|100/100
|-enditem|p2a: Iron Valiant|Booster Energy
|-activate|p2a: Iron Valiant|ability: Quark Drive|[fromitem]
|-start|p2a: Iron Valiant|quarkdrivespe
|turn|19
|
|t:|1759045667
|move|p2a: Iron Valiant|Moonblast|p1a: Ursaluna
|-damage|p1a: Ursaluna|41/100
|-unboost|p1a: Ursaluna|spa|1
|move|p1a: Ursaluna|Earthquake|p2a: Iron Valiant
|-damage|p2a: Iron Valiant|3/100
|
|-damage|p1a: Ursaluna|29/100|[from] item: Black Sludge
|upkeep
|turn|20
|
|t:|1759045686
|move|p2a: Iron Valiant|Vacuum Wave|p1a: Ursaluna
|-supereffective|p1a: Ursaluna
|-damage|p1a: Ursaluna|1/100
|move|p1a: Ursaluna|Earthquake|p2a: Iron Valiant
|-damage|p2a: Iron Valiant|0 fnt
|faint|p2a: Iron Valiant
|-end|p2a: Iron Valiant|Quark Drive|[silent]
|
|-damage|p1a: Ursaluna|0 fnt|[from] item: Black Sludge
|faint|p1a: Ursaluna
|upkeep
|inactive|LDJohnson has 120 seconds left.
|
|t:|1759045703
|switch|p2a: Dragapult|Dragapult, F, shiny|100/100
|switch|p1a: Landorus|Landorus-Therian, M|29/100
|-ability|p1a: Landorus|Intimidate|boost
|-unboost|p2a: Dragapult|atk|1
|turn|21
|
|t:|1759045710
|switch|p1a: Slowking|Slowking-Galar, F, tera:Dark|100/100
|-status|p1a: Slowking|psn
|move|p2a: Dragapult|Shadow Ball|p1a: Slowking
|-resisted|p1a: Slowking
|-damage|p1a: Slowking|91/100 psn
|
|-heal|p1a: Slowking|97/100 psn|[from] item: Leftovers
|-damage|p1a: Slowking|84/100 psn|[from] psn
|upkeep
|turn|22
|
|t:|1759045722
|move|p2a: Dragapult|U-turn|p1a: Slowking
|-supereffective|p1a: Slowking
|-damage|p1a: Slowking|60/100 psn
|
|t:|1759045737
|switch|p2a: Scizor|Scizor, F, shiny|67/100 par|[from] U-turn
|move|p1a: Slowking|Future Sight|p2a: Scizor
|-start|p1a: Slowking|move: Future Sight
|
|-heal|p1a: Slowking|66/100 psn|[from] item: Leftovers
|-damage|p1a: Slowking|54/100 psn|[from] psn
|upkeep
|turn|23
|
|t:|1759045750
|switch|p1a: Landorus|Landorus-Therian, M|29/100
|-ability|p1a: Landorus|Intimidate|boost
|-unboost|p2a: Scizor|atk|1
|move|p2a: Scizor|U-turn|p1a: Landorus
|-resisted|p1a: Landorus
|-damage|p1a: Landorus|15/100
|-damage|p2a: Scizor|50/100 par|[from] item: Rocky Helmet|[of] p1a: Landorus
|
|t:|1759045759
|switch|p2a: Dragapult|Dragapult, F, shiny|100/100|[from] U-turn
|
|upkeep
|turn|24
|
|t:|1759045769
|switch|p1a: Slowking|Slowking-Galar, F, tera:Dark|87/100 psn
|move|p2a: Dragapult|Shadow Ball|p1a: Slowking
|-resisted|p1a: Slowking
|-damage|p1a: Slowking|77/100 psn
|
|-end|p2a: Dragapult|move: Future Sight
|-damage|p2a: Dragapult|44/100
|-heal|p1a: Slowking|83/100 psn|[from] item: Leftovers
|-damage|p1a: Slowking|71/100 psn|[from] psn
|upkeep
|turn|25
|
|t:|1759045782
|move|p2a: Dragapult|Draco Meteor|p1a: Slowking
|-damage|p1a: Slowking|35/100 psn
|-unboost|p2a: Dragapult|spa|2
|move|p1a: Slowking|Future Sight|p2a: Dragapult
|-start|p1a: Slowking|move: Future Sight
|
|-heal|p1a: Slowking|41/100 psn|[from] item: Leftovers
|-damage|p1a: Slowking|29/100 psn|[from] psn
|upkeep
|turn|26
|
|t:|1759045796
|switch|p1a: Landorus|Landorus-Therian, M|15/100
|-ability|p1a: Landorus|Intimidate|boost
|-unboost|p2a: Dragapult|atk|1
|move|p2a: Dragapult|U-turn|p1a: Landorus
|-resisted|p1a: Landorus
|-damage|p1a: Landorus|10/100
|-damage|p2a: Dragapult|27/100|[from] item: Rocky Helmet|[of] p1a: Landorus
|
|t:|1759045805
|switch|p2a: Scizor|Scizor, F, shiny|50/100 par|[from] U-turn
|
|upkeep
|turn|27
|
|t:|1759045817
|move|p2a: Scizor|Bullet Punch|p1a: Landorus
|-damage|p1a: Landorus|0 fnt
|-damage|p2a: Scizor|34/100 par|[from] item: Rocky Helmet|[of] p1a: Landorus
|faint|p1a: Landorus
|
|-end|p2a: Scizor|move: Future Sight
|-resisted|p2a: Scizor
|-damage|p2a: Scizor|5/100 par
|upkeep
|
|t:|1759045826
|switch|p1a: Dragonite|Dragonite, F|100/100
|turn|28
|
|t:|1759045832
|move|p2a: Scizor|Bullet Punch|p1a: Dragonite
|-damage|p1a: Dragonite|74/100
|move|p1a: Dragonite|Dragon Dance|p1a: Dragonite
|-boost|p1a: Dragonite|atk|1
|-boost|p1a: Dragonite|spe|1
|
|upkeep
|turn|29
|
|t:|1759045846
|cant|p2a: Scizor|par
|move|p1a: Dragonite|Dragon Dance|p1a: Dragonite
|-boost|p1a: Dragonite|atk|1
|-boost|p1a: Dragonite|spe|1
|
|upkeep
|turn|30
|
|t:|1759045858
|switch|p2a: Great Tusk|Great Tusk|84/100
|move|p1a: Dragonite|Dragon Dance|p1a: Dragonite
|-boost|p1a: Dragonite|atk|1
|-boost|p1a: Dragonite|spe|1
|
|upkeep
|turn|31
|
|t:|1759045866
|move|p1a: Dragonite|Ice Spinner|p2a: Great Tusk
|-supereffective|p2a: Great Tusk
|-damage|p2a: Great Tusk|11/100
|move|p2a: Great Tusk|Knock Off|p1a: Dragonite
|-damage|p1a: Dragonite|38/100
|-enditem|p1a: Dragonite|Heavy-Duty Boots|[from] move: Knock Off|[of] p2a: Great Tusk
|
|upkeep
|turn|32
|
|t:|1759045878
|move|p1a: Dragonite|Earthquake|p2a: Great Tusk
|-damage|p2a: Great Tusk|0 fnt
|faint|p2a: Great Tusk
|-end|p2a: Great Tusk|Protosynthesis|[silent]
|
|upkeep
|
|t:|1759045882
|switch|p2a: Scizor|Scizor, F, shiny|5/100 par
|turn|33
|
|t:|1759045886
|move|p1a: Dragonite|Extreme Speed|p2a: Scizor
|-resisted|p2a: Scizor
|-damage|p2a: Scizor|0 fnt
|faint|p2a: Scizor
|
|upkeep
|
|t:|1759045890
|switch|p2a: Dragapult|Dragapult, F, shiny|27/100
|turn|34
|
|t:|1759045896
|move|p1a: Dragonite|Ice Spinner|p2a: Dragapult
|-supereffective|p2a: Dragapult
|-damage|p2a: Dragapult|0 fnt
|faint|p2a: Dragapult
|
|win|xc00
|raw|xc00's rating: 1187 &rarr; <strong>1216</strong><br />(+29 for winning)
|raw|LDJohnson's rating: 1241 &rarr; <strong>1212</strong><br />(-29 for losing)
|l|☆LDJohnson
|player|p2|
