|j|☆YDongYang
|j|☆ohshittigueraje
|t:|1758978713
|gametype|singles
|player|p1|YDongYang|2|1250
|player|p2|ohshittigueraje|265|1243
|gen|9
|tier|[Gen 9] OU
|rated|
|rule|HP Percentage Mod: HP is shown in percentages
|rule|Endless Battle Clause: Forcing endless battles is banned
|rule|Species Clause: Limit one of each Pokémon
|rule|OHKO Clause: OHKO moves are banned
|rule|Evasion Items Clause: Evasion items are banned
|rule|Evasion Moves Clause: Evasion moves are banned
|rule|Evasion Abilities Clause: Evasion abilities are banned
|rule|Sleep Moves Clause: Sleep-inducing moves are banned
|clearpoke
|poke|p1|Houndoom, F|
|poke|p1|Torkoal, M|
|poke|p1|Great Tusk|
|poke|p1|Walking Wake|
|poke|p1|Deoxys-Defense|
|poke|p1|Corviknight, F|
|poke|p2|Alomomola, M|
|poke|p2|Slowking-Galar, M|
|poke|p2|Scizor, M|
|poke|p2|Rotom-Wash|
|poke|p2|Cryogonal|
|poke|p2|Ambipom, M|
|teampreview
|
|t:|1758978724
|teamsize|p1|6
|teamsize|p2|6
|start
|switch|p1a: Torkoal|Torkoal, M|100/100
|switch|p2a: Slowking|Slowking-Galar, M|100/100
|-weather|SunnyDay|[from] ability: Drought|[of] p1a: Torkoal
|turn|1
|inactive|Battle timer is ON: inactive players will automatically lose when time's up. (requested by YDongYang)
|
|t:|1758978732
|-prepare|p2a: Slowking|Chilly Reception|[premajor]
|move|p2a: Slowking|Chilly Reception|p2a: Slowking
|-weather|Snowscape
|
|t:|1758978747
|switch|p2a: Rotom|Rotom-Wash|100/100|[from] Chilly Reception
|move|p1a: Torkoal|Stealth Rock|p2a: Rotom
|-sidestart|p2: ohshittigueraje|move: Stealth Rock
|
|-weather|Snowscape|[upkeep]
|upkeep
|turn|2
|
|t:|1758978757
|switch|p1a: Deoxys|Deoxys-Defense|100/100
|-ability|p1a: Deoxys|Pressure
|move|p2a: Rotom|Volt Switch|p1a: Deoxys
|-damage|p1a: Deoxys|85/100
|
|t:|1758978765
|switch|p2a: Cryogonal|Cryogonal|100/100|[from] Volt Switch
|-damage|p2a: Cryogonal|75/100|[from] Stealth Rock
|
|-weather|Snowscape|[upkeep]
|-heal|p1a: Deoxys|92/100|[from] item: Leftovers
|upkeep
|turn|3
|
|t:|1758978788
|switch|p1a: Torkoal|Torkoal, M|100/100
|-weather|SunnyDay|[from] ability: Drought|[of] p1a: Torkoal
|move|p2a: Cryogonal|Aurora Veil||[still]
|-fail|p2a: Cryogonal
|
|-weather|SunnyDay|[upkeep]
|upkeep
|turn|4
|inactive|YDongYang has 120 seconds left.
|
|t:|1758978808
|switch|p1a: Houndoom|Houndoom, F|100/100
|move|p2a: Cryogonal|Rapid Spin|p1a: Houndoom
|-damage|p1a: Houndoom|89/100
|-boost|p2a: Cryogonal|spe|1
|-sideend|p2: ohshittigueraje|Stealth Rock|[from] move: Rapid Spin|[of] p2a: Cryogonal
|
|-weather|SunnyDay|[upkeep]
|upkeep
|turn|5
|inactive|YDongYang has 120 seconds left.
|
|t:|1758978826
|switch|p2a: Slowking|Slowking-Galar, M|100/100
|move|p1a: Houndoom|Nasty Plot|p1a: Houndoom
|-boost|p1a: Houndoom|spa|2
|
|-weather|SunnyDay|[upkeep]
|upkeep
|turn|6
|
|t:|1758978841
|-terastallize|p2a: Slowking|Poison
|move|p1a: Houndoom|Dark Pulse|p2a: Slowking
|-damage|p2a: Slowking|30/100
|-damage|p1a: Houndoom|79/100|[from] item: Life Orb
|-prepare|p2a: Slowking|Chilly Reception|[premajor]
|move|p2a: Slowking|Chilly Reception|p2a: Slowking
|-weather|Snowscape
|inactive|ohshittigueraje has 120 seconds left.
|
|t:|1758978872
|switch|p2a: Ambipom|Ambipom, M|100/100|[from] Chilly Reception
|
|-weather|Snowscape|[upkeep]
|upkeep
|turn|7
|
|t:|1758978878
|switch|p1a: Corviknight|Corviknight, F|100/100
|-ability|p1a: Corviknight|Pressure
|move|p2a: Ambipom|Fake Out|p1a: Corviknight
|-resisted|p1a: Corviknight
|-damage|p1a: Corviknight|90/100
|
|-weather|Snowscape|[upkeep]
|-heal|p1a: Corviknight|96/100|[from] item: Leftovers
|upkeep
|turn|8
|
|t:|1758978889
|move|p2a: Ambipom|U-turn|p1a: Corviknight
|-resisted|p1a: Corviknight
|-damage|p1a: Corviknight|93/100
|
|t:|1758978892
|switch|p2a: Rotom|Rotom-Wash|100/100|[from] U-turn
|move|p1a: Corviknight|U-turn|p2a: Rotom
|-damage|p2a: Rotom|86/100
|
|t:|1758978900
|switch|p1a: Deoxys|Deoxys-Defense|92/100|[from] U-turn
|-ability|p1a: Deoxys|Pressure
|
|-weather|Snowscape|[upkeep]
|-heal|p1a: Deoxys|98/100|[from] item: Leftovers
|upkeep
|turn|9
|inactive|ohshittigueraje has 120 seconds left.
|
|t:|1758978913
|move|p2a: Rotom|Trick|p1a: Deoxys
|-activate|p2a: Rotom|move: Trick|[of] p1a: Deoxys
|-item|p1a: Deoxys|Choice Scarf|[from] move: Trick
|-item|p2a: Rotom|Leftovers|[from] move: Trick
|move|p1a: Deoxys|Future Sight|p2a: Rotom
|-start|p1a: Deoxys|move: Future Sight
|
|-weather|Snowscape|[upkeep]
|-heal|p2a: Rotom|91/100|[from] item: Leftovers
|upkeep
|turn|10
|inactive|ohshittigueraje has 120 seconds left.
|
|t:|1758978938
|switch|p1a: Torkoal|Torkoal, M|100/100
|-weather|SunnyDay|[from] ability: Drought|[of] p1a: Torkoal
|move|p2a: Rotom|Hydro Pump|p1a: Torkoal
|-supereffective|p1a: Torkoal
|-damage|p1a: Torkoal|42/100
|
|-weather|SunnyDay|[upkeep]
|-heal|p2a: Rotom|97/100|[from] item: Leftovers
|upkeep
|turn|11
|
|t:|1758978949
|switch|p1a: Deoxys|Deoxys-Defense|98/100
|-ability|p1a: Deoxys|Pressure
|move|p2a: Rotom|Hydro Pump|p1a: Deoxys
|-damage|p1a: Deoxys|86/100
|
|-weather|SunnyDay|[upkeep]
|-end|p2a: Rotom|move: Future Sight
|-damage|p2a: Rotom|67/100
|-heal|p2a: Rotom|73/100|[from] item: Leftovers
|upkeep
|turn|12
|
|t:|1758978962
|move|p2a: Rotom|Volt Switch|p1a: Deoxys
|-damage|p1a: Deoxys|69/100
|
|t:|1758978967
|switch|p2a: Slowking|Slowking-Galar, M, tera:Poison|63/100|[from] Volt Switch
|move|p1a: Deoxys|Teleport|p1a: Deoxys
|
|t:|1758978972
|switch|p1a: Walking Wake|Walking Wake|100/100|[from] Teleport
|-activate|p1a: Walking Wake|ability: Protosynthesis
|-start|p1a: Walking Wake|protosynthesisspe
|
|-weather|SunnyDay|[upkeep]
|-heal|p2a: Slowking|69/100|[from] item: Black Sludge
|upkeep
|turn|13
|
|t:|1758978981
|-terastallize|p1a: Walking Wake|Water
|move|p1a: Walking Wake|Hydro Steam|p2a: Slowking
|-damage|p2a: Slowking|0 fnt
|faint|p2a: Slowking
|
|-weather|SunnyDay|[upkeep]
|upkeep
|
|t:|1758978995
|switch|p2a: Ambipom|Ambipom, M|100/100
|turn|14
|
|t:|1758979004
|-end|p1a: Walking Wake|Protosynthesis|[silent]
|switch|p1a: Corviknight|Corviknight, F|93/100
|-ability|p1a: Corviknight|Pressure
|move|p2a: Ambipom|U-turn|p1a: Corviknight
|-resisted|p1a: Corviknight
|-damage|p1a: Corviknight|90/100
|
|t:|1758979013
|switch|p2a: Rotom|Rotom-Wash|73/100|[from] U-turn
|
|-weather|SunnyDay|[upkeep]
|-heal|p2a: Rotom|79/100|[from] item: Leftovers
|-heal|p1a: Corviknight|96/100|[from] item: Leftovers
|upkeep
|turn|15
|inactive|ohshittigueraje has 120 seconds left.
|
|t:|1758979022
|switch|p1a: Deoxys|Deoxys-Defense|69/100
|-ability|p1a: Deoxys|Pressure
|move|p2a: Rotom|Volt Switch|p1a: Deoxys
|-damage|p1a: Deoxys|52/100
|inactive|ohshittigueraje has 120 seconds left.
|
|t:|1758979031
|switch|p2a: Scizor|Scizor, M|100/100|[from] Volt Switch
|
|-weather|SunnyDay|[upkeep]
|upkeep
|turn|16
|
|t:|1758979039
|switch|p1a: Corviknight|Corviknight, F|96/100
|-ability|p1a: Corviknight|Pressure
|move|p2a: Scizor|U-turn|p1a: Corviknight
|-resisted|p1a: Corviknight
|-damage|p1a: Corviknight|90/100
|
|t:|1758979047
|switch|p2a: Rotom|Rotom-Wash|79/100|[from] U-turn
|
|-weather|SunnyDay|[upkeep]
|-heal|p2a: Rotom|85/100|[from] item: Leftovers
|-heal|p1a: Corviknight|97/100|[from] item: Leftovers
|upkeep
|turn|17
|inactive|ohshittigueraje has 120 seconds left.
|
|t:|1758979063
|switch|p1a: Deoxys|Deoxys-Defense|52/100
|-ability|p1a: Deoxys|Pressure
|move|p2a: Rotom|Volt Switch|p1a: Deoxys
|-damage|p1a: Deoxys|34/100
|inactive|ohshittigueraje has 120 seconds left.
|
|t:|1758979076
|switch|p2a: Scizor|Scizor, M|100/100|[from] Volt Switch
|
|-weather|none
|upkeep
|turn|18
|inactive|ohshittigueraje has 120 seconds left.
|
|t:|1758979085
|switch|p1a: Corviknight|Corviknight, F|97/100
|-ability|p1a: Corviknight|Pressure
|move|p2a: Scizor|U-turn|p1a: Corviknight
|-resisted|p1a: Corviknight
|-damage|p1a: Corviknight|90/100
|inactive|ohshittigueraje has 120 seconds left.
|
|t:|1758979092
|switch|p2a: Rotom|Rotom-Wash|85/100|[from] U-turn
|
|-heal|p2a: Rotom|91/100|[from] item: Leftovers
|-heal|p1a: Corviknight|97/100|[from] item: Leftovers
|upkeep
|turn|19
|
|t:|1758979099
|switch|p1a: Great Tusk|Great Tusk|100/100
|move|p2a: Rotom|Hydro Pump|p1a: Great Tusk
|-supereffective|p1a: Great Tusk
|-damage|p1a: Great Tusk|0 fnt
|faint|p1a: Great Tusk
|-end|p1a: Great Tusk|Protosynthesis|[silent]
|
|-heal|p2a: Rotom|97/100|[from] item: Leftovers
|upkeep
|
|t:|1758979104
|switch|p1a: Torkoal|Torkoal, M|42/100
|-weather|SunnyDay|[from] ability: Drought|[of] p1a: Torkoal
|turn|20
|
|t:|1758979114
|move|p2a: Rotom|Volt Switch|p1a: Torkoal
|-damage|p1a: Torkoal|7/100
|
|t:|1758979126
|switch|p2a: Alomomola|Alomomola, M|100/100|[from] Volt Switch
|move|p1a: Torkoal|Stealth Rock|p2a: Alomomola
|-sidestart|p2: ohshittigueraje|move: Stealth Rock
|
|-weather|SunnyDay|[upkeep]
|upkeep
|turn|21
|
|t:|1758979139
|move|p2a: Alomomola|Wish|p2a: Alomomola
|move|p1a: Torkoal|Earth Power|p2a: Alomomola
|-damage|p2a: Alomomola|80/100
|
|-weather|SunnyDay|[upkeep]
|upkeep
|turn|22
|
|t:|1758979149
|switch|p1a: Deoxys|Deoxys-Defense|34/100
|-ability|p1a: Deoxys|Pressure
|move|p2a: Alomomola|Flip Turn|p1a: Deoxys
|-damage|p1a: Deoxys|28/100
|
|t:|1758979157
|switch|p2a: Cryogonal|Cryogonal|75/100|[from] Flip Turn
|-damage|p2a: Cryogonal|50/100|[from] Stealth Rock
|
|-weather|SunnyDay|[upkeep]
|-heal|p2a: Cryogonal|100/100|[from] move: Wish|[wisher] Alomomola
|upkeep
|turn|23
|
|t:|1758979168
|move|p1a: Deoxys|Knock Off|p2a: Cryogonal
|-damage|p2a: Cryogonal|73/100
|-enditem|p2a: Cryogonal|Light Clay|[from] move: Knock Off|[of] p1a: Deoxys
|move|p2a: Cryogonal|Rapid Spin|p1a: Deoxys
|-damage|p1a: Deoxys|23/100
|-boost|p2a: Cryogonal|spe|1
|-sideend|p2: ohshittigueraje|Stealth Rock|[from] move: Rapid Spin|[of] p2a: Cryogonal
|
|-weather|SunnyDay|[upkeep]
|upkeep
|turn|24
|
|t:|1758979178
|move|p2a: Cryogonal|Freeze-Dry|p1a: Deoxys
|-damage|p1a: Deoxys|6/100
|move|p1a: Deoxys|Knock Off|p2a: Cryogonal
|-damage|p2a: Cryogonal|57/100
|
|-weather|SunnyDay|[upkeep]
|upkeep
|turn|25
|
|t:|1758979187
|move|p2a: Cryogonal|Recover|p2a: Cryogonal
|-heal|p2a: Cryogonal|100/100
|move|p1a: Deoxys|Knock Off|p2a: Cryogonal
|-damage|p2a: Cryogonal|82/100
|
|-weather|SunnyDay|[upkeep]
|upkeep
|turn|26
|
|t:|1758979195
|move|p2a: Cryogonal|Recover|p2a: Cryogonal
|-heal|p2a: Cryogonal|100/100
|move|p1a: Deoxys|Knock Off|p2a: Cryogonal
|-damage|p2a: Cryogonal|83/100
|
|-weather|SunnyDay|[upkeep]
|upkeep
|turn|27
|
|t:|1758979204
|move|p2a: Cryogonal|Freeze-Dry|p1a: Deoxys
|-damage|p1a: Deoxys|0 fnt
|faint|p1a: Deoxys
|
|-weather|none
|upkeep
|
|t:|1758979207
|switch|p1a: Torkoal|Torkoal, M|7/100
|-weather|SunnyDay|[from] ability: Drought|[of] p1a: Torkoal
|turn|28
|
|t:|1758979214
|move|p2a: Cryogonal|Freeze-Dry|p1a: Torkoal
|-resisted|p1a: Torkoal
|-damage|p1a: Torkoal|0 fnt
|faint|p1a: Torkoal
|
|-weather|SunnyDay|[upkeep]
|upkeep
|
|t:|1758979216
|switch|p1a: Walking Wake|Walking Wake, tera:Water|100/100
|-activate|p1a: Walking Wake|ability: Protosynthesis
|-start|p1a: Walking Wake|protosynthesisspe
|turn|29
|
|t:|1758979228
|move|p1a: Walking Wake|Hydro Steam|p2a: Cryogonal
|-damage|p2a: Cryogonal|9/100
|move|p2a: Cryogonal|Freeze-Dry|p1a: Walking Wake
|-supereffective|p1a: Walking Wake
|-damage|p1a: Walking Wake|43/100
|
|-weather|SunnyDay|[upkeep]
|upkeep
|turn|30
|
|t:|1758979242
|move|p1a: Walking Wake|Hydro Steam|p2a: Cryogonal
|-damage|p2a: Cryogonal|0 fnt
|faint|p2a: Cryogonal
|
|-weather|SunnyDay|[upkeep]
|upkeep
|inactive|ohshittigueraje has 120 seconds left.
|
|t:|1758979286
|switch|p2a: Ambipom|Ambipom, M|100/100
|turn|31
|
|t:|1758979309
|move|p2a: Ambipom|Fake Out|p1a: Walking Wake
|-damage|p1a: Walking Wake|8/100
|cant|p1a: Walking Wake|flinch
|
|-weather|SunnyDay|[upkeep]
|upkeep
|turn|32
|inactive|ohshittigueraje has 90 seconds left.
|
|t:|1758979328
|switch|p2a: Alomomola|Alomomola, M|100/100
|move|p1a: Walking Wake|Hydro Steam|p2a: Alomomola
|-resisted|p2a: Alomomola
|-damage|p2a: Alomomola|32/100
|
|-weather|SunnyDay|[upkeep]
|upkeep
|turn|33
|inactive|ohshittigueraje has 90 seconds left.
|
|t:|1758979351
|move|p1a: Walking Wake|Hydro Steam|p2a: Alomomola
|-resisted|p2a: Alomomola
|-damage|p2a: Alomomola|0 fnt
|faint|p2a: Alomomola
|
|-weather|SunnyDay|[upkeep]
|upkeep
|
|t:|1758979366
|switch|p2a: Ambipom|Ambipom, M|100/100
|turn|34
|
|t:|1758979371
|-end|p1a: Walking Wake|Protosynthesis|[silent]
|switch|p1a: Corviknight|Corviknight, F|97/100
|-ability|p1a: Corviknight|Pressure
|move|p2a: Ambipom|Fake Out|p1a: Corviknight
|-resisted|p1a: Corviknight
|-damage|p1a: Corviknight|86/100
|
|-weather|SunnyDay|[upkeep]
|-heal|p1a: Corviknight|92/100|[from] item: Leftovers
|upkeep
|turn|35
|
|t:|1758979386
|move|p2a: Ambipom|U-turn|p1a: Corviknight
|-resisted|p1a: Corviknight
|-damage|p1a: Corviknight|89/100
|
|t:|1758979389
|switch|p2a: Rotom|Rotom-Wash|97/100|[from] U-turn
|move|p1a: Corviknight|U-turn|p2a: Rotom
|-damage|p2a: Rotom|81/100
|
|t:|1758979393
|switch|p1a: Houndoom|Houndoom, F|79/100|[from] U-turn
|
|-weather|none
|-heal|p2a: Rotom|87/100|[from] item: Leftovers
|upkeep
|turn|36
|inactive|ohshittigueraje has 90 seconds left.
|
|t:|1758979404
|move|p1a: Houndoom|Dark Pulse|p2a: Rotom
|-damage|p2a: Rotom|25/100
|-damage|p1a: Houndoom|69/100|[from] item: Life Orb
|cant|p2a: Rotom|flinch
|
|-heal|p2a: Rotom|31/100|[from] item: Leftovers
|upkeep
|turn|37
|inactive|ohshittigueraje has 90 seconds left.
|
|t:|1758979423
|switch|p2a: Scizor|Scizor, M|100/100
|move|p1a: Houndoom|Dark Pulse|p2a: Scizor
|-damage|p2a: Scizor|39/100
|-damage|p1a: Houndoom|59/100|[from] item: Life Orb
|
|-heal|p2a: Scizor|45/100|[from] item: Leftovers
|upkeep
|turn|38
|inactive|ohshittigueraje has 90 seconds left.
|
|t:|1758979439
|move|p2a: Scizor|Bullet Punch|p1a: Houndoom
|-resisted|p1a: Houndoom
|-damage|p1a: Houndoom|22/100
|move|p1a: Houndoom|Dark Pulse|p2a: Scizor
|-damage|p2a: Scizor|0 fnt
|faint|p2a: Scizor
|-damage|p1a: Houndoom|12/100|[from] item: Life Orb
|
|upkeep
|
|t:|1758979448
|switch|p2a: Ambipom|Ambipom, M|100/100
|turn|39
|
|t:|1758979460
|switch|p1a: Corviknight|Corviknight, F|89/100
|-ability|p1a: Corviknight|Pressure
|move|p2a: Ambipom|Fake Out|p1a: Corviknight
|-resisted|p1a: Corviknight
|-crit|p1a: Corviknight
|-damage|p1a: Corviknight|72/100
|
|-heal|p1a: Corviknight|79/100|[from] item: Leftovers
|upkeep
|turn|40
|
|t:|1758979484
|move|p2a: Ambipom|U-turn|p1a: Corviknight
|-resisted|p1a: Corviknight
|-damage|p1a: Corviknight|75/100
|
|t:|1758979495
|switch|p2a: Rotom|Rotom-Wash|31/100|[from] U-turn
|move|p1a: Corviknight|Body Press|p2a: Rotom
|-damage|p2a: Rotom|2/100
|
|-heal|p2a: Rotom|8/100|[from] item: Leftovers
|-heal|p1a: Corviknight|82/100|[from] item: Leftovers
|upkeep
|turn|41
|
|t:|1758979519
|switch|p1a: Houndoom|Houndoom, F|12/100
|move|p2a: Rotom|Thunderbolt|p1a: Houndoom
|-damage|p1a: Houndoom|0 fnt
|faint|p1a: Houndoom
|
|-heal|p2a: Rotom|14/100|[from] item: Leftovers
|upkeep
|
|t:|1758979523
|switch|p1a: Walking Wake|Walking Wake, tera:Water|8/100
|turn|42
|
|t:|1758979534
|switch|p2a: Ambipom|Ambipom, M|100/100
|move|p1a: Walking Wake|Hydro Steam|p2a: Ambipom
|-damage|p2a: Ambipom|0 fnt
|faint|p2a: Ambipom
|
|upkeep
|-message|ohshittigueraje forfeited.
|
|win|YDongYang
|raw|YDongYang's rating: 1250 &rarr; <strong>1274</strong><br />(+24 for winning)
|raw|ohshittigueraje's rating: 1243 &rarr; <strong>1219</strong><br />(-24 for losing)
|l|☆ohshittigueraje
|player|p2|
|l|☆YDongYang
|player|p1|
