|j|☆Palafinnieon
|j|☆Df72
|t:|1758987411
|gametype|singles
|player|p1|Palafinnieon|grimsley|1495
|player|p2|Df72|102|1487
|gen|9
|tier|[Gen 9] OU
|rated|
|rule|HP Percentage Mod: HP is shown in percentages
|rule|Endless Battle Clause: Forcing endless battles is banned
|rule|Species Clause: Limit one of each Pokémon
|rule|OHKO Clause: OHKO moves are banned
|rule|Evasion Items Clause: Evasion items are banned
|rule|Evasion Moves Clause: Evasion moves are banned
|rule|Evasion Abilities Clause: Evasion abilities are banned
|rule|Sleep Moves Clause: Sleep-inducing moves are banned
|clearpoke
|poke|p1|Smeargle, F|
|poke|p1|Cinderace, F|
|poke|p1|Zapdos-Galar|
|poke|p1|Gholdengo|
|poke|p1|Polteageist|
|poke|p1|Toxtricity, F|
|poke|p2|Alomomola, M|
|poke|p2|Slowking-Galar, F|
|poke|p2|Great Tusk|
|poke|p2|Dragapult, F|
|poke|p2|Kingambit, F|
|poke|p2|Landorus-Therian, M|
|teampreview
|
|t:|1758987423
|teamsize|p1|6
|teamsize|p2|6
|start
|switch|p1a: Smeargle|Smeargle, F|100/100
|switch|p2a: Dragapult|Dragapult, F|100/100
|turn|1
|
|t:|1758987430
|move|p2a: Dragapult|Dragon Darts|p1a: Smeargle
|-damage|p1a: Smeargle|46/100
|-anim|p2a: Dragapult|Dragon Darts|p1a: Smeargle
|-damage|p1a: Smeargle|0 fnt
|faint|p1a: Smeargle
|
|upkeep
|
|t:|1758987443
|switch|p1a: Zapdos|Zapdos-Galar|100/100
|turn|2
|
|t:|1758987448
|move|p2a: Dragapult|Will-O-Wisp|p1a: Zapdos
|-status|p1a: Zapdos|brn
|-enditem|p1a: Zapdos|Lum Berry|[eat]
|-curestatus|p1a: Zapdos|brn|[msg]
|move|p1a: Zapdos|Knock Off|p2a: Dragapult
|-supereffective|p2a: Dragapult
|-damage|p2a: Dragapult|14/100
|-enditem|p2a: Dragapult|Heavy-Duty Boots|[from] move: Knock Off|[of] p1a: Zapdos
|
|upkeep
|turn|3
|
|t:|1758987458
|move|p2a: Dragapult|Dragon Darts|p1a: Zapdos
|-damage|p1a: Zapdos|78/100
|-anim|p2a: Dragapult|Dragon Darts|p1a: Zapdos
|-damage|p1a: Zapdos|54/100
|move|p1a: Zapdos|Knock Off|p2a: Dragapult
|-supereffective|p2a: Dragapult
|-damage|p2a: Dragapult|0 fnt
|faint|p2a: Dragapult
|
|upkeep
|
|t:|1758987477
|switch|p2a: Landorus|Landorus-Therian, M|100/100
|-ability|p2a: Landorus|Intimidate|boost
|-unboost|p1a: Zapdos|atk|1
|-ability|p1a: Zapdos|Defiant|boost
|-boost|p1a: Zapdos|atk|2
|turn|4
|
|t:|1758987483
|move|p1a: Zapdos|Bulk Up|p1a: Zapdos
|-boost|p1a: Zapdos|atk|1
|-boost|p1a: Zapdos|def|1
|move|p2a: Landorus|Fly||[still]
|-prepare|p2a: Landorus|Fly
|
|upkeep
|turn|5
|
|t:|1758987493
|move|p1a: Zapdos|Bulk Up|p1a: Zapdos
|-boost|p1a: Zapdos|atk|1
|-boost|p1a: Zapdos|def|1
|move|p2a: Landorus|Fly|p1a: Zapdos|[from] lockedmove
|-supereffective|p1a: Zapdos
|-damage|p1a: Zapdos|0 fnt
|faint|p1a: Zapdos
|
|upkeep
|-message|Palafinnieon forfeited.
|
|win|Df72
|raw|Palafinnieon's rating: 1495 &rarr; <strong>1475</strong><br />(-20 for losing)
|raw|Df72's rating: 1487 &rarr; <strong>1507</strong><br />(+20 for winning)
|l|☆Palafinnieon
|player|p1|
|l|☆Df72
|player|p2|
