|j|☆gen 9 sab truther
|j|☆garg is back
|t:|1758974701
|gametype|singles
|player|p1|gen 9 sab truther|morty-masters|1653
|player|p2|garg is back|ninjaboy|1571
|gen|9
|tier|[Gen 9] OU
|rated|
|rule|HP Percentage Mod: HP is shown in percentages
|rule|Endless Battle Clause: Forcing endless battles is banned
|rule|Species Clause: Limit one of each Pokémon
|rule|OHKO Clause: OHKO moves are banned
|rule|Evasion Items Clause: Evasion items are banned
|rule|Evasion Moves Clause: Evasion moves are banned
|rule|Evasion Abilities Clause: Evasion abilities are banned
|rule|Sleep Moves Clause: Sleep-inducing moves are banned
|clearpoke
|poke|p1|Dipplin, F|
|poke|p1|Gholdengo|
|poke|p1|Ting-Lu|
|poke|p1|Hatterene, F|
|poke|p1|Moltres|
|poke|p1|Blissey, F|
|poke|p2|Meowscarada, M|
|poke|p2|Corviknight, F|
|poke|p2|Uxie|
|poke|p2|Iron Valiant|
|poke|p2|Dragapult, M|
|poke|p2|Alomomola, M|
|teampreview
|inactive|Battle timer is ON: inactive players will automatically lose when time's up. (requested by gen 9 sab truther)
|
|t:|1758974712
|teamsize|p1|6
|teamsize|p2|6
|start
|switch|p1a: Ting-Lu|Ting-Lu|100/100
|switch|p2a: Dragapult|Dragapult, M|100/100
|-ability|p1a: Ting-Lu|Vessel of Ruin
|turn|1
|
|t:|1758974716
|move|p2a: Dragapult|U-turn|p1a: Ting-Lu
|-supereffective|p1a: Ting-Lu
|-damage|p1a: Ting-Lu|67/100
|
|t:|1758974719
|switch|p2a: Meowscarada|Meowscarada, M|100/100|[from] U-turn
|move|p1a: Ting-Lu|Stealth Rock|p2a: Meowscarada
|-sidestart|p2: garg is back|move: Stealth Rock
|
|-heal|p1a: Ting-Lu|74/100|[from] item: Leftovers
|upkeep
|turn|2
|
|t:|1758974723
|switch|p1a: Dipplin|Dipplin, F|100/100
|move|p2a: Meowscarada|Knock Off|p1a: Dipplin
|-start|p2a: Meowscarada|typechange|Dark|[from] ability: Protean
|-damage|p1a: Dipplin|80/100
|-activate|p1a: Dipplin|ability: Sticky Hold
|
|upkeep
|turn|3
|
|t:|1758974751
|switch|p2a: Uxie|Uxie|100/100
|-damage|p2a: Uxie|88/100|[from] Stealth Rock
|switch|p1a: Moltres|Moltres|100/100
|
|-heal|p2a: Uxie|94/100|[from] item: Leftovers
|upkeep
|turn|4
|
|t:|1758974756
|move|p1a: Moltres|U-turn|p2a: Uxie
|-supereffective|p2a: Uxie
|-damage|p2a: Uxie|72/100
|
|t:|1758974758
|switch|p1a: Ting-Lu|Ting-Lu|74/100|[from] U-turn
|-ability|p1a: Ting-Lu|Vessel of Ruin
|move|p2a: Uxie|Knock Off|p1a: Ting-Lu
|-resisted|p1a: Ting-Lu
|-damage|p1a: Ting-Lu|70/100
|-enditem|p1a: Ting-Lu|Leftovers|[from] move: Knock Off|[of] p2a: Uxie
|
|-heal|p2a: Uxie|78/100|[from] item: Leftovers
|upkeep
|turn|5
|
|t:|1758974769
|switch|p1a: Hatterene|Hatterene, F|100/100
|move|p2a: Uxie|Stealth Rock|p1a: Hatterene
|move|p1a: Hatterene|Stealth Rock||[from] ability: Magic Bounce|[still]
|-fail|p1a: Hatterene
|
|-heal|p2a: Uxie|85/100|[from] item: Leftovers
|upkeep
|turn|6
|
|t:|1758974799
|move|p2a: Uxie|Knock Off|p1a: Hatterene
|-damage|p1a: Hatterene|86/100
|-enditem|p1a: Hatterene|Covert Cloak|[from] move: Knock Off|[of] p2a: Uxie
|move|p1a: Hatterene|Calm Mind|p1a: Hatterene
|-boost|p1a: Hatterene|spa|1
|-boost|p1a: Hatterene|spd|1
|
|-heal|p2a: Uxie|91/100|[from] item: Leftovers
|upkeep
|turn|7
|
|t:|1758974809
|move|p2a: Uxie|U-turn|p1a: Hatterene
|-damage|p1a: Hatterene|76/100
|
|t:|1758974812
|switch|p2a: Corviknight|Corviknight, F|100/100|[from] U-turn
|-damage|p2a: Corviknight|88/100|[from] Stealth Rock
|-ability|p2a: Corviknight|Pressure
|move|p1a: Hatterene|Draining Kiss|p2a: Corviknight
|-resisted|p2a: Corviknight
|-damage|p2a: Corviknight|70/100
|-heal|p1a: Hatterene|94/100|[from] drain|[of] p2a: Corviknight
|-damage|p1a: Hatterene|77/100|[from] item: Rocky Helmet|[of] p2a: Corviknight
|
|upkeep
|turn|8
|
|t:|1758974823
|move|p2a: Corviknight|U-turn|p1a: Hatterene
|-damage|p1a: Hatterene|64/100
|
|t:|1758974825
|switch|p2a: Dragapult|Dragapult, M|100/100|[from] U-turn
|-damage|p2a: Dragapult|88/100|[from] Stealth Rock
|move|p1a: Hatterene|Calm Mind|p1a: Hatterene
|-boost|p1a: Hatterene|spa|1
|-boost|p1a: Hatterene|spd|1
|
|upkeep
|turn|9
|
|t:|1758974836
|switch|p1a: Dipplin|Dipplin, F|80/100
|move|p2a: Dragapult|Tera Blast|p1a: Dipplin
|-damage|p1a: Dipplin|68/100
|
|upkeep
|turn|10
|
|t:|1758974843
|switch|p2a: Corviknight|Corviknight, F|70/100
|-damage|p2a: Corviknight|58/100|[from] Stealth Rock
|-ability|p2a: Corviknight|Pressure
|move|p1a: Dipplin|Recover|p1a: Dipplin
|-heal|p1a: Dipplin|100/100
|
|upkeep
|turn|11
|
|t:|1758974847
|switch|p1a: Gholdengo|Gholdengo|100/100
|-item|p1a: Gholdengo|Air Balloon
|move|p2a: Corviknight|Roost|p2a: Corviknight
|-heal|p2a: Corviknight|100/100
|-singleturn|p2a: Corviknight|move: Roost
|
|upkeep
|turn|12
|
|t:|1758974852
|switch|p2a: Alomomola|Alomomola, M|100/100
|move|p1a: Gholdengo|Nasty Plot|p1a: Gholdengo
|-boost|p1a: Gholdengo|spa|2
|
|upkeep
|turn|13
|
|t:|1758974876
|switch|p1a: Dipplin|Dipplin, F|100/100
|move|p2a: Alomomola|Flip Turn|p1a: Dipplin
|-resisted|p1a: Dipplin
|-damage|p1a: Dipplin|99/100
|
|t:|1758974884
|switch|p2a: Iron Valiant|Iron Valiant|100/100|[from] Flip Turn
|-damage|p2a: Iron Valiant|94/100|[from] Stealth Rock
|
|upkeep
|turn|14
|
|t:|1758974890
|switch|p1a: Moltres|Moltres|100/100
|move|p2a: Iron Valiant|Thunderbolt|p1a: Moltres
|-supereffective|p1a: Moltres
|-damage|p1a: Moltres|38/100
|
|upkeep
|turn|15
|
|t:|1758974894
|switch|p1a: Blissey|Blissey, F|100/100
|move|p2a: Iron Valiant|Thunderbolt|p1a: Blissey
|-damage|p1a: Blissey|87/100
|
|-heal|p1a: Blissey|93/100|[from] item: Leftovers
|upkeep
|turn|16
|
|t:|1758974899
|-end|p2a: Iron Valiant|Quark Drive|[silent]
|switch|p2a: Corviknight|Corviknight, F|100/100
|-damage|p2a: Corviknight|88/100|[from] Stealth Rock
|-ability|p2a: Corviknight|Pressure
|move|p1a: Blissey|Shadow Ball|p2a: Corviknight
|-damage|p2a: Corviknight|74/100
|
|-heal|p1a: Blissey|99/100|[from] item: Leftovers
|upkeep
|turn|17
|
|t:|1758974903
|switch|p1a: Moltres|Moltres|38/100
|move|p2a: Corviknight|U-turn|p1a: Moltres
|-resisted|p1a: Moltres
|-damage|p1a: Moltres|34/100
|-status|p2a: Corviknight|brn|[from] ability: Flame Body|[of] p1a: Moltres
|
|t:|1758974908
|switch|p2a: Dragapult|Dragapult, M|88/100|[from] U-turn
|-damage|p2a: Dragapult|76/100|[from] Stealth Rock
|
|upkeep
|turn|18
|
|t:|1758974911
|switch|p1a: Dipplin|Dipplin, F|99/100
|move|p2a: Dragapult|Dragon Darts|p1a: Dipplin
|-supereffective|p1a: Dipplin
|-damage|p1a: Dipplin|66/100
|-anim|p2a: Dragapult|Dragon Darts|p1a: Dipplin
|-supereffective|p1a: Dipplin
|-damage|p1a: Dipplin|34/100
|
|upkeep
|turn|19
|
|t:|1758974916
|switch|p2a: Iron Valiant|Iron Valiant|94/100
|-damage|p2a: Iron Valiant|88/100|[from] Stealth Rock
|-terastallize|p1a: Dipplin|Fairy
|move|p1a: Dipplin|Infestation|p2a: Iron Valiant
|-resisted|p2a: Iron Valiant
|-damage|p2a: Iron Valiant|86/100
|-activate|p2a: Iron Valiant|move: Infestation|[of] p1a: Dipplin
|
|-damage|p2a: Iron Valiant|74/100|[from] move: Infestation|[partiallytrapped]
|upkeep
|turn|20
|
|t:|1758974920
|switch|p1a: Blissey|Blissey, F|99/100
|move|p2a: Iron Valiant|Moonblast|p1a: Blissey
|-crit|p1a: Blissey
|-damage|p1a: Blissey|67/100
|-unboost|p1a: Blissey|spa|1
|
|-heal|p1a: Blissey|74/100|[from] item: Leftovers
|-end|p2a: Iron Valiant|Infestation|[partiallytrapped]|[silent]
|upkeep
|turn|21
|
|t:|1758974924
|-end|p2a: Iron Valiant|Quark Drive|[silent]
|switch|p2a: Alomomola|Alomomola, M|100/100
|move|p1a: Blissey|Soft-Boiled|p1a: Blissey
|-heal|p1a: Blissey|100/100
|
|upkeep
|turn|22
|l|☆garg is back
|inactive|garg is back disconnected and has a minute to reconnect!
|player|p2|
|j|☆garg is back
|inactive|garg is back reconnected and has 125 seconds left.
|player|p2|garg is back|ninjaboy|
|inactive|garg is back has 120 seconds left.
|inactive|gen 9 sab truther has 120 seconds left.
|
|t:|1758974965
|switch|p1a: Moltres|Moltres|34/100
|move|p2a: Alomomola|Wish|p2a: Alomomola
|
|upkeep
|turn|23
|
|t:|1758974971
|move|p1a: Moltres|Roost|p1a: Moltres
|-heal|p1a: Moltres|85/100
|-singleturn|p1a: Moltres|move: Roost
|move|p2a: Alomomola|Flip Turn|p1a: Moltres
|-supereffective|p1a: Moltres
|-damage|p1a: Moltres|51/100
|
|t:|1758974977
|switch|p2a: Iron Valiant|Iron Valiant|74/100|[from] Flip Turn
|-damage|p2a: Iron Valiant|67/100|[from] Stealth Rock
|
|-heal|p2a: Iron Valiant|100/100|[from] move: Wish|[wisher] Alomomola
|upkeep
|turn|24
|
|t:|1758974984
|-end|p2a: Iron Valiant|Quark Drive|[silent]
|switch|p2a: Alomomola|Alomomola, M|100/100
|switch|p1a: Ting-Lu|Ting-Lu|70/100
|-ability|p1a: Ting-Lu|Vessel of Ruin
|
|upkeep
|turn|25
|
|t:|1758974989
|move|p1a: Ting-Lu|Spikes|p2a: Alomomola
|-sidestart|p2: garg is back|Spikes
|move|p2a: Alomomola|Flip Turn|p1a: Ting-Lu
|-supereffective|p1a: Ting-Lu
|-damage|p1a: Ting-Lu|57/100
|
|t:|1758974992
|switch|p2a: Corviknight|Corviknight, F|74/100 brn|[from] Flip Turn
|-damage|p2a: Corviknight|61/100 brn|[from] Stealth Rock
|-ability|p2a: Corviknight|Pressure
|
|-damage|p2a: Corviknight|55/100 brn|[from] brn
|upkeep
|turn|26
|
|t:|1758974994
|switch|p1a: Gholdengo|Gholdengo|100/100
|-item|p1a: Gholdengo|Air Balloon
|move|p2a: Corviknight|Roost|p2a: Corviknight
|-heal|p2a: Corviknight|100/100 brn
|-singleturn|p2a: Corviknight|move: Roost
|
|-damage|p2a: Corviknight|94/100 brn|[from] brn
|upkeep
|turn|27
|
|t:|1758975000
|move|p1a: Gholdengo|Shadow Ball|p2a: Corviknight
|-damage|p2a: Corviknight|59/100 brn
|move|p2a: Corviknight|U-turn|p1a: Gholdengo
|-resisted|p1a: Gholdengo
|-damage|p1a: Gholdengo|99/100
|-enditem|p1a: Gholdengo|Air Balloon
|l|☆garg is back
|inactive|garg is back disconnected and has a minute to reconnect!
|player|p2|
|j|☆garg is back
|inactive|garg is back reconnected and has 130 seconds left.
|player|p2|garg is back|ninjaboy|
|
|t:|1758975030
|switch|p2a: Dragapult|Dragapult, M|76/100|[from] U-turn
|-damage|p2a: Dragapult|64/100|[from] Stealth Rock
|-damage|p2a: Dragapult|51/100|[from] Spikes
|
|upkeep
|turn|28
|
|t:|1758975049
|switch|p1a: Ting-Lu|Ting-Lu|57/100
|-ability|p1a: Ting-Lu|Vessel of Ruin
|move|p2a: Dragapult|Dragon Darts|p1a: Ting-Lu
|-damage|p1a: Ting-Lu|39/100
|-anim|p2a: Dragapult|Dragon Darts|p1a: Ting-Lu
|-damage|p1a: Ting-Lu|21/100
|
|upkeep
|turn|29
|
|t:|1758975066
|switch|p2a: Iron Valiant|Iron Valiant|100/100
|-damage|p2a: Iron Valiant|94/100|[from] Stealth Rock
|-damage|p2a: Iron Valiant|82/100|[from] Spikes
|switch|p1a: Dipplin|Dipplin, F, tera:Fairy|34/100
|
|upkeep
|turn|30
|
|t:|1758975075
|-end|p2a: Iron Valiant|Quark Drive|[silent]
|switch|p2a: Alomomola|Alomomola, M|100/100
|switch|p1a: Blissey|Blissey, F|100/100
|
|upkeep
|turn|31
|
|t:|1758975087
|switch|p1a: Dipplin|Dipplin, F, tera:Fairy|34/100
|move|p2a: Alomomola|Wish|p2a: Alomomola
|
|upkeep
|turn|32
|
|t:|1758975091
|move|p2a: Alomomola|Flip Turn|p1a: Dipplin
|-damage|p1a: Dipplin|27/100
|
|t:|1758975093
|switch|p2a: Dragapult|Dragapult, M|51/100|[from] Flip Turn
|-damage|p2a: Dragapult|39/100|[from] Stealth Rock
|-damage|p2a: Dragapult|27/100|[from] Spikes
|move|p1a: Dipplin|Recover|p1a: Dipplin
|-heal|p1a: Dipplin|77/100
|
|-heal|p2a: Dragapult|100/100|[from] move: Wish|[wisher] Alomomola
|upkeep
|turn|33
|
|t:|1758975109
|move|p2a: Dragapult|U-turn|p1a: Dipplin
|-resisted|p1a: Dipplin
|-damage|p1a: Dipplin|69/100
|
|t:|1758975112
|switch|p2a: Corviknight|Corviknight, F|59/100 brn|[from] U-turn
|-damage|p2a: Corviknight|47/100 brn|[from] Stealth Rock
|-ability|p2a: Corviknight|Pressure
|move|p1a: Dipplin|Recover|p1a: Dipplin
|-heal|p1a: Dipplin|100/100
|
|-damage|p2a: Corviknight|41/100 brn|[from] brn
|upkeep
|turn|34
|
|t:|1758975115
|switch|p1a: Gholdengo|Gholdengo|99/100
|move|p2a: Corviknight|Roost|p2a: Corviknight
|-heal|p2a: Corviknight|91/100 brn
|-singleturn|p2a: Corviknight|move: Roost
|
|-damage|p2a: Corviknight|85/100 brn|[from] brn
|upkeep
|turn|35
|
|t:|1758975119
|move|p1a: Gholdengo|Shadow Ball|p2a: Corviknight
|-damage|p2a: Corviknight|50/100 brn
|move|p2a: Corviknight|U-turn|p1a: Gholdengo
|-resisted|p1a: Gholdengo
|-damage|p1a: Gholdengo|98/100
|
|t:|1758975125
|switch|p2a: Dragapult|Dragapult, M|100/100|[from] U-turn
|-damage|p2a: Dragapult|88/100|[from] Stealth Rock
|-damage|p2a: Dragapult|76/100|[from] Spikes
|
|upkeep
|turn|36
|
|t:|1758975129
|switch|p1a: Dipplin|Dipplin, F, tera:Fairy|100/100
|-terastallize|p2a: Dragapult|Ghost
|move|p2a: Dragapult|Tera Blast|p1a: Dipplin|[anim] Tera Blast Ghost
|-damage|p1a: Dipplin|66/100
|
|upkeep
|turn|37
|
|t:|1758975137
|switch|p2a: Uxie|Uxie|91/100
|-damage|p2a: Uxie|78/100|[from] Stealth Rock
|move|p1a: Dipplin|Recover|p1a: Dipplin
|-heal|p1a: Dipplin|100/100
|
|-heal|p2a: Uxie|85/100|[from] item: Leftovers
|upkeep
|turn|38
|
|t:|1758975143
|switch|p1a: Hatterene|Hatterene, F|64/100
|move|p2a: Uxie|Stealth Rock|p1a: Hatterene
|move|p1a: Hatterene|Stealth Rock||[from] ability: Magic Bounce|[still]
|-fail|p1a: Hatterene
|
|-heal|p2a: Uxie|91/100|[from] item: Leftovers
|upkeep
|turn|39
|
|t:|1758975150
|move|p2a: Uxie|U-turn|p1a: Hatterene
|-damage|p1a: Hatterene|54/100
|
|t:|1758975165
|switch|p2a: Alomomola|Alomomola, M|100/100|[from] U-turn
|move|p1a: Hatterene|Draining Kiss|p2a: Alomomola
|-damage|p2a: Alomomola|81/100
|-heal|p1a: Hatterene|77/100|[from] drain|[of] p2a: Alomomola
|
|upkeep
|turn|40
|
|t:|1758975172
|move|p2a: Alomomola|Wish|p2a: Alomomola
|move|p1a: Hatterene|Draining Kiss|p2a: Alomomola
|-damage|p2a: Alomomola|62/100
|-heal|p1a: Hatterene|99/100|[from] drain|[of] p2a: Alomomola
|
|upkeep
|turn|41
|
|t:|1758975178
|move|p2a: Alomomola|Flip Turn|p1a: Hatterene
|-damage|p1a: Hatterene|86/100
|
|t:|1758975180
|switch|p2a: Dragapult|Dragapult, M, tera:Ghost|76/100|[from] Flip Turn
|-damage|p2a: Dragapult|64/100|[from] Stealth Rock
|-damage|p2a: Dragapult|51/100|[from] Spikes
|move|p1a: Hatterene|Calm Mind|p1a: Hatterene
|-boost|p1a: Hatterene|spa|1
|-boost|p1a: Hatterene|spd|1
|
|-heal|p2a: Dragapult|100/100|[from] move: Wish|[wisher] Alomomola
|upkeep
|turn|42
|
|t:|1758975189
|switch|p1a: Dipplin|Dipplin, F, tera:Fairy|100/100
|move|p2a: Dragapult|Dragon Darts|p1a: Dipplin
|-immune|p1a: Dipplin
|
|upkeep
|turn|43
|
|t:|1758975194
|switch|p2a: Uxie|Uxie|91/100
|-damage|p2a: Uxie|78/100|[from] Stealth Rock
|move|p1a: Dipplin|Infestation|p2a: Uxie
|-supereffective|p2a: Uxie
|-damage|p2a: Uxie|73/100
|-activate|p2a: Uxie|move: Infestation|[of] p1a: Dipplin
|
|-heal|p2a: Uxie|80/100|[from] item: Leftovers
|-damage|p2a: Uxie|67/100|[from] move: Infestation|[partiallytrapped]
|upkeep
|turn|44
|
|t:|1758975215
|move|p2a: Uxie|U-turn|p1a: Dipplin
|-resisted|p1a: Dipplin
|-damage|p1a: Dipplin|98/100
|
|t:|1758975219
|switch|p2a: Corviknight|Corviknight, F|50/100 brn|[from] U-turn
|-damage|p2a: Corviknight|38/100 brn|[from] Stealth Rock
|-ability|p2a: Corviknight|Pressure
|move|p1a: Dipplin|Giga Drain|p2a: Corviknight
|-resisted|p2a: Corviknight
|-damage|p2a: Corviknight|32/100 brn
|-heal|p1a: Dipplin|100/100|[from] drain|[of] p2a: Corviknight
|
|-damage|p2a: Corviknight|26/100 brn|[from] brn
|upkeep
|turn|45
|
|t:|1758975222
|switch|p1a: Gholdengo|Gholdengo|98/100
|move|p2a: Corviknight|Roost|p2a: Corviknight
|-heal|p2a: Corviknight|76/100 brn
|-singleturn|p2a: Corviknight|move: Roost
|
|-damage|p2a: Corviknight|70/100 brn|[from] brn
|upkeep
|turn|46
|inactive|garg is back has 120 seconds left.
|
|t:|1758975257
|switch|p2a: Meowscarada|Meowscarada, M|100/100
|-damage|p2a: Meowscarada|88/100|[from] Stealth Rock
|-damage|p2a: Meowscarada|76/100|[from] Spikes
|move|p1a: Gholdengo|Shadow Ball|p2a: Meowscarada
|-resisted|p2a: Meowscarada
|-damage|p2a: Meowscarada|46/100
|
|upkeep
|turn|47
|
|t:|1758975262
|switch|p1a: Dipplin|Dipplin, F, tera:Fairy|100/100
|move|p2a: Meowscarada|U-turn|p1a: Dipplin
|-start|p2a: Meowscarada|typechange|Bug|[from] ability: Protean
|-resisted|p1a: Dipplin
|-damage|p1a: Dipplin|93/100
|
|t:|1758975266
|switch|p2a: Iron Valiant|Iron Valiant|82/100|[from] U-turn
|-damage|p2a: Iron Valiant|76/100|[from] Stealth Rock
|-damage|p2a: Iron Valiant|63/100|[from] Spikes
|
|upkeep
|turn|48
|
|t:|1758975277
|move|p2a: Iron Valiant|Moonblast|p1a: Dipplin
|-damage|p1a: Dipplin|42/100
|move|p1a: Dipplin|Giga Drain|p2a: Iron Valiant
|-damage|p2a: Iron Valiant|21/100
|-heal|p1a: Dipplin|59/100|[from] drain|[of] p2a: Iron Valiant
|
|upkeep
|turn|49
|inactive|gen 9 sab truther has 120 seconds left.
|
|t:|1758975315
|-end|p2a: Iron Valiant|Quark Drive|[silent]
|switch|p2a: Alomomola|Alomomola, M|95/100
|switch|p1a: Moltres|Moltres|51/100
|
|upkeep
|turn|50
|
|t:|1758975319
|move|p1a: Moltres|Roost|p1a: Moltres
|-heal|p1a: Moltres|100/100
|-singleturn|p1a: Moltres|move: Roost
|move|p2a: Alomomola|Wish|p2a: Alomomola
|
|upkeep
|turn|51
|
|t:|1758975321
|move|p2a: Alomomola|Flip Turn|p1a: Moltres
|-supereffective|p1a: Moltres
|-damage|p1a: Moltres|69/100
|-status|p2a: Alomomola|brn|[from] ability: Flame Body|[of] p1a: Moltres
|
|t:|1758975326
|switch|p2a: Iron Valiant|Iron Valiant|21/100|[from] Flip Turn
|-damage|p2a: Iron Valiant|14/100|[from] Stealth Rock
|-damage|p2a: Iron Valiant|2/100|[from] Spikes
|move|p1a: Moltres|Roar|p2a: Iron Valiant
|-end|p2a: Iron Valiant|Quark Drive|[silent]
|drag|p2a: Uxie|Uxie|67/100
|-damage|p2a: Uxie|55/100|[from] Stealth Rock
|
|-heal|p2a: Uxie|100/100|[from] move: Wish|[wisher] Alomomola
|upkeep
|turn|52
|
|t:|1758975338
|switch|p1a: Hatterene|Hatterene, F|86/100
|move|p2a: Uxie|Knock Off|p1a: Hatterene
|-damage|p1a: Hatterene|76/100
|
|upkeep
|turn|53
|-message|garg is back forfeited.
|
|win|gen 9 sab truther
|raw|gen 9 sab truther's rating: 1653 &rarr; <strong>1668</strong><br />(+15 for winning)
|raw|garg is back's rating: 1571 &rarr; <strong>1556</strong><br />(-15 for losing)
|l|☆garg is back
|player|p2|
|l|☆gen 9 sab truther
|player|p1|
