|j|☆Galac yeah !
|j|☆sfinch1
|t:|1758989170
|gametype|singles
|player|p1|Galac yeah !|dragontamer|1568
|player|p2|sfinch1|169|1542
|gen|9
|tier|[Gen 9] OU
|rated|
|rule|HP Percentage Mod: HP is shown in percentages
|rule|Endless Battle Clause: Forcing endless battles is banned
|rule|Species Clause: Limit one of each Pokémon
|rule|OHKO Clause: OHKO moves are banned
|rule|Evasion Items Clause: Evasion items are banned
|rule|Evasion Moves Clause: Evasion moves are banned
|rule|Evasion Abilities Clause: Evasion abilities are banned
|rule|Sleep Moves Clause: Sleep-inducing moves are banned
|clearpoke
|poke|p1|Dragapult, F|
|poke|p1|Kingambit, F|
|poke|p1|Keldeo-Resolute|
|poke|p1|Slowking-Galar, F|
|poke|p1|Zapdos|
|poke|p1|Great Tusk|
|poke|p2|Kyurem|
|poke|p2|Landorus-Therian, M|
|poke|p2|Hatterene, F|
|poke|p2|Tinkaton, F|
|poke|p2|Zamazenta-*|
|poke|p2|Dragapult, M|
|teampreview
|
|t:|1758989200
|teamsize|p1|6
|teamsize|p2|6
|start
|switch|p1a: Ascended Phantom|Dragapult, F|100/100
|switch|p2a: Dragapult|Dragapult, M|100/100
|turn|1
|
|t:|1758989209
|switch|p1a: Crutch Gambit|Kingambit, F|100/100
|move|p2a: Dragapult|Shadow Ball|p1a: Crutch Gambit
|-resisted|p1a: Crutch Gambit
|-damage|p1a: Crutch Gambit|76/100
|-unboost|p1a: Crutch Gambit|spd|1
|
|-heal|p1a: Crutch Gambit|82/100|[from] item: Leftovers
|upkeep
|turn|2
|
|t:|1758989228
|switch|p2a: Landorus|Landorus-Therian, M|100/100
|-ability|p2a: Landorus|Intimidate|boost
|-unboost|p1a: Crutch Gambit|atk|1
|-end|p1a: Crutch Gambit|fallenundefined|[silent]
|switch|p1a: Wrath of Broly|Great Tusk|100/100
|-enditem|p1a: Wrath of Broly|Booster Energy
|-activate|p1a: Wrath of Broly|ability: Protosynthesis|[fromitem]
|-start|p1a: Wrath of Broly|protosynthesisatk
|
|upkeep
|turn|3
|
|t:|1758989236
|move|p2a: Landorus|Grass Knot|p1a: Wrath of Broly
|-supereffective|p1a: Wrath of Broly
|-damage|p1a: Wrath of Broly|15/100
|move|p1a: Wrath of Broly|Ice Spinner|p2a: Landorus
|-supereffective|p2a: Landorus
|-damage|p2a: Landorus|0 fnt
|-damage|p1a: Wrath of Broly|0 fnt|[from] item: Rocky Helmet|[of] p2a: Landorus
|faint|p2a: Landorus
|faint|p1a: Wrath of Broly
|-end|p1a: Wrath of Broly|Protosynthesis|[silent]
|
|upkeep
|
|t:|1758989254
|switch|p2a: Dragapult|Dragapult, M|100/100
|switch|p1a: Kami’s Vision|Slowking-Galar, F|100/100
|turn|4
|
|t:|1758989269
|move|p2a: Dragapult|Shadow Ball|p1a: Kami’s Vision
|-supereffective|p1a: Kami’s Vision
|-damage|p1a: Kami’s Vision|35/100
|-prepare|p1a: Kami’s Vision|Chilly Reception|[premajor]
|move|p1a: Kami’s Vision|Chilly Reception|p1a: Kami’s Vision
|-weather|Snowscape
|
|t:|1758989277
|switch|p1a: Crutch Gambit|Kingambit, F|82/100|[from] Chilly Reception
|-activate|p1a: Crutch Gambit|ability: Supreme Overlord
|-start|p1a: Crutch Gambit|fallen1|[silent]
|
|-weather|Snowscape|[upkeep]
|-heal|p1a: Crutch Gambit|88/100|[from] item: Leftovers
|upkeep
|turn|5
|
|t:|1758989289
|switch|p2a: Zamazenta|Zamazenta|100/100
|-ability|p2a: Zamazenta|Dauntless Shield|boost
|-boost|p2a: Zamazenta|def|1
|move|p1a: Crutch Gambit|Iron Head|p2a: Zamazenta
|-damage|p2a: Zamazenta|75/100
|
|-weather|Snowscape|[upkeep]
|-heal|p2a: Zamazenta|81/100|[from] item: Leftovers
|-heal|p1a: Crutch Gambit|94/100|[from] item: Leftovers
|upkeep
|turn|6
|
|t:|1758989304
|-end|p1a: Crutch Gambit|fallen1|[silent]
|switch|p1a: Raijin Kaiōken|Zapdos|100/100
|move|p2a: Zamazenta|Iron Defense|p2a: Zamazenta
|-boost|p2a: Zamazenta|def|2
|
|-weather|Snowscape|[upkeep]
|-heal|p2a: Zamazenta|87/100|[from] item: Leftovers
|upkeep
|turn|7
|
|t:|1758989312
|move|p2a: Zamazenta|Body Press|p1a: Raijin Kaiōken
|-resisted|p1a: Raijin Kaiōken
|-damage|p1a: Raijin Kaiōken|72/100
|move|p1a: Raijin Kaiōken|Hurricane|p2a: Zamazenta
|-supereffective|p2a: Zamazenta
|-damage|p2a: Zamazenta|11/100
|-start|p2a: Zamazenta|confusion
|
|-weather|Snowscape|[upkeep]
|-heal|p2a: Zamazenta|17/100|[from] item: Leftovers
|upkeep
|turn|8
|
|t:|1758989323
|-activate|p2a: Zamazenta|confusion
|-damage|p2a: Zamazenta|14/100|[from] confusion
|move|p1a: Raijin Kaiōken|Roost|p1a: Raijin Kaiōken
|-heal|p1a: Raijin Kaiōken|100/100
|-singleturn|p1a: Raijin Kaiōken|move: Roost
|
|-weather|none
|-heal|p2a: Zamazenta|20/100|[from] item: Leftovers
|upkeep
|turn|9
|
|t:|1758989335
|-activate|p2a: Zamazenta|confusion
|move|p2a: Zamazenta|Body Press|p1a: Raijin Kaiōken
|-resisted|p1a: Raijin Kaiōken
|-damage|p1a: Raijin Kaiōken|72/100
|move|p1a: Raijin Kaiōken|Discharge|p2a: Zamazenta
|-damage|p2a: Zamazenta|0 fnt
|faint|p2a: Zamazenta
|
|upkeep
|
|t:|1758989349
|switch|p2a: Kyurem|Kyurem|100/100
|-ability|p2a: Kyurem|Pressure
|turn|10
|inactive|Battle timer is ON: inactive players will automatically lose when time's up. (requested by sfinch1)
|
|t:|1758989409
|switch|p1a: Kami’s Vision|Slowking-Galar, F|68/100
|move|p2a: Kyurem|Dragon Dance|p2a: Kyurem
|-boost|p2a: Kyurem|atk|1
|-boost|p2a: Kyurem|spe|1
|
|-heal|p1a: Kami’s Vision|74/100|[from] item: Black Sludge
|upkeep
|turn|11
|
|t:|1758989417
|move|p2a: Kyurem|Icicle Spear|p1a: Kami’s Vision
|-damage|p1a: Kami’s Vision|51/100
|-damage|p1a: Kami’s Vision|27/100
|-damage|p1a: Kami’s Vision|5/100
|-damage|p1a: Kami’s Vision|0 fnt
|faint|p1a: Kami’s Vision
|-hitcount|p1: Kami’s Vision|4
|
|upkeep
|
|t:|1758989433
|switch|p1a: Trunks’ Resolve|Keldeo-Resolute|100/100
|turn|12
|
|t:|1758989441
|-terastallize|p2a: Kyurem|Electric
|-terastallize|p1a: Trunks’ Resolve|Steel
|move|p2a: Kyurem|Tera Blast|p1a: Trunks’ Resolve|[anim] Tera Blast Electric
|-damage|p1a: Trunks’ Resolve|28/100
|move|p1a: Trunks’ Resolve|Secret Sword|p2a: Kyurem
|-damage|p2a: Kyurem|55/100
|
|-heal|p1a: Trunks’ Resolve|34/100|[from] item: Leftovers
|upkeep
|turn|13
|
|t:|1758989452
|move|p2a: Kyurem|Tera Blast|p1a: Trunks’ Resolve|[anim] Tera Blast Electric
|-damage|p1a: Trunks’ Resolve|0 fnt
|faint|p1a: Trunks’ Resolve
|
|upkeep
|
|t:|1758989456
|switch|p1a: Crutch Gambit|Kingambit, F|94/100
|-activate|p1a: Crutch Gambit|ability: Supreme Overlord
|-start|p1a: Crutch Gambit|fallen3|[silent]
|turn|14
|
|t:|1758989461
|move|p2a: Kyurem|Tera Blast|p1a: Crutch Gambit|[anim] Tera Blast Electric
|-damage|p1a: Crutch Gambit|41/100
|move|p1a: Crutch Gambit|Kowtow Cleave|p2a: Kyurem
|-damage|p2a: Kyurem|0 fnt
|faint|p2a: Kyurem
|
|-heal|p1a: Crutch Gambit|47/100|[from] item: Leftovers
|upkeep
|
|t:|1758989483
|switch|p2a: Tinkaton|Tinkaton, F|100/100
|-ability|p2a: Tinkaton|Mold Breaker
|turn|15
|inactive|sfinch1 has 120 seconds left.
|
|t:|1758989512
|-end|p1a: Crutch Gambit|fallen3|[silent]
|switch|p1a: Raijin Kaiōken|Zapdos|72/100
|move|p2a: Tinkaton|Gigaton Hammer|p1a: Raijin Kaiōken
|-resisted|p1a: Raijin Kaiōken
|-damage|p1a: Raijin Kaiōken|52/100
|
|upkeep
|turn|16
|inactive|sfinch1 has 120 seconds left.
|
|t:|1758989528
|switch|p2a: Dragapult|Dragapult, M|100/100
|move|p1a: Raijin Kaiōken|Roost|p1a: Raijin Kaiōken
|-heal|p1a: Raijin Kaiōken|100/100
|-singleturn|p1a: Raijin Kaiōken|move: Roost
|
|upkeep
|turn|17
|inactive|Galac yeah ! has 120 seconds left.
|inactive|sfinch1 has 90 seconds left.
|inactive|Galac yeah ! has 90 seconds left.
|
|t:|1758989598
|move|p2a: Dragapult|Shadow Ball|p1a: Raijin Kaiōken
|-damage|p1a: Raijin Kaiōken|48/100
|move|p1a: Raijin Kaiōken|U-turn|p2a: Dragapult
|-resisted|p2a: Dragapult
|-damage|p2a: Dragapult|91/100
|
|t:|1758989605
|switch|p1a: Crutch Gambit|Kingambit, F|47/100|[from] U-turn
|-activate|p1a: Crutch Gambit|ability: Supreme Overlord
|-start|p1a: Crutch Gambit|fallen3|[silent]
|
|-heal|p1a: Crutch Gambit|53/100|[from] item: Leftovers
|upkeep
|turn|18
|inactive|Galac yeah ! has 90 seconds left.
|
|t:|1758989615
|switch|p2a: Tinkaton|Tinkaton, F|100/100
|-ability|p2a: Tinkaton|Mold Breaker
|move|p1a: Crutch Gambit|Iron Head|p2a: Tinkaton
|-damage|p2a: Tinkaton|14/100
|
|-heal|p1a: Crutch Gambit|59/100|[from] item: Leftovers
|upkeep
|turn|19
|inactive|Galac yeah ! has 90 seconds left.
|-enditem|p2a: Tinkaton|Custap Berry|[eat]
|-activate|p2a: Tinkaton|item: Custap Berry|[consumed]
|
|t:|1758989637
|-end|p1a: Crutch Gambit|fallen3|[silent]
|switch|p1a: Raijin Kaiōken|Zapdos|48/100
|move|p2a: Tinkaton|Gigaton Hammer|p1a: Raijin Kaiōken
|-resisted|p1a: Raijin Kaiōken
|-damage|p1a: Raijin Kaiōken|28/100
|
|upkeep
|turn|20
|
|t:|1758989645
|move|p2a: Tinkaton|Ice Hammer|p1a: Raijin Kaiōken
|-supereffective|p1a: Raijin Kaiōken
|-damage|p1a: Raijin Kaiōken|0 fnt
|-unboost|p2a: Tinkaton|spe|1
|faint|p1a: Raijin Kaiōken
|
|upkeep
|
|t:|1758989667
|switch|p1a: Crutch Gambit|Kingambit, F|59/100
|-activate|p1a: Crutch Gambit|ability: Supreme Overlord
|-start|p1a: Crutch Gambit|fallen4|[silent]
|turn|21
|
|t:|1758989672
|move|p2a: Tinkaton|Gigaton Hammer|p1a: Crutch Gambit
|-resisted|p1a: Crutch Gambit
|-damage|p1a: Crutch Gambit|39/100
|move|p1a: Crutch Gambit|Iron Head|p2a: Tinkaton
|-damage|p2a: Tinkaton|0 fnt
|faint|p2a: Tinkaton
|
|-heal|p1a: Crutch Gambit|45/100|[from] item: Leftovers
|upkeep
|
|t:|1758989677
|switch|p2a: Dragapult|Dragapult, M|91/100
|turn|22
|inactive|Galac yeah ! has 90 seconds left.
|
|t:|1758989685
|move|p1a: Crutch Gambit|Sucker Punch|p2a: Dragapult
|-supereffective|p2a: Dragapult
|-damage|p2a: Dragapult|0 fnt
|faint|p2a: Dragapult
|
|-heal|p1a: Crutch Gambit|51/100|[from] item: Leftovers
|upkeep
|
|t:|1758989687
|switch|p2a: Hatterene|Hatterene, F|100/100
|turn|23
|
|t:|1758989691
|move|p1a: Crutch Gambit|Iron Head|p2a: Hatterene
|-supereffective|p2a: Hatterene
|-damage|p2a: Hatterene|0 fnt
|faint|p2a: Hatterene
|
|win|Galac yeah !
|raw|Galac yeah !'s rating: 1568 &rarr; <strong>1587</strong><br />(+19 for winning)
|raw|sfinch1's rating: 1542 &rarr; <strong>1523</strong><br />(-19 for losing)
|c|☆Galac yeah !|GG
|c|☆sfinch1|gg
|l|☆sfinch1
|player|p2|
