|j|☆hotmcdeluxe
|j|☆redderthelegend
|t:|1759033349
|gametype|singles
|player|p1|hotmcdeluxe|unknown|1136
|player|p2|redderthelegend|koga|1090
|gen|9
|tier|[Gen 9] OU
|rated|
|rule|HP Percentage Mod: HP is shown in percentages
|rule|Endless Battle Clause: Forcing endless battles is banned
|rule|Species Clause: Limit one of each Pokémon
|rule|OHKO Clause: OHKO moves are banned
|rule|Evasion Items Clause: Evasion items are banned
|rule|Evasion Moves Clause: Evasion moves are banned
|rule|Evasion Abilities Clause: Evasion abilities are banned
|rule|Sleep Moves Clause: Sleep-inducing moves are banned
|clearpoke
|poke|p1|Blaziken, F|
|poke|p1|Iron Moth|
|poke|p1|Talonflame, M|
|poke|p1|Scovillain, F|
|poke|p1|Ninetales, F|
|poke|p1|Walking Wake|
|poke|p2|Thundurus, M|
|poke|p2|Cyclizar, F|
|poke|p2|Dondozo, M|
|poke|p2|Clodsire, M|
|poke|p2|Heatran, M|
|poke|p2|Araquanid, M|
|teampreview
|inactive|Battle timer is ON: inactive players will automatically lose when time's up. (requested by hotmcdeluxe)
|
|t:|1759033364
|teamsize|p1|6
|teamsize|p2|6
|start
|switch|p1a: Paul|Talonflame, M|100/100
|switch|p2a: Clodsire|Clodsire, M|100/100
|turn|1
|
|t:|1759033376
|switch|p2a: Dondozo|Dondozo, M|100/100
|move|p1a: Paul|Brave Bird|p2a: Dondozo
|-damage|p2a: Dondozo|78/100
|-damage|p1a: Paul|88/100|[from] Recoil
|
|-heal|p2a: Dondozo|84/100|[from] item: Leftovers
|upkeep
|turn|2
|
|t:|1759033385
|move|p1a: Paul|U-turn|p2a: Dondozo
|-damage|p2a: Dondozo|76/100
|
|t:|1759033388
|switch|p1a: empress|Ninetales, F, shiny|100/100|[from] U-turn
|-weather|SunnyDay|[from] ability: Drought|[of] p1a: empress
|move|p2a: Dondozo|Curse|p2a: Dondozo
|-unboost|p2a: Dondozo|spe|1
|-boost|p2a: Dondozo|atk|1
|-boost|p2a: Dondozo|def|1
|
|-weather|SunnyDay|[upkeep]
|-heal|p2a: Dondozo|82/100|[from] item: Leftovers
|upkeep
|turn|3
|
|t:|1759033403
|switch|p2a: Clodsire|Clodsire, M|100/100
|move|p1a: empress|Solar Beam||[still]
|-prepare|p1a: empress|Solar Beam
|-anim|p1a: empress|Solar Beam|p2a: Clodsire
|-damage|p2a: Clodsire|85/100
|
|-weather|SunnyDay|[upkeep]
|-heal|p2a: Clodsire|91/100|[from] item: Leftovers
|upkeep
|turn|4
|inactive|hotmcdeluxe has 120 seconds left.
|
|t:|1759033442
|switch|p1a: Kill switch|Walking Wake|100/100
|-activate|p1a: Kill switch|ability: Protosynthesis
|-start|p1a: Kill switch|protosynthesisspa
|move|p2a: Clodsire|Curse|p2a: Clodsire
|-unboost|p2a: Clodsire|spe|1
|-boost|p2a: Clodsire|atk|1
|-boost|p2a: Clodsire|def|1
|
|-weather|SunnyDay|[upkeep]
|-heal|p2a: Clodsire|97/100|[from] item: Leftovers
|upkeep
|turn|5
|
|t:|1759033462
|-terastallize|p2a: Clodsire|Poison
|move|p1a: Kill switch|Draco Meteor|p2a: Clodsire
|-damage|p2a: Clodsire|55/100
|-unboost|p1a: Kill switch|spa|2
|move|p2a: Clodsire|Toxic|p1a: Kill switch
|-status|p1a: Kill switch|tox
|
|-weather|SunnyDay|[upkeep]
|-heal|p2a: Clodsire|62/100|[from] item: Leftovers
|-damage|p1a: Kill switch|94/100 tox|[from] psn
|upkeep
|turn|6
|
|t:|1759033483
|-end|p1a: Kill switch|Protosynthesis|[silent]
|switch|p1a: 6&7|Scovillain, F|100/100
|move|p2a: Clodsire|Recover|p2a: Clodsire
|-heal|p2a: Clodsire|100/100
|
|-weather|SunnyDay|[upkeep]
|upkeep
|turn|7
|
|t:|1759033496
|move|p1a: 6&7|Flamethrower|p2a: Clodsire
|-damage|p2a: Clodsire|50/100
|move|p2a: Clodsire|Curse|p2a: Clodsire
|-unboost|p2a: Clodsire|spe|1
|-boost|p2a: Clodsire|atk|1
|-boost|p2a: Clodsire|def|1
|
|-weather|SunnyDay|[upkeep]
|-heal|p2a: Clodsire|57/100|[from] item: Leftovers
|upkeep
|turn|8
|
|t:|1759033506
|move|p1a: 6&7|Flamethrower|p2a: Clodsire
|-damage|p2a: Clodsire|4/100
|move|p2a: Clodsire|Recover|p2a: Clodsire
|-heal|p2a: Clodsire|54/100
|
|-weather|SunnyDay|[upkeep]
|-heal|p2a: Clodsire|60/100|[from] item: Leftovers
|upkeep
|turn|9
|
|t:|1759033515
|move|p1a: 6&7|Flamethrower|p2a: Clodsire
|-damage|p2a: Clodsire|6/100
|-status|p2a: Clodsire|brn
|move|p2a: Clodsire|Recover|p2a: Clodsire
|-heal|p2a: Clodsire|56/100 brn
|
|-weather|none
|-heal|p2a: Clodsire|62/100 brn|[from] item: Leftovers
|-damage|p2a: Clodsire|56/100 brn|[from] brn
|upkeep
|turn|10
|
|t:|1759033527
|switch|p1a: Paul|Talonflame, M|88/100
|move|p2a: Clodsire|Recover|p2a: Clodsire
|-heal|p2a: Clodsire|100/100 brn
|
|-damage|p2a: Clodsire|94/100 brn|[from] brn
|upkeep
|turn|11
|
|t:|1759033536
|switch|p1a: empress|Ninetales, F, shiny|100/100
|-weather|SunnyDay|[from] ability: Drought|[of] p1a: empress
|move|p2a: Clodsire|Curse|p2a: Clodsire
|-unboost|p2a: Clodsire|spe|1
|-boost|p2a: Clodsire|atk|1
|-boost|p2a: Clodsire|def|1
|
|-weather|SunnyDay|[upkeep]
|-heal|p2a: Clodsire|100/100 brn|[from] item: Leftovers
|-damage|p2a: Clodsire|94/100 brn|[from] brn
|upkeep
|turn|12
|
|t:|1759033551
|move|p1a: empress|Nasty Plot|p1a: empress
|-boost|p1a: empress|spa|2
|move|p2a: Clodsire|Earthquake|p1a: empress
|-supereffective|p1a: empress
|-damage|p1a: empress|0 fnt
|faint|p1a: empress
|
|-weather|SunnyDay|[upkeep]
|-heal|p2a: Clodsire|100/100 brn|[from] item: Leftovers
|-damage|p2a: Clodsire|94/100 brn|[from] brn
|upkeep
|
|t:|1759033565
|switch|p1a: 6&7|Scovillain, F|100/100
|turn|13
|
|t:|1759033569
|move|p1a: 6&7|Fire Blast|p2a: Clodsire
|-damage|p2a: Clodsire|33/100 brn
|move|p2a: Clodsire|Earthquake|p1a: 6&7
|-damage|p1a: 6&7|45/100
|
|-weather|SunnyDay|[upkeep]
|-heal|p2a: Clodsire|39/100 brn|[from] item: Leftovers
|-damage|p2a: Clodsire|33/100 brn|[from] brn
|upkeep
|turn|14
|
|t:|1759033597
|switch|p2a: Dondozo|Dondozo, M|82/100
|move|p1a: 6&7|Fire Blast|p2a: Dondozo
|-resisted|p2a: Dondozo
|-damage|p2a: Dondozo|20/100
|
|-weather|SunnyDay|[upkeep]
|-heal|p2a: Dondozo|26/100|[from] item: Leftovers
|upkeep
|turn|15
|
|t:|1759033607
|move|p1a: 6&7|Fire Blast|p2a: Dondozo
|-resisted|p2a: Dondozo
|-damage|p2a: Dondozo|0 fnt
|faint|p2a: Dondozo
|
|-weather|SunnyDay|[upkeep]
|upkeep
|
|t:|1759033610
|switch|p2a: Thundurus|Thundurus, M|100/100
|turn|16
|inactive|hotmcdeluxe has 120 seconds left.
|
|t:|1759033623
|move|p1a: 6&7|Fire Blast|p2a: Thundurus
|-damage|p2a: Thundurus|0 fnt
|faint|p2a: Thundurus
|
|-weather|SunnyDay|[upkeep]
|upkeep
|
|t:|1759033630
|switch|p2a: Araquanid|Araquanid, M|100/100
|turn|17
|
|t:|1759033638
|switch|p1a: Six eyes|Iron Moth|100/100
|move|p2a: Araquanid|Leech Life|p1a: Six eyes
|-resisted|p1a: Six eyes
|-damage|p1a: Six eyes|83/100
|
|-weather|SunnyDay|[upkeep]
|upkeep
|turn|18
|
|t:|1759033649
|switch|p2a: Heatran|Heatran, M|100/100
|move|p1a: Six eyes|Sludge Wave|p2a: Heatran
|-immune|p2a: Heatran
|
|-weather|none
|upkeep
|turn|19
|
|t:|1759033653
|move|p1a: Six eyes|U-turn|p2a: Heatran
|-resisted|p2a: Heatran
|-damage|p2a: Heatran|98/100
|
|t:|1759033661
|-end|p1a: Six eyes|Quark Drive|[silent]
|switch|p1a: Paul|Talonflame, M|88/100|[from] U-turn
|move|p2a: Heatran|Earth Power|p1a: Paul
|-immune|p1a: Paul
|
|upkeep
|turn|20
|
|t:|1759033674
|switch|p2a: Cyclizar|Cyclizar, F|100/100
|move|p1a: Paul|U-turn|p2a: Cyclizar
|-damage|p2a: Cyclizar|71/100
|
|t:|1759033684
|switch|p1a: Kill switch|Walking Wake|94/100 tox|[from] U-turn
|
|-damage|p1a: Kill switch|88/100 tox|[from] psn
|upkeep
|turn|21
|
|t:|1759033693
|move|p1a: Kill switch|Draco Meteor|p2a: Cyclizar
|-supereffective|p2a: Cyclizar
|-damage|p2a: Cyclizar|0 fnt
|-unboost|p1a: Kill switch|spa|2
|faint|p2a: Cyclizar
|
|-damage|p1a: Kill switch|76/100 tox|[from] psn
|upkeep
|
|t:|1759033696
|switch|p2a: Clodsire|Clodsire, M, tera:Poison|33/100 brn
|turn|22
|
|t:|1759033709
|move|p1a: Kill switch|Draco Meteor|p2a: Clodsire
|-damage|p2a: Clodsire|0 fnt
|-unboost|p1a: Kill switch|spa|2
|faint|p2a: Clodsire
|
|-damage|p1a: Kill switch|57/100 tox|[from] psn
|upkeep
|
|t:|1759033715
|switch|p2a: Heatran|Heatran, M|98/100
|turn|23
|
|t:|1759033721
|-end|p1a: Kill switch|Protosynthesis|[silent]
|switch|p1a: Six eyes|Iron Moth|83/100
|move|p2a: Heatran|Dark Pulse|p1a: Six eyes
|-damage|p1a: Six eyes|66/100
|
|upkeep
|turn|24
|
|t:|1759033727
|switch|p2a: Araquanid|Araquanid, M|100/100
|move|p1a: Six eyes|U-turn|p2a: Araquanid
|-damage|p2a: Araquanid|88/100
|
|t:|1759033738
|-end|p1a: Six eyes|Quark Drive|[silent]
|switch|p1a: 6&7|Scovillain, F|45/100|[from] U-turn
|
|upkeep
|turn|25
|
|t:|1759033746
|move|p1a: 6&7|Tera Blast|p2a: Araquanid
|-damage|p2a: Araquanid|54/100
|move|p2a: Araquanid|Leech Life|p1a: 6&7
|-damage|p1a: 6&7|0 fnt
|-heal|p2a: Araquanid|72/100|[from] drain|[of] p1a: 6&7
|faint|p1a: 6&7
|
|upkeep
|
|t:|1759033758
|switch|p1a: Paul|Talonflame, M|88/100
|turn|26
|
|t:|1759033762
|switch|p2a: Heatran|Heatran, M|98/100
|move|p1a: Paul|Brave Bird|p2a: Heatran
|-resisted|p2a: Heatran
|-damage|p2a: Heatran|81/100
|-damage|p1a: Paul|80/100|[from] Recoil
|
|upkeep
|turn|27
|
|t:|1759033770
|move|p1a: Paul|U-turn|p2a: Heatran
|-resisted|p2a: Heatran
|-damage|p2a: Heatran|77/100
|
|t:|1759033780
|switch|p1a: Six eyes|Iron Moth|66/100|[from] U-turn
|move|p2a: Heatran|Overheat|p1a: Six eyes
|-resisted|p1a: Six eyes
|-damage|p1a: Six eyes|44/100
|-unboost|p2a: Heatran|spa|2
|
|upkeep
|turn|28
|-message|redderthelegend forfeited.
|
|win|hotmcdeluxe
|raw|hotmcdeluxe's rating: 1136 &rarr; <strong>1158</strong><br />(+22 for winning)
|raw|redderthelegend's rating: 1090 &rarr; <strong>1070</strong><br />(-20 for losing)
|l|☆redderthelegend
|player|p2|
