|j|☆Count Aula
|j|☆hungrymane
|t:|1759032381
|gametype|singles
|player|p1|Count Aula|ghetsis|1470
|player|p2|hungrymane|102|1485
|gen|9
|tier|[Gen 9] OU
|rated|
|rule|HP Percentage Mod: HP is shown in percentages
|rule|Endless Battle Clause: Forcing endless battles is banned
|rule|Species Clause: Limit one of each Pokémon
|rule|OHKO Clause: OHKO moves are banned
|rule|Evasion Items Clause: Evasion items are banned
|rule|Evasion Moves Clause: Evasion moves are banned
|rule|Evasion Abilities Clause: Evasion abilities are banned
|rule|Sleep Moves Clause: Sleep-inducing moves are banned
|clearpoke
|poke|p1|Great Tusk|
|poke|p1|Dragapult, F|
|poke|p1|Ogerpon-Wellspring, F|
|poke|p1|Moltres|
|poke|p1|Raging Bolt|
|poke|p1|Kingambit, F|
|poke|p2|Greninja-*, M|
|poke|p2|Weavile, F|
|poke|p2|Enamorus, F|
|poke|p2|Volcanion|
|poke|p2|Slither Wing|
|poke|p2|Iron Treads|
|teampreview
|inactive|Battle timer is ON: inactive players will automatically lose when time's up. (requested by Count Aula)
|
|t:|1759032392
|teamsize|p1|6
|teamsize|p2|6
|start
|switch|p1a: Dragapult|Dragapult, F|100/100
|switch|p2a: Greninja|Greninja, M|100/100
|turn|1
|
|t:|1759032401
|switch|p2a: Volcanion|Volcanion|100/100
|move|p1a: Dragapult|U-turn|p2a: Volcanion
|-resisted|p2a: Volcanion
|-damage|p2a: Volcanion|94/100
|-damage|p1a: Dragapult|84/100|[from] item: Rocky Helmet|[of] p2a: Volcanion
|
|t:|1759032410
|switch|p1a: Great Tusk|Great Tusk|100/100|[from] U-turn
|
|upkeep
|turn|2
|
|t:|1759032416
|move|p1a: Great Tusk|Stealth Rock|p2a: Volcanion
|-sidestart|p2: hungrymane|move: Stealth Rock
|move|p2a: Volcanion|Steam Eruption|p1a: Great Tusk
|-supereffective|p1a: Great Tusk
|-damage|p1a: Great Tusk|0 fnt
|faint|p1a: Great Tusk
|-end|p1a: Great Tusk|Protosynthesis|[silent]
|
|upkeep
|
|t:|1759032423
|switch|p1a: Raging Bolt|Raging Bolt|100/100
|-enditem|p1a: Raging Bolt|Booster Energy
|-activate|p1a: Raging Bolt|ability: Protosynthesis|[fromitem]
|-start|p1a: Raging Bolt|protosynthesisspa
|turn|3
|
|t:|1759032433
|-terastallize|p2a: Volcanion|Fairy
|move|p1a: Raging Bolt|Dragon Pulse|p2a: Volcanion
|-immune|p2a: Volcanion
|move|p2a: Volcanion|Tera Blast|p1a: Raging Bolt|[anim] Tera Blast Fairy
|-supereffective|p1a: Raging Bolt
|-damage|p1a: Raging Bolt|16/100
|
|upkeep
|turn|4
|
|t:|1759032442
|switch|p2a: Iron Treads|Iron Treads|100/100
|-damage|p2a: Iron Treads|97/100|[from] Stealth Rock
|-enditem|p2a: Iron Treads|Booster Energy
|-activate|p2a: Iron Treads|ability: Quark Drive|[fromitem]
|-start|p2a: Iron Treads|quarkdrivespe
|move|p1a: Raging Bolt|Thunderbolt|p2a: Iron Treads
|-immune|p2a: Iron Treads
|
|upkeep
|turn|5
|-message|Count Aula forfeited.
|
|win|hungrymane
|raw|Count Aula's rating: 1470 &rarr; <strong>1451</strong><br />(-19 for losing)
|raw|hungrymane's rating: 1485 &rarr; <strong>1504</strong><br />(+19 for winning)
|l|☆Count Aula
|player|p1|
|l|☆hungrymane
|player|p2|
