|j|☆shitmon_advocate
|j|☆Yomoma’sash
|t:|1758949930
|gametype|singles
|player|p1|shitmon_advocate|miku-water|1349
|player|p2|Yomoma’sash|266|1378
|gen|9
|tier|[Gen 9] OU
|rated|
|rule|HP Percentage Mod: HP is shown in percentages
|rule|Endless Battle Clause: Forcing endless battles is banned
|rule|Species Clause: Limit one of each Pokémon
|rule|OHKO Clause: OHKO moves are banned
|rule|Evasion Items Clause: Evasion items are banned
|rule|Evasion Moves Clause: Evasion moves are banned
|rule|Evasion Abilities Clause: Evasion abilities are banned
|rule|Sleep Moves Clause: Sleep-inducing moves are banned
|clearpoke
|poke|p1|Indeedee, M|
|poke|p1|Armarouge, M|
|poke|p1|Hatterene, F|
|poke|p1|Polteageist-Antique|
|poke|p1|Maushold-Four|
|poke|p1|Hawlucha, M|
|poke|p2|Charizard, F|
|poke|p2|Venusaur, M|
|poke|p2|Lapras, F|
|poke|p2|Blastoise, M|
|poke|p2|Snorlax, M|
|poke|p2|Clefable, M|
|teampreview
|c|☆shitmon_advocate|Ayo gen 1 gang
|
|t:|1758949968
|teamsize|p1|6
|teamsize|p2|6
|start
|switch|p1a: Indeedee|Indeedee, M|100/100
|switch|p2a: Charizard|Charizard, F|100/100
|-fieldstart|move: Psychic Terrain|[from] ability: Psychic Surge|[of] p1a: Indeedee
|turn|1
|inactive|Battle timer is ON: inactive players will automatically lose when time's up. (requested by Yomoma’sash)
|
|t:|1758949990
|move|p2a: Charizard|Air Slash|p1a: Indeedee
|-damage|p1a: Indeedee|44/100
|move|p1a: Indeedee|Expanding Force|p2a: Charizard
|-damage|p2a: Charizard|15/100
|
|upkeep
|turn|2
|
|t:|1758949997
|switch|p1a: Hatterene|Hatterene, F|100/100
|move|p2a: Charizard|Air Slash|p1a: Hatterene
|-damage|p1a: Hatterene|61/100
|-enditem|p1a: Hatterene|Eject Button
|
|t:|1758950006
|switch|p1a: Polteageist|Polteageist-Antique|100/100
|
|upkeep
|turn|3
|
|t:|1758950009
|move|p2a: Charizard|Air Slash|p1a: Polteageist
|-damage|p1a: Polteageist|53/100
|move|p1a: Polteageist|Shell Smash|p1a: Polteageist
|-unboost|p1a: Polteageist|def|1
|-unboost|p1a: Polteageist|spd|1
|-boost|p1a: Polteageist|atk|2
|-boost|p1a: Polteageist|spa|2
|-boost|p1a: Polteageist|spe|2
|
|upkeep
|turn|4
|
|t:|1758950030
|move|p1a: Polteageist|Stored Power|p2a: Charizard
|-damage|p2a: Charizard|0 fnt
|faint|p2a: Charizard
|
|upkeep
|
|t:|1758950042
|switch|p2a: Snorlax|Snorlax, M|100/100
|turn|5
|
|t:|1758950051
|move|p1a: Polteageist|Stored Power|p2a: Snorlax
|-damage|p2a: Snorlax|18/100
|move|p2a: Snorlax|Heat Crash|p1a: Polteageist
|-damage|p1a: Polteageist|0 fnt
|faint|p1a: Polteageist
|
|upkeep
|
|t:|1758950061
|switch|p1a: Armarouge|Armarouge, M|100/100
|turn|6
|-enditem|p2a: Snorlax|Custap Berry|[eat]
|-activate|p2a: Snorlax|item: Custap Berry|[consumed]
|
|t:|1758950068
|move|p2a: Snorlax|Earthquake|p1a: Armarouge
|-supereffective|p1a: Armarouge
|-damage|p1a: Armarouge|21/100
|-ability|p1a: Armarouge|Weak Armor|boost
|-unboost|p1a: Armarouge|def|1
|-boost|p1a: Armarouge|spe|2
|-enditem|p1a: Armarouge|Weakness Policy
|-boost|p1a: Armarouge|atk|2|[from] item: Weakness Policy
|-boost|p1a: Armarouge|spa|2|[from] item: Weakness Policy
|move|p1a: Armarouge|Calm Mind|p1a: Armarouge
|-boost|p1a: Armarouge|spa|1
|-boost|p1a: Armarouge|spd|1
|
|upkeep
|turn|7
|
|t:|1758950078
|move|p1a: Armarouge|Stored Power|p2a: Snorlax
|-damage|p2a: Snorlax|0 fnt
|faint|p2a: Snorlax
|
|upkeep
|
|t:|1758950088
|switch|p2a: Lapras|Lapras, F|100/100
|turn|8
|
|t:|1758950093
|-terastallize|p1a: Armarouge|Psychic
|move|p1a: Armarouge|Stored Power|p2a: Lapras
|-damage|p2a: Lapras|0 fnt
|faint|p2a: Lapras
|
|-fieldend|move: Psychic Terrain
|upkeep
|
|t:|1758950096
|switch|p2a: Clefable|Clefable, M|100/100
|turn|9
|
|t:|1758950099
|-terastallize|p2a: Clefable|Steel
|move|p1a: Armarouge|Stored Power|p2a: Clefable
|-resisted|p2a: Clefable
|-damage|p2a: Clefable|38/100
|move|p2a: Clefable|Moonblast|p1a: Armarouge
|-damage|p1a: Armarouge|0 fnt
|faint|p1a: Armarouge
|
|-heal|p2a: Clefable|44/100|[from] item: Leftovers
|upkeep
|
|t:|1758950103
|switch|p1a: Indeedee|Indeedee, M|44/100
|-fieldstart|move: Psychic Terrain|[from] ability: Psychic Surge|[of] p1a: Indeedee
|turn|10
|
|t:|1758950111
|switch|p1a: Hatterene|Hatterene, F|61/100
|move|p2a: Clefable|Cosmic Power|p2a: Clefable
|-boost|p2a: Clefable|def|1
|-boost|p2a: Clefable|spd|1
|
|-heal|p2a: Clefable|50/100|[from] item: Leftovers
|upkeep
|turn|11
|
|t:|1758950115
|move|p2a: Clefable|Moonlight|p2a: Clefable
|-heal|p2a: Clefable|100/100
|move|p1a: Hatterene|Nuzzle|p2a: Clefable
|-damage|p2a: Clefable|98/100
|-status|p2a: Clefable|par
|
|-heal|p2a: Clefable|100/100 par|[from] item: Leftovers
|upkeep
|turn|12
|
|t:|1758950125
|move|p1a: Hatterene|Healing Wish|p1a: Hatterene
|faint|p1a: Hatterene
|move|p2a: Clefable|Moonblast|p1: Hatterene|[notarget]
|-fail|p2a: Clefable
|
|upkeep
|
|t:|1758950133
|switch|p1a: Hawlucha|Hawlucha, M|100/100
|-enditem|p1a: Hawlucha|Psychic Seed
|-boost|p1a: Hawlucha|spd|1|[from] item: Psychic Seed
|turn|13
|
|t:|1758950153
|move|p1a: Hawlucha|Close Combat|p2a: Clefable
|-supereffective|p2a: Clefable
|-damage|p2a: Clefable|48/100 par
|-unboost|p1a: Hawlucha|def|1
|-unboost|p1a: Hawlucha|spd|1
|move|p2a: Clefable|Cosmic Power|p2a: Clefable
|-boost|p2a: Clefable|def|1
|-boost|p2a: Clefable|spd|1
|
|-heal|p2a: Clefable|54/100 par|[from] item: Leftovers
|upkeep
|turn|14
|
|t:|1758950160
|move|p1a: Hawlucha|Encore|p2a: Clefable
|-start|p2a: Clefable|Encore
|cant|p2a: Clefable|par
|
|-heal|p2a: Clefable|60/100 par|[from] item: Leftovers
|upkeep
|turn|15
|
|t:|1758950165
|move|p1a: Hawlucha|Swords Dance|p1a: Hawlucha
|-boost|p1a: Hawlucha|atk|2
|move|p2a: Clefable|Cosmic Power|p2a: Clefable
|-boost|p2a: Clefable|def|1
|-boost|p2a: Clefable|spd|1
|
|-heal|p2a: Clefable|66/100 par|[from] item: Leftovers
|upkeep
|turn|16
|
|t:|1758950167
|move|p1a: Hawlucha|Swords Dance|p1a: Hawlucha
|-boost|p1a: Hawlucha|atk|2
|move|p2a: Clefable|Cosmic Power|p2a: Clefable
|-boost|p2a: Clefable|def|1
|-boost|p2a: Clefable|spd|1
|
|-heal|p2a: Clefable|73/100 par|[from] item: Leftovers
|-end|p2a: Clefable|Encore
|upkeep
|turn|17
|
|t:|1758950171
|move|p1a: Hawlucha|Encore|p2a: Clefable
|-start|p2a: Clefable|Encore
|move|p2a: Clefable|Cosmic Power|p2a: Clefable
|-boost|p2a: Clefable|def|1
|-boost|p2a: Clefable|spd|1
|
|-heal|p2a: Clefable|79/100 par|[from] item: Leftovers
|-fieldend|move: Psychic Terrain
|upkeep
|turn|18
|
|t:|1758950173
|move|p1a: Hawlucha|Swords Dance|p1a: Hawlucha
|-boost|p1a: Hawlucha|atk|2
|move|p2a: Clefable|Cosmic Power|p2a: Clefable
|-boost|p2a: Clefable|def|1
|-boost|p2a: Clefable|spd|1
|
|-heal|p2a: Clefable|85/100 par|[from] item: Leftovers
|upkeep
|turn|19
|
|t:|1758950179
|move|p1a: Hawlucha|Close Combat|p2a: Clefable
|-supereffective|p2a: Clefable
|-damage|p2a: Clefable|63/100 par
|-unboost|p1a: Hawlucha|def|1
|-unboost|p1a: Hawlucha|spd|1
|move|p2a: Clefable|Cosmic Power|p2a: Clefable
|-boost|p2a: Clefable|def|0
|-boost|p2a: Clefable|spd|0
|
|-heal|p2a: Clefable|69/100 par|[from] item: Leftovers
|-end|p2a: Clefable|Encore
|upkeep
|turn|20
|
|t:|1758950187
|move|p1a: Hawlucha|Encore|p2a: Clefable
|-start|p2a: Clefable|Encore
|move|p2a: Clefable|Cosmic Power|p2a: Clefable
|-boost|p2a: Clefable|def|0
|-boost|p2a: Clefable|spd|0
|
|-heal|p2a: Clefable|75/100 par|[from] item: Leftovers
|upkeep
|turn|21
|
|t:|1758950189
|move|p1a: Hawlucha|Close Combat|p2a: Clefable
|-supereffective|p2a: Clefable
|-damage|p2a: Clefable|54/100 par
|-unboost|p1a: Hawlucha|def|1
|-unboost|p1a: Hawlucha|spd|1
|move|p2a: Clefable|Cosmic Power|p2a: Clefable
|-boost|p2a: Clefable|def|0
|-boost|p2a: Clefable|spd|0
|
|-heal|p2a: Clefable|60/100 par|[from] item: Leftovers
|upkeep
|turn|22
|
|t:|1758950195
|move|p1a: Hawlucha|Close Combat|p2a: Clefable
|-supereffective|p2a: Clefable
|-damage|p2a: Clefable|39/100 par
|-unboost|p1a: Hawlucha|def|1
|-unboost|p1a: Hawlucha|spd|1
|cant|p2a: Clefable|par
|
|-heal|p2a: Clefable|45/100 par|[from] item: Leftovers
|-end|p2a: Clefable|Encore
|upkeep
|turn|23
|
|t:|1758950204
|move|p1a: Hawlucha|Encore|p2a: Clefable
|-start|p2a: Clefable|Encore
|cant|p2a: Clefable|par
|
|-heal|p2a: Clefable|51/100 par|[from] item: Leftovers
|upkeep
|turn|24
|
|t:|1758950206
|move|p1a: Hawlucha|Close Combat|p2a: Clefable
|-supereffective|p2a: Clefable
|-damage|p2a: Clefable|28/100 par
|-unboost|p1a: Hawlucha|def|1
|-unboost|p1a: Hawlucha|spd|1
|move|p2a: Clefable|Cosmic Power|p2a: Clefable
|-boost|p2a: Clefable|def|0
|-boost|p2a: Clefable|spd|0
|
|-heal|p2a: Clefable|34/100 par|[from] item: Leftovers
|upkeep
|turn|25
|
|t:|1758950209
|move|p1a: Hawlucha|Close Combat|p2a: Clefable
|-supereffective|p2a: Clefable
|-damage|p2a: Clefable|14/100 par
|-unboost|p1a: Hawlucha|def|1
|-unboost|p1a: Hawlucha|spd|1
|move|p2a: Clefable|Cosmic Power|p2a: Clefable
|-boost|p2a: Clefable|def|0
|-boost|p2a: Clefable|spd|0
|
|-heal|p2a: Clefable|20/100 par|[from] item: Leftovers
|-end|p2a: Clefable|Encore
|upkeep
|turn|26
|
|t:|1758950213
|move|p1a: Hawlucha|Close Combat|p2a: Clefable
|-supereffective|p2a: Clefable
|-damage|p2a: Clefable|0 fnt
|-unboost|p1a: Hawlucha|spd|1
|faint|p2a: Clefable
|
|upkeep
|-message|Yomoma’sash forfeited.
|
|win|shitmon_advocate
|raw|shitmon_advocate's rating: 1349 &rarr; <strong>1371</strong><br />(+22 for winning)
|raw|Yomoma’sash's rating: 1378 &rarr; <strong>1356</strong><br />(-22 for losing)
|l|☆Yomoma’sash
|player|p2|
|l|☆shitmon_advocate
|player|p1|
