|j|☆abGodc
|j|☆bigger yeagle
|t:|1758946302
|gametype|singles
|player|p1|abGodc|iris-gen5bw2|1693
|player|p2|bigger yeagle|1|1680
|gen|9
|tier|[Gen 9] OU
|rated|
|rule|HP Percentage Mod: HP is shown in percentages
|rule|Endless Battle Clause: Forcing endless battles is banned
|rule|Species Clause: Limit one of each Pokémon
|rule|OHKO Clause: OHKO moves are banned
|rule|Evasion Items Clause: Evasion items are banned
|rule|Evasion Moves Clause: Evasion moves are banned
|rule|Evasion Abilities Clause: Evasion abilities are banned
|rule|Sleep Moves Clause: Sleep-inducing moves are banned
|clearpoke
|poke|p1|Raging Bolt|
|poke|p1|Iron Treads|
|poke|p1|Ting-Lu|
|poke|p1|Gholdengo|
|poke|p1|Zamazenta-*|
|poke|p1|Tornadus-Therian, M|
|poke|p2|Indeedee, M|
|poke|p2|Hatterene, F|
|poke|p2|Ursaluna, F|
|poke|p2|Iron Hands|
|poke|p2|Hoopa-Unbound|
|poke|p2|Mimikyu, F|
|teampreview
|inactive|Battle timer is ON: inactive players will automatically lose when time's up. (requested by abGodc)
|
|t:|1758946311
|teamsize|p1|6
|teamsize|p2|6
|start
|switch|p1a: Ting-Lu|Ting-Lu|100/100
|switch|p2a: Dr. Yes|Indeedee, M, shiny|100/100
|-fieldstart|move: Psychic Terrain|[from] ability: Psychic Surge|[of] p2a: Dr. Yes
|-ability|p1a: Ting-Lu|Vessel of Ruin
|turn|1
|
|t:|1758946322
|switch|p2a: Great Hatsby|Hatterene, F, shiny|100/100
|move|p1a: Ting-Lu|Earthquake|p2a: Great Hatsby
|-damage|p2a: Great Hatsby|46/100
|
|upkeep
|turn|2
|
|t:|1758946328
|move|p1a: Ting-Lu|Earthquake|p2a: Great Hatsby
|-damage|p2a: Great Hatsby|0 fnt
|faint|p2a: Great Hatsby
|
|upkeep
|
|t:|1758946337
|switch|p2a: High 3|Iron Hands, shiny|100/100
|-enditem|p2a: High 3|Booster Energy
|-activate|p2a: High 3|ability: Quark Drive|[fromitem]
|-start|p2a: High 3|quarkdriveatk
|turn|3
|
|t:|1758946342
|move|p2a: High 3|Close Combat|p1a: Ting-Lu
|-supereffective|p1a: Ting-Lu
|-damage|p1a: Ting-Lu|9/100
|-unboost|p2a: High 3|def|1
|-unboost|p2a: High 3|spd|1
|-enditem|p1a: Ting-Lu|Weakness Policy
|-boost|p1a: Ting-Lu|atk|2|[from] item: Weakness Policy
|-boost|p1a: Ting-Lu|spa|2|[from] item: Weakness Policy
|move|p1a: Ting-Lu|Earthquake|p2a: High 3
|-supereffective|p2a: High 3
|-damage|p2a: High 3|0 fnt
|faint|p2a: High 3
|-end|p2a: High 3|Quark Drive|[silent]
|
|upkeep
|
|t:|1758946361
|switch|p2a: The Dollby Cube|Mimikyu, F, shiny|100/100
|turn|4
|
|t:|1758946375
|move|p2a: The Dollby Cube|Play Rough|p1a: Ting-Lu
|-supereffective|p1a: Ting-Lu
|-damage|p1a: Ting-Lu|0 fnt
|faint|p1a: Ting-Lu
|
|upkeep
|
|t:|1758946381
|switch|p1a: Iron Treads|Iron Treads|100/100
|-enditem|p1a: Iron Treads|Booster Energy
|-activate|p1a: Iron Treads|ability: Quark Drive|[fromitem]
|-start|p1a: Iron Treads|quarkdrivespe
|turn|5
|
|t:|1758946387
|move|p1a: Iron Treads|Earthquake|p2a: The Dollby Cube
|-activate|p2a: The Dollby Cube|ability: Disguise
|-damage|p2a: The Dollby Cube|100/100
|detailschange|p2a: The Dollby Cube|Mimikyu-Busted, F, shiny
|-damage|p2a: The Dollby Cube|88/100|[from] pokemon: Mimikyu-Busted
|-enditem|p2a: The Dollby Cube|Red Card|[of] p1a: Iron Treads
|-end|p1a: Iron Treads|Quark Drive|[silent]
|drag|p1a: Zamazenta|Zamazenta|100/100
|-ability|p1a: Zamazenta|Dauntless Shield|boost
|-boost|p1a: Zamazenta|def|1
|move|p2a: The Dollby Cube|Trick Room|p2a: The Dollby Cube
|-fieldstart|move: Trick Room|[of] p2a: The Dollby Cube
|
|upkeep
|turn|6
|
|t:|1758946397
|switch|p2a: Special Hoops|Hoopa-Unbound|100/100
|-enditem|p2a: Special Hoops|Psychic Seed
|-boost|p2a: Special Hoops|spd|1|[from] item: Psychic Seed
|switch|p1a: Gholdengo|Gholdengo|100/100
|-item|p1a: Gholdengo|Air Balloon
|
|upkeep
|turn|7
|
|t:|1758946410
|switch|p1a: Iron Treads|Iron Treads|100/100
|move|p2a: Special Hoops|Expanding Force|p1a: Iron Treads
|-resisted|p1a: Iron Treads
|-damage|p1a: Iron Treads|37/100
|
|upkeep
|turn|8
|
|t:|1758946415
|-end|p1a: Iron Treads|Quark Drive|[silent]
|switch|p1a: Raging Bolt|Raging Bolt|100/100
|-enditem|p1a: Raging Bolt|Booster Energy
|-activate|p1a: Raging Bolt|ability: Protosynthesis|[fromitem]
|-start|p1a: Raging Bolt|protosynthesisspa
|move|p2a: Special Hoops|Expanding Force|p1a: Raging Bolt
|-damage|p1a: Raging Bolt|20/100
|
|-fieldend|move: Psychic Terrain
|upkeep
|turn|9
|
|t:|1758946421
|move|p1a: Raging Bolt|Thunderclap|p2a: Special Hoops
|-damage|p2a: Special Hoops|72/100
|move|p2a: Special Hoops|Expanding Force|p1a: Raging Bolt
|-damage|p1a: Raging Bolt|0 fnt
|faint|p1a: Raging Bolt
|-end|p1a: Raging Bolt|Protosynthesis|[silent]
|
|-fieldend|move: Trick Room
|upkeep
|
|t:|1758946425
|switch|p1a: Iron Treads|Iron Treads|37/100
|turn|10
|
|t:|1758946436
|move|p1a: Iron Treads|Earthquake|p2a: Special Hoops
|-damage|p2a: Special Hoops|15/100
|move|p2a: Special Hoops|Trick Room|p2a: Special Hoops
|-fieldstart|move: Trick Room|[of] p2a: Special Hoops
|
|upkeep
|turn|11
|
|t:|1758946445
|move|p2a: Special Hoops|Hyperspace Fury|p1a: Iron Treads
|-crit|p1a: Iron Treads
|-damage|p1a: Iron Treads|0 fnt
|-unboost|p2a: Special Hoops|def|1
|faint|p1a: Iron Treads
|-end|p1a: Iron Treads|Quark Drive|[silent]
|
|upkeep
|
|t:|1758946452
|switch|p1a: Tornadus|Tornadus-Therian, M|100/100
|turn|12
|
|t:|1758946458
|move|p2a: Special Hoops|Hyperspace Fury|p1a: Tornadus
|-crit|p1a: Tornadus
|-damage|p1a: Tornadus|0 fnt
|-unboost|p2a: Special Hoops|def|1
|faint|p1a: Tornadus
|-item|p2a: Special Hoops|Life Orb|[from] ability: Magician|[of] p1: Tornadus
|
|upkeep
|
|t:|1758946465
|switch|p1a: Zamazenta|Zamazenta|100/100
|turn|13
|
|t:|1758946468
|switch|p1a: Gholdengo|Gholdengo|100/100
|-item|p1a: Gholdengo|Air Balloon
|move|p2a: Special Hoops|Expanding Force|p1a: Gholdengo
|-resisted|p1a: Gholdengo
|-damage|p1a: Gholdengo|67/100
|-enditem|p1a: Gholdengo|Air Balloon
|-damage|p2a: Special Hoops|5/100|[from] item: Life Orb
|
|upkeep
|turn|14
|
|t:|1758946473
|switch|p1a: Zamazenta|Zamazenta|100/100
|move|p2a: Special Hoops|Expanding Force|p1a: Zamazenta
|-supereffective|p1a: Zamazenta
|-damage|p1a: Zamazenta|0 fnt
|faint|p1a: Zamazenta
|-damage|p2a: Special Hoops|0 fnt|[from] item: Life Orb
|faint|p2a: Special Hoops
|
|-fieldend|move: Trick Room
|upkeep
|
|t:|1758946478
|switch|p1a: Gholdengo|Gholdengo|67/100
|switch|p2a: The Dollby Cube|Mimikyu-Busted, F, shiny|88/100
|turn|15
|
|t:|1758946482
|move|p1a: Gholdengo|Shadow Ball|p2a: The Dollby Cube
|-supereffective|p2a: The Dollby Cube
|-damage|p2a: The Dollby Cube|2/100
|-unboost|p2a: The Dollby Cube|spd|1
|move|p2a: The Dollby Cube|Destiny Bond|p2a: The Dollby Cube
|-singlemove|p2a: The Dollby Cube|Destiny Bond
|
|upkeep
|turn|16
|
|t:|1758946486
|move|p1a: Gholdengo|Nasty Plot|p1a: Gholdengo
|-boost|p1a: Gholdengo|spa|2
|move|p2a: The Dollby Cube|Curse|p1a: Gholdengo
|-immune|p1a: Gholdengo|[from] ability: Good as Gold
|
|upkeep
|turn|17
|
|t:|1758946489
|move|p1a: Gholdengo|Shadow Ball|p2a: The Dollby Cube
|-supereffective|p2a: The Dollby Cube
|-damage|p2a: The Dollby Cube|0 fnt
|faint|p2a: The Dollby Cube
|
|upkeep
|
|t:|1758946490
|switch|p2a: Dr. Yes|Indeedee, M, shiny|100/100
|-fieldstart|move: Psychic Terrain|[from] ability: Psychic Surge|[of] p2a: Dr. Yes
|turn|18
|
|t:|1758946495
|move|p1a: Gholdengo|Recover|p1a: Gholdengo
|-heal|p1a: Gholdengo|100/100
|move|p2a: Dr. Yes|Trick Room|p2a: Dr. Yes
|-fieldstart|move: Trick Room|[of] p2a: Dr. Yes
|
|upkeep
|turn|19
|
|t:|1758946503
|move|p2a: Dr. Yes|Healing Wish|p2a: Dr. Yes
|faint|p2a: Dr. Yes
|move|p1a: Gholdengo|Nasty Plot|p1a: Gholdengo
|-boost|p1a: Gholdengo|spa|2
|
|upkeep
|
|t:|1758946504
|switch|p2a: Bear Down|Ursaluna, F, shiny|100/100
|turn|20
|
|t:|1758946507
|-terastallize|p1a: Gholdengo|Fairy
|move|p2a: Bear Down|Headlong Rush|p1a: Gholdengo
|-damage|p1a: Gholdengo|34/100
|-unboost|p2a: Bear Down|def|1
|-unboost|p2a: Bear Down|spd|1
|move|p1a: Gholdengo|Make It Rain|p2a: Bear Down
|-damage|p2a: Bear Down|0 fnt
|-unboost|p1a: Gholdengo|spa|1
|faint|p2a: Bear Down
|
|win|abGodc
|raw|abGodc's rating: 1693 &rarr; <strong>1712</strong><br />(+19 for winning)
|raw|bigger yeagle's rating: 1680 &rarr; <strong>1661</strong><br />(-19 for losing)
|l|☆bigger yeagle
|player|p2|
|l|☆abGodc
|player|p1|
|j|☆abGodc
|player|p1|abGodc|iris-gen5bw2|
|l|☆abGodc
|player|p1|
