|j|☆Tatacool
|j|☆Mr_Stonks0406
|t:|1758942054
|gametype|singles
|player|p1|Tatacool|170|1163
|player|p2|Mr_Stonks0406|rocketgrunt|1159
|gen|9
|tier|[Gen 9] OU
|rated|
|rule|HP Percentage Mod: HP is shown in percentages
|rule|Endless Battle Clause: Forcing endless battles is banned
|rule|Species Clause: Limit one of each Pokémon
|rule|OHKO Clause: OHKO moves are banned
|rule|Evasion Items Clause: Evasion items are banned
|rule|Evasion Moves Clause: Evasion moves are banned
|rule|Evasion Abilities Clause: Evasion abilities are banned
|rule|Sleep Moves Clause: Sleep-inducing moves are banned
|clearpoke
|poke|p1|Minior-Orange|
|poke|p1|Cinccino, F|
|poke|p1|Alomomola, M|
|poke|p1|Comfey, F|
|poke|p1|Gholdengo|
|poke|p1|Great Tusk|
|poke|p2|Weavile, M|
|poke|p2|Samurott-Hisui, F|
|poke|p2|Gholdengo|
|poke|p2|Great Tusk|
|poke|p2|Ogerpon-Wellspring, F|
|poke|p2|Slowking-Galar, F|
|teampreview
|c|☆Tatacool|glhf!
|
|t:|1758942059
|teamsize|p1|6
|teamsize|p2|6
|start
|switch|p1a: Maria|Great Tusk|100/100
|switch|p2a: Otter|Samurott-Hisui, F|100/100
|turn|1
|
|t:|1758942075
|move|p2a: Otter|Flip Turn|p1a: Maria
|-supereffective|p1a: Maria
|-damage|p1a: Maria|73/100
|
|t:|1758942097
|switch|p2a: Mewthree|Slowking-Galar, F|100/100|[from] Flip Turn
|move|p1a: Maria|Stealth Rock|p2a: Mewthree
|-sidestart|p2: Mr_Stonks0406|move: Stealth Rock
|
|-heal|p1a: Maria|79/100|[from] item: Leftovers
|upkeep
|turn|2
|
|t:|1758942115
|move|p2a: Mewthree|Eerie Spell|p1a: Maria
|-supereffective|p1a: Maria
|-damage|p1a: Maria|0 fnt
|faint|p1a: Maria
|-end|p1a: Maria|Protosynthesis|[silent]
|
|upkeep
|
|t:|1758942134
|switch|p1a: Comet|Minior-Orange, shiny|100/100
|-formechange|p1a: Comet|Minior-Meteor||[from] ability: Shields Down
|turn|3
|
|t:|1758942141
|move|p1a: Comet|Shell Smash|p1a: Comet
|-unboost|p1a: Comet|def|1
|-unboost|p1a: Comet|spd|1
|-boost|p1a: Comet|atk|2
|-boost|p1a: Comet|spa|2
|-boost|p1a: Comet|spe|2
|-enditem|p1a: Comet|White Herb
|-clearnegativeboost|p1a: Comet|[silent]
|move|p2a: Mewthree|Toxic|p1a: Comet
|-immune|p1a: Comet|[from] ability: Shields Down
|
|upkeep
|turn|4
|
|t:|1758942162
|move|p1a: Comet|Acrobatics|p2a: Mewthree
|-damage|p2a: Mewthree|24/100
|-prepare|p2a: Mewthree|Chilly Reception|[premajor]
|move|p2a: Mewthree|Chilly Reception|p2a: Mewthree
|-weather|Snowscape
|
|t:|1758942176
|switch|p2a: Otter|Samurott-Hisui, F|100/100|[from] Chilly Reception
|-damage|p2a: Otter|88/100|[from] Stealth Rock
|
|-weather|Snowscape|[upkeep]
|upkeep
|turn|5
|
|t:|1758942182
|move|p2a: Otter|Razor Shell|p1a: Comet
|-supereffective|p1a: Comet
|-damage|p1a: Comet|0 fnt
|faint|p1a: Comet
|
|-weather|Snowscape|[upkeep]
|upkeep
|
|t:|1758942187
|switch|p1a: Flora de Feliza|Comfey, F|100/100
|turn|6
|
|t:|1758942195
|switch|p2a: Mewthree|Slowking-Galar, F|58/100
|-damage|p2a: Mewthree|45/100|[from] Stealth Rock
|move|p1a: Flora de Feliza|Calm Mind|p1a: Flora de Feliza
|-boost|p1a: Flora de Feliza|spa|1
|-boost|p1a: Flora de Feliza|spd|1
|
|-weather|Snowscape|[upkeep]
|-heal|p2a: Mewthree|51/100|[from] item: Leftovers
|upkeep
|turn|7
|
|t:|1758942204
|move|p1a: Flora de Feliza|Calm Mind|p1a: Flora de Feliza
|-boost|p1a: Flora de Feliza|spa|1
|-boost|p1a: Flora de Feliza|spd|1
|move|p2a: Mewthree|Sludge Bomb|p1a: Flora de Feliza
|-supereffective|p1a: Flora de Feliza
|-damage|p1a: Flora de Feliza|63/100
|-status|p1a: Flora de Feliza|psn
|
|-weather|Snowscape|[upkeep]
|-heal|p2a: Mewthree|57/100|[from] item: Leftovers
|-damage|p1a: Flora de Feliza|50/100 psn|[from] psn
|upkeep
|turn|8
|
|t:|1758942216
|move|p1a: Flora de Feliza|Draining Kiss|p2a: Mewthree
|-resisted|p2a: Mewthree
|-crit|p2a: Mewthree
|-damage|p2a: Mewthree|32/100
|-heal|p1a: Flora de Feliza|75/100 psn|[from] drain|[of] p2a: Mewthree
|-damage|p1a: Flora de Feliza|65/100 psn|[from] item: Life Orb
|move|p2a: Mewthree|Sludge Bomb|p1a: Flora de Feliza
|-supereffective|p1a: Flora de Feliza
|-damage|p1a: Flora de Feliza|27/100 psn
|
|-weather|none
|-heal|p2a: Mewthree|38/100|[from] item: Leftovers
|-damage|p1a: Flora de Feliza|15/100 psn|[from] psn
|upkeep
|turn|9
|
|t:|1758942233
|-terastallize|p1a: Flora de Feliza|Fairy
|move|p1a: Flora de Feliza|Draining Kiss|p2a: Mewthree
|-resisted|p2a: Mewthree
|-damage|p2a: Mewthree|12/100
|-heal|p1a: Flora de Feliza|40/100 psn|[from] drain|[of] p2a: Mewthree
|-damage|p1a: Flora de Feliza|30/100 psn|[from] item: Life Orb
|move|p2a: Mewthree|Sludge Bomb|p1a: Flora de Feliza
|-supereffective|p1a: Flora de Feliza
|-damage|p1a: Flora de Feliza|0 fnt
|faint|p1a: Flora de Feliza
|
|-heal|p2a: Mewthree|18/100|[from] item: Leftovers
|upkeep
|-message|Tatacool forfeited.
|
|win|Mr_Stonks0406
|raw|Tatacool's rating: 1163 &rarr; <strong>1138</strong><br />(-25 for losing)
|raw|Mr_Stonks0406's rating: 1159 &rarr; <strong>1184</strong><br />(+25 for winning)
|l|☆Tatacool
|player|p1|
|l|☆Mr_Stonks0406
|player|p2|
