|j|☆jiangxaixl
|j|☆DemoEspeon
|t:|1758984938
|gametype|singles
|player|p1|jiangxaixl|hilbert|1120
|player|p2|DemoEspeon|rosa|1071
|gen|9
|tier|[Gen 9] OU
|rated|
|rule|HP Percentage Mod: HP is shown in percentages
|rule|Endless Battle Clause: Forcing endless battles is banned
|rule|Species Clause: Limit one of each Pokémon
|rule|OHKO Clause: OHKO moves are banned
|rule|Evasion Items Clause: Evasion items are banned
|rule|Evasion Moves Clause: Evasion moves are banned
|rule|Evasion Abilities Clause: Evasion abilities are banned
|rule|Sleep Moves Clause: Sleep-inducing moves are banned
|clearpoke
|poke|p1|Excadrill, M|
|poke|p1|Dragapult, F|
|poke|p1|Mienshao, F|
|poke|p1|Scizor, F|
|poke|p1|Dragonite, F|
|poke|p1|Gliscor, F|
|poke|p2|Ditto|
|poke|p2|Hatterene, F|
|poke|p2|Tinkaton, F|
|poke|p2|Walking Wake|
|poke|p2|Meowscarada, F|
|poke|p2|Ogerpon-Wellspring, F|
|teampreview
|inactive|Battle timer is ON: inactive players will automatically lose when time's up. (requested by DemoEspeon)
|
|t:|1758984949
|teamsize|p1|6
|teamsize|p2|6
|start
|switch|p1a: Mienshao|Mienshao, F, shiny|100/100
|switch|p2a: Rosy|Tinkaton, F|100/100
|-ability|p2a: Rosy|Mold Breaker
|-item|p2a: Rosy|Air Balloon
|turn|1
|
|t:|1758984961
|move|p1a: Mienshao|Close Combat|p2a: Rosy
|-damage|p2a: Rosy|23/100
|-unboost|p1a: Mienshao|def|1
|-unboost|p1a: Mienshao|spd|1
|-enditem|p2a: Rosy|Air Balloon
|move|p2a: Rosy|Play Rough|p1a: Mienshao
|-supereffective|p1a: Mienshao
|-damage|p1a: Mienshao|0 fnt
|faint|p1a: Mienshao
|
|upkeep
|
|t:|1758984975
|switch|p1a: Excadrill|Excadrill, M, shiny|100/100
|-ability|p1a: Excadrill|Mold Breaker
|turn|2
|
|t:|1758984985
|move|p2a: Rosy|Rock Slide|p1a: Excadrill
|-resisted|p1a: Excadrill
|-damage|p1a: Excadrill|96/100
|cant|p1a: Excadrill|flinch
|
|-heal|p1a: Excadrill|100/100|[from] item: Leftovers
|upkeep
|turn|3
|
|t:|1758985001
|switch|p2a: Walking Wake|Walking Wake|100/100
|-enditem|p2a: Walking Wake|Booster Energy
|-activate|p2a: Walking Wake|ability: Protosynthesis|[fromitem]
|-start|p2a: Walking Wake|protosynthesisspa
|move|p1a: Excadrill|Stealth Rock|p2a: Walking Wake
|-sidestart|p2: DemoEspeon|move: Stealth Rock
|
|upkeep
|turn|4
|
|t:|1758985022
|move|p2a: Walking Wake|Scald|p1a: Excadrill
|-supereffective|p1a: Excadrill
|-damage|p1a: Excadrill|0 fnt
|faint|p1a: Excadrill
|
|upkeep
|
|t:|1758985028
|switch|p1a: Gliscor|Gliscor, F, shiny|100/100
|turn|5
|
|t:|1758985035
|move|p1a: Gliscor|Protect|p1a: Gliscor
|-singleturn|p1a: Gliscor|Protect
|move|p2a: Walking Wake|Scald|p1a: Gliscor
|-activate|p1a: Gliscor|move: Protect
|
|-status|p1a: Gliscor|tox|[from] item: Toxic Orb
|upkeep
|turn|6
|
|t:|1758985046
|-terastallize|p1a: Gliscor|Water
|move|p2a: Walking Wake|Scald|p1a: Gliscor
|-resisted|p1a: Gliscor
|-damage|p1a: Gliscor|74/100 tox
|move|p1a: Gliscor|Knock Off|p2a: Walking Wake
|-damage|p2a: Walking Wake|81/100
|
|-heal|p1a: Gliscor|87/100 tox|[from] ability: Poison Heal
|upkeep
|turn|7
|
|t:|1758985058
|move|p2a: Walking Wake|Draco Meteor|p1a: Gliscor
|-damage|p1a: Gliscor|0 fnt
|-unboost|p2a: Walking Wake|spa|2
|faint|p1a: Gliscor
|
|upkeep
|
|t:|1758985065
|switch|p1a: Dragapult|Dragapult, F|100/100
|turn|8
|
|t:|1758985072
|-end|p2a: Walking Wake|Protosynthesis|[silent]
|switch|p2a: Marisa|Hatterene, F|100/100
|-damage|p2a: Marisa|88/100|[from] Stealth Rock
|move|p1a: Dragapult|Draco Meteor|p2a: Marisa
|-immune|p2a: Marisa
|
|upkeep
|turn|9
|
|t:|1758985083
|switch|p1a: Scizor|Scizor, F, shiny|100/100
|move|p2a: Marisa|Draining Kiss|p1a: Scizor
|-resisted|p1a: Scizor
|-damage|p1a: Scizor|81/100
|-heal|p2a: Marisa|100/100|[from] drain|[of] p1a: Scizor
|
|-heal|p1a: Scizor|87/100|[from] item: Leftovers
|upkeep
|turn|10
|
|t:|1758985099
|switch|p2a: Mirror|Ditto|100/100
|-damage|p2a: Mirror|88/100|[from] Stealth Rock
|-transform|p2a: Mirror|p1a: Scizor|[from] ability: Imposter
|move|p1a: Scizor|Swords Dance|p1a: Scizor
|-boost|p1a: Scizor|atk|2
|
|-heal|p1a: Scizor|94/100|[from] item: Leftovers
|upkeep
|turn|11
|
|t:|1758985110
|move|p2a: Mirror|Close Combat|p1a: Scizor
|-damage|p1a: Scizor|49/100
|-unboost|p2a: Mirror|def|1
|-unboost|p2a: Mirror|spd|1
|move|p1a: Scizor|Close Combat|p2a: Mirror
|-damage|p2a: Mirror|0 fnt
|-unboost|p1a: Scizor|def|1
|-unboost|p1a: Scizor|spd|1
|faint|p2a: Mirror
|
|-heal|p1a: Scizor|55/100|[from] item: Leftovers
|upkeep
|
|t:|1758985129
|switch|p2a: Walking Wake|Walking Wake|81/100
|-damage|p2a: Walking Wake|69/100|[from] Stealth Rock
|turn|12
|
|t:|1758985135
|move|p1a: Scizor|Bullet Punch|p2a: Walking Wake
|-resisted|p2a: Walking Wake
|-damage|p2a: Walking Wake|32/100
|move|p2a: Walking Wake|Flamethrower|p1a: Scizor
|-supereffective|p1a: Scizor
|-damage|p1a: Scizor|0 fnt
|faint|p1a: Scizor
|
|upkeep
|
|t:|1758985148
|switch|p1a: Dragonite|Dragonite, F, shiny|100/100
|turn|13
|
|t:|1758985154
|move|p2a: Walking Wake|Protect|p2a: Walking Wake
|-singleturn|p2a: Walking Wake|Protect
|move|p1a: Dragonite|Extreme Speed|p2a: Walking Wake
|-activate|p2a: Walking Wake|move: Protect
|
|upkeep
|turn|14
|
|t:|1758985161
|move|p1a: Dragonite|Extreme Speed|p2a: Walking Wake
|-damage|p2a: Walking Wake|3/100
|move|p2a: Walking Wake|Draco Meteor|p1a: Dragonite
|-supereffective|p1a: Dragonite
|-damage|p1a: Dragonite|38/100
|-unboost|p2a: Walking Wake|spa|2
|
|upkeep
|turn|15
|
|t:|1758985174
|-end|p2a: Walking Wake|Protosynthesis|[silent]
|switch|p2a: Marisa|Hatterene, F|100/100
|-damage|p2a: Marisa|88/100|[from] Stealth Rock
|move|p1a: Dragonite|Roost|p1a: Dragonite
|-heal|p1a: Dragonite|88/100
|-singleturn|p1a: Dragonite|move: Roost
|
|upkeep
|turn|16
|
|t:|1758985185
|move|p1a: Dragonite|Roost|p1a: Dragonite
|-heal|p1a: Dragonite|100/100
|-singleturn|p1a: Dragonite|move: Roost
|move|p2a: Marisa|Calm Mind|p2a: Marisa
|-boost|p2a: Marisa|spa|1
|-boost|p2a: Marisa|spd|1
|
|upkeep
|turn|17
|
|t:|1758985193
|move|p1a: Dragonite|Extreme Speed|p2a: Marisa
|-damage|p2a: Marisa|57/100
|move|p2a: Marisa|Calm Mind|p2a: Marisa
|-boost|p2a: Marisa|spa|1
|-boost|p2a: Marisa|spd|1
|
|upkeep
|turn|18
|
|t:|1758985200
|move|p1a: Dragonite|Extreme Speed|p2a: Marisa
|-damage|p2a: Marisa|29/100
|move|p2a: Marisa|Draining Kiss|p1a: Dragonite
|-supereffective|p1a: Dragonite
|-damage|p1a: Dragonite|48/100
|-heal|p2a: Marisa|77/100|[from] drain|[of] p1a: Dragonite
|-damage|p2a: Marisa|60/100|[from] item: Rocky Helmet|[of] p1a: Dragonite
|
|upkeep
|turn|19
|
|t:|1758985210
|move|p1a: Dragonite|Extreme Speed|p2a: Marisa
|-damage|p2a: Marisa|34/100
|move|p2a: Marisa|Draining Kiss|p1a: Dragonite
|-supereffective|p1a: Dragonite
|-damage|p1a: Dragonite|0 fnt
|-heal|p2a: Marisa|77/100|[from] drain|[of] p1a: Dragonite
|-damage|p2a: Marisa|60/100|[from] item: Rocky Helmet|[of] p1a: Dragonite
|faint|p1a: Dragonite
|
|upkeep
|
|t:|1758985221
|switch|p1a: Dragapult|Dragapult, F|100/100
|turn|20
|
|t:|1758985227
|move|p1a: Dragapult|Hex|p2a: Marisa
|-supereffective|p2a: Marisa
|-damage|p2a: Marisa|30/100
|move|p2a: Marisa|Draining Kiss|p1a: Dragapult
|-supereffective|p1a: Dragapult
|-crit|p1a: Dragapult
|-damage|p1a: Dragapult|0 fnt
|-heal|p2a: Marisa|100/100|[from] drain|[of] p1a: Dragapult
|faint|p1a: Dragapult
|
|win|DemoEspeon
|raw|jiangxaixl's rating: 1120 &rarr; <strong>1091</strong><br />(-29 for losing)
|raw|DemoEspeon's rating: 1071 &rarr; <strong>1104</strong><br />(+33 for winning)
|l|☆jiangxaixl
|player|p1|
|c|☆DemoEspeon|gg
