|j|☆ChanceMT
|j|☆seth5154
|t:|1758950589
|gametype|singles
|player|p1|ChanceMT|266|1239
|player|p2|seth5154|266|1175
|gen|9
|tier|[Gen 9] OU
|rated|
|rule|HP Percentage Mod: HP is shown in percentages
|rule|Endless Battle Clause: Forcing endless battles is banned
|rule|Species Clause: Limit one of each Pokémon
|rule|OHKO Clause: OHKO moves are banned
|rule|Evasion Items Clause: Evasion items are banned
|rule|Evasion Moves Clause: Evasion moves are banned
|rule|Evasion Abilities Clause: Evasion abilities are banned
|rule|Sleep Moves Clause: Sleep-inducing moves are banned
|clearpoke
|poke|p1|Manaphy|
|poke|p1|Pelipper, F|
|poke|p1|Zapdos|
|poke|p1|Kingdra, M|
|poke|p1|Ogerpon-Wellspring, F|
|poke|p1|Iron Treads|
|poke|p2|Heatran, M|
|poke|p2|Landorus-Therian, M|
|poke|p2|Kyurem|
|poke|p2|Gliscor, M|
|poke|p2|Zapdos|
|poke|p2|Darkrai|
|teampreview
|inactive|Battle timer is ON: inactive players will automatically lose when time's up. (requested by ChanceMT)
|
|t:|1758950594
|teamsize|p1|6
|teamsize|p2|6
|start
|switch|p1a: Pelipper|Pelipper, F|100/100
|switch|p2a: Landorus|Landorus-Therian, M|100/100
|-ability|p2a: Landorus|Intimidate|boost
|-unboost|p1a: Pelipper|atk|1
|-weather|RainDance|[from] ability: Drizzle|[of] p1a: Pelipper
|turn|1
|
|t:|1758950612
|switch|p1a: Kingdra|Kingdra, M|100/100
|move|p2a: Landorus|Stone Edge|p1a: Kingdra
|-crit|p1a: Kingdra
|-damage|p1a: Kingdra|0 fnt
|faint|p1a: Kingdra
|
|-weather|RainDance|[upkeep]
|upkeep
|
|t:|1758950620
|switch|p1a: Manaphy|Manaphy|100/100
|turn|2
|
|t:|1758950633
|switch|p2a: Zapdos|Zapdos|100/100
|-ability|p2a: Zapdos|Pressure
|move|p1a: Manaphy|Tail Glow|p1a: Manaphy
|-boost|p1a: Manaphy|spa|3
|
|-weather|RainDance|[upkeep]
|upkeep
|turn|3
|
|t:|1758950641
|move|p1a: Manaphy|Ice Beam|p2a: Zapdos
|-supereffective|p2a: Zapdos
|-damage|p2a: Zapdos|0 fnt
|faint|p2a: Zapdos
|
|-weather|RainDance|[upkeep]
|upkeep
|
|t:|1758950652
|switch|p2a: Kyurem|Kyurem|100/100
|-ability|p2a: Kyurem|Pressure
|turn|4
|
|t:|1758950661
|switch|p1a: Iron Treads|Iron Treads|100/100
|move|p2a: Kyurem|Dragon Dance|p2a: Kyurem
|-boost|p2a: Kyurem|atk|1
|-boost|p2a: Kyurem|spe|1
|
|-weather|RainDance|[upkeep]
|upkeep
|turn|5
|
|t:|1758950679
|move|p2a: Kyurem|Icicle Spear|p1a: Iron Treads
|-damage|p1a: Iron Treads|83/100
|-damage|p1a: Iron Treads|66/100
|-damage|p1a: Iron Treads|48/100
|-damage|p1a: Iron Treads|29/100
|-hitcount|p1a: Iron Treads|4
|move|p1a: Iron Treads|Knock Off|p2a: Kyurem
|-damage|p2a: Kyurem|70/100
|-enditem|p2a: Kyurem|Loaded Dice|[from] move: Knock Off|[of] p1a: Iron Treads
|
|-weather|RainDance|[upkeep]
|-heal|p1a: Iron Treads|36/100|[from] item: Leftovers
|upkeep
|turn|6
|inactive|seth5154 has 120 seconds left.
|
|t:|1758950713
|move|p2a: Kyurem|Icicle Spear|p1a: Iron Treads
|-crit|p1a: Iron Treads
|-damage|p1a: Iron Treads|10/100
|-damage|p1a: Iron Treads|0 fnt
|faint|p1a: Iron Treads
|-end|p1a: Iron Treads|Quark Drive|[silent]
|-hitcount|p1: Iron Treads|2
|
|-weather|RainDance|[upkeep]
|upkeep
|
|t:|1758950719
|switch|p1a: Manaphy|Manaphy|100/100
|turn|7
|
|t:|1758950725
|move|p2a: Kyurem|Scale Shot|p1a: Manaphy
|-damage|p1a: Manaphy|83/100
|-damage|p1a: Manaphy|67/100
|-damage|p1a: Manaphy|49/100
|-hitcount|p1a: Manaphy|3
|-unboost|p2a: Kyurem|def|1
|-boost|p2a: Kyurem|spe|1
|move|p1a: Manaphy|Tail Glow|p1a: Manaphy
|-boost|p1a: Manaphy|spa|3
|
|-weather|RainDance|[upkeep]
|-heal|p1a: Manaphy|55/100|[from] item: Leftovers
|upkeep
|turn|8
|
|t:|1758950737
|move|p2a: Kyurem|Scale Shot|p1a: Manaphy
|-damage|p1a: Manaphy|39/100
|-damage|p1a: Manaphy|24/100
|-damage|p1a: Manaphy|6/100
|-damage|p1a: Manaphy|0 fnt
|faint|p1a: Manaphy
|-hitcount|p1: Manaphy|4
|-unboost|p2a: Kyurem|def|1
|-boost|p2a: Kyurem|spe|1
|
|-weather|none
|upkeep
|-message|ChanceMT forfeited.
|
|win|seth5154
|raw|ChanceMT's rating: 1239 &rarr; <strong>1209</strong><br />(-30 for losing)
|raw|seth5154's rating: 1175 &rarr; <strong>1205</strong><br />(+30 for winning)
|l|☆ChanceMT
|player|p1|
|l|☆seth5154
|player|p2|
