|j|☆4kazter
|j|☆nmx123
|t:|1759057012
|gametype|singles
|player|p1|4kazter|169|1611
|player|p2|nmx123|101|1604
|gen|9
|tier|[Gen 9] OU
|rated|
|rule|HP Percentage Mod: HP is shown in percentages
|rule|Endless Battle Clause: Forcing endless battles is banned
|rule|Species Clause: Limit one of each Pokémon
|rule|OHKO Clause: OHKO moves are banned
|rule|Evasion Items Clause: Evasion items are banned
|rule|Evasion Moves Clause: Evasion moves are banned
|rule|Evasion Abilities Clause: Evasion abilities are banned
|rule|Sleep Moves Clause: Sleep-inducing moves are banned
|clearpoke
|poke|p1|Blaziken, M|
|poke|p1|Ninetales, F|
|poke|p1|Indeedee, M|
|poke|p1|Hatterene, F|
|poke|p1|Slowbro-Galar, F|
|poke|p1|Cinderace, M|
|poke|p2|Dragonite, M|
|poke|p2|Zamazenta-*|
|poke|p2|Gholdengo|
|poke|p2|Raging Bolt|
|poke|p2|Ninetales-Alola, M|
|poke|p2|Great Tusk|
|teampreview
|inactive|Battle timer is ON: inactive players will automatically lose when time's up. (requested by nmx123)
|
|t:|1759057019
|teamsize|p1|6
|teamsize|p2|6
|start
|switch|p1a: DeeDee|Indeedee, M|100/100
|switch|p2a: Great Tusk|Great Tusk|100/100
|-fieldstart|move: Psychic Terrain|[from] ability: Psychic Surge|[of] p1a: DeeDee
|turn|1
|
|t:|1759057025
|-terastallize|p2a: Great Tusk|Dark
|move|p1a: DeeDee|Expanding Force|p2a: Great Tusk
|-immune|p2a: Great Tusk
|move|p2a: Great Tusk|Knock Off|p1a: DeeDee
|-supereffective|p1a: DeeDee
|-damage|p1a: DeeDee|0 fnt
|-enditem|p1a: DeeDee|Terrain Extender|[from] move: Knock Off|[of] p2a: Great Tusk
|faint|p1a: DeeDee
|
|upkeep
|
|t:|1759057033
|switch|p1a: Mavis|Hatterene, F|100/100
|turn|2
|
|t:|1759057036
|-end|p2a: Great Tusk|Protosynthesis|[silent]
|switch|p2a: Gholdengo|Gholdengo|100/100
|move|p1a: Mavis|Trick Room|p1a: Mavis
|-fieldstart|move: Trick Room|[of] p1a: Mavis
|
|upkeep
|turn|3
|
|t:|1759057055
|move|p1a: Mavis|Mystical Fire|p2a: Gholdengo
|-supereffective|p2a: Gholdengo
|-damage|p2a: Gholdengo|9/100
|-unboost|p2a: Gholdengo|spa|1
|-damage|p1a: Mavis|91/100|[from] item: Life Orb
|move|p2a: Gholdengo|Shadow Ball|p1a: Mavis
|-supereffective|p1a: Mavis
|-damage|p1a: Mavis|36/100
|
|upkeep
|turn|4
|
|t:|1759057070
|switch|p2a: Dragonite|Dragonite, M|100/100
|move|p1a: Mavis|Draining Kiss|p2a: Dragonite
|-supereffective|p2a: Dragonite
|-damage|p2a: Dragonite|67/100
|-heal|p1a: Mavis|65/100|[from] drain|[of] p2a: Dragonite
|-damage|p1a: Mavis|56/100|[from] item: Life Orb
|
|upkeep
|turn|5
|
|t:|1759057079
|move|p2a: Dragonite|Extreme Speed|p1a: Mavis
|-activate|p1a: Mavis|move: Psychic Terrain
|move|p1a: Mavis|Expanding Force|p2a: Dragonite
|-damage|p2a: Dragonite|0 fnt
|faint|p2a: Dragonite
|-damage|p1a: Mavis|46/100|[from] item: Life Orb
|
|upkeep
|
|t:|1759057091
|switch|p2a: Ninetales|Ninetales-Alola, M|100/100
|-weather|Snowscape|[from] ability: Snow Warning|[of] p2a: Ninetales
|turn|6
|
|t:|1759057095
|move|p1a: Mavis|Expanding Force|p2a: Ninetales
|-damage|p2a: Ninetales|0 fnt
|faint|p2a: Ninetales
|-damage|p1a: Mavis|36/100|[from] item: Life Orb
|
|-weather|Snowscape|[upkeep]
|-fieldend|move: Trick Room
|upkeep
|
|t:|1759057104
|switch|p2a: Gholdengo|Gholdengo|9/100
|turn|7
|
|t:|1759057116
|switch|p1a: Kurama|Ninetales, F|100/100
|-weather|SunnyDay|[from] ability: Drought|[of] p1a: Kurama
|move|p2a: Gholdengo|Shadow Ball|p1a: Kurama
|-damage|p1a: Kurama|51/100
|
|-weather|SunnyDay|[upkeep]
|upkeep
|turn|8
|
|t:|1759057126
|switch|p2a: Raging Bolt|Raging Bolt|100/100
|-activate|p2a: Raging Bolt|ability: Protosynthesis
|-start|p2a: Raging Bolt|protosynthesisspa
|move|p1a: Kurama|Weather Ball|p2a: Raging Bolt
|-resisted|p2a: Raging Bolt
|-damage|p2a: Raging Bolt|78/100
|
|-weather|SunnyDay|[upkeep]
|-fieldend|move: Psychic Terrain
|upkeep
|turn|9
|
|t:|1759057136
|move|p1a: Kurama|Weather Ball|p2a: Raging Bolt
|-resisted|p2a: Raging Bolt
|-damage|p2a: Raging Bolt|54/100
|move|p2a: Raging Bolt|Thunderbolt|p1a: Kurama
|-damage|p1a: Kurama|0 fnt
|faint|p1a: Kurama
|-damage|p2a: Raging Bolt|44/100|[from] item: Life Orb
|
|-weather|SunnyDay|[upkeep]
|upkeep
|
|t:|1759057144
|switch|p1a: ReverseUNO|Cinderace, M|100/100
|turn|10
|
|t:|1759057151
|move|p1a: ReverseUNO|Gunk Shot|p2a: Raging Bolt
|-start|p1a: ReverseUNO|typechange|Poison|[from] ability: Libero
|-damage|p2a: Raging Bolt|0 fnt
|faint|p2a: Raging Bolt
|-end|p2a: Raging Bolt|Protosynthesis|[silent]
|
|-weather|SunnyDay|[upkeep]
|upkeep
|
|t:|1759057165
|switch|p2a: Great Tusk|Great Tusk, tera:Dark|100/100
|-activate|p2a: Great Tusk|ability: Protosynthesis
|-start|p2a: Great Tusk|protosynthesisatk
|turn|11
|
|t:|1759057170
|move|p1a: ReverseUNO|High Jump Kick|p2a: Great Tusk
|-supereffective|p2a: Great Tusk
|-damage|p2a: Great Tusk|41/100
|-damage|p1a: ReverseUNO|84/100|[from] item: Rocky Helmet|[of] p2a: Great Tusk
|move|p2a: Great Tusk|Knock Off|p1a: ReverseUNO
|-damage|p1a: ReverseUNO|3/100
|-enditem|p1a: ReverseUNO|Heavy-Duty Boots|[from] move: Knock Off|[of] p2a: Great Tusk
|
|-weather|SunnyDay|[upkeep]
|upkeep
|turn|12
|
|t:|1759057181
|-end|p2a: Great Tusk|Protosynthesis|[silent]
|switch|p2a: Gholdengo|Gholdengo|9/100
|-terastallize|p1a: ReverseUNO|Fire
|move|p1a: ReverseUNO|Pyro Ball|p2a: Gholdengo
|-supereffective|p2a: Gholdengo
|-damage|p2a: Gholdengo|0 fnt
|faint|p2a: Gholdengo
|
|-weather|SunnyDay|[upkeep]
|upkeep
|
|t:|1759057187
|switch|p2a: Zamazenta|Zamazenta|100/100
|-ability|p2a: Zamazenta|Dauntless Shield|boost
|-boost|p2a: Zamazenta|def|1
|turn|13
|
|t:|1759057194
|switch|p1a: Mavis|Hatterene, F|36/100
|move|p2a: Zamazenta|Body Press|p1a: Mavis
|-resisted|p1a: Mavis
|-damage|p1a: Mavis|19/100
|
|-weather|SunnyDay|[upkeep]
|upkeep
|turn|14
|
|t:|1759057200
|move|p2a: Zamazenta|Iron Head|p1a: Mavis
|-supereffective|p1a: Mavis
|-damage|p1a: Mavis|0 fnt
|faint|p1a: Mavis
|
|-weather|none
|upkeep
|l|☆nmx123
|inactive|nmx123 disconnected and has a minute to reconnect!
|player|p2|
|j| wgw2333
|
|t:|1759057210
|switch|p1a: WildWest|Slowbro-Galar, F|100/100
|turn|15
|j|☆nmx123
|inactive|nmx123 reconnected and has 135 seconds left.
|player|p2|nmx123|101|
|
|t:|1759057237
|move|p2a: Zamazenta|Crunch|p1a: WildWest
|-supereffective|p1a: WildWest
|-damage|p1a: WildWest|61/100
|move|p1a: WildWest|Nasty Plot|p1a: WildWest
|-boost|p1a: WildWest|spa|2
|
|upkeep
|turn|16
|-activate|p1a: WildWest|item: Quick Claw
|
|t:|1759057244
|move|p1a: WildWest|Expanding Force|p2a: Zamazenta
|-supereffective|p2a: Zamazenta
|-damage|p2a: Zamazenta|0 fnt
|faint|p2a: Zamazenta
|
|upkeep
|
|t:|1759057247
|switch|p2a: Great Tusk|Great Tusk, tera:Dark|41/100
|turn|17
|-activate|p1a: WildWest|item: Quick Claw
|
|t:|1759057251
|move|p1a: WildWest|Shell Side Arm|p2a: Great Tusk|[anim] Shell Side Arm Special
|-damage|p2a: Great Tusk|0 fnt
|-hint|Special Shell Side Arm
|faint|p2a: Great Tusk
|-end|p2a: Great Tusk|Protosynthesis|[silent]
|
|win|4kazter
|raw|4kazter's rating: 1611 &rarr; <strong>1631</strong><br />(+20 for winning)
|raw|nmx123's rating: 1604 &rarr; <strong>1584</strong><br />(-20 for losing)
|l|☆nmx123
|player|p2|
|l| wgw2333
