|j|☆spin24tr
|j|☆panzershock
|t:|1758993361
|gametype|singles
|player|p1|spin24tr|chili|1277
|player|p2|panzershock|170|1280
|gen|9
|tier|[Gen 9] OU
|rated|
|rule|HP Percentage Mod: HP is shown in percentages
|rule|Endless Battle Clause: Forcing endless battles is banned
|rule|Species Clause: Limit one of each Pokémon
|rule|OHKO Clause: OHKO moves are banned
|rule|Evasion Items Clause: Evasion items are banned
|rule|Evasion Moves Clause: Evasion moves are banned
|rule|Evasion Abilities Clause: Evasion abilities are banned
|rule|Sleep Moves Clause: Sleep-inducing moves are banned
|clearpoke
|poke|p1|Iron Treads|
|poke|p1|Alomomola, M|
|poke|p1|Garganacl, M|
|poke|p1|Weezing-Galar, M|
|poke|p1|Hoopa-Unbound|
|poke|p1|Dragapult, F|
|poke|p2|Rillaboom, M|
|poke|p2|Fezandipiti, M|
|poke|p2|Magneton|
|poke|p2|Scrafty, F|
|poke|p2|Mimikyu, F|
|poke|p2|Maushold|
|teampreview
|inactive|Battle timer is ON: inactive players will automatically lose when time's up. (requested by spin24tr)
|
|t:|1758993370
|teamsize|p1|6
|teamsize|p2|6
|start
|switch|p1a: Garganacl|Garganacl, M|100/100
|switch|p2a: Scrafty|Scrafty, F|100/100
|turn|1
|
|t:|1758993376
|move|p1a: Garganacl|Protect|p1a: Garganacl
|-singleturn|p1a: Garganacl|Protect
|move|p2a: Scrafty|Knock Off|p1a: Garganacl
|-activate|p1a: Garganacl|move: Protect
|
|upkeep
|turn|2
|
|t:|1758993386
|switch|p1a: Alomomola|Alomomola, M|100/100
|move|p2a: Scrafty|Knock Off|p1a: Alomomola
|-crit|p1a: Alomomola
|-damage|p1a: Alomomola|74/100
|-damage|p2a: Scrafty|84/100|[from] item: Rocky Helmet|[of] p1a: Alomomola
|-enditem|p1a: Alomomola|Rocky Helmet|[from] move: Knock Off|[of] p2a: Scrafty
|-heal|p2a: Scrafty|90/100|[from] item: Shell Bell|[of] p1a: Alomomola
|
|upkeep
|turn|3
|
|t:|1758993393
|move|p2a: Scrafty|Super Fang|p1a: Alomomola
|-damage|p1a: Alomomola|37/100
|-heal|p2a: Scrafty|99/100|[from] item: Shell Bell|[of] p1a: Alomomola
|move|p1a: Alomomola|Wish|p1a: Alomomola
|
|upkeep
|turn|4
|
|t:|1758993414
|move|p2a: Scrafty|Super Fang|p1a: Alomomola
|-damage|p1a: Alomomola|19/100
|-heal|p2a: Scrafty|100/100|[from] item: Shell Bell|[of] p1a: Alomomola
|move|p1a: Alomomola|Tickle|p2a: Scrafty
|-unboost|p2a: Scrafty|atk|1
|-unboost|p2a: Scrafty|def|1
|
|-heal|p1a: Alomomola|69/100|[from] move: Wish|[wisher] Alomomola
|upkeep
|turn|5
|
|t:|1758993432
|switch|p2a: Fezandipiti|Fezandipiti, M|100/100
|move|p1a: Alomomola|Tickle|p2a: Fezandipiti
|-unboost|p2a: Fezandipiti|atk|1
|-unboost|p2a: Fezandipiti|def|1
|
|upkeep
|turn|6
|
|t:|1758993437
|move|p1a: Alomomola|Protect|p1a: Alomomola
|-singleturn|p1a: Alomomola|Protect
|move|p2a: Fezandipiti|U-turn|p1a: Alomomola
|-activate|p1a: Alomomola|move: Protect
|
|upkeep
|turn|7
|
|t:|1758993444
|switch|p1a: Iron Treads|Iron Treads|100/100
|move|p2a: Fezandipiti|U-turn|p1a: Iron Treads
|-resisted|p1a: Iron Treads
|-damage|p1a: Iron Treads|97/100
|
|t:|1758993459
|switch|p2a: Magneton|Magneton|100/100|[from] U-turn
|
|upkeep
|turn|8
|inactive|spin24tr has 120 seconds left.
|
|t:|1758993492
|-terastallize|p2a: Magneton|Ground
|move|p1a: Iron Treads|Earthquake|p2a: Magneton
|-damage|p2a: Magneton|64/100
|move|p2a: Magneton|Tera Blast|p1a: Iron Treads|[anim] Tera Blast Ground
|-supereffective|p1a: Iron Treads
|-damage|p1a: Iron Treads|28/100
|
|upkeep
|turn|9
|
|t:|1758993502
|move|p1a: Iron Treads|Knock Off|p2a: Magneton
|-damage|p2a: Magneton|39/100
|-enditem|p2a: Magneton|Eviolite|[from] move: Knock Off|[of] p1a: Iron Treads
|move|p2a: Magneton|Tera Blast|p1a: Iron Treads|[anim] Tera Blast Ground
|-supereffective|p1a: Iron Treads
|-damage|p1a: Iron Treads|0 fnt
|faint|p1a: Iron Treads
|-end|p1a: Iron Treads|Quark Drive|[silent]
|
|upkeep
|
|t:|1758993512
|switch|p1a: Dragapult|Dragapult, F|100/100
|turn|10
|
|t:|1758993519
|switch|p2a: Mimikyu|Mimikyu, F|100/100
|move|p1a: Dragapult|Substitute|p1a: Dragapult
|-start|p1a: Dragapult|Substitute
|-damage|p1a: Dragapult|76/100
|
|-heal|p1a: Dragapult|82/100|[from] item: Leftovers
|upkeep
|turn|11
|
|t:|1758993526
|move|p2a: Mimikyu|Shadow Sneak|p1a: Dragapult
|-supereffective|p1a: Dragapult
|-end|p1a: Dragapult|Substitute
|move|p1a: Dragapult|Hex|p2a: Mimikyu
|-activate|p2a: Mimikyu|ability: Disguise
|-damage|p2a: Mimikyu|100/100
|detailschange|p2a: Mimikyu|Mimikyu-Busted, F
|-damage|p2a: Mimikyu|88/100|[from] pokemon: Mimikyu-Busted
|-enditem|p2a: Mimikyu|Red Card|[of] p1a: Dragapult
|drag|p1a: Alomomola|Alomomola, M|100/100
|
|upkeep
|turn|12
|
|t:|1758993538
|move|p2a: Mimikyu|Swords Dance|p2a: Mimikyu
|-boost|p2a: Mimikyu|atk|2
|move|p1a: Alomomola|Flip Turn|p2a: Mimikyu
|-damage|p2a: Mimikyu|61/100
|
|t:|1758993551
|switch|p1a: Garganacl|Garganacl, M|100/100|[from] Flip Turn
|
|upkeep
|turn|13
|
|t:|1758993559
|move|p2a: Mimikyu|Swords Dance|p2a: Mimikyu
|-boost|p2a: Mimikyu|atk|2
|move|p1a: Garganacl|Salt Cure|p2a: Mimikyu
|-damage|p2a: Mimikyu|38/100
|-start|p2a: Mimikyu|Salt Cure
|
|-damage|p2a: Mimikyu|26/100|[from] Salt Cure
|upkeep
|turn|14
|
|t:|1758993568
|move|p1a: Garganacl|Protect|p1a: Garganacl
|-singleturn|p1a: Garganacl|Protect
|move|p2a: Mimikyu|Copycat||[still]
|-fail|p2a: Mimikyu
|
|-damage|p2a: Mimikyu|14/100|[from] Salt Cure
|upkeep
|turn|15
|
|t:|1758993578
|switch|p1a: Alomomola|Alomomola, M|100/100
|move|p2a: Mimikyu|Drain Punch|p1a: Alomomola
|-damage|p1a: Alomomola|68/100
|-heal|p2a: Mimikyu|48/100|[from] drain|[of] p1a: Alomomola
|
|-damage|p2a: Mimikyu|36/100|[from] Salt Cure
|upkeep
|turn|16
|
|t:|1758993589
|move|p2a: Mimikyu|Drain Punch|p1a: Alomomola
|-damage|p1a: Alomomola|34/100
|-heal|p2a: Mimikyu|72/100|[from] drain|[of] p1a: Alomomola
|move|p1a: Alomomola|Flip Turn|p2a: Mimikyu
|-damage|p2a: Mimikyu|46/100
|
|t:|1758993596
|switch|p1a: Garganacl|Garganacl, M|100/100|[from] Flip Turn
|
|-damage|p2a: Mimikyu|34/100|[from] Salt Cure
|upkeep
|turn|17
|
|t:|1758993605
|-terastallize|p1a: Garganacl|Water
|move|p2a: Mimikyu|Shadow Sneak|p1a: Garganacl
|-damage|p1a: Garganacl|85/100
|move|p1a: Garganacl|Salt Cure|p2a: Mimikyu
|-damage|p2a: Mimikyu|13/100
|
|-heal|p1a: Garganacl|92/100|[from] item: Leftovers
|-damage|p2a: Mimikyu|1/100|[from] Salt Cure
|upkeep
|turn|18
|
|t:|1758993613
|switch|p2a: Magneton|Magneton, tera:Ground|39/100
|move|p1a: Garganacl|Protect||[still]
|-fail|p1a: Garganacl
|
|-heal|p1a: Garganacl|98/100|[from] item: Leftovers
|upkeep
|turn|19
|
|t:|1758993620
|switch|p1a: Hoopa|Hoopa-Unbound|100/100
|move|p2a: Magneton|Thunderbolt|p1a: Hoopa
|-damage|p1a: Hoopa|76/100
|
|upkeep
|turn|20
|
|t:|1758993627
|switch|p2a: Mimikyu|Mimikyu-Busted, F|1/100
|move|p1a: Hoopa|Drain Punch|p2a: Mimikyu
|-immune|p2a: Mimikyu
|
|upkeep
|turn|21
|
|t:|1758993633
|move|p2a: Mimikyu|Shadow Sneak|p1a: Hoopa
|-damage|p1a: Hoopa|58/100
|move|p1a: Hoopa|Knock Off|p2a: Mimikyu
|-damage|p2a: Mimikyu|0 fnt
|faint|p2a: Mimikyu
|
|upkeep
|
|t:|1758993641
|switch|p2a: Fezandipiti|Fezandipiti, M|100/100
|turn|22
|
|t:|1758993644
|switch|p1a: Alomomola|Alomomola, M|67/100
|move|p2a: Fezandipiti|U-turn|p1a: Alomomola
|-damage|p1a: Alomomola|59/100
|
|t:|1758993658
|switch|p2a: Maushold|Maushold|100/100|[from] U-turn
|
|upkeep
|turn|23
|
|t:|1758993672
|switch|p1a: Dragapult|Dragapult, F|82/100
|move|p2a: Maushold|Tidy Up|p2a: Maushold
|-boost|p2a: Maushold|atk|1
|-boost|p2a: Maushold|spe|1
|
|-heal|p1a: Dragapult|88/100|[from] item: Leftovers
|upkeep
|turn|24
|
|t:|1758993678
|move|p2a: Maushold|Bite|p1a: Dragapult
|-supereffective|p1a: Dragapult
|-damage|p1a: Dragapult|1/100
|cant|p1a: Dragapult|flinch
|
|-heal|p1a: Dragapult|7/100|[from] item: Leftovers
|upkeep
|turn|25
|
|t:|1758993684
|switch|p1a: Weezing|Weezing-Galar, M|100/100
|-ability|p1a: Weezing|Neutralizing Gas
|move|p2a: Maushold|Bite|p1a: Weezing
|-resisted|p1a: Weezing
|-damage|p1a: Weezing|94/100
|
|-heal|p1a: Weezing|99/100|[from] item: Leftovers
|upkeep
|turn|26
|
|t:|1758993691
|move|p2a: Maushold|Population Bomb|p1a: Weezing
|-damage|p1a: Weezing|93/100
|-damage|p1a: Weezing|85/100
|-damage|p1a: Weezing|77/100
|-damage|p1a: Weezing|70/100
|-damage|p1a: Weezing|61/100
|-damage|p1a: Weezing|54/100
|-damage|p1a: Weezing|48/100
|-damage|p1a: Weezing|40/100
|-damage|p1a: Weezing|34/100
|-damage|p1a: Weezing|26/100
|-hitcount|p1a: Weezing|10
|move|p1a: Weezing|Pain Split|p2a: Maushold
|-sethp|p2a: Maushold|65/100|[from] move: Pain Split|[silent]
|-sethp|p1a: Weezing|57/100|[from] move: Pain Split
|
|-heal|p1a: Weezing|63/100|[from] item: Leftovers
|upkeep
|turn|27
|
|t:|1758993700
|move|p2a: Maushold|Population Bomb|p1a: Weezing
|-damage|p1a: Weezing|56/100
|-damage|p1a: Weezing|49/100
|-damage|p1a: Weezing|42/100
|-damage|p1a: Weezing|35/100
|-damage|p1a: Weezing|28/100
|-damage|p1a: Weezing|21/100
|-damage|p1a: Weezing|15/100
|-damage|p1a: Weezing|7/100
|-damage|p1a: Weezing|0 fnt
|faint|p1a: Weezing
|-end|p1a: Weezing|ability: Neutralizing Gas
|-hitcount|p1: Weezing|9
|
|upkeep
|
|t:|1758993706
|switch|p1a: Garganacl|Garganacl, M, tera:Water|98/100
|turn|28
|
|t:|1758993713
|move|p2a: Maushold|Population Bomb|p1a: Garganacl
|-damage|p1a: Garganacl|87/100
|-damage|p1a: Garganacl|77/100
|-damage|p1a: Garganacl|67/100
|-damage|p1a: Garganacl|55/100
|-damage|p1a: Garganacl|45/100
|-damage|p1a: Garganacl|34/100
|-damage|p1a: Garganacl|24/100
|-hitcount|p1a: Garganacl|7
|move|p1a: Garganacl|Salt Cure|p2a: Maushold
|-damage|p2a: Maushold|41/100
|-start|p2a: Maushold|Salt Cure
|
|-heal|p1a: Garganacl|30/100|[from] item: Leftovers
|-damage|p2a: Maushold|29/100|[from] Salt Cure
|upkeep
|turn|29
|
|t:|1758993723
|switch|p2a: Magneton|Magneton, tera:Ground|39/100
|move|p1a: Garganacl|Protect||[still]
|-fail|p1a: Garganacl
|
|-heal|p1a: Garganacl|36/100|[from] item: Leftovers
|upkeep
|turn|30
|
|t:|1758993731
|switch|p1a: Hoopa|Hoopa-Unbound|58/100
|move|p2a: Magneton|Thunderbolt|p1a: Hoopa
|-damage|p1a: Hoopa|34/100
|-status|p1a: Hoopa|par
|
|upkeep
|turn|31
|
|t:|1758993740
|move|p2a: Magneton|Volt Switch|p1a: Hoopa
|-damage|p1a: Hoopa|17/100 par
|
|t:|1758993746
|switch|p2a: Maushold|Maushold|29/100|[from] Volt Switch
|move|p1a: Hoopa|Drain Punch|p2a: Maushold
|-supereffective|p2a: Maushold
|-damage|p2a: Maushold|0 fnt
|-heal|p1a: Hoopa|28/100 par|[from] drain|[of] p2a: Maushold
|faint|p2a: Maushold
|
|upkeep
|
|t:|1758993749
|switch|p2a: Fezandipiti|Fezandipiti, M|100/100
|turn|32
|
|t:|1758993756
|switch|p1a: Alomomola|Alomomola, M|92/100
|move|p2a: Fezandipiti|U-turn|p1a: Alomomola
|-damage|p1a: Alomomola|84/100
|-status|p1a: Alomomola|tox|[from] ability: Toxic Chain|[of] p2a: Fezandipiti
|
|t:|1758993764
|switch|p2a: Rillaboom|Rillaboom, M|100/100|[from] U-turn
|-fieldstart|move: Grassy Terrain|[from] ability: Grassy Surge|[of] p2a: Rillaboom
|
|-heal|p1a: Alomomola|90/100 tox|[from] Grassy Terrain
|-damage|p1a: Alomomola|84/100 tox|[from] psn
|upkeep
|turn|33
|
|t:|1758993768
|move|p1a: Alomomola|Protect|p1a: Alomomola
|-singleturn|p1a: Alomomola|Protect
|move|p2a: Rillaboom|Taunt|p1a: Alomomola
|-activate|p1a: Alomomola|move: Protect
|
|-heal|p1a: Alomomola|90/100 tox|[from] Grassy Terrain
|-damage|p1a: Alomomola|77/100 tox|[from] psn
|upkeep
|turn|34
|
|t:|1758993778
|move|p2a: Rillaboom|Grassy Glide|p1a: Alomomola
|-supereffective|p1a: Alomomola
|-damage|p1a: Alomomola|31/100 tox
|move|p1a: Alomomola|Flip Turn|p2a: Rillaboom
|-resisted|p2a: Rillaboom
|-damage|p2a: Rillaboom|93/100
|
|t:|1758993784
|switch|p1a: Dragapult|Dragapult, F|7/100|[from] Flip Turn
|
|-heal|p1a: Dragapult|13/100|[from] Grassy Terrain
|-heal|p1a: Dragapult|19/100|[from] item: Leftovers
|-heal|p2a: Rillaboom|99/100|[from] Grassy Terrain
|-heal|p2a: Rillaboom|100/100|[from] item: Leftovers
|upkeep
|turn|35
|
|t:|1758993795
|move|p2a: Rillaboom|Grassy Glide|p1a: Dragapult
|-resisted|p1a: Dragapult
|-damage|p1a: Dragapult|0 fnt
|faint|p1a: Dragapult
|
|upkeep
|
|t:|1758993798
|switch|p1a: Garganacl|Garganacl, M, tera:Water|36/100
|turn|36
|-message|spin24tr forfeited.
|
|win|panzershock
|raw|spin24tr's rating: 1277 &rarr; <strong>1252</strong><br />(-25 for losing)
|raw|panzershock's rating: 1280 &rarr; <strong>1305</strong><br />(+25 for winning)
|l|☆spin24tr
|player|p1|
|l|☆panzershock
|player|p2|
