|j|☆Pasdejambon31
|j|‽LONDONNOMAD216
|t:|1759058324
|gametype|singles
|player|p1|Pasdejambon31|blaine|1282
|player|p2|LONDONNOMAD216|1|1287
|gen|9
|tier|[Gen 9] OU
|rated|
|rule|HP Percentage Mod: HP is shown in percentages
|rule|Endless Battle Clause: Forcing endless battles is banned
|rule|Species Clause: Limit one of each Pokémon
|rule|OHKO Clause: OHKO moves are banned
|rule|Evasion Items Clause: Evasion items are banned
|rule|Evasion Moves Clause: Evasion moves are banned
|rule|Evasion Abilities Clause: Evasion abilities are banned
|rule|Sleep Moves Clause: Sleep-inducing moves are banned
|clearpoke
|poke|p1|Dragonite, M|
|poke|p1|Clefable, F|
|poke|p1|Vileplume, F|
|poke|p1|Moltres|
|poke|p1|Tentacruel, F|
|poke|p1|Zapdos|
|poke|p2|Ting-Lu|
|poke|p2|Great Tusk|
|poke|p2|Raging Bolt|
|poke|p2|Gholdengo|
|poke|p2|Primarina, F|
|poke|p2|Kingambit, F|
|teampreview
|inactive|Battle timer is ON: inactive players will automatically lose when time's up. (requested by LONDONNOMAD216)
|
|t:|1759058345
|teamsize|p1|6
|teamsize|p2|6
|start
|switch|p1a: Clefable|Clefable, F|100/100
|switch|p2a: Gholdengo|Gholdengo|100/100
|-item|p2a: Gholdengo|Air Balloon
|turn|1
|
|t:|1759058351
|switch|p1a: Moltres|Moltres|100/100
|move|p2a: Gholdengo|Make It Rain|p1a: Moltres
|-resisted|p1a: Moltres
|-damage|p1a: Moltres|77/100
|-unboost|p2a: Gholdengo|spa|1
|
|upkeep
|turn|2
|
|t:|1759058363
|switch|p2a: Primarina|Primarina, F|100/100
|move|p1a: Moltres|U-turn|p2a: Primarina
|-resisted|p2a: Primarina
|-damage|p2a: Primarina|90/100
|
|t:|1759058371
|switch|p1a: Vileplume|Vileplume, F|100/100|[from] U-turn
|
|upkeep
|turn|3
|
|t:|1759058389
|switch|p2a: Great Tusk|Great Tusk|100/100
|move|p1a: Vileplume|Giga Drain|p2a: Great Tusk
|-supereffective|p2a: Great Tusk
|-damage|p2a: Great Tusk|11/100
|
|-heal|p2a: Great Tusk|17/100|[from] item: Leftovers
|upkeep
|turn|4
|
|t:|1759058413
|switch|p1a: Zapdos|Zapdos|100/100
|move|p2a: Great Tusk|Knock Off|p1a: Zapdos
|-damage|p1a: Zapdos|74/100
|-enditem|p1a: Zapdos|Heavy-Duty Boots|[from] move: Knock Off|[of] p2a: Great Tusk
|
|-heal|p2a: Great Tusk|24/100|[from] item: Leftovers
|upkeep
|turn|5
|
|t:|1759058426
|-end|p2a: Great Tusk|Protosynthesis|[silent]
|switch|p2a: Ting-Lu|Ting-Lu|100/100
|-ability|p2a: Ting-Lu|Vessel of Ruin
|move|p1a: Zapdos|Hurricane|p2a: Ting-Lu|[miss]
|-miss|p1a: Zapdos|p2a: Ting-Lu
|
|upkeep
|turn|6
|inactive|Pasdejambon31 has 120 seconds left.
|
|t:|1759058452
|switch|p1a: Tentacruel|Tentacruel, F|100/100
|move|p2a: Ting-Lu|Stealth Rock|p1a: Tentacruel
|-sidestart|p1: Pasdejambon31|move: Stealth Rock
|
|upkeep
|turn|7
|
|t:|1759058460
|move|p1a: Tentacruel|Rapid Spin|p2a: Ting-Lu
|-damage|p2a: Ting-Lu|95/100
|-boost|p1a: Tentacruel|spe|1
|-sideend|p1: Pasdejambon31|Stealth Rock|[from] move: Rapid Spin|[of] p1a: Tentacruel
|move|p2a: Ting-Lu|Earthquake|p1a: Tentacruel
|-supereffective|p1a: Tentacruel
|-damage|p1a: Tentacruel|8/100
|
|-heal|p1a: Tentacruel|14/100|[from] item: Leftovers
|-heal|p2a: Ting-Lu|100/100|[from] item: Leftovers
|upkeep
|turn|8
|
|t:|1759058474
|move|p1a: Tentacruel|Knock Off|p2a: Ting-Lu
|-resisted|p2a: Ting-Lu
|-damage|p2a: Ting-Lu|96/100
|-enditem|p2a: Ting-Lu|Leftovers|[from] move: Knock Off|[of] p1a: Tentacruel
|move|p2a: Ting-Lu|Earthquake|p1a: Tentacruel
|-supereffective|p1a: Tentacruel
|-damage|p1a: Tentacruel|0 fnt
|faint|p1a: Tentacruel
|
|upkeep
|
|t:|1759058482
|switch|p1a: Vileplume|Vileplume, F|100/100
|turn|9
|
|t:|1759058488
|move|p1a: Vileplume|Giga Drain|p2a: Ting-Lu
|-supereffective|p2a: Ting-Lu
|-damage|p2a: Ting-Lu|73/100
|move|p2a: Ting-Lu|Stealth Rock|p1a: Vileplume
|-sidestart|p1: Pasdejambon31|move: Stealth Rock
|
|upkeep
|turn|10
|
|t:|1759058494
|move|p1a: Vileplume|Leech Seed|p2a: Ting-Lu
|-start|p2a: Ting-Lu|move: Leech Seed
|move|p2a: Ting-Lu|Spikes|p1a: Vileplume
|-sidestart|p1: Pasdejambon31|Spikes
|
|-damage|p2a: Ting-Lu|61/100|[from] Leech Seed|[of] p1a: Vileplume
|upkeep
|turn|11
|
|t:|1759058505
|switch|p1a: Dragonite|Dragonite, M|100/100
|switch|p2a: Raging Bolt|Raging Bolt|100/100
|-enditem|p2a: Raging Bolt|Booster Energy
|-activate|p2a: Raging Bolt|ability: Protosynthesis|[fromitem]
|-start|p2a: Raging Bolt|protosynthesisspa
|
|upkeep
|turn|12
|
|t:|1759058517
|-terastallize|p1a: Dragonite|Normal
|move|p1a: Dragonite|Earthquake|p2a: Raging Bolt
|-supereffective|p2a: Raging Bolt
|-damage|p2a: Raging Bolt|39/100
|move|p2a: Raging Bolt|Dragon Pulse|p1a: Dragonite
|-damage|p1a: Dragonite|67/100
|
|upkeep
|turn|13
|
|t:|1759058528
|move|p2a: Raging Bolt|Thunderclap|p1a: Dragonite
|-damage|p1a: Dragonite|12/100
|move|p1a: Dragonite|Ice Spinner|p2a: Raging Bolt
|-supereffective|p2a: Raging Bolt
|-damage|p2a: Raging Bolt|0 fnt
|faint|p2a: Raging Bolt
|-end|p2a: Raging Bolt|Protosynthesis|[silent]
|
|upkeep
|
|t:|1759058541
|switch|p2a: Kingambit|Kingambit, F|100/100
|-activate|p2a: Kingambit|ability: Supreme Overlord
|-start|p2a: Kingambit|fallen1|[silent]
|turn|14
|
|t:|1759058548
|move|p1a: Dragonite|Dragon Dance|p1a: Dragonite
|-boost|p1a: Dragonite|atk|1
|-boost|p1a: Dragonite|spe|1
|move|p2a: Kingambit|Kowtow Cleave|p1a: Dragonite
|-damage|p1a: Dragonite|0 fnt
|faint|p1a: Dragonite
|
|upkeep
|
|t:|1759058554
|switch|p1a: Moltres|Moltres|77/100
|turn|15
|
|t:|1759058563
|-end|p2a: Kingambit|fallen1|[silent]
|switch|p2a: Primarina|Primarina, F|90/100
|move|p1a: Moltres|U-turn|p2a: Primarina
|-resisted|p2a: Primarina
|-crit|p2a: Primarina
|-damage|p2a: Primarina|75/100
|
|t:|1759058568
|switch|p1a: Zapdos|Zapdos|74/100|[from] U-turn
|-damage|p1a: Zapdos|50/100|[from] Stealth Rock
|
|upkeep
|turn|16
|
|t:|1759058577
|switch|p2a: Ting-Lu|Ting-Lu|61/100
|-ability|p2a: Ting-Lu|Vessel of Ruin
|move|p1a: Zapdos|Roost|p1a: Zapdos
|-heal|p1a: Zapdos|99/100
|-singleturn|p1a: Zapdos|move: Roost
|
|upkeep
|turn|17
|
|t:|1759058587
|switch|p1a: Clefable|Clefable, F|100/100
|-damage|p1a: Clefable|88/100|[from] Stealth Rock
|-damage|p1a: Clefable|76/100|[from] Spikes
|move|p2a: Ting-Lu|Spikes|p1a: Clefable
|-sidestart|p1: Pasdejambon31|Spikes
|
|-heal|p1a: Clefable|82/100|[from] item: Leftovers
|upkeep
|turn|18
|
|t:|1759058596
|move|p1a: Clefable|Calm Mind|p1a: Clefable
|-boost|p1a: Clefable|spa|1
|-boost|p1a: Clefable|spd|1
|move|p2a: Ting-Lu|Spikes|p1a: Clefable
|-sidestart|p1: Pasdejambon31|Spikes
|
|-heal|p1a: Clefable|88/100|[from] item: Leftovers
|upkeep
|turn|19
|
|t:|1759058603
|move|p1a: Clefable|Calm Mind|p1a: Clefable
|-boost|p1a: Clefable|spa|1
|-boost|p1a: Clefable|spd|1
|move|p2a: Ting-Lu|Whirlwind|p1a: Clefable
|drag|p1a: Zapdos|Zapdos|99/100
|-damage|p1a: Zapdos|75/100|[from] Stealth Rock
|
|upkeep
|turn|20
|
|t:|1759058616
|switch|p1a: Vileplume|Vileplume, F|100/100
|-damage|p1a: Vileplume|88/100|[from] Stealth Rock
|-damage|p1a: Vileplume|63/100|[from] Spikes
|switch|p2a: Kingambit|Kingambit, F|100/100
|-activate|p2a: Kingambit|ability: Supreme Overlord
|-start|p2a: Kingambit|fallen1|[silent]
|
|upkeep
|turn|21
|
|t:|1759058625
|move|p1a: Vileplume|Strength Sap|p2a: Kingambit
|-unboost|p2a: Kingambit|atk|1
|-heal|p1a: Vileplume|100/100
|move|p2a: Kingambit|Swords Dance|p2a: Kingambit
|-boost|p2a: Kingambit|atk|2
|
|upkeep
|turn|22
|
|t:|1759058632
|move|p2a: Kingambit|Swords Dance|p2a: Kingambit
|-boost|p2a: Kingambit|atk|2
|move|p1a: Vileplume|Leech Seed|p2a: Kingambit|[miss]
|-miss|p1a: Vileplume|p2a: Kingambit
|
|upkeep
|turn|23
|
|t:|1759058638
|switch|p1a: Clefable|Clefable, F|88/100
|-damage|p1a: Clefable|75/100|[from] Stealth Rock
|-damage|p1a: Clefable|50/100|[from] Spikes
|move|p2a: Kingambit|Kowtow Cleave|p1a: Clefable
|-resisted|p1a: Clefable
|-damage|p1a: Clefable|30/100
|
|-heal|p1a: Clefable|37/100|[from] item: Leftovers
|upkeep
|turn|24
|-message|Pasdejambon31 forfeited.
|
|win|LONDONNOMAD216
|raw|Pasdejambon31's rating: 1282 &rarr; <strong>1257</strong><br />(-25 for losing)
|raw|LONDONNOMAD216's rating: 1287 &rarr; <strong>1312</strong><br />(+25 for winning)
|l|☆Pasdejambon31
|player|p1|
|l|‽LONDONNOMAD216
|player|p2|
