|j|☆ancient faith
|j|☆CadenG18
|t:|1758953449
|gametype|singles
|player|p1|ancient faith|red-gen1main|1218
|player|p2|CadenG18|hilbert|1258
|gen|9
|tier|[Gen 9] OU
|rated|
|rule|HP Percentage Mod: HP is shown in percentages
|rule|Endless Battle Clause: Forcing endless battles is banned
|rule|Species Clause: Limit one of each Pokémon
|rule|OHKO Clause: OHKO moves are banned
|rule|Evasion Items Clause: Evasion items are banned
|rule|Evasion Moves Clause: Evasion moves are banned
|rule|Evasion Abilities Clause: Evasion abilities are banned
|rule|Sleep Moves Clause: Sleep-inducing moves are banned
|clearpoke
|poke|p1|Raging Bolt|
|poke|p1|Iron Treads|
|poke|p1|Ting-Lu|
|poke|p1|Gholdengo|
|poke|p1|Zamazenta-*|
|poke|p1|Tornadus-Therian, M|
|poke|p2|Greninja-*, M|
|poke|p2|Armarouge, F|
|poke|p2|Hydreigon, F|
|poke|p2|Kommo-o, M|
|poke|p2|Ceruledge, F|
|poke|p2|Tsareena, F|
|teampreview
|inactive|Battle timer is ON: inactive players will automatically lose when time's up. (requested by CadenG18)
|
|t:|1758953467
|teamsize|p1|6
|teamsize|p2|6
|start
|switch|p1a: Ting-Lu|Ting-Lu, shiny|100/100
|switch|p2a: Tsuyo-sa|Kommo-o, M|100/100
|-ability|p1a: Ting-Lu|Vessel of Ruin
|turn|1
|
|t:|1758953477
|move|p2a: Tsuyo-sa|Clangorous Soul|p2a: Tsuyo-sa
|-boost|p2a: Tsuyo-sa|atk|1
|-boost|p2a: Tsuyo-sa|def|1
|-boost|p2a: Tsuyo-sa|spa|1
|-boost|p2a: Tsuyo-sa|spd|1
|-boost|p2a: Tsuyo-sa|spe|1
|-damage|p2a: Tsuyo-sa|68/100
|move|p1a: Ting-Lu|Stealth Rock|p2a: Tsuyo-sa
|-sidestart|p2: CadenG18|move: Stealth Rock
|
|-heal|p2a: Tsuyo-sa|74/100|[from] item: Leftovers
|upkeep
|turn|2
|
|t:|1758953490
|move|p2a: Tsuyo-sa|Brick Break|p1a: Ting-Lu
|-supereffective|p1a: Ting-Lu
|-damage|p1a: Ting-Lu|45/100
|-enditem|p1a: Ting-Lu|Weakness Policy
|-boost|p1a: Ting-Lu|atk|2|[from] item: Weakness Policy
|-boost|p1a: Ting-Lu|spa|2|[from] item: Weakness Policy
|move|p1a: Ting-Lu|Earthquake|p2a: Tsuyo-sa
|-damage|p2a: Tsuyo-sa|17/100
|
|-heal|p2a: Tsuyo-sa|23/100|[from] item: Leftovers
|upkeep
|turn|3
|
|t:|1758953498
|move|p2a: Tsuyo-sa|Brick Break|p1a: Ting-Lu
|-supereffective|p1a: Ting-Lu
|-damage|p1a: Ting-Lu|0 fnt
|faint|p1a: Ting-Lu
|
|-heal|p2a: Tsuyo-sa|29/100|[from] item: Leftovers
|upkeep
|inactive|ancient faith has 120 seconds left.
|inactive|ancient faith has 90 seconds left.
|
|t:|1758953586
|switch|p1a: Iron Treads|Iron Treads, shiny|100/100
|-enditem|p1a: Iron Treads|Booster Energy
|-activate|p1a: Iron Treads|ability: Quark Drive|[fromitem]
|-start|p1a: Iron Treads|quarkdrivespe
|turn|4
|inactive|CadenG18 has 120 seconds left.
|
|t:|1758953641
|move|p1a: Iron Treads|Earthquake|p2a: Tsuyo-sa
|-damage|p2a: Tsuyo-sa|0 fnt
|faint|p2a: Tsuyo-sa
|
|upkeep
|inactive|CadenG18 has 90 seconds left.
|
|t:|1758953654
|switch|p2a: Cybele|Tsareena, F|100/100
|turn|5
|
|t:|1758953657
|move|p1a: Iron Treads|Ice Spinner|p2a: Cybele
|-supereffective|p2a: Cybele
|-damage|p2a: Cybele|48/100
|move|p2a: Cybele|Rapid Spin|p1a: Iron Treads
|-resisted|p1a: Iron Treads
|-damage|p1a: Iron Treads|92/100
|-boost|p2a: Cybele|spe|1
|-sideend|p2: CadenG18|Stealth Rock|[from] move: Rapid Spin|[of] p2a: Cybele
|
|upkeep
|turn|6
|
|t:|1758953666
|move|p1a: Iron Treads|Ice Spinner|p2a: Cybele
|-supereffective|p2a: Cybele
|-damage|p2a: Cybele|0 fnt
|faint|p2a: Cybele
|
|upkeep
|
|t:|1758953682
|switch|p2a: Soleia|Armarouge, F, shiny|100/100
|turn|7
|
|t:|1758953690
|move|p1a: Iron Treads|Earthquake|p2a: Soleia
|-supereffective|p2a: Soleia
|-damage|p2a: Soleia|15/100
|-ability|p2a: Soleia|Weak Armor|boost
|-unboost|p2a: Soleia|def|1
|-boost|p2a: Soleia|spe|2
|move|p2a: Soleia|Armor Cannon|p1a: Iron Treads
|-supereffective|p1a: Iron Treads
|-damage|p1a: Iron Treads|0 fnt
|-unboost|p2a: Soleia|def|1
|-unboost|p2a: Soleia|spd|1
|faint|p1a: Iron Treads
|-end|p1a: Iron Treads|Quark Drive|[silent]
|
|upkeep
|
|t:|1758953700
|switch|p1a: Zamazenta|Zamazenta, shiny|100/100
|-ability|p1a: Zamazenta|Dauntless Shield|boost
|-boost|p1a: Zamazenta|def|1
|turn|8
|inactive|ancient faith has 90 seconds left.
|inactive|CadenG18 has 90 seconds left.
|
|t:|1758953735
|move|p1a: Zamazenta|Crunch|p2a: Soleia
|-supereffective|p2a: Soleia
|-damage|p2a: Soleia|0 fnt
|faint|p2a: Soleia
|
|upkeep
|
|t:|1758953749
|switch|p2a: Megumi|Greninja, M, shiny|100/100
|turn|9
|
|t:|1758953774
|move|p1a: Zamazenta|Body Press|p2a: Megumi
|-supereffective|p2a: Megumi
|-damage|p2a: Megumi|0 fnt
|faint|p2a: Megumi
|
|upkeep
|
|t:|1758953779
|switch|p2a: Yamata|Hydreigon, F|100/100
|turn|10
|
|t:|1758953785
|move|p1a: Zamazenta|Body Press|p2a: Yamata
|-supereffective|p2a: Yamata
|-damage|p2a: Yamata|0 fnt
|faint|p2a: Yamata
|
|upkeep
|
|t:|1758953788
|switch|p2a: Cieri|Ceruledge, F, shiny|100/100
|turn|11
|inactive|CadenG18 has 90 seconds left.
|
|t:|1758953799
|move|p1a: Zamazenta|Iron Defense|p1a: Zamazenta
|-boost|p1a: Zamazenta|def|2
|move|p2a: Cieri|Swords Dance|p2a: Cieri
|-boost|p2a: Cieri|atk|2
|
|upkeep
|turn|12
|
|t:|1758953804
|move|p1a: Zamazenta|Iron Defense|p1a: Zamazenta
|-boost|p1a: Zamazenta|def|2
|move|p2a: Cieri|Swords Dance|p2a: Cieri
|-boost|p2a: Cieri|atk|2
|
|upkeep
|turn|13
|
|t:|1758953811
|-terastallize|p1a: Zamazenta|Fire
|move|p2a: Cieri|Shadow Sneak|p1a: Zamazenta
|-damage|p1a: Zamazenta|87/100
|move|p1a: Zamazenta|Crunch|p2a: Cieri
|-supereffective|p2a: Cieri
|-damage|p2a: Cieri|41/100
|-unboost|p2a: Cieri|def|1
|
|-heal|p1a: Zamazenta|93/100|[from] item: Leftovers
|upkeep
|turn|14
|
|t:|1758953823
|move|p1a: Zamazenta|Crunch|p2a: Cieri
|-supereffective|p2a: Cieri
|-damage|p2a: Cieri|0 fnt
|faint|p2a: Cieri
|
|win|ancient faith
|raw|ancient faith's rating: 1218 &rarr; <strong>1246</strong><br />(+28 for winning)
|raw|CadenG18's rating: 1258 &rarr; <strong>1230</strong><br />(-28 for losing)
