|j|☆I hate my pokemon.
|j|☆TapuTeao
|t:|1758960986
|gametype|singles
|player|p1|I hate my pokemon.|101|1560
|player|p2|TapuTeao|102|1629
|gen|9
|tier|[Gen 9] OU
|rated|
|rule|HP Percentage Mod: HP is shown in percentages
|rule|Endless Battle Clause: Forcing endless battles is banned
|rule|Species Clause: Limit one of each Pokémon
|rule|OHKO Clause: OHKO moves are banned
|rule|Evasion Items Clause: Evasion items are banned
|rule|Evasion Moves Clause: Evasion moves are banned
|rule|Evasion Abilities Clause: Evasion abilities are banned
|rule|Sleep Moves Clause: Sleep-inducing moves are banned
|clearpoke
|poke|p1|Garganacl, M|
|poke|p1|Dragonite, F|
|poke|p1|Zamazenta-*|
|poke|p1|Iron Treads|
|poke|p1|Zapdos|
|poke|p1|Primarina, M|
|poke|p2|Necrozma|
|poke|p2|Kingambit, M|
|poke|p2|Samurott-Hisui, F|
|poke|p2|Iron Treads|
|poke|p2|Pecharunt|
|poke|p2|Enamorus, F|
|teampreview
|
|t:|1758961001
|teamsize|p1|6
|teamsize|p2|6
|start
|switch|p1a: Birb|Zapdos|100/100
|switch|p2a: Necrozma|Necrozma|100/100
|turn|1
|inactive|Battle timer is ON: inactive players will automatically lose when time's up. (requested by TapuTeao)
|
|t:|1758961012
|move|p1a: Birb|Volt Switch|p2a: Necrozma
|-damage|p2a: Necrozma|54/100
|
|t:|1758961020
|switch|p1a: Prima balls|Primarina, M|100/100|[from] Volt Switch
|move|p2a: Necrozma|Photon Geyser|p1a: Prima balls
|-damage|p1a: Prima balls|68/100
|
|upkeep
|turn|2
|
|t:|1758961034
|move|p2a: Necrozma|Photon Geyser|p1a: Prima balls
|-damage|p1a: Prima balls|35/100
|move|p1a: Prima balls|Shadow Ball|p2a: Necrozma
|-supereffective|p2a: Necrozma
|-damage|p2a: Necrozma|11/100
|
|upkeep
|turn|3
|
|t:|1758961042
|move|p2a: Necrozma|Photon Geyser|p1a: Prima balls
|-damage|p1a: Prima balls|6/100
|move|p1a: Prima balls|Moonblast|p2a: Necrozma
|-damage|p2a: Necrozma|0 fnt
|faint|p2a: Necrozma
|
|upkeep
|
|t:|1758961053
|switch|p2a: Enamorus|Enamorus, F|100/100
|turn|4
|
|t:|1758961057
|-terastallize|p2a: Enamorus|Stellar
|move|p2a: Enamorus|Tera Blast|p1a: Prima balls|[anim] Tera Blast Stellar
|-damage|p1a: Prima balls|0 fnt
|-boost|p2a: Enamorus|atk|1
|-boost|p2a: Enamorus|spa|1
|faint|p1a: Prima balls
|
|upkeep
|
|t:|1758961078
|switch|p1a: Birb|Zapdos|100/100
|turn|5
|
|t:|1758961091
|switch|p2a: Iron Treads|Iron Treads|100/100
|move|p1a: Birb|Thunderbolt|p2a: Iron Treads
|-immune|p2a: Iron Treads
|
|upkeep
|turn|6
|
|t:|1758961109
|switch|p1a: Worse tusk|Iron Treads|100/100
|move|p2a: Iron Treads|Volt Switch|p1a: Worse tusk
|-immune|p1a: Worse tusk
|
|upkeep
|turn|7
|
|t:|1758961121
|move|p2a: Iron Treads|Earthquake|p1a: Worse tusk
|-supereffective|p1a: Worse tusk
|-damage|p1a: Worse tusk|21/100
|move|p1a: Worse tusk|Knock Off|p2a: Iron Treads
|-damage|p2a: Iron Treads|75/100
|-enditem|p2a: Iron Treads|Assault Vest|[from] move: Knock Off|[of] p1a: Worse tusk
|
|upkeep
|turn|8
|
|t:|1758961128
|move|p1a: Worse tusk|Earthquake|p2a: Iron Treads
|-supereffective|p2a: Iron Treads
|-crit|p2a: Iron Treads
|-damage|p2a: Iron Treads|0 fnt
|faint|p2a: Iron Treads
|-end|p2a: Iron Treads|Quark Drive|[silent]
|
|upkeep
|-message|TapuTeao forfeited.
|
|win|I hate my pokemon.
|raw|I hate my pokemon.'s rating: 1560 &rarr; <strong>1584</strong><br />(+24 for winning)
|raw|TapuTeao's rating: 1629 &rarr; <strong>1605</strong><br />(-24 for losing)
|l|☆TapuTeao
|player|p2|
|j| LaNoisette
|l| LaNoisette
|l|☆I hate my pokemon.
|player|p1|
