|j|☆4arms67
|j|☆rivnarrex2
|t:|1758919784
|gametype|singles
|player|p1|4arms67|170|1473
|player|p2|rivnarrex2|benga|1581
|gen|9
|tier|[Gen 9] OU
|rated|
|rule|HP Percentage Mod: HP is shown in percentages
|rule|Endless Battle Clause: Forcing endless battles is banned
|rule|Species Clause: Limit one of each Pokémon
|rule|OHKO Clause: OHKO moves are banned
|rule|Evasion Items Clause: Evasion items are banned
|rule|Evasion Moves Clause: Evasion moves are banned
|rule|Evasion Abilities Clause: Evasion abilities are banned
|rule|Sleep Moves Clause: Sleep-inducing moves are banned
|clearpoke
|poke|p1|Landorus-Therian, M|
|poke|p1|Dragapult, M|
|poke|p1|Samurott-Hisui, F|
|poke|p1|Scizor, F|
|poke|p1|Cinderace, F|
|poke|p1|Gallade, M|
|poke|p2|Gholdengo|
|poke|p2|Iron Treads|
|poke|p2|Moltres|
|poke|p2|Samurott-Hisui, M|
|poke|p2|Sinistcha|
|poke|p2|Ting-Lu|
|teampreview
|inactive|Battle timer is ON: inactive players will automatically lose when time's up. (requested by rivnarrex2)
|
|t:|1758919794
|teamsize|p1|6
|teamsize|p2|6
|start
|switch|p1a: Cinderace|Cinderace, F|100/100
|switch|p2a: Samurott|Samurott-Hisui, M|100/100
|turn|1
|
|t:|1758919799
|move|p2a: Samurott|Razor Shell|p1a: Cinderace
|-supereffective|p1a: Cinderace
|-damage|p1a: Cinderace|0 fnt
|faint|p1a: Cinderace
|
|upkeep
|
|t:|1758919804
|switch|p1a: Landorus|Landorus-Therian, M|100/100
|-ability|p1a: Landorus|Intimidate|boost
|-unboost|p2a: Samurott|atk|1
|turn|2
|
|t:|1758919808
|switch|p1a: Samurott|Samurott-Hisui, F|100/100
|move|p2a: Samurott|Razor Shell|p1a: Samurott
|-resisted|p1a: Samurott
|-damage|p1a: Samurott|83/100
|-unboost|p1a: Samurott|def|1
|
|upkeep
|turn|3
|
|t:|1758919818
|switch|p2a: Ting-Lu|Ting-Lu|100/100
|-ability|p2a: Ting-Lu|Vessel of Ruin
|move|p1a: Samurott|Flip Turn|p2a: Ting-Lu
|-supereffective|p2a: Ting-Lu
|-damage|p2a: Ting-Lu|63/100
|
|t:|1758919821
|switch|p1a: Gallade|Gallade, M|100/100|[from] Flip Turn
|
|-heal|p2a: Ting-Lu|69/100|[from] item: Leftovers
|upkeep
|turn|4
|
|t:|1758919841
|switch|p2a: Sinistcha|Sinistcha|100/100
|move|p1a: Gallade|Leaf Blade|p2a: Sinistcha
|-resisted|p2a: Sinistcha
|-damage|p2a: Sinistcha|86/100
|
|upkeep
|turn|5
|
|t:|1758919859
|switch|p1a: Scizor|Scizor, F|100/100
|move|p2a: Sinistcha|Matcha Gotcha|p1a: Scizor
|-resisted|p1a: Scizor
|-damage|p1a: Scizor|90/100
|-heal|p2a: Sinistcha|91/100|[from] drain|[of] p1a: Scizor
|
|upkeep
|turn|6
|
|t:|1758919865
|switch|p2a: Moltres|Moltres|100/100
|move|p1a: Scizor|Dual Wingbeat|p2a: Moltres
|-damage|p2a: Moltres|78/100
|-damage|p2a: Moltres|52/100
|-hitcount|p2a: Moltres|2
|
|upkeep
|turn|7
|
|t:|1758919869
|switch|p1a: Samurott|Samurott-Hisui, F|83/100
|move|p2a: Moltres|Roost|p2a: Moltres
|-heal|p2a: Moltres|100/100
|-singleturn|p2a: Moltres|move: Roost
|
|upkeep
|turn|8
|
|t:|1758919875
|move|p1a: Samurott|Ceaseless Edge|p2a: Moltres
|-damage|p2a: Moltres|61/100
|-sidestart|p2: rivnarrex2|Spikes
|move|p2a: Moltres|U-turn|p1a: Samurott
|-supereffective|p1a: Samurott
|-damage|p1a: Samurott|50/100
|
|t:|1758919882
|switch|p2a: Samurott|Samurott-Hisui, M|100/100|[from] U-turn
|-damage|p2a: Samurott|88/100|[from] Spikes
|
|upkeep
|turn|9
|
|t:|1758919886
|switch|p1a: Landorus|Landorus-Therian, M|100/100
|-ability|p1a: Landorus|Intimidate|boost
|-unboost|p2a: Samurott|atk|1
|move|p2a: Samurott|Ceaseless Edge|p1a: Landorus
|-damage|p1a: Landorus|72/100
|-sidestart|p1: 4arms67|Spikes
|
|upkeep
|turn|10
|
|t:|1758919893
|switch|p2a: Moltres|Moltres|61/100
|move|p1a: Landorus|Stone Edge|p2a: Moltres|[miss]
|-miss|p1a: Landorus|p2a: Moltres
|
|upkeep
|turn|11
|
|t:|1758919898
|switch|p2a: Iron Treads|Iron Treads|100/100
|-damage|p2a: Iron Treads|88/100|[from] Spikes
|move|p1a: Landorus|Stone Edge|p2a: Iron Treads
|-resisted|p2a: Iron Treads
|-damage|p2a: Iron Treads|77/100
|
|upkeep
|turn|12
|
|t:|1758919905
|switch|p1a: Samurott|Samurott-Hisui, F|50/100
|-damage|p1a: Samurott|38/100|[from] Spikes
|move|p2a: Iron Treads|Ice Spinner|p1a: Samurott
|-resisted|p1a: Samurott
|-damage|p1a: Samurott|24/100
|
|upkeep
|turn|13
|
|t:|1758919918
|move|p2a: Iron Treads|Earthquake|p1a: Samurott
|-damage|p1a: Samurott|0 fnt
|faint|p1a: Samurott
|
|upkeep
|
|t:|1758919926
|switch|p1a: Landorus|Landorus-Therian, M|72/100
|-ability|p1a: Landorus|Intimidate|boost
|-fail|p2a: Iron Treads|unboost|[from] item: Clear Amulet|[of] p2a: Iron Treads
|turn|14
|
|t:|1758919934
|-end|p2a: Iron Treads|Quark Drive|[silent]
|switch|p2a: Sinistcha|Sinistcha|91/100
|move|p1a: Landorus|U-turn|p2a: Sinistcha
|-damage|p2a: Sinistcha|66/100
|
|t:|1758919937
|switch|p1a: Dragapult|Dragapult, M|100/100|[from] U-turn
|-damage|p1a: Dragapult|88/100|[from] Spikes
|
|upkeep
|turn|15
|
|t:|1758919941
|switch|p2a: Ting-Lu|Ting-Lu|69/100
|-damage|p2a: Ting-Lu|57/100|[from] Spikes
|-ability|p2a: Ting-Lu|Vessel of Ruin
|move|p1a: Dragapult|Dragon Darts|p2a: Ting-Lu
|-damage|p2a: Ting-Lu|37/100
|-anim|p1a: Dragapult|Dragon Darts|p2a: Ting-Lu
|-damage|p2a: Ting-Lu|16/100
|
|-heal|p2a: Ting-Lu|22/100|[from] item: Leftovers
|upkeep
|turn|16
|
|t:|1758919953
|move|p1a: Dragapult|Dragon Darts|p2a: Ting-Lu
|-damage|p2a: Ting-Lu|1/100
|-anim|p1a: Dragapult|Dragon Darts|p2a: Ting-Lu
|-damage|p2a: Ting-Lu|0 fnt
|faint|p2a: Ting-Lu
|
|upkeep
|
|t:|1758919956
|switch|p2a: Moltres|Moltres|61/100
|turn|17
|
|t:|1758919968
|-terastallize|p2a: Moltres|Fairy
|move|p1a: Dragapult|Dragon Darts|p2a: Moltres
|-immune|p2a: Moltres
|move|p2a: Moltres|Will-O-Wisp|p1a: Dragapult
|-status|p1a: Dragapult|brn
|
|-damage|p1a: Dragapult|82/100 brn|[from] brn
|upkeep
|turn|18
|
|t:|1758919976
|switch|p1a: Landorus|Landorus-Therian, M|72/100
|-ability|p1a: Landorus|Intimidate|boost
|-unboost|p2a: Moltres|atk|1
|move|p2a: Moltres|Will-O-Wisp|p1a: Landorus
|-status|p1a: Landorus|brn
|
|-damage|p1a: Landorus|66/100 brn|[from] brn
|upkeep
|turn|19
|
|t:|1758919984
|move|p1a: Landorus|Earthquake|p2a: Moltres
|-damage|p2a: Moltres|36/100
|move|p2a: Moltres|Roost|p2a: Moltres
|-heal|p2a: Moltres|86/100
|
|-damage|p1a: Landorus|60/100 brn|[from] brn
|upkeep
|turn|20
|
|t:|1758919990
|move|p1a: Landorus|Earthquake|p2a: Moltres
|-crit|p2a: Moltres
|-damage|p2a: Moltres|49/100
|move|p2a: Moltres|Will-O-Wisp|p1a: Landorus
|-fail|p1a: Landorus|brn
|
|-damage|p1a: Landorus|54/100 brn|[from] brn
|upkeep
|turn|21
|
|t:|1758919994
|switch|p1a: Scizor|Scizor, F|90/100
|-damage|p1a: Scizor|78/100|[from] Spikes
|move|p2a: Moltres|Will-O-Wisp|p1a: Scizor
|-status|p1a: Scizor|brn
|
|-damage|p1a: Scizor|72/100 brn|[from] brn
|upkeep
|turn|22
|-message|4arms67 forfeited.
|
|win|rivnarrex2
|raw|4arms67's rating: 1473 &rarr; <strong>1459</strong><br />(-14 for losing)
|raw|rivnarrex2's rating: 1581 &rarr; <strong>1595</strong><br />(+14 for winning)
|l|☆4arms67
|player|p1|
|l|☆rivnarrex2
|player|p2|
