|j|☆ray masher
|j|☆contrast101
|t:|1758987257
|gametype|singles
|player|p1|ray masher|benga|1187
|player|p2|contrast101|102|1153
|gen|9
|tier|[Gen 9] OU
|rated|
|rule|HP Percentage Mod: HP is shown in percentages
|rule|Endless Battle Clause: Forcing endless battles is banned
|rule|Species Clause: Limit one of each Pokémon
|rule|OHKO Clause: OHKO moves are banned
|rule|Evasion Items Clause: Evasion items are banned
|rule|Evasion Moves Clause: Evasion moves are banned
|rule|Evasion Abilities Clause: Evasion abilities are banned
|rule|Sleep Moves Clause: Sleep-inducing moves are banned
|clearpoke
|poke|p1|Ursaluna, F|
|poke|p1|Zoroark-Hisui, M|
|poke|p1|Noctowl, F|
|poke|p1|Cinccino, F|
|poke|p1|Porygon-Z|
|poke|p1|Cyclizar, F|
|poke|p2|Typhlosion-Hisui, F|
|poke|p2|Corviknight, F|
|poke|p2|Ninetales-Alola, M|
|poke|p2|Moltres-Galar|
|poke|p2|Garchomp, F|
|poke|p2|Wo-Chien|
|teampreview
|inactive|Battle timer is ON: inactive players will automatically lose when time's up. (requested by ray masher)
|
|t:|1758987261
|teamsize|p1|6
|teamsize|p2|6
|start
|switch|p1a: Ursaluna|Ursaluna, F|100/100
|switch|p2a: Moltres|Moltres-Galar|100/100
|turn|1
|
|t:|1758987267
|move|p2a: Moltres|Substitute|p2a: Moltres
|-start|p2a: Moltres|Substitute
|-damage|p2a: Moltres|76/100
|move|p1a: Ursaluna|Trailblaze|p2a: Moltres
|-resisted|p2a: Moltres
|-activate|p2a: Moltres|move: Substitute|[damage]
|-boost|p1a: Ursaluna|spe|1
|
|-status|p1a: Ursaluna|brn|[from] item: Flame Orb
|upkeep
|turn|2
|
|t:|1758987285
|move|p1a: Ursaluna|Facade|p2a: Moltres
|-end|p2a: Moltres|Substitute
|move|p2a: Moltres|Air Slash|p1a: Ursaluna
|-damage|p1a: Ursaluna|64/100 brn
|
|-damage|p1a: Ursaluna|57/100 brn|[from] brn
|upkeep
|turn|3
|
|t:|1758987295
|move|p1a: Ursaluna|Facade|p2a: Moltres
|-damage|p2a: Moltres|0 fnt
|faint|p2a: Moltres
|
|-damage|p1a: Ursaluna|51/100 brn|[from] brn
|upkeep
|
|t:|1758987307
|switch|p2a: Typhlosion|Typhlosion-Hisui, F|100/100
|turn|4
|
|t:|1758987312
|move|p1a: Ursaluna|Earthquake|p2a: Typhlosion
|-supereffective|p2a: Typhlosion
|-damage|p2a: Typhlosion|0 fnt
|faint|p2a: Typhlosion
|
|-damage|p1a: Ursaluna|45/100 brn|[from] brn
|upkeep
|
|t:|1758987318
|switch|p2a: Corviknight|Corviknight, F|100/100
|turn|5
|
|t:|1758987321
|move|p1a: Ursaluna|Swords Dance|p1a: Ursaluna
|-boost|p1a: Ursaluna|atk|2
|move|p2a: Corviknight|Body Press|p1a: Ursaluna
|-supereffective|p1a: Ursaluna
|-damage|p1a: Ursaluna|8/100 brn
|
|-damage|p1a: Ursaluna|2/100 brn|[from] brn
|upkeep
|turn|6
|
|t:|1758987329
|move|p1a: Ursaluna|Facade|p2a: Corviknight
|-resisted|p2a: Corviknight
|-damage|p2a: Corviknight|5/100
|move|p2a: Corviknight|Roost|p2a: Corviknight
|-heal|p2a: Corviknight|55/100
|-singleturn|p2a: Corviknight|move: Roost
|
|-heal|p2a: Corviknight|61/100|[from] item: Leftovers
|-damage|p1a: Ursaluna|0 fnt|[from] brn
|faint|p1a: Ursaluna
|upkeep
|
|t:|1758987339
|switch|p1a: Noctowl|Noctowl, F|100/100
|turn|7
|
|t:|1758987347
|move|p1a: Noctowl|Bitter Malice|p2a: Corviknight
|-damage|p2a: Corviknight|35/100
|-ability|p2a: Corviknight|Mirror Armor
|-unboost|p1a: Noctowl|atk|1
|move|p2a: Corviknight|Bulk Up|p2a: Corviknight
|-boost|p2a: Corviknight|atk|1
|-boost|p2a: Corviknight|def|1
|
|-heal|p2a: Corviknight|41/100|[from] item: Leftovers
|upkeep
|turn|8
|
|t:|1758987358
|move|p1a: Noctowl|Nasty Plot|p1a: Noctowl
|-boost|p1a: Noctowl|spa|2
|move|p2a: Corviknight|Roost|p2a: Corviknight
|-heal|p2a: Corviknight|91/100
|-singleturn|p2a: Corviknight|move: Roost
|
|-heal|p2a: Corviknight|97/100|[from] item: Leftovers
|upkeep
|turn|9
|
|t:|1758987370
|move|p1a: Noctowl|Hyper Voice|p2a: Corviknight
|-resisted|p2a: Corviknight
|-damage|p2a: Corviknight|65/100
|-enditem|p1a: Noctowl|Throat Spray
|-boost|p1a: Noctowl|spa|1|[from] item: Throat Spray
|move|p2a: Corviknight|Brave Bird|p1a: Noctowl
|-damage|p1a: Noctowl|0 fnt
|replace|p1a: Zoroark|Zoroark-Hisui, M
|-end|p1a: Zoroark|Illusion
|faint|p1a: Zoroark
|-damage|p2a: Corviknight|43/100|[from] Recoil
|
|-heal|p2a: Corviknight|49/100|[from] item: Leftovers
|upkeep
|
|t:|1758987381
|switch|p1a: Noctowl|Noctowl, F|100/100
|turn|10
|
|t:|1758987385
|move|p1a: Noctowl|Heat Wave|p2a: Corviknight
|-supereffective|p2a: Corviknight
|-damage|p2a: Corviknight|5/100
|move|p2a: Corviknight|Roost|p2a: Corviknight
|-heal|p2a: Corviknight|55/100
|-singleturn|p2a: Corviknight|move: Roost
|
|-heal|p2a: Corviknight|61/100|[from] item: Leftovers
|upkeep
|turn|11
|
|t:|1758987404
|move|p1a: Noctowl|Nasty Plot|p1a: Noctowl
|-boost|p1a: Noctowl|spa|2
|move|p2a: Corviknight|Brave Bird|p1a: Noctowl
|-damage|p1a: Noctowl|15/100
|-damage|p2a: Corviknight|31/100|[from] Recoil
|
|-heal|p1a: Noctowl|21/100|[from] item: Leftovers
|-heal|p2a: Corviknight|37/100|[from] item: Leftovers
|upkeep
|turn|12
|
|t:|1758987414
|-terastallize|p2a: Corviknight|Flying
|move|p1a: Noctowl|Heat Wave|p2a: Corviknight
|-damage|p2a: Corviknight|0 fnt
|faint|p2a: Corviknight
|
|-heal|p1a: Noctowl|27/100|[from] item: Leftovers
|upkeep
|
|t:|1758987423
|switch|p2a: Ninetales|Ninetales-Alola, M|100/100
|-weather|Snowscape|[from] ability: Snow Warning|[of] p2a: Ninetales
|turn|13
|
|t:|1758987428
|move|p2a: Ninetales|Blizzard|p1a: Noctowl
|-supereffective|p1a: Noctowl
|-damage|p1a: Noctowl|0 fnt
|faint|p1a: Noctowl
|
|-weather|Snowscape|[upkeep]
|upkeep
|
|t:|1758987435
|switch|p1a: Porygon-Z|Porygon-Z|100/100
|turn|14
|
|t:|1758987439
|move|p2a: Ninetales|Nasty Plot|p2a: Ninetales
|-boost|p2a: Ninetales|spa|2
|move|p1a: Porygon-Z|Nasty Plot|p1a: Porygon-Z
|-boost|p1a: Porygon-Z|spa|2
|
|-weather|Snowscape|[upkeep]
|upkeep
|turn|15
|
|t:|1758987446
|move|p2a: Ninetales|Blizzard|p1a: Porygon-Z
|-damage|p1a: Porygon-Z|0 fnt
|faint|p1a: Porygon-Z
|
|-weather|Snowscape|[upkeep]
|upkeep
|
|t:|1758987451
|switch|p1a: Cinccino|Cinccino, F|100/100
|turn|16
|
|t:|1758987458
|-terastallize|p1a: Cinccino|Normal
|move|p1a: Cinccino|Tail Slap|p2a: Ninetales
|-damage|p2a: Ninetales|78/100
|-damage|p2a: Ninetales|58/100
|-damage|p2a: Ninetales|36/100
|-damage|p2a: Ninetales|15/100
|-hitcount|p2a: Ninetales|4
|move|p2a: Ninetales|Blizzard|p1a: Cinccino
|-damage|p1a: Cinccino|0 fnt
|faint|p1a: Cinccino
|
|-weather|Snowscape|[upkeep]
|upkeep
|
|t:|1758987468
|switch|p1a: Cyclizar|Cyclizar, F|100/100
|turn|17
|
|t:|1758987473
|move|p2a: Ninetales|Blizzard|p1a: Cyclizar
|-supereffective|p1a: Cyclizar
|-damage|p1a: Cyclizar|0 fnt
|faint|p1a: Cyclizar
|
|win|contrast101
|raw|ray masher's rating: 1187 &rarr; <strong>1160</strong><br />(-27 for losing)
|raw|contrast101's rating: 1153 &rarr; <strong>1180</strong><br />(+27 for winning)
|l|☆ray masher
|player|p1|
|l|☆contrast101
|player|p2|
