|j|☆suprya
|j|‽Hunter_of_Keys
|t:|1758929209
|gametype|singles
|player|p1|suprya|preschooler|1658
|player|p2|Hunter_of_Keys|veteran|1625
|gen|9
|tier|[Gen 9] OU
|rated|
|rule|HP Percentage Mod: HP is shown in percentages
|rule|Endless Battle Clause: Forcing endless battles is banned
|rule|Species Clause: Limit one of each Pokémon
|rule|OHKO Clause: OHKO moves are banned
|rule|Evasion Items Clause: Evasion items are banned
|rule|Evasion Moves Clause: Evasion moves are banned
|rule|Evasion Abilities Clause: Evasion abilities are banned
|rule|Sleep Moves Clause: Sleep-inducing moves are banned
|clearpoke
|poke|p1|Jolteon, F|
|poke|p1|Dragapult, M|
|poke|p1|Alomomola, F|
|poke|p1|Incineroar, F|
|poke|p1|Corviknight, F|
|poke|p1|Garchomp, F|
|poke|p2|Espeon, M|
|poke|p2|Indeedee, M|
|poke|p2|Armarouge, F|
|poke|p2|Gallade, M|
|poke|p2|Cresselia, F|
|poke|p2|Rabsca, M|
|teampreview
|inactive|Battle timer is ON: inactive players will automatically lose when time's up. (requested by suprya)
|inactive|Hunter_of_Keys also wants the timer to be on.
|
|t:|1758929220
|teamsize|p1|6
|teamsize|p2|6
|start
|switch|p1a: Incineroar|Incineroar, F|100/100
|switch|p2a: Indeedee|Indeedee, M|100/100
|-fieldstart|move: Psychic Terrain|[from] ability: Psychic Surge|[of] p2a: Indeedee
|-ability|p1a: Incineroar|Intimidate|boost
|-unboost|p2a: Indeedee|atk|1
|turn|1
|
|t:|1758929224
|switch|p2a: Cresselia|Cresselia, F|100/100
|move|p1a: Incineroar|Knock Off|p2a: Cresselia
|-supereffective|p2a: Cresselia
|-damage|p2a: Cresselia|58/100
|-damage|p1a: Incineroar|84/100|[from] item: Rocky Helmet|[of] p2a: Cresselia
|-enditem|p2a: Cresselia|Rocky Helmet|[from] move: Knock Off|[of] p1a: Incineroar
|
|upkeep
|turn|2
|
|t:|1758929231
|move|p2a: Cresselia|Thunder Wave|p1a: Incineroar
|-status|p1a: Incineroar|par
|cant|p1a: Incineroar|par
|
|upkeep
|turn|3
|
|t:|1758929240
|move|p2a: Cresselia|Lunar Dance|p2a: Cresselia
|faint|p2a: Cresselia
|move|p1a: Incineroar|Parting Shot|p2: Cresselia|[notarget]
|-fail|p1a: Incineroar
|
|upkeep
|
|t:|1758929244
|switch|p2a: Gallade|Gallade, M|100/100
|turn|4
|
|t:|1758929253
|switch|p1a: Garchomp|Garchomp, F|100/100
|move|p2a: Gallade|Sacred Sword|p1a: Garchomp
|-damage|p1a: Garchomp|55/100
|-damage|p2a: Gallade|88/100|[from] ability: Rough Skin|[of] p1a: Garchomp
|-damage|p2a: Gallade|72/100|[from] item: Rocky Helmet|[of] p1a: Garchomp
|
|upkeep
|turn|5
|
|t:|1758929262
|switch|p1a: Incineroar|Incineroar, F|84/100 par
|-ability|p1a: Incineroar|Intimidate|boost
|-unboost|p2a: Gallade|atk|1
|move|p2a: Gallade|Ice Punch|p1a: Incineroar
|-resisted|p1a: Incineroar
|-damage|p1a: Incineroar|75/100 par
|
|upkeep
|turn|6
|
|t:|1758929271
|switch|p1a: Garchomp|Garchomp, F|55/100
|move|p2a: Gallade|Sacred Sword|p1a: Garchomp
|-damage|p1a: Garchomp|23/100
|-damage|p2a: Gallade|59/100|[from] ability: Rough Skin|[of] p1a: Garchomp
|-damage|p2a: Gallade|43/100|[from] item: Rocky Helmet|[of] p1a: Garchomp
|
|upkeep
|turn|7
|
|t:|1758929285
|switch|p2a: Espeon|Espeon, M|100/100
|switch|p1a: Alomomola|Alomomola, F|100/100
|
|upkeep
|turn|8
|
|t:|1758929289
|move|p1a: Alomomola|Protect|p1a: Alomomola
|-singleturn|p1a: Alomomola|Protect
|move|p2a: Espeon|Thunder Wave|p1a: Alomomola
|-activate|p1a: Alomomola|move: Protect
|
|-fieldend|move: Psychic Terrain
|upkeep
|turn|9
|
|t:|1758929294
|move|p2a: Espeon|Psychic Noise|p1a: Alomomola
|-damage|p1a: Alomomola|73/100
|-start|p1a: Alomomola|move: Heal Block
|move|p1a: Alomomola|Flip Turn|p2a: Espeon
|-damage|p2a: Espeon|83/100
|
|t:|1758929307
|switch|p1a: Incineroar|Incineroar, F|75/100 par|[from] Flip Turn
|-ability|p1a: Incineroar|Intimidate|boost
|-unboost|p2a: Espeon|atk|1
|
|upkeep
|turn|10
|
|t:|1758929310
|move|p2a: Espeon|Alluring Voice|p1a: Incineroar
|-damage|p1a: Incineroar|59/100 par
|move|p1a: Incineroar|Knock Off|p2a: Espeon
|-supereffective|p2a: Espeon
|-damage|p2a: Espeon|9/100
|-enditem|p2a: Espeon|Ability Shield|[from] move: Knock Off|[of] p1a: Incineroar
|
|upkeep
|turn|11
|
|t:|1758929317
|move|p2a: Espeon|Alluring Voice|p1a: Incineroar
|-damage|p1a: Incineroar|44/100 par
|move|p1a: Incineroar|Parting Shot|p2a: Espeon
|move|p2a: Espeon|Parting Shot|p1a: Incineroar|[from] ability: Magic Bounce
|-unboost|p1a: Incineroar|atk|1
|-unboost|p1a: Incineroar|spa|1
|
|t:|1758929322
|switch|p2a: Gallade|Gallade, M|43/100|[from] Parting Shot
|-heal|p2a: Gallade|100/100|[from] move: Lunar Dance
|
|upkeep
|turn|12
|
|t:|1758929329
|switch|p1a: Alomomola|Alomomola, F|100/100
|move|p2a: Gallade|Sacred Sword|p1a: Alomomola
|-damage|p1a: Alomomola|49/100
|
|upkeep
|turn|13
|
|t:|1758929345
|switch|p2a: Indeedee|Indeedee, M|100/100
|-fieldstart|move: Psychic Terrain|[from] ability: Psychic Surge|[of] p2a: Indeedee
|switch|p1a: Incineroar|Incineroar, F|44/100 par
|-ability|p1a: Incineroar|Intimidate|boost
|-unboost|p2a: Indeedee|atk|1
|
|upkeep
|turn|14
|
|t:|1758929355
|switch|p2a: Armarouge|Armarouge, F|100/100
|move|p1a: Incineroar|Knock Off|p2a: Armarouge
|-supereffective|p2a: Armarouge
|-damage|p2a: Armarouge|19/100
|-ability|p2a: Armarouge|Weak Armor|boost
|-unboost|p2a: Armarouge|def|1
|-boost|p2a: Armarouge|spe|2
|-enditem|p2a: Armarouge|Weakness Policy
|-boost|p2a: Armarouge|atk|2|[from] item: Weakness Policy
|-boost|p2a: Armarouge|spa|2|[from] item: Weakness Policy
|
|upkeep
|turn|15
|
|t:|1758929365
|move|p2a: Armarouge|Aura Sphere|p1a: Incineroar
|-supereffective|p1a: Incineroar
|-damage|p1a: Incineroar|0 fnt
|faint|p1a: Incineroar
|
|upkeep
|
|t:|1758929382
|switch|p1a: Corviknight|Corviknight, F|100/100
|-ability|p1a: Corviknight|Pressure
|turn|16
|
|t:|1758929388
|-terastallize|p1a: Corviknight|Dragon
|move|p2a: Armarouge|Endure|p2a: Armarouge
|-singleturn|p2a: Armarouge|move: Endure
|move|p1a: Corviknight|Body Press|p2a: Armarouge
|-resisted|p2a: Armarouge
|-activate|p2a: Armarouge|move: Endure
|-damage|p2a: Armarouge|1/100
|-ability|p2a: Armarouge|Weak Armor|boost
|-unboost|p2a: Armarouge|def|1
|-boost|p2a: Armarouge|spe|2
|
|upkeep
|turn|17
|
|t:|1758929400
|move|p2a: Armarouge|Expanding Force|p1a: Corviknight
|-damage|p1a: Corviknight|0 fnt
|faint|p1a: Corviknight
|
|upkeep
|-message|suprya forfeited.
|
|win|Hunter_of_Keys
|raw|suprya's rating: 1658 &rarr; <strong>1636</strong><br />(-22 for losing)
|raw|Hunter_of_Keys's rating: 1625 &rarr; <strong>1647</strong><br />(+22 for winning)
|l|☆suprya
|player|p1|
|l|‽Hunter_of_Keys
|player|p2|
