|badge|p1|silver|gen9ou|30-6
|html|<div class="broadcast-red"><strong>This battle is required to be public due to one or more player having a season medal.</strong><br />During the public phase, you can discuss the state of the ladder <a href="/seasondiscussion">in a special chatroom.</a></div>
|uhtml|medal-msg|<div class="broadcast-blue">Curious what those medals under the avatar are? PS now has Ladder Seasons! For more information, check out the <a href="https://www.smogon.com/forums/threads/3740067/">thread on Smogon.</a></div>
|raw|<div class="broadcast-blue"><strong>This battle is required to be public due to a player having a name starting with 'medal'.</div>
|j|☆LT124YH Ghoul
|j|☆Commando 55
|t:|1758994359
|gametype|singles
|player|p1|LT124YH Ghoul|#wcop2024asia|1992
|player|p2|Commando 55|alec-anime|1810
|gen|9
|tier|[Gen 9] OU
|rated|
|rule|HP Percentage Mod: HP is shown in percentages
|rule|Endless Battle Clause: Forcing endless battles is banned
|rule|Species Clause: Limit one of each Pokémon
|rule|OHKO Clause: OHKO moves are banned
|rule|Evasion Items Clause: Evasion items are banned
|rule|Evasion Moves Clause: Evasion moves are banned
|rule|Evasion Abilities Clause: Evasion abilities are banned
|rule|Sleep Moves Clause: Sleep-inducing moves are banned
|clearpoke
|poke|p1|Enamorus, F|
|poke|p1|Araquanid, M|
|poke|p1|Gholdengo|
|poke|p1|Iron Valiant|
|poke|p1|Kingambit, M|
|poke|p1|Great Tusk|
|poke|p2|Pelipper, F|
|poke|p2|Toxicroak, F|
|poke|p2|Barraskewda, M|
|poke|p2|Manaphy|
|poke|p2|Deoxys-Defense|
|poke|p2|Iron Treads|
|teampreview
|inactive|Battle timer is ON: inactive players will automatically lose when time's up. (requested by LT124YH Ghoul)
|
|t:|1758994380
|teamsize|p1|6
|teamsize|p2|6
|start
|switch|p1a: Doc Seismic|Araquanid, M, shiny|100/100
|switch|p2a: Pelipper|Pelipper, F|100/100
|-weather|RainDance|[from] ability: Drizzle|[of] p2a: Pelipper
|turn|1
|
|t:|1758994382
|move|p1a: Doc Seismic|Sticky Web|p2a: Pelipper
|-sidestart|p2: Commando 55|move: Sticky Web
|move|p2a: Pelipper|Hurricane|p1a: Doc Seismic
|-supereffective|p1a: Doc Seismic
|-damage|p1a: Doc Seismic|34/100
|
|-weather|RainDance|[upkeep]
|upkeep
|turn|2
|
|t:|1758994384
|move|p1a: Doc Seismic|Liquidation|p2a: Pelipper
|-resisted|p2a: Pelipper
|-damage|p2a: Pelipper|61/100
|-unboost|p2a: Pelipper|def|1
|move|p2a: Pelipper|Hurricane|p1a: Doc Seismic
|-supereffective|p1a: Doc Seismic
|-damage|p1a: Doc Seismic|0 fnt
|faint|p1a: Doc Seismic
|
|-weather|RainDance|[upkeep]
|upkeep
|j| larp legion
|j| 54 insane rats
|inactive|LT124YH Ghoul has 120 seconds left.
|
|t:|1758994428
|switch|p1a: Invincible|Great Tusk|100/100
|-enditem|p1a: Invincible|Booster Energy
|-activate|p1a: Invincible|ability: Protosynthesis|[fromitem]
|-start|p1a: Invincible|protosynthesisspe
|turn|3
|
|t:|1758994441
|move|p1a: Invincible|Head Smash|p2a: Pelipper
|-supereffective|p2a: Pelipper
|-damage|p2a: Pelipper|0 fnt
|faint|p2a: Pelipper
|-damage|p1a: Invincible|78/100|[from] Recoil
|
|-weather|RainDance|[upkeep]
|upkeep
|
|t:|1758994444
|switch|p2a: Barraskewda|Barraskewda, M|100/100
|-activate|p2a: Barraskewda|move: Sticky Web
|-unboost|p2a: Barraskewda|spe|1
|turn|4
|j| 2009 ben gordon
|l| 54 insane rats
|j| 54 insane rats
|
|t:|1758994451
|move|p2a: Barraskewda|Liquidation|p1a: Invincible
|-supereffective|p1a: Invincible
|-damage|p1a: Invincible|0 fnt
|faint|p1a: Invincible
|-end|p1a: Invincible|Protosynthesis|[silent]
|
|-weather|RainDance|[upkeep]
|upkeep
|j| Squallskip
|
|t:|1758994465
|switch|p1a: Robot|Gholdengo|100/100
|turn|5
|
|t:|1758994467
|-terastallize|p2a: Barraskewda|Water
|move|p2a: Barraskewda|Liquidation|p1a: Robot
|-damage|p1a: Robot|0 fnt
|faint|p1a: Robot
|
|-weather|RainDance|[upkeep]
|upkeep
|c| Squallskip|Toxicroak has to be on the viability rankings by now
|inactive|LT124YH Ghoul has 120 seconds left.
|j| iamfrhaan007
|c| larp legion|"surely"
|j| neolineoli
|inactive|LT124YH Ghoul has 90 seconds left.
|l| neolineoli
|inactive|LT124YH Ghoul has 60 seconds left.
|j| neolineoli
|inactive|LT124YH Ghoul has 30 seconds left.
|
|t:|1758994586
|switch|p1a: Atom Eve|Iron Valiant|100/100
|-enditem|p1a: Atom Eve|Booster Energy
|-activate|p1a: Atom Eve|ability: Quark Drive|[fromitem]
|-start|p1a: Atom Eve|quarkdrivespa
|turn|6
|
|t:|1758994592
|move|p1a: Atom Eve|Vacuum Wave|p2a: Barraskewda
|-damage|p2a: Barraskewda|40/100
|move|p2a: Barraskewda|Liquidation|p1a: Atom Eve
|-damage|p1a: Atom Eve|0 fnt
|faint|p1a: Atom Eve
|-end|p1a: Atom Eve|Quark Drive|[silent]
|
|-weather|RainDance|[upkeep]
|upkeep
|j| cynasaurus
|inactive|LT124YH Ghoul has 30 seconds left.
|inactive|LT124YH Ghoul has 20 seconds left.
|
|t:|1758994617
|switch|p1a: Omni-Man|Kingambit, M|100/100
|-activate|p1a: Omni-Man|ability: Supreme Overlord
|-start|p1a: Omni-Man|fallen4|[silent]
|-item|p1a: Omni-Man|Air Balloon
|turn|7
|inactive|LT124YH Ghoul has 30 seconds left this turn.
|inactive|LT124YH Ghoul has 20 seconds left.
|inactive|LT124YH Ghoul has 15 seconds left.
|l| cynasaurus
|inactive|LT124YH Ghoul has 10 seconds left.
|inactive|LT124YH Ghoul has 5 seconds left.
|
|t:|1758994645
|-end|p1a: Omni-Man|fallen4|[silent]
|switch|p1a: Conquest|Enamorus, F|100/100
|move|p2a: Barraskewda|Liquidation|p1a: Conquest
|-damage|p1a: Conquest|0 fnt
|faint|p1a: Conquest
|
|-weather|RainDance|[upkeep]
|upkeep
|inactive|LT124YH Ghoul has 10 seconds left this turn.
|
|t:|1758994648
|switch|p1a: Omni-Man|Kingambit, M|100/100
|-activate|p1a: Omni-Man|ability: Supreme Overlord
|-start|p1a: Omni-Man|fallen5|[silent]
|-item|p1a: Omni-Man|Air Balloon
|turn|8
|inactive|LT124YH Ghoul has 20 seconds left this turn.
|
|t:|1758994652
|move|p1a: Omni-Man|Sucker Punch|p2a: Barraskewda
|-damage|p2a: Barraskewda|0 fnt
|faint|p2a: Barraskewda
|
|-weather|none
|upkeep
|
|t:|1758994658
|switch|p2a: Toxicroak|Toxicroak, F|100/100
|-activate|p2a: Toxicroak|move: Sticky Web
|-unboost|p2a: Toxicroak|spe|1
|turn|9
|inactive|LT124YH Ghoul has 30 seconds left.
|
|t:|1758994667
|-terastallize|p1a: Omni-Man|Fighting
|move|p1a: Omni-Man|Iron Head|p2a: Toxicroak
|-damage|p2a: Toxicroak|39/100
|-damage|p1a: Omni-Man|84/100|[from] item: Rocky Helmet|[of] p2a: Toxicroak
|cant|p2a: Toxicroak|flinch
|
|upkeep
|turn|10
|inactive|LT124YH Ghoul has 30 seconds left.
|
|t:|1758994678
|move|p1a: Omni-Man|Iron Head|p2a: Toxicroak
|-damage|p2a: Toxicroak|0 fnt
|-damage|p1a: Omni-Man|68/100|[from] item: Rocky Helmet|[of] p2a: Toxicroak
|faint|p2a: Toxicroak
|
|upkeep
|c| larp legion|my budy friend said sorry
|c| Squallskip|I believe in the Kinggambit sweep
|
|t:|1758994690
|switch|p2a: Manaphy|Manaphy|100/100
|-activate|p2a: Manaphy|move: Sticky Web
|-unboost|p2a: Manaphy|spe|1
|turn|11
|inactive|LT124YH Ghoul has 30 seconds left.
|
|t:|1758994713
|move|p1a: Omni-Man|Swords Dance|p1a: Omni-Man
|-boost|p1a: Omni-Man|atk|2
|move|p2a: Manaphy|Surf|p1a: Omni-Man
|-damage|p1a: Omni-Man|13/100
|-enditem|p1a: Omni-Man|Air Balloon
|
|upkeep
|turn|12
|l| iamfrhaan007
|
|t:|1758994726
|move|p1a: Omni-Man|Sucker Punch|p2a: Manaphy
|-damage|p2a: Manaphy|0 fnt
|faint|p2a: Manaphy
|
|upkeep
|
|t:|1758994728
|switch|p2a: Iron Treads|Iron Treads|100/100
|-activate|p2a: Iron Treads|move: Sticky Web
|-fail|p2a: Iron Treads|unboost|[from] item: Clear Amulet|[of] p2a: Iron Treads
|turn|13
|
|t:|1758994733
|move|p1a: Omni-Man|Sucker Punch||[still]
|-fail|p1a: Omni-Man
|move|p2a: Iron Treads|Stealth Rock|p1a: Omni-Man
|-sidestart|p1: LT124YH Ghoul|move: Stealth Rock
|
|upkeep
|turn|14
|
|t:|1758994742
|move|p1a: Omni-Man|Sucker Punch||[still]
|-fail|p1a: Omni-Man
|move|p2a: Iron Treads|Stealth Rock||[still]
|-fail|p2a: Iron Treads
|
|upkeep
|turn|15
|inactive|LT124YH Ghoul has 60 seconds left.
|inactive|LT124YH Ghoul has 30 seconds left.
|inactive|Commando 55 has 120 seconds left.
|
|t:|1758994792
|move|p2a: Iron Treads|Stealth Rock||[still]
|-fail|p2a: Iron Treads
|move|p1a: Omni-Man|Swords Dance|p1a: Omni-Man
|-boost|p1a: Omni-Man|atk|2
|
|upkeep
|turn|16
|inactive|Commando 55 has 120 seconds left.
|inactive|LT124YH Ghoul has 30 seconds left.
|
|t:|1758994808
|move|p1a: Omni-Man|Sucker Punch|p2a: Iron Treads
|-damage|p2a: Iron Treads|0 fnt
|faint|p2a: Iron Treads
|-end|p2a: Iron Treads|Quark Drive|[silent]
|
|upkeep
|
|t:|1758994810
|switch|p2a: Deoxys|Deoxys-Defense|100/100
|-activate|p2a: Deoxys|move: Sticky Web
|-unboost|p2a: Deoxys|spe|1
|-ability|p2a: Deoxys|Pressure
|turn|17
|
|t:|1758994817
|move|p1a: Omni-Man|Iron Head|p2a: Deoxys
|-damage|p2a: Deoxys|0 fnt
|faint|p2a: Deoxys
|
|win|LT124YH Ghoul
|raw|LT124YH Ghoul's rating: 1992 &rarr; <strong>2002</strong><br />(+10 for winning)
|raw|Commando 55's rating: 1810 &rarr; <strong>1800</strong><br />(-10 for losing)
|l|☆Commando 55
|player|p2|
|l|☆LT124YH Ghoul
|player|p1|
|l| 54 insane rats
|c| Squallskip|2002 lets go
|l| Squallskip
|c| larp legion|lets go
|c| 2009 ben gordon|goat
