|j|☆rustismaname
|j|☆Pityplatsch
|t:|1758979454
|gametype|singles
|player|p1|rustismaname|li|1022
|player|p2|Pityplatsch|wallace|1075
|gen|9
|tier|[Gen 9] OU
|rated|
|rule|HP Percentage Mod: HP is shown in percentages
|rule|Endless Battle Clause: Forcing endless battles is banned
|rule|Species Clause: Limit one of each Pokémon
|rule|OHKO Clause: OHKO moves are banned
|rule|Evasion Items Clause: Evasion items are banned
|rule|Evasion Moves Clause: Evasion moves are banned
|rule|Evasion Abilities Clause: Evasion abilities are banned
|rule|Sleep Moves Clause: Sleep-inducing moves are banned
|clearpoke
|poke|p1|Corviknight, M|
|poke|p1|Enamorus, F|
|poke|p1|Dragapult, M|
|poke|p1|Rotom-Wash|
|poke|p1|Arcanine, F|
|poke|p1|Pecharunt|
|poke|p2|Alomomola, M|
|poke|p2|Hatterene, F|
|poke|p2|Gliscor, M|
|poke|p2|Comfey, F|
|poke|p2|Slowking-Galar, F|
|poke|p2|Latias, F|
|teampreview
|inactive|Battle timer is ON: inactive players will automatically lose when time's up. (requested by rustismaname)
|
|t:|1758979470
|teamsize|p1|6
|teamsize|p2|6
|start
|switch|p1a: Pecharunt|Pecharunt|100/100
|switch|p2a: Ruhepol|Alomomola, M, shiny|100/100
|turn|1
|
|t:|1758979481
|switch|p2a: Showtime Glow|Slowking-Galar, F|100/100
|move|p1a: Pecharunt|Nasty Plot|p1a: Pecharunt
|-boost|p1a: Pecharunt|spa|2
|
|upkeep
|turn|2
|
|t:|1758979493
|move|p1a: Pecharunt|Night Shade|p2a: Showtime Glow
|-damage|p2a: Showtime Glow|75/100
|-damage|p1a: Pecharunt|91/100|[from] item: Life Orb
|move|p2a: Showtime Glow|Future Sight|p1a: Pecharunt
|-start|p2a: Showtime Glow|move: Future Sight
|
|upkeep
|turn|3
|
|t:|1758979521
|switch|p2a: Ruhepol|Alomomola, M, shiny|100/100
|move|p1a: Pecharunt|Malignant Chain|p2a: Ruhepol
|-damage|p2a: Ruhepol|0 fnt
|faint|p2a: Ruhepol
|-damage|p1a: Pecharunt|81/100|[from] item: Life Orb
|
|upkeep
|
|t:|1758979531
|switch|p2a: Nachtwache|Gliscor, M|100/100
|turn|4
|
|t:|1758979539
|move|p2a: Nachtwache|Earthquake|p1a: Pecharunt
|-supereffective|p1a: Pecharunt
|-damage|p1a: Pecharunt|15/100
|move|p1a: Pecharunt|Malignant Chain|p2a: Nachtwache
|-resisted|p2a: Nachtwache
|-damage|p2a: Nachtwache|24/100
|-status|p2a: Nachtwache|tox
|-start|p2a: Nachtwache|confusion|[from] ability: Poison Puppeteer|[of] p1a: Pecharunt
|-damage|p1a: Pecharunt|5/100|[from] item: Life Orb
|
|-end|p1a: Pecharunt|move: Future Sight
|-supereffective|p1a: Pecharunt
|-damage|p1a: Pecharunt|0 fnt
|faint|p1a: Pecharunt
|-heal|p2a: Nachtwache|37/100 tox|[from] ability: Poison Heal
|upkeep
|inactive|rustismaname has 120 seconds left.
|
|t:|1758979559
|switch|p1a: Enamorus|Enamorus, F|100/100
|turn|5
|
|t:|1758979566
|switch|p2a: Showtime Glow|Slowking-Galar, F|100/100
|move|p1a: Enamorus|Moonblast|p2a: Showtime Glow
|-resisted|p2a: Showtime Glow
|-damage|p2a: Showtime Glow|82/100
|
|upkeep
|turn|6
|inactive|rustismaname has 120 seconds left.
|
|t:|1758979597
|switch|p1a: Corviknight|Corviknight, M|100/100
|move|p2a: Showtime Glow|Future Sight|p1a: Corviknight
|-start|p2a: Showtime Glow|move: Future Sight
|
|upkeep
|turn|7
|
|t:|1758979620
|move|p1a: Corviknight|Iron Defense|p1a: Corviknight
|-boost|p1a: Corviknight|def|2
|-prepare|p2a: Showtime Glow|Chilly Reception|[premajor]
|move|p2a: Showtime Glow|Chilly Reception|p2a: Showtime Glow
|-weather|Snowscape
|
|t:|1758979630
|switch|p2a: Disturbia|Hatterene, F|100/100|[from] Chilly Reception
|
|-weather|Snowscape|[upkeep]
|upkeep
|turn|8
|
|t:|1758979641
|move|p1a: Corviknight|Iron Head|p2a: Disturbia
|-supereffective|p2a: Disturbia
|-damage|p2a: Disturbia|42/100
|move|p2a: Disturbia|Trick Room|p2a: Disturbia
|-fieldstart|move: Trick Room|[of] p2a: Disturbia
|
|-weather|Snowscape|[upkeep]
|-end|p1a: Corviknight|move: Future Sight
|-resisted|p1a: Corviknight
|-damage|p1a: Corviknight|80/100
|upkeep
|turn|9
|
|t:|1758979657
|move|p2a: Disturbia|Mystical Fire|p1a: Corviknight
|-supereffective|p1a: Corviknight
|-damage|p1a: Corviknight|28/100
|-ability|p1a: Corviknight|Mirror Armor
|-unboost|p2a: Disturbia|spa|1
|-damage|p2a: Disturbia|32/100|[from] item: Life Orb
|move|p1a: Corviknight|Iron Head|p2a: Disturbia
|-supereffective|p2a: Disturbia
|-damage|p2a: Disturbia|0 fnt
|faint|p2a: Disturbia
|
|-weather|Snowscape|[upkeep]
|upkeep
|
|t:|1758979672
|switch|p2a: Showtime Glow|Slowking-Galar, F|100/100
|turn|10
|
|t:|1758979679
|move|p2a: Showtime Glow|Focus Blast|p1a: Corviknight
|-damage|p1a: Corviknight|2/100
|move|p1a: Corviknight|Iron Head|p2a: Showtime Glow
|-damage|p2a: Showtime Glow|74/100
|
|-weather|Snowscape|[upkeep]
|upkeep
|turn|11
|
|t:|1758979689
|move|p2a: Showtime Glow|Focus Blast|p1a: Corviknight
|-damage|p1a: Corviknight|0 fnt
|faint|p1a: Corviknight
|
|-weather|none
|upkeep
|
|t:|1758979703
|switch|p1a: Arcanine|Arcanine, F|100/100
|-ability|p1a: Arcanine|Intimidate|boost
|-unboost|p2a: Showtime Glow|atk|1
|turn|12
|
|t:|1758979721
|-terastallize|p1a: Arcanine|Normal
|move|p1a: Arcanine|Extreme Speed|p2a: Showtime Glow
|-damage|p2a: Showtime Glow|15/100
|move|p2a: Showtime Glow|Sludge Bomb|p1a: Arcanine
|-damage|p1a: Arcanine|47/100
|-status|p1a: Arcanine|psn
|
|-damage|p1a: Arcanine|34/100 psn|[from] psn
|-fieldend|move: Trick Room
|upkeep
|turn|13
|inactive|rustismaname has 120 seconds left.
|inactive|Pityplatsch has 120 seconds left.
|
|t:|1758979755
|switch|p2a: Nachtwache|Gliscor, M|37/100 tox
|move|p1a: Arcanine|Extreme Speed|p2a: Nachtwache
|-damage|p2a: Nachtwache|0 fnt
|faint|p2a: Nachtwache
|
|-damage|p1a: Arcanine|22/100 psn|[from] psn
|upkeep
|
|t:|1758979775
|switch|p2a: Light Crown|Comfey, F|100/100
|turn|14
|
|t:|1758979779
|move|p2a: Light Crown|Draining Kiss|p1a: Arcanine
|-damage|p1a: Arcanine|0 fnt
|faint|p1a: Arcanine
|
|upkeep
|inactive|rustismaname has 120 seconds left.
|
|t:|1758979808
|switch|p1a: Rotom|Rotom-Wash|100/100
|turn|15
|
|t:|1758979814
|move|p2a: Light Crown|Calm Mind|p2a: Light Crown
|-boost|p2a: Light Crown|spa|1
|-boost|p2a: Light Crown|spd|1
|move|p1a: Rotom|Will-O-Wisp|p2a: Light Crown|[miss]
|-miss|p1a: Rotom|p2a: Light Crown
|
|upkeep
|turn|16
|inactive|rustismaname has 120 seconds left.
|
|t:|1758979826
|move|p2a: Light Crown|Calm Mind|p2a: Light Crown
|-boost|p2a: Light Crown|spa|1
|-boost|p2a: Light Crown|spd|1
|move|p1a: Rotom|Thunderbolt|p2a: Light Crown
|-damage|p2a: Light Crown|79/100
|
|-heal|p2a: Light Crown|85/100|[from] item: Leftovers
|upkeep
|turn|17
|inactive|rustismaname has 120 seconds left.
|
|t:|1758979837
|move|p2a: Light Crown|Calm Mind|p2a: Light Crown
|-boost|p2a: Light Crown|spa|1
|-boost|p2a: Light Crown|spd|1
|move|p1a: Rotom|Will-O-Wisp|p2a: Light Crown
|-status|p2a: Light Crown|brn
|
|-heal|p2a: Light Crown|91/100 brn|[from] item: Leftovers
|-damage|p2a: Light Crown|85/100 brn|[from] brn
|upkeep
|turn|18
|inactive|rustismaname has 120 seconds left.
|
|t:|1758979850
|move|p2a: Light Crown|Calm Mind|p2a: Light Crown
|-boost|p2a: Light Crown|spa|1
|-boost|p2a: Light Crown|spd|1
|move|p1a: Rotom|Thunderbolt|p2a: Light Crown
|-damage|p2a: Light Crown|68/100 brn
|
|-heal|p2a: Light Crown|75/100 brn|[from] item: Leftovers
|-damage|p2a: Light Crown|68/100 brn|[from] brn
|upkeep
|turn|19
|inactive|rustismaname has 120 seconds left.
|
|t:|1758979861
|move|p2a: Light Crown|Calm Mind|p2a: Light Crown
|-boost|p2a: Light Crown|spa|1
|-boost|p2a: Light Crown|spd|1
|move|p1a: Rotom|Hydro Pump|p2a: Light Crown
|-damage|p2a: Light Crown|53/100 brn
|
|-heal|p2a: Light Crown|59/100 brn|[from] item: Leftovers
|-damage|p2a: Light Crown|53/100 brn|[from] brn
|upkeep
|turn|20
|inactive|rustismaname has 120 seconds left.
|
|t:|1758979872
|move|p2a: Light Crown|Calm Mind|p2a: Light Crown
|-boost|p2a: Light Crown|spa|1
|-boost|p2a: Light Crown|spd|1
|move|p1a: Rotom|Thunderbolt|p2a: Light Crown
|-damage|p2a: Light Crown|41/100 brn
|
|-heal|p2a: Light Crown|47/100 brn|[from] item: Leftovers
|-damage|p2a: Light Crown|41/100 brn|[from] brn
|upkeep
|turn|21
|inactive|rustismaname has 120 seconds left.
|
|t:|1758979883
|move|p2a: Light Crown|Draining Kiss|p1a: Rotom
|-damage|p1a: Rotom|19/100
|-heal|p2a: Light Crown|100/100 brn|[from] drain|[of] p1a: Rotom
|move|p1a: Rotom|Pain Split|p2a: Light Crown
|-sethp|p2a: Light Crown|60/100 brn|[from] move: Pain Split|[silent]
|-sethp|p1a: Rotom|60/100|[from] move: Pain Split
|
|-heal|p2a: Light Crown|66/100 brn|[from] item: Leftovers
|-heal|p1a: Rotom|66/100|[from] item: Leftovers
|-damage|p2a: Light Crown|60/100 brn|[from] brn
|upkeep
|turn|22
|inactive|rustismaname has 120 seconds left.
|
|t:|1758979896
|move|p2a: Light Crown|Draining Kiss|p1a: Rotom
|-damage|p1a: Rotom|0 fnt
|-heal|p2a: Light Crown|100/100 brn|[from] drain|[of] p1a: Rotom
|faint|p1a: Rotom
|
|-damage|p2a: Light Crown|94/100 brn|[from] brn
|upkeep
|
|t:|1758979904
|switch|p1a: Dragapult|Dragapult, M|100/100
|turn|23
|inactive|rustismaname has 120 seconds left.
|
|t:|1758979926
|move|p2a: Light Crown|Draining Kiss|p1a: Dragapult
|-supereffective|p1a: Dragapult
|-damage|p1a: Dragapult|0 fnt
|-heal|p2a: Light Crown|100/100 brn|[from] drain|[of] p1a: Dragapult
|faint|p1a: Dragapult
|
|-damage|p2a: Light Crown|94/100 brn|[from] brn
|upkeep
|
|t:|1758979941
|switch|p1a: Enamorus|Enamorus, F|100/100
|turn|24
|inactive|rustismaname has 90 seconds left.
|
|t:|1758979967
|move|p2a: Light Crown|Draining Kiss|p1a: Enamorus
|-damage|p1a: Enamorus|0 fnt
|-heal|p2a: Light Crown|100/100 brn|[from] drain|[of] p1a: Enamorus
|faint|p1a: Enamorus
|
|win|Pityplatsch
|raw|rustismaname's rating: 1022 &rarr; <strong>1011</strong><br />(-11 for losing)
|raw|Pityplatsch's rating: 1075 &rarr; <strong>1099</strong><br />(+24 for winning)
|c|☆Pityplatsch|GG
