|j|☆Dar800
|j|☆Turn L
|t:|1759005347
|gametype|singles
|player|p1|Dar800|n|1171
|player|p2|Turn L|wallace|1167
|gen|9
|tier|[Gen 9] OU
|rated|
|rule|HP Percentage Mod: HP is shown in percentages
|rule|Endless Battle Clause: Forcing endless battles is banned
|rule|Species Clause: Limit one of each Pokémon
|rule|OHKO Clause: OHKO moves are banned
|rule|Evasion Items Clause: Evasion items are banned
|rule|Evasion Moves Clause: Evasion moves are banned
|rule|Evasion Abilities Clause: Evasion abilities are banned
|rule|Sleep Moves Clause: Sleep-inducing moves are banned
|clearpoke
|poke|p1|Dudunsparce-*, M|
|poke|p1|Bellibolt, F|
|poke|p1|Tatsugiri, M|
|poke|p1|Phione|
|poke|p1|Qwilfish-Hisui, F|
|poke|p1|Bellossom, F|
|poke|p2|Weavile, F|
|poke|p2|Samurott-Hisui, M|
|poke|p2|Gallade, M|
|poke|p2|Ceruledge, F|
|poke|p2|Scizor, F|
|poke|p2|Kingambit, F|
|teampreview
|inactive|Battle timer is ON: inactive players will automatically lose when time's up. (requested by Turn L)
|
|t:|1759005357
|teamsize|p1|6
|teamsize|p2|6
|start
|switch|p1a: Qwilfish|Qwilfish-Hisui, F|100/100
|switch|p2a: Scizor|Scizor, F|100/100
|-ability|p1a: Qwilfish|Intimidate|boost
|-unboost|p2a: Scizor|atk|1
|-item|p1a: Qwilfish|Air Balloon
|turn|1
|
|t:|1759005371
|move|p1a: Qwilfish|Toxic Spikes|p2a: Scizor
|-sidestart|p2: Turn L|move: Toxic Spikes
|move|p2a: Scizor|Knock Off|p1a: Qwilfish
|-resisted|p1a: Qwilfish
|-damage|p1a: Qwilfish|78/100
|-enditem|p1a: Qwilfish|Air Balloon
|
|upkeep
|turn|2
|
|t:|1759005382
|switch|p2a: Weavile|Weavile, F|100/100
|-ability|p2a: Weavile|Pressure
|move|p1a: Qwilfish|Spikes|p2a: Weavile
|-sidestart|p2: Turn L|Spikes
|
|upkeep
|turn|3
|
|t:|1759005388
|move|p2a: Weavile|Swords Dance|p2a: Weavile
|-boost|p2a: Weavile|atk|2
|move|p1a: Qwilfish|Spikes|p2a: Weavile
|-sidestart|p2: Turn L|Spikes
|
|upkeep
|turn|4
|
|t:|1759005398
|move|p2a: Weavile|Swords Dance|p2a: Weavile
|-boost|p2a: Weavile|atk|2
|move|p1a: Qwilfish|Gunk Shot|p2a: Weavile
|-damage|p2a: Weavile|30/100
|
|upkeep
|turn|5
|
|t:|1759005405
|move|p2a: Weavile|Triple Axel|p1a: Qwilfish
|-damage|p1a: Qwilfish|41/100
|-damage|p1a: Qwilfish|0 fnt
|faint|p1a: Qwilfish
|-hitcount|p1: Qwilfish|2
|
|upkeep
|
|t:|1759005423
|switch|p1a: Bellibolt|Bellibolt, F|100/100
|turn|6
|
|t:|1759005427
|move|p2a: Weavile|Triple Axel|p1a: Bellibolt|[miss]
|-miss|p2a: Weavile|p1a: Bellibolt
|move|p1a: Bellibolt|Volt Switch|p2a: Weavile
|-damage|p2a: Weavile|0 fnt
|faint|p2a: Weavile
|
|t:|1759005440
|switch|p1a: Dudunsparce|Dudunsparce, M|100/100|[from] Volt Switch
|
|upkeep
|
|t:|1759005448
|switch|p2a: Gallade|Gallade, M, shiny|100/100
|-status|p2a: Gallade|psn
|-damage|p2a: Gallade|84/100 psn|[from] Spikes
|turn|7
|
|t:|1759005462
|switch|p1a: Tatsugiri|Tatsugiri, M|100/100
|move|p2a: Gallade|Sacred Sword|p1a: Tatsugiri
|-damage|p1a: Tatsugiri|0 fnt
|faint|p1a: Tatsugiri
|-damage|p2a: Gallade|74/100 psn|[from] item: Life Orb
|
|-damage|p2a: Gallade|62/100 psn|[from] psn
|upkeep
|
|t:|1759005481
|switch|p1a: Phione|Phione|100/100
|turn|8
|
|t:|1759005487
|move|p1a: Phione|Liquidation|p2a: Gallade
|-damage|p2a: Gallade|0 fnt
|faint|p2a: Gallade
|
|upkeep
|
|t:|1759005493
|switch|p2a: Samurott|Samurott-Hisui, M, shiny|100/100
|-status|p2a: Samurott|psn
|-damage|p2a: Samurott|84/100 psn|[from] Spikes
|turn|9
|
|t:|1759005503
|-terastallize|p1a: Phione|Water
|move|p2a: Samurott|Ceaseless Edge|p1a: Phione
|-damage|p1a: Phione|39/100
|-sidestart|p1: Dar800|Spikes
|move|p1a: Phione|Liquidation|p2a: Samurott
|-resisted|p2a: Samurott
|-damage|p2a: Samurott|44/100 psn
|
|-damage|p2a: Samurott|32/100 psn|[from] psn
|upkeep
|turn|10
|
|t:|1759005515
|move|p2a: Samurott|Ceaseless Edge|p1a: Phione
|-damage|p1a: Phione|0 fnt
|-sidestart|p1: Dar800|Spikes
|faint|p1a: Phione
|
|-damage|p2a: Samurott|19/100 psn|[from] psn
|upkeep
|
|t:|1759005535
|switch|p1a: Dudunsparce|Dudunsparce, M|100/100
|-damage|p1a: Dudunsparce|84/100|[from] Spikes
|turn|11
|
|t:|1759005549
|move|p2a: Samurott|Razor Shell|p1a: Dudunsparce
|-damage|p1a: Dudunsparce|35/100
|move|p1a: Dudunsparce|Coil|p1a: Dudunsparce
|-boost|p1a: Dudunsparce|atk|1
|-boost|p1a: Dudunsparce|def|1
|-boost|p1a: Dudunsparce|accuracy|1
|
|-heal|p1a: Dudunsparce|41/100|[from] item: Leftovers
|-damage|p2a: Samurott|7/100 psn|[from] psn
|upkeep
|turn|12
|
|t:|1759005560
|move|p2a: Samurott|Razor Shell|p1a: Dudunsparce
|-damage|p1a: Dudunsparce|9/100
|-unboost|p1a: Dudunsparce|def|1
|move|p1a: Dudunsparce|Roost|p1a: Dudunsparce
|-heal|p1a: Dudunsparce|59/100
|-singleturn|p1a: Dudunsparce|move: Roost
|
|-heal|p1a: Dudunsparce|65/100|[from] item: Leftovers
|-damage|p2a: Samurott|0 fnt|[from] psn
|faint|p2a: Samurott
|upkeep
|
|t:|1759005570
|switch|p2a: Ceruledge|Ceruledge, F, shiny|100/100
|-status|p2a: Ceruledge|psn
|-damage|p2a: Ceruledge|84/100 psn|[from] Spikes
|turn|13
|
|t:|1759005581
|-terastallize|p2a: Ceruledge|Fire
|move|p2a: Ceruledge|Bitter Blade|p1a: Dudunsparce
|-damage|p1a: Dudunsparce|11/100
|-heal|p2a: Ceruledge|100/100 psn|[from] drain|[of] p1a: Dudunsparce
|move|p1a: Dudunsparce|Roost|p1a: Dudunsparce
|-heal|p1a: Dudunsparce|61/100
|-singleturn|p1a: Dudunsparce|move: Roost
|
|-heal|p1a: Dudunsparce|67/100|[from] item: Leftovers
|-damage|p2a: Ceruledge|88/100 psn|[from] psn
|upkeep
|turn|14
|
|t:|1759005595
|move|p2a: Ceruledge|Bitter Blade|p1a: Dudunsparce
|-damage|p1a: Dudunsparce|15/100
|-heal|p2a: Ceruledge|100/100 psn|[from] drain|[of] p1a: Dudunsparce
|move|p1a: Dudunsparce|Roost|p1a: Dudunsparce
|-heal|p1a: Dudunsparce|65/100
|-singleturn|p1a: Dudunsparce|move: Roost
|
|-heal|p1a: Dudunsparce|72/100|[from] item: Leftovers
|-damage|p2a: Ceruledge|88/100 psn|[from] psn
|upkeep
|turn|15
|
|t:|1759005606
|move|p2a: Ceruledge|Bitter Blade|p1a: Dudunsparce
|-damage|p1a: Dudunsparce|14/100
|-heal|p2a: Ceruledge|100/100 psn|[from] drain|[of] p1a: Dudunsparce
|move|p1a: Dudunsparce|Drill Run|p2a: Ceruledge
|-supereffective|p2a: Ceruledge
|-damage|p2a: Ceruledge|23/100 psn
|-ability|p2a: Ceruledge|Weak Armor|boost
|-unboost|p2a: Ceruledge|def|1
|-boost|p2a: Ceruledge|spe|2
|
|-heal|p1a: Dudunsparce|20/100|[from] item: Leftovers
|-damage|p2a: Ceruledge|10/100 psn|[from] psn
|upkeep
|turn|16
|
|t:|1759005621
|move|p2a: Ceruledge|Bitter Blade|p1a: Dudunsparce
|-damage|p1a: Dudunsparce|0 fnt
|-heal|p2a: Ceruledge|26/100 psn|[from] drain|[of] p1a: Dudunsparce
|faint|p1a: Dudunsparce
|
|-damage|p2a: Ceruledge|14/100 psn|[from] psn
|upkeep
|
|t:|1759005630
|switch|p1a: Bellibolt|Bellibolt, F|100/100
|-damage|p1a: Bellibolt|84/100|[from] Spikes
|turn|17
|
|t:|1759005637
|move|p2a: Ceruledge|Bitter Blade|p1a: Bellibolt
|-crit|p1a: Bellibolt
|-damage|p1a: Bellibolt|0 fnt
|-heal|p2a: Ceruledge|74/100 psn|[from] drain|[of] p1a: Bellibolt
|faint|p1a: Bellibolt
|
|-damage|p2a: Ceruledge|62/100 psn|[from] psn
|upkeep
|
|t:|1759005646
|switch|p1a: Bellossom|Bellossom, F|100/100
|turn|18
|
|t:|1759005650
|move|p2a: Ceruledge|Bitter Blade|p1a: Bellossom
|-supereffective|p1a: Bellossom
|-damage|p1a: Bellossom|0 fnt
|-heal|p2a: Ceruledge|100/100 psn|[from] drain|[of] p1a: Bellossom
|faint|p1a: Bellossom
|
|win|Turn L
|raw|Dar800's rating: 1171 &rarr; <strong>1146</strong><br />(-25 for losing)
|raw|Turn L's rating: 1167 &rarr; <strong>1192</strong><br />(+25 for winning)
|l|☆Dar800
|player|p1|
|l|☆Turn L
|player|p2|
