|j|☆Bananacrazy
|j|☆ElPrincipeMilito
|t:|1759033298
|gametype|singles
|player|p1|Bananacrazy|2|1555
|player|p2|ElPrincipeMilito|n|1570
|gen|9
|tier|[Gen 9] OU
|rated|
|rule|HP Percentage Mod: HP is shown in percentages
|rule|Endless Battle Clause: Forcing endless battles is banned
|rule|Species Clause: Limit one of each Pokémon
|rule|OHKO Clause: OHKO moves are banned
|rule|Evasion Items Clause: Evasion items are banned
|rule|Evasion Moves Clause: Evasion moves are banned
|rule|Evasion Abilities Clause: Evasion abilities are banned
|rule|Sleep Moves Clause: Sleep-inducing moves are banned
|clearpoke
|poke|p1|Pecharunt|
|poke|p1|Great Tusk|
|poke|p1|Ogerpon-Wellspring, F|
|poke|p1|Iron Crown|
|poke|p1|Landorus-Therian, M|
|poke|p1|Samurott-Hisui, M|
|poke|p2|Samurott-Hisui, F|
|poke|p2|Raging Bolt|
|poke|p2|Great Tusk|
|poke|p2|Ogerpon-Wellspring, F|
|poke|p2|Heatran, F|
|poke|p2|Gholdengo|
|teampreview
|inactive|Battle timer is ON: inactive players will automatically lose when time's up. (requested by Bananacrazy)
|
|t:|1759033319
|teamsize|p1|6
|teamsize|p2|6
|start
|switch|p1a: Landorus|Landorus-Therian, M|100/100
|switch|p2a: Tusk Buster|Ogerpon-Wellspring, F|100/100
|-ability|p1a: Landorus|Intimidate|boost
|-unboost|p2a: Tusk Buster|atk|1
|turn|1
|
|t:|1759033328
|switch|p2a: THE FIRE GOAT|Heatran, F|100/100
|-item|p2a: THE FIRE GOAT|Air Balloon
|move|p1a: Landorus|U-turn|p2a: THE FIRE GOAT
|-resisted|p2a: THE FIRE GOAT
|-damage|p2a: THE FIRE GOAT|96/100
|-enditem|p2a: THE FIRE GOAT|Air Balloon
|
|t:|1759033334
|switch|p1a: Great Tusk|Great Tusk|100/100|[from] U-turn
|-enditem|p1a: Great Tusk|Booster Energy
|-activate|p1a: Great Tusk|ability: Protosynthesis|[fromitem]
|-start|p1a: Great Tusk|protosynthesisspe
|
|upkeep
|turn|2
|
|t:|1759033339
|switch|p2a: Tusk Buster|Ogerpon-Wellspring, F|100/100
|move|p1a: Great Tusk|Headlong Rush|p2a: Tusk Buster
|-resisted|p2a: Tusk Buster
|-damage|p2a: Tusk Buster|68/100
|-unboost|p1a: Great Tusk|def|1
|-unboost|p1a: Great Tusk|spd|1
|
|upkeep
|turn|3
|
|t:|1759033347
|-end|p1a: Great Tusk|Protosynthesis|[silent]
|switch|p1a: Pecharunt|Pecharunt|100/100
|move|p2a: Tusk Buster|Power Whip|p1a: Pecharunt
|-resisted|p1a: Pecharunt
|-damage|p1a: Pecharunt|81/100
|-damage|p2a: Tusk Buster|52/100|[from] item: Rocky Helmet|[of] p1a: Pecharunt
|
|upkeep
|turn|4
|
|t:|1759033353
|switch|p2a: The Last Ronin|Samurott-Hisui, F|100/100
|move|p1a: Pecharunt|Parting Shot|p2a: The Last Ronin
|-unboost|p2a: The Last Ronin|atk|1
|-unboost|p2a: The Last Ronin|spa|1
|
|t:|1759033359
|switch|p1a: Iron Crown|Iron Crown|100/100|[from] Parting Shot
|
|upkeep
|turn|5
|
|t:|1759033374
|move|p1a: Iron Crown|Volt Switch|p2a: The Last Ronin
|-supereffective|p2a: The Last Ronin
|-damage|p2a: The Last Ronin|48/100
|
|t:|1759033379
|-end|p1a: Iron Crown|Quark Drive|[silent]
|switch|p1a: Great Tusk|Great Tusk|100/100|[from] Volt Switch
|move|p2a: The Last Ronin|Ceaseless Edge|p1a: Great Tusk
|-resisted|p1a: Great Tusk
|-damage|p1a: Great Tusk|92/100
|-sidestart|p1: Bananacrazy|Spikes
|
|upkeep
|turn|6
|
|t:|1759033385
|move|p1a: Great Tusk|Stealth Rock|p2a: The Last Ronin
|-sidestart|p2: ElPrincipeMilito|move: Stealth Rock
|move|p2a: The Last Ronin|Razor Shell|p1a: Great Tusk
|-supereffective|p1a: Great Tusk
|-damage|p1a: Great Tusk|45/100
|-unboost|p1a: Great Tusk|def|1
|
|upkeep
|turn|7
|
|t:|1759033395
|move|p1a: Great Tusk|Headlong Rush|p2a: The Last Ronin
|-damage|p2a: The Last Ronin|0 fnt
|-unboost|p1a: Great Tusk|def|1
|-unboost|p1a: Great Tusk|spd|1
|faint|p2a: The Last Ronin
|
|upkeep
|
|t:|1759033398
|switch|p2a: Heart of Gold|Gholdengo|100/100
|-damage|p2a: Heart of Gold|94/100|[from] Stealth Rock
|turn|8
|
|t:|1759033406
|-end|p1a: Great Tusk|Protosynthesis|[silent]
|switch|p1a: Samurott|Samurott-Hisui, M|100/100
|-damage|p1a: Samurott|88/100|[from] Spikes
|move|p2a: Heart of Gold|Shadow Ball|p1a: Samurott
|-resisted|p1a: Samurott
|-damage|p1a: Samurott|69/100
|
|upkeep
|turn|9
|
|t:|1759033415
|switch|p2a: Objective:Spin|Great Tusk|100/100
|-damage|p2a: Objective:Spin|98/100|[from] Stealth Rock
|-enditem|p2a: Objective:Spin|Booster Energy
|-activate|p2a: Objective:Spin|ability: Protosynthesis|[fromitem]
|-start|p2a: Objective:Spin|protosynthesisatk
|move|p1a: Samurott|Ceaseless Edge|p2a: Objective:Spin|[miss]
|-miss|p1a: Samurott|p2a: Objective:Spin
|
|upkeep
|turn|10
|
|t:|1759033422
|move|p2a: Objective:Spin|Headlong Rush|p1a: Samurott
|-damage|p1a: Samurott|0 fnt
|-unboost|p2a: Objective:Spin|def|1
|-unboost|p2a: Objective:Spin|spd|1
|faint|p1a: Samurott
|
|upkeep
|
|t:|1759033427
|switch|p1a: Iron Crown|Iron Crown|100/100
|-damage|p1a: Iron Crown|88/100|[from] Spikes
|turn|11
|
|t:|1759033438
|-end|p2a: Objective:Spin|Protosynthesis|[silent]
|switch|p2a: Heart of Gold|Gholdengo|94/100
|-damage|p2a: Heart of Gold|88/100|[from] Stealth Rock
|move|p1a: Iron Crown|Psychic Noise|p2a: Heart of Gold
|-resisted|p2a: Heart of Gold
|-damage|p2a: Heart of Gold|58/100
|-start|p2a: Heart of Gold|move: Heal Block
|
|upkeep
|turn|12
|inactive|Bananacrazy has 120 seconds left.
|
|t:|1759033476
|-end|p1a: Iron Crown|Quark Drive|[silent]
|switch|p1a: Great Tusk|Great Tusk|45/100
|-damage|p1a: Great Tusk|33/100|[from] Spikes
|move|p2a: Heart of Gold|Shadow Ball|p1a: Great Tusk
|-damage|p1a: Great Tusk|0 fnt
|faint|p1a: Great Tusk
|-end|p1a: Great Tusk|Protosynthesis|[silent]
|
|-end|p2a: Heart of Gold|move: Heal Block
|upkeep
|
|t:|1759033485
|switch|p1a: Landorus|Landorus-Therian, M|100/100
|-ability|p1a: Landorus|Intimidate|boost
|-unboost|p2a: Heart of Gold|atk|1
|turn|13
|
|t:|1759033496
|switch|p2a: Objective:Spin|Great Tusk|98/100
|-damage|p2a: Objective:Spin|95/100|[from] Stealth Rock
|move|p1a: Landorus|Earthquake|p2a: Objective:Spin
|-damage|p2a: Objective:Spin|45/100
|
|upkeep
|turn|14
|
|t:|1759033510
|move|p1a: Landorus|Earthquake|p2a: Objective:Spin
|-damage|p2a: Objective:Spin|0 fnt
|faint|p2a: Objective:Spin
|-end|p2a: Objective:Spin|Protosynthesis|[silent]
|
|upkeep
|
|t:|1759033515
|switch|p2a: Tusk Buster|Ogerpon-Wellspring, F|52/100
|-damage|p2a: Tusk Buster|39/100|[from] Stealth Rock
|turn|15
|
|t:|1759033523
|switch|p1a: Pecharunt|Pecharunt|81/100
|-damage|p1a: Pecharunt|69/100|[from] Spikes
|move|p2a: Tusk Buster|Ivy Cudgel|p1a: Pecharunt|[anim] Ivy Cudgel Water
|-damage|p1a: Pecharunt|36/100
|
|upkeep
|turn|16
|
|t:|1759033533
|switch|p2a: THE FIRE GOAT|Heatran, F|96/100
|-damage|p2a: THE FIRE GOAT|83/100|[from] Stealth Rock
|move|p1a: Pecharunt|Recover|p1a: Pecharunt
|-heal|p1a: Pecharunt|86/100
|
|upkeep
|turn|17
|
|t:|1759033538
|move|p1a: Pecharunt|Parting Shot|p2a: THE FIRE GOAT
|-unboost|p2a: THE FIRE GOAT|atk|1
|-unboost|p2a: THE FIRE GOAT|spa|1
|
|t:|1759033541
|switch|p1a: Ogerpon|Ogerpon-Wellspring, F|100/100|[from] Parting Shot
|-damage|p1a: Ogerpon|88/100|[from] Spikes
|move|p2a: THE FIRE GOAT|Magma Storm|p1a: Ogerpon
|-damage|p1a: Ogerpon|62/100
|-activate|p1a: Ogerpon|move: Magma Storm|[of] p2a: THE FIRE GOAT
|
|-damage|p1a: Ogerpon|49/100|[from] move: Magma Storm|[partiallytrapped]
|upkeep
|turn|18
|
|t:|1759033548
|switch|p2a: Tusk Buster|Ogerpon-Wellspring, F|39/100
|-damage|p2a: Tusk Buster|27/100|[from] Stealth Rock
|move|p1a: Ogerpon|Synthesis|p1a: Ogerpon
|-heal|p1a: Ogerpon|99/100
|
|-end|p1a: Ogerpon|Magma Storm|[partiallytrapped]|[silent]
|upkeep
|turn|19
|
|t:|1759033552
|switch|p2a: THE THUNDERBOLT|Raging Bolt|100/100
|move|p1a: Ogerpon|Trailblaze|p2a: THE THUNDERBOLT
|-resisted|p2a: THE THUNDERBOLT
|-damage|p2a: THE THUNDERBOLT|89/100
|-boost|p1a: Ogerpon|spe|1
|
|upkeep
|turn|20
|
|t:|1759033568
|move|p1a: Ogerpon|Ivy Cudgel|p2a: THE THUNDERBOLT|[anim] Ivy Cudgel Water
|-resisted|p2a: THE THUNDERBOLT
|-damage|p2a: THE THUNDERBOLT|62/100
|move|p2a: THE THUNDERBOLT|Thunder Wave|p1a: Ogerpon
|-status|p1a: Ogerpon|par
|
|upkeep
|turn|21
|
|t:|1759033580
|move|p2a: THE THUNDERBOLT|Draco Meteor|p1a: Ogerpon
|-damage|p1a: Ogerpon|30/100 par
|-unboost|p2a: THE THUNDERBOLT|spa|2
|move|p1a: Ogerpon|Trailblaze|p2a: THE THUNDERBOLT
|-resisted|p2a: THE THUNDERBOLT
|-damage|p2a: THE THUNDERBOLT|49/100
|-boost|p1a: Ogerpon|spe|1
|
|upkeep
|turn|22
|
|t:|1759033584
|move|p1a: Ogerpon|Synthesis|p1a: Ogerpon
|-heal|p1a: Ogerpon|80/100 par
|move|p2a: THE THUNDERBOLT|Volt Switch|p1a: Ogerpon
|-damage|p1a: Ogerpon|59/100 par
|
|t:|1759033586
|-end|p2a: THE THUNDERBOLT|Protosynthesis|[silent]
|switch|p2a: Tusk Buster|Ogerpon-Wellspring, F|27/100|[from] Volt Switch
|-damage|p2a: Tusk Buster|15/100|[from] Stealth Rock
|
|upkeep
|turn|23
|
|t:|1759033590
|move|p2a: Tusk Buster|Ivy Cudgel|p1a: Ogerpon|[anim] Ivy Cudgel Water
|-heal|p1a: Ogerpon|84/100 par|[from] ability: Water Absorb|[of] p2a: Tusk Buster
|move|p1a: Ogerpon|Trailblaze|p2a: Tusk Buster
|-damage|p2a: Tusk Buster|0 fnt
|-boost|p1a: Ogerpon|spe|1
|faint|p2a: Tusk Buster
|
|upkeep
|
|t:|1759033593
|switch|p2a: Heart of Gold|Gholdengo|58/100
|-damage|p2a: Heart of Gold|52/100|[from] Stealth Rock
|turn|24
|
|t:|1759033596
|move|p2a: Heart of Gold|Hex|p1a: Ogerpon
|-damage|p1a: Ogerpon|19/100 par
|move|p1a: Ogerpon|Ivy Cudgel|p2a: Heart of Gold|[anim] Ivy Cudgel Water
|-damage|p2a: Heart of Gold|0 fnt
|faint|p2a: Heart of Gold
|
|upkeep
|
|t:|1759033599
|switch|p2a: THE FIRE GOAT|Heatran, F|83/100
|-damage|p2a: THE FIRE GOAT|71/100|[from] Stealth Rock
|turn|25
|-message|ElPrincipeMilito forfeited.
|
|win|Bananacrazy
|raw|Bananacrazy's rating: 1555 &rarr; <strong>1576</strong><br />(+21 for winning)
|raw|ElPrincipeMilito's rating: 1570 &rarr; <strong>1549</strong><br />(-21 for losing)
|l|☆ElPrincipeMilito
|player|p2|
|l|☆Bananacrazy
|player|p1|
|j|☆Bananacrazy
|player|p1|Bananacrazy|2|
|l|☆Bananacrazy
|player|p1|
