|j|☆Panther56
|j|☆Adadoo
|t:|1759031891
|gametype|singles
|player|p1|Panther56|burglar|1474
|player|p2|Adadoo|102|1473
|gen|9
|tier|[Gen 9] OU
|rated|
|rule|HP Percentage Mod: HP is shown in percentages
|rule|Endless Battle Clause: Forcing endless battles is banned
|rule|Species Clause: Limit one of each Pokémon
|rule|OHKO Clause: OHKO moves are banned
|rule|Evasion Items Clause: Evasion items are banned
|rule|Evasion Moves Clause: Evasion moves are banned
|rule|Evasion Abilities Clause: Evasion abilities are banned
|rule|Sleep Moves Clause: Sleep-inducing moves are banned
|clearpoke
|poke|p1|Great Tusk|
|poke|p1|Heatran, M|
|poke|p1|Weavile, M|
|poke|p1|Primarina, M|
|poke|p1|Ogerpon, F|
|poke|p1|Pecharunt|
|poke|p2|Ursaluna, M|
|poke|p2|Cresselia, F|
|poke|p2|Iron Valiant|
|poke|p2|Hatterene, F|
|poke|p2|Keldeo-Resolute|
|poke|p2|Ogerpon, F|
|teampreview
|inactive|Battle timer is ON: inactive players will automatically lose when time's up. (requested by Adadoo)
|inactive|Adadoo has 120 seconds left.
|
|t:|1759031934
|teamsize|p1|6
|teamsize|p2|6
|start
|switch|p1a: Ogerpon|Ogerpon, F|100/100
|switch|p2a: Keldeo|Keldeo-Resolute|100/100
|turn|1
|
|t:|1759031941
|switch|p2a: Cresselia|Cresselia, F, shiny|100/100
|move|p1a: Ogerpon|Ivy Cudgel|p2a: Cresselia
|-damage|p2a: Cresselia|62/100
|
|upkeep
|turn|2
|
|t:|1759031967
|move|p1a: Ogerpon|Ivy Cudgel|p2a: Cresselia
|-damage|p2a: Cresselia|20/100
|move|p2a: Cresselia|Trick Room|p2a: Cresselia
|-fieldstart|move: Trick Room|[of] p2a: Cresselia
|
|upkeep
|turn|3
|inactive|Panther56 has 120 seconds left.
|
|t:|1759031986
|move|p2a: Cresselia|Ice Beam|p1a: Ogerpon
|-supereffective|p1a: Ogerpon
|-crit|p1a: Ogerpon
|-damage|p1a: Ogerpon|45/100
|-status|p1a: Ogerpon|frz
|cant|p1a: Ogerpon|frz
|
|upkeep
|turn|4
|
|t:|1759031996
|switch|p2a: Ursaluna|Ursaluna, M, shiny|100/100
|cant|p1a: Ogerpon|frz
|
|-status|p2a: Ursaluna|brn|[from] item: Flame Orb
|upkeep
|turn|5
|
|t:|1759032002
|switch|p1a: Pecharunt|Pecharunt|100/100
|move|p2a: Ursaluna|Ice Punch|p1a: Pecharunt
|-damage|p1a: Pecharunt|80/100
|-damage|p2a: Ursaluna|84/100 brn|[from] item: Rocky Helmet|[of] p1a: Pecharunt
|
|-damage|p2a: Ursaluna|78/100 brn|[from] brn
|upkeep
|turn|6
|
|t:|1759032016
|-terastallize|p1a: Pecharunt|Fairy
|move|p2a: Ursaluna|Headlong Rush|p1a: Pecharunt
|-damage|p1a: Pecharunt|26/100
|-unboost|p2a: Ursaluna|def|1
|-unboost|p2a: Ursaluna|spd|1
|-damage|p2a: Ursaluna|61/100 brn|[from] item: Rocky Helmet|[of] p1a: Pecharunt
|move|p1a: Pecharunt|Recover|p1a: Pecharunt
|-heal|p1a: Pecharunt|76/100
|
|-damage|p2a: Ursaluna|55/100 brn|[from] brn
|-fieldend|move: Trick Room
|upkeep
|turn|7
|
|t:|1759032035
|switch|p2a: Cresselia|Cresselia, F, shiny|20/100
|move|p1a: Pecharunt|Malignant Chain|p2a: Cresselia
|-damage|p2a: Cresselia|0 fnt
|faint|p2a: Cresselia
|
|upkeep
|
|t:|1759032045
|switch|p2a: Keldeo|Keldeo-Resolute|100/100
|turn|8
|
|t:|1759032054
|switch|p1a: Ogerpon|Ogerpon, F|45/100 frz
|move|p2a: Keldeo|Flip Turn|p1a: Ogerpon
|-resisted|p1a: Ogerpon
|-damage|p1a: Ogerpon|36/100 frz
|
|t:|1759032063
|switch|p2a: Hatterene|Hatterene, F, shiny|100/100|[from] Flip Turn
|
|upkeep
|turn|9
|
|t:|1759032072
|switch|p1a: Heatran|Heatran, M|100/100
|-item|p1a: Heatran|Air Balloon
|move|p2a: Hatterene|Trick Room|p2a: Hatterene
|-fieldstart|move: Trick Room|[of] p2a: Hatterene
|
|upkeep
|turn|10
|
|t:|1759032097
|move|p2a: Hatterene|Psychic Noise|p1a: Heatran
|-resisted|p1a: Heatran
|-damage|p1a: Heatran|78/100
|-start|p1a: Heatran|move: Heal Block
|-enditem|p1a: Heatran|Air Balloon
|move|p1a: Heatran|Magma Storm|p2a: Hatterene|[miss]
|-miss|p1a: Heatran|p2a: Hatterene
|
|upkeep
|turn|11
|
|t:|1759032122
|move|p2a: Hatterene|Healing Wish|p2a: Hatterene
|faint|p2a: Hatterene
|move|p1a: Heatran|Magma Storm|p2: Hatterene|[notarget]
|-fail|p1a: Heatran
|
|-end|p1a: Heatran|move: Heal Block
|upkeep
|
|t:|1759032124
|switch|p2a: Ursaluna|Ursaluna, M, shiny|55/100 brn
|-heal|p2a: Ursaluna|100/100|[from] move: Healing Wish
|turn|12
|
|t:|1759032135
|switch|p1a: Pecharunt|Pecharunt, tera:Fairy|76/100
|move|p2a: Ursaluna|Headlong Rush|p1a: Pecharunt
|-damage|p1a: Pecharunt|41/100
|-unboost|p2a: Ursaluna|def|1
|-unboost|p2a: Ursaluna|spd|1
|-damage|p2a: Ursaluna|84/100|[from] item: Rocky Helmet|[of] p1a: Pecharunt
|
|-status|p2a: Ursaluna|brn|[from] item: Flame Orb
|upkeep
|turn|13
|
|t:|1759032146
|switch|p1a: Ogerpon|Ogerpon, F|36/100 frz
|move|p2a: Ursaluna|Headlong Rush|p1a: Ogerpon
|-resisted|p1a: Ogerpon
|-crit|p1a: Ogerpon
|-damage|p1a: Ogerpon|0 fnt
|-unboost|p2a: Ursaluna|def|1
|-unboost|p2a: Ursaluna|spd|1
|faint|p1a: Ogerpon
|
|-damage|p2a: Ursaluna|78/100 brn|[from] brn
|-fieldend|move: Trick Room
|upkeep
|
|t:|1759032157
|switch|p1a: Pecharunt|Pecharunt, tera:Fairy|41/100
|turn|14
|
|t:|1759032163
|move|p1a: Pecharunt|Recover|p1a: Pecharunt
|-heal|p1a: Pecharunt|92/100
|move|p2a: Ursaluna|Headlong Rush|p1a: Pecharunt
|-damage|p1a: Pecharunt|39/100
|-unboost|p2a: Ursaluna|def|1
|-unboost|p2a: Ursaluna|spd|1
|-damage|p2a: Ursaluna|61/100 brn|[from] item: Rocky Helmet|[of] p1a: Pecharunt
|
|-damage|p2a: Ursaluna|55/100 brn|[from] brn
|upkeep
|turn|15
|
|t:|1759032172
|move|p1a: Pecharunt|Recover|p1a: Pecharunt
|-heal|p1a: Pecharunt|89/100
|move|p2a: Ursaluna|Facade|p1a: Pecharunt
|-damage|p1a: Pecharunt|28/100
|-damage|p2a: Ursaluna|39/100 brn|[from] item: Rocky Helmet|[of] p1a: Pecharunt
|
|-damage|p2a: Ursaluna|32/100 brn|[from] brn
|upkeep
|turn|16
|
|t:|1759032185
|move|p1a: Pecharunt|Malignant Chain|p2a: Ursaluna
|-resisted|p2a: Ursaluna
|-damage|p2a: Ursaluna|0 fnt
|faint|p2a: Ursaluna
|
|upkeep
|
|t:|1759032191
|switch|p2a: Keldeo|Keldeo-Resolute|100/100
|turn|17
|
|t:|1759032196
|switch|p1a: Primarina|Primarina, M|100/100
|move|p2a: Keldeo|Surf|p1a: Primarina
|-resisted|p1a: Primarina
|-damage|p1a: Primarina|80/100
|
|upkeep
|turn|18
|
|t:|1759032202
|switch|p2a: Ogerpon|Ogerpon, F|100/100
|move|p1a: Primarina|Moonblast|p2a: Ogerpon
|-damage|p2a: Ogerpon|41/100
|
|upkeep
|turn|19
|
|t:|1759032210
|switch|p1a: Heatran|Heatran, M|78/100
|move|p2a: Ogerpon|Superpower|p1a: Heatran
|-supereffective|p1a: Heatran
|-damage|p1a: Heatran|0 fnt
|-unboost|p2a: Ogerpon|atk|1
|-unboost|p2a: Ogerpon|def|1
|faint|p1a: Heatran
|
|upkeep
|
|t:|1759032227
|switch|p1a: Weavile|Weavile, M|100/100
|-ability|p1a: Weavile|Pressure
|turn|20
|
|t:|1759032252
|switch|p2a: Keldeo|Keldeo-Resolute|100/100
|move|p1a: Weavile|Knock Off|p2a: Keldeo
|-resisted|p2a: Keldeo
|-damage|p2a: Keldeo|59/100
|-ability|p2a: Keldeo|Justified|boost
|-boost|p2a: Keldeo|atk|1
|-enditem|p2a: Keldeo|Choice Specs|[from] move: Knock Off|[of] p1a: Weavile
|
|upkeep
|turn|21
|
|t:|1759032260
|switch|p1a: Primarina|Primarina, M|80/100
|move|p2a: Keldeo|Flip Turn|p1a: Primarina
|-resisted|p1a: Primarina
|-damage|p1a: Primarina|66/100
|
|t:|1759032264
|switch|p2a: Ogerpon|Ogerpon, F|41/100|[from] Flip Turn
|
|upkeep
|turn|22
|
|t:|1759032268
|switch|p1a: Pecharunt|Pecharunt, tera:Fairy|28/100
|move|p2a: Ogerpon|Ivy Cudgel|p1a: Pecharunt
|-damage|p1a: Pecharunt|0 fnt
|faint|p1a: Pecharunt
|
|upkeep
|
|t:|1759032274
|switch|p1a: Weavile|Weavile, M|100/100
|-ability|p1a: Weavile|Pressure
|turn|23
|
|t:|1759032280
|switch|p2a: Keldeo|Keldeo-Resolute|59/100
|move|p1a: Weavile|Triple Axel|p2a: Keldeo
|-resisted|p2a: Keldeo
|-damage|p2a: Keldeo|50/100
|-resisted|p2a: Keldeo
|-damage|p2a: Keldeo|34/100
|-resisted|p2a: Keldeo
|-damage|p2a: Keldeo|9/100
|-hitcount|p2a: Keldeo|3
|
|upkeep
|turn|24
|inactive|Adadoo has 120 seconds left.
|
|t:|1759032326
|switch|p1a: Primarina|Primarina, M|66/100
|move|p2a: Keldeo|Flip Turn|p1a: Primarina
|-resisted|p1a: Primarina
|-damage|p1a: Primarina|58/100
|
|t:|1759032328
|switch|p2a: Ogerpon|Ogerpon, F|41/100|[from] Flip Turn
|
|upkeep
|turn|25
|
|t:|1759032341
|switch|p1a: Great Tusk|Great Tusk|100/100
|move|p2a: Ogerpon|Ivy Cudgel|p1a: Great Tusk
|-supereffective|p1a: Great Tusk
|-damage|p1a: Great Tusk|0 fnt
|faint|p1a: Great Tusk
|-end|p1a: Great Tusk|Protosynthesis|[silent]
|
|upkeep
|
|t:|1759032347
|switch|p1a: Weavile|Weavile, M|100/100
|-ability|p1a: Weavile|Pressure
|turn|26
|inactive|Adadoo has 120 seconds left.
|
|t:|1759032374
|-terastallize|p2a: Ogerpon|Grass
|detailschange|p2a: Ogerpon|Ogerpon-Teal-Tera, F, tera:Grass
|-ability|p2a: Ogerpon|Embody Aspect (Teal)|boost
|-boost|p2a: Ogerpon|spe|1
|move|p1a: Weavile|Ice Shard|p2a: Ogerpon
|-supereffective|p2a: Ogerpon
|-damage|p2a: Ogerpon|0 fnt
|faint|p2a: Ogerpon
|detailschange|p2: Ogerpon|Ogerpon, F|[silent]
|
|upkeep
|
|t:|1759032377
|switch|p2a: Iron Valiant|Iron Valiant|100/100
|-enditem|p2a: Iron Valiant|Booster Energy
|-activate|p2a: Iron Valiant|ability: Quark Drive|[fromitem]
|-start|p2a: Iron Valiant|quarkdrivespe
|turn|27
|inactive|Panther56 has 120 seconds left.
|inactive|Panther56 has 90 seconds left.
|
|t:|1759032442
|switch|p1a: Primarina|Primarina, M|58/100
|move|p2a: Iron Valiant|Moonblast|p1a: Primarina
|-damage|p1a: Primarina|31/100
|-unboost|p1a: Primarina|spa|1
|
|upkeep
|turn|28
|inactive|Panther56 has 90 seconds left.
|inactive|Adadoo has 120 seconds left.
|
|t:|1759032463
|move|p2a: Iron Valiant|Close Combat|p1a: Primarina
|-resisted|p1a: Primarina
|-damage|p1a: Primarina|0 fnt
|-unboost|p2a: Iron Valiant|def|1
|-unboost|p2a: Iron Valiant|spd|1
|faint|p1a: Primarina
|
|upkeep
|inactive|Panther56 has 90 seconds left.
|
|t:|1759032470
|switch|p1a: Weavile|Weavile, M|100/100
|-ability|p1a: Weavile|Pressure
|turn|29
|
|t:|1759032479
|move|p1a: Weavile|Ice Shard|p2a: Iron Valiant
|-damage|p2a: Iron Valiant|42/100
|move|p2a: Iron Valiant|Close Combat|p1a: Weavile
|-supereffective|p1a: Weavile
|-damage|p1a: Weavile|0 fnt
|-unboost|p2a: Iron Valiant|def|1
|-unboost|p2a: Iron Valiant|spd|1
|faint|p1a: Weavile
|
|win|Adadoo
|raw|Panther56's rating: 1474 &rarr; <strong>1454</strong><br />(-20 for losing)
|raw|Adadoo's rating: 1473 &rarr; <strong>1493</strong><br />(+20 for winning)
|l|☆Panther56
|player|p1|
|l|☆Adadoo
|player|p2|
