|j|☆ShinyAssassinx
|j|☆preppy dude
|t:|1759042109
|gametype|singles
|player|p1|ShinyAssassinx|265|1227
|player|p2|preppy dude|265|1251
|gen|9
|tier|[Gen 9] OU
|rated|
|rule|HP Percentage Mod: HP is shown in percentages
|rule|Endless Battle Clause: Forcing endless battles is banned
|rule|Species Clause: Limit one of each Pokémon
|rule|OHKO Clause: OHKO moves are banned
|rule|Evasion Items Clause: Evasion items are banned
|rule|Evasion Moves Clause: Evasion moves are banned
|rule|Evasion Abilities Clause: Evasion abilities are banned
|rule|Sleep Moves Clause: Sleep-inducing moves are banned
|clearpoke
|poke|p1|Breloom, M|
|poke|p1|Krookodile, M|
|poke|p1|Araquanid, M|
|poke|p1|Conkeldurr, F|
|poke|p1|Skeledirge, F|
|poke|p1|Scizor, M|
|poke|p2|Zapdos|
|poke|p2|Golem, F|
|poke|p2|Arbok, F|
|poke|p2|Rhydon, F|
|poke|p2|Magneton|
|poke|p2|Dodrio, F|
|teampreview
|inactive|Battle timer is ON: inactive players will automatically lose when time's up. (requested by ShinyAssassinx)
|
|t:|1759042135
|teamsize|p1|6
|teamsize|p2|6
|start
|switch|p1a: Conkeldurr|Conkeldurr, F|100/100
|switch|p2a: Golem|Golem, F|100/100
|turn|1
|
|t:|1759042145
|move|p1a: Conkeldurr|Dynamic Punch|p2a: Golem|[miss]
|-miss|p1a: Conkeldurr|p2a: Golem
|-enditem|p1a: Conkeldurr|Blunder Policy
|-boost|p1a: Conkeldurr|spe|2
|move|p2a: Golem|Stealth Rock|p1a: Conkeldurr
|-sidestart|p1: ShinyAssassinx|move: Stealth Rock
|
|upkeep
|turn|2
|
|t:|1759042153
|move|p1a: Conkeldurr|Stomping Tantrum|p2a: Golem
|-supereffective|p2a: Golem
|-ability|p2a: Golem|Sturdy
|-damage|p2a: Golem|1/100
|move|p2a: Golem|Explosion|p1a: Conkeldurr
|-damage|p1a: Conkeldurr|15/100
|faint|p2a: Golem
|
|upkeep
|
|t:|1759042164
|switch|p2a: Dodrio|Dodrio, F|100/100
|turn|3
|
|t:|1759042168
|move|p2a: Dodrio|Quick Attack|p1a: Conkeldurr
|-damage|p1a: Conkeldurr|0 fnt
|faint|p1a: Conkeldurr
|
|upkeep
|
|t:|1759042176
|switch|p1a: Scizor|Scizor, M|100/100
|-damage|p1a: Scizor|88/100|[from] Stealth Rock
|turn|4
|
|t:|1759042182
|switch|p2a: Arbok|Arbok, F|100/100
|-ability|p2a: Arbok|Intimidate|boost
|-unboost|p1a: Scizor|atk|1
|move|p1a: Scizor|Knock Off|p2a: Arbok
|-damage|p2a: Arbok|68/100
|-enditem|p2a: Arbok|Choice Scarf|[from] move: Knock Off|[of] p1a: Scizor
|
|-heal|p1a: Scizor|94/100|[from] item: Leftovers
|upkeep
|turn|5
|
|t:|1759042198
|switch|p1a: Skeledirge|Skeledirge, F|100/100
|-damage|p1a: Skeledirge|75/100|[from] Stealth Rock
|move|p2a: Arbok|Pain Split|p1a: Skeledirge
|-sethp|p1a: Skeledirge|65/100|[from] move: Pain Split|[silent]
|-sethp|p2a: Arbok|82/100|[from] move: Pain Split
|
|-heal|p1a: Skeledirge|71/100|[from] item: Leftovers
|upkeep
|turn|6
|
|t:|1759042208
|move|p2a: Arbok|Poison Fang|p1a: Skeledirge
|-resisted|p1a: Skeledirge
|-damage|p1a: Skeledirge|64/100
|move|p1a: Skeledirge|Torch Song|p2a: Arbok
|-damage|p2a: Arbok|27/100
|-boost|p1a: Skeledirge|spa|1
|
|-heal|p1a: Skeledirge|70/100|[from] item: Leftovers
|upkeep
|turn|7
|
|t:|1759042221
|switch|p2a: Rhydon|Rhydon, F|100/100
|move|p1a: Skeledirge|Torch Song|p2a: Rhydon
|-resisted|p2a: Rhydon
|-damage|p2a: Rhydon|68/100
|-boost|p1a: Skeledirge|spa|1
|
|-heal|p1a: Skeledirge|76/100|[from] item: Leftovers
|upkeep
|turn|8
|
|t:|1759042231
|-terastallize|p1a: Skeledirge|Normal
|move|p1a: Skeledirge|Earth Power|p2a: Rhydon
|-supereffective|p2a: Rhydon
|-damage|p2a: Rhydon|0 fnt
|faint|p2a: Rhydon
|
|-heal|p1a: Skeledirge|82/100|[from] item: Leftovers
|upkeep
|
|t:|1759042241
|switch|p2a: Dodrio|Dodrio, F|100/100
|turn|9
|
|t:|1759042246
|move|p2a: Dodrio|Thrash|p1a: Skeledirge
|-damage|p1a: Skeledirge|32/100
|move|p1a: Skeledirge|Torch Song|p2a: Dodrio
|-damage|p2a: Dodrio|0 fnt
|-boost|p1a: Skeledirge|spa|1
|faint|p2a: Dodrio
|
|-heal|p1a: Skeledirge|38/100|[from] item: Leftovers
|upkeep
|
|t:|1759042256
|switch|p2a: Magneton|Magneton|100/100
|turn|10
|
|t:|1759042261
|move|p2a: Magneton|Steel Beam|p1a: Skeledirge
|-damage|p1a: Skeledirge|0 fnt
|-damage|p2a: Magneton|50/100|[from] steelbeam
|faint|p1a: Skeledirge
|
|upkeep
|
|t:|1759042266
|switch|p1a: Breloom|Breloom, M|100/100
|-damage|p1a: Breloom|94/100|[from] Stealth Rock
|turn|11
|
|t:|1759042271
|switch|p2a: Zapdos|Zapdos|100/100
|move|p1a: Breloom|Mach Punch|p2a: Zapdos
|-resisted|p2a: Zapdos
|-damage|p2a: Zapdos|87/100
|
|-heal|p2a: Zapdos|93/100|[from] item: Leftovers
|upkeep
|turn|12
|
|t:|1759042279
|move|p1a: Breloom|Rock Tomb|p2a: Zapdos|[miss]
|-miss|p1a: Breloom|p2a: Zapdos
|move|p2a: Zapdos|Air Cutter|p1a: Breloom
|-supereffective|p1a: Breloom
|-damage|p1a: Breloom|0 fnt
|faint|p1a: Breloom
|
|-heal|p2a: Zapdos|99/100|[from] item: Leftovers
|upkeep
|
|t:|1759042291
|switch|p1a: Krookodile|Krookodile, M|100/100
|-damage|p1a: Krookodile|94/100|[from] Stealth Rock
|turn|13
|
|t:|1759042295
|move|p2a: Zapdos|Protect|p2a: Zapdos
|-singleturn|p2a: Zapdos|Protect
|move|p1a: Krookodile|Crunch|p2a: Zapdos
|-activate|p2a: Zapdos|move: Protect
|
|-heal|p2a: Zapdos|100/100|[from] item: Leftovers
|upkeep
|turn|14
|
|t:|1759042303
|move|p1a: Krookodile|Crunch|p2a: Zapdos
|-damage|p2a: Zapdos|67/100
|-status|p1a: Krookodile|par|[from] ability: Static|[of] p2a: Zapdos
|move|p2a: Zapdos|Air Cutter|p1a: Krookodile
|-crit|p1a: Krookodile
|-damage|p1a: Krookodile|44/100 par
|
|-heal|p2a: Zapdos|73/100|[from] item: Leftovers
|upkeep
|turn|15
|
|t:|1759042313
|move|p2a: Zapdos|Air Cutter|p1a: Krookodile
|-crit|p1a: Krookodile
|-damage|p1a: Krookodile|0 fnt
|faint|p1a: Krookodile
|
|-heal|p2a: Zapdos|79/100|[from] item: Leftovers
|upkeep
|
|t:|1759042315
|switch|p1a: Scizor|Scizor, M|94/100
|-damage|p1a: Scizor|82/100|[from] Stealth Rock
|turn|16
|
|t:|1759042323
|move|p2a: Zapdos|Protect|p2a: Zapdos
|-singleturn|p2a: Zapdos|Protect
|move|p1a: Scizor|Knock Off|p2a: Zapdos
|-activate|p2a: Zapdos|move: Protect
|
|-heal|p2a: Zapdos|86/100|[from] item: Leftovers
|-heal|p1a: Scizor|88/100|[from] item: Leftovers
|upkeep
|turn|17
|
|t:|1759042331
|move|p2a: Zapdos|Discharge|p1a: Scizor
|-damage|p1a: Scizor|44/100
|move|p1a: Scizor|Knock Off|p2a: Zapdos
|-damage|p2a: Zapdos|59/100
|-enditem|p2a: Zapdos|Leftovers|[from] move: Knock Off|[of] p1a: Scizor
|
|-heal|p1a: Scizor|50/100|[from] item: Leftovers
|upkeep
|turn|18
|
|t:|1759042340
|move|p1a: Scizor|Bullet Punch|p2a: Zapdos
|-resisted|p2a: Zapdos
|-damage|p2a: Zapdos|47/100
|move|p2a: Zapdos|Discharge|p1a: Scizor
|-damage|p1a: Scizor|11/100
|
|-heal|p1a: Scizor|17/100|[from] item: Leftovers
|upkeep
|turn|19
|
|t:|1759042349
|move|p1a: Scizor|Bullet Punch|p2a: Zapdos
|-resisted|p2a: Zapdos
|-damage|p2a: Zapdos|33/100
|move|p2a: Zapdos|Roost|p2a: Zapdos
|-heal|p2a: Zapdos|83/100
|-singleturn|p2a: Zapdos|move: Roost
|
|-heal|p1a: Scizor|23/100|[from] item: Leftovers
|upkeep
|turn|20
|
|t:|1759042368
|move|p1a: Scizor|Bullet Punch|p2a: Zapdos
|-resisted|p2a: Zapdos
|-damage|p2a: Zapdos|70/100
|-status|p1a: Scizor|par|[from] ability: Static|[of] p2a: Zapdos
|move|p2a: Zapdos|Discharge|p1a: Scizor
|-damage|p1a: Scizor|0 fnt
|faint|p1a: Scizor
|
|upkeep
|
|t:|1759042370
|switch|p1a: Araquanid|Araquanid, M|100/100
|-damage|p1a: Araquanid|76/100|[from] Stealth Rock
|turn|21
|
|t:|1759042381
|move|p2a: Zapdos|Discharge|p1a: Araquanid
|-supereffective|p1a: Araquanid
|-damage|p1a: Araquanid|17/100
|move|p1a: Araquanid|Hydro Pump|p2a: Zapdos
|-damage|p2a: Zapdos|0 fnt
|faint|p2a: Zapdos
|
|upkeep
|
|t:|1759042390
|switch|p2a: Magneton|Magneton|50/100
|turn|22
|
|t:|1759042393
|move|p2a: Magneton|Discharge|p1a: Araquanid
|-supereffective|p1a: Araquanid
|-damage|p1a: Araquanid|0 fnt
|faint|p1a: Araquanid
|
|win|preppy dude
|raw|ShinyAssassinx's rating: 1227 &rarr; <strong>1204</strong><br />(-23 for losing)
|raw|preppy dude's rating: 1251 &rarr; <strong>1274</strong><br />(+23 for winning)
|l|☆ShinyAssassinx
|player|p1|
|c|☆preppy dude|Gg
|l|☆preppy dude
|player|p2|
