|j|☆R3N_TTV
|j|☆victory 4 u
|t:|1758999481
|gametype|singles
|player|p1|R3N_TTV|wallace|1126
|player|p2|victory 4 u|266|1108
|gen|9
|tier|[Gen 9] OU
|rated|
|rule|HP Percentage Mod: HP is shown in percentages
|rule|Endless Battle Clause: Forcing endless battles is banned
|rule|Species Clause: Limit one of each Pokémon
|rule|OHKO Clause: OHKO moves are banned
|rule|Evasion Items Clause: Evasion items are banned
|rule|Evasion Moves Clause: Evasion moves are banned
|rule|Evasion Abilities Clause: Evasion abilities are banned
|rule|Sleep Moves Clause: Sleep-inducing moves are banned
|clearpoke
|poke|p1|Grimmsnarl, M|
|poke|p1|Iron Treads|
|poke|p1|Breloom, M|
|poke|p1|Gallade, M|
|poke|p1|Enamorus, F|
|poke|p1|Moltres-Galar|
|poke|p2|Masquerain, F|
|poke|p2|Cyclizar, M|
|poke|p2|Hippowdon, F|
|poke|p2|Ditto|
|poke|p2|Medicham, M|
|poke|p2|Dragapult, M|
|teampreview
|inactive|Battle timer is ON: inactive players will automatically lose when time's up. (requested by R3N_TTV)
|
|t:|1758999505
|teamsize|p1|6
|teamsize|p2|6
|start
|switch|p1a: Grimmsnarl|Grimmsnarl, M|100/100
|switch|p2a: Cyclizar|Cyclizar, M|100/100
|turn|1
|
|t:|1758999516
|move|p1a: Grimmsnarl|Taunt|p2a: Cyclizar
|-start|p2a: Cyclizar|move: Taunt
|move|p2a: Cyclizar|Iron Head|p1a: Grimmsnarl
|-supereffective|p1a: Grimmsnarl
|-damage|p1a: Grimmsnarl|33/100
|
|upkeep
|turn|2
|
|t:|1758999524
|switch|p2a: Ditto|Ditto|100/100
|-transform|p2a: Ditto|p1a: Grimmsnarl|[from] ability: Imposter
|move|p1a: Grimmsnarl|Reflect|p1a: Grimmsnarl
|-sidestart|p1: R3N_TTV|Reflect
|
|upkeep
|turn|3
|
|t:|1758999533
|move|p2a: Ditto|Reflect|p2a: Ditto
|-sidestart|p2: victory 4 u|Reflect
|move|p1a: Grimmsnarl|Light Screen|p1a: Grimmsnarl
|-sidestart|p1: R3N_TTV|move: Light Screen
|
|upkeep
|turn|4
|
|t:|1758999541
|switch|p2a: Masquerain|Masquerain, F|100/100
|-ability|p2a: Masquerain|Intimidate|boost
|-unboost|p1a: Grimmsnarl|atk|1
|switch|p1a: Iron Treads|Iron Treads|100/100
|-enditem|p1a: Iron Treads|Booster Energy
|-activate|p1a: Iron Treads|ability: Quark Drive|[fromitem]
|-start|p1a: Iron Treads|quarkdrivespe
|
|upkeep
|turn|5
|
|t:|1758999558
|switch|p2a: Medicham|Medicham, M|100/100
|move|p1a: Iron Treads|Knock Off|p2a: Medicham
|-damage|p2a: Medicham|79/100
|-enditem|p2a: Medicham|Choice Band|[from] move: Knock Off|[of] p1a: Iron Treads
|
|upkeep
|turn|6
|
|t:|1758999569
|move|p1a: Iron Treads|Stealth Rock|p2a: Medicham
|-sidestart|p2: victory 4 u|move: Stealth Rock
|move|p2a: Medicham|Psycho Cut|p1a: Iron Treads
|-resisted|p1a: Iron Treads
|-damage|p1a: Iron Treads|92/100
|
|upkeep
|turn|7
|
|t:|1758999576
|move|p1a: Iron Treads|Earthquake|p2a: Medicham
|-damage|p2a: Medicham|48/100
|move|p2a: Medicham|High Jump Kick|p1a: Iron Treads
|-supereffective|p1a: Iron Treads
|-damage|p1a: Iron Treads|28/100
|
|-sideend|p2: victory 4 u|Reflect
|upkeep
|turn|8
|
|t:|1758999586
|-end|p1a: Iron Treads|Quark Drive|[silent]
|switch|p1a: Breloom|Breloom, M|100/100
|move|p2a: Medicham|Drain Punch|p1a: Breloom
|-crit|p1a: Breloom
|-damage|p1a: Breloom|0 fnt
|-heal|p2a: Medicham|99/100|[from] drain|[of] p1a: Breloom
|faint|p1a: Breloom
|
|upkeep
|
|t:|1758999591
|switch|p1a: Enamorus|Enamorus, F|100/100
|turn|9
|
|t:|1758999597
|-terastallize|p1a: Enamorus|Stellar
|move|p1a: Enamorus|Tera Blast|p2a: Medicham|[anim] Tera Blast Stellar
|-damage|p2a: Medicham|31/100
|-boost|p1a: Enamorus|atk|1
|-boost|p1a: Enamorus|spa|1
|move|p2a: Medicham|Ice Punch|p1a: Enamorus
|-supereffective|p1a: Enamorus
|-damage|p1a: Enamorus|47/100
|
|-sideend|p1: R3N_TTV|Reflect
|upkeep
|turn|10
|
|t:|1758999607
|move|p1a: Enamorus|Tera Blast|p2a: Medicham|[anim] Tera Blast Stellar
|-damage|p2a: Medicham|0 fnt
|-boost|p1a: Enamorus|atk|1
|-boost|p1a: Enamorus|spa|1
|faint|p2a: Medicham
|
|-sideend|p1: R3N_TTV|move: Light Screen
|upkeep
|
|t:|1758999620
|switch|p2a: Ditto|Ditto|100/100
|-damage|p2a: Ditto|88/100|[from] Stealth Rock
|-transform|p2a: Ditto|p1a: Enamorus|[from] ability: Imposter
|-start|p2a: Ditto|typechange|Fairy/Flying|[silent]
|turn|11
|
|t:|1758999634
|move|p2a: Ditto|Moonblast|p1a: Enamorus
|-damage|p1a: Enamorus|0 fnt
|faint|p1a: Enamorus
|
|upkeep
|
|t:|1758999643
|switch|p1a: Iron Treads|Iron Treads|28/100
|turn|12
|
|t:|1758999655
|move|p2a: Ditto|Moonblast|p1a: Iron Treads
|-resisted|p1a: Iron Treads
|-damage|p1a: Iron Treads|0 fnt
|faint|p1a: Iron Treads
|-end|p1a: Iron Treads|Quark Drive|[silent]
|
|upkeep
|-message|R3N_TTV forfeited.
|
|win|victory 4 u
|raw|R3N_TTV's rating: 1126 &rarr; <strong>1100</strong><br />(-26 for losing)
|raw|victory 4 u's rating: 1108 &rarr; <strong>1134</strong><br />(+26 for winning)
|l|☆R3N_TTV
|player|p1|
|c|☆victory 4 u|gg
