|j|☆syn celebi
|j|☆ACJ0675
|t:|1758995056
|gametype|singles
|player|p1|syn celebi|170|1117
|player|p2|ACJ0675|skyla|1099
|gen|9
|tier|[Gen 9] OU
|rated|
|rule|HP Percentage Mod: HP is shown in percentages
|rule|Endless Battle Clause: Forcing endless battles is banned
|rule|Species Clause: Limit one of each Pokémon
|rule|OHKO Clause: OHKO moves are banned
|rule|Evasion Items Clause: Evasion items are banned
|rule|Evasion Moves Clause: Evasion moves are banned
|rule|Evasion Abilities Clause: Evasion abilities are banned
|rule|Sleep Moves Clause: Sleep-inducing moves are banned
|clearpoke
|poke|p1|Hatterene, F|
|poke|p1|Cresselia, F|
|poke|p1|Iron Hands|
|poke|p1|Crawdaunt, F|
|poke|p1|Torkoal, M|
|poke|p1|Kingambit, M|
|poke|p2|Chesnaught, M|
|poke|p2|Quagsire, M|
|poke|p2|Goodra-Hisui, M|
|poke|p2|Talonflame, F|
|poke|p2|Pecharunt|
|poke|p2|Florges-Blue, F|
|teampreview
|
|t:|1758995076
|teamsize|p1|6
|teamsize|p2|6
|start
|switch|p1a: Cresselia|Cresselia, F, shiny|100/100
|switch|p2a: SHH|Chesnaught, M, shiny|100/100
|turn|1
|
|t:|1758995083
|move|p2a: SHH|Wood Hammer|p1a: Cresselia
|-damage|p1a: Cresselia|77/100
|-damage|p2a: SHH|91/100|[from] Recoil
|move|p1a: Cresselia|Trick Room|p1a: Cresselia
|-fieldstart|move: Trick Room|[of] p1a: Cresselia
|
|upkeep
|turn|2
|inactive|Battle timer is ON: inactive players will automatically lose when time's up. (requested by syn celebi)
|
|t:|1758995092
|move|p2a: SHH|Spikes|p1a: Cresselia
|-sidestart|p1: syn celebi|Spikes
|move|p1a: Cresselia|Moonblast|p2a: SHH
|-supereffective|p2a: SHH
|-damage|p2a: SHH|52/100
|
|upkeep
|turn|3
|
|t:|1758995104
|switch|p1a: Hatterene|Hatterene, F, shiny|100/100
|-damage|p1a: Hatterene|88/100|[from] Spikes
|move|p2a: SHH|Synthesis|p2a: SHH
|-heal|p2a: SHH|100/100
|
|upkeep
|turn|4
|
|t:|1758995119
|switch|p2a: Maria|Florges-Blue, F, shiny|100/100
|move|p1a: Hatterene|Psychic|p2a: Maria
|-damage|p2a: Maria|57/100
|-damage|p1a: Hatterene|78/100|[from] item: Life Orb
|
|upkeep
|turn|5
|
|t:|1758995128
|move|p1a: Hatterene|Mystical Fire|p2a: Maria
|-damage|p2a: Maria|31/100
|-unboost|p2a: Maria|spa|1
|-damage|p1a: Hatterene|69/100|[from] item: Life Orb
|move|p2a: Maria|Calm Mind|p2a: Maria
|-boost|p2a: Maria|spa|1
|-boost|p2a: Maria|spd|1
|
|-fieldend|move: Trick Room
|upkeep
|turn|6
|
|t:|1758995140
|move|p2a: Maria|Synthesis|p2a: Maria
|-heal|p2a: Maria|81/100
|move|p1a: Hatterene|Mystical Fire|p2a: Maria
|-damage|p2a: Maria|64/100
|-unboost|p2a: Maria|spa|1
|-damage|p1a: Hatterene|59/100|[from] item: Life Orb
|
|upkeep
|turn|7
|
|t:|1758995154
|switch|p1a: Iron Hands|Iron Hands, shiny|100/100
|-damage|p1a: Iron Hands|88/100|[from] Spikes
|move|p2a: Maria|Calm Mind|p2a: Maria
|-boost|p2a: Maria|spa|1
|-boost|p2a: Maria|spd|1
|
|upkeep
|turn|8
|
|t:|1758995162
|move|p2a: Maria|Alluring Voice|p1a: Iron Hands
|-supereffective|p1a: Iron Hands
|-damage|p1a: Iron Hands|45/100
|move|p1a: Iron Hands|Heavy Slam|p2a: Maria
|-supereffective|p2a: Maria
|-crit|p2a: Maria
|-damage|p2a: Maria|0 fnt
|faint|p2a: Maria
|
|upkeep
|
|t:|1758995174
|switch|p2a: W00per|Quagsire, M|100/100
|turn|9
|l|☆syn celebi
|inactive|syn celebi disconnected and has a minute to reconnect!
|player|p1|
|j|☆syn celebi
|inactive|syn celebi reconnected and has 115 seconds left.
|player|p1|syn celebi|170|
|
|t:|1758995219
|-end|p1a: Iron Hands|Quark Drive|[silent]
|switch|p1a: Crawdaunt|Crawdaunt, F, shiny|100/100
|-damage|p1a: Crawdaunt|88/100|[from] Spikes
|move|p2a: W00per|Earthquake|p1a: Crawdaunt
|-damage|p1a: Crawdaunt|55/100
|
|upkeep
|turn|10
|l|☆syn celebi
|inactive|syn celebi disconnected and has a minute to reconnect!
|player|p1|
|inactive|syn celebi has 30 seconds to reconnect!
|inactive|syn celebi has 20 seconds to reconnect!
|inactive|syn celebi has 15 seconds to reconnect!
|inactive|syn celebi has 10 seconds to reconnect!
|inactive|syn celebi has 5 seconds to reconnect!
|-message|syn celebi lost due to inactivity.
|
|win|ACJ0675
|raw|syn celebi's rating: 1117 &rarr; <strong>1091</strong><br />(-26 for losing)
|raw|ACJ0675's rating: 1099 &rarr; <strong>1125</strong><br />(+26 for winning)
|l|☆ACJ0675
|player|p2|
