|j|☆kacatssss
|j|☆yapusa
|inactive|Battle timer is ON: inactive players will automatically lose when time's up.
|t:|1759037789
|gametype|singles
|player|p1|kacatssss|266|
|player|p2|yapusa|smasher|
|gen|9
|tier|[Gen 9] OU
|rated|Tournament battle
|rule|HP Percentage Mod: HP is shown in percentages
|rule|Endless Battle Clause: Forcing endless battles is banned
|rule|Species Clause: Limit one of each Pokémon
|rule|OHKO Clause: OHKO moves are banned
|rule|Evasion Items Clause: Evasion items are banned
|rule|Evasion Moves Clause: Evasion moves are banned
|rule|Evasion Abilities Clause: Evasion abilities are banned
|rule|Sleep Moves Clause: Sleep-inducing moves are banned
|raw|<div class="infobox"><details class="readmore"><summary><strong>15 custom rules:</strong></summary> -burmy, -caterpie, -combee, -kricketot, -magikarp, -scatterbug, -sunkern, -tynamo, -typenull, -weedle, -wurmple, -cosmog, -blipbug, -snom, -wynaut</details></div>
|clearpoke
|poke|p1|Bastiodon, M|
|poke|p1|Malamar, M|
|poke|p1|Cleffa, M|
|poke|p1|Tadbulb, M|
|poke|p2|Swanna, F|
|poke|p2|Cacnea, F|
|poke|p2|Litten, M|
|poke|p2|Arbok, F|
|teampreview
|j|*Lady Monita ☀
|j| 7thdegreemurder
|
|t:|1759037804
|teamsize|p1|4
|teamsize|p2|4
|start
|switch|p1a: Cleffa|Cleffa, M|100/100
|switch|p2a: Litten|Litten, M|100/100
|-ability|p2a: Litten|Intimidate|boost
|-unboost|p1a: Cleffa|atk|1
|turn|1
|
|t:|1759037816
|move|p2a: Litten|Will-O-Wisp|p1a: Cleffa
|-status|p1a: Cleffa|brn
|move|p1a: Cleffa|Chilling Water|p2a: Litten
|-supereffective|p2a: Litten
|-damage|p2a: Litten|81/100
|-unboost|p2a: Litten|atk|1
|
|-damage|p1a: Cleffa|95/100 brn|[from] brn
|upkeep
|turn|2
|
|t:|1759037827
|switch|p2a: Cacnea|Cacnea, F|100/100
|move|p1a: Cleffa|Thunder Wave|p2a: Cacnea
|-status|p2a: Cacnea|par
|
|-damage|p1a: Cleffa|89/100 brn|[from] brn
|upkeep
|turn|3
|inactive|kacatssss has 120 seconds left.
|
|t:|1759037878
|move|p1a: Cleffa|Chilling Water|p2a: Cacnea
|-immune|p2a: Cacnea|[from] ability: Water Absorb
|cant|p2a: Cacnea|par
|
|-damage|p1a: Cleffa|83/100 brn|[from] brn
|upkeep
|turn|4
|
|t:|1759037884
|move|p1a: Cleffa|Light Screen|p1a: Cleffa
|-sidestart|p1: kacatssss|move: Light Screen
|cant|p2a: Cacnea|par
|
|-damage|p1a: Cleffa|77/100 brn|[from] brn
|upkeep
|turn|5
|
|t:|1759037890
|switch|p1a: Malamar|Malamar, M|100/100
|cant|p2a: Cacnea|par
|
|upkeep
|turn|6
|
|t:|1759037895
|switch|p2a: Litten|Litten, M|81/100
|-ability|p2a: Litten|Intimidate|boost
|-boost|p1a: Malamar|atk|1
|move|p1a: Malamar|Superpower|p2a: Litten
|-damage|p2a: Litten|0 fnt
|-boost|p1a: Malamar|atk|1
|-boost|p1a: Malamar|def|1
|faint|p2a: Litten
|-damage|p1a: Malamar|91/100|[from] item: Life Orb
|
|upkeep
|
|t:|1759037901
|switch|p2a: Arbok|Arbok, F|100/100
|-ability|p2a: Arbok|Intimidate|boost
|-boost|p1a: Malamar|atk|1
|turn|7
|inactive|kacatssss has 120 seconds left.
|
|t:|1759037920
|-terastallize|p2a: Arbok|Dark
|move|p1a: Malamar|Knock Off|p2a: Arbok
|-resisted|p2a: Arbok
|-damage|p2a: Arbok|14/100
|-enditem|p2a: Arbok|Leftovers|[from] move: Knock Off|[of] p1a: Malamar
|-damage|p1a: Malamar|81/100|[from] item: Life Orb
|move|p2a: Arbok|Glare|p1a: Malamar
|-status|p1a: Malamar|par
|
|upkeep
|turn|8
|inactive|kacatssss has 120 seconds left.
|
|t:|1759037932
|move|p2a: Arbok|Coil|p2a: Arbok
|-boost|p2a: Arbok|atk|1
|-boost|p2a: Arbok|def|1
|-boost|p2a: Arbok|accuracy|1
|move|p1a: Malamar|Superpower|p2a: Arbok
|-supereffective|p2a: Arbok
|-damage|p2a: Arbok|0 fnt
|-boost|p1a: Malamar|atk|1
|-boost|p1a: Malamar|def|1
|faint|p2a: Arbok
|-damage|p1a: Malamar|71/100 par|[from] item: Life Orb
|
|upkeep
|
|t:|1759037935
|switch|p2a: Swanna|Swanna, F|100/100
|turn|9
|inactive|kacatssss has 120 seconds left.
|
|t:|1759037951
|move|p2a: Swanna|Hydro Pump|p1a: Malamar
|-damage|p1a: Malamar|21/100 par
|move|p1a: Malamar|Knock Off|p2a: Swanna
|-damage|p2a: Swanna|0 fnt
|-enditem|p2a: Swanna|Choice Specs|[from] move: Knock Off|[of] p1a: Malamar
|faint|p2a: Swanna
|-damage|p1a: Malamar|11/100 par|[from] item: Life Orb
|
|upkeep
|
|t:|1759037954
|switch|p2a: Cacnea|Cacnea, F|100/100 par
|turn|10
|-message|yapusa forfeited.
|
|win|kacatssss
|n|☆kacatssss|kacatssss
|n|☆yapusa|yapusa
|n|*Lady Monita ☀|ladymonita
|n| 7thdegreemurder|7thdegreemurder
