|badge|p2|silver|gen9ou|30-6
|html|<div class="broadcast-red"><strong>This battle is required to be public due to one or more player having a season medal.</strong><br />During the public phase, you can discuss the state of the ladder <a href="/seasondiscussion">in a special chatroom.</a></div>
|uhtml|medal-msg|<div class="broadcast-blue">Curious what those medals under the avatar are? PS now has Ladder Seasons! For more information, check out the <a href="https://www.smogon.com/forums/threads/3740067/">thread on Smogon.</a></div>
|raw|<div class="broadcast-blue"><strong>This battle is required to be public due to a player having a name starting with 'medal'.</div>
|j|☆ruist
|j|☆ShinyLucarioXD
|t:|1759064498
|gametype|singles
|player|p1|ruist|caitlin-gen4|1779
|player|p2|ShinyLucarioXD|riley|1956
|gen|9
|tier|[Gen 9] OU
|rated|
|rule|HP Percentage Mod: HP is shown in percentages
|rule|Endless Battle Clause: Forcing endless battles is banned
|rule|Species Clause: Limit one of each Pokémon
|rule|OHKO Clause: OHKO moves are banned
|rule|Evasion Items Clause: Evasion items are banned
|rule|Evasion Moves Clause: Evasion moves are banned
|rule|Evasion Abilities Clause: Evasion abilities are banned
|rule|Sleep Moves Clause: Sleep-inducing moves are banned
|clearpoke
|poke|p1|Latios, M|
|poke|p1|Zamazenta-*|
|poke|p1|Samurott-Hisui, F|
|poke|p1|Heatran, F|
|poke|p1|Pecharunt|
|poke|p1|Great Tusk|
|poke|p2|Raging Bolt|
|poke|p2|Samurott-Hisui, F|
|poke|p2|Dragonite, F|
|poke|p2|Gholdengo|
|poke|p2|Great Tusk|
|poke|p2|Enamorus, F|
|teampreview
|inactive|Battle timer is ON: inactive players will automatically lose when time's up. (requested by ruist)
|inactive|ShinyLucarioXD also wants the timer to be on.
|
|t:|1759064525
|teamsize|p1|6
|teamsize|p2|6
|start
|switch|p1a: Samurott|Samurott-Hisui, F|100/100
|switch|p2a: Great Tusk|Great Tusk|100/100
|turn|1
|
|t:|1759064529
|move|p2a: Great Tusk|Rapid Spin|p1a: Samurott
|-damage|p1a: Samurott|84/100
|-boost|p2a: Great Tusk|spe|1
|move|p1a: Samurott|Surf|p2a: Great Tusk
|-supereffective|p2a: Great Tusk
|-damage|p2a: Great Tusk|10/100
|
|-heal|p2a: Great Tusk|16/100|[from] item: Leftovers
|upkeep
|turn|2
|j| cryyysneasel
|
|t:|1759064535
|move|p2a: Great Tusk|Stealth Rock|p1a: Samurott
|-sidestart|p1: ruist|move: Stealth Rock
|move|p1a: Samurott|Ceaseless Edge|p2a: Great Tusk
|-resisted|p2a: Great Tusk
|-damage|p2a: Great Tusk|5/100
|-sidestart|p2: ShinyLucarioXD|Spikes
|
|-heal|p2a: Great Tusk|11/100|[from] item: Leftovers
|upkeep
|turn|3
|
|t:|1759064543
|move|p2a: Great Tusk|Rapid Spin|p1a: Samurott
|-damage|p1a: Samurott|68/100
|-boost|p2a: Great Tusk|spe|1
|-sideend|p2: ShinyLucarioXD|Spikes|[from] move: Rapid Spin|[of] p2a: Great Tusk
|move|p1a: Samurott|Surf|p2a: Great Tusk
|-supereffective|p2a: Great Tusk
|-damage|p2a: Great Tusk|0 fnt
|faint|p2a: Great Tusk
|-end|p2a: Great Tusk|Protosynthesis|[silent]
|
|upkeep
|
|t:|1759064547
|switch|p2a: Enamorus|Enamorus, F|100/100
|turn|4
|
|t:|1759064549
|switch|p1a: Heatran|Heatran, F|100/100
|-damage|p1a: Heatran|88/100|[from] Stealth Rock
|move|p2a: Enamorus|Moonblast|p1a: Heatran
|-resisted|p1a: Heatran
|-damage|p1a: Heatran|79/100
|
|-heal|p1a: Heatran|85/100|[from] item: Leftovers
|upkeep
|turn|5
|
|t:|1759064556
|switch|p1a: Samurott|Samurott-Hisui, F|68/100
|-damage|p1a: Samurott|56/100|[from] Stealth Rock
|move|p2a: Enamorus|Earth Power|p1a: Samurott
|-damage|p1a: Samurott|31/100
|
|upkeep
|turn|6
|
|t:|1759064566
|move|p1a: Samurott|Sucker Punch|p2a: Enamorus
|-resisted|p2a: Enamorus
|-damage|p2a: Enamorus|75/100
|move|p2a: Enamorus|Moonblast|p1a: Samurott
|-supereffective|p1a: Samurott
|-crit|p1a: Samurott
|-damage|p1a: Samurott|0 fnt
|faint|p1a: Samurott
|
|-heal|p2a: Enamorus|81/100|[from] item: Leftovers
|upkeep
|j| cynasaurus
|
|t:|1759064573
|switch|p1a: Pecharunt|Pecharunt|100/100
|turn|7
|
|t:|1759064577
|switch|p2a: Gholdengo|Gholdengo|100/100
|move|p1a: Pecharunt|Malignant Chain|p2a: Gholdengo
|-immune|p2a: Gholdengo
|
|upkeep
|turn|8
|
|t:|1759064580
|switch|p1a: Heatran|Heatran, F|85/100
|-damage|p1a: Heatran|73/100|[from] Stealth Rock
|move|p2a: Gholdengo|Shadow Ball|p1a: Heatran
|-damage|p1a: Heatran|44/100
|
|-heal|p1a: Heatran|51/100|[from] item: Leftovers
|upkeep
|turn|9
|
|t:|1759064583
|switch|p2a: Samurott|Samurott-Hisui, F, shiny|100/100
|move|p1a: Heatran|Magma Storm|p2a: Samurott
|-resisted|p2a: Samurott
|-damage|p2a: Samurott|87/100
|-activate|p2a: Samurott|move: Magma Storm|[of] p1a: Heatran
|
|-heal|p1a: Heatran|57/100|[from] item: Leftovers
|-damage|p2a: Samurott|75/100|[from] move: Magma Storm|[partiallytrapped]
|upkeep
|turn|10
|
|t:|1759064590
|move|p1a: Heatran|Stealth Rock|p2a: Samurott
|-sidestart|p2: ShinyLucarioXD|move: Stealth Rock
|move|p2a: Samurott|Ceaseless Edge|p1a: Heatran
|-damage|p1a: Heatran|27/100
|-status|p2a: Samurott|brn|[from] ability: Flame Body|[of] p1a: Heatran
|-sidestart|p1: ruist|Spikes
|
|-heal|p1a: Heatran|33/100|[from] item: Leftovers
|-damage|p2a: Samurott|69/100 brn|[from] brn
|-damage|p2a: Samurott|57/100 brn|[from] move: Magma Storm|[partiallytrapped]
|upkeep
|turn|11
|
|t:|1759064595
|switch|p1a: Great Tusk|Great Tusk|100/100
|move|p2a: Samurott|Ceaseless Edge|p1a: Great Tusk
|-resisted|p1a: Great Tusk
|-damage|p1a: Great Tusk|94/100
|-sidestart|p1: ruist|Spikes
|
|-damage|p2a: Samurott|51/100 brn|[from] brn
|-end|p2a: Samurott|Magma Storm|[partiallytrapped]|[silent]
|upkeep
|turn|12
|
|t:|1759064599
|switch|p2a: Enamorus|Enamorus, F|81/100
|-damage|p2a: Enamorus|57/100|[from] Stealth Rock
|move|p1a: Great Tusk|Headlong Rush|p2a: Enamorus
|-immune|p2a: Enamorus
|
|-heal|p2a: Enamorus|63/100|[from] item: Leftovers
|upkeep
|turn|13
|
|t:|1759064603
|-end|p1a: Great Tusk|Protosynthesis|[silent]
|switch|p1a: Heatran|Heatran, F|33/100
|-damage|p1a: Heatran|21/100|[from] Stealth Rock
|-damage|p1a: Heatran|4/100|[from] Spikes
|move|p2a: Enamorus|Moonblast|p1a: Heatran
|-resisted|p1a: Heatran
|-damage|p1a: Heatran|0 fnt
|faint|p1a: Heatran
|
|-heal|p2a: Enamorus|69/100|[from] item: Leftovers
|upkeep
|
|t:|1759064605
|switch|p1a: Pecharunt|Pecharunt|100/100
|turn|14
|
|t:|1759064609
|switch|p2a: Samurott|Samurott-Hisui, F, shiny|51/100 brn
|-damage|p2a: Samurott|39/100 brn|[from] Stealth Rock
|move|p1a: Pecharunt|Malignant Chain|p2a: Samurott
|-damage|p2a: Samurott|20/100 brn
|
|-damage|p2a: Samurott|14/100 brn|[from] brn
|upkeep
|turn|15
|
|t:|1759064614
|move|p2a: Samurott|Sucker Punch|p1a: Pecharunt
|-supereffective|p1a: Pecharunt
|-damage|p1a: Pecharunt|85/100
|move|p1a: Pecharunt|Malignant Chain|p2a: Samurott
|-damage|p2a: Samurott|0 fnt
|faint|p2a: Samurott
|
|upkeep
|
|t:|1759064617
|switch|p2a: Gholdengo|Gholdengo|100/100
|-damage|p2a: Gholdengo|95/100|[from] Stealth Rock
|turn|16
|
|t:|1759064630
|move|p2a: Gholdengo|Shadow Ball|p1a: Pecharunt
|-supereffective|p1a: Pecharunt
|-damage|p1a: Pecharunt|0 fnt
|faint|p1a: Pecharunt
|
|upkeep
|
|t:|1759064633
|switch|p1a: Great Tusk|Great Tusk|94/100
|turn|17
|
|t:|1759064636
|move|p2a: Gholdengo|Shadow Ball|p1a: Great Tusk
|-damage|p1a: Great Tusk|24/100
|-unboost|p1a: Great Tusk|spd|1
|move|p1a: Great Tusk|Rapid Spin|p2a: Gholdengo
|-immune|p2a: Gholdengo
|
|upkeep
|turn|18
|
|t:|1759064642
|move|p2a: Gholdengo|Shadow Ball|p1a: Great Tusk
|-damage|p1a: Great Tusk|0 fnt
|faint|p1a: Great Tusk
|-end|p1a: Great Tusk|Protosynthesis|[silent]
|
|upkeep
|
|t:|1759064652
|switch|p1a: Zamazenta|Zamazenta|100/100
|-damage|p1a: Zamazenta|94/100|[from] Stealth Rock
|-damage|p1a: Zamazenta|78/100|[from] Spikes
|-ability|p1a: Zamazenta|Dauntless Shield|boost
|-boost|p1a: Zamazenta|def|1
|turn|19
|
|t:|1759064660
|move|p2a: Gholdengo|Shadow Ball|p1a: Zamazenta
|-damage|p1a: Zamazenta|43/100
|-unboost|p1a: Zamazenta|spd|1
|move|p1a: Zamazenta|Crunch|p2a: Gholdengo
|-supereffective|p2a: Gholdengo
|-crit|p2a: Gholdengo
|-damage|p2a: Gholdengo|21/100
|-unboost|p2a: Gholdengo|def|1
|
|-heal|p1a: Zamazenta|49/100|[from] item: Leftovers
|upkeep
|turn|20
|
|t:|1759064665
|move|p2a: Gholdengo|Shadow Ball|p1a: Zamazenta
|-damage|p1a: Zamazenta|0 fnt
|faint|p1a: Zamazenta
|
|upkeep
|
|t:|1759064667
|switch|p1a: Latios|Latios, M|100/100
|-damage|p1a: Latios|88/100|[from] Stealth Rock
|turn|21
|
|t:|1759064671
|move|p1a: Latios|Luster Purge|p2a: Gholdengo
|-resisted|p2a: Gholdengo
|-damage|p2a: Gholdengo|0 fnt
|faint|p2a: Gholdengo
|
|upkeep
|j| Ctannn
|
|t:|1759064695
|switch|p2a: Raging Bolt|Raging Bolt|100/100
|-damage|p2a: Raging Bolt|88/100|[from] Stealth Rock
|-enditem|p2a: Raging Bolt|Booster Energy
|-activate|p2a: Raging Bolt|ability: Protosynthesis|[fromitem]
|-start|p2a: Raging Bolt|protosynthesisspa
|turn|22
|
|t:|1759064699
|move|p1a: Latios|Luster Purge|p2a: Raging Bolt
|-damage|p2a: Raging Bolt|42/100
|move|p2a: Raging Bolt|Thunderbolt|p1a: Latios
|-resisted|p1a: Latios
|-damage|p1a: Latios|49/100
|
|upkeep
|turn|23
|
|t:|1759064706
|move|p2a: Raging Bolt|Thunderclap|p1a: Latios
|-resisted|p1a: Latios
|-damage|p1a: Latios|19/100
|move|p1a: Latios|Luster Purge|p2a: Raging Bolt
|-damage|p2a: Raging Bolt|0 fnt
|faint|p2a: Raging Bolt
|-end|p2a: Raging Bolt|Protosynthesis|[silent]
|
|upkeep
|
|t:|1759064710
|switch|p2a: Enamorus|Enamorus, F|69/100
|-damage|p2a: Enamorus|44/100|[from] Stealth Rock
|turn|24
|
|t:|1759064714
|move|p1a: Latios|Luster Purge|p2a: Enamorus
|-damage|p2a: Enamorus|0 fnt
|faint|p2a: Enamorus
|
|upkeep
|
|t:|1759064716
|switch|p2a: Dragonite|Dragonite, F, shiny|100/100
|-damage|p2a: Dragonite|76/100|[from] Stealth Rock
|turn|25
|
|t:|1759064722
|move|p1a: Latios|Luster Purge|p2a: Dragonite
|-damage|p2a: Dragonite|27/100
|-unboost|p2a: Dragonite|spd|1
|move|p2a: Dragonite|Ice Spinner|p1a: Latios
|-supereffective|p1a: Latios
|-damage|p1a: Latios|0 fnt
|faint|p1a: Latios
|
|win|ShinyLucarioXD
|raw|ruist's rating: 1779 &rarr; <strong>1768</strong><br />(-11 for losing)
|raw|ShinyLucarioXD's rating: 1956 &rarr; <strong>1967</strong><br />(+11 for winning)
