|j|☆caijin
|j|☆g reg ff
|t:|1758952370
|gametype|singles
|player|p1|caijin|bianca|1068
|player|p2|g reg ff|102|1000
|gen|9
|tier|[Gen 9] OU
|rated|
|rule|HP Percentage Mod: HP is shown in percentages
|rule|Endless Battle Clause: Forcing endless battles is banned
|rule|Species Clause: Limit one of each Pokémon
|rule|OHKO Clause: OHKO moves are banned
|rule|Evasion Items Clause: Evasion items are banned
|rule|Evasion Moves Clause: Evasion moves are banned
|rule|Evasion Abilities Clause: Evasion abilities are banned
|rule|Sleep Moves Clause: Sleep-inducing moves are banned
|clearpoke
|poke|p1|Serperior, F|
|poke|p1|Meowstic, M|
|poke|p1|Chandelure, M|
|poke|p1|Pawmot, F|
|poke|p1|Noivern, M|
|poke|p1|Florges-Blue, F|
|poke|p2|Polteageist|
|poke|p2|Mimikyu, M|
|poke|p2|Weezing-Galar, M|
|teampreview
|inactive|Battle timer is ON: inactive players will automatically lose when time's up. (requested by caijin)
|
|t:|1758952373
|teamsize|p1|6
|teamsize|p2|3
|start
|switch|p1a: Mirror|Meowstic, M|100/100
|switch|p2a: Weezing|Weezing-Galar, M|100/100
|-fieldstart|move: Misty Terrain|[from] ability: Misty Surge|[of] p2a: Weezing
|turn|1
|
|t:|1758952383
|move|p1a: Mirror|Light Screen|p1a: Mirror
|-sidestart|p1: caijin|move: Light Screen
|move|p2a: Weezing|Memento|p1a: Mirror
|-unboost|p1a: Mirror|atk|2
|-unboost|p1a: Mirror|spa|2
|faint|p2a: Weezing
|
|upkeep
|
|t:|1758952393
|switch|p2a: Mimikyu|Mimikyu, M|100/100
|turn|2
|
|t:|1758952398
|move|p1a: Mirror|Reflect|p1a: Mirror
|-sidestart|p1: caijin|Reflect
|move|p2a: Mimikyu|Swords Dance|p2a: Mimikyu
|-boost|p2a: Mimikyu|atk|2
|
|upkeep
|turn|3
|
|t:|1758952411
|switch|p1a: Shyouko|Chandelure, M|100/100
|move|p2a: Mimikyu|Swords Dance|p2a: Mimikyu
|-boost|p2a: Mimikyu|atk|2
|
|upkeep
|turn|4
|
|t:|1758952418
|move|p2a: Mimikyu|Swords Dance|p2a: Mimikyu
|-boost|p2a: Mimikyu|atk|2
|move|p1a: Shyouko|Shadow Ball|p2a: Mimikyu
|-activate|p2a: Mimikyu|ability: Disguise
|-damage|p2a: Mimikyu|100/100
|detailschange|p2a: Mimikyu|Mimikyu-Busted, M
|-damage|p2a: Mimikyu|88/100|[from] pokemon: Mimikyu-Busted
|-damage|p1a: Shyouko|91/100|[from] item: Life Orb
|
|upkeep
|turn|5
|
|t:|1758952432
|move|p2a: Mimikyu|Shadow Sneak|p1a: Shyouko
|-supereffective|p1a: Shyouko
|-damage|p1a: Shyouko|0 fnt
|faint|p1a: Shyouko
|-damage|p2a: Mimikyu|78/100|[from] item: Life Orb
|
|upkeep
|
|t:|1758952440
|switch|p1a: Camellia|Serperior, F|100/100
|turn|6
|
|t:|1758952445
|move|p2a: Mimikyu|Shadow Sneak|p1a: Camellia
|-damage|p1a: Camellia|45/100
|-damage|p2a: Mimikyu|68/100|[from] item: Life Orb
|move|p1a: Camellia|Coil|p1a: Camellia
|-boost|p1a: Camellia|atk|1
|-boost|p1a: Camellia|def|1
|-boost|p1a: Camellia|accuracy|1
|
|upkeep
|turn|7
|
|t:|1758952454
|move|p2a: Mimikyu|Shadow Sneak|p1a: Camellia
|-damage|p1a: Camellia|9/100
|-damage|p2a: Mimikyu|58/100|[from] item: Life Orb
|move|p1a: Camellia|Bullet Seed|p2a: Mimikyu
|-damage|p2a: Mimikyu|22/100
|-damage|p2a: Mimikyu|0 fnt
|faint|p2a: Mimikyu
|-hitcount|p2: Mimikyu|2
|
|upkeep
|
|t:|1758952464
|switch|p2a: Polteageist|Polteageist, shiny|100/100
|turn|8
|
|t:|1758952471
|move|p1a: Camellia|Bullet Seed|p2a: Polteageist
|-damage|p2a: Polteageist|63/100
|-start|p1a: Camellia|Disable|Bullet Seed|[from] ability: Cursed Body|[of] p2a: Polteageist
|-crit|p2a: Polteageist
|-damage|p2a: Polteageist|7/100
|-damage|p2a: Polteageist|0 fnt
|faint|p2a: Polteageist
|-hitcount|p2: Polteageist|3
|
|win|caijin
|raw|caijin's rating: 1068 &rarr; <strong>1092</strong><br />(+24 for winning)
|raw|g reg ff's rating: 1000 &rarr; <strong>1000</strong><br />(+0 for losing)
