|badge|p2|bronze|gen9ou|100-6
|html|<div class="broadcast-red"><strong>This battle is required to be public due to one or more player having a season medal.</strong><br />During the public phase, you can discuss the state of the ladder <a href="/seasondiscussion">in a special chatroom.</a></div>
|uhtml|medal-msg|<div class="broadcast-blue">Curious what those medals under the avatar are? PS now has Ladder Seasons! For more information, check out the <a href="https://www.smogon.com/forums/threads/3740067/">thread on Smogon.</a></div>
|raw|<div class="broadcast-blue"><strong>This battle is required to be public due to a player having a name starting with 'medal'.</div>
|j|☆Pikleo
|j|☆TroubleWillFindMe
|t:|1759007034
|gametype|singles
|player|p1|Pikleo|cynthia-gen4|1657
|player|p2|TroubleWillFindMe|1|1881
|gen|9
|tier|[Gen 9] OU
|rated|
|rule|HP Percentage Mod: HP is shown in percentages
|rule|Endless Battle Clause: Forcing endless battles is banned
|rule|Species Clause: Limit one of each Pokémon
|rule|OHKO Clause: OHKO moves are banned
|rule|Evasion Items Clause: Evasion items are banned
|rule|Evasion Moves Clause: Evasion moves are banned
|rule|Evasion Abilities Clause: Evasion abilities are banned
|rule|Sleep Moves Clause: Sleep-inducing moves are banned
|clearpoke
|poke|p1|Tyranitar, F|
|poke|p1|Excadrill, M|
|poke|p1|Rotom-Wash|
|poke|p1|Scizor, F|
|poke|p1|Tornadus-Therian, M|
|poke|p1|Toxicroak, M|
|poke|p2|Kyurem|
|poke|p2|Cinderace, F|
|poke|p2|Iron Valiant|
|poke|p2|Kingambit, F|
|poke|p2|Zapdos|
|poke|p2|Landorus-Therian, M|
|teampreview
|
|t:|1759007059
|teamsize|p1|6
|teamsize|p2|6
|start
|switch|p1a: Rotom|Rotom-Wash|100/100
|switch|p2a: Zapdos|Zapdos|100/100
|turn|1
|
|t:|1759007066
|switch|p1a: Tyranitar|Tyranitar, F|100/100
|-weather|Sandstorm|[from] ability: Sand Stream|[of] p1a: Tyranitar
|move|p2a: Zapdos|Volt Switch|p1a: Tyranitar
|-damage|p1a: Tyranitar|88/100
|j| ch0r0ng
|l| ch0r0ng
|
|t:|1759007078
|switch|p2a: Landorus|Landorus-Therian, M|100/100|[from] Volt Switch
|-ability|p2a: Landorus|Intimidate|boost
|-unboost|p1a: Tyranitar|atk|1
|
|-weather|Sandstorm|[upkeep]
|-heal|p1a: Tyranitar|94/100|[from] item: Leftovers
|upkeep
|turn|2
|
|t:|1759007083
|switch|p1a: Rotom|Rotom-Wash|100/100
|move|p2a: Landorus|Earthquake|p1a: Rotom
|-immune|p1a: Rotom|[from] ability: Levitate
|
|-weather|Sandstorm|[upkeep]
|-damage|p1a: Rotom|94/100|[from] Sandstorm
|-heal|p1a: Rotom|100/100|[from] item: Leftovers
|upkeep
|turn|3
|
|t:|1759007091
|switch|p2a: Kyurem|Kyurem|100/100
|-ability|p2a: Kyurem|Pressure
|move|p1a: Rotom|Volt Switch|p2a: Kyurem
|-resisted|p2a: Kyurem
|-damage|p2a: Kyurem|88/100
|
|t:|1759007096
|switch|p1a: Tyranitar|Tyranitar, F|94/100|[from] Volt Switch
|
|-weather|Sandstorm|[upkeep]
|-damage|p2a: Kyurem|82/100|[from] Sandstorm
|-heal|p1a: Tyranitar|99/100|[from] item: Leftovers
|upkeep
|turn|4
|
|t:|1759007103
|switch|p2a: Landorus|Landorus-Therian, M|100/100
|-ability|p2a: Landorus|Intimidate|boost
|-unboost|p1a: Tyranitar|atk|1
|move|p1a: Tyranitar|Knock Off|p2a: Landorus
|-damage|p2a: Landorus|64/100
|-enditem|p2a: Landorus|Earth Plate|[from] move: Knock Off|[of] p1a: Tyranitar
|
|-weather|Sandstorm|[upkeep]
|-heal|p1a: Tyranitar|100/100|[from] item: Leftovers
|upkeep
|turn|5
|
|t:|1759007114
|switch|p1a: Tornadus|Tornadus-Therian, M|100/100
|move|p2a: Landorus|Stealth Rock|p1a: Tornadus
|-sidestart|p1: Pikleo|move: Stealth Rock
|
|-weather|none
|upkeep
|turn|6
|
|t:|1759007120
|move|p1a: Tornadus|Bleakwind Storm|p2a: Landorus
|-damage|p2a: Landorus|0 fnt
|faint|p2a: Landorus
|
|upkeep
|
|t:|1759007124
|switch|p2a: Zapdos|Zapdos|100/100
|turn|7
|
|t:|1759007134
|switch|p1a: Excadrill|Excadrill, M|100/100
|-damage|p1a: Excadrill|97/100|[from] Stealth Rock
|-item|p1a: Excadrill|Air Balloon
|switch|p2a: Cinderace|Cinderace, F|100/100
|
|upkeep
|turn|8
|
|t:|1759007145
|switch|p1a: Rotom|Rotom-Wash|100/100
|-damage|p1a: Rotom|88/100|[from] Stealth Rock
|move|p2a: Cinderace|Pyro Ball|p1a: Rotom
|-resisted|p1a: Rotom
|-damage|p1a: Rotom|64/100
|-status|p1a: Rotom|brn
|
|-heal|p1a: Rotom|71/100 brn|[from] item: Leftovers
|-damage|p1a: Rotom|64/100 brn|[from] brn
|upkeep
|turn|9
|
|t:|1759007151
|move|p2a: Cinderace|Gunk Shot|p1a: Rotom
|-start|p2a: Cinderace|typechange|Poison|[from] ability: Libero
|-damage|p1a: Rotom|20/100 brn
|move|p1a: Rotom|Volt Switch|p2a: Cinderace
|-damage|p2a: Cinderace|65/100
|
|t:|1759007158
|switch|p1a: Tornadus|Tornadus-Therian, M|100/100|[from] Volt Switch
|-damage|p1a: Tornadus|76/100|[from] Stealth Rock
|
|upkeep
|turn|10
|
|t:|1759007163
|switch|p2a: Zapdos|Zapdos|100/100
|move|p1a: Tornadus|Bleakwind Storm|p2a: Zapdos
|-resisted|p2a: Zapdos
|-damage|p2a: Zapdos|66/100
|
|upkeep
|turn|11
|
|t:|1759007169
|switch|p1a: Excadrill|Excadrill, M|97/100
|-damage|p1a: Excadrill|94/100|[from] Stealth Rock
|-item|p1a: Excadrill|Air Balloon
|move|p2a: Zapdos|Roost|p2a: Zapdos
|-heal|p2a: Zapdos|100/100
|-singleturn|p2a: Zapdos|move: Roost
|
|upkeep
|turn|12
|
|t:|1759007176
|move|p1a: Excadrill|Rapid Spin|p2a: Zapdos
|-damage|p2a: Zapdos|87/100
|-boost|p1a: Excadrill|spe|1
|-sideend|p1: Pikleo|Stealth Rock|[from] move: Rapid Spin|[of] p1a: Excadrill
|move|p2a: Zapdos|Hurricane|p1a: Excadrill
|-resisted|p1a: Excadrill
|-damage|p1a: Excadrill|65/100
|-enditem|p1a: Excadrill|Air Balloon
|
|upkeep
|turn|13
|
|t:|1759007184
|switch|p1a: Rotom|Rotom-Wash|20/100 brn
|move|p2a: Zapdos|Hurricane|p1a: Rotom
|-resisted|p1a: Rotom
|-damage|p1a: Rotom|0 fnt
|faint|p1a: Rotom
|
|upkeep
|
|t:|1759007190
|switch|p1a: Tyranitar|Tyranitar, F|100/100
|-weather|Sandstorm|[from] ability: Sand Stream|[of] p1a: Tyranitar
|turn|14
|
|t:|1759007193
|move|p2a: Zapdos|Volt Switch|p1a: Tyranitar
|-damage|p1a: Tyranitar|89/100
|
|t:|1759007196
|switch|p2a: Iron Valiant|Iron Valiant|100/100|[from] Volt Switch
|-enditem|p2a: Iron Valiant|Booster Energy
|-activate|p2a: Iron Valiant|ability: Quark Drive|[fromitem]
|-start|p2a: Iron Valiant|quarkdrivespe
|move|p1a: Tyranitar|Knock Off|p2a: Iron Valiant
|-resisted|p2a: Iron Valiant
|-damage|p2a: Iron Valiant|92/100
|
|-weather|Sandstorm|[upkeep]
|-damage|p2a: Iron Valiant|86/100|[from] Sandstorm
|-heal|p1a: Tyranitar|96/100|[from] item: Leftovers
|upkeep
|turn|15
|
|t:|1759007206
|switch|p1a: Scizor|Scizor, F|100/100
|move|p2a: Iron Valiant|Moonblast|p1a: Scizor
|-resisted|p1a: Scizor
|-damage|p1a: Scizor|68/100
|
|-weather|Sandstorm|[upkeep]
|-damage|p2a: Iron Valiant|79/100|[from] Sandstorm
|upkeep
|turn|16
|
|t:|1759007217
|move|p1a: Scizor|Bullet Punch|p2a: Iron Valiant
|-supereffective|p2a: Iron Valiant
|-damage|p2a: Iron Valiant|0 fnt
|faint|p2a: Iron Valiant
|-end|p2a: Iron Valiant|Quark Drive|[silent]
|
|-weather|Sandstorm|[upkeep]
|upkeep
|
|t:|1759007220
|switch|p2a: Cinderace|Cinderace, F|65/100
|turn|17
|
|t:|1759007239
|switch|p1a: Excadrill|Excadrill, M|65/100
|move|p2a: Cinderace|Pyro Ball|p1a: Excadrill
|-supereffective|p1a: Excadrill
|-damage|p1a: Excadrill|0 fnt
|faint|p1a: Excadrill
|
|-weather|Sandstorm|[upkeep]
|-damage|p2a: Cinderace|59/100|[from] Sandstorm
|upkeep
|
|t:|1759007246
|switch|p1a: Tornadus|Tornadus-Therian, M|100/100
|turn|18
|
|t:|1759007253
|switch|p2a: Zapdos|Zapdos|87/100
|move|p1a: Tornadus|Bleakwind Storm|p2a: Zapdos
|-resisted|p2a: Zapdos
|-damage|p2a: Zapdos|55/100
|-unboost|p2a: Zapdos|spe|1
|
|-weather|none
|upkeep
|turn|19
|
|t:|1759007259
|switch|p1a: Tyranitar|Tyranitar, F|96/100
|-weather|Sandstorm|[from] ability: Sand Stream|[of] p1a: Tyranitar
|move|p2a: Zapdos|Roost|p2a: Zapdos
|-heal|p2a: Zapdos|100/100
|-singleturn|p2a: Zapdos|move: Roost
|
|-weather|Sandstorm|[upkeep]
|-damage|p2a: Zapdos|94/100|[from] Sandstorm
|-heal|p1a: Tyranitar|100/100|[from] item: Leftovers
|upkeep
|turn|20
|
|t:|1759007265
|move|p2a: Zapdos|Volt Switch|p1a: Tyranitar
|-damage|p1a: Tyranitar|89/100
|
|t:|1759007269
|switch|p2a: Kingambit|Kingambit, F|100/100|[from] Volt Switch
|-activate|p2a: Kingambit|ability: Supreme Overlord
|-start|p2a: Kingambit|fallen2|[silent]
|move|p1a: Tyranitar|Knock Off|p2a: Kingambit
|-resisted|p2a: Kingambit
|-damage|p2a: Kingambit|84/100
|-enditem|p2a: Kingambit|Leftovers|[from] move: Knock Off|[of] p1a: Tyranitar
|
|-weather|Sandstorm|[upkeep]
|-heal|p1a: Tyranitar|95/100|[from] item: Leftovers
|upkeep
|turn|21
|
|t:|1759007275
|switch|p1a: Toxicroak|Toxicroak, M|100/100
|-end|p2a: Kingambit|fallen2|[silent]
|switch|p2a: Kyurem|Kyurem|82/100
|-ability|p2a: Kyurem|Pressure
|
|-weather|Sandstorm|[upkeep]
|-damage|p2a: Kyurem|76/100|[from] Sandstorm
|-damage|p1a: Toxicroak|94/100|[from] Sandstorm
|-heal|p1a: Toxicroak|100/100|[from] item: Leftovers
|upkeep
|turn|22
|
|t:|1759007284
|switch|p1a: Tyranitar|Tyranitar, F|95/100
|move|p2a: Kyurem|Earth Power|p1a: Tyranitar
|-supereffective|p1a: Tyranitar
|-damage|p1a: Tyranitar|68/100
|
|-weather|Sandstorm|[upkeep]
|-damage|p2a: Kyurem|70/100|[from] Sandstorm
|-heal|p1a: Tyranitar|74/100|[from] item: Leftovers
|upkeep
|turn|23
|
|t:|1759007289
|switch|p2a: Kingambit|Kingambit, F|84/100
|-activate|p2a: Kingambit|ability: Supreme Overlord
|-start|p2a: Kingambit|fallen2|[silent]
|move|p1a: Tyranitar|Knock Off|p2a: Kingambit
|-resisted|p2a: Kingambit
|-damage|p2a: Kingambit|74/100
|
|-weather|none
|-heal|p1a: Tyranitar|80/100|[from] item: Leftovers
|upkeep
|turn|24
|
|t:|1759007295
|switch|p1a: Toxicroak|Toxicroak, M|100/100
|-end|p2a: Kingambit|fallen2|[silent]
|switch|p2a: Cinderace|Cinderace, F|59/100
|
|upkeep
|turn|25
|
|t:|1759007303
|switch|p1a: Tyranitar|Tyranitar, F|80/100
|-weather|Sandstorm|[from] ability: Sand Stream|[of] p1a: Tyranitar
|move|p2a: Cinderace|Pyro Ball|p1a: Tyranitar
|-resisted|p1a: Tyranitar
|-damage|p1a: Tyranitar|60/100
|-status|p1a: Tyranitar|brn
|
|-weather|Sandstorm|[upkeep]
|-damage|p2a: Cinderace|53/100|[from] Sandstorm
|-heal|p1a: Tyranitar|66/100 brn|[from] item: Leftovers
|-damage|p1a: Tyranitar|60/100 brn|[from] brn
|upkeep
|turn|26
|
|t:|1759007318
|switch|p1a: Tornadus|Tornadus-Therian, M|100/100
|move|p2a: Cinderace|Low Kick|p1a: Tornadus
|-start|p2a: Cinderace|typechange|Fighting|[from] ability: Libero
|-resisted|p1a: Tornadus
|-damage|p1a: Tornadus|73/100
|
|-weather|Sandstorm|[upkeep]
|-damage|p1a: Tornadus|67/100|[from] Sandstorm
|-damage|p2a: Cinderace|47/100|[from] Sandstorm
|upkeep
|turn|27
|
|t:|1759007333
|switch|p1a: Tyranitar|Tyranitar, F|60/100 brn
|switch|p2a: Kingambit|Kingambit, F|74/100
|-activate|p2a: Kingambit|ability: Supreme Overlord
|-start|p2a: Kingambit|fallen2|[silent]
|
|-weather|Sandstorm|[upkeep]
|-heal|p1a: Tyranitar|66/100 brn|[from] item: Leftovers
|-damage|p1a: Tyranitar|60/100 brn|[from] brn
|upkeep
|turn|28
|
|t:|1759007339
|switch|p1a: Toxicroak|Toxicroak, M|100/100
|move|p2a: Kingambit|Iron Head|p1a: Toxicroak
|-damage|p1a: Toxicroak|46/100
|
|-weather|Sandstorm|[upkeep]
|-damage|p1a: Toxicroak|40/100|[from] Sandstorm
|-heal|p1a: Toxicroak|46/100|[from] item: Leftovers
|upkeep
|turn|29
|
|t:|1759007349
|-terastallize|p2a: Kingambit|Ghost
|move|p1a: Toxicroak|Drain Punch|p2a: Kingambit
|-immune|p2a: Kingambit
|move|p2a: Kingambit|Iron Head|p1a: Toxicroak
|-damage|p1a: Toxicroak|0 fnt
|faint|p1a: Toxicroak
|
|-weather|none
|upkeep
|
|t:|1759007362
|switch|p1a: Tornadus|Tornadus-Therian, M|99/100
|turn|30
|
|t:|1759007373
|-end|p2a: Kingambit|fallen2|[silent]
|switch|p2a: Zapdos|Zapdos|94/100
|-terastallize|p1a: Tornadus|Flying
|move|p1a: Tornadus|Bleakwind Storm|p2a: Zapdos
|-resisted|p2a: Zapdos
|-damage|p2a: Zapdos|52/100
|
|upkeep
|turn|31
|
|t:|1759007381
|switch|p1a: Tyranitar|Tyranitar, F|60/100 brn
|-weather|Sandstorm|[from] ability: Sand Stream|[of] p1a: Tyranitar
|move|p2a: Zapdos|Roost|p2a: Zapdos
|-heal|p2a: Zapdos|100/100
|-singleturn|p2a: Zapdos|move: Roost
|
|-weather|Sandstorm|[upkeep]
|-damage|p2a: Zapdos|94/100|[from] Sandstorm
|-heal|p1a: Tyranitar|66/100 brn|[from] item: Leftovers
|-damage|p1a: Tyranitar|60/100 brn|[from] brn
|upkeep
|turn|32
|
|t:|1759007386
|move|p2a: Zapdos|Volt Switch|p1a: Tyranitar
|-damage|p1a: Tyranitar|47/100 brn
|
|t:|1759007391
|switch|p2a: Kyurem|Kyurem|70/100|[from] Volt Switch
|-ability|p2a: Kyurem|Pressure
|move|p1a: Tyranitar|Stealth Rock|p2a: Kyurem
|-sidestart|p2: TroubleWillFindMe|move: Stealth Rock
|
|-weather|Sandstorm|[upkeep]
|-damage|p2a: Kyurem|64/100|[from] Sandstorm
|-heal|p1a: Tyranitar|53/100 brn|[from] item: Leftovers
|-damage|p1a: Tyranitar|47/100 brn|[from] brn
|upkeep
|turn|33
|
|t:|1759007397
|move|p2a: Kyurem|Ice Beam|p1a: Tyranitar
|-damage|p1a: Tyranitar|19/100 brn
|move|p1a: Tyranitar|Knock Off|p2a: Kyurem
|-damage|p2a: Kyurem|44/100
|-enditem|p2a: Kyurem|Never-Melt Ice|[from] move: Knock Off|[of] p1a: Tyranitar
|
|-weather|Sandstorm|[upkeep]
|-damage|p2a: Kyurem|38/100|[from] Sandstorm
|-heal|p1a: Tyranitar|25/100 brn|[from] item: Leftovers
|-damage|p1a: Tyranitar|19/100 brn|[from] brn
|upkeep
|turn|34
|
|t:|1759007409
|move|p2a: Kyurem|Dragon Dance|p2a: Kyurem
|-boost|p2a: Kyurem|atk|1
|-boost|p2a: Kyurem|spe|1
|move|p1a: Tyranitar|Roar|p2a: Kyurem
|drag|p2a: Cinderace|Cinderace, F|47/100
|
|-weather|Sandstorm|[upkeep]
|-damage|p2a: Cinderace|41/100|[from] Sandstorm
|-heal|p1a: Tyranitar|25/100 brn|[from] item: Leftovers
|-damage|p1a: Tyranitar|19/100 brn|[from] brn
|upkeep
|turn|35
|
|t:|1759007416
|move|p2a: Cinderace|Pyro Ball|p1a: Tyranitar
|-resisted|p1a: Tyranitar
|-crit|p1a: Tyranitar
|-damage|p1a: Tyranitar|0 fnt
|faint|p1a: Tyranitar
|
|-weather|none
|upkeep
|
|t:|1759007418
|switch|p1a: Tornadus|Tornadus-Therian, M, tera:Flying|100/100
|turn|36
|
|t:|1759007422
|switch|p2a: Kyurem|Kyurem|38/100
|-damage|p2a: Kyurem|13/100|[from] Stealth Rock
|-ability|p2a: Kyurem|Pressure
|move|p1a: Tornadus|Bleakwind Storm|p2a: Kyurem
|-damage|p2a: Kyurem|0 fnt
|faint|p2a: Kyurem
|
|upkeep
|
|t:|1759007423
|switch|p2a: Zapdos|Zapdos|94/100
|turn|37
|
|t:|1759007428
|move|p1a: Tornadus|Bleakwind Storm|p2a: Zapdos
|-resisted|p2a: Zapdos
|-damage|p2a: Zapdos|47/100
|-unboost|p2a: Zapdos|spe|1
|move|p2a: Zapdos|Hurricane|p1a: Tornadus
|-crit|p1a: Tornadus
|-damage|p1a: Tornadus|14/100
|
|upkeep
|turn|38
|
|t:|1759007436
|move|p1a: Tornadus|Bleakwind Storm|p2a: Zapdos
|-resisted|p2a: Zapdos
|-crit|p2a: Zapdos
|-damage|p2a: Zapdos|0 fnt
|faint|p2a: Zapdos
|
|upkeep
|
|t:|1759007442
|switch|p2a: Cinderace|Cinderace, F|41/100
|turn|39
|
|t:|1759007446
|switch|p1a: Scizor|Scizor, F|68/100
|move|p2a: Cinderace|Sucker Punch||[still]
|-fail|p2a: Cinderace
|
|upkeep
|turn|40
|
|t:|1759007461
|move|p1a: Scizor|Bullet Punch|p2a: Cinderace
|-resisted|p2a: Cinderace
|-damage|p2a: Cinderace|5/100
|move|p2a: Cinderace|Pyro Ball|p1a: Scizor
|-supereffective|p1a: Scizor
|-damage|p1a: Scizor|0 fnt
|faint|p1a: Scizor
|
|upkeep
|
|t:|1759007464
|switch|p1a: Tornadus|Tornadus-Therian, M, tera:Flying|47/100
|turn|41
|
|t:|1759007466
|move|p2a: Cinderace|Sucker Punch|p1a: Tornadus
|-start|p2a: Cinderace|typechange|Dark|[from] ability: Libero
|-damage|p1a: Tornadus|1/100
|move|p1a: Tornadus|Bleakwind Storm|p2a: Cinderace|[miss]
|-miss|p1a: Tornadus|p2a: Cinderace
|
|upkeep
|turn|42
|
|t:|1759007470
|move|p2a: Cinderace|Sucker Punch|p1a: Tornadus
|-damage|p1a: Tornadus|0 fnt
|faint|p1a: Tornadus
|
|win|TroubleWillFindMe
|raw|Pikleo's rating: 1657 &rarr; <strong>1648</strong><br />(-9 for losing)
|raw|TroubleWillFindMe's rating: 1881 &rarr; <strong>1890</strong><br />(+9 for winning)
|l|☆Pikleo
|player|p1|
