|j|☆Tesmon
|j|☆Gruff Scrimms
|t:|1758952598
|gametype|singles
|player|p1|Tesmon|steven|1193
|player|p2|Gruff Scrimms|bugcatcher-gen4dp|1205
|gen|9
|tier|[Gen 9] OU
|rated|
|rule|HP Percentage Mod: HP is shown in percentages
|rule|Endless Battle Clause: Forcing endless battles is banned
|rule|Species Clause: Limit one of each Pokémon
|rule|OHKO Clause: OHKO moves are banned
|rule|Evasion Items Clause: Evasion items are banned
|rule|Evasion Moves Clause: Evasion moves are banned
|rule|Evasion Abilities Clause: Evasion abilities are banned
|rule|Sleep Moves Clause: Sleep-inducing moves are banned
|clearpoke
|poke|p1|Salamence, M|
|poke|p1|Mamoswine, M|
|poke|p1|Galvantula, M|
|poke|p1|Sableye, M|
|poke|p1|Corviknight, M|
|poke|p1|Tentacruel, M|
|poke|p2|Weezing-Galar, F|
|poke|p2|Carbink, L1|
|poke|p2|Glimmora, M|
|poke|p2|Tyranitar, M|
|poke|p2|Rillaboom, F|
|poke|p2|Gliscor, F|
|teampreview
|
|t:|1758952611
|teamsize|p1|6
|teamsize|p2|6
|start
|switch|p1a: Mamoswine|Mamoswine, M|100/100
|switch|p2a: Glimmora|Glimmora, M|100/100
|turn|1
|
|t:|1758952625
|switch|p1a: Tentacruel|Tentacruel, M|100/100
|move|p2a: Glimmora|Energy Ball|p1a: Tentacruel
|-damage|p1a: Tentacruel|84/100
|
|-heal|p1a: Tentacruel|90/100|[from] item: Black Sludge
|upkeep
|turn|2
|
|t:|1758952634
|switch|p2a: Tyranitar|Tyranitar, M|100/100
|-weather|Sandstorm|[from] ability: Sand Stream|[of] p2a: Tyranitar
|move|p1a: Tentacruel|Surf|p2a: Tyranitar
|-supereffective|p2a: Tyranitar
|-damage|p2a: Tyranitar|81/100
|
|-weather|Sandstorm|[upkeep]
|-damage|p1a: Tentacruel|84/100|[from] Sandstorm
|-heal|p1a: Tentacruel|90/100|[from] item: Black Sludge
|upkeep
|turn|3
|
|t:|1758952641
|switch|p1a: Corviknight|Corviknight, M, shiny|100/100
|move|p2a: Tyranitar|Knock Off|p1a: Corviknight
|-damage|p1a: Corviknight|66/100
|-damage|p2a: Tyranitar|64/100|[from] item: Rocky Helmet|[of] p1a: Corviknight
|-enditem|p1a: Corviknight|Rocky Helmet|[from] move: Knock Off|[of] p2a: Tyranitar
|
|-weather|Sandstorm|[upkeep]
|upkeep
|turn|4
|
|t:|1758952648
|switch|p2a: Gliscor|Gliscor, F|100/100
|move|p1a: Corviknight|Body Press|p2a: Gliscor
|-resisted|p2a: Gliscor
|-damage|p2a: Gliscor|93/100
|
|-weather|Sandstorm|[upkeep]
|-status|p2a: Gliscor|tox|[from] item: Toxic Orb
|upkeep
|turn|5
|
|t:|1758952666
|switch|p2a: Glimmora|Glimmora, M|100/100
|move|p1a: Corviknight|Roost|p1a: Corviknight
|-heal|p1a: Corviknight|100/100
|-singleturn|p1a: Corviknight|move: Roost
|
|-weather|Sandstorm|[upkeep]
|upkeep
|turn|6
|inactive|Battle timer is ON: inactive players will automatically lose when time's up. (requested by Gruff Scrimms)
|inactive|Tesmon has 120 seconds left.
|inactive|Tesmon has 90 seconds left.
|
|t:|1758952808
|switch|p1a: Mamoswine|Mamoswine, M|100/100
|move|p2a: Glimmora|Spikes|p1a: Mamoswine
|-sidestart|p1: Tesmon|Spikes
|
|-weather|none
|upkeep
|turn|7
|
|t:|1758952836
|switch|p1a: Corviknight|Corviknight, M, shiny|100/100
|move|p2a: Glimmora|Mortal Spin|p1a: Corviknight
|-immune|p1a: Corviknight
|
|upkeep
|turn|8
|
|t:|1758952844
|move|p2a: Glimmora|Spikes|p1a: Corviknight
|-sidestart|p1: Tesmon|Spikes
|move|p1a: Corviknight|Body Press|p2a: Glimmora
|-damage|p2a: Glimmora|72/100
|-activate|p2a: Glimmora|ability: Toxic Debris
|-sidestart|p1: Tesmon|move: Toxic Spikes
|
|upkeep
|turn|9
|
|t:|1758952849
|move|p2a: Glimmora|Spikes|p1a: Corviknight
|-sidestart|p1: Tesmon|Spikes
|move|p1a: Corviknight|Defog|p2a: Glimmora
|-unboost|p2a: Glimmora|evasion|1
|-sideend|p1: Tesmon|Spikes|[from] move: Defog|[of] p1a: Corviknight
|-sideend|p1: Tesmon|Toxic Spikes|[from] move: Defog|[of] p1a: Corviknight
|
|upkeep
|turn|10
|
|t:|1758952854
|move|p2a: Glimmora|Power Gem|p1a: Corviknight
|-damage|p1a: Corviknight|66/100
|move|p1a: Corviknight|Body Press|p2a: Glimmora
|-damage|p2a: Glimmora|46/100
|-activate|p2a: Glimmora|ability: Toxic Debris
|-sidestart|p1: Tesmon|move: Toxic Spikes
|
|upkeep
|turn|11
|
|t:|1758952869
|switch|p2a: Weezing|Weezing-Galar, F|100/100
|-ability|p2a: Weezing|Neutralizing Gas
|move|p1a: Corviknight|Body Press|p2a: Weezing
|-resisted|p2a: Weezing
|-damage|p2a: Weezing|95/100
|
|-heal|p2a: Weezing|100/100|[from] item: Leftovers
|upkeep
|turn|12
|
|t:|1758952878
|switch|p1a: Tentacruel|Tentacruel, M|90/100
|-sideend|p1: Tesmon|move: Toxic Spikes|[of] p1a: Tentacruel
|move|p2a: Weezing|Will-O-Wisp|p1a: Tentacruel
|-status|p1a: Tentacruel|brn
|
|-heal|p1a: Tentacruel|96/100 brn|[from] item: Black Sludge
|-damage|p1a: Tentacruel|90/100 brn|[from] brn
|upkeep
|turn|13
|
|t:|1758952886
|-end|p2a: Weezing|ability: Neutralizing Gas
|switch|p2a: Tyranitar|Tyranitar, M|64/100
|-weather|Sandstorm|[from] ability: Sand Stream|[of] p2a: Tyranitar
|move|p1a: Tentacruel|Sludge Bomb|p2a: Tyranitar
|-resisted|p2a: Tyranitar
|-damage|p2a: Tyranitar|59/100
|-status|p2a: Tyranitar|psn
|
|-weather|Sandstorm|[upkeep]
|-damage|p1a: Tentacruel|84/100 brn|[from] Sandstorm
|-heal|p1a: Tentacruel|90/100 brn|[from] item: Black Sludge
|-damage|p2a: Tyranitar|47/100 psn|[from] psn
|-damage|p1a: Tentacruel|84/100 brn|[from] brn
|upkeep
|turn|14
|
|t:|1758952902
|switch|p1a: Corviknight|Corviknight, M, shiny|66/100
|move|p2a: Tyranitar|Stone Edge|p1a: Corviknight
|-damage|p1a: Corviknight|33/100
|
|-weather|Sandstorm|[upkeep]
|-damage|p2a: Tyranitar|34/100 psn|[from] psn
|upkeep
|turn|15
|
|t:|1758952914
|switch|p2a: Gliscor|Gliscor, F|93/100 tox
|move|p1a: Corviknight|Roost|p1a: Corviknight
|-heal|p1a: Corviknight|83/100
|-singleturn|p1a: Corviknight|move: Roost
|
|-weather|Sandstorm|[upkeep]
|-heal|p2a: Gliscor|100/100 tox|[from] ability: Poison Heal
|upkeep
|turn|16
|
|t:|1758952925
|switch|p1a: Mamoswine|Mamoswine, M|100/100
|move|p2a: Gliscor|Knock Off|p1a: Mamoswine
|-damage|p1a: Mamoswine|78/100
|-enditem|p1a: Mamoswine|Loaded Dice|[from] move: Knock Off|[of] p2a: Gliscor
|
|-weather|Sandstorm|[upkeep]
|upkeep
|turn|17
|
|t:|1758952942
|switch|p2a: Glimmora|Glimmora, M|46/100
|move|p1a: Mamoswine|Icicle Spear|p2a: Glimmora
|-damage|p2a: Glimmora|32/100
|-activate|p2a: Glimmora|ability: Toxic Debris
|-sidestart|p1: Tesmon|move: Toxic Spikes
|-damage|p2a: Glimmora|18/100
|-activate|p2a: Glimmora|ability: Toxic Debris
|-sidestart|p1: Tesmon|move: Toxic Spikes
|-hitcount|p2a: Glimmora|2
|
|-weather|none
|upkeep
|turn|18
|
|t:|1758952955
|move|p1a: Mamoswine|Ice Shard|p2a: Glimmora
|-damage|p2a: Glimmora|0 fnt
|faint|p2a: Glimmora
|
|upkeep
|inactive|Gruff Scrimms has 120 seconds left.
|
|t:|1758952973
|switch|p2a: Rillaboom|Rillaboom, F|100/100
|-fieldstart|move: Grassy Terrain|[from] ability: Grassy Surge|[of] p2a: Rillaboom
|turn|19
|
|t:|1758952975
|switch|p1a: Corviknight|Corviknight, M, shiny|83/100
|-terastallize|p2a: Rillaboom|Grass
|move|p2a: Rillaboom|Grassy Glide|p1a: Corviknight
|-resisted|p1a: Corviknight
|-damage|p1a: Corviknight|73/100
|
|upkeep
|turn|20
|
|t:|1758952986
|switch|p2a: Weezing|Weezing-Galar, F|100/100
|-ability|p2a: Weezing|Neutralizing Gas
|switch|p1a: Tentacruel|Tentacruel, M|84/100 brn
|-sideend|p1: Tesmon|move: Toxic Spikes|[of] p1a: Tentacruel
|
|-heal|p1a: Tentacruel|90/100 brn|[from] Grassy Terrain
|-heal|p1a: Tentacruel|96/100 brn|[from] item: Black Sludge
|-damage|p1a: Tentacruel|90/100 brn|[from] brn
|upkeep
|turn|21
|
|t:|1758953000
|-end|p2a: Weezing|ability: Neutralizing Gas
|switch|p2a: Tyranitar|Tyranitar, M|34/100 psn
|-weather|Sandstorm|[from] ability: Sand Stream|[of] p2a: Tyranitar
|move|p1a: Tentacruel|Sludge Bomb|p2a: Tyranitar
|-resisted|p2a: Tyranitar
|-damage|p2a: Tyranitar|29/100 psn
|
|-weather|Sandstorm|[upkeep]
|-damage|p1a: Tentacruel|84/100 brn|[from] Sandstorm
|-heal|p1a: Tentacruel|90/100 brn|[from] Grassy Terrain
|-heal|p1a: Tentacruel|96/100 brn|[from] item: Black Sludge
|-heal|p2a: Tyranitar|36/100 psn|[from] Grassy Terrain
|-damage|p2a: Tyranitar|23/100 psn|[from] psn
|-damage|p1a: Tentacruel|90/100 brn|[from] brn
|upkeep
|turn|22
|
|t:|1758953018
|switch|p2a: Carbink|Carbink, L1, shiny|100/100
|move|p1a: Tentacruel|Surf|p2a: Carbink
|-supereffective|p2a: Carbink
|-ability|p2a: Carbink|Sturdy
|-damage|p2a: Carbink|9/100
|
|-weather|Sandstorm|[upkeep]
|-damage|p1a: Tentacruel|84/100 brn|[from] Sandstorm
|-heal|p1a: Tentacruel|90/100 brn|[from] Grassy Terrain
|-heal|p1a: Tentacruel|96/100 brn|[from] item: Black Sludge
|-heal|p2a: Carbink|17/100|[from] Grassy Terrain
|-damage|p1a: Tentacruel|90/100 brn|[from] brn
|upkeep
|turn|23
|
|t:|1758953023
|move|p1a: Tentacruel|Surf|p2a: Carbink
|-supereffective|p2a: Carbink
|-damage|p2a: Carbink|0 fnt
|faint|p2a: Carbink
|
|-weather|Sandstorm|[upkeep]
|-damage|p1a: Tentacruel|84/100 brn|[from] Sandstorm
|-heal|p1a: Tentacruel|90/100 brn|[from] Grassy Terrain
|-heal|p1a: Tentacruel|96/100 brn|[from] item: Black Sludge
|-damage|p1a: Tentacruel|90/100 brn|[from] brn
|-fieldend|move: Grassy Terrain
|upkeep
|-message|Gruff Scrimms forfeited.
|
|win|Tesmon
|raw|Tesmon's rating: 1193 &rarr; <strong>1219</strong><br />(+26 for winning)
|raw|Gruff Scrimms's rating: 1205 &rarr; <strong>1179</strong><br />(-26 for losing)
|l|☆Gruff Scrimms
|player|p2|
|l|☆Tesmon
|player|p1|
