|j|☆LilacNebula
|j|☆ironcalves
|t:|1758923894
|gametype|singles
|player|p1|LilacNebula|hilbert|1066
|player|p2|ironcalves|lucas|1087
|gen|9
|tier|[Gen 9] OU
|rated|
|rule|HP Percentage Mod: HP is shown in percentages
|rule|Endless Battle Clause: Forcing endless battles is banned
|rule|Species Clause: Limit one of each Pokémon
|rule|OHKO Clause: OHKO moves are banned
|rule|Evasion Items Clause: Evasion items are banned
|rule|Evasion Moves Clause: Evasion moves are banned
|rule|Evasion Abilities Clause: Evasion abilities are banned
|rule|Sleep Moves Clause: Sleep-inducing moves are banned
|clearpoke
|poke|p1|Brambleghast, F|
|poke|p1|Kleavor, M|
|poke|p1|Yanmega, M|
|poke|p1|Magnezone|
|poke|p1|Iron Moth|
|poke|p1|Whiscash, F|
|poke|p2|Heatran, F|
|poke|p2|Venusaur, M|
|poke|p2|Ninetales, M|
|poke|p2|Gliscor, M|
|poke|p2|Garganacl, F|
|poke|p2|Dragapult, F|
|teampreview
|
|t:|1758923898
|teamsize|p1|6
|teamsize|p2|6
|start
|switch|p1a: Kleavor|Kleavor, M|100/100
|switch|p2a: Ninetales|Ninetales, M|100/100
|-weather|SunnyDay|[from] ability: Drought|[of] p2a: Ninetales
|turn|1
|
|t:|1758923906
|move|p1a: Kleavor|Stone Axe|p2a: Ninetales
|-supereffective|p2a: Ninetales
|-damage|p2a: Ninetales|0 fnt
|-sidestart|p2: ironcalves|move: Stealth Rock
|faint|p2a: Ninetales
|
|-weather|SunnyDay|[upkeep]
|upkeep
|
|t:|1758923918
|switch|p2a: Venusaur|Venusaur, M|100/100
|-damage|p2a: Venusaur|88/100|[from] Stealth Rock
|turn|2
|
|t:|1758923926
|-terastallize|p2a: Venusaur|Ground
|move|p2a: Venusaur|Growth|p2a: Venusaur
|-boost|p2a: Venusaur|atk|2
|-boost|p2a: Venusaur|spa|2
|move|p1a: Kleavor|X-Scissor|p2a: Venusaur
|-damage|p2a: Venusaur|6/100
|
|-weather|SunnyDay|[upkeep]
|upkeep
|turn|3
|
|t:|1758923936
|move|p2a: Venusaur|Earth Power|p1a: Kleavor
|-enditem|p1a: Kleavor|Focus Sash
|-damage|p1a: Kleavor|1/100
|-damage|p2a: Venusaur|0 fnt|[from] item: Life Orb
|faint|p2a: Venusaur
|move|p1a: Kleavor|Trailblaze|p2: Venusaur|[notarget]
|-fail|p1a: Kleavor
|
|-weather|SunnyDay|[upkeep]
|upkeep
|
|t:|1758923945
|switch|p2a: Dragapult|Dragapult, F|100/100
|turn|4
|
|t:|1758923953
|move|p2a: Dragapult|Dragon Darts|p1a: Kleavor
|-damage|p1a: Kleavor|0 fnt
|faint|p1a: Kleavor
|
|-weather|SunnyDay|[upkeep]
|upkeep
|
|t:|1758923963
|switch|p1a: Iron Moth|Iron Moth|100/100
|-enditem|p1a: Iron Moth|Booster Energy
|-activate|p1a: Iron Moth|ability: Quark Drive|[fromitem]
|-start|p1a: Iron Moth|quarkdrivespe
|turn|5
|
|t:|1758923981
|-terastallize|p1a: Iron Moth|Fairy
|move|p1a: Iron Moth|Dazzling Gleam|p2a: Dragapult
|-supereffective|p2a: Dragapult
|-damage|p2a: Dragapult|0 fnt
|faint|p2a: Dragapult
|
|-weather|SunnyDay|[upkeep]
|upkeep
|
|t:|1758923987
|switch|p2a: Heatran|Heatran, F|100/100
|-damage|p2a: Heatran|88/100|[from] Stealth Rock
|turn|6
|
|t:|1758923996
|move|p1a: Iron Moth|Fiery Dance|p2a: Heatran
|-start|p2a: Heatran|ability: Flash Fire
|move|p2a: Heatran|Magma Storm|p1a: Iron Moth
|-damage|p1a: Iron Moth|0 fnt
|faint|p1a: Iron Moth
|-end|p1a: Iron Moth|Quark Drive|[silent]
|
|-weather|SunnyDay|[upkeep]
|upkeep
|
|t:|1758924004
|switch|p1a: Whiscash|Whiscash, F|100/100
|turn|7
|
|t:|1758924015
|move|p2a: Heatran|Magma Storm|p1a: Whiscash
|-resisted|p1a: Whiscash
|-crit|p1a: Whiscash
|-damage|p1a: Whiscash|5/100
|-activate|p1a: Whiscash|move: Magma Storm|[of] p2a: Heatran
|move|p1a: Whiscash|Spikes|p2a: Heatran
|-sidestart|p2: ironcalves|Spikes
|
|-weather|SunnyDay|[upkeep]
|-heal|p1a: Whiscash|11/100|[from] item: Leftovers
|-damage|p1a: Whiscash|0 fnt|[from] move: Magma Storm|[partiallytrapped]
|faint|p1a: Whiscash
|upkeep
|
|t:|1758924031
|switch|p1a: Magnezone|Magnezone|100/100
|-item|p1a: Magnezone|Air Balloon
|turn|8
|
|t:|1758924040
|move|p2a: Heatran|Magma Storm|p1a: Magnezone|[miss]
|-miss|p2a: Heatran|p1a: Magnezone
|move|p1a: Magnezone|Thunderbolt|p2a: Heatran
|-damage|p2a: Heatran|41/100
|
|-weather|none
|upkeep
|turn|9
|
|t:|1758924050
|move|p2a: Heatran|Magma Storm|p1a: Magnezone
|-supereffective|p1a: Magnezone
|-damage|p1a: Magnezone|0 fnt
|-enditem|p1a: Magnezone|Air Balloon
|faint|p1a: Magnezone
|
|upkeep
|
|t:|1758924054
|switch|p1a: Brambleghast|Brambleghast, F|100/100
|turn|10
|
|t:|1758924061
|move|p1a: Brambleghast|Poltergeist|p2a: Heatran
|-activate|p2a: Heatran|move: Poltergeist|Choice Specs
|-damage|p2a: Heatran|0 fnt
|faint|p2a: Heatran
|
|upkeep
|
|t:|1758924072
|switch|p2a: Gliscor|Gliscor, M|100/100
|-damage|p2a: Gliscor|88/100|[from] Stealth Rock
|turn|11
|
|t:|1758924089
|move|p2a: Gliscor|Protect|p2a: Gliscor
|-singleturn|p2a: Gliscor|Protect
|move|p1a: Brambleghast|Seed Bomb|p2a: Gliscor
|-activate|p2a: Gliscor|move: Protect
|
|-status|p2a: Gliscor|tox|[from] item: Toxic Orb
|upkeep
|turn|12
|
|t:|1758924102
|move|p2a: Gliscor|Facade|p1a: Brambleghast
|-immune|p1a: Brambleghast
|move|p1a: Brambleghast|Seed Bomb|p2a: Gliscor
|-damage|p2a: Gliscor|51/100 tox
|
|-heal|p2a: Gliscor|63/100 tox|[from] ability: Poison Heal
|upkeep
|turn|13
|
|t:|1758924111
|move|p2a: Gliscor|Earthquake|p1a: Brambleghast
|-resisted|p1a: Brambleghast
|-damage|p1a: Brambleghast|63/100
|move|p1a: Brambleghast|Poltergeist|p2a: Gliscor
|-activate|p2a: Gliscor|move: Poltergeist|Toxic Orb
|-damage|p2a: Gliscor|8/100 tox
|
|-heal|p2a: Gliscor|20/100 tox|[from] ability: Poison Heal
|upkeep
|turn|14
|
|t:|1758924123
|move|p2a: Gliscor|U-turn|p1a: Brambleghast
|-damage|p1a: Brambleghast|27/100
|
|t:|1758924125
|switch|p2a: Garganacl|Garganacl, F|100/100|[from] U-turn
|-damage|p2a: Garganacl|88/100|[from] Stealth Rock
|-damage|p2a: Garganacl|76/100|[from] Spikes
|move|p1a: Brambleghast|Poltergeist|p2a: Garganacl
|-activate|p2a: Garganacl|move: Poltergeist|Leftovers
|-damage|p2a: Garganacl|63/100
|
|-heal|p2a: Garganacl|69/100|[from] item: Leftovers
|upkeep
|turn|15
|
|t:|1758924141
|move|p1a: Brambleghast|Strength Sap|p2a: Garganacl
|-unboost|p2a: Garganacl|atk|1
|-heal|p1a: Brambleghast|100/100
|move|p2a: Garganacl|Salt Cure|p1a: Brambleghast
|-damage|p1a: Brambleghast|83/100
|-start|p1a: Brambleghast|Salt Cure
|
|-heal|p2a: Garganacl|75/100|[from] item: Leftovers
|-damage|p1a: Brambleghast|71/100|[from] Salt Cure
|upkeep
|turn|16
|
|t:|1758924152
|move|p1a: Brambleghast|Seed Bomb|p2a: Garganacl
|-supereffective|p2a: Garganacl
|-damage|p2a: Garganacl|36/100
|move|p2a: Garganacl|Recover|p2a: Garganacl
|-heal|p2a: Garganacl|86/100
|
|-heal|p2a: Garganacl|92/100|[from] item: Leftovers
|-damage|p1a: Brambleghast|59/100|[from] Salt Cure
|upkeep
|turn|17
|
|t:|1758924161
|move|p1a: Brambleghast|Seed Bomb|p2a: Garganacl
|-supereffective|p2a: Garganacl
|-damage|p2a: Garganacl|53/100
|move|p2a: Garganacl|Recover|p2a: Garganacl
|-heal|p2a: Garganacl|100/100
|
|-damage|p1a: Brambleghast|46/100|[from] Salt Cure
|upkeep
|turn|18
|
|t:|1758924171
|move|p1a: Brambleghast|Seed Bomb|p2a: Garganacl
|-supereffective|p2a: Garganacl
|-damage|p2a: Garganacl|57/100
|move|p2a: Garganacl|Salt Cure|p1a: Brambleghast
|-damage|p1a: Brambleghast|27/100
|
|-heal|p2a: Garganacl|64/100|[from] item: Leftovers
|-damage|p1a: Brambleghast|15/100|[from] Salt Cure
|upkeep
|turn|19
|
|t:|1758924181
|move|p1a: Brambleghast|Strength Sap|p2a: Garganacl
|-unboost|p2a: Garganacl|atk|1
|-heal|p1a: Brambleghast|78/100
|move|p2a: Garganacl|Recover|p2a: Garganacl
|-heal|p2a: Garganacl|100/100
|
|-damage|p1a: Brambleghast|65/100|[from] Salt Cure
|upkeep
|turn|20
|
|t:|1758924191
|move|p1a: Brambleghast|Seed Bomb|p2a: Garganacl
|-supereffective|p2a: Garganacl
|-damage|p2a: Garganacl|64/100
|move|p2a: Garganacl|Earthquake|p1a: Brambleghast
|-resisted|p1a: Brambleghast
|-damage|p1a: Brambleghast|55/100
|
|-heal|p2a: Garganacl|71/100|[from] item: Leftovers
|-damage|p1a: Brambleghast|42/100|[from] Salt Cure
|upkeep
|turn|21
|
|t:|1758924203
|switch|p1a: Yanmega|Yanmega, M|100/100
|move|p2a: Garganacl|Recover|p2a: Garganacl
|-heal|p2a: Garganacl|100/100
|
|upkeep
|turn|22
|
|t:|1758924211
|move|p1a: Yanmega|Giga Drain|p2a: Garganacl
|-supereffective|p2a: Garganacl
|-damage|p2a: Garganacl|33/100
|move|p2a: Garganacl|Salt Cure|p1a: Yanmega
|-supereffective|p1a: Yanmega
|-crit|p1a: Yanmega
|-damage|p1a: Yanmega|3/100
|-start|p1a: Yanmega|Salt Cure
|
|-heal|p2a: Garganacl|39/100|[from] item: Leftovers
|-damage|p1a: Yanmega|0 fnt|[from] Salt Cure
|faint|p1a: Yanmega
|upkeep
|
|t:|1758924216
|switch|p1a: Brambleghast|Brambleghast, F|42/100
|turn|23
|
|t:|1758924228
|move|p1a: Brambleghast|Seed Bomb|p2a: Garganacl
|-supereffective|p2a: Garganacl
|-damage|p2a: Garganacl|0 fnt
|faint|p2a: Garganacl
|
|upkeep
|
|t:|1758924232
|switch|p2a: Gliscor|Gliscor, M|20/100 tox
|-damage|p2a: Gliscor|8/100 tox|[from] Stealth Rock
|turn|24
|
|t:|1758924252
|move|p2a: Gliscor|Earthquake|p1a: Brambleghast
|-resisted|p1a: Brambleghast
|-damage|p1a: Brambleghast|5/100
|move|p1a: Brambleghast|Seed Bomb|p2a: Gliscor
|-damage|p2a: Gliscor|0 fnt
|faint|p2a: Gliscor
|
|win|LilacNebula
|raw|LilacNebula's rating: 1066 &rarr; <strong>1098</strong><br />(+32 for winning)
|raw|ironcalves's rating: 1087 &rarr; <strong>1063</strong><br />(-24 for losing)
|l|☆LilacNebula
|player|p1|
|l|☆ironcalves
|player|p2|
