|j|☆bugcatcherweevil
|j|☆Shibuya Arc
|t:|1758963591
|gametype|singles
|player|p1|bugcatcherweevil|102|1807
|player|p2|Shibuya Arc|265|1743
|gen|9
|tier|[Gen 9] OU
|rated|
|rule|HP Percentage Mod: HP is shown in percentages
|rule|Endless Battle Clause: Forcing endless battles is banned
|rule|Species Clause: Limit one of each Pokémon
|rule|OHKO Clause: OHKO moves are banned
|rule|Evasion Items Clause: Evasion items are banned
|rule|Evasion Moves Clause: Evasion moves are banned
|rule|Evasion Abilities Clause: Evasion abilities are banned
|rule|Sleep Moves Clause: Sleep-inducing moves are banned
|clearpoke
|poke|p1|Iron Moth|
|poke|p1|Ting-Lu|
|poke|p1|Torkoal, M|
|poke|p1|Walking Wake|
|poke|p1|Great Tusk|
|poke|p1|Slither Wing|
|poke|p2|Dragapult, F|
|poke|p2|Dragonite, F|
|poke|p2|Ting-Lu|
|poke|p2|Weezing-Galar, F|
|poke|p2|Iron Crown|
|poke|p2|Zapdos|
|teampreview
|
|t:|1758963600
|teamsize|p1|6
|teamsize|p2|6
|start
|switch|p1a: Slither Wing|Slither Wing|100/100
|switch|p2a: Ting-Lu|Ting-Lu|100/100
|-ability|p2a: Ting-Lu|Vessel of Ruin
|turn|1
|inactive|Battle timer is ON: inactive players will automatically lose when time's up. (requested by Shibuya Arc)
|
|t:|1758963607
|-terastallize|p2a: Ting-Lu|Water
|move|p1a: Slither Wing|U-turn|p2a: Ting-Lu
|-damage|p2a: Ting-Lu|69/100
|
|t:|1758963611
|-end|p1a: Slither Wing|Protosynthesis|[silent]
|switch|p1a: Great Tusk|Great Tusk|100/100|[from] U-turn
|move|p2a: Ting-Lu|Stealth Rock|p1a: Great Tusk
|-sidestart|p1: bugcatcherweevil|move: Stealth Rock
|
|-heal|p2a: Ting-Lu|75/100|[from] item: Leftovers
|upkeep
|turn|2
|
|t:|1758963619
|move|p1a: Great Tusk|Headlong Rush|p2a: Ting-Lu
|-damage|p2a: Ting-Lu|45/100
|-unboost|p1a: Great Tusk|def|1
|-unboost|p1a: Great Tusk|spd|1
|move|p2a: Ting-Lu|Whirlwind|p1a: Great Tusk
|-end|p1a: Great Tusk|Protosynthesis|[silent]
|drag|p1a: Slither Wing|Slither Wing|100/100
|-damage|p1a: Slither Wing|88/100|[from] Stealth Rock
|
|-heal|p2a: Ting-Lu|51/100|[from] item: Leftovers
|upkeep
|turn|3
|
|t:|1758963629
|move|p1a: Slither Wing|U-turn|p2a: Ting-Lu
|-damage|p2a: Ting-Lu|16/100
|
|t:|1758963632
|-end|p1a: Slither Wing|Protosynthesis|[silent]
|switch|p1a: Great Tusk|Great Tusk|100/100|[from] U-turn
|move|p2a: Ting-Lu|Ruination|p1a: Great Tusk
|-damage|p1a: Great Tusk|51/100
|
|-heal|p2a: Ting-Lu|22/100|[from] item: Leftovers
|upkeep
|turn|4
|
|t:|1758963639
|move|p1a: Great Tusk|Rapid Spin|p2a: Ting-Lu
|-damage|p2a: Ting-Lu|13/100
|-boost|p1a: Great Tusk|spe|1
|-sideend|p1: bugcatcherweevil|Stealth Rock|[from] move: Rapid Spin|[of] p1a: Great Tusk
|move|p2a: Ting-Lu|Whirlwind|p1a: Great Tusk
|-end|p1a: Great Tusk|Protosynthesis|[silent]
|drag|p1a: Iron Moth|Iron Moth|100/100
|
|-heal|p2a: Ting-Lu|20/100|[from] item: Leftovers
|upkeep
|turn|5
|
|t:|1758963647
|switch|p2a: Dragonite|Dragonite, F|100/100
|move|p1a: Iron Moth|Sludge Wave|p2a: Dragonite
|-damage|p2a: Dragonite|65/100
|
|upkeep
|turn|6
|j| larp legion
|
|t:|1758963656
|switch|p2a: Iron Crown|Iron Crown|100/100
|move|p1a: Iron Moth|Sludge Wave|p2a: Iron Crown
|-immune|p2a: Iron Crown
|
|upkeep
|turn|7
|l| larp legion
|
|t:|1758963662
|-end|p1a: Iron Moth|Quark Drive|[silent]
|switch|p1a: Ting-Lu|Ting-Lu|100/100
|-ability|p1a: Ting-Lu|Vessel of Ruin
|move|p2a: Iron Crown|Tachyon Cutter|p1a: Ting-Lu
|-crit|p1a: Ting-Lu
|-damage|p1a: Ting-Lu|76/100
|-damage|p1a: Ting-Lu|59/100
|-hitcount|p1a: Ting-Lu|2
|
|upkeep
|turn|8
|j| wgw2333
|
|t:|1758963675
|-end|p2a: Iron Crown|Quark Drive|[silent]
|switch|p2a: Dragonite|Dragonite, F|65/100
|move|p1a: Ting-Lu|Earthquake|p2a: Dragonite
|-immune|p2a: Dragonite
|
|upkeep
|turn|9
|
|t:|1758963681
|move|p2a: Dragonite|Earthquake|p1a: Ting-Lu
|-damage|p1a: Ting-Lu|37/100
|move|p1a: Ting-Lu|Ruination|p2a: Dragonite
|-damage|p2a: Dragonite|33/100
|
|upkeep
|turn|10
|
|t:|1758963689
|move|p2a: Dragonite|Earthquake|p1a: Ting-Lu
|-damage|p1a: Ting-Lu|15/100
|move|p1a: Ting-Lu|Spikes|p2a: Dragonite
|-sidestart|p2: Shibuya Arc|Spikes
|
|upkeep
|turn|11
|
|t:|1758963696
|move|p2a: Dragonite|Earthquake|p1a: Ting-Lu
|-damage|p1a: Ting-Lu|0 fnt
|faint|p1a: Ting-Lu
|
|upkeep
|
|t:|1758963706
|switch|p1a: Great Tusk|Great Tusk|51/100
|turn|12
|
|t:|1758963713
|move|p2a: Dragonite|Extreme Speed|p1a: Great Tusk
|-damage|p1a: Great Tusk|32/100
|move|p1a: Great Tusk|Ice Spinner|p2a: Dragonite
|-supereffective|p2a: Dragonite
|-damage|p2a: Dragonite|0 fnt
|faint|p2a: Dragonite
|
|upkeep
|
|t:|1758963721
|switch|p2a: Dragapult|Dragapult, F|100/100
|turn|13
|
|t:|1758963728
|-end|p1a: Great Tusk|Protosynthesis|[silent]
|switch|p1a: Torkoal|Torkoal, M|100/100
|-weather|SunnyDay|[from] ability: Drought|[of] p1a: Torkoal
|move|p2a: Dragapult|Dragon Darts|p1a: Torkoal
|-damage|p1a: Torkoal|89/100
|-anim|p2a: Dragapult|Dragon Darts|p1a: Torkoal
|-damage|p1a: Torkoal|76/100
|
|-weather|SunnyDay|[upkeep]
|upkeep
|turn|14
|
|t:|1758963739
|move|p2a: Dragapult|Hex|p1a: Torkoal
|-damage|p1a: Torkoal|39/100
|move|p1a: Torkoal|Lava Plume|p2a: Dragapult
|-resisted|p2a: Dragapult
|-crit|p2a: Dragapult
|-damage|p2a: Dragapult|60/100
|
|-weather|SunnyDay|[upkeep]
|upkeep
|turn|15
|
|t:|1758963750
|switch|p1a: Slither Wing|Slither Wing|88/100
|-activate|p1a: Slither Wing|ability: Protosynthesis
|-start|p1a: Slither Wing|protosynthesisatk
|move|p2a: Dragapult|Dragon Darts|p1a: Slither Wing
|-damage|p1a: Slither Wing|58/100
|-anim|p2a: Dragapult|Dragon Darts|p1a: Slither Wing
|-damage|p1a: Slither Wing|29/100
|
|-weather|SunnyDay|[upkeep]
|upkeep
|turn|16
|
|t:|1758963758
|move|p1a: Slither Wing|First Impression|p2a: Dragapult
|-resisted|p2a: Dragapult
|-damage|p2a: Dragapult|0 fnt
|faint|p2a: Dragapult
|
|-weather|SunnyDay|[upkeep]
|upkeep
|
|t:|1758963765
|switch|p2a: Ting-Lu|Ting-Lu, tera:Water|20/100
|-damage|p2a: Ting-Lu|7/100|[from] Spikes
|-ability|p2a: Ting-Lu|Vessel of Ruin
|turn|17
|
|t:|1758963772
|-end|p1a: Slither Wing|Protosynthesis|[silent]
|switch|p1a: Great Tusk|Great Tusk|32/100
|-activate|p1a: Great Tusk|ability: Protosynthesis
|-start|p1a: Great Tusk|protosynthesisspe
|move|p2a: Ting-Lu|Stealth Rock|p1a: Great Tusk
|-sidestart|p1: bugcatcherweevil|move: Stealth Rock
|
|-weather|SunnyDay|[upkeep]
|-heal|p2a: Ting-Lu|13/100|[from] item: Leftovers
|upkeep
|turn|18
|
|t:|1758963778
|move|p1a: Great Tusk|Rapid Spin|p2a: Ting-Lu
|-damage|p2a: Ting-Lu|5/100
|-boost|p1a: Great Tusk|spe|1
|-sideend|p1: bugcatcherweevil|Stealth Rock|[from] move: Rapid Spin|[of] p1a: Great Tusk
|move|p2a: Ting-Lu|Stealth Rock|p1a: Great Tusk
|-sidestart|p1: bugcatcherweevil|move: Stealth Rock
|
|-weather|SunnyDay|[upkeep]
|-heal|p2a: Ting-Lu|11/100|[from] item: Leftovers
|upkeep
|turn|19
|
|t:|1758963786
|move|p1a: Great Tusk|Rapid Spin|p2a: Ting-Lu
|-damage|p2a: Ting-Lu|3/100
|-boost|p1a: Great Tusk|spe|1
|-sideend|p1: bugcatcherweevil|Stealth Rock|[from] move: Rapid Spin|[of] p1a: Great Tusk
|move|p2a: Ting-Lu|Stealth Rock|p1a: Great Tusk
|-sidestart|p1: bugcatcherweevil|move: Stealth Rock
|
|-weather|SunnyDay|[upkeep]
|-heal|p2a: Ting-Lu|10/100|[from] item: Leftovers
|upkeep
|turn|20
|
|t:|1758963793
|move|p1a: Great Tusk|Rapid Spin|p2a: Ting-Lu
|-damage|p2a: Ting-Lu|2/100
|-boost|p1a: Great Tusk|spe|1
|-sideend|p1: bugcatcherweevil|Stealth Rock|[from] move: Rapid Spin|[of] p1a: Great Tusk
|move|p2a: Ting-Lu|Earthquake|p1a: Great Tusk
|-damage|p1a: Great Tusk|11/100
|
|-weather|none
|-end|p1a: Great Tusk|Protosynthesis
|-heal|p2a: Ting-Lu|8/100|[from] item: Leftovers
|upkeep
|turn|21
|
|t:|1758963801
|switch|p2a: Zapdos|Zapdos|100/100
|move|p1a: Great Tusk|Ice Spinner|p2a: Zapdos
|-supereffective|p2a: Zapdos
|-damage|p2a: Zapdos|41/100
|
|upkeep
|turn|22
|
|t:|1758963808
|switch|p2a: Iron Crown|Iron Crown|100/100
|-damage|p2a: Iron Crown|88/100|[from] Spikes
|move|p1a: Great Tusk|Ice Spinner|p2a: Iron Crown
|-resisted|p2a: Iron Crown
|-damage|p2a: Iron Crown|75/100
|
|upkeep
|turn|23
|
|t:|1758963815
|-end|p2a: Iron Crown|Quark Drive|[silent]
|switch|p2a: Zapdos|Zapdos|41/100
|move|p1a: Great Tusk|Headlong Rush|p2a: Zapdos
|-immune|p2a: Zapdos
|
|upkeep
|turn|24
|
|t:|1758963821
|switch|p2a: Iron Crown|Iron Crown|75/100
|-damage|p2a: Iron Crown|62/100|[from] Spikes
|move|p1a: Great Tusk|Ice Spinner|p2a: Iron Crown
|-resisted|p2a: Iron Crown
|-damage|p2a: Iron Crown|49/100
|
|upkeep
|turn|25
|
|t:|1758963829
|-end|p2a: Iron Crown|Quark Drive|[silent]
|switch|p2a: Zapdos|Zapdos|41/100
|move|p1a: Great Tusk|Headlong Rush|p2a: Zapdos
|-immune|p2a: Zapdos
|
|upkeep
|turn|26
|
|t:|1758963835
|switch|p2a: Iron Crown|Iron Crown|49/100
|-damage|p2a: Iron Crown|37/100|[from] Spikes
|move|p1a: Great Tusk|Ice Spinner|p2a: Iron Crown
|-resisted|p2a: Iron Crown
|-damage|p2a: Iron Crown|24/100
|
|upkeep
|turn|27
|
|t:|1758963842
|-end|p2a: Iron Crown|Quark Drive|[silent]
|switch|p2a: Zapdos|Zapdos|41/100
|move|p1a: Great Tusk|Headlong Rush|p2a: Zapdos
|-immune|p2a: Zapdos
|
|upkeep
|turn|28
|
|t:|1758963849
|switch|p2a: Weezing|Weezing-Galar, F|100/100
|-ability|p2a: Weezing|Neutralizing Gas
|move|p1a: Great Tusk|Ice Spinner|p2a: Weezing
|-damage|p2a: Weezing|85/100
|
|upkeep
|turn|29
|
|t:|1758963856
|-end|p2a: Weezing|ability: Neutralizing Gas
|switch|p2a: Zapdos|Zapdos|41/100
|move|p1a: Great Tusk|Headlong Rush|p2a: Zapdos
|-immune|p2a: Zapdos
|
|upkeep
|turn|30
|
|t:|1758963863
|switch|p2a: Weezing|Weezing-Galar, F|85/100
|-ability|p2a: Weezing|Neutralizing Gas
|move|p1a: Great Tusk|Ice Spinner|p2a: Weezing
|-crit|p2a: Weezing
|-damage|p2a: Weezing|62/100
|
|upkeep
|turn|31
|
|t:|1758963870
|-end|p2a: Weezing|ability: Neutralizing Gas
|switch|p2a: Zapdos|Zapdos|41/100
|move|p1a: Great Tusk|Headlong Rush|p2a: Zapdos
|-immune|p2a: Zapdos
|
|upkeep
|turn|32
|
|t:|1758963877
|switch|p2a: Weezing|Weezing-Galar, F|62/100
|-ability|p2a: Weezing|Neutralizing Gas
|move|p1a: Great Tusk|Ice Spinner|p2a: Weezing
|-damage|p2a: Weezing|47/100
|
|upkeep
|turn|33
|
|t:|1758963884
|-end|p2a: Weezing|ability: Neutralizing Gas
|switch|p2a: Zapdos|Zapdos|41/100
|move|p1a: Great Tusk|Headlong Rush|p2a: Zapdos
|-immune|p2a: Zapdos
|
|upkeep
|turn|34
|
|t:|1758963891
|switch|p2a: Weezing|Weezing-Galar, F|47/100
|-ability|p2a: Weezing|Neutralizing Gas
|move|p1a: Great Tusk|Ice Spinner|p2a: Weezing
|-damage|p2a: Weezing|30/100
|
|upkeep
|turn|35
|
|t:|1758963899
|-end|p2a: Weezing|ability: Neutralizing Gas
|switch|p2a: Zapdos|Zapdos|41/100
|move|p1a: Great Tusk|Ice Spinner|p2a: Zapdos
|-supereffective|p2a: Zapdos
|-damage|p2a: Zapdos|0 fnt
|faint|p2a: Zapdos
|
|upkeep
|
|t:|1758963906
|switch|p2a: Iron Crown|Iron Crown|24/100
|-damage|p2a: Iron Crown|12/100|[from] Spikes
|turn|36
|
|t:|1758963912
|move|p1a: Great Tusk|Ice Spinner|p2a: Iron Crown
|-resisted|p2a: Iron Crown
|-damage|p2a: Iron Crown|0 fnt
|faint|p2a: Iron Crown
|-end|p2a: Iron Crown|Quark Drive|[silent]
|
|upkeep
|
|t:|1758963918
|switch|p2a: Weezing|Weezing-Galar, F|30/100
|-ability|p2a: Weezing|Neutralizing Gas
|turn|37
|
|t:|1758963924
|-end|p2a: Weezing|ability: Neutralizing Gas
|switch|p2a: Ting-Lu|Ting-Lu, tera:Water|8/100
|-damage|p2a: Ting-Lu|0 fnt|[from] Spikes
|faint|p2a: Ting-Lu
|move|p1a: Great Tusk|Ice Spinner|p2: Ting-Lu|[notarget]
|-fail|p1a: Great Tusk
|
|upkeep
|
|t:|1758963930
|switch|p2a: Weezing|Weezing-Galar, F|30/100
|-ability|p2a: Weezing|Neutralizing Gas
|turn|38
|
|t:|1758963933
|move|p1a: Great Tusk|Headlong Rush|p2a: Weezing
|-supereffective|p2a: Weezing
|-damage|p2a: Weezing|0 fnt
|-unboost|p1a: Great Tusk|def|1
|-unboost|p1a: Great Tusk|spd|1
|faint|p2a: Weezing
|-end|p2a: Weezing|ability: Neutralizing Gas
|
|win|bugcatcherweevil
|raw|bugcatcherweevil's rating: 1807 &rarr; <strong>1823</strong><br />(+16 for winning)
|raw|Shibuya Arc's rating: 1743 &rarr; <strong>1727</strong><br />(-16 for losing)
|l|☆Shibuya Arc
|player|p2|
