|badge|p1|silver|gen9ou|30-6
|html|<div class="broadcast-red"><strong>This battle is required to be public due to one or more player having a season medal.</strong><br />During the public phase, you can discuss the state of the ladder <a href="/seasondiscussion">in a special chatroom.</a></div>
|uhtml|medal-msg|<div class="broadcast-blue">Curious what those medals under the avatar are? PS now has Ladder Seasons! For more information, check out the <a href="https://www.smogon.com/forums/threads/3740067/">thread on Smogon.</a></div>
|badge|p2|bronze|gen9ou|100-6
|uhtml|medal-msg|<div class="broadcast-blue">Curious what those medals under the avatar are? PS now has Ladder Seasons! For more information, check out the <a href="https://www.smogon.com/forums/threads/3740067/">thread on Smogon.</a></div>
|j|☆butts99999
|j|‽JackRG1
|t:|1759010699
|gametype|singles
|player|p1|butts99999|skierf|1974
|player|p2|JackRG1|dawn-gen4pt|1907
|gen|9
|tier|[Gen 9] OU
|rated|
|rule|HP Percentage Mod: HP is shown in percentages
|rule|Endless Battle Clause: Forcing endless battles is banned
|rule|Species Clause: Limit one of each Pokémon
|rule|OHKO Clause: OHKO moves are banned
|rule|Evasion Items Clause: Evasion items are banned
|rule|Evasion Moves Clause: Evasion moves are banned
|rule|Evasion Abilities Clause: Evasion abilities are banned
|rule|Sleep Moves Clause: Sleep-inducing moves are banned
|clearpoke
|poke|p1|Kingambit, F|
|poke|p1|Cinderace, F|
|poke|p1|Landorus-Therian, M|
|poke|p1|Iron Valiant|
|poke|p1|Kyurem|
|poke|p1|Slowking-Galar, M|
|poke|p2|Weezing-Galar, F|
|poke|p2|Ting-Lu|
|poke|p2|Corviknight, F|
|poke|p2|Skeledirge, M|
|poke|p2|Dragapult, M|
|poke|p2|Ogerpon-Wellspring, F|
|teampreview
|inactive|Battle timer is ON: inactive players will automatically lose when time's up. (requested by JackRG1)
|j| FaronAan
|c|☆butts99999|hf
|j| tiochicodobos
|
|t:|1759010727
|teamsize|p1|6
|teamsize|p2|6
|start
|switch|p1a: Mr. Freeze|Kyurem, shiny|100/100
|switch|p2a: Dragapult|Dragapult, M|100/100
|-ability|p1a: Mr. Freeze|Pressure
|turn|1
|
|t:|1759010732
|move|p1a: Mr. Freeze|Protect|p1a: Mr. Freeze
|-singleturn|p1a: Mr. Freeze|Protect
|move|p2a: Dragapult|Draco Meteor|p1a: Mr. Freeze
|-activate|p1a: Mr. Freeze|move: Protect
|
|upkeep
|turn|2
|
|t:|1759010735
|switch|p2a: Ting-Lu|Ting-Lu, shiny|100/100
|-ability|p2a: Ting-Lu|Vessel of Ruin
|switch|p1a: Chillionaire|Slowking-Galar, M, shiny|100/100
|
|upkeep
|turn|3
|
|t:|1759010740
|switch|p1a: Homelandor|Landorus-Therian, M, shiny|100/100
|-ability|p1a: Homelandor|Intimidate|boost
|-unboost|p2a: Ting-Lu|atk|1
|move|p2a: Ting-Lu|Stealth Rock|p1a: Homelandor
|-sidestart|p1: butts99999|move: Stealth Rock
|
|upkeep
|turn|4
|
|t:|1759010751
|switch|p1a: Kristine|Cinderace, F, shiny|100/100
|switch|p2a: Ogerpon|Ogerpon-Wellspring, F|100/100
|
|upkeep
|turn|5
|
|t:|1759010762
|move|p1a: Kristine|Will-O-Wisp|p2a: Ogerpon
|-status|p2a: Ogerpon|brn
|move|p2a: Ogerpon|Knock Off|p1a: Kristine
|-damage|p1a: Kristine|80/100
|-enditem|p1a: Kristine|Heavy-Duty Boots|[from] move: Knock Off|[of] p2a: Ogerpon
|
|-damage|p2a: Ogerpon|94/100 brn|[from] brn
|upkeep
|turn|6
|
|t:|1759010772
|move|p1a: Kristine|U-turn|p2a: Ogerpon
|-supereffective|p2a: Ogerpon
|-damage|p2a: Ogerpon|54/100 brn
|
|t:|1759010775
|switch|p1a: Chillionaire|Slowking-Galar, M, shiny|100/100|[from] U-turn
|move|p2a: Ogerpon|Ivy Cudgel|p1a: Chillionaire|[anim] Ivy Cudgel Water
|-damage|p1a: Chillionaire|75/100
|
|-damage|p2a: Ogerpon|48/100 brn|[from] brn
|upkeep
|turn|7
|
|t:|1759010783
|switch|p2a: Ting-Lu|Ting-Lu, shiny|100/100
|-ability|p2a: Ting-Lu|Vessel of Ruin
|move|p1a: Chillionaire|Sludge Bomb|p2a: Ting-Lu
|-resisted|p2a: Ting-Lu
|-damage|p2a: Ting-Lu|93/100
|-status|p2a: Ting-Lu|psn
|
|-heal|p2a: Ting-Lu|99/100 psn|[from] item: Leftovers
|-damage|p2a: Ting-Lu|87/100 psn|[from] psn
|upkeep
|turn|8
|
|t:|1759010789
|switch|p2a: Dragapult|Dragapult, M|100/100
|switch|p1a: Homelandor|Landorus-Therian, M, shiny|100/100
|-damage|p1a: Homelandor|88/100|[from] Stealth Rock
|-ability|p1a: Homelandor|Intimidate|boost
|-fail|p2a: Dragapult|unboost|[from] ability: Clear Body|[of] p2a: Dragapult
|
|upkeep
|turn|9
|
|t:|1759010798
|switch|p1a: Daenerys|Kingambit, F|100/100
|-damage|p1a: Daenerys|94/100|[from] Stealth Rock
|move|p2a: Dragapult|Shadow Ball|p1a: Daenerys
|-resisted|p1a: Daenerys
|-damage|p1a: Daenerys|68/100
|
|-heal|p1a: Daenerys|74/100|[from] item: Leftovers
|upkeep
|turn|10
|
|t:|1759010810
|switch|p2a: Corviknight|Corviknight, F|100/100
|-ability|p2a: Corviknight|Pressure
|-end|p1a: Daenerys|fallenundefined|[silent]
|switch|p1a: Chillionaire|Slowking-Galar, M, shiny|100/100
|
|upkeep
|turn|11
|
|t:|1759010819
|move|p2a: Corviknight|U-turn|p1a: Chillionaire
|-damage|p1a: Chillionaire|87/100
|
|t:|1759010821
|switch|p2a: Ting-Lu|Ting-Lu, shiny|87/100 psn|[from] U-turn
|-ability|p2a: Ting-Lu|Vessel of Ruin
|-prepare|p1a: Chillionaire|Chilly Reception|[premajor]
|move|p1a: Chillionaire|Chilly Reception|p1a: Chillionaire
|-weather|Snowscape
|
|t:|1759010826
|switch|p1a: Kristine|Cinderace, F, shiny|80/100|[from] Chilly Reception
|-damage|p1a: Kristine|55/100|[from] Stealth Rock
|
|-weather|Snowscape|[upkeep]
|-heal|p2a: Ting-Lu|93/100 psn|[from] item: Leftovers
|-damage|p2a: Ting-Lu|80/100 psn|[from] psn
|upkeep
|turn|12
|
|t:|1759010831
|move|p1a: Kristine|Court Change|p1a: Kristine
|-swapsideconditions
|-activate|p1a: Kristine|move: Court Change
|move|p2a: Ting-Lu|Earthquake|p1a: Kristine
|-supereffective|p1a: Kristine
|-damage|p1a: Kristine|0 fnt
|faint|p1a: Kristine
|
|-weather|Snowscape|[upkeep]
|-heal|p2a: Ting-Lu|87/100 psn|[from] item: Leftovers
|-damage|p2a: Ting-Lu|74/100 psn|[from] psn
|upkeep
|
|t:|1759010846
|switch|p1a: Homelandor|Landorus-Therian, M, shiny|88/100
|-ability|p1a: Homelandor|Intimidate|boost
|-unboost|p2a: Ting-Lu|atk|1
|turn|13
|
|t:|1759010852
|switch|p2a: Dragapult|Dragapult, M|100/100
|-damage|p2a: Dragapult|88/100|[from] Stealth Rock
|move|p1a: Homelandor|Taunt|p2a: Dragapult
|-start|p2a: Dragapult|move: Taunt
|
|-weather|Snowscape|[upkeep]
|upkeep
|turn|14
|
|t:|1759010857
|switch|p1a: Chillionaire|Slowking-Galar, M, shiny|100/100
|move|p2a: Dragapult|Shadow Ball|p1a: Chillionaire
|-supereffective|p1a: Chillionaire
|-damage|p1a: Chillionaire|37/100
|
|-weather|Snowscape|[upkeep]
|upkeep
|turn|15
|
|t:|1759010868
|switch|p2a: Weezing|Weezing-Galar, F|100/100
|-ability|p2a: Weezing|Neutralizing Gas
|switch|p1a: Mr. Freeze|Kyurem, shiny|100/100
|
|-weather|none
|upkeep
|turn|16
|
|t:|1759010894
|-terastallize|p1a: Mr. Freeze|Ground
|move|p1a: Mr. Freeze|Earth Power|p2a: Weezing
|-supereffective|p2a: Weezing
|-damage|p2a: Weezing|0 fnt
|faint|p2a: Weezing
|-end|p2a: Weezing|ability: Neutralizing Gas
|-ability|p1a: Mr. Freeze|Pressure
|
|upkeep
|
|t:|1759010897
|switch|p2a: Ting-Lu|Ting-Lu, shiny|74/100 psn
|-damage|p2a: Ting-Lu|68/100 psn|[from] Stealth Rock
|-ability|p2a: Ting-Lu|Vessel of Ruin
|turn|17
|
|t:|1759010901
|-terastallize|p2a: Ting-Lu|Fairy
|move|p1a: Mr. Freeze|Freeze-Dry|p2a: Ting-Lu
|-damage|p2a: Ting-Lu|53/100 psn
|move|p2a: Ting-Lu|Stealth Rock|p1a: Mr. Freeze
|-sidestart|p1: butts99999|move: Stealth Rock
|
|-heal|p2a: Ting-Lu|59/100 psn|[from] item: Leftovers
|-damage|p2a: Ting-Lu|47/100 psn|[from] psn
|upkeep
|turn|18
|
|t:|1759010911
|switch|p1a: Chillionaire|Slowking-Galar, M, shiny|37/100
|move|p2a: Ting-Lu|Rest|p2a: Ting-Lu
|-status|p2a: Ting-Lu|slp|[from] move: Rest
|-heal|p2a: Ting-Lu|100/100 slp|[silent]
|
|upkeep
|turn|19
|
|t:|1759010920
|cant|p2a: Ting-Lu|slp
|-prepare|p1a: Chillionaire|Chilly Reception|[premajor]
|move|p1a: Chillionaire|Chilly Reception|p1a: Chillionaire
|-weather|Snowscape
|
|t:|1759010924
|switch|p1a: Daenerys|Kingambit, F|74/100|[from] Chilly Reception
|-damage|p1a: Daenerys|68/100|[from] Stealth Rock
|-activate|p1a: Daenerys|ability: Supreme Overlord
|-start|p1a: Daenerys|fallen1|[silent]
|
|-weather|Snowscape|[upkeep]
|-heal|p1a: Daenerys|74/100|[from] item: Leftovers
|upkeep
|turn|20
|
|t:|1759010932
|-end|p1a: Daenerys|fallen1|[silent]
|switch|p1a: Chillionaire|Slowking-Galar, M, shiny|71/100
|switch|p2a: Corviknight|Corviknight, F|100/100
|-damage|p2a: Corviknight|88/100|[from] Stealth Rock
|-ability|p2a: Corviknight|Pressure
|
|-weather|Snowscape|[upkeep]
|upkeep
|turn|21
|
|t:|1759010941
|move|p2a: Corviknight|U-turn|p1a: Chillionaire
|-damage|p1a: Chillionaire|56/100
|
|t:|1759010943
|switch|p2a: Ogerpon|Ogerpon-Wellspring, F|48/100 brn|[from] U-turn
|-damage|p2a: Ogerpon|36/100 brn|[from] Stealth Rock
|move|p1a: Chillionaire|Future Sight|p2a: Ogerpon
|-start|p1a: Chillionaire|move: Future Sight
|
|-weather|Snowscape|[upkeep]
|-damage|p2a: Ogerpon|30/100 brn|[from] brn
|upkeep
|turn|22
|
|t:|1759010953
|move|p2a: Ogerpon|Spikes|p1a: Chillionaire
|-sidestart|p1: butts99999|Spikes
|move|p1a: Chillionaire|Sludge Bomb|p2a: Ogerpon
|-supereffective|p2a: Ogerpon
|-damage|p2a: Ogerpon|0 fnt
|faint|p2a: Ogerpon
|
|-weather|Snowscape|[upkeep]
|upkeep
|
|t:|1759010956
|switch|p2a: Dragapult|Dragapult, M|88/100
|-damage|p2a: Dragapult|76/100|[from] Stealth Rock
|turn|23
|j| Tidk
|
|t:|1759010971
|switch|p1a: Mr. Freeze|Kyurem, shiny, tera:Ground|100/100
|-damage|p1a: Mr. Freeze|94/100|[from] Stealth Rock
|-damage|p1a: Mr. Freeze|82/100|[from] Spikes
|-ability|p1a: Mr. Freeze|Pressure
|move|p2a: Dragapult|Shadow Ball|p1a: Mr. Freeze
|-damage|p1a: Mr. Freeze|34/100
|
|-weather|none
|-end|p2a: Dragapult|move: Future Sight
|-damage|p2a: Dragapult|20/100
|-heal|p1a: Mr. Freeze|40/100|[from] item: Leftovers
|upkeep
|turn|24
|
|t:|1759010985
|move|p1a: Mr. Freeze|Protect|p1a: Mr. Freeze
|-singleturn|p1a: Mr. Freeze|Protect
|move|p2a: Dragapult|Shadow Ball|p1a: Mr. Freeze
|-activate|p1a: Mr. Freeze|move: Protect
|
|-heal|p1a: Mr. Freeze|47/100|[from] item: Leftovers
|upkeep
|turn|25
|
|t:|1759010995
|switch|p1a: Daenerys|Kingambit, F|74/100
|-damage|p1a: Daenerys|68/100|[from] Stealth Rock
|-damage|p1a: Daenerys|56/100|[from] Spikes
|-activate|p1a: Daenerys|ability: Supreme Overlord
|-start|p1a: Daenerys|fallen1|[silent]
|move|p2a: Dragapult|Shadow Ball|p1a: Daenerys
|-resisted|p1a: Daenerys
|-damage|p1a: Daenerys|27/100
|
|-heal|p1a: Daenerys|33/100|[from] item: Leftovers
|upkeep
|turn|26
|
|t:|1759011001
|switch|p2a: Corviknight|Corviknight, F|88/100
|-damage|p2a: Corviknight|75/100|[from] Stealth Rock
|-ability|p2a: Corviknight|Pressure
|move|p1a: Daenerys|Sucker Punch||[still]
|-fail|p1a: Daenerys
|
|-heal|p1a: Daenerys|40/100|[from] item: Leftovers
|upkeep
|turn|27
|
|t:|1759011007
|-end|p1a: Daenerys|fallen1|[silent]
|switch|p1a: Chillionaire|Slowking-Galar, M, shiny|89/100
|move|p2a: Corviknight|Roost|p2a: Corviknight
|-heal|p2a: Corviknight|100/100
|-singleturn|p2a: Corviknight|move: Roost
|
|upkeep
|turn|28
|
|t:|1759011015
|move|p2a: Corviknight|U-turn|p1a: Chillionaire
|-damage|p1a: Chillionaire|75/100
|
|t:|1759011017
|switch|p2a: Ting-Lu|Ting-Lu, shiny, tera:Fairy|100/100 slp|[from] U-turn
|-damage|p2a: Ting-Lu|88/100 slp|[from] Stealth Rock
|-ability|p2a: Ting-Lu|Vessel of Ruin
|move|p1a: Chillionaire|Sludge Bomb|p2a: Ting-Lu
|-supereffective|p2a: Ting-Lu
|-damage|p2a: Ting-Lu|61/100 slp
|
|-heal|p2a: Ting-Lu|67/100 slp|[from] item: Leftovers
|upkeep
|turn|29
|
|t:|1759011028
|cant|p2a: Ting-Lu|slp
|move|p1a: Chillionaire|Sludge Bomb|p2a: Ting-Lu
|-supereffective|p2a: Ting-Lu
|-damage|p2a: Ting-Lu|40/100 slp
|
|-heal|p2a: Ting-Lu|46/100 slp|[from] item: Leftovers
|upkeep
|turn|30
|l|‽JackRG1
|inactive|JackRG1 disconnected and has a minute to reconnect!
|player|p2|
|c|☆butts99999|oh
|j|‽JackRG1
|inactive|JackRG1 reconnected and has 115 seconds left.
|player|p2|JackRG1|dawn-gen4pt|
|n|‽JackRG1|jackrg1
|n|‽JackRG1|jackrg1
|n|‽JackRG1|jackrg1
|n|‽JackRG1|jackrg1
|n|‽JackRG1|jackrg1
|n|‽JackRG1|jackrg1
|n|‽JackRG1|jackrg1
|n|‽JackRG1|jackrg1
|n|‽JackRG1|jackrg1
|n|‽JackRG1|jackrg1
|n|‽JackRG1|jackrg1
|n|‽JackRG1|jackrg1
|n|‽JackRG1|jackrg1
|n|‽JackRG1|jackrg1
|n|‽JackRG1|jackrg1
|n|‽JackRG1|jackrg1
|c|☆butts99999|ah
|
|t:|1759011074
|switch|p1a: Homelandor|Landorus-Therian, M, shiny|88/100
|-damage|p1a: Homelandor|76/100|[from] Stealth Rock
|-ability|p1a: Homelandor|Intimidate|boost
|-unboost|p2a: Ting-Lu|atk|1
|-curestatus|p2a: Ting-Lu|slp|[msg]
|move|p2a: Ting-Lu|Rest|p2a: Ting-Lu
|-status|p2a: Ting-Lu|slp|[from] move: Rest
|-heal|p2a: Ting-Lu|100/100 slp|[silent]
|
|upkeep
|turn|31
|
|t:|1759011081
|switch|p2a: Corviknight|Corviknight, F|100/100
|-damage|p2a: Corviknight|88/100|[from] Stealth Rock
|-ability|p2a: Corviknight|Pressure
|move|p1a: Homelandor|U-turn|p2a: Corviknight
|-resisted|p2a: Corviknight
|-damage|p2a: Corviknight|84/100
|-damage|p1a: Homelandor|59/100|[from] item: Rocky Helmet|[of] p2a: Corviknight
|
|t:|1759011083
|switch|p1a: Chillionaire|Slowking-Galar, M, shiny|100/100|[from] U-turn
|
|upkeep
|turn|32
|
|t:|1759011089
|move|p2a: Corviknight|U-turn|p1a: Chillionaire
|-damage|p1a: Chillionaire|85/100
|
|t:|1759011091
|switch|p2a: Skeledirge|Skeledirge, M|100/100|[from] U-turn
|move|p1a: Chillionaire|Future Sight|p2a: Skeledirge
|-start|p1a: Chillionaire|move: Future Sight
|
|upkeep
|turn|33
|
|t:|1759011098
|move|p2a: Skeledirge|Torch Song|p1a: Chillionaire
|-crit|p1a: Chillionaire
|-damage|p1a: Chillionaire|57/100
|-boost|p2a: Skeledirge|spa|1
|move|p1a: Chillionaire|Thunder Wave|p2a: Skeledirge
|-status|p2a: Skeledirge|par
|
|upkeep
|turn|34
|
|t:|1759011127
|switch|p1a: Homelandor|Landorus-Therian, M, shiny|59/100
|-damage|p1a: Homelandor|47/100|[from] Stealth Rock
|-ability|p1a: Homelandor|Intimidate|boost
|-unboost|p2a: Skeledirge|atk|1
|move|p2a: Skeledirge|Torch Song|p1a: Homelandor
|-damage|p1a: Homelandor|0 fnt
|-boost|p2a: Skeledirge|spa|1
|faint|p1a: Homelandor
|
|-end|p2a: Skeledirge|move: Future Sight
|-damage|p2a: Skeledirge|70/100 par
|upkeep
|
|t:|1759011129
|switch|p1a: Mr. Freeze|Kyurem, shiny, tera:Ground|47/100
|-damage|p1a: Mr. Freeze|40/100|[from] Stealth Rock
|-damage|p1a: Mr. Freeze|28/100|[from] Spikes
|-ability|p1a: Mr. Freeze|Pressure
|turn|35
|
|t:|1759011137
|switch|p2a: Ting-Lu|Ting-Lu, shiny, tera:Fairy|100/100 slp
|-damage|p2a: Ting-Lu|88/100 slp|[from] Stealth Rock
|-ability|p2a: Ting-Lu|Vessel of Ruin
|move|p1a: Mr. Freeze|Earth Power|p2a: Ting-Lu
|-damage|p2a: Ting-Lu|69/100 slp
|-unboost|p2a: Ting-Lu|spd|1
|
|-heal|p1a: Mr. Freeze|34/100|[from] item: Leftovers
|-heal|p2a: Ting-Lu|75/100 slp|[from] item: Leftovers
|upkeep
|turn|36
|
|t:|1759011145
|switch|p2a: Dragapult|Dragapult, M|20/100
|-damage|p2a: Dragapult|7/100|[from] Stealth Rock
|move|p1a: Mr. Freeze|Earth Power|p2a: Dragapult
|-damage|p2a: Dragapult|0 fnt
|faint|p2a: Dragapult
|
|-heal|p1a: Mr. Freeze|40/100|[from] item: Leftovers
|upkeep
|
|t:|1759011148
|switch|p2a: Ting-Lu|Ting-Lu, shiny, tera:Fairy|75/100 slp
|-damage|p2a: Ting-Lu|62/100 slp|[from] Stealth Rock
|-ability|p2a: Ting-Lu|Vessel of Ruin
|turn|37
|
|t:|1759011155
|move|p1a: Mr. Freeze|Earth Power|p2a: Ting-Lu
|-damage|p2a: Ting-Lu|43/100 slp
|cant|p2a: Ting-Lu|slp
|
|-heal|p1a: Mr. Freeze|47/100|[from] item: Leftovers
|-heal|p2a: Ting-Lu|49/100 slp|[from] item: Leftovers
|upkeep
|turn|38
|
|t:|1759011158
|move|p1a: Mr. Freeze|Earth Power|p2a: Ting-Lu
|-damage|p2a: Ting-Lu|32/100 slp
|cant|p2a: Ting-Lu|slp
|
|-heal|p1a: Mr. Freeze|53/100|[from] item: Leftovers
|-heal|p2a: Ting-Lu|38/100 slp|[from] item: Leftovers
|upkeep
|turn|39
|
|t:|1759011161
|move|p1a: Mr. Freeze|Earth Power|p2a: Ting-Lu
|-damage|p2a: Ting-Lu|20/100 slp
|-curestatus|p2a: Ting-Lu|slp|[msg]
|move|p2a: Ting-Lu|Rest|p2a: Ting-Lu
|-status|p2a: Ting-Lu|slp|[from] move: Rest
|-heal|p2a: Ting-Lu|100/100 slp|[silent]
|
|-heal|p1a: Mr. Freeze|59/100|[from] item: Leftovers
|upkeep
|turn|40
|
|t:|1759011166
|move|p1a: Mr. Freeze|Earth Power|p2a: Ting-Lu
|-damage|p2a: Ting-Lu|81/100 slp
|cant|p2a: Ting-Lu|slp
|
|-heal|p1a: Mr. Freeze|65/100|[from] item: Leftovers
|-heal|p2a: Ting-Lu|87/100 slp|[from] item: Leftovers
|upkeep
|turn|41
|
|t:|1759011169
|move|p1a: Mr. Freeze|Earth Power|p2a: Ting-Lu
|-damage|p2a: Ting-Lu|66/100 slp
|cant|p2a: Ting-Lu|slp
|
|-heal|p1a: Mr. Freeze|71/100|[from] item: Leftovers
|-heal|p2a: Ting-Lu|73/100 slp|[from] item: Leftovers
|upkeep
|turn|42
|
|t:|1759011174
|move|p1a: Mr. Freeze|Protect|p1a: Mr. Freeze
|-singleturn|p1a: Mr. Freeze|Protect
|-curestatus|p2a: Ting-Lu|slp|[msg]
|move|p2a: Ting-Lu|Earthquake|p1a: Mr. Freeze
|-activate|p1a: Mr. Freeze|move: Protect
|
|-heal|p1a: Mr. Freeze|78/100|[from] item: Leftovers
|-heal|p2a: Ting-Lu|79/100|[from] item: Leftovers
|upkeep
|turn|43
|
|t:|1759011188
|move|p1a: Mr. Freeze|Freeze-Dry|p2a: Ting-Lu
|-damage|p2a: Ting-Lu|65/100
|move|p2a: Ting-Lu|Earthquake|p1a: Mr. Freeze
|-damage|p1a: Mr. Freeze|43/100
|
|-heal|p1a: Mr. Freeze|50/100|[from] item: Leftovers
|-heal|p2a: Ting-Lu|72/100|[from] item: Leftovers
|upkeep
|turn|44
|
|t:|1759011197
|move|p1a: Mr. Freeze|Protect|p1a: Mr. Freeze
|-singleturn|p1a: Mr. Freeze|Protect
|move|p2a: Ting-Lu|Earthquake|p1a: Mr. Freeze
|-activate|p1a: Mr. Freeze|move: Protect
|
|-heal|p1a: Mr. Freeze|56/100|[from] item: Leftovers
|-heal|p2a: Ting-Lu|78/100|[from] item: Leftovers
|upkeep
|turn|45
|
|t:|1759011201
|move|p1a: Mr. Freeze|Substitute|p1a: Mr. Freeze
|-start|p1a: Mr. Freeze|Substitute
|-damage|p1a: Mr. Freeze|31/100
|move|p2a: Ting-Lu|Earthquake|p1a: Mr. Freeze
|-end|p1a: Mr. Freeze|Substitute
|
|-heal|p1a: Mr. Freeze|37/100|[from] item: Leftovers
|-heal|p2a: Ting-Lu|84/100|[from] item: Leftovers
|upkeep
|turn|46
|j| pdpodwpjdwof
|
|t:|1759011206
|move|p1a: Mr. Freeze|Protect|p1a: Mr. Freeze
|-singleturn|p1a: Mr. Freeze|Protect
|move|p2a: Ting-Lu|Heavy Slam|p1a: Mr. Freeze
|-activate|p1a: Mr. Freeze|move: Protect
|
|-heal|p1a: Mr. Freeze|43/100|[from] item: Leftovers
|-heal|p2a: Ting-Lu|90/100|[from] item: Leftovers
|upkeep
|turn|47
|
|t:|1759011214
|move|p1a: Mr. Freeze|Substitute|p1a: Mr. Freeze
|-start|p1a: Mr. Freeze|Substitute
|-damage|p1a: Mr. Freeze|18/100
|move|p2a: Ting-Lu|Earthquake|p1a: Mr. Freeze
|-end|p1a: Mr. Freeze|Substitute
|
|-heal|p1a: Mr. Freeze|24/100|[from] item: Leftovers
|-heal|p2a: Ting-Lu|97/100|[from] item: Leftovers
|upkeep
|turn|48
|
|t:|1759011220
|move|p1a: Mr. Freeze|Protect|p1a: Mr. Freeze
|-singleturn|p1a: Mr. Freeze|Protect
|move|p2a: Ting-Lu|Heavy Slam|p1a: Mr. Freeze
|-activate|p1a: Mr. Freeze|move: Protect
|
|-heal|p1a: Mr. Freeze|31/100|[from] item: Leftovers
|-heal|p2a: Ting-Lu|100/100|[from] item: Leftovers
|upkeep
|turn|49
|
|t:|1759011225
|move|p1a: Mr. Freeze|Substitute|p1a: Mr. Freeze
|-start|p1a: Mr. Freeze|Substitute
|-damage|p1a: Mr. Freeze|6/100
|move|p2a: Ting-Lu|Earthquake|p1a: Mr. Freeze
|-end|p1a: Mr. Freeze|Substitute
|
|-heal|p1a: Mr. Freeze|12/100|[from] item: Leftovers
|upkeep
|turn|50
|
|t:|1759011229
|move|p1a: Mr. Freeze|Protect|p1a: Mr. Freeze
|-singleturn|p1a: Mr. Freeze|Protect
|move|p2a: Ting-Lu|Heavy Slam|p1a: Mr. Freeze
|-activate|p1a: Mr. Freeze|move: Protect
|
|-heal|p1a: Mr. Freeze|18/100|[from] item: Leftovers
|upkeep
|turn|51
|inactive|butts99999 has 120 seconds left.
|
|t:|1759011268
|move|p1a: Mr. Freeze|Protect||[still]
|-fail|p1a: Mr. Freeze
|move|p2a: Ting-Lu|Earthquake|p1a: Mr. Freeze
|-damage|p1a: Mr. Freeze|0 fnt
|faint|p1a: Mr. Freeze
|
|upkeep
|j| magma_man85
|l| magma_man85
|
|t:|1759011295
|switch|p1a: Chillionaire|Slowking-Galar, M, shiny|91/100
|turn|52
|
|t:|1759011302
|switch|p2a: Skeledirge|Skeledirge, M|70/100 par
|switch|p1a: WALL-Y|Iron Valiant|100/100
|-damage|p1a: WALL-Y|94/100|[from] Stealth Rock
|-damage|p1a: WALL-Y|82/100|[from] Spikes
|-enditem|p1a: WALL-Y|Booster Energy
|-activate|p1a: WALL-Y|ability: Quark Drive|[fromitem]
|-start|p1a: WALL-Y|quarkdrivespe
|
|upkeep
|turn|53
|
|t:|1759011307
|switch|p2a: Ting-Lu|Ting-Lu, shiny, tera:Fairy|100/100
|-damage|p2a: Ting-Lu|88/100|[from] Stealth Rock
|-ability|p2a: Ting-Lu|Vessel of Ruin
|move|p1a: WALL-Y|Shadow Ball|p2a: Ting-Lu
|-damage|p2a: Ting-Lu|77/100
|
|-heal|p2a: Ting-Lu|83/100|[from] item: Leftovers
|upkeep
|turn|54
|
|t:|1759011314
|move|p1a: WALL-Y|Moonblast|p2a: Ting-Lu
|-damage|p2a: Ting-Lu|64/100
|move|p2a: Ting-Lu|Heavy Slam|p1a: WALL-Y
|-supereffective|p1a: WALL-Y
|-damage|p1a: WALL-Y|6/100
|
|-heal|p2a: Ting-Lu|71/100|[from] item: Leftovers
|upkeep
|turn|55
|
|t:|1759011317
|move|p1a: WALL-Y|Encore|p2a: Ting-Lu
|-start|p2a: Ting-Lu|Encore
|move|p2a: Ting-Lu|Heavy Slam|p1a: WALL-Y
|-supereffective|p1a: WALL-Y
|-damage|p1a: WALL-Y|0 fnt
|faint|p1a: WALL-Y
|-end|p1a: WALL-Y|Quark Drive|[silent]
|
|-heal|p2a: Ting-Lu|77/100|[from] item: Leftovers
|upkeep
|
|t:|1759011322
|switch|p1a: Chillionaire|Slowking-Galar, M, shiny|100/100
|turn|56
|
|t:|1759011325
|switch|p2a: Skeledirge|Skeledirge, M|70/100 par
|move|p1a: Chillionaire|Future Sight|p2a: Skeledirge
|-start|p1a: Chillionaire|move: Future Sight
|
|upkeep
|turn|57
|
|t:|1759011330
|move|p2a: Skeledirge|Will-O-Wisp|p1a: Chillionaire
|-status|p1a: Chillionaire|brn
|-prepare|p1a: Chillionaire|Chilly Reception|[premajor]
|move|p1a: Chillionaire|Chilly Reception|p1a: Chillionaire
|-weather|Snowscape
|
|t:|1759011332
|switch|p1a: Daenerys|Kingambit, F|40/100|[from] Chilly Reception
|-damage|p1a: Daenerys|33/100|[from] Stealth Rock
|-damage|p1a: Daenerys|21/100|[from] Spikes
|-activate|p1a: Daenerys|ability: Supreme Overlord
|-start|p1a: Daenerys|fallen4|[silent]
|
|-weather|Snowscape|[upkeep]
|-heal|p1a: Daenerys|27/100|[from] item: Leftovers
|upkeep
|turn|58
|
|t:|1759011340
|move|p1a: Daenerys|Kowtow Cleave|p2a: Skeledirge
|-supereffective|p2a: Skeledirge
|-damage|p2a: Skeledirge|0 fnt
|faint|p2a: Skeledirge
|
|-weather|Snowscape|[upkeep]
|-hint|Future Sight did not hit because the target is fainted.
|-heal|p1a: Daenerys|33/100|[from] item: Leftovers
|upkeep
|
|t:|1759011342
|switch|p2a: Corviknight|Corviknight, F|84/100
|-damage|p2a: Corviknight|72/100|[from] Stealth Rock
|-ability|p2a: Corviknight|Pressure
|turn|59
|
|t:|1759011346
|-end|p1a: Daenerys|fallen4|[silent]
|switch|p1a: Chillionaire|Slowking-Galar, M, shiny|100/100 brn
|move|p2a: Corviknight|Body Press|p1a: Chillionaire
|-resisted|p1a: Chillionaire
|-damage|p1a: Chillionaire|94/100 brn
|
|-weather|Snowscape|[upkeep]
|-damage|p1a: Chillionaire|88/100 brn|[from] brn
|upkeep
|turn|60
|
|t:|1759011356
|move|p2a: Corviknight|Iron Defense|p2a: Corviknight
|-boost|p2a: Corviknight|def|2
|move|p1a: Chillionaire|Sludge Bomb|p2a: Corviknight
|-immune|p2a: Corviknight
|
|-weather|Snowscape|[upkeep]
|-damage|p1a: Chillionaire|82/100 brn|[from] brn
|upkeep
|turn|61
|
|t:|1759011361
|move|p2a: Corviknight|Iron Defense|p2a: Corviknight
|-boost|p2a: Corviknight|def|2
|move|p1a: Chillionaire|Thunder Wave|p2a: Corviknight|[miss]
|-miss|p1a: Chillionaire|p2a: Corviknight
|
|-weather|none
|-damage|p1a: Chillionaire|76/100 brn|[from] brn
|upkeep
|turn|62
|
|t:|1759011364
|move|p2a: Corviknight|Iron Defense|p2a: Corviknight
|-boost|p2a: Corviknight|def|2
|move|p1a: Chillionaire|Thunder Wave|p2a: Corviknight
|-status|p2a: Corviknight|par
|
|-damage|p1a: Chillionaire|70/100 brn|[from] brn
|upkeep
|turn|63
|
|t:|1759011367
|move|p2a: Corviknight|Roost|p2a: Corviknight
|-heal|p2a: Corviknight|100/100 par
|-singleturn|p2a: Corviknight|move: Roost
|move|p1a: Chillionaire|Future Sight|p2a: Corviknight
|-start|p1a: Chillionaire|move: Future Sight
|
|-damage|p1a: Chillionaire|64/100 brn|[from] brn
|upkeep
|turn|64
|
|t:|1759011380
|move|p2a: Corviknight|Body Press|p1a: Chillionaire
|-resisted|p1a: Chillionaire
|-damage|p1a: Chillionaire|36/100 brn
|move|p1a: Chillionaire|Sludge Bomb|p2a: Corviknight
|-immune|p2a: Corviknight
|
|-damage|p1a: Chillionaire|30/100 brn|[from] brn
|upkeep
|turn|65
|
|t:|1759011383
|cant|p2a: Corviknight|par
|-prepare|p1a: Chillionaire|Chilly Reception|[premajor]
|move|p1a: Chillionaire|Chilly Reception|p1a: Chillionaire
|-weather|Snowscape
|
|t:|1759011384
|switch|p1a: Daenerys|Kingambit, F|33/100|[from] Chilly Reception
|-damage|p1a: Daenerys|27/100|[from] Stealth Rock
|-damage|p1a: Daenerys|15/100|[from] Spikes
|-activate|p1a: Daenerys|ability: Supreme Overlord
|-start|p1a: Daenerys|fallen4|[silent]
|
|-weather|Snowscape|[upkeep]
|-end|p2a: Corviknight|move: Future Sight
|-resisted|p2a: Corviknight
|-damage|p2a: Corviknight|77/100 par
|-heal|p1a: Daenerys|21/100|[from] item: Leftovers
|upkeep
|turn|66
|j| oufc chillua
|
|t:|1759011393
|move|p1a: Daenerys|Swords Dance|p1a: Daenerys
|-boost|p1a: Daenerys|atk|2
|move|p2a: Corviknight|Body Press|p1a: Daenerys
|-supereffective|p1a: Daenerys
|-damage|p1a: Daenerys|0 fnt
|faint|p1a: Daenerys
|-end|p1a: Daenerys|fallen4|[silent]
|
|-weather|Snowscape|[upkeep]
|upkeep
|-message|butts99999 forfeited.
|
|win|JackRG1
|raw|butts99999's rating: 1974 &rarr; <strong>1950</strong><br />(-24 for losing)
|raw|JackRG1's rating: 1907 &rarr; <strong>1931</strong><br />(+24 for winning)
|l|☆butts99999
|player|p1|
|l| FaronAan
|l| oufc chillua
|l| tiochicodobos
|l|‽JackRG1
|player|p2|
|l| pdpodwpjdwof
