|j|☆KaesarW
|j|☆batuts300
|t:|1758925332
|gametype|singles
|player|p1|KaesarW|giovanni|1085
|player|p2|batuts300|266|1056
|gen|9
|tier|[Gen 9] OU
|rated|
|rule|HP Percentage Mod: HP is shown in percentages
|rule|Endless Battle Clause: Forcing endless battles is banned
|rule|Species Clause: Limit one of each Pokémon
|rule|OHKO Clause: OHKO moves are banned
|rule|Evasion Items Clause: Evasion items are banned
|rule|Evasion Moves Clause: Evasion moves are banned
|rule|Evasion Abilities Clause: Evasion abilities are banned
|rule|Sleep Moves Clause: Sleep-inducing moves are banned
|clearpoke
|poke|p1|Gengar, M|
|poke|p1|Salamence, M|
|poke|p1|Azumarill, F|
|poke|p1|Gholdengo|
|poke|p1|Weavile, M|
|poke|p1|Iron Treads|
|poke|p2|Alcremie, F|
|poke|p2|Sinistcha-Masterpiece|
|poke|p2|Armarouge, M|
|poke|p2|Gyarados, F|
|poke|p2|Gardevoir, F|
|poke|p2|Grafaiai, M|
|teampreview
|
|t:|1758925340
|teamsize|p1|6
|teamsize|p2|6
|start
|switch|p1a: Azumarill|Azumarill, F|100/100
|switch|p2a: Gardevoir|Gardevoir, F, shiny|100/100
|-ability|p2a: Gardevoir|Huge Power|Trace|[from] ability: Trace|[of] p1a: Azumarill
|turn|1
|
|t:|1758925348
|move|p2a: Gardevoir|Thunderbolt|p1a: Azumarill
|-supereffective|p1a: Azumarill
|-damage|p1a: Azumarill|37/100
|-enditem|p1a: Azumarill|Sitrus Berry|[eat]
|-heal|p1a: Azumarill|62/100|[from] item: Sitrus Berry
|move|p1a: Azumarill|Belly Drum|p1a: Azumarill
|-damage|p1a: Azumarill|12/100
|-setboost|p1a: Azumarill|atk|6|[from] move: Belly Drum
|
|upkeep
|turn|2
|
|t:|1758925359
|-terastallize|p1a: Azumarill|Water
|move|p1a: Azumarill|Aqua Jet|p2a: Gardevoir
|-damage|p2a: Gardevoir|0 fnt
|faint|p2a: Gardevoir
|
|upkeep
|
|t:|1758925365
|switch|p2a: Gyarados|Gyarados, F, shiny|100/100
|turn|3
|
|t:|1758925380
|move|p1a: Azumarill|Aqua Jet|p2a: Gyarados
|-resisted|p2a: Gyarados
|-damage|p2a: Gyarados|22/100
|-enditem|p2a: Gyarados|Salac Berry|[eat]
|-boost|p2a: Gyarados|spe|1|[from] item: Salac Berry
|move|p2a: Gyarados|Earthquake|p1a: Azumarill
|-damage|p1a: Azumarill|0 fnt
|faint|p1a: Azumarill
|-ability|p2a: Gyarados|Moxie|boost
|-boost|p2a: Gyarados|atk|1
|
|upkeep
|
|t:|1758925392
|switch|p1a: Gholdengo|Gholdengo|100/100
|turn|4
|
|t:|1758925400
|move|p2a: Gyarados|Earthquake|p1a: Gholdengo
|-supereffective|p1a: Gholdengo
|-damage|p1a: Gholdengo|0 fnt
|faint|p1a: Gholdengo
|-ability|p2a: Gyarados|Moxie|boost
|-boost|p2a: Gyarados|atk|1
|
|upkeep
|
|t:|1758925406
|switch|p1a: Salamence|Salamence, M|100/100
|turn|5
|
|t:|1758925419
|move|p2a: Gyarados|Facade|p1a: Salamence
|-damage|p1a: Salamence|39/100
|move|p1a: Salamence|Dual Wingbeat|p2a: Gyarados
|-damage|p2a: Gyarados|0 fnt
|faint|p2a: Gyarados
|-ability|p1a: Salamence|Moxie|boost
|-boost|p1a: Salamence|atk|1
|-hitcount|p2: Gyarados|1
|
|upkeep
|
|t:|1758925429
|switch|p2a: Alcremie|Alcremie, F, shiny|100/100
|turn|6
|
|t:|1758925439
|move|p1a: Salamence|Earthquake|p2a: Alcremie
|-crit|p2a: Alcremie
|-damage|p2a: Alcremie|3/100
|move|p2a: Alcremie|Alluring Voice|p1a: Salamence
|-supereffective|p1a: Salamence
|-damage|p1a: Salamence|0 fnt
|faint|p1a: Salamence
|
|upkeep
|
|t:|1758925446
|switch|p1a: Weavile|Weavile, M|100/100
|-ability|p1a: Weavile|Pressure
|turn|7
|
|t:|1758925451
|move|p1a: Weavile|Ice Shard|p2a: Alcremie
|-damage|p2a: Alcremie|0 fnt
|faint|p2a: Alcremie
|
|upkeep
|
|t:|1758925459
|switch|p2a: Grafaiai|Grafaiai, M, shiny|100/100
|turn|8
|
|t:|1758925468
|switch|p1a: Iron Treads|Iron Treads|100/100
|move|p2a: Grafaiai|Fling|p1a: Iron Treads
|-damage|p1a: Iron Treads|92/100
|-enditem|p2a: Grafaiai|Toxic Orb|[from] move: Fling
|
|upkeep
|turn|9
|
|t:|1758925477
|switch|p2a: Sinistcha|Sinistcha-Masterpiece, shiny|100/100
|move|p1a: Iron Treads|Earthquake|p2a: Sinistcha
|-resisted|p2a: Sinistcha
|-damage|p2a: Sinistcha|81/100
|
|-heal|p2a: Sinistcha|87/100|[from] item: Leftovers
|upkeep
|turn|10
|
|t:|1758925504
|move|p1a: Iron Treads|Ice Spinner|p2a: Sinistcha
|-supereffective|p2a: Sinistcha
|-damage|p2a: Sinistcha|52/100
|move|p2a: Sinistcha|Calm Mind|p2a: Sinistcha
|-boost|p2a: Sinistcha|spa|1
|-boost|p2a: Sinistcha|spd|1
|
|-heal|p2a: Sinistcha|58/100|[from] item: Leftovers
|upkeep
|turn|11
|
|t:|1758925512
|move|p1a: Iron Treads|Ice Spinner|p2a: Sinistcha
|-supereffective|p2a: Sinistcha
|-damage|p2a: Sinistcha|18/100
|move|p2a: Sinistcha|Strength Sap|p1a: Iron Treads
|-unboost|p1a: Iron Treads|atk|1
|-heal|p2a: Sinistcha|100/100
|
|upkeep
|turn|12
|
|t:|1758925539
|move|p1a: Iron Treads|Ice Spinner|p2a: Sinistcha
|-supereffective|p2a: Sinistcha
|-damage|p2a: Sinistcha|77/100
|move|p2a: Sinistcha|Calm Mind|p2a: Sinistcha
|-boost|p2a: Sinistcha|spa|1
|-boost|p2a: Sinistcha|spd|1
|
|-heal|p2a: Sinistcha|83/100|[from] item: Leftovers
|upkeep
|turn|13
|
|t:|1758925548
|move|p1a: Iron Treads|Ice Spinner|p2a: Sinistcha
|-supereffective|p2a: Sinistcha
|-damage|p2a: Sinistcha|60/100
|move|p2a: Sinistcha|Shadow Ball|p1a: Iron Treads
|-damage|p1a: Iron Treads|27/100
|
|-heal|p2a: Sinistcha|66/100|[from] item: Leftovers
|upkeep
|turn|14
|
|t:|1758925560
|move|p1a: Iron Treads|Ice Spinner|p2a: Sinistcha
|-supereffective|p2a: Sinistcha
|-damage|p2a: Sinistcha|41/100
|move|p2a: Sinistcha|Shadow Ball|p1a: Iron Treads
|-damage|p1a: Iron Treads|0 fnt
|faint|p1a: Iron Treads
|-end|p1a: Iron Treads|Quark Drive|[silent]
|
|-heal|p2a: Sinistcha|47/100|[from] item: Leftovers
|upkeep
|
|t:|1758925571
|switch|p1a: Weavile|Weavile, M|100/100
|-ability|p1a: Weavile|Pressure
|turn|15
|
|t:|1758925575
|move|p1a: Weavile|Ice Shard|p2a: Sinistcha
|-supereffective|p2a: Sinistcha
|-crit|p2a: Sinistcha
|-damage|p2a: Sinistcha|0 fnt
|faint|p2a: Sinistcha
|
|upkeep
|
|t:|1758925585
|switch|p2a: Grafaiai|Grafaiai, M, shiny|100/100
|turn|16
|
|t:|1758925606
|move|p1a: Weavile|Ice Shard|p2a: Grafaiai
|-damage|p2a: Grafaiai|52/100
|move|p2a: Grafaiai|Acrobatics|p1a: Weavile
|-damage|p1a: Weavile|46/100
|
|upkeep
|turn|17
|
|t:|1758925612
|move|p1a: Weavile|Ice Shard|p2a: Grafaiai
|-damage|p2a: Grafaiai|3/100
|move|p2a: Grafaiai|Acrobatics|p1a: Weavile
|-damage|p1a: Weavile|0 fnt
|faint|p1a: Weavile
|
|upkeep
|
|t:|1758925617
|switch|p1a: Gengar|Gengar, M|100/100
|turn|18
|
|t:|1758925622
|move|p1a: Gengar|Sludge Wave|p2a: Grafaiai
|-resisted|p2a: Grafaiai
|-damage|p2a: Grafaiai|0 fnt
|faint|p2a: Grafaiai
|
|upkeep
|
|t:|1758925629
|switch|p2a: Armarouge|Armarouge, M|100/100
|turn|19
|
|t:|1758925634
|-terastallize|p2a: Armarouge|Grass
|move|p1a: Gengar|Sludge Wave|p2a: Armarouge
|-supereffective|p2a: Armarouge
|-damage|p2a: Armarouge|21/100
|move|p2a: Armarouge|Psychic|p1a: Gengar
|-supereffective|p1a: Gengar
|-crit|p1a: Gengar
|-damage|p1a: Gengar|0 fnt
|faint|p1a: Gengar
|
|win|batuts300
|raw|KaesarW's rating: 1085 &rarr; <strong>1060</strong><br />(-25 for losing)
|raw|batuts300's rating: 1056 &rarr; <strong>1090</strong><br />(+34 for winning)
|l|☆batuts300
|player|p2|
