|j|☆slowbro213
|j|☆sv ou goatastic
|t:|1759009261
|gametype|singles
|player|p1|slowbro213|1|1267
|player|p2|sv ou goatastic|steven|1226
|gen|9
|tier|[Gen 9] OU
|rated|
|rule|HP Percentage Mod: HP is shown in percentages
|rule|Endless Battle Clause: Forcing endless battles is banned
|rule|Species Clause: Limit one of each Pokémon
|rule|OHKO Clause: OHKO moves are banned
|rule|Evasion Items Clause: Evasion items are banned
|rule|Evasion Moves Clause: Evasion moves are banned
|rule|Evasion Abilities Clause: Evasion abilities are banned
|rule|Sleep Moves Clause: Sleep-inducing moves are banned
|clearpoke
|poke|p1|Meowscarada, M|
|poke|p1|Landorus-Therian, M|
|poke|p1|Kyurem|
|poke|p1|Slowking-Galar, F|
|poke|p1|Kingambit, F|
|poke|p1|Iron Valiant|
|poke|p2|Ursaluna, F|
|poke|p2|Ogerpon, F|
|poke|p2|Alomomola, F|
|poke|p2|Moltres|
|poke|p2|Latios, M|
|poke|p2|Mandibuzz, F|
|teampreview
|inactive|Battle timer is ON: inactive players will automatically lose when time's up. (requested by slowbro213)
|
|t:|1759009287
|teamsize|p1|6
|teamsize|p2|6
|start
|switch|p1a: Landorus|Landorus-Therian, M|100/100
|switch|p2a: Moltres|Moltres|100/100
|-ability|p1a: Landorus|Intimidate|boost
|-unboost|p2a: Moltres|atk|1
|turn|1
|
|t:|1759009295
|move|p1a: Landorus|Stealth Rock|p2a: Moltres
|-sidestart|p2: sv ou goatastic|move: Stealth Rock
|move|p2a: Moltres|Will-O-Wisp|p1a: Landorus|[miss]
|-miss|p2a: Moltres|p1a: Landorus
|
|upkeep
|turn|2
|
|t:|1759009301
|move|p1a: Landorus|Taunt|p2a: Moltres
|-start|p2a: Moltres|move: Taunt
|cant|p2a: Moltres|move: Taunt|Will-O-Wisp
|
|upkeep
|turn|3
|
|t:|1759009310
|move|p1a: Landorus|U-turn|p2a: Moltres
|-resisted|p2a: Moltres
|-damage|p2a: Moltres|97/100
|-status|p1a: Landorus|brn|[from] ability: Flame Body|[of] p2a: Moltres
|
|t:|1759009317
|switch|p1a: Slowking|Slowking-Galar, F|100/100|[from] U-turn
|move|p2a: Moltres|U-turn|p1a: Slowking
|-damage|p1a: Slowking|90/100
|c|☆sv ou goatastic|Lol
|
|t:|1759009322
|switch|p2a: Mandibuzz|Mandibuzz, F|100/100|[from] U-turn
|
|-heal|p1a: Slowking|96/100|[from] item: Leftovers
|upkeep
|turn|4
|c|☆slowbro213|;-;
|
|t:|1759009330
|move|p2a: Mandibuzz|Defog|p1a: Slowking
|-unboost|p1a: Slowking|evasion|1
|-sideend|p2: sv ou goatastic|Stealth Rock|[from] move: Defog|[of] p2a: Mandibuzz
|move|p1a: Slowking|Sludge Bomb|p2a: Mandibuzz
|-damage|p2a: Mandibuzz|71/100
|-status|p2a: Mandibuzz|psn
|
|-heal|p1a: Slowking|100/100|[from] item: Leftovers
|-damage|p2a: Mandibuzz|58/100 psn|[from] psn
|upkeep
|turn|5
|
|t:|1759009341
|move|p2a: Mandibuzz|Knock Off|p1a: Slowking
|-supereffective|p1a: Slowking
|-damage|p1a: Slowking|53/100
|-enditem|p1a: Slowking|Leftovers|[from] move: Knock Off|[of] p2a: Mandibuzz
|-prepare|p1a: Slowking|Chilly Reception|[premajor]
|move|p1a: Slowking|Chilly Reception|p1a: Slowking
|-weather|Snowscape
|
|t:|1759009351
|switch|p1a: Kyurem|Kyurem|100/100|[from] Chilly Reception
|-ability|p1a: Kyurem|Pressure
|
|-weather|Snowscape|[upkeep]
|-damage|p2a: Mandibuzz|46/100 psn|[from] psn
|upkeep
|turn|6
|
|t:|1759009363
|move|p1a: Kyurem|Freeze-Dry|p2a: Mandibuzz
|-supereffective|p2a: Mandibuzz
|-damage|p2a: Mandibuzz|0 fnt
|faint|p2a: Mandibuzz
|
|-weather|Snowscape|[upkeep]
|upkeep
|
|t:|1759009370
|switch|p2a: Latios|Latios, M|100/100
|turn|7
|
|t:|1759009376
|move|p1a: Kyurem|Freeze-Dry|p2a: Latios
|-supereffective|p2a: Latios
|-damage|p2a: Latios|22/100
|-status|p2a: Latios|frz
|cant|p2a: Latios|frz
|
|-weather|Snowscape|[upkeep]
|upkeep
|turn|8
|c|☆slowbro213|lol
|n|!sv ou goatastic|svougoatastic
|
|t:|1759009391
|move|p1a: Kyurem|Freeze-Dry|p2a: Latios
|-supereffective|p2a: Latios
|-damage|p2a: Latios|0 fnt
|faint|p2a: Latios
|
|-weather|Snowscape|[upkeep]
|upkeep
|
|t:|1759009401
|switch|p2a: Moltres|Moltres|97/100
|turn|9
|
|t:|1759009410
|move|p1a: Kyurem|Freeze-Dry|p2a: Moltres
|-damage|p2a: Moltres|57/100
|move|p2a: Moltres|Flamethrower|p1a: Kyurem
|-damage|p1a: Kyurem|64/100
|
|-weather|none
|upkeep
|turn|10
|
|t:|1759009418
|move|p1a: Kyurem|Freeze-Dry|p2a: Moltres
|-damage|p2a: Moltres|18/100
|move|p2a: Moltres|Roost|p2a: Moltres
|-heal|p2a: Moltres|68/100
|-singleturn|p2a: Moltres|move: Roost
|
|upkeep
|turn|11
|
|t:|1759009426
|move|p1a: Kyurem|Freeze-Dry|p2a: Moltres
|-damage|p2a: Moltres|29/100
|move|p2a: Moltres|Roost|p2a: Moltres
|-heal|p2a: Moltres|79/100
|-singleturn|p2a: Moltres|move: Roost
|
|upkeep
|turn|12
|
|t:|1759009435
|move|p1a: Kyurem|Freeze-Dry|p2a: Moltres
|-damage|p2a: Moltres|34/100
|-status|p2a: Moltres|frz
|cant|p2a: Moltres|frz
|
|upkeep
|turn|13
|c|☆slowbro213|lol
|
|t:|1759009444
|move|p1a: Kyurem|Freeze-Dry|p2a: Moltres
|-damage|p2a: Moltres|0 fnt
|faint|p2a: Moltres
|
|upkeep
|
|t:|1759009450
|switch|p2a: Ursaluna|Ursaluna, F|100/100
|turn|14
|
|t:|1759009457
|-terastallize|p2a: Ursaluna|Normal
|move|p1a: Kyurem|Freeze-Dry|p2a: Ursaluna
|-damage|p2a: Ursaluna|60/100
|move|p2a: Ursaluna|Facade|p1a: Kyurem
|-damage|p1a: Kyurem|6/100
|
|-status|p2a: Ursaluna|brn|[from] item: Flame Orb
|upkeep
|turn|15
|-message|sv ou goatastic forfeited.
|
|win|slowbro213
