|j|‽Shinobi_finest
|j|☆dadadadaxiji
|t:|1758961657
|gametype|singles
|player|p1|Shinobi_finest|lance|1673
|player|p2|dadadadaxiji|dawn|1744
|gen|9
|tier|[Gen 9] OU
|rated|
|rule|HP Percentage Mod: HP is shown in percentages
|rule|Endless Battle Clause: Forcing endless battles is banned
|rule|Species Clause: Limit one of each Pokémon
|rule|OHKO Clause: OHKO moves are banned
|rule|Evasion Items Clause: Evasion items are banned
|rule|Evasion Moves Clause: Evasion moves are banned
|rule|Evasion Abilities Clause: Evasion abilities are banned
|rule|Sleep Moves Clause: Sleep-inducing moves are banned
|clearpoke
|poke|p1|Zamazenta-*|
|poke|p1|Kingambit, F|
|poke|p1|Gholdengo|
|poke|p1|Dragonite, M|
|poke|p1|Tinkaton, F|
|poke|p1|Rotom-Wash|
|poke|p2|Pelipper, M|
|poke|p2|Tyranitar, M|
|poke|p2|Ninetales-Alola, M|
|poke|p2|Torkoal, M|
|poke|p2|Hippowdon, M|
|poke|p2|Kingambit, F|
|teampreview
|inactive|Battle timer is ON: inactive players will automatically lose when time's up. (requested by dadadadaxiji)
|inactive|Shinobi_finest also wants the timer to be on.
|
|t:|1758961675
|teamsize|p1|6
|teamsize|p2|6
|start
|switch|p1a: Rotom|Rotom-Wash|100/100
|switch|p2a: Torkoal|Torkoal, M|100/100
|-weather|SunnyDay|[from] ability: Drought|[of] p2a: Torkoal
|turn|1
|
|t:|1758961687
|switch|p2a: Ninetales|Ninetales-Alola, M|100/100
|-weather|Snowscape|[from] ability: Snow Warning|[of] p2a: Ninetales
|move|p1a: Rotom|Hydro Pump|p2a: Ninetales
|-damage|p2a: Ninetales|50/100
|
|-weather|Snowscape|[upkeep]
|upkeep
|turn|2
|
|t:|1758961697
|move|p2a: Ninetales|Blizzard|p1a: Rotom
|-resisted|p1a: Rotom
|-damage|p1a: Rotom|70/100
|-damage|p2a: Ninetales|40/100|[from] item: Life Orb
|move|p1a: Rotom|Volt Switch|p2a: Ninetales
|-damage|p2a: Ninetales|8/100
|
|t:|1758961705
|switch|p1a: Tinkaton|Tinkaton, F|100/100|[from] Volt Switch
|-item|p1a: Tinkaton|Air Balloon
|
|-weather|Snowscape|[upkeep]
|upkeep
|turn|3
|
|t:|1758961716
|move|p2a: Ninetales|Dark Pulse|p1a: Tinkaton
|-resisted|p1a: Tinkaton
|-damage|p1a: Tinkaton|87/100
|-enditem|p1a: Tinkaton|Air Balloon
|-damage|p2a: Ninetales|0 fnt|[from] item: Life Orb
|faint|p2a: Ninetales
|move|p1a: Tinkaton|Encore|p2: Ninetales|[notarget]
|-fail|p1a: Tinkaton
|
|-weather|Snowscape|[upkeep]
|upkeep
|
|t:|1758961724
|switch|p2a: Hippowdon|Hippowdon, M|100/100
|-weather|Sandstorm|[from] ability: Sand Stream|[of] p2a: Hippowdon
|turn|4
|
|t:|1758961731
|move|p1a: Tinkaton|Stealth Rock|p2a: Hippowdon
|-sidestart|p2: dadadadaxiji|move: Stealth Rock
|move|p2a: Hippowdon|Stealth Rock|p1a: Tinkaton
|-sidestart|p1: Shinobi_finest|move: Stealth Rock
|
|-weather|Sandstorm|[upkeep]
|upkeep
|turn|5
|
|t:|1758961741
|switch|p2a: Pelipper|Pelipper, M|100/100
|-damage|p2a: Pelipper|76/100|[from] Stealth Rock
|-weather|RainDance|[from] ability: Drizzle|[of] p2a: Pelipper
|move|p1a: Tinkaton|Encore||[still]
|-fail|p1a: Tinkaton
|
|-weather|RainDance|[upkeep]
|upkeep
|turn|6
|
|t:|1758961750
|move|p2a: Pelipper|Weather Ball|p1a: Tinkaton
|-damage|p1a: Tinkaton|37/100
|move|p1a: Tinkaton|Thunder Wave|p2a: Pelipper
|-status|p2a: Pelipper|par
|
|-weather|RainDance|[upkeep]
|upkeep
|turn|7
|
|t:|1758961758
|move|p1a: Tinkaton|Encore|p2a: Pelipper
|-start|p2a: Pelipper|Encore
|move|p2a: Pelipper|Weather Ball|p1a: Tinkaton
|-damage|p1a: Tinkaton|0 fnt
|faint|p1a: Tinkaton
|
|-weather|RainDance|[upkeep]
|upkeep
|
|t:|1758961767
|switch|p1a: Dragonite|Dragonite, M, shiny|100/100
|turn|8
|
|t:|1758961771
|switch|p2a: Hippowdon|Hippowdon, M|100/100
|-damage|p2a: Hippowdon|94/100|[from] Stealth Rock
|-weather|Sandstorm|[from] ability: Sand Stream|[of] p2a: Hippowdon
|move|p1a: Dragonite|Dragon Dance|p1a: Dragonite
|-boost|p1a: Dragonite|atk|1
|-boost|p1a: Dragonite|spe|1
|
|-weather|Sandstorm|[upkeep]
|-damage|p1a: Dragonite|94/100|[from] Sandstorm
|upkeep
|turn|9
|
|t:|1758961781
|move|p1a: Dragonite|Dragon Dance|p1a: Dragonite
|-boost|p1a: Dragonite|atk|1
|-boost|p1a: Dragonite|spe|1
|move|p2a: Hippowdon|Whirlwind|p1a: Dragonite
|drag|p1a: Zamazenta|Zamazenta|100/100
|-damage|p1a: Zamazenta|94/100|[from] Stealth Rock
|-ability|p1a: Zamazenta|Dauntless Shield|boost
|-boost|p1a: Zamazenta|def|1
|
|-weather|Sandstorm|[upkeep]
|-damage|p1a: Zamazenta|88/100|[from] Sandstorm
|upkeep
|turn|10
|inactive|Shinobi_finest has 120 seconds left.
|
|t:|1758961817
|switch|p1a: Dragonite|Dragonite, M, shiny|94/100
|move|p2a: Hippowdon|Earthquake|p1a: Dragonite
|-immune|p1a: Dragonite
|
|-weather|Sandstorm|[upkeep]
|-damage|p1a: Dragonite|88/100|[from] Sandstorm
|upkeep
|turn|11
|inactive|Shinobi_finest has 120 seconds left.
|
|t:|1758961827
|move|p1a: Dragonite|Roost|p1a: Dragonite
|-heal|p1a: Dragonite|100/100
|-singleturn|p1a: Dragonite|move: Roost
|move|p2a: Hippowdon|Slack Off|p2a: Hippowdon
|-heal|p2a: Hippowdon|100/100
|
|-weather|Sandstorm|[upkeep]
|-damage|p1a: Dragonite|94/100|[from] Sandstorm
|upkeep
|turn|12
|
|t:|1758961836
|move|p1a: Dragonite|Roost|p1a: Dragonite
|-heal|p1a: Dragonite|100/100
|-singleturn|p1a: Dragonite|move: Roost
|move|p2a: Hippowdon|Whirlwind|p1a: Dragonite
|drag|p1a: Kingambit|Kingambit, F|100/100
|-damage|p1a: Kingambit|94/100|[from] Stealth Rock
|-activate|p1a: Kingambit|ability: Supreme Overlord
|-start|p1a: Kingambit|fallen1|[silent]
|
|-weather|none
|-heal|p1a: Kingambit|100/100|[from] item: Leftovers
|upkeep
|turn|13
|inactive|Shinobi_finest has 120 seconds left.
|
|t:|1758961852
|-end|p1a: Kingambit|fallen1|[silent]
|switch|p1a: Rotom|Rotom-Wash|70/100
|-damage|p1a: Rotom|58/100|[from] Stealth Rock
|move|p2a: Hippowdon|Earthquake|p1a: Rotom
|-immune|p1a: Rotom|[from] ability: Levitate
|
|-heal|p1a: Rotom|64/100|[from] item: Leftovers
|upkeep
|turn|14
|inactive|Shinobi_finest has 120 seconds left.
|
|t:|1758961868
|switch|p2a: Pelipper|Pelipper, M|76/100 par
|-damage|p2a: Pelipper|51/100 par|[from] Stealth Rock
|-weather|RainDance|[from] ability: Drizzle|[of] p2a: Pelipper
|move|p1a: Rotom|Will-O-Wisp||[still]
|-fail|p1a: Rotom
|
|-weather|RainDance|[upkeep]
|-heal|p1a: Rotom|70/100|[from] item: Leftovers
|upkeep
|turn|15
|inactive|Shinobi_finest has 120 seconds left.
|
|t:|1758961879
|move|p1a: Rotom|Volt Switch|p2a: Pelipper
|-supereffective|p2a: Pelipper
|-damage|p2a: Pelipper|0 fnt
|faint|p2a: Pelipper
|
|t:|1758961887
|switch|p1a: Dragonite|Dragonite, M, shiny|100/100|[from] Volt Switch
|
|-weather|RainDance|[upkeep]
|upkeep
|
|t:|1758961893
|switch|p2a: Torkoal|Torkoal, M|100/100
|-weather|SunnyDay|[from] ability: Drought|[of] p2a: Torkoal
|turn|16
|inactive|Shinobi_finest has 120 seconds left.
|
|t:|1758961906
|switch|p1a: Rotom|Rotom-Wash|70/100
|-damage|p1a: Rotom|58/100|[from] Stealth Rock
|move|p2a: Torkoal|Rapid Spin|p1a: Rotom
|-damage|p1a: Rotom|50/100
|-boost|p2a: Torkoal|spe|1
|-sideend|p2: dadadadaxiji|Stealth Rock|[from] move: Rapid Spin|[of] p2a: Torkoal
|
|-weather|SunnyDay|[upkeep]
|-heal|p1a: Rotom|56/100|[from] item: Leftovers
|upkeep
|turn|17
|inactive|Shinobi_finest has 120 seconds left.
|
|t:|1758961917
|move|p1a: Rotom|Hydro Pump|p2a: Torkoal
|-supereffective|p2a: Torkoal
|-damage|p2a: Torkoal|50/100
|move|p2a: Torkoal|Will-O-Wisp|p1a: Rotom
|-status|p1a: Rotom|brn
|
|-weather|SunnyDay|[upkeep]
|-heal|p1a: Rotom|62/100 brn|[from] item: Leftovers
|-damage|p1a: Rotom|56/100 brn|[from] brn
|upkeep
|turn|18
|inactive|Shinobi_finest has 120 seconds left.
|
|t:|1758961928
|switch|p2a: Tyranitar|Tyranitar, M|100/100
|-weather|Sandstorm|[from] ability: Sand Stream|[of] p2a: Tyranitar
|move|p1a: Rotom|Hydro Pump|p2a: Tyranitar
|-supereffective|p2a: Tyranitar
|-damage|p2a: Tyranitar|53/100
|
|-weather|Sandstorm|[upkeep]
|-damage|p1a: Rotom|50/100 brn|[from] Sandstorm
|-heal|p1a: Rotom|56/100 brn|[from] item: Leftovers
|-damage|p1a: Rotom|50/100 brn|[from] brn
|upkeep
|turn|19
|inactive|Shinobi_finest has 120 seconds left.
|
|t:|1758961942
|move|p1a: Rotom|Will-O-Wisp|p2a: Tyranitar
|-status|p2a: Tyranitar|brn
|move|p2a: Tyranitar|Knock Off|p1a: Rotom
|-damage|p1a: Rotom|14/100 brn
|-enditem|p1a: Rotom|Leftovers|[from] move: Knock Off|[of] p2a: Tyranitar
|
|-weather|Sandstorm|[upkeep]
|-damage|p1a: Rotom|8/100 brn|[from] Sandstorm
|-damage|p1a: Rotom|1/100 brn|[from] brn
|-damage|p2a: Tyranitar|47/100 brn|[from] brn
|upkeep
|turn|20
|inactive|Shinobi_finest has 120 seconds left.
|
|t:|1758961954
|move|p1a: Rotom|Hydro Pump|p2a: Tyranitar
|-supereffective|p2a: Tyranitar
|-damage|p2a: Tyranitar|0 fnt
|faint|p2a: Tyranitar
|
|-weather|Sandstorm|[upkeep]
|-damage|p1a: Rotom|0 fnt|[from] Sandstorm
|faint|p1a: Rotom
|upkeep
|inactive|Shinobi_finest has 120 seconds left.
|
|t:|1758961967
|switch|p1a: Kingambit|Kingambit, F|100/100
|switch|p2a: Torkoal|Torkoal, M|50/100
|-damage|p1a: Kingambit|94/100|[from] Stealth Rock
|-activate|p1a: Kingambit|ability: Supreme Overlord
|-start|p1a: Kingambit|fallen2|[silent]
|-weather|SunnyDay|[from] ability: Drought|[of] p2a: Torkoal
|turn|21
|inactive|Shinobi_finest has 120 seconds left.
|inactive|Shinobi_finest has 90 seconds left.
|
|t:|1758962026
|move|p1a: Kingambit|Sucker Punch|p2a: Torkoal
|-damage|p2a: Torkoal|20/100
|move|p2a: Torkoal|Overheat|p1a: Kingambit
|-supereffective|p1a: Kingambit
|-damage|p1a: Kingambit|0 fnt
|-unboost|p2a: Torkoal|spa|2
|faint|p1a: Kingambit
|-end|p1a: Kingambit|fallen2|[silent]
|
|-weather|SunnyDay|[upkeep]
|upkeep
|
|t:|1758962037
|switch|p1a: Dragonite|Dragonite, M, shiny|100/100
|turn|22
|
|t:|1758962041
|switch|p2a: Hippowdon|Hippowdon, M|100/100
|-weather|Sandstorm|[from] ability: Sand Stream|[of] p2a: Hippowdon
|move|p1a: Dragonite|Dragon Dance|p1a: Dragonite
|-boost|p1a: Dragonite|atk|1
|-boost|p1a: Dragonite|spe|1
|
|-weather|Sandstorm|[upkeep]
|-damage|p1a: Dragonite|94/100|[from] Sandstorm
|upkeep
|turn|23
|
|t:|1758962059
|-terastallize|p1a: Dragonite|Fairy
|move|p1a: Dragonite|Tera Blast|p2a: Hippowdon|[anim] Tera Blast Fairy
|-damage|p2a: Hippowdon|67/100
|move|p2a: Hippowdon|Whirlwind|p1a: Dragonite
|drag|p1a: Zamazenta|Zamazenta|88/100
|-damage|p1a: Zamazenta|82/100|[from] Stealth Rock
|
|-weather|Sandstorm|[upkeep]
|-damage|p1a: Zamazenta|76/100|[from] Sandstorm
|upkeep
|turn|24
|
|t:|1758962071
|move|p1a: Zamazenta|Close Combat|p2a: Hippowdon
|-damage|p2a: Hippowdon|22/100
|-unboost|p1a: Zamazenta|def|1
|-unboost|p1a: Zamazenta|spd|1
|-damage|p1a: Zamazenta|59/100|[from] item: Rocky Helmet|[of] p2a: Hippowdon
|move|p2a: Hippowdon|Slack Off|p2a: Hippowdon
|-heal|p2a: Hippowdon|72/100
|
|-weather|Sandstorm|[upkeep]
|-damage|p1a: Zamazenta|53/100|[from] Sandstorm
|upkeep
|turn|25
|j| wgw2333
|
|t:|1758962083
|switch|p1a: Gholdengo|Gholdengo|100/100
|-damage|p1a: Gholdengo|94/100|[from] Stealth Rock
|-item|p1a: Gholdengo|Air Balloon
|move|p2a: Hippowdon|Slack Off|p2a: Hippowdon
|-heal|p2a: Hippowdon|100/100
|
|-weather|Sandstorm|[upkeep]
|upkeep
|turn|26
|
|t:|1758962096
|switch|p2a: Torkoal|Torkoal, M|20/100
|-weather|SunnyDay|[from] ability: Drought|[of] p2a: Torkoal
|move|p1a: Gholdengo|Hex|p2a: Torkoal
|-damage|p2a: Torkoal|0 fnt
|faint|p2a: Torkoal
|
|-weather|SunnyDay|[upkeep]
|upkeep
|
|t:|1758962105
|switch|p2a: Kingambit|Kingambit, F|100/100
|-activate|p2a: Kingambit|ability: Supreme Overlord
|-start|p2a: Kingambit|fallen4|[silent]
|turn|27
|
|t:|1758962117
|switch|p1a: Zamazenta|Zamazenta|53/100
|-damage|p1a: Zamazenta|47/100|[from] Stealth Rock
|move|p2a: Kingambit|Swords Dance|p2a: Kingambit
|-boost|p2a: Kingambit|atk|2
|
|-weather|SunnyDay|[upkeep]
|upkeep
|turn|28
|inactive|Shinobi_finest has 60 seconds left.
|
|t:|1758962144
|-end|p2a: Kingambit|fallen4|[silent]
|switch|p2a: Hippowdon|Hippowdon, M|100/100
|-weather|Sandstorm|[from] ability: Sand Stream|[of] p2a: Hippowdon
|move|p1a: Zamazenta|Close Combat|p2a: Hippowdon
|-damage|p2a: Hippowdon|54/100
|-unboost|p1a: Zamazenta|def|1
|-unboost|p1a: Zamazenta|spd|1
|-damage|p1a: Zamazenta|30/100|[from] item: Rocky Helmet|[of] p2a: Hippowdon
|
|-weather|Sandstorm|[upkeep]
|-damage|p1a: Zamazenta|24/100|[from] Sandstorm
|upkeep
|turn|29
|inactive|Shinobi_finest has 60 seconds left.
|
|t:|1758962159
|switch|p1a: Gholdengo|Gholdengo|94/100
|-damage|p1a: Gholdengo|88/100|[from] Stealth Rock
|-item|p1a: Gholdengo|Air Balloon
|move|p2a: Hippowdon|Slack Off|p2a: Hippowdon
|-heal|p2a: Hippowdon|100/100
|
|-weather|Sandstorm|[upkeep]
|upkeep
|turn|30
|inactive|Shinobi_finest has 60 seconds left.
|
|t:|1758962169
|switch|p2a: Kingambit|Kingambit, F|100/100
|-activate|p2a: Kingambit|ability: Supreme Overlord
|-start|p2a: Kingambit|fallen4|[silent]
|move|p1a: Gholdengo|Thunder Wave|p2a: Kingambit|[miss]
|-miss|p1a: Gholdengo|p2a: Kingambit
|
|-weather|Sandstorm|[upkeep]
|upkeep
|turn|31
|inactive|Shinobi_finest has 60 seconds left.
|
|t:|1758962181
|move|p1a: Gholdengo|Thunder Wave|p2a: Kingambit
|-status|p2a: Kingambit|par
|cant|p2a: Kingambit|par
|
|-weather|Sandstorm|[upkeep]
|upkeep
|turn|32
|inactive|Shinobi_finest has 60 seconds left.
|
|t:|1758962197
|switch|p1a: Dragonite|Dragonite, M, shiny, tera:Fairy|94/100
|cant|p2a: Kingambit|par
|
|-weather|none
|upkeep
|turn|33
|inactive|Shinobi_finest has 60 seconds left.
|c|☆dadadadaxiji|？？？
|
|t:|1758962222
|move|p1a: Dragonite|Earthquake|p2a: Kingambit
|-supereffective|p2a: Kingambit
|-damage|p2a: Kingambit|42/100 par
|cant|p2a: Kingambit|par
|
|upkeep
|turn|34
|c|☆dadadadaxiji|？
|
|t:|1758962237
|-terastallize|p2a: Kingambit|Ghost
|move|p1a: Dragonite|Earthquake|p2a: Kingambit
|-damage|p2a: Kingambit|14/100 par
|move|p2a: Kingambit|Iron Head|p1a: Dragonite
|-supereffective|p1a: Dragonite
|-damage|p1a: Dragonite|0 fnt
|faint|p1a: Dragonite
|
|upkeep
|l| wgw2333
|
|t:|1758962250
|switch|p1a: Gholdengo|Gholdengo|88/100
|-damage|p1a: Gholdengo|82/100|[from] Stealth Rock
|-item|p1a: Gholdengo|Air Balloon
|turn|35
|
|t:|1758962270
|switch|p1a: Zamazenta|Zamazenta|24/100
|-damage|p1a: Zamazenta|18/100|[from] Stealth Rock
|cant|p2a: Kingambit|par
|
|upkeep
|turn|36
|inactive|Shinobi_finest has 30 seconds left.
|
|t:|1758962293
|move|p2a: Kingambit|Sucker Punch|p1a: Zamazenta
|-resisted|p1a: Zamazenta
|-damage|p1a: Zamazenta|0 fnt
|faint|p1a: Zamazenta
|
|upkeep
|inactive|Shinobi_finest has 30 seconds left.
|
|t:|1758962300
|switch|p1a: Gholdengo|Gholdengo|82/100
|-damage|p1a: Gholdengo|76/100|[from] Stealth Rock
|-item|p1a: Gholdengo|Air Balloon
|turn|37
|inactive|Shinobi_finest has 30 seconds left.
|
|t:|1758962310
|cant|p2a: Kingambit|par
|move|p1a: Gholdengo|Hex|p2a: Kingambit
|-supereffective|p2a: Kingambit
|-damage|p2a: Kingambit|0 fnt
|faint|p2a: Kingambit
|-end|p2a: Kingambit|fallen4|[silent]
|
|upkeep
|j| PsychoPowerKing精神力
|c|☆dadadadaxiji|6
|-message|dadadadaxiji forfeited.
|
|win|Shinobi_finest
|raw|Shinobi_finest's rating: 1673 &rarr; <strong>1697</strong><br />(+24 for winning)
|raw|dadadadaxiji's rating: 1744 &rarr; <strong>1720</strong><br />(-24 for losing)
|l|☆dadadadaxiji
|player|p2|
|l| PsychoPowerKing精神力
|l|‽Shinobi_finest
|player|p1|
