|j|☆chaintrainalt
|j|☆Nandu-17
|t:|1759032408
|gametype|singles
|player|p1|chaintrainalt|cyclistf|1423
|player|p2|Nandu-17|101|1441
|gen|9
|tier|[Gen 9] OU
|rated|
|rule|HP Percentage Mod: HP is shown in percentages
|rule|Endless Battle Clause: Forcing endless battles is banned
|rule|Species Clause: Limit one of each Pokémon
|rule|OHKO Clause: OHKO moves are banned
|rule|Evasion Items Clause: Evasion items are banned
|rule|Evasion Moves Clause: Evasion moves are banned
|rule|Evasion Abilities Clause: Evasion abilities are banned
|rule|Sleep Moves Clause: Sleep-inducing moves are banned
|clearpoke
|poke|p1|Ribombee, M|
|poke|p1|Iron Moth|
|poke|p1|Raging Bolt|
|poke|p1|Gholdengo|
|poke|p1|Garchomp, M|
|poke|p1|Iron Valiant|
|poke|p2|Ting-Lu|
|poke|p2|Dragonite, M|
|poke|p2|Great Tusk|
|poke|p2|Sinistcha|
|poke|p2|Blissey, F|
|poke|p2|Iron Crown|
|teampreview
|inactive|Battle timer is ON: inactive players will automatically lose when time's up. (requested by chaintrainalt)
|
|t:|1759032418
|teamsize|p1|6
|teamsize|p2|6
|start
|switch|p1a: Ribombee|Ribombee, M|100/100
|switch|p2a: Iron Crown|Iron Crown|100/100
|turn|1
|
|t:|1759032421
|move|p2a: Iron Crown|Tachyon Cutter|p1a: Ribombee
|-supereffective|p1a: Ribombee
|-damage|p1a: Ribombee|17/100
|-supereffective|p1a: Ribombee
|-damage|p1a: Ribombee|0 fnt
|faint|p1a: Ribombee
|-hitcount|p1: Ribombee|2
|
|upkeep
|
|t:|1759032430
|switch|p1a: Gholdengo|Gholdengo|100/100
|-item|p1a: Gholdengo|Air Balloon
|turn|2
|
|t:|1759032439
|-end|p2a: Iron Crown|Quark Drive|[silent]
|switch|p2a: Blissey|Blissey, F|100/100
|move|p1a: Gholdengo|Nasty Plot|p1a: Gholdengo
|-boost|p1a: Gholdengo|spa|2
|
|upkeep
|turn|3
|
|t:|1759032445
|move|p1a: Gholdengo|Nasty Plot|p1a: Gholdengo
|-boost|p1a: Gholdengo|spa|2
|move|p2a: Blissey|Ice Beam|p1a: Gholdengo
|-resisted|p1a: Gholdengo
|-damage|p1a: Gholdengo|91/100
|-enditem|p1a: Gholdengo|Air Balloon
|
|upkeep
|turn|4
|inactive|Nandu-17 has 120 seconds left.
|
|t:|1759032475
|move|p1a: Gholdengo|Focus Blast|p2a: Blissey
|-supereffective|p2a: Blissey
|-damage|p2a: Blissey|16/100
|move|p2a: Blissey|Ice Beam|p1a: Gholdengo
|-resisted|p1a: Gholdengo
|-damage|p1a: Gholdengo|81/100
|
|upkeep
|turn|5
|
|t:|1759032484
|move|p1a: Gholdengo|Make It Rain|p2a: Blissey
|-damage|p2a: Blissey|0 fnt
|-unboost|p1a: Gholdengo|spa|1
|faint|p2a: Blissey
|
|upkeep
|inactive|Nandu-17 has 120 seconds left.
|
|t:|1759032516
|switch|p2a: Ting-Lu|Ting-Lu|100/100
|-ability|p2a: Ting-Lu|Vessel of Ruin
|turn|6
|
|t:|1759032520
|move|p1a: Gholdengo|Focus Blast|p2a: Ting-Lu
|-supereffective|p2a: Ting-Lu
|-damage|p2a: Ting-Lu|0 fnt
|faint|p2a: Ting-Lu
|
|upkeep
|
|t:|1759032522
|switch|p2a: Great Tusk|Great Tusk|100/100
|turn|7
|
|t:|1759032534
|-terastallize|p1a: Gholdengo|Fighting
|move|p2a: Great Tusk|Knock Off|p1a: Gholdengo
|-resisted|p1a: Gholdengo
|-damage|p1a: Gholdengo|69/100
|move|p1a: Gholdengo|Make It Rain|p2a: Great Tusk
|-damage|p2a: Great Tusk|0 fnt
|-unboost|p1a: Gholdengo|spa|1
|faint|p2a: Great Tusk
|-end|p2a: Great Tusk|Protosynthesis|[silent]
|
|upkeep
|
|t:|1759032542
|switch|p2a: Iron Crown|Iron Crown|100/100
|turn|8
|
|t:|1759032548
|move|p2a: Iron Crown|Psychic Noise|p1a: Gholdengo
|-supereffective|p1a: Gholdengo
|-damage|p1a: Gholdengo|0 fnt
|faint|p1a: Gholdengo
|
|upkeep
|
|t:|1759032554
|switch|p1a: Garchomp|Garchomp, M|100/100
|turn|9
|
|t:|1759032562
|-end|p2a: Iron Crown|Quark Drive|[silent]
|switch|p2a: Sinistcha|Sinistcha|100/100
|move|p1a: Garchomp|Earthquake|p2a: Sinistcha
|-resisted|p2a: Sinistcha
|-damage|p2a: Sinistcha|80/100
|
|-heal|p2a: Sinistcha|86/100|[from] item: Leftovers
|upkeep
|turn|10
|
|t:|1759032565
|move|p1a: Garchomp|Swords Dance|p1a: Garchomp
|-boost|p1a: Garchomp|atk|2
|move|p2a: Sinistcha|Matcha Gotcha|p1a: Garchomp
|-damage|p1a: Garchomp|66/100
|-heal|p2a: Sinistcha|100/100|[from] drain|[of] p1a: Garchomp
|
|upkeep
|turn|11
|
|t:|1759032572
|move|p1a: Garchomp|Swords Dance|p1a: Garchomp
|-boost|p1a: Garchomp|atk|2
|move|p2a: Sinistcha|Strength Sap|p1a: Garchomp
|-unboost|p1a: Garchomp|atk|1
|
|upkeep
|turn|12
|
|t:|1759032574
|move|p1a: Garchomp|Scale Shot|p2a: Sinistcha
|-damage|p2a: Sinistcha|77/100
|-damage|p2a: Sinistcha|53/100
|-damage|p2a: Sinistcha|27/100
|-crit|p2a: Sinistcha
|-damage|p2a: Sinistcha|0 fnt
|faint|p2a: Sinistcha
|-hitcount|p2: Sinistcha|4
|-unboost|p1a: Garchomp|def|1
|-boost|p1a: Garchomp|spe|1
|
|upkeep
|
|t:|1759032583
|switch|p2a: Dragonite|Dragonite, M|100/100
|turn|13
|
|t:|1759032590
|-terastallize|p2a: Dragonite|Normal
|move|p2a: Dragonite|Extreme Speed|p1a: Garchomp
|-damage|p1a: Garchomp|0 fnt
|-damage|p2a: Dragonite|88/100|[from] ability: Rough Skin|[of] p1a: Garchomp
|faint|p1a: Garchomp
|
|upkeep
|
|t:|1759032599
|switch|p1a: Iron Valiant|Iron Valiant|100/100
|-enditem|p1a: Iron Valiant|Booster Energy
|-activate|p1a: Iron Valiant|ability: Quark Drive|[fromitem]
|-start|p1a: Iron Valiant|quarkdrivespe
|turn|14
|
|t:|1759032602
|switch|p2a: Iron Crown|Iron Crown|100/100
|move|p1a: Iron Valiant|Spirit Break|p2a: Iron Crown
|-resisted|p2a: Iron Crown
|-damage|p2a: Iron Crown|76/100
|-unboost|p2a: Iron Crown|spa|1
|
|upkeep
|turn|15
|
|t:|1759032610
|move|p1a: Iron Valiant|Knock Off|p2a: Iron Crown
|-supereffective|p2a: Iron Crown
|-damage|p2a: Iron Crown|0 fnt
|-enditem|p2a: Iron Crown|Choice Scarf|[from] move: Knock Off|[of] p1a: Iron Valiant
|faint|p2a: Iron Crown
|-end|p2a: Iron Crown|Quark Drive|[silent]
|
|upkeep
|
|t:|1759032613
|switch|p2a: Dragonite|Dragonite, M, tera:Normal|88/100
|turn|16
|
|t:|1759032618
|move|p1a: Iron Valiant|Close Combat|p2a: Dragonite
|-supereffective|p2a: Dragonite
|-damage|p2a: Dragonite|0 fnt
|-unboost|p1a: Iron Valiant|def|1
|-unboost|p1a: Iron Valiant|spd|1
|faint|p2a: Dragonite
|
|win|chaintrainalt
|raw|chaintrainalt's rating: 1423 &rarr; <strong>1444</strong><br />(+21 for winning)
|raw|Nandu-17's rating: 1441 &rarr; <strong>1420</strong><br />(-21 for losing)
|l|☆Nandu-17
|player|p2|
|l|☆chaintrainalt
|player|p1|
