|j|☆Sabriam
|j|☆ForestKing0416
|t:|1759008051
|gametype|singles
|player|p1|Sabriam|palmer|1368
|player|p2|ForestKing0416|cheryl|1394
|gen|9
|tier|[Gen 9] OU
|rated|
|rule|HP Percentage Mod: HP is shown in percentages
|rule|Endless Battle Clause: Forcing endless battles is banned
|rule|Species Clause: Limit one of each Pokémon
|rule|OHKO Clause: OHKO moves are banned
|rule|Evasion Items Clause: Evasion items are banned
|rule|Evasion Moves Clause: Evasion moves are banned
|rule|Evasion Abilities Clause: Evasion abilities are banned
|rule|Sleep Moves Clause: Sleep-inducing moves are banned
|clearpoke
|poke|p1|Comfey, M|
|poke|p1|Whimsicott, F|
|poke|p1|Iron Moth|
|poke|p1|Walking Wake|
|poke|p1|Great Tusk|
|poke|p1|Ninetales, F|
|poke|p2|Dragalge, F|
|poke|p2|Meowscarada, M|
|poke|p2|Quaquaval, M|
|poke|p2|Skeledirge, M|
|poke|p2|Iron Treads|
|poke|p2|Enamorus, F|
|teampreview
|
|t:|1759008055
|teamsize|p1|6
|teamsize|p2|6
|start
|switch|p1a: Ninetales|Ninetales, F|100/100
|switch|p2a: Iron Treads|Iron Treads|100/100
|-weather|SunnyDay|[from] ability: Drought|[of] p1a: Ninetales
|-enditem|p2a: Iron Treads|Booster Energy
|-activate|p2a: Iron Treads|ability: Quark Drive|[fromitem]
|-start|p2a: Iron Treads|quarkdrivespe
|turn|1
|inactive|Battle timer is ON: inactive players will automatically lose when time's up. (requested by Sabriam)
|
|t:|1759008065
|switch|p1a: Great Tusk|Great Tusk|100/100
|-activate|p1a: Great Tusk|ability: Protosynthesis
|-start|p1a: Great Tusk|protosynthesisspe
|move|p2a: Iron Treads|Earthquake|p1a: Great Tusk
|-damage|p1a: Great Tusk|73/100
|
|-weather|SunnyDay|[upkeep]
|upkeep
|turn|2
|
|t:|1759008085
|-terastallize|p2a: Iron Treads|Ghost
|move|p2a: Iron Treads|Stealth Rock|p1a: Great Tusk
|-sidestart|p1: Sabriam|move: Stealth Rock
|move|p1a: Great Tusk|Stealth Rock|p2a: Iron Treads
|-sidestart|p2: ForestKing0416|move: Stealth Rock
|
|-weather|SunnyDay|[upkeep]
|upkeep
|turn|3
|
|t:|1759008108
|-end|p1a: Great Tusk|Protosynthesis|[silent]
|switch|p1a: Walking Wake|Walking Wake|100/100
|-damage|p1a: Walking Wake|88/100|[from] Stealth Rock
|-activate|p1a: Walking Wake|ability: Protosynthesis
|-start|p1a: Walking Wake|protosynthesisspe
|move|p2a: Iron Treads|Rapid Spin|p1a: Walking Wake
|-damage|p1a: Walking Wake|74/100
|-boost|p2a: Iron Treads|spe|1
|-sideend|p2: ForestKing0416|Stealth Rock|[from] move: Rapid Spin|[of] p2a: Iron Treads
|
|-weather|SunnyDay|[upkeep]
|upkeep
|turn|4
|
|t:|1759008117
|move|p2a: Iron Treads|Earthquake|p1a: Walking Wake
|-damage|p1a: Walking Wake|31/100
|move|p1a: Walking Wake|Hydro Steam|p2a: Iron Treads
|-damage|p2a: Iron Treads|24/100
|
|-weather|SunnyDay|[upkeep]
|upkeep
|turn|5
|inactive|Sabriam has 120 seconds left.
|
|t:|1759008154
|-end|p1a: Walking Wake|Protosynthesis|[silent]
|switch|p1a: Great Tusk|Great Tusk|73/100
|-damage|p1a: Great Tusk|70/100|[from] Stealth Rock
|-activate|p1a: Great Tusk|ability: Protosynthesis
|-start|p1a: Great Tusk|protosynthesisspe
|move|p2a: Iron Treads|Earthquake|p1a: Great Tusk
|-damage|p1a: Great Tusk|40/100
|
|-weather|SunnyDay|[upkeep]
|upkeep
|turn|6
|
|t:|1759008177
|move|p2a: Iron Treads|Earthquake|p1a: Great Tusk
|-damage|p1a: Great Tusk|13/100
|move|p1a: Great Tusk|Ice Spinner|p2a: Iron Treads
|-damage|p2a: Iron Treads|4/100
|
|-weather|SunnyDay|[upkeep]
|upkeep
|turn|7
|
|t:|1759008184
|move|p2a: Iron Treads|Earthquake|p1a: Great Tusk
|-damage|p1a: Great Tusk|0 fnt
|faint|p1a: Great Tusk
|-end|p1a: Great Tusk|Protosynthesis|[silent]
|
|-weather|SunnyDay|[upkeep]
|upkeep
|
|t:|1759008187
|switch|p1a: Comfey|Comfey, M|100/100
|-damage|p1a: Comfey|88/100|[from] Stealth Rock
|turn|8
|
|t:|1759008191
|move|p1a: Comfey|Draining Kiss|p2a: Iron Treads
|-damage|p2a: Iron Treads|0 fnt
|-heal|p1a: Comfey|91/100|[from] drain|[of] p2a: Iron Treads
|faint|p2a: Iron Treads
|-end|p2a: Iron Treads|Quark Drive|[silent]
|-damage|p1a: Comfey|81/100|[from] item: Life Orb
|
|-weather|none
|upkeep
|
|t:|1759008193
|switch|p2a: Dragalge|Dragalge, F|100/100
|turn|9
|
|t:|1759008209
|switch|p1a: Ninetales|Ninetales, F|100/100
|-damage|p1a: Ninetales|76/100|[from] Stealth Rock
|-weather|SunnyDay|[from] ability: Drought|[of] p1a: Ninetales
|move|p2a: Dragalge|Sludge Bomb|p1a: Ninetales
|-damage|p1a: Ninetales|18/100
|
|-weather|SunnyDay|[upkeep]
|upkeep
|turn|10
|
|t:|1759008232
|move|p1a: Ninetales|Healing Wish|p1a: Ninetales
|faint|p1a: Ninetales
|move|p2a: Dragalge|Flip Turn|p1: Ninetales|[notarget]
|-fail|p2a: Dragalge
|
|-weather|SunnyDay|[upkeep]
|upkeep
|inactive|Sabriam has 120 seconds left.
|
|t:|1759008267
|switch|p1a: Comfey|Comfey, M|81/100
|-heal|p1a: Comfey|100/100|[from] move: Healing Wish
|-damage|p1a: Comfey|88/100|[from] Stealth Rock
|turn|11
|
|t:|1759008277
|-terastallize|p1a: Comfey|Water
|move|p1a: Comfey|Growth|p1a: Comfey
|-boost|p1a: Comfey|atk|2
|-boost|p1a: Comfey|spa|2
|move|p2a: Dragalge|Sludge Bomb|p1a: Comfey
|-damage|p1a: Comfey|34/100
|
|-weather|SunnyDay|[upkeep]
|upkeep
|turn|12
|
|t:|1759008288
|move|p1a: Comfey|Stored Power|p2a: Dragalge
|-supereffective|p2a: Dragalge
|-damage|p2a: Dragalge|15/100
|-damage|p1a: Comfey|24/100|[from] item: Life Orb
|move|p2a: Dragalge|Draco Meteor|p1a: Comfey
|-damage|p1a: Comfey|0 fnt
|-unboost|p2a: Dragalge|spa|2
|faint|p1a: Comfey
|
|-weather|SunnyDay|[upkeep]
|upkeep
|
|t:|1759008306
|switch|p1a: Iron Moth|Iron Moth|100/100
|-damage|p1a: Iron Moth|76/100|[from] Stealth Rock
|-enditem|p1a: Iron Moth|Booster Energy
|-activate|p1a: Iron Moth|ability: Quark Drive|[fromitem]
|-start|p1a: Iron Moth|quarkdrivespa
|turn|13
|
|t:|1759008317
|move|p1a: Iron Moth|Fiery Dance|p2a: Dragalge
|-resisted|p2a: Dragalge
|-damage|p2a: Dragalge|0 fnt
|-boost|p1a: Iron Moth|spa|1
|faint|p2a: Dragalge
|
|-weather|SunnyDay|[upkeep]
|upkeep
|
|t:|1759008322
|switch|p2a: Enamorus|Enamorus, F|100/100
|turn|14
|
|t:|1759008332
|move|p2a: Enamorus|Earth Power|p1a: Iron Moth
|-supereffective|p1a: Iron Moth
|-damage|p1a: Iron Moth|0 fnt
|faint|p1a: Iron Moth
|-end|p1a: Iron Moth|Quark Drive|[silent]
|
|-weather|SunnyDay|[upkeep]
|upkeep
|
|t:|1759008347
|switch|p1a: Whimsicott|Whimsicott, F|100/100
|-damage|p1a: Whimsicott|88/100|[from] Stealth Rock
|turn|15
|
|t:|1759008352
|switch|p2a: Skeledirge|Skeledirge, M|100/100
|move|p1a: Whimsicott|Growth|p1a: Whimsicott
|-boost|p1a: Whimsicott|atk|2
|-boost|p1a: Whimsicott|spa|2
|
|-weather|SunnyDay|[upkeep]
|upkeep
|turn|16
|
|t:|1759008361
|move|p1a: Whimsicott|Shadow Ball|p2a: Skeledirge
|-supereffective|p2a: Skeledirge
|-damage|p2a: Skeledirge|57/100
|-damage|p1a: Whimsicott|78/100|[from] item: Life Orb
|move|p2a: Skeledirge|Torch Song|p1a: Whimsicott
|-supereffective|p1a: Whimsicott
|-damage|p1a: Whimsicott|0 fnt
|-boost|p2a: Skeledirge|spa|1
|faint|p1a: Whimsicott
|
|-weather|none
|upkeep
|-message|Sabriam forfeited.
|
|win|ForestKing0416
|raw|Sabriam's rating: 1368 &rarr; <strong>1349</strong><br />(-19 for losing)
|raw|ForestKing0416's rating: 1394 &rarr; <strong>1413</strong><br />(+19 for winning)
|l|☆Sabriam
|player|p1|
|l|☆ForestKing0416
|player|p2|
