|j|☆PISSjumper
|j|☆LikeEmerald
|t:|1759076586
|gametype|singles
|player|p1|PISSjumper|102|1121
|player|p2|LikeEmerald|265|1149
|gen|9
|tier|[Gen 9] OU
|rated|
|rule|HP Percentage Mod: HP is shown in percentages
|rule|Endless Battle Clause: Forcing endless battles is banned
|rule|Species Clause: Limit one of each Pokémon
|rule|OHKO Clause: OHKO moves are banned
|rule|Evasion Items Clause: Evasion items are banned
|rule|Evasion Moves Clause: Evasion moves are banned
|rule|Evasion Abilities Clause: Evasion abilities are banned
|rule|Sleep Moves Clause: Sleep-inducing moves are banned
|clearpoke
|poke|p1|Venusaur, M|
|poke|p1|Ninetales, M|
|poke|p1|Dragapult, M|
|poke|p1|Minior-Indigo|
|poke|p1|Zapdos|
|poke|p1|Darkrai|
|poke|p2|Deoxys-Speed|
|poke|p2|Pikachu, F|
|poke|p2|Moltres|
|poke|p2|Haunter, F|
|poke|p2|Hydrapple, F|
|poke|p2|Empoleon, M|
|teampreview
|
|t:|1759076598
|teamsize|p1|6
|teamsize|p2|6
|start
|switch|p1a: Melania|Ninetales, M, shiny|100/100
|switch|p2a: Deoxys|Deoxys-Speed|100/100
|-ability|p2a: Deoxys|Pressure
|-weather|SunnyDay|[from] ability: Drought|[of] p1a: Melania
|turn|1
|
|t:|1759076615
|switch|p1a: Fox News|Minior-Indigo, shiny|100/100
|-formechange|p1a: Fox News|Minior-Meteor||[from] ability: Shields Down
|move|p2a: Deoxys|Stealth Rock|p1a: Fox News
|-sidestart|p1: PISSjumper|move: Stealth Rock
|
|-weather|SunnyDay|[upkeep]
|upkeep
|turn|2
|
|t:|1759076631
|move|p2a: Deoxys|Superpower|p1a: Fox News
|-damage|p1a: Fox News|42/100
|-unboost|p2a: Deoxys|atk|1
|-unboost|p2a: Deoxys|def|1
|move|p1a: Fox News|Shell Smash|p1a: Fox News
|-unboost|p1a: Fox News|def|1
|-unboost|p1a: Fox News|spd|1
|-boost|p1a: Fox News|atk|2
|-boost|p1a: Fox News|spa|2
|-boost|p1a: Fox News|spe|2
|-enditem|p1a: Fox News|White Herb
|-clearnegativeboost|p1a: Fox News|[silent]
|
|-weather|SunnyDay|[upkeep]
|-formechange|p1a: Fox News|Minior-Indigo||[from] ability: Shields Down
|upkeep
|turn|3
|
|t:|1759076645
|move|p1a: Fox News|Acrobatics|p2a: Deoxys
|-enditem|p2a: Deoxys|Focus Sash
|-damage|p2a: Deoxys|1/100
|move|p2a: Deoxys|Psycho Boost|p1a: Fox News|[miss]
|-miss|p2a: Deoxys|p1a: Fox News
|
|-weather|SunnyDay|[upkeep]
|upkeep
|turn|4
|
|t:|1759076659
|move|p1a: Fox News|Acrobatics|p2a: Deoxys
|-damage|p2a: Deoxys|0 fnt
|faint|p2a: Deoxys
|
|-weather|SunnyDay|[upkeep]
|upkeep
|
|t:|1759076661
|switch|p2a: Pikachu|Pikachu, F|100/100
|turn|5
|
|t:|1759076668
|-terastallize|p1a: Fox News|Grass
|move|p2a: Pikachu|Fake Out|p1a: Fox News
|-damage|p1a: Fox News|7/100
|cant|p1a: Fox News|flinch
|
|-weather|SunnyDay|[upkeep]
|upkeep
|turn|6
|
|t:|1759076676
|move|p2a: Pikachu|Quick Attack|p1a: Fox News
|-damage|p1a: Fox News|0 fnt
|faint|p1a: Fox News
|
|-weather|SunnyDay|[upkeep]
|upkeep
|l|☆PISSjumper
|player|p1|
|inactive|Battle timer is ON: inactive players will automatically lose when time's up. (requested by LikeEmerald)
|inactive|PISSjumper has 30 seconds to reconnect!
|inactive|PISSjumper has 20 seconds to reconnect!
|inactive|PISSjumper has 15 seconds to reconnect!
|inactive|PISSjumper has 10 seconds to reconnect!
|inactive|PISSjumper has 5 seconds to reconnect!
|-message|PISSjumper lost due to inactivity.
|
|win|LikeEmerald
|raw|PISSjumper's rating: 1121 &rarr; <strong>1098</strong><br />(-23 for losing)
|raw|LikeEmerald's rating: 1149 &rarr; <strong>1172</strong><br />(+23 for winning)
|l|☆LikeEmerald
|player|p2|
