|j|☆axunyu
|j|☆nmm6
|t:|1759033970
|gametype|singles
|player|p1|axunyu|benga|1226
|player|p2|nmm6|170|1262
|gen|9
|tier|[Gen 9] OU
|rated|
|rule|HP Percentage Mod: HP is shown in percentages
|rule|Endless Battle Clause: Forcing endless battles is banned
|rule|Species Clause: Limit one of each Pokémon
|rule|OHKO Clause: OHKO moves are banned
|rule|Evasion Items Clause: Evasion items are banned
|rule|Evasion Moves Clause: Evasion moves are banned
|rule|Evasion Abilities Clause: Evasion abilities are banned
|rule|Sleep Moves Clause: Sleep-inducing moves are banned
|clearpoke
|poke|p1|Great Tusk|
|poke|p1|Pelipper, F|
|poke|p1|Weezing-Galar, F|
|poke|p1|Weavile, F|
|poke|p1|Volcanion|
|poke|p1|Revavroom, M|
|poke|p2|Garchomp, M|
|poke|p2|Toedscruel, F|
|poke|p2|Pelipper, M|
|poke|p2|Barraskewda, F|
|poke|p2|Raging Bolt|
|poke|p2|Beartic, F|
|teampreview
|inactive|Battle timer is ON: inactive players will automatically lose when time's up. (requested by axunyu)
|
|t:|1759033979
|teamsize|p1|6
|teamsize|p2|6
|start
|switch|p1a: Weavile|Weavile, F|100/100
|switch|p2a: Garchomp|Garchomp, M, shiny|100/100
|-ability|p1a: Weavile|Pressure
|turn|1
|
|t:|1759033995
|switch|p2a: Beartic|Beartic, F|100/100
|move|p1a: Weavile|Icicle Spear|p2a: Beartic
|-resisted|p2a: Beartic
|-damage|p2a: Beartic|89/100
|-resisted|p2a: Beartic
|-damage|p2a: Beartic|77/100
|-hitcount|p2a: Beartic|2
|
|upkeep
|turn|2
|
|t:|1759034009
|switch|p1a: Pelipper|Pelipper, F, shiny|100/100
|-weather|RainDance|[from] ability: Drizzle|[of] p1a: Pelipper
|-terastallize|p2a: Beartic|Flying
|move|p2a: Beartic|Stone Edge|p1a: Pelipper|[miss]
|-miss|p2a: Beartic|p1a: Pelipper
|
|-weather|RainDance|[upkeep]
|upkeep
|turn|3
|
|t:|1759034023
|switch|p1a: Weezing|Weezing-Galar, F|100/100
|-ability|p1a: Weezing|Neutralizing Gas
|move|p2a: Beartic|Stone Edge|p1a: Weezing
|-damage|p1a: Weezing|68/100
|
|-weather|RainDance|[upkeep]
|upkeep
|turn|4
|
|t:|1759034033
|switch|p2a: Garchomp|Garchomp, M, shiny|100/100
|move|p1a: Weezing|Will-O-Wisp|p2a: Garchomp
|-status|p2a: Garchomp|brn
|
|-weather|RainDance|[upkeep]
|-damage|p2a: Garchomp|94/100 brn|[from] brn
|upkeep
|turn|5
|
|t:|1759034041
|-end|p1a: Weezing|ability: Neutralizing Gas
|switch|p1a: Revavroom|Revavroom, M|100/100
|-item|p1a: Revavroom|Air Balloon
|move|p2a: Garchomp|Stealth Rock|p1a: Revavroom
|-sidestart|p1: axunyu|move: Stealth Rock
|
|-weather|RainDance|[upkeep]
|-damage|p2a: Garchomp|88/100 brn|[from] brn
|upkeep
|turn|6
|
|t:|1759034049
|move|p1a: Revavroom|Shift Gear|p1a: Revavroom
|-boost|p1a: Revavroom|spe|2
|-boost|p1a: Revavroom|atk|1
|move|p2a: Garchomp|Dragon Tail|p1a: Revavroom
|-resisted|p1a: Revavroom
|-damage|p1a: Revavroom|92/100
|-enditem|p1a: Revavroom|Air Balloon
|drag|p1a: Volcanion|Volcanion|100/100
|
|-weather|none
|-damage|p2a: Garchomp|82/100 brn|[from] brn
|upkeep
|turn|7
|
|t:|1759034060
|move|p2a: Garchomp|Earthquake|p1a: Volcanion
|-supereffective|p1a: Volcanion
|-damage|p1a: Volcanion|54/100
|move|p1a: Volcanion|Steam Eruption|p2a: Garchomp
|-damage|p2a: Garchomp|18/100 brn
|
|-damage|p2a: Garchomp|12/100 brn|[from] brn
|upkeep
|turn|8
|
|t:|1759034074
|switch|p2a: Pelipper|Pelipper, M, shiny|100/100
|-weather|RainDance|[from] ability: Drizzle|[of] p2a: Pelipper
|switch|p1a: Pelipper|Pelipper, F, shiny|100/100
|-damage|p1a: Pelipper|76/100|[from] Stealth Rock
|
|-weather|RainDance|[upkeep]
|upkeep
|turn|9
|
|t:|1759034086
|move|p1a: Pelipper|Hydro Pump|p2a: Pelipper
|-resisted|p2a: Pelipper
|-damage|p2a: Pelipper|18/100
|move|p2a: Pelipper|Icy Wind|p1a: Pelipper
|-damage|p1a: Pelipper|48/100
|-unboost|p1a: Pelipper|spe|1
|
|-weather|RainDance|[upkeep]
|upkeep
|turn|10
|
|t:|1759034094
|move|p2a: Pelipper|Hurricane|p1a: Pelipper
|-damage|p1a: Pelipper|0 fnt
|faint|p1a: Pelipper
|
|-weather|RainDance|[upkeep]
|upkeep
|
|t:|1759034098
|switch|p1a: Weezing|Weezing-Galar, F|68/100
|-ability|p1a: Weezing|Neutralizing Gas
|turn|11
|
|t:|1759034104
|move|p2a: Pelipper|Hurricane|p1a: Weezing
|-damage|p1a: Weezing|0 fnt
|faint|p1a: Weezing
|-end|p1a: Weezing|ability: Neutralizing Gas
|
|-weather|RainDance|[upkeep]
|upkeep
|-message|axunyu forfeited.
|
|win|nmm6
|raw|axunyu's rating: 1226 &rarr; <strong>1204</strong><br />(-22 for losing)
|raw|nmm6's rating: 1262 &rarr; <strong>1284</strong><br />(+22 for winning)
|l|☆axunyu
|player|p1|
|l|☆nmm6
|player|p2|
