|j|☆Panther56
|j|☆Negritude1
|t:|1759035365
|gametype|singles
|player|p1|Panther56|burglar|1512
|player|p2|Negritude1|marlon|1445
|gen|9
|tier|[Gen 9] OU
|rated|
|rule|HP Percentage Mod: HP is shown in percentages
|rule|Endless Battle Clause: Forcing endless battles is banned
|rule|Species Clause: Limit one of each Pokémon
|rule|OHKO Clause: OHKO moves are banned
|rule|Evasion Items Clause: Evasion items are banned
|rule|Evasion Moves Clause: Evasion moves are banned
|rule|Evasion Abilities Clause: Evasion abilities are banned
|rule|Sleep Moves Clause: Sleep-inducing moves are banned
|clearpoke
|poke|p1|Moltres|
|poke|p1|Zamazenta-*|
|poke|p1|Darkrai|
|poke|p1|Hydrapple, M|
|poke|p1|Ting-Lu|
|poke|p1|Tinkaton, F|
|poke|p2|Sandy Shocks|
|poke|p2|Chesnaught, F|
|poke|p2|Meowscarada, M|
|poke|p2|Gholdengo|
|poke|p2|Blissey, F|
|poke|p2|Ribombee, M|
|teampreview
|inactive|Battle timer is ON: inactive players will automatically lose when time's up. (requested by Negritude1)
|
|t:|1759035388
|teamsize|p1|6
|teamsize|p2|6
|start
|switch|p1a: Tinkaton|Tinkaton, F|100/100
|switch|p2a: Sandy Shocks|Sandy Shocks|100/100
|-ability|p1a: Tinkaton|Mold Breaker
|-item|p1a: Tinkaton|Air Balloon
|turn|1
|l|☆Negritude1
|inactive|Negritude1 disconnected and has a minute to reconnect!
|player|p2|
|j|☆Negritude1
|inactive|Negritude1 reconnected and has 125 seconds left.
|player|p2|Negritude1|marlon|
|
|t:|1759035416
|move|p2a: Sandy Shocks|Flash Cannon|p1a: Tinkaton
|-damage|p1a: Tinkaton|76/100
|-enditem|p1a: Tinkaton|Air Balloon
|move|p1a: Tinkaton|Stealth Rock|p2a: Sandy Shocks
|-sidestart|p2: Negritude1|move: Stealth Rock
|
|upkeep
|turn|2
|
|t:|1759035424
|switch|p1a: Ting-Lu|Ting-Lu|100/100
|-ability|p1a: Ting-Lu|Vessel of Ruin
|move|p2a: Sandy Shocks|Earth Power|p1a: Ting-Lu
|-damage|p1a: Ting-Lu|83/100
|
|-heal|p1a: Ting-Lu|89/100|[from] item: Leftovers
|upkeep
|turn|3
|
|t:|1759035432
|-end|p2a: Sandy Shocks|Protosynthesis|[silent]
|switch|p2a: Chesnaught|Chesnaught, F|100/100
|-damage|p2a: Chesnaught|94/100|[from] Stealth Rock
|move|p1a: Ting-Lu|Spikes|p2a: Chesnaught
|-sidestart|p2: Negritude1|Spikes
|
|-heal|p1a: Ting-Lu|95/100|[from] item: Leftovers
|upkeep
|turn|4
|
|t:|1759035440
|switch|p1a: Moltres|Moltres|100/100
|move|p2a: Chesnaught|Knock Off|p1a: Moltres
|-damage|p1a: Moltres|84/100
|-enditem|p1a: Moltres|Heavy-Duty Boots|[from] move: Knock Off|[of] p2a: Chesnaught
|
|upkeep
|turn|5
|
|t:|1759035452
|switch|p2a: Blissey|Blissey, F, shiny|100/100
|move|p1a: Moltres|Roar|p2a: Blissey
|drag|p2a: Chesnaught|Chesnaught, F|94/100
|-damage|p2a: Chesnaught|88/100|[from] Stealth Rock
|-damage|p2a: Chesnaught|76/100|[from] Spikes
|
|upkeep
|turn|6
|
|t:|1759035460
|switch|p2a: Blissey|Blissey, F, shiny|100/100
|move|p1a: Moltres|Flamethrower|p2a: Blissey
|-damage|p2a: Blissey|89/100
|
|upkeep
|turn|7
|
|t:|1759035465
|move|p1a: Moltres|U-turn|p2a: Blissey
|-damage|p2a: Blissey|59/100
|
|t:|1759035473
|switch|p1a: Ting-Lu|Ting-Lu|95/100|[from] U-turn
|-ability|p1a: Ting-Lu|Vessel of Ruin
|move|p2a: Blissey|Stealth Rock|p1a: Ting-Lu
|-sidestart|p1: Panther56|move: Stealth Rock
|
|-heal|p1a: Ting-Lu|100/100|[from] item: Leftovers
|upkeep
|turn|8
|
|t:|1759035479
|switch|p2a: Chesnaught|Chesnaught, F|76/100
|-damage|p2a: Chesnaught|70/100|[from] Stealth Rock
|-damage|p2a: Chesnaught|58/100|[from] Spikes
|move|p1a: Ting-Lu|Spikes|p2a: Chesnaught
|-sidestart|p2: Negritude1|Spikes
|
|upkeep
|turn|9
|
|t:|1759035494
|switch|p1a: Tinkaton|Tinkaton, F|76/100
|-damage|p1a: Tinkaton|70/100|[from] Stealth Rock
|-ability|p1a: Tinkaton|Mold Breaker
|move|p2a: Chesnaught|Leech Seed|p1a: Tinkaton|[miss]
|-miss|p2a: Chesnaught|p1a: Tinkaton
|
|upkeep
|turn|10
|
|t:|1759035504
|move|p1a: Tinkaton|Gigaton Hammer|p2a: Chesnaught
|-damage|p2a: Chesnaught|34/100
|move|p2a: Chesnaught|Drain Punch|p1a: Tinkaton
|-damage|p1a: Tinkaton|37/100
|-heal|p2a: Chesnaught|50/100|[from] drain|[of] p1a: Tinkaton
|
|upkeep
|turn|11
|
|t:|1759035511
|switch|p1a: Moltres|Moltres|84/100
|-damage|p1a: Moltres|34/100|[from] Stealth Rock
|move|p2a: Chesnaught|Drain Punch|p1a: Moltres
|-resisted|p1a: Moltres
|-damage|p1a: Moltres|24/100
|-heal|p2a: Chesnaught|55/100|[from] drain|[of] p1a: Moltres
|
|upkeep
|turn|12
|
|t:|1759035518
|move|p1a: Moltres|Roost|p1a: Moltres
|-heal|p1a: Moltres|74/100
|-singleturn|p1a: Moltres|move: Roost
|move|p2a: Chesnaught|Leech Seed|p1a: Moltres
|-start|p1a: Moltres|move: Leech Seed
|
|-damage|p1a: Moltres|62/100|[from] Leech Seed|[of] p2a: Chesnaught
|-heal|p2a: Chesnaught|67/100|[silent]
|upkeep
|turn|13
|
|t:|1759035532
|switch|p2a: Sandy Shocks|Sandy Shocks|100/100
|-damage|p2a: Sandy Shocks|94/100|[from] Stealth Rock
|-damage|p2a: Sandy Shocks|78/100|[from] Spikes
|move|p1a: Moltres|Roost|p1a: Moltres
|-heal|p1a: Moltres|100/100
|-singleturn|p1a: Moltres|move: Roost
|
|-damage|p1a: Moltres|88/100|[from] Leech Seed|[of] p2a: Sandy Shocks
|-heal|p2a: Sandy Shocks|93/100|[silent]
|upkeep
|turn|14
|
|t:|1759035545
|-end|p2a: Sandy Shocks|Protosynthesis|[silent]
|switch|p2a: Meowscarada|Meowscarada, M|100/100
|-damage|p2a: Meowscarada|88/100|[from] Stealth Rock
|-damage|p2a: Meowscarada|72/100|[from] Spikes
|switch|p1a: Ting-Lu|Ting-Lu|100/100
|-damage|p1a: Ting-Lu|94/100|[from] Stealth Rock
|-ability|p1a: Ting-Lu|Vessel of Ruin
|
|-heal|p1a: Ting-Lu|100/100|[from] item: Leftovers
|upkeep
|turn|15
|inactive|Panther56 has 120 seconds left.
|
|t:|1759035584
|switch|p1a: Tinkaton|Tinkaton, F|37/100
|-damage|p1a: Tinkaton|31/100|[from] Stealth Rock
|-ability|p1a: Tinkaton|Mold Breaker
|move|p2a: Meowscarada|Triple Axel|p1a: Tinkaton
|-start|p2a: Meowscarada|typechange|Ice|[from] ability: Protean
|-resisted|p1a: Tinkaton
|-damage|p1a: Tinkaton|26/100
|-resisted|p1a: Tinkaton
|-damage|p1a: Tinkaton|15/100
|-resisted|p1a: Tinkaton
|-damage|p1a: Tinkaton|0 fnt
|faint|p1a: Tinkaton
|-hitcount|p1: Tinkaton|3
|
|upkeep
|
|t:|1759035607
|switch|p1a: Zamazenta|Zamazenta|100/100
|-ability|p1a: Zamazenta|Dauntless Shield|boost
|-boost|p1a: Zamazenta|def|1
|turn|16
|
|t:|1759035625
|switch|p2a: Gholdengo|Gholdengo|100/100
|-damage|p2a: Gholdengo|94/100|[from] Stealth Rock
|-item|p2a: Gholdengo|Air Balloon
|move|p1a: Zamazenta|Stone Edge|p2a: Gholdengo
|-resisted|p2a: Gholdengo
|-damage|p2a: Gholdengo|75/100
|-enditem|p2a: Gholdengo|Air Balloon
|
|upkeep
|turn|17
|
|t:|1759035637
|move|p1a: Zamazenta|Crunch|p2a: Gholdengo
|-supereffective|p2a: Gholdengo
|-damage|p2a: Gholdengo|19/100
|move|p2a: Gholdengo|Make It Rain|p1a: Zamazenta
|-damage|p1a: Zamazenta|39/100
|-unboost|p2a: Gholdengo|spa|1
|
|upkeep
|turn|18
|
|t:|1759035647
|move|p1a: Zamazenta|Crunch|p2a: Gholdengo
|-supereffective|p2a: Gholdengo
|-damage|p2a: Gholdengo|0 fnt
|faint|p2a: Gholdengo
|
|upkeep
|
|t:|1759035651
|switch|p2a: Meowscarada|Meowscarada, M|72/100
|-damage|p2a: Meowscarada|60/100|[from] Stealth Rock
|-damage|p2a: Meowscarada|43/100|[from] Spikes
|turn|19
|inactive|Panther56 has 120 seconds left.
|
|t:|1759035666
|switch|p1a: Hydrapple|Hydrapple, M|100/100
|move|p2a: Meowscarada|Flower Trick|p1a: Hydrapple
|-start|p2a: Meowscarada|typechange|Grass|[from] ability: Protean
|-resisted|p1a: Hydrapple
|-crit|p1a: Hydrapple
|-damage|p1a: Hydrapple|94/100
|
|upkeep
|turn|20
|inactive|Panther56 has 120 seconds left.
|
|t:|1759035690
|switch|p2a: Blissey|Blissey, F, shiny|59/100
|switch|p1a: Darkrai|Darkrai|100/100
|
|upkeep
|turn|21
|
|t:|1759035699
|move|p1a: Darkrai|Knock Off|p2a: Blissey
|-damage|p2a: Blissey|9/100
|-enditem|p2a: Blissey|Heavy-Duty Boots|[from] move: Knock Off|[of] p1a: Darkrai
|move|p2a: Blissey|Seismic Toss|p1a: Darkrai
|-damage|p1a: Darkrai|65/100
|
|upkeep
|turn|22
|
|t:|1759035707
|move|p1a: Darkrai|Dark Pulse|p2a: Blissey
|-damage|p2a: Blissey|0 fnt
|faint|p2a: Blissey
|
|upkeep
|
|t:|1759035716
|switch|p2a: Meowscarada|Meowscarada, M|43/100
|-damage|p2a: Meowscarada|31/100|[from] Stealth Rock
|-damage|p2a: Meowscarada|14/100|[from] Spikes
|turn|23
|
|t:|1759035723
|switch|p1a: Moltres|Moltres|88/100
|-damage|p1a: Moltres|38/100|[from] Stealth Rock
|move|p2a: Meowscarada|Triple Axel|p1a: Moltres
|-start|p2a: Meowscarada|typechange|Ice|[from] ability: Protean
|-damage|p1a: Moltres|32/100
|-damage|p1a: Moltres|20/100
|-status|p2a: Meowscarada|brn|[from] ability: Flame Body|[of] p1a: Moltres
|-damage|p1a: Moltres|10/100
|-hitcount|p1a: Moltres|3
|
|-damage|p2a: Meowscarada|8/100 brn|[from] brn
|upkeep
|turn|24
|
|t:|1759035734
|move|p2a: Meowscarada|Triple Axel|p1a: Moltres
|-damage|p1a: Moltres|7/100
|-damage|p1a: Moltres|0 fnt
|faint|p1a: Moltres
|-hitcount|p1: Moltres|2
|
|-damage|p2a: Meowscarada|2/100 brn|[from] brn
|upkeep
|inactive|Panther56 has 120 seconds left.
|
|t:|1759035752
|switch|p1a: Zamazenta|Zamazenta|39/100
|turn|25
|
|t:|1759035758
|move|p2a: Meowscarada|Triple Axel|p1a: Zamazenta
|-damage|p1a: Zamazenta|34/100
|-damage|p1a: Zamazenta|25/100
|-damage|p1a: Zamazenta|12/100
|-hitcount|p1a: Zamazenta|3
|move|p1a: Zamazenta|Crunch|p2a: Meowscarada
|-damage|p2a: Meowscarada|0 fnt
|faint|p2a: Meowscarada
|
|upkeep
|
|t:|1759035770
|switch|p2a: Chesnaught|Chesnaught, F|67/100
|-damage|p2a: Chesnaught|61/100|[from] Stealth Rock
|-damage|p2a: Chesnaught|44/100|[from] Spikes
|turn|26
|
|t:|1759035779
|move|p1a: Zamazenta|Close Combat|p2a: Chesnaught
|-damage|p2a: Chesnaught|13/100
|-unboost|p1a: Zamazenta|def|1
|-unboost|p1a: Zamazenta|spd|1
|-damage|p1a: Zamazenta|0 fnt|[from] item: Rocky Helmet|[of] p2a: Chesnaught
|faint|p1a: Zamazenta
|move|p2a: Chesnaught|Drain Punch|p1: Zamazenta|[notarget]
|-fail|p2a: Chesnaught
|
|upkeep
|inactive|Panther56 has 120 seconds left.
|
|t:|1759035799
|switch|p1a: Hydrapple|Hydrapple, M|100/100
|turn|27
|
|t:|1759035807
|move|p2a: Chesnaught|Drain Punch|p1a: Hydrapple
|-damage|p1a: Hydrapple|84/100
|-heal|p2a: Chesnaught|22/100|[from] drain|[of] p1a: Hydrapple
|move|p1a: Hydrapple|Nasty Plot|p1a: Hydrapple
|-boost|p1a: Hydrapple|spa|2
|
|upkeep
|turn|28
|
|t:|1759035814
|move|p2a: Chesnaught|Knock Off|p1a: Hydrapple
|-damage|p1a: Hydrapple|69/100
|-enditem|p1a: Hydrapple|Heavy-Duty Boots|[from] move: Knock Off|[of] p2a: Chesnaught
|move|p1a: Hydrapple|Giga Drain|p2a: Chesnaught
|-resisted|p2a: Chesnaught
|-damage|p2a: Chesnaught|0 fnt
|-heal|p1a: Hydrapple|79/100|[from] drain|[of] p2a: Chesnaught
|faint|p2a: Chesnaught
|
|upkeep
|
|t:|1759035827
|switch|p2a: Ribombee|Ribombee, M|100/100
|-damage|p2a: Ribombee|76/100|[from] Stealth Rock
|-damage|p2a: Ribombee|59/100|[from] Spikes
|turn|29
|
|t:|1759035841
|-terastallize|p1a: Hydrapple|Poison
|move|p2a: Ribombee|Sticky Web|p1a: Hydrapple
|-sidestart|p1: Panther56|move: Sticky Web
|move|p1a: Hydrapple|Giga Drain|p2a: Ribombee
|-resisted|p2a: Ribombee
|-damage|p2a: Ribombee|17/100
|-heal|p1a: Hydrapple|95/100|[from] drain|[of] p2a: Ribombee
|
|upkeep
|turn|30
|
|t:|1759035847
|move|p2a: Ribombee|Stun Spore|p1a: Hydrapple
|-status|p1a: Hydrapple|par
|move|p1a: Hydrapple|Giga Drain|p2a: Ribombee
|-resisted|p2a: Ribombee
|-damage|p2a: Ribombee|0 fnt
|-heal|p1a: Hydrapple|100/100 par|[from] drain|[of] p2a: Ribombee
|faint|p2a: Ribombee
|
|upkeep
|
|t:|1759035852
|switch|p2a: Sandy Shocks|Sandy Shocks|93/100
|-damage|p2a: Sandy Shocks|87/100|[from] Stealth Rock
|-damage|p2a: Sandy Shocks|71/100|[from] Spikes
|turn|31
|
|t:|1759035854
|move|p2a: Sandy Shocks|Earth Power|p1a: Hydrapple
|-supereffective|p1a: Hydrapple
|-damage|p1a: Hydrapple|0 fnt
|faint|p1a: Hydrapple
|
|upkeep
|
|t:|1759035859
|switch|p1a: Ting-Lu|Ting-Lu|100/100
|-damage|p1a: Ting-Lu|94/100|[from] Stealth Rock
|-activate|p1a: Ting-Lu|move: Sticky Web
|-unboost|p1a: Ting-Lu|spe|1
|-ability|p1a: Ting-Lu|Vessel of Ruin
|turn|32
|
|t:|1759035865
|-terastallize|p2a: Sandy Shocks|Ice
|move|p2a: Sandy Shocks|Tera Blast|p1a: Ting-Lu|[anim] Tera Blast Ice
|-supereffective|p1a: Ting-Lu
|-damage|p1a: Ting-Lu|53/100
|move|p1a: Ting-Lu|Earthquake|p2a: Sandy Shocks
|-damage|p2a: Sandy Shocks|30/100
|
|-heal|p1a: Ting-Lu|59/100|[from] item: Leftovers
|upkeep
|turn|33
|
|t:|1759035872
|move|p2a: Sandy Shocks|Tera Blast|p1a: Ting-Lu|[anim] Tera Blast Ice
|-supereffective|p1a: Ting-Lu
|-damage|p1a: Ting-Lu|20/100
|move|p1a: Ting-Lu|Earthquake|p2a: Sandy Shocks
|-damage|p2a: Sandy Shocks|0 fnt
|faint|p2a: Sandy Shocks
|-end|p2a: Sandy Shocks|Protosynthesis|[silent]
|
|win|Panther56
|raw|Panther56's rating: 1512 &rarr; <strong>1528</strong><br />(+16 for winning)
|raw|Negritude1's rating: 1445 &rarr; <strong>1429</strong><br />(-16 for losing)
|l|☆Negritude1
|player|p2|
|c|☆Panther56|gg
|l|☆Panther56
|player|p1|
