|j|☆sheng0212
|j|☆teto mono
|t:|1759051539
|gametype|singles
|player|p1|sheng0212|dawn-gen4pt|1265
|player|p2|teto mono|lady-gen4|1218
|gen|9
|tier|[Gen 9] OU
|rated|
|rule|HP Percentage Mod: HP is shown in percentages
|rule|Endless Battle Clause: Forcing endless battles is banned
|rule|Species Clause: Limit one of each Pokémon
|rule|OHKO Clause: OHKO moves are banned
|rule|Evasion Items Clause: Evasion items are banned
|rule|Evasion Moves Clause: Evasion moves are banned
|rule|Evasion Abilities Clause: Evasion abilities are banned
|rule|Sleep Moves Clause: Sleep-inducing moves are banned
|clearpoke
|poke|p1|Great Tusk|
|poke|p1|Dragonite, F|
|poke|p1|Iron Valiant|
|poke|p1|Slowking-Galar, F|
|poke|p1|Kingambit, F|
|poke|p1|Ogerpon-Wellspring, F|
|poke|p2|Clefable, F|
|poke|p2|Landorus-Therian, M|
|poke|p2|Ogerpon-Wellspring, F|
|poke|p2|Gholdengo|
|poke|p2|Dragonite, F|
|poke|p2|Morpeko, M|
|teampreview
|inactive|Battle timer is ON: inactive players will automatically lose when time's up. (requested by teto mono)
|
|t:|1759051556
|teamsize|p1|6
|teamsize|p2|6
|start
|switch|p1a: Great Tusk|Great Tusk|100/100
|switch|p2a: Morpeko|Morpeko, M|100/100
|turn|1
|
|t:|1759051567
|move|p2a: Morpeko|Parting Shot|p1a: Great Tusk
|-unboost|p1a: Great Tusk|atk|1
|-unboost|p1a: Great Tusk|spa|1
|
|t:|1759051572
|switch|p2a: Landorus|Landorus-Therian, M|100/100|[from] Parting Shot
|-ability|p2a: Landorus|Intimidate|boost
|-unboost|p1a: Great Tusk|atk|1
|move|p1a: Great Tusk|Headlong Rush|p2a: Landorus
|-immune|p2a: Landorus
|
|upkeep
|turn|2
|
|t:|1759051583
|move|p2a: Landorus|U-turn|p1a: Great Tusk
|-resisted|p1a: Great Tusk
|-damage|p1a: Great Tusk|91/100
|-damage|p2a: Landorus|84/100|[from] item: Rocky Helmet|[of] p1a: Great Tusk
|
|t:|1759051586
|switch|p2a: Ogerpon|Ogerpon-Wellspring, F|100/100|[from] U-turn
|move|p1a: Great Tusk|Stealth Rock|p2a: Ogerpon
|-sidestart|p2: teto mono|move: Stealth Rock
|
|upkeep
|turn|3
|
|t:|1759051594
|-end|p1a: Great Tusk|Protosynthesis|[silent]
|switch|p1a: Dragonite|Dragonite, F|100/100
|move|p2a: Ogerpon|Trailblaze|p1a: Dragonite
|-resisted|p1a: Dragonite
|-damage|p1a: Dragonite|97/100
|-boost|p2a: Ogerpon|spe|1
|
|-heal|p1a: Dragonite|100/100|[from] item: Leftovers
|upkeep
|turn|4
|
|t:|1759051606
|move|p2a: Ogerpon|Ivy Cudgel|p1a: Dragonite|[anim] Ivy Cudgel Water
|-resisted|p1a: Dragonite
|-damage|p1a: Dragonite|84/100
|move|p1a: Dragonite|Dragon Dance|p1a: Dragonite
|-boost|p1a: Dragonite|atk|1
|-boost|p1a: Dragonite|spe|1
|
|-heal|p1a: Dragonite|91/100|[from] item: Leftovers
|upkeep
|turn|5
|
|t:|1759051616
|move|p2a: Ogerpon|Play Rough|p1a: Dragonite
|-supereffective|p1a: Dragonite
|-damage|p1a: Dragonite|18/100
|-unboost|p1a: Dragonite|atk|1
|move|p1a: Dragonite|Dragon Dance|p1a: Dragonite
|-boost|p1a: Dragonite|atk|1
|-boost|p1a: Dragonite|spe|1
|
|-heal|p1a: Dragonite|24/100|[from] item: Leftovers
|upkeep
|turn|6
|
|t:|1759051636
|switch|p1a: Slowking|Slowking-Galar, F|100/100
|move|p2a: Ogerpon|Play Rough|p1a: Slowking
|-resisted|p1a: Slowking
|-damage|p1a: Slowking|86/100
|
|upkeep
|turn|7
|
|t:|1759051650
|move|p2a: Ogerpon|Ivy Cudgel|p1a: Slowking|[anim] Ivy Cudgel Water
|-damage|p1a: Slowking|36/100
|move|p1a: Slowking|Psyshock|p2a: Ogerpon
|-damage|p2a: Ogerpon|60/100
|
|upkeep
|turn|8
|
|t:|1759051665
|switch|p1a: Ogerpon|Ogerpon-Wellspring, F|100/100
|move|p2a: Ogerpon|Ivy Cudgel|p1a: Ogerpon|[anim] Ivy Cudgel Water
|-immune|p1a: Ogerpon|[from] ability: Water Absorb
|
|upkeep
|turn|9
|
|t:|1759051673
|move|p2a: Ogerpon|Play Rough|p1a: Ogerpon
|-damage|p1a: Ogerpon|51/100
|move|p1a: Ogerpon|U-turn|p2a: Ogerpon
|-supereffective|p2a: Ogerpon
|-damage|p2a: Ogerpon|0 fnt
|faint|p2a: Ogerpon
|
|t:|1759051686
|switch|p1a: Dragonite|Dragonite, F|24/100|[from] U-turn
|
|-heal|p1a: Dragonite|31/100|[from] item: Leftovers
|upkeep
|
|t:|1759051707
|switch|p2a: Morpeko|Morpeko, M|100/100
|turn|10
|
|t:|1759051711
|move|p2a: Morpeko|Knock Off|p1a: Dragonite
|-damage|p1a: Dragonite|0 fnt
|-enditem|p1a: Dragonite|Leftovers|[from] move: Knock Off|[of] p2a: Morpeko
|faint|p1a: Dragonite
|
|-formechange|p2a: Morpeko|Morpeko-Hangry||[from] ability: Hunger Switch
|upkeep
|
|t:|1759051727
|switch|p1a: Kingambit|Kingambit, F|100/100
|-activate|p1a: Kingambit|ability: Supreme Overlord
|-start|p1a: Kingambit|fallen1|[silent]
|turn|11
|
|t:|1759051734
|move|p2a: Morpeko|Parting Shot|p1a: Kingambit
|-unboost|p1a: Kingambit|atk|1
|-unboost|p1a: Kingambit|spa|1
|
|t:|1759051737
|switch|p2a: Landorus|Landorus-Therian, M|84/100|[from] Parting Shot
|-ability|p2a: Landorus|Intimidate|boost
|-unboost|p1a: Kingambit|atk|1
|move|p1a: Kingambit|Iron Head|p2a: Landorus
|-damage|p2a: Landorus|53/100
|
|upkeep
|turn|12
|
|t:|1759051748
|-end|p1a: Kingambit|fallen1|[silent]
|switch|p1a: Slowking|Slowking-Galar, F|69/100
|move|p2a: Landorus|U-turn|p1a: Slowking
|-damage|p1a: Slowking|49/100
|
|t:|1759051757
|switch|p2a: Morpeko|Morpeko, M|100/100|[from] U-turn
|
|-formechange|p2a: Morpeko|Morpeko-Hangry||[from] ability: Hunger Switch
|upkeep
|turn|13
|
|t:|1759051765
|switch|p1a: Great Tusk|Great Tusk|91/100
|move|p2a: Morpeko|Knock Off|p1a: Great Tusk
|-resisted|p1a: Great Tusk
|-damage|p1a: Great Tusk|77/100
|-damage|p2a: Morpeko|84/100|[from] item: Rocky Helmet|[of] p1a: Great Tusk
|-enditem|p1a: Great Tusk|Rocky Helmet|[from] move: Knock Off|[of] p2a: Morpeko
|
|-formechange|p2a: Morpeko|Morpeko||[from] ability: Hunger Switch
|upkeep
|turn|14
|
|t:|1759051775
|move|p2a: Morpeko|Parting Shot|p1a: Great Tusk
|-unboost|p1a: Great Tusk|atk|1
|-unboost|p1a: Great Tusk|spa|1
|
|t:|1759051778
|switch|p2a: Landorus|Landorus-Therian, M|53/100|[from] Parting Shot
|-ability|p2a: Landorus|Intimidate|boost
|-unboost|p1a: Great Tusk|atk|1
|move|p1a: Great Tusk|Ice Spinner|p2a: Landorus
|-supereffective|p2a: Landorus
|-damage|p2a: Landorus|0 fnt
|faint|p2a: Landorus
|
|upkeep
|
|t:|1759051790
|switch|p2a: Clefable|Clefable, F|100/100
|-damage|p2a: Clefable|88/100|[from] Stealth Rock
|turn|15
|
|t:|1759051796
|-end|p1a: Great Tusk|Protosynthesis|[silent]
|switch|p1a: Slowking|Slowking-Galar, F|83/100
|move|p2a: Clefable|Cosmic Power|p2a: Clefable
|-boost|p2a: Clefable|def|1
|-boost|p2a: Clefable|spd|1
|
|-heal|p2a: Clefable|94/100|[from] item: Leftovers
|upkeep
|turn|16
|
|t:|1759051806
|-terastallize|p2a: Clefable|Steel
|move|p2a: Clefable|Cosmic Power|p2a: Clefable
|-boost|p2a: Clefable|def|1
|-boost|p2a: Clefable|spd|1
|move|p1a: Slowking|Sludge Bomb|p2a: Clefable
|-immune|p2a: Clefable
|
|-heal|p2a: Clefable|99/100|[from] item: Leftovers
|upkeep
|turn|17
|
|t:|1759051818
|switch|p1a: Ogerpon|Ogerpon-Wellspring, F|51/100
|move|p2a: Clefable|Cosmic Power|p2a: Clefable
|-boost|p2a: Clefable|def|1
|-boost|p2a: Clefable|spd|1
|
|-heal|p2a: Clefable|100/100|[from] item: Leftovers
|upkeep
|turn|18
|
|t:|1759051828
|move|p1a: Ogerpon|Taunt|p2a: Clefable
|-start|p2a: Clefable|move: Taunt
|move|p2a: Clefable|Stored Power|p1a: Ogerpon
|-damage|p1a: Ogerpon|6/100
|
|upkeep
|turn|19
|
|t:|1759051839
|move|p1a: Ogerpon|U-turn|p2a: Clefable
|-resisted|p2a: Clefable
|-damage|p2a: Clefable|95/100
|
|t:|1759051843
|switch|p1a: Kingambit|Kingambit, F|100/100|[from] U-turn
|-activate|p1a: Kingambit|ability: Supreme Overlord
|-start|p1a: Kingambit|fallen1|[silent]
|move|p2a: Clefable|Moonblast|p1a: Kingambit
|-damage|p1a: Kingambit|59/100
|
|-heal|p1a: Kingambit|65/100|[from] item: Leftovers
|-heal|p2a: Clefable|100/100|[from] item: Leftovers
|upkeep
|turn|20
|
|t:|1759051856
|move|p1a: Kingambit|Swords Dance|p1a: Kingambit
|-boost|p1a: Kingambit|atk|2
|move|p2a: Clefable|Moonblast|p1a: Kingambit
|-damage|p1a: Kingambit|23/100
|
|-heal|p1a: Kingambit|29/100|[from] item: Leftovers
|-end|p2a: Clefable|move: Taunt
|upkeep
|turn|21
|
|t:|1759051867
|move|p1a: Kingambit|Kowtow Cleave|p2a: Clefable
|-damage|p2a: Clefable|76/100
|move|p2a: Clefable|Moonblast|p1a: Kingambit
|-damage|p1a: Kingambit|0 fnt
|faint|p1a: Kingambit
|-end|p1a: Kingambit|fallen1|[silent]
|
|-heal|p2a: Clefable|82/100|[from] item: Leftovers
|upkeep
|
|t:|1759051877
|switch|p1a: Great Tusk|Great Tusk|77/100
|turn|22
|
|t:|1759051881
|move|p1a: Great Tusk|Headlong Rush|p2a: Clefable
|-supereffective|p2a: Clefable
|-damage|p2a: Clefable|27/100
|-unboost|p1a: Great Tusk|def|1
|-unboost|p1a: Great Tusk|spd|1
|move|p2a: Clefable|Stored Power|p1a: Great Tusk
|-supereffective|p1a: Great Tusk
|-damage|p1a: Great Tusk|0 fnt
|faint|p1a: Great Tusk
|-end|p1a: Great Tusk|Protosynthesis|[silent]
|
|-heal|p2a: Clefable|33/100|[from] item: Leftovers
|upkeep
|
|t:|1759051897
|switch|p1a: Iron Valiant|Iron Valiant|100/100
|-enditem|p1a: Iron Valiant|Booster Energy
|-activate|p1a: Iron Valiant|ability: Quark Drive|[fromitem]
|-start|p1a: Iron Valiant|quarkdrivespe
|turn|23
|
|t:|1759051918
|-terastallize|p1a: Iron Valiant|Ghost
|move|p1a: Iron Valiant|Calm Mind|p1a: Iron Valiant
|-boost|p1a: Iron Valiant|spa|1
|-boost|p1a: Iron Valiant|spd|1
|move|p2a: Clefable|Moonlight|p2a: Clefable
|-heal|p2a: Clefable|83/100
|
|-heal|p2a: Clefable|90/100|[from] item: Leftovers
|upkeep
|turn|24
|
|t:|1759051933
|move|p1a: Iron Valiant|Shadow Ball|p2a: Clefable
|-damage|p2a: Clefable|74/100
|move|p2a: Clefable|Cosmic Power|p2a: Clefable
|-boost|p2a: Clefable|def|1
|-boost|p2a: Clefable|spd|1
|
|-heal|p2a: Clefable|80/100|[from] item: Leftovers
|upkeep
|turn|25
|inactive|sheng0212 has 120 seconds left.
|
|t:|1759051948
|move|p1a: Iron Valiant|Shadow Ball|p2a: Clefable
|-damage|p2a: Clefable|68/100
|move|p2a: Clefable|Cosmic Power|p2a: Clefable
|-boost|p2a: Clefable|def|1
|-boost|p2a: Clefable|spd|1
|
|-heal|p2a: Clefable|74/100|[from] item: Leftovers
|upkeep
|turn|26
|-message|sheng0212 forfeited.
|
|win|teto mono
|raw|sheng0212's rating: 1265 &rarr; <strong>1237</strong><br />(-28 for losing)
|raw|teto mono's rating: 1218 &rarr; <strong>1246</strong><br />(+28 for winning)
|l|☆sheng0212
|player|p1|
|l|☆teto mono
|player|p2|
