|badge|p1|silver|gen9ou|30-6
|html|<div class="broadcast-red"><strong>This battle is required to be public due to one or more player having a season medal.</strong><br />During the public phase, you can discuss the state of the ladder <a href="/seasondiscussion">in a special chatroom.</a></div>
|uhtml|medal-msg|<div class="broadcast-blue">Curious what those medals under the avatar are? PS now has Ladder Seasons! For more information, check out the <a href="https://www.smogon.com/forums/threads/3740067/">thread on Smogon.</a></div>
|badge|p2|bronze|gen9ou|100-6
|uhtml|medal-msg|<div class="broadcast-blue">Curious what those medals under the avatar are? PS now has Ladder Seasons! For more information, check out the <a href="https://www.smogon.com/forums/threads/3740067/">thread on Smogon.</a></div>
|raw|<div class="broadcast-blue"><strong>This battle is required to be public due to a player having a name starting with 'medal'.</div>
|j|☆Ctannn
|j|☆Dr Greg H
|t:|1759044529
|gametype|singles
|player|p1|Ctannn|2|1904
|player|p2|Dr Greg H|pokemonbreeder-gen4|1854
|gen|9
|tier|[Gen 9] OU
|rated|
|rule|HP Percentage Mod: HP is shown in percentages
|rule|Endless Battle Clause: Forcing endless battles is banned
|rule|Species Clause: Limit one of each Pokémon
|rule|OHKO Clause: OHKO moves are banned
|rule|Evasion Items Clause: Evasion items are banned
|rule|Evasion Moves Clause: Evasion moves are banned
|rule|Evasion Abilities Clause: Evasion abilities are banned
|rule|Sleep Moves Clause: Sleep-inducing moves are banned
|clearpoke
|poke|p1|Rillaboom, M|
|poke|p1|Garganacl, F|
|poke|p1|Cinderace, M|
|poke|p1|Raging Bolt|
|poke|p1|Slowking-Galar, F|
|poke|p1|Landorus-Therian, M|
|poke|p2|Darkrai|
|poke|p2|Alomomola, M|
|poke|p2|Corviknight, F|
|poke|p2|Weezing-Galar, M|
|poke|p2|Lokix, F|
|poke|p2|Landorus-Therian, M|
|teampreview
|inactive|Battle timer is ON: inactive players will automatically lose when time's up. (requested by Dr Greg H)
|
|t:|1759044546
|teamsize|p1|6
|teamsize|p2|6
|start
|switch|p1a: Cinderace|Cinderace, M|100/100
|switch|p2a: Darkrai|Darkrai|100/100
|turn|1
|
|t:|1759044556
|-terastallize|p2a: Darkrai|Dark
|move|p2a: Darkrai|Dark Pulse|p1a: Cinderace
|-damage|p1a: Cinderace|0 fnt
|faint|p1a: Cinderace
|
|upkeep
|
|t:|1759044562
|switch|p1a: Garganacl|Garganacl, F|100/100
|turn|2
|
|t:|1759044567
|-terastallize|p1a: Garganacl|Fairy
|move|p2a: Darkrai|Dark Pulse|p1a: Garganacl
|-resisted|p1a: Garganacl
|-damage|p1a: Garganacl|73/100
|move|p1a: Garganacl|Curse|p1a: Garganacl
|-unboost|p1a: Garganacl|spe|1
|-boost|p1a: Garganacl|atk|1
|-boost|p1a: Garganacl|def|1
|
|-heal|p1a: Garganacl|79/100|[from] item: Leftovers
|upkeep
|turn|3
|
|t:|1759044570
|switch|p2a: Weezing|Weezing-Galar, M|100/100
|-ability|p2a: Weezing|Neutralizing Gas
|move|p1a: Garganacl|Salt Cure|p2a: Weezing
|-damage|p2a: Weezing|87/100
|-start|p2a: Weezing|Salt Cure
|
|-heal|p1a: Garganacl|85/100|[from] item: Leftovers
|-damage|p2a: Weezing|74/100|[from] Salt Cure
|upkeep
|turn|4
|
|t:|1759044573
|move|p1a: Garganacl|Protect|p1a: Garganacl
|-singleturn|p1a: Garganacl|Protect
|move|p2a: Weezing|Will-O-Wisp|p1a: Garganacl
|-activate|p1a: Garganacl|move: Protect
|
|-heal|p1a: Garganacl|92/100|[from] item: Leftovers
|-damage|p2a: Weezing|62/100|[from] Salt Cure
|upkeep
|turn|5
|
|t:|1759044576
|switch|p1a: Slowking|Slowking-Galar, F|100/100
|move|p2a: Weezing|Will-O-Wisp|p1a: Slowking|[miss]
|-miss|p2a: Weezing|p1a: Slowking
|
|-damage|p2a: Weezing|50/100|[from] Salt Cure
|upkeep
|turn|6
|
|t:|1759044580
|-end|p2a: Weezing|ability: Neutralizing Gas
|switch|p2a: Corviknight|Corviknight, F|100/100
|-ability|p2a: Corviknight|Pressure
|move|p1a: Slowking|Psychic|p2a: Corviknight
|-resisted|p2a: Corviknight
|-damage|p2a: Corviknight|85/100
|
|upkeep
|turn|7
|
|t:|1759044587
|switch|p2a: Darkrai|Darkrai, tera:Dark|100/100
|move|p1a: Slowking|Future Sight|p2a: Darkrai
|-start|p1a: Slowking|move: Future Sight
|
|upkeep
|turn|8
|
|t:|1759044589
|move|p2a: Darkrai|Dark Pulse|p1a: Slowking
|-supereffective|p1a: Slowking
|-damage|p1a: Slowking|0 fnt
|faint|p1a: Slowking
|
|upkeep
|
|t:|1759044595
|switch|p1a: Raging Bolt|Raging Bolt|100/100
|turn|9
|
|t:|1759044599
|move|p2a: Darkrai|Dark Pulse|p1a: Raging Bolt
|-damage|p1a: Raging Bolt|16/100
|cant|p1a: Raging Bolt|flinch
|
|-end|p2a: Darkrai|move: Future Sight
|-immune|p2a: Darkrai
|upkeep
|turn|10
|
|t:|1759044604
|-end|p1a: Raging Bolt|Protosynthesis|[silent]
|switch|p1a: Garganacl|Garganacl, F, tera:Fairy|92/100
|move|p2a: Darkrai|Dark Pulse|p1a: Garganacl
|-resisted|p1a: Garganacl
|-damage|p1a: Garganacl|63/100
|
|-heal|p1a: Garganacl|69/100|[from] item: Leftovers
|upkeep
|turn|11
|
|t:|1759044609
|switch|p2a: Weezing|Weezing-Galar, M|50/100
|-ability|p2a: Weezing|Neutralizing Gas
|move|p1a: Garganacl|Salt Cure|p2a: Weezing
|-damage|p2a: Weezing|41/100
|-start|p2a: Weezing|Salt Cure
|
|-heal|p1a: Garganacl|75/100|[from] item: Leftovers
|-damage|p2a: Weezing|28/100|[from] Salt Cure
|upkeep
|turn|12
|
|t:|1759044611
|-end|p2a: Weezing|ability: Neutralizing Gas
|switch|p2a: Alomomola|Alomomola, M|100/100
|switch|p1a: Raging Bolt|Raging Bolt|16/100
|
|upkeep
|turn|13
|
|t:|1759044617
|move|p1a: Raging Bolt|Draco Meteor|p2a: Alomomola
|-damage|p2a: Alomomola|33/100
|-unboost|p1a: Raging Bolt|spa|2
|move|p2a: Alomomola|Mirror Coat|p1a: Raging Bolt
|-damage|p1a: Raging Bolt|0 fnt
|faint|p1a: Raging Bolt
|-end|p1a: Raging Bolt|Protosynthesis|[silent]
|
|upkeep
|
|t:|1759044620
|switch|p1a: Garganacl|Garganacl, F, tera:Fairy|75/100
|turn|14
|j| 12345678but
|
|t:|1759044627
|move|p2a: Alomomola|Flip Turn|p1a: Garganacl
|-damage|p1a: Garganacl|64/100
|
|t:|1759044629
|switch|p2a: Weezing|Weezing-Galar, M|28/100|[from] Flip Turn
|-ability|p2a: Weezing|Neutralizing Gas
|move|p1a: Garganacl|Salt Cure|p2a: Weezing
|-damage|p2a: Weezing|19/100
|-start|p2a: Weezing|Salt Cure
|
|-heal|p1a: Garganacl|70/100|[from] item: Leftovers
|-damage|p2a: Weezing|7/100|[from] Salt Cure
|upkeep
|turn|15
|l| 12345678but
|
|t:|1759044637
|-end|p2a: Weezing|ability: Neutralizing Gas
|switch|p2a: Darkrai|Darkrai, tera:Dark|100/100
|move|p1a: Garganacl|Protect||[still]
|-fail|p1a: Garganacl
|
|-heal|p1a: Garganacl|76/100|[from] item: Leftovers
|upkeep
|turn|16
|
|t:|1759044641
|move|p1a: Garganacl|Protect|p1a: Garganacl
|-singleturn|p1a: Garganacl|Protect
|move|p2a: Darkrai|Sludge Bomb|p1a: Garganacl
|-activate|p1a: Garganacl|move: Protect
|
|-heal|p1a: Garganacl|83/100|[from] item: Leftovers
|upkeep
|turn|17
|
|t:|1759044646
|switch|p1a: Landorus|Landorus-Therian, M|100/100
|-ability|p1a: Landorus|Intimidate|boost
|-unboost|p2a: Darkrai|atk|1
|move|p2a: Darkrai|Sludge Bomb|p1a: Landorus
|-resisted|p1a: Landorus
|-damage|p1a: Landorus|77/100
|
|upkeep
|turn|18
|
|t:|1759044648
|switch|p2a: Landorus|Landorus-Therian, M|100/100
|-ability|p2a: Landorus|Intimidate|boost
|-unboost|p1a: Landorus|atk|1
|switch|p1a: Garganacl|Garganacl, F, tera:Fairy|83/100
|
|-heal|p1a: Garganacl|89/100|[from] item: Leftovers
|upkeep
|turn|19
|
|t:|1759044654
|move|p2a: Landorus|Earthquake|p1a: Garganacl
|-damage|p1a: Garganacl|53/100
|move|p1a: Garganacl|Salt Cure|p2a: Landorus
|-damage|p2a: Landorus|83/100
|-start|p2a: Landorus|Salt Cure
|
|-heal|p1a: Garganacl|59/100|[from] item: Leftovers
|-damage|p2a: Landorus|71/100|[from] Salt Cure
|upkeep
|turn|20
|
|t:|1759044658
|switch|p2a: Darkrai|Darkrai, tera:Dark|100/100
|move|p1a: Garganacl|Recover|p1a: Garganacl
|-heal|p1a: Garganacl|100/100
|
|upkeep
|turn|21
|
|t:|1759044660
|move|p1a: Garganacl|Protect|p1a: Garganacl
|-singleturn|p1a: Garganacl|Protect
|move|p2a: Darkrai|Sludge Bomb|p1a: Garganacl
|-activate|p1a: Garganacl|move: Protect
|
|upkeep
|turn|22
|
|t:|1759044664
|move|p2a: Darkrai|Sludge Bomb|p1a: Garganacl
|-supereffective|p1a: Garganacl
|-damage|p1a: Garganacl|39/100
|move|p1a: Garganacl|Salt Cure|p2a: Darkrai
|-damage|p2a: Darkrai|82/100
|-start|p2a: Darkrai|Salt Cure
|
|-heal|p1a: Garganacl|45/100|[from] item: Leftovers
|-damage|p2a: Darkrai|70/100|[from] Salt Cure
|upkeep
|turn|23
|j| amimec
|
|t:|1759044669
|move|p1a: Garganacl|Protect|p1a: Garganacl
|-singleturn|p1a: Garganacl|Protect
|move|p2a: Darkrai|Sludge Bomb|p1a: Garganacl
|-activate|p1a: Garganacl|move: Protect
|
|-heal|p1a: Garganacl|51/100|[from] item: Leftovers
|-damage|p2a: Darkrai|57/100|[from] Salt Cure
|upkeep
|turn|24
|
|t:|1759044672
|move|p2a: Darkrai|Sludge Bomb|p1a: Garganacl
|-supereffective|p1a: Garganacl
|-damage|p1a: Garganacl|0 fnt
|faint|p1a: Garganacl
|
|-damage|p2a: Darkrai|45/100|[from] Salt Cure
|upkeep
|-message|Ctannn forfeited.
|
|win|Dr Greg H
|raw|Ctannn's rating: 1904 &rarr; <strong>1881</strong><br />(-23 for losing)
|raw|Dr Greg H's rating: 1854 &rarr; <strong>1877</strong><br />(+23 for winning)
|l|☆Ctannn
|player|p1|
|l|☆Dr Greg H
|player|p2|
|j| locked in bro
|l| locked in bro
