|j|☆jarm2532
|j|☆Cinerath
|t:|1759000227
|gametype|singles
|player|p1|jarm2532|ethan|1455
|player|p2|Cinerath|brycen|1453
|gen|9
|tier|[Gen 9] OU
|rated|
|rule|HP Percentage Mod: HP is shown in percentages
|rule|Endless Battle Clause: Forcing endless battles is banned
|rule|Species Clause: Limit one of each Pokémon
|rule|OHKO Clause: OHKO moves are banned
|rule|Evasion Items Clause: Evasion items are banned
|rule|Evasion Moves Clause: Evasion moves are banned
|rule|Evasion Abilities Clause: Evasion abilities are banned
|rule|Sleep Moves Clause: Sleep-inducing moves are banned
|clearpoke
|poke|p1|Tyranitar, M|
|poke|p1|Excadrill, M|
|poke|p1|Dragapult, M|
|poke|p1|Heatran, M|
|poke|p1|Hydrapple, M|
|poke|p1|Deoxys-Speed|
|poke|p2|Ribombee, M|
|poke|p2|Cinderace, F|
|poke|p2|Serperior, F|
|poke|p2|Malamar, F|
|poke|p2|Dragapult, M|
|poke|p2|Bisharp, F|
|teampreview
|inactive|Battle timer is ON: inactive players will automatically lose when time's up. (requested by Cinerath)
|
|t:|1759000231
|teamsize|p1|6
|teamsize|p2|6
|start
|switch|p1a: Deoxys|Deoxys-Speed|100/100
|switch|p2a: Ribombee|Ribombee, M|100/100
|-ability|p1a: Deoxys|Pressure
|turn|1
|
|t:|1759000238
|move|p1a: Deoxys|Taunt|p2a: Ribombee
|-start|p2a: Ribombee|move: Taunt
|cant|p2a: Ribombee|move: Taunt|Stun Spore
|
|upkeep
|turn|2
|
|t:|1759000245
|switch|p2a: Bisharp|Bisharp, F|100/100
|move|p1a: Deoxys|Psycho Boost|p2a: Bisharp
|-immune|p2a: Bisharp
|
|upkeep
|turn|3
|
|t:|1759000251
|switch|p2a: Dragapult|Dragapult, M|100/100
|move|p1a: Deoxys|Superpower|p2a: Dragapult
|-immune|p2a: Dragapult
|
|upkeep
|turn|4
|
|t:|1759000260
|switch|p1a: Heatran|Heatran, M, shiny|100/100
|move|p2a: Dragapult|Dragon Darts|p1a: Heatran
|-resisted|p1a: Heatran
|-damage|p1a: Heatran|89/100
|-anim|p2a: Dragapult|Dragon Darts|p1a: Heatran
|-resisted|p1a: Heatran
|-damage|p1a: Heatran|79/100
|-damage|p2a: Dragapult|91/100|[from] item: Life Orb
|
|-heal|p1a: Heatran|85/100|[from] item: Leftovers
|upkeep
|turn|5
|
|t:|1759000272
|switch|p2a: Cinderace|Cinderace, F|100/100
|move|p1a: Heatran|Magma Storm|p2a: Cinderace
|-resisted|p2a: Cinderace
|-damage|p2a: Cinderace|72/100
|-activate|p2a: Cinderace|move: Magma Storm|[of] p1a: Heatran
|
|-heal|p1a: Heatran|91/100|[from] item: Leftovers
|-damage|p2a: Cinderace|59/100|[from] move: Magma Storm|[partiallytrapped]
|upkeep
|turn|6
|
|t:|1759000284
|move|p2a: Cinderace|Pyro Ball|p1a: Heatran
|-damage|p1a: Heatran|41/100
|move|p1a: Heatran|Earth Power|p2a: Cinderace
|-supereffective|p2a: Cinderace
|-damage|p2a: Cinderace|0 fnt
|faint|p2a: Cinderace
|
|-heal|p1a: Heatran|47/100|[from] item: Leftovers
|upkeep
|
|t:|1759000289
|switch|p2a: Ribombee|Ribombee, M|100/100
|turn|7
|
|t:|1759000302
|move|p2a: Ribombee|Sticky Web|p1a: Heatran
|-sidestart|p1: jarm2532|move: Sticky Web
|move|p1a: Heatran|Stealth Rock|p2a: Ribombee
|-sidestart|p2: Cinerath|move: Stealth Rock
|
|-heal|p1a: Heatran|54/100|[from] item: Leftovers
|upkeep
|turn|8
|
|t:|1759000315
|move|p2a: Ribombee|Stun Spore|p1a: Heatran
|-status|p1a: Heatran|par
|move|p1a: Heatran|Magma Storm|p2a: Ribombee
|-supereffective|p2a: Ribombee
|-enditem|p2a: Ribombee|Focus Sash
|-damage|p2a: Ribombee|1/100
|-activate|p2a: Ribombee|move: Magma Storm|[of] p1a: Heatran
|
|-heal|p1a: Heatran|60/100 par|[from] item: Leftovers
|-damage|p2a: Ribombee|0 fnt|[from] move: Magma Storm|[partiallytrapped]
|faint|p2a: Ribombee
|upkeep
|
|t:|1759000320
|switch|p2a: Malamar|Malamar, F|100/100
|-damage|p2a: Malamar|88/100|[from] Stealth Rock
|turn|9
|
|t:|1759000331
|switch|p1a: Dragapult|Dragapult, M, shiny|100/100
|move|p2a: Malamar|Knock Off|p1a: Dragapult
|-supereffective|p1a: Dragapult
|-damage|p1a: Dragapult|0 fnt
|-enditem|p1a: Dragapult|Heavy-Duty Boots|[from] move: Knock Off|[of] p2a: Malamar
|faint|p1a: Dragapult
|
|-heal|p2a: Malamar|94/100|[from] item: Leftovers
|upkeep
|
|t:|1759000339
|switch|p1a: Hydrapple|Hydrapple, M, shiny|100/100
|-activate|p1a: Hydrapple|move: Sticky Web
|-unboost|p1a: Hydrapple|spe|1
|turn|10
|
|t:|1759000353
|switch|p2a: Bisharp|Bisharp, F|100/100
|-damage|p2a: Bisharp|94/100|[from] Stealth Rock
|move|p1a: Hydrapple|Nasty Plot|p1a: Hydrapple
|-boost|p1a: Hydrapple|spa|2
|
|upkeep
|turn|11
|
|t:|1759000362
|move|p2a: Bisharp|Iron Head|p1a: Hydrapple
|-damage|p1a: Hydrapple|74/100
|-damage|p2a: Bisharp|78/100|[from] item: Rocky Helmet|[of] p1a: Hydrapple
|cant|p1a: Hydrapple|flinch
|
|upkeep
|turn|12
|
|t:|1759000368
|move|p2a: Bisharp|Iron Head|p1a: Hydrapple
|-damage|p1a: Hydrapple|49/100
|-damage|p2a: Bisharp|61/100|[from] item: Rocky Helmet|[of] p1a: Hydrapple
|move|p1a: Hydrapple|Earth Power|p2a: Bisharp
|-supereffective|p2a: Bisharp
|-damage|p2a: Bisharp|0 fnt
|faint|p2a: Bisharp
|
|upkeep
|
|t:|1759000374
|switch|p2a: Dragapult|Dragapult, M|91/100
|-damage|p2a: Dragapult|78/100|[from] Stealth Rock
|turn|13
|
|t:|1759000393
|switch|p1a: Tyranitar|Tyranitar, M, shiny|100/100
|-activate|p1a: Tyranitar|move: Sticky Web
|-unboost|p1a: Tyranitar|spe|1
|-weather|Sandstorm|[from] ability: Sand Stream|[of] p1a: Tyranitar
|move|p2a: Dragapult|Dragon Darts|p1a: Tyranitar
|-damage|p1a: Tyranitar|79/100
|-anim|p2a: Dragapult|Dragon Darts|p1a: Tyranitar
|-damage|p1a: Tyranitar|56/100
|-damage|p2a: Dragapult|69/100|[from] item: Life Orb
|
|-weather|Sandstorm|[upkeep]
|-damage|p2a: Dragapult|63/100|[from] Sandstorm
|upkeep
|turn|14
|
|t:|1759000405
|switch|p1a: Heatran|Heatran, M, shiny|60/100 par
|-activate|p1a: Heatran|move: Sticky Web
|-unboost|p1a: Heatran|spe|1
|move|p2a: Dragapult|Dragon Darts|p1a: Heatran
|-resisted|p1a: Heatran
|-damage|p1a: Heatran|49/100 par
|-anim|p2a: Dragapult|Dragon Darts|p1a: Heatran
|-resisted|p1a: Heatran
|-damage|p1a: Heatran|38/100 par
|-damage|p2a: Dragapult|53/100|[from] item: Life Orb
|
|-weather|Sandstorm|[upkeep]
|-damage|p2a: Dragapult|47/100|[from] Sandstorm
|-heal|p1a: Heatran|44/100 par|[from] item: Leftovers
|upkeep
|turn|15
|
|t:|1759000419
|move|p2a: Dragapult|Thunderbolt|p1a: Heatran
|-damage|p1a: Heatran|23/100 par
|-damage|p2a: Dragapult|37/100|[from] item: Life Orb
|move|p1a: Heatran|Magma Storm|p2a: Dragapult
|-resisted|p2a: Dragapult
|-damage|p2a: Dragapult|4/100
|-activate|p2a: Dragapult|move: Magma Storm|[of] p1a: Heatran
|
|-weather|Sandstorm|[upkeep]
|-damage|p2a: Dragapult|0 fnt|[from] Sandstorm
|faint|p2a: Dragapult
|-heal|p1a: Heatran|29/100 par|[from] item: Leftovers
|upkeep
|
|t:|1759000422
|switch|p2a: Malamar|Malamar, F|94/100
|-damage|p2a: Malamar|82/100|[from] Stealth Rock
|turn|16
|
|t:|1759000449
|move|p2a: Malamar|Superpower|p1a: Heatran
|-supereffective|p1a: Heatran
|-damage|p1a: Heatran|0 fnt
|-boost|p2a: Malamar|atk|1
|-boost|p2a: Malamar|def|1
|-status|p2a: Malamar|brn|[from] ability: Flame Body|[of] p1a: Heatran
|faint|p1a: Heatran
|
|-weather|Sandstorm|[upkeep]
|-damage|p2a: Malamar|76/100 brn|[from] Sandstorm
|-heal|p2a: Malamar|82/100 brn|[from] item: Leftovers
|-damage|p2a: Malamar|76/100 brn|[from] brn
|upkeep
|inactive|jarm2532 has 120 seconds left.
|
|t:|1759000471
|switch|p1a: Hydrapple|Hydrapple, M, shiny|82/100
|-activate|p1a: Hydrapple|move: Sticky Web
|-unboost|p1a: Hydrapple|spe|1
|turn|17
|
|t:|1759000478
|move|p2a: Malamar|Skill Swap|p1a: Hydrapple
|-activate|p2a: Malamar|move: Skill Swap|Regenerator|Contrary|[of] p1a: Hydrapple
|move|p1a: Hydrapple|Nasty Plot|p1a: Hydrapple
|-unboost|p1a: Hydrapple|spa|2
|
|-weather|none
|-heal|p2a: Malamar|82/100 brn|[from] item: Leftovers
|-damage|p2a: Malamar|76/100 brn|[from] brn
|upkeep
|turn|18
|inactive|jarm2532 has 120 seconds left.
|
|t:|1759000487
|switch|p2a: Serperior|Serperior, F|100/100
|-damage|p2a: Serperior|88/100|[from] Stealth Rock
|switch|p1a: Deoxys|Deoxys-Speed|100/100
|-activate|p1a: Deoxys|move: Sticky Web
|-unboost|p1a: Deoxys|spe|1
|-ability|p1a: Deoxys|Pressure
|-enditem|p1a: Deoxys|Eject Pack
|inactive|jarm2532 has 120 seconds left.
|
|t:|1759000499
|switch|p1a: Tyranitar|Tyranitar, M, shiny|56/100
|-activate|p1a: Tyranitar|move: Sticky Web
|-unboost|p1a: Tyranitar|spe|1
|-weather|Sandstorm|[from] ability: Sand Stream|[of] p1a: Tyranitar
|
|-weather|Sandstorm|[upkeep]
|-damage|p2a: Serperior|82/100|[from] Sandstorm
|upkeep
|turn|19
|inactive|jarm2532 has 120 seconds left.
|
|t:|1759000508
|-terastallize|p1a: Tyranitar|Flying
|move|p2a: Serperior|Substitute|p2a: Serperior
|-start|p2a: Serperior|Substitute
|-damage|p2a: Serperior|57/100
|move|p1a: Tyranitar|Ice Punch|p2a: Serperior
|-supereffective|p2a: Serperior
|-end|p2a: Serperior|Substitute
|
|-weather|Sandstorm|[upkeep]
|-damage|p2a: Serperior|51/100|[from] Sandstorm
|-damage|p1a: Tyranitar|49/100|[from] Sandstorm
|upkeep
|turn|20
|
|t:|1759000518
|move|p2a: Serperior|Substitute|p2a: Serperior
|-start|p2a: Serperior|Substitute
|-damage|p2a: Serperior|26/100
|move|p1a: Tyranitar|Ice Punch|p2a: Serperior
|-supereffective|p2a: Serperior
|-end|p2a: Serperior|Substitute
|
|-weather|Sandstorm|[upkeep]
|-damage|p2a: Serperior|20/100|[from] Sandstorm
|-damage|p1a: Tyranitar|43/100|[from] Sandstorm
|upkeep
|turn|21
|
|t:|1759000525
|-terastallize|p2a: Serperior|Stellar
|move|p2a: Serperior|Tera Blast|p1a: Tyranitar|[anim] Tera Blast Stellar
|-supereffective|p1a: Tyranitar
|-damage|p1a: Tyranitar|0 fnt
|-boost|p2a: Serperior|atk|1
|-boost|p2a: Serperior|spa|1
|faint|p1a: Tyranitar
|
|-weather|Sandstorm|[upkeep]
|-damage|p2a: Serperior|14/100|[from] Sandstorm
|upkeep
|
|t:|1759000534
|switch|p1a: Excadrill|Excadrill, M, shiny|100/100
|-activate|p1a: Excadrill|move: Sticky Web
|-unboost|p1a: Excadrill|spe|1
|turn|22
|
|t:|1759000542
|move|p1a: Excadrill|Rapid Spin|p2a: Serperior
|-damage|p2a: Serperior|0 fnt
|-boost|p1a: Excadrill|spe|1
|-sideend|p1: jarm2532|Sticky Web|[from] move: Rapid Spin|[of] p1a: Excadrill
|faint|p2a: Serperior
|-damage|p1a: Excadrill|91/100|[from] item: Life Orb
|
|-weather|none
|upkeep
|-message|Cinerath forfeited.
|
|win|jarm2532
|raw|jarm2532's rating: 1455 &rarr; <strong>1475</strong><br />(+20 for winning)
|raw|Cinerath's rating: 1453 &rarr; <strong>1433</strong><br />(-20 for losing)
|l|☆Cinerath
|player|p2|
|l|☆jarm2532
|player|p1|
