|j|☆Click and win
|j|☆Tylericous
|t:|1758992531
|gametype|singles
|player|p1|Click and win|169|1383
|player|p2|Tylericous|102|1341
|gen|9
|tier|[Gen 9] OU
|rated|
|rule|HP Percentage Mod: HP is shown in percentages
|rule|Endless Battle Clause: Forcing endless battles is banned
|rule|Species Clause: Limit one of each Pokémon
|rule|OHKO Clause: OHKO moves are banned
|rule|Evasion Items Clause: Evasion items are banned
|rule|Evasion Moves Clause: Evasion moves are banned
|rule|Evasion Abilities Clause: Evasion abilities are banned
|rule|Sleep Moves Clause: Sleep-inducing moves are banned
|clearpoke
|poke|p1|Quagsire, F|
|poke|p1|Blissey, F|
|poke|p1|Toxapex, M|
|poke|p1|Weezing-Galar, F|
|poke|p1|Gliscor, M|
|poke|p1|Corviknight, F|
|poke|p2|Sunflora, F|
|poke|p2|Torkoal, M|
|poke|p2|Walking Wake|
|poke|p2|Alomomola, F|
|poke|p2|Cinderace, F|
|poke|p2|Iron Hands|
|teampreview
|
|t:|1758992542
|teamsize|p1|6
|teamsize|p2|6
|start
|switch|p1a: Gliscor|Gliscor, M|100/100
|switch|p2a: Sunflora|Sunflora, F|100/100
|turn|1
|inactive|Battle timer is ON: inactive players will automatically lose when time's up. (requested by Click and win)
|
|t:|1758992550
|move|p1a: Gliscor|Protect|p1a: Gliscor
|-singleturn|p1a: Gliscor|Protect
|move|p2a: Sunflora|Leaf Storm|p1a: Gliscor
|-activate|p1a: Gliscor|move: Protect
|
|-status|p1a: Gliscor|tox|[from] item: Toxic Orb
|upkeep
|turn|2
|c|☆Click and win|very unique team
|
|t:|1758992565
|switch|p1a: Blissey|Blissey, F|100/100
|move|p2a: Sunflora|Leaf Storm|p1a: Blissey
|-damage|p1a: Blissey|70/100
|-unboost|p2a: Sunflora|spa|2
|
|-heal|p1a: Blissey|76/100|[from] item: Leftovers
|upkeep
|turn|3
|c|☆Tylericous|I like sunflora so wanted to make a team with it. Sunflora is awful but fun team
|inactive|Tylericous has 120 seconds left.
|
|t:|1758992598
|switch|p2a: Torkoal|Torkoal, M|100/100
|-weather|SunnyDay|[from] ability: Drought|[of] p2a: Torkoal
|move|p1a: Blissey|Stealth Rock|p2a: Torkoal
|-sidestart|p2: Tylericous|move: Stealth Rock
|
|-weather|SunnyDay|[upkeep]
|-heal|p1a: Blissey|82/100|[from] item: Leftovers
|upkeep
|turn|4
|c|☆Click and win|i didnt ask you about your experience
|c|☆Click and win|or why you made the team
|c|☆Click and win|but i quite enjoyed getting to know
|inactive|Click and win has 120 seconds left.
|
|t:|1758992631
|switch|p1a: Toxapex|Toxapex, M|100/100
|move|p2a: Torkoal|Rapid Spin|p1a: Toxapex
|-damage|p1a: Toxapex|92/100
|-boost|p2a: Torkoal|spe|1
|-sideend|p2: Tylericous|Stealth Rock|[from] move: Rapid Spin|[of] p2a: Torkoal
|
|-weather|SunnyDay|[upkeep]
|-heal|p1a: Toxapex|98/100|[from] item: Leftovers
|upkeep
|turn|5
|
|t:|1758992640
|move|p1a: Toxapex|Toxic|p2a: Torkoal
|-status|p2a: Torkoal|tox
|move|p2a: Torkoal|Stealth Rock|p1a: Toxapex
|-sidestart|p1: Click and win|move: Stealth Rock
|
|-weather|SunnyDay|[upkeep]
|-heal|p1a: Toxapex|100/100|[from] item: Leftovers
|-damage|p2a: Torkoal|94/100 tox|[from] psn
|upkeep
|turn|6
|
|t:|1758992657
|switch|p1a: Blissey|Blissey, F|82/100
|-damage|p1a: Blissey|70/100|[from] Stealth Rock
|switch|p2a: Sunflora|Sunflora, F|100/100
|
|-weather|SunnyDay|[upkeep]
|-damage|p2a: Sunflora|88/100|[from] ability: Solar Power|[of] p2a: Sunflora
|-heal|p1a: Blissey|76/100|[from] item: Leftovers
|upkeep
|turn|7
|
|t:|1758992662
|move|p1a: Blissey|Stealth Rock|p2a: Sunflora
|-sidestart|p2: Tylericous|move: Stealth Rock
|move|p2a: Sunflora|Leaf Storm|p1a: Blissey|[miss]
|-miss|p2a: Sunflora|p1a: Blissey
|
|-weather|SunnyDay|[upkeep]
|-damage|p2a: Sunflora|76/100|[from] ability: Solar Power|[of] p2a: Sunflora
|-heal|p1a: Blissey|82/100|[from] item: Leftovers
|upkeep
|turn|8
|
|t:|1758992667
|move|p1a: Blissey|Shadow Ball|p2a: Sunflora
|-damage|p2a: Sunflora|58/100
|move|p2a: Sunflora|Leaf Storm|p1a: Blissey
|-damage|p1a: Blissey|35/100
|-unboost|p2a: Sunflora|spa|2
|
|-weather|SunnyDay|[upkeep]
|-damage|p2a: Sunflora|46/100|[from] ability: Solar Power|[of] p2a: Sunflora
|-heal|p1a: Blissey|41/100|[from] item: Leftovers
|upkeep
|turn|9
|
|t:|1758992676
|switch|p2a: Cinderace|Cinderace, F|100/100
|-damage|p2a: Cinderace|76/100|[from] Stealth Rock
|move|p1a: Blissey|Soft-Boiled|p1a: Blissey
|-heal|p1a: Blissey|91/100
|
|-weather|SunnyDay|[upkeep]
|-heal|p1a: Blissey|97/100|[from] item: Leftovers
|upkeep
|turn|10
|
|t:|1758992699
|switch|p1a: Toxapex|Toxapex, M|100/100
|-damage|p1a: Toxapex|88/100|[from] Stealth Rock
|move|p2a: Cinderace|Pyro Ball|p1a: Toxapex|[miss]
|-miss|p2a: Cinderace|p1a: Toxapex
|
|-weather|none
|-heal|p1a: Toxapex|94/100|[from] item: Leftovers
|upkeep
|turn|11
|
|t:|1758992707
|switch|p2a: Sunflora|Sunflora, F|46/100
|-damage|p2a: Sunflora|34/100|[from] Stealth Rock
|move|p1a: Toxapex|Toxic|p2a: Sunflora
|-status|p2a: Sunflora|tox
|
|-heal|p1a: Toxapex|99/100|[from] item: Leftovers
|-damage|p2a: Sunflora|27/100 tox|[from] psn
|upkeep
|turn|12
|
|t:|1758992716
|move|p1a: Toxapex|Baneful Bunker|p1a: Toxapex
|-singleturn|p1a: Toxapex|move: Protect
|move|p2a: Sunflora|Earth Power|p1a: Toxapex
|-activate|p1a: Toxapex|move: Protect
|
|-heal|p1a: Toxapex|100/100|[from] item: Leftovers
|-damage|p2a: Sunflora|15/100 tox|[from] psn
|upkeep
|turn|13
|
|t:|1758992719
|switch|p1a: Blissey|Blissey, F|97/100
|-damage|p1a: Blissey|84/100|[from] Stealth Rock
|move|p2a: Sunflora|Earth Power|p1a: Blissey
|-damage|p1a: Blissey|71/100
|
|-heal|p1a: Blissey|77/100|[from] item: Leftovers
|-damage|p2a: Sunflora|0 fnt|[from] psn
|faint|p2a: Sunflora
|upkeep
|
|t:|1758992728
|switch|p2a: Torkoal|Torkoal, M|94/100 tox
|-damage|p2a: Torkoal|69/100 tox|[from] Stealth Rock
|-weather|SunnyDay|[from] ability: Drought|[of] p2a: Torkoal
|turn|14
|
|t:|1758992742
|move|p1a: Blissey|Shadow Ball|p2a: Torkoal
|-damage|p2a: Torkoal|56/100 tox
|move|p2a: Torkoal|Rapid Spin|p1a: Blissey
|-damage|p1a: Blissey|67/100
|-boost|p2a: Torkoal|spe|1
|-sideend|p2: Tylericous|Stealth Rock|[from] move: Rapid Spin|[of] p2a: Torkoal
|
|-weather|SunnyDay|[upkeep]
|-heal|p1a: Blissey|74/100|[from] item: Leftovers
|-damage|p2a: Torkoal|50/100 tox|[from] psn
|upkeep
|turn|15
|
|t:|1758992750
|switch|p2a: Cinderace|Cinderace, F|76/100
|move|p1a: Blissey|Shadow Ball|p2a: Cinderace
|-damage|p2a: Cinderace|56/100
|
|-weather|SunnyDay|[upkeep]
|-heal|p1a: Blissey|80/100|[from] item: Leftovers
|upkeep
|turn|16
|
|t:|1758992757
|switch|p1a: Toxapex|Toxapex, M|100/100
|-damage|p1a: Toxapex|88/100|[from] Stealth Rock
|move|p2a: Cinderace|Pyro Ball|p1a: Toxapex
|-resisted|p1a: Toxapex
|-damage|p1a: Toxapex|40/100
|
|-weather|SunnyDay|[upkeep]
|-heal|p1a: Toxapex|46/100|[from] item: Leftovers
|upkeep
|turn|17
|
|t:|1758992766
|move|p2a: Cinderace|Pyro Ball|p1a: Toxapex
|-resisted|p1a: Toxapex
|-damage|p1a: Toxapex|0 fnt
|faint|p1a: Toxapex
|
|-weather|SunnyDay|[upkeep]
|upkeep
|
|t:|1758992779
|switch|p1a: Quagsire|Quagsire, F|100/100
|-damage|p1a: Quagsire|94/100|[from] Stealth Rock
|turn|18
|
|t:|1758992792
|switch|p2a: Walking Wake|Walking Wake|100/100
|-activate|p2a: Walking Wake|ability: Protosynthesis
|-start|p2a: Walking Wake|protosynthesisspe
|move|p1a: Quagsire|Earthquake|p2a: Walking Wake
|-damage|p2a: Walking Wake|69/100
|
|-weather|SunnyDay|[upkeep]
|-heal|p1a: Quagsire|100/100|[from] item: Leftovers
|upkeep
|turn|19
|
|t:|1758992800
|switch|p1a: Blissey|Blissey, F|80/100
|-damage|p1a: Blissey|67/100|[from] Stealth Rock
|move|p2a: Walking Wake|Knock Off|p1a: Blissey
|-damage|p1a: Blissey|48/100
|-enditem|p1a: Blissey|Leftovers|[from] move: Knock Off|[of] p2a: Walking Wake
|
|-weather|SunnyDay|[upkeep]
|upkeep
|turn|20
|
|t:|1758992809
|-end|p2a: Walking Wake|Protosynthesis|[silent]
|switch|p2a: Iron Hands|Iron Hands|100/100
|move|p1a: Blissey|Soft-Boiled|p1a: Blissey
|-heal|p1a: Blissey|98/100
|
|-weather|SunnyDay|[upkeep]
|upkeep
|turn|21
|
|t:|1758992830
|switch|p1a: Quagsire|Quagsire, F|100/100
|-damage|p1a: Quagsire|94/100|[from] Stealth Rock
|move|p2a: Iron Hands|Close Combat|p1a: Quagsire
|-damage|p1a: Quagsire|44/100
|-unboost|p2a: Iron Hands|def|1
|-unboost|p2a: Iron Hands|spd|1
|
|-weather|none
|-heal|p1a: Quagsire|50/100|[from] item: Leftovers
|upkeep
|turn|22
|inactive|Click and win has 120 seconds left.
|
|t:|1758992851
|switch|p1a: Weezing|Weezing-Galar, F|100/100
|-ability|p1a: Weezing|Neutralizing Gas
|-damage|p1a: Weezing|88/100|[from] Stealth Rock
|move|p2a: Iron Hands|Close Combat|p1a: Weezing
|-resisted|p1a: Weezing
|-damage|p1a: Weezing|77/100
|-unboost|p2a: Iron Hands|def|1
|-unboost|p2a: Iron Hands|spd|1
|
|-heal|p1a: Weezing|83/100|[from] item: Leftovers
|upkeep
|turn|23
|
|t:|1758992862
|-end|p2a: Iron Hands|Quark Drive|[silent]
|switch|p2a: Torkoal|Torkoal, M|50/100 tox
|move|p1a: Weezing|Will-O-Wisp||[still]
|-fail|p1a: Weezing
|
|-heal|p1a: Weezing|89/100|[from] item: Leftovers
|-damage|p2a: Torkoal|44/100 tox|[from] psn
|upkeep
|turn|24
|
|t:|1758992882
|-end|p1a: Weezing|ability: Neutralizing Gas
|-weather|SunnyDay|[from] ability: Drought|[of] p2a: Torkoal
|switch|p1a: Quagsire|Quagsire, F|50/100
|-damage|p1a: Quagsire|44/100|[from] Stealth Rock
|switch|p2a: Alomomola|Alomomola, F|100/100
|
|-weather|SunnyDay|[upkeep]
|-heal|p1a: Quagsire|50/100|[from] item: Leftovers
|upkeep
|turn|25
|
|t:|1758992889
|move|p2a: Alomomola|Wish|p2a: Alomomola
|move|p1a: Quagsire|Recover|p1a: Quagsire
|-heal|p1a: Quagsire|99/100
|
|-weather|SunnyDay|[upkeep]
|-heal|p1a: Quagsire|100/100|[from] item: Leftovers
|upkeep
|turn|26
|
|t:|1758992901
|switch|p2a: Walking Wake|Walking Wake|69/100
|-activate|p2a: Walking Wake|ability: Protosynthesis
|-start|p2a: Walking Wake|protosynthesisspe
|move|p1a: Quagsire|Earthquake|p2a: Walking Wake
|-damage|p2a: Walking Wake|36/100
|
|-weather|SunnyDay|[upkeep]
|-heal|p2a: Walking Wake|100/100|[from] move: Wish|[wisher] Alomomola
|upkeep
|turn|27
|
|t:|1758992913
|switch|p1a: Blissey|Blissey, F|98/100
|-damage|p1a: Blissey|86/100|[from] Stealth Rock
|move|p2a: Walking Wake|Knock Off|p1a: Blissey
|-damage|p1a: Blissey|74/100
|
|-weather|SunnyDay|[upkeep]
|upkeep
|turn|28
|
|t:|1758992919
|-end|p2a: Walking Wake|Protosynthesis|[silent]
|switch|p2a: Cinderace|Cinderace, F|56/100
|move|p1a: Blissey|Stealth Rock|p2a: Cinderace
|-sidestart|p2: Tylericous|move: Stealth Rock
|
|-weather|SunnyDay|[upkeep]
|upkeep
|turn|29
|
|t:|1758992932
|switch|p1a: Quagsire|Quagsire, F|100/100
|-damage|p1a: Quagsire|94/100|[from] Stealth Rock
|move|p2a: Cinderace|Pyro Ball|p1a: Quagsire
|-resisted|p1a: Quagsire
|-damage|p1a: Quagsire|49/100
|
|-weather|SunnyDay|[upkeep]
|-heal|p1a: Quagsire|55/100|[from] item: Leftovers
|upkeep
|turn|30
|
|t:|1758992940
|-terastallize|p2a: Cinderace|Fire
|move|p2a: Cinderace|Pyro Ball|p1a: Quagsire
|-resisted|p1a: Quagsire
|-damage|p1a: Quagsire|0 fnt
|faint|p1a: Quagsire
|
|-weather|SunnyDay|[upkeep]
|upkeep
|-message|Click and win forfeited.
|
|win|Tylericous
|raw|Click and win's rating: 1383 &rarr; <strong>1361</strong><br />(-22 for losing)
|raw|Tylericous's rating: 1341 &rarr; <strong>1363</strong><br />(+22 for winning)
|l|☆Click and win
|player|p1|
|l|☆Tylericous
|player|p2|
