|j|☆ForestKing0416
|j|☆alex12381723898
|t:|1759008416
|gametype|singles
|player|p1|ForestKing0416|cheryl|1413
|player|p2|alex12381723898|266|1400
|gen|9
|tier|[Gen 9] OU
|rated|
|rule|HP Percentage Mod: HP is shown in percentages
|rule|Endless Battle Clause: Forcing endless battles is banned
|rule|Species Clause: Limit one of each Pokémon
|rule|OHKO Clause: OHKO moves are banned
|rule|Evasion Items Clause: Evasion items are banned
|rule|Evasion Moves Clause: Evasion moves are banned
|rule|Evasion Abilities Clause: Evasion abilities are banned
|rule|Sleep Moves Clause: Sleep-inducing moves are banned
|clearpoke
|poke|p1|Dragalge, F|
|poke|p1|Meowscarada, F|
|poke|p1|Quaquaval, M|
|poke|p1|Skeledirge, F|
|poke|p1|Iron Treads|
|poke|p1|Enamorus, F|
|poke|p2|Darkrai|
|poke|p2|Ogerpon-Wellspring, F|
|poke|p2|Cinderace, M|
|poke|p2|Kyurem|
|poke|p2|Kingambit, M|
|poke|p2|Iron Valiant|
|teampreview
|inactive|Battle timer is ON: inactive players will automatically lose when time's up. (requested by alex12381723898)
|
|t:|1759008431
|teamsize|p1|6
|teamsize|p2|6
|start
|switch|p1a: Iron Treads|Iron Treads|100/100
|switch|p2a: Ogerpon|Ogerpon-Wellspring, F|100/100
|-enditem|p1a: Iron Treads|Booster Energy
|-activate|p1a: Iron Treads|ability: Quark Drive|[fromitem]
|-start|p1a: Iron Treads|quarkdrivespe
|turn|1
|
|t:|1759008446
|-end|p1a: Iron Treads|Quark Drive|[silent]
|switch|p1a: Dragalge|Dragalge, F|100/100
|move|p2a: Ogerpon|Ivy Cudgel|p1a: Dragalge|[anim] Ivy Cudgel Water
|-resisted|p1a: Dragalge
|-damage|p1a: Dragalge|66/100
|
|upkeep
|turn|2
|
|t:|1759008469
|switch|p2a: Kingambit|Kingambit, M|100/100
|move|p1a: Dragalge|Flip Turn|p2a: Kingambit
|-damage|p2a: Kingambit|92/100
|-damage|p1a: Dragalge|49/100|[from] item: Rocky Helmet|[of] p2a: Kingambit
|
|t:|1759008479
|switch|p1a: Enamorus|Enamorus, F|100/100|[from] Flip Turn
|
|upkeep
|turn|3
|
|t:|1759008486
|-end|p2a: Kingambit|fallenundefined|[silent]
|switch|p2a: Cinderace|Cinderace, M|100/100
|move|p1a: Enamorus|Superpower|p2a: Cinderace
|-damage|p2a: Cinderace|59/100
|-boost|p1a: Enamorus|atk|1
|-boost|p1a: Enamorus|def|1
|
|upkeep
|turn|4
|
|t:|1759008506
|move|p1a: Enamorus|Superpower|p2a: Cinderace
|-damage|p2a: Cinderace|0 fnt
|-boost|p1a: Enamorus|atk|1
|-boost|p1a: Enamorus|def|1
|faint|p2a: Cinderace
|
|upkeep
|
|t:|1759008511
|switch|p2a: Iron Valiant|Iron Valiant|100/100
|-enditem|p2a: Iron Valiant|Booster Energy
|-activate|p2a: Iron Valiant|ability: Quark Drive|[fromitem]
|-start|p2a: Iron Valiant|quarkdrivespe
|turn|5
|
|t:|1759008516
|switch|p1a: Dragalge|Dragalge, F|49/100
|move|p2a: Iron Valiant|Calm Mind|p2a: Iron Valiant
|-boost|p2a: Iron Valiant|spa|1
|-boost|p2a: Iron Valiant|spd|1
|
|upkeep
|turn|6
|
|t:|1759008520
|move|p2a: Iron Valiant|Moonblast|p1a: Dragalge
|-damage|p1a: Dragalge|6/100
|move|p1a: Dragalge|Sludge Bomb|p2a: Iron Valiant
|-supereffective|p2a: Iron Valiant
|-damage|p2a: Iron Valiant|0 fnt
|faint|p2a: Iron Valiant
|-end|p2a: Iron Valiant|Quark Drive|[silent]
|
|upkeep
|
|t:|1759008524
|switch|p2a: Kyurem|Kyurem|100/100
|-ability|p2a: Kyurem|Pressure
|turn|7
|
|t:|1759008529
|-terastallize|p2a: Kyurem|Steel
|move|p2a: Kyurem|Dragon Dance|p2a: Kyurem
|-boost|p2a: Kyurem|atk|1
|-boost|p2a: Kyurem|spe|1
|move|p1a: Dragalge|Draco Meteor|p2a: Kyurem
|-resisted|p2a: Kyurem
|-damage|p2a: Kyurem|60/100
|-unboost|p1a: Dragalge|spa|2
|
|upkeep
|turn|8
|
|t:|1759008534
|move|p2a: Kyurem|Icicle Spear|p1a: Dragalge
|-supereffective|p1a: Dragalge
|-damage|p1a: Dragalge|0 fnt
|faint|p1a: Dragalge
|-hitcount|p1: Dragalge|1
|
|upkeep
|
|t:|1759008543
|switch|p1a: Enamorus|Enamorus, F|100/100
|turn|9
|
|t:|1759008572
|-terastallize|p1a: Enamorus|Stellar
|move|p1a: Enamorus|Superpower|p2a: Kyurem
|-supereffective|p2a: Kyurem
|-damage|p2a: Kyurem|0 fnt
|-boost|p1a: Enamorus|atk|1
|-boost|p1a: Enamorus|def|1
|faint|p2a: Kyurem
|
|upkeep
|
|t:|1759008579
|switch|p2a: Darkrai|Darkrai|100/100
|turn|10
|
|t:|1759008584
|move|p1a: Enamorus|Superpower|p2a: Darkrai
|-supereffective|p2a: Darkrai
|-enditem|p2a: Darkrai|Focus Sash
|-damage|p2a: Darkrai|1/100
|-boost|p1a: Enamorus|atk|1
|-boost|p1a: Enamorus|def|1
|move|p2a: Darkrai|Sludge Bomb|p1a: Enamorus
|-supereffective|p1a: Enamorus
|-damage|p1a: Enamorus|1/100
|
|upkeep
|turn|11
|
|t:|1759008593
|move|p1a: Enamorus|Superpower|p2a: Darkrai
|-supereffective|p2a: Darkrai
|-damage|p2a: Darkrai|0 fnt
|-boost|p1a: Enamorus|atk|1
|-boost|p1a: Enamorus|def|1
|faint|p2a: Darkrai
|
|upkeep
|
|t:|1759008596
|switch|p2a: Kingambit|Kingambit, M|92/100
|-activate|p2a: Kingambit|ability: Supreme Overlord
|-start|p2a: Kingambit|fallen4|[silent]
|turn|12
|
|t:|1759008598
|move|p2a: Kingambit|Sucker Punch|p1a: Enamorus
|-resisted|p1a: Enamorus
|-damage|p1a: Enamorus|0 fnt
|faint|p1a: Enamorus
|
|upkeep
|
|t:|1759008600
|switch|p1a: Quaquaval|Quaquaval, M|100/100
|turn|13
|
|t:|1759008607
|move|p1a: Quaquaval|Close Combat|p2a: Kingambit
|-supereffective|p2a: Kingambit
|-damage|p2a: Kingambit|0 fnt
|-unboost|p1a: Quaquaval|def|1
|-unboost|p1a: Quaquaval|spd|1
|-damage|p1a: Quaquaval|84/100|[from] item: Rocky Helmet|[of] p2a: Kingambit
|faint|p2a: Kingambit
|-end|p2a: Kingambit|fallen4|[silent]
|-ability|p1a: Quaquaval|Moxie|boost
|-boost|p1a: Quaquaval|atk|1
|
|-heal|p1a: Quaquaval|90/100|[from] item: Leftovers
|upkeep
|
|t:|1759008609
|switch|p2a: Ogerpon|Ogerpon-Wellspring, F|100/100
|turn|14
|
|t:|1759008613
|move|p2a: Ogerpon|Horn Leech|p1a: Quaquaval
|-supereffective|p1a: Quaquaval
|-damage|p1a: Quaquaval|0 fnt
|faint|p1a: Quaquaval
|
|upkeep
|
|t:|1759008614
|switch|p1a: Meowscarada|Meowscarada, F|100/100
|turn|15
|
|t:|1759008617
|move|p1a: Meowscarada|U-turn|p2a: Ogerpon
|-start|p1a: Meowscarada|typechange|Bug|[from] ability: Protean
|-supereffective|p2a: Ogerpon
|-damage|p2a: Ogerpon|0 fnt
|faint|p2a: Ogerpon
|
|win|ForestKing0416
|raw|ForestKing0416's rating: 1413 &rarr; <strong>1432</strong><br />(+19 for winning)
|raw|alex12381723898's rating: 1400 &rarr; <strong>1381</strong><br />(-19 for losing)
|l|☆alex12381723898
|player|p2|
|l|☆ForestKing0416
|player|p1|
