|j|☆MisterFree
|j|☆Keivankov237
|t:|1758957129
|gametype|singles
|player|p1|MisterFree|1|1158
|player|p2|Keivankov237|2|1172
|gen|9
|tier|[Gen 9] OU
|rated|
|rule|HP Percentage Mod: HP is shown in percentages
|rule|Endless Battle Clause: Forcing endless battles is banned
|rule|Species Clause: Limit one of each Pokémon
|rule|OHKO Clause: OHKO moves are banned
|rule|Evasion Items Clause: Evasion items are banned
|rule|Evasion Moves Clause: Evasion moves are banned
|rule|Evasion Abilities Clause: Evasion abilities are banned
|rule|Sleep Moves Clause: Sleep-inducing moves are banned
|clearpoke
|poke|p1|Torkoal, M|
|poke|p1|Hatterene, F|
|poke|p1|Raging Bolt|
|poke|p1|Slither Wing|
|poke|p1|Venusaur, M|
|poke|p1|Walking Wake|
|poke|p2|Grafaiai, M|
|poke|p2|Mew|
|poke|p2|Salamence, M|
|poke|p2|Zoroark, M|
|poke|p2|Houndoom, M|
|poke|p2|Scyther, M|
|teampreview
|inactive|Battle timer is ON: inactive players will automatically lose when time's up. (requested by Keivankov237)
|
|t:|1758957143
|teamsize|p1|6
|teamsize|p2|6
|start
|switch|p1a: Torkoal|Torkoal, M|100/100
|switch|p2a: Houndoom|Houndoom, M|100/100
|-weather|SunnyDay|[from] ability: Drought|[of] p1a: Torkoal
|turn|1
|
|t:|1758957151
|move|p2a: Houndoom|Swords Dance|p2a: Houndoom
|-boost|p2a: Houndoom|atk|2
|move|p1a: Torkoal|Stealth Rock|p2a: Houndoom
|-sidestart|p2: Keivankov237|move: Stealth Rock
|
|-weather|SunnyDay|[upkeep]
|upkeep
|turn|2
|
|t:|1758957159
|move|p2a: Houndoom|Knock Off|p1a: Torkoal
|-damage|p1a: Torkoal|15/100
|-enditem|p1a: Torkoal|Heat Rock|[from] move: Knock Off|[of] p2a: Houndoom
|move|p1a: Torkoal|Overheat|p2a: Houndoom
|-enditem|p2a: Houndoom|Focus Sash
|-damage|p2a: Houndoom|1/100
|-unboost|p1a: Torkoal|spa|2
|replace|p2a: Zoroark|Zoroark, M
|-end|p2a: Zoroark|Illusion
|
|-weather|SunnyDay|[upkeep]
|upkeep
|turn|3
|
|t:|1758957177
|switch|p1a: Slither Wing|Slither Wing|100/100
|-activate|p1a: Slither Wing|ability: Protosynthesis
|-start|p1a: Slither Wing|protosynthesisatk
|move|p2a: Zoroark|Knock Off|p1a: Slither Wing
|-resisted|p1a: Slither Wing
|-damage|p1a: Slither Wing|39/100
|-enditem|p1a: Slither Wing|Assault Vest|[from] move: Knock Off|[of] p2a: Zoroark
|
|-weather|SunnyDay|[upkeep]
|upkeep
|turn|4
|
|t:|1758957202
|move|p1a: Slither Wing|First Impression|p2a: Zoroark
|-supereffective|p2a: Zoroark
|-damage|p2a: Zoroark|0 fnt
|faint|p2a: Zoroark
|
|-weather|SunnyDay|[upkeep]
|upkeep
|
|t:|1758957217
|switch|p2a: Scyther|Scyther, M|100/100
|turn|5
|
|t:|1758957242
|-end|p1a: Slither Wing|Protosynthesis|[silent]
|switch|p1a: Hatterene|Hatterene, F|100/100
|-item|p1a: Hatterene|Air Balloon
|move|p2a: Scyther|Dual Wingbeat|p1a: Hatterene
|-damage|p1a: Hatterene|77/100
|-enditem|p1a: Hatterene|Air Balloon
|-damage|p1a: Hatterene|53/100
|-hitcount|p1a: Hatterene|2
|
|-weather|SunnyDay|[upkeep]
|upkeep
|turn|6
|
|t:|1758957249
|move|p2a: Scyther|U-turn|p1a: Hatterene
|-damage|p1a: Hatterene|23/100
|
|t:|1758957253
|switch|p2a: Grafaiai|Grafaiai, M|100/100|[from] U-turn
|-damage|p2a: Grafaiai|88/100|[from] Stealth Rock
|move|p1a: Hatterene|Trick Room|p1a: Hatterene
|-fieldstart|move: Trick Room|[of] p1a: Hatterene
|
|-weather|SunnyDay|[upkeep]
|upkeep
|turn|7
|
|t:|1758957275
|move|p1a: Hatterene|Psychic Noise|p2a: Grafaiai
|-supereffective|p2a: Grafaiai
|-damage|p2a: Grafaiai|0 fnt
|faint|p2a: Grafaiai
|
|-weather|SunnyDay|[upkeep]
|upkeep
|
|t:|1758957283
|switch|p2a: Mew|Mew|100/100
|-damage|p2a: Mew|88/100|[from] Stealth Rock
|turn|8
|
|t:|1758957293
|move|p1a: Hatterene|Healing Wish|p1a: Hatterene
|faint|p1a: Hatterene
|move|p2a: Mew|Draining Kiss|p1: Hatterene|[notarget]
|-fail|p2a: Mew
|
|-weather|none
|upkeep
|inactive|MisterFree has 120 seconds left.
|inactive|MisterFree has 90 seconds left.
|inactive|MisterFree has 60 seconds left.
|
|t:|1758957392
|switch|p1a: Slither Wing|Slither Wing|39/100
|-heal|p1a: Slither Wing|100/100|[from] move: Healing Wish
|turn|9
|inactive|Keivankov237 has 120 seconds left.
|
|t:|1758957423
|switch|p2a: Scyther|Scyther, M|100/100
|move|p1a: Slither Wing|First Impression|p2a: Scyther
|-resisted|p2a: Scyther
|-damage|p2a: Scyther|60/100
|
|upkeep
|turn|10
|inactive|Keivankov237 has 120 seconds left.
|inactive|MisterFree has 60 seconds left.
|inactive|MisterFree has 30 seconds left.
|inactive|MisterFree has 20 seconds left.
|
|t:|1758957479
|switch|p2a: Salamence|Salamence, M|100/100
|-damage|p2a: Salamence|75/100|[from] Stealth Rock
|move|p1a: Slither Wing|Temper Flare|p2a: Salamence
|-resisted|p2a: Salamence
|-damage|p2a: Salamence|58/100
|
|-fieldend|move: Trick Room
|upkeep
|turn|11
|inactive|MisterFree has 30 seconds left this turn.
|
|t:|1758957491
|-end|p1a: Slither Wing|Protosynthesis|[silent]
|switch|p1a: Walking Wake|Walking Wake|100/100
|move|p2a: Salamence|Dragon Dance|p2a: Salamence
|-boost|p2a: Salamence|atk|1
|-boost|p2a: Salamence|spe|1
|
|upkeep
|turn|12
|inactive|MisterFree has 30 seconds left.
|inactive|Keivankov237 has 90 seconds left.
|
|t:|1758957522
|-terastallize|p2a: Salamence|Ice
|-terastallize|p1a: Walking Wake|Fairy
|move|p2a: Salamence|Roost|p2a: Salamence
|-heal|p2a: Salamence|100/100
|move|p1a: Walking Wake|Draco Meteor|p2a: Salamence
|-damage|p2a: Salamence|16/100
|-unboost|p1a: Walking Wake|spa|2
|
|upkeep
|turn|13
|inactive|MisterFree has 30 seconds left.
|inactive|MisterFree has 20 seconds left.
|inactive|MisterFree has 15 seconds left.
|inactive|MisterFree has 10 seconds left.
|inactive|MisterFree has 5 seconds left.
|-message|MisterFree lost due to inactivity.
|
|win|Keivankov237
|raw|MisterFree's rating: 1158 &rarr; <strong>1134</strong><br />(-24 for losing)
|raw|Keivankov237's rating: 1172 &rarr; <strong>1196</strong><br />(+24 for winning)
|l|☆Keivankov237
|player|p2|
|l|☆MisterFree
|player|p1|
