|j|☆Doomingo
|j|☆TheSoullessSeeker
|t:|1759071115
|gametype|singles
|player|p1|Doomingo|1|1341
|player|p2|TheSoullessSeeker|ghetsis|1315
|gen|9
|tier|[Gen 9] OU
|rated|
|rule|HP Percentage Mod: HP is shown in percentages
|rule|Endless Battle Clause: Forcing endless battles is banned
|rule|Species Clause: Limit one of each Pokémon
|rule|OHKO Clause: OHKO moves are banned
|rule|Evasion Items Clause: Evasion items are banned
|rule|Evasion Moves Clause: Evasion moves are banned
|rule|Evasion Abilities Clause: Evasion abilities are banned
|rule|Sleep Moves Clause: Sleep-inducing moves are banned
|clearpoke
|poke|p1|Tyranitar, M|
|poke|p1|Sinistcha|
|poke|p1|Comfey, F|
|poke|p1|Bellibolt, M|
|poke|p1|Mamoswine, M|
|poke|p1|Scizor, M|
|poke|p2|Ogerpon-Wellspring, F|
|poke|p2|Kingambit, M|
|poke|p2|Landorus-Therian, M|
|poke|p2|Glimmora, F|
|poke|p2|Dragapult, F|
|poke|p2|Iron Valiant|
|teampreview
|
|t:|1759071150
|teamsize|p1|6
|teamsize|p2|6
|start
|switch|p1a: Mr. Big|Tyranitar, M|100/100
|switch|p2a: Glimmora|Glimmora, F|100/100
|-weather|Sandstorm|[from] ability: Sand Stream|[of] p1a: Mr. Big
|turn|1
|
|t:|1759071163
|move|p2a: Glimmora|Meteor Beam||[still]
|-prepare|p2a: Glimmora|Meteor Beam
|-boost|p2a: Glimmora|spa|1
|-enditem|p2a: Glimmora|Power Herb
|-anim|p2a: Glimmora|Meteor Beam|p1a: Mr. Big|[miss]
|-miss|p2a: Glimmora|p1a: Mr. Big
|move|p1a: Mr. Big|Knock Off|p2a: Glimmora
|-damage|p2a: Glimmora|67/100
|-activate|p2a: Glimmora|ability: Toxic Debris
|-sidestart|p1: Doomingo|move: Toxic Spikes
|
|-weather|Sandstorm|[upkeep]
|upkeep
|turn|2
|
|t:|1759071172
|move|p2a: Glimmora|Earth Power|p1a: Mr. Big
|-supereffective|p1a: Mr. Big
|-damage|p1a: Mr. Big|65/100
|move|p1a: Mr. Big|Ancient Power|p2a: Glimmora
|-damage|p2a: Glimmora|43/100
|
|-weather|Sandstorm|[upkeep]
|upkeep
|turn|3
|
|t:|1759071201
|move|p2a: Glimmora|Earth Power|p1a: Mr. Big
|-supereffective|p1a: Mr. Big
|-damage|p1a: Mr. Big|32/100
|move|p1a: Mr. Big|Ancient Power|p2a: Glimmora
|-damage|p2a: Glimmora|21/100
|
|-weather|Sandstorm|[upkeep]
|upkeep
|turn|4
|
|t:|1759071208
|move|p2a: Glimmora|Earth Power|p1a: Mr. Big
|-supereffective|p1a: Mr. Big
|-damage|p1a: Mr. Big|0 fnt
|faint|p1a: Mr. Big
|
|-weather|Sandstorm|[upkeep]
|upkeep
|
|t:|1759071211
|switch|p1a: Buzz|Scizor, M|100/100
|turn|5
|
|t:|1759071237
|move|p1a: Buzz|Bullet Punch|p2a: Glimmora
|-supereffective|p2a: Glimmora
|-damage|p2a: Glimmora|0 fnt
|-activate|p2a: Glimmora|ability: Toxic Debris
|-sidestart|p1: Doomingo|move: Toxic Spikes
|faint|p2a: Glimmora
|
|-weather|none
|upkeep
|
|t:|1759071239
|switch|p2a: Dragapult|Dragapult, F|100/100
|turn|6
|
|t:|1759071248
|move|p2a: Dragapult|Flamethrower|p1a: Buzz
|-supereffective|p1a: Buzz
|-damage|p1a: Buzz|0 fnt
|faint|p1a: Buzz
|
|upkeep
|
|t:|1759071253
|switch|p1a: Glut|Bellibolt, M|100/100
|-status|p1a: Glut|tox
|turn|7
|
|t:|1759071273
|switch|p2a: Landorus|Landorus-Therian, M|100/100
|-ability|p2a: Landorus|Intimidate|boost
|-unboost|p1a: Glut|atk|1
|-terastallize|p1a: Glut|Poison
|move|p1a: Glut|Soak|p2a: Landorus
|-start|p2a: Landorus|typechange|Water
|
|-damage|p1a: Glut|94/100 tox|[from] psn
|upkeep
|turn|8
|
|t:|1759071284
|move|p2a: Landorus|Earthquake|p1a: Glut
|-supereffective|p1a: Glut
|-enditem|p1a: Glut|Shuca Berry|[eat]
|-enditem|p1a: Glut|Shuca Berry|[weaken]
|-damage|p1a: Glut|64/100 tox
|-start|p1a: Glut|Charge|Earthquake|[from] ability: Electromorphosis
|move|p1a: Glut|Parabolic Charge|p2a: Landorus
|-supereffective|p2a: Landorus
|-damage|p2a: Landorus|0 fnt
|-heal|p1a: Glut|100/100 tox|[from] drain|[of] p2a: Landorus
|faint|p2a: Landorus
|-end|p1a: Glut|Charge|[silent]
|
|-damage|p1a: Glut|88/100 tox|[from] psn
|upkeep
|
|t:|1759071317
|switch|p2a: Ogerpon|Ogerpon-Wellspring, F|100/100
|turn|9
|
|t:|1759071322
|move|p2a: Ogerpon|Ivy Cudgel|p1a: Glut|[anim] Ivy Cudgel Water
|-damage|p1a: Glut|33/100 tox
|-start|p1a: Glut|Charge|Ivy Cudgel|[from] ability: Electromorphosis
|move|p1a: Glut|Parabolic Charge|p2a: Ogerpon
|-damage|p2a: Ogerpon|27/100
|-heal|p1a: Glut|60/100 tox|[from] drain|[of] p2a: Ogerpon
|-end|p1a: Glut|Charge|[silent]
|
|-damage|p1a: Glut|42/100 tox|[from] psn
|upkeep
|turn|10
|
|t:|1759071354
|switch|p1a: Charla|Sinistcha|100/100
|-status|p1a: Charla|tox
|move|p2a: Ogerpon|Ivy Cudgel|p1a: Charla|[anim] Ivy Cudgel Water
|-resisted|p1a: Charla
|-damage|p1a: Charla|73/100 tox
|
|-damage|p1a: Charla|67/100 tox|[from] psn
|upkeep
|turn|11
|
|t:|1759071377
|move|p2a: Ogerpon|Play Rough|p1a: Charla|[miss]
|-miss|p2a: Ogerpon|p1a: Charla
|move|p1a: Charla|Matcha Gotcha|p2a: Ogerpon|[miss]
|-miss|p1a: Charla|p2a: Ogerpon
|
|-damage|p1a: Charla|55/100 tox|[from] psn
|upkeep
|turn|12
|
|t:|1759071384
|move|p2a: Ogerpon|Play Rough|p1a: Charla
|-damage|p1a: Charla|19/100 tox
|move|p1a: Charla|Matcha Gotcha|p2a: Ogerpon|[miss]
|-miss|p1a: Charla|p2a: Ogerpon
|
|-damage|p1a: Charla|1/100 tox|[from] psn
|upkeep
|turn|13
|
|t:|1759071417
|move|p2a: Ogerpon|Horn Leech|p1a: Charla
|-resisted|p1a: Charla
|-damage|p1a: Charla|0 fnt
|-heal|p2a: Ogerpon|27/100|[from] drain|[of] p1a: Charla
|faint|p1a: Charla
|
|upkeep
|
|t:|1759071421
|switch|p1a: Glut|Bellibolt, M, tera:Poison|42/100 tox
|-sideend|p1: Doomingo|move: Toxic Spikes|[of] p1a: Glut
|turn|14
|
|t:|1759071452
|switch|p1a: Ring A Round|Comfey, F|100/100
|move|p2a: Ogerpon|Ivy Cudgel|p1a: Ring A Round|[anim] Ivy Cudgel Water
|-damage|p1a: Ring A Round|33/100
|-enditem|p1a: Ring A Round|Kee Berry|[eat]
|-boost|p1a: Ring A Round|def|1|[from] item: Kee Berry
|
|upkeep
|turn|15
|
|t:|1759071466
|move|p1a: Ring A Round|Synthesis|p1a: Ring A Round
|-heal|p1a: Ring A Round|83/100
|move|p2a: Ogerpon|Ivy Cudgel|p1a: Ring A Round|[anim] Ivy Cudgel Water
|-crit|p1a: Ring A Round
|-damage|p1a: Ring A Round|0 fnt
|faint|p1a: Ring A Round
|
|upkeep
|
|t:|1759071472
|switch|p1a: Mastodown!|Mamoswine, M, shiny|100/100
|turn|16
|
|t:|1759071484
|move|p1a: Mastodown!|Ice Shard|p2a: Ogerpon
|-damage|p2a: Ogerpon|0 fnt
|faint|p2a: Ogerpon
|
|upkeep
|
|t:|1759071491
|switch|p2a: Dragapult|Dragapult, F|100/100
|turn|17
|
|t:|1759071497
|move|p2a: Dragapult|Flamethrower|p1a: Mastodown!
|-supereffective|p1a: Mastodown!
|-damage|p1a: Mastodown!|46/100
|-enditem|p1a: Mastodown!|Weakness Policy
|-boost|p1a: Mastodown!|atk|2|[from] item: Weakness Policy
|-boost|p1a: Mastodown!|spa|2|[from] item: Weakness Policy
|move|p1a: Mastodown!|Trailblaze|p2a: Dragapult
|-resisted|p2a: Dragapult
|-damage|p2a: Dragapult|73/100
|-boost|p1a: Mastodown!|spe|1
|
|upkeep
|turn|18
|
|t:|1759071511
|-terastallize|p2a: Dragapult|Ghost
|move|p1a: Mastodown!|Ice Shard|p2a: Dragapult
|-damage|p2a: Dragapult|8/100
|move|p2a: Dragapult|Flamethrower|p1a: Mastodown!
|-supereffective|p1a: Mastodown!
|-damage|p1a: Mastodown!|0 fnt
|faint|p1a: Mastodown!
|
|upkeep
|
|t:|1759071517
|switch|p1a: Glut|Bellibolt, M, tera:Poison|42/100 tox
|turn|19
|c|☆Doomingo|gg
|
|t:|1759071529
|move|p2a: Dragapult|Flamethrower|p1a: Glut
|-damage|p1a: Glut|8/100 tox
|-start|p1a: Glut|Charge|Flamethrower|[from] ability: Electromorphosis
|move|p1a: Glut|Parabolic Charge|p2a: Dragapult
|-damage|p2a: Dragapult|0 fnt
|-heal|p1a: Glut|11/100 tox|[from] drain|[of] p2a: Dragapult
|faint|p2a: Dragapult
|-end|p1a: Glut|Charge|[silent]
|
|-damage|p1a: Glut|5/100 tox|[from] psn
|upkeep
|c|☆TheSoullessSeeker|WP
|
|t:|1759071535
|switch|p2a: Iron Valiant|Iron Valiant|100/100
|-enditem|p2a: Iron Valiant|Booster Energy
|-activate|p2a: Iron Valiant|ability: Quark Drive|[fromitem]
|-start|p2a: Iron Valiant|quarkdrivespe
|turn|20
|
|t:|1759071539
|move|p2a: Iron Valiant|Knock Off|p1a: Glut
|-damage|p1a: Glut|0 fnt
|faint|p1a: Glut
|
|win|TheSoullessSeeker
|raw|Doomingo's rating: 1341 &rarr; <strong>1320</strong><br />(-21 for losing)
|raw|TheSoullessSeeker's rating: 1315 &rarr; <strong>1336</strong><br />(+21 for winning)
|l|☆Doomingo
|player|p1|
