|j|☆A_M1001
|j|☆LousiV
|t:|1758960745
|gametype|singles
|player|p1|A_M1001|unknown|1095
|player|p2|LousiV|volkner|1157
|gen|9
|tier|[Gen 9] OU
|rated|
|rule|HP Percentage Mod: HP is shown in percentages
|rule|Endless Battle Clause: Forcing endless battles is banned
|rule|Species Clause: Limit one of each Pokémon
|rule|OHKO Clause: OHKO moves are banned
|rule|Evasion Items Clause: Evasion items are banned
|rule|Evasion Moves Clause: Evasion moves are banned
|rule|Evasion Abilities Clause: Evasion abilities are banned
|rule|Sleep Moves Clause: Sleep-inducing moves are banned
|clearpoke
|poke|p1|Araquanid, M|
|poke|p1|Cinderace, M|
|poke|p1|Serperior, F|
|poke|p1|Milotic, M|
|poke|p1|Kingambit, M|
|poke|p1|Latios, M|
|poke|p2|Mew|
|poke|p2|Luxray, M|
|poke|p2|Masquerain, M|
|poke|p2|Skarmory, M|
|poke|p2|Heracross, F|
|poke|p2|Exeggutor, F|
|teampreview
|inactive|Battle timer is ON: inactive players will automatically lose when time's up. (requested by LousiV)
|
|t:|1758960755
|teamsize|p1|6
|teamsize|p2|6
|start
|switch|p1a: Araquanid|Araquanid, M|100/100
|switch|p2a: Luxray|Luxray, M|100/100
|-ability|p2a: Luxray|Intimidate|boost
|-unboost|p1a: Araquanid|atk|1
|turn|1
|
|t:|1758960764
|move|p2a: Luxray|Supercell Slam|p1a: Araquanid
|-supereffective|p1a: Araquanid
|-enditem|p1a: Araquanid|Focus Sash
|-damage|p1a: Araquanid|1/100
|move|p1a: Araquanid|Sticky Web|p2a: Luxray
|-sidestart|p2: LousiV|move: Sticky Web
|
|upkeep
|turn|2
|
|t:|1758960773
|move|p2a: Luxray|Supercell Slam|p1a: Araquanid
|-supereffective|p1a: Araquanid
|-damage|p1a: Araquanid|0 fnt
|faint|p1a: Araquanid
|
|upkeep
|
|t:|1758960779
|switch|p1a: Cinderace|Cinderace, M|100/100
|turn|3
|
|t:|1758960783
|move|p1a: Cinderace|Court Change|p1a: Cinderace
|-start|p1a: Cinderace|typechange|Normal|[from] ability: Libero
|-swapsideconditions
|-activate|p1a: Cinderace|move: Court Change
|move|p2a: Luxray|Supercell Slam|p1a: Cinderace
|-damage|p1a: Cinderace|0 fnt
|faint|p1a: Cinderace
|
|upkeep
|
|t:|1758960795
|switch|p1a: Serperior|Serperior, F|100/100
|-activate|p1a: Serperior|move: Sticky Web
|-boost|p1a: Serperior|spe|1
|turn|4
|
|t:|1758960802
|move|p1a: Serperior|Leaf Storm|p2a: Luxray
|-damage|p2a: Luxray|10/100
|-boost|p1a: Serperior|spa|2
|move|p2a: Luxray|Supercell Slam|p1a: Serperior
|-resisted|p1a: Serperior
|-damage|p1a: Serperior|48/100
|
|upkeep
|turn|5
|
|t:|1758960811
|move|p1a: Serperior|Leaf Storm|p2a: Luxray
|-damage|p2a: Luxray|0 fnt
|-boost|p1a: Serperior|spa|2
|faint|p2a: Luxray
|
|upkeep
|
|t:|1758960828
|switch|p2a: Masquerain|Masquerain, M|100/100
|-ability|p2a: Masquerain|Intimidate|boost
|-boost|p1a: Serperior|atk|1
|turn|6
|
|t:|1758960833
|move|p1a: Serperior|Leaf Storm|p2a: Masquerain
|-resisted|p2a: Masquerain
|-damage|p2a: Masquerain|40/100
|-boost|p1a: Serperior|spa|2
|move|p2a: Masquerain|Whirlwind|p1a: Serperior
|drag|p1a: Latios|Latios, M|100/100
|
|upkeep
|turn|7
|
|t:|1758960844
|move|p1a: Latios|Dragon Pulse|p2a: Masquerain
|-damage|p2a: Masquerain|0 fnt
|faint|p2a: Masquerain
|
|upkeep
|
|t:|1758960864
|switch|p2a: Mew|Mew|100/100
|turn|8
|
|t:|1758960872
|move|p1a: Latios|Dragon Pulse|p2a: Mew
|-damage|p2a: Mew|44/100
|move|p2a: Mew|Icicle Spear|p1a: Latios
|-supereffective|p1a: Latios
|-damage|p1a: Latios|80/100
|-supereffective|p1a: Latios
|-damage|p1a: Latios|58/100
|-supereffective|p1a: Latios
|-damage|p1a: Latios|37/100
|-supereffective|p1a: Latios
|-crit|p1a: Latios
|-damage|p1a: Latios|3/100
|-hitcount|p1a: Latios|4
|
|upkeep
|turn|9
|
|t:|1758960885
|move|p1a: Latios|Dragon Pulse|p2a: Mew
|-damage|p2a: Mew|0 fnt
|faint|p2a: Mew
|
|upkeep
|
|t:|1758960890
|switch|p2a: Heracross|Heracross, F|100/100
|turn|10
|
|t:|1758960896
|move|p1a: Latios|Luster Purge|p2a: Heracross
|-supereffective|p2a: Heracross
|-damage|p2a: Heracross|0 fnt
|faint|p2a: Heracross
|
|upkeep
|-message|LousiV forfeited.
|
|win|A_M1001
|raw|A_M1001's rating: 1095 &rarr; <strong>1125</strong><br />(+30 for winning)
|raw|LousiV's rating: 1157 &rarr; <strong>1128</strong><br />(-29 for losing)
|l|☆LousiV
|player|p2|
|l|☆A_M1001
|player|p1|
