|j|☆TRIPLE RILABOOM
|j|☆Minerva206
|t:|1758993569
|gametype|singles
|player|p1|TRIPLE RILABOOM|lucas|1492
|player|p2|Minerva206|serena|1433
|gen|9
|tier|[Gen 9] OU
|rated|
|rule|HP Percentage Mod: HP is shown in percentages
|rule|Endless Battle Clause: Forcing endless battles is banned
|rule|Species Clause: Limit one of each Pokémon
|rule|OHKO Clause: OHKO moves are banned
|rule|Evasion Items Clause: Evasion items are banned
|rule|Evasion Moves Clause: Evasion moves are banned
|rule|Evasion Abilities Clause: Evasion abilities are banned
|rule|Sleep Moves Clause: Sleep-inducing moves are banned
|clearpoke
|poke|p1|Rillaboom, M|
|poke|p1|Ursaluna, F|
|poke|p1|Kyurem|
|poke|p1|Iron Treads|
|poke|p1|Keldeo-Resolute|
|poke|p1|Cresselia, F|
|poke|p2|Meowscarada, F|
|poke|p2|Cobalion|
|poke|p2|Primarina, F|
|poke|p2|Slowking-Galar, F|
|poke|p2|Weezing-Galar, M|
|poke|p2|Great Tusk|
|teampreview
|inactive|Battle timer is ON: inactive players will automatically lose when time's up. (requested by TRIPLE RILABOOM)
|
|t:|1758993587
|teamsize|p1|6
|teamsize|p2|6
|start
|switch|p1a: Keldeo|Keldeo-Resolute, shiny|100/100
|switch|p2a: Meowscarada|Meowscarada, F|100/100
|turn|1
|
|t:|1758993594
|switch|p2a: Slowking|Slowking-Galar, F|100/100
|move|p1a: Keldeo|Vacuum Wave|p2a: Slowking
|-resisted|p2a: Slowking
|-damage|p2a: Slowking|97/100
|
|-heal|p2a: Slowking|100/100|[from] item: Black Sludge
|upkeep
|turn|2
|
|t:|1758993604
|switch|p1a: Ursaluna|Ursaluna, F, shiny|100/100
|-prepare|p2a: Slowking|Chilly Reception|[premajor]
|move|p2a: Slowking|Chilly Reception|p2a: Slowking
|-weather|Snowscape
|
|t:|1758993613
|switch|p2a: Primarina|Primarina, F|100/100|[from] Chilly Reception
|
|-weather|Snowscape|[upkeep]
|-status|p1a: Ursaluna|brn|[from] item: Flame Orb
|upkeep
|turn|3
|
|t:|1758993619
|-terastallize|p1a: Ursaluna|Normal
|move|p2a: Primarina|Surf|p1a: Ursaluna
|-damage|p1a: Ursaluna|57/100 brn
|move|p1a: Ursaluna|Facade|p2a: Primarina
|-damage|p2a: Primarina|0 fnt
|faint|p2a: Primarina
|
|-weather|Snowscape|[upkeep]
|-damage|p1a: Ursaluna|51/100 brn|[from] brn
|upkeep
|
|t:|1758993629
|switch|p2a: Cobalion|Cobalion|100/100
|turn|4
|
|t:|1758993635
|switch|p1a: Cresselia|Cresselia, F, shiny|100/100
|move|p2a: Cobalion|Volt Switch|p1a: Cresselia
|-damage|p1a: Cresselia|91/100
|
|t:|1758993641
|switch|p2a: Slowking|Slowking-Galar, F|100/100|[from] Volt Switch
|
|-weather|Snowscape|[upkeep]
|upkeep
|turn|5
|
|t:|1758993649
|switch|p1a: Iron Treads|Iron Treads, shiny|100/100
|-enditem|p1a: Iron Treads|Booster Energy
|-activate|p1a: Iron Treads|ability: Quark Drive|[fromitem]
|-start|p1a: Iron Treads|quarkdrivespe
|move|p2a: Slowking|Sludge Bomb|p1a: Iron Treads
|-immune|p1a: Iron Treads
|
|-weather|Snowscape|[upkeep]
|upkeep
|turn|6
|
|t:|1758993657
|switch|p2a: Great Tusk|Great Tusk|100/100
|move|p1a: Iron Treads|Earthquake|p2a: Great Tusk
|-damage|p2a: Great Tusk|67/100
|
|-weather|none
|-heal|p2a: Great Tusk|74/100|[from] item: Leftovers
|upkeep
|turn|7
|
|t:|1758993668
|-end|p1a: Iron Treads|Quark Drive|[silent]
|switch|p1a: Rillaboom|Rillaboom, M, shiny|100/100
|-fieldstart|move: Grassy Terrain|[from] ability: Grassy Surge|[of] p1a: Rillaboom
|move|p2a: Great Tusk|Ice Spinner|p1a: Rillaboom
|-supereffective|p1a: Rillaboom
|-damage|p1a: Rillaboom|35/100
|-fieldend|move: Grassy Terrain
|
|-heal|p2a: Great Tusk|80/100|[from] item: Leftovers
|upkeep
|turn|8
|
|t:|1758993680
|switch|p1a: Kyurem|Kyurem, shiny|100/100
|-ability|p1a: Kyurem|Pressure
|move|p2a: Great Tusk|Rapid Spin|p1a: Kyurem
|-damage|p1a: Kyurem|85/100
|-boost|p2a: Great Tusk|spe|1
|
|-heal|p2a: Great Tusk|86/100|[from] item: Leftovers
|upkeep
|turn|9
|
|t:|1758993688
|switch|p1a: Cresselia|Cresselia, F, shiny|91/100
|move|p2a: Great Tusk|Close Combat|p1a: Cresselia
|-resisted|p1a: Cresselia
|-damage|p1a: Cresselia|75/100
|-unboost|p2a: Great Tusk|def|1
|-unboost|p2a: Great Tusk|spd|1
|
|-heal|p2a: Great Tusk|92/100|[from] item: Leftovers
|upkeep
|turn|10
|
|t:|1758993698
|-end|p2a: Great Tusk|Protosynthesis|[silent]
|switch|p2a: Cobalion|Cobalion|100/100
|move|p1a: Cresselia|Psychic|p2a: Cobalion
|-damage|p2a: Cobalion|72/100
|
|-heal|p2a: Cobalion|78/100|[from] item: Leftovers
|upkeep
|turn|11
|
|t:|1758993707
|move|p2a: Cobalion|Stealth Rock|p1a: Cresselia
|-sidestart|p1: TRIPLE RILABOOM|move: Stealth Rock
|move|p1a: Cresselia|Moonlight|p1a: Cresselia
|-heal|p1a: Cresselia|100/100
|
|-heal|p2a: Cobalion|85/100|[from] item: Leftovers
|upkeep
|turn|12
|
|t:|1758993713
|switch|p1a: Iron Treads|Iron Treads, shiny|100/100
|-damage|p1a: Iron Treads|97/100|[from] Stealth Rock
|move|p2a: Cobalion|Volt Switch|p1a: Iron Treads
|-immune|p1a: Iron Treads
|
|-heal|p2a: Cobalion|91/100|[from] item: Leftovers
|upkeep
|turn|13
|
|t:|1758993721
|switch|p2a: Weezing|Weezing-Galar, M|100/100
|move|p1a: Iron Treads|Rapid Spin|p2a: Weezing
|-damage|p2a: Weezing|91/100
|-boost|p1a: Iron Treads|spe|1
|-damage|p1a: Iron Treads|81/100|[from] item: Rocky Helmet|[of] p2a: Weezing
|-sideend|p1: TRIPLE RILABOOM|Stealth Rock|[from] move: Rapid Spin|[of] p1a: Iron Treads
|
|upkeep
|turn|14
|
|t:|1758993728
|move|p1a: Iron Treads|Earthquake|p2a: Weezing
|-immune|p2a: Weezing|[from] ability: Levitate
|move|p2a: Weezing|Will-O-Wisp|p1a: Iron Treads
|-status|p1a: Iron Treads|brn
|
|-damage|p1a: Iron Treads|75/100 brn|[from] brn
|upkeep
|turn|15
|
|t:|1758993739
|-end|p1a: Iron Treads|Quark Drive|[silent]
|switch|p1a: Ursaluna|Ursaluna, F, shiny, tera:Normal|51/100 brn
|switch|p2a: Great Tusk|Great Tusk|92/100
|
|-heal|p2a: Great Tusk|98/100|[from] item: Leftovers
|-damage|p1a: Ursaluna|45/100 brn|[from] brn
|upkeep
|turn|16
|
|t:|1758993748
|switch|p1a: Cresselia|Cresselia, F, shiny|100/100
|move|p2a: Great Tusk|Close Combat|p1a: Cresselia
|-resisted|p1a: Cresselia
|-damage|p1a: Cresselia|85/100
|-unboost|p2a: Great Tusk|def|1
|-unboost|p2a: Great Tusk|spd|1
|
|-heal|p2a: Great Tusk|100/100|[from] item: Leftovers
|upkeep
|turn|17
|
|t:|1758993769
|-end|p2a: Great Tusk|Protosynthesis|[silent]
|switch|p2a: Slowking|Slowking-Galar, F|100/100
|move|p1a: Cresselia|Psychic|p2a: Slowking
|-damage|p2a: Slowking|85/100
|
|-heal|p2a: Slowking|91/100|[from] item: Black Sludge
|upkeep
|turn|18
|
|t:|1758993781
|switch|p1a: Rillaboom|Rillaboom, M, shiny|35/100
|-fieldstart|move: Grassy Terrain|[from] ability: Grassy Surge|[of] p1a: Rillaboom
|move|p2a: Slowking|Eerie Spell|p1a: Rillaboom
|-damage|p1a: Rillaboom|0 fnt
|faint|p1a: Rillaboom
|
|-heal|p2a: Slowking|97/100|[from] Grassy Terrain
|-heal|p2a: Slowking|100/100|[from] item: Black Sludge
|upkeep
|
|t:|1758993789
|switch|p1a: Kyurem|Kyurem, shiny|85/100
|-ability|p1a: Kyurem|Pressure
|turn|19
|
|t:|1758993795
|move|p1a: Kyurem|Earth Power|p2a: Slowking
|-supereffective|p2a: Slowking
|-damage|p2a: Slowking|65/100
|move|p2a: Slowking|Thunder Wave|p1a: Kyurem|[miss]
|-miss|p2a: Slowking|p1a: Kyurem
|
|-heal|p1a: Kyurem|91/100|[from] Grassy Terrain
|-heal|p2a: Slowking|72/100|[from] Grassy Terrain
|-heal|p2a: Slowking|78/100|[from] item: Black Sludge
|upkeep
|turn|20
|
|t:|1758993806
|switch|p1a: Ursaluna|Ursaluna, F, shiny, tera:Normal|45/100 brn
|move|p2a: Slowking|Eerie Spell|p1a: Ursaluna
|-damage|p1a: Ursaluna|21/100 brn
|
|-heal|p1a: Ursaluna|27/100 brn|[from] Grassy Terrain
|-heal|p2a: Slowking|84/100|[from] Grassy Terrain
|-heal|p2a: Slowking|90/100|[from] item: Black Sludge
|-damage|p1a: Ursaluna|21/100 brn|[from] brn
|upkeep
|turn|21
|
|t:|1758993817
|switch|p2a: Weezing|Weezing-Galar, M|91/100
|move|p1a: Ursaluna|Facade|p2a: Weezing
|-damage|p2a: Weezing|0 fnt
|-damage|p1a: Ursaluna|4/100 brn|[from] item: Rocky Helmet|[of] p2a: Weezing
|faint|p2a: Weezing
|
|-heal|p1a: Ursaluna|10/100 brn|[from] Grassy Terrain
|-damage|p1a: Ursaluna|4/100 brn|[from] brn
|upkeep
|
|t:|1758993828
|switch|p2a: Cobalion|Cobalion|91/100
|turn|22
|
|t:|1758993832
|switch|p1a: Iron Treads|Iron Treads, shiny|75/100 brn
|move|p2a: Cobalion|Flash Cannon|p1a: Iron Treads
|-resisted|p1a: Iron Treads
|-damage|p1a: Iron Treads|57/100 brn
|
|-heal|p1a: Iron Treads|63/100 brn|[from] Grassy Terrain
|-heal|p2a: Cobalion|97/100|[from] Grassy Terrain
|-heal|p2a: Cobalion|100/100|[from] item: Leftovers
|-damage|p1a: Iron Treads|57/100 brn|[from] brn
|-fieldend|move: Grassy Terrain
|upkeep
|turn|23
|
|t:|1758993842
|move|p1a: Iron Treads|Volt Switch|p2a: Cobalion
|-damage|p2a: Cobalion|87/100
|
|t:|1758993853
|-end|p1a: Iron Treads|Quark Drive|[silent]
|switch|p1a: Cresselia|Cresselia, F, shiny|85/100|[from] Volt Switch
|move|p2a: Cobalion|Body Press|p1a: Cresselia
|-resisted|p1a: Cresselia
|-damage|p1a: Cresselia|74/100
|
|-heal|p2a: Cobalion|93/100|[from] item: Leftovers
|upkeep
|turn|24
|
|t:|1758993860
|move|p2a: Cobalion|Stealth Rock|p1a: Cresselia
|-sidestart|p1: TRIPLE RILABOOM|move: Stealth Rock
|move|p1a: Cresselia|Lunar Dance|p1a: Cresselia
|faint|p1a: Cresselia
|
|-heal|p2a: Cobalion|99/100|[from] item: Leftovers
|upkeep
|
|t:|1758993865
|switch|p1a: Ursaluna|Ursaluna, F, shiny, tera:Normal|4/100 brn
|-heal|p1a: Ursaluna|100/100|[from] move: Lunar Dance
|-damage|p1a: Ursaluna|88/100|[from] Stealth Rock
|turn|25
|
|t:|1758993873
|switch|p1a: Keldeo|Keldeo-Resolute, shiny|100/100
|-damage|p1a: Keldeo|94/100|[from] Stealth Rock
|move|p2a: Cobalion|Body Press|p1a: Keldeo
|-damage|p1a: Keldeo|39/100
|
|-heal|p2a: Cobalion|100/100|[from] item: Leftovers
|upkeep
|turn|26
|
|t:|1758993882
|switch|p2a: Slowking|Slowking-Galar, F|100/100
|move|p1a: Keldeo|Flip Turn|p2a: Slowking
|-damage|p2a: Slowking|87/100
|
|t:|1758993885
|switch|p1a: Ursaluna|Ursaluna, F, shiny, tera:Normal|88/100|[from] Flip Turn
|-damage|p1a: Ursaluna|76/100|[from] Stealth Rock
|
|-heal|p2a: Slowking|93/100|[from] item: Black Sludge
|-status|p1a: Ursaluna|brn|[from] item: Flame Orb
|upkeep
|turn|27
|
|t:|1758993908
|switch|p2a: Cobalion|Cobalion|100/100
|move|p1a: Ursaluna|Facade|p2a: Cobalion
|-resisted|p2a: Cobalion
|-damage|p2a: Cobalion|52/100
|
|-heal|p2a: Cobalion|58/100|[from] item: Leftovers
|-damage|p1a: Ursaluna|70/100 brn|[from] brn
|upkeep
|turn|28
|
|t:|1758993917
|switch|p1a: Iron Treads|Iron Treads, shiny|57/100 brn
|-damage|p1a: Iron Treads|54/100 brn|[from] Stealth Rock
|move|p2a: Cobalion|Body Press|p1a: Iron Treads
|-supereffective|p1a: Iron Treads
|-damage|p1a: Iron Treads|0 fnt
|faint|p1a: Iron Treads
|-end|p1a: Iron Treads|Quark Drive|[silent]
|
|-heal|p2a: Cobalion|64/100|[from] item: Leftovers
|upkeep
|
|t:|1758993924
|switch|p1a: Keldeo|Keldeo-Resolute, shiny|39/100
|-damage|p1a: Keldeo|33/100|[from] Stealth Rock
|turn|29
|
|t:|1758993930
|move|p1a: Keldeo|Secret Sword|p2a: Cobalion
|-supereffective|p2a: Cobalion
|-damage|p2a: Cobalion|16/100
|move|p2a: Cobalion|Body Press|p1a: Keldeo
|-damage|p1a: Keldeo|0 fnt
|faint|p1a: Keldeo
|
|-heal|p2a: Cobalion|22/100|[from] item: Leftovers
|upkeep
|
|t:|1758993939
|switch|p1a: Kyurem|Kyurem, shiny|91/100
|-ability|p1a: Kyurem|Pressure
|turn|30
|
|t:|1758993944
|switch|p2a: Slowking|Slowking-Galar, F|100/100
|move|p1a: Kyurem|Earth Power|p2a: Slowking
|-supereffective|p2a: Slowking
|-crit|p2a: Slowking
|-damage|p2a: Slowking|49/100
|
|-heal|p2a: Slowking|55/100|[from] item: Black Sludge
|upkeep
|turn|31
|
|t:|1758993954
|switch|p1a: Ursaluna|Ursaluna, F, shiny, tera:Normal|70/100 brn
|-damage|p1a: Ursaluna|58/100 brn|[from] Stealth Rock
|move|p2a: Slowking|Eerie Spell|p1a: Ursaluna
|-damage|p1a: Ursaluna|32/100 brn
|
|-heal|p2a: Slowking|61/100|[from] item: Black Sludge
|-damage|p1a: Ursaluna|26/100 brn|[from] brn
|upkeep
|turn|32
|
|t:|1758993964
|move|p1a: Ursaluna|Facade|p2a: Slowking
|-damage|p2a: Slowking|0 fnt
|faint|p2a: Slowking
|
|-damage|p1a: Ursaluna|20/100 brn|[from] brn
|upkeep
|
|t:|1758993969
|switch|p2a: Great Tusk|Great Tusk|100/100
|turn|33
|
|t:|1758993975
|move|p2a: Great Tusk|Close Combat|p1a: Ursaluna
|-supereffective|p1a: Ursaluna
|-damage|p1a: Ursaluna|0 fnt
|-unboost|p2a: Great Tusk|def|1
|-unboost|p2a: Great Tusk|spd|1
|faint|p1a: Ursaluna
|
|upkeep
|
|t:|1758993977
|switch|p1a: Kyurem|Kyurem, shiny|91/100
|-ability|p1a: Kyurem|Pressure
|turn|34
|
|t:|1758993986
|-end|p2a: Great Tusk|Protosynthesis|[silent]
|switch|p2a: Cobalion|Cobalion|22/100
|move|p1a: Kyurem|Ice Beam|p2a: Cobalion
|-resisted|p2a: Cobalion
|-crit|p2a: Cobalion
|-damage|p2a: Cobalion|0 fnt
|faint|p2a: Cobalion
|
|upkeep
|
|t:|1758993996
|switch|p2a: Meowscarada|Meowscarada, F|100/100
|turn|35
|
|t:|1758994004
|-terastallize|p2a: Meowscarada|Dark
|move|p2a: Meowscarada|Knock Off|p1a: Kyurem
|-damage|p1a: Kyurem|34/100
|-enditem|p1a: Kyurem|Heavy-Duty Boots|[from] move: Knock Off|[of] p2a: Meowscarada
|move|p1a: Kyurem|Ice Beam|p2a: Meowscarada
|-damage|p2a: Meowscarada|31/100
|
|upkeep
|turn|36
|
|t:|1758994014
|move|p2a: Meowscarada|Sucker Punch|p1a: Kyurem
|-damage|p1a: Kyurem|0 fnt
|faint|p1a: Kyurem
|
|win|Minerva206
|raw|TRIPLE RILABOOM's rating: 1492 &rarr; <strong>1469</strong><br />(-23 for losing)
|raw|Minerva206's rating: 1433 &rarr; <strong>1456</strong><br />(+23 for winning)
|l|☆TRIPLE RILABOOM
|player|p1|
