|j|☆apotato135
|j|‽fakemonk
|t:|1758917319
|gametype|singles
|player|p1|apotato135|swimmer-gen4dp|1511
|player|p2|fakemonk|karen|1497
|gen|9
|tier|[Gen 9] OU
|rated|
|rule|HP Percentage Mod: HP is shown in percentages
|rule|Endless Battle Clause: Forcing endless battles is banned
|rule|Species Clause: Limit one of each Pokémon
|rule|OHKO Clause: OHKO moves are banned
|rule|Evasion Items Clause: Evasion items are banned
|rule|Evasion Moves Clause: Evasion moves are banned
|rule|Evasion Abilities Clause: Evasion abilities are banned
|rule|Sleep Moves Clause: Sleep-inducing moves are banned
|clearpoke
|poke|p1|Ninetales-Alola, M|
|poke|p1|Kyurem|
|poke|p1|Primeape, M|
|poke|p1|Enamorus, F|
|poke|p1|Tornadus-Therian, M|
|poke|p1|Iron Treads|
|poke|p2|Slowking-Galar, F|
|poke|p2|Mamoswine, F|
|poke|p2|Great Tusk|
|poke|p2|Darkrai|
|poke|p2|Walking Wake|
|poke|p2|Pecharunt|
|teampreview
|inactive|Battle timer is ON: inactive players will automatically lose when time's up. (requested by fakemonk)
|
|t:|1758917340
|teamsize|p1|6
|teamsize|p2|6
|start
|switch|p1a: Iron Treads|Iron Treads|100/100
|switch|p2a: Slowking|Slowking-Galar, F|100/100
|-enditem|p1a: Iron Treads|Booster Energy
|-activate|p1a: Iron Treads|ability: Quark Drive|[fromitem]
|-start|p1a: Iron Treads|quarkdrivespe
|turn|1
|
|t:|1758917351
|switch|p2a: Great Tusk|Great Tusk|100/100
|move|p1a: Iron Treads|Stealth Rock|p2a: Great Tusk
|-sidestart|p2: fakemonk|move: Stealth Rock
|
|upkeep
|turn|2
|
|t:|1758917355
|move|p1a: Iron Treads|Earth Power|p2a: Great Tusk
|-damage|p2a: Great Tusk|60/100
|move|p2a: Great Tusk|Rapid Spin|p1a: Iron Treads
|-resisted|p1a: Iron Treads
|-damage|p1a: Iron Treads|94/100
|-boost|p2a: Great Tusk|spe|1
|-sideend|p2: fakemonk|Stealth Rock|[from] move: Rapid Spin|[of] p2a: Great Tusk
|
|upkeep
|turn|3
|
|t:|1758917370
|move|p1a: Iron Treads|Steel Beam|p2a: Great Tusk
|-damage|p2a: Great Tusk|1/100
|-damage|p1a: Iron Treads|44/100|[from] steelbeam
|move|p2a: Great Tusk|Close Combat|p1a: Iron Treads
|-supereffective|p1a: Iron Treads
|-damage|p1a: Iron Treads|0 fnt
|-unboost|p2a: Great Tusk|def|1
|-unboost|p2a: Great Tusk|spd|1
|faint|p1a: Iron Treads
|-end|p1a: Iron Treads|Quark Drive|[silent]
|
|upkeep
|
|t:|1758917378
|switch|p1a: Enamorus|Enamorus, F|100/100
|turn|4
|
|t:|1758917382
|-end|p2a: Great Tusk|Protosynthesis|[silent]
|switch|p2a: Slowking|Slowking-Galar, F|100/100
|move|p1a: Enamorus|Earth Power|p2a: Slowking
|-supereffective|p2a: Slowking
|-damage|p2a: Slowking|56/100
|
|-heal|p2a: Slowking|62/100|[from] item: Black Sludge
|upkeep
|turn|5
|
|t:|1758917396
|-terastallize|p1a: Enamorus|Ground
|move|p1a: Enamorus|Earth Power|p2a: Slowking
|-supereffective|p2a: Slowking
|-damage|p2a: Slowking|0 fnt
|faint|p2a: Slowking
|
|upkeep
|
|t:|1758917417
|switch|p2a: Pecharunt|Pecharunt|100/100
|-item|p2a: Pecharunt|Air Balloon
|turn|6
|
|t:|1758917421
|switch|p1a: Ninetales|Ninetales-Alola, M|100/100
|-weather|Snowscape|[from] ability: Snow Warning|[of] p1a: Ninetales
|move|p2a: Pecharunt|Malignant Chain|p1a: Ninetales
|-supereffective|p1a: Ninetales
|-damage|p1a: Ninetales|44/100
|-status|p1a: Ninetales|tox
|-start|p1a: Ninetales|confusion|[from] ability: Poison Puppeteer|[of] p2a: Pecharunt
|
|-weather|Snowscape|[upkeep]
|-damage|p1a: Ninetales|38/100 tox|[from] psn
|upkeep
|turn|7
|
|t:|1758917438
|switch|p2a: Mamoswine|Mamoswine, F|100/100
|-activate|p1a: Ninetales|confusion
|move|p1a: Ninetales|Aurora Veil|p1a: Ninetales
|-sidestart|p1: apotato135|move: Aurora Veil
|
|-weather|Snowscape|[upkeep]
|-damage|p1a: Ninetales|26/100 tox|[from] psn
|upkeep
|turn|8
|
|t:|1758917448
|switch|p1a: Primeape|Primeape, M|100/100
|move|p2a: Mamoswine|Stealth Rock|p1a: Primeape
|-sidestart|p1: apotato135|move: Stealth Rock
|
|-weather|Snowscape|[upkeep]
|upkeep
|turn|9
|
|t:|1758917471
|switch|p2a: Pecharunt|Pecharunt|100/100
|-item|p2a: Pecharunt|Air Balloon
|move|p1a: Primeape|Bulk Up|p1a: Primeape
|-boost|p1a: Primeape|atk|1
|-boost|p1a: Primeape|def|1
|
|-weather|Snowscape|[upkeep]
|upkeep
|turn|10
|
|t:|1758917475
|move|p1a: Primeape|Bulk Up|p1a: Primeape
|-boost|p1a: Primeape|atk|1
|-boost|p1a: Primeape|def|1
|move|p2a: Pecharunt|Malignant Chain|p1a: Primeape
|-damage|p1a: Primeape|92/100
|-status|p1a: Primeape|tox
|-start|p1a: Primeape|confusion|[from] ability: Poison Puppeteer|[of] p2a: Pecharunt
|
|-weather|none
|-damage|p1a: Primeape|86/100 tox|[from] psn
|upkeep
|turn|11
|
|t:|1758917491
|-activate|p1a: Primeape|confusion
|move|p1a: Primeape|Rage Fist|p2a: Pecharunt
|-supereffective|p2a: Pecharunt
|-damage|p2a: Pecharunt|54/100
|-enditem|p2a: Pecharunt|Air Balloon
|move|p2a: Pecharunt|Shadow Ball|p1a: Primeape
|-damage|p1a: Primeape|77/100 tox
|
|-damage|p1a: Primeape|65/100 tox|[from] psn
|upkeep
|turn|12
|
|t:|1758917510
|switch|p2a: Darkrai|Darkrai|100/100
|-activate|p1a: Primeape|confusion
|move|p1a: Primeape|Drain Punch|p2a: Darkrai
|-supereffective|p2a: Darkrai
|-damage|p2a: Darkrai|0 fnt
|-heal|p1a: Primeape|100/100 tox|[from] drain|[of] p2a: Darkrai
|faint|p2a: Darkrai
|
|-damage|p1a: Primeape|82/100 tox|[from] psn
|upkeep
|
|t:|1758917521
|switch|p2a: Walking Wake|Walking Wake|100/100
|turn|13
|
|t:|1758917524
|-end|p2a: Walking Wake|Protosynthesis|[silent]
|switch|p2a: Pecharunt|Pecharunt|54/100
|-end|p1a: Primeape|confusion
|move|p1a: Primeape|Rage Fist|p2a: Pecharunt
|-supereffective|p2a: Pecharunt
|-damage|p2a: Pecharunt|0 fnt
|faint|p2a: Pecharunt
|
|-damage|p1a: Primeape|58/100 tox|[from] psn
|upkeep
|
|t:|1758917535
|switch|p2a: Great Tusk|Great Tusk|1/100
|turn|14
|
|t:|1758917538
|move|p2a: Great Tusk|Close Combat|p1a: Primeape
|-damage|p1a: Primeape|45/100 tox
|-unboost|p2a: Great Tusk|def|1
|-unboost|p2a: Great Tusk|spd|1
|move|p1a: Primeape|Drain Punch|p2a: Great Tusk
|-damage|p2a: Great Tusk|0 fnt
|-heal|p1a: Primeape|45/100 tox|[from] drain|[of] p2a: Great Tusk
|-damage|p1a: Primeape|28/100 tox|[from] item: Rocky Helmet|[of] p2a: Great Tusk
|faint|p2a: Great Tusk
|-end|p2a: Great Tusk|Protosynthesis|[silent]
|
|-damage|p1a: Primeape|0 fnt|[from] psn
|faint|p1a: Primeape
|-sideend|p1: apotato135|move: Aurora Veil
|upkeep
|
|t:|1758917555
|switch|p2a: Mamoswine|Mamoswine, F|100/100
|switch|p1a: Ninetales|Ninetales-Alola, M|26/100 tox
|-damage|p1a: Ninetales|1/100 tox|[from] Stealth Rock
|-weather|Snowscape|[from] ability: Snow Warning|[of] p1a: Ninetales
|turn|15
|
|t:|1758917558
|move|p2a: Mamoswine|Ice Shard|p1a: Ninetales
|-resisted|p1a: Ninetales
|-damage|p1a: Ninetales|0 fnt
|faint|p1a: Ninetales
|
|-weather|Snowscape|[upkeep]
|upkeep
|
|t:|1758917565
|switch|p1a: Kyurem|Kyurem|100/100
|-damage|p1a: Kyurem|76/100|[from] Stealth Rock
|-ability|p1a: Kyurem|Pressure
|turn|16
|
|t:|1758917578
|switch|p2a: Walking Wake|Walking Wake|100/100
|move|p1a: Kyurem|Dragon Dance|p1a: Kyurem
|-boost|p1a: Kyurem|atk|1
|-boost|p1a: Kyurem|spe|1
|
|-weather|Snowscape|[upkeep]
|upkeep
|turn|17
|
|t:|1758917586
|-terastallize|p2a: Walking Wake|Water
|move|p1a: Kyurem|Icicle Spear|p2a: Walking Wake
|-resisted|p2a: Walking Wake
|-damage|p2a: Walking Wake|89/100
|-resisted|p2a: Walking Wake
|-damage|p2a: Walking Wake|79/100
|-resisted|p2a: Walking Wake
|-crit|p2a: Walking Wake
|-damage|p2a: Walking Wake|60/100
|-resisted|p2a: Walking Wake
|-damage|p2a: Walking Wake|49/100
|-hitcount|p2a: Walking Wake|4
|move|p2a: Walking Wake|Draco Meteor|p1a: Kyurem|[miss]
|-miss|p2a: Walking Wake|p1a: Kyurem
|
|-weather|Snowscape|[upkeep]
|upkeep
|turn|18
|inactive|fakemonk has 120 seconds left.
|inactive|fakemonk has 90 seconds left.
|inactive|fakemonk has 60 seconds left.
|inactive|fakemonk has 30 seconds left.
|inactive|fakemonk has 20 seconds left.
|inactive|fakemonk has 15 seconds left.
|inactive|fakemonk has 10 seconds left.
|inactive|fakemonk has 5 seconds left.
|-message|fakemonk lost due to inactivity.
|
|win|apotato135
|raw|apotato135's rating: 1511 &rarr; <strong>1530</strong><br />(+19 for winning)
|raw|fakemonk's rating: 1497 &rarr; <strong>1478</strong><br />(-19 for losing)
|l|☆apotato135
|player|p1|
