|j|☆December233
|j|‽Itswinefri
|t:|1758981407
|gametype|singles
|player|p1|December233|evelyn|1384
|player|p2|Itswinefri|cynthia|1364
|gen|9
|tier|[Gen 9] OU
|rated|
|rule|HP Percentage Mod: HP is shown in percentages
|rule|Endless Battle Clause: Forcing endless battles is banned
|rule|Species Clause: Limit one of each Pokémon
|rule|OHKO Clause: OHKO moves are banned
|rule|Evasion Items Clause: Evasion items are banned
|rule|Evasion Moves Clause: Evasion moves are banned
|rule|Evasion Abilities Clause: Evasion abilities are banned
|rule|Sleep Moves Clause: Sleep-inducing moves are banned
|clearpoke
|poke|p1|Skuntank, M|
|poke|p1|Porygon2|
|poke|p1|Gholdengo|
|poke|p1|Great Tusk|
|poke|p1|Primarina, F|
|poke|p1|Darkrai|
|poke|p2|Hippowdon, M|
|poke|p2|Excadrill, M|
|poke|p2|Hydrapple, F|
|poke|p2|Tornadus-Therian, M|
|poke|p2|Heatran, F|
|poke|p2|Keldeo-Resolute|
|teampreview
|inactive|Battle timer is ON: inactive players will automatically lose when time's up. (requested by Itswinefri)
|inactive|December233 has 120 seconds left.
|inactive|December233 has 90 seconds left.
|inactive|December233 has 60 seconds left.
|
|t:|1758981607
|teamsize|p1|6
|teamsize|p2|6
|start
|switch|p1a: Skuntank|Skuntank, M|100/100
|switch|p2a: Tornadus|Tornadus-Therian, M, shiny|100/100
|turn|1
|
|t:|1758981614
|move|p2a: Tornadus|U-turn|p1a: Skuntank
|-damage|p1a: Skuntank|88/100
|-damage|p2a: Tornadus|84/100|[from] item: Rocky Helmet|[of] p1a: Skuntank
|
|t:|1758981618
|switch|p2a: Heatran|Heatran, F, shiny|100/100|[from] U-turn
|move|p1a: Skuntank|Toxic|p2a: Heatran
|-immune|p2a: Heatran
|
|upkeep
|turn|2
|
|t:|1758981625
|move|p1a: Skuntank|Taunt|p2a: Heatran
|-start|p2a: Heatran|move: Taunt
|move|p2a: Heatran|Magma Storm|p1a: Skuntank|[miss]
|-miss|p2a: Heatran|p1a: Skuntank
|
|upkeep
|turn|3
|inactive|December233 has 120 seconds left.
|
|t:|1758981632
|switch|p1a: Primarina|Primarina, F|100/100
|move|p2a: Heatran|Magma Storm|p1a: Primarina
|-resisted|p1a: Primarina
|-damage|p1a: Primarina|83/100
|-activate|p1a: Primarina|move: Magma Storm|[of] p2a: Heatran
|
|-heal|p1a: Primarina|89/100|[from] item: Leftovers
|-damage|p1a: Primarina|77/100|[from] move: Magma Storm|[partiallytrapped]
|upkeep
|turn|4
|
|t:|1758981644
|switch|p2a: Tornadus|Tornadus-Therian, M, shiny|100/100
|move|p1a: Primarina|Calm Mind|p1a: Primarina
|-boost|p1a: Primarina|spa|1
|-boost|p1a: Primarina|spd|1
|
|-heal|p1a: Primarina|83/100|[from] item: Leftovers
|-end|p1a: Primarina|Magma Storm|[partiallytrapped]|[silent]
|upkeep
|turn|5
|
|t:|1758981655
|move|p2a: Tornadus|Knock Off|p1a: Primarina
|-resisted|p1a: Primarina
|-crit|p1a: Primarina
|-damage|p1a: Primarina|66/100
|-enditem|p1a: Primarina|Leftovers|[from] move: Knock Off|[of] p2a: Tornadus
|move|p1a: Primarina|Moonblast|p2a: Tornadus
|-damage|p2a: Tornadus|49/100
|
|upkeep
|turn|6
|
|t:|1758981664
|move|p2a: Tornadus|Hurricane|p1a: Primarina
|-damage|p1a: Primarina|43/100
|move|p1a: Primarina|Psychic Noise|p2a: Tornadus
|-damage|p2a: Tornadus|9/100
|-start|p2a: Tornadus|move: Heal Block
|
|upkeep
|turn|7
|
|t:|1758981673
|move|p2a: Tornadus|U-turn|p1a: Primarina
|-resisted|p1a: Primarina
|-damage|p1a: Primarina|36/100
|
|t:|1758981679
|switch|p2a: Hippowdon|Hippowdon, M, shiny|100/100|[from] U-turn
|-weather|Sandstorm|[from] ability: Sand Stream|[of] p2a: Hippowdon
|move|p1a: Primarina|Psychic Noise|p2a: Hippowdon
|-supereffective|p2a: Hippowdon
|-damage|p2a: Hippowdon|0 fnt
|faint|p2a: Hippowdon
|
|-weather|Sandstorm|[upkeep]
|-damage|p1a: Primarina|30/100|[from] Sandstorm
|upkeep
|
|t:|1758981694
|switch|p2a: Excadrill|Excadrill, M, shiny|100/100
|turn|8
|
|t:|1758981707
|switch|p1a: Great Tusk|Great Tusk|100/100
|move|p2a: Excadrill|Earthquake|p1a: Great Tusk
|-damage|p1a: Great Tusk|59/100
|
|-weather|Sandstorm|[upkeep]
|upkeep
|turn|9
|
|t:|1758981719
|switch|p2a: Tornadus|Tornadus-Therian, M, shiny|42/100
|move|p1a: Great Tusk|Stealth Rock|p2a: Tornadus
|-sidestart|p2: Itswinefri|move: Stealth Rock
|
|-weather|Sandstorm|[upkeep]
|-damage|p2a: Tornadus|36/100|[from] Sandstorm
|upkeep
|turn|10
|
|t:|1758981727
|-end|p1a: Great Tusk|Protosynthesis|[silent]
|switch|p1a: Skuntank|Skuntank, M|88/100
|move|p2a: Tornadus|U-turn|p1a: Skuntank
|-damage|p1a: Skuntank|77/100
|-damage|p2a: Tornadus|19/100|[from] item: Rocky Helmet|[of] p1a: Skuntank
|
|t:|1758981733
|switch|p2a: Excadrill|Excadrill, M, shiny|100/100|[from] U-turn
|-damage|p2a: Excadrill|97/100|[from] Stealth Rock
|
|-weather|Sandstorm|[upkeep]
|-damage|p1a: Skuntank|71/100|[from] Sandstorm
|-heal|p2a: Excadrill|100/100|[from] item: Leftovers
|upkeep
|turn|11
|
|t:|1758981742
|switch|p1a: Porygon2|Porygon2|100/100
|-ability|p1a: Porygon2|Sand Rush|Trace|[from] ability: Trace|[of] p2a: Excadrill
|move|p2a: Excadrill|Swords Dance|p2a: Excadrill
|-boost|p2a: Excadrill|atk|2
|
|-weather|Sandstorm|[upkeep]
|upkeep
|turn|12
|
|t:|1758981752
|move|p2a: Excadrill|Rapid Spin|p1a: Porygon2
|-damage|p1a: Porygon2|83/100
|-boost|p2a: Excadrill|spe|1
|-sideend|p2: Itswinefri|Stealth Rock|[from] move: Rapid Spin|[of] p2a: Excadrill
|move|p1a: Porygon2|Foul Play|p2a: Excadrill
|-crit|p2a: Excadrill
|-damage|p2a: Excadrill|0 fnt
|faint|p2a: Excadrill
|
|-weather|Sandstorm|[upkeep]
|upkeep
|
|t:|1758981763
|switch|p2a: Keldeo|Keldeo-Resolute|100/100
|turn|13
|
|t:|1758981768
|move|p2a: Keldeo|Secret Sword|p1a: Porygon2
|-supereffective|p1a: Porygon2
|-damage|p1a: Porygon2|16/100
|move|p1a: Porygon2|Discharge|p2a: Keldeo
|-supereffective|p2a: Keldeo
|-damage|p2a: Keldeo|57/100
|-status|p2a: Keldeo|par
|
|-weather|Sandstorm|[upkeep]
|-damage|p2a: Keldeo|51/100 par|[from] Sandstorm
|upkeep
|turn|14
|
|t:|1758981780
|switch|p1a: Primarina|Primarina, F|30/100
|move|p2a: Keldeo|Secret Sword|p1a: Primarina
|-resisted|p1a: Primarina
|-damage|p1a: Primarina|0 fnt
|faint|p1a: Primarina
|
|-weather|none
|upkeep
|
|t:|1758981789
|switch|p1a: Gholdengo|Gholdengo|100/100
|turn|15
|
|t:|1758981793
|switch|p2a: Heatran|Heatran, F, shiny|100/100
|move|p1a: Gholdengo|Shadow Ball|p2a: Heatran
|-crit|p2a: Heatran
|-damage|p2a: Heatran|63/100
|
|-heal|p2a: Heatran|69/100|[from] item: Leftovers
|upkeep
|turn|16
|
|t:|1758981803
|switch|p1a: Porygon2|Porygon2|16/100
|-ability|p1a: Porygon2|Flash Fire|Trace|[from] ability: Trace|[of] p2a: Heatran
|move|p2a: Heatran|Magma Storm|p1a: Porygon2
|-start|p1a: Porygon2|ability: Flash Fire
|
|-heal|p2a: Heatran|75/100|[from] item: Leftovers
|upkeep
|turn|17
|
|t:|1758981815
|switch|p2a: Keldeo|Keldeo-Resolute|51/100 par
|move|p1a: Porygon2|Recover|p1a: Porygon2
|-heal|p1a: Porygon2|66/100
|
|upkeep
|turn|18
|
|t:|1758981822
|-end|p1a: Porygon2|ability: Flash Fire|[silent]
|switch|p1a: Skuntank|Skuntank, M|71/100
|move|p2a: Keldeo|Hydro Pump|p1a: Skuntank|[miss]
|-miss|p2a: Keldeo|p1a: Skuntank
|
|upkeep
|turn|19
|
|t:|1758981830
|move|p1a: Skuntank|Toxic Spikes|p2a: Keldeo
|-sidestart|p2: Itswinefri|move: Toxic Spikes
|cant|p2a: Keldeo|par
|
|upkeep
|turn|20
|
|t:|1758981837
|move|p1a: Skuntank|Toxic Spikes|p2a: Keldeo
|-sidestart|p2: Itswinefri|move: Toxic Spikes
|move|p2a: Keldeo|Hydro Pump|p1a: Skuntank
|-damage|p1a: Skuntank|0 fnt
|faint|p1a: Skuntank
|
|upkeep
|
|t:|1758981843
|switch|p1a: Great Tusk|Great Tusk|59/100
|turn|21
|
|t:|1758981849
|move|p1a: Great Tusk|Close Combat|p2a: Keldeo
|-damage|p2a: Keldeo|0 fnt
|-unboost|p1a: Great Tusk|def|1
|-unboost|p1a: Great Tusk|spd|1
|faint|p2a: Keldeo
|
|upkeep
|
|t:|1758981858
|switch|p2a: Hydrapple|Hydrapple, F|100/100
|turn|22
|
|t:|1758981864
|-end|p1a: Great Tusk|Protosynthesis|[silent]
|switch|p1a: Porygon2|Porygon2|66/100
|-ability|p1a: Porygon2|Regenerator|Trace|[from] ability: Trace|[of] p2a: Hydrapple
|-terastallize|p2a: Hydrapple|Fairy
|move|p2a: Hydrapple|Giga Drain|p1a: Porygon2
|-damage|p1a: Porygon2|40/100
|
|upkeep
|turn|23
|
|t:|1758981874
|move|p1a: Porygon2|Recover|p1a: Porygon2
|-heal|p1a: Porygon2|90/100
|move|p2a: Hydrapple|Nasty Plot|p2a: Hydrapple
|-boost|p2a: Hydrapple|spa|2
|
|upkeep
|turn|24
|
|t:|1758981885
|move|p1a: Porygon2|Ice Beam|p2a: Hydrapple
|-damage|p2a: Hydrapple|79/100
|move|p2a: Hydrapple|Giga Drain|p1a: Porygon2
|-damage|p1a: Porygon2|42/100
|-heal|p2a: Hydrapple|100/100|[from] drain|[of] p1a: Porygon2
|
|upkeep
|turn|25
|
|t:|1758981894
|switch|p1a: Darkrai|Darkrai|100/100
|move|p2a: Hydrapple|Fickle Beam|p1a: Darkrai
|-damage|p1a: Darkrai|0 fnt
|faint|p1a: Darkrai
|
|upkeep
|
|t:|1758981900
|switch|p1a: Gholdengo|Gholdengo|100/100
|turn|26
|
|t:|1758981908
|switch|p2a: Heatran|Heatran, F, shiny|75/100
|move|p1a: Gholdengo|Shadow Ball|p2a: Heatran
|-damage|p2a: Heatran|48/100
|-unboost|p2a: Heatran|spd|1
|
|-heal|p2a: Heatran|54/100|[from] item: Leftovers
|upkeep
|turn|27
|
|t:|1758981917
|switch|p1a: Porygon2|Porygon2|75/100
|-ability|p1a: Porygon2|Flash Fire|Trace|[from] ability: Trace|[of] p2a: Heatran
|switch|p2a: Tornadus|Tornadus-Therian, M, shiny|52/100
|
|upkeep
|turn|28
|
|t:|1758981926
|move|p2a: Tornadus|Knock Off|p1a: Porygon2
|-damage|p1a: Porygon2|66/100
|-enditem|p1a: Porygon2|Eviolite|[from] move: Knock Off|[of] p2a: Tornadus
|move|p1a: Porygon2|Ice Beam|p2a: Tornadus
|-supereffective|p2a: Tornadus
|-damage|p2a: Tornadus|23/100
|
|upkeep
|turn|29
|
|t:|1758981934
|move|p2a: Tornadus|U-turn|p1a: Porygon2
|-damage|p1a: Porygon2|55/100
|
|t:|1758981936
|switch|p2a: Heatran|Heatran, F, shiny|54/100|[from] U-turn
|move|p1a: Porygon2|Discharge|p2a: Heatran
|-damage|p2a: Heatran|43/100
|
|-heal|p2a: Heatran|49/100|[from] item: Leftovers
|upkeep
|turn|30
|
|t:|1758981947
|move|p2a: Heatran|Earth Power|p1a: Porygon2
|-damage|p1a: Porygon2|32/100
|move|p1a: Porygon2|Recover|p1a: Porygon2
|-heal|p1a: Porygon2|82/100
|
|-heal|p2a: Heatran|55/100|[from] item: Leftovers
|upkeep
|turn|31
|
|t:|1758981957
|switch|p2a: Hydrapple|Hydrapple, F, tera:Fairy|100/100
|switch|p1a: Great Tusk|Great Tusk|59/100
|
|upkeep
|turn|32
|
|t:|1758981963
|-end|p1a: Great Tusk|Protosynthesis|[silent]
|switch|p1a: Gholdengo|Gholdengo|100/100
|move|p2a: Hydrapple|Earth Power|p1a: Gholdengo
|-supereffective|p1a: Gholdengo
|-damage|p1a: Gholdengo|30/100
|
|upkeep
|turn|33
|
|t:|1758981973
|switch|p2a: Tornadus|Tornadus-Therian, M, shiny|56/100
|move|p1a: Gholdengo|Make It Rain|p2a: Tornadus
|-damage|p2a: Tornadus|9/100
|-unboost|p1a: Gholdengo|spa|1
|
|upkeep
|turn|34
|
|t:|1758981981
|switch|p2a: Heatran|Heatran, F, shiny|55/100
|move|p1a: Gholdengo|Make It Rain|p2a: Heatran
|-resisted|p2a: Heatran
|-damage|p2a: Heatran|49/100
|-unboost|p1a: Gholdengo|spa|1
|
|-heal|p2a: Heatran|55/100|[from] item: Leftovers
|upkeep
|turn|35
|
|t:|1758981991
|switch|p1a: Porygon2|Porygon2|82/100
|-ability|p1a: Porygon2|Flash Fire|Trace|[from] ability: Trace|[of] p2a: Heatran
|switch|p2a: Hydrapple|Hydrapple, F, tera:Fairy|100/100
|
|upkeep
|turn|36
|
|t:|1758982003
|switch|p1a: Gholdengo|Gholdengo|30/100
|move|p2a: Hydrapple|Earth Power|p1a: Gholdengo
|-supereffective|p1a: Gholdengo
|-crit|p1a: Gholdengo
|-damage|p1a: Gholdengo|0 fnt
|faint|p1a: Gholdengo
|
|upkeep
|
|t:|1758982010
|switch|p1a: Great Tusk|Great Tusk|59/100
|turn|37
|
|t:|1758982015
|-terastallize|p1a: Great Tusk|Ground
|move|p1a: Great Tusk|Headlong Rush|p2a: Hydrapple
|-damage|p2a: Hydrapple|36/100
|-unboost|p1a: Great Tusk|def|1
|-unboost|p1a: Great Tusk|spd|1
|move|p2a: Hydrapple|Giga Drain|p1a: Great Tusk
|-supereffective|p1a: Great Tusk
|-damage|p1a: Great Tusk|0 fnt
|-heal|p2a: Hydrapple|62/100|[from] drain|[of] p1a: Great Tusk
|faint|p1a: Great Tusk
|-end|p1a: Great Tusk|Protosynthesis|[silent]
|
|upkeep
|-message|December233 forfeited.
|
|win|Itswinefri
|raw|December233's rating: 1384 &rarr; <strong>1363</strong><br />(-21 for losing)
|raw|Itswinefri's rating: 1364 &rarr; <strong>1385</strong><br />(+21 for winning)
|l|☆December233
|player|p1|
|l|‽Itswinefri
|player|p2|
