|j|☆Jus4funsies
|j|☆mio3777
|t:|1759072372
|gametype|singles
|player|p1|Jus4funsies|teamrocket|1585
|player|p2|mio3777|101|1577
|gen|9
|tier|[Gen 9] OU
|rated|
|rule|HP Percentage Mod: HP is shown in percentages
|rule|Endless Battle Clause: Forcing endless battles is banned
|rule|Species Clause: Limit one of each Pokémon
|rule|OHKO Clause: OHKO moves are banned
|rule|Evasion Items Clause: Evasion items are banned
|rule|Evasion Moves Clause: Evasion moves are banned
|rule|Evasion Abilities Clause: Evasion abilities are banned
|rule|Sleep Moves Clause: Sleep-inducing moves are banned
|clearpoke
|poke|p1|Samurott-Hisui, F|
|poke|p1|Gholdengo|
|poke|p1|Great Tusk|
|poke|p1|Raging Bolt|
|poke|p1|Dragonite, F|
|poke|p1|Kingambit, M|
|poke|p2|Indeedee, M|
|poke|p2|Polteageist-Antique|
|poke|p2|Cinderace, M|
|poke|p2|Armarouge, F|
|poke|p2|Hawlucha, M|
|poke|p2|Hatterene, F|
|teampreview
|inactive|Battle timer is ON: inactive players will automatically lose when time's up. (requested by mio3777)
|
|t:|1759072378
|teamsize|p1|6
|teamsize|p2|6
|start
|switch|p1a: Samurott|Samurott-Hisui, F|100/100
|switch|p2a: Indeedee|Indeedee, M|100/100
|-fieldstart|move: Psychic Terrain|[from] ability: Psychic Surge|[of] p2a: Indeedee
|turn|1
|
|t:|1759072389
|switch|p2a: Armarouge|Armarouge, F|100/100
|move|p1a: Samurott|Ceaseless Edge|p2a: Armarouge
|-supereffective|p2a: Armarouge
|-enditem|p2a: Armarouge|Focus Sash
|-damage|p2a: Armarouge|1/100
|-ability|p2a: Armarouge|Weak Armor|boost
|-unboost|p2a: Armarouge|def|1
|-boost|p2a: Armarouge|spe|2
|-sidestart|p2: mio3777|Spikes
|
|upkeep
|turn|2
|
|t:|1759072399
|move|p1a: Samurott|Sucker Punch||[still]
|-fail|p1a: Samurott
|move|p2a: Armarouge|Destiny Bond|p2a: Armarouge
|-singlemove|p2a: Armarouge|Destiny Bond
|
|upkeep
|turn|3
|
|t:|1759072415
|move|p2a: Armarouge|Endure|p2a: Armarouge
|-singleturn|p2a: Armarouge|move: Endure
|move|p1a: Samurott|Ceaseless Edge|p2a: Armarouge
|-supereffective|p2a: Armarouge
|-activate|p2a: Armarouge|move: Endure
|-damage|p2a: Armarouge|1/100
|-ability|p2a: Armarouge|Weak Armor|boost
|-unboost|p2a: Armarouge|def|1
|-boost|p2a: Armarouge|spe|2
|-sidestart|p2: mio3777|Spikes
|
|upkeep
|turn|4
|
|t:|1759072426
|move|p2a: Armarouge|Destiny Bond|p2a: Armarouge
|-singlemove|p2a: Armarouge|Destiny Bond
|move|p1a: Samurott|Ceaseless Edge|p2a: Armarouge
|-supereffective|p2a: Armarouge
|-damage|p2a: Armarouge|0 fnt
|-sidestart|p2: mio3777|Spikes
|faint|p2a: Armarouge
|-activate|p2a: Armarouge|move: Destiny Bond
|faint|p1a: Samurott
|
|upkeep
|
|t:|1759072438
|switch|p1a: Gholdengo|Gholdengo, shiny|100/100
|switch|p2a: Cinderace|Cinderace, M|100/100
|-item|p1a: Gholdengo|Air Balloon
|turn|5
|
|t:|1759072457
|switch|p1a: Great Tusk|Great Tusk|100/100
|move|p2a: Cinderace|Court Change|p2a: Cinderace
|-start|p2a: Cinderace|typechange|Normal|[from] ability: Libero
|-swapsideconditions
|-activate|p2a: Cinderace|move: Court Change
|
|upkeep
|turn|6
|inactive|Jus4funsies has 120 seconds left.
|
|t:|1759072480
|switch|p2a: Polteageist|Polteageist-Antique|100/100
|move|p1a: Great Tusk|Rapid Spin|p2a: Polteageist
|-immune|p2a: Polteageist
|
|upkeep
|turn|7
|
|t:|1759072489
|move|p1a: Great Tusk|Knock Off|p2a: Polteageist
|-supereffective|p2a: Polteageist
|-enditem|p2a: Polteageist|Focus Sash
|-damage|p2a: Polteageist|1/100
|-ability|p2a: Polteageist|Weak Armor|boost
|-unboost|p2a: Polteageist|def|1
|-boost|p2a: Polteageist|spe|2
|move|p2a: Polteageist|Shadow Ball|p1a: Great Tusk
|-damage|p1a: Great Tusk|42/100
|-unboost|p1a: Great Tusk|spd|1
|
|upkeep
|turn|8
|inactive|Jus4funsies has 120 seconds left.
|
|t:|1759072533
|-end|p1a: Great Tusk|Protosynthesis|[silent]
|switch|p1a: Kingambit|Kingambit, M, shiny|100/100
|-damage|p1a: Kingambit|76/100|[from] Spikes
|-activate|p1a: Kingambit|ability: Supreme Overlord
|-start|p1a: Kingambit|fallen1|[silent]
|move|p2a: Polteageist|Shadow Ball|p1a: Kingambit
|-resisted|p1a: Kingambit
|-damage|p1a: Kingambit|53/100
|
|-fieldend|move: Psychic Terrain
|upkeep
|turn|9
|
|t:|1759072546
|-terastallize|p2a: Polteageist|Fighting
|move|p2a: Polteageist|Tera Blast|p1a: Kingambit|[anim] Tera Blast Fighting
|-supereffective|p1a: Kingambit
|-damage|p1a: Kingambit|0 fnt
|faint|p1a: Kingambit
|-end|p1a: Kingambit|fallen1|[silent]
|
|upkeep
|
|t:|1759072561
|switch|p1a: Raging Bolt|Raging Bolt|100/100
|-damage|p1a: Raging Bolt|76/100|[from] Spikes
|-enditem|p1a: Raging Bolt|Booster Energy
|-activate|p1a: Raging Bolt|ability: Protosynthesis|[fromitem]
|-start|p1a: Raging Bolt|protosynthesisspa
|turn|10
|
|t:|1759072567
|switch|p2a: Indeedee|Indeedee, M|100/100
|-fieldstart|move: Psychic Terrain|[from] ability: Psychic Surge|[of] p2a: Indeedee
|move|p1a: Raging Bolt|Thunderclap||[still]
|-fail|p1a: Raging Bolt
|
|upkeep
|turn|11
|
|t:|1759072578
|move|p1a: Raging Bolt|Thunderbolt|p2a: Indeedee
|-damage|p2a: Indeedee|38/100
|move|p2a: Indeedee|Expanding Force|p1a: Raging Bolt
|-crit|p1a: Raging Bolt
|-damage|p1a: Raging Bolt|2/100
|
|upkeep
|turn|12
|
|t:|1759072599
|switch|p2a: Polteageist|Polteageist-Antique, tera:Fighting|1/100
|move|p1a: Raging Bolt|Thunderbolt|p2a: Polteageist
|-damage|p2a: Polteageist|0 fnt
|faint|p2a: Polteageist
|
|upkeep
|
|t:|1759072608
|switch|p2a: Cinderace|Cinderace, M|100/100
|turn|13
|
|t:|1759072622
|move|p2a: Cinderace|U-turn|p1a: Raging Bolt
|-start|p2a: Cinderace|typechange|Bug|[from] ability: Libero
|-damage|p1a: Raging Bolt|0 fnt
|faint|p1a: Raging Bolt
|-end|p1a: Raging Bolt|Protosynthesis|[silent]
|
|t:|1759072630
|switch|p2a: Hawlucha|Hawlucha, M|100/100|[from] U-turn
|-enditem|p2a: Hawlucha|Psychic Seed
|-boost|p2a: Hawlucha|spd|1|[from] item: Psychic Seed
|
|upkeep
|inactive|Jus4funsies has 120 seconds left.
|
|t:|1759072664
|switch|p1a: Gholdengo|Gholdengo, shiny|100/100
|-item|p1a: Gholdengo|Air Balloon
|turn|14
|
|t:|1759072670
|move|p2a: Hawlucha|Swords Dance|p2a: Hawlucha
|-boost|p2a: Hawlucha|atk|2
|move|p1a: Gholdengo|Nasty Plot|p1a: Gholdengo
|-boost|p1a: Gholdengo|spa|2
|
|upkeep
|turn|15
|
|t:|1759072676
|move|p2a: Hawlucha|Fire Punch|p1a: Gholdengo
|-supereffective|p1a: Gholdengo
|-damage|p1a: Gholdengo|2/100
|-enditem|p1a: Gholdengo|Air Balloon
|move|p1a: Gholdengo|Make It Rain|p2a: Hawlucha
|-crit|p2a: Hawlucha
|-damage|p2a: Hawlucha|0 fnt
|-unboost|p1a: Gholdengo|spa|1
|faint|p2a: Hawlucha
|
|upkeep
|
|t:|1759072689
|switch|p2a: Cinderace|Cinderace, M|100/100
|turn|16
|inactive|Jus4funsies has 120 seconds left.
|
|t:|1759072731
|move|p2a: Cinderace|U-turn|p1a: Gholdengo
|-start|p2a: Cinderace|typechange|Bug|[from] ability: Libero
|-resisted|p1a: Gholdengo
|-damage|p1a: Gholdengo|0 fnt
|faint|p1a: Gholdengo
|
|t:|1759072737
|switch|p2a: Hatterene|Hatterene, F|100/100|[from] U-turn
|
|upkeep
|
|t:|1759072743
|switch|p1a: Dragonite|Dragonite, F|100/100
|turn|17
|
|t:|1759072749
|-terastallize|p1a: Dragonite|Normal
|move|p1a: Dragonite|Dragon Dance|p1a: Dragonite
|-boost|p1a: Dragonite|atk|1
|-boost|p1a: Dragonite|spe|1
|move|p2a: Hatterene|Draining Kiss|p1a: Dragonite
|-damage|p1a: Dragonite|86/100
|
|-fieldend|move: Psychic Terrain
|upkeep
|turn|18
|
|t:|1759072758
|switch|p2a: Indeedee|Indeedee, M|38/100
|-fieldstart|move: Psychic Terrain|[from] ability: Psychic Surge|[of] p2a: Indeedee
|move|p1a: Dragonite|Dragon Dance|p1a: Dragonite
|-boost|p1a: Dragonite|atk|1
|-boost|p1a: Dragonite|spe|1
|
|upkeep
|turn|19
|
|t:|1759072766
|move|p1a: Dragonite|Earthquake|p2a: Indeedee
|-damage|p2a: Indeedee|0 fnt
|faint|p2a: Indeedee
|
|upkeep
|c|☆Jus4funsies|GG
|
|t:|1759072771
|switch|p2a: Hatterene|Hatterene, F|100/100
|turn|20
|c|☆Jus4funsies|i think
|
|t:|1759072775
|move|p1a: Dragonite|Earthquake|p2a: Hatterene
|-damage|p2a: Hatterene|14/100
|move|p2a: Hatterene|Expanding Force|p1a: Dragonite
|-crit|p1a: Dragonite
|-damage|p1a: Dragonite|0 fnt
|faint|p1a: Dragonite
|
|-heal|p2a: Hatterene|20/100|[from] item: Leftovers
|upkeep
|
|t:|1759072780
|switch|p1a: Great Tusk|Great Tusk|42/100
|turn|21
|
|t:|1759072793
|move|p1a: Great Tusk|Knock Off|p2a: Hatterene
|-damage|p2a: Hatterene|0 fnt
|-enditem|p2a: Hatterene|Leftovers|[from] move: Knock Off|[of] p1a: Great Tusk
|faint|p2a: Hatterene
|
|upkeep
|c|☆Jus4funsies|Nvm
|
|t:|1759072798
|switch|p2a: Cinderace|Cinderace, M|100/100
|turn|22
|c|☆Jus4funsies|GG the other way
|
|t:|1759072802
|move|p2a: Cinderace|High Jump Kick|p1a: Great Tusk
|-start|p2a: Cinderace|typechange|Fighting|[from] ability: Libero
|-damage|p1a: Great Tusk|10/100
|move|p1a: Great Tusk|Headlong Rush|p2a: Cinderace
|-damage|p2a: Cinderace|34/100
|-unboost|p1a: Great Tusk|def|1
|-unboost|p1a: Great Tusk|spd|1
|
|upkeep
|turn|23
|
|t:|1759072811
|move|p2a: Cinderace|High Jump Kick|p1a: Great Tusk
|-damage|p1a: Great Tusk|0 fnt
|faint|p1a: Great Tusk
|-end|p1a: Great Tusk|Protosynthesis|[silent]
|
|win|mio3777
|raw|Jus4funsies's rating: 1585 &rarr; <strong>1565</strong><br />(-20 for losing)
|raw|mio3777's rating: 1577 &rarr; <strong>1597</strong><br />(+20 for winning)
|l|☆Jus4funsies
|player|p1|
|l|☆mio3777
|player|p2|
