|j|☆bowling12345
|j|☆zuzusenpai
|t:|1759066624
|gametype|singles
|player|p1|bowling12345|101|1330
|player|p2|zuzusenpai|102|1377
|gen|9
|tier|[Gen 9] OU
|rated|
|rule|HP Percentage Mod: HP is shown in percentages
|rule|Endless Battle Clause: Forcing endless battles is banned
|rule|Species Clause: Limit one of each Pokémon
|rule|OHKO Clause: OHKO moves are banned
|rule|Evasion Items Clause: Evasion items are banned
|rule|Evasion Moves Clause: Evasion moves are banned
|rule|Evasion Abilities Clause: Evasion abilities are banned
|rule|Sleep Moves Clause: Sleep-inducing moves are banned
|clearpoke
|poke|p1|Zoroark-Hisui, F|
|poke|p1|Klefki, F|
|poke|p1|Munkidori, M|
|poke|p1|Sinistcha|
|poke|p1|Alomomola, F|
|poke|p1|Entei|
|poke|p2|Salamence, F|
|poke|p2|Dragonite, F|
|poke|p2|Ninetales-Alola, M|
|poke|p2|Toxapex, M|
|poke|p2|Gholdengo|
|poke|p2|Garganacl, M|
|teampreview
|inactive|Battle timer is ON: inactive players will automatically lose when time's up. (requested by bowling12345)
|
|t:|1759066647
|teamsize|p1|6
|teamsize|p2|6
|start
|switch|p1a: Klefki|Klefki, F|100/100
|switch|p2a: Garganacl|Garganacl, M|100/100
|turn|1
|
|t:|1759066654
|move|p1a: Klefki|Switcheroo|p2a: Garganacl
|-activate|p1a: Klefki|move: Trick|[of] p2a: Garganacl
|-item|p2a: Garganacl|Sticky Barb|[from] move: Switcheroo
|-item|p1a: Klefki|Leftovers|[from] move: Switcheroo
|move|p2a: Garganacl|Salt Cure|p1a: Klefki
|-resisted|p1a: Klefki
|-damage|p1a: Klefki|95/100
|-start|p1a: Klefki|Salt Cure
|
|-heal|p1a: Klefki|100/100|[from] item: Leftovers
|-damage|p1a: Klefki|76/100|[from] Salt Cure
|-damage|p2a: Garganacl|88/100|[from] item: Sticky Barb
|upkeep
|turn|2
|
|t:|1759066667
|move|p1a: Klefki|Reflect|p1a: Klefki
|-sidestart|p1: bowling12345|Reflect
|move|p2a: Garganacl|Stealth Rock|p1a: Klefki
|-sidestart|p1: bowling12345|move: Stealth Rock
|
|-heal|p1a: Klefki|82/100|[from] item: Leftovers
|-damage|p1a: Klefki|57/100|[from] Salt Cure
|-damage|p2a: Garganacl|76/100|[from] item: Sticky Barb
|upkeep
|turn|3
|
|t:|1759066674
|switch|p1a: Sinistcha|Sinistcha|100/100
|-damage|p1a: Sinistcha|88/100|[from] Stealth Rock
|move|p2a: Garganacl|Salt Cure|p1a: Sinistcha
|-damage|p1a: Sinistcha|83/100
|-start|p1a: Sinistcha|Salt Cure
|
|-damage|p1a: Sinistcha|71/100|[from] Salt Cure
|-damage|p2a: Garganacl|63/100|[from] item: Sticky Barb
|upkeep
|turn|4
|
|t:|1759066684
|move|p1a: Sinistcha|Matcha Gotcha|p2a: Garganacl
|-supereffective|p2a: Garganacl
|-damage|p2a: Garganacl|0 fnt
|-heal|p1a: Sinistcha|100/100|[from] drain|[of] p2a: Garganacl
|faint|p2a: Garganacl
|
|-damage|p1a: Sinistcha|88/100|[from] Salt Cure
|upkeep
|
|t:|1759066691
|switch|p2a: Dragonite|Dragonite, F|100/100
|turn|5
|
|t:|1759066702
|switch|p1a: Alomomola|Alomomola, F|100/100
|-damage|p1a: Alomomola|88/100|[from] Stealth Rock
|move|p2a: Dragonite|Dragon Dance|p2a: Dragonite
|-boost|p2a: Dragonite|atk|1
|-boost|p2a: Dragonite|spe|1
|
|upkeep
|turn|6
|
|t:|1759066709
|move|p2a: Dragonite|Earthquake|p1a: Alomomola
|-damage|p1a: Alomomola|74/100
|move|p1a: Alomomola|Scald|p2a: Dragonite
|-resisted|p2a: Dragonite
|-damage|p2a: Dragonite|97/100
|
|-sideend|p1: bowling12345|Reflect
|upkeep
|turn|7
|
|t:|1759066716
|switch|p2a: Toxapex|Toxapex, M|100/100
|move|p1a: Alomomola|Scald|p2a: Toxapex
|-resisted|p2a: Toxapex
|-damage|p2a: Toxapex|97/100
|
|-heal|p2a: Toxapex|100/100|[from] item: Black Sludge
|upkeep
|turn|8
|
|t:|1759066728
|move|p1a: Alomomola|Flip Turn|p2a: Toxapex
|-resisted|p2a: Toxapex
|-crit|p2a: Toxapex
|-damage|p2a: Toxapex|90/100
|
|t:|1759066737
|switch|p1a: Klefki|Klefki, F|57/100|[from] Flip Turn
|-damage|p1a: Klefki|51/100|[from] Stealth Rock
|move|p2a: Toxapex|Toxic|p1a: Klefki
|-immune|p1a: Klefki
|
|-heal|p1a: Klefki|57/100|[from] item: Leftovers
|-heal|p2a: Toxapex|97/100|[from] item: Black Sludge
|upkeep
|turn|9
|
|t:|1759066749
|switch|p2a: Ninetales|Ninetales-Alola, M|100/100
|-weather|Snowscape|[from] ability: Snow Warning|[of] p2a: Ninetales
|move|p1a: Klefki|Thunder Wave|p2a: Ninetales
|-status|p2a: Ninetales|par
|
|-weather|Snowscape|[upkeep]
|-heal|p1a: Klefki|63/100|[from] item: Leftovers
|upkeep
|turn|10
|
|t:|1759066760
|move|p1a: Klefki|Light Screen|p1a: Klefki
|-sidestart|p1: bowling12345|move: Light Screen
|move|p2a: Ninetales|Aurora Veil|p2a: Ninetales
|-sidestart|p2: zuzusenpai|move: Aurora Veil
|
|-weather|Snowscape|[upkeep]
|-heal|p1a: Klefki|69/100|[from] item: Leftovers
|upkeep
|turn|11
|
|t:|1759066766
|move|p1a: Klefki|Reflect|p1a: Klefki
|-sidestart|p1: bowling12345|Reflect
|move|p2a: Ninetales|Encore|p1a: Klefki
|-start|p1a: Klefki|Encore
|
|-weather|Snowscape|[upkeep]
|-heal|p1a: Klefki|75/100|[from] item: Leftovers
|upkeep
|turn|12
|
|t:|1759066773
|switch|p1a: Munkidori|Munkidori, M|100/100
|-damage|p1a: Munkidori|88/100|[from] Stealth Rock
|switch|p2a: Dragonite|Dragonite, F|97/100
|
|-weather|Snowscape|[upkeep]
|upkeep
|turn|13
|
|t:|1759066784
|-terastallize|p1a: Munkidori|Dark
|move|p2a: Dragonite|Earthquake|p1a: Munkidori
|-damage|p1a: Munkidori|59/100
|move|p1a: Munkidori|Sludge Bomb|p2a: Dragonite
|-damage|p2a: Dragonite|73/100
|-status|p2a: Dragonite|psn
|
|-weather|none
|-damage|p2a: Dragonite|61/100 psn|[from] psn
|upkeep
|turn|14
|
|t:|1759066794
|switch|p1a: Alomomola|Alomomola, F|100/100
|-damage|p1a: Alomomola|88/100|[from] Stealth Rock
|move|p2a: Dragonite|Earthquake|p1a: Alomomola
|-damage|p1a: Alomomola|77/100
|
|-damage|p2a: Dragonite|48/100 psn|[from] psn
|-sideend|p1: bowling12345|move: Light Screen
|upkeep
|turn|15
|
|t:|1759066802
|switch|p2a: Toxapex|Toxapex, M|100/100
|move|p1a: Alomomola|Wish|p1a: Alomomola
|
|-sideend|p1: bowling12345|Reflect
|upkeep
|turn|16
|
|t:|1759066807
|move|p2a: Toxapex|Baneful Bunker|p2a: Toxapex
|-singleturn|p2a: Toxapex|move: Protect
|move|p1a: Alomomola|Flip Turn|p2a: Toxapex
|-activate|p2a: Toxapex|move: Protect
|-status|p1a: Alomomola|psn
|
|-heal|p1a: Alomomola|100/100 psn|[from] move: Wish|[wisher] Alomomola
|-damage|p1a: Alomomola|88/100 psn|[from] psn
|upkeep
|turn|17
|
|t:|1759066817
|move|p1a: Alomomola|Wish|p1a: Alomomola
|move|p2a: Toxapex|Toxic||[still]
|-fail|p2a: Toxapex
|
|-damage|p1a: Alomomola|76/100 psn|[from] psn
|-sideend|p2: zuzusenpai|move: Aurora Veil
|upkeep
|turn|18
|
|t:|1759066822
|switch|p1a: Munkidori|Munkidori, M, tera:Dark|59/100
|-damage|p1a: Munkidori|46/100|[from] Stealth Rock
|move|p2a: Toxapex|Toxic|p1a: Munkidori
|-status|p1a: Munkidori|tox
|
|-heal|p1a: Munkidori|100/100 tox|[from] move: Wish|[wisher] Alomomola
|-damage|p1a: Munkidori|95/100 tox|[from] psn
|upkeep
|turn|19
|
|t:|1759066833
|move|p2a: Toxapex|Baneful Bunker|p2a: Toxapex
|-singleturn|p2a: Toxapex|move: Protect
|move|p1a: Munkidori|Psyshock|p2a: Toxapex
|-activate|p2a: Toxapex|move: Protect
|
|-damage|p1a: Munkidori|83/100 tox|[from] psn
|upkeep
|turn|20
|
|t:|1759066841
|switch|p2a: Ninetales|Ninetales-Alola, M|100/100 par
|-weather|Snowscape|[from] ability: Snow Warning|[of] p2a: Ninetales
|move|p1a: Munkidori|Psyshock|p2a: Ninetales
|-damage|p2a: Ninetales|77/100 par
|
|-weather|Snowscape|[upkeep]
|-damage|p1a: Munkidori|65/100 tox|[from] psn
|upkeep
|turn|21
|
|t:|1759066851
|move|p1a: Munkidori|Sludge Bomb|p2a: Ninetales
|-supereffective|p2a: Ninetales
|-damage|p2a: Ninetales|0 fnt
|faint|p2a: Ninetales
|
|-weather|Snowscape|[upkeep]
|-damage|p1a: Munkidori|41/100 tox|[from] psn
|upkeep
|
|t:|1759066858
|switch|p2a: Salamence|Salamence, F|100/100
|turn|22
|
|t:|1759066866
|move|p2a: Salamence|Earthquake|p1a: Munkidori
|-damage|p1a: Munkidori|0 fnt
|faint|p1a: Munkidori
|-ability|p2a: Salamence|Moxie|boost
|-boost|p2a: Salamence|atk|1
|
|-weather|Snowscape|[upkeep]
|upkeep
|
|t:|1759066880
|switch|p1a: Alomomola|Alomomola, F|100/100 psn
|-damage|p1a: Alomomola|88/100 psn|[from] Stealth Rock
|turn|23
|
|t:|1759066887
|move|p2a: Salamence|Earthquake|p1a: Alomomola
|-damage|p1a: Alomomola|61/100 psn
|move|p1a: Alomomola|Scald|p2a: Salamence
|-resisted|p2a: Salamence
|-damage|p2a: Salamence|92/100
|
|-weather|Snowscape|[upkeep]
|-damage|p1a: Alomomola|49/100 psn|[from] psn
|upkeep
|turn|24
|
|t:|1759066897
|move|p2a: Salamence|Earthquake|p1a: Alomomola
|-damage|p1a: Alomomola|23/100 psn
|move|p1a: Alomomola|Scald|p2a: Salamence
|-resisted|p2a: Salamence
|-damage|p2a: Salamence|83/100
|-status|p2a: Salamence|brn
|
|-weather|none
|-damage|p1a: Alomomola|10/100 psn|[from] psn
|-damage|p2a: Salamence|77/100 brn|[from] brn
|upkeep
|turn|25
|
|t:|1759066909
|switch|p1a: Sinistcha|Sinistcha|88/100
|-damage|p1a: Sinistcha|76/100|[from] Stealth Rock
|move|p2a: Salamence|Earthquake|p1a: Sinistcha
|-resisted|p1a: Sinistcha
|-damage|p1a: Sinistcha|65/100
|
|-damage|p2a: Salamence|71/100 brn|[from] brn
|upkeep
|turn|26
|
|t:|1759066918
|move|p2a: Salamence|Earthquake|p1a: Sinistcha
|-resisted|p1a: Sinistcha
|-damage|p1a: Sinistcha|53/100
|move|p1a: Sinistcha|Trick Room|p1a: Sinistcha
|-fieldstart|move: Trick Room|[of] p1a: Sinistcha
|
|-damage|p2a: Salamence|65/100 brn|[from] brn
|upkeep
|turn|27
|
|t:|1759066926
|move|p1a: Sinistcha|Strength Sap|p2a: Salamence
|-unboost|p2a: Salamence|atk|1
|-heal|p1a: Sinistcha|100/100
|move|p2a: Salamence|Earthquake|p1a: Sinistcha
|-resisted|p1a: Sinistcha
|-damage|p1a: Sinistcha|94/100
|
|-damage|p2a: Salamence|59/100 brn|[from] brn
|upkeep
|turn|28
|
|t:|1759066934
|switch|p2a: Toxapex|Toxapex, M|100/100
|move|p1a: Sinistcha|Hex|p2a: Toxapex
|-damage|p2a: Toxapex|81/100
|
|-heal|p2a: Toxapex|88/100|[from] item: Black Sludge
|upkeep
|turn|29
|
|t:|1759066944
|switch|p1a: Alomomola|Alomomola, F|44/100 psn
|-damage|p1a: Alomomola|31/100 psn|[from] Stealth Rock
|move|p2a: Toxapex|Toxic||[still]
|-fail|p2a: Toxapex
|
|-heal|p2a: Toxapex|94/100|[from] item: Black Sludge
|-damage|p1a: Alomomola|19/100 psn|[from] psn
|upkeep
|turn|30
|
|t:|1759066957
|move|p2a: Toxapex|Baneful Bunker|p2a: Toxapex
|-singleturn|p2a: Toxapex|move: Protect
|move|p1a: Alomomola|Wish|p1a: Alomomola
|
|-heal|p2a: Toxapex|99/100|[from] item: Black Sludge
|-damage|p1a: Alomomola|7/100 psn|[from] psn
|-fieldend|move: Trick Room
|upkeep
|turn|31
|
|t:|1759066966
|switch|p1a: Klefki|Klefki, F|75/100
|-damage|p1a: Klefki|69/100|[from] Stealth Rock
|move|p2a: Toxapex|Toxic|p1a: Klefki
|-immune|p1a: Klefki
|
|-heal|p1a: Klefki|100/100|[from] move: Wish|[wisher] Alomomola
|-heal|p2a: Toxapex|100/100|[from] item: Black Sludge
|upkeep
|turn|32
|
|t:|1759066977
|switch|p2a: Gholdengo|Gholdengo|100/100
|move|p1a: Klefki|Thunder Wave|p2a: Gholdengo
|-immune|p2a: Gholdengo|[from] ability: Good as Gold
|
|upkeep
|turn|33
|
|t:|1759066986
|move|p1a: Klefki|Light Screen|p1a: Klefki
|-sidestart|p1: bowling12345|move: Light Screen
|move|p2a: Gholdengo|Trick|p1a: Klefki
|-activate|p2a: Gholdengo|move: Trick|[of] p1a: Klefki
|-item|p1a: Klefki|Choice Scarf|[from] move: Trick
|-item|p2a: Gholdengo|Leftovers|[from] move: Trick
|
|upkeep
|turn|34
|
|t:|1759066998
|move|p1a: Klefki|Switcheroo|p2a: Gholdengo
|-immune|p2a: Gholdengo|[from] ability: Good as Gold
|move|p2a: Gholdengo|Shadow Ball|p1a: Klefki
|-damage|p1a: Klefki|75/100
|
|upkeep
|turn|35
|
|t:|1759067007
|switch|p1a: Alomomola|Alomomola, F|100/100
|-damage|p1a: Alomomola|88/100|[from] Stealth Rock
|move|p2a: Gholdengo|Shadow Ball|p1a: Alomomola
|-immune|p1a: Alomomola
|
|upkeep
|turn|36
|
|t:|1759067015
|move|p1a: Alomomola|Flamethrower|p2a: Gholdengo
|-supereffective|p2a: Gholdengo
|-damage|p2a: Gholdengo|35/100
|move|p2a: Gholdengo|Psyshock|p1a: Alomomola
|-damage|p1a: Alomomola|59/100
|replace|p1a: Zoroark|Zoroark-Hisui, F
|-end|p1a: Zoroark|Illusion
|
|-heal|p2a: Gholdengo|41/100|[from] item: Leftovers
|upkeep
|turn|37
|
|t:|1759067027
|move|p1a: Zoroark|Flamethrower|p2a: Gholdengo
|-supereffective|p2a: Gholdengo
|-damage|p2a: Gholdengo|0 fnt
|faint|p2a: Gholdengo
|
|-sideend|p1: bowling12345|move: Light Screen
|upkeep
|
|t:|1759067031
|switch|p2a: Toxapex|Toxapex, M|100/100
|turn|38
|
|t:|1759067039
|switch|p1a: Klefki|Klefki, F|75/100
|-damage|p1a: Klefki|69/100|[from] Stealth Rock
|move|p2a: Toxapex|Toxic|p1a: Klefki
|-immune|p1a: Klefki
|
|upkeep
|turn|39
|
|t:|1759067052
|switch|p2a: Salamence|Salamence, F|59/100 brn
|move|p1a: Klefki|Switcheroo|p2a: Salamence
|-activate|p1a: Klefki|move: Trick|[of] p2a: Salamence
|-item|p2a: Salamence|Choice Scarf|[from] move: Switcheroo
|-item|p1a: Klefki|Choice Scarf|[from] move: Switcheroo
|
|-damage|p2a: Salamence|52/100 brn|[from] brn
|upkeep
|turn|40
|
|t:|1759067064
|move|p1a: Klefki|Reflect|p1a: Klefki
|-sidestart|p1: bowling12345|Reflect
|move|p2a: Salamence|Iron Head|p1a: Klefki
|-damage|p1a: Klefki|63/100
|
|-damage|p2a: Salamence|46/100 brn|[from] brn
|upkeep
|turn|41
|
|t:|1759067070
|switch|p2a: Toxapex|Toxapex, M|100/100
|switch|p1a: Alomomola|Alomomola, F|40/100 psn
|-damage|p1a: Alomomola|28/100 psn|[from] Stealth Rock
|
|-damage|p1a: Alomomola|15/100 psn|[from] psn
|upkeep
|turn|42
|
|t:|1759067078
|move|p2a: Toxapex|Baneful Bunker|p2a: Toxapex
|-singleturn|p2a: Toxapex|move: Protect
|move|p1a: Alomomola|Wish|p1a: Alomomola
|
|-damage|p1a: Alomomola|3/100 psn|[from] psn
|upkeep
|turn|43
|
|t:|1759067091
|switch|p1a: Klefki|Klefki, F|63/100
|-damage|p1a: Klefki|57/100|[from] Stealth Rock
|move|p2a: Toxapex|Toxic|p1a: Klefki
|-immune|p1a: Klefki
|
|-heal|p1a: Klefki|100/100|[from] move: Wish|[wisher] Alomomola
|upkeep
|turn|44
|
|t:|1759067104
|move|p2a: Toxapex|Baneful Bunker|p2a: Toxapex
|-singleturn|p2a: Toxapex|move: Protect
|move|p1a: Klefki|Switcheroo|p2a: Toxapex
|-activate|p2a: Toxapex|move: Protect
|
|-sideend|p1: bowling12345|Reflect
|upkeep
|turn|45
|
|t:|1759067116
|switch|p2a: Salamence|Salamence, F|46/100 brn
|move|p1a: Klefki|Switcheroo|p2a: Salamence
|-activate|p1a: Klefki|move: Trick|[of] p2a: Salamence
|-item|p2a: Salamence|Choice Scarf|[from] move: Switcheroo
|-item|p1a: Klefki|Choice Scarf|[from] move: Switcheroo
|
|-damage|p2a: Salamence|40/100 brn|[from] brn
|upkeep
|turn|46
|
|t:|1759067127
|move|p1a: Klefki|Reflect|p1a: Klefki
|-sidestart|p1: bowling12345|Reflect
|move|p2a: Salamence|Earthquake|p1a: Klefki
|-supereffective|p1a: Klefki
|-damage|p1a: Klefki|83/100
|
|-damage|p2a: Salamence|34/100 brn|[from] brn
|upkeep
|turn|47
|
|t:|1759067134
|switch|p1a: Alomomola|Alomomola, F|36/100 psn
|-damage|p1a: Alomomola|24/100 psn|[from] Stealth Rock
|move|p2a: Salamence|Earthquake|p1a: Alomomola
|-damage|p1a: Alomomola|19/100 psn
|
|-damage|p1a: Alomomola|6/100 psn|[from] psn
|-damage|p2a: Salamence|28/100 brn|[from] brn
|upkeep
|turn|48
|
|t:|1759067143
|move|p2a: Salamence|Earthquake|p1a: Alomomola
|-crit|p1a: Alomomola
|-damage|p1a: Alomomola|0 fnt
|faint|p1a: Alomomola
|-ability|p2a: Salamence|Moxie|boost
|-boost|p2a: Salamence|atk|1
|
|-damage|p2a: Salamence|22/100 brn|[from] brn
|upkeep
|
|t:|1759067155
|switch|p1a: Sinistcha|Sinistcha|94/100
|-damage|p1a: Sinistcha|81/100|[from] Stealth Rock
|turn|49
|
|t:|1759067167
|move|p2a: Salamence|Earthquake|p1a: Sinistcha
|-resisted|p1a: Sinistcha
|-damage|p1a: Sinistcha|76/100
|move|p1a: Sinistcha|Trick Room|p1a: Sinistcha
|-fieldstart|move: Trick Room|[of] p1a: Sinistcha
|
|-damage|p2a: Salamence|16/100 brn|[from] brn
|upkeep
|turn|50
|
|t:|1759067172
|switch|p2a: Toxapex|Toxapex, M|100/100
|move|p1a: Sinistcha|Hex|p2a: Toxapex
|-damage|p2a: Toxapex|81/100
|
|-heal|p2a: Toxapex|88/100|[from] item: Black Sludge
|-sideend|p1: bowling12345|Reflect
|upkeep
|turn|51
|
|t:|1759067181
|switch|p1a: Klefki|Klefki, F|83/100
|-damage|p1a: Klefki|77/100|[from] Stealth Rock
|move|p2a: Toxapex|Toxic|p1a: Klefki
|-immune|p1a: Klefki
|
|-heal|p2a: Toxapex|94/100|[from] item: Black Sludge
|upkeep
|turn|52
|
|t:|1759067192
|move|p2a: Toxapex|Baneful Bunker|p2a: Toxapex
|-singleturn|p2a: Toxapex|move: Protect
|move|p1a: Klefki|Thunder Wave|p2a: Toxapex
|-activate|p2a: Toxapex|move: Protect
|
|-heal|p2a: Toxapex|99/100|[from] item: Black Sludge
|upkeep
|turn|53
|
|t:|1759067199
|switch|p2a: Salamence|Salamence, F|16/100 brn
|move|p1a: Klefki|Thunder Wave|p2a: Salamence|[miss]
|-miss|p1a: Klefki|p2a: Salamence
|
|-damage|p2a: Salamence|10/100 brn|[from] brn
|-fieldend|move: Trick Room
|upkeep
|turn|54
|
|t:|1759067210
|switch|p1a: Sinistcha|Sinistcha|76/100
|-damage|p1a: Sinistcha|64/100|[from] Stealth Rock
|move|p2a: Salamence|Earthquake|p1a: Sinistcha
|-resisted|p1a: Sinistcha
|-damage|p1a: Sinistcha|57/100
|
|-damage|p2a: Salamence|4/100 brn|[from] brn
|upkeep
|turn|55
|
|t:|1759067219
|switch|p2a: Toxapex|Toxapex, M|100/100
|move|p1a: Sinistcha|Strength Sap|p2a: Toxapex
|-unboost|p2a: Toxapex|atk|1
|-heal|p1a: Sinistcha|98/100
|
|upkeep
|turn|56
|
|t:|1759067227
|switch|p1a: Klefki|Klefki, F|77/100
|-damage|p1a: Klefki|71/100|[from] Stealth Rock
|move|p2a: Toxapex|Toxic|p1a: Klefki
|-immune|p1a: Klefki
|
|upkeep
|turn|57
|
|t:|1759067236
|move|p1a: Klefki|Thunder Wave|p2a: Toxapex
|-status|p2a: Toxapex|par
|move|p2a: Toxapex|Toxic|p1a: Klefki
|-immune|p1a: Klefki
|
|upkeep
|turn|58
|
|t:|1759067249
|switch|p1a: Sinistcha|Sinistcha|59/100
|-damage|p1a: Sinistcha|47/100|[from] Stealth Rock
|move|p2a: Toxapex|Toxic|p1a: Sinistcha
|-status|p1a: Sinistcha|tox
|
|-damage|p1a: Sinistcha|41/100 tox|[from] psn
|upkeep
|turn|59
|
|t:|1759067257
|move|p2a: Toxapex|Baneful Bunker|p2a: Toxapex
|-singleturn|p2a: Toxapex|move: Protect
|move|p1a: Sinistcha|Hex|p2a: Toxapex
|-activate|p2a: Toxapex|move: Protect
|
|-damage|p1a: Sinistcha|29/100 tox|[from] psn
|upkeep
|turn|60
|
|t:|1759067264
|move|p1a: Sinistcha|Hex|p2a: Toxapex
|-damage|p2a: Toxapex|60/100 par
|cant|p2a: Toxapex|par
|
|-heal|p2a: Toxapex|66/100 par|[from] item: Black Sludge
|-damage|p1a: Sinistcha|11/100 tox|[from] psn
|upkeep
|turn|61
|
|t:|1759067271
|move|p2a: Toxapex|Baneful Bunker|p2a: Toxapex
|-singleturn|p2a: Toxapex|move: Protect
|move|p1a: Sinistcha|Hex|p2a: Toxapex
|-activate|p2a: Toxapex|move: Protect
|
|-heal|p2a: Toxapex|73/100 par|[from] item: Black Sludge
|-damage|p1a: Sinistcha|0 fnt|[from] psn
|faint|p1a: Sinistcha
|upkeep
|
|t:|1759067290
|switch|p1a: Klefki|Klefki, F|71/100
|-damage|p1a: Klefki|65/100|[from] Stealth Rock
|turn|62
|
|t:|1759067294
|move|p1a: Klefki|Switcheroo|p2a: Toxapex
|-activate|p1a: Klefki|move: Trick|[of] p2a: Toxapex
|-item|p2a: Toxapex|Choice Scarf|[from] move: Switcheroo
|-item|p1a: Klefki|Black Sludge|[from] move: Switcheroo
|move|p2a: Toxapex|Toxic|p1a: Klefki
|-immune|p1a: Klefki
|
|-damage|p1a: Klefki|53/100|[from] item: Black Sludge
|upkeep
|turn|63
|
|t:|1759067305
|switch|p2a: Salamence|Salamence, F|4/100 brn
|move|p1a: Klefki|Light Screen|p1a: Klefki
|-sidestart|p1: bowling12345|move: Light Screen
|
|-damage|p1a: Klefki|40/100|[from] item: Black Sludge
|-damage|p2a: Salamence|0 fnt|[from] brn
|faint|p2a: Salamence
|upkeep
|
|t:|1759067312
|switch|p2a: Dragonite|Dragonite, F|48/100 psn
|turn|64
|
|t:|1759067316
|move|p1a: Klefki|Reflect|p1a: Klefki
|-sidestart|p1: bowling12345|Reflect
|move|p2a: Dragonite|Earthquake|p1a: Klefki
|-supereffective|p1a: Klefki
|-damage|p1a: Klefki|3/100
|
|-damage|p1a: Klefki|0 fnt|[from] item: Black Sludge
|faint|p1a: Klefki
|-damage|p2a: Dragonite|36/100 psn|[from] psn
|upkeep
|
|t:|1759067325
|switch|p1a: Sinistcha|Sinistcha|98/100
|-damage|p1a: Sinistcha|86/100|[from] Stealth Rock
|turn|65
|
|t:|1759067337
|move|p2a: Dragonite|Earthquake|p1a: Sinistcha
|-resisted|p1a: Sinistcha
|-crit|p1a: Sinistcha
|-damage|p1a: Sinistcha|61/100
|move|p1a: Sinistcha|Hex|p2a: Dragonite
|-damage|p2a: Dragonite|0 fnt
|faint|p2a: Dragonite
|
|upkeep
|
|t:|1759067341
|switch|p2a: Toxapex|Toxapex, M|100/100 par
|turn|66
|
|t:|1759067360
|move|p1a: Sinistcha|Matcha Gotcha|p2a: Toxapex
|-damage|p2a: Toxapex|74/100 par
|-heal|p1a: Sinistcha|75/100|[from] drain|[of] p2a: Toxapex
|move|p2a: Toxapex|Toxic|p1a: Sinistcha
|-status|p1a: Sinistcha|tox
|
|-damage|p1a: Sinistcha|69/100 tox|[from] psn
|upkeep
|turn|67
|
|t:|1759067372
|move|p1a: Sinistcha|Hex|p2a: Toxapex
|-damage|p2a: Toxapex|36/100 par
|cant|p2a: Toxapex|par
|
|-damage|p1a: Sinistcha|57/100 tox|[from] psn
|-sideend|p1: bowling12345|move: Light Screen
|upkeep
|turn|68
|-message|zuzusenpai forfeited.
|
|win|bowling12345
|raw|bowling12345's rating: 1330 &rarr; <strong>1353</strong><br />(+23 for winning)
|raw|zuzusenpai's rating: 1377 &rarr; <strong>1354</strong><br />(-23 for losing)
|l|☆zuzusenpai
|player|p2|
|l|☆bowling12345
|player|p1|
