|inactive|Battle timer is ON: inactive players will automatically lose when time's up.
|t:|1759074981
|gametype|singles
|player|p1|Lazuli|rosa|
|player|p2|PLAGUE|#aplaguedoc|
|gen|9
|tier|[Gen 9] OU
|rule|HP Percentage Mod: HP is shown in percentages
|rule|Endless Battle Clause: Forcing endless battles is banned
|rule|Species Clause: Limit one of each Pokémon
|rule|OHKO Clause: OHKO moves are banned
|rule|Evasion Items Clause: Evasion items are banned
|rule|Evasion Moves Clause: Evasion moves are banned
|rule|Evasion Abilities Clause: Evasion abilities are banned
|rule|Sleep Moves Clause: Sleep-inducing moves are banned
|clearpoke
|poke|p1|Great Tusk|
|poke|p1|Tinkaton, F|
|poke|p1|Tornadus-Therian, M|
|poke|p1|Samurott-Hisui, M|
|poke|p1|Slowking-Galar, M|
|poke|p1|Sinistcha|
|poke|p2|Great Tusk|
|poke|p2|Venusaur, M|
|poke|p2|Walking Wake|
|poke|p2|Kingambit, M|
|poke|p2|Ninetales, F|
|poke|p2|Tornadus-Therian, M|
|teampreview
|c|☆PLAGUE|hf
|c|☆Lazuli|hf
|c|+5MGMatthew5|what's this for
|c|+Mister McLovin|scl
|c|+5MGMatthew5|on god fr?
|inactive|Lazuli has 270 seconds left.
|inactive|PLAGUE has 270 seconds left.
|c|+Mister McLovin|no
|c|☆PLAGUE|yh
|c|+5MGMatthew5|real
|c|+Dugtrio Is Broken|Wcop?
|c|☆PLAGUE|on some g shit 
|c|+be13costa|VAMO PLAGUE
|c|+5MGMatthew5|LTWC?
|c|+Mister McLovin|vamos chile
|inactive|PLAGUE has 240 seconds left.
|c|☆Lazuli|porra
|c|+Mister McLovin|vai vencer
|inactive|PLAGUE has 210 seconds left.
|
|t:|1759075085
|teamsize|p1|6
|teamsize|p2|6
|start
|switch|p1a: Tornadus|Tornadus-Therian, M|100/100
|switch|p2a: Kingambit|Kingambit, M|100/100
|-item|p2a: Kingambit|Air Balloon
|turn|1
|c|+5MGMatthew5|insane
|
|t:|1759075109
|-end|p2a: Kingambit|fallenundefined|[silent]
|switch|p2a: Tornadus|Tornadus-Therian, M|100/100
|move|p1a: Tornadus|Heat Wave|p2a: Tornadus
|-damage|p2a: Tornadus|84/100
|
|upkeep
|turn|2
|inactive|Lazuli has 270 seconds left.
|
|t:|1759075143
|move|p1a: Tornadus|U-turn|p2a: Tornadus
|-resisted|p2a: Tornadus
|-damage|p2a: Tornadus|75/100
|
|t:|1759075145
|switch|p1a: Nazuna|Samurott-Hisui, M|100/100|[from] U-turn
|move|p2a: Tornadus|Bleakwind Storm|p1a: Nazuna|[miss]
|-miss|p2a: Tornadus|p1a: Nazuna
|
|upkeep
|turn|3
|c|+5MGMatthew5|bleakmiss
|inactive|PLAGUE has 240 seconds left.
|inactive|PLAGUE has 210 seconds left.
|
|t:|1759075204
|move|p1a: Nazuna|Ceaseless Edge|p2a: Tornadus
|-damage|p2a: Tornadus|27/100
|-sidestart|p2: PLAGUE|Spikes
|move|p2a: Tornadus|U-turn|p1a: Nazuna
|-supereffective|p1a: Nazuna
|-damage|p1a: Nazuna|63/100
|inactive|PLAGUE has 180 seconds left.
|
|t:|1759075249
|switch|p2a: Kingambit|Kingambit, M|100/100|[from] U-turn
|-item|p2a: Kingambit|Air Balloon
|
|upkeep
|turn|4
|
|t:|1759075269
|move|p1a: Nazuna|Ceaseless Edge|p2a: Kingambit
|-resisted|p2a: Kingambit
|-damage|p2a: Kingambit|86/100
|-enditem|p2a: Kingambit|Air Balloon
|-sidestart|p2: PLAGUE|Spikes
|move|p2a: Kingambit|Swords Dance|p2a: Kingambit
|-boost|p2a: Kingambit|atk|2
|
|upkeep
|turn|5
|inactive|Lazuli has 270 seconds left.
|inactive|PLAGUE has 150 seconds left.
|inactive|Lazuli has 240 seconds left.
|inactive|Lazuli has 210 seconds left.
|
|t:|1759075351
|-terastallize|p2a: Kingambit|Fairy
|move|p1a: Nazuna|Ceaseless Edge|p2a: Kingambit|[miss]
|-miss|p1a: Nazuna|p2a: Kingambit
|move|p2a: Kingambit|Tera Blast|p1a: Nazuna|[anim] Tera Blast Fairy
|-supereffective|p1a: Nazuna
|-damage|p1a: Nazuna|0 fnt
|faint|p1a: Nazuna
|
|upkeep
|inactive|Lazuli has 210 seconds left.
|
|t:|1759075373
|switch|p1a: Tinkaton|Tinkaton, F|100/100
|-item|p1a: Tinkaton|Air Balloon
|turn|6
|
|t:|1759075388
|move|p1a: Tinkaton|Gigaton Hammer|p2a: Kingambit
|-supereffective|p2a: Kingambit
|-damage|p2a: Kingambit|17/100
|move|p2a: Kingambit|Kowtow Cleave|p1a: Tinkaton
|-resisted|p1a: Tinkaton
|-damage|p1a: Tinkaton|44/100
|-enditem|p1a: Tinkaton|Air Balloon
|
|upkeep
|turn|7
|inactive|Lazuli has 210 seconds left.
|inactive|PLAGUE has 150 seconds left.
|
|t:|1759075405
|move|p1a: Tinkaton|Stealth Rock|p2a: Kingambit
|-sidestart|p2: PLAGUE|move: Stealth Rock
|move|p2a: Kingambit|Tera Blast|p1a: Tinkaton|[anim] Tera Blast Fairy
|-resisted|p1a: Tinkaton
|-crit|p1a: Tinkaton
|-damage|p1a: Tinkaton|0 fnt
|faint|p1a: Tinkaton
|
|upkeep
|
|t:|1759075410
|switch|p1a: Great Tusk|Great Tusk|100/100
|turn|8
|inactive|PLAGUE has 150 seconds left.
|inactive|PLAGUE has 120 seconds left.
|
|t:|1759075469
|-end|p2a: Kingambit|fallenundefined|[silent]
|switch|p2a: Venusaur|Venusaur, M|100/100
|-damage|p2a: Venusaur|84/100|[from] Spikes
|-damage|p2a: Venusaur|72/100|[from] Stealth Rock
|move|p1a: Great Tusk|Earthquake|p2a: Venusaur
|-damage|p2a: Venusaur|18/100
|
|upkeep
|turn|9
|inactive|Lazuli has 210 seconds left.
|
|t:|1759075491
|move|p1a: Great Tusk|Rapid Spin|p2a: Venusaur
|-damage|p2a: Venusaur|0 fnt
|-boost|p1a: Great Tusk|spe|1
|faint|p2a: Venusaur
|
|upkeep
|
|t:|1759075500
|switch|p2a: Walking Wake|Walking Wake|100/100
|-damage|p2a: Walking Wake|84/100|[from] Spikes
|-damage|p2a: Walking Wake|72/100|[from] Stealth Rock
|turn|10
|
|t:|1759075520
|-end|p1a: Great Tusk|Protosynthesis|[silent]
|switch|p1a: Tornadus|Tornadus-Therian, M|100/100
|move|p2a: Walking Wake|Hydro Steam|p1a: Tornadus
|-crit|p1a: Tornadus
|-damage|p1a: Tornadus|34/100
|
|upkeep
|turn|11
|inactive|Lazuli has 210 seconds left.
|
|t:|1759075541
|move|p1a: Tornadus|Knock Off|p2a: Walking Wake
|-damage|p2a: Walking Wake|48/100
|-enditem|p2a: Walking Wake|Choice Specs|[from] move: Knock Off|[of] p1a: Tornadus
|move|p2a: Walking Wake|Hydro Steam|p1a: Tornadus
|-damage|p1a: Tornadus|2/100
|
|upkeep
|turn|12
|inactive|Lazuli has 210 seconds left.
|inactive|PLAGUE has 90 seconds left.
|inactive|PLAGUE has 60 seconds left.
|
|t:|1759075600
|switch|p1a: Slowking|Slowking-Galar, M|100/100
|move|p2a: Walking Wake|Hydro Steam|p1a: Slowking
|-damage|p1a: Slowking|77/100
|
|upkeep
|turn|13
|inactive|PLAGUE has 60 seconds left.
|inactive|PLAGUE has 30 seconds left.
|
|t:|1759075642
|-end|p2a: Walking Wake|Protosynthesis|[silent]
|switch|p2a: Great Tusk|Great Tusk|100/100
|-damage|p2a: Great Tusk|84/100|[from] Spikes
|-damage|p2a: Great Tusk|81/100|[from] Stealth Rock
|move|p1a: Slowking|Sludge Bomb|p2a: Great Tusk
|-resisted|p2a: Great Tusk
|-damage|p2a: Great Tusk|61/100
|-status|p2a: Great Tusk|psn
|
|-damage|p2a: Great Tusk|49/100 psn|[from] psn
|upkeep
|turn|14
|inactive|PLAGUE has 30 seconds left.
|inactive|PLAGUE has 20 seconds left.
|inactive|PLAGUE has 15 seconds left.
|
|t:|1759075673
|-end|p2a: Great Tusk|Protosynthesis|[silent]
|switch|p2a: Ninetales|Ninetales, F|100/100
|-damage|p2a: Ninetales|84/100|[from] Spikes
|-damage|p2a: Ninetales|59/100|[from] Stealth Rock
|-weather|SunnyDay|[from] ability: Drought|[of] p2a: Ninetales
|switch|p1a: Sinistcha|Sinistcha|100/100
|
|-weather|SunnyDay|[upkeep]
|upkeep
|turn|15
|inactive|PLAGUE has 25 seconds left this turn.
|inactive|PLAGUE has 20 seconds left.
|
|t:|1759075682
|switch|p1a: Slowking|Slowking-Galar, M|100/100
|move|p2a: Ninetales|Healing Wish|p2a: Ninetales
|faint|p2a: Ninetales
|
|-weather|SunnyDay|[upkeep]
|upkeep
|inactive|PLAGUE has 25 seconds left this turn.
|inactive|PLAGUE has 20 seconds left.
|
|t:|1759075691
|switch|p2a: Kingambit|Kingambit, M, tera:Fairy|17/100
|-heal|p2a: Kingambit|100/100|[from] move: Healing Wish
|-damage|p2a: Kingambit|84/100|[from] Spikes
|-damage|p2a: Kingambit|72/100|[from] Stealth Rock
|-activate|p2a: Kingambit|ability: Supreme Overlord
|-start|p2a: Kingambit|fallen2|[silent]
|turn|16
|inactive|PLAGUE has 30 seconds left this turn.
|inactive|PLAGUE has 20 seconds left.
|inactive|PLAGUE has 15 seconds left.
|inactive|PLAGUE has 10 seconds left.
|inactive|Lazuli has 180 seconds left.
|inactive|PLAGUE has 5 seconds left.
|c|☆PLAGUE|t
|
|t:|1759075745
|-end|p2a: Kingambit|fallen2|[silent]
|switch|p2a: Great Tusk|Great Tusk|49/100 psn
|-damage|p2a: Great Tusk|33/100 psn|[from] Spikes
|-damage|p2a: Great Tusk|30/100 psn|[from] Stealth Rock
|-activate|p2a: Great Tusk|ability: Protosynthesis
|-start|p2a: Great Tusk|protosynthesisatk
|-terastallize|p1a: Slowking|Water
|move|p1a: Slowking|Sludge Bomb|p2a: Great Tusk
|-resisted|p2a: Great Tusk
|-damage|p2a: Great Tusk|12/100 psn
|
|-weather|SunnyDay|[upkeep]
|-damage|p2a: Great Tusk|0 fnt|[from] psn
|faint|p2a: Great Tusk
|-end|p2a: Great Tusk|Protosynthesis|[silent]
|upkeep
|inactive|PLAGUE has 10 seconds left this turn.
|inactive|PLAGUE has 5 seconds left.
|
|t:|1759075753
|switch|p2a: Walking Wake|Walking Wake|48/100
|-damage|p2a: Walking Wake|32/100|[from] Spikes
|-damage|p2a: Walking Wake|19/100|[from] Stealth Rock
|-activate|p2a: Walking Wake|ability: Protosynthesis
|-start|p2a: Walking Wake|protosynthesisspa
|turn|17
|inactive|PLAGUE has 15 seconds left this turn.
|inactive|PLAGUE has 10 seconds left.
|
|t:|1759075763
|move|p2a: Walking Wake|Draco Meteor|p1a: Slowking|[miss]
|-miss|p2a: Walking Wake|p1a: Slowking
|move|p1a: Slowking|Sludge Bomb|p2a: Walking Wake
|-damage|p2a: Walking Wake|0 fnt
|faint|p2a: Walking Wake
|-end|p2a: Walking Wake|Protosynthesis|[silent]
|
|-weather|SunnyDay|[upkeep]
|upkeep
|inactive|PLAGUE has 15 seconds left this turn.
|
|t:|1759075767
|switch|p2a: Tornadus|Tornadus-Therian, M|60/100
|-damage|p2a: Tornadus|35/100|[from] Stealth Rock
|turn|18
|inactive|PLAGUE has 25 seconds left this turn.
|inactive|PLAGUE has 20 seconds left.
|inactive|PLAGUE has 15 seconds left.
|
|t:|1759075779
|move|p2a: Tornadus|Bleakwind Storm|p1a: Slowking
|-crit|p1a: Slowking
|-damage|p1a: Slowking|72/100
|move|p1a: Slowking|Psyshock|p2a: Tornadus
|-damage|p2a: Tornadus|0 fnt
|faint|p2a: Tornadus
|
|-weather|SunnyDay|[upkeep]
|upkeep
|inactive|PLAGUE has 20 seconds left this turn.
|
|t:|1759075782
|switch|p2a: Kingambit|Kingambit, M, tera:Fairy|72/100
|-damage|p2a: Kingambit|55/100|[from] Spikes
|-damage|p2a: Kingambit|43/100|[from] Stealth Rock
|-activate|p2a: Kingambit|ability: Supreme Overlord
|-start|p2a: Kingambit|fallen5|[silent]
|turn|19
|inactive|PLAGUE has 30 seconds left this turn.
|inactive|Lazuli has 180 seconds left.
|inactive|PLAGUE has 20 seconds left.
|inactive|PLAGUE has 15 seconds left.
|inactive|PLAGUE has 10 seconds left.
|inactive|Lazuli has 150 seconds left.
|inactive|Lazuli has 120 seconds left.
|
|t:|1759075848
|move|p2a: Kingambit|Kowtow Cleave|p1a: Slowking
|-crit|p1a: Slowking
|-damage|p1a: Slowking|0 fnt
|faint|p1a: Slowking
|
|-weather|SunnyDay|[upkeep]
|upkeep
|inactive|Lazuli has 120 seconds left.
|
|t:|1759075855
|switch|p1a: Great Tusk|Great Tusk|100/100
|-activate|p1a: Great Tusk|ability: Protosynthesis
|-start|p1a: Great Tusk|protosynthesisspe
|turn|20
|inactive|PLAGUE has 25 seconds left this turn.
|inactive|PLAGUE has 20 seconds left.
|inactive|Lazuli has 120 seconds left.
|inactive|PLAGUE has 15 seconds left.
|inactive|PLAGUE has 10 seconds left.
|
|t:|1759075875
|move|p1a: Great Tusk|Bulk Up|p1a: Great Tusk
|-boost|p1a: Great Tusk|atk|1
|-boost|p1a: Great Tusk|def|1
|move|p2a: Kingambit|Tera Blast|p1a: Great Tusk|[anim] Tera Blast Fairy
|-supereffective|p1a: Great Tusk
|-damage|p1a: Great Tusk|46/100
|
|-weather|SunnyDay|[upkeep]
|-heal|p1a: Great Tusk|52/100|[from] item: Leftovers
|upkeep
|turn|21
|inactive|PLAGUE has 20 seconds left this turn.
|inactive|Lazuli has 120 seconds left.
|inactive|PLAGUE has 15 seconds left.
|
|t:|1759075883
|move|p1a: Great Tusk|Earthquake|p2a: Kingambit
|-damage|p2a: Kingambit|0 fnt
|faint|p2a: Kingambit
|-end|p2a: Kingambit|fallen5|[silent]
|
|win|Lazuli
|c|☆PLAGUE|gg
|c|☆Lazuli|gg
