|j|☆ggzbroski
|j|☆scar_bracho
|t:|1759050584
|gametype|singles
|player|p1|ggzbroski|265|1164
|player|p2|scar_bracho|shadowtriad|1206
|gen|9
|tier|[Gen 9] OU
|rated|
|rule|HP Percentage Mod: HP is shown in percentages
|rule|Endless Battle Clause: Forcing endless battles is banned
|rule|Species Clause: Limit one of each Pokémon
|rule|OHKO Clause: OHKO moves are banned
|rule|Evasion Items Clause: Evasion items are banned
|rule|Evasion Moves Clause: Evasion moves are banned
|rule|Evasion Abilities Clause: Evasion abilities are banned
|rule|Sleep Moves Clause: Sleep-inducing moves are banned
|clearpoke
|poke|p1|Darkrai|
|poke|p1|Ninetales-Alola, M|
|poke|p1|Corviknight, M|
|poke|p1|Gyarados, M|
|poke|p1|Dragapult, F|
|poke|p1|Garchomp, F|
|poke|p2|Porygon-Z|
|poke|p2|Conkeldurr, M|
|poke|p2|Forretress, M|
|poke|p2|Scizor, M|
|poke|p2|Sableye, F|
|poke|p2|Ambipom, M|
|teampreview
|inactive|Battle timer is ON: inactive players will automatically lose when time's up. (requested by scar_bracho)
|inactive|ggzbroski has 120 seconds left.
|
|t:|1759050640
|teamsize|p1|6
|teamsize|p2|6
|start
|switch|p1a: Garchomp|Garchomp, F|100/100
|switch|p2a: Forretress|Forretress, M|100/100
|turn|1
|
|t:|1759050645
|move|p1a: Garchomp|Earthquake|p2a: Forretress
|-damage|p2a: Forretress|68/100
|-enditem|p2a: Forretress|Red Card|[of] p1a: Garchomp
|drag|p1a: Dragapult|Dragapult, F|100/100
|move|p2a: Forretress|Stealth Rock|p1a: Dragapult
|-sidestart|p1: ggzbroski|move: Stealth Rock
|
|upkeep
|turn|2
|
|t:|1759050648
|move|p1a: Dragapult|Flamethrower|p2a: Forretress
|-supereffective|p2a: Forretress
|-damage|p2a: Forretress|0 fnt
|faint|p2a: Forretress
|-damage|p1a: Dragapult|91/100|[from] item: Life Orb
|
|upkeep
|
|t:|1759050671
|switch|p2a: Sableye|Sableye, F|100/100
|turn|3
|
|t:|1759050678
|switch|p1a: Darkrai|Darkrai|100/100
|-damage|p1a: Darkrai|88/100|[from] Stealth Rock
|-item|p1a: Darkrai|Air Balloon
|move|p2a: Sableye|Knock Off|p1a: Darkrai
|-resisted|p1a: Darkrai
|-damage|p1a: Darkrai|70/100
|-enditem|p1a: Darkrai|Air Balloon
|
|upkeep
|turn|4
|
|t:|1759050691
|switch|p2a: Porygon-Z|Porygon-Z|100/100
|move|p1a: Darkrai|Charge Beam|p2a: Porygon-Z
|-damage|p2a: Porygon-Z|75/100
|
|upkeep
|turn|5
|
|t:|1759050706
|-terastallize|p1a: Darkrai|Electric
|move|p1a: Darkrai|Charge Beam|p2a: Porygon-Z
|-crit|p2a: Porygon-Z
|-damage|p2a: Porygon-Z|13/100
|move|p2a: Porygon-Z|Zap Cannon|p1a: Darkrai|[miss]
|-miss|p2a: Porygon-Z|p1a: Darkrai
|-enditem|p2a: Porygon-Z|Blunder Policy
|-boost|p2a: Porygon-Z|spe|2
|
|upkeep
|turn|6
|
|t:|1759050720
|switch|p1a: Corviknight|Corviknight, M|100/100
|-damage|p1a: Corviknight|88/100|[from] Stealth Rock
|move|p2a: Porygon-Z|Tri Attack|p1a: Corviknight
|-resisted|p1a: Corviknight
|-damage|p1a: Corviknight|61/100
|
|upkeep
|turn|7
|
|t:|1759050731
|move|p2a: Porygon-Z|Tri Attack|p1a: Corviknight
|-resisted|p1a: Corviknight
|-damage|p1a: Corviknight|34/100
|move|p1a: Corviknight|Defog|p2a: Porygon-Z
|-unboost|p2a: Porygon-Z|evasion|1
|-sideend|p1: ggzbroski|Stealth Rock|[from] move: Defog|[of] p1a: Corviknight
|
|upkeep
|turn|8
|
|t:|1759050736
|move|p2a: Porygon-Z|Tri Attack|p1a: Corviknight
|-resisted|p1a: Corviknight
|-crit|p1a: Corviknight
|-damage|p1a: Corviknight|0 fnt
|faint|p1a: Corviknight
|
|upkeep
|
|t:|1759050742
|switch|p1a: Dragapult|Dragapult, F|91/100
|turn|9
|
|t:|1759050747
|move|p2a: Porygon-Z|Shadow Ball|p1a: Dragapult
|-supereffective|p1a: Dragapult
|-damage|p1a: Dragapult|13/100
|move|p1a: Dragapult|Shadow Ball|p2a: Porygon-Z
|-immune|p2a: Porygon-Z
|
|upkeep
|turn|10
|
|t:|1759050752
|move|p2a: Porygon-Z|Shadow Ball|p1a: Dragapult
|-supereffective|p1a: Dragapult
|-damage|p1a: Dragapult|0 fnt
|faint|p1a: Dragapult
|
|upkeep
|-message|ggzbroski forfeited.
|
|win|scar_bracho
|raw|ggzbroski's rating: 1164 &rarr; <strong>1142</strong><br />(-22 for losing)
|raw|scar_bracho's rating: 1206 &rarr; <strong>1228</strong><br />(+22 for winning)
|l|☆ggzbroski
|player|p1|
|l|☆scar_bracho
|player|p2|
