|badge|p2|bronze|gen9ou|100-6
|html|<div class="broadcast-red"><strong>This battle is required to be public due to one or more player having a season medal.</strong><br />During the public phase, you can discuss the state of the ladder <a href="/seasondiscussion">in a special chatroom.</a></div>
|uhtml|medal-msg|<div class="broadcast-blue">Curious what those medals under the avatar are? PS now has Ladder Seasons! For more information, check out the <a href="https://www.smogon.com/forums/threads/3740067/">thread on Smogon.</a></div>
|raw|<div class="broadcast-blue"><strong>This battle is required to be public due to a player having a name starting with 'medal'.</div>
|j|☆primarina marina
|j|☆MunchlaxTheGodKing
|t:|1758984801
|gametype|singles
|player|p1|primarina marina|169|1776
|player|p2|MunchlaxTheGodKing|furisodegirl-black|1742
|gen|9
|tier|[Gen 9] OU
|rated|
|rule|HP Percentage Mod: HP is shown in percentages
|rule|Endless Battle Clause: Forcing endless battles is banned
|rule|Species Clause: Limit one of each Pokémon
|rule|OHKO Clause: OHKO moves are banned
|rule|Evasion Items Clause: Evasion items are banned
|rule|Evasion Moves Clause: Evasion moves are banned
|rule|Evasion Abilities Clause: Evasion abilities are banned
|rule|Sleep Moves Clause: Sleep-inducing moves are banned
|clearpoke
|poke|p1|Ninetales, M|
|poke|p1|Dragonite, F|
|poke|p1|Cinderace, M|
|poke|p1|Walking Wake|
|poke|p1|Cresselia, F|
|poke|p1|Great Tusk|
|poke|p2|Zamazenta-*|
|poke|p2|Dragapult, F|
|poke|p2|Raging Bolt|
|poke|p2|Moltres|
|poke|p2|Iron Treads|
|poke|p2|Samurott-Hisui, F|
|teampreview
|inactive|Battle timer is ON: inactive players will automatically lose when time's up. (requested by MunchlaxTheGodKing)
|
|t:|1758984814
|teamsize|p1|6
|teamsize|p2|6
|start
|switch|p1a: Ninetales|Ninetales, M|100/100
|switch|p2a: 长脖奶龙|Raging Bolt|100/100
|-weather|SunnyDay|[from] ability: Drought|[of] p1a: Ninetales
|-activate|p2a: 长脖奶龙|ability: Protosynthesis
|-start|p2a: 长脖奶龙|protosynthesisspa
|turn|1
|
|t:|1758984821
|switch|p1a: Cresselia|Cresselia, F|100/100
|move|p2a: 长脖奶龙|Draco Meteor|p1a: Cresselia
|-damage|p1a: Cresselia|43/100
|-unboost|p2a: 长脖奶龙|spa|2
|-enditem|p1a: Cresselia|Eject Button
|
|t:|1758984824
|switch|p1a: Great Tusk|Great Tusk|100/100
|-activate|p1a: Great Tusk|ability: Protosynthesis
|-start|p1a: Great Tusk|protosynthesisspe
|
|-weather|SunnyDay|[upkeep]
|upkeep
|turn|2
|
|t:|1758984832
|-end|p2a: 长脖奶龙|Protosynthesis|[silent]
|switch|p2a: Moltres|Moltres|100/100
|move|p1a: Great Tusk|Close Combat|p2a: Moltres
|-resisted|p2a: Moltres
|-damage|p2a: Moltres|72/100
|-unboost|p1a: Great Tusk|def|1
|-unboost|p1a: Great Tusk|spd|1
|-enditem|p1a: Great Tusk|Eject Pack
|
|t:|1758984834
|-end|p1a: Great Tusk|Protosynthesis|[silent]
|switch|p1a: Walking Wake|Walking Wake|100/100
|-activate|p1a: Walking Wake|ability: Protosynthesis
|-start|p1a: Walking Wake|protosynthesisspa
|
|-weather|SunnyDay|[upkeep]
|upkeep
|turn|3
|j| dsvdv
|l| dsvdv
|
|t:|1758984841
|switch|p2a: 踩踩背|Iron Treads|100/100
|move|p1a: Walking Wake|Hydro Steam|p2a: 踩踩背
|-supereffective|p2a: 踩踩背
|-damage|p2a: 踩踩背|0 fnt
|faint|p2a: 踩踩背
|-end|p2a: 踩踩背|Quark Drive|[silent]
|
|-weather|SunnyDay|[upkeep]
|upkeep
|
|t:|1758984845
|switch|p2a: 90%≠don't blunder|Samurott-Hisui, F|100/100
|turn|4
|
|t:|1758984850
|move|p1a: Walking Wake|Hydro Steam|p2a: 90%≠don't blunder
|-resisted|p2a: 90%≠don't blunder
|-damage|p2a: 90%≠don't blunder|10/100
|move|p2a: 90%≠don't blunder|Ceaseless Edge|p1a: Walking Wake|[miss]
|-miss|p2a: 90%≠don't blunder|p1a: Walking Wake
|
|-weather|SunnyDay|[upkeep]
|upkeep
|turn|5
|c|☆MunchlaxTheGodKing|fk
|j| pika2333
|inactive|MunchlaxTheGodKing has 120 seconds left.
|inactive|MunchlaxTheGodKing has 90 seconds left.
|j| tiochicodobos
|
|t:|1758984937
|move|p1a: Walking Wake|Hydro Steam|p2a: 90%≠don't blunder
|-resisted|p2a: 90%≠don't blunder
|-damage|p2a: 90%≠don't blunder|0 fnt
|faint|p2a: 90%≠don't blunder
|
|-weather|SunnyDay|[upkeep]
|upkeep
|
|t:|1758984939
|switch|p2a: 长脖奶龙|Raging Bolt|100/100
|-activate|p2a: 长脖奶龙|ability: Protosynthesis
|-start|p2a: 长脖奶龙|protosynthesisspa
|turn|6
|j| wgw2333
|
|t:|1758984953
|move|p1a: Walking Wake|Hydro Steam|p2a: 长脖奶龙
|-resisted|p2a: 长脖奶龙
|-damage|p2a: 长脖奶龙|38/100
|move|p2a: 长脖奶龙|Volt Switch|p1a: Walking Wake
|-damage|p1a: Walking Wake|37/100
|
|t:|1758984960
|-end|p2a: 长脖奶龙|Protosynthesis|[silent]
|switch|p2a: 24岁 喜欢发射孩子|Dragapult, F|100/100|[from] Volt Switch
|
|-weather|SunnyDay|[upkeep]
|upkeep
|turn|7
|
|t:|1758984965
|-end|p1a: Walking Wake|Protosynthesis|[silent]
|switch|p1a: Great Tusk|Great Tusk|100/100
|-activate|p1a: Great Tusk|ability: Protosynthesis
|-start|p1a: Great Tusk|protosynthesisspe
|move|p2a: 24岁 喜欢发射孩子|Shadow Ball|p1a: Great Tusk
|-damage|p1a: Great Tusk|28/100
|
|-weather|SunnyDay|[upkeep]
|upkeep
|turn|8
|
|t:|1758984970
|switch|p2a: Moltres|Moltres|72/100
|move|p1a: Great Tusk|Ice Spinner|p2a: Moltres
|-damage|p2a: Moltres|48/100
|
|-weather|none
|-end|p1a: Great Tusk|Protosynthesis
|upkeep
|turn|9
|
|t:|1758984973
|-end|p1a: Great Tusk|Protosynthesis|[silent]
|switch|p1a: Walking Wake|Walking Wake|37/100
|move|p2a: Moltres|Scorching Sands|p1a: Walking Wake
|-damage|p1a: Walking Wake|8/100
|
|upkeep
|turn|10
|
|t:|1758984979
|switch|p2a: 脑袋尖尖的|Zamazenta|100/100
|-ability|p2a: 脑袋尖尖的|Dauntless Shield|boost
|-boost|p2a: 脑袋尖尖的|def|1
|move|p1a: Walking Wake|Dragon Pulse|p2a: 脑袋尖尖的
|-damage|p2a: 脑袋尖尖的|38/100
|
|upkeep
|turn|11
|inactive|MunchlaxTheGodKing has 120 seconds left.
|
|t:|1758984987
|move|p2a: 脑袋尖尖的|Crunch|p1a: Walking Wake
|-damage|p1a: Walking Wake|0 fnt
|faint|p1a: Walking Wake
|-end|p1a: Walking Wake|Protosynthesis|[silent]
|-damage|p2a: 脑袋尖尖的|28/100|[from] item: Life Orb
|
|upkeep
|
|t:|1758984991
|switch|p1a: Cinderace|Cinderace, M|100/100
|turn|12
|
|t:|1758984995
|move|p1a: Cinderace|Pyro Ball|p2a: 脑袋尖尖的
|-damage|p2a: 脑袋尖尖的|0 fnt
|faint|p2a: 脑袋尖尖的
|
|upkeep
|
|t:|1758984999
|switch|p2a: 24岁 喜欢发射孩子|Dragapult, F|100/100
|turn|13
|
|t:|1758985008
|move|p1a: Cinderace|Pyro Ball|p2a: 24岁 喜欢发射孩子
|-resisted|p2a: 24岁 喜欢发射孩子
|-damage|p2a: 24岁 喜欢发射孩子|61/100
|move|p2a: 24岁 喜欢发射孩子|Shadow Ball|p1a: Cinderace
|-damage|p1a: Cinderace|25/100
|
|upkeep
|turn|14
|
|t:|1758985021
|move|p1a: Cinderace|Pyro Ball|p2a: 24岁 喜欢发射孩子
|-resisted|p2a: 24岁 喜欢发射孩子
|-damage|p2a: 24岁 喜欢发射孩子|20/100
|move|p2a: 24岁 喜欢发射孩子|Shadow Ball|p1a: Cinderace
|-damage|p1a: Cinderace|0 fnt
|faint|p1a: Cinderace
|
|upkeep
|
|t:|1758985027
|switch|p1a: Dragonite|Dragonite, F|100/100
|turn|15
|
|t:|1758985051
|move|p2a: 24岁 喜欢发射孩子|Shadow Ball|p1a: Dragonite
|-damage|p1a: Dragonite|72/100
|move|p1a: Dragonite|Earthquake|p2a: 24岁 喜欢发射孩子
|-damage|p2a: 24岁 喜欢发射孩子|0 fnt
|faint|p2a: 24岁 喜欢发射孩子
|
|upkeep
|
|t:|1758985054
|switch|p2a: 长脖奶龙|Raging Bolt|38/100
|turn|16
|
|t:|1758985061
|switch|p1a: Cresselia|Cresselia, F|43/100
|-terastallize|p2a: 长脖奶龙|Fairy
|move|p2a: 长脖奶龙|Draco Meteor|p1a: Cresselia|[miss]
|-miss|p2a: 长脖奶龙|p1a: Cresselia
|
|upkeep
|turn|17
|j| Le Bouquetin
|
|t:|1758985080
|move|p2a: 长脖奶龙|Volt Switch|p1a: Cresselia
|-damage|p1a: Cresselia|19/100
|
|t:|1758985081
|-end|p2a: 长脖奶龙|Protosynthesis|[silent]
|switch|p2a: Moltres|Moltres|48/100|[from] Volt Switch
|move|p1a: Cresselia|Thunder Wave|p2a: Moltres
|-status|p2a: Moltres|par
|
|upkeep
|turn|18
|
|t:|1758985086
|move|p1a: Cresselia|Lunar Dance|p1a: Cresselia
|faint|p1a: Cresselia
|cant|p2a: Moltres|par
|
|upkeep
|
|t:|1758985089
|switch|p1a: Dragonite|Dragonite, F|72/100
|-heal|p1a: Dragonite|100/100|[from] move: Lunar Dance
|turn|19
|
|t:|1758985093
|move|p1a: Dragonite|Rock Slide|p2a: Moltres
|-supereffective|p2a: Moltres
|-damage|p2a: Moltres|0 fnt
|faint|p2a: Moltres
|
|upkeep
|j| cryyysneasel
|
|t:|1758985094
|switch|p2a: 长脖奶龙|Raging Bolt, tera:Fairy|38/100
|turn|20
|
|t:|1758985098
|-terastallize|p1a: Dragonite|Fairy
|move|p1a: Dragonite|Tera Blast|p2a: 长脖奶龙|[anim] Tera Blast Fairy
|-damage|p2a: 长脖奶龙|0 fnt
|faint|p2a: 长脖奶龙
|-end|p2a: 长脖奶龙|Protosynthesis|[silent]
|
|win|primarina marina
|raw|primarina marina's rating: 1776 &rarr; <strong>1795</strong><br />(+19 for winning)
|raw|MunchlaxTheGodKing's rating: 1758 &rarr; <strong>1739</strong><br />(-19 for losing)
|l|☆primarina marina
|player|p1|
|l|☆MunchlaxTheGodKing
|player|p2|
|l| pika2333
|l| Le Bouquetin
