|badge|p1|silver|gen9ou|30-6
|html|<div class="broadcast-red"><strong>This battle is required to be public due to one or more player having a season medal.</strong><br />During the public phase, you can discuss the state of the ladder <a href="/seasondiscussion">in a special chatroom.</a></div>
|uhtml|medal-msg|<div class="broadcast-blue">Curious what those medals under the avatar are? PS now has Ladder Seasons! For more information, check out the <a href="https://www.smogon.com/forums/threads/3740067/">thread on Smogon.</a></div>
|badge|p2|bronze|gen9ou|100-6
|uhtml|medal-msg|<div class="broadcast-blue">Curious what those medals under the avatar are? PS now has Ladder Seasons! For more information, check out the <a href="https://www.smogon.com/forums/threads/3740067/">thread on Smogon.</a></div>
|raw|<div class="broadcast-blue"><strong>This battle is required to be public due to a player having a name starting with 'medal'.</div>
|j|☆D Gym Teacher
|j|☆chusei20
|t:|1759065117
|gametype|singles
|player|p1|D Gym Teacher|veteran|1911
|player|p2|chusei20|265|1868
|gen|9
|tier|[Gen 9] OU
|rated|
|rule|HP Percentage Mod: HP is shown in percentages
|rule|Endless Battle Clause: Forcing endless battles is banned
|rule|Species Clause: Limit one of each Pokémon
|rule|OHKO Clause: OHKO moves are banned
|rule|Evasion Items Clause: Evasion items are banned
|rule|Evasion Moves Clause: Evasion moves are banned
|rule|Evasion Abilities Clause: Evasion abilities are banned
|rule|Sleep Moves Clause: Sleep-inducing moves are banned
|clearpoke
|poke|p1|Great Tusk|
|poke|p1|Slowking-Galar, M|
|poke|p1|Corviknight, F|
|poke|p1|Clefable, F|
|poke|p1|Samurott-Hisui, M|
|poke|p1|Dragapult, F|
|poke|p2|Kyurem|
|poke|p2|Ting-Lu|
|poke|p2|Iron Valiant|
|poke|p2|Glimmora, F|
|poke|p2|Moltres|
|poke|p2|Raging Bolt|
|teampreview
|j| IMMAAXX
|
|t:|1759065131
|teamsize|p1|6
|teamsize|p2|6
|start
|switch|p1a: P!nk|Clefable, F|100/100
|switch|p2a: Iron Valiant|Iron Valiant|100/100
|-enditem|p2a: Iron Valiant|Booster Energy
|-activate|p2a: Iron Valiant|ability: Quark Drive|[fromitem]
|-start|p2a: Iron Valiant|quarkdrivespe
|turn|1
|
|t:|1759065145
|move|p2a: Iron Valiant|Knock Off|p1a: P!nk
|-resisted|p1a: P!nk
|-damage|p1a: P!nk|88/100
|-enditem|p1a: P!nk|Leftovers|[from] move: Knock Off|[of] p2a: Iron Valiant
|move|p1a: P!nk|Stealth Rock|p2a: Iron Valiant
|-sidestart|p2: chusei20|move: Stealth Rock
|
|upkeep
|turn|2
|
|t:|1759065157
|-end|p2a: Iron Valiant|Quark Drive|[silent]
|switch|p2a: Moltres|Moltres|100/100
|switch|p1a: Voyageur|Corviknight, F|100/100
|-ability|p1a: Voyageur|Pressure
|
|upkeep
|turn|3
|
|t:|1759065168
|switch|p1a: P!nk|Clefable, F|88/100
|move|p2a: Moltres|U-turn|p1a: P!nk
|-resisted|p1a: P!nk
|-damage|p1a: P!nk|83/100
|
|t:|1759065171
|switch|p2a: Glimmora|Glimmora, F|100/100|[from] U-turn
|-damage|p2a: Glimmora|88/100|[from] Stealth Rock
|
|upkeep
|turn|4
|
|t:|1759065177
|switch|p1a: Alchemist|Slowking-Galar, M|100/100
|move|p2a: Glimmora|Sludge Wave|p1a: Alchemist
|-resisted|p1a: Alchemist
|-damage|p1a: Alchemist|89/100
|
|upkeep
|turn|5
|
|t:|1759065183
|switch|p2a: Ting-Lu|Ting-Lu|100/100
|-damage|p2a: Ting-Lu|94/100|[from] Stealth Rock
|-ability|p2a: Ting-Lu|Vessel of Ruin
|move|p1a: Alchemist|Ice Beam|p2a: Ting-Lu
|-supereffective|p2a: Ting-Lu
|-damage|p2a: Ting-Lu|70/100
|
|-heal|p2a: Ting-Lu|76/100|[from] item: Leftovers
|upkeep
|turn|6
|inactive|Battle timer is ON: inactive players will automatically lose when time's up. (requested by chusei20)
|
|t:|1759065200
|switch|p1a: Jack|Samurott-Hisui, M|100/100
|move|p2a: Ting-Lu|Stealth Rock|p1a: Jack
|-sidestart|p1: D Gym Teacher|move: Stealth Rock
|
|-heal|p2a: Ting-Lu|83/100|[from] item: Leftovers
|upkeep
|turn|7
|
|t:|1759065203
|move|p1a: Jack|Aqua Cutter|p2a: Ting-Lu
|-supereffective|p2a: Ting-Lu
|-damage|p2a: Ting-Lu|33/100
|move|p2a: Ting-Lu|Earthquake|p1a: Jack
|-damage|p1a: Jack|56/100
|
|-heal|p2a: Ting-Lu|39/100|[from] item: Leftovers
|upkeep
|turn|8
|
|t:|1759065212
|switch|p2a: Kyurem|Kyurem|100/100
|-damage|p2a: Kyurem|76/100|[from] Stealth Rock
|-ability|p2a: Kyurem|Pressure
|move|p1a: Jack|Ceaseless Edge|p2a: Kyurem
|-damage|p2a: Kyurem|30/100
|-sidestart|p2: chusei20|Spikes
|
|-heal|p2a: Kyurem|37/100|[from] item: Leftovers
|upkeep
|turn|9
|
|t:|1759065227
|switch|p1a: Alchemist|Slowking-Galar, M|100/100
|-damage|p1a: Alchemist|88/100|[from] Stealth Rock
|move|p2a: Kyurem|Freeze-Dry|p1a: Alchemist
|-damage|p1a: Alchemist|71/100
|
|-heal|p2a: Kyurem|43/100|[from] item: Leftovers
|upkeep
|turn|10
|
|t:|1759065231
|move|p2a: Kyurem|Earth Power|p1a: Alchemist
|-supereffective|p1a: Alchemist
|-damage|p1a: Alchemist|43/100
|move|p1a: Alchemist|Sludge Bomb|p2a: Kyurem
|-damage|p2a: Kyurem|0 fnt
|faint|p2a: Kyurem
|
|upkeep
|
|t:|1759065232
|switch|p2a: Glimmora|Glimmora, F|88/100
|-damage|p2a: Glimmora|76/100|[from] Stealth Rock
|-damage|p2a: Glimmora|63/100|[from] Spikes
|turn|11
|
|t:|1759065242
|move|p2a: Glimmora|Power Gem|p1a: Alchemist
|-damage|p1a: Alchemist|20/100
|move|p1a: Alchemist|Psyshock|p2a: Glimmora
|-supereffective|p2a: Glimmora
|-damage|p2a: Glimmora|0 fnt
|faint|p2a: Glimmora
|
|upkeep
|
|t:|1759065247
|switch|p2a: Iron Valiant|Iron Valiant|100/100
|-damage|p2a: Iron Valiant|94/100|[from] Stealth Rock
|-damage|p2a: Iron Valiant|82/100|[from] Spikes
|turn|12
|
|t:|1759065255
|switch|p1a: P!nk|Clefable, F|83/100
|move|p2a: Iron Valiant|Swords Dance|p2a: Iron Valiant
|-boost|p2a: Iron Valiant|atk|2
|
|upkeep
|turn|13
|j| 0zorcNecropHades
|
|t:|1759065260
|move|p2a: Iron Valiant|Close Combat|p1a: P!nk
|-resisted|p1a: P!nk
|-damage|p1a: P!nk|36/100
|-unboost|p2a: Iron Valiant|def|1
|-unboost|p2a: Iron Valiant|spd|1
|move|p1a: P!nk|Moonblast|p2a: Iron Valiant
|-supereffective|p2a: Iron Valiant
|-damage|p2a: Iron Valiant|0 fnt
|faint|p2a: Iron Valiant
|-end|p2a: Iron Valiant|Quark Drive|[silent]
|
|upkeep
|c| 0zorcNecropHades|1800s
|c| 0zorcNecropHades|congrats
|c| 0zorcNecropHades|gl
|
|t:|1759065266
|switch|p2a: Raging Bolt|Raging Bolt|100/100
|-damage|p2a: Raging Bolt|88/100|[from] Stealth Rock
|-damage|p2a: Raging Bolt|76/100|[from] Spikes
|-enditem|p2a: Raging Bolt|Booster Energy
|-activate|p2a: Raging Bolt|ability: Protosynthesis|[fromitem]
|-start|p2a: Raging Bolt|protosynthesisspa
|turn|14
|
|t:|1759065273
|move|p2a: Raging Bolt|Thunderbolt|p1a: P!nk
|-damage|p1a: P!nk|0 fnt
|faint|p1a: P!nk
|
|upkeep
|
|t:|1759065280
|switch|p1a: Loxodonta|Great Tusk|100/100
|-damage|p1a: Loxodonta|98/100|[from] Stealth Rock
|turn|15
|
|t:|1759065286
|-terastallize|p2a: Raging Bolt|Flying
|move|p1a: Loxodonta|Headlong Rush|p2a: Raging Bolt
|-immune|p2a: Raging Bolt
|move|p2a: Raging Bolt|Dragon Pulse|p1a: Loxodonta
|-damage|p1a: Loxodonta|0 fnt
|faint|p1a: Loxodonta
|-end|p1a: Loxodonta|Protosynthesis|[silent]
|
|upkeep
|inactive|D Gym Teacher has 120 seconds left.
|
|t:|1759065319
|switch|p1a: Alchemist|Slowking-Galar, M|54/100
|-damage|p1a: Alchemist|41/100|[from] Stealth Rock
|turn|16
|
|t:|1759065323
|move|p2a: Raging Bolt|Calm Mind|p2a: Raging Bolt
|-boost|p2a: Raging Bolt|spa|1
|-boost|p2a: Raging Bolt|spd|1
|move|p1a: Alchemist|Ice Beam|p2a: Raging Bolt
|-supereffective|p2a: Raging Bolt
|-damage|p2a: Raging Bolt|37/100
|
|upkeep
|turn|17
|
|t:|1759065326
|move|p2a: Raging Bolt|Thunderbolt|p1a: Alchemist
|-damage|p1a: Alchemist|0 fnt
|faint|p1a: Alchemist
|
|upkeep
|
|t:|1759065329
|switch|p1a: Bull's-eye|Dragapult, F|100/100
|-damage|p1a: Bull's-eye|88/100|[from] Stealth Rock
|turn|18
|
|t:|1759065336
|move|p2a: Raging Bolt|Thunderclap|p1a: Bull's-eye
|-resisted|p1a: Bull's-eye
|-damage|p1a: Bull's-eye|34/100
|move|p1a: Bull's-eye|Thunderbolt|p2a: Raging Bolt
|-supereffective|p2a: Raging Bolt
|-damage|p2a: Raging Bolt|0 fnt
|faint|p2a: Raging Bolt
|-end|p2a: Raging Bolt|Protosynthesis|[silent]
|
|upkeep
|
|t:|1759065339
|switch|p2a: Ting-Lu|Ting-Lu|39/100
|-damage|p2a: Ting-Lu|33/100|[from] Stealth Rock
|-damage|p2a: Ting-Lu|21/100|[from] Spikes
|-ability|p2a: Ting-Lu|Vessel of Ruin
|turn|19
|
|t:|1759065346
|switch|p1a: Voyageur|Corviknight, F|100/100
|-damage|p1a: Voyageur|88/100|[from] Stealth Rock
|-ability|p1a: Voyageur|Pressure
|move|p2a: Ting-Lu|Spikes|p1a: Voyageur
|-sidestart|p1: D Gym Teacher|Spikes
|
|-heal|p2a: Ting-Lu|27/100|[from] item: Leftovers
|upkeep
|turn|20
|
|t:|1759065360
|move|p1a: Voyageur|U-turn|p2a: Ting-Lu
|-supereffective|p2a: Ting-Lu
|-damage|p2a: Ting-Lu|10/100
|
|t:|1759065364
|switch|p1a: Jack|Samurott-Hisui, M|56/100|[from] U-turn
|move|p2a: Ting-Lu|Spikes|p1a: Jack
|-sidestart|p1: D Gym Teacher|Spikes
|
|-heal|p2a: Ting-Lu|16/100|[from] item: Leftovers
|upkeep
|turn|21
|
|t:|1759065370
|move|p1a: Jack|Aqua Cutter|p2a: Ting-Lu
|-supereffective|p2a: Ting-Lu
|-crit|p2a: Ting-Lu
|-damage|p2a: Ting-Lu|0 fnt
|faint|p2a: Ting-Lu
|
|upkeep
|
|t:|1759065371
|switch|p2a: Moltres|Moltres|100/100
|turn|22
|
|t:|1759065378
|-terastallize|p1a: Jack|Fire
|move|p1a: Jack|Aqua Cutter|p2a: Moltres
|-supereffective|p2a: Moltres
|-damage|p2a: Moltres|33/100
|move|p2a: Moltres|U-turn|p1a: Jack
|-resisted|p1a: Jack
|-damage|p1a: Jack|47/100
|
|upkeep
|turn|23
|
|t:|1759065385
|move|p1a: Jack|Aqua Cutter|p2a: Moltres
|-supereffective|p2a: Moltres
|-crit|p2a: Moltres
|-damage|p2a: Moltres|0 fnt
|faint|p2a: Moltres
|
|win|D Gym Teacher
|raw|D Gym Teacher's rating: 1911 &rarr; <strong>1929</strong><br />(+18 for winning)
|raw|chusei20's rating: 1868 &rarr; <strong>1850</strong><br />(-18 for losing)
|l|☆chusei20
|player|p2|
|c|☆D Gym Teacher|gg
|l|☆D Gym Teacher
|player|p1|
|l| 0zorcNecropHades
