|j|☆sheroz123
|j|☆sowola
|t:|1758983439
|gametype|singles
|player|p1|sheroz123|cyclist|1306
|player|p2|sowola|101|1364
|gen|9
|tier|[Gen 9] OU
|rated|
|rule|HP Percentage Mod: HP is shown in percentages
|rule|Endless Battle Clause: Forcing endless battles is banned
|rule|Species Clause: Limit one of each Pokémon
|rule|OHKO Clause: OHKO moves are banned
|rule|Evasion Items Clause: Evasion items are banned
|rule|Evasion Moves Clause: Evasion moves are banned
|rule|Evasion Abilities Clause: Evasion abilities are banned
|rule|Sleep Moves Clause: Sleep-inducing moves are banned
|clearpoke
|poke|p1|Glimmora, F|
|poke|p1|Iron Crown|
|poke|p1|Samurott-Hisui, F|
|poke|p1|Great Tusk|
|poke|p1|Pecharunt|
|poke|p1|Enamorus, F|
|poke|p2|Moltres-Galar|
|poke|p2|Skeledirge, M|
|poke|p2|Glimmora, M|
|poke|p2|Ursaring, F|
|poke|p2|Zamazenta-*|
|poke|p2|Suicune|
|teampreview
|inactive|Battle timer is ON: inactive players will automatically lose when time's up. (requested by sheroz123)
|
|t:|1758983458
|teamsize|p1|6
|teamsize|p2|6
|start
|switch|p1a: Iron Crown|Iron Crown|100/100
|switch|p2a: Ursaring|Ursaring, F, shiny|100/100
|turn|1
|
|t:|1758983481
|move|p1a: Iron Crown|Volt Switch|p2a: Ursaring
|-crit|p2a: Ursaring
|-damage|p2a: Ursaring|70/100
|
|t:|1758983491
|-end|p1a: Iron Crown|Quark Drive|[silent]
|switch|p1a: Mochi Mochi|Pecharunt|100/100|[from] Volt Switch
|move|p2a: Ursaring|Bulk Up|p2a: Ursaring
|-boost|p2a: Ursaring|atk|1
|-boost|p2a: Ursaring|def|1
|
|upkeep
|turn|2
|
|t:|1758983498
|move|p1a: Mochi Mochi|Malignant Chain|p2a: Ursaring
|-damage|p2a: Ursaring|49/100
|-status|p2a: Ursaring|tox
|-start|p2a: Ursaring|confusion|[from] ability: Poison Puppeteer|[of] p1a: Mochi Mochi
|-activate|p2a: Ursaring|confusion
|move|p2a: Ursaring|Earthquake|p1a: Mochi Mochi
|-supereffective|p1a: Mochi Mochi
|-damage|p1a: Mochi Mochi|21/100
|
|-heal|p1a: Mochi Mochi|27/100|[from] item: Black Sludge
|-damage|p2a: Ursaring|43/100 tox|[from] psn
|upkeep
|turn|3
|
|t:|1758983512
|switch|p1a: Enamorus|Enamorus, F|100/100
|-activate|p2a: Ursaring|confusion
|move|p2a: Ursaring|Earthquake|p1a: Enamorus
|-immune|p1a: Enamorus
|
|-damage|p2a: Ursaring|30/100 tox|[from] psn
|upkeep
|turn|4
|
|t:|1758983520
|move|p1a: Enamorus|Moonblast|p2a: Ursaring
|-crit|p2a: Ursaring
|-damage|p2a: Ursaring|0 fnt
|faint|p2a: Ursaring
|
|upkeep
|
|t:|1758983526
|switch|p2a: Skeledirge|Skeledirge, M, shiny|100/100
|turn|5
|
|t:|1758983532
|switch|p1a: Samurott|Samurott-Hisui, F|100/100
|move|p2a: Skeledirge|Torch Song|p1a: Samurott
|-resisted|p1a: Samurott
|-damage|p1a: Samurott|86/100
|-boost|p2a: Skeledirge|spa|1
|
|upkeep
|turn|6
|
|t:|1758983540
|switch|p2a: Glimmora|Glimmora, M, shiny|100/100
|move|p1a: Samurott|Ceaseless Edge|p2a: Glimmora|[miss]
|-miss|p1a: Samurott|p2a: Glimmora
|
|upkeep
|turn|7
|
|t:|1758983556
|switch|p1a: Glimmora|Glimmora, F|100/100
|-terastallize|p2a: Glimmora|Poison
|move|p2a: Glimmora|Mortal Spin|p1a: Glimmora
|-resisted|p1a: Glimmora
|-damage|p1a: Glimmora|96/100
|-activate|p1a: Glimmora|ability: Toxic Debris
|-sidestart|p2: sowola|move: Toxic Spikes
|-sideend|p2: sowola|Toxic Spikes|[from] move: Mortal Spin|[of] p2a: Glimmora
|
|upkeep
|turn|8
|
|t:|1758983570
|switch|p2a: Zamazenta|Zamazenta, shiny|100/100
|-ability|p2a: Zamazenta|Dauntless Shield|boost
|-boost|p2a: Zamazenta|def|1
|move|p1a: Glimmora|Earth Power|p2a: Zamazenta
|-damage|p2a: Zamazenta|77/100
|
|-heal|p2a: Zamazenta|83/100|[from] item: Leftovers
|upkeep
|turn|9
|
|t:|1758983589
|move|p2a: Zamazenta|Wild Charge|p1a: Glimmora
|-damage|p1a: Glimmora|55/100
|-activate|p1a: Glimmora|ability: Toxic Debris
|-sidestart|p2: sowola|move: Toxic Spikes
|-damage|p2a: Zamazenta|75/100|[from] Recoil
|move|p1a: Glimmora|Mortal Spin|p2a: Zamazenta
|-damage|p2a: Zamazenta|72/100
|-status|p2a: Zamazenta|psn
|
|-heal|p2a: Zamazenta|78/100 psn|[from] item: Leftovers
|-damage|p2a: Zamazenta|65/100 psn|[from] psn
|upkeep
|turn|10
|inactive|sheroz123 has 120 seconds left.
|
|t:|1758983617
|switch|p1a: Mochi Mochi|Pecharunt|27/100
|move|p2a: Zamazenta|Iron Defense|p2a: Zamazenta
|-boost|p2a: Zamazenta|def|2
|
|-heal|p2a: Zamazenta|72/100 psn|[from] item: Leftovers
|-heal|p1a: Mochi Mochi|33/100|[from] item: Black Sludge
|-damage|p2a: Zamazenta|59/100 psn|[from] psn
|upkeep
|turn|11
|
|t:|1758983625
|move|p2a: Zamazenta|Crunch|p1a: Mochi Mochi
|-supereffective|p1a: Mochi Mochi
|-damage|p1a: Mochi Mochi|0 fnt
|faint|p1a: Mochi Mochi
|
|-heal|p2a: Zamazenta|65/100 psn|[from] item: Leftovers
|-damage|p2a: Zamazenta|53/100 psn|[from] psn
|upkeep
|
|t:|1758983635
|switch|p1a: Enamorus|Enamorus, F|100/100
|turn|12
|inactive|sheroz123 has 120 seconds left.
|
|t:|1758983678
|move|p1a: Enamorus|Moonblast|p2a: Zamazenta
|-supereffective|p2a: Zamazenta
|-damage|p2a: Zamazenta|0 fnt
|faint|p2a: Zamazenta
|
|upkeep
|
|t:|1758983687
|switch|p2a: Glimmora|Glimmora, M, shiny, tera:Poison|100/100
|-sideend|p2: sowola|move: Toxic Spikes|[of] p2a: Glimmora
|turn|13
|
|t:|1758983702
|switch|p1a: Iron Crown|Iron Crown|100/100
|move|p2a: Glimmora|Power Gem|p1a: Iron Crown
|-resisted|p1a: Iron Crown
|-damage|p1a: Iron Crown|84/100
|
|upkeep
|turn|14
|
|t:|1758983714
|switch|p2a: Moltres|Moltres-Galar, shiny|100/100
|move|p1a: Iron Crown|Tachyon Cutter|p2a: Moltres
|-damage|p2a: Moltres|77/100
|-damage|p2a: Moltres|51/100
|-hitcount|p2a: Moltres|2
|
|-heal|p2a: Moltres|58/100|[from] item: Leftovers
|upkeep
|turn|15
|inactive|sheroz123 has 90 seconds left.
|
|t:|1758983736
|-terastallize|p1a: Iron Crown|Steel
|move|p1a: Iron Crown|Tachyon Cutter|p2a: Moltres
|-crit|p2a: Moltres
|-damage|p2a: Moltres|10/100
|-damage|p2a: Moltres|0 fnt
|faint|p2a: Moltres
|-hitcount|p2: Moltres|2
|
|upkeep
|inactive|sowola has 120 seconds left.
|
|t:|1758983774
|switch|p2a: Skeledirge|Skeledirge, M, shiny|100/100
|turn|16
|inactive|sheroz123 has 90 seconds left.
|
|t:|1758983785
|-end|p1a: Iron Crown|Quark Drive|[silent]
|switch|p1a: Samurott|Samurott-Hisui, F|86/100
|move|p2a: Skeledirge|Torch Song|p1a: Samurott
|-resisted|p1a: Samurott
|-damage|p1a: Samurott|71/100
|-boost|p2a: Skeledirge|spa|1
|
|upkeep
|turn|17
|
|t:|1758983793
|move|p1a: Samurott|Ceaseless Edge|p2a: Skeledirge
|-supereffective|p2a: Skeledirge
|-damage|p2a: Skeledirge|34/100
|-sidestart|p2: sowola|Spikes
|move|p2a: Skeledirge|Will-O-Wisp|p1a: Samurott
|-status|p1a: Samurott|brn
|
|-heal|p2a: Skeledirge|41/100|[from] item: Leftovers
|-damage|p1a: Samurott|65/100 brn|[from] brn
|upkeep
|turn|18
|
|t:|1758983803
|switch|p2a: Suicune|Suicune|100/100
|-damage|p2a: Suicune|88/100|[from] Spikes
|move|p1a: Samurott|Knock Off|p2a: Suicune
|-damage|p2a: Suicune|72/100
|-enditem|p2a: Suicune|Leftovers|[from] move: Knock Off|[of] p1a: Samurott
|
|-damage|p1a: Samurott|59/100 brn|[from] brn
|upkeep
|turn|19
|
|t:|1758983814
|move|p1a: Samurott|Flip Turn|p2a: Suicune
|-resisted|p2a: Suicune
|-damage|p2a: Suicune|67/100
|
|t:|1758983817
|switch|p1a: Iron Crown|Iron Crown, tera:Steel|84/100|[from] Flip Turn
|move|p2a: Suicune|Calm Mind|p2a: Suicune
|-boost|p2a: Suicune|spa|1
|-boost|p2a: Suicune|spd|1
|
|upkeep
|turn|20
|
|t:|1758983825
|move|p1a: Iron Crown|Volt Switch|p2a: Suicune
|-supereffective|p2a: Suicune
|-damage|p2a: Suicune|31/100
|-message|sowola forfeited.
|
|win|sheroz123
|raw|sheroz123's rating: 1306 &rarr; <strong>1329</strong><br />(+23 for winning)
|raw|sowola's rating: 1364 &rarr; <strong>1341</strong><br />(-23 for losing)
|l|☆sowola
|player|p2|
