|j|☆Jitomi
|j|☆Ariel2021
|t:|1758938965
|gametype|singles
|player|p1|Jitomi|psychicf-gen4|1248
|player|p2|Ariel2021|unknown|1218
|gen|9
|tier|[Gen 9] OU
|rated|
|rule|HP Percentage Mod: HP is shown in percentages
|rule|Endless Battle Clause: Forcing endless battles is banned
|rule|Species Clause: Limit one of each Pokémon
|rule|OHKO Clause: OHKO moves are banned
|rule|Evasion Items Clause: Evasion items are banned
|rule|Evasion Moves Clause: Evasion moves are banned
|rule|Evasion Abilities Clause: Evasion abilities are banned
|rule|Sleep Moves Clause: Sleep-inducing moves are banned
|clearpoke
|poke|p1|Vikavolt, M|
|poke|p1|Ogerpon-Cornerstone, F|
|poke|p1|Raging Bolt|
|poke|p1|Gholdengo|
|poke|p1|Crawdaunt, F|
|poke|p1|Garganacl, M|
|poke|p2|Dragalge, F|
|poke|p2|Iron Crown|
|poke|p2|Weavile, M|
|poke|p2|Great Tusk|
|poke|p2|Moltres|
|poke|p2|Alomomola, F|
|teampreview
|c|☆Jitomi|glhf
|
|t:|1758938979
|teamsize|p1|6
|teamsize|p2|6
|start
|switch|p1a: XP-738|Vikavolt, M, shiny|100/100
|switch|p2a: Great Tusk|Great Tusk|100/100
|turn|1
|
|t:|1758938993
|move|p2a: Great Tusk|Stealth Rock|p1a: XP-738
|-sidestart|p1: Jitomi|move: Stealth Rock
|move|p1a: XP-738|Sticky Web|p2a: Great Tusk
|-sidestart|p2: Ariel2021|move: Sticky Web
|
|upkeep
|turn|2
|
|t:|1758939000
|-end|p2a: Great Tusk|Protosynthesis|[silent]
|switch|p2a: Moltres|Moltres|100/100
|move|p1a: XP-738|Energy Ball|p2a: Moltres
|-resisted|p2a: Moltres
|-damage|p2a: Moltres|92/100
|
|upkeep
|turn|3
|
|t:|1758939005
|move|p2a: Moltres|Flamethrower|p1a: XP-738
|-supereffective|p1a: XP-738
|-damage|p1a: XP-738|15/100
|move|p1a: XP-738|Volt Switch|p2a: Moltres
|-supereffective|p2a: Moltres
|-damage|p2a: Moltres|6/100
|
|t:|1758939014
|switch|p1a: Whirl|Raging Bolt|100/100|[from] Volt Switch
|-damage|p1a: Whirl|88/100|[from] Stealth Rock
|-enditem|p1a: Whirl|Booster Energy
|-activate|p1a: Whirl|ability: Protosynthesis|[fromitem]
|-start|p1a: Whirl|protosynthesisspa
|
|upkeep
|turn|4
|
|t:|1758939022
|move|p1a: Whirl|Thunderclap||[still]
|-fail|p1a: Whirl
|move|p2a: Moltres|Roost|p2a: Moltres
|-heal|p2a: Moltres|56/100
|-singleturn|p2a: Moltres|move: Roost
|
|upkeep
|turn|5
|
|t:|1758939029
|switch|p2a: Iron Crown|Iron Crown|100/100
|-activate|p2a: Iron Crown|move: Sticky Web
|-unboost|p2a: Iron Crown|spe|1
|-enditem|p2a: Iron Crown|Booster Energy
|-activate|p2a: Iron Crown|ability: Quark Drive|[fromitem]
|-start|p2a: Iron Crown|quarkdrivespa
|move|p1a: Whirl|Calm Mind|p1a: Whirl
|-boost|p1a: Whirl|spa|1
|-boost|p1a: Whirl|spd|1
|
|upkeep
|turn|6
|
|t:|1758939059
|move|p2a: Iron Crown|Calm Mind|p2a: Iron Crown
|-boost|p2a: Iron Crown|spa|1
|-boost|p2a: Iron Crown|spd|1
|move|p1a: Whirl|Thunderbolt|p2a: Iron Crown
|-damage|p2a: Iron Crown|26/100
|
|upkeep
|turn|7
|
|t:|1758939068
|move|p2a: Iron Crown|Future Sight|p1a: Whirl
|-start|p2a: Iron Crown|move: Future Sight
|move|p1a: Whirl|Thunderbolt|p2a: Iron Crown
|-damage|p2a: Iron Crown|0 fnt
|faint|p2a: Iron Crown
|-end|p2a: Iron Crown|Quark Drive|[silent]
|
|upkeep
|
|t:|1758939074
|switch|p2a: Great Tusk|Great Tusk|100/100
|turn|8
|
|t:|1758939086
|-terastallize|p1a: Whirl|Bug
|move|p2a: Great Tusk|Rapid Spin|p1a: Whirl
|-damage|p1a: Whirl|74/100
|-boost|p2a: Great Tusk|spe|1
|-sideend|p2: Ariel2021|Sticky Web|[from] move: Rapid Spin|[of] p2a: Great Tusk
|move|p1a: Whirl|Dragon Pulse|p2a: Great Tusk
|-damage|p2a: Great Tusk|0 fnt
|faint|p2a: Great Tusk
|-end|p2a: Great Tusk|Protosynthesis|[silent]
|
|upkeep
|
|t:|1758939095
|switch|p2a: Alomomola|Alomomola, F|100/100
|turn|9
|
|t:|1758939100
|move|p2a: Alomomola|Protect|p2a: Alomomola
|-singleturn|p2a: Alomomola|Protect
|move|p1a: Whirl|Calm Mind|p1a: Whirl
|-boost|p1a: Whirl|spa|1
|-boost|p1a: Whirl|spd|1
|
|-end|p1a: Whirl|move: Future Sight
|-damage|p1a: Whirl|50/100
|upkeep
|turn|10
|
|t:|1758939107
|switch|p2a: Dragalge|Dragalge, F|100/100
|move|p1a: Whirl|Calm Mind|p1a: Whirl
|-boost|p1a: Whirl|spa|1
|-boost|p1a: Whirl|spd|1
|
|upkeep
|turn|11
|
|t:|1758939113
|move|p1a: Whirl|Dragon Pulse|p2a: Dragalge
|-supereffective|p2a: Dragalge
|-damage|p2a: Dragalge|0 fnt
|faint|p2a: Dragalge
|
|upkeep
|
|t:|1758939116
|switch|p2a: Weavile|Weavile, M|100/100
|-ability|p2a: Weavile|Pressure
|turn|12
|
|t:|1758939120
|-terastallize|p2a: Weavile|Dark
|move|p1a: Whirl|Thunderclap|p2a: Weavile
|-damage|p2a: Weavile|0 fnt
|faint|p2a: Weavile
|
|upkeep
|-message|Ariel2021 forfeited.
|
|win|Jitomi
|raw|Jitomi's rating: 1248 &rarr; <strong>1271</strong><br />(+23 for winning)
|raw|Ariel2021's rating: 1218 &rarr; <strong>1195</strong><br />(-23 for losing)
|l|☆Ariel2021
|player|p2|
