|j|☆RNG Savage
|j|☆zuoxi
|t:|1759070939
|gametype|singles
|player|p1|RNG Savage|giovanni-gen3|1140
|player|p2|zuoxi|iono|1154
|gen|9
|tier|[Gen 9] OU
|rated|
|rule|HP Percentage Mod: HP is shown in percentages
|rule|Endless Battle Clause: Forcing endless battles is banned
|rule|Species Clause: Limit one of each Pokémon
|rule|OHKO Clause: OHKO moves are banned
|rule|Evasion Items Clause: Evasion items are banned
|rule|Evasion Moves Clause: Evasion moves are banned
|rule|Evasion Abilities Clause: Evasion abilities are banned
|rule|Sleep Moves Clause: Sleep-inducing moves are banned
|clearpoke
|poke|p1|Cacturne, M|
|poke|p1|Skarmory, M|
|poke|p1|Latias, F|
|poke|p1|Latios, M|
|poke|p1|Ursaluna, M|
|poke|p1|Dragonite, M|
|poke|p2|Tinkaton, F|
|poke|p2|Thundurus-Therian, M|
|poke|p2|Ogerpon-Cornerstone, F|
|poke|p2|Cyclizar, M|
|poke|p2|Slowking, M|
|poke|p2|Conkeldurr, M|
|teampreview
|
|t:|1759070948
|teamsize|p1|6
|teamsize|p2|6
|start
|switch|p1a: Cacturne|Cacturne, M|100/100
|switch|p2a: Tinkaton|Tinkaton, F|100/100
|-item|p2a: Tinkaton|Air Balloon
|turn|1
|
|t:|1759070954
|move|p2a: Tinkaton|Stealth Rock|p1a: Cacturne
|-sidestart|p1: RNG Savage|move: Stealth Rock
|move|p1a: Cacturne|Knock Off|p2a: Tinkaton
|-resisted|p2a: Tinkaton
|-damage|p2a: Tinkaton|84/100
|-enditem|p2a: Tinkaton|Air Balloon
|-enditem|p1a: Cacturne|Sitrus Berry|[silent]|[from] ability: Pickpocket|[of] p1a: Cacturne
|-item|p2a: Tinkaton|Sitrus Berry|[from] ability: Pickpocket|[of] p1a: Cacturne
|
|upkeep
|turn|2
|
|t:|1759070957
|switch|p1a: Ursaluna|Ursaluna, M, shiny|100/100
|-damage|p1a: Ursaluna|94/100|[from] Stealth Rock
|move|p2a: Tinkaton|Gigaton Hammer|p1a: Ursaluna
|-damage|p1a: Ursaluna|67/100
|
|-status|p1a: Ursaluna|brn|[from] item: Flame Orb
|upkeep
|turn|3
|
|t:|1759070967
|switch|p2a: Thundurus|Thundurus-Therian, M|100/100
|move|p1a: Ursaluna|Headlong Rush|p2a: Thundurus
|-immune|p2a: Thundurus
|
|-damage|p1a: Ursaluna|60/100 brn|[from] brn
|upkeep
|turn|4
|
|t:|1759070970
|-terastallize|p2a: Thundurus|Ice
|move|p2a: Thundurus|Tera Blast|p1a: Ursaluna|[anim] Tera Blast Ice
|-supereffective|p1a: Ursaluna
|-damage|p1a: Ursaluna|0 fnt
|faint|p1a: Ursaluna
|
|upkeep
|
|t:|1759070978
|switch|p1a: Dragonite|Dragonite, M|100/100
|turn|5
|
|t:|1759070982
|-terastallize|p1a: Dragonite|Normal
|move|p2a: Thundurus|Tera Blast|p1a: Dragonite|[anim] Tera Blast Ice
|-damage|p1a: Dragonite|80/100
|move|p1a: Dragonite|Dragon Dance|p1a: Dragonite
|-boost|p1a: Dragonite|atk|1
|-boost|p1a: Dragonite|spe|1
|
|upkeep
|turn|6
|
|t:|1759070987
|switch|p2a: Tinkaton|Tinkaton, F|84/100
|move|p1a: Dragonite|Dragon Dance|p1a: Dragonite
|-boost|p1a: Dragonite|atk|1
|-boost|p1a: Dragonite|spe|1
|
|upkeep
|turn|7
|
|t:|1759070991
|move|p1a: Dragonite|Earthquake|p2a: Tinkaton
|-supereffective|p2a: Tinkaton
|-damage|p2a: Tinkaton|0 fnt
|faint|p2a: Tinkaton
|
|upkeep
|
|t:|1759070999
|switch|p2a: Ogerpon|Ogerpon-Cornerstone, F|100/100
|turn|8
|
|t:|1759071005
|move|p1a: Dragonite|Earthquake|p2a: Ogerpon
|-damage|p2a: Ogerpon|1/100
|move|p2a: Ogerpon|Power Whip|p1a: Dragonite
|-damage|p1a: Dragonite|0 fnt
|faint|p1a: Dragonite
|
|upkeep
|
|t:|1759071010
|switch|p1a: Skarmory|Skarmory, M, shiny|100/100
|-damage|p1a: Skarmory|88/100|[from] Stealth Rock
|turn|9
|
|t:|1759071014
|move|p2a: Ogerpon|Taunt|p1a: Skarmory
|-start|p1a: Skarmory|move: Taunt
|cant|p1a: Skarmory|move: Taunt|Stealth Rock
|
|upkeep
|turn|10
|
|t:|1759071019
|switch|p2a: Thundurus|Thundurus-Therian, M, tera:Ice|100/100
|-activate|p1a: Skarmory|move: Struggle
|move|p1a: Skarmory|Struggle|p2a: Thundurus
|-damage|p2a: Thundurus|87/100
|-damage|p1a: Skarmory|63/100|[from] recoil
|
|upkeep
|turn|11
|-message|RNG Savage forfeited.
|
|win|zuoxi
|raw|RNG Savage's rating: 1140 &rarr; <strong>1116</strong><br />(-24 for losing)
|raw|zuoxi's rating: 1154 &rarr; <strong>1178</strong><br />(+24 for winning)
|l|☆RNG Savage
|player|p1|
|l|☆zuoxi
|player|p2|
