|j|☆KuroNoTamashi
|j|☆ja hoi
|t:|1758980717
|gametype|singles
|player|p1|KuroNoTamashi|170|1581
|player|p2|ja hoi|1|1540
|gen|9
|tier|[Gen 9] OU
|rated|
|rule|HP Percentage Mod: HP is shown in percentages
|rule|Endless Battle Clause: Forcing endless battles is banned
|rule|Species Clause: Limit one of each Pokémon
|rule|OHKO Clause: OHKO moves are banned
|rule|Evasion Items Clause: Evasion items are banned
|rule|Evasion Moves Clause: Evasion moves are banned
|rule|Evasion Abilities Clause: Evasion abilities are banned
|rule|Sleep Moves Clause: Sleep-inducing moves are banned
|clearpoke
|poke|p1|Iron Crown|
|poke|p1|Pincurchin, M|
|poke|p1|Iron Valiant|
|poke|p1|Pelipper, M|
|poke|p1|Barraskewda, F|
|poke|p1|Landorus-Therian, M|
|poke|p2|Quaquaval, F|
|poke|p2|Iron Moth|
|poke|p2|Dragapult, M|
|poke|p2|Corviknight, M|
|poke|p2|Grimmsnarl, M|
|poke|p2|Garganacl, F|
|teampreview
|
|t:|1758980725
|teamsize|p1|6
|teamsize|p2|6
|start
|switch|p1a: Pincurchin|Pincurchin, M, shiny|100/100
|switch|p2a: Grimmsnarl|Grimmsnarl, M|100/100
|-fieldstart|move: Electric Terrain|[from] ability: Electric Surge|[of] p1a: Pincurchin
|turn|1
|
|t:|1758980760
|move|p2a: Grimmsnarl|Taunt|p1a: Pincurchin
|-start|p1a: Pincurchin|move: Taunt
|cant|p1a: Pincurchin|move: Taunt|Spikes
|
|upkeep
|turn|2
|
|t:|1758980768
|switch|p1a: Iron Crown|Iron Crown|100/100
|-activate|p1a: Iron Crown|ability: Quark Drive
|-start|p1a: Iron Crown|quarkdrivespa
|move|p2a: Grimmsnarl|Light Screen|p2a: Grimmsnarl
|-sidestart|p2: ja hoi|move: Light Screen
|
|upkeep
|turn|3
|
|t:|1758980773
|move|p2a: Grimmsnarl|Taunt|p1a: Iron Crown
|-start|p1a: Iron Crown|move: Taunt
|move|p1a: Iron Crown|Tachyon Cutter|p2a: Grimmsnarl
|-supereffective|p2a: Grimmsnarl
|-damage|p2a: Grimmsnarl|65/100
|-supereffective|p2a: Grimmsnarl
|-damage|p2a: Grimmsnarl|30/100
|-hitcount|p2a: Grimmsnarl|2
|
|upkeep
|turn|4
|
|t:|1758980783
|-end|p1a: Iron Crown|Quark Drive|[silent]
|switch|p1a: Pincurchin|Pincurchin, M, shiny|100/100
|move|p2a: Grimmsnarl|Reflect|p2a: Grimmsnarl
|-sidestart|p2: ja hoi|Reflect
|
|upkeep
|turn|5
|
|t:|1758980787
|move|p2a: Grimmsnarl|Taunt|p1a: Pincurchin
|-start|p1a: Pincurchin|move: Taunt
|move|p1a: Pincurchin|Thunderbolt|p2a: Grimmsnarl
|-damage|p2a: Grimmsnarl|16/100
|
|upkeep
|turn|6
|inactive|Battle timer is ON: inactive players will automatically lose when time's up. (requested by ja hoi)
|
|t:|1758980793
|move|p2a: Grimmsnarl|Parting Shot|p1a: Pincurchin
|-unboost|p1a: Pincurchin|atk|1
|-unboost|p1a: Pincurchin|spa|1
|
|t:|1758980798
|switch|p2a: Garganacl|Garganacl, F|100/100|[from] Parting Shot
|move|p1a: Pincurchin|Thunderbolt|p2a: Garganacl
|-damage|p2a: Garganacl|92/100
|
|-heal|p2a: Garganacl|99/100|[from] item: Leftovers
|upkeep
|turn|7
|
|t:|1758980805
|switch|p1a: Pelipper|Pelipper, M|100/100
|-weather|RainDance|[from] ability: Drizzle|[of] p1a: Pelipper
|move|p2a: Garganacl|Salt Cure|p1a: Pelipper
|-supereffective|p1a: Pelipper
|-damage|p1a: Pelipper|70/100
|-start|p1a: Pelipper|Salt Cure
|
|-weather|RainDance|[upkeep]
|-heal|p2a: Garganacl|100/100|[from] item: Leftovers
|-damage|p1a: Pelipper|45/100|[from] Salt Cure
|upkeep
|turn|8
|inactive|ja hoi has 120 seconds left.
|
|t:|1758980835
|move|p1a: Pelipper|U-turn|p2a: Garganacl
|-damage|p2a: Garganacl|98/100
|
|t:|1758980837
|switch|p1a: Landorus|Landorus-Therian, M|100/100|[from] U-turn
|-ability|p1a: Landorus|Intimidate|boost
|-unboost|p2a: Garganacl|atk|1
|move|p2a: Garganacl|Salt Cure|p1a: Landorus
|-damage|p1a: Landorus|90/100
|-start|p1a: Landorus|Salt Cure
|
|-weather|RainDance|[upkeep]
|-heal|p1a: Landorus|96/100|[from] item: Leftovers
|-heal|p2a: Garganacl|100/100|[from] item: Leftovers
|-damage|p1a: Landorus|84/100|[from] Salt Cure
|-fieldend|move: Electric Terrain
|upkeep
|turn|9
|inactive|ja hoi has 120 seconds left.
|
|t:|1758980872
|move|p1a: Landorus|Sandsear Storm|p2a: Garganacl
|-supereffective|p2a: Garganacl
|-damage|p2a: Garganacl|74/100
|move|p2a: Garganacl|Iron Defense|p2a: Garganacl
|-boost|p2a: Garganacl|def|2
|
|-weather|RainDance|[upkeep]
|-heal|p1a: Landorus|90/100|[from] item: Leftovers
|-heal|p2a: Garganacl|80/100|[from] item: Leftovers
|-damage|p1a: Landorus|77/100|[from] Salt Cure
|-sideend|p2: ja hoi|move: Light Screen
|upkeep
|turn|10
|
|t:|1758980886
|-terastallize|p2a: Garganacl|Fairy
|move|p1a: Landorus|Sandsear Storm|p2a: Garganacl
|-damage|p2a: Garganacl|50/100
|move|p2a: Garganacl|Recover|p2a: Garganacl
|-heal|p2a: Garganacl|99/100
|
|-weather|RainDance|[upkeep]
|-heal|p1a: Landorus|83/100|[from] item: Leftovers
|-heal|p2a: Garganacl|100/100|[from] item: Leftovers
|-damage|p1a: Landorus|71/100|[from] Salt Cure
|upkeep
|turn|11
|
|t:|1758980897
|move|p1a: Landorus|Weather Ball|p2a: Garganacl
|-damage|p2a: Garganacl|69/100
|move|p2a: Garganacl|Salt Cure|p1a: Landorus
|-damage|p1a: Landorus|60/100
|
|-weather|RainDance|[upkeep]
|-heal|p1a: Landorus|66/100|[from] item: Leftovers
|-heal|p2a: Garganacl|75/100|[from] item: Leftovers
|-damage|p1a: Landorus|53/100|[from] Salt Cure
|-sideend|p2: ja hoi|Reflect
|upkeep
|turn|12
|
|t:|1758980907
|switch|p1a: Iron Crown|Iron Crown|100/100
|move|p2a: Garganacl|Recover|p2a: Garganacl
|-heal|p2a: Garganacl|100/100
|
|-weather|RainDance|[upkeep]
|upkeep
|turn|13
|
|t:|1758980913
|switch|p2a: Corviknight|Corviknight, M|100/100
|-ability|p2a: Corviknight|Pressure
|-terastallize|p1a: Iron Crown|Steel
|move|p1a: Iron Crown|Tachyon Cutter|p2a: Corviknight
|-resisted|p2a: Corviknight
|-damage|p2a: Corviknight|76/100
|-resisted|p2a: Corviknight
|-damage|p2a: Corviknight|53/100
|-hitcount|p2a: Corviknight|2
|
|-weather|RainDance|[upkeep]
|upkeep
|turn|14
|
|t:|1758980924
|move|p1a: Iron Crown|Tachyon Cutter|p2a: Corviknight
|-resisted|p2a: Corviknight
|-damage|p2a: Corviknight|29/100
|-resisted|p2a: Corviknight
|-damage|p2a: Corviknight|4/100
|-hitcount|p2a: Corviknight|2
|move|p2a: Corviknight|Body Press|p1a: Iron Crown
|-supereffective|p1a: Iron Crown
|-crit|p1a: Iron Crown
|-damage|p1a: Iron Crown|40/100
|
|-weather|none
|upkeep
|turn|15
|
|t:|1758980933
|move|p1a: Iron Crown|Tachyon Cutter|p2a: Corviknight
|-resisted|p2a: Corviknight
|-damage|p2a: Corviknight|0 fnt
|faint|p2a: Corviknight
|-hitcount|p2: Corviknight|1
|
|upkeep
|
|t:|1758980937
|switch|p2a: Grimmsnarl|Grimmsnarl, M|16/100
|turn|16
|inactive|ja hoi has 120 seconds left.
|
|t:|1758980954
|-end|p1a: Iron Crown|Quark Drive|[silent]
|switch|p1a: Pincurchin|Pincurchin, M, shiny|100/100
|-fieldstart|move: Electric Terrain|[from] ability: Electric Surge|[of] p1a: Pincurchin
|move|p2a: Grimmsnarl|Light Screen|p2a: Grimmsnarl
|-sidestart|p2: ja hoi|move: Light Screen
|
|upkeep
|turn|17
|inactive|ja hoi has 120 seconds left.
|
|t:|1758980968
|switch|p1a: Iron Crown|Iron Crown, tera:Steel|40/100
|-activate|p1a: Iron Crown|ability: Quark Drive
|-start|p1a: Iron Crown|quarkdrivespa
|move|p2a: Grimmsnarl|Taunt|p1a: Iron Crown
|-start|p1a: Iron Crown|move: Taunt
|
|upkeep
|turn|18
|inactive|ja hoi has 120 seconds left.
|
|t:|1758980975
|move|p2a: Grimmsnarl|Reflect|p2a: Grimmsnarl
|-sidestart|p2: ja hoi|Reflect
|move|p1a: Iron Crown|Volt Switch|p2a: Grimmsnarl
|-damage|p2a: Grimmsnarl|0 fnt
|faint|p2a: Grimmsnarl
|
|t:|1758980979
|-end|p1a: Iron Crown|Quark Drive|[silent]
|switch|p1a: Pelipper|Pelipper, M|45/100|[from] Volt Switch
|-weather|RainDance|[from] ability: Drizzle|[of] p1a: Pelipper
|
|-weather|RainDance|[upkeep]
|upkeep
|
|t:|1758980986
|switch|p2a: Quaquaval|Quaquaval, F|100/100
|turn|19
|
|t:|1758980988
|move|p2a: Quaquaval|Aqua Step|p1a: Pelipper
|-resisted|p1a: Pelipper
|-damage|p1a: Pelipper|6/100
|-boost|p2a: Quaquaval|spe|1
|move|p1a: Pelipper|Hurricane|p2a: Quaquaval
|-supereffective|p2a: Quaquaval
|-damage|p2a: Quaquaval|24/100
|
|-weather|RainDance|[upkeep]
|upkeep
|turn|20
|j| a6ni
|
|t:|1758980996
|move|p2a: Quaquaval|Aqua Step|p1a: Pelipper
|-resisted|p1a: Pelipper
|-damage|p1a: Pelipper|0 fnt
|-boost|p2a: Quaquaval|spe|1
|faint|p1a: Pelipper
|-ability|p2a: Quaquaval|Moxie|boost
|-boost|p2a: Quaquaval|atk|1
|
|-weather|RainDance|[upkeep]
|upkeep
|
|t:|1758980999
|switch|p1a: Barraskewda|Barraskewda, F|100/100
|turn|21
|
|t:|1758981007
|move|p2a: Quaquaval|Aqua Jet|p1a: Barraskewda
|-resisted|p1a: Barraskewda
|-damage|p1a: Barraskewda|51/100
|move|p1a: Barraskewda|Close Combat|p2a: Quaquaval
|-damage|p2a: Quaquaval|0 fnt
|-unboost|p1a: Barraskewda|def|1
|-unboost|p1a: Barraskewda|spd|1
|faint|p2a: Quaquaval
|
|-weather|RainDance|[upkeep]
|upkeep
|
|t:|1758981016
|switch|p2a: Garganacl|Garganacl, F, tera:Fairy|100/100
|turn|22
|l| a6ni
|
|t:|1758981020
|switch|p1a: Pincurchin|Pincurchin, M, shiny|100/100
|move|p2a: Garganacl|Salt Cure|p1a: Pincurchin
|-damage|p1a: Pincurchin|88/100
|-start|p1a: Pincurchin|Salt Cure
|
|-weather|RainDance|[upkeep]
|-damage|p1a: Pincurchin|76/100|[from] Salt Cure
|upkeep
|turn|23
|j| a6ni
|l| a6ni
|
|t:|1758981045
|move|p2a: Garganacl|Iron Defense|p2a: Garganacl
|-boost|p2a: Garganacl|def|2
|move|p1a: Pincurchin|Spikes|p2a: Garganacl
|-sidestart|p2: ja hoi|Spikes
|
|-weather|RainDance|[upkeep]
|-damage|p1a: Pincurchin|63/100|[from] Salt Cure
|-sideend|p2: ja hoi|move: Light Screen
|-fieldend|move: Electric Terrain
|upkeep
|turn|24
|
|t:|1758981052
|move|p2a: Garganacl|Body Press|p1a: Pincurchin
|-damage|p1a: Pincurchin|24/100
|move|p1a: Pincurchin|Spikes|p2a: Garganacl
|-sidestart|p2: ja hoi|Spikes
|
|-weather|RainDance|[upkeep]
|-damage|p1a: Pincurchin|12/100|[from] Salt Cure
|upkeep
|turn|25
|
|t:|1758981060
|switch|p1a: Landorus|Landorus-Therian, M|53/100
|-ability|p1a: Landorus|Intimidate|boost
|-unboost|p2a: Garganacl|atk|1
|move|p2a: Garganacl|Salt Cure|p1a: Landorus
|-damage|p1a: Landorus|43/100
|-start|p1a: Landorus|Salt Cure
|
|-weather|none
|-heal|p1a: Landorus|49/100|[from] item: Leftovers
|-damage|p1a: Landorus|37/100|[from] Salt Cure
|-sideend|p2: ja hoi|Reflect
|upkeep
|turn|26
|
|t:|1758981069
|switch|p1a: Pincurchin|Pincurchin, M, shiny|12/100
|-fieldstart|move: Electric Terrain|[from] ability: Electric Surge|[of] p1a: Pincurchin
|move|p2a: Garganacl|Salt Cure|p1a: Pincurchin
|-damage|p1a: Pincurchin|3/100
|-start|p1a: Pincurchin|Salt Cure
|
|-damage|p1a: Pincurchin|0 fnt|[from] Salt Cure
|faint|p1a: Pincurchin
|upkeep
|
|t:|1758981071
|switch|p1a: Iron Crown|Iron Crown, tera:Steel|40/100
|-activate|p1a: Iron Crown|ability: Quark Drive
|-start|p1a: Iron Crown|quarkdrivespa
|turn|27
|
|t:|1758981099
|switch|p2a: Iron Moth|Iron Moth|100/100
|-damage|p2a: Iron Moth|84/100|[from] Spikes
|-activate|p2a: Iron Moth|ability: Quark Drive
|-start|p2a: Iron Moth|quarkdrivespa
|move|p1a: Iron Crown|Tachyon Cutter|p2a: Iron Moth
|-resisted|p2a: Iron Moth
|-damage|p2a: Iron Moth|48/100
|-resisted|p2a: Iron Moth
|-damage|p2a: Iron Moth|12/100
|-hitcount|p2a: Iron Moth|2
|
|upkeep
|turn|28
|
|t:|1758981109
|-end|p1a: Iron Crown|Quark Drive|[silent]
|switch|p1a: Landorus|Landorus-Therian, M|37/100
|-ability|p1a: Landorus|Intimidate|boost
|-unboost|p2a: Iron Moth|atk|1
|move|p2a: Iron Moth|Fiery Dance|p1a: Landorus
|-damage|p1a: Landorus|0 fnt
|-boost|p2a: Iron Moth|spa|1
|faint|p1a: Landorus
|
|upkeep
|
|t:|1758981112
|switch|p1a: Iron Valiant|Iron Valiant, shiny|100/100
|-activate|p1a: Iron Valiant|ability: Quark Drive
|-start|p1a: Iron Valiant|quarkdrivespe
|turn|29
|
|t:|1758981122
|move|p1a: Iron Valiant|Spirit Break|p2a: Iron Moth
|-resisted|p2a: Iron Moth
|-damage|p2a: Iron Moth|0 fnt
|faint|p2a: Iron Moth
|-end|p2a: Iron Moth|Quark Drive|[silent]
|
|upkeep
|
|t:|1758981131
|switch|p2a: Garganacl|Garganacl, F, tera:Fairy|100/100
|-damage|p2a: Garganacl|84/100|[from] Spikes
|turn|30
|
|t:|1758981136
|-end|p1a: Iron Valiant|Quark Drive|[silent]
|switch|p1a: Iron Crown|Iron Crown, tera:Steel|40/100
|-activate|p1a: Iron Crown|ability: Quark Drive
|-start|p1a: Iron Crown|quarkdrivespa
|move|p2a: Garganacl|Salt Cure|p1a: Iron Crown
|-resisted|p1a: Iron Crown
|-damage|p1a: Iron Crown|33/100
|-start|p1a: Iron Crown|Salt Cure
|
|-heal|p2a: Garganacl|90/100|[from] item: Leftovers
|-damage|p1a: Iron Crown|8/100|[from] Salt Cure
|upkeep
|turn|31
|
|t:|1758981147
|switch|p2a: Dragapult|Dragapult, M|100/100
|-damage|p2a: Dragapult|84/100|[from] Spikes
|move|p1a: Iron Crown|Volt Switch|p2a: Dragapult
|-resisted|p2a: Dragapult
|-damage|p2a: Dragapult|42/100
|
|t:|1758981152
|-end|p1a: Iron Crown|Quark Drive|[silent]
|switch|p1a: Iron Valiant|Iron Valiant, shiny|100/100|[from] Volt Switch
|-activate|p1a: Iron Valiant|ability: Quark Drive
|-start|p1a: Iron Valiant|quarkdrivespe
|
|-heal|p2a: Dragapult|48/100|[from] item: Leftovers
|upkeep
|turn|32
|
|t:|1758981162
|move|p2a: Dragapult|Sucker Punch|p1a: Iron Valiant
|-resisted|p1a: Iron Valiant
|-damage|p1a: Iron Valiant|93/100
|move|p1a: Iron Valiant|Spirit Break|p2a: Dragapult
|-supereffective|p2a: Dragapult
|-damage|p2a: Dragapult|0 fnt
|faint|p2a: Dragapult
|
|upkeep
|
|t:|1758981170
|switch|p2a: Garganacl|Garganacl, F, tera:Fairy|90/100
|-damage|p2a: Garganacl|74/100|[from] Spikes
|turn|33
|
|t:|1758981174
|-end|p1a: Iron Valiant|Quark Drive|[silent]
|switch|p1a: Barraskewda|Barraskewda, F|51/100
|move|p2a: Garganacl|Recover|p2a: Garganacl
|-heal|p2a: Garganacl|100/100
|
|-fieldend|move: Electric Terrain
|upkeep
|turn|34
|
|t:|1758981180
|move|p1a: Barraskewda|Flip Turn|p2a: Garganacl
|-damage|p2a: Garganacl|67/100
|
|t:|1758981182
|switch|p1a: Iron Valiant|Iron Valiant, shiny|93/100|[from] Flip Turn
|move|p2a: Garganacl|Iron Defense|p2a: Garganacl
|-boost|p2a: Garganacl|def|2
|
|-heal|p2a: Garganacl|73/100|[from] item: Leftovers
|upkeep
|turn|35
|
|t:|1758981190
|move|p1a: Iron Valiant|Trick|p2a: Garganacl
|-activate|p1a: Iron Valiant|move: Trick|[of] p2a: Garganacl
|-item|p2a: Garganacl|Choice Band|[from] move: Trick
|-item|p1a: Iron Valiant|Leftovers|[from] move: Trick
|move|p2a: Garganacl|Recover|p2a: Garganacl
|-heal|p2a: Garganacl|100/100
|
|-heal|p1a: Iron Valiant|99/100|[from] item: Leftovers
|upkeep
|turn|36
|c|☆ja hoi|gg
|-message|ja hoi forfeited.
|
|win|KuroNoTamashi
|raw|KuroNoTamashi's rating: 1581 &rarr; <strong>1599</strong><br />(+18 for winning)
|raw|ja hoi's rating: 1540 &rarr; <strong>1522</strong><br />(-18 for losing)
|l|☆ja hoi
|player|p2|
|l|☆KuroNoTamashi
|player|p1|
