|j|☆KingdrasFollowers
|j|☆gymleadernyash
|t:|1759050810
|gametype|singles
|player|p1|KingdrasFollowers|pokemonbreederf-gen4|1051
|player|p2|gymleadernyash|swimmer-gen4|1108
|gen|9
|tier|[Gen 9] OU
|rated|
|rule|HP Percentage Mod: HP is shown in percentages
|rule|Endless Battle Clause: Forcing endless battles is banned
|rule|Species Clause: Limit one of each Pokémon
|rule|OHKO Clause: OHKO moves are banned
|rule|Evasion Items Clause: Evasion items are banned
|rule|Evasion Moves Clause: Evasion moves are banned
|rule|Evasion Abilities Clause: Evasion abilities are banned
|rule|Sleep Moves Clause: Sleep-inducing moves are banned
|clearpoke
|poke|p1|Ogerpon, F|
|poke|p1|Gholdengo|
|poke|p1|Ting-Lu|
|poke|p1|Great Tusk|
|poke|p1|Talonflame, F|
|poke|p1|Dragapult, M|
|poke|p2|Infernape, M|
|poke|p2|Golurk|
|poke|p2|Snorlax, F|
|poke|p2|Eelektross, M|
|poke|p2|Scizor, F|
|poke|p2|Hydrapple, M|
|teampreview
|
|t:|1759050828
|teamsize|p1|6
|teamsize|p2|6
|start
|switch|p1a: Ogerpon|Ogerpon, F|100/100
|switch|p2a: Eelektross|Eelektross, M|100/100
|turn|1
|
|t:|1759050859
|move|p1a: Ogerpon|Focus Energy|p1a: Ogerpon
|-start|p1a: Ogerpon|move: Focus Energy
|move|p2a: Eelektross|Flamethrower|p1a: Ogerpon
|-supereffective|p1a: Ogerpon
|-damage|p1a: Ogerpon|44/100
|
|upkeep
|turn|2
|
|t:|1759050895
|-terastallize|p1a: Ogerpon|Grass
|detailschange|p1a: Ogerpon|Ogerpon-Teal-Tera, F, tera:Grass
|-ability|p1a: Ogerpon|Embody Aspect (Teal)|boost
|-boost|p1a: Ogerpon|spe|1
|move|p1a: Ogerpon|Ivy Cudgel|p2a: Eelektross
|-crit|p2a: Eelektross
|-damage|p2a: Eelektross|0 fnt
|faint|p2a: Eelektross
|
|upkeep
|
|t:|1759050931
|switch|p2a: Snorlax|Snorlax, F|100/100
|turn|3
|
|t:|1759050938
|move|p1a: Ogerpon|Superpower|p2a: Snorlax
|-supereffective|p2a: Snorlax
|-crit|p2a: Snorlax
|-damage|p2a: Snorlax|12/100
|-unboost|p1a: Ogerpon|atk|1
|-unboost|p1a: Ogerpon|def|1
|move|p2a: Snorlax|Body Slam|p1a: Ogerpon
|-damage|p1a: Ogerpon|0 fnt
|faint|p1a: Ogerpon
|detailschange|p1: Ogerpon|Ogerpon, F|[silent]
|
|-heal|p2a: Snorlax|18/100|[from] item: Leftovers
|upkeep
|
|t:|1759050948
|switch|p1a: Tusks|Great Tusk|100/100
|-enditem|p1a: Tusks|Booster Energy
|-activate|p1a: Tusks|ability: Protosynthesis|[fromitem]
|-start|p1a: Tusks|protosynthesisatk
|turn|4
|
|t:|1759050955
|move|p1a: Tusks|Bulk Up|p1a: Tusks
|-boost|p1a: Tusks|atk|1
|-boost|p1a: Tusks|def|1
|move|p2a: Snorlax|Rest|p2a: Snorlax
|-status|p2a: Snorlax|slp|[from] move: Rest
|-heal|p2a: Snorlax|100/100 slp|[silent]
|
|upkeep
|turn|5
|inactive|Battle timer is ON: inactive players will automatically lose when time's up. (requested by gymleadernyash)
|
|t:|1759051052
|move|p1a: Tusks|Bulk Up|p1a: Tusks
|-boost|p1a: Tusks|atk|1
|-boost|p1a: Tusks|def|1
|cant|p2a: Snorlax|slp
|move|p2a: Snorlax|Sleep Talk|p2a: Snorlax
|move|p2a: Snorlax|Body Slam|p1a: Tusks|[from] move: Sleep Talk
|-damage|p1a: Tusks|88/100
|-status|p1a: Tusks|par
|
|upkeep
|turn|6
|-message|KingdrasFollowers forfeited.
|
|win|gymleadernyash
|raw|KingdrasFollowers's rating: 1051 &rarr; <strong>1036</strong><br />(-15 for losing)
|raw|gymleadernyash's rating: 1108 &rarr; <strong>1129</strong><br />(+21 for winning)
|l|☆KingdrasFollowers
|player|p1|
|l|☆gymleadernyash
|player|p2|
