|j|☆BorealisRor
|j|☆DuckyBoi1709
|t:|1758979191
|gametype|singles
|player|p1|BorealisRor|101|1108
|player|p2|DuckyBoi1709|rood|1125
|gen|9
|tier|[Gen 9] OU
|rated|
|rule|HP Percentage Mod: HP is shown in percentages
|rule|Endless Battle Clause: Forcing endless battles is banned
|rule|Species Clause: Limit one of each Pokémon
|rule|OHKO Clause: OHKO moves are banned
|rule|Evasion Items Clause: Evasion items are banned
|rule|Evasion Moves Clause: Evasion moves are banned
|rule|Evasion Abilities Clause: Evasion abilities are banned
|rule|Sleep Moves Clause: Sleep-inducing moves are banned
|clearpoke
|poke|p1|Iron Crown|
|poke|p1|Cinderace, M|
|poke|p1|Pecharunt|
|poke|p1|Kommo-o, F|
|poke|p1|Samurott-Hisui, F|
|poke|p1|Garganacl, M|
|poke|p2|Ogerpon, F|
|poke|p2|Rillaboom, M|
|poke|p2|Landorus-Therian, M|
|poke|p2|Raging Bolt|
|poke|p2|Slowking-Galar, M|
|poke|p2|Weezing-Galar, F|
|teampreview
|inactive|Battle timer is ON: inactive players will automatically lose when time's up. (requested by DuckyBoi1709)
|
|t:|1758979194
|teamsize|p1|6
|teamsize|p2|6
|start
|switch|p1a: Garganacl|Garganacl, M|100/100
|switch|p2a: Rillaboom|Rillaboom, M|100/100
|-fieldstart|move: Grassy Terrain|[from] ability: Grassy Surge|[of] p2a: Rillaboom
|turn|1
|
|t:|1758979199
|move|p2a: Rillaboom|U-turn|p1a: Garganacl
|-damage|p1a: Garganacl|88/100
|
|t:|1758979201
|switch|p2a: Ogerpon|Ogerpon, F|100/100|[from] U-turn
|move|p1a: Garganacl|Stealth Rock|p2a: Ogerpon
|-sidestart|p2: DuckyBoi1709|move: Stealth Rock
|
|-heal|p1a: Garganacl|94/100|[from] Grassy Terrain
|upkeep
|turn|2
|
|t:|1758979211
|move|p2a: Ogerpon|Swords Dance|p2a: Ogerpon
|-boost|p2a: Ogerpon|atk|2
|move|p1a: Garganacl|Salt Cure|p2a: Ogerpon
|-damage|p2a: Ogerpon|84/100
|-start|p2a: Ogerpon|Salt Cure
|
|-heal|p2a: Ogerpon|90/100|[from] Grassy Terrain
|-heal|p1a: Garganacl|99/100|[from] Grassy Terrain
|-damage|p2a: Ogerpon|78/100|[from] Salt Cure
|upkeep
|turn|3
|
|t:|1758979217
|move|p2a: Ogerpon|Ivy Cudgel|p1a: Garganacl
|-supereffective|p1a: Garganacl
|-damage|p1a: Garganacl|0 fnt
|faint|p1a: Garganacl
|
|-heal|p2a: Ogerpon|84/100|[from] Grassy Terrain
|-damage|p2a: Ogerpon|71/100|[from] Salt Cure
|upkeep
|
|t:|1758979222
|switch|p1a: Iron Crown|Iron Crown|100/100
|turn|4
|
|t:|1758979230
|-terastallize|p2a: Ogerpon|Grass
|detailschange|p2a: Ogerpon|Ogerpon-Teal-Tera, F, tera:Grass
|-ability|p2a: Ogerpon|Embody Aspect (Teal)|boost
|-boost|p2a: Ogerpon|spe|1
|move|p1a: Iron Crown|Air Slash|p2a: Ogerpon
|-supereffective|p2a: Ogerpon
|-damage|p2a: Ogerpon|19/100
|cant|p2a: Ogerpon|flinch
|
|-heal|p2a: Ogerpon|25/100|[from] Grassy Terrain
|-damage|p2a: Ogerpon|12/100|[from] Salt Cure
|upkeep
|turn|5
|
|t:|1758979237
|move|p2a: Ogerpon|Grassy Glide|p1a: Iron Crown
|-resisted|p1a: Iron Crown
|-damage|p1a: Iron Crown|33/100
|move|p1a: Iron Crown|Air Slash|p2a: Ogerpon
|-supereffective|p2a: Ogerpon
|-damage|p2a: Ogerpon|0 fnt
|faint|p2a: Ogerpon
|detailschange|p2: Ogerpon|Ogerpon, F|[silent]
|
|-heal|p1a: Iron Crown|39/100|[from] Grassy Terrain
|upkeep
|c|☆DuckyBoi1709|Wild flinch
|c|☆BorealisRor|clutched
|c|☆DuckyBoi1709|Fr
|inactive|DuckyBoi1709 has 120 seconds left.
|
|t:|1758979270
|switch|p2a: Slowking|Slowking-Galar, M|100/100
|turn|6
|c|☆DuckyBoi1709|Love my girl oger
|
|t:|1758979283
|-end|p1a: Iron Crown|Quark Drive|[silent]
|switch|p1a: Pecharunt|Pecharunt|100/100
|move|p2a: Slowking|Psychic Noise|p1a: Pecharunt
|-supereffective|p1a: Pecharunt
|-damage|p1a: Pecharunt|48/100
|-start|p1a: Pecharunt|move: Heal Block
|
|upkeep
|turn|7
|
|t:|1758979288
|move|p1a: Pecharunt|Parting Shot|p2a: Slowking
|-unboost|p2a: Slowking|atk|1
|-unboost|p2a: Slowking|spa|1
|
|t:|1758979291
|switch|p1a: Samurott|Samurott-Hisui, F, shiny|100/100|[from] Parting Shot
|move|p2a: Slowking|Psychic Noise|p1a: Samurott
|-immune|p1a: Samurott
|
|upkeep
|turn|8
|c|☆BorealisRor|ouch was not expecting that
|
|t:|1758979300
|switch|p2a: Weezing|Weezing-Galar, F|100/100
|-ability|p2a: Weezing|Neutralizing Gas
|-damage|p2a: Weezing|88/100|[from] Stealth Rock
|move|p1a: Samurott|Ceaseless Edge|p2a: Weezing
|-resisted|p2a: Weezing
|-damage|p2a: Weezing|77/100
|-sidestart|p2: DuckyBoi1709|Spikes
|
|-heal|p2a: Weezing|83/100|[from] Grassy Terrain
|-fieldend|move: Grassy Terrain
|upkeep
|turn|9
|
|t:|1758979313
|move|p1a: Samurott|Drill Run|p2a: Weezing
|-supereffective|p2a: Weezing
|-crit|p2a: Weezing
|-damage|p2a: Weezing|21/100
|move|p2a: Weezing|Defog|p1a: Samurott
|-unboost|p1a: Samurott|evasion|1
|-sideend|p2: DuckyBoi1709|Spikes|[from] move: Defog|[of] p2a: Weezing
|-sideend|p2: DuckyBoi1709|Stealth Rock|[from] move: Defog|[of] p2a: Weezing
|
|upkeep
|turn|10
|
|t:|1758979320
|move|p1a: Samurott|Drill Run|p2a: Weezing
|-supereffective|p2a: Weezing
|-damage|p2a: Weezing|0 fnt
|faint|p2a: Weezing
|-end|p2a: Weezing|ability: Neutralizing Gas
|
|upkeep
|
|t:|1758979326
|switch|p2a: Rillaboom|Rillaboom, M|100/100
|-fieldstart|move: Grassy Terrain|[from] ability: Grassy Surge|[of] p2a: Rillaboom
|turn|11
|c|☆DuckyBoi1709|That’s an interesting set
|
|t:|1758979339
|switch|p1a: Cinderace|Cinderace, M|100/100
|move|p2a: Rillaboom|Fake Out|p1a: Cinderace
|-damage|p1a: Cinderace|87/100
|
|-heal|p1a: Cinderace|93/100|[from] Grassy Terrain
|upkeep
|turn|12
|
|t:|1758979344
|switch|p2a: Landorus|Landorus-Therian, M|100/100
|-ability|p2a: Landorus|Intimidate|boost
|-unboost|p1a: Cinderace|atk|1
|move|p1a: Cinderace|Gunk Shot|p2a: Landorus
|-start|p1a: Cinderace|typechange|Poison|[from] ability: Libero
|-resisted|p2a: Landorus
|-damage|p2a: Landorus|87/100
|-status|p2a: Landorus|psn
|
|-heal|p1a: Cinderace|99/100|[from] Grassy Terrain
|-damage|p2a: Landorus|75/100 psn|[from] psn
|upkeep
|turn|13
|
|t:|1758979355
|switch|p1a: Samurott|Samurott-Hisui, F, shiny|100/100
|move|p2a: Landorus|Earthquake|p1a: Samurott
|-damage|p1a: Samurott|67/100
|
|-heal|p1a: Samurott|73/100|[from] Grassy Terrain
|-damage|p2a: Landorus|63/100 psn|[from] psn
|upkeep
|turn|14
|
|t:|1758979362
|switch|p2a: Rillaboom|Rillaboom, M|100/100
|move|p1a: Samurott|Aqua Cutter|p2a: Rillaboom
|-resisted|p2a: Rillaboom
|-damage|p2a: Rillaboom|85/100
|
|-heal|p1a: Samurott|79/100|[from] Grassy Terrain
|-heal|p2a: Rillaboom|91/100|[from] Grassy Terrain
|upkeep
|turn|15
|
|t:|1758979369
|switch|p1a: Kommo-o|Kommo-o, F|100/100
|move|p2a: Rillaboom|U-turn|p1a: Kommo-o
|-resisted|p1a: Kommo-o
|-damage|p1a: Kommo-o|92/100
|
|t:|1758979374
|switch|p2a: Raging Bolt|Raging Bolt|100/100|[from] U-turn
|
|-heal|p1a: Kommo-o|98/100|[from] Grassy Terrain
|upkeep
|turn|16
|
|t:|1758979379
|move|p1a: Kommo-o|Dragon Claw|p2a: Raging Bolt
|-supereffective|p2a: Raging Bolt
|-damage|p2a: Raging Bolt|47/100
|move|p2a: Raging Bolt|Draco Meteor|p1a: Kommo-o
|-supereffective|p1a: Kommo-o
|-damage|p1a: Kommo-o|0 fnt
|-unboost|p2a: Raging Bolt|spa|2
|faint|p1a: Kommo-o
|
|-heal|p2a: Raging Bolt|53/100|[from] Grassy Terrain
|upkeep
|
|t:|1758979401
|switch|p1a: Iron Crown|Iron Crown|39/100
|turn|17
|
|t:|1758979405
|-end|p2a: Raging Bolt|Protosynthesis|[silent]
|switch|p2a: Slowking|Slowking-Galar, M|100/100
|-terastallize|p1a: Iron Crown|Fairy
|move|p1a: Iron Crown|Tera Blast|p2a: Slowking|[anim] Tera Blast Fairy
|-resisted|p2a: Slowking
|-damage|p2a: Slowking|89/100
|
|-heal|p1a: Iron Crown|46/100|[from] Grassy Terrain
|-heal|p2a: Slowking|95/100|[from] Grassy Terrain
|upkeep
|turn|18
|c|☆DuckyBoi1709|Pretty sure you win this
|
|t:|1758979423
|-end|p1a: Iron Crown|Quark Drive|[silent]
|switch|p1a: Samurott|Samurott-Hisui, F, shiny|79/100
|-prepare|p2a: Slowking|Chilly Reception|[premajor]
|move|p2a: Slowking|Chilly Reception|p2a: Slowking
|-weather|Snowscape
|
|t:|1758979428
|switch|p2a: Raging Bolt|Raging Bolt|53/100|[from] Chilly Reception
|
|-weather|Snowscape|[upkeep]
|-heal|p1a: Samurott|85/100|[from] Grassy Terrain
|-heal|p2a: Raging Bolt|59/100|[from] Grassy Terrain
|-fieldend|move: Grassy Terrain
|upkeep
|turn|19
|
|t:|1758979436
|move|p2a: Raging Bolt|Thunderclap|p1a: Samurott
|-supereffective|p1a: Samurott
|-damage|p1a: Samurott|0 fnt
|faint|p1a: Samurott
|
|-weather|Snowscape|[upkeep]
|upkeep
|
|t:|1758979441
|switch|p1a: Iron Crown|Iron Crown, tera:Fairy|46/100
|turn|20
|
|t:|1758979447
|-end|p2a: Raging Bolt|Protosynthesis|[silent]
|switch|p2a: Landorus|Landorus-Therian, M|63/100 psn
|-ability|p2a: Landorus|Intimidate|boost
|-unboost|p1a: Iron Crown|atk|1
|move|p1a: Iron Crown|Tachyon Cutter|p2a: Landorus
|-damage|p2a: Landorus|33/100 psn
|-crit|p2a: Landorus
|-damage|p2a: Landorus|0 fnt
|faint|p2a: Landorus
|-hitcount|p2: Landorus|2
|
|-weather|Snowscape|[upkeep]
|upkeep
|c|☆BorealisRor|idk youre whooping me rn
|
|t:|1758979455
|switch|p2a: Slowking|Slowking-Galar, M|100/100
|turn|21
|
|t:|1758979462
|-end|p1a: Iron Crown|Quark Drive|[silent]
|switch|p1a: Cinderace|Cinderace, M|99/100
|-prepare|p2a: Slowking|Chilly Reception|[premajor]
|move|p2a: Slowking|Chilly Reception|p2a: Slowking
|
|t:|1758979463
|switch|p2a: Rillaboom|Rillaboom, M|91/100|[from] Chilly Reception
|-fieldstart|move: Grassy Terrain|[from] ability: Grassy Surge|[of] p2a: Rillaboom
|
|-weather|Snowscape|[upkeep]
|-heal|p1a: Cinderace|100/100|[from] Grassy Terrain
|-heal|p2a: Rillaboom|97/100|[from] Grassy Terrain
|upkeep
|turn|22
|
|t:|1758979466
|move|p2a: Rillaboom|Fake Out|p1a: Cinderace
|-damage|p1a: Cinderace|87/100
|move|p1a: Cinderace|Pyro Ball|p2a: Rillaboom
|-supereffective|p2a: Rillaboom
|-damage|p2a: Rillaboom|36/100
|-status|p2a: Rillaboom|brn
|
|-weather|none
|-heal|p1a: Cinderace|93/100|[from] Grassy Terrain
|-heal|p2a: Rillaboom|43/100 brn|[from] Grassy Terrain
|-damage|p2a: Rillaboom|36/100 brn|[from] brn
|upkeep
|turn|23
|
|t:|1758979481
|switch|p2a: Raging Bolt|Raging Bolt|59/100
|move|p1a: Cinderace|Pyro Ball|p2a: Raging Bolt
|-resisted|p2a: Raging Bolt
|-damage|p2a: Raging Bolt|41/100
|
|-heal|p1a: Cinderace|99/100|[from] Grassy Terrain
|-heal|p2a: Raging Bolt|47/100|[from] Grassy Terrain
|upkeep
|turn|24
|
|t:|1758979489
|move|p1a: Cinderace|Gunk Shot|p2a: Raging Bolt|[miss]
|-start|p1a: Cinderace|typechange|Poison|[from] ability: Libero
|-miss|p1a: Cinderace|p2a: Raging Bolt
|move|p2a: Raging Bolt|Draco Meteor|p1a: Cinderace
|-damage|p1a: Cinderace|0 fnt
|-unboost|p2a: Raging Bolt|spa|2
|faint|p1a: Cinderace
|
|-heal|p2a: Raging Bolt|53/100|[from] Grassy Terrain
|upkeep
|
|t:|1758979495
|switch|p1a: Iron Crown|Iron Crown, tera:Fairy|46/100
|turn|25
|
|t:|1758979508
|-end|p2a: Raging Bolt|Protosynthesis|[silent]
|switch|p2a: Slowking|Slowking-Galar, M|100/100
|move|p1a: Iron Crown|Psychic|p2a: Slowking
|-damage|p2a: Slowking|74/100
|
|-heal|p1a: Iron Crown|52/100|[from] Grassy Terrain
|-heal|p2a: Slowking|80/100|[from] Grassy Terrain
|upkeep
|turn|26
|
|t:|1758979515
|-end|p1a: Iron Crown|Quark Drive|[silent]
|switch|p1a: Pecharunt|Pecharunt|48/100
|-prepare|p2a: Slowking|Chilly Reception|[premajor]
|move|p2a: Slowking|Chilly Reception|p2a: Slowking
|-weather|Snowscape
|
|t:|1758979517
|switch|p2a: Raging Bolt|Raging Bolt|53/100|[from] Chilly Reception
|
|-weather|Snowscape|[upkeep]
|-heal|p1a: Pecharunt|54/100|[from] Grassy Terrain
|-heal|p2a: Raging Bolt|59/100|[from] Grassy Terrain
|upkeep
|turn|27
|
|t:|1758979525
|move|p1a: Pecharunt|Parting Shot|p2a: Raging Bolt
|-unboost|p2a: Raging Bolt|atk|1
|-unboost|p2a: Raging Bolt|spa|1
|
|t:|1758979527
|switch|p1a: Iron Crown|Iron Crown, tera:Fairy|52/100|[from] Parting Shot
|move|p2a: Raging Bolt|Volt Switch|p1a: Iron Crown
|-damage|p1a: Iron Crown|14/100
|
|t:|1758979533
|-end|p2a: Raging Bolt|Protosynthesis|[silent]
|switch|p2a: Rillaboom|Rillaboom, M|36/100 brn|[from] Volt Switch
|
|-weather|Snowscape|[upkeep]
|-heal|p1a: Iron Crown|21/100|[from] Grassy Terrain
|-heal|p2a: Rillaboom|43/100 brn|[from] Grassy Terrain
|-damage|p2a: Rillaboom|36/100 brn|[from] brn
|upkeep
|turn|28
|
|t:|1758979538
|move|p2a: Rillaboom|Grassy Glide|p1a: Iron Crown
|-damage|p1a: Iron Crown|3/100
|move|p1a: Iron Crown|Air Slash|p2a: Rillaboom
|-supereffective|p2a: Rillaboom
|-damage|p2a: Rillaboom|0 fnt
|faint|p2a: Rillaboom
|
|-weather|Snowscape|[upkeep]
|-heal|p1a: Iron Crown|10/100|[from] Grassy Terrain
|-fieldend|move: Grassy Terrain
|upkeep
|
|t:|1758979543
|switch|p2a: Raging Bolt|Raging Bolt|59/100
|turn|29
|
|t:|1758979549
|-end|p1a: Iron Crown|Quark Drive|[silent]
|switch|p1a: Pecharunt|Pecharunt|54/100
|move|p2a: Raging Bolt|Thunderclap||[still]
|-fail|p2a: Raging Bolt
|
|-weather|Snowscape|[upkeep]
|upkeep
|turn|30
|
|t:|1758979553
|-end|p2a: Raging Bolt|Protosynthesis|[silent]
|switch|p2a: Slowking|Slowking-Galar, M|100/100
|move|p1a: Pecharunt|Malignant Chain|p2a: Slowking
|-resisted|p2a: Slowking
|-damage|p2a: Slowking|87/100
|
|-weather|none
|upkeep
|turn|31
|
|t:|1758979557
|move|p1a: Pecharunt|Hex|p2a: Slowking
|-supereffective|p2a: Slowking
|-damage|p2a: Slowking|53/100
|-prepare|p2a: Slowking|Chilly Reception|[premajor]
|move|p2a: Slowking|Chilly Reception|p2a: Slowking
|-weather|Snowscape
|
|t:|1758979559
|switch|p2a: Raging Bolt|Raging Bolt|59/100|[from] Chilly Reception
|
|-weather|Snowscape|[upkeep]
|upkeep
|turn|32
|
|t:|1758979565
|-end|p2a: Raging Bolt|Protosynthesis|[silent]
|switch|p2a: Slowking|Slowking-Galar, M|86/100
|move|p1a: Pecharunt|Parting Shot|p2a: Slowking
|-unboost|p2a: Slowking|atk|1
|-unboost|p2a: Slowking|spa|1
|
|t:|1758979567
|switch|p1a: Iron Crown|Iron Crown, tera:Fairy|10/100|[from] Parting Shot
|
|-weather|Snowscape|[upkeep]
|upkeep
|turn|33
|
|t:|1758979573
|move|p1a: Iron Crown|Tachyon Cutter|p2a: Slowking
|-damage|p2a: Slowking|72/100
|-crit|p2a: Slowking
|-damage|p2a: Slowking|48/100
|-hitcount|p2a: Slowking|2
|-prepare|p2a: Slowking|Chilly Reception|[premajor]
|move|p2a: Slowking|Chilly Reception|p2a: Slowking
|
|t:|1758979576
|switch|p2a: Raging Bolt|Raging Bolt|59/100|[from] Chilly Reception
|
|-weather|Snowscape|[upkeep]
|upkeep
|turn|34
|
|t:|1758979580
|move|p2a: Raging Bolt|Thunderclap|p1a: Iron Crown
|-damage|p1a: Iron Crown|0 fnt
|faint|p1a: Iron Crown
|-end|p1a: Iron Crown|Quark Drive|[silent]
|
|-weather|Snowscape|[upkeep]
|upkeep
|
|t:|1758979581
|switch|p1a: Pecharunt|Pecharunt|54/100
|turn|35
|
|t:|1758979593
|-end|p2a: Raging Bolt|Protosynthesis|[silent]
|switch|p2a: Slowking|Slowking-Galar, M|81/100
|move|p1a: Pecharunt|Recover|p1a: Pecharunt
|-heal|p1a: Pecharunt|100/100
|
|-weather|none
|upkeep
|turn|36
|
|t:|1758979598
|move|p1a: Pecharunt|Hex|p2a: Slowking
|-supereffective|p2a: Slowking
|-damage|p2a: Slowking|48/100
|move|p2a: Slowking|Psychic Noise|p1a: Pecharunt
|-supereffective|p1a: Pecharunt
|-damage|p1a: Pecharunt|47/100
|-start|p1a: Pecharunt|move: Heal Block
|
|upkeep
|turn|37
|c|☆DuckyBoi1709|gg
|
|t:|1758979605
|switch|p2a: Raging Bolt|Raging Bolt|59/100
|move|p1a: Pecharunt|Parting Shot|p2a: Raging Bolt
|-unboost|p2a: Raging Bolt|atk|1
|-unboost|p2a: Raging Bolt|spa|1
|
|-end|p1a: Pecharunt|move: Heal Block
|upkeep
|turn|38
|
|t:|1758979609
|move|p1a: Pecharunt|Recover|p1a: Pecharunt
|-heal|p1a: Pecharunt|97/100
|move|p2a: Raging Bolt|Draco Meteor|p1a: Pecharunt
|-damage|p1a: Pecharunt|23/100
|-unboost|p2a: Raging Bolt|spa|2
|
|upkeep
|turn|39
|
|t:|1758979612
|-end|p2a: Raging Bolt|Protosynthesis|[silent]
|switch|p2a: Slowking|Slowking-Galar, M|81/100
|move|p1a: Pecharunt|Recover|p1a: Pecharunt
|-heal|p1a: Pecharunt|73/100
|
|upkeep
|turn|40
|
|t:|1758979616
|move|p1a: Pecharunt|Parting Shot|p2a: Slowking
|-unboost|p2a: Slowking|atk|1
|-unboost|p2a: Slowking|spa|1
|move|p2a: Slowking|Future Sight|p1a: Pecharunt
|-start|p2a: Slowking|move: Future Sight
|
|upkeep
|turn|41
|
|t:|1758979622
|move|p1a: Pecharunt|Hex|p2a: Slowking
|-supereffective|p2a: Slowking
|-damage|p2a: Slowking|45/100
|move|p2a: Slowking|Psychic Noise|p1a: Pecharunt
|-supereffective|p1a: Pecharunt
|-damage|p1a: Pecharunt|39/100
|-start|p1a: Pecharunt|move: Heal Block
|
|upkeep
|turn|42
|
|t:|1758979625
|switch|p2a: Raging Bolt|Raging Bolt|59/100
|move|p1a: Pecharunt|Hex|p2a: Raging Bolt
|-damage|p2a: Raging Bolt|38/100
|
|-end|p1a: Pecharunt|move: Future Sight
|-supereffective|p1a: Pecharunt
|-damage|p1a: Pecharunt|0 fnt
|faint|p1a: Pecharunt
|
|win|DuckyBoi1709
|raw|BorealisRor's rating: 1108 &rarr; <strong>1084</strong><br />(-24 for losing)
|raw|DuckyBoi1709's rating: 1125 &rarr; <strong>1149</strong><br />(+24 for winning)
|c|☆BorealisRor|gg
|c|☆DuckyBoi1709|gg
