|j|☆Demonfromthemist
|j|☆Aggrhy
|t:|1759038171
|gametype|singles
|player|p1|Demonfromthemist|265|1381
|player|p2|Aggrhy|red-masters|1432
|gen|9
|tier|[Gen 9] OU
|rated|
|rule|HP Percentage Mod: HP is shown in percentages
|rule|Endless Battle Clause: Forcing endless battles is banned
|rule|Species Clause: Limit one of each Pokémon
|rule|OHKO Clause: OHKO moves are banned
|rule|Evasion Items Clause: Evasion items are banned
|rule|Evasion Moves Clause: Evasion moves are banned
|rule|Evasion Abilities Clause: Evasion abilities are banned
|rule|Sleep Moves Clause: Sleep-inducing moves are banned
|clearpoke
|poke|p1|Meowscarada, F|
|poke|p1|Gliscor, F|
|poke|p1|Skarmory, M|
|poke|p1|Slowking-Galar, F|
|poke|p1|Alomomola, M|
|poke|p1|Gholdengo|
|poke|p2|Pikachu, M|
|poke|p2|Metagross|
|poke|p2|Gardevoir, M|
|poke|p2|Glimmora, F|
|poke|p2|Milotic, M|
|poke|p2|Hydrapple, M|
|teampreview
|inactive|Battle timer is ON: inactive players will automatically lose when time's up. (requested by Aggrhy)
|
|t:|1759038185
|teamsize|p1|6
|teamsize|p2|6
|start
|switch|p1a: Alomomola|Alomomola, M|100/100
|switch|p2a: Glimmora|Glimmora, F|100/100
|turn|1
|
|t:|1759038193
|move|p2a: Glimmora|Energy Ball|p1a: Alomomola
|-supereffective|p1a: Alomomola
|-damage|p1a: Alomomola|64/100
|move|p1a: Alomomola|Scald|p2a: Glimmora
|-supereffective|p2a: Glimmora
|-damage|p2a: Glimmora|67/100
|-status|p2a: Glimmora|brn
|
|-damage|p2a: Glimmora|61/100 brn|[from] brn
|upkeep
|turn|2
|
|t:|1759038205
|move|p2a: Glimmora|Energy Ball|p1a: Alomomola
|-supereffective|p1a: Alomomola
|-damage|p1a: Alomomola|27/100
|move|p1a: Alomomola|Mirror Coat|p2a: Glimmora
|-damage|p2a: Glimmora|0 fnt
|faint|p2a: Glimmora
|
|upkeep
|
|t:|1759038216
|switch|p2a: Pikachu|Pikachu, M|100/100
|turn|3
|
|t:|1759038222
|switch|p1a: Gliscor|Gliscor, F|100/100
|move|p2a: Pikachu|Knock Off|p1a: Gliscor
|-damage|p1a: Gliscor|79/100
|-enditem|p1a: Gliscor|Toxic Orb|[from] move: Knock Off|[of] p2a: Pikachu
|
|upkeep
|turn|4
|
|t:|1759038232
|switch|p2a: Hydrapple|Hydrapple, M|100/100
|move|p1a: Gliscor|Spikes|p2a: Hydrapple
|-sidestart|p2: Aggrhy|Spikes
|
|upkeep
|turn|5
|
|t:|1759038239
|move|p1a: Gliscor|Toxic|p2a: Hydrapple
|-status|p2a: Hydrapple|tox
|move|p2a: Hydrapple|Energy Ball|p1a: Gliscor
|-damage|p1a: Gliscor|24/100
|
|-damage|p2a: Hydrapple|94/100 tox|[from] psn
|upkeep
|turn|6
|
|t:|1759038247
|move|p1a: Gliscor|Spikes|p2a: Hydrapple
|-sidestart|p2: Aggrhy|Spikes
|move|p2a: Hydrapple|Energy Ball|p1a: Gliscor
|-damage|p1a: Gliscor|0 fnt
|faint|p1a: Gliscor
|
|-damage|p2a: Hydrapple|82/100 tox|[from] psn
|upkeep
|
|t:|1759038252
|switch|p1a: Slowking|Slowking-Galar, F|100/100
|turn|7
|
|t:|1759038260
|move|p2a: Hydrapple|Earth Power|p1a: Slowking
|-supereffective|p1a: Slowking
|-damage|p1a: Slowking|60/100
|-prepare|p1a: Slowking|Chilly Reception|[premajor]
|move|p1a: Slowking|Chilly Reception|p1a: Slowking
|-weather|Snowscape
|
|t:|1759038267
|switch|p1a: Meowscarada|Meowscarada, F|100/100|[from] Chilly Reception
|
|-weather|Snowscape|[upkeep]
|-damage|p2a: Hydrapple|63/100 tox|[from] psn
|upkeep
|turn|8
|
|t:|1759038274
|move|p1a: Meowscarada|U-turn|p2a: Hydrapple
|-start|p1a: Meowscarada|typechange|Bug|[from] ability: Protean
|-supereffective|p2a: Hydrapple
|-damage|p2a: Hydrapple|19/100 tox
|-damage|p1a: Meowscarada|84/100|[from] item: Rocky Helmet|[of] p2a: Hydrapple
|
|t:|1759038280
|switch|p1a: Alomomola|Alomomola, M|60/100|[from] U-turn
|move|p2a: Hydrapple|Fickle Beam|p1a: Alomomola|[anim] Fickle Beam All Out
|-activate|p2a: Hydrapple|move: Fickle Beam
|-damage|p1a: Alomomola|15/100
|
|-weather|Snowscape|[upkeep]
|-damage|p2a: Hydrapple|0 fnt|[from] psn
|faint|p2a: Hydrapple
|upkeep
|
|t:|1759038291
|switch|p2a: Pikachu|Pikachu, M|100/100
|-damage|p2a: Pikachu|84/100|[from] Spikes
|turn|9
|
|t:|1759038298
|switch|p1a: Meowscarada|Meowscarada, F|84/100
|move|p2a: Pikachu|Volt Tackle|p1a: Meowscarada
|-resisted|p1a: Meowscarada
|-damage|p1a: Meowscarada|30/100
|-damage|p2a: Pikachu|59/100|[from] Recoil
|
|-weather|Snowscape|[upkeep]
|upkeep
|turn|10
|
|t:|1759038312
|move|p2a: Pikachu|Quick Attack|p1a: Meowscarada
|-damage|p1a: Meowscarada|7/100
|move|p1a: Meowscarada|Knock Off|p2a: Pikachu
|-start|p1a: Meowscarada|typechange|Dark|[from] ability: Protean
|-damage|p2a: Pikachu|0 fnt
|-enditem|p2a: Pikachu|Light Ball|[from] move: Knock Off|[of] p1a: Meowscarada
|faint|p2a: Pikachu
|
|-weather|Snowscape|[upkeep]
|upkeep
|
|t:|1759038327
|switch|p2a: Milotic|Milotic, M|100/100
|-damage|p2a: Milotic|84/100|[from] Spikes
|turn|11
|
|t:|1759038333
|move|p1a: Meowscarada|U-turn|p2a: Milotic
|-damage|p2a: Milotic|63/100
|
|t:|1759038335
|switch|p1a: Alomomola|Alomomola, M|48/100|[from] U-turn
|move|p2a: Milotic|Scald|p1a: Alomomola
|-resisted|p1a: Alomomola
|-damage|p1a: Alomomola|40/100
|
|-weather|none
|-heal|p2a: Milotic|69/100|[from] item: Leftovers
|upkeep
|turn|12
|
|t:|1759038346
|move|p2a: Milotic|Scald|p1a: Alomomola
|-resisted|p1a: Alomomola
|-damage|p1a: Alomomola|32/100
|move|p1a: Alomomola|Flip Turn|p2a: Milotic
|-resisted|p2a: Milotic
|-damage|p2a: Milotic|61/100
|
|t:|1759038352
|switch|p1a: Meowscarada|Meowscarada, F|7/100|[from] Flip Turn
|
|-heal|p2a: Milotic|67/100|[from] item: Leftovers
|upkeep
|turn|13
|
|t:|1759038367
|-terastallize|p2a: Milotic|Fairy
|move|p1a: Meowscarada|U-turn|p2a: Milotic
|-start|p1a: Meowscarada|typechange|Bug|[from] ability: Protean
|-resisted|p2a: Milotic
|-damage|p2a: Milotic|51/100
|
|t:|1759038373
|switch|p1a: Alomomola|Alomomola, M|65/100|[from] U-turn
|move|p2a: Milotic|Scald|p1a: Alomomola
|-resisted|p1a: Alomomola
|-damage|p1a: Alomomola|58/100
|
|-heal|p2a: Milotic|57/100|[from] item: Leftovers
|upkeep
|turn|14
|
|t:|1759038384
|move|p2a: Milotic|Recover|p2a: Milotic
|-heal|p2a: Milotic|100/100
|move|p1a: Alomomola|Flip Turn|p2a: Milotic
|-damage|p2a: Milotic|82/100
|
|t:|1759038388
|switch|p1a: Gholdengo|Gholdengo|100/100|[from] Flip Turn
|
|-heal|p2a: Milotic|88/100|[from] item: Leftovers
|upkeep
|turn|15
|
|t:|1759038396
|switch|p2a: Metagross|Metagross|100/100
|-damage|p2a: Metagross|84/100|[from] Spikes
|move|p1a: Gholdengo|Nasty Plot|p1a: Gholdengo
|-boost|p1a: Gholdengo|spa|2
|
|upkeep
|turn|16
|
|t:|1759038404
|-terastallize|p1a: Gholdengo|Ghost
|move|p1a: Gholdengo|Shadow Ball|p2a: Metagross
|-supereffective|p2a: Metagross
|-crit|p2a: Metagross
|-damage|p2a: Metagross|0 fnt
|faint|p2a: Metagross
|
|upkeep
|-message|Aggrhy forfeited.
|
|win|Demonfromthemist
|raw|Demonfromthemist's rating: 1381 &rarr; <strong>1404</strong><br />(+23 for winning)
|raw|Aggrhy's rating: 1432 &rarr; <strong>1409</strong><br />(-23 for losing)
|l|☆Aggrhy
|player|p2|
|l|☆Demonfromthemist
|player|p1|
