|j|☆REX_1A91S
|j|☆looklookneed
|t:|1759077408
|gametype|singles
|player|p1|REX_1A91S|riley|1391
|player|p2|looklookneed|lass-gen4dp|1381
|gen|9
|tier|[Gen 9] OU
|rated|
|rule|HP Percentage Mod: HP is shown in percentages
|rule|Endless Battle Clause: Forcing endless battles is banned
|rule|Species Clause: Limit one of each Pokémon
|rule|OHKO Clause: OHKO moves are banned
|rule|Evasion Items Clause: Evasion items are banned
|rule|Evasion Moves Clause: Evasion moves are banned
|rule|Evasion Abilities Clause: Evasion abilities are banned
|rule|Sleep Moves Clause: Sleep-inducing moves are banned
|clearpoke
|poke|p1|Corviknight, F|
|poke|p1|Slowking-Galar, F|
|poke|p1|Pecharunt|
|poke|p1|Kyurem|
|poke|p1|Samurott-Hisui, F|
|poke|p1|Iron Valiant|
|poke|p2|Lilligant-Hisui, F|
|poke|p2|Raging Bolt|
|poke|p2|Walking Wake|
|poke|p2|Torkoal, F|
|poke|p2|Landorus-Therian, M|
|poke|p2|Scizor, F|
|teampreview
|
|t:|1759077422
|teamsize|p1|6
|teamsize|p2|6
|start
|switch|p1a: Samurott|Samurott-Hisui, F|100/100
|switch|p2a: Raging Bolt|Raging Bolt|100/100
|turn|1
|
|t:|1759077428
|switch|p1a: Slowking|Slowking-Galar, F|100/100
|move|p2a: Raging Bolt|Volt Switch|p1a: Slowking
|-damage|p1a: Slowking|83/100
|
|t:|1759077435
|-end|p2a: Raging Bolt|Protosynthesis|[silent]
|switch|p2a: Lilligant|Lilligant-Hisui, F|100/100|[from] Volt Switch
|
|upkeep
|turn|2
|
|t:|1759077440
|switch|p1a: Pecharunt|Pecharunt|100/100
|-terastallize|p2a: Lilligant|Ground
|move|p2a: Lilligant|Tera Blast|p1a: Pecharunt|[anim] Tera Blast Ground
|-supereffective|p1a: Pecharunt
|-damage|p1a: Pecharunt|50/100
|-damage|p2a: Lilligant|91/100|[from] item: Life Orb
|
|upkeep
|turn|3
|
|t:|1759077461
|switch|p2a: Landorus|Landorus-Therian, M|100/100
|-ability|p2a: Landorus|Intimidate|boost
|-unboost|p1a: Pecharunt|atk|1
|switch|p1a: Corviknight|Corviknight, F|100/100
|-ability|p1a: Corviknight|Pressure
|
|upkeep
|turn|4
|
|t:|1759077471
|move|p2a: Landorus|U-turn|p1a: Corviknight
|-resisted|p1a: Corviknight
|-damage|p1a: Corviknight|96/100
|
|t:|1759077475
|switch|p2a: Torkoal|Torkoal, F|100/100|[from] U-turn
|-weather|SunnyDay|[from] ability: Drought|[of] p2a: Torkoal
|move|p1a: Corviknight|Brave Bird|p2a: Torkoal
|-damage|p2a: Torkoal|76/100
|-damage|p1a: Corviknight|89/100|[from] Recoil
|
|-weather|SunnyDay|[upkeep]
|-heal|p1a: Corviknight|95/100|[from] item: Leftovers
|upkeep
|turn|5
|
|t:|1759077489
|move|p1a: Corviknight|U-turn|p2a: Torkoal
|-resisted|p2a: Torkoal
|-damage|p2a: Torkoal|71/100
|
|t:|1759077494
|switch|p1a: Slowking|Slowking-Galar, F|100/100|[from] U-turn
|move|p2a: Torkoal|Stealth Rock|p1a: Slowking
|-sidestart|p1: REX_1A91S|move: Stealth Rock
|
|-weather|SunnyDay|[upkeep]
|upkeep
|turn|6
|
|t:|1759077504
|switch|p2a: Landorus|Landorus-Therian, M|100/100
|-ability|p2a: Landorus|Intimidate|boost
|-unboost|p1a: Slowking|atk|1
|move|p1a: Slowking|Flamethrower|p2a: Landorus
|-damage|p2a: Landorus|44/100
|
|-weather|SunnyDay|[upkeep]
|upkeep
|turn|7
|
|t:|1759077513
|switch|p1a: Corviknight|Corviknight, F|95/100
|-damage|p1a: Corviknight|83/100|[from] Stealth Rock
|-ability|p1a: Corviknight|Pressure
|move|p2a: Landorus|Earthquake|p1a: Corviknight
|-immune|p1a: Corviknight
|
|-weather|SunnyDay|[upkeep]
|-heal|p1a: Corviknight|89/100|[from] item: Leftovers
|upkeep
|turn|8
|
|t:|1759077522
|move|p2a: Landorus|U-turn|p1a: Corviknight
|-resisted|p1a: Corviknight
|-damage|p1a: Corviknight|85/100
|
|t:|1759077526
|switch|p2a: Raging Bolt|Raging Bolt|100/100|[from] U-turn
|-activate|p2a: Raging Bolt|ability: Protosynthesis
|-start|p2a: Raging Bolt|protosynthesisspa
|move|p1a: Corviknight|Defog|p2a: Raging Bolt
|-unboost|p2a: Raging Bolt|evasion|1
|-sideend|p1: REX_1A91S|Stealth Rock|[from] move: Defog|[of] p1a: Corviknight
|
|-weather|SunnyDay|[upkeep]
|-heal|p1a: Corviknight|91/100|[from] item: Leftovers
|upkeep
|turn|9
|
|t:|1759077540
|switch|p1a: Slowking|Slowking-Galar, F|100/100
|move|p2a: Raging Bolt|Volt Switch|p1a: Slowking
|-damage|p1a: Slowking|78/100
|
|t:|1759077546
|-end|p2a: Raging Bolt|Protosynthesis|[silent]
|switch|p2a: Lilligant|Lilligant-Hisui, F, tera:Ground|91/100|[from] Volt Switch
|
|-weather|SunnyDay|[upkeep]
|upkeep
|turn|10
|
|t:|1759077552
|switch|p1a: Corviknight|Corviknight, F|91/100
|-ability|p1a: Corviknight|Pressure
|move|p2a: Lilligant|Close Combat|p1a: Corviknight
|-damage|p1a: Corviknight|42/100
|-unboost|p2a: Lilligant|def|1
|-unboost|p2a: Lilligant|spd|1
|-damage|p2a: Lilligant|81/100|[from] item: Life Orb
|
|-weather|SunnyDay|[upkeep]
|-heal|p1a: Corviknight|48/100|[from] item: Leftovers
|upkeep
|turn|11
|
|t:|1759077565
|switch|p1a: Pecharunt|Pecharunt|50/100
|move|p2a: Lilligant|Close Combat|p1a: Pecharunt
|-immune|p1a: Pecharunt
|
|-weather|none
|upkeep
|turn|12
|
|t:|1759077576
|switch|p2a: Landorus|Landorus-Therian, M|44/100
|-ability|p2a: Landorus|Intimidate|boost
|-unboost|p1a: Pecharunt|atk|1
|move|p1a: Pecharunt|Parting Shot|p2a: Landorus
|-unboost|p2a: Landorus|atk|1
|-unboost|p2a: Landorus|spa|1
|
|t:|1759077583
|switch|p1a: Kyurem|Kyurem|100/100|[from] Parting Shot
|-ability|p1a: Kyurem|Pressure
|
|upkeep
|turn|13
|
|t:|1759077598
|switch|p2a: Torkoal|Torkoal, F|71/100
|-weather|SunnyDay|[from] ability: Drought|[of] p2a: Torkoal
|move|p1a: Kyurem|Ice Beam|p2a: Torkoal
|-resisted|p2a: Torkoal
|-damage|p2a: Torkoal|21/100
|
|-weather|SunnyDay|[upkeep]
|upkeep
|turn|14
|
|t:|1759077610
|switch|p2a: Scizor|Scizor, F|100/100
|move|p1a: Kyurem|Ice Beam|p2a: Scizor
|-resisted|p2a: Scizor
|-damage|p2a: Scizor|58/100
|
|-weather|SunnyDay|[upkeep]
|upkeep
|turn|15
|
|t:|1759077621
|switch|p1a: Corviknight|Corviknight, F|48/100
|-ability|p1a: Corviknight|Pressure
|move|p2a: Scizor|Close Combat|p1a: Corviknight
|-damage|p1a: Corviknight|16/100
|-unboost|p2a: Scizor|def|1
|-unboost|p2a: Scizor|spd|1
|-damage|p2a: Scizor|48/100|[from] item: Life Orb
|
|-weather|SunnyDay|[upkeep]
|-heal|p1a: Corviknight|22/100|[from] item: Leftovers
|upkeep
|turn|16
|
|t:|1759077635
|switch|p1a: Pecharunt|Pecharunt|50/100
|move|p2a: Scizor|U-turn|p1a: Pecharunt
|-resisted|p1a: Pecharunt
|-damage|p1a: Pecharunt|44/100
|-damage|p2a: Scizor|39/100|[from] item: Life Orb
|
|t:|1759077648
|switch|p2a: Lilligant|Lilligant-Hisui, F, tera:Ground|81/100|[from] U-turn
|
|-weather|SunnyDay|[upkeep]
|upkeep
|turn|17
|
|t:|1759077662
|switch|p1a: Corviknight|Corviknight, F|22/100
|-ability|p1a: Corviknight|Pressure
|move|p2a: Lilligant|Close Combat|p1a: Corviknight
|-damage|p1a: Corviknight|0 fnt
|-unboost|p2a: Lilligant|def|1
|-unboost|p2a: Lilligant|spd|1
|faint|p1a: Corviknight
|-damage|p2a: Lilligant|71/100|[from] item: Life Orb
|
|-weather|SunnyDay|[upkeep]
|upkeep
|
|t:|1759077673
|switch|p1a: Iron Valiant|Iron Valiant|100/100
|-enditem|p1a: Iron Valiant|Booster Energy
|-activate|p1a: Iron Valiant|ability: Quark Drive|[fromitem]
|-start|p1a: Iron Valiant|quarkdrivespe
|turn|18
|
|t:|1759077683
|move|p2a: Lilligant|Solar Blade||[still]
|-prepare|p2a: Lilligant|Solar Blade
|-anim|p2a: Lilligant|Solar Blade|p1a: Iron Valiant
|-damage|p1a: Iron Valiant|0 fnt
|faint|p1a: Iron Valiant
|-end|p1a: Iron Valiant|Quark Drive|[silent]
|-damage|p2a: Lilligant|61/100|[from] item: Life Orb
|
|-weather|SunnyDay|[upkeep]
|upkeep
|-message|REX_1A91S forfeited.
|
|win|looklookneed
|raw|REX_1A91S's rating: 1391 &rarr; <strong>1370</strong><br />(-21 for losing)
|raw|looklookneed's rating: 1381 &rarr; <strong>1402</strong><br />(+21 for winning)
|l|☆REX_1A91S
|player|p1|
