|j|☆ILostMyAccount_96
|j|☆Dumodik
|t:|1758989498
|gametype|singles
|player|p1|ILostMyAccount_96|pokekid|1126
|player|p2|Dumodik|giovanni|1160
|gen|9
|tier|[Gen 9] OU
|rated|
|rule|HP Percentage Mod: HP is shown in percentages
|rule|Endless Battle Clause: Forcing endless battles is banned
|rule|Species Clause: Limit one of each Pokémon
|rule|OHKO Clause: OHKO moves are banned
|rule|Evasion Items Clause: Evasion items are banned
|rule|Evasion Moves Clause: Evasion moves are banned
|rule|Evasion Abilities Clause: Evasion abilities are banned
|rule|Sleep Moves Clause: Sleep-inducing moves are banned
|clearpoke
|poke|p1|Jirachi|
|poke|p1|Blissey, F|
|poke|p1|Dudunsparce-*, M|
|poke|p1|Sawsbuck, F|
|poke|p1|Meloetta|
|poke|p1|Zangoose, M|
|poke|p2|Weavile, M|
|poke|p2|Kingambit, F|
|poke|p2|Ting-Lu|
|poke|p2|Moltres-Galar|
|poke|p2|Scrafty, F|
|poke|p2|Meowscarada, F|
|teampreview
|inactive|Battle timer is ON: inactive players will automatically lose when time's up. (requested by ILostMyAccount_96)
|inactive|Dumodik also wants the timer to be on.
|c|☆ILostMyAccount_96|wtf i thought i deleted this team 😭😭
|
|t:|1758989523
|teamsize|p1|6
|teamsize|p2|6
|start
|switch|p1a: Zangoose|Zangoose, M, shiny|100/100
|switch|p2a: Weavile|Weavile, M|100/100
|-ability|p2a: Weavile|Pressure
|turn|1
|
|t:|1758989534
|move|p1a: Zangoose|Protect|p1a: Zangoose
|-singleturn|p1a: Zangoose|Protect
|move|p2a: Weavile|Knock Off|p1a: Zangoose
|-activate|p1a: Zangoose|move: Protect
|
|-status|p1a: Zangoose|tox|[from] item: Toxic Orb
|upkeep
|turn|2
|c|☆Dumodik|bruh
|
|t:|1758989542
|move|p2a: Weavile|Knock Off|p1a: Zangoose
|-damage|p1a: Zangoose|17/100 tox
|-enditem|p1a: Zangoose|Toxic Orb|[from] move: Knock Off|[of] p2a: Weavile
|move|p1a: Zangoose|Close Combat|p2a: Weavile
|-supereffective|p2a: Weavile
|-damage|p2a: Weavile|0 fnt
|-unboost|p1a: Zangoose|def|1
|-unboost|p1a: Zangoose|spd|1
|faint|p2a: Weavile
|
|-damage|p1a: Zangoose|11/100 tox|[from] psn
|upkeep
|c|☆ILostMyAccount_96|why tf do i have disable btuh
|
|t:|1758989552
|switch|p2a: Meowscarada|Meowscarada, F|100/100
|turn|3
|c|☆Dumodik|tf
|
|t:|1758989570
|move|p2a: Meowscarada|U-turn|p1a: Zangoose
|-start|p2a: Meowscarada|typechange|Bug|[from] ability: Protean
|-damage|p1a: Zangoose|0 fnt
|faint|p1a: Zangoose
|
|t:|1758989579
|switch|p2a: Scrafty|Scrafty, F|100/100|[from] U-turn
|
|upkeep
|
|t:|1758989589
|switch|p1a: Sawsbuck|Sawsbuck, F, shiny|100/100
|turn|4
|l|☆ILostMyAccount_96
|inactive|ILostMyAccount_96 disconnected and has a minute to reconnect!
|player|p1|
|j|☆ILostMyAccount_96
|inactive|ILostMyAccount_96 reconnected and has 125 seconds left.
|player|p1|ILostMyAccount_96|pokekid|
|inactive|ILostMyAccount_96 has 120 seconds left.
|
|t:|1758989633
|move|p1a: Sawsbuck|Headbutt|p2a: Scrafty
|-damage|p2a: Scrafty|68/100
|move|p2a: Scrafty|Dragon Dance|p2a: Scrafty
|-boost|p2a: Scrafty|atk|1
|-boost|p2a: Scrafty|spe|1
|
|-heal|p2a: Scrafty|74/100|[from] item: Leftovers
|upkeep
|turn|5
|
|t:|1758989643
|move|p2a: Scrafty|Close Combat|p1a: Sawsbuck
|-supereffective|p1a: Sawsbuck
|-damage|p1a: Sawsbuck|0 fnt
|-unboost|p2a: Scrafty|def|1
|-unboost|p2a: Scrafty|spd|1
|faint|p1a: Sawsbuck
|
|-heal|p2a: Scrafty|80/100|[from] item: Leftovers
|upkeep
|
|t:|1758989656
|switch|p1a: Dudunsparce|Dudunsparce-Three-Segment, M, shiny|100/100
|turn|6
|
|t:|1758989662
|-terastallize|p1a: Dudunsparce|Ghost
|move|p2a: Scrafty|Close Combat|p1a: Dudunsparce
|-immune|p1a: Dudunsparce
|move|p1a: Dudunsparce|Air Slash|p2a: Scrafty
|-supereffective|p2a: Scrafty
|-damage|p2a: Scrafty|22/100
|
|-heal|p2a: Scrafty|27/100|[from] item: Leftovers
|upkeep
|turn|7
|
|t:|1758989666
|move|p2a: Scrafty|Crunch|p1a: Dudunsparce
|-supereffective|p1a: Dudunsparce
|-damage|p1a: Dudunsparce|0 fnt
|faint|p1a: Dudunsparce
|
|-heal|p2a: Scrafty|33/100|[from] item: Leftovers
|upkeep
|
|t:|1758989668
|switch|p1a: Meloetta|Meloetta|100/100
|turn|8
|
|t:|1758989673
|move|p2a: Scrafty|Crunch|p1a: Meloetta
|-supereffective|p1a: Meloetta
|-enditem|p1a: Meloetta|Focus Sash
|-damage|p1a: Meloetta|1/100
|-unboost|p1a: Meloetta|def|1
|move|p1a: Meloetta|Thunder Punch|p2a: Scrafty
|-damage|p2a: Scrafty|5/100
|
|-heal|p2a: Scrafty|10/100|[from] item: Leftovers
|upkeep
|turn|9
|
|t:|1758989683
|move|p2a: Scrafty|Crunch|p1a: Meloetta
|-supereffective|p1a: Meloetta
|-damage|p1a: Meloetta|0 fnt
|faint|p1a: Meloetta
|
|-heal|p2a: Scrafty|16/100|[from] item: Leftovers
|upkeep
|c|☆ILostMyAccount_96|why did i put elemental punches on a meloeyta
|
|t:|1758989703
|switch|p1a: Blissey|Blissey, F|100/100
|turn|10
|
|t:|1758989708
|move|p2a: Scrafty|Close Combat|p1a: Blissey
|-supereffective|p1a: Blissey
|-damage|p1a: Blissey|0 fnt
|-unboost|p2a: Scrafty|def|1
|-unboost|p2a: Scrafty|spd|1
|faint|p1a: Blissey
|
|-heal|p2a: Scrafty|22/100|[from] item: Leftovers
|upkeep
|
|t:|1758989711
|switch|p1a: Jirachi|Jirachi, shiny|100/100
|turn|11
|-message|ILostMyAccount_96 forfeited.
|
|win|Dumodik
|raw|ILostMyAccount_96's rating: 1126 &rarr; <strong>1103</strong><br />(-23 for losing)
|raw|Dumodik's rating: 1160 &rarr; <strong>1183</strong><br />(+23 for winning)
|l|☆ILostMyAccount_96
|player|p1|
