|j|☆gastlygo
|j|☆Salmonroe Sushi
|t:|1758983414
|gametype|singles
|player|p1|gastlygo|169|1098
|player|p2|Salmonroe Sushi|shadowtriad|1088
|gen|9
|tier|[Gen 9] OU
|rated|
|rule|HP Percentage Mod: HP is shown in percentages
|rule|Endless Battle Clause: Forcing endless battles is banned
|rule|Species Clause: Limit one of each Pokémon
|rule|OHKO Clause: OHKO moves are banned
|rule|Evasion Items Clause: Evasion items are banned
|rule|Evasion Moves Clause: Evasion moves are banned
|rule|Evasion Abilities Clause: Evasion abilities are banned
|rule|Sleep Moves Clause: Sleep-inducing moves are banned
|clearpoke
|poke|p1|Dragonite, F|
|poke|p1|Slowking-Galar, F|
|poke|p1|Glimmora, M|
|poke|p1|Ninetales-Alola, M|
|poke|p1|Kyurem|
|poke|p1|Mew|
|poke|p2|Dragonite, M|
|poke|p2|Klefki, M|
|poke|p2|Azumarill, M|
|poke|p2|Swampert, M|
|poke|p2|Spidops, M|
|poke|p2|Gholdengo|
|teampreview
|inactive|Battle timer is ON: inactive players will automatically lose when time's up. (requested by Salmonroe Sushi)
|
|t:|1758983424
|teamsize|p1|6
|teamsize|p2|6
|start
|switch|p1a: Mew|Mew|100/100
|switch|p2a: Spidops|Spidops, M|100/100
|turn|1
|
|t:|1758983431
|move|p1a: Mew|Tailwind|p1a: Mew
|-sidestart|p1: gastlygo|move: Tailwind
|move|p2a: Spidops|Spikes|p1a: Mew
|-sidestart|p1: gastlygo|Spikes
|
|upkeep
|turn|2
|
|t:|1758983436
|move|p1a: Mew|Imprison|p1a: Mew
|-start|p1a: Mew|move: Imprison
|move|p2a: Spidops|Sticky Web|p1a: Mew
|-sidestart|p1: gastlygo|move: Sticky Web
|
|upkeep
|turn|3
|
|t:|1758983442
|move|p1a: Mew|Transform|p2a: Spidops
|-transform|p1a: Mew|p2a: Spidops
|cant|p2a: Spidops|move: Imprison|Spikes
|
|upkeep
|turn|4
|
|t:|1758983450
|move|p1a: Mew|Sticky Web|p2a: Spidops
|-sidestart|p2: Salmonroe Sushi|move: Sticky Web
|-activate|p2a: Spidops|move: Struggle
|move|p2a: Spidops|Struggle|p1a: Mew
|-damage|p1a: Mew|95/100
|-damage|p2a: Spidops|84/100|[from] item: Rocky Helmet|[of] p1a: Mew
|-damage|p2a: Spidops|59/100|[from] recoil
|
|-sideend|p1: gastlygo|move: Tailwind
|upkeep
|turn|5
|
|t:|1758983464
|-activate|p2a: Spidops|move: Struggle
|move|p2a: Spidops|Struggle|p1a: Mew
|-damage|p1a: Mew|89/100
|-damage|p2a: Spidops|43/100|[from] item: Rocky Helmet|[of] p1a: Mew
|-damage|p2a: Spidops|18/100|[from] recoil
|move|p1a: Mew|Spikes|p2a: Spidops
|-sidestart|p2: Salmonroe Sushi|Spikes
|
|upkeep
|turn|6
|
|t:|1758983473
|move|p1a: Mew|Spikes|p2a: Spidops
|-sidestart|p2: Salmonroe Sushi|Spikes
|-activate|p2a: Spidops|move: Struggle
|move|p2a: Spidops|Struggle|p1a: Mew
|-damage|p1a: Mew|83/100
|-damage|p2a: Spidops|1/100|[from] item: Rocky Helmet|[of] p1a: Mew
|-damage|p2a: Spidops|0 fnt|[from] recoil
|faint|p2a: Spidops
|
|upkeep
|
|t:|1758983478
|switch|p2a: Dragonite|Dragonite, M|100/100
|turn|7
|
|t:|1758983485
|move|p1a: Mew|Silk Trap|p1a: Mew
|-singleturn|p1a: Mew|Protect
|move|p2a: Dragonite|Dragon Dance|p2a: Dragonite
|-boost|p2a: Dragonite|atk|1
|-boost|p2a: Dragonite|spe|1
|
|upkeep
|turn|8
|
|t:|1758983492
|move|p2a: Dragonite|Fly||[still]
|-prepare|p2a: Dragonite|Fly
|move|p1a: Mew|Circle Throw|p2a: Dragonite|[miss]
|-miss|p1a: Mew|p2a: Dragonite
|
|upkeep
|turn|9
|
|t:|1758983498
|switch|p1a: Glimmora|Glimmora, M|100/100
|-damage|p1a: Glimmora|88/100|[from] Spikes
|-activate|p1a: Glimmora|move: Sticky Web
|-unboost|p1a: Glimmora|spe|1
|move|p2a: Dragonite|Fly|p1a: Glimmora|[from] lockedmove
|-resisted|p1a: Glimmora
|-damage|p1a: Glimmora|49/100
|-activate|p1a: Glimmora|ability: Toxic Debris
|-sidestart|p2: Salmonroe Sushi|move: Toxic Spikes
|
|upkeep
|turn|10
|
|t:|1758983511
|move|p2a: Dragonite|Dragon Claw|p1a: Glimmora
|-damage|p1a: Glimmora|0 fnt
|-activate|p1a: Glimmora|ability: Toxic Debris
|-sidestart|p2: Salmonroe Sushi|move: Toxic Spikes
|faint|p1a: Glimmora
|
|upkeep
|
|t:|1758983525
|switch|p1a: Mew|Mew|83/100
|-damage|p1a: Mew|71/100|[from] Spikes
|-activate|p1a: Mew|move: Sticky Web
|-unboost|p1a: Mew|spe|1
|turn|11
|
|t:|1758983531
|move|p2a: Dragonite|Extreme Speed|p1a: Mew
|-damage|p1a: Mew|37/100
|-damage|p2a: Dragonite|84/100|[from] item: Rocky Helmet|[of] p1a: Mew
|move|p1a: Mew|Imprison|p1a: Mew
|-start|p1a: Mew|move: Imprison
|
|upkeep
|turn|12
|
|t:|1758983542
|-terastallize|p2a: Dragonite|Normal
|move|p2a: Dragonite|Extreme Speed|p1a: Mew
|-damage|p1a: Mew|0 fnt
|-damage|p2a: Dragonite|68/100|[from] item: Rocky Helmet|[of] p1a: Mew
|faint|p1a: Mew
|
|upkeep
|
|t:|1758983556
|switch|p1a: Ninetales|Ninetales-Alola, M|100/100
|-damage|p1a: Ninetales|88/100|[from] Spikes
|-activate|p1a: Ninetales|move: Sticky Web
|-unboost|p1a: Ninetales|spe|1
|-weather|Snowscape|[from] ability: Snow Warning|[of] p1a: Ninetales
|turn|13
|
|t:|1758983563
|move|p2a: Dragonite|Extreme Speed|p1a: Ninetales
|-damage|p1a: Ninetales|0 fnt
|faint|p1a: Ninetales
|
|-weather|Snowscape|[upkeep]
|upkeep
|
|t:|1758983571
|switch|p1a: Dragonite|Dragonite, F|100/100
|turn|14
|
|t:|1758983590
|-terastallize|p1a: Dragonite|Normal
|move|p1a: Dragonite|Extreme Speed|p2a: Dragonite
|-damage|p2a: Dragonite|16/100
|move|p2a: Dragonite|Dragon Claw|p1a: Dragonite
|-damage|p1a: Dragonite|65/100
|
|-weather|Snowscape|[upkeep]
|upkeep
|turn|15
|
|t:|1758983600
|move|p2a: Dragonite|Extreme Speed|p1a: Dragonite
|-crit|p1a: Dragonite
|-damage|p1a: Dragonite|0 fnt
|faint|p1a: Dragonite
|
|-weather|Snowscape|[upkeep]
|upkeep
|
|t:|1758983607
|switch|p1a: Kyurem|Kyurem|100/100
|-damage|p1a: Kyurem|88/100|[from] Spikes
|-activate|p1a: Kyurem|move: Sticky Web
|-unboost|p1a: Kyurem|spe|1
|-ability|p1a: Kyurem|Pressure
|turn|16
|
|t:|1758983618
|move|p2a: Dragonite|Dragon Claw|p1a: Kyurem
|-supereffective|p1a: Kyurem
|-damage|p1a: Kyurem|0 fnt
|faint|p1a: Kyurem
|
|-weather|Snowscape|[upkeep]
|upkeep
|-message|gastlygo forfeited.
|
|win|Salmonroe Sushi
|raw|gastlygo's rating: 1098 &rarr; <strong>1073</strong><br />(-25 for losing)
|raw|Salmonroe Sushi's rating: 1088 &rarr; <strong>1116</strong><br />(+28 for winning)
|l|☆gastlygo
|player|p1|
|l|☆Salmonroe Sushi
|player|p2|
