|badge|p2|silver|gen9ou|30-6
|html|<div class="broadcast-red"><strong>This battle is required to be public due to one or more player having a season medal.</strong><br />During the public phase, you can discuss the state of the ladder <a href="/seasondiscussion">in a special chatroom.</a></div>
|uhtml|medal-msg|<div class="broadcast-blue">Curious what those medals under the avatar are? PS now has Ladder Seasons! For more information, check out the <a href="https://www.smogon.com/forums/threads/3740067/">thread on Smogon.</a></div>
|raw|<div class="broadcast-blue"><strong>This battle is required to be public due to a player having a name starting with 'medal'.</div>
|j|☆you my heart
|j|☆WogerHater
|t:|1758949866
|gametype|singles
|player|p1|you my heart|dawn|1745
|player|p2|WogerHater|dawn-gen4pt|1959
|gen|9
|tier|[Gen 9] OU
|rated|
|rule|HP Percentage Mod: HP is shown in percentages
|rule|Endless Battle Clause: Forcing endless battles is banned
|rule|Species Clause: Limit one of each Pokémon
|rule|OHKO Clause: OHKO moves are banned
|rule|Evasion Items Clause: Evasion items are banned
|rule|Evasion Moves Clause: Evasion moves are banned
|rule|Evasion Abilities Clause: Evasion abilities are banned
|rule|Sleep Moves Clause: Sleep-inducing moves are banned
|clearpoke
|poke|p1|Samurott-Hisui, F|
|poke|p1|Gholdengo|
|poke|p1|Kingambit, F|
|poke|p1|Iron Valiant|
|poke|p1|Dragonite, M|
|poke|p1|Landorus-Therian, M|
|poke|p2|Weezing-Galar, F|
|poke|p2|Ting-Lu|
|poke|p2|Corviknight, F|
|poke|p2|Skeledirge, M|
|poke|p2|Dragapult, F|
|poke|p2|Ogerpon-Wellspring, F|
|teampreview
|inactive|Battle timer is ON: inactive players will automatically lose when time's up. (requested by WogerHater)
|j| Shucklepilled
|inactive|WogerHater has 120 seconds left.
|
|t:|1758949898
|teamsize|p1|6
|teamsize|p2|6
|start
|switch|p1a: Samurott|Samurott-Hisui, F|100/100
|switch|p2a: GAS.|Weezing-Galar, F|100/100
|-ability|p2a: GAS.|Neutralizing Gas
|turn|1
|
|t:|1758949909
|move|p1a: Samurott|Knock Off|p2a: GAS.
|-resisted|p2a: GAS.
|-damage|p2a: GAS.|87/100
|-enditem|p2a: GAS.|Heavy-Duty Boots|[from] move: Knock Off|[of] p1a: Samurott
|move|p2a: GAS.|Sludge Bomb|p1a: Samurott
|-damage|p1a: Samurott|56/100
|
|upkeep
|turn|2
|j| locked in bro
|
|t:|1758949913
|switch|p1a: Landorus|Landorus-Therian, M|100/100
|move|p2a: GAS.|Sludge Bomb|p1a: Landorus
|-resisted|p1a: Landorus
|-damage|p1a: Landorus|86/100
|-status|p1a: Landorus|psn
|
|-damage|p1a: Landorus|73/100 psn|[from] psn
|upkeep
|turn|3
|j| amefurikoneko
|
|t:|1758949919
|-end|p2a: GAS.|ability: Neutralizing Gas
|-ability|p1a: Landorus|Intimidate|boost
|-unboost|p2a: GAS.|atk|1
|switch|p2a: Ogerpon|Ogerpon-Wellspring, F|100/100
|move|p1a: Landorus|Stealth Rock|p2a: Ogerpon
|-sidestart|p2: WogerHater|move: Stealth Rock
|
|-damage|p1a: Landorus|61/100 psn|[from] psn
|upkeep
|turn|4
|
|t:|1758949924
|switch|p1a: Samurott|Samurott-Hisui, F|56/100
|move|p2a: Ogerpon|Ivy Cudgel|p1a: Samurott|[anim] Ivy Cudgel Water
|-resisted|p1a: Samurott
|-damage|p1a: Samurott|20/100
|
|upkeep
|turn|5
|
|t:|1758949927
|move|p1a: Samurott|Sucker Punch||[still]
|-fail|p1a: Samurott
|move|p2a: Ogerpon|Spikes|p1a: Samurott
|-sidestart|p1: you my heart|Spikes
|
|upkeep
|turn|6
|
|t:|1758949930
|move|p1a: Samurott|Sucker Punch|p2a: Ogerpon
|-damage|p2a: Ogerpon|64/100
|move|p2a: Ogerpon|Ivy Cudgel|p1a: Samurott|[anim] Ivy Cudgel Water
|-resisted|p1a: Samurott
|-damage|p1a: Samurott|0 fnt
|faint|p1a: Samurott
|
|upkeep
|
|t:|1758949939
|switch|p1a: Iron Valiant|Iron Valiant|100/100
|-damage|p1a: Iron Valiant|88/100|[from] Spikes
|-enditem|p1a: Iron Valiant|Booster Energy
|-activate|p1a: Iron Valiant|ability: Quark Drive|[fromitem]
|-start|p1a: Iron Valiant|quarkdrivespe
|turn|7
|
|t:|1758949947
|switch|p2a: GAS.|Weezing-Galar, F|87/100
|-ability|p2a: GAS.|Neutralizing Gas
|-damage|p2a: GAS.|74/100|[from] Stealth Rock
|move|p1a: Iron Valiant|Encore||[still]
|-fail|p1a: Iron Valiant
|
|upkeep
|turn|8
|
|t:|1758949951
|move|p1a: Iron Valiant|Calm Mind|p1a: Iron Valiant
|-boost|p1a: Iron Valiant|spa|1
|-boost|p1a: Iron Valiant|spd|1
|move|p2a: GAS.|Sludge Bomb|p1a: Iron Valiant
|-supereffective|p1a: Iron Valiant
|-damage|p1a: Iron Valiant|29/100
|
|upkeep
|turn|9
|
|t:|1758949956
|move|p1a: Iron Valiant|Shadow Ball|p2a: GAS.
|-damage|p2a: GAS.|17/100
|move|p2a: GAS.|Sludge Bomb|p1a: Iron Valiant
|-supereffective|p1a: Iron Valiant
|-damage|p1a: Iron Valiant|0 fnt
|faint|p1a: Iron Valiant
|-end|p1a: Iron Valiant|Quark Drive|[silent]
|
|upkeep
|j| wgw2333
|
|t:|1758949963
|switch|p1a: Gholdengo|Gholdengo|100/100
|-item|p1a: Gholdengo|Air Balloon
|turn|10
|j| larp legion
|
|t:|1758949966
|move|p1a: Gholdengo|Hex|p2a: GAS.
|-crit|p2a: GAS.
|-damage|p2a: GAS.|0 fnt
|faint|p2a: GAS.
|-end|p2a: GAS.|ability: Neutralizing Gas
|
|upkeep
|
|t:|1758949969
|switch|p2a: Dragapult|Dragapult, F|100/100
|-damage|p2a: Dragapult|88/100|[from] Stealth Rock
|turn|11
|
|t:|1758949973
|switch|p1a: Landorus|Landorus-Therian, M|61/100 psn
|-ability|p1a: Landorus|Intimidate|boost
|-fail|p2a: Dragapult|unboost|[from] ability: Clear Body|[of] p2a: Dragapult
|move|p2a: Dragapult|U-turn|p1a: Landorus
|-resisted|p1a: Landorus
|-damage|p1a: Landorus|53/100 psn
|-damage|p2a: Dragapult|72/100|[from] item: Rocky Helmet|[of] p1a: Landorus
|
|t:|1758949976
|switch|p2a: Ogerpon|Ogerpon-Wellspring, F|64/100|[from] U-turn
|-damage|p2a: Ogerpon|52/100|[from] Stealth Rock
|
|-damage|p1a: Landorus|41/100 psn|[from] psn
|upkeep
|turn|12
|
|t:|1758949980
|switch|p1a: Gholdengo|Gholdengo|100/100
|-item|p1a: Gholdengo|Air Balloon
|move|p2a: Ogerpon|Synthesis|p2a: Ogerpon
|-heal|p2a: Ogerpon|100/100
|
|upkeep
|turn|13
|
|t:|1758949984
|switch|p2a: Ting-Lu|Ting-Lu, shiny|100/100
|-damage|p2a: Ting-Lu|94/100|[from] Stealth Rock
|-ability|p2a: Ting-Lu|Vessel of Ruin
|move|p1a: Gholdengo|Thunder Wave|p2a: Ting-Lu
|-immune|p2a: Ting-Lu
|
|-heal|p2a: Ting-Lu|100/100|[from] item: Leftovers
|upkeep
|turn|14
|
|t:|1758949990
|switch|p1a: Landorus|Landorus-Therian, M|41/100 psn
|-ability|p1a: Landorus|Intimidate|boost
|-unboost|p2a: Ting-Lu|atk|1
|move|p2a: Ting-Lu|Stealth Rock|p1a: Landorus
|-sidestart|p1: you my heart|move: Stealth Rock
|
|-damage|p1a: Landorus|29/100 psn|[from] psn
|upkeep
|turn|15
|
|t:|1758949994
|move|p1a: Landorus|U-turn|p2a: Ting-Lu
|-supereffective|p2a: Ting-Lu
|-damage|p2a: Ting-Lu|77/100
|
|t:|1758950001
|switch|p1a: Gholdengo|Gholdengo|100/100|[from] U-turn
|-damage|p1a: Gholdengo|94/100|[from] Stealth Rock
|-item|p1a: Gholdengo|Air Balloon
|move|p2a: Ting-Lu|Heavy Slam|p1a: Gholdengo
|-resisted|p1a: Gholdengo
|-damage|p1a: Gholdengo|87/100
|-enditem|p1a: Gholdengo|Air Balloon
|
|-heal|p2a: Ting-Lu|84/100|[from] item: Leftovers
|upkeep
|turn|16
|
|t:|1758950005
|switch|p1a: Landorus|Landorus-Therian, M|29/100 psn
|-damage|p1a: Landorus|16/100 psn|[from] Stealth Rock
|-ability|p1a: Landorus|Intimidate|boost
|-unboost|p2a: Ting-Lu|atk|1
|move|p2a: Ting-Lu|Earthquake|p1a: Landorus
|-immune|p1a: Landorus
|
|-heal|p2a: Ting-Lu|90/100|[from] item: Leftovers
|-damage|p1a: Landorus|4/100 psn|[from] psn
|upkeep
|turn|17
|
|t:|1758950009
|switch|p2a: Corviknight|Corviknight, F|100/100
|-damage|p2a: Corviknight|88/100|[from] Stealth Rock
|-ability|p2a: Corviknight|Pressure
|move|p1a: Landorus|Taunt|p2a: Corviknight
|-start|p2a: Corviknight|move: Taunt
|
|-damage|p1a: Landorus|0 fnt|[from] psn
|faint|p1a: Landorus
|upkeep
|
|t:|1758950027
|switch|p1a: Kingambit|Kingambit, F|100/100
|-damage|p1a: Kingambit|88/100|[from] Spikes
|-damage|p1a: Kingambit|82/100|[from] Stealth Rock
|-activate|p1a: Kingambit|ability: Supreme Overlord
|-start|p1a: Kingambit|fallen3|[silent]
|turn|18
|
|t:|1758950030
|move|p2a: Corviknight|U-turn|p1a: Kingambit
|-damage|p1a: Kingambit|70/100
|
|t:|1758950036
|switch|p2a: Ting-Lu|Ting-Lu, shiny|90/100|[from] U-turn
|-damage|p2a: Ting-Lu|84/100|[from] Stealth Rock
|-ability|p2a: Ting-Lu|Vessel of Ruin
|move|p1a: Kingambit|Swords Dance|p1a: Kingambit
|-boost|p1a: Kingambit|atk|2
|
|-heal|p1a: Kingambit|76/100|[from] item: Leftovers
|-heal|p2a: Ting-Lu|90/100|[from] item: Leftovers
|upkeep
|turn|19
|
|t:|1758950039
|move|p1a: Kingambit|Iron Head|p2a: Ting-Lu
|-damage|p2a: Ting-Lu|24/100
|move|p2a: Ting-Lu|Earthquake|p1a: Kingambit
|-supereffective|p1a: Kingambit
|-damage|p1a: Kingambit|19/100
|
|-heal|p1a: Kingambit|25/100|[from] item: Leftovers
|-heal|p2a: Ting-Lu|31/100|[from] item: Leftovers
|upkeep
|turn|20
|
|t:|1758950044
|switch|p2a: Corviknight|Corviknight, F|88/100
|-damage|p2a: Corviknight|75/100|[from] Stealth Rock
|-ability|p2a: Corviknight|Pressure
|move|p1a: Kingambit|Iron Head|p2a: Corviknight
|-resisted|p2a: Corviknight
|-damage|p2a: Corviknight|37/100
|-damage|p1a: Kingambit|9/100|[from] item: Rocky Helmet|[of] p2a: Corviknight
|
|-heal|p1a: Kingambit|15/100|[from] item: Leftovers
|upkeep
|turn|21
|
|t:|1758950048
|move|p2a: Corviknight|Roost|p2a: Corviknight
|-heal|p2a: Corviknight|87/100
|-singleturn|p2a: Corviknight|move: Roost
|move|p1a: Kingambit|Swords Dance|p1a: Kingambit
|-boost|p1a: Kingambit|atk|2
|
|-heal|p1a: Kingambit|21/100|[from] item: Leftovers
|upkeep
|turn|22
|
|t:|1758950054
|move|p1a: Kingambit|Sucker Punch||[still]
|-fail|p1a: Kingambit
|move|p2a: Corviknight|Iron Defense|p2a: Corviknight
|-boost|p2a: Corviknight|def|2
|
|-heal|p1a: Kingambit|27/100|[from] item: Leftovers
|upkeep
|turn|23
|
|t:|1758950057
|move|p1a: Kingambit|Sucker Punch|p2a: Corviknight
|-damage|p2a: Corviknight|36/100
|-damage|p1a: Kingambit|11/100|[from] item: Rocky Helmet|[of] p2a: Corviknight
|move|p2a: Corviknight|Body Press|p1a: Kingambit
|-supereffective|p1a: Kingambit
|-damage|p1a: Kingambit|0 fnt
|faint|p1a: Kingambit
|-end|p1a: Kingambit|fallen3|[silent]
|
|upkeep
|
|t:|1758950060
|switch|p1a: Gholdengo|Gholdengo|87/100
|-damage|p1a: Gholdengo|75/100|[from] Spikes
|-damage|p1a: Gholdengo|69/100|[from] Stealth Rock
|turn|24
|
|t:|1758950063
|switch|p2a: Ting-Lu|Ting-Lu, shiny|31/100
|-damage|p2a: Ting-Lu|24/100|[from] Stealth Rock
|-ability|p2a: Ting-Lu|Vessel of Ruin
|move|p1a: Gholdengo|Make It Rain|p2a: Ting-Lu
|-damage|p2a: Ting-Lu|4/100
|-unboost|p1a: Gholdengo|spa|1
|
|-heal|p2a: Ting-Lu|11/100|[from] item: Leftovers
|upkeep
|turn|25
|
|t:|1758950066
|move|p1a: Gholdengo|Make It Rain|p2a: Ting-Lu
|-damage|p2a: Ting-Lu|0 fnt
|-unboost|p1a: Gholdengo|spa|1
|faint|p2a: Ting-Lu
|
|upkeep
|
|t:|1758950068
|switch|p2a: Dragapult|Dragapult, F|72/100
|-damage|p2a: Dragapult|59/100|[from] Stealth Rock
|turn|26
|
|t:|1758950071
|move|p2a: Dragapult|Shadow Ball|p1a: Gholdengo
|-supereffective|p1a: Gholdengo
|-damage|p1a: Gholdengo|0 fnt
|faint|p1a: Gholdengo
|
|upkeep
|
|t:|1758950073
|switch|p1a: Dragonite|Dragonite, M|100/100
|turn|27
|
|t:|1758950077
|move|p2a: Dragapult|Shadow Ball|p1a: Dragonite
|-damage|p1a: Dragonite|73/100
|move|p1a: Dragonite|Dragon Dance|p1a: Dragonite
|-boost|p1a: Dragonite|atk|1
|-boost|p1a: Dragonite|spe|1
|
|upkeep
|turn|28
|
|t:|1758950086
|move|p1a: Dragonite|Dragon Dance|p1a: Dragonite
|-boost|p1a: Dragonite|atk|1
|-boost|p1a: Dragonite|spe|1
|move|p2a: Dragapult|Shadow Ball|p1a: Dragonite
|-damage|p1a: Dragonite|13/100
|-unboost|p1a: Dragonite|spd|1
|
|upkeep
|turn|29
|
|t:|1758950089
|move|p1a: Dragonite|Earthquake|p2a: Dragapult
|-damage|p2a: Dragapult|0 fnt
|faint|p2a: Dragapult
|
|upkeep
|
|t:|1758950091
|switch|p2a: Skeledirge|Skeledirge, M|100/100
|turn|30
|
|t:|1758950099
|-terastallize|p1a: Dragonite|Flying
|-terastallize|p2a: Skeledirge|Dark
|move|p1a: Dragonite|Tera Blast|p2a: Skeledirge|[anim] Tera Blast Flying
|-damage|p2a: Skeledirge|52/100
|move|p2a: Skeledirge|Torch Song|p1a: Dragonite
|-damage|p1a: Dragonite|0 fnt
|-boost|p2a: Skeledirge|spa|1
|faint|p1a: Dragonite
|
|win|WogerHater
|raw|you my heart's rating: 1745 &rarr; <strong>1736</strong><br />(-9 for losing)
|raw|WogerHater's rating: 1959 &rarr; <strong>1968</strong><br />(+9 for winning)
|j| EQLY
|l|☆you my heart
|player|p1|
|l| EQLY
|l|☆WogerHater
|player|p2|
|l| locked in bro
|l| larp legion
|l| Shucklepilled
