|j|☆KevinHaHa
|j|☆Af Lele.Tomas
|t:|1758979753
|gametype|singles
|player|p1|KevinHaHa|lucas|1480
|player|p2|Af Lele.Tomas|nate|1500
|gen|9
|tier|[Gen 9] OU
|rated|
|rule|HP Percentage Mod: HP is shown in percentages
|rule|Endless Battle Clause: Forcing endless battles is banned
|rule|Species Clause: Limit one of each Pokémon
|rule|OHKO Clause: OHKO moves are banned
|rule|Evasion Items Clause: Evasion items are banned
|rule|Evasion Moves Clause: Evasion moves are banned
|rule|Evasion Abilities Clause: Evasion abilities are banned
|rule|Sleep Moves Clause: Sleep-inducing moves are banned
|clearpoke
|poke|p1|Ninetales-Alola, F|
|poke|p1|Araquanid, M|
|poke|p1|Pecharunt|
|poke|p1|Gholdengo|
|poke|p1|Garchomp, M|
|poke|p1|Latias, F|
|poke|p2|Indeedee, M|
|poke|p2|Armarouge, M|
|poke|p2|Iron Treads|
|poke|p2|Polteageist|
|poke|p2|Hatterene, F|
|poke|p2|Kyurem|
|teampreview
|inactive|Battle timer is ON: inactive players will automatically lose when time's up. (requested by Af Lele.Tomas)
|
|t:|1758979769
|teamsize|p1|6
|teamsize|p2|6
|start
|switch|p1a: Ninetales|Ninetales-Alola, F, shiny|100/100
|switch|p2a: Indeedee|Indeedee, M|100/100
|-weather|Snowscape|[from] ability: Snow Warning|[of] p1a: Ninetales
|-fieldstart|move: Psychic Terrain|[from] ability: Psychic Surge|[of] p2a: Indeedee
|turn|1
|
|t:|1758979776
|move|p1a: Ninetales|Aurora Veil|p1a: Ninetales
|-sidestart|p1: KevinHaHa|move: Aurora Veil
|move|p2a: Indeedee|Psychic|p1a: Ninetales
|-damage|p1a: Ninetales|76/100
|
|-weather|Snowscape|[upkeep]
|upkeep
|turn|2
|
|t:|1758979782
|switch|p1a: Araquanid|Araquanid, M, shiny|100/100
|switch|p2a: Hatterene|Hatterene, F|100/100
|
|-weather|Snowscape|[upkeep]
|upkeep
|turn|3
|
|t:|1758979787
|move|p1a: Araquanid|Surf|p2a: Hatterene
|-damage|p2a: Hatterene|43/100
|-enditem|p2a: Hatterene|Eject Button
|
|t:|1758979791
|switch|p2a: Armarouge|Armarouge, M|100/100
|
|-weather|Snowscape|[upkeep]
|upkeep
|turn|4
|
|t:|1758979795
|switch|p2a: Hatterene|Hatterene, F|43/100
|move|p1a: Araquanid|Surf|p2a: Hatterene
|-damage|p2a: Hatterene|0 fnt
|faint|p2a: Hatterene
|
|-weather|Snowscape|[upkeep]
|upkeep
|
|t:|1758979804
|switch|p2a: Armarouge|Armarouge, M|100/100
|turn|5
|
|t:|1758979806
|-terastallize|p2a: Armarouge|Psychic
|move|p2a: Armarouge|Expanding Force|p1a: Araquanid
|-damage|p1a: Araquanid|53/100
|move|p1a: Araquanid|Surf|p2a: Armarouge
|-damage|p2a: Armarouge|31/100
|
|-weather|none
|upkeep
|turn|6
|
|t:|1758979814
|move|p2a: Armarouge|Expanding Force|p1a: Araquanid
|-damage|p1a: Araquanid|7/100
|move|p1a: Araquanid|Sticky Web|p2a: Armarouge
|-sidestart|p2: Af Lele.Tomas|move: Sticky Web
|
|upkeep
|turn|7
|-enditem|p1a: Araquanid|Custap Berry|[eat]
|-activate|p1a: Araquanid|item: Custap Berry|[consumed]
|
|t:|1758979818
|move|p1a: Araquanid|Surf|p2a: Armarouge
|-damage|p2a: Armarouge|0 fnt
|faint|p2a: Armarouge
|
|upkeep
|
|t:|1758979820
|switch|p2a: Iron Treads|Iron Treads|100/100
|-activate|p2a: Iron Treads|move: Sticky Web
|-unboost|p2a: Iron Treads|spe|1
|-enditem|p2a: Iron Treads|Booster Energy
|-activate|p2a: Iron Treads|ability: Quark Drive|[fromitem]
|-start|p2a: Iron Treads|quarkdriveatk
|turn|8
|
|t:|1758979828
|switch|p1a: Pecharunt|Pecharunt|100/100
|move|p2a: Iron Treads|Knock Off|p1a: Pecharunt
|-supereffective|p1a: Pecharunt
|-damage|p1a: Pecharunt|82/100
|-enditem|p1a: Pecharunt|Heavy-Duty Boots|[from] move: Knock Off|[of] p2a: Iron Treads
|
|-sideend|p1: KevinHaHa|move: Aurora Veil
|-fieldend|move: Psychic Terrain
|upkeep
|turn|9
|
|t:|1758979835
|move|p2a: Iron Treads|Earthquake|p1a: Pecharunt
|-supereffective|p1a: Pecharunt
|-damage|p1a: Pecharunt|23/100
|move|p1a: Pecharunt|Parting Shot|p2a: Iron Treads
|-unboost|p2a: Iron Treads|atk|1
|-unboost|p2a: Iron Treads|spa|1
|
|t:|1758979841
|switch|p1a: Gholdengo|Gholdengo, shiny|100/100|[from] Parting Shot
|-item|p1a: Gholdengo|Air Balloon
|
|upkeep
|turn|10
|
|t:|1758979846
|move|p2a: Iron Treads|Knock Off|p1a: Gholdengo
|-supereffective|p1a: Gholdengo
|-damage|p1a: Gholdengo|65/100
|-enditem|p1a: Gholdengo|Air Balloon
|move|p1a: Gholdengo|Nasty Plot|p1a: Gholdengo
|-boost|p1a: Gholdengo|spa|2
|
|upkeep
|turn|11
|
|t:|1758979852
|move|p2a: Iron Treads|Earthquake|p1a: Gholdengo
|-supereffective|p1a: Gholdengo
|-damage|p1a: Gholdengo|8/100
|move|p1a: Gholdengo|Shadow Ball|p2a: Iron Treads
|-damage|p2a: Iron Treads|5/100
|
|upkeep
|turn|12
|
|t:|1758979858
|move|p2a: Iron Treads|Knock Off|p1a: Gholdengo
|-supereffective|p1a: Gholdengo
|-damage|p1a: Gholdengo|0 fnt
|faint|p1a: Gholdengo
|
|upkeep
|
|t:|1758979869
|switch|p1a: Ninetales|Ninetales-Alola, F, shiny|76/100
|-weather|Snowscape|[from] ability: Snow Warning|[of] p1a: Ninetales
|turn|13
|
|t:|1758979873
|move|p1a: Ninetales|Freeze-Dry|p2a: Iron Treads
|-damage|p2a: Iron Treads|0 fnt
|faint|p2a: Iron Treads
|-end|p2a: Iron Treads|Quark Drive|[silent]
|
|-weather|Snowscape|[upkeep]
|upkeep
|
|t:|1758979880
|switch|p2a: Indeedee|Indeedee, M|100/100
|-activate|p2a: Indeedee|move: Sticky Web
|-unboost|p2a: Indeedee|spe|1
|-fieldstart|move: Psychic Terrain|[from] ability: Psychic Surge|[of] p2a: Indeedee
|turn|14
|
|t:|1758979884
|switch|p2a: Polteageist|Polteageist|100/100
|-activate|p2a: Polteageist|move: Sticky Web
|-unboost|p2a: Polteageist|spe|1
|move|p1a: Ninetales|Aurora Veil|p1a: Ninetales
|-sidestart|p1: KevinHaHa|move: Aurora Veil
|
|-weather|Snowscape|[upkeep]
|upkeep
|turn|15
|
|t:|1758979892
|switch|p1a: Araquanid|Araquanid, M, shiny|7/100
|move|p2a: Polteageist|Shell Smash|p2a: Polteageist
|-unboost|p2a: Polteageist|def|1
|-unboost|p2a: Polteageist|spd|1
|-boost|p2a: Polteageist|atk|2
|-boost|p2a: Polteageist|spa|2
|-boost|p2a: Polteageist|spe|2
|
|-weather|Snowscape|[upkeep]
|upkeep
|turn|16
|
|t:|1758979899
|move|p2a: Polteageist|Stored Power|p1a: Araquanid
|-damage|p1a: Araquanid|0 fnt
|faint|p1a: Araquanid
|
|-weather|Snowscape|[upkeep]
|upkeep
|
|t:|1758979910
|switch|p1a: Pecharunt|Pecharunt|23/100
|turn|17
|
|t:|1758979919
|move|p2a: Polteageist|Shadow Ball|p1a: Pecharunt
|-supereffective|p1a: Pecharunt
|-damage|p1a: Pecharunt|0 fnt
|faint|p1a: Pecharunt
|
|-weather|none
|upkeep
|
|t:|1758979930
|switch|p1a: Garchomp|Garchomp, M, shiny|100/100
|turn|18
|
|t:|1758979934
|move|p2a: Polteageist|Stored Power|p1a: Garchomp
|-damage|p1a: Garchomp|39/100
|move|p1a: Garchomp|Dragon Tail|p2a: Polteageist
|-damage|p2a: Polteageist|25/100
|-ability|p2a: Polteageist|Weak Armor|boost
|-unboost|p2a: Polteageist|def|1
|-boost|p2a: Polteageist|spe|2
|drag|p2a: Indeedee|Indeedee, M|100/100
|-activate|p2a: Indeedee|move: Sticky Web
|-unboost|p2a: Indeedee|spe|1
|
|upkeep
|turn|19
|
|t:|1758979946
|move|p1a: Garchomp|Stealth Rock|p2a: Indeedee
|-sidestart|p2: Af Lele.Tomas|move: Stealth Rock
|move|p2a: Indeedee|Healing Wish|p2a: Indeedee
|faint|p2a: Indeedee
|
|upkeep
|
|t:|1758979954
|switch|p2a: Polteageist|Polteageist|25/100
|-heal|p2a: Polteageist|100/100|[from] move: Healing Wish
|-activate|p2a: Polteageist|move: Sticky Web
|-unboost|p2a: Polteageist|spe|1
|-damage|p2a: Polteageist|88/100|[from] Stealth Rock
|turn|20
|
|t:|1758979961
|move|p2a: Polteageist|Shadow Ball|p1a: Garchomp
|-damage|p1a: Garchomp|16/100
|move|p1a: Garchomp|Dragon Tail|p2a: Polteageist
|-damage|p2a: Polteageist|37/100
|-ability|p2a: Polteageist|Weak Armor|boost
|-unboost|p2a: Polteageist|def|1
|-boost|p2a: Polteageist|spe|2
|drag|p2a: Kyurem|Kyurem|100/100
|-activate|p2a: Kyurem|move: Sticky Web
|-unboost|p2a: Kyurem|spe|1
|-damage|p2a: Kyurem|76/100|[from] Stealth Rock
|-ability|p2a: Kyurem|Pressure
|
|upkeep
|turn|21
|
|t:|1758979974
|move|p2a: Kyurem|Scale Shot|p1a: Garchomp
|-supereffective|p1a: Garchomp
|-damage|p1a: Garchomp|8/100
|-supereffective|p1a: Garchomp
|-damage|p1a: Garchomp|0 fnt
|faint|p1a: Garchomp
|-hitcount|p1: Garchomp|2
|-unboost|p2a: Kyurem|def|1
|-boost|p2a: Kyurem|spe|1
|
|-sideend|p1: KevinHaHa|move: Aurora Veil
|-fieldend|move: Psychic Terrain
|upkeep
|
|t:|1758979983
|switch|p1a: Ninetales|Ninetales-Alola, F, shiny|76/100
|-weather|Snowscape|[from] ability: Snow Warning|[of] p1a: Ninetales
|turn|22
|
|t:|1758979987
|move|p1a: Ninetales|Aurora Veil|p1a: Ninetales
|-sidestart|p1: KevinHaHa|move: Aurora Veil
|move|p2a: Kyurem|Tera Blast|p1a: Ninetales
|-damage|p1a: Ninetales|66/100
|
|-weather|Snowscape|[upkeep]
|upkeep
|turn|23
|
|t:|1758979992
|move|p1a: Ninetales|Moonblast|p2a: Kyurem
|-supereffective|p2a: Kyurem
|-damage|p2a: Kyurem|20/100
|move|p2a: Kyurem|Dragon Dance|p2a: Kyurem
|-boost|p2a: Kyurem|atk|1
|-boost|p2a: Kyurem|spe|1
|
|-weather|Snowscape|[upkeep]
|upkeep
|turn|24
|
|t:|1758979999
|move|p2a: Kyurem|Tera Blast|p1a: Ninetales
|-damage|p1a: Ninetales|56/100
|move|p1a: Ninetales|Moonblast|p2a: Kyurem
|-supereffective|p2a: Kyurem
|-damage|p2a: Kyurem|0 fnt
|faint|p2a: Kyurem
|
|-weather|Snowscape|[upkeep]
|upkeep
|-message|Af Lele.Tomas forfeited.
|
|win|KevinHaHa
|raw|KevinHaHa's rating: 1480 &rarr; <strong>1501</strong><br />(+21 for winning)
|raw|Af Lele.Tomas's rating: 1500 &rarr; <strong>1479</strong><br />(-21 for losing)
|l|☆Af Lele.Tomas
|player|p2|
|l|☆KevinHaHa
|player|p1|
