|j|☆Agent Killua
|j|☆Wo chef is cooking
|t:|1759008671
|gametype|singles
|player|p1|Agent Killua|miku-ground|1651
|player|p2|Wo chef is cooking|266|1619
|gen|9
|tier|[Gen 9] OU
|rated|
|rule|HP Percentage Mod: HP is shown in percentages
|rule|Endless Battle Clause: Forcing endless battles is banned
|rule|Species Clause: Limit one of each Pokémon
|rule|OHKO Clause: OHKO moves are banned
|rule|Evasion Items Clause: Evasion items are banned
|rule|Evasion Moves Clause: Evasion moves are banned
|rule|Evasion Abilities Clause: Evasion abilities are banned
|rule|Sleep Moves Clause: Sleep-inducing moves are banned
|clearpoke
|poke|p1|Comfey, M|
|poke|p1|Ninetales, F|
|poke|p1|Hatterene, F|
|poke|p1|Walking Wake|
|poke|p1|Slither Wing|
|poke|p1|Kingambit, F|
|poke|p2|Ninetales, M|
|poke|p2|Slither Wing|
|poke|p2|Walking Wake|
|poke|p2|Raging Bolt|
|poke|p2|Hatterene, F|
|poke|p2|Brute Bonnet|
|teampreview
|inactive|Battle timer is ON: inactive players will automatically lose when time's up. (requested by Wo chef is cooking)
|
|t:|1759008689
|teamsize|p1|6
|teamsize|p2|6
|start
|switch|p1a: Slither Wing|Slither Wing|100/100
|switch|p2a: Slither Wing|Slither Wing|100/100
|turn|1
|
|t:|1759008695
|move|p1a: Slither Wing|Flare Blitz|p2a: Slither Wing
|-supereffective|p2a: Slither Wing
|-damage|p2a: Slither Wing|0 fnt
|faint|p2a: Slither Wing
|-end|p2a: Slither Wing|Protosynthesis|[silent]
|-damage|p1a: Slither Wing|67/100|[from] Recoil
|
|upkeep
|
|t:|1759008704
|switch|p2a: Walking Wake|Walking Wake|100/100
|turn|2
|
|t:|1759008711
|-end|p1a: Slither Wing|Protosynthesis|[silent]
|switch|p1a: Walking Wake|Walking Wake|100/100
|move|p2a: Walking Wake|Hydro Steam|p1a: Walking Wake
|-resisted|p1a: Walking Wake
|-damage|p1a: Walking Wake|83/100
|
|upkeep
|turn|3
|
|t:|1759008717
|-end|p2a: Walking Wake|Protosynthesis|[silent]
|switch|p2a: Hatterene|Hatterene, F|100/100
|move|p1a: Walking Wake|Flip Turn|p2a: Hatterene
|-damage|p2a: Hatterene|88/100
|-enditem|p2a: Hatterene|Eject Button
|
|t:|1759008724
|switch|p2a: Brute Bonnet|Brute Bonnet|100/100
|
|upkeep
|turn|4
|
|t:|1759008738
|move|p1a: Walking Wake|Flamethrower|p2a: Brute Bonnet
|-supereffective|p2a: Brute Bonnet
|-damage|p2a: Brute Bonnet|46/100
|move|p2a: Brute Bonnet|Bullet Seed|p1a: Walking Wake
|-damage|p1a: Walking Wake|67/100
|-damage|p1a: Walking Wake|51/100
|-damage|p1a: Walking Wake|35/100
|-damage|p1a: Walking Wake|19/100
|-damage|p1a: Walking Wake|2/100
|-hitcount|p1a: Walking Wake|5
|
|upkeep
|turn|5
|
|t:|1759008741
|move|p2a: Brute Bonnet|Sucker Punch|p1a: Walking Wake
|-damage|p1a: Walking Wake|0 fnt
|faint|p1a: Walking Wake
|-end|p1a: Walking Wake|Protosynthesis|[silent]
|
|upkeep
|
|t:|1759008746
|switch|p1a: Slither Wing|Slither Wing|67/100
|turn|6
|
|t:|1759008751
|-end|p2a: Brute Bonnet|Protosynthesis|[silent]
|switch|p2a: Hatterene|Hatterene, F|88/100
|move|p1a: Slither Wing|U-turn|p2a: Hatterene
|-damage|p2a: Hatterene|38/100
|
|t:|1759008754
|-end|p1a: Slither Wing|Protosynthesis|[silent]
|switch|p1a: Kingambit|Kingambit, F|100/100|[from] U-turn
|-activate|p1a: Kingambit|ability: Supreme Overlord
|-start|p1a: Kingambit|fallen1|[silent]
|
|upkeep
|turn|7
|
|t:|1759008758
|move|p1a: Kingambit|Kowtow Cleave|p2a: Hatterene
|-damage|p2a: Hatterene|0 fnt
|faint|p2a: Hatterene
|
|upkeep
|
|t:|1759008763
|switch|p2a: Ninetales|Ninetales, M|100/100
|-weather|SunnyDay|[from] ability: Drought|[of] p2a: Ninetales
|turn|8
|
|t:|1759008784
|-end|p1a: Kingambit|fallen1|[silent]
|switch|p1a: Ninetales|Ninetales, F|100/100
|move|p2a: Ninetales|Weather Ball|p1a: Ninetales
|-resisted|p1a: Ninetales
|-damage|p1a: Ninetales|79/100
|
|-weather|SunnyDay|[upkeep]
|upkeep
|turn|9
|
|t:|1759008787
|switch|p2a: Raging Bolt|Raging Bolt|100/100
|-activate|p2a: Raging Bolt|ability: Protosynthesis
|-start|p2a: Raging Bolt|protosynthesisspa
|move|p1a: Ninetales|Weather Ball|p2a: Raging Bolt
|-resisted|p2a: Raging Bolt
|-damage|p2a: Raging Bolt|83/100
|
|-weather|SunnyDay|[upkeep]
|upkeep
|turn|10
|
|t:|1759008792
|switch|p1a: Hatterene|Hatterene, F|100/100
|move|p2a: Raging Bolt|Thunderbolt|p1a: Hatterene
|-crit|p1a: Hatterene
|-damage|p1a: Hatterene|0 fnt
|faint|p1a: Hatterene
|-damage|p2a: Raging Bolt|73/100|[from] item: Life Orb
|
|-weather|SunnyDay|[upkeep]
|upkeep
|
|t:|1759008795
|switch|p1a: Slither Wing|Slither Wing|67/100
|-activate|p1a: Slither Wing|ability: Protosynthesis
|-start|p1a: Slither Wing|protosynthesisatk
|turn|11
|
|t:|1759008802
|move|p1a: Slither Wing|First Impression|p2a: Raging Bolt
|-damage|p2a: Raging Bolt|0 fnt
|faint|p2a: Raging Bolt
|-end|p2a: Raging Bolt|Protosynthesis|[silent]
|
|-weather|SunnyDay|[upkeep]
|upkeep
|
|t:|1759008806
|switch|p2a: Brute Bonnet|Brute Bonnet|46/100
|-activate|p2a: Brute Bonnet|ability: Protosynthesis
|-start|p2a: Brute Bonnet|protosynthesisatk
|turn|12
|
|t:|1759008823
|-end|p1a: Slither Wing|Protosynthesis|[silent]
|switch|p1a: Ninetales|Ninetales, F|79/100
|move|p2a: Brute Bonnet|Growth|p2a: Brute Bonnet
|-boost|p2a: Brute Bonnet|atk|2
|-boost|p2a: Brute Bonnet|spa|2
|
|-weather|SunnyDay|[upkeep]
|upkeep
|turn|13
|
|t:|1759008826
|move|p2a: Brute Bonnet|Sucker Punch||[still]
|-fail|p2a: Brute Bonnet
|move|p1a: Ninetales|Will-O-Wisp|p2a: Brute Bonnet
|-status|p2a: Brute Bonnet|brn
|
|-weather|SunnyDay|[upkeep]
|-damage|p2a: Brute Bonnet|40/100 brn|[from] brn
|upkeep
|turn|14
|
|t:|1759008830
|move|p2a: Brute Bonnet|Sucker Punch|p1a: Ninetales
|-damage|p1a: Ninetales|21/100
|move|p1a: Ninetales|Weather Ball|p2a: Brute Bonnet
|-supereffective|p2a: Brute Bonnet
|-damage|p2a: Brute Bonnet|0 fnt
|faint|p2a: Brute Bonnet
|-end|p2a: Brute Bonnet|Protosynthesis|[silent]
|
|-weather|SunnyDay|[upkeep]
|upkeep
|
|t:|1759008832
|switch|p2a: Walking Wake|Walking Wake|100/100
|-activate|p2a: Walking Wake|ability: Protosynthesis
|-start|p2a: Walking Wake|protosynthesisspe
|turn|15
|
|t:|1759008836
|move|p2a: Walking Wake|Hydro Steam|p1a: Ninetales
|-supereffective|p1a: Ninetales
|-damage|p1a: Ninetales|0 fnt
|faint|p1a: Ninetales
|
|-weather|none
|-end|p2a: Walking Wake|Protosynthesis
|upkeep
|
|t:|1759008839
|switch|p1a: Slither Wing|Slither Wing|67/100
|turn|16
|
|t:|1759008844
|-end|p1a: Slither Wing|Protosynthesis|[silent]
|switch|p1a: Kingambit|Kingambit, F|100/100
|-activate|p1a: Kingambit|ability: Supreme Overlord
|-start|p1a: Kingambit|fallen3|[silent]
|-terastallize|p2a: Walking Wake|Water
|move|p2a: Walking Wake|Hydro Steam|p1a: Kingambit
|-damage|p1a: Kingambit|1/100
|
|upkeep
|turn|17
|
|t:|1759008851
|-end|p2a: Walking Wake|Protosynthesis|[silent]
|switch|p2a: Ninetales|Ninetales, M|100/100
|-weather|SunnyDay|[from] ability: Drought|[of] p2a: Ninetales
|move|p1a: Kingambit|Kowtow Cleave|p2a: Ninetales
|-damage|p2a: Ninetales|17/100
|
|-weather|SunnyDay|[upkeep]
|upkeep
|turn|18
|
|t:|1759008858
|move|p2a: Ninetales|Weather Ball|p1a: Kingambit
|-supereffective|p1a: Kingambit
|-damage|p1a: Kingambit|0 fnt
|faint|p1a: Kingambit
|-end|p1a: Kingambit|fallen3|[silent]
|
|-weather|SunnyDay|[upkeep]
|upkeep
|
|t:|1759008861
|switch|p1a: Wakiki|Comfey, M, shiny|100/100
|turn|19
|
|t:|1759008866
|move|p2a: Ninetales|Weather Ball|p1a: Wakiki
|-damage|p1a: Wakiki|59/100
|move|p1a: Wakiki|Growth|p1a: Wakiki
|-boost|p1a: Wakiki|atk|2
|-boost|p1a: Wakiki|spa|2
|
|-weather|SunnyDay|[upkeep]
|upkeep
|turn|20
|
|t:|1759008870
|move|p1a: Wakiki|Giga Drain|p2a: Ninetales
|-resisted|p2a: Ninetales
|-damage|p2a: Ninetales|0 fnt
|-heal|p1a: Wakiki|68/100|[from] drain|[of] p2a: Ninetales
|faint|p2a: Ninetales
|-damage|p1a: Wakiki|59/100|[from] item: Life Orb
|
|-weather|SunnyDay|[upkeep]
|upkeep
|
|t:|1759008873
|switch|p2a: Walking Wake|Walking Wake, tera:Water|100/100
|-activate|p2a: Walking Wake|ability: Protosynthesis
|-start|p2a: Walking Wake|protosynthesisspe
|turn|21
|
|t:|1759008875
|move|p1a: Wakiki|Giga Drain|p2a: Walking Wake
|-supereffective|p2a: Walking Wake
|-damage|p2a: Walking Wake|0 fnt
|-heal|p1a: Wakiki|100/100|[from] drain|[of] p2a: Walking Wake
|faint|p2a: Walking Wake
|-end|p2a: Walking Wake|Protosynthesis|[silent]
|-damage|p1a: Wakiki|91/100|[from] item: Life Orb
|
|win|Agent Killua
|raw|Agent Killua's rating: 1651 &rarr; <strong>1669</strong><br />(+18 for winning)
|raw|Wo chef is cooking's rating: 1619 &rarr; <strong>1601</strong><br />(-18 for losing)
|l|☆Wo chef is cooking
|player|p2|
|l|☆Agent Killua
|player|p1|
