|j|☆MulticolorsGO
|j|☆occean sick jasper
|t:|1759023812
|gametype|singles
|player|p1|MulticolorsGO|blue|1120
|player|p2|occean sick jasper|parasollady|1099
|gen|9
|tier|[Gen 9] OU
|rated|
|rule|HP Percentage Mod: HP is shown in percentages
|rule|Endless Battle Clause: Forcing endless battles is banned
|rule|Species Clause: Limit one of each Pokémon
|rule|OHKO Clause: OHKO moves are banned
|rule|Evasion Items Clause: Evasion items are banned
|rule|Evasion Moves Clause: Evasion moves are banned
|rule|Evasion Abilities Clause: Evasion abilities are banned
|rule|Sleep Moves Clause: Sleep-inducing moves are banned
|clearpoke
|poke|p1|Clefable, M|
|poke|p1|Gengar, F|
|poke|p1|Garchomp, F|
|poke|p1|Bisharp, F|
|poke|p1|Serperior, M|
|poke|p1|Dragonite, F|
|poke|p2|Necrozma|
|poke|p2|Whimsicott, F|
|poke|p2|Primarina, F|
|poke|p2|Weezing-Galar, M|
|poke|p2|Appletun, M|
|poke|p2|Minior-Blue|
|teampreview
|inactive|Battle timer is ON: inactive players will automatically lose when time's up. (requested by MulticolorsGO)
|
|t:|1759023820
|teamsize|p1|6
|teamsize|p2|6
|start
|switch|p1a: Gengar|Gengar, F|100/100
|switch|p2a: Appletun|Appletun, M|100/100
|turn|1
|
|t:|1759023830
|-terastallize|p2a: Appletun|Normal
|move|p1a: Gengar|Sludge Bomb|p2a: Appletun
|-damage|p2a: Appletun|46/100
|-status|p2a: Appletun|psn
|move|p2a: Appletun|Apple Acid|p1a: Gengar
|-resisted|p1a: Gengar
|-damage|p1a: Gengar|72/100
|-unboost|p1a: Gengar|spd|1
|
|-heal|p2a: Appletun|52/100 psn|[from] item: Leftovers
|-damage|p2a: Appletun|40/100 psn|[from] psn
|upkeep
|turn|2
|
|t:|1759023848
|move|p1a: Gengar|Sludge Bomb|p2a: Appletun
|-damage|p2a: Appletun|0 fnt
|faint|p2a: Appletun
|
|upkeep
|
|t:|1759023854
|switch|p2a: Minior|Minior-Blue|100/100
|-formechange|p2a: Minior|Minior-Meteor||[from] ability: Shields Down
|turn|3
|
|t:|1759023861
|move|p1a: Gengar|Will-O-Wisp|p2a: Minior
|-immune|p2a: Minior|[from] ability: Shields Down
|move|p2a: Minior|Shell Smash|p2a: Minior
|-unboost|p2a: Minior|def|1
|-unboost|p2a: Minior|spd|1
|-boost|p2a: Minior|atk|2
|-boost|p2a: Minior|spa|2
|-boost|p2a: Minior|spe|2
|
|upkeep
|turn|4
|
|t:|1759023871
|move|p2a: Minior|Earthquake|p1a: Gengar
|-supereffective|p1a: Gengar
|-damage|p1a: Gengar|0 fnt
|faint|p1a: Gengar
|
|upkeep
|
|t:|1759023880
|switch|p1a: Dragonite|Dragonite, F|100/100
|turn|5
|
|t:|1759023885
|-terastallize|p1a: Dragonite|Fairy
|move|p2a: Minior|Rock Blast|p1a: Dragonite
|-damage|p1a: Dragonite|92/100
|-damage|p1a: Dragonite|76/100
|-damage|p1a: Dragonite|59/100
|-hitcount|p1a: Dragonite|3
|move|p1a: Dragonite|Ice Spinner|p2a: Minior
|-supereffective|p2a: Minior
|-enditem|p2a: Minior|Focus Sash
|-damage|p2a: Minior|1/100
|
|-formechange|p2a: Minior|Minior-Blue||[from] ability: Shields Down
|upkeep
|turn|6
|
|t:|1759023900
|move|p2a: Minior|Acrobatics|p1a: Dragonite
|-damage|p1a: Dragonite|0 fnt
|faint|p1a: Dragonite
|
|upkeep
|
|t:|1759023904
|switch|p1a: Garchomp|Garchomp, F|100/100
|turn|7
|
|t:|1759023911
|move|p2a: Minior|Acrobatics|p1a: Garchomp
|-crit|p1a: Garchomp
|-damage|p1a: Garchomp|0 fnt
|-damage|p2a: Minior|0 fnt|[from] ability: Rough Skin|[of] p1a: Garchomp
|faint|p1a: Garchomp
|faint|p2a: Minior
|
|upkeep
|
|t:|1759023927
|switch|p2a: Weezing|Weezing-Galar, M|100/100
|switch|p1a: Bisharp|Bisharp, F|100/100
|-ability|p2a: Weezing|Neutralizing Gas
|turn|8
|
|t:|1759023934
|move|p1a: Bisharp|Iron Head|p2a: Weezing
|-supereffective|p2a: Weezing
|-damage|p2a: Weezing|0 fnt
|faint|p2a: Weezing
|-end|p2a: Weezing|ability: Neutralizing Gas
|
|upkeep
|
|t:|1759023940
|switch|p2a: Whimsicott|Whimsicott, F, shiny|100/100
|turn|9
|
|t:|1759023944
|move|p2a: Whimsicott|Leech Seed|p1a: Bisharp
|-hint|Since gen 7, Dark is immune to Prankster moves.
|-immune|p1a: Bisharp
|move|p1a: Bisharp|Iron Head|p2a: Whimsicott
|-supereffective|p2a: Whimsicott
|-enditem|p2a: Whimsicott|Focus Sash
|-damage|p2a: Whimsicott|1/100
|
|upkeep
|turn|10
|
|t:|1759023953
|move|p2a: Whimsicott|Protect|p2a: Whimsicott
|-singleturn|p2a: Whimsicott|Protect
|move|p1a: Bisharp|Sucker Punch||[still]
|-fail|p1a: Bisharp
|
|upkeep
|turn|11
|
|t:|1759023960
|move|p2a: Whimsicott|Encore|p1a: Bisharp
|-hint|Since gen 7, Dark is immune to Prankster moves.
|-immune|p1a: Bisharp
|move|p1a: Bisharp|Iron Head|p2a: Whimsicott
|-supereffective|p2a: Whimsicott
|-damage|p2a: Whimsicott|0 fnt
|faint|p2a: Whimsicott
|
|upkeep
|
|t:|1759023968
|switch|p2a: Primarina|Primarina, F|100/100
|turn|12
|
|t:|1759023972
|move|p1a: Bisharp|Iron Head|p2a: Primarina
|-crit|p2a: Primarina
|-damage|p2a: Primarina|35/100
|cant|p2a: Primarina|flinch
|
|-heal|p2a: Primarina|41/100|[from] item: Leftovers
|upkeep
|turn|13
|
|t:|1759023979
|move|p1a: Bisharp|Iron Head|p2a: Primarina
|-damage|p2a: Primarina|0 fnt
|faint|p2a: Primarina
|
|upkeep
|
|t:|1759023983
|switch|p2a: Necrozma|Necrozma|100/100
|turn|14
|
|t:|1759023990
|move|p1a: Bisharp|Sucker Punch||[still]
|-fail|p1a: Bisharp
|move|p2a: Necrozma|Dragon Dance|p2a: Necrozma
|-boost|p2a: Necrozma|atk|1
|-boost|p2a: Necrozma|spe|1
|
|upkeep
|turn|15
|
|t:|1759023996
|move|p2a: Necrozma|Dragon Dance|p2a: Necrozma
|-boost|p2a: Necrozma|atk|1
|-boost|p2a: Necrozma|spe|1
|move|p1a: Bisharp|Shadow Claw|p2a: Necrozma
|-supereffective|p2a: Necrozma
|-damage|p2a: Necrozma|58/100
|
|-heal|p2a: Necrozma|64/100|[from] item: Leftovers
|upkeep
|turn|16
|
|t:|1759024003
|move|p1a: Bisharp|Sucker Punch||[still]
|-fail|p1a: Bisharp
|move|p2a: Necrozma|Moonlight|p2a: Necrozma
|-heal|p2a: Necrozma|100/100
|
|upkeep
|turn|17
|
|t:|1759024010
|move|p1a: Bisharp|Sucker Punch|p2a: Necrozma
|-supereffective|p2a: Necrozma
|-damage|p2a: Necrozma|46/100
|move|p2a: Necrozma|Knock Off|p1a: Bisharp
|-resisted|p1a: Bisharp
|-damage|p1a: Bisharp|79/100
|-enditem|p1a: Bisharp|Eviolite|[from] move: Knock Off|[of] p2a: Necrozma
|
|-heal|p2a: Necrozma|52/100|[from] item: Leftovers
|upkeep
|turn|18
|
|t:|1759024019
|move|p2a: Necrozma|Moonlight|p2a: Necrozma
|-heal|p2a: Necrozma|100/100
|move|p1a: Bisharp|Shadow Claw|p2a: Necrozma
|-supereffective|p2a: Necrozma
|-damage|p2a: Necrozma|63/100
|
|-heal|p2a: Necrozma|69/100|[from] item: Leftovers
|upkeep
|turn|19
|
|t:|1759024027
|move|p2a: Necrozma|Dragon Dance|p2a: Necrozma
|-boost|p2a: Necrozma|atk|1
|-boost|p2a: Necrozma|spe|1
|move|p1a: Bisharp|Shadow Claw|p2a: Necrozma
|-supereffective|p2a: Necrozma
|-damage|p2a: Necrozma|30/100
|
|-heal|p2a: Necrozma|36/100|[from] item: Leftovers
|upkeep
|turn|20
|
|t:|1759024035
|move|p2a: Necrozma|Moonlight|p2a: Necrozma
|-heal|p2a: Necrozma|86/100
|move|p1a: Bisharp|Shadow Claw|p2a: Necrozma
|-supereffective|p2a: Necrozma
|-damage|p2a: Necrozma|44/100
|
|-heal|p2a: Necrozma|50/100|[from] item: Leftovers
|upkeep
|turn|21
|
|t:|1759024042
|move|p2a: Necrozma|Moonlight|p2a: Necrozma
|-heal|p2a: Necrozma|99/100
|move|p1a: Bisharp|Shadow Claw|p2a: Necrozma
|-supereffective|p2a: Necrozma
|-damage|p2a: Necrozma|57/100
|
|-heal|p2a: Necrozma|63/100|[from] item: Leftovers
|upkeep
|turn|22
|
|t:|1759024050
|move|p2a: Necrozma|Moonlight|p2a: Necrozma
|-heal|p2a: Necrozma|100/100
|move|p1a: Bisharp|Shadow Claw|p2a: Necrozma
|-supereffective|p2a: Necrozma
|-damage|p2a: Necrozma|60/100
|
|-heal|p2a: Necrozma|66/100|[from] item: Leftovers
|upkeep
|turn|23
|
|t:|1759024058
|move|p2a: Necrozma|Knock Off|p1a: Bisharp
|-resisted|p1a: Bisharp
|-damage|p1a: Bisharp|49/100
|move|p1a: Bisharp|Shadow Claw|p2a: Necrozma
|-supereffective|p2a: Necrozma
|-damage|p2a: Necrozma|23/100
|
|-heal|p2a: Necrozma|29/100|[from] item: Leftovers
|upkeep
|turn|24
|
|t:|1759024066
|move|p2a: Necrozma|Moonlight|p2a: Necrozma
|-heal|p2a: Necrozma|79/100
|move|p1a: Bisharp|Shadow Claw|p2a: Necrozma
|-supereffective|p2a: Necrozma
|-damage|p2a: Necrozma|40/100
|
|-heal|p2a: Necrozma|46/100|[from] item: Leftovers
|upkeep
|turn|25
|
|t:|1759024074
|move|p2a: Necrozma|Moonlight|p2a: Necrozma
|-heal|p2a: Necrozma|96/100
|move|p1a: Bisharp|Shadow Claw|p2a: Necrozma
|-supereffective|p2a: Necrozma
|-damage|p2a: Necrozma|54/100
|
|-heal|p2a: Necrozma|60/100|[from] item: Leftovers
|upkeep
|turn|26
|
|t:|1759024082
|move|p2a: Necrozma|Knock Off|p1a: Bisharp
|-resisted|p1a: Bisharp
|-damage|p1a: Bisharp|21/100
|move|p1a: Bisharp|Shadow Claw|p2a: Necrozma
|-supereffective|p2a: Necrozma
|-damage|p2a: Necrozma|17/100
|
|-heal|p2a: Necrozma|23/100|[from] item: Leftovers
|upkeep
|turn|27
|
|t:|1759024090
|move|p2a: Necrozma|Moonlight|p2a: Necrozma
|-heal|p2a: Necrozma|73/100
|move|p1a: Bisharp|Shadow Claw|p2a: Necrozma
|-supereffective|p2a: Necrozma
|-damage|p2a: Necrozma|34/100
|
|-heal|p2a: Necrozma|40/100|[from] item: Leftovers
|upkeep
|turn|28
|
|t:|1759024098
|move|p2a: Necrozma|Knock Off|p1a: Bisharp
|-resisted|p1a: Bisharp
|-damage|p1a: Bisharp|0 fnt
|faint|p1a: Bisharp
|
|-heal|p2a: Necrozma|46/100|[from] item: Leftovers
|upkeep
|
|t:|1759024105
|switch|p1a: Clefable|Clefable, M|100/100
|turn|29
|
|t:|1759024111
|move|p2a: Necrozma|Photon Geyser|p1a: Clefable
|-damage|p1a: Clefable|1/100
|move|p1a: Clefable|Thunder Wave|p2a: Necrozma|[miss]
|-miss|p1a: Clefable|p2a: Necrozma
|
|-heal|p2a: Necrozma|52/100|[from] item: Leftovers
|-heal|p1a: Clefable|7/100|[from] item: Leftovers
|upkeep
|turn|30
|
|t:|1759024121
|move|p2a: Necrozma|Knock Off|p1a: Clefable
|-resisted|p1a: Clefable
|-damage|p1a: Clefable|0 fnt
|-enditem|p1a: Clefable|Leftovers|[from] move: Knock Off|[of] p2a: Necrozma
|faint|p1a: Clefable
|
|-heal|p2a: Necrozma|58/100|[from] item: Leftovers
|upkeep
|
|t:|1759024127
|switch|p1a: Serperior|Serperior, M|100/100
|turn|31
|
|t:|1759024134
|move|p2a: Necrozma|Photon Geyser|p1a: Serperior
|-damage|p1a: Serperior|0 fnt
|faint|p1a: Serperior
|
|win|occean sick jasper
|raw|MulticolorsGO's rating: 1120 &rarr; <strong>1093</strong><br />(-27 for losing)
|raw|occean sick jasper's rating: 1099 &rarr; <strong>1126</strong><br />(+27 for winning)
|l|☆MulticolorsGO
|player|p1|
|l|☆occean sick jasper
|player|p2|
