|j|☆AlmostNamedOne
|j|☆TheIcingCreeper
|t:|1758932121
|gametype|singles
|player|p1|AlmostNamedOne|266|
|player|p2|TheIcingCreeper|valerie|
|gen|9
|tier|[Gen 9] OU
|rule|HP Percentage Mod: HP is shown in percentages
|rule|Endless Battle Clause: Forcing endless battles is banned
|rule|Species Clause: Limit one of each Pokémon
|rule|OHKO Clause: OHKO moves are banned
|rule|Evasion Items Clause: Evasion items are banned
|rule|Evasion Moves Clause: Evasion moves are banned
|rule|Evasion Abilities Clause: Evasion abilities are banned
|rule|Sleep Moves Clause: Sleep-inducing moves are banned
|clearpoke
|poke|p1|Gholdengo|
|poke|p1|Ogerpon-Wellspring, F|
|poke|p1|Kingambit, M|
|poke|p1|Great Tusk|
|poke|p1|Iron Valiant|
|poke|p1|Raging Bolt|
|poke|p2|Wigglytuff, F|
|poke|p2|Meowscarada, M|
|poke|p2|Corviknight, M|
|poke|p2|Gliscor, M|
|poke|p2|Dondozo, M|
|poke|p2|Dragapult, M|
|teampreview
|inactive|Battle timer is ON: inactive players will automatically lose when time's up. (requested by TheIcingCreeper)
|c|☆AlmostNamedOne|this is a random team btw
|c|☆TheIcingCreeper|Good luck and Have Fun!!
|c|☆TheIcingCreeper|And Gotcha!!
|
|t:|1758932144
|teamsize|p1|6
|teamsize|p2|6
|start
|switch|p1a: Raging Bolt|Raging Bolt|100/100
|switch|p2a: Scar|Gliscor, M, shiny|100/100
|turn|1
|
|t:|1758932153
|-end|p1a: Raging Bolt|Protosynthesis|[silent]
|switch|p1a: Ogerpon|Ogerpon-Wellspring, F|100/100
|move|p2a: Scar|Toxic|p1a: Ogerpon
|-status|p1a: Ogerpon|tox
|
|-damage|p1a: Ogerpon|95/100 tox|[from] psn
|-status|p2a: Scar|tox|[from] item: Toxic Orb
|upkeep
|turn|2
|
|t:|1758932165
|switch|p2a: Shisu|Dondozo, M, shiny|100/100
|move|p1a: Ogerpon|Knock Off|p2a: Shisu
|-damage|p2a: Shisu|75/100
|-enditem|p2a: Shisu|Covert Cloak|[from] move: Knock Off|[of] p1a: Ogerpon
|
|-damage|p1a: Ogerpon|83/100 tox|[from] psn
|upkeep
|turn|3
|
|t:|1758932177
|switch|p2a: Peko|Corviknight, M|100/100
|move|p1a: Ogerpon|Horn Leech|p2a: Peko
|-resisted|p2a: Peko
|-damage|p2a: Peko|93/100
|-heal|p1a: Ogerpon|88/100 tox|[from] drain|[of] p2a: Peko
|-damage|p1a: Ogerpon|71/100 tox|[from] item: Rocky Helmet|[of] p2a: Peko
|
|-damage|p1a: Ogerpon|53/100 tox|[from] psn
|upkeep
|turn|4
|
|t:|1758932186
|switch|p2a: Shisu|Dondozo, M, shiny|75/100
|move|p1a: Ogerpon|U-turn|p2a: Shisu
|-damage|p2a: Shisu|60/100
|
|t:|1758932192
|switch|p1a: Raging Bolt|Raging Bolt|100/100|[from] U-turn
|
|upkeep
|turn|5
|
|t:|1758932197
|switch|p2a: Meruem|Wigglytuff, F|100/100
|move|p1a: Raging Bolt|Draco Meteor|p2a: Meruem
|-immune|p2a: Meruem
|
|upkeep
|turn|6
|c|☆AlmostNamedOne|nice read
|c|☆TheIcingCreeper|Thank u!
|
|t:|1758932207
|-end|p1a: Raging Bolt|Protosynthesis|[silent]
|switch|p1a: Gholdengo|Gholdengo|100/100
|move|p2a: Meruem|Wish|p2a: Meruem
|
|upkeep
|turn|7
|
|t:|1758932220
|move|p2a: Meruem|Protect|p2a: Meruem
|-singleturn|p2a: Meruem|Protect
|move|p1a: Gholdengo|Thunderbolt|p2a: Meruem
|-activate|p2a: Meruem|move: Protect
|
|upkeep
|turn|8
|
|t:|1758932227
|switch|p1a: Ogerpon|Ogerpon-Wellspring, F|53/100 tox
|move|p2a: Meruem|Wish|p2a: Meruem
|
|-damage|p1a: Ogerpon|47/100 tox|[from] psn
|upkeep
|turn|9
|
|t:|1758932238
|switch|p2a: Mago|Meowscarada, M|100/100
|move|p1a: Ogerpon|Ivy Cudgel|p2a: Mago|[anim] Ivy Cudgel Water
|-resisted|p2a: Mago
|-damage|p2a: Mago|57/100
|
|-heal|p2a: Mago|100/100|[from] move: Wish|[wisher] Meruem
|-damage|p1a: Ogerpon|35/100 tox|[from] psn
|upkeep
|turn|10
|
|t:|1758932247
|move|p2a: Mago|Knock Off|p1a: Ogerpon
|-start|p2a: Mago|typechange|Dark|[from] ability: Protean
|-damage|p1a: Ogerpon|0 fnt
|faint|p1a: Ogerpon
|
|upkeep
|
|t:|1758932256
|switch|p1a: Iron Valiant|Iron Valiant|100/100
|turn|11
|
|t:|1758932263
|switch|p2a: Scar|Gliscor, M, shiny|100/100 tox
|move|p1a: Iron Valiant|Calm Mind|p1a: Iron Valiant
|-boost|p1a: Iron Valiant|spa|1
|-boost|p1a: Iron Valiant|spd|1
|
|upkeep
|turn|12
|
|t:|1758932273
|move|p1a: Iron Valiant|Moonblast|p2a: Scar
|-damage|p2a: Scar|44/100 tox
|move|p2a: Scar|Toxic|p1a: Iron Valiant
|-status|p1a: Iron Valiant|tox
|
|-damage|p1a: Iron Valiant|94/100 tox|[from] psn
|-heal|p2a: Scar|57/100 tox|[from] ability: Poison Heal
|upkeep
|turn|13
|
|t:|1758932281
|switch|p2a: Peko|Corviknight, M|93/100
|move|p1a: Iron Valiant|Moonblast|p2a: Peko
|-resisted|p2a: Peko
|-damage|p2a: Peko|65/100
|
|-damage|p1a: Iron Valiant|82/100 tox|[from] psn
|upkeep
|turn|14
|
|t:|1758932288
|switch|p2a: Drage|Dragapult, M|100/100
|move|p1a: Iron Valiant|Aura Sphere|p2a: Drage
|-immune|p2a: Drage
|
|-damage|p1a: Iron Valiant|63/100 tox|[from] psn
|upkeep
|turn|15
|
|t:|1758932295
|switch|p2a: Peko|Corviknight, M|65/100
|move|p1a: Iron Valiant|Moonblast|p2a: Peko
|-resisted|p2a: Peko
|-damage|p2a: Peko|37/100
|-ability|p2a: Peko|Mirror Armor
|-unboost|p1a: Iron Valiant|spa|1
|
|-damage|p1a: Iron Valiant|38/100 tox|[from] psn
|upkeep
|turn|16
|
|t:|1758932304
|move|p1a: Iron Valiant|Moonblast|p2a: Peko
|-resisted|p2a: Peko
|-damage|p2a: Peko|17/100
|move|p2a: Peko|Roost|p2a: Peko
|-heal|p2a: Peko|67/100
|-singleturn|p2a: Peko|move: Roost
|
|-damage|p1a: Iron Valiant|7/100 tox|[from] psn
|upkeep
|turn|17
|
|t:|1758932312
|move|p1a: Iron Valiant|Moonblast|p2a: Peko
|-resisted|p2a: Peko
|-damage|p2a: Peko|49/100
|move|p2a: Peko|Roost|p2a: Peko
|-heal|p2a: Peko|99/100
|-singleturn|p2a: Peko|move: Roost
|
|-damage|p1a: Iron Valiant|0 fnt|[from] psn
|faint|p1a: Iron Valiant
|-end|p1a: Iron Valiant|Quark Drive|[silent]
|upkeep
|c|☆AlmostNamedOne|you're crazy
|c|☆AlmostNamedOne|lol
|
|t:|1758932324
|switch|p1a: Raging Bolt|Raging Bolt|100/100
|turn|18
|c|☆TheIcingCreeper|LOL Thank u! Sorry Im a Staller, Thats My main thing
|
|t:|1758932329
|switch|p2a: Scar|Gliscor, M, shiny|57/100 tox
|move|p1a: Raging Bolt|Thunderbolt|p2a: Scar
|-immune|p2a: Scar
|
|-heal|p2a: Scar|69/100 tox|[from] ability: Poison Heal
|upkeep
|turn|19
|c|☆AlmostNamedOne|OMG
|c|☆AlmostNamedOne|WHAT
|
|t:|1758932337
|-end|p1a: Raging Bolt|Protosynthesis|[silent]
|switch|p1a: Great Tusk|Great Tusk|100/100
|-enditem|p1a: Great Tusk|Booster Energy
|-activate|p1a: Great Tusk|ability: Protosynthesis|[fromitem]
|-start|p1a: Great Tusk|protosynthesisdef
|move|p2a: Scar|Substitute|p2a: Scar
|-start|p2a: Scar|Substitute
|-damage|p2a: Scar|44/100 tox
|
|-heal|p2a: Scar|57/100 tox|[from] ability: Poison Heal
|upkeep
|turn|20
|c|☆AlmostNamedOne|this is crazy
|c|☆TheIcingCreeper|When I say Im skilled in battles a bit... Yeahhh LOL
|
|t:|1758932351
|move|p2a: Scar|Protect|p2a: Scar
|-singleturn|p2a: Scar|Protect
|move|p1a: Great Tusk|Ice Spinner|p2a: Scar
|-activate|p2a: Scar|move: Protect
|
|-heal|p2a: Scar|69/100 tox|[from] ability: Poison Heal
|upkeep
|turn|21
|
|t:|1758932358
|move|p1a: Great Tusk|Ice Spinner|p2a: Scar
|-supereffective|p2a: Scar
|-end|p2a: Scar|Substitute
|move|p2a: Scar|Toxic|p1a: Great Tusk
|-status|p1a: Great Tusk|tox
|
|-damage|p1a: Great Tusk|94/100 tox|[from] psn
|-heal|p2a: Scar|82/100 tox|[from] ability: Poison Heal
|upkeep
|turn|22
|
|t:|1758932366
|move|p2a: Scar|Protect|p2a: Scar
|-singleturn|p2a: Scar|Protect
|move|p1a: Great Tusk|Ice Spinner|p2a: Scar
|-activate|p2a: Scar|move: Protect
|
|-damage|p1a: Great Tusk|82/100 tox|[from] psn
|-heal|p2a: Scar|94/100 tox|[from] ability: Poison Heal
|upkeep
|turn|23
|
|t:|1758932374
|switch|p2a: Peko|Corviknight, M|99/100
|move|p1a: Great Tusk|Ice Spinner|p2a: Peko
|-damage|p2a: Peko|84/100
|-damage|p1a: Great Tusk|65/100 tox|[from] item: Rocky Helmet|[of] p2a: Peko
|
|-damage|p1a: Great Tusk|47/100 tox|[from] psn
|upkeep
|turn|24
|
|t:|1758932384
|switch|p2a: Scar|Gliscor, M, shiny|94/100 tox
|move|p1a: Great Tusk|Close Combat|p2a: Scar
|-resisted|p2a: Scar
|-damage|p2a: Scar|74/100 tox
|-unboost|p1a: Great Tusk|def|1
|-unboost|p1a: Great Tusk|spd|1
|
|-damage|p1a: Great Tusk|22/100 tox|[from] psn
|-heal|p2a: Scar|87/100 tox|[from] ability: Poison Heal
|upkeep
|turn|25
|
|t:|1758932393
|move|p2a: Scar|Protect|p2a: Scar
|-singleturn|p2a: Scar|Protect
|move|p1a: Great Tusk|Close Combat|p2a: Scar
|-activate|p2a: Scar|move: Protect
|
|-damage|p1a: Great Tusk|0 fnt|[from] psn
|faint|p1a: Great Tusk
|-end|p1a: Great Tusk|Protosynthesis|[silent]
|-heal|p2a: Scar|99/100 tox|[from] ability: Poison Heal
|upkeep
|c|☆AlmostNamedOne|is this your best format and team
|
|t:|1758932416
|switch|p1a: Kingambit|Kingambit, M|100/100
|-activate|p1a: Kingambit|ability: Supreme Overlord
|-start|p1a: Kingambit|fallen3|[silent]
|turn|26
|
|t:|1758932427
|-terastallize|p2a: Scar|Dark
|-terastallize|p1a: Kingambit|Dark
|move|p2a: Scar|Earthquake|p1a: Kingambit
|-damage|p1a: Kingambit|77/100
|move|p1a: Kingambit|Kowtow Cleave|p2a: Scar
|-resisted|p2a: Scar
|-damage|p2a: Scar|57/100 tox
|
|-heal|p2a: Scar|69/100 tox|[from] ability: Poison Heal
|upkeep
|turn|27
|c|☆TheIcingCreeper|LOL Both the same idea
|c|☆TheIcingCreeper|XD
|
|t:|1758932439
|move|p2a: Scar|Toxic|p1a: Kingambit
|-status|p1a: Kingambit|tox
|move|p1a: Kingambit|Swords Dance|p1a: Kingambit
|-boost|p1a: Kingambit|atk|2
|
|-heal|p2a: Scar|82/100 tox|[from] ability: Poison Heal
|-damage|p1a: Kingambit|71/100 tox|[from] psn
|upkeep
|turn|28
|
|t:|1758932449
|move|p2a: Scar|Substitute|p2a: Scar
|-start|p2a: Scar|Substitute
|-damage|p2a: Scar|57/100 tox
|move|p1a: Kingambit|Iron Head|p2a: Scar
|-end|p2a: Scar|Substitute
|
|-heal|p2a: Scar|69/100 tox|[from] ability: Poison Heal
|-damage|p1a: Kingambit|59/100 tox|[from] psn
|upkeep
|turn|29
|c|☆TheIcingCreeper|Well ur stuck in a Loop now
|c|☆AlmostNamedOne|I lose
|
|t:|1758932459
|move|p2a: Scar|Protect|p2a: Scar
|-singleturn|p2a: Scar|Protect
|move|p1a: Kingambit|Kowtow Cleave|p2a: Scar
|-activate|p2a: Scar|move: Protect
|
|-heal|p2a: Scar|82/100 tox|[from] ability: Poison Heal
|-damage|p1a: Kingambit|40/100 tox|[from] psn
|upkeep
|turn|30
|
|t:|1758932469
|move|p2a: Scar|Substitute|p2a: Scar
|-start|p2a: Scar|Substitute
|-damage|p2a: Scar|57/100 tox
|move|p1a: Kingambit|Kowtow Cleave|p2a: Scar
|-resisted|p2a: Scar
|-end|p2a: Scar|Substitute
|
|-heal|p2a: Scar|69/100 tox|[from] ability: Poison Heal
|-damage|p1a: Kingambit|15/100 tox|[from] psn
|upkeep
|turn|31
|c|☆AlmostNamedOne|are you up for smth like randbats?
|
|t:|1758932481
|move|p2a: Scar|Protect|p2a: Scar
|-singleturn|p2a: Scar|Protect
|move|p1a: Kingambit|Kowtow Cleave|p2a: Scar
|-activate|p2a: Scar|move: Protect
|
|-heal|p2a: Scar|82/100 tox|[from] ability: Poison Heal
|-damage|p1a: Kingambit|0 fnt|[from] psn
|faint|p1a: Kingambit
|-end|p1a: Kingambit|fallen3|[silent]
|upkeep
|
|t:|1758932490
|switch|p1a: Gholdengo|Gholdengo|100/100
|turn|32
|c|☆TheIcingCreeper|Um we'll see cuz I have to prepare game night and stuff and answer messages
|
|t:|1758932512
|move|p1a: Gholdengo|Make It Rain|p2a: Scar
|-damage|p2a: Scar|30/100 tox
|-unboost|p1a: Gholdengo|spa|1
|move|p2a: Scar|Earthquake|p1a: Gholdengo
|-supereffective|p1a: Gholdengo
|-damage|p1a: Gholdengo|31/100
|
|-heal|p2a: Scar|42/100 tox|[from] ability: Poison Heal
|upkeep
|turn|33
|c|☆AlmostNamedOne|oh alr
|-message|AlmostNamedOne forfeited.
|
|win|TheIcingCreeper
|l|☆AlmostNamedOne
|player|p1|
|c|☆TheIcingCreeper|Gg Wp!!
