|j|☆Evilmantube
|j|☆zuoxi
|t:|1758953973
|gametype|singles
|player|p1|Evilmantube|blackbelt|1115
|player|p2|zuoxi|iono|1104
|gen|9
|tier|[Gen 9] OU
|rated|
|rule|HP Percentage Mod: HP is shown in percentages
|rule|Endless Battle Clause: Forcing endless battles is banned
|rule|Species Clause: Limit one of each Pokémon
|rule|OHKO Clause: OHKO moves are banned
|rule|Evasion Items Clause: Evasion items are banned
|rule|Evasion Moves Clause: Evasion moves are banned
|rule|Evasion Abilities Clause: Evasion abilities are banned
|rule|Sleep Moves Clause: Sleep-inducing moves are banned
|clearpoke
|poke|p1|Dragapult, M|
|poke|p1|Gliscor, M|
|poke|p1|Glimmora, M|
|poke|p1|Ninetales-Alola, F|
|poke|p1|Houndstone, F|
|poke|p1|Scyther, F|
|poke|p2|Tinkaton, F|
|poke|p2|Thundurus-Therian, M|
|poke|p2|Ogerpon-Cornerstone, F|
|poke|p2|Cyclizar, F|
|poke|p2|Slowking, F|
|poke|p2|Conkeldurr, F|
|teampreview
|
|t:|1758953987
|teamsize|p1|6
|teamsize|p2|6
|start
|switch|p1a: Gliscor|Gliscor, M|100/100
|switch|p2a: Tinkaton|Tinkaton, F|100/100
|-item|p2a: Tinkaton|Air Balloon
|turn|1
|
|t:|1758953996
|move|p1a: Gliscor|Protect|p1a: Gliscor
|-singleturn|p1a: Gliscor|Protect
|move|p2a: Tinkaton|Stealth Rock|p1a: Gliscor
|-sidestart|p1: Evilmantube|move: Stealth Rock
|
|-status|p1a: Gliscor|tox|[from] item: Toxic Orb
|upkeep
|turn|2
|
|t:|1758953999
|move|p1a: Gliscor|Toxic Spikes|p2a: Tinkaton
|-sidestart|p2: zuoxi|move: Toxic Spikes
|move|p2a: Tinkaton|Encore|p1a: Gliscor
|-start|p1a: Gliscor|Encore
|
|upkeep
|turn|3
|
|t:|1758954007
|move|p1a: Gliscor|Toxic Spikes|p2a: Tinkaton
|-sidestart|p2: zuoxi|move: Toxic Spikes
|move|p2a: Tinkaton|Gigaton Hammer|p1a: Gliscor
|-damage|p1a: Gliscor|70/100 tox
|
|-heal|p1a: Gliscor|82/100 tox|[from] ability: Poison Heal
|upkeep
|turn|4
|
|t:|1758954022
|switch|p1a: Ninetales|Ninetales-Alola, F|100/100
|-damage|p1a: Ninetales|76/100|[from] Stealth Rock
|-weather|Snowscape|[from] ability: Snow Warning|[of] p1a: Ninetales
|switch|p2a: Cyclizar|Cyclizar, F|100/100
|
|-weather|Snowscape|[upkeep]
|upkeep
|turn|5
|
|t:|1758954030
|move|p2a: Cyclizar|Rapid Spin|p1a: Ninetales
|-crit|p1a: Ninetales
|-damage|p1a: Ninetales|56/100
|-boost|p2a: Cyclizar|spe|1
|-sideend|p2: zuoxi|Toxic Spikes|[from] move: Rapid Spin|[of] p2a: Cyclizar
|move|p1a: Ninetales|Aurora Veil|p1a: Ninetales
|-sidestart|p1: Evilmantube|move: Aurora Veil
|
|-weather|Snowscape|[upkeep]
|upkeep
|turn|6
|
|t:|1758954034
|switch|p1a: Gliscor|Gliscor, M|82/100 tox
|-damage|p1a: Gliscor|70/100 tox|[from] Stealth Rock
|move|p2a: Cyclizar|U-turn|p1a: Gliscor
|-resisted|p1a: Gliscor
|-damage|p1a: Gliscor|68/100 tox
|
|t:|1758954042
|switch|p2a: Conkeldurr|Conkeldurr, F|100/100|[from] U-turn
|
|-weather|Snowscape|[upkeep]
|-heal|p1a: Gliscor|80/100 tox|[from] ability: Poison Heal
|-status|p2a: Conkeldurr|brn|[from] item: Flame Orb
|upkeep
|turn|7
|
|t:|1758954049
|move|p1a: Gliscor|Protect|p1a: Gliscor
|-singleturn|p1a: Gliscor|Protect
|move|p2a: Conkeldurr|Bulk Up|p2a: Conkeldurr
|-boost|p2a: Conkeldurr|atk|1
|-boost|p2a: Conkeldurr|def|1
|
|-weather|Snowscape|[upkeep]
|-heal|p1a: Gliscor|93/100 tox|[from] ability: Poison Heal
|-damage|p2a: Conkeldurr|94/100 brn|[from] brn
|upkeep
|turn|8
|
|t:|1758954059
|switch|p1a: Houndstone|Houndstone, F|100/100
|-damage|p1a: Houndstone|88/100|[from] Stealth Rock
|move|p2a: Conkeldurr|Knock Off|p1a: Houndstone
|-supereffective|p1a: Houndstone
|-damage|p1a: Houndstone|56/100
|-enditem|p1a: Houndstone|Leftovers|[from] move: Knock Off|[of] p2a: Conkeldurr
|
|-weather|none
|-damage|p2a: Conkeldurr|88/100 brn|[from] brn
|upkeep
|turn|9
|
|t:|1758954065
|move|p2a: Conkeldurr|Bulk Up|p2a: Conkeldurr
|-boost|p2a: Conkeldurr|atk|1
|-boost|p2a: Conkeldurr|def|1
|move|p1a: Houndstone|Roar|p2a: Conkeldurr
|drag|p2a: Thundurus|Thundurus-Therian, M|100/100
|
|upkeep
|turn|10
|
|t:|1758954074
|switch|p1a: Gliscor|Gliscor, M|93/100 tox
|-damage|p1a: Gliscor|80/100 tox|[from] Stealth Rock
|move|p2a: Thundurus|Volt Switch|p1a: Gliscor
|-immune|p1a: Gliscor
|
|-heal|p1a: Gliscor|93/100 tox|[from] ability: Poison Heal
|upkeep
|turn|11
|
|t:|1758954082
|switch|p2a: Tinkaton|Tinkaton, F|100/100
|-item|p2a: Tinkaton|Air Balloon
|move|p1a: Gliscor|Fling|p2a: Tinkaton
|-resisted|p2a: Tinkaton
|-damage|p2a: Tinkaton|98/100
|-enditem|p2a: Tinkaton|Air Balloon
|-enditem|p1a: Gliscor|Toxic Orb|[from] move: Fling
|
|-heal|p1a: Gliscor|100/100 tox|[from] ability: Poison Heal
|upkeep
|turn|12
|
|t:|1758954093
|move|p1a: Gliscor|Thief|p2a: Tinkaton
|-resisted|p2a: Tinkaton
|-damage|p2a: Tinkaton|93/100
|move|p2a: Tinkaton|Gigaton Hammer|p1a: Gliscor
|-damage|p1a: Gliscor|84/100 tox
|
|-heal|p1a: Gliscor|97/100 tox|[from] ability: Poison Heal
|-sideend|p1: Evilmantube|move: Aurora Veil
|upkeep
|turn|13
|
|t:|1758954100
|move|p1a: Gliscor|Thief|p2a: Tinkaton
|-resisted|p2a: Tinkaton
|-damage|p2a: Tinkaton|88/100
|move|p2a: Tinkaton|Thunder Wave|p1a: Gliscor
|-immune|p1a: Gliscor
|
|-heal|p1a: Gliscor|100/100 tox|[from] ability: Poison Heal
|upkeep
|turn|14
|
|t:|1758954105
|move|p1a: Gliscor|Thief|p2a: Tinkaton
|-resisted|p2a: Tinkaton
|-damage|p2a: Tinkaton|83/100
|move|p2a: Tinkaton|Gigaton Hammer|p1a: Gliscor
|-damage|p1a: Gliscor|71/100 tox
|
|-heal|p1a: Gliscor|83/100 tox|[from] ability: Poison Heal
|upkeep
|turn|15
|
|t:|1758954112
|switch|p2a: Ogerpon|Ogerpon-Cornerstone, F|100/100
|move|p1a: Gliscor|Thief|p2a: Ogerpon
|-damage|p2a: Ogerpon|85/100
|
|-heal|p1a: Gliscor|95/100 tox|[from] ability: Poison Heal
|upkeep
|turn|16
|
|t:|1758954143
|move|p2a: Ogerpon|Taunt|p1a: Gliscor
|-start|p1a: Gliscor|move: Taunt
|cant|p1a: Gliscor|move: Taunt|Toxic Spikes
|
|-heal|p1a: Gliscor|100/100 tox|[from] ability: Poison Heal
|upkeep
|turn|17
|
|t:|1758954150
|move|p2a: Ogerpon|Swords Dance|p2a: Ogerpon
|-boost|p2a: Ogerpon|atk|2
|move|p1a: Gliscor|Thief|p2a: Ogerpon
|-damage|p2a: Ogerpon|67/100
|
|upkeep
|turn|18
|
|t:|1758954157
|switch|p1a: Glimmora|Glimmora, M|100/100
|-damage|p1a: Glimmora|88/100|[from] Stealth Rock
|move|p2a: Ogerpon|Swords Dance|p2a: Ogerpon
|-boost|p2a: Ogerpon|atk|2
|
|upkeep
|turn|19
|
|t:|1758954164
|move|p2a: Ogerpon|Power Whip|p1a: Glimmora
|-damage|p1a: Glimmora|0 fnt
|-activate|p1a: Glimmora|ability: Toxic Debris
|-sidestart|p2: zuoxi|move: Toxic Spikes
|faint|p1a: Glimmora
|
|upkeep
|
|t:|1758954175
|switch|p1a: Dragapult|Dragapult, M|100/100
|-damage|p1a: Dragapult|88/100|[from] Stealth Rock
|turn|20
|
|t:|1758954184
|move|p1a: Dragapult|U-turn|p2a: Ogerpon
|-supereffective|p2a: Ogerpon
|-damage|p2a: Ogerpon|0 fnt
|faint|p2a: Ogerpon
|
|t:|1758954190
|switch|p1a: Gliscor|Gliscor, M|100/100 tox|[from] U-turn
|-damage|p1a: Gliscor|88/100 tox|[from] Stealth Rock
|
|-heal|p1a: Gliscor|100/100 tox|[from] ability: Poison Heal
|upkeep
|
|t:|1758954198
|switch|p2a: Conkeldurr|Conkeldurr, F|88/100 brn
|turn|21
|
|t:|1758954206
|move|p1a: Gliscor|Thief|p2a: Conkeldurr
|-resisted|p2a: Conkeldurr
|-damage|p2a: Conkeldurr|83/100 brn
|-enditem|p2a: Conkeldurr|Flame Orb|[silent]|[from] move: Thief|[of] p1a: Gliscor
|-item|p1a: Gliscor|Flame Orb|[from] move: Thief|[of] p2a: Conkeldurr
|move|p2a: Conkeldurr|Bulk Up|p2a: Conkeldurr
|-boost|p2a: Conkeldurr|atk|1
|-boost|p2a: Conkeldurr|def|1
|
|-damage|p2a: Conkeldurr|77/100 brn|[from] brn
|upkeep
|turn|22
|
|t:|1758954214
|switch|p1a: Houndstone|Houndstone, F|56/100
|-damage|p1a: Houndstone|44/100|[from] Stealth Rock
|move|p2a: Conkeldurr|Bulk Up|p2a: Conkeldurr
|-boost|p2a: Conkeldurr|atk|1
|-boost|p2a: Conkeldurr|def|1
|
|-damage|p2a: Conkeldurr|71/100 brn|[from] brn
|upkeep
|turn|23
|
|t:|1758954222
|move|p2a: Conkeldurr|Fire Punch|p1a: Houndstone
|-damage|p1a: Houndstone|0 fnt
|faint|p1a: Houndstone
|
|-damage|p2a: Conkeldurr|65/100 brn|[from] brn
|upkeep
|
|t:|1758954229
|switch|p1a: Dragapult|Dragapult, M|88/100
|-damage|p1a: Dragapult|76/100|[from] Stealth Rock
|turn|24
|
|t:|1758954234
|move|p1a: Dragapult|Dragon Darts|p2a: Conkeldurr
|-damage|p2a: Conkeldurr|50/100 brn
|-anim|p1a: Dragapult|Dragon Darts|p2a: Conkeldurr
|-damage|p2a: Conkeldurr|34/100 brn
|move|p2a: Conkeldurr|Knock Off|p1a: Dragapult
|-supereffective|p1a: Dragapult
|-damage|p1a: Dragapult|0 fnt
|-enditem|p1a: Dragapult|Choice Band|[from] move: Knock Off|[of] p2a: Conkeldurr
|faint|p1a: Dragapult
|
|-damage|p2a: Conkeldurr|28/100 brn|[from] brn
|upkeep
|
|t:|1758954241
|switch|p1a: Ninetales|Ninetales-Alola, F|56/100
|-damage|p1a: Ninetales|31/100|[from] Stealth Rock
|-weather|Snowscape|[from] ability: Snow Warning|[of] p1a: Ninetales
|turn|25
|
|t:|1758954250
|move|p1a: Ninetales|Aurora Veil|p1a: Ninetales
|-sidestart|p1: Evilmantube|move: Aurora Veil
|move|p2a: Conkeldurr|Fire Punch|p1a: Ninetales
|-supereffective|p1a: Ninetales
|-damage|p1a: Ninetales|0 fnt
|faint|p1a: Ninetales
|
|-weather|Snowscape|[upkeep]
|-damage|p2a: Conkeldurr|22/100 brn|[from] brn
|upkeep
|
|t:|1758954252
|switch|p1a: Scyther|Scyther, F|100/100
|-damage|p1a: Scyther|51/100|[from] Stealth Rock
|turn|26
|
|t:|1758954262
|move|p1a: Scyther|Endure|p1a: Scyther
|-singleturn|p1a: Scyther|move: Endure
|move|p2a: Conkeldurr|Fire Punch|p1a: Scyther
|-supereffective|p1a: Scyther
|-activate|p1a: Scyther|move: Endure
|-damage|p1a: Scyther|1/100
|
|-weather|Snowscape|[upkeep]
|-damage|p2a: Conkeldurr|16/100 brn|[from] brn
|upkeep
|turn|27
|
|t:|1758954270
|-terastallize|p1a: Scyther|Bug
|move|p1a: Scyther|Fury Cutter|p2a: Conkeldurr
|-resisted|p2a: Conkeldurr
|-damage|p2a: Conkeldurr|3/100 brn
|move|p2a: Conkeldurr|Fire Punch|p1a: Scyther
|-supereffective|p1a: Scyther
|-crit|p1a: Scyther
|-damage|p1a: Scyther|0 fnt
|faint|p1a: Scyther
|
|-weather|Snowscape|[upkeep]
|-damage|p2a: Conkeldurr|0 fnt|[from] brn
|faint|p2a: Conkeldurr
|upkeep
|
|t:|1758954290
|switch|p1a: Gliscor|Gliscor, M|100/100 tox
|switch|p2a: Slowking|Slowking, F|100/100
|-damage|p1a: Gliscor|88/100 tox|[from] Stealth Rock
|turn|28
|
|t:|1758954293
|move|p1a: Gliscor|Thief|p2a: Slowking
|-supereffective|p2a: Slowking
|-damage|p2a: Slowking|80/100
|move|p2a: Slowking|Ice Beam|p1a: Gliscor
|-supereffective|p1a: Gliscor
|-damage|p1a: Gliscor|49/100 tox
|
|-weather|Snowscape|[upkeep]
|-heal|p1a: Gliscor|61/100 tox|[from] ability: Poison Heal
|upkeep
|turn|29
|
|t:|1758954300
|move|p1a: Gliscor|Fling|p2a: Slowking
|-supereffective|p2a: Slowking
|-damage|p2a: Slowking|69/100
|-status|p2a: Slowking|brn
|-enditem|p1a: Gliscor|Flame Orb|[from] move: Fling
|move|p2a: Slowking|Future Sight|p1a: Gliscor
|-start|p2a: Slowking|move: Future Sight
|
|-weather|none
|-heal|p1a: Gliscor|73/100 tox|[from] ability: Poison Heal
|-damage|p2a: Slowking|62/100 brn|[from] brn
|upkeep
|turn|30
|
|t:|1758954304
|move|p1a: Gliscor|Thief|p2a: Slowking
|-supereffective|p2a: Slowking
|-damage|p2a: Slowking|42/100 brn
|-enditem|p2a: Slowking|Heavy-Duty Boots|[silent]|[from] move: Thief|[of] p1a: Gliscor
|-item|p1a: Gliscor|Heavy-Duty Boots|[from] move: Thief|[of] p2a: Slowking
|move|p2a: Slowking|Ice Beam|p1a: Gliscor
|-supereffective|p1a: Gliscor
|-damage|p1a: Gliscor|36/100 tox
|
|-heal|p1a: Gliscor|48/100 tox|[from] ability: Poison Heal
|-damage|p2a: Slowking|36/100 brn|[from] brn
|upkeep
|turn|31
|
|t:|1758954311
|move|p1a: Gliscor|Fling|p2a: Slowking
|-supereffective|p2a: Slowking
|-damage|p2a: Slowking|8/100 brn
|-enditem|p1a: Gliscor|Heavy-Duty Boots|[from] move: Fling
|move|p2a: Slowking|Ice Beam|p1a: Gliscor
|-supereffective|p1a: Gliscor
|-damage|p1a: Gliscor|13/100 tox
|
|-end|p1a: Gliscor|move: Future Sight
|-damage|p1a: Gliscor|0 fnt
|faint|p1a: Gliscor
|
|win|zuoxi
|raw|Evilmantube's rating: 1115 &rarr; <strong>1089</strong><br />(-26 for losing)
|raw|zuoxi's rating: 1104 &rarr; <strong>1130</strong><br />(+26 for winning)
|l|☆Evilmantube
|player|p1|
|l|☆zuoxi
|player|p2|
