|j|☆bababeepananda
|j|☆Mclovin67
|t:|1758961636
|gametype|singles
|player|p1|bababeepananda|palmer|1077
|player|p2|Mclovin67|rancher|1076
|gen|9
|tier|[Gen 9] OU
|rated|
|rule|HP Percentage Mod: HP is shown in percentages
|rule|Endless Battle Clause: Forcing endless battles is banned
|rule|Species Clause: Limit one of each Pokémon
|rule|OHKO Clause: OHKO moves are banned
|rule|Evasion Items Clause: Evasion items are banned
|rule|Evasion Moves Clause: Evasion moves are banned
|rule|Evasion Abilities Clause: Evasion abilities are banned
|rule|Sleep Moves Clause: Sleep-inducing moves are banned
|clearpoke
|poke|p1|Maushold-Four|
|poke|p1|Ursaluna, M|
|poke|p1|Walking Wake|
|poke|p1|Sinistcha-Masterpiece|
|poke|p1|Braviary-Hisui, M|
|poke|p1|Rotom-Wash|
|poke|p2|Deoxys-Speed|
|poke|p2|Weezing, M|
|poke|p2|Crawdaunt, M|
|poke|p2|Lokix, F|
|poke|p2|Hawlucha, M|
|poke|p2|Golem, M|
|teampreview
|inactive|Battle timer is ON: inactive players will automatically lose when time's up. (requested by bababeepananda)
|
|t:|1758961650
|teamsize|p1|6
|teamsize|p2|6
|start
|switch|p1a: Rotom|Rotom-Wash|100/100
|switch|p2a: Gutrot|Weezing, M|100/100
|turn|1
|
|t:|1758961657
|move|p1a: Rotom|Nasty Plot|p1a: Rotom
|-boost|p1a: Rotom|spa|2
|move|p2a: Gutrot|Will-O-Wisp|p1a: Rotom
|-status|p1a: Rotom|brn
|
|-damage|p1a: Rotom|94/100 brn|[from] brn
|upkeep
|turn|2
|
|t:|1758961685
|move|p1a: Rotom|Thunderbolt|p2a: Gutrot
|-damage|p2a: Gutrot|5/100
|move|p2a: Gutrot|Clear Smog|p1a: Rotom
|-damage|p1a: Rotom|68/100 brn
|-clearboost|p1a: Rotom
|
|-heal|p1a: Rotom|75/100 brn|[from] item: Leftovers
|-heal|p2a: Gutrot|11/100|[from] item: Black Sludge
|-damage|p1a: Rotom|68/100 brn|[from] brn
|upkeep
|turn|3
|
|t:|1758961697
|move|p1a: Rotom|Thunderbolt|p2a: Gutrot
|-damage|p2a: Gutrot|0 fnt
|faint|p2a: Gutrot
|
|-heal|p1a: Rotom|75/100 brn|[from] item: Leftovers
|-damage|p1a: Rotom|68/100 brn|[from] brn
|upkeep
|
|t:|1758961703
|switch|p2a: Crashhopper|Lokix, F|100/100
|turn|4
|
|t:|1758961711
|move|p2a: Crashhopper|First Impression|p1a: Rotom
|-damage|p1a: Rotom|11/100 brn
|-damage|p2a: Crashhopper|91/100|[from] item: Life Orb
|move|p1a: Rotom|Thunderbolt|p2a: Crashhopper
|-damage|p2a: Crashhopper|15/100
|
|-heal|p1a: Rotom|17/100 brn|[from] item: Leftovers
|-damage|p1a: Rotom|11/100 brn|[from] brn
|upkeep
|turn|5
|
|t:|1758961727
|move|p2a: Crashhopper|U-turn|p1a: Rotom
|-damage|p1a: Rotom|0 fnt
|faint|p1a: Rotom
|-damage|p2a: Crashhopper|5/100|[from] item: Life Orb
|
|t:|1758961735
|switch|p2a: Overflow|Crawdaunt, M|100/100|[from] U-turn
|
|upkeep
|
|t:|1758961742
|switch|p1a: Sinistcha|Sinistcha-Masterpiece, shiny|100/100
|turn|6
|
|t:|1758961752
|switch|p2a: Kickinhawk|Hawlucha, M|100/100
|move|p1a: Sinistcha|Matcha Gotcha|p2a: Kickinhawk
|-resisted|p2a: Kickinhawk
|-damage|p2a: Kickinhawk|75/100
|-status|p2a: Kickinhawk|brn
|
|-damage|p2a: Kickinhawk|69/100 brn|[from] brn
|upkeep
|turn|7
|
|t:|1758961780
|move|p2a: Kickinhawk|Swords Dance|p2a: Kickinhawk
|-boost|p2a: Kickinhawk|atk|2
|move|p1a: Sinistcha|Poltergeist|p2a: Kickinhawk
|-activate|p2a: Kickinhawk|move: Poltergeist|Sitrus Berry
|-damage|p2a: Kickinhawk|35/100 brn
|-enditem|p2a: Kickinhawk|Sitrus Berry|[eat]
|-heal|p2a: Kickinhawk|60/100 brn|[from] item: Sitrus Berry
|
|-damage|p2a: Kickinhawk|54/100 brn|[from] brn
|upkeep
|turn|8
|
|t:|1758961794
|move|p2a: Kickinhawk|Swords Dance|p2a: Kickinhawk
|-boost|p2a: Kickinhawk|atk|2
|move|p1a: Sinistcha|Matcha Gotcha|p2a: Kickinhawk|[miss]
|-miss|p1a: Sinistcha|p2a: Kickinhawk
|
|-damage|p2a: Kickinhawk|48/100 brn|[from] brn
|upkeep
|turn|9
|
|t:|1758961804
|move|p2a: Kickinhawk|Throat Chop|p1a: Sinistcha
|-supereffective|p1a: Sinistcha
|-damage|p1a: Sinistcha|33/100
|-start|p1a: Sinistcha|Throat Chop|[silent]
|move|p1a: Sinistcha|Matcha Gotcha|p2a: Kickinhawk
|-resisted|p2a: Kickinhawk
|-damage|p2a: Kickinhawk|24/100 brn
|-heal|p1a: Sinistcha|48/100|[from] drain|[of] p2a: Kickinhawk
|
|-heal|p1a: Sinistcha|54/100|[from] item: Leftovers
|-damage|p2a: Kickinhawk|17/100 brn|[from] brn
|upkeep
|turn|10
|inactive|bababeepananda has 120 seconds left.
|
|t:|1758961831
|move|p2a: Kickinhawk|Throat Chop|p1a: Sinistcha
|-supereffective|p1a: Sinistcha
|-damage|p1a: Sinistcha|0 fnt
|faint|p1a: Sinistcha
|
|-damage|p2a: Kickinhawk|11/100 brn|[from] brn
|upkeep
|
|t:|1758961840
|switch|p1a: Braviary|Braviary-Hisui, M, shiny|100/100
|turn|11
|
|t:|1758961848
|move|p2a: Kickinhawk|Throat Chop|p1a: Braviary
|-supereffective|p1a: Braviary
|-damage|p1a: Braviary|22/100
|-start|p1a: Braviary|Throat Chop|[silent]
|move|p1a: Braviary|Calm Mind|p1a: Braviary
|-boost|p1a: Braviary|spa|1
|-boost|p1a: Braviary|spd|1
|
|-heal|p1a: Braviary|28/100|[from] item: Leftovers
|-damage|p2a: Kickinhawk|5/100 brn|[from] brn
|upkeep
|turn|12
|
|t:|1758961862
|switch|p1a: Ursaluna|Ursaluna, M, shiny|100/100
|move|p2a: Kickinhawk|Throat Chop|p1a: Ursaluna
|-damage|p1a: Ursaluna|75/100
|-start|p1a: Ursaluna|Throat Chop|[silent]
|
|-damage|p2a: Kickinhawk|0 fnt|[from] brn
|faint|p2a: Kickinhawk
|-status|p1a: Ursaluna|brn|[from] item: Flame Orb
|upkeep
|
|t:|1758961872
|switch|p2a: Crashhopper|Lokix, F|5/100
|turn|13
|
|t:|1758961880
|move|p2a: Crashhopper|Axe Kick|p1a: Ursaluna
|-supereffective|p1a: Ursaluna
|-damage|p1a: Ursaluna|14/100 brn
|-damage|p2a: Crashhopper|0 fnt|[from] item: Life Orb
|faint|p2a: Crashhopper
|move|p1a: Ursaluna|Facade|p2: Crashhopper|[notarget]
|-fail|p1a: Ursaluna
|
|-damage|p1a: Ursaluna|8/100 brn|[from] brn
|-end|p1a: Ursaluna|Throat Chop|[silent]
|upkeep
|
|t:|1758961887
|switch|p2a: Xlr8|Deoxys-Speed, shiny|100/100
|-ability|p2a: Xlr8|Pressure
|turn|14
|
|t:|1758961895
|move|p2a: Xlr8|Meteor Beam||[still]
|-prepare|p2a: Xlr8|Meteor Beam
|-boost|p2a: Xlr8|spa|1
|-enditem|p2a: Xlr8|Power Herb
|-anim|p2a: Xlr8|Meteor Beam|p1a: Ursaluna
|-resisted|p1a: Ursaluna
|-damage|p1a: Ursaluna|0 fnt
|faint|p1a: Ursaluna
|
|upkeep
|
|t:|1758961906
|switch|p1a: Maushold|Maushold-Four, shiny|100/100
|turn|15
|
|t:|1758961913
|move|p2a: Xlr8|Future Sight|p1a: Maushold
|-start|p2a: Xlr8|move: Future Sight
|move|p1a: Maushold|Tidy Up|p1a: Maushold
|-boost|p1a: Maushold|atk|1
|-boost|p1a: Maushold|spe|1
|
|upkeep
|turn|16
|
|t:|1758961919
|move|p2a: Xlr8|Psyshock|p1a: Maushold
|-damage|p1a: Maushold|30/100
|move|p1a: Maushold|Encore|p2a: Xlr8
|-start|p2a: Xlr8|Encore
|
|upkeep
|turn|17
|
|t:|1758961927
|move|p2a: Xlr8|Psyshock|p1a: Maushold
|-damage|p1a: Maushold|0 fnt
|faint|p1a: Maushold
|
|-hint|Future Sight did not hit because the target is fainted.
|upkeep
|
|t:|1758961930
|switch|p1a: Walking Wake|Walking Wake|100/100
|-enditem|p1a: Walking Wake|Booster Energy
|-activate|p1a: Walking Wake|ability: Protosynthesis|[fromitem]
|-start|p1a: Walking Wake|protosynthesisspa
|turn|18
|
|t:|1758961937
|move|p2a: Xlr8|Psyshock|p1a: Walking Wake
|-damage|p1a: Walking Wake|56/100
|move|p1a: Walking Wake|Dragon Pulse|p2a: Xlr8
|-damage|p2a: Xlr8|31/100
|
|upkeep
|turn|19
|
|t:|1758961944
|move|p2a: Xlr8|Psyshock|p1a: Walking Wake
|-damage|p1a: Walking Wake|9/100
|move|p1a: Walking Wake|Dragon Pulse|p2a: Xlr8
|-damage|p2a: Xlr8|0 fnt
|faint|p2a: Xlr8
|
|upkeep
|
|t:|1758961958
|switch|p2a: Overflow|Crawdaunt, M|100/100
|turn|20
|
|t:|1758961966
|-terastallize|p2a: Overflow|Water
|move|p2a: Overflow|Aqua Jet|p1a: Walking Wake
|-resisted|p1a: Walking Wake
|-crit|p1a: Walking Wake
|-damage|p1a: Walking Wake|0 fnt
|faint|p1a: Walking Wake
|-end|p1a: Walking Wake|Protosynthesis|[silent]
|
|upkeep
|
|t:|1758961973
|switch|p1a: Braviary|Braviary-Hisui, M, shiny|28/100
|turn|21
|
|t:|1758961980
|move|p2a: Overflow|Aqua Jet|p1a: Braviary
|-damage|p1a: Braviary|0 fnt
|faint|p1a: Braviary
|
|win|Mclovin67
|raw|bababeepananda's rating: 1077 &rarr; <strong>1055</strong><br />(-22 for losing)
|raw|Mclovin67's rating: 1076 &rarr; <strong>1105</strong><br />(+29 for winning)
|l|☆bababeepananda
|player|p1|
|l|☆Mclovin67
|player|p2|
