|j|☆CountryBoyz
|j|‽Tsaun
|t:|1758970566
|gametype|singles
|player|p1|CountryBoyz|170|1366
|player|p2|Tsaun|101|1371
|gen|9
|tier|[Gen 9] OU
|rated|
|rule|HP Percentage Mod: HP is shown in percentages
|rule|Endless Battle Clause: Forcing endless battles is banned
|rule|Species Clause: Limit one of each Pokémon
|rule|OHKO Clause: OHKO moves are banned
|rule|Evasion Items Clause: Evasion items are banned
|rule|Evasion Moves Clause: Evasion moves are banned
|rule|Evasion Abilities Clause: Evasion abilities are banned
|rule|Sleep Moves Clause: Sleep-inducing moves are banned
|clearpoke
|poke|p1|Landorus-Therian, M|
|poke|p1|Cloyster, M|
|poke|p1|Raikou|
|poke|p1|Dragonite, M|
|poke|p1|Suicune|
|poke|p1|Skarmory, F|
|poke|p2|Dragapult, F|
|poke|p2|Great Tusk|
|poke|p2|Araquanid, F|
|poke|p2|Raging Bolt|
|poke|p2|Iron Valiant|
|poke|p2|Scizor, M|
|teampreview
|
|t:|1758970582
|teamsize|p1|6
|teamsize|p2|6
|start
|switch|p1a: Raikou|Raikou, shiny|100/100
|switch|p2a: Araquanid|Araquanid, F|100/100
|turn|1
|inactive|Battle timer is ON: inactive players will automatically lose when time's up. (requested by Tsaun)
|
|t:|1758970587
|move|p1a: Raikou|Calm Mind|p1a: Raikou
|-boost|p1a: Raikou|spa|1
|-boost|p1a: Raikou|spd|1
|move|p2a: Araquanid|Mirror Coat||[still]
|-fail|p2a: Araquanid
|
|upkeep
|turn|2
|
|t:|1758970591
|move|p1a: Raikou|Substitute|p1a: Raikou
|-start|p1a: Raikou|Substitute
|-damage|p1a: Raikou|76/100
|move|p2a: Araquanid|Sticky Web|p1a: Raikou
|-sidestart|p1: CountryBoyz|move: Sticky Web
|
|-heal|p1a: Raikou|82/100|[from] item: Leftovers
|upkeep
|turn|3
|
|t:|1758970596
|switch|p2a: Dragapult|Dragapult, F|100/100
|move|p1a: Raikou|Discharge|p2a: Dragapult
|-resisted|p2a: Dragapult
|-damage|p2a: Dragapult|56/100
|-status|p2a: Dragapult|par
|
|-heal|p1a: Raikou|88/100|[from] item: Leftovers
|upkeep
|turn|4
|
|t:|1758970600
|move|p1a: Raikou|Discharge|p2a: Dragapult
|-resisted|p2a: Dragapult
|-damage|p2a: Dragapult|13/100 par
|move|p2a: Dragapult|Dragon Darts|p1a: Raikou
|-end|p1a: Raikou|Substitute
|-anim|p2a: Dragapult|Dragon Darts|p1a: Raikou
|-damage|p1a: Raikou|37/100
|
|-heal|p1a: Raikou|43/100|[from] item: Leftovers
|upkeep
|turn|5
|
|t:|1758970609
|move|p1a: Raikou|Discharge|p2a: Dragapult
|-resisted|p2a: Dragapult
|-damage|p2a: Dragapult|0 fnt
|faint|p2a: Dragapult
|
|-heal|p1a: Raikou|49/100|[from] item: Leftovers
|upkeep
|
|t:|1758970613
|switch|p2a: Iron Valiant|Iron Valiant|100/100
|-enditem|p2a: Iron Valiant|Booster Energy
|-activate|p2a: Iron Valiant|ability: Quark Drive|[fromitem]
|-start|p2a: Iron Valiant|quarkdrivespe
|turn|6
|
|t:|1758970618
|move|p2a: Iron Valiant|Moonblast|p1a: Raikou
|-crit|p1a: Raikou
|-damage|p1a: Raikou|0 fnt
|faint|p1a: Raikou
|
|upkeep
|
|t:|1758970622
|switch|p1a: Skarmory|Skarmory, F|100/100
|turn|7
|
|t:|1758970628
|-end|p2a: Iron Valiant|Quark Drive|[silent]
|switch|p2a: Raging Bolt|Raging Bolt|100/100
|move|p1a: Skarmory|Body Press|p2a: Raging Bolt
|-damage|p2a: Raging Bolt|78/100
|
|-heal|p2a: Raging Bolt|85/100|[from] item: Leftovers
|upkeep
|turn|8
|
|t:|1758970634
|switch|p1a: Landorus|Landorus-Therian, M, shiny|100/100
|-ability|p1a: Landorus|Intimidate|boost
|-unboost|p2a: Raging Bolt|atk|1
|move|p2a: Raging Bolt|Calm Mind|p2a: Raging Bolt
|-boost|p2a: Raging Bolt|spa|1
|-boost|p2a: Raging Bolt|spd|1
|
|-heal|p2a: Raging Bolt|91/100|[from] item: Leftovers
|upkeep
|turn|9
|
|t:|1758970641
|-terastallize|p2a: Raging Bolt|Fairy
|move|p1a: Landorus|Earthquake|p2a: Raging Bolt
|-damage|p2a: Raging Bolt|18/100
|move|p2a: Raging Bolt|Dragon Pulse|p1a: Landorus
|-damage|p1a: Landorus|10/100
|
|-heal|p2a: Raging Bolt|24/100|[from] item: Leftovers
|upkeep
|turn|10
|
|t:|1758970650
|-end|p2a: Raging Bolt|Protosynthesis|[silent]
|switch|p2a: Great Tusk|Great Tusk|100/100
|move|p1a: Landorus|Earthquake|p2a: Great Tusk
|-damage|p2a: Great Tusk|49/100
|
|upkeep
|turn|11
|
|t:|1758970653
|move|p1a: Landorus|Earthquake|p2a: Great Tusk
|-damage|p2a: Great Tusk|0 fnt
|faint|p2a: Great Tusk
|-end|p2a: Great Tusk|Protosynthesis|[silent]
|
|upkeep
|
|t:|1758970657
|switch|p2a: Scizor|Scizor, M|100/100
|turn|12
|
|t:|1758970660
|switch|p1a: Skarmory|Skarmory, F|100/100
|move|p2a: Scizor|Bullet Punch|p1a: Skarmory
|-resisted|p1a: Skarmory
|-damage|p1a: Skarmory|86/100
|-damage|p2a: Scizor|84/100|[from] item: Rocky Helmet|[of] p1a: Skarmory
|
|upkeep
|turn|13
|
|t:|1758970665
|move|p1a: Skarmory|Brave Bird|p2a: Scizor
|-damage|p2a: Scizor|40/100
|-damage|p1a: Skarmory|70/100|[from] Recoil
|move|p2a: Scizor|Knock Off|p1a: Skarmory
|-damage|p1a: Skarmory|42/100
|-damage|p2a: Scizor|24/100|[from] item: Rocky Helmet|[of] p1a: Skarmory
|-enditem|p1a: Skarmory|Rocky Helmet|[from] move: Knock Off|[of] p2a: Scizor
|
|upkeep
|turn|14
|
|t:|1758970675
|switch|p2a: Raging Bolt|Raging Bolt, tera:Fairy|24/100
|move|p1a: Skarmory|Roost|p1a: Skarmory
|-heal|p1a: Skarmory|92/100
|-singleturn|p1a: Skarmory|move: Roost
|
|-heal|p2a: Raging Bolt|30/100|[from] item: Leftovers
|upkeep
|turn|15
|
|t:|1758970678
|move|p2a: Raging Bolt|Thunderclap|p1a: Skarmory
|-supereffective|p1a: Skarmory
|-damage|p1a: Skarmory|0 fnt
|faint|p1a: Skarmory
|
|-heal|p2a: Raging Bolt|36/100|[from] item: Leftovers
|upkeep
|
|t:|1758970681
|switch|p1a: Landorus|Landorus-Therian, M, shiny|10/100
|-ability|p1a: Landorus|Intimidate|boost
|-unboost|p2a: Raging Bolt|atk|1
|turn|16
|
|t:|1758970689
|-end|p2a: Raging Bolt|Protosynthesis|[silent]
|switch|p2a: Araquanid|Araquanid, F|100/100
|move|p1a: Landorus|Rock Slide|p2a: Araquanid
|-supereffective|p2a: Araquanid
|-damage|p2a: Araquanid|0 fnt
|faint|p2a: Araquanid
|
|upkeep
|
|t:|1758970697
|switch|p2a: Iron Valiant|Iron Valiant|100/100
|turn|17
|
|t:|1758970701
|switch|p1a: Suicune|Suicune|100/100
|-activate|p1a: Suicune|move: Sticky Web
|-unboost|p1a: Suicune|spe|1
|-ability|p1a: Suicune|Pressure
|move|p2a: Iron Valiant|Moonblast|p1a: Suicune
|-damage|p1a: Suicune|73/100
|
|upkeep
|turn|18
|
|t:|1758970705
|move|p2a: Iron Valiant|Calm Mind|p2a: Iron Valiant
|-boost|p2a: Iron Valiant|spa|1
|-boost|p2a: Iron Valiant|spd|1
|move|p1a: Suicune|Ice Beam|p2a: Iron Valiant
|-damage|p2a: Iron Valiant|76/100
|
|upkeep
|turn|19
|
|t:|1758970707
|move|p2a: Iron Valiant|Moonblast|p1a: Suicune
|-damage|p1a: Suicune|32/100
|move|p1a: Suicune|Scald|p2a: Iron Valiant
|-damage|p2a: Iron Valiant|46/100
|-status|p2a: Iron Valiant|brn
|
|-damage|p2a: Iron Valiant|40/100 brn|[from] brn
|upkeep
|turn|20
|
|t:|1758970712
|move|p2a: Iron Valiant|Moonblast|p1a: Suicune
|-damage|p1a: Suicune|0 fnt
|faint|p1a: Suicune
|
|-damage|p2a: Iron Valiant|34/100 brn|[from] brn
|upkeep
|
|t:|1758970716
|switch|p1a: Dragonite|Dragonite, M, shiny|100/100
|turn|21
|
|t:|1758970719
|-terastallize|p1a: Dragonite|Normal
|move|p1a: Dragonite|Extreme Speed|p2a: Iron Valiant
|-damage|p2a: Iron Valiant|0 fnt
|faint|p2a: Iron Valiant
|-end|p2a: Iron Valiant|Quark Drive|[silent]
|
|upkeep
|
|t:|1758970724
|switch|p2a: Scizor|Scizor, M|24/100
|turn|22
|
|t:|1758970726
|move|p1a: Dragonite|Extreme Speed|p2a: Scizor
|-resisted|p2a: Scizor
|-damage|p2a: Scizor|0 fnt
|faint|p2a: Scizor
|
|upkeep
|c|☆CountryBoyz|Light work
|-message|Tsaun forfeited.
|
|win|CountryBoyz
|raw|CountryBoyz's rating: 1366 &rarr; <strong>1386</strong><br />(+20 for winning)
|raw|Tsaun's rating: 1371 &rarr; <strong>1351</strong><br />(-20 for losing)
|l|‽Tsaun
|player|p2|
