|j|☆beerbythepint
|j|☆Paradox Luxray
|t:|1759032527
|gametype|singles
|player|p1|beerbythepint|ruinmaniac|1137
|player|p2|Paradox Luxray|colress|1180
|gen|9
|tier|[Gen 9] OU
|rated|
|rule|HP Percentage Mod: HP is shown in percentages
|rule|Endless Battle Clause: Forcing endless battles is banned
|rule|Species Clause: Limit one of each Pokémon
|rule|OHKO Clause: OHKO moves are banned
|rule|Evasion Items Clause: Evasion items are banned
|rule|Evasion Moves Clause: Evasion moves are banned
|rule|Evasion Abilities Clause: Evasion abilities are banned
|rule|Sleep Moves Clause: Sleep-inducing moves are banned
|clearpoke
|poke|p1|Mudsdale, M|
|poke|p1|Galvantula, M|
|poke|p1|Fezandipiti, M|
|poke|p1|Araquanid, M|
|poke|p1|Braviary, M|
|poke|p1|Haxorus, M|
|poke|p2|Iron Moth|
|poke|p2|Slowking-Galar, F|
|poke|p2|Dragonite, M|
|poke|p2|Kingambit, F|
|poke|p2|Quaquaval, M|
|poke|p2|Landorus-Therian, M|
|teampreview
|
|t:|1759032537
|teamsize|p1|6
|teamsize|p2|6
|start
|switch|p1a: Haxorus|Haxorus, M, shiny|100/100
|switch|p2a: Dragonite|Dragonite, M|100/100
|-ability|p1a: Haxorus|Mold Breaker
|turn|1
|
|t:|1759032545
|-terastallize|p1a: Haxorus|Dragon
|move|p1a: Haxorus|Outrage|p2a: Dragonite
|-supereffective|p2a: Dragonite
|-crit|p2a: Dragonite
|-damage|p2a: Dragonite|0 fnt
|faint|p2a: Dragonite
|
|upkeep
|
|t:|1759032555
|switch|p2a: Landorus|Landorus-Therian, M|100/100
|-ability|p2a: Landorus|Intimidate|boost
|-unboost|p1a: Haxorus|atk|1
|turn|2
|
|t:|1759032560
|move|p1a: Haxorus|Outrage|p2a: Landorus|[from] lockedmove
|-damage|p2a: Landorus|45/100
|-damage|p1a: Haxorus|84/100|[from] item: Rocky Helmet|[of] p2a: Landorus
|-start|p1a: Haxorus|confusion|[fatigue]
|move|p2a: Landorus|Earth Power|p1a: Haxorus
|-damage|p1a: Haxorus|36/100
|
|upkeep
|turn|3
|
|t:|1759032571
|switch|p1a: Araquanid|Araquanid, M, shiny|100/100
|move|p2a: Landorus|Earth Power|p1a: Araquanid
|-resisted|p1a: Araquanid
|-crit|p1a: Araquanid
|-damage|p1a: Araquanid|78/100
|
|upkeep
|turn|4
|
|t:|1759032577
|move|p2a: Landorus|Taunt|p1a: Araquanid
|-start|p1a: Araquanid|move: Taunt
|move|p1a: Araquanid|Surf|p2a: Landorus
|-supereffective|p2a: Landorus
|-damage|p2a: Landorus|0 fnt
|faint|p2a: Landorus
|
|upkeep
|
|t:|1759032586
|switch|p2a: Iron Moth|Iron Moth|100/100
|turn|5
|
|t:|1759032594
|move|p2a: Iron Moth|Sludge Wave|p1a: Araquanid
|-damage|p1a: Araquanid|7/100
|-status|p1a: Araquanid|psn
|move|p1a: Araquanid|Surf|p2a: Iron Moth
|-supereffective|p2a: Iron Moth
|-damage|p2a: Iron Moth|0 fnt
|faint|p2a: Iron Moth
|-end|p2a: Iron Moth|Quark Drive|[silent]
|
|-damage|p1a: Araquanid|0 fnt|[from] psn
|faint|p1a: Araquanid
|upkeep
|
|t:|1759032608
|switch|p2a: Quaquaval|Quaquaval, M|100/100
|switch|p1a: Braviary|Braviary, M|100/100
|turn|6
|
|t:|1759032617
|switch|p2a: Kingambit|Kingambit, F|100/100
|-activate|p2a: Kingambit|ability: Supreme Overlord
|-start|p2a: Kingambit|fallen3|[silent]
|switch|p1a: Galvantula|Galvantula, M, shiny|100/100
|
|upkeep
|turn|7
|
|t:|1759032628
|move|p1a: Galvantula|X-Scissor|p2a: Kingambit
|-damage|p2a: Kingambit|77/100
|move|p2a: Kingambit|Kowtow Cleave|p1a: Galvantula
|-damage|p1a: Galvantula|0 fnt
|faint|p1a: Galvantula
|
|-heal|p2a: Kingambit|83/100|[from] item: Leftovers
|upkeep
|
|t:|1759032638
|switch|p1a: Mudsdale|Mudsdale, M|100/100
|turn|8
|
|t:|1759032641
|-end|p2a: Kingambit|fallen3|[silent]
|switch|p2a: Quaquaval|Quaquaval, M|100/100
|move|p1a: Mudsdale|Superpower|p2a: Quaquaval
|-damage|p2a: Quaquaval|41/100
|-unboost|p1a: Mudsdale|atk|1
|-unboost|p1a: Mudsdale|def|1
|
|upkeep
|turn|9
|
|t:|1759032649
|move|p2a: Quaquaval|Aqua Step|p1a: Mudsdale
|-supereffective|p1a: Mudsdale
|-damage|p1a: Mudsdale|9/100
|-boost|p2a: Quaquaval|spe|1
|-ability|p1a: Mudsdale|Stamina|boost
|-boost|p1a: Mudsdale|def|1
|move|p1a: Mudsdale|Superpower|p2a: Quaquaval
|-damage|p2a: Quaquaval|5/100
|-unboost|p1a: Mudsdale|atk|1
|-unboost|p1a: Mudsdale|def|1
|
|upkeep
|turn|10
|
|t:|1759032666
|switch|p1a: Fezandipiti|Fezandipiti, M|100/100
|move|p2a: Quaquaval|Aqua Step|p1a: Fezandipiti
|-damage|p1a: Fezandipiti|45/100
|-boost|p2a: Quaquaval|spe|1
|
|-heal|p1a: Fezandipiti|51/100|[from] item: Black Sludge
|upkeep
|turn|11
|
|t:|1759032693
|move|p2a: Quaquaval|Aqua Step|p1a: Fezandipiti
|-damage|p1a: Fezandipiti|0 fnt
|-boost|p2a: Quaquaval|spe|1
|faint|p1a: Fezandipiti
|-ability|p2a: Quaquaval|Moxie|boost
|-boost|p2a: Quaquaval|atk|1
|
|upkeep
|
|t:|1759032700
|switch|p1a: Braviary|Braviary, M|100/100
|turn|12
|
|t:|1759032713
|move|p2a: Quaquaval|Close Combat|p1a: Braviary
|-damage|p1a: Braviary|0 fnt
|-unboost|p2a: Quaquaval|def|1
|-unboost|p2a: Quaquaval|spd|1
|faint|p1a: Braviary
|-ability|p2a: Quaquaval|Moxie|boost
|-boost|p2a: Quaquaval|atk|1
|
|upkeep
|
|t:|1759032721
|switch|p1a: Haxorus|Haxorus, M, shiny, tera:Dragon|36/100
|-ability|p1a: Haxorus|Mold Breaker
|turn|13
|
|t:|1759032726
|move|p2a: Quaquaval|Aqua Step|p1a: Haxorus
|-resisted|p1a: Haxorus
|-damage|p1a: Haxorus|0 fnt
|-boost|p2a: Quaquaval|spe|1
|faint|p1a: Haxorus
|-ability|p2a: Quaquaval|Moxie|boost
|-boost|p2a: Quaquaval|atk|1
|
|upkeep
|-message|beerbythepint forfeited.
|
|win|Paradox Luxray
|raw|beerbythepint's rating: 1137 &rarr; <strong>1115</strong><br />(-22 for losing)
|raw|Paradox Luxray's rating: 1180 &rarr; <strong>1202</strong><br />(+22 for winning)
|l|☆beerbythepint
|player|p1|
|l|☆Paradox Luxray
|player|p2|
