|j|‽Sailor Neub
|j|☆caterpeace
|t:|1759007921
|gametype|singles
|player|p1|Sailor Neub|1|1118
|player|p2|caterpeace|marshal|1155
|gen|9
|tier|[Gen 9] OU
|rated|
|rule|HP Percentage Mod: HP is shown in percentages
|rule|Endless Battle Clause: Forcing endless battles is banned
|rule|Species Clause: Limit one of each Pokémon
|rule|OHKO Clause: OHKO moves are banned
|rule|Evasion Items Clause: Evasion items are banned
|rule|Evasion Moves Clause: Evasion moves are banned
|rule|Evasion Abilities Clause: Evasion abilities are banned
|rule|Sleep Moves Clause: Sleep-inducing moves are banned
|clearpoke
|poke|p1|Cinderace, M|
|poke|p1|Dragapult, M|
|poke|p1|Garganacl, M|
|poke|p1|Gliscor, M|
|poke|p1|Kingambit, M|
|poke|p1|Primarina, F|
|poke|p2|Quaquaval, F|
|poke|p2|Iron Treads|
|poke|p2|Scizor, F|
|poke|p2|Porygon-Z|
|poke|p2|Sylveon, M|
|poke|p2|Chandelure, M|
|teampreview
|inactive|Battle timer is ON: inactive players will automatically lose when time's up. (requested by caterpeace)
|
|t:|1759007935
|teamsize|p1|6
|teamsize|p2|6
|start
|switch|p1a: Cinderace|Cinderace, M|100/100
|switch|p2a: Quaquaval|Quaquaval, F|100/100
|turn|1
|
|t:|1759007944
|move|p1a: Cinderace|U-turn|p2a: Quaquaval
|-start|p1a: Cinderace|typechange|Bug|[from] ability: Libero
|-resisted|p2a: Quaquaval
|-damage|p2a: Quaquaval|82/100
|
|t:|1759007948
|switch|p1a: Primarina|Primarina, F|100/100|[from] U-turn
|move|p2a: Quaquaval|Swords Dance|p2a: Quaquaval
|-boost|p2a: Quaquaval|atk|2
|
|upkeep
|turn|2
|
|t:|1759007956
|-terastallize|p2a: Quaquaval|Water
|move|p2a: Quaquaval|Aqua Step|p1a: Primarina
|-resisted|p1a: Primarina
|-damage|p1a: Primarina|60/100
|-boost|p2a: Quaquaval|spe|1
|move|p1a: Primarina|Draining Kiss|p2a: Quaquaval
|-damage|p2a: Quaquaval|55/100
|-heal|p1a: Primarina|78/100|[from] drain|[of] p2a: Quaquaval
|
|-heal|p1a: Primarina|84/100|[from] item: Leftovers
|upkeep
|turn|3
|
|t:|1759007967
|move|p2a: Quaquaval|Swords Dance|p2a: Quaquaval
|-boost|p2a: Quaquaval|atk|2
|move|p1a: Primarina|Calm Mind|p1a: Primarina
|-boost|p1a: Primarina|spa|1
|-boost|p1a: Primarina|spd|1
|
|-heal|p1a: Primarina|90/100|[from] item: Leftovers
|upkeep
|turn|4
|
|t:|1759007972
|move|p2a: Quaquaval|Aqua Step|p1a: Primarina
|-resisted|p1a: Primarina
|-damage|p1a: Primarina|31/100
|-boost|p2a: Quaquaval|spe|1
|move|p1a: Primarina|Draining Kiss|p2a: Quaquaval
|-damage|p2a: Quaquaval|9/100
|-heal|p1a: Primarina|60/100|[from] drain|[of] p2a: Quaquaval
|
|-heal|p1a: Primarina|66/100|[from] item: Leftovers
|upkeep
|turn|5
|
|t:|1759007978
|move|p2a: Quaquaval|Aqua Step|p1a: Primarina
|-resisted|p1a: Primarina
|-damage|p1a: Primarina|0 fnt
|-boost|p2a: Quaquaval|spe|1
|faint|p1a: Primarina
|-ability|p2a: Quaquaval|Moxie|boost
|-boost|p2a: Quaquaval|atk|1
|
|upkeep
|
|t:|1759007985
|switch|p1a: Kingambit|Kingambit, M|100/100
|-activate|p1a: Kingambit|ability: Supreme Overlord
|-start|p1a: Kingambit|fallen1|[silent]
|turn|6
|
|t:|1759007987
|move|p2a: Quaquaval|Aqua Jet|p1a: Kingambit
|-damage|p1a: Kingambit|28/100
|move|p1a: Kingambit|Sucker Punch||[still]
|-fail|p1a: Kingambit
|
|-heal|p1a: Kingambit|34/100|[from] item: Leftovers
|upkeep
|turn|7
|-message|Sailor Neub forfeited.
|
|win|caterpeace
|raw|Sailor Neub's rating: 1118 &rarr; <strong>1096</strong><br />(-22 for losing)
|raw|caterpeace's rating: 1155 &rarr; <strong>1177</strong><br />(+22 for winning)
|l|‽Sailor Neub
|player|p1|
