|j|☆GambamamanI
|j|☆jpkeeks
|t:|1758949599
|gametype|singles
|player|p1|GambamamanI|266|1414
|player|p2|jpkeeks|101|1467
|gen|9
|tier|[Gen 9] OU
|rated|
|rule|HP Percentage Mod: HP is shown in percentages
|rule|Endless Battle Clause: Forcing endless battles is banned
|rule|Species Clause: Limit one of each Pokémon
|rule|OHKO Clause: OHKO moves are banned
|rule|Evasion Items Clause: Evasion items are banned
|rule|Evasion Moves Clause: Evasion moves are banned
|rule|Evasion Abilities Clause: Evasion abilities are banned
|rule|Sleep Moves Clause: Sleep-inducing moves are banned
|clearpoke
|poke|p1|Samurott-Hisui, F|
|poke|p1|Great Tusk|
|poke|p1|Volcanion|
|poke|p1|Hydrapple, M|
|poke|p1|Gholdengo|
|poke|p1|Landorus-Therian, M|
|poke|p2|Meowscarada, M|
|poke|p2|Cinderace, M|
|poke|p2|Great Tusk|
|poke|p2|Ting-Lu|
|poke|p2|Latios, M|
|poke|p2|Pecharunt|
|teampreview
|inactive|Battle timer is ON: inactive players will automatically lose when time's up. (requested by GambamamanI)
|inactive|GambamamanI has 120 seconds left.
|
|t:|1758949638
|teamsize|p1|6
|teamsize|p2|6
|start
|switch|p1a: Volcanion|Volcanion|100/100
|switch|p2a: Meowscarada|Meowscarada, M|100/100
|turn|1
|
|t:|1758949656
|move|p2a: Meowscarada|U-turn|p1a: Volcanion
|-start|p2a: Meowscarada|typechange|Bug|[from] ability: Protean
|-resisted|p1a: Volcanion
|-damage|p1a: Volcanion|88/100
|
|t:|1758949661
|switch|p2a: Ting-Lu|Ting-Lu|100/100|[from] U-turn
|-ability|p2a: Ting-Lu|Vessel of Ruin
|move|p1a: Volcanion|Will-O-Wisp|p2a: Ting-Lu
|-status|p2a: Ting-Lu|brn
|
|-damage|p2a: Ting-Lu|94/100 brn|[from] brn
|upkeep
|turn|2
|
|t:|1758949671
|move|p1a: Volcanion|Steam Eruption|p2a: Ting-Lu
|-supereffective|p2a: Ting-Lu
|-damage|p2a: Ting-Lu|45/100 brn
|move|p2a: Ting-Lu|Stealth Rock|p1a: Volcanion
|-sidestart|p1: GambamamanI|move: Stealth Rock
|
|-heal|p2a: Ting-Lu|51/100 brn|[from] item: Leftovers
|-damage|p2a: Ting-Lu|45/100 brn|[from] brn
|upkeep
|turn|3
|
|t:|1758949678
|switch|p2a: Latios|Latios, M|100/100
|move|p1a: Volcanion|Steam Eruption|p2a: Latios
|-resisted|p2a: Latios
|-crit|p2a: Latios
|-damage|p2a: Latios|59/100
|-status|p2a: Latios|brn
|
|-damage|p2a: Latios|53/100 brn|[from] brn
|upkeep
|turn|4
|
|t:|1758949690
|move|p2a: Latios|Draco Meteor|p1a: Volcanion
|-damage|p1a: Volcanion|0 fnt
|-unboost|p2a: Latios|spa|2
|faint|p1a: Volcanion
|
|-damage|p2a: Latios|47/100 brn|[from] brn
|upkeep
|
|t:|1758949697
|switch|p1a: Samurott|Samurott-Hisui, F|100/100
|-damage|p1a: Samurott|88/100|[from] Stealth Rock
|turn|5
|
|t:|1758949701
|switch|p2a: Great Tusk|Great Tusk|100/100
|move|p1a: Samurott|Ceaseless Edge|p2a: Great Tusk
|-resisted|p2a: Great Tusk
|-damage|p2a: Great Tusk|86/100
|-damage|p1a: Samurott|72/100|[from] item: Rocky Helmet|[of] p2a: Great Tusk
|-sidestart|p2: jpkeeks|Spikes
|
|upkeep
|turn|6
|
|t:|1758949707
|move|p2a: Great Tusk|Ice Spinner|p1a: Samurott
|-resisted|p1a: Samurott
|-damage|p1a: Samurott|58/100
|move|p1a: Samurott|Razor Shell|p2a: Great Tusk
|-supereffective|p2a: Great Tusk
|-damage|p2a: Great Tusk|20/100
|-damage|p1a: Samurott|41/100|[from] item: Rocky Helmet|[of] p2a: Great Tusk
|
|upkeep
|turn|7
|
|t:|1758949717
|move|p2a: Great Tusk|Ice Spinner|p1a: Samurott
|-resisted|p1a: Samurott
|-damage|p1a: Samurott|27/100
|move|p1a: Samurott|Ceaseless Edge|p2a: Great Tusk
|-resisted|p2a: Great Tusk
|-damage|p2a: Great Tusk|6/100
|-damage|p1a: Samurott|11/100|[from] item: Rocky Helmet|[of] p2a: Great Tusk
|-sidestart|p2: jpkeeks|Spikes
|
|upkeep
|turn|8
|
|t:|1758949722
|-end|p2a: Great Tusk|Protosynthesis|[silent]
|switch|p2a: Meowscarada|Meowscarada, M|100/100
|-damage|p2a: Meowscarada|84/100|[from] Spikes
|move|p1a: Samurott|Sucker Punch||[still]
|-fail|p1a: Samurott
|
|upkeep
|turn|9
|
|t:|1758949728
|move|p1a: Samurott|Sucker Punch|p2a: Meowscarada
|-resisted|p2a: Meowscarada
|-damage|p2a: Meowscarada|63/100
|move|p2a: Meowscarada|U-turn|p1a: Samurott
|-start|p2a: Meowscarada|typechange|Bug|[from] ability: Protean
|-supereffective|p1a: Samurott
|-damage|p1a: Samurott|0 fnt
|faint|p1a: Samurott
|
|t:|1758949734
|switch|p2a: Latios|Latios, M|47/100 brn|[from] U-turn
|
|-damage|p2a: Latios|41/100 brn|[from] brn
|upkeep
|
|t:|1758949741
|switch|p1a: Landorus|Landorus-Therian, M|100/100
|-damage|p1a: Landorus|88/100|[from] Stealth Rock
|-ability|p1a: Landorus|Intimidate|boost
|-unboost|p2a: Latios|atk|1
|turn|10
|
|t:|1758949751
|switch|p2a: Great Tusk|Great Tusk|6/100
|-damage|p2a: Great Tusk|0 fnt|[from] Spikes
|faint|p2a: Great Tusk
|-end|p2a: Great Tusk|Protosynthesis|[silent]
|move|p1a: Landorus|U-turn|p2: Great Tusk|[notarget]
|-fail|p1a: Landorus
|
|upkeep
|
|t:|1758949752
|switch|p2a: Meowscarada|Meowscarada, M|63/100
|-damage|p2a: Meowscarada|46/100|[from] Spikes
|turn|11
|
|t:|1758949763
|switch|p1a: Gholdengo|Gholdengo|100/100
|-damage|p1a: Gholdengo|94/100|[from] Stealth Rock
|-item|p1a: Gholdengo|Air Balloon
|move|p2a: Meowscarada|Knock Off|p1a: Gholdengo
|-start|p2a: Meowscarada|typechange|Dark|[from] ability: Protean
|-supereffective|p1a: Gholdengo
|-damage|p1a: Gholdengo|10/100
|-enditem|p1a: Gholdengo|Air Balloon
|
|upkeep
|turn|12
|
|t:|1758949767
|move|p2a: Meowscarada|Knock Off|p1a: Gholdengo
|-supereffective|p1a: Gholdengo
|-damage|p1a: Gholdengo|0 fnt
|faint|p1a: Gholdengo
|
|upkeep
|
|t:|1758949772
|switch|p1a: Great Tusk|Great Tusk|100/100
|turn|13
|
|t:|1758949778
|switch|p2a: Pecharunt|Pecharunt|100/100
|-item|p2a: Pecharunt|Air Balloon
|move|p1a: Great Tusk|Ice Spinner|p2a: Pecharunt
|-damage|p2a: Pecharunt|84/100
|-enditem|p2a: Pecharunt|Air Balloon
|
|upkeep
|turn|14
|
|t:|1758949781
|-terastallize|p2a: Pecharunt|Ghost
|move|p2a: Pecharunt|Malignant Chain|p1a: Great Tusk
|-resisted|p1a: Great Tusk
|-damage|p1a: Great Tusk|76/100
|move|p1a: Great Tusk|Headlong Rush|p2a: Pecharunt
|-damage|p2a: Pecharunt|49/100
|-unboost|p1a: Great Tusk|def|1
|-unboost|p1a: Great Tusk|spd|1
|
|upkeep
|turn|15
|
|t:|1758949804
|-end|p1a: Great Tusk|Protosynthesis|[silent]
|switch|p1a: Hydrapple|Hydrapple, M|100/100
|-damage|p1a: Hydrapple|88/100|[from] Stealth Rock
|move|p2a: Pecharunt|Recover|p2a: Pecharunt
|-heal|p2a: Pecharunt|99/100
|
|upkeep
|turn|16
|
|t:|1758949810
|-terastallize|p1a: Hydrapple|Steel
|move|p2a: Pecharunt|Malignant Chain|p1a: Hydrapple
|-immune|p1a: Hydrapple
|move|p1a: Hydrapple|Nasty Plot|p1a: Hydrapple
|-boost|p1a: Hydrapple|spa|2
|
|upkeep
|turn|17
|
|t:|1758949818
|move|p2a: Pecharunt|Parting Shot|p1a: Hydrapple
|-unboost|p1a: Hydrapple|atk|1
|-unboost|p1a: Hydrapple|spa|1
|
|t:|1758949820
|switch|p2a: Ting-Lu|Ting-Lu|45/100 brn|[from] Parting Shot
|-damage|p2a: Ting-Lu|29/100 brn|[from] Spikes
|-ability|p2a: Ting-Lu|Vessel of Ruin
|move|p1a: Hydrapple|Fickle Beam|p2a: Ting-Lu
|-crit|p2a: Ting-Lu
|-damage|p2a: Ting-Lu|0 fnt
|faint|p2a: Ting-Lu
|
|upkeep
|
|t:|1758949821
|switch|p2a: Cinderace|Cinderace, M|100/100
|-damage|p2a: Cinderace|84/100|[from] Spikes
|turn|18
|
|t:|1758949828
|switch|p1a: Landorus|Landorus-Therian, M|88/100
|-damage|p1a: Landorus|76/100|[from] Stealth Rock
|-ability|p1a: Landorus|Intimidate|boost
|-unboost|p2a: Cinderace|atk|1
|move|p2a: Cinderace|Pyro Ball|p1a: Landorus
|-damage|p1a: Landorus|15/100
|
|upkeep
|turn|19
|
|t:|1758949849
|switch|p2a: Pecharunt|Pecharunt, tera:Ghost|99/100
|-damage|p2a: Pecharunt|82/100|[from] Spikes
|move|p1a: Landorus|Earthquake|p2a: Pecharunt
|-damage|p2a: Pecharunt|49/100
|
|upkeep
|turn|20
|
|t:|1758949854
|move|p1a: Landorus|Earthquake|p2a: Pecharunt
|-damage|p2a: Pecharunt|17/100
|move|p2a: Pecharunt|Recover|p2a: Pecharunt
|-heal|p2a: Pecharunt|67/100
|
|upkeep
|turn|21
|
|t:|1758949861
|move|p1a: Landorus|Earthquake|p2a: Pecharunt
|-damage|p2a: Pecharunt|30/100
|move|p2a: Pecharunt|Recover|p2a: Pecharunt
|-heal|p2a: Pecharunt|80/100
|
|upkeep
|turn|22
|
|t:|1758949864
|move|p1a: Landorus|Earthquake|p2a: Pecharunt
|-damage|p2a: Pecharunt|45/100
|move|p2a: Pecharunt|Shadow Ball|p1a: Landorus
|-crit|p1a: Landorus
|-damage|p1a: Landorus|0 fnt
|faint|p1a: Landorus
|
|upkeep
|
|t:|1758949869
|switch|p1a: Hydrapple|Hydrapple, M, tera:Steel|100/100
|-damage|p1a: Hydrapple|94/100|[from] Stealth Rock
|turn|23
|
|t:|1758949877
|move|p2a: Pecharunt|Shadow Ball|p1a: Hydrapple
|-damage|p1a: Hydrapple|61/100
|move|p1a: Hydrapple|Fickle Beam|p2a: Pecharunt
|-damage|p2a: Pecharunt|16/100
|
|upkeep
|turn|24
|
|t:|1758949882
|move|p2a: Pecharunt|Recover|p2a: Pecharunt
|-heal|p2a: Pecharunt|66/100
|move|p1a: Hydrapple|Giga Drain|p2a: Pecharunt
|-damage|p2a: Pecharunt|35/100
|-heal|p1a: Hydrapple|75/100|[from] drain|[of] p2a: Pecharunt
|
|upkeep
|turn|25
|
|t:|1758949888
|move|p2a: Pecharunt|Shadow Ball|p1a: Hydrapple
|-damage|p1a: Hydrapple|42/100
|move|p1a: Hydrapple|Nasty Plot|p1a: Hydrapple
|-boost|p1a: Hydrapple|spa|2
|
|upkeep
|turn|26
|
|t:|1758949890
|move|p2a: Pecharunt|Shadow Ball|p1a: Hydrapple
|-damage|p1a: Hydrapple|7/100
|move|p1a: Hydrapple|Giga Drain|p2a: Pecharunt
|-damage|p2a: Pecharunt|0 fnt
|-heal|p1a: Hydrapple|23/100|[from] drain|[of] p2a: Pecharunt
|faint|p2a: Pecharunt
|
|upkeep
|
|t:|1758949893
|switch|p2a: Latios|Latios, M|41/100 brn
|turn|27
|
|t:|1758949899
|move|p2a: Latios|Luster Purge|p1a: Hydrapple
|-resisted|p1a: Hydrapple
|-damage|p1a: Hydrapple|0 fnt
|faint|p1a: Hydrapple
|
|-damage|p2a: Latios|35/100 brn|[from] brn
|upkeep
|
|t:|1758949901
|switch|p1a: Great Tusk|Great Tusk|76/100
|turn|28
|
|t:|1758949903
|move|p2a: Latios|Luster Purge|p1a: Great Tusk
|-supereffective|p1a: Great Tusk
|-damage|p1a: Great Tusk|0 fnt
|faint|p1a: Great Tusk
|-end|p1a: Great Tusk|Protosynthesis|[silent]
|
|win|jpkeeks
|raw|GambamamanI's rating: 1414 &rarr; <strong>1397</strong><br />(-17 for losing)
|raw|jpkeeks's rating: 1467 &rarr; <strong>1484</strong><br />(+17 for winning)
|l|☆GambamamanI
|player|p1|
