|badge|p2|bronze|gen9ou|100-6
|html|<div class="broadcast-red"><strong>This battle is required to be public due to one or more player having a season medal.</strong><br />During the public phase, you can discuss the state of the ladder <a href="/seasondiscussion">in a special chatroom.</a></div>
|uhtml|medal-msg|<div class="broadcast-blue">Curious what those medals under the avatar are? PS now has Ladder Seasons! For more information, check out the <a href="https://www.smogon.com/forums/threads/3740067/">thread on Smogon.</a></div>
|j|☆Crooksieee
|j|☆JackRG1
|t:|1759033208
|gametype|singles
|player|p1|Crooksieee|170|1668
|player|p2|JackRG1|dawn-gen4pt|1882
|gen|9
|tier|[Gen 9] OU
|rated|
|rule|HP Percentage Mod: HP is shown in percentages
|rule|Endless Battle Clause: Forcing endless battles is banned
|rule|Species Clause: Limit one of each Pokémon
|rule|OHKO Clause: OHKO moves are banned
|rule|Evasion Items Clause: Evasion items are banned
|rule|Evasion Moves Clause: Evasion moves are banned
|rule|Evasion Abilities Clause: Evasion abilities are banned
|rule|Sleep Moves Clause: Sleep-inducing moves are banned
|clearpoke
|poke|p1|Scizor, M|
|poke|p1|Glimmora, F|
|poke|p1|Samurott-Hisui, M|
|poke|p1|Great Tusk|
|poke|p1|Gholdengo|
|poke|p1|Dragapult, F|
|poke|p2|Weezing-Galar, F|
|poke|p2|Ting-Lu|
|poke|p2|Corviknight, F|
|poke|p2|Skeledirge, M|
|poke|p2|Dragapult, F|
|poke|p2|Ogerpon-Wellspring, F|
|teampreview
|inactive|Battle timer is ON: inactive players will automatically lose when time's up. (requested by JackRG1)
|
|t:|1759033226
|teamsize|p1|6
|teamsize|p2|6
|start
|switch|p1a: Gholdengo|Gholdengo|100/100
|switch|p2a: Dragapult|Dragapult, F|100/100
|turn|1
|
|t:|1759033235
|switch|p2a: Ogerpon|Ogerpon-Wellspring, F|100/100
|switch|p1a: Samurott|Samurott-Hisui, M|100/100
|
|upkeep
|turn|2
|
|t:|1759033242
|move|p2a: Ogerpon|Knock Off|p1a: Samurott
|-resisted|p1a: Samurott
|-damage|p1a: Samurott|80/100
|-enditem|p1a: Samurott|Assault Vest|[from] move: Knock Off|[of] p2a: Ogerpon
|move|p1a: Samurott|Ceaseless Edge|p2a: Ogerpon
|-damage|p2a: Ogerpon|48/100
|-sidestart|p2: JackRG1|Spikes
|
|upkeep
|turn|3
|
|t:|1759033250
|switch|p2a: GAS.|Weezing-Galar, F|100/100
|-ability|p2a: GAS.|Neutralizing Gas
|move|p1a: Samurott|Ceaseless Edge|p2a: GAS.
|-resisted|p2a: GAS.
|-damage|p2a: GAS.|89/100
|-sidestart|p2: JackRG1|Spikes
|
|upkeep
|turn|4
|
|t:|1759033260
|switch|p1a: Gholdengo|Gholdengo|100/100
|move|p2a: GAS.|Defog|p1a: Gholdengo
|-unboost|p1a: Gholdengo|evasion|1
|-sideend|p2: JackRG1|Spikes|[from] move: Defog|[of] p2a: GAS.
|
|upkeep
|turn|5
|j| cryyysneasel
|
|t:|1759033270
|-end|p2a: GAS.|ability: Neutralizing Gas
|switch|p2a: Ogerpon|Ogerpon-Wellspring, F|48/100
|move|p1a: Gholdengo|Make It Rain|p2a: Ogerpon
|-resisted|p2a: Ogerpon
|-damage|p2a: Ogerpon|16/100
|-unboost|p1a: Gholdengo|spa|1
|
|upkeep
|turn|6
|
|t:|1759033282
|switch|p2a: Ting-Lu|Ting-Lu, shiny|100/100
|-ability|p2a: Ting-Lu|Vessel of Ruin
|switch|p1a: Samurott|Samurott-Hisui, M|80/100
|
|upkeep
|turn|7
|
|t:|1759033292
|-terastallize|p2a: Ting-Lu|Fairy
|move|p1a: Samurott|Ceaseless Edge|p2a: Ting-Lu
|-resisted|p2a: Ting-Lu
|-crit|p2a: Ting-Lu
|-damage|p2a: Ting-Lu|82/100
|-sidestart|p2: JackRG1|Spikes
|move|p2a: Ting-Lu|Earthquake|p1a: Samurott
|-damage|p1a: Samurott|39/100
|
|-heal|p2a: Ting-Lu|88/100|[from] item: Leftovers
|upkeep
|turn|8
|
|t:|1759033306
|move|p1a: Samurott|Ceaseless Edge|p2a: Ting-Lu
|-resisted|p2a: Ting-Lu
|-damage|p2a: Ting-Lu|74/100
|-sidestart|p2: JackRG1|Spikes
|move|p2a: Ting-Lu|Stealth Rock|p1a: Samurott
|-sidestart|p1: Crooksieee|move: Stealth Rock
|
|-heal|p2a: Ting-Lu|80/100|[from] item: Leftovers
|upkeep
|turn|9
|
|t:|1759033321
|move|p1a: Samurott|Aqua Cutter|p2a: Ting-Lu
|-damage|p2a: Ting-Lu|49/100
|move|p2a: Ting-Lu|Earthquake|p1a: Samurott
|-damage|p1a: Samurott|0 fnt
|faint|p1a: Samurott
|
|-heal|p2a: Ting-Lu|55/100|[from] item: Leftovers
|upkeep
|
|t:|1759033335
|switch|p1a: Glimmora|Glimmora, F|100/100
|-damage|p1a: Glimmora|88/100|[from] Stealth Rock
|turn|10
|
|t:|1759033340
|move|p1a: Glimmora|Sludge Wave|p2a: Ting-Lu
|-supereffective|p2a: Ting-Lu
|-damage|p2a: Ting-Lu|11/100
|move|p2a: Ting-Lu|Earthquake|p1a: Glimmora
|-supereffective|p1a: Glimmora
|-damage|p1a: Glimmora|0 fnt
|-activate|p1a: Glimmora|ability: Toxic Debris
|-sidestart|p2: JackRG1|move: Toxic Spikes
|faint|p1a: Glimmora
|
|-heal|p2a: Ting-Lu|17/100|[from] item: Leftovers
|upkeep
|
|t:|1759033352
|switch|p1a: Scizor|Scizor, M|100/100
|-damage|p1a: Scizor|88/100|[from] Stealth Rock
|turn|11
|
|t:|1759033356
|switch|p2a: Corviknight|Corviknight, F|100/100
|-ability|p2a: Corviknight|Pressure
|move|p1a: Scizor|Swords Dance|p1a: Scizor
|-boost|p1a: Scizor|atk|2
|
|upkeep
|turn|12
|
|t:|1759033365
|switch|p1a: Gholdengo|Gholdengo|100/100
|-damage|p1a: Gholdengo|94/100|[from] Stealth Rock
|move|p2a: Corviknight|Iron Defense|p2a: Corviknight
|-boost|p2a: Corviknight|def|2
|
|upkeep
|turn|13
|
|t:|1759033374
|move|p2a: Corviknight|U-turn|p1a: Gholdengo
|-resisted|p1a: Gholdengo
|-damage|p1a: Gholdengo|91/100
|
|t:|1759033376
|switch|p2a: Ting-Lu|Ting-Lu, shiny, tera:Fairy|17/100|[from] U-turn
|-damage|p2a: Ting-Lu|0 fnt|[from] Spikes
|faint|p2a: Ting-Lu
|move|p1a: Gholdengo|Thunder Wave|p2: Ting-Lu|[notarget]
|-fail|p1a: Gholdengo
|
|upkeep
|
|t:|1759033384
|switch|p2a: Skeledirge|Skeledirge, M|100/100
|turn|14
|
|t:|1759033391
|move|p1a: Gholdengo|Thunder Wave|p2a: Skeledirge
|-status|p2a: Skeledirge|par
|cant|p2a: Skeledirge|par
|
|upkeep
|turn|15
|
|t:|1759033397
|move|p1a: Gholdengo|Shadow Ball|p2a: Skeledirge
|-supereffective|p2a: Skeledirge
|-damage|p2a: Skeledirge|36/100 par
|move|p2a: Skeledirge|Torch Song|p1a: Gholdengo
|-supereffective|p1a: Gholdengo
|-damage|p1a: Gholdengo|35/100
|-boost|p2a: Skeledirge|spa|1
|
|upkeep
|turn|16
|
|t:|1759033406
|move|p1a: Gholdengo|Shadow Ball|p2a: Skeledirge
|-supereffective|p2a: Skeledirge
|-crit|p2a: Skeledirge
|-damage|p2a: Skeledirge|0 fnt
|faint|p2a: Skeledirge
|
|upkeep
|
|t:|1759033409
|switch|p2a: Dragapult|Dragapult, F|100/100
|-damage|p2a: Dragapult|84/100|[from] Spikes
|-status|p2a: Dragapult|psn
|turn|17
|
|t:|1759033424
|switch|p1a: Great Tusk|Great Tusk|100/100
|-damage|p1a: Great Tusk|98/100|[from] Stealth Rock
|move|p2a: Dragapult|Shadow Ball|p1a: Great Tusk
|-damage|p1a: Great Tusk|43/100
|-unboost|p1a: Great Tusk|spd|1
|
|-heal|p1a: Great Tusk|49/100|[from] item: Leftovers
|-damage|p2a: Dragapult|72/100 psn|[from] psn
|upkeep
|turn|18
|
|t:|1759033437
|move|p2a: Dragapult|Shadow Ball|p1a: Great Tusk
|-damage|p1a: Great Tusk|0 fnt
|faint|p1a: Great Tusk
|-end|p1a: Great Tusk|Protosynthesis|[silent]
|
|-damage|p2a: Dragapult|59/100 psn|[from] psn
|upkeep
|
|t:|1759033450
|switch|p1a: Dragapult|Dragapult, F|100/100
|-damage|p1a: Dragapult|88/100|[from] Stealth Rock
|turn|19
|
|t:|1759033465
|-terastallize|p1a: Dragapult|Fairy
|move|p2a: Dragapult|Shadow Ball|p1a: Dragapult
|-damage|p1a: Dragapult|12/100
|move|p1a: Dragapult|Hex|p2a: Dragapult
|-supereffective|p2a: Dragapult
|-damage|p2a: Dragapult|0 fnt
|faint|p2a: Dragapult
|
|upkeep
|
|t:|1759033471
|switch|p2a: GAS.|Weezing-Galar, F|89/100
|-ability|p2a: GAS.|Neutralizing Gas
|-sideend|p2: JackRG1|move: Toxic Spikes|[of] p2a: GAS.
|turn|20
|
|t:|1759033490
|move|p1a: Dragapult|Will-O-Wisp|p2a: GAS.
|-status|p2a: GAS.|brn
|move|p2a: GAS.|Defog|p1a: Dragapult
|-unboost|p1a: Dragapult|evasion|1
|-sideend|p1: Crooksieee|Stealth Rock|[from] move: Defog|[of] p2a: GAS.
|-sideend|p2: JackRG1|Spikes|[from] move: Defog|[of] p2a: GAS.
|-enditem|p1a: Dragapult|Eject Pack
|inactive|Crooksieee has 120 seconds left.
|
|t:|1759033507
|switch|p1a: Gholdengo|Gholdengo|35/100
|
|-damage|p2a: GAS.|83/100 brn|[from] brn
|upkeep
|turn|21
|
|t:|1759033515
|move|p1a: Gholdengo|Recover|p1a: Gholdengo
|-heal|p1a: Gholdengo|85/100
|move|p2a: GAS.|Pain Split|p1a: Gholdengo
|-sethp|p1a: Gholdengo|79/100|[from] move: Pain Split|[silent]
|-sethp|p2a: GAS.|90/100 brn|[from] move: Pain Split
|
|-damage|p2a: GAS.|84/100 brn|[from] brn
|upkeep
|turn|22
|
|t:|1759033527
|move|p1a: Gholdengo|Make It Rain|p2a: GAS.
|-supereffective|p2a: GAS.
|-damage|p2a: GAS.|0 fnt
|-unboost|p1a: Gholdengo|spa|1
|faint|p2a: GAS.
|-end|p2a: GAS.|ability: Neutralizing Gas
|
|upkeep
|
|t:|1759033529
|switch|p2a: Ogerpon|Ogerpon-Wellspring, F|16/100
|turn|23
|
|t:|1759033541
|switch|p1a: Dragapult|Dragapult, F, tera:Fairy|12/100
|move|p2a: Ogerpon|Synthesis|p2a: Ogerpon
|-heal|p2a: Ogerpon|66/100
|
|upkeep
|turn|24
|
|t:|1759033547
|move|p1a: Dragapult|Will-O-Wisp|p2a: Ogerpon|[miss]
|-miss|p1a: Dragapult|p2a: Ogerpon
|move|p2a: Ogerpon|Ivy Cudgel|p1a: Dragapult|[anim] Ivy Cudgel Water
|-damage|p1a: Dragapult|0 fnt
|faint|p1a: Dragapult
|
|upkeep
|
|t:|1759033555
|switch|p1a: Gholdengo|Gholdengo|79/100
|turn|25
|
|t:|1759033558
|move|p2a: Ogerpon|Knock Off|p1a: Gholdengo
|-supereffective|p1a: Gholdengo
|-damage|p1a: Gholdengo|20/100
|-enditem|p1a: Gholdengo|Covert Cloak|[from] move: Knock Off|[of] p2a: Ogerpon
|move|p1a: Gholdengo|Thunder Wave|p2a: Ogerpon
|-status|p2a: Ogerpon|par
|
|upkeep
|turn|26
|
|t:|1759033566
|move|p1a: Gholdengo|Recover|p1a: Gholdengo
|-heal|p1a: Gholdengo|70/100
|move|p2a: Ogerpon|Ivy Cudgel|p1a: Gholdengo|[anim] Ivy Cudgel Water
|-damage|p1a: Gholdengo|22/100
|
|upkeep
|turn|27
|
|t:|1759033573
|move|p1a: Gholdengo|Recover|p1a: Gholdengo
|-heal|p1a: Gholdengo|72/100
|cant|p2a: Ogerpon|par
|
|upkeep
|turn|28
|
|t:|1759033584
|move|p1a: Gholdengo|Shadow Ball|p2a: Ogerpon
|-damage|p2a: Ogerpon|25/100 par
|move|p2a: Ogerpon|Synthesis|p2a: Ogerpon
|-heal|p2a: Ogerpon|75/100 par
|
|upkeep
|turn|29
|
|t:|1759033592
|move|p1a: Gholdengo|Shadow Ball|p2a: Ogerpon
|-damage|p2a: Ogerpon|36/100 par
|move|p2a: Ogerpon|Synthesis|p2a: Ogerpon
|-heal|p2a: Ogerpon|86/100 par
|
|upkeep
|turn|30
|
|t:|1759033599
|move|p1a: Gholdengo|Shadow Ball|p2a: Ogerpon
|-damage|p2a: Ogerpon|43/100 par
|cant|p2a: Ogerpon|par
|
|upkeep
|turn|31
|
|t:|1759033606
|switch|p1a: Scizor|Scizor, M|88/100
|move|p2a: Ogerpon|Synthesis|p2a: Ogerpon
|-heal|p2a: Ogerpon|93/100 par
|
|upkeep
|turn|32
|
|t:|1759033613
|switch|p2a: Corviknight|Corviknight, F|100/100
|-ability|p2a: Corviknight|Pressure
|move|p1a: Scizor|Swords Dance|p1a: Scizor
|-boost|p1a: Scizor|atk|2
|
|upkeep
|turn|33
|
|t:|1759033622
|move|p2a: Corviknight|Iron Defense|p2a: Corviknight
|-boost|p2a: Corviknight|def|2
|move|p1a: Scizor|Swords Dance|p1a: Scizor
|-boost|p1a: Scizor|atk|2
|
|upkeep
|turn|34
|
|t:|1759033628
|move|p2a: Corviknight|Body Press|p1a: Scizor
|-damage|p1a: Scizor|36/100
|move|p1a: Scizor|Knock Off|p2a: Corviknight
|-damage|p2a: Corviknight|60/100
|-damage|p1a: Scizor|19/100|[from] item: Rocky Helmet|[of] p2a: Corviknight
|-enditem|p2a: Corviknight|Rocky Helmet|[from] move: Knock Off|[of] p1a: Scizor
|
|upkeep
|turn|35
|
|t:|1759033637
|switch|p1a: Gholdengo|Gholdengo|72/100
|move|p2a: Corviknight|U-turn|p1a: Gholdengo
|-resisted|p1a: Gholdengo
|-damage|p1a: Gholdengo|69/100
|
|t:|1759033639
|switch|p2a: Ogerpon|Ogerpon-Wellspring, F|93/100 par|[from] U-turn
|
|upkeep
|turn|36
|
|t:|1759033649
|move|p1a: Gholdengo|Shadow Ball|p2a: Ogerpon
|-damage|p2a: Ogerpon|53/100 par
|move|p2a: Ogerpon|Ivy Cudgel|p1a: Gholdengo|[anim] Ivy Cudgel Water
|-crit|p1a: Gholdengo
|-damage|p1a: Gholdengo|0 fnt
|faint|p1a: Gholdengo
|
|upkeep
|
|t:|1759033658
|switch|p1a: Scizor|Scizor, M|19/100
|turn|37
|
|t:|1759033666
|move|p1a: Scizor|U-turn|p2a: Ogerpon
|-supereffective|p2a: Ogerpon
|-damage|p2a: Ogerpon|0 fnt
|faint|p2a: Ogerpon
|
|upkeep
|
|t:|1759033668
|switch|p2a: Corviknight|Corviknight, F|60/100
|-ability|p2a: Corviknight|Pressure
|turn|38
|
|t:|1759033676
|move|p2a: Corviknight|Body Press|p1a: Scizor
|-damage|p1a: Scizor|0 fnt
|faint|p1a: Scizor
|
|win|JackRG1
|raw|Crooksieee's rating: 1668 &rarr; <strong>1659</strong><br />(-9 for losing)
|raw|JackRG1's rating: 1882 &rarr; <strong>1891</strong><br />(+9 for winning)
|l|☆JackRG1
|player|p2|
|c|☆Crooksieee|Gg
|l|☆Crooksieee
|player|p1|
|l| cryyysneasel
