|j|☆Dr. Sparce
|j|☆pifpof1896
|t:|1758966140
|gametype|singles
|player|p1|Dr. Sparce|101|1464
|player|p2|pifpof1896|101|1437
|gen|9
|tier|[Gen 9] OU
|rated|
|rule|HP Percentage Mod: HP is shown in percentages
|rule|Endless Battle Clause: Forcing endless battles is banned
|rule|Species Clause: Limit one of each Pokémon
|rule|OHKO Clause: OHKO moves are banned
|rule|Evasion Items Clause: Evasion items are banned
|rule|Evasion Moves Clause: Evasion moves are banned
|rule|Evasion Abilities Clause: Evasion abilities are banned
|rule|Sleep Moves Clause: Sleep-inducing moves are banned
|clearpoke
|poke|p1|Gholdengo|
|poke|p1|Zamazenta-*|
|poke|p1|Ting-Lu|
|poke|p1|Clefable, F|
|poke|p1|Dragonite, M|
|poke|p1|Deoxys-Speed|
|poke|p2|Tyranitar, M|
|poke|p2|Excadrill, M|
|poke|p2|Chesnaught, M|
|poke|p2|Blissey, F|
|poke|p2|Moltres|
|poke|p2|Primarina, F|
|teampreview
|
|t:|1758966173
|teamsize|p1|6
|teamsize|p2|6
|start
|switch|p1a: Clefable|Clefable, F|100/100
|switch|p2a: Primarina|Primarina, F|100/100
|turn|1
|
|t:|1758966192
|move|p2a: Primarina|Surf|p1a: Clefable
|-damage|p1a: Clefable|68/100
|move|p1a: Clefable|Knock Off|p2a: Primarina
|-resisted|p2a: Primarina
|-damage|p2a: Primarina|95/100
|-enditem|p2a: Primarina|Leftovers|[from] move: Knock Off|[of] p1a: Clefable
|
|upkeep
|turn|2
|
|t:|1758966210
|move|p2a: Primarina|Surf|p1a: Clefable
|-damage|p1a: Clefable|32/100
|move|p1a: Clefable|Stealth Rock|p2a: Primarina
|-sidestart|p2: pifpof1896|move: Stealth Rock
|
|upkeep
|turn|3
|
|t:|1758966220
|-terastallize|p1a: Clefable|Water
|move|p2a: Primarina|Surf|p1a: Clefable
|-resisted|p1a: Clefable
|-damage|p1a: Clefable|14/100
|move|p1a: Clefable|Moonlight|p1a: Clefable
|-heal|p1a: Clefable|64/100
|
|upkeep
|turn|4
|
|t:|1758966238
|move|p2a: Primarina|Psychic Noise|p1a: Clefable
|-damage|p1a: Clefable|45/100
|-start|p1a: Clefable|move: Heal Block
|cant|p1a: Clefable|move: Heal Block|Moonlight
|
|upkeep
|turn|5
|
|t:|1758966253
|switch|p1a: Ting-Lu|Ting-Lu|100/100
|-ability|p1a: Ting-Lu|Vessel of Ruin
|move|p2a: Primarina|Psychic Noise|p1a: Ting-Lu
|-immune|p1a: Ting-Lu
|
|upkeep
|turn|6
|
|t:|1758966262
|move|p2a: Primarina|Surf|p1a: Ting-Lu
|-supereffective|p1a: Ting-Lu
|-damage|p1a: Ting-Lu|71/100
|move|p1a: Ting-Lu|Whirlwind|p2a: Primarina
|drag|p2a: Blissey|Blissey, F|100/100
|
|-heal|p1a: Ting-Lu|78/100|[from] item: Leftovers
|upkeep
|turn|7
|
|t:|1758966280
|switch|p2a: Moltres|Moltres|100/100
|move|p1a: Ting-Lu|Spikes|p2a: Moltres
|-sidestart|p2: pifpof1896|Spikes
|
|-heal|p1a: Ting-Lu|84/100|[from] item: Leftovers
|upkeep
|turn|8
|
|t:|1758966288
|move|p2a: Moltres|Will-O-Wisp|p1a: Ting-Lu
|-status|p1a: Ting-Lu|brn
|move|p1a: Ting-Lu|Whirlwind|p2a: Moltres
|drag|p2a: Tyranitar|Tyranitar, M|100/100
|-damage|p2a: Tyranitar|88/100|[from] Stealth Rock
|-damage|p2a: Tyranitar|76/100|[from] Spikes
|-weather|Sandstorm|[from] ability: Sand Stream|[of] p2a: Tyranitar
|
|-weather|Sandstorm|[upkeep]
|-heal|p1a: Ting-Lu|90/100 brn|[from] item: Leftovers
|-damage|p1a: Ting-Lu|84/100 brn|[from] brn
|upkeep
|turn|9
|
|t:|1758966304
|move|p2a: Tyranitar|Stealth Rock|p1a: Ting-Lu
|-sidestart|p1: Dr. Sparce|move: Stealth Rock
|move|p1a: Ting-Lu|Whirlwind|p2a: Tyranitar
|drag|p2a: Primarina|Primarina, F|95/100
|-damage|p2a: Primarina|82/100|[from] Stealth Rock
|-damage|p2a: Primarina|70/100|[from] Spikes
|
|-weather|Sandstorm|[upkeep]
|-damage|p2a: Primarina|64/100|[from] Sandstorm
|-heal|p1a: Ting-Lu|90/100 brn|[from] item: Leftovers
|-damage|p1a: Ting-Lu|84/100 brn|[from] brn
|upkeep
|turn|10
|
|t:|1758966315
|move|p2a: Primarina|Draining Kiss|p1a: Ting-Lu
|-supereffective|p1a: Ting-Lu
|-crit|p1a: Ting-Lu
|-damage|p1a: Ting-Lu|57/100 brn
|-heal|p2a: Primarina|93/100|[from] drain|[of] p1a: Ting-Lu
|move|p1a: Ting-Lu|Whirlwind|p2a: Primarina
|drag|p2a: Tyranitar|Tyranitar, M|76/100
|-damage|p2a: Tyranitar|63/100|[from] Stealth Rock
|-damage|p2a: Tyranitar|51/100|[from] Spikes
|
|-weather|Sandstorm|[upkeep]
|-heal|p1a: Ting-Lu|63/100 brn|[from] item: Leftovers
|-damage|p1a: Ting-Lu|57/100 brn|[from] brn
|upkeep
|turn|11
|
|t:|1758966338
|move|p2a: Tyranitar|Dragon Tail|p1a: Ting-Lu
|-damage|p1a: Ting-Lu|46/100 brn
|drag|p1a: Clefable|Clefable, F, tera:Water|45/100
|
|-weather|Sandstorm|[upkeep]
|upkeep
|turn|12
|
|t:|1758966352
|move|p1a: Clefable|Knock Off|p2a: Tyranitar
|-resisted|p2a: Tyranitar
|-damage|p2a: Tyranitar|46/100
|-enditem|p2a: Tyranitar|Smooth Rock|[from] move: Knock Off|[of] p1a: Clefable
|move|p2a: Tyranitar|Knock Off|p1a: Clefable
|-damage|p1a: Clefable|11/100
|-damage|p2a: Tyranitar|29/100|[from] item: Rocky Helmet|[of] p1a: Clefable
|-enditem|p1a: Clefable|Rocky Helmet|[from] move: Knock Off|[of] p2a: Tyranitar
|
|-weather|Sandstorm|[upkeep]
|upkeep
|turn|13
|
|t:|1758966360
|switch|p2a: Excadrill|Excadrill, M|100/100
|-damage|p2a: Excadrill|97/100|[from] Stealth Rock
|-item|p2a: Excadrill|Air Balloon
|move|p1a: Clefable|Moonlight|p1a: Clefable
|-heal|p1a: Clefable|36/100
|
|-weather|Sandstorm|[upkeep]
|upkeep
|turn|14
|
|t:|1758966376
|switch|p1a: Gholdengo|Gholdengo|100/100
|move|p2a: Excadrill|Iron Head|p1a: Gholdengo
|-resisted|p1a: Gholdengo
|-damage|p1a: Gholdengo|85/100
|
|-weather|Sandstorm|[upkeep]
|upkeep
|turn|15
|
|t:|1758966387
|switch|p1a: Zamazenta|Zamazenta|100/100
|-ability|p1a: Zamazenta|Dauntless Shield|boost
|-boost|p1a: Zamazenta|def|1
|move|p2a: Excadrill|Earthquake|p1a: Zamazenta
|-damage|p1a: Zamazenta|65/100
|
|-weather|none
|upkeep
|turn|16
|
|t:|1758966399
|switch|p2a: Moltres|Moltres|100/100
|move|p1a: Zamazenta|Stone Edge|p2a: Moltres
|-supereffective|p2a: Moltres
|-damage|p2a: Moltres|12/100
|
|upkeep
|turn|17
|
|t:|1758966406
|move|p1a: Zamazenta|Stone Edge|p2a: Moltres
|-supereffective|p2a: Moltres
|-damage|p2a: Moltres|0 fnt
|faint|p2a: Moltres
|
|upkeep
|
|t:|1758966414
|switch|p2a: Tyranitar|Tyranitar, M|29/100
|-damage|p2a: Tyranitar|17/100|[from] Stealth Rock
|-damage|p2a: Tyranitar|4/100|[from] Spikes
|-weather|Sandstorm|[from] ability: Sand Stream|[of] p2a: Tyranitar
|turn|18
|
|t:|1758966418
|switch|p2a: Chesnaught|Chesnaught, M|100/100
|-damage|p2a: Chesnaught|94/100|[from] Stealth Rock
|-damage|p2a: Chesnaught|82/100|[from] Spikes
|move|p1a: Zamazenta|Ice Fang|p2a: Chesnaught
|-supereffective|p2a: Chesnaught
|-damage|p2a: Chesnaught|55/100
|
|-weather|Sandstorm|[upkeep]
|-damage|p1a: Zamazenta|59/100|[from] Sandstorm
|-damage|p2a: Chesnaught|49/100|[from] Sandstorm
|-heal|p2a: Chesnaught|55/100|[from] item: Leftovers
|upkeep
|turn|19
|
|t:|1758966433
|switch|p1a: Dragonite|Dragonite, M|100/100
|move|p2a: Chesnaught|Knock Off|p1a: Dragonite
|-damage|p1a: Dragonite|90/100
|-enditem|p1a: Dragonite|Heavy-Duty Boots|[from] move: Knock Off|[of] p2a: Chesnaught
|
|-weather|Sandstorm|[upkeep]
|-damage|p1a: Dragonite|84/100|[from] Sandstorm
|-damage|p2a: Chesnaught|49/100|[from] Sandstorm
|-heal|p2a: Chesnaught|55/100|[from] item: Leftovers
|upkeep
|turn|20
|
|t:|1758966448
|move|p2a: Chesnaught|Iron Defense|p2a: Chesnaught
|-boost|p2a: Chesnaught|def|2
|move|p1a: Dragonite|Dragon Tail|p2a: Chesnaught
|-damage|p2a: Chesnaught|43/100
|drag|p2a: Tyranitar|Tyranitar, M|4/100
|-damage|p2a: Tyranitar|0 fnt|[from] Stealth Rock
|faint|p2a: Tyranitar
|
|-weather|Sandstorm|[upkeep]
|-damage|p1a: Dragonite|78/100|[from] Sandstorm
|upkeep
|
|t:|1758966460
|switch|p2a: Excadrill|Excadrill, M|97/100
|-damage|p2a: Excadrill|94/100|[from] Stealth Rock
|-item|p2a: Excadrill|Air Balloon
|turn|21
|
|t:|1758966473
|switch|p1a: Gholdengo|Gholdengo|85/100
|-terastallize|p2a: Excadrill|Ice
|move|p2a: Excadrill|Tera Blast|p1a: Gholdengo|[anim] Tera Blast Ice
|-resisted|p1a: Gholdengo
|-damage|p1a: Gholdengo|67/100
|
|-weather|Sandstorm|[upkeep]
|upkeep
|turn|22
|
|t:|1758966488
|switch|p1a: Clefable|Clefable, F, tera:Water|36/100
|move|p2a: Excadrill|Earthquake|p1a: Clefable
|-damage|p1a: Clefable|0 fnt
|faint|p1a: Clefable
|
|-weather|none
|upkeep
|
|t:|1758966499
|switch|p1a: Zamazenta|Zamazenta|59/100
|turn|23
|
|t:|1758966503
|move|p1a: Zamazenta|Close Combat|p2a: Excadrill
|-supereffective|p2a: Excadrill
|-damage|p2a: Excadrill|0 fnt
|-unboost|p1a: Zamazenta|def|1
|-unboost|p1a: Zamazenta|spd|1
|-enditem|p2a: Excadrill|Air Balloon
|faint|p2a: Excadrill
|
|upkeep
|
|t:|1758966508
|switch|p2a: Primarina|Primarina, F|93/100
|-damage|p2a: Primarina|80/100|[from] Stealth Rock
|-damage|p2a: Primarina|68/100|[from] Spikes
|turn|24
|
|t:|1758966521
|switch|p1a: Gholdengo|Gholdengo|67/100
|move|p2a: Primarina|Calm Mind|p2a: Primarina
|-boost|p2a: Primarina|spa|1
|-boost|p2a: Primarina|spd|1
|
|upkeep
|turn|25
|
|t:|1758966535
|move|p1a: Gholdengo|Shadow Ball|p2a: Primarina
|-damage|p2a: Primarina|48/100
|move|p2a: Primarina|Calm Mind|p2a: Primarina
|-boost|p2a: Primarina|spa|1
|-boost|p2a: Primarina|spd|1
|
|upkeep
|turn|26
|
|t:|1758966542
|move|p1a: Gholdengo|Nasty Plot|p1a: Gholdengo
|-boost|p1a: Gholdengo|spa|2
|move|p2a: Primarina|Draining Kiss|p1a: Gholdengo
|-resisted|p1a: Gholdengo
|-damage|p1a: Gholdengo|48/100
|-heal|p2a: Primarina|63/100|[from] drain|[of] p1a: Gholdengo
|
|upkeep
|turn|27
|
|t:|1758966552
|move|p1a: Gholdengo|Shadow Ball|p2a: Primarina
|-damage|p2a: Primarina|33/100
|move|p2a: Primarina|Surf|p1a: Gholdengo
|-damage|p1a: Gholdengo|0 fnt
|faint|p1a: Gholdengo
|
|upkeep
|
|t:|1758966566
|switch|p1a: Zamazenta|Zamazenta|59/100
|turn|28
|
|t:|1758966568
|move|p1a: Zamazenta|Stone Edge|p2a: Primarina
|-damage|p2a: Primarina|4/100
|move|p2a: Primarina|Draining Kiss|p1a: Zamazenta
|-supereffective|p1a: Zamazenta
|-damage|p1a: Zamazenta|0 fnt
|-heal|p2a: Primarina|46/100|[from] drain|[of] p1a: Zamazenta
|faint|p1a: Zamazenta
|
|upkeep
|
|t:|1758966580
|switch|p1a: Ting-Lu|Ting-Lu|46/100 brn
|-damage|p1a: Ting-Lu|40/100 brn|[from] Stealth Rock
|-ability|p1a: Ting-Lu|Vessel of Ruin
|turn|29
|
|t:|1758966587
|move|p2a: Primarina|Draining Kiss|p1a: Ting-Lu
|-supereffective|p1a: Ting-Lu
|-damage|p1a: Ting-Lu|8/100 brn
|-heal|p2a: Primarina|80/100|[from] drain|[of] p1a: Ting-Lu
|move|p1a: Ting-Lu|Whirlwind|p2a: Primarina
|drag|p2a: Chesnaught|Chesnaught, M|43/100
|-damage|p2a: Chesnaught|37/100|[from] Stealth Rock
|-damage|p2a: Chesnaught|25/100|[from] Spikes
|
|-heal|p2a: Chesnaught|31/100|[from] item: Leftovers
|-heal|p1a: Ting-Lu|14/100 brn|[from] item: Leftovers
|-damage|p1a: Ting-Lu|8/100 brn|[from] brn
|upkeep
|turn|30
|
|t:|1758966596
|move|p2a: Chesnaught|Trailblaze|p1a: Ting-Lu
|-supereffective|p1a: Ting-Lu
|-damage|p1a: Ting-Lu|0 fnt
|-boost|p2a: Chesnaught|spe|1
|faint|p1a: Ting-Lu
|
|-heal|p2a: Chesnaught|37/100|[from] item: Leftovers
|upkeep
|
|t:|1758966600
|switch|p1a: Deoxys|Deoxys-Speed|100/100
|-ability|p1a: Deoxys|Pressure
|turn|31
|
|t:|1758966605
|switch|p2a: Blissey|Blissey, F|100/100
|move|p1a: Deoxys|Ice Beam|p2a: Blissey
|-damage|p2a: Blissey|92/100
|
|upkeep
|turn|32
|
|t:|1758966616
|move|p1a: Deoxys|Nasty Plot|p1a: Deoxys
|-boost|p1a: Deoxys|spa|2
|move|p2a: Blissey|Ice Beam|p1a: Deoxys
|-damage|p1a: Deoxys|67/100
|-status|p1a: Deoxys|frz
|
|upkeep
|turn|33
|
|t:|1758966627
|cant|p1a: Deoxys|frz
|move|p2a: Blissey|Flamethrower|p1a: Deoxys
|-damage|p1a: Deoxys|33/100 frz
|-curestatus|p1a: Deoxys|frz|[msg]
|
|upkeep
|turn|34
|
|t:|1758966633
|move|p1a: Deoxys|Psycho Boost|p2a: Blissey
|-damage|p2a: Blissey|46/100
|-unboost|p1a: Deoxys|spa|2
|move|p2a: Blissey|Flamethrower|p1a: Deoxys
|-damage|p1a: Deoxys|0 fnt
|faint|p1a: Deoxys
|
|upkeep
|
|t:|1758966640
|switch|p1a: Dragonite|Dragonite, M|78/100
|-damage|p1a: Dragonite|53/100|[from] Stealth Rock
|turn|35
|
|t:|1758966642
|move|p1a: Dragonite|Earthquake|p2a: Blissey
|-damage|p2a: Blissey|0 fnt
|faint|p2a: Blissey
|
|upkeep
|
|t:|1758966644
|switch|p2a: Primarina|Primarina, F|80/100
|-damage|p2a: Primarina|68/100|[from] Stealth Rock
|-damage|p2a: Primarina|55/100|[from] Spikes
|turn|36
|
|t:|1758966652
|move|p1a: Dragonite|Earthquake|p2a: Primarina
|-damage|p2a: Primarina|21/100
|move|p2a: Primarina|Draining Kiss|p1a: Dragonite
|-supereffective|p1a: Dragonite
|-damage|p1a: Dragonite|15/100
|-heal|p2a: Primarina|50/100|[from] drain|[of] p1a: Dragonite
|
|upkeep
|turn|37
|
|t:|1758966658
|move|p1a: Dragonite|Earthquake|p2a: Primarina
|-damage|p2a: Primarina|19/100
|move|p2a: Primarina|Draining Kiss|p1a: Dragonite
|-supereffective|p1a: Dragonite
|-damage|p1a: Dragonite|0 fnt
|-heal|p2a: Primarina|31/100|[from] drain|[of] p1a: Dragonite
|faint|p1a: Dragonite
|
|win|pifpof1896
|raw|Dr. Sparce's rating: 1464 &rarr; <strong>1442</strong><br />(-22 for losing)
|raw|pifpof1896's rating: 1437 &rarr; <strong>1459</strong><br />(+22 for winning)
|c|☆pifpof1896|gg
|l|☆Dr. Sparce
|player|p1|
|l|☆pifpof1896
|player|p2|
