|badge|p1|bronze|gen9ou|100-6
|badge|p1|bronze|gen9ru|100-6
|badge|p1|bronze|gen9uu|100-6
|html|<div class="broadcast-red"><strong>This battle is required to be public due to one or more player having a season medal.</strong><br />During the public phase, you can discuss the state of the ladder <a href="/seasondiscussion">in a special chatroom.</a></div>
|uhtml|medal-msg|<div class="broadcast-blue">Curious what those medals under the avatar are? PS now has Ladder Seasons! For more information, check out the <a href="https://www.smogon.com/forums/threads/3740067/">thread on Smogon.</a></div>
|raw|<div class="broadcast-blue"><strong>This battle is required to be public due to a player having a name starting with 'medal'.</div>
|j|☆Sirpeanutcronch
|j|☆Narita Taishin
|t:|1759004582
|gametype|singles
|player|p1|Sirpeanutcronch|#wcop2025africa|1856
|player|p2|Narita Taishin|cyclistf-gen4|1821
|gen|9
|tier|[Gen 9] OU
|rated|
|rule|HP Percentage Mod: HP is shown in percentages
|rule|Endless Battle Clause: Forcing endless battles is banned
|rule|Species Clause: Limit one of each Pokémon
|rule|OHKO Clause: OHKO moves are banned
|rule|Evasion Items Clause: Evasion items are banned
|rule|Evasion Moves Clause: Evasion moves are banned
|rule|Evasion Abilities Clause: Evasion abilities are banned
|rule|Sleep Moves Clause: Sleep-inducing moves are banned
|clearpoke
|poke|p1|Darkrai|
|poke|p1|Landorus-Therian, M|
|poke|p1|Zamazenta-*|
|poke|p1|Raging Bolt|
|poke|p1|Primarina, F|
|poke|p1|Scizor, M|
|poke|p2|Gliscor, M|
|poke|p2|Blissey, F|
|poke|p2|Clodsire, M|
|poke|p2|Clefable, M|
|poke|p2|Pecharunt|
|poke|p2|Skarmory, F|
|teampreview
|inactive|Battle timer is ON: inactive players will automatically lose when time's up. (requested by Narita Taishin)
|j| polowogy
|
|t:|1759004596
|teamsize|p1|6
|teamsize|p2|6
|start
|switch|p1a: Darkrai|Darkrai|100/100
|switch|p2a: Gliscor|Gliscor, M|100/100
|turn|1
|
|t:|1759004602
|move|p2a: Gliscor|Protect|p2a: Gliscor
|-singleturn|p2a: Gliscor|Protect
|move|p1a: Darkrai|Ice Beam|p2a: Gliscor
|-activate|p2a: Gliscor|move: Protect
|
|-status|p2a: Gliscor|tox|[from] item: Toxic Orb
|upkeep
|turn|2
|
|t:|1759004607
|switch|p1a: Landorus|Landorus-Therian, M|100/100
|-ability|p1a: Landorus|Intimidate|boost
|-unboost|p2a: Gliscor|atk|1
|switch|p2a: Blissey|Blissey, F|100/100
|
|upkeep
|turn|3
|
|t:|1759004613
|move|p1a: Landorus|Taunt|p2a: Blissey
|-start|p2a: Blissey|move: Taunt
|cant|p2a: Blissey|move: Taunt|Stealth Rock
|
|upkeep
|turn|4
|
|t:|1759004618
|switch|p2a: Gliscor|Gliscor, M|100/100 tox
|move|p1a: Landorus|Stealth Rock|p2a: Gliscor
|-sidestart|p2: Narita Taishin|move: Stealth Rock
|
|upkeep
|turn|5
|
|t:|1759004621
|move|p1a: Landorus|Taunt|p2a: Gliscor
|-start|p2a: Gliscor|move: Taunt
|move|p2a: Gliscor|Knock Off|p1a: Landorus
|-damage|p1a: Landorus|81/100
|-damage|p2a: Gliscor|84/100 tox|[from] item: Rocky Helmet|[of] p1a: Landorus
|-enditem|p1a: Landorus|Rocky Helmet|[from] move: Knock Off|[of] p2a: Gliscor
|
|-heal|p2a: Gliscor|97/100 tox|[from] ability: Poison Heal
|upkeep
|turn|6
|
|t:|1759004624
|move|p1a: Landorus|U-turn|p2a: Gliscor
|-resisted|p2a: Gliscor
|-damage|p2a: Gliscor|88/100 tox
|
|t:|1759004626
|switch|p1a: Primarina|Primarina, F|100/100|[from] U-turn
|move|p2a: Gliscor|Knock Off|p1a: Primarina
|-resisted|p1a: Primarina
|-damage|p1a: Primarina|88/100
|-enditem|p1a: Primarina|Assault Vest|[from] move: Knock Off|[of] p2a: Gliscor
|
|-heal|p2a: Gliscor|100/100 tox|[from] ability: Poison Heal
|upkeep
|turn|7
|
|t:|1759004639
|move|p2a: Gliscor|Facade|p1a: Primarina
|-damage|p1a: Primarina|54/100
|move|p1a: Primarina|Flip Turn|p2a: Gliscor
|-supereffective|p2a: Gliscor
|-damage|p2a: Gliscor|77/100 tox
|
|t:|1759004644
|switch|p1a: Darkrai|Darkrai|100/100|[from] Flip Turn
|
|-heal|p2a: Gliscor|89/100 tox|[from] ability: Poison Heal
|-end|p2a: Gliscor|move: Taunt
|upkeep
|turn|8
|
|t:|1759004647
|move|p2a: Gliscor|Protect|p2a: Gliscor
|-singleturn|p2a: Gliscor|Protect
|move|p1a: Darkrai|Ice Beam|p2a: Gliscor
|-activate|p2a: Gliscor|move: Protect
|
|-heal|p2a: Gliscor|100/100 tox|[from] ability: Poison Heal
|upkeep
|turn|9
|
|t:|1759004651
|switch|p2a: Blissey|Blissey, F|100/100
|move|p1a: Darkrai|Knock Off|p2a: Blissey
|-damage|p2a: Blissey|73/100
|-enditem|p2a: Blissey|Heavy-Duty Boots|[from] move: Knock Off|[of] p1a: Darkrai
|
|upkeep
|turn|10
|
|t:|1759004657
|switch|p1a: Scizor|Scizor, M|100/100
|move|p2a: Blissey|Stealth Rock|p1a: Scizor
|-sidestart|p1: Sirpeanutcronch|move: Stealth Rock
|
|upkeep
|turn|11
|j| larp legion
|
|t:|1759004667
|move|p1a: Scizor|U-turn|p2a: Blissey
|-damage|p2a: Blissey|16/100
|
|t:|1759004672
|switch|p1a: Landorus|Landorus-Therian, M|81/100|[from] U-turn
|-damage|p1a: Landorus|68/100|[from] Stealth Rock
|-ability|p1a: Landorus|Intimidate|boost
|-unboost|p2a: Blissey|atk|1
|move|p2a: Blissey|Flamethrower|p1a: Landorus
|-damage|p1a: Landorus|50/100
|
|upkeep
|turn|12
|
|t:|1759004678
|switch|p2a: Gliscor|Gliscor, M|100/100 tox
|-damage|p2a: Gliscor|88/100 tox|[from] Stealth Rock
|move|p1a: Landorus|U-turn|p2a: Gliscor
|-resisted|p2a: Gliscor
|-damage|p2a: Gliscor|80/100 tox
|
|t:|1759004680
|switch|p1a: Darkrai|Darkrai|100/100|[from] U-turn
|
|-heal|p2a: Gliscor|92/100 tox|[from] ability: Poison Heal
|upkeep
|turn|13
|
|t:|1759004684
|move|p2a: Gliscor|Protect|p2a: Gliscor
|-singleturn|p2a: Gliscor|Protect
|move|p1a: Darkrai|Ice Beam|p2a: Gliscor
|-activate|p2a: Gliscor|move: Protect
|
|-heal|p2a: Gliscor|100/100 tox|[from] ability: Poison Heal
|upkeep
|turn|14
|
|t:|1759004695
|-terastallize|p2a: Gliscor|Normal
|move|p1a: Darkrai|Ice Beam|p2a: Gliscor
|-damage|p2a: Gliscor|75/100 tox
|move|p2a: Gliscor|Facade|p1a: Darkrai
|-damage|p1a: Darkrai|38/100
|
|-heal|p2a: Gliscor|87/100 tox|[from] ability: Poison Heal
|upkeep
|turn|15
|
|t:|1759004702
|switch|p1a: Landorus|Landorus-Therian, M|50/100
|-damage|p1a: Landorus|38/100|[from] Stealth Rock
|-ability|p1a: Landorus|Intimidate|boost
|-unboost|p2a: Gliscor|atk|1
|move|p2a: Gliscor|Facade|p1a: Landorus
|-damage|p1a: Landorus|7/100
|
|-heal|p2a: Gliscor|99/100 tox|[from] ability: Poison Heal
|upkeep
|turn|16
|
|t:|1759004712
|move|p1a: Landorus|Taunt|p2a: Gliscor
|-start|p2a: Gliscor|move: Taunt
|cant|p2a: Gliscor|move: Taunt|Swords Dance
|
|-heal|p2a: Gliscor|100/100 tox|[from] ability: Poison Heal
|upkeep
|turn|17
|
|t:|1759004724
|move|p1a: Landorus|Earth Power|p2a: Gliscor
|-crit|p2a: Gliscor
|-damage|p2a: Gliscor|62/100 tox
|move|p2a: Gliscor|Knock Off|p1a: Landorus
|-damage|p1a: Landorus|0 fnt
|faint|p1a: Landorus
|
|-heal|p2a: Gliscor|75/100 tox|[from] ability: Poison Heal
|upkeep
|
|t:|1759004734
|switch|p1a: Raging Bolt|Raging Bolt|100/100
|-damage|p1a: Raging Bolt|88/100|[from] Stealth Rock
|-enditem|p1a: Raging Bolt|Booster Energy
|-activate|p1a: Raging Bolt|ability: Protosynthesis|[fromitem]
|-start|p1a: Raging Bolt|protosynthesisspa
|turn|18
|
|t:|1759004739
|switch|p2a: Clodsire|Clodsire, M|100/100
|move|p1a: Raging Bolt|Dragon Pulse|p2a: Clodsire
|-crit|p2a: Clodsire
|-damage|p2a: Clodsire|52/100
|
|upkeep
|turn|19
|
|t:|1759004746
|move|p1a: Raging Bolt|Dragon Pulse|p2a: Clodsire
|-damage|p2a: Clodsire|16/100
|move|p2a: Clodsire|Recover|p2a: Clodsire
|-heal|p2a: Clodsire|66/100
|
|upkeep
|turn|20
|
|t:|1759004749
|-end|p1a: Raging Bolt|Protosynthesis|[silent]
|switch|p1a: Scizor|Scizor, M|100/100
|-damage|p1a: Scizor|88/100|[from] Stealth Rock
|move|p2a: Clodsire|Recover|p2a: Clodsire
|-heal|p2a: Clodsire|100/100
|
|upkeep
|turn|21
|
|t:|1759004765
|switch|p2a: Skarmory|Skarmory, F|100/100
|-damage|p2a: Skarmory|88/100|[from] Stealth Rock
|move|p1a: Scizor|U-turn|p2a: Skarmory
|-resisted|p2a: Skarmory
|-damage|p2a: Skarmory|80/100
|-damage|p1a: Scizor|72/100|[from] item: Rocky Helmet|[of] p2a: Skarmory
|
|t:|1759004768
|switch|p1a: Primarina|Primarina, F|54/100|[from] U-turn
|-damage|p1a: Primarina|42/100|[from] Stealth Rock
|
|upkeep
|turn|22
|
|t:|1759004771
|switch|p2a: Blissey|Blissey, F|16/100
|-damage|p2a: Blissey|3/100|[from] Stealth Rock
|move|p1a: Primarina|Surf|p2a: Blissey
|-damage|p2a: Blissey|0 fnt
|faint|p2a: Blissey
|
|upkeep
|
|t:|1759004773
|switch|p2a: Gliscor|Gliscor, M, tera:Normal|75/100 tox
|-damage|p2a: Gliscor|62/100 tox|[from] Stealth Rock
|turn|23
|
|t:|1759004777
|switch|p1a: Zamazenta|Zamazenta|100/100
|-ability|p1a: Zamazenta|Dauntless Shield|boost
|-boost|p1a: Zamazenta|def|1
|move|p2a: Gliscor|Facade|p1a: Zamazenta
|-damage|p1a: Zamazenta|74/100
|
|-heal|p2a: Gliscor|75/100 tox|[from] ability: Poison Heal
|upkeep
|turn|24
|
|t:|1759004780
|move|p2a: Gliscor|Protect|p2a: Gliscor
|-singleturn|p2a: Gliscor|Protect
|move|p1a: Zamazenta|Close Combat|p2a: Gliscor
|-activate|p2a: Gliscor|move: Protect
|
|-heal|p2a: Gliscor|87/100 tox|[from] ability: Poison Heal
|upkeep
|turn|25
|
|t:|1759004784
|switch|p2a: Pecharunt|Pecharunt|100/100
|move|p1a: Zamazenta|Close Combat|p2a: Pecharunt
|-immune|p2a: Pecharunt
|
|upkeep
|turn|26
|
|t:|1759004788
|switch|p1a: Scizor|Scizor, M|72/100
|-damage|p1a: Scizor|59/100|[from] Stealth Rock
|move|p2a: Pecharunt|Parting Shot|p1a: Scizor
|-unboost|p1a: Scizor|atk|1
|-unboost|p1a: Scizor|spa|1
|
|t:|1759004796
|switch|p2a: Skarmory|Skarmory, F|80/100|[from] Parting Shot
|-damage|p2a: Skarmory|67/100|[from] Stealth Rock
|
|upkeep
|turn|27
|
|t:|1759004804
|-terastallize|p1a: Scizor|Electric
|move|p1a: Scizor|Tera Blast|p2a: Skarmory|[anim] Tera Blast Electric
|-supereffective|p2a: Skarmory
|-damage|p2a: Skarmory|13/100
|move|p2a: Skarmory|Roost|p2a: Skarmory
|-heal|p2a: Skarmory|64/100
|-singleturn|p2a: Skarmory|move: Roost
|
|upkeep
|turn|28
|j| Le Bouquetin
|
|t:|1759004812
|switch|p1a: Primarina|Primarina, F|42/100
|-damage|p1a: Primarina|30/100|[from] Stealth Rock
|switch|p2a: Clodsire|Clodsire, M|100/100
|
|upkeep
|turn|29
|
|t:|1759004824
|switch|p2a: Skarmory|Skarmory, F|64/100
|-damage|p2a: Skarmory|51/100|[from] Stealth Rock
|move|p1a: Primarina|Surf|p2a: Skarmory
|-damage|p2a: Skarmory|0 fnt
|faint|p2a: Skarmory
|
|upkeep
|
|t:|1759004826
|switch|p2a: Gliscor|Gliscor, M, tera:Normal|87/100 tox
|-damage|p2a: Gliscor|75/100 tox|[from] Stealth Rock
|turn|30
|
|t:|1759004829
|switch|p1a: Zamazenta|Zamazenta|74/100
|move|p2a: Gliscor|Facade|p1a: Zamazenta
|-damage|p1a: Zamazenta|28/100
|
|-heal|p2a: Gliscor|87/100 tox|[from] ability: Poison Heal
|upkeep
|turn|31
|l| Le Bouquetin
|
|t:|1759004832
|move|p2a: Gliscor|Protect|p2a: Gliscor
|-singleturn|p2a: Gliscor|Protect
|move|p1a: Zamazenta|Close Combat|p2a: Gliscor
|-activate|p2a: Gliscor|move: Protect
|
|-heal|p2a: Gliscor|99/100 tox|[from] ability: Poison Heal
|upkeep
|turn|32
|
|t:|1759004836
|move|p1a: Zamazenta|Close Combat|p2a: Gliscor
|-supereffective|p2a: Gliscor
|-damage|p2a: Gliscor|2/100 tox
|-unboost|p1a: Zamazenta|def|1
|-unboost|p1a: Zamazenta|spd|1
|move|p2a: Gliscor|Facade|p1a: Zamazenta
|-damage|p1a: Zamazenta|0 fnt
|faint|p1a: Zamazenta
|
|-heal|p2a: Gliscor|15/100 tox|[from] ability: Poison Heal
|upkeep
|
|t:|1759004848
|switch|p1a: Raging Bolt|Raging Bolt|88/100
|-damage|p1a: Raging Bolt|76/100|[from] Stealth Rock
|turn|33
|
|t:|1759004851
|move|p2a: Gliscor|Protect|p2a: Gliscor
|-singleturn|p2a: Gliscor|Protect
|move|p1a: Raging Bolt|Dragon Pulse|p2a: Gliscor
|-activate|p2a: Gliscor|move: Protect
|
|-heal|p2a: Gliscor|27/100 tox|[from] ability: Poison Heal
|upkeep
|turn|34
|
|t:|1759004853
|switch|p2a: Clodsire|Clodsire, M|100/100
|move|p1a: Raging Bolt|Dragon Pulse|p2a: Clodsire
|-damage|p2a: Clodsire|77/100
|
|upkeep
|turn|35
|
|t:|1759004860
|move|p1a: Raging Bolt|Dragon Pulse|p2a: Clodsire
|-damage|p2a: Clodsire|53/100
|move|p2a: Clodsire|Earthquake|p1a: Raging Bolt
|-supereffective|p1a: Raging Bolt
|-damage|p1a: Raging Bolt|29/100
|
|upkeep
|turn|36
|
|t:|1759004870
|-end|p1a: Raging Bolt|Protosynthesis|[silent]
|switch|p1a: Primarina|Primarina, F|30/100
|-damage|p1a: Primarina|17/100|[from] Stealth Rock
|move|p2a: Clodsire|Recover|p2a: Clodsire
|-heal|p2a: Clodsire|100/100
|
|upkeep
|turn|37
|
|t:|1759004882
|switch|p2a: Clefable|Clefable, M|100/100
|move|p1a: Primarina|Surf|p2a: Clefable
|-damage|p2a: Clefable|35/100
|
|upkeep
|turn|38
|
|t:|1759004884
|move|p1a: Primarina|Surf|p2a: Clefable
|-damage|p2a: Clefable|0 fnt
|faint|p2a: Clefable
|
|upkeep
|
|t:|1759004886
|switch|p2a: Gliscor|Gliscor, M, tera:Normal|27/100 tox
|-damage|p2a: Gliscor|15/100 tox|[from] Stealth Rock
|turn|39
|
|t:|1759004891
|switch|p1a: Raging Bolt|Raging Bolt|29/100
|-damage|p1a: Raging Bolt|17/100|[from] Stealth Rock
|move|p2a: Gliscor|Facade|p1a: Raging Bolt
|-damage|p1a: Raging Bolt|0 fnt
|faint|p1a: Raging Bolt
|-end|p1a: Raging Bolt|Protosynthesis|[silent]
|
|-heal|p2a: Gliscor|27/100 tox|[from] ability: Poison Heal
|upkeep
|
|t:|1759004902
|switch|p1a: Scizor|Scizor, M, tera:Electric|59/100
|-damage|p1a: Scizor|47/100|[from] Stealth Rock
|turn|40
|
|t:|1759004905
|move|p2a: Gliscor|Protect|p2a: Gliscor
|-singleturn|p2a: Gliscor|Protect
|move|p1a: Scizor|Bullet Punch|p2a: Gliscor
|-activate|p2a: Gliscor|move: Protect
|
|-heal|p2a: Gliscor|40/100 tox|[from] ability: Poison Heal
|upkeep
|turn|41
|
|t:|1759004913
|switch|p2a: Pecharunt|Pecharunt|100/100
|move|p1a: Scizor|Bullet Punch|p2a: Pecharunt
|-damage|p2a: Pecharunt|74/100
|
|upkeep
|turn|42
|
|t:|1759004919
|move|p1a: Scizor|Bullet Punch|p2a: Pecharunt
|-damage|p2a: Pecharunt|50/100
|move|p2a: Pecharunt|Malignant Chain|p1a: Scizor
|-damage|p1a: Scizor|0 fnt
|faint|p1a: Scizor
|
|upkeep
|
|t:|1759004921
|switch|p1a: Darkrai|Darkrai|38/100
|turn|43
|
|t:|1759004925
|switch|p1a: Primarina|Primarina, F|17/100
|-damage|p1a: Primarina|5/100|[from] Stealth Rock
|move|p2a: Pecharunt|Malignant Chain|p1a: Primarina
|-supereffective|p1a: Primarina
|-damage|p1a: Primarina|0 fnt
|faint|p1a: Primarina
|
|upkeep
|-message|Sirpeanutcronch forfeited.
|
|win|Narita Taishin
|raw|Sirpeanutcronch's rating: 1856 &rarr; <strong>1834</strong><br />(-22 for losing)
|raw|Narita Taishin's rating: 1821 &rarr; <strong>1843</strong><br />(+22 for winning)
|l| polowogy
|l|☆Narita Taishin
|player|p2|
