|j|☆lyric6
|j|☆BigFreakerSr
|t:|1758984170
|gametype|singles
|player|p1|lyric6|266|
|player|p2|BigFreakerSr|265|
|gen|9
|tier|[Gen 9] OU
|rule|HP Percentage Mod: HP is shown in percentages
|rule|Endless Battle Clause: Forcing endless battles is banned
|rule|Species Clause: Limit one of each Pokémon
|rule|OHKO Clause: OHKO moves are banned
|rule|Evasion Items Clause: Evasion items are banned
|rule|Evasion Moves Clause: Evasion moves are banned
|rule|Evasion Abilities Clause: Evasion abilities are banned
|rule|Sleep Moves Clause: Sleep-inducing moves are banned
|clearpoke
|poke|p1|Salamence, M|
|poke|p1|Zapdos|
|poke|p1|Azumarill, F|
|poke|p1|Chesnaught, F|
|poke|p1|Delphox, M|
|poke|p1|Goodra-Hisui, F|
|poke|p2|Eelektross, F|
|poke|p2|Arcanine-Hisui, M|
|poke|p2|Mamoswine, F|
|poke|p2|Inteleon, M|
|poke|p2|Metagross|
|poke|p2|Garchomp, M|
|teampreview
|
|t:|1758984255
|teamsize|p1|6
|teamsize|p2|6
|start
|switch|p1a: Is he wet?|Zapdos|100/100
|switch|p2a: Chompers|Garchomp, M|100/100
|turn|1
|
|t:|1758984316
|move|p2a: Chompers|Stealth Rock|p1a: Is he wet?
|-sidestart|p1: lyric6|move: Stealth Rock
|move|p1a: Is he wet?|Hurricane|p2a: Chompers
|-damage|p2a: Chompers|52/100
|
|upkeep
|turn|2
|
|t:|1758984389
|move|p2a: Chompers|Swords Dance|p2a: Chompers
|-boost|p2a: Chompers|atk|2
|move|p1a: Is he wet?|Hurricane|p2a: Chompers|[miss]
|-miss|p1a: Is he wet?|p2a: Chompers
|
|upkeep
|turn|3
|
|t:|1758984413
|move|p2a: Chompers|Outrage|p1a: Is he wet?
|-damage|p1a: Is he wet?|0 fnt
|faint|p1a: Is he wet?
|
|upkeep
|
|t:|1758984420
|switch|p1a: Dr Eggman|Chesnaught, F|100/100
|-damage|p1a: Dr Eggman|94/100|[from] Stealth Rock
|turn|4
|
|t:|1758984427
|move|p1a: Dr Eggman|Spiky Shield|p1a: Dr Eggman
|-singleturn|p1a: Dr Eggman|move: Protect
|move|p2a: Chompers|Outrage|p1a: Dr Eggman|[from] lockedmove
|-activate|p1a: Dr Eggman|move: Protect
|-damage|p2a: Chompers|40/100|[from] Spiky Shield|[of] p1a: Dr Eggman
|
|upkeep
|turn|5
|
|t:|1758984481
|switch|p1a: Azula|Azumarill, F|100/100
|-damage|p1a: Azula|88/100|[from] Stealth Rock
|move|p2a: Chompers|Outrage|p1a: Azula
|-immune|p1a: Azula
|
|upkeep
|turn|6
|
|t:|1758984493
|move|p2a: Chompers|Earthquake|p1a: Azula
|-damage|p1a: Azula|0 fnt
|faint|p1a: Azula
|
|upkeep
|
|t:|1758984502
|switch|p1a: Dr Eggman|Chesnaught, F|94/100
|-damage|p1a: Dr Eggman|88/100|[from] Stealth Rock
|turn|7
|
|t:|1758984512
|move|p2a: Chompers|Outrage|p1a: Dr Eggman
|-damage|p1a: Dr Eggman|7/100
|-damage|p2a: Chompers|24/100|[from] item: Rocky Helmet|[of] p1a: Dr Eggman
|move|p1a: Dr Eggman|Leech Seed|p2a: Chompers
|-start|p2a: Chompers|move: Leech Seed
|
|-damage|p2a: Chompers|11/100|[from] Leech Seed|[of] p1a: Dr Eggman
|-heal|p1a: Dr Eggman|19/100|[silent]
|upkeep
|turn|8
|
|t:|1758984520
|move|p1a: Dr Eggman|Spiky Shield|p1a: Dr Eggman
|-singleturn|p1a: Dr Eggman|move: Protect
|move|p2a: Chompers|Outrage|p1a: Dr Eggman|[from] lockedmove
|-activate|p1a: Dr Eggman|move: Protect
|-damage|p2a: Chompers|0 fnt|[from] Spiky Shield|[of] p1a: Dr Eggman
|faint|p2a: Chompers
|
|upkeep
|
|t:|1758984529
|switch|p2a: Ice Ice Baby|Mamoswine, F|100/100
|turn|9
|
|t:|1758984547
|move|p1a: Dr Eggman|Spiky Shield||[still]
|-fail|p1a: Dr Eggman
|move|p2a: Ice Ice Baby|Ice Shard|p1a: Dr Eggman
|-supereffective|p1a: Dr Eggman
|-damage|p1a: Dr Eggman|0 fnt
|faint|p1a: Dr Eggman
|
|upkeep
|
|t:|1758984606
|switch|p1a: Fat Goopert|Goodra-Hisui, F|100/100
|-damage|p1a: Fat Goopert|94/100|[from] Stealth Rock
|-item|p1a: Fat Goopert|Air Balloon
|turn|10
|
|t:|1758984646
|move|p2a: Ice Ice Baby|Knock Off|p1a: Fat Goopert
|-damage|p1a: Fat Goopert|64/100
|-enditem|p1a: Fat Goopert|Air Balloon
|move|p1a: Fat Goopert|Acid Armor|p1a: Fat Goopert
|-boost|p1a: Fat Goopert|def|2
|
|upkeep
|turn|11
|j| bigfreakerjr
|
|t:|1758984668
|move|p2a: Ice Ice Baby|Earthquake|p1a: Fat Goopert
|-supereffective|p1a: Fat Goopert
|-damage|p1a: Fat Goopert|19/100
|move|p1a: Fat Goopert|Body Press|p2a: Ice Ice Baby
|-supereffective|p2a: Ice Ice Baby
|-damage|p2a: Ice Ice Baby|18/100
|-enditem|p2a: Ice Ice Baby|Weakness Policy
|-boost|p2a: Ice Ice Baby|atk|2|[from] item: Weakness Policy
|-boost|p2a: Ice Ice Baby|spa|2|[from] item: Weakness Policy
|
|upkeep
|turn|12
|
|t:|1758984694
|move|p2a: Ice Ice Baby|Ice Shard|p1a: Fat Goopert
|-damage|p1a: Fat Goopert|0 fnt
|faint|p1a: Fat Goopert
|
|upkeep
|
|t:|1758984706
|switch|p1a: Salad|Salamence, M|100/100
|-damage|p1a: Salad|76/100|[from] Stealth Rock
|turn|13
|
|t:|1758984723
|move|p2a: Ice Ice Baby|Ice Shard|p1a: Salad
|-supereffective|p1a: Salad
|-damage|p1a: Salad|0 fnt
|faint|p1a: Salad
|
|upkeep
|
|t:|1758984727
|switch|p1a: Hold my Purse|Delphox, M, shiny|100/100
|-damage|p1a: Hold my Purse|76/100|[from] Stealth Rock
|turn|14
|
|t:|1758984735
|move|p1a: Hold my Purse|Shadow Ball|p2a: Ice Ice Baby
|-damage|p2a: Ice Ice Baby|0 fnt
|faint|p2a: Ice Ice Baby
|
|upkeep
|
|t:|1758984742
|switch|p2a: Bubble 07|Inteleon, M, shiny|100/100
|turn|15
|
|t:|1758984745
|move|p1a: Hold my Purse|Shadow Ball|p2a: Bubble 07
|-damage|p2a: Bubble 07|56/100
|move|p2a: Bubble 07|Snipe Shot|p1a: Hold my Purse
|-supereffective|p1a: Hold my Purse
|-damage|p1a: Hold my Purse|0 fnt
|faint|p1a: Hold my Purse
|
|win|BigFreakerSr
