|j|☆prideofpokemon
|j|☆Hyundai sim pour
|t:|1759020938
|gametype|singles
|player|p1|prideofpokemon|beauty-gen4dp|1239
|player|p2|Hyundai sim pour|169|1252
|gen|9
|tier|[Gen 9] OU
|rated|
|rule|HP Percentage Mod: HP is shown in percentages
|rule|Endless Battle Clause: Forcing endless battles is banned
|rule|Species Clause: Limit one of each Pokémon
|rule|OHKO Clause: OHKO moves are banned
|rule|Evasion Items Clause: Evasion items are banned
|rule|Evasion Moves Clause: Evasion moves are banned
|rule|Evasion Abilities Clause: Evasion abilities are banned
|rule|Sleep Moves Clause: Sleep-inducing moves are banned
|clearpoke
|poke|p1|Tornadus, M|
|poke|p1|Entei|
|poke|p1|Slither Wing|
|poke|p1|Great Tusk|
|poke|p1|Ninetales, F|
|poke|p1|Jolteon, M|
|poke|p2|Garganacl, M|
|poke|p2|Dragapult, F|
|poke|p2|Great Tusk|
|poke|p2|Corviknight, F|
|poke|p2|Tyranitar, F|
|poke|p2|Kingambit, F|
|teampreview
|inactive|Battle timer is ON: inactive players will automatically lose when time's up. (requested by Hyundai sim pour)
|
|t:|1759020947
|teamsize|p1|6
|teamsize|p2|6
|start
|switch|p1a: Entei|Entei|100/100
|switch|p2a: Great Tusk|Great Tusk|100/100
|-ability|p1a: Entei|Pressure
|turn|1
|
|t:|1759020954
|move|p1a: Entei|Substitute|p1a: Entei
|-start|p1a: Entei|Substitute
|-damage|p1a: Entei|76/100
|move|p2a: Great Tusk|Headlong Rush|p1a: Entei
|-supereffective|p1a: Entei
|-end|p1a: Entei|Substitute
|-unboost|p2a: Great Tusk|def|1
|-unboost|p2a: Great Tusk|spd|1
|
|upkeep
|turn|2
|
|t:|1759020963
|move|p1a: Entei|Substitute|p1a: Entei
|-start|p1a: Entei|Substitute
|-damage|p1a: Entei|51/100
|move|p2a: Great Tusk|Headlong Rush|p1a: Entei
|-supereffective|p1a: Entei
|-end|p1a: Entei|Substitute
|-unboost|p2a: Great Tusk|def|1
|-unboost|p2a: Great Tusk|spd|1
|
|upkeep
|turn|3
|
|t:|1759020972
|move|p1a: Entei|Substitute|p1a: Entei
|-start|p1a: Entei|Substitute
|-damage|p1a: Entei|26/100
|move|p2a: Great Tusk|Stealth Rock|p1a: Entei
|-sidestart|p1: prideofpokemon|move: Stealth Rock
|
|upkeep
|turn|4
|
|t:|1759020981
|move|p1a: Entei|Sacred Fire|p2a: Great Tusk
|-damage|p2a: Great Tusk|23/100
|-status|p2a: Great Tusk|brn
|move|p2a: Great Tusk|Headlong Rush|p1a: Entei
|-supereffective|p1a: Entei
|-end|p1a: Entei|Substitute
|-unboost|p2a: Great Tusk|def|1
|-unboost|p2a: Great Tusk|spd|1
|
|-damage|p2a: Great Tusk|17/100 brn|[from] brn
|upkeep
|turn|5
|
|t:|1759020994
|move|p1a: Entei|Sacred Fire|p2a: Great Tusk
|-damage|p2a: Great Tusk|0 fnt
|faint|p2a: Great Tusk
|-end|p2a: Great Tusk|Protosynthesis|[silent]
|
|upkeep
|
|t:|1759021006
|switch|p2a: Tyranitar|Tyranitar, F|100/100
|-weather|Sandstorm|[from] ability: Sand Stream|[of] p2a: Tyranitar
|turn|6
|
|t:|1759021010
|move|p1a: Entei|Reversal|p2a: Tyranitar
|-supereffective|p2a: Tyranitar
|-damage|p2a: Tyranitar|0 fnt
|faint|p2a: Tyranitar
|
|-weather|Sandstorm|[upkeep]
|-damage|p1a: Entei|20/100|[from] Sandstorm
|upkeep
|
|t:|1759021018
|switch|p2a: Dragapult|Dragapult, F|100/100
|turn|7
|
|t:|1759021027
|switch|p1a: Slither Wing|Slither Wing|100/100
|-damage|p1a: Slither Wing|88/100|[from] Stealth Rock
|move|p2a: Dragapult|Shadow Ball|p1a: Slither Wing
|-damage|p1a: Slither Wing|59/100
|
|-weather|Sandstorm|[upkeep]
|-damage|p2a: Dragapult|95/100|[from] Sandstorm
|-damage|p1a: Slither Wing|53/100|[from] Sandstorm
|upkeep
|turn|8
|
|t:|1759021039
|switch|p2a: Corviknight|Corviknight, F|100/100
|move|p1a: Slither Wing|U-turn|p2a: Corviknight
|-resisted|p2a: Corviknight
|-damage|p2a: Corviknight|94/100
|-damage|p1a: Slither Wing|36/100|[from] item: Rocky Helmet|[of] p2a: Corviknight
|
|t:|1759021045
|-end|p1a: Slither Wing|Protosynthesis|[silent]
|switch|p1a: Ninetales|Ninetales, F|100/100|[from] U-turn
|-damage|p1a: Ninetales|76/100|[from] Stealth Rock
|-weather|SunnyDay|[from] ability: Drought|[of] p1a: Ninetales
|
|-weather|SunnyDay|[upkeep]
|upkeep
|turn|9
|
|t:|1759021059
|switch|p2a: Garganacl|Garganacl, M|100/100
|move|p1a: Ninetales|Overheat|p2a: Garganacl
|-resisted|p2a: Garganacl
|-damage|p2a: Garganacl|49/100
|-unboost|p1a: Ninetales|spa|2
|
|-weather|SunnyDay|[upkeep]
|-heal|p2a: Garganacl|55/100|[from] item: Leftovers
|upkeep
|turn|10
|
|t:|1759021069
|switch|p1a: Great Tusk|Great Tusk|100/100
|-damage|p1a: Great Tusk|98/100|[from] Stealth Rock
|-activate|p1a: Great Tusk|ability: Protosynthesis
|-start|p1a: Great Tusk|protosynthesisatk
|move|p2a: Garganacl|Salt Cure|p1a: Great Tusk
|-resisted|p1a: Great Tusk
|-damage|p1a: Great Tusk|95/100
|-start|p1a: Great Tusk|Salt Cure
|
|-weather|SunnyDay|[upkeep]
|-heal|p2a: Garganacl|61/100|[from] item: Leftovers
|-damage|p1a: Great Tusk|82/100|[from] Salt Cure
|upkeep
|turn|11
|
|t:|1759021095
|move|p1a: Great Tusk|Rapid Spin|p2a: Garganacl
|-resisted|p2a: Garganacl
|-damage|p2a: Garganacl|53/100
|-boost|p1a: Great Tusk|spe|1
|-sideend|p1: prideofpokemon|Stealth Rock|[from] move: Rapid Spin|[of] p1a: Great Tusk
|-damage|p1a: Great Tusk|73/100|[from] item: Life Orb
|move|p2a: Garganacl|Iron Defense|p2a: Garganacl
|-boost|p2a: Garganacl|def|2
|
|-weather|SunnyDay|[upkeep]
|-heal|p2a: Garganacl|59/100|[from] item: Leftovers
|-damage|p1a: Great Tusk|60/100|[from] Salt Cure
|upkeep
|turn|12
|
|t:|1759021107
|-end|p1a: Great Tusk|Protosynthesis|[silent]
|switch|p1a: Ninetales|Ninetales, F|76/100
|move|p2a: Garganacl|Recover|p2a: Garganacl
|-heal|p2a: Garganacl|100/100
|
|-weather|none
|upkeep
|turn|13
|
|t:|1759021115
|move|p1a: Ninetales|Encore|p2a: Garganacl
|-start|p2a: Garganacl|Encore
|move|p2a: Garganacl|Recover||[still]
|-fail|p2a: Garganacl|heal
|
|upkeep
|turn|14
|
|t:|1759021124
|switch|p1a: Tornadus|Tornadus, M|100/100
|move|p2a: Garganacl|Recover||[still]
|-fail|p2a: Garganacl|heal
|
|upkeep
|turn|15
|
|t:|1759021131
|move|p1a: Tornadus|Tailwind|p1a: Tornadus
|-sidestart|p1: prideofpokemon|move: Tailwind
|move|p2a: Garganacl|Recover||[still]
|-fail|p2a: Garganacl|heal
|
|-end|p2a: Garganacl|Encore
|upkeep
|turn|16
|
|t:|1759021143
|-terastallize|p1a: Tornadus|Ground
|move|p1a: Tornadus|Tera Blast|p2a: Garganacl|[anim] Tera Blast Ground
|-supereffective|p2a: Garganacl
|-damage|p2a: Garganacl|25/100
|move|p2a: Garganacl|Salt Cure|p1a: Tornadus
|-resisted|p1a: Tornadus
|-damage|p1a: Tornadus|90/100
|-start|p1a: Tornadus|Salt Cure
|
|-heal|p2a: Garganacl|31/100|[from] item: Leftovers
|-damage|p1a: Tornadus|78/100|[from] Salt Cure
|upkeep
|turn|17
|
|t:|1759021159
|switch|p2a: Corviknight|Corviknight, F|94/100
|move|p1a: Tornadus|Tera Blast|p2a: Corviknight|[anim] Tera Blast Ground
|-immune|p2a: Corviknight
|
|-damage|p1a: Tornadus|65/100|[from] Salt Cure
|upkeep
|turn|18
|
|t:|1759021167
|move|p1a: Tornadus|Heat Wave|p2a: Corviknight
|-supereffective|p2a: Corviknight
|-damage|p2a: Corviknight|31/100
|move|p2a: Corviknight|Body Press|p1a: Tornadus
|-damage|p1a: Tornadus|27/100
|
|-damage|p1a: Tornadus|14/100|[from] Salt Cure
|-sideend|p1: prideofpokemon|move: Tailwind
|upkeep
|turn|19
|
|t:|1759021187
|move|p1a: Tornadus|Tailwind|p1a: Tornadus
|-sidestart|p1: prideofpokemon|move: Tailwind
|move|p2a: Corviknight|Body Press|p1a: Tornadus
|-damage|p1a: Tornadus|0 fnt
|faint|p1a: Tornadus
|
|upkeep
|
|t:|1759021201
|switch|p1a: Entei|Entei|20/100
|-ability|p1a: Entei|Pressure
|turn|20
|
|t:|1759021210
|move|p1a: Entei|Sacred Fire|p2a: Corviknight
|-supereffective|p2a: Corviknight
|-damage|p2a: Corviknight|0 fnt
|faint|p2a: Corviknight
|
|upkeep
|
|t:|1759021216
|switch|p2a: Dragapult|Dragapult, F|95/100
|turn|21
|
|t:|1759021220
|move|p1a: Entei|Sacred Fire|p2a: Dragapult
|-resisted|p2a: Dragapult
|-damage|p2a: Dragapult|54/100
|move|p2a: Dragapult|Shadow Ball|p1a: Entei
|-damage|p1a: Entei|0 fnt
|faint|p1a: Entei
|
|upkeep
|
|t:|1759021224
|switch|p1a: Jolteon|Jolteon, M|100/100
|turn|22
|
|t:|1759021231
|move|p1a: Jolteon|Alluring Voice|p2a: Dragapult
|-supereffective|p2a: Dragapult
|-damage|p2a: Dragapult|0 fnt
|faint|p2a: Dragapult
|
|-sideend|p1: prideofpokemon|move: Tailwind
|upkeep
|
|t:|1759021237
|switch|p2a: Garganacl|Garganacl, M|31/100
|turn|23
|inactive|prideofpokemon has 120 seconds left.
|
|t:|1759021276
|move|p1a: Jolteon|Discharge|p2a: Garganacl
|-damage|p2a: Garganacl|0 fnt
|faint|p2a: Garganacl
|
|upkeep
|
|t:|1759021281
|switch|p2a: Kingambit|Kingambit, F|100/100
|-activate|p2a: Kingambit|ability: Supreme Overlord
|-start|p2a: Kingambit|fallen5|[silent]
|turn|24
|
|t:|1759021288
|switch|p1a: Ninetales|Ninetales, F|76/100
|-weather|SunnyDay|[from] ability: Drought|[of] p1a: Ninetales
|move|p2a: Kingambit|Swords Dance|p2a: Kingambit
|-boost|p2a: Kingambit|atk|2
|
|-weather|SunnyDay|[upkeep]
|upkeep
|turn|25
|
|t:|1759021298
|-terastallize|p2a: Kingambit|Dark
|move|p2a: Kingambit|Sucker Punch||[still]
|-fail|p2a: Kingambit
|move|p1a: Ninetales|Encore|p2a: Kingambit
|-start|p2a: Kingambit|Encore
|
|-weather|SunnyDay|[upkeep]
|upkeep
|turn|26
|
|t:|1759021306
|switch|p1a: Slither Wing|Slither Wing|36/100
|-activate|p1a: Slither Wing|ability: Protosynthesis
|-start|p1a: Slither Wing|protosynthesisatk
|move|p2a: Kingambit|Sucker Punch||[still]
|-fail|p2a: Kingambit
|
|-weather|SunnyDay|[upkeep]
|upkeep
|turn|27
|
|t:|1759021314
|move|p1a: Slither Wing|First Impression|p2a: Kingambit
|-supereffective|p2a: Kingambit
|-damage|p2a: Kingambit|3/100
|move|p2a: Kingambit|Sucker Punch||[still]
|-fail|p2a: Kingambit
|
|-weather|SunnyDay|[upkeep]
|-heal|p2a: Kingambit|10/100|[from] item: Leftovers
|upkeep
|turn|28
|
|t:|1759021327
|-end|p1a: Slither Wing|Protosynthesis|[silent]
|switch|p1a: Ninetales|Ninetales, F|76/100
|move|p2a: Kingambit|Sucker Punch||[still]
|-fail|p2a: Kingambit
|
|-weather|none
|-heal|p2a: Kingambit|16/100|[from] item: Leftovers
|-end|p2a: Kingambit|Encore
|upkeep
|turn|29
|
|t:|1759021337
|move|p1a: Ninetales|Healing Wish|p1a: Ninetales
|faint|p1a: Ninetales
|move|p2a: Kingambit|Iron Head|p1: Ninetales|[notarget]
|-fail|p2a: Kingambit
|
|-heal|p2a: Kingambit|22/100|[from] item: Leftovers
|upkeep
|
|t:|1759021338
|switch|p1a: Slither Wing|Slither Wing|36/100
|-heal|p1a: Slither Wing|100/100|[from] move: Healing Wish
|turn|30
|
|t:|1759021357
|move|p1a: Slither Wing|First Impression|p2a: Kingambit
|-supereffective|p2a: Kingambit
|-damage|p2a: Kingambit|0 fnt
|faint|p2a: Kingambit
|-end|p2a: Kingambit|fallen5|[silent]
|
|win|prideofpokemon
|raw|prideofpokemon's rating: 1239 &rarr; <strong>1265</strong><br />(+26 for winning)
|raw|Hyundai sim pour's rating: 1252 &rarr; <strong>1226</strong><br />(-26 for losing)
|l|☆Hyundai sim pour
|player|p2|
