|j|☆Bomb Enthusiast
|j|☆Kidhub
|t:|1759038605
|gametype|singles
|player|p1|Bomb Enthusiast|brycenman|1418
|player|p2|Kidhub|101|1457
|gen|9
|tier|[Gen 9] OU
|rated|
|rule|HP Percentage Mod: HP is shown in percentages
|rule|Endless Battle Clause: Forcing endless battles is banned
|rule|Species Clause: Limit one of each Pokémon
|rule|OHKO Clause: OHKO moves are banned
|rule|Evasion Items Clause: Evasion items are banned
|rule|Evasion Moves Clause: Evasion moves are banned
|rule|Evasion Abilities Clause: Evasion abilities are banned
|rule|Sleep Moves Clause: Sleep-inducing moves are banned
|clearpoke
|poke|p1|Glimmora, M|
|poke|p1|Ogerpon-Wellspring, F|
|poke|p1|Hatterene, F|
|poke|p1|Iron Moth|
|poke|p1|Dragonite, F|
|poke|p1|Kingambit, M|
|poke|p2|Ogerpon-Cornerstone, F|
|poke|p2|Hatterene, F|
|poke|p2|Pecharunt|
|poke|p2|Landorus-Therian, M|
|poke|p2|Kingambit, F|
|poke|p2|Latios, M|
|teampreview
|inactive|Battle timer is ON: inactive players will automatically lose when time's up. (requested by Kidhub)
|
|t:|1759038620
|teamsize|p1|6
|teamsize|p2|6
|start
|switch|p1a: Sacrificial Lamb|Glimmora, M|100/100
|switch|p2a: Latios|Latios, M|100/100
|turn|1
|inactive|Bomb Enthusiast has 120 seconds left.
|
|t:|1759038656
|move|p2a: Latios|Luster Purge|p1a: Sacrificial Lamb
|-supereffective|p1a: Sacrificial Lamb
|-enditem|p1a: Sacrificial Lamb|Focus Sash
|-damage|p1a: Sacrificial Lamb|1/100
|-unboost|p1a: Sacrificial Lamb|spd|1
|move|p1a: Sacrificial Lamb|Explosion|p2a: Latios
|-damage|p2a: Latios|54/100
|faint|p1a: Sacrificial Lamb
|
|upkeep
|
|t:|1759038669
|switch|p1a: Macabre Masquerade|Ogerpon-Wellspring, F|100/100
|turn|2
|
|t:|1759038683
|move|p2a: Latios|Luster Purge|p1a: Macabre Masquerade
|-damage|p1a: Macabre Masquerade|43/100
|move|p1a: Macabre Masquerade|Knock Off|p2a: Latios
|-supereffective|p2a: Latios
|-damage|p2a: Latios|0 fnt
|-enditem|p2a: Latios|Choice Scarf|[from] move: Knock Off|[of] p1a: Macabre Masquerade
|faint|p2a: Latios
|
|upkeep
|
|t:|1759038701
|switch|p2a: Landorus|Landorus-Therian, M|100/100
|-ability|p2a: Landorus|Intimidate|boost
|-unboost|p1a: Macabre Masquerade|atk|1
|turn|3
|inactive|Bomb Enthusiast has 120 seconds left.
|
|t:|1759038720
|move|p1a: Macabre Masquerade|U-turn|p2a: Landorus
|-resisted|p2a: Landorus
|-damage|p2a: Landorus|93/100
|-damage|p1a: Macabre Masquerade|26/100|[from] item: Rocky Helmet|[of] p2a: Landorus
|
|t:|1759038725
|switch|p1a: Darker Magic Still|Hatterene, F|100/100|[from] U-turn
|move|p2a: Landorus|U-turn|p1a: Darker Magic Still
|-damage|p1a: Darker Magic Still|83/100
|
|t:|1759038739
|switch|p2a: Hatterene|Hatterene, F|100/100|[from] U-turn
|
|-heal|p1a: Darker Magic Still|89/100|[from] item: Leftovers
|upkeep
|turn|4
|
|t:|1759038752
|move|p2a: Hatterene|Mystical Fire|p1a: Darker Magic Still
|-damage|p1a: Darker Magic Still|60/100
|-unboost|p1a: Darker Magic Still|spa|1
|move|p1a: Darker Magic Still|Calm Mind|p1a: Darker Magic Still
|-boost|p1a: Darker Magic Still|spa|1
|-boost|p1a: Darker Magic Still|spd|1
|
|-heal|p1a: Darker Magic Still|66/100|[from] item: Leftovers
|upkeep
|turn|5
|
|t:|1759038762
|move|p2a: Hatterene|Mystical Fire|p1a: Darker Magic Still
|-damage|p1a: Darker Magic Still|48/100
|-unboost|p1a: Darker Magic Still|spa|1
|move|p1a: Darker Magic Still|Calm Mind|p1a: Darker Magic Still
|-boost|p1a: Darker Magic Still|spa|1
|-boost|p1a: Darker Magic Still|spd|1
|
|-heal|p1a: Darker Magic Still|54/100|[from] item: Leftovers
|upkeep
|turn|6
|
|t:|1759038772
|switch|p2a: Ogerpon|Ogerpon-Cornerstone, F|100/100
|move|p1a: Darker Magic Still|Draining Kiss|p2a: Ogerpon
|-damage|p2a: Ogerpon|73/100
|-heal|p1a: Darker Magic Still|74/100|[from] drain|[of] p2a: Ogerpon
|
|-heal|p1a: Darker Magic Still|80/100|[from] item: Leftovers
|upkeep
|turn|7
|
|t:|1759038788
|-terastallize|p2a: Ogerpon|Rock
|detailschange|p2a: Ogerpon|Ogerpon-Cornerstone-Tera, F, tera:Rock
|-ability|p2a: Ogerpon|Embody Aspect (Cornerstone)|boost
|-boost|p2a: Ogerpon|def|1
|move|p2a: Ogerpon|Ivy Cudgel|p1a: Darker Magic Still|[anim] Ivy Cudgel Rock
|-damage|p1a: Darker Magic Still|13/100
|move|p1a: Darker Magic Still|Draining Kiss|p2a: Ogerpon
|-damage|p2a: Ogerpon|48/100
|-heal|p1a: Darker Magic Still|31/100|[from] drain|[of] p2a: Ogerpon
|
|-heal|p1a: Darker Magic Still|37/100|[from] item: Leftovers
|upkeep
|turn|8
|inactive|Bomb Enthusiast has 120 seconds left.
|
|t:|1759038818
|move|p2a: Ogerpon|Ivy Cudgel|p1a: Darker Magic Still|[anim] Ivy Cudgel Rock
|-crit|p1a: Darker Magic Still
|-damage|p1a: Darker Magic Still|0 fnt
|faint|p1a: Darker Magic Still
|
|upkeep
|
|t:|1759038822
|switch|p1a: Macabre Masquerade|Ogerpon-Wellspring, F|26/100
|turn|9
|
|t:|1759038827
|move|p1a: Macabre Masquerade|Ivy Cudgel|p2a: Ogerpon|[anim] Ivy Cudgel Water
|-supereffective|p2a: Ogerpon
|-damage|p2a: Ogerpon|0 fnt
|faint|p2a: Ogerpon
|detailschange|p2: Ogerpon|Ogerpon-Cornerstone, F|[silent]
|
|upkeep
|
|t:|1759038834
|switch|p2a: Landorus|Landorus-Therian, M|93/100
|-ability|p2a: Landorus|Intimidate|boost
|-unboost|p1a: Macabre Masquerade|atk|1
|turn|10
|
|t:|1759038839
|move|p1a: Macabre Masquerade|Ivy Cudgel|p2a: Landorus|[anim] Ivy Cudgel Water
|-supereffective|p2a: Landorus
|-damage|p2a: Landorus|32/100
|move|p2a: Landorus|Stealth Rock|p1a: Macabre Masquerade
|-sidestart|p1: Bomb Enthusiast|move: Stealth Rock
|
|upkeep
|turn|11
|
|t:|1759038848
|switch|p2a: Pecharunt|Pecharunt|100/100
|move|p1a: Macabre Masquerade|Ivy Cudgel|p2a: Pecharunt|[anim] Ivy Cudgel Water
|-damage|p2a: Pecharunt|82/100
|
|upkeep
|turn|12
|
|t:|1759038855
|move|p1a: Macabre Masquerade|Knock Off|p2a: Pecharunt
|-supereffective|p2a: Pecharunt
|-damage|p2a: Pecharunt|59/100
|-enditem|p2a: Pecharunt|Heavy-Duty Boots|[from] move: Knock Off|[of] p1a: Macabre Masquerade
|move|p2a: Pecharunt|Parting Shot|p1a: Macabre Masquerade
|-unboost|p1a: Macabre Masquerade|atk|1
|-unboost|p1a: Macabre Masquerade|spa|1
|
|t:|1759038861
|switch|p2a: Kingambit|Kingambit, F|100/100|[from] Parting Shot
|-activate|p2a: Kingambit|ability: Supreme Overlord
|-start|p2a: Kingambit|fallen2|[silent]
|
|upkeep
|turn|13
|
|t:|1759038870
|move|p2a: Kingambit|Sucker Punch|p1a: Macabre Masquerade
|-damage|p1a: Macabre Masquerade|0 fnt
|faint|p1a: Macabre Masquerade
|
|upkeep
|
|t:|1759038873
|switch|p1a: The Golden God|Iron Moth|100/100
|-damage|p1a: The Golden God|76/100|[from] Stealth Rock
|-enditem|p1a: The Golden God|Booster Energy
|-activate|p1a: The Golden God|ability: Quark Drive|[fromitem]
|-start|p1a: The Golden God|quarkdrivespe
|turn|14
|
|t:|1759038882
|move|p1a: The Golden God|Substitute|p1a: The Golden God
|-start|p1a: The Golden God|Substitute
|-damage|p1a: The Golden God|51/100
|move|p2a: Kingambit|Kowtow Cleave|p1a: The Golden God
|-end|p1a: The Golden God|Substitute
|
|upkeep
|turn|15
|
|t:|1759038892
|-end|p2a: Kingambit|fallen2|[silent]
|switch|p2a: Hatterene|Hatterene, F|100/100
|move|p1a: The Golden God|Substitute|p1a: The Golden God
|-start|p1a: The Golden God|Substitute
|-damage|p1a: The Golden God|26/100
|
|upkeep
|turn|16
|
|t:|1759038899
|move|p1a: The Golden God|Sludge Wave|p2a: Hatterene
|-supereffective|p2a: Hatterene
|-damage|p2a: Hatterene|43/100
|move|p2a: Hatterene|Psychic Noise|p1a: The Golden God
|-supereffective|p1a: The Golden God
|-damage|p1a: The Golden God|0 fnt
|faint|p1a: The Golden God
|-end|p1a: The Golden God|Quark Drive|[silent]
|
|upkeep
|
|t:|1759038907
|switch|p1a: Envoy Of The End|Dragonite, F|100/100
|-damage|p1a: Envoy Of The End|76/100|[from] Stealth Rock
|turn|17
|
|t:|1759038911
|move|p1a: Envoy Of The End|Dragon Dance|p1a: Envoy Of The End
|-boost|p1a: Envoy Of The End|atk|1
|-boost|p1a: Envoy Of The End|spe|1
|move|p2a: Hatterene|Draining Kiss|p1a: Envoy Of The End
|-supereffective|p1a: Envoy Of The End
|-damage|p1a: Envoy Of The End|23/100
|-heal|p2a: Hatterene|84/100|[from] drain|[of] p1a: Envoy Of The End
|
|upkeep
|turn|18
|
|t:|1759038919
|switch|p2a: Landorus|Landorus-Therian, M|32/100
|-ability|p2a: Landorus|Intimidate|boost
|-unboost|p1a: Envoy Of The End|atk|1
|move|p1a: Envoy Of The End|Earthquake|p2a: Landorus
|-immune|p2a: Landorus
|
|upkeep
|turn|19
|
|t:|1759038927
|move|p1a: Envoy Of The End|Dragon Dance|p1a: Envoy Of The End
|-boost|p1a: Envoy Of The End|atk|1
|-boost|p1a: Envoy Of The End|spe|1
|move|p2a: Landorus|U-turn|p1a: Envoy Of The End
|-resisted|p1a: Envoy Of The End
|-damage|p1a: Envoy Of The End|11/100
|
|t:|1759038934
|switch|p2a: Pecharunt|Pecharunt|59/100|[from] U-turn
|
|upkeep
|turn|20
|
|t:|1759038939
|move|p1a: Envoy Of The End|Earthquake|p2a: Pecharunt
|-supereffective|p2a: Pecharunt
|-damage|p2a: Pecharunt|2/100
|move|p2a: Pecharunt|Malignant Chain|p1a: Envoy Of The End
|-damage|p1a: Envoy Of The End|0 fnt
|faint|p1a: Envoy Of The End
|
|upkeep
|
|t:|1759038945
|switch|p1a: Guilty Survivor|Kingambit, M|100/100
|-damage|p1a: Guilty Survivor|94/100|[from] Stealth Rock
|-activate|p1a: Guilty Survivor|ability: Supreme Overlord
|-start|p1a: Guilty Survivor|fallen5|[silent]
|turn|21
|
|t:|1759038951
|move|p2a: Pecharunt|Parting Shot|p1a: Guilty Survivor
|-unboost|p1a: Guilty Survivor|atk|1
|-unboost|p1a: Guilty Survivor|spa|1
|
|t:|1759038955
|switch|p2a: Landorus|Landorus-Therian, M|32/100|[from] Parting Shot
|-ability|p2a: Landorus|Intimidate|boost
|-unboost|p1a: Guilty Survivor|atk|1
|move|p1a: Guilty Survivor|Swords Dance|p1a: Guilty Survivor
|-boost|p1a: Guilty Survivor|atk|2
|
|upkeep
|turn|22
|
|t:|1759038963
|move|p1a: Guilty Survivor|Sucker Punch|p2a: Landorus
|-damage|p2a: Landorus|0 fnt
|-damage|p1a: Guilty Survivor|78/100|[from] item: Rocky Helmet|[of] p2a: Landorus
|faint|p2a: Landorus
|
|upkeep
|
|t:|1759038969
|switch|p2a: Kingambit|Kingambit, F|100/100
|-activate|p2a: Kingambit|ability: Supreme Overlord
|-start|p2a: Kingambit|fallen3|[silent]
|turn|23
|
|t:|1759038984
|-terastallize|p1a: Guilty Survivor|Fire
|move|p1a: Guilty Survivor|Swords Dance|p1a: Guilty Survivor
|-boost|p1a: Guilty Survivor|atk|2
|move|p2a: Kingambit|Low Kick|p1a: Guilty Survivor
|-damage|p1a: Guilty Survivor|38/100
|
|upkeep
|turn|24
|
|t:|1759038992
|move|p2a: Kingambit|Sucker Punch|p1a: Guilty Survivor
|-damage|p1a: Guilty Survivor|0 fnt
|faint|p1a: Guilty Survivor
|-end|p1a: Guilty Survivor|fallen5|[silent]
|
|win|Kidhub
|raw|Bomb Enthusiast's rating: 1418 &rarr; <strong>1400</strong><br />(-18 for losing)
|raw|Kidhub's rating: 1457 &rarr; <strong>1475</strong><br />(+18 for winning)
|l|☆Kidhub
|player|p2|
|l|☆Bomb Enthusiast
|player|p1|
