|j|☆B!ngChiLing
|j|☆Simplicial Complex
|t:|1759069814
|gametype|singles
|player|p1|B!ngChiLing|dragontamer|1411
|player|p2|Simplicial Complex|clown|1383
|gen|9
|tier|[Gen 9] OU
|rated|
|rule|HP Percentage Mod: HP is shown in percentages
|rule|Endless Battle Clause: Forcing endless battles is banned
|rule|Species Clause: Limit one of each Pokémon
|rule|OHKO Clause: OHKO moves are banned
|rule|Evasion Items Clause: Evasion items are banned
|rule|Evasion Moves Clause: Evasion moves are banned
|rule|Evasion Abilities Clause: Evasion abilities are banned
|rule|Sleep Moves Clause: Sleep-inducing moves are banned
|clearpoke
|poke|p1|Manaphy|
|poke|p1|Kingdra, F|
|poke|p1|Raging Bolt|
|poke|p1|Grimmsnarl, M|
|poke|p1|Great Tusk|
|poke|p1|Kingambit, F|
|poke|p2|Zapdos|
|poke|p2|Rhydon, F|
|poke|p2|Clefable, F|
|poke|p2|Blastoise, M|
|poke|p2|Dragonite, F|
|poke|p2|Snorlax, M|
|teampreview
|inactive|Battle timer is ON: inactive players will automatically lose when time's up. (requested by B!ngChiLing)
|
|t:|1759069834
|teamsize|p1|6
|teamsize|p2|6
|start
|switch|p1a: Grimmsnarl|Grimmsnarl, M|100/100
|switch|p2a: Clefable|Clefable, F|100/100
|turn|1
|
|t:|1759069845
|move|p1a: Grimmsnarl|Reflect|p1a: Grimmsnarl
|-sidestart|p1: B!ngChiLing|Reflect
|move|p2a: Clefable|Moonblast|p1a: Grimmsnarl
|-supereffective|p1a: Grimmsnarl
|-damage|p1a: Grimmsnarl|0 fnt
|faint|p1a: Grimmsnarl
|
|upkeep
|
|t:|1759069857
|switch|p1a: Manaphy|Manaphy|100/100
|turn|2
|
|t:|1759069862
|move|p1a: Manaphy|Tail Glow|p1a: Manaphy
|-boost|p1a: Manaphy|spa|3
|move|p2a: Clefable|Moonblast|p1a: Manaphy
|-damage|p1a: Manaphy|46/100
|
|upkeep
|turn|3
|
|t:|1759069877
|move|p1a: Manaphy|Surf|p2a: Clefable
|-damage|p2a: Clefable|6/100
|move|p2a: Clefable|Moonblast|p1a: Manaphy
|-damage|p1a: Manaphy|0 fnt
|faint|p1a: Manaphy
|
|upkeep
|
|t:|1759069887
|switch|p1a: Kingdra|Kingdra, F|100/100
|turn|4
|
|t:|1759069889
|move|p1a: Kingdra|Liquidation|p2a: Clefable
|-damage|p2a: Clefable|0 fnt
|faint|p2a: Clefable
|
|upkeep
|
|t:|1759069910
|switch|p2a: Snorlax|Snorlax, M|100/100
|turn|5
|
|t:|1759069919
|move|p1a: Kingdra|Dragon Dance|p1a: Kingdra
|-boost|p1a: Kingdra|atk|1
|-boost|p1a: Kingdra|spe|1
|move|p2a: Snorlax|Body Slam|p1a: Kingdra
|-damage|p1a: Kingdra|75/100
|
|upkeep
|turn|6
|
|t:|1759069926
|move|p1a: Kingdra|Focus Energy|p1a: Kingdra
|-start|p1a: Kingdra|move: Focus Energy
|move|p2a: Snorlax|Body Slam|p1a: Kingdra
|-damage|p1a: Kingdra|50/100
|-status|p1a: Kingdra|par
|
|upkeep
|turn|7
|
|t:|1759069934
|cant|p1a: Kingdra|par
|move|p2a: Snorlax|Body Slam|p1a: Kingdra
|-damage|p1a: Kingdra|24/100 par
|
|upkeep
|turn|8
|
|t:|1759069938
|move|p1a: Kingdra|Outrage|p2a: Snorlax
|-crit|p2a: Snorlax
|-damage|p2a: Snorlax|0 fnt
|faint|p2a: Snorlax
|
|-sideend|p1: B!ngChiLing|Reflect
|upkeep
|
|t:|1759069944
|switch|p2a: Dragonite|Dragonite, F|100/100
|turn|9
|
|t:|1759069948
|move|p2a: Dragonite|Extreme Speed|p1a: Kingdra
|-damage|p1a: Kingdra|0 fnt
|faint|p1a: Kingdra
|
|upkeep
|
|t:|1759069953
|switch|p1a: Great Tusk|Great Tusk|100/100
|turn|10
|
|t:|1759069967
|move|p1a: Great Tusk|Rapid Spin|p2a: Dragonite
|-damage|p2a: Dragonite|90/100
|-boost|p1a: Great Tusk|spe|1
|move|p2a: Dragonite|Ice Spinner|p1a: Great Tusk
|-supereffective|p1a: Great Tusk
|-damage|p1a: Great Tusk|51/100
|
|upkeep
|turn|11
|
|t:|1759069976
|move|p1a: Great Tusk|Ice Spinner|p2a: Dragonite
|-supereffective|p2a: Dragonite
|-damage|p2a: Dragonite|0 fnt
|faint|p2a: Dragonite
|
|upkeep
|
|t:|1759069980
|switch|p2a: Blastoise|Blastoise, M|100/100
|turn|12
|
|t:|1759069984
|move|p1a: Great Tusk|Headlong Rush|p2a: Blastoise
|-damage|p2a: Blastoise|18/100
|-unboost|p1a: Great Tusk|def|1
|-unboost|p1a: Great Tusk|spd|1
|move|p2a: Blastoise|Surf|p1a: Great Tusk
|-supereffective|p1a: Great Tusk
|-damage|p1a: Great Tusk|0 fnt
|faint|p1a: Great Tusk
|-end|p1a: Great Tusk|Protosynthesis|[silent]
|
|upkeep
|
|t:|1759069988
|switch|p1a: Raging Bolt|Raging Bolt|100/100
|turn|13
|
|t:|1759069992
|move|p2a: Blastoise|Ice Beam|p1a: Raging Bolt
|-supereffective|p1a: Raging Bolt
|-damage|p1a: Raging Bolt|55/100
|move|p1a: Raging Bolt|Dragon Pulse|p2a: Blastoise
|-damage|p2a: Blastoise|0 fnt
|faint|p2a: Blastoise
|
|-heal|p1a: Raging Bolt|62/100|[from] item: Leftovers
|upkeep
|
|t:|1759069995
|switch|p2a: Rhydon|Rhydon, F|100/100
|turn|14
|
|t:|1759070002
|move|p1a: Raging Bolt|Dragon Pulse|p2a: Rhydon
|-damage|p2a: Rhydon|61/100
|move|p2a: Rhydon|Earthquake|p1a: Raging Bolt
|-supereffective|p1a: Raging Bolt
|-damage|p1a: Raging Bolt|0 fnt
|faint|p1a: Raging Bolt
|-end|p1a: Raging Bolt|Protosynthesis|[silent]
|
|upkeep
|
|t:|1759070005
|switch|p1a: Kingambit|Kingambit, F|100/100
|-activate|p1a: Kingambit|ability: Supreme Overlord
|-start|p1a: Kingambit|fallen5|[silent]
|turn|15
|
|t:|1759070013
|-terastallize|p1a: Kingambit|Dark
|-terastallize|p2a: Rhydon|Ghost
|move|p1a: Kingambit|Iron Head|p2a: Rhydon
|-damage|p2a: Rhydon|24/100
|move|p2a: Rhydon|Earthquake|p1a: Kingambit
|-damage|p1a: Kingambit|52/100
|
|-heal|p1a: Kingambit|58/100|[from] item: Leftovers
|upkeep
|turn|16
|
|t:|1759070021
|move|p1a: Kingambit|Kowtow Cleave|p2a: Rhydon
|-supereffective|p2a: Rhydon
|-damage|p2a: Rhydon|0 fnt
|faint|p2a: Rhydon
|
|-heal|p1a: Kingambit|64/100|[from] item: Leftovers
|upkeep
|
|t:|1759070024
|switch|p2a: Zapdos|Zapdos|100/100
|turn|17
|
|t:|1759070029
|move|p2a: Zapdos|Hurricane|p1a: Kingambit|[miss]
|-miss|p2a: Zapdos|p1a: Kingambit
|move|p1a: Kingambit|Kowtow Cleave|p2a: Zapdos
|-damage|p2a: Zapdos|0 fnt
|-status|p1a: Kingambit|par|[from] ability: Static|[of] p2a: Zapdos
|faint|p2a: Zapdos
|
|win|B!ngChiLing
|raw|B!ngChiLing's rating: 1411 &rarr; <strong>1429</strong><br />(+18 for winning)
|raw|Simplicial Complex's rating: 1383 &rarr; <strong>1365</strong><br />(-18 for losing)
|l|☆B!ngChiLing
|player|p1|
|l|☆Simplicial Complex
|player|p2|
