|j|☆TEATRERO MUGROSO
|j|☆player jack
|t:|1758975691
|gametype|singles
|player|p1|TEATRERO MUGROSO|cynthia-gen4|1328
|player|p2|player jack|roxie|1319
|gen|9
|tier|[Gen 9] OU
|rated|
|rule|HP Percentage Mod: HP is shown in percentages
|rule|Endless Battle Clause: Forcing endless battles is banned
|rule|Species Clause: Limit one of each Pokémon
|rule|OHKO Clause: OHKO moves are banned
|rule|Evasion Items Clause: Evasion items are banned
|rule|Evasion Moves Clause: Evasion moves are banned
|rule|Evasion Abilities Clause: Evasion abilities are banned
|rule|Sleep Moves Clause: Sleep-inducing moves are banned
|clearpoke
|poke|p1|Clefable, M|
|poke|p1|Blastoise, F|
|poke|p1|Gengar, F|
|poke|p1|Magneton|
|poke|p1|Dragonite, M|
|poke|p1|Moltres|
|poke|p2|Meganium, F|
|poke|p2|Talonflame, F|
|poke|p2|Latios, M|
|poke|p2|Medicham, F|
|poke|p2|Magneton|
|poke|p2|Clefable, F|
|teampreview
|inactive|Battle timer is ON: inactive players will automatically lose when time's up. (requested by TEATRERO MUGROSO)
|
|t:|1758975710
|teamsize|p1|6
|teamsize|p2|6
|start
|switch|p1a: Clefable|Clefable, M|100/100
|switch|p2a: Magneton|Magneton, shiny|100/100
|turn|1
|
|t:|1758975723
|move|p1a: Clefable|Stealth Rock|p2a: Magneton
|-sidestart|p2: player jack|move: Stealth Rock
|move|p2a: Magneton|Flash Cannon|p1a: Clefable
|-supereffective|p1a: Clefable
|-damage|p1a: Clefable|38/100
|
|-heal|p1a: Clefable|44/100|[from] item: Leftovers
|upkeep
|turn|2
|
|t:|1758975730
|switch|p1a: Magneton|Magneton|100/100
|move|p2a: Magneton|Volt Switch|p1a: Magneton
|-resisted|p1a: Magneton
|-damage|p1a: Magneton|59/100
|
|t:|1758975738
|switch|p2a: Meganium|Meganium, F, shiny|100/100|[from] Volt Switch
|-damage|p2a: Meganium|88/100|[from] Stealth Rock
|
|upkeep
|turn|3
|
|t:|1758975744
|move|p2a: Meganium|Swords Dance|p2a: Meganium
|-boost|p2a: Meganium|atk|2
|move|p1a: Magneton|Volt Switch|p2a: Meganium
|-resisted|p2a: Meganium
|-damage|p2a: Meganium|61/100
|
|t:|1758975752
|switch|p1a: Gengar|Gengar, F|100/100|[from] Volt Switch
|
|upkeep
|turn|4
|
|t:|1758975760
|-terastallize|p2a: Meganium|Fire
|move|p1a: Gengar|Sludge Wave|p2a: Meganium
|-damage|p2a: Meganium|5/100
|move|p2a: Meganium|Trailblaze|p1a: Gengar
|-resisted|p1a: Gengar
|-damage|p1a: Gengar|27/100
|-boost|p2a: Meganium|spe|1
|
|upkeep
|turn|5
|
|t:|1758975776
|switch|p1a: Moltres|Moltres|100/100
|move|p2a: Meganium|Trailblaze|p1a: Moltres
|-resisted|p1a: Moltres
|-damage|p1a: Moltres|86/100
|-boost|p2a: Meganium|spe|1
|
|upkeep
|turn|6
|
|t:|1758975784
|move|p2a: Meganium|Tera Blast|p1a: Moltres|[anim] Tera Blast Fire
|-resisted|p1a: Moltres
|-damage|p1a: Moltres|57/100
|move|p1a: Moltres|Flamethrower|p2a: Meganium
|-resisted|p2a: Meganium
|-damage|p2a: Meganium|0 fnt
|faint|p2a: Meganium
|
|upkeep
|
|t:|1758975806
|switch|p2a: Clefable|Clefable, F, shiny|100/100
|turn|7
|
|t:|1758975810
|switch|p1a: Magneton|Magneton|59/100
|move|p2a: Clefable|Thunder Wave|p1a: Magneton
|-immune|p1a: Magneton
|
|upkeep
|turn|8
|
|t:|1758975816
|move|p1a: Magneton|Flash Cannon|p2a: Clefable
|-supereffective|p2a: Clefable
|-damage|p2a: Clefable|0 fnt
|faint|p2a: Clefable
|
|upkeep
|
|t:|1758975820
|switch|p2a: Talonflame|Talonflame, F, shiny|100/100
|turn|9
|
|t:|1758975825
|switch|p1a: Blastoise|Blastoise, F|100/100
|move|p2a: Talonflame|U-turn|p1a: Blastoise
|-damage|p1a: Blastoise|91/100
|
|t:|1758975828
|switch|p2a: Magneton|Magneton, shiny|100/100|[from] U-turn
|-damage|p2a: Magneton|94/100|[from] Stealth Rock
|
|-heal|p1a: Blastoise|97/100|[from] item: Leftovers
|upkeep
|turn|10
|
|t:|1758975843
|switch|p1a: Magneton|Magneton|59/100
|move|p2a: Magneton|Volt Switch|p1a: Magneton
|-resisted|p1a: Magneton
|-damage|p1a: Magneton|20/100
|
|t:|1758975853
|switch|p2a: Medicham|Medicham, F, shiny|100/100|[from] Volt Switch
|-damage|p2a: Medicham|94/100|[from] Stealth Rock
|
|upkeep
|turn|11
|
|t:|1758975865
|switch|p1a: Moltres|Moltres|57/100
|move|p2a: Medicham|Psycho Cut|p1a: Moltres
|-crit|p1a: Moltres
|-damage|p1a: Moltres|0 fnt
|faint|p1a: Moltres
|
|upkeep
|
|t:|1758975883
|switch|p1a: Blastoise|Blastoise, F|97/100
|turn|12
|
|t:|1758975889
|switch|p2a: Magneton|Magneton, shiny|94/100
|-damage|p2a: Magneton|88/100|[from] Stealth Rock
|move|p1a: Blastoise|Flip Turn|p2a: Magneton
|-damage|p2a: Magneton|74/100
|
|t:|1758975895
|switch|p1a: Gengar|Gengar, F|27/100|[from] Flip Turn
|
|upkeep
|turn|13
|
|t:|1758975900
|move|p1a: Gengar|Focus Blast|p2a: Magneton
|-supereffective|p2a: Magneton
|-damage|p2a: Magneton|9/100
|move|p2a: Magneton|Tera Blast|p1a: Gengar
|-immune|p1a: Gengar
|
|upkeep
|turn|14
|
|t:|1758975907
|move|p1a: Gengar|Shadow Ball|p2a: Magneton
|-crit|p2a: Magneton
|-damage|p2a: Magneton|0 fnt
|faint|p2a: Magneton
|
|upkeep
|
|t:|1758975911
|switch|p2a: Medicham|Medicham, F, shiny|94/100
|-damage|p2a: Medicham|88/100|[from] Stealth Rock
|turn|15
|
|t:|1758975932
|move|p2a: Medicham|Psycho Cut|p1a: Gengar
|-supereffective|p1a: Gengar
|-damage|p1a: Gengar|0 fnt
|faint|p1a: Gengar
|
|upkeep
|
|t:|1758975937
|switch|p1a: Dragonite|Dragonite, M|100/100
|turn|16
|
|t:|1758975940
|-terastallize|p1a: Dragonite|Normal
|move|p1a: Dragonite|Extreme Speed|p2a: Medicham
|-damage|p2a: Medicham|0 fnt
|faint|p2a: Medicham
|
|upkeep
|
|t:|1758975944
|switch|p2a: Talonflame|Talonflame, F, shiny|100/100
|turn|17
|
|t:|1758975949
|switch|p1a: Magneton|Magneton|20/100
|move|p2a: Talonflame|Will-O-Wisp|p1a: Magneton
|-status|p1a: Magneton|brn
|
|-damage|p1a: Magneton|14/100 brn|[from] brn
|upkeep
|turn|18
|
|t:|1758975956
|move|p2a: Talonflame|Brave Bird|p1a: Magneton
|-resisted|p1a: Magneton
|-damage|p1a: Magneton|3/100 brn
|-damage|p2a: Talonflame|98/100|[from] Recoil
|move|p1a: Magneton|Volt Switch|p2a: Talonflame
|-supereffective|p2a: Talonflame
|-damage|p2a: Talonflame|0 fnt
|faint|p2a: Talonflame
|
|t:|1758975967
|switch|p1a: Dragonite|Dragonite, M, tera:Normal|100/100|[from] Volt Switch
|
|upkeep
|
|t:|1758975969
|switch|p2a: Latios|Latios, M, shiny|100/100
|-damage|p2a: Latios|88/100|[from] Stealth Rock
|turn|19
|
|t:|1758975973
|move|p2a: Latios|Dragon Claw|p1a: Dragonite
|-damage|p1a: Dragonite|79/100
|move|p1a: Dragonite|Dragon Claw|p2a: Latios
|-supereffective|p2a: Latios
|-damage|p2a: Latios|0 fnt
|faint|p2a: Latios
|
|win|TEATRERO MUGROSO
|raw|TEATRERO MUGROSO's rating: 1328 &rarr; <strong>1347</strong><br />(+19 for winning)
|raw|player jack's rating: 1319 &rarr; <strong>1300</strong><br />(-19 for losing)
|l|☆player jack
|player|p2|
|l|☆TEATRERO MUGROSO
|player|p1|
