|badge|p1|bronze|gen9ou|100-6
|html|<div class="broadcast-red"><strong>This battle is required to be public due to one or more player having a season medal.</strong><br />During the public phase, you can discuss the state of the ladder <a href="/seasondiscussion">in a special chatroom.</a></div>
|uhtml|medal-msg|<div class="broadcast-blue">Curious what those medals under the avatar are? PS now has Ladder Seasons! For more information, check out the <a href="https://www.smogon.com/forums/threads/3740067/">thread on Smogon.</a></div>
|badge|p2|bronze|gen9ou|100-6
|uhtml|medal-msg|<div class="broadcast-blue">Curious what those medals under the avatar are? PS now has Ladder Seasons! For more information, check out the <a href="https://www.smogon.com/forums/threads/3740067/">thread on Smogon.</a></div>
|raw|<div class="broadcast-blue"><strong>This battle is required to be public due to a player having a name starting with 'medal'.</div>
|j|☆LT124 SPEEDRUNNING
|j|☆tefrt
|t:|1758985190
|gametype|singles
|player|p1|LT124 SPEEDRUNNING|hiker-gen4|1846
|player|p2|tefrt|dawn|1819
|gen|9
|tier|[Gen 9] OU
|rated|
|rule|HP Percentage Mod: HP is shown in percentages
|rule|Endless Battle Clause: Forcing endless battles is banned
|rule|Species Clause: Limit one of each Pokémon
|rule|OHKO Clause: OHKO moves are banned
|rule|Evasion Items Clause: Evasion items are banned
|rule|Evasion Moves Clause: Evasion moves are banned
|rule|Evasion Abilities Clause: Evasion abilities are banned
|rule|Sleep Moves Clause: Sleep-inducing moves are banned
|clearpoke
|poke|p1|Heatran, F|
|poke|p1|Tornadus-Therian, M|
|poke|p1|Weavile, M|
|poke|p1|Great Tusk|
|poke|p1|Ogerpon-Wellspring, F|
|poke|p1|Pecharunt|
|poke|p2|Ting-Lu|
|poke|p2|Landorus-Therian, M|
|poke|p2|Heatran, F|
|poke|p2|Latias, F|
|poke|p2|Kyurem|
|poke|p2|Dragapult, M|
|teampreview
|
|t:|1758985208
|teamsize|p1|6
|teamsize|p2|6
|start
|switch|p1a: Tornadus|Tornadus-Therian, M|100/100
|switch|p2a: Kyurem|Kyurem|100/100
|-ability|p2a: Kyurem|Pressure
|turn|1
|j| wgw2333
|
|t:|1758985214
|move|p1a: Tornadus|U-turn|p2a: Kyurem
|-damage|p2a: Kyurem|89/100
|
|t:|1758985216
|switch|p1a: Weavile|Weavile, M|100/100|[from] U-turn
|-ability|p1a: Weavile|Pressure
|move|p2a: Kyurem|Ice Beam|p1a: Weavile
|-resisted|p1a: Weavile
|-damage|p1a: Weavile|65/100
|
|upkeep
|turn|2
|
|t:|1758985222
|switch|p2a: Heatran|Heatran, F|100/100
|move|p1a: Weavile|Knock Off|p2a: Heatran
|-damage|p2a: Heatran|70/100
|-enditem|p2a: Heatran|Heavy-Duty Boots|[from] move: Knock Off|[of] p1a: Weavile
|
|upkeep
|turn|3
|
|t:|1758985229
|switch|p1a: Great Tusk|Great Tusk|100/100
|move|p2a: Heatran|Stealth Rock|p1a: Great Tusk
|-sidestart|p1: LT124 SPEEDRUNNING|move: Stealth Rock
|
|upkeep
|turn|4
|
|t:|1758985233
|switch|p2a: Kyurem|Kyurem|89/100
|-ability|p2a: Kyurem|Pressure
|move|p1a: Great Tusk|Stealth Rock|p2a: Kyurem
|-sidestart|p2: tefrt|move: Stealth Rock
|
|upkeep
|turn|5
|inactive|Battle timer is ON: inactive players will automatically lose when time's up. (requested by LT124 SPEEDRUNNING)
|
|t:|1758985247
|-end|p1a: Great Tusk|Protosynthesis|[silent]
|switch|p1a: Weavile|Weavile, M|65/100
|-ability|p1a: Weavile|Pressure
|move|p2a: Kyurem|Ice Beam|p1a: Weavile
|-resisted|p1a: Weavile
|-damage|p1a: Weavile|29/100
|
|upkeep
|turn|6
|
|t:|1758985257
|move|p1a: Weavile|Knock Off|p2a: Kyurem
|-damage|p2a: Kyurem|56/100
|-enditem|p2a: Kyurem|Metronome|[from] move: Knock Off|[of] p1a: Weavile
|move|p2a: Kyurem|Earth Power|p1a: Weavile
|-damage|p1a: Weavile|0 fnt
|faint|p1a: Weavile
|
|upkeep
|
|t:|1758985266
|switch|p1a: Tornadus|Tornadus-Therian, M|100/100
|turn|7
|
|t:|1758985279
|move|p1a: Tornadus|Bleakwind Storm|p2a: Kyurem
|-damage|p2a: Kyurem|18/100
|move|p2a: Kyurem|Ice Beam|p1a: Tornadus
|-supereffective|p1a: Tornadus
|-damage|p1a: Tornadus|0 fnt
|faint|p1a: Tornadus
|
|upkeep
|
|t:|1758985281
|switch|p1a: Ogerpon|Ogerpon-Wellspring, F|100/100
|-damage|p1a: Ogerpon|88/100|[from] Stealth Rock
|turn|8
|
|t:|1758985293
|move|p1a: Ogerpon|Knock Off|p2a: Kyurem
|-damage|p2a: Kyurem|0 fnt
|faint|p2a: Kyurem
|
|upkeep
|j| IM AT MY LIMIT
|j| pika2333
|
|t:|1758985297
|switch|p2a: Landorus|Landorus-Therian, M|100/100
|-damage|p2a: Landorus|88/100|[from] Stealth Rock
|-ability|p2a: Landorus|Intimidate|boost
|-unboost|p1a: Ogerpon|atk|1
|turn|9
|
|t:|1758985300
|switch|p1a: Great Tusk|Great Tusk|100/100
|-damage|p1a: Great Tusk|97/100|[from] Stealth Rock
|move|p2a: Landorus|U-turn|p1a: Great Tusk
|-resisted|p1a: Great Tusk
|-damage|p1a: Great Tusk|90/100
|j| cryyysneasel
|inactive|tefrt has 120 seconds left.
|j| Devast8er
|
|t:|1758985337
|switch|p2a: Latias|Latias, F|100/100|[from] U-turn
|-damage|p2a: Latias|88/100|[from] Stealth Rock
|
|-heal|p1a: Great Tusk|96/100|[from] item: Leftovers
|upkeep
|turn|10
|
|t:|1758985343
|-end|p1a: Great Tusk|Protosynthesis|[silent]
|switch|p1a: Heatran|Heatran, F|100/100
|-damage|p1a: Heatran|88/100|[from] Stealth Rock
|move|p2a: Latias|Psychic|p1a: Heatran
|-resisted|p1a: Heatran
|-damage|p1a: Heatran|72/100
|
|-heal|p1a: Heatran|78/100|[from] item: Leftovers
|upkeep
|turn|11
|
|t:|1758985352
|switch|p2a: Ting-Lu|Ting-Lu|100/100
|-damage|p2a: Ting-Lu|94/100|[from] Stealth Rock
|-ability|p2a: Ting-Lu|Vessel of Ruin
|move|p1a: Heatran|Magma Storm|p2a: Ting-Lu
|-damage|p2a: Ting-Lu|74/100
|-activate|p2a: Ting-Lu|move: Magma Storm|[of] p1a: Heatran
|
|-heal|p1a: Heatran|84/100|[from] item: Leftovers
|-heal|p2a: Ting-Lu|80/100|[from] item: Leftovers
|-damage|p2a: Ting-Lu|68/100|[from] move: Magma Storm|[partiallytrapped]
|upkeep
|turn|12
|j| shrek5baby
|
|t:|1758985359
|switch|p1a: Ogerpon|Ogerpon-Wellspring, F|88/100
|-damage|p1a: Ogerpon|76/100|[from] Stealth Rock
|move|p2a: Ting-Lu|Ruination|p1a: Ogerpon
|-damage|p1a: Ogerpon|38/100
|
|-heal|p2a: Ting-Lu|74/100|[from] item: Leftovers
|-end|p2a: Ting-Lu|Magma Storm|[partiallytrapped]|[silent]
|upkeep
|turn|13
|inactive|tefrt has 120 seconds left.
|
|t:|1758985401
|-terastallize|p2a: Ting-Lu|Ghost
|move|p1a: Ogerpon|Knock Off|p2a: Ting-Lu
|-supereffective|p2a: Ting-Lu
|-damage|p2a: Ting-Lu|32/100
|-enditem|p2a: Ting-Lu|Leftovers|[from] move: Knock Off|[of] p1a: Ogerpon
|move|p2a: Ting-Lu|Spikes|p1a: Ogerpon
|-sidestart|p1: LT124 SPEEDRUNNING|Spikes
|
|upkeep
|turn|14
|
|t:|1758985413
|move|p1a: Ogerpon|Synthesis|p1a: Ogerpon
|-heal|p1a: Ogerpon|88/100
|move|p2a: Ting-Lu|Whirlwind|p1a: Ogerpon
|drag|p1a: Heatran|Heatran, F|84/100
|-damage|p1a: Heatran|72/100|[from] Stealth Rock
|-damage|p1a: Heatran|60/100|[from] Spikes
|
|-heal|p1a: Heatran|66/100|[from] item: Leftovers
|upkeep
|turn|15
|
|t:|1758985423
|switch|p1a: Ogerpon|Ogerpon-Wellspring, F|88/100
|-damage|p1a: Ogerpon|76/100|[from] Stealth Rock
|-damage|p1a: Ogerpon|64/100|[from] Spikes
|move|p2a: Ting-Lu|Earthquake|p1a: Ogerpon
|-resisted|p1a: Ogerpon
|-damage|p1a: Ogerpon|39/100
|
|upkeep
|turn|16
|inactive|tefrt has 120 seconds left.
|
|t:|1758985430
|move|p1a: Ogerpon|Ivy Cudgel|p2a: Ting-Lu|[anim] Ivy Cudgel Water
|-damage|p2a: Ting-Lu|5/100
|move|p2a: Ting-Lu|Whirlwind|p1a: Ogerpon
|drag|p1a: Great Tusk|Great Tusk|96/100
|-damage|p1a: Great Tusk|93/100|[from] Stealth Rock
|-damage|p1a: Great Tusk|81/100|[from] Spikes
|
|-heal|p1a: Great Tusk|87/100|[from] item: Leftovers
|upkeep
|turn|17
|inactive|tefrt has 120 seconds left.
|
|t:|1758985456
|move|p1a: Great Tusk|Ice Spinner|p2a: Ting-Lu
|-damage|p2a: Ting-Lu|0 fnt
|faint|p2a: Ting-Lu
|
|-heal|p1a: Great Tusk|93/100|[from] item: Leftovers
|upkeep
|
|t:|1758985459
|switch|p2a: Latias|Latias, F|88/100
|-damage|p2a: Latias|76/100|[from] Stealth Rock
|turn|18
|
|t:|1758985465
|move|p2a: Latias|Psychic|p1a: Great Tusk
|-supereffective|p1a: Great Tusk
|-damage|p1a: Great Tusk|0 fnt
|faint|p1a: Great Tusk
|-end|p1a: Great Tusk|Protosynthesis|[silent]
|
|upkeep
|
|t:|1758985468
|switch|p1a: Heatran|Heatran, F|66/100
|-damage|p1a: Heatran|54/100|[from] Stealth Rock
|-damage|p1a: Heatran|41/100|[from] Spikes
|turn|19
|inactive|tefrt has 120 seconds left.
|
|t:|1758985492
|move|p2a: Latias|Psychic|p1a: Heatran
|-resisted|p1a: Heatran
|-crit|p1a: Heatran
|-damage|p1a: Heatran|16/100
|move|p1a: Heatran|Substitute|p1a: Heatran
|-fail|p1a: Heatran|move: Substitute|[weak]
|
|-heal|p1a: Heatran|22/100|[from] item: Leftovers
|upkeep
|turn|20
|l| shrek5baby
|inactive|tefrt has 120 seconds left.
|-message|LT124 SPEEDRUNNING forfeited.
|
|win|tefrt
|raw|LT124 SPEEDRUNNING's rating: 1846 &rarr; <strong>1824</strong><br />(-22 for losing)
|raw|tefrt's rating: 1819 &rarr; <strong>1841</strong><br />(+22 for winning)
|l|☆LT124 SPEEDRUNNING
|player|p1|
|l| pika2333
|l|☆tefrt
|player|p2|
|l| Devast8er
|l| wgw2333
