|badge|p2|bronze|gen9ou|100-6
|html|<div class="broadcast-red"><strong>This battle is required to be public due to one or more player having a season medal.</strong><br />During the public phase, you can discuss the state of the ladder <a href="/seasondiscussion">in a special chatroom.</a></div>
|uhtml|medal-msg|<div class="broadcast-blue">Curious what those medals under the avatar are? PS now has Ladder Seasons! For more information, check out the <a href="https://www.smogon.com/forums/threads/3740067/">thread on Smogon.</a></div>
|raw|<div class="broadcast-blue"><strong>This battle is required to be public due to a player having a name starting with 'medal'.</div>
|j|☆Light SV
|j|‽JackRG1
|t:|1759010436
|gametype|singles
|player|p1|Light SV|blue-gen7|1834
|player|p2|JackRG1|dawn-gen4pt|1890
|gen|9
|tier|[Gen 9] OU
|rated|
|rule|HP Percentage Mod: HP is shown in percentages
|rule|Endless Battle Clause: Forcing endless battles is banned
|rule|Species Clause: Limit one of each Pokémon
|rule|OHKO Clause: OHKO moves are banned
|rule|Evasion Items Clause: Evasion items are banned
|rule|Evasion Moves Clause: Evasion moves are banned
|rule|Evasion Abilities Clause: Evasion abilities are banned
|rule|Sleep Moves Clause: Sleep-inducing moves are banned
|clearpoke
|poke|p1|Iron Moth|
|poke|p1|Glimmora, M|
|poke|p1|Dragonite, F|
|poke|p1|Volcanion|
|poke|p1|Great Tusk|
|poke|p1|Kingambit, F|
|poke|p2|Weezing-Galar, M|
|poke|p2|Ting-Lu|
|poke|p2|Corviknight, M|
|poke|p2|Skeledirge, M|
|poke|p2|Dragapult, M|
|poke|p2|Ogerpon-Wellspring, F|
|teampreview
|inactive|Battle timer is ON: inactive players will automatically lose when time's up. (requested by Light SV)
|inactive|JackRG1 also wants the timer to be on.
|j| FaronAan
|
|t:|1759010451
|teamsize|p1|6
|teamsize|p2|6
|start
|switch|p1a: Glimmora|Glimmora, M, shiny|100/100
|switch|p2a: Ting-Lu|Ting-Lu, shiny|100/100
|-ability|p2a: Ting-Lu|Vessel of Ruin
|turn|1
|
|t:|1759010459
|switch|p1a: Volcanion|Volcanion|100/100
|-item|p1a: Volcanion|Air Balloon
|move|p2a: Ting-Lu|Earthquake|p1a: Volcanion
|-immune|p1a: Volcanion
|
|upkeep
|turn|2
|
|t:|1759010465
|switch|p2a: Ogerpon|Ogerpon-Wellspring, F|100/100
|move|p1a: Volcanion|Fire Spin|p2a: Ogerpon
|-damage|p2a: Ogerpon|82/100
|-activate|p2a: Ogerpon|move: Fire Spin|[of] p1a: Volcanion
|
|-damage|p2a: Ogerpon|69/100|[from] move: Fire Spin|[partiallytrapped]
|upkeep
|turn|3
|
|t:|1759010469
|move|p2a: Ogerpon|Spikes|p1a: Volcanion
|-sidestart|p1: Light SV|Spikes
|move|p1a: Volcanion|Earth Power|p2a: Ogerpon
|-resisted|p2a: Ogerpon
|-damage|p2a: Ogerpon|53/100
|-unboost|p2a: Ogerpon|spd|1
|
|-damage|p2a: Ogerpon|41/100|[from] move: Fire Spin|[partiallytrapped]
|upkeep
|turn|4
|
|t:|1759010472
|move|p2a: Ogerpon|Synthesis|p2a: Ogerpon
|-heal|p2a: Ogerpon|91/100
|move|p1a: Volcanion|Earth Power|p2a: Ogerpon
|-resisted|p2a: Ogerpon
|-damage|p2a: Ogerpon|68/100
|
|-damage|p2a: Ogerpon|56/100|[from] move: Fire Spin|[partiallytrapped]
|upkeep
|turn|5
|
|t:|1759010474
|move|p2a: Ogerpon|Knock Off|p1a: Volcanion
|-damage|p1a: Volcanion|68/100
|-enditem|p1a: Volcanion|Air Balloon
|move|p1a: Volcanion|Taunt|p2a: Ogerpon
|-start|p2a: Ogerpon|move: Taunt
|
|-damage|p2a: Ogerpon|43/100|[from] move: Fire Spin|[partiallytrapped]
|upkeep
|turn|6
|
|t:|1759010477
|move|p2a: Ogerpon|Knock Off|p1a: Volcanion
|-damage|p1a: Volcanion|45/100
|move|p1a: Volcanion|Earth Power|p2a: Ogerpon
|-resisted|p2a: Ogerpon
|-damage|p2a: Ogerpon|16/100
|
|-damage|p2a: Ogerpon|4/100|[from] move: Fire Spin|[partiallytrapped]
|upkeep
|turn|7
|
|t:|1759010480
|move|p2a: Ogerpon|Knock Off|p1a: Volcanion
|-damage|p1a: Volcanion|24/100
|move|p1a: Volcanion|Earth Power|p2a: Ogerpon
|-resisted|p2a: Ogerpon
|-damage|p2a: Ogerpon|0 fnt
|faint|p2a: Ogerpon
|
|upkeep
|
|t:|1759010483
|switch|p2a: Dragapult|Dragapult, M|100/100
|turn|8
|
|t:|1759010489
|switch|p1a: Glimmora|Glimmora, M, shiny|100/100
|-damage|p1a: Glimmora|88/100|[from] Spikes
|move|p2a: Dragapult|Shadow Ball|p1a: Glimmora
|-damage|p1a: Glimmora|45/100
|-enditem|p1a: Glimmora|Red Card|[of] p2a: Dragapult
|drag|p2a: Ting-Lu|Ting-Lu, shiny|100/100
|-ability|p2a: Ting-Lu|Vessel of Ruin
|
|upkeep
|turn|9
|
|t:|1759010493
|move|p1a: Glimmora|Stealth Rock|p2a: Ting-Lu
|-sidestart|p2: JackRG1|move: Stealth Rock
|move|p2a: Ting-Lu|Earthquake|p1a: Glimmora
|-supereffective|p1a: Glimmora
|-damage|p1a: Glimmora|0 fnt
|-activate|p1a: Glimmora|ability: Toxic Debris
|-sidestart|p2: JackRG1|move: Toxic Spikes
|faint|p1a: Glimmora
|
|upkeep
|
|t:|1759010501
|switch|p1a: Great Tusk|Great Tusk|100/100
|-damage|p1a: Great Tusk|88/100|[from] Spikes
|-enditem|p1a: Great Tusk|Booster Energy
|-activate|p1a: Great Tusk|ability: Protosynthesis|[fromitem]
|-start|p1a: Great Tusk|protosynthesisspe
|turn|10
|
|t:|1759010505
|switch|p2a: Weezing|Weezing-Galar, M|100/100
|-ability|p2a: Weezing|Neutralizing Gas
|-sideend|p2: JackRG1|move: Toxic Spikes|[of] p2a: Weezing
|move|p1a: Great Tusk|Close Combat|p2a: Weezing
|-resisted|p2a: Weezing
|-damage|p2a: Weezing|92/100
|-unboost|p1a: Great Tusk|def|1
|-unboost|p1a: Great Tusk|spd|1
|
|upkeep
|turn|11
|
|t:|1759010513
|move|p1a: Great Tusk|Headlong Rush|p2a: Weezing
|-supereffective|p2a: Weezing
|-damage|p2a: Weezing|20/100
|-unboost|p1a: Great Tusk|def|1
|-unboost|p1a: Great Tusk|spd|1
|move|p2a: Weezing|Sludge Bomb|p1a: Great Tusk
|-resisted|p1a: Great Tusk
|-damage|p1a: Great Tusk|54/100
|
|upkeep
|turn|12
|
|t:|1759010516
|move|p1a: Great Tusk|Headlong Rush|p2a: Weezing
|-supereffective|p2a: Weezing
|-damage|p2a: Weezing|0 fnt
|-unboost|p1a: Great Tusk|def|1
|-unboost|p1a: Great Tusk|spd|1
|faint|p2a: Weezing
|-end|p2a: Weezing|ability: Neutralizing Gas
|
|upkeep
|j| thiccynicky12
|
|t:|1759010519
|switch|p2a: Corviknight|Corviknight, M|100/100
|-damage|p2a: Corviknight|88/100|[from] Stealth Rock
|-ability|p2a: Corviknight|Pressure
|turn|13
|
|t:|1759010523
|move|p1a: Great Tusk|Bulk Up|p1a: Great Tusk
|-boost|p1a: Great Tusk|atk|1
|-boost|p1a: Great Tusk|def|1
|move|p2a: Corviknight|Iron Defense|p2a: Corviknight
|-boost|p2a: Corviknight|def|2
|
|upkeep
|turn|14
|
|t:|1759010525
|move|p1a: Great Tusk|Close Combat|p2a: Corviknight
|-damage|p2a: Corviknight|60/100
|-unboost|p1a: Great Tusk|def|1
|-unboost|p1a: Great Tusk|spd|1
|-damage|p1a: Great Tusk|37/100|[from] item: Rocky Helmet|[of] p2a: Corviknight
|move|p2a: Corviknight|Roost|p2a: Corviknight
|-heal|p2a: Corviknight|100/100
|-singleturn|p2a: Corviknight|move: Roost
|
|upkeep
|turn|15
|
|t:|1759010531
|move|p1a: Great Tusk|Close Combat|p2a: Corviknight
|-damage|p2a: Corviknight|75/100
|-unboost|p1a: Great Tusk|def|1
|-unboost|p1a: Great Tusk|spd|1
|-damage|p1a: Great Tusk|21/100|[from] item: Rocky Helmet|[of] p2a: Corviknight
|move|p2a: Corviknight|Body Press|p1a: Great Tusk
|-damage|p1a: Great Tusk|0 fnt
|faint|p1a: Great Tusk
|-end|p1a: Great Tusk|Protosynthesis|[silent]
|
|upkeep
|
|t:|1759010550
|switch|p1a: Iron Moth|Iron Moth|100/100
|-damage|p1a: Iron Moth|88/100|[from] Spikes
|-enditem|p1a: Iron Moth|Booster Energy
|-activate|p1a: Iron Moth|ability: Quark Drive|[fromitem]
|-start|p1a: Iron Moth|quarkdrivespe
|turn|16
|
|t:|1759010554
|switch|p2a: Ting-Lu|Ting-Lu, shiny|100/100
|-damage|p2a: Ting-Lu|94/100|[from] Stealth Rock
|-ability|p2a: Ting-Lu|Vessel of Ruin
|move|p1a: Iron Moth|Energy Ball|p2a: Ting-Lu
|-supereffective|p2a: Ting-Lu
|-damage|p2a: Ting-Lu|70/100
|-unboost|p2a: Ting-Lu|spd|1
|
|-heal|p2a: Ting-Lu|77/100|[from] item: Leftovers
|upkeep
|turn|17
|
|t:|1759010556
|move|p1a: Iron Moth|Energy Ball|p2a: Ting-Lu
|-supereffective|p2a: Ting-Lu
|-damage|p2a: Ting-Lu|38/100
|move|p2a: Ting-Lu|Stealth Rock|p1a: Iron Moth
|-sidestart|p1: Light SV|move: Stealth Rock
|
|-heal|p2a: Ting-Lu|44/100|[from] item: Leftovers
|upkeep
|turn|18
|
|t:|1759010575
|move|p1a: Iron Moth|Energy Ball|p2a: Ting-Lu
|-supereffective|p2a: Ting-Lu
|-damage|p2a: Ting-Lu|5/100
|move|p2a: Ting-Lu|Earthquake|p1a: Iron Moth
|-supereffective|p1a: Iron Moth
|-damage|p1a: Iron Moth|0 fnt
|faint|p1a: Iron Moth
|-end|p1a: Iron Moth|Quark Drive|[silent]
|
|-heal|p2a: Ting-Lu|11/100|[from] item: Leftovers
|upkeep
|
|t:|1759010580
|switch|p1a: Dragonite|Dragonite, F|100/100
|-damage|p1a: Dragonite|76/100|[from] Stealth Rock
|turn|19
|l| thiccynicky12
|
|t:|1759010591
|move|p1a: Dragonite|Dragon Dance|p1a: Dragonite
|-boost|p1a: Dragonite|atk|1
|-boost|p1a: Dragonite|spe|1
|move|p2a: Ting-Lu|Heavy Slam|p1a: Dragonite
|-damage|p1a: Dragonite|57/100
|
|-heal|p2a: Ting-Lu|17/100|[from] item: Leftovers
|upkeep
|turn|20
|
|t:|1759010594
|move|p1a: Dragonite|Dragon Dance|p1a: Dragonite
|-boost|p1a: Dragonite|atk|1
|-boost|p1a: Dragonite|spe|1
|move|p2a: Ting-Lu|Heavy Slam|p1a: Dragonite
|-damage|p1a: Dragonite|38/100
|
|-heal|p2a: Ting-Lu|23/100|[from] item: Leftovers
|upkeep
|turn|21
|
|t:|1759010596
|move|p1a: Dragonite|Roost|p1a: Dragonite
|-heal|p1a: Dragonite|88/100
|-singleturn|p1a: Dragonite|move: Roost
|move|p2a: Ting-Lu|Heavy Slam|p1a: Dragonite
|-damage|p1a: Dragonite|71/100
|
|-heal|p2a: Ting-Lu|30/100|[from] item: Leftovers
|upkeep
|turn|22
|
|t:|1759010599
|switch|p2a: Corviknight|Corviknight, M|75/100
|-damage|p2a: Corviknight|62/100|[from] Stealth Rock
|-ability|p2a: Corviknight|Pressure
|move|p1a: Dragonite|Dragon Dance|p1a: Dragonite
|-boost|p1a: Dragonite|atk|1
|-boost|p1a: Dragonite|spe|1
|
|upkeep
|turn|23
|
|t:|1759010603
|-terastallize|p1a: Dragonite|Fairy
|move|p1a: Dragonite|Tera Blast|p2a: Corviknight|[anim] Tera Blast Fairy
|-resisted|p2a: Corviknight
|-damage|p2a: Corviknight|24/100
|move|p2a: Corviknight|Roost|p2a: Corviknight
|-heal|p2a: Corviknight|74/100
|-singleturn|p2a: Corviknight|move: Roost
|
|upkeep
|turn|24
|
|t:|1759010607
|move|p1a: Dragonite|Tera Blast|p2a: Corviknight|[anim] Tera Blast Fairy
|-resisted|p2a: Corviknight
|-damage|p2a: Corviknight|38/100
|move|p2a: Corviknight|Iron Defense|p2a: Corviknight
|-boost|p2a: Corviknight|def|2
|
|upkeep
|turn|25
|
|t:|1759010610
|move|p1a: Dragonite|Tera Blast|p2a: Corviknight|[anim] Tera Blast Fairy
|-resisted|p2a: Corviknight
|-damage|p2a: Corviknight|20/100
|move|p2a: Corviknight|Roost|p2a: Corviknight
|-heal|p2a: Corviknight|70/100
|-singleturn|p2a: Corviknight|move: Roost
|
|upkeep
|turn|26
|
|t:|1759010612
|move|p1a: Dragonite|Tera Blast|p2a: Corviknight|[anim] Tera Blast Fairy
|-resisted|p2a: Corviknight
|-damage|p2a: Corviknight|52/100
|move|p2a: Corviknight|Roost|p2a: Corviknight
|-heal|p2a: Corviknight|100/100
|-singleturn|p2a: Corviknight|move: Roost
|
|upkeep
|turn|27
|
|t:|1759010615
|move|p1a: Dragonite|Tera Blast|p2a: Corviknight|[anim] Tera Blast Fairy
|-resisted|p2a: Corviknight
|-damage|p2a: Corviknight|84/100
|move|p2a: Corviknight|Iron Defense|p2a: Corviknight
|-boost|p2a: Corviknight|def|2
|
|upkeep
|turn|28
|
|t:|1759010618
|move|p1a: Dragonite|Dragon Dance|p1a: Dragonite
|-boost|p1a: Dragonite|atk|1
|-boost|p1a: Dragonite|spe|1
|move|p2a: Corviknight|Iron Defense|p2a: Corviknight
|-boost|p2a: Corviknight|def|2
|
|upkeep
|turn|29
|
|t:|1759010621
|move|p1a: Dragonite|Roost|p1a: Dragonite
|-heal|p1a: Dragonite|100/100
|move|p2a: Corviknight|Body Press|p1a: Dragonite
|-resisted|p1a: Dragonite
|-damage|p1a: Dragonite|75/100
|
|upkeep
|turn|30
|
|t:|1759010624
|move|p1a: Dragonite|Roost|p1a: Dragonite
|-heal|p1a: Dragonite|100/100
|move|p2a: Corviknight|Body Press|p1a: Dragonite
|-resisted|p1a: Dragonite
|-damage|p1a: Dragonite|77/100
|
|upkeep
|turn|31
|
|t:|1759010627
|move|p1a: Dragonite|Roost|p1a: Dragonite
|-heal|p1a: Dragonite|100/100
|move|p2a: Corviknight|Body Press|p1a: Dragonite
|-resisted|p1a: Dragonite
|-damage|p1a: Dragonite|76/100
|
|upkeep
|turn|32
|
|t:|1759010630
|move|p1a: Dragonite|Roost|p1a: Dragonite
|-heal|p1a: Dragonite|100/100
|move|p2a: Corviknight|Body Press|p1a: Dragonite
|-resisted|p1a: Dragonite
|-damage|p1a: Dragonite|75/100
|
|upkeep
|turn|33
|
|t:|1759010632
|move|p1a: Dragonite|Roost|p1a: Dragonite
|-heal|p1a: Dragonite|100/100
|move|p2a: Corviknight|Body Press|p1a: Dragonite
|-resisted|p1a: Dragonite
|-damage|p1a: Dragonite|77/100
|
|upkeep
|turn|34
|
|t:|1759010634
|move|p1a: Dragonite|Roost|p1a: Dragonite
|-heal|p1a: Dragonite|100/100
|move|p2a: Corviknight|Body Press|p1a: Dragonite
|-resisted|p1a: Dragonite
|-damage|p1a: Dragonite|77/100
|
|upkeep
|turn|35
|
|t:|1759010636
|move|p1a: Dragonite|Roost|p1a: Dragonite
|-heal|p1a: Dragonite|100/100
|move|p2a: Corviknight|Body Press|p1a: Dragonite
|-resisted|p1a: Dragonite
|-damage|p1a: Dragonite|75/100
|
|upkeep
|turn|36
|
|t:|1759010638
|move|p1a: Dragonite|Tera Blast|p2a: Corviknight|[anim] Tera Blast Fairy
|-resisted|p2a: Corviknight
|-damage|p2a: Corviknight|73/100
|move|p2a: Corviknight|Body Press|p1a: Dragonite
|-resisted|p1a: Dragonite
|-damage|p1a: Dragonite|24/100
|
|upkeep
|turn|37
|
|t:|1759010643
|move|p1a: Dragonite|Tera Blast|p2a: Corviknight|[anim] Tera Blast Fairy
|-resisted|p2a: Corviknight
|-damage|p2a: Corviknight|63/100
|move|p2a: Corviknight|Roost|p2a: Corviknight
|-heal|p2a: Corviknight|100/100
|-singleturn|p2a: Corviknight|move: Roost
|
|upkeep
|turn|38
|
|t:|1759010646
|move|p1a: Dragonite|Tera Blast|p2a: Corviknight|[anim] Tera Blast Fairy
|-resisted|p2a: Corviknight
|-damage|p2a: Corviknight|90/100
|move|p2a: Corviknight|Body Press|p1a: Dragonite
|-resisted|p1a: Dragonite
|-damage|p1a: Dragonite|0 fnt
|faint|p1a: Dragonite
|
|upkeep
|
|t:|1759010648
|switch|p1a: Volcanion|Volcanion|24/100
|-damage|p1a: Volcanion|11/100|[from] Spikes
|-damage|p1a: Volcanion|0 fnt|[from] Stealth Rock
|faint|p1a: Volcanion
|-message|Light SV forfeited.
|
|win|JackRG1
|raw|Light SV's rating: 1834 &rarr; <strong>1817</strong><br />(-17 for losing)
|raw|JackRG1's rating: 1890 &rarr; <strong>1907</strong><br />(+17 for winning)
|l|☆Light SV
|player|p1|
|l| FaronAan
|l|‽JackRG1
|player|p2|
