|j|☆garchlover
|j|☆JBLspeakerfetty
|t:|1759006292
|gametype|singles
|player|p1|garchlover|wallace|1378
|player|p2|JBLspeakerfetty|red|1451
|gen|9
|tier|[Gen 9] OU
|rated|
|rule|HP Percentage Mod: HP is shown in percentages
|rule|Endless Battle Clause: Forcing endless battles is banned
|rule|Species Clause: Limit one of each Pokémon
|rule|OHKO Clause: OHKO moves are banned
|rule|Evasion Items Clause: Evasion items are banned
|rule|Evasion Moves Clause: Evasion moves are banned
|rule|Evasion Abilities Clause: Evasion abilities are banned
|rule|Sleep Moves Clause: Sleep-inducing moves are banned
|clearpoke
|poke|p1|Torkoal, F|
|poke|p1|Ursaluna, F|
|poke|p1|Slither Wing|
|poke|p1|Hatterene, F|
|poke|p1|Mimikyu, M|
|poke|p1|Cresselia, F|
|poke|p2|Quaquaval, M|
|poke|p2|Iron Moth|
|poke|p2|Ting-Lu|
|poke|p2|Iron Leaves|
|poke|p2|Thundurus, M|
|poke|p2|Iron Valiant|
|teampreview
|
|t:|1759006305
|teamsize|p1|6
|teamsize|p2|6
|start
|switch|p1a: Chapi Chapo|Hatterene, F|100/100
|switch|p2a: Thundurus|Thundurus, M|100/100
|turn|1
|
|t:|1759006317
|move|p2a: Thundurus|Thunderbolt|p1a: Chapi Chapo
|-damage|p1a: Chapi Chapo|51/100
|move|p1a: Chapi Chapo|Trick Room|p1a: Chapi Chapo
|-fieldstart|move: Trick Room|[of] p1a: Chapi Chapo
|
|upkeep
|turn|2
|
|t:|1759006325
|switch|p1a: Petit Ours Brun|Ursaluna, F|100/100
|switch|p2a: Iron Moth|Iron Moth|100/100
|
|-status|p1a: Petit Ours Brun|brn|[from] item: Flame Orb
|upkeep
|turn|3
|
|t:|1759006344
|-terastallize|p1a: Petit Ours Brun|Normal
|move|p1a: Petit Ours Brun|Facade|p2a: Iron Moth
|-damage|p2a: Iron Moth|0 fnt
|faint|p2a: Iron Moth
|-end|p2a: Iron Moth|Quark Drive|[silent]
|
|-damage|p1a: Petit Ours Brun|94/100 brn|[from] brn
|upkeep
|
|t:|1759006352
|switch|p2a: Ting-Lu|Ting-Lu|100/100
|-ability|p2a: Ting-Lu|Vessel of Ruin
|turn|4
|
|t:|1759006359
|move|p1a: Petit Ours Brun|Facade|p2a: Ting-Lu
|-damage|p2a: Ting-Lu|8/100
|move|p2a: Ting-Lu|Spikes|p1a: Petit Ours Brun
|-sidestart|p1: garchlover|Spikes
|
|-heal|p2a: Ting-Lu|14/100|[from] item: Leftovers
|-damage|p1a: Petit Ours Brun|88/100 brn|[from] brn
|upkeep
|turn|5
|
|t:|1759006373
|switch|p1a: Chapi Chapo|Hatterene, F|51/100
|-damage|p1a: Chapi Chapo|39/100|[from] Spikes
|move|p2a: Ting-Lu|Spikes|p1a: Chapi Chapo
|move|p1a: Chapi Chapo|Spikes|p2a: Ting-Lu|[from] ability: Magic Bounce
|-sidestart|p2: JBLspeakerfetty|Spikes
|
|-heal|p2a: Ting-Lu|20/100|[from] item: Leftovers
|-fieldend|move: Trick Room
|upkeep
|turn|6
|
|t:|1759006387
|move|p2a: Ting-Lu|Earthquake|p1a: Chapi Chapo
|-damage|p1a: Chapi Chapo|0 fnt
|faint|p1a: Chapi Chapo
|
|-heal|p2a: Ting-Lu|26/100|[from] item: Leftovers
|upkeep
|
|t:|1759006396
|switch|p1a: Cresselia|Cresselia, F|100/100
|turn|7
|
|t:|1759006405
|move|p2a: Ting-Lu|Spikes|p1a: Cresselia
|-sidestart|p1: garchlover|Spikes
|move|p1a: Cresselia|Trick Room|p1a: Cresselia
|-fieldstart|move: Trick Room|[of] p1a: Cresselia
|
|-heal|p2a: Ting-Lu|32/100|[from] item: Leftovers
|upkeep
|turn|8
|
|t:|1759006419
|switch|p1a: Petit Ours Brun|Ursaluna, F, tera:Normal|88/100 brn
|-damage|p1a: Petit Ours Brun|71/100 brn|[from] Spikes
|move|p2a: Ting-Lu|Spikes|p1a: Petit Ours Brun
|-sidestart|p1: garchlover|Spikes
|
|-heal|p2a: Ting-Lu|39/100|[from] item: Leftovers
|-damage|p1a: Petit Ours Brun|65/100 brn|[from] brn
|upkeep
|turn|9
|
|t:|1759006429
|move|p1a: Petit Ours Brun|Facade|p2a: Ting-Lu
|-damage|p2a: Ting-Lu|0 fnt
|faint|p2a: Ting-Lu
|
|-damage|p1a: Petit Ours Brun|59/100 brn|[from] brn
|upkeep
|
|t:|1759006444
|switch|p2a: Quaquaval|Quaquaval, M|100/100
|turn|10
|
|t:|1759006449
|move|p1a: Petit Ours Brun|Facade|p2a: Quaquaval
|-damage|p2a: Quaquaval|0 fnt
|faint|p2a: Quaquaval
|
|-damage|p1a: Petit Ours Brun|53/100 brn|[from] brn
|upkeep
|
|t:|1759006451
|switch|p2a: Thundurus|Thundurus, M|100/100
|turn|11
|
|t:|1759006458
|move|p2a: Thundurus|Electric Terrain|p2a: Thundurus
|-fieldstart|move: Electric Terrain
|move|p1a: Petit Ours Brun|Facade|p2a: Thundurus
|-damage|p2a: Thundurus|0 fnt
|faint|p2a: Thundurus
|
|-damage|p1a: Petit Ours Brun|46/100 brn|[from] brn
|-fieldend|move: Trick Room
|upkeep
|
|t:|1759006464
|switch|p2a: Iron Leaves|Iron Leaves|100/100
|-damage|p2a: Iron Leaves|88/100|[from] Spikes
|-activate|p2a: Iron Leaves|ability: Quark Drive
|-start|p2a: Iron Leaves|quarkdriveatk
|turn|12
|
|t:|1759006471
|move|p2a: Iron Leaves|Psyblade|p1a: Petit Ours Brun
|-damage|p1a: Petit Ours Brun|0 fnt
|faint|p1a: Petit Ours Brun
|
|upkeep
|
|t:|1759006478
|switch|p1a: Mimie Mathy|Mimikyu, M|100/100
|-damage|p1a: Mimie Mathy|76/100|[from] Spikes
|turn|13
|
|t:|1759006484
|move|p2a: Iron Leaves|Psyblade|p1a: Mimie Mathy
|-activate|p1a: Mimie Mathy|ability: Disguise
|-damage|p1a: Mimie Mathy|76/100
|detailschange|p1a: Mimie Mathy|Mimikyu-Busted, M
|-damage|p1a: Mimie Mathy|63/100|[from] pokemon: Mimikyu-Busted
|move|p1a: Mimie Mathy|Trick Room|p1a: Mimie Mathy
|-fieldstart|move: Trick Room|[of] p1a: Mimie Mathy
|
|upkeep
|turn|14
|
|t:|1759006508
|-terastallize|p2a: Iron Leaves|Dark
|move|p1a: Mimie Mathy|Shadow Sneak|p2a: Iron Leaves
|-resisted|p2a: Iron Leaves
|-damage|p2a: Iron Leaves|75/100
|-damage|p1a: Mimie Mathy|53/100|[from] item: Life Orb
|move|p2a: Iron Leaves|Psyblade|p1a: Mimie Mathy
|-damage|p1a: Mimie Mathy|0 fnt
|faint|p1a: Mimie Mathy
|
|upkeep
|
|t:|1759006518
|switch|p1a: Etna|Torkoal, F|100/100
|-damage|p1a: Etna|75/100|[from] Spikes
|-weather|SunnyDay|[from] ability: Drought|[of] p1a: Etna
|turn|15
|
|t:|1759006527
|move|p1a: Etna|Eruption|p2a: Iron Leaves
|-crit|p2a: Iron Leaves
|-damage|p2a: Iron Leaves|0 fnt
|faint|p2a: Iron Leaves
|-end|p2a: Iron Leaves|Quark Drive|[silent]
|
|-weather|SunnyDay|[upkeep]
|upkeep
|
|t:|1759006529
|switch|p2a: Iron Valiant|Iron Valiant|100/100
|-damage|p2a: Iron Valiant|88/100|[from] Spikes
|-activate|p2a: Iron Valiant|ability: Quark Drive
|-start|p2a: Iron Valiant|quarkdrivespe
|turn|16
|
|t:|1759006540
|move|p1a: Etna|Eruption|p2a: Iron Valiant
|-damage|p2a: Iron Valiant|0 fnt
|faint|p2a: Iron Valiant
|-end|p2a: Iron Valiant|Quark Drive|[silent]
|
|win|garchlover
|raw|garchlover's rating: 1378 &rarr; <strong>1402</strong><br />(+24 for winning)
|raw|JBLspeakerfetty's rating: 1451 &rarr; <strong>1427</strong><br />(-24 for losing)
|l|☆JBLspeakerfetty
|player|p2|
|l|☆garchlover
|player|p1|
