|j|☆Spyro776
|j|☆zane0911
|t:|1759060580
|gametype|singles
|player|p1|Spyro776|blue-masters2|1499
|player|p2|zane0911|bede|1521
|gen|9
|tier|[Gen 9] OU
|rated|
|rule|HP Percentage Mod: HP is shown in percentages
|rule|Endless Battle Clause: Forcing endless battles is banned
|rule|Species Clause: Limit one of each Pokémon
|rule|OHKO Clause: OHKO moves are banned
|rule|Evasion Items Clause: Evasion items are banned
|rule|Evasion Moves Clause: Evasion moves are banned
|rule|Evasion Abilities Clause: Evasion abilities are banned
|rule|Sleep Moves Clause: Sleep-inducing moves are banned
|clearpoke
|poke|p1|Gliscor, F|
|poke|p1|Walking Wake|
|poke|p1|Slowking-Galar, F|
|poke|p1|Zamazenta-*|
|poke|p1|Ting-Lu|
|poke|p1|Kingambit, M|
|poke|p2|Ninetales-Alola, M|
|poke|p2|Garganacl, M|
|poke|p2|Raging Bolt|
|poke|p2|Iron Crown|
|poke|p2|Zamazenta-*|
|poke|p2|Latios, M|
|teampreview
|inactive|Battle timer is ON: inactive players will automatically lose when time's up. (requested by zane0911)
|inactive|Spyro776 has 120 seconds left.
|
|t:|1759060614
|teamsize|p1|6
|teamsize|p2|6
|start
|switch|p1a: Zamazenta|Zamazenta|100/100
|switch|p2a: Ninetales|Ninetales-Alola, M|100/100
|-ability|p1a: Zamazenta|Dauntless Shield|boost
|-boost|p1a: Zamazenta|def|1
|-weather|Snowscape|[from] ability: Snow Warning|[of] p2a: Ninetales
|turn|1
|
|t:|1759060624
|switch|p2a: Iron Crown|Iron Crown|100/100
|move|p1a: Zamazenta|Heavy Slam|p2a: Iron Crown
|-resisted|p2a: Iron Crown
|-damage|p2a: Iron Crown|95/100
|
|-weather|Snowscape|[upkeep]
|-heal|p2a: Iron Crown|100/100|[from] item: Leftovers
|upkeep
|turn|2
|
|t:|1759060639
|move|p1a: Zamazenta|Crunch|p2a: Iron Crown
|-supereffective|p2a: Iron Crown
|-damage|p2a: Iron Crown|59/100
|-unboost|p2a: Iron Crown|def|1
|move|p2a: Iron Crown|Calm Mind|p2a: Iron Crown
|-boost|p2a: Iron Crown|spa|1
|-boost|p2a: Iron Crown|spd|1
|
|-weather|Snowscape|[upkeep]
|-heal|p2a: Iron Crown|65/100|[from] item: Leftovers
|upkeep
|turn|3
|
|t:|1759060651
|move|p1a: Zamazenta|Close Combat|p2a: Iron Crown
|-damage|p2a: Iron Crown|0 fnt
|-unboost|p1a: Zamazenta|def|1
|-unboost|p1a: Zamazenta|spd|1
|faint|p2a: Iron Crown
|-end|p2a: Iron Crown|Quark Drive|[silent]
|
|-weather|Snowscape|[upkeep]
|upkeep
|
|t:|1759060662
|switch|p2a: Latios|Latios, M|100/100
|turn|4
|
|t:|1759060664
|switch|p1a: Ting-Lu|Ting-Lu|100/100
|-ability|p1a: Ting-Lu|Vessel of Ruin
|move|p2a: Latios|Calm Mind|p2a: Latios
|-boost|p2a: Latios|spa|1
|-boost|p2a: Latios|spd|1
|
|-weather|Snowscape|[upkeep]
|upkeep
|turn|5
|
|t:|1759060671
|move|p2a: Latios|Aura Sphere|p1a: Ting-Lu
|-supereffective|p1a: Ting-Lu
|-damage|p1a: Ting-Lu|64/100
|move|p1a: Ting-Lu|Ruination|p2a: Latios
|-damage|p2a: Latios|51/100
|
|-weather|none
|-heal|p1a: Ting-Lu|71/100|[from] item: Leftovers
|upkeep
|turn|6
|
|t:|1759060675
|move|p2a: Latios|Aura Sphere|p1a: Ting-Lu
|-supereffective|p1a: Ting-Lu
|-damage|p1a: Ting-Lu|35/100
|move|p1a: Ting-Lu|Ruination|p2a: Latios
|-damage|p2a: Latios|26/100
|
|-heal|p1a: Ting-Lu|41/100|[from] item: Leftovers
|upkeep
|turn|7
|
|t:|1759060681
|move|p2a: Latios|Calm Mind|p2a: Latios
|-boost|p2a: Latios|spa|1
|-boost|p2a: Latios|spd|1
|move|p1a: Ting-Lu|Ruination|p2a: Latios
|-damage|p2a: Latios|13/100
|
|-heal|p1a: Ting-Lu|48/100|[from] item: Leftovers
|upkeep
|turn|8
|
|t:|1759060693
|switch|p1a: Zamazenta|Zamazenta|100/100
|move|p2a: Latios|Aura Sphere|p1a: Zamazenta
|-damage|p1a: Zamazenta|54/100
|
|upkeep
|turn|9
|
|t:|1759060698
|move|p1a: Zamazenta|Crunch|p2a: Latios
|-supereffective|p2a: Latios
|-damage|p2a: Latios|0 fnt
|faint|p2a: Latios
|
|upkeep
|
|t:|1759060704
|switch|p2a: Zamazenta|Zamazenta|100/100
|-ability|p2a: Zamazenta|Dauntless Shield|boost
|-boost|p2a: Zamazenta|def|1
|turn|10
|
|t:|1759060709
|switch|p1a: Slowking|Slowking-Galar, F|100/100
|move|p2a: Zamazenta|Iron Defense|p2a: Zamazenta
|-boost|p2a: Zamazenta|def|2
|
|upkeep
|turn|11
|
|t:|1759060712
|move|p2a: Zamazenta|Substitute|p2a: Zamazenta
|-start|p2a: Zamazenta|Substitute
|-damage|p2a: Zamazenta|76/100
|move|p1a: Slowking|Future Sight|p2a: Zamazenta
|-start|p1a: Slowking|move: Future Sight
|
|-heal|p2a: Zamazenta|82/100|[from] item: Leftovers
|upkeep
|turn|12
|
|t:|1759060715
|move|p2a: Zamazenta|Iron Defense|p2a: Zamazenta
|-boost|p2a: Zamazenta|def|2
|move|p1a: Slowking|Sludge Bomb|p2a: Zamazenta
|-end|p2a: Zamazenta|Substitute
|
|-heal|p2a: Zamazenta|88/100|[from] item: Leftovers
|upkeep
|turn|13
|
|t:|1759060719
|move|p2a: Zamazenta|Substitute|p2a: Zamazenta
|-start|p2a: Zamazenta|Substitute
|-damage|p2a: Zamazenta|63/100
|move|p1a: Slowking|Sludge Bomb|p2a: Zamazenta
|-end|p2a: Zamazenta|Substitute
|
|-end|p2a: Zamazenta|move: Future Sight
|-supereffective|p2a: Zamazenta
|-damage|p2a: Zamazenta|0 fnt
|faint|p2a: Zamazenta
|upkeep
|l|☆zane0911
|inactive|zane0911 disconnected and has a minute to reconnect!
|player|p2|
|inactive|zane0911 has 30 seconds to reconnect!
|inactive|zane0911 has 20 seconds to reconnect!
|inactive|zane0911 has 15 seconds to reconnect!
|inactive|zane0911 has 10 seconds to reconnect!
|inactive|zane0911 has 5 seconds to reconnect!
|-message|zane0911 lost due to inactivity.
|
|win|Spyro776
|raw|Spyro776's rating: 1499 &rarr; <strong>1520</strong><br />(+21 for winning)
|raw|zane0911's rating: 1521 &rarr; <strong>1500</strong><br />(-21 for losing)
