|j|☆Inder-House
|j|☆harc
|t:|1758955214
|gametype|singles
|player|p1|Inder-House|265|1340
|player|p2|harc|waitress-gen4|1324
|gen|9
|tier|[Gen 9] OU
|rated|
|rule|HP Percentage Mod: HP is shown in percentages
|rule|Endless Battle Clause: Forcing endless battles is banned
|rule|Species Clause: Limit one of each Pokémon
|rule|OHKO Clause: OHKO moves are banned
|rule|Evasion Items Clause: Evasion items are banned
|rule|Evasion Moves Clause: Evasion moves are banned
|rule|Evasion Abilities Clause: Evasion abilities are banned
|rule|Sleep Moves Clause: Sleep-inducing moves are banned
|clearpoke
|poke|p1|Weezing-Galar, M|
|poke|p1|Ogerpon-Wellspring, F|
|poke|p1|Dragapult, F|
|poke|p1|Kingambit, F|
|poke|p1|Clodsire, F|
|poke|p1|Rotom-Wash|
|poke|p2|Corviknight, M|
|poke|p2|Clefable, M|
|poke|p2|Tyranitar, F|
|poke|p2|Hippowdon, F|
|poke|p2|Excadrill, F|
|poke|p2|Reuniclus, M|
|teampreview
|
|t:|1758955267
|teamsize|p1|6
|teamsize|p2|6
|start
|switch|p1a: Rotom|Rotom-Wash|100/100
|switch|p2a: Hippowdon|Hippowdon, F|100/100
|-weather|Sandstorm|[from] ability: Sand Stream|[of] p2a: Hippowdon
|turn|1
|
|t:|1758955318
|switch|p2a: Tyranitar|Tyranitar, F|100/100
|move|p1a: Rotom|Trick|p2a: Tyranitar
|-activate|p1a: Rotom|move: Trick|[of] p2a: Tyranitar
|-item|p2a: Tyranitar|Choice Scarf|[from] move: Trick
|-item|p1a: Rotom|Assault Vest|[from] move: Trick
|
|-weather|Sandstorm|[upkeep]
|-damage|p1a: Rotom|94/100|[from] Sandstorm
|upkeep
|turn|2
|
|t:|1758955327
|move|p1a: Rotom|Hydro Pump|p2a: Tyranitar|[miss]
|-miss|p1a: Rotom|p2a: Tyranitar
|move|p2a: Tyranitar|Knock Off|p1a: Rotom
|-damage|p1a: Rotom|41/100
|-enditem|p1a: Rotom|Assault Vest|[from] move: Knock Off|[of] p2a: Tyranitar
|
|-weather|Sandstorm|[upkeep]
|-damage|p1a: Rotom|35/100|[from] Sandstorm
|upkeep
|turn|3
|
|t:|1758955336
|move|p1a: Rotom|Will-O-Wisp|p2a: Tyranitar
|-status|p2a: Tyranitar|brn
|move|p2a: Tyranitar|Knock Off|p1a: Rotom
|-damage|p1a: Rotom|17/100
|
|-weather|Sandstorm|[upkeep]
|-damage|p1a: Rotom|11/100|[from] Sandstorm
|-damage|p2a: Tyranitar|94/100 brn|[from] brn
|upkeep
|turn|4
|
|t:|1758955344
|move|p1a: Rotom|Volt Switch|p2a: Tyranitar
|-damage|p2a: Tyranitar|81/100 brn
|
|t:|1758955347
|switch|p1a: Weezing|Weezing-Galar, M|100/100|[from] Volt Switch
|move|p2a: Tyranitar|Knock Off|p1a: Weezing
|-resisted|p1a: Weezing
|-damage|p1a: Weezing|92/100
|-enditem|p1a: Weezing|Leftovers|[from] move: Knock Off|[of] p2a: Tyranitar
|
|-weather|Sandstorm|[upkeep]
|-damage|p1a: Weezing|86/100|[from] Sandstorm
|-damage|p2a: Tyranitar|75/100 brn|[from] brn
|upkeep
|turn|5
|
|t:|1758955366
|switch|p2a: Excadrill|Excadrill, F|100/100
|move|p1a: Weezing|Strange Steam|p2a: Excadrill
|-resisted|p2a: Excadrill
|-damage|p2a: Excadrill|82/100
|
|-weather|Sandstorm|[upkeep]
|-damage|p1a: Weezing|80/100|[from] Sandstorm
|upkeep
|turn|6
|
|t:|1758955388
|-terastallize|p1a: Weezing|Fire
|move|p2a: Excadrill|Swords Dance|p2a: Excadrill
|-boost|p2a: Excadrill|atk|2
|move|p1a: Weezing|Flamethrower|p2a: Excadrill
|-supereffective|p2a: Excadrill
|-damage|p2a: Excadrill|14/100
|
|-weather|Sandstorm|[upkeep]
|-damage|p1a: Weezing|74/100|[from] Sandstorm
|upkeep
|turn|7
|
|t:|1758955413
|move|p2a: Excadrill|Iron Head|p1a: Weezing
|-resisted|p1a: Weezing
|-damage|p1a: Weezing|41/100
|move|p1a: Weezing|Flamethrower|p2a: Excadrill
|-supereffective|p2a: Excadrill
|-damage|p2a: Excadrill|0 fnt
|faint|p2a: Excadrill
|
|-weather|Sandstorm|[upkeep]
|-damage|p1a: Weezing|35/100|[from] Sandstorm
|upkeep
|
|t:|1758955422
|switch|p2a: Tyranitar|Tyranitar, F|75/100 brn
|turn|8
|
|t:|1758955430
|move|p2a: Tyranitar|Stone Edge|p1a: Weezing
|-supereffective|p1a: Weezing
|-damage|p1a: Weezing|4/100
|move|p1a: Weezing|Pain Split|p2a: Tyranitar
|-sethp|p2a: Tyranitar|39/100 brn|[from] move: Pain Split|[silent]
|-sethp|p1a: Weezing|47/100|[from] move: Pain Split
|
|-weather|none
|-damage|p2a: Tyranitar|33/100 brn|[from] brn
|upkeep
|turn|9
|
|t:|1758955441
|move|p2a: Tyranitar|Stone Edge|p1a: Weezing
|-supereffective|p1a: Weezing
|-damage|p1a: Weezing|12/100
|move|p1a: Weezing|Strange Steam|p2a: Tyranitar
|-supereffective|p2a: Tyranitar
|-damage|p2a: Tyranitar|0 fnt
|faint|p2a: Tyranitar
|
|upkeep
|
|t:|1758955448
|switch|p2a: Hippowdon|Hippowdon, F|100/100
|-weather|Sandstorm|[from] ability: Sand Stream|[of] p2a: Hippowdon
|turn|10
|
|t:|1758955470
|move|p1a: Weezing|Pain Split|p2a: Hippowdon
|-sethp|p2a: Hippowdon|55/100|[from] move: Pain Split|[silent]
|-sethp|p1a: Weezing|69/100|[from] move: Pain Split
|move|p2a: Hippowdon|Stealth Rock|p1a: Weezing
|-sidestart|p1: Inder-House|move: Stealth Rock
|
|-weather|Sandstorm|[upkeep]
|-damage|p1a: Weezing|63/100|[from] Sandstorm
|upkeep
|turn|11
|
|t:|1758955477
|move|p1a: Weezing|Defog|p2a: Hippowdon
|-unboost|p2a: Hippowdon|evasion|1
|-sideend|p1: Inder-House|Stealth Rock|[from] move: Defog|[of] p1a: Weezing
|move|p2a: Hippowdon|Slack Off|p2a: Hippowdon
|-heal|p2a: Hippowdon|100/100
|
|-weather|Sandstorm|[upkeep]
|-damage|p1a: Weezing|57/100|[from] Sandstorm
|upkeep
|turn|12
|
|t:|1758955511
|move|p1a: Weezing|Pain Split|p2a: Hippowdon
|-sethp|p2a: Hippowdon|73/100|[from] move: Pain Split|[silent]
|-sethp|p1a: Weezing|92/100|[from] move: Pain Split
|move|p2a: Hippowdon|Earthquake|p1a: Weezing
|-immune|p1a: Weezing|[from] ability: Levitate
|
|-weather|Sandstorm|[upkeep]
|-damage|p1a: Weezing|86/100|[from] Sandstorm
|upkeep
|turn|13
|
|t:|1758955526
|move|p1a: Weezing|Strange Steam|p2a: Hippowdon
|-damage|p2a: Hippowdon|43/100
|move|p2a: Hippowdon|Slack Off|p2a: Hippowdon
|-heal|p2a: Hippowdon|93/100
|
|-weather|Sandstorm|[upkeep]
|-damage|p1a: Weezing|80/100|[from] Sandstorm
|upkeep
|turn|14
|
|t:|1758955546
|switch|p2a: Clefable|Clefable, M|100/100
|move|p1a: Weezing|Flamethrower|p2a: Clefable
|-damage|p2a: Clefable|76/100
|
|-weather|Sandstorm|[upkeep]
|-damage|p2a: Clefable|70/100|[from] Sandstorm
|-damage|p1a: Weezing|74/100|[from] Sandstorm
|-heal|p2a: Clefable|76/100|[from] item: Leftovers
|upkeep
|turn|15
|
|t:|1758955559
|switch|p1a: Clodsire|Clodsire, F|100/100
|move|p2a: Clefable|Moonblast|p1a: Clodsire
|-resisted|p1a: Clodsire
|-damage|p1a: Clodsire|93/100
|
|-weather|Sandstorm|[upkeep]
|-damage|p2a: Clefable|70/100|[from] Sandstorm
|-heal|p2a: Clefable|76/100|[from] item: Leftovers
|-heal|p1a: Clodsire|99/100|[from] item: Leftovers
|upkeep
|turn|16
|
|t:|1758955570
|switch|p2a: Corviknight|Corviknight, M|100/100
|move|p1a: Clodsire|Spikes|p2a: Corviknight
|-sidestart|p2: harc|Spikes
|
|-weather|Sandstorm|[upkeep]
|-heal|p1a: Clodsire|100/100|[from] item: Leftovers
|upkeep
|turn|17
|
|t:|1758955602
|switch|p1a: Weezing|Weezing-Galar, M, tera:Fire|74/100
|move|p2a: Corviknight|Bulk Up|p2a: Corviknight
|-boost|p2a: Corviknight|atk|1
|-boost|p2a: Corviknight|def|1
|
|-weather|none
|upkeep
|turn|18
|
|t:|1758955627
|move|p2a: Corviknight|Body Press|p1a: Weezing
|-damage|p1a: Weezing|51/100
|move|p1a: Weezing|Flamethrower|p2a: Corviknight
|-supereffective|p2a: Corviknight
|-damage|p2a: Corviknight|61/100
|-enditem|p2a: Corviknight|Weakness Policy
|-boost|p2a: Corviknight|atk|2|[from] item: Weakness Policy
|-boost|p2a: Corviknight|spa|2|[from] item: Weakness Policy
|
|upkeep
|turn|19
|
|t:|1758955650
|move|p2a: Corviknight|Power Trip|p1a: Weezing
|-damage|p1a: Weezing|0 fnt
|faint|p1a: Weezing
|
|upkeep
|
|t:|1758955665
|switch|p1a: Dragapult|Dragapult, F|100/100
|turn|20
|
|t:|1758955677
|move|p1a: Dragapult|Flamethrower|p2a: Corviknight
|-supereffective|p2a: Corviknight
|-damage|p2a: Corviknight|4/100
|-status|p2a: Corviknight|brn
|move|p2a: Corviknight|Roost|p2a: Corviknight
|-heal|p2a: Corviknight|54/100 brn
|-singleturn|p2a: Corviknight|move: Roost
|
|-damage|p2a: Corviknight|48/100 brn|[from] brn
|upkeep
|turn|21
|
|t:|1758955698
|move|p1a: Dragapult|Flamethrower|p2a: Corviknight
|-supereffective|p2a: Corviknight
|-damage|p2a: Corviknight|0 fnt
|faint|p2a: Corviknight
|
|upkeep
|
|t:|1758955706
|switch|p2a: Hippowdon|Hippowdon, F|93/100
|-damage|p2a: Hippowdon|81/100|[from] Spikes
|-weather|Sandstorm|[from] ability: Sand Stream|[of] p2a: Hippowdon
|turn|22
|
|t:|1758955733
|switch|p1a: Ogerpon|Ogerpon-Wellspring, F|100/100
|move|p2a: Hippowdon|Earthquake|p1a: Ogerpon
|-resisted|p1a: Ogerpon
|-damage|p1a: Ogerpon|74/100
|
|-weather|Sandstorm|[upkeep]
|-damage|p1a: Ogerpon|68/100|[from] Sandstorm
|upkeep
|turn|23
|
|t:|1758955741
|move|p1a: Ogerpon|Swords Dance|p1a: Ogerpon
|-boost|p1a: Ogerpon|atk|2
|move|p2a: Hippowdon|Earthquake|p1a: Ogerpon
|-resisted|p1a: Ogerpon
|-damage|p1a: Ogerpon|43/100
|
|-weather|Sandstorm|[upkeep]
|-damage|p1a: Ogerpon|37/100|[from] Sandstorm
|upkeep
|turn|24
|
|t:|1758955749
|move|p1a: Ogerpon|Horn Leech|p2a: Hippowdon
|-supereffective|p2a: Hippowdon
|-damage|p2a: Hippowdon|0 fnt
|-heal|p1a: Ogerpon|93/100|[from] drain|[of] p2a: Hippowdon
|faint|p2a: Hippowdon
|
|-weather|Sandstorm|[upkeep]
|-damage|p1a: Ogerpon|87/100|[from] Sandstorm
|upkeep
|l|☆harc
|player|p2|
|inactive|Battle timer is ON: inactive players will automatically lose when time's up. (requested by Inder-House)
|inactive|harc has 30 seconds to reconnect!
|inactive|harc has 20 seconds to reconnect!
|inactive|harc has 15 seconds to reconnect!
|inactive|harc has 10 seconds to reconnect!
|inactive|harc has 5 seconds to reconnect!
|-message|harc lost due to inactivity.
|
|win|Inder-House
|raw|Inder-House's rating: 1340 &rarr; <strong>1359</strong><br />(+19 for winning)
|raw|harc's rating: 1324 &rarr; <strong>1305</strong><br />(-19 for losing)
|l|☆Inder-House
|player|p1|
