|j|☆eastjunn
|j|☆raskmus
|t:|1758961816
|gametype|singles
|player|p1|eastjunn|2|1322
|player|p2|raskmus|265|1277
|gen|9
|tier|[Gen 9] OU
|rated|
|rule|HP Percentage Mod: HP is shown in percentages
|rule|Endless Battle Clause: Forcing endless battles is banned
|rule|Species Clause: Limit one of each Pokémon
|rule|OHKO Clause: OHKO moves are banned
|rule|Evasion Items Clause: Evasion items are banned
|rule|Evasion Moves Clause: Evasion moves are banned
|rule|Evasion Abilities Clause: Evasion abilities are banned
|rule|Sleep Moves Clause: Sleep-inducing moves are banned
|clearpoke
|poke|p1|Walking Wake|
|poke|p1|Ninetales, F|
|poke|p1|Hatterene, F|
|poke|p1|Lilligant-Hisui, F|
|poke|p1|Raging Bolt|
|poke|p1|Glimmora, F|
|poke|p2|Alomomola, F|
|poke|p2|Great Tusk|
|poke|p2|Iron Valiant|
|poke|p2|Kilowattrel, F|
|poke|p2|Pecharunt|
|poke|p2|Charizard, M|
|teampreview
|inactive|Battle timer is ON: inactive players will automatically lose when time's up. (requested by eastjunn)
|
|t:|1758961822
|teamsize|p1|6
|teamsize|p2|6
|start
|switch|p1a: Glimmora|Glimmora, F|100/100
|switch|p2a: Alomomola|Alomomola, F|100/100
|turn|1
|
|t:|1758961834
|move|p1a: Glimmora|Stealth Rock|p2a: Alomomola
|-sidestart|p2: raskmus|move: Stealth Rock
|move|p2a: Alomomola|Flip Turn|p1a: Glimmora
|-supereffective|p1a: Glimmora
|-damage|p1a: Glimmora|63/100
|-activate|p1a: Glimmora|ability: Toxic Debris
|-sidestart|p2: raskmus|move: Toxic Spikes
|
|t:|1758961848
|switch|p2a: Great Tusk|Great Tusk|100/100|[from] Flip Turn
|-damage|p2a: Great Tusk|98/100|[from] Stealth Rock
|-status|p2a: Great Tusk|psn
|
|-damage|p2a: Great Tusk|85/100 psn|[from] psn
|upkeep
|turn|2
|
|t:|1758961863
|move|p1a: Glimmora|Earth Power|p2a: Great Tusk
|-damage|p2a: Great Tusk|42/100 psn
|move|p2a: Great Tusk|Rapid Spin|p1a: Glimmora
|-resisted|p1a: Glimmora
|-damage|p1a: Glimmora|48/100
|-boost|p2a: Great Tusk|spe|1
|-activate|p1a: Glimmora|ability: Toxic Debris
|-sidestart|p2: raskmus|move: Toxic Spikes
|-sideend|p2: raskmus|Toxic Spikes|[from] move: Rapid Spin|[of] p2a: Great Tusk
|-sideend|p2: raskmus|Stealth Rock|[from] move: Rapid Spin|[of] p2a: Great Tusk
|
|-damage|p2a: Great Tusk|30/100 psn|[from] psn
|upkeep
|turn|3
|
|t:|1758961876
|-end|p2a: Great Tusk|Protosynthesis|[silent]
|switch|p2a: Pecharunt|Pecharunt|100/100
|move|p1a: Glimmora|Earth Power|p2a: Pecharunt
|-supereffective|p2a: Pecharunt
|-damage|p2a: Pecharunt|40/100
|
|-heal|p2a: Pecharunt|46/100|[from] item: Leftovers
|upkeep
|turn|4
|
|t:|1758961894
|switch|p2a: Kilowattrel|Kilowattrel, F|100/100
|move|p1a: Glimmora|Stealth Rock|p2a: Kilowattrel
|-sidestart|p2: raskmus|move: Stealth Rock
|
|upkeep
|turn|5
|
|t:|1758961901
|move|p2a: Kilowattrel|Thunderbolt|p1a: Glimmora
|-damage|p1a: Glimmora|0 fnt
|faint|p1a: Glimmora
|
|upkeep
|
|t:|1758961908
|switch|p1a: Ninetales|Ninetales, F|100/100
|-weather|SunnyDay|[from] ability: Drought|[of] p1a: Ninetales
|turn|6
|
|t:|1758961915
|switch|p2a: Charizard|Charizard, M|100/100
|-damage|p2a: Charizard|51/100|[from] Stealth Rock
|move|p1a: Ninetales|Weather Ball|p2a: Charizard
|-resisted|p2a: Charizard
|-damage|p2a: Charizard|22/100
|
|-weather|SunnyDay|[upkeep]
|upkeep
|turn|7
|
|t:|1758961925
|-terastallize|p2a: Charizard|Fire
|move|p2a: Charizard|Flare Blitz|p1a: Ninetales
|-resisted|p1a: Ninetales
|-damage|p1a: Ninetales|30/100
|-damage|p2a: Charizard|0 fnt|[from] Recoil
|faint|p2a: Charizard
|move|p1a: Ninetales|Weather Ball|p2: Charizard|[notarget]
|-fail|p1a: Ninetales
|
|-weather|SunnyDay|[upkeep]
|upkeep
|
|t:|1758961938
|switch|p2a: Alomomola|Alomomola, F|100/100
|-damage|p2a: Alomomola|88/100|[from] Stealth Rock
|turn|8
|
|t:|1758961947
|move|p1a: Ninetales|Energy Ball|p2a: Alomomola
|-supereffective|p2a: Alomomola
|-damage|p2a: Alomomola|47/100
|move|p2a: Alomomola|Flip Turn|p1a: Ninetales
|-supereffective|p1a: Ninetales
|-damage|p1a: Ninetales|13/100
|
|t:|1758961959
|switch|p2a: Kilowattrel|Kilowattrel, F|100/100|[from] Flip Turn
|-damage|p2a: Kilowattrel|76/100|[from] Stealth Rock
|
|-weather|SunnyDay|[upkeep]
|upkeep
|turn|9
|
|t:|1758961971
|move|p2a: Kilowattrel|Thunderbolt|p1a: Ninetales
|-damage|p1a: Ninetales|0 fnt
|faint|p1a: Ninetales
|
|-weather|SunnyDay|[upkeep]
|upkeep
|
|t:|1758961986
|switch|p1a: Walking Wake|Walking Wake|100/100
|-activate|p1a: Walking Wake|ability: Protosynthesis
|-start|p1a: Walking Wake|protosynthesisspe
|turn|10
|inactive|raskmus has 120 seconds left.
|
|t:|1758962017
|switch|p2a: Pecharunt|Pecharunt|46/100
|-damage|p2a: Pecharunt|34/100|[from] Stealth Rock
|move|p1a: Walking Wake|Hydro Steam|p2a: Pecharunt
|-damage|p2a: Pecharunt|0 fnt
|faint|p2a: Pecharunt
|
|-weather|SunnyDay|[upkeep]
|upkeep
|inactive|raskmus has 120 seconds left.
|
|t:|1758962033
|switch|p2a: Iron Valiant|Iron Valiant|100/100
|-damage|p2a: Iron Valiant|94/100|[from] Stealth Rock
|-enditem|p2a: Iron Valiant|Booster Energy
|-activate|p2a: Iron Valiant|ability: Quark Drive|[fromitem]
|-start|p2a: Iron Valiant|quarkdrivespe
|turn|11
|
|t:|1758962049
|-terastallize|p1a: Walking Wake|Steel
|move|p2a: Iron Valiant|Moonblast|p1a: Walking Wake
|-resisted|p1a: Walking Wake
|-damage|p1a: Walking Wake|79/100
|-unboost|p1a: Walking Wake|spa|1
|move|p1a: Walking Wake|Hydro Steam|p2a: Iron Valiant
|-damage|p2a: Iron Valiant|0 fnt
|faint|p2a: Iron Valiant
|-end|p2a: Iron Valiant|Quark Drive|[silent]
|
|-weather|SunnyDay|[upkeep]
|upkeep
|
|t:|1758962069
|switch|p2a: Alomomola|Alomomola, F|80/100
|-damage|p2a: Alomomola|68/100|[from] Stealth Rock
|turn|12
|
|t:|1758962080
|-end|p1a: Walking Wake|Protosynthesis|[silent]
|switch|p1a: Raging Bolt|Raging Bolt|100/100
|-activate|p1a: Raging Bolt|ability: Protosynthesis
|-start|p1a: Raging Bolt|protosynthesisspa
|move|p2a: Alomomola|Protect||[still]
|-fail|p2a: Alomomola
|
|-weather|SunnyDay|[upkeep]
|upkeep
|turn|13
|
|t:|1758962103
|move|p2a: Alomomola|Protect|p2a: Alomomola
|-singleturn|p2a: Alomomola|Protect
|move|p1a: Raging Bolt|Dragon Pulse|p2a: Alomomola
|-activate|p2a: Alomomola|move: Protect
|
|-weather|none
|-end|p1a: Raging Bolt|Protosynthesis
|upkeep
|turn|14
|inactive|raskmus has 120 seconds left.
|
|t:|1758962118
|-end|p1a: Raging Bolt|Protosynthesis|[silent]
|switch|p1a: Walking Wake|Walking Wake, tera:Steel|79/100
|move|p2a: Alomomola|Flip Turn|p1a: Walking Wake
|-crit|p1a: Walking Wake
|-damage|p1a: Walking Wake|53/100
|
|t:|1758962126
|switch|p2a: Kilowattrel|Kilowattrel, F|76/100|[from] Flip Turn
|-damage|p2a: Kilowattrel|51/100|[from] Stealth Rock
|
|upkeep
|turn|15
|
|t:|1758962139
|-end|p1a: Walking Wake|Protosynthesis|[silent]
|switch|p1a: Hatterene|Hatterene, F, shiny|100/100
|move|p2a: Kilowattrel|Thunderbolt|p1a: Hatterene
|-damage|p1a: Hatterene|30/100
|
|-heal|p1a: Hatterene|37/100|[from] item: Leftovers
|upkeep
|turn|16
|
|t:|1758962164
|move|p2a: Kilowattrel|Thunderbolt|p1a: Hatterene
|-damage|p1a: Hatterene|0 fnt
|faint|p1a: Hatterene
|
|upkeep
|
|t:|1758962171
|switch|p1a: Raging Bolt|Raging Bolt|100/100
|turn|17
|
|t:|1758962184
|switch|p2a: Alomomola|Alomomola, F|100/100
|-damage|p2a: Alomomola|88/100|[from] Stealth Rock
|move|p1a: Raging Bolt|Dragon Pulse|p2a: Alomomola
|-damage|p2a: Alomomola|36/100
|
|upkeep
|turn|18
|
|t:|1758962203
|move|p2a: Alomomola|Protect|p2a: Alomomola
|-singleturn|p2a: Alomomola|Protect
|move|p1a: Raging Bolt|Dragon Pulse|p2a: Alomomola
|-activate|p2a: Alomomola|move: Protect
|
|upkeep
|turn|19
|
|t:|1758962210
|move|p1a: Raging Bolt|Dragon Pulse|p2a: Alomomola
|-damage|p2a: Alomomola|0 fnt
|faint|p2a: Alomomola
|
|upkeep
|
|t:|1758962215
|switch|p2a: Great Tusk|Great Tusk|30/100 psn
|-damage|p2a: Great Tusk|27/100 psn|[from] Stealth Rock
|turn|20
|inactive|raskmus has 120 seconds left.
|
|t:|1758962225
|move|p2a: Great Tusk|Ice Spinner|p1a: Raging Bolt
|-supereffective|p1a: Raging Bolt
|-damage|p1a: Raging Bolt|38/100
|-enditem|p1a: Raging Bolt|Weakness Policy
|-boost|p1a: Raging Bolt|atk|2|[from] item: Weakness Policy
|-boost|p1a: Raging Bolt|spa|2|[from] item: Weakness Policy
|move|p1a: Raging Bolt|Dragon Pulse|p2a: Great Tusk
|-damage|p2a: Great Tusk|0 fnt
|faint|p2a: Great Tusk
|-end|p2a: Great Tusk|Protosynthesis|[silent]
|
|upkeep
|inactive|raskmus has 120 seconds left.
|
|t:|1758962233
|switch|p2a: Kilowattrel|Kilowattrel, F|51/100
|-damage|p2a: Kilowattrel|26/100|[from] Stealth Rock
|turn|21
|
|t:|1758962239
|move|p1a: Raging Bolt|Thunderclap|p2a: Kilowattrel
|-heal|p2a: Kilowattrel|51/100|[from] ability: Volt Absorb|[of] p1a: Raging Bolt
|move|p2a: Kilowattrel|Hurricane|p1a: Raging Bolt
|-resisted|p1a: Raging Bolt
|-damage|p1a: Raging Bolt|3/100
|
|upkeep
|turn|22
|
|t:|1758962249
|move|p2a: Kilowattrel|Hurricane|p1a: Raging Bolt
|-resisted|p1a: Raging Bolt
|-damage|p1a: Raging Bolt|0 fnt
|faint|p1a: Raging Bolt
|-end|p1a: Raging Bolt|Protosynthesis|[silent]
|
|upkeep
|
|t:|1758962255
|switch|p1a: Walking Wake|Walking Wake, tera:Steel|53/100
|turn|23
|
|t:|1758962262
|move|p2a: Kilowattrel|Hurricane|p1a: Walking Wake
|-resisted|p1a: Walking Wake
|-crit|p1a: Walking Wake
|-damage|p1a: Walking Wake|0 fnt
|faint|p1a: Walking Wake
|-end|p1a: Walking Wake|Protosynthesis|[silent]
|
|upkeep
|
|t:|1758962271
|switch|p1a: Lilligant|Lilligant-Hisui, F, shiny|100/100
|turn|24
|
|t:|1758962277
|move|p2a: Kilowattrel|Hurricane|p1a: Lilligant|[miss]
|-miss|p2a: Kilowattrel|p1a: Lilligant
|move|p1a: Lilligant|Triple Axel|p2a: Kilowattrel
|-supereffective|p2a: Kilowattrel
|-damage|p2a: Kilowattrel|17/100
|-supereffective|p2a: Kilowattrel
|-damage|p2a: Kilowattrel|0 fnt
|faint|p2a: Kilowattrel
|-hitcount|p2: Kilowattrel|2
|-damage|p1a: Lilligant|91/100|[from] item: Life Orb
|
|win|eastjunn
|raw|eastjunn's rating: 1322 &rarr; <strong>1339</strong><br />(+17 for winning)
|raw|raskmus's rating: 1277 &rarr; <strong>1255</strong><br />(-22 for losing)
|l|☆eastjunn
|player|p1|
|c|☆raskmus|close
|l|☆raskmus
|player|p2|
