|j|☆Havestol
|j|☆Charle_phate
|t:|1758939949
|gametype|singles
|player|p1|Havestol|mars|1443
|player|p2|Charle_phate|blue|1387
|gen|9
|tier|[Gen 9] OU
|rated|
|rule|HP Percentage Mod: HP is shown in percentages
|rule|Endless Battle Clause: Forcing endless battles is banned
|rule|Species Clause: Limit one of each Pokémon
|rule|OHKO Clause: OHKO moves are banned
|rule|Evasion Items Clause: Evasion items are banned
|rule|Evasion Moves Clause: Evasion moves are banned
|rule|Evasion Abilities Clause: Evasion abilities are banned
|rule|Sleep Moves Clause: Sleep-inducing moves are banned
|clearpoke
|poke|p1|Cinderace, F|
|poke|p1|Lucario, F|
|poke|p1|Deoxys-Speed|
|poke|p1|Rotom-Wash|
|poke|p1|Donphan, M|
|poke|p1|Kyurem|
|poke|p2|Serperior, M|
|poke|p2|Rotom-Wash|
|poke|p2|Zapdos|
|poke|p2|Heatran, F|
|poke|p2|Clefable, M|
|poke|p2|Landorus-Therian, M|
|teampreview
|inactive|Battle timer is ON: inactive players will automatically lose when time's up. (requested by Charle_phate)
|
|t:|1758939960
|teamsize|p1|6
|teamsize|p2|6
|start
|switch|p1a: Deoxys|Deoxys-Speed|100/100
|switch|p2a: Rotom|Rotom-Wash|100/100
|-ability|p1a: Deoxys|Pressure
|turn|1
|
|t:|1758939973
|switch|p2a: Heatran|Heatran, F|100/100
|move|p1a: Deoxys|Taunt|p2a: Heatran
|-start|p2a: Heatran|move: Taunt
|
|upkeep
|turn|2
|
|t:|1758939980
|move|p1a: Deoxys|Stealth Rock|p2a: Heatran
|-sidestart|p2: Charle_phate|move: Stealth Rock
|move|p2a: Heatran|Ancient Power|p1a: Deoxys
|-damage|p1a: Deoxys|72/100
|
|upkeep
|turn|3
|
|t:|1758939988
|switch|p1a: Rotom|Rotom-Wash|100/100
|move|p2a: Heatran|Ancient Power|p1a: Rotom
|-damage|p1a: Rotom|80/100
|
|-heal|p1a: Rotom|86/100|[from] item: Leftovers
|-end|p2a: Heatran|move: Taunt
|upkeep
|turn|4
|
|t:|1758940003
|switch|p2a: Rotom|Rotom-Wash|100/100
|-damage|p2a: Rotom|88/100|[from] Stealth Rock
|move|p1a: Rotom|Nasty Plot|p1a: Rotom
|-boost|p1a: Rotom|spa|2
|
|-heal|p1a: Rotom|92/100|[from] item: Leftovers
|-heal|p2a: Rotom|94/100|[from] item: Leftovers
|upkeep
|turn|5
|
|t:|1758940012
|move|p1a: Rotom|Thunderbolt|p2a: Rotom
|-damage|p2a: Rotom|20/100
|move|p2a: Rotom|Charge Beam|p1a: Rotom
|-damage|p1a: Rotom|68/100
|
|-heal|p1a: Rotom|74/100|[from] item: Leftovers
|-heal|p2a: Rotom|26/100|[from] item: Leftovers
|upkeep
|turn|6
|
|t:|1758940015
|move|p1a: Rotom|Thunderbolt|p2a: Rotom
|-damage|p2a: Rotom|0 fnt
|faint|p2a: Rotom
|
|-heal|p1a: Rotom|80/100|[from] item: Leftovers
|upkeep
|c|☆Havestol|what are these sets lol
|
|t:|1758940030
|switch|p2a: Serperior|Serperior, M|100/100
|-damage|p2a: Serperior|88/100|[from] Stealth Rock
|turn|7
|c|☆Havestol|yk heatran got power gem?
|
|t:|1758940057
|move|p2a: Serperior|Substitute|p2a: Serperior
|-start|p2a: Serperior|Substitute
|-damage|p2a: Serperior|63/100
|move|p1a: Rotom|Dark Pulse|p2a: Serperior
|-end|p2a: Serperior|Substitute
|
|-heal|p2a: Serperior|69/100|[from] item: Leftovers
|-heal|p1a: Rotom|86/100|[from] item: Leftovers
|upkeep
|turn|8
|
|t:|1758940065
|move|p2a: Serperior|Leaf Storm|p1a: Rotom
|-supereffective|p1a: Rotom
|-damage|p1a: Rotom|0 fnt
|-boost|p2a: Serperior|spa|2
|faint|p1a: Rotom
|
|-heal|p2a: Serperior|75/100|[from] item: Leftovers
|upkeep
|
|t:|1758940074
|switch|p1a: Cinderace|Cinderace, F|100/100
|turn|9
|inactive|Charle_phate has 120 seconds left.
|
|t:|1758940106
|switch|p2a: Zapdos|Zapdos|100/100
|-damage|p2a: Zapdos|76/100|[from] Stealth Rock
|move|p1a: Cinderace|Pyro Ball|p2a: Zapdos
|-damage|p2a: Zapdos|19/100
|-status|p2a: Zapdos|brn
|
|-heal|p2a: Zapdos|25/100 brn|[from] item: Leftovers
|-damage|p2a: Zapdos|19/100 brn|[from] brn
|upkeep
|turn|10
|
|t:|1758940115
|move|p1a: Cinderace|Pyro Ball|p2a: Zapdos
|-damage|p2a: Zapdos|0 fnt
|faint|p2a: Zapdos
|
|upkeep
|
|t:|1758940129
|switch|p2a: Landorus|Landorus-Therian, M|100/100
|-damage|p2a: Landorus|88/100|[from] Stealth Rock
|-ability|p2a: Landorus|Intimidate|boost
|-unboost|p1a: Cinderace|atk|1
|turn|11
|
|t:|1758940145
|move|p1a: Cinderace|Swords Dance|p1a: Cinderace
|-boost|p1a: Cinderace|atk|2
|move|p2a: Landorus|Swords Dance|p2a: Landorus
|-boost|p2a: Landorus|atk|2
|
|-heal|p2a: Landorus|94/100|[from] item: Leftovers
|upkeep
|turn|12
|
|t:|1758940159
|-terastallize|p1a: Cinderace|Fire
|move|p1a: Cinderace|Pyro Ball|p2a: Landorus
|-damage|p2a: Landorus|0 fnt
|faint|p2a: Landorus
|
|upkeep
|
|t:|1758940163
|switch|p2a: Serperior|Serperior, M|75/100
|-damage|p2a: Serperior|63/100|[from] Stealth Rock
|turn|13
|
|t:|1758940170
|-terastallize|p2a: Serperior|Fire
|move|p1a: Cinderace|Gunk Shot|p2a: Serperior
|-damage|p2a: Serperior|0 fnt
|faint|p2a: Serperior
|
|upkeep
|
|t:|1758940188
|switch|p2a: Heatran|Heatran, F|100/100
|-damage|p2a: Heatran|88/100|[from] Stealth Rock
|turn|14
|
|t:|1758940195
|move|p1a: Cinderace|Swords Dance|p1a: Cinderace
|-boost|p1a: Cinderace|atk|2
|move|p2a: Heatran|Ancient Power|p1a: Cinderace
|-supereffective|p1a: Cinderace
|-damage|p1a: Cinderace|53/100
|
|-heal|p2a: Heatran|94/100|[from] item: Leftovers
|upkeep
|turn|15
|
|t:|1758940203
|move|p1a: Cinderace|Sucker Punch|p2a: Heatran
|-damage|p2a: Heatran|46/100
|move|p2a: Heatran|Ancient Power|p1a: Cinderace
|-supereffective|p1a: Cinderace
|-damage|p1a: Cinderace|2/100
|
|-heal|p2a: Heatran|52/100|[from] item: Leftovers
|upkeep
|turn|16
|
|t:|1758940207
|move|p1a: Cinderace|Sucker Punch||[still]
|-fail|p1a: Cinderace
|move|p2a: Heatran|Substitute|p2a: Heatran
|-start|p2a: Heatran|Substitute
|-damage|p2a: Heatran|27/100
|
|-heal|p2a: Heatran|34/100|[from] item: Leftovers
|upkeep
|turn|17
|
|t:|1758940215
|move|p1a: Cinderace|Sucker Punch|p2a: Heatran
|-end|p2a: Heatran|Substitute
|move|p2a: Heatran|Ancient Power|p1a: Cinderace
|-supereffective|p1a: Cinderace
|-damage|p1a: Cinderace|0 fnt
|-boost|p2a: Heatran|atk|1
|-boost|p2a: Heatran|def|1
|-boost|p2a: Heatran|spa|1
|-boost|p2a: Heatran|spd|1
|-boost|p2a: Heatran|spe|1
|faint|p1a: Cinderace
|
|-heal|p2a: Heatran|40/100|[from] item: Leftovers
|upkeep
|
|t:|1758940227
|switch|p1a: Donphan|Donphan, M|100/100
|turn|18
|
|t:|1758940235
|move|p2a: Heatran|Lava Plume|p1a: Donphan
|-damage|p1a: Donphan|28/100
|-status|p1a: Donphan|brn
|move|p1a: Donphan|Earthquake|p2a: Heatran
|-supereffective|p2a: Heatran
|-damage|p2a: Heatran|0 fnt
|faint|p2a: Heatran
|
|-damage|p1a: Donphan|22/100 brn|[from] brn
|upkeep
|
|t:|1758940241
|switch|p2a: Clefable|Clefable, M|100/100
|turn|19
|
|t:|1758940244
|switch|p1a: Deoxys|Deoxys-Speed|72/100
|-ability|p1a: Deoxys|Pressure
|move|p2a: Clefable|Cosmic Power|p2a: Clefable
|-boost|p2a: Clefable|def|1
|-boost|p2a: Clefable|spd|1
|
|upkeep
|turn|20
|inactive|Charle_phate has 120 seconds left.
|
|t:|1758940286
|move|p1a: Deoxys|Taunt|p2a: Clefable
|-start|p2a: Clefable|move: Taunt
|cant|p2a: Clefable|move: Taunt|Cosmic Power
|
|upkeep
|turn|21
|
|t:|1758940290
|move|p1a: Deoxys|Ice Beam|p2a: Clefable
|-damage|p2a: Clefable|86/100
|move|p2a: Clefable|Charge Beam|p1a: Deoxys
|-damage|p1a: Deoxys|53/100
|-boost|p2a: Clefable|spa|1
|
|-heal|p2a: Clefable|92/100|[from] item: Leftovers
|upkeep
|turn|22
|inactive|Charle_phate has 120 seconds left.
|
|t:|1758940309
|move|p1a: Deoxys|Ice Beam|p2a: Clefable
|-crit|p2a: Clefable
|-damage|p2a: Clefable|58/100
|move|p2a: Clefable|Charge Beam|p1a: Deoxys
|-damage|p1a: Deoxys|26/100
|
|-heal|p2a: Clefable|64/100|[from] item: Leftovers
|-end|p2a: Clefable|move: Taunt
|upkeep
|turn|23
|inactive|Charle_phate has 120 seconds left.
|
|t:|1758940321
|move|p1a: Deoxys|Psycho Boost|p2a: Clefable
|-damage|p2a: Clefable|32/100
|-unboost|p1a: Deoxys|spa|2
|move|p2a: Clefable|Charge Beam|p1a: Deoxys
|-damage|p1a: Deoxys|0 fnt
|-boost|p2a: Clefable|spa|1
|faint|p1a: Deoxys
|
|-heal|p2a: Clefable|38/100|[from] item: Leftovers
|upkeep
|
|t:|1758940326
|switch|p1a: Lucario|Lucario, F|100/100
|turn|24
|inactive|Charle_phate has 120 seconds left.
|
|t:|1758940347
|move|p1a: Lucario|Meteor Mash|p2a: Clefable
|-supereffective|p2a: Clefable
|-damage|p2a: Clefable|0 fnt
|faint|p2a: Clefable
|
|win|Havestol
|raw|Havestol's rating: 1443 &rarr; <strong>1460</strong><br />(+17 for winning)
|raw|Charle_phate's rating: 1387 &rarr; <strong>1370</strong><br />(-17 for losing)
|l|☆Charle_phate
|player|p2|
