|j|☆AheQ647
|j|☆deathclock666
|t:|1759002917
|gametype|singles
|player|p1|AheQ647|101|1351
|player|p2|deathclock666|roughneck|1289
|gen|9
|tier|[Gen 9] OU
|rated|
|rule|HP Percentage Mod: HP is shown in percentages
|rule|Endless Battle Clause: Forcing endless battles is banned
|rule|Species Clause: Limit one of each Pokémon
|rule|OHKO Clause: OHKO moves are banned
|rule|Evasion Items Clause: Evasion items are banned
|rule|Evasion Moves Clause: Evasion moves are banned
|rule|Evasion Abilities Clause: Evasion abilities are banned
|rule|Sleep Moves Clause: Sleep-inducing moves are banned
|clearpoke
|poke|p1|Zarude|
|poke|p1|Zamazenta-*|
|poke|p1|Glimmora, F|
|poke|p1|Landorus-Therian, M|
|poke|p1|Goodra-Hisui, F|
|poke|p1|Weezing-Galar, F|
|poke|p2|Dragonite, M|
|poke|p2|Garganacl, M|
|poke|p2|Hariyama, M|
|poke|p2|Scizor, M|
|poke|p2|Mandibuzz, F|
|poke|p2|Araquanid, M|
|teampreview
|inactive|Battle timer is ON: inactive players will automatically lose when time's up. (requested by deathclock666)
|
|t:|1759002921
|teamsize|p1|6
|teamsize|p2|6
|start
|switch|p1a: Glimmora|Glimmora, F|100/100
|switch|p2a: Dragonite|Dragonite, M|100/100
|turn|1
|
|t:|1759002927
|switch|p2a: Scizor|Scizor, M|100/100
|move|p1a: Glimmora|Toxic|p2a: Scizor
|-status|p2a: Scizor|tox
|
|-damage|p2a: Scizor|94/100 tox|[from] psn
|upkeep
|turn|2
|c|☆deathclock666|gl hf
|
|t:|1759002948
|switch|p1a: Landorus|Landorus-Therian, M|100/100
|-ability|p1a: Landorus|Intimidate|boost
|-unboost|p2a: Scizor|atk|1
|move|p2a: Scizor|Bullet Punch|p1a: Landorus
|-damage|p1a: Landorus|78/100
|
|-damage|p2a: Scizor|82/100 tox|[from] psn
|upkeep
|turn|3
|
|t:|1759002958
|switch|p2a: Dragonite|Dragonite, M|100/100
|move|p1a: Landorus|U-turn|p2a: Dragonite
|-resisted|p2a: Dragonite
|-damage|p2a: Dragonite|95/100
|
|t:|1759002967
|switch|p1a: The King|Zarude|100/100|[from] U-turn
|
|upkeep
|turn|4
|
|t:|1759002973
|move|p1a: The King|Bulk Up|p1a: The King
|-boost|p1a: The King|atk|1
|-boost|p1a: The King|def|1
|move|p2a: Dragonite|Flamethrower|p1a: The King
|-supereffective|p1a: The King
|-damage|p1a: The King|53/100
|
|-heal|p1a: The King|59/100|[from] item: Leftovers
|upkeep
|turn|5
|
|t:|1759002983
|move|p1a: The King|Knock Off|p2a: Dragonite
|-damage|p2a: Dragonite|19/100
|-enditem|p2a: Dragonite|Haban Berry|[from] move: Knock Off|[of] p1a: The King
|move|p2a: Dragonite|Flamethrower|p1a: The King
|-supereffective|p1a: The King
|-damage|p1a: The King|13/100
|
|-heal|p1a: The King|19/100|[from] item: Leftovers
|upkeep
|turn|6
|
|t:|1759002991
|move|p1a: The King|Knock Off|p2a: Dragonite
|-damage|p2a: Dragonite|0 fnt
|faint|p2a: Dragonite
|
|-heal|p1a: The King|25/100|[from] item: Leftovers
|upkeep
|
|t:|1759003000
|switch|p2a: Scizor|Scizor, M|82/100 tox
|turn|7
|
|t:|1759003005
|switch|p1a: Zamazenta|Zamazenta|100/100
|-ability|p1a: Zamazenta|Dauntless Shield|boost
|-boost|p1a: Zamazenta|def|1
|move|p2a: Scizor|Bullet Punch|p1a: Zamazenta
|-damage|p1a: Zamazenta|83/100
|
|-heal|p1a: Zamazenta|89/100|[from] item: Leftovers
|-damage|p2a: Scizor|76/100 tox|[from] psn
|upkeep
|turn|8
|
|t:|1759003015
|switch|p2a: Garganacl|Garganacl, M|100/100
|move|p1a: Zamazenta|Iron Defense|p1a: Zamazenta
|-boost|p1a: Zamazenta|def|2
|
|-heal|p1a: Zamazenta|95/100|[from] item: Leftovers
|upkeep
|turn|9
|
|t:|1759003024
|-terastallize|p2a: Garganacl|Ghost
|move|p1a: Zamazenta|Crunch|p2a: Garganacl
|-supereffective|p2a: Garganacl
|-crit|p2a: Garganacl
|-damage|p2a: Garganacl|56/100
|move|p2a: Garganacl|Salt Cure|p1a: Zamazenta
|-resisted|p1a: Zamazenta
|-damage|p1a: Zamazenta|93/100
|-start|p1a: Zamazenta|Salt Cure
|
|-heal|p1a: Zamazenta|99/100|[from] item: Leftovers
|-damage|p1a: Zamazenta|87/100|[from] Salt Cure
|upkeep
|turn|10
|inactive|AheQ647 has 120 seconds left.
|inactive|AheQ647 has 90 seconds left.
|c|☆deathclock666|hurry
|
|t:|1759003092
|switch|p1a: Landorus|Landorus-Therian, M|78/100
|-ability|p1a: Landorus|Intimidate|boost
|-unboost|p2a: Garganacl|atk|1
|move|p2a: Garganacl|Recover|p2a: Garganacl
|-heal|p2a: Garganacl|100/100
|
|upkeep
|turn|11
|inactive|AheQ647 has 90 seconds left.
|
|t:|1759003102
|switch|p2a: Araquanid|Araquanid, M, shiny|100/100
|move|p1a: Landorus|U-turn|p2a: Araquanid
|-damage|p2a: Araquanid|72/100
|inactive|AheQ647 has 90 seconds left.
|
|t:|1759003109
|switch|p1a: Glimmora|Glimmora, F|100/100|[from] U-turn
|
|upkeep
|turn|12
|inactive|deathclock666 has 120 seconds left.
|inactive|deathclock666 has 90 seconds left.
|inactive|deathclock666 has 60 seconds left.
|inactive|deathclock666 has 30 seconds left.
|
|t:|1759003231
|move|p1a: Glimmora|Stealth Rock|p2a: Araquanid
|-sidestart|p2: deathclock666|move: Stealth Rock
|move|p2a: Araquanid|Liquidation|p1a: Glimmora
|-supereffective|p1a: Glimmora
|-damage|p1a: Glimmora|0 fnt
|faint|p1a: Glimmora
|
|upkeep
|inactive|AheQ647 has 90 seconds left.
|
|t:|1759003264
|switch|p1a: Goodra|Goodra-Hisui, F|100/100
|turn|13
|
|t:|1759003270
|switch|p2a: Hariyama|Hariyama, M|100/100
|-damage|p2a: Hariyama|94/100|[from] Stealth Rock
|move|p1a: Goodra|Dragon Tail|p2a: Hariyama
|-damage|p2a: Hariyama|80/100
|drag|p2a: Garganacl|Garganacl, M, tera:Ghost|100/100
|-damage|p2a: Garganacl|88/100|[from] Stealth Rock
|
|upkeep
|turn|14
|inactive|AheQ647 has 90 seconds left.
|
|t:|1759003281
|move|p1a: Goodra|Knock Off|p2a: Garganacl
|-supereffective|p2a: Garganacl
|-damage|p2a: Garganacl|59/100
|-enditem|p2a: Garganacl|Sitrus Berry|[from] move: Knock Off|[of] p1a: Goodra
|move|p2a: Garganacl|Salt Cure|p1a: Goodra
|-resisted|p1a: Goodra
|-damage|p1a: Goodra|94/100
|-start|p1a: Goodra|Salt Cure
|
|-damage|p1a: Goodra|69/100|[from] Salt Cure
|upkeep
|turn|15
|inactive|AheQ647 has 90 seconds left.
|
|t:|1759003305
|switch|p1a: Weezing|Weezing-Galar, F|100/100
|move|p2a: Garganacl|Recover|p2a: Garganacl
|-heal|p2a: Garganacl|100/100
|
|upkeep
|turn|16
|
|t:|1759003326
|move|p1a: Weezing|Clear Smog|p2a: Garganacl
|-resisted|p2a: Garganacl
|-damage|p2a: Garganacl|95/100
|-clearboost|p2a: Garganacl
|move|p2a: Garganacl|Curse|p1a: Weezing
|-start|p1a: Weezing|Curse|[of] p2a: Garganacl
|-damage|p2a: Garganacl|45/100
|
|-damage|p1a: Weezing|76/100|[from] Curse
|upkeep
|turn|17
|
|t:|1759003330
|switch|p1a: Goodra|Goodra-Hisui, F|69/100
|move|p2a: Garganacl|Recover|p2a: Garganacl
|-heal|p2a: Garganacl|95/100
|
|upkeep
|turn|18
|
|t:|1759003333
|switch|p1a: Weezing|Weezing-Galar, F|76/100
|move|p2a: Garganacl|Salt Cure|p1a: Weezing
|-damage|p1a: Weezing|66/100
|-start|p1a: Weezing|Salt Cure
|
|-heal|p1a: Weezing|72/100|[from] item: Black Sludge
|-damage|p1a: Weezing|60/100|[from] Salt Cure
|upkeep
|turn|19
|inactive|AheQ647 has 90 seconds left.
|
|t:|1759003355
|move|p1a: Weezing|Pain Split|p2a: Garganacl
|-sethp|p2a: Garganacl|73/100|[from] move: Pain Split|[silent]
|-sethp|p1a: Weezing|88/100|[from] move: Pain Split
|move|p2a: Garganacl|Salt Cure|p1a: Weezing
|-damage|p1a: Weezing|79/100
|
|-heal|p1a: Weezing|85/100|[from] item: Black Sludge
|-damage|p1a: Weezing|73/100|[from] Salt Cure
|upkeep
|turn|20
|
|t:|1759003365
|switch|p2a: Araquanid|Araquanid, M, shiny|72/100
|-damage|p2a: Araquanid|47/100|[from] Stealth Rock
|move|p1a: Weezing|Pain Split|p2a: Araquanid
|-sethp|p2a: Araquanid|59/100|[from] move: Pain Split|[silent]
|-sethp|p1a: Weezing|60/100|[from] move: Pain Split
|
|-heal|p1a: Weezing|66/100|[from] item: Black Sludge
|-damage|p1a: Weezing|54/100|[from] Salt Cure
|upkeep
|turn|21
|
|t:|1759003368
|move|p1a: Weezing|Will-O-Wisp|p2a: Araquanid|[miss]
|-miss|p1a: Weezing|p2a: Araquanid
|move|p2a: Araquanid|Liquidation|p1a: Weezing
|-damage|p1a: Weezing|0 fnt
|faint|p1a: Weezing
|
|upkeep
|
|t:|1759003372
|switch|p1a: The King|Zarude|25/100
|turn|22
|
|t:|1759003375
|switch|p2a: Mandibuzz|Mandibuzz, F|100/100
|-terastallize|p1a: The King|Poison
|move|p1a: The King|Bulk Up|p1a: The King
|-boost|p1a: The King|atk|1
|-boost|p1a: The King|def|1
|
|-heal|p1a: The King|31/100|[from] item: Leftovers
|upkeep
|turn|23
|
|t:|1759003385
|move|p1a: The King|Jungle Healing|p1a: The King
|-heal|p1a: The King|56/100
|move|p2a: Mandibuzz|Foul Play|p1a: The King
|-damage|p1a: The King|15/100
|
|-heal|p1a: The King|21/100|[from] item: Leftovers
|upkeep
|turn|24
|
|t:|1759003400
|move|p1a: The King|Bulk Up|p1a: The King
|-boost|p1a: The King|atk|1
|-boost|p1a: The King|def|1
|move|p2a: Mandibuzz|Toxic|p1a: The King
|-immune|p1a: The King
|
|-heal|p1a: The King|27/100|[from] item: Leftovers
|upkeep
|turn|25
|inactive|deathclock666 has 120 seconds left.
|inactive|deathclock666 has 90 seconds left.
|inactive|deathclock666 has 60 seconds left.
|inactive|deathclock666 has 30 seconds left.
|inactive|deathclock666 has 20 seconds left.
|
|t:|1759003523
|move|p1a: The King|Knock Off|p2a: Mandibuzz
|-resisted|p2a: Mandibuzz
|-damage|p2a: Mandibuzz|65/100
|-enditem|p2a: Mandibuzz|Heavy-Duty Boots|[from] move: Knock Off|[of] p1a: The King
|move|p2a: Mandibuzz|Foul Play|p1a: The King
|-damage|p1a: The King|0 fnt
|faint|p1a: The King
|
|upkeep
|
|t:|1759003537
|switch|p1a: Landorus|Landorus-Therian, M|78/100
|-ability|p1a: Landorus|Intimidate|boost
|-unboost|p2a: Mandibuzz|atk|1
|turn|26
|inactive|deathclock666 has 30 seconds left.
|
|t:|1759003543
|move|p1a: Landorus|Stone Edge|p2a: Mandibuzz|[miss]
|-miss|p1a: Landorus|p2a: Mandibuzz
|move|p2a: Mandibuzz|Defog|p1a: Landorus
|-unboost|p1a: Landorus|evasion|1
|-sideend|p2: deathclock666|Stealth Rock|[from] move: Defog|[of] p2a: Mandibuzz
|
|upkeep
|turn|27
|inactive|deathclock666 has 30 seconds left.
|
|t:|1759003553
|switch|p2a: Garganacl|Garganacl, M, tera:Ghost|73/100
|move|p1a: Landorus|Stone Edge|p2a: Garganacl
|-crit|p2a: Garganacl
|-damage|p2a: Garganacl|38/100
|
|upkeep
|turn|28
|inactive|AheQ647 has 120 seconds left.
|
|t:|1759003584
|switch|p1a: Goodra|Goodra-Hisui, F|69/100
|move|p2a: Garganacl|Recover|p2a: Garganacl
|-heal|p2a: Garganacl|88/100
|
|upkeep
|turn|29
|
|t:|1759003586
|move|p2a: Garganacl|Salt Cure|p1a: Goodra
|-resisted|p1a: Goodra
|-damage|p1a: Goodra|63/100
|-start|p1a: Goodra|Salt Cure
|move|p1a: Goodra|Dragon Tail|p2a: Garganacl
|-damage|p2a: Garganacl|75/100
|drag|p2a: Scizor|Scizor, M|76/100 tox
|
|-damage|p2a: Scizor|70/100 tox|[from] psn
|-damage|p1a: Goodra|38/100|[from] Salt Cure
|upkeep
|turn|30
|
|t:|1759003602
|switch|p2a: Garganacl|Garganacl, M, tera:Ghost|75/100
|move|p1a: Goodra|Counter||[still]
|-fail|p1a: Goodra
|
|-damage|p1a: Goodra|13/100|[from] Salt Cure
|upkeep
|turn|31
|inactive|AheQ647 has 120 seconds left.
|
|t:|1759003610
|move|p1a: Goodra|Gyro Ball|p2a: Garganacl
|-damage|p2a: Garganacl|69/100
|move|p2a: Garganacl|Salt Cure|p1a: Goodra
|-resisted|p1a: Goodra
|-damage|p1a: Goodra|6/100
|
|-damage|p1a: Goodra|0 fnt|[from] Salt Cure
|faint|p1a: Goodra
|upkeep
|inactive|AheQ647 has 120 seconds left.
|
|t:|1759003621
|switch|p1a: Landorus|Landorus-Therian, M|78/100
|-ability|p1a: Landorus|Intimidate|boost
|-unboost|p2a: Garganacl|atk|1
|turn|32
|
|t:|1759003624
|move|p1a: Landorus|Earthquake|p2a: Garganacl
|-damage|p2a: Garganacl|31/100
|move|p2a: Garganacl|Salt Cure|p1a: Landorus
|-damage|p1a: Landorus|69/100
|-start|p1a: Landorus|Salt Cure
|
|-damage|p1a: Landorus|57/100|[from] Salt Cure
|upkeep
|turn|33
|
|t:|1759003631
|switch|p1a: Zamazenta|Zamazenta|87/100
|switch|p2a: Mandibuzz|Mandibuzz, F|65/100
|
|-heal|p1a: Zamazenta|93/100|[from] item: Leftovers
|upkeep
|turn|34
|
|t:|1759003635
|move|p1a: Zamazenta|Iron Defense|p1a: Zamazenta
|-boost|p1a: Zamazenta|def|2
|move|p2a: Mandibuzz|Toxic|p1a: Zamazenta
|-status|p1a: Zamazenta|tox
|
|-heal|p1a: Zamazenta|99/100 tox|[from] item: Leftovers
|-damage|p1a: Zamazenta|93/100 tox|[from] psn
|upkeep
|turn|35
|
|t:|1759003639
|switch|p2a: Garganacl|Garganacl, M, tera:Ghost|31/100
|move|p1a: Zamazenta|Crunch|p2a: Garganacl
|-supereffective|p2a: Garganacl
|-damage|p2a: Garganacl|3/100
|
|-heal|p1a: Zamazenta|99/100 tox|[from] item: Leftovers
|-damage|p1a: Zamazenta|87/100 tox|[from] psn
|upkeep
|turn|36
|
|t:|1759003643
|move|p1a: Zamazenta|Trailblaze|p2a: Garganacl
|-damage|p2a: Garganacl|0 fnt
|-boost|p1a: Zamazenta|spe|1
|faint|p2a: Garganacl
|
|-heal|p1a: Zamazenta|93/100 tox|[from] item: Leftovers
|-damage|p1a: Zamazenta|75/100 tox|[from] psn
|upkeep
|
|t:|1759003651
|switch|p2a: Mandibuzz|Mandibuzz, F|65/100
|turn|37
|
|t:|1759003655
|move|p1a: Zamazenta|Iron Defense|p1a: Zamazenta
|-boost|p1a: Zamazenta|def|2
|move|p2a: Mandibuzz|Roost|p2a: Mandibuzz
|-heal|p2a: Mandibuzz|100/100
|-singleturn|p2a: Mandibuzz|move: Roost
|
|-heal|p1a: Zamazenta|81/100 tox|[from] item: Leftovers
|-damage|p1a: Zamazenta|56/100 tox|[from] psn
|upkeep
|turn|38
|inactive|deathclock666 has 120 seconds left.
|
|t:|1759003664
|move|p1a: Zamazenta|Body Press|p2a: Mandibuzz
|-damage|p2a: Mandibuzz|31/100
|move|p2a: Mandibuzz|Roost|p2a: Mandibuzz
|-heal|p2a: Mandibuzz|81/100
|-singleturn|p2a: Mandibuzz|move: Roost
|
|-heal|p1a: Zamazenta|62/100 tox|[from] item: Leftovers
|-damage|p1a: Zamazenta|31/100 tox|[from] psn
|upkeep
|turn|39
|
|t:|1759003671
|move|p1a: Zamazenta|Iron Defense|p1a: Zamazenta
|-boost|p1a: Zamazenta|def|2
|move|p2a: Mandibuzz|Foul Play|p1a: Zamazenta
|-resisted|p1a: Zamazenta
|-crit|p1a: Zamazenta
|-damage|p1a: Zamazenta|10/100 tox
|
|-heal|p1a: Zamazenta|16/100 tox|[from] item: Leftovers
|-damage|p1a: Zamazenta|0 fnt|[from] psn
|faint|p1a: Zamazenta
|upkeep
|
|t:|1759003675
|switch|p1a: Landorus|Landorus-Therian, M|57/100
|-ability|p1a: Landorus|Intimidate|boost
|-unboost|p2a: Mandibuzz|atk|1
|turn|40
|
|t:|1759003678
|move|p1a: Landorus|Stone Edge|p2a: Mandibuzz
|-supereffective|p2a: Mandibuzz
|-crit|p2a: Mandibuzz
|-damage|p2a: Mandibuzz|0 fnt
|faint|p2a: Mandibuzz
|
|upkeep
|
|t:|1759003682
|switch|p2a: Araquanid|Araquanid, M, shiny|59/100
|turn|41
|
|t:|1759003685
|move|p1a: Landorus|Stone Edge|p2a: Araquanid
|-supereffective|p2a: Araquanid
|-damage|p2a: Araquanid|0 fnt
|faint|p2a: Araquanid
|
|upkeep
|
|t:|1759003688
|switch|p2a: Scizor|Scizor, M|70/100 tox
|turn|42
|
|t:|1759003696
|move|p1a: Landorus|Stone Edge|p2a: Scizor
|-damage|p2a: Scizor|29/100 tox
|-enditem|p2a: Scizor|Sitrus Berry|[eat]
|-heal|p2a: Scizor|54/100 tox|[from] item: Sitrus Berry
|move|p2a: Scizor|Acrobatics|p1a: Landorus
|-damage|p1a: Landorus|12/100
|
|-damage|p2a: Scizor|48/100 tox|[from] psn
|upkeep
|turn|43
|
|t:|1759003706
|move|p2a: Scizor|Bullet Punch|p1a: Landorus
|-damage|p1a: Landorus|0 fnt
|faint|p1a: Landorus
|
|win|deathclock666
|raw|AheQ647's rating: 1351 &rarr; <strong>1327</strong><br />(-24 for losing)
|raw|deathclock666's rating: 1289 &rarr; <strong>1318</strong><br />(+29 for winning)
|l|☆AheQ647
|player|p1|
|l|☆deathclock666
|player|p2|
