|j|☆adian
|j|☆lpdfwfwfw
|t:|1758949304
|gametype|singles
|player|p1|adian|harlequin|1284
|player|p2|lpdfwfwfw|dawn-gen4pt|1342
|gen|9
|tier|[Gen 9] OU
|rated|
|rule|HP Percentage Mod: HP is shown in percentages
|rule|Endless Battle Clause: Forcing endless battles is banned
|rule|Species Clause: Limit one of each Pokémon
|rule|OHKO Clause: OHKO moves are banned
|rule|Evasion Items Clause: Evasion items are banned
|rule|Evasion Moves Clause: Evasion moves are banned
|rule|Evasion Abilities Clause: Evasion abilities are banned
|rule|Sleep Moves Clause: Sleep-inducing moves are banned
|clearpoke
|poke|p1|Deoxys-Speed|
|poke|p1|Ceruledge, M|
|poke|p1|Great Tusk|
|poke|p1|Zamazenta-*|
|poke|p1|Iron Valiant|
|poke|p1|Gholdengo|
|poke|p2|Zapdos|
|poke|p2|Basculegion, M|
|poke|p2|Pelipper, M|
|poke|p2|Greninja-*, M|
|poke|p2|Sandy Shocks|
|poke|p2|Scizor, F|
|teampreview
|inactive|Battle timer is ON: inactive players will automatically lose when time's up. (requested by lpdfwfwfw)
|
|t:|1758949318
|teamsize|p1|6
|teamsize|p2|6
|start
|switch|p1a: Deoxys|Deoxys-Speed|100/100
|switch|p2a: Sandy Shocks|Sandy Shocks|100/100
|-ability|p1a: Deoxys|Pressure
|-enditem|p2a: Sandy Shocks|Booster Energy
|-activate|p2a: Sandy Shocks|ability: Protosynthesis|[fromitem]
|-start|p2a: Sandy Shocks|protosynthesisspe
|turn|1
|
|t:|1758949341
|move|p1a: Deoxys|Taunt|p2a: Sandy Shocks
|-start|p2a: Sandy Shocks|move: Taunt
|cant|p2a: Sandy Shocks|move: Taunt|Stealth Rock
|
|upkeep
|turn|2
|
|t:|1758949355
|-end|p2a: Sandy Shocks|Protosynthesis|[silent]
|switch|p2a: Scizor|Scizor, F|100/100
|move|p1a: Deoxys|Light Screen|p1a: Deoxys
|-sidestart|p1: adian|move: Light Screen
|
|upkeep
|turn|3
|
|t:|1758949361
|move|p1a: Deoxys|Reflect|p1a: Deoxys
|-sidestart|p1: adian|Reflect
|move|p2a: Scizor|Thief|p1a: Deoxys
|-supereffective|p1a: Deoxys
|-damage|p1a: Deoxys|38/100
|
|upkeep
|turn|4
|
|t:|1758949368
|move|p1a: Deoxys|Psycho Boost|p2a: Scizor
|-resisted|p2a: Scizor
|-damage|p2a: Scizor|65/100
|-unboost|p1a: Deoxys|spa|2
|move|p2a: Scizor|Thief|p1a: Deoxys
|-supereffective|p1a: Deoxys
|-damage|p1a: Deoxys|0 fnt
|faint|p1a: Deoxys
|
|upkeep
|
|t:|1758949393
|switch|p1a: Ceruledge|Ceruledge, M|100/100
|turn|5
|
|t:|1758949409
|-terastallize|p2a: Scizor|Dark
|move|p1a: Ceruledge|Swords Dance|p1a: Ceruledge
|-boost|p1a: Ceruledge|atk|2
|move|p2a: Scizor|Thief|p1a: Ceruledge
|-supereffective|p1a: Ceruledge
|-crit|p1a: Ceruledge
|-enditem|p1a: Ceruledge|Focus Sash
|-damage|p1a: Ceruledge|1/100
|-ability|p1a: Ceruledge|Weak Armor|boost
|-unboost|p1a: Ceruledge|def|1
|-boost|p1a: Ceruledge|spe|2
|
|upkeep
|turn|6
|
|t:|1758949423
|move|p2a: Scizor|Bullet Punch|p1a: Ceruledge
|-resisted|p1a: Ceruledge
|-damage|p1a: Ceruledge|0 fnt
|faint|p1a: Ceruledge
|
|upkeep
|
|t:|1758949447
|switch|p1a: Great Tusk|Great Tusk|100/100
|-enditem|p1a: Great Tusk|Booster Energy
|-activate|p1a: Great Tusk|ability: Protosynthesis|[fromitem]
|-start|p1a: Great Tusk|protosynthesisspe
|turn|7
|
|t:|1758949458
|move|p1a: Great Tusk|Bulk Up|p1a: Great Tusk
|-boost|p1a: Great Tusk|atk|1
|-boost|p1a: Great Tusk|def|1
|move|p2a: Scizor|U-turn|p1a: Great Tusk
|-resisted|p1a: Great Tusk
|-damage|p1a: Great Tusk|96/100
|
|t:|1758949465
|switch|p2a: Zapdos|Zapdos|100/100|[from] U-turn
|
|upkeep
|turn|8
|
|t:|1758949470
|move|p1a: Great Tusk|Close Combat|p2a: Zapdos
|-resisted|p2a: Zapdos
|-damage|p2a: Zapdos|49/100
|-unboost|p1a: Great Tusk|def|1
|-unboost|p1a: Great Tusk|spd|1
|move|p2a: Zapdos|Hurricane|p1a: Great Tusk
|-supereffective|p1a: Great Tusk
|-damage|p1a: Great Tusk|0 fnt
|faint|p1a: Great Tusk
|-end|p1a: Great Tusk|Protosynthesis|[silent]
|
|upkeep
|
|t:|1758949490
|switch|p1a: Gholdengo|Gholdengo|100/100
|-item|p1a: Gholdengo|Air Balloon
|turn|9
|
|t:|1758949500
|move|p2a: Zapdos|Roost|p2a: Zapdos
|-heal|p2a: Zapdos|99/100
|-singleturn|p2a: Zapdos|move: Roost
|move|p1a: Gholdengo|Shadow Ball|p2a: Zapdos
|-damage|p2a: Zapdos|50/100
|
|-sideend|p1: adian|move: Light Screen
|upkeep
|turn|10
|
|t:|1758949510
|move|p2a: Zapdos|Roost|p2a: Zapdos
|-heal|p2a: Zapdos|99/100
|-singleturn|p2a: Zapdos|move: Roost
|move|p1a: Gholdengo|Shadow Ball|p2a: Zapdos
|-damage|p2a: Zapdos|53/100
|
|-sideend|p1: adian|Reflect
|upkeep
|turn|11
|
|t:|1758949519
|move|p2a: Zapdos|U-turn|p1a: Gholdengo
|-resisted|p1a: Gholdengo
|-damage|p1a: Gholdengo|97/100
|-enditem|p1a: Gholdengo|Air Balloon
|
|t:|1758949526
|switch|p2a: Scizor|Scizor, F, tera:Dark|65/100|[from] U-turn
|move|p1a: Gholdengo|Shadow Ball|p2a: Scizor
|-resisted|p2a: Scizor
|-damage|p2a: Scizor|40/100
|
|upkeep
|turn|12
|
|t:|1758949540
|move|p1a: Gholdengo|Make It Rain|p2a: Scizor
|-damage|p2a: Scizor|0 fnt
|-unboost|p1a: Gholdengo|spa|1
|faint|p2a: Scizor
|
|upkeep
|
|t:|1758949553
|switch|p2a: Pelipper|Pelipper, M|100/100
|-weather|RainDance|[from] ability: Drizzle|[of] p2a: Pelipper
|turn|13
|
|t:|1758949560
|move|p1a: Gholdengo|Shadow Ball|p2a: Pelipper
|-damage|p2a: Pelipper|57/100
|move|p2a: Pelipper|Hurricane|p1a: Gholdengo
|-resisted|p1a: Gholdengo
|-damage|p1a: Gholdengo|67/100
|
|-weather|RainDance|[upkeep]
|upkeep
|turn|14
|
|t:|1758949570
|move|p1a: Gholdengo|Nasty Plot|p1a: Gholdengo
|-boost|p1a: Gholdengo|spa|2
|move|p2a: Pelipper|Weather Ball|p1a: Gholdengo
|-damage|p1a: Gholdengo|0 fnt
|faint|p1a: Gholdengo
|
|-weather|RainDance|[upkeep]
|upkeep
|
|t:|1758949585
|switch|p1a: Iron Valiant|Iron Valiant|100/100
|-enditem|p1a: Iron Valiant|Booster Energy
|-activate|p1a: Iron Valiant|ability: Quark Drive|[fromitem]
|-start|p1a: Iron Valiant|quarkdrivespe
|turn|15
|
|t:|1758949596
|move|p1a: Iron Valiant|Moonblast|p2a: Pelipper
|-damage|p2a: Pelipper|0 fnt
|faint|p2a: Pelipper
|
|-weather|RainDance|[upkeep]
|upkeep
|
|t:|1758949610
|switch|p2a: Basculegion|Basculegion, M|100/100
|turn|16
|
|t:|1758949619
|-terastallize|p1a: Iron Valiant|Ghost
|move|p1a: Iron Valiant|Shadow Ball|p2a: Basculegion
|-supereffective|p2a: Basculegion
|-damage|p2a: Basculegion|9/100
|move|p2a: Basculegion|Zen Headbutt|p1a: Iron Valiant|[miss]
|-miss|p2a: Basculegion|p1a: Iron Valiant
|
|-weather|RainDance|[upkeep]
|upkeep
|turn|17
|
|t:|1758949629
|move|p1a: Iron Valiant|Shadow Ball|p2a: Basculegion
|-supereffective|p2a: Basculegion
|-damage|p2a: Basculegion|0 fnt
|faint|p2a: Basculegion
|
|-weather|RainDance|[upkeep]
|upkeep
|
|t:|1758949645
|switch|p2a: Sandy Shocks|Sandy Shocks|100/100
|turn|18
|
|t:|1758949660
|move|p1a: Iron Valiant|Calm Mind|p1a: Iron Valiant
|-boost|p1a: Iron Valiant|spa|1
|-boost|p1a: Iron Valiant|spd|1
|move|p2a: Sandy Shocks|Thunderbolt|p1a: Iron Valiant
|-damage|p1a: Iron Valiant|46/100
|
|-weather|RainDance|[upkeep]
|upkeep
|turn|19
|
|t:|1758949668
|move|p1a: Iron Valiant|Moonblast|p2a: Sandy Shocks
|-damage|p2a: Sandy Shocks|13/100
|move|p2a: Sandy Shocks|Thunderbolt|p1a: Iron Valiant
|-damage|p1a: Iron Valiant|0 fnt
|faint|p1a: Iron Valiant
|-end|p1a: Iron Valiant|Quark Drive|[silent]
|
|-weather|RainDance|[upkeep]
|upkeep
|
|t:|1758949673
|switch|p1a: Zamazenta|Zamazenta|100/100
|-ability|p1a: Zamazenta|Dauntless Shield|boost
|-boost|p1a: Zamazenta|def|1
|turn|20
|
|t:|1758949691
|move|p1a: Zamazenta|Iron Defense|p1a: Zamazenta
|-boost|p1a: Zamazenta|def|2
|move|p2a: Sandy Shocks|Thunderbolt|p1a: Zamazenta
|-damage|p1a: Zamazenta|60/100
|
|-weather|none
|-heal|p1a: Zamazenta|66/100|[from] item: Leftovers
|upkeep
|turn|21
|
|t:|1758949700
|move|p1a: Zamazenta|Iron Defense|p1a: Zamazenta
|-boost|p1a: Zamazenta|def|2
|move|p2a: Sandy Shocks|Thunderbolt|p1a: Zamazenta
|-crit|p1a: Zamazenta
|-damage|p1a: Zamazenta|13/100
|
|-heal|p1a: Zamazenta|19/100|[from] item: Leftovers
|upkeep
|turn|22
|
|t:|1758949709
|move|p1a: Zamazenta|Body Press|p2a: Sandy Shocks
|-damage|p2a: Sandy Shocks|0 fnt
|faint|p2a: Sandy Shocks
|-end|p2a: Sandy Shocks|Protosynthesis|[silent]
|
|-heal|p1a: Zamazenta|25/100|[from] item: Leftovers
|upkeep
|
|t:|1758949719
|switch|p2a: Greninja|Greninja, M|100/100
|turn|23
|
|t:|1758949725
|move|p1a: Zamazenta|Body Press|p2a: Greninja
|-supereffective|p2a: Greninja
|-damage|p2a: Greninja|0 fnt
|faint|p2a: Greninja
|
|-heal|p1a: Zamazenta|32/100|[from] item: Leftovers
|upkeep
|
|t:|1758949732
|switch|p2a: Zapdos|Zapdos|53/100
|turn|24
|
|t:|1758949736
|move|p1a: Zamazenta|Body Press|p2a: Zapdos
|-resisted|p2a: Zapdos
|-damage|p2a: Zapdos|0 fnt
|-status|p1a: Zamazenta|par|[from] ability: Static|[of] p2a: Zapdos
|faint|p2a: Zapdos
|
|win|adian
|raw|adian's rating: 1284 &rarr; <strong>1313</strong><br />(+29 for winning)
|raw|lpdfwfwfw's rating: 1342 &rarr; <strong>1319</strong><br />(-23 for losing)
|l|☆adian
|player|p1|
|l|☆lpdfwfwfw
|player|p2|
