|j|☆gengar's style
|j|☆will-i-am2
|t:|1758916707
|gametype|singles
|player|p1|gengar's style|parasollady-gen4|1531
|player|p2|will-i-am2|101|1525
|gen|9
|tier|[Gen 9] OU
|rated|
|rule|HP Percentage Mod: HP is shown in percentages
|rule|Endless Battle Clause: Forcing endless battles is banned
|rule|Species Clause: Limit one of each Pokémon
|rule|OHKO Clause: OHKO moves are banned
|rule|Evasion Items Clause: Evasion items are banned
|rule|Evasion Moves Clause: Evasion moves are banned
|rule|Evasion Abilities Clause: Evasion abilities are banned
|rule|Sleep Moves Clause: Sleep-inducing moves are banned
|clearpoke
|poke|p1|Glimmora, M|
|poke|p1|Rillaboom, M|
|poke|p1|Hawlucha, M|
|poke|p1|Dragapult, M|
|poke|p1|Kingambit, M|
|poke|p1|Cinderace, M|
|poke|p2|Registeel|
|poke|p2|Mamoswine, F|
|poke|p2|Mimikyu, M|
|poke|p2|Hydreigon, F|
|poke|p2|Slowbro, M|
|poke|p2|Mandibuzz, F|
|teampreview
|inactive|Battle timer is ON: inactive players will automatically lose when time's up. (requested by gengar's style)
|inactive|will-i-am2 has 120 seconds left.
|inactive|will-i-am2 has 90 seconds left.
|
|t:|1758916811
|teamsize|p1|6
|teamsize|p2|6
|start
|switch|p1a: Glimmora|Glimmora, M|100/100
|switch|p2a: Mamoswine|Mamoswine, F|100/100
|turn|1
|
|t:|1758916838
|move|p1a: Glimmora|Power Gem|p2a: Mamoswine
|-damage|p2a: Mamoswine|40/100
|move|p2a: Mamoswine|Earthquake|p1a: Glimmora
|-supereffective|p1a: Glimmora
|-enditem|p1a: Glimmora|Focus Sash
|-damage|p1a: Glimmora|1/100
|-activate|p1a: Glimmora|ability: Toxic Debris
|-sidestart|p2: will-i-am2|move: Toxic Spikes
|
|upkeep
|turn|2
|
|t:|1758916857
|switch|p1a: Cinderace|Cinderace, M|100/100
|move|p2a: Mamoswine|Earthquake|p1a: Cinderace
|-supereffective|p1a: Cinderace
|-damage|p1a: Cinderace|0 fnt
|faint|p1a: Cinderace
|
|upkeep
|
|t:|1758916866
|switch|p1a: Glimmora|Glimmora, M|1/100
|turn|3
|
|t:|1758916868
|switch|p2a: Registeel|Registeel|100/100
|move|p1a: Glimmora|Power Gem|p2a: Registeel
|-resisted|p2a: Registeel
|-damage|p2a: Registeel|88/100
|
|-heal|p2a: Registeel|94/100|[from] item: Leftovers
|upkeep
|turn|4
|
|t:|1758916875
|move|p1a: Glimmora|Stealth Rock|p2a: Registeel
|-sidestart|p2: will-i-am2|move: Stealth Rock
|move|p2a: Registeel|Stealth Rock|p1a: Glimmora
|-sidestart|p1: gengar's style|move: Stealth Rock
|
|-heal|p2a: Registeel|100/100|[from] item: Leftovers
|upkeep
|turn|5
|
|t:|1758916881
|move|p1a: Glimmora|Earth Power|p2a: Registeel
|-supereffective|p2a: Registeel
|-damage|p2a: Registeel|68/100
|move|p2a: Registeel|Iron Head|p1a: Glimmora
|-supereffective|p1a: Glimmora
|-damage|p1a: Glimmora|0 fnt
|-activate|p1a: Glimmora|ability: Toxic Debris
|-sidestart|p2: will-i-am2|move: Toxic Spikes
|faint|p1a: Glimmora
|
|-heal|p2a: Registeel|74/100|[from] item: Leftovers
|upkeep
|
|t:|1758916898
|switch|p1a: Kingambit|Kingambit, M|100/100
|-damage|p1a: Kingambit|94/100|[from] Stealth Rock
|-activate|p1a: Kingambit|ability: Supreme Overlord
|-start|p1a: Kingambit|fallen2|[silent]
|turn|6
|
|t:|1758916906
|switch|p2a: Mandibuzz|Mandibuzz, F|100/100
|-damage|p2a: Mandibuzz|76/100|[from] Stealth Rock
|move|p1a: Kingambit|Low Kick|p2a: Mandibuzz
|-damage|p2a: Mandibuzz|59/100
|-damage|p1a: Kingambit|78/100|[from] item: Rocky Helmet|[of] p2a: Mandibuzz
|
|upkeep
|turn|7
|
|t:|1758916917
|-end|p1a: Kingambit|fallen2|[silent]
|switch|p1a: Dragapult|Dragapult, M|100/100
|-damage|p1a: Dragapult|88/100|[from] Stealth Rock
|move|p2a: Mandibuzz|Defog|p1a: Dragapult
|-unboost|p1a: Dragapult|evasion|1
|-sideend|p1: gengar's style|Stealth Rock|[from] move: Defog|[of] p2a: Mandibuzz
|-sideend|p2: will-i-am2|Toxic Spikes|[from] move: Defog|[of] p2a: Mandibuzz
|-sideend|p2: will-i-am2|Stealth Rock|[from] move: Defog|[of] p2a: Mandibuzz
|
|upkeep
|turn|8
|
|t:|1758916928
|switch|p2a: Registeel|Registeel|74/100
|move|p1a: Dragapult|Draco Meteor|p2a: Registeel
|-resisted|p2a: Registeel
|-damage|p2a: Registeel|50/100
|-unboost|p1a: Dragapult|spa|2
|
|-heal|p2a: Registeel|56/100|[from] item: Leftovers
|upkeep
|turn|9
|
|t:|1758916938
|switch|p1a: Kingambit|Kingambit, M|78/100
|-activate|p1a: Kingambit|ability: Supreme Overlord
|-start|p1a: Kingambit|fallen2|[silent]
|move|p2a: Registeel|Stealth Rock|p1a: Kingambit
|-sidestart|p1: gengar's style|move: Stealth Rock
|
|-heal|p2a: Registeel|62/100|[from] item: Leftovers
|upkeep
|turn|10
|
|t:|1758916947
|move|p1a: Kingambit|Swords Dance|p1a: Kingambit
|-boost|p1a: Kingambit|atk|2
|move|p2a: Registeel|Body Press|p1a: Kingambit
|-supereffective|p1a: Kingambit
|-damage|p1a: Kingambit|3/100
|
|-heal|p2a: Registeel|68/100|[from] item: Leftovers
|upkeep
|turn|11
|
|t:|1758916955
|switch|p2a: Mandibuzz|Mandibuzz, F|59/100
|move|p1a: Kingambit|Low Kick|p2a: Mandibuzz
|-damage|p2a: Mandibuzz|25/100
|-damage|p1a: Kingambit|0 fnt|[from] item: Rocky Helmet|[of] p2a: Mandibuzz
|faint|p1a: Kingambit
|-end|p1a: Kingambit|fallen2|[silent]
|
|upkeep
|
|t:|1758916963
|switch|p1a: Rillaboom|Rillaboom, M|100/100
|-damage|p1a: Rillaboom|88/100|[from] Stealth Rock
|-fieldstart|move: Grassy Terrain|[from] ability: Grassy Surge|[of] p1a: Rillaboom
|turn|12
|
|t:|1758916969
|-terastallize|p1a: Rillaboom|Grass
|move|p1a: Rillaboom|Grassy Glide|p2a: Mandibuzz
|-resisted|p2a: Mandibuzz
|-damage|p2a: Mandibuzz|4/100
|-damage|p1a: Rillaboom|72/100|[from] item: Rocky Helmet|[of] p2a: Mandibuzz
|move|p2a: Mandibuzz|Roost|p2a: Mandibuzz
|-heal|p2a: Mandibuzz|54/100
|-singleturn|p2a: Mandibuzz|move: Roost
|
|-heal|p1a: Rillaboom|78/100|[from] Grassy Terrain
|-heal|p2a: Mandibuzz|60/100|[from] Grassy Terrain
|upkeep
|turn|13
|-message|gengar's style forfeited.
|
|win|will-i-am2
|raw|gengar&apos;s style's rating: 1531 &rarr; <strong>1511</strong><br />(-20 for losing)
|raw|will-i-am2's rating: 1525 &rarr; <strong>1545</strong><br />(+20 for winning)
|l|☆gengar's style
|player|p1|
