|j|☆Mysterion-911
|j|☆gigapoophater
|t:|1759039163
|gametype|singles
|player|p1|Mysterion-911|lucas|1199
|player|p2|gigapoophater|170|1173
|gen|9
|tier|[Gen 9] OU
|rated|
|rule|HP Percentage Mod: HP is shown in percentages
|rule|Endless Battle Clause: Forcing endless battles is banned
|rule|Species Clause: Limit one of each Pokémon
|rule|OHKO Clause: OHKO moves are banned
|rule|Evasion Items Clause: Evasion items are banned
|rule|Evasion Moves Clause: Evasion moves are banned
|rule|Evasion Abilities Clause: Evasion abilities are banned
|rule|Sleep Moves Clause: Sleep-inducing moves are banned
|clearpoke
|poke|p1|Glimmora, F|
|poke|p1|Necrozma|
|poke|p1|Zamazenta-*|
|poke|p1|Dragonite, M|
|poke|p1|Primarina, F|
|poke|p1|Jolteon, M|
|poke|p2|Rampardos, F|
|poke|p2|Orthworm, F|
|poke|p2|Breloom, M|
|poke|p2|Chandelure, M|
|poke|p2|Hatterene, F|
|poke|p2|Milotic, M|
|teampreview
|inactive|Battle timer is ON: inactive players will automatically lose when time's up. (requested by Mysterion-911)
|
|t:|1759039170
|teamsize|p1|6
|teamsize|p2|6
|start
|switch|p1a: Glimmora|Glimmora, F|100/100
|switch|p2a: Romper dos|Rampardos, F, shiny|100/100
|-ability|p2a: Romper dos|Mold Breaker
|turn|1
|inactive|Mysterion-911 has 120 seconds left.
|inactive|Mysterion-911 has 90 seconds left.
|inactive|Mysterion-911 has 60 seconds left.
|
|t:|1759039283
|move|p1a: Glimmora|Energy Ball|p2a: Romper dos
|-supereffective|p2a: Romper dos
|-damage|p2a: Romper dos|0 fnt
|faint|p2a: Romper dos
|
|upkeep
|
|t:|1759039297
|switch|p2a: Breloom|Breloom, M|100/100
|turn|2
|
|t:|1759039309
|move|p1a: Glimmora|Earth Power|p2a: Breloom
|-resisted|p2a: Breloom
|-damage|p2a: Breloom|69/100
|move|p2a: Breloom|Swords Dance|p2a: Breloom
|-boost|p2a: Breloom|atk|2
|
|upkeep
|turn|3
|
|t:|1759039322
|move|p1a: Glimmora|Power Gem|p2a: Breloom
|-resisted|p2a: Breloom
|-damage|p2a: Breloom|28/100
|move|p2a: Breloom|Bullet Seed|p1a: Glimmora
|-damage|p1a: Glimmora|49/100
|-activate|p1a: Glimmora|ability: Toxic Debris
|-sidestart|p2: gigapoophater|move: Toxic Spikes
|-damage|p1a: Glimmora|0 fnt
|-activate|p1a: Glimmora|ability: Toxic Debris
|-sidestart|p2: gigapoophater|move: Toxic Spikes
|faint|p1a: Glimmora
|-hitcount|p1: Glimmora|2
|
|upkeep
|inactive|Mysterion-911 has 30 seconds left.
|
|t:|1759039346
|switch|p1a: Necrozma|Necrozma|100/100
|turn|4
|
|t:|1759039357
|move|p2a: Breloom|Mach Punch|p1a: Necrozma
|-resisted|p1a: Necrozma
|-damage|p1a: Necrozma|63/100
|move|p1a: Necrozma|Photon Geyser|p2a: Breloom
|-supereffective|p2a: Breloom
|-damage|p2a: Breloom|0 fnt
|faint|p2a: Breloom
|
|-heal|p1a: Necrozma|69/100|[from] item: Leftovers
|upkeep
|
|t:|1759039363
|switch|p2a: wormpon wellspring|Orthworm, F|100/100
|turn|5
|inactive|Mysterion-911 has 30 seconds left.
|inactive|Mysterion-911 has 20 seconds left.
|
|t:|1759039396
|move|p1a: Necrozma|Calm Mind|p1a: Necrozma
|-boost|p1a: Necrozma|spa|1
|-boost|p1a: Necrozma|spd|1
|move|p2a: wormpon wellspring|Coil|p2a: wormpon wellspring
|-boost|p2a: wormpon wellspring|atk|1
|-boost|p2a: wormpon wellspring|def|1
|-boost|p2a: wormpon wellspring|accuracy|1
|
|-heal|p1a: Necrozma|75/100|[from] item: Leftovers
|upkeep
|turn|6
|inactive|Mysterion-911 has 30 seconds left this turn.
|
|t:|1759039404
|move|p1a: Necrozma|Heat Wave|p2a: wormpon wellspring
|-supereffective|p2a: wormpon wellspring
|-damage|p2a: wormpon wellspring|0 fnt
|faint|p2a: wormpon wellspring
|
|-heal|p1a: Necrozma|81/100|[from] item: Leftovers
|upkeep
|
|t:|1759039407
|switch|p2a: Milotic|Milotic, M|100/100
|-status|p2a: Milotic|tox
|turn|7
|
|t:|1759039413
|move|p1a: Necrozma|Photon Geyser|p2a: Milotic
|-damage|p2a: Milotic|43/100 tox
|move|p2a: Milotic|Scald|p1a: Necrozma
|-crit|p1a: Necrozma
|-damage|p1a: Necrozma|0 fnt
|faint|p1a: Necrozma
|
|-damage|p2a: Milotic|37/100 tox|[from] psn
|upkeep
|
|t:|1759039423
|switch|p1a: Jolteon|Jolteon, M|100/100
|turn|8
|
|t:|1759039428
|move|p1a: Jolteon|Thunderbolt|p2a: Milotic
|-supereffective|p2a: Milotic
|-damage|p2a: Milotic|0 fnt
|faint|p2a: Milotic
|
|upkeep
|
|t:|1759039442
|switch|p2a: Chandelure|Chandelure, M|100/100
|-status|p2a: Chandelure|tox
|turn|9
|
|t:|1759039447
|move|p2a: Chandelure|Fire Blast|p1a: Jolteon|[miss]
|-miss|p2a: Chandelure|p1a: Jolteon
|move|p1a: Jolteon|Shadow Ball|p2a: Chandelure
|-supereffective|p2a: Chandelure
|-damage|p2a: Chandelure|35/100 tox
|
|-damage|p2a: Chandelure|29/100 tox|[from] psn
|upkeep
|turn|10
|inactive|Mysterion-911 has 60 seconds left.
|
|t:|1759039482
|move|p2a: Chandelure|Fire Blast|p1a: Jolteon
|-damage|p1a: Jolteon|19/100
|move|p1a: Jolteon|Shadow Ball|p2a: Chandelure
|-supereffective|p2a: Chandelure
|-damage|p2a: Chandelure|0 fnt
|faint|p2a: Chandelure
|
|upkeep
|
|t:|1759039488
|switch|p2a: Hatterene|Hatterene, F|100/100
|-status|p2a: Hatterene|tox
|turn|11
|inactive|Mysterion-911 has 30 seconds left.
|inactive|Mysterion-911 has 20 seconds left.
|inactive|Mysterion-911 has 15 seconds left.
|inactive|Mysterion-911 has 10 seconds left.
|inactive|Mysterion-911 has 5 seconds left.
|-message|Mysterion-911 lost due to inactivity.
|
|win|gigapoophater
|raw|Mysterion-911's rating: 1199 &rarr; <strong>1172</strong><br />(-27 for losing)
|raw|gigapoophater's rating: 1173 &rarr; <strong>1200</strong><br />(+27 for winning)
|c|☆gigapoophater|bro calced it
|l|☆gigapoophater
|player|p2|
|l|☆Mysterion-911
|player|p1|
