|j|☆noodle10101
|j|☆gravelerock
|t:|1759013247
|gametype|singles
|player|p1|noodle10101|2|1393
|player|p2|gravelerock|2|1460
|gen|9
|tier|[Gen 9] OU
|rated|
|rule|HP Percentage Mod: HP is shown in percentages
|rule|Endless Battle Clause: Forcing endless battles is banned
|rule|Species Clause: Limit one of each Pokémon
|rule|OHKO Clause: OHKO moves are banned
|rule|Evasion Items Clause: Evasion items are banned
|rule|Evasion Moves Clause: Evasion moves are banned
|rule|Evasion Abilities Clause: Evasion abilities are banned
|rule|Sleep Moves Clause: Sleep-inducing moves are banned
|clearpoke
|poke|p1|Glastrier|
|poke|p1|Slowking-Galar, F|
|poke|p1|Vikavolt, F|
|poke|p1|Kingambit, M|
|poke|p1|Ting-Lu|
|poke|p1|Florges, F|
|poke|p2|Rotom-Wash|
|poke|p2|Dragapult, M|
|poke|p2|Iron Treads|
|poke|p2|Clefable, M|
|poke|p2|Landorus-Therian, M|
|poke|p2|Scizor, M|
|teampreview
|
|t:|1759013259
|teamsize|p1|6
|teamsize|p2|6
|start
|switch|p1a: Vikavolt|Vikavolt, F|100/100
|switch|p2a: Scizor|Scizor, M|100/100
|turn|1
|
|t:|1759013266
|move|p2a: Scizor|U-turn|p1a: Vikavolt
|-damage|p1a: Vikavolt|38/100
|
|t:|1759013268
|switch|p2a: Landorus|Landorus-Therian, M|100/100|[from] U-turn
|-ability|p2a: Landorus|Intimidate|boost
|-unboost|p1a: Vikavolt|atk|1
|move|p1a: Vikavolt|Volt Switch|p2a: Landorus
|-immune|p2a: Landorus
|
|upkeep
|turn|2
|
|t:|1759013281
|switch|p1a: Ting-Lu|Ting-Lu|100/100
|-ability|p1a: Ting-Lu|Vessel of Ruin
|move|p2a: Landorus|Stealth Rock|p1a: Ting-Lu
|-sidestart|p1: noodle10101|move: Stealth Rock
|
|upkeep
|turn|3
|
|t:|1759013289
|move|p2a: Landorus|U-turn|p1a: Ting-Lu
|-supereffective|p1a: Ting-Lu
|-damage|p1a: Ting-Lu|78/100
|-enditem|p1a: Ting-Lu|Red Card|[of] p2a: Landorus
|drag|p2a: Iron Treads|Iron Treads|100/100
|move|p1a: Ting-Lu|Stealth Rock|p2a: Iron Treads
|-sidestart|p2: gravelerock|move: Stealth Rock
|
|upkeep
|turn|4
|
|t:|1759013299
|move|p2a: Iron Treads|Knock Off|p1a: Ting-Lu
|-resisted|p1a: Ting-Lu
|-damage|p1a: Ting-Lu|74/100
|move|p1a: Ting-Lu|Ruination|p2a: Iron Treads
|-damage|p2a: Iron Treads|51/100
|
|upkeep
|turn|5
|
|t:|1759013311
|-end|p2a: Iron Treads|Quark Drive|[silent]
|switch|p2a: Rotom|Rotom-Wash|100/100
|-damage|p2a: Rotom|88/100|[from] Stealth Rock
|move|p1a: Ting-Lu|Spikes|p2a: Rotom
|-sidestart|p2: gravelerock|Spikes
|
|-heal|p2a: Rotom|94/100|[from] item: Leftovers
|upkeep
|turn|6
|
|t:|1759013324
|move|p2a: Rotom|Will-O-Wisp|p1a: Ting-Lu
|-status|p1a: Ting-Lu|brn
|move|p1a: Ting-Lu|Ruination|p2a: Rotom
|-damage|p2a: Rotom|48/100
|
|-heal|p2a: Rotom|54/100|[from] item: Leftovers
|-damage|p1a: Ting-Lu|68/100 brn|[from] brn
|upkeep
|turn|7
|
|t:|1759013334
|move|p2a: Rotom|Hydro Pump|p1a: Ting-Lu|[miss]
|-miss|p2a: Rotom|p1a: Ting-Lu
|move|p1a: Ting-Lu|Whirlwind|p2a: Rotom
|drag|p2a: Scizor|Scizor, M|100/100
|-damage|p2a: Scizor|88/100|[from] Stealth Rock
|-damage|p2a: Scizor|76/100|[from] Spikes
|
|-damage|p1a: Ting-Lu|62/100 brn|[from] brn
|upkeep
|turn|8
|
|t:|1759013345
|move|p2a: Scizor|U-turn|p1a: Ting-Lu
|-supereffective|p1a: Ting-Lu
|-damage|p1a: Ting-Lu|8/100 brn
|
|t:|1759013348
|switch|p2a: Iron Treads|Iron Treads|51/100|[from] U-turn
|move|p1a: Ting-Lu|Ruination|p2a: Iron Treads
|-damage|p2a: Iron Treads|26/100
|
|-damage|p1a: Ting-Lu|2/100 brn|[from] brn
|upkeep
|turn|9
|
|t:|1759013359
|move|p2a: Iron Treads|Rapid Spin|p1a: Ting-Lu
|-damage|p1a: Ting-Lu|0 fnt
|-boost|p2a: Iron Treads|spe|1
|-sideend|p2: gravelerock|Spikes|[from] move: Rapid Spin|[of] p2a: Iron Treads
|-sideend|p2: gravelerock|Stealth Rock|[from] move: Rapid Spin|[of] p2a: Iron Treads
|faint|p1a: Ting-Lu
|
|upkeep
|
|t:|1759013374
|switch|p1a: Kingambit|Kingambit, M|100/100
|-damage|p1a: Kingambit|94/100|[from] Stealth Rock
|-activate|p1a: Kingambit|ability: Supreme Overlord
|-start|p1a: Kingambit|fallen1|[silent]
|turn|10
|
|t:|1759013381
|move|p1a: Kingambit|Sucker Punch|p2a: Iron Treads
|-damage|p2a: Iron Treads|0 fnt
|faint|p2a: Iron Treads
|-end|p2a: Iron Treads|Quark Drive|[silent]
|
|-heal|p1a: Kingambit|100/100|[from] item: Leftovers
|upkeep
|
|t:|1759013386
|switch|p2a: Landorus|Landorus-Therian, M|100/100
|-ability|p2a: Landorus|Intimidate|boost
|-unboost|p1a: Kingambit|atk|1
|turn|11
|
|t:|1759013399
|-end|p1a: Kingambit|fallen1|[silent]
|switch|p1a: Vikavolt|Vikavolt, F|38/100
|-damage|p1a: Vikavolt|13/100|[from] Stealth Rock
|move|p2a: Landorus|Earthquake|p1a: Vikavolt
|-immune|p1a: Vikavolt|[from] ability: Levitate
|
|upkeep
|turn|12
|
|t:|1759013408
|move|p2a: Landorus|U-turn|p1a: Vikavolt
|-damage|p1a: Vikavolt|0 fnt
|faint|p1a: Vikavolt
|
|t:|1759013410
|switch|p2a: Rotom|Rotom-Wash|54/100|[from] U-turn
|
|-heal|p2a: Rotom|60/100|[from] item: Leftovers
|upkeep
|
|t:|1759013420
|switch|p1a: Glastrier|Glastrier|100/100
|-damage|p1a: Glastrier|76/100|[from] Stealth Rock
|turn|13
|
|t:|1759013427
|move|p2a: Rotom|Volt Switch|p1a: Glastrier
|-damage|p1a: Glastrier|61/100
|
|t:|1759013430
|switch|p2a: Clefable|Clefable, M|100/100|[from] Volt Switch
|move|p1a: Glastrier|Iron Defense|p1a: Glastrier
|-boost|p1a: Glastrier|def|2
|
|upkeep
|turn|14
|
|t:|1759013440
|move|p2a: Clefable|Thunder Wave|p1a: Glastrier
|-status|p1a: Glastrier|par
|move|p1a: Glastrier|Avalanche|p2a: Clefable
|-damage|p2a: Clefable|80/100
|
|-heal|p2a: Clefable|86/100|[from] item: Leftovers
|upkeep
|turn|15
|
|t:|1759013449
|move|p2a: Clefable|Knock Off|p1a: Glastrier
|-damage|p1a: Glastrier|56/100 par
|-enditem|p1a: Glastrier|Chesto Berry|[from] move: Knock Off|[of] p2a: Clefable
|move|p1a: Glastrier|Iron Defense|p1a: Glastrier
|-boost|p1a: Glastrier|def|2
|
|-heal|p2a: Clefable|92/100|[from] item: Leftovers
|upkeep
|turn|16
|
|t:|1759013458
|move|p2a: Clefable|Moonblast|p1a: Glastrier
|-damage|p1a: Glastrier|37/100 par
|move|p1a: Glastrier|Iron Defense|p1a: Glastrier
|-boost|p1a: Glastrier|def|2
|
|-heal|p2a: Clefable|98/100|[from] item: Leftovers
|upkeep
|turn|17
|
|t:|1759013467
|move|p2a: Clefable|Moonblast|p1a: Glastrier
|-damage|p1a: Glastrier|19/100 par
|-unboost|p1a: Glastrier|spa|1
|cant|p1a: Glastrier|par
|
|-heal|p2a: Clefable|100/100|[from] item: Leftovers
|upkeep
|turn|18
|
|t:|1759013476
|move|p2a: Clefable|Moonblast|p1a: Glastrier
|-damage|p1a: Glastrier|1/100 par
|-unboost|p1a: Glastrier|spa|1
|cant|p1a: Glastrier|par
|
|upkeep
|turn|19
|inactive|Battle timer is ON: inactive players will automatically lose when time's up. (requested by noodle10101)
|
|t:|1759013484
|move|p2a: Clefable|Moonblast|p1a: Glastrier
|-damage|p1a: Glastrier|0 fnt
|faint|p1a: Glastrier
|
|upkeep
|
|t:|1759013490
|switch|p1a: Slowking|Slowking-Galar, F|100/100
|turn|20
|
|t:|1759013494
|move|p2a: Clefable|Knock Off|p1a: Slowking
|-supereffective|p1a: Slowking
|-damage|p1a: Slowking|68/100
|-enditem|p1a: Slowking|Heavy-Duty Boots|[from] move: Knock Off|[of] p2a: Clefable
|move|p1a: Slowking|Trick Room|p1a: Slowking
|-fieldstart|move: Trick Room|[of] p1a: Slowking
|
|upkeep
|turn|21
|
|t:|1759013507
|move|p1a: Slowking|Sludge Bomb|p2a: Clefable
|-supereffective|p2a: Clefable
|-damage|p2a: Clefable|14/100
|move|p2a: Clefable|Knock Off|p1a: Slowking
|-supereffective|p1a: Slowking
|-damage|p1a: Slowking|46/100
|
|-heal|p2a: Clefable|20/100|[from] item: Leftovers
|upkeep
|turn|22
|
|t:|1759013517
|move|p1a: Slowking|Future Sight|p2a: Clefable
|-start|p1a: Slowking|move: Future Sight
|move|p2a: Clefable|Knock Off|p1a: Slowking
|-supereffective|p1a: Slowking
|-damage|p1a: Slowking|24/100
|
|-heal|p2a: Clefable|26/100|[from] item: Leftovers
|upkeep
|turn|23
|
|t:|1759013524
|move|p1a: Slowking|Sludge Bomb|p2a: Clefable
|-supereffective|p2a: Clefable
|-damage|p2a: Clefable|0 fnt
|faint|p2a: Clefable
|
|upkeep
|
|t:|1759013527
|switch|p2a: Scizor|Scizor, M|76/100
|turn|24
|
|t:|1759013535
|move|p2a: Scizor|Bullet Punch|p1a: Slowking
|-damage|p1a: Slowking|0 fnt
|faint|p1a: Slowking
|
|-end|p2a: Scizor|move: Future Sight
|-resisted|p2a: Scizor
|-damage|p2a: Scizor|36/100
|-fieldend|move: Trick Room
|upkeep
|
|t:|1759013544
|switch|p1a: Kingambit|Kingambit, M|100/100
|-damage|p1a: Kingambit|94/100|[from] Stealth Rock
|-activate|p1a: Kingambit|ability: Supreme Overlord
|-start|p1a: Kingambit|fallen4|[silent]
|turn|25
|
|t:|1759013551
|switch|p2a: Dragapult|Dragapult, M|100/100
|move|p1a: Kingambit|Kowtow Cleave|p2a: Dragapult
|-supereffective|p2a: Dragapult
|-damage|p2a: Dragapult|0 fnt
|faint|p2a: Dragapult
|
|-heal|p1a: Kingambit|100/100|[from] item: Leftovers
|upkeep
|
|t:|1759013555
|switch|p2a: Rotom|Rotom-Wash|60/100
|turn|26
|
|t:|1759013565
|move|p2a: Rotom|Will-O-Wisp|p1a: Kingambit
|-status|p1a: Kingambit|brn
|move|p1a: Kingambit|Kowtow Cleave|p2a: Rotom
|-damage|p2a: Rotom|21/100
|
|-heal|p2a: Rotom|27/100|[from] item: Leftovers
|-damage|p1a: Kingambit|94/100 brn|[from] brn
|upkeep
|turn|27
|
|t:|1759013575
|move|p1a: Kingambit|Sucker Punch||[still]
|-fail|p1a: Kingambit
|move|p2a: Rotom|Pain Split|p1a: Kingambit
|-sethp|p1a: Kingambit|57/100 brn|[from] move: Pain Split|[silent]
|-sethp|p2a: Rotom|76/100|[from] move: Pain Split
|
|-heal|p2a: Rotom|82/100|[from] item: Leftovers
|-heal|p1a: Kingambit|63/100 brn|[from] item: Leftovers
|-damage|p1a: Kingambit|57/100 brn|[from] brn
|upkeep
|turn|28
|
|t:|1759013586
|move|p2a: Rotom|Hydro Pump|p1a: Kingambit
|-damage|p1a: Kingambit|21/100 brn
|move|p1a: Kingambit|Swords Dance|p1a: Kingambit
|-boost|p1a: Kingambit|atk|2
|
|-heal|p2a: Rotom|88/100|[from] item: Leftovers
|-heal|p1a: Kingambit|27/100 brn|[from] item: Leftovers
|-damage|p1a: Kingambit|21/100 brn|[from] brn
|upkeep
|turn|29
|
|t:|1759013596
|move|p1a: Kingambit|Sucker Punch|p2a: Rotom
|-damage|p2a: Rotom|26/100
|move|p2a: Rotom|Volt Switch|p1a: Kingambit
|-damage|p1a: Kingambit|0 fnt
|faint|p1a: Kingambit
|-end|p1a: Kingambit|fallen4|[silent]
|
|t:|1759013601
|switch|p2a: Landorus|Landorus-Therian, M|100/100|[from] Volt Switch
|
|upkeep
|
|t:|1759013606
|switch|p1a: Florges|Florges, F|100/100
|-damage|p1a: Florges|88/100|[from] Stealth Rock
|turn|30
|
|t:|1759013618
|move|p2a: Landorus|Earthquake|p1a: Florges
|-damage|p1a: Florges|10/100
|move|p1a: Florges|Alluring Voice|p2a: Landorus
|-damage|p2a: Landorus|64/100
|
|-heal|p2a: Landorus|69/100|[from] item: Leftovers
|-heal|p1a: Florges|16/100|[from] item: Leftovers
|upkeep
|turn|31
|
|t:|1759013627
|move|p2a: Landorus|Earthquake|p1a: Florges
|-damage|p1a: Florges|0 fnt
|faint|p1a: Florges
|
|win|gravelerock
|raw|noodle10101's rating: 1393 &rarr; <strong>1377</strong><br />(-16 for losing)
|raw|gravelerock's rating: 1460 &rarr; <strong>1476</strong><br />(+16 for winning)
|l|☆gravelerock
|player|p2|
|l|☆noodle10101
|player|p1|
