|j|☆NOOOOMOO
|j|☆AbbeCey
|t:|1759053328
|gametype|singles
|player|p1|NOOOOMOO|lenora|1276
|player|p2|AbbeCey|benga|1209
|gen|9
|tier|[Gen 9] OU
|rated|
|rule|HP Percentage Mod: HP is shown in percentages
|rule|Endless Battle Clause: Forcing endless battles is banned
|rule|Species Clause: Limit one of each Pokémon
|rule|OHKO Clause: OHKO moves are banned
|rule|Evasion Items Clause: Evasion items are banned
|rule|Evasion Moves Clause: Evasion moves are banned
|rule|Evasion Abilities Clause: Evasion abilities are banned
|rule|Sleep Moves Clause: Sleep-inducing moves are banned
|clearpoke
|poke|p1|Froslass, F|
|poke|p1|Garganacl, M|
|poke|p1|Glimmora, M|
|poke|p1|Raging Bolt|
|poke|p1|Dragonite, F|
|poke|p1|Iron Hands|
|poke|p2|Iron Crown|
|poke|p2|Samurott-Hisui, M|
|poke|p2|Zapdos|
|poke|p2|Dragapult, F|
|poke|p2|Great Tusk|
|poke|p2|Iron Boulder|
|teampreview
|inactive|Battle timer is ON: inactive players will automatically lose when time's up. (requested by AbbeCey)
|inactive|NOOOOMOO also wants the timer to be on.
|
|t:|1759053338
|teamsize|p1|6
|teamsize|p2|6
|start
|switch|p1a: Iron Hands|Iron Hands|100/100
|switch|p2a: Everytime We Touch|Samurott-Hisui, M, shiny|100/100
|-enditem|p1a: Iron Hands|Booster Energy
|-activate|p1a: Iron Hands|ability: Quark Drive|[fromitem]
|-start|p1a: Iron Hands|quarkdriveatk
|turn|1
|
|t:|1759053349
|move|p2a: Everytime We Touch|Flip Turn|p1a: Iron Hands
|-damage|p1a: Iron Hands|82/100
|
|t:|1759053353
|switch|p2a: Pump It|Great Tusk|100/100|[from] Flip Turn
|move|p1a: Iron Hands|Ice Punch|p2a: Pump It
|-supereffective|p2a: Pump It
|-damage|p2a: Pump It|48/100
|
|upkeep
|turn|2
|
|t:|1759053364
|move|p2a: Pump It|Headlong Rush|p1a: Iron Hands
|-supereffective|p1a: Iron Hands
|-damage|p1a: Iron Hands|2/100
|-unboost|p2a: Pump It|def|1
|-unboost|p2a: Pump It|spd|1
|move|p1a: Iron Hands|Ice Punch|p2a: Pump It
|-supereffective|p2a: Pump It
|-damage|p2a: Pump It|0 fnt
|faint|p2a: Pump It
|-end|p2a: Pump It|Protosynthesis|[silent]
|
|upkeep
|
|t:|1759053374
|switch|p2a: Everytime We Touch|Samurott-Hisui, M, shiny|100/100
|turn|3
|
|t:|1759053383
|move|p2a: Everytime We Touch|Ceaseless Edge|p1a: Iron Hands
|-resisted|p1a: Iron Hands
|-damage|p1a: Iron Hands|0 fnt
|-sidestart|p1: NOOOOMOO|Spikes
|faint|p1a: Iron Hands
|-end|p1a: Iron Hands|Quark Drive|[silent]
|
|upkeep
|
|t:|1759053387
|switch|p1a: Glimmora|Glimmora, M|100/100
|-item|p1a: Glimmora|Air Balloon
|turn|4
|
|t:|1759053392
|move|p2a: Everytime We Touch|Ceaseless Edge|p1a: Glimmora
|-damage|p1a: Glimmora|66/100
|-activate|p1a: Glimmora|ability: Toxic Debris
|-sidestart|p2: AbbeCey|move: Toxic Spikes
|-enditem|p1a: Glimmora|Air Balloon
|-sidestart|p1: NOOOOMOO|Spikes
|move|p1a: Glimmora|Stealth Rock|p2a: Everytime We Touch
|-sidestart|p2: AbbeCey|move: Stealth Rock
|
|upkeep
|turn|5
|
|t:|1759053401
|move|p2a: Everytime We Touch|Ceaseless Edge|p1a: Glimmora
|-damage|p1a: Glimmora|33/100
|-activate|p1a: Glimmora|ability: Toxic Debris
|-sidestart|p2: AbbeCey|move: Toxic Spikes
|-sidestart|p1: NOOOOMOO|Spikes
|move|p1a: Glimmora|Mortal Spin|p2a: Everytime We Touch
|-damage|p2a: Everytime We Touch|93/100
|-status|p2a: Everytime We Touch|psn
|-sideend|p1: NOOOOMOO|Spikes|[from] move: Mortal Spin|[of] p1a: Glimmora
|
|-damage|p2a: Everytime We Touch|80/100 psn|[from] psn
|upkeep
|turn|6
|
|t:|1759053412
|move|p2a: Everytime We Touch|Ceaseless Edge|p1a: Glimmora
|-damage|p1a: Glimmora|0 fnt
|-sidestart|p1: NOOOOMOO|Spikes
|faint|p1a: Glimmora
|
|-damage|p2a: Everytime We Touch|68/100 psn|[from] psn
|upkeep
|
|t:|1759053427
|switch|p1a: Raging Bolt|Raging Bolt|100/100
|-damage|p1a: Raging Bolt|88/100|[from] Spikes
|-enditem|p1a: Raging Bolt|Booster Energy
|-activate|p1a: Raging Bolt|ability: Protosynthesis|[fromitem]
|-start|p1a: Raging Bolt|protosynthesisspa
|turn|7
|
|t:|1759053433
|move|p1a: Raging Bolt|Thunderclap|p2a: Everytime We Touch
|-supereffective|p2a: Everytime We Touch
|-crit|p2a: Everytime We Touch
|-damage|p2a: Everytime We Touch|0 fnt
|faint|p2a: Everytime We Touch
|
|upkeep
|
|t:|1759053441
|switch|p2a: Mindreader|Iron Crown|100/100
|-damage|p2a: Mindreader|94/100|[from] Stealth Rock
|turn|8
|
|t:|1759053446
|move|p2a: Mindreader|Psyshock|p1a: Raging Bolt
|-damage|p1a: Raging Bolt|36/100
|move|p1a: Raging Bolt|Calm Mind|p1a: Raging Bolt
|-boost|p1a: Raging Bolt|spa|1
|-boost|p1a: Raging Bolt|spd|1
|
|upkeep
|turn|9
|
|t:|1759053454
|move|p1a: Raging Bolt|Thunderclap|p2a: Mindreader
|-damage|p2a: Mindreader|9/100
|move|p2a: Mindreader|Psyshock|p1a: Raging Bolt
|-damage|p1a: Raging Bolt|0 fnt
|faint|p1a: Raging Bolt
|-end|p1a: Raging Bolt|Protosynthesis|[silent]
|
|upkeep
|
|t:|1759053469
|switch|p1a: Froslass|Froslass, F|100/100
|-damage|p1a: Froslass|88/100|[from] Spikes
|turn|10
|
|t:|1759053475
|move|p1a: Froslass|Triple Axel|p2a: Mindreader
|-resisted|p2a: Mindreader
|-damage|p2a: Mindreader|5/100
|-resisted|p2a: Mindreader
|-damage|p2a: Mindreader|0 fnt
|faint|p2a: Mindreader
|-end|p2a: Mindreader|Quark Drive|[silent]
|-hitcount|p2: Mindreader|2
|
|upkeep
|
|t:|1759053482
|switch|p2a: Parasite|Dragapult, F|100/100
|-status|p2a: Parasite|tox
|-damage|p2a: Parasite|88/100 tox|[from] Stealth Rock
|turn|11
|
|t:|1759053489
|-terastallize|p2a: Parasite|Ghost
|move|p2a: Parasite|Tera Blast|p1a: Froslass|[anim] Tera Blast Ghost
|-supereffective|p1a: Froslass
|-damage|p1a: Froslass|0 fnt
|faint|p1a: Froslass
|
|-damage|p2a: Parasite|82/100 tox|[from] psn
|upkeep
|
|t:|1759053499
|switch|p1a: Dragonite|Dragonite, F|100/100
|turn|12
|
|t:|1759053512
|switch|p2a: Hurikan|Zapdos, shiny|100/100
|move|p1a: Dragonite|Earthquake|p2a: Hurikan
|-immune|p2a: Hurikan
|
|upkeep
|turn|13
|
|t:|1759053521
|move|p1a: Dragonite|Ice Spinner|p2a: Hurikan
|-supereffective|p2a: Hurikan
|-damage|p2a: Hurikan|57/100
|move|p2a: Hurikan|Discharge|p1a: Dragonite
|-damage|p1a: Dragonite|88/100
|
|upkeep
|turn|14
|
|t:|1759053528
|move|p1a: Dragonite|Ice Spinner|p2a: Hurikan
|-supereffective|p2a: Hurikan
|-damage|p2a: Hurikan|10/100
|move|p2a: Hurikan|Discharge|p1a: Dragonite
|-damage|p1a: Dragonite|65/100
|
|upkeep
|turn|15
|
|t:|1759053535
|move|p1a: Dragonite|Ice Spinner|p2a: Hurikan
|-supereffective|p2a: Hurikan
|-damage|p2a: Hurikan|0 fnt
|faint|p2a: Hurikan
|
|upkeep
|
|t:|1759053541
|switch|p2a: Revery|Iron Boulder|100/100
|-status|p2a: Revery|tox
|-damage|p2a: Revery|88/100 tox|[from] Stealth Rock
|-enditem|p2a: Revery|Booster Energy
|-activate|p2a: Revery|ability: Quark Drive|[fromitem]
|-start|p2a: Revery|quarkdrivespe
|turn|16
|
|t:|1759053549
|move|p2a: Revery|Mighty Cleave|p1a: Dragonite
|-supereffective|p1a: Dragonite
|-damage|p1a: Dragonite|0 fnt
|faint|p1a: Dragonite
|
|-damage|p2a: Revery|82/100 tox|[from] psn
|upkeep
|
|t:|1759053552
|switch|p1a: Garganacl|Garganacl, M|100/100
|-damage|p1a: Garganacl|88/100|[from] Spikes
|turn|17
|
|t:|1759053563
|move|p2a: Revery|Close Combat|p1a: Garganacl
|-supereffective|p1a: Garganacl
|-damage|p1a: Garganacl|49/100
|-unboost|p2a: Revery|def|1
|-unboost|p2a: Revery|spd|1
|move|p1a: Garganacl|Salt Cure|p2a: Revery
|-damage|p2a: Revery|54/100 tox
|-start|p2a: Revery|Salt Cure
|
|-heal|p1a: Garganacl|55/100|[from] item: Leftovers
|-damage|p2a: Revery|41/100 tox|[from] psn
|-damage|p2a: Revery|29/100 tox|[from] Salt Cure
|upkeep
|turn|18
|
|t:|1759053576
|move|p2a: Revery|Close Combat|p1a: Garganacl
|-supereffective|p1a: Garganacl
|-damage|p1a: Garganacl|16/100
|-unboost|p2a: Revery|def|1
|-unboost|p2a: Revery|spd|1
|move|p1a: Garganacl|Recover|p1a: Garganacl
|-heal|p1a: Garganacl|66/100
|
|-heal|p1a: Garganacl|72/100|[from] item: Leftovers
|-damage|p2a: Revery|10/100 tox|[from] psn
|-damage|p2a: Revery|0 fnt|[from] Salt Cure
|faint|p2a: Revery
|-end|p2a: Revery|Quark Drive|[silent]
|upkeep
|
|t:|1759053589
|switch|p2a: Parasite|Dragapult, F, tera:Ghost|82/100 tox
|-damage|p2a: Parasite|70/100 tox|[from] Stealth Rock
|turn|19
|
|t:|1759053594
|move|p2a: Parasite|Tera Blast|p1a: Garganacl|[anim] Tera Blast Ghost
|-damage|p1a: Garganacl|50/100
|move|p1a: Garganacl|Salt Cure|p2a: Parasite
|-damage|p2a: Parasite|50/100 tox
|-start|p2a: Parasite|Salt Cure
|
|-heal|p1a: Garganacl|57/100|[from] item: Leftovers
|-damage|p2a: Parasite|44/100 tox|[from] psn
|-damage|p2a: Parasite|32/100 tox|[from] Salt Cure
|upkeep
|turn|20
|-message|AbbeCey forfeited.
|
|win|NOOOOMOO
|raw|NOOOOMOO's rating: 1276 &rarr; <strong>1296</strong><br />(+20 for winning)
|raw|AbbeCey's rating: 1209 &rarr; <strong>1189</strong><br />(-20 for losing)
|l|☆AbbeCey
|player|p2|
|l|☆NOOOOMOO
|player|p1|
