|j|☆WeStanCacnea
|j|☆WolfStern
|t:|1759021451
|gametype|singles
|player|p1|WeStanCacnea|ethan|1169
|player|p2|WolfStern|n|1130
|gen|9
|tier|[Gen 9] OU
|rated|
|rule|HP Percentage Mod: HP is shown in percentages
|rule|Endless Battle Clause: Forcing endless battles is banned
|rule|Species Clause: Limit one of each Pokémon
|rule|OHKO Clause: OHKO moves are banned
|rule|Evasion Items Clause: Evasion items are banned
|rule|Evasion Moves Clause: Evasion moves are banned
|rule|Evasion Abilities Clause: Evasion abilities are banned
|rule|Sleep Moves Clause: Sleep-inducing moves are banned
|clearpoke
|poke|p1|Quaquaval, M|
|poke|p1|Kyurem|
|poke|p1|Garganacl, M|
|poke|p1|Iron Moth|
|poke|p1|Galvantula, M|
|poke|p1|Ogerpon-Wellspring, F|
|poke|p2|Slowking-Galar, F|
|poke|p2|Lokix, M|
|poke|p2|Great Tusk|
|poke|p2|Cinderace, F|
|poke|p2|Dragapult, F|
|poke|p2|Iron Crown|
|teampreview
|
|t:|1759021465
|teamsize|p1|6
|teamsize|p2|6
|start
|switch|p1a: Ogerpon|Ogerpon-Wellspring, F|100/100
|switch|p2a: Iron Crown|Iron Crown|100/100
|turn|1
|
|t:|1759021472
|move|p2a: Iron Crown|Volt Switch|p1a: Ogerpon
|-damage|p1a: Ogerpon|72/100
|
|t:|1759021495
|-end|p2a: Iron Crown|Quark Drive|[silent]
|switch|p2a: Great Tusk|Great Tusk|100/100|[from] Volt Switch
|move|p1a: Ogerpon|Knock Off|p2a: Great Tusk
|-resisted|p2a: Great Tusk
|-damage|p2a: Great Tusk|91/100
|-damage|p1a: Ogerpon|55/100|[from] item: Rocky Helmet|[of] p2a: Great Tusk
|-enditem|p2a: Great Tusk|Rocky Helmet|[from] move: Knock Off|[of] p1a: Ogerpon
|
|upkeep
|turn|2
|inactive|Battle timer is ON: inactive players will automatically lose when time's up. (requested by WeStanCacnea)
|inactive|WolfStern has 120 seconds left.
|
|t:|1759021534
|-end|p2a: Great Tusk|Protosynthesis|[silent]
|switch|p2a: Iron Crown|Iron Crown|100/100
|move|p1a: Ogerpon|Horn Leech|p2a: Iron Crown
|-resisted|p2a: Iron Crown
|-damage|p2a: Iron Crown|77/100
|-heal|p1a: Ogerpon|68/100|[from] drain|[of] p2a: Iron Crown
|
|upkeep
|turn|3
|
|t:|1759021551
|-terastallize|p1a: Ogerpon|Water
|detailschange|p1a: Ogerpon|Ogerpon-Wellspring-Tera, F, tera:Water
|-ability|p1a: Ogerpon|Embody Aspect (Wellspring)|boost
|-boost|p1a: Ogerpon|spd|1
|move|p2a: Iron Crown|Psyshock|p1a: Ogerpon
|-damage|p1a: Ogerpon|16/100
|move|p1a: Ogerpon|Ivy Cudgel|p2a: Iron Crown|[anim] Ivy Cudgel Water
|-damage|p2a: Iron Crown|0 fnt
|faint|p2a: Iron Crown
|-end|p2a: Iron Crown|Quark Drive|[silent]
|
|upkeep
|
|t:|1759021571
|switch|p2a: Cinderace|Cinderace, F|100/100
|turn|4
|
|t:|1759021577
|switch|p1a: Garganacl|Garganacl, M|100/100
|move|p2a: Cinderace|U-turn|p1a: Garganacl
|-damage|p1a: Garganacl|89/100
|
|t:|1759021593
|switch|p2a: Great Tusk|Great Tusk|91/100|[from] U-turn
|
|-heal|p1a: Garganacl|96/100|[from] item: Leftovers
|upkeep
|turn|5
|inactive|WolfStern has 120 seconds left.
|
|t:|1759021618
|move|p2a: Great Tusk|Headlong Rush|p1a: Garganacl
|-supereffective|p1a: Garganacl
|-damage|p1a: Garganacl|45/100
|-unboost|p2a: Great Tusk|def|1
|-unboost|p2a: Great Tusk|spd|1
|move|p1a: Garganacl|Salt Cure|p2a: Great Tusk
|-resisted|p2a: Great Tusk
|-damage|p2a: Great Tusk|89/100
|-start|p2a: Great Tusk|Salt Cure
|
|-heal|p1a: Garganacl|51/100|[from] item: Leftovers
|-damage|p2a: Great Tusk|77/100|[from] Salt Cure
|upkeep
|turn|6
|inactive|WolfStern has 120 seconds left.
|
|t:|1759021629
|move|p1a: Garganacl|Protect|p1a: Garganacl
|-singleturn|p1a: Garganacl|Protect
|move|p2a: Great Tusk|Headlong Rush|p1a: Garganacl
|-activate|p1a: Garganacl|move: Protect
|
|-heal|p1a: Garganacl|57/100|[from] item: Leftovers
|-damage|p2a: Great Tusk|64/100|[from] Salt Cure
|upkeep
|turn|7
|inactive|WolfStern has 120 seconds left.
|
|t:|1759021637
|-end|p2a: Great Tusk|Protosynthesis|[silent]
|switch|p2a: Slowking|Slowking-Galar, F|100/100
|move|p1a: Garganacl|Recover|p1a: Garganacl
|-heal|p1a: Garganacl|100/100
|
|upkeep
|turn|8
|
|t:|1759021645
|move|p1a: Garganacl|Salt Cure|p2a: Slowking
|-damage|p2a: Slowking|87/100
|-start|p2a: Slowking|Salt Cure
|move|p2a: Slowking|Psychic|p1a: Garganacl
|-damage|p1a: Garganacl|70/100
|
|-heal|p1a: Garganacl|76/100|[from] item: Leftovers
|-heal|p2a: Slowking|93/100|[from] item: Leftovers
|-damage|p2a: Slowking|80/100|[from] Salt Cure
|upkeep
|turn|9
|inactive|WolfStern has 120 seconds left.
|
|t:|1759021671
|move|p1a: Garganacl|Curse|p1a: Garganacl
|-unboost|p1a: Garganacl|spe|1
|-boost|p1a: Garganacl|atk|1
|-boost|p1a: Garganacl|def|1
|move|p2a: Slowking|Psychic|p1a: Garganacl
|-damage|p1a: Garganacl|46/100
|
|-heal|p2a: Slowking|87/100|[from] item: Leftovers
|-heal|p1a: Garganacl|52/100|[from] item: Leftovers
|-damage|p2a: Slowking|74/100|[from] Salt Cure
|upkeep
|turn|10
|
|t:|1759021681
|switch|p2a: Lokix|Lokix, M|100/100
|move|p1a: Garganacl|Recover|p1a: Garganacl
|-heal|p1a: Garganacl|100/100
|
|upkeep
|turn|11
|
|t:|1759021688
|move|p2a: Lokix|Knock Off|p1a: Garganacl
|-damage|p1a: Garganacl|82/100
|-enditem|p1a: Garganacl|Leftovers|[from] move: Knock Off|[of] p2a: Lokix
|-damage|p2a: Lokix|91/100|[from] item: Life Orb
|move|p1a: Garganacl|Salt Cure|p2a: Lokix
|-supereffective|p2a: Lokix
|-damage|p2a: Lokix|29/100
|-start|p2a: Lokix|Salt Cure
|
|-damage|p2a: Lokix|17/100|[from] Salt Cure
|upkeep
|turn|12
|inactive|WolfStern has 120 seconds left.
|
|t:|1759021700
|move|p2a: Lokix|U-turn|p1a: Garganacl
|-damage|p1a: Garganacl|67/100
|-damage|p2a: Lokix|7/100|[from] item: Life Orb
|
|t:|1759021711
|switch|p2a: Dragapult|Dragapult, F|100/100|[from] U-turn
|move|p1a: Garganacl|Salt Cure|p2a: Dragapult
|-damage|p2a: Dragapult|70/100
|-start|p2a: Dragapult|Salt Cure
|
|-damage|p2a: Dragapult|58/100|[from] Salt Cure
|upkeep
|turn|13
|
|t:|1759021726
|move|p1a: Garganacl|Protect|p1a: Garganacl
|-singleturn|p1a: Garganacl|Protect
|move|p2a: Dragapult|Draco Meteor|p1a: Garganacl
|-activate|p1a: Garganacl|move: Protect
|
|-damage|p2a: Dragapult|45/100|[from] Salt Cure
|upkeep
|turn|14
|
|t:|1759021734
|move|p2a: Dragapult|Draco Meteor|p1a: Garganacl
|-damage|p1a: Garganacl|0 fnt
|-unboost|p2a: Dragapult|spa|2
|faint|p1a: Garganacl
|
|-damage|p2a: Dragapult|33/100|[from] Salt Cure
|upkeep
|
|t:|1759021738
|switch|p1a: Galvantula|Galvantula, M|100/100
|turn|15
|
|t:|1759021743
|switch|p2a: Great Tusk|Great Tusk|64/100
|move|p1a: Galvantula|Thunder Wave|p2a: Great Tusk
|-immune|p2a: Great Tusk
|
|upkeep
|turn|16
|
|t:|1759021754
|move|p1a: Galvantula|Bug Buzz|p2a: Great Tusk
|-resisted|p2a: Great Tusk
|-damage|p2a: Great Tusk|41/100
|-unboost|p2a: Great Tusk|spd|1
|move|p2a: Great Tusk|Headlong Rush|p1a: Galvantula
|-enditem|p1a: Galvantula|Focus Sash
|-damage|p1a: Galvantula|1/100
|-unboost|p2a: Great Tusk|def|1
|-unboost|p2a: Great Tusk|spd|1
|
|upkeep
|turn|17
|
|t:|1759021767
|-end|p2a: Great Tusk|Protosynthesis|[silent]
|switch|p2a: Slowking|Slowking-Galar, F|100/100
|move|p1a: Galvantula|Sticky Web|p2a: Slowking
|-sidestart|p2: WolfStern|move: Sticky Web
|
|upkeep
|turn|18
|
|t:|1759021777
|move|p1a: Galvantula|Thunder|p2a: Slowking
|-damage|p2a: Slowking|73/100
|move|p2a: Slowking|Psychic|p1a: Galvantula
|-damage|p1a: Galvantula|0 fnt
|faint|p1a: Galvantula
|
|-heal|p2a: Slowking|79/100|[from] item: Leftovers
|upkeep
|
|t:|1759021788
|switch|p1a: Ogerpon|Ogerpon-Wellspring-Tera, F, tera:Water|16/100
|-ability|p1a: Ogerpon|Embody Aspect (Wellspring)|boost
|-boost|p1a: Ogerpon|spd|1
|turn|19
|inactive|WolfStern has 120 seconds left.
|
|t:|1759021815
|switch|p2a: Cinderace|Cinderace, F|100/100
|move|p1a: Ogerpon|Knock Off|p2a: Cinderace
|-damage|p2a: Cinderace|46/100
|-enditem|p2a: Cinderace|Heavy-Duty Boots|[from] move: Knock Off|[of] p1a: Ogerpon
|
|upkeep
|turn|20
|inactive|WolfStern has 120 seconds left.
|
|t:|1759021835
|move|p2a: Cinderace|U-turn|p1a: Ogerpon
|-damage|p1a: Ogerpon|0 fnt
|faint|p1a: Ogerpon
|detailschange|p1: Ogerpon|Ogerpon-Wellspring, F|[silent]
|
|t:|1759021839
|switch|p2a: Slowking|Slowking-Galar, F|100/100|[from] U-turn
|-activate|p2a: Slowking|move: Sticky Web
|-unboost|p2a: Slowking|spe|1
|
|upkeep
|
|t:|1759021848
|switch|p1a: Kyurem|Kyurem|100/100
|-ability|p1a: Kyurem|Pressure
|turn|21
|inactive|WolfStern has 120 seconds left.
|
|t:|1759021868
|move|p1a: Kyurem|Dragon Dance|p1a: Kyurem
|-boost|p1a: Kyurem|atk|1
|-boost|p1a: Kyurem|spe|1
|move|p2a: Slowking|Ice Beam|p1a: Kyurem
|-damage|p1a: Kyurem|80/100
|
|upkeep
|turn|22
|inactive|WolfStern has 120 seconds left.
|
|t:|1759021876
|-terastallize|p2a: Slowking|Fairy
|move|p1a: Kyurem|Dragon Dance|p1a: Kyurem
|-boost|p1a: Kyurem|atk|1
|-boost|p1a: Kyurem|spe|1
|move|p2a: Slowking|Psychic|p1a: Kyurem
|-damage|p1a: Kyurem|46/100
|
|upkeep
|turn|23
|
|t:|1759021884
|move|p1a: Kyurem|Icicle Spear|p2a: Slowking
|-damage|p2a: Slowking|69/100
|-damage|p2a: Slowking|38/100
|-crit|p2a: Slowking
|-damage|p2a: Slowking|0 fnt
|faint|p2a: Slowking
|-hitcount|p2: Slowking|3
|
|upkeep
|
|t:|1759021893
|switch|p2a: Lokix|Lokix, M|7/100
|-activate|p2a: Lokix|move: Sticky Web
|-unboost|p2a: Lokix|spe|1
|turn|24
|
|t:|1759021901
|switch|p1a: Quaquaval|Quaquaval, M|100/100
|move|p2a: Lokix|First Impression|p1a: Quaquaval
|-resisted|p1a: Quaquaval
|-damage|p1a: Quaquaval|30/100
|-damage|p2a: Lokix|0 fnt|[from] item: Life Orb
|faint|p2a: Lokix
|
|upkeep
|
|t:|1759021915
|switch|p2a: Cinderace|Cinderace, F|46/100
|-activate|p2a: Cinderace|move: Sticky Web
|-unboost|p2a: Cinderace|spe|1
|turn|25
|inactive|WolfStern has 120 seconds left.
|
|t:|1759021941
|move|p1a: Quaquaval|Aqua Step|p2a: Cinderace
|-supereffective|p2a: Cinderace
|-damage|p2a: Cinderace|0 fnt
|-boost|p1a: Quaquaval|spe|1
|faint|p2a: Cinderace
|-ability|p1a: Quaquaval|Moxie|boost
|-boost|p1a: Quaquaval|atk|1
|
|upkeep
|
|t:|1759021950
|switch|p2a: Great Tusk|Great Tusk|41/100
|-activate|p2a: Great Tusk|move: Sticky Web
|-unboost|p2a: Great Tusk|spe|1
|turn|26
|
|t:|1759021955
|move|p1a: Quaquaval|Aqua Step|p2a: Great Tusk
|-supereffective|p2a: Great Tusk
|-damage|p2a: Great Tusk|0 fnt
|-boost|p1a: Quaquaval|spe|1
|faint|p2a: Great Tusk
|-end|p2a: Great Tusk|Protosynthesis|[silent]
|-ability|p1a: Quaquaval|Moxie|boost
|-boost|p1a: Quaquaval|atk|1
|
|upkeep
|
|t:|1759021961
|switch|p2a: Dragapult|Dragapult, F|33/100
|-activate|p2a: Dragapult|move: Sticky Web
|-fail|p2a: Dragapult|unboost|[from] ability: Clear Body|[of] p2a: Dragapult
|turn|27
|inactive|WolfStern has 120 seconds left.
|
|t:|1759021968
|move|p1a: Quaquaval|Ice Spinner|p2a: Dragapult
|-supereffective|p2a: Dragapult
|-damage|p2a: Dragapult|0 fnt
|faint|p2a: Dragapult
|
|win|WeStanCacnea
|raw|WeStanCacnea's rating: 1169 &rarr; <strong>1191</strong><br />(+22 for winning)
|raw|WolfStern's rating: 1130 &rarr; <strong>1108</strong><br />(-22 for losing)
|l|☆WeStanCacnea
|player|p1|
