|j|☆Yourragez
|j|☆ikthoizzykil
|t:|1758951525
|gametype|singles
|player|p1|Yourragez|266|1404
|player|p2|ikthoizzykil|pokemaniac-gen3rs|1449
|gen|9
|tier|[Gen 9] OU
|rated|
|rule|HP Percentage Mod: HP is shown in percentages
|rule|Endless Battle Clause: Forcing endless battles is banned
|rule|Species Clause: Limit one of each Pokémon
|rule|OHKO Clause: OHKO moves are banned
|rule|Evasion Items Clause: Evasion items are banned
|rule|Evasion Moves Clause: Evasion moves are banned
|rule|Evasion Abilities Clause: Evasion abilities are banned
|rule|Sleep Moves Clause: Sleep-inducing moves are banned
|clearpoke
|poke|p1|Pikachu, M|
|poke|p1|Keldeo-Resolute|
|poke|p1|Iron Treads|
|poke|p1|Moltres|
|poke|p1|Sinistcha|
|poke|p1|Slowking-Galar, M|
|poke|p2|Keldeo-Resolute|
|poke|p2|Ogerpon, F|
|poke|p2|Great Tusk|
|poke|p2|Gholdengo|
|poke|p2|Moltres|
|poke|p2|Dragonite, M|
|teampreview
|inactive|Battle timer is ON: inactive players will automatically lose when time's up. (requested by ikthoizzykil)
|j| Neo Mythic
|
|t:|1758951545
|teamsize|p1|6
|teamsize|p2|6
|start
|switch|p1a: Pikachu|Pikachu, M|100/100
|switch|p2a: Ogerpon|Ogerpon, F|100/100
|turn|1
|
|t:|1758951553
|switch|p1a: Moltres|Moltres|100/100
|move|p2a: Ogerpon|Knock Off|p1a: Moltres
|-damage|p1a: Moltres|62/100
|-enditem|p1a: Moltres|Heavy-Duty Boots|[from] move: Knock Off|[of] p2a: Ogerpon
|
|upkeep
|turn|2
|
|t:|1758951569
|switch|p2a: Moltres|Moltres|100/100
|move|p1a: Moltres|U-turn|p2a: Moltres
|-resisted|p2a: Moltres
|-damage|p2a: Moltres|98/100
|
|t:|1758951580
|switch|p1a: Pikachu|Pikachu, M|100/100|[from] U-turn
|
|upkeep
|turn|3
|
|t:|1758951585
|switch|p2a: Dragonite|Dragonite, M|100/100
|move|p1a: Pikachu|Volt Switch|p2a: Dragonite
|-damage|p2a: Dragonite|82/100
|
|t:|1758951591
|switch|p1a: Moltres|Moltres|62/100|[from] Volt Switch
|
|upkeep
|turn|4
|
|t:|1758951597
|switch|p2a: Moltres|Moltres|98/100
|move|p1a: Moltres|Roost|p1a: Moltres
|-heal|p1a: Moltres|100/100
|-singleturn|p1a: Moltres|move: Roost
|
|upkeep
|turn|5
|
|t:|1758951607
|move|p2a: Moltres|Flamethrower|p1a: Moltres
|-resisted|p1a: Moltres
|-damage|p1a: Moltres|82/100
|move|p1a: Moltres|U-turn|p2a: Moltres
|-resisted|p2a: Moltres
|-damage|p2a: Moltres|94/100
|
|t:|1758951612
|switch|p1a: Pikachu|Pikachu, M|100/100|[from] U-turn
|
|upkeep
|turn|6
|
|t:|1758951618
|switch|p2a: Dragonite|Dragonite, M|82/100
|move|p1a: Pikachu|Volt Switch|p2a: Dragonite
|-damage|p2a: Dragonite|43/100
|
|t:|1758951623
|switch|p1a: Moltres|Moltres|82/100|[from] Volt Switch
|
|upkeep
|turn|7
|
|t:|1758951630
|switch|p2a: Moltres|Moltres|94/100
|move|p1a: Moltres|U-turn|p2a: Moltres
|-resisted|p2a: Moltres
|-damage|p2a: Moltres|92/100
|
|t:|1758951633
|switch|p1a: Pikachu|Pikachu, M|100/100|[from] U-turn
|
|upkeep
|turn|8
|
|t:|1758951638
|switch|p2a: Great Tusk|Great Tusk|100/100
|move|p1a: Pikachu|Volt Switch|p2a: Great Tusk
|-immune|p2a: Great Tusk
|
|upkeep
|turn|9
|
|t:|1758951646
|move|p1a: Pikachu|Grass Knot|p2a: Great Tusk
|-supereffective|p2a: Great Tusk
|-damage|p2a: Great Tusk|0 fnt
|faint|p2a: Great Tusk
|-end|p2a: Great Tusk|Protosynthesis|[silent]
|
|upkeep
|
|t:|1758951655
|switch|p2a: Dragonite|Dragonite, M|43/100
|turn|10
|
|t:|1758951665
|move|p1a: Pikachu|Alluring Voice|p2a: Dragonite
|-supereffective|p2a: Dragonite
|-damage|p2a: Dragonite|0 fnt
|faint|p2a: Dragonite
|
|upkeep
|
|t:|1758951672
|switch|p2a: Ogerpon|Ogerpon, F|100/100
|turn|11
|
|t:|1758951680
|switch|p1a: Moltres|Moltres|82/100
|move|p2a: Ogerpon|U-turn|p1a: Moltres
|-resisted|p1a: Moltres
|-damage|p1a: Moltres|76/100
|
|t:|1758951687
|switch|p2a: Keldeo|Keldeo-Resolute|100/100|[from] U-turn
|
|upkeep
|turn|12
|
|t:|1758951698
|move|p2a: Keldeo|Icy Wind|p1a: Moltres
|-damage|p1a: Moltres|45/100
|-unboost|p1a: Moltres|spe|1
|move|p1a: Moltres|Roost|p1a: Moltres
|-heal|p1a: Moltres|95/100
|-singleturn|p1a: Moltres|move: Roost
|
|upkeep
|turn|13
|
|t:|1758951712
|move|p2a: Keldeo|Icy Wind|p1a: Moltres
|-damage|p1a: Moltres|64/100
|-unboost|p1a: Moltres|spe|1
|move|p1a: Moltres|U-turn|p2a: Keldeo
|-resisted|p2a: Keldeo
|-damage|p2a: Keldeo|93/100
|
|t:|1758951725
|switch|p1a: Sinistcha|Sinistcha|100/100|[from] U-turn
|
|upkeep
|turn|14
|
|t:|1758951731
|switch|p2a: Gholdengo|Gholdengo|100/100
|move|p1a: Sinistcha|Calm Mind|p1a: Sinistcha
|-boost|p1a: Sinistcha|spa|1
|-boost|p1a: Sinistcha|spd|1
|
|upkeep
|turn|15
|
|t:|1758951744
|move|p2a: Gholdengo|Trick|p1a: Sinistcha
|-activate|p2a: Gholdengo|move: Trick|[of] p1a: Sinistcha
|-item|p1a: Sinistcha|Choice Scarf|[from] move: Trick
|-item|p2a: Gholdengo|Leftovers|[from] move: Trick
|move|p1a: Sinistcha|Calm Mind|p1a: Sinistcha
|-boost|p1a: Sinistcha|spa|1
|-boost|p1a: Sinistcha|spd|1
|
|upkeep
|turn|16
|
|t:|1758951755
|switch|p1a: Iron Treads|Iron Treads|100/100
|move|p2a: Gholdengo|Make It Rain|p1a: Iron Treads
|-resisted|p1a: Iron Treads
|-crit|p1a: Iron Treads
|-damage|p1a: Iron Treads|61/100
|-unboost|p2a: Gholdengo|spa|1
|
|-heal|p1a: Iron Treads|67/100|[from] item: Leftovers
|upkeep
|turn|17
|
|t:|1758951766
|switch|p2a: Moltres|Moltres|92/100
|move|p1a: Iron Treads|Stealth Rock|p2a: Moltres
|-sidestart|p2: ikthoizzykil|move: Stealth Rock
|
|-heal|p1a: Iron Treads|73/100|[from] item: Leftovers
|upkeep
|turn|18
|
|t:|1758951774
|-end|p1a: Iron Treads|Quark Drive|[silent]
|switch|p1a: Moltres|Moltres|64/100
|move|p2a: Moltres|U-turn|p1a: Moltres
|-resisted|p1a: Moltres
|-damage|p1a: Moltres|62/100
|
|t:|1758951780
|switch|p2a: Keldeo|Keldeo-Resolute|93/100|[from] U-turn
|-damage|p2a: Keldeo|87/100|[from] Stealth Rock
|
|upkeep
|turn|19
|
|t:|1758951786
|switch|p1a: Sinistcha|Sinistcha|100/100
|move|p2a: Keldeo|Hydro Pump|p1a: Sinistcha
|-resisted|p1a: Sinistcha
|-damage|p1a: Sinistcha|47/100
|
|upkeep
|turn|20
|
|t:|1758951794
|switch|p2a: Moltres|Moltres|92/100
|move|p1a: Sinistcha|Strength Sap|p2a: Moltres
|-unboost|p2a: Moltres|atk|1
|-heal|p1a: Sinistcha|100/100
|
|upkeep
|turn|21
|
|t:|1758951803
|switch|p1a: Slowking|Slowking-Galar, M|100/100
|move|p2a: Moltres|Hurricane|p1a: Slowking
|-damage|p1a: Slowking|75/100
|
|upkeep
|turn|22
|
|t:|1758951811
|move|p2a: Moltres|U-turn|p1a: Slowking
|-damage|p1a: Slowking|66/100
|
|t:|1758951815
|switch|p2a: Gholdengo|Gholdengo|100/100|[from] U-turn
|-damage|p2a: Gholdengo|94/100|[from] Stealth Rock
|move|p1a: Slowking|Future Sight|p2a: Gholdengo
|-start|p1a: Slowking|move: Future Sight
|
|-heal|p2a: Gholdengo|100/100|[from] item: Leftovers
|upkeep
|turn|23
|l| Neo Mythic
|
|t:|1758951823
|move|p2a: Gholdengo|Shadow Ball|p1a: Slowking
|-supereffective|p1a: Slowking
|-damage|p1a: Slowking|15/100
|-prepare|p1a: Slowking|Chilly Reception|[premajor]
|move|p1a: Slowking|Chilly Reception|p1a: Slowking
|-weather|Snowscape
|
|t:|1758951835
|switch|p1a: Moltres|Moltres|62/100|[from] Chilly Reception
|
|-weather|Snowscape|[upkeep]
|upkeep
|turn|24
|
|t:|1758951845
|move|p2a: Gholdengo|Shadow Ball|p1a: Moltres
|-damage|p1a: Moltres|17/100
|move|p1a: Moltres|Flamethrower|p2a: Gholdengo
|-supereffective|p2a: Gholdengo
|-damage|p2a: Gholdengo|9/100
|
|-weather|Snowscape|[upkeep]
|-end|p2a: Gholdengo|move: Future Sight
|-resisted|p2a: Gholdengo
|-damage|p2a: Gholdengo|0 fnt
|faint|p2a: Gholdengo
|upkeep
|
|t:|1758951864
|switch|p2a: Keldeo|Keldeo-Resolute|87/100
|-damage|p2a: Keldeo|80/100|[from] Stealth Rock
|turn|25
|
|t:|1758951873
|switch|p1a: Sinistcha|Sinistcha|100/100
|move|p2a: Keldeo|Icy Wind|p1a: Sinistcha
|-supereffective|p1a: Sinistcha
|-damage|p1a: Sinistcha|35/100
|-unboost|p1a: Sinistcha|spe|1
|
|-weather|Snowscape|[upkeep]
|upkeep
|turn|26
|
|t:|1758951885
|move|p2a: Keldeo|Icy Wind|p1a: Sinistcha
|-supereffective|p1a: Sinistcha
|-damage|p1a: Sinistcha|0 fnt
|faint|p1a: Sinistcha
|
|-weather|Snowscape|[upkeep]
|upkeep
|
|t:|1758951889
|switch|p1a: Keldeo|Keldeo-Resolute|100/100
|turn|27
|
|t:|1758951896
|switch|p2a: Ogerpon|Ogerpon, F|100/100
|-damage|p2a: Ogerpon|88/100|[from] Stealth Rock
|move|p1a: Keldeo|Flip Turn|p2a: Ogerpon
|-resisted|p2a: Ogerpon
|-damage|p2a: Ogerpon|79/100
|
|t:|1758951901
|switch|p1a: Moltres|Moltres|17/100|[from] Flip Turn
|
|-weather|none
|upkeep
|turn|28
|
|t:|1758951910
|-terastallize|p2a: Ogerpon|Grass
|detailschange|p2a: Ogerpon|Ogerpon-Teal-Tera, F, tera:Grass
|-ability|p2a: Ogerpon|Embody Aspect (Teal)|boost
|-boost|p2a: Ogerpon|spe|1
|move|p2a: Ogerpon|Ivy Cudgel|p1a: Moltres
|-resisted|p1a: Moltres
|-damage|p1a: Moltres|0 fnt
|faint|p1a: Moltres
|
|upkeep
|
|t:|1758951922
|switch|p1a: Slowking|Slowking-Galar, M|49/100
|turn|29
|
|t:|1758951927
|switch|p1a: Iron Treads|Iron Treads|73/100
|move|p2a: Ogerpon|Ivy Cudgel|p1a: Iron Treads
|-crit|p1a: Iron Treads
|-damage|p1a: Iron Treads|0 fnt
|faint|p1a: Iron Treads
|-end|p1a: Iron Treads|Quark Drive|[silent]
|
|upkeep
|
|t:|1758951934
|switch|p1a: Slowking|Slowking-Galar, M|82/100
|turn|30
|
|t:|1758951943
|switch|p2a: Keldeo|Keldeo-Resolute|80/100
|-damage|p2a: Keldeo|74/100|[from] Stealth Rock
|move|p1a: Slowking|Thunder Wave|p2a: Keldeo
|-status|p2a: Keldeo|par
|
|upkeep
|turn|31
|
|t:|1758951952
|cant|p2a: Keldeo|par
|move|p1a: Slowking|Future Sight|p2a: Keldeo
|-start|p1a: Slowking|move: Future Sight
|
|upkeep
|turn|32
|
|t:|1758951957
|move|p2a: Keldeo|Hydro Pump|p1a: Slowking
|-damage|p1a: Slowking|28/100
|-prepare|p1a: Slowking|Chilly Reception|[premajor]
|move|p1a: Slowking|Chilly Reception|p1a: Slowking
|-weather|Snowscape
|
|t:|1758951960
|switch|p1a: Pikachu|Pikachu, M|100/100|[from] Chilly Reception
|
|-weather|Snowscape|[upkeep]
|upkeep
|turn|33
|
|t:|1758951971
|move|p1a: Pikachu|Thunderbolt|p2a: Keldeo
|-supereffective|p2a: Keldeo
|-damage|p2a: Keldeo|0 fnt
|faint|p2a: Keldeo
|
|-weather|Snowscape|[upkeep]
|-hint|Future Sight did not hit because the target is fainted.
|upkeep
|
|t:|1758951977
|switch|p2a: Ogerpon|Ogerpon-Teal-Tera, F, tera:Grass|79/100
|-damage|p2a: Ogerpon|67/100|[from] Stealth Rock
|-ability|p2a: Ogerpon|Embody Aspect (Teal)|boost
|-boost|p2a: Ogerpon|spe|1
|turn|34
|j| Mighdas
|
|t:|1758951995
|switch|p1a: Keldeo|Keldeo-Resolute|100/100
|move|p2a: Ogerpon|Play Rough|p1a: Keldeo
|-supereffective|p1a: Keldeo
|-damage|p1a: Keldeo|0 fnt
|faint|p1a: Keldeo
|
|-weather|Snowscape|[upkeep]
|upkeep
|
|t:|1758952002
|switch|p1a: Slowking|Slowking-Galar, M|62/100
|turn|35
|
|t:|1758952017
|switch|p2a: Moltres|Moltres|92/100
|-terastallize|p1a: Slowking|Water
|move|p1a: Slowking|Thunder Wave|p2a: Moltres
|-status|p2a: Moltres|par
|
|-weather|Snowscape|[upkeep]
|upkeep
|turn|36
|
|t:|1758952035
|cant|p2a: Moltres|par
|move|p1a: Slowking|Future Sight|p2a: Moltres
|-start|p1a: Slowking|move: Future Sight
|
|-weather|none
|upkeep
|turn|37
|
|t:|1758952049
|move|p2a: Moltres|Hurricane|p1a: Slowking
|-damage|p1a: Slowking|34/100
|-prepare|p1a: Slowking|Chilly Reception|[premajor]
|move|p1a: Slowking|Chilly Reception|p1a: Slowking
|-weather|Snowscape
|
|t:|1758952052
|switch|p1a: Pikachu|Pikachu, M|100/100|[from] Chilly Reception
|
|-weather|Snowscape|[upkeep]
|upkeep
|turn|38
|
|t:|1758952059
|move|p1a: Pikachu|Thunderbolt|p2a: Moltres
|-supereffective|p2a: Moltres
|-damage|p2a: Moltres|7/100 par
|cant|p2a: Moltres|par
|
|-weather|Snowscape|[upkeep]
|-end|p2a: Moltres|move: Future Sight
|-damage|p2a: Moltres|0 fnt
|faint|p2a: Moltres
|upkeep
|
|t:|1758952066
|switch|p2a: Ogerpon|Ogerpon-Teal-Tera, F, tera:Grass|67/100
|-damage|p2a: Ogerpon|55/100|[from] Stealth Rock
|-ability|p2a: Ogerpon|Embody Aspect (Teal)|boost
|-boost|p2a: Ogerpon|spe|1
|turn|39
|
|t:|1758952078
|move|p2a: Ogerpon|Ivy Cudgel|p1a: Pikachu
|-damage|p1a: Pikachu|0 fnt
|faint|p1a: Pikachu
|
|-weather|Snowscape|[upkeep]
|upkeep
|
|t:|1758952080
|switch|p1a: Slowking|Slowking-Galar, M, tera:Water|68/100
|turn|40
|
|t:|1758952084
|move|p2a: Ogerpon|Ivy Cudgel|p1a: Slowking
|-supereffective|p1a: Slowking
|-damage|p1a: Slowking|0 fnt
|faint|p1a: Slowking
|
|win|ikthoizzykil
|raw|Yourragez's rating: 1404 &rarr; <strong>1387</strong><br />(-17 for losing)
|raw|ikthoizzykil's rating: 1449 &rarr; <strong>1466</strong><br />(+17 for winning)
|l|☆Yourragez
|player|p1|
|l|☆ikthoizzykil
|player|p2|
|l| Mighdas
