|j|☆Paper_Falconv2
|j|☆M4Sk123
|t:|1759008124
|gametype|singles
|player|p1|Paper_Falconv2|sage|1056
|player|p2|M4Sk123|beauty-gen4dp|1077
|gen|9
|tier|[Gen 9] OU
|rated|
|rule|HP Percentage Mod: HP is shown in percentages
|rule|Endless Battle Clause: Forcing endless battles is banned
|rule|Species Clause: Limit one of each Pokémon
|rule|OHKO Clause: OHKO moves are banned
|rule|Evasion Items Clause: Evasion items are banned
|rule|Evasion Moves Clause: Evasion moves are banned
|rule|Evasion Abilities Clause: Evasion abilities are banned
|rule|Sleep Moves Clause: Sleep-inducing moves are banned
|clearpoke
|poke|p1|Persian-Alola, M|
|poke|p1|Cinderace, M|
|poke|p1|Slowbro-Galar, F|
|poke|p1|Gastrodon, F|
|poke|p1|Mimikyu, F|
|poke|p1|Blastoise, F|
|poke|p2|Clefable, F|
|poke|p2|Primarina, F|
|poke|p2|Scrafty, M|
|poke|p2|Blissey, F|
|poke|p2|Kleavor, F|
|poke|p2|Tsareena, F|
|teampreview
|
|t:|1759008139
|teamsize|p1|6
|teamsize|p2|6
|start
|switch|p1a: Gastrodon|Gastrodon, F|100/100
|switch|p2a: Tsareena|Tsareena, F|100/100
|turn|1
|
|t:|1759008163
|switch|p1a: Persian|Persian-Alola, M|100/100
|move|p2a: Tsareena|Trop Kick|p1a: Persian
|-damage|p1a: Persian|79/100
|-unboost|p1a: Persian|atk|1
|-enditem|p1a: Persian|Red Card|[of] p2a: Tsareena
|drag|p2a: Clefable|Clefable, F, shiny|100/100
|
|upkeep
|turn|2
|
|t:|1759008184
|switch|p2a: Kleavor|Kleavor, F|100/100
|move|p1a: Persian|Taunt|p2a: Kleavor
|-start|p2a: Kleavor|move: Taunt
|
|upkeep
|turn|3
|
|t:|1759008194
|move|p2a: Kleavor|Brick Break|p1a: Persian
|-supereffective|p1a: Persian
|-damage|p1a: Persian|47/100
|move|p1a: Persian|Parting Shot|p2a: Kleavor
|-unboost|p2a: Kleavor|atk|1
|-unboost|p2a: Kleavor|spa|1
|
|t:|1759008204
|switch|p1a: Mimikyu|Mimikyu, F|100/100|[from] Parting Shot
|
|upkeep
|turn|4
|
|t:|1759008216
|switch|p2a: Scrafty|Scrafty, M|100/100
|-ability|p2a: Scrafty|Intimidate|boost
|-unboost|p1a: Mimikyu|atk|1
|move|p1a: Mimikyu|Shadow Claw|p2a: Scrafty
|-resisted|p2a: Scrafty
|-damage|p2a: Scrafty|88/100
|
|-heal|p2a: Scrafty|94/100|[from] item: Leftovers
|upkeep
|turn|5
|
|t:|1759008229
|switch|p1a: Gastrodon|Gastrodon, F|100/100
|move|p2a: Scrafty|Knock Off|p1a: Gastrodon
|-damage|p1a: Gastrodon|52/100
|-damage|p2a: Scrafty|77/100|[from] item: Rocky Helmet|[of] p1a: Gastrodon
|-enditem|p1a: Gastrodon|Rocky Helmet|[from] move: Knock Off|[of] p2a: Scrafty
|
|-heal|p2a: Scrafty|83/100|[from] item: Leftovers
|upkeep
|turn|6
|
|t:|1759008244
|move|p2a: Scrafty|Taunt|p1a: Gastrodon
|-start|p1a: Gastrodon|move: Taunt
|cant|p1a: Gastrodon|move: Taunt|Stealth Rock
|
|-heal|p2a: Scrafty|89/100|[from] item: Leftovers
|upkeep
|turn|7
|
|t:|1759008265
|move|p2a: Scrafty|Close Combat|p1a: Gastrodon
|-damage|p1a: Gastrodon|0 fnt
|-unboost|p2a: Scrafty|def|1
|-unboost|p2a: Scrafty|spd|1
|faint|p1a: Gastrodon
|
|-heal|p2a: Scrafty|95/100|[from] item: Leftovers
|upkeep
|
|t:|1759008272
|switch|p1a: Mimikyu|Mimikyu, F|100/100
|turn|8
|
|t:|1759008278
|move|p1a: Mimikyu|Will-O-Wisp|p2a: Scrafty
|-status|p2a: Scrafty|brn
|move|p2a: Scrafty|Taunt|p1a: Mimikyu
|-start|p1a: Mimikyu|move: Taunt
|
|-heal|p2a: Scrafty|100/100 brn|[from] item: Leftovers
|-damage|p2a: Scrafty|95/100 brn|[from] brn
|upkeep
|turn|9
|
|t:|1759008297
|switch|p1a: Blastoise|Blastoise, F|100/100
|switch|p2a: Tsareena|Tsareena, F|100/100
|
|upkeep
|turn|10
|
|t:|1759008314
|switch|p1a: Mimikyu|Mimikyu, F|100/100
|move|p2a: Tsareena|Trop Kick|p1a: Mimikyu
|-activate|p1a: Mimikyu|ability: Disguise
|-damage|p1a: Mimikyu|100/100
|-unboost|p1a: Mimikyu|atk|1
|detailschange|p1a: Mimikyu|Mimikyu-Busted, F
|-damage|p1a: Mimikyu|88/100|[from] pokemon: Mimikyu-Busted
|
|upkeep
|turn|11
|
|t:|1759008326
|switch|p2a: Scrafty|Scrafty, M|95/100 brn
|-ability|p2a: Scrafty|Intimidate|boost
|-unboost|p1a: Mimikyu|atk|1
|move|p1a: Mimikyu|Will-O-Wisp|p2a: Scrafty
|-fail|p2a: Scrafty|brn
|
|-heal|p2a: Scrafty|100/100 brn|[from] item: Leftovers
|-damage|p2a: Scrafty|95/100 brn|[from] brn
|upkeep
|turn|12
|
|t:|1759008339
|switch|p1a: Persian|Persian-Alola, M|47/100
|move|p2a: Scrafty|Knock Off|p1a: Persian
|-resisted|p1a: Persian
|-damage|p1a: Persian|42/100
|
|-heal|p2a: Scrafty|100/100 brn|[from] item: Leftovers
|-damage|p2a: Scrafty|95/100 brn|[from] brn
|upkeep
|turn|13
|
|t:|1759008348
|move|p1a: Persian|Parting Shot|p2a: Scrafty
|-unboost|p2a: Scrafty|atk|1
|-unboost|p2a: Scrafty|spa|1
|
|t:|1759008351
|switch|p1a: Mimikyu|Mimikyu-Busted, F|88/100|[from] Parting Shot
|move|p2a: Scrafty|Close Combat|p1a: Mimikyu
|-immune|p1a: Mimikyu
|
|-heal|p2a: Scrafty|100/100 brn|[from] item: Leftovers
|-damage|p2a: Scrafty|95/100 brn|[from] brn
|upkeep
|turn|14
|
|t:|1759008368
|switch|p2a: Kleavor|Kleavor, F|100/100
|move|p1a: Mimikyu|Play Rough|p2a: Kleavor
|-damage|p2a: Kleavor|43/100
|-unboost|p2a: Kleavor|atk|1
|
|upkeep
|turn|15
|
|t:|1759008399
|move|p2a: Kleavor|Stone Axe|p1a: Mimikyu|[miss]
|-miss|p2a: Kleavor|p1a: Mimikyu
|move|p1a: Mimikyu|Play Rough|p2a: Kleavor
|-damage|p2a: Kleavor|0 fnt
|faint|p2a: Kleavor
|
|upkeep
|
|t:|1759008411
|switch|p2a: Scrafty|Scrafty, M|95/100 brn
|-ability|p2a: Scrafty|Intimidate|boost
|-unboost|p1a: Mimikyu|atk|1
|turn|16
|
|t:|1759008427
|switch|p1a: Persian|Persian-Alola, M|42/100
|move|p2a: Scrafty|Knock Off|p1a: Persian
|-resisted|p1a: Persian
|-damage|p1a: Persian|37/100
|
|-heal|p2a: Scrafty|100/100 brn|[from] item: Leftovers
|-damage|p2a: Scrafty|95/100 brn|[from] brn
|upkeep
|turn|17
|
|t:|1759008437
|move|p1a: Persian|Parting Shot|p2a: Scrafty
|-unboost|p2a: Scrafty|atk|1
|-unboost|p2a: Scrafty|spa|1
|
|t:|1759008443
|switch|p1a: Mimikyu|Mimikyu-Busted, F|88/100|[from] Parting Shot
|move|p2a: Scrafty|Foul Play|p1a: Mimikyu
|-damage|p1a: Mimikyu|55/100
|
|-heal|p2a: Scrafty|100/100 brn|[from] item: Leftovers
|-damage|p2a: Scrafty|95/100 brn|[from] brn
|upkeep
|turn|18
|
|t:|1759008452
|switch|p2a: Tsareena|Tsareena, F|100/100
|move|p1a: Mimikyu|Play Rough|p2a: Tsareena
|-damage|p2a: Tsareena|31/100
|
|upkeep
|turn|19
|
|t:|1759008457
|move|p2a: Tsareena|U-turn|p1a: Mimikyu
|-resisted|p1a: Mimikyu
|-damage|p1a: Mimikyu|46/100
|
|t:|1759008461
|switch|p2a: Scrafty|Scrafty, M|95/100 brn|[from] U-turn
|-ability|p2a: Scrafty|Intimidate|boost
|-unboost|p1a: Mimikyu|atk|1
|move|p1a: Mimikyu|Play Rough|p2a: Scrafty
|-supereffective|p2a: Scrafty
|-damage|p2a: Scrafty|0 fnt
|faint|p2a: Scrafty
|
|upkeep
|
|t:|1759008469
|switch|p2a: Primarina|Primarina, F, shiny|100/100
|turn|20
|
|t:|1759008475
|-terastallize|p2a: Primarina|Water
|move|p1a: Mimikyu|Play Rough|p2a: Primarina
|-damage|p2a: Primarina|60/100
|move|p2a: Primarina|Hyper Voice|p1a: Mimikyu
|-damage|p1a: Mimikyu|0 fnt
|faint|p1a: Mimikyu
|
|upkeep
|
|t:|1759008501
|switch|p1a: Slowbro|Slowbro-Galar, F|100/100
|turn|21
|
|t:|1759008525
|switch|p2a: Clefable|Clefable, F, shiny|100/100
|move|p1a: Slowbro|Psyshock|p2a: Clefable
|-damage|p2a: Clefable|60/100
|
|-heal|p2a: Clefable|66/100|[from] item: Leftovers
|upkeep
|turn|22
|-activate|p1a: Slowbro|item: Quick Claw
|
|t:|1759008535
|move|p1a: Slowbro|Shell Side Arm|p2a: Clefable|[anim] Shell Side Arm Special
|-supereffective|p2a: Clefable
|-damage|p2a: Clefable|0 fnt
|-hint|Special Shell Side Arm
|faint|p2a: Clefable
|
|upkeep
|
|t:|1759008544
|switch|p2a: Blissey|Blissey, F|100/100
|turn|23
|
|t:|1759008562
|switch|p1a: Cinderace|Cinderace, M|100/100
|move|p2a: Blissey|Thunderbolt|p1a: Cinderace
|-damage|p1a: Cinderace|74/100
|-status|p1a: Cinderace|par
|
|upkeep
|turn|24
|
|t:|1759008573
|move|p2a: Blissey|Protect|p2a: Blissey
|-singleturn|p2a: Blissey|Protect
|move|p1a: Cinderace|High Jump Kick|p2a: Blissey
|-start|p1a: Cinderace|typechange|Fighting|[from] ability: Libero
|-activate|p2a: Blissey|move: Protect
|-damage|p1a: Cinderace|24/100 par|[from] highjumpkick
|
|upkeep
|turn|25
|
|t:|1759008594
|move|p1a: Cinderace|High Jump Kick|p2a: Blissey
|-supereffective|p2a: Blissey
|-damage|p2a: Blissey|0 fnt
|faint|p2a: Blissey
|
|upkeep
|
|t:|1759008601
|switch|p2a: Primarina|Primarina, F, shiny, tera:Water|60/100
|turn|26
|
|t:|1759008610
|move|p1a: Cinderace|High Jump Kick|p2a: Primarina
|-damage|p2a: Primarina|0 fnt
|faint|p2a: Primarina
|
|upkeep
|
|t:|1759008613
|switch|p2a: Tsareena|Tsareena, F|31/100
|turn|27
|
|t:|1759008621
|move|p2a: Tsareena|Trop Kick|p1a: Cinderace
|-damage|p1a: Cinderace|0 fnt
|faint|p1a: Cinderace
|
|upkeep
|
|t:|1759008629
|switch|p1a: Slowbro|Slowbro-Galar, F|100/100
|turn|28
|
|t:|1759008633
|-terastallize|p1a: Slowbro|Poison
|move|p2a: Tsareena|Trop Kick|p1a: Slowbro
|-resisted|p1a: Slowbro
|-damage|p1a: Slowbro|86/100
|-unboost|p1a: Slowbro|atk|1
|move|p1a: Slowbro|Shell Side Arm|p2a: Tsareena|[anim] Shell Side Arm Special
|-supereffective|p2a: Tsareena
|-damage|p2a: Tsareena|0 fnt
|-hint|Special Shell Side Arm
|faint|p2a: Tsareena
|
|win|Paper_Falconv2
|raw|Paper_Falconv2's rating: 1056 &rarr; <strong>1090</strong><br />(+34 for winning)
|raw|M4Sk123's rating: 1077 &rarr; <strong>1054</strong><br />(-23 for losing)
|l|☆M4Sk123
|player|p2|
|l|☆Paper_Falconv2
|player|p1|
