|j|☆ryansindoors
|j|☆Karisoll
|t:|1759070513
|gametype|singles
|player|p1|ryansindoors|blue|1302
|player|p2|Karisoll|clerkf|1284
|gen|9
|tier|[Gen 9] OU
|rated|
|rule|HP Percentage Mod: HP is shown in percentages
|rule|Endless Battle Clause: Forcing endless battles is banned
|rule|Species Clause: Limit one of each Pokémon
|rule|OHKO Clause: OHKO moves are banned
|rule|Evasion Items Clause: Evasion items are banned
|rule|Evasion Moves Clause: Evasion moves are banned
|rule|Evasion Abilities Clause: Evasion abilities are banned
|rule|Sleep Moves Clause: Sleep-inducing moves are banned
|clearpoke
|poke|p1|Ceruledge, F|
|poke|p1|Chesnaught, M|
|poke|p1|Latias, F|
|poke|p1|Great Tusk|
|poke|p1|Gholdengo|
|poke|p1|Moltres|
|poke|p2|Arcanine, F|
|poke|p2|Milotic, F|
|poke|p2|Rotom-Wash|
|poke|p2|Staraptor, M|
|poke|p2|Torkoal, M|
|poke|p2|Trevenant, M|
|teampreview
|inactive|Battle timer is ON: inactive players will automatically lose when time's up. (requested by ryansindoors)
|
|t:|1759070542
|teamsize|p1|6
|teamsize|p2|6
|start
|switch|p1a: Great Tusk|Great Tusk|100/100
|switch|p2a: Milotic|Milotic, F|100/100
|turn|1
|
|t:|1759070552
|move|p1a: Great Tusk|Knock Off|p2a: Milotic
|-damage|p2a: Milotic|72/100
|-enditem|p2a: Milotic|Leftovers|[from] move: Knock Off|[of] p1a: Great Tusk
|move|p2a: Milotic|Scald|p1a: Great Tusk
|-supereffective|p1a: Great Tusk
|-damage|p1a: Great Tusk|27/100
|
|-heal|p1a: Great Tusk|33/100|[from] item: Leftovers
|upkeep
|turn|2
|
|t:|1759070564
|move|p1a: Great Tusk|Stealth Rock|p2a: Milotic
|-sidestart|p2: Karisoll|move: Stealth Rock
|move|p2a: Milotic|Scald|p1a: Great Tusk
|-supereffective|p1a: Great Tusk
|-damage|p1a: Great Tusk|0 fnt
|faint|p1a: Great Tusk
|-end|p1a: Great Tusk|Protosynthesis|[silent]
|
|upkeep
|
|t:|1759070571
|switch|p1a: Latias|Latias, F|100/100
|turn|3
|
|t:|1759070576
|move|p1a: Latias|Agility|p1a: Latias
|-boost|p1a: Latias|spe|2
|move|p2a: Milotic|Ice Beam|p1a: Latias
|-supereffective|p1a: Latias
|-damage|p1a: Latias|64/100
|-enditem|p1a: Latias|Weakness Policy
|-boost|p1a: Latias|atk|2|[from] item: Weakness Policy
|-boost|p1a: Latias|spa|2|[from] item: Weakness Policy
|
|upkeep
|turn|4
|
|t:|1759070595
|-terastallize|p2a: Milotic|Ice
|move|p1a: Latias|Stored Power|p2a: Milotic
|-damage|p2a: Milotic|7/100
|move|p2a: Milotic|Ice Beam|p1a: Latias
|-supereffective|p1a: Latias
|-damage|p1a: Latias|16/100
|
|upkeep
|turn|5
|
|t:|1759070605
|move|p1a: Latias|Stored Power|p2a: Milotic
|-damage|p2a: Milotic|0 fnt
|faint|p2a: Milotic
|
|upkeep
|
|t:|1759070611
|switch|p2a: Arcanine|Arcanine, F|100/100
|-damage|p2a: Arcanine|76/100|[from] Stealth Rock
|-ability|p2a: Arcanine|Intimidate|boost
|-unboost|p1a: Latias|atk|1
|turn|6
|
|t:|1759070623
|switch|p1a: Ceruledge|Ceruledge, F|100/100
|move|p2a: Arcanine|Extreme Speed|p1a: Ceruledge
|-immune|p1a: Ceruledge
|
|upkeep
|turn|7
|
|t:|1759070632
|switch|p2a: Torkoal|Torkoal, M|100/100
|-damage|p2a: Torkoal|75/100|[from] Stealth Rock
|-weather|SunnyDay|[from] ability: Drought|[of] p2a: Torkoal
|move|p1a: Ceruledge|Poltergeist|p2a: Torkoal|[miss]
|-miss|p1a: Ceruledge|p2a: Torkoal
|
|-weather|SunnyDay|[upkeep]
|-heal|p2a: Torkoal|82/100|[from] item: Leftovers
|upkeep
|turn|8
|
|t:|1759070644
|-terastallize|p1a: Ceruledge|Ghost
|move|p1a: Ceruledge|Poltergeist|p2a: Torkoal
|-activate|p2a: Torkoal|move: Poltergeist|Leftovers
|-damage|p2a: Torkoal|13/100
|move|p2a: Torkoal|Stealth Rock|p1a: Ceruledge
|-sidestart|p1: ryansindoors|move: Stealth Rock
|
|-weather|SunnyDay|[upkeep]
|-heal|p2a: Torkoal|19/100|[from] item: Leftovers
|upkeep
|turn|9
|
|t:|1759070655
|move|p1a: Ceruledge|Poltergeist|p2a: Torkoal
|-activate|p2a: Torkoal|move: Poltergeist|Leftovers
|-damage|p2a: Torkoal|0 fnt
|faint|p2a: Torkoal
|
|-weather|SunnyDay|[upkeep]
|upkeep
|
|t:|1759070668
|switch|p2a: Arcanine|Arcanine, F|76/100
|-damage|p2a: Arcanine|51/100|[from] Stealth Rock
|-ability|p2a: Arcanine|Intimidate|boost
|-unboost|p1a: Ceruledge|atk|1
|turn|10
|
|t:|1759070675
|move|p1a: Ceruledge|Poltergeist|p2a: Arcanine
|-activate|p2a: Arcanine|move: Poltergeist|Life Orb
|-damage|p2a: Arcanine|0 fnt
|faint|p2a: Arcanine
|
|-weather|SunnyDay|[upkeep]
|upkeep
|
|t:|1759070681
|switch|p2a: Staraptor|Staraptor, M|100/100
|-damage|p2a: Staraptor|76/100|[from] Stealth Rock
|turn|11
|
|t:|1759070688
|switch|p1a: Moltres|Moltres|100/100
|move|p2a: Staraptor|Brave Bird|p1a: Moltres
|-damage|p1a: Moltres|30/100
|-damage|p2a: Staraptor|47/100|[from] Recoil
|
|-weather|none
|upkeep
|turn|12
|
|t:|1759070697
|move|p2a: Staraptor|Brave Bird|p1a: Moltres
|-damage|p1a: Moltres|0 fnt
|faint|p1a: Moltres
|-damage|p2a: Staraptor|35/100|[from] Recoil
|
|upkeep
|
|t:|1759070704
|switch|p1a: Gholdengo|Gholdengo|100/100
|-damage|p1a: Gholdengo|94/100|[from] Stealth Rock
|turn|13
|
|t:|1759070708
|switch|p2a: Rotom|Rotom-Wash|100/100
|-damage|p2a: Rotom|88/100|[from] Stealth Rock
|move|p1a: Gholdengo|Thunderbolt|p2a: Rotom
|-damage|p2a: Rotom|51/100
|
|upkeep
|turn|14
|
|t:|1759070716
|move|p2a: Rotom|Trick|p1a: Gholdengo
|-immune|p1a: Gholdengo|[from] ability: Good as Gold
|move|p1a: Gholdengo|Thunderbolt|p2a: Rotom
|-damage|p2a: Rotom|7/100
|
|upkeep
|turn|15
|
|t:|1759070724
|move|p2a: Rotom|Trick|p1a: Gholdengo
|-immune|p1a: Gholdengo|[from] ability: Good as Gold
|move|p1a: Gholdengo|Thunderbolt|p2a: Rotom
|-damage|p2a: Rotom|0 fnt
|faint|p2a: Rotom
|
|upkeep
|-message|Karisoll forfeited.
|
|win|ryansindoors
|raw|ryansindoors's rating: 1302 &rarr; <strong>1321</strong><br />(+19 for winning)
|raw|Karisoll's rating: 1284 &rarr; <strong>1260</strong><br />(-24 for losing)
|l|☆Karisoll
|player|p2|
|l|☆ryansindoors
|player|p1|
