|j|☆susumu808
|j|☆Inspector 47
|t:|1759047516
|gametype|singles
|player|p1|susumu808|169|1199
|player|p2|Inspector 47|lucas|1148
|gen|9
|tier|[Gen 9] OU
|rated|
|rule|HP Percentage Mod: HP is shown in percentages
|rule|Endless Battle Clause: Forcing endless battles is banned
|rule|Species Clause: Limit one of each Pokémon
|rule|OHKO Clause: OHKO moves are banned
|rule|Evasion Items Clause: Evasion items are banned
|rule|Evasion Moves Clause: Evasion moves are banned
|rule|Evasion Abilities Clause: Evasion abilities are banned
|rule|Sleep Moves Clause: Sleep-inducing moves are banned
|clearpoke
|poke|p1|Scizor, F|
|poke|p1|Dragonite, M|
|poke|p1|Blaziken, F|
|poke|p1|Serperior, F|
|poke|p1|Kommo-o, F|
|poke|p1|Deoxys-Defense|
|poke|p2|Glaceon, M|
|poke|p2|Ninetales-Alola, M|
|poke|p2|Slowking-Galar, M|
|poke|p2|Blissey, F|
|poke|p2|Weavile, M|
|poke|p2|Clefable, M|
|teampreview
|
|t:|1759047522
|teamsize|p1|6
|teamsize|p2|6
|start
|switch|p1a: Blaziken|Blaziken, F|100/100
|switch|p2a: Ninetales|Ninetales-Alola, M|100/100
|-weather|Snowscape|[from] ability: Snow Warning|[of] p2a: Ninetales
|turn|1
|
|t:|1759047529
|move|p2a: Ninetales|Aurora Veil|p2a: Ninetales
|-sidestart|p2: Inspector 47|move: Aurora Veil
|move|p1a: Blaziken|Focus Energy|p1a: Blaziken
|-start|p1a: Blaziken|move: Focus Energy
|
|-weather|Snowscape|[upkeep]
|-ability|p1a: Blaziken|Speed Boost|boost
|-boost|p1a: Blaziken|spe|1
|upkeep
|turn|2
|
|t:|1759047536
|move|p1a: Blaziken|Blaze Kick|p2a: Ninetales
|-supereffective|p2a: Ninetales
|-crit|p2a: Ninetales
|-damage|p2a: Ninetales|0 fnt
|faint|p2a: Ninetales
|
|-weather|Snowscape|[upkeep]
|-ability|p1a: Blaziken|Speed Boost|boost
|-boost|p1a: Blaziken|spe|1
|upkeep
|
|t:|1759047542
|switch|p2a: Glaceon|Glaceon, M|100/100
|turn|3
|
|t:|1759047550
|-terastallize|p2a: Glaceon|Water
|move|p1a: Blaziken|Blaze Kick|p2a: Glaceon|[miss]
|-miss|p1a: Blaziken|p2a: Glaceon
|move|p2a: Glaceon|Wish|p2a: Glaceon
|
|-weather|Snowscape|[upkeep]
|-ability|p1a: Blaziken|Speed Boost|boost
|-boost|p1a: Blaziken|spe|1
|upkeep
|turn|4
|
|t:|1759047558
|move|p1a: Blaziken|Earthquake|p2a: Glaceon
|-damage|p2a: Glaceon|85/100
|move|p2a: Glaceon|Calm Mind|p2a: Glaceon
|-boost|p2a: Glaceon|spa|1
|-boost|p2a: Glaceon|spd|1
|
|-weather|Snowscape|[upkeep]
|-heal|p2a: Glaceon|91/100|[from] ability: Ice Body
|-heal|p2a: Glaceon|100/100|[from] move: Wish|[wisher] Glaceon
|-ability|p1a: Blaziken|Speed Boost|boost
|-boost|p1a: Blaziken|spe|1
|upkeep
|turn|5
|
|t:|1759047570
|move|p1a: Blaziken|Blaze Kick|p2a: Glaceon|[miss]
|-miss|p1a: Blaziken|p2a: Glaceon
|move|p2a: Glaceon|Calm Mind|p2a: Glaceon
|-boost|p2a: Glaceon|spa|1
|-boost|p2a: Glaceon|spd|1
|
|-weather|none
|-ability|p1a: Blaziken|Speed Boost|boost
|-boost|p1a: Blaziken|spe|1
|upkeep
|turn|6
|
|t:|1759047580
|move|p1a: Blaziken|Blaze Kick|p2a: Glaceon|[miss]
|-miss|p1a: Blaziken|p2a: Glaceon
|move|p2a: Glaceon|Calm Mind|p2a: Glaceon
|-boost|p2a: Glaceon|spa|1
|-boost|p2a: Glaceon|spd|1
|
|-ability|p1a: Blaziken|Speed Boost|boost
|-boost|p1a: Blaziken|spe|1
|upkeep
|turn|7
|
|t:|1759047588
|move|p1a: Blaziken|Blaze Kick|p2a: Glaceon
|-resisted|p2a: Glaceon
|-crit|p2a: Glaceon
|-damage|p2a: Glaceon|73/100
|move|p2a: Glaceon|Calm Mind|p2a: Glaceon
|-boost|p2a: Glaceon|spa|1
|-boost|p2a: Glaceon|spd|1
|
|-heal|p2a: Glaceon|79/100|[from] item: Leftovers
|upkeep
|turn|8
|
|t:|1759047601
|move|p1a: Blaziken|Blaze Kick|p2a: Glaceon
|-resisted|p2a: Glaceon
|-crit|p2a: Glaceon
|-damage|p2a: Glaceon|50/100
|move|p2a: Glaceon|Calm Mind|p2a: Glaceon
|-boost|p2a: Glaceon|spa|1
|-boost|p2a: Glaceon|spd|1
|
|-heal|p2a: Glaceon|57/100|[from] item: Leftovers
|-sideend|p2: Inspector 47|move: Aurora Veil
|upkeep
|turn|9
|
|t:|1759047609
|move|p1a: Blaziken|Blaze Kick|p2a: Glaceon
|-resisted|p2a: Glaceon
|-crit|p2a: Glaceon
|-damage|p2a: Glaceon|28/100
|move|p2a: Glaceon|Wish|p2a: Glaceon
|
|-heal|p2a: Glaceon|34/100|[from] item: Leftovers
|upkeep
|turn|10
|
|t:|1759047615
|move|p2a: Glaceon|Protect|p2a: Glaceon
|-singleturn|p2a: Glaceon|Protect
|move|p1a: Blaziken|Blaze Kick|p2a: Glaceon
|-activate|p2a: Glaceon|move: Protect
|
|-heal|p2a: Glaceon|84/100|[from] move: Wish|[wisher] Glaceon
|-heal|p2a: Glaceon|91/100|[from] item: Leftovers
|upkeep
|turn|11
|
|t:|1759047623
|move|p1a: Blaziken|Blaze Kick|p2a: Glaceon|[miss]
|-miss|p1a: Blaziken|p2a: Glaceon
|move|p2a: Glaceon|Calm Mind|p2a: Glaceon
|-boost|p2a: Glaceon|spa|1
|-boost|p2a: Glaceon|spd|1
|
|-heal|p2a: Glaceon|97/100|[from] item: Leftovers
|upkeep
|turn|12
|
|t:|1759047630
|move|p1a: Blaziken|Blaze Kick|p2a: Glaceon
|-resisted|p2a: Glaceon
|-crit|p2a: Glaceon
|-damage|p2a: Glaceon|68/100
|move|p2a: Glaceon|Freeze-Dry|p1a: Blaziken
|-resisted|p1a: Blaziken
|-damage|p1a: Blaziken|4/100
|
|-heal|p2a: Glaceon|74/100|[from] item: Leftovers
|upkeep
|turn|13
|
|t:|1759047640
|move|p1a: Blaziken|Reversal|p2a: Glaceon
|-damage|p2a: Glaceon|0 fnt
|faint|p2a: Glaceon
|
|upkeep
|
|t:|1759047644
|switch|p2a: Weavile|Weavile, M|100/100
|-ability|p2a: Weavile|Pressure
|turn|14
|
|t:|1759047650
|move|p2a: Weavile|Fake Out|p1a: Blaziken
|-damage|p1a: Blaziken|0 fnt
|faint|p1a: Blaziken
|-damage|p2a: Weavile|91/100|[from] item: Life Orb
|
|upkeep
|
|t:|1759047660
|switch|p1a: Scizor|Scizor, F|100/100
|turn|15
|
|t:|1759047668
|move|p2a: Weavile|Knock Off|p1a: Scizor
|-damage|p1a: Scizor|37/100
|-damage|p2a: Weavile|74/100|[from] item: Rocky Helmet|[of] p1a: Scizor
|-enditem|p1a: Scizor|Rocky Helmet|[from] move: Knock Off|[of] p2a: Weavile
|-damage|p2a: Weavile|64/100|[from] item: Life Orb
|move|p1a: Scizor|Swords Dance|p1a: Scizor
|-boost|p1a: Scizor|atk|2
|
|upkeep
|turn|16
|
|t:|1759047684
|switch|p2a: Slowking|Slowking-Galar, M|100/100
|move|p1a: Scizor|Bullet Punch|p2a: Slowking
|-damage|p2a: Slowking|34/100
|
|upkeep
|turn|17
|inactive|Battle timer is ON: inactive players will automatically lose when time's up. (requested by susumu808)
|
|t:|1759047695
|move|p1a: Scizor|Bullet Punch|p2a: Slowking
|-damage|p2a: Slowking|0 fnt
|faint|p2a: Slowking
|
|upkeep
|
|t:|1759047699
|switch|p2a: Weavile|Weavile, M|64/100
|-ability|p2a: Weavile|Pressure
|turn|18
|
|t:|1759047702
|move|p2a: Weavile|Fake Out|p1a: Scizor
|-resisted|p1a: Scizor
|-damage|p1a: Scizor|29/100
|-damage|p2a: Weavile|54/100|[from] item: Life Orb
|cant|p1a: Scizor|flinch
|
|upkeep
|turn|19
|-message|Inspector 47 forfeited.
|
|win|susumu808
|raw|susumu808's rating: 1199 &rarr; <strong>1220</strong><br />(+21 for winning)
|raw|Inspector 47's rating: 1148 &rarr; <strong>1127</strong><br />(-21 for losing)
|l|☆Inspector 47
|player|p2|
|l|☆susumu808
|player|p1|
