|j|☆Markolinho
|j|☆Wen_juckt's?
|t:|1759056730
|gametype|singles
|player|p1|Markolinho|266|1349
|player|p2|Wen_juckt's?|266|1305
|gen|9
|tier|[Gen 9] OU
|rated|
|rule|HP Percentage Mod: HP is shown in percentages
|rule|Endless Battle Clause: Forcing endless battles is banned
|rule|Species Clause: Limit one of each Pokémon
|rule|OHKO Clause: OHKO moves are banned
|rule|Evasion Items Clause: Evasion items are banned
|rule|Evasion Moves Clause: Evasion moves are banned
|rule|Evasion Abilities Clause: Evasion abilities are banned
|rule|Sleep Moves Clause: Sleep-inducing moves are banned
|clearpoke
|poke|p1|Scream Tail|
|poke|p1|Iron Treads|
|poke|p1|Landorus-Therian, M|
|poke|p1|Toxapex, M|
|poke|p1|Dragapult, M|
|poke|p1|Rotom-Heat|
|poke|p2|Corviknight, F|
|poke|p2|Pecharunt|
|poke|p2|Florges, F|
|poke|p2|Chandelure, F|
|poke|p2|Samurott-Hisui, M|
|poke|p2|Ditto|
|teampreview
|inactive|Battle timer is ON: inactive players will automatically lose when time's up. (requested by Wen_juckt's?)
|c|☆Markolinho|viel erfolg mein bruder
|inactive|Wen_juckt's? has 120 seconds left.
|
|t:|1759056771
|teamsize|p1|6
|teamsize|p2|6
|start
|switch|p1a: Landorus|Landorus-Therian, M|100/100
|switch|p2a: Pecharunt|Pecharunt|100/100
|-ability|p1a: Landorus|Intimidate|boost
|-unboost|p2a: Pecharunt|atk|1
|turn|1
|
|t:|1759056781
|switch|p2a: Corviknight|Corviknight, F|100/100
|move|p1a: Landorus|U-turn|p2a: Corviknight
|-resisted|p2a: Corviknight
|-damage|p2a: Corviknight|96/100
|
|t:|1759056788
|switch|p1a: Rotom|Rotom-Heat|100/100|[from] U-turn
|
|-heal|p2a: Corviknight|100/100|[from] item: Leftovers
|upkeep
|turn|2
|
|t:|1759056796
|switch|p2a: Florges|Florges, F|100/100
|move|p1a: Rotom|Volt Switch|p2a: Florges
|-damage|p2a: Florges|77/100
|
|t:|1759056805
|switch|p1a: Scream Tail|Scream Tail|100/100|[from] Volt Switch
|
|-heal|p2a: Florges|83/100|[from] item: Leftovers
|upkeep
|turn|3
|
|t:|1759056826
|switch|p2a: Pecharunt|Pecharunt|100/100
|move|p1a: Scream Tail|Calm Mind|p1a: Scream Tail
|-boost|p1a: Scream Tail|spa|1
|-boost|p1a: Scream Tail|spd|1
|
|upkeep
|turn|4
|
|t:|1759056837
|-terastallize|p2a: Pecharunt|Dark
|move|p1a: Scream Tail|Substitute|p1a: Scream Tail
|-start|p1a: Scream Tail|Substitute
|-damage|p1a: Scream Tail|76/100
|move|p2a: Pecharunt|Malignant Chain|p1a: Scream Tail
|-supereffective|p1a: Scream Tail
|-end|p1a: Scream Tail|Substitute
|
|-heal|p1a: Scream Tail|82/100|[from] item: Leftovers
|upkeep
|turn|5
|
|t:|1759056849
|-terastallize|p1a: Scream Tail|Psychic
|move|p1a: Scream Tail|Substitute|p1a: Scream Tail
|-start|p1a: Scream Tail|Substitute
|-damage|p1a: Scream Tail|57/100
|move|p2a: Pecharunt|Malignant Chain|p1a: Scream Tail
|-activate|p1a: Scream Tail|move: Substitute|[damage]
|
|-heal|p1a: Scream Tail|63/100|[from] item: Leftovers
|upkeep
|turn|6
|
|t:|1759056861
|move|p1a: Scream Tail|Calm Mind|p1a: Scream Tail
|-boost|p1a: Scream Tail|spa|1
|-boost|p1a: Scream Tail|spd|1
|move|p2a: Pecharunt|Foul Play|p1a: Scream Tail
|-supereffective|p1a: Scream Tail
|-end|p1a: Scream Tail|Substitute
|
|-heal|p1a: Scream Tail|69/100|[from] item: Leftovers
|upkeep
|turn|7
|
|t:|1759056873
|move|p1a: Scream Tail|Substitute|p1a: Scream Tail
|-start|p1a: Scream Tail|Substitute
|-damage|p1a: Scream Tail|45/100
|move|p2a: Pecharunt|Foul Play|p1a: Scream Tail
|-supereffective|p1a: Scream Tail
|-end|p1a: Scream Tail|Substitute
|
|-heal|p1a: Scream Tail|51/100|[from] item: Leftovers
|upkeep
|turn|8
|
|t:|1759056882
|move|p1a: Scream Tail|Dazzling Gleam|p2a: Pecharunt
|-supereffective|p2a: Pecharunt
|-damage|p2a: Pecharunt|12/100
|move|p2a: Pecharunt|Malignant Chain|p1a: Scream Tail
|-damage|p1a: Scream Tail|40/100
|-status|p1a: Scream Tail|tox
|-start|p1a: Scream Tail|confusion|[from] ability: Poison Puppeteer|[of] p2a: Pecharunt
|
|-heal|p1a: Scream Tail|46/100 tox|[from] item: Leftovers
|-damage|p1a: Scream Tail|40/100 tox|[from] psn
|upkeep
|turn|9
|
|t:|1759056902
|switch|p2a: Florges|Florges, F|83/100
|-activate|p1a: Scream Tail|confusion
|-damage|p1a: Scream Tail|36/100 tox|[from] confusion
|
|-heal|p1a: Scream Tail|43/100 tox|[from] item: Leftovers
|-heal|p2a: Florges|89/100|[from] item: Leftovers
|-damage|p1a: Scream Tail|30/100 tox|[from] psn
|upkeep
|turn|10
|-message|Markolinho forfeited.
|
|win|Wen_juckt's?
|raw|Markolinho's rating: 1349 &rarr; <strong>1326</strong><br />(-23 for losing)
|raw|Wen_juckt&apos;s?'s rating: 1305 &rarr; <strong>1328</strong><br />(+23 for winning)
|l|☆Markolinho
|player|p1|
|l|☆Wen_juckt's?
|player|p2|
