|j|☆papagoi19
|j|☆Shibuya Arc
|t:|1758931877
|gametype|singles
|player|p1|papagoi19|101|1353
|player|p2|Shibuya Arc|265|1407
|gen|9
|tier|[Gen 9] OU
|rated|
|rule|HP Percentage Mod: HP is shown in percentages
|rule|Endless Battle Clause: Forcing endless battles is banned
|rule|Species Clause: Limit one of each Pokémon
|rule|OHKO Clause: OHKO moves are banned
|rule|Evasion Items Clause: Evasion items are banned
|rule|Evasion Moves Clause: Evasion moves are banned
|rule|Evasion Abilities Clause: Evasion abilities are banned
|rule|Sleep Moves Clause: Sleep-inducing moves are banned
|clearpoke
|poke|p1|Dragapult, F|
|poke|p1|Slowbro, F|
|poke|p1|Empoleon, M|
|poke|p1|Gliscor, M|
|poke|p1|Darkrai|
|poke|p1|Weezing-Galar, F|
|poke|p2|Dragapult, M|
|poke|p2|Dragonite, F|
|poke|p2|Ting-Lu|
|poke|p2|Weezing-Galar, F|
|poke|p2|Iron Crown|
|poke|p2|Zapdos|
|teampreview
|inactive|Battle timer is ON: inactive players will automatically lose when time's up. (requested by Shibuya Arc)
|
|t:|1758931900
|teamsize|p1|6
|teamsize|p2|6
|start
|switch|p1a: Empoleon|Empoleon, M|100/100
|switch|p2a: Ting-Lu|Ting-Lu|100/100
|-ability|p2a: Ting-Lu|Vessel of Ruin
|turn|1
|
|t:|1758931909
|move|p1a: Empoleon|Hydro Pump|p2a: Ting-Lu
|-supereffective|p2a: Ting-Lu
|-damage|p2a: Ting-Lu|58/100
|move|p2a: Ting-Lu|Stealth Rock|p1a: Empoleon
|-sidestart|p1: papagoi19|move: Stealth Rock
|
|-heal|p2a: Ting-Lu|65/100|[from] item: Leftovers
|upkeep
|turn|2
|
|t:|1758931917
|switch|p1a: Gliscor|Gliscor, M|100/100
|-damage|p1a: Gliscor|88/100|[from] Stealth Rock
|move|p2a: Ting-Lu|Ruination|p1a: Gliscor
|-damage|p1a: Gliscor|44/100
|
|-heal|p2a: Ting-Lu|71/100|[from] item: Leftovers
|-status|p1a: Gliscor|tox|[from] item: Toxic Orb
|upkeep
|turn|3
|
|t:|1758931925
|move|p1a: Gliscor|Stealth Rock|p2a: Ting-Lu
|-sidestart|p2: Shibuya Arc|move: Stealth Rock
|move|p2a: Ting-Lu|Whirlwind|p1a: Gliscor
|drag|p1a: Dragapult|Dragapult, F|100/100
|-damage|p1a: Dragapult|88/100|[from] Stealth Rock
|
|-heal|p2a: Ting-Lu|77/100|[from] item: Leftovers
|upkeep
|turn|4
|
|t:|1758931933
|switch|p1a: Gliscor|Gliscor, M|44/100 tox
|-damage|p1a: Gliscor|32/100 tox|[from] Stealth Rock
|move|p2a: Ting-Lu|Whirlwind|p1a: Gliscor
|drag|p1a: Dragapult|Dragapult, F|88/100
|-damage|p1a: Dragapult|76/100|[from] Stealth Rock
|
|-heal|p2a: Ting-Lu|83/100|[from] item: Leftovers
|upkeep
|turn|5
|
|t:|1758931939
|switch|p1a: Gliscor|Gliscor, M|32/100 tox
|-damage|p1a: Gliscor|19/100 tox|[from] Stealth Rock
|move|p2a: Ting-Lu|Whirlwind|p1a: Gliscor
|drag|p1a: Weezing|Weezing-Galar, F|100/100
|-ability|p1a: Weezing|Neutralizing Gas
|-damage|p1a: Weezing|88/100|[from] Stealth Rock
|
|-heal|p1a: Weezing|94/100|[from] item: Leftovers
|-heal|p2a: Ting-Lu|90/100|[from] item: Leftovers
|upkeep
|turn|6
|
|t:|1758931948
|move|p1a: Weezing|Defog|p2a: Ting-Lu
|-unboost|p2a: Ting-Lu|evasion|1
|-sideend|p2: Shibuya Arc|Stealth Rock|[from] move: Defog|[of] p1a: Weezing
|-sideend|p1: papagoi19|Stealth Rock|[from] move: Defog|[of] p1a: Weezing
|move|p2a: Ting-Lu|Ruination|p1a: Weezing
|-damage|p1a: Weezing|48/100
|
|-heal|p1a: Weezing|53/100|[from] item: Leftovers
|-heal|p2a: Ting-Lu|96/100|[from] item: Leftovers
|upkeep
|turn|7
|
|t:|1758931957
|move|p1a: Weezing|Will-O-Wisp|p2a: Ting-Lu
|-status|p2a: Ting-Lu|brn
|move|p2a: Ting-Lu|Stealth Rock|p1a: Weezing
|-sidestart|p1: papagoi19|move: Stealth Rock
|
|-heal|p1a: Weezing|59/100|[from] item: Leftovers
|-heal|p2a: Ting-Lu|100/100 brn|[from] item: Leftovers
|-damage|p2a: Ting-Lu|94/100 brn|[from] brn
|upkeep
|turn|8
|
|t:|1758931963
|switch|p2a: Zapdos|Zapdos|100/100
|move|p1a: Weezing|Defog|p2a: Zapdos
|-unboost|p2a: Zapdos|evasion|1
|-sideend|p1: papagoi19|Stealth Rock|[from] move: Defog|[of] p1a: Weezing
|
|-heal|p1a: Weezing|65/100|[from] item: Leftovers
|upkeep
|turn|9
|
|t:|1758931968
|move|p2a: Zapdos|Hurricane|p1a: Weezing
|-damage|p1a: Weezing|13/100
|move|p1a: Weezing|Pain Split|p2a: Zapdos
|-sethp|p2a: Zapdos|57/100|[from] move: Pain Split|[silent]
|-sethp|p1a: Weezing|56/100|[from] move: Pain Split
|
|-heal|p1a: Weezing|62/100|[from] item: Leftovers
|upkeep
|turn|10
|
|t:|1758931980
|-end|p1a: Weezing|ability: Neutralizing Gas
|switch|p1a: Empoleon|Empoleon, M|100/100
|move|p2a: Zapdos|Hurricane|p1a: Empoleon|[miss]
|-miss|p2a: Zapdos|p1a: Empoleon
|
|upkeep
|turn|11
|
|t:|1758931988
|move|p1a: Empoleon|Hydro Pump|p2a: Zapdos
|-damage|p2a: Zapdos|0 fnt
|faint|p2a: Zapdos
|
|upkeep
|
|t:|1758931995
|switch|p2a: Dragonite|Dragonite, F|100/100
|turn|12
|
|t:|1758932008
|switch|p1a: Slowbro|Slowbro, F|100/100
|move|p2a: Dragonite|Dragon Dance|p2a: Dragonite
|-boost|p2a: Dragonite|atk|1
|-boost|p2a: Dragonite|spe|1
|
|upkeep
|turn|13
|
|t:|1758932016
|move|p2a: Dragonite|Dragon Dance|p2a: Dragonite
|-boost|p2a: Dragonite|atk|1
|-boost|p2a: Dragonite|spe|1
|move|p1a: Slowbro|Psychic Noise|p2a: Dragonite
|-damage|p2a: Dragonite|84/100
|-start|p2a: Dragonite|move: Heal Block
|
|upkeep
|turn|14
|
|t:|1758932026
|move|p2a: Dragonite|Earthquake|p1a: Slowbro
|-damage|p1a: Slowbro|35/100
|move|p1a: Slowbro|Psychic|p2a: Dragonite
|-damage|p2a: Dragonite|39/100
|
|-end|p2a: Dragonite|move: Heal Block
|upkeep
|turn|15
|
|t:|1758932034
|switch|p1a: Weezing|Weezing-Galar, F|62/100
|-ability|p1a: Weezing|Neutralizing Gas
|move|p2a: Dragonite|Roost|p2a: Dragonite
|-heal|p2a: Dragonite|89/100
|-singleturn|p2a: Dragonite|move: Roost
|
|-heal|p1a: Weezing|68/100|[from] item: Leftovers
|upkeep
|turn|16
|
|t:|1758932040
|-terastallize|p2a: Dragonite|Normal
|-terastallize|p1a: Weezing|Fairy
|move|p2a: Dragonite|Extreme Speed|p1a: Weezing
|-damage|p1a: Weezing|0 fnt
|faint|p1a: Weezing
|-end|p1a: Weezing|ability: Neutralizing Gas
|
|upkeep
|-message|papagoi19 forfeited.
|
|win|Shibuya Arc
|raw|papagoi19's rating: 1353 &rarr; <strong>1336</strong><br />(-17 for losing)
|raw|Shibuya Arc's rating: 1407 &rarr; <strong>1424</strong><br />(+17 for winning)
