|j|☆averagealt99
|j|☆atrainerfromakron
|t:|1759033162
|gametype|singles
|player|p1|averagealt99|acetrainerf-gen4dp|1350
|player|p2|atrainerfromakron|101|1386
|gen|9
|tier|[Gen 9] OU
|rated|
|rule|HP Percentage Mod: HP is shown in percentages
|rule|Endless Battle Clause: Forcing endless battles is banned
|rule|Species Clause: Limit one of each Pokémon
|rule|OHKO Clause: OHKO moves are banned
|rule|Evasion Items Clause: Evasion items are banned
|rule|Evasion Moves Clause: Evasion moves are banned
|rule|Evasion Abilities Clause: Evasion abilities are banned
|rule|Sleep Moves Clause: Sleep-inducing moves are banned
|clearpoke
|poke|p1|Moltres|
|poke|p1|Zamazenta-*|
|poke|p1|Darkrai|
|poke|p1|Hydrapple, M|
|poke|p1|Ting-Lu|
|poke|p1|Tinkaton, F|
|poke|p2|Ninetales-Alola, M|
|poke|p2|Oricorio, F|
|poke|p2|Hatterene, F|
|poke|p2|Kyurem|
|poke|p2|Zamazenta-*|
|poke|p2|Iron Treads|
|teampreview
|inactive|Battle timer is ON: inactive players will automatically lose when time's up. (requested by atrainerfromakron)
|inactive|atrainerfromakron has 120 seconds left.
|
|t:|1759033199
|teamsize|p1|6
|teamsize|p2|6
|start
|switch|p1a: Tinkaton|Tinkaton, F|100/100
|switch|p2a: Oricorio|Oricorio, F|100/100
|-ability|p1a: Tinkaton|Mold Breaker
|-item|p1a: Tinkaton|Air Balloon
|turn|1
|
|t:|1759033208
|switch|p1a: Ting-Lu|Ting-Lu|100/100
|-ability|p1a: Ting-Lu|Vessel of Ruin
|move|p2a: Oricorio|Taunt|p1a: Ting-Lu
|-start|p1a: Ting-Lu|move: Taunt
|
|upkeep
|turn|2
|
|t:|1759033220
|switch|p2a: Hatterene|Hatterene, F|100/100
|switch|p1a: Moltres|Moltres|100/100
|
|upkeep
|turn|3
|
|t:|1759033224
|move|p1a: Moltres|U-turn|p2a: Hatterene
|-damage|p2a: Hatterene|89/100
|
|t:|1759033232
|switch|p1a: Tinkaton|Tinkaton, F|100/100|[from] U-turn
|-ability|p1a: Tinkaton|Mold Breaker
|-item|p1a: Tinkaton|Air Balloon
|move|p2a: Hatterene|Calm Mind|p2a: Hatterene
|-boost|p2a: Hatterene|spa|1
|-boost|p2a: Hatterene|spd|1
|
|-heal|p2a: Hatterene|95/100|[from] item: Leftovers
|upkeep
|turn|4
|
|t:|1759033261
|switch|p2a: Oricorio|Oricorio, F|100/100
|move|p1a: Tinkaton|Gigaton Hammer|p2a: Oricorio
|-resisted|p2a: Oricorio
|-damage|p2a: Oricorio|70/100
|
|-heal|p2a: Oricorio|76/100|[from] item: Leftovers
|upkeep
|turn|5
|
|t:|1759033273
|switch|p1a: Moltres|Moltres|100/100
|move|p2a: Oricorio|Revelation Dance|p1a: Moltres
|-resisted|p1a: Moltres
|-damage|p1a: Moltres|80/100
|
|-heal|p2a: Oricorio|82/100|[from] item: Leftovers
|upkeep
|turn|6
|inactive|atrainerfromakron has 120 seconds left.
|
|t:|1759033291
|move|p2a: Oricorio|Quiver Dance|p2a: Oricorio
|-boost|p2a: Oricorio|spa|1
|-boost|p2a: Oricorio|spd|1
|-boost|p2a: Oricorio|spe|1
|move|p1a: Moltres|Roar|p2a: Oricorio
|drag|p2a: Hatterene|Hatterene, F|95/100
|
|-heal|p2a: Hatterene|100/100|[from] item: Leftovers
|upkeep
|turn|7
|inactive|atrainerfromakron has 120 seconds left.
|
|t:|1759033303
|move|p1a: Moltres|Flamethrower|p2a: Hatterene
|-damage|p2a: Hatterene|58/100
|move|p2a: Hatterene|Mystical Fire|p1a: Moltres
|-resisted|p1a: Moltres
|-damage|p1a: Moltres|68/100
|-unboost|p1a: Moltres|spa|1
|
|-heal|p2a: Hatterene|64/100|[from] item: Leftovers
|upkeep
|turn|8
|
|t:|1759033308
|move|p1a: Moltres|Roost|p1a: Moltres
|-heal|p1a: Moltres|100/100
|-singleturn|p1a: Moltres|move: Roost
|move|p2a: Hatterene|Draining Kiss|p1a: Moltres
|-resisted|p1a: Moltres
|-damage|p1a: Moltres|89/100
|-heal|p2a: Hatterene|75/100|[from] drain|[of] p1a: Moltres
|
|-heal|p2a: Hatterene|81/100|[from] item: Leftovers
|upkeep
|turn|9
|
|t:|1759033312
|move|p2a: Hatterene|Calm Mind|p2a: Hatterene
|-boost|p2a: Hatterene|spa|1
|-boost|p2a: Hatterene|spd|1
|move|p1a: Moltres|Roar|p2a: Hatterene
|move|p2a: Hatterene|Roar|p1a: Moltres|[from] ability: Magic Bounce
|drag|p1a: Darkrai|Darkrai, shiny|100/100
|
|-heal|p2a: Hatterene|87/100|[from] item: Leftovers
|upkeep
|turn|10
|
|t:|1759033318
|move|p1a: Darkrai|Sludge Bomb|p2a: Hatterene
|-supereffective|p2a: Hatterene
|-damage|p2a: Hatterene|38/100
|move|p2a: Hatterene|Draining Kiss|p1a: Darkrai
|-supereffective|p1a: Darkrai
|-damage|p1a: Darkrai|7/100
|-heal|p2a: Hatterene|100/100|[from] drain|[of] p1a: Darkrai
|
|upkeep
|turn|11
|
|t:|1759033325
|move|p1a: Darkrai|Sludge Bomb|p2a: Hatterene
|-supereffective|p2a: Hatterene
|-damage|p2a: Hatterene|52/100
|-status|p2a: Hatterene|psn
|move|p2a: Hatterene|Draining Kiss|p1a: Darkrai
|-supereffective|p1a: Darkrai
|-damage|p1a: Darkrai|0 fnt
|-heal|p2a: Hatterene|56/100 psn|[from] drain|[of] p1a: Darkrai
|faint|p1a: Darkrai
|
|-heal|p2a: Hatterene|62/100 psn|[from] item: Leftovers
|-damage|p2a: Hatterene|50/100 psn|[from] psn
|upkeep
|
|t:|1759033330
|switch|p1a: Tinkaton|Tinkaton, F|100/100
|-ability|p1a: Tinkaton|Mold Breaker
|-item|p1a: Tinkaton|Air Balloon
|turn|12
|
|t:|1759033334
|move|p1a: Tinkaton|Stealth Rock|p2a: Hatterene
|-sidestart|p2: atrainerfromakron|move: Stealth Rock
|move|p2a: Hatterene|Mystical Fire|p1a: Tinkaton
|-supereffective|p1a: Tinkaton
|-damage|p1a: Tinkaton|38/100
|-unboost|p1a: Tinkaton|spa|1
|-enditem|p1a: Tinkaton|Air Balloon
|
|-heal|p2a: Hatterene|56/100 psn|[from] item: Leftovers
|-damage|p2a: Hatterene|44/100 psn|[from] psn
|upkeep
|turn|13
|
|t:|1759033339
|move|p1a: Tinkaton|Gigaton Hammer|p2a: Hatterene
|-supereffective|p2a: Hatterene
|-damage|p2a: Hatterene|0 fnt
|faint|p2a: Hatterene
|
|upkeep
|inactive|atrainerfromakron has 120 seconds left.
|
|t:|1759033373
|switch|p2a: Iron Treads|Iron Treads|100/100
|-damage|p2a: Iron Treads|97/100|[from] Stealth Rock
|-enditem|p2a: Iron Treads|Booster Energy
|-activate|p2a: Iron Treads|ability: Quark Drive|[fromitem]
|-start|p2a: Iron Treads|quarkdrivespe
|turn|14
|
|t:|1759033382
|switch|p1a: Moltres|Moltres|89/100
|move|p2a: Iron Treads|Rapid Spin|p1a: Moltres
|-damage|p1a: Moltres|80/100
|-boost|p2a: Iron Treads|spe|1
|-sideend|p2: atrainerfromakron|Stealth Rock|[from] move: Rapid Spin|[of] p2a: Iron Treads
|
|upkeep
|turn|15
|
|t:|1759033391
|move|p2a: Iron Treads|Stealth Rock|p1a: Moltres
|-sidestart|p1: averagealt99|move: Stealth Rock
|move|p1a: Moltres|U-turn|p2a: Iron Treads
|-resisted|p2a: Iron Treads
|-damage|p2a: Iron Treads|91/100
|
|t:|1759033397
|switch|p1a: Hydrapple|Hydrapple, M|100/100|[from] U-turn
|
|upkeep
|turn|16
|
|t:|1759033400
|move|p2a: Iron Treads|Steel Beam|p1a: Hydrapple
|-damage|p1a: Hydrapple|54/100
|-damage|p2a: Iron Treads|40/100|[from] steelbeam
|move|p1a: Hydrapple|Nasty Plot|p1a: Hydrapple
|-boost|p1a: Hydrapple|spa|2
|
|upkeep
|turn|17
|
|t:|1759033405
|switch|p1a: Moltres|Moltres|80/100
|move|p2a: Iron Treads|Steel Beam|p1a: Moltres
|-resisted|p1a: Moltres
|-damage|p1a: Moltres|56/100
|-damage|p2a: Iron Treads|0 fnt|[from] steelbeam
|faint|p2a: Iron Treads
|-end|p2a: Iron Treads|Quark Drive|[silent]
|
|upkeep
|
|t:|1759033430
|switch|p2a: Kyurem|Kyurem|100/100
|-ability|p2a: Kyurem|Pressure
|turn|18
|
|t:|1759033434
|move|p2a: Kyurem|Dragon Dance|p2a: Kyurem
|-boost|p2a: Kyurem|atk|1
|-boost|p2a: Kyurem|spe|1
|move|p1a: Moltres|Roar|p2a: Kyurem
|drag|p2a: Oricorio|Oricorio, F|82/100
|
|-heal|p2a: Oricorio|88/100|[from] item: Leftovers
|upkeep
|turn|19
|
|t:|1759033455
|move|p2a: Oricorio|Quiver Dance|p2a: Oricorio
|-boost|p2a: Oricorio|spa|1
|-boost|p2a: Oricorio|spd|1
|-boost|p2a: Oricorio|spe|1
|move|p1a: Moltres|U-turn|p2a: Oricorio
|-resisted|p2a: Oricorio
|-damage|p2a: Oricorio|83/100
|
|t:|1759033464
|switch|p1a: Ting-Lu|Ting-Lu|100/100|[from] U-turn
|-damage|p1a: Ting-Lu|94/100|[from] Stealth Rock
|-ability|p1a: Ting-Lu|Vessel of Ruin
|
|-heal|p2a: Oricorio|89/100|[from] item: Leftovers
|-heal|p1a: Ting-Lu|100/100|[from] item: Leftovers
|upkeep
|turn|20
|
|t:|1759033472
|move|p2a: Oricorio|Taunt|p1a: Ting-Lu
|-start|p1a: Ting-Lu|move: Taunt
|move|p1a: Ting-Lu|Ruination|p2a: Oricorio|[miss]
|-miss|p1a: Ting-Lu|p2a: Oricorio
|
|-heal|p2a: Oricorio|95/100|[from] item: Leftovers
|upkeep
|turn|21
|
|t:|1759033478
|move|p2a: Oricorio|Quiver Dance|p2a: Oricorio
|-boost|p2a: Oricorio|spa|1
|-boost|p2a: Oricorio|spd|1
|-boost|p2a: Oricorio|spe|1
|move|p1a: Ting-Lu|Ruination|p2a: Oricorio
|-damage|p2a: Oricorio|48/100
|
|-heal|p2a: Oricorio|54/100|[from] item: Leftovers
|upkeep
|turn|22
|
|t:|1759033484
|move|p2a: Oricorio|Alluring Voice|p1a: Ting-Lu
|-supereffective|p1a: Ting-Lu
|-damage|p1a: Ting-Lu|56/100
|move|p1a: Ting-Lu|Ruination|p2a: Oricorio
|-damage|p2a: Oricorio|27/100
|
|-heal|p2a: Oricorio|33/100|[from] item: Leftovers
|-heal|p1a: Ting-Lu|62/100|[from] item: Leftovers
|-end|p1a: Ting-Lu|move: Taunt
|upkeep
|turn|23
|
|t:|1759033499
|move|p2a: Oricorio|Taunt|p1a: Ting-Lu
|-start|p1a: Ting-Lu|move: Taunt
|move|p1a: Ting-Lu|Ruination|p2a: Oricorio
|-damage|p2a: Oricorio|17/100
|
|-heal|p2a: Oricorio|23/100|[from] item: Leftovers
|-heal|p1a: Ting-Lu|69/100|[from] item: Leftovers
|upkeep
|turn|24
|
|t:|1759033505
|move|p2a: Oricorio|Quiver Dance|p2a: Oricorio
|-boost|p2a: Oricorio|spa|1
|-boost|p2a: Oricorio|spd|1
|-boost|p2a: Oricorio|spe|1
|move|p1a: Ting-Lu|Ruination|p2a: Oricorio
|-damage|p2a: Oricorio|12/100
|
|-heal|p2a: Oricorio|18/100|[from] item: Leftovers
|-heal|p1a: Ting-Lu|75/100|[from] item: Leftovers
|upkeep
|turn|25
|
|t:|1759033515
|move|p2a: Oricorio|Quiver Dance|p2a: Oricorio
|-boost|p2a: Oricorio|spa|1
|-boost|p2a: Oricorio|spd|1
|-boost|p2a: Oricorio|spe|1
|move|p1a: Ting-Lu|Ruination|p2a: Oricorio
|-damage|p2a: Oricorio|9/100
|
|-heal|p2a: Oricorio|15/100|[from] item: Leftovers
|-heal|p1a: Ting-Lu|81/100|[from] item: Leftovers
|-end|p1a: Ting-Lu|move: Taunt
|upkeep
|turn|26
|
|t:|1759033521
|move|p2a: Oricorio|Taunt|p1a: Ting-Lu
|-start|p1a: Ting-Lu|move: Taunt
|move|p1a: Ting-Lu|Ruination|p2a: Oricorio
|-damage|p2a: Oricorio|8/100
|
|-heal|p2a: Oricorio|14/100|[from] item: Leftovers
|-heal|p1a: Ting-Lu|87/100|[from] item: Leftovers
|upkeep
|turn|27
|
|t:|1759033533
|move|p2a: Oricorio|Quiver Dance|p2a: Oricorio
|-boost|p2a: Oricorio|spa|1
|-boost|p2a: Oricorio|spd|1
|-boost|p2a: Oricorio|spe|1
|move|p1a: Ting-Lu|Ruination|p2a: Oricorio
|-damage|p2a: Oricorio|8/100
|
|-heal|p2a: Oricorio|14/100|[from] item: Leftovers
|-heal|p1a: Ting-Lu|93/100|[from] item: Leftovers
|upkeep
|turn|28
|
|t:|1759033540
|move|p2a: Oricorio|Quiver Dance|p2a: Oricorio
|-boost|p2a: Oricorio|spa|1
|-boost|p2a: Oricorio|spd|1
|-boost|p2a: Oricorio|spe|1
|move|p1a: Ting-Lu|Ruination|p2a: Oricorio|[miss]
|-miss|p1a: Ting-Lu|p2a: Oricorio
|
|-heal|p2a: Oricorio|20/100|[from] item: Leftovers
|-heal|p1a: Ting-Lu|99/100|[from] item: Leftovers
|-end|p1a: Ting-Lu|move: Taunt
|upkeep
|turn|29
|
|t:|1759033545
|move|p2a: Oricorio|Taunt|p1a: Ting-Lu
|-start|p1a: Ting-Lu|move: Taunt
|move|p1a: Ting-Lu|Ruination|p2a: Oricorio
|-damage|p2a: Oricorio|10/100
|
|-heal|p2a: Oricorio|16/100|[from] item: Leftovers
|-heal|p1a: Ting-Lu|100/100|[from] item: Leftovers
|upkeep
|turn|30
|
|t:|1759033550
|move|p2a: Oricorio|Alluring Voice|p1a: Ting-Lu
|-supereffective|p1a: Ting-Lu
|-damage|p1a: Ting-Lu|20/100
|move|p1a: Ting-Lu|Ruination|p2a: Oricorio
|-damage|p2a: Oricorio|8/100
|
|-heal|p2a: Oricorio|15/100|[from] item: Leftovers
|-heal|p1a: Ting-Lu|26/100|[from] item: Leftovers
|upkeep
|turn|31
|-message|averagealt99 forfeited.
|
|win|atrainerfromakron
|raw|averagealt99's rating: 1350 &rarr; <strong>1332</strong><br />(-18 for losing)
|raw|atrainerfromakron's rating: 1386 &rarr; <strong>1404</strong><br />(+18 for winning)
|l|☆averagealt99
|player|p1|
|l|☆atrainerfromakron
|player|p2|
