|j|☆Smitchos
|j|☆ZJESKIN
|t:|1758978930
|gametype|singles
|player|p1|Smitchos|ingo|1269
|player|p2|ZJESKIN|1|1312
|gen|9
|tier|[Gen 9] OU
|rated|
|rule|HP Percentage Mod: HP is shown in percentages
|rule|Endless Battle Clause: Forcing endless battles is banned
|rule|Species Clause: Limit one of each Pokémon
|rule|OHKO Clause: OHKO moves are banned
|rule|Evasion Items Clause: Evasion items are banned
|rule|Evasion Moves Clause: Evasion moves are banned
|rule|Evasion Abilities Clause: Evasion abilities are banned
|rule|Sleep Moves Clause: Sleep-inducing moves are banned
|clearpoke
|poke|p1|Ludicolo, M|
|poke|p1|Pelipper, M|
|poke|p1|Barraskewda, M|
|poke|p1|Iron Crown|
|poke|p1|Great Tusk|
|poke|p1|Moltres|
|poke|p2|Deoxys-Speed|
|poke|p2|Gholdengo|
|poke|p2|Great Tusk|
|poke|p2|Raging Bolt|
|poke|p2|Primarina, M|
|poke|p2|Hydrapple, F|
|teampreview
|
|t:|1758978941
|teamsize|p1|6
|teamsize|p2|6
|start
|switch|p1a: Sergio Perez|Iron Crown|100/100
|switch|p2a: Deoxys|Deoxys-Speed|100/100
|-ability|p2a: Deoxys|Pressure
|turn|1
|inactive|Battle timer is ON: inactive players will automatically lose when time's up. (requested by Smitchos)
|
|t:|1758978951
|move|p2a: Deoxys|Taunt|p1a: Sergio Perez
|-start|p1a: Sergio Perez|move: Taunt
|move|p1a: Sergio Perez|Tachyon Cutter|p2a: Deoxys
|-crit|p2a: Deoxys
|-damage|p2a: Deoxys|51/100
|-damage|p2a: Deoxys|19/100
|-hitcount|p2a: Deoxys|2
|
|upkeep
|turn|2
|
|t:|1758978959
|move|p2a: Deoxys|Stealth Rock|p1a: Sergio Perez
|-sidestart|p1: Smitchos|move: Stealth Rock
|move|p1a: Sergio Perez|Tachyon Cutter|p2a: Deoxys
|-damage|p2a: Deoxys|0 fnt
|faint|p2a: Deoxys
|-hitcount|p2: Deoxys|1
|
|upkeep
|
|t:|1758978963
|switch|p2a: Raging Bolt|Raging Bolt|100/100
|turn|3
|
|t:|1758978971
|-end|p1a: Sergio Perez|Quark Drive|[silent]
|switch|p1a: Del Toro|Great Tusk|100/100
|-damage|p1a: Del Toro|98/100|[from] Stealth Rock
|-enditem|p1a: Del Toro|Booster Energy
|-activate|p1a: Del Toro|ability: Protosynthesis|[fromitem]
|-start|p1a: Del Toro|protosynthesisatk
|move|p2a: Raging Bolt|Dragon Pulse|p1a: Del Toro
|-damage|p1a: Del Toro|13/100
|
|upkeep
|turn|4
|
|t:|1758978982
|-end|p2a: Raging Bolt|Protosynthesis|[silent]
|switch|p2a: Gholdengo|Gholdengo|100/100
|-item|p2a: Gholdengo|Air Balloon
|move|p1a: Del Toro|Stealth Rock|p2a: Gholdengo
|-sidestart|p2: ZJESKIN|move: Stealth Rock
|
|upkeep
|turn|5
|
|t:|1758978990
|move|p1a: Del Toro|Headlong Rush|p2a: Gholdengo
|-immune|p2a: Gholdengo
|move|p2a: Gholdengo|Shadow Ball|p1a: Del Toro
|-damage|p1a: Del Toro|0 fnt
|faint|p1a: Del Toro
|-end|p1a: Del Toro|Protosynthesis|[silent]
|
|upkeep
|
|t:|1758979008
|switch|p1a: Sergio Perez|Iron Crown|100/100
|-damage|p1a: Sergio Perez|94/100|[from] Stealth Rock
|turn|6
|
|t:|1758979015
|move|p1a: Sergio Perez|Volt Switch|p2a: Gholdengo
|-damage|p2a: Gholdengo|73/100
|-enditem|p2a: Gholdengo|Air Balloon
|
|t:|1758979024
|-end|p1a: Sergio Perez|Quark Drive|[silent]
|switch|p1a: Frida Khalo|Pelipper, M|100/100|[from] Volt Switch
|-damage|p1a: Frida Khalo|76/100|[from] Stealth Rock
|-weather|RainDance|[from] ability: Drizzle|[of] p1a: Frida Khalo
|move|p2a: Gholdengo|Shadow Ball|p1a: Frida Khalo
|-damage|p1a: Frida Khalo|14/100
|
|-weather|RainDance|[upkeep]
|upkeep
|turn|7
|
|t:|1758979037
|switch|p2a: Primarina|Primarina, M, shiny|100/100
|-damage|p2a: Primarina|88/100|[from] Stealth Rock
|move|p1a: Frida Khalo|Surf|p2a: Primarina
|-resisted|p2a: Primarina
|-damage|p2a: Primarina|70/100
|
|-weather|RainDance|[upkeep]
|upkeep
|turn|8
|
|t:|1758979049
|switch|p1a: El Chapo|Ludicolo, M|100/100
|-damage|p1a: El Chapo|88/100|[from] Stealth Rock
|move|p2a: Primarina|Flip Turn|p1a: El Chapo
|-resisted|p1a: El Chapo
|-damage|p1a: El Chapo|79/100
|
|t:|1758979053
|switch|p2a: Hydrapple|Hydrapple, F|100/100|[from] Flip Turn
|
|-weather|RainDance|[upkeep]
|upkeep
|turn|9
|
|t:|1758979059
|move|p1a: El Chapo|Ice Beam|p2a: Hydrapple
|-supereffective|p2a: Hydrapple
|-damage|p2a: Hydrapple|0 fnt
|faint|p2a: Hydrapple
|-damage|p1a: El Chapo|69/100|[from] item: Life Orb
|
|-weather|RainDance|[upkeep]
|upkeep
|
|t:|1758979063
|switch|p2a: Raging Bolt|Raging Bolt|100/100
|-damage|p2a: Raging Bolt|88/100|[from] Stealth Rock
|turn|10
|
|t:|1758979072
|move|p1a: El Chapo|Ice Beam|p2a: Raging Bolt
|-supereffective|p2a: Raging Bolt
|-damage|p2a: Raging Bolt|34/100
|-damage|p1a: El Chapo|59/100|[from] item: Life Orb
|move|p2a: Raging Bolt|Discharge|p1a: El Chapo
|-damage|p1a: El Chapo|3/100
|-status|p1a: El Chapo|par
|
|-weather|RainDance|[upkeep]
|-heal|p2a: Raging Bolt|41/100|[from] item: Leftovers
|upkeep
|turn|11
|
|t:|1758979082
|move|p2a: Raging Bolt|Thunderclap|p1a: El Chapo
|-damage|p1a: El Chapo|0 fnt
|faint|p1a: El Chapo
|
|-weather|RainDance|[upkeep]
|-heal|p2a: Raging Bolt|47/100|[from] item: Leftovers
|upkeep
|
|t:|1758979089
|switch|p1a: Sergio Perez|Iron Crown|94/100
|-damage|p1a: Sergio Perez|88/100|[from] Stealth Rock
|turn|12
|
|t:|1758979105
|-end|p2a: Raging Bolt|Protosynthesis|[silent]
|switch|p2a: Gholdengo|Gholdengo|73/100
|-damage|p2a: Gholdengo|67/100|[from] Stealth Rock
|-terastallize|p1a: Sergio Perez|Fighting
|move|p1a: Sergio Perez|Focus Blast|p2a: Gholdengo
|-immune|p2a: Gholdengo
|
|-weather|RainDance|[upkeep]
|upkeep
|turn|13
|
|t:|1758979115
|move|p1a: Sergio Perez|Tachyon Cutter|p2a: Gholdengo
|-resisted|p2a: Gholdengo
|-damage|p2a: Gholdengo|54/100
|-resisted|p2a: Gholdengo
|-damage|p2a: Gholdengo|40/100
|-hitcount|p2a: Gholdengo|2
|move|p2a: Gholdengo|Make It Rain|p1a: Sergio Perez
|-damage|p1a: Sergio Perez|43/100
|-unboost|p2a: Gholdengo|spa|1
|
|-weather|none
|upkeep
|turn|14
|
|t:|1758979126
|move|p1a: Sergio Perez|Tachyon Cutter|p2a: Gholdengo
|-resisted|p2a: Gholdengo
|-damage|p2a: Gholdengo|26/100
|-resisted|p2a: Gholdengo
|-damage|p2a: Gholdengo|11/100
|-hitcount|p2a: Gholdengo|2
|move|p2a: Gholdengo|Nasty Plot|p2a: Gholdengo
|-boost|p2a: Gholdengo|spa|2
|
|upkeep
|turn|15
|
|t:|1758979134
|move|p1a: Sergio Perez|Tachyon Cutter|p2a: Gholdengo
|-resisted|p2a: Gholdengo
|-damage|p2a: Gholdengo|0 fnt
|faint|p2a: Gholdengo
|-hitcount|p2: Gholdengo|1
|
|upkeep
|
|t:|1758979139
|switch|p2a: Great Tusk|Great Tusk, shiny|100/100
|turn|16
|
|t:|1758979145
|-terastallize|p2a: Great Tusk|Ghost
|move|p1a: Sergio Perez|Future Sight|p2a: Great Tusk
|-start|p1a: Sergio Perez|move: Future Sight
|move|p2a: Great Tusk|Rapid Spin|p1a: Sergio Perez
|-damage|p1a: Sergio Perez|22/100
|-boost|p2a: Great Tusk|spe|1
|-sideend|p2: ZJESKIN|Stealth Rock|[from] move: Rapid Spin|[of] p2a: Great Tusk
|
|upkeep
|turn|17
|
|t:|1758979155
|-end|p1a: Sergio Perez|Quark Drive|[silent]
|switch|p1a: MkLeo|Moltres|100/100
|move|p2a: Great Tusk|Close Combat|p1a: MkLeo
|-resisted|p1a: MkLeo
|-damage|p1a: MkLeo|76/100
|-unboost|p2a: Great Tusk|def|1
|-unboost|p2a: Great Tusk|spd|1
|
|upkeep
|turn|18
|
|t:|1758979170
|move|p2a: Great Tusk|Bulk Up|p2a: Great Tusk
|-boost|p2a: Great Tusk|atk|1
|-boost|p2a: Great Tusk|def|1
|move|p1a: MkLeo|Hurricane|p2a: Great Tusk
|-damage|p2a: Great Tusk|11/100
|-start|p2a: Great Tusk|confusion
|
|-end|p2a: Great Tusk|move: Future Sight
|-damage|p2a: Great Tusk|0 fnt
|faint|p2a: Great Tusk
|-end|p2a: Great Tusk|Protosynthesis|[silent]
|upkeep
|
|t:|1758979173
|switch|p2a: Primarina|Primarina, M, shiny|70/100
|turn|19
|
|t:|1758979197
|move|p1a: MkLeo|Hurricane|p2a: Primarina
|-damage|p2a: Primarina|30/100
|move|p2a: Primarina|Hyper Voice|p1a: MkLeo
|-supereffective|p1a: MkLeo
|-damage|p1a: MkLeo|0 fnt
|faint|p1a: MkLeo
|
|upkeep
|
|t:|1758979208
|switch|p1a: Sergio Perez|Iron Crown, tera:Fighting|22/100
|-damage|p1a: Sergio Perez|16/100|[from] Stealth Rock
|turn|20
|
|t:|1758979212
|move|p1a: Sergio Perez|Tachyon Cutter|p2a: Primarina
|-damage|p2a: Primarina|10/100
|-damage|p2a: Primarina|0 fnt
|faint|p2a: Primarina
|-hitcount|p2: Primarina|2
|
|upkeep
|
|t:|1758979214
|switch|p2a: Raging Bolt|Raging Bolt|47/100
|turn|21
|
|t:|1758979221
|move|p2a: Raging Bolt|Thunderclap|p1a: Sergio Perez
|-damage|p1a: Sergio Perez|0 fnt
|faint|p1a: Sergio Perez
|-end|p1a: Sergio Perez|Quark Drive|[silent]
|
|-heal|p2a: Raging Bolt|53/100|[from] item: Leftovers
|upkeep
|
|t:|1758979227
|switch|p1a: Frida Khalo|Pelipper, M|14/100
|-damage|p1a: Frida Khalo|0 fnt|[from] Stealth Rock
|faint|p1a: Frida Khalo
|
|t:|1758979231
|switch|p1a: Speedy Gonzales|Barraskewda, M|100/100
|-damage|p1a: Speedy Gonzales|88/100|[from] Stealth Rock
|turn|22
|
|t:|1758979243
|move|p2a: Raging Bolt|Thunderclap|p1a: Speedy Gonzales
|-supereffective|p1a: Speedy Gonzales
|-damage|p1a: Speedy Gonzales|0 fnt
|faint|p1a: Speedy Gonzales
|
|win|ZJESKIN
|raw|Smitchos's rating: 1269 &rarr; <strong>1247</strong><br />(-22 for losing)
|raw|ZJESKIN's rating: 1312 &rarr; <strong>1330</strong><br />(+18 for winning)
|l|☆ZJESKIN
|player|p2|
|l|☆Smitchos
|player|p1|
