|j|☆lucawk
|j|☆supmydudeee
|t:|1759043403
|gametype|singles
|player|p1|lucawk|scientist-gen4dp|1474
|player|p2|supmydudeee|102|1478
|gen|9
|tier|[Gen 9] OU
|rated|
|rule|HP Percentage Mod: HP is shown in percentages
|rule|Endless Battle Clause: Forcing endless battles is banned
|rule|Species Clause: Limit one of each Pokémon
|rule|OHKO Clause: OHKO moves are banned
|rule|Evasion Items Clause: Evasion items are banned
|rule|Evasion Moves Clause: Evasion moves are banned
|rule|Evasion Abilities Clause: Evasion abilities are banned
|rule|Sleep Moves Clause: Sleep-inducing moves are banned
|clearpoke
|poke|p1|Iron Valiant|
|poke|p1|Great Tusk|
|poke|p1|Scizor, F|
|poke|p1|Greninja-*, M|
|poke|p1|Kyurem|
|poke|p1|Polteageist|
|poke|p2|Slowking-Galar, M|
|poke|p2|Kyurem|
|poke|p2|Greninja-*, M|
|poke|p2|Cinderace, M|
|poke|p2|Mandibuzz, F|
|poke|p2|Gholdengo|
|teampreview
|inactive|Battle timer is ON: inactive players will automatically lose when time's up. (requested by supmydudeee)
|
|t:|1759043432
|teamsize|p1|6
|teamsize|p2|6
|start
|switch|p1a: Greninja|Greninja, M|100/100
|switch|p2a: Cinderace|Cinderace, M|100/100
|turn|1
|
|t:|1759043442
|switch|p2a: Slowking|Slowking-Galar, M|100/100
|move|p1a: Greninja|Swords Dance|p1a: Greninja
|-boost|p1a: Greninja|atk|2
|
|upkeep
|turn|2
|
|t:|1759043450
|switch|p2a: Mandibuzz|Mandibuzz, F|100/100
|move|p1a: Greninja|Waterfall|p2a: Mandibuzz
|-damage|p2a: Mandibuzz|59/100
|
|upkeep
|turn|3
|
|t:|1759043456
|move|p1a: Greninja|Waterfall|p2a: Mandibuzz
|-damage|p2a: Mandibuzz|17/100
|move|p2a: Mandibuzz|U-turn|p1a: Greninja
|-supereffective|p1a: Greninja
|-damage|p1a: Greninja|65/100
|
|t:|1759043462
|switch|p2a: Greninja|Greninja, M|100/100|[from] U-turn
|
|upkeep
|turn|4
|
|t:|1759043468
|move|p2a: Greninja|Sludge Wave|p1a: Greninja
|-start|p2a: Greninja|typechange|Poison|[from] ability: Protean
|-damage|p1a: Greninja|0 fnt
|faint|p1a: Greninja
|
|upkeep
|c|☆supmydudeee|does it work?
|
|t:|1759043493
|switch|p1a: Polteageist|Polteageist|100/100
|turn|5
|
|t:|1759043508
|switch|p2a: Mandibuzz|Mandibuzz, F|17/100
|move|p1a: Polteageist|Shell Smash|p1a: Polteageist
|-unboost|p1a: Polteageist|def|1
|-unboost|p1a: Polteageist|spd|1
|-boost|p1a: Polteageist|atk|2
|-boost|p1a: Polteageist|spa|2
|-boost|p1a: Polteageist|spe|2
|
|upkeep
|turn|6
|
|t:|1759043516
|move|p1a: Polteageist|Shadow Ball|p2a: Mandibuzz
|-resisted|p2a: Mandibuzz
|-damage|p2a: Mandibuzz|0 fnt
|faint|p2a: Mandibuzz
|
|upkeep
|
|t:|1759043522
|switch|p2a: Greninja|Greninja, M|100/100
|turn|7
|
|t:|1759043528
|move|p2a: Greninja|Switcheroo|p1a: Polteageist
|-start|p2a: Greninja|typechange|Dark|[from] ability: Protean
|-activate|p2a: Greninja|move: Trick|[of] p1a: Polteageist
|-item|p1a: Polteageist|Choice Scarf|[from] move: Switcheroo
|-item|p2a: Greninja|Focus Sash|[from] move: Switcheroo
|move|p1a: Polteageist|Giga Drain|p2a: Greninja
|-damage|p2a: Greninja|13/100
|
|upkeep
|turn|8
|
|t:|1759043536
|switch|p2a: Slowking|Slowking-Galar, M|100/100
|move|p1a: Polteageist|Giga Drain|p2a: Slowking
|-resisted|p2a: Slowking
|-damage|p2a: Slowking|85/100
|
|upkeep
|turn|9
|
|t:|1759043543
|move|p1a: Polteageist|Giga Drain|p2a: Slowking
|-resisted|p2a: Slowking
|-damage|p2a: Slowking|69/100
|-prepare|p2a: Slowking|Chilly Reception|[premajor]
|move|p2a: Slowking|Chilly Reception|p2a: Slowking
|-weather|Snowscape
|
|t:|1759043549
|switch|p2a: Gholdengo|Gholdengo|100/100|[from] Chilly Reception
|
|-weather|Snowscape|[upkeep]
|upkeep
|turn|10
|
|t:|1759043561
|move|p1a: Polteageist|Giga Drain|p2a: Gholdengo
|-resisted|p2a: Gholdengo
|-damage|p2a: Gholdengo|74/100
|move|p2a: Gholdengo|Shadow Ball|p1a: Polteageist
|-supereffective|p1a: Polteageist
|-damage|p1a: Polteageist|0 fnt
|faint|p1a: Polteageist
|
|-weather|Snowscape|[upkeep]
|upkeep
|
|t:|1759043582
|switch|p1a: Great Tusk|Great Tusk|100/100
|-enditem|p1a: Great Tusk|Booster Energy
|-activate|p1a: Great Tusk|ability: Protosynthesis|[fromitem]
|-start|p1a: Great Tusk|protosynthesisspe
|turn|11
|
|t:|1759043587
|-terastallize|p2a: Gholdengo|Water
|move|p1a: Great Tusk|Knock Off|p2a: Gholdengo
|-damage|p2a: Gholdengo|45/100
|-enditem|p2a: Gholdengo|Covert Cloak|[from] move: Knock Off|[of] p1a: Great Tusk
|move|p2a: Gholdengo|Make It Rain|p1a: Great Tusk
|-damage|p1a: Great Tusk|7/100
|-unboost|p2a: Gholdengo|spa|1
|
|-weather|Snowscape|[upkeep]
|upkeep
|turn|12
|
|t:|1759043598
|move|p1a: Great Tusk|Headlong Rush|p2a: Gholdengo
|-damage|p2a: Gholdengo|0 fnt
|-unboost|p1a: Great Tusk|def|1
|-unboost|p1a: Great Tusk|spd|1
|faint|p2a: Gholdengo
|
|-weather|Snowscape|[upkeep]
|upkeep
|
|t:|1759043604
|switch|p2a: Cinderace|Cinderace, M|100/100
|turn|13
|
|t:|1759043608
|move|p1a: Great Tusk|Headlong Rush|p2a: Cinderace
|-supereffective|p2a: Cinderace
|-damage|p2a: Cinderace|0 fnt
|-unboost|p1a: Great Tusk|def|1
|-unboost|p1a: Great Tusk|spd|1
|faint|p2a: Cinderace
|
|-weather|none
|upkeep
|-message|supmydudeee forfeited.
|
|win|lucawk
|raw|lucawk's rating: 1474 &rarr; <strong>1494</strong><br />(+20 for winning)
|raw|supmydudeee's rating: 1478 &rarr; <strong>1458</strong><br />(-20 for losing)
|l|☆supmydudeee
|player|p2|
|l|☆lucawk
|player|p1|
