|j|☆HotWalnuts
|j|☆yoke tv
|t:|1759032649
|gametype|singles
|player|p1|HotWalnuts|266|1578
|player|p2|yoke tv|266|1521
|gen|9
|tier|[Gen 9] OU
|rated|
|rule|HP Percentage Mod: HP is shown in percentages
|rule|Endless Battle Clause: Forcing endless battles is banned
|rule|Species Clause: Limit one of each Pokémon
|rule|OHKO Clause: OHKO moves are banned
|rule|Evasion Items Clause: Evasion items are banned
|rule|Evasion Moves Clause: Evasion moves are banned
|rule|Evasion Abilities Clause: Evasion abilities are banned
|rule|Sleep Moves Clause: Sleep-inducing moves are banned
|clearpoke
|poke|p1|Moltres|
|poke|p1|Zamazenta-*|
|poke|p1|Darkrai|
|poke|p1|Hydrapple, M|
|poke|p1|Ting-Lu|
|poke|p1|Tinkaton, F|
|poke|p2|Walking Wake|
|poke|p2|Ninetales, F|
|poke|p2|Raging Bolt|
|poke|p2|Great Tusk|
|poke|p2|Hatterene, F|
|poke|p2|Venusaur, F|
|teampreview
|inactive|Battle timer is ON: inactive players will automatically lose when time's up. (requested by yoke tv)
|inactive|HotWalnuts has 120 seconds left.
|
|t:|1759032732
|teamsize|p1|6
|teamsize|p2|6
|start
|switch|p1a: Ting-Lu|Ting-Lu|100/100
|switch|p2a: Ninetales|Ninetales, F|100/100
|-weather|SunnyDay|[from] ability: Drought|[of] p2a: Ninetales
|-ability|p1a: Ting-Lu|Vessel of Ruin
|turn|1
|
|t:|1759032737
|switch|p2a: Hatterene|Hatterene, F|100/100
|move|p1a: Ting-Lu|Earthquake|p2a: Hatterene
|-damage|p2a: Hatterene|71/100
|
|-weather|SunnyDay|[upkeep]
|-heal|p2a: Hatterene|77/100|[from] item: Leftovers
|upkeep
|turn|2
|
|t:|1759032745
|switch|p1a: Moltres|Moltres|100/100
|move|p2a: Hatterene|Mystical Fire|p1a: Moltres
|-resisted|p1a: Moltres
|-damage|p1a: Moltres|82/100
|-unboost|p1a: Moltres|spa|1
|
|-weather|SunnyDay|[upkeep]
|-heal|p2a: Hatterene|83/100|[from] item: Leftovers
|upkeep
|turn|3
|
|t:|1759032750
|move|p1a: Moltres|Flamethrower|p2a: Hatterene
|-damage|p2a: Hatterene|44/100
|move|p2a: Hatterene|Calm Mind|p2a: Hatterene
|-boost|p2a: Hatterene|spa|1
|-boost|p2a: Hatterene|spd|1
|
|-weather|SunnyDay|[upkeep]
|-heal|p2a: Hatterene|50/100|[from] item: Leftovers
|upkeep
|turn|4
|
|t:|1759032757
|switch|p2a: Walking Wake|Walking Wake|100/100
|-activate|p2a: Walking Wake|ability: Protosynthesis
|-start|p2a: Walking Wake|protosynthesisspe
|move|p1a: Moltres|U-turn|p2a: Walking Wake
|-damage|p2a: Walking Wake|85/100
|
|t:|1759032782
|switch|p1a: Ting-Lu|Ting-Lu|100/100|[from] U-turn
|-ability|p1a: Ting-Lu|Vessel of Ruin
|
|-weather|SunnyDay|[upkeep]
|upkeep
|turn|5
|
|t:|1759032788
|-terastallize|p2a: Walking Wake|Water
|-terastallize|p1a: Ting-Lu|Water
|move|p2a: Walking Wake|Hydro Steam|p1a: Ting-Lu
|-resisted|p1a: Ting-Lu
|-damage|p1a: Ting-Lu|77/100
|move|p1a: Ting-Lu|Ruination|p2a: Walking Wake
|-damage|p2a: Walking Wake|43/100
|
|-weather|SunnyDay|[upkeep]
|-heal|p1a: Ting-Lu|84/100|[from] item: Leftovers
|upkeep
|turn|6
|
|t:|1759032798
|-end|p2a: Walking Wake|Protosynthesis|[silent]
|switch|p2a: Raging Bolt|Raging Bolt|100/100
|-activate|p2a: Raging Bolt|ability: Protosynthesis
|-start|p2a: Raging Bolt|protosynthesisspa
|move|p1a: Ting-Lu|Spikes|p2a: Raging Bolt
|-sidestart|p2: yoke tv|Spikes
|
|-weather|SunnyDay|[upkeep]
|-heal|p1a: Ting-Lu|90/100|[from] item: Leftovers
|upkeep
|turn|7
|inactive|HotWalnuts has 120 seconds left.
|
|t:|1759032838
|switch|p1a: Hydrapple|Hydrapple, M|100/100
|move|p2a: Raging Bolt|Thunderbolt|p1a: Hydrapple
|-resisted|p1a: Hydrapple
|-damage|p1a: Hydrapple|84/100
|
|-weather|SunnyDay|[upkeep]
|upkeep
|turn|8
|
|t:|1759032841
|switch|p1a: Tinkaton|Tinkaton, F|100/100
|-ability|p1a: Tinkaton|Mold Breaker
|-item|p1a: Tinkaton|Air Balloon
|move|p2a: Raging Bolt|Draco Meteor|p1a: Tinkaton
|-immune|p1a: Tinkaton
|
|-weather|none
|-end|p2a: Raging Bolt|Protosynthesis
|upkeep
|turn|9
|
|t:|1759032845
|-end|p2a: Raging Bolt|Protosynthesis|[silent]
|switch|p2a: Ninetales|Ninetales, F|100/100
|-damage|p2a: Ninetales|88/100|[from] Spikes
|-weather|SunnyDay|[from] ability: Drought|[of] p2a: Ninetales
|move|p1a: Tinkaton|Encore||[still]
|-fail|p1a: Tinkaton
|
|-weather|SunnyDay|[upkeep]
|upkeep
|turn|10
|
|t:|1759032852
|switch|p1a: Ting-Lu|Ting-Lu, tera:Water|90/100
|-ability|p1a: Ting-Lu|Vessel of Ruin
|move|p2a: Ninetales|Flamethrower|p1a: Ting-Lu
|-resisted|p1a: Ting-Lu
|-crit|p1a: Ting-Lu
|-damage|p1a: Ting-Lu|77/100
|
|-weather|SunnyDay|[upkeep]
|-heal|p1a: Ting-Lu|84/100|[from] item: Leftovers
|upkeep
|turn|11
|
|t:|1759032857
|move|p2a: Ninetales|Will-O-Wisp|p1a: Ting-Lu|[miss]
|-miss|p2a: Ninetales|p1a: Ting-Lu
|move|p1a: Ting-Lu|Earthquake|p2a: Ninetales
|-supereffective|p2a: Ninetales
|-damage|p2a: Ninetales|0 fnt
|faint|p2a: Ninetales
|
|-weather|SunnyDay|[upkeep]
|-heal|p1a: Ting-Lu|90/100|[from] item: Leftovers
|upkeep
|
|t:|1759032861
|switch|p2a: Venusaur|Venusaur, F|100/100
|-damage|p2a: Venusaur|88/100|[from] Spikes
|turn|12
|
|t:|1759032867
|switch|p1a: Moltres|Moltres|82/100
|move|p2a: Venusaur|Growth|p2a: Venusaur
|-boost|p2a: Venusaur|atk|2
|-boost|p2a: Venusaur|spa|2
|
|-weather|SunnyDay|[upkeep]
|upkeep
|turn|13
|
|t:|1759032885
|switch|p1a: Tinkaton|Tinkaton, F|100/100
|-ability|p1a: Tinkaton|Mold Breaker
|-item|p1a: Tinkaton|Air Balloon
|move|p2a: Venusaur|Sludge Bomb|p1a: Tinkaton
|-immune|p1a: Tinkaton
|
|-weather|SunnyDay|[upkeep]
|upkeep
|turn|14
|
|t:|1759032894
|switch|p1a: Ting-Lu|Ting-Lu, tera:Water|90/100
|-ability|p1a: Ting-Lu|Vessel of Ruin
|move|p2a: Venusaur|Giga Drain|p1a: Ting-Lu
|-supereffective|p1a: Ting-Lu
|-damage|p1a: Ting-Lu|16/100
|-heal|p2a: Venusaur|100/100|[from] drain|[of] p1a: Ting-Lu
|-damage|p2a: Venusaur|91/100|[from] item: Life Orb
|
|-weather|SunnyDay|[upkeep]
|-heal|p1a: Ting-Lu|22/100|[from] item: Leftovers
|upkeep
|turn|15
|
|t:|1759032908
|switch|p1a: Tinkaton|Tinkaton, F|100/100
|-ability|p1a: Tinkaton|Mold Breaker
|-item|p1a: Tinkaton|Air Balloon
|move|p2a: Venusaur|Giga Drain|p1a: Tinkaton
|-resisted|p1a: Tinkaton
|-damage|p1a: Tinkaton|63/100
|-heal|p2a: Venusaur|100/100|[from] drain|[of] p1a: Tinkaton
|-enditem|p1a: Tinkaton|Air Balloon
|-damage|p2a: Venusaur|91/100|[from] item: Life Orb
|
|-weather|SunnyDay|[upkeep]
|upkeep
|turn|16
|
|t:|1759032912
|switch|p1a: Ting-Lu|Ting-Lu, tera:Water|22/100
|-ability|p1a: Ting-Lu|Vessel of Ruin
|move|p2a: Venusaur|Earth Power|p1a: Ting-Lu
|-damage|p1a: Ting-Lu|0 fnt
|faint|p1a: Ting-Lu
|-damage|p2a: Venusaur|81/100|[from] item: Life Orb
|
|-weather|none
|upkeep
|
|t:|1759032926
|switch|p1a: Darkrai|Darkrai, shiny|100/100
|turn|17
|
|t:|1759032930
|move|p1a: Darkrai|Ice Beam|p2a: Venusaur
|-supereffective|p2a: Venusaur
|-damage|p2a: Venusaur|5/100
|-status|p2a: Venusaur|frz
|cant|p2a: Venusaur|frz
|
|upkeep
|turn|18
|
|t:|1759032940
|move|p1a: Darkrai|Ice Beam|p2a: Venusaur
|-supereffective|p2a: Venusaur
|-damage|p2a: Venusaur|0 fnt
|faint|p2a: Venusaur
|
|upkeep
|
|t:|1759032944
|switch|p2a: Raging Bolt|Raging Bolt|100/100
|-damage|p2a: Raging Bolt|88/100|[from] Spikes
|turn|19
|
|t:|1759032957
|move|p1a: Darkrai|Ice Beam|p2a: Raging Bolt
|-supereffective|p2a: Raging Bolt
|-damage|p2a: Raging Bolt|53/100
|move|p2a: Raging Bolt|Thunderbolt|p1a: Darkrai
|-damage|p1a: Darkrai|32/100
|
|upkeep
|turn|20
|
|t:|1759032969
|move|p2a: Raging Bolt|Thunderclap|p1a: Darkrai
|-damage|p1a: Darkrai|0 fnt
|faint|p1a: Darkrai
|
|upkeep
|
|t:|1759032975
|switch|p1a: Tinkaton|Tinkaton, F|63/100
|-ability|p1a: Tinkaton|Mold Breaker
|turn|21
|
|t:|1759032982
|move|p1a: Tinkaton|Encore|p2a: Raging Bolt
|-start|p2a: Raging Bolt|Encore
|move|p2a: Raging Bolt|Thunderclap||[still]
|-fail|p2a: Raging Bolt
|
|upkeep
|turn|22
|
|t:|1759032986
|-end|p2a: Raging Bolt|Protosynthesis|[silent]
|switch|p2a: Great Tusk|Great Tusk|100/100
|-damage|p2a: Great Tusk|88/100|[from] Spikes
|move|p1a: Tinkaton|Stealth Rock|p2a: Great Tusk
|-sidestart|p2: yoke tv|move: Stealth Rock
|
|upkeep
|turn|23
|
|t:|1759032992
|switch|p1a: Moltres|Moltres|82/100
|move|p2a: Great Tusk|Rapid Spin|p1a: Moltres
|-damage|p1a: Moltres|71/100
|-boost|p2a: Great Tusk|spe|1
|-sideend|p2: yoke tv|Spikes|[from] move: Rapid Spin|[of] p2a: Great Tusk
|-sideend|p2: yoke tv|Stealth Rock|[from] move: Rapid Spin|[of] p2a: Great Tusk
|
|upkeep
|turn|24
|
|t:|1759033008
|-end|p2a: Great Tusk|Protosynthesis|[silent]
|switch|p2a: Walking Wake|Walking Wake, tera:Water|43/100
|move|p1a: Moltres|U-turn|p2a: Walking Wake
|-damage|p2a: Walking Wake|25/100
|
|t:|1759033015
|switch|p1a: Zamazenta|Zamazenta|100/100|[from] U-turn
|-ability|p1a: Zamazenta|Dauntless Shield|boost
|-boost|p1a: Zamazenta|def|1
|
|upkeep
|turn|25
|
|t:|1759033023
|move|p1a: Zamazenta|Crunch|p2a: Walking Wake
|-damage|p2a: Walking Wake|0 fnt
|faint|p2a: Walking Wake
|-end|p2a: Walking Wake|Protosynthesis|[silent]
|
|upkeep
|
|t:|1759033027
|switch|p2a: Hatterene|Hatterene, F|50/100
|turn|26
|
|t:|1759033031
|switch|p1a: Tinkaton|Tinkaton, F|63/100
|-ability|p1a: Tinkaton|Mold Breaker
|move|p2a: Hatterene|Draining Kiss|p1a: Tinkaton
|-resisted|p1a: Tinkaton
|-damage|p1a: Tinkaton|53/100
|-heal|p2a: Hatterene|59/100|[from] drain|[of] p1a: Tinkaton
|
|-heal|p2a: Hatterene|65/100|[from] item: Leftovers
|upkeep
|turn|27
|
|t:|1759033046
|switch|p2a: Raging Bolt|Raging Bolt|53/100
|move|p1a: Tinkaton|Gigaton Hammer|p2a: Raging Bolt
|-resisted|p2a: Raging Bolt
|-damage|p2a: Raging Bolt|34/100
|
|upkeep
|turn|28
|
|t:|1759033055
|switch|p1a: Hydrapple|Hydrapple, M|100/100
|move|p2a: Raging Bolt|Thunderbolt|p1a: Hydrapple
|-resisted|p1a: Hydrapple
|-damage|p1a: Hydrapple|87/100
|
|upkeep
|turn|29
|
|t:|1759033077
|move|p2a: Raging Bolt|Thunderbolt|p1a: Hydrapple
|-resisted|p1a: Hydrapple
|-damage|p1a: Hydrapple|73/100
|move|p1a: Hydrapple|Fickle Beam|p2a: Raging Bolt
|-supereffective|p2a: Raging Bolt
|-damage|p2a: Raging Bolt|0 fnt
|faint|p2a: Raging Bolt
|-end|p2a: Raging Bolt|Protosynthesis|[silent]
|
|upkeep
|
|t:|1759033079
|switch|p2a: Hatterene|Hatterene, F|65/100
|turn|30
|
|t:|1759033086
|move|p1a: Hydrapple|Nasty Plot|p1a: Hydrapple
|-boost|p1a: Hydrapple|spa|2
|move|p2a: Hatterene|Draining Kiss|p1a: Hydrapple
|-supereffective|p1a: Hydrapple
|-damage|p1a: Hydrapple|26/100
|-heal|p2a: Hatterene|100/100|[from] drain|[of] p1a: Hydrapple
|
|upkeep
|turn|31
|
|t:|1759033088
|move|p1a: Hydrapple|Giga Drain|p2a: Hatterene
|-damage|p2a: Hatterene|40/100
|-heal|p1a: Hydrapple|49/100|[from] drain|[of] p2a: Hatterene
|move|p2a: Hatterene|Draining Kiss|p1a: Hydrapple
|-supereffective|p1a: Hydrapple
|-damage|p1a: Hydrapple|1/100
|-heal|p2a: Hatterene|87/100|[from] drain|[of] p1a: Hydrapple
|
|-heal|p2a: Hatterene|93/100|[from] item: Leftovers
|upkeep
|turn|32
|
|t:|1759033092
|move|p1a: Hydrapple|Giga Drain|p2a: Hatterene
|-damage|p2a: Hatterene|22/100
|-heal|p1a: Hydrapple|28/100|[from] drain|[of] p2a: Hatterene
|move|p2a: Hatterene|Draining Kiss|p1a: Hydrapple
|-supereffective|p1a: Hydrapple
|-damage|p1a: Hydrapple|0 fnt
|-heal|p2a: Hatterene|49/100|[from] drain|[of] p1a: Hydrapple
|faint|p1a: Hydrapple
|
|-heal|p2a: Hatterene|55/100|[from] item: Leftovers
|upkeep
|
|t:|1759033100
|switch|p1a: Tinkaton|Tinkaton, F|53/100
|-ability|p1a: Tinkaton|Mold Breaker
|turn|33
|
|t:|1759033107
|switch|p2a: Great Tusk|Great Tusk|88/100
|move|p1a: Tinkaton|Gigaton Hammer|p2a: Great Tusk
|-damage|p2a: Great Tusk|54/100
|
|upkeep
|turn|34
|
|t:|1759033110
|switch|p1a: Moltres|Moltres|71/100
|move|p2a: Great Tusk|Rapid Spin|p1a: Moltres
|-damage|p1a: Moltres|59/100
|-boost|p2a: Great Tusk|spe|1
|
|upkeep
|turn|35
|
|t:|1759033115
|move|p2a: Great Tusk|Ice Spinner|p1a: Moltres
|-damage|p1a: Moltres|40/100
|-status|p2a: Great Tusk|brn|[from] ability: Flame Body|[of] p1a: Moltres
|move|p1a: Moltres|Flamethrower|p2a: Great Tusk
|-damage|p2a: Great Tusk|0 fnt
|faint|p2a: Great Tusk
|-end|p2a: Great Tusk|Protosynthesis|[silent]
|
|upkeep
|-message|yoke tv forfeited.
|
|win|HotWalnuts
|raw|HotWalnuts's rating: 1578 &rarr; <strong>1595</strong><br />(+17 for winning)
|raw|yoke tv's rating: 1521 &rarr; <strong>1504</strong><br />(-17 for losing)
|l|☆yoke tv
|player|p2|
|l|☆HotWalnuts
|player|p1|
