|j|☆DDart
|j|☆sihengthegreat
|t:|1759042270
|gametype|singles
|player|p1|DDart|miku-ice|1467
|player|p2|sihengthegreat|hooligans|1494
|gen|9
|tier|[Gen 9] OU
|rated|
|rule|HP Percentage Mod: HP is shown in percentages
|rule|Endless Battle Clause: Forcing endless battles is banned
|rule|Species Clause: Limit one of each Pokémon
|rule|OHKO Clause: OHKO moves are banned
|rule|Evasion Items Clause: Evasion items are banned
|rule|Evasion Moves Clause: Evasion moves are banned
|rule|Evasion Abilities Clause: Evasion abilities are banned
|rule|Sleep Moves Clause: Sleep-inducing moves are banned
|clearpoke
|poke|p1|Kommo-o, F|
|poke|p1|Gholdengo|
|poke|p1|Ninetales-Alola, M|
|poke|p1|Hatterene, F|
|poke|p1|Zamazenta-*|
|poke|p1|Kingambit, M|
|poke|p2|Kingambit, F|
|poke|p2|Deoxys-Speed|
|poke|p2|Great Tusk|
|poke|p2|Dragonite, M|
|poke|p2|Iron Moth|
|poke|p2|Primarina, F|
|teampreview
|
|t:|1759042291
|teamsize|p1|6
|teamsize|p2|6
|start
|switch|p1a: Hatterene|Hatterene, F|100/100
|switch|p2a: Anomаly|Iron Moth|100/100
|-enditem|p2a: Anomаly|Booster Energy
|-activate|p2a: Anomаly|ability: Quark Drive|[fromitem]
|-start|p2a: Anomаly|quarkdrivespe
|turn|1
|
|t:|1759042302
|-terastallize|p1a: Hatterene|Water
|move|p2a: Anomаly|Fiery Dance|p1a: Hatterene
|-resisted|p1a: Hatterene
|-damage|p1a: Hatterene|81/100
|move|p1a: Hatterene|Nuzzle|p2a: Anomаly
|-damage|p2a: Anomаly|95/100
|-status|p2a: Anomаly|par
|
|upkeep
|turn|2
|
|t:|1759042312
|move|p2a: Anomаly|Sludge Wave|p1a: Hatterene
|-damage|p1a: Hatterene|32/100
|move|p1a: Hatterene|Calm Mind|p1a: Hatterene
|-boost|p1a: Hatterene|spa|1
|-boost|p1a: Hatterene|spd|1
|
|upkeep
|turn|3
|
|t:|1759042319
|move|p2a: Anomаly|Sludge Wave|p1a: Hatterene
|-damage|p1a: Hatterene|0 fnt
|faint|p1a: Hatterene
|
|upkeep
|
|t:|1759042322
|switch|p1a: Ninetales|Ninetales-Alola, M|100/100
|-weather|Snowscape|[from] ability: Snow Warning|[of] p1a: Ninetales
|turn|4
|
|t:|1759042326
|move|p1a: Ninetales|Aurora Veil|p1a: Ninetales
|-sidestart|p1: DDart|move: Aurora Veil
|move|p2a: Anomаly|Toxic Spikes|p1a: Ninetales
|-sidestart|p1: DDart|move: Toxic Spikes
|
|-weather|Snowscape|[upkeep]
|upkeep
|turn|5
|
|t:|1759042337
|switch|p1a: Kommo-o|Kommo-o, F|100/100
|-status|p1a: Kommo-o|psn
|-end|p2a: Anomаly|Quark Drive|[silent]
|switch|p2a: Meruem|Kingambit, F|100/100
|
|-weather|Snowscape|[upkeep]
|-damage|p1a: Kommo-o|88/100 psn|[from] psn
|upkeep
|turn|6
|
|t:|1759042345
|-end|p2a: Meruem|fallenundefined|[silent]
|switch|p2a: Siren|Primarina, F|100/100
|move|p1a: Kommo-o|Clangorous Soul|p1a: Kommo-o
|-boost|p1a: Kommo-o|atk|1
|-boost|p1a: Kommo-o|def|1
|-boost|p1a: Kommo-o|spa|1
|-boost|p1a: Kommo-o|spd|1
|-boost|p1a: Kommo-o|spe|1
|-damage|p1a: Kommo-o|55/100 psn
|-enditem|p1a: Kommo-o|Throat Spray
|-boost|p1a: Kommo-o|spa|1|[from] item: Throat Spray
|
|-weather|Snowscape|[upkeep]
|-damage|p1a: Kommo-o|43/100 psn|[from] psn
|upkeep
|turn|7
|
|t:|1759042351
|move|p1a: Kommo-o|Boomburst|p2a: Siren
|-damage|p2a: Siren|50/100
|move|p2a: Siren|Moonblast|p1a: Kommo-o
|-supereffective|p1a: Kommo-o
|-damage|p1a: Kommo-o|0 fnt
|faint|p1a: Kommo-o
|
|-weather|Snowscape|[upkeep]
|upkeep
|
|t:|1759042355
|switch|p1a: Gholdengo|Gholdengo|100/100
|turn|8
|
|t:|1759042373
|switch|p2a: Meruem|Kingambit, F|100/100
|move|p1a: Gholdengo|Nasty Plot|p1a: Gholdengo
|-boost|p1a: Gholdengo|spa|2
|
|-weather|none
|upkeep
|turn|9
|
|t:|1759042378
|move|p1a: Gholdengo|Focus Blast|p2a: Meruem
|-supereffective|p2a: Meruem
|-damage|p2a: Meruem|0 fnt
|faint|p2a: Meruem
|-end|p2a: Meruem|fallenundefined|[silent]
|
|upkeep
|
|t:|1759042403
|switch|p2a: Siren|Primarina, F|50/100
|turn|10
|
|t:|1759042406
|move|p1a: Gholdengo|Psyshock|p2a: Siren
|-damage|p2a: Siren|0 fnt
|faint|p2a: Siren
|
|upkeep
|
|t:|1759042413
|switch|p2a: Anomаly|Iron Moth|95/100 par
|turn|11
|
|t:|1759042417
|move|p1a: Gholdengo|Psyshock|p2a: Anomаly
|-supereffective|p2a: Anomаly
|-damage|p2a: Anomаly|0 fnt
|faint|p2a: Anomаly
|-end|p2a: Anomаly|Quark Drive|[silent]
|
|-sideend|p1: DDart|move: Aurora Veil
|upkeep
|
|t:|1759042420
|switch|p2a: Anomaly|Great Tusk|100/100
|-enditem|p2a: Anomaly|Booster Energy
|-activate|p2a: Anomaly|ability: Protosynthesis|[fromitem]
|-start|p2a: Anomaly|protosynthesisatk
|turn|12
|
|t:|1759042430
|switch|p1a: Ninetales|Ninetales-Alola, M|100/100
|-status|p1a: Ninetales|psn
|-weather|Snowscape|[from] ability: Snow Warning|[of] p1a: Ninetales
|move|p2a: Anomaly|Headlong Rush|p1a: Ninetales
|-damage|p1a: Ninetales|32/100 psn
|-unboost|p2a: Anomaly|def|1
|-unboost|p2a: Anomaly|spd|1
|
|-weather|Snowscape|[upkeep]
|-damage|p1a: Ninetales|20/100 psn|[from] psn
|upkeep
|turn|13
|
|t:|1759042438
|-end|p2a: Anomaly|Protosynthesis|[silent]
|switch|p2a: Moebius|Deoxys-Speed|100/100
|-ability|p2a: Moebius|Pressure
|move|p1a: Ninetales|Aurora Veil|p1a: Ninetales
|-sidestart|p1: DDart|move: Aurora Veil
|
|-weather|Snowscape|[upkeep]
|-damage|p1a: Ninetales|7/100 psn|[from] psn
|upkeep
|turn|14
|
|t:|1759042448
|switch|p2a: Anomaly|Great Tusk|100/100
|move|p1a: Ninetales|Encore||[still]
|-fail|p1a: Ninetales
|
|-weather|Snowscape|[upkeep]
|-damage|p1a: Ninetales|0 fnt|[from] psn
|faint|p1a: Ninetales
|upkeep
|
|t:|1759042459
|switch|p1a: Gholdengo|Gholdengo|100/100
|turn|15
|
|t:|1759042473
|move|p2a: Anomaly|Headlong Rush|p1a: Gholdengo
|-supereffective|p1a: Gholdengo
|-damage|p1a: Gholdengo|27/100
|-unboost|p2a: Anomaly|def|1
|-unboost|p2a: Anomaly|spd|1
|move|p1a: Gholdengo|Shadow Ball|p2a: Anomaly
|-damage|p2a: Anomaly|0 fnt
|faint|p2a: Anomaly
|-end|p2a: Anomaly|Protosynthesis|[silent]
|
|-weather|Snowscape|[upkeep]
|upkeep
|
|t:|1759042492
|switch|p2a: Yoshi|Dragonite, M, shiny|100/100
|turn|16
|
|t:|1759042501
|move|p1a: Gholdengo|Shadow Ball|p2a: Yoshi
|-damage|p2a: Yoshi|76/100
|move|p2a: Yoshi|Fire Punch|p1a: Gholdengo
|-supereffective|p1a: Gholdengo
|-damage|p1a: Gholdengo|0 fnt
|faint|p1a: Gholdengo
|
|-weather|none
|upkeep
|
|t:|1759042505
|switch|p1a: Zamazenta|Zamazenta|100/100
|-status|p1a: Zamazenta|psn
|-ability|p1a: Zamazenta|Dauntless Shield|boost
|-boost|p1a: Zamazenta|def|1
|turn|17
|
|t:|1759042509
|switch|p2a: Moebius|Deoxys-Speed|100/100
|-ability|p2a: Moebius|Pressure
|move|p1a: Zamazenta|Stone Edge|p2a: Moebius
|-damage|p2a: Moebius|31/100
|-damage|p1a: Zamazenta|91/100 psn|[from] item: Life Orb
|
|-damage|p1a: Zamazenta|78/100 psn|[from] psn
|upkeep
|turn|18
|
|t:|1759042515
|move|p2a: Moebius|Psycho Boost|p1a: Zamazenta
|-supereffective|p1a: Zamazenta
|-damage|p1a: Zamazenta|2/100 psn
|-unboost|p2a: Moebius|spa|2
|-damage|p2a: Moebius|21/100|[from] item: Life Orb
|move|p1a: Zamazenta|Crunch|p2a: Moebius
|-supereffective|p2a: Moebius
|-damage|p2a: Moebius|0 fnt
|faint|p2a: Moebius
|-damage|p1a: Zamazenta|0 fnt|[from] item: Life Orb
|faint|p1a: Zamazenta
|
|upkeep
|
|t:|1759042519
|switch|p2a: Yoshi|Dragonite, M, shiny|76/100
|switch|p1a: Kingambit|Kingambit, M|100/100
|-activate|p1a: Kingambit|ability: Supreme Overlord
|-start|p1a: Kingambit|fallen5|[silent]
|-item|p1a: Kingambit|Air Balloon
|turn|19
|
|t:|1759042529
|move|p2a: Yoshi|Fire Punch|p1a: Kingambit
|-supereffective|p1a: Kingambit
|-damage|p1a: Kingambit|66/100
|-status|p1a: Kingambit|brn
|-enditem|p1a: Kingambit|Air Balloon
|move|p1a: Kingambit|Swords Dance|p1a: Kingambit
|-boost|p1a: Kingambit|atk|2
|
|-damage|p1a: Kingambit|60/100 brn|[from] brn
|upkeep
|turn|20
|c|☆DDart|dude.
|
|t:|1759042540
|move|p2a: Yoshi|Fire Punch|p1a: Kingambit
|-supereffective|p1a: Kingambit
|-damage|p1a: Kingambit|24/100 brn
|move|p1a: Kingambit|Iron Head|p2a: Yoshi
|-damage|p2a: Yoshi|0 fnt
|faint|p2a: Yoshi
|
|win|DDart
|raw|DDart's rating: 1467 &rarr; <strong>1489</strong><br />(+22 for winning)
|raw|sihengthegreat's rating: 1494 &rarr; <strong>1472</strong><br />(-22 for losing)
|c|☆DDart|thank god
|l|☆DDart
|player|p1|
