|j|☆gigapoophater
|j|☆onizukaaa67
|t:|1758983126
|gametype|singles
|player|p1|gigapoophater|swimmer|1143
|player|p2|onizukaaa67|burglar|1204
|gen|9
|tier|[Gen 9] OU
|rated|
|rule|HP Percentage Mod: HP is shown in percentages
|rule|Endless Battle Clause: Forcing endless battles is banned
|rule|Species Clause: Limit one of each Pokémon
|rule|OHKO Clause: OHKO moves are banned
|rule|Evasion Items Clause: Evasion items are banned
|rule|Evasion Moves Clause: Evasion moves are banned
|rule|Evasion Abilities Clause: Evasion abilities are banned
|rule|Sleep Moves Clause: Sleep-inducing moves are banned
|clearpoke
|poke|p1|Iron Boulder|
|poke|p1|Skeledirge, F|
|poke|p1|Orthworm, F|
|poke|p1|Breloom, F|
|poke|p1|Milotic, F|
|poke|p1|Zebstrika, M|
|poke|p2|Garchomp, F|
|poke|p2|Corviknight, M|
|poke|p2|Primarina, F|
|poke|p2|Ursaluna, M|
|poke|p2|Ting-Lu|
|poke|p2|Dragapult, M|
|teampreview
|inactive|Battle timer is ON: inactive players will automatically lose when time's up. (requested by gigapoophater)
|
|t:|1758983142
|teamsize|p1|6
|teamsize|p2|6
|start
|switch|p1a: Breloom|Breloom, F|100/100
|switch|p2a: Primarina|Primarina, F|100/100
|turn|1
|
|t:|1758983159
|move|p1a: Breloom|Bullet Seed|p2a: Primarina
|-supereffective|p2a: Primarina
|-damage|p2a: Primarina|39/100
|-supereffective|p2a: Primarina
|-damage|p2a: Primarina|0 fnt
|faint|p2a: Primarina
|-hitcount|p2: Primarina|2
|
|upkeep
|
|t:|1758983168
|switch|p2a: Garchomp|Garchomp, F|100/100
|turn|2
|
|t:|1758983173
|move|p2a: Garchomp|Scale Shot|p1a: Breloom
|-damage|p1a: Breloom|79/100
|-damage|p1a: Breloom|60/100
|-damage|p1a: Breloom|40/100
|-damage|p1a: Breloom|20/100
|-enditem|p1a: Breloom|Salac Berry|[eat]
|-boost|p1a: Breloom|spe|1|[from] item: Salac Berry
|-damage|p1a: Breloom|0 fnt
|faint|p1a: Breloom
|-hitcount|p1: Breloom|5
|-unboost|p2a: Garchomp|def|1
|-boost|p2a: Garchomp|spe|1
|
|upkeep
|
|t:|1758983181
|switch|p1a: Orthworm|Orthworm, F|100/100
|turn|3
|
|t:|1758983199
|move|p2a: Garchomp|Swords Dance|p2a: Garchomp
|-boost|p2a: Garchomp|atk|2
|move|p1a: Orthworm|Coil|p1a: Orthworm
|-boost|p1a: Orthworm|atk|1
|-boost|p1a: Orthworm|def|1
|-boost|p1a: Orthworm|accuracy|1
|
|upkeep
|turn|4
|
|t:|1758983214
|move|p2a: Garchomp|Fire Fang|p1a: Orthworm
|-supereffective|p1a: Orthworm
|-damage|p1a: Orthworm|64/100
|-damage|p2a: Garchomp|84/100|[from] item: Rocky Helmet|[of] p1a: Orthworm
|move|p1a: Orthworm|Coil|p1a: Orthworm
|-boost|p1a: Orthworm|atk|1
|-boost|p1a: Orthworm|def|1
|-boost|p1a: Orthworm|accuracy|1
|
|upkeep
|turn|5
|
|t:|1758983223
|move|p2a: Garchomp|Swords Dance|p2a: Garchomp
|-boost|p2a: Garchomp|atk|2
|move|p1a: Orthworm|Body Press|p2a: Garchomp
|-damage|p2a: Garchomp|0 fnt
|-damage|p1a: Orthworm|52/100|[from] ability: Rough Skin|[of] p2a: Garchomp
|faint|p2a: Garchomp
|
|upkeep
|
|t:|1758983238
|switch|p2a: Dragapult|Dragapult, M|100/100
|turn|6
|inactive|gigapoophater has 120 seconds left.
|
|t:|1758983268
|switch|p1a: Skeledirge|Skeledirge, F|100/100
|move|p2a: Dragapult|Dragon Dance|p2a: Dragapult
|-boost|p2a: Dragapult|atk|1
|-boost|p2a: Dragapult|spe|1
|
|upkeep
|turn|7
|inactive|gigapoophater has 120 seconds left.
|
|t:|1758983283
|move|p2a: Dragapult|Dragon Darts|p1a: Skeledirge
|-damage|p1a: Skeledirge|75/100
|-anim|p2a: Dragapult|Dragon Darts|p1a: Skeledirge
|-damage|p1a: Skeledirge|52/100
|move|p1a: Skeledirge|Alluring Voice|p2a: Dragapult
|-supereffective|p2a: Dragapult
|-damage|p2a: Dragapult|38/100
|
|upkeep
|turn|8
|inactive|gigapoophater has 120 seconds left.
|
|t:|1758983293
|-terastallize|p2a: Dragapult|Steel
|move|p2a: Dragapult|Dragon Darts|p1a: Skeledirge
|-damage|p1a: Skeledirge|27/100
|-anim|p2a: Dragapult|Dragon Darts|p1a: Skeledirge
|-damage|p1a: Skeledirge|2/100
|move|p1a: Skeledirge|Alluring Voice|p2a: Dragapult
|-resisted|p2a: Dragapult
|-damage|p2a: Dragapult|23/100
|
|upkeep
|turn|9
|inactive|gigapoophater has 120 seconds left.
|
|t:|1758983313
|switch|p1a: Orthworm|Orthworm, F|52/100
|move|p2a: Dragapult|Dragon Darts|p1a: Orthworm
|-resisted|p1a: Orthworm
|-damage|p1a: Orthworm|42/100
|-anim|p2a: Dragapult|Dragon Darts|p1a: Orthworm
|-resisted|p1a: Orthworm
|-damage|p1a: Orthworm|32/100
|
|upkeep
|turn|10
|
|t:|1758983325
|move|p2a: Dragapult|Tera Blast|p1a: Orthworm|[anim] Tera Blast Steel
|-resisted|p1a: Orthworm
|-damage|p1a: Orthworm|15/100
|move|p1a: Orthworm|Body Press|p2a: Dragapult
|-supereffective|p2a: Dragapult
|-damage|p2a: Dragapult|0 fnt
|faint|p2a: Dragapult
|
|upkeep
|
|t:|1758983338
|switch|p2a: Corviknight|Corviknight, M|100/100
|-ability|p2a: Corviknight|Pressure
|turn|11
|
|t:|1758983353
|switch|p1a: Zebstrika|Zebstrika, M|100/100
|move|p2a: Corviknight|Body Press|p1a: Zebstrika
|-damage|p1a: Zebstrika|58/100
|
|upkeep
|turn|12
|inactive|gigapoophater has 120 seconds left.
|
|t:|1758983375
|switch|p1a: Orthworm|Orthworm, F|15/100
|switch|p2a: Ursaluna|Ursaluna, M|100/100
|
|-status|p2a: Ursaluna|brn|[from] item: Flame Orb
|upkeep
|turn|13
|
|t:|1758983384
|move|p1a: Orthworm|Body Press|p2a: Ursaluna
|-supereffective|p2a: Ursaluna
|-damage|p2a: Ursaluna|55/100 brn
|move|p2a: Ursaluna|Drain Punch|p1a: Orthworm
|-supereffective|p1a: Orthworm
|-damage|p1a: Orthworm|0 fnt
|-heal|p2a: Ursaluna|61/100 brn|[from] drain|[of] p1a: Orthworm
|-damage|p2a: Ursaluna|44/100 brn|[from] item: Rocky Helmet|[of] p1a: Orthworm
|faint|p1a: Orthworm
|
|-damage|p2a: Ursaluna|38/100 brn|[from] brn
|upkeep
|
|t:|1758983394
|switch|p1a: Skeledirge|Skeledirge, F|2/100
|turn|14
|
|t:|1758983407
|-terastallize|p1a: Skeledirge|Fire
|move|p1a: Skeledirge|Torch Song|p2a: Ursaluna
|-crit|p2a: Ursaluna
|-damage|p2a: Ursaluna|0 fnt
|-boost|p1a: Skeledirge|spa|1
|faint|p2a: Ursaluna
|
|upkeep
|
|t:|1758983416
|switch|p2a: Ting-Lu|Ting-Lu|100/100
|-ability|p2a: Ting-Lu|Vessel of Ruin
|turn|15
|
|t:|1758983425
|move|p1a: Skeledirge|Torch Song|p2a: Ting-Lu
|-damage|p2a: Ting-Lu|56/100
|-boost|p1a: Skeledirge|spa|1
|move|p2a: Ting-Lu|Earthquake|p1a: Skeledirge
|-supereffective|p1a: Skeledirge
|-crit|p1a: Skeledirge
|-damage|p1a: Skeledirge|0 fnt
|faint|p1a: Skeledirge
|
|-heal|p2a: Ting-Lu|62/100|[from] item: Leftovers
|upkeep
|
|t:|1758983434
|switch|p1a: Milotic|Milotic, F|100/100
|turn|16
|
|t:|1758983442
|switch|p2a: Corviknight|Corviknight, M|100/100
|-ability|p2a: Corviknight|Pressure
|move|p1a: Milotic|Scald|p2a: Corviknight
|-damage|p2a: Corviknight|55/100
|
|upkeep
|turn|17
|
|t:|1758983452
|move|p1a: Milotic|Scald|p2a: Corviknight
|-damage|p2a: Corviknight|5/100
|move|p2a: Corviknight|Body Press|p1a: Milotic
|-damage|p1a: Milotic|74/100
|
|upkeep
|turn|18
|
|t:|1758983458
|move|p1a: Milotic|Scald|p2a: Corviknight
|-damage|p2a: Corviknight|0 fnt
|faint|p2a: Corviknight
|
|upkeep
|
|t:|1758983465
|switch|p2a: Ting-Lu|Ting-Lu|62/100
|-ability|p2a: Ting-Lu|Vessel of Ruin
|turn|19
|
|t:|1758983472
|move|p1a: Milotic|Scald|p2a: Ting-Lu
|-supereffective|p2a: Ting-Lu
|-damage|p2a: Ting-Lu|0 fnt
|faint|p2a: Ting-Lu
|
|win|gigapoophater
|raw|gigapoophater's rating: 1143 &rarr; <strong>1172</strong><br />(+29 for winning)
|raw|onizukaaa67's rating: 1204 &rarr; <strong>1175</strong><br />(-29 for losing)
|l|☆gigapoophater
|player|p1|
|l|☆onizukaaa67
|player|p2|
