|j|☆kkonka
|j|☆trrzno3
|t:|1759036310
|gametype|singles
|player|p1|kkonka|parasollady|1323
|player|p2|trrzno3|artist|1307
|gen|9
|tier|[Gen 9] OU
|rated|
|rule|HP Percentage Mod: HP is shown in percentages
|rule|Endless Battle Clause: Forcing endless battles is banned
|rule|Species Clause: Limit one of each Pokémon
|rule|OHKO Clause: OHKO moves are banned
|rule|Evasion Items Clause: Evasion items are banned
|rule|Evasion Moves Clause: Evasion moves are banned
|rule|Evasion Abilities Clause: Evasion abilities are banned
|rule|Sleep Moves Clause: Sleep-inducing moves are banned
|clearpoke
|poke|p1|Charizard, F|
|poke|p1|Torkoal, F|
|poke|p1|Hatterene, F|
|poke|p1|Great Tusk|
|poke|p1|Lilligant-Hisui, F|
|poke|p1|Walking Wake|
|poke|p2|Iron Moth|
|poke|p2|Ribombee, M|
|poke|p2|Ogerpon-Cornerstone, F|
|poke|p2|Gholdengo|
|poke|p2|Salamence, F|
|poke|p2|Great Tusk|
|teampreview
|inactive|Battle timer is ON: inactive players will automatically lose when time's up. (requested by kkonka)
|inactive|trrzno3 has 120 seconds left.
|
|t:|1759036345
|teamsize|p1|6
|teamsize|p2|6
|start
|switch|p1a: 河内恭介|Torkoal, F|100/100
|switch|p2a: Ogerpon|Ogerpon-Cornerstone, F|100/100
|-weather|SunnyDay|[from] ability: Drought|[of] p1a: 河内恭介
|turn|1
|
|t:|1759036352
|switch|p1a: 梓川月乃|Hatterene, F|100/100
|move|p2a: Ogerpon|Ivy Cudgel|p1a: 梓川月乃|[anim] Ivy Cudgel Rock
|-damage|p1a: 梓川月乃|42/100
|-enditem|p1a: 梓川月乃|Eject Button
|
|t:|1759036366
|switch|p1a: 诹访原戒|Lilligant-Hisui, F|100/100
|
|-weather|SunnyDay|[upkeep]
|upkeep
|turn|2
|inactive|trrzno3 has 120 seconds left.
|
|t:|1759036397
|switch|p2a: Gholdengo|Gholdengo, shiny|100/100
|-item|p2a: Gholdengo|Air Balloon
|move|p1a: 诹访原戒|Triple Axel|p2a: Gholdengo
|-resisted|p2a: Gholdengo
|-damage|p2a: Gholdengo|95/100
|-enditem|p2a: Gholdengo|Air Balloon
|-resisted|p2a: Gholdengo
|-damage|p2a: Gholdengo|85/100
|-resisted|p2a: Gholdengo
|-damage|p2a: Gholdengo|69/100
|-hitcount|p2a: Gholdengo|3
|-damage|p1a: 诹访原戒|91/100|[from] item: Life Orb
|
|-weather|SunnyDay|[upkeep]
|upkeep
|turn|3
|
|t:|1759036413
|-terastallize|p1a: 诹访原戒|Fire
|move|p1a: 诹访原戒|Tera Blast|p2a: Gholdengo|[anim] Tera Blast Fire
|-supereffective|p2a: Gholdengo
|-damage|p2a: Gholdengo|0 fnt
|faint|p2a: Gholdengo
|-damage|p1a: 诹访原戒|81/100|[from] item: Life Orb
|
|-weather|SunnyDay|[upkeep]
|upkeep
|inactive|trrzno3 has 120 seconds left.
|
|t:|1759036438
|switch|p2a: Iron Moth|Iron Moth|100/100
|-enditem|p2a: Iron Moth|Booster Energy
|-activate|p2a: Iron Moth|ability: Quark Drive|[fromitem]
|-start|p2a: Iron Moth|quarkdrivespe
|turn|4
|
|t:|1759036458
|move|p1a: 诹访原戒|Close Combat|p2a: Iron Moth
|-resisted|p2a: Iron Moth
|-damage|p2a: Iron Moth|50/100
|-unboost|p1a: 诹访原戒|def|1
|-unboost|p1a: 诹访原戒|spd|1
|-damage|p1a: 诹访原戒|71/100|[from] item: Life Orb
|move|p2a: Iron Moth|Sludge Wave|p1a: 诹访原戒
|-damage|p1a: 诹访原戒|0 fnt
|faint|p1a: 诹访原戒
|
|-weather|SunnyDay|[upkeep]
|upkeep
|
|t:|1759036463
|switch|p1a: 冠茂|Walking Wake|100/100
|-activate|p1a: 冠茂|ability: Protosynthesis
|-start|p1a: 冠茂|protosynthesisspe
|turn|5
|
|t:|1759036470
|move|p2a: Iron Moth|Substitute|p2a: Iron Moth
|-start|p2a: Iron Moth|Substitute
|-damage|p2a: Iron Moth|25/100
|move|p1a: 冠茂|Hydro Steam|p2a: Iron Moth
|-supereffective|p2a: Iron Moth
|-end|p2a: Iron Moth|Substitute
|
|-weather|SunnyDay|[upkeep]
|upkeep
|turn|6
|
|t:|1759036483
|move|p2a: Iron Moth|Sludge Wave|p1a: 冠茂
|-damage|p1a: 冠茂|48/100
|move|p1a: 冠茂|Hydro Steam|p2a: Iron Moth
|-supereffective|p2a: Iron Moth
|-damage|p2a: Iron Moth|0 fnt
|faint|p2a: Iron Moth
|-end|p2a: Iron Moth|Quark Drive|[silent]
|
|-weather|SunnyDay|[upkeep]
|upkeep
|inactive|trrzno3 has 120 seconds left.
|
|t:|1759036496
|switch|p2a: Ribombee|Ribombee, M|100/100
|turn|7
|
|t:|1759036503
|move|p1a: 冠茂|Hydro Steam|p2a: Ribombee
|-enditem|p2a: Ribombee|Focus Sash
|-damage|p2a: Ribombee|1/100
|move|p2a: Ribombee|Moonblast|p1a: 冠茂
|-supereffective|p1a: 冠茂
|-damage|p1a: 冠茂|0 fnt
|faint|p1a: 冠茂
|-end|p1a: 冠茂|Protosynthesis|[silent]
|
|-weather|SunnyDay|[upkeep]
|upkeep
|
|t:|1759036510
|switch|p1a: 梓川月乃|Hatterene, F|42/100
|turn|8
|
|t:|1759036516
|move|p2a: Ribombee|Moonblast|p1a: 梓川月乃
|-damage|p1a: 梓川月乃|8/100
|move|p1a: 梓川月乃|Dazzling Gleam|p2a: Ribombee
|-damage|p2a: Ribombee|0 fnt
|faint|p2a: Ribombee
|
|-weather|none
|upkeep
|
|t:|1759036530
|switch|p2a: Great Tusk|Great Tusk|100/100
|-enditem|p2a: Great Tusk|Booster Energy
|-activate|p2a: Great Tusk|ability: Protosynthesis|[fromitem]
|-start|p2a: Great Tusk|protosynthesisspe
|turn|9
|
|t:|1759036534
|move|p2a: Great Tusk|Rapid Spin|p1a: 梓川月乃
|-crit|p1a: 梓川月乃
|-damage|p1a: 梓川月乃|0 fnt
|-boost|p2a: Great Tusk|spe|1
|faint|p1a: 梓川月乃
|
|upkeep
|
|t:|1759036540
|switch|p1a: 东和马|Charizard, F|100/100
|turn|10
|
|t:|1759036557
|move|p2a: Great Tusk|Ice Spinner|p1a: 东和马
|-damage|p1a: 东和马|65/100
|move|p1a: 东和马|Flamethrower|p2a: Great Tusk
|-damage|p2a: Great Tusk|24/100
|
|upkeep
|turn|11
|
|t:|1759036560
|move|p2a: Great Tusk|Ice Spinner|p1a: 东和马
|-damage|p1a: 东和马|35/100
|move|p1a: 东和马|Flamethrower|p2a: Great Tusk
|-damage|p2a: Great Tusk|0 fnt
|faint|p2a: Great Tusk
|-end|p2a: Great Tusk|Protosynthesis|[silent]
|
|upkeep
|
|t:|1759036566
|switch|p2a: Ogerpon|Ogerpon-Cornerstone, F|100/100
|turn|12
|
|t:|1759036573
|move|p2a: Ogerpon|Ivy Cudgel|p1a: 东和马|[anim] Ivy Cudgel Rock
|-supereffective|p1a: 东和马
|-damage|p1a: 东和马|0 fnt
|faint|p1a: 东和马
|
|upkeep
|
|t:|1759036578
|switch|p1a: 河内恭介|Torkoal, F|100/100
|-weather|SunnyDay|[from] ability: Drought|[of] p1a: 河内恭介
|turn|13
|
|t:|1759036588
|-terastallize|p2a: Ogerpon|Rock
|detailschange|p2a: Ogerpon|Ogerpon-Cornerstone-Tera, F, tera:Rock
|-ability|p2a: Ogerpon|Embody Aspect (Cornerstone)|boost
|-boost|p2a: Ogerpon|def|1
|move|p2a: Ogerpon|Ivy Cudgel|p1a: 河内恭介|[anim] Ivy Cudgel Rock
|-supereffective|p1a: 河内恭介
|-damage|p1a: 河内恭介|5/100
|move|p1a: 河内恭介|Will-O-Wisp|p2a: Ogerpon
|-status|p2a: Ogerpon|brn
|
|-weather|SunnyDay|[upkeep]
|-damage|p2a: Ogerpon|95/100 brn|[from] brn
|upkeep
|turn|14
|
|t:|1759036594
|move|p2a: Ogerpon|Ivy Cudgel|p1a: 河内恭介|[anim] Ivy Cudgel Rock
|-supereffective|p1a: 河内恭介
|-damage|p1a: 河内恭介|0 fnt
|faint|p1a: 河内恭介
|
|-weather|SunnyDay|[upkeep]
|-damage|p2a: Ogerpon|89/100 brn|[from] brn
|upkeep
|
|t:|1759036596
|switch|p1a: 松代健|Great Tusk|100/100
|-activate|p1a: 松代健|ability: Protosynthesis
|-start|p1a: 松代健|protosynthesisatk
|turn|15
|
|t:|1759036604
|move|p2a: Ogerpon|Horn Leech|p1a: 松代健
|-supereffective|p1a: 松代健
|-damage|p1a: 松代健|68/100
|-heal|p2a: Ogerpon|100/100 brn|[from] drain|[of] p1a: 松代健
|move|p1a: 松代健|Headlong Rush|p2a: Ogerpon
|-supereffective|p2a: Ogerpon
|-damage|p2a: Ogerpon|0 fnt
|-unboost|p1a: 松代健|def|1
|-unboost|p1a: 松代健|spd|1
|faint|p2a: Ogerpon
|detailschange|p2: Ogerpon|Ogerpon-Cornerstone, F|[silent]
|
|-weather|SunnyDay|[upkeep]
|upkeep
|
|t:|1759036615
|switch|p2a: Salamence|Salamence, F|100/100
|-ability|p2a: Salamence|Intimidate|boost
|-unboost|p1a: 松代健|atk|1
|turn|16
|
|t:|1759036621
|move|p1a: 松代健|Knock Off|p2a: Salamence
|-damage|p2a: Salamence|63/100
|-enditem|p2a: Salamence|Expert Belt|[from] move: Knock Off|[of] p1a: 松代健
|move|p2a: Salamence|Flamethrower|p1a: 松代健
|-damage|p1a: 松代健|0 fnt
|faint|p1a: 松代健
|-end|p1a: 松代健|Protosynthesis|[silent]
|
|win|trrzno3
|raw|kkonka's rating: 1323 &rarr; <strong>1302</strong><br />(-21 for losing)
|raw|trrzno3's rating: 1307 &rarr; <strong>1328</strong><br />(+21 for winning)
|l|☆kkonka
|player|p1|
|l|☆trrzno3
|player|p2|
