|j|☆Gaskeep Gatelight
|j|☆Lorde=Randy
|t:|1759024231
|gametype|singles
|player|p1|Gaskeep Gatelight|169|1219
|player|p2|Lorde=Randy|unknown|1177
|gen|9
|tier|[Gen 9] OU
|rated|
|rule|HP Percentage Mod: HP is shown in percentages
|rule|Endless Battle Clause: Forcing endless battles is banned
|rule|Species Clause: Limit one of each Pokémon
|rule|OHKO Clause: OHKO moves are banned
|rule|Evasion Items Clause: Evasion items are banned
|rule|Evasion Moves Clause: Evasion moves are banned
|rule|Evasion Abilities Clause: Evasion abilities are banned
|rule|Sleep Moves Clause: Sleep-inducing moves are banned
|clearpoke
|poke|p1|Frosmoth, F|
|poke|p1|Pincurchin, F|
|poke|p1|Raichu-Alola, M|
|poke|p1|Iron Hands|
|poke|p1|Rotom-Wash|
|poke|p1|Pawmot, M|
|poke|p2|Zamazenta-*|
|poke|p2|Zapdos|
|poke|p2|Pelipper, M|
|poke|p2|Araquanid, M|
|poke|p2|Iron Treads|
|poke|p2|Pincurchin, M|
|teampreview
|inactive|Battle timer is ON: inactive players will automatically lose when time's up. (requested by Lorde=Randy)
|
|t:|1759024247
|teamsize|p1|6
|teamsize|p2|6
|start
|switch|p1a: OH YEAH!!! YEAH!!|Pincurchin, F|100/100
|switch|p2a: Iron Treads|Iron Treads|100/100
|-fieldstart|move: Electric Terrain|[from] ability: Electric Surge|[of] p1a: OH YEAH!!! YEAH!!
|-activate|p2a: Iron Treads|ability: Quark Drive
|-start|p2a: Iron Treads|quarkdrivespe
|turn|1
|
|t:|1759024255
|switch|p1a: William O' Wisp|Rotom-Wash|100/100
|move|p2a: Iron Treads|Stealth Rock|p1a: William O' Wisp
|-sidestart|p1: Gaskeep Gatelight|move: Stealth Rock
|
|upkeep
|turn|2
|
|t:|1759024263
|move|p2a: Iron Treads|Iron Head|p1a: William O' Wisp
|-resisted|p1a: William O' Wisp
|-damage|p1a: William O' Wisp|91/100
|cant|p1a: William O' Wisp|flinch
|
|upkeep
|turn|3
|
|t:|1759024269
|-end|p2a: Iron Treads|Quark Drive|[silent]
|switch|p2a: Pelipper|Pelipper, M, shiny|100/100
|-weather|RainDance|[from] ability: Drizzle|[of] p2a: Pelipper
|move|p1a: William O' Wisp|Reflect|p1a: William O' Wisp
|-sidestart|p1: Gaskeep Gatelight|Reflect
|
|-weather|RainDance|[upkeep]
|upkeep
|turn|4
|
|t:|1759024276
|move|p1a: William O' Wisp|Light Screen|p1a: William O' Wisp
|-sidestart|p1: Gaskeep Gatelight|move: Light Screen
|move|p2a: Pelipper|Hurricane|p1a: William O' Wisp
|-resisted|p1a: William O' Wisp
|-crit|p1a: William O' Wisp
|-damage|p1a: William O' Wisp|60/100
|
|-weather|RainDance|[upkeep]
|upkeep
|turn|5
|
|t:|1759024284
|move|p1a: William O' Wisp|Volt Switch|p2a: Pelipper
|-supereffective|p2a: Pelipper
|-damage|p2a: Pelipper|0 fnt
|faint|p2a: Pelipper
|
|t:|1759024292
|switch|p1a: Finger Eleven|Frosmoth, F, shiny|100/100|[from] Volt Switch
|
|-weather|RainDance|[upkeep]
|upkeep
|
|t:|1759024297
|switch|p2a: Zamazenta|Zamazenta, shiny|100/100
|-ability|p2a: Zamazenta|Dauntless Shield|boost
|-boost|p2a: Zamazenta|def|1
|turn|6
|
|t:|1759024301
|-terastallize|p1a: Finger Eleven|Electric
|move|p2a: Zamazenta|Psychic Fangs|p1a: Finger Eleven
|-sideend|p1: Gaskeep Gatelight|Reflect
|-sideend|p1: Gaskeep Gatelight|move: Light Screen
|-damage|p1a: Finger Eleven|27/100
|move|p1a: Finger Eleven|Quiver Dance|p1a: Finger Eleven
|-boost|p1a: Finger Eleven|spa|1
|-boost|p1a: Finger Eleven|spd|1
|-boost|p1a: Finger Eleven|spe|1
|
|-weather|RainDance|[upkeep]
|upkeep
|turn|7
|
|t:|1759024309
|move|p2a: Zamazenta|Psychic Fangs|p1a: Finger Eleven
|-damage|p1a: Finger Eleven|0 fnt
|faint|p1a: Finger Eleven
|
|-weather|RainDance|[upkeep]
|upkeep
|
|t:|1759024314
|switch|p1a: Surf's Up (2007)|Raichu-Alola, M|100/100
|-damage|p1a: Surf's Up (2007)|88/100|[from] Stealth Rock
|turn|8
|
|t:|1759024318
|switch|p2a: Iron Treads|Iron Treads|100/100
|-activate|p2a: Iron Treads|ability: Quark Drive
|-start|p2a: Iron Treads|quarkdrivespe
|move|p1a: Surf's Up (2007)|Psychic|p2a: Iron Treads
|-resisted|p2a: Iron Treads
|-damage|p2a: Iron Treads|56/100
|
|-weather|RainDance|[upkeep]
|-fieldend|move: Electric Terrain
|-end|p2a: Iron Treads|Quark Drive
|upkeep
|turn|9
|
|t:|1759024328
|switch|p1a: Evanescence|Pawmot, M|100/100
|-damage|p1a: Evanescence|94/100|[from] Stealth Rock
|move|p2a: Iron Treads|Iron Head|p1a: Evanescence
|-resisted|p1a: Evanescence
|-damage|p1a: Evanescence|75/100
|
|-weather|RainDance|[upkeep]
|upkeep
|turn|10
|
|t:|1759024337
|switch|p1a: William O' Wisp|Rotom-Wash|60/100
|-damage|p1a: William O' Wisp|48/100|[from] Stealth Rock
|move|p2a: Iron Treads|Earthquake|p1a: William O' Wisp
|-immune|p1a: William O' Wisp|[from] ability: Levitate
|
|-weather|none
|upkeep
|turn|11
|
|t:|1759024351
|-end|p2a: Iron Treads|Quark Drive|[silent]
|switch|p2a: Zapdos|Zapdos|100/100
|move|p1a: William O' Wisp|Reflect|p1a: William O' Wisp
|-sidestart|p1: Gaskeep Gatelight|Reflect
|
|upkeep
|turn|12
|
|t:|1759024357
|move|p2a: Zapdos|Volt Switch|p1a: William O' Wisp
|-damage|p1a: William O' Wisp|13/100
|
|t:|1759024361
|switch|p2a: Zamazenta|Zamazenta, shiny|100/100|[from] Volt Switch
|move|p1a: William O' Wisp|Light Screen|p1a: William O' Wisp
|-sidestart|p1: Gaskeep Gatelight|move: Light Screen
|
|upkeep
|turn|13
|
|t:|1759024368
|move|p2a: Zamazenta|Psychic Fangs|p1a: William O' Wisp
|-sideend|p1: Gaskeep Gatelight|Reflect
|-sideend|p1: Gaskeep Gatelight|move: Light Screen
|-damage|p1a: William O' Wisp|0 fnt
|faint|p1a: William O' Wisp
|
|upkeep
|
|t:|1759024380
|switch|p1a: OH YEAH!!! YEAH!!|Pincurchin, F|100/100
|-damage|p1a: OH YEAH!!! YEAH!!|88/100|[from] Stealth Rock
|-fieldstart|move: Electric Terrain|[from] ability: Electric Surge|[of] p1a: OH YEAH!!! YEAH!!
|turn|14
|
|t:|1759024384
|switch|p2a: Iron Treads|Iron Treads|56/100
|-activate|p2a: Iron Treads|ability: Quark Drive
|-start|p2a: Iron Treads|quarkdrivespe
|move|p1a: OH YEAH!!! YEAH!!|Thunder Wave|p2a: Iron Treads
|-immune|p2a: Iron Treads
|
|upkeep
|turn|15
|
|t:|1759024393
|move|p2a: Iron Treads|Earthquake|p1a: OH YEAH!!! YEAH!!
|-supereffective|p1a: OH YEAH!!! YEAH!!
|-damage|p1a: OH YEAH!!! YEAH!!|0 fnt
|faint|p1a: OH YEAH!!! YEAH!!
|
|upkeep
|
|t:|1759024399
|switch|p1a: Iron Deficiency|Iron Hands|100/100
|-damage|p1a: Iron Deficiency|94/100|[from] Stealth Rock
|-activate|p1a: Iron Deficiency|ability: Quark Drive
|-start|p1a: Iron Deficiency|quarkdriveatk
|turn|16
|
|t:|1759024405
|move|p2a: Iron Treads|Earthquake|p1a: Iron Deficiency
|-supereffective|p1a: Iron Deficiency
|-damage|p1a: Iron Deficiency|40/100
|move|p1a: Iron Deficiency|Drain Punch|p2a: Iron Treads
|-supereffective|p2a: Iron Treads
|-damage|p2a: Iron Treads|0 fnt
|-heal|p1a: Iron Deficiency|60/100|[from] drain|[of] p2a: Iron Treads
|-damage|p1a: Iron Deficiency|43/100|[from] item: Rocky Helmet|[of] p2a: Iron Treads
|faint|p2a: Iron Treads
|-end|p2a: Iron Treads|Quark Drive|[silent]
|
|upkeep
|
|t:|1759024423
|switch|p2a: Zamazenta|Zamazenta, shiny|100/100
|turn|17
|
|t:|1759024427
|move|p2a: Zamazenta|Psychic Fangs|p1a: Iron Deficiency
|-supereffective|p1a: Iron Deficiency
|-damage|p1a: Iron Deficiency|0 fnt
|faint|p1a: Iron Deficiency
|-end|p1a: Iron Deficiency|Quark Drive|[silent]
|
|upkeep
|
|t:|1759024433
|switch|p1a: Surf's Up (2007)|Raichu-Alola, M|88/100
|-damage|p1a: Surf's Up (2007)|76/100|[from] Stealth Rock
|turn|18
|
|t:|1759024441
|switch|p2a: Pincurchin|Pincurchin, M, shiny|100/100
|move|p1a: Surf's Up (2007)|Psychic|p2a: Pincurchin
|-damage|p2a: Pincurchin|19/100
|
|upkeep
|turn|19
|
|t:|1759024446
|move|p1a: Surf's Up (2007)|Psychic|p2a: Pincurchin
|-damage|p2a: Pincurchin|0 fnt
|faint|p2a: Pincurchin
|
|upkeep
|
|t:|1759024455
|switch|p2a: Zamazenta|Zamazenta, shiny|100/100
|turn|20
|
|t:|1759024457
|move|p1a: Surf's Up (2007)|Psychic|p2a: Zamazenta
|-supereffective|p2a: Zamazenta
|-damage|p2a: Zamazenta|0 fnt
|faint|p2a: Zamazenta
|
|upkeep
|
|t:|1759024464
|switch|p2a: Araquanid|Araquanid, M, shiny|100/100
|turn|21
|
|t:|1759024468
|switch|p1a: Evanescence|Pawmot, M|75/100
|-damage|p1a: Evanescence|69/100|[from] Stealth Rock
|move|p2a: Araquanid|Leech Life|p1a: Evanescence
|-resisted|p1a: Evanescence
|-damage|p1a: Evanescence|41/100
|
|-fieldend|move: Electric Terrain
|upkeep
|turn|22
|
|t:|1759024471
|move|p1a: Evanescence|Revival Blessing|p1a: Evanescence
|-enditem|p1a: Evanescence|Leppa Berry|[eat]
|-activate|p1a: Evanescence|item: Leppa Berry|Revival Blessing|[consumed]
|
|t:|1759024478
|-heal|p1: OH YEAH!!! YEAH!!|50/100|[from] move: Revival Blessing
|move|p2a: Araquanid|Leech Life|p1a: Evanescence
|-resisted|p1a: Evanescence
|-damage|p1a: Evanescence|15/100
|
|upkeep
|turn|23
|
|t:|1759024489
|move|p1a: Evanescence|Revival Blessing|p1a: Evanescence
|
|t:|1759024492
|-heal|p1: Iron Deficiency|50/100|[from] move: Revival Blessing
|move|p2a: Araquanid|Leech Life|p1a: Evanescence
|-resisted|p1a: Evanescence
|-damage|p1a: Evanescence|0 fnt
|faint|p1a: Evanescence
|
|upkeep
|
|t:|1759024499
|switch|p1a: OH YEAH!!! YEAH!!|Pincurchin, F|50/100
|-damage|p1a: OH YEAH!!! YEAH!!|38/100|[from] Stealth Rock
|-fieldstart|move: Electric Terrain|[from] ability: Electric Surge|[of] p1a: OH YEAH!!! YEAH!!
|turn|24
|
|t:|1759024504
|switch|p2a: Zapdos|Zapdos|100/100
|move|p1a: OH YEAH!!! YEAH!!|Discharge|p2a: Zapdos
|-damage|p2a: Zapdos|82/100
|
|upkeep
|turn|25
|
|t:|1759024510
|switch|p2a: Araquanid|Araquanid, M, shiny|100/100
|move|p1a: OH YEAH!!! YEAH!!|Memento|p2a: Araquanid
|-unboost|p2a: Araquanid|atk|2
|-unboost|p2a: Araquanid|spa|2
|faint|p1a: OH YEAH!!! YEAH!!
|
|upkeep
|
|t:|1759024512
|switch|p1a: Iron Deficiency|Iron Hands|50/100
|-damage|p1a: Iron Deficiency|44/100|[from] Stealth Rock
|-activate|p1a: Iron Deficiency|ability: Quark Drive
|-start|p1a: Iron Deficiency|quarkdriveatk
|turn|26
|
|t:|1759024520
|move|p1a: Iron Deficiency|Supercell Slam|p2a: Araquanid
|-supereffective|p2a: Araquanid
|-damage|p2a: Araquanid|0 fnt
|faint|p2a: Araquanid
|
|upkeep
|
|t:|1759024523
|switch|p2a: Zapdos|Zapdos|82/100
|turn|27
|-activate|p1a: Iron Deficiency|item: Quick Claw
|
|t:|1759024527
|move|p1a: Iron Deficiency|Supercell Slam|p2a: Zapdos
|-damage|p2a: Zapdos|0 fnt
|faint|p2a: Zapdos
|
|win|Gaskeep Gatelight
|raw|Gaskeep Gatelight's rating: 1219 &rarr; <strong>1241</strong><br />(+22 for winning)
|raw|Lorde=Randy's rating: 1177 &rarr; <strong>1155</strong><br />(-22 for losing)
|l|☆Lorde=Randy
|player|p2|
