|j|‽zeep vs zoop
|j|☆zxcj1221
|t:|1758979279
|gametype|singles
|player|p1|zeep vs zoop|iris-gen5bw2|1713
|player|p2|zxcj1221|169|1693
|gen|9
|tier|[Gen 9] OU
|rated|
|rule|HP Percentage Mod: HP is shown in percentages
|rule|Endless Battle Clause: Forcing endless battles is banned
|rule|Species Clause: Limit one of each Pokémon
|rule|OHKO Clause: OHKO moves are banned
|rule|Evasion Items Clause: Evasion items are banned
|rule|Evasion Moves Clause: Evasion moves are banned
|rule|Evasion Abilities Clause: Evasion abilities are banned
|rule|Sleep Moves Clause: Sleep-inducing moves are banned
|clearpoke
|poke|p1|Zamazenta-*|
|poke|p1|Latios, M|
|poke|p1|Weezing-Galar, M|
|poke|p1|Moltres|
|poke|p1|Ting-Lu|
|poke|p1|Gholdengo|
|poke|p2|Pelipper, F|
|poke|p2|Greninja-*, M|
|poke|p2|Basculegion, M|
|poke|p2|Sandy Shocks|
|poke|p2|Manaphy|
|poke|p2|Araquanid, M|
|teampreview
|inactive|Battle timer is ON: inactive players will automatically lose when time's up. (requested by zeep vs zoop)
|
|t:|1758979291
|teamsize|p1|6
|teamsize|p2|6
|start
|switch|p1a: Latios|Latios, M|100/100
|switch|p2a: Araquanid|Araquanid, M|100/100
|turn|1
|
|t:|1758979294
|-terastallize|p1a: Latios|Dragon
|move|p1a: Latios|Draco Meteor|p2a: Araquanid
|-damage|p2a: Araquanid|16/100
|-unboost|p1a: Latios|spa|2
|move|p2a: Araquanid|Sticky Web|p1a: Latios
|-sidestart|p1: zeep vs zoop|move: Sticky Web
|
|upkeep
|turn|2
|-enditem|p2a: Araquanid|Custap Berry|[eat]
|-activate|p2a: Araquanid|item: Custap Berry|[consumed]
|
|t:|1758979299
|move|p2a: Araquanid|Endeavor|p1a: Latios
|-damage|p1a: Latios|17/100
|move|p1a: Latios|Draco Meteor|p2a: Araquanid|[miss]
|-miss|p1a: Latios|p2a: Araquanid
|
|upkeep
|turn|3
|
|t:|1758979305
|move|p1a: Latios|Draco Meteor|p2a: Araquanid
|-damage|p2a: Araquanid|0 fnt
|-unboost|p1a: Latios|spa|2
|faint|p2a: Araquanid
|
|upkeep
|
|t:|1758979311
|switch|p2a: Manaphy|Manaphy|100/100
|turn|4
|
|t:|1758979322
|switch|p1a: Ting-Lu|Ting-Lu|100/100
|-activate|p1a: Ting-Lu|move: Sticky Web
|-unboost|p1a: Ting-Lu|spe|1
|-ability|p1a: Ting-Lu|Vessel of Ruin
|move|p2a: Manaphy|Tail Glow|p2a: Manaphy
|-boost|p2a: Manaphy|spa|3
|
|upkeep
|turn|5
|
|t:|1758979325
|move|p2a: Manaphy|Surf|p1a: Ting-Lu
|-supereffective|p1a: Ting-Lu
|-damage|p1a: Ting-Lu|7/100
|move|p1a: Ting-Lu|Whirlwind|p2a: Manaphy
|drag|p2a: Basculegion|Basculegion, M|100/100
|
|upkeep
|turn|6
|
|t:|1758979331
|move|p2a: Basculegion|Wave Crash|p1a: Ting-Lu
|-supereffective|p1a: Ting-Lu
|-damage|p1a: Ting-Lu|0 fnt
|-damage|p2a: Basculegion|84/100|[from] item: Rocky Helmet|[of] p1a: Ting-Lu
|faint|p1a: Ting-Lu
|-damage|p2a: Basculegion|81/100|[from] Recoil
|
|upkeep
|
|t:|1758979333
|switch|p1a: Weezing|Weezing-Galar, M|100/100
|-ability|p1a: Weezing|Neutralizing Gas
|turn|7
|
|t:|1758979337
|-terastallize|p2a: Basculegion|Water
|move|p2a: Basculegion|Wave Crash|p1a: Weezing
|-damage|p1a: Weezing|19/100
|-damage|p2a: Basculegion|58/100|[from] Recoil
|move|p1a: Weezing|Defog|p2a: Basculegion
|-unboost|p2a: Basculegion|evasion|1
|-sideend|p1: zeep vs zoop|Sticky Web|[from] move: Defog|[of] p1a: Weezing
|
|upkeep
|turn|8
|
|t:|1758979342
|move|p2a: Basculegion|Wave Crash|p1a: Weezing
|-damage|p1a: Weezing|0 fnt
|faint|p1a: Weezing
|-end|p1a: Weezing|ability: Neutralizing Gas
|-damage|p2a: Basculegion|52/100|[from] Recoil
|
|upkeep
|
|t:|1758979345
|switch|p1a: Latios|Latios, M, tera:Dragon|17/100
|turn|9
|
|t:|1758979348
|switch|p2a: Pelipper|Pelipper, F|100/100
|-weather|RainDance|[from] ability: Drizzle|[of] p2a: Pelipper
|move|p1a: Latios|Draco Meteor|p2a: Pelipper
|-damage|p2a: Pelipper|0 fnt
|-unboost|p1a: Latios|spa|2
|faint|p2a: Pelipper
|
|-weather|RainDance|[upkeep]
|upkeep
|
|t:|1758979350
|switch|p2a: Basculegion|Basculegion, M, tera:Water|52/100
|turn|10
|
|t:|1758979353
|move|p2a: Basculegion|Wave Crash|p1a: Latios
|-resisted|p1a: Latios
|-damage|p1a: Latios|0 fnt
|faint|p1a: Latios
|-damage|p2a: Basculegion|48/100|[from] Recoil
|
|-weather|RainDance|[upkeep]
|upkeep
|
|t:|1758979355
|switch|p1a: Zamazenta|Zamazenta|100/100
|-ability|p1a: Zamazenta|Dauntless Shield|boost
|-boost|p1a: Zamazenta|def|1
|turn|11
|
|t:|1758979357
|move|p2a: Basculegion|Wave Crash|p1a: Zamazenta
|-crit|p1a: Zamazenta
|-damage|p1a: Zamazenta|0 fnt
|faint|p1a: Zamazenta
|-damage|p2a: Basculegion|20/100|[from] Recoil
|
|-weather|RainDance|[upkeep]
|upkeep
|-message|zeep vs zoop forfeited.
|
|win|zxcj1221
|raw|zeep vs zoop's rating: 1713 &rarr; <strong>1692</strong><br />(-21 for losing)
|raw|zxcj1221's rating: 1693 &rarr; <strong>1714</strong><br />(+21 for winning)
|l|‽zeep vs zoop
|player|p1|
|l|☆zxcj1221
|player|p2|
