|j|☆Catactual
|j|☆lerendezvous
|t:|1758961791
|gametype|singles
|player|p1|Catactual|266|1605
|player|p2|lerendezvous|101|1762
|gen|9
|tier|[Gen 9] OU
|rated|
|rule|HP Percentage Mod: HP is shown in percentages
|rule|Endless Battle Clause: Forcing endless battles is banned
|rule|Species Clause: Limit one of each Pokémon
|rule|OHKO Clause: OHKO moves are banned
|rule|Evasion Items Clause: Evasion items are banned
|rule|Evasion Moves Clause: Evasion moves are banned
|rule|Evasion Abilities Clause: Evasion abilities are banned
|rule|Sleep Moves Clause: Sleep-inducing moves are banned
|clearpoke
|poke|p1|Indeedee, M|
|poke|p1|Deoxys-Speed|
|poke|p1|Great Tusk|
|poke|p1|Toxapex, M|
|poke|p1|Cinderace, F|
|poke|p1|Dragonite, F|
|poke|p2|Ogerpon-Wellspring, F|
|poke|p2|Slowking-Galar, F|
|poke|p2|Great Tusk|
|poke|p2|Moltres|
|poke|p2|Dragapult, M|
|poke|p2|Kingambit, M|
|teampreview
|inactive|Battle timer is ON: inactive players will automatically lose when time's up. (requested by lerendezvous)
|
|t:|1758961812
|teamsize|p1|6
|teamsize|p2|6
|start
|switch|p1a: Great Tusk|Great Tusk|100/100
|switch|p2a: Slowking|Slowking-Galar, F|100/100
|turn|1
|
|t:|1758961826
|-terastallize|p2a: Slowking|Water
|move|p1a: Great Tusk|Headlong Rush|p2a: Slowking
|-damage|p2a: Slowking|54/100
|-unboost|p1a: Great Tusk|def|1
|-unboost|p1a: Great Tusk|spd|1
|move|p2a: Slowking|Ice Beam|p1a: Great Tusk
|-supereffective|p1a: Great Tusk
|-damage|p1a: Great Tusk|0 fnt
|faint|p1a: Great Tusk
|-end|p1a: Great Tusk|Protosynthesis|[silent]
|
|upkeep
|
|t:|1758961835
|switch|p1a: Indeedee|Indeedee, M|100/100
|-fieldstart|move: Psychic Terrain|[from] ability: Psychic Surge|[of] p1a: Indeedee
|turn|2
|
|t:|1758961840
|move|p1a: Indeedee|Trick|p2a: Slowking
|-activate|p1a: Indeedee|move: Trick|[of] p2a: Slowking
|-item|p2a: Slowking|Choice Scarf|[from] move: Trick
|-item|p1a: Indeedee|Assault Vest|[from] move: Trick
|move|p2a: Slowking|Sludge Bomb|p1a: Indeedee
|-damage|p1a: Indeedee|64/100
|
|upkeep
|turn|3
|
|t:|1758961848
|switch|p2a: Kingambit|Kingambit, M|100/100
|move|p1a: Indeedee|Expanding Force|p2a: Kingambit
|-immune|p2a: Kingambit
|
|upkeep
|turn|4
|
|t:|1758961856
|switch|p1a: Cinderace|Cinderace, F|100/100
|move|p2a: Kingambit|Iron Head|p1a: Cinderace
|-resisted|p1a: Cinderace
|-damage|p1a: Cinderace|77/100
|
|upkeep
|turn|5
|
|t:|1758961863
|-end|p2a: Kingambit|fallenundefined|[silent]
|switch|p2a: Slowking|Slowking-Galar, F, tera:Water|87/100
|move|p1a: Cinderace|U-turn|p2a: Slowking
|-damage|p2a: Slowking|71/100
|
|t:|1758961866
|switch|p1a: Deoxys|Deoxys-Speed|100/100|[from] U-turn
|-ability|p1a: Deoxys|Pressure
|
|upkeep
|turn|6
|
|t:|1758961870
|move|p1a: Deoxys|Expanding Force|p2a: Slowking
|-damage|p2a: Slowking|1/100
|-damage|p1a: Deoxys|91/100|[from] item: Life Orb
|move|p2a: Slowking|Sludge Bomb|p1a: Deoxys
|-damage|p1a: Deoxys|17/100
|
|-fieldend|move: Psychic Terrain
|upkeep
|turn|7
|
|t:|1758961887
|switch|p2a: Moltres|Moltres|100/100
|move|p1a: Deoxys|Thunderbolt|p2a: Moltres
|-supereffective|p2a: Moltres
|-damage|p2a: Moltres|31/100
|-damage|p1a: Deoxys|7/100|[from] item: Life Orb
|
|upkeep
|turn|8
|
|t:|1758961895
|switch|p1a: Toxapex|Toxapex, M|100/100
|switch|p2a: Slowking|Slowking-Galar, F, tera:Water|34/100
|
|upkeep
|turn|9
|
|t:|1758961900
|switch|p2a: Kingambit|Kingambit, M|100/100
|move|p1a: Toxapex|Toxic|p2a: Kingambit
|-immune|p2a: Kingambit
|
|upkeep
|turn|10
|
|t:|1758961904
|move|p2a: Kingambit|Swords Dance|p2a: Kingambit
|-boost|p2a: Kingambit|atk|2
|move|p1a: Toxapex|Liquidation|p2a: Kingambit
|-crit|p2a: Kingambit
|-damage|p2a: Kingambit|76/100
|-unboost|p2a: Kingambit|def|1
|
|-heal|p2a: Kingambit|82/100|[from] item: Leftovers
|upkeep
|turn|11
|
|t:|1758961913
|move|p2a: Kingambit|Iron Head|p1a: Toxapex
|-resisted|p1a: Toxapex
|-damage|p1a: Toxapex|65/100
|-damage|p2a: Kingambit|66/100|[from] item: Rocky Helmet|[of] p1a: Toxapex
|cant|p1a: Toxapex|flinch
|
|-heal|p2a: Kingambit|72/100|[from] item: Leftovers
|upkeep
|turn|12
|
|t:|1758961921
|-end|p2a: Kingambit|fallenundefined|[silent]
|switch|p2a: Slowking|Slowking-Galar, F, tera:Water|68/100
|move|p1a: Toxapex|Liquidation|p2a: Slowking
|-resisted|p2a: Slowking
|-damage|p2a: Slowking|59/100
|
|upkeep
|turn|13
|
|t:|1758961928
|move|p2a: Slowking|Psyshock|p1a: Toxapex
|-supereffective|p1a: Toxapex
|-damage|p1a: Toxapex|10/100
|move|p1a: Toxapex|Toxic|p2a: Slowking
|-status|p2a: Slowking|tox
|
|-damage|p2a: Slowking|52/100 tox|[from] psn
|upkeep
|turn|14
|
|t:|1758961941
|switch|p1a: Indeedee|Indeedee, M|64/100
|-fieldstart|move: Psychic Terrain|[from] ability: Psychic Surge|[of] p1a: Indeedee
|move|p2a: Slowking|Psyshock|p1a: Indeedee
|-resisted|p1a: Indeedee
|-damage|p1a: Indeedee|12/100
|
|-damage|p2a: Slowking|40/100 tox|[from] psn
|upkeep
|turn|15
|
|t:|1758961947
|switch|p2a: Kingambit|Kingambit, M|72/100
|move|p1a: Indeedee|Expanding Force|p2a: Kingambit
|-immune|p2a: Kingambit
|
|-heal|p2a: Kingambit|78/100|[from] item: Leftovers
|upkeep
|turn|16
|
|t:|1758961957
|switch|p1a: Cinderace|Cinderace, F|77/100
|-end|p2a: Kingambit|fallenundefined|[silent]
|switch|p2a: Slowking|Slowking-Galar, F, tera:Water|74/100 tox
|
|-damage|p2a: Slowking|67/100 tox|[from] psn
|upkeep
|turn|17
|
|t:|1758961962
|switch|p2a: Great Tusk|Great Tusk|100/100
|move|p1a: Cinderace|U-turn|p2a: Great Tusk
|-resisted|p2a: Great Tusk
|-damage|p2a: Great Tusk|93/100
|-damage|p1a: Cinderace|60/100|[from] item: Rocky Helmet|[of] p2a: Great Tusk
|
|t:|1758961965
|switch|p1a: Deoxys|Deoxys-Speed|7/100|[from] U-turn
|-ability|p1a: Deoxys|Pressure
|
|upkeep
|turn|18
|
|t:|1758961970
|-end|p2a: Great Tusk|Protosynthesis|[silent]
|switch|p2a: Kingambit|Kingambit, M|78/100
|move|p1a: Deoxys|Expanding Force|p2a: Kingambit
|-immune|p2a: Kingambit
|
|-heal|p2a: Kingambit|84/100|[from] item: Leftovers
|-fieldend|move: Psychic Terrain
|upkeep
|turn|19
|
|t:|1758961975
|switch|p1a: Cinderace|Cinderace, F|60/100
|-end|p2a: Kingambit|fallenundefined|[silent]
|switch|p2a: Dragapult|Dragapult, M|100/100
|
|upkeep
|turn|20
|
|t:|1758961979
|move|p2a: Dragapult|Dragon Darts|p1a: Cinderace
|-damage|p1a: Cinderace|36/100
|-anim|p2a: Dragapult|Dragon Darts|p1a: Cinderace
|-damage|p1a: Cinderace|9/100
|move|p1a: Cinderace|Will-O-Wisp|p2a: Dragapult
|-status|p2a: Dragapult|brn
|
|-damage|p2a: Dragapult|95/100 brn|[from] brn
|upkeep
|turn|21
|
|t:|1758961985
|switch|p1a: Toxapex|Toxapex, M|44/100
|move|p2a: Dragapult|Dragon Darts|p1a: Toxapex
|-damage|p1a: Toxapex|35/100
|-anim|p2a: Dragapult|Dragon Darts|p1a: Toxapex
|-damage|p1a: Toxapex|26/100
|
|-damage|p2a: Dragapult|89/100 brn|[from] brn
|upkeep
|turn|22
|
|t:|1758961991
|move|p2a: Dragapult|Will-O-Wisp|p1a: Toxapex|[miss]
|-miss|p2a: Dragapult|p1a: Toxapex
|move|p1a: Toxapex|Recover|p1a: Toxapex
|-heal|p1a: Toxapex|76/100
|
|-damage|p2a: Dragapult|83/100 brn|[from] brn
|upkeep
|turn|23
|
|t:|1758962002
|move|p2a: Dragapult|Will-O-Wisp|p1a: Toxapex|[miss]
|-miss|p2a: Dragapult|p1a: Toxapex
|move|p1a: Toxapex|Liquidation|p2a: Dragapult
|-resisted|p2a: Dragapult
|-damage|p2a: Dragapult|69/100 brn
|
|-damage|p2a: Dragapult|63/100 brn|[from] brn
|upkeep
|turn|24
|
|t:|1758962009
|move|p2a: Dragapult|Will-O-Wisp|p1a: Toxapex|[miss]
|-miss|p2a: Dragapult|p1a: Toxapex
|move|p1a: Toxapex|Liquidation|p2a: Dragapult
|-resisted|p2a: Dragapult
|-damage|p2a: Dragapult|50/100 brn
|
|-damage|p2a: Dragapult|44/100 brn|[from] brn
|upkeep
|turn|25
|
|t:|1758962016
|move|p2a: Dragapult|Dragon Darts|p1a: Toxapex
|-damage|p1a: Toxapex|68/100
|-anim|p2a: Dragapult|Dragon Darts|p1a: Toxapex
|-damage|p1a: Toxapex|60/100
|move|p1a: Toxapex|Liquidation|p2a: Dragapult
|-resisted|p2a: Dragapult
|-crit|p2a: Dragapult
|-damage|p2a: Dragapult|23/100 brn
|
|-damage|p2a: Dragapult|17/100 brn|[from] brn
|upkeep
|turn|26
|
|t:|1758962025
|move|p2a: Dragapult|Will-O-Wisp|p1a: Toxapex
|-status|p1a: Toxapex|brn
|move|p1a: Toxapex|Recover|p1a: Toxapex
|-heal|p1a: Toxapex|100/100 brn
|
|-damage|p2a: Dragapult|11/100 brn|[from] brn
|-damage|p1a: Toxapex|95/100 brn|[from] brn
|upkeep
|turn|27
|
|t:|1758962029
|switch|p2a: Slowking|Slowking-Galar, F, tera:Water|100/100 tox
|move|p1a: Toxapex|Liquidation|p2a: Slowking
|-resisted|p2a: Slowking
|-damage|p2a: Slowking|95/100 tox
|
|-damage|p2a: Slowking|89/100 tox|[from] psn
|-damage|p1a: Toxapex|89/100 brn|[from] brn
|upkeep
|turn|28
|
|t:|1758962036
|move|p2a: Slowking|Ice Beam|p1a: Toxapex
|-resisted|p1a: Toxapex
|-damage|p1a: Toxapex|79/100 brn
|move|p1a: Toxapex|Liquidation|p2a: Slowking
|-resisted|p2a: Slowking
|-damage|p2a: Slowking|84/100 tox
|-unboost|p2a: Slowking|def|1
|
|-damage|p2a: Slowking|72/100 tox|[from] psn
|-damage|p1a: Toxapex|73/100 brn|[from] brn
|upkeep
|turn|29
|
|t:|1758962045
|move|p2a: Slowking|Ice Beam|p1a: Toxapex
|-resisted|p1a: Toxapex
|-damage|p1a: Toxapex|64/100 brn
|move|p1a: Toxapex|Liquidation|p2a: Slowking
|-resisted|p2a: Slowking
|-damage|p2a: Slowking|66/100 tox
|
|-damage|p2a: Slowking|47/100 tox|[from] psn
|-damage|p1a: Toxapex|58/100 brn|[from] brn
|upkeep
|turn|30
|
|t:|1758962054
|switch|p2a: Moltres|Moltres|31/100
|switch|p1a: Indeedee|Indeedee, M|12/100
|-fieldstart|move: Psychic Terrain|[from] ability: Psychic Surge|[of] p1a: Indeedee
|
|upkeep
|turn|31
|
|t:|1758962059
|switch|p2a: Kingambit|Kingambit, M|84/100
|move|p1a: Indeedee|Expanding Force|p2a: Kingambit
|-immune|p2a: Kingambit
|
|-heal|p2a: Kingambit|91/100|[from] item: Leftovers
|upkeep
|turn|32
|
|t:|1758962063
|-end|p2a: Kingambit|fallenundefined|[silent]
|switch|p2a: Slowking|Slowking-Galar, F, tera:Water|81/100 tox
|-terastallize|p1a: Indeedee|Fighting
|move|p1a: Indeedee|Tera Blast|p2a: Slowking|[anim] Tera Blast Fighting
|-damage|p2a: Slowking|55/100 tox
|
|-damage|p2a: Slowking|49/100 tox|[from] psn
|upkeep
|turn|33
|
|t:|1758962069
|switch|p2a: Dragapult|Dragapult, M|11/100 brn
|move|p1a: Indeedee|Expanding Force|p2a: Dragapult
|-damage|p2a: Dragapult|0 fnt
|faint|p2a: Dragapult
|
|upkeep
|
|t:|1758962074
|switch|p2a: Ogerpon|Ogerpon-Wellspring, F|100/100
|turn|34
|j| wgw2333
|
|t:|1758962079
|switch|p1a: Toxapex|Toxapex, M|92/100 brn
|move|p2a: Ogerpon|Knock Off|p1a: Toxapex
|-damage|p1a: Toxapex|64/100 brn
|-damage|p2a: Ogerpon|84/100|[from] item: Rocky Helmet|[of] p1a: Toxapex
|-enditem|p1a: Toxapex|Rocky Helmet|[from] move: Knock Off|[of] p2a: Ogerpon
|
|-damage|p1a: Toxapex|58/100 brn|[from] brn
|-fieldend|move: Psychic Terrain
|upkeep
|turn|35
|
|t:|1758962086
|move|p2a: Ogerpon|U-turn|p1a: Toxapex
|-resisted|p1a: Toxapex
|-damage|p1a: Toxapex|46/100 brn
|
|t:|1758962093
|switch|p2a: Slowking|Slowking-Galar, F, tera:Water|82/100 tox|[from] U-turn
|move|p1a: Toxapex|Toxic|p2a: Slowking
|-fail|p2a: Slowking|tox
|
|-damage|p2a: Slowking|76/100 tox|[from] psn
|-damage|p1a: Toxapex|40/100 brn|[from] brn
|upkeep
|turn|36
|l| wgw2333
|
|t:|1758962097
|switch|p2a: Kingambit|Kingambit, M|91/100
|-activate|p2a: Kingambit|ability: Supreme Overlord
|-start|p2a: Kingambit|fallen1|[silent]
|move|p1a: Toxapex|Recover|p1a: Toxapex
|-heal|p1a: Toxapex|91/100 brn
|
|-heal|p2a: Kingambit|97/100|[from] item: Leftovers
|-damage|p1a: Toxapex|85/100 brn|[from] brn
|upkeep
|turn|37
|
|t:|1758962102
|move|p2a: Kingambit|Iron Head|p1a: Toxapex
|-resisted|p1a: Toxapex
|-crit|p1a: Toxapex
|-damage|p1a: Toxapex|59/100 brn
|cant|p1a: Toxapex|flinch
|
|-heal|p2a: Kingambit|100/100|[from] item: Leftovers
|-damage|p1a: Toxapex|53/100 brn|[from] brn
|upkeep
|turn|38
|
|t:|1758962108
|move|p2a: Kingambit|Iron Head|p1a: Toxapex
|-resisted|p1a: Toxapex
|-damage|p1a: Toxapex|35/100 brn
|cant|p1a: Toxapex|flinch
|
|-damage|p1a: Toxapex|29/100 brn|[from] brn
|upkeep
|turn|39
|
|t:|1758962115
|move|p2a: Kingambit|Iron Head|p1a: Toxapex
|-resisted|p1a: Toxapex
|-damage|p1a: Toxapex|12/100 brn
|move|p1a: Toxapex|Recover|p1a: Toxapex
|-heal|p1a: Toxapex|62/100 brn
|
|-damage|p1a: Toxapex|56/100 brn|[from] brn
|upkeep
|turn|40
|
|t:|1758962122
|move|p2a: Kingambit|Iron Head|p1a: Toxapex
|-resisted|p1a: Toxapex
|-damage|p1a: Toxapex|39/100 brn
|move|p1a: Toxapex|Recover|p1a: Toxapex
|-heal|p1a: Toxapex|89/100 brn
|
|-damage|p1a: Toxapex|83/100 brn|[from] brn
|upkeep
|turn|41
|
|t:|1758962129
|move|p2a: Kingambit|Iron Head|p1a: Toxapex
|-resisted|p1a: Toxapex
|-damage|p1a: Toxapex|66/100 brn
|cant|p1a: Toxapex|flinch
|
|-damage|p1a: Toxapex|60/100 brn|[from] brn
|upkeep
|turn|42
|
|t:|1758962136
|move|p2a: Kingambit|Iron Head|p1a: Toxapex
|-resisted|p1a: Toxapex
|-damage|p1a: Toxapex|41/100 brn
|move|p1a: Toxapex|Recover|p1a: Toxapex
|-heal|p1a: Toxapex|91/100 brn
|
|-damage|p1a: Toxapex|85/100 brn|[from] brn
|upkeep
|turn|43
|
|t:|1758962143
|move|p2a: Kingambit|Iron Head|p1a: Toxapex
|-resisted|p1a: Toxapex
|-damage|p1a: Toxapex|67/100 brn
|move|p1a: Toxapex|Liquidation|p2a: Kingambit
|-damage|p2a: Kingambit|92/100
|
|-heal|p2a: Kingambit|99/100|[from] item: Leftovers
|-damage|p1a: Toxapex|61/100 brn|[from] brn
|upkeep
|turn|44
|
|t:|1758962152
|move|p2a: Kingambit|Iron Head|p1a: Toxapex
|-resisted|p1a: Toxapex
|-damage|p1a: Toxapex|41/100 brn
|move|p1a: Toxapex|Recover|p1a: Toxapex
|-heal|p1a: Toxapex|92/100 brn
|
|-heal|p2a: Kingambit|100/100|[from] item: Leftovers
|-damage|p1a: Toxapex|86/100 brn|[from] brn
|upkeep
|turn|45
|
|t:|1758962160
|move|p2a: Kingambit|Iron Head|p1a: Toxapex
|-resisted|p1a: Toxapex
|-damage|p1a: Toxapex|68/100 brn
|move|p1a: Toxapex|Liquidation|p2a: Kingambit
|-damage|p2a: Kingambit|93/100
|
|-heal|p2a: Kingambit|99/100|[from] item: Leftovers
|-damage|p1a: Toxapex|62/100 brn|[from] brn
|upkeep
|turn|46
|
|t:|1758962169
|move|p2a: Kingambit|Iron Head|p1a: Toxapex
|-resisted|p1a: Toxapex
|-damage|p1a: Toxapex|43/100 brn
|move|p1a: Toxapex|Recover|p1a: Toxapex
|-heal|p1a: Toxapex|93/100 brn
|
|-heal|p2a: Kingambit|100/100|[from] item: Leftovers
|-damage|p1a: Toxapex|87/100 brn|[from] brn
|upkeep
|turn|47
|
|t:|1758962176
|move|p2a: Kingambit|Iron Head|p1a: Toxapex
|-resisted|p1a: Toxapex
|-damage|p1a: Toxapex|67/100 brn
|move|p1a: Toxapex|Liquidation|p2a: Kingambit
|-damage|p2a: Kingambit|92/100
|
|-heal|p2a: Kingambit|98/100|[from] item: Leftovers
|-damage|p1a: Toxapex|62/100 brn|[from] brn
|upkeep
|turn|48
|
|t:|1758962185
|move|p2a: Kingambit|Iron Head|p1a: Toxapex
|-resisted|p1a: Toxapex
|-damage|p1a: Toxapex|44/100 brn
|move|p1a: Toxapex|Liquidation|p2a: Kingambit
|-damage|p2a: Kingambit|91/100
|
|-heal|p2a: Kingambit|97/100|[from] item: Leftovers
|-damage|p1a: Toxapex|38/100 brn|[from] brn
|upkeep
|turn|49
|
|t:|1758962194
|move|p2a: Kingambit|Iron Head|p1a: Toxapex
|-resisted|p1a: Toxapex
|-damage|p1a: Toxapex|20/100 brn
|move|p1a: Toxapex|Liquidation|p2a: Kingambit
|-damage|p2a: Kingambit|89/100
|
|-heal|p2a: Kingambit|95/100|[from] item: Leftovers
|-damage|p1a: Toxapex|14/100 brn|[from] brn
|upkeep
|turn|50
|
|t:|1758962203
|move|p2a: Kingambit|Iron Head|p1a: Toxapex
|-resisted|p1a: Toxapex
|-damage|p1a: Toxapex|0 fnt
|faint|p1a: Toxapex
|
|-heal|p2a: Kingambit|100/100|[from] item: Leftovers
|upkeep
|
|t:|1758962206
|switch|p1a: Indeedee|Indeedee, M, tera:Fighting|12/100
|-fieldstart|move: Psychic Terrain|[from] ability: Psychic Surge|[of] p1a: Indeedee
|turn|51
|
|t:|1758962210
|-end|p2a: Kingambit|fallen1|[silent]
|switch|p2a: Ogerpon|Ogerpon-Wellspring, F|84/100
|move|p1a: Indeedee|Tera Blast|p2a: Ogerpon|[anim] Tera Blast Fighting
|-damage|p2a: Ogerpon|43/100
|
|upkeep
|turn|52
|
|t:|1758962215
|switch|p1a: Dragonite|Dragonite, F|100/100
|move|p2a: Ogerpon|U-turn|p1a: Dragonite
|-resisted|p1a: Dragonite
|-damage|p1a: Dragonite|95/100
|
|t:|1758962223
|switch|p2a: Great Tusk|Great Tusk|93/100|[from] U-turn
|
|upkeep
|turn|53
|
|t:|1758962230
|move|p2a: Great Tusk|Rapid Spin|p1a: Dragonite
|-damage|p1a: Dragonite|77/100
|-boost|p2a: Great Tusk|spe|1
|move|p1a: Dragonite|Dragon Dance|p1a: Dragonite
|-boost|p1a: Dragonite|atk|1
|-boost|p1a: Dragonite|spe|1
|
|upkeep
|turn|54
|
|t:|1758962236
|move|p2a: Great Tusk|Rapid Spin|p1a: Dragonite
|-crit|p1a: Dragonite
|-damage|p1a: Dragonite|54/100
|-boost|p2a: Great Tusk|spe|1
|move|p1a: Dragonite|Roost|p1a: Dragonite
|-heal|p1a: Dragonite|100/100
|-singleturn|p1a: Dragonite|move: Roost
|
|upkeep
|turn|55
|
|t:|1758962242
|move|p2a: Great Tusk|Ice Spinner|p1a: Dragonite
|-supereffective|p1a: Dragonite
|-damage|p1a: Dragonite|50/100
|-fieldend|move: Psychic Terrain
|move|p1a: Dragonite|Dragon Dance|p1a: Dragonite
|-boost|p1a: Dragonite|atk|1
|-boost|p1a: Dragonite|spe|1
|
|upkeep
|turn|56
|-message|Catactual forfeited.
|
|win|lerendezvous
|raw|Catactual's rating: 1605 &rarr; <strong>1593</strong><br />(-12 for losing)
|raw|lerendezvous's rating: 1762 &rarr; <strong>1774</strong><br />(+12 for winning)
