|j|☆bowling12345
|j|☆Red Icigool
|t:|1759065935
|gametype|singles
|player|p1|bowling12345|101|1259
|player|p2|Red Icigool|swimmerf-gen4|1266
|gen|9
|tier|[Gen 9] OU
|rated|
|rule|HP Percentage Mod: HP is shown in percentages
|rule|Endless Battle Clause: Forcing endless battles is banned
|rule|Species Clause: Limit one of each Pokémon
|rule|OHKO Clause: OHKO moves are banned
|rule|Evasion Items Clause: Evasion items are banned
|rule|Evasion Moves Clause: Evasion moves are banned
|rule|Evasion Abilities Clause: Evasion abilities are banned
|rule|Sleep Moves Clause: Sleep-inducing moves are banned
|clearpoke
|poke|p1|Zoroark-Hisui, M|
|poke|p1|Klefki, F|
|poke|p1|Munkidori, M|
|poke|p1|Sinistcha|
|poke|p1|Alomomola, M|
|poke|p1|Entei|
|poke|p2|Forretress, M|
|poke|p2|Scizor, F|
|poke|p2|Kleavor, M|
|poke|p2|Araquanid, M|
|poke|p2|Vikavolt, F|
|poke|p2|Venomoth, M|
|teampreview
|inactive|Battle timer is ON: inactive players will automatically lose when time's up. (requested by bowling12345)
|
|t:|1759065943
|teamsize|p1|6
|teamsize|p2|6
|start
|switch|p1a: Klefki|Klefki, F|100/100
|switch|p2a: Araquanid|Araquanid, M|100/100
|turn|1
|
|t:|1759065952
|move|p1a: Klefki|Thunder Wave|p2a: Araquanid
|-status|p2a: Araquanid|par
|cant|p2a: Araquanid|par
|
|-damage|p1a: Klefki|88/100|[from] item: Sticky Barb
|upkeep
|turn|2
|
|t:|1759065959
|move|p1a: Klefki|Switcheroo|p2a: Araquanid
|-activate|p1a: Klefki|move: Trick|[of] p2a: Araquanid
|-item|p2a: Araquanid|Sticky Barb|[from] move: Switcheroo
|-item|p1a: Klefki|Custap Berry|[from] move: Switcheroo
|cant|p2a: Araquanid|par
|
|-damage|p2a: Araquanid|88/100 par|[from] item: Sticky Barb
|upkeep
|turn|3
|
|t:|1759065966
|move|p1a: Klefki|Light Screen|p1a: Klefki
|-sidestart|p1: bowling12345|move: Light Screen
|move|p2a: Araquanid|Sticky Web|p1a: Klefki
|-sidestart|p1: bowling12345|move: Sticky Web
|
|-damage|p2a: Araquanid|76/100 par|[from] item: Sticky Barb
|upkeep
|turn|4
|
|t:|1759065973
|move|p1a: Klefki|Reflect|p1a: Klefki
|-sidestart|p1: bowling12345|Reflect
|move|p2a: Araquanid|Liquidation|p1a: Klefki
|-damage|p1a: Klefki|63/100
|-unboost|p1a: Klefki|def|1
|
|-damage|p2a: Araquanid|63/100 par|[from] item: Sticky Barb
|upkeep
|turn|5
|
|t:|1759065981
|switch|p1a: Sinistcha|Sinistcha|100/100
|-activate|p1a: Sinistcha|move: Sticky Web
|-unboost|p1a: Sinistcha|spe|1
|switch|p2a: Vikavolt|Vikavolt, F|100/100
|
|upkeep
|turn|6
|
|t:|1759066002
|move|p2a: Vikavolt|Bug Buzz|p1a: Sinistcha
|-damage|p1a: Sinistcha|62/100
|-enditem|p2a: Vikavolt|Throat Spray
|-boost|p2a: Vikavolt|spa|1|[from] item: Throat Spray
|move|p1a: Sinistcha|Hex|p2a: Vikavolt
|-damage|p2a: Vikavolt|52/100
|
|upkeep
|turn|7
|
|t:|1759066020
|switch|p1a: Entei|Entei|100/100
|-activate|p1a: Entei|move: Sticky Web
|-unboost|p1a: Entei|spe|1
|move|p2a: Vikavolt|Bug Buzz|p1a: Entei
|-resisted|p1a: Entei
|-damage|p1a: Entei|89/100
|
|-sideend|p1: bowling12345|move: Light Screen
|upkeep
|turn|8
|
|t:|1759066031
|move|p2a: Vikavolt|Thunderbolt|p1a: Entei
|-damage|p1a: Entei|44/100
|move|p1a: Entei|Sacred Fire|p2a: Vikavolt
|-supereffective|p2a: Vikavolt
|-damage|p2a: Vikavolt|0 fnt
|faint|p2a: Vikavolt
|
|-sideend|p1: bowling12345|Reflect
|upkeep
|
|t:|1759066038
|switch|p2a: Kleavor|Kleavor, M|100/100
|turn|9
|
|t:|1759066045
|switch|p1a: Klefki|Klefki, F|63/100
|-activate|p1a: Klefki|move: Sticky Web
|-unboost|p1a: Klefki|spe|1
|move|p2a: Kleavor|Stone Axe|p1a: Klefki
|-resisted|p1a: Klefki
|-damage|p1a: Klefki|38/100
|-sidestart|p1: bowling12345|move: Stealth Rock
|
|upkeep
|turn|10
|
|t:|1759066064
|switch|p2a: Araquanid|Araquanid, M|63/100 par
|move|p1a: Klefki|Thunder Wave|p2a: Araquanid
|-fail|p2a: Araquanid|par
|
|-damage|p2a: Araquanid|51/100 par|[from] item: Sticky Barb
|upkeep
|turn|11
|
|t:|1759066072
|move|p1a: Klefki|Reflect|p1a: Klefki
|-sidestart|p1: bowling12345|Reflect
|move|p2a: Araquanid|Liquidation|p1a: Klefki
|-damage|p1a: Klefki|16/100
|
|-damage|p2a: Araquanid|39/100 par|[from] item: Sticky Barb
|upkeep
|turn|12
|-enditem|p1a: Klefki|Custap Berry|[eat]
|-activate|p1a: Klefki|item: Custap Berry|[consumed]
|
|t:|1759066080
|move|p1a: Klefki|Light Screen|p1a: Klefki
|-sidestart|p1: bowling12345|move: Light Screen
|cant|p2a: Araquanid|par
|
|-damage|p2a: Araquanid|26/100 par|[from] item: Sticky Barb
|upkeep
|turn|13
|
|t:|1759066089
|switch|p1a: Alomomola|Alomomola, M|100/100
|-activate|p1a: Alomomola|move: Sticky Web
|-unboost|p1a: Alomomola|spe|1
|-damage|p1a: Alomomola|88/100|[from] Stealth Rock
|move|p2a: Araquanid|Liquidation|p1a: Alomomola
|-resisted|p1a: Alomomola
|-damage|p1a: Alomomola|82/100
|-unboost|p1a: Alomomola|def|1
|-damage|p2a: Araquanid|10/100 par|[from] item: Rocky Helmet|[of] p1a: Alomomola
|
|-damage|p2a: Araquanid|0 fnt|[from] item: Sticky Barb
|faint|p2a: Araquanid
|upkeep
|c|☆Red Icigool|that custap didnt matter
|c|☆Red Icigool|:sob
|
|t:|1759066101
|switch|p2a: Venomoth|Venomoth, M|100/100
|turn|14
|
|t:|1759066110
|move|p2a: Venomoth|Quiver Dance|p2a: Venomoth
|-boost|p2a: Venomoth|spa|1
|-boost|p2a: Venomoth|spd|1
|-boost|p2a: Venomoth|spe|1
|move|p1a: Alomomola|Wish|p1a: Alomomola
|
|upkeep
|turn|15
|
|t:|1759066119
|move|p2a: Venomoth|Bug Buzz|p1a: Alomomola
|-damage|p1a: Alomomola|46/100
|move|p1a: Alomomola|Flip Turn|p2a: Venomoth
|-damage|p2a: Venomoth|70/100
|
|t:|1759066125
|switch|p1a: Entei|Entei|44/100|[from] Flip Turn
|-activate|p1a: Entei|move: Sticky Web
|-unboost|p1a: Entei|spe|1
|-damage|p1a: Entei|19/100|[from] Stealth Rock
|
|-heal|p1a: Entei|91/100|[from] move: Wish|[wisher] Alomomola
|-heal|p2a: Venomoth|76/100|[from] item: Black Sludge
|-sideend|p1: bowling12345|Reflect
|upkeep
|turn|16
|
|t:|1759066134
|move|p2a: Venomoth|Sludge Wave|p1a: Entei
|-damage|p1a: Entei|71/100
|move|p1a: Entei|Sacred Fire|p2a: Venomoth
|-supereffective|p2a: Venomoth
|-damage|p2a: Venomoth|0 fnt
|faint|p2a: Venomoth
|
|-sideend|p1: bowling12345|move: Light Screen
|upkeep
|
|t:|1759066140
|switch|p2a: Kleavor|Kleavor, M|100/100
|turn|17
|
|t:|1759066152
|switch|p1a: Alomomola|Alomomola, M|80/100
|-activate|p1a: Alomomola|move: Sticky Web
|-unboost|p1a: Alomomola|spe|1
|-damage|p1a: Alomomola|67/100|[from] Stealth Rock
|move|p2a: Kleavor|Night Slash|p1a: Alomomola
|-damage|p1a: Alomomola|46/100
|-damage|p2a: Kleavor|84/100|[from] item: Rocky Helmet|[of] p1a: Alomomola
|
|upkeep
|turn|18
|
|t:|1759066161
|switch|p2a: Scizor|Scizor, F|100/100
|switch|p1a: Klefki|Klefki, F|16/100
|-activate|p1a: Klefki|move: Sticky Web
|-unboost|p1a: Klefki|spe|1
|-damage|p1a: Klefki|10/100|[from] Stealth Rock
|
|upkeep
|turn|19
|
|t:|1759066169
|switch|p2a: Forretress|Forretress, M|100/100
|move|p1a: Klefki|Thunder Wave|p2a: Forretress
|-status|p2a: Forretress|par
|
|upkeep
|turn|20
|
|t:|1759066181
|switch|p2a: Kleavor|Kleavor, M|84/100
|move|p1a: Klefki|Switcheroo|p2a: Kleavor
|-activate|p1a: Klefki|move: Trick|[of] p2a: Kleavor
|-enditem|p2a: Kleavor|Choice Scarf|[silent]|[from] move: Switcheroo
|-item|p1a: Klefki|Choice Scarf|[from] move: Switcheroo
|
|upkeep
|turn|21
|
|t:|1759066195
|move|p1a: Klefki|Thunder Wave|p2a: Kleavor
|-status|p2a: Kleavor|par
|move|p2a: Kleavor|Night Slash|p1a: Klefki
|-resisted|p1a: Klefki
|-damage|p1a: Klefki|0 fnt
|faint|p1a: Klefki
|
|upkeep
|
|t:|1759066207
|switch|p1a: Alomomola|Alomomola, M|79/100
|-activate|p1a: Alomomola|move: Sticky Web
|-unboost|p1a: Alomomola|spe|1
|-damage|p1a: Alomomola|67/100|[from] Stealth Rock
|turn|22
|
|t:|1759066212
|move|p2a: Kleavor|U-turn|p1a: Alomomola
|-damage|p1a: Alomomola|46/100
|-damage|p2a: Kleavor|68/100 par|[from] item: Rocky Helmet|[of] p1a: Alomomola
|
|t:|1759066216
|switch|p2a: Forretress|Forretress, M|100/100 par|[from] U-turn
|move|p1a: Alomomola|Wish|p1a: Alomomola
|
|upkeep
|turn|23
|
|t:|1759066224
|move|p1a: Alomomola|Flip Turn|p2a: Forretress
|-damage|p2a: Forretress|91/100 par
|-damage|p1a: Alomomola|30/100|[from] item: Rocky Helmet|[of] p2a: Forretress
|
|t:|1759066228
|switch|p1a: Sinistcha|Sinistcha|62/100|[from] Flip Turn
|-activate|p1a: Sinistcha|move: Sticky Web
|-unboost|p1a: Sinistcha|spe|1
|-damage|p1a: Sinistcha|50/100|[from] Stealth Rock
|move|p2a: Forretress|Thunder Wave|p1a: Sinistcha
|-status|p1a: Sinistcha|par
|
|-heal|p1a: Sinistcha|100/100 par|[from] move: Wish|[wisher] Alomomola
|upkeep
|turn|24
|
|t:|1759066239
|move|p2a: Forretress|Volt Switch|p1a: Sinistcha
|-resisted|p1a: Sinistcha
|-damage|p1a: Sinistcha|93/100 par
|
|t:|1759066241
|switch|p2a: Kleavor|Kleavor, M|68/100 par|[from] Volt Switch
|move|p1a: Sinistcha|Hex|p2a: Kleavor
|-damage|p2a: Kleavor|0 fnt
|faint|p2a: Kleavor
|
|upkeep
|
|t:|1759066246
|switch|p2a: Scizor|Scizor, F|100/100
|turn|25
|
|t:|1759066264
|switch|p1a: Alomomola|Alomomola, M|63/100
|-activate|p1a: Alomomola|move: Sticky Web
|-unboost|p1a: Alomomola|spe|1
|-damage|p1a: Alomomola|51/100|[from] Stealth Rock
|move|p2a: Scizor|Swords Dance|p2a: Scizor
|-boost|p2a: Scizor|atk|2
|
|upkeep
|turn|26
|
|t:|1759066272
|move|p2a: Scizor|Swords Dance|p2a: Scizor
|-boost|p2a: Scizor|atk|2
|move|p1a: Alomomola|Scald|p2a: Scizor
|-damage|p2a: Scizor|81/100
|-status|p2a: Scizor|brn
|
|-damage|p2a: Scizor|75/100 brn|[from] brn
|upkeep
|turn|27
|-message|Red Icigool forfeited.
|
|win|bowling12345
|raw|bowling12345's rating: 1259 &rarr; <strong>1285</strong><br />(+26 for winning)
|raw|Red Icigool's rating: 1266 &rarr; <strong>1240</strong><br />(-26 for losing)
|l|☆Red Icigool
|player|p2|
|l|☆bowling12345
|player|p1|
