|j|☆TrentMercer
|j|☆ay cheu
|t:|1758967198
|gametype|singles
|player|p1|TrentMercer|n|1577
|player|p2|ay cheu|riley|1614
|gen|9
|tier|[Gen 9] OU
|rated|
|rule|HP Percentage Mod: HP is shown in percentages
|rule|Endless Battle Clause: Forcing endless battles is banned
|rule|Species Clause: Limit one of each Pokémon
|rule|OHKO Clause: OHKO moves are banned
|rule|Evasion Items Clause: Evasion items are banned
|rule|Evasion Moves Clause: Evasion moves are banned
|rule|Evasion Abilities Clause: Evasion abilities are banned
|rule|Sleep Moves Clause: Sleep-inducing moves are banned
|clearpoke
|poke|p1|Great Tusk|
|poke|p1|Slowking-Galar, F|
|poke|p1|Cinderace, M|
|poke|p1|Crawdaunt, M|
|poke|p1|Zapdos|
|poke|p1|Gholdengo|
|poke|p2|Arcanine-Hisui, M|
|poke|p2|Metagross|
|poke|p2|Sandy Shocks|
|poke|p2|Zapdos-Galar|
|poke|p2|Suicune|
|poke|p2|Frosmoth, F|
|teampreview
|inactive|Battle timer is ON: inactive players will automatically lose when time's up. (requested by ay cheu)
|
|t:|1758967210
|teamsize|p1|6
|teamsize|p2|6
|start
|switch|p1a: Crawdaunt|Crawdaunt, M|100/100
|switch|p2a: 隼|Zapdos-Galar|100/100
|turn|1
|
|t:|1758967214
|switch|p1a: Gholdengo|Gholdengo|100/100
|move|p2a: 隼|U-turn|p1a: Gholdengo
|-resisted|p1a: Gholdengo
|-damage|p1a: Gholdengo|94/100
|
|t:|1758967218
|switch|p2a: 灰灰|Arcanine-Hisui, M|100/100|[from] U-turn
|
|upkeep
|turn|2
|
|t:|1758967223
|switch|p1a: Great Tusk|Great Tusk|100/100
|-enditem|p1a: Great Tusk|Booster Energy
|-activate|p1a: Great Tusk|ability: Protosynthesis|[fromitem]
|-start|p1a: Great Tusk|protosynthesisatk
|move|p2a: 灰灰|Flare Blitz|p1a: Great Tusk
|-damage|p1a: Great Tusk|40/100
|
|upkeep
|turn|3
|
|t:|1758967230
|-terastallize|p1a: Great Tusk|Water
|move|p2a: 灰灰|Flare Blitz|p1a: Great Tusk
|-resisted|p1a: Great Tusk
|-damage|p1a: Great Tusk|7/100
|move|p1a: Great Tusk|Headlong Rush|p2a: 灰灰
|-supereffective|p2a: 灰灰
|-damage|p2a: 灰灰|0 fnt
|-unboost|p1a: Great Tusk|def|1
|-unboost|p1a: Great Tusk|spd|1
|faint|p2a: 灰灰
|
|upkeep
|
|t:|1758967240
|switch|p2a: Sandy Shocks|Sandy Shocks|100/100
|turn|4
|
|t:|1758967248
|move|p2a: Sandy Shocks|Volt Switch|p1a: Great Tusk
|-supereffective|p1a: Great Tusk
|-damage|p1a: Great Tusk|0 fnt
|faint|p1a: Great Tusk
|-end|p1a: Great Tusk|Protosynthesis|[silent]
|-damage|p2a: Sandy Shocks|91/100|[from] item: Life Orb
|
|t:|1758967250
|-end|p2a: Sandy Shocks|Protosynthesis|[silent]
|switch|p2a: 力拔山兮|Metagross, shiny|100/100|[from] Volt Switch
|
|upkeep
|
|t:|1758967259
|switch|p1a: Crawdaunt|Crawdaunt, M|100/100
|turn|5
|
|t:|1758967263
|-terastallize|p2a: 力拔山兮|Fighting
|move|p1a: Crawdaunt|Knock Off|p2a: 力拔山兮
|-resisted|p2a: 力拔山兮
|-damage|p2a: 力拔山兮|69/100
|-damage|p1a: Crawdaunt|84/100|[from] item: Rocky Helmet|[of] p2a: 力拔山兮
|-enditem|p2a: 力拔山兮|Rocky Helmet|[from] move: Knock Off|[of] p1a: Crawdaunt
|move|p2a: 力拔山兮|Body Press|p1a: Crawdaunt
|-supereffective|p1a: Crawdaunt
|-damage|p1a: Crawdaunt|0 fnt
|faint|p1a: Crawdaunt
|
|upkeep
|
|t:|1758967273
|switch|p1a: Gholdengo|Gholdengo|94/100
|turn|6
|
|t:|1758967278
|switch|p2a: 扑火|Frosmoth, F, shiny|100/100
|move|p1a: Gholdengo|Dazzling Gleam|p2a: 扑火
|-damage|p2a: 扑火|89/100
|
|upkeep
|turn|7
|
|t:|1758967284
|switch|p1a: Cinderace|Cinderace, M|100/100
|move|p2a: 扑火|Mirror Coat||[still]
|-fail|p2a: 扑火
|
|upkeep
|turn|8
|
|t:|1758967290
|switch|p2a: 君君|Suicune|100/100
|-ability|p2a: 君君|Pressure
|move|p1a: Cinderace|Pyro Ball|p2a: 君君
|-resisted|p2a: 君君
|-damage|p2a: 君君|84/100
|
|-heal|p2a: 君君|90/100|[from] item: Leftovers
|upkeep
|turn|9
|
|t:|1758967297
|move|p1a: Cinderace|High Jump Kick|p2a: 君君
|-start|p1a: Cinderace|typechange|Fighting|[from] ability: Libero
|-damage|p2a: 君君|54/100
|move|p2a: 君君|Scald|p1a: Cinderace
|-damage|p1a: Cinderace|67/100
|
|-heal|p2a: 君君|61/100|[from] item: Leftovers
|upkeep
|turn|10
|
|t:|1758967305
|switch|p1a: Slowking|Slowking-Galar, F|100/100
|move|p2a: 君君|Scald|p1a: Slowking
|-damage|p1a: Slowking|88/100
|-status|p1a: Slowking|brn
|
|-heal|p2a: 君君|67/100|[from] item: Leftovers
|-damage|p1a: Slowking|82/100 brn|[from] brn
|upkeep
|turn|11
|
|t:|1758967309
|move|p2a: 君君|Substitute|p2a: 君君
|-start|p2a: 君君|Substitute
|-damage|p2a: 君君|42/100
|move|p1a: Slowking|Sludge Bomb|p2a: 君君
|-end|p2a: 君君|Substitute
|
|-heal|p2a: 君君|48/100|[from] item: Leftovers
|-damage|p1a: Slowking|76/100 brn|[from] brn
|upkeep
|turn|12
|
|t:|1758967313
|switch|p2a: Sandy Shocks|Sandy Shocks|91/100
|move|p1a: Slowking|Sludge Bomb|p2a: Sandy Shocks
|-resisted|p2a: Sandy Shocks
|-damage|p2a: Sandy Shocks|66/100
|
|-damage|p1a: Slowking|70/100 brn|[from] brn
|upkeep
|turn|13
|
|t:|1758967317
|move|p2a: Sandy Shocks|Earth Power|p1a: Slowking
|-supereffective|p1a: Slowking
|-damage|p1a: Slowking|16/100 brn
|-damage|p2a: Sandy Shocks|56/100|[from] item: Life Orb
|move|p1a: Slowking|Ice Beam|p2a: Sandy Shocks
|-supereffective|p2a: Sandy Shocks
|-damage|p2a: Sandy Shocks|0 fnt
|faint|p2a: Sandy Shocks
|-end|p2a: Sandy Shocks|Protosynthesis|[silent]
|
|-damage|p1a: Slowking|10/100 brn|[from] brn
|upkeep
|
|t:|1758967326
|switch|p2a: 隼|Zapdos-Galar|100/100
|turn|14
|
|t:|1758967335
|switch|p1a: Zapdos|Zapdos|100/100
|move|p2a: 隼|Knock Off|p1a: Zapdos
|-damage|p1a: Zapdos|77/100
|-enditem|p1a: Zapdos|Heavy-Duty Boots|[from] move: Knock Off|[of] p2a: 隼
|
|upkeep
|turn|15
|
|t:|1758967341
|switch|p2a: 扑火|Frosmoth, F, shiny|89/100
|move|p1a: Zapdos|Volt Switch|p2a: 扑火
|-damage|p2a: 扑火|77/100
|
|t:|1758967347
|switch|p1a: Cinderace|Cinderace, M|67/100|[from] Volt Switch
|
|upkeep
|turn|16
|
|t:|1758967351
|switch|p2a: 力拔山兮|Metagross, shiny, tera:Fighting|69/100
|move|p1a: Cinderace|U-turn|p2a: 力拔山兮
|-start|p1a: Cinderace|typechange|Bug|[from] ability: Libero
|-resisted|p2a: 力拔山兮
|-damage|p2a: 力拔山兮|60/100
|
|t:|1758967356
|switch|p1a: Gholdengo|Gholdengo|94/100|[from] U-turn
|
|upkeep
|turn|17
|
|t:|1758967363
|switch|p2a: 扑火|Frosmoth, F, shiny|77/100
|move|p1a: Gholdengo|Dazzling Gleam|p2a: 扑火
|-damage|p2a: 扑火|67/100
|
|upkeep
|turn|18
|
|t:|1758967369
|switch|p1a: Slowking|Slowking-Galar, F|43/100 brn
|move|p2a: 扑火|U-turn|p1a: Slowking
|-damage|p1a: Slowking|28/100 brn
|
|t:|1758967373
|switch|p2a: 力拔山兮|Metagross, shiny, tera:Fighting|60/100|[from] U-turn
|
|-damage|p1a: Slowking|22/100 brn|[from] brn
|upkeep
|turn|19
|
|t:|1758967377
|switch|p1a: Zapdos|Zapdos|77/100
|move|p2a: 力拔山兮|Stealth Rock|p1a: Zapdos
|-sidestart|p1: TrentMercer|move: Stealth Rock
|
|upkeep
|turn|20
|
|t:|1758967382
|move|p1a: Zapdos|Hurricane|p2a: 力拔山兮|[miss]
|-miss|p1a: Zapdos|p2a: 力拔山兮
|move|p2a: 力拔山兮|Psychic Noise|p1a: Zapdos
|-damage|p1a: Zapdos|55/100
|-start|p1a: Zapdos|move: Heal Block
|
|upkeep
|turn|21
|
|t:|1758967386
|switch|p2a: 扑火|Frosmoth, F, shiny|67/100
|move|p1a: Zapdos|Hurricane|p2a: 扑火
|-supereffective|p2a: 扑火
|-damage|p2a: 扑火|29/100
|
|-end|p1a: Zapdos|move: Heal Block
|upkeep
|turn|22
|
|t:|1758967405
|move|p1a: Zapdos|Volt Switch|p2a: 扑火
|-damage|p2a: 扑火|17/100
|
|t:|1758967409
|switch|p1a: Gholdengo|Gholdengo|94/100|[from] Volt Switch
|-damage|p1a: Gholdengo|88/100|[from] Stealth Rock
|move|p2a: 扑火|Ice Beam|p1a: Gholdengo
|-resisted|p1a: Gholdengo
|-damage|p1a: Gholdengo|64/100
|
|upkeep
|turn|23
|
|t:|1758967414
|move|p1a: Gholdengo|Dazzling Gleam|p2a: 扑火
|-damage|p2a: 扑火|6/100
|move|p2a: 扑火|U-turn|p1a: Gholdengo
|-resisted|p1a: Gholdengo
|-damage|p1a: Gholdengo|60/100
|
|t:|1758967418
|switch|p2a: 隼|Zapdos-Galar|100/100|[from] U-turn
|
|upkeep
|turn|24
|
|t:|1758967425
|move|p2a: 隼|Knock Off|p1a: Gholdengo
|-supereffective|p1a: Gholdengo
|-damage|p1a: Gholdengo|0 fnt
|-enditem|p1a: Gholdengo|Choice Scarf|[from] move: Knock Off|[of] p2a: 隼
|faint|p1a: Gholdengo
|
|upkeep
|
|t:|1758967429
|switch|p1a: Zapdos|Zapdos|55/100
|-damage|p1a: Zapdos|30/100|[from] Stealth Rock
|turn|25
|
|t:|1758967439
|switch|p2a: 扑火|Frosmoth, F, shiny|6/100
|move|p1a: Zapdos|Roost|p1a: Zapdos
|-heal|p1a: Zapdos|80/100
|-singleturn|p1a: Zapdos|move: Roost
|
|upkeep
|turn|26
|
|t:|1758967443
|move|p1a: Zapdos|Volt Switch|p2a: 扑火
|-damage|p2a: 扑火|0 fnt
|faint|p2a: 扑火
|
|t:|1758967453
|switch|p1a: Slowking|Slowking-Galar, F|55/100 brn|[from] Volt Switch
|-damage|p1a: Slowking|42/100 brn|[from] Stealth Rock
|
|-damage|p1a: Slowking|36/100 brn|[from] brn
|upkeep
|
|t:|1758967456
|switch|p2a: 隼|Zapdos-Galar|100/100
|turn|27
|
|t:|1758967461
|switch|p1a: Zapdos|Zapdos|80/100
|-damage|p1a: Zapdos|55/100|[from] Stealth Rock
|move|p2a: 隼|Knock Off|p1a: Zapdos
|-damage|p1a: Zapdos|38/100
|-status|p2a: 隼|par|[from] ability: Static|[of] p1a: Zapdos
|
|upkeep
|turn|28
|
|t:|1758967468
|switch|p2a: 君君|Suicune|48/100
|-ability|p2a: 君君|Pressure
|move|p1a: Zapdos|Roost|p1a: Zapdos
|-heal|p1a: Zapdos|88/100
|-singleturn|p1a: Zapdos|move: Roost
|
|-heal|p2a: 君君|54/100|[from] item: Leftovers
|upkeep
|turn|29
|-message|ay cheu forfeited.
|
|win|TrentMercer
|raw|TrentMercer's rating: 1577 &rarr; <strong>1599</strong><br />(+22 for winning)
|raw|ay cheu's rating: 1614 &rarr; <strong>1592</strong><br />(-22 for losing)
|l|☆ay cheu
|player|p2|
|l|☆TrentMercer
|player|p1|
