|j|‽grahrgsgh
|j|☆RakinSestrrrr
|t:|1758946935
|gametype|singles
|player|p1|grahrgsgh|266|1198
|player|p2|RakinSestrrrr|1|1211
|gen|9
|tier|[Gen 9] OU
|rated|
|rule|HP Percentage Mod: HP is shown in percentages
|rule|Endless Battle Clause: Forcing endless battles is banned
|rule|Species Clause: Limit one of each Pokémon
|rule|OHKO Clause: OHKO moves are banned
|rule|Evasion Items Clause: Evasion items are banned
|rule|Evasion Moves Clause: Evasion moves are banned
|rule|Evasion Abilities Clause: Evasion abilities are banned
|rule|Sleep Moves Clause: Sleep-inducing moves are banned
|clearpoke
|poke|p1|Dragapult, M|
|poke|p1|Samurott-Hisui, M|
|poke|p1|Slowking-Galar, F|
|poke|p1|Iron Treads|
|poke|p1|Tornadus-Therian, M|
|poke|p1|Alomomola, F|
|poke|p2|Garganacl, F|
|poke|p2|Jirachi|
|poke|p2|Hoopa-Unbound|
|poke|p2|Cinderace, M|
|poke|p2|Rillaboom, M|
|poke|p2|Hitmonlee, M|
|teampreview
|
|t:|1758946943
|teamsize|p1|6
|teamsize|p2|6
|start
|switch|p1a: Samurott|Samurott-Hisui, M|100/100
|switch|p2a: Garganacl|Garganacl, F, shiny|100/100
|turn|1
|
|t:|1758946949
|move|p1a: Samurott|Knock Off|p2a: Garganacl
|-damage|p2a: Garganacl|77/100
|-enditem|p2a: Garganacl|Leftovers|[from] move: Knock Off|[of] p1a: Samurott
|move|p2a: Garganacl|Salt Cure|p1a: Samurott
|-damage|p1a: Samurott|87/100
|-start|p1a: Samurott|Salt Cure
|
|-damage|p1a: Samurott|62/100|[from] Salt Cure
|upkeep
|turn|2
|
|t:|1758946952
|switch|p1a: Dragapult|Dragapult, M|100/100
|move|p2a: Garganacl|Stealth Rock|p1a: Dragapult
|-sidestart|p1: grahrgsgh|move: Stealth Rock
|
|upkeep
|turn|3
|
|t:|1758946958
|-terastallize|p2a: Garganacl|Water
|move|p1a: Dragapult|Substitute|p1a: Dragapult
|-start|p1a: Dragapult|Substitute
|-damage|p1a: Dragapult|76/100
|move|p2a: Garganacl|Salt Cure|p1a: Dragapult
|-crit|p1a: Dragapult
|-activate|p1a: Dragapult|move: Substitute|[damage]
|
|upkeep
|turn|4
|
|t:|1758946963
|move|p1a: Dragapult|Infestation|p2a: Garganacl
|-damage|p2a: Garganacl|73/100
|-activate|p2a: Garganacl|move: Infestation|[of] p1a: Dragapult
|move|p2a: Garganacl|Salt Cure|p1a: Dragapult
|-end|p1a: Dragapult|Substitute
|
|-damage|p2a: Garganacl|61/100|[from] move: Infestation|[partiallytrapped]
|upkeep
|turn|5
|
|t:|1758946967
|move|p1a: Dragapult|Substitute|p1a: Dragapult
|-start|p1a: Dragapult|Substitute
|-damage|p1a: Dragapult|51/100
|move|p2a: Garganacl|Salt Cure|p1a: Dragapult
|-activate|p1a: Dragapult|move: Substitute|[damage]
|
|-damage|p2a: Garganacl|48/100|[from] move: Infestation|[partiallytrapped]
|upkeep
|turn|6
|
|t:|1758946969
|move|p1a: Dragapult|Dragon Darts|p2a: Garganacl
|-damage|p2a: Garganacl|37/100
|-anim|p1a: Dragapult|Dragon Darts|p2a: Garganacl
|-damage|p2a: Garganacl|26/100
|move|p2a: Garganacl|Salt Cure|p1a: Dragapult
|-end|p1a: Dragapult|Substitute
|
|-damage|p2a: Garganacl|14/100|[from] move: Infestation|[partiallytrapped]
|upkeep
|turn|7
|
|t:|1758946975
|move|p1a: Dragapult|Dragon Darts|p2a: Garganacl
|-damage|p2a: Garganacl|3/100
|-anim|p1a: Dragapult|Dragon Darts|p2a: Garganacl
|-damage|p2a: Garganacl|0 fnt
|faint|p2a: Garganacl
|
|upkeep
|
|t:|1758946983
|switch|p2a: Hoopa|Hoopa-Unbound|100/100
|turn|8
|
|t:|1758946989
|move|p1a: Dragapult|U-turn|p2a: Hoopa
|-supereffective|p2a: Hoopa
|-damage|p2a: Hoopa|0 fnt
|faint|p2a: Hoopa
|
|t:|1758946993
|switch|p1a: Iron Treads|Iron Treads|100/100|[from] U-turn
|-damage|p1a: Iron Treads|98/100|[from] Stealth Rock
|-enditem|p1a: Iron Treads|Booster Energy
|-activate|p1a: Iron Treads|ability: Quark Drive|[fromitem]
|-start|p1a: Iron Treads|quarkdrivespe
|
|upkeep
|
|t:|1758946997
|switch|p2a: Cinderace|Cinderace, M|100/100
|turn|9
|
|t:|1758947002
|move|p1a: Iron Treads|Rapid Spin|p2a: Cinderace
|-damage|p2a: Cinderace|83/100
|-boost|p1a: Iron Treads|spe|1
|-sideend|p1: grahrgsgh|Stealth Rock|[from] move: Rapid Spin|[of] p1a: Iron Treads
|move|p2a: Cinderace|Swords Dance|p2a: Cinderace
|-start|p2a: Cinderace|typechange|Normal|[from] ability: Libero
|-boost|p2a: Cinderace|atk|2
|
|upkeep
|turn|10
|
|t:|1758947014
|move|p1a: Iron Treads|Knock Off|p2a: Cinderace
|-damage|p2a: Cinderace|47/100
|-enditem|p2a: Cinderace|Heavy-Duty Boots|[from] move: Knock Off|[of] p1a: Iron Treads
|move|p2a: Cinderace|Pyro Ball|p1a: Iron Treads
|-supereffective|p1a: Iron Treads
|-damage|p1a: Iron Treads|0 fnt
|faint|p1a: Iron Treads
|-end|p1a: Iron Treads|Quark Drive|[silent]
|
|upkeep
|
|t:|1758947027
|switch|p1a: Tornadus|Tornadus-Therian, M|100/100
|turn|11
|
|t:|1758947035
|move|p1a: Tornadus|Bleakwind Storm|p2a: Cinderace
|-damage|p2a: Cinderace|0 fnt
|faint|p2a: Cinderace
|
|upkeep
|
|t:|1758947042
|switch|p2a: Rillaboom|Rillaboom, M|100/100
|-fieldstart|move: Grassy Terrain|[from] ability: Grassy Surge|[of] p2a: Rillaboom
|turn|12
|
|t:|1758947046
|move|p1a: Tornadus|Bleakwind Storm|p2a: Rillaboom
|-supereffective|p2a: Rillaboom
|-damage|p2a: Rillaboom|7/100
|move|p2a: Rillaboom|Knock Off|p1a: Tornadus
|-damage|p1a: Tornadus|63/100
|-enditem|p1a: Tornadus|Heavy-Duty Boots|[from] move: Knock Off|[of] p2a: Rillaboom
|
|-heal|p2a: Rillaboom|13/100|[from] Grassy Terrain
|-heal|p2a: Rillaboom|19/100|[from] item: Leftovers
|upkeep
|turn|13
|
|t:|1758947051
|move|p1a: Tornadus|U-turn|p2a: Rillaboom
|-supereffective|p2a: Rillaboom
|-damage|p2a: Rillaboom|0 fnt
|faint|p2a: Rillaboom
|
|t:|1758947054
|switch|p1a: Dragapult|Dragapult, M|51/100|[from] U-turn
|
|-heal|p1a: Dragapult|57/100|[from] Grassy Terrain
|upkeep
|
|t:|1758947056
|switch|p2a: Hitmonlee|Hitmonlee, M|100/100
|-enditem|p2a: Hitmonlee|Grassy Seed
|-boost|p2a: Hitmonlee|def|1|[from] item: Grassy Seed
|turn|14
|
|t:|1758947063
|move|p2a: Hitmonlee|Knock Off|p1a: Dragapult
|-supereffective|p1a: Dragapult
|-damage|p1a: Dragapult|0 fnt
|-enditem|p1a: Dragapult|Heavy-Duty Boots|[from] move: Knock Off|[of] p2a: Hitmonlee
|faint|p1a: Dragapult
|
|upkeep
|
|t:|1758947067
|switch|p1a: Tornadus|Tornadus-Therian, M|96/100
|turn|15
|
|t:|1758947074
|move|p2a: Hitmonlee|Knock Off|p1a: Tornadus
|-damage|p1a: Tornadus|70/100
|move|p1a: Tornadus|Bleakwind Storm|p2a: Hitmonlee|[miss]
|-miss|p1a: Tornadus|p2a: Hitmonlee
|
|upkeep
|turn|16
|
|t:|1758947083
|move|p2a: Hitmonlee|Blaze Kick|p1a: Tornadus
|-damage|p1a: Tornadus|33/100
|move|p1a: Tornadus|Bleakwind Storm|p2a: Hitmonlee|[miss]
|-miss|p1a: Tornadus|p2a: Hitmonlee
|
|-fieldend|move: Grassy Terrain
|upkeep
|turn|17
|
|t:|1758947089
|switch|p1a: Alomomola|Alomomola, F|100/100
|move|p2a: Hitmonlee|Blaze Kick|p1a: Alomomola|[miss]
|-miss|p2a: Hitmonlee|p1a: Alomomola
|
|upkeep
|turn|18
|inactive|Battle timer is ON: inactive players will automatically lose when time's up. (requested by grahrgsgh)
|
|t:|1758947094
|move|p2a: Hitmonlee|Knock Off|p1a: Alomomola
|-damage|p1a: Alomomola|82/100
|-enditem|p1a: Alomomola|Heavy-Duty Boots|[from] move: Knock Off|[of] p2a: Hitmonlee
|move|p1a: Alomomola|Wish|p1a: Alomomola
|
|upkeep
|turn|19
|
|t:|1758947102
|move|p2a: Hitmonlee|Blaze Kick|p1a: Alomomola|[miss]
|-miss|p2a: Hitmonlee|p1a: Alomomola
|move|p1a: Alomomola|Flip Turn|p2a: Hitmonlee
|-damage|p2a: Hitmonlee|73/100
|
|t:|1758947104
|switch|p1a: Tornadus|Tornadus-Therian, M|66/100|[from] Flip Turn
|
|-heal|p1a: Tornadus|100/100|[from] move: Wish|[wisher] Alomomola
|upkeep
|turn|20
|
|t:|1758947106
|move|p2a: Hitmonlee|Blaze Kick|p1a: Tornadus
|-damage|p1a: Tornadus|66/100
|-status|p1a: Tornadus|brn
|move|p1a: Tornadus|Bleakwind Storm|p2a: Hitmonlee
|-supereffective|p2a: Hitmonlee
|-damage|p2a: Hitmonlee|0 fnt
|faint|p2a: Hitmonlee
|
|-damage|p1a: Tornadus|60/100 brn|[from] brn
|upkeep
|
|t:|1758947109
|switch|p2a: Jirachi|Jirachi|100/100
|turn|21
|
|t:|1758947117
|move|p1a: Tornadus|Heat Wave|p2a: Jirachi
|-supereffective|p2a: Jirachi
|-crit|p2a: Jirachi
|-damage|p2a: Jirachi|45/100
|move|p2a: Jirachi|Meteor Mash|p1a: Tornadus
|-damage|p1a: Tornadus|25/100 brn
|
|-heal|p2a: Jirachi|52/100|[from] item: Leftovers
|-damage|p1a: Tornadus|19/100 brn|[from] brn
|upkeep
|turn|22
|
|t:|1758947122
|move|p1a: Tornadus|Heat Wave|p2a: Jirachi
|-supereffective|p2a: Jirachi
|-damage|p2a: Jirachi|19/100
|move|p2a: Jirachi|Wish|p2a: Jirachi
|
|-heal|p2a: Jirachi|25/100|[from] item: Leftovers
|-damage|p1a: Tornadus|13/100 brn|[from] brn
|upkeep
|turn|23
|
|t:|1758947126
|switch|p1a: Alomomola|Alomomola, F|100/100
|move|p2a: Jirachi|Protect||[still]
|-fail|p2a: Jirachi
|
|-heal|p2a: Jirachi|75/100|[from] move: Wish|[wisher] Jirachi
|-heal|p2a: Jirachi|81/100|[from] item: Leftovers
|upkeep
|turn|24
|
|t:|1758947130
|move|p1a: Alomomola|Protect|p1a: Alomomola
|-singleturn|p1a: Alomomola|Protect
|move|p2a: Jirachi|Wish|p2a: Jirachi
|
|-heal|p2a: Jirachi|87/100|[from] item: Leftovers
|upkeep
|turn|25
|
|t:|1758947133
|move|p2a: Jirachi|Meteor Mash|p1a: Alomomola
|-resisted|p1a: Alomomola
|-damage|p1a: Alomomola|92/100
|move|p1a: Alomomola|Wish|p1a: Alomomola
|
|-heal|p2a: Jirachi|100/100|[from] move: Wish|[wisher] Jirachi
|upkeep
|turn|26
|
|t:|1758947138
|move|p2a: Jirachi|Meteor Mash|p1a: Alomomola
|-resisted|p1a: Alomomola
|-damage|p1a: Alomomola|83/100
|move|p1a: Alomomola|Flip Turn|p2a: Jirachi
|-damage|p2a: Jirachi|86/100
|
|t:|1758947142
|switch|p1a: Samurott|Samurott-Hisui, M|62/100|[from] Flip Turn
|
|-heal|p1a: Samurott|100/100|[from] move: Wish|[wisher] Alomomola
|-heal|p2a: Jirachi|93/100|[from] item: Leftovers
|upkeep
|turn|27
|
|t:|1758947146
|move|p1a: Samurott|Knock Off|p2a: Jirachi
|-supereffective|p2a: Jirachi
|-damage|p2a: Jirachi|20/100
|-enditem|p2a: Jirachi|Leftovers|[from] move: Knock Off|[of] p1a: Samurott
|move|p2a: Jirachi|Meteor Mash|p1a: Samurott
|-resisted|p1a: Samurott
|-damage|p1a: Samurott|85/100
|-boost|p2a: Jirachi|atk|1
|
|upkeep
|turn|28
|
|t:|1758947155
|move|p1a: Samurott|Knock Off|p2a: Jirachi
|-supereffective|p2a: Jirachi
|-damage|p2a: Jirachi|0 fnt
|faint|p2a: Jirachi
|
|win|grahrgsgh
|raw|grahrgsgh's rating: 1198 &rarr; <strong>1224</strong><br />(+26 for winning)
|raw|RakinSestrrrr's rating: 1211 &rarr; <strong>1185</strong><br />(-26 for losing)
|l|☆RakinSestrrrr
|player|p2|
