|j|☆K1D_CYB3RPUNK
|j|☆Lyco123
|t:|1759039844
|gametype|singles
|player|p1|K1D_CYB3RPUNK|101|1094
|player|p2|Lyco123|101|1142
|gen|9
|tier|[Gen 9] OU
|rated|
|rule|HP Percentage Mod: HP is shown in percentages
|rule|Endless Battle Clause: Forcing endless battles is banned
|rule|Species Clause: Limit one of each Pokémon
|rule|OHKO Clause: OHKO moves are banned
|rule|Evasion Items Clause: Evasion items are banned
|rule|Evasion Moves Clause: Evasion moves are banned
|rule|Evasion Abilities Clause: Evasion abilities are banned
|rule|Sleep Moves Clause: Sleep-inducing moves are banned
|clearpoke
|poke|p1|Garchomp, M|
|poke|p1|Lucario, M|
|poke|p1|Gardevoir, F|
|poke|p1|Tinkaton, F|
|poke|p1|Snorlax, M|
|poke|p1|Magnezone|
|poke|p2|Garchomp, M|
|poke|p2|Alomomola, F|
|poke|p2|Bombirdier, F|
|poke|p2|Tentacruel, M|
|poke|p2|Weavile, F|
|poke|p2|Deoxys-Speed|
|teampreview
|inactive|Battle timer is ON: inactive players will automatically lose when time's up. (requested by Lyco123)
|
|t:|1759039876
|teamsize|p1|6
|teamsize|p2|6
|start
|switch|p1a: Lucario|Lucario, M|100/100
|switch|p2a: Deoxys|Deoxys-Speed|100/100
|-ability|p2a: Deoxys|Pressure
|turn|1
|
|t:|1759039888
|switch|p1a: Magnezone|Magnezone|100/100
|-item|p1a: Magnezone|Air Balloon
|move|p2a: Deoxys|Psychic|p1a: Magnezone
|-resisted|p1a: Magnezone
|-damage|p1a: Magnezone|68/100
|-enditem|p1a: Magnezone|Air Balloon
|
|upkeep
|turn|2
|
|t:|1759039899
|switch|p2a: Tentacruel|Tentacruel, M|100/100
|move|p1a: Magnezone|Thunder Wave|p2a: Tentacruel|[miss]
|-miss|p1a: Magnezone|p2a: Tentacruel
|
|upkeep
|turn|3
|
|t:|1759039906
|move|p2a: Tentacruel|Knock Off|p1a: Magnezone
|-damage|p1a: Magnezone|58/100
|move|p1a: Magnezone|Volt Switch|p2a: Tentacruel
|-supereffective|p2a: Tentacruel
|-damage|p2a: Tentacruel|69/100
|
|t:|1759039915
|switch|p1a: Gardevoir|Gardevoir, F, shiny|100/100|[from] Volt Switch
|
|upkeep
|turn|4
|
|t:|1759039921
|move|p2a: Tentacruel|Poison Jab|p1a: Gardevoir
|-supereffective|p1a: Gardevoir
|-damage|p1a: Gardevoir|36/100
|move|p1a: Gardevoir|Psychic|p2a: Tentacruel
|-supereffective|p2a: Tentacruel
|-damage|p2a: Tentacruel|25/100
|
|upkeep
|turn|5
|
|t:|1759039929
|move|p2a: Tentacruel|Poison Jab|p1a: Gardevoir
|-supereffective|p1a: Gardevoir
|-damage|p1a: Gardevoir|0 fnt
|faint|p1a: Gardevoir
|
|upkeep
|
|t:|1759039941
|switch|p1a: Magnezone|Magnezone|58/100
|turn|6
|
|t:|1759039944
|move|p2a: Tentacruel|Flip Turn|p1a: Magnezone
|-damage|p1a: Magnezone|44/100
|
|t:|1759039947
|switch|p2a: Garchomp|Garchomp, M|100/100|[from] Flip Turn
|move|p1a: Magnezone|Volt Switch|p2a: Garchomp
|-immune|p2a: Garchomp
|
|upkeep
|turn|7
|
|t:|1759039960
|-terastallize|p1a: Magnezone|Ground
|move|p2a: Garchomp|Earthquake|p1a: Magnezone
|-damage|p1a: Magnezone|6/100
|move|p1a: Magnezone|Tera Blast|p2a: Garchomp|[anim] Tera Blast Ground
|-damage|p2a: Garchomp|60/100
|
|-heal|p2a: Garchomp|66/100|[from] item: Leftovers
|upkeep
|turn|8
|
|t:|1759039977
|move|p2a: Garchomp|Stealth Rock|p1a: Magnezone
|-sidestart|p1: K1D_CYB3RPUNK|move: Stealth Rock
|move|p1a: Magnezone|Flash Cannon|p2a: Garchomp
|-damage|p2a: Garchomp|24/100
|-unboost|p2a: Garchomp|spd|1
|
|-heal|p2a: Garchomp|30/100|[from] item: Leftovers
|upkeep
|turn|9
|
|t:|1759039986
|move|p2a: Garchomp|Spikes|p1a: Magnezone
|-sidestart|p1: K1D_CYB3RPUNK|Spikes
|move|p1a: Magnezone|Flash Cannon|p2a: Garchomp
|-crit|p2a: Garchomp
|-damage|p2a: Garchomp|0 fnt
|faint|p2a: Garchomp
|
|upkeep
|
|t:|1759039995
|switch|p2a: Tentacruel|Tentacruel, M|25/100
|turn|10
|
|t:|1759039999
|move|p2a: Tentacruel|Knock Off|p1a: Magnezone
|-damage|p1a: Magnezone|0 fnt
|faint|p1a: Magnezone
|
|upkeep
|
|t:|1759040008
|switch|p1a: Lucario|Lucario, M|100/100
|-damage|p1a: Lucario|98/100|[from] Stealth Rock
|-damage|p1a: Lucario|85/100|[from] Spikes
|turn|11
|
|t:|1759040014
|move|p1a: Lucario|Extreme Speed|p2a: Tentacruel
|-damage|p2a: Tentacruel|0 fnt
|faint|p2a: Tentacruel
|
|upkeep
|
|t:|1759040019
|switch|p2a: Alomomola|Alomomola, F|100/100
|turn|12
|
|t:|1759040023
|move|p1a: Lucario|Extreme Speed|p2a: Alomomola
|-damage|p2a: Alomomola|86/100
|-damage|p1a: Lucario|69/100|[from] item: Rocky Helmet|[of] p2a: Alomomola
|move|p2a: Alomomola|Scald|p1a: Lucario
|-damage|p1a: Lucario|47/100
|-status|p1a: Lucario|brn
|
|-damage|p1a: Lucario|41/100 brn|[from] brn
|upkeep
|turn|13
|
|t:|1759040033
|move|p1a: Lucario|Extreme Speed|p2a: Alomomola
|-damage|p2a: Alomomola|80/100
|-damage|p1a: Lucario|25/100 brn|[from] item: Rocky Helmet|[of] p2a: Alomomola
|move|p2a: Alomomola|Wish|p2a: Alomomola
|
|-damage|p1a: Lucario|19/100 brn|[from] brn
|upkeep
|turn|14
|
|t:|1759040042
|move|p1a: Lucario|Extreme Speed|p2a: Alomomola
|-damage|p2a: Alomomola|74/100
|-damage|p1a: Lucario|2/100 brn|[from] item: Rocky Helmet|[of] p2a: Alomomola
|move|p2a: Alomomola|Scald|p1a: Lucario
|-crit|p1a: Lucario
|-damage|p1a: Lucario|0 fnt
|faint|p1a: Lucario
|
|-heal|p2a: Alomomola|100/100|[from] move: Wish|[wisher] Alomomola
|upkeep
|
|t:|1759040061
|switch|p1a: Snorlax|Snorlax, M|100/100
|-damage|p1a: Snorlax|88/100|[from] Stealth Rock
|-damage|p1a: Snorlax|76/100|[from] Spikes
|turn|15
|
|t:|1759040074
|move|p2a: Alomomola|Scald|p1a: Snorlax
|-damage|p1a: Snorlax|68/100
|move|p1a: Snorlax|Body Slam|p2a: Alomomola
|-damage|p2a: Alomomola|84/100
|-damage|p1a: Snorlax|52/100|[from] item: Rocky Helmet|[of] p2a: Alomomola
|
|-heal|p1a: Snorlax|58/100|[from] item: Leftovers
|upkeep
|turn|16
|
|t:|1759040084
|move|p2a: Alomomola|Scald|p1a: Snorlax
|-damage|p1a: Snorlax|50/100
|move|p1a: Snorlax|Crunch|p2a: Alomomola
|-damage|p2a: Alomomola|72/100
|-damage|p1a: Snorlax|34/100|[from] item: Rocky Helmet|[of] p2a: Alomomola
|
|-heal|p1a: Snorlax|40/100|[from] item: Leftovers
|upkeep
|turn|17
|
|t:|1759040093
|move|p2a: Alomomola|Scald|p1a: Snorlax
|-damage|p1a: Snorlax|33/100
|move|p1a: Snorlax|Body Slam|p2a: Alomomola
|-damage|p2a: Alomomola|56/100
|-damage|p1a: Snorlax|17/100|[from] item: Rocky Helmet|[of] p2a: Alomomola
|
|-heal|p1a: Snorlax|23/100|[from] item: Leftovers
|upkeep
|turn|18
|
|t:|1759040103
|move|p2a: Alomomola|Wish|p2a: Alomomola
|move|p1a: Snorlax|Body Slam|p2a: Alomomola
|-damage|p2a: Alomomola|38/100
|-damage|p1a: Snorlax|6/100|[from] item: Rocky Helmet|[of] p2a: Alomomola
|
|-heal|p1a: Snorlax|13/100|[from] item: Leftovers
|upkeep
|turn|19
|
|t:|1759040111
|move|p2a: Alomomola|Scald|p1a: Snorlax
|-damage|p1a: Snorlax|5/100
|-status|p1a: Snorlax|brn
|move|p1a: Snorlax|Body Slam|p2a: Alomomola
|-damage|p2a: Alomomola|30/100
|-status|p2a: Alomomola|par
|-damage|p1a: Snorlax|0 fnt|[from] item: Rocky Helmet|[of] p2a: Alomomola
|faint|p1a: Snorlax
|
|-heal|p2a: Alomomola|80/100 par|[from] move: Wish|[wisher] Alomomola
|upkeep
|
|t:|1759040125
|switch|p1a: Garchomp|Garchomp, M|100/100
|-damage|p1a: Garchomp|94/100|[from] Stealth Rock
|-damage|p1a: Garchomp|82/100|[from] Spikes
|turn|20
|
|t:|1759040136
|move|p1a: Garchomp|Dragon Claw|p2a: Alomomola
|-damage|p2a: Alomomola|57/100 par
|-damage|p1a: Garchomp|65/100|[from] item: Rocky Helmet|[of] p2a: Alomomola
|move|p2a: Alomomola|Scald|p1a: Garchomp
|-damage|p1a: Garchomp|53/100
|
|upkeep
|turn|21
|
|t:|1759040144
|move|p1a: Garchomp|Dragon Claw|p2a: Alomomola
|-damage|p2a: Alomomola|34/100 par
|-damage|p1a: Garchomp|36/100|[from] item: Rocky Helmet|[of] p2a: Alomomola
|move|p2a: Alomomola|Wish|p2a: Alomomola
|
|upkeep
|turn|22
|
|t:|1759040150
|move|p2a: Alomomola|Protect|p2a: Alomomola
|-singleturn|p2a: Alomomola|Protect
|move|p1a: Garchomp|Dragon Claw|p2a: Alomomola
|-activate|p2a: Alomomola|move: Protect
|
|-heal|p2a: Alomomola|84/100 par|[from] move: Wish|[wisher] Alomomola
|upkeep
|turn|23
|
|t:|1759040159
|move|p1a: Garchomp|Dragon Claw|p2a: Alomomola
|-damage|p2a: Alomomola|60/100 par
|-damage|p1a: Garchomp|20/100|[from] item: Rocky Helmet|[of] p2a: Alomomola
|move|p2a: Alomomola|Wish|p2a: Alomomola
|
|upkeep
|turn|24
|
|t:|1759040167
|move|p1a: Garchomp|Dragon Claw|p2a: Alomomola
|-damage|p2a: Alomomola|35/100 par
|-damage|p1a: Garchomp|3/100|[from] item: Rocky Helmet|[of] p2a: Alomomola
|cant|p2a: Alomomola|par
|
|-heal|p2a: Alomomola|85/100 par|[from] move: Wish|[wisher] Alomomola
|upkeep
|turn|25
|
|t:|1759040176
|move|p1a: Garchomp|Earthquake|p2a: Alomomola
|-damage|p2a: Alomomola|54/100 par
|move|p2a: Alomomola|Wish|p2a: Alomomola
|
|upkeep
|turn|26
|
|t:|1759040189
|move|p1a: Garchomp|Earthquake|p2a: Alomomola
|-damage|p2a: Alomomola|21/100 par
|cant|p2a: Alomomola|par
|
|-heal|p2a: Alomomola|71/100 par|[from] move: Wish|[wisher] Alomomola
|upkeep
|turn|27
|
|t:|1759040196
|move|p1a: Garchomp|Earthquake|p2a: Alomomola
|-damage|p2a: Alomomola|42/100 par
|move|p2a: Alomomola|Flip Turn|p1a: Garchomp
|-damage|p1a: Garchomp|0 fnt
|-damage|p2a: Alomomola|29/100 par|[from] ability: Rough Skin|[of] p1a: Garchomp
|faint|p1a: Garchomp
|
|t:|1759040212
|switch|p2a: Deoxys|Deoxys-Speed|100/100|[from] Flip Turn
|-ability|p2a: Deoxys|Pressure
|
|upkeep
|
|t:|1759040217
|switch|p1a: Tinkaton|Tinkaton, F|100/100
|-damage|p1a: Tinkaton|94/100|[from] Stealth Rock
|-damage|p1a: Tinkaton|82/100|[from] Spikes
|-ability|p1a: Tinkaton|Mold Breaker
|turn|28
|
|t:|1759040226
|move|p2a: Deoxys|Thunderbolt|p1a: Tinkaton
|-damage|p1a: Tinkaton|56/100
|move|p1a: Tinkaton|Knock Off|p2a: Deoxys
|-supereffective|p2a: Deoxys
|-damage|p2a: Deoxys|41/100
|-enditem|p2a: Deoxys|Choice Specs|[from] move: Knock Off|[of] p1a: Tinkaton
|
|upkeep
|turn|29
|
|t:|1759040234
|move|p2a: Deoxys|Thunderbolt|p1a: Tinkaton
|-damage|p1a: Tinkaton|37/100
|move|p1a: Tinkaton|Gigaton Hammer|p2a: Deoxys
|-damage|p2a: Deoxys|0 fnt
|faint|p2a: Deoxys
|
|upkeep
|
|t:|1759040242
|switch|p2a: Alomomola|Alomomola, F|63/100 par
|turn|30
|
|t:|1759040245
|move|p1a: Tinkaton|Draining Kiss|p2a: Alomomola
|-damage|p2a: Alomomola|48/100 par
|-heal|p1a: Tinkaton|57/100|[from] drain|[of] p2a: Alomomola
|-damage|p1a: Tinkaton|41/100|[from] item: Rocky Helmet|[of] p2a: Alomomola
|move|p2a: Alomomola|Scald|p1a: Tinkaton
|-damage|p1a: Tinkaton|31/100
|
|upkeep
|turn|31
|
|t:|1759040256
|move|p1a: Tinkaton|Knock Off|p2a: Alomomola
|-damage|p2a: Alomomola|33/100 par
|-damage|p1a: Tinkaton|15/100|[from] item: Rocky Helmet|[of] p2a: Alomomola
|-enditem|p2a: Alomomola|Rocky Helmet|[from] move: Knock Off|[of] p1a: Tinkaton
|move|p2a: Alomomola|Scald|p1a: Tinkaton
|-damage|p1a: Tinkaton|5/100
|
|upkeep
|turn|32
|
|t:|1759040265
|move|p1a: Tinkaton|Draining Kiss|p2a: Alomomola
|-damage|p2a: Alomomola|18/100 par
|-heal|p1a: Tinkaton|24/100|[from] drain|[of] p2a: Alomomola
|cant|p2a: Alomomola|par
|
|upkeep
|turn|33
|
|t:|1759040271
|move|p1a: Tinkaton|Draining Kiss|p2a: Alomomola
|-damage|p2a: Alomomola|2/100 par
|-heal|p1a: Tinkaton|45/100|[from] drain|[of] p2a: Alomomola
|move|p2a: Alomomola|Scald|p1a: Tinkaton
|-damage|p1a: Tinkaton|35/100
|-status|p1a: Tinkaton|brn
|
|-damage|p1a: Tinkaton|28/100 brn|[from] brn
|upkeep
|turn|34
|
|t:|1759040282
|move|p1a: Tinkaton|Draining Kiss|p2a: Alomomola
|-damage|p2a: Alomomola|0 fnt
|-heal|p1a: Tinkaton|30/100 brn|[from] drain|[of] p2a: Alomomola
|faint|p2a: Alomomola
|
|-damage|p1a: Tinkaton|24/100 brn|[from] brn
|upkeep
|
|t:|1759040288
|switch|p2a: Weavile|Weavile, F|100/100
|turn|35
|
|t:|1759040294
|move|p2a: Weavile|Low Kick|p1a: Tinkaton
|-damage|p1a: Tinkaton|0 fnt
|faint|p1a: Tinkaton
|-damage|p2a: Weavile|91/100|[from] item: Life Orb
|
|win|Lyco123
|raw|K1D_CYB3RPUNK's rating: 1094 &rarr; <strong>1073</strong><br />(-21 for losing)
|raw|Lyco123's rating: 1142 &rarr; <strong>1164</strong><br />(+22 for winning)
|l|☆Lyco123
|player|p2|
|l|☆K1D_CYB3RPUNK
|player|p1|
