|j|☆sanoj0880jonas
|j|‽vivacore565
|t:|1758961877
|gametype|singles
|player|p1|sanoj0880jonas|lucas|1129
|player|p2|vivacore565|unknown|1152
|gen|9
|tier|[Gen 9] OU
|rated|
|rule|HP Percentage Mod: HP is shown in percentages
|rule|Endless Battle Clause: Forcing endless battles is banned
|rule|Species Clause: Limit one of each Pokémon
|rule|OHKO Clause: OHKO moves are banned
|rule|Evasion Items Clause: Evasion items are banned
|rule|Evasion Moves Clause: Evasion moves are banned
|rule|Evasion Abilities Clause: Evasion abilities are banned
|rule|Sleep Moves Clause: Sleep-inducing moves are banned
|clearpoke
|poke|p1|Dragonite, M|
|poke|p1|Milotic, F|
|poke|p1|Raichu, F|
|poke|p1|Excadrill, M|
|poke|p1|Chandelure, M|
|poke|p1|Breloom, M|
|poke|p2|Grimmsnarl, M|
|poke|p2|Scizor, M|
|poke|p2|Dragapult, F|
|poke|p2|Great Tusk|
|poke|p2|Glimmora, F|
|poke|p2|Dragonite, F|
|teampreview
|inactive|Battle timer is ON: inactive players will automatically lose when time's up. (requested by vivacore565)
|
|t:|1758961888
|teamsize|p1|6
|teamsize|p2|6
|start
|switch|p1a: Excadrill|Excadrill, M|100/100
|switch|p2a: Glimmora|Glimmora, F|100/100
|-ability|p1a: Excadrill|Mold Breaker
|turn|1
|
|t:|1758961896
|move|p2a: Glimmora|Earth Power|p1a: Excadrill
|-supereffective|p1a: Excadrill
|-damage|p1a: Excadrill|41/100
|move|p1a: Excadrill|Stealth Rock|p2a: Glimmora
|-sidestart|p2: vivacore565|move: Stealth Rock
|
|-heal|p1a: Excadrill|47/100|[from] item: Leftovers
|upkeep
|turn|2
|
|t:|1758961911
|switch|p1a: Milotic|Milotic, F|100/100
|move|p2a: Glimmora|Earth Power|p1a: Milotic
|-damage|p1a: Milotic|81/100
|
|-heal|p1a: Milotic|88/100|[from] item: Leftovers
|upkeep
|turn|3
|
|t:|1758961919
|move|p2a: Glimmora|Stealth Rock|p1a: Milotic
|-sidestart|p1: sanoj0880jonas|move: Stealth Rock
|move|p1a: Milotic|Scald|p2a: Glimmora
|-supereffective|p2a: Glimmora
|-damage|p2a: Glimmora|33/100
|
|-heal|p1a: Milotic|94/100|[from] item: Leftovers
|upkeep
|turn|4
|
|t:|1758961926
|move|p2a: Glimmora|Mortal Spin|p1a: Milotic
|-damage|p1a: Milotic|89/100
|-status|p1a: Milotic|psn
|-sideend|p2: vivacore565|Stealth Rock|[from] move: Mortal Spin|[of] p2a: Glimmora
|move|p1a: Milotic|Scald|p2a: Glimmora
|-supereffective|p2a: Glimmora
|-damage|p2a: Glimmora|0 fnt
|faint|p2a: Glimmora
|
|-heal|p1a: Milotic|95/100 psn|[from] item: Leftovers
|-damage|p1a: Milotic|82/100 psn|[from] psn
|upkeep
|
|t:|1758961945
|switch|p2a: Dragapult|Dragapult, F|100/100
|turn|5
|
|t:|1758961949
|move|p2a: Dragapult|Draco Meteor|p1a: Milotic
|-damage|p1a: Milotic|31/100 psn
|-unboost|p2a: Dragapult|spa|2
|move|p1a: Milotic|Ice Beam|p2a: Dragapult
|-supereffective|p2a: Dragapult
|-damage|p2a: Dragapult|40/100
|
|-heal|p1a: Milotic|37/100 psn|[from] item: Leftovers
|-damage|p1a: Milotic|24/100 psn|[from] psn
|upkeep
|turn|6
|
|t:|1758961960
|move|p2a: Dragapult|Draco Meteor|p1a: Milotic|[miss]
|-miss|p2a: Dragapult|p1a: Milotic
|move|p1a: Milotic|Recover|p1a: Milotic
|-heal|p1a: Milotic|74/100 psn
|
|-heal|p1a: Milotic|80/100 psn|[from] item: Leftovers
|-damage|p1a: Milotic|68/100 psn|[from] psn
|upkeep
|turn|7
|
|t:|1758961969
|switch|p2a: Grimmsnarl|Grimmsnarl, M|100/100
|move|p1a: Milotic|Ice Beam|p2a: Grimmsnarl
|-damage|p2a: Grimmsnarl|86/100
|
|-heal|p1a: Milotic|74/100 psn|[from] item: Leftovers
|-damage|p1a: Milotic|62/100 psn|[from] psn
|upkeep
|turn|8
|
|t:|1758961977
|switch|p2a: Great Tusk|Great Tusk|100/100
|move|p1a: Milotic|Scald|p2a: Great Tusk
|-supereffective|p2a: Great Tusk
|-damage|p2a: Great Tusk|18/100
|-status|p2a: Great Tusk|brn
|
|-heal|p1a: Milotic|68/100 psn|[from] item: Leftovers
|-damage|p1a: Milotic|55/100 psn|[from] psn
|-damage|p2a: Great Tusk|12/100 brn|[from] brn
|upkeep
|turn|9
|
|t:|1758961987
|move|p2a: Great Tusk|Knock Off|p1a: Milotic
|-damage|p1a: Milotic|45/100 psn
|-enditem|p1a: Milotic|Leftovers|[from] move: Knock Off|[of] p2a: Great Tusk
|move|p1a: Milotic|Recover|p1a: Milotic
|-heal|p1a: Milotic|95/100 psn
|
|-damage|p1a: Milotic|83/100 psn|[from] psn
|-damage|p2a: Great Tusk|6/100 brn|[from] brn
|upkeep
|turn|10
|
|t:|1758961996
|move|p2a: Great Tusk|Headlong Rush|p1a: Milotic
|-damage|p1a: Milotic|63/100 psn
|-unboost|p2a: Great Tusk|def|1
|-unboost|p2a: Great Tusk|spd|1
|move|p1a: Milotic|Recover|p1a: Milotic
|-heal|p1a: Milotic|100/100 psn
|
|-damage|p1a: Milotic|88/100 psn|[from] psn
|-damage|p2a: Great Tusk|0 fnt|[from] brn
|faint|p2a: Great Tusk
|-end|p2a: Great Tusk|Protosynthesis|[silent]
|upkeep
|
|t:|1758962001
|switch|p2a: Scizor|Scizor, M|100/100
|turn|11
|
|t:|1758962008
|move|p2a: Scizor|Swords Dance|p2a: Scizor
|-boost|p2a: Scizor|atk|2
|move|p1a: Milotic|Scald|p2a: Scizor
|-damage|p2a: Scizor|63/100
|
|-damage|p1a: Milotic|76/100 psn|[from] psn
|upkeep
|turn|12
|
|t:|1758962016
|move|p2a: Scizor|Close Combat|p1a: Milotic
|-damage|p1a: Milotic|19/100 psn
|-unboost|p2a: Scizor|def|1
|-unboost|p2a: Scizor|spd|1
|move|p1a: Milotic|Dragon Tail|p2a: Scizor
|-resisted|p2a: Scizor
|-damage|p2a: Scizor|57/100
|drag|p2a: Dragonite|Dragonite, F|100/100
|
|-damage|p1a: Milotic|6/100 psn|[from] psn
|upkeep
|turn|13
|
|t:|1758962027
|move|p2a: Dragonite|Earthquake|p1a: Milotic
|-damage|p1a: Milotic|0 fnt
|faint|p1a: Milotic
|
|upkeep
|inactive|sanoj0880jonas has 120 seconds left.
|
|t:|1758962052
|switch|p1a: Raichu|Raichu, F|100/100
|-damage|p1a: Raichu|88/100|[from] Stealth Rock
|-item|p1a: Raichu|Air Balloon
|turn|14
|
|t:|1758962058
|switch|p2a: Dragapult|Dragapult, F|40/100
|move|p1a: Raichu|Encore||[still]
|-fail|p1a: Raichu
|
|upkeep
|turn|15
|
|t:|1758962063
|move|p2a: Dragapult|Shadow Ball|p1a: Raichu
|-damage|p1a: Raichu|8/100
|-enditem|p1a: Raichu|Air Balloon
|move|p1a: Raichu|Alluring Voice|p2a: Dragapult
|-supereffective|p2a: Dragapult
|-damage|p2a: Dragapult|0 fnt
|faint|p2a: Dragapult
|
|upkeep
|inactive|vivacore565 has 120 seconds left.
|
|t:|1758962102
|switch|p2a: Grimmsnarl|Grimmsnarl, M|86/100
|turn|16
|
|t:|1758962109
|move|p2a: Grimmsnarl|Light Screen|p2a: Grimmsnarl
|-sidestart|p2: vivacore565|move: Light Screen
|move|p1a: Raichu|Thunderbolt|p2a: Grimmsnarl
|-damage|p2a: Grimmsnarl|73/100
|
|upkeep
|turn|17
|
|t:|1758962115
|move|p2a: Grimmsnarl|Reflect|p2a: Grimmsnarl
|-sidestart|p2: vivacore565|Reflect
|move|p1a: Raichu|Encore|p2a: Grimmsnarl
|-start|p2a: Grimmsnarl|Encore
|
|upkeep
|turn|18
|
|t:|1758962121
|switch|p2a: Scizor|Scizor, M|57/100
|move|p1a: Raichu|Thunderbolt|p2a: Scizor
|-damage|p2a: Scizor|33/100
|
|upkeep
|turn|19
|
|t:|1758962129
|move|p2a: Scizor|Bullet Punch|p1a: Raichu
|-resisted|p1a: Raichu
|-damage|p1a: Raichu|0 fnt
|faint|p1a: Raichu
|
|upkeep
|
|t:|1758962134
|switch|p1a: Excadrill|Excadrill, M|47/100
|-damage|p1a: Excadrill|44/100|[from] Stealth Rock
|-ability|p1a: Excadrill|Mold Breaker
|turn|20
|
|t:|1758962139
|switch|p2a: Dragonite|Dragonite, F|100/100
|move|p1a: Excadrill|Rapid Spin|p2a: Dragonite
|-damage|p2a: Dragonite|91/100
|-boost|p1a: Excadrill|spe|1
|-sideend|p1: sanoj0880jonas|Stealth Rock|[from] move: Rapid Spin|[of] p1a: Excadrill
|
|-heal|p1a: Excadrill|50/100|[from] item: Leftovers
|upkeep
|turn|21
|
|t:|1758962148
|move|p1a: Excadrill|Iron Head|p2a: Dragonite
|-damage|p2a: Dragonite|72/100
|move|p2a: Dragonite|Dragon Dance|p2a: Dragonite
|-boost|p2a: Dragonite|atk|1
|-boost|p2a: Dragonite|spe|1
|
|-heal|p1a: Excadrill|57/100|[from] item: Leftovers
|upkeep
|turn|22
|
|t:|1758962155
|move|p1a: Excadrill|Stealth Rock|p2a: Dragonite
|-sidestart|p2: vivacore565|move: Stealth Rock
|move|p2a: Dragonite|Dragon Dance|p2a: Dragonite
|-boost|p2a: Dragonite|atk|1
|-boost|p2a: Dragonite|spe|1
|
|-heal|p1a: Excadrill|63/100|[from] item: Leftovers
|upkeep
|turn|23
|
|t:|1758962167
|-terastallize|p2a: Dragonite|Normal
|move|p2a: Dragonite|Extreme Speed|p1a: Excadrill
|-resisted|p1a: Excadrill
|-damage|p1a: Excadrill|0 fnt
|faint|p1a: Excadrill
|
|-sideend|p2: vivacore565|move: Light Screen
|upkeep
|
|t:|1758962176
|switch|p1a: Breloom|Breloom, M|100/100
|turn|24
|
|t:|1758962183
|move|p2a: Dragonite|Extreme Speed|p1a: Breloom
|-enditem|p1a: Breloom|Focus Sash
|-damage|p1a: Breloom|1/100
|move|p1a: Breloom|Bullet Seed|p2a: Dragonite
|-damage|p2a: Dragonite|61/100
|-crit|p2a: Dragonite
|-damage|p2a: Dragonite|27/100
|-hitcount|p2a: Dragonite|2
|
|-sideend|p2: vivacore565|Reflect
|upkeep
|turn|25
|
|t:|1758962197
|move|p2a: Dragonite|Extreme Speed|p1a: Breloom
|-damage|p1a: Breloom|0 fnt
|faint|p1a: Breloom
|
|upkeep
|
|t:|1758962207
|switch|p1a: Chandelure|Chandelure, M|100/100
|-item|p1a: Chandelure|Air Balloon
|turn|26
|
|t:|1758962215
|move|p2a: Dragonite|Ice Spinner|p1a: Chandelure
|-resisted|p1a: Chandelure
|-damage|p1a: Chandelure|57/100
|-enditem|p1a: Chandelure|Air Balloon
|move|p1a: Chandelure|Flamethrower|p2a: Dragonite
|-damage|p2a: Dragonite|0 fnt
|faint|p2a: Dragonite
|
|upkeep
|-message|vivacore565 forfeited.
|
|win|sanoj0880jonas
|raw|sanoj0880jonas's rating: 1129 &rarr; <strong>1156</strong><br />(+27 for winning)
|raw|vivacore565's rating: 1152 &rarr; <strong>1125</strong><br />(-27 for losing)
|l|‽vivacore565
|player|p2|
|l|☆sanoj0880jonas
|player|p1|
