|j|☆Ai Specialist 144
|j|☆grunt ted
|t:|1759003015
|gametype|singles
|player|p1|Ai Specialist 144|marley|1375
|player|p2|grunt ted|rocketgrunt|1370
|gen|9
|tier|[Gen 9] OU
|rated|
|rule|HP Percentage Mod: HP is shown in percentages
|rule|Endless Battle Clause: Forcing endless battles is banned
|rule|Species Clause: Limit one of each Pokémon
|rule|OHKO Clause: OHKO moves are banned
|rule|Evasion Items Clause: Evasion items are banned
|rule|Evasion Moves Clause: Evasion moves are banned
|rule|Evasion Abilities Clause: Evasion abilities are banned
|rule|Sleep Moves Clause: Sleep-inducing moves are banned
|clearpoke
|poke|p1|Iron Valiant|
|poke|p1|Dragonite, M|
|poke|p1|Gholdengo|
|poke|p1|Darkrai|
|poke|p1|Excadrill, M|
|poke|p1|Ogerpon-Wellspring, F|
|poke|p2|Pelipper, F|
|poke|p2|Glimmora, M|
|poke|p2|Hatterene, F|
|poke|p2|Darkrai|
|poke|p2|Raging Bolt|
|poke|p2|Rillaboom, F|
|teampreview
|inactive|Battle timer is ON: inactive players will automatically lose when time's up. (requested by grunt ted)
|
|t:|1759003023
|teamsize|p1|6
|teamsize|p2|6
|start
|switch|p1a: G047 🐑|Excadrill, M, shiny|100/100
|switch|p2a: Glimmora|Glimmora, M|100/100
|-ability|p1a: G047 🐑|Mold Breaker
|turn|1
|
|t:|1759003034
|switch|p2a: Pelipper|Pelipper, F|100/100
|-weather|RainDance|[from] ability: Drizzle|[of] p2a: Pelipper
|move|p1a: G047 🐑|Rapid Spin|p2a: Pelipper
|-damage|p2a: Pelipper|81/100
|-boost|p1a: G047 🐑|spe|1
|
|-weather|RainDance|[upkeep]
|upkeep
|turn|2
|
|t:|1759003043
|move|p1a: G047 🐑|Stealth Rock|p2a: Pelipper
|-sidestart|p2: grunt ted|move: Stealth Rock
|move|p2a: Pelipper|Weather Ball|p1a: G047 🐑
|-supereffective|p1a: G047 🐑
|-enditem|p1a: G047 🐑|Focus Sash
|-damage|p1a: G047 🐑|1/100
|
|-weather|RainDance|[upkeep]
|upkeep
|turn|3
|
|t:|1759003052
|move|p1a: G047 🐑|Steel Beam|p2a: Pelipper
|-resisted|p2a: Pelipper
|-damage|p2a: Pelipper|62/100
|-damage|p1a: G047 🐑|0 fnt|[from] steelbeam
|faint|p1a: G047 🐑
|move|p2a: Pelipper|Weather Ball|p1: G047 🐑|[notarget]
|-fail|p2a: Pelipper
|
|-weather|RainDance|[upkeep]
|upkeep
|
|t:|1759003074
|switch|p1a: M47R1X|Ogerpon-Wellspring, F|100/100
|turn|4
|
|t:|1759003084
|switch|p1a: HUN73R🩸|Darkrai, shiny|100/100
|switch|p2a: Rillaboom|Rillaboom, F|100/100
|-damage|p2a: Rillaboom|88/100|[from] Stealth Rock
|-fieldstart|move: Grassy Terrain|[from] ability: Grassy Surge|[of] p2a: Rillaboom
|
|-weather|RainDance|[upkeep]
|-heal|p2a: Rillaboom|94/100|[from] Grassy Terrain
|upkeep
|turn|5
|
|t:|1759003095
|move|p1a: HUN73R🩸|Ice Beam|p2a: Rillaboom
|-supereffective|p2a: Rillaboom
|-damage|p2a: Rillaboom|0 fnt
|faint|p2a: Rillaboom
|-damage|p1a: HUN73R🩸|91/100|[from] item: Life Orb
|
|-weather|none
|-heal|p1a: HUN73R🩸|97/100|[from] Grassy Terrain
|upkeep
|
|t:|1759003097
|switch|p2a: Glimmora|Glimmora, M|100/100
|-damage|p2a: Glimmora|88/100|[from] Stealth Rock
|turn|6
|
|t:|1759003108
|move|p1a: HUN73R🩸|Dark Pulse|p2a: Glimmora
|-damage|p2a: Glimmora|13/100
|-enditem|p2a: Glimmora|Red Card|[of] p1a: HUN73R🩸
|drag|p1a: 0.G.👑|Dragonite, M, shiny|100/100
|move|p2a: Glimmora|Mortal Spin|p1a: 0.G.👑
|-damage|p1a: 0.G.👑|97/100
|-status|p1a: 0.G.👑|psn
|-sideend|p2: grunt ted|Stealth Rock|[from] move: Mortal Spin|[of] p2a: Glimmora
|
|-heal|p2a: Glimmora|19/100|[from] Grassy Terrain
|-damage|p1a: 0.G.👑|85/100 psn|[from] psn
|upkeep
|turn|7
|
|t:|1759003121
|switch|p1a: HUN73R🩸|Darkrai, shiny|97/100
|move|p2a: Glimmora|Power Gem|p1a: HUN73R🩸
|-damage|p1a: HUN73R🩸|31/100
|
|-heal|p1a: HUN73R🩸|37/100|[from] Grassy Terrain
|-heal|p2a: Glimmora|25/100|[from] Grassy Terrain
|upkeep
|turn|8
|
|t:|1759003131
|move|p1a: HUN73R🩸|Ice Beam|p2a: Glimmora
|-damage|p2a: Glimmora|0 fnt
|faint|p2a: Glimmora
|-damage|p1a: HUN73R🩸|27/100|[from] item: Life Orb
|
|-heal|p1a: HUN73R🩸|33/100|[from] Grassy Terrain
|-fieldend|move: Grassy Terrain
|upkeep
|
|t:|1759003138
|switch|p2a: Pelipper|Pelipper, F|62/100
|-weather|RainDance|[from] ability: Drizzle|[of] p2a: Pelipper
|turn|9
|
|t:|1759003149
|move|p1a: HUN73R🩸|Dark Pulse|p2a: Pelipper
|-damage|p2a: Pelipper|0 fnt
|faint|p2a: Pelipper
|-damage|p1a: HUN73R🩸|24/100|[from] item: Life Orb
|
|-weather|RainDance|[upkeep]
|upkeep
|
|t:|1759003155
|switch|p2a: Darkrai|Darkrai|100/100
|turn|10
|
|t:|1759003161
|move|p1a: HUN73R🩸|Sludge Bomb|p2a: Darkrai
|-damage|p2a: Darkrai|43/100
|-damage|p1a: HUN73R🩸|14/100|[from] item: Life Orb
|move|p2a: Darkrai|Dark Pulse|p1a: HUN73R🩸
|-resisted|p1a: HUN73R🩸
|-damage|p1a: HUN73R🩸|0 fnt
|faint|p1a: HUN73R🩸
|-damage|p2a: Darkrai|33/100|[from] item: Life Orb
|
|-weather|RainDance|[upkeep]
|upkeep
|
|t:|1759003180
|switch|p1a: 0.G.👑|Dragonite, M, shiny|85/100 psn
|turn|11
|
|t:|1759003183
|move|p1a: 0.G.👑|Extreme Speed|p2a: Darkrai
|-damage|p2a: Darkrai|0 fnt
|faint|p2a: Darkrai
|
|-weather|RainDance|[upkeep]
|-damage|p1a: 0.G.👑|72/100 psn|[from] psn
|upkeep
|
|t:|1759003188
|switch|p2a: Hatterene|Hatterene, F|100/100
|turn|12
|
|t:|1759003193
|switch|p1a: 401 K 💵|Gholdengo, shiny|100/100
|-item|p1a: 401 K 💵|Air Balloon
|move|p2a: Hatterene|Draining Kiss|p1a: 401 K 💵
|-resisted|p1a: 401 K 💵
|-damage|p1a: 401 K 💵|88/100
|-enditem|p1a: 401 K 💵|Air Balloon
|
|-weather|RainDance|[upkeep]
|upkeep
|turn|13
|
|t:|1759003203
|-terastallize|p2a: Hatterene|Water
|move|p1a: 401 K 💵|Nasty Plot|p1a: 401 K 💵
|-boost|p1a: 401 K 💵|spa|2
|move|p2a: Hatterene|Mystical Fire|p1a: 401 K 💵
|-supereffective|p1a: 401 K 💵
|-damage|p1a: 401 K 💵|63/100
|-unboost|p1a: 401 K 💵|spa|1
|
|-weather|none
|upkeep
|turn|14
|
|t:|1759003214
|move|p1a: 401 K 💵|Shadow Ball|p2a: Hatterene
|-damage|p2a: Hatterene|30/100
|move|p2a: Hatterene|Mystical Fire|p1a: 401 K 💵
|-supereffective|p1a: 401 K 💵
|-damage|p1a: 401 K 💵|9/100
|-unboost|p1a: 401 K 💵|spa|1
|
|-heal|p2a: Hatterene|36/100|[from] item: Leftovers
|upkeep
|turn|15
|
|t:|1759003225
|move|p1a: 401 K 💵|Shadow Ball|p2a: Hatterene
|-damage|p2a: Hatterene|0 fnt
|faint|p2a: Hatterene
|
|upkeep
|
|t:|1759003227
|switch|p2a: Raging Bolt|Raging Bolt|100/100
|-enditem|p2a: Raging Bolt|Booster Energy
|-activate|p2a: Raging Bolt|ability: Protosynthesis|[fromitem]
|-start|p2a: Raging Bolt|protosynthesisspa
|turn|16
|
|t:|1759003234
|switch|p1a: S4iL0R M0on 🌙|Iron Valiant, shiny|100/100
|-enditem|p1a: S4iL0R M0on 🌙|Booster Energy
|-activate|p1a: S4iL0R M0on 🌙|ability: Quark Drive|[fromitem]
|-start|p1a: S4iL0R M0on 🌙|quarkdrivespe
|move|p2a: Raging Bolt|Thunderclap||[still]
|-fail|p2a: Raging Bolt
|
|upkeep
|turn|17
|
|t:|1759003243
|move|p1a: S4iL0R M0on 🌙|Encore|p2a: Raging Bolt
|-start|p2a: Raging Bolt|Encore
|move|p2a: Raging Bolt|Thunderclap||[still]
|-fail|p2a: Raging Bolt
|
|upkeep
|turn|18
|-message|grunt ted forfeited.
|
|win|Ai Specialist 144
|raw|Ai Specialist 144's rating: 1375 &rarr; <strong>1395</strong><br />(+20 for winning)
|raw|grunt ted's rating: 1370 &rarr; <strong>1350</strong><br />(-20 for losing)
|l|☆grunt ted
|player|p2|
