|j|☆benkent333
|j|☆LousiV
|t:|1759027411
|gametype|singles
|player|p1|benkent333|265|1320
|player|p2|LousiV|ltsurge|1314
|gen|9
|tier|[Gen 9] OU
|rated|
|rule|HP Percentage Mod: HP is shown in percentages
|rule|Endless Battle Clause: Forcing endless battles is banned
|rule|Species Clause: Limit one of each Pokémon
|rule|OHKO Clause: OHKO moves are banned
|rule|Evasion Items Clause: Evasion items are banned
|rule|Evasion Moves Clause: Evasion moves are banned
|rule|Evasion Abilities Clause: Evasion abilities are banned
|rule|Sleep Moves Clause: Sleep-inducing moves are banned
|clearpoke
|poke|p1|Darkrai|
|poke|p1|Zamazenta-*|
|poke|p1|Ninetales-Alola, M|
|poke|p1|Iron Moth|
|poke|p1|Maushold-Four|
|poke|p1|Mimikyu, M|
|poke|p2|Reuniclus, F|
|poke|p2|Conkeldurr, M|
|poke|p2|Thundurus, M|
|poke|p2|Dusknoir, F|
|poke|p2|Forretress, M|
|poke|p2|Azumarill, M|
|teampreview
|inactive|Battle timer is ON: inactive players will automatically lose when time's up. (requested by LousiV)
|
|t:|1759027421
|teamsize|p1|6
|teamsize|p2|6
|start
|switch|p1a: Ninetales|Ninetales-Alola, M|100/100
|switch|p2a: Dusknoir|Dusknoir, F|100/100
|-weather|Snowscape|[from] ability: Snow Warning|[of] p1a: Ninetales
|-ability|p2a: Dusknoir|Pressure
|turn|1
|
|t:|1759027429
|move|p1a: Ninetales|Aurora Veil|p1a: Ninetales
|-sidestart|p1: benkent333|move: Aurora Veil
|move|p2a: Dusknoir|Trick Room|p2a: Dusknoir
|-fieldstart|move: Trick Room|[of] p2a: Dusknoir
|
|-weather|Snowscape|[upkeep]
|upkeep
|turn|2
|
|t:|1759027438
|switch|p1a: Mauru|Darkrai, shiny|100/100
|move|p2a: Dusknoir|Poltergeist|p1a: Mauru
|-activate|p1a: Mauru|move: Poltergeist|Life Orb
|-resisted|p1a: Mauru
|-damage|p1a: Mauru|90/100
|
|-weather|Snowscape|[upkeep]
|upkeep
|turn|3
|
|t:|1759027451
|switch|p2a: Azumarill|Azumarill, M|100/100
|move|p1a: Mauru|Nasty Plot|p1a: Mauru
|-boost|p1a: Mauru|spa|2
|
|-weather|Snowscape|[upkeep]
|upkeep
|turn|4
|
|t:|1759027459
|-terastallize|p1a: Mauru|Ghost
|move|p2a: Azumarill|Play Rough|p1a: Mauru
|-damage|p1a: Mauru|45/100
|move|p1a: Mauru|Thunder|p2a: Azumarill|[miss]
|-miss|p1a: Mauru|p2a: Azumarill
|
|-weather|Snowscape|[upkeep]
|upkeep
|turn|5
|
|t:|1759027468
|move|p2a: Azumarill|Play Rough|p1a: Mauru
|-damage|p1a: Mauru|3/100
|move|p1a: Mauru|Thunder|p2a: Azumarill|[miss]
|-miss|p1a: Mauru|p2a: Azumarill
|
|-weather|none
|-fieldend|move: Trick Room
|upkeep
|turn|6
|
|t:|1759027476
|switch|p2a: Dusknoir|Dusknoir, F|100/100
|-ability|p2a: Dusknoir|Pressure
|move|p1a: Mauru|Thunder|p2a: Dusknoir|[miss]
|-miss|p1a: Mauru|p2a: Dusknoir
|
|upkeep
|turn|7
|c|☆benkent333|no shot bro
|c|☆LousiV|Bro
|
|t:|1759027489
|move|p1a: Mauru|Dark Pulse|p2a: Dusknoir
|-supereffective|p2a: Dusknoir
|-damage|p2a: Dusknoir|0 fnt
|faint|p2a: Dusknoir
|-damage|p1a: Mauru|0 fnt|[from] item: Life Orb
|faint|p1a: Mauru
|
|upkeep
|
|t:|1759027510
|switch|p1a: Ninetales|Ninetales-Alola, M|100/100
|switch|p2a: Reuniclus|Reuniclus, F|100/100
|-weather|Snowscape|[from] ability: Snow Warning|[of] p1a: Ninetales
|turn|8
|
|t:|1759027516
|move|p1a: Ninetales|Aurora Veil||[still]
|-fail|p1a: Ninetales
|move|p2a: Reuniclus|Trick Room|p2a: Reuniclus
|-fieldstart|move: Trick Room|[of] p2a: Reuniclus
|
|-weather|Snowscape|[upkeep]
|-sideend|p1: benkent333|move: Aurora Veil
|upkeep
|turn|9
|
|t:|1759027526
|move|p2a: Reuniclus|Psychic Noise|p1a: Ninetales
|-damage|p1a: Ninetales|61/100
|-start|p1a: Ninetales|move: Heal Block
|move|p1a: Ninetales|Calm Mind|p1a: Ninetales
|-boost|p1a: Ninetales|spa|1
|-boost|p1a: Ninetales|spd|1
|
|-weather|Snowscape|[upkeep]
|upkeep
|turn|10
|
|t:|1759027537
|move|p2a: Reuniclus|Focus Blast|p1a: Ninetales
|-damage|p1a: Ninetales|34/100
|move|p1a: Ninetales|Aurora Veil|p1a: Ninetales
|-sidestart|p1: benkent333|move: Aurora Veil
|
|-weather|Snowscape|[upkeep]
|-end|p1a: Ninetales|move: Heal Block
|upkeep
|turn|11
|
|t:|1759027548
|switch|p2a: Azumarill|Azumarill, M|100/100
|move|p1a: Ninetales|Moonblast|p2a: Azumarill
|-damage|p2a: Azumarill|51/100
|
|-weather|Snowscape|[upkeep]
|upkeep
|turn|12
|
|t:|1759027554
|move|p2a: Azumarill|Play Rough|p1a: Ninetales
|-damage|p1a: Ninetales|5/100
|move|p1a: Ninetales|Moonblast|p2a: Azumarill
|-damage|p2a: Azumarill|8/100
|
|-weather|none
|-fieldend|move: Trick Room
|upkeep
|turn|13
|
|t:|1759027565
|move|p1a: Ninetales|Moonblast|p2a: Azumarill
|-damage|p2a: Azumarill|0 fnt
|faint|p2a: Azumarill
|
|upkeep
|
|t:|1759027575
|switch|p2a: Forretress|Forretress, M|100/100
|turn|14
|
|t:|1759027579
|move|p1a: Ninetales|Blizzard|p2a: Forretress|[miss]
|-miss|p1a: Ninetales|p2a: Forretress
|move|p2a: Forretress|Volt Switch|p1a: Ninetales
|-damage|p1a: Ninetales|1/100
|
|t:|1759027584
|switch|p2a: Thundurus|Thundurus, M|100/100|[from] Volt Switch
|
|upkeep
|turn|15
|
|t:|1759027589
|move|p2a: Thundurus|Volt Switch|p1a: Ninetales
|-damage|p1a: Ninetales|0 fnt
|faint|p1a: Ninetales
|
|t:|1759027595
|switch|p2a: Reuniclus|Reuniclus, F|100/100|[from] Volt Switch
|
|upkeep
|
|t:|1759027599
|switch|p1a: Mimikyu|Mimikyu, M|100/100
|turn|16
|inactive|benkent333 has 120 seconds left.
|
|t:|1759027639
|switch|p2a: Forretress|Forretress, M|100/100
|move|p1a: Mimikyu|Swords Dance|p1a: Mimikyu
|-boost|p1a: Mimikyu|atk|2
|
|upkeep
|turn|17
|inactive|benkent333 has 120 seconds left.
|
|t:|1759027650
|move|p1a: Mimikyu|Swords Dance|p1a: Mimikyu
|-boost|p1a: Mimikyu|atk|2
|move|p2a: Forretress|Volt Switch|p1a: Mimikyu
|-activate|p1a: Mimikyu|ability: Disguise
|-damage|p1a: Mimikyu|100/100
|detailschange|p1a: Mimikyu|Mimikyu-Busted, M
|-damage|p1a: Mimikyu|88/100|[from] pokemon: Mimikyu-Busted
|
|t:|1759027662
|switch|p2a: Conkeldurr|Conkeldurr, M|100/100|[from] Volt Switch
|
|-heal|p1a: Mimikyu|94/100|[from] item: Leftovers
|-sideend|p1: benkent333|move: Aurora Veil
|-status|p2a: Conkeldurr|brn|[from] item: Flame Orb
|upkeep
|turn|18
|
|t:|1759027671
|move|p1a: Mimikyu|Play Rough|p2a: Conkeldurr
|-supereffective|p2a: Conkeldurr
|-crit|p2a: Conkeldurr
|-damage|p2a: Conkeldurr|0 fnt
|faint|p2a: Conkeldurr
|
|-heal|p1a: Mimikyu|100/100|[from] item: Leftovers
|upkeep
|
|t:|1759027675
|switch|p2a: Thundurus|Thundurus, M|100/100
|turn|19
|
|t:|1759027680
|move|p2a: Thundurus|Thunder Wave|p1a: Mimikyu
|-status|p1a: Mimikyu|par
|move|p1a: Mimikyu|Shadow Sneak|p2a: Thundurus
|-damage|p2a: Thundurus|23/100
|
|upkeep
|turn|20
|
|t:|1759027686
|move|p2a: Thundurus|Substitute|p2a: Thundurus
|-fail|p2a: Thundurus|move: Substitute|[weak]
|move|p1a: Mimikyu|Shadow Sneak|p2a: Thundurus
|-damage|p2a: Thundurus|0 fnt
|faint|p2a: Thundurus
|
|upkeep
|
|t:|1759027689
|switch|p2a: Reuniclus|Reuniclus, F|100/100
|turn|21
|
|t:|1759027698
|move|p1a: Mimikyu|Shadow Sneak|p2a: Reuniclus
|-supereffective|p2a: Reuniclus
|-damage|p2a: Reuniclus|1/100
|move|p2a: Reuniclus|Psychic Noise|p1a: Mimikyu
|-damage|p1a: Mimikyu|59/100 par
|-start|p1a: Mimikyu|move: Heal Block
|
|upkeep
|turn|22
|
|t:|1759027705
|move|p1a: Mimikyu|Shadow Sneak|p2a: Reuniclus
|-supereffective|p2a: Reuniclus
|-damage|p2a: Reuniclus|0 fnt
|faint|p2a: Reuniclus
|
|-end|p1a: Mimikyu|move: Heal Block
|upkeep
|
|t:|1759027707
|switch|p2a: Forretress|Forretress, M|100/100
|turn|23
|-message|LousiV forfeited.
|
|win|benkent333
|raw|benkent333's rating: 1320 &rarr; <strong>1340</strong><br />(+20 for winning)
|raw|LousiV's rating: 1314 &rarr; <strong>1294</strong><br />(-20 for losing)
|l|☆LousiV
|player|p2|
