|j|☆rackcaza
|j|☆Keivankov237
|t:|1758956838
|gametype|singles
|player|p1|rackcaza|benga|1139
|player|p2|Keivankov237|2|1201
|gen|9
|tier|[Gen 9] OU
|rated|
|rule|HP Percentage Mod: HP is shown in percentages
|rule|Endless Battle Clause: Forcing endless battles is banned
|rule|Species Clause: Limit one of each Pokémon
|rule|OHKO Clause: OHKO moves are banned
|rule|Evasion Items Clause: Evasion items are banned
|rule|Evasion Moves Clause: Evasion moves are banned
|rule|Evasion Abilities Clause: Evasion abilities are banned
|rule|Sleep Moves Clause: Sleep-inducing moves are banned
|clearpoke
|poke|p1|Milotic, F|
|poke|p1|Serperior, F|
|poke|p1|Ninetales, F|
|poke|p1|Hawlucha, M|
|poke|p1|Gliscor, M|
|poke|p1|Glimmora, M|
|poke|p2|Grafaiai, F|
|poke|p2|Mew|
|poke|p2|Salamence, F|
|poke|p2|Zoroark, F|
|poke|p2|Houndoom, M|
|poke|p2|Scyther, M|
|teampreview
|inactive|Battle timer is ON: inactive players will automatically lose when time's up. (requested by Keivankov237)
|
|t:|1758956859
|teamsize|p1|6
|teamsize|p2|6
|start
|switch|p1a: Alissa|Milotic, F, shiny|100/100
|switch|p2a: Salamence|Salamence, F|100/100
|turn|1
|
|t:|1758956867
|move|p2a: Salamence|Knock Off|p1a: Alissa
|-damage|p1a: Alissa|43/100
|-enditem|p1a: Alissa|Assault Vest|[from] move: Knock Off|[of] p2a: Salamence
|move|p1a: Alissa|Ice Beam|p2a: Salamence
|-damage|p2a: Salamence|41/100
|replace|p2a: Zoroark|Zoroark, F
|-end|p2a: Zoroark|Illusion
|
|upkeep
|turn|2
|
|t:|1758956888
|switch|p2a: Mew|Mew|100/100
|move|p1a: Alissa|Scald|p2a: Mew
|-damage|p2a: Mew|61/100
|-status|p2a: Mew|brn
|-activate|p2a: Mew|ability: Synchronize
|-status|p1a: Alissa|brn
|
|-damage|p2a: Mew|55/100 brn|[from] brn
|-damage|p1a: Alissa|37/100 brn|[from] brn
|upkeep
|turn|3
|
|t:|1758956901
|move|p2a: Mew|Stealth Rock|p1a: Alissa
|-sidestart|p1: rackcaza|move: Stealth Rock
|move|p1a: Alissa|Draining Kiss|p2a: Mew
|-damage|p2a: Mew|39/100 brn
|-heal|p1a: Alissa|48/100 brn|[from] drain|[of] p2a: Mew
|
|-damage|p2a: Mew|33/100 brn|[from] brn
|-damage|p1a: Alissa|42/100 brn|[from] brn
|upkeep
|turn|4
|
|t:|1758956911
|move|p1a: Alissa|Scald|p2a: Mew
|-damage|p2a: Mew|0 fnt
|faint|p2a: Mew
|
|-damage|p1a: Alissa|36/100 brn|[from] brn
|upkeep
|
|t:|1758956927
|switch|p2a: Scyther|Scyther, M|100/100
|turn|5
|
|t:|1758956940
|move|p2a: Scyther|Dual Wingbeat|p1a: Alissa
|-damage|p1a: Alissa|2/100 brn
|-damage|p1a: Alissa|0 fnt
|faint|p1a: Alissa
|-hitcount|p1: Alissa|2
|
|upkeep
|
|t:|1758956955
|switch|p1a: Eleazar|Hawlucha, M, shiny|100/100
|-damage|p1a: Eleazar|88/100|[from] Stealth Rock
|-ability|p1a: Eleazar|Mold Breaker
|turn|6
|
|t:|1758956968
|-terastallize|p2a: Scyther|Bug
|move|p1a: Eleazar|Brave Bird|p2a: Scyther
|-supereffective|p2a: Scyther
|-damage|p2a: Scyther|0 fnt
|faint|p2a: Scyther
|-damage|p1a: Eleazar|57/100|[from] Recoil
|
|upkeep
|
|t:|1758956974
|switch|p2a: Grafaiai|Grafaiai, F|100/100
|turn|7
|
|t:|1758956981
|switch|p1a: Fernando|Glimmora, M|100/100
|move|p2a: Grafaiai|Parting Shot|p1a: Fernando
|-unboost|p1a: Fernando|atk|1
|-unboost|p1a: Fernando|spa|1
|
|t:|1758956988
|switch|p2a: Salamence|Salamence, F|100/100|[from] Parting Shot
|
|upkeep
|turn|8
|
|t:|1758956994
|move|p2a: Salamence|Dragon Dance|p2a: Salamence
|-boost|p2a: Salamence|atk|1
|-boost|p2a: Salamence|spe|1
|move|p1a: Fernando|Mortal Spin|p2a: Salamence
|-damage|p2a: Salamence|95/100
|-status|p2a: Salamence|psn
|-sideend|p1: rackcaza|Stealth Rock|[from] move: Mortal Spin|[of] p1a: Fernando
|
|-damage|p2a: Salamence|83/100 psn|[from] psn
|upkeep
|turn|9
|
|t:|1758957012
|switch|p1a: Fabricio|Gliscor, M|100/100
|move|p2a: Salamence|Iron Head|p1a: Fabricio
|-damage|p1a: Fabricio|75/100
|
|-damage|p2a: Salamence|70/100 psn|[from] psn
|-status|p1a: Fabricio|tox|[from] item: Toxic Orb
|upkeep
|turn|10
|
|t:|1758957023
|switch|p2a: Grafaiai|Grafaiai, F|100/100
|move|p1a: Fabricio|Knock Off|p2a: Grafaiai
|-damage|p2a: Grafaiai|64/100
|-enditem|p2a: Grafaiai|Focus Sash|[from] move: Knock Off|[of] p1a: Fabricio
|
|-heal|p1a: Fabricio|87/100 tox|[from] ability: Poison Heal
|upkeep
|turn|11
|
|t:|1758957033
|move|p2a: Grafaiai|Parting Shot|p1a: Fabricio
|-unboost|p1a: Fabricio|atk|1
|-unboost|p1a: Fabricio|spa|1
|
|t:|1758957044
|switch|p2a: Salamence|Salamence, F|70/100 psn|[from] Parting Shot
|move|p1a: Fabricio|Earthquake|p2a: Salamence
|-immune|p2a: Salamence
|
|-damage|p2a: Salamence|58/100 psn|[from] psn
|-heal|p1a: Fabricio|99/100 tox|[from] ability: Poison Heal
|upkeep
|turn|12
|
|t:|1758957057
|switch|p2a: Grafaiai|Grafaiai, F|64/100
|move|p1a: Fabricio|Stone Edge|p2a: Grafaiai
|-damage|p2a: Grafaiai|39/100
|
|-heal|p1a: Fabricio|100/100 tox|[from] ability: Poison Heal
|upkeep
|turn|13
|
|t:|1758957069
|switch|p1a: Ninetales|Ninetales, F|100/100
|-weather|SunnyDay|[from] ability: Drought|[of] p1a: Ninetales
|move|p2a: Grafaiai|Parting Shot|p1a: Ninetales
|-unboost|p1a: Ninetales|atk|1
|-unboost|p1a: Ninetales|spa|1
|
|t:|1758957078
|switch|p2a: Salamence|Salamence, F|58/100 psn|[from] Parting Shot
|
|-weather|SunnyDay|[upkeep]
|-damage|p2a: Salamence|46/100 psn|[from] psn
|upkeep
|turn|14
|
|t:|1758957086
|move|p2a: Salamence|Dragon Dance|p2a: Salamence
|-boost|p2a: Salamence|atk|1
|-boost|p2a: Salamence|spe|1
|move|p1a: Ninetales|Weather Ball|p2a: Salamence
|-resisted|p2a: Salamence
|-damage|p2a: Salamence|16/100 psn
|
|-weather|SunnyDay|[upkeep]
|-damage|p2a: Salamence|4/100 psn|[from] psn
|upkeep
|turn|15
|-message|Keivankov237 forfeited.
|
|win|rackcaza
|raw|rackcaza's rating: 1139 &rarr; <strong>1168</strong><br />(+29 for winning)
|raw|Keivankov237's rating: 1201 &rarr; <strong>1172</strong><br />(-29 for losing)
|l|☆Keivankov237
|player|p2|
|l|☆rackcaza
|player|p1|
