|j|☆mastervelyk2
|j|☆victory 4 u
|t:|1759023166
|gametype|singles
|player|p1|mastervelyk2|iris|1074
|player|p2|victory 4 u|266|1091
|gen|9
|tier|[Gen 9] OU
|rated|
|rule|HP Percentage Mod: HP is shown in percentages
|rule|Endless Battle Clause: Forcing endless battles is banned
|rule|Species Clause: Limit one of each Pokémon
|rule|OHKO Clause: OHKO moves are banned
|rule|Evasion Items Clause: Evasion items are banned
|rule|Evasion Moves Clause: Evasion moves are banned
|rule|Evasion Abilities Clause: Evasion abilities are banned
|rule|Sleep Moves Clause: Sleep-inducing moves are banned
|clearpoke
|poke|p1|Ninetales, F|
|poke|p1|Walking Wake|
|poke|p1|Great Tusk|
|poke|p1|Hatterene, F|
|poke|p1|Venusaur, F|
|poke|p1|Ceruledge, F|
|poke|p2|Gengar, M|
|poke|p2|Sudowoodo, F|
|poke|p2|Articuno-Galar|
|poke|p2|Hitmontop, M|
|poke|p2|Incineroar, F|
|poke|p2|Iron Valiant|
|teampreview
|inactive|Battle timer is ON: inactive players will automatically lose when time's up. (requested by mastervelyk2)
|
|t:|1759023178
|teamsize|p1|6
|teamsize|p2|6
|start
|switch|p1a: Ninetales|Ninetales, F, shiny|100/100
|switch|p2a: Gengar|Gengar, M|100/100
|-weather|SunnyDay|[from] ability: Drought|[of] p1a: Ninetales
|turn|1
|
|t:|1759023198
|switch|p2a: Incineroar|Incineroar, F|100/100
|-ability|p2a: Incineroar|Intimidate|boost
|-unboost|p1a: Ninetales|atk|1
|switch|p1a: Hatterene|Hatterene, F, shiny|100/100
|
|-weather|SunnyDay|[upkeep]
|upkeep
|turn|2
|
|t:|1759023206
|move|p2a: Incineroar|Knock Off|p1a: Hatterene
|-damage|p1a: Hatterene|71/100
|-enditem|p1a: Hatterene|Eject Button|[from] move: Knock Off|[of] p2a: Incineroar
|move|p1a: Hatterene|Dazzling Gleam|p2a: Incineroar
|-damage|p2a: Incineroar|74/100
|
|-weather|SunnyDay|[upkeep]
|upkeep
|turn|3
|
|t:|1759023214
|move|p2a: Incineroar|Parting Shot|p1a: Hatterene
|move|p1a: Hatterene|Parting Shot|p2a: Incineroar|[from] ability: Magic Bounce
|-unboost|p2a: Incineroar|atk|1
|-unboost|p2a: Incineroar|spa|1
|
|t:|1759023222
|switch|p1a: Great Tusk|Great Tusk|100/100|[from] Parting Shot
|-activate|p1a: Great Tusk|ability: Protosynthesis
|-start|p1a: Great Tusk|protosynthesisatk
|
|-weather|SunnyDay|[upkeep]
|upkeep
|turn|4
|
|t:|1759023232
|switch|p2a: Hitmontop|Hitmontop, M|100/100
|-ability|p2a: Hitmontop|Intimidate|boost
|-unboost|p1a: Great Tusk|atk|1
|move|p1a: Great Tusk|Close Combat|p2a: Hitmontop
|-damage|p2a: Hitmontop|56/100
|-unboost|p1a: Great Tusk|def|1
|-unboost|p1a: Great Tusk|spd|1
|
|-weather|SunnyDay|[upkeep]
|upkeep
|turn|5
|
|t:|1759023242
|-end|p1a: Great Tusk|Protosynthesis|[silent]
|switch|p1a: Hatterene|Hatterene, F, shiny|71/100
|move|p2a: Hitmontop|Stone Edge|p1a: Hatterene|[miss]
|-miss|p2a: Hitmontop|p1a: Hatterene
|
|-weather|SunnyDay|[upkeep]
|upkeep
|turn|6
|
|t:|1759023251
|move|p2a: Hitmontop|Stone Edge|p1a: Hatterene
|-damage|p1a: Hatterene|42/100
|move|p1a: Hatterene|Dazzling Gleam|p2a: Hitmontop
|-supereffective|p2a: Hitmontop
|-damage|p2a: Hitmontop|0 fnt
|faint|p2a: Hitmontop
|
|-weather|SunnyDay|[upkeep]
|upkeep
|
|t:|1759023262
|switch|p2a: Gengar|Gengar, M|100/100
|turn|7
|
|t:|1759023265
|switch|p1a: Great Tusk|Great Tusk|100/100
|-activate|p1a: Great Tusk|ability: Protosynthesis
|-start|p1a: Great Tusk|protosynthesisatk
|move|p2a: Gengar|Shadow Ball|p1a: Great Tusk
|-damage|p1a: Great Tusk|3/100
|
|-weather|SunnyDay|[upkeep]
|upkeep
|turn|8
|
|t:|1759023277
|switch|p2a: Articuno|Articuno-Galar|100/100
|move|p1a: Great Tusk|Headlong Rush|p2a: Articuno
|-immune|p2a: Articuno
|
|-weather|none
|-end|p1a: Great Tusk|Protosynthesis
|upkeep
|turn|9
|
|t:|1759023284
|-end|p1a: Great Tusk|Protosynthesis|[silent]
|switch|p1a: Ninetales|Ninetales, F, shiny|100/100
|-weather|SunnyDay|[from] ability: Drought|[of] p1a: Ninetales
|move|p2a: Articuno|Agility|p2a: Articuno
|-boost|p2a: Articuno|spe|2
|
|-weather|SunnyDay|[upkeep]
|upkeep
|turn|10
|
|t:|1759023295
|switch|p1a: Ceruledge|Ceruledge, F, shiny|100/100
|move|p2a: Articuno|Calm Mind|p2a: Articuno
|-boost|p2a: Articuno|spa|1
|-boost|p2a: Articuno|spd|1
|
|-weather|SunnyDay|[upkeep]
|upkeep
|turn|11
|
|t:|1759023315
|-terastallize|p2a: Articuno|Fighting
|move|p2a: Articuno|Psychic Noise|p1a: Ceruledge
|-damage|p1a: Ceruledge|36/100
|-start|p1a: Ceruledge|move: Heal Block
|cant|p1a: Ceruledge|move: Heal Block|Bitter Blade
|
|-weather|SunnyDay|[upkeep]
|upkeep
|turn|12
|
|t:|1759023324
|move|p1a: Ceruledge|Shadow Sneak|p2a: Articuno
|-damage|p2a: Articuno|77/100
|move|p2a: Articuno|Psychic Noise|p1a: Ceruledge
|-damage|p1a: Ceruledge|0 fnt
|faint|p1a: Ceruledge
|
|-weather|SunnyDay|[upkeep]
|upkeep
|-message|mastervelyk2 forfeited.
|
|win|victory 4 u
|raw|mastervelyk2's rating: 1074 &rarr; <strong>1054</strong><br />(-20 for losing)
|raw|victory 4 u's rating: 1091 &rarr; <strong>1116</strong><br />(+25 for winning)
|l|☆mastervelyk2
|player|p1|
|c|☆victory 4 u|gg
