|badge|p2|bronze|gen9ou|100-6
|uhtml|medal-msg|<div class="broadcast-blue">Curious what those medals under the avatar are? PS now has Ladder Seasons! For more information, check out the <a href="https://www.smogon.com/forums/threads/3740067/">thread on Smogon.</a></div>
|j|☆xdye
|j|☆tokiwakano
|t:|1758921290
|gametype|singles
|player|p1|xdye|iris-gen5bw2|1733
|player|p2|tokiwakano|acetrainerf|1796
|gen|9
|tier|[Gen 9] OU
|rated|
|rule|HP Percentage Mod: HP is shown in percentages
|rule|Endless Battle Clause: Forcing endless battles is banned
|rule|Species Clause: Limit one of each Pokémon
|rule|OHKO Clause: OHKO moves are banned
|rule|Evasion Items Clause: Evasion items are banned
|rule|Evasion Moves Clause: Evasion moves are banned
|rule|Evasion Abilities Clause: Evasion abilities are banned
|rule|Sleep Moves Clause: Sleep-inducing moves are banned
|clearpoke
|poke|p1|Alomomola, F|
|poke|p1|Mandibuzz, F|
|poke|p1|Tyranitar, M|
|poke|p1|Excadrill, M|
|poke|p1|Ogerpon-Wellspring, F|
|poke|p1|Gholdengo|
|poke|p2|Primarina, M|
|poke|p2|Iron Crown|
|poke|p2|Glimmora, M|
|poke|p2|Gholdengo|
|poke|p2|Landorus-Therian, M|
|poke|p2|Kyurem|
|teampreview
|c|☆xdye|hf
|inactive|Battle timer is ON: inactive players will automatically lose when time's up. (requested by tokiwakano)
|
|t:|1758921305
|teamsize|p1|6
|teamsize|p2|6
|start
|switch|p1a: Gholdengo|Gholdengo|100/100
|switch|p2a: Landorus|Landorus-Therian, M|100/100
|-ability|p2a: Landorus|Intimidate|boost
|-unboost|p1a: Gholdengo|atk|1
|turn|1
|
|t:|1758921315
|move|p1a: Gholdengo|Make It Rain|p2a: Landorus
|-damage|p2a: Landorus|33/100
|-unboost|p1a: Gholdengo|spa|1
|move|p2a: Landorus|Earthquake|p1a: Gholdengo
|-supereffective|p1a: Gholdengo
|-damage|p1a: Gholdengo|0 fnt
|faint|p1a: Gholdengo
|
|upkeep
|
|t:|1758921320
|switch|p1a: Ogerpon|Ogerpon-Wellspring, F|100/100
|turn|2
|
|t:|1758921325
|switch|p2a: Kyurem|Kyurem|100/100
|-ability|p2a: Kyurem|Pressure
|move|p1a: Ogerpon|Ivy Cudgel|p2a: Kyurem|[anim] Ivy Cudgel Water
|-resisted|p2a: Kyurem
|-damage|p2a: Kyurem|72/100
|
|upkeep
|turn|3
|
|t:|1758921330
|move|p1a: Ogerpon|U-turn|p2a: Kyurem
|-damage|p2a: Kyurem|47/100
|
|t:|1758921332
|switch|p1a: Tyranitar|Tyranitar, M|100/100|[from] U-turn
|-weather|Sandstorm|[from] ability: Sand Stream|[of] p1a: Tyranitar
|move|p2a: Kyurem|Freeze-Dry|p1a: Tyranitar
|-damage|p1a: Tyranitar|86/100
|
|-weather|Sandstorm|[upkeep]
|-damage|p2a: Kyurem|41/100|[from] Sandstorm
|upkeep
|turn|4
|
|t:|1758921349
|switch|p2a: Glimmora|Glimmora, M|100/100
|move|p1a: Tyranitar|Knock Off|p2a: Glimmora
|-damage|p2a: Glimmora|64/100
|-activate|p2a: Glimmora|ability: Toxic Debris
|-sidestart|p1: xdye|move: Toxic Spikes
|-enditem|p2a: Glimmora|Red Card|[from] move: Knock Off|[of] p1a: Tyranitar
|
|-weather|Sandstorm|[upkeep]
|upkeep
|turn|5
|j| cynasaurus
|
|t:|1758921357
|move|p2a: Glimmora|Spikes|p1a: Tyranitar
|-sidestart|p1: xdye|Spikes
|move|p1a: Tyranitar|Stone Edge|p2a: Glimmora
|-damage|p2a: Glimmora|23/100
|-activate|p2a: Glimmora|ability: Toxic Debris
|-sidestart|p1: xdye|move: Toxic Spikes
|
|-weather|Sandstorm|[upkeep]
|upkeep
|turn|6
|
|t:|1758921372
|move|p2a: Glimmora|Earth Power|p1a: Tyranitar
|-supereffective|p1a: Tyranitar
|-damage|p1a: Tyranitar|62/100
|move|p1a: Tyranitar|Knock Off|p2a: Glimmora
|-damage|p2a: Glimmora|0 fnt
|faint|p2a: Glimmora
|
|-weather|Sandstorm|[upkeep]
|upkeep
|
|t:|1758921377
|switch|p2a: Landorus|Landorus-Therian, M|33/100
|-ability|p2a: Landorus|Intimidate|boost
|-unboost|p1a: Tyranitar|atk|1
|turn|7
|
|t:|1758921382
|switch|p1a: Alomomola|Alomomola, F|100/100
|move|p2a: Landorus|U-turn|p1a: Alomomola
|-crit|p1a: Alomomola
|-damage|p1a: Alomomola|82/100
|
|t:|1758921387
|switch|p2a: Kyurem|Kyurem|41/100|[from] U-turn
|-ability|p2a: Kyurem|Pressure
|
|-weather|Sandstorm|[upkeep]
|-damage|p2a: Kyurem|35/100|[from] Sandstorm
|-damage|p1a: Alomomola|75/100|[from] Sandstorm
|upkeep
|turn|8
|
|t:|1758921393
|move|p2a: Kyurem|Freeze-Dry|p1a: Alomomola
|-supereffective|p1a: Alomomola
|-damage|p1a: Alomomola|20/100
|move|p1a: Alomomola|Flip Turn|p2a: Kyurem
|-resisted|p2a: Kyurem
|-damage|p2a: Kyurem|26/100
|
|t:|1758921397
|switch|p1a: Excadrill|Excadrill, M|100/100|[from] Flip Turn
|-damage|p1a: Excadrill|88/100|[from] Spikes
|
|-weather|Sandstorm|[upkeep]
|-damage|p2a: Kyurem|20/100|[from] Sandstorm
|upkeep
|turn|9
|
|t:|1758921403
|move|p1a: Excadrill|Rapid Spin|p2a: Kyurem
|-damage|p2a: Kyurem|0 fnt
|-boost|p1a: Excadrill|spe|1
|-sideend|p1: xdye|Spikes|[from] move: Rapid Spin|[of] p1a: Excadrill
|-sideend|p1: xdye|Toxic Spikes|[from] move: Rapid Spin|[of] p1a: Excadrill
|faint|p2a: Kyurem
|-damage|p1a: Excadrill|78/100|[from] item: Life Orb
|
|-weather|Sandstorm|[upkeep]
|upkeep
|
|t:|1758921408
|switch|p2a: Primarina|Primarina, M|100/100
|turn|10
|
|t:|1758921431
|switch|p1a: Alomomola|Alomomola, F|54/100
|move|p2a: Primarina|Moonblast|p1a: Alomomola
|-damage|p1a: Alomomola|4/100
|-unboost|p1a: Alomomola|spa|1
|
|-weather|none
|upkeep
|turn|11
|
|t:|1758921437
|move|p2a: Primarina|Moonblast|p1a: Alomomola
|-damage|p1a: Alomomola|0 fnt
|faint|p1a: Alomomola
|
|upkeep
|
|t:|1758921439
|switch|p1a: Ogerpon|Ogerpon-Wellspring, F|100/100
|turn|12
|
|t:|1758921450
|switch|p2a: Gholdengo|Gholdengo|100/100
|move|p1a: Ogerpon|Power Whip|p2a: Gholdengo
|-resisted|p2a: Gholdengo
|-damage|p2a: Gholdengo|62/100
|
|upkeep
|turn|13
|
|t:|1758921454
|move|p2a: Gholdengo|Shadow Ball|p1a: Ogerpon
|-damage|p1a: Ogerpon|54/100
|move|p1a: Ogerpon|Ivy Cudgel|p2a: Gholdengo|[anim] Ivy Cudgel Water
|-damage|p2a: Gholdengo|0 fnt
|faint|p2a: Gholdengo
|
|upkeep
|
|t:|1758921457
|switch|p2a: Iron Crown|Iron Crown|100/100
|-enditem|p2a: Iron Crown|Booster Energy
|-activate|p2a: Iron Crown|ability: Quark Drive|[fromitem]
|-start|p2a: Iron Crown|quarkdrivespe
|turn|14
|
|t:|1758921463
|move|p2a: Iron Crown|Calm Mind|p2a: Iron Crown
|-boost|p2a: Iron Crown|spa|1
|-boost|p2a: Iron Crown|spd|1
|move|p1a: Ogerpon|Taunt|p2a: Iron Crown
|-start|p2a: Iron Crown|move: Taunt
|
|upkeep
|turn|15
|j| end64
|
|t:|1758921484
|switch|p1a: Tyranitar|Tyranitar, M|62/100
|-weather|Sandstorm|[from] ability: Sand Stream|[of] p1a: Tyranitar
|move|p2a: Iron Crown|Tachyon Cutter|p1a: Tyranitar
|-supereffective|p1a: Tyranitar
|-damage|p1a: Tyranitar|25/100
|-supereffective|p1a: Tyranitar
|-damage|p1a: Tyranitar|0 fnt
|faint|p1a: Tyranitar
|-hitcount|p1: Tyranitar|2
|
|-weather|Sandstorm|[upkeep]
|upkeep
|
|t:|1758921488
|switch|p1a: Excadrill|Excadrill, M|78/100
|turn|16
|j| fuguier
|
|t:|1758921490
|-terastallize|p2a: Iron Crown|Fighting
|move|p1a: Excadrill|Earthquake|p2a: Iron Crown
|-damage|p2a: Iron Crown|20/100
|-damage|p1a: Excadrill|68/100|[from] item: Life Orb
|move|p2a: Iron Crown|Focus Blast|p1a: Excadrill|[miss]
|-miss|p2a: Iron Crown|p1a: Excadrill
|
|-weather|Sandstorm|[upkeep]
|-damage|p2a: Iron Crown|14/100|[from] Sandstorm
|upkeep
|turn|17
|
|t:|1758921498
|-end|p2a: Iron Crown|Quark Drive|[silent]
|switch|p2a: Landorus|Landorus-Therian, M|33/100
|-ability|p2a: Landorus|Intimidate|boost
|-unboost|p1a: Excadrill|atk|1
|-terastallize|p1a: Excadrill|Ghost
|move|p1a: Excadrill|Earthquake|p2a: Landorus
|-immune|p2a: Landorus
|
|-weather|Sandstorm|[upkeep]
|upkeep
|turn|18
|l| fuguier
|
|t:|1758921507
|switch|p2a: Iron Crown|Iron Crown, tera:Fighting|14/100
|move|p1a: Excadrill|Tera Blast|p2a: Iron Crown|[anim] Tera Blast Ghost
|-damage|p2a: Iron Crown|0 fnt
|faint|p2a: Iron Crown
|-end|p2a: Iron Crown|Quark Drive|[silent]
|-damage|p1a: Excadrill|58/100|[from] item: Life Orb
|
|-weather|Sandstorm|[upkeep]
|upkeep
|
|t:|1758921509
|switch|p2a: Landorus|Landorus-Therian, M|33/100
|-ability|p2a: Landorus|Intimidate|boost
|-unboost|p1a: Excadrill|atk|1
|turn|19
|j| Youressi
|
|t:|1758921515
|move|p1a: Excadrill|Tera Blast|p2a: Landorus|[anim] Tera Blast Ghost
|-damage|p2a: Landorus|1/100
|-damage|p1a: Excadrill|48/100|[from] item: Life Orb
|move|p2a: Landorus|Earthquake|p1a: Excadrill
|-damage|p1a: Excadrill|0 fnt
|faint|p1a: Excadrill
|
|-weather|Sandstorm|[upkeep]
|upkeep
|
|t:|1758921521
|switch|p1a: Ogerpon|Ogerpon-Wellspring, F|54/100
|turn|20
|
|t:|1758921523
|move|p1a: Ogerpon|Ivy Cudgel|p2a: Landorus|[anim] Ivy Cudgel Water
|-supereffective|p2a: Landorus
|-damage|p2a: Landorus|0 fnt
|faint|p2a: Landorus
|
|-weather|Sandstorm|[upkeep]
|-damage|p1a: Ogerpon|48/100|[from] Sandstorm
|upkeep
|
|t:|1758921524
|switch|p2a: Primarina|Primarina, M|100/100
|turn|21
|
|t:|1758921526
|move|p1a: Ogerpon|Power Whip|p2a: Primarina
|-supereffective|p2a: Primarina
|-damage|p2a: Primarina|0 fnt
|faint|p2a: Primarina
|
|win|xdye
|raw|xdye's rating: 1733 &rarr; <strong>1757</strong><br />(+24 for winning)
|raw|tokiwakano's rating: 1796 &rarr; <strong>1772</strong><br />(-24 for losing)
|c|☆xdye|gg
|l|☆tokiwakano
|player|p2|
|l| Youressi
|l|☆xdye
|player|p1|
|l| end64
|l| cynasaurus
