|j|☆Scaaltt
|j|☆Winke Noppen
|t:|1758983367
|gametype|singles
|player|p1|Scaaltt|170|1182
|player|p2|Winke Noppen|zinzolin|1195
|gen|9
|tier|[Gen 9] OU
|rated|
|rule|HP Percentage Mod: HP is shown in percentages
|rule|Endless Battle Clause: Forcing endless battles is banned
|rule|Species Clause: Limit one of each Pokémon
|rule|OHKO Clause: OHKO moves are banned
|rule|Evasion Items Clause: Evasion items are banned
|rule|Evasion Moves Clause: Evasion moves are banned
|rule|Evasion Abilities Clause: Evasion abilities are banned
|rule|Sleep Moves Clause: Sleep-inducing moves are banned
|clearpoke
|poke|p1|Iron Moth|
|poke|p1|Ceruledge, M|
|poke|p1|Garchomp, F|
|poke|p1|Hitmonlee, M|
|poke|p1|Greninja-*, M|
|poke|p1|Maushold|
|poke|p2|Malamar, F|
|poke|p2|Manaphy|
|poke|p2|Toxapex, M|
|poke|p2|Diancie|
|poke|p2|Garganacl, F|
|poke|p2|Sinistcha-Masterpiece|
|teampreview
|inactive|Battle timer is ON: inactive players will automatically lose when time's up. (requested by Scaaltt)
|
|t:|1758983374
|teamsize|p1|6
|teamsize|p2|6
|start
|switch|p1a: Garchomp|Garchomp, F|100/100
|switch|p2a: Diancie|Diancie|100/100
|turn|1
|
|t:|1758983383
|switch|p1a: Ceruledge|Ceruledge, M|100/100
|-terastallize|p2a: Diancie|Grass
|move|p2a: Diancie|Stealth Rock|p1a: Ceruledge
|-sidestart|p1: Scaaltt|move: Stealth Rock
|
|upkeep
|turn|2
|
|t:|1758983390
|move|p1a: Ceruledge|Swords Dance|p1a: Ceruledge
|-boost|p1a: Ceruledge|atk|2
|move|p2a: Diancie|Meteor Beam||[still]
|-prepare|p2a: Diancie|Meteor Beam
|-boost|p2a: Diancie|spa|1
|-enditem|p2a: Diancie|Power Herb
|-anim|p2a: Diancie|Meteor Beam|p1a: Ceruledge|[miss]
|-miss|p2a: Diancie|p1a: Ceruledge
|
|upkeep
|turn|3
|
|t:|1758983401
|move|p1a: Ceruledge|Bitter Blade|p2a: Diancie
|-supereffective|p2a: Diancie
|-damage|p2a: Diancie|0 fnt
|faint|p2a: Diancie
|
|upkeep
|
|t:|1758983416
|switch|p2a: Garganacl|Garganacl, F|100/100
|turn|4
|inactive|Scaaltt has 120 seconds left.
|
|t:|1758983455
|switch|p1a: Greninja|Greninja, M|100/100
|-damage|p1a: Greninja|88/100|[from] Stealth Rock
|move|p2a: Garganacl|Salt Cure|p1a: Greninja
|-damage|p1a: Greninja|67/100
|-start|p1a: Greninja|Salt Cure
|
|-damage|p1a: Greninja|42/100|[from] Salt Cure
|upkeep
|turn|5
|inactive|Scaaltt has 120 seconds left.
|
|t:|1758983464
|move|p2a: Garganacl|Protect|p2a: Garganacl
|-singleturn|p2a: Garganacl|Protect
|move|p1a: Greninja|Surf|p2a: Garganacl
|-activate|p2a: Garganacl|move: Protect
|
|-damage|p1a: Greninja|17/100|[from] Salt Cure
|upkeep
|turn|6
|
|t:|1758983472
|move|p1a: Greninja|Surf|p2a: Garganacl
|-supereffective|p2a: Garganacl
|-damage|p2a: Garganacl|25/100
|move|p2a: Garganacl|Recover|p2a: Garganacl
|-heal|p2a: Garganacl|75/100
|
|-damage|p1a: Greninja|0 fnt|[from] Salt Cure
|faint|p1a: Greninja
|upkeep
|
|t:|1758983480
|switch|p1a: Maushold|Maushold|100/100
|-damage|p1a: Maushold|88/100|[from] Stealth Rock
|turn|7
|
|t:|1758983488
|move|p1a: Maushold|Encore|p2a: Garganacl
|-start|p2a: Garganacl|Encore
|move|p2a: Garganacl|Recover|p2a: Garganacl
|-heal|p2a: Garganacl|100/100
|
|upkeep
|turn|8
|
|t:|1758983494
|switch|p2a: Sinistcha|Sinistcha-Masterpiece|100/100
|move|p1a: Maushold|Tidy Up|p1a: Maushold
|-sideend|p1: Scaaltt|Stealth Rock
|-activate|p1a: Maushold|move: Tidy Up
|-boost|p1a: Maushold|atk|1
|-boost|p1a: Maushold|spe|1
|
|upkeep
|turn|9
|
|t:|1758983506
|move|p1a: Maushold|Tidy Up|p1a: Maushold
|-boost|p1a: Maushold|atk|1
|-boost|p1a: Maushold|spe|1
|move|p2a: Sinistcha|Substitute|p2a: Sinistcha
|-start|p2a: Sinistcha|Substitute
|-damage|p2a: Sinistcha|76/100
|
|upkeep
|turn|10
|
|t:|1758983523
|move|p1a: Maushold|Bullet Seed|p2a: Sinistcha
|-resisted|p2a: Sinistcha
|-activate|p2a: Sinistcha|move: Substitute|[damage]
|-resisted|p2a: Sinistcha
|-activate|p2a: Sinistcha|move: Substitute|[damage]
|-hitcount|p2a: Sinistcha|2
|move|p2a: Sinistcha|Nasty Plot|p2a: Sinistcha
|-boost|p2a: Sinistcha|spa|2
|
|upkeep
|turn|11
|
|t:|1758983531
|move|p1a: Maushold|Encore|p2a: Sinistcha
|-start|p2a: Sinistcha|Encore
|move|p2a: Sinistcha|Nasty Plot|p2a: Sinistcha
|-boost|p2a: Sinistcha|spa|2
|
|upkeep
|turn|12
|
|t:|1758983545
|switch|p1a: Garchomp|Garchomp, F|100/100
|move|p2a: Sinistcha|Nasty Plot|p2a: Sinistcha
|-boost|p2a: Sinistcha|spa|2
|
|upkeep
|turn|13
|
|t:|1758983553
|move|p1a: Garchomp|Scale Shot|p2a: Sinistcha
|-end|p2a: Sinistcha|Substitute
|-damage|p2a: Sinistcha|64/100
|-damage|p2a: Sinistcha|51/100
|-damage|p2a: Sinistcha|39/100
|-hitcount|p2a: Sinistcha|4
|-unboost|p1a: Garchomp|def|1
|-boost|p1a: Garchomp|spe|1
|move|p2a: Sinistcha|Nasty Plot|p2a: Sinistcha
|-boost|p2a: Sinistcha|spa|0
|
|-end|p2a: Sinistcha|Encore
|upkeep
|turn|14
|
|t:|1758983567
|-terastallize|p1a: Garchomp|Dragon
|move|p1a: Garchomp|Scale Shot|p2a: Sinistcha
|-damage|p2a: Sinistcha|23/100
|-damage|p2a: Sinistcha|7/100
|-damage|p2a: Sinistcha|0 fnt
|faint|p2a: Sinistcha
|-hitcount|p2: Sinistcha|3
|-unboost|p1a: Garchomp|def|1
|-boost|p1a: Garchomp|spe|1
|
|upkeep
|
|t:|1758983579
|switch|p2a: Toxapex|Toxapex, M|100/100
|turn|15
|
|t:|1758983585
|move|p1a: Garchomp|Swords Dance|p1a: Garchomp
|-boost|p1a: Garchomp|atk|2
|move|p2a: Toxapex|Toxic|p1a: Garchomp
|-status|p1a: Garchomp|tox
|
|-damage|p1a: Garchomp|94/100 tox|[from] psn
|upkeep
|turn|16
|
|t:|1758983591
|move|p1a: Garchomp|Earthquake|p2a: Toxapex
|-supereffective|p2a: Toxapex
|-damage|p2a: Toxapex|0 fnt
|faint|p2a: Toxapex
|
|-damage|p1a: Garchomp|82/100 tox|[from] psn
|upkeep
|
|t:|1758983597
|switch|p2a: Malamar|Malamar, F|100/100
|turn|17
|
|t:|1758983601
|move|p1a: Garchomp|Earthquake|p2a: Malamar
|-damage|p2a: Malamar|0 fnt
|faint|p2a: Malamar
|
|-damage|p1a: Garchomp|64/100 tox|[from] psn
|upkeep
|
|t:|1758983607
|switch|p2a: Garganacl|Garganacl, F|100/100
|turn|18
|
|t:|1758983624
|move|p2a: Garganacl|Protect|p2a: Garganacl
|-singleturn|p2a: Garganacl|Protect
|move|p1a: Garchomp|Earthquake|p2a: Garganacl
|-activate|p2a: Garganacl|move: Protect
|
|-damage|p1a: Garchomp|39/100 tox|[from] psn
|upkeep
|turn|19
|
|t:|1758983631
|move|p1a: Garchomp|Earthquake|p2a: Garganacl
|-supereffective|p2a: Garganacl
|-damage|p2a: Garganacl|0 fnt
|faint|p2a: Garganacl
|
|-damage|p1a: Garchomp|8/100 tox|[from] psn
|upkeep
|
|t:|1758983636
|switch|p2a: Manaphy|Manaphy|100/100
|turn|20
|
|t:|1758983641
|move|p1a: Garchomp|Earthquake|p2a: Manaphy
|-damage|p2a: Manaphy|27/100
|move|p2a: Manaphy|Aqua Ring|p2a: Manaphy
|-start|p2a: Manaphy|Aqua Ring
|
|-heal|p2a: Manaphy|33/100|[from] item: Leftovers
|-heal|p2a: Manaphy|39/100|[from] Aqua Ring
|-damage|p1a: Garchomp|0 fnt|[from] psn
|faint|p1a: Garchomp
|upkeep
|
|t:|1758983654
|switch|p1a: Hitmonlee|Hitmonlee, M|100/100
|turn|21
|
|t:|1758983659
|move|p2a: Manaphy|Take Heart|p2a: Manaphy
|-boost|p2a: Manaphy|spa|1
|-boost|p2a: Manaphy|spd|1
|move|p1a: Hitmonlee|Swords Dance|p1a: Hitmonlee
|-boost|p1a: Hitmonlee|atk|2
|
|-heal|p2a: Manaphy|45/100|[from] item: Leftovers
|-heal|p2a: Manaphy|51/100|[from] Aqua Ring
|upkeep
|turn|22
|
|t:|1758983668
|move|p2a: Manaphy|Scald|p1a: Hitmonlee
|-damage|p1a: Hitmonlee|20/100
|-status|p1a: Hitmonlee|brn
|move|p1a: Hitmonlee|Reversal|p2a: Manaphy
|-damage|p2a: Manaphy|15/100
|
|-heal|p2a: Manaphy|21/100|[from] item: Leftovers
|-heal|p2a: Manaphy|27/100|[from] Aqua Ring
|-damage|p1a: Hitmonlee|14/100 brn|[from] brn
|upkeep
|turn|23
|
|t:|1758983684
|move|p2a: Manaphy|Scald|p1a: Hitmonlee
|-damage|p1a: Hitmonlee|0 fnt
|faint|p1a: Hitmonlee
|
|-heal|p2a: Manaphy|33/100|[from] item: Leftovers
|-heal|p2a: Manaphy|39/100|[from] Aqua Ring
|upkeep
|
|t:|1758983694
|switch|p1a: Iron Moth|Iron Moth|100/100
|-enditem|p1a: Iron Moth|Booster Energy
|-activate|p1a: Iron Moth|ability: Quark Drive|[fromitem]
|-start|p1a: Iron Moth|quarkdrivespa
|turn|24
|
|t:|1758983699
|move|p1a: Iron Moth|Energy Ball|p2a: Manaphy
|-supereffective|p2a: Manaphy
|-damage|p2a: Manaphy|0 fnt
|faint|p2a: Manaphy
|
|win|Scaaltt
|raw|Scaaltt's rating: 1182 &rarr; <strong>1208</strong><br />(+26 for winning)
|raw|Winke Noppen's rating: 1195 &rarr; <strong>1169</strong><br />(-26 for losing)
|l|☆Winke Noppen
|player|p2|
|l|☆Scaaltt
|player|p1|
