|j|☆witdflow
|j|☆cowboykale
|t:|1758950625
|gametype|singles
|player|p1|witdflow|norman|1253
|player|p2|cowboykale|170|1266
|gen|9
|tier|[Gen 9] OU
|rated|
|rule|HP Percentage Mod: HP is shown in percentages
|rule|Endless Battle Clause: Forcing endless battles is banned
|rule|Species Clause: Limit one of each Pokémon
|rule|OHKO Clause: OHKO moves are banned
|rule|Evasion Items Clause: Evasion items are banned
|rule|Evasion Moves Clause: Evasion moves are banned
|rule|Evasion Abilities Clause: Evasion abilities are banned
|rule|Sleep Moves Clause: Sleep-inducing moves are banned
|clearpoke
|poke|p1|Clefable, F|
|poke|p1|Weezing-Galar, M|
|poke|p1|Alomomola, F|
|poke|p1|Ting-Lu|
|poke|p1|Ditto|
|poke|p1|Vileplume, F|
|poke|p2|Raging Bolt|
|poke|p2|Skeledirge, M|
|poke|p2|Lokix, F|
|poke|p2|Okidogi, M|
|poke|p2|Keldeo-Resolute|
|poke|p2|Ribombee, F|
|teampreview
|
|t:|1758950640
|teamsize|p1|6
|teamsize|p2|6
|start
|switch|p1a: Ditto|Ditto, shiny|100/100
|switch|p2a: Ribombee|Ribombee, F|100/100
|-transform|p1a: Ditto|p2a: Ribombee|[from] ability: Imposter
|turn|1
|inactive|Battle timer is ON: inactive players will automatically lose when time's up. (requested by cowboykale)
|
|t:|1758950653
|switch|p1a: Vileplume|Vileplume, F, shiny|100/100
|move|p2a: Ribombee|Quiver Dance|p2a: Ribombee
|-boost|p2a: Ribombee|spa|1
|-boost|p2a: Ribombee|spd|1
|-boost|p2a: Ribombee|spe|1
|
|upkeep
|turn|2
|
|t:|1758950658
|move|p2a: Ribombee|Sticky Web|p1a: Vileplume
|-sidestart|p1: witdflow|move: Sticky Web
|move|p1a: Vileplume|Substitute|p1a: Vileplume
|-start|p1a: Vileplume|Substitute
|-damage|p1a: Vileplume|76/100
|
|-heal|p1a: Vileplume|82/100|[from] item: Leftovers
|upkeep
|turn|3
|
|t:|1758950662
|move|p2a: Ribombee|Moonblast|p1a: Vileplume
|-resisted|p1a: Vileplume
|-activate|p1a: Vileplume|move: Substitute|[damage]
|move|p1a: Vileplume|Leech Seed|p2a: Ribombee
|-start|p2a: Ribombee|move: Leech Seed
|
|-heal|p1a: Vileplume|88/100|[from] item: Leftovers
|-damage|p2a: Ribombee|88/100|[from] Leech Seed|[of] p1a: Vileplume
|-heal|p1a: Vileplume|97/100|[silent]
|upkeep
|turn|4
|
|t:|1758950670
|switch|p2a: Okidogi|Okidogi, M|100/100
|move|p1a: Vileplume|Leech Seed|p2a: Okidogi
|-start|p2a: Okidogi|move: Leech Seed
|
|-heal|p1a: Vileplume|100/100|[from] item: Leftovers
|-damage|p2a: Okidogi|88/100|[from] Leech Seed|[of] p1a: Vileplume
|upkeep
|turn|5
|
|t:|1758950682
|move|p2a: Okidogi|Ice Punch|p1a: Vileplume
|-supereffective|p1a: Vileplume
|-end|p1a: Vileplume|Substitute
|move|p1a: Vileplume|Strength Sap|p2a: Okidogi
|-unboost|p2a: Okidogi|atk|1
|
|-damage|p2a: Okidogi|76/100|[from] Leech Seed|[of] p1a: Vileplume
|upkeep
|turn|6
|
|t:|1758950691
|move|p2a: Okidogi|Knock Off|p1a: Vileplume
|-damage|p1a: Vileplume|72/100
|-enditem|p1a: Vileplume|Leftovers|[from] move: Knock Off|[of] p2a: Okidogi
|move|p1a: Vileplume|Substitute|p1a: Vileplume
|-start|p1a: Vileplume|Substitute
|-damage|p1a: Vileplume|47/100
|
|-damage|p2a: Okidogi|63/100|[from] Leech Seed|[of] p1a: Vileplume
|-heal|p1a: Vileplume|61/100|[silent]
|upkeep
|turn|7
|
|t:|1758950699
|switch|p2a: Skeledirge|Skeledirge, M|100/100
|move|p1a: Vileplume|Leech Seed|p2a: Skeledirge
|-start|p2a: Skeledirge|move: Leech Seed
|
|-damage|p2a: Skeledirge|88/100|[from] Leech Seed|[of] p1a: Vileplume
|-heal|p1a: Vileplume|75/100|[silent]
|upkeep
|turn|8
|c|☆witdflow|wait vileplume is kinda good!
|
|t:|1758950711
|move|p2a: Skeledirge|Torch Song|p1a: Vileplume
|-supereffective|p1a: Vileplume
|-damage|p1a: Vileplume|31/100
|-boost|p2a: Skeledirge|spa|1
|move|p1a: Vileplume|Strength Sap|p2a: Skeledirge
|-unboost|p2a: Skeledirge|atk|1
|-heal|p1a: Vileplume|78/100
|
|-damage|p2a: Skeledirge|76/100|[from] Leech Seed|[of] p1a: Vileplume
|-heal|p1a: Vileplume|93/100|[silent]
|upkeep
|turn|9
|inactive|cowboykale has 120 seconds left.
|
|t:|1758950748
|move|p2a: Skeledirge|Torch Song|p1a: Vileplume
|-supereffective|p1a: Vileplume
|-damage|p1a: Vileplume|23/100
|-boost|p2a: Skeledirge|spa|1
|move|p1a: Vileplume|Strength Sap|p2a: Skeledirge
|-unboost|p2a: Skeledirge|atk|1
|-heal|p1a: Vileplume|54/100
|
|-damage|p2a: Skeledirge|63/100|[from] Leech Seed|[of] p1a: Vileplume
|-heal|p1a: Vileplume|69/100|[silent]
|upkeep
|turn|10
|
|t:|1758950757
|move|p1a: Vileplume|Protect|p1a: Vileplume
|-singleturn|p1a: Vileplume|Protect
|move|p2a: Skeledirge|Slack Off|p2a: Skeledirge
|-heal|p2a: Skeledirge|100/100
|
|-damage|p2a: Skeledirge|88/100|[from] Leech Seed|[of] p1a: Vileplume
|-heal|p1a: Vileplume|83/100|[silent]
|upkeep
|turn|11
|inactive|cowboykale has 120 seconds left.
|
|t:|1758950786
|switch|p1a: Clefable|Clefable, F, shiny|100/100
|-activate|p1a: Clefable|move: Sticky Web
|-unboost|p1a: Clefable|spe|1
|move|p2a: Skeledirge|Torch Song|p1a: Clefable
|-damage|p1a: Clefable|81/100
|-boost|p2a: Skeledirge|spa|1
|
|-heal|p1a: Clefable|87/100|[from] item: Leftovers
|-damage|p2a: Skeledirge|76/100|[from] Leech Seed|[of] p1a: Clefable
|-heal|p1a: Clefable|99/100|[silent]
|upkeep
|turn|12
|inactive|witdflow has 120 seconds left.
|
|t:|1758950822
|switch|p2a: Ribombee|Ribombee, F|88/100
|move|p1a: Clefable|Wish|p1a: Clefable
|
|-heal|p1a: Clefable|100/100|[from] item: Leftovers
|upkeep
|turn|13
|
|t:|1758950831
|move|p2a: Ribombee|Moonblast|p1a: Clefable
|-damage|p1a: Clefable|72/100
|move|p1a: Clefable|Cosmic Power|p1a: Clefable
|-boost|p1a: Clefable|def|1
|-boost|p1a: Clefable|spd|1
|
|-heal|p1a: Clefable|100/100|[from] move: Wish|[wisher] Clefable
|upkeep
|turn|14
|
|t:|1758950838
|switch|p2a: Okidogi|Okidogi, M|63/100
|move|p1a: Clefable|Cosmic Power|p1a: Clefable
|-boost|p1a: Clefable|def|1
|-boost|p1a: Clefable|spd|1
|
|upkeep
|turn|15
|
|t:|1758950845
|move|p2a: Okidogi|Gunk Shot|p1a: Clefable
|-supereffective|p1a: Clefable
|-damage|p1a: Clefable|19/100
|-status|p1a: Clefable|psn
|move|p1a: Clefable|Wish|p1a: Clefable
|
|-heal|p1a: Clefable|25/100 psn|[from] item: Leftovers
|-damage|p1a: Clefable|13/100 psn|[from] psn
|upkeep
|turn|16
|-message|witdflow forfeited.
|
|win|cowboykale
|raw|witdflow's rating: 1253 &rarr; <strong>1229</strong><br />(-24 for losing)
|raw|cowboykale's rating: 1266 &rarr; <strong>1290</strong><br />(+24 for winning)
|l|☆cowboykale
|player|p2|
|l|☆witdflow
|player|p1|
