|j|☆Laughrjx
|j|☆sauce squad
|t:|1759030828
|gametype|singles
|player|p1|Laughrjx|n|1423
|player|p2|sauce squad|clown|1454
|gen|9
|tier|[Gen 9] OU
|rated|
|rule|HP Percentage Mod: HP is shown in percentages
|rule|Endless Battle Clause: Forcing endless battles is banned
|rule|Species Clause: Limit one of each Pokémon
|rule|OHKO Clause: OHKO moves are banned
|rule|Evasion Items Clause: Evasion items are banned
|rule|Evasion Moves Clause: Evasion moves are banned
|rule|Evasion Abilities Clause: Evasion abilities are banned
|rule|Sleep Moves Clause: Sleep-inducing moves are banned
|clearpoke
|poke|p1|Ceruledge, M|
|poke|p1|Grimmsnarl, M|
|poke|p1|Kingambit, F|
|poke|p1|Greninja-*, M|
|poke|p1|Great Tusk|
|poke|p1|Iron Moth|
|poke|p2|Greninja-*, F|
|poke|p2|Trevenant, F|
|poke|p2|Walking Wake|
|poke|p2|Great Tusk|
|poke|p2|Ninetales, F|
|poke|p2|Raging Bolt|
|teampreview
|inactive|Battle timer is ON: inactive players will automatically lose when time's up. (requested by Laughrjx)
|
|t:|1759030837
|teamsize|p1|6
|teamsize|p2|6
|start
|switch|p1a: Green Goblin|Grimmsnarl, M|100/100
|switch|p2a: Ninetales|Ninetales, F|100/100
|-weather|SunnyDay|[from] ability: Drought|[of] p2a: Ninetales
|turn|1
|inactive|sauce squad has 120 seconds left.
|
|t:|1759030881
|switch|p2a: Trevenant|Trevenant, F|100/100
|move|p1a: Green Goblin|Light Screen|p1a: Green Goblin
|-sidestart|p1: Laughrjx|move: Light Screen
|
|-weather|SunnyDay|[upkeep]
|upkeep
|turn|2
|
|t:|1759030889
|move|p1a: Green Goblin|Reflect|p1a: Green Goblin
|-sidestart|p1: Laughrjx|Reflect
|move|p2a: Trevenant|Growth|p2a: Trevenant
|-boost|p2a: Trevenant|atk|2
|-boost|p2a: Trevenant|spa|2
|
|-weather|SunnyDay|[upkeep]
|upkeep
|turn|3
|inactive|sauce squad has 120 seconds left.
|
|t:|1759030910
|move|p2a: Trevenant|Growth|p2a: Trevenant
|-boost|p2a: Trevenant|atk|2
|-boost|p2a: Trevenant|spa|2
|move|p1a: Green Goblin|Spirit Break|p2a: Trevenant
|-damage|p2a: Trevenant|62/100
|-unboost|p2a: Trevenant|spa|1
|-enditem|p2a: Trevenant|Kee Berry|[eat]
|-boost|p2a: Trevenant|def|1|[from] item: Kee Berry
|
|-weather|SunnyDay|[upkeep]
|-item|p2a: Trevenant|Kee Berry|[from] ability: Harvest
|upkeep
|turn|4
|
|t:|1759030919
|move|p2a: Trevenant|Horn Leech|p1a: Green Goblin
|-damage|p1a: Green Goblin|37/100
|-heal|p2a: Trevenant|100/100|[from] drain|[of] p1a: Green Goblin
|move|p1a: Green Goblin|Spirit Break|p2a: Trevenant
|-damage|p2a: Trevenant|75/100
|-unboost|p2a: Trevenant|spa|1
|-enditem|p2a: Trevenant|Kee Berry|[eat]
|-boost|p2a: Trevenant|def|1|[from] item: Kee Berry
|
|-weather|SunnyDay|[upkeep]
|-item|p2a: Trevenant|Kee Berry|[from] ability: Harvest
|upkeep
|turn|5
|
|t:|1759030926
|move|p2a: Trevenant|Growth|p2a: Trevenant
|-boost|p2a: Trevenant|atk|2
|-boost|p2a: Trevenant|spa|2
|move|p1a: Green Goblin|Spirit Break|p2a: Trevenant
|-damage|p2a: Trevenant|54/100
|-unboost|p2a: Trevenant|spa|1
|-enditem|p2a: Trevenant|Kee Berry|[eat]
|-boost|p2a: Trevenant|def|1|[from] item: Kee Berry
|
|-weather|SunnyDay|[upkeep]
|-item|p2a: Trevenant|Kee Berry|[from] ability: Harvest
|upkeep
|turn|6
|
|t:|1759030934
|move|p1a: Green Goblin|Parting Shot|p2a: Trevenant
|-unboost|p2a: Trevenant|atk|1
|-unboost|p2a: Trevenant|spa|1
|
|t:|1759030936
|switch|p1a: Starforce|Ceruledge, M|100/100|[from] Parting Shot
|move|p2a: Trevenant|Horn Leech|p1a: Starforce
|-resisted|p1a: Starforce
|-damage|p1a: Starforce|55/100
|-heal|p2a: Trevenant|75/100|[from] drain|[of] p1a: Starforce
|-ability|p1a: Starforce|Weak Armor|boost
|-unboost|p1a: Starforce|def|1
|-boost|p1a: Starforce|spe|2
|
|-weather|SunnyDay|[upkeep]
|upkeep
|turn|7
|
|t:|1759030941
|move|p2a: Trevenant|Sucker Punch|p1a: Starforce
|-supereffective|p1a: Starforce
|-damage|p1a: Starforce|0 fnt
|faint|p1a: Starforce
|
|-weather|SunnyDay|[upkeep]
|upkeep
|
|t:|1759030943
|switch|p1a: Ultimate big chill|Iron Moth|100/100
|turn|8
|
|t:|1759030951
|-terastallize|p2a: Trevenant|Dark
|move|p2a: Trevenant|Sucker Punch|p1a: Ultimate big chill
|-damage|p1a: Ultimate big chill|0 fnt
|faint|p1a: Ultimate big chill
|-end|p1a: Ultimate big chill|Quark Drive|[silent]
|
|-weather|none
|-sideend|p1: Laughrjx|move: Light Screen
|upkeep
|
|t:|1759030957
|switch|p1a: Red X|Kingambit, F|100/100
|-activate|p1a: Red X|ability: Supreme Overlord
|-start|p1a: Red X|fallen2|[silent]
|turn|9
|
|t:|1759030963
|move|p2a: Trevenant|Horn Leech|p1a: Red X
|-resisted|p1a: Red X
|-damage|p1a: Red X|79/100
|-heal|p2a: Trevenant|89/100|[from] drain|[of] p1a: Red X
|move|p1a: Red X|Kowtow Cleave|p2a: Trevenant
|-resisted|p2a: Trevenant
|-damage|p2a: Trevenant|72/100
|-enditem|p2a: Trevenant|Kee Berry|[eat]
|-boost|p2a: Trevenant|def|1|[from] item: Kee Berry
|
|-sideend|p1: Laughrjx|Reflect
|upkeep
|turn|10
|
|t:|1759030971
|move|p2a: Trevenant|Poltergeist|p1a: Red X
|-activate|p1a: Red X|move: Poltergeist|Assault Vest
|-resisted|p1a: Red X
|-damage|p1a: Red X|19/100
|move|p1a: Red X|Iron Head|p2a: Trevenant
|-damage|p2a: Trevenant|46/100
|
|-item|p2a: Trevenant|Kee Berry|[from] ability: Harvest
|upkeep
|turn|11
|
|t:|1759030978
|move|p2a: Trevenant|Horn Leech|p1a: Red X
|-resisted|p1a: Red X
|-damage|p1a: Red X|0 fnt
|-heal|p2a: Trevenant|58/100|[from] drain|[of] p1a: Red X
|faint|p1a: Red X
|-end|p1a: Red X|fallen2|[silent]
|
|upkeep
|
|t:|1759030992
|switch|p1a: Dark bull|Great Tusk|100/100
|-enditem|p1a: Dark bull|Booster Energy
|-activate|p1a: Dark bull|ability: Protosynthesis|[fromitem]
|-start|p1a: Dark bull|protosynthesisatk
|turn|12
|
|t:|1759030995
|move|p1a: Dark bull|Close Combat|p2a: Trevenant
|-supereffective|p2a: Trevenant
|-damage|p2a: Trevenant|0 fnt
|-unboost|p1a: Dark bull|def|1
|-unboost|p1a: Dark bull|spd|1
|faint|p2a: Trevenant
|
|upkeep
|
|t:|1759030999
|switch|p2a: Ninetales|Ninetales, F|100/100
|-weather|SunnyDay|[from] ability: Drought|[of] p2a: Ninetales
|turn|13
|
|t:|1759031005
|move|p2a: Ninetales|Weather Ball|p1a: Dark bull
|-damage|p1a: Dark bull|0 fnt
|faint|p1a: Dark bull
|-end|p1a: Dark bull|Protosynthesis|[silent]
|
|-weather|SunnyDay|[upkeep]
|upkeep
|
|t:|1759031009
|switch|p1a: Green Goblin|Grimmsnarl, M|37/100
|turn|14
|
|t:|1759031013
|move|p1a: Green Goblin|Light Screen|p1a: Green Goblin
|-sidestart|p1: Laughrjx|move: Light Screen
|move|p2a: Ninetales|Weather Ball|p1a: Green Goblin
|-crit|p1a: Green Goblin
|-damage|p1a: Green Goblin|0 fnt
|faint|p1a: Green Goblin
|
|-weather|SunnyDay|[upkeep]
|upkeep
|
|t:|1759031015
|switch|p1a: Naruto|Greninja, M|100/100
|turn|15
|
|t:|1759031018
|switch|p2a: Walking Wake|Walking Wake|100/100
|-activate|p2a: Walking Wake|ability: Protosynthesis
|-start|p2a: Walking Wake|protosynthesisspe
|move|p1a: Naruto|Dark Pulse|p2a: Walking Wake
|-damage|p2a: Walking Wake|72/100
|-damage|p1a: Naruto|91/100|[from] item: Life Orb
|
|-weather|SunnyDay|[upkeep]
|upkeep
|turn|16
|-message|Laughrjx forfeited.
|
|win|sauce squad
|raw|Laughrjx's rating: 1423 &rarr; <strong>1405</strong><br />(-18 for losing)
|raw|sauce squad's rating: 1454 &rarr; <strong>1472</strong><br />(+18 for winning)
|l|☆Laughrjx
|player|p1|
