|badge|p2|silver|gen9ou|30-6
|html|<div class="broadcast-red"><strong>This battle is required to be public due to one or more player having a season medal.</strong><br />During the public phase, you can discuss the state of the ladder <a href="/seasondiscussion">in a special chatroom.</a></div>
|uhtml|medal-msg|<div class="broadcast-blue">Curious what those medals under the avatar are? PS now has Ladder Seasons! For more information, check out the <a href="https://www.smogon.com/forums/threads/3740067/">thread on Smogon.</a></div>
|raw|<div class="broadcast-blue"><strong>This battle is required to be public due to a player having a name starting with 'medal'.</div>
|j|☆World_8924
|j|☆ilom
|t:|1759032199
|gametype|singles
|player|p1|World_8924|veteran|1738
|player|p2|ilom|picnicker|1913
|gen|9
|tier|[Gen 9] OU
|rated|
|rule|HP Percentage Mod: HP is shown in percentages
|rule|Endless Battle Clause: Forcing endless battles is banned
|rule|Species Clause: Limit one of each Pokémon
|rule|OHKO Clause: OHKO moves are banned
|rule|Evasion Items Clause: Evasion items are banned
|rule|Evasion Moves Clause: Evasion moves are banned
|rule|Evasion Abilities Clause: Evasion abilities are banned
|rule|Sleep Moves Clause: Sleep-inducing moves are banned
|clearpoke
|poke|p1|Glimmora, M|
|poke|p1|Gholdengo|
|poke|p1|Hoopa-Unbound|
|poke|p1|Great Tusk|
|poke|p1|Ogerpon-Wellspring, F|
|poke|p1|Enamorus, F|
|poke|p2|Great Tusk|
|poke|p2|Tinkaton, F|
|poke|p2|Tornadus-Therian, M|
|poke|p2|Samurott-Hisui, F|
|poke|p2|Slowking-Galar, F|
|poke|p2|Sinistcha|
|teampreview
|inactive|Battle timer is ON: inactive players will automatically lose when time's up. (requested by ilom)
|j| minilarry
|inactive|ilom has 120 seconds left.
|inactive|ilom has 90 seconds left.
|inactive|ilom has 60 seconds left.
|
|t:|1759032312
|teamsize|p1|6
|teamsize|p2|6
|start
|switch|p1a: Hoopa|Hoopa-Unbound|100/100
|switch|p2a: Tornadus|Tornadus-Therian, M|100/100
|turn|1
|
|t:|1759032318
|switch|p1a: Glimmora|Glimmora, M, shiny|100/100
|move|p2a: Tornadus|Knock Off|p1a: Glimmora
|-damage|p1a: Glimmora|80/100
|-activate|p1a: Glimmora|ability: Toxic Debris
|-sidestart|p2: ilom|move: Toxic Spikes
|-enditem|p1a: Glimmora|Red Card|[from] move: Knock Off|[of] p2a: Tornadus
|
|upkeep
|turn|2
|
|t:|1759032323
|move|p2a: Tornadus|U-turn|p1a: Glimmora
|-resisted|p1a: Glimmora
|-crit|p1a: Glimmora
|-damage|p1a: Glimmora|68/100
|-activate|p1a: Glimmora|ability: Toxic Debris
|-sidestart|p2: ilom|move: Toxic Spikes
|inactive|ilom has 120 seconds left.
|
|t:|1759032352
|switch|p2a: Slowking|Slowking-Galar, F|100/100|[from] U-turn
|-sideend|p2: ilom|move: Toxic Spikes|[of] p2a: Slowking
|move|p1a: Glimmora|Mortal Spin|p2a: Slowking
|-resisted|p2a: Slowking
|-damage|p2a: Slowking|97/100
|
|upkeep
|turn|3
|
|t:|1759032372
|move|p1a: Glimmora|Stealth Rock|p2a: Slowking
|-sidestart|p2: ilom|move: Stealth Rock
|move|p2a: Slowking|Sludge Bomb|p1a: Glimmora
|-resisted|p1a: Glimmora
|-damage|p1a: Glimmora|57/100
|
|upkeep
|turn|4
|
|t:|1759032379
|switch|p1a: Hoopa|Hoopa-Unbound|100/100
|move|p2a: Slowking|Sludge Bomb|p1a: Hoopa
|-damage|p1a: Hoopa|80/100
|
|upkeep
|turn|5
|
|t:|1759032384
|switch|p2a: Tinkaton|Tinkaton, F|100/100
|-damage|p2a: Tinkaton|94/100|[from] Stealth Rock
|-item|p2a: Tinkaton|Air Balloon
|move|p1a: Hoopa|Knock Off|p2a: Tinkaton
|-resisted|p2a: Tinkaton
|-damage|p2a: Tinkaton|67/100
|-enditem|p2a: Tinkaton|Air Balloon
|-enditem|p1a: Hoopa|Assault Vest|[silent]|[from] ability: Pickpocket|[of] p1a: Hoopa
|-item|p2a: Tinkaton|Assault Vest|[from] ability: Pickpocket|[of] p1a: Hoopa
|-item|p1a: Hoopa|Assault Vest|[from] ability: Magician|[of] p2a: Tinkaton
|
|upkeep
|turn|6
|inactive|ilom has 120 seconds left.
|
|t:|1759032414
|switch|p1a: Great Tusk|Great Tusk|100/100
|move|p2a: Tinkaton|Stealth Rock|p1a: Great Tusk
|-sidestart|p1: World_8924|move: Stealth Rock
|
|upkeep
|turn|7
|
|t:|1759032421
|switch|p2a: Sinistcha|Sinistcha|100/100
|move|p1a: Great Tusk|Headlong Rush|p2a: Sinistcha
|-resisted|p2a: Sinistcha
|-damage|p2a: Sinistcha|82/100
|-unboost|p1a: Great Tusk|def|1
|-unboost|p1a: Great Tusk|spd|1
|
|upkeep
|turn|8
|inactive|ilom has 90 seconds left.
|
|t:|1759032457
|-end|p1a: Great Tusk|Protosynthesis|[silent]
|switch|p1a: Hoopa|Hoopa-Unbound|80/100
|-damage|p1a: Hoopa|68/100|[from] Stealth Rock
|move|p2a: Sinistcha|Shadow Ball|p1a: Hoopa
|-damage|p1a: Hoopa|50/100
|
|upkeep
|turn|9
|j| firecharmander004
|
|t:|1759032464
|switch|p2a: Tinkaton|Tinkaton, F|67/100
|-damage|p2a: Tinkaton|61/100|[from] Stealth Rock
|move|p1a: Hoopa|Drain Punch|p2a: Tinkaton
|-damage|p2a: Tinkaton|31/100
|-heal|p1a: Hoopa|66/100|[from] drain|[of] p2a: Tinkaton
|-enditem|p1a: Hoopa|Assault Vest|[silent]|[from] ability: Pickpocket|[of] p1a: Hoopa
|-item|p2a: Tinkaton|Assault Vest|[from] ability: Pickpocket|[of] p1a: Hoopa
|-item|p1a: Hoopa|Assault Vest|[from] ability: Magician|[of] p2a: Tinkaton
|
|upkeep
|turn|10
|inactive|ilom has 90 seconds left.
|
|t:|1759032476
|switch|p2a: Tornadus|Tornadus-Therian, M|100/100
|-damage|p2a: Tornadus|76/100|[from] Stealth Rock
|move|p1a: Hoopa|Drain Punch|p2a: Tornadus
|-resisted|p2a: Tornadus
|-damage|p2a: Tornadus|60/100
|-heal|p1a: Hoopa|74/100|[from] drain|[of] p2a: Tornadus
|
|upkeep
|turn|11
|inactive|ilom has 90 seconds left.
|
|t:|1759032493
|switch|p1a: Glimmora|Glimmora, M, shiny|57/100
|-damage|p1a: Glimmora|44/100|[from] Stealth Rock
|move|p2a: Tornadus|U-turn|p1a: Glimmora
|-resisted|p1a: Glimmora
|-damage|p1a: Glimmora|37/100
|-activate|p1a: Glimmora|ability: Toxic Debris
|-sidestart|p2: ilom|move: Toxic Spikes
|inactive|ilom has 60 seconds left.
|
|t:|1759032533
|switch|p2a: Samurott|Samurott-Hisui, F|100/100|[from] U-turn
|-damage|p2a: Samurott|88/100|[from] Stealth Rock
|-status|p2a: Samurott|psn
|
|-damage|p2a: Samurott|76/100 psn|[from] psn
|upkeep
|turn|12
|
|t:|1759032544
|switch|p1a: Enamorus|Enamorus, F|100/100
|-damage|p1a: Enamorus|76/100|[from] Stealth Rock
|move|p2a: Samurott|Ceaseless Edge|p1a: Enamorus
|-resisted|p1a: Enamorus
|-damage|p1a: Enamorus|45/100
|-sidestart|p1: World_8924|Spikes
|
|-heal|p1a: Enamorus|51/100|[from] item: Leftovers
|-damage|p2a: Samurott|63/100 psn|[from] psn
|upkeep
|turn|13
|
|t:|1759032552
|switch|p2a: Slowking|Slowking-Galar, F|100/100
|-damage|p2a: Slowking|88/100|[from] Stealth Rock
|-sideend|p2: ilom|move: Toxic Spikes|[of] p2a: Slowking
|move|p1a: Enamorus|Moonblast|p2a: Slowking
|-resisted|p2a: Slowking
|-damage|p2a: Slowking|76/100
|
|-heal|p1a: Enamorus|57/100|[from] item: Leftovers
|upkeep
|turn|14
|
|t:|1759032557
|switch|p2a: Tornadus|Tornadus-Therian, M|93/100
|-damage|p2a: Tornadus|68/100|[from] Stealth Rock
|-terastallize|p1a: Enamorus|Ground
|move|p1a: Enamorus|Substitute|p1a: Enamorus
|-start|p1a: Enamorus|Substitute
|-damage|p1a: Enamorus|32/100
|
|-heal|p1a: Enamorus|38/100|[from] item: Leftovers
|upkeep
|turn|15
|
|t:|1759032563
|move|p2a: Tornadus|Knock Off|p1a: Enamorus
|-end|p1a: Enamorus|Substitute
|move|p1a: Enamorus|Moonblast|p2a: Tornadus
|-damage|p2a: Tornadus|33/100
|
|-heal|p1a: Enamorus|45/100|[from] item: Leftovers
|upkeep
|turn|16
|
|t:|1759032567
|move|p2a: Tornadus|Bleakwind Storm|p1a: Enamorus
|-damage|p1a: Enamorus|0 fnt
|faint|p1a: Enamorus
|
|upkeep
|-message|World_8924 forfeited.
|
|win|ilom
|raw|World_8924's rating: 1738 &rarr; <strong>1727</strong><br />(-11 for losing)
|raw|ilom's rating: 1913 &rarr; <strong>1924</strong><br />(+11 for winning)
|l|☆World_8924
|player|p1|
|l| firecharmander004
|j| cryyysneasel
|l| cryyysneasel
|l|☆ilom
|player|p2|
|j| cryyysneasel
