|j|☆pollalarganolosigu
|j|☆Ash83678
|t:|1758969942
|gametype|singles
|player|p1|pollalarganolosigu|roughneck|1118
|player|p2|Ash83678|steven|1059
|gen|9
|tier|[Gen 9] OU
|rated|
|rule|HP Percentage Mod: HP is shown in percentages
|rule|Endless Battle Clause: Forcing endless battles is banned
|rule|Species Clause: Limit one of each Pokémon
|rule|OHKO Clause: OHKO moves are banned
|rule|Evasion Items Clause: Evasion items are banned
|rule|Evasion Moves Clause: Evasion moves are banned
|rule|Evasion Abilities Clause: Evasion abilities are banned
|rule|Sleep Moves Clause: Sleep-inducing moves are banned
|clearpoke
|poke|p1|Ribombee, M|
|poke|p1|Empoleon, M|
|poke|p1|Gholdengo|
|poke|p1|Great Tusk|
|poke|p1|Greninja-*, M|
|poke|p1|Iron Moth|
|poke|p2|Golurk|
|poke|p2|Talonflame, M|
|poke|p2|Greninja-*, M|
|poke|p2|Gliscor, M|
|poke|p2|Alomomola, F|
|poke|p2|Araquanid, M|
|teampreview
|inactive|Battle timer is ON: inactive players will automatically lose when time's up. (requested by Ash83678)
|
|t:|1758969958
|teamsize|p1|6
|teamsize|p2|6
|start
|switch|p1a: Ribombee|Ribombee, M|100/100
|switch|p2a: Golurk|Golurk|100/100
|turn|1
|
|t:|1758969965
|move|p1a: Ribombee|Sticky Web|p2a: Golurk
|-sidestart|p2: Ash83678|move: Sticky Web
|move|p2a: Golurk|Dynamic Punch|p1a: Ribombee|[miss]
|-miss|p2a: Golurk|p1a: Ribombee
|-enditem|p2a: Golurk|Blunder Policy
|-boost|p2a: Golurk|spe|2
|
|upkeep
|turn|2
|
|t:|1758969975
|move|p2a: Golurk|Poltergeist|p1a: Ribombee
|-activate|p1a: Ribombee|move: Poltergeist|Focus Sash
|-enditem|p1a: Ribombee|Focus Sash
|-damage|p1a: Ribombee|1/100
|move|p1a: Ribombee|Stun Spore|p2a: Golurk
|-status|p2a: Golurk|par
|
|upkeep
|turn|3
|
|t:|1758969985
|move|p1a: Ribombee|Moonblast|p2a: Golurk
|-damage|p2a: Golurk|51/100 par
|move|p2a: Golurk|Poltergeist||[still]
|-fail|p2a: Golurk
|
|upkeep
|turn|4
|
|t:|1758969991
|move|p1a: Ribombee|Moonblast|p2a: Golurk
|-damage|p2a: Golurk|5/100 par
|-unboost|p2a: Golurk|spa|1
|move|p2a: Golurk|Thunder Punch|p1a: Ribombee
|-damage|p1a: Ribombee|0 fnt
|faint|p1a: Ribombee
|
|upkeep
|
|t:|1758970000
|switch|p1a: Empoleon|Empoleon, M|100/100
|turn|5
|c|☆Ash83678|Damn it ye lords
|
|t:|1758970012
|move|p2a: Golurk|Dynamic Punch|p1a: Empoleon
|-supereffective|p1a: Empoleon
|-damage|p1a: Empoleon|17/100
|-start|p1a: Empoleon|confusion
|-activate|p1a: Empoleon|confusion
|move|p1a: Empoleon|Stealth Rock|p2a: Golurk
|-sidestart|p2: Ash83678|move: Stealth Rock
|
|-heal|p1a: Empoleon|23/100|[from] item: Leftovers
|upkeep
|turn|6
|
|t:|1758970021
|cant|p2a: Golurk|par
|-activate|p1a: Empoleon|confusion
|move|p1a: Empoleon|Flip Turn|p2a: Golurk
|-supereffective|p2a: Golurk
|-damage|p2a: Golurk|0 fnt
|faint|p2a: Golurk
|
|t:|1758970027
|switch|p1a: Greninja|Greninja, M|100/100|[from] Flip Turn
|
|upkeep
|
|t:|1758970032
|switch|p2a: Talonflame|Talonflame, M|100/100
|turn|7
|
|t:|1758970040
|move|p2a: Talonflame|Brave Bird|p1a: Greninja
|-damage|p1a: Greninja|21/100
|-damage|p2a: Talonflame|75/100|[from] Recoil
|move|p1a: Greninja|Spikes|p2a: Talonflame
|-sidestart|p2: Ash83678|Spikes
|
|upkeep
|turn|8
|
|t:|1758970052
|switch|p1a: Gholdengo|Gholdengo|100/100
|-item|p1a: Gholdengo|Air Balloon
|move|p2a: Talonflame|Dual Wingbeat|p1a: Gholdengo
|-resisted|p1a: Gholdengo
|-damage|p1a: Gholdengo|93/100
|-enditem|p1a: Gholdengo|Air Balloon
|-resisted|p1a: Gholdengo
|-damage|p1a: Gholdengo|84/100
|-hitcount|p1a: Gholdengo|2
|
|upkeep
|turn|9
|
|t:|1758970062
|switch|p1a: Iron Moth|Iron Moth|100/100
|-enditem|p1a: Iron Moth|Booster Energy
|-activate|p1a: Iron Moth|ability: Quark Drive|[fromitem]
|-start|p1a: Iron Moth|quarkdrivespe
|-terastallize|p2a: Talonflame|Fire
|move|p2a: Talonflame|Flare Blitz|p1a: Iron Moth
|-resisted|p1a: Iron Moth
|-damage|p1a: Iron Moth|61/100
|-damage|p2a: Talonflame|62/100|[from] Recoil
|
|upkeep
|turn|10
|
|t:|1758970078
|move|p1a: Iron Moth|Dazzling Gleam|p2a: Talonflame
|-resisted|p2a: Talonflame
|-damage|p2a: Talonflame|42/100
|move|p2a: Talonflame|Brave Bird|p1a: Iron Moth
|-damage|p1a: Iron Moth|0 fnt
|faint|p1a: Iron Moth
|-end|p1a: Iron Moth|Quark Drive|[silent]
|-damage|p2a: Talonflame|21/100|[from] Recoil
|
|upkeep
|
|t:|1758970083
|switch|p1a: Great Tusk|Great Tusk|100/100
|turn|11
|-message|pollalarganolosigu forfeited.
|
|win|Ash83678
|raw|pollalarganolosigu's rating: 1118 &rarr; <strong>1089</strong><br />(-29 for losing)
|raw|Ash83678's rating: 1059 &rarr; <strong>1095</strong><br />(+36 for winning)
|l|☆pollalarganolosigu
|player|p1|
|l|☆Ash83678
|player|p2|
