|j|☆iRainbo_ots
|j|☆Der_Yuuuki
|t:|1758998887
|gametype|singles
|player|p1|iRainbo_ots|iris|1097
|player|p2|Der_Yuuuki|n|1108
|gen|9
|tier|[Gen 9] OU
|rated|
|rule|HP Percentage Mod: HP is shown in percentages
|rule|Endless Battle Clause: Forcing endless battles is banned
|rule|Species Clause: Limit one of each Pokémon
|rule|OHKO Clause: OHKO moves are banned
|rule|Evasion Items Clause: Evasion items are banned
|rule|Evasion Moves Clause: Evasion moves are banned
|rule|Evasion Abilities Clause: Evasion abilities are banned
|rule|Sleep Moves Clause: Sleep-inducing moves are banned
|clearpoke
|poke|p1|Alcremie-Matcha-Cream, F|
|poke|p1|Appletun, M|
|poke|p1|Exeggcute, M|
|poke|p1|Scovillain, M|
|poke|p1|Dachsbun, M|
|poke|p1|Tatsugiri-Stretchy, F|
|poke|p2|Cinderace, F|
|poke|p2|Dragapult, F|
|poke|p2|Primarina, M|
|poke|p2|Meowscarada, M|
|poke|p2|Ting-Lu|
|poke|p2|Kingambit, F|
|teampreview
|
|t:|1758998909
|teamsize|p1|6
|teamsize|p2|6
|start
|switch|p1a: Shoyu|Tatsugiri-Stretchy, F|100/100
|switch|p2a: Dragapult|Dragapult, F|100/100
|turn|1
|
|t:|1758998921
|move|p1a: Shoyu|Hydro Pump|p2a: Dragapult
|-resisted|p2a: Dragapult
|-damage|p2a: Dragapult|63/100
|move|p2a: Dragapult|U-turn|p1a: Shoyu
|-damage|p1a: Shoyu|68/100
|
|t:|1758998928
|switch|p2a: Primarina|Primarina, M|100/100|[from] U-turn
|
|upkeep
|turn|2
|
|t:|1758998934
|switch|p1a: Pie|Appletun, M|100/100
|move|p2a: Primarina|Moonblast|p1a: Pie
|-supereffective|p1a: Pie
|-crit|p1a: Pie
|-damage|p1a: Pie|0 fnt
|faint|p1a: Pie
|
|upkeep
|
|t:|1758998943
|switch|p1a: Matcha|Alcremie-Matcha-Cream, F|100/100
|turn|3
|
|t:|1758998950
|move|p1a: Matcha|Energy Ball|p2a: Primarina
|-supereffective|p2a: Primarina
|-damage|p2a: Primarina|59/100
|move|p2a: Primarina|Substitute|p2a: Primarina
|-start|p2a: Primarina|Substitute
|-damage|p2a: Primarina|34/100
|
|-heal|p2a: Primarina|40/100|[from] item: Leftovers
|upkeep
|turn|4
|
|t:|1758998961
|move|p1a: Matcha|Energy Ball|p2a: Primarina
|-supereffective|p2a: Primarina
|-end|p2a: Primarina|Substitute
|move|p2a: Primarina|Alluring Voice|p1a: Matcha
|-crit|p1a: Matcha
|-damage|p1a: Matcha|66/100
|
|-heal|p2a: Primarina|46/100|[from] item: Leftovers
|upkeep
|turn|5
|
|t:|1758998981
|switch|p2a: Kingambit|Kingambit, F|100/100
|move|p1a: Matcha|Energy Ball|p2a: Kingambit
|-resisted|p2a: Kingambit
|-damage|p2a: Kingambit|92/100
|
|upkeep
|turn|6
|
|t:|1758998988
|move|p1a: Matcha|Alluring Voice|p2a: Kingambit
|-damage|p2a: Kingambit|65/100
|move|p2a: Kingambit|Iron Head|p1a: Matcha
|-supereffective|p1a: Matcha
|-damage|p1a: Matcha|0 fnt
|faint|p1a: Matcha
|
|upkeep
|
|t:|1758998996
|switch|p1a: Jalapena-Habanero|Scovillain, M|100/100
|turn|7
|
|t:|1758999005
|move|p2a: Kingambit|Sucker Punch|p1a: Jalapena-Habanero
|-damage|p1a: Jalapena-Habanero|25/100
|move|p1a: Jalapena-Habanero|Temper Flare|p2a: Kingambit
|-supereffective|p2a: Kingambit
|-damage|p2a: Kingambit|19/100
|
|upkeep
|turn|8
|
|t:|1758999015
|move|p1a: Jalapena-Habanero|Trailblaze|p2a: Kingambit
|-resisted|p2a: Kingambit
|-damage|p2a: Kingambit|11/100
|-boost|p1a: Jalapena-Habanero|spe|1
|move|p2a: Kingambit|Kowtow Cleave|p1a: Jalapena-Habanero
|-damage|p1a: Jalapena-Habanero|0 fnt
|faint|p1a: Jalapena-Habanero
|
|upkeep
|
|t:|1758999024
|switch|p1a: Yolks|Exeggcute, M|100/100
|turn|9
|
|t:|1758999030
|move|p2a: Kingambit|Sucker Punch|p1a: Yolks
|-supereffective|p1a: Yolks
|-enditem|p1a: Yolks|Focus Sash
|-damage|p1a: Yolks|1/100
|move|p1a: Yolks|Psychic|p2a: Kingambit
|-immune|p2a: Kingambit
|
|upkeep
|turn|10
|
|t:|1758999038
|move|p1a: Yolks|Stun Spore|p2a: Kingambit
|-status|p2a: Kingambit|par
|move|p2a: Kingambit|Kowtow Cleave|p1a: Yolks
|-supereffective|p1a: Yolks
|-damage|p1a: Yolks|0 fnt
|faint|p1a: Yolks
|
|upkeep
|
|t:|1758999045
|switch|p1a: Hotdog|Dachsbun, M|100/100
|turn|11
|
|t:|1758999050
|move|p1a: Hotdog|Play Rough|p2a: Kingambit
|-damage|p2a: Kingambit|0 fnt
|faint|p2a: Kingambit
|-end|p2a: Kingambit|fallenundefined|[silent]
|
|upkeep
|
|t:|1758999056
|switch|p2a: Cinderace|Cinderace, F|100/100
|turn|12
|
|t:|1758999061
|-terastallize|p1a: Hotdog|Dark
|move|p2a: Cinderace|Pyro Ball|p1a: Hotdog
|-ability|p1a: Hotdog|Well-Baked Body|boost
|-boost|p1a: Hotdog|def|2
|move|p1a: Hotdog|Crunch|p2a: Cinderace
|-crit|p2a: Cinderace
|-damage|p2a: Cinderace|34/100
|
|upkeep
|turn|13
|
|t:|1758999071
|move|p2a: Cinderace|U-turn|p1a: Hotdog
|-start|p2a: Cinderace|typechange|Bug|[from] ability: Libero
|-supereffective|p1a: Hotdog
|-damage|p1a: Hotdog|56/100
|-enditem|p1a: Hotdog|Weakness Policy
|-boost|p1a: Hotdog|atk|2|[from] item: Weakness Policy
|-boost|p1a: Hotdog|spa|2|[from] item: Weakness Policy
|
|t:|1758999079
|switch|p2a: Dragapult|Dragapult, F|63/100|[from] U-turn
|move|p1a: Hotdog|Crunch|p2a: Dragapult
|-supereffective|p2a: Dragapult
|-damage|p2a: Dragapult|0 fnt
|faint|p2a: Dragapult
|
|upkeep
|
|t:|1758999084
|switch|p2a: Meowscarada|Meowscarada, M|100/100
|turn|14
|
|t:|1758999107
|-terastallize|p2a: Meowscarada|Grass
|move|p2a: Meowscarada|Flower Trick|p1a: Hotdog
|-crit|p1a: Hotdog
|-damage|p1a: Hotdog|0 fnt
|faint|p1a: Hotdog
|
|upkeep
|
|t:|1758999113
|switch|p1a: Shoyu|Tatsugiri-Stretchy, F|68/100
|turn|15
|
|t:|1758999117
|move|p1a: Shoyu|Draco Meteor|p2a: Meowscarada
|-damage|p2a: Meowscarada|7/100
|-unboost|p1a: Shoyu|spa|2
|move|p2a: Meowscarada|Flower Trick|p1a: Shoyu
|-crit|p1a: Shoyu
|-damage|p1a: Shoyu|0 fnt
|faint|p1a: Shoyu
|
|win|Der_Yuuuki
|raw|iRainbo_ots's rating: 1097 &rarr; <strong>1073</strong><br />(-24 for losing)
|raw|Der_Yuuuki's rating: 1108 &rarr; <strong>1132</strong><br />(+24 for winning)
|c|☆iRainbo_ots|gg
|l|☆Der_Yuuuki
|player|p2|
|l|☆iRainbo_ots
|player|p1|
