|j|☆Natorito
|j|☆Estreul
|t:|1758932819
|gametype|singles
|player|p1|Natorito|265|1382
|player|p2|Estreul|lucas|1474
|gen|9
|tier|[Gen 9] OU
|rated|
|rule|HP Percentage Mod: HP is shown in percentages
|rule|Endless Battle Clause: Forcing endless battles is banned
|rule|Species Clause: Limit one of each Pokémon
|rule|OHKO Clause: OHKO moves are banned
|rule|Evasion Items Clause: Evasion items are banned
|rule|Evasion Moves Clause: Evasion moves are banned
|rule|Evasion Abilities Clause: Evasion abilities are banned
|rule|Sleep Moves Clause: Sleep-inducing moves are banned
|clearpoke
|poke|p1|Cinderace, M|
|poke|p1|Alomomola, M|
|poke|p1|Raging Bolt|
|poke|p1|Slowking-Galar, M|
|poke|p1|Enamorus, F|
|poke|p1|Great Tusk|
|poke|p2|Gliscor, F|
|poke|p2|Ogerpon-Wellspring, F|
|poke|p2|Heatran, M|
|poke|p2|Hatterene, F|
|poke|p2|Raging Bolt|
|poke|p2|Scizor, M|
|teampreview
|inactive|Battle timer is ON: inactive players will automatically lose when time's up. (requested by Estreul)
|
|t:|1758932835
|teamsize|p1|6
|teamsize|p2|6
|start
|switch|p1a: Great Tusk|Great Tusk|100/100
|switch|p2a: Gliscor|Gliscor, F|100/100
|turn|1
|
|t:|1758932843
|move|p2a: Gliscor|Protect|p2a: Gliscor
|-singleturn|p2a: Gliscor|Protect
|move|p1a: Great Tusk|Stealth Rock|p2a: Gliscor
|-sidestart|p2: Estreul|move: Stealth Rock
|
|-status|p2a: Gliscor|tox|[from] item: Toxic Orb
|upkeep
|turn|2
|
|t:|1758932854
|move|p2a: Gliscor|Knock Off|p1a: Great Tusk
|-resisted|p1a: Great Tusk
|-damage|p1a: Great Tusk|93/100
|-enditem|p1a: Great Tusk|Leftovers|[from] move: Knock Off|[of] p2a: Gliscor
|move|p1a: Great Tusk|Ice Spinner|p2a: Gliscor
|-supereffective|p2a: Gliscor
|-damage|p2a: Gliscor|29/100 tox
|
|-heal|p2a: Gliscor|41/100 tox|[from] ability: Poison Heal
|upkeep
|turn|3
|
|t:|1758932864
|move|p2a: Gliscor|Protect|p2a: Gliscor
|-singleturn|p2a: Gliscor|Protect
|move|p1a: Great Tusk|Headlong Rush|p2a: Gliscor
|-activate|p2a: Gliscor|move: Protect
|
|-heal|p2a: Gliscor|54/100 tox|[from] ability: Poison Heal
|upkeep
|turn|4
|
|t:|1758932877
|switch|p2a: Ogerpon|Ogerpon-Wellspring, F|100/100
|-damage|p2a: Ogerpon|88/100|[from] Stealth Rock
|move|p1a: Great Tusk|Ice Spinner|p2a: Ogerpon
|-damage|p2a: Ogerpon|49/100
|
|upkeep
|turn|5
|
|t:|1758932893
|-end|p1a: Great Tusk|Protosynthesis|[silent]
|switch|p1a: Alomomola|Alomomola, M|100/100
|move|p2a: Ogerpon|Synthesis|p2a: Ogerpon
|-heal|p2a: Ogerpon|99/100
|
|upkeep
|turn|6
|
|t:|1758932912
|move|p2a: Ogerpon|Spikes|p1a: Alomomola
|-sidestart|p1: Natorito|Spikes
|move|p1a: Alomomola|Wish|p1a: Alomomola
|
|upkeep
|turn|7
|
|t:|1758932922
|move|p2a: Ogerpon|Knock Off|p1a: Alomomola
|-damage|p1a: Alomomola|80/100
|-damage|p2a: Ogerpon|83/100|[from] item: Rocky Helmet|[of] p1a: Alomomola
|-enditem|p1a: Alomomola|Rocky Helmet|[from] move: Knock Off|[of] p2a: Ogerpon
|move|p1a: Alomomola|Icy Wind|p2a: Ogerpon
|-damage|p2a: Ogerpon|76/100
|-unboost|p2a: Ogerpon|spe|1
|
|-heal|p1a: Alomomola|100/100|[from] move: Wish|[wisher] Alomomola
|upkeep
|turn|8
|
|t:|1758932948
|switch|p2a: Scizor|Scizor, M|100/100
|-damage|p2a: Scizor|88/100|[from] Stealth Rock
|move|p1a: Alomomola|Wish|p1a: Alomomola
|
|upkeep
|turn|9
|
|t:|1758932954
|move|p2a: Scizor|U-turn|p1a: Alomomola
|-damage|p1a: Alomomola|69/100
|
|t:|1758932959
|switch|p2a: Ogerpon|Ogerpon-Wellspring, F|76/100|[from] U-turn
|-damage|p2a: Ogerpon|63/100|[from] Stealth Rock
|move|p1a: Alomomola|Flip Turn|p2a: Ogerpon
|-heal|p2a: Ogerpon|88/100|[from] ability: Water Absorb|[of] p1a: Alomomola
|
|-heal|p1a: Alomomola|100/100|[from] move: Wish|[wisher] Alomomola
|upkeep
|turn|10
|
|t:|1758932972
|switch|p2a: Raging Bolt|Raging Bolt|100/100
|-damage|p2a: Raging Bolt|88/100|[from] Stealth Rock
|move|p1a: Alomomola|Icy Wind|p2a: Raging Bolt
|-supereffective|p2a: Raging Bolt
|-damage|p2a: Raging Bolt|76/100
|-unboost|p2a: Raging Bolt|spe|1
|
|upkeep
|turn|11
|
|t:|1758932987
|switch|p1a: Slowking|Slowking-Galar, M|100/100
|-damage|p1a: Slowking|88/100|[from] Spikes
|move|p2a: Raging Bolt|Draco Meteor|p1a: Slowking
|-damage|p1a: Slowking|19/100
|-unboost|p2a: Raging Bolt|spa|2
|
|-heal|p1a: Slowking|25/100|[from] item: Black Sludge
|upkeep
|turn|12
|
|t:|1758933002
|-end|p2a: Raging Bolt|Protosynthesis|[silent]
|switch|p2a: Heatran|Heatran, M|100/100
|-damage|p2a: Heatran|88/100|[from] Stealth Rock
|switch|p1a: Great Tusk|Great Tusk|93/100
|-damage|p1a: Great Tusk|80/100|[from] Spikes
|
|-heal|p2a: Heatran|94/100|[from] item: Leftovers
|upkeep
|turn|13
|
|t:|1758933014
|-terastallize|p2a: Heatran|Ghost
|move|p1a: Great Tusk|Rapid Spin|p2a: Heatran
|-immune|p2a: Heatran
|move|p2a: Heatran|Magma Storm|p1a: Great Tusk|[miss]
|-miss|p2a: Heatran|p1a: Great Tusk
|
|-heal|p2a: Heatran|100/100|[from] item: Leftovers
|upkeep
|turn|14
|inactive|Natorito has 120 seconds left.
|
|t:|1758933035
|-end|p1a: Great Tusk|Protosynthesis|[silent]
|switch|p1a: Alomomola|Alomomola, M|100/100
|-damage|p1a: Alomomola|88/100|[from] Spikes
|move|p2a: Heatran|Magma Storm|p1a: Alomomola
|-resisted|p1a: Alomomola
|-damage|p1a: Alomomola|63/100
|-activate|p1a: Alomomola|move: Magma Storm|[of] p2a: Heatran
|
|-damage|p1a: Alomomola|50/100|[from] move: Magma Storm|[partiallytrapped]
|upkeep
|turn|15
|inactive|Natorito has 120 seconds left.
|
|t:|1758933048
|move|p2a: Heatran|Stealth Rock|p1a: Alomomola
|-sidestart|p1: Natorito|move: Stealth Rock
|move|p1a: Alomomola|Flip Turn|p2a: Heatran
|-damage|p2a: Heatran|87/100
|inactive|Natorito has 120 seconds left.
|
|t:|1758933058
|switch|p1a: Great Tusk|Great Tusk|80/100|[from] Flip Turn
|-damage|p1a: Great Tusk|68/100|[from] Spikes
|-damage|p1a: Great Tusk|65/100|[from] Stealth Rock
|
|-heal|p2a: Heatran|93/100|[from] item: Leftovers
|upkeep
|turn|16
|inactive|Natorito has 120 seconds left.
|
|t:|1758933070
|-end|p1a: Great Tusk|Protosynthesis|[silent]
|switch|p1a: Slowking|Slowking-Galar, M|58/100
|-damage|p1a: Slowking|45/100|[from] Spikes
|-damage|p1a: Slowking|33/100|[from] Stealth Rock
|move|p2a: Heatran|Magma Storm|p1a: Slowking|[miss]
|-miss|p2a: Heatran|p1a: Slowking
|
|-heal|p2a: Heatran|99/100|[from] item: Leftovers
|-heal|p1a: Slowking|39/100|[from] item: Black Sludge
|upkeep
|turn|17
|inactive|Natorito has 120 seconds left.
|
|t:|1758933087
|switch|p1a: Alomomola|Alomomola, M|84/100
|-damage|p1a: Alomomola|71/100|[from] Spikes
|-damage|p1a: Alomomola|59/100|[from] Stealth Rock
|move|p2a: Heatran|Taunt|p1a: Alomomola
|-start|p1a: Alomomola|move: Taunt
|
|-heal|p2a: Heatran|100/100|[from] item: Leftovers
|upkeep
|turn|18
|inactive|Natorito has 120 seconds left.
|
|t:|1758933104
|switch|p2a: Ogerpon|Ogerpon-Wellspring, F|88/100
|-damage|p2a: Ogerpon|76/100|[from] Stealth Rock
|move|p1a: Alomomola|Mirror Coat||[still]
|-fail|p1a: Alomomola
|
|upkeep
|turn|19
|inactive|Natorito has 120 seconds left.
|
|t:|1758933115
|move|p2a: Ogerpon|Spikes|p1a: Alomomola
|-sidestart|p1: Natorito|Spikes
|move|p1a: Alomomola|Icy Wind|p2a: Ogerpon
|-damage|p2a: Ogerpon|69/100
|-unboost|p2a: Ogerpon|spe|1
|
|-end|p1a: Alomomola|move: Taunt
|upkeep
|turn|20
|inactive|Natorito has 120 seconds left.
|
|t:|1758933127
|move|p2a: Ogerpon|Spikes|p1a: Alomomola
|-sidestart|p1: Natorito|Spikes
|move|p1a: Alomomola|Wish|p1a: Alomomola
|
|upkeep
|turn|21
|
|t:|1758933135
|move|p2a: Ogerpon|Synthesis|p2a: Ogerpon
|-heal|p2a: Ogerpon|100/100
|move|p1a: Alomomola|Icy Wind|p2a: Ogerpon
|-damage|p2a: Ogerpon|94/100
|-unboost|p2a: Ogerpon|spe|1
|
|-heal|p1a: Alomomola|100/100|[from] move: Wish|[wisher] Alomomola
|upkeep
|turn|22
|
|t:|1758933145
|switch|p2a: Raging Bolt|Raging Bolt|76/100
|-damage|p2a: Raging Bolt|64/100|[from] Stealth Rock
|move|p1a: Alomomola|Wish|p1a: Alomomola
|
|upkeep
|turn|23
|
|t:|1758933157
|switch|p1a: Slowking|Slowking-Galar, M|72/100
|-damage|p1a: Slowking|47/100|[from] Spikes
|-damage|p1a: Slowking|35/100|[from] Stealth Rock
|move|p2a: Raging Bolt|Thunderbolt|p1a: Slowking
|-damage|p1a: Slowking|0 fnt
|faint|p1a: Slowking
|
|upkeep
|
|t:|1758933171
|switch|p1a: Great Tusk|Great Tusk|65/100
|-damage|p1a: Great Tusk|40/100|[from] Spikes
|-damage|p1a: Great Tusk|37/100|[from] Stealth Rock
|turn|24
|
|t:|1758933179
|-end|p2a: Raging Bolt|Protosynthesis|[silent]
|switch|p2a: Heatran|Heatran, M, tera:Ghost|100/100
|-damage|p2a: Heatran|88/100|[from] Stealth Rock
|move|p1a: Great Tusk|Headlong Rush|p2a: Heatran
|-damage|p2a: Heatran|32/100
|-unboost|p1a: Great Tusk|def|1
|-unboost|p1a: Great Tusk|spd|1
|
|-heal|p2a: Heatran|38/100|[from] item: Leftovers
|upkeep
|turn|25
|
|t:|1758933190
|move|p1a: Great Tusk|Headlong Rush|p2a: Heatran
|-damage|p2a: Heatran|0 fnt
|-unboost|p1a: Great Tusk|def|1
|-unboost|p1a: Great Tusk|spd|1
|faint|p2a: Heatran
|
|upkeep
|
|t:|1758933210
|switch|p2a: Ogerpon|Ogerpon-Wellspring, F|94/100
|-damage|p2a: Ogerpon|81/100|[from] Stealth Rock
|turn|26
|
|t:|1758933220
|-end|p1a: Great Tusk|Protosynthesis|[silent]
|switch|p1a: Alomomola|Alomomola, M|100/100
|-damage|p1a: Alomomola|76/100|[from] Spikes
|-damage|p1a: Alomomola|63/100|[from] Stealth Rock
|move|p2a: Ogerpon|Ivy Cudgel|p1a: Alomomola|[anim] Ivy Cudgel Water
|-resisted|p1a: Alomomola
|-damage|p1a: Alomomola|47/100
|
|upkeep
|turn|27
|
|t:|1758933240
|switch|p2a: Hatterene|Hatterene, F|100/100
|-damage|p2a: Hatterene|88/100|[from] Stealth Rock
|move|p1a: Alomomola|Wish|p1a: Alomomola
|
|upkeep
|turn|28
|
|t:|1758933247
|move|p1a: Alomomola|Flip Turn|p2a: Hatterene
|-damage|p2a: Hatterene|69/100
|
|t:|1758933266
|switch|p1a: Raging Bolt|Raging Bolt|100/100|[from] Flip Turn
|-damage|p1a: Raging Bolt|76/100|[from] Spikes
|-damage|p1a: Raging Bolt|63/100|[from] Stealth Rock
|move|p2a: Hatterene|Psychic Noise|p1a: Raging Bolt
|-crit|p1a: Raging Bolt
|-damage|p1a: Raging Bolt|10/100
|-start|p1a: Raging Bolt|move: Heal Block
|
|upkeep
|turn|29
|
|t:|1758933285
|move|p1a: Raging Bolt|Thunderbolt|p2a: Hatterene
|-damage|p2a: Hatterene|39/100
|move|p2a: Hatterene|Draining Kiss|p1a: Raging Bolt
|-supereffective|p1a: Raging Bolt
|-damage|p1a: Raging Bolt|0 fnt
|-heal|p2a: Hatterene|47/100|[from] drain|[of] p1a: Raging Bolt
|faint|p1a: Raging Bolt
|-end|p1a: Raging Bolt|Protosynthesis|[silent]
|
|upkeep
|
|t:|1758933296
|switch|p1a: Great Tusk|Great Tusk|37/100
|-damage|p1a: Great Tusk|12/100|[from] Spikes
|-damage|p1a: Great Tusk|9/100|[from] Stealth Rock
|turn|30
|
|t:|1758933302
|move|p1a: Great Tusk|Rapid Spin|p2a: Hatterene
|-damage|p2a: Hatterene|26/100
|-boost|p1a: Great Tusk|spe|1
|-sideend|p1: Natorito|Spikes|[from] move: Rapid Spin|[of] p1a: Great Tusk
|-sideend|p1: Natorito|Stealth Rock|[from] move: Rapid Spin|[of] p1a: Great Tusk
|move|p2a: Hatterene|Draining Kiss|p1a: Great Tusk
|-supereffective|p1a: Great Tusk
|-damage|p1a: Great Tusk|0 fnt
|-heal|p2a: Hatterene|35/100|[from] drain|[of] p1a: Great Tusk
|faint|p1a: Great Tusk
|-end|p1a: Great Tusk|Protosynthesis|[silent]
|
|upkeep
|
|t:|1758933312
|switch|p1a: Enamorus|Enamorus, F|100/100
|turn|31
|
|t:|1758933318
|-terastallize|p1a: Enamorus|Stellar
|move|p1a: Enamorus|Tera Blast|p2a: Hatterene|[anim] Tera Blast Stellar
|-crit|p2a: Hatterene
|-damage|p2a: Hatterene|0 fnt
|-boost|p1a: Enamorus|atk|1
|-boost|p1a: Enamorus|spa|1
|faint|p2a: Hatterene
|
|upkeep
|inactive|Estreul has 120 seconds left.
|
|t:|1758933357
|switch|p2a: Scizor|Scizor, M|88/100
|-damage|p2a: Scizor|76/100|[from] Stealth Rock
|turn|32
|
|t:|1758933375
|move|p2a: Scizor|Bullet Punch|p1a: Enamorus
|-supereffective|p1a: Enamorus
|-enditem|p1a: Enamorus|Focus Sash
|-damage|p1a: Enamorus|1/100
|move|p1a: Enamorus|Earth Power|p2a: Scizor
|-damage|p2a: Scizor|6/100
|
|upkeep
|turn|33
|
|t:|1758933383
|switch|p1a: Alomomola|Alomomola, M|80/100
|move|p2a: Scizor|Bullet Punch|p1a: Alomomola
|-resisted|p1a: Alomomola
|-damage|p1a: Alomomola|67/100
|
|upkeep
|turn|34
|
|t:|1758933395
|move|p2a: Scizor|Bullet Punch|p1a: Alomomola
|-resisted|p1a: Alomomola
|-damage|p1a: Alomomola|54/100
|move|p1a: Alomomola|Icy Wind|p2a: Scizor
|-resisted|p2a: Scizor
|-damage|p2a: Scizor|2/100
|-unboost|p2a: Scizor|spe|1
|
|upkeep
|turn|35
|
|t:|1758933403
|move|p2a: Scizor|Bullet Punch|p1a: Alomomola
|-resisted|p1a: Alomomola
|-damage|p1a: Alomomola|41/100
|move|p1a: Alomomola|Wish|p1a: Alomomola
|
|upkeep
|turn|36
|inactive|Estreul has 120 seconds left.
|
|t:|1758933441
|switch|p2a: Raging Bolt|Raging Bolt|64/100
|-damage|p2a: Raging Bolt|52/100|[from] Stealth Rock
|move|p1a: Alomomola|Flip Turn|p2a: Raging Bolt
|-resisted|p2a: Raging Bolt
|-damage|p2a: Raging Bolt|45/100
|
|t:|1758933457
|switch|p1a: Cinderace|Cinderace, M|100/100|[from] Flip Turn
|
|upkeep
|turn|37
|inactive|Estreul has 120 seconds left.
|
|t:|1758933479
|move|p1a: Cinderace|Sucker Punch|p2a: Raging Bolt
|-start|p1a: Cinderace|typechange|Dark|[from] ability: Libero
|-damage|p2a: Raging Bolt|13/100
|move|p2a: Raging Bolt|Thunderbolt|p1a: Cinderace
|-enditem|p1a: Cinderace|Focus Sash
|-damage|p1a: Cinderace|1/100
|
|upkeep
|turn|38
|
|t:|1758933492
|move|p1a: Cinderace|Sucker Punch|p2a: Raging Bolt
|-damage|p2a: Raging Bolt|0 fnt
|faint|p2a: Raging Bolt
|-end|p2a: Raging Bolt|Protosynthesis|[silent]
|
|upkeep
|
|t:|1758933512
|switch|p2a: Gliscor|Gliscor, F|54/100 tox
|-damage|p2a: Gliscor|41/100 tox|[from] Stealth Rock
|turn|39
|
|t:|1758933520
|move|p2a: Gliscor|Protect|p2a: Gliscor
|-singleturn|p2a: Gliscor|Protect
|move|p1a: Cinderace|U-turn|p2a: Gliscor
|-activate|p2a: Gliscor|move: Protect
|
|-heal|p2a: Gliscor|54/100 tox|[from] ability: Poison Heal
|upkeep
|turn|40
|
|t:|1758933531
|move|p1a: Cinderace|U-turn|p2a: Gliscor
|-resisted|p2a: Gliscor
|-damage|p2a: Gliscor|47/100 tox
|
|t:|1758933544
|switch|p1a: Enamorus|Enamorus, F, tera:Stellar|1/100|[from] U-turn
|move|p2a: Gliscor|Facade|p1a: Enamorus
|-damage|p1a: Enamorus|0 fnt
|faint|p1a: Enamorus
|
|-heal|p2a: Gliscor|59/100 tox|[from] ability: Poison Heal
|upkeep
|
|t:|1758933560
|switch|p1a: Alomomola|Alomomola, M|74/100
|turn|41
|inactive|Estreul has 120 seconds left.
|
|t:|1758933566
|move|p2a: Gliscor|Protect|p2a: Gliscor
|-singleturn|p2a: Gliscor|Protect
|move|p1a: Alomomola|Wish|p1a: Alomomola
|
|-heal|p2a: Gliscor|72/100 tox|[from] ability: Poison Heal
|upkeep
|turn|42
|inactive|Estreul has 120 seconds left.
|inactive|Estreul has 90 seconds left.
|
|t:|1758933612
|switch|p2a: Scizor|Scizor, M|2/100
|-damage|p2a: Scizor|0 fnt|[from] Stealth Rock
|faint|p2a: Scizor
|switch|p1a: Cinderace|Cinderace, M|1/100
|
|-heal|p1a: Cinderace|99/100|[from] move: Wish|[wisher] Alomomola
|upkeep
|
|t:|1758933623
|switch|p2a: Ogerpon|Ogerpon-Wellspring, F|81/100
|-damage|p2a: Ogerpon|69/100|[from] Stealth Rock
|turn|43
|inactive|Estreul has 60 seconds left.
|
|t:|1758933665
|move|p1a: Cinderace|U-turn|p2a: Ogerpon
|-start|p1a: Cinderace|typechange|Bug|[from] ability: Libero
|-supereffective|p2a: Ogerpon
|-damage|p2a: Ogerpon|0 fnt
|faint|p2a: Ogerpon
|
|t:|1758933671
|switch|p1a: Alomomola|Alomomola, M|100/100|[from] U-turn
|
|upkeep
|
|t:|1758933674
|switch|p2a: Gliscor|Gliscor, F|72/100 tox
|-damage|p2a: Gliscor|59/100 tox|[from] Stealth Rock
|turn|44
|
|t:|1758933680
|move|p2a: Gliscor|Swords Dance|p2a: Gliscor
|-boost|p2a: Gliscor|atk|2
|move|p1a: Alomomola|Icy Wind|p2a: Gliscor
|-supereffective|p2a: Gliscor
|-damage|p2a: Gliscor|33/100 tox
|-unboost|p2a: Gliscor|spe|1
|
|-heal|p2a: Gliscor|46/100 tox|[from] ability: Poison Heal
|upkeep
|turn|45
|c|☆Natorito|Gg
|inactive|Estreul has 60 seconds left.
|
|t:|1758933715
|move|p2a: Gliscor|Swords Dance|p2a: Gliscor
|-boost|p2a: Gliscor|atk|2
|move|p1a: Alomomola|Icy Wind|p2a: Gliscor
|-supereffective|p2a: Gliscor
|-damage|p2a: Gliscor|17/100 tox
|-unboost|p2a: Gliscor|spe|1
|
|-heal|p2a: Gliscor|30/100 tox|[from] ability: Poison Heal
|upkeep
|turn|46
|
|t:|1758933734
|move|p2a: Gliscor|Protect|p2a: Gliscor
|-singleturn|p2a: Gliscor|Protect
|move|p1a: Alomomola|Icy Wind|p2a: Gliscor
|-activate|p2a: Gliscor|move: Protect
|
|-heal|p2a: Gliscor|42/100 tox|[from] ability: Poison Heal
|upkeep
|turn|47
|
|t:|1758933743
|move|p1a: Alomomola|Icy Wind|p2a: Gliscor|[miss]
|-miss|p1a: Alomomola|p2a: Gliscor
|move|p2a: Gliscor|Swords Dance|p2a: Gliscor
|-boost|p2a: Gliscor|atk|2
|
|-heal|p2a: Gliscor|55/100 tox|[from] ability: Poison Heal
|upkeep
|turn|48
|
|t:|1758933754
|move|p2a: Gliscor|Protect|p2a: Gliscor
|-singleturn|p2a: Gliscor|Protect
|move|p1a: Alomomola|Icy Wind|p2a: Gliscor
|-activate|p2a: Gliscor|move: Protect
|
|-heal|p2a: Gliscor|67/100 tox|[from] ability: Poison Heal
|upkeep
|turn|49
|
|t:|1758933764
|move|p1a: Alomomola|Icy Wind|p2a: Gliscor
|-supereffective|p2a: Gliscor
|-damage|p2a: Gliscor|40/100 tox
|-unboost|p2a: Gliscor|spe|1
|move|p2a: Gliscor|Facade|p1a: Alomomola
|-damage|p1a: Alomomola|31/100
|
|-heal|p2a: Gliscor|52/100 tox|[from] ability: Poison Heal
|upkeep
|turn|50
|inactive|Estreul has 90 seconds left.
|
|t:|1758933777
|move|p2a: Gliscor|Protect|p2a: Gliscor
|-singleturn|p2a: Gliscor|Protect
|move|p1a: Alomomola|Icy Wind|p2a: Gliscor
|-activate|p2a: Gliscor|move: Protect
|
|-heal|p2a: Gliscor|65/100 tox|[from] ability: Poison Heal
|upkeep
|turn|51
|
|t:|1758933786
|move|p1a: Alomomola|Icy Wind|p2a: Gliscor
|-supereffective|p2a: Gliscor
|-damage|p2a: Gliscor|40/100 tox
|-unboost|p2a: Gliscor|spe|1
|move|p2a: Gliscor|Facade|p1a: Alomomola
|-damage|p1a: Alomomola|0 fnt
|faint|p1a: Alomomola
|
|-heal|p2a: Gliscor|52/100 tox|[from] ability: Poison Heal
|upkeep
|
|t:|1758933798
|switch|p1a: Cinderace|Cinderace, M|99/100
|turn|52
|
|t:|1758933806
|move|p2a: Gliscor|Protect|p2a: Gliscor
|-singleturn|p2a: Gliscor|Protect
|move|p1a: Cinderace|Pyro Ball|p2a: Gliscor
|-activate|p2a: Gliscor|move: Protect
|
|-heal|p2a: Gliscor|65/100 tox|[from] ability: Poison Heal
|upkeep
|turn|53
|inactive|Estreul has 120 seconds left.
|
|t:|1758933814
|move|p1a: Cinderace|Pyro Ball|p2a: Gliscor|[miss]
|-miss|p1a: Cinderace|p2a: Gliscor
|move|p2a: Gliscor|Facade|p1a: Cinderace
|-damage|p1a: Cinderace|0 fnt
|faint|p1a: Cinderace
|
|win|Estreul
|raw|Natorito's rating: 1382 &rarr; <strong>1367</strong><br />(-15 for losing)
|raw|Estreul's rating: 1474 &rarr; <strong>1489</strong><br />(+15 for winning)
|c|☆Estreul|gg
