|j|☆p0lntless
|j|☆pepepoopoop
|t:|1759041544
|gametype|singles
|player|p1|p0lntless|169|1349
|player|p2|pepepoopoop|266|1359
|gen|9
|tier|[Gen 9] OU
|rated|
|rule|HP Percentage Mod: HP is shown in percentages
|rule|Endless Battle Clause: Forcing endless battles is banned
|rule|Species Clause: Limit one of each Pokémon
|rule|OHKO Clause: OHKO moves are banned
|rule|Evasion Items Clause: Evasion items are banned
|rule|Evasion Moves Clause: Evasion moves are banned
|rule|Evasion Abilities Clause: Evasion abilities are banned
|rule|Sleep Moves Clause: Sleep-inducing moves are banned
|clearpoke
|poke|p1|Ambipom, M|
|poke|p1|Dondozo, M|
|poke|p1|Dragapult, M|
|poke|p1|Talonflame, F|
|poke|p1|Zoroark-Hisui, F|
|poke|p1|Goodra-Hisui, F|
|poke|p2|Jolteon, M|
|poke|p2|Slowking-Galar, M|
|poke|p2|Great Tusk|
|poke|p2|Hydrapple, F|
|poke|p2|Kingambit, F|
|poke|p2|Moltres|
|teampreview
|inactive|Battle timer is ON: inactive players will automatically lose when time's up. (requested by p0lntless)
|
|t:|1759041558
|teamsize|p1|6
|teamsize|p2|6
|start
|switch|p1a: High5|Ambipom, M|100/100
|switch|p2a: Great Tusk|Great Tusk|100/100
|turn|1
|
|t:|1759041567
|move|p1a: High5|Bitter Malice|p2a: Great Tusk
|-damage|p2a: Great Tusk|21/100
|-unboost|p2a: Great Tusk|atk|1
|move|p2a: Great Tusk|Stealth Rock|p1a: High5
|-sidestart|p1: p0lntless|move: Stealth Rock
|
|upkeep
|turn|2
|
|t:|1759041576
|-end|p2a: Great Tusk|Protosynthesis|[silent]
|switch|p2a: Slowking|Slowking-Galar, M|100/100
|move|p1a: High5|Bitter Malice|p2a: Slowking
|-supereffective|p2a: Slowking
|-damage|p2a: Slowking|45/100
|-unboost|p2a: Slowking|atk|1
|
|upkeep
|turn|3
|
|t:|1759041584
|switch|p2a: Kingambit|Kingambit, F, shiny|100/100
|move|p1a: High5|Bitter Malice|p2a: Kingambit
|-resisted|p2a: Kingambit
|-damage|p2a: Kingambit|67/100
|-unboost|p2a: Kingambit|atk|1
|
|-heal|p2a: Kingambit|73/100|[from] item: Leftovers
|upkeep
|turn|4
|
|t:|1759041592
|switch|p1a: Talonflame|Talonflame, F|100/100
|move|p2a: Kingambit|Kowtow Cleave|p1a: Talonflame
|-crit|p1a: Talonflame
|-damage|p1a: Talonflame|31/100
|
|-heal|p2a: Kingambit|79/100|[from] item: Leftovers
|upkeep
|turn|5
|
|t:|1759041600
|-end|p2a: Kingambit|fallenundefined|[silent]
|switch|p2a: Jolteon|Jolteon, M|100/100
|move|p1a: Talonflame|Defog|p2a: Jolteon
|-unboost|p2a: Jolteon|evasion|1
|-sideend|p1: p0lntless|Stealth Rock|[from] move: Defog|[of] p1a: Talonflame
|
|upkeep
|turn|6
|
|t:|1759041612
|switch|p1a: Goodra|Goodra-Hisui, F|100/100
|move|p2a: Jolteon|Volt Switch|p1a: Goodra
|-resisted|p1a: Goodra
|-damage|p1a: Goodra|93/100
|
|t:|1759041621
|switch|p2a: Hydrapple|Hydrapple, F|100/100|[from] Volt Switch
|
|upkeep
|turn|7
|
|t:|1759041626
|move|p2a: Hydrapple|Nasty Plot|p2a: Hydrapple
|-boost|p2a: Hydrapple|spa|2
|move|p1a: Goodra|Draco Meteor|p2a: Hydrapple
|-supereffective|p2a: Hydrapple
|-damage|p2a: Hydrapple|0 fnt
|-unboost|p1a: Goodra|spa|2
|faint|p2a: Hydrapple
|
|upkeep
|c|☆pepepoopoop|nosoidos
|
|t:|1759041639
|switch|p2a: Jolteon|Jolteon, M|100/100
|turn|8
|
|t:|1759041643
|-terastallize|p2a: Jolteon|Fairy
|move|p2a: Jolteon|Calm Mind|p2a: Jolteon
|-boost|p2a: Jolteon|spa|1
|-boost|p2a: Jolteon|spd|1
|move|p1a: Goodra|Gyro Ball|p2a: Jolteon
|-supereffective|p2a: Jolteon
|-damage|p2a: Jolteon|0 fnt
|faint|p2a: Jolteon
|
|upkeep
|c|☆pepepoopoop|mowSNvojnshxvbmaDBva
|c|☆pepepoopoop|noooo
|
|t:|1759041662
|switch|p2a: Moltres|Moltres|100/100
|turn|9
|c|☆p0lntless|Lucky me
|
|t:|1759041666
|-terastallize|p1a: Goodra|Water
|move|p2a: Moltres|Scorching Sands|p1a: Goodra
|-damage|p1a: Goodra|83/100
|move|p1a: Goodra|Hydro Pump|p2a: Moltres
|-supereffective|p2a: Moltres
|-damage|p2a: Moltres|54/100
|
|upkeep
|turn|10
|c|☆pepepoopoop|bro i cant breakj this thing anymore
|c|☆pepepoopoop|gg
|
|t:|1759041696
|switch|p2a: Slowking|Slowking-Galar, M|78/100
|switch|p1a: Sashimi|Dondozo, M|100/100
|
|upkeep
|turn|11
|
|t:|1759041709
|switch|p1a: High5|Ambipom, M|100/100
|move|p2a: Slowking|Sludge Bomb|p1a: High5
|-resisted|p1a: High5
|-damage|p1a: High5|67/100
|replace|p1a: Zoroark|Zoroark-Hisui, F
|-end|p1a: Zoroark|Illusion
|
|upkeep
|turn|12
|
|t:|1759041718
|switch|p2a: Kingambit|Kingambit, F, shiny|79/100
|-activate|p2a: Kingambit|ability: Supreme Overlord
|-start|p2a: Kingambit|fallen2|[silent]
|move|p1a: Zoroark|Bitter Malice|p2a: Kingambit
|-resisted|p2a: Kingambit
|-damage|p2a: Kingambit|45/100
|-unboost|p2a: Kingambit|atk|1
|
|-heal|p2a: Kingambit|51/100|[from] item: Leftovers
|upkeep
|turn|13
|
|t:|1759041731
|switch|p1a: Talonflame|Talonflame, F|31/100
|move|p2a: Kingambit|Kowtow Cleave|p1a: Talonflame
|-damage|p1a: Talonflame|0 fnt
|faint|p1a: Talonflame
|
|-heal|p2a: Kingambit|57/100|[from] item: Leftovers
|upkeep
|
|t:|1759041743
|switch|p1a: Sashimi|Dondozo, M|100/100
|turn|14
|
|t:|1759041750
|-end|p2a: Kingambit|fallen2|[silent]
|switch|p2a: Slowking|Slowking-Galar, M|100/100
|move|p1a: Sashimi|Body Press|p2a: Slowking
|-resisted|p2a: Slowking
|-damage|p2a: Slowking|95/100
|
|upkeep
|turn|15
|
|t:|1759041763
|switch|p1a: Goodra|Goodra-Hisui, F, tera:Water|83/100
|move|p2a: Slowking|Sludge Bomb|p1a: Goodra
|-damage|p1a: Goodra|69/100
|
|upkeep
|turn|16
|
|t:|1759041773
|move|p2a: Slowking|Sludge Bomb|p1a: Goodra
|-damage|p1a: Goodra|53/100
|move|p1a: Goodra|Dragon Tail|p2a: Slowking
|-damage|p2a: Slowking|80/100
|drag|p2a: Moltres|Moltres|54/100
|
|upkeep
|turn|17
|
|t:|1759041780
|switch|p2a: Slowking|Slowking-Galar, M|100/100
|move|p1a: Goodra|Hydro Pump|p2a: Slowking
|-damage|p2a: Slowking|69/100
|
|upkeep
|turn|18
|
|t:|1759041799
|move|p1a: Goodra|Hydro Pump|p2a: Slowking
|-damage|p2a: Slowking|38/100
|move|p2a: Slowking|Sludge Bomb|p1a: Goodra
|-damage|p1a: Goodra|38/100
|-status|p1a: Goodra|psn
|
|-damage|p1a: Goodra|26/100 psn|[from] psn
|upkeep
|turn|19
|inactive|pepepoopoop has 120 seconds left.
|
|t:|1759041831
|move|p1a: Goodra|Draco Meteor|p2a: Slowking
|-damage|p2a: Slowking|6/100
|-unboost|p1a: Goodra|spa|2
|move|p2a: Slowking|Psyshock|p1a: Goodra
|-damage|p1a: Goodra|0 fnt
|faint|p1a: Goodra
|
|upkeep
|
|t:|1759041841
|switch|p1a: Dragapult|Dragapult, M|100/100
|turn|20
|inactive|pepepoopoop has 120 seconds left.
|inactive|pepepoopoop has 90 seconds left.
|
|t:|1759041890
|switch|p2a: Great Tusk|Great Tusk|21/100
|move|p1a: Dragapult|U-turn|p2a: Great Tusk
|-resisted|p2a: Great Tusk
|-damage|p2a: Great Tusk|15/100
|-damage|p1a: Dragapult|84/100|[from] item: Rocky Helmet|[of] p2a: Great Tusk
|
|t:|1759041897
|switch|p1a: High5|Ambipom, M|67/100|[from] U-turn
|
|upkeep
|turn|21
|
|t:|1759041911
|-end|p2a: Great Tusk|Protosynthesis|[silent]
|switch|p2a: Moltres|Moltres|54/100
|move|p1a: High5|Bitter Malice|p2a: Moltres
|-damage|p2a: Moltres|3/100
|-unboost|p2a: Moltres|atk|1
|
|upkeep
|turn|22
|
|t:|1759041919
|switch|p2a: Kingambit|Kingambit, F, shiny|57/100
|-activate|p2a: Kingambit|ability: Supreme Overlord
|-start|p2a: Kingambit|fallen2|[silent]
|move|p1a: High5|Bitter Malice|p2a: Kingambit
|-resisted|p2a: Kingambit
|-damage|p2a: Kingambit|22/100
|-unboost|p2a: Kingambit|atk|1
|
|-heal|p2a: Kingambit|29/100|[from] item: Leftovers
|upkeep
|turn|23
|c|☆pepepoopoop|I didnt know illusion comes back on
|
|t:|1759041936
|switch|p1a: Sashimi|Dondozo, M|100/100
|move|p2a: Kingambit|Kowtow Cleave|p1a: Sashimi
|-damage|p1a: Sashimi|72/100
|-damage|p2a: Kingambit|12/100|[from] item: Rocky Helmet|[of] p1a: Sashimi
|
|-heal|p2a: Kingambit|18/100|[from] item: Leftovers
|upkeep
|turn|24
|inactive|pepepoopoop has 90 seconds left.
|c|☆pepepoopoop|gg
|-message|pepepoopoop forfeited.
|
|win|p0lntless
|raw|p0lntless's rating: 1349 &rarr; <strong>1370</strong><br />(+21 for winning)
|raw|pepepoopoop's rating: 1359 &rarr; <strong>1338</strong><br />(-21 for losing)
|l|☆pepepoopoop
|player|p2|
|c|☆p0lntless|Gg
|l|☆p0lntless
|player|p1|
