|j|☆loneslopeman
|j|☆Griffin_MX
|t:|1759056818
|gametype|singles
|player|p1|loneslopeman|169|1218
|player|p2|Griffin_MX|iris-gen5bw2|1244
|gen|9
|tier|[Gen 9] OU
|rated|
|rule|HP Percentage Mod: HP is shown in percentages
|rule|Endless Battle Clause: Forcing endless battles is banned
|rule|Species Clause: Limit one of each Pokémon
|rule|OHKO Clause: OHKO moves are banned
|rule|Evasion Items Clause: Evasion items are banned
|rule|Evasion Moves Clause: Evasion moves are banned
|rule|Evasion Abilities Clause: Evasion abilities are banned
|rule|Sleep Moves Clause: Sleep-inducing moves are banned
|clearpoke
|poke|p1|Orthworm, F|
|poke|p1|Fezandipiti, M|
|poke|p1|Raging Bolt|
|poke|p1|Alomomola, M|
|poke|p1|Torkoal, M|
|poke|p1|Cinderace, F|
|poke|p2|Mimikyu, F|
|poke|p2|Ambipom, M|
|poke|p2|Serperior, F|
|poke|p2|Moltres|
|poke|p2|Great Tusk|
|poke|p2|Goodra-Hisui, M|
|teampreview
|
|t:|1759056857
|teamsize|p1|6
|teamsize|p2|6
|start
|switch|p1a: Cinderace|Cinderace, F|100/100
|switch|p2a: Moltres|Moltres, shiny|100/100
|turn|1
|inactive|Battle timer is ON: inactive players will automatically lose when time's up. (requested by Griffin_MX)
|
|t:|1759056870
|switch|p1a: Torkoal|Torkoal, M|100/100
|-weather|SunnyDay|[from] ability: Drought|[of] p1a: Torkoal
|-terastallize|p2a: Moltres|Ground
|move|p2a: Moltres|Tera Blast|p1a: Torkoal|[anim] Tera Blast Ground
|-supereffective|p1a: Torkoal
|-damage|p1a: Torkoal|39/100
|
|-weather|SunnyDay|[upkeep]
|upkeep
|turn|2
|inactive|loneslopeman has 120 seconds left.
|
|t:|1759056909
|switch|p1a: Alomomola|Alomomola, M|100/100
|move|p2a: Moltres|Flamethrower|p1a: Alomomola
|-resisted|p1a: Alomomola
|-damage|p1a: Alomomola|66/100
|
|-weather|SunnyDay|[upkeep]
|upkeep
|turn|3
|inactive|loneslopeman has 120 seconds left.
|
|t:|1759056920
|switch|p1a: Orthworm|Orthworm, F|100/100
|move|p2a: Moltres|Tera Blast|p1a: Orthworm|[anim] Tera Blast Ground
|-immune|p1a: Orthworm|[from] ability: Earth Eater
|
|-weather|SunnyDay|[upkeep]
|upkeep
|turn|4
|inactive|loneslopeman has 120 seconds left.
|
|t:|1759056929
|switch|p1a: Raging Bolt|Raging Bolt|100/100
|-activate|p1a: Raging Bolt|ability: Protosynthesis
|-start|p1a: Raging Bolt|protosynthesisspa
|move|p2a: Moltres|Flamethrower|p1a: Raging Bolt
|-resisted|p1a: Raging Bolt
|-damage|p1a: Raging Bolt|73/100
|
|-weather|SunnyDay|[upkeep]
|upkeep
|turn|5
|inactive|loneslopeman has 120 seconds left.
|
|t:|1759056948
|-terastallize|p1a: Raging Bolt|Dragon
|move|p1a: Raging Bolt|Weather Ball|p2a: Moltres
|-crit|p2a: Moltres
|-damage|p2a: Moltres|0 fnt
|faint|p2a: Moltres
|
|-weather|SunnyDay|[upkeep]
|upkeep
|
|t:|1759056955
|switch|p2a: Mimikyu|Mimikyu, F, shiny|100/100
|turn|6
|inactive|loneslopeman has 120 seconds left.
|
|t:|1759056971
|-end|p1a: Raging Bolt|Protosynthesis|[silent]
|switch|p1a: Cinderace|Cinderace, F|100/100
|move|p2a: Mimikyu|Swords Dance|p2a: Mimikyu
|-boost|p2a: Mimikyu|atk|2
|
|-weather|SunnyDay|[upkeep]
|upkeep
|turn|7
|inactive|loneslopeman has 120 seconds left.
|
|t:|1759056990
|move|p1a: Cinderace|U-turn|p2a: Mimikyu
|-start|p1a: Cinderace|typechange|Bug|[from] ability: Libero
|-activate|p2a: Mimikyu|ability: Disguise
|-damage|p2a: Mimikyu|100/100
|detailschange|p2a: Mimikyu|Mimikyu-Busted, F, shiny
|-damage|p2a: Mimikyu|88/100|[from] pokemon: Mimikyu-Busted
|-enditem|p2a: Mimikyu|Red Card|[of] p1a: Cinderace
|drag|p1a: Raging Bolt|Raging Bolt, tera:Dragon|73/100
|-activate|p1a: Raging Bolt|ability: Protosynthesis
|-start|p1a: Raging Bolt|protosynthesisspa
|move|p2a: Mimikyu|Swords Dance|p2a: Mimikyu
|-boost|p2a: Mimikyu|atk|2
|
|-weather|SunnyDay|[upkeep]
|upkeep
|turn|8
|inactive|loneslopeman has 120 seconds left.
|
|t:|1759057016
|-end|p1a: Raging Bolt|Protosynthesis|[silent]
|switch|p1a: Alomomola|Alomomola, M|99/100
|move|p2a: Mimikyu|Play Rough|p1a: Alomomola
|-damage|p1a: Alomomola|38/100
|
|-weather|none
|upkeep
|turn|9
|
|t:|1759057025
|switch|p1a: Torkoal|Torkoal, M|39/100
|-weather|SunnyDay|[from] ability: Drought|[of] p1a: Torkoal
|move|p2a: Mimikyu|Play Rough|p1a: Torkoal
|-resisted|p1a: Torkoal
|-damage|p1a: Torkoal|0 fnt
|faint|p1a: Torkoal
|
|-weather|SunnyDay|[upkeep]
|upkeep
|
|t:|1759057046
|switch|p1a: Orthworm|Orthworm, F|100/100
|turn|10
|
|t:|1759057050
|move|p2a: Mimikyu|Drain Punch|p1a: Orthworm
|-supereffective|p1a: Orthworm
|-damage|p1a: Orthworm|11/100
|-heal|p2a: Mimikyu|100/100|[from] drain|[of] p1a: Orthworm
|move|p1a: Orthworm|Iron Head|p2a: Mimikyu
|-supereffective|p2a: Mimikyu
|-damage|p2a: Mimikyu|2/100
|
|-weather|SunnyDay|[upkeep]
|upkeep
|turn|11
|
|t:|1759057061
|move|p2a: Mimikyu|Drain Punch|p1a: Orthworm
|-supereffective|p1a: Orthworm
|-damage|p1a: Orthworm|0 fnt
|-heal|p2a: Mimikyu|8/100|[from] drain|[of] p1a: Orthworm
|faint|p1a: Orthworm
|
|-weather|SunnyDay|[upkeep]
|upkeep
|
|t:|1759057071
|switch|p1a: Cinderace|Cinderace, F|100/100
|turn|12
|
|t:|1759057076
|move|p2a: Mimikyu|Shadow Sneak|p1a: Cinderace
|-damage|p1a: Cinderace|35/100
|move|p1a: Cinderace|Pyro Ball|p2a: Mimikyu
|-damage|p2a: Mimikyu|0 fnt
|faint|p2a: Mimikyu
|
|-weather|SunnyDay|[upkeep]
|upkeep
|
|t:|1759057081
|switch|p2a: Ambipom|Ambipom, M, shiny|100/100
|turn|13
|inactive|loneslopeman has 120 seconds left.
|
|t:|1759057093
|switch|p1a: Alomomola|Alomomola, M|71/100
|move|p2a: Ambipom|Fake Out|p1a: Alomomola
|-damage|p1a: Alomomola|54/100
|
|-weather|SunnyDay|[upkeep]
|upkeep
|turn|14
|inactive|loneslopeman has 120 seconds left.
|
|t:|1759057101
|move|p2a: Ambipom|Knock Off|p1a: Alomomola
|-damage|p1a: Alomomola|37/100
|-enditem|p1a: Alomomola|Heavy-Duty Boots|[from] move: Knock Off|[of] p2a: Ambipom
|move|p1a: Alomomola|Flip Turn|p2a: Ambipom
|-damage|p2a: Ambipom|89/100
|inactive|loneslopeman has 120 seconds left.
|
|t:|1759057115
|switch|p1a: Fezandipiti|Fezandipiti, M|100/100|[from] Flip Turn
|
|-weather|SunnyDay|[upkeep]
|upkeep
|turn|15
|
|t:|1759057122
|switch|p2a: Goodra|Goodra-Hisui, M|100/100
|move|p1a: Fezandipiti|Play Rough|p2a: Goodra
|-damage|p2a: Goodra|44/100
|
|-weather|SunnyDay|[upkeep]
|upkeep
|turn|16
|
|t:|1759057137
|move|p1a: Fezandipiti|Play Rough|p2a: Goodra
|-damage|p2a: Goodra|0 fnt
|faint|p2a: Goodra
|
|-weather|none
|upkeep
|
|t:|1759057142
|switch|p2a: Ambipom|Ambipom, M, shiny|89/100
|turn|17
|
|t:|1759057144
|move|p2a: Ambipom|Fake Out|p1a: Fezandipiti
|-damage|p1a: Fezandipiti|59/100
|cant|p1a: Fezandipiti|flinch
|
|upkeep
|turn|18
|
|t:|1759057149
|move|p2a: Ambipom|Double Hit|p1a: Fezandipiti
|-damage|p1a: Fezandipiti|23/100
|-damage|p1a: Fezandipiti|0 fnt
|faint|p1a: Fezandipiti
|-hitcount|p1: Fezandipiti|2
|
|upkeep
|
|t:|1759057156
|switch|p1a: Alomomola|Alomomola, M|71/100
|turn|19
|
|t:|1759057161
|move|p2a: Ambipom|Double Hit|p1a: Alomomola
|-damage|p1a: Alomomola|54/100
|-damage|p1a: Alomomola|38/100
|-hitcount|p1a: Alomomola|2
|move|p1a: Alomomola|Wish|p1a: Alomomola
|
|upkeep
|turn|20
|
|t:|1759057169
|switch|p2a: Serperior|Serperior, F, shiny|100/100
|move|p1a: Alomomola|Flip Turn|p2a: Serperior
|-resisted|p2a: Serperior
|-damage|p2a: Serperior|94/100
|
|t:|1759057177
|switch|p1a: Cinderace|Cinderace, F|35/100|[from] Flip Turn
|
|-heal|p1a: Cinderace|100/100|[from] move: Wish|[wisher] Alomomola
|-heal|p2a: Serperior|99/100|[from] item: Leftovers
|upkeep
|turn|21
|
|t:|1759057184
|move|p1a: Cinderace|Pyro Ball|p2a: Serperior
|-supereffective|p2a: Serperior
|-damage|p2a: Serperior|0 fnt
|faint|p2a: Serperior
|
|upkeep
|
|t:|1759057187
|switch|p2a: Great Tusk|Great Tusk|100/100
|turn|22
|
|t:|1759057193
|move|p1a: Cinderace|U-turn|p2a: Great Tusk
|-start|p1a: Cinderace|typechange|Bug|[from] ability: Libero
|-resisted|p2a: Great Tusk
|-damage|p2a: Great Tusk|91/100
|
|t:|1759057198
|switch|p1a: Alomomola|Alomomola, M|71/100|[from] U-turn
|move|p2a: Great Tusk|Headlong Rush|p1a: Alomomola
|-damage|p1a: Alomomola|38/100
|-unboost|p2a: Great Tusk|def|1
|-unboost|p2a: Great Tusk|spd|1
|
|upkeep
|turn|23
|
|t:|1759057211
|move|p2a: Great Tusk|Stealth Rock|p1a: Alomomola
|-sidestart|p1: loneslopeman|move: Stealth Rock
|move|p1a: Alomomola|Flip Turn|p2a: Great Tusk
|-supereffective|p2a: Great Tusk
|-damage|p2a: Great Tusk|67/100
|
|t:|1759057216
|switch|p1a: Cinderace|Cinderace, F|100/100|[from] Flip Turn
|
|upkeep
|turn|24
|
|t:|1759057222
|move|p1a: Cinderace|U-turn|p2a: Great Tusk
|-start|p1a: Cinderace|typechange|Bug|[from] ability: Libero
|-resisted|p2a: Great Tusk
|-damage|p2a: Great Tusk|52/100
|
|t:|1759057227
|switch|p1a: Alomomola|Alomomola, M|72/100|[from] U-turn
|-damage|p1a: Alomomola|59/100|[from] Stealth Rock
|move|p2a: Great Tusk|Headlong Rush|p1a: Alomomola
|-damage|p1a: Alomomola|24/100
|-unboost|p2a: Great Tusk|def|1
|-unboost|p2a: Great Tusk|spd|1
|
|upkeep
|turn|25
|
|t:|1759057236
|move|p2a: Great Tusk|Headlong Rush|p1a: Alomomola
|-damage|p1a: Alomomola|0 fnt
|-unboost|p2a: Great Tusk|def|1
|-unboost|p2a: Great Tusk|spd|1
|faint|p1a: Alomomola
|
|upkeep
|
|t:|1759057239
|switch|p1a: Cinderace|Cinderace, F|100/100
|turn|26
|
|t:|1759057246
|-end|p2a: Great Tusk|Protosynthesis|[silent]
|switch|p2a: Ambipom|Ambipom, M, shiny|89/100
|move|p1a: Cinderace|Pyro Ball|p2a: Ambipom
|-damage|p2a: Ambipom|0 fnt
|faint|p2a: Ambipom
|
|upkeep
|
|t:|1759057249
|switch|p2a: Great Tusk|Great Tusk|52/100
|turn|27
|
|t:|1759057255
|move|p1a: Cinderace|High Jump Kick|p2a: Great Tusk
|-start|p1a: Cinderace|typechange|Fighting|[from] ability: Libero
|-damage|p2a: Great Tusk|20/100
|move|p2a: Great Tusk|Headlong Rush|p1a: Cinderace
|-damage|p1a: Cinderace|11/100
|-unboost|p2a: Great Tusk|def|1
|-unboost|p2a: Great Tusk|spd|1
|
|upkeep
|turn|28
|
|t:|1759057266
|move|p1a: Cinderace|Pyro Ball|p2a: Great Tusk
|-damage|p2a: Great Tusk|0 fnt
|faint|p2a: Great Tusk
|-end|p2a: Great Tusk|Protosynthesis|[silent]
|
|win|loneslopeman
|raw|loneslopeman's rating: 1218 &rarr; <strong>1245</strong><br />(+27 for winning)
|raw|Griffin_MX's rating: 1244 &rarr; <strong>1217</strong><br />(-27 for losing)
|l|☆Griffin_MX
|player|p2|
