|j|☆puffpasties
|j|☆Samantha 62
|t:|1759021649
|gametype|singles
|player|p1|puffpasties|dawn|1058
|player|p2|Samantha 62|lady-gen4|1070
|gen|9
|tier|[Gen 9] OU
|rated|
|rule|HP Percentage Mod: HP is shown in percentages
|rule|Endless Battle Clause: Forcing endless battles is banned
|rule|Species Clause: Limit one of each Pokémon
|rule|OHKO Clause: OHKO moves are banned
|rule|Evasion Items Clause: Evasion items are banned
|rule|Evasion Moves Clause: Evasion moves are banned
|rule|Evasion Abilities Clause: Evasion abilities are banned
|rule|Sleep Moves Clause: Sleep-inducing moves are banned
|clearpoke
|poke|p1|Scizor, F|
|poke|p1|Zoroark-Hisui, F|
|poke|p1|Gardevoir, F|
|poke|p1|Gyarados, F|
|poke|p1|Garchomp, F|
|poke|p1|Clefable, F|
|poke|p2|Empoleon, F|
|poke|p2|Clefable, M|
|poke|p2|Leavanny, F|
|poke|p2|Tauros-Paldea-Blaze, M|
|poke|p2|Pachirisu, M|
|poke|p2|Dragonite, M|
|teampreview
|
|t:|1759021667
|teamsize|p1|6
|teamsize|p2|6
|start
|switch|p1a: Gardevoir|Gardevoir, F|100/100
|switch|p2a: Leavanny|Leavanny, F|100/100
|-ability|p1a: Gardevoir|Swarm|Trace|[from] ability: Trace|[of] p2a: Leavanny
|turn|1
|c|☆Samantha 62|Hi
|c|☆Samantha 62|good luck have fun
|
|t:|1759021681
|move|p2a: Leavanny|Sticky Web|p1a: Gardevoir
|-sidestart|p1: puffpasties|move: Sticky Web
|move|p1a: Gardevoir|Light Screen|p1a: Gardevoir
|-sidestart|p1: puffpasties|move: Light Screen
|
|upkeep
|turn|2
|
|t:|1759021685
|move|p2a: Leavanny|Knock Off|p1a: Gardevoir
|-damage|p1a: Gardevoir|63/100
|-enditem|p1a: Gardevoir|Light Clay|[from] move: Knock Off|[of] p2a: Leavanny
|move|p1a: Gardevoir|Reflect|p1a: Gardevoir
|-sidestart|p1: puffpasties|Reflect
|
|upkeep
|turn|3
|
|t:|1759021696
|switch|p1a: Garchomp|Garchomp, F|100/100
|-activate|p1a: Garchomp|move: Sticky Web
|-unboost|p1a: Garchomp|spe|1
|move|p2a: Leavanny|Knock Off|p1a: Garchomp
|-damage|p1a: Garchomp|85/100
|-damage|p2a: Leavanny|88/100|[from] ability: Rough Skin|[of] p1a: Garchomp
|-enditem|p1a: Garchomp|Leftovers|[from] move: Knock Off|[of] p2a: Leavanny
|
|upkeep
|turn|4
|
|t:|1759021705
|switch|p2a: Empoleon|Empoleon, F|100/100
|move|p1a: Garchomp|Stealth Rock|p2a: Empoleon
|-sidestart|p2: Samantha 62|move: Stealth Rock
|
|upkeep
|turn|5
|
|t:|1759021725
|-terastallize|p2a: Empoleon|Ghost
|move|p1a: Garchomp|Swords Dance|p1a: Garchomp
|-boost|p1a: Garchomp|atk|2
|move|p2a: Empoleon|Metal Sound|p1a: Garchomp
|-unboost|p1a: Garchomp|spd|2
|-enditem|p2a: Empoleon|Throat Spray
|-boost|p2a: Empoleon|spa|1|[from] item: Throat Spray
|
|upkeep
|turn|6
|
|t:|1759021765
|-terastallize|p1a: Garchomp|Dragon
|move|p1a: Garchomp|Dragon Claw|p2a: Empoleon
|-damage|p2a: Empoleon|0 fnt
|faint|p2a: Empoleon
|
|-sideend|p1: puffpasties|Reflect
|upkeep
|
|t:|1759021772
|switch|p2a: Pachirisu|Pachirisu, M|100/100
|-damage|p2a: Pachirisu|88/100|[from] Stealth Rock
|turn|7
|
|t:|1759021778
|move|p2a: Pachirisu|Nuzzle|p1a: Garchomp
|-resisted|p1a: Garchomp
|-damage|p1a: Garchomp|84/100
|-status|p1a: Garchomp|par
|-damage|p2a: Pachirisu|76/100|[from] ability: Rough Skin|[of] p1a: Garchomp
|move|p1a: Garchomp|Swords Dance|p1a: Garchomp
|-boost|p1a: Garchomp|atk|2
|
|upkeep
|turn|8
|
|t:|1759021798
|move|p2a: Pachirisu|Encore|p1a: Garchomp
|-start|p1a: Garchomp|Encore
|cant|p1a: Garchomp|par
|
|-sideend|p1: puffpasties|move: Light Screen
|upkeep
|turn|9
|
|t:|1759021816
|switch|p1a: Clefable|Clefable, F, shiny|100/100
|-activate|p1a: Clefable|move: Sticky Web
|-unboost|p1a: Clefable|spe|1
|move|p2a: Pachirisu|Volt Switch|p1a: Clefable
|-damage|p1a: Clefable|88/100
|
|t:|1759021820
|switch|p2a: Leavanny|Leavanny, F|88/100|[from] Volt Switch
|-damage|p2a: Leavanny|63/100|[from] Stealth Rock
|
|-heal|p1a: Clefable|94/100|[from] item: Leftovers
|upkeep
|turn|10
|
|t:|1759021830
|move|p2a: Leavanny|Knock Off|p1a: Clefable
|-resisted|p1a: Clefable
|-damage|p1a: Clefable|83/100
|-enditem|p1a: Clefable|Leftovers|[from] move: Knock Off|[of] p2a: Leavanny
|move|p1a: Clefable|Wish|p1a: Clefable
|
|upkeep
|turn|11
|
|t:|1759021841
|switch|p2a: Clefable|Clefable, M|100/100
|-damage|p2a: Clefable|88/100|[from] Stealth Rock
|switch|p1a: Garchomp|Garchomp, F, tera:Dragon|84/100 par
|-activate|p1a: Garchomp|move: Sticky Web
|-unboost|p1a: Garchomp|spe|1
|
|-heal|p1a: Garchomp|100/100 par|[from] move: Wish|[wisher] Clefable
|-heal|p2a: Clefable|94/100|[from] item: Leftovers
|upkeep
|turn|12
|
|t:|1759021856
|move|p2a: Clefable|Cosmic Power|p2a: Clefable
|-boost|p2a: Clefable|def|1
|-boost|p2a: Clefable|spd|1
|cant|p1a: Garchomp|par
|
|-heal|p2a: Clefable|99/100|[from] item: Leftovers
|upkeep
|turn|13
|
|t:|1759021864
|move|p2a: Clefable|Cosmic Power|p2a: Clefable
|-boost|p2a: Clefable|def|1
|-boost|p2a: Clefable|spd|1
|move|p1a: Garchomp|Swords Dance|p1a: Garchomp
|-boost|p1a: Garchomp|atk|2
|
|-heal|p2a: Clefable|100/100|[from] item: Leftovers
|upkeep
|turn|14
|
|t:|1759021874
|move|p2a: Clefable|Cosmic Power|p2a: Clefable
|-boost|p2a: Clefable|def|1
|-boost|p2a: Clefable|spd|1
|move|p1a: Garchomp|Swords Dance|p1a: Garchomp
|-boost|p1a: Garchomp|atk|2
|
|upkeep
|turn|15
|
|t:|1759021880
|move|p2a: Clefable|Cosmic Power|p2a: Clefable
|-boost|p2a: Clefable|def|1
|-boost|p2a: Clefable|spd|1
|cant|p1a: Garchomp|par
|
|upkeep
|turn|16
|
|t:|1759021886
|move|p2a: Clefable|Charge Beam|p1a: Garchomp
|-resisted|p1a: Garchomp
|-damage|p1a: Garchomp|95/100 par
|cant|p1a: Garchomp|par
|
|upkeep
|turn|17
|
|t:|1759021891
|move|p2a: Clefable|Charge Beam|p1a: Garchomp
|-resisted|p1a: Garchomp
|-damage|p1a: Garchomp|89/100 par
|move|p1a: Garchomp|Swords Dance|p1a: Garchomp
|-boost|p1a: Garchomp|atk|2
|
|upkeep
|turn|18
|
|t:|1759021916
|move|p2a: Clefable|Charge Beam|p1a: Garchomp
|-resisted|p1a: Garchomp
|-damage|p1a: Garchomp|83/100 par
|-boost|p2a: Clefable|spa|1
|move|p1a: Garchomp|Earthquake|p2a: Clefable
|-damage|p2a: Clefable|85/100
|
|-heal|p2a: Clefable|91/100|[from] item: Leftovers
|upkeep
|turn|19
|
|t:|1759021927
|move|p2a: Clefable|Cosmic Power|p2a: Clefable
|-boost|p2a: Clefable|def|1
|-boost|p2a: Clefable|spd|1
|cant|p1a: Garchomp|par
|
|-heal|p2a: Clefable|97/100|[from] item: Leftovers
|upkeep
|turn|20
|
|t:|1759021934
|move|p2a: Clefable|Cosmic Power|p2a: Clefable
|-boost|p2a: Clefable|def|1
|-boost|p2a: Clefable|spd|1
|move|p1a: Garchomp|Earthquake|p2a: Clefable
|-damage|p2a: Clefable|88/100
|
|-heal|p2a: Clefable|94/100|[from] item: Leftovers
|upkeep
|turn|21
|
|t:|1759021941
|move|p2a: Clefable|Stored Power|p1a: Garchomp
|-damage|p1a: Garchomp|0 fnt
|faint|p1a: Garchomp
|
|-heal|p2a: Clefable|99/100|[from] item: Leftovers
|upkeep
|
|t:|1759021956
|switch|p1a: Clefable|Clefable, F, shiny|83/100
|-activate|p1a: Clefable|move: Sticky Web
|-unboost|p1a: Clefable|spe|1
|turn|22
|
|t:|1759021963
|move|p2a: Clefable|Stored Power|p1a: Clefable
|-damage|p1a: Clefable|0 fnt
|faint|p1a: Clefable
|
|-heal|p2a: Clefable|100/100|[from] item: Leftovers
|upkeep
|
|t:|1759021977
|switch|p1a: Gyarados|Gyarados, F|100/100
|turn|23
|
|t:|1759021980
|move|p1a: Gyarados|Bitter Malice|p2a: Clefable
|-damage|p2a: Clefable|91/100
|-unboost|p2a: Clefable|atk|1
|move|p2a: Clefable|Stored Power|p1a: Gyarados
|-damage|p1a: Gyarados|0 fnt
|replace|p1a: Zoroark|Zoroark-Hisui, F
|-end|p1a: Zoroark|Illusion
|faint|p1a: Zoroark
|
|-heal|p2a: Clefable|97/100|[from] item: Leftovers
|upkeep
|
|t:|1759021997
|switch|p1a: Gardevoir|Gardevoir, F|63/100
|-activate|p1a: Gardevoir|move: Sticky Web
|-unboost|p1a: Gardevoir|spe|1
|-ability|p1a: Gardevoir|Unaware|Trace|[from] ability: Trace|[of] p2a: Clefable
|turn|24
|
|t:|1759022005
|move|p2a: Clefable|Stored Power|p1a: Gardevoir
|-resisted|p1a: Gardevoir
|-damage|p1a: Gardevoir|41/100
|move|p1a: Gardevoir|Psychic|p2a: Clefable
|-damage|p2a: Clefable|61/100
|
|-heal|p2a: Clefable|67/100|[from] item: Leftovers
|upkeep
|turn|25
|
|t:|1759022014
|move|p2a: Clefable|Charge Beam|p1a: Gardevoir
|-damage|p1a: Gardevoir|33/100
|-boost|p2a: Clefable|spa|1
|move|p1a: Gardevoir|Psychic|p2a: Clefable
|-damage|p2a: Clefable|30/100
|
|-heal|p2a: Clefable|37/100|[from] item: Leftovers
|upkeep
|turn|26
|
|t:|1759022024
|move|p2a: Clefable|Stored Power|p1a: Gardevoir
|-resisted|p1a: Gardevoir
|-damage|p1a: Gardevoir|11/100
|move|p1a: Gardevoir|Psychic|p2a: Clefable
|-damage|p2a: Clefable|4/100
|
|-heal|p2a: Clefable|10/100|[from] item: Leftovers
|upkeep
|turn|27
|
|t:|1759022034
|move|p2a: Clefable|Moonlight|p2a: Clefable
|-heal|p2a: Clefable|60/100
|move|p1a: Gardevoir|Shadow Ball|p2a: Clefable
|-damage|p2a: Clefable|39/100
|
|-heal|p2a: Clefable|45/100|[from] item: Leftovers
|upkeep
|turn|28
|
|t:|1759022043
|move|p2a: Clefable|Moonlight|p2a: Clefable
|-heal|p2a: Clefable|95/100
|move|p1a: Gardevoir|Psychic|p2a: Clefable
|-damage|p2a: Clefable|61/100
|
|-heal|p2a: Clefable|68/100|[from] item: Leftovers
|upkeep
|turn|29
|
|t:|1759022054
|move|p2a: Clefable|Stored Power|p1a: Gardevoir
|-resisted|p1a: Gardevoir
|-crit|p1a: Gardevoir
|-damage|p1a: Gardevoir|0 fnt
|faint|p1a: Gardevoir
|
|-heal|p2a: Clefable|74/100|[from] item: Leftovers
|upkeep
|
|t:|1759022061
|switch|p1a: Scizor|Scizor, F|100/100
|-activate|p1a: Scizor|move: Sticky Web
|-unboost|p1a: Scizor|spe|1
|turn|30
|
|t:|1759022065
|move|p1a: Scizor|Bullet Punch|p2a: Clefable
|-supereffective|p2a: Clefable
|-damage|p2a: Clefable|58/100
|move|p2a: Clefable|Stored Power|p1a: Scizor
|-resisted|p1a: Scizor
|-damage|p1a: Scizor|22/100
|
|-heal|p2a: Clefable|64/100|[from] item: Leftovers
|-heal|p1a: Scizor|28/100|[from] item: Leftovers
|upkeep
|turn|31
|
|t:|1759022080
|move|p2a: Clefable|Moonlight|p2a: Clefable
|-heal|p2a: Clefable|100/100
|move|p1a: Scizor|Lunge|p2a: Clefable
|-resisted|p2a: Clefable
|-damage|p2a: Clefable|96/100
|-unboost|p2a: Clefable|atk|1
|
|-heal|p2a: Clefable|100/100|[from] item: Leftovers
|-heal|p1a: Scizor|35/100|[from] item: Leftovers
|upkeep
|turn|32
|
|t:|1759022091
|move|p1a: Scizor|Bullet Punch|p2a: Clefable
|-supereffective|p2a: Clefable
|-damage|p2a: Clefable|88/100
|move|p2a: Clefable|Stored Power|p1a: Scizor
|-resisted|p1a: Scizor
|-damage|p1a: Scizor|0 fnt
|faint|p1a: Scizor
|
|-heal|p2a: Clefable|94/100|[from] item: Leftovers
|upkeep
|
|t:|1759022099
|switch|p1a: Gyarados|Gyarados, F|100/100
|-ability|p1a: Gyarados|Intimidate|boost
|-unboost|p2a: Clefable|atk|1
|turn|33
|c|☆Samantha 62|good game
|
|t:|1759022110
|move|p1a: Gyarados|Dragon Dance|p1a: Gyarados
|-boost|p1a: Gyarados|atk|1
|-boost|p1a: Gyarados|spe|1
|move|p2a: Clefable|Stored Power|p1a: Gyarados
|-damage|p1a: Gyarados|0 fnt
|faint|p1a: Gyarados
|
|win|Samantha 62
|raw|puffpasties's rating: 1058 &rarr; <strong>1040</strong><br />(-18 for losing)
|raw|Samantha 62's rating: 1070 &rarr; <strong>1098</strong><br />(+28 for winning)
|l|☆puffpasties
|player|p1|
|l|☆Samantha 62
|player|p2|
