|j|☆Silver951
|j|☆dragawndeeznutz
|t:|1759028087
|gametype|singles
|player|p1|Silver951|cynthia|
|player|p2|dragawndeeznutz|169|
|gen|9
|tier|[Gen 9] OU
|rule|HP Percentage Mod: HP is shown in percentages
|rule|Endless Battle Clause: Forcing endless battles is banned
|rule|Species Clause: Limit one of each Pokémon
|rule|OHKO Clause: OHKO moves are banned
|rule|Evasion Items Clause: Evasion items are banned
|rule|Evasion Moves Clause: Evasion moves are banned
|rule|Evasion Abilities Clause: Evasion abilities are banned
|rule|Sleep Moves Clause: Sleep-inducing moves are banned
|clearpoke
|poke|p1|Deoxys-Speed|
|poke|p1|Electrode-Hisui|
|poke|p1|Dragapult, F|
|poke|p1|Zamazenta-*|
|poke|p1|Barraskewda, M|
|poke|p1|Jolteon, M|
|poke|p2|Quaquaval, F|
|poke|p2|Rillaboom, F|
|poke|p2|Hawlucha, M|
|poke|p2|Iron Treads|
|poke|p2|Dragapult, F|
|poke|p2|Raging Bolt|
|teampreview
|j| doodooballs69
|
|t:|1759028102
|teamsize|p1|6
|teamsize|p2|6
|start
|switch|p1a: Dragapult|Dragapult, F|100/100
|switch|p2a: Rillaboom|Rillaboom, F|100/100
|-fieldstart|move: Grassy Terrain|[from] ability: Grassy Surge|[of] p2a: Rillaboom
|turn|1
|
|t:|1759028128
|move|p1a: Dragapult|Dragon Rush|p2a: Rillaboom
|-damage|p2a: Rillaboom|45/100
|move|p2a: Rillaboom|Knock Off|p1a: Dragapult
|-supereffective|p1a: Dragapult
|-damage|p1a: Dragapult|0 fnt
|-enditem|p1a: Dragapult|Wide Lens|[from] move: Knock Off|[of] p2a: Rillaboom
|faint|p1a: Dragapult
|
|-heal|p2a: Rillaboom|51/100|[from] Grassy Terrain
|upkeep
|
|t:|1759028184
|switch|p1a: Deoxys|Deoxys-Speed|100/100
|-ability|p1a: Deoxys|Pressure
|turn|2
|
|t:|1759028194
|switch|p2a: Iron Treads|Iron Treads|100/100
|-enditem|p2a: Iron Treads|Booster Energy
|-activate|p2a: Iron Treads|ability: Quark Drive|[fromitem]
|-start|p2a: Iron Treads|quarkdrivespe
|move|p1a: Deoxys|Thunder Wave|p2a: Iron Treads
|-immune|p2a: Iron Treads
|
|upkeep
|turn|3
|
|t:|1759028226
|move|p2a: Iron Treads|Rapid Spin|p1a: Deoxys
|-damage|p1a: Deoxys|86/100
|-boost|p2a: Iron Treads|spe|1
|move|p1a: Deoxys|Stealth Rock|p2a: Iron Treads
|-sidestart|p2: dragawndeeznutz|move: Stealth Rock
|
|-heal|p1a: Deoxys|92/100|[from] Grassy Terrain
|upkeep
|turn|4
|
|t:|1759028278
|-terastallize|p1a: Deoxys|Ghost
|move|p2a: Iron Treads|Rapid Spin|p1a: Deoxys
|-immune|p1a: Deoxys
|move|p1a: Deoxys|Spikes|p2a: Iron Treads
|-sidestart|p2: dragawndeeznutz|Spikes
|
|-heal|p1a: Deoxys|98/100|[from] Grassy Terrain
|upkeep
|turn|5
|
|t:|1759028291
|move|p2a: Iron Treads|Stealth Rock|p1a: Deoxys
|-sidestart|p1: Silver951|move: Stealth Rock
|move|p1a: Deoxys|Spikes|p2a: Iron Treads
|-sidestart|p2: dragawndeeznutz|Spikes
|
|-heal|p1a: Deoxys|100/100|[from] Grassy Terrain
|-fieldend|move: Grassy Terrain
|upkeep
|turn|6
|
|t:|1759028296
|move|p2a: Iron Treads|Earth Power|p1a: Deoxys
|-damage|p1a: Deoxys|63/100
|move|p1a: Deoxys|Spikes|p2a: Iron Treads
|-sidestart|p2: dragawndeeznutz|Spikes
|
|upkeep
|turn|7
|
|t:|1759028313
|move|p1a: Deoxys|Extreme Speed|p2a: Iron Treads
|-resisted|p2a: Iron Treads
|-damage|p2a: Iron Treads|89/100
|move|p2a: Iron Treads|Rapid Spin|p1a: Deoxys
|-immune|p1a: Deoxys
|
|upkeep
|turn|8
|
|t:|1759028319
|move|p1a: Deoxys|Extreme Speed|p2a: Iron Treads
|-resisted|p2a: Iron Treads
|-damage|p2a: Iron Treads|79/100
|move|p2a: Iron Treads|Earth Power|p1a: Deoxys
|-damage|p1a: Deoxys|24/100
|
|upkeep
|turn|9
|
|t:|1759028327
|move|p1a: Deoxys|Extreme Speed|p2a: Iron Treads
|-resisted|p2a: Iron Treads
|-damage|p2a: Iron Treads|68/100
|move|p2a: Iron Treads|Earth Power|p1a: Deoxys
|-damage|p1a: Deoxys|0 fnt
|faint|p1a: Deoxys
|
|upkeep
|
|t:|1759028334
|switch|p1a: Electrode|Electrode-Hisui, shiny|100/100
|-damage|p1a: Electrode|88/100|[from] Stealth Rock
|turn|10
|
|t:|1759028356
|move|p2a: Iron Treads|Rapid Spin|p1a: Electrode
|-damage|p1a: Electrode|67/100
|-boost|p2a: Iron Treads|spe|1
|-sideend|p2: dragawndeeznutz|Spikes|[from] move: Rapid Spin|[of] p2a: Iron Treads
|-sideend|p2: dragawndeeznutz|Stealth Rock|[from] move: Rapid Spin|[of] p2a: Iron Treads
|move|p1a: Electrode|Chloroblast|p2a: Iron Treads
|-damage|p2a: Iron Treads|0 fnt
|faint|p2a: Iron Treads
|-end|p2a: Iron Treads|Quark Drive|[silent]
|-damage|p1a: Electrode|17/100|[from] Recoil
|
|upkeep
|
|t:|1759028379
|switch|p2a: Rillaboom|Rillaboom, F|51/100
|-fieldstart|move: Grassy Terrain|[from] ability: Grassy Surge|[of] p2a: Rillaboom
|turn|11
|
|t:|1759028391
|move|p2a: Rillaboom|Grassy Glide|p1a: Electrode
|-resisted|p1a: Electrode
|-damage|p1a: Electrode|0 fnt
|-damage|p2a: Rillaboom|26/100|[from] ability: Aftermath|[of] p1a: Electrode
|faint|p1a: Electrode
|
|-heal|p2a: Rillaboom|32/100|[from] Grassy Terrain
|upkeep
|
|t:|1759028409
|switch|p1a: Jolteon|Jolteon, M|100/100
|-damage|p1a: Jolteon|88/100|[from] Stealth Rock
|turn|12
|
|t:|1759028438
|move|p2a: Rillaboom|Grassy Glide|p1a: Jolteon
|-damage|p1a: Jolteon|0 fnt
|faint|p1a: Jolteon
|
|-heal|p2a: Rillaboom|38/100|[from] Grassy Terrain
|upkeep
|
|t:|1759028446
|switch|p1a: Zamazenta|Zamazenta|100/100
|-damage|p1a: Zamazenta|94/100|[from] Stealth Rock
|-ability|p1a: Zamazenta|Dauntless Shield|boost
|-boost|p1a: Zamazenta|def|1
|turn|13
|
|t:|1759028481
|switch|p2a: Dragapult|Dragapult, F|100/100
|move|p1a: Zamazenta|Play Rough|p2a: Dragapult
|-supereffective|p2a: Dragapult
|-damage|p2a: Dragapult|6/100
|
|-heal|p2a: Dragapult|12/100|[from] Grassy Terrain
|-heal|p1a: Zamazenta|100/100|[from] Grassy Terrain
|upkeep
|turn|14
|
|t:|1759028509
|move|p2a: Dragapult|Thunder Wave|p1a: Zamazenta
|-status|p1a: Zamazenta|par
|move|p1a: Zamazenta|Play Rough|p2a: Dragapult|[miss]
|-miss|p1a: Zamazenta|p2a: Dragapult
|
|-heal|p2a: Dragapult|18/100|[from] Grassy Terrain
|upkeep
|turn|15
|
|t:|1759028528
|move|p2a: Dragapult|Hex|p1a: Zamazenta
|-damage|p1a: Zamazenta|67/100 par
|move|p1a: Zamazenta|Play Rough|p2a: Dragapult
|-supereffective|p2a: Dragapult
|-damage|p2a: Dragapult|0 fnt
|faint|p2a: Dragapult
|
|-heal|p1a: Zamazenta|73/100 par|[from] Grassy Terrain
|-fieldend|move: Grassy Terrain
|upkeep
|
|t:|1759028562
|switch|p2a: Raging Bolt|Raging Bolt|100/100
|-enditem|p2a: Raging Bolt|Booster Energy
|-activate|p2a: Raging Bolt|ability: Protosynthesis|[fromitem]
|-start|p2a: Raging Bolt|protosynthesisspa
|turn|16
|
|t:|1759028581
|move|p2a: Raging Bolt|Thunderbolt|p1a: Zamazenta
|-damage|p1a: Zamazenta|27/100 par
|move|p1a: Zamazenta|Iron Head|p2a: Raging Bolt
|-resisted|p2a: Raging Bolt
|-damage|p2a: Raging Bolt|87/100
|
|upkeep
|turn|17
|
|t:|1759028590
|move|p2a: Raging Bolt|Thunderbolt|p1a: Zamazenta
|-damage|p1a: Zamazenta|0 fnt
|faint|p1a: Zamazenta
|
|upkeep
|
|t:|1759028594
|switch|p1a: Barraskewda|Barraskewda, M, shiny|100/100
|-damage|p1a: Barraskewda|88/100|[from] Stealth Rock
|turn|18
|
|t:|1759028599
|move|p2a: Raging Bolt|Thunderclap|p1a: Barraskewda
|-supereffective|p1a: Barraskewda
|-damage|p1a: Barraskewda|0 fnt
|faint|p1a: Barraskewda
|
|win|dragawndeeznutz
