|j|☆hedgeway
|j|☆jumbolino
|t:|1759048012
|gametype|singles
|player|p1|hedgeway|workerice|1052
|player|p2|jumbolino|170|1060
|gen|9
|tier|[Gen 9] OU
|rated|
|rule|HP Percentage Mod: HP is shown in percentages
|rule|Endless Battle Clause: Forcing endless battles is banned
|rule|Species Clause: Limit one of each Pokémon
|rule|OHKO Clause: OHKO moves are banned
|rule|Evasion Items Clause: Evasion items are banned
|rule|Evasion Moves Clause: Evasion moves are banned
|rule|Evasion Abilities Clause: Evasion abilities are banned
|rule|Sleep Moves Clause: Sleep-inducing moves are banned
|clearpoke
|poke|p1|Regidrago|
|poke|p1|Iron Hands|
|poke|p1|Iron Treads|
|poke|p1|Meowscarada, F|
|poke|p1|Blaziken, F|
|poke|p1|Pecharunt|
|poke|p2|Clefable, M|
|poke|p2|Sableye, M|
|poke|p2|Skarmory, F|
|poke|p2|Forretress, F|
|poke|p2|Corviknight, M|
|poke|p2|Ninetales-Alola, F|
|teampreview
|
|t:|1759048018
|teamsize|p1|6
|teamsize|p2|6
|start
|switch|p1a: Nugget|Blaziken, F|100/100
|switch|p2a: Sableye|Sableye, M|100/100
|turn|1
|
|t:|1759048030
|move|p2a: Sableye|Light Screen|p2a: Sableye
|-sidestart|p2: jumbolino|move: Light Screen
|move|p1a: Nugget|Swords Dance|p1a: Nugget
|-boost|p1a: Nugget|atk|2
|
|-ability|p1a: Nugget|Speed Boost|boost
|-boost|p1a: Nugget|spe|1
|upkeep
|turn|2
|
|t:|1759048038
|move|p2a: Sableye|Reflect|p2a: Sableye
|-sidestart|p2: jumbolino|Reflect
|move|p1a: Nugget|Swords Dance|p1a: Nugget
|-boost|p1a: Nugget|atk|2
|
|-ability|p1a: Nugget|Speed Boost|boost
|-boost|p1a: Nugget|spe|1
|upkeep
|turn|3
|
|t:|1759048045
|switch|p2a: Skarmory|Skarmory, F|100/100
|move|p1a: Nugget|Swords Dance|p1a: Nugget
|-boost|p1a: Nugget|atk|2
|
|-ability|p1a: Nugget|Speed Boost|boost
|-boost|p1a: Nugget|spe|1
|upkeep
|turn|4
|
|t:|1759048054
|move|p1a: Nugget|Blaze Kick|p2a: Skarmory|[miss]
|-miss|p1a: Nugget|p2a: Skarmory
|move|p2a: Skarmory|Whirlwind|p1a: Nugget
|drag|p1a: Garf|Meowscarada, F|100/100
|
|upkeep
|turn|5
|
|t:|1759048063
|switch|p2a: Clefable|Clefable, M|100/100
|move|p1a: Garf|Knock Off|p2a: Clefable
|-start|p1a: Garf|typechange|Dark|[from] ability: Protean
|-resisted|p2a: Clefable
|-damage|p2a: Clefable|84/100
|-enditem|p2a: Clefable|Leftovers|[from] move: Knock Off|[of] p1a: Garf
|-damage|p1a: Garf|91/100|[from] item: Life Orb
|
|upkeep
|turn|6
|
|t:|1759048074
|move|p1a: Garf|U-turn|p2a: Clefable
|-resisted|p2a: Clefable
|-damage|p2a: Clefable|78/100
|-damage|p1a: Garf|81/100|[from] item: Life Orb
|
|t:|1759048078
|switch|p1a: Hard Berry|Pecharunt|100/100|[from] U-turn
|move|p2a: Clefable|Cosmic Power|p2a: Clefable
|-boost|p2a: Clefable|def|1
|-boost|p2a: Clefable|spd|1
|
|upkeep
|turn|7
|
|t:|1759048086
|-terastallize|p2a: Clefable|Steel
|move|p1a: Hard Berry|Parting Shot|p2a: Clefable
|-unboost|p2a: Clefable|atk|1
|-unboost|p2a: Clefable|spa|1
|
|t:|1759048094
|switch|p1a: Nikocado|Iron Hands|100/100|[from] Parting Shot
|move|p2a: Clefable|Cosmic Power|p2a: Clefable
|-boost|p2a: Clefable|def|1
|-boost|p2a: Clefable|spd|1
|
|upkeep
|turn|8
|
|t:|1759048102
|move|p2a: Clefable|Cosmic Power|p2a: Clefable
|-boost|p2a: Clefable|def|1
|-boost|p2a: Clefable|spd|1
|move|p1a: Nikocado|Drain Punch|p2a: Clefable
|-supereffective|p2a: Clefable
|-damage|p2a: Clefable|63/100
|
|-sideend|p2: jumbolino|move: Light Screen
|upkeep
|turn|9
|
|t:|1759048110
|move|p2a: Clefable|Cosmic Power|p2a: Clefable
|-boost|p2a: Clefable|def|1
|-boost|p2a: Clefable|spd|1
|move|p1a: Nikocado|Drain Punch|p2a: Clefable
|-supereffective|p2a: Clefable
|-damage|p2a: Clefable|50/100
|
|-sideend|p2: jumbolino|Reflect
|upkeep
|turn|10
|c|☆hedgeway|Gggs
|
|t:|1759048131
|move|p2a: Clefable|Moonlight|p2a: Clefable
|-heal|p2a: Clefable|99/100
|move|p1a: Nikocado|Drain Punch|p2a: Clefable
|-supereffective|p2a: Clefable
|-damage|p2a: Clefable|76/100
|
|upkeep
|turn|11
|-message|hedgeway forfeited.
|
|win|jumbolino
|raw|hedgeway's rating: 1052 &rarr; <strong>1035</strong><br />(-17 for losing)
|raw|jumbolino's rating: 1060 &rarr; <strong>1090</strong><br />(+30 for winning)
|l|☆hedgeway
|player|p1|
|l|☆jumbolino
|player|p2|
