|j|☆suprya
|j|☆DavyDXebecc
|t:|1759069443
|gametype|singles
|player|p1|suprya|preschooler|1615
|player|p2|DavyDXebecc|2|1556
|gen|9
|tier|[Gen 9] OU
|rated|
|rule|HP Percentage Mod: HP is shown in percentages
|rule|Endless Battle Clause: Forcing endless battles is banned
|rule|Species Clause: Limit one of each Pokémon
|rule|OHKO Clause: OHKO moves are banned
|rule|Evasion Items Clause: Evasion items are banned
|rule|Evasion Moves Clause: Evasion moves are banned
|rule|Evasion Abilities Clause: Evasion abilities are banned
|rule|Sleep Moves Clause: Sleep-inducing moves are banned
|clearpoke
|poke|p1|Jolteon, F|
|poke|p1|Dragapult, F|
|poke|p1|Heatran, M|
|poke|p1|Gliscor, M|
|poke|p1|Alomomola, M|
|poke|p1|Zarude|
|poke|p2|Cinderace, F|
|poke|p2|Landorus-Therian, M|
|poke|p2|Gholdengo|
|poke|p2|Clefable, F|
|poke|p2|Mimikyu, M|
|poke|p2|Toxapex, F|
|teampreview
|inactive|Battle timer is ON: inactive players will automatically lose when time's up. (requested by suprya)
|
|t:|1759069459
|teamsize|p1|6
|teamsize|p2|6
|start
|switch|p1a: Alomomola|Alomomola, M|100/100
|switch|p2a: Clefable|Clefable, F|100/100
|turn|1
|
|t:|1759069470
|move|p2a: Clefable|Moonblast|p1a: Alomomola
|-damage|p1a: Alomomola|55/100
|move|p1a: Alomomola|Flip Turn|p2a: Clefable
|-damage|p2a: Clefable|81/100
|
|t:|1759069476
|switch|p1a: Heatran|Heatran, M|100/100|[from] Flip Turn
|
|upkeep
|turn|2
|
|t:|1759069484
|switch|p2a: Toxapex|Toxapex, F|100/100
|move|p1a: Heatran|Stealth Rock|p2a: Toxapex
|-sidestart|p2: DavyDXebecc|move: Stealth Rock
|
|upkeep
|turn|3
|
|t:|1759069491
|move|p1a: Heatran|Will-O-Wisp|p2a: Toxapex
|-status|p2a: Toxapex|brn
|move|p2a: Toxapex|Surf|p1a: Heatran
|-supereffective|p1a: Heatran
|-damage|p1a: Heatran|69/100
|
|-damage|p2a: Toxapex|94/100 brn|[from] brn
|upkeep
|turn|4
|
|t:|1759069499
|switch|p1a: Alomomola|Alomomola, M|88/100
|move|p2a: Toxapex|Surf|p1a: Alomomola
|-resisted|p1a: Alomomola
|-damage|p1a: Alomomola|81/100
|
|-heal|p2a: Toxapex|100/100 brn|[from] item: Leftovers
|-damage|p2a: Toxapex|94/100 brn|[from] brn
|upkeep
|turn|5
|
|t:|1759069507
|move|p1a: Alomomola|Wish|p1a: Alomomola
|move|p2a: Toxapex|Toxic|p1a: Alomomola
|-status|p1a: Alomomola|tox
|
|-heal|p2a: Toxapex|100/100 brn|[from] item: Leftovers
|-damage|p1a: Alomomola|75/100 tox|[from] psn
|-damage|p2a: Toxapex|94/100 brn|[from] brn
|upkeep
|turn|6
|
|t:|1759069515
|move|p2a: Toxapex|Baneful Bunker|p2a: Toxapex
|-singleturn|p2a: Toxapex|move: Protect
|move|p1a: Alomomola|Flip Turn|p2a: Toxapex
|-activate|p2a: Toxapex|move: Protect
|
|-heal|p1a: Alomomola|100/100 tox|[from] move: Wish|[wisher] Alomomola
|-heal|p2a: Toxapex|100/100 brn|[from] item: Leftovers
|-damage|p1a: Alomomola|88/100 tox|[from] psn
|-damage|p2a: Toxapex|94/100 brn|[from] brn
|upkeep
|turn|7
|
|t:|1759069527
|switch|p2a: Cinderace|Cinderace, F|100/100
|move|p1a: Alomomola|Wish|p1a: Alomomola
|
|-damage|p1a: Alomomola|70/100 tox|[from] psn
|upkeep
|turn|8
|
|t:|1759069534
|switch|p1a: Heatran|Heatran, M|69/100
|move|p2a: Cinderace|Court Change|p2a: Cinderace
|-start|p2a: Cinderace|typechange|Normal|[from] ability: Libero
|-swapsideconditions
|-activate|p2a: Cinderace|move: Court Change
|
|-heal|p1a: Heatran|100/100|[from] move: Wish|[wisher] Alomomola
|upkeep
|turn|9
|
|t:|1759069542
|switch|p2a: Landorus|Landorus-Therian, M|100/100
|-ability|p2a: Landorus|Intimidate|boost
|-unboost|p1a: Heatran|atk|1
|move|p1a: Heatran|Stealth Rock|p2a: Landorus
|-sidestart|p2: DavyDXebecc|move: Stealth Rock
|
|upkeep
|turn|10
|
|t:|1759069555
|switch|p1a: Gliscor|Gliscor, M|100/100
|-damage|p1a: Gliscor|88/100|[from] Stealth Rock
|move|p2a: Landorus|U-turn|p1a: Gliscor
|-resisted|p1a: Gliscor
|-damage|p1a: Gliscor|79/100
|
|t:|1759069568
|switch|p2a: Clefable|Clefable, F|81/100|[from] U-turn
|
|-status|p1a: Gliscor|tox|[from] item: Toxic Orb
|upkeep
|turn|11
|
|t:|1759069576
|switch|p1a: Heatran|Heatran, M|100/100
|move|p2a: Clefable|Ice Beam|p1a: Heatran
|-resisted|p1a: Heatran
|-damage|p1a: Heatran|92/100
|
|upkeep
|turn|12
|
|t:|1759069582
|switch|p2a: Toxapex|Toxapex, F|100/100 brn
|-damage|p2a: Toxapex|88/100 brn|[from] Stealth Rock
|move|p1a: Heatran|Magma Storm|p2a: Toxapex|[miss]
|-miss|p1a: Heatran|p2a: Toxapex
|
|-heal|p2a: Toxapex|94/100 brn|[from] item: Leftovers
|-damage|p2a: Toxapex|88/100 brn|[from] brn
|upkeep
|turn|13
|
|t:|1759069599
|switch|p1a: Alomomola|Alomomola, M|100/100 tox
|move|p2a: Toxapex|Surf|p1a: Alomomola
|-resisted|p1a: Alomomola
|-damage|p1a: Alomomola|93/100 tox
|
|-heal|p2a: Toxapex|94/100 brn|[from] item: Leftovers
|-damage|p1a: Alomomola|87/100 tox|[from] psn
|-damage|p2a: Toxapex|88/100 brn|[from] brn
|upkeep
|turn|14
|
|t:|1759069615
|switch|p2a: Clefable|Clefable, F|81/100
|move|p1a: Alomomola|Wish|p1a: Alomomola
|
|-damage|p1a: Alomomola|75/100 tox|[from] psn
|upkeep
|turn|15
|
|t:|1759069620
|move|p2a: Clefable|Thunderbolt|p1a: Alomomola
|-supereffective|p1a: Alomomola
|-damage|p1a: Alomomola|16/100 tox
|move|p1a: Alomomola|Flip Turn|p2a: Clefable
|-damage|p2a: Clefable|61/100
|
|t:|1759069626
|switch|p1a: Heatran|Heatran, M|92/100|[from] Flip Turn
|
|-heal|p1a: Heatran|100/100|[from] move: Wish|[wisher] Alomomola
|upkeep
|turn|16
|
|t:|1759069631
|move|p1a: Heatran|Magma Storm|p2a: Clefable
|-damage|p2a: Clefable|21/100
|-activate|p2a: Clefable|move: Magma Storm|[of] p1a: Heatran
|move|p2a: Clefable|Thunderbolt|p1a: Heatran
|-damage|p1a: Heatran|70/100
|
|upkeep
|turn|17
|
|t:|1759069641
|move|p1a: Heatran|Magma Storm|p2a: Clefable
|-damage|p2a: Clefable|0 fnt
|faint|p2a: Clefable
|
|upkeep
|
|t:|1759069650
|switch|p2a: Mimikyu|Mimikyu, M|100/100
|-damage|p2a: Mimikyu|88/100|[from] Stealth Rock
|turn|18
|
|t:|1759069656
|move|p2a: Mimikyu|Swords Dance|p2a: Mimikyu
|-boost|p2a: Mimikyu|atk|2
|move|p1a: Heatran|Will-O-Wisp|p2a: Mimikyu
|-status|p2a: Mimikyu|brn
|
|-damage|p2a: Mimikyu|82/100 brn|[from] brn
|upkeep
|turn|19
|
|t:|1759069673
|switch|p1a: Zarude|Zarude|100/100
|move|p2a: Mimikyu|Swords Dance|p2a: Mimikyu
|-boost|p2a: Mimikyu|atk|2
|
|-damage|p2a: Mimikyu|76/100 brn|[from] brn
|upkeep
|turn|20
|
|t:|1759069679
|move|p2a: Mimikyu|Play Rough|p1a: Zarude
|-supereffective|p1a: Zarude
|-damage|p1a: Zarude|0 fnt
|faint|p1a: Zarude
|-damage|p2a: Mimikyu|66/100 brn|[from] item: Life Orb
|
|-damage|p2a: Mimikyu|60/100 brn|[from] brn
|upkeep
|
|t:|1759069687
|switch|p1a: Jolteon|Jolteon, F|100/100
|turn|21
|
|t:|1759069692
|move|p1a: Jolteon|Volt Switch|p2a: Mimikyu
|-activate|p2a: Mimikyu|ability: Disguise
|-damage|p2a: Mimikyu|60/100 brn
|detailschange|p2a: Mimikyu|Mimikyu-Busted, M
|-damage|p2a: Mimikyu|48/100 brn|[from] pokemon: Mimikyu-Busted
|
|t:|1759069695
|switch|p1a: Heatran|Heatran, M|70/100|[from] Volt Switch
|move|p2a: Mimikyu|Shadow Claw|p1a: Heatran
|-damage|p1a: Heatran|38/100
|-damage|p2a: Mimikyu|38/100 brn|[from] item: Life Orb
|
|-damage|p2a: Mimikyu|32/100 brn|[from] brn
|upkeep
|turn|22
|
|t:|1759069710
|move|p2a: Mimikyu|Shadow Claw|p1a: Heatran
|-damage|p1a: Heatran|5/100
|-damage|p2a: Mimikyu|22/100 brn|[from] item: Life Orb
|move|p1a: Heatran|Earth Power|p2a: Mimikyu
|-damage|p2a: Mimikyu|0 fnt
|faint|p2a: Mimikyu
|
|upkeep
|inactive|DavyDXebecc has 120 seconds left.
|
|t:|1759069736
|switch|p2a: Cinderace|Cinderace, F|100/100
|turn|23
|
|t:|1759069749
|switch|p1a: Alomomola|Alomomola, M|49/100 tox
|move|p2a: Cinderace|U-turn|p1a: Alomomola
|-start|p2a: Cinderace|typechange|Bug|[from] ability: Libero
|-damage|p1a: Alomomola|25/100 tox
|
|t:|1759069756
|switch|p2a: Gholdengo|Gholdengo|100/100|[from] U-turn
|-damage|p2a: Gholdengo|94/100|[from] Stealth Rock
|
|-damage|p1a: Alomomola|19/100 tox|[from] psn
|upkeep
|turn|24
|
|t:|1759069772
|switch|p1a: Heatran|Heatran, M|5/100
|move|p2a: Gholdengo|Shadow Ball|p1a: Heatran
|-damage|p1a: Heatran|0 fnt
|faint|p1a: Heatran
|
|upkeep
|
|t:|1759069774
|switch|p1a: Gliscor|Gliscor, M|79/100 tox
|-damage|p1a: Gliscor|67/100 tox|[from] Stealth Rock
|turn|25
|
|t:|1759069795
|switch|p2a: Landorus|Landorus-Therian, M|100/100
|-damage|p2a: Landorus|88/100|[from] Stealth Rock
|-ability|p2a: Landorus|Intimidate|boost
|-unboost|p1a: Gliscor|atk|1
|move|p1a: Gliscor|Knock Off|p2a: Landorus
|-damage|p2a: Landorus|75/100
|-enditem|p2a: Landorus|Leftovers|[from] move: Knock Off|[of] p1a: Gliscor
|
|-heal|p1a: Gliscor|79/100 tox|[from] ability: Poison Heal
|upkeep
|turn|26
|
|t:|1759069808
|move|p2a: Landorus|Taunt|p1a: Gliscor
|-start|p1a: Gliscor|move: Taunt
|cant|p1a: Gliscor|move: Taunt|Toxic
|
|-heal|p1a: Gliscor|92/100 tox|[from] ability: Poison Heal
|upkeep
|turn|27
|inactive|DavyDXebecc has 120 seconds left.
|
|t:|1759069833
|move|p2a: Landorus|U-turn|p1a: Gliscor
|-resisted|p1a: Gliscor
|-damage|p1a: Gliscor|83/100 tox
|
|t:|1759069841
|switch|p2a: Cinderace|Cinderace, F|100/100|[from] U-turn
|move|p1a: Gliscor|Knock Off|p2a: Cinderace
|-damage|p2a: Cinderace|81/100
|-enditem|p2a: Cinderace|Heavy-Duty Boots|[from] move: Knock Off|[of] p1a: Gliscor
|
|-heal|p1a: Gliscor|95/100 tox|[from] ability: Poison Heal
|upkeep
|turn|28
|inactive|DavyDXebecc has 120 seconds left.
|
|t:|1759069853
|move|p2a: Cinderace|Pyro Ball|p1a: Gliscor
|-damage|p1a: Gliscor|49/100 tox
|move|p1a: Gliscor|Earthquake|p2a: Cinderace
|-supereffective|p2a: Cinderace
|-damage|p2a: Cinderace|15/100
|
|-heal|p1a: Gliscor|61/100 tox|[from] ability: Poison Heal
|-end|p1a: Gliscor|move: Taunt
|upkeep
|turn|29
|
|t:|1759069862
|move|p1a: Gliscor|Protect|p1a: Gliscor
|-singleturn|p1a: Gliscor|Protect
|move|p2a: Cinderace|Pyro Ball|p1a: Gliscor
|-activate|p1a: Gliscor|move: Protect
|
|-heal|p1a: Gliscor|74/100 tox|[from] ability: Poison Heal
|upkeep
|turn|30
|
|t:|1759069886
|switch|p1a: Alomomola|Alomomola, M|52/100 tox
|move|p2a: Cinderace|Pyro Ball|p1a: Alomomola
|-resisted|p1a: Alomomola
|-crit|p1a: Alomomola
|-damage|p1a: Alomomola|24/100 tox
|
|-damage|p1a: Alomomola|18/100 tox|[from] psn
|upkeep
|turn|31
|
|t:|1759069901
|move|p2a: Cinderace|Pyro Ball|p1a: Alomomola
|-resisted|p1a: Alomomola
|-damage|p1a: Alomomola|0 fnt
|faint|p1a: Alomomola
|
|upkeep
|
|t:|1759069903
|switch|p1a: Jolteon|Jolteon, F|100/100
|turn|32
|
|t:|1759069908
|move|p2a: Cinderace|Sucker Punch|p1a: Jolteon
|-start|p2a: Cinderace|typechange|Dark|[from] ability: Libero
|-damage|p1a: Jolteon|41/100
|move|p1a: Jolteon|Volt Switch|p2a: Cinderace
|-damage|p2a: Cinderace|0 fnt
|faint|p2a: Cinderace
|
|t:|1759069914
|switch|p1a: Gliscor|Gliscor, M|74/100 tox|[from] Volt Switch
|-damage|p1a: Gliscor|61/100 tox|[from] Stealth Rock
|
|-heal|p1a: Gliscor|74/100 tox|[from] ability: Poison Heal
|upkeep
|
|t:|1759069922
|switch|p2a: Landorus|Landorus-Therian, M|75/100
|-damage|p2a: Landorus|62/100|[from] Stealth Rock
|-ability|p2a: Landorus|Intimidate|boost
|-unboost|p1a: Gliscor|atk|1
|turn|33
|
|t:|1759069927
|move|p1a: Gliscor|Protect|p1a: Gliscor
|-singleturn|p1a: Gliscor|Protect
|move|p2a: Landorus|Taunt|p1a: Gliscor
|-activate|p1a: Gliscor|move: Protect
|
|-heal|p1a: Gliscor|86/100 tox|[from] ability: Poison Heal
|upkeep
|turn|34
|
|t:|1759069947
|move|p2a: Landorus|Taunt|p1a: Gliscor
|-start|p1a: Gliscor|move: Taunt
|move|p1a: Gliscor|Knock Off|p2a: Landorus
|-damage|p2a: Landorus|54/100
|
|-heal|p1a: Gliscor|99/100 tox|[from] ability: Poison Heal
|upkeep
|turn|35
|
|t:|1759069956
|move|p2a: Landorus|U-turn|p1a: Gliscor
|-resisted|p1a: Gliscor
|-damage|p1a: Gliscor|89/100 tox
|
|t:|1759069964
|switch|p2a: Toxapex|Toxapex, F|100/100 brn|[from] U-turn
|-damage|p2a: Toxapex|88/100 brn|[from] Stealth Rock
|move|p1a: Gliscor|Knock Off|p2a: Toxapex
|-damage|p2a: Toxapex|76/100 brn
|-enditem|p2a: Toxapex|Leftovers|[from] move: Knock Off|[of] p1a: Gliscor
|
|-heal|p1a: Gliscor|100/100 tox|[from] ability: Poison Heal
|-damage|p2a: Toxapex|70/100 brn|[from] brn
|upkeep
|turn|36
|
|t:|1759069974
|move|p1a: Gliscor|Earthquake|p2a: Toxapex
|-supereffective|p2a: Toxapex
|-damage|p2a: Toxapex|34/100 brn
|move|p2a: Toxapex|Surf|p1a: Gliscor
|-supereffective|p1a: Gliscor
|-damage|p1a: Gliscor|66/100 tox
|
|-heal|p1a: Gliscor|78/100 tox|[from] ability: Poison Heal
|-damage|p2a: Toxapex|28/100 brn|[from] brn
|-end|p1a: Gliscor|move: Taunt
|upkeep
|turn|37
|
|t:|1759069986
|move|p1a: Gliscor|Earthquake|p2a: Toxapex
|-supereffective|p2a: Toxapex
|-damage|p2a: Toxapex|0 fnt
|faint|p2a: Toxapex
|
|-heal|p1a: Gliscor|91/100 tox|[from] ability: Poison Heal
|upkeep
|
|t:|1759069993
|switch|p2a: Gholdengo|Gholdengo|94/100
|-damage|p2a: Gholdengo|88/100|[from] Stealth Rock
|turn|38
|
|t:|1759070002
|-terastallize|p2a: Gholdengo|Fighting
|move|p2a: Gholdengo|Trick|p1a: Gliscor
|-activate|p2a: Gholdengo|move: Trick|[of] p1a: Gliscor
|-item|p1a: Gliscor|Choice Scarf|[from] move: Trick
|-item|p2a: Gholdengo|Toxic Orb|[from] move: Trick
|move|p1a: Gliscor|Earthquake|p2a: Gholdengo
|-damage|p2a: Gholdengo|62/100
|
|-heal|p1a: Gliscor|100/100 tox|[from] ability: Poison Heal
|-status|p2a: Gholdengo|tox|[from] item: Toxic Orb
|upkeep
|turn|39
|
|t:|1759070015
|switch|p2a: Landorus|Landorus-Therian, M|54/100
|-damage|p2a: Landorus|41/100|[from] Stealth Rock
|-ability|p2a: Landorus|Intimidate|boost
|-unboost|p1a: Gliscor|atk|1
|move|p1a: Gliscor|Earthquake|p2a: Landorus
|-immune|p2a: Landorus
|
|upkeep
|turn|40
|
|t:|1759070023
|move|p1a: Gliscor|Earthquake|p2a: Landorus
|-immune|p2a: Landorus
|move|p2a: Landorus|Earthquake|p1a: Gliscor
|-immune|p1a: Gliscor
|
|upkeep
|turn|41
|
|t:|1759070032
|move|p1a: Gliscor|Earthquake|p2a: Landorus
|-immune|p2a: Landorus
|move|p2a: Landorus|Stealth Rock||[still]
|-fail|p2a: Landorus
|
|upkeep
|turn|42
|-message|DavyDXebecc forfeited.
|
|win|suprya
|raw|suprya's rating: 1615 &rarr; <strong>1632</strong><br />(+17 for winning)
|raw|DavyDXebecc's rating: 1556 &rarr; <strong>1539</strong><br />(-17 for losing)
|l|☆DavyDXebecc
|player|p2|
|l|☆suprya
|player|p1|
