|j|☆Lyco123
|j|☆n0lda
|t:|1758958831
|gametype|singles
|player|p1|Lyco123|265|1045
|player|p2|n0lda|169|1087
|gen|9
|tier|[Gen 9] OU
|rated|
|rule|HP Percentage Mod: HP is shown in percentages
|rule|Endless Battle Clause: Forcing endless battles is banned
|rule|Species Clause: Limit one of each Pokémon
|rule|OHKO Clause: OHKO moves are banned
|rule|Evasion Items Clause: Evasion items are banned
|rule|Evasion Moves Clause: Evasion moves are banned
|rule|Evasion Abilities Clause: Evasion abilities are banned
|rule|Sleep Moves Clause: Sleep-inducing moves are banned
|clearpoke
|poke|p1|Garchomp, M|
|poke|p1|Alomomola, F|
|poke|p1|Bombirdier, M|
|poke|p1|Tentacruel, M|
|poke|p1|Weavile, F|
|poke|p1|Deoxys-Speed|
|poke|p2|Muk-Alola, F|
|poke|p2|Zoroark-Hisui, M|
|poke|p2|Zapdos-Galar|
|poke|p2|Iron Treads|
|poke|p2|Ribombee, M|
|poke|p2|Vaporeon, M|
|teampreview
|inactive|Battle timer is ON: inactive players will automatically lose when time's up. (requested by Lyco123)
|inactive|n0lda has 120 seconds left.
|
|t:|1758958876
|teamsize|p1|6
|teamsize|p2|6
|start
|switch|p1a: Tentacruel|Tentacruel, M|100/100
|switch|p2a: Ribombee|Ribombee, M|100/100
|turn|1
|inactive|Lyco123 has 120 seconds left.
|
|t:|1758958913
|move|p2a: Ribombee|Sticky Web|p1a: Tentacruel
|-sidestart|p1: Lyco123|move: Sticky Web
|move|p1a: Tentacruel|Sludge Bomb|p2a: Ribombee
|-supereffective|p2a: Ribombee
|-damage|p2a: Ribombee|8/100
|
|upkeep
|turn|2
|inactive|Lyco123 has 120 seconds left.
|
|t:|1758958921
|move|p2a: Ribombee|U-turn|p1a: Tentacruel
|-resisted|p1a: Tentacruel
|-damage|p1a: Tentacruel|91/100
|
|t:|1758958931
|switch|p2a: Iron Treads|Iron Treads|100/100|[from] U-turn
|move|p1a: Tentacruel|Rapid Spin|p2a: Iron Treads
|-resisted|p2a: Iron Treads
|-damage|p2a: Iron Treads|97/100
|-boost|p1a: Tentacruel|spe|1
|-sideend|p1: Lyco123|Sticky Web|[from] move: Rapid Spin|[of] p1a: Tentacruel
|
|upkeep
|turn|3
|
|t:|1758958949
|move|p1a: Tentacruel|Flip Turn|p2a: Iron Treads
|-supereffective|p2a: Iron Treads
|-damage|p2a: Iron Treads|71/100
|
|t:|1758958954
|switch|p1a: Garchomp|Garchomp, M|100/100|[from] Flip Turn
|move|p2a: Iron Treads|Volt Switch|p1a: Garchomp
|-immune|p1a: Garchomp
|
|upkeep
|turn|4
|
|t:|1758958967
|-end|p2a: Iron Treads|Quark Drive|[silent]
|switch|p2a: Vaporeon|Vaporeon, M|100/100
|move|p1a: Garchomp|Stealth Rock|p2a: Vaporeon
|-sidestart|p2: n0lda|move: Stealth Rock
|
|upkeep
|turn|5
|
|t:|1758958973
|switch|p1a: Tentacruel|Tentacruel, M|91/100
|move|p2a: Vaporeon|Wish|p2a: Vaporeon
|
|upkeep
|turn|6
|
|t:|1758958983
|move|p1a: Tentacruel|Sludge Bomb|p2a: Vaporeon
|-damage|p2a: Vaporeon|80/100
|move|p2a: Vaporeon|Flip Turn|p1a: Tentacruel
|-resisted|p1a: Tentacruel
|-damage|p1a: Tentacruel|81/100
|
|t:|1758958994
|switch|p2a: Iron Treads|Iron Treads|71/100|[from] Flip Turn
|-damage|p2a: Iron Treads|67/100|[from] Stealth Rock
|
|-heal|p2a: Iron Treads|100/100|[from] move: Wish|[wisher] Vaporeon
|upkeep
|turn|7
|
|t:|1758959003
|move|p2a: Iron Treads|Rapid Spin|p1a: Tentacruel
|-damage|p1a: Tentacruel|60/100
|-boost|p2a: Iron Treads|spe|1
|-sideend|p2: n0lda|Stealth Rock|[from] move: Rapid Spin|[of] p2a: Iron Treads
|move|p1a: Tentacruel|Flip Turn|p2a: Iron Treads
|-supereffective|p2a: Iron Treads
|-damage|p2a: Iron Treads|76/100
|
|t:|1758959010
|switch|p1a: Garchomp|Garchomp, M|100/100|[from] Flip Turn
|
|upkeep
|turn|8
|
|t:|1758959032
|-end|p2a: Iron Treads|Quark Drive|[silent]
|switch|p2a: Vaporeon|Vaporeon, M|80/100
|move|p1a: Garchomp|Earthquake|p2a: Vaporeon
|-damage|p2a: Vaporeon|50/100
|
|-heal|p2a: Vaporeon|56/100|[from] item: Leftovers
|upkeep
|turn|9
|
|t:|1758959046
|move|p1a: Garchomp|Earthquake|p2a: Vaporeon
|-damage|p2a: Vaporeon|27/100
|move|p2a: Vaporeon|Wish|p2a: Vaporeon
|
|-heal|p2a: Vaporeon|33/100|[from] item: Leftovers
|upkeep
|turn|10
|
|t:|1758959058
|move|p1a: Garchomp|Earthquake|p2a: Vaporeon
|-damage|p2a: Vaporeon|3/100
|move|p2a: Vaporeon|Ice Beam|p1a: Garchomp
|-supereffective|p1a: Garchomp
|-damage|p1a: Garchomp|20/100
|
|-heal|p2a: Vaporeon|53/100|[from] move: Wish|[wisher] Vaporeon
|-heal|p1a: Garchomp|26/100|[from] item: Leftovers
|-heal|p2a: Vaporeon|59/100|[from] item: Leftovers
|upkeep
|turn|11
|
|t:|1758959069
|move|p1a: Garchomp|Stealth Rock|p2a: Vaporeon
|-sidestart|p2: n0lda|move: Stealth Rock
|move|p2a: Vaporeon|Wish|p2a: Vaporeon
|
|-heal|p1a: Garchomp|32/100|[from] item: Leftovers
|-heal|p2a: Vaporeon|65/100|[from] item: Leftovers
|upkeep
|turn|12
|
|t:|1758959077
|move|p1a: Garchomp|Earthquake|p2a: Vaporeon
|-damage|p2a: Vaporeon|36/100
|move|p2a: Vaporeon|Ice Beam|p1a: Garchomp
|-supereffective|p1a: Garchomp
|-damage|p1a: Garchomp|0 fnt
|faint|p1a: Garchomp
|
|-heal|p2a: Vaporeon|86/100|[from] move: Wish|[wisher] Vaporeon
|-heal|p2a: Vaporeon|92/100|[from] item: Leftovers
|upkeep
|
|t:|1758959086
|switch|p1a: Deoxys|Deoxys-Speed|100/100
|-ability|p1a: Deoxys|Pressure
|turn|13
|
|t:|1758959106
|-terastallize|p2a: Vaporeon|Dragon
|move|p1a: Deoxys|Energy Ball|p2a: Vaporeon
|-resisted|p2a: Vaporeon
|-damage|p2a: Vaporeon|75/100
|move|p2a: Vaporeon|Flip Turn|p1a: Deoxys
|-damage|p1a: Deoxys|81/100
|
|t:|1758959117
|switch|p2a: Muk|Muk-Alola, F|100/100|[from] Flip Turn
|-damage|p2a: Muk|88/100|[from] Stealth Rock
|
|upkeep
|turn|14
|
|t:|1758959126
|switch|p1a: Bombirdier|Bombirdier, M|100/100
|move|p2a: Muk|Curse|p2a: Muk
|-unboost|p2a: Muk|spe|1
|-boost|p2a: Muk|atk|1
|-boost|p2a: Muk|def|1
|
|upkeep
|turn|15
|
|t:|1758959137
|move|p1a: Bombirdier|Brave Bird|p2a: Muk
|-damage|p2a: Muk|45/100
|-enditem|p2a: Muk|Aguav Berry|[eat]
|-heal|p2a: Muk|78/100|[from] item: Aguav Berry
|-damage|p1a: Bombirdier|80/100|[from] Recoil
|move|p2a: Muk|Curse|p2a: Muk
|-unboost|p2a: Muk|spe|1
|-boost|p2a: Muk|atk|1
|-boost|p2a: Muk|def|1
|
|upkeep
|turn|16
|
|t:|1758959148
|move|p1a: Bombirdier|Brave Bird|p2a: Muk
|-damage|p2a: Muk|46/100
|-damage|p1a: Bombirdier|64/100|[from] Recoil
|move|p2a: Muk|Drain Punch|p1a: Bombirdier
|-damage|p1a: Bombirdier|13/100
|-heal|p2a: Muk|64/100|[from] drain|[of] p1a: Bombirdier
|
|upkeep
|turn|17
|
|t:|1758959159
|switch|p1a: Alomomola|Alomomola, F|100/100
|move|p2a: Muk|Drain Punch|p1a: Alomomola
|-damage|p1a: Alomomola|82/100
|-heal|p2a: Muk|76/100|[from] drain|[of] p1a: Alomomola
|-damage|p2a: Muk|59/100|[from] item: Rocky Helmet|[of] p1a: Alomomola
|
|upkeep
|turn|18
|
|t:|1758959168
|move|p1a: Alomomola|Scald|p2a: Muk
|-damage|p2a: Muk|51/100
|move|p2a: Muk|Knock Off|p1a: Alomomola
|-damage|p1a: Alomomola|45/100
|-damage|p2a: Muk|34/100|[from] item: Rocky Helmet|[of] p1a: Alomomola
|-enditem|p1a: Alomomola|Rocky Helmet|[from] move: Knock Off|[of] p2a: Muk
|
|upkeep
|turn|19
|
|t:|1758959178
|move|p1a: Alomomola|Scald|p2a: Muk
|-damage|p2a: Muk|26/100
|move|p2a: Muk|Poison Jab|p1a: Alomomola
|-crit|p1a: Alomomola
|-damage|p1a: Alomomola|0 fnt
|faint|p1a: Alomomola
|
|upkeep
|
|t:|1758959187
|switch|p1a: Bombirdier|Bombirdier, M|13/100
|turn|20
|
|t:|1758959203
|switch|p2a: Iron Treads|Iron Treads|76/100
|-damage|p2a: Iron Treads|72/100|[from] Stealth Rock
|move|p1a: Bombirdier|Brave Bird|p2a: Iron Treads
|-resisted|p2a: Iron Treads
|-damage|p2a: Iron Treads|44/100
|-damage|p1a: Bombirdier|2/100|[from] Recoil
|
|upkeep
|turn|21
|
|t:|1758959213
|move|p1a: Bombirdier|Brave Bird|p2a: Iron Treads
|-resisted|p2a: Iron Treads
|-damage|p2a: Iron Treads|20/100
|-damage|p1a: Bombirdier|0 fnt|[from] Recoil
|faint|p1a: Bombirdier
|move|p2a: Iron Treads|Rapid Spin|p1: Bombirdier|[notarget]
|-fail|p2a: Iron Treads
|
|upkeep
|
|t:|1758959230
|switch|p1a: Deoxys|Deoxys-Speed|81/100
|-ability|p1a: Deoxys|Pressure
|turn|22
|
|t:|1758959248
|-end|p2a: Iron Treads|Quark Drive|[silent]
|switch|p2a: Ribombee|Ribombee, M|100/100
|-damage|p2a: Ribombee|88/100|[from] Stealth Rock
|move|p1a: Deoxys|Ice Beam|p2a: Ribombee
|-damage|p2a: Ribombee|2/100
|-status|p2a: Ribombee|frz
|replace|p2a: Zoroark|Zoroark-Hisui, M, shiny
|-end|p2a: Zoroark|Illusion
|
|upkeep
|turn|23
|
|t:|1758959263
|move|p1a: Deoxys|Ice Beam|p2a: Zoroark
|-damage|p2a: Zoroark|0 fnt
|faint|p2a: Zoroark
|
|upkeep
|
|t:|1758959269
|switch|p2a: Vaporeon|Vaporeon, M, tera:Dragon|75/100
|-damage|p2a: Vaporeon|63/100|[from] Stealth Rock
|turn|24
|
|t:|1758959282
|switch|p2a: Ribombee|Ribombee, M|8/100
|-damage|p2a: Ribombee|0 fnt|[from] Stealth Rock
|faint|p2a: Ribombee
|move|p1a: Deoxys|Ice Beam|p2: Ribombee|[notarget]
|-fail|p1a: Deoxys
|
|upkeep
|
|t:|1758959290
|switch|p2a: Zapdos|Zapdos-Galar|100/100
|-damage|p2a: Zapdos|88/100|[from] Stealth Rock
|turn|25
|
|t:|1758959302
|switch|p1a: Tentacruel|Tentacruel, M|60/100
|move|p2a: Zapdos|Stomping Tantrum|p1a: Tentacruel
|-supereffective|p1a: Tentacruel
|-damage|p1a: Tentacruel|0 fnt
|faint|p1a: Tentacruel
|-damage|p2a: Zapdos|78/100|[from] item: Life Orb
|
|upkeep
|
|t:|1758959310
|switch|p1a: Weavile|Weavile, F|100/100
|turn|26
|
|t:|1758959320
|move|p1a: Weavile|Ice Spinner|p2a: Zapdos
|-supereffective|p2a: Zapdos
|-damage|p2a: Zapdos|0 fnt
|faint|p2a: Zapdos
|-damage|p1a: Weavile|91/100|[from] item: Life Orb
|
|upkeep
|
|t:|1758959330
|switch|p2a: Vaporeon|Vaporeon, M, tera:Dragon|63/100
|-damage|p2a: Vaporeon|51/100|[from] Stealth Rock
|turn|27
|
|t:|1758959336
|move|p1a: Weavile|Ice Spinner|p2a: Vaporeon
|-supereffective|p2a: Vaporeon
|-damage|p2a: Vaporeon|0 fnt
|faint|p2a: Vaporeon
|-damage|p1a: Weavile|81/100|[from] item: Life Orb
|
|upkeep
|
|t:|1758959344
|switch|p2a: Muk|Muk-Alola, F|26/100
|-damage|p2a: Muk|14/100|[from] Stealth Rock
|turn|28
|
|t:|1758959361
|move|p1a: Weavile|Ice Spinner|p2a: Muk
|-damage|p2a: Muk|0 fnt
|faint|p2a: Muk
|-damage|p1a: Weavile|71/100|[from] item: Life Orb
|
|upkeep
|
|t:|1758959367
|switch|p2a: Iron Treads|Iron Treads|20/100
|-damage|p2a: Iron Treads|17/100|[from] Stealth Rock
|turn|29
|
|t:|1758959378
|move|p1a: Weavile|Low Kick|p2a: Iron Treads
|-supereffective|p2a: Iron Treads
|-damage|p2a: Iron Treads|0 fnt
|faint|p2a: Iron Treads
|-end|p2a: Iron Treads|Quark Drive|[silent]
|-damage|p1a: Weavile|61/100|[from] item: Life Orb
|
|win|Lyco123
|raw|Lyco123's rating: 1045 &rarr; <strong>1082</strong><br />(+37 for winning)
|raw|n0lda's rating: 1087 &rarr; <strong>1061</strong><br />(-26 for losing)
