|j|☆Nameless Moron
|j|☆tarunkantimygoat
|t:|1759054591
|gametype|singles
|player|p1|Nameless Moron|unknown|1134
|player|p2|tarunkantimygoat|265|1074
|gen|9
|tier|[Gen 9] OU
|rated|
|rule|HP Percentage Mod: HP is shown in percentages
|rule|Endless Battle Clause: Forcing endless battles is banned
|rule|Species Clause: Limit one of each Pokémon
|rule|OHKO Clause: OHKO moves are banned
|rule|Evasion Items Clause: Evasion items are banned
|rule|Evasion Moves Clause: Evasion moves are banned
|rule|Evasion Abilities Clause: Evasion abilities are banned
|rule|Sleep Moves Clause: Sleep-inducing moves are banned
|clearpoke
|poke|p1|Slowking-Galar, F|
|poke|p1|Zamazenta-*|
|poke|p1|Kyurem|
|poke|p1|Cinderace, M|
|poke|p1|Iron Valiant|
|poke|p1|Great Tusk|
|poke|p2|Dragonite, F|
|poke|p2|Weavile, M|
|poke|p2|Iron Crown|
|poke|p2|Iron Valiant|
|poke|p2|Iron Moth|
|poke|p2|Glimmora, F|
|teampreview
|inactive|Battle timer is ON: inactive players will automatically lose when time's up. (requested by Nameless Moron)
|
|t:|1759054605
|teamsize|p1|6
|teamsize|p2|6
|start
|switch|p1a: Cinderace|Cinderace, M|100/100
|switch|p2a: Siddhartha|Glimmora, F|100/100
|turn|1
|
|t:|1759054619
|move|p1a: Cinderace|Trailblaze|p2a: Siddhartha
|-start|p1a: Cinderace|typechange|Grass|[from] ability: Libero
|-damage|p2a: Siddhartha|78/100
|-boost|p1a: Cinderace|spe|1
|-damage|p1a: Cinderace|84/100|[from] item: Rocky Helmet|[of] p2a: Siddhartha
|move|p2a: Siddhartha|Mortal Spin|p1a: Cinderace
|-supereffective|p1a: Cinderace
|-damage|p1a: Cinderace|66/100
|-status|p1a: Cinderace|psn
|
|-damage|p1a: Cinderace|54/100 psn|[from] psn
|upkeep
|turn|2
|inactive|tarunkantimygoat has 120 seconds left.
|
|t:|1759054656
|move|p1a: Cinderace|U-turn|p2a: Siddhartha
|-resisted|p2a: Siddhartha
|-damage|p2a: Siddhartha|67/100
|-damage|p1a: Cinderace|37/100 psn|[from] item: Rocky Helmet|[of] p2a: Siddhartha
|
|t:|1759054662
|switch|p1a: Slowking|Slowking-Galar, F|100/100|[from] U-turn
|move|p2a: Siddhartha|Meteor Beam||[still]
|-prepare|p2a: Siddhartha|Meteor Beam
|-boost|p2a: Siddhartha|spa|1
|
|upkeep
|turn|3
|
|t:|1759054671
|move|p2a: Siddhartha|Meteor Beam|p1a: Slowking|[from] lockedmove
|-damage|p1a: Slowking|52/100
|move|p1a: Slowking|Future Sight|p2a: Siddhartha
|-start|p1a: Slowking|move: Future Sight
|
|-heal|p1a: Slowking|58/100|[from] item: Leftovers
|upkeep
|turn|4
|
|t:|1759054681
|move|p2a: Siddhartha|Mortal Spin|p1a: Slowking
|-resisted|p1a: Slowking
|-damage|p1a: Slowking|55/100
|-status|p1a: Slowking|psn
|-prepare|p1a: Slowking|Chilly Reception|[premajor]
|move|p1a: Slowking|Chilly Reception|p1a: Slowking
|-weather|Snowscape
|
|t:|1759054695
|switch|p1a: Kyurem|Kyurem, shiny|100/100|[from] Chilly Reception
|-ability|p1a: Kyurem|Pressure
|
|-weather|Snowscape|[upkeep]
|upkeep
|turn|5
|
|t:|1759054703
|move|p1a: Kyurem|Blizzard|p2a: Siddhartha
|-damage|p2a: Siddhartha|0 fnt
|faint|p2a: Siddhartha
|
|-weather|Snowscape|[upkeep]
|-hint|Future Sight did not hit because the target is fainted.
|upkeep
|
|t:|1759054714
|switch|p2a: Sharba|Iron Crown|100/100
|-enditem|p2a: Sharba|Booster Energy
|-activate|p2a: Sharba|ability: Quark Drive|[fromitem]
|-start|p2a: Sharba|quarkdrivedef
|turn|6
|
|t:|1759054726
|switch|p1a: Cinderace|Cinderace, M|37/100 psn
|move|p2a: Sharba|Calm Mind|p2a: Sharba
|-boost|p2a: Sharba|spa|1
|-boost|p2a: Sharba|spd|1
|
|-weather|Snowscape|[upkeep]
|-damage|p1a: Cinderace|25/100 psn|[from] psn
|upkeep
|turn|7
|
|t:|1759054741
|-end|p2a: Sharba|Quark Drive|[silent]
|switch|p2a: Pradip|Iron Moth|100/100
|-enditem|p2a: Pradip|Booster Energy
|-activate|p2a: Pradip|ability: Quark Drive|[fromitem]
|-start|p2a: Pradip|quarkdrivespa
|move|p1a: Cinderace|Pyro Ball|p2a: Pradip
|-resisted|p2a: Pradip
|-damage|p2a: Pradip|74/100
|
|-weather|Snowscape|[upkeep]
|-damage|p1a: Cinderace|12/100 psn|[from] psn
|upkeep
|turn|8
|
|t:|1759054756
|move|p1a: Cinderace|U-turn|p2a: Pradip
|-start|p1a: Cinderace|typechange|Bug|[from] ability: Libero
|-resisted|p2a: Pradip
|-damage|p2a: Pradip|65/100
|
|t:|1759054761
|switch|p1a: Slowking|Slowking-Galar, F|88/100 psn|[from] U-turn
|move|p2a: Pradip|Fiery Dance|p1a: Slowking
|-damage|p1a: Slowking|61/100 psn
|-boost|p2a: Pradip|spa|1
|
|-weather|none
|-heal|p1a: Slowking|67/100 psn|[from] item: Leftovers
|-damage|p1a: Slowking|54/100 psn|[from] psn
|upkeep
|turn|9
|
|t:|1759054777
|move|p2a: Pradip|Fiery Dance|p1a: Slowking
|-damage|p1a: Slowking|9/100 psn
|move|p1a: Slowking|Future Sight|p2a: Pradip
|-start|p1a: Slowking|move: Future Sight
|
|-heal|p1a: Slowking|15/100 psn|[from] item: Leftovers
|-damage|p1a: Slowking|3/100 psn|[from] psn
|upkeep
|turn|10
|
|t:|1759054788
|switch|p1a: Great Tusk|Great Tusk|100/100
|-enditem|p1a: Great Tusk|Booster Energy
|-activate|p1a: Great Tusk|ability: Protosynthesis|[fromitem]
|-start|p1a: Great Tusk|protosynthesisspe
|move|p2a: Pradip|Fiery Dance|p1a: Great Tusk
|-damage|p1a: Great Tusk|15/100
|
|upkeep
|turn|11
|
|t:|1759054802
|move|p1a: Great Tusk|Ice Spinner|p2a: Pradip
|-resisted|p2a: Pradip
|-damage|p2a: Pradip|54/100
|move|p2a: Pradip|Fiery Dance|p1a: Great Tusk
|-damage|p1a: Great Tusk|0 fnt
|faint|p1a: Great Tusk
|-end|p1a: Great Tusk|Protosynthesis|[silent]
|
|-end|p2a: Pradip|move: Future Sight
|-supereffective|p2a: Pradip
|-damage|p2a: Pradip|0 fnt
|faint|p2a: Pradip
|-end|p2a: Pradip|Quark Drive|[silent]
|upkeep
|
|t:|1759054825
|switch|p1a: Zamazenta|Zamazenta|100/100
|switch|p2a: Sharba|Iron Crown|100/100
|-ability|p1a: Zamazenta|Dauntless Shield|boost
|-boost|p1a: Zamazenta|def|1
|turn|12
|
|t:|1759054835
|move|p1a: Zamazenta|Iron Defense|p1a: Zamazenta
|-boost|p1a: Zamazenta|def|2
|move|p2a: Sharba|Calm Mind|p2a: Sharba
|-boost|p2a: Sharba|spa|1
|-boost|p2a: Sharba|spd|1
|
|upkeep
|turn|13
|
|t:|1759054843
|move|p1a: Zamazenta|Iron Defense|p1a: Zamazenta
|-boost|p1a: Zamazenta|def|2
|move|p2a: Sharba|Calm Mind|p2a: Sharba
|-boost|p2a: Sharba|spa|1
|-boost|p2a: Sharba|spd|1
|
|upkeep
|turn|14
|
|t:|1759054852
|move|p2a: Sharba|Tachyon Cutter|p1a: Zamazenta
|-damage|p1a: Zamazenta|70/100
|-damage|p1a: Zamazenta|39/100
|-hitcount|p1a: Zamazenta|2
|move|p1a: Zamazenta|Roar|p2a: Sharba
|-end|p2a: Sharba|Quark Drive|[silent]
|drag|p2a: Mritinjoy|Weavile, M, shiny|100/100
|-ability|p2a: Mritinjoy|Pressure
|
|-heal|p1a: Zamazenta|45/100|[from] item: Leftovers
|upkeep
|turn|15
|
|t:|1759054868
|move|p1a: Zamazenta|Body Press|p2a: Mritinjoy
|-supereffective|p2a: Mritinjoy
|-damage|p2a: Mritinjoy|0 fnt
|faint|p2a: Mritinjoy
|
|-heal|p1a: Zamazenta|51/100|[from] item: Leftovers
|upkeep
|
|t:|1759054874
|switch|p2a: Ritwik|Dragonite, F|100/100
|turn|16
|
|t:|1759054890
|move|p1a: Zamazenta|Body Press|p2a: Ritwik
|-resisted|p2a: Ritwik
|-damage|p2a: Ritwik|70/100
|move|p2a: Ritwik|Dragon Dance|p2a: Ritwik
|-boost|p2a: Ritwik|atk|1
|-boost|p2a: Ritwik|spe|1
|
|-heal|p1a: Zamazenta|57/100|[from] item: Leftovers
|upkeep
|turn|17
|
|t:|1759054902
|-terastallize|p1a: Zamazenta|Fairy
|move|p1a: Zamazenta|Body Press|p2a: Ritwik
|-resisted|p2a: Ritwik
|-damage|p2a: Ritwik|11/100
|move|p2a: Ritwik|Dragon Claw|p1a: Zamazenta
|-immune|p1a: Zamazenta
|
|-heal|p1a: Zamazenta|63/100|[from] item: Leftovers
|upkeep
|turn|18
|
|t:|1759054913
|switch|p2a: Sharba|Iron Crown|100/100
|move|p1a: Zamazenta|Crunch|p2a: Sharba
|-supereffective|p2a: Sharba
|-damage|p2a: Sharba|70/100
|
|-heal|p1a: Zamazenta|69/100|[from] item: Leftovers
|upkeep
|turn|19
|
|t:|1759054922
|move|p1a: Zamazenta|Body Press|p2a: Sharba
|-damage|p2a: Sharba|0 fnt
|faint|p2a: Sharba
|-end|p2a: Sharba|Quark Drive|[silent]
|
|-heal|p1a: Zamazenta|75/100|[from] item: Leftovers
|upkeep
|c|☆tarunkantimygoat|gg
|
|t:|1759054929
|switch|p2a: Arijit|Iron Valiant|100/100
|-enditem|p2a: Arijit|Booster Energy
|-activate|p2a: Arijit|ability: Quark Drive|[fromitem]
|-start|p2a: Arijit|quarkdrivespe
|turn|20
|
|t:|1759054938
|move|p2a: Arijit|Reflect|p2a: Arijit
|-sidestart|p2: tarunkantimygoat|Reflect
|move|p1a: Zamazenta|Body Press|p2a: Arijit
|-resisted|p2a: Arijit
|-damage|p2a: Arijit|69/100
|
|-heal|p1a: Zamazenta|81/100|[from] item: Leftovers
|upkeep
|turn|21
|
|t:|1759054952
|move|p2a: Arijit|Drain Punch|p1a: Zamazenta
|-resisted|p1a: Zamazenta
|-damage|p1a: Zamazenta|78/100
|-heal|p2a: Arijit|71/100|[from] drain|[of] p1a: Zamazenta
|move|p1a: Zamazenta|Roar|p2a: Arijit
|-end|p2a: Arijit|Quark Drive|[silent]
|drag|p2a: Ritwik|Dragonite, F|11/100
|
|-heal|p1a: Zamazenta|84/100|[from] item: Leftovers
|upkeep
|turn|22
|
|t:|1759054963
|move|p1a: Zamazenta|Body Press|p2a: Ritwik
|-resisted|p2a: Ritwik
|-damage|p2a: Ritwik|0 fnt
|faint|p2a: Ritwik
|
|-heal|p1a: Zamazenta|90/100|[from] item: Leftovers
|upkeep
|-message|tarunkantimygoat forfeited.
|
|win|Nameless Moron
|raw|Nameless Moron's rating: 1134 &rarr; <strong>1155</strong><br />(+21 for winning)
|raw|tarunkantimygoat's rating: 1074 &rarr; <strong>1057</strong><br />(-17 for losing)
|l|☆tarunkantimygoat
|player|p2|
