|j|☆bbjkbhkugf
|j|☆qingmuzhengmao
|t:|1759058044
|gametype|singles
|player|p1|bbjkbhkugf|101|1335
|player|p2|qingmuzhengmao|265|1271
|gen|9
|tier|[Gen 9] OU
|rated|
|rule|HP Percentage Mod: HP is shown in percentages
|rule|Endless Battle Clause: Forcing endless battles is banned
|rule|Species Clause: Limit one of each Pokémon
|rule|OHKO Clause: OHKO moves are banned
|rule|Evasion Items Clause: Evasion items are banned
|rule|Evasion Moves Clause: Evasion moves are banned
|rule|Evasion Abilities Clause: Evasion abilities are banned
|rule|Sleep Moves Clause: Sleep-inducing moves are banned
|clearpoke
|poke|p1|Froslass, F|
|poke|p1|Donphan, F|
|poke|p1|Gholdengo|
|poke|p1|Zapdos|
|poke|p1|Quaquaval, F|
|poke|p1|Iron Moth|
|poke|p2|Iron Crown|
|poke|p2|Dragapult, F|
|poke|p2|Scizor, M|
|poke|p2|Gliscor, F|
|poke|p2|Zamazenta-*|
|poke|p2|Kingambit, F|
|teampreview
|inactive|Battle timer is ON: inactive players will automatically lose when time's up. (requested by qingmuzhengmao)
|inactive|qingmuzhengmao has 120 seconds left.
|
|t:|1759058092
|teamsize|p1|6
|teamsize|p2|6
|start
|switch|p1a: Froslass|Froslass, F|100/100
|switch|p2a: Iron Crown|Iron Crown|100/100
|turn|1
|
|t:|1759058102
|move|p1a: Froslass|Poltergeist|p2a: Iron Crown|[miss]
|-miss|p1a: Froslass|p2a: Iron Crown
|move|p2a: Iron Crown|Tachyon Cutter|p1a: Froslass
|-supereffective|p1a: Froslass
|-damage|p1a: Froslass|23/100
|-start|p2a: Iron Crown|Disable|Tachyon Cutter|[from] ability: Cursed Body|[of] p1a: Froslass
|-supereffective|p1a: Froslass
|-damage|p1a: Froslass|0 fnt
|faint|p1a: Froslass
|-hitcount|p1: Froslass|2
|
|upkeep
|
|t:|1759058116
|switch|p1a: Gholdengo|Gholdengo|100/100
|turn|2
|
|t:|1759058131
|move|p1a: Gholdengo|Shadow Ball|p2a: Iron Crown
|-supereffective|p2a: Iron Crown
|-damage|p2a: Iron Crown|43/100
|move|p2a: Iron Crown|Volt Switch|p1a: Gholdengo
|-damage|p1a: Gholdengo|74/100
|inactive|qingmuzhengmao has 120 seconds left.
|
|t:|1759058172
|-end|p2a: Iron Crown|Quark Drive|[silent]
|switch|p2a: Kingambit|Kingambit, F|100/100|[from] Volt Switch
|
|upkeep
|turn|3
|
|t:|1759058183
|switch|p1a: Donphan|Donphan, F|100/100
|move|p2a: Kingambit|Kowtow Cleave|p1a: Donphan
|-damage|p1a: Donphan|64/100
|-enditem|p1a: Donphan|Red Card|[of] p2a: Kingambit
|-end|p2a: Kingambit|fallenundefined|[silent]
|drag|p2a: Scizor|Scizor, M|100/100
|
|upkeep
|turn|4
|
|t:|1759058201
|move|p2a: Scizor|Knock Off|p1a: Donphan
|-damage|p1a: Donphan|37/100
|move|p1a: Donphan|Stealth Rock|p2a: Scizor
|-sidestart|p2: qingmuzhengmao|move: Stealth Rock
|
|upkeep
|turn|5
|
|t:|1759058212
|switch|p2a: Zamazenta|Zamazenta|100/100
|-damage|p2a: Zamazenta|94/100|[from] Stealth Rock
|-ability|p2a: Zamazenta|Dauntless Shield|boost
|-boost|p2a: Zamazenta|def|1
|move|p1a: Donphan|Earthquake|p2a: Zamazenta
|-damage|p2a: Zamazenta|68/100
|
|-heal|p2a: Zamazenta|74/100|[from] item: Leftovers
|upkeep
|turn|6
|
|t:|1759058223
|move|p2a: Zamazenta|Substitute|p2a: Zamazenta
|-start|p2a: Zamazenta|Substitute
|-damage|p2a: Zamazenta|49/100
|move|p1a: Donphan|Earthquake|p2a: Zamazenta
|-end|p2a: Zamazenta|Substitute
|
|-heal|p2a: Zamazenta|56/100|[from] item: Leftovers
|upkeep
|turn|7
|
|t:|1759058231
|move|p2a: Zamazenta|Iron Defense|p2a: Zamazenta
|-boost|p2a: Zamazenta|def|2
|move|p1a: Donphan|Earthquake|p2a: Zamazenta
|-damage|p2a: Zamazenta|39/100
|
|-heal|p2a: Zamazenta|45/100|[from] item: Leftovers
|upkeep
|turn|8
|
|t:|1759058249
|move|p2a: Zamazenta|Substitute|p2a: Zamazenta
|-start|p2a: Zamazenta|Substitute
|-damage|p2a: Zamazenta|20/100
|move|p1a: Donphan|Earthquake|p2a: Zamazenta
|-activate|p2a: Zamazenta|move: Substitute|[damage]
|
|-heal|p2a: Zamazenta|26/100|[from] item: Leftovers
|upkeep
|turn|9
|
|t:|1759058256
|move|p2a: Zamazenta|Body Press|p1a: Donphan
|-damage|p1a: Donphan|0 fnt
|faint|p1a: Donphan
|
|-heal|p2a: Zamazenta|32/100|[from] item: Leftovers
|upkeep
|
|t:|1759058259
|switch|p1a: Gholdengo|Gholdengo|74/100
|turn|10
|
|t:|1759058266
|move|p1a: Gholdengo|Shadow Ball|p2a: Zamazenta
|-end|p2a: Zamazenta|Substitute
|move|p2a: Zamazenta|Wild Charge|p1a: Gholdengo
|-damage|p1a: Gholdengo|39/100
|-damage|p2a: Zamazenta|24/100|[from] Recoil
|
|-heal|p2a: Zamazenta|30/100|[from] item: Leftovers
|upkeep
|turn|11
|
|t:|1759058280
|switch|p2a: Kingambit|Kingambit, F|100/100
|-damage|p2a: Kingambit|94/100|[from] Stealth Rock
|move|p1a: Gholdengo|Shadow Ball|p2a: Kingambit
|-resisted|p2a: Kingambit
|-damage|p2a: Kingambit|73/100
|
|-heal|p2a: Kingambit|79/100|[from] item: Leftovers
|upkeep
|turn|12
|
|t:|1759058297
|switch|p1a: Quaquaval|Quaquaval, F|100/100
|move|p2a: Kingambit|Kowtow Cleave|p1a: Quaquaval
|-resisted|p1a: Quaquaval
|-damage|p1a: Quaquaval|69/100
|
|-heal|p2a: Kingambit|85/100|[from] item: Leftovers
|upkeep
|turn|13
|
|t:|1759058309
|-end|p2a: Kingambit|fallenundefined|[silent]
|switch|p2a: Gliscor|Gliscor, F|100/100
|-damage|p2a: Gliscor|88/100|[from] Stealth Rock
|move|p1a: Quaquaval|Aqua Step|p2a: Gliscor
|-supereffective|p2a: Gliscor
|-crit|p2a: Gliscor
|-damage|p2a: Gliscor|0 fnt
|-boost|p1a: Quaquaval|spe|1
|faint|p2a: Gliscor
|-ability|p1a: Quaquaval|Moxie|boost
|-boost|p1a: Quaquaval|atk|1
|
|upkeep
|
|t:|1759058321
|switch|p2a: 不要miss|Dragapult, F|100/100
|turn|14
|
|t:|1759058341
|-terastallize|p2a: 不要miss|Fairy
|move|p1a: Quaquaval|Knock Off|p2a: 不要miss
|-resisted|p2a: 不要miss
|-damage|p2a: 不要miss|69/100
|-enditem|p2a: 不要miss|Heavy-Duty Boots|[from] move: Knock Off|[of] p1a: Quaquaval
|move|p2a: 不要miss|Dragon Darts|p1a: Quaquaval
|-damage|p1a: Quaquaval|43/100
|-anim|p2a: 不要miss|Dragon Darts|p1a: Quaquaval
|-damage|p1a: Quaquaval|14/100
|
|upkeep
|turn|15
|
|t:|1759058357
|move|p1a: Quaquaval|Aqua Step|p2a: 不要miss
|-damage|p2a: 不要miss|0 fnt
|-boost|p1a: Quaquaval|spe|1
|faint|p2a: 不要miss
|-ability|p1a: Quaquaval|Moxie|boost
|-boost|p1a: Quaquaval|atk|1
|
|upkeep
|inactive|qingmuzhengmao has 120 seconds left.
|
|t:|1759058372
|switch|p2a: Scizor|Scizor, M|100/100
|-damage|p2a: Scizor|88/100|[from] Stealth Rock
|turn|16
|
|t:|1759058382
|move|p2a: Scizor|Bullet Punch|p1a: Quaquaval
|-resisted|p1a: Quaquaval
|-damage|p1a: Quaquaval|0 fnt
|faint|p1a: Quaquaval
|
|upkeep
|
|t:|1759058390
|switch|p1a: Iron Moth|Iron Moth|100/100
|-enditem|p1a: Iron Moth|Booster Energy
|-activate|p1a: Iron Moth|ability: Quark Drive|[fromitem]
|-start|p1a: Iron Moth|quarkdrivespa
|turn|17
|
|t:|1759058401
|switch|p2a: Zamazenta|Zamazenta|30/100
|-damage|p2a: Zamazenta|24/100|[from] Stealth Rock
|move|p1a: Iron Moth|Fiery Dance|p2a: Zamazenta
|-damage|p2a: Zamazenta|0 fnt
|-boost|p1a: Iron Moth|spa|1
|faint|p2a: Zamazenta
|
|upkeep
|
|t:|1759058412
|switch|p2a: Iron Crown|Iron Crown|43/100
|-damage|p2a: Iron Crown|36/100|[from] Stealth Rock
|turn|18
|
|t:|1759058419
|move|p1a: Iron Moth|Fiery Dance|p2a: Iron Crown
|-supereffective|p2a: Iron Crown
|-damage|p2a: Iron Crown|0 fnt
|faint|p2a: Iron Crown
|-end|p2a: Iron Crown|Quark Drive|[silent]
|
|upkeep
|
|t:|1759058425
|switch|p2a: Scizor|Scizor, M|88/100
|-damage|p2a: Scizor|76/100|[from] Stealth Rock
|turn|19
|
|t:|1759058429
|move|p2a: Scizor|Bullet Punch|p1a: Iron Moth
|-resisted|p1a: Iron Moth
|-damage|p1a: Iron Moth|60/100
|move|p1a: Iron Moth|Fiery Dance|p2a: Scizor
|-supereffective|p2a: Scizor
|-damage|p2a: Scizor|0 fnt
|-boost|p1a: Iron Moth|spa|1
|faint|p2a: Scizor
|
|upkeep
|
|t:|1759058435
|switch|p2a: Kingambit|Kingambit, F|85/100
|-damage|p2a: Kingambit|79/100|[from] Stealth Rock
|-activate|p2a: Kingambit|ability: Supreme Overlord
|-start|p2a: Kingambit|fallen5|[silent]
|turn|20
|
|t:|1759058441
|move|p2a: Kingambit|Sucker Punch|p1a: Iron Moth
|-damage|p1a: Iron Moth|0 fnt
|faint|p1a: Iron Moth
|-end|p1a: Iron Moth|Quark Drive|[silent]
|
|-heal|p2a: Kingambit|85/100|[from] item: Leftovers
|upkeep
|
|t:|1759058444
|switch|p1a: Zapdos|Zapdos|100/100
|turn|21
|
|t:|1759058456
|move|p1a: Zapdos|Thunderbolt|p2a: Kingambit
|-damage|p2a: Kingambit|38/100
|move|p2a: Kingambit|Kowtow Cleave|p1a: Zapdos
|-damage|p1a: Zapdos|18/100
|
|-heal|p2a: Kingambit|44/100|[from] item: Leftovers
|upkeep
|turn|22
|
|t:|1759058463
|move|p2a: Kingambit|Sucker Punch||[still]
|-fail|p2a: Kingambit
|move|p1a: Zapdos|Roost|p1a: Zapdos
|-heal|p1a: Zapdos|68/100
|-singleturn|p1a: Zapdos|move: Roost
|
|-heal|p2a: Kingambit|50/100|[from] item: Leftovers
|upkeep
|turn|23
|
|t:|1759058473
|move|p2a: Kingambit|Sucker Punch|p1a: Zapdos
|-damage|p1a: Zapdos|0 fnt
|faint|p1a: Zapdos
|
|-heal|p2a: Kingambit|56/100|[from] item: Leftovers
|upkeep
|
|t:|1759058476
|switch|p1a: Gholdengo|Gholdengo|39/100
|turn|24
|
|t:|1759058480
|move|p2a: Kingambit|Sucker Punch||[still]
|-fail|p2a: Kingambit
|move|p1a: Gholdengo|Trick|p2a: Kingambit
|-activate|p1a: Gholdengo|move: Trick|[of] p2a: Kingambit
|-item|p2a: Kingambit|Choice Scarf|[from] move: Trick
|-item|p1a: Gholdengo|Leftovers|[from] move: Trick
|
|-heal|p1a: Gholdengo|45/100|[from] item: Leftovers
|upkeep
|turn|25
|
|t:|1759058491
|move|p1a: Gholdengo|Focus Blast|p2a: Kingambit|[miss]
|-miss|p1a: Gholdengo|p2a: Kingambit
|move|p2a: Kingambit|Kowtow Cleave|p1a: Gholdengo
|-supereffective|p1a: Gholdengo
|-damage|p1a: Gholdengo|0 fnt
|faint|p1a: Gholdengo
|
|win|qingmuzhengmao
|raw|bbjkbhkugf's rating: 1335 &rarr; <strong>1311</strong><br />(-24 for losing)
|raw|qingmuzhengmao's rating: 1271 &rarr; <strong>1301</strong><br />(+30 for winning)
|l|☆bbjkbhkugf
|player|p1|
|l|☆qingmuzhengmao
|player|p2|
