|j|☆bighayter
|j|☆victory 4 u
|t:|1759016718
|gametype|singles
|player|p1|bighayter|steven|1160
|player|p2|victory 4 u|266|1113
|gen|9
|tier|[Gen 9] OU
|rated|
|rule|HP Percentage Mod: HP is shown in percentages
|rule|Endless Battle Clause: Forcing endless battles is banned
|rule|Species Clause: Limit one of each Pokémon
|rule|OHKO Clause: OHKO moves are banned
|rule|Evasion Items Clause: Evasion items are banned
|rule|Evasion Moves Clause: Evasion moves are banned
|rule|Evasion Abilities Clause: Evasion abilities are banned
|rule|Sleep Moves Clause: Sleep-inducing moves are banned
|clearpoke
|poke|p1|Samurott-Hisui, F|
|poke|p1|Tornadus-Therian, M|
|poke|p1|Pecharunt|
|poke|p1|Great Tusk|
|poke|p1|Clefable, F|
|poke|p1|Zamazenta-*|
|poke|p2|Regidrago|
|poke|p2|Basculegion-F, F|
|poke|p2|Meowstic, M|
|poke|p2|Tentacruel, M|
|poke|p2|Ting-Lu|
|poke|p2|Ogerpon, F|
|teampreview
|inactive|Battle timer is ON: inactive players will automatically lose when time's up. (requested by bighayter)
|
|t:|1759016728
|teamsize|p1|6
|teamsize|p2|6
|start
|switch|p1a: Clefable|Clefable, F, shiny|100/100
|switch|p2a: Lostelle|Ogerpon, F|100/100
|turn|1
|
|t:|1759016735
|-terastallize|p2a: Lostelle|Grass
|detailschange|p2a: Lostelle|Ogerpon-Teal-Tera, F, tera:Grass
|-ability|p2a: Lostelle|Embody Aspect (Teal)|boost
|-boost|p2a: Lostelle|spe|1
|move|p2a: Lostelle|Ivy Cudgel|p1a: Clefable
|-damage|p1a: Clefable|29/100
|move|p1a: Clefable|Calm Mind|p1a: Clefable
|-boost|p1a: Clefable|spa|1
|-boost|p1a: Clefable|spd|1
|
|-heal|p1a: Clefable|36/100|[from] item: Leftovers
|upkeep
|turn|2
|
|t:|1759016746
|move|p2a: Lostelle|Ivy Cudgel|p1a: Clefable
|-damage|p1a: Clefable|0 fnt
|faint|p1a: Clefable
|
|upkeep
|
|t:|1759016750
|switch|p1a: Tornadus|Tornadus-Therian, M, shiny|100/100
|turn|3
|
|t:|1759016753
|switch|p2a: Pls|Ting-Lu|100/100
|-ability|p2a: Pls|Vessel of Ruin
|move|p1a: Tornadus|Nasty Plot|p1a: Tornadus
|-boost|p1a: Tornadus|spa|2
|
|upkeep
|turn|4
|
|t:|1759016762
|move|p1a: Tornadus|Grass Knot|p2a: Pls
|-supereffective|p2a: Pls
|-damage|p2a: Pls|0 fnt
|faint|p2a: Pls
|-damage|p1a: Tornadus|91/100|[from] item: Life Orb
|
|upkeep
|
|t:|1759016773
|switch|p2a: Help|Meowstic, M|100/100
|turn|5
|
|t:|1759016780
|move|p2a: Help|Rain Dance|p2a: Help
|-weather|RainDance
|move|p1a: Tornadus|Bleakwind Storm|p2a: Help
|-damage|p2a: Help|0 fnt
|faint|p2a: Help
|-damage|p1a: Tornadus|81/100|[from] item: Life Orb
|
|-weather|RainDance|[upkeep]
|upkeep
|
|t:|1759016786
|switch|p2a: Basculegion|Basculegion-F, F|100/100
|turn|6
|
|t:|1759016794
|move|p2a: Basculegion|Liquidation|p1a: Tornadus
|-damage|p1a: Tornadus|0 fnt
|faint|p1a: Tornadus
|
|-weather|RainDance|[upkeep]
|upkeep
|
|t:|1759016800
|switch|p1a: Pecharunt|Pecharunt|100/100
|turn|7
|
|t:|1759016812
|switch|p2a: Hero|Tentacruel, M|100/100
|move|p1a: Pecharunt|Malignant Chain|p2a: Hero
|-resisted|p2a: Hero
|-damage|p2a: Hero|90/100
|
|-weather|RainDance|[upkeep]
|-heal|p2a: Hero|96/100|[from] item: Leftovers
|upkeep
|turn|8
|
|t:|1759016821
|move|p2a: Hero|Knock Off|p1a: Pecharunt
|-supereffective|p1a: Pecharunt
|-damage|p1a: Pecharunt|86/100
|-enditem|p1a: Pecharunt|Heavy-Duty Boots|[from] move: Knock Off|[of] p2a: Hero
|move|p1a: Pecharunt|Parting Shot|p2a: Hero
|-fail|p2a: Hero|unboost|[from] ability: Clear Body|[of] p2a: Hero
|
|-weather|RainDance|[upkeep]
|-heal|p2a: Hero|100/100|[from] item: Leftovers
|upkeep
|turn|9
|
|t:|1759016841
|switch|p1a: Samurott|Samurott-Hisui, F, shiny|100/100
|move|p2a: Hero|Surf|p1a: Samurott
|-resisted|p1a: Samurott
|-crit|p1a: Samurott
|-damage|p1a: Samurott|80/100
|
|-weather|RainDance|[upkeep]
|upkeep
|turn|10
|
|t:|1759016858
|move|p2a: Hero|Toxic Spikes|p1a: Samurott
|-sidestart|p1: bighayter|move: Toxic Spikes
|move|p1a: Samurott|Ceaseless Edge|p2a: Hero
|-damage|p2a: Hero|50/100
|-sidestart|p2: victory 4 u|Spikes
|
|-weather|RainDance|[upkeep]
|-heal|p2a: Hero|56/100|[from] item: Leftovers
|upkeep
|turn|11
|
|t:|1759016866
|move|p2a: Hero|Rapid Spin|p1a: Samurott
|-damage|p1a: Samurott|71/100
|-boost|p2a: Hero|spe|1
|-sideend|p2: victory 4 u|Spikes|[from] move: Rapid Spin|[of] p2a: Hero
|move|p1a: Samurott|Ceaseless Edge|p2a: Hero
|-damage|p2a: Hero|6/100
|-sidestart|p2: victory 4 u|Spikes
|
|-weather|RainDance|[upkeep]
|-heal|p2a: Hero|12/100|[from] item: Leftovers
|upkeep
|turn|12
|
|t:|1759016875
|move|p2a: Hero|Rapid Spin|p1a: Samurott
|-damage|p1a: Samurott|61/100
|-boost|p2a: Hero|spe|1
|-sideend|p2: victory 4 u|Spikes|[from] move: Rapid Spin|[of] p2a: Hero
|move|p1a: Samurott|Ceaseless Edge|p2a: Hero
|-damage|p2a: Hero|0 fnt
|-sidestart|p2: victory 4 u|Spikes
|faint|p2a: Hero
|
|-weather|none
|upkeep
|
|t:|1759016894
|switch|p2a: Lostelle|Ogerpon-Teal-Tera, F, tera:Grass|100/100
|-damage|p2a: Lostelle|88/100|[from] Spikes
|-ability|p2a: Lostelle|Embody Aspect (Teal)|boost
|-boost|p2a: Lostelle|spe|1
|turn|13
|
|t:|1759016905
|-terastallize|p1a: Samurott|Poison
|move|p2a: Lostelle|U-turn|p1a: Samurott
|-resisted|p1a: Samurott
|-damage|p1a: Samurott|45/100
|
|t:|1759016912
|switch|p2a: CALM|Regidrago|100/100|[from] U-turn
|-damage|p2a: CALM|88/100|[from] Spikes
|move|p1a: Samurott|Ceaseless Edge|p2a: CALM|[miss]
|-miss|p1a: Samurott|p2a: CALM
|
|upkeep
|turn|14
|
|t:|1759016919
|move|p2a: CALM|Dragon Pulse|p1a: Samurott
|-damage|p1a: Samurott|0 fnt
|faint|p1a: Samurott
|
|upkeep
|
|t:|1759016931
|switch|p1a: Pecharunt|Pecharunt|86/100
|-sideend|p1: bighayter|move: Toxic Spikes|[of] p1a: Pecharunt
|turn|15
|
|t:|1759016934
|move|p2a: CALM|Dragon Pulse|p1a: Pecharunt
|-damage|p1a: Pecharunt|9/100
|move|p1a: Pecharunt|Malignant Chain|p2a: CALM
|-damage|p2a: CALM|54/100
|-status|p2a: CALM|tox
|-start|p2a: CALM|confusion|[from] ability: Poison Puppeteer|[of] p1a: Pecharunt
|
|-damage|p2a: CALM|48/100 tox|[from] psn
|upkeep
|turn|16
|
|t:|1759016945
|-activate|p2a: CALM|confusion
|move|p2a: CALM|Dragon Pulse|p1a: Pecharunt
|-damage|p1a: Pecharunt|0 fnt
|faint|p1a: Pecharunt
|
|-damage|p2a: CALM|36/100 tox|[from] psn
|upkeep
|
|t:|1759016954
|switch|p1a: Zamazenta|Zamazenta, shiny|100/100
|-ability|p1a: Zamazenta|Dauntless Shield|boost
|-boost|p1a: Zamazenta|def|1
|turn|17
|
|t:|1759016960
|switch|p2a: Basculegion|Basculegion-F, F|100/100
|-damage|p2a: Basculegion|88/100|[from] Spikes
|move|p1a: Zamazenta|Heavy Slam|p2a: Basculegion
|-resisted|p2a: Basculegion
|-damage|p2a: Basculegion|80/100
|
|upkeep
|turn|18
|
|t:|1759016970
|move|p1a: Zamazenta|Crunch|p2a: Basculegion
|-supereffective|p2a: Basculegion
|-damage|p2a: Basculegion|10/100
|move|p2a: Basculegion|Psychic Fangs|p1a: Zamazenta
|-supereffective|p1a: Zamazenta
|-damage|p1a: Zamazenta|52/100
|
|upkeep
|turn|19
|
|t:|1759016976
|move|p1a: Zamazenta|Crunch|p2a: Basculegion
|-supereffective|p2a: Basculegion
|-damage|p2a: Basculegion|0 fnt
|faint|p2a: Basculegion
|
|upkeep
|
|t:|1759016980
|switch|p2a: Lostelle|Ogerpon-Teal-Tera, F, tera:Grass|88/100
|-damage|p2a: Lostelle|76/100|[from] Spikes
|-ability|p2a: Lostelle|Embody Aspect (Teal)|boost
|-boost|p2a: Lostelle|spe|1
|turn|20
|
|t:|1759016989
|move|p2a: Lostelle|Ivy Cudgel|p1a: Zamazenta
|-damage|p1a: Zamazenta|0 fnt
|faint|p1a: Zamazenta
|
|upkeep
|
|t:|1759016992
|switch|p1a: Great Tusk|Great Tusk, shiny|100/100
|turn|21
|
|t:|1759016995
|move|p2a: Lostelle|Ivy Cudgel|p1a: Great Tusk
|-supereffective|p1a: Great Tusk
|-damage|p1a: Great Tusk|0 fnt
|faint|p1a: Great Tusk
|-end|p1a: Great Tusk|Protosynthesis|[silent]
|
|win|victory 4 u
|raw|bighayter's rating: 1160 &rarr; <strong>1132</strong><br />(-28 for losing)
|raw|victory 4 u's rating: 1113 &rarr; <strong>1141</strong><br />(+28 for winning)
|l|☆bighayter
|player|p1|
|c|☆victory 4 u|gg
