|j|☆tytjejejeo
|j|☆FalsH0p3
|t:|1759033213
|gametype|singles
|player|p1|tytjejejeo|265|1214
|player|p2|FalsH0p3|blue|1155
|gen|9
|tier|[Gen 9] OU
|rated|
|rule|HP Percentage Mod: HP is shown in percentages
|rule|Endless Battle Clause: Forcing endless battles is banned
|rule|Species Clause: Limit one of each Pokémon
|rule|OHKO Clause: OHKO moves are banned
|rule|Evasion Items Clause: Evasion items are banned
|rule|Evasion Moves Clause: Evasion moves are banned
|rule|Evasion Abilities Clause: Evasion abilities are banned
|rule|Sleep Moves Clause: Sleep-inducing moves are banned
|clearpoke
|poke|p1|Gyarados, M|
|poke|p1|Moltres|
|poke|p1|Corviknight, F|
|poke|p1|Latias, F|
|poke|p1|Gliscor, F|
|poke|p1|Arbok, F|
|poke|p2|Gengar, M|
|poke|p2|Gliscor, M|
|poke|p2|Dondozo, M|
|poke|p2|Infernape, F|
|poke|p2|Gardevoir, M|
|poke|p2|Tyranitar, M|
|teampreview
|
|t:|1759033229
|teamsize|p1|6
|teamsize|p2|6
|start
|switch|p1a: Arbok|Arbok, F|100/100
|switch|p2a: Dodo|Dondozo, M|100/100
|-ability|p1a: Arbok|Intimidate|boost
|-unboost|p2a: Dodo|atk|1
|turn|1
|
|t:|1759033258
|move|p1a: Arbok|Switcheroo|p2a: Dodo
|-activate|p1a: Arbok|move: Trick|[of] p2a: Dodo
|-item|p2a: Dodo|Black Sludge|[from] move: Switcheroo
|-item|p1a: Arbok|Shell Bell|[from] move: Switcheroo
|move|p2a: Dodo|Body Slam|p1a: Arbok
|-crit|p1a: Arbok
|-damage|p1a: Arbok|64/100
|
|-damage|p2a: Dodo|88/100|[from] item: Black Sludge
|upkeep
|turn|2
|
|t:|1759033295
|move|p1a: Arbok|Toxic|p2a: Dodo
|-status|p2a: Dodo|tox
|move|p2a: Dodo|Hydro Pump|p1a: Arbok
|-damage|p1a: Arbok|27/100
|
|-damage|p2a: Dodo|76/100 tox|[from] item: Black Sludge
|-damage|p2a: Dodo|70/100 tox|[from] psn
|upkeep
|turn|3
|
|t:|1759033303
|move|p1a: Arbok|Protect|p1a: Arbok
|-singleturn|p1a: Arbok|Protect
|move|p2a: Dodo|Rest|p2a: Dodo
|-status|p2a: Dodo|slp|[from] move: Rest
|-heal|p2a: Dodo|100/100 slp|[silent]
|
|-damage|p2a: Dodo|88/100 slp|[from] item: Black Sludge
|upkeep
|turn|4
|
|t:|1759033313
|switch|p1a: Latias|Latias, F|100/100
|cant|p2a: Dodo|slp
|
|-damage|p2a: Dodo|76/100 slp|[from] item: Black Sludge
|upkeep
|turn|5
|
|t:|1759033321
|move|p1a: Latias|Calm Mind|p1a: Latias
|-boost|p1a: Latias|spa|1
|-boost|p1a: Latias|spd|1
|cant|p2a: Dodo|slp
|
|-damage|p2a: Dodo|64/100 slp|[from] item: Black Sludge
|upkeep
|turn|6
|inactive|Battle timer is ON: inactive players will automatically lose when time's up. (requested by FalsH0p3)
|
|t:|1759033387
|move|p1a: Latias|Calm Mind|p1a: Latias
|-boost|p1a: Latias|spa|1
|-boost|p1a: Latias|spd|1
|-curestatus|p2a: Dodo|slp|[msg]
|move|p2a: Dodo|Aqua Tail|p1a: Latias
|-resisted|p1a: Latias
|-damage|p1a: Latias|89/100
|-enditem|p1a: Latias|Kee Berry|[eat]
|-boost|p1a: Latias|def|1|[from] item: Kee Berry
|
|-damage|p2a: Dodo|51/100|[from] item: Black Sludge
|upkeep
|turn|7
|
|t:|1759033399
|move|p1a: Latias|Calm Mind|p1a: Latias
|-boost|p1a: Latias|spa|1
|-boost|p1a: Latias|spd|1
|move|p2a: Dodo|Body Slam|p1a: Latias
|-damage|p1a: Latias|74/100
|-status|p1a: Latias|par
|
|-damage|p2a: Dodo|39/100|[from] item: Black Sludge
|upkeep
|turn|8
|inactive|tytjejejeo has 120 seconds left.
|inactive|tytjejejeo has 90 seconds left.
|
|t:|1759033462
|move|p1a: Latias|Stored Power|p2a: Dodo
|-damage|p2a: Dodo|0 fnt
|faint|p2a: Dodo
|
|upkeep
|
|t:|1759033484
|switch|p2a: Gigga|Gliscor, M|100/100
|turn|9
|inactive|tytjejejeo has 90 seconds left.
|inactive|FalsH0p3 has 120 seconds left.
|
|t:|1759033508
|move|p2a: Gigga|Crabhammer|p1a: Latias
|-resisted|p1a: Latias
|-damage|p1a: Latias|67/100 par
|move|p1a: Latias|Stored Power|p2a: Gigga
|-damage|p2a: Gigga|0 fnt
|faint|p2a: Gigga
|
|upkeep
|
|t:|1759033522
|switch|p2a: Gardevoir|Gardevoir, M|100/100
|-block|p2a: Gardevoir|item: Ability Shield
|turn|10
|
|t:|1759033534
|move|p2a: Gardevoir|Thunderbolt|p1a: Latias
|-resisted|p1a: Latias
|-damage|p1a: Latias|63/100 par
|move|p1a: Latias|Calm Mind|p1a: Latias
|-boost|p1a: Latias|spa|1
|-boost|p1a: Latias|spd|1
|
|upkeep
|turn|11
|
|t:|1759033541
|move|p2a: Gardevoir|Moonblast|p1a: Latias
|-supereffective|p1a: Latias
|-damage|p1a: Latias|39/100 par
|-unboost|p1a: Latias|spa|1
|move|p1a: Latias|Calm Mind|p1a: Latias
|-boost|p1a: Latias|spa|1
|-boost|p1a: Latias|spd|1
|
|upkeep
|turn|12
|inactive|FalsH0p3 has 120 seconds left.
|
|t:|1759033548
|move|p2a: Gardevoir|Moonblast|p1a: Latias
|-supereffective|p1a: Latias
|-damage|p1a: Latias|16/100 par
|-unboost|p1a: Latias|spa|1
|move|p1a: Latias|Recover|p1a: Latias
|-heal|p1a: Latias|66/100 par
|
|upkeep
|turn|13
|
|t:|1759033555
|move|p2a: Gardevoir|Moonblast|p1a: Latias
|-supereffective|p1a: Latias
|-damage|p1a: Latias|46/100 par
|-unboost|p1a: Latias|spa|1
|move|p1a: Latias|Recover|p1a: Latias
|-heal|p1a: Latias|96/100 par
|
|upkeep
|turn|14
|inactive|tytjejejeo has 120 seconds left.
|
|t:|1759033592
|move|p2a: Gardevoir|Moonblast|p1a: Latias
|-supereffective|p1a: Latias
|-damage|p1a: Latias|77/100 par
|move|p1a: Latias|Stored Power|p2a: Gardevoir
|-resisted|p2a: Gardevoir
|-damage|p2a: Gardevoir|27/100
|
|upkeep
|turn|15
|inactive|tytjejejeo has 90 seconds left.
|inactive|tytjejejeo has 60 seconds left.
|
|t:|1759033657
|move|p2a: Gardevoir|Moonblast|p1a: Latias
|-supereffective|p1a: Latias
|-damage|p1a: Latias|58/100 par
|move|p1a: Latias|Stored Power|p2a: Gardevoir
|-resisted|p2a: Gardevoir
|-damage|p2a: Gardevoir|0 fnt
|faint|p2a: Gardevoir
|
|upkeep
|
|t:|1759033666
|switch|p2a: Tman|Tyranitar, M|100/100
|-weather|Sandstorm|[from] ability: Sand Stream|[of] p2a: Tman
|turn|16
|inactive|FalsH0p3 has 120 seconds left.
|
|t:|1759033684
|-terastallize|p2a: Tman|Rock
|move|p2a: Tman|Stone Edge|p1a: Latias
|-crit|p1a: Latias
|-damage|p1a: Latias|0 fnt
|faint|p1a: Latias
|
|-weather|Sandstorm|[upkeep]
|upkeep
|inactive|tytjejejeo has 30 seconds left.
|inactive|tytjejejeo has 20 seconds left.
|inactive|tytjejejeo has 15 seconds left.
|
|t:|1759033732
|switch|p1a: Gliscor|Gliscor, F|100/100
|turn|17
|inactive|tytjejejeo has 25 seconds left this turn.
|inactive|FalsH0p3 has 120 seconds left.
|
|t:|1759033762
|move|p1a: Gliscor|Earthquake|p2a: Tman
|-supereffective|p2a: Tman
|-damage|p2a: Tman|50/100
|move|p2a: Tman|Stone Edge|p1a: Gliscor
|-damage|p1a: Gliscor|54/100
|
|-weather|Sandstorm|[upkeep]
|-status|p1a: Gliscor|tox|[from] item: Toxic Orb
|upkeep
|turn|18
|
|t:|1759033773
|move|p1a: Gliscor|Protect|p1a: Gliscor
|-singleturn|p1a: Gliscor|Protect
|move|p2a: Tman|Stone Edge|p1a: Gliscor
|-activate|p1a: Gliscor|move: Protect
|
|-weather|Sandstorm|[upkeep]
|-heal|p1a: Gliscor|67/100 tox|[from] ability: Poison Heal
|upkeep
|turn|19
|
|t:|1759033792
|move|p1a: Gliscor|Earthquake|p2a: Tman
|-supereffective|p2a: Tman
|-damage|p2a: Tman|0 fnt
|faint|p2a: Tman
|
|-weather|Sandstorm|[upkeep]
|-heal|p1a: Gliscor|79/100 tox|[from] ability: Poison Heal
|upkeep
|
|t:|1759033801
|switch|p2a: geno|Gengar, M|100/100
|turn|20
|
|t:|1759033814
|move|p2a: geno|Energy Ball|p1a: Gliscor
|-damage|p1a: Gliscor|26/100 tox
|move|p1a: Gliscor|Earthquake|p2a: geno
|-supereffective|p2a: geno
|-damage|p2a: geno|0 fnt
|faint|p2a: geno
|
|-weather|none
|-heal|p1a: Gliscor|38/100 tox|[from] ability: Poison Heal
|upkeep
|
|t:|1759033823
|switch|p2a: Himferno|Infernape, F|100/100
|turn|21
|inactive|tytjejejeo has 60 seconds left.
|
|t:|1759033850
|switch|p1a: Arbok|Arbok, F|27/100
|-ability|p1a: Arbok|Intimidate|boost
|-unboost|p2a: Himferno|atk|1
|move|p2a: Himferno|Mach Punch|p1a: Arbok
|-resisted|p1a: Arbok
|-damage|p1a: Arbok|20/100
|
|upkeep
|turn|22
|
|t:|1759033858
|move|p2a: Himferno|Earthquake|p1a: Arbok
|-supereffective|p1a: Arbok
|-crit|p1a: Arbok
|-damage|p1a: Arbok|0 fnt
|faint|p1a: Arbok
|
|upkeep
|
|t:|1759033874
|switch|p1a: Gyarados|Gyarados, M|100/100
|turn|23
|
|t:|1759033886
|move|p2a: Himferno|Mach Punch|p1a: Gyarados
|-resisted|p1a: Gyarados
|-damage|p1a: Gyarados|91/100
|move|p1a: Gyarados|Waterfall|p2a: Himferno
|-supereffective|p2a: Himferno
|-damage|p2a: Himferno|0 fnt
|faint|p2a: Himferno
|
|win|tytjejejeo
|raw|tytjejejeo's rating: 1214 &rarr; <strong>1235</strong><br />(+21 for winning)
|raw|FalsH0p3's rating: 1155 &rarr; <strong>1134</strong><br />(-21 for losing)
|c|☆FalsH0p3|ggwp
|l|☆FalsH0p3
|player|p2|
