|raw|<div class="broadcast-blue"><strong>This battle is required to be public due to a player having a name starting with 'lt2'.</div>
|j|☆LT2 lulu
|j|‽latisalti
|t:|1759046746
|gametype|singles
|player|p1|LT2 lulu|170|1754
|player|p2|latisalti|266|1737
|gen|9
|tier|[Gen 9] OU
|rated|
|rule|HP Percentage Mod: HP is shown in percentages
|rule|Endless Battle Clause: Forcing endless battles is banned
|rule|Species Clause: Limit one of each Pokémon
|rule|OHKO Clause: OHKO moves are banned
|rule|Evasion Items Clause: Evasion items are banned
|rule|Evasion Moves Clause: Evasion moves are banned
|rule|Evasion Abilities Clause: Evasion abilities are banned
|rule|Sleep Moves Clause: Sleep-inducing moves are banned
|clearpoke
|poke|p1|Primarina, M|
|poke|p1|Iron Treads|
|poke|p1|Deoxys-Speed|
|poke|p1|Darkrai|
|poke|p1|Ogerpon-Cornerstone, F|
|poke|p1|Dragonite, M|
|poke|p2|Torkoal, F|
|poke|p2|Hatterene, F|
|poke|p2|Raging Bolt|
|poke|p2|Slither Wing|
|poke|p2|Kingambit, F|
|poke|p2|Walking Wake|
|teampreview
|
|t:|1759046758
|teamsize|p1|6
|teamsize|p2|6
|start
|switch|p1a: Ogerpon|Ogerpon-Cornerstone, F|100/100
|switch|p2a: Torkoal|Torkoal, F|100/100
|-weather|SunnyDay|[from] ability: Drought|[of] p2a: Torkoal
|turn|1
|j| amimec
|
|t:|1759046770
|switch|p2a: Hatterene|Hatterene, F|100/100
|move|p1a: Ogerpon|Ivy Cudgel|p2a: Hatterene|[anim] Ivy Cudgel Rock
|-damage|p2a: Hatterene|56/100
|-enditem|p2a: Hatterene|Eject Button
|
|t:|1759046785
|switch|p2a: Raging Bolt|Raging Bolt|100/100
|-activate|p2a: Raging Bolt|ability: Protosynthesis
|-start|p2a: Raging Bolt|protosynthesisspa
|
|-weather|SunnyDay|[upkeep]
|upkeep
|turn|2
|
|t:|1759046797
|move|p1a: Ogerpon|Ivy Cudgel|p2a: Raging Bolt|[anim] Ivy Cudgel Rock
|-damage|p2a: Raging Bolt|45/100
|move|p2a: Raging Bolt|Weather Ball|p1a: Ogerpon
|-ability|p1a: Ogerpon|Sturdy
|-damage|p1a: Ogerpon|1/100
|-damage|p2a: Raging Bolt|35/100|[from] item: Life Orb
|
|-weather|SunnyDay|[upkeep]
|upkeep
|turn|3
|inactive|Battle timer is ON: inactive players will automatically lose when time's up. (requested by latisalti)
|j| tapu moxo
|
|t:|1759046808
|move|p2a: Raging Bolt|Thunderclap|p1a: Ogerpon
|-resisted|p1a: Ogerpon
|-damage|p1a: Ogerpon|0 fnt
|faint|p1a: Ogerpon
|-damage|p2a: Raging Bolt|25/100|[from] item: Life Orb
|
|-weather|SunnyDay|[upkeep]
|upkeep
|
|t:|1759046813
|switch|p1a: Iron Treads|Iron Treads, shiny|100/100
|-enditem|p1a: Iron Treads|Booster Energy
|-activate|p1a: Iron Treads|ability: Quark Drive|[fromitem]
|-start|p1a: Iron Treads|quarkdrivespe
|turn|4
|
|t:|1759046838
|move|p1a: Iron Treads|Earthquake|p2a: Raging Bolt
|-supereffective|p2a: Raging Bolt
|-damage|p2a: Raging Bolt|0 fnt
|faint|p2a: Raging Bolt
|-end|p2a: Raging Bolt|Protosynthesis|[silent]
|
|-weather|SunnyDay|[upkeep]
|upkeep
|
|t:|1759046841
|switch|p2a: Walking Wake|Walking Wake|100/100
|-activate|p2a: Walking Wake|ability: Protosynthesis
|-start|p2a: Walking Wake|protosynthesisspe
|turn|5
|
|t:|1759046846
|-end|p1a: Iron Treads|Quark Drive|[silent]
|switch|p1a: Primarina|Primarina, M, shiny|100/100
|move|p2a: Walking Wake|Hydro Steam|p1a: Primarina
|-resisted|p1a: Primarina
|-damage|p1a: Primarina|53/100
|
|-weather|SunnyDay|[upkeep]
|-heal|p1a: Primarina|59/100|[from] item: Leftovers
|upkeep
|turn|6
|
|t:|1759046875
|move|p2a: Walking Wake|Hydro Steam|p1a: Primarina
|-resisted|p1a: Primarina
|-damage|p1a: Primarina|15/100
|move|p1a: Primarina|Moonblast|p2a: Walking Wake
|-supereffective|p2a: Walking Wake
|-damage|p2a: Walking Wake|0 fnt
|faint|p2a: Walking Wake
|-end|p2a: Walking Wake|Protosynthesis|[silent]
|
|-weather|SunnyDay|[upkeep]
|-heal|p1a: Primarina|21/100|[from] item: Leftovers
|upkeep
|
|t:|1759046879
|switch|p2a: Slither Wing|Slither Wing|100/100
|-activate|p2a: Slither Wing|ability: Protosynthesis
|-start|p2a: Slither Wing|protosynthesisatk
|turn|7
|
|t:|1759046884
|move|p2a: Slither Wing|First Impression|p1a: Primarina
|-resisted|p1a: Primarina
|-damage|p1a: Primarina|0 fnt
|faint|p1a: Primarina
|
|-weather|SunnyDay|[upkeep]
|upkeep
|
|t:|1759046893
|switch|p1a: Dragonite|Dragonite, M, shiny|100/100
|turn|8
|
|t:|1759046898
|move|p2a: Slither Wing|U-turn|p1a: Dragonite
|-resisted|p1a: Dragonite
|-damage|p1a: Dragonite|88/100
|
|t:|1759046901
|-end|p2a: Slither Wing|Protosynthesis|[silent]
|switch|p2a: Hatterene|Hatterene, F|56/100|[from] U-turn
|move|p1a: Dragonite|Earthquake|p2a: Hatterene
|-damage|p2a: Hatterene|29/100
|
|-weather|none
|upkeep
|turn|9
|
|t:|1759046909
|move|p1a: Dragonite|Hurricane|p2a: Hatterene
|-damage|p2a: Hatterene|0 fnt
|faint|p2a: Hatterene
|
|upkeep
|
|t:|1759046914
|switch|p2a: Torkoal|Torkoal, F|100/100
|-weather|SunnyDay|[from] ability: Drought|[of] p2a: Torkoal
|turn|10
|
|t:|1759046926
|move|p1a: Dragonite|Earthquake|p2a: Torkoal
|-supereffective|p2a: Torkoal
|-damage|p2a: Torkoal|39/100
|move|p2a: Torkoal|Will-O-Wisp|p1a: Dragonite
|-status|p1a: Dragonite|brn
|
|-weather|SunnyDay|[upkeep]
|-damage|p1a: Dragonite|82/100 brn|[from] brn
|upkeep
|turn|11
|
|t:|1759046934
|move|p1a: Dragonite|Earthquake|p2a: Torkoal
|-supereffective|p2a: Torkoal
|-damage|p2a: Torkoal|8/100
|move|p2a: Torkoal|Stealth Rock|p1a: Dragonite
|-sidestart|p1: LT2 lulu|move: Stealth Rock
|
|-weather|SunnyDay|[upkeep]
|-damage|p1a: Dragonite|76/100 brn|[from] brn
|upkeep
|turn|12
|
|t:|1759046942
|move|p1a: Dragonite|Roost|p1a: Dragonite
|-heal|p1a: Dragonite|100/100 brn
|-singleturn|p1a: Dragonite|move: Roost
|move|p2a: Torkoal|Overheat|p1a: Dragonite
|-resisted|p1a: Dragonite
|-damage|p1a: Dragonite|83/100 brn
|-unboost|p2a: Torkoal|spa|2
|
|-weather|SunnyDay|[upkeep]
|-damage|p1a: Dragonite|76/100 brn|[from] brn
|upkeep
|turn|13
|
|t:|1759046950
|switch|p2a: Slither Wing|Slither Wing|100/100
|-activate|p2a: Slither Wing|ability: Protosynthesis
|-start|p2a: Slither Wing|protosynthesisatk
|move|p1a: Dragonite|Hurricane|p2a: Slither Wing|[miss]
|-miss|p1a: Dragonite|p2a: Slither Wing
|
|-weather|SunnyDay|[upkeep]
|-damage|p1a: Dragonite|70/100 brn|[from] brn
|upkeep
|turn|14
|j| wgw2333
|
|t:|1759046969
|move|p2a: Slither Wing|First Impression|p1a: Dragonite
|-resisted|p1a: Dragonite
|-damage|p1a: Dragonite|37/100 brn
|move|p1a: Dragonite|Roost|p1a: Dragonite
|-heal|p1a: Dragonite|87/100 brn
|-singleturn|p1a: Dragonite|move: Roost
|
|-weather|SunnyDay|[upkeep]
|-damage|p1a: Dragonite|81/100 brn|[from] brn
|upkeep
|turn|15
|
|t:|1759046977
|move|p2a: Slither Wing|U-turn|p1a: Dragonite
|-resisted|p1a: Dragonite
|-damage|p1a: Dragonite|58/100 brn
|
|t:|1759046980
|-end|p2a: Slither Wing|Protosynthesis|[silent]
|switch|p2a: Torkoal|Torkoal, F|8/100|[from] U-turn
|move|p1a: Dragonite|Roost|p1a: Dragonite
|-heal|p1a: Dragonite|100/100 brn
|-singleturn|p1a: Dragonite|move: Roost
|
|-weather|SunnyDay|[upkeep]
|-damage|p1a: Dragonite|94/100 brn|[from] brn
|upkeep
|turn|16
|
|t:|1759046985
|move|p1a: Dragonite|Hurricane|p2a: Torkoal
|-damage|p2a: Torkoal|0 fnt
|faint|p2a: Torkoal
|
|-weather|SunnyDay|[upkeep]
|-damage|p1a: Dragonite|88/100 brn|[from] brn
|upkeep
|
|t:|1759046994
|switch|p2a: Kingambit|Kingambit, F|100/100
|-activate|p2a: Kingambit|ability: Supreme Overlord
|-start|p2a: Kingambit|fallen4|[silent]
|turn|17
|
|t:|1759047003
|switch|p1a: Darkrai|Darkrai, shiny|100/100
|-damage|p1a: Darkrai|88/100|[from] Stealth Rock
|move|p2a: Kingambit|Swords Dance|p2a: Kingambit
|-boost|p2a: Kingambit|atk|2
|
|-weather|none
|upkeep
|turn|18
|
|t:|1759047011
|-terastallize|p2a: Kingambit|Fairy
|move|p1a: Darkrai|Trick|p2a: Kingambit
|-activate|p1a: Darkrai|move: Trick|[of] p2a: Kingambit
|-item|p2a: Kingambit|Choice Scarf|[from] move: Trick
|-item|p1a: Darkrai|Leftovers|[from] move: Trick
|move|p2a: Kingambit|Tera Blast|p1a: Darkrai|[anim] Tera Blast Fairy
|-supereffective|p1a: Darkrai
|-damage|p1a: Darkrai|0 fnt
|faint|p1a: Darkrai
|
|upkeep
|
|t:|1759047020
|switch|p1a: Iron Treads|Iron Treads, shiny|100/100
|-damage|p1a: Iron Treads|97/100|[from] Stealth Rock
|turn|19
|
|t:|1759047032
|-end|p2a: Kingambit|fallen4|[silent]
|switch|p2a: Slither Wing|Slither Wing|100/100
|move|p1a: Iron Treads|Earthquake|p2a: Slither Wing
|-resisted|p2a: Slither Wing
|-damage|p2a: Slither Wing|72/100
|
|upkeep
|turn|20
|
|t:|1759047043
|-end|p1a: Iron Treads|Quark Drive|[silent]
|switch|p1a: Dragonite|Dragonite, M, shiny|88/100 brn
|move|p2a: Slither Wing|Temper Flare|p1a: Dragonite
|-resisted|p1a: Dragonite
|-damage|p1a: Dragonite|73/100 brn
|
|-damage|p1a: Dragonite|67/100 brn|[from] brn
|upkeep
|turn|21
|
|t:|1759047054
|move|p2a: Slither Wing|U-turn|p1a: Dragonite
|-resisted|p1a: Dragonite
|-crit|p1a: Dragonite
|-damage|p1a: Dragonite|39/100 brn
|
|t:|1759047056
|-end|p2a: Slither Wing|Protosynthesis|[silent]
|switch|p2a: Kingambit|Kingambit, F, tera:Fairy|100/100|[from] U-turn
|-activate|p2a: Kingambit|ability: Supreme Overlord
|-start|p2a: Kingambit|fallen4|[silent]
|move|p1a: Dragonite|Hurricane|p2a: Kingambit|[miss]
|-miss|p1a: Dragonite|p2a: Kingambit
|
|-damage|p1a: Dragonite|33/100 brn|[from] brn
|upkeep
|turn|22
|
|t:|1759047065
|switch|p1a: Iron Treads|Iron Treads, shiny|97/100
|-damage|p1a: Iron Treads|94/100|[from] Stealth Rock
|move|p2a: Kingambit|Kowtow Cleave|p1a: Iron Treads
|-damage|p1a: Iron Treads|32/100
|
|upkeep
|turn|23
|
|t:|1759047077
|-end|p2a: Kingambit|fallen4|[silent]
|switch|p2a: Slither Wing|Slither Wing|72/100
|move|p1a: Iron Treads|Earthquake|p2a: Slither Wing
|-resisted|p2a: Slither Wing
|-damage|p2a: Slither Wing|42/100
|
|upkeep
|turn|24
|
|t:|1759047106
|-terastallize|p1a: Iron Treads|Ghost
|move|p1a: Iron Treads|Rapid Spin|p2a: Slither Wing
|-damage|p2a: Slither Wing|20/100
|-boost|p1a: Iron Treads|spe|1
|-sideend|p1: LT2 lulu|Stealth Rock|[from] move: Rapid Spin|[of] p1a: Iron Treads
|move|p2a: Slither Wing|Earthquake|p1a: Iron Treads
|-damage|p1a: Iron Treads|0 fnt
|faint|p1a: Iron Treads
|-end|p1a: Iron Treads|Quark Drive|[silent]
|
|upkeep
|inactive|LT2 lulu has 120 seconds left.
|
|t:|1759047123
|switch|p1a: Dragonite|Dragonite, M, shiny|33/100 brn
|turn|25
|
|t:|1759047128
|move|p2a: Slither Wing|U-turn|p1a: Dragonite
|-resisted|p1a: Dragonite
|-damage|p1a: Dragonite|13/100 brn
|
|t:|1759047131
|-end|p2a: Slither Wing|Protosynthesis|[silent]
|switch|p2a: Kingambit|Kingambit, F, tera:Fairy|100/100|[from] U-turn
|-activate|p2a: Kingambit|ability: Supreme Overlord
|-start|p2a: Kingambit|fallen4|[silent]
|move|p1a: Dragonite|Roost|p1a: Dragonite
|-heal|p1a: Dragonite|63/100 brn
|-singleturn|p1a: Dragonite|move: Roost
|
|-damage|p1a: Dragonite|57/100 brn|[from] brn
|upkeep
|turn|26
|
|t:|1759047136
|move|p2a: Kingambit|Tera Blast|p1a: Dragonite|[anim] Tera Blast Fairy
|-supereffective|p1a: Dragonite
|-damage|p1a: Dragonite|0 fnt
|faint|p1a: Dragonite
|
|upkeep
|
|t:|1759047140
|switch|p1a: Deoxys|Deoxys-Speed, shiny|100/100
|-ability|p1a: Deoxys|Pressure
|turn|27
|
|t:|1759047145
|move|p1a: Deoxys|Nasty Plot|p1a: Deoxys
|-boost|p1a: Deoxys|spa|2
|move|p2a: Kingambit|Tera Blast|p1a: Deoxys|[anim] Tera Blast Fairy
|-damage|p1a: Deoxys|0 fnt
|faint|p1a: Deoxys
|
|win|latisalti
|raw|LT2 lulu's rating: 1754 &rarr; <strong>1733</strong><br />(-21 for losing)
|raw|latisalti's rating: 1737 &rarr; <strong>1758</strong><br />(+21 for winning)
|l|☆LT2 lulu
|player|p1|
|l|‽latisalti
|player|p2|
|l| amimec
|l| tapu moxo
