|j|☆lzffqd99
|j|☆azraelyne
|t:|1758956774
|gametype|singles
|player|p1|lzffqd99|266|1096
|player|p2|azraelyne|101|1102
|gen|9
|tier|[Gen 9] OU
|rated|
|rule|HP Percentage Mod: HP is shown in percentages
|rule|Endless Battle Clause: Forcing endless battles is banned
|rule|Species Clause: Limit one of each Pokémon
|rule|OHKO Clause: OHKO moves are banned
|rule|Evasion Items Clause: Evasion items are banned
|rule|Evasion Moves Clause: Evasion moves are banned
|rule|Evasion Abilities Clause: Evasion abilities are banned
|rule|Sleep Moves Clause: Sleep-inducing moves are banned
|clearpoke
|poke|p1|Dragonite, M|
|poke|p1|Hatterene, F|
|poke|p1|Great Tusk|
|poke|p1|Ceruledge, F|
|poke|p1|Ting-Lu|
|poke|p1|Kyurem|
|poke|p2|Lurantis, F|
|poke|p2|Torkoal, F|
|poke|p2|Iron Valiant|
|poke|p2|Araquanid, F|
|poke|p2|Dondozo, F|
|poke|p2|Hatterene, F|
|teampreview
|inactive|Battle timer is ON: inactive players will automatically lose when time's up. (requested by azraelyne)
|
|t:|1758956811
|teamsize|p1|6
|teamsize|p2|6
|start
|switch|p1a: Hatterene|Hatterene, F|100/100
|switch|p2a: Iron Valiant|Iron Valiant|100/100
|turn|1
|
|t:|1758956826
|move|p2a: Iron Valiant|Shadow Ball|p1a: Hatterene
|-supereffective|p1a: Hatterene
|-damage|p1a: Hatterene|73/100
|move|p1a: Hatterene|Psyshock|p2a: Iron Valiant
|-supereffective|p2a: Iron Valiant
|-damage|p2a: Iron Valiant|8/100
|-enditem|p2a: Iron Valiant|Eject Button
|
|t:|1758956840
|-end|p2a: Iron Valiant|Quark Drive|[silent]
|switch|p2a: Hatterene|Hatterene, F|100/100
|
|upkeep
|turn|2
|
|t:|1758956859
|move|p1a: Hatterene|Nuzzle|p2a: Hatterene
|-damage|p2a: Hatterene|96/100
|-status|p2a: Hatterene|par
|move|p2a: Hatterene|Trick Room|p2a: Hatterene
|-fieldstart|move: Trick Room|[of] p2a: Hatterene
|
|upkeep
|turn|3
|
|t:|1758956870
|cant|p2a: Hatterene|par
|move|p1a: Hatterene|Psyshock|p2a: Hatterene
|-resisted|p2a: Hatterene
|-damage|p2a: Hatterene|73/100 par
|
|upkeep
|turn|4
|
|t:|1758956884
|move|p2a: Hatterene|Misty Explosion|p1a: Hatterene
|-damage|p1a: Hatterene|31/100
|faint|p2a: Hatterene
|move|p1a: Hatterene|Draining Kiss|p2: Hatterene|[notarget]
|-fail|p1a: Hatterene
|
|upkeep
|
|t:|1758956895
|switch|p2a: Torkoal|Torkoal, F|100/100
|-weather|SunnyDay|[from] ability: Drought|[of] p2a: Torkoal
|turn|5
|
|t:|1758956905
|move|p2a: Torkoal|Eruption|p1a: Hatterene
|-damage|p1a: Hatterene|0 fnt
|faint|p1a: Hatterene
|
|-weather|SunnyDay|[upkeep]
|upkeep
|
|t:|1758956909
|switch|p1a: Ting-Lu|Ting-Lu|100/100
|-ability|p1a: Ting-Lu|Vessel of Ruin
|turn|6
|
|t:|1758956915
|move|p2a: Torkoal|Solar Beam||[still]
|-prepare|p2a: Torkoal|Solar Beam
|-anim|p2a: Torkoal|Solar Beam|p1a: Ting-Lu
|-supereffective|p1a: Ting-Lu
|-damage|p1a: Ting-Lu|72/100
|move|p1a: Ting-Lu|Stealth Rock|p2a: Torkoal
|-sidestart|p2: azraelyne|move: Stealth Rock
|
|-weather|SunnyDay|[upkeep]
|-heal|p1a: Ting-Lu|78/100|[from] item: Leftovers
|-fieldend|move: Trick Room
|upkeep
|turn|7
|
|t:|1758956929
|move|p2a: Torkoal|Rapid Spin|p1a: Ting-Lu
|-damage|p1a: Ting-Lu|73/100
|-boost|p2a: Torkoal|spe|1
|-sideend|p2: azraelyne|Stealth Rock|[from] move: Rapid Spin|[of] p2a: Torkoal
|move|p1a: Ting-Lu|Whirlwind|p2a: Torkoal
|drag|p2a: Dondozo|Dondozo, F|100/100
|
|-weather|SunnyDay|[upkeep]
|-heal|p1a: Ting-Lu|79/100|[from] item: Leftovers
|upkeep
|turn|8
|
|t:|1758956945
|move|p1a: Ting-Lu|Stealth Rock|p2a: Dondozo
|-sidestart|p2: azraelyne|move: Stealth Rock
|move|p2a: Dondozo|Curse|p2a: Dondozo
|-unboost|p2a: Dondozo|spe|1
|-boost|p2a: Dondozo|atk|1
|-boost|p2a: Dondozo|def|1
|
|-weather|SunnyDay|[upkeep]
|-heal|p1a: Ting-Lu|85/100|[from] item: Leftovers
|upkeep
|turn|9
|
|t:|1758956960
|move|p2a: Dondozo|Wave Crash|p1a: Ting-Lu
|-supereffective|p1a: Ting-Lu
|-damage|p1a: Ting-Lu|43/100
|-damage|p2a: Dondozo|86/100|[from] Recoil
|move|p1a: Ting-Lu|Whirlwind|p2a: Dondozo
|drag|p2a: Araquanid|Araquanid, F|100/100
|-damage|p2a: Araquanid|75/100|[from] Stealth Rock
|
|-weather|none
|-heal|p1a: Ting-Lu|49/100|[from] item: Leftovers
|upkeep
|turn|10
|
|t:|1758956973
|move|p2a: Araquanid|Leech Life|p1a: Ting-Lu
|-supereffective|p1a: Ting-Lu
|-damage|p1a: Ting-Lu|6/100
|-heal|p2a: Araquanid|100/100|[from] drain|[of] p1a: Ting-Lu
|move|p1a: Ting-Lu|Whirlwind|p2a: Araquanid
|drag|p2a: Lurantis|Lurantis, F|100/100
|-damage|p2a: Lurantis|88/100|[from] Stealth Rock
|
|-heal|p1a: Ting-Lu|12/100|[from] item: Leftovers
|upkeep
|turn|11
|
|t:|1758956996
|move|p2a: Lurantis|Defog|p1a: Ting-Lu
|-unboost|p1a: Ting-Lu|evasion|1
|-sideend|p2: azraelyne|Stealth Rock|[from] move: Defog|[of] p2a: Lurantis
|move|p1a: Ting-Lu|Whirlwind|p2a: Lurantis
|drag|p2a: Torkoal|Torkoal, F|100/100
|-weather|SunnyDay|[from] ability: Drought|[of] p2a: Torkoal
|
|-weather|SunnyDay|[upkeep]
|-heal|p1a: Ting-Lu|19/100|[from] item: Leftovers
|upkeep
|turn|12
|inactive|lzffqd99 has 120 seconds left.
|
|t:|1758957026
|move|p1a: Ting-Lu|Ruination|p2a: Torkoal
|-damage|p2a: Torkoal|50/100
|move|p2a: Torkoal|Rapid Spin|p1a: Ting-Lu
|-crit|p1a: Ting-Lu
|-damage|p1a: Ting-Lu|10/100
|-boost|p2a: Torkoal|spe|1
|
|-weather|SunnyDay|[upkeep]
|-heal|p1a: Ting-Lu|17/100|[from] item: Leftovers
|upkeep
|turn|13
|inactive|lzffqd99 has 120 seconds left.
|
|t:|1758957038
|move|p1a: Ting-Lu|Ruination|p2a: Torkoal
|-damage|p2a: Torkoal|25/100
|move|p2a: Torkoal|Solar Beam||[still]
|-prepare|p2a: Torkoal|Solar Beam
|-anim|p2a: Torkoal|Solar Beam|p1a: Ting-Lu
|-supereffective|p1a: Ting-Lu
|-damage|p1a: Ting-Lu|0 fnt
|faint|p1a: Ting-Lu
|
|-weather|SunnyDay|[upkeep]
|upkeep
|inactive|lzffqd99 has 120 seconds left.
|
|t:|1758957044
|switch|p1a: Dragonite|Dragonite, M|100/100
|turn|14
|
|t:|1758957061
|move|p1a: Dragonite|Dragon Dance|p1a: Dragonite
|-boost|p1a: Dragonite|atk|1
|-boost|p1a: Dragonite|spe|1
|move|p2a: Torkoal|Solar Beam||[still]
|-prepare|p2a: Torkoal|Solar Beam
|-anim|p2a: Torkoal|Solar Beam|p1a: Dragonite
|-resisted|p1a: Dragonite
|-damage|p1a: Dragonite|97/100
|
|-weather|SunnyDay|[upkeep]
|-heal|p1a: Dragonite|100/100|[from] item: Leftovers
|upkeep
|turn|15
|
|t:|1758957080
|switch|p2a: Dondozo|Dondozo, F|86/100
|move|p1a: Dragonite|Earthquake|p2a: Dondozo
|-damage|p2a: Dondozo|64/100
|
|-weather|none
|upkeep
|turn|16
|
|t:|1758957092
|-terastallize|p1a: Dragonite|Fairy
|-terastallize|p2a: Dondozo|Ghost
|move|p1a: Dragonite|Tera Blast|p2a: Dondozo|[anim] Tera Blast Fairy
|-damage|p2a: Dondozo|41/100
|move|p2a: Dondozo|Curse|p1a: Dragonite
|-start|p1a: Dragonite|Curse|[of] p2a: Dondozo
|-damage|p2a: Dondozo|0 fnt
|faint|p2a: Dondozo
|
|-damage|p1a: Dragonite|76/100|[from] Curse
|upkeep
|inactive|azraelyne has 120 seconds left.
|c|☆lzffqd99|66
|
|t:|1758957115
|switch|p2a: Lurantis|Lurantis, F|88/100
|turn|17
|
|t:|1758957125
|move|p1a: Dragonite|Tera Blast|p2a: Lurantis|[anim] Tera Blast Fairy
|-damage|p2a: Lurantis|15/100
|-enditem|p2a: Lurantis|Aguav Berry|[eat]
|-heal|p2a: Lurantis|48/100|[from] item: Aguav Berry
|move|p2a: Lurantis|Leaf Storm|p1a: Dragonite
|-damage|p1a: Dragonite|27/100
|-boost|p2a: Lurantis|spa|2
|
|-heal|p1a: Dragonite|33/100|[from] item: Leftovers
|-damage|p1a: Dragonite|8/100|[from] Curse
|upkeep
|turn|18
|inactive|azraelyne has 120 seconds left.
|
|t:|1758957139
|move|p1a: Dragonite|Tera Blast|p2a: Lurantis|[anim] Tera Blast Fairy
|-damage|p2a: Lurantis|0 fnt
|faint|p2a: Lurantis
|
|-heal|p1a: Dragonite|14/100|[from] item: Leftovers
|-damage|p1a: Dragonite|0 fnt|[from] Curse
|faint|p1a: Dragonite
|upkeep
|
|t:|1758957150
|switch|p1a: Ceruledge|Ceruledge, F|100/100
|switch|p2a: Iron Valiant|Iron Valiant|8/100
|turn|19
|
|t:|1758957156
|move|p1a: Ceruledge|Swords Dance|p1a: Ceruledge
|-boost|p1a: Ceruledge|atk|2
|move|p2a: Iron Valiant|Trick Room|p2a: Iron Valiant
|-fieldstart|move: Trick Room|[of] p2a: Iron Valiant
|
|upkeep
|turn|20
|inactive|azraelyne has 120 seconds left.
|
|t:|1758957164
|move|p1a: Ceruledge|Shadow Sneak|p2a: Iron Valiant
|-damage|p2a: Iron Valiant|0 fnt
|faint|p2a: Iron Valiant
|-end|p2a: Iron Valiant|Quark Drive|[silent]
|
|upkeep
|inactive|azraelyne has 120 seconds left.
|
|t:|1758957175
|switch|p2a: Araquanid|Araquanid, F|100/100
|turn|21
|inactive|azraelyne has 120 seconds left.
|
|t:|1758957186
|move|p1a: Ceruledge|Shadow Sneak|p2a: Araquanid
|-damage|p2a: Araquanid|60/100
|move|p2a: Araquanid|Liquidation|p1a: Ceruledge
|-supereffective|p1a: Ceruledge
|-enditem|p1a: Ceruledge|Focus Sash
|-damage|p1a: Ceruledge|1/100
|-ability|p1a: Ceruledge|Weak Armor|boost
|-unboost|p1a: Ceruledge|def|1
|-boost|p1a: Ceruledge|spe|2
|
|upkeep
|turn|22
|inactive|azraelyne has 120 seconds left.
|
|t:|1758957197
|move|p1a: Ceruledge|Shadow Sneak|p2a: Araquanid
|-damage|p2a: Araquanid|20/100
|move|p2a: Araquanid|Liquidation|p1a: Ceruledge
|-supereffective|p1a: Ceruledge
|-damage|p1a: Ceruledge|0 fnt
|faint|p1a: Ceruledge
|
|upkeep
|
|t:|1758957204
|switch|p1a: Great Tusk|Great Tusk|100/100
|turn|23
|
|t:|1758957212
|move|p2a: Araquanid|Liquidation|p1a: Great Tusk
|-supereffective|p1a: Great Tusk
|-damage|p1a: Great Tusk|0 fnt
|faint|p1a: Great Tusk
|-end|p1a: Great Tusk|Protosynthesis|[silent]
|
|-fieldend|move: Trick Room
|upkeep
|
|t:|1758957215
|switch|p1a: Kyurem|Kyurem|100/100
|-ability|p1a: Kyurem|Pressure
|turn|24
|
|t:|1758957228
|move|p1a: Kyurem|Earth Power|p2a: Araquanid
|-resisted|p2a: Araquanid
|-damage|p2a: Araquanid|0 fnt
|faint|p2a: Araquanid
|
|upkeep
|
|t:|1758957234
|switch|p2a: Torkoal|Torkoal, F|25/100
|-weather|SunnyDay|[from] ability: Drought|[of] p2a: Torkoal
|turn|25
|
|t:|1758957240
|move|p1a: Kyurem|Earth Power|p2a: Torkoal
|-supereffective|p2a: Torkoal
|-damage|p2a: Torkoal|0 fnt
|faint|p2a: Torkoal
|
|win|lzffqd99
|raw|lzffqd99's rating: 1096 &rarr; <strong>1122</strong><br />(+26 for winning)
|raw|azraelyne's rating: 1102 &rarr; <strong>1077</strong><br />(-25 for losing)
|l|☆lzffqd99
|player|p1|
|l|☆azraelyne
|player|p2|
