|j|☆guohayi
|j|☆RINMIPA
|t:|1759043435
|gametype|singles
|player|p1|guohayi|agatha-lgpe|1224
|player|p2|RINMIPA|266|1253
|gen|9
|tier|[Gen 9] OU
|rated|
|rule|HP Percentage Mod: HP is shown in percentages
|rule|Endless Battle Clause: Forcing endless battles is banned
|rule|Species Clause: Limit one of each Pokémon
|rule|OHKO Clause: OHKO moves are banned
|rule|Evasion Items Clause: Evasion items are banned
|rule|Evasion Moves Clause: Evasion moves are banned
|rule|Evasion Abilities Clause: Evasion abilities are banned
|rule|Sleep Moves Clause: Sleep-inducing moves are banned
|clearpoke
|poke|p1|Gholdengo|
|poke|p1|Ceruledge, F|
|poke|p1|Enamorus, F|
|poke|p1|Ribombee, F|
|poke|p1|Quaquaval, F|
|poke|p1|Iron Treads|
|poke|p2|Frosmoth, F|
|poke|p2|Serperior, M|
|poke|p2|Cetitan, M|
|poke|p2|Garchomp, F|
|poke|p2|Scizor, M|
|poke|p2|Slowking-Galar, M|
|teampreview
|
|t:|1759043441
|teamsize|p1|6
|teamsize|p2|6
|start
|switch|p1a: Ribombee|Ribombee, F|100/100
|switch|p2a: Slowking|Slowking-Galar, M|100/100
|turn|1
|
|t:|1759043449
|move|p1a: Ribombee|Skill Swap|p2a: Slowking
|-activate|p1a: Ribombee|move: Skill Swap|Regenerator|Shield Dust|[of] p2a: Slowking
|move|p2a: Slowking|Toxic|p1a: Ribombee
|-status|p1a: Ribombee|tox
|
|-damage|p1a: Ribombee|94/100 tox|[from] psn
|upkeep
|turn|2
|
|t:|1759043463
|move|p1a: Ribombee|Sticky Web|p2a: Slowking
|-sidestart|p2: RINMIPA|move: Sticky Web
|-prepare|p2a: Slowking|Chilly Reception|[premajor]
|move|p2a: Slowking|Chilly Reception|p2a: Slowking
|-weather|Snowscape
|
|t:|1759043468
|switch|p2a: Cetitan|Cetitan, M|100/100|[from] Chilly Reception
|-activate|p2a: Cetitan|move: Sticky Web
|-unboost|p2a: Cetitan|spe|1
|
|-weather|Snowscape|[upkeep]
|-damage|p1a: Ribombee|82/100 tox|[from] psn
|upkeep
|turn|3
|
|t:|1759043475
|move|p1a: Ribombee|Skill Swap|p2a: Cetitan
|-activate|p1a: Ribombee|move: Skill Swap|Slush Rush|Regenerator|[of] p2a: Cetitan
|move|p2a: Cetitan|Belly Drum|p2a: Cetitan
|-damage|p2a: Cetitan|50/100
|-setboost|p2a: Cetitan|atk|6|[from] move: Belly Drum
|-enditem|p2a: Cetitan|Sitrus Berry|[eat]
|-heal|p2a: Cetitan|75/100|[from] item: Sitrus Berry
|
|-weather|Snowscape|[upkeep]
|-damage|p1a: Ribombee|64/100 tox|[from] psn
|upkeep
|turn|4
|
|t:|1759043490
|move|p2a: Cetitan|Ice Shard|p1a: Ribombee
|-crit|p1a: Ribombee
|-damage|p1a: Ribombee|0 fnt
|faint|p1a: Ribombee
|
|-weather|Snowscape|[upkeep]
|upkeep
|
|t:|1759043495
|switch|p1a: Quaquaval|Quaquaval, F|100/100
|turn|5
|
|t:|1759043510
|move|p1a: Quaquaval|Knock Off|p2a: Cetitan
|-damage|p2a: Cetitan|61/100
|move|p2a: Cetitan|Earthquake|p1a: Quaquaval
|-damage|p1a: Quaquaval|0 fnt
|faint|p1a: Quaquaval
|
|-weather|Snowscape|[upkeep]
|upkeep
|
|t:|1759043528
|switch|p1a: Gholdengo|Gholdengo|100/100
|-item|p1a: Gholdengo|Air Balloon
|turn|6
|
|t:|1759043533
|move|p1a: Gholdengo|Nasty Plot|p1a: Gholdengo
|-boost|p1a: Gholdengo|spa|2
|move|p2a: Cetitan|Knock Off|p1a: Gholdengo
|-supereffective|p1a: Gholdengo
|-damage|p1a: Gholdengo|0 fnt
|-enditem|p1a: Gholdengo|Air Balloon
|faint|p1a: Gholdengo
|
|-weather|Snowscape|[upkeep]
|upkeep
|
|t:|1759043538
|switch|p1a: Ceruledge|Ceruledge, F|100/100
|turn|7
|
|t:|1759043546
|move|p1a: Ceruledge|Bitter Blade|p2a: Cetitan
|-supereffective|p2a: Cetitan
|-damage|p2a: Cetitan|0 fnt
|faint|p2a: Cetitan
|
|-weather|Snowscape|[upkeep]
|upkeep
|
|t:|1759043561
|switch|p2a: Slowking|Slowking-Galar, M|100/100
|-activate|p2a: Slowking|move: Sticky Web
|-unboost|p2a: Slowking|spe|1
|turn|8
|
|t:|1759043568
|move|p1a: Ceruledge|Swords Dance|p1a: Ceruledge
|-boost|p1a: Ceruledge|atk|2
|move|p2a: Slowking|Toxic|p1a: Ceruledge
|-status|p1a: Ceruledge|tox
|
|-weather|Snowscape|[upkeep]
|-damage|p1a: Ceruledge|94/100 tox|[from] psn
|upkeep
|turn|9
|
|t:|1759043577
|move|p1a: Ceruledge|Bitter Blade|p2a: Slowking
|-damage|p2a: Slowking|31/100
|-heal|p1a: Ceruledge|100/100 tox|[from] drain|[of] p2a: Slowking
|move|p2a: Slowking|Hex|p1a: Ceruledge
|-supereffective|p1a: Ceruledge
|-damage|p1a: Ceruledge|22/100 tox
|
|-weather|none
|-damage|p1a: Ceruledge|10/100 tox|[from] psn
|upkeep
|turn|10
|
|t:|1759043586
|move|p2a: Slowking|Protect|p2a: Slowking
|-singleturn|p2a: Slowking|Protect
|move|p1a: Ceruledge|Bitter Blade|p2a: Slowking
|-activate|p2a: Slowking|move: Protect
|
|-damage|p1a: Ceruledge|0 fnt|[from] psn
|faint|p1a: Ceruledge
|upkeep
|
|t:|1759043592
|switch|p1a: Enamorus|Enamorus, F|100/100
|turn|11
|
|t:|1759043607
|switch|p2a: Scizor|Scizor, M|100/100
|-activate|p2a: Scizor|move: Sticky Web
|-unboost|p2a: Scizor|spe|1
|move|p1a: Enamorus|Earth Power|p2a: Scizor
|-damage|p2a: Scizor|60/100
|-unboost|p2a: Scizor|spd|1
|
|upkeep
|turn|12
|
|t:|1759043616
|switch|p1a: Iron Treads|Iron Treads|100/100
|-enditem|p1a: Iron Treads|Booster Energy
|-activate|p1a: Iron Treads|ability: Quark Drive|[fromitem]
|-start|p1a: Iron Treads|quarkdriveatk
|move|p2a: Scizor|U-turn|p1a: Iron Treads
|-resisted|p1a: Iron Treads
|-damage|p1a: Iron Treads|79/100
|
|t:|1759043622
|switch|p2a: Garchomp|Garchomp, F|100/100|[from] U-turn
|-activate|p2a: Garchomp|move: Sticky Web
|-unboost|p2a: Garchomp|spe|1
|
|upkeep
|turn|13
|
|t:|1759043631
|move|p1a: Iron Treads|Ice Spinner|p2a: Garchomp
|-supereffective|p2a: Garchomp
|-enditem|p2a: Garchomp|Focus Sash
|-damage|p2a: Garchomp|1/100
|-damage|p1a: Iron Treads|67/100|[from] ability: Rough Skin|[of] p2a: Garchomp
|move|p2a: Garchomp|Earthquake|p1a: Iron Treads
|-supereffective|p1a: Iron Treads
|-crit|p1a: Iron Treads
|-damage|p1a: Iron Treads|0 fnt
|faint|p1a: Iron Treads
|-end|p1a: Iron Treads|Quark Drive|[silent]
|
|upkeep
|
|t:|1759043638
|switch|p1a: Enamorus|Enamorus, F|100/100
|turn|14
|
|t:|1759043643
|-terastallize|p1a: Enamorus|Stellar
|move|p1a: Enamorus|Tera Blast|p2a: Garchomp|[anim] Tera Blast Stellar
|-damage|p2a: Garchomp|0 fnt
|-boost|p1a: Enamorus|atk|1
|-boost|p1a: Enamorus|spa|1
|faint|p2a: Garchomp
|
|upkeep
|
|t:|1759043653
|switch|p2a: Slowking|Slowking-Galar, M|64/100
|-activate|p2a: Slowking|move: Sticky Web
|-unboost|p2a: Slowking|spe|1
|turn|15
|
|t:|1759043658
|move|p1a: Enamorus|Earth Power|p2a: Slowking
|-supereffective|p2a: Slowking
|-damage|p2a: Slowking|0 fnt
|faint|p2a: Slowking
|
|upkeep
|
|t:|1759043665
|switch|p2a: Scizor|Scizor, M|60/100
|-activate|p2a: Scizor|move: Sticky Web
|-unboost|p2a: Scizor|spe|1
|turn|16
|
|t:|1759043671
|-terastallize|p2a: Scizor|Steel
|move|p2a: Scizor|Bullet Punch|p1a: Enamorus
|-supereffective|p1a: Enamorus
|-damage|p1a: Enamorus|0 fnt
|faint|p1a: Enamorus
|
|win|RINMIPA
|raw|guohayi's rating: 1224 &rarr; <strong>1201</strong><br />(-23 for losing)
|raw|RINMIPA's rating: 1253 &rarr; <strong>1276</strong><br />(+23 for winning)
|l|☆guohayi
|player|p1|
|l|☆RINMIPA
|player|p2|
