|j|‽eggwithswag
|j|☆Shibuya Arc
|t:|1758917484
|gametype|singles
|player|p1|eggwithswag|lance|1389
|player|p2|Shibuya Arc|265|1423
|gen|9
|tier|[Gen 9] OU
|rated|
|rule|HP Percentage Mod: HP is shown in percentages
|rule|Endless Battle Clause: Forcing endless battles is banned
|rule|Species Clause: Limit one of each Pokémon
|rule|OHKO Clause: OHKO moves are banned
|rule|Evasion Items Clause: Evasion items are banned
|rule|Evasion Moves Clause: Evasion moves are banned
|rule|Evasion Abilities Clause: Evasion abilities are banned
|rule|Sleep Moves Clause: Sleep-inducing moves are banned
|clearpoke
|poke|p1|Hoopa-Unbound|
|poke|p1|Heatran, F|
|poke|p1|Rillaboom, F|
|poke|p1|Hatterene, F|
|poke|p1|Ogerpon, F|
|poke|p1|Garganacl, F|
|poke|p2|Dragapult, F|
|poke|p2|Dragonite, F|
|poke|p2|Ting-Lu|
|poke|p2|Weezing-Galar, F|
|poke|p2|Iron Crown|
|poke|p2|Zapdos|
|teampreview
|inactive|Battle timer is ON: inactive players will automatically lose when time's up. (requested by eggwithswag)
|inactive|Shibuya Arc also wants the timer to be on.
|
|t:|1758917503
|teamsize|p1|6
|teamsize|p2|6
|start
|switch|p1a: Heatran|Heatran, F|100/100
|switch|p2a: Dragonite|Dragonite, F|100/100
|turn|1
|
|t:|1758917509
|move|p2a: Dragonite|Dragon Dance|p2a: Dragonite
|-boost|p2a: Dragonite|atk|1
|-boost|p2a: Dragonite|spe|1
|move|p1a: Heatran|Stealth Rock|p2a: Dragonite
|-sidestart|p2: Shibuya Arc|move: Stealth Rock
|
|upkeep
|turn|2
|
|t:|1758917521
|switch|p1a: Garganacl|Garganacl, F|100/100
|move|p2a: Dragonite|Dragon Dance|p2a: Dragonite
|-boost|p2a: Dragonite|atk|1
|-boost|p2a: Dragonite|spe|1
|
|upkeep
|turn|3
|
|t:|1758917527
|-terastallize|p1a: Garganacl|Ghost
|move|p2a: Dragonite|Earthquake|p1a: Garganacl
|-damage|p1a: Garganacl|57/100
|move|p1a: Garganacl|Salt Cure|p2a: Dragonite
|-supereffective|p2a: Dragonite
|-damage|p2a: Dragonite|86/100
|-start|p2a: Dragonite|Salt Cure
|
|-heal|p1a: Garganacl|63/100|[from] item: Leftovers
|-damage|p2a: Dragonite|73/100|[from] Salt Cure
|upkeep
|turn|4
|
|t:|1758917540
|switch|p1a: Rillaboom|Rillaboom, F|100/100
|-fieldstart|move: Grassy Terrain|[from] ability: Grassy Surge|[of] p1a: Rillaboom
|move|p2a: Dragonite|Dragon Dance|p2a: Dragonite
|-boost|p2a: Dragonite|atk|1
|-boost|p2a: Dragonite|spe|1
|
|-damage|p2a: Dragonite|61/100|[from] Salt Cure
|upkeep
|turn|5
|
|t:|1758917549
|switch|p1a: Garganacl|Garganacl, F, tera:Ghost|63/100
|-terastallize|p2a: Dragonite|Normal
|move|p2a: Dragonite|Extreme Speed|p1a: Garganacl
|-immune|p1a: Garganacl
|
|-heal|p2a: Dragonite|67/100|[from] Grassy Terrain
|-heal|p1a: Garganacl|69/100|[from] Grassy Terrain
|-heal|p1a: Garganacl|75/100|[from] item: Leftovers
|-damage|p2a: Dragonite|55/100|[from] Salt Cure
|upkeep
|turn|6
|
|t:|1758917561
|move|p2a: Dragonite|Roost|p2a: Dragonite
|-heal|p2a: Dragonite|100/100
|move|p1a: Garganacl|Block|p2a: Dragonite
|-activate|p2a: Dragonite|trapped
|
|-heal|p1a: Garganacl|81/100|[from] Grassy Terrain
|-heal|p1a: Garganacl|88/100|[from] item: Leftovers
|-damage|p2a: Dragonite|88/100|[from] Salt Cure
|upkeep
|turn|7
|
|t:|1758917569
|move|p2a: Dragonite|Extreme Speed|p1a: Garganacl
|-immune|p1a: Garganacl
|move|p1a: Garganacl|Salt Cure|p2a: Dragonite
|-damage|p2a: Dragonite|73/100
|
|-heal|p2a: Dragonite|79/100|[from] Grassy Terrain
|-heal|p1a: Garganacl|94/100|[from] Grassy Terrain
|-heal|p1a: Garganacl|99/100|[from] item: Leftovers
|-damage|p2a: Dragonite|67/100|[from] Salt Cure
|upkeep
|turn|8
|
|t:|1758917580
|move|p2a: Dragonite|Roost|p2a: Dragonite
|-heal|p2a: Dragonite|100/100
|move|p1a: Garganacl|Salt Cure|p2a: Dragonite
|-damage|p2a: Dragonite|93/100
|
|-heal|p2a: Dragonite|99/100|[from] Grassy Terrain
|-heal|p1a: Garganacl|100/100|[from] Grassy Terrain
|-damage|p2a: Dragonite|87/100|[from] Salt Cure
|-fieldend|move: Grassy Terrain
|upkeep
|turn|9
|
|t:|1758917588
|move|p2a: Dragonite|Extreme Speed|p1a: Garganacl
|-immune|p1a: Garganacl
|move|p1a: Garganacl|Salt Cure|p2a: Dragonite
|-damage|p2a: Dragonite|72/100
|
|-damage|p2a: Dragonite|60/100|[from] Salt Cure
|upkeep
|turn|10
|
|t:|1758917596
|move|p2a: Dragonite|Roost|p2a: Dragonite
|-heal|p2a: Dragonite|100/100
|move|p1a: Garganacl|Salt Cure|p2a: Dragonite
|-damage|p2a: Dragonite|93/100
|
|-damage|p2a: Dragonite|80/100|[from] Salt Cure
|upkeep
|turn|11
|
|t:|1758917605
|move|p2a: Dragonite|Dragon Dance|p2a: Dragonite
|-boost|p2a: Dragonite|atk|1
|-boost|p2a: Dragonite|spe|1
|move|p1a: Garganacl|Salt Cure|p2a: Dragonite
|-damage|p2a: Dragonite|65/100
|
|-damage|p2a: Dragonite|53/100|[from] Salt Cure
|upkeep
|turn|12
|
|t:|1758917613
|move|p1a: Garganacl|Protect|p1a: Garganacl
|-singleturn|p1a: Garganacl|Protect
|move|p2a: Dragonite|Roost|p2a: Dragonite
|-heal|p2a: Dragonite|100/100
|
|-damage|p2a: Dragonite|88/100|[from] Salt Cure
|upkeep
|turn|13
|
|t:|1758917622
|move|p2a: Dragonite|Dragon Dance|p2a: Dragonite
|-boost|p2a: Dragonite|atk|1
|-boost|p2a: Dragonite|spe|1
|move|p1a: Garganacl|Salt Cure|p2a: Dragonite
|-damage|p2a: Dragonite|75/100
|
|-damage|p2a: Dragonite|63/100|[from] Salt Cure
|upkeep
|turn|14
|
|t:|1758917630
|switch|p1a: Rillaboom|Rillaboom, F|100/100
|-fieldstart|move: Grassy Terrain|[from] ability: Grassy Surge|[of] p1a: Rillaboom
|move|p2a: Dragonite|Roost|p2a: Dragonite
|-heal|p2a: Dragonite|100/100
|
|-damage|p2a: Dragonite|88/100|[from] Salt Cure
|upkeep
|turn|15
|
|t:|1758917639
|switch|p1a: Garganacl|Garganacl, F, tera:Ghost|100/100
|move|p2a: Dragonite|Extreme Speed|p1a: Garganacl
|-immune|p1a: Garganacl
|
|-heal|p2a: Dragonite|94/100|[from] Grassy Terrain
|-damage|p2a: Dragonite|82/100|[from] Salt Cure
|upkeep
|turn|16
|
|t:|1758917646
|move|p1a: Garganacl|Protect|p1a: Garganacl
|-singleturn|p1a: Garganacl|Protect
|move|p2a: Dragonite|Dragon Dance|p2a: Dragonite
|-boost|p2a: Dragonite|atk|1
|-boost|p2a: Dragonite|spe|1
|
|-heal|p2a: Dragonite|88/100|[from] Grassy Terrain
|-damage|p2a: Dragonite|76/100|[from] Salt Cure
|upkeep
|turn|17
|
|t:|1758917655
|move|p2a: Dragonite|Earthquake|p1a: Garganacl
|-damage|p1a: Garganacl|56/100
|move|p1a: Garganacl|Salt Cure|p2a: Dragonite
|-damage|p2a: Dragonite|61/100
|
|-heal|p2a: Dragonite|67/100|[from] Grassy Terrain
|-heal|p1a: Garganacl|62/100|[from] Grassy Terrain
|-heal|p1a: Garganacl|68/100|[from] item: Leftovers
|-damage|p2a: Dragonite|54/100|[from] Salt Cure
|upkeep
|turn|18
|
|t:|1758917665
|move|p1a: Garganacl|Protect|p1a: Garganacl
|-singleturn|p1a: Garganacl|Protect
|move|p2a: Dragonite|Roost|p2a: Dragonite
|-heal|p2a: Dragonite|100/100
|
|-heal|p1a: Garganacl|74/100|[from] Grassy Terrain
|-heal|p1a: Garganacl|80/100|[from] item: Leftovers
|-damage|p2a: Dragonite|88/100|[from] Salt Cure
|-fieldend|move: Grassy Terrain
|upkeep
|turn|19
|
|t:|1758917677
|move|p2a: Dragonite|Earthquake|p1a: Garganacl
|-damage|p1a: Garganacl|0 fnt
|faint|p1a: Garganacl
|
|-damage|p2a: Dragonite|76/100|[from] Salt Cure
|upkeep
|
|t:|1758917689
|switch|p1a: Hatterene|Hatterene, F|100/100
|turn|20
|
|t:|1758917696
|switch|p1a: Rillaboom|Rillaboom, F|100/100
|-fieldstart|move: Grassy Terrain|[from] ability: Grassy Surge|[of] p1a: Rillaboom
|move|p2a: Dragonite|Extreme Speed|p1a: Rillaboom
|-damage|p1a: Rillaboom|0 fnt
|faint|p1a: Rillaboom
|
|-heal|p2a: Dragonite|82/100|[from] Grassy Terrain
|-damage|p2a: Dragonite|70/100|[from] Salt Cure
|upkeep
|
|t:|1758917702
|switch|p1a: Hatterene|Hatterene, F|100/100
|turn|21
|
|t:|1758917708
|move|p2a: Dragonite|Extreme Speed|p1a: Hatterene
|-damage|p1a: Hatterene|0 fnt
|-damage|p2a: Dragonite|53/100|[from] item: Rocky Helmet|[of] p1a: Hatterene
|faint|p1a: Hatterene
|
|-heal|p2a: Dragonite|59/100|[from] Grassy Terrain
|-damage|p2a: Dragonite|47/100|[from] Salt Cure
|upkeep
|-message|eggwithswag forfeited.
|
|win|Shibuya Arc
|raw|eggwithswag's rating: 1389 &rarr; <strong>1371</strong><br />(-18 for losing)
|raw|Shibuya Arc's rating: 1423 &rarr; <strong>1441</strong><br />(+18 for winning)
