|j|☆Juggperc1
|j|☆Lakagota
|t:|1759050546
|gametype|singles
|player|p1|Juggperc1|camper|1294
|player|p2|Lakagota|265|1349
|gen|9
|tier|[Gen 9] OU
|rated|
|rule|HP Percentage Mod: HP is shown in percentages
|rule|Endless Battle Clause: Forcing endless battles is banned
|rule|Species Clause: Limit one of each Pokémon
|rule|OHKO Clause: OHKO moves are banned
|rule|Evasion Items Clause: Evasion items are banned
|rule|Evasion Moves Clause: Evasion moves are banned
|rule|Evasion Abilities Clause: Evasion abilities are banned
|rule|Sleep Moves Clause: Sleep-inducing moves are banned
|clearpoke
|poke|p1|Gardevoir, M|
|poke|p1|Ogerpon-Wellspring, F|
|poke|p1|Gliscor, M|
|poke|p1|Zamazenta-*|
|poke|p1|Weezing-Galar, M|
|poke|p1|Heatran, F|
|poke|p2|Ninetales-Alola, F|
|poke|p2|Garganacl, F|
|poke|p2|Meowscarada, M|
|poke|p2|Kingambit, M|
|poke|p2|Iron Boulder|
|poke|p2|Glimmora, M|
|teampreview
|inactive|Battle timer is ON: inactive players will automatically lose when time's up. (requested by Juggperc1)
|
|t:|1759050561
|teamsize|p1|6
|teamsize|p2|6
|start
|switch|p1a: Gardevoir|Gardevoir, M|100/100
|switch|p2a: Meowscarada|Meowscarada, M|100/100
|-ability|p1a: Gardevoir|Protean|Trace|[from] ability: Trace|[of] p2a: Meowscarada
|turn|1
|
|t:|1759050576
|move|p1a: Gardevoir|Moonblast|p2a: Meowscarada
|-start|p1a: Gardevoir|typechange|Fairy|[from] ability: Protean
|-supereffective|p2a: Meowscarada
|-damage|p2a: Meowscarada|0 fnt
|faint|p2a: Meowscarada
|
|upkeep
|
|t:|1759050589
|switch|p2a: Glimmora|Glimmora, M|100/100
|turn|2
|
|t:|1759050596
|switch|p1a: Heatran|Heatran, F|100/100
|move|p2a: Glimmora|Spikes|p1a: Heatran
|-sidestart|p1: Juggperc1|Spikes
|
|upkeep
|turn|3
|
|t:|1759050604
|move|p2a: Glimmora|Earth Power|p1a: Heatran
|-supereffective|p1a: Heatran
|-damage|p1a: Heatran|26/100
|move|p1a: Heatran|Earth Power|p2a: Glimmora
|-supereffective|p2a: Glimmora
|-damage|p2a: Glimmora|0 fnt
|faint|p2a: Glimmora
|
|-heal|p1a: Heatran|32/100|[from] item: Leftovers
|upkeep
|
|t:|1759050619
|switch|p2a: Iron Boulder|Iron Boulder|100/100
|-enditem|p2a: Iron Boulder|Booster Energy
|-activate|p2a: Iron Boulder|ability: Quark Drive|[fromitem]
|-start|p2a: Iron Boulder|quarkdriveatk
|turn|4
|
|t:|1759050629
|move|p2a: Iron Boulder|Mighty Cleave|p1a: Heatran
|-damage|p1a: Heatran|0 fnt
|faint|p1a: Heatran
|
|upkeep
|
|t:|1759050634
|switch|p1a: Weezing|Weezing-Galar, M|100/100
|-ability|p1a: Weezing|Neutralizing Gas
|-item|p1a: Weezing|Air Balloon
|turn|5
|
|t:|1759050645
|move|p2a: Iron Boulder|Swords Dance|p2a: Iron Boulder
|-boost|p2a: Iron Boulder|atk|2
|move|p1a: Weezing|Defog|p2a: Iron Boulder
|-unboost|p2a: Iron Boulder|evasion|1
|-sideend|p1: Juggperc1|Spikes|[from] move: Defog|[of] p1a: Weezing
|
|upkeep
|turn|6
|
|t:|1759050652
|move|p2a: Iron Boulder|Zen Headbutt|p1a: Weezing
|-supereffective|p1a: Weezing
|-damage|p1a: Weezing|0 fnt
|-enditem|p1a: Weezing|Air Balloon
|faint|p1a: Weezing
|-end|p1a: Weezing|ability: Neutralizing Gas
|
|upkeep
|
|t:|1759050664
|switch|p1a: Zamazenta|Zamazenta|100/100
|-ability|p1a: Zamazenta|Dauntless Shield|boost
|-boost|p1a: Zamazenta|def|1
|turn|7
|
|t:|1759050673
|-terastallize|p2a: Iron Boulder|Flying
|move|p1a: Zamazenta|Close Combat|p2a: Iron Boulder
|-resisted|p2a: Iron Boulder
|-damage|p2a: Iron Boulder|65/100
|-unboost|p1a: Zamazenta|def|1
|-unboost|p1a: Zamazenta|spd|1
|move|p2a: Iron Boulder|Zen Headbutt|p1a: Zamazenta
|-supereffective|p1a: Zamazenta
|-damage|p1a: Zamazenta|0 fnt
|faint|p1a: Zamazenta
|
|upkeep
|
|t:|1759050682
|switch|p1a: Gardevoir|Gardevoir, M|100/100
|turn|8
|
|t:|1759050695
|move|p1a: Gardevoir|Moonblast|p2a: Iron Boulder
|-damage|p2a: Iron Boulder|20/100
|-unboost|p2a: Iron Boulder|spa|1
|move|p2a: Iron Boulder|Mighty Cleave|p1a: Gardevoir
|-damage|p1a: Gardevoir|0 fnt
|faint|p1a: Gardevoir
|
|upkeep
|
|t:|1759050707
|switch|p1a: Gliscor|Gliscor, M|100/100
|turn|9
|
|t:|1759050713
|move|p2a: Iron Boulder|Mighty Cleave|p1a: Gliscor
|-damage|p1a: Gliscor|0 fnt
|faint|p1a: Gliscor
|
|upkeep
|-message|Juggperc1 forfeited.
|
|win|Lakagota
|raw|Juggperc1's rating: 1294 &rarr; <strong>1273</strong><br />(-21 for losing)
|raw|Lakagota's rating: 1349 &rarr; <strong>1366</strong><br />(+17 for winning)
|l|☆Juggperc1
|player|p1|
