|badge|p1|silver|gen9ou|30-6
|html|<div class="broadcast-red"><strong>This battle is required to be public due to one or more player having a season medal.</strong><br />During the public phase, you can discuss the state of the ladder <a href="/seasondiscussion">in a special chatroom.</a></div>
|uhtml|medal-msg|<div class="broadcast-blue">Curious what those medals under the avatar are? PS now has Ladder Seasons! For more information, check out the <a href="https://www.smogon.com/forums/threads/3740067/">thread on Smogon.</a></div>
|badge|p2|silver|gen9ou|30-6
|uhtml|medal-msg|<div class="broadcast-blue">Curious what those medals under the avatar are? PS now has Ladder Seasons! For more information, check out the <a href="https://www.smogon.com/forums/threads/3740067/">thread on Smogon.</a></div>
|raw|<div class="broadcast-blue"><strong>This battle is required to be public due to a player having a name starting with 'medal'.</div>
|j|☆butts99999
|j|☆LT124YH Ghoul
|t:|1758990613
|gametype|singles
|player|p1|butts99999|skierf-gen4dp|1968
|player|p2|LT124YH Ghoul|#wcop2024asia|1926
|gen|9
|tier|[Gen 9] OU
|rated|
|rule|HP Percentage Mod: HP is shown in percentages
|rule|Endless Battle Clause: Forcing endless battles is banned
|rule|Species Clause: Limit one of each Pokémon
|rule|OHKO Clause: OHKO moves are banned
|rule|Evasion Items Clause: Evasion items are banned
|rule|Evasion Moves Clause: Evasion moves are banned
|rule|Evasion Abilities Clause: Evasion abilities are banned
|rule|Sleep Moves Clause: Sleep-inducing moves are banned
|clearpoke
|poke|p1|Kingambit, F|
|poke|p1|Cinderace, F|
|poke|p1|Landorus-Therian, M|
|poke|p1|Iron Valiant|
|poke|p1|Kyurem|
|poke|p1|Slowking-Galar, M|
|poke|p2|Enamorus, F|
|poke|p2|Araquanid, F|
|poke|p2|Gholdengo|
|poke|p2|Iron Valiant|
|poke|p2|Kingambit, M|
|poke|p2|Great Tusk|
|teampreview
|inactive|Battle timer is ON: inactive players will automatically lose when time's up. (requested by LT124YH Ghoul)
|c|☆butts99999|hello again
|c|☆butts99999|hf
|
|t:|1758990629
|teamsize|p1|6
|teamsize|p2|6
|start
|switch|p1a: Mr. Freeze|Kyurem, shiny|100/100
|switch|p2a: Doc Seismic|Araquanid, F, shiny|100/100
|-ability|p1a: Mr. Freeze|Pressure
|turn|1
|c|☆LT124YH Ghoul|hf
|
|t:|1758990636
|move|p1a: Mr. Freeze|Substitute|p1a: Mr. Freeze
|-start|p1a: Mr. Freeze|Substitute
|-damage|p1a: Mr. Freeze|76/100
|move|p2a: Doc Seismic|Sticky Web|p1a: Mr. Freeze
|-sidestart|p1: butts99999|move: Sticky Web
|
|-heal|p1a: Mr. Freeze|82/100|[from] item: Leftovers
|upkeep
|turn|2
|c|☆butts99999|watch that timer
|c|☆butts99999|😅
|c|☆LT124YH Ghoul|lmao
|
|t:|1758990656
|move|p1a: Mr. Freeze|Freeze-Dry|p2a: Doc Seismic
|-supereffective|p2a: Doc Seismic
|-damage|p2a: Doc Seismic|41/100
|move|p2a: Doc Seismic|Liquidation|p1a: Mr. Freeze
|-resisted|p1a: Mr. Freeze
|-end|p1a: Mr. Freeze|Substitute
|
|-heal|p1a: Mr. Freeze|88/100|[from] item: Leftovers
|upkeep
|turn|3
|
|t:|1758990668
|move|p1a: Mr. Freeze|Freeze-Dry|p2a: Doc Seismic
|-supereffective|p2a: Doc Seismic
|-damage|p2a: Doc Seismic|0 fnt
|faint|p2a: Doc Seismic
|
|-heal|p1a: Mr. Freeze|94/100|[from] item: Leftovers
|upkeep
|j| Terrible Tudors
|
|t:|1758990681
|switch|p2a: Conquest|Enamorus, F|100/100
|turn|4
|
|t:|1758990688
|switch|p1a: Chillionaire|Slowking-Galar, M, shiny|100/100
|move|p2a: Conquest|Substitute|p2a: Conquest
|-start|p2a: Conquest|Substitute
|-damage|p2a: Conquest|76/100
|
|-heal|p2a: Conquest|82/100|[from] item: Leftovers
|upkeep
|turn|5
|
|t:|1758990699
|-terastallize|p2a: Conquest|Ghost
|move|p2a: Conquest|Superpower|p1a: Chillionaire
|-resisted|p1a: Chillionaire
|-damage|p1a: Chillionaire|91/100
|-boost|p2a: Conquest|atk|1
|-boost|p2a: Conquest|def|1
|move|p1a: Chillionaire|Sludge Bomb|p2a: Conquest
|-resisted|p2a: Conquest
|-end|p2a: Conquest|Substitute
|
|-heal|p2a: Conquest|88/100|[from] item: Leftovers
|upkeep
|turn|6
|j| FaronAan
|
|t:|1758990714
|switch|p1a: Kristine|Cinderace, F, shiny|100/100
|move|p2a: Conquest|Substitute|p2a: Conquest
|-start|p2a: Conquest|Substitute
|-damage|p2a: Conquest|63/100
|
|-heal|p2a: Conquest|69/100|[from] item: Leftovers
|upkeep
|turn|7
|
|t:|1758990720
|move|p1a: Kristine|Court Change|p1a: Kristine
|-swapsideconditions
|-activate|p1a: Kristine|move: Court Change
|move|p2a: Conquest|Superpower|p1a: Kristine
|-damage|p1a: Kristine|22/100
|-boost|p2a: Conquest|atk|1
|-boost|p2a: Conquest|def|1
|
|-heal|p2a: Conquest|76/100|[from] item: Leftovers
|upkeep
|turn|8
|j| wierdhamster alltr
|
|t:|1758990733
|move|p1a: Kristine|Pyro Ball|p2a: Conquest
|-end|p2a: Conquest|Substitute
|move|p2a: Conquest|Moonblast|p1a: Kristine
|-resisted|p1a: Kristine
|-damage|p1a: Kristine|0 fnt
|faint|p1a: Kristine
|
|-heal|p2a: Conquest|82/100|[from] item: Leftovers
|upkeep
|inactive|butts99999 has 120 seconds left.
|j| Trishan007
|
|t:|1758990791
|switch|p1a: WALL-Y|Iron Valiant|100/100
|-enditem|p1a: WALL-Y|Booster Energy
|-activate|p1a: WALL-Y|ability: Quark Drive|[fromitem]
|-start|p1a: WALL-Y|quarkdrivespe
|turn|9
|
|t:|1758990797
|-terastallize|p1a: WALL-Y|Ghost
|move|p1a: WALL-Y|Shadow Ball|p2a: Conquest
|-supereffective|p2a: Conquest
|-damage|p2a: Conquest|0 fnt
|faint|p2a: Conquest
|
|upkeep
|j| wgw2333
|
|t:|1758990814
|switch|p2a: Robot|Gholdengo|100/100
|-activate|p2a: Robot|move: Sticky Web
|-unboost|p2a: Robot|spe|1
|turn|10
|
|t:|1758990831
|-end|p1a: WALL-Y|Quark Drive|[silent]
|switch|p1a: Daenerys|Kingambit, F|100/100
|-activate|p1a: Daenerys|ability: Supreme Overlord
|-start|p1a: Daenerys|fallen1|[silent]
|move|p2a: Robot|Shadow Ball|p1a: Daenerys
|-resisted|p1a: Daenerys
|-damage|p1a: Daenerys|81/100
|-unboost|p1a: Daenerys|spd|1
|
|-heal|p1a: Daenerys|87/100|[from] item: Leftovers
|upkeep
|turn|11
|
|t:|1758990847
|switch|p2a: Invincible|Great Tusk|100/100
|-activate|p2a: Invincible|move: Sticky Web
|-unboost|p2a: Invincible|spe|1
|-enditem|p2a: Invincible|Booster Energy
|-activate|p2a: Invincible|ability: Protosynthesis|[fromitem]
|-start|p2a: Invincible|protosynthesisatk
|move|p1a: Daenerys|Sucker Punch||[still]
|-fail|p1a: Daenerys
|
|-heal|p1a: Daenerys|94/100|[from] item: Leftovers
|upkeep
|turn|12
|inactive|butts99999 has 90 seconds left.
|
|t:|1758990874
|-end|p1a: Daenerys|fallen1|[silent]
|switch|p1a: Homelandor|Landorus-Therian, M, shiny|100/100
|-ability|p1a: Homelandor|Intimidate|boost
|-unboost|p2a: Invincible|atk|1
|move|p2a: Invincible|Knock Off|p1a: Homelandor
|-damage|p1a: Homelandor|80/100
|-damage|p2a: Invincible|84/100|[from] item: Rocky Helmet|[of] p1a: Homelandor
|-enditem|p1a: Homelandor|Rocky Helmet|[from] move: Knock Off|[of] p2a: Invincible
|
|upkeep
|turn|13
|
|t:|1758990884
|move|p1a: Homelandor|U-turn|p2a: Invincible
|-resisted|p2a: Invincible
|-damage|p2a: Invincible|77/100
|
|t:|1758990887
|switch|p1a: WALL-Y|Iron Valiant, tera:Ghost|100/100|[from] U-turn
|move|p2a: Invincible|Knock Off|p1a: WALL-Y
|-supereffective|p1a: WALL-Y
|-damage|p1a: WALL-Y|60/100
|
|upkeep
|turn|14
|inactive|butts99999 has 90 seconds left.
|
|t:|1758990898
|-end|p2a: Invincible|Protosynthesis|[silent]
|switch|p2a: Robot|Gholdengo|100/100
|-activate|p2a: Robot|move: Sticky Web
|-unboost|p2a: Robot|spe|1
|move|p1a: WALL-Y|Moonblast|p2a: Robot
|-resisted|p2a: Robot
|-damage|p2a: Robot|76/100
|
|upkeep
|turn|15
|inactive|butts99999 has 90 seconds left.
|
|t:|1758990929
|move|p1a: WALL-Y|Shadow Ball|p2a: Robot
|-supereffective|p2a: Robot
|-damage|p2a: Robot|0 fnt
|faint|p2a: Robot
|
|upkeep
|
|t:|1758990953
|switch|p2a: Omni-Man|Kingambit, M|100/100
|-activate|p2a: Omni-Man|ability: Supreme Overlord
|-start|p2a: Omni-Man|fallen3|[silent]
|-item|p2a: Omni-Man|Air Balloon
|turn|16
|
|t:|1758990963
|move|p1a: WALL-Y|Moonblast|p2a: Omni-Man
|-damage|p2a: Omni-Man|45/100
|-enditem|p2a: Omni-Man|Air Balloon
|move|p2a: Omni-Man|Iron Head|p1a: WALL-Y
|-damage|p1a: WALL-Y|0 fnt
|faint|p1a: WALL-Y
|-end|p1a: WALL-Y|Quark Drive|[silent]
|
|upkeep
|
|t:|1758990972
|switch|p1a: Mr. Freeze|Kyurem, shiny|94/100
|-ability|p1a: Mr. Freeze|Pressure
|turn|17
|
|t:|1758990983
|move|p1a: Mr. Freeze|Earth Power|p2a: Omni-Man
|-supereffective|p2a: Omni-Man
|-damage|p2a: Omni-Man|0 fnt
|faint|p2a: Omni-Man
|-end|p2a: Omni-Man|fallen3|[silent]
|
|-heal|p1a: Mr. Freeze|99/100|[from] item: Leftovers
|upkeep
|
|t:|1758990985
|switch|p2a: Atom Eve|Iron Valiant|100/100
|-activate|p2a: Atom Eve|move: Sticky Web
|-unboost|p2a: Atom Eve|spe|1
|-enditem|p2a: Atom Eve|Booster Energy
|-activate|p2a: Atom Eve|ability: Quark Drive|[fromitem]
|-start|p2a: Atom Eve|quarkdrivespa
|turn|18
|c|☆LT124YH Ghoul|gg
|-message|LT124YH Ghoul forfeited.
|
|win|butts99999
|raw|butts99999's rating: 1968 &rarr; <strong>1986</strong><br />(+18 for winning)
|raw|LT124YH Ghoul's rating: 1926 &rarr; <strong>1908</strong><br />(-18 for losing)
|l|☆LT124YH Ghoul
|player|p2|
|c|☆butts99999|gg
|l| Trishan007
|l| wierdhamster alltr
|l| FaronAan
|l|☆butts99999
|player|p1|
|l| wgw2333
