|j|☆zippah2
|j|☆NovaUmbra
|t:|1758945585
|gametype|singles
|player|p1|zippah2|veteran-gen4|1226
|player|p2|NovaUmbra|lucas|1202
|gen|9
|tier|[Gen 9] OU
|rated|
|rule|HP Percentage Mod: HP is shown in percentages
|rule|Endless Battle Clause: Forcing endless battles is banned
|rule|Species Clause: Limit one of each Pokémon
|rule|OHKO Clause: OHKO moves are banned
|rule|Evasion Items Clause: Evasion items are banned
|rule|Evasion Moves Clause: Evasion moves are banned
|rule|Evasion Abilities Clause: Evasion abilities are banned
|rule|Sleep Moves Clause: Sleep-inducing moves are banned
|clearpoke
|poke|p1|Sinistcha|
|poke|p1|Tinkaton, F|
|poke|p1|Ting-Lu|
|poke|p1|Keldeo|
|poke|p1|Dragonite, F|
|poke|p1|Gliscor, M|
|poke|p2|Torkoal, M|
|poke|p2|Hatterene, F|
|poke|p2|Raging Bolt|
|poke|p2|Slither Wing|
|poke|p2|Venusaur, F|
|poke|p2|Walking Wake|
|teampreview
|
|t:|1758945605
|teamsize|p1|6
|teamsize|p2|6
|start
|switch|p1a: Tinkaton|Tinkaton, F|100/100
|switch|p2a: Torkoal|Torkoal, M|100/100
|-ability|p1a: Tinkaton|Mold Breaker
|-item|p1a: Tinkaton|Air Balloon
|-weather|SunnyDay|[from] ability: Drought|[of] p2a: Torkoal
|turn|1
|
|t:|1758945639
|switch|p1a: Ting-Lu|Ting-Lu|100/100
|-ability|p1a: Ting-Lu|Vessel of Ruin
|move|p2a: Torkoal|Eruption|p1a: Ting-Lu
|-damage|p1a: Ting-Lu|57/100
|
|-weather|SunnyDay|[upkeep]
|-heal|p1a: Ting-Lu|63/100|[from] item: Leftovers
|upkeep
|turn|2
|
|t:|1758945656
|-terastallize|p2a: Torkoal|Ground
|move|p1a: Ting-Lu|Ruination|p2a: Torkoal
|-damage|p2a: Torkoal|51/100
|move|p2a: Torkoal|Stealth Rock|p1a: Ting-Lu
|-sidestart|p1: zippah2|move: Stealth Rock
|
|-weather|SunnyDay|[upkeep]
|-heal|p1a: Ting-Lu|69/100|[from] item: Leftovers
|upkeep
|turn|3
|
|t:|1758945670
|move|p1a: Ting-Lu|Spikes|p2a: Torkoal
|-sidestart|p2: NovaUmbra|Spikes
|move|p2a: Torkoal|Earthquake|p1a: Ting-Lu
|-damage|p1a: Ting-Lu|54/100
|
|-weather|SunnyDay|[upkeep]
|-heal|p1a: Ting-Lu|60/100|[from] item: Leftovers
|upkeep
|turn|4
|
|t:|1758945682
|switch|p2a: Walking Wake|Walking Wake|100/100
|-damage|p2a: Walking Wake|88/100|[from] Spikes
|-activate|p2a: Walking Wake|ability: Protosynthesis
|-start|p2a: Walking Wake|protosynthesisspe
|move|p1a: Ting-Lu|Spikes|p2a: Walking Wake
|-sidestart|p2: NovaUmbra|Spikes
|
|-weather|SunnyDay|[upkeep]
|-heal|p1a: Ting-Lu|66/100|[from] item: Leftovers
|upkeep
|turn|5
|
|t:|1758945720
|switch|p1a: Tinkaton|Tinkaton, F|100/100
|-damage|p1a: Tinkaton|94/100|[from] Stealth Rock
|-ability|p1a: Tinkaton|Mold Breaker
|-item|p1a: Tinkaton|Air Balloon
|move|p2a: Walking Wake|Hydro Steam|p1a: Tinkaton
|-damage|p1a: Tinkaton|40/100
|-enditem|p1a: Tinkaton|Air Balloon
|
|-weather|SunnyDay|[upkeep]
|upkeep
|turn|6
|
|t:|1758945742
|switch|p1a: Dragonite|Dragonite, F|100/100
|move|p2a: Walking Wake|Weather Ball|p1a: Dragonite
|-resisted|p1a: Dragonite
|-damage|p1a: Dragonite|88/100
|
|-weather|SunnyDay|[upkeep]
|upkeep
|turn|7
|
|t:|1758945756
|move|p2a: Walking Wake|Hydro Steam|p1a: Dragonite
|-resisted|p1a: Dragonite
|-damage|p1a: Dragonite|56/100
|move|p1a: Dragonite|Dragon Tail|p2a: Walking Wake
|-supereffective|p2a: Walking Wake
|-damage|p2a: Walking Wake|17/100
|-end|p2a: Walking Wake|Protosynthesis|[silent]
|drag|p2a: Raging Bolt|Raging Bolt|100/100
|-damage|p2a: Raging Bolt|84/100|[from] Spikes
|-activate|p2a: Raging Bolt|ability: Protosynthesis
|-start|p2a: Raging Bolt|protosynthesisspa
|
|-weather|SunnyDay|[upkeep]
|upkeep
|turn|8
|
|t:|1758945775
|switch|p1a: Ting-Lu|Ting-Lu|66/100
|-damage|p1a: Ting-Lu|60/100|[from] Stealth Rock
|-ability|p1a: Ting-Lu|Vessel of Ruin
|move|p2a: Raging Bolt|Thunderclap||[still]
|-fail|p2a: Raging Bolt
|
|-weather|none
|-end|p2a: Raging Bolt|Protosynthesis
|-heal|p1a: Ting-Lu|66/100|[from] item: Leftovers
|upkeep
|turn|9
|
|t:|1758945791
|-end|p2a: Raging Bolt|Protosynthesis|[silent]
|switch|p2a: Torkoal|Torkoal, M, tera:Ground|51/100
|-damage|p2a: Torkoal|34/100|[from] Spikes
|-weather|SunnyDay|[from] ability: Drought|[of] p2a: Torkoal
|move|p1a: Ting-Lu|Earthquake|p2a: Torkoal
|-damage|p2a: Torkoal|2/100
|
|-weather|SunnyDay|[upkeep]
|-heal|p1a: Ting-Lu|72/100|[from] item: Leftovers
|upkeep
|turn|10
|
|t:|1758945811
|switch|p2a: Venusaur|Venusaur, F|100/100
|-damage|p2a: Venusaur|84/100|[from] Spikes
|move|p1a: Ting-Lu|Spikes|p2a: Venusaur
|-sidestart|p2: NovaUmbra|Spikes
|
|-weather|SunnyDay|[upkeep]
|-heal|p1a: Ting-Lu|79/100|[from] item: Leftovers
|upkeep
|turn|11
|
|t:|1758945840
|switch|p1a: Gliscor|Gliscor, M|100/100
|-damage|p1a: Gliscor|88/100|[from] Stealth Rock
|move|p2a: Venusaur|Growth|p2a: Venusaur
|-boost|p2a: Venusaur|atk|2
|-boost|p2a: Venusaur|spa|2
|
|-weather|SunnyDay|[upkeep]
|-status|p1a: Gliscor|tox|[from] item: Toxic Orb
|upkeep
|turn|12
|
|t:|1758945862
|move|p2a: Venusaur|Giga Drain|p1a: Gliscor
|-damage|p1a: Gliscor|0 fnt
|-heal|p2a: Venusaur|100/100|[from] drain|[of] p1a: Gliscor
|faint|p1a: Gliscor
|-damage|p2a: Venusaur|91/100|[from] item: Life Orb
|
|-weather|SunnyDay|[upkeep]
|upkeep
|
|t:|1758945879
|switch|p1a: Sinistcha|Sinistcha|100/100
|turn|13
|
|t:|1758945901
|switch|p1a: Tinkaton|Tinkaton, F|40/100
|-damage|p1a: Tinkaton|34/100|[from] Stealth Rock
|-ability|p1a: Tinkaton|Mold Breaker
|move|p2a: Venusaur|Weather Ball|p1a: Tinkaton
|-supereffective|p1a: Tinkaton
|-damage|p1a: Tinkaton|0 fnt
|faint|p1a: Tinkaton
|-damage|p2a: Venusaur|81/100|[from] item: Life Orb
|
|-weather|SunnyDay|[upkeep]
|upkeep
|
|t:|1758945913
|switch|p1a: Sinistcha|Sinistcha|100/100
|turn|14
|
|t:|1758945921
|move|p2a: Venusaur|Weather Ball|p1a: Sinistcha
|-supereffective|p1a: Sinistcha
|-damage|p1a: Sinistcha|0 fnt
|faint|p1a: Sinistcha
|-damage|p2a: Venusaur|71/100|[from] item: Life Orb
|
|-weather|SunnyDay|[upkeep]
|upkeep
|
|t:|1758945933
|switch|p1a: Dragonite|Dragonite, F|56/100
|turn|15
|
|t:|1758945948
|switch|p2a: Raging Bolt|Raging Bolt|84/100
|-damage|p2a: Raging Bolt|59/100|[from] Spikes
|-activate|p2a: Raging Bolt|ability: Protosynthesis
|-start|p2a: Raging Bolt|protosynthesisspa
|-terastallize|p1a: Dragonite|Normal
|move|p1a: Dragonite|Extreme Speed|p2a: Raging Bolt
|-damage|p2a: Raging Bolt|18/100
|
|-weather|SunnyDay|[upkeep]
|upkeep
|turn|16
|
|t:|1758945981
|move|p2a: Raging Bolt|Thunderclap||[still]
|-fail|p2a: Raging Bolt
|move|p1a: Dragonite|Roost|p1a: Dragonite
|-heal|p1a: Dragonite|100/100
|
|-weather|none
|-end|p2a: Raging Bolt|Protosynthesis
|upkeep
|turn|17
|
|t:|1758945988
|move|p2a: Raging Bolt|Thunderclap|p1a: Dragonite
|-damage|p1a: Dragonite|78/100
|-damage|p2a: Raging Bolt|8/100|[from] item: Life Orb
|move|p1a: Dragonite|Dragon Tail|p2a: Raging Bolt
|-supereffective|p2a: Raging Bolt
|-damage|p2a: Raging Bolt|0 fnt
|faint|p2a: Raging Bolt
|-end|p2a: Raging Bolt|Protosynthesis|[silent]
|
|upkeep
|
|t:|1758945997
|switch|p2a: Torkoal|Torkoal, M, tera:Ground|2/100
|-damage|p2a: Torkoal|0 fnt|[from] Spikes
|faint|p2a: Torkoal
|
|t:|1758946029
|switch|p2a: Slither Wing|Slither Wing|100/100
|-damage|p2a: Slither Wing|76/100|[from] Spikes
|turn|18
|
|t:|1758946054
|switch|p1a: Keldeo|Keldeo|100/100
|move|p2a: Slither Wing|First Impression|p1a: Keldeo
|-resisted|p1a: Keldeo
|-damage|p1a: Keldeo|70/100
|
|upkeep
|turn|19
|
|t:|1758946089
|move|p1a: Keldeo|Aura Sphere|p2a: Slither Wing
|-resisted|p2a: Slither Wing
|-damage|p2a: Slither Wing|62/100
|move|p2a: Slither Wing|Zen Headbutt|p1a: Keldeo
|-supereffective|p1a: Keldeo
|-damage|p1a: Keldeo|0 fnt
|faint|p1a: Keldeo
|
|upkeep
|
|t:|1758946111
|switch|p1a: Dragonite|Dragonite, F, tera:Normal|78/100
|turn|20
|
|t:|1758946119
|move|p1a: Dragonite|Extreme Speed|p2a: Slither Wing
|-damage|p2a: Slither Wing|0 fnt
|faint|p2a: Slither Wing
|-end|p2a: Slither Wing|Protosynthesis|[silent]
|
|upkeep
|
|t:|1758946132
|switch|p2a: Venusaur|Venusaur, F|71/100
|-damage|p2a: Venusaur|46/100|[from] Spikes
|turn|21
|
|t:|1758946139
|move|p1a: Dragonite|Extreme Speed|p2a: Venusaur
|-damage|p2a: Venusaur|0 fnt
|faint|p2a: Venusaur
|
|upkeep
|-message|NovaUmbra forfeited.
|
|win|zippah2
|raw|zippah2's rating: 1226 &rarr; <strong>1249</strong><br />(+23 for winning)
|raw|NovaUmbra's rating: 1202 &rarr; <strong>1179</strong><br />(-23 for losing)
|l|☆NovaUmbra
|player|p2|
|l|☆zippah2
|player|p1|
