|j|☆Phanthom_Ex4
|j|☆lovelymoa
|t:|1758981791
|gametype|singles
|player|p1|Phanthom_Ex4|burglar|1361
|player|p2|lovelymoa|265|1368
|gen|9
|tier|[Gen 9] OU
|rated|
|rule|HP Percentage Mod: HP is shown in percentages
|rule|Endless Battle Clause: Forcing endless battles is banned
|rule|Species Clause: Limit one of each Pokémon
|rule|OHKO Clause: OHKO moves are banned
|rule|Evasion Items Clause: Evasion items are banned
|rule|Evasion Moves Clause: Evasion moves are banned
|rule|Evasion Abilities Clause: Evasion abilities are banned
|rule|Sleep Moves Clause: Sleep-inducing moves are banned
|clearpoke
|poke|p1|Cinderace, F|
|poke|p1|Garganacl, M|
|poke|p1|Gardevoir, F|
|poke|p1|Mandibuzz, F|
|poke|p1|Froslass, F|
|poke|p1|Clodsire, M|
|poke|p2|Serperior, M|
|poke|p2|Iron Treads|
|poke|p2|Moltres|
|poke|p2|Garganacl, M|
|poke|p2|Gholdengo|
|poke|p2|Ting-Lu|
|teampreview
|inactive|Battle timer is ON: inactive players will automatically lose when time's up. (requested by Phanthom_Ex4)
|
|t:|1758981804
|teamsize|p1|6
|teamsize|p2|6
|start
|switch|p1a: Yotsuba|Cinderace, F|100/100
|switch|p2a: Ting-Lu|Ting-Lu|100/100
|-ability|p2a: Ting-Lu|Vessel of Ruin
|turn|1
|
|t:|1758981813
|-terastallize|p2a: Ting-Lu|Ghost
|move|p1a: Yotsuba|U-turn|p2a: Ting-Lu
|-start|p1a: Yotsuba|typechange|Bug|[from] ability: Libero
|-resisted|p2a: Ting-Lu
|-damage|p2a: Ting-Lu|93/100
|
|t:|1758981822
|switch|p1a: Emilia|Froslass, F|100/100|[from] U-turn
|move|p2a: Ting-Lu|Stealth Rock|p1a: Emilia
|-sidestart|p1: Phanthom_Ex4|move: Stealth Rock
|
|-heal|p2a: Ting-Lu|99/100|[from] item: Leftovers
|upkeep
|turn|2
|
|t:|1758981837
|move|p1a: Emilia|Taunt|p2a: Ting-Lu
|-start|p2a: Ting-Lu|move: Taunt
|move|p2a: Ting-Lu|Throat Chop|p1a: Emilia
|-supereffective|p1a: Emilia
|-damage|p1a: Emilia|10/100
|-start|p1a: Emilia|Throat Chop|[silent]
|-start|p2a: Ting-Lu|Disable|Throat Chop|[from] ability: Cursed Body|[of] p1a: Emilia
|
|-heal|p2a: Ting-Lu|100/100|[from] item: Leftovers
|upkeep
|turn|3
|
|t:|1758981847
|switch|p1a: Yotsuba|Cinderace, F|100/100
|switch|p2a: Garganacl|Garganacl, M|100/100
|
|upkeep
|turn|4
|
|t:|1758981853
|move|p1a: Yotsuba|Court Change|p1a: Yotsuba
|-start|p1a: Yotsuba|typechange|Normal|[from] ability: Libero
|-swapsideconditions
|-activate|p1a: Yotsuba|move: Court Change
|move|p2a: Garganacl|Salt Cure|p1a: Yotsuba
|-damage|p1a: Yotsuba|80/100
|-start|p1a: Yotsuba|Salt Cure
|
|-damage|p1a: Yotsuba|67/100|[from] Salt Cure
|upkeep
|turn|5
|
|t:|1758981861
|move|p1a: Yotsuba|U-turn|p2a: Garganacl
|-damage|p2a: Garganacl|88/100
|
|t:|1758981864
|switch|p1a: Astolfo|Gardevoir, F|100/100|[from] U-turn
|-ability|p1a: Astolfo|Purifying Salt|Trace|[from] ability: Trace|[of] p2a: Garganacl
|move|p2a: Garganacl|Stealth Rock|p1a: Astolfo
|-sidestart|p1: Phanthom_Ex4|move: Stealth Rock
|
|-heal|p2a: Garganacl|95/100|[from] item: Leftovers
|upkeep
|turn|6
|
|t:|1758981879
|switch|p2a: Gholdengo|Gholdengo|100/100
|-damage|p2a: Gholdengo|94/100|[from] Stealth Rock
|-item|p2a: Gholdengo|Air Balloon
|move|p1a: Astolfo|Moonblast|p2a: Gholdengo
|-resisted|p2a: Gholdengo
|-damage|p2a: Gholdengo|77/100
|-enditem|p2a: Gholdengo|Air Balloon
|
|upkeep
|turn|7
|
|t:|1758981891
|switch|p1a: Chocolate Wall|Clodsire, M|100/100
|-damage|p1a: Chocolate Wall|94/100|[from] Stealth Rock
|move|p2a: Gholdengo|Thunder Wave|p1a: Chocolate Wall
|-immune|p1a: Chocolate Wall
|
|-heal|p1a: Chocolate Wall|100/100|[from] item: Black Sludge
|upkeep
|turn|8
|
|t:|1758981903
|switch|p2a: Iron Treads|Iron Treads|100/100
|-damage|p2a: Iron Treads|97/100|[from] Stealth Rock
|-item|p2a: Iron Treads|Air Balloon
|switch|p1a: Corviknight Alter|Mandibuzz, F|100/100
|-damage|p1a: Corviknight Alter|76/100|[from] Stealth Rock
|
|upkeep
|turn|9
|
|t:|1758981913
|move|p2a: Iron Treads|Ice Spinner|p1a: Corviknight Alter
|-supereffective|p1a: Corviknight Alter
|-damage|p1a: Corviknight Alter|45/100
|-damage|p2a: Iron Treads|81/100|[from] item: Rocky Helmet|[of] p1a: Corviknight Alter
|move|p1a: Corviknight Alter|Defog|p2a: Iron Treads
|-unboost|p2a: Iron Treads|evasion|1
|-sideend|p2: lovelymoa|Stealth Rock|[from] move: Defog|[of] p1a: Corviknight Alter
|-sideend|p1: Phanthom_Ex4|Stealth Rock|[from] move: Defog|[of] p1a: Corviknight Alter
|
|upkeep
|turn|10
|
|t:|1758981921
|move|p2a: Iron Treads|Supercell Slam|p1a: Corviknight Alter
|-supereffective|p1a: Corviknight Alter
|-damage|p1a: Corviknight Alter|7/100
|-damage|p2a: Iron Treads|64/100|[from] item: Rocky Helmet|[of] p1a: Corviknight Alter
|move|p1a: Corviknight Alter|Roost|p1a: Corviknight Alter
|-heal|p1a: Corviknight Alter|57/100
|-singleturn|p1a: Corviknight Alter|move: Roost
|
|upkeep
|turn|11
|
|t:|1758981939
|-end|p2a: Iron Treads|Quark Drive|[silent]
|switch|p2a: Serperior|Serperior, M|100/100
|move|p1a: Corviknight Alter|Roost|p1a: Corviknight Alter
|-heal|p1a: Corviknight Alter|100/100
|-singleturn|p1a: Corviknight Alter|move: Roost
|
|upkeep
|turn|12
|
|t:|1758981947
|switch|p1a: Yotsuba|Cinderace, F|67/100
|move|p2a: Serperior|Glare|p1a: Yotsuba
|-status|p1a: Yotsuba|par
|
|upkeep
|turn|13
|
|t:|1758981955
|switch|p2a: Ting-Lu|Ting-Lu, tera:Ghost|100/100
|-ability|p2a: Ting-Lu|Vessel of Ruin
|move|p1a: Yotsuba|Pyro Ball|p2a: Ting-Lu
|-damage|p2a: Ting-Lu|77/100
|
|-heal|p2a: Ting-Lu|83/100|[from] item: Leftovers
|upkeep
|turn|14
|
|t:|1758981964
|cant|p1a: Yotsuba|par
|move|p2a: Ting-Lu|Stealth Rock|p1a: Yotsuba
|-sidestart|p1: Phanthom_Ex4|move: Stealth Rock
|
|-heal|p2a: Ting-Lu|90/100|[from] item: Leftovers
|upkeep
|turn|15
|
|t:|1758981971
|cant|p1a: Yotsuba|par
|move|p2a: Ting-Lu|Whirlwind|p1a: Yotsuba
|drag|p1a: Astolfo|Gardevoir, F|100/100
|-damage|p1a: Astolfo|88/100|[from] Stealth Rock
|-ability|p1a: Astolfo|Vessel of Ruin|Trace|[from] ability: Trace|[of] p2a: Ting-Lu
|-ability|p1a: Astolfo|Vessel of Ruin
|
|-heal|p2a: Ting-Lu|96/100|[from] item: Leftovers
|upkeep
|turn|16
|
|t:|1758981989
|switch|p1a: Yotsuba|Cinderace, F|67/100 par
|move|p2a: Ting-Lu|Spikes|p1a: Yotsuba
|-sidestart|p1: Phanthom_Ex4|Spikes
|
|-heal|p2a: Ting-Lu|100/100|[from] item: Leftovers
|upkeep
|turn|17
|
|t:|1758981996
|move|p1a: Yotsuba|Court Change|p1a: Yotsuba
|-start|p1a: Yotsuba|typechange|Normal|[from] ability: Libero
|-swapsideconditions
|-activate|p1a: Yotsuba|move: Court Change
|move|p2a: Ting-Lu|Whirlwind|p1a: Yotsuba
|drag|p1a: Chocolate Wall|Clodsire, M|100/100
|
|upkeep
|turn|18
|
|t:|1758982005
|move|p2a: Ting-Lu|Stealth Rock|p1a: Chocolate Wall
|-sidestart|p1: Phanthom_Ex4|move: Stealth Rock
|move|p1a: Chocolate Wall|Toxic|p2a: Ting-Lu
|-status|p2a: Ting-Lu|tox
|
|-damage|p2a: Ting-Lu|94/100 tox|[from] psn
|upkeep
|turn|19
|
|t:|1758982011
|switch|p1a: Maicra|Garganacl, M|100/100
|-damage|p1a: Maicra|88/100|[from] Stealth Rock
|move|p2a: Ting-Lu|Spikes|p1a: Maicra
|-sidestart|p1: Phanthom_Ex4|Spikes
|
|-heal|p2a: Ting-Lu|100/100 tox|[from] item: Leftovers
|-heal|p1a: Maicra|94/100|[from] item: Leftovers
|-damage|p2a: Ting-Lu|88/100 tox|[from] psn
|upkeep
|turn|20
|
|t:|1758982020
|move|p1a: Maicra|Salt Cure|p2a: Ting-Lu
|-damage|p2a: Ting-Lu|83/100 tox
|-start|p2a: Ting-Lu|Salt Cure
|move|p2a: Ting-Lu|Whirlwind|p1a: Maicra
|drag|p1a: Chocolate Wall|Clodsire, M|100/100
|-damage|p1a: Chocolate Wall|94/100|[from] Stealth Rock
|-damage|p1a: Chocolate Wall|82/100|[from] Spikes
|
|-heal|p2a: Ting-Lu|89/100 tox|[from] item: Leftovers
|-heal|p1a: Chocolate Wall|88/100|[from] item: Black Sludge
|-damage|p2a: Ting-Lu|70/100 tox|[from] psn
|-damage|p2a: Ting-Lu|58/100 tox|[from] Salt Cure
|upkeep
|turn|21
|
|t:|1758982038
|switch|p1a: Corviknight Alter|Mandibuzz, F|100/100
|-damage|p1a: Corviknight Alter|76/100|[from] Stealth Rock
|move|p2a: Ting-Lu|Whirlwind|p1a: Corviknight Alter
|drag|p1a: Chocolate Wall|Clodsire, M|88/100
|-damage|p1a: Chocolate Wall|82/100|[from] Stealth Rock
|-damage|p1a: Chocolate Wall|69/100|[from] Spikes
|
|-heal|p2a: Ting-Lu|64/100 tox|[from] item: Leftovers
|-heal|p1a: Chocolate Wall|75/100|[from] item: Black Sludge
|-damage|p2a: Ting-Lu|39/100 tox|[from] psn
|-damage|p2a: Ting-Lu|27/100 tox|[from] Salt Cure
|upkeep
|turn|22
|
|t:|1758982051
|move|p1a: Chocolate Wall|Recover|p1a: Chocolate Wall
|-heal|p1a: Chocolate Wall|100/100
|move|p2a: Ting-Lu|Whirlwind|p1a: Chocolate Wall
|drag|p1a: Corviknight Alter|Mandibuzz, F|76/100
|-damage|p1a: Corviknight Alter|51/100|[from] Stealth Rock
|
|-heal|p2a: Ting-Lu|33/100 tox|[from] item: Leftovers
|-damage|p2a: Ting-Lu|2/100 tox|[from] psn
|-damage|p2a: Ting-Lu|0 fnt|[from] Salt Cure
|faint|p2a: Ting-Lu
|upkeep
|
|t:|1758982065
|switch|p2a: Garganacl|Garganacl, M|95/100
|-damage|p2a: Garganacl|82/100|[from] Stealth Rock
|-damage|p2a: Garganacl|70/100|[from] Spikes
|turn|23
|
|t:|1758982072
|move|p1a: Corviknight Alter|Knock Off|p2a: Garganacl
|-damage|p2a: Garganacl|57/100
|-enditem|p2a: Garganacl|Leftovers|[from] move: Knock Off|[of] p1a: Corviknight Alter
|move|p2a: Garganacl|Salt Cure|p1a: Corviknight Alter
|-supereffective|p1a: Corviknight Alter
|-damage|p1a: Corviknight Alter|34/100
|-start|p1a: Corviknight Alter|Salt Cure
|
|-damage|p1a: Corviknight Alter|22/100|[from] Salt Cure
|upkeep
|turn|24
|
|t:|1758982082
|move|p1a: Corviknight Alter|Roost|p1a: Corviknight Alter
|-heal|p1a: Corviknight Alter|72/100
|-singleturn|p1a: Corviknight Alter|move: Roost
|move|p2a: Garganacl|Salt Cure|p1a: Corviknight Alter
|-damage|p1a: Corviknight Alter|63/100
|
|-damage|p1a: Corviknight Alter|51/100|[from] Salt Cure
|upkeep
|turn|25
|
|t:|1758982092
|move|p1a: Corviknight Alter|Knock Off|p2a: Garganacl
|-damage|p2a: Garganacl|49/100
|move|p2a: Garganacl|Recover|p2a: Garganacl
|-heal|p2a: Garganacl|99/100
|
|-damage|p1a: Corviknight Alter|39/100|[from] Salt Cure
|upkeep
|turn|26
|
|t:|1758982099
|move|p1a: Corviknight Alter|Roost|p1a: Corviknight Alter
|-heal|p1a: Corviknight Alter|89/100
|-singleturn|p1a: Corviknight Alter|move: Roost
|move|p2a: Garganacl|Salt Cure|p1a: Corviknight Alter
|-damage|p1a: Corviknight Alter|81/100
|
|-damage|p1a: Corviknight Alter|69/100|[from] Salt Cure
|upkeep
|turn|27
|
|t:|1758982119
|move|p1a: Corviknight Alter|Knock Off|p2a: Garganacl
|-damage|p2a: Garganacl|90/100
|move|p2a: Garganacl|Salt Cure|p1a: Corviknight Alter
|-supereffective|p1a: Corviknight Alter
|-damage|p1a: Corviknight Alter|54/100
|
|-damage|p1a: Corviknight Alter|42/100|[from] Salt Cure
|upkeep
|turn|28
|
|t:|1758982126
|move|p1a: Corviknight Alter|Roost|p1a: Corviknight Alter
|-heal|p1a: Corviknight Alter|92/100
|-singleturn|p1a: Corviknight Alter|move: Roost
|move|p2a: Garganacl|Salt Cure|p1a: Corviknight Alter
|-damage|p1a: Corviknight Alter|84/100
|
|-damage|p1a: Corviknight Alter|72/100|[from] Salt Cure
|upkeep
|turn|29
|
|t:|1758982135
|move|p1a: Corviknight Alter|Defog|p2a: Garganacl
|-unboost|p2a: Garganacl|evasion|1
|-sideend|p2: lovelymoa|Spikes|[from] move: Defog|[of] p1a: Corviknight Alter
|-sideend|p2: lovelymoa|Stealth Rock|[from] move: Defog|[of] p1a: Corviknight Alter
|-sideend|p1: Phanthom_Ex4|Spikes|[from] move: Defog|[of] p1a: Corviknight Alter
|-sideend|p1: Phanthom_Ex4|Stealth Rock|[from] move: Defog|[of] p1a: Corviknight Alter
|move|p2a: Garganacl|Salt Cure|p1a: Corviknight Alter
|-supereffective|p1a: Corviknight Alter
|-damage|p1a: Corviknight Alter|56/100
|
|-damage|p1a: Corviknight Alter|44/100|[from] Salt Cure
|upkeep
|turn|30
|
|t:|1758982146
|switch|p1a: Emilia|Froslass, F|10/100
|move|p2a: Garganacl|Stealth Rock|p1a: Emilia
|-sidestart|p1: Phanthom_Ex4|move: Stealth Rock
|
|upkeep
|turn|31
|
|t:|1758982154
|move|p1a: Emilia|Destiny Bond|p1a: Emilia
|-singlemove|p1a: Emilia|Destiny Bond
|move|p2a: Garganacl|Salt Cure|p1a: Emilia
|-supereffective|p1a: Emilia
|-damage|p1a: Emilia|0 fnt
|-start|p2a: Garganacl|Disable|Salt Cure|[from] ability: Cursed Body|[of] p1a: Emilia
|faint|p1a: Emilia
|-activate|p1a: Emilia|move: Destiny Bond
|faint|p2a: Garganacl
|
|upkeep
|
|t:|1758982183
|switch|p1a: Yotsuba|Cinderace, F|67/100 par
|switch|p2a: Iron Treads|Iron Treads|64/100
|-item|p2a: Iron Treads|Air Balloon
|turn|32
|
|t:|1758982194
|cant|p1a: Yotsuba|par
|move|p2a: Iron Treads|Earthquake|p1a: Yotsuba
|-supereffective|p1a: Yotsuba
|-damage|p1a: Yotsuba|0 fnt
|faint|p1a: Yotsuba
|
|upkeep
|
|t:|1758982204
|switch|p1a: Maicra|Garganacl, M|94/100
|-damage|p1a: Maicra|82/100|[from] Stealth Rock
|turn|33
|
|t:|1758982221
|-end|p2a: Iron Treads|Quark Drive|[silent]
|switch|p2a: Serperior|Serperior, M|100/100
|-terastallize|p1a: Maicra|Ghost
|move|p1a: Maicra|Salt Cure|p2a: Serperior
|-damage|p2a: Serperior|88/100
|-start|p2a: Serperior|Salt Cure
|
|-heal|p2a: Serperior|94/100|[from] item: Leftovers
|-heal|p1a: Maicra|88/100|[from] item: Leftovers
|-damage|p2a: Serperior|81/100|[from] Salt Cure
|upkeep
|turn|34
|
|t:|1758982232
|move|p2a: Serperior|Glare|p1a: Maicra
|-immune|p1a: Maicra|[from] ability: Purifying Salt
|move|p1a: Maicra|Body Press|p2a: Serperior
|-damage|p2a: Serperior|56/100
|
|-heal|p2a: Serperior|63/100|[from] item: Leftovers
|-heal|p1a: Maicra|94/100|[from] item: Leftovers
|-damage|p2a: Serperior|50/100|[from] Salt Cure
|upkeep
|turn|35
|
|t:|1758982243
|move|p2a: Serperior|Leech Seed|p1a: Maicra
|-start|p1a: Maicra|move: Leech Seed
|move|p1a: Maicra|Body Press|p2a: Serperior
|-damage|p2a: Serperior|24/100
|
|-heal|p2a: Serperior|30/100|[from] item: Leftovers
|-heal|p1a: Maicra|100/100|[from] item: Leftovers
|-damage|p1a: Maicra|88/100|[from] Leech Seed|[of] p2a: Serperior
|-heal|p2a: Serperior|45/100|[silent]
|-damage|p2a: Serperior|32/100|[from] Salt Cure
|upkeep
|turn|36
|
|t:|1758982255
|switch|p2a: Moltres|Moltres|100/100
|switch|p1a: Chocolate Wall|Clodsire, M|100/100
|-damage|p1a: Chocolate Wall|94/100|[from] Stealth Rock
|
|-heal|p1a: Chocolate Wall|100/100|[from] item: Black Sludge
|upkeep
|turn|37
|
|t:|1758982266
|switch|p2a: Iron Treads|Iron Treads|64/100
|-item|p2a: Iron Treads|Air Balloon
|switch|p1a: Maicra|Garganacl, M, tera:Ghost|88/100
|-damage|p1a: Maicra|76/100|[from] Stealth Rock
|
|-heal|p1a: Maicra|82/100|[from] item: Leftovers
|upkeep
|turn|38
|
|t:|1758982279
|-end|p2a: Iron Treads|Quark Drive|[silent]
|switch|p2a: Gholdengo|Gholdengo|77/100
|move|p1a: Maicra|Salt Cure|p2a: Gholdengo
|-resisted|p2a: Gholdengo
|-damage|p2a: Gholdengo|70/100
|-start|p2a: Gholdengo|Salt Cure
|
|-heal|p1a: Maicra|88/100|[from] item: Leftovers
|-damage|p2a: Gholdengo|45/100|[from] Salt Cure
|upkeep
|turn|39
|
|t:|1758982289
|move|p2a: Gholdengo|Hex|p1a: Maicra
|-supereffective|p1a: Maicra
|-damage|p1a: Maicra|67/100
|move|p1a: Maicra|Iron Defense|p1a: Maicra
|-boost|p1a: Maicra|def|2
|
|-heal|p1a: Maicra|74/100|[from] item: Leftovers
|-damage|p2a: Gholdengo|21/100|[from] Salt Cure
|upkeep
|turn|40
|
|t:|1758982297
|move|p2a: Gholdengo|Hex|p1a: Maicra
|-supereffective|p1a: Maicra
|-crit|p1a: Maicra
|-damage|p1a: Maicra|40/100
|move|p1a: Maicra|Iron Defense|p1a: Maicra
|-boost|p1a: Maicra|def|2
|
|-heal|p1a: Maicra|47/100|[from] item: Leftovers
|-damage|p2a: Gholdengo|0 fnt|[from] Salt Cure
|faint|p2a: Gholdengo
|upkeep
|
|t:|1758982312
|switch|p2a: Moltres|Moltres|100/100
|turn|41
|
|t:|1758982315
|move|p2a: Moltres|Flamethrower|p1a: Maicra
|-damage|p1a: Maicra|17/100
|move|p1a: Maicra|Recover|p1a: Maicra
|-heal|p1a: Maicra|67/100
|
|-heal|p1a: Maicra|73/100|[from] item: Leftovers
|upkeep
|turn|42
|-message|lovelymoa forfeited.
|
|win|Phanthom_Ex4
|raw|Phanthom_Ex4's rating: 1361 &rarr; <strong>1381</strong><br />(+20 for winning)
|raw|lovelymoa's rating: 1368 &rarr; <strong>1348</strong><br />(-20 for losing)
|l|☆lovelymoa
|player|p2|
|l|☆Phanthom_Ex4
|player|p1|
