|j|☆QuEeNSheeba
|j|☆thinkusstinkus
|t:|1759077682
|gametype|singles
|player|p1|QuEeNSheeba|169|1169
|player|p2|thinkusstinkus|blackbelt-gen4dp|1242
|gen|9
|tier|[Gen 9] OU
|rated|
|rule|HP Percentage Mod: HP is shown in percentages
|rule|Endless Battle Clause: Forcing endless battles is banned
|rule|Species Clause: Limit one of each Pokémon
|rule|OHKO Clause: OHKO moves are banned
|rule|Evasion Items Clause: Evasion items are banned
|rule|Evasion Moves Clause: Evasion moves are banned
|rule|Evasion Abilities Clause: Evasion abilities are banned
|rule|Sleep Moves Clause: Sleep-inducing moves are banned
|clearpoke
|poke|p1|Hatterene, F|
|poke|p1|Glaceon, M|
|poke|p1|Ninetales-Alola, M|
|poke|p1|Mismagius, F|
|poke|p1|Froslass, F|
|poke|p1|Slowking-Galar, F|
|poke|p2|Araquanid, F|
|poke|p2|Landorus-Therian, M|
|poke|p2|Garganacl, M|
|poke|p2|Kingambit, F|
|poke|p2|Corviknight, M|
|poke|p2|Enamorus, F|
|teampreview
|inactive|Battle timer is ON: inactive players will automatically lose when time's up. (requested by thinkusstinkus)
|
|t:|1759077698
|teamsize|p1|6
|teamsize|p2|6
|start
|switch|p1a: Mismagius|Mismagius, F|100/100
|switch|p2a: Wadr bubl|Araquanid, F|100/100
|turn|1
|
|t:|1759077704
|-terastallize|p2a: Wadr bubl|Water
|move|p1a: Mismagius|Nasty Plot|p1a: Mismagius
|-boost|p1a: Mismagius|spa|2
|move|p2a: Wadr bubl|Liquidation|p1a: Mismagius
|-crit|p1a: Mismagius
|-damage|p1a: Mismagius|0 fnt
|faint|p1a: Mismagius
|
|upkeep
|
|t:|1759077713
|switch|p1a: Froslass|Froslass, F, shiny|100/100
|turn|2
|
|t:|1759077720
|move|p1a: Froslass|Poltergeist|p2a: Wadr bubl
|-activate|p2a: Wadr bubl|move: Poltergeist|Leftovers
|-damage|p2a: Wadr bubl|53/100
|move|p2a: Wadr bubl|Liquidation|p1a: Froslass
|-enditem|p1a: Froslass|Focus Sash
|-damage|p1a: Froslass|1/100
|-unboost|p1a: Froslass|def|1
|-start|p2a: Wadr bubl|Disable|Liquidation|[from] ability: Cursed Body|[of] p1a: Froslass
|
|-heal|p2a: Wadr bubl|60/100|[from] item: Leftovers
|upkeep
|turn|3
|
|t:|1759077731
|move|p2a: Wadr bubl|Protect|p2a: Wadr bubl
|-singleturn|p2a: Wadr bubl|Protect
|move|p1a: Froslass|Destiny Bond|p1a: Froslass
|-singlemove|p1a: Froslass|Destiny Bond
|
|-heal|p2a: Wadr bubl|66/100|[from] item: Leftovers
|upkeep
|turn|4
|
|t:|1759077736
|move|p1a: Froslass|Poltergeist|p2a: Wadr bubl
|-activate|p2a: Wadr bubl|move: Poltergeist|Leftovers
|-damage|p2a: Wadr bubl|24/100
|move|p2a: Wadr bubl|Sticky Web|p1a: Froslass
|-sidestart|p1: QuEeNSheeba|move: Sticky Web
|
|-heal|p2a: Wadr bubl|30/100|[from] item: Leftovers
|upkeep
|turn|5
|
|t:|1759077747
|move|p2a: Wadr bubl|Protect|p2a: Wadr bubl
|-singleturn|p2a: Wadr bubl|Protect
|move|p1a: Froslass|Destiny Bond|p1a: Froslass
|-singlemove|p1a: Froslass|Destiny Bond
|
|-heal|p2a: Wadr bubl|37/100|[from] item: Leftovers
|-end|p2a: Wadr bubl|Disable
|upkeep
|turn|6
|
|t:|1759077759
|move|p1a: Froslass|Poltergeist|p2a: Wadr bubl
|-activate|p2a: Wadr bubl|move: Poltergeist|Leftovers
|-damage|p2a: Wadr bubl|0 fnt
|faint|p2a: Wadr bubl
|
|upkeep
|
|t:|1759077770
|switch|p2a: Groundcat|Landorus-Therian, M|100/100
|-ability|p2a: Groundcat|Intimidate|boost
|-unboost|p1a: Froslass|atk|1
|turn|7
|
|t:|1759077782
|move|p2a: Groundcat|U-turn|p1a: Froslass
|-resisted|p1a: Froslass
|-damage|p1a: Froslass|0 fnt
|-start|p2a: Groundcat|Disable|U-turn|[from] ability: Cursed Body|[of] p1a: Froslass
|faint|p1a: Froslass
|
|t:|1759077793
|switch|p2a: Halite|Garganacl, M|100/100|[from] U-turn
|
|upkeep
|
|t:|1759077813
|switch|p1a: Slowking|Slowking-Galar, F, shiny|100/100
|-activate|p1a: Slowking|move: Sticky Web
|-unboost|p1a: Slowking|spe|1
|turn|8
|
|t:|1759077820
|move|p2a: Halite|Salt Cure|p1a: Slowking
|-damage|p1a: Slowking|85/100
|-start|p1a: Slowking|Salt Cure
|move|p1a: Slowking|Sludge Bomb|p2a: Halite
|-resisted|p2a: Halite
|-damage|p2a: Halite|86/100
|
|-heal|p2a: Halite|92/100|[from] item: Leftovers
|-heal|p1a: Slowking|91/100|[from] item: Black Sludge
|-damage|p1a: Slowking|79/100|[from] Salt Cure
|upkeep
|turn|9
|
|t:|1759077831
|move|p2a: Halite|Iron Defense|p2a: Halite
|-boost|p2a: Halite|def|2
|move|p1a: Slowking|Future Sight|p2a: Halite
|-start|p1a: Slowking|move: Future Sight
|
|-heal|p2a: Halite|98/100|[from] item: Leftovers
|-heal|p1a: Slowking|85/100|[from] item: Black Sludge
|-damage|p1a: Slowking|72/100|[from] Salt Cure
|upkeep
|turn|10
|
|t:|1759077841
|move|p2a: Halite|Salt Cure|p1a: Slowking
|-damage|p1a: Slowking|58/100
|move|p1a: Slowking|Trick Room|p1a: Slowking
|-fieldstart|move: Trick Room|[of] p1a: Slowking
|
|-heal|p1a: Slowking|64/100|[from] item: Black Sludge
|-heal|p2a: Halite|100/100|[from] item: Leftovers
|-damage|p1a: Slowking|52/100|[from] Salt Cure
|upkeep
|turn|11
|
|t:|1759077852
|move|p1a: Slowking|Sludge Bomb|p2a: Halite
|-resisted|p2a: Halite
|-damage|p2a: Halite|86/100
|move|p2a: Halite|Salt Cure|p1a: Slowking
|-damage|p1a: Slowking|37/100
|
|-end|p2a: Halite|move: Future Sight
|-damage|p2a: Halite|48/100
|-heal|p1a: Slowking|43/100|[from] item: Black Sludge
|-heal|p2a: Halite|54/100|[from] item: Leftovers
|-damage|p1a: Slowking|30/100|[from] Salt Cure
|upkeep
|turn|12
|l|☆thinkusstinkus
|inactive|thinkusstinkus disconnected and has a minute to reconnect!
|player|p2|
|inactive|QuEeNSheeba has 120 seconds left.
|inactive|thinkusstinkus has 30 seconds to reconnect!
|inactive|thinkusstinkus has 20 seconds to reconnect!
|j|☆thinkusstinkus
|inactive|thinkusstinkus reconnected and has 110 seconds left.
|player|p2|thinkusstinkus|blackbelt-gen4dp|
|
|t:|1759077900
|move|p1a: Slowking|Future Sight|p2a: Halite
|-start|p1a: Slowking|move: Future Sight
|move|p2a: Halite|Salt Cure|p1a: Slowking
|-crit|p1a: Slowking
|-damage|p1a: Slowking|8/100
|
|-heal|p1a: Slowking|14/100|[from] item: Black Sludge
|-heal|p2a: Halite|60/100|[from] item: Leftovers
|-damage|p1a: Slowking|2/100|[from] Salt Cure
|upkeep
|turn|13
|inactive|QuEeNSheeba has 120 seconds left.
|
|t:|1759077919
|move|p1a: Slowking|Sludge Bomb|p2a: Halite
|-resisted|p2a: Halite
|-damage|p2a: Halite|47/100
|move|p2a: Halite|Recover|p2a: Halite
|-heal|p2a: Halite|97/100
|
|-heal|p1a: Slowking|8/100|[from] item: Black Sludge
|-heal|p2a: Halite|100/100|[from] item: Leftovers
|-damage|p1a: Slowking|0 fnt|[from] Salt Cure
|faint|p1a: Slowking
|upkeep
|inactive|QuEeNSheeba has 90 seconds left.
|
|t:|1759077968
|switch|p1a: Ninetales|Ninetales-Alola, M, shiny|100/100
|-activate|p1a: Ninetales|move: Sticky Web
|-unboost|p1a: Ninetales|spe|1
|-weather|Snowscape|[from] ability: Snow Warning|[of] p1a: Ninetales
|turn|14
|inactive|thinkusstinkus has 120 seconds left.
|
|t:|1759077982
|move|p2a: Halite|Salt Cure|p1a: Ninetales
|-supereffective|p1a: Ninetales
|-crit|p1a: Ninetales
|-damage|p1a: Ninetales|66/100
|-start|p1a: Ninetales|Salt Cure
|move|p1a: Ninetales|Aurora Veil|p1a: Ninetales
|-sidestart|p1: QuEeNSheeba|move: Aurora Veil
|
|-weather|Snowscape|[upkeep]
|-end|p2a: Halite|move: Future Sight
|-damage|p2a: Halite|63/100
|-heal|p2a: Halite|69/100|[from] item: Leftovers
|-damage|p1a: Ninetales|54/100|[from] Salt Cure
|-fieldend|move: Trick Room
|upkeep
|turn|15
|inactive|thinkusstinkus has 120 seconds left.
|
|t:|1759077996
|move|p1a: Ninetales|Freeze-Dry|p2a: Halite
|-damage|p2a: Halite|53/100
|move|p2a: Halite|Recover|p2a: Halite
|-heal|p2a: Halite|100/100
|
|-weather|Snowscape|[upkeep]
|-damage|p1a: Ninetales|42/100|[from] Salt Cure
|upkeep
|turn|16
|
|t:|1759078005
|move|p1a: Ninetales|Encore|p2a: Halite
|-start|p2a: Halite|Encore
|move|p2a: Halite|Recover||[still]
|-fail|p2a: Halite|heal
|
|-weather|Snowscape|[upkeep]
|-damage|p1a: Ninetales|29/100|[from] Salt Cure
|upkeep
|turn|17
|inactive|thinkusstinkus has 120 seconds left.
|
|t:|1759078034
|switch|p1a: Hatterene|Hatterene, F, shiny|100/100
|-activate|p1a: Hatterene|move: Sticky Web
|-unboost|p1a: Hatterene|spe|1
|move|p2a: Halite|Recover||[still]
|-fail|p2a: Halite|heal
|
|-weather|Snowscape|[upkeep]
|upkeep
|turn|18
|
|t:|1759078040
|switch|p2a: YAS QUEEN|Kingambit, F|100/100
|-activate|p2a: YAS QUEEN|ability: Supreme Overlord
|-start|p2a: YAS QUEEN|fallen1|[silent]
|move|p1a: Hatterene|Calm Mind|p1a: Hatterene
|-boost|p1a: Hatterene|spa|1
|-boost|p1a: Hatterene|spd|1
|
|-weather|none
|upkeep
|turn|19
|
|t:|1759078046
|-terastallize|p1a: Hatterene|Fire
|move|p2a: YAS QUEEN|Iron Head|p1a: Hatterene
|-resisted|p1a: Hatterene
|-damage|p1a: Hatterene|86/100
|move|p1a: Hatterene|Trick Room|p1a: Hatterene
|-fieldstart|move: Trick Room|[of] p1a: Hatterene
|
|-heal|p1a: Hatterene|91/100|[from] item: Leftovers
|upkeep
|turn|20
|
|t:|1759078053
|-end|p2a: YAS QUEEN|fallen1|[silent]
|switch|p2a: Halite|Garganacl, M|100/100
|move|p1a: Hatterene|Calm Mind|p1a: Hatterene
|-boost|p1a: Hatterene|spa|1
|-boost|p1a: Hatterene|spd|1
|
|-heal|p1a: Hatterene|97/100|[from] item: Leftovers
|upkeep
|turn|21
|inactive|QuEeNSheeba has 120 seconds left.
|
|t:|1759078063
|move|p1a: Hatterene|Calm Mind|p1a: Hatterene
|-boost|p1a: Hatterene|spa|1
|-boost|p1a: Hatterene|spd|1
|move|p2a: Halite|Salt Cure|p1a: Hatterene
|-supereffective|p1a: Hatterene
|-damage|p1a: Hatterene|81/100
|-start|p1a: Hatterene|Salt Cure
|
|-heal|p1a: Hatterene|87/100|[from] item: Leftovers
|-damage|p1a: Hatterene|75/100|[from] Salt Cure
|-sideend|p1: QuEeNSheeba|move: Aurora Veil
|upkeep
|turn|22
|
|t:|1759078075
|move|p1a: Hatterene|Draining Kiss|p2a: Halite
|-damage|p2a: Halite|39/100
|-heal|p1a: Hatterene|100/100|[from] drain|[of] p2a: Halite
|move|p2a: Halite|Salt Cure|p1a: Hatterene
|-supereffective|p1a: Hatterene
|-damage|p1a: Hatterene|69/100
|
|-heal|p1a: Hatterene|75/100|[from] item: Leftovers
|-heal|p2a: Halite|45/100|[from] item: Leftovers
|-damage|p1a: Hatterene|63/100|[from] Salt Cure
|upkeep
|turn|23
|
|t:|1759078086
|move|p1a: Hatterene|Calm Mind|p1a: Hatterene
|-boost|p1a: Hatterene|spa|1
|-boost|p1a: Hatterene|spd|1
|move|p2a: Halite|Recover|p2a: Halite
|-heal|p2a: Halite|95/100
|
|-heal|p1a: Hatterene|69/100|[from] item: Leftovers
|-heal|p2a: Halite|100/100|[from] item: Leftovers
|-damage|p1a: Hatterene|57/100|[from] Salt Cure
|-fieldend|move: Trick Room
|upkeep
|turn|24
|
|t:|1759078095
|move|p2a: Halite|Salt Cure|p1a: Hatterene
|-supereffective|p1a: Hatterene
|-damage|p1a: Hatterene|25/100
|move|p1a: Hatterene|Trick Room|p1a: Hatterene
|-fieldstart|move: Trick Room|[of] p1a: Hatterene
|
|-heal|p1a: Hatterene|31/100|[from] item: Leftovers
|-damage|p1a: Hatterene|19/100|[from] Salt Cure
|upkeep
|turn|25
|
|t:|1759078102
|move|p1a: Hatterene|Draining Kiss|p2a: Halite
|-damage|p2a: Halite|20/100
|-heal|p1a: Hatterene|100/100|[from] drain|[of] p2a: Halite
|move|p2a: Halite|Salt Cure|p1a: Hatterene
|-supereffective|p1a: Hatterene
|-damage|p1a: Hatterene|67/100
|
|-heal|p1a: Hatterene|73/100|[from] item: Leftovers
|-heal|p2a: Halite|26/100|[from] item: Leftovers
|-damage|p1a: Hatterene|60/100|[from] Salt Cure
|upkeep
|turn|26
|
|t:|1759078109
|move|p1a: Hatterene|Calm Mind|p1a: Hatterene
|-boost|p1a: Hatterene|spa|1
|-boost|p1a: Hatterene|spd|1
|move|p2a: Halite|Recover|p2a: Halite
|-heal|p2a: Halite|76/100
|
|-heal|p1a: Hatterene|66/100|[from] item: Leftovers
|-heal|p2a: Halite|82/100|[from] item: Leftovers
|-damage|p1a: Hatterene|54/100|[from] Salt Cure
|upkeep
|turn|27
|
|t:|1759078114
|move|p1a: Hatterene|Draining Kiss|p2a: Halite
|-damage|p2a: Halite|0 fnt
|-heal|p1a: Hatterene|100/100|[from] drain|[of] p2a: Halite
|faint|p2a: Halite
|
|-damage|p1a: Hatterene|88/100|[from] Salt Cure
|upkeep
|
|t:|1759078126
|switch|p2a: Groundcat|Landorus-Therian, M|100/100
|-ability|p2a: Groundcat|Intimidate|boost
|-unboost|p1a: Hatterene|atk|1
|turn|28
|
|t:|1759078128
|move|p1a: Hatterene|Draining Kiss|p2a: Groundcat
|-damage|p2a: Groundcat|0 fnt
|-heal|p1a: Hatterene|100/100|[from] drain|[of] p2a: Groundcat
|faint|p2a: Groundcat
|
|-damage|p1a: Hatterene|88/100|[from] Salt Cure
|-fieldend|move: Trick Room
|upkeep
|-message|thinkusstinkus forfeited.
|
|win|QuEeNSheeba
|raw|QuEeNSheeba's rating: 1169 &rarr; <strong>1199</strong><br />(+30 for winning)
|raw|thinkusstinkus's rating: 1242 &rarr; <strong>1212</strong><br />(-30 for losing)
|l|☆thinkusstinkus
|player|p2|
|l|☆QuEeNSheeba
|player|p1|
