|j|☆trentmane6610
|j|☆Piano Ver
|t:|1759065269
|gametype|singles
|player|p1|trentmane6610|170|1383
|player|p2|Piano Ver|lady|1387
|gen|9
|tier|[Gen 9] OU
|rated|
|rule|HP Percentage Mod: HP is shown in percentages
|rule|Endless Battle Clause: Forcing endless battles is banned
|rule|Species Clause: Limit one of each Pokémon
|rule|OHKO Clause: OHKO moves are banned
|rule|Evasion Items Clause: Evasion items are banned
|rule|Evasion Moves Clause: Evasion moves are banned
|rule|Evasion Abilities Clause: Evasion abilities are banned
|rule|Sleep Moves Clause: Sleep-inducing moves are banned
|clearpoke
|poke|p1|Pelipper, F|
|poke|p1|Torkoal, M|
|poke|p1|Quaquaval, M|
|poke|p1|Lilligant-Hisui, F|
|poke|p1|Walking Wake|
|poke|p1|Scovillain, F|
|poke|p2|Zamazenta-*|
|poke|p2|Ogerpon-Wellspring, F|
|poke|p2|Iron Treads|
|poke|p2|Garganacl, M|
|poke|p2|Moltres|
|poke|p2|Kingambit, F|
|teampreview
|
|t:|1759065282
|teamsize|p1|6
|teamsize|p2|6
|start
|switch|p1a: Pelipper|Pelipper, F|100/100
|switch|p2a: Garganacl|Garganacl, M|100/100
|-weather|RainDance|[from] ability: Drizzle|[of] p1a: Pelipper
|turn|1
|
|t:|1759065291
|move|p1a: Pelipper|Surf|p2a: Garganacl
|-supereffective|p2a: Garganacl
|-damage|p2a: Garganacl|32/100
|move|p2a: Garganacl|Salt Cure|p1a: Pelipper
|-supereffective|p1a: Pelipper
|-damage|p1a: Pelipper|74/100
|-start|p1a: Pelipper|Salt Cure
|
|-weather|RainDance|[upkeep]
|-heal|p2a: Garganacl|38/100|[from] item: Leftovers
|-damage|p1a: Pelipper|49/100|[from] Salt Cure
|upkeep
|turn|2
|
|t:|1759065302
|move|p2a: Garganacl|Protect|p2a: Garganacl
|-singleturn|p2a: Garganacl|Protect
|move|p1a: Pelipper|U-turn|p2a: Garganacl
|-activate|p2a: Garganacl|move: Protect
|
|-weather|RainDance|[upkeep]
|-heal|p2a: Garganacl|44/100|[from] item: Leftovers
|-damage|p1a: Pelipper|24/100|[from] Salt Cure
|upkeep
|turn|3
|
|t:|1759065322
|switch|p2a: Ogerpon|Ogerpon-Wellspring, F|100/100
|move|p1a: Pelipper|U-turn|p2a: Ogerpon
|-supereffective|p2a: Ogerpon
|-damage|p2a: Ogerpon|77/100
|inactive|Battle timer is ON: inactive players will automatically lose when time's up. (requested by Piano Ver)
|
|t:|1759065361
|switch|p1a: Torkoal|Torkoal, M|100/100|[from] U-turn
|-weather|SunnyDay|[from] ability: Drought|[of] p1a: Torkoal
|
|-weather|SunnyDay|[upkeep]
|upkeep
|turn|4
|inactive|trentmane6610 has 120 seconds left.
|
|t:|1759065399
|-terastallize|p2a: Ogerpon|Water
|detailschange|p2a: Ogerpon|Ogerpon-Wellspring-Tera, F, tera:Water
|-ability|p2a: Ogerpon|Embody Aspect (Wellspring)|boost
|-boost|p2a: Ogerpon|spd|1
|move|p2a: Ogerpon|Ivy Cudgel|p1a: Torkoal|[anim] Ivy Cudgel Water
|-supereffective|p1a: Torkoal
|-damage|p1a: Torkoal|52/100
|move|p1a: Torkoal|Clear Smog|p2a: Ogerpon
|-damage|p2a: Ogerpon|69/100
|-clearboost|p2a: Ogerpon
|
|-weather|SunnyDay|[upkeep]
|upkeep
|turn|5
|inactive|trentmane6610 has 120 seconds left.
|
|t:|1759065418
|switch|p1a: Walking Wake|Walking Wake|100/100
|-activate|p1a: Walking Wake|ability: Protosynthesis
|-start|p1a: Walking Wake|protosynthesisspa
|move|p2a: Ogerpon|U-turn|p1a: Walking Wake
|-damage|p1a: Walking Wake|72/100
|inactive|Piano Ver has 120 seconds left.
|
|t:|1759065443
|switch|p2a: Kingambit|Kingambit, F|100/100|[from] U-turn
|
|-weather|SunnyDay|[upkeep]
|upkeep
|turn|6
|inactive|trentmane6610 has 120 seconds left.
|inactive|Piano Ver has 120 seconds left.
|
|t:|1759065458
|move|p2a: Kingambit|Sucker Punch|p1a: Walking Wake
|-damage|p1a: Walking Wake|30/100
|move|p1a: Walking Wake|Hydro Steam|p2a: Kingambit
|-damage|p2a: Kingambit|0 fnt
|faint|p2a: Kingambit
|-end|p2a: Kingambit|fallenundefined|[silent]
|-damage|p1a: Walking Wake|20/100|[from] item: Life Orb
|
|-weather|SunnyDay|[upkeep]
|upkeep
|
|t:|1759065477
|switch|p2a: Ogerpon|Ogerpon-Wellspring-Tera, F, tera:Water|69/100
|-ability|p2a: Ogerpon|Embody Aspect (Wellspring)|boost
|-boost|p2a: Ogerpon|spd|1
|turn|7
|inactive|trentmane6610 has 120 seconds left.
|
|t:|1759065492
|move|p2a: Ogerpon|U-turn|p1a: Walking Wake
|-damage|p1a: Walking Wake|0 fnt
|faint|p1a: Walking Wake
|-end|p1a: Walking Wake|Protosynthesis|[silent]
|
|t:|1759065507
|switch|p2a: Iron Treads|Iron Treads|100/100|[from] U-turn
|
|-weather|SunnyDay|[upkeep]
|upkeep
|inactive|trentmane6610 has 120 seconds left.
|
|t:|1759065521
|switch|p1a: Scovillain|Scovillain, F|100/100
|turn|8
|
|t:|1759065531
|-end|p2a: Iron Treads|Quark Drive|[silent]
|switch|p2a: Moltres|Moltres|100/100
|-ability|p2a: Moltres|Pressure
|move|p1a: Scovillain|Growth|p1a: Scovillain
|-boost|p1a: Scovillain|atk|2
|-boost|p1a: Scovillain|spa|2
|
|-weather|SunnyDay|[upkeep]
|upkeep
|turn|9
|
|t:|1759065542
|move|p1a: Scovillain|Flamethrower|p2a: Moltres
|-resisted|p2a: Moltres
|-damage|p2a: Moltres|45/100
|-damage|p1a: Scovillain|91/100|[from] item: Life Orb
|move|p2a: Moltres|Flamethrower|p1a: Scovillain
|-damage|p1a: Scovillain|0 fnt
|faint|p1a: Scovillain
|
|-weather|SunnyDay|[upkeep]
|upkeep
|inactive|trentmane6610 has 120 seconds left.
|
|t:|1759065580
|switch|p1a: Lilligant|Lilligant-Hisui, F|100/100
|turn|10
|inactive|Piano Ver has 120 seconds left.
|
|t:|1759065591
|-terastallize|p1a: Lilligant|Fire
|move|p1a: Lilligant|Triple Axel|p2a: Moltres
|-crit|p2a: Moltres
|-damage|p2a: Moltres|35/100
|-damage|p2a: Moltres|20/100
|-hitcount|p2a: Moltres|2
|-damage|p1a: Lilligant|91/100|[from] item: Life Orb
|move|p2a: Moltres|Flamethrower|p1a: Lilligant
|-resisted|p1a: Lilligant
|-damage|p1a: Lilligant|44/100
|
|-weather|none
|upkeep
|turn|11
|inactive|Piano Ver has 120 seconds left.
|
|t:|1759065610
|move|p1a: Lilligant|Poison Jab|p2a: Moltres
|-damage|p2a: Moltres|0 fnt
|faint|p2a: Moltres
|-damage|p1a: Lilligant|34/100|[from] item: Life Orb
|
|upkeep
|
|t:|1759065619
|switch|p2a: Ogerpon|Ogerpon-Wellspring-Tera, F, tera:Water|69/100
|-ability|p2a: Ogerpon|Embody Aspect (Wellspring)|boost
|-boost|p2a: Ogerpon|spd|1
|turn|12
|
|t:|1759065624
|switch|p1a: Torkoal|Torkoal, M|52/100
|-weather|SunnyDay|[from] ability: Drought|[of] p1a: Torkoal
|move|p2a: Ogerpon|Ivy Cudgel|p1a: Torkoal|[anim] Ivy Cudgel Water
|-supereffective|p1a: Torkoal
|-damage|p1a: Torkoal|0 fnt
|faint|p1a: Torkoal
|
|-weather|SunnyDay|[upkeep]
|upkeep
|
|t:|1759065636
|switch|p1a: Lilligant|Lilligant-Hisui, F, tera:Fire|34/100
|turn|13
|inactive|Piano Ver has 120 seconds left.
|
|t:|1759065675
|move|p1a: Lilligant|Close Combat|p2a: Ogerpon
|-damage|p2a: Ogerpon|0 fnt
|-unboost|p1a: Lilligant|def|1
|-unboost|p1a: Lilligant|spd|1
|faint|p2a: Ogerpon
|detailschange|p2: Ogerpon|Ogerpon-Wellspring, F|[silent]
|-damage|p1a: Lilligant|24/100|[from] item: Life Orb
|
|-weather|SunnyDay|[upkeep]
|upkeep
|
|t:|1759065684
|switch|p2a: Zamazenta|Zamazenta|100/100
|-ability|p2a: Zamazenta|Dauntless Shield|boost
|-boost|p2a: Zamazenta|def|1
|turn|14
|
|t:|1759065696
|move|p1a: Lilligant|Close Combat|p2a: Zamazenta
|-damage|p2a: Zamazenta|63/100
|-unboost|p1a: Lilligant|def|1
|-unboost|p1a: Lilligant|spd|1
|-damage|p1a: Lilligant|14/100|[from] item: Life Orb
|move|p2a: Zamazenta|Body Press|p1a: Lilligant
|-damage|p1a: Lilligant|0 fnt
|faint|p1a: Lilligant
|
|-weather|SunnyDay|[upkeep]
|-heal|p2a: Zamazenta|69/100|[from] item: Leftovers
|upkeep
|
|t:|1759065708
|switch|p1a: Pelipper|Pelipper, F|24/100
|-weather|RainDance|[from] ability: Drizzle|[of] p1a: Pelipper
|turn|15
|inactive|Piano Ver has 120 seconds left.
|
|t:|1759065717
|move|p2a: Zamazenta|Crunch|p1a: Pelipper
|-damage|p1a: Pelipper|0 fnt
|faint|p1a: Pelipper
|
|-weather|RainDance|[upkeep]
|-heal|p2a: Zamazenta|75/100|[from] item: Leftovers
|upkeep
|
|t:|1759065724
|switch|p1a: Quaquaval|Quaquaval, M|100/100
|turn|16
|
|t:|1759065729
|move|p2a: Zamazenta|Body Press|p1a: Quaquaval
|-damage|p1a: Quaquaval|29/100
|move|p1a: Quaquaval|Aqua Step|p2a: Zamazenta
|-damage|p2a: Zamazenta|38/100
|-boost|p1a: Quaquaval|spe|1
|
|-weather|RainDance|[upkeep]
|-heal|p2a: Zamazenta|44/100|[from] item: Leftovers
|upkeep
|turn|17
|inactive|trentmane6610 has 120 seconds left.
|
|t:|1759065740
|move|p1a: Quaquaval|Aqua Step|p2a: Zamazenta
|-damage|p2a: Zamazenta|5/100
|-boost|p1a: Quaquaval|spe|1
|move|p2a: Zamazenta|Body Press|p1a: Quaquaval
|-damage|p1a: Quaquaval|0 fnt
|faint|p1a: Quaquaval
|
|win|Piano Ver
|raw|trentmane6610's rating: 1383 &rarr; <strong>1363</strong><br />(-20 for losing)
|raw|Piano Ver's rating: 1387 &rarr; <strong>1407</strong><br />(+20 for winning)
|l|☆Piano Ver
|player|p2|
|l|☆trentmane6610
|player|p1|
