|j|☆chocolateovo
|j|☆fleep vs floop
|t:|1758985025
|gametype|singles
|player|p1|chocolateovo|hugh|1606
|player|p2|fleep vs floop|candice|1679
|gen|9
|tier|[Gen 9] OU
|rated|
|rule|HP Percentage Mod: HP is shown in percentages
|rule|Endless Battle Clause: Forcing endless battles is banned
|rule|Species Clause: Limit one of each Pokémon
|rule|OHKO Clause: OHKO moves are banned
|rule|Evasion Items Clause: Evasion items are banned
|rule|Evasion Moves Clause: Evasion moves are banned
|rule|Evasion Abilities Clause: Evasion abilities are banned
|rule|Sleep Moves Clause: Sleep-inducing moves are banned
|clearpoke
|poke|p1|Scizor, F|
|poke|p1|Zapdos|
|poke|p1|Serperior, M|
|poke|p1|Skarmory, M|
|poke|p1|Kyurem|
|poke|p1|Garchomp, M|
|poke|p2|Dragapult, F|
|poke|p2|Blaziken, M|
|poke|p2|Kingambit, F|
|poke|p2|Iron Treads|
|poke|p2|Ogerpon-Wellspring, F|
|poke|p2|Iron Valiant|
|teampreview
|inactive|Battle timer is ON: inactive players will automatically lose when time's up. (requested by chocolateovo)
|
|t:|1758985033
|teamsize|p1|6
|teamsize|p2|6
|start
|switch|p1a: Serperior|Serperior, M|100/100
|switch|p2a: Dragapult|Dragapult, F|100/100
|turn|1
|
|t:|1758985037
|move|p2a: Dragapult|U-turn|p1a: Serperior
|-supereffective|p1a: Serperior
|-damage|p1a: Serperior|29/100
|
|t:|1758985039
|switch|p2a: Iron Treads|Iron Treads|100/100|[from] U-turn
|-enditem|p2a: Iron Treads|Booster Energy
|-activate|p2a: Iron Treads|ability: Quark Drive|[fromitem]
|-start|p2a: Iron Treads|quarkdrivespe
|move|p1a: Serperior|Mirror Coat||[still]
|-fail|p1a: Serperior
|
|upkeep
|turn|2
|
|t:|1758985045
|move|p2a: Iron Treads|Knock Off|p1a: Serperior
|-damage|p1a: Serperior|0 fnt
|-enditem|p1a: Serperior|Assault Vest|[from] move: Knock Off|[of] p2a: Iron Treads
|faint|p1a: Serperior
|
|upkeep
|
|t:|1758985054
|switch|p1a: Zapdos|Zapdos|100/100
|turn|3
|
|t:|1758985058
|move|p2a: Iron Treads|Stealth Rock|p1a: Zapdos
|-sidestart|p1: chocolateovo|move: Stealth Rock
|move|p1a: Zapdos|Heat Wave|p2a: Iron Treads
|-supereffective|p2a: Iron Treads
|-damage|p2a: Iron Treads|23/100
|
|upkeep
|turn|4
|
|t:|1758985061
|move|p2a: Iron Treads|Knock Off|p1a: Zapdos
|-damage|p1a: Zapdos|69/100
|-status|p2a: Iron Treads|par|[from] ability: Static|[of] p1a: Zapdos
|-enditem|p1a: Zapdos|Heavy-Duty Boots|[from] move: Knock Off|[of] p2a: Iron Treads
|move|p1a: Zapdos|Heat Wave|p2a: Iron Treads
|-supereffective|p2a: Iron Treads
|-damage|p2a: Iron Treads|0 fnt
|faint|p2a: Iron Treads
|-end|p2a: Iron Treads|Quark Drive|[silent]
|
|upkeep
|
|t:|1758985072
|switch|p2a: Dragapult|Dragapult, F|100/100
|turn|5
|
|t:|1758985078
|switch|p1a: Skarmory|Skarmory, M|100/100
|-damage|p1a: Skarmory|88/100|[from] Stealth Rock
|move|p2a: Dragapult|Dragon Darts|p1a: Skarmory
|-resisted|p1a: Skarmory
|-damage|p1a: Skarmory|70/100
|-anim|p2a: Dragapult|Dragon Darts|p1a: Skarmory
|-resisted|p1a: Skarmory
|-damage|p1a: Skarmory|53/100
|
|upkeep
|turn|6
|
|t:|1758985082
|move|p2a: Dragapult|Dragon Darts|p1a: Skarmory
|-resisted|p1a: Skarmory
|-damage|p1a: Skarmory|38/100
|-anim|p2a: Dragapult|Dragon Darts|p1a: Skarmory
|-resisted|p1a: Skarmory
|-damage|p1a: Skarmory|21/100
|move|p1a: Skarmory|Stealth Rock|p2a: Dragapult
|-sidestart|p2: fleep vs floop|move: Stealth Rock
|
|upkeep
|turn|7
|-enditem|p1a: Skarmory|Custap Berry|[eat]
|-activate|p1a: Skarmory|item: Custap Berry|[consumed]
|
|t:|1758985112
|move|p1a: Skarmory|Brave Bird|p2a: Dragapult
|-damage|p2a: Dragapult|35/100
|-damage|p1a: Skarmory|0 fnt|[from] Recoil
|faint|p1a: Skarmory
|move|p2a: Dragapult|Dragon Darts|p1: Skarmory|[notarget]
|-fail|p2a: Dragapult
|
|upkeep
|
|t:|1758985118
|switch|p1a: Scizor|Scizor, F|100/100
|-damage|p1a: Scizor|88/100|[from] Stealth Rock
|turn|8
|
|t:|1758985125
|switch|p2a: Blaziken|Blaziken, M|100/100
|-damage|p2a: Blaziken|88/100|[from] Stealth Rock
|-item|p2a: Blaziken|Air Balloon
|move|p1a: Scizor|Bullet Punch|p2a: Blaziken
|-resisted|p2a: Blaziken
|-damage|p2a: Blaziken|62/100
|-enditem|p2a: Blaziken|Air Balloon
|
|upkeep
|turn|9
|
|t:|1758985133
|move|p2a: Blaziken|Flare Blitz|p1a: Scizor
|-supereffective|p1a: Scizor
|-damage|p1a: Scizor|0 fnt
|faint|p1a: Scizor
|-damage|p2a: Blaziken|31/100|[from] Recoil
|
|-ability|p2a: Blaziken|Speed Boost|boost
|-boost|p2a: Blaziken|spe|1
|upkeep
|
|t:|1758985138
|switch|p1a: Kyurem|Kyurem|100/100
|-damage|p1a: Kyurem|76/100|[from] Stealth Rock
|-ability|p1a: Kyurem|Pressure
|turn|10
|-message|chocolateovo forfeited.
|
|win|fleep vs floop
|raw|chocolateovo's rating: 1606 &rarr; <strong>1590</strong><br />(-16 for losing)
|raw|fleep vs floop's rating: 1679 &rarr; <strong>1695</strong><br />(+16 for winning)
|l|☆chocolateovo
|player|p1|
|l|☆fleep vs floop
|player|p2|
