|j|☆saidinho10
|j|☆bellaisokay
|t:|1758970300
|gametype|singles
|player|p1|saidinho10|steven|1637
|player|p2|bellaisokay|sabrina|1634
|gen|9
|tier|[Gen 9] OU
|rated|
|rule|HP Percentage Mod: HP is shown in percentages
|rule|Endless Battle Clause: Forcing endless battles is banned
|rule|Species Clause: Limit one of each Pokémon
|rule|OHKO Clause: OHKO moves are banned
|rule|Evasion Items Clause: Evasion items are banned
|rule|Evasion Moves Clause: Evasion moves are banned
|rule|Evasion Abilities Clause: Evasion abilities are banned
|rule|Sleep Moves Clause: Sleep-inducing moves are banned
|clearpoke
|poke|p1|Zamazenta-*|
|poke|p1|Ogerpon-Wellspring, F|
|poke|p1|Raging Bolt|
|poke|p1|Hatterene, F|
|poke|p1|Ceruledge, M|
|poke|p1|Glimmora, M|
|poke|p2|Landorus-Therian, M|
|poke|p2|Serperior, M|
|poke|p2|Greninja-*, M|
|poke|p2|Hatterene, F|
|poke|p2|Kingambit, F|
|poke|p2|Zamazenta-*|
|teampreview
|inactive|Battle timer is ON: inactive players will automatically lose when time's up. (requested by bellaisokay)
|
|t:|1758970320
|teamsize|p1|6
|teamsize|p2|6
|start
|switch|p1a: Ogerpon|Ogerpon-Wellspring, F|100/100
|switch|p2a: Landorus|Landorus-Therian, M|100/100
|-ability|p2a: Landorus|Intimidate|boost
|-unboost|p1a: Ogerpon|atk|1
|turn|1
|
|t:|1758970330
|move|p1a: Ogerpon|Ivy Cudgel|p2a: Landorus|[anim] Ivy Cudgel Water
|-supereffective|p2a: Landorus
|-damage|p2a: Landorus|30/100
|move|p2a: Landorus|Fling|p1a: Ogerpon
|-damage|p1a: Ogerpon|88/100
|-status|p1a: Ogerpon|par
|-enditem|p2a: Landorus|Light Ball|[from] move: Fling
|
|upkeep
|turn|2
|
|t:|1758970342
|move|p2a: Landorus|U-turn|p1a: Ogerpon
|-supereffective|p1a: Ogerpon
|-damage|p1a: Ogerpon|31/100 par
|
|t:|1758970343
|switch|p2a: Serperior|Serperior, M|100/100|[from] U-turn
|move|p1a: Ogerpon|Ivy Cudgel|p2a: Serperior|[anim] Ivy Cudgel Water
|-resisted|p2a: Serperior
|-damage|p2a: Serperior|82/100
|
|upkeep
|turn|3
|inactive|saidinho10 has 120 seconds left.
|
|t:|1758970374
|switch|p1a: Hatterene|Hatterene, F|100/100
|move|p2a: Serperior|Leaf Storm|p1a: Hatterene
|-damage|p1a: Hatterene|73/100
|-boost|p2a: Serperior|spa|2
|
|upkeep
|turn|4
|
|t:|1758970390
|move|p2a: Serperior|Leaf Storm|p1a: Hatterene
|-crit|p1a: Hatterene
|-damage|p1a: Hatterene|1/100
|-boost|p2a: Serperior|spa|2
|move|p1a: Hatterene|Psyshock|p2a: Serperior
|-crit|p2a: Serperior
|-damage|p2a: Serperior|14/100
|
|upkeep
|turn|5
|inactive|bellaisokay has 120 seconds left.
|
|t:|1758970431
|move|p2a: Serperior|Reflect|p2a: Serperior
|-sidestart|p2: bellaisokay|Reflect
|move|p1a: Hatterene|Mystical Fire|p2a: Serperior
|-supereffective|p2a: Serperior
|-damage|p2a: Serperior|0 fnt
|faint|p2a: Serperior
|
|upkeep
|
|t:|1758970433
|switch|p2a: Greninja|Greninja, M|100/100
|turn|6
|
|t:|1758970436
|move|p2a: Greninja|Ice Beam|p1a: Hatterene
|-damage|p1a: Hatterene|0 fnt
|faint|p1a: Hatterene
|-ability|p2a: Greninja|Battle Bond|boost
|-boost|p2a: Greninja|atk|1
|-boost|p2a: Greninja|spa|1
|-boost|p2a: Greninja|spe|1
|-activate|p2a: Greninja|ability: Battle Bond
|-damage|p2a: Greninja|91/100|[from] item: Life Orb
|
|upkeep
|
|t:|1758970453
|switch|p1a: Raging Bolt|Raging Bolt|100/100
|-enditem|p1a: Raging Bolt|Booster Energy
|-activate|p1a: Raging Bolt|ability: Protosynthesis|[fromitem]
|-start|p1a: Raging Bolt|protosynthesisspa
|turn|7
|
|t:|1758970458
|move|p2a: Greninja|Water Shuriken|p1a: Raging Bolt
|-resisted|p1a: Raging Bolt
|-damage|p1a: Raging Bolt|94/100
|-resisted|p1a: Raging Bolt
|-crit|p1a: Raging Bolt
|-damage|p1a: Raging Bolt|84/100
|-hitcount|p1a: Raging Bolt|2
|-damage|p2a: Greninja|81/100|[from] item: Life Orb
|move|p1a: Raging Bolt|Thunderclap||[still]
|-fail|p1a: Raging Bolt
|
|upkeep
|turn|8
|
|t:|1758970461
|move|p2a: Greninja|Water Shuriken|p1a: Raging Bolt
|-resisted|p1a: Raging Bolt
|-damage|p1a: Raging Bolt|77/100
|-resisted|p1a: Raging Bolt
|-damage|p1a: Raging Bolt|70/100
|-resisted|p1a: Raging Bolt
|-damage|p1a: Raging Bolt|63/100
|-resisted|p1a: Raging Bolt
|-damage|p1a: Raging Bolt|56/100
|-resisted|p1a: Raging Bolt
|-damage|p1a: Raging Bolt|49/100
|-hitcount|p1a: Raging Bolt|5
|-damage|p2a: Greninja|71/100|[from] item: Life Orb
|move|p1a: Raging Bolt|Thunderclap||[still]
|-fail|p1a: Raging Bolt
|
|upkeep
|turn|9
|
|t:|1758970466
|move|p2a: Greninja|Water Shuriken|p1a: Raging Bolt
|-resisted|p1a: Raging Bolt
|-damage|p1a: Raging Bolt|42/100
|-resisted|p1a: Raging Bolt
|-damage|p1a: Raging Bolt|36/100
|-resisted|p1a: Raging Bolt
|-damage|p1a: Raging Bolt|28/100
|-resisted|p1a: Raging Bolt
|-damage|p1a: Raging Bolt|21/100
|-resisted|p1a: Raging Bolt
|-damage|p1a: Raging Bolt|15/100
|-hitcount|p1a: Raging Bolt|5
|-damage|p2a: Greninja|61/100|[from] item: Life Orb
|move|p1a: Raging Bolt|Thunderclap||[still]
|-fail|p1a: Raging Bolt
|
|upkeep
|turn|10
|
|t:|1758970471
|-end|p1a: Raging Bolt|Protosynthesis|[silent]
|switch|p1a: Ogerpon|Ogerpon-Wellspring, F|31/100 par
|move|p2a: Greninja|Water Shuriken|p1a: Ogerpon
|-heal|p1a: Ogerpon|56/100 par|[from] ability: Water Absorb|[of] p2a: Greninja
|
|upkeep
|turn|11
|
|t:|1758970480
|move|p2a: Greninja|Dark Pulse|p1a: Ogerpon
|-damage|p1a: Ogerpon|0 fnt
|faint|p1a: Ogerpon
|-damage|p2a: Greninja|51/100|[from] item: Life Orb
|
|upkeep
|
|t:|1758970485
|switch|p1a: Zamazenta|Zamazenta|100/100
|-ability|p1a: Zamazenta|Dauntless Shield|boost
|-boost|p1a: Zamazenta|def|1
|turn|12
|
|t:|1758970488
|-terastallize|p2a: Greninja|Water
|move|p2a: Greninja|Hydro Pump|p1a: Zamazenta
|-damage|p1a: Zamazenta|0 fnt
|faint|p1a: Zamazenta
|-damage|p2a: Greninja|42/100|[from] item: Life Orb
|
|-sideend|p2: bellaisokay|Reflect
|upkeep
|
|t:|1758970502
|switch|p1a: Raging Bolt|Raging Bolt|15/100
|turn|13
|
|t:|1758970505
|move|p2a: Greninja|Water Shuriken|p1a: Raging Bolt
|-resisted|p1a: Raging Bolt
|-damage|p1a: Raging Bolt|5/100
|-resisted|p1a: Raging Bolt
|-damage|p1a: Raging Bolt|0 fnt
|faint|p1a: Raging Bolt
|-end|p1a: Raging Bolt|Protosynthesis|[silent]
|-hitcount|p1: Raging Bolt|2
|-damage|p2a: Greninja|32/100|[from] item: Life Orb
|
|upkeep
|
|t:|1758970509
|switch|p1a: Glimmora|Glimmora, M|100/100
|turn|14
|
|t:|1758970511
|move|p2a: Greninja|Water Shuriken|p1a: Glimmora
|-supereffective|p1a: Glimmora
|-damage|p1a: Glimmora|48/100
|-supereffective|p1a: Glimmora
|-damage|p1a: Glimmora|0 fnt
|faint|p1a: Glimmora
|-hitcount|p1: Glimmora|2
|-damage|p2a: Greninja|22/100|[from] item: Life Orb
|
|upkeep
|
|t:|1758970514
|switch|p1a: Ceruledge|Ceruledge, M|100/100
|turn|15
|
|t:|1758970518
|move|p2a: Greninja|Water Shuriken|p1a: Ceruledge
|-supereffective|p1a: Ceruledge
|-damage|p1a: Ceruledge|54/100
|-supereffective|p1a: Ceruledge
|-damage|p1a: Ceruledge|11/100
|-supereffective|p1a: Ceruledge
|-damage|p1a: Ceruledge|0 fnt
|faint|p1a: Ceruledge
|-hitcount|p1: Ceruledge|3
|-damage|p2a: Greninja|12/100|[from] item: Life Orb
|
|win|bellaisokay
|raw|saidinho10's rating: 1637 &rarr; <strong>1617</strong><br />(-20 for losing)
|raw|bellaisokay's rating: 1634 &rarr; <strong>1654</strong><br />(+20 for winning)
|c|☆bellaisokay|ggs
|l|☆saidinho10
|player|p1|
|l|☆bellaisokay
|player|p2|
