|j|☆Mik22
|j|☆SunStar090
|t:|1758931421
|gametype|singles
|player|p1|Mik22|170|1529
|player|p2|SunStar090|170|1590
|gen|9
|tier|[Gen 9] OU
|rated|
|rule|HP Percentage Mod: HP is shown in percentages
|rule|Endless Battle Clause: Forcing endless battles is banned
|rule|Species Clause: Limit one of each Pokémon
|rule|OHKO Clause: OHKO moves are banned
|rule|Evasion Items Clause: Evasion items are banned
|rule|Evasion Moves Clause: Evasion moves are banned
|rule|Evasion Abilities Clause: Evasion abilities are banned
|rule|Sleep Moves Clause: Sleep-inducing moves are banned
|clearpoke
|poke|p1|Kingambit, M|
|poke|p1|Pelipper, M|
|poke|p1|Kingdra, F|
|poke|p1|Iron Hands|
|poke|p1|Ogerpon-Wellspring, F|
|poke|p1|Hoopa-Unbound|
|poke|p2|Kyurem|
|poke|p2|Corviknight, M|
|poke|p2|Ting-Lu|
|poke|p2|Dondozo, M|
|poke|p2|Slowking-Galar, L99, F|
|poke|p2|Cinderace, M|
|teampreview
|inactive|Battle timer is ON: inactive players will automatically lose when time's up. (requested by Mik22)
|
|t:|1758931428
|teamsize|p1|6
|teamsize|p2|6
|start
|switch|p1a: Pelipper|Pelipper, M|100/100
|switch|p2a: Kyurem|Kyurem|100/100
|-ability|p2a: Kyurem|Pressure
|-weather|RainDance|[from] ability: Drizzle|[of] p1a: Pelipper
|turn|1
|
|t:|1758931436
|switch|p1a: Hoopa|Hoopa-Unbound|100/100
|move|p2a: Kyurem|Substitute|p2a: Kyurem
|-start|p2a: Kyurem|Substitute
|-damage|p2a: Kyurem|75/100
|
|-weather|RainDance|[upkeep]
|-heal|p2a: Kyurem|82/100|[from] item: Leftovers
|upkeep
|turn|2
|
|t:|1758931440
|move|p2a: Kyurem|Protect|p2a: Kyurem
|-singleturn|p2a: Kyurem|Protect
|move|p1a: Hoopa|Drain Punch|p2a: Kyurem
|-activate|p2a: Kyurem|move: Protect
|
|-weather|RainDance|[upkeep]
|-heal|p2a: Kyurem|88/100|[from] item: Leftovers
|upkeep
|turn|3
|
|t:|1758931448
|move|p2a: Kyurem|Freeze-Dry|p1a: Hoopa
|-damage|p1a: Hoopa|82/100
|move|p1a: Hoopa|Drain Punch|p2a: Kyurem
|-supereffective|p2a: Kyurem
|-end|p2a: Kyurem|Substitute
|-heal|p1a: Hoopa|96/100|[from] drain|[of] p2a: Kyurem
|
|-weather|RainDance|[upkeep]
|-heal|p2a: Kyurem|94/100|[from] item: Leftovers
|upkeep
|turn|4
|
|t:|1758931457
|move|p2a: Kyurem|Protect|p2a: Kyurem
|-singleturn|p2a: Kyurem|Protect
|move|p1a: Hoopa|Drain Punch|p2a: Kyurem
|-activate|p2a: Kyurem|move: Protect
|
|-weather|RainDance|[upkeep]
|-heal|p2a: Kyurem|99/100|[from] item: Leftovers
|upkeep
|turn|5
|
|t:|1758931477
|switch|p2a: Cinderace|Cinderace, M|100/100
|move|p1a: Hoopa|Drain Punch|p2a: Cinderace
|-damage|p2a: Cinderace|72/100
|-heal|p1a: Hoopa|100/100|[from] drain|[of] p2a: Cinderace
|
|-weather|RainDance|[upkeep]
|upkeep
|turn|6
|
|t:|1758931487
|switch|p1a: Iron Hands|Iron Hands|100/100
|move|p2a: Cinderace|U-turn|p1a: Iron Hands
|-resisted|p1a: Iron Hands
|-damage|p1a: Iron Hands|95/100
|inactive|SunStar090 has 120 seconds left.
|
|t:|1758931513
|switch|p2a: Corviknight|Corviknight, M|100/100|[from] U-turn
|-ability|p2a: Corviknight|Pressure
|
|-weather|RainDance|[upkeep]
|upkeep
|turn|7
|inactive|SunStar090 has 120 seconds left.
|
|t:|1758931519
|move|p2a: Corviknight|Brave Bird|p1a: Iron Hands
|-damage|p1a: Iron Hands|72/100
|-damage|p2a: Corviknight|91/100|[from] Recoil
|move|p1a: Iron Hands|Swords Dance|p1a: Iron Hands
|-boost|p1a: Iron Hands|atk|2
|
|-weather|RainDance|[upkeep]
|upkeep
|turn|8
|inactive|SunStar090 has 120 seconds left.
|
|t:|1758931531
|move|p2a: Corviknight|Brave Bird|p1a: Iron Hands
|-damage|p1a: Iron Hands|49/100
|-damage|p2a: Corviknight|81/100|[from] Recoil
|move|p1a: Iron Hands|Drain Punch|p2a: Corviknight
|-damage|p2a: Corviknight|25/100
|-heal|p1a: Iron Hands|71/100|[from] drain|[of] p2a: Corviknight
|-damage|p1a: Iron Hands|54/100|[from] item: Rocky Helmet|[of] p2a: Corviknight
|
|-weather|none
|upkeep
|turn|9
|inactive|SunStar090 has 120 seconds left.
|
|t:|1758931542
|move|p2a: Corviknight|Brave Bird|p1a: Iron Hands
|-damage|p1a: Iron Hands|32/100
|-damage|p2a: Corviknight|16/100|[from] Recoil
|move|p1a: Iron Hands|Drain Punch|p2a: Corviknight
|-damage|p2a: Corviknight|0 fnt
|-heal|p1a: Iron Hands|38/100|[from] drain|[of] p2a: Corviknight
|-damage|p1a: Iron Hands|22/100|[from] item: Rocky Helmet|[of] p2a: Corviknight
|faint|p2a: Corviknight
|
|upkeep
|inactive|SunStar090 has 120 seconds left.
|
|t:|1758931552
|switch|p2a: Cinderace|Cinderace, M|72/100
|turn|10
|
|t:|1758931556
|move|p2a: Cinderace|Pyro Ball|p1a: Iron Hands
|-damage|p1a: Iron Hands|0 fnt
|faint|p1a: Iron Hands
|-end|p1a: Iron Hands|Quark Drive|[silent]
|
|upkeep
|
|t:|1758931559
|switch|p1a: Pelipper|Pelipper, M|100/100
|-weather|RainDance|[from] ability: Drizzle|[of] p1a: Pelipper
|turn|11
|
|t:|1758931562
|move|p2a: Cinderace|U-turn|p1a: Pelipper
|-resisted|p1a: Pelipper
|-crit|p1a: Pelipper
|-damage|p1a: Pelipper|89/100
|
|t:|1758931569
|switch|p2a: Slowking|Slowking-Galar, L99, F|100/100|[from] U-turn
|move|p1a: Pelipper|U-turn|p2a: Slowking
|-damage|p2a: Slowking|90/100
|
|t:|1758931575
|switch|p1a: Kingambit|Kingambit, M, shiny|100/100|[from] U-turn
|-activate|p1a: Kingambit|ability: Supreme Overlord
|-start|p1a: Kingambit|fallen1|[silent]
|
|-weather|RainDance|[upkeep]
|upkeep
|turn|12
|
|t:|1758931595
|switch|p2a: Ting-Lu|Ting-Lu|100/100
|-ability|p2a: Ting-Lu|Vessel of Ruin
|move|p1a: Kingambit|Kowtow Cleave|p2a: Ting-Lu
|-resisted|p2a: Ting-Lu
|-damage|p2a: Ting-Lu|84/100
|
|-weather|RainDance|[upkeep]
|-heal|p2a: Ting-Lu|90/100|[from] item: Leftovers
|upkeep
|turn|13
|
|t:|1758931607
|move|p1a: Kingambit|Low Kick|p2a: Ting-Lu
|-supereffective|p2a: Ting-Lu
|-damage|p2a: Ting-Lu|28/100
|move|p2a: Ting-Lu|Earthquake|p1a: Kingambit
|-supereffective|p1a: Kingambit
|-damage|p1a: Kingambit|34/100
|
|-weather|RainDance|[upkeep]
|-heal|p2a: Ting-Lu|35/100|[from] item: Leftovers
|upkeep
|turn|14
|
|t:|1758931626
|move|p1a: Kingambit|Low Kick|p2a: Ting-Lu
|-supereffective|p2a: Ting-Lu
|-damage|p2a: Ting-Lu|0 fnt
|faint|p2a: Ting-Lu
|
|-weather|RainDance|[upkeep]
|upkeep
|
|t:|1758931630
|switch|p2a: Kyurem|Kyurem|99/100
|-ability|p2a: Kyurem|Pressure
|turn|15
|
|t:|1758931633
|-end|p1a: Kingambit|fallen1|[silent]
|switch|p1a: Hoopa|Hoopa-Unbound|100/100
|move|p2a: Kyurem|Earth Power|p1a: Hoopa
|-damage|p1a: Hoopa|85/100
|-unboost|p1a: Hoopa|spd|1
|
|-weather|RainDance|[upkeep]
|-heal|p2a: Kyurem|100/100|[from] item: Leftovers
|upkeep
|turn|16
|
|t:|1758931641
|switch|p2a: Cinderace|Cinderace, M|72/100
|move|p1a: Hoopa|Drain Punch|p2a: Cinderace
|-damage|p2a: Cinderace|39/100
|-heal|p1a: Hoopa|100/100|[from] drain|[of] p2a: Cinderace
|
|-weather|RainDance|[upkeep]
|upkeep
|turn|17
|
|t:|1758931646
|move|p2a: Cinderace|U-turn|p1a: Hoopa
|-supereffective|p1a: Hoopa
|-damage|p1a: Hoopa|22/100
|
|t:|1758931651
|switch|p2a: Slowking|Slowking-Galar, L99, F|100/100|[from] U-turn
|move|p1a: Hoopa|Psychic Noise|p2a: Slowking
|-damage|p2a: Slowking|71/100
|-start|p2a: Slowking|move: Heal Block
|
|-weather|RainDance|[upkeep]
|upkeep
|turn|18
|
|t:|1758931667
|switch|p2a: Kyurem|Kyurem|100/100
|-ability|p2a: Kyurem|Pressure
|move|p1a: Hoopa|Psychic Noise|p2a: Kyurem
|-damage|p2a: Kyurem|57/100
|-start|p2a: Kyurem|move: Heal Block
|
|-weather|none
|upkeep
|turn|19
|
|t:|1758931673
|move|p2a: Kyurem|Freeze-Dry|p1a: Hoopa
|-damage|p1a: Hoopa|0 fnt
|faint|p1a: Hoopa
|
|-end|p2a: Kyurem|move: Heal Block
|upkeep
|
|t:|1758931685
|switch|p1a: Kingambit|Kingambit, M, shiny|34/100
|-activate|p1a: Kingambit|ability: Supreme Overlord
|-start|p1a: Kingambit|fallen2|[silent]
|turn|20
|
|t:|1758931693
|move|p2a: Kyurem|Protect|p2a: Kyurem
|-singleturn|p2a: Kyurem|Protect
|move|p1a: Kingambit|Low Kick|p2a: Kyurem
|-activate|p2a: Kyurem|move: Protect
|
|-heal|p2a: Kyurem|64/100|[from] item: Leftovers
|upkeep
|turn|21
|
|t:|1758931699
|move|p1a: Kingambit|Sucker Punch|p2a: Kyurem
|-damage|p2a: Kyurem|11/100
|move|p2a: Kyurem|Earth Power|p1a: Kingambit
|-supereffective|p1a: Kingambit
|-damage|p1a: Kingambit|0 fnt
|faint|p1a: Kingambit
|-end|p1a: Kingambit|fallen2|[silent]
|
|-heal|p2a: Kyurem|18/100|[from] item: Leftovers
|upkeep
|
|t:|1758931705
|switch|p1a: Ogerpon|Ogerpon-Wellspring, F|100/100
|turn|22
|
|t:|1758931711
|move|p2a: Kyurem|Protect|p2a: Kyurem
|-singleturn|p2a: Kyurem|Protect
|move|p1a: Ogerpon|Ivy Cudgel|p2a: Kyurem|[anim] Ivy Cudgel Water
|-activate|p2a: Kyurem|move: Protect
|
|-heal|p2a: Kyurem|24/100|[from] item: Leftovers
|upkeep
|turn|23
|
|t:|1758931717
|move|p1a: Ogerpon|Ivy Cudgel|p2a: Kyurem|[anim] Ivy Cudgel Water
|-resisted|p2a: Kyurem
|-damage|p2a: Kyurem|0 fnt
|faint|p2a: Kyurem
|
|upkeep
|
|t:|1758931720
|switch|p2a: Cinderace|Cinderace, M|39/100
|turn|24
|
|t:|1758931735
|switch|p1a: Pelipper|Pelipper, M|89/100
|-weather|RainDance|[from] ability: Drizzle|[of] p1a: Pelipper
|move|p2a: Cinderace|Will-O-Wisp|p1a: Pelipper
|-status|p1a: Pelipper|brn
|
|-weather|RainDance|[upkeep]
|-damage|p1a: Pelipper|83/100 brn|[from] brn
|upkeep
|turn|25
|
|t:|1758931744
|move|p2a: Cinderace|Pyro Ball|p1a: Pelipper|[miss]
|-miss|p2a: Cinderace|p1a: Pelipper
|move|p1a: Pelipper|Weather Ball|p2a: Cinderace
|-supereffective|p2a: Cinderace
|-damage|p2a: Cinderace|0 fnt
|faint|p2a: Cinderace
|
|-weather|RainDance|[upkeep]
|-damage|p1a: Pelipper|77/100 brn|[from] brn
|upkeep
|
|t:|1758931748
|switch|p2a: Slowking|Slowking-Galar, L99, F|100/100
|turn|26
|
|t:|1758931752
|move|p1a: Pelipper|U-turn|p2a: Slowking
|-damage|p2a: Slowking|95/100
|
|t:|1758931755
|switch|p1a: Kingdra|Kingdra, F, shiny|100/100|[from] U-turn
|move|p2a: Slowking|Future Sight|p1a: Kingdra
|-start|p2a: Slowking|move: Future Sight
|
|-weather|RainDance|[upkeep]
|upkeep
|turn|27
|
|t:|1758931761
|-terastallize|p2a: Slowking|Water
|move|p1a: Kingdra|Weather Ball|p2a: Slowking
|-resisted|p2a: Slowking
|-damage|p2a: Slowking|68/100
|move|p2a: Slowking|Toxic|p1a: Kingdra
|-status|p1a: Kingdra|tox
|
|-weather|RainDance|[upkeep]
|-damage|p1a: Kingdra|94/100 tox|[from] psn
|upkeep
|turn|28
|
|t:|1758931774
|move|p1a: Kingdra|Weather Ball|p2a: Slowking
|-resisted|p2a: Slowking
|-damage|p2a: Slowking|41/100
|-prepare|p2a: Slowking|Chilly Reception|[premajor]
|move|p2a: Slowking|Chilly Reception|p2a: Slowking
|-weather|Snowscape
|
|t:|1758931776
|switch|p2a: Dondozo|Dondozo, M|100/100|[from] Chilly Reception
|
|-weather|Snowscape|[upkeep]
|-end|p1a: Kingdra|move: Future Sight
|-damage|p1a: Kingdra|39/100 tox
|-damage|p1a: Kingdra|27/100 tox|[from] psn
|upkeep
|turn|29
|inactive|Mik22 has 120 seconds left.
|
|t:|1758931809
|switch|p1a: Pelipper|Pelipper, M|77/100 brn
|-weather|RainDance|[from] ability: Drizzle|[of] p1a: Pelipper
|move|p2a: Dondozo|Curse|p2a: Dondozo
|-unboost|p2a: Dondozo|spe|1
|-boost|p2a: Dondozo|atk|1
|-boost|p2a: Dondozo|def|1
|
|-weather|RainDance|[upkeep]
|-damage|p1a: Pelipper|70/100 brn|[from] brn
|upkeep
|turn|30
|
|t:|1758931822
|switch|p2a: Slowking|Slowking-Galar, L99, F, tera:Water|74/100
|move|p1a: Pelipper|U-turn|p2a: Slowking
|-damage|p2a: Slowking|69/100
|
|t:|1758931828
|switch|p1a: Ogerpon|Ogerpon-Wellspring, F|100/100|[from] U-turn
|
|-weather|RainDance|[upkeep]
|upkeep
|turn|31
|
|t:|1758931835
|move|p1a: Ogerpon|Swords Dance|p1a: Ogerpon
|-boost|p1a: Ogerpon|atk|2
|move|p2a: Slowking|Sludge Bomb|p1a: Ogerpon
|-supereffective|p1a: Ogerpon
|-damage|p1a: Ogerpon|20/100
|-status|p1a: Ogerpon|psn
|
|-weather|RainDance|[upkeep]
|-damage|p1a: Ogerpon|8/100 psn|[from] psn
|upkeep
|turn|32
|
|t:|1758931841
|switch|p2a: Dondozo|Dondozo, M|100/100
|move|p1a: Ogerpon|Horn Leech|p2a: Dondozo
|-supereffective|p2a: Dondozo
|-damage|p2a: Dondozo|62/100
|-heal|p1a: Ogerpon|40/100 psn|[from] drain|[of] p2a: Dondozo
|
|-weather|RainDance|[upkeep]
|-heal|p2a: Dondozo|68/100|[from] item: Leftovers
|-damage|p1a: Ogerpon|27/100 psn|[from] psn
|upkeep
|turn|33
|
|t:|1758931863
|move|p1a: Ogerpon|Horn Leech|p2a: Dondozo
|-supereffective|p2a: Dondozo
|-damage|p2a: Dondozo|30/100
|-heal|p1a: Ogerpon|59/100 psn|[from] drain|[of] p2a: Dondozo
|move|p2a: Dondozo|Body Press|p1a: Ogerpon
|-damage|p1a: Ogerpon|25/100 psn
|
|-weather|RainDance|[upkeep]
|-heal|p2a: Dondozo|36/100|[from] item: Leftovers
|-damage|p1a: Ogerpon|12/100 psn|[from] psn
|upkeep
|turn|34
|
|t:|1758931867
|move|p1a: Ogerpon|Horn Leech|p2a: Dondozo
|-supereffective|p2a: Dondozo
|-damage|p2a: Dondozo|0 fnt
|-heal|p1a: Ogerpon|43/100 psn|[from] drain|[of] p2a: Dondozo
|faint|p2a: Dondozo
|
|-weather|RainDance|[upkeep]
|-damage|p1a: Ogerpon|30/100 psn|[from] psn
|upkeep
|
|t:|1758931869
|switch|p2a: Slowking|Slowking-Galar, L99, F, tera:Water|100/100
|turn|35
|
|t:|1758931881
|move|p1a: Ogerpon|Horn Leech|p2a: Slowking
|-supereffective|p2a: Slowking
|-damage|p2a: Slowking|0 fnt
|-heal|p1a: Ogerpon|95/100 psn|[from] drain|[of] p2a: Slowking
|faint|p2a: Slowking
|
|win|Mik22
|raw|Mik22's rating: 1529 &rarr; <strong>1552</strong><br />(+23 for winning)
|raw|SunStar090's rating: 1590 &rarr; <strong>1567</strong><br />(-23 for losing)
|l|☆Mik22
|player|p1|
