|j|☆DeimosDemon
|j|☆pkamash1
|t:|1759029418
|gametype|singles
|player|p1|DeimosDemon|lance|1427
|player|p2|pkamash1|101|1465
|gen|9
|tier|[Gen 9] OU
|rated|
|rule|HP Percentage Mod: HP is shown in percentages
|rule|Endless Battle Clause: Forcing endless battles is banned
|rule|Species Clause: Limit one of each Pokémon
|rule|OHKO Clause: OHKO moves are banned
|rule|Evasion Items Clause: Evasion items are banned
|rule|Evasion Moves Clause: Evasion moves are banned
|rule|Evasion Abilities Clause: Evasion abilities are banned
|rule|Sleep Moves Clause: Sleep-inducing moves are banned
|clearpoke
|poke|p1|Primarina, F|
|poke|p1|Armarouge, F|
|poke|p1|Indeedee-F, F|
|poke|p1|Great Tusk|
|poke|p1|Landorus-Therian, M|
|poke|p1|Alomomola, F|
|poke|p2|Gliscor, M|
|poke|p2|Ogerpon-Wellspring, F|
|poke|p2|Ninetales-Alola, F|
|poke|p2|Moltres|
|poke|p2|Iron Treads|
|poke|p2|Kyurem|
|teampreview
|inactive|Battle timer is ON: inactive players will automatically lose when time's up. (requested by pkamash1)
|
|t:|1759029426
|teamsize|p1|6
|teamsize|p2|6
|start
|switch|p1a: Primarina|Primarina, F|100/100
|switch|p2a: Ninetales|Ninetales-Alola, F|100/100
|-weather|Snowscape|[from] ability: Snow Warning|[of] p2a: Ninetales
|turn|1
|
|t:|1759029432
|move|p2a: Ninetales|Aurora Veil|p2a: Ninetales
|-sidestart|p2: pkamash1|move: Aurora Veil
|move|p1a: Primarina|Whirlpool|p2a: Ninetales
|-damage|p2a: Ninetales|92/100
|-activate|p2a: Ninetales|move: Whirlpool|[of] p1a: Primarina
|
|-weather|Snowscape|[upkeep]
|-damage|p2a: Ninetales|80/100|[from] move: Whirlpool|[partiallytrapped]
|upkeep
|turn|2
|
|t:|1759029449
|-terastallize|p1a: Primarina|Poison
|move|p2a: Ninetales|Moonblast|p1a: Primarina
|-resisted|p1a: Primarina
|-damage|p1a: Primarina|86/100
|move|p1a: Primarina|Moonblast|p2a: Ninetales
|-damage|p2a: Ninetales|58/100
|
|-weather|Snowscape|[upkeep]
|-heal|p1a: Primarina|92/100|[from] item: Leftovers
|-damage|p2a: Ninetales|46/100|[from] move: Whirlpool|[partiallytrapped]
|upkeep
|turn|3
|
|t:|1759029467
|move|p2a: Ninetales|Blizzard|p1a: Primarina
|-damage|p1a: Primarina|61/100
|move|p1a: Primarina|Moonblast|p2a: Ninetales
|-damage|p2a: Ninetales|22/100
|
|-weather|Snowscape|[upkeep]
|-heal|p1a: Primarina|67/100|[from] item: Leftovers
|-damage|p2a: Ninetales|10/100|[from] move: Whirlpool|[partiallytrapped]
|upkeep
|turn|4
|
|t:|1759029475
|move|p1a: Primarina|Protect|p1a: Primarina
|-singleturn|p1a: Primarina|Protect
|move|p2a: Ninetales|Blizzard|p1a: Primarina
|-activate|p1a: Primarina|move: Protect
|
|-weather|Snowscape|[upkeep]
|-heal|p1a: Primarina|73/100|[from] item: Leftovers
|-damage|p2a: Ninetales|0 fnt|[from] move: Whirlpool|[partiallytrapped]
|faint|p2a: Ninetales
|upkeep
|
|t:|1759029484
|switch|p2a: Kyurem|Kyurem|100/100
|-ability|p2a: Kyurem|Pressure
|turn|5
|
|t:|1759029495
|move|p2a: Kyurem|Dragon Dance|p2a: Kyurem
|-boost|p2a: Kyurem|atk|1
|-boost|p2a: Kyurem|spe|1
|move|p1a: Primarina|Moonblast|p2a: Kyurem
|-supereffective|p2a: Kyurem
|-damage|p2a: Kyurem|61/100
|
|-weather|none
|-heal|p1a: Primarina|79/100|[from] item: Leftovers
|upkeep
|turn|6
|
|t:|1759029503
|move|p2a: Kyurem|Icicle Spear|p1a: Primarina
|-damage|p1a: Primarina|59/100
|-damage|p1a: Primarina|39/100
|-damage|p1a: Primarina|20/100
|-damage|p1a: Primarina|1/100
|-damage|p1a: Primarina|0 fnt
|faint|p1a: Primarina
|-hitcount|p1: Primarina|5
|
|upkeep
|
|t:|1759029527
|switch|p1a: Indeedee|Indeedee-F, F|100/100
|-fieldstart|move: Psychic Terrain|[from] ability: Psychic Surge|[of] p1a: Indeedee
|turn|7
|
|t:|1759029530
|move|p2a: Kyurem|Icicle Spear|p1a: Indeedee
|-damage|p1a: Indeedee|80/100
|-damage|p1a: Indeedee|60/100
|-damage|p1a: Indeedee|38/100
|-damage|p1a: Indeedee|16/100
|-hitcount|p1a: Indeedee|4
|move|p1a: Indeedee|Alluring Voice|p2a: Kyurem
|-supereffective|p2a: Kyurem
|-damage|p2a: Kyurem|44/100
|
|upkeep
|turn|8
|
|t:|1759029539
|move|p2a: Kyurem|Icicle Spear|p1a: Indeedee
|-damage|p1a: Indeedee|0 fnt
|faint|p1a: Indeedee
|-hitcount|p1: Indeedee|1
|
|-sideend|p2: pkamash1|move: Aurora Veil
|upkeep
|
|t:|1759029554
|switch|p1a: Armarouge|Armarouge, F|100/100
|turn|9
|
|t:|1759029563
|-terastallize|p2a: Kyurem|Ground
|move|p1a: Armarouge|Endure|p1a: Armarouge
|-singleturn|p1a: Armarouge|move: Endure
|move|p2a: Kyurem|Tera Blast|p1a: Armarouge|[anim] Tera Blast Ground
|-supereffective|p1a: Armarouge
|-activate|p1a: Armarouge|move: Endure
|-damage|p1a: Armarouge|1/100
|-ability|p1a: Armarouge|Weak Armor|boost
|-unboost|p1a: Armarouge|def|1
|-boost|p1a: Armarouge|spe|2
|-enditem|p1a: Armarouge|Weakness Policy
|-boost|p1a: Armarouge|atk|2|[from] item: Weakness Policy
|-boost|p1a: Armarouge|spa|2|[from] item: Weakness Policy
|
|upkeep
|turn|10
|
|t:|1759029583
|move|p1a: Armarouge|Expanding Force|p2a: Kyurem
|-damage|p2a: Kyurem|0 fnt
|faint|p2a: Kyurem
|
|upkeep
|
|t:|1759029594
|switch|p2a: Moltres|Moltres|100/100
|turn|11
|
|t:|1759029598
|move|p1a: Armarouge|Expanding Force|p2a: Moltres
|-damage|p2a: Moltres|0 fnt
|faint|p2a: Moltres
|
|upkeep
|
|t:|1759029603
|switch|p2a: Gliscor|Gliscor, M|100/100
|turn|12
|
|t:|1759029607
|move|p2a: Gliscor|Protect|p2a: Gliscor
|-singleturn|p2a: Gliscor|Protect
|move|p1a: Armarouge|Expanding Force|p2a: Gliscor
|-activate|p2a: Gliscor|move: Protect
|
|-status|p2a: Gliscor|tox|[from] item: Toxic Orb
|upkeep
|turn|13
|
|t:|1759029614
|switch|p2a: Iron Treads|Iron Treads|100/100
|move|p1a: Armarouge|Expanding Force|p2a: Iron Treads
|-resisted|p2a: Iron Treads
|-damage|p2a: Iron Treads|28/100
|
|upkeep
|turn|14
|
|t:|1759029620
|move|p1a: Armarouge|Expanding Force|p2a: Iron Treads
|-resisted|p2a: Iron Treads
|-damage|p2a: Iron Treads|0 fnt
|faint|p2a: Iron Treads
|-end|p2a: Iron Treads|Quark Drive|[silent]
|
|-fieldend|move: Psychic Terrain
|upkeep
|
|t:|1759029626
|switch|p2a: Gliscor|Gliscor, M|100/100 tox
|turn|15
|
|t:|1759029631
|move|p1a: Armarouge|Armor Cannon|p2a: Gliscor
|-damage|p2a: Gliscor|0 fnt
|-unboost|p1a: Armarouge|def|1
|-unboost|p1a: Armarouge|spd|1
|faint|p2a: Gliscor
|
|upkeep
|
|t:|1759029638
|switch|p2a: Ogerpon|Ogerpon-Wellspring, F|100/100
|turn|16
|
|t:|1759029641
|move|p1a: Armarouge|Expanding Force|p2a: Ogerpon
|-damage|p2a: Ogerpon|3/100
|move|p2a: Ogerpon|Trailblaze|p1a: Armarouge
|-resisted|p1a: Armarouge
|-damage|p1a: Armarouge|0 fnt
|-boost|p2a: Ogerpon|spe|1
|faint|p1a: Armarouge
|
|upkeep
|
|t:|1759029646
|switch|p1a: Landorus|Landorus-Therian, M|100/100
|-ability|p1a: Landorus|Intimidate|boost
|-unboost|p2a: Ogerpon|atk|1
|turn|17
|
|t:|1759029655
|move|p2a: Ogerpon|Horn Leech|p1a: Landorus
|-damage|p1a: Landorus|67/100
|-heal|p2a: Ogerpon|21/100|[from] drain|[of] p1a: Landorus
|move|p1a: Landorus|U-turn|p2a: Ogerpon
|-supereffective|p2a: Ogerpon
|-damage|p2a: Ogerpon|0 fnt
|faint|p2a: Ogerpon
|
|win|DeimosDemon
|raw|DeimosDemon's rating: 1427 &rarr; <strong>1449</strong><br />(+22 for winning)
|raw|pkamash1's rating: 1465 &rarr; <strong>1443</strong><br />(-22 for losing)
|l|☆DeimosDemon
|player|p1|
|l|☆pkamash1
|player|p2|
