|j|☆BaldersGate
|j|☆yuupplkjhg
|t:|1758963693
|gametype|singles
|player|p1|BaldersGate|lance|1241
|player|p2|yuupplkjhg|265|1303
|gen|9
|tier|[Gen 9] OU
|rated|
|rule|HP Percentage Mod: HP is shown in percentages
|rule|Endless Battle Clause: Forcing endless battles is banned
|rule|Species Clause: Limit one of each Pokémon
|rule|OHKO Clause: OHKO moves are banned
|rule|Evasion Items Clause: Evasion items are banned
|rule|Evasion Moves Clause: Evasion moves are banned
|rule|Evasion Abilities Clause: Evasion abilities are banned
|rule|Sleep Moves Clause: Sleep-inducing moves are banned
|clearpoke
|poke|p1|Gholdengo|
|poke|p1|Zamazenta-*|
|poke|p1|Ting-Lu|
|poke|p1|Clefable, F|
|poke|p1|Dragonite, M|
|poke|p1|Deoxys-Speed|
|poke|p2|Diancie|
|poke|p2|Hatterene, F|
|poke|p2|Ursaluna, F|
|poke|p2|Hoopa-Unbound|
|poke|p2|Sinistcha|
|poke|p2|Iron Hands|
|teampreview
|inactive|Battle timer is ON: inactive players will automatically lose when time's up. (requested by BaldersGate)
|inactive|BaldersGate has 120 seconds left.
|
|t:|1758963730
|teamsize|p1|6
|teamsize|p2|6
|start
|switch|p1a: Gholdengo|Gholdengo|100/100
|switch|p2a: Hatterene|Hatterene, F|100/100
|turn|1
|
|t:|1758963744
|switch|p2a: Hoopa|Hoopa-Unbound|100/100
|move|p1a: Gholdengo|Nasty Plot|p1a: Gholdengo
|-boost|p1a: Gholdengo|spa|2
|
|upkeep
|turn|2
|
|t:|1758963749
|-terastallize|p1a: Gholdengo|Fairy
|move|p1a: Gholdengo|Make It Rain|p2a: Hoopa
|-damage|p2a: Hoopa|25/100
|-unboost|p1a: Gholdengo|spa|1
|move|p2a: Hoopa|Trick Room|p2a: Hoopa
|-fieldstart|move: Trick Room|[of] p2a: Hoopa
|
|upkeep
|turn|3
|
|t:|1758963760
|move|p2a: Hoopa|Psychic|p1a: Gholdengo
|-damage|p1a: Gholdengo|46/100
|-unboost|p1a: Gholdengo|spd|1
|-damage|p2a: Hoopa|15/100|[from] item: Life Orb
|move|p1a: Gholdengo|Make It Rain|p2a: Hoopa
|-damage|p2a: Hoopa|0 fnt
|-unboost|p1a: Gholdengo|spa|1
|faint|p2a: Hoopa
|
|upkeep
|inactive|yuupplkjhg has 120 seconds left.
|
|t:|1758963803
|switch|p2a: Sinistcha|Sinistcha, shiny|100/100
|turn|4
|
|t:|1758963820
|move|p2a: Sinistcha|Matcha Gotcha|p1a: Gholdengo
|-damage|p1a: Gholdengo|0 fnt
|faint|p1a: Gholdengo
|-damage|p2a: Sinistcha|91/100|[from] item: Life Orb
|
|upkeep
|
|t:|1758963829
|switch|p1a: Dragonite|Dragonite, M|100/100
|turn|5
|
|t:|1758963836
|switch|p2a: Iron Hands|Iron Hands|100/100
|move|p1a: Dragonite|Dragon Tail|p2a: Iron Hands
|-damage|p2a: Iron Hands|80/100
|-end|p2a: Iron Hands|Quark Drive|[silent]
|drag|p2a: Diancie|Diancie|100/100
|
|upkeep
|turn|6
|
|t:|1758963843
|switch|p1a: Clefable|Clefable, F|100/100
|move|p2a: Diancie|Diamond Storm|p1a: Clefable
|-damage|p1a: Clefable|52/100
|-boost|p2a: Diancie|def|2
|-damage|p2a: Diancie|91/100|[from] item: Life Orb
|
|-fieldend|move: Trick Room
|upkeep
|turn|7
|
|t:|1758963854
|move|p1a: Clefable|Moonlight|p1a: Clefable
|-heal|p1a: Clefable|100/100
|move|p2a: Diancie|Diamond Storm|p1a: Clefable
|-damage|p1a: Clefable|55/100
|-damage|p2a: Diancie|81/100|[from] item: Life Orb
|
|upkeep
|turn|8
|
|t:|1758963862
|move|p1a: Clefable|Moonlight|p1a: Clefable
|-heal|p1a: Clefable|100/100
|move|p2a: Diancie|Trick Room|p2a: Diancie
|-fieldstart|move: Trick Room|[of] p2a: Diancie
|
|upkeep
|turn|9
|
|t:|1758963868
|switch|p2a: Ursaluna|Ursaluna, F|100/100
|move|p1a: Clefable|Moonlight|p1a: Clefable
|-fail|p1a: Clefable|heal
|
|-status|p2a: Ursaluna|brn|[from] item: Flame Orb
|upkeep
|turn|10
|
|t:|1758963880
|move|p2a: Ursaluna|Facade|p1a: Clefable
|-crit|p1a: Clefable
|-damage|p1a: Clefable|0 fnt
|-damage|p2a: Ursaluna|84/100 brn|[from] item: Rocky Helmet|[of] p1a: Clefable
|faint|p1a: Clefable
|
|-damage|p2a: Ursaluna|78/100 brn|[from] brn
|upkeep
|
|t:|1758963894
|switch|p1a: Dragonite|Dragonite, M|100/100
|turn|11
|
|t:|1758963899
|move|p2a: Ursaluna|Facade|p1a: Dragonite
|-damage|p1a: Dragonite|38/100
|move|p1a: Dragonite|Earthquake|p2a: Ursaluna
|-damage|p2a: Ursaluna|52/100 brn
|
|-damage|p2a: Ursaluna|46/100 brn|[from] brn
|upkeep
|turn|12
|
|t:|1758963910
|move|p1a: Dragonite|Extreme Speed|p2a: Ursaluna
|-damage|p2a: Ursaluna|25/100 brn
|move|p2a: Ursaluna|Facade|p1a: Dragonite
|-damage|p1a: Dragonite|0 fnt
|faint|p1a: Dragonite
|
|-damage|p2a: Ursaluna|19/100 brn|[from] brn
|-fieldend|move: Trick Room
|upkeep
|
|t:|1758963920
|switch|p1a: Deoxys|Deoxys-Speed|100/100
|-ability|p1a: Deoxys|Pressure
|turn|13
|
|t:|1758963938
|switch|p2a: Diancie|Diancie|81/100
|move|p1a: Deoxys|Nasty Plot|p1a: Deoxys
|-boost|p1a: Deoxys|spa|2
|
|upkeep
|turn|14
|
|t:|1758963945
|move|p1a: Deoxys|Psycho Boost|p2a: Diancie|[miss]
|-miss|p1a: Deoxys|p2a: Diancie
|move|p2a: Diancie|Trick Room|p2a: Diancie
|-fieldstart|move: Trick Room|[of] p2a: Diancie
|
|upkeep
|turn|15
|
|t:|1758963948
|move|p2a: Diancie|Diamond Storm|p1a: Deoxys
|-damage|p1a: Deoxys|16/100
|-boost|p2a: Diancie|def|2
|-damage|p2a: Diancie|71/100|[from] item: Life Orb
|move|p1a: Deoxys|Psycho Boost|p2a: Diancie
|-damage|p2a: Diancie|0 fnt
|-unboost|p1a: Deoxys|spa|2
|faint|p2a: Diancie
|
|upkeep
|
|t:|1758963969
|switch|p2a: Hatterene|Hatterene, F|100/100
|turn|16
|
|t:|1758963974
|move|p2a: Hatterene|Dazzling Gleam|p1a: Deoxys
|-damage|p1a: Deoxys|0 fnt
|faint|p1a: Deoxys
|
|upkeep
|
|t:|1758963976
|switch|p1a: Ting-Lu|Ting-Lu|100/100
|-ability|p1a: Ting-Lu|Vessel of Ruin
|turn|17
|
|t:|1758963980
|move|p2a: Hatterene|Dazzling Gleam|p1a: Ting-Lu
|-supereffective|p1a: Ting-Lu
|-crit|p1a: Ting-Lu
|-damage|p1a: Ting-Lu|43/100
|move|p1a: Ting-Lu|Ruination|p2a: Hatterene
|-damage|p2a: Hatterene|50/100
|
|-heal|p1a: Ting-Lu|49/100|[from] item: Leftovers
|upkeep
|turn|18
|
|t:|1758963996
|move|p2a: Hatterene|Dazzling Gleam|p1a: Ting-Lu
|-supereffective|p1a: Ting-Lu
|-damage|p1a: Ting-Lu|9/100
|move|p1a: Ting-Lu|Earthquake|p2a: Hatterene
|-crit|p2a: Hatterene
|-damage|p2a: Hatterene|0 fnt
|faint|p2a: Hatterene
|
|-heal|p1a: Ting-Lu|16/100|[from] item: Leftovers
|-fieldend|move: Trick Room
|upkeep
|
|t:|1758964003
|switch|p2a: Sinistcha|Sinistcha, shiny|91/100
|turn|19
|
|t:|1758964009
|move|p1a: Ting-Lu|Spikes|p2a: Sinistcha
|-sidestart|p2: yuupplkjhg|Spikes
|move|p2a: Sinistcha|Trick Room|p2a: Sinistcha
|-fieldstart|move: Trick Room|[of] p2a: Sinistcha
|
|-heal|p1a: Ting-Lu|22/100|[from] item: Leftovers
|upkeep
|turn|20
|
|t:|1758964017
|move|p1a: Ting-Lu|Spikes|p2a: Sinistcha
|-sidestart|p2: yuupplkjhg|Spikes
|move|p2a: Sinistcha|Matcha Gotcha|p1a: Ting-Lu
|-supereffective|p1a: Ting-Lu
|-damage|p1a: Ting-Lu|0 fnt
|-heal|p2a: Sinistcha|100/100|[from] drain|[of] p1a: Ting-Lu
|faint|p1a: Ting-Lu
|-damage|p2a: Sinistcha|91/100|[from] item: Life Orb
|
|upkeep
|
|t:|1758964020
|switch|p1a: Zamazenta|Zamazenta|100/100
|-ability|p1a: Zamazenta|Dauntless Shield|boost
|-boost|p1a: Zamazenta|def|1
|turn|21
|
|t:|1758964025
|move|p2a: Sinistcha|Matcha Gotcha|p1a: Zamazenta
|-crit|p1a: Zamazenta
|-damage|p1a: Zamazenta|25/100
|-heal|p2a: Sinistcha|100/100|[from] drain|[of] p1a: Zamazenta
|-damage|p2a: Sinistcha|91/100|[from] item: Life Orb
|move|p1a: Zamazenta|Crunch|p2a: Sinistcha
|-supereffective|p2a: Sinistcha
|-damage|p2a: Sinistcha|40/100
|-unboost|p2a: Sinistcha|def|1
|
|upkeep
|turn|22
|
|t:|1758964033
|move|p2a: Sinistcha|Shadow Ball|p1a: Zamazenta
|-damage|p1a: Zamazenta|0 fnt
|faint|p1a: Zamazenta
|-damage|p2a: Sinistcha|30/100|[from] item: Life Orb
|
|win|yuupplkjhg
|raw|BaldersGate's rating: 1241 &rarr; <strong>1220</strong><br />(-21 for losing)
|raw|yuupplkjhg's rating: 1303 &rarr; <strong>1319</strong><br />(+16 for winning)
|l|☆yuupplkjhg
|player|p2|
|l|☆BaldersGate
|player|p1|
