|j|☆korean1nja
|j|☆j0000000oi
|t:|1759017153
|gametype|singles
|player|p1|korean1nja|266|1088
|player|p2|j0000000oi|iris|1112
|gen|9
|tier|[Gen 9] OU
|rated|
|rule|HP Percentage Mod: HP is shown in percentages
|rule|Endless Battle Clause: Forcing endless battles is banned
|rule|Species Clause: Limit one of each Pokémon
|rule|OHKO Clause: OHKO moves are banned
|rule|Evasion Items Clause: Evasion items are banned
|rule|Evasion Moves Clause: Evasion moves are banned
|rule|Evasion Abilities Clause: Evasion abilities are banned
|rule|Sleep Moves Clause: Sleep-inducing moves are banned
|clearpoke
|poke|p1|Alomomola, M|
|poke|p1|Toxapex, M|
|poke|p1|Dondozo, F|
|poke|p1|Slowking-Galar, M|
|poke|p1|Blissey, F|
|poke|p1|Gliscor, F|
|poke|p2|Meowscarada, F|
|poke|p2|Cinderace, F|
|poke|p2|Vaporeon, F|
|poke|p2|Hydreigon, M|
|poke|p2|Alcremie-Rainbow-Swirl, F|
|poke|p2|Gardevoir, F|
|teampreview
|
|t:|1759017185
|teamsize|p1|6
|teamsize|p2|6
|start
|switch|p1a: Blissey|Blissey, F|100/100
|switch|p2a: Meowscarada|Meowscarada, F|100/100
|turn|1
|
|t:|1759017194
|move|p2a: Meowscarada|Brick Break|p1a: Blissey
|-start|p2a: Meowscarada|typechange|Fighting|[from] ability: Protean
|-supereffective|p1a: Blissey
|-damage|p1a: Blissey|30/100
|move|p1a: Blissey|Stealth Rock|p2a: Meowscarada
|-sidestart|p2: j0000000oi|move: Stealth Rock
|
|upkeep
|turn|2
|
|t:|1759017206
|switch|p1a: Slowking|Slowking-Galar, M|100/100
|move|p2a: Meowscarada|Knock Off|p1a: Slowking
|-supereffective|p1a: Slowking
|-damage|p1a: Slowking|38/100
|-enditem|p1a: Slowking|Heavy-Duty Boots|[from] move: Knock Off|[of] p2a: Meowscarada
|
|upkeep
|turn|3
|
|t:|1759017221
|switch|p1a: Gliscor|Gliscor, F|100/100
|move|p2a: Meowscarada|Knock Off|p1a: Gliscor
|-damage|p1a: Gliscor|79/100
|-enditem|p1a: Gliscor|Toxic Orb|[from] move: Knock Off|[of] p2a: Meowscarada
|
|upkeep
|turn|4
|c|☆j0000000oi|no heal?
|
|t:|1759017235
|switch|p2a: Vaporeon|Vaporeon, F, shiny|100/100
|-damage|p2a: Vaporeon|88/100|[from] Stealth Rock
|move|p1a: Gliscor|Spikes|p2a: Vaporeon
|-sidestart|p2: j0000000oi|Spikes
|
|-heal|p2a: Vaporeon|94/100|[from] item: Leftovers
|upkeep
|turn|5
|
|t:|1759017245
|-terastallize|p1a: Gliscor|Ghost
|move|p1a: Gliscor|Knock Off|p2a: Vaporeon
|-damage|p2a: Vaporeon|71/100
|-enditem|p2a: Vaporeon|Leftovers|[from] move: Knock Off|[of] p1a: Gliscor
|move|p2a: Vaporeon|Calm Mind|p2a: Vaporeon
|-boost|p2a: Vaporeon|spa|1
|-boost|p2a: Vaporeon|spd|1
|
|upkeep
|turn|6
|
|t:|1759017257
|move|p1a: Gliscor|Spikes|p2a: Vaporeon
|-sidestart|p2: j0000000oi|Spikes
|move|p2a: Vaporeon|Acid Armor|p2a: Vaporeon
|-boost|p2a: Vaporeon|def|2
|
|upkeep
|turn|7
|
|t:|1759017264
|move|p1a: Gliscor|Knock Off|p2a: Vaporeon
|-damage|p2a: Vaporeon|63/100
|move|p2a: Vaporeon|Calm Mind|p2a: Vaporeon
|-boost|p2a: Vaporeon|spa|1
|-boost|p2a: Vaporeon|spd|1
|
|upkeep
|turn|8
|
|t:|1759017271
|switch|p1a: Toxapex|Toxapex, M|100/100
|move|p2a: Vaporeon|Calm Mind|p2a: Vaporeon
|-boost|p2a: Vaporeon|spa|1
|-boost|p2a: Vaporeon|spd|1
|
|upkeep
|turn|9
|
|t:|1759017279
|move|p2a: Vaporeon|Calm Mind|p2a: Vaporeon
|-boost|p2a: Vaporeon|spa|1
|-boost|p2a: Vaporeon|spd|1
|move|p1a: Toxapex|Haze|p1a: Toxapex
|-clearallboost
|
|upkeep
|turn|10
|
|t:|1759017286
|move|p2a: Vaporeon|Scald|p1a: Toxapex
|-resisted|p1a: Toxapex
|-damage|p1a: Toxapex|86/100
|move|p1a: Toxapex|Toxic|p2a: Vaporeon
|-status|p2a: Vaporeon|tox
|
|-damage|p2a: Vaporeon|57/100 tox|[from] psn
|upkeep
|turn|11
|
|t:|1759017298
|move|p1a: Toxapex|Baneful Bunker|p1a: Toxapex
|-singleturn|p1a: Toxapex|move: Protect
|move|p2a: Vaporeon|Calm Mind|p2a: Vaporeon
|-boost|p2a: Vaporeon|spa|1
|-boost|p2a: Vaporeon|spd|1
|
|-damage|p2a: Vaporeon|45/100 tox|[from] psn
|upkeep
|turn|12
|
|t:|1759017306
|switch|p2a: Alcremie|Alcremie-Rainbow-Swirl, F|100/100
|-damage|p2a: Alcremie|88/100|[from] Stealth Rock
|-damage|p2a: Alcremie|72/100|[from] Spikes
|move|p1a: Toxapex|Haze|p1a: Toxapex
|-clearallboost
|
|-heal|p2a: Alcremie|78/100|[from] item: Leftovers
|upkeep
|turn|13
|
|t:|1759017321
|-terastallize|p2a: Alcremie|Steel
|move|p2a: Alcremie|Acid Armor|p2a: Alcremie
|-boost|p2a: Alcremie|def|2
|move|p1a: Toxapex|Toxic|p2a: Alcremie
|-immune|p2a: Alcremie
|
|-heal|p2a: Alcremie|84/100|[from] item: Leftovers
|upkeep
|turn|14
|
|t:|1759017330
|switch|p1a: Alomomola|Alomomola, M|100/100
|move|p2a: Alcremie|Stored Power|p1a: Alomomola
|-damage|p1a: Alomomola|86/100
|
|-heal|p2a: Alcremie|90/100|[from] item: Leftovers
|upkeep
|turn|15
|
|t:|1759017343
|move|p2a: Alcremie|Calm Mind|p2a: Alcremie
|-boost|p2a: Alcremie|spa|1
|-boost|p2a: Alcremie|spd|1
|move|p1a: Alomomola|Wish|p1a: Alomomola
|
|-heal|p2a: Alcremie|96/100|[from] item: Leftovers
|upkeep
|turn|16
|
|t:|1759017351
|move|p2a: Alcremie|Calm Mind|p2a: Alcremie
|-boost|p2a: Alcremie|spa|1
|-boost|p2a: Alcremie|spd|1
|move|p1a: Alomomola|Flip Turn|p2a: Alcremie
|-damage|p2a: Alcremie|88/100
|
|t:|1759017357
|switch|p1a: Blissey|Blissey, F|30/100|[from] Flip Turn
|
|-heal|p1a: Blissey|66/100|[from] move: Wish|[wisher] Alomomola
|-heal|p2a: Alcremie|94/100|[from] item: Leftovers
|upkeep
|turn|17
|
|t:|1759017367
|move|p2a: Alcremie|Acid Armor|p2a: Alcremie
|-boost|p2a: Alcremie|def|2
|move|p1a: Blissey|Seismic Toss|p2a: Alcremie
|-damage|p2a: Alcremie|63/100
|
|-heal|p2a: Alcremie|69/100|[from] item: Leftovers
|upkeep
|turn|18
|
|t:|1759017377
|move|p2a: Alcremie|Acid Armor|p2a: Alcremie
|-boost|p2a: Alcremie|def|2
|move|p1a: Blissey|Seismic Toss|p2a: Alcremie
|-damage|p2a: Alcremie|39/100
|
|-heal|p2a: Alcremie|45/100|[from] item: Leftovers
|upkeep
|turn|19
|
|t:|1759017386
|move|p2a: Alcremie|Draining Kiss|p1a: Blissey
|-damage|p1a: Blissey|52/100
|-heal|p2a: Alcremie|65/100|[from] drain|[of] p1a: Blissey
|move|p1a: Blissey|Seismic Toss|p2a: Alcremie
|-damage|p2a: Alcremie|34/100
|
|-heal|p2a: Alcremie|40/100|[from] item: Leftovers
|upkeep
|turn|20
|
|t:|1759017400
|move|p2a: Alcremie|Draining Kiss|p1a: Blissey
|-damage|p1a: Blissey|40/100
|-heal|p2a: Alcremie|59/100|[from] drain|[of] p1a: Blissey
|move|p1a: Blissey|Seismic Toss|p2a: Alcremie
|-damage|p2a: Alcremie|28/100
|
|-heal|p2a: Alcremie|35/100|[from] item: Leftovers
|upkeep
|turn|21
|
|t:|1759017409
|move|p2a: Alcremie|Draining Kiss|p1a: Blissey
|-damage|p1a: Blissey|28/100
|-heal|p2a: Alcremie|52/100|[from] drain|[of] p1a: Blissey
|move|p1a: Blissey|Soft-Boiled|p1a: Blissey
|-heal|p1a: Blissey|78/100
|
|-heal|p2a: Alcremie|58/100|[from] item: Leftovers
|upkeep
|turn|22
|
|t:|1759017418
|move|p2a: Alcremie|Calm Mind|p2a: Alcremie
|-boost|p2a: Alcremie|spa|1
|-boost|p2a: Alcremie|spd|1
|move|p1a: Blissey|Seismic Toss|p2a: Alcremie
|-damage|p2a: Alcremie|28/100
|
|-heal|p2a: Alcremie|34/100|[from] item: Leftovers
|upkeep
|turn|23
|
|t:|1759017427
|move|p2a: Alcremie|Draining Kiss|p1a: Blissey
|-damage|p1a: Blissey|63/100
|-heal|p2a: Alcremie|57/100|[from] drain|[of] p1a: Blissey
|move|p1a: Blissey|Seismic Toss|p2a: Alcremie
|-damage|p2a: Alcremie|27/100
|
|-heal|p2a: Alcremie|33/100|[from] item: Leftovers
|upkeep
|turn|24
|
|t:|1759017436
|move|p2a: Alcremie|Draining Kiss|p1a: Blissey
|-crit|p1a: Blissey
|-damage|p1a: Blissey|40/100
|-heal|p2a: Alcremie|67/100|[from] drain|[of] p1a: Blissey
|move|p1a: Blissey|Seismic Toss|p2a: Alcremie
|-damage|p2a: Alcremie|36/100
|
|-heal|p2a: Alcremie|42/100|[from] item: Leftovers
|upkeep
|turn|25
|
|t:|1759017446
|move|p2a: Alcremie|Draining Kiss|p1a: Blissey
|-damage|p1a: Blissey|23/100
|-heal|p2a: Alcremie|68/100|[from] drain|[of] p1a: Blissey
|move|p1a: Blissey|Soft-Boiled|p1a: Blissey
|-heal|p1a: Blissey|73/100
|
|-heal|p2a: Alcremie|74/100|[from] item: Leftovers
|upkeep
|turn|26
|
|t:|1759017455
|move|p2a: Alcremie|Draining Kiss|p1a: Blissey
|-damage|p1a: Blissey|58/100
|-heal|p2a: Alcremie|96/100|[from] drain|[of] p1a: Blissey
|move|p1a: Blissey|Seismic Toss|p2a: Alcremie
|-damage|p2a: Alcremie|65/100
|
|-heal|p2a: Alcremie|72/100|[from] item: Leftovers
|upkeep
|turn|27
|
|t:|1759017465
|move|p2a: Alcremie|Calm Mind|p2a: Alcremie
|-boost|p2a: Alcremie|spa|1
|-boost|p2a: Alcremie|spd|1
|move|p1a: Blissey|Seismic Toss|p2a: Alcremie
|-damage|p2a: Alcremie|41/100
|
|-heal|p2a: Alcremie|47/100|[from] item: Leftovers
|upkeep
|turn|28
|
|t:|1759017494
|move|p2a: Alcremie|Draining Kiss|p1a: Blissey
|-damage|p1a: Blissey|38/100
|-heal|p2a: Alcremie|77/100|[from] drain|[of] p1a: Blissey
|move|p1a: Blissey|Seismic Toss|p2a: Alcremie
|-damage|p2a: Alcremie|46/100
|
|-heal|p2a: Alcremie|52/100|[from] item: Leftovers
|upkeep
|turn|29
|
|t:|1759017507
|move|p2a: Alcremie|Draining Kiss|p1a: Blissey
|-damage|p1a: Blissey|18/100
|-heal|p2a: Alcremie|83/100|[from] drain|[of] p1a: Blissey
|move|p1a: Blissey|Soft-Boiled|p1a: Blissey
|-heal|p1a: Blissey|68/100
|
|-heal|p2a: Alcremie|89/100|[from] item: Leftovers
|upkeep
|turn|30
|
|t:|1759017518
|move|p2a: Alcremie|Calm Mind|p2a: Alcremie
|-boost|p2a: Alcremie|spa|1
|-boost|p2a: Alcremie|spd|1
|move|p1a: Blissey|Soft-Boiled|p1a: Blissey
|-heal|p1a: Blissey|100/100
|
|-heal|p2a: Alcremie|95/100|[from] item: Leftovers
|upkeep
|turn|31
|
|t:|1759017546
|move|p2a: Alcremie|Calm Mind|p2a: Alcremie
|-boost|p2a: Alcremie|spa|1
|-boost|p2a: Alcremie|spd|1
|move|p1a: Blissey|Seismic Toss|p2a: Alcremie
|-damage|p2a: Alcremie|64/100
|
|-heal|p2a: Alcremie|71/100|[from] item: Leftovers
|upkeep
|turn|32
|
|t:|1759017568
|move|p2a: Alcremie|Stored Power|p1a: Blissey
|-damage|p1a: Blissey|0 fnt
|faint|p1a: Blissey
|
|-heal|p2a: Alcremie|77/100|[from] item: Leftovers
|upkeep
|
|t:|1759017585
|switch|p1a: Alomomola|Alomomola, M|100/100
|turn|33
|
|t:|1759017591
|move|p2a: Alcremie|Stored Power|p1a: Alomomola
|-damage|p1a: Alomomola|0 fnt
|faint|p1a: Alomomola
|
|-heal|p2a: Alcremie|83/100|[from] item: Leftovers
|upkeep
|
|t:|1759017600
|switch|p1a: Gliscor|Gliscor, F, tera:Ghost|79/100
|turn|34
|
|t:|1759017606
|move|p1a: Gliscor|Knock Off|p2a: Alcremie
|-damage|p2a: Alcremie|78/100
|-enditem|p2a: Alcremie|Leftovers|[from] move: Knock Off|[of] p1a: Gliscor
|move|p2a: Alcremie|Draining Kiss|p1a: Gliscor
|-damage|p1a: Gliscor|0 fnt
|-heal|p2a: Alcremie|100/100|[from] drain|[of] p1a: Gliscor
|faint|p1a: Gliscor
|
|upkeep
|
|t:|1759017624
|switch|p1a: Toxapex|Toxapex, M|100/100
|turn|35
|c|☆j0000000oi|staller
|
|t:|1759017627
|move|p2a: Alcremie|Stored Power|p1a: Toxapex
|-supereffective|p1a: Toxapex
|-damage|p1a: Toxapex|0 fnt
|faint|p1a: Toxapex
|
|upkeep
|
|t:|1759017631
|switch|p1a: Dondozo|Dondozo, F|100/100
|turn|36
|
|t:|1759017634
|move|p2a: Alcremie|Stored Power|p1a: Dondozo
|-damage|p1a: Dondozo|6/100
|move|p1a: Dondozo|Waterfall|p2a: Alcremie
|-damage|p2a: Alcremie|76/100
|
|upkeep
|turn|37
|c|☆j0000000oi|bulky fish
|
|t:|1759017646
|move|p2a: Alcremie|Draining Kiss|p1a: Dondozo
|-damage|p1a: Dondozo|0 fnt
|-heal|p2a: Alcremie|83/100|[from] drain|[of] p1a: Dondozo
|faint|p1a: Dondozo
|
|upkeep
|c|☆korean1nja|Big fisch
|
|t:|1759017659
|switch|p1a: Slowking|Slowking-Galar, M|71/100
|turn|38
|
|t:|1759017663
|move|p2a: Alcremie|Stored Power|p1a: Slowking
|-damage|p1a: Slowking|0 fnt
|faint|p1a: Slowking
|
|win|j0000000oi
|raw|korean1nja's rating: 1088 &rarr; <strong>1066</strong><br />(-22 for losing)
|raw|j0000000oi's rating: 1112 &rarr; <strong>1135</strong><br />(+23 for winning)
|c|☆j0000000oi|gg
|c|☆korean1nja|Ggs
|l|☆korean1nja
|player|p1|
