|j|☆Auburn Hills
|j|☆Shibuya Arc
|t:|1758980220
|gametype|singles
|player|p1|Auburn Hills|alder|1678
|player|p2|Shibuya Arc|265|1764
|gen|9
|tier|[Gen 9] OU
|rated|
|rule|HP Percentage Mod: HP is shown in percentages
|rule|Endless Battle Clause: Forcing endless battles is banned
|rule|Species Clause: Limit one of each Pokémon
|rule|OHKO Clause: OHKO moves are banned
|rule|Evasion Items Clause: Evasion items are banned
|rule|Evasion Moves Clause: Evasion moves are banned
|rule|Evasion Abilities Clause: Evasion abilities are banned
|rule|Sleep Moves Clause: Sleep-inducing moves are banned
|clearpoke
|poke|p1|Iron Moth|
|poke|p1|Umbreon, F|
|poke|p1|Garchomp, F|
|poke|p1|Glimmora, M|
|poke|p1|Gholdengo|
|poke|p1|Dragonite, F|
|poke|p2|Dragapult, F|
|poke|p2|Dragonite, F|
|poke|p2|Ting-Lu|
|poke|p2|Weezing-Galar, F|
|poke|p2|Iron Crown|
|poke|p2|Zapdos|
|teampreview
|
|t:|1758980230
|teamsize|p1|6
|teamsize|p2|6
|start
|switch|p1a: Rat Tally|Garchomp, F|100/100
|switch|p2a: Ting-Lu|Ting-Lu|100/100
|-ability|p2a: Ting-Lu|Vessel of Ruin
|turn|1
|inactive|Battle timer is ON: inactive players will automatically lose when time's up. (requested by Shibuya Arc)
|
|t:|1758980237
|move|p1a: Rat Tally|Swords Dance|p1a: Rat Tally
|-boost|p1a: Rat Tally|atk|2
|move|p2a: Ting-Lu|Ruination|p1a: Rat Tally
|-damage|p1a: Rat Tally|50/100
|
|upkeep
|turn|2
|
|t:|1758980245
|move|p1a: Rat Tally|Scale Shot|p2a: Ting-Lu
|-damage|p2a: Ting-Lu|85/100
|-damage|p2a: Ting-Lu|71/100
|-damage|p2a: Ting-Lu|56/100
|-damage|p2a: Ting-Lu|42/100
|-damage|p2a: Ting-Lu|27/100
|-hitcount|p2a: Ting-Lu|5
|-unboost|p1a: Rat Tally|def|1
|-boost|p1a: Rat Tally|spe|1
|move|p2a: Ting-Lu|Whirlwind|p1a: Rat Tally
|drag|p1a: Carly Rae|Iron Moth|100/100
|-enditem|p1a: Carly Rae|Booster Energy
|-activate|p1a: Carly Rae|ability: Quark Drive|[fromitem]
|-start|p1a: Carly Rae|quarkdrivespe
|
|-heal|p2a: Ting-Lu|33/100|[from] item: Leftovers
|upkeep
|turn|3
|
|t:|1758980252
|move|p1a: Carly Rae|Dazzling Gleam|p2a: Ting-Lu
|-supereffective|p2a: Ting-Lu
|-damage|p2a: Ting-Lu|9/100
|move|p2a: Ting-Lu|Ruination|p1a: Carly Rae
|-damage|p1a: Carly Rae|51/100
|
|-heal|p2a: Ting-Lu|16/100|[from] item: Leftovers
|upkeep
|turn|4
|j| titiechecs
|j| sircoby
|
|t:|1758980262
|switch|p2a: Dragonite|Dragonite, F|100/100
|move|p1a: Carly Rae|Dazzling Gleam|p2a: Dragonite
|-supereffective|p2a: Dragonite
|-damage|p2a: Dragonite|75/100
|
|upkeep
|turn|5
|
|t:|1758980270
|-terastallize|p1a: Carly Rae|Fairy
|-terastallize|p2a: Dragonite|Normal
|move|p2a: Dragonite|Extreme Speed|p1a: Carly Rae
|-damage|p1a: Carly Rae|0 fnt
|faint|p1a: Carly Rae
|-end|p1a: Carly Rae|Quark Drive|[silent]
|
|upkeep
|
|t:|1758980274
|switch|p1a: Julia Jacklin|Glimmora, M|100/100
|turn|6
|
|t:|1758980281
|move|p1a: Julia Jacklin|Stealth Rock|p2a: Dragonite
|-sidestart|p2: Shibuya Arc|move: Stealth Rock
|move|p2a: Dragonite|Earthquake|p1a: Julia Jacklin
|-supereffective|p1a: Julia Jacklin
|-enditem|p1a: Julia Jacklin|Focus Sash
|-damage|p1a: Julia Jacklin|1/100
|-activate|p1a: Julia Jacklin|ability: Toxic Debris
|-sidestart|p2: Shibuya Arc|move: Toxic Spikes
|
|upkeep
|turn|7
|
|t:|1758980291
|switch|p1a: Smino|Gholdengo|100/100
|move|p2a: Dragonite|Dragon Dance|p2a: Dragonite
|-boost|p2a: Dragonite|atk|1
|-boost|p2a: Dragonite|spe|1
|
|upkeep
|turn|8
|
|t:|1758980297
|switch|p2a: Dragapult|Dragapult, F|100/100
|move|p1a: Smino|Make It Rain|p2a: Dragapult
|-damage|p2a: Dragapult|0 fnt
|-unboost|p1a: Smino|spa|1
|faint|p2a: Dragapult
|
|upkeep
|
|t:|1758980305
|switch|p2a: Dragonite|Dragonite, F, tera:Normal|75/100
|turn|9
|l| titiechecs
|
|t:|1758980312
|switch|p1a: Alvvays|Umbreon, F|100/100
|move|p2a: Dragonite|Roost|p2a: Dragonite
|-heal|p2a: Dragonite|100/100
|
|upkeep
|turn|10
|
|t:|1758980319
|switch|p2a: Zapdos|Zapdos|100/100
|move|p1a: Alvvays|Thunder Wave|p2a: Zapdos
|-immune|p2a: Zapdos
|
|upkeep
|turn|11
|
|t:|1758980349
|move|p2a: Zapdos|Hurricane|p1a: Alvvays|[miss]
|-miss|p2a: Zapdos|p1a: Alvvays
|move|p1a: Alvvays|Wish|p1a: Alvvays
|
|upkeep
|turn|12
|
|t:|1758980356
|move|p2a: Zapdos|Hurricane|p1a: Alvvays
|-damage|p1a: Alvvays|69/100
|move|p1a: Alvvays|Foul Play|p2a: Zapdos
|-damage|p2a: Zapdos|71/100
|
|-heal|p1a: Alvvays|100/100|[from] move: Wish|[wisher] Alvvays
|upkeep
|turn|13
|
|t:|1758980365
|move|p2a: Zapdos|Roost|p2a: Zapdos
|-heal|p2a: Zapdos|100/100
|-singleturn|p2a: Zapdos|move: Roost
|move|p1a: Alvvays|Wish|p1a: Alvvays
|
|upkeep
|turn|14
|
|t:|1758980372
|move|p2a: Zapdos|Hurricane|p1a: Alvvays
|-damage|p1a: Alvvays|71/100
|move|p1a: Alvvays|Foul Play|p2a: Zapdos
|-damage|p2a: Zapdos|73/100
|
|-heal|p1a: Alvvays|100/100|[from] move: Wish|[wisher] Alvvays
|upkeep
|turn|15
|
|t:|1758980381
|move|p2a: Zapdos|Roost|p2a: Zapdos
|-heal|p2a: Zapdos|100/100
|-singleturn|p2a: Zapdos|move: Roost
|move|p1a: Alvvays|Foul Play|p2a: Zapdos
|-damage|p2a: Zapdos|73/100
|
|upkeep
|turn|16
|
|t:|1758980408
|move|p1a: Alvvays|Protect|p1a: Alvvays
|-singleturn|p1a: Alvvays|Protect
|move|p2a: Zapdos|Roost|p2a: Zapdos
|-heal|p2a: Zapdos|100/100
|-singleturn|p2a: Zapdos|move: Roost
|
|upkeep
|turn|17
|
|t:|1758980416
|move|p2a: Zapdos|Hurricane|p1a: Alvvays
|-damage|p1a: Alvvays|72/100
|-start|p1a: Alvvays|confusion
|-activate|p1a: Alvvays|confusion
|move|p1a: Alvvays|Foul Play|p2a: Zapdos
|-damage|p2a: Zapdos|74/100
|
|-heal|p1a: Alvvays|78/100|[from] item: Leftovers
|upkeep
|turn|18
|
|t:|1758980423
|move|p2a: Zapdos|Roost|p2a: Zapdos
|-heal|p2a: Zapdos|100/100
|-singleturn|p2a: Zapdos|move: Roost
|-activate|p1a: Alvvays|confusion
|move|p1a: Alvvays|Wish|p1a: Alvvays
|
|-heal|p1a: Alvvays|84/100|[from] item: Leftovers
|upkeep
|turn|19
|
|t:|1758980441
|move|p2a: Zapdos|Hurricane|p1a: Alvvays
|-damage|p1a: Alvvays|56/100
|-end|p1a: Alvvays|confusion
|move|p1a: Alvvays|Foul Play|p2a: Zapdos
|-damage|p2a: Zapdos|74/100
|
|-heal|p1a: Alvvays|100/100|[from] move: Wish|[wisher] Alvvays
|upkeep
|turn|20
|
|t:|1758980448
|move|p2a: Zapdos|Roost|p2a: Zapdos
|-heal|p2a: Zapdos|100/100
|-singleturn|p2a: Zapdos|move: Roost
|move|p1a: Alvvays|Foul Play|p2a: Zapdos
|-damage|p2a: Zapdos|71/100
|-status|p1a: Alvvays|par|[from] ability: Static|[of] p2a: Zapdos
|
|upkeep
|turn|21
|j| firecharmander004
|
|t:|1758980456
|move|p2a: Zapdos|Roost|p2a: Zapdos
|-heal|p2a: Zapdos|100/100
|-singleturn|p2a: Zapdos|move: Roost
|move|p1a: Alvvays|Foul Play|p2a: Zapdos
|-damage|p2a: Zapdos|71/100
|
|upkeep
|turn|22
|
|t:|1758980463
|move|p2a: Zapdos|Roost|p2a: Zapdos
|-heal|p2a: Zapdos|100/100
|-singleturn|p2a: Zapdos|move: Roost
|move|p1a: Alvvays|Foul Play|p2a: Zapdos
|-damage|p2a: Zapdos|75/100
|
|upkeep
|turn|23
|
|t:|1758980470
|move|p2a: Zapdos|Hurricane|p1a: Alvvays
|-damage|p1a: Alvvays|69/100 par
|cant|p1a: Alvvays|par
|
|-heal|p1a: Alvvays|75/100 par|[from] item: Leftovers
|upkeep
|turn|24
|
|t:|1758980478
|move|p2a: Zapdos|Hurricane|p1a: Alvvays|[miss]
|-miss|p2a: Zapdos|p1a: Alvvays
|cant|p1a: Alvvays|par
|
|-heal|p1a: Alvvays|81/100 par|[from] item: Leftovers
|upkeep
|turn|25
|
|t:|1758980484
|move|p2a: Zapdos|Hurricane|p1a: Alvvays
|-damage|p1a: Alvvays|54/100 par
|move|p1a: Alvvays|Foul Play|p2a: Zapdos
|-damage|p2a: Zapdos|49/100
|
|-heal|p1a: Alvvays|61/100 par|[from] item: Leftovers
|upkeep
|turn|26
|
|t:|1758980492
|move|p2a: Zapdos|Roost|p2a: Zapdos
|-heal|p2a: Zapdos|99/100
|-singleturn|p2a: Zapdos|move: Roost
|move|p1a: Alvvays|Foul Play|p2a: Zapdos
|-damage|p2a: Zapdos|71/100
|
|-heal|p1a: Alvvays|67/100 par|[from] item: Leftovers
|upkeep
|turn|27
|
|t:|1758980499
|move|p2a: Zapdos|Volt Switch|p1a: Alvvays
|-damage|p1a: Alvvays|47/100 par
|
|t:|1758980506
|switch|p2a: Dragonite|Dragonite, F, tera:Normal|100/100|[from] Volt Switch
|move|p1a: Alvvays|Wish|p1a: Alvvays
|
|-heal|p1a: Alvvays|53/100 par|[from] item: Leftovers
|upkeep
|turn|28
|
|t:|1758980513
|move|p2a: Dragonite|Dragon Dance|p2a: Dragonite
|-boost|p2a: Dragonite|atk|1
|-boost|p2a: Dragonite|spe|1
|cant|p1a: Alvvays|par
|
|-heal|p1a: Alvvays|100/100 par|[from] move: Wish|[wisher] Alvvays
|upkeep
|turn|29
|
|t:|1758980520
|move|p2a: Dragonite|Earthquake|p1a: Alvvays
|-damage|p1a: Alvvays|54/100 par
|move|p1a: Alvvays|Thunder Wave|p2a: Dragonite
|-status|p2a: Dragonite|par
|
|-heal|p1a: Alvvays|60/100 par|[from] item: Leftovers
|upkeep
|turn|30
|
|t:|1758980527
|move|p2a: Dragonite|Extreme Speed|p1a: Alvvays
|-damage|p1a: Alvvays|2/100 par
|move|p1a: Alvvays|Wish|p1a: Alvvays
|
|-heal|p1a: Alvvays|8/100 par|[from] item: Leftovers
|upkeep
|turn|31
|
|t:|1758980534
|move|p1a: Alvvays|Protect|p1a: Alvvays
|-singleturn|p1a: Alvvays|Protect
|move|p2a: Dragonite|Earthquake|p1a: Alvvays
|-activate|p1a: Alvvays|move: Protect
|
|-heal|p1a: Alvvays|57/100 par|[from] move: Wish|[wisher] Alvvays
|-heal|p1a: Alvvays|64/100 par|[from] item: Leftovers
|upkeep
|turn|32
|
|t:|1758980541
|move|p2a: Dragonite|Extreme Speed|p1a: Alvvays
|-damage|p1a: Alvvays|5/100 par
|cant|p1a: Alvvays|par
|
|-heal|p1a: Alvvays|11/100 par|[from] item: Leftovers
|upkeep
|turn|33
|
|t:|1758980548
|cant|p2a: Dragonite|par
|move|p1a: Alvvays|Wish|p1a: Alvvays
|
|-heal|p1a: Alvvays|17/100 par|[from] item: Leftovers
|upkeep
|turn|34
|
|t:|1758980555
|move|p1a: Alvvays|Protect|p1a: Alvvays
|-singleturn|p1a: Alvvays|Protect
|move|p2a: Dragonite|Earthquake|p1a: Alvvays
|-activate|p1a: Alvvays|move: Protect
|
|-heal|p1a: Alvvays|67/100 par|[from] move: Wish|[wisher] Alvvays
|-heal|p1a: Alvvays|73/100 par|[from] item: Leftovers
|upkeep
|turn|35
|
|t:|1758980562
|move|p2a: Dragonite|Extreme Speed|p1a: Alvvays
|-damage|p1a: Alvvays|16/100 par
|move|p1a: Alvvays|Wish|p1a: Alvvays
|
|-heal|p1a: Alvvays|22/100 par|[from] item: Leftovers
|upkeep
|turn|36
|
|t:|1758980569
|move|p1a: Alvvays|Protect|p1a: Alvvays
|-singleturn|p1a: Alvvays|Protect
|cant|p2a: Dragonite|par
|
|-heal|p1a: Alvvays|72/100 par|[from] move: Wish|[wisher] Alvvays
|-heal|p1a: Alvvays|78/100 par|[from] item: Leftovers
|upkeep
|turn|37
|
|t:|1758980576
|switch|p1a: Smino|Gholdengo|100/100
|move|p2a: Dragonite|Extreme Speed|p1a: Smino
|-immune|p1a: Smino
|
|upkeep
|turn|38
|
|t:|1758980583
|move|p1a: Smino|Trick|p2a: Dragonite
|-activate|p1a: Smino|move: Trick|[of] p2a: Dragonite
|-item|p2a: Dragonite|Choice Scarf|[from] move: Trick
|-item|p1a: Smino|Heavy-Duty Boots|[from] move: Trick
|move|p2a: Dragonite|Earthquake|p1a: Smino
|-supereffective|p1a: Smino
|-damage|p1a: Smino|0 fnt
|faint|p1a: Smino
|
|upkeep
|
|t:|1758980587
|switch|p1a: Elucid|Dragonite, F|100/100
|turn|39
|
|t:|1758980594
|switch|p2a: Weezing|Weezing-Galar, F|100/100
|-ability|p2a: Weezing|Neutralizing Gas
|-sideend|p2: Shibuya Arc|move: Toxic Spikes|[of] p2a: Weezing
|move|p1a: Elucid|Earthquake|p2a: Weezing
|-supereffective|p2a: Weezing
|-damage|p2a: Weezing|46/100
|
|upkeep
|turn|40
|
|t:|1758980603
|-end|p2a: Weezing|ability: Neutralizing Gas
|switch|p2a: Zapdos|Zapdos|71/100
|move|p1a: Elucid|Earthquake|p2a: Zapdos
|-immune|p2a: Zapdos
|
|upkeep
|turn|41
|
|t:|1758980613
|switch|p1a: Alvvays|Umbreon, F|78/100 par
|move|p2a: Zapdos|Hurricane|p1a: Alvvays
|-damage|p1a: Alvvays|48/100 par
|
|-heal|p1a: Alvvays|54/100 par|[from] item: Leftovers
|upkeep
|turn|42
|
|t:|1758980621
|move|p2a: Zapdos|Hurricane|p1a: Alvvays
|-damage|p1a: Alvvays|27/100 par
|move|p1a: Alvvays|Wish|p1a: Alvvays
|
|-heal|p1a: Alvvays|33/100 par|[from] item: Leftovers
|upkeep
|turn|43
|
|t:|1758980628
|move|p1a: Alvvays|Protect|p1a: Alvvays
|-singleturn|p1a: Alvvays|Protect
|move|p2a: Zapdos|Volt Switch|p1a: Alvvays
|-activate|p1a: Alvvays|move: Protect
|
|-heal|p1a: Alvvays|83/100 par|[from] move: Wish|[wisher] Alvvays
|-heal|p1a: Alvvays|89/100 par|[from] item: Leftovers
|upkeep
|turn|44
|j| seiko leich
|l| firecharmander004
|
|t:|1758980635
|switch|p2a: Ting-Lu|Ting-Lu|16/100
|-damage|p2a: Ting-Lu|9/100|[from] Stealth Rock
|-ability|p2a: Ting-Lu|Vessel of Ruin
|move|p1a: Alvvays|Wish|p1a: Alvvays
|
|-heal|p2a: Ting-Lu|16/100|[from] item: Leftovers
|-heal|p1a: Alvvays|95/100 par|[from] item: Leftovers
|upkeep
|turn|45
|
|t:|1758980642
|switch|p1a: Julia Jacklin|Glimmora, M|1/100
|move|p2a: Ting-Lu|Whirlwind|p1a: Julia Jacklin
|drag|p1a: Rat Tally|Garchomp, F|50/100
|
|-heal|p1a: Rat Tally|100/100|[from] move: Wish|[wisher] Alvvays
|-heal|p2a: Ting-Lu|22/100|[from] item: Leftovers
|upkeep
|turn|46
|
|t:|1758980648
|switch|p2a: Weezing|Weezing-Galar, F|46/100
|-ability|p2a: Weezing|Neutralizing Gas
|move|p1a: Rat Tally|Scale Shot|p2a: Weezing
|-immune|p2a: Weezing
|
|upkeep
|turn|47
|j| firecharmander004
|
|t:|1758980655
|-end|p2a: Weezing|ability: Neutralizing Gas
|switch|p2a: Zapdos|Zapdos|71/100
|move|p1a: Rat Tally|Earthquake|p2a: Zapdos
|-immune|p2a: Zapdos
|
|upkeep
|turn|48
|
|t:|1758980662
|move|p1a: Rat Tally|Scale Shot|p2a: Zapdos
|-damage|p2a: Zapdos|55/100
|-damage|p2a: Zapdos|38/100
|-damage|p2a: Zapdos|22/100
|-damage|p2a: Zapdos|6/100
|-hitcount|p2a: Zapdos|4
|-unboost|p1a: Rat Tally|def|1
|-boost|p1a: Rat Tally|spe|1
|move|p2a: Zapdos|Hurricane|p1a: Rat Tally|[miss]
|-miss|p2a: Zapdos|p1a: Rat Tally
|
|upkeep
|turn|49
|
|t:|1758980669
|switch|p2a: Weezing|Weezing-Galar, F|46/100
|-ability|p2a: Weezing|Neutralizing Gas
|move|p1a: Rat Tally|Tera Blast|p2a: Weezing
|-damage|p2a: Weezing|26/100
|
|upkeep
|turn|50
|
|t:|1758980677
|-end|p2a: Weezing|ability: Neutralizing Gas
|switch|p2a: Zapdos|Zapdos|6/100
|move|p1a: Rat Tally|Earthquake|p2a: Zapdos
|-immune|p2a: Zapdos
|
|upkeep
|turn|51
|j| iamadoofus
|
|t:|1758980683
|switch|p2a: Weezing|Weezing-Galar, F|26/100
|-ability|p2a: Weezing|Neutralizing Gas
|move|p1a: Rat Tally|Tera Blast|p2a: Weezing
|-crit|p2a: Weezing
|-damage|p2a: Weezing|0 fnt
|faint|p2a: Weezing
|-end|p2a: Weezing|ability: Neutralizing Gas
|
|upkeep
|
|t:|1758980691
|switch|p2a: Dragonite|Dragonite, F, tera:Normal|100/100 par
|-damage|p2a: Dragonite|88/100 par|[from] Stealth Rock
|turn|52
|j| coo2
|
|t:|1758980697
|switch|p1a: Julia Jacklin|Glimmora, M|1/100
|move|p2a: Dragonite|Extreme Speed|p1a: Julia Jacklin
|-resisted|p1a: Julia Jacklin
|-damage|p1a: Julia Jacklin|0 fnt
|-activate|p1a: Julia Jacklin|ability: Toxic Debris
|-sidestart|p2: Shibuya Arc|move: Toxic Spikes
|faint|p1a: Julia Jacklin
|
|upkeep
|
|t:|1758980702
|switch|p1a: Alvvays|Umbreon, F|95/100 par
|turn|53
|
|t:|1758980709
|move|p2a: Dragonite|Extreme Speed|p1a: Alvvays
|-damage|p1a: Alvvays|60/100 par
|move|p1a: Alvvays|Foul Play|p2a: Dragonite
|-damage|p2a: Dragonite|33/100 par
|
|-heal|p1a: Alvvays|66/100 par|[from] item: Leftovers
|upkeep
|turn|54
|
|t:|1758980716
|move|p2a: Dragonite|Extreme Speed|p1a: Alvvays
|-damage|p1a: Alvvays|28/100 par
|cant|p1a: Alvvays|par
|
|-heal|p1a: Alvvays|35/100 par|[from] item: Leftovers
|upkeep
|turn|55
|
|t:|1758980723
|switch|p2a: Zapdos|Zapdos|6/100
|cant|p1a: Alvvays|par
|
|-heal|p1a: Alvvays|41/100 par|[from] item: Leftovers
|upkeep
|turn|56
|
|t:|1758980730
|move|p2a: Zapdos|Volt Switch|p1a: Alvvays
|-damage|p1a: Alvvays|23/100 par
|
|t:|1758980737
|switch|p2a: Iron Crown|Iron Crown|100/100|[from] Volt Switch
|-damage|p2a: Iron Crown|94/100|[from] Stealth Rock
|move|p1a: Alvvays|Wish|p1a: Alvvays
|
|-heal|p1a: Alvvays|29/100 par|[from] item: Leftovers
|upkeep
|turn|57
|
|t:|1758980744
|-end|p2a: Iron Crown|Quark Drive|[silent]
|switch|p2a: Zapdos|Zapdos|6/100
|move|p1a: Alvvays|Protect||[still]
|-fail|p1a: Alvvays
|
|-heal|p1a: Alvvays|79/100 par|[from] move: Wish|[wisher] Alvvays
|-heal|p1a: Alvvays|85/100 par|[from] item: Leftovers
|upkeep
|turn|58
|
|t:|1758980751
|move|p2a: Zapdos|Hurricane|p1a: Alvvays
|-damage|p1a: Alvvays|57/100 par
|move|p1a: Alvvays|Wish|p1a: Alvvays
|
|-heal|p1a: Alvvays|64/100 par|[from] item: Leftovers
|upkeep
|turn|59
|
|t:|1758980758
|move|p2a: Zapdos|Hurricane|p1a: Alvvays
|-damage|p1a: Alvvays|32/100 par
|-start|p1a: Alvvays|confusion
|-activate|p1a: Alvvays|confusion
|-damage|p1a: Alvvays|28/100 par|[from] confusion
|
|-heal|p1a: Alvvays|78/100 par|[from] move: Wish|[wisher] Alvvays
|-heal|p1a: Alvvays|84/100 par|[from] item: Leftovers
|upkeep
|turn|60
|
|t:|1758980767
|move|p2a: Zapdos|Hurricane|p1a: Alvvays
|-damage|p1a: Alvvays|54/100 par
|-activate|p1a: Alvvays|confusion
|-damage|p1a: Alvvays|51/100 par|[from] confusion
|
|-heal|p1a: Alvvays|57/100 par|[from] item: Leftovers
|upkeep
|turn|61
|
|t:|1758980774
|move|p2a: Zapdos|Hurricane|p1a: Alvvays
|-damage|p1a: Alvvays|26/100 par
|-end|p1a: Alvvays|confusion
|move|p1a: Alvvays|Wish|p1a: Alvvays
|
|-heal|p1a: Alvvays|32/100 par|[from] item: Leftovers
|upkeep
|turn|62
|
|t:|1758980781
|move|p1a: Alvvays|Protect|p1a: Alvvays
|-singleturn|p1a: Alvvays|Protect
|move|p2a: Zapdos|Volt Switch|p1a: Alvvays
|-activate|p1a: Alvvays|move: Protect
|
|-heal|p1a: Alvvays|82/100 par|[from] move: Wish|[wisher] Alvvays
|-heal|p1a: Alvvays|88/100 par|[from] item: Leftovers
|upkeep
|turn|63
|
|t:|1758980788
|move|p2a: Zapdos|Hurricane|p1a: Alvvays
|-damage|p1a: Alvvays|61/100 par
|-start|p1a: Alvvays|confusion
|-activate|p1a: Alvvays|confusion
|cant|p1a: Alvvays|par
|
|-heal|p1a: Alvvays|67/100 par|[from] item: Leftovers
|upkeep
|turn|64
|
|t:|1758980795
|move|p2a: Zapdos|Heat Wave|p1a: Alvvays|[miss]
|-miss|p2a: Zapdos|p1a: Alvvays
|-activate|p1a: Alvvays|confusion
|-damage|p1a: Alvvays|63/100 par|[from] confusion
|
|-heal|p1a: Alvvays|69/100 par|[from] item: Leftovers
|upkeep
|turn|65
|
|t:|1758980802
|move|p2a: Zapdos|Heat Wave|p1a: Alvvays
|-damage|p1a: Alvvays|53/100 par
|-activate|p1a: Alvvays|confusion
|cant|p1a: Alvvays|par
|
|-heal|p1a: Alvvays|59/100 par|[from] item: Leftovers
|upkeep
|turn|66
|
|t:|1758980809
|-activate|p1a: Alvvays|confusion
|-damage|p1a: Alvvays|55/100 par|[from] confusion
|move|p2a: Zapdos|Heat Wave|p1a: Alvvays
|-damage|p1a: Alvvays|39/100 par
|
|-heal|p1a: Alvvays|45/100 par|[from] item: Leftovers
|upkeep
|turn|67
|
|t:|1758980816
|-end|p1a: Alvvays|confusion
|move|p1a: Alvvays|Protect|p1a: Alvvays
|-singleturn|p1a: Alvvays|Protect
|move|p2a: Zapdos|Heat Wave|p1a: Alvvays
|-activate|p1a: Alvvays|move: Protect
|
|-heal|p1a: Alvvays|51/100 par|[from] item: Leftovers
|upkeep
|turn|68
|
|t:|1758980823
|move|p2a: Zapdos|Heat Wave|p1a: Alvvays
|-damage|p1a: Alvvays|35/100 par
|move|p1a: Alvvays|Wish|p1a: Alvvays
|
|-heal|p1a: Alvvays|41/100 par|[from] item: Leftovers
|upkeep
|turn|69
|
|t:|1758980830
|move|p2a: Zapdos|Volt Switch|p1a: Alvvays
|-damage|p1a: Alvvays|21/100 par
|
|t:|1758980837
|switch|p2a: Dragonite|Dragonite, F, tera:Normal|33/100 par|[from] Volt Switch
|-damage|p2a: Dragonite|21/100 par|[from] Stealth Rock
|move|p1a: Alvvays|Foul Play|p2a: Dragonite
|-damage|p2a: Dragonite|0 fnt
|faint|p2a: Dragonite
|
|-heal|p1a: Alvvays|71/100 par|[from] move: Wish|[wisher] Alvvays
|-heal|p1a: Alvvays|77/100 par|[from] item: Leftovers
|upkeep
|
|t:|1758980844
|switch|p2a: Iron Crown|Iron Crown|94/100
|-damage|p2a: Iron Crown|88/100|[from] Stealth Rock
|turn|70
|
|t:|1758980851
|move|p2a: Iron Crown|Focus Blast|p1a: Alvvays
|-supereffective|p1a: Alvvays
|-damage|p1a: Alvvays|10/100 par
|move|p1a: Alvvays|Thunder Wave|p2a: Iron Crown|[miss]
|-miss|p1a: Alvvays|p2a: Iron Crown
|
|-heal|p1a: Alvvays|16/100 par|[from] item: Leftovers
|upkeep
|turn|71
|
|t:|1758980858
|-end|p2a: Iron Crown|Quark Drive|[silent]
|switch|p2a: Zapdos|Zapdos|6/100
|move|p1a: Alvvays|Thunder Wave|p2a: Zapdos
|-immune|p2a: Zapdos
|
|-heal|p1a: Alvvays|22/100 par|[from] item: Leftovers
|upkeep
|turn|72
|
|t:|1758980865
|move|p2a: Zapdos|Heat Wave|p1a: Alvvays
|-damage|p1a: Alvvays|4/100 par
|move|p1a: Alvvays|Wish|p1a: Alvvays
|
|-heal|p1a: Alvvays|10/100 par|[from] item: Leftovers
|upkeep
|turn|73
|
|t:|1758980872
|move|p1a: Alvvays|Protect|p1a: Alvvays
|-singleturn|p1a: Alvvays|Protect
|move|p2a: Zapdos|Heat Wave|p1a: Alvvays
|-activate|p1a: Alvvays|move: Protect
|
|-heal|p1a: Alvvays|60/100 par|[from] move: Wish|[wisher] Alvvays
|-heal|p1a: Alvvays|66/100 par|[from] item: Leftovers
|upkeep
|turn|74
|
|t:|1758980878
|move|p2a: Zapdos|Heat Wave|p1a: Alvvays
|-damage|p1a: Alvvays|50/100 par
|move|p1a: Alvvays|Wish|p1a: Alvvays
|
|-heal|p1a: Alvvays|56/100 par|[from] item: Leftovers
|upkeep
|turn|75
|
|t:|1758980885
|move|p2a: Zapdos|Volt Switch|p1a: Alvvays
|-damage|p1a: Alvvays|36/100 par
|
|t:|1758980892
|switch|p2a: Iron Crown|Iron Crown|88/100|[from] Volt Switch
|-damage|p2a: Iron Crown|82/100|[from] Stealth Rock
|move|p1a: Alvvays|Foul Play|p2a: Iron Crown
|-supereffective|p2a: Iron Crown
|-damage|p2a: Iron Crown|36/100
|
|-heal|p1a: Alvvays|85/100 par|[from] move: Wish|[wisher] Alvvays
|-heal|p1a: Alvvays|92/100 par|[from] item: Leftovers
|upkeep
|turn|76
|
|t:|1758980899
|move|p2a: Iron Crown|Focus Blast|p1a: Alvvays
|-supereffective|p1a: Alvvays
|-damage|p1a: Alvvays|31/100 par
|move|p1a: Alvvays|Foul Play|p2a: Iron Crown
|-supereffective|p2a: Iron Crown
|-damage|p2a: Iron Crown|0 fnt
|faint|p2a: Iron Crown
|-end|p2a: Iron Crown|Quark Drive|[silent]
|
|-heal|p1a: Alvvays|37/100 par|[from] item: Leftovers
|upkeep
|
|t:|1758980906
|switch|p2a: Ting-Lu|Ting-Lu|22/100
|-damage|p2a: Ting-Lu|16/100|[from] Stealth Rock
|-status|p2a: Ting-Lu|psn
|-ability|p2a: Ting-Lu|Vessel of Ruin
|turn|77
|
|t:|1758980912
|move|p1a: Alvvays|Protect|p1a: Alvvays
|-singleturn|p1a: Alvvays|Protect
|move|p2a: Ting-Lu|Earthquake|p1a: Alvvays
|-activate|p1a: Alvvays|move: Protect
|
|-heal|p2a: Ting-Lu|22/100 psn|[from] item: Leftovers
|-heal|p1a: Alvvays|43/100 par|[from] item: Leftovers
|-damage|p2a: Ting-Lu|9/100 psn|[from] psn
|upkeep
|turn|78
|
|t:|1758980918
|switch|p1a: Elucid|Dragonite, F|100/100
|move|p2a: Ting-Lu|Whirlwind|p1a: Elucid
|drag|p1a: Alvvays|Umbreon, F|43/100 par
|
|-heal|p2a: Ting-Lu|16/100 psn|[from] item: Leftovers
|-heal|p1a: Alvvays|49/100 par|[from] item: Leftovers
|-damage|p2a: Ting-Lu|3/100 psn|[from] psn
|upkeep
|turn|79
|
|t:|1758980925
|cant|p1a: Alvvays|par
|move|p2a: Ting-Lu|Whirlwind|p1a: Alvvays
|drag|p1a: Elucid|Dragonite, F|100/100
|
|-heal|p2a: Ting-Lu|9/100 psn|[from] item: Leftovers
|-damage|p2a: Ting-Lu|0 fnt|[from] psn
|faint|p2a: Ting-Lu
|upkeep
|
|t:|1758980930
|switch|p2a: Zapdos|Zapdos|6/100
|turn|80
|
|t:|1758980934
|move|p2a: Zapdos|Heat Wave|p1a: Elucid
|-resisted|p1a: Elucid
|-damage|p1a: Elucid|92/100
|move|p1a: Elucid|Ice Spinner|p2a: Zapdos
|-supereffective|p2a: Zapdos
|-damage|p2a: Zapdos|0 fnt
|-status|p1a: Elucid|par|[from] ability: Static|[of] p2a: Zapdos
|faint|p2a: Zapdos
|
|win|Auburn Hills
|raw|Auburn Hills's rating: 1678 &rarr; <strong>1703</strong><br />(+25 for winning)
|raw|Shibuya Arc's rating: 1764 &rarr; <strong>1739</strong><br />(-25 for losing)
|j| a6ni
|l|☆Shibuya Arc
|player|p2|
|l| a6ni
|l|☆Auburn Hills
|player|p1|
|l| sircoby
