|j|☆Pol3mik
|j|☆victory 4 u
|t:|1758993192
|gametype|singles
|player|p1|Pol3mik|101|1180
|player|p2|victory 4 u|266|1182
|gen|9
|tier|[Gen 9] OU
|rated|
|rule|HP Percentage Mod: HP is shown in percentages
|rule|Endless Battle Clause: Forcing endless battles is banned
|rule|Species Clause: Limit one of each Pokémon
|rule|OHKO Clause: OHKO moves are banned
|rule|Evasion Items Clause: Evasion items are banned
|rule|Evasion Moves Clause: Evasion moves are banned
|rule|Evasion Abilities Clause: Evasion abilities are banned
|rule|Sleep Moves Clause: Sleep-inducing moves are banned
|clearpoke
|poke|p1|Zamazenta-*|
|poke|p1|Ogerpon-Wellspring, F|
|poke|p1|Raging Bolt|
|poke|p1|Hatterene, F|
|poke|p1|Ceruledge, M|
|poke|p1|Glimmora, M|
|poke|p2|Masquerain, F|
|poke|p2|Naclstack, F|
|poke|p2|Piloswine, M|
|poke|p2|Ditto|
|poke|p2|Medicham, F|
|poke|p2|Dragapult, F|
|teampreview
|
|t:|1758993209
|teamsize|p1|6
|teamsize|p2|6
|start
|switch|p1a: Hatterene|Hatterene, F|100/100
|switch|p2a: Ditto|Ditto|100/100
|-transform|p2a: Ditto|p1a: Hatterene|[from] ability: Imposter
|turn|1
|
|t:|1758993222
|switch|p2a: Piloswine|Piloswine, M|100/100
|move|p1a: Hatterene|Psychic Noise|p2a: Piloswine
|-damage|p2a: Piloswine|57/100
|-start|p2a: Piloswine|move: Heal Block
|
|upkeep
|turn|2
|
|t:|1758993240
|switch|p1a: Zamazenta|Zamazenta|100/100
|-ability|p1a: Zamazenta|Dauntless Shield|boost
|-boost|p1a: Zamazenta|def|1
|move|p2a: Piloswine|Earthquake|p1a: Zamazenta
|-damage|p1a: Zamazenta|85/100
|
|-heal|p1a: Zamazenta|91/100|[from] item: Leftovers
|-end|p2a: Piloswine|move: Heal Block
|upkeep
|turn|3
|
|t:|1758993257
|move|p1a: Zamazenta|Iron Defense|p1a: Zamazenta
|-boost|p1a: Zamazenta|def|2
|move|p2a: Piloswine|Endeavor|p1a: Zamazenta
|-damage|p1a: Zamazenta|50/100
|
|-heal|p1a: Zamazenta|57/100|[from] item: Leftovers
|upkeep
|turn|4
|
|t:|1758993268
|move|p1a: Zamazenta|Body Press|p2a: Piloswine
|-supereffective|p2a: Piloswine
|-damage|p2a: Piloswine|0 fnt
|faint|p2a: Piloswine
|
|-heal|p1a: Zamazenta|63/100|[from] item: Leftovers
|upkeep
|
|t:|1758993275
|switch|p2a: Dragapult|Dragapult, F|100/100
|turn|5
|
|t:|1758993286
|switch|p1a: Glimmora|Glimmora, M|100/100
|-terastallize|p2a: Dragapult|Fire
|move|p2a: Dragapult|Flamethrower|p1a: Glimmora
|-resisted|p1a: Glimmora
|-damage|p1a: Glimmora|61/100
|-enditem|p1a: Glimmora|Red Card|[of] p2a: Dragapult
|drag|p2a: Masquerain|Masquerain, F|100/100
|-ability|p2a: Masquerain|Intimidate|boost
|-unboost|p1a: Glimmora|atk|1
|
|upkeep
|turn|6
|
|t:|1758993304
|switch|p2a: Dragapult|Dragapult, F, tera:Fire|100/100
|move|p1a: Glimmora|Mortal Spin|p2a: Dragapult
|-damage|p2a: Dragapult|96/100
|-status|p2a: Dragapult|psn
|
|-damage|p2a: Dragapult|83/100 psn|[from] psn
|upkeep
|turn|7
|
|t:|1758993317
|move|p2a: Dragapult|Shadow Ball|p1a: Glimmora
|-damage|p1a: Glimmora|0 fnt
|faint|p1a: Glimmora
|
|-damage|p2a: Dragapult|71/100 psn|[from] psn
|upkeep
|
|t:|1758993330
|switch|p1a: Ogerpon|Ogerpon-Wellspring, F|100/100
|turn|8
|
|t:|1758993337
|switch|p2a: Masquerain|Masquerain, F|100/100
|-ability|p2a: Masquerain|Intimidate|boost
|-unboost|p1a: Ogerpon|atk|1
|-terastallize|p1a: Ogerpon|Water
|detailschange|p1a: Ogerpon|Ogerpon-Wellspring-Tera, F, tera:Water
|-ability|p1a: Ogerpon|Embody Aspect (Wellspring)|boost
|-boost|p1a: Ogerpon|spd|1
|move|p1a: Ogerpon|Ivy Cudgel|p2a: Masquerain|[anim] Ivy Cudgel Water
|-damage|p2a: Masquerain|19/100
|
|upkeep
|turn|9
|
|t:|1758993353
|move|p1a: Ogerpon|Ivy Cudgel|p2a: Masquerain|[anim] Ivy Cudgel Water
|-damage|p2a: Masquerain|0 fnt
|faint|p2a: Masquerain
|
|upkeep
|
|t:|1758993375
|switch|p2a: Medicham|Medicham, F|100/100
|turn|10
|
|t:|1758993383
|move|p1a: Ogerpon|Play Rough|p2a: Medicham
|-supereffective|p2a: Medicham
|-damage|p2a: Medicham|22/100
|move|p2a: Medicham|Psycho Cut|p1a: Ogerpon
|-crit|p1a: Ogerpon
|-damage|p1a: Ogerpon|0 fnt
|faint|p1a: Ogerpon
|detailschange|p1: Ogerpon|Ogerpon-Wellspring, F|[silent]
|
|upkeep
|
|t:|1758993391
|switch|p1a: Zamazenta|Zamazenta|63/100
|turn|11
|
|t:|1758993395
|move|p1a: Zamazenta|Iron Defense|p1a: Zamazenta
|-boost|p1a: Zamazenta|def|2
|move|p2a: Medicham|Psycho Cut|p1a: Zamazenta
|-supereffective|p1a: Zamazenta
|-damage|p1a: Zamazenta|13/100
|
|-heal|p1a: Zamazenta|19/100|[from] item: Leftovers
|upkeep
|turn|12
|
|t:|1758993403
|move|p1a: Zamazenta|Body Press|p2a: Medicham
|-resisted|p2a: Medicham
|-damage|p2a: Medicham|0 fnt
|faint|p2a: Medicham
|
|-heal|p1a: Zamazenta|25/100|[from] item: Leftovers
|upkeep
|
|t:|1758993409
|switch|p2a: Dragapult|Dragapult, F, tera:Fire|71/100 psn
|turn|13
|
|t:|1758993415
|switch|p1a: Ceruledge|Ceruledge, M|100/100
|move|p2a: Dragapult|Shadow Ball|p1a: Ceruledge
|-supereffective|p1a: Ceruledge
|-enditem|p1a: Ceruledge|Focus Sash
|-damage|p1a: Ceruledge|1/100
|
|-damage|p2a: Dragapult|59/100 psn|[from] psn
|upkeep
|turn|14
|
|t:|1758993427
|move|p1a: Ceruledge|Shadow Sneak|p2a: Dragapult
|-damage|p2a: Dragapult|29/100 psn
|move|p2a: Dragapult|Shadow Ball|p1a: Ceruledge
|-supereffective|p1a: Ceruledge
|-damage|p1a: Ceruledge|0 fnt
|faint|p1a: Ceruledge
|
|-damage|p2a: Dragapult|16/100 psn|[from] psn
|upkeep
|
|t:|1758993435
|switch|p1a: Hatterene|Hatterene, F|100/100
|turn|15
|
|t:|1758993446
|switch|p2a: Naclstack|Naclstack, F|100/100
|move|p1a: Hatterene|Draining Kiss|p2a: Naclstack
|-damage|p2a: Naclstack|69/100
|
|upkeep
|turn|16
|
|t:|1758993453
|move|p2a: Naclstack|Salt Cure|p1a: Hatterene
|-damage|p1a: Hatterene|89/100
|-start|p1a: Hatterene|Salt Cure
|move|p1a: Hatterene|Psychic Noise|p2a: Naclstack
|-damage|p2a: Naclstack|25/100
|-start|p2a: Naclstack|move: Heal Block
|
|-damage|p1a: Hatterene|77/100|[from] Salt Cure
|upkeep
|turn|17
|
|t:|1758993466
|move|p2a: Naclstack|Salt Cure|p1a: Hatterene
|-damage|p1a: Hatterene|67/100
|move|p1a: Hatterene|Draining Kiss|p2a: Naclstack
|-damage|p2a: Naclstack|0 fnt
|-heal|p1a: Hatterene|85/100|[from] drain|[of] p2a: Naclstack
|faint|p2a: Naclstack
|
|-damage|p1a: Hatterene|73/100|[from] Salt Cure
|upkeep
|
|t:|1758993478
|switch|p2a: Dragapult|Dragapult, F, tera:Fire|16/100 psn
|turn|18
|
|t:|1758993482
|move|p2a: Dragapult|Shadow Ball|p1a: Hatterene
|-supereffective|p1a: Hatterene
|-damage|p1a: Hatterene|0 fnt
|faint|p1a: Hatterene
|
|-damage|p2a: Dragapult|4/100 psn|[from] psn
|upkeep
|
|t:|1758993488
|switch|p1a: Zamazenta|Zamazenta|25/100
|turn|19
|
|t:|1758993500
|move|p2a: Dragapult|Shadow Ball|p1a: Zamazenta
|-damage|p1a: Zamazenta|0 fnt
|faint|p1a: Zamazenta
|
|-damage|p2a: Dragapult|0 fnt|[from] psn
|faint|p2a: Dragapult
|upkeep
|
|t:|1758993517
|switch|p2a: Ditto|Ditto|100/100
|switch|p1a: Raging Bolt|Raging Bolt|100/100
|-transform|p2a: Ditto|p1a: Raging Bolt|[from] ability: Imposter
|-enditem|p1a: Raging Bolt|Booster Energy
|-activate|p1a: Raging Bolt|ability: Protosynthesis|[fromitem]
|-start|p1a: Raging Bolt|protosynthesisspa
|turn|20
|
|t:|1758993527
|move|p2a: Ditto|Dragon Pulse|p1a: Raging Bolt
|-supereffective|p1a: Raging Bolt
|-damage|p1a: Raging Bolt|10/100
|move|p1a: Raging Bolt|Calm Mind|p1a: Raging Bolt
|-boost|p1a: Raging Bolt|spa|1
|-boost|p1a: Raging Bolt|spd|1
|
|upkeep
|turn|21
|
|t:|1758993539
|move|p1a: Raging Bolt|Thunderclap|p2a: Ditto
|-resisted|p2a: Ditto
|-damage|p2a: Ditto|76/100
|move|p2a: Ditto|Dragon Pulse|p1a: Raging Bolt
|-supereffective|p1a: Raging Bolt
|-damage|p1a: Raging Bolt|0 fnt
|faint|p1a: Raging Bolt
|-end|p1a: Raging Bolt|Protosynthesis|[silent]
|
|win|victory 4 u
|raw|Pol3mik's rating: 1180 &rarr; <strong>1155</strong><br />(-25 for losing)
|raw|victory 4 u's rating: 1182 &rarr; <strong>1207</strong><br />(+25 for winning)
|l|☆Pol3mik
|player|p1|
|l|☆victory 4 u
|player|p2|
