|j|☆ygyguii2
|j|☆mark_neon
|t:|1758964941
|gametype|singles
|player|p1|ygyguii2|iris-gen5bw2|1298
|player|p2|mark_neon|hilbert-wonderlauncher|1320
|gen|9
|tier|[Gen 9] OU
|rated|
|rule|HP Percentage Mod: HP is shown in percentages
|rule|Endless Battle Clause: Forcing endless battles is banned
|rule|Species Clause: Limit one of each Pokémon
|rule|OHKO Clause: OHKO moves are banned
|rule|Evasion Items Clause: Evasion items are banned
|rule|Evasion Moves Clause: Evasion moves are banned
|rule|Evasion Abilities Clause: Evasion abilities are banned
|rule|Sleep Moves Clause: Sleep-inducing moves are banned
|clearpoke
|poke|p1|Zamazenta-*|
|poke|p1|Kingambit, F|
|poke|p1|Iron Valiant|
|poke|p1|Gliscor, M|
|poke|p1|Iron Moth|
|poke|p1|Ogerpon-Wellspring, F|
|poke|p2|Morpeko, M|
|poke|p2|Iron Treads|
|poke|p2|Ogerpon-Wellspring, F|
|poke|p2|Iron Valiant|
|poke|p2|Iron Moth|
|poke|p2|Dragapult, F|
|teampreview
|inactive|Battle timer is ON: inactive players will automatically lose when time's up. (requested by mark_neon)
|
|t:|1758964954
|teamsize|p1|6
|teamsize|p2|6
|start
|switch|p1a: Gliscor|Gliscor, M|100/100
|switch|p2a: Iron Moth|Iron Moth|100/100
|-enditem|p2a: Iron Moth|Booster Energy
|-activate|p2a: Iron Moth|ability: Quark Drive|[fromitem]
|-start|p2a: Iron Moth|quarkdrivespe
|turn|1
|
|t:|1758964964
|move|p2a: Iron Moth|Fiery Dance|p1a: Gliscor
|-damage|p1a: Gliscor|63/100
|move|p1a: Gliscor|Spikes|p2a: Iron Moth
|-sidestart|p2: mark_neon|Spikes
|
|-status|p1a: Gliscor|tox|[from] item: Toxic Orb
|upkeep
|turn|2
|
|t:|1758964973
|move|p1a: Gliscor|Protect|p1a: Gliscor
|-singleturn|p1a: Gliscor|Protect
|move|p2a: Iron Moth|Fiery Dance|p1a: Gliscor
|-activate|p1a: Gliscor|move: Protect
|
|-heal|p1a: Gliscor|75/100 tox|[from] ability: Poison Heal
|upkeep
|turn|3
|
|t:|1758964977
|move|p2a: Iron Moth|Fiery Dance|p1a: Gliscor
|-damage|p1a: Gliscor|43/100 tox
|move|p1a: Gliscor|Earthquake|p2a: Iron Moth
|-supereffective|p2a: Iron Moth
|-crit|p2a: Iron Moth
|-damage|p2a: Iron Moth|0 fnt
|faint|p2a: Iron Moth
|-end|p2a: Iron Moth|Quark Drive|[silent]
|
|-heal|p1a: Gliscor|55/100 tox|[from] ability: Poison Heal
|upkeep
|
|t:|1758964984
|switch|p2a: Ogerpon|Ogerpon-Wellspring, F|100/100
|-damage|p2a: Ogerpon|88/100|[from] Spikes
|turn|4
|
|t:|1758964989
|move|p1a: Gliscor|Protect|p1a: Gliscor
|-singleturn|p1a: Gliscor|Protect
|move|p2a: Ogerpon|Swords Dance|p2a: Ogerpon
|-boost|p2a: Ogerpon|atk|2
|
|-heal|p1a: Gliscor|68/100 tox|[from] ability: Poison Heal
|upkeep
|turn|5
|
|t:|1758965004
|move|p2a: Ogerpon|Ivy Cudgel|p1a: Gliscor|[anim] Ivy Cudgel Water
|-supereffective|p1a: Gliscor
|-damage|p1a: Gliscor|0 fnt
|faint|p1a: Gliscor
|
|upkeep
|
|t:|1758965017
|switch|p1a: Zamazenta|Zamazenta|100/100
|-ability|p1a: Zamazenta|Dauntless Shield|boost
|-boost|p1a: Zamazenta|def|1
|turn|6
|
|t:|1758965020
|move|p1a: Zamazenta|Iron Defense|p1a: Zamazenta
|-boost|p1a: Zamazenta|def|2
|move|p2a: Ogerpon|Play Rough|p1a: Zamazenta
|-supereffective|p1a: Zamazenta
|-damage|p1a: Zamazenta|59/100
|
|-heal|p1a: Zamazenta|65/100|[from] item: Leftovers
|upkeep
|turn|7
|
|t:|1758965028
|move|p1a: Zamazenta|Body Press|p2a: Ogerpon
|-damage|p2a: Ogerpon|0 fnt
|faint|p2a: Ogerpon
|
|-heal|p1a: Zamazenta|72/100|[from] item: Leftovers
|upkeep
|
|t:|1758965032
|switch|p2a: Iron Treads|Iron Treads|100/100
|-damage|p2a: Iron Treads|88/100|[from] Spikes
|-enditem|p2a: Iron Treads|Booster Energy
|-activate|p2a: Iron Treads|ability: Quark Drive|[fromitem]
|-start|p2a: Iron Treads|quarkdrivespe
|turn|8
|
|t:|1758965040
|move|p2a: Iron Treads|Rapid Spin|p1a: Zamazenta
|-damage|p1a: Zamazenta|67/100
|-boost|p2a: Iron Treads|spe|1
|-sideend|p2: mark_neon|Spikes|[from] move: Rapid Spin|[of] p2a: Iron Treads
|move|p1a: Zamazenta|Body Press|p2a: Iron Treads
|-supereffective|p2a: Iron Treads
|-damage|p2a: Iron Treads|0 fnt
|faint|p2a: Iron Treads
|-end|p2a: Iron Treads|Quark Drive|[silent]
|
|-heal|p1a: Zamazenta|73/100|[from] item: Leftovers
|upkeep
|
|t:|1758965045
|switch|p2a: Iron in Valorant|Iron Valiant|100/100
|-enditem|p2a: Iron in Valorant|Booster Energy
|-activate|p2a: Iron in Valorant|ability: Quark Drive|[fromitem]
|-start|p2a: Iron in Valorant|quarkdrivespe
|turn|9
|
|t:|1758965057
|move|p2a: Iron in Valorant|Moonblast|p1a: Zamazenta
|-supereffective|p1a: Zamazenta
|-damage|p1a: Zamazenta|0 fnt
|faint|p1a: Zamazenta
|
|upkeep
|
|t:|1758965061
|switch|p1a: Iron Moth|Iron Moth|100/100
|-enditem|p1a: Iron Moth|Booster Energy
|-activate|p1a: Iron Moth|ability: Quark Drive|[fromitem]
|-start|p1a: Iron Moth|quarkdrivespe
|turn|10
|
|t:|1758965068
|-terastallize|p2a: Iron in Valorant|Steel
|move|p2a: Iron in Valorant|Knock Off|p1a: Iron Moth
|-crit|p1a: Iron Moth
|-damage|p1a: Iron Moth|58/100
|move|p1a: Iron Moth|Fiery Dance|p2a: Iron in Valorant
|-supereffective|p2a: Iron in Valorant
|-damage|p2a: Iron in Valorant|0 fnt
|faint|p2a: Iron in Valorant
|-end|p2a: Iron in Valorant|Quark Drive|[silent]
|
|upkeep
|
|t:|1758965078
|switch|p2a: Dragapult|Dragapult, F|100/100
|turn|11
|
|t:|1758965088
|move|p1a: Iron Moth|Dazzling Gleam|p2a: Dragapult
|-supereffective|p2a: Dragapult
|-damage|p2a: Dragapult|22/100
|move|p2a: Dragapult|Phantom Force||[still]
|-prepare|p2a: Dragapult|Phantom Force
|
|upkeep
|turn|12
|
|t:|1758965094
|move|p1a: Iron Moth|Dazzling Gleam|p2a: Dragapult|[miss]
|-miss|p1a: Iron Moth|p2a: Dragapult
|move|p2a: Dragapult|Phantom Force|p1a: Iron Moth|[from] lockedmove
|-damage|p1a: Iron Moth|0 fnt
|faint|p1a: Iron Moth
|-end|p1a: Iron Moth|Quark Drive|[silent]
|
|upkeep
|
|t:|1758965105
|switch|p1a: Iron Valiant|Iron Valiant|100/100
|-enditem|p1a: Iron Valiant|Booster Energy
|-activate|p1a: Iron Valiant|ability: Quark Drive|[fromitem]
|-start|p1a: Iron Valiant|quarkdrivespe
|turn|13
|
|t:|1758965108
|move|p1a: Iron Valiant|Spirit Break|p2a: Dragapult
|-supereffective|p2a: Dragapult
|-damage|p2a: Dragapult|0 fnt
|faint|p2a: Dragapult
|
|upkeep
|
|t:|1758965110
|switch|p2a: Morpeko|Morpeko, M, shiny|100/100
|turn|14
|
|t:|1758965114
|move|p1a: Iron Valiant|Spirit Break|p2a: Morpeko
|-supereffective|p2a: Morpeko
|-enditem|p2a: Morpeko|Focus Sash
|-damage|p2a: Morpeko|1/100
|-unboost|p2a: Morpeko|spa|1
|move|p2a: Morpeko|Aura Wheel|p1a: Iron Valiant
|-damage|p1a: Iron Valiant|43/100
|-boost|p2a: Morpeko|spe|1
|
|-formechange|p2a: Morpeko|Morpeko-Hangry||[from] ability: Hunger Switch
|upkeep
|turn|15
|
|t:|1758965127
|move|p2a: Morpeko|Quick Attack|p1a: Iron Valiant
|-damage|p1a: Iron Valiant|29/100
|move|p1a: Iron Valiant|Spirit Break|p2a: Morpeko
|-supereffective|p2a: Morpeko
|-damage|p2a: Morpeko|0 fnt
|faint|p2a: Morpeko
|
|win|ygyguii2
|raw|ygyguii2's rating: 1298 &rarr; <strong>1325</strong><br />(+27 for winning)
|raw|mark_neon's rating: 1320 &rarr; <strong>1299</strong><br />(-21 for losing)
|l|☆mark_neon
|player|p2|
|l|☆ygyguii2
|player|p1|
