|j|☆Kbluu
|j|☆lndigo00
|t:|1758953764
|gametype|singles
|player|p1|Kbluu|marlon|1194
|player|p2|lndigo00|blue|1143
|gen|9
|tier|[Gen 9] OU
|rated|
|rule|HP Percentage Mod: HP is shown in percentages
|rule|Endless Battle Clause: Forcing endless battles is banned
|rule|Species Clause: Limit one of each Pokémon
|rule|OHKO Clause: OHKO moves are banned
|rule|Evasion Items Clause: Evasion items are banned
|rule|Evasion Moves Clause: Evasion moves are banned
|rule|Evasion Abilities Clause: Evasion abilities are banned
|rule|Sleep Moves Clause: Sleep-inducing moves are banned
|clearpoke
|poke|p1|Ninetales, M|
|poke|p1|Cinderace, M|
|poke|p1|Scovillain, M|
|poke|p1|Skeledirge, M|
|poke|p1|Moltres|
|poke|p1|Armarouge, M|
|poke|p2|Snorlax, M|
|poke|p2|Electivire, F|
|poke|p2|Zoroark, M|
|poke|p2|Skarmory, M|
|poke|p2|Blastoise, M|
|poke|p2|Gengar, F|
|teampreview
|inactive|Battle timer is ON: inactive players will automatically lose when time's up. (requested by lndigo00)
|
|t:|1758953782
|teamsize|p1|6
|teamsize|p2|6
|start
|switch|p1a: Moltres|Moltres|100/100
|switch|p2a: Skarmory|Skarmory, M|100/100
|turn|1
|
|t:|1758953802
|switch|p2a: Blastoise|Blastoise, M, shiny|100/100
|switch|p1a: Ninetales|Ninetales, M|100/100
|-weather|SunnyDay|[from] ability: Drought|[of] p1a: Ninetales
|
|-weather|SunnyDay|[upkeep]
|upkeep
|turn|2
|inactive|lndigo00 has 120 seconds left.
|
|t:|1758953845
|move|p1a: Ninetales|Energy Ball|p2a: Blastoise
|-supereffective|p2a: Blastoise
|-damage|p2a: Blastoise|57/100
|move|p2a: Blastoise|Surf|p1a: Ninetales
|-supereffective|p1a: Ninetales
|-damage|p1a: Ninetales|65/100
|
|-weather|SunnyDay|[upkeep]
|-heal|p2a: Blastoise|63/100|[from] item: Leftovers
|upkeep
|turn|3
|
|t:|1758953865
|switch|p2a: Skarmory|Skarmory, M|100/100
|move|p1a: Ninetales|Energy Ball|p2a: Skarmory
|-resisted|p2a: Skarmory
|-damage|p2a: Skarmory|93/100
|
|-weather|SunnyDay|[upkeep]
|upkeep
|turn|4
|
|t:|1758953891
|switch|p1a: Cinderace|Cinderace, M, shiny|100/100
|switch|p2a: Snorlax|Snorlax, M, shiny|100/100
|
|-weather|SunnyDay|[upkeep]
|upkeep
|turn|5
|
|t:|1758953899
|move|p1a: Cinderace|Pyro Ball|p2a: Snorlax
|-damage|p2a: Snorlax|52/100
|move|p2a: Snorlax|Curse|p2a: Snorlax
|-unboost|p2a: Snorlax|spe|1
|-boost|p2a: Snorlax|atk|1
|-boost|p2a: Snorlax|def|1
|
|-weather|none
|-heal|p2a: Snorlax|59/100|[from] item: Leftovers
|upkeep
|turn|6
|
|t:|1758953910
|switch|p1a: Skeledirge|Skeledirge, M|100/100
|move|p2a: Snorlax|Body Slam|p1a: Skeledirge
|-immune|p1a: Skeledirge
|
|-heal|p2a: Snorlax|65/100|[from] item: Leftovers
|upkeep
|turn|7
|
|t:|1758953919
|move|p1a: Skeledirge|Torch Song|p2a: Snorlax
|-damage|p2a: Snorlax|57/100
|-boost|p1a: Skeledirge|spa|1
|move|p2a: Snorlax|Curse|p2a: Snorlax
|-unboost|p2a: Snorlax|spe|1
|-boost|p2a: Snorlax|atk|1
|-boost|p2a: Snorlax|def|1
|
|-heal|p2a: Snorlax|63/100|[from] item: Leftovers
|upkeep
|turn|8
|
|t:|1758953930
|move|p1a: Skeledirge|Will-O-Wisp|p2a: Snorlax
|-status|p2a: Snorlax|brn
|move|p2a: Snorlax|Curse|p2a: Snorlax
|-unboost|p2a: Snorlax|spe|1
|-boost|p2a: Snorlax|atk|1
|-boost|p2a: Snorlax|def|1
|
|-heal|p2a: Snorlax|69/100 brn|[from] item: Leftovers
|-damage|p2a: Snorlax|63/100 brn|[from] brn
|upkeep
|turn|9
|
|t:|1758953941
|move|p1a: Skeledirge|Torch Song|p2a: Snorlax
|-damage|p2a: Snorlax|53/100 brn
|-boost|p1a: Skeledirge|spa|1
|move|p2a: Snorlax|Curse|p2a: Snorlax
|-unboost|p2a: Snorlax|spe|1
|-boost|p2a: Snorlax|atk|1
|-boost|p2a: Snorlax|def|1
|
|-heal|p2a: Snorlax|59/100 brn|[from] item: Leftovers
|-damage|p2a: Snorlax|53/100 brn|[from] brn
|upkeep
|turn|10
|
|t:|1758953955
|move|p1a: Skeledirge|Torch Song|p2a: Snorlax
|-damage|p2a: Snorlax|38/100 brn
|-boost|p1a: Skeledirge|spa|1
|move|p2a: Snorlax|Rest|p2a: Snorlax
|-status|p2a: Snorlax|slp|[from] move: Rest
|-heal|p2a: Snorlax|100/100 slp|[silent]
|
|upkeep
|turn|11
|
|t:|1758953966
|move|p1a: Skeledirge|Torch Song|p2a: Snorlax
|-damage|p2a: Snorlax|83/100 slp
|-boost|p1a: Skeledirge|spa|1
|cant|p2a: Snorlax|slp
|
|-heal|p2a: Snorlax|89/100 slp|[from] item: Leftovers
|upkeep
|turn|12
|
|t:|1758953976
|move|p1a: Skeledirge|Torch Song|p2a: Snorlax
|-damage|p2a: Snorlax|69/100 slp
|-boost|p1a: Skeledirge|spa|1
|cant|p2a: Snorlax|slp
|
|-heal|p2a: Snorlax|76/100 slp|[from] item: Leftovers
|upkeep
|turn|13
|
|t:|1758953986
|move|p1a: Skeledirge|Torch Song|p2a: Snorlax
|-damage|p2a: Snorlax|49/100 slp
|-boost|p1a: Skeledirge|spa|1
|-curestatus|p2a: Snorlax|slp|[msg]
|move|p2a: Snorlax|Heat Crash|p1a: Skeledirge
|-resisted|p1a: Skeledirge
|-damage|p1a: Skeledirge|96/100
|
|-heal|p2a: Snorlax|56/100|[from] item: Leftovers
|upkeep
|turn|14
|inactive|lndigo00 has 120 seconds left.
|
|t:|1758954010
|move|p1a: Skeledirge|Torch Song|p2a: Snorlax
|-damage|p2a: Snorlax|28/100
|move|p2a: Snorlax|Rest|p2a: Snorlax
|-status|p2a: Snorlax|slp|[from] move: Rest
|-heal|p2a: Snorlax|100/100 slp|[silent]
|
|upkeep
|turn|15
|
|t:|1758954030
|switch|p2a: Blastoise|Blastoise, M, shiny|63/100
|move|p1a: Skeledirge|Torch Song|p2a: Blastoise
|-resisted|p2a: Blastoise
|-damage|p2a: Blastoise|14/100
|
|-heal|p2a: Blastoise|20/100|[from] item: Leftovers
|upkeep
|turn|16
|
|t:|1758954051
|switch|p1a: Ninetales|Ninetales, M|65/100
|-weather|SunnyDay|[from] ability: Drought|[of] p1a: Ninetales
|move|p2a: Blastoise|Surf|p1a: Ninetales
|-supereffective|p1a: Ninetales
|-damage|p1a: Ninetales|15/100
|
|-weather|SunnyDay|[upkeep]
|-heal|p2a: Blastoise|26/100|[from] item: Leftovers
|upkeep
|turn|17
|
|t:|1758954065
|move|p1a: Ninetales|Shadow Ball|p2a: Blastoise
|-damage|p2a: Blastoise|7/100
|move|p2a: Blastoise|Surf|p1a: Ninetales
|-supereffective|p1a: Ninetales
|-damage|p1a: Ninetales|0 fnt
|faint|p1a: Ninetales
|
|-weather|SunnyDay|[upkeep]
|-heal|p2a: Blastoise|13/100|[from] item: Leftovers
|upkeep
|inactive|Kbluu has 120 seconds left.
|
|t:|1758954085
|switch|p1a: Armarouge|Armarouge, M|100/100
|turn|18
|inactive|Kbluu has 120 seconds left.
|
|t:|1758954109
|move|p1a: Armarouge|Psyshock|p2a: Blastoise
|-damage|p2a: Blastoise|0 fnt
|faint|p2a: Blastoise
|
|-weather|SunnyDay|[upkeep]
|upkeep
|
|t:|1758954118
|switch|p2a: Snorlax|Snorlax, M, shiny|100/100
|turn|19
|inactive|Kbluu has 120 seconds left.
|
|t:|1758954139
|switch|p1a: Cinderace|Cinderace, M, shiny|100/100
|move|p2a: Snorlax|Dark Pulse|p1a: Cinderace
|-damage|p1a: Cinderace|33/100
|-damage|p2a: Snorlax|91/100|[from] item: Life Orb
|
|-weather|SunnyDay|[upkeep]
|upkeep
|turn|20
|
|t:|1758954161
|move|p2a: Snorlax|Sucker Punch|p1a: Cinderace
|-damage|p1a: Cinderace|0 fnt
|faint|p1a: Cinderace
|-damage|p2a: Snorlax|81/100|[from] item: Life Orb
|
|-weather|none
|upkeep
|inactive|Kbluu has 90 seconds left.
|
|t:|1758954177
|switch|p1a: Scovillain|Scovillain, M|100/100
|turn|21
|inactive|Kbluu has 90 seconds left.
|inactive|lndigo00 has 120 seconds left.
|
|t:|1758954191
|switch|p2a: Electivire|Electivire, F|100/100
|move|p1a: Scovillain|Overheat|p2a: Electivire
|-damage|p2a: Electivire|0 fnt
|-unboost|p1a: Scovillain|spa|2
|faint|p2a: Electivire
|
|upkeep
|inactive|lndigo00 has 120 seconds left.
|
|t:|1758954200
|switch|p2a: Skarmory|Skarmory, M|93/100
|turn|22
|
|t:|1758954208
|switch|p1a: Armarouge|Armarouge, M|100/100
|move|p2a: Skarmory|Stealth Rock|p1a: Armarouge
|-sidestart|p1: Kbluu|move: Stealth Rock
|
|upkeep
|turn|23
|
|t:|1758954217
|move|p1a: Armarouge|Armor Cannon|p2a: Skarmory
|-supereffective|p2a: Skarmory
|-damage|p2a: Skarmory|0 fnt
|-unboost|p1a: Armarouge|def|1
|-unboost|p1a: Armarouge|spd|1
|faint|p2a: Skarmory
|
|upkeep
|
|t:|1758954225
|switch|p2a: Gengar|Gengar, F, shiny|100/100
|turn|24
|
|t:|1758954249
|move|p2a: Gengar|Shadow Ball|p1a: Armarouge
|-supereffective|p1a: Armarouge
|-damage|p1a: Armarouge|0 fnt
|faint|p1a: Armarouge
|
|upkeep
|inactive|Kbluu has 90 seconds left.
|
|t:|1758954261
|switch|p1a: Skeledirge|Skeledirge, M|96/100
|turn|25
|inactive|Kbluu has 90 seconds left.
|
|t:|1758954277
|move|p2a: Gengar|Shadow Ball|p1a: Skeledirge
|-supereffective|p1a: Skeledirge
|-damage|p1a: Skeledirge|33/100
|move|p1a: Skeledirge|Torch Song|p2a: Gengar
|-damage|p2a: Gengar|53/100
|-boost|p1a: Skeledirge|spa|1
|-start|p1a: Skeledirge|Disable|Torch Song|[from] ability: Cursed Body|[of] p2a: Gengar
|
|upkeep
|turn|26
|inactive|Kbluu has 90 seconds left.
|
|t:|1758954306
|move|p2a: Gengar|Shadow Ball|p1a: Skeledirge
|-supereffective|p1a: Skeledirge
|-crit|p1a: Skeledirge
|-damage|p1a: Skeledirge|0 fnt
|faint|p1a: Skeledirge
|
|upkeep
|
|t:|1758954309
|switch|p1a: Moltres|Moltres|100/100
|turn|27
|inactive|lndigo00 has 120 seconds left.
|
|t:|1758954340
|move|p2a: Gengar|Sludge Bomb|p1a: Moltres
|-damage|p1a: Moltres|55/100
|move|p1a: Moltres|Flamethrower|p2a: Gengar
|-crit|p2a: Gengar
|-damage|p2a: Gengar|0 fnt
|faint|p2a: Gengar
|
|upkeep
|
|t:|1758954349
|switch|p2a: Snorlax|Snorlax, M, shiny|100/100 slp
|turn|28
|
|t:|1758954361
|move|p1a: Moltres|Roost|p1a: Moltres
|-heal|p1a: Moltres|100/100
|-singleturn|p1a: Moltres|move: Roost
|cant|p2a: Snorlax|slp
|
|upkeep
|turn|29
|
|t:|1758954369
|move|p1a: Moltres|U-turn|p2a: Snorlax
|-damage|p2a: Snorlax|86/100 slp
|inactive|Kbluu has 90 seconds left.
|
|t:|1758954405
|switch|p1a: Scovillain|Scovillain, M|100/100|[from] U-turn
|-damage|p1a: Scovillain|76/100|[from] Stealth Rock
|cant|p2a: Snorlax|slp
|
|-heal|p2a: Snorlax|92/100 slp|[from] item: Leftovers
|upkeep
|turn|30
|
|t:|1758954421
|move|p1a: Scovillain|Giga Drain|p2a: Snorlax
|-damage|p2a: Snorlax|75/100 slp
|-heal|p1a: Scovillain|91/100|[from] drain|[of] p2a: Snorlax
|-curestatus|p2a: Snorlax|slp|[msg]
|move|p2a: Snorlax|Curse|p2a: Snorlax
|-unboost|p2a: Snorlax|spe|1
|-boost|p2a: Snorlax|atk|1
|-boost|p2a: Snorlax|def|1
|
|-heal|p2a: Snorlax|81/100|[from] item: Leftovers
|upkeep
|turn|31
|
|t:|1758954433
|move|p1a: Scovillain|Will-O-Wisp|p2a: Snorlax
|-status|p2a: Snorlax|brn
|move|p2a: Snorlax|Curse|p2a: Snorlax
|-unboost|p2a: Snorlax|spe|1
|-boost|p2a: Snorlax|atk|1
|-boost|p2a: Snorlax|def|1
|
|-heal|p2a: Snorlax|87/100 brn|[from] item: Leftovers
|-damage|p2a: Snorlax|81/100 brn|[from] brn
|upkeep
|turn|32
|
|t:|1758954445
|move|p1a: Scovillain|Giga Drain|p2a: Snorlax
|-damage|p2a: Snorlax|62/100 brn
|-heal|p1a: Scovillain|100/100|[from] drain|[of] p2a: Snorlax
|move|p2a: Snorlax|Curse|p2a: Snorlax
|-unboost|p2a: Snorlax|spe|1
|-boost|p2a: Snorlax|atk|1
|-boost|p2a: Snorlax|def|1
|
|-heal|p2a: Snorlax|68/100 brn|[from] item: Leftovers
|-damage|p2a: Snorlax|62/100 brn|[from] brn
|upkeep
|turn|33
|
|t:|1758954457
|move|p1a: Scovillain|Giga Drain|p2a: Snorlax
|-damage|p2a: Snorlax|44/100 brn
|move|p2a: Snorlax|Rest|p2a: Snorlax
|-status|p2a: Snorlax|slp|[from] move: Rest
|-heal|p2a: Snorlax|100/100 slp|[silent]
|
|upkeep
|turn|34
|
|t:|1758954470
|move|p1a: Scovillain|Overheat|p2a: Snorlax
|-damage|p2a: Snorlax|81/100 slp
|-unboost|p1a: Scovillain|spa|2
|cant|p2a: Snorlax|slp
|
|-heal|p2a: Snorlax|88/100 slp|[from] item: Leftovers
|upkeep
|turn|35
|
|t:|1758954479
|switch|p1a: Moltres|Moltres|100/100
|cant|p2a: Snorlax|slp
|
|-heal|p2a: Snorlax|94/100 slp|[from] item: Leftovers
|upkeep
|turn|36
|inactive|Kbluu has 90 seconds left.
|
|t:|1758954489
|move|p1a: Moltres|U-turn|p2a: Snorlax
|-damage|p2a: Snorlax|88/100 slp
|
|t:|1758954492
|switch|p1a: Scovillain|Scovillain, M|100/100|[from] U-turn
|-damage|p1a: Scovillain|76/100|[from] Stealth Rock
|-curestatus|p2a: Snorlax|slp|[msg]
|move|p2a: Snorlax|Body Slam|p1a: Scovillain
|-damage|p1a: Scovillain|0 fnt
|faint|p1a: Scovillain
|
|-heal|p2a: Snorlax|94/100|[from] item: Leftovers
|upkeep
|-message|Kbluu forfeited.
|
|win|lndigo00
|raw|Kbluu's rating: 1194 &rarr; <strong>1165</strong><br />(-29 for losing)
|raw|lndigo00's rating: 1143 &rarr; <strong>1172</strong><br />(+29 for winning)
|l|☆Kbluu
|player|p1|
|l|☆lndigo00
|player|p2|
