|j|☆BigG5
|j|☆djalil le w7ch
|t:|1758943212
|gametype|singles
|player|p1|BigG5|170|1542
|player|p2|djalil le w7ch|2|1550
|gen|9
|tier|[Gen 9] OU
|rated|
|rule|HP Percentage Mod: HP is shown in percentages
|rule|Endless Battle Clause: Forcing endless battles is banned
|rule|Species Clause: Limit one of each Pokémon
|rule|OHKO Clause: OHKO moves are banned
|rule|Evasion Items Clause: Evasion items are banned
|rule|Evasion Moves Clause: Evasion moves are banned
|rule|Evasion Abilities Clause: Evasion abilities are banned
|rule|Sleep Moves Clause: Sleep-inducing moves are banned
|clearpoke
|poke|p1|Pelipper, F|
|poke|p1|Moltres|
|poke|p1|Basculegion, M|
|poke|p1|Raging Bolt|
|poke|p1|Iron Treads|
|poke|p1|Keldeo|
|poke|p2|Deoxys-Speed|
|poke|p2|Gholdengo|
|poke|p2|Iron Treads|
|poke|p2|Dragonite, F|
|poke|p2|Iron Moth|
|poke|p2|Samurott-Hisui, M|
|teampreview
|inactive|Battle timer is ON: inactive players will automatically lose when time's up. (requested by BigG5)
|
|t:|1758943230
|teamsize|p1|6
|teamsize|p2|6
|start
|switch|p1a: Iron Treads|Iron Treads|100/100
|switch|p2a: Samurott|Samurott-Hisui, M|100/100
|-item|p1a: Iron Treads|Air Balloon
|turn|1
|
|t:|1758943241
|-end|p1a: Iron Treads|Quark Drive|[silent]
|switch|p1a: Keldeo|Keldeo|100/100
|move|p2a: Samurott|Ceaseless Edge|p1a: Keldeo
|-resisted|p1a: Keldeo
|-damage|p1a: Keldeo|74/100
|-ability|p1a: Keldeo|Justified|boost
|-boost|p1a: Keldeo|atk|1
|-sidestart|p1: BigG5|Spikes
|
|upkeep
|turn|2
|
|t:|1758943248
|move|p1a: Keldeo|Aura Sphere|p2a: Samurott
|-supereffective|p2a: Samurott
|-enditem|p2a: Samurott|Focus Sash
|-damage|p2a: Samurott|1/100
|move|p2a: Samurott|Knock Off|p1a: Keldeo
|-resisted|p1a: Keldeo
|-damage|p1a: Keldeo|50/100
|-ability|p1a: Keldeo|Justified|boost
|-boost|p1a: Keldeo|atk|1
|-enditem|p1a: Keldeo|Heavy-Duty Boots|[from] move: Knock Off|[of] p2a: Samurott
|
|upkeep
|turn|3
|
|t:|1758943274
|move|p1a: Keldeo|Flip Turn|p2a: Samurott
|-resisted|p2a: Samurott
|-damage|p2a: Samurott|0 fnt
|faint|p2a: Samurott
|
|t:|1758943284
|switch|p1a: Pelipper|Pelipper, F|100/100|[from] Flip Turn
|-weather|RainDance|[from] ability: Drizzle|[of] p1a: Pelipper
|
|-weather|RainDance|[upkeep]
|upkeep
|inactive|djalil le w7ch has 120 seconds left.
|
|t:|1758943306
|switch|p2a: Deoxys|Deoxys-Speed|100/100
|-ability|p2a: Deoxys|Pressure
|turn|4
|inactive|djalil le w7ch has 120 seconds left.
|
|t:|1758943315
|switch|p1a: Iron Treads|Iron Treads|100/100
|-item|p1a: Iron Treads|Air Balloon
|move|p2a: Deoxys|Psycho Boost|p1a: Iron Treads
|-resisted|p1a: Iron Treads
|-damage|p1a: Iron Treads|56/100
|-unboost|p2a: Deoxys|spa|2
|-enditem|p1a: Iron Treads|Air Balloon
|-damage|p2a: Deoxys|91/100|[from] item: Life Orb
|
|-weather|RainDance|[upkeep]
|upkeep
|turn|5
|
|t:|1758943320
|move|p2a: Deoxys|Superpower|p1a: Iron Treads
|-supereffective|p1a: Iron Treads
|-crit|p1a: Iron Treads
|-damage|p1a: Iron Treads|0 fnt
|-unboost|p2a: Deoxys|atk|1
|-unboost|p2a: Deoxys|def|1
|faint|p1a: Iron Treads
|-end|p1a: Iron Treads|Quark Drive|[silent]
|-damage|p2a: Deoxys|81/100|[from] item: Life Orb
|
|-weather|RainDance|[upkeep]
|upkeep
|
|t:|1758943323
|switch|p1a: Basculegion|Basculegion, M, shiny|100/100
|-damage|p1a: Basculegion|88/100|[from] Spikes
|turn|6
|
|t:|1758943334
|switch|p2a: Dragonite|Dragonite, F|100/100
|move|p1a: Basculegion|Wave Crash|p2a: Dragonite
|-resisted|p2a: Dragonite
|-damage|p2a: Dragonite|64/100
|-damage|p1a: Basculegion|78/100|[from] Recoil
|
|-weather|RainDance|[upkeep]
|upkeep
|turn|7
|
|t:|1758943343
|move|p1a: Basculegion|Wave Crash|p2a: Dragonite
|-resisted|p2a: Dragonite
|-damage|p2a: Dragonite|0 fnt
|faint|p2a: Dragonite
|-damage|p1a: Basculegion|60/100|[from] Recoil
|
|-weather|RainDance|[upkeep]
|upkeep
|
|t:|1758943362
|switch|p2a: Gholdengo|Gholdengo|100/100
|-item|p2a: Gholdengo|Air Balloon
|turn|8
|
|t:|1758943372
|move|p1a: Basculegion|Wave Crash|p2a: Gholdengo
|-damage|p2a: Gholdengo|11/100
|-enditem|p2a: Gholdengo|Air Balloon
|-damage|p1a: Basculegion|32/100|[from] Recoil
|move|p2a: Gholdengo|Shadow Ball|p1a: Basculegion
|-supereffective|p1a: Basculegion
|-damage|p1a: Basculegion|0 fnt
|faint|p1a: Basculegion
|
|-weather|RainDance|[upkeep]
|upkeep
|
|t:|1758943379
|switch|p1a: Keldeo|Keldeo|50/100
|-damage|p1a: Keldeo|37/100|[from] Spikes
|turn|9
|
|t:|1758943386
|move|p1a: Keldeo|Flip Turn|p2a: Gholdengo
|-damage|p2a: Gholdengo|0 fnt
|faint|p2a: Gholdengo
|
|t:|1758943393
|switch|p1a: Moltres|Moltres|100/100|[from] Flip Turn
|
|-weather|RainDance|[upkeep]
|upkeep
|
|t:|1758943403
|switch|p2a: Iron Moth|Iron Moth|100/100
|-enditem|p2a: Iron Moth|Booster Energy
|-activate|p2a: Iron Moth|ability: Quark Drive|[fromitem]
|-start|p2a: Iron Moth|quarkdrivespe
|turn|10
|
|t:|1758943408
|move|p2a: Iron Moth|Substitute|p2a: Iron Moth
|-start|p2a: Iron Moth|Substitute
|-damage|p2a: Iron Moth|76/100
|move|p1a: Moltres|Hurricane|p2a: Iron Moth
|-end|p2a: Iron Moth|Substitute
|
|-weather|none
|upkeep
|turn|11
|
|t:|1758943411
|switch|p1a: Keldeo|Keldeo|37/100
|-damage|p1a: Keldeo|25/100|[from] Spikes
|move|p2a: Iron Moth|Substitute|p2a: Iron Moth
|-start|p2a: Iron Moth|Substitute
|-damage|p2a: Iron Moth|51/100
|
|upkeep
|turn|12
|
|t:|1758943417
|move|p2a: Iron Moth|Fiery Dance|p1a: Keldeo
|-resisted|p1a: Keldeo
|-damage|p1a: Keldeo|1/100
|-boost|p2a: Iron Moth|spa|1
|move|p1a: Keldeo|Surf|p2a: Iron Moth
|-supereffective|p2a: Iron Moth
|-end|p2a: Iron Moth|Substitute
|
|upkeep
|turn|13
|
|t:|1758943426
|move|p2a: Iron Moth|Fiery Dance|p1a: Keldeo
|-resisted|p1a: Keldeo
|-damage|p1a: Keldeo|0 fnt
|faint|p1a: Keldeo
|
|upkeep
|
|t:|1758943432
|switch|p1a: Pelipper|Pelipper, F|100/100
|-weather|RainDance|[from] ability: Drizzle|[of] p1a: Pelipper
|turn|14
|
|t:|1758943444
|-terastallize|p1a: Pelipper|Ground
|move|p2a: Iron Moth|Substitute|p2a: Iron Moth
|-start|p2a: Iron Moth|Substitute
|-damage|p2a: Iron Moth|26/100
|move|p1a: Pelipper|Hurricane|p2a: Iron Moth
|-end|p2a: Iron Moth|Substitute
|
|-weather|RainDance|[upkeep]
|upkeep
|turn|15
|
|t:|1758943449
|move|p2a: Iron Moth|Substitute|p2a: Iron Moth
|-start|p2a: Iron Moth|Substitute
|-damage|p2a: Iron Moth|1/100
|move|p1a: Pelipper|Hurricane|p2a: Iron Moth
|-end|p2a: Iron Moth|Substitute
|
|-weather|RainDance|[upkeep]
|upkeep
|turn|16
|
|t:|1758943476
|move|p2a: Iron Moth|Sludge Wave|p1a: Pelipper
|-resisted|p1a: Pelipper
|-damage|p1a: Pelipper|55/100
|move|p1a: Pelipper|U-turn|p2a: Iron Moth
|-resisted|p2a: Iron Moth
|-damage|p2a: Iron Moth|0 fnt
|faint|p2a: Iron Moth
|-end|p2a: Iron Moth|Quark Drive|[silent]
|
|t:|1758943479
|switch|p1a: Moltres|Moltres|100/100|[from] U-turn
|
|-weather|RainDance|[upkeep]
|upkeep
|
|t:|1758943493
|switch|p2a: Deoxys|Deoxys-Speed|81/100
|-ability|p2a: Deoxys|Pressure
|turn|17
|
|t:|1758943501
|switch|p2a: Iron Treads|Iron Treads|100/100
|-enditem|p2a: Iron Treads|Booster Energy
|-activate|p2a: Iron Treads|ability: Quark Drive|[fromitem]
|-start|p2a: Iron Treads|quarkdrivespe
|move|p1a: Moltres|Hurricane|p2a: Iron Treads
|-resisted|p2a: Iron Treads
|-damage|p2a: Iron Treads|75/100
|
|-weather|RainDance|[upkeep]
|upkeep
|turn|18
|
|t:|1758943511
|move|p2a: Iron Treads|Stealth Rock|p1a: Moltres
|-sidestart|p1: BigG5|move: Stealth Rock
|move|p1a: Moltres|Will-O-Wisp|p2a: Iron Treads
|-status|p2a: Iron Treads|brn
|
|-weather|RainDance|[upkeep]
|-damage|p2a: Iron Treads|69/100 brn|[from] brn
|upkeep
|turn|19
|
|t:|1758943515
|move|p2a: Iron Treads|Knock Off|p1a: Moltres
|-damage|p1a: Moltres|93/100
|-enditem|p1a: Moltres|Heavy-Duty Boots|[from] move: Knock Off|[of] p2a: Iron Treads
|move|p1a: Moltres|Hurricane|p2a: Iron Treads
|-resisted|p2a: Iron Treads
|-damage|p2a: Iron Treads|39/100 brn
|-start|p2a: Iron Treads|confusion
|
|-weather|RainDance|[upkeep]
|-damage|p2a: Iron Treads|33/100 brn|[from] brn
|upkeep
|turn|20
|
|t:|1758943523
|-activate|p2a: Iron Treads|confusion
|move|p2a: Iron Treads|Knock Off|p1a: Moltres
|-damage|p1a: Moltres|87/100
|move|p1a: Moltres|Hurricane|p2a: Iron Treads
|-resisted|p2a: Iron Treads
|-damage|p2a: Iron Treads|8/100 brn
|
|-weather|RainDance|[upkeep]
|-damage|p2a: Iron Treads|2/100 brn|[from] brn
|upkeep
|turn|21
|
|t:|1758943534
|-activate|p2a: Iron Treads|confusion
|move|p2a: Iron Treads|Knock Off|p1a: Moltres
|-damage|p1a: Moltres|81/100
|move|p1a: Moltres|Hurricane|p2a: Iron Treads
|-resisted|p2a: Iron Treads
|-damage|p2a: Iron Treads|0 fnt
|faint|p2a: Iron Treads
|-end|p2a: Iron Treads|Quark Drive|[silent]
|
|-weather|none
|upkeep
|
|t:|1758943536
|switch|p2a: Deoxys|Deoxys-Speed|81/100
|-ability|p2a: Deoxys|Pressure
|turn|22
|
|t:|1758943547
|move|p2a: Deoxys|Ice Beam|p1a: Moltres
|-damage|p1a: Moltres|45/100
|-damage|p2a: Deoxys|71/100|[from] item: Life Orb
|move|p1a: Moltres|Hurricane|p2a: Deoxys
|-damage|p2a: Deoxys|0 fnt
|faint|p2a: Deoxys
|
|win|BigG5
|raw|BigG5's rating: 1542 &rarr; <strong>1562</strong><br />(+20 for winning)
|raw|djalil le w7ch's rating: 1550 &rarr; <strong>1530</strong><br />(-20 for losing)
|l|☆djalil le w7ch
|player|p2|
