|j|☆y_de_yuki
|j|☆lil_looma
|t:|1758942611
|gametype|singles
|player|p1|y_de_yuki|1|1230
|player|p2|lil_looma|101|1291
|gen|9
|tier|[Gen 9] OU
|rated|
|rule|HP Percentage Mod: HP is shown in percentages
|rule|Endless Battle Clause: Forcing endless battles is banned
|rule|Species Clause: Limit one of each Pokémon
|rule|OHKO Clause: OHKO moves are banned
|rule|Evasion Items Clause: Evasion items are banned
|rule|Evasion Moves Clause: Evasion moves are banned
|rule|Evasion Abilities Clause: Evasion abilities are banned
|rule|Sleep Moves Clause: Sleep-inducing moves are banned
|clearpoke
|poke|p1|Mimikyu, F|
|poke|p1|Ogerpon-Wellspring, F|
|poke|p1|Meloetta|
|poke|p1|Raichu, M|
|poke|p1|Umbreon, M|
|poke|p1|Corviknight, M|
|poke|p2|Hydrapple, F|
|poke|p2|Slowking-Galar, F|
|poke|p2|Alomomola, M|
|poke|p2|Dragonite, F|
|poke|p2|Great Tusk|
|poke|p2|Gholdengo|
|teampreview
|inactive|Battle timer is ON: inactive players will automatically lose when time's up. (requested by y_de_yuki)
|
|t:|1758942625
|teamsize|p1|6
|teamsize|p2|6
|start
|switch|p1a: Afrodita|Ogerpon-Wellspring, F|100/100
|switch|p2a: Alomomola|Alomomola, M|100/100
|turn|1
|l|☆y_de_yuki
|inactive|y_de_yuki disconnected and has a minute to reconnect!
|player|p1|
|j|☆y_de_yuki
|inactive|y_de_yuki reconnected and has 120 seconds left.
|player|p1|y_de_yuki|1|
|
|t:|1758942660
|switch|p2a: Hydrapple|Hydrapple, F|100/100
|move|p1a: Afrodita|Knock Off|p2a: Hydrapple
|-damage|p2a: Hydrapple|71/100
|-enditem|p2a: Hydrapple|Heavy-Duty Boots|[from] move: Knock Off|[of] p1a: Afrodita
|
|upkeep
|turn|2
|
|t:|1758942669
|move|p1a: Afrodita|U-turn|p2a: Hydrapple
|-supereffective|p2a: Hydrapple
|-damage|p2a: Hydrapple|27/100
|
|t:|1758942672
|switch|p1a: Corvo|Corviknight, M|100/100|[from] U-turn
|-ability|p1a: Corvo|Pressure
|move|p2a: Hydrapple|Nasty Plot|p2a: Hydrapple
|-boost|p2a: Hydrapple|spa|2
|
|upkeep
|turn|3
|
|t:|1758942682
|switch|p2a: Alomomola|Alomomola, M|100/100
|move|p1a: Corvo|U-turn|p2a: Alomomola
|-damage|p2a: Alomomola|91/100
|
|t:|1758942685
|switch|p1a: Afrodita|Ogerpon-Wellspring, F|100/100|[from] U-turn
|
|-heal|p2a: Alomomola|97/100|[from] item: Leftovers
|upkeep
|turn|4
|
|t:|1758942712
|switch|p2a: Slowking|Slowking-Galar, F|100/100
|move|p1a: Afrodita|U-turn|p2a: Slowking
|-damage|p2a: Slowking|70/100
|
|t:|1758942717
|switch|p1a: Garfield|Raichu, M|100/100|[from] U-turn
|
|upkeep
|turn|5
|
|t:|1758942722
|move|p1a: Garfield|Volt Switch|p2a: Slowking
|-damage|p2a: Slowking|46/100
|
|t:|1758942725
|switch|p1a: Afrodita|Ogerpon-Wellspring, F|100/100|[from] Volt Switch
|move|p2a: Slowking|Future Sight|p1a: Afrodita
|-start|p2a: Slowking|move: Future Sight
|
|upkeep
|turn|6
|
|t:|1758942740
|switch|p2a: Hydrapple|Hydrapple, F|60/100
|move|p1a: Afrodita|Knock Off|p2a: Hydrapple
|-damage|p2a: Hydrapple|40/100
|
|upkeep
|turn|7
|
|t:|1758942745
|switch|p2a: Slowking|Slowking-Galar, F|79/100
|move|p1a: Afrodita|U-turn|p2a: Slowking
|-damage|p2a: Slowking|52/100
|
|t:|1758942747
|switch|p1a: Jinx|Umbreon, M|100/100|[from] U-turn
|
|-end|p1a: Jinx|move: Future Sight
|-immune|p1a: Jinx
|upkeep
|turn|8
|
|t:|1758942764
|switch|p2a: Great Tusk|Great Tusk|100/100
|-enditem|p2a: Great Tusk|Booster Energy
|-activate|p2a: Great Tusk|ability: Protosynthesis|[fromitem]
|-start|p2a: Great Tusk|protosynthesisatk
|move|p1a: Jinx|Toxic|p2a: Great Tusk|[miss]
|-miss|p1a: Jinx|p2a: Great Tusk
|
|upkeep
|turn|9
|
|t:|1758942773
|switch|p1a: Corvo|Corviknight, M|100/100
|-ability|p1a: Corvo|Pressure
|move|p2a: Great Tusk|Close Combat|p1a: Corvo
|-damage|p1a: Corvo|52/100
|-unboost|p2a: Great Tusk|def|1
|-unboost|p2a: Great Tusk|spd|1
|-damage|p2a: Great Tusk|84/100|[from] item: Rocky Helmet|[of] p1a: Corvo
|
|upkeep
|turn|10
|
|t:|1758942776
|move|p2a: Great Tusk|Close Combat|p1a: Corvo
|-damage|p1a: Corvo|6/100
|-unboost|p2a: Great Tusk|def|1
|-unboost|p2a: Great Tusk|spd|1
|-damage|p2a: Great Tusk|68/100|[from] item: Rocky Helmet|[of] p1a: Corvo
|move|p1a: Corvo|U-turn|p2a: Great Tusk
|-resisted|p2a: Great Tusk
|-damage|p2a: Great Tusk|57/100
|
|t:|1758942782
|switch|p1a: Zafiro|Meloetta|100/100|[from] U-turn
|
|upkeep
|turn|11
|
|t:|1758942800
|-end|p2a: Great Tusk|Protosynthesis|[silent]
|switch|p2a: Alomomola|Alomomola, M|100/100
|move|p1a: Zafiro|Psychic|p2a: Alomomola
|-damage|p2a: Alomomola|65/100
|-unboost|p2a: Alomomola|spd|1
|
|-heal|p2a: Alomomola|71/100|[from] item: Leftovers
|upkeep
|turn|12
|
|t:|1758942804
|switch|p1a: Afrodita|Ogerpon-Wellspring, F|100/100
|move|p2a: Alomomola|Wish|p2a: Alomomola
|
|-heal|p2a: Alomomola|77/100|[from] item: Leftovers
|upkeep
|turn|13
|
|t:|1758942813
|switch|p2a: Gholdengo|Gholdengo|100/100
|move|p1a: Afrodita|U-turn|p2a: Gholdengo
|-resisted|p2a: Gholdengo
|-damage|p2a: Gholdengo|93/100
|
|t:|1758942820
|switch|p1a: Garfield|Raichu, M|100/100|[from] U-turn
|
|-heal|p2a: Gholdengo|100/100|[from] move: Wish|[wisher] Alomomola
|upkeep
|turn|14
|
|t:|1758942828
|move|p2a: Gholdengo|Shadow Ball|p1a: Garfield
|-damage|p1a: Garfield|33/100
|move|p1a: Garfield|Volt Switch|p2a: Gholdengo
|-damage|p2a: Gholdengo|55/100
|
|t:|1758942834
|switch|p1a: Zafiro|Meloetta|100/100|[from] Volt Switch
|
|upkeep
|turn|15
|
|t:|1758942843
|switch|p2a: Alomomola|Alomomola, M|100/100
|move|p1a: Zafiro|U-turn|p2a: Alomomola
|-damage|p2a: Alomomola|93/100
|
|t:|1758942845
|switch|p1a: Afrodita|Ogerpon-Wellspring, F|100/100|[from] U-turn
|
|-heal|p2a: Alomomola|99/100|[from] item: Leftovers
|upkeep
|turn|16
|
|t:|1758942856
|switch|p2a: Hydrapple|Hydrapple, F|73/100
|move|p1a: Afrodita|Horn Leech|p2a: Hydrapple
|-resisted|p2a: Hydrapple
|-crit|p2a: Hydrapple
|-damage|p2a: Hydrapple|60/100
|
|upkeep
|turn|17
|
|t:|1758942864
|switch|p2a: Alomomola|Alomomola, M|100/100
|move|p1a: Afrodita|U-turn|p2a: Alomomola
|-damage|p2a: Alomomola|83/100
|
|t:|1758942867
|switch|p1a: Garfield|Raichu, M|33/100|[from] U-turn
|
|-heal|p2a: Alomomola|89/100|[from] item: Leftovers
|upkeep
|turn|18
|
|t:|1758942871
|switch|p1a: Afrodita|Ogerpon-Wellspring, F|100/100
|switch|p2a: Great Tusk|Great Tusk|57/100
|
|upkeep
|turn|19
|
|t:|1758942880
|-end|p2a: Great Tusk|Protosynthesis|[silent]
|switch|p2a: Hydrapple|Hydrapple, F|94/100
|move|p1a: Afrodita|Ivy Cudgel|p2a: Hydrapple|[anim] Ivy Cudgel Water
|-resisted|p2a: Hydrapple
|-damage|p2a: Hydrapple|83/100
|
|upkeep
|turn|20
|
|t:|1758942884
|switch|p2a: Gholdengo|Gholdengo|55/100
|move|p1a: Afrodita|Horn Leech|p2a: Gholdengo
|-resisted|p2a: Gholdengo
|-crit|p2a: Gholdengo
|-damage|p2a: Gholdengo|19/100
|
|upkeep
|turn|21
|
|t:|1758942889
|move|p2a: Gholdengo|Make It Rain|p1a: Afrodita
|-resisted|p1a: Afrodita
|-damage|p1a: Afrodita|64/100
|-unboost|p2a: Gholdengo|spa|1
|move|p1a: Afrodita|Horn Leech|p2a: Gholdengo
|-resisted|p2a: Gholdengo
|-damage|p2a: Gholdengo|0 fnt
|-heal|p1a: Afrodita|74/100|[from] drain|[of] p2a: Gholdengo
|faint|p2a: Gholdengo
|
|upkeep
|
|t:|1758942896
|switch|p2a: Dragonite|Dragonite, F|100/100
|turn|22
|
|t:|1758942903
|move|p2a: Dragonite|Extreme Speed|p1a: Afrodita
|-damage|p1a: Afrodita|33/100
|move|p1a: Afrodita|U-turn|p2a: Dragonite
|-resisted|p2a: Dragonite
|-damage|p2a: Dragonite|95/100
|
|t:|1758942906
|switch|p1a: Corvo|Corviknight, M|6/100|[from] U-turn
|-ability|p1a: Corvo|Pressure
|
|upkeep
|turn|23
|
|t:|1758942909
|-terastallize|p2a: Dragonite|Normal
|move|p2a: Dragonite|Extreme Speed|p1a: Corvo
|-resisted|p1a: Corvo
|-damage|p1a: Corvo|0 fnt
|-damage|p2a: Dragonite|78/100|[from] item: Rocky Helmet|[of] p1a: Corvo
|faint|p1a: Corvo
|
|upkeep
|
|t:|1758942914
|switch|p1a: Coral|Mimikyu, F, shiny|100/100
|turn|24
|
|t:|1758942917
|move|p1a: Coral|Swords Dance|p1a: Coral
|-boost|p1a: Coral|atk|2
|move|p2a: Dragonite|Roar|p1a: Coral
|drag|p1a: Jinx|Umbreon, M|100/100
|
|upkeep
|turn|25
|
|t:|1758942922
|move|p2a: Dragonite|Roost|p2a: Dragonite
|-heal|p2a: Dragonite|100/100
|move|p1a: Jinx|Toxic|p2a: Dragonite
|-status|p2a: Dragonite|tox
|
|-damage|p2a: Dragonite|94/100 tox|[from] psn
|upkeep
|turn|26
|
|t:|1758942925
|move|p2a: Dragonite|Extreme Speed|p1a: Jinx
|-crit|p1a: Jinx
|-damage|p1a: Jinx|48/100
|move|p1a: Jinx|Foul Play|p2a: Dragonite
|-crit|p2a: Dragonite
|-damage|p2a: Dragonite|20/100 tox
|
|-heal|p1a: Jinx|54/100|[from] item: Leftovers
|-damage|p2a: Dragonite|8/100 tox|[from] psn
|upkeep
|turn|27
|
|t:|1758942936
|switch|p2a: Alomomola|Alomomola, M|100/100
|move|p1a: Jinx|Toxic|p2a: Alomomola
|-status|p2a: Alomomola|tox
|
|-heal|p1a: Jinx|60/100|[from] item: Leftovers
|-damage|p2a: Alomomola|94/100 tox|[from] psn
|upkeep
|turn|28
|
|t:|1758942942
|move|p1a: Jinx|Wish|p1a: Jinx
|move|p2a: Alomomola|Scald|p1a: Jinx
|-damage|p1a: Jinx|53/100
|
|-heal|p1a: Jinx|59/100|[from] item: Leftovers
|-heal|p2a: Alomomola|100/100 tox|[from] item: Leftovers
|-damage|p2a: Alomomola|88/100 tox|[from] psn
|upkeep
|turn|29
|
|t:|1758942945
|switch|p1a: Afrodita|Ogerpon-Wellspring, F|33/100
|move|p2a: Alomomola|Flip Turn|p1a: Afrodita
|-heal|p1a: Afrodita|58/100|[from] ability: Water Absorb|[of] p2a: Alomomola
|
|-heal|p1a: Afrodita|100/100|[from] move: Wish|[wisher] Jinx
|-heal|p2a: Alomomola|94/100 tox|[from] item: Leftovers
|-damage|p2a: Alomomola|76/100 tox|[from] psn
|upkeep
|turn|30
|
|t:|1758942950
|move|p1a: Afrodita|Horn Leech|p2a: Alomomola
|-supereffective|p2a: Alomomola
|-damage|p2a: Alomomola|12/100 tox
|move|p2a: Alomomola|Wish|p2a: Alomomola
|
|-heal|p2a: Alomomola|19/100 tox|[from] item: Leftovers
|-damage|p2a: Alomomola|0 fnt|[from] psn
|faint|p2a: Alomomola
|upkeep
|
|t:|1758942963
|switch|p2a: Slowking|Slowking-Galar, F|86/100
|turn|31
|
|t:|1758942972
|move|p1a: Afrodita|Knock Off|p2a: Slowking
|-supereffective|p2a: Slowking
|-damage|p2a: Slowking|8/100
|-enditem|p2a: Slowking|Assault Vest|[from] move: Knock Off|[of] p1a: Afrodita
|move|p2a: Slowking|Ice Beam|p1a: Afrodita
|-damage|p1a: Afrodita|62/100
|
|-heal|p2a: Slowking|68/100|[from] move: Wish|[wisher] Alomomola
|upkeep
|turn|32
|
|t:|1758942993
|move|p1a: Afrodita|U-turn|p2a: Slowking
|-damage|p2a: Slowking|41/100
|
|t:|1758942995
|switch|p1a: Garfield|Raichu, M|33/100|[from] U-turn
|move|p2a: Slowking|Future Sight|p1a: Garfield
|-start|p2a: Slowking|move: Future Sight
|
|upkeep
|turn|33
|inactive|lil_looma has 120 seconds left.
|
|t:|1758943029
|switch|p2a: Great Tusk|Great Tusk|57/100
|move|p1a: Garfield|Surf|p2a: Great Tusk
|-supereffective|p2a: Great Tusk
|-damage|p2a: Great Tusk|0 fnt
|faint|p2a: Great Tusk
|-end|p2a: Great Tusk|Protosynthesis|[silent]
|
|upkeep
|inactive|lil_looma has 120 seconds left.
|
|t:|1758943041
|switch|p2a: Hydrapple|Hydrapple, F|100/100
|turn|34
|
|t:|1758943047
|switch|p1a: Jinx|Umbreon, M|59/100
|move|p2a: Hydrapple|Nasty Plot|p2a: Hydrapple
|-boost|p2a: Hydrapple|spa|2
|
|-end|p1a: Jinx|move: Future Sight
|-immune|p1a: Jinx
|-heal|p1a: Jinx|65/100|[from] item: Leftovers
|upkeep
|turn|35
|
|t:|1758943052
|move|p1a: Jinx|Toxic|p2a: Hydrapple
|-status|p2a: Hydrapple|tox
|move|p2a: Hydrapple|Fickle Beam|p1a: Jinx
|-damage|p1a: Jinx|19/100
|
|-heal|p1a: Jinx|25/100|[from] item: Leftovers
|-damage|p2a: Hydrapple|94/100 tox|[from] psn
|upkeep
|turn|36
|
|t:|1758943055
|move|p1a: Jinx|Wish|p1a: Jinx
|move|p2a: Hydrapple|Nasty Plot|p2a: Hydrapple
|-boost|p2a: Hydrapple|spa|2
|
|-heal|p1a: Jinx|31/100|[from] item: Leftovers
|-damage|p2a: Hydrapple|82/100 tox|[from] psn
|upkeep
|turn|37
|
|t:|1758943059
|move|p1a: Jinx|Protect|p1a: Jinx
|-singleturn|p1a: Jinx|Protect
|move|p2a: Hydrapple|Nasty Plot|p2a: Hydrapple
|-boost|p2a: Hydrapple|spa|2
|
|-heal|p1a: Jinx|81/100|[from] move: Wish|[wisher] Jinx
|-heal|p1a: Jinx|87/100|[from] item: Leftovers
|-damage|p2a: Hydrapple|64/100 tox|[from] psn
|upkeep
|turn|38
|
|t:|1758943061
|move|p1a: Jinx|Wish|p1a: Jinx
|move|p2a: Hydrapple|Fickle Beam|p1a: Jinx
|-damage|p1a: Jinx|5/100
|
|-heal|p1a: Jinx|11/100|[from] item: Leftovers
|-damage|p2a: Hydrapple|40/100 tox|[from] psn
|upkeep
|turn|39
|
|t:|1758943065
|move|p1a: Jinx|Protect|p1a: Jinx
|-singleturn|p1a: Jinx|Protect
|move|p2a: Hydrapple|Giga Drain|p1a: Jinx
|-activate|p1a: Jinx|move: Protect
|
|-heal|p1a: Jinx|61/100|[from] move: Wish|[wisher] Jinx
|-heal|p1a: Jinx|67/100|[from] item: Leftovers
|-damage|p2a: Hydrapple|10/100 tox|[from] psn
|upkeep
|turn|40
|
|t:|1758943068
|move|p1a: Jinx|Wish|p1a: Jinx
|move|p2a: Hydrapple|Fickle Beam|p1a: Jinx
|-damage|p1a: Jinx|0 fnt
|faint|p1a: Jinx
|
|-damage|p2a: Hydrapple|0 fnt|[from] psn
|faint|p2a: Hydrapple
|upkeep
|
|t:|1758943074
|switch|p1a: Coral|Mimikyu, F, shiny|100/100
|switch|p2a: Dragonite|Dragonite, F, tera:Normal|8/100 tox
|turn|41
|-message|lil_looma forfeited.
|
|win|y_de_yuki
|raw|y_de_yuki's rating: 1230 &rarr; <strong>1259</strong><br />(+29 for winning)
|raw|lil_looma's rating: 1291 &rarr; <strong>1262</strong><br />(-29 for losing)
|l|☆lil_looma
|player|p2|
|l|☆y_de_yuki
|player|p1|
