|j|☆erk7
|j|☆vanshsonioplol
|t:|1759028035
|gametype|singles
|player|p1|erk7|169|1142
|player|p2|vanshsonioplol|red|1152
|gen|9
|tier|[Gen 9] OU
|rated|
|rule|HP Percentage Mod: HP is shown in percentages
|rule|Endless Battle Clause: Forcing endless battles is banned
|rule|Species Clause: Limit one of each Pokémon
|rule|OHKO Clause: OHKO moves are banned
|rule|Evasion Items Clause: Evasion items are banned
|rule|Evasion Moves Clause: Evasion moves are banned
|rule|Evasion Abilities Clause: Evasion abilities are banned
|rule|Sleep Moves Clause: Sleep-inducing moves are banned
|clearpoke
|poke|p1|Scizor, F|
|poke|p1|Primarina, F|
|poke|p1|Salazzle, F|
|poke|p1|Brambleghast, F|
|poke|p1|Meloetta|
|poke|p1|Mudsdale, M|
|poke|p2|Serperior, M|
|poke|p2|Dragonite, F|
|poke|p2|Glimmora, M|
|poke|p2|Keldeo-Resolute|
|poke|p2|Incineroar, F|
|poke|p2|Latios, M|
|teampreview
|inactive|Battle timer is ON: inactive players will automatically lose when time's up. (requested by vanshsonioplol)
|
|t:|1759028060
|teamsize|p1|6
|teamsize|p2|6
|start
|switch|p1a: Machuki|Scizor, F|100/100
|switch|p2a: Glimmora|Glimmora, M|100/100
|turn|1
|
|t:|1759028067
|switch|p2a: Incineroar|Incineroar, F|100/100
|-ability|p2a: Incineroar|Intimidate|boost
|-unboost|p1a: Machuki|atk|1
|move|p1a: Machuki|Bullet Punch|p2a: Incineroar
|-resisted|p2a: Incineroar
|-damage|p2a: Incineroar|82/100
|
|upkeep
|turn|2
|
|t:|1759028075
|switch|p1a: Lidia|Primarina, F|100/100
|move|p2a: Incineroar|Flare Blitz|p1a: Lidia
|-resisted|p1a: Lidia
|-damage|p1a: Lidia|68/100
|-damage|p2a: Incineroar|66/100|[from] item: Rocky Helmet|[of] p1a: Lidia
|-damage|p2a: Incineroar|56/100|[from] Recoil
|
|upkeep
|turn|3
|
|t:|1759028084
|move|p1a: Lidia|Moonblast|p2a: Incineroar
|-damage|p2a: Incineroar|14/100
|-unboost|p2a: Incineroar|spa|1
|-enditem|p2a: Incineroar|Aguav Berry|[eat]
|-heal|p2a: Incineroar|47/100|[from] item: Aguav Berry
|move|p2a: Incineroar|Parting Shot|p1a: Lidia
|-unboost|p1a: Lidia|atk|1
|-unboost|p1a: Lidia|spa|1
|
|t:|1759028095
|switch|p2a: Glimmora|Glimmora, M|100/100|[from] Parting Shot
|
|upkeep
|turn|4
|
|t:|1759028102
|switch|p1a: C va|Brambleghast, F|100/100
|move|p2a: Glimmora|Stealth Rock|p1a: C va
|-sidestart|p1: erk7|move: Stealth Rock
|
|upkeep
|turn|5
|
|t:|1759028110
|move|p1a: C va|Leech Seed|p2a: Glimmora
|-start|p2a: Glimmora|move: Leech Seed
|move|p2a: Glimmora|Spikes|p1a: C va
|-sidestart|p1: erk7|Spikes
|
|-damage|p2a: Glimmora|88/100|[from] Leech Seed|[of] p1a: C va
|upkeep
|turn|6
|
|t:|1759028118
|move|p1a: C va|Rapid Spin|p2a: Glimmora
|-resisted|p2a: Glimmora
|-damage|p2a: Glimmora|81/100
|-boost|p1a: C va|spe|1
|-activate|p2a: Glimmora|ability: Toxic Debris
|-sidestart|p1: erk7|move: Toxic Spikes
|-sideend|p1: erk7|Spikes|[from] move: Rapid Spin|[of] p1a: C va
|-sideend|p1: erk7|Toxic Spikes|[from] move: Rapid Spin|[of] p1a: C va
|-sideend|p1: erk7|Stealth Rock|[from] move: Rapid Spin|[of] p1a: C va
|move|p2a: Glimmora|Spikes|p1a: C va
|-sidestart|p1: erk7|Spikes
|
|-damage|p2a: Glimmora|68/100|[from] Leech Seed|[of] p1a: C va
|upkeep
|turn|7
|
|t:|1759028130
|move|p1a: C va|Rapid Spin|p2a: Glimmora
|-resisted|p2a: Glimmora
|-damage|p2a: Glimmora|60/100
|-boost|p1a: C va|spe|1
|-activate|p2a: Glimmora|ability: Toxic Debris
|-sidestart|p1: erk7|move: Toxic Spikes
|-sideend|p1: erk7|Spikes|[from] move: Rapid Spin|[of] p1a: C va
|-sideend|p1: erk7|Toxic Spikes|[from] move: Rapid Spin|[of] p1a: C va
|move|p2a: Glimmora|Mortal Spin|p1a: C va
|-damage|p1a: C va|88/100
|-status|p1a: C va|psn
|-end|p2a: Glimmora|Leech Seed|[from] move: Mortal Spin|[of] p2a: Glimmora
|
|-heal|p1a: C va|94/100 psn|[from] item: Leftovers
|-damage|p1a: C va|82/100 psn|[from] psn
|upkeep
|turn|8
|
|t:|1759028145
|move|p1a: C va|Leech Seed|p2a: Glimmora
|-start|p2a: Glimmora|move: Leech Seed
|move|p2a: Glimmora|Mortal Spin|p1a: C va
|-damage|p1a: C va|70/100 psn
|-end|p2a: Glimmora|Leech Seed|[from] move: Mortal Spin|[of] p2a: Glimmora
|
|-heal|p1a: C va|76/100 psn|[from] item: Leftovers
|-damage|p1a: C va|63/100 psn|[from] psn
|upkeep
|turn|9
|
|t:|1759028154
|switch|p1a: Machuki|Scizor, F|100/100
|move|p2a: Glimmora|Mortal Spin|p1a: Machuki
|-immune|p1a: Machuki
|
|upkeep
|turn|10
|
|t:|1759028165
|switch|p2a: Incineroar|Incineroar, F|47/100
|-ability|p2a: Incineroar|Intimidate|boost
|-unboost|p1a: Machuki|atk|1
|move|p1a: Machuki|U-turn|p2a: Incineroar
|-damage|p2a: Incineroar|4/100
|
|t:|1759028172
|switch|p1a: Doña|Salazzle, F|100/100|[from] U-turn
|
|upkeep
|turn|11
|
|t:|1759028177
|move|p2a: Incineroar|Fake Out|p1a: Doña
|-damage|p1a: Doña|76/100
|cant|p1a: Doña|flinch
|
|upkeep
|turn|12
|
|t:|1759028189
|switch|p2a: Keldeo|Keldeo-Resolute|100/100
|move|p1a: Doña|Toxic|p2a: Keldeo
|-status|p2a: Keldeo|tox
|
|-damage|p2a: Keldeo|94/100 tox|[from] psn
|upkeep
|turn|13
|
|t:|1759028198
|move|p1a: Doña|Protect|p1a: Doña
|-singleturn|p1a: Doña|Protect
|move|p2a: Keldeo|Surf|p1a: Doña
|-activate|p1a: Doña|move: Protect
|
|-damage|p2a: Keldeo|82/100 tox|[from] psn
|upkeep
|turn|14
|
|t:|1759028206
|move|p1a: Doña|Disable|p2a: Keldeo
|-start|p2a: Keldeo|Disable|Surf
|cant|p2a: Keldeo|Disable|Surf
|
|-damage|p2a: Keldeo|63/100 tox|[from] psn
|upkeep
|turn|15
|
|t:|1759028223
|switch|p2a: Serperior|Serperior, M|100/100
|move|p1a: Doña|Protect||[still]
|-fail|p1a: Doña
|
|upkeep
|turn|16
|
|t:|1759028232
|move|p1a: Doña|Flamethrower|p2a: Serperior
|-supereffective|p2a: Serperior
|-crit|p2a: Serperior
|-damage|p2a: Serperior|0 fnt
|faint|p2a: Serperior
|
|upkeep
|
|t:|1759028238
|switch|p2a: Dragonite|Dragonite, F|100/100
|turn|17
|
|t:|1759028242
|move|p1a: Doña|Toxic|p2a: Dragonite
|-status|p2a: Dragonite|tox
|move|p2a: Dragonite|Dragon Dance|p2a: Dragonite
|-boost|p2a: Dragonite|atk|1
|-boost|p2a: Dragonite|spe|1
|
|-damage|p2a: Dragonite|94/100 tox|[from] psn
|upkeep
|turn|18
|
|t:|1759028250
|switch|p1a: Lidia|Primarina, F|68/100
|move|p2a: Dragonite|Dragon Dance|p2a: Dragonite
|-boost|p2a: Dragonite|atk|1
|-boost|p2a: Dragonite|spe|1
|
|-damage|p2a: Dragonite|82/100 tox|[from] psn
|upkeep
|turn|19
|
|t:|1759028259
|-terastallize|p2a: Dragonite|Steel
|move|p2a: Dragonite|Earthquake|p1a: Lidia
|-damage|p1a: Lidia|0 fnt
|faint|p1a: Lidia
|
|-damage|p2a: Dragonite|63/100 tox|[from] psn
|upkeep
|
|t:|1759028270
|switch|p1a: C va|Brambleghast, F|63/100 psn
|turn|20
|
|t:|1759028275
|move|p1a: C va|Protect|p1a: C va
|-singleturn|p1a: C va|Protect
|move|p2a: Dragonite|Dragon Claw|p1a: C va
|-activate|p1a: C va|move: Protect
|
|-heal|p1a: C va|69/100 psn|[from] item: Leftovers
|-damage|p2a: Dragonite|39/100 tox|[from] psn
|-damage|p1a: C va|57/100 psn|[from] psn
|upkeep
|turn|21
|
|t:|1759028286
|switch|p1a: Bob M|Mudsdale, M, shiny|100/100
|move|p2a: Dragonite|Dragon Claw|p1a: Bob M
|-damage|p1a: Bob M|41/100
|-ability|p1a: Bob M|Stamina|boost
|-boost|p1a: Bob M|def|1
|
|-damage|p2a: Dragonite|8/100 tox|[from] psn
|upkeep
|turn|22
|
|t:|1759028296
|move|p2a: Dragonite|Extreme Speed|p1a: Bob M
|-damage|p1a: Bob M|13/100
|-ability|p1a: Bob M|Stamina|boost
|-boost|p1a: Bob M|def|1
|move|p1a: Bob M|Body Press|p2a: Dragonite
|-supereffective|p2a: Dragonite
|-damage|p2a: Dragonite|0 fnt
|faint|p2a: Dragonite
|
|upkeep
|
|t:|1759028307
|switch|p2a: Keldeo|Keldeo-Resolute|63/100 tox
|turn|23
|
|t:|1759028312
|move|p2a: Keldeo|Air Slash|p1a: Bob M
|-damage|p1a: Bob M|0 fnt
|faint|p1a: Bob M
|
|-damage|p2a: Keldeo|57/100 tox|[from] psn
|upkeep
|
|t:|1759028321
|switch|p1a: Machuki|Scizor, F|100/100
|turn|24
|
|t:|1759028330
|move|p1a: Machuki|Bullet Punch|p2a: Keldeo
|-resisted|p2a: Keldeo
|-damage|p2a: Keldeo|26/100 tox
|move|p2a: Keldeo|Air Slash|p1a: Machuki
|-damage|p1a: Machuki|40/100
|
|-damage|p2a: Keldeo|13/100 tox|[from] psn
|upkeep
|turn|25
|
|t:|1759028338
|move|p1a: Machuki|Bullet Punch|p2a: Keldeo
|-resisted|p2a: Keldeo
|-damage|p2a: Keldeo|0 fnt
|faint|p2a: Keldeo
|
|upkeep
|
|t:|1759028351
|switch|p2a: Latios|Latios, M|100/100
|turn|26
|
|t:|1759028362
|move|p1a: Machuki|Bullet Punch|p2a: Latios
|-damage|p2a: Latios|31/100
|move|p2a: Latios|Shadow Ball|p1a: Machuki
|-damage|p1a: Machuki|3/100
|
|upkeep
|turn|27
|
|t:|1759028370
|switch|p2a: Glimmora|Glimmora, M|60/100
|move|p1a: Machuki|Bullet Punch|p2a: Glimmora
|-supereffective|p2a: Glimmora
|-damage|p2a: Glimmora|0 fnt
|-activate|p2a: Glimmora|ability: Toxic Debris
|-sidestart|p1: erk7|move: Toxic Spikes
|faint|p2a: Glimmora
|
|upkeep
|
|t:|1759028375
|switch|p2a: Incineroar|Incineroar, F|4/100
|-ability|p2a: Incineroar|Intimidate|boost
|-unboost|p1a: Machuki|atk|1
|turn|28
|
|t:|1759028383
|switch|p1a: Doña|Salazzle, F|76/100
|-sideend|p1: erk7|move: Toxic Spikes|[of] p1a: Doña
|move|p2a: Incineroar|Fake Out|p1a: Doña
|-damage|p1a: Doña|52/100
|
|upkeep
|turn|29
|
|t:|1759028402
|move|p1a: Doña|Flamethrower|p2a: Incineroar
|-resisted|p2a: Incineroar
|-damage|p2a: Incineroar|0 fnt
|faint|p2a: Incineroar
|
|upkeep
|
|t:|1759028404
|switch|p2a: Latios|Latios, M|31/100
|turn|30
|
|t:|1759028412
|move|p1a: Doña|Flamethrower|p2a: Latios
|-resisted|p2a: Latios
|-damage|p2a: Latios|7/100
|move|p2a: Latios|Psychic|p1a: Doña
|-supereffective|p1a: Doña
|-damage|p1a: Doña|0 fnt
|faint|p1a: Doña
|
|upkeep
|
|t:|1759028420
|switch|p1a: Melometta|Meloetta|100/100
|turn|31
|
|t:|1759028428
|-terastallize|p1a: Melometta|Fairy
|move|p2a: Latios|Shadow Ball|p1a: Melometta
|-damage|p1a: Melometta|83/100
|move|p1a: Melometta|Alluring Voice|p2a: Latios
|-supereffective|p2a: Latios
|-damage|p2a: Latios|0 fnt
|faint|p2a: Latios
|
|win|erk7
|raw|erk7's rating: 1142 &rarr; <strong>1170</strong><br />(+28 for winning)
|raw|vanshsonioplol's rating: 1178 &rarr; <strong>1150</strong><br />(-28 for losing)
|l|☆vanshsonioplol
|player|p2|
|c|☆erk7|Gg
|l|☆erk7
|player|p1|
