|j|☆noon tide pearl
|j|☆Fitis3
|t:|1759056530
|gametype|singles
|player|p1|noon tide pearl|shadowtriad|1303
|player|p2|Fitis3|170|1261
|gen|9
|tier|[Gen 9] OU
|rated|
|rule|HP Percentage Mod: HP is shown in percentages
|rule|Endless Battle Clause: Forcing endless battles is banned
|rule|Species Clause: Limit one of each Pokémon
|rule|OHKO Clause: OHKO moves are banned
|rule|Evasion Items Clause: Evasion items are banned
|rule|Evasion Moves Clause: Evasion moves are banned
|rule|Evasion Abilities Clause: Evasion abilities are banned
|rule|Sleep Moves Clause: Sleep-inducing moves are banned
|clearpoke
|poke|p1|Deoxys-Speed|
|poke|p1|Moltres-Galar|
|poke|p1|Scream Tail|
|poke|p1|Zamazenta-*|
|poke|p1|Gholdengo|
|poke|p1|Dragonite, M|
|poke|p2|Ninetales-Alola, M|
|poke|p2|Eiscue, M|
|poke|p2|Iron Treads|
|poke|p2|Iron Valiant|
|poke|p2|Clodsire, F|
|poke|p2|Kingambit, F|
|teampreview
|inactive|Battle timer is ON: inactive players will automatically lose when time's up. (requested by Fitis3)
|
|t:|1759056536
|teamsize|p1|6
|teamsize|p2|6
|start
|switch|p1a: EATER|Deoxys-Speed|100/100
|switch|p2a: Ninetales|Ninetales-Alola, M|100/100
|-ability|p1a: EATER|Pressure
|-weather|Snowscape|[from] ability: Snow Warning|[of] p2a: Ninetales
|turn|1
|
|t:|1759056542
|move|p1a: EATER|Taunt|p2a: Ninetales
|-start|p2a: Ninetales|move: Taunt
|cant|p2a: Ninetales|move: Taunt|Aurora Veil
|
|-weather|Snowscape|[upkeep]
|upkeep
|turn|2
|
|t:|1759056546
|switch|p2a: Iron Treads|Iron Treads|100/100
|move|p1a: EATER|Stealth Rock|p2a: Iron Treads
|-sidestart|p2: Fitis3|move: Stealth Rock
|
|-weather|Snowscape|[upkeep]
|upkeep
|turn|3
|
|t:|1759056551
|switch|p1a: GoldNumemon|Gholdengo|100/100
|move|p2a: Iron Treads|Earthquake|p1a: GoldNumemon
|-supereffective|p1a: GoldNumemon
|-damage|p1a: GoldNumemon|25/100
|
|-weather|Snowscape|[upkeep]
|upkeep
|turn|4
|
|t:|1759056560
|switch|p1a: MetalGarurumon|Zamazenta|100/100
|-ability|p1a: MetalGarurumon|Dauntless Shield|boost
|-boost|p1a: MetalGarurumon|def|1
|move|p2a: Iron Treads|Earthquake|p1a: MetalGarurumon
|-damage|p1a: MetalGarurumon|81/100
|
|-weather|Snowscape|[upkeep]
|-heal|p1a: MetalGarurumon|87/100|[from] item: Leftovers
|upkeep
|turn|5
|
|t:|1759056568
|move|p1a: MetalGarurumon|Body Press|p2a: Iron Treads
|-supereffective|p2a: Iron Treads
|-damage|p2a: Iron Treads|17/100
|move|p2a: Iron Treads|Rapid Spin|p1a: MetalGarurumon
|-damage|p1a: MetalGarurumon|80/100
|-boost|p2a: Iron Treads|spe|1
|-sideend|p2: Fitis3|Stealth Rock|[from] move: Rapid Spin|[of] p2a: Iron Treads
|
|-weather|none
|-heal|p1a: MetalGarurumon|86/100|[from] item: Leftovers
|upkeep
|turn|6
|
|t:|1759056577
|-end|p2a: Iron Treads|Quark Drive|[silent]
|switch|p2a: Ninetales|Ninetales-Alola, M|100/100
|-weather|Snowscape|[from] ability: Snow Warning|[of] p2a: Ninetales
|move|p1a: MetalGarurumon|Body Press|p2a: Ninetales
|-damage|p2a: Ninetales|53/100
|
|-weather|Snowscape|[upkeep]
|-heal|p1a: MetalGarurumon|92/100|[from] item: Leftovers
|upkeep
|turn|7
|
|t:|1759056579
|move|p1a: MetalGarurumon|Heavy Slam|p2a: Ninetales
|-supereffective|p2a: Ninetales
|-damage|p2a: Ninetales|0 fnt
|faint|p2a: Ninetales
|
|-weather|Snowscape|[upkeep]
|-heal|p1a: MetalGarurumon|99/100|[from] item: Leftovers
|upkeep
|
|t:|1759056582
|switch|p2a: Eiscue|Eiscue, M|100/100
|turn|8
|
|t:|1759056589
|switch|p1a: GoldNumemon|Gholdengo|25/100
|move|p2a: Eiscue|Substitute|p2a: Eiscue
|-start|p2a: Eiscue|Substitute
|-damage|p2a: Eiscue|76/100
|
|-weather|Snowscape|[upkeep]
|-heal|p2a: Eiscue|82/100|[from] item: Leftovers
|upkeep
|turn|9
|
|t:|1759056601
|move|p1a: GoldNumemon|Shadow Ball|p2a: Eiscue
|-end|p2a: Eiscue|Substitute
|move|p2a: Eiscue|Belly Drum|p2a: Eiscue
|-damage|p2a: Eiscue|32/100
|-setboost|p2a: Eiscue|atk|6|[from] move: Belly Drum
|
|-weather|Snowscape|[upkeep]
|-heal|p2a: Eiscue|38/100|[from] item: Leftovers
|upkeep
|turn|10
|
|t:|1759056607
|move|p1a: GoldNumemon|Shadow Ball|p2a: Eiscue
|-damage|p2a: Eiscue|0 fnt
|faint|p2a: Eiscue
|
|-weather|none
|upkeep
|
|t:|1759056612
|switch|p2a: Kingambit|Kingambit, F|100/100
|-activate|p2a: Kingambit|ability: Supreme Overlord
|-start|p2a: Kingambit|fallen2|[silent]
|turn|11
|
|t:|1759056615
|switch|p1a: MetalGarurumon|Zamazenta|99/100
|move|p2a: Kingambit|Swords Dance|p2a: Kingambit
|-boost|p2a: Kingambit|atk|2
|
|-heal|p1a: MetalGarurumon|100/100|[from] item: Leftovers
|upkeep
|turn|12
|
|t:|1759056625
|-end|p2a: Kingambit|fallen2|[silent]
|switch|p2a: Iron Treads|Iron Treads|17/100
|move|p1a: MetalGarurumon|Body Press|p2a: Iron Treads
|-supereffective|p2a: Iron Treads
|-damage|p2a: Iron Treads|0 fnt
|faint|p2a: Iron Treads
|-end|p2a: Iron Treads|Quark Drive|[silent]
|
|upkeep
|
|t:|1759056629
|switch|p2a: Iron Valiant|Iron Valiant|100/100
|turn|13
|
|t:|1759056637
|switch|p1a: GoldNumemon|Gholdengo|25/100
|move|p2a: Iron Valiant|Moonblast|p1a: GoldNumemon
|-resisted|p1a: GoldNumemon
|-damage|p1a: GoldNumemon|2/100
|-unboost|p1a: GoldNumemon|spa|1
|
|upkeep
|turn|14
|
|t:|1759056644
|move|p2a: Iron Valiant|Moonblast|p1a: GoldNumemon
|-resisted|p1a: GoldNumemon
|-damage|p1a: GoldNumemon|0 fnt
|faint|p1a: GoldNumemon
|
|upkeep
|
|t:|1759056661
|switch|p1a: BigMamemon|Scream Tail|100/100
|-enditem|p1a: BigMamemon|Booster Energy
|-activate|p1a: BigMamemon|ability: Protosynthesis|[fromitem]
|-start|p1a: BigMamemon|protosynthesisspe
|turn|15
|
|t:|1759056670
|-end|p2a: Iron Valiant|Quark Drive|[silent]
|switch|p2a: Clodsire|Clodsire, F|100/100
|move|p1a: BigMamemon|Calm Mind|p1a: BigMamemon
|-boost|p1a: BigMamemon|spa|1
|-boost|p1a: BigMamemon|spd|1
|
|upkeep
|turn|16
|
|t:|1759056676
|move|p1a: BigMamemon|Psychic Noise|p2a: Clodsire
|-supereffective|p2a: Clodsire
|-damage|p2a: Clodsire|60/100
|-start|p2a: Clodsire|move: Heal Block
|move|p2a: Clodsire|Toxic|p1a: BigMamemon
|-status|p1a: BigMamemon|tox
|
|-damage|p1a: BigMamemon|94/100 tox|[from] psn
|upkeep
|turn|17
|
|t:|1759056688
|switch|p2a: Kingambit|Kingambit, F|100/100
|-activate|p2a: Kingambit|ability: Supreme Overlord
|-start|p2a: Kingambit|fallen3|[silent]
|move|p1a: BigMamemon|Psychic Noise|p2a: Kingambit
|-immune|p2a: Kingambit
|
|-damage|p1a: BigMamemon|82/100 tox|[from] psn
|upkeep
|turn|18
|
|t:|1759056699
|-end|p2a: Kingambit|fallen3|[silent]
|switch|p2a: Iron Valiant|Iron Valiant|100/100
|move|p1a: BigMamemon|Fire Blast|p2a: Iron Valiant
|-damage|p2a: Iron Valiant|39/100
|
|-damage|p1a: BigMamemon|63/100 tox|[from] psn
|upkeep
|turn|19
|
|t:|1759056706
|-end|p2a: Iron Valiant|Quark Drive|[silent]
|switch|p2a: Clodsire|Clodsire, F|60/100
|move|p1a: BigMamemon|Boomburst|p2a: Clodsire
|-damage|p2a: Clodsire|36/100
|
|-heal|p2a: Clodsire|42/100|[from] item: Leftovers
|-damage|p1a: BigMamemon|39/100 tox|[from] psn
|upkeep
|turn|20
|
|t:|1759056709
|move|p1a: BigMamemon|Psychic Noise|p2a: Clodsire
|-supereffective|p2a: Clodsire
|-damage|p2a: Clodsire|3/100
|-start|p2a: Clodsire|move: Heal Block
|cant|p2a: Clodsire|move: Heal Block|Recover
|
|-damage|p1a: BigMamemon|8/100 tox|[from] psn
|upkeep
|turn|21
|
|t:|1759056715
|move|p1a: BigMamemon|Boomburst|p2a: Clodsire
|-damage|p2a: Clodsire|0 fnt
|faint|p2a: Clodsire
|
|-damage|p1a: BigMamemon|0 fnt|[from] psn
|faint|p1a: BigMamemon
|-end|p1a: BigMamemon|Protosynthesis|[silent]
|upkeep
|
|t:|1759056728
|switch|p1a: Saberdramon|Moltres-Galar|100/100
|switch|p2a: Iron Valiant|Iron Valiant|39/100
|turn|22
|
|t:|1759056736
|-terastallize|p2a: Iron Valiant|Fairy
|-terastallize|p1a: Saberdramon|Fairy
|move|p2a: Iron Valiant|Moonblast|p1a: Saberdramon
|-damage|p1a: Saberdramon|59/100
|-unboost|p1a: Saberdramon|spa|1
|move|p1a: Saberdramon|Tera Blast|p2a: Iron Valiant|[anim] Tera Blast Fairy
|-damage|p2a: Iron Valiant|0 fnt
|faint|p2a: Iron Valiant
|-end|p2a: Iron Valiant|Quark Drive|[silent]
|
|upkeep
|
|t:|1759056742
|switch|p2a: Kingambit|Kingambit, F|100/100
|-activate|p2a: Kingambit|ability: Supreme Overlord
|-start|p2a: Kingambit|fallen5|[silent]
|turn|23
|
|t:|1759056747
|move|p1a: Saberdramon|Taunt|p2a: Kingambit
|-start|p2a: Kingambit|move: Taunt
|move|p2a: Kingambit|Iron Head|p1a: Saberdramon
|-supereffective|p1a: Saberdramon
|-damage|p1a: Saberdramon|0 fnt
|faint|p1a: Saberdramon
|
|upkeep
|
|t:|1759056752
|switch|p1a: MetalGarurumon|Zamazenta|100/100
|turn|24
|
|t:|1759056755
|move|p1a: MetalGarurumon|Body Press|p2a: Kingambit
|-supereffective|p2a: Kingambit
|-damage|p2a: Kingambit|2/100
|move|p2a: Kingambit|Kowtow Cleave|p1a: MetalGarurumon
|-resisted|p1a: MetalGarurumon
|-damage|p1a: MetalGarurumon|65/100
|
|-heal|p1a: MetalGarurumon|71/100|[from] item: Leftovers
|upkeep
|turn|25
|
|t:|1759056759
|move|p2a: Kingambit|Sucker Punch|p1a: MetalGarurumon
|-resisted|p1a: MetalGarurumon
|-damage|p1a: MetalGarurumon|42/100
|move|p1a: MetalGarurumon|Body Press|p2a: Kingambit
|-supereffective|p2a: Kingambit
|-damage|p2a: Kingambit|0 fnt
|faint|p2a: Kingambit
|-end|p2a: Kingambit|fallen5|[silent]
|
|win|noon tide pearl
|raw|noon tide pearl's rating: 1303 &rarr; <strong>1321</strong><br />(+18 for winning)
|raw|Fitis3's rating: 1261 &rarr; <strong>1239</strong><br />(-22 for losing)
|l|☆Fitis3
|player|p2|
|l|☆noon tide pearl
|player|p1|
