|j|☆staiul28
|j|☆THESWIMMER974
|t:|1758998407
|gametype|singles
|player|p1|staiul28|elesa|1218
|player|p2|THESWIMMER974|swimmer|1285
|gen|9
|tier|[Gen 9] OU
|rated|
|rule|HP Percentage Mod: HP is shown in percentages
|rule|Endless Battle Clause: Forcing endless battles is banned
|rule|Species Clause: Limit one of each Pokémon
|rule|OHKO Clause: OHKO moves are banned
|rule|Evasion Items Clause: Evasion items are banned
|rule|Evasion Moves Clause: Evasion moves are banned
|rule|Evasion Abilities Clause: Evasion abilities are banned
|rule|Sleep Moves Clause: Sleep-inducing moves are banned
|clearpoke
|poke|p1|Gliscor, F|
|poke|p1|Blaziken, F|
|poke|p1|Corviknight, M|
|poke|p1|Samurott-Hisui, M|
|poke|p1|Dragalge, M|
|poke|p1|Thundurus-Therian, M|
|poke|p2|Araquanid, F|
|poke|p2|Kyurem|
|poke|p2|Gholdengo|
|poke|p2|Iron Moth|
|poke|p2|Ogerpon-Wellspring, F|
|poke|p2|Hatterene, F|
|teampreview
|inactive|Battle timer is ON: inactive players will automatically lose when time's up. (requested by staiul28)
|
|t:|1758998424
|teamsize|p1|6
|teamsize|p2|6
|start
|switch|p1a: Thundurus|Thundurus-Therian, M|100/100
|switch|p2a: Araquanid|Araquanid, F|100/100
|turn|1
|
|t:|1758998431
|move|p1a: Thundurus|Thunderbolt|p2a: Araquanid
|-supereffective|p2a: Araquanid
|-damage|p2a: Araquanid|0 fnt
|faint|p2a: Araquanid
|
|upkeep
|
|t:|1758998437
|switch|p2a: Iron Moth|Iron Moth|100/100
|-enditem|p2a: Iron Moth|Booster Energy
|-activate|p2a: Iron Moth|ability: Quark Drive|[fromitem]
|-start|p2a: Iron Moth|quarkdrivespa
|turn|2
|
|t:|1758998445
|switch|p1a: Dragalge|Dragalge, M|100/100
|move|p2a: Iron Moth|Fiery Dance|p1a: Dragalge
|-resisted|p1a: Dragalge
|-damage|p1a: Dragalge|83/100
|-boost|p2a: Iron Moth|spa|1
|
|upkeep
|turn|3
|
|t:|1758998467
|move|p2a: Iron Moth|Fiery Dance|p1a: Dragalge
|-resisted|p1a: Dragalge
|-damage|p1a: Dragalge|58/100
|move|p1a: Dragalge|Flip Turn|p2a: Iron Moth
|-supereffective|p2a: Iron Moth
|-damage|p2a: Iron Moth|70/100
|
|t:|1758998473
|switch|p1a: Samurott|Samurott-Hisui, M|100/100|[from] Flip Turn
|
|upkeep
|turn|4
|inactive|THESWIMMER974 has 120 seconds left.
|
|t:|1758998509
|move|p1a: Samurott|Aqua Cutter|p2a: Iron Moth
|-supereffective|p2a: Iron Moth
|-damage|p2a: Iron Moth|0 fnt
|faint|p2a: Iron Moth
|-end|p2a: Iron Moth|Quark Drive|[silent]
|
|upkeep
|
|t:|1758998517
|switch|p2a: Ogerpon|Ogerpon-Wellspring, F|100/100
|turn|5
|
|t:|1758998522
|switch|p1a: Corviknight|Corviknight, M|100/100
|-ability|p1a: Corviknight|Pressure
|move|p2a: Ogerpon|Swords Dance|p2a: Ogerpon
|-boost|p2a: Ogerpon|atk|2
|
|upkeep
|turn|6
|
|t:|1758998532
|move|p2a: Ogerpon|Ivy Cudgel|p1a: Corviknight|[anim] Ivy Cudgel Water
|-crit|p1a: Corviknight
|-damage|p1a: Corviknight|0 fnt
|faint|p1a: Corviknight
|
|upkeep
|
|t:|1758998538
|switch|p1a: Samurott|Samurott-Hisui, M|100/100
|turn|7
|
|t:|1758998542
|move|p1a: Samurott|X-Scissor|p2a: Ogerpon
|-supereffective|p2a: Ogerpon
|-damage|p2a: Ogerpon|0 fnt
|faint|p2a: Ogerpon
|
|upkeep
|
|t:|1758998548
|switch|p2a: Kyurem|Kyurem|100/100
|-ability|p2a: Kyurem|Pressure
|turn|8
|
|t:|1758998576
|move|p1a: Samurott|X-Scissor|p2a: Kyurem
|-damage|p2a: Kyurem|60/100
|move|p2a: Kyurem|Freeze-Dry|p1a: Samurott
|-supereffective|p1a: Samurott
|-damage|p1a: Samurott|0 fnt
|faint|p1a: Samurott
|-damage|p2a: Kyurem|50/100|[from] item: Life Orb
|
|upkeep
|inactive|staiul28 has 120 seconds left.
|
|t:|1758998588
|switch|p1a: Gliscor|Gliscor, F|100/100
|turn|9
|
|t:|1758998592
|-terastallize|p1a: Gliscor|Steel
|move|p2a: Kyurem|Ice Beam|p1a: Gliscor
|-resisted|p1a: Gliscor
|-damage|p1a: Gliscor|56/100
|-damage|p2a: Kyurem|40/100|[from] item: Life Orb
|move|p1a: Gliscor|Scale Shot|p2a: Kyurem
|-supereffective|p2a: Kyurem
|-damage|p2a: Kyurem|27/100
|-supereffective|p2a: Kyurem
|-damage|p2a: Kyurem|12/100
|-hitcount|p2a: Kyurem|2
|-unboost|p1a: Gliscor|def|1
|-boost|p1a: Gliscor|spe|1
|-enditem|p1a: Gliscor|White Herb
|-clearnegativeboost|p1a: Gliscor|[silent]
|
|upkeep
|turn|10
|inactive|staiul28 has 120 seconds left.
|
|t:|1758998614
|move|p1a: Gliscor|Acrobatics|p2a: Kyurem
|-damage|p2a: Kyurem|0 fnt
|faint|p2a: Kyurem
|
|upkeep
|
|t:|1758998621
|switch|p2a: Hatterene|Hatterene, F|100/100
|turn|11
|
|t:|1758998629
|move|p1a: Gliscor|Acrobatics|p2a: Hatterene
|-damage|p2a: Hatterene|63/100
|move|p2a: Hatterene|Calm Mind|p2a: Hatterene
|-boost|p2a: Hatterene|spa|1
|-boost|p2a: Hatterene|spd|1
|
|-heal|p2a: Hatterene|69/100|[from] item: Leftovers
|upkeep
|turn|12
|
|t:|1758998640
|move|p1a: Gliscor|Swords Dance|p1a: Gliscor
|-boost|p1a: Gliscor|atk|2
|move|p2a: Hatterene|Draining Kiss|p1a: Gliscor
|-resisted|p1a: Gliscor
|-damage|p1a: Gliscor|30/100
|-heal|p2a: Hatterene|87/100|[from] drain|[of] p1a: Gliscor
|
|-heal|p2a: Hatterene|93/100|[from] item: Leftovers
|upkeep
|turn|13
|
|t:|1758998650
|move|p1a: Gliscor|Acrobatics|p2a: Hatterene
|-damage|p2a: Hatterene|13/100
|move|p2a: Hatterene|Calm Mind|p2a: Hatterene
|-boost|p2a: Hatterene|spa|1
|-boost|p2a: Hatterene|spd|1
|
|-heal|p2a: Hatterene|19/100|[from] item: Leftovers
|upkeep
|turn|14
|-message|THESWIMMER974 forfeited.
|
|win|staiul28
|raw|staiul28's rating: 1218 &rarr; <strong>1248</strong><br />(+30 for winning)
|raw|THESWIMMER974's rating: 1285 &rarr; <strong>1255</strong><br />(-30 for losing)
|l|☆THESWIMMER974
|player|p2|
|l|☆staiul28
|player|p1|
