|j|☆TTZZJJ
|j|☆Reukra671
|t:|1758951454
|gametype|singles
|player|p1|TTZZJJ|hilbert|1373
|player|p2|Reukra671|winona|1370
|gen|9
|tier|[Gen 9] OU
|rated|
|rule|HP Percentage Mod: HP is shown in percentages
|rule|Endless Battle Clause: Forcing endless battles is banned
|rule|Species Clause: Limit one of each Pokémon
|rule|OHKO Clause: OHKO moves are banned
|rule|Evasion Items Clause: Evasion items are banned
|rule|Evasion Moves Clause: Evasion moves are banned
|rule|Evasion Abilities Clause: Evasion abilities are banned
|rule|Sleep Moves Clause: Sleep-inducing moves are banned
|clearpoke
|poke|p1|Basculegion, M|
|poke|p1|Pelipper, M|
|poke|p1|Iron Treads|
|poke|p1|Dragapult, M|
|poke|p1|Overqwil, F|
|poke|p1|Iron Valiant|
|poke|p2|Ogerpon, F|
|poke|p2|Ting-Lu|
|poke|p2|Alomomola, M|
|poke|p2|Moltres|
|poke|p2|Clefable, F|
|poke|p2|Weezing-Galar, F|
|teampreview
|inactive|Battle timer is ON: inactive players will automatically lose when time's up. (requested by Reukra671)
|
|t:|1758951489
|teamsize|p1|6
|teamsize|p2|6
|start
|switch|p1a: Pelipper|Pelipper, M, shiny|100/100
|switch|p2a: Ogerpon|Ogerpon, F|100/100
|-weather|RainDance|[from] ability: Drizzle|[of] p1a: Pelipper
|turn|1
|
|t:|1758951497
|move|p2a: Ogerpon|U-turn|p1a: Pelipper
|-resisted|p1a: Pelipper
|-damage|p1a: Pelipper|78/100
|
|t:|1758951510
|switch|p2a: Ting-Lu|Ting-Lu|100/100|[from] U-turn
|-ability|p2a: Ting-Lu|Vessel of Ruin
|move|p1a: Pelipper|U-turn|p2a: Ting-Lu
|-supereffective|p2a: Ting-Lu
|-damage|p2a: Ting-Lu|92/100
|
|t:|1758951514
|switch|p1a: Basculegion|Basculegion, M, shiny|100/100|[from] U-turn
|
|-weather|RainDance|[upkeep]
|-heal|p2a: Ting-Lu|98/100|[from] item: Leftovers
|upkeep
|turn|2
|inactive|Reukra671 has 120 seconds left.
|
|t:|1758951558
|switch|p2a: Alomomola|Alomomola, M|100/100
|move|p1a: Basculegion|Flip Turn|p2a: Alomomola
|-resisted|p2a: Alomomola
|-damage|p2a: Alomomola|77/100
|
|t:|1758951570
|switch|p1a: Iron Valiant|Iron Valiant, shiny|100/100|[from] Flip Turn
|
|-weather|RainDance|[upkeep]
|upkeep
|turn|3
|inactive|Reukra671 has 120 seconds left.
|
|t:|1758951577
|switch|p2a: Ting-Lu|Ting-Lu|98/100
|-ability|p2a: Ting-Lu|Vessel of Ruin
|move|p1a: Iron Valiant|Thunderbolt|p2a: Ting-Lu
|-immune|p2a: Ting-Lu
|
|-weather|RainDance|[upkeep]
|-heal|p2a: Ting-Lu|100/100|[from] item: Leftovers
|upkeep
|turn|4
|
|t:|1758951583
|-end|p1a: Iron Valiant|Quark Drive|[silent]
|switch|p1a: Basculegion|Basculegion, M, shiny|100/100
|move|p2a: Ting-Lu|Stealth Rock|p1a: Basculegion
|-sidestart|p1: TTZZJJ|move: Stealth Rock
|
|-weather|RainDance|[upkeep]
|upkeep
|turn|5
|
|t:|1758951594
|switch|p2a: Alomomola|Alomomola, M|100/100
|move|p1a: Basculegion|Flip Turn|p2a: Alomomola
|-resisted|p2a: Alomomola
|-damage|p2a: Alomomola|75/100
|
|t:|1758951598
|switch|p1a: Iron Valiant|Iron Valiant, shiny|100/100|[from] Flip Turn
|-damage|p1a: Iron Valiant|94/100|[from] Stealth Rock
|
|-weather|RainDance|[upkeep]
|upkeep
|turn|6
|
|t:|1758951600
|move|p2a: Alomomola|Protect|p2a: Alomomola
|-singleturn|p2a: Alomomola|Protect
|move|p1a: Iron Valiant|Thunderbolt|p2a: Alomomola
|-activate|p2a: Alomomola|move: Protect
|
|-weather|RainDance|[upkeep]
|upkeep
|turn|7
|
|t:|1758951615
|-end|p1a: Iron Valiant|Quark Drive|[silent]
|switch|p1a: Basculegion|Basculegion, M, shiny|100/100
|-damage|p1a: Basculegion|88/100|[from] Stealth Rock
|move|p2a: Alomomola|Flip Turn|p1a: Basculegion
|-resisted|p1a: Basculegion
|-damage|p1a: Basculegion|72/100
|
|t:|1758951632
|switch|p2a: Ogerpon|Ogerpon, F|100/100|[from] Flip Turn
|
|-weather|RainDance|[upkeep]
|upkeep
|turn|8
|inactive|TTZZJJ has 120 seconds left.
|
|t:|1758951674
|switch|p2a: Weezing|Weezing-Galar, F|100/100
|-ability|p2a: Weezing|Neutralizing Gas
|switch|p1a: Overqwil|Overqwil, F, shiny|100/100
|-damage|p1a: Overqwil|88/100|[from] Stealth Rock
|
|-weather|none
|upkeep
|turn|9
|
|t:|1758951680
|move|p1a: Overqwil|Taunt|p2a: Weezing
|-start|p2a: Weezing|move: Taunt
|cant|p2a: Weezing|move: Taunt|Will-O-Wisp
|
|upkeep
|turn|10
|inactive|TTZZJJ has 120 seconds left.
|
|t:|1758951691
|-end|p2a: Weezing|ability: Neutralizing Gas
|switch|p2a: Alomomola|Alomomola, M|100/100
|move|p1a: Overqwil|Gunk Shot|p2a: Alomomola|[miss]
|-miss|p1a: Overqwil|p2a: Alomomola
|
|upkeep
|turn|11
|
|t:|1758951700
|switch|p2a: Weezing|Weezing-Galar, F|100/100
|-ability|p2a: Weezing|Neutralizing Gas
|move|p1a: Overqwil|Spikes|p2a: Weezing
|-sidestart|p2: Reukra671|Spikes
|
|upkeep
|turn|12
|
|t:|1758951707
|move|p1a: Overqwil|Taunt|p2a: Weezing
|-start|p2a: Weezing|move: Taunt
|move|p2a: Weezing|Sludge Bomb|p1a: Overqwil
|-resisted|p1a: Overqwil
|-damage|p1a: Overqwil|65/100
|
|upkeep
|turn|13
|
|t:|1758951711
|move|p1a: Overqwil|Gunk Shot|p2a: Weezing
|-damage|p2a: Weezing|53/100
|-damage|p1a: Overqwil|55/100|[from] item: Life Orb
|move|p2a: Weezing|Sludge Bomb|p1a: Overqwil
|-resisted|p1a: Overqwil
|-damage|p1a: Overqwil|33/100
|
|upkeep
|turn|14
|
|t:|1758951719
|-end|p2a: Weezing|ability: Neutralizing Gas
|switch|p2a: Alomomola|Alomomola, M|100/100
|move|p1a: Overqwil|Gunk Shot|p2a: Alomomola
|-damage|p2a: Alomomola|62/100
|-damage|p1a: Overqwil|23/100|[from] item: Life Orb
|
|upkeep
|turn|15
|
|t:|1758951732
|move|p1a: Overqwil|Gunk Shot|p2a: Alomomola
|-damage|p2a: Alomomola|24/100
|-damage|p1a: Overqwil|13/100|[from] item: Life Orb
|move|p2a: Alomomola|Flip Turn|p1a: Overqwil
|-damage|p1a: Overqwil|0 fnt
|faint|p1a: Overqwil
|
|t:|1758951742
|switch|p2a: Ogerpon|Ogerpon, F|100/100|[from] Flip Turn
|-damage|p2a: Ogerpon|88/100|[from] Spikes
|
|upkeep
|inactive|TTZZJJ has 120 seconds left.
|
|t:|1758951774
|switch|p1a: Dragapult|Dragapult, M, shiny|100/100
|-damage|p1a: Dragapult|88/100|[from] Stealth Rock
|turn|16
|
|t:|1758951803
|-terastallize|p2a: Ogerpon|Grass
|detailschange|p2a: Ogerpon|Ogerpon-Teal-Tera, F, tera:Grass
|-ability|p2a: Ogerpon|Embody Aspect (Teal)|boost
|-boost|p2a: Ogerpon|spe|1
|move|p2a: Ogerpon|U-turn|p1a: Dragapult
|-resisted|p1a: Dragapult
|-damage|p1a: Dragapult|67/100
|
|t:|1758951805
|switch|p2a: Ting-Lu|Ting-Lu|100/100|[from] U-turn
|-damage|p2a: Ting-Lu|88/100|[from] Spikes
|-ability|p2a: Ting-Lu|Vessel of Ruin
|move|p1a: Dragapult|Shadow Ball|p2a: Ting-Lu
|-resisted|p2a: Ting-Lu
|-damage|p2a: Ting-Lu|79/100
|-damage|p1a: Dragapult|57/100|[from] item: Life Orb
|
|-heal|p2a: Ting-Lu|85/100|[from] item: Leftovers
|upkeep
|turn|17
|
|t:|1758951819
|switch|p1a: Pelipper|Pelipper, M, shiny|78/100
|-damage|p1a: Pelipper|53/100|[from] Stealth Rock
|-weather|RainDance|[from] ability: Drizzle|[of] p1a: Pelipper
|move|p2a: Ting-Lu|Whirlwind|p1a: Pelipper
|drag|p1a: Dragapult|Dragapult, M, shiny|57/100
|-damage|p1a: Dragapult|45/100|[from] Stealth Rock
|
|-weather|RainDance|[upkeep]
|-heal|p2a: Ting-Lu|91/100|[from] item: Leftovers
|upkeep
|turn|18
|
|t:|1758951824
|switch|p1a: Iron Treads|Iron Treads, shiny|100/100
|-damage|p1a: Iron Treads|97/100|[from] Stealth Rock
|-enditem|p1a: Iron Treads|Booster Energy
|-activate|p1a: Iron Treads|ability: Quark Drive|[fromitem]
|-start|p1a: Iron Treads|quarkdrivespe
|move|p2a: Ting-Lu|Whirlwind|p1a: Iron Treads
|-end|p1a: Iron Treads|Quark Drive|[silent]
|drag|p1a: Iron Valiant|Iron Valiant, shiny|94/100
|-damage|p1a: Iron Valiant|88/100|[from] Stealth Rock
|
|-weather|RainDance|[upkeep]
|-heal|p2a: Ting-Lu|98/100|[from] item: Leftovers
|upkeep
|turn|19
|
|t:|1758951835
|switch|p2a: Moltres|Moltres, shiny|100/100
|-terastallize|p1a: Iron Valiant|Fairy
|move|p1a: Iron Valiant|Moonblast|p2a: Moltres
|-resisted|p2a: Moltres
|-damage|p2a: Moltres|67/100
|
|-weather|RainDance|[upkeep]
|upkeep
|turn|20
|
|t:|1758951840
|-end|p1a: Iron Valiant|Quark Drive|[silent]
|switch|p1a: Dragapult|Dragapult, M, shiny|45/100
|-damage|p1a: Dragapult|32/100|[from] Stealth Rock
|move|p2a: Moltres|Roar|p1a: Dragapult
|drag|p1a: Iron Treads|Iron Treads, shiny|97/100
|-damage|p1a: Iron Treads|94/100|[from] Stealth Rock
|
|-weather|RainDance|[upkeep]
|upkeep
|turn|21
|
|t:|1758951847
|move|p1a: Iron Treads|Thunder|p2a: Moltres
|-supereffective|p2a: Moltres
|-damage|p2a: Moltres|32/100
|move|p2a: Moltres|Roost|p2a: Moltres
|-heal|p2a: Moltres|82/100
|-singleturn|p2a: Moltres|move: Roost
|
|-weather|RainDance|[upkeep]
|upkeep
|turn|22
|
|t:|1758951855
|move|p1a: Iron Treads|Rapid Spin|p2a: Moltres
|-damage|p2a: Moltres|72/100
|-boost|p1a: Iron Treads|spe|1
|-sideend|p1: TTZZJJ|Stealth Rock|[from] move: Rapid Spin|[of] p1a: Iron Treads
|move|p2a: Moltres|Scorching Sands|p1a: Iron Treads
|-supereffective|p1a: Iron Treads
|-damage|p1a: Iron Treads|41/100
|-status|p1a: Iron Treads|brn
|
|-weather|RainDance|[upkeep]
|-damage|p1a: Iron Treads|34/100 brn|[from] brn
|upkeep
|turn|23
|
|t:|1758951859
|move|p1a: Iron Treads|Stealth Rock|p2a: Moltres
|-sidestart|p2: Reukra671|move: Stealth Rock
|move|p2a: Moltres|Roar|p1a: Iron Treads
|-end|p1a: Iron Treads|Quark Drive|[silent]
|drag|p1a: Dragapult|Dragapult, M, shiny|32/100
|
|-weather|RainDance|[upkeep]
|upkeep
|turn|24
|
|t:|1758951868
|move|p1a: Dragapult|Draco Meteor|p2a: Moltres
|-damage|p2a: Moltres|18/100
|-unboost|p1a: Dragapult|spa|2
|-damage|p1a: Dragapult|23/100|[from] item: Life Orb
|move|p2a: Moltres|Roost|p2a: Moltres
|-heal|p2a: Moltres|68/100
|-singleturn|p2a: Moltres|move: Roost
|
|-weather|none
|upkeep
|turn|25
|
|t:|1758951875
|switch|p2a: Weezing|Weezing-Galar, F|53/100
|-ability|p2a: Weezing|Neutralizing Gas
|move|p1a: Dragapult|Dragon Darts|p2a: Weezing
|-immune|p2a: Weezing
|
|upkeep
|turn|26
|
|t:|1758951882
|switch|p1a: Iron Treads|Iron Treads, shiny|34/100 brn
|move|p2a: Weezing|Defog|p1a: Iron Treads
|-unboost|p1a: Iron Treads|evasion|1
|-sideend|p2: Reukra671|Spikes|[from] move: Defog|[of] p2a: Weezing
|-sideend|p2: Reukra671|Stealth Rock|[from] move: Defog|[of] p2a: Weezing
|
|-damage|p1a: Iron Treads|28/100 brn|[from] brn
|upkeep
|turn|27
|
|t:|1758951900
|-end|p2a: Weezing|ability: Neutralizing Gas
|switch|p2a: Moltres|Moltres, shiny|68/100
|move|p1a: Iron Treads|Steel Beam|p2a: Moltres
|-resisted|p2a: Moltres
|-damage|p2a: Moltres|50/100
|-damage|p1a: Iron Treads|0 fnt|[from] steelbeam
|faint|p1a: Iron Treads
|-end|p1a: Iron Treads|Quark Drive|[silent]
|
|upkeep
|
|t:|1758951919
|switch|p1a: Pelipper|Pelipper, M, shiny|53/100
|-weather|RainDance|[from] ability: Drizzle|[of] p1a: Pelipper
|turn|28
|
|t:|1758951926
|move|p1a: Pelipper|Surf|p2a: Moltres
|-supereffective|p2a: Moltres
|-damage|p2a: Moltres|0 fnt
|faint|p2a: Moltres
|
|-weather|RainDance|[upkeep]
|upkeep
|
|t:|1758951929
|switch|p2a: Ogerpon|Ogerpon-Teal-Tera, F, tera:Grass|88/100
|-ability|p2a: Ogerpon|Embody Aspect (Teal)|boost
|-boost|p2a: Ogerpon|spe|1
|turn|29
|
|t:|1758951937
|move|p2a: Ogerpon|Ivy Cudgel|p1a: Pelipper
|-damage|p1a: Pelipper|0 fnt
|faint|p1a: Pelipper
|
|-weather|RainDance|[upkeep]
|upkeep
|
|t:|1758951942
|switch|p1a: Iron Valiant|Iron Valiant, shiny, tera:Fairy|88/100
|turn|30
|
|t:|1758951946
|move|p2a: Ogerpon|Ivy Cudgel|p1a: Iron Valiant
|-damage|p1a: Iron Valiant|0 fnt
|faint|p1a: Iron Valiant
|-end|p1a: Iron Valiant|Quark Drive|[silent]
|
|-weather|RainDance|[upkeep]
|upkeep
|
|t:|1758951953
|switch|p1a: Dragapult|Dragapult, M, shiny|23/100
|turn|31
|
|t:|1758951958
|move|p2a: Ogerpon|Ivy Cudgel|p1a: Dragapult
|-resisted|p1a: Dragapult
|-crit|p1a: Dragapult
|-damage|p1a: Dragapult|0 fnt
|faint|p1a: Dragapult
|
|-weather|RainDance|[upkeep]
|upkeep
|-message|TTZZJJ forfeited.
|
|win|Reukra671
|raw|TTZZJJ's rating: 1373 &rarr; <strong>1353</strong><br />(-20 for losing)
|raw|Reukra671's rating: 1370 &rarr; <strong>1390</strong><br />(+20 for winning)
|l|☆TTZZJJ
|player|p1|
|l| reukra671
