|j|☆redcolorcap
|j|☆timowallins
|t:|1758980461
|gametype|singles
|player|p1|redcolorcap|gentleman|1273
|player|p2|timowallins|fantina|1218
|gen|9
|tier|[Gen 9] OU
|rated|
|rule|HP Percentage Mod: HP is shown in percentages
|rule|Endless Battle Clause: Forcing endless battles is banned
|rule|Species Clause: Limit one of each Pokémon
|rule|OHKO Clause: OHKO moves are banned
|rule|Evasion Items Clause: Evasion items are banned
|rule|Evasion Moves Clause: Evasion moves are banned
|rule|Evasion Abilities Clause: Evasion abilities are banned
|rule|Sleep Moves Clause: Sleep-inducing moves are banned
|clearpoke
|poke|p1|Infernape, M|
|poke|p1|Slowking, M|
|poke|p1|Dragapult, M|
|poke|p1|Samurott-Hisui, F|
|poke|p1|Gholdengo|
|poke|p1|Landorus-Therian, M|
|poke|p2|Ninetales, M|
|poke|p2|Lilligant-Hisui, F|
|poke|p2|Walking Wake|
|poke|p2|Great Tusk|
|poke|p2|Gliscor, F|
|poke|p2|Hatterene, F|
|teampreview
|inactive|Battle timer is ON: inactive players will automatically lose when time's up. (requested by timowallins)
|inactive|redcolorcap also wants the timer to be on.
|
|t:|1758980480
|teamsize|p1|6
|teamsize|p2|6
|start
|switch|p1a: Slowking|Slowking, M|100/100
|switch|p2a: Walking Wake|Walking Wake|100/100
|turn|1
|inactive|redcolorcap has 120 seconds left.
|
|t:|1758980512
|-terastallize|p1a: Slowking|Fairy
|move|p2a: Walking Wake|Flip Turn|p1a: Slowking
|-damage|p1a: Slowking|85/100
|
|t:|1758980520
|-end|p2a: Walking Wake|Protosynthesis|[silent]
|switch|p2a: Gliscor|Gliscor, F|100/100|[from] Flip Turn
|move|p1a: Slowking|Future Sight|p2a: Gliscor
|-start|p1a: Slowking|move: Future Sight
|
|-status|p2a: Gliscor|tox|[from] item: Toxic Orb
|upkeep
|turn|2
|
|t:|1758980534
|switch|p1a: Landorus|Landorus-Therian, M|100/100
|-ability|p1a: Landorus|Intimidate|boost
|-unboost|p2a: Gliscor|atk|1
|move|p2a: Gliscor|Swords Dance|p2a: Gliscor
|-boost|p2a: Gliscor|atk|2
|
|upkeep
|turn|3
|
|t:|1758980546
|move|p2a: Gliscor|Knock Off|p1a: Landorus
|-damage|p1a: Landorus|73/100
|-damage|p2a: Gliscor|84/100 tox|[from] item: Rocky Helmet|[of] p1a: Landorus
|-enditem|p1a: Landorus|Rocky Helmet|[from] move: Knock Off|[of] p2a: Gliscor
|move|p1a: Landorus|Stealth Rock|p2a: Gliscor
|-sidestart|p2: timowallins|move: Stealth Rock
|
|-end|p2a: Gliscor|move: Future Sight
|-damage|p2a: Gliscor|48/100 tox
|-heal|p2a: Gliscor|61/100 tox|[from] ability: Poison Heal
|upkeep
|turn|4
|
|t:|1758980555
|move|p2a: Gliscor|Facade|p1a: Landorus
|-damage|p1a: Landorus|30/100
|move|p1a: Landorus|U-turn|p2a: Gliscor
|-resisted|p2a: Gliscor
|-damage|p2a: Gliscor|50/100 tox
|
|t:|1758980566
|switch|p1a: Dragapult|Dragapult, M|100/100|[from] U-turn
|
|-heal|p2a: Gliscor|63/100 tox|[from] ability: Poison Heal
|upkeep
|turn|5
|
|t:|1758980576
|move|p2a: Gliscor|Protect|p2a: Gliscor
|-singleturn|p2a: Gliscor|Protect
|move|p1a: Dragapult|Draco Meteor|p2a: Gliscor
|-activate|p2a: Gliscor|move: Protect
|
|-heal|p2a: Gliscor|75/100 tox|[from] ability: Poison Heal
|upkeep
|turn|6
|
|t:|1758980589
|switch|p2a: Hatterene|Hatterene, F|100/100
|-damage|p2a: Hatterene|88/100|[from] Stealth Rock
|move|p1a: Dragapult|Draco Meteor|p2a: Hatterene
|-immune|p2a: Hatterene
|
|-heal|p2a: Hatterene|94/100|[from] item: Leftovers
|upkeep
|turn|7
|
|t:|1758980594
|switch|p1a: Slowking|Slowking, M, tera:Fairy|100/100
|move|p2a: Hatterene|Mystical Fire|p1a: Slowking
|-damage|p1a: Slowking|86/100
|-unboost|p1a: Slowking|spa|1
|
|-heal|p2a: Hatterene|99/100|[from] item: Leftovers
|upkeep
|turn|8
|
|t:|1758980603
|move|p2a: Hatterene|Psychic Noise|p1a: Slowking
|-damage|p1a: Slowking|63/100
|-start|p1a: Slowking|move: Heal Block
|move|p1a: Slowking|Future Sight|p2a: Hatterene
|-start|p1a: Slowking|move: Future Sight
|
|-heal|p2a: Hatterene|100/100|[from] item: Leftovers
|upkeep
|turn|9
|
|t:|1758980612
|move|p2a: Hatterene|Calm Mind|p2a: Hatterene
|-boost|p2a: Hatterene|spa|1
|-boost|p2a: Hatterene|spd|1
|-prepare|p1a: Slowking|Chilly Reception|[premajor]
|move|p1a: Slowking|Chilly Reception|p1a: Slowking
|-weather|Snowscape
|
|t:|1758980635
|switch|p1a: Gholdengo|Gholdengo|100/100|[from] Chilly Reception
|
|-weather|Snowscape|[upkeep]
|upkeep
|turn|10
|
|t:|1758980654
|switch|p2a: Ninetales|Ninetales, M|100/100
|-damage|p2a: Ninetales|76/100|[from] Stealth Rock
|-weather|SunnyDay|[from] ability: Drought|[of] p2a: Ninetales
|move|p1a: Gholdengo|Thunder Wave|p2a: Ninetales
|-status|p2a: Ninetales|par
|
|-weather|SunnyDay|[upkeep]
|-end|p2a: Ninetales|move: Future Sight
|-damage|p2a: Ninetales|38/100 par
|upkeep
|turn|11
|
|t:|1758980673
|move|p1a: Gholdengo|Hex|p2a: Ninetales
|-damage|p2a: Ninetales|0 fnt
|faint|p2a: Ninetales
|
|-weather|SunnyDay|[upkeep]
|upkeep
|
|t:|1758980682
|switch|p2a: Walking Wake|Walking Wake|100/100
|-damage|p2a: Walking Wake|88/100|[from] Stealth Rock
|-activate|p2a: Walking Wake|ability: Protosynthesis
|-start|p2a: Walking Wake|protosynthesisspe
|turn|12
|
|t:|1758980693
|switch|p1a: Slowking|Slowking, M, tera:Fairy|96/100
|move|p2a: Walking Wake|Flip Turn|p1a: Slowking
|-damage|p1a: Slowking|88/100
|
|t:|1758980700
|-end|p2a: Walking Wake|Protosynthesis|[silent]
|switch|p2a: Lilligant|Lilligant-Hisui, F|100/100|[from] Flip Turn
|-damage|p2a: Lilligant|94/100|[from] Stealth Rock
|
|-weather|SunnyDay|[upkeep]
|upkeep
|turn|13
|
|t:|1758980710
|move|p2a: Lilligant|Victory Dance|p2a: Lilligant
|-boost|p2a: Lilligant|atk|1
|-boost|p2a: Lilligant|def|1
|-boost|p2a: Lilligant|spe|1
|-prepare|p1a: Slowking|Chilly Reception|[premajor]
|move|p1a: Slowking|Chilly Reception|p1a: Slowking
|-weather|Snowscape
|
|t:|1758980731
|switch|p1a: Gholdengo|Gholdengo|100/100|[from] Chilly Reception
|
|-weather|Snowscape|[upkeep]
|upkeep
|turn|14
|
|t:|1758980742
|-terastallize|p2a: Lilligant|Fire
|move|p2a: Lilligant|Tera Blast|p1a: Gholdengo|[anim] Tera Blast Fire
|-supereffective|p1a: Gholdengo
|-damage|p1a: Gholdengo|0 fnt
|faint|p1a: Gholdengo
|-damage|p2a: Lilligant|84/100|[from] item: Life Orb
|
|-weather|Snowscape|[upkeep]
|upkeep
|inactive|redcolorcap has 120 seconds left.
|
|t:|1758980785
|switch|p1a: Samurott|Samurott-Hisui, F|100/100
|turn|15
|
|t:|1758980790
|move|p2a: Lilligant|Close Combat|p1a: Samurott
|-supereffective|p1a: Samurott
|-enditem|p1a: Samurott|Focus Sash
|-damage|p1a: Samurott|1/100
|-unboost|p2a: Lilligant|def|1
|-unboost|p2a: Lilligant|spd|1
|-damage|p2a: Lilligant|75/100|[from] item: Life Orb
|move|p1a: Samurott|Razor Shell|p2a: Lilligant
|-supereffective|p2a: Lilligant
|-damage|p2a: Lilligant|0 fnt
|faint|p2a: Lilligant
|
|-weather|Snowscape|[upkeep]
|upkeep
|
|t:|1758980795
|switch|p2a: Great Tusk|Great Tusk|100/100
|turn|16
|inactive|redcolorcap has 120 seconds left.
|
|t:|1758980814
|switch|p1a: Landorus|Landorus-Therian, M|30/100
|-ability|p1a: Landorus|Intimidate|boost
|-unboost|p2a: Great Tusk|atk|1
|move|p2a: Great Tusk|Ice Spinner|p1a: Landorus
|-supereffective|p1a: Landorus
|-damage|p1a: Landorus|0 fnt
|faint|p1a: Landorus
|
|-weather|Snowscape|[upkeep]
|upkeep
|inactive|redcolorcap has 120 seconds left.
|
|t:|1758980825
|switch|p1a: Infernape|Infernape, M, shiny|100/100
|turn|17
|
|t:|1758980828
|move|p1a: Infernape|Grass Knot|p2a: Great Tusk
|-supereffective|p2a: Great Tusk
|-damage|p2a: Great Tusk|0 fnt
|faint|p2a: Great Tusk
|-end|p2a: Great Tusk|Protosynthesis|[silent]
|-damage|p1a: Infernape|91/100|[from] item: Life Orb
|
|-weather|none
|upkeep
|
|t:|1758980834
|switch|p2a: Walking Wake|Walking Wake|88/100
|-damage|p2a: Walking Wake|76/100|[from] Stealth Rock
|turn|18
|
|t:|1758980845
|switch|p1a: Slowking|Slowking, M, tera:Fairy|100/100
|move|p2a: Walking Wake|Hydro Steam|p1a: Slowking
|-damage|p1a: Slowking|65/100
|
|upkeep
|turn|19
|
|t:|1758980851
|move|p2a: Walking Wake|Hydro Steam|p1a: Slowking
|-damage|p1a: Slowking|24/100
|move|p1a: Slowking|Future Sight|p2a: Walking Wake
|-start|p1a: Slowking|move: Future Sight
|
|upkeep
|turn|20
|
|t:|1758980860
|-end|p2a: Walking Wake|Protosynthesis|[silent]
|switch|p2a: Hatterene|Hatterene, F|100/100
|-damage|p2a: Hatterene|88/100|[from] Stealth Rock
|switch|p1a: Samurott|Samurott-Hisui, F|1/100
|
|-heal|p2a: Hatterene|94/100|[from] item: Leftovers
|upkeep
|turn|21
|
|t:|1758980867
|move|p1a: Samurott|Ceaseless Edge|p2a: Hatterene
|-crit|p2a: Hatterene
|-damage|p2a: Hatterene|41/100
|-sidestart|p2: timowallins|Spikes
|move|p2a: Hatterene|Draining Kiss|p1a: Samurott
|-supereffective|p1a: Samurott
|-damage|p1a: Samurott|0 fnt
|-heal|p2a: Hatterene|41/100|[from] drain|[of] p1a: Samurott
|faint|p1a: Samurott
|
|-end|p2a: Hatterene|move: Future Sight
|-resisted|p2a: Hatterene
|-crit|p2a: Hatterene
|-damage|p2a: Hatterene|10/100
|-heal|p2a: Hatterene|16/100|[from] item: Leftovers
|upkeep
|c|☆timowallins|double crit ...
|
|t:|1758980890
|switch|p1a: Dragapult|Dragapult, M|100/100
|turn|22
|
|t:|1758980897
|move|p1a: Dragapult|Shadow Ball|p2a: Hatterene
|-supereffective|p2a: Hatterene
|-crit|p2a: Hatterene
|-damage|p2a: Hatterene|0 fnt
|faint|p2a: Hatterene
|
|upkeep
|
|t:|1758980906
|switch|p2a: Walking Wake|Walking Wake|76/100
|-damage|p2a: Walking Wake|63/100|[from] Stealth Rock
|-damage|p2a: Walking Wake|51/100|[from] Spikes
|turn|23
|
|t:|1758980911
|move|p1a: Dragapult|Shadow Ball|p2a: Walking Wake
|-damage|p2a: Walking Wake|0 fnt
|faint|p2a: Walking Wake
|-end|p2a: Walking Wake|Protosynthesis|[silent]
|
|upkeep
|-message|timowallins forfeited.
|
|win|redcolorcap
|raw|redcolorcap's rating: 1273 &rarr; <strong>1294</strong><br />(+21 for winning)
|raw|timowallins's rating: 1218 &rarr; <strong>1197</strong><br />(-21 for losing)
|l|☆timowallins
|player|p2|
|c|☆redcolorcap|gg
