|j|‽Bill6pher
|j|☆A King Of The Ring
|t:|1758986467
|gametype|singles
|player|p1|Bill6pher|266|1634
|player|p2|A King Of The Ring|rocketexecutive-gen2|1618
|gen|9
|tier|[Gen 9] OU
|rated|
|rule|HP Percentage Mod: HP is shown in percentages
|rule|Endless Battle Clause: Forcing endless battles is banned
|rule|Species Clause: Limit one of each Pokémon
|rule|OHKO Clause: OHKO moves are banned
|rule|Evasion Items Clause: Evasion items are banned
|rule|Evasion Moves Clause: Evasion moves are banned
|rule|Evasion Abilities Clause: Evasion abilities are banned
|rule|Sleep Moves Clause: Sleep-inducing moves are banned
|clearpoke
|poke|p1|Darkrai|
|poke|p1|Slowking-Galar, F|
|poke|p1|Kingambit, M|
|poke|p1|Great Tusk|
|poke|p1|Gholdengo|
|poke|p1|Dragapult, F|
|poke|p2|Kyurem|
|poke|p2|Ursaluna, M|
|poke|p2|Darkrai|
|poke|p2|Ninetales-Alola, M|
|poke|p2|Comfey, M|
|poke|p2|Iron Crown|
|teampreview
|inactive|Battle timer is ON: inactive players will automatically lose when time's up. (requested by Bill6pher)
|
|t:|1758986490
|teamsize|p1|6
|teamsize|p2|6
|start
|switch|p1a: Dragapult|Dragapult, F|100/100
|switch|p2a: Darkrai|Darkrai, shiny|100/100
|turn|1
|j| Barack Afritte
|l| Barack Afritte
|
|t:|1758986506
|switch|p1a: Slowking|Slowking-Galar, F|100/100
|move|p2a: Darkrai|Sludge Bomb|p1a: Slowking
|-resisted|p1a: Slowking
|-damage|p1a: Slowking|92/100
|
|upkeep
|turn|2
|
|t:|1758986512
|move|p2a: Darkrai|Dark Pulse|p1a: Slowking
|-supereffective|p1a: Slowking
|-damage|p1a: Slowking|37/100
|-prepare|p1a: Slowking|Chilly Reception|[premajor]
|move|p1a: Slowking|Chilly Reception|p1a: Slowking
|-weather|Snowscape
|inactive|Bill6pher has 120 seconds left.
|
|t:|1758986550
|switch|p1a: Dragapult|Dragapult, F|100/100|[from] Chilly Reception
|
|-weather|Snowscape|[upkeep]
|upkeep
|turn|3
|
|t:|1758986579
|move|p1a: Dragapult|U-turn|p2a: Darkrai
|-supereffective|p2a: Darkrai
|-crit|p2a: Darkrai
|-damage|p2a: Darkrai|27/100
|
|t:|1758986586
|switch|p1a: Darkrai|Darkrai|100/100|[from] U-turn
|move|p2a: Darkrai|Dark Pulse|p1a: Darkrai
|-resisted|p1a: Darkrai
|-damage|p1a: Darkrai|74/100
|
|-weather|Snowscape|[upkeep]
|upkeep
|turn|4
|
|t:|1758986593
|move|p1a: Darkrai|Ice Beam|p2a: Darkrai
|-damage|p2a: Darkrai|0 fnt
|faint|p2a: Darkrai
|
|-weather|Snowscape|[upkeep]
|upkeep
|
|t:|1758986598
|switch|p2a: Iron Crown|Iron Crown|100/100
|-enditem|p2a: Iron Crown|Booster Energy
|-activate|p2a: Iron Crown|ability: Quark Drive|[fromitem]
|-start|p2a: Iron Crown|quarkdrivespe
|turn|5
|
|t:|1758986603
|switch|p1a: Slowking|Slowking-Galar, F|70/100
|move|p2a: Iron Crown|Calm Mind|p2a: Iron Crown
|-boost|p2a: Iron Crown|spa|1
|-boost|p2a: Iron Crown|spd|1
|
|-weather|Snowscape|[upkeep]
|upkeep
|turn|6
|
|t:|1758986610
|move|p2a: Iron Crown|Psyshock|p1a: Slowking
|-damage|p1a: Slowking|7/100
|-prepare|p1a: Slowking|Chilly Reception|[premajor]
|move|p1a: Slowking|Chilly Reception|p1a: Slowking
|
|t:|1758986629
|switch|p1a: Darkrai|Darkrai|74/100|[from] Chilly Reception
|
|-weather|none
|upkeep
|turn|7
|
|t:|1758986655
|-terastallize|p2a: Iron Crown|Dark
|move|p1a: Darkrai|Trick|p2a: Iron Crown
|-activate|p1a: Darkrai|move: Trick|[of] p2a: Iron Crown
|-item|p2a: Iron Crown|Choice Scarf|[from] move: Trick
|-enditem|p1a: Darkrai|Choice Scarf|[silent]|[from] move: Trick
|move|p2a: Iron Crown|Calm Mind|p2a: Iron Crown
|-boost|p2a: Iron Crown|spa|1
|-boost|p2a: Iron Crown|spd|1
|
|upkeep
|turn|8
|inactive|A King Of The Ring has 120 seconds left.
|
|t:|1758986673
|-end|p2a: Iron Crown|Quark Drive|[silent]
|switch|p2a: Ursaluna|Ursaluna, M, shiny|100/100
|move|p1a: Darkrai|Sludge Bomb|p2a: Ursaluna
|-resisted|p2a: Ursaluna
|-damage|p2a: Ursaluna|86/100
|
|-status|p2a: Ursaluna|brn|[from] item: Flame Orb
|upkeep
|turn|9
|
|t:|1758986682
|switch|p1a: Great Tusk|Great Tusk|100/100
|move|p2a: Ursaluna|Facade|p1a: Great Tusk
|-damage|p1a: Great Tusk|54/100
|
|-heal|p1a: Great Tusk|60/100|[from] item: Leftovers
|-damage|p2a: Ursaluna|79/100 brn|[from] brn
|upkeep
|turn|10
|
|t:|1758986699
|switch|p2a: Ninetales|Ninetales-Alola, M, shiny|100/100
|-weather|Snowscape|[from] ability: Snow Warning|[of] p2a: Ninetales
|move|p1a: Great Tusk|Stealth Rock|p2a: Ninetales
|-sidestart|p2: A King Of The Ring|move: Stealth Rock
|
|-weather|Snowscape|[upkeep]
|-heal|p1a: Great Tusk|67/100|[from] item: Leftovers
|upkeep
|turn|11
|
|t:|1758986707
|-end|p1a: Great Tusk|Protosynthesis|[silent]
|switch|p1a: Slowking|Slowking-Galar, F|40/100
|move|p2a: Ninetales|Aurora Veil|p2a: Ninetales
|-sidestart|p2: A King Of The Ring|move: Aurora Veil
|
|-weather|Snowscape|[upkeep]
|upkeep
|turn|12
|
|t:|1758986712
|switch|p2a: Ursaluna|Ursaluna, M, shiny|79/100 brn
|-damage|p2a: Ursaluna|73/100 brn|[from] Stealth Rock
|-prepare|p1a: Slowking|Chilly Reception|[premajor]
|move|p1a: Slowking|Chilly Reception|p1a: Slowking
|
|t:|1758986718
|switch|p1a: Great Tusk|Great Tusk|67/100|[from] Chilly Reception
|
|-weather|Snowscape|[upkeep]
|-heal|p1a: Great Tusk|73/100|[from] item: Leftovers
|-damage|p2a: Ursaluna|67/100 brn|[from] brn
|upkeep
|turn|13
|
|t:|1758986729
|move|p2a: Ursaluna|Bulk Up|p2a: Ursaluna
|-boost|p2a: Ursaluna|atk|1
|-boost|p2a: Ursaluna|def|1
|move|p1a: Great Tusk|Body Press|p2a: Ursaluna
|-supereffective|p2a: Ursaluna
|-damage|p2a: Ursaluna|41/100 brn
|
|-weather|Snowscape|[upkeep]
|-heal|p1a: Great Tusk|79/100|[from] item: Leftovers
|-damage|p2a: Ursaluna|35/100 brn|[from] brn
|upkeep
|turn|14
|
|t:|1758986738
|move|p2a: Ursaluna|Facade|p1a: Great Tusk
|-damage|p1a: Great Tusk|11/100
|move|p1a: Great Tusk|Rapid Spin|p2a: Ursaluna
|-damage|p2a: Ursaluna|31/100 brn
|-boost|p1a: Great Tusk|spe|1
|
|-weather|none
|-heal|p1a: Great Tusk|18/100|[from] item: Leftovers
|-damage|p2a: Ursaluna|25/100 brn|[from] brn
|upkeep
|turn|15
|
|t:|1758986747
|move|p1a: Great Tusk|Body Press|p2a: Ursaluna
|-supereffective|p2a: Ursaluna
|-damage|p2a: Ursaluna|0 fnt
|faint|p2a: Ursaluna
|
|-heal|p1a: Great Tusk|24/100|[from] item: Leftovers
|upkeep
|
|t:|1758986751
|switch|p2a: Comfey|Comfey, M, shiny|100/100
|-damage|p2a: Comfey|88/100|[from] Stealth Rock
|turn|16
|
|t:|1758986761
|-end|p1a: Great Tusk|Protosynthesis|[silent]
|switch|p1a: Gholdengo|Gholdengo|100/100
|move|p2a: Comfey|Draining Kiss|p1a: Gholdengo
|-resisted|p1a: Gholdengo
|-damage|p1a: Gholdengo|88/100
|-heal|p2a: Comfey|99/100|[from] drain|[of] p1a: Gholdengo
|
|upkeep
|turn|17
|
|t:|1758986769
|switch|p2a: Iron Crown|Iron Crown, tera:Dark|100/100
|-damage|p2a: Iron Crown|88/100|[from] Stealth Rock
|move|p1a: Gholdengo|Make It Rain|p2a: Iron Crown
|-damage|p2a: Iron Crown|58/100
|-unboost|p1a: Gholdengo|spa|1
|
|upkeep
|turn|18
|
|t:|1758986778
|switch|p1a: Slowking|Slowking-Galar, F|73/100
|move|p2a: Iron Crown|Focus Blast|p1a: Slowking|[miss]
|-miss|p2a: Iron Crown|p1a: Slowking
|
|-sideend|p2: A King Of The Ring|move: Aurora Veil
|upkeep
|turn|19
|
|t:|1758986784
|-end|p2a: Iron Crown|Quark Drive|[silent]
|switch|p2a: Kyurem|Kyurem|100/100
|-damage|p2a: Kyurem|76/100|[from] Stealth Rock
|-ability|p2a: Kyurem|Pressure
|-prepare|p1a: Slowking|Chilly Reception|[premajor]
|move|p1a: Slowking|Chilly Reception|p1a: Slowking
|-weather|Snowscape
|
|t:|1758986793
|switch|p1a: Gholdengo|Gholdengo|88/100|[from] Chilly Reception
|
|-weather|Snowscape|[upkeep]
|upkeep
|turn|20
|
|t:|1758986801
|move|p1a: Gholdengo|Make It Rain|p2a: Kyurem
|-supereffective|p2a: Kyurem
|-crit|p2a: Kyurem
|-damage|p2a: Kyurem|0 fnt
|-unboost|p1a: Gholdengo|spa|1
|faint|p2a: Kyurem
|
|-weather|Snowscape|[upkeep]
|upkeep
|
|t:|1758986803
|switch|p2a: Ninetales|Ninetales-Alola, M, shiny|100/100
|-damage|p2a: Ninetales|76/100|[from] Stealth Rock
|turn|21
|
|t:|1758986810
|move|p1a: Gholdengo|Make It Rain|p2a: Ninetales
|-supereffective|p2a: Ninetales
|-damage|p2a: Ninetales|0 fnt
|-unboost|p1a: Gholdengo|spa|1
|faint|p2a: Ninetales
|
|-weather|Snowscape|[upkeep]
|upkeep
|
|t:|1758986816
|switch|p2a: Iron Crown|Iron Crown, tera:Dark|58/100
|-damage|p2a: Iron Crown|46/100|[from] Stealth Rock
|turn|22
|
|t:|1758986820
|switch|p1a: Slowking|Slowking-Galar, F|100/100
|move|p2a: Iron Crown|Tera Blast|p1a: Slowking|[anim] Tera Blast Dark
|-supereffective|p1a: Slowking
|-damage|p1a: Slowking|53/100
|
|-weather|Snowscape|[upkeep]
|upkeep
|turn|23
|
|t:|1758986826
|move|p2a: Iron Crown|Tera Blast|p1a: Slowking|[anim] Tera Blast Dark
|-supereffective|p1a: Slowking
|-damage|p1a: Slowking|12/100
|-prepare|p1a: Slowking|Chilly Reception|[premajor]
|move|p1a: Slowking|Chilly Reception|p1a: Slowking
|-message|A King Of The Ring forfeited.
|
|win|Bill6pher
|raw|Bill6pher's rating: 1634 &rarr; <strong>1653</strong><br />(+19 for winning)
|raw|A King Of The Ring's rating: 1618 &rarr; <strong>1599</strong><br />(-19 for losing)
|l|☆A King Of The Ring
|player|p2|
