|j|☆galladeyaoi
|j|☆bertoskyT
|t:|1759064633
|gametype|singles
|player|p1|galladeyaoi|pokefanf-gen2|1462
|player|p2|bertoskyT|ethan|1551
|gen|9
|tier|[Gen 9] OU
|rated|
|rule|HP Percentage Mod: HP is shown in percentages
|rule|Endless Battle Clause: Forcing endless battles is banned
|rule|Species Clause: Limit one of each Pokémon
|rule|OHKO Clause: OHKO moves are banned
|rule|Evasion Items Clause: Evasion items are banned
|rule|Evasion Moves Clause: Evasion moves are banned
|rule|Evasion Abilities Clause: Evasion abilities are banned
|rule|Sleep Moves Clause: Sleep-inducing moves are banned
|clearpoke
|poke|p1|Yanmega, M|
|poke|p1|Weezing-Galar, M|
|poke|p1|Hoopa-Unbound|
|poke|p1|Muk-Alola, F|
|poke|p1|Garchomp, F|
|poke|p1|Quagsire, F|
|poke|p2|Dragapult, M|
|poke|p2|Landorus-Therian, M|
|poke|p2|Ogerpon-Wellspring, F|
|poke|p2|Greninja-*, M|
|poke|p2|Slowking-Galar, M|
|poke|p2|Forretress, M|
|teampreview
|inactive|Battle timer is ON: inactive players will automatically lose when time's up. (requested by galladeyaoi)
|
|t:|1759064648
|teamsize|p1|6
|teamsize|p2|6
|start
|switch|p1a: Yanmega|Yanmega, M|100/100
|switch|p2a: Dragapult|Dragapult, M|100/100
|turn|1
|
|t:|1759064659
|move|p2a: Dragapult|U-turn|p1a: Yanmega
|-resisted|p1a: Yanmega
|-damage|p1a: Yanmega|82/100
|
|t:|1759064663
|switch|p2a: Slowking|Slowking-Galar, M|100/100|[from] U-turn
|move|p1a: Yanmega|Bug Buzz|p2a: Slowking
|-damage|p2a: Slowking|74/100
|-unboost|p2a: Slowking|spd|1
|-enditem|p1a: Yanmega|Throat Spray
|-boost|p1a: Yanmega|spa|1|[from] item: Throat Spray
|
|-ability|p1a: Yanmega|Speed Boost|boost
|-boost|p1a: Yanmega|spe|1
|upkeep
|turn|2
|
|t:|1759064674
|move|p1a: Yanmega|Psychic Noise|p2a: Slowking
|-damage|p2a: Slowking|42/100
|-start|p2a: Slowking|move: Heal Block
|move|p2a: Slowking|Flamethrower|p1a: Yanmega
|-supereffective|p1a: Yanmega
|-damage|p1a: Yanmega|11/100
|
|-ability|p1a: Yanmega|Speed Boost|boost
|-boost|p1a: Yanmega|spe|1
|upkeep
|turn|3
|inactive|bertoskyT has 120 seconds left.
|
|t:|1759064718
|switch|p2a: Landorus|Landorus-Therian, M|100/100
|-ability|p2a: Landorus|Intimidate|boost
|-unboost|p1a: Yanmega|atk|1
|move|p1a: Yanmega|Bug Buzz|p2a: Landorus
|-resisted|p2a: Landorus
|-damage|p2a: Landorus|68/100
|
|-ability|p1a: Yanmega|Speed Boost|boost
|-boost|p1a: Yanmega|spe|1
|upkeep
|turn|4
|
|t:|1759064728
|move|p1a: Yanmega|Air Slash|p2a: Landorus
|-damage|p2a: Landorus|10/100
|move|p2a: Landorus|Stealth Rock|p1a: Yanmega
|-sidestart|p1: galladeyaoi|move: Stealth Rock
|
|-ability|p1a: Yanmega|Speed Boost|boost
|-boost|p1a: Yanmega|spe|1
|upkeep
|turn|5
|
|t:|1759064736
|move|p1a: Yanmega|Bug Buzz|p2a: Landorus
|-resisted|p2a: Landorus
|-damage|p2a: Landorus|0 fnt
|faint|p2a: Landorus
|
|-ability|p1a: Yanmega|Speed Boost|boost
|-boost|p1a: Yanmega|spe|1
|upkeep
|
|t:|1759064740
|switch|p2a: Slowking|Slowking-Galar, M|75/100
|turn|6
|
|t:|1759064747
|move|p1a: Yanmega|Air Slash|p2a: Slowking
|-damage|p2a: Slowking|42/100
|move|p2a: Slowking|Flamethrower|p1a: Yanmega
|-supereffective|p1a: Yanmega
|-damage|p1a: Yanmega|0 fnt
|faint|p1a: Yanmega
|
|upkeep
|
|t:|1759064754
|switch|p1a: Weezing|Weezing-Galar, M|100/100
|-ability|p1a: Weezing|Neutralizing Gas
|-damage|p1a: Weezing|88/100|[from] Stealth Rock
|turn|7
|
|t:|1759064762
|move|p1a: Weezing|Defog|p2a: Slowking
|-unboost|p2a: Slowking|evasion|1
|-sideend|p1: galladeyaoi|Stealth Rock|[from] move: Defog|[of] p1a: Weezing
|move|p2a: Slowking|Sludge Bomb|p1a: Weezing
|-damage|p1a: Weezing|42/100
|
|-heal|p1a: Weezing|48/100|[from] item: Leftovers
|upkeep
|turn|8
|
|t:|1759064771
|-end|p1a: Weezing|ability: Neutralizing Gas
|switch|p1a: Muk|Muk-Alola, F|100/100
|-prepare|p2a: Slowking|Chilly Reception|[premajor]
|move|p2a: Slowking|Chilly Reception|p2a: Slowking
|-weather|Snowscape
|
|t:|1759064779
|switch|p2a: Forretress|Forretress, M|100/100|[from] Chilly Reception
|
|-weather|Snowscape|[upkeep]
|upkeep
|turn|9
|
|t:|1759064785
|switch|p1a: Weezing|Weezing-Galar, M|48/100
|-ability|p1a: Weezing|Neutralizing Gas
|move|p2a: Forretress|Spikes|p1a: Weezing
|-sidestart|p1: galladeyaoi|Spikes
|
|-weather|Snowscape|[upkeep]
|-heal|p1a: Weezing|54/100|[from] item: Leftovers
|upkeep
|turn|10
|
|t:|1759064796
|move|p1a: Weezing|Defog|p2a: Forretress
|-unboost|p2a: Forretress|evasion|1
|-sideend|p1: galladeyaoi|Spikes|[from] move: Defog|[of] p1a: Weezing
|move|p2a: Forretress|Volt Switch|p1a: Weezing
|-damage|p1a: Weezing|39/100
|
|t:|1759064799
|switch|p2a: Greninja|Greninja, M|100/100|[from] Volt Switch
|
|-weather|Snowscape|[upkeep]
|-heal|p1a: Weezing|45/100|[from] item: Leftovers
|upkeep
|turn|11
|
|t:|1759064808
|-end|p1a: Weezing|ability: Neutralizing Gas
|switch|p1a: Muk|Muk-Alola, F|100/100
|-terastallize|p2a: Greninja|Water
|move|p2a: Greninja|Surf|p1a: Muk
|-damage|p1a: Muk|75/100
|-damage|p2a: Greninja|91/100|[from] item: Life Orb
|
|-weather|Snowscape|[upkeep]
|upkeep
|turn|12
|
|t:|1759064820
|switch|p2a: Forretress|Forretress, M|100/100
|move|p1a: Muk|Knock Off|p2a: Forretress
|-damage|p2a: Forretress|83/100
|-damage|p1a: Muk|59/100|[from] item: Rocky Helmet|[of] p2a: Forretress
|-enditem|p2a: Forretress|Rocky Helmet|[from] move: Knock Off|[of] p1a: Muk
|
|-weather|none
|upkeep
|turn|13
|
|t:|1759064830
|switch|p1a: Weezing|Weezing-Galar, M|45/100
|-ability|p1a: Weezing|Neutralizing Gas
|move|p2a: Forretress|Volt Switch|p1a: Weezing
|-damage|p1a: Weezing|31/100
|
|t:|1759064833
|switch|p2a: Greninja|Greninja, M, tera:Water|91/100|[from] Volt Switch
|
|-heal|p1a: Weezing|37/100|[from] item: Leftovers
|upkeep
|turn|14
|
|t:|1759064845
|-end|p1a: Weezing|ability: Neutralizing Gas
|switch|p1a: Hoopa|Hoopa-Unbound|100/100
|move|p2a: Greninja|Surf|p1a: Hoopa
|-damage|p1a: Hoopa|75/100
|-damage|p2a: Greninja|81/100|[from] item: Life Orb
|
|upkeep
|turn|15
|
|t:|1759064858
|switch|p2a: Slowking|Slowking-Galar, M|75/100
|move|p1a: Hoopa|Knock Off|p2a: Slowking
|-supereffective|p2a: Slowking
|-damage|p2a: Slowking|0 fnt
|-enditem|p2a: Slowking|Heavy-Duty Boots|[from] move: Knock Off|[of] p1a: Hoopa
|faint|p2a: Slowking
|
|upkeep
|
|t:|1759064865
|switch|p2a: Ogerpon|Ogerpon-Wellspring, F|100/100
|turn|16
|
|t:|1759064869
|switch|p1a: Garchomp|Garchomp, F|100/100
|move|p2a: Ogerpon|Swords Dance|p2a: Ogerpon
|-boost|p2a: Ogerpon|atk|2
|
|upkeep
|turn|17
|
|t:|1759064878
|-terastallize|p1a: Garchomp|Steel
|move|p2a: Ogerpon|Ivy Cudgel|p1a: Garchomp|[anim] Ivy Cudgel Water
|-damage|p1a: Garchomp|23/100
|move|p1a: Garchomp|Dragon Tail|p2a: Ogerpon
|-damage|p2a: Ogerpon|64/100
|drag|p2a: Dragapult|Dragapult, M|100/100
|
|upkeep
|turn|18
|
|t:|1759064889
|move|p2a: Dragapult|U-turn|p1a: Garchomp
|-resisted|p1a: Garchomp
|-damage|p1a: Garchomp|13/100
|-damage|p2a: Dragapult|88/100|[from] ability: Rough Skin|[of] p1a: Garchomp
|-damage|p2a: Dragapult|72/100|[from] item: Rocky Helmet|[of] p1a: Garchomp
|
|t:|1759064896
|switch|p2a: Forretress|Forretress, M|83/100|[from] U-turn
|move|p1a: Garchomp|Stealth Rock|p2a: Forretress
|-sidestart|p2: bertoskyT|move: Stealth Rock
|
|upkeep
|turn|19
|
|t:|1759064902
|move|p1a: Garchomp|Spikes|p2a: Forretress
|-sidestart|p2: bertoskyT|Spikes
|move|p2a: Forretress|Spikes|p1a: Garchomp
|-sidestart|p1: galladeyaoi|Spikes
|
|upkeep
|turn|20
|
|t:|1759064907
|move|p1a: Garchomp|Spikes|p2a: Forretress
|-sidestart|p2: bertoskyT|Spikes
|move|p2a: Forretress|Spikes|p1a: Garchomp
|-sidestart|p1: galladeyaoi|Spikes
|
|upkeep
|turn|21
|
|t:|1759064912
|move|p1a: Garchomp|Earthquake|p2a: Forretress
|-damage|p2a: Forretress|60/100
|move|p2a: Forretress|Spikes|p1a: Garchomp
|-sidestart|p1: galladeyaoi|Spikes
|
|upkeep
|turn|22
|
|t:|1759064922
|move|p1a: Garchomp|Spikes|p2a: Forretress
|-sidestart|p2: bertoskyT|Spikes
|move|p2a: Forretress|Rapid Spin|p1a: Garchomp
|-resisted|p1a: Garchomp
|-damage|p1a: Garchomp|10/100
|-boost|p2a: Forretress|spe|1
|-damage|p2a: Forretress|48/100|[from] ability: Rough Skin|[of] p1a: Garchomp
|-damage|p2a: Forretress|31/100|[from] item: Rocky Helmet|[of] p1a: Garchomp
|-sideend|p2: bertoskyT|Spikes|[from] move: Rapid Spin|[of] p2a: Forretress
|-sideend|p2: bertoskyT|Stealth Rock|[from] move: Rapid Spin|[of] p2a: Forretress
|
|upkeep
|turn|23
|
|t:|1759064931
|move|p1a: Garchomp|Stealth Rock|p2a: Forretress
|-sidestart|p2: bertoskyT|move: Stealth Rock
|move|p2a: Forretress|Volt Switch|p1a: Garchomp
|-damage|p1a: Garchomp|0 fnt
|faint|p1a: Garchomp
|
|t:|1759064939
|switch|p2a: Ogerpon|Ogerpon-Wellspring, F|64/100|[from] Volt Switch
|-damage|p2a: Ogerpon|52/100|[from] Stealth Rock
|
|upkeep
|c|☆galladeyaoi|Ggwp!
|-message|galladeyaoi forfeited.
|
|win|bertoskyT
|raw|galladeyaoi's rating: 1462 &rarr; <strong>1447</strong><br />(-15 for losing)
|raw|bertoskyT's rating: 1551 &rarr; <strong>1566</strong><br />(+15 for winning)
|l|☆galladeyaoi
|player|p1|
|c|☆bertoskyT|Gg
|l|☆bertoskyT
|player|p2|
