|j|☆catuhstrophic
|j|☆syk1307
|t:|1758932027
|gametype|singles
|player|p1|catuhstrophic|sabrina|1544
|player|p2|syk1307|giovanni|1561
|gen|9
|tier|[Gen 9] OU
|rated|
|rule|HP Percentage Mod: HP is shown in percentages
|rule|Endless Battle Clause: Forcing endless battles is banned
|rule|Species Clause: Limit one of each Pokémon
|rule|OHKO Clause: OHKO moves are banned
|rule|Evasion Items Clause: Evasion items are banned
|rule|Evasion Moves Clause: Evasion moves are banned
|rule|Evasion Abilities Clause: Evasion abilities are banned
|rule|Sleep Moves Clause: Sleep-inducing moves are banned
|clearpoke
|poke|p1|Great Tusk|
|poke|p1|Cinderace, M|
|poke|p1|Alomomola, M|
|poke|p1|Zapdos|
|poke|p1|Slowking-Galar, F|
|poke|p1|Iron Valiant|
|poke|p2|Jolteon, M|
|poke|p2|Gyarados, M|
|poke|p2|Arcanine, M|
|poke|p2|Scizor, M|
|poke|p2|Corviknight, M|
|poke|p2|Mew|
|teampreview
|inactive|Battle timer is ON: inactive players will automatically lose when time's up. (requested by catuhstrophic)
|inactive|syk1307 has 120 seconds left.
|inactive|syk1307 has 90 seconds left.
|
|t:|1758932117
|teamsize|p1|6
|teamsize|p2|6
|start
|switch|p1a: Cinderace|Cinderace, M|100/100
|switch|p2a: Scizor|Scizor, M|100/100
|turn|1
|
|t:|1758932127
|move|p1a: Cinderace|Will-O-Wisp|p2a: Scizor|[miss]
|-miss|p1a: Cinderace|p2a: Scizor
|move|p2a: Scizor|U-turn|p1a: Cinderace
|-resisted|p1a: Cinderace
|-damage|p1a: Cinderace|64/100
|
|t:|1758932142
|switch|p2a: Gyarados|Gyarados, M|100/100|[from] U-turn
|
|upkeep
|turn|2
|
|t:|1758932148
|move|p1a: Cinderace|Will-O-Wisp|p2a: Gyarados
|-status|p2a: Gyarados|brn
|-enditem|p2a: Gyarados|Lum Berry|[eat]
|-curestatus|p2a: Gyarados|brn|[msg]
|move|p2a: Gyarados|Dragon Dance|p2a: Gyarados
|-boost|p2a: Gyarados|atk|1
|-boost|p2a: Gyarados|spe|1
|
|upkeep
|turn|3
|
|t:|1758932156
|switch|p1a: Zapdos|Zapdos|100/100
|move|p2a: Gyarados|Earthquake|p1a: Zapdos
|-immune|p1a: Zapdos
|
|upkeep
|turn|4
|
|t:|1758932173
|-terastallize|p2a: Gyarados|Ground
|move|p2a: Gyarados|Dragon Dance|p2a: Gyarados
|-boost|p2a: Gyarados|atk|1
|-boost|p2a: Gyarados|spe|1
|move|p1a: Zapdos|Hurricane|p2a: Gyarados
|-damage|p2a: Gyarados|55/100
|
|upkeep
|turn|5
|
|t:|1758932186
|move|p2a: Gyarados|Waterfall|p1a: Zapdos
|-damage|p1a: Zapdos|42/100
|-damage|p2a: Gyarados|38/100|[from] item: Rocky Helmet|[of] p1a: Zapdos
|move|p1a: Zapdos|Roost|p1a: Zapdos
|-heal|p1a: Zapdos|92/100
|-singleturn|p1a: Zapdos|move: Roost
|
|upkeep
|turn|6
|
|t:|1758932194
|move|p2a: Gyarados|Waterfall|p1a: Zapdos
|-damage|p1a: Zapdos|24/100
|-damage|p2a: Gyarados|22/100|[from] item: Rocky Helmet|[of] p1a: Zapdos
|-status|p2a: Gyarados|par|[from] ability: Static|[of] p1a: Zapdos
|move|p1a: Zapdos|Hurricane|p2a: Gyarados|[miss]
|-miss|p1a: Zapdos|p2a: Gyarados
|
|upkeep
|turn|7
|
|t:|1758932201
|move|p2a: Gyarados|Waterfall|p1a: Zapdos
|-damage|p1a: Zapdos|0 fnt
|-damage|p2a: Gyarados|5/100 par|[from] item: Rocky Helmet|[of] p1a: Zapdos
|faint|p1a: Zapdos
|-ability|p2a: Gyarados|Moxie|boost
|-boost|p2a: Gyarados|atk|1
|
|upkeep
|
|t:|1758932207
|switch|p1a: Alomomola|Alomomola, M|100/100
|turn|8
|
|t:|1758932217
|move|p1a: Alomomola|Aqua Jet|p2a: Gyarados
|-supereffective|p2a: Gyarados
|-damage|p2a: Gyarados|0 fnt
|faint|p2a: Gyarados
|
|upkeep
|
|t:|1758932221
|switch|p2a: Scizor|Scizor, M|100/100
|turn|9
|
|t:|1758932224
|move|p2a: Scizor|Knock Off|p1a: Alomomola
|-damage|p1a: Alomomola|60/100
|-enditem|p1a: Alomomola|Assault Vest|[from] move: Knock Off|[of] p2a: Scizor
|move|p1a: Alomomola|Flip Turn|p2a: Scizor
|-damage|p2a: Scizor|84/100
|
|t:|1758932228
|switch|p1a: Cinderace|Cinderace, M|64/100|[from] Flip Turn
|
|upkeep
|turn|10
|
|t:|1758932233
|switch|p2a: Arcanine|Arcanine, M|100/100
|move|p1a: Cinderace|Pyro Ball|p2a: Arcanine
|-start|p2a: Arcanine|ability: Flash Fire
|
|upkeep
|turn|11
|
|t:|1758932238
|switch|p1a: Alomomola|Alomomola, M|94/100
|move|p2a: Arcanine|Flare Blitz|p1a: Alomomola
|-resisted|p1a: Alomomola
|-damage|p1a: Alomomola|44/100
|-damage|p2a: Arcanine|73/100|[from] Recoil
|
|upkeep
|turn|12
|
|t:|1758932246
|switch|p1a: Slowking|Slowking-Galar, F|100/100
|move|p2a: Arcanine|Flare Blitz|p1a: Slowking
|-damage|p1a: Slowking|1/100
|-damage|p2a: Arcanine|33/100|[from] Recoil
|
|upkeep
|turn|13
|
|t:|1758932256
|switch|p1a: Great Tusk|Great Tusk|100/100
|move|p2a: Arcanine|Flare Blitz|p1a: Great Tusk
|-damage|p1a: Great Tusk|0 fnt
|faint|p1a: Great Tusk
|-end|p1a: Great Tusk|Protosynthesis|[silent]
|-damage|p2a: Arcanine|0 fnt|[from] Recoil
|faint|p2a: Arcanine
|
|upkeep
|
|t:|1758932269
|switch|p1a: Cinderace|Cinderace, M|64/100
|switch|p2a: Jolteon|Jolteon, M|100/100
|turn|14
|
|t:|1758932274
|switch|p1a: Alomomola|Alomomola, M|77/100
|move|p2a: Jolteon|Volt Switch|p1a: Alomomola
|-supereffective|p1a: Alomomola
|-damage|p1a: Alomomola|5/100
|
|t:|1758932285
|switch|p2a: Corviknight|Corviknight, M|100/100|[from] Volt Switch
|
|upkeep
|turn|15
|
|t:|1758932289
|switch|p1a: Cinderace|Cinderace, M|64/100
|move|p2a: Corviknight|U-turn|p1a: Cinderace
|-resisted|p1a: Cinderace
|-damage|p1a: Cinderace|56/100
|
|t:|1758932294
|switch|p2a: Jolteon|Jolteon, M|100/100|[from] U-turn
|
|upkeep
|turn|16
|
|t:|1758932298
|move|p2a: Jolteon|Volt Switch|p1a: Cinderace
|-damage|p1a: Cinderace|0 fnt
|faint|p1a: Cinderace
|
|t:|1758932302
|switch|p2a: Corviknight|Corviknight, M|100/100|[from] Volt Switch
|
|upkeep
|
|t:|1758932304
|switch|p1a: Iron Valiant|Iron Valiant|100/100
|turn|17
|
|t:|1758932314
|-terastallize|p1a: Iron Valiant|Ghost
|move|p1a: Iron Valiant|Close Combat|p2a: Corviknight
|-damage|p2a: Corviknight|45/100
|-unboost|p1a: Iron Valiant|def|1
|-unboost|p1a: Iron Valiant|spd|1
|move|p2a: Corviknight|U-turn|p1a: Iron Valiant
|-resisted|p1a: Iron Valiant
|-damage|p1a: Iron Valiant|86/100
|inactive|syk1307 has 120 seconds left.
|
|t:|1758932352
|switch|p2a: Scizor|Scizor, M|84/100|[from] U-turn
|
|upkeep
|turn|18
|inactive|syk1307 has 120 seconds left.
|
|t:|1758932366
|-end|p1a: Iron Valiant|Quark Drive|[silent]
|switch|p1a: Alomomola|Alomomola, M|39/100
|move|p2a: Scizor|Knock Off|p1a: Alomomola
|-damage|p1a: Alomomola|10/100
|
|upkeep
|turn|19
|inactive|syk1307 has 120 seconds left.
|
|t:|1758932376
|move|p2a: Scizor|Knock Off|p1a: Alomomola
|-damage|p1a: Alomomola|0 fnt
|faint|p1a: Alomomola
|
|upkeep
|
|t:|1758932377
|switch|p1a: Iron Valiant|Iron Valiant, tera:Ghost|86/100
|turn|20
|inactive|syk1307 has 120 seconds left.
|
|t:|1758932399
|switch|p2a: Corviknight|Corviknight, M|45/100
|move|p1a: Iron Valiant|Close Combat|p2a: Corviknight
|-damage|p2a: Corviknight|0 fnt
|-unboost|p1a: Iron Valiant|def|1
|-unboost|p1a: Iron Valiant|spd|1
|faint|p2a: Corviknight
|
|upkeep
|
|t:|1758932406
|switch|p2a: Scizor|Scizor, M|84/100
|turn|21
|
|t:|1758932409
|-end|p1a: Iron Valiant|Quark Drive|[silent]
|switch|p1a: Slowking|Slowking-Galar, F|35/100
|move|p2a: Scizor|Bullet Punch|p1a: Slowking
|-damage|p1a: Slowking|0 fnt
|faint|p1a: Slowking
|
|upkeep
|
|t:|1758932410
|switch|p1a: Iron Valiant|Iron Valiant, tera:Ghost|86/100
|turn|22
|
|t:|1758932417
|move|p1a: Iron Valiant|Shadow Sneak|p2a: Scizor
|-damage|p2a: Scizor|51/100
|move|p2a: Scizor|Bullet Punch|p1a: Iron Valiant
|-damage|p1a: Iron Valiant|22/100
|
|upkeep
|turn|23
|-message|catuhstrophic forfeited.
|
|win|syk1307
|raw|catuhstrophic's rating: 1564 &rarr; <strong>1544</strong><br />(-20 for losing)
|raw|syk1307's rating: 1561 &rarr; <strong>1581</strong><br />(+20 for winning)
|l|☆catuhstrophic
|player|p1|
|l|☆syk1307
|player|p2|
