|j|☆DeadYet?999
|j|☆slowbro213
|t:|1759012324
|gametype|singles
|player|p1|DeadYet?999|n|1391
|player|p2|slowbro213|1|1393
|gen|9
|tier|[Gen 9] OU
|rated|
|rule|HP Percentage Mod: HP is shown in percentages
|rule|Endless Battle Clause: Forcing endless battles is banned
|rule|Species Clause: Limit one of each Pokémon
|rule|OHKO Clause: OHKO moves are banned
|rule|Evasion Items Clause: Evasion items are banned
|rule|Evasion Moves Clause: Evasion moves are banned
|rule|Evasion Abilities Clause: Evasion abilities are banned
|rule|Sleep Moves Clause: Sleep-inducing moves are banned
|clearpoke
|poke|p1|Spidops, M|
|poke|p1|Pecharunt|
|poke|p1|Gholdengo|
|poke|p1|Corviknight, M|
|poke|p1|Ting-Lu|
|poke|p1|Gliscor, M|
|poke|p2|Meowscarada, M|
|poke|p2|Landorus-Therian, M|
|poke|p2|Kyurem|
|poke|p2|Slowking-Galar, M|
|poke|p2|Kingambit, F|
|poke|p2|Iron Valiant|
|teampreview
|inactive|Battle timer is ON: inactive players will automatically lose when time's up. (requested by slowbro213)
|
|t:|1759012327
|teamsize|p1|6
|teamsize|p2|6
|start
|switch|p1a: Spidops|Spidops, M|100/100
|switch|p2a: Landorus|Landorus-Therian, M|100/100
|-ability|p2a: Landorus|Intimidate|boost
|-unboost|p1a: Spidops|atk|1
|turn|1
|
|t:|1759012331
|move|p2a: Landorus|Stealth Rock|p1a: Spidops
|-sidestart|p1: DeadYet?999|move: Stealth Rock
|move|p1a: Spidops|Sticky Web|p2a: Landorus
|-sidestart|p2: slowbro213|move: Sticky Web
|
|upkeep
|turn|2
|
|t:|1759012335
|move|p2a: Landorus|Taunt|p1a: Spidops
|-start|p1a: Spidops|move: Taunt
|cant|p1a: Spidops|move: Taunt|Toxic Spikes
|
|upkeep
|turn|3
|
|t:|1759012340
|switch|p1a: Corviknight|Corviknight, M|100/100
|-damage|p1a: Corviknight|88/100|[from] Stealth Rock
|move|p2a: Landorus|Earth Power|p1a: Corviknight
|-immune|p1a: Corviknight
|
|-heal|p1a: Corviknight|94/100|[from] item: Leftovers
|upkeep
|turn|4
|
|t:|1759012346
|move|p2a: Landorus|Taunt|p1a: Corviknight
|-start|p1a: Corviknight|move: Taunt
|cant|p1a: Corviknight|move: Taunt|Defog
|
|-heal|p1a: Corviknight|100/100|[from] item: Leftovers
|upkeep
|turn|5
|
|t:|1759012352
|move|p2a: Landorus|U-turn|p1a: Corviknight
|-resisted|p1a: Corviknight
|-damage|p1a: Corviknight|97/100
|
|t:|1759012355
|switch|p2a: Slowking|Slowking-Galar, M|100/100|[from] U-turn
|-activate|p2a: Slowking|move: Sticky Web
|-unboost|p2a: Slowking|spe|1
|move|p1a: Corviknight|U-turn|p2a: Slowking
|-damage|p2a: Slowking|85/100
|
|t:|1759012371
|switch|p1a: Gholdengo|Gholdengo|100/100|[from] U-turn
|-damage|p1a: Gholdengo|94/100|[from] Stealth Rock
|
|-heal|p1a: Gholdengo|100/100|[from] item: Leftovers
|-heal|p2a: Slowking|91/100|[from] item: Leftovers
|upkeep
|turn|6
|
|t:|1759012377
|move|p1a: Gholdengo|Shadow Ball|p2a: Slowking
|-supereffective|p2a: Slowking
|-damage|p2a: Slowking|15/100
|move|p2a: Slowking|Flamethrower|p1a: Gholdengo
|-supereffective|p1a: Gholdengo
|-damage|p1a: Gholdengo|37/100
|
|-heal|p1a: Gholdengo|43/100|[from] item: Leftovers
|-heal|p2a: Slowking|22/100|[from] item: Leftovers
|upkeep
|turn|7
|
|t:|1759012384
|switch|p2a: Landorus|Landorus-Therian, M|100/100
|-ability|p2a: Landorus|Intimidate|boost
|-unboost|p1a: Gholdengo|atk|1
|move|p1a: Gholdengo|Protect||[still]
|-fail|p1a: Gholdengo
|
|-heal|p1a: Gholdengo|49/100|[from] item: Leftovers
|upkeep
|turn|8
|
|t:|1759012397
|switch|p1a: Gliscor|Gliscor, M|100/100
|-damage|p1a: Gliscor|88/100|[from] Stealth Rock
|move|p2a: Landorus|Taunt|p1a: Gliscor
|-start|p1a: Gliscor|move: Taunt
|
|-status|p1a: Gliscor|tox|[from] item: Toxic Orb
|upkeep
|turn|9
|
|t:|1759012401
|move|p1a: Gliscor|Knock Off|p2a: Landorus
|-damage|p2a: Landorus|81/100
|-damage|p1a: Gliscor|72/100 tox|[from] item: Rocky Helmet|[of] p2a: Landorus
|-enditem|p2a: Landorus|Rocky Helmet|[from] move: Knock Off|[of] p1a: Gliscor
|move|p2a: Landorus|U-turn|p1a: Gliscor
|-resisted|p1a: Gliscor
|-damage|p1a: Gliscor|62/100 tox
|
|t:|1759012405
|switch|p2a: Kyurem|Kyurem|100/100|[from] U-turn
|-activate|p2a: Kyurem|move: Sticky Web
|-unboost|p2a: Kyurem|spe|1
|-ability|p2a: Kyurem|Pressure
|
|-heal|p1a: Gliscor|75/100 tox|[from] ability: Poison Heal
|upkeep
|turn|10
|
|t:|1759012415
|switch|p1a: Pecharunt|Pecharunt|100/100
|-damage|p1a: Pecharunt|88/100|[from] Stealth Rock
|move|p2a: Kyurem|Freeze-Dry|p1a: Pecharunt
|-damage|p1a: Pecharunt|47/100
|
|-heal|p1a: Pecharunt|53/100|[from] item: Leftovers
|upkeep
|turn|11
|
|t:|1759012419
|-terastallize|p2a: Kyurem|Ice
|move|p2a: Kyurem|Freeze-Dry|p1a: Pecharunt
|-damage|p1a: Pecharunt|3/100
|move|p1a: Pecharunt|Malignant Chain|p2a: Kyurem
|-damage|p2a: Kyurem|72/100
|-status|p2a: Kyurem|tox
|-start|p2a: Kyurem|confusion|[from] ability: Poison Puppeteer|[of] p1a: Pecharunt
|
|-heal|p1a: Pecharunt|9/100|[from] item: Leftovers
|-damage|p2a: Kyurem|66/100 tox|[from] psn
|upkeep
|turn|12
|
|t:|1759012426
|move|p1a: Pecharunt|Protect|p1a: Pecharunt
|-singleturn|p1a: Pecharunt|Protect
|-activate|p2a: Kyurem|confusion
|move|p2a: Kyurem|Freeze-Dry|p1a: Pecharunt
|-activate|p1a: Pecharunt|move: Protect
|
|-heal|p1a: Pecharunt|15/100|[from] item: Leftovers
|-damage|p2a: Kyurem|53/100 tox|[from] psn
|upkeep
|turn|13
|
|t:|1759012431
|-end|p2a: Kyurem|confusion
|move|p2a: Kyurem|Freeze-Dry|p1a: Pecharunt
|-damage|p1a: Pecharunt|0 fnt
|faint|p1a: Pecharunt
|
|-damage|p2a: Kyurem|35/100 tox|[from] psn
|upkeep
|
|t:|1759012439
|switch|p1a: Gholdengo|Gholdengo|49/100
|-damage|p1a: Gholdengo|43/100|[from] Stealth Rock
|turn|14
|
|t:|1759012441
|move|p2a: Kyurem|Freeze-Dry|p1a: Gholdengo
|-resisted|p1a: Gholdengo
|-damage|p1a: Gholdengo|16/100
|move|p1a: Gholdengo|Recover|p1a: Gholdengo
|-heal|p1a: Gholdengo|66/100
|
|-heal|p1a: Gholdengo|72/100|[from] item: Leftovers
|-damage|p2a: Kyurem|10/100 tox|[from] psn
|upkeep
|turn|15
|
|t:|1759012447
|move|p1a: Gholdengo|Protect|p1a: Gholdengo
|-singleturn|p1a: Gholdengo|Protect
|move|p2a: Kyurem|Freeze-Dry|p1a: Gholdengo
|-activate|p1a: Gholdengo|move: Protect
|
|-heal|p1a: Gholdengo|79/100|[from] item: Leftovers
|-damage|p2a: Kyurem|0 fnt|[from] psn
|faint|p2a: Kyurem
|upkeep
|
|t:|1759012450
|switch|p2a: Slowking|Slowking-Galar, M|55/100
|-activate|p2a: Slowking|move: Sticky Web
|-unboost|p2a: Slowking|spe|1
|turn|16
|
|t:|1759012458
|switch|p2a: Kingambit|Kingambit, F|100/100
|-activate|p2a: Kingambit|move: Sticky Web
|-unboost|p2a: Kingambit|spe|1
|-activate|p2a: Kingambit|ability: Supreme Overlord
|-start|p2a: Kingambit|fallen1|[silent]
|move|p1a: Gholdengo|Shadow Ball|p2a: Kingambit
|-resisted|p2a: Kingambit
|-crit|p2a: Kingambit
|-damage|p2a: Kingambit|64/100
|
|-heal|p1a: Gholdengo|85/100|[from] item: Leftovers
|-heal|p2a: Kingambit|70/100|[from] item: Leftovers
|upkeep
|turn|17
|
|t:|1759012486
|switch|p1a: Corviknight|Corviknight, M|97/100
|-damage|p1a: Corviknight|85/100|[from] Stealth Rock
|move|p2a: Kingambit|Kowtow Cleave|p1a: Corviknight
|-damage|p1a: Corviknight|53/100
|
|-heal|p1a: Corviknight|60/100|[from] item: Leftovers
|-heal|p2a: Kingambit|76/100|[from] item: Leftovers
|upkeep
|turn|18
|
|t:|1759012495
|move|p1a: Corviknight|Roost|p1a: Corviknight
|-heal|p1a: Corviknight|100/100
|-singleturn|p1a: Corviknight|move: Roost
|move|p2a: Kingambit|Kowtow Cleave|p1a: Corviknight
|-damage|p1a: Corviknight|65/100
|
|-heal|p1a: Corviknight|71/100|[from] item: Leftovers
|-heal|p2a: Kingambit|82/100|[from] item: Leftovers
|upkeep
|turn|19
|
|t:|1759012497
|move|p1a: Corviknight|U-turn|p2a: Kingambit
|-damage|p2a: Kingambit|72/100
|
|t:|1759012508
|switch|p1a: Spidops|Spidops, M|100/100|[from] U-turn
|-damage|p1a: Spidops|75/100|[from] Stealth Rock
|move|p2a: Kingambit|Swords Dance|p2a: Kingambit
|-boost|p2a: Kingambit|atk|2
|
|-heal|p2a: Kingambit|78/100|[from] item: Leftovers
|upkeep
|turn|20
|
|t:|1759012513
|move|p1a: Spidops|Spikes|p2a: Kingambit
|-sidestart|p2: slowbro213|Spikes
|move|p2a: Kingambit|Kowtow Cleave|p1a: Spidops
|-damage|p1a: Spidops|0 fnt
|faint|p1a: Spidops
|
|-heal|p2a: Kingambit|85/100|[from] item: Leftovers
|upkeep
|
|t:|1759012517
|switch|p1a: Ting-Lu|Ting-Lu|100/100
|-damage|p1a: Ting-Lu|94/100|[from] Stealth Rock
|-ability|p1a: Ting-Lu|Vessel of Ruin
|turn|21
|
|t:|1759012521
|move|p2a: Kingambit|Iron Head|p1a: Ting-Lu
|-damage|p1a: Ting-Lu|50/100
|move|p1a: Ting-Lu|Whirlwind|p2a: Kingambit
|-end|p2a: Kingambit|fallen1|[silent]
|drag|p2a: Slowking|Slowking-Galar, M|88/100
|-activate|p2a: Slowking|move: Sticky Web
|-unboost|p2a: Slowking|spe|1
|-damage|p2a: Slowking|76/100|[from] Spikes
|
|-heal|p1a: Ting-Lu|56/100|[from] item: Leftovers
|-heal|p2a: Slowking|82/100|[from] item: Leftovers
|upkeep
|turn|22
|
|t:|1759012528
|move|p1a: Ting-Lu|Ruination|p2a: Slowking
|-damage|p2a: Slowking|41/100
|-prepare|p2a: Slowking|Chilly Reception|[premajor]
|move|p2a: Slowking|Chilly Reception|p2a: Slowking
|-weather|Snowscape
|
|t:|1759012532
|switch|p2a: Meowscarada|Meowscarada, M|100/100|[from] Chilly Reception
|-activate|p2a: Meowscarada|move: Sticky Web
|-unboost|p2a: Meowscarada|spe|1
|-damage|p2a: Meowscarada|88/100|[from] Spikes
|
|-weather|Snowscape|[upkeep]
|-heal|p1a: Ting-Lu|62/100|[from] item: Leftovers
|upkeep
|turn|23
|
|t:|1759012536
|switch|p1a: Corviknight|Corviknight, M|71/100
|-damage|p1a: Corviknight|59/100|[from] Stealth Rock
|move|p2a: Meowscarada|Flower Trick|p1a: Corviknight
|-start|p2a: Meowscarada|typechange|Grass|[from] ability: Protean
|-resisted|p1a: Corviknight
|-crit|p1a: Corviknight
|-damage|p1a: Corviknight|49/100
|
|-weather|Snowscape|[upkeep]
|-heal|p1a: Corviknight|55/100|[from] item: Leftovers
|upkeep
|turn|24
|
|t:|1759012540
|move|p2a: Meowscarada|Flower Trick|p1a: Corviknight
|-resisted|p1a: Corviknight
|-crit|p1a: Corviknight
|-damage|p1a: Corviknight|45/100
|move|p1a: Corviknight|Roost|p1a: Corviknight
|-heal|p1a: Corviknight|95/100
|-singleturn|p1a: Corviknight|move: Roost
|
|-weather|Snowscape|[upkeep]
|-heal|p1a: Corviknight|100/100|[from] item: Leftovers
|upkeep
|turn|25
|
|t:|1759012546
|switch|p2a: Landorus|Landorus-Therian, M|81/100
|-ability|p2a: Landorus|Intimidate|boost
|-ability|p1a: Corviknight|Mirror Armor
|-unboost|p2a: Landorus|atk|1
|move|p1a: Corviknight|Brave Bird|p2a: Landorus
|-damage|p2a: Landorus|58/100
|-damage|p1a: Corviknight|93/100|[from] Recoil
|
|-weather|Snowscape|[upkeep]
|-heal|p1a: Corviknight|99/100|[from] item: Leftovers
|upkeep
|turn|26
|
|t:|1759012558
|switch|p1a: Gliscor|Gliscor, M|75/100 tox
|-damage|p1a: Gliscor|62/100 tox|[from] Stealth Rock
|move|p2a: Landorus|U-turn|p1a: Gliscor
|-resisted|p1a: Gliscor
|-damage|p1a: Gliscor|55/100 tox
|
|t:|1759012562
|switch|p2a: Iron Valiant|Iron Valiant|100/100|[from] U-turn
|-activate|p2a: Iron Valiant|move: Sticky Web
|-unboost|p2a: Iron Valiant|spe|1
|-damage|p2a: Iron Valiant|88/100|[from] Spikes
|
|-weather|none
|-heal|p1a: Gliscor|68/100 tox|[from] ability: Poison Heal
|upkeep
|turn|27
|
|t:|1759012569
|move|p1a: Gliscor|Facade|p2a: Iron Valiant
|-damage|p2a: Iron Valiant|39/100
|move|p2a: Iron Valiant|Shadow Ball|p1a: Gliscor
|-damage|p1a: Gliscor|6/100 tox
|
|-heal|p1a: Gliscor|18/100 tox|[from] ability: Poison Heal
|upkeep
|turn|28
|
|t:|1759012575
|-end|p2a: Iron Valiant|Quark Drive|[silent]
|switch|p2a: Landorus|Landorus-Therian, M|58/100
|-ability|p2a: Landorus|Intimidate|boost
|-unboost|p1a: Gliscor|atk|1
|move|p1a: Gliscor|Facade|p2a: Landorus
|-damage|p2a: Landorus|38/100
|
|-heal|p1a: Gliscor|30/100 tox|[from] ability: Poison Heal
|upkeep
|turn|29
|
|t:|1759012591
|switch|p1a: Corviknight|Corviknight, M|99/100
|-damage|p1a: Corviknight|87/100|[from] Stealth Rock
|move|p2a: Landorus|U-turn|p1a: Corviknight
|-resisted|p1a: Corviknight
|-damage|p1a: Corviknight|84/100
|
|t:|1759012594
|switch|p2a: Slowking|Slowking-Galar, M|74/100|[from] U-turn
|-activate|p2a: Slowking|move: Sticky Web
|-unboost|p2a: Slowking|spe|1
|-damage|p2a: Slowking|62/100|[from] Spikes
|
|-heal|p1a: Corviknight|90/100|[from] item: Leftovers
|-heal|p2a: Slowking|68/100|[from] item: Leftovers
|upkeep
|turn|30
|
|t:|1759012600
|move|p1a: Corviknight|Brave Bird|p2a: Slowking
|-damage|p2a: Slowking|31/100
|-damage|p1a: Corviknight|78/100|[from] Recoil
|move|p2a: Slowking|Flamethrower|p1a: Corviknight
|-supereffective|p1a: Corviknight
|-damage|p1a: Corviknight|23/100
|-status|p1a: Corviknight|brn
|
|-heal|p1a: Corviknight|30/100 brn|[from] item: Leftovers
|-heal|p2a: Slowking|37/100|[from] item: Leftovers
|-damage|p1a: Corviknight|23/100 brn|[from] brn
|upkeep
|turn|31
|
|t:|1759012605
|move|p1a: Corviknight|Roost|p1a: Corviknight
|-heal|p1a: Corviknight|73/100 brn
|-singleturn|p1a: Corviknight|move: Roost
|-prepare|p2a: Slowking|Chilly Reception|[premajor]
|move|p2a: Slowking|Chilly Reception|p2a: Slowking
|-weather|Snowscape
|
|t:|1759012611
|switch|p2a: Meowscarada|Meowscarada, M|88/100|[from] Chilly Reception
|-activate|p2a: Meowscarada|move: Sticky Web
|-unboost|p2a: Meowscarada|spe|1
|-damage|p2a: Meowscarada|76/100|[from] Spikes
|
|-weather|Snowscape|[upkeep]
|-heal|p1a: Corviknight|80/100 brn|[from] item: Leftovers
|-damage|p1a: Corviknight|73/100 brn|[from] brn
|upkeep
|turn|32
|
|t:|1759012615
|move|p2a: Meowscarada|Knock Off|p1a: Corviknight
|-start|p2a: Meowscarada|typechange|Dark|[from] ability: Protean
|-damage|p1a: Corviknight|36/100 brn
|-enditem|p1a: Corviknight|Leftovers|[from] move: Knock Off|[of] p2a: Meowscarada
|move|p1a: Corviknight|U-turn|p2a: Meowscarada
|-supereffective|p2a: Meowscarada
|-damage|p2a: Meowscarada|54/100
|
|t:|1759012625
|switch|p1a: Gliscor|Gliscor, M|30/100 tox|[from] U-turn
|-damage|p1a: Gliscor|18/100 tox|[from] Stealth Rock
|
|-weather|Snowscape|[upkeep]
|-heal|p1a: Gliscor|30/100 tox|[from] ability: Poison Heal
|upkeep
|turn|33
|
|t:|1759012628
|move|p1a: Gliscor|Facade|p2a: Meowscarada
|-damage|p2a: Meowscarada|0 fnt
|faint|p2a: Meowscarada
|
|-weather|Snowscape|[upkeep]
|-heal|p1a: Gliscor|43/100 tox|[from] ability: Poison Heal
|upkeep
|
|t:|1759012636
|switch|p2a: Slowking|Slowking-Galar, M|71/100
|-activate|p2a: Slowking|move: Sticky Web
|-unboost|p2a: Slowking|spe|1
|-damage|p2a: Slowking|58/100|[from] Spikes
|turn|34
|
|t:|1759012641
|switch|p2a: Landorus|Landorus-Therian, M|38/100
|-ability|p2a: Landorus|Intimidate|boost
|-unboost|p1a: Gliscor|atk|1
|move|p1a: Gliscor|Knock Off|p2a: Landorus
|-damage|p2a: Landorus|30/100
|
|-weather|Snowscape|[upkeep]
|-heal|p1a: Gliscor|55/100 tox|[from] ability: Poison Heal
|upkeep
|turn|35
|
|t:|1759012648
|move|p1a: Gliscor|Swords Dance|p1a: Gliscor
|-boost|p1a: Gliscor|atk|2
|move|p2a: Landorus|U-turn|p1a: Gliscor
|-resisted|p1a: Gliscor
|-damage|p1a: Gliscor|45/100 tox
|
|t:|1759012653
|switch|p2a: Slowking|Slowking-Galar, M|91/100|[from] U-turn
|-activate|p2a: Slowking|move: Sticky Web
|-unboost|p2a: Slowking|spe|1
|-damage|p2a: Slowking|79/100|[from] Spikes
|
|-weather|none
|-heal|p2a: Slowking|85/100|[from] item: Leftovers
|-heal|p1a: Gliscor|57/100 tox|[from] ability: Poison Heal
|upkeep
|turn|36
|
|t:|1759012657
|move|p1a: Gliscor|Facade|p2a: Slowking
|-damage|p2a: Slowking|28/100
|move|p2a: Slowking|Psychic Noise|p1a: Gliscor
|-damage|p1a: Gliscor|4/100 tox
|-start|p1a: Gliscor|move: Heal Block
|
|-heal|p2a: Slowking|34/100|[from] item: Leftovers
|upkeep
|turn|37
|
|t:|1759012664
|switch|p2a: Landorus|Landorus-Therian, M|30/100
|-ability|p2a: Landorus|Intimidate|boost
|-unboost|p1a: Gliscor|atk|1
|move|p1a: Gliscor|Facade|p2a: Landorus
|-damage|p2a: Landorus|3/100
|
|-end|p1a: Gliscor|move: Heal Block
|upkeep
|turn|38
|
|t:|1759012670
|move|p1a: Gliscor|Facade|p2a: Landorus
|-damage|p2a: Landorus|0 fnt
|faint|p2a: Landorus
|
|-heal|p1a: Gliscor|16/100 tox|[from] ability: Poison Heal
|upkeep
|
|t:|1759012675
|switch|p2a: Slowking|Slowking-Galar, M|68/100
|-activate|p2a: Slowking|move: Sticky Web
|-unboost|p2a: Slowking|spe|1
|-damage|p2a: Slowking|55/100|[from] Spikes
|turn|39
|
|t:|1759012681
|move|p1a: Gliscor|Earthquake|p2a: Slowking
|-supereffective|p2a: Slowking
|-damage|p2a: Slowking|0 fnt
|faint|p2a: Slowking
|
|-heal|p1a: Gliscor|28/100 tox|[from] ability: Poison Heal
|upkeep
|
|t:|1759012684
|switch|p2a: Iron Valiant|Iron Valiant|39/100
|-activate|p2a: Iron Valiant|move: Sticky Web
|-unboost|p2a: Iron Valiant|spe|1
|-damage|p2a: Iron Valiant|27/100|[from] Spikes
|turn|40
|
|t:|1759012688
|move|p1a: Gliscor|Facade|p2a: Iron Valiant
|-damage|p2a: Iron Valiant|0 fnt
|faint|p2a: Iron Valiant
|-end|p2a: Iron Valiant|Quark Drive|[silent]
|
|-heal|p1a: Gliscor|41/100 tox|[from] ability: Poison Heal
|upkeep
|
|t:|1759012690
|switch|p2a: Kingambit|Kingambit, F|85/100
|-activate|p2a: Kingambit|move: Sticky Web
|-unboost|p2a: Kingambit|spe|1
|-damage|p2a: Kingambit|72/100|[from] Spikes
|-activate|p2a: Kingambit|ability: Supreme Overlord
|-start|p2a: Kingambit|fallen5|[silent]
|turn|41
|
|t:|1759012693
|move|p2a: Kingambit|Sucker Punch||[still]
|-fail|p2a: Kingambit
|move|p1a: Gliscor|Swords Dance|p1a: Gliscor
|-boost|p1a: Gliscor|atk|2
|
|-heal|p2a: Kingambit|78/100|[from] item: Leftovers
|-heal|p1a: Gliscor|53/100 tox|[from] ability: Poison Heal
|upkeep
|turn|42
|
|t:|1759012695
|move|p2a: Kingambit|Sucker Punch||[still]
|-fail|p2a: Kingambit
|move|p1a: Gliscor|Swords Dance|p1a: Gliscor
|-boost|p1a: Gliscor|atk|2
|
|-heal|p2a: Kingambit|85/100|[from] item: Leftovers
|-heal|p1a: Gliscor|65/100 tox|[from] ability: Poison Heal
|upkeep
|turn|43
|
|t:|1759012698
|move|p1a: Gliscor|Earthquake|p2a: Kingambit
|-supereffective|p2a: Kingambit
|-damage|p2a: Kingambit|0 fnt
|faint|p2a: Kingambit
|-end|p2a: Kingambit|fallen5|[silent]
|
|win|DeadYet?999
|raw|DeadYet?999's rating: 1391 &rarr; <strong>1411</strong><br />(+20 for winning)
|raw|slowbro213's rating: 1393 &rarr; <strong>1373</strong><br />(-20 for losing)
|l|☆slowbro213
|player|p2|
|l|☆DeadYet?999
|player|p1|
