|j|☆MultitudeKotone
|j|☆Yourragez
|t:|1758952889
|gametype|singles
|player|p1|MultitudeKotone|lass-gen4|1355
|player|p2|Yourragez|266|1405
|gen|9
|tier|[Gen 9] OU
|rated|
|rule|HP Percentage Mod: HP is shown in percentages
|rule|Endless Battle Clause: Forcing endless battles is banned
|rule|Species Clause: Limit one of each Pokémon
|rule|OHKO Clause: OHKO moves are banned
|rule|Evasion Items Clause: Evasion items are banned
|rule|Evasion Moves Clause: Evasion moves are banned
|rule|Evasion Abilities Clause: Evasion abilities are banned
|rule|Sleep Moves Clause: Sleep-inducing moves are banned
|clearpoke
|poke|p1|Dragonite, F|
|poke|p1|Ceruledge, M|
|poke|p1|Slowking-Galar, M|
|poke|p1|Great Tusk|
|poke|p1|Iron Moth|
|poke|p1|Tinkaton, F|
|poke|p2|Iron Moth|
|poke|p2|Ting-Lu|
|poke|p2|Ninetales, F|
|poke|p2|Raging Bolt|
|poke|p2|Walking Wake|
|poke|p2|Great Tusk|
|teampreview
|
|t:|1758952908
|teamsize|p1|6
|teamsize|p2|6
|start
|switch|p1a: Pink Purple Mix|Slowking-Galar, M|100/100
|switch|p2a: Ninetales|Ninetales, F, shiny|100/100
|-weather|SunnyDay|[from] ability: Drought|[of] p2a: Ninetales
|turn|1
|
|t:|1758952924
|switch|p2a: Great Tusk|Great Tusk|100/100
|-activate|p2a: Great Tusk|ability: Protosynthesis
|-start|p2a: Great Tusk|protosynthesisatk
|-prepare|p1a: Pink Purple Mix|Chilly Reception|[premajor]
|move|p1a: Pink Purple Mix|Chilly Reception|p1a: Pink Purple Mix
|-weather|Snowscape
|-end|p2a: Great Tusk|Protosynthesis
|
|t:|1758952937
|switch|p1a: Orange Body|Dragonite, F|100/100|[from] Chilly Reception
|
|-weather|Snowscape|[upkeep]
|upkeep
|turn|2
|
|t:|1758952942
|-terastallize|p1a: Orange Body|Flying
|move|p2a: Great Tusk|Ice Spinner|p1a: Orange Body
|-supereffective|p1a: Orange Body
|-damage|p1a: Orange Body|67/100
|move|p1a: Orange Body|Dragon Dance|p1a: Orange Body
|-boost|p1a: Orange Body|atk|1
|-boost|p1a: Orange Body|spe|1
|
|-weather|Snowscape|[upkeep]
|upkeep
|turn|3
|
|t:|1758952953
|-end|p2a: Great Tusk|Protosynthesis|[silent]
|switch|p2a: Ting-Lu|Ting-Lu|100/100
|-ability|p2a: Ting-Lu|Vessel of Ruin
|move|p1a: Orange Body|Tera Blast|p2a: Ting-Lu|[anim] Tera Blast Flying
|-damage|p2a: Ting-Lu|50/100
|
|-weather|Snowscape|[upkeep]
|upkeep
|turn|4
|
|t:|1758952960
|move|p1a: Orange Body|Tera Blast|p2a: Ting-Lu|[anim] Tera Blast Flying
|-damage|p2a: Ting-Lu|0 fnt
|faint|p2a: Ting-Lu
|
|-weather|Snowscape|[upkeep]
|upkeep
|
|t:|1758952963
|switch|p2a: Ninetales|Ninetales, F, shiny|100/100
|-weather|SunnyDay|[from] ability: Drought|[of] p2a: Ninetales
|turn|5
|
|t:|1758952971
|switch|p2a: Raging Bolt|Raging Bolt|100/100
|-item|p2a: Raging Bolt|Air Balloon
|-activate|p2a: Raging Bolt|ability: Protosynthesis
|-start|p2a: Raging Bolt|protosynthesisspa
|move|p1a: Orange Body|Earthquake|p2a: Raging Bolt
|-immune|p2a: Raging Bolt
|
|-weather|SunnyDay|[upkeep]
|upkeep
|turn|6
|
|t:|1758952979
|switch|p1a: Red Accent|Great Tusk|100/100
|-activate|p1a: Red Accent|ability: Protosynthesis
|-start|p1a: Red Accent|protosynthesisatk
|move|p2a: Raging Bolt|Thunderclap||[still]
|-fail|p2a: Raging Bolt
|
|-weather|SunnyDay|[upkeep]
|upkeep
|turn|7
|
|t:|1758952985
|-end|p2a: Raging Bolt|Protosynthesis|[silent]
|switch|p2a: Great Tusk|Great Tusk|100/100
|-activate|p2a: Great Tusk|ability: Protosynthesis
|-start|p2a: Great Tusk|protosynthesisatk
|move|p1a: Red Accent|Rapid Spin|p2a: Great Tusk
|-damage|p2a: Great Tusk|83/100
|-boost|p1a: Red Accent|spe|1
|
|-weather|SunnyDay|[upkeep]
|upkeep
|turn|8
|
|t:|1758952994
|move|p1a: Red Accent|Headlong Rush|p2a: Great Tusk
|-damage|p2a: Great Tusk|13/100
|-unboost|p1a: Red Accent|def|1
|-unboost|p1a: Red Accent|spd|1
|move|p2a: Great Tusk|Rapid Spin|p1a: Red Accent
|-damage|p1a: Red Accent|77/100
|-boost|p2a: Great Tusk|spe|1
|
|-weather|SunnyDay|[upkeep]
|upkeep
|turn|9
|
|t:|1758953006
|-end|p1a: Red Accent|Protosynthesis|[silent]
|switch|p1a: Pink Pastel|Tinkaton, F|100/100
|-ability|p1a: Pink Pastel|Mold Breaker
|move|p2a: Great Tusk|Headlong Rush|p1a: Pink Pastel
|-supereffective|p1a: Pink Pastel
|-damage|p1a: Pink Pastel|0 fnt
|-unboost|p2a: Great Tusk|def|1
|-unboost|p2a: Great Tusk|spd|1
|-damage|p2a: Great Tusk|0 fnt|[from] item: Rocky Helmet|[of] p1a: Pink Pastel
|faint|p1a: Pink Pastel
|faint|p2a: Great Tusk
|-end|p2a: Great Tusk|Protosynthesis|[silent]
|
|-weather|SunnyDay|[upkeep]
|upkeep
|
|t:|1758953021
|switch|p1a: Pink Purple Mix|Slowking-Galar, M|100/100
|switch|p2a: Walking Wake|Walking Wake|100/100
|-activate|p2a: Walking Wake|ability: Protosynthesis
|-start|p2a: Walking Wake|protosynthesisspe
|turn|10
|
|t:|1758953026
|-terastallize|p2a: Walking Wake|Water
|move|p2a: Walking Wake|Hydro Steam|p1a: Pink Purple Mix
|-damage|p1a: Pink Purple Mix|42/100
|move|p1a: Pink Purple Mix|Light Screen|p1a: Pink Purple Mix
|-sidestart|p1: MultitudeKotone|move: Light Screen
|
|-weather|SunnyDay|[upkeep]
|upkeep
|turn|11
|
|t:|1758953038
|move|p2a: Walking Wake|Hydro Steam|p1a: Pink Purple Mix
|-damage|p1a: Pink Purple Mix|15/100
|-prepare|p1a: Pink Purple Mix|Chilly Reception|[premajor]
|move|p1a: Pink Purple Mix|Chilly Reception|p1a: Pink Purple Mix
|-weather|Snowscape
|-end|p2a: Walking Wake|Protosynthesis
|
|t:|1758953041
|switch|p1a: Orange Body|Dragonite, F, tera:Flying|67/100|[from] Chilly Reception
|
|-weather|Snowscape|[upkeep]
|upkeep
|turn|12
|
|t:|1758953048
|move|p1a: Orange Body|Dragon Dance|p1a: Orange Body
|-boost|p1a: Orange Body|atk|1
|-boost|p1a: Orange Body|spe|1
|move|p2a: Walking Wake|Dragon Tail|p1a: Orange Body
|-damage|p1a: Orange Body|49/100
|drag|p1a: Purple Gradient|Ceruledge, M|100/100
|
|-weather|Snowscape|[upkeep]
|upkeep
|turn|13
|
|t:|1758953061
|move|p1a: Purple Gradient|Poltergeist|p2a: Walking Wake
|-activate|p2a: Walking Wake|move: Poltergeist|Splash Plate
|-damage|p2a: Walking Wake|39/100
|move|p2a: Walking Wake|Dragon Tail|p1a: Purple Gradient
|-damage|p1a: Purple Gradient|77/100
|-ability|p1a: Purple Gradient|Weak Armor|boost
|-unboost|p1a: Purple Gradient|def|1
|-boost|p1a: Purple Gradient|spe|2
|drag|p1a: Pink Purple Mix|Slowking-Galar, M|48/100
|
|-weather|Snowscape|[upkeep]
|upkeep
|turn|14
|
|t:|1758953072
|move|p2a: Walking Wake|Flip Turn|p1a: Pink Purple Mix
|-damage|p1a: Pink Purple Mix|20/100
|
|t:|1758953074
|-end|p2a: Walking Wake|Protosynthesis|[silent]
|switch|p2a: Ninetales|Ninetales, F, shiny|100/100|[from] Flip Turn
|-weather|SunnyDay|[from] ability: Drought|[of] p2a: Ninetales
|move|p1a: Pink Purple Mix|Future Sight|p2a: Ninetales
|-start|p1a: Pink Purple Mix|move: Future Sight
|
|-weather|SunnyDay|[upkeep]
|-sideend|p1: MultitudeKotone|move: Light Screen
|upkeep
|turn|15
|
|t:|1758953079
|move|p2a: Ninetales|Weather Ball|p1a: Pink Purple Mix
|-damage|p1a: Pink Purple Mix|0 fnt
|faint|p1a: Pink Purple Mix
|
|-weather|SunnyDay|[upkeep]
|upkeep
|
|t:|1758953086
|switch|p1a: Orange Pattern|Iron Moth|100/100
|-enditem|p1a: Orange Pattern|Booster Energy
|-activate|p1a: Orange Pattern|ability: Quark Drive|[fromitem]
|-start|p1a: Orange Pattern|quarkdrivespe
|turn|16
|
|t:|1758953091
|move|p1a: Orange Pattern|Fiery Dance|p2a: Ninetales
|-resisted|p2a: Ninetales
|-damage|p2a: Ninetales|69/100
|move|p2a: Ninetales|Encore|p1a: Orange Pattern
|-start|p1a: Orange Pattern|Encore
|
|-weather|SunnyDay|[upkeep]
|-end|p2a: Ninetales|move: Future Sight
|-damage|p2a: Ninetales|23/100
|upkeep
|turn|17
|
|t:|1758953098
|move|p1a: Orange Pattern|Fiery Dance|p2a: Ninetales
|-resisted|p2a: Ninetales
|-damage|p2a: Ninetales|0 fnt
|-boost|p1a: Orange Pattern|spa|1
|faint|p2a: Ninetales
|
|-weather|SunnyDay|[upkeep]
|upkeep
|
|t:|1758953108
|switch|p2a: Walking Wake|Walking Wake, tera:Water|39/100
|-activate|p2a: Walking Wake|ability: Protosynthesis
|-start|p2a: Walking Wake|protosynthesisspe
|turn|18
|
|t:|1758953114
|move|p1a: Orange Pattern|Fiery Dance|p2a: Walking Wake
|-resisted|p2a: Walking Wake
|-damage|p2a: Walking Wake|0 fnt
|faint|p2a: Walking Wake
|-end|p2a: Walking Wake|Protosynthesis|[silent]
|
|-weather|SunnyDay|[upkeep]
|upkeep
|
|t:|1758953118
|switch|p2a: Raging Bolt|Raging Bolt|100/100
|-item|p2a: Raging Bolt|Air Balloon
|-activate|p2a: Raging Bolt|ability: Protosynthesis
|-start|p2a: Raging Bolt|protosynthesisspa
|turn|19
|
|t:|1758953124
|-end|p1a: Orange Pattern|Quark Drive|[silent]
|switch|p1a: Red Accent|Great Tusk|77/100
|-activate|p1a: Red Accent|ability: Protosynthesis
|-start|p1a: Red Accent|protosynthesisatk
|move|p2a: Raging Bolt|Thunderclap||[still]
|-fail|p2a: Raging Bolt
|
|-weather|SunnyDay|[upkeep]
|upkeep
|turn|20
|
|t:|1758953128
|move|p2a: Raging Bolt|Dragon Pulse|p1a: Red Accent
|-damage|p1a: Red Accent|32/100
|move|p1a: Red Accent|Rapid Spin|p2a: Raging Bolt
|-damage|p2a: Raging Bolt|77/100
|-boost|p1a: Red Accent|spe|1
|-enditem|p2a: Raging Bolt|Air Balloon
|
|-weather|SunnyDay|[upkeep]
|upkeep
|turn|21
|
|t:|1758953137
|move|p1a: Red Accent|Headlong Rush|p2a: Raging Bolt
|-supereffective|p2a: Raging Bolt
|-damage|p2a: Raging Bolt|0 fnt
|-unboost|p1a: Red Accent|def|1
|-unboost|p1a: Red Accent|spd|1
|faint|p2a: Raging Bolt
|-end|p2a: Raging Bolt|Protosynthesis|[silent]
|
|-weather|none
|-end|p1a: Red Accent|Protosynthesis
|upkeep
|
|t:|1758953139
|switch|p2a: Iron Moth|Iron Moth|100/100
|-enditem|p2a: Iron Moth|Booster Energy
|-activate|p2a: Iron Moth|ability: Quark Drive|[fromitem]
|-start|p2a: Iron Moth|quarkdrivespa
|turn|22
|
|t:|1758953143
|move|p2a: Iron Moth|Fiery Dance|p1a: Red Accent
|-damage|p1a: Red Accent|0 fnt
|faint|p1a: Red Accent
|-end|p1a: Red Accent|Protosynthesis|[silent]
|
|upkeep
|
|t:|1758953146
|switch|p1a: Purple Gradient|Ceruledge, M|77/100
|turn|23
|
|t:|1758953160
|move|p2a: Iron Moth|Fiery Dance|p1a: Purple Gradient
|-resisted|p1a: Purple Gradient
|-damage|p1a: Purple Gradient|43/100
|move|p1a: Purple Gradient|Bitter Blade|p2a: Iron Moth
|-resisted|p2a: Iron Moth
|-damage|p2a: Iron Moth|64/100
|-heal|p1a: Purple Gradient|63/100|[from] drain|[of] p2a: Iron Moth
|
|upkeep
|turn|24
|
|t:|1758953166
|move|p2a: Iron Moth|Fiery Dance|p1a: Purple Gradient
|-resisted|p1a: Purple Gradient
|-damage|p1a: Purple Gradient|28/100
|move|p1a: Purple Gradient|Bitter Blade|p2a: Iron Moth
|-resisted|p2a: Iron Moth
|-damage|p2a: Iron Moth|25/100
|-heal|p1a: Purple Gradient|48/100|[from] drain|[of] p2a: Iron Moth
|
|upkeep
|turn|25
|
|t:|1758953170
|move|p2a: Iron Moth|Sludge Wave|p1a: Purple Gradient
|-resisted|p1a: Purple Gradient
|-damage|p1a: Purple Gradient|6/100
|move|p1a: Purple Gradient|Bitter Blade|p2a: Iron Moth
|-resisted|p2a: Iron Moth
|-damage|p2a: Iron Moth|0 fnt
|-heal|p1a: Purple Gradient|19/100|[from] drain|[of] p2a: Iron Moth
|faint|p2a: Iron Moth
|-end|p2a: Iron Moth|Quark Drive|[silent]
|
|win|MultitudeKotone
|raw|MultitudeKotone's rating: 1355 &rarr; <strong>1378</strong><br />(+23 for winning)
|raw|Yourragez's rating: 1405 &rarr; <strong>1382</strong><br />(-23 for losing)
|l|☆Yourragez
|player|p2|
|l|☆MultitudeKotone
|player|p1|
