|j|☆dengo dollars
|j|☆DJfael06
|t:|1759065020
|gametype|singles
|player|p1|dengo dollars|dragontamer|1311
|player|p2|DJfael06|burglar|1258
|gen|9
|tier|[Gen 9] OU
|rated|
|rule|HP Percentage Mod: HP is shown in percentages
|rule|Endless Battle Clause: Forcing endless battles is banned
|rule|Species Clause: Limit one of each Pokémon
|rule|OHKO Clause: OHKO moves are banned
|rule|Evasion Items Clause: Evasion items are banned
|rule|Evasion Moves Clause: Evasion moves are banned
|rule|Evasion Abilities Clause: Evasion abilities are banned
|rule|Sleep Moves Clause: Sleep-inducing moves are banned
|clearpoke
|poke|p1|Charizard, F|
|poke|p1|Great Tusk|
|poke|p1|Leavanny, F|
|poke|p1|Ninetales, M|
|poke|p1|Raging Bolt|
|poke|p1|Cinderace, M|
|poke|p2|Iron Moth|
|poke|p2|Darkrai|
|poke|p2|Ogerpon-Cornerstone, F|
|poke|p2|Dragonite, M|
|poke|p2|Gholdengo|
|poke|p2|Iron Treads|
|teampreview
|
|t:|1759065027
|teamsize|p1|6
|teamsize|p2|6
|start
|switch|p1a: Cinderace|Cinderace, M|100/100
|switch|p2a: Ogerpon|Ogerpon-Cornerstone, F|100/100
|turn|1
|
|t:|1759065036
|move|p1a: Cinderace|U-turn|p2a: Ogerpon
|-start|p1a: Cinderace|typechange|Bug|[from] ability: Libero
|-supereffective|p2a: Ogerpon
|-ability|p2a: Ogerpon|Sturdy
|-damage|p2a: Ogerpon|1/100
|
|t:|1759065056
|switch|p1a: humble tusk|Great Tusk|100/100|[from] U-turn
|move|p2a: Ogerpon|Ivy Cudgel|p1a: humble tusk|[anim] Ivy Cudgel Rock
|-resisted|p1a: humble tusk
|-damage|p1a: humble tusk|92/100
|
|upkeep
|turn|2
|
|t:|1759065063
|move|p2a: Ogerpon|Power Whip|p1a: humble tusk
|-supereffective|p1a: humble tusk
|-damage|p1a: humble tusk|3/100
|move|p1a: humble tusk|Rapid Spin|p2a: Ogerpon
|-resisted|p2a: Ogerpon
|-damage|p2a: Ogerpon|0 fnt
|-boost|p1a: humble tusk|spe|1
|faint|p2a: Ogerpon
|
|upkeep
|
|t:|1759065070
|switch|p2a: Dragonite|Dragonite, M|100/100
|turn|3
|
|t:|1759065074
|move|p1a: humble tusk|Knock Off|p2a: Dragonite
|-damage|p2a: Dragonite|86/100
|-enditem|p2a: Dragonite|Heavy-Duty Boots|[from] move: Knock Off|[of] p1a: humble tusk
|move|p2a: Dragonite|Dragon Dance|p2a: Dragonite
|-boost|p2a: Dragonite|atk|1
|-boost|p2a: Dragonite|spe|1
|
|upkeep
|turn|4
|
|t:|1759065084
|-end|p1a: humble tusk|Protosynthesis|[silent]
|switch|p1a: Ninetales|Ninetales, M|100/100
|-weather|SunnyDay|[from] ability: Drought|[of] p1a: Ninetales
|move|p2a: Dragonite|Dragon Dance|p2a: Dragonite
|-boost|p2a: Dragonite|atk|1
|-boost|p2a: Dragonite|spe|1
|
|-weather|SunnyDay|[upkeep]
|upkeep
|turn|5
|
|t:|1759065088
|switch|p1a: humble tusk|Great Tusk|3/100
|-activate|p1a: humble tusk|ability: Protosynthesis
|-start|p1a: humble tusk|protosynthesisspe
|move|p2a: Dragonite|Earthquake|p1a: humble tusk
|-damage|p1a: humble tusk|0 fnt
|faint|p1a: humble tusk
|-end|p1a: humble tusk|Protosynthesis|[silent]
|
|-weather|SunnyDay|[upkeep]
|upkeep
|
|t:|1759065091
|switch|p1a: Leavanny|Leavanny, F|100/100
|turn|6
|
|t:|1759065095
|-terastallize|p1a: Leavanny|Ghost
|move|p1a: Leavanny|Triple Axel|p2a: Dragonite
|-supereffective|p2a: Dragonite
|-damage|p2a: Dragonite|46/100
|-supereffective|p2a: Dragonite
|-damage|p2a: Dragonite|0 fnt
|faint|p2a: Dragonite
|-hitcount|p2: Dragonite|2
|-damage|p1a: Leavanny|91/100|[from] item: Life Orb
|
|-weather|SunnyDay|[upkeep]
|upkeep
|
|t:|1759065108
|switch|p2a: Iron Treads|Iron Treads|100/100
|turn|7
|
|t:|1759065113
|move|p1a: Leavanny|Sticky Web|p2a: Iron Treads
|-sidestart|p2: DJfael06|move: Sticky Web
|move|p2a: Iron Treads|Knock Off|p1a: Leavanny
|-supereffective|p1a: Leavanny
|-damage|p1a: Leavanny|9/100
|-enditem|p1a: Leavanny|Life Orb|[from] move: Knock Off|[of] p2a: Iron Treads
|
|-weather|SunnyDay|[upkeep]
|upkeep
|turn|8
|
|t:|1759065118
|move|p1a: Leavanny|Low Kick|p2a: Iron Treads
|-supereffective|p2a: Iron Treads
|-damage|p2a: Iron Treads|23/100
|move|p2a: Iron Treads|Rapid Spin|p1a: Leavanny
|-immune|p1a: Leavanny
|
|-weather|SunnyDay|[upkeep]
|upkeep
|turn|9
|
|t:|1759065123
|move|p1a: Leavanny|Knock Off|p2a: Iron Treads
|-damage|p2a: Iron Treads|0 fnt
|-enditem|p2a: Iron Treads|Heavy-Duty Boots|[from] move: Knock Off|[of] p1a: Leavanny
|faint|p2a: Iron Treads
|-end|p2a: Iron Treads|Quark Drive|[silent]
|
|-weather|SunnyDay|[upkeep]
|upkeep
|-message|DJfael06 forfeited.
|
|win|dengo dollars
|raw|dengo dollars's rating: 1311 &rarr; <strong>1328</strong><br />(+17 for winning)
|raw|DJfael06's rating: 1258 &rarr; <strong>1237</strong><br />(-21 for losing)
|l|☆DJfael06
|player|p2|
|l|☆dengo dollars
|player|p1|
