|j|☆xiaochoubushiwo
|j|☆junetuned
|t:|1759030792
|gametype|singles
|player|p1|xiaochoubushiwo|pokemaniac|1288
|player|p2|junetuned|silver|1290
|gen|9
|tier|[Gen 9] OU
|rated|
|rule|HP Percentage Mod: HP is shown in percentages
|rule|Endless Battle Clause: Forcing endless battles is banned
|rule|Species Clause: Limit one of each Pokémon
|rule|OHKO Clause: OHKO moves are banned
|rule|Evasion Items Clause: Evasion items are banned
|rule|Evasion Moves Clause: Evasion moves are banned
|rule|Evasion Abilities Clause: Evasion abilities are banned
|rule|Sleep Moves Clause: Sleep-inducing moves are banned
|clearpoke
|poke|p1|Tyranitar, F|
|poke|p1|Gholdengo|
|poke|p1|Zamazenta-*|
|poke|p1|Rillaboom, F|
|poke|p1|Garchomp, M|
|poke|p1|Zapdos|
|poke|p2|Meowscarada, F|
|poke|p2|Primarina, F|
|poke|p2|Iron Treads|
|poke|p2|Latios, M|
|poke|p2|Kyurem|
|poke|p2|Moltres|
|teampreview
|inactive|Battle timer is ON: inactive players will automatically lose when time's up. (requested by xiaochoubushiwo)
|
|t:|1759030823
|teamsize|p1|6
|teamsize|p2|6
|start
|switch|p1a: Garchomp|Garchomp, M|100/100
|switch|p2a: Meowscarada|Meowscarada, F|100/100
|turn|1
|inactive|junetuned has 120 seconds left.
|
|t:|1759030864
|move|p2a: Meowscarada|Triple Axel|p1a: Garchomp
|-start|p2a: Meowscarada|typechange|Ice|[from] ability: Protean
|-supereffective|p1a: Garchomp
|-damage|p1a: Garchomp|62/100
|-damage|p2a: Meowscarada|88/100|[from] ability: Rough Skin|[of] p1a: Garchomp
|-damage|p2a: Meowscarada|72/100|[from] item: Rocky Helmet|[of] p1a: Garchomp
|-supereffective|p1a: Garchomp
|-damage|p1a: Garchomp|0 fnt
|-damage|p2a: Meowscarada|60/100|[from] ability: Rough Skin|[of] p1a: Garchomp
|-damage|p2a: Meowscarada|43/100|[from] item: Rocky Helmet|[of] p1a: Garchomp
|faint|p1a: Garchomp
|-hitcount|p1: Garchomp|2
|
|upkeep
|
|t:|1759030881
|switch|p1a: Zamazenta|Zamazenta|100/100
|-ability|p1a: Zamazenta|Dauntless Shield|boost
|-boost|p1a: Zamazenta|def|1
|turn|2
|inactive|junetuned has 120 seconds left.
|
|t:|1759030886
|switch|p2a: Moltres|Moltres, shiny|100/100
|move|p1a: Zamazenta|Heavy Slam|p2a: Moltres
|-resisted|p2a: Moltres
|-damage|p2a: Moltres|91/100
|
|upkeep
|turn|3
|inactive|junetuned has 120 seconds left.
|
|t:|1759030904
|switch|p1a: Zapdos|Zapdos|100/100
|switch|p2a: Primarina|Primarina, F|100/100
|
|upkeep
|turn|4
|inactive|junetuned has 120 seconds left.
|
|t:|1759030918
|switch|p2a: Iron Treads|Iron Treads|100/100
|-item|p2a: Iron Treads|Air Balloon
|move|p1a: Zapdos|Volt Switch|p2a: Iron Treads
|-immune|p2a: Iron Treads
|
|upkeep
|turn|5
|inactive|junetuned has 120 seconds left.
|
|t:|1759030932
|-terastallize|p1a: Zapdos|Fire
|move|p1a: Zapdos|Heat Wave|p2a: Iron Treads
|-supereffective|p2a: Iron Treads
|-damage|p2a: Iron Treads|23/100
|-enditem|p2a: Iron Treads|Air Balloon
|move|p2a: Iron Treads|Stealth Rock|p1a: Zapdos
|-sidestart|p1: xiaochoubushiwo|move: Stealth Rock
|
|upkeep
|turn|6
|inactive|junetuned has 120 seconds left.
|
|t:|1759030967
|move|p1a: Zapdos|Volt Switch|p2a: Iron Treads
|-immune|p2a: Iron Treads
|move|p2a: Iron Treads|Earthquake|p1a: Zapdos
|-supereffective|p1a: Zapdos
|-damage|p1a: Zapdos|19/100
|
|upkeep
|turn|7
|
|t:|1759030975
|move|p1a: Zapdos|Heat Wave|p2a: Iron Treads
|-supereffective|p2a: Iron Treads
|-damage|p2a: Iron Treads|0 fnt
|faint|p2a: Iron Treads
|-end|p2a: Iron Treads|Quark Drive|[silent]
|
|upkeep
|
|t:|1759030995
|switch|p2a: Meowscarada|Meowscarada, F|43/100
|turn|8
|
|t:|1759031004
|move|p2a: Meowscarada|U-turn|p1a: Zapdos
|-start|p2a: Meowscarada|typechange|Bug|[from] ability: Protean
|-resisted|p1a: Zapdos
|-damage|p1a: Zapdos|0 fnt
|faint|p1a: Zapdos
|
|t:|1759031009
|switch|p2a: Primarina|Primarina, F|100/100|[from] U-turn
|
|upkeep
|
|t:|1759031025
|switch|p1a: Rillaboom|Rillaboom, F|100/100
|-fieldstart|move: Grassy Terrain|[from] ability: Grassy Surge|[of] p1a: Rillaboom
|turn|9
|
|t:|1759031032
|switch|p2a: Moltres|Moltres, shiny|91/100
|move|p1a: Rillaboom|U-turn|p2a: Moltres
|-resisted|p2a: Moltres
|-damage|p2a: Moltres|86/100
|-status|p1a: Rillaboom|brn|[from] ability: Flame Body|[of] p2a: Moltres
|
|t:|1759031040
|switch|p1a: Tyranitar|Tyranitar, F|100/100|[from] U-turn
|-weather|Sandstorm|[from] ability: Sand Stream|[of] p1a: Tyranitar
|
|-weather|Sandstorm|[upkeep]
|-damage|p2a: Moltres|80/100|[from] Sandstorm
|upkeep
|turn|10
|inactive|junetuned has 120 seconds left.
|inactive|junetuned has 90 seconds left.
|
|t:|1759031090
|-terastallize|p2a: Moltres|Grass
|move|p1a: Tyranitar|Stone Edge|p2a: Moltres
|-damage|p2a: Moltres|44/100
|move|p2a: Moltres|Will-O-Wisp|p1a: Tyranitar
|-status|p1a: Tyranitar|brn
|
|-weather|Sandstorm|[upkeep]
|-damage|p2a: Moltres|38/100|[from] Sandstorm
|-heal|p2a: Moltres|44/100|[from] Grassy Terrain
|-damage|p1a: Tyranitar|94/100 brn|[from] brn
|upkeep
|turn|11
|
|t:|1759031100
|move|p1a: Tyranitar|Ice Punch|p2a: Moltres
|-supereffective|p2a: Moltres
|-damage|p2a: Moltres|25/100
|move|p2a: Moltres|Roost|p2a: Moltres
|-heal|p2a: Moltres|75/100
|
|-weather|Sandstorm|[upkeep]
|-damage|p2a: Moltres|69/100|[from] Sandstorm
|-heal|p1a: Tyranitar|100/100 brn|[from] Grassy Terrain
|-heal|p2a: Moltres|75/100|[from] Grassy Terrain
|-damage|p1a: Tyranitar|94/100 brn|[from] brn
|upkeep
|turn|12
|
|t:|1759031105
|switch|p1a: Gholdengo|Gholdengo|100/100
|-damage|p1a: Gholdengo|94/100|[from] Stealth Rock
|-item|p1a: Gholdengo|Air Balloon
|move|p2a: Moltres|Roost|p2a: Moltres
|-heal|p2a: Moltres|100/100
|
|-weather|Sandstorm|[upkeep]
|-damage|p2a: Moltres|94/100|[from] Sandstorm
|-heal|p2a: Moltres|100/100|[from] Grassy Terrain
|upkeep
|turn|13
|
|t:|1759031115
|move|p2a: Moltres|Flamethrower|p1a: Gholdengo
|-supereffective|p1a: Gholdengo
|-damage|p1a: Gholdengo|21/100
|-enditem|p1a: Gholdengo|Air Balloon
|move|p1a: Gholdengo|Thunder Wave|p2a: Moltres
|-status|p2a: Moltres|par
|
|-weather|none
|-heal|p1a: Gholdengo|27/100|[from] Grassy Terrain
|-fieldend|move: Grassy Terrain
|upkeep
|turn|14
|
|t:|1759031122
|move|p1a: Gholdengo|Recover|p1a: Gholdengo
|-heal|p1a: Gholdengo|77/100
|move|p2a: Moltres|Flamethrower|p1a: Gholdengo
|-supereffective|p1a: Gholdengo
|-damage|p1a: Gholdengo|8/100
|-status|p1a: Gholdengo|brn
|
|-damage|p1a: Gholdengo|2/100 brn|[from] brn
|upkeep
|turn|15
|
|t:|1759031126
|move|p1a: Gholdengo|Hex|p2a: Moltres
|-damage|p2a: Moltres|46/100 par
|move|p2a: Moltres|Flamethrower|p1a: Gholdengo
|-supereffective|p1a: Gholdengo
|-damage|p1a: Gholdengo|0 fnt
|faint|p1a: Gholdengo
|
|upkeep
|
|t:|1759031130
|switch|p1a: Zamazenta|Zamazenta|100/100
|turn|16
|
|t:|1759031139
|move|p1a: Zamazenta|Heavy Slam|p2a: Moltres
|-damage|p2a: Moltres|26/100 par
|-status|p1a: Zamazenta|brn|[from] ability: Flame Body|[of] p2a: Moltres
|cant|p2a: Moltres|par
|
|-damage|p1a: Zamazenta|94/100 brn|[from] brn
|upkeep
|turn|17
|
|t:|1759031145
|move|p1a: Zamazenta|Close Combat|p2a: Moltres
|-damage|p2a: Moltres|5/100 par
|-unboost|p1a: Zamazenta|def|1
|-unboost|p1a: Zamazenta|spd|1
|move|p2a: Moltres|Roost|p2a: Moltres
|-heal|p2a: Moltres|56/100 par
|
|-damage|p1a: Zamazenta|88/100 brn|[from] brn
|upkeep
|turn|18
|-message|xiaochoubushiwo forfeited.
|
|win|junetuned
|raw|xiaochoubushiwo's rating: 1288 &rarr; <strong>1263</strong><br />(-25 for losing)
|raw|junetuned's rating: 1290 &rarr; <strong>1315</strong><br />(+25 for winning)
|l|☆xiaochoubushiwo
|player|p1|
