|j|☆celestial_dubkun
|j|☆tapu moxo
|t:|1758995116
|gametype|singles
|player|p1|celestial_dubkun|hiker-gen4|1627
|player|p2|tapu moxo|yellow|1678
|gen|9
|tier|[Gen 9] OU
|rated|
|rule|HP Percentage Mod: HP is shown in percentages
|rule|Endless Battle Clause: Forcing endless battles is banned
|rule|Species Clause: Limit one of each Pokémon
|rule|OHKO Clause: OHKO moves are banned
|rule|Evasion Items Clause: Evasion items are banned
|rule|Evasion Moves Clause: Evasion moves are banned
|rule|Evasion Abilities Clause: Evasion abilities are banned
|rule|Sleep Moves Clause: Sleep-inducing moves are banned
|clearpoke
|poke|p1|Dragapult, M|
|poke|p1|Alomomola, M|
|poke|p1|Weavile, F|
|poke|p1|Great Tusk|
|poke|p1|Clefable, M|
|poke|p1|Tornadus-Therian, M|
|poke|p2|Smeargle, M|
|poke|p2|Ceruledge, F|
|poke|p2|Kingambit, F|
|poke|p2|Serperior, M|
|poke|p2|Gyarados, M|
|poke|p2|Enamorus, F|
|teampreview
|
|t:|1758995129
|teamsize|p1|6
|teamsize|p2|6
|start
|switch|p1a: Dragapult|Dragapult, M|100/100
|switch|p2a: Smeargle|Smeargle, M|100/100
|turn|1
|
|t:|1758995134
|move|p2a: Smeargle|Burning Bulwark|p2a: Smeargle
|-singleturn|p2a: Smeargle|move: Protect
|move|p1a: Dragapult|Substitute|p1a: Dragapult
|-start|p1a: Dragapult|Substitute
|-damage|p1a: Dragapult|75/100
|
|-heal|p1a: Dragapult|82/100|[from] item: Leftovers
|upkeep
|turn|2
|
|t:|1758995147
|switch|p2a: Kingambit|Kingambit, F, shiny|100/100
|move|p1a: Dragapult|Dragon Dance|p1a: Dragapult
|-boost|p1a: Dragapult|atk|1
|-boost|p1a: Dragapult|spe|1
|
|-heal|p1a: Dragapult|88/100|[from] item: Leftovers
|upkeep
|turn|3
|
|t:|1758995152
|move|p1a: Dragapult|Dragon Darts|p2a: Kingambit
|-resisted|p2a: Kingambit
|-damage|p2a: Kingambit|84/100
|-anim|p1a: Dragapult|Dragon Darts|p2a: Kingambit
|-resisted|p2a: Kingambit
|-damage|p2a: Kingambit|70/100
|move|p2a: Kingambit|Kowtow Cleave|p1a: Dragapult
|-supereffective|p1a: Dragapult
|-end|p1a: Dragapult|Substitute
|
|-heal|p1a: Dragapult|94/100|[from] item: Leftovers
|-heal|p2a: Kingambit|76/100|[from] item: Leftovers
|upkeep
|turn|4
|
|t:|1758995162
|switch|p1a: Great Tusk|Great Tusk|100/100
|move|p2a: Kingambit|Iron Head|p1a: Great Tusk
|-damage|p1a: Great Tusk|73/100
|
|-heal|p2a: Kingambit|82/100|[from] item: Leftovers
|upkeep
|turn|5
|
|t:|1758995168
|switch|p2a: Gyarados|Gyarados, M|100/100
|move|p1a: Great Tusk|Stealth Rock|p2a: Gyarados
|-sidestart|p2: tapu moxo|move: Stealth Rock
|
|upkeep
|turn|6
|
|t:|1758995173
|move|p2a: Gyarados|Dragon Dance|p2a: Gyarados
|-boost|p2a: Gyarados|atk|1
|-boost|p2a: Gyarados|spe|1
|move|p1a: Great Tusk|Head Smash|p2a: Gyarados
|-supereffective|p2a: Gyarados
|-damage|p2a: Gyarados|0 fnt
|faint|p2a: Gyarados
|-damage|p1a: Great Tusk|35/100|[from] Recoil
|
|upkeep
|
|t:|1758995184
|switch|p2a: Enamorus|Enamorus, F|100/100
|-damage|p2a: Enamorus|76/100|[from] Stealth Rock
|turn|7
|
|t:|1758995187
|-end|p1a: Great Tusk|Protosynthesis|[silent]
|switch|p1a: Alomomola|Alomomola, M|100/100
|move|p2a: Enamorus|Moonblast|p1a: Alomomola
|-damage|p1a: Alomomola|72/100
|
|-heal|p2a: Enamorus|82/100|[from] item: Leftovers
|upkeep
|turn|8
|
|t:|1758995190
|move|p2a: Enamorus|Superpower|p1a: Alomomola
|-damage|p1a: Alomomola|50/100
|-boost|p2a: Enamorus|atk|1
|-boost|p2a: Enamorus|def|1
|move|p1a: Alomomola|Flip Turn|p2a: Enamorus
|-damage|p2a: Enamorus|66/100
|
|t:|1758995201
|switch|p1a: Tornadus|Tornadus-Therian, M|100/100|[from] Flip Turn
|
|-heal|p2a: Enamorus|72/100|[from] item: Leftovers
|upkeep
|turn|9
|
|t:|1758995205
|move|p1a: Tornadus|Bleakwind Storm|p2a: Enamorus|[miss]
|-miss|p1a: Tornadus|p2a: Enamorus
|move|p2a: Enamorus|Moonblast|p1a: Tornadus
|-damage|p1a: Tornadus|31/100
|
|-heal|p2a: Enamorus|78/100|[from] item: Leftovers
|upkeep
|turn|10
|
|t:|1758995209
|move|p1a: Tornadus|Bleakwind Storm|p2a: Enamorus|[miss]
|-miss|p1a: Tornadus|p2a: Enamorus
|move|p2a: Enamorus|Moonblast|p1a: Tornadus
|-crit|p1a: Tornadus
|-damage|p1a: Tornadus|0 fnt
|faint|p1a: Tornadus
|
|-heal|p2a: Enamorus|85/100|[from] item: Leftovers
|upkeep
|
|t:|1758995213
|switch|p1a: Weavile|Weavile, F|100/100
|-ability|p1a: Weavile|Pressure
|turn|11
|
|t:|1758995230
|switch|p2a: Kingambit|Kingambit, F, shiny|82/100
|-damage|p2a: Kingambit|76/100|[from] Stealth Rock
|-terastallize|p1a: Weavile|Ice
|move|p1a: Weavile|Triple Axel|p2a: Kingambit|[miss]
|-miss|p1a: Weavile|p2a: Kingambit
|
|-heal|p2a: Kingambit|82/100|[from] item: Leftovers
|upkeep
|turn|12
|c|☆celestial_dubkun|Fuck me i guess huh
|
|t:|1758995248
|switch|p1a: Alomomola|Alomomola, M|83/100
|move|p2a: Kingambit|Swords Dance|p2a: Kingambit
|-boost|p2a: Kingambit|atk|2
|
|-heal|p2a: Kingambit|88/100|[from] item: Leftovers
|upkeep
|turn|13
|
|t:|1758995251
|move|p2a: Kingambit|Kowtow Cleave|p1a: Alomomola
|-damage|p1a: Alomomola|15/100
|move|p1a: Alomomola|Flip Turn|p2a: Kingambit
|-damage|p2a: Kingambit|75/100
|
|t:|1758995258
|switch|p1a: Great Tusk|Great Tusk|35/100|[from] Flip Turn
|
|-heal|p2a: Kingambit|81/100|[from] item: Leftovers
|upkeep
|turn|14
|
|t:|1758995261
|move|p2a: Kingambit|Sucker Punch|p1a: Great Tusk
|-resisted|p1a: Great Tusk
|-damage|p1a: Great Tusk|9/100
|move|p1a: Great Tusk|Headlong Rush|p2a: Kingambit
|-supereffective|p2a: Kingambit
|-damage|p2a: Kingambit|0 fnt
|-unboost|p1a: Great Tusk|def|1
|-unboost|p1a: Great Tusk|spd|1
|faint|p2a: Kingambit
|
|upkeep
|
|t:|1758995266
|switch|p2a: Serperior|Serperior, M, shiny|100/100
|-damage|p2a: Serperior|88/100|[from] Stealth Rock
|turn|15
|
|t:|1758995278
|move|p2a: Serperior|Leaf Storm|p1a: Great Tusk|[miss]
|-miss|p2a: Serperior|p1a: Great Tusk
|move|p1a: Great Tusk|Rapid Spin|p2a: Serperior
|-damage|p2a: Serperior|67/100
|-boost|p1a: Great Tusk|spe|1
|
|-heal|p2a: Serperior|73/100|[from] item: Leftovers
|upkeep
|turn|16
|
|t:|1758995284
|move|p1a: Great Tusk|Head Smash|p2a: Serperior|[miss]
|-miss|p1a: Great Tusk|p2a: Serperior
|move|p2a: Serperior|Leaf Storm|p1a: Great Tusk
|-supereffective|p1a: Great Tusk
|-damage|p1a: Great Tusk|0 fnt
|-boost|p2a: Serperior|spa|2
|faint|p1a: Great Tusk
|-end|p1a: Great Tusk|Protosynthesis|[silent]
|
|-heal|p2a: Serperior|79/100|[from] item: Leftovers
|upkeep
|
|t:|1758995287
|switch|p1a: Weavile|Weavile, F, tera:Ice|100/100
|-ability|p1a: Weavile|Pressure
|turn|17
|
|t:|1758995302
|move|p1a: Weavile|Triple Axel|p2a: Serperior|[miss]
|-miss|p1a: Weavile|p2a: Serperior
|move|p2a: Serperior|Glare|p1a: Weavile
|-status|p1a: Weavile|par
|
|-heal|p2a: Serperior|85/100|[from] item: Leftovers
|upkeep
|turn|18
|c|☆celestial_dubkun|...
|c|☆celestial_dubkun|Dog
|c|☆celestial_dubkun|Arceus hates me
|c|☆celestial_dubkun|I suppose
|
|t:|1758995331
|move|p2a: Serperior|Leaf Storm|p1a: Weavile
|-damage|p1a: Weavile|0 fnt
|-boost|p2a: Serperior|spa|2
|faint|p1a: Weavile
|
|-heal|p2a: Serperior|92/100|[from] item: Leftovers
|upkeep
|
|t:|1758995337
|switch|p1a: Clefable|Clefable, M|100/100
|turn|19
|
|t:|1758995342
|move|p2a: Serperior|Substitute|p2a: Serperior
|-start|p2a: Serperior|Substitute
|-damage|p2a: Serperior|67/100
|move|p1a: Clefable|Encore|p2a: Serperior
|-start|p2a: Serperior|Encore
|
|-heal|p2a: Serperior|73/100|[from] item: Leftovers
|upkeep
|turn|20
|
|t:|1758995347
|switch|p1a: Dragapult|Dragapult, M|94/100
|move|p2a: Serperior|Substitute|p2a: Serperior
|-fail|p2a: Serperior|move: Substitute
|
|-heal|p1a: Dragapult|99/100|[from] item: Leftovers
|-heal|p2a: Serperior|79/100|[from] item: Leftovers
|upkeep
|turn|21
|
|t:|1758995359
|switch|p2a: Ceruledge|Ceruledge, F|100/100
|-damage|p2a: Ceruledge|76/100|[from] Stealth Rock
|move|p1a: Dragapult|Substitute|p1a: Dragapult
|-start|p1a: Dragapult|Substitute
|-damage|p1a: Dragapult|75/100
|
|-heal|p1a: Dragapult|81/100|[from] item: Leftovers
|upkeep
|turn|22
|
|t:|1758995374
|move|p2a: Ceruledge|Shadow Sneak|p1a: Dragapult
|-supereffective|p1a: Dragapult
|-end|p1a: Dragapult|Substitute
|move|p1a: Dragapult|Phantom Force||[still]
|-prepare|p1a: Dragapult|Phantom Force
|
|-heal|p1a: Dragapult|87/100|[from] item: Leftovers
|upkeep
|turn|23
|
|t:|1758995384
|move|p2a: Ceruledge|Shadow Sneak|p1a: Dragapult|[miss]
|-miss|p2a: Ceruledge|p1a: Dragapult
|move|p1a: Dragapult|Phantom Force|p2a: Ceruledge|[from] lockedmove
|-supereffective|p2a: Ceruledge
|-damage|p2a: Ceruledge|0 fnt
|faint|p2a: Ceruledge
|
|-heal|p1a: Dragapult|93/100|[from] item: Leftovers
|upkeep
|
|t:|1758995394
|switch|p2a: Enamorus|Enamorus, F|85/100
|-damage|p2a: Enamorus|60/100|[from] Stealth Rock
|turn|24
|
|t:|1758995401
|switch|p1a: Alomomola|Alomomola, M|48/100
|move|p2a: Enamorus|Moonblast|p1a: Alomomola
|-damage|p1a: Alomomola|21/100
|
|-heal|p2a: Enamorus|66/100|[from] item: Leftovers
|upkeep
|turn|25
|
|t:|1758995407
|move|p2a: Enamorus|Superpower|p1a: Alomomola
|-damage|p1a: Alomomola|2/100
|-boost|p2a: Enamorus|atk|1
|-boost|p2a: Enamorus|def|1
|move|p1a: Alomomola|Flip Turn|p2a: Enamorus
|-damage|p2a: Enamorus|49/100
|
|t:|1758995415
|switch|p1a: Clefable|Clefable, M|100/100|[from] Flip Turn
|
|-heal|p2a: Enamorus|56/100|[from] item: Leftovers
|upkeep
|turn|26
|
|t:|1758995420
|move|p2a: Enamorus|Moonblast|p1a: Clefable
|-damage|p1a: Clefable|55/100
|move|p1a: Clefable|Thunder Wave|p2a: Enamorus
|-status|p2a: Enamorus|par
|
|-heal|p2a: Enamorus|62/100 par|[from] item: Leftovers
|upkeep
|turn|27
|
|t:|1758995430
|switch|p2a: Smeargle|Smeargle, M|100/100
|-damage|p2a: Smeargle|88/100|[from] Stealth Rock
|move|p1a: Clefable|Moonblast|p2a: Smeargle
|-damage|p2a: Smeargle|25/100
|
|upkeep
|turn|28
|
|t:|1758995444
|move|p2a: Smeargle|Sticky Web|p1a: Clefable
|-sidestart|p1: celestial_dubkun|move: Sticky Web
|move|p1a: Clefable|Moonlight|p1a: Clefable
|-heal|p1a: Clefable|100/100
|
|upkeep
|turn|29
|
|t:|1758995455
|move|p2a: Smeargle|Court Change|p2a: Smeargle
|-swapsideconditions
|-activate|p2a: Smeargle|move: Court Change
|move|p1a: Clefable|Moonblast|p2a: Smeargle
|-damage|p2a: Smeargle|0 fnt
|faint|p2a: Smeargle
|
|upkeep
|
|t:|1758995461
|switch|p2a: Enamorus|Enamorus, F|62/100 par
|turn|30
|
|t:|1758995469
|move|p2a: Enamorus|Moonblast|p1a: Clefable
|-damage|p1a: Clefable|52/100
|-unboost|p1a: Clefable|spa|1
|move|p1a: Clefable|Moonblast|p2a: Enamorus
|-damage|p2a: Enamorus|28/100 par
|
|-heal|p2a: Enamorus|34/100 par|[from] item: Leftovers
|upkeep
|turn|31
|
|t:|1758995481
|switch|p1a: Alomomola|Alomomola, M|35/100
|-damage|p1a: Alomomola|23/100|[from] Stealth Rock
|move|p2a: Enamorus|Mystical Fire|p1a: Alomomola
|-resisted|p1a: Alomomola
|-damage|p1a: Alomomola|15/100
|-unboost|p1a: Alomomola|spa|1
|
|-heal|p2a: Enamorus|41/100 par|[from] item: Leftovers
|upkeep
|turn|32
|
|t:|1758995486
|move|p2a: Enamorus|Superpower|p1a: Alomomola
|-damage|p1a: Alomomola|0 fnt
|-boost|p2a: Enamorus|atk|1
|-boost|p2a: Enamorus|def|1
|faint|p1a: Alomomola
|
|-heal|p2a: Enamorus|47/100 par|[from] item: Leftovers
|upkeep
|
|t:|1758995490
|switch|p1a: Dragapult|Dragapult, M|93/100
|-damage|p1a: Dragapult|80/100|[from] Stealth Rock
|turn|33
|
|t:|1758995492
|move|p1a: Dragapult|Substitute|p1a: Dragapult
|-start|p1a: Dragapult|Substitute
|-damage|p1a: Dragapult|55/100
|move|p2a: Enamorus|Moonblast|p1a: Dragapult
|-supereffective|p1a: Dragapult
|-end|p1a: Dragapult|Substitute
|
|-heal|p1a: Dragapult|61/100|[from] item: Leftovers
|-heal|p2a: Enamorus|53/100 par|[from] item: Leftovers
|upkeep
|turn|34
|
|t:|1758995497
|move|p1a: Dragapult|Substitute|p1a: Dragapult
|-start|p1a: Dragapult|Substitute
|-damage|p1a: Dragapult|36/100
|move|p2a: Enamorus|Moonblast|p1a: Dragapult
|-supereffective|p1a: Dragapult
|-end|p1a: Dragapult|Substitute
|
|-heal|p1a: Dragapult|42/100|[from] item: Leftovers
|-heal|p2a: Enamorus|59/100 par|[from] item: Leftovers
|upkeep
|turn|35
|
|t:|1758995500
|move|p1a: Dragapult|Substitute|p1a: Dragapult
|-start|p1a: Dragapult|Substitute
|-damage|p1a: Dragapult|17/100
|move|p2a: Enamorus|Moonblast|p1a: Dragapult
|-supereffective|p1a: Dragapult
|-end|p1a: Dragapult|Substitute
|
|-heal|p1a: Dragapult|23/100|[from] item: Leftovers
|-heal|p2a: Enamorus|66/100 par|[from] item: Leftovers
|upkeep
|turn|36
|c|☆celestial_dubkun|Ah the ol
|c|☆celestial_dubkun|Get haxed
|c|☆celestial_dubkun|But dont hax
|c|☆celestial_dubkun|Lmao
|-message|celestial_dubkun forfeited.
|
|win|tapu moxo
|raw|celestial_dubkun's rating: 1627 &rarr; <strong>1610</strong><br />(-17 for losing)
|raw|tapu moxo's rating: 1678 &rarr; <strong>1695</strong><br />(+17 for winning)
|l|☆celestial_dubkun
|player|p1|
|c|☆tapu moxo|hahhahasha
|l|☆tapu moxo
|player|p2|
|j|☆tapu moxo
|player|p2|tapu moxo|yellow|
|l|☆tapu moxo
|player|p2|
|j|☆tapu moxo
|player|p2|tapu moxo|yellow|
|l|☆tapu moxo
|player|p2|
