|j|☆Evilmantube
|j|☆idontwearsweaters
|t:|1758954812
|gametype|singles
|player|p1|Evilmantube|blackbelt|1050
|player|p2|idontwearsweaters|lady-gen4|1073
|gen|9
|tier|[Gen 9] OU
|rated|
|rule|HP Percentage Mod: HP is shown in percentages
|rule|Endless Battle Clause: Forcing endless battles is banned
|rule|Species Clause: Limit one of each Pokémon
|rule|OHKO Clause: OHKO moves are banned
|rule|Evasion Items Clause: Evasion items are banned
|rule|Evasion Moves Clause: Evasion moves are banned
|rule|Evasion Abilities Clause: Evasion abilities are banned
|rule|Sleep Moves Clause: Sleep-inducing moves are banned
|clearpoke
|poke|p1|Dragapult, F|
|poke|p1|Gliscor, M|
|poke|p1|Glimmora, F|
|poke|p1|Ninetales-Alola, M|
|poke|p1|Houndstone, F|
|poke|p1|Scyther, F|
|poke|p2|Talonflame, M|
|poke|p2|Pelipper, M|
|poke|p2|Leafeon, F|
|poke|p2|Lurantis, M|
|poke|p2|Quaquaval, M|
|poke|p2|Frosmoth, M|
|teampreview
|inactive|Battle timer is ON: inactive players will automatically lose when time's up. (requested by idontwearsweaters)
|
|t:|1758954833
|teamsize|p1|6
|teamsize|p2|6
|start
|switch|p1a: Glimmora|Glimmora, F|100/100
|switch|p2a: Lippy|Pelipper, M, shiny|100/100
|-weather|RainDance|[from] ability: Drizzle|[of] p2a: Lippy
|turn|1
|
|t:|1758954842
|switch|p1a: Ninetales|Ninetales-Alola, M|100/100
|-weather|Snowscape|[from] ability: Snow Warning|[of] p1a: Ninetales
|move|p2a: Lippy|Hydro Pump|p1a: Ninetales
|-damage|p1a: Ninetales|62/100
|
|-weather|Snowscape|[upkeep]
|upkeep
|turn|2
|
|t:|1758954851
|move|p1a: Ninetales|Aurora Veil|p1a: Ninetales
|-sidestart|p1: Evilmantube|move: Aurora Veil
|move|p2a: Lippy|U-turn|p1a: Ninetales
|-resisted|p1a: Ninetales
|-damage|p1a: Ninetales|61/100
|
|t:|1758954854
|switch|p2a: Frosty|Frosmoth, M, shiny|100/100|[from] U-turn
|
|-weather|Snowscape|[upkeep]
|upkeep
|turn|3
|
|t:|1758954871
|move|p2a: Frosty|Quiver Dance|p2a: Frosty
|-boost|p2a: Frosty|spa|1
|-boost|p2a: Frosty|spd|1
|-boost|p2a: Frosty|spe|1
|move|p1a: Ninetales|Roar|p2a: Frosty
|drag|p2a: Autumn|Leafeon, F, shiny|100/100
|
|-weather|Snowscape|[upkeep]
|upkeep
|turn|4
|
|t:|1758954890
|switch|p1a: Glimmora|Glimmora, F|100/100
|switch|p2a: Frosty|Frosmoth, M, shiny|100/100
|
|-weather|Snowscape|[upkeep]
|upkeep
|turn|5
|
|t:|1758954903
|switch|p2a: Allure|Lurantis, M, shiny|100/100
|move|p1a: Glimmora|Stealth Rock|p2a: Allure
|-sidestart|p2: idontwearsweaters|move: Stealth Rock
|
|-weather|none
|upkeep
|turn|6
|
|t:|1758954912
|move|p1a: Glimmora|Mortal Spin|p2a: Allure
|-supereffective|p2a: Allure
|-damage|p2a: Allure|88/100
|-status|p2a: Allure|psn
|move|p2a: Allure|Leaf Storm|p1a: Glimmora
|-damage|p1a: Glimmora|80/100
|-boost|p2a: Allure|spa|2
|
|-heal|p2a: Allure|94/100 psn|[from] item: Leftovers
|-damage|p2a: Allure|82/100 psn|[from] psn
|upkeep
|turn|7
|
|t:|1758954928
|switch|p1a: Dragapult|Dragapult, F|100/100
|move|p2a: Allure|Leaf Storm|p1a: Dragapult
|-resisted|p1a: Dragapult
|-damage|p1a: Dragapult|76/100
|-boost|p2a: Allure|spa|2
|
|-heal|p2a: Allure|88/100 psn|[from] item: Leftovers
|-damage|p2a: Allure|75/100 psn|[from] psn
|upkeep
|turn|8
|
|t:|1758954937
|move|p1a: Dragapult|U-turn|p2a: Allure
|-supereffective|p2a: Allure
|-damage|p2a: Allure|0 fnt
|faint|p2a: Allure
|-message|idontwearsweaters forfeited.
|
|win|Evilmantube
|raw|Evilmantube's rating: 1050 &rarr; <strong>1085</strong><br />(+35 for winning)
|raw|idontwearsweaters's rating: 1073 &rarr; <strong>1051</strong><br />(-22 for losing)
|l|☆idontwearsweaters
|player|p2|
|l|☆Evilmantube
|player|p1|
