|j|☆Malamar Hater
|j|☆pingotan
|t:|1758942787
|gametype|singles
|player|p1|Malamar Hater|169|1168
|player|p2|pingotan|chuck|1108
|gen|9
|tier|[Gen 9] OU
|rated|
|rule|HP Percentage Mod: HP is shown in percentages
|rule|Endless Battle Clause: Forcing endless battles is banned
|rule|Species Clause: Limit one of each Pokémon
|rule|OHKO Clause: OHKO moves are banned
|rule|Evasion Items Clause: Evasion items are banned
|rule|Evasion Moves Clause: Evasion moves are banned
|rule|Evasion Abilities Clause: Evasion abilities are banned
|rule|Sleep Moves Clause: Sleep-inducing moves are banned
|clearpoke
|poke|p1|Slaking, M|
|poke|p1|Regigigas|
|poke|p1|Pecharunt|
|poke|p1|Porygon-Z|
|poke|p1|Kingambit, M|
|poke|p1|Breloom, M|
|poke|p2|Scizor, M|
|poke|p2|Landorus-Therian, M|
|poke|p2|Kingdra, M|
|poke|p2|Pelipper, M|
|poke|p2|Goodra-Hisui, M|
|poke|p2|Ogerpon-Wellspring, F|
|teampreview
|inactive|Battle timer is ON: inactive players will automatically lose when time's up. (requested by Malamar Hater)
|
|t:|1758942793
|teamsize|p1|6
|teamsize|p2|6
|start
|switch|p1a: Monky|Slaking, M|100/100
|switch|p2a: Passararalho|Pelipper, M|100/100
|-weather|RainDance|[from] ability: Drizzle|[of] p2a: Passararalho
|turn|1
|
|t:|1758942801
|move|p1a: Monky|Giga Impact|p2a: Passararalho|[miss]
|-miss|p1a: Monky|p2a: Passararalho
|move|p2a: Passararalho|Hurricane|p1a: Monky
|-damage|p1a: Monky|62/100
|
|-weather|RainDance|[upkeep]
|upkeep
|turn|2
|c|☆Malamar Hater|wtf
|
|t:|1758942814
|switch|p1a: Exodia with Sars|Regigigas|100/100
|-start|p1a: Exodia with Sars|ability: Slow Start
|switch|p2a: Azulão|Kingdra, M|100/100
|
|-weather|RainDance|[upkeep]
|upkeep
|turn|3
|
|t:|1758942821
|move|p2a: Azulão|Weather Ball|p1a: Exodia with Sars
|-damage|p1a: Exodia with Sars|41/100
|move|p1a: Exodia with Sars|Knock Off|p2a: Azulão
|-damage|p2a: Azulão|80/100
|-enditem|p2a: Azulão|Choice Specs|[from] move: Knock Off|[of] p1a: Exodia with Sars
|
|-weather|RainDance|[upkeep]
|-heal|p1a: Exodia with Sars|48/100|[from] item: Leftovers
|upkeep
|turn|4
|
|t:|1758942831
|move|p1a: Exodia with Sars|Protect|p1a: Exodia with Sars
|-singleturn|p1a: Exodia with Sars|Protect
|move|p2a: Azulão|Weather Ball|p1a: Exodia with Sars
|-activate|p1a: Exodia with Sars|move: Protect
|
|-weather|RainDance|[upkeep]
|-heal|p1a: Exodia with Sars|54/100|[from] item: Leftovers
|upkeep
|turn|5
|
|t:|1758942834
|move|p2a: Azulão|Weather Ball|p1a: Exodia with Sars
|-damage|p1a: Exodia with Sars|14/100
|move|p1a: Exodia with Sars|Body Slam|p2a: Azulão
|-damage|p2a: Azulão|53/100
|
|-weather|RainDance|[upkeep]
|-heal|p1a: Exodia with Sars|20/100|[from] item: Leftovers
|upkeep
|turn|6
|
|t:|1758942844
|move|p1a: Exodia with Sars|Protect|p1a: Exodia with Sars
|-singleturn|p1a: Exodia with Sars|Protect
|move|p2a: Azulão|Hurricane|p1a: Exodia with Sars
|-activate|p1a: Exodia with Sars|move: Protect
|
|-weather|RainDance|[upkeep]
|-heal|p1a: Exodia with Sars|26/100|[from] item: Leftovers
|upkeep
|turn|7
|
|t:|1758942849
|move|p2a: Azulão|Hurricane|p1a: Exodia with Sars
|-damage|p1a: Exodia with Sars|8/100
|move|p1a: Exodia with Sars|Body Slam|p2a: Azulão
|-damage|p2a: Azulão|26/100
|
|-weather|RainDance|[upkeep]
|-heal|p1a: Exodia with Sars|14/100|[from] item: Leftovers
|-end|p1a: Exodia with Sars|Slow Start
|upkeep
|turn|8
|
|t:|1758942861
|move|p1a: Exodia with Sars|Protect|p1a: Exodia with Sars
|-singleturn|p1a: Exodia with Sars|Protect
|move|p2a: Azulão|Flip Turn|p1a: Exodia with Sars
|-activate|p1a: Exodia with Sars|move: Protect
|
|-weather|none
|-heal|p1a: Exodia with Sars|20/100|[from] item: Leftovers
|upkeep
|turn|9
|
|t:|1758942875
|switch|p2a: Passararalho|Pelipper, M|100/100
|-weather|RainDance|[from] ability: Drizzle|[of] p2a: Passararalho
|move|p1a: Exodia with Sars|Body Slam|p2a: Passararalho
|-damage|p2a: Passararalho|66/100
|
|-weather|RainDance|[upkeep]
|-heal|p1a: Exodia with Sars|26/100|[from] item: Leftovers
|upkeep
|turn|10
|
|t:|1758942897
|switch|p2a: Anão|Ogerpon-Wellspring, F|100/100
|move|p1a: Exodia with Sars|Knock Off|p2a: Anão
|-damage|p2a: Anão|72/100
|
|-weather|RainDance|[upkeep]
|-heal|p1a: Exodia with Sars|32/100|[from] item: Leftovers
|upkeep
|turn|11
|
|t:|1758942906
|move|p2a: Anão|Swords Dance|p2a: Anão
|-boost|p2a: Anão|atk|2
|move|p1a: Exodia with Sars|Body Slam|p2a: Anão
|-damage|p2a: Anão|14/100
|
|-weather|RainDance|[upkeep]
|-heal|p1a: Exodia with Sars|39/100|[from] item: Leftovers
|upkeep
|turn|12
|
|t:|1758942914
|move|p1a: Exodia with Sars|Protect|p1a: Exodia with Sars
|-singleturn|p1a: Exodia with Sars|Protect
|move|p2a: Anão|Ivy Cudgel|p1a: Exodia with Sars|[anim] Ivy Cudgel Water
|-activate|p1a: Exodia with Sars|move: Protect
|
|-weather|RainDance|[upkeep]
|-heal|p1a: Exodia with Sars|45/100|[from] item: Leftovers
|upkeep
|turn|13
|
|t:|1758942928
|-terastallize|p2a: Anão|Water
|detailschange|p2a: Anão|Ogerpon-Wellspring-Tera, F, tera:Water
|-ability|p2a: Anão|Embody Aspect (Wellspring)|boost
|-boost|p2a: Anão|spd|1
|move|p2a: Anão|Ivy Cudgel|p1a: Exodia with Sars|[anim] Ivy Cudgel Water
|-damage|p1a: Exodia with Sars|0 fnt
|faint|p1a: Exodia with Sars
|
|-weather|RainDance|[upkeep]
|upkeep
|
|t:|1758942941
|switch|p1a: Obey your Master!|Pecharunt|100/100
|turn|14
|inactive|pingotan has 120 seconds left.
|
|t:|1758942997
|move|p2a: Anão|Power Whip|p1a: Obey your Master!
|-resisted|p1a: Obey your Master!
|-damage|p1a: Obey your Master!|65/100
|move|p1a: Obey your Master!|Night Shade|p2a: Anão
|-damage|p2a: Anão|0 fnt
|faint|p2a: Anão
|detailschange|p2: Anão|Ogerpon-Wellspring, F|[silent]
|
|-weather|RainDance|[upkeep]
|-heal|p1a: Obey your Master!|72/100|[from] item: Leftovers
|upkeep
|
|t:|1758943006
|switch|p2a: Azulão|Kingdra, M|26/100
|turn|15
|
|t:|1758943012
|move|p2a: Azulão|Weather Ball|p1a: Obey your Master!
|-damage|p1a: Obey your Master!|1/100
|move|p1a: Obey your Master!|Night Shade|p2a: Azulão
|-damage|p2a: Azulão|0 fnt
|faint|p2a: Azulão
|
|-weather|RainDance|[upkeep]
|-heal|p1a: Obey your Master!|7/100|[from] item: Leftovers
|upkeep
|
|t:|1758943023
|switch|p2a: Gogoda|Goodra-Hisui, M|100/100
|turn|16
|
|t:|1758943037
|move|p1a: Obey your Master!|Recover|p1a: Obey your Master!
|-heal|p1a: Obey your Master!|57/100
|move|p2a: Gogoda|Flash Cannon|p1a: Obey your Master!
|-damage|p1a: Obey your Master!|19/100
|-unboost|p1a: Obey your Master!|spd|1
|
|-weather|none
|-heal|p1a: Obey your Master!|25/100|[from] item: Leftovers
|upkeep
|turn|17
|
|t:|1758943048
|move|p1a: Obey your Master!|Recover|p1a: Obey your Master!
|-heal|p1a: Obey your Master!|75/100
|move|p2a: Gogoda|Flash Cannon|p1a: Obey your Master!
|-damage|p1a: Obey your Master!|12/100
|
|-heal|p1a: Obey your Master!|18/100|[from] item: Leftovers
|upkeep
|turn|18
|
|t:|1758943061
|move|p1a: Obey your Master!|Recover|p1a: Obey your Master!
|-heal|p1a: Obey your Master!|68/100
|move|p2a: Gogoda|Flash Cannon|p1a: Obey your Master!
|-damage|p1a: Obey your Master!|6/100
|
|-heal|p1a: Obey your Master!|12/100|[from] item: Leftovers
|upkeep
|turn|19
|inactive|pingotan has 120 seconds left.
|
|t:|1758943081
|move|p1a: Obey your Master!|Night Shade|p2a: Gogoda
|-damage|p2a: Gogoda|73/100
|move|p2a: Gogoda|Flash Cannon|p1a: Obey your Master!
|-crit|p1a: Obey your Master!
|-damage|p1a: Obey your Master!|0 fnt
|faint|p1a: Obey your Master!
|
|upkeep
|inactive|Malamar Hater has 120 seconds left.
|
|t:|1758943114
|switch|p1a: Rocky Balboa|Breloom, M|100/100
|turn|20
|
|t:|1758943119
|move|p1a: Rocky Balboa|Swords Dance|p1a: Rocky Balboa
|-boost|p1a: Rocky Balboa|atk|2
|move|p2a: Gogoda|Ice Beam|p1a: Rocky Balboa
|-supereffective|p1a: Rocky Balboa
|-enditem|p1a: Rocky Balboa|Focus Sash
|-damage|p1a: Rocky Balboa|1/100
|
|upkeep
|turn|21
|
|t:|1758943122
|move|p1a: Rocky Balboa|Mach Punch|p2a: Gogoda
|-supereffective|p2a: Gogoda
|-damage|p2a: Gogoda|0 fnt
|faint|p2a: Gogoda
|
|upkeep
|
|t:|1758943126
|switch|p2a: Bulldog|Landorus-Therian, M|100/100
|-ability|p2a: Bulldog|Intimidate|boost
|-unboost|p1a: Rocky Balboa|atk|1
|turn|22
|
|t:|1758943133
|move|p1a: Rocky Balboa|Mach Punch|p2a: Bulldog
|-resisted|p2a: Bulldog
|-damage|p2a: Bulldog|74/100
|move|p2a: Bulldog|Stealth Rock|p1a: Rocky Balboa
|-sidestart|p1: Malamar Hater|move: Stealth Rock
|
|upkeep
|turn|23
|
|t:|1758943139
|move|p2a: Bulldog|Stone Edge|p1a: Rocky Balboa
|-resisted|p1a: Rocky Balboa
|-damage|p1a: Rocky Balboa|0 fnt
|faint|p1a: Rocky Balboa
|
|upkeep
|
|t:|1758943153
|switch|p1a: Windows XP|Porygon-Z|100/100
|-damage|p1a: Windows XP|88/100|[from] Stealth Rock
|turn|24
|
|t:|1758943160
|-terastallize|p1a: Windows XP|Normal
|move|p2a: Bulldog|Earthquake|p1a: Windows XP
|-damage|p1a: Windows XP|0 fnt
|faint|p1a: Windows XP
|
|upkeep
|
|t:|1758943179
|switch|p1a: Monky|Slaking, M|62/100
|-damage|p1a: Monky|50/100|[from] Stealth Rock
|turn|25
|
|t:|1758943186
|move|p1a: Monky|Knock Off|p2a: Bulldog
|-damage|p2a: Bulldog|1/100
|-enditem|p2a: Bulldog|Soft Sand|[from] move: Knock Off|[of] p1a: Monky
|move|p2a: Bulldog|Earthquake|p1a: Monky
|-damage|p1a: Monky|9/100
|
|upkeep
|turn|26
|
|t:|1758943196
|cant|p1a: Monky|ability: Truant
|move|p2a: Bulldog|Stone Edge|p1a: Monky
|-damage|p1a: Monky|0 fnt
|faint|p1a: Monky
|
|upkeep
|
|t:|1758943201
|switch|p1a: Royal Flush|Kingambit, M|100/100
|-damage|p1a: Royal Flush|94/100|[from] Stealth Rock
|-activate|p1a: Royal Flush|ability: Supreme Overlord
|-start|p1a: Royal Flush|fallen5|[silent]
|turn|27
|
|t:|1758943213
|move|p1a: Royal Flush|Sucker Punch|p2a: Bulldog
|-damage|p2a: Bulldog|0 fnt
|faint|p2a: Bulldog
|
|-heal|p1a: Royal Flush|100/100|[from] item: Leftovers
|upkeep
|
|t:|1758943218
|switch|p2a: Cabeleileila|Scizor, M|100/100
|turn|28
|
|t:|1758943221
|move|p2a: Cabeleileila|Swords Dance|p2a: Cabeleileila
|-boost|p2a: Cabeleileila|atk|2
|move|p1a: Royal Flush|Swords Dance|p1a: Royal Flush
|-boost|p1a: Royal Flush|atk|2
|
|upkeep
|turn|29
|
|t:|1758943242
|move|p2a: Cabeleileila|Bullet Punch|p1a: Royal Flush
|-resisted|p1a: Royal Flush
|-damage|p1a: Royal Flush|77/100
|move|p1a: Royal Flush|Kowtow Cleave|p2a: Cabeleileila
|-damage|p2a: Cabeleileila|0 fnt
|faint|p2a: Cabeleileila
|
|-heal|p1a: Royal Flush|83/100|[from] item: Leftovers
|upkeep
|
|t:|1758943248
|switch|p2a: Passararalho|Pelipper, M|66/100
|-weather|RainDance|[from] ability: Drizzle|[of] p2a: Passararalho
|turn|30
|c|☆Malamar Hater|gg
|
|t:|1758943257
|move|p1a: Royal Flush|Kowtow Cleave|p2a: Passararalho
|-damage|p2a: Passararalho|0 fnt
|faint|p2a: Passararalho
|
|win|Malamar Hater
|raw|Malamar Hater's rating: 1168 &rarr; <strong>1189</strong><br />(+21 for winning)
|raw|pingotan's rating: 1108 &rarr; <strong>1087</strong><br />(-21 for losing)
|l|☆pingotan
|player|p2|
