|j|☆TapuTeao
|j|☆noob1877
|t:|1759077118
|gametype|singles
|player|p1|TapuTeao|1|1586
|player|p2|noob1877|169|1675
|gen|9
|tier|[Gen 9] OU
|rated|
|rule|HP Percentage Mod: HP is shown in percentages
|rule|Endless Battle Clause: Forcing endless battles is banned
|rule|Species Clause: Limit one of each Pokémon
|rule|OHKO Clause: OHKO moves are banned
|rule|Evasion Items Clause: Evasion items are banned
|rule|Evasion Moves Clause: Evasion moves are banned
|rule|Evasion Abilities Clause: Evasion abilities are banned
|rule|Sleep Moves Clause: Sleep-inducing moves are banned
|clearpoke
|poke|p1|Necrozma|
|poke|p1|Kingambit, M|
|poke|p1|Samurott-Hisui, M|
|poke|p1|Iron Treads|
|poke|p1|Pecharunt|
|poke|p1|Enamorus, F|
|poke|p2|Ninetales-Alola, F|
|poke|p2|Heatran, M|
|poke|p2|Iron Hands|
|poke|p2|Hatterene, F|
|poke|p2|Tornadus-Therian, M|
|poke|p2|Okidogi, M|
|teampreview
|inactive|Battle timer is ON: inactive players will automatically lose when time's up. (requested by TapuTeao)
|
|t:|1759077133
|teamsize|p1|6
|teamsize|p2|6
|start
|switch|p1a: Kingambit|Kingambit, M|100/100
|switch|p2a: Ninetales|Ninetales-Alola, F|100/100
|-weather|Snowscape|[from] ability: Snow Warning|[of] p2a: Ninetales
|turn|1
|
|t:|1759077141
|move|p2a: Ninetales|Aurora Veil|p2a: Ninetales
|-sidestart|p2: noob1877|move: Aurora Veil
|move|p1a: Kingambit|Iron Head|p2a: Ninetales
|-supereffective|p2a: Ninetales
|-damage|p2a: Ninetales|18/100
|
|-weather|Snowscape|[upkeep]
|upkeep
|turn|2
|
|t:|1759077149
|switch|p2a: Iron Hands|Iron Hands|100/100
|-enditem|p2a: Iron Hands|Booster Energy
|-activate|p2a: Iron Hands|ability: Quark Drive|[fromitem]
|-start|p2a: Iron Hands|quarkdriveatk
|-end|p1a: Kingambit|fallenundefined|[silent]
|switch|p1a: Necrozma|Necrozma|100/100
|
|-weather|Snowscape|[upkeep]
|upkeep
|turn|3
|
|t:|1759077162
|-terastallize|p2a: Iron Hands|Flying
|move|p1a: Necrozma|Photon Geyser|p2a: Iron Hands
|-damage|p2a: Iron Hands|78/100
|move|p2a: Iron Hands|Swords Dance|p2a: Iron Hands
|-boost|p2a: Iron Hands|atk|2
|
|-weather|Snowscape|[upkeep]
|upkeep
|turn|4
|
|t:|1759077173
|move|p1a: Necrozma|Photon Geyser|p2a: Iron Hands
|-damage|p2a: Iron Hands|56/100
|move|p2a: Iron Hands|Thunder Punch|p1a: Necrozma
|-damage|p1a: Necrozma|7/100
|
|-weather|Snowscape|[upkeep]
|upkeep
|turn|5
|
|t:|1759077183
|move|p1a: Necrozma|Photon Geyser|p2a: Iron Hands
|-damage|p2a: Iron Hands|31/100
|move|p2a: Iron Hands|Drain Punch|p1a: Necrozma
|-resisted|p1a: Necrozma
|-damage|p1a: Necrozma|0 fnt
|-heal|p2a: Iron Hands|34/100|[from] drain|[of] p1a: Necrozma
|faint|p1a: Necrozma
|
|-weather|none
|upkeep
|
|t:|1759077194
|switch|p1a: Enamorus|Enamorus, F|100/100
|turn|6
|
|t:|1759077198
|-terastallize|p1a: Enamorus|Stellar
|move|p1a: Enamorus|Tera Blast|p2a: Iron Hands|[anim] Tera Blast Stellar
|-supereffective|p2a: Iron Hands
|-damage|p2a: Iron Hands|0 fnt
|-boost|p1a: Enamorus|atk|1
|-boost|p1a: Enamorus|spa|1
|faint|p2a: Iron Hands
|-end|p2a: Iron Hands|Quark Drive|[silent]
|
|upkeep
|
|t:|1759077207
|switch|p2a: Heatran|Heatran, M|100/100
|turn|7
|
|t:|1759077212
|switch|p1a: Samurott|Samurott-Hisui, M|100/100
|move|p2a: Heatran|Flash Cannon|p1a: Samurott
|-resisted|p1a: Samurott
|-damage|p1a: Samurott|68/100
|
|upkeep
|turn|8
|
|t:|1759077234
|switch|p2a: Okidogi|Okidogi, M|100/100
|move|p1a: Samurott|Ceaseless Edge|p2a: Okidogi
|-resisted|p2a: Okidogi
|-damage|p2a: Okidogi|87/100
|-sidestart|p2: noob1877|Spikes
|
|-heal|p2a: Okidogi|93/100|[from] item: Leftovers
|-sideend|p2: noob1877|move: Aurora Veil
|upkeep
|turn|9
|
|t:|1759077243
|switch|p1a: Pecharunt|Pecharunt|100/100
|-item|p1a: Pecharunt|Air Balloon
|move|p2a: Okidogi|Bulk Up|p2a: Okidogi
|-boost|p2a: Okidogi|atk|1
|-boost|p2a: Okidogi|def|1
|
|-heal|p2a: Okidogi|99/100|[from] item: Leftovers
|upkeep
|turn|10
|
|t:|1759077251
|move|p2a: Okidogi|Bulk Up|p2a: Okidogi
|-boost|p2a: Okidogi|atk|1
|-boost|p2a: Okidogi|def|1
|move|p1a: Pecharunt|Parting Shot|p2a: Okidogi
|-unboost|p2a: Okidogi|atk|1
|-unboost|p2a: Okidogi|spa|1
|
|t:|1759077260
|switch|p1a: Enamorus|Enamorus, F, tera:Stellar|100/100|[from] Parting Shot
|
|-heal|p2a: Okidogi|100/100|[from] item: Leftovers
|upkeep
|turn|11
|
|t:|1759077267
|move|p1a: Enamorus|Earth Power|p2a: Okidogi
|-supereffective|p2a: Okidogi
|-damage|p2a: Okidogi|34/100
|move|p2a: Okidogi|Ice Punch|p1a: Enamorus
|-supereffective|p1a: Enamorus
|-damage|p1a: Enamorus|7/100
|
|-heal|p2a: Okidogi|40/100|[from] item: Leftovers
|upkeep
|turn|12
|
|t:|1759077274
|switch|p2a: Tornadus|Tornadus-Therian, M|100/100
|move|p1a: Enamorus|Earth Power|p2a: Tornadus
|-immune|p2a: Tornadus
|
|upkeep
|turn|13
|
|t:|1759077283
|switch|p1a: Iron Treads|Iron Treads|100/100
|switch|p2a: Ninetales|Ninetales-Alola, F|18/100
|-damage|p2a: Ninetales|5/100|[from] Spikes
|-weather|Snowscape|[from] ability: Snow Warning|[of] p2a: Ninetales
|
|-weather|Snowscape|[upkeep]
|upkeep
|turn|14
|
|t:|1759077296
|move|p2a: Ninetales|Aurora Veil|p2a: Ninetales
|-sidestart|p2: noob1877|move: Aurora Veil
|move|p1a: Iron Treads|Rapid Spin|p2a: Ninetales
|-damage|p2a: Ninetales|0 fnt
|-boost|p1a: Iron Treads|spe|1
|faint|p2a: Ninetales
|
|-weather|Snowscape|[upkeep]
|upkeep
|inactive|noob1877 has 120 seconds left.
|
|t:|1759077337
|switch|p2a: Tornadus|Tornadus-Therian, M|100/100
|turn|15
|
|t:|1759077339
|move|p1a: Iron Treads|Ice Spinner|p2a: Tornadus
|-supereffective|p2a: Tornadus
|-damage|p2a: Tornadus|65/100
|move|p2a: Tornadus|Nasty Plot|p2a: Tornadus
|-boost|p2a: Tornadus|spa|2
|
|-weather|Snowscape|[upkeep]
|upkeep
|turn|16
|
|t:|1759077346
|move|p1a: Iron Treads|Ice Spinner|p2a: Tornadus
|-supereffective|p2a: Tornadus
|-damage|p2a: Tornadus|32/100
|move|p2a: Tornadus|Heat Wave|p1a: Iron Treads
|-supereffective|p1a: Iron Treads
|-damage|p1a: Iron Treads|0 fnt
|faint|p1a: Iron Treads
|-end|p1a: Iron Treads|Quark Drive|[silent]
|-damage|p2a: Tornadus|22/100|[from] item: Life Orb
|
|-weather|Snowscape|[upkeep]
|upkeep
|
|t:|1759077360
|switch|p1a: Enamorus|Enamorus, F, tera:Stellar|7/100
|turn|17
|
|t:|1759077367
|switch|p2a: Heatran|Heatran, M|100/100
|-damage|p2a: Heatran|88/100|[from] Spikes
|move|p1a: Enamorus|Tera Blast|p2a: Heatran|[anim] Tera Blast Stellar
|-damage|p2a: Heatran|68/100
|-boost|p1a: Enamorus|atk|1
|-boost|p1a: Enamorus|spa|1
|
|-weather|none
|upkeep
|turn|18
|
|t:|1759077376
|switch|p1a: Samurott|Samurott-Hisui, M|68/100
|move|p2a: Heatran|Flash Cannon|p1a: Samurott
|-resisted|p1a: Samurott
|-damage|p1a: Samurott|36/100
|
|upkeep
|turn|19
|
|t:|1759077383
|move|p1a: Samurott|Razor Shell|p2a: Heatran|[miss]
|-miss|p1a: Samurott|p2a: Heatran
|move|p2a: Heatran|Magma Storm|p1a: Samurott
|-resisted|p1a: Samurott
|-damage|p1a: Samurott|0 fnt
|faint|p1a: Samurott
|
|upkeep
|c|☆TapuTeao|...
|
|t:|1759077394
|switch|p1a: Enamorus|Enamorus, F, tera:Stellar|7/100
|turn|20
|
|t:|1759077401
|switch|p1a: Kingambit|Kingambit, M|100/100
|-activate|p1a: Kingambit|ability: Supreme Overlord
|-start|p1a: Kingambit|fallen3|[silent]
|move|p2a: Heatran|Flash Cannon|p1a: Kingambit
|-resisted|p1a: Kingambit
|-damage|p1a: Kingambit|80/100
|
|upkeep
|turn|21
|
|t:|1759077415
|move|p1a: Kingambit|Sucker Punch|p2a: Heatran
|-damage|p2a: Heatran|37/100
|move|p2a: Heatran|Magma Storm|p1a: Kingambit
|-supereffective|p1a: Kingambit
|-damage|p1a: Kingambit|0 fnt
|faint|p1a: Kingambit
|-end|p1a: Kingambit|fallen3|[silent]
|
|-sideend|p2: noob1877|move: Aurora Veil
|upkeep
|
|t:|1759077423
|switch|p1a: Enamorus|Enamorus, F, tera:Stellar|7/100
|turn|22
|
|t:|1759077446
|move|p1a: Enamorus|Tera Blast|p2a: Heatran|[anim] Tera Blast Stellar
|-damage|p2a: Heatran|0 fnt
|-boost|p1a: Enamorus|atk|1
|-boost|p1a: Enamorus|spa|1
|faint|p2a: Heatran
|
|upkeep
|
|t:|1759077451
|switch|p2a: Hatterene|Hatterene, F|100/100
|-damage|p2a: Hatterene|88/100|[from] Spikes
|turn|23
|
|t:|1759077455
|switch|p1a: Pecharunt|Pecharunt|100/100
|-item|p1a: Pecharunt|Air Balloon
|move|p2a: Hatterene|Psychic Noise|p1a: Pecharunt
|-supereffective|p1a: Pecharunt
|-damage|p1a: Pecharunt|34/100
|-start|p1a: Pecharunt|move: Heal Block
|-enditem|p1a: Pecharunt|Air Balloon
|
|-heal|p2a: Hatterene|94/100|[from] item: Leftovers
|upkeep
|turn|24
|
|t:|1759077468
|switch|p2a: Tornadus|Tornadus-Therian, M|55/100
|move|p1a: Pecharunt|Malignant Chain|p2a: Tornadus
|-damage|p2a: Tornadus|14/100
|-status|p2a: Tornadus|tox
|-start|p2a: Tornadus|confusion|[from] ability: Poison Puppeteer|[of] p1a: Pecharunt
|
|-damage|p2a: Tornadus|8/100 tox|[from] psn
|-end|p1a: Pecharunt|move: Heal Block
|upkeep
|turn|25
|
|t:|1759077478
|-activate|p2a: Tornadus|confusion
|-damage|p2a: Tornadus|0 fnt|[from] confusion
|faint|p2a: Tornadus
|move|p1a: Pecharunt|Recover|p1a: Pecharunt
|-heal|p1a: Pecharunt|84/100
|
|upkeep
|
|t:|1759077489
|switch|p2a: Okidogi|Okidogi, M|40/100
|-damage|p2a: Okidogi|27/100|[from] Spikes
|turn|26
|
|t:|1759077499
|move|p2a: Okidogi|Knock Off|p1a: Pecharunt
|-supereffective|p1a: Pecharunt
|-damage|p1a: Pecharunt|64/100
|move|p1a: Pecharunt|Hex|p2a: Okidogi
|-damage|p2a: Okidogi|10/100
|
|-heal|p2a: Okidogi|17/100|[from] item: Leftovers
|upkeep
|turn|27
|
|t:|1759077509
|move|p2a: Okidogi|Knock Off|p1a: Pecharunt
|-supereffective|p1a: Pecharunt
|-damage|p1a: Pecharunt|47/100
|move|p1a: Pecharunt|Hex|p2a: Okidogi
|-damage|p2a: Okidogi|1/100
|
|-heal|p2a: Okidogi|7/100|[from] item: Leftovers
|upkeep
|turn|28
|
|t:|1759077517
|move|p2a: Okidogi|Knock Off|p1a: Pecharunt
|-supereffective|p1a: Pecharunt
|-damage|p1a: Pecharunt|29/100
|move|p1a: Pecharunt|Recover|p1a: Pecharunt
|-heal|p1a: Pecharunt|79/100
|
|-heal|p2a: Okidogi|13/100|[from] item: Leftovers
|upkeep
|turn|29
|
|t:|1759077524
|move|p2a: Okidogi|Knock Off|p1a: Pecharunt
|-supereffective|p1a: Pecharunt
|-damage|p1a: Pecharunt|60/100
|move|p1a: Pecharunt|Hex|p2a: Okidogi
|-damage|p2a: Okidogi|0 fnt
|faint|p2a: Okidogi
|
|upkeep
|
|t:|1759077525
|switch|p2a: Hatterene|Hatterene, F|94/100
|-damage|p2a: Hatterene|82/100|[from] Spikes
|turn|30
|
|t:|1759077533
|move|p1a: Pecharunt|Malignant Chain|p2a: Hatterene
|-supereffective|p2a: Hatterene
|-damage|p2a: Hatterene|13/100
|-status|p2a: Hatterene|tox
|-start|p2a: Hatterene|confusion|[from] ability: Poison Puppeteer|[of] p1a: Pecharunt
|-activate|p2a: Hatterene|confusion
|-damage|p2a: Hatterene|6/100 tox|[from] confusion
|
|-heal|p2a: Hatterene|12/100 tox|[from] item: Leftovers
|-damage|p2a: Hatterene|6/100 tox|[from] psn
|upkeep
|turn|31
|c|☆TapuTeao|A CHUPARLAAAAAA
|-message|noob1877 forfeited.
|
|win|TapuTeao
|raw|TapuTeao's rating: 1586 &rarr; <strong>1611</strong><br />(+25 for winning)
|raw|noob1877's rating: 1675 &rarr; <strong>1650</strong><br />(-25 for losing)
|l|☆noob1877
|player|p2|
|l|☆TapuTeao
|player|p1|
