|j|☆Coriolis fell down
|j|☆greendude44
|t:|1759072787
|gametype|singles
|player|p1|Coriolis fell down|2|1326
|player|p2|greendude44|janitor|1322
|gen|9
|tier|[Gen 9] OU
|rated|
|rule|HP Percentage Mod: HP is shown in percentages
|rule|Endless Battle Clause: Forcing endless battles is banned
|rule|Species Clause: Limit one of each Pokémon
|rule|OHKO Clause: OHKO moves are banned
|rule|Evasion Items Clause: Evasion items are banned
|rule|Evasion Moves Clause: Evasion moves are banned
|rule|Evasion Abilities Clause: Evasion abilities are banned
|rule|Sleep Moves Clause: Sleep-inducing moves are banned
|clearpoke
|poke|p1|Gliscor, M|
|poke|p1|Iron Valiant|
|poke|p1|Slowking-Galar, F|
|poke|p1|Dragapult, M|
|poke|p1|Great Tusk|
|poke|p1|Skarmory, F|
|poke|p2|Manaphy|
|poke|p2|Lokix, F|
|poke|p2|Slowking-Galar, M|
|poke|p2|Iron Valiant|
|poke|p2|Landorus-Therian, M|
|poke|p2|Cyclizar, F|
|teampreview
|inactive|Battle timer is ON: inactive players will automatically lose when time's up. (requested by Coriolis fell down)
|
|t:|1759072801
|teamsize|p1|6
|teamsize|p2|6
|start
|switch|p1a: Skarmory|Skarmory, F|100/100
|switch|p2a: hip holster|Landorus-Therian, M|100/100
|-ability|p2a: hip holster|Intimidate|boost
|-unboost|p1a: Skarmory|atk|1
|turn|1
|
|t:|1759072809
|move|p2a: hip holster|Taunt|p1a: Skarmory
|-start|p1a: Skarmory|move: Taunt
|cant|p1a: Skarmory|move: Taunt|Spikes
|
|upkeep
|turn|2
|
|t:|1759072813
|switch|p1a: Gliscor|Gliscor, M|100/100
|move|p2a: hip holster|Stealth Rock|p1a: Gliscor
|-sidestart|p1: Coriolis fell down|move: Stealth Rock
|
|-status|p1a: Gliscor|tox|[from] item: Toxic Orb
|upkeep
|turn|3
|
|t:|1759072818
|move|p2a: hip holster|U-turn|p1a: Gliscor
|-resisted|p1a: Gliscor
|-damage|p1a: Gliscor|91/100 tox
|
|t:|1759072821
|switch|p2a: why won't you DIE|Manaphy|100/100|[from] U-turn
|move|p1a: Gliscor|Knock Off|p2a: why won't you DIE
|-damage|p2a: why won't you DIE|78/100
|-enditem|p2a: why won't you DIE|Leftovers|[from] move: Knock Off|[of] p1a: Gliscor
|
|-heal|p1a: Gliscor|100/100 tox|[from] ability: Poison Heal
|upkeep
|turn|4
|
|t:|1759072831
|switch|p1a: Slowking|Slowking-Galar, F|100/100
|move|p2a: why won't you DIE|Acid Armor|p2a: why won't you DIE
|-boost|p2a: why won't you DIE|def|2
|
|upkeep
|turn|5
|
|t:|1759072836
|move|p2a: why won't you DIE|Acid Armor|p2a: why won't you DIE
|-boost|p2a: why won't you DIE|def|2
|move|p1a: Slowking|Toxic|p2a: why won't you DIE
|-status|p2a: why won't you DIE|tox
|
|-damage|p2a: why won't you DIE|72/100 tox|[from] psn
|upkeep
|turn|6
|
|t:|1759072841
|move|p2a: why won't you DIE|Take Heart|p2a: why won't you DIE
|-boost|p2a: why won't you DIE|spa|1
|-boost|p2a: why won't you DIE|spd|1
|-curestatus|p2a: why won't you DIE|tox|[msg]
|move|p1a: Slowking|Sludge Bomb|p2a: why won't you DIE
|-damage|p2a: why won't you DIE|52/100
|-status|p2a: why won't you DIE|psn
|
|-damage|p2a: why won't you DIE|39/100 psn|[from] psn
|upkeep
|turn|7
|
|t:|1759072847
|move|p2a: why won't you DIE|Take Heart|p2a: why won't you DIE
|-boost|p2a: why won't you DIE|spa|1
|-boost|p2a: why won't you DIE|spd|1
|-curestatus|p2a: why won't you DIE|psn|[msg]
|move|p1a: Slowking|Sludge Bomb|p2a: why won't you DIE
|-damage|p2a: why won't you DIE|26/100
|
|upkeep
|turn|8
|
|t:|1759072851
|move|p2a: why won't you DIE|Stored Power|p1a: Slowking
|-damage|p1a: Slowking|49/100
|move|p1a: Slowking|Sludge Bomb|p2a: why won't you DIE
|-damage|p2a: why won't you DIE|12/100
|
|upkeep
|turn|9
|
|t:|1759072872
|switch|p1a: Dragapult|Dragapult, M|100/100
|move|p2a: why won't you DIE|Stored Power|p1a: Dragapult
|-damage|p1a: Dragapult|0 fnt
|faint|p1a: Dragapult
|
|upkeep
|
|t:|1759072875
|switch|p1a: Slowking|Slowking-Galar, F|82/100
|turn|10
|
|t:|1759072877
|move|p2a: why won't you DIE|Stored Power|p1a: Slowking
|-damage|p1a: Slowking|34/100
|move|p1a: Slowking|Sludge Bomb|p2a: why won't you DIE
|-damage|p2a: why won't you DIE|0 fnt
|faint|p2a: why won't you DIE
|
|upkeep
|
|t:|1759072880
|switch|p2a: vicious cycle|Lokix, F|100/100
|turn|11
|
|t:|1759072885
|switch|p1a: Skarmory|Skarmory, F|100/100
|-damage|p1a: Skarmory|88/100|[from] Stealth Rock
|move|p2a: vicious cycle|U-turn|p1a: Skarmory
|-resisted|p1a: Skarmory
|-damage|p1a: Skarmory|76/100
|-damage|p2a: vicious cycle|84/100|[from] item: Rocky Helmet|[of] p1a: Skarmory
|
|t:|1759072890
|switch|p2a: hip holster|Landorus-Therian, M|100/100|[from] U-turn
|-ability|p2a: hip holster|Intimidate|boost
|-unboost|p1a: Skarmory|atk|1
|
|upkeep
|turn|12
|
|t:|1759072901
|switch|p1a: Great Tusk|Great Tusk|100/100
|move|p2a: hip holster|Taunt|p1a: Great Tusk
|-start|p1a: Great Tusk|move: Taunt
|
|upkeep
|turn|13
|
|t:|1759072905
|move|p2a: hip holster|Earthquake|p1a: Great Tusk
|-damage|p1a: Great Tusk|63/100
|move|p1a: Great Tusk|Ice Spinner|p2a: hip holster
|-supereffective|p2a: hip holster
|-damage|p2a: hip holster|0 fnt
|-damage|p1a: Great Tusk|47/100|[from] item: Rocky Helmet|[of] p2a: hip holster
|faint|p2a: hip holster
|
|upkeep
|
|t:|1759072910
|switch|p2a: back pocket|Iron Valiant|100/100
|-enditem|p2a: back pocket|Booster Energy
|-activate|p2a: back pocket|ability: Quark Drive|[fromitem]
|-start|p2a: back pocket|quarkdrivespe
|turn|14
|
|t:|1759072920
|-end|p1a: Great Tusk|Protosynthesis|[silent]
|switch|p1a: Skarmory|Skarmory, F|76/100
|-damage|p1a: Skarmory|63/100|[from] Stealth Rock
|move|p2a: back pocket|Moonblast|p1a: Skarmory
|-resisted|p1a: Skarmory
|-damage|p1a: Skarmory|32/100
|
|upkeep
|turn|15
|
|t:|1759072924
|move|p2a: back pocket|Moonblast|p1a: Skarmory
|-resisted|p1a: Skarmory
|-damage|p1a: Skarmory|0 fnt
|faint|p1a: Skarmory
|
|upkeep
|
|t:|1759072932
|switch|p1a: Slowking|Slowking-Galar, F|67/100
|turn|16
|
|t:|1759072935
|move|p2a: back pocket|Knock Off|p1a: Slowking
|-supereffective|p1a: Slowking
|-damage|p1a: Slowking|6/100
|-enditem|p1a: Slowking|Heavy-Duty Boots|[from] move: Knock Off|[of] p2a: back pocket
|move|p1a: Slowking|Sludge Bomb|p2a: back pocket
|-supereffective|p2a: back pocket
|-damage|p2a: back pocket|0 fnt
|faint|p2a: back pocket
|-end|p2a: back pocket|Quark Drive|[silent]
|
|upkeep
|
|t:|1759072941
|switch|p2a: vicious cycle|Lokix, F|84/100
|turn|17
|
|t:|1759072945
|-terastallize|p2a: vicious cycle|Bug
|move|p2a: vicious cycle|U-turn|p1a: Slowking
|-damage|p1a: Slowking|0 fnt
|faint|p1a: Slowking
|
|t:|1759072949
|switch|p2a: round and round|Cyclizar, F|100/100|[from] U-turn
|
|upkeep
|
|t:|1759072956
|switch|p1a: Gliscor|Gliscor, M|100/100 tox
|-damage|p1a: Gliscor|88/100 tox|[from] Stealth Rock
|turn|18
|
|t:|1759072960
|move|p2a: round and round|Draco Meteor|p1a: Gliscor
|-damage|p1a: Gliscor|46/100 tox
|-unboost|p2a: round and round|spa|2
|move|p1a: Gliscor|Knock Off|p2a: round and round
|-damage|p2a: round and round|61/100
|-enditem|p2a: round and round|Heavy-Duty Boots|[from] move: Knock Off|[of] p1a: Gliscor
|
|-heal|p1a: Gliscor|58/100 tox|[from] ability: Poison Heal
|upkeep
|turn|19
|
|t:|1759072971
|switch|p2a: vicious cycle|Lokix, F, tera:Bug|84/100
|move|p1a: Gliscor|Protect||[still]
|-fail|p1a: Gliscor
|
|-heal|p1a: Gliscor|70/100 tox|[from] ability: Poison Heal
|upkeep
|turn|20
|
|t:|1759072975
|move|p2a: vicious cycle|Leech Life|p1a: Gliscor
|-resisted|p1a: Gliscor
|-damage|p1a: Gliscor|0 fnt
|-heal|p2a: vicious cycle|100/100|[from] drain|[of] p1a: Gliscor
|faint|p1a: Gliscor
|
|upkeep
|-message|Coriolis fell down forfeited.
|
|win|greendude44
|raw|Coriolis fell down's rating: 1326 &rarr; <strong>1306</strong><br />(-20 for losing)
|raw|greendude44's rating: 1322 &rarr; <strong>1342</strong><br />(+20 for winning)
|l|☆Coriolis fell down
|player|p1|
|l|☆greendude44
|player|p2|
