|badge|p1|bronze|gen9ou|100-6
|html|<div class="broadcast-red"><strong>This battle is required to be public due to one or more player having a season medal.</strong><br />During the public phase, you can discuss the state of the ladder <a href="/seasondiscussion">in a special chatroom.</a></div>
|uhtml|medal-msg|<div class="broadcast-blue">Curious what those medals under the avatar are? PS now has Ladder Seasons! For more information, check out the <a href="https://www.smogon.com/forums/threads/3740067/">thread on Smogon.</a></div>
|badge|p2|silver|gen9ou|30-6
|badge|p2|bronze|gen9doublesou|100-6
|uhtml|medal-msg|<div class="broadcast-blue">Curious what those medals under the avatar are? PS now has Ladder Seasons! For more information, check out the <a href="https://www.smogon.com/forums/threads/3740067/">thread on Smogon.</a></div>
|raw|<div class="broadcast-blue"><strong>This battle is required to be public due to a player having a name starting with 'medal'.</div>
|j|☆shuinifengB
|j|☆lvBreakfast
|t:|1759025769
|gametype|singles
|player|p1|shuinifengB|phoebe-masters|1841
|player|p2|lvBreakfast|psychic-gen4|1923
|gen|9
|tier|[Gen 9] OU
|rated|
|rule|HP Percentage Mod: HP is shown in percentages
|rule|Endless Battle Clause: Forcing endless battles is banned
|rule|Species Clause: Limit one of each Pokémon
|rule|OHKO Clause: OHKO moves are banned
|rule|Evasion Items Clause: Evasion items are banned
|rule|Evasion Moves Clause: Evasion moves are banned
|rule|Evasion Abilities Clause: Evasion abilities are banned
|rule|Sleep Moves Clause: Sleep-inducing moves are banned
|clearpoke
|poke|p1|Ting-Lu|
|poke|p1|Alomomola, F|
|poke|p1|Dondozo, M|
|poke|p1|Gliscor, F|
|poke|p1|Blissey, F|
|poke|p1|Weezing-Galar, M|
|poke|p2|Zapdos|
|poke|p2|Sinistcha|
|poke|p2|Weavile, F|
|poke|p2|Keldeo|
|poke|p2|Goodra-Hisui, F|
|poke|p2|Ting-Lu|
|teampreview
|inactive|Battle timer is ON: inactive players will automatically lose when time's up. (requested by shuinifengB)
|j| lanarey
|j| Tidk
|
|t:|1759025798
|teamsize|p1|6
|teamsize|p2|6
|start
|switch|p1a: Gliscor|Gliscor, F|100/100
|switch|p2a: Weavile|Weavile, F|100/100
|turn|1
|
|t:|1759025812
|move|p1a: Gliscor|Protect|p1a: Gliscor
|-singleturn|p1a: Gliscor|Protect
|move|p2a: Weavile|Icicle Crash|p1a: Gliscor
|-activate|p1a: Gliscor|move: Protect
|
|-status|p1a: Gliscor|tox|[from] item: Toxic Orb
|upkeep
|turn|2
|j| iamadoofus
|j| PrincessGardevoir
|
|t:|1759025841
|switch|p1a: Alomomola|Alomomola, F|100/100
|move|p2a: Weavile|Icicle Crash|p1a: Alomomola
|-resisted|p1a: Alomomola
|-damage|p1a: Alomomola|87/100
|
|upkeep
|turn|3
|
|t:|1759025852
|move|p2a: Weavile|Knock Off|p1a: Alomomola
|-damage|p1a: Alomomola|54/100
|-enditem|p1a: Alomomola|Heavy-Duty Boots|[from] move: Knock Off|[of] p2a: Weavile
|move|p1a: Alomomola|Flip Turn|p2a: Weavile
|-damage|p2a: Weavile|71/100
|j| Rizzofreko
|inactive|shuinifengB has 120 seconds left.
|
|t:|1759025871
|switch|p1a: Weezing|Weezing-Galar, M|100/100|[from] Flip Turn
|-ability|p1a: Weezing|Neutralizing Gas
|
|upkeep
|turn|4
|
|t:|1759025876
|switch|p2a: Sinister Tea ;)|Sinistcha|100/100
|-end|p1a: Weezing|ability: Neutralizing Gas
|switch|p1a: Alomomola|Alomomola, F|87/100
|
|upkeep
|turn|5
|inactive|shuinifengB has 120 seconds left.
|
|t:|1759025896
|switch|p1a: Blissey|Blissey, F|100/100
|move|p2a: Sinister Tea ;)|Calm Mind|p2a: Sinister Tea ;)
|-boost|p2a: Sinister Tea ;)|spa|1
|-boost|p2a: Sinister Tea ;)|spd|1
|
|upkeep
|turn|6
|inactive|shuinifengB has 120 seconds left.
|
|t:|1759025920
|switch|p2a: Ting-Loui|Ting-Lu|100/100
|-ability|p2a: Ting-Loui|Vessel of Ruin
|move|p1a: Blissey|Stealth Rock|p2a: Ting-Loui
|-sidestart|p2: lvBreakfast|move: Stealth Rock
|
|upkeep
|turn|7
|
|t:|1759025925
|switch|p1a: Gliscor|Gliscor, F|100/100 tox
|move|p2a: Ting-Loui|Stealth Rock|p1a: Gliscor
|-sidestart|p1: shuinifengB|move: Stealth Rock
|
|upkeep
|turn|8
|
|t:|1759025930
|move|p1a: Gliscor|Knock Off|p2a: Ting-Loui
|-resisted|p2a: Ting-Loui
|-damage|p2a: Ting-Loui|95/100
|-enditem|p2a: Ting-Loui|Leftovers|[from] move: Knock Off|[of] p1a: Gliscor
|move|p2a: Ting-Loui|Spikes|p1a: Gliscor
|-sidestart|p1: shuinifengB|Spikes
|
|upkeep
|turn|9
|inactive|shuinifengB has 120 seconds left.
|
|t:|1759025938
|move|p1a: Gliscor|Toxic|p2a: Ting-Loui
|-status|p2a: Ting-Loui|tox
|move|p2a: Ting-Loui|Whirlwind|p1a: Gliscor
|drag|p1a: Weezing|Weezing-Galar, M|100/100
|-ability|p1a: Weezing|Neutralizing Gas
|
|-damage|p2a: Ting-Loui|89/100 tox|[from] psn
|upkeep
|turn|10
|inactive|shuinifengB has 120 seconds left.
|
|t:|1759025960
|-end|p1a: Weezing|ability: Neutralizing Gas
|-ability|p2a: Ting-Loui|Vessel of Ruin
|switch|p1a: Alomomola|Alomomola, F|100/100
|-damage|p1a: Alomomola|88/100|[from] Stealth Rock
|-damage|p1a: Alomomola|75/100|[from] Spikes
|move|p2a: Ting-Loui|Earthquake|p1a: Alomomola
|-damage|p1a: Alomomola|52/100
|
|-damage|p2a: Ting-Loui|77/100 tox|[from] psn
|upkeep
|turn|11
|
|t:|1759025970
|switch|p2a: Glue eater|Keldeo, shiny|100/100
|move|p1a: Alomomola|Wish|p1a: Alomomola
|
|upkeep
|turn|12
|inactive|shuinifengB has 120 seconds left.
|
|t:|1759025979
|move|p1a: Alomomola|Protect|p1a: Alomomola
|-singleturn|p1a: Alomomola|Protect
|move|p2a: Glue eater|Aura Sphere|p1a: Alomomola
|-activate|p1a: Alomomola|move: Protect
|
|-heal|p1a: Alomomola|100/100|[from] move: Wish|[wisher] Alomomola
|upkeep
|turn|13
|
|t:|1759025985
|move|p2a: Glue eater|Aura Sphere|p1a: Alomomola
|-damage|p1a: Alomomola|66/100
|move|p1a: Alomomola|Flip Turn|p2a: Glue eater
|-resisted|p2a: Glue eater
|-damage|p2a: Glue eater|91/100
|inactive|shuinifengB has 120 seconds left.
|
|t:|1759025999
|switch|p1a: Blissey|Blissey, F|100/100|[from] Flip Turn
|
|upkeep
|turn|14
|
|t:|1759026003
|switch|p1a: Alomomola|Alomomola, F|99/100
|-damage|p1a: Alomomola|87/100|[from] Stealth Rock
|-damage|p1a: Alomomola|74/100|[from] Spikes
|move|p2a: Glue eater|Flip Turn|p1a: Alomomola
|-resisted|p1a: Alomomola
|-damage|p1a: Alomomola|70/100
|
|t:|1759026007
|switch|p2a: Sinister Tea ;)|Sinistcha|100/100|[from] Flip Turn
|
|upkeep
|turn|15
|inactive|shuinifengB has 120 seconds left.
|
|t:|1759026040
|switch|p1a: Ting-Lu|Ting-Lu|100/100
|-damage|p1a: Ting-Lu|94/100|[from] Stealth Rock
|-damage|p1a: Ting-Lu|82/100|[from] Spikes
|-ability|p1a: Ting-Lu|Vessel of Ruin
|move|p2a: Sinister Tea ;)|Matcha Gotcha|p1a: Ting-Lu
|-supereffective|p1a: Ting-Lu
|-damage|p1a: Ting-Lu|64/100
|
|upkeep
|turn|16
|inactive|shuinifengB has 120 seconds left.
|
|t:|1759026050
|-terastallize|p1a: Ting-Lu|Steel
|move|p2a: Sinister Tea ;)|Calm Mind|p2a: Sinister Tea ;)
|-boost|p2a: Sinister Tea ;)|spa|1
|-boost|p2a: Sinister Tea ;)|spd|1
|move|p1a: Ting-Lu|Ruination|p2a: Sinister Tea ;)
|-damage|p2a: Sinister Tea ;)|51/100
|
|upkeep
|turn|17
|inactive|shuinifengB has 120 seconds left.
|
|t:|1759026056
|move|p2a: Sinister Tea ;)|Strength Sap|p1a: Ting-Lu
|-unboost|p1a: Ting-Lu|atk|1
|-heal|p2a: Sinister Tea ;)|100/100
|move|p1a: Ting-Lu|Snarl|p2a: Sinister Tea ;)
|-supereffective|p2a: Sinister Tea ;)
|-damage|p2a: Sinister Tea ;)|83/100
|-unboost|p2a: Sinister Tea ;)|spa|1
|
|upkeep
|turn|18
|
|t:|1759026059
|move|p2a: Sinister Tea ;)|Shadow Ball|p1a: Ting-Lu
|-damage|p1a: Ting-Lu|55/100
|move|p1a: Ting-Lu|Snarl|p2a: Sinister Tea ;)
|-supereffective|p2a: Sinister Tea ;)
|-damage|p2a: Sinister Tea ;)|66/100
|-unboost|p2a: Sinister Tea ;)|spa|1
|
|upkeep
|turn|19
|l| PrincessGardevoir
|inactive|lvBreakfast has 120 seconds left.
|
|t:|1759026092
|switch|p2a: Ting-Loui|Ting-Lu|77/100 tox
|-damage|p2a: Ting-Loui|70/100 tox|[from] Stealth Rock
|-ability|p2a: Ting-Loui|Vessel of Ruin
|move|p1a: Ting-Lu|Ruination|p2a: Ting-Loui
|-damage|p2a: Ting-Loui|36/100 tox
|
|-damage|p2a: Ting-Loui|29/100 tox|[from] psn
|upkeep
|turn|20
|
|t:|1759026103
|switch|p1a: Alomomola|Alomomola, F|100/100
|-damage|p1a: Alomomola|88/100|[from] Stealth Rock
|-damage|p1a: Alomomola|75/100|[from] Spikes
|move|p2a: Ting-Loui|Earthquake|p1a: Alomomola
|-damage|p1a: Alomomola|51/100
|
|-damage|p2a: Ting-Loui|17/100 tox|[from] psn
|upkeep
|turn|21
|
|t:|1759026107
|switch|p2a: Sinister Tea ;)|Sinistcha|66/100
|move|p1a: Alomomola|Wish|p1a: Alomomola
|
|upkeep
|turn|22
|
|t:|1759026113
|switch|p1a: Ting-Lu|Ting-Lu, tera:Steel|55/100
|-damage|p1a: Ting-Lu|49/100|[from] Stealth Rock
|-damage|p1a: Ting-Lu|37/100|[from] Spikes
|-ability|p1a: Ting-Lu|Vessel of Ruin
|move|p2a: Sinister Tea ;)|Calm Mind|p2a: Sinister Tea ;)
|-boost|p2a: Sinister Tea ;)|spa|1
|-boost|p2a: Sinister Tea ;)|spd|1
|
|-heal|p1a: Ting-Lu|88/100|[from] move: Wish|[wisher] Alomomola
|upkeep
|turn|23
|l| Rizzofreko
|
|t:|1759026117
|move|p2a: Sinister Tea ;)|Shadow Ball|p1a: Ting-Lu
|-damage|p1a: Ting-Lu|74/100
|move|p1a: Ting-Lu|Snarl|p2a: Sinister Tea ;)
|-supereffective|p2a: Sinister Tea ;)
|-crit|p2a: Sinister Tea ;)
|-damage|p2a: Sinister Tea ;)|28/100
|-unboost|p2a: Sinister Tea ;)|spa|1
|
|upkeep
|turn|24
|
|t:|1759026125
|move|p2a: Sinister Tea ;)|Strength Sap|p1a: Ting-Lu
|-unboost|p1a: Ting-Lu|atk|1
|-heal|p2a: Sinister Tea ;)|100/100
|move|p1a: Ting-Lu|Snarl|p2a: Sinister Tea ;)|[miss]
|-miss|p1a: Ting-Lu|p2a: Sinister Tea ;)
|
|upkeep
|turn|25
|
|t:|1759026144
|move|p2a: Sinister Tea ;)|Matcha Gotcha|p1a: Ting-Lu
|-resisted|p1a: Ting-Lu
|-damage|p1a: Ting-Lu|69/100
|move|p1a: Ting-Lu|Snarl|p2a: Sinister Tea ;)
|-supereffective|p2a: Sinister Tea ;)
|-damage|p2a: Sinister Tea ;)|81/100
|-unboost|p2a: Sinister Tea ;)|spa|1
|
|upkeep
|turn|26
|
|t:|1759026152
|move|p2a: Sinister Tea ;)|Matcha Gotcha|p1a: Ting-Lu
|-resisted|p1a: Ting-Lu
|-damage|p1a: Ting-Lu|66/100
|-heal|p2a: Sinister Tea ;)|84/100|[from] drain|[of] p1a: Ting-Lu
|move|p1a: Ting-Lu|Snarl|p2a: Sinister Tea ;)
|-supereffective|p2a: Sinister Tea ;)
|-damage|p2a: Sinister Tea ;)|66/100
|-unboost|p2a: Sinister Tea ;)|spa|1
|
|upkeep
|turn|27
|
|t:|1759026168
|move|p2a: Sinister Tea ;)|Matcha Gotcha|p1a: Ting-Lu
|-resisted|p1a: Ting-Lu
|-damage|p1a: Ting-Lu|64/100
|-heal|p2a: Sinister Tea ;)|67/100|[from] drain|[of] p1a: Ting-Lu
|move|p1a: Ting-Lu|Snarl|p2a: Sinister Tea ;)
|-supereffective|p2a: Sinister Tea ;)
|-damage|p2a: Sinister Tea ;)|49/100
|-unboost|p2a: Sinister Tea ;)|spa|1
|
|upkeep
|turn|28
|
|t:|1759026172
|switch|p1a: Blissey|Blissey, F|100/100
|move|p2a: Sinister Tea ;)|Matcha Gotcha|p1a: Blissey
|-damage|p1a: Blissey|97/100
|-heal|p2a: Sinister Tea ;)|53/100|[from] drain|[of] p1a: Blissey
|
|upkeep
|turn|29
|
|t:|1759026180
|switch|p2a: Weavile|Weavile, F|71/100
|move|p1a: Blissey|Calm Mind|p1a: Blissey
|-boost|p1a: Blissey|spa|1
|-boost|p1a: Blissey|spd|1
|
|upkeep
|turn|30
|
|t:|1759026195
|switch|p1a: Alomomola|Alomomola, F|84/100
|-damage|p1a: Alomomola|72/100|[from] Stealth Rock
|-damage|p1a: Alomomola|59/100|[from] Spikes
|move|p2a: Weavile|Knock Off|p1a: Alomomola
|-damage|p1a: Alomomola|37/100
|
|upkeep
|turn|31
|
|t:|1759026204
|switch|p2a: Sinister Tea ;)|Sinistcha|53/100
|move|p1a: Alomomola|Wish|p1a: Alomomola
|
|upkeep
|turn|32
|
|t:|1759026213
|move|p1a: Alomomola|Protect|p1a: Alomomola
|-singleturn|p1a: Alomomola|Protect
|move|p2a: Sinister Tea ;)|Calm Mind|p2a: Sinister Tea ;)
|-boost|p2a: Sinister Tea ;)|spa|1
|-boost|p2a: Sinister Tea ;)|spd|1
|
|-heal|p1a: Alomomola|87/100|[from] move: Wish|[wisher] Alomomola
|upkeep
|turn|33
|
|t:|1759026217
|switch|p1a: Blissey|Blissey, F|97/100
|move|p2a: Sinister Tea ;)|Matcha Gotcha|p1a: Blissey
|-damage|p1a: Blissey|81/100
|-heal|p2a: Sinister Tea ;)|68/100|[from] drain|[of] p1a: Blissey
|
|upkeep
|turn|34
|
|t:|1759026220
|move|p2a: Sinister Tea ;)|Matcha Gotcha|p1a: Blissey
|-damage|p1a: Blissey|67/100
|-heal|p2a: Sinister Tea ;)|82/100|[from] drain|[of] p1a: Blissey
|move|p1a: Blissey|Calm Mind|p1a: Blissey
|-boost|p1a: Blissey|spa|1
|-boost|p1a: Blissey|spd|1
|
|upkeep
|turn|35
|j| Luteplayz97
|
|t:|1759026239
|move|p2a: Sinister Tea ;)|Calm Mind|p2a: Sinister Tea ;)
|-boost|p2a: Sinister Tea ;)|spa|1
|-boost|p2a: Sinister Tea ;)|spd|1
|move|p1a: Blissey|Calm Mind|p1a: Blissey
|-boost|p1a: Blissey|spa|1
|-boost|p1a: Blissey|spd|1
|
|upkeep
|turn|36
|
|t:|1759026243
|switch|p2a: Goodra|Goodra-Hisui, F|100/100
|-damage|p2a: Goodra|94/100|[from] Stealth Rock
|move|p1a: Blissey|Calm Mind|p1a: Blissey
|-boost|p1a: Blissey|spa|1
|-boost|p1a: Blissey|spd|1
|
|upkeep
|turn|37
|l| Luteplayz97
|
|t:|1759026249
|switch|p1a: Alomomola|Alomomola, F|100/100
|-damage|p1a: Alomomola|88/100|[from] Stealth Rock
|-damage|p1a: Alomomola|75/100|[from] Spikes
|move|p2a: Goodra|Knock Off|p1a: Alomomola
|-damage|p1a: Alomomola|66/100
|
|upkeep
|turn|38
|j| Luteplayz97
|
|t:|1759026260
|move|p1a: Alomomola|Protect|p1a: Alomomola
|-singleturn|p1a: Alomomola|Protect
|move|p2a: Goodra|Sludge Bomb|p1a: Alomomola
|-activate|p1a: Alomomola|move: Protect
|
|upkeep
|turn|39
|
|t:|1759026273
|move|p1a: Alomomola|Wish|p1a: Alomomola
|move|p2a: Goodra|Dragon Tail|p1a: Alomomola
|-damage|p1a: Alomomola|55/100
|drag|p1a: Gliscor|Gliscor, F|100/100 tox
|-damage|p1a: Gliscor|88/100 tox|[from] Stealth Rock
|
|-heal|p1a: Gliscor|100/100 tox|[from] ability: Poison Heal
|upkeep
|turn|40
|j| tiochicodobos
|inactive|shuinifengB has 120 seconds left.
|
|t:|1759026307
|move|p1a: Gliscor|Protect|p1a: Gliscor
|-singleturn|p1a: Gliscor|Protect
|move|p2a: Goodra|Dragon Tail|p1a: Gliscor
|-activate|p1a: Gliscor|move: Protect
|
|upkeep
|turn|41
|
|t:|1759026312
|switch|p1a: Alomomola|Alomomola, F|88/100
|-damage|p1a: Alomomola|75/100|[from] Stealth Rock
|-damage|p1a: Alomomola|63/100|[from] Spikes
|move|p2a: Goodra|Dragon Tail|p1a: Alomomola
|-damage|p1a: Alomomola|50/100
|drag|p1a: Blissey|Blissey, F|67/100
|
|upkeep
|turn|42
|
|t:|1759026322
|switch|p1a: Gliscor|Gliscor, F|100/100 tox
|-damage|p1a: Gliscor|88/100 tox|[from] Stealth Rock
|move|p2a: Goodra|Knock Off|p1a: Gliscor
|-damage|p1a: Gliscor|76/100 tox
|-enditem|p1a: Gliscor|Toxic Orb|[from] move: Knock Off|[of] p2a: Goodra
|
|-heal|p1a: Gliscor|89/100 tox|[from] ability: Poison Heal
|upkeep
|turn|43
|
|t:|1759026326
|move|p1a: Gliscor|Protect|p1a: Gliscor
|-singleturn|p1a: Gliscor|Protect
|move|p2a: Goodra|Dragon Tail|p1a: Gliscor
|-activate|p1a: Gliscor|move: Protect
|
|-heal|p1a: Gliscor|100/100 tox|[from] ability: Poison Heal
|upkeep
|turn|44
|
|t:|1759026351
|switch|p1a: Alomomola|Alomomola, F|84/100
|-damage|p1a: Alomomola|71/100|[from] Stealth Rock
|-damage|p1a: Alomomola|59/100|[from] Spikes
|move|p2a: Goodra|Dragon Tail|p1a: Alomomola
|-crit|p1a: Alomomola
|-damage|p1a: Alomomola|40/100
|drag|p1a: Blissey|Blissey, F|67/100
|
|upkeep
|turn|45
|j| chaintrainalt
|
|t:|1759026360
|switch|p1a: Gliscor|Gliscor, F|100/100 tox
|-damage|p1a: Gliscor|88/100 tox|[from] Stealth Rock
|move|p2a: Goodra|Knock Off|p1a: Gliscor
|-damage|p1a: Gliscor|80/100 tox
|
|-heal|p1a: Gliscor|92/100 tox|[from] ability: Poison Heal
|upkeep
|turn|46
|
|t:|1759026369
|move|p1a: Gliscor|Protect|p1a: Gliscor
|-singleturn|p1a: Gliscor|Protect
|move|p2a: Goodra|Dragon Tail|p1a: Gliscor
|-activate|p1a: Gliscor|move: Protect
|
|-heal|p1a: Gliscor|100/100 tox|[from] ability: Poison Heal
|upkeep
|turn|47
|j| wyjmjl
|
|t:|1759026393
|switch|p1a: Alomomola|Alomomola, F|73/100
|-damage|p1a: Alomomola|61/100|[from] Stealth Rock
|-damage|p1a: Alomomola|48/100|[from] Spikes
|move|p2a: Goodra|Dragon Tail|p1a: Alomomola
|-damage|p1a: Alomomola|35/100
|drag|p1a: Blissey|Blissey, F|67/100
|
|upkeep
|turn|48
|
|t:|1759026400
|switch|p1a: Gliscor|Gliscor, F|100/100 tox
|-damage|p1a: Gliscor|88/100 tox|[from] Stealth Rock
|move|p2a: Goodra|Knock Off|p1a: Gliscor
|-damage|p1a: Gliscor|80/100 tox
|
|-heal|p1a: Gliscor|93/100 tox|[from] ability: Poison Heal
|upkeep
|turn|49
|
|t:|1759026407
|move|p1a: Gliscor|Knock Off|p2a: Goodra
|-damage|p2a: Goodra|76/100
|-enditem|p2a: Goodra|Assault Vest|[from] move: Knock Off|[of] p1a: Gliscor
|move|p2a: Goodra|Dragon Tail|p1a: Gliscor|[miss]
|-miss|p2a: Goodra|p1a: Gliscor
|
|-heal|p1a: Gliscor|100/100 tox|[from] ability: Poison Heal
|upkeep
|turn|50
|
|t:|1759026422
|switch|p1a: Weezing|Weezing-Galar, M|100/100
|-ability|p1a: Weezing|Neutralizing Gas
|move|p2a: Goodra|Knock Off|p1a: Weezing
|-resisted|p1a: Weezing
|-damage|p1a: Weezing|94/100
|-enditem|p1a: Weezing|Heavy-Duty Boots|[from] move: Knock Off|[of] p2a: Goodra
|
|upkeep
|turn|51
|l| chaintrainalt
|
|t:|1759026434
|switch|p2a: Sinister Tea ;)|Sinistcha|82/100
|move|p1a: Weezing|Defog|p2a: Sinister Tea ;)
|-unboost|p2a: Sinister Tea ;)|evasion|1
|-sideend|p2: lvBreakfast|Stealth Rock|[from] move: Defog|[of] p1a: Weezing
|-sideend|p1: shuinifengB|Spikes|[from] move: Defog|[of] p1a: Weezing
|-sideend|p1: shuinifengB|Stealth Rock|[from] move: Defog|[of] p1a: Weezing
|
|upkeep
|turn|52
|
|t:|1759026443
|move|p2a: Sinister Tea ;)|Calm Mind|p2a: Sinister Tea ;)
|-boost|p2a: Sinister Tea ;)|spa|1
|-boost|p2a: Sinister Tea ;)|spd|1
|move|p1a: Weezing|Sludge Bomb|p2a: Sinister Tea ;)
|-damage|p2a: Sinister Tea ;)|60/100
|-status|p2a: Sinister Tea ;)|psn
|
|-damage|p2a: Sinister Tea ;)|48/100 psn|[from] psn
|upkeep
|turn|53
|
|t:|1759026449
|-end|p1a: Weezing|ability: Neutralizing Gas
|switch|p1a: Blissey|Blissey, F|67/100
|move|p2a: Sinister Tea ;)|Matcha Gotcha|p1a: Blissey
|-damage|p1a: Blissey|51/100
|-heal|p2a: Sinister Tea ;)|62/100 psn|[from] drain|[of] p1a: Blissey
|
|-damage|p2a: Sinister Tea ;)|50/100 psn|[from] psn
|upkeep
|turn|54
|
|t:|1759026458
|move|p2a: Sinister Tea ;)|Matcha Gotcha|p1a: Blissey
|-damage|p1a: Blissey|36/100
|-heal|p2a: Sinister Tea ;)|64/100 psn|[from] drain|[of] p1a: Blissey
|move|p1a: Blissey|Stealth Rock|p2a: Sinister Tea ;)
|-sidestart|p2: lvBreakfast|move: Stealth Rock
|
|-damage|p2a: Sinister Tea ;)|51/100 psn|[from] psn
|upkeep
|turn|55
|
|t:|1759026464
|move|p2a: Sinister Tea ;)|Matcha Gotcha|p1a: Blissey
|-damage|p1a: Blissey|21/100
|-heal|p2a: Sinister Tea ;)|66/100 psn|[from] drain|[of] p1a: Blissey
|move|p1a: Blissey|Soft-Boiled|p1a: Blissey
|-heal|p1a: Blissey|71/100
|
|-damage|p2a: Sinister Tea ;)|53/100 psn|[from] psn
|upkeep
|turn|56
|
|t:|1759026470
|move|p2a: Sinister Tea ;)|Calm Mind|p2a: Sinister Tea ;)
|-boost|p2a: Sinister Tea ;)|spa|1
|-boost|p2a: Sinister Tea ;)|spd|1
|move|p1a: Blissey|Calm Mind|p1a: Blissey
|-boost|p1a: Blissey|spa|1
|-boost|p1a: Blissey|spd|1
|
|-damage|p2a: Sinister Tea ;)|41/100 psn|[from] psn
|upkeep
|turn|57
|
|t:|1759026474
|move|p2a: Sinister Tea ;)|Matcha Gotcha|p1a: Blissey
|-damage|p1a: Blissey|58/100
|-heal|p2a: Sinister Tea ;)|54/100 psn|[from] drain|[of] p1a: Blissey
|move|p1a: Blissey|Calm Mind|p1a: Blissey
|-boost|p1a: Blissey|spa|1
|-boost|p1a: Blissey|spd|1
|
|-damage|p2a: Sinister Tea ;)|41/100 psn|[from] psn
|upkeep
|turn|58
|
|t:|1759026479
|switch|p2a: Weavile|Weavile, F|71/100
|move|p1a: Blissey|Soft-Boiled|p1a: Blissey
|-heal|p1a: Blissey|100/100
|
|upkeep
|turn|59
|l| wyjmjl
|
|t:|1759026488
|switch|p1a: Alomomola|Alomomola, F|68/100
|move|p2a: Weavile|Knock Off|p1a: Alomomola
|-damage|p1a: Alomomola|45/100
|
|upkeep
|turn|60
|
|t:|1759026494
|switch|p2a: Lil emolga|Zapdos|100/100
|move|p1a: Alomomola|Wish|p1a: Alomomola
|
|upkeep
|turn|61
|-message|lvBreakfast forfeited.
|
|win|shuinifengB
|raw|shuinifengB's rating: 1841 &rarr; <strong>1866</strong><br />(+25 for winning)
|raw|lvBreakfast's rating: 1923 &rarr; <strong>1898</strong><br />(-25 for losing)
|l|☆lvBreakfast
|player|p2|
|l|☆shuinifengB
|player|p1|
|l| lanarey
|l| Luteplayz97
|l| tiochicodobos
|j|☆shuinifengB
|player|p1|shuinifengB|phoebe-masters|
|l|☆shuinifengB
|player|p1|
|l| iamadoofus
|l| Tidk
|j|☆shuinifengB
|player|p1|shuinifengB|phoebe-masters|
