|j|☆WeRrsome
|j|‽Pyroath
|t:|1759042398
|gametype|singles
|player|p1|WeRrsome|1|1532
|player|p2|Pyroath|170|1606
|gen|9
|tier|[Gen 9] OU
|rated|
|rule|HP Percentage Mod: HP is shown in percentages
|rule|Endless Battle Clause: Forcing endless battles is banned
|rule|Species Clause: Limit one of each Pokémon
|rule|OHKO Clause: OHKO moves are banned
|rule|Evasion Items Clause: Evasion items are banned
|rule|Evasion Moves Clause: Evasion moves are banned
|rule|Evasion Abilities Clause: Evasion abilities are banned
|rule|Sleep Moves Clause: Sleep-inducing moves are banned
|clearpoke
|poke|p1|Araquanid, M|
|poke|p1|Dragonite, F|
|poke|p1|Magnezone|
|poke|p1|Landorus-Therian, M|
|poke|p1|Iron Treads|
|poke|p1|Gengar, F|
|poke|p2|Greninja-*, M|
|poke|p2|Hydrapple, M|
|poke|p2|Slowking-Galar, M|
|poke|p2|Lokix, F|
|poke|p2|Moltres|
|poke|p2|Great Tusk|
|teampreview
|inactive|Battle timer is ON: inactive players will automatically lose when time's up. (requested by WeRrsome)
|
|t:|1759042415
|teamsize|p1|6
|teamsize|p2|6
|start
|switch|p1a: Landorus|Landorus-Therian, M|100/100
|switch|p2a: Hydrapple|Hydrapple, M|100/100
|-ability|p1a: Landorus|Intimidate|boost
|-unboost|p2a: Hydrapple|atk|1
|turn|1
|
|t:|1759042418
|move|p1a: Landorus|U-turn|p2a: Hydrapple
|-supereffective|p2a: Hydrapple
|-damage|p2a: Hydrapple|60/100
|
|t:|1759042420
|switch|p1a: Magnezone|Magnezone|100/100|[from] U-turn
|move|p2a: Hydrapple|Fickle Beam|p1a: Magnezone
|-resisted|p1a: Magnezone
|-damage|p1a: Magnezone|67/100
|
|upkeep
|turn|2
|
|t:|1759042424
|move|p1a: Magnezone|Flash Cannon|p2a: Hydrapple
|-damage|p2a: Hydrapple|0 fnt
|faint|p2a: Hydrapple
|
|upkeep
|
|t:|1759042428
|switch|p2a: Great Tusk|Great Tusk|100/100
|turn|3
|
|t:|1759042431
|move|p2a: Great Tusk|Headlong Rush|p1a: Magnezone
|-supereffective|p1a: Magnezone
|-damage|p1a: Magnezone|0 fnt
|-unboost|p2a: Great Tusk|def|1
|-unboost|p2a: Great Tusk|spd|1
|faint|p1a: Magnezone
|
|upkeep
|
|t:|1759042435
|switch|p1a: Araquanid|Araquanid, M|100/100
|turn|4
|
|t:|1759042441
|-end|p2a: Great Tusk|Protosynthesis|[silent]
|switch|p2a: Lokix|Lokix, F|100/100
|move|p1a: Araquanid|Liquidation|p2a: Lokix
|-damage|p2a: Lokix|9/100
|
|upkeep
|turn|5
|
|t:|1759042445
|switch|p1a: Dragonite|Dragonite, F|100/100
|move|p2a: Lokix|U-turn|p1a: Dragonite
|-resisted|p1a: Dragonite
|-damage|p1a: Dragonite|84/100
|-damage|p2a: Lokix|0 fnt|[from] item: Rocky Helmet|[of] p1a: Dragonite
|faint|p2a: Lokix
|
|upkeep
|
|t:|1759042448
|switch|p2a: Great Tusk|Great Tusk|100/100
|turn|6
|
|t:|1759042457
|switch|p1a: Araquanid|Araquanid, M|100/100
|move|p2a: Great Tusk|Ice Spinner|p1a: Araquanid
|-resisted|p1a: Araquanid
|-damage|p1a: Araquanid|85/100
|
|upkeep
|turn|7
|
|t:|1759042461
|-end|p2a: Great Tusk|Protosynthesis|[silent]
|switch|p2a: Slowking|Slowking-Galar, M|100/100
|move|p1a: Araquanid|Liquidation|p2a: Slowking
|-damage|p2a: Slowking|37/100
|
|upkeep
|turn|8
|
|t:|1759042465
|move|p1a: Araquanid|Liquidation|p2a: Slowking
|-damage|p2a: Slowking|0 fnt
|faint|p2a: Slowking
|
|upkeep
|
|t:|1759042468
|switch|p2a: Moltres|Moltres|100/100
|turn|9
|
|t:|1759042470
|move|p2a: Moltres|Flamethrower|p1a: Araquanid
|-damage|p1a: Araquanid|69/100
|move|p1a: Araquanid|Liquidation|p2a: Moltres
|-supereffective|p2a: Moltres
|-damage|p2a: Moltres|19/100
|
|upkeep
|turn|10
|
|t:|1759042472
|move|p2a: Moltres|Flamethrower|p1a: Araquanid
|-damage|p1a: Araquanid|53/100
|move|p1a: Araquanid|Liquidation|p2a: Moltres
|-supereffective|p2a: Moltres
|-damage|p2a: Moltres|0 fnt
|faint|p2a: Moltres
|
|upkeep
|
|t:|1759042483
|switch|p2a: Great Tusk|Great Tusk|100/100
|turn|11
|
|t:|1759042489
|move|p2a: Great Tusk|Headlong Rush|p1a: Araquanid
|-resisted|p1a: Araquanid
|-damage|p1a: Araquanid|19/100
|-unboost|p2a: Great Tusk|def|1
|-unboost|p2a: Great Tusk|spd|1
|move|p1a: Araquanid|Sticky Web|p2a: Great Tusk
|-sidestart|p2: Pyroath|move: Sticky Web
|
|upkeep
|turn|12
|
|t:|1759042492
|switch|p1a: Gengar|Gengar, F|100/100
|move|p2a: Great Tusk|Rapid Spin|p1a: Gengar
|-immune|p1a: Gengar
|
|upkeep
|turn|13
|
|t:|1759042497
|move|p1a: Gengar|Shadow Ball|p2a: Great Tusk
|-crit|p2a: Great Tusk
|-damage|p2a: Great Tusk|0 fnt
|faint|p2a: Great Tusk
|-end|p2a: Great Tusk|Protosynthesis|[silent]
|
|upkeep
|
|t:|1759042499
|switch|p2a: Greninja|Greninja, M|100/100
|-activate|p2a: Greninja|move: Sticky Web
|-unboost|p2a: Greninja|spe|1
|turn|14
|
|t:|1759042503
|move|p1a: Gengar|Shadow Ball|p2a: Greninja
|-resisted|p2a: Greninja
|-damage|p2a: Greninja|50/100
|move|p2a: Greninja|Dark Pulse|p1a: Gengar
|-supereffective|p1a: Gengar
|-damage|p1a: Gengar|0 fnt
|-start|p2a: Greninja|Disable|Dark Pulse|[from] ability: Cursed Body|[of] p1a: Gengar
|faint|p1a: Gengar
|-ability|p2a: Greninja|Battle Bond|boost
|-boost|p2a: Greninja|atk|1
|-boost|p2a: Greninja|spa|1
|-boost|p2a: Greninja|spe|1
|-activate|p2a: Greninja|ability: Battle Bond
|-damage|p2a: Greninja|40/100|[from] item: Life Orb
|
|upkeep
|
|t:|1759042506
|switch|p1a: Landorus|Landorus-Therian, M|100/100
|-ability|p1a: Landorus|Intimidate|boost
|-unboost|p2a: Greninja|atk|1
|turn|15
|
|t:|1759042510
|move|p2a: Greninja|Water Shuriken|p1a: Landorus
|-supereffective|p1a: Landorus
|-damage|p1a: Landorus|69/100
|-supereffective|p1a: Landorus
|-damage|p1a: Landorus|32/100
|-supereffective|p1a: Landorus
|-damage|p1a: Landorus|0 fnt
|faint|p1a: Landorus
|-hitcount|p1: Landorus|3
|-damage|p2a: Greninja|30/100|[from] item: Life Orb
|
|upkeep
|
|t:|1759042519
|switch|p1a: Iron Treads|Iron Treads|100/100
|turn|16
|
|t:|1759042524
|move|p2a: Greninja|Hydro Pump|p1a: Iron Treads|[miss]
|-miss|p2a: Greninja|p1a: Iron Treads
|move|p1a: Iron Treads|Earthquake|p2a: Greninja
|-damage|p2a: Greninja|0 fnt
|faint|p2a: Greninja
|
|win|WeRrsome
|raw|WeRrsome's rating: 1532 &rarr; <strong>1556</strong><br />(+24 for winning)
|raw|Pyroath's rating: 1606 &rarr; <strong>1582</strong><br />(-24 for losing)
|l|‽Pyroath
|player|p2|
|l|☆WeRrsome
|player|p1|
