|badge|p2|silver|gen9ou|30-6
|html|<div class="broadcast-red"><strong>This battle is required to be public due to one or more player having a season medal.</strong><br />During the public phase, you can discuss the state of the ladder <a href="/seasondiscussion">in a special chatroom.</a></div>
|uhtml|medal-msg|<div class="broadcast-blue">Curious what those medals under the avatar are? PS now has Ladder Seasons! For more information, check out the <a href="https://www.smogon.com/forums/threads/3740067/">thread on Smogon.</a></div>
|raw|<div class="broadcast-blue"><strong>This battle is required to be public due to a player having a name starting with 'medal'.</div>
|j|‽somewholesometoast
|j|☆Light SV
|t:|1759001161
|gametype|singles
|player|p1|somewholesometoast|lady|1670
|player|p2|Light SV|blue-gen7|1893
|gen|9
|tier|[Gen 9] OU
|rated|
|rule|HP Percentage Mod: HP is shown in percentages
|rule|Endless Battle Clause: Forcing endless battles is banned
|rule|Species Clause: Limit one of each Pokémon
|rule|OHKO Clause: OHKO moves are banned
|rule|Evasion Items Clause: Evasion items are banned
|rule|Evasion Moves Clause: Evasion moves are banned
|rule|Evasion Abilities Clause: Evasion abilities are banned
|rule|Sleep Moves Clause: Sleep-inducing moves are banned
|clearpoke
|poke|p1|Zamazenta-*|
|poke|p1|Weezing-Galar, F|
|poke|p1|Ting-Lu|
|poke|p1|Rillaboom, F|
|poke|p1|Iron Crown|
|poke|p1|Zapdos|
|poke|p2|Primarina, F|
|poke|p2|Ogerpon-Wellspring, F|
|poke|p2|Dragapult, F|
|poke|p2|Maushold|
|poke|p2|Kingambit, F|
|poke|p2|Kyurem|
|teampreview
|inactive|Battle timer is ON: inactive players will automatically lose when time's up. (requested by Light SV)
|inactive|somewholesometoast has 120 seconds left.
|
|t:|1759001194
|teamsize|p1|6
|teamsize|p2|6
|start
|switch|p1a: Iron Crown|Iron Crown|100/100
|switch|p2a: Dragapult|Dragapult, F|100/100
|turn|1
|
|t:|1759001206
|move|p2a: Dragapult|Thunder Wave|p1a: Iron Crown
|-status|p1a: Iron Crown|par
|move|p1a: Iron Crown|Volt Switch|p2a: Dragapult
|-resisted|p2a: Dragapult
|-damage|p2a: Dragapult|74/100
|
|t:|1759001218
|-end|p1a: Iron Crown|Quark Drive|[silent]
|switch|p1a: Zapdos|Zapdos|100/100|[from] Volt Switch
|
|upkeep
|turn|2
|
|t:|1759001222
|move|p2a: Dragapult|Will-O-Wisp|p1a: Zapdos
|-status|p1a: Zapdos|brn
|move|p1a: Zapdos|Thunder Wave|p2a: Dragapult
|-status|p2a: Dragapult|par
|
|-damage|p1a: Zapdos|94/100 brn|[from] brn
|upkeep
|turn|3
|
|t:|1759001226
|move|p1a: Zapdos|Hurricane|p2a: Dragapult
|-damage|p2a: Dragapult|7/100 par
|-start|p2a: Dragapult|confusion
|-activate|p2a: Dragapult|confusion
|-damage|p2a: Dragapult|0 fnt|[from] confusion
|faint|p2a: Dragapult
|
|-damage|p1a: Zapdos|88/100 brn|[from] brn
|upkeep
|
|t:|1759001232
|switch|p2a: Kyurem|Kyurem|100/100
|-ability|p2a: Kyurem|Pressure
|turn|4
|
|t:|1759001250
|move|p2a: Kyurem|Icicle Spear|p1a: Zapdos
|-supereffective|p1a: Zapdos
|-damage|p1a: Zapdos|68/100 brn
|-supereffective|p1a: Zapdos
|-damage|p1a: Zapdos|47/100 brn
|-supereffective|p1a: Zapdos
|-damage|p1a: Zapdos|28/100 brn
|-supereffective|p1a: Zapdos
|-damage|p1a: Zapdos|8/100 brn
|-hitcount|p1a: Zapdos|4
|move|p1a: Zapdos|Thunder Wave|p2a: Kyurem
|-status|p2a: Kyurem|par
|
|-damage|p1a: Zapdos|2/100 brn|[from] brn
|upkeep
|turn|5
|
|t:|1759001255
|move|p1a: Zapdos|Hurricane|p2a: Kyurem
|-damage|p2a: Kyurem|47/100 par
|-start|p2a: Kyurem|confusion
|-activate|p2a: Kyurem|confusion
|move|p2a: Kyurem|Icicle Spear|p1a: Zapdos
|-supereffective|p1a: Zapdos
|-damage|p1a: Zapdos|0 fnt
|faint|p1a: Zapdos
|-hitcount|p1: Zapdos|1
|
|upkeep
|
|t:|1759001282
|switch|p1a: Zamazenta|Zamazenta, shiny|100/100
|-ability|p1a: Zamazenta|Dauntless Shield|boost
|-boost|p1a: Zamazenta|def|1
|turn|6
|
|t:|1759001287
|switch|p2a: Primarina|Primarina, F|100/100
|move|p1a: Zamazenta|Close Combat|p2a: Primarina
|-resisted|p2a: Primarina
|-damage|p2a: Primarina|66/100
|-unboost|p1a: Zamazenta|def|1
|-unboost|p1a: Zamazenta|spd|1
|-damage|p1a: Zamazenta|91/100|[from] item: Life Orb
|
|-heal|p2a: Primarina|72/100|[from] item: Leftovers
|upkeep
|turn|7
|
|t:|1759001292
|switch|p1a: Iron Crown|Iron Crown|100/100 par
|move|p2a: Primarina|Draining Kiss|p1a: Iron Crown
|-resisted|p1a: Iron Crown
|-damage|p1a: Iron Crown|90/100 par
|-heal|p2a: Primarina|79/100|[from] drain|[of] p1a: Iron Crown
|
|-heal|p2a: Primarina|85/100|[from] item: Leftovers
|upkeep
|turn|8
|
|t:|1759001296
|switch|p2a: Ogerpon|Ogerpon-Wellspring, F|100/100
|cant|p1a: Iron Crown|par
|
|upkeep
|turn|9
|
|t:|1759001299
|move|p2a: Ogerpon|Ivy Cudgel|p1a: Iron Crown|[anim] Ivy Cudgel Water
|-damage|p1a: Iron Crown|24/100 par
|move|p1a: Iron Crown|Volt Switch|p2a: Ogerpon
|-damage|p2a: Ogerpon|60/100
|
|t:|1759001303
|-end|p1a: Iron Crown|Quark Drive|[silent]
|switch|p1a: Zamazenta|Zamazenta, shiny|91/100|[from] Volt Switch
|
|upkeep
|turn|10
|
|t:|1759001310
|switch|p2a: Kyurem|Kyurem|47/100 par
|-ability|p2a: Kyurem|Pressure
|move|p1a: Zamazenta|Close Combat|p2a: Kyurem
|-supereffective|p2a: Kyurem
|-damage|p2a: Kyurem|0 fnt
|-unboost|p1a: Zamazenta|def|1
|-unboost|p1a: Zamazenta|spd|1
|faint|p2a: Kyurem
|-damage|p1a: Zamazenta|81/100|[from] item: Life Orb
|
|upkeep
|
|t:|1759001315
|switch|p2a: Primarina|Primarina, F|85/100
|turn|11
|
|t:|1759001322
|switch|p1a: Ting-Lu|Ting-Lu|100/100
|-ability|p1a: Ting-Lu|Vessel of Ruin
|move|p2a: Primarina|Substitute|p2a: Primarina
|-start|p2a: Primarina|Substitute
|-damage|p2a: Primarina|60/100
|
|-heal|p2a: Primarina|66/100|[from] item: Leftovers
|upkeep
|turn|12
|
|t:|1759001327
|move|p2a: Primarina|Draining Kiss|p1a: Ting-Lu
|-supereffective|p1a: Ting-Lu
|-damage|p1a: Ting-Lu|82/100
|-heal|p2a: Primarina|86/100|[from] drain|[of] p1a: Ting-Lu
|move|p1a: Ting-Lu|Stealth Rock|p2a: Primarina
|-sidestart|p2: Light SV|move: Stealth Rock
|
|-heal|p2a: Primarina|92/100|[from] item: Leftovers
|-heal|p1a: Ting-Lu|88/100|[from] item: Leftovers
|upkeep
|turn|13
|
|t:|1759001331
|move|p2a: Primarina|Psychic Noise|p1a: Ting-Lu
|-supereffective|p1a: Ting-Lu
|-damage|p1a: Ting-Lu|64/100
|-start|p1a: Ting-Lu|move: Heal Block
|move|p1a: Ting-Lu|Whirlwind|p2a: Primarina
|drag|p2a: Ogerpon|Ogerpon-Wellspring, F|60/100
|-damage|p2a: Ogerpon|48/100|[from] Stealth Rock
|
|upkeep
|turn|14
|
|t:|1759001337
|switch|p1a: Rillaboom|Rillaboom, F|100/100
|-fieldstart|move: Grassy Terrain|[from] ability: Grassy Surge|[of] p1a: Rillaboom
|move|p2a: Ogerpon|Ivy Cudgel|p1a: Rillaboom|[anim] Ivy Cudgel Water
|-resisted|p1a: Rillaboom
|-damage|p1a: Rillaboom|68/100
|
|-heal|p2a: Ogerpon|54/100|[from] Grassy Terrain
|-heal|p1a: Rillaboom|74/100|[from] Grassy Terrain
|upkeep
|turn|15
|
|t:|1759001342
|move|p1a: Rillaboom|Grassy Glide|p2a: Ogerpon
|-damage|p2a: Ogerpon|0 fnt
|faint|p2a: Ogerpon
|
|-heal|p1a: Rillaboom|80/100|[from] Grassy Terrain
|upkeep
|
|t:|1759001345
|switch|p2a: Kingambit|Kingambit, F|100/100
|-damage|p2a: Kingambit|94/100|[from] Stealth Rock
|-activate|p2a: Kingambit|ability: Supreme Overlord
|-start|p2a: Kingambit|fallen3|[silent]
|turn|16
|
|t:|1759001351
|switch|p1a: Iron Crown|Iron Crown|24/100 par
|move|p2a: Kingambit|Swords Dance|p2a: Kingambit
|-boost|p2a: Kingambit|atk|2
|
|-heal|p2a: Kingambit|100/100|[from] Grassy Terrain
|-heal|p1a: Iron Crown|31/100 par|[from] Grassy Terrain
|upkeep
|turn|17
|
|t:|1759001354
|move|p2a: Kingambit|Sucker Punch|p1a: Iron Crown
|-supereffective|p1a: Iron Crown
|-damage|p1a: Iron Crown|0 fnt
|faint|p1a: Iron Crown
|-end|p1a: Iron Crown|Quark Drive|[silent]
|
|upkeep
|
|t:|1759001365
|switch|p1a: Zamazenta|Zamazenta, shiny|81/100
|turn|18
|
|t:|1759001374
|switch|p1a: Ting-Lu|Ting-Lu|64/100
|-ability|p1a: Ting-Lu|Vessel of Ruin
|-end|p2a: Kingambit|fallen3|[silent]
|switch|p2a: Primarina|Primarina, F|92/100
|-damage|p2a: Primarina|80/100|[from] Stealth Rock
|
|-heal|p2a: Primarina|86/100|[from] Grassy Terrain
|-heal|p2a: Primarina|92/100|[from] item: Leftovers
|-heal|p1a: Ting-Lu|70/100|[from] Grassy Terrain
|-heal|p1a: Ting-Lu|76/100|[from] item: Leftovers
|-fieldend|move: Grassy Terrain
|upkeep
|turn|19
|
|t:|1759001380
|switch|p1a: Rillaboom|Rillaboom, F|80/100
|-fieldstart|move: Grassy Terrain|[from] ability: Grassy Surge|[of] p1a: Rillaboom
|move|p2a: Primarina|Calm Mind|p2a: Primarina
|-boost|p2a: Primarina|spa|1
|-boost|p2a: Primarina|spd|1
|
|-heal|p1a: Rillaboom|86/100|[from] Grassy Terrain
|-heal|p2a: Primarina|98/100|[from] Grassy Terrain
|-heal|p2a: Primarina|100/100|[from] item: Leftovers
|upkeep
|turn|20
|
|t:|1759001385
|-terastallize|p2a: Primarina|Ghost
|move|p1a: Rillaboom|Wood Hammer|p2a: Primarina
|-damage|p2a: Primarina|0 fnt
|faint|p2a: Primarina
|-damage|p1a: Rillaboom|51/100|[from] Recoil
|
|-heal|p1a: Rillaboom|57/100|[from] Grassy Terrain
|upkeep
|
|t:|1759001392
|switch|p2a: Maushold|Maushold|100/100
|-damage|p2a: Maushold|88/100|[from] Stealth Rock
|turn|21
|
|t:|1759001397
|switch|p1a: Weezing|Weezing-Galar, F, shiny|100/100
|-ability|p1a: Weezing|Neutralizing Gas
|move|p2a: Maushold|Population Bomb|p1a: Weezing
|-damage|p1a: Weezing|96/100
|-damage|p2a: Maushold|71/100|[from] item: Rocky Helmet|[of] p1a: Weezing
|-crit|p1a: Weezing
|-damage|p1a: Weezing|88/100
|-damage|p2a: Maushold|55/100|[from] item: Rocky Helmet|[of] p1a: Weezing
|-damage|p1a: Weezing|83/100
|-damage|p2a: Maushold|38/100|[from] item: Rocky Helmet|[of] p1a: Weezing
|-damage|p1a: Weezing|77/100
|-damage|p2a: Maushold|22/100|[from] item: Rocky Helmet|[of] p1a: Weezing
|-damage|p1a: Weezing|72/100
|-damage|p2a: Maushold|5/100|[from] item: Rocky Helmet|[of] p1a: Weezing
|-damage|p1a: Weezing|67/100
|-damage|p2a: Maushold|0 fnt|[from] item: Rocky Helmet|[of] p1a: Weezing
|faint|p2a: Maushold
|-hitcount|p1a: Weezing|6
|
|-heal|p1a: Weezing|73/100|[from] Grassy Terrain
|upkeep
|
|t:|1759001400
|switch|p2a: Kingambit|Kingambit, F|100/100
|-damage|p2a: Kingambit|94/100|[from] Stealth Rock
|turn|22
|
|t:|1759001413
|move|p2a: Kingambit|Swords Dance|p2a: Kingambit
|-boost|p2a: Kingambit|atk|2
|move|p1a: Weezing|Will-O-Wisp|p2a: Kingambit
|-status|p2a: Kingambit|brn
|
|-heal|p2a: Kingambit|100/100 brn|[from] Grassy Terrain
|-heal|p1a: Weezing|79/100|[from] Grassy Terrain
|-damage|p2a: Kingambit|94/100 brn|[from] brn
|upkeep
|turn|23
|
|t:|1759001428
|-end|p1a: Weezing|ability: Neutralizing Gas
|-activate|p2a: Kingambit|ability: Supreme Overlord
|-start|p2a: Kingambit|fallen5|[silent]
|switch|p1a: Zamazenta|Zamazenta, shiny|81/100
|move|p2a: Kingambit|Swords Dance|p2a: Kingambit
|-boost|p2a: Kingambit|atk|2
|
|-heal|p1a: Zamazenta|87/100|[from] Grassy Terrain
|-heal|p2a: Kingambit|100/100 brn|[from] Grassy Terrain
|-damage|p2a: Kingambit|94/100 brn|[from] brn
|-fieldend|move: Grassy Terrain
|upkeep
|turn|24
|
|t:|1759001432
|move|p1a: Zamazenta|Close Combat|p2a: Kingambit
|-supereffective|p2a: Kingambit
|-damage|p2a: Kingambit|0 fnt
|-unboost|p1a: Zamazenta|def|1
|-unboost|p1a: Zamazenta|spd|1
|faint|p2a: Kingambit
|-end|p2a: Kingambit|fallen5|[silent]
|-damage|p1a: Zamazenta|77/100|[from] item: Life Orb
|
|win|somewholesometoast
|raw|somewholesometoast's rating: 1670 &rarr; <strong>1701</strong><br />(+31 for winning)
|raw|Light SV's rating: 1893 &rarr; <strong>1862</strong><br />(-31 for losing)
|l|☆Light SV
|player|p2|
