|j|☆Shibuya Arc
|j|☆KuroNoTamashi
|t:|1758963264
|gametype|singles
|player|p1|Shibuya Arc|265|1766
|player|p2|KuroNoTamashi|170|1706
|gen|9
|tier|[Gen 9] OU
|rated|
|rule|HP Percentage Mod: HP is shown in percentages
|rule|Endless Battle Clause: Forcing endless battles is banned
|rule|Species Clause: Limit one of each Pokémon
|rule|OHKO Clause: OHKO moves are banned
|rule|Evasion Items Clause: Evasion items are banned
|rule|Evasion Moves Clause: Evasion moves are banned
|rule|Evasion Abilities Clause: Evasion abilities are banned
|rule|Sleep Moves Clause: Sleep-inducing moves are banned
|clearpoke
|poke|p1|Dragapult, M|
|poke|p1|Dragonite, F|
|poke|p1|Ting-Lu|
|poke|p1|Weezing-Galar, F|
|poke|p1|Iron Crown|
|poke|p1|Zapdos|
|poke|p2|Pecharunt|
|poke|p2|Meowscarada, M|
|poke|p2|Alomomola, M|
|poke|p2|Great Tusk|
|poke|p2|Kyurem|
|poke|p2|Ceruledge, F|
|teampreview
|inactive|Battle timer is ON: inactive players will automatically lose when time's up. (requested by Shibuya Arc)
|
|t:|1758963278
|teamsize|p1|6
|teamsize|p2|6
|start
|switch|p1a: Iron Crown|Iron Crown|100/100
|switch|p2a: Ceruledge|Ceruledge, F|100/100
|turn|1
|
|t:|1758963286
|move|p1a: Iron Crown|Volt Switch|p2a: Ceruledge
|-damage|p2a: Ceruledge|64/100
|
|t:|1758963295
|-end|p1a: Iron Crown|Quark Drive|[silent]
|switch|p1a: Dragonite|Dragonite, F|100/100|[from] Volt Switch
|move|p2a: Ceruledge|Swords Dance|p2a: Ceruledge
|-boost|p2a: Ceruledge|atk|2
|
|upkeep
|turn|2
|
|t:|1758963302
|move|p2a: Ceruledge|Poltergeist|p1a: Dragonite
|-activate|p1a: Dragonite|move: Poltergeist|Heavy-Duty Boots
|-damage|p1a: Dragonite|52/100
|move|p1a: Dragonite|Earthquake|p2a: Ceruledge
|-supereffective|p2a: Ceruledge
|-damage|p2a: Ceruledge|0 fnt
|faint|p2a: Ceruledge
|
|upkeep
|
|t:|1758963306
|switch|p2a: Kyurem|Kyurem, shiny|100/100
|-ability|p2a: Kyurem|Pressure
|turn|3
|
|t:|1758963313
|move|p2a: Kyurem|Ice Beam|p1a: Dragonite
|-supereffective|p1a: Dragonite
|-damage|p1a: Dragonite|0 fnt
|faint|p1a: Dragonite
|
|upkeep
|
|t:|1758963321
|switch|p1a: Iron Crown|Iron Crown|100/100
|turn|4
|
|t:|1758963328
|switch|p2a: Alomomola|Alomomola, M, shiny|100/100
|-terastallize|p1a: Iron Crown|Steel
|move|p1a: Iron Crown|Tachyon Cutter|p2a: Alomomola
|-resisted|p2a: Alomomola
|-damage|p2a: Alomomola|89/100
|-resisted|p2a: Alomomola
|-damage|p2a: Alomomola|76/100
|-hitcount|p2a: Alomomola|2
|
|upkeep
|turn|5
|
|t:|1758963339
|move|p1a: Iron Crown|Tachyon Cutter|p2a: Alomomola
|-resisted|p2a: Alomomola
|-damage|p2a: Alomomola|62/100
|-resisted|p2a: Alomomola
|-damage|p2a: Alomomola|49/100
|-hitcount|p2a: Alomomola|2
|move|p2a: Alomomola|Flip Turn|p1a: Iron Crown
|-damage|p1a: Iron Crown|82/100
|
|t:|1758963344
|switch|p2a: Meowscarada|Meowscarada, M, shiny|100/100|[from] Flip Turn
|
|upkeep
|turn|6
|
|t:|1758963351
|-end|p1a: Iron Crown|Quark Drive|[silent]
|switch|p1a: Zapdos|Zapdos|100/100
|move|p2a: Meowscarada|U-turn|p1a: Zapdos
|-start|p2a: Meowscarada|typechange|Bug|[from] ability: Protean
|-resisted|p1a: Zapdos
|-damage|p1a: Zapdos|70/100
|-status|p2a: Meowscarada|par|[from] ability: Static|[of] p1a: Zapdos
|
|t:|1758963354
|switch|p2a: Kyurem|Kyurem, shiny|100/100|[from] U-turn
|-ability|p2a: Kyurem|Pressure
|
|upkeep
|turn|7
|
|t:|1758963361
|move|p1a: Zapdos|Volt Switch|p2a: Kyurem
|-resisted|p2a: Kyurem
|-damage|p2a: Kyurem|84/100
|
|t:|1758963369
|switch|p1a: Ting-Lu|Ting-Lu|100/100|[from] Volt Switch
|-ability|p1a: Ting-Lu|Vessel of Ruin
|move|p2a: Kyurem|Ice Beam|p1a: Ting-Lu
|-supereffective|p1a: Ting-Lu
|-damage|p1a: Ting-Lu|40/100
|
|-heal|p1a: Ting-Lu|46/100|[from] item: Leftovers
|upkeep
|turn|8
|
|t:|1758963377
|switch|p1a: Iron Crown|Iron Crown, tera:Steel|82/100
|move|p2a: Kyurem|Ice Beam|p1a: Iron Crown
|-resisted|p1a: Iron Crown
|-damage|p1a: Iron Crown|46/100
|-status|p1a: Iron Crown|frz
|
|upkeep
|turn|9
|
|t:|1758963384
|switch|p2a: Alomomola|Alomomola, M, shiny|83/100
|cant|p1a: Iron Crown|frz
|
|upkeep
|turn|10
|
|t:|1758963390
|cant|p1a: Iron Crown|frz
|move|p2a: Alomomola|Scald|p1a: Iron Crown
|-damage|p1a: Iron Crown|32/100 frz
|-curestatus|p1a: Iron Crown|frz|[msg]
|
|upkeep
|turn|11
|
|t:|1758963398
|move|p1a: Iron Crown|Volt Switch|p2a: Alomomola
|-supereffective|p2a: Alomomola
|-damage|p2a: Alomomola|49/100
|
|t:|1758963404
|-end|p1a: Iron Crown|Quark Drive|[silent]
|switch|p1a: Weezing|Weezing-Galar, F|100/100|[from] Volt Switch
|-ability|p1a: Weezing|Neutralizing Gas
|move|p2a: Alomomola|Flip Turn|p1a: Weezing
|-damage|p1a: Weezing|90/100
|
|t:|1758963421
|switch|p2a: Kyurem|Kyurem, shiny|84/100|[from] Flip Turn
|
|upkeep
|turn|12
|
|t:|1758963428
|-end|p1a: Weezing|ability: Neutralizing Gas
|-ability|p2a: Kyurem|Pressure
|switch|p1a: Ting-Lu|Ting-Lu|46/100
|-ability|p1a: Ting-Lu|Vessel of Ruin
|move|p2a: Kyurem|Ice Beam|p1a: Ting-Lu
|-supereffective|p1a: Ting-Lu
|-damage|p1a: Ting-Lu|0 fnt
|faint|p1a: Ting-Lu
|
|upkeep
|
|t:|1758963435
|switch|p1a: Iron Crown|Iron Crown, tera:Steel|32/100
|turn|13
|
|t:|1758963441
|switch|p2a: Meowscarada|Meowscarada, M, shiny|100/100 par
|move|p1a: Iron Crown|Psyshock|p2a: Meowscarada
|-immune|p2a: Meowscarada
|
|upkeep
|turn|14
|
|t:|1758963450
|-end|p1a: Iron Crown|Quark Drive|[silent]
|switch|p1a: Zapdos|Zapdos|70/100
|move|p2a: Meowscarada|Triple Axel|p1a: Zapdos
|-start|p2a: Meowscarada|typechange|Ice|[from] ability: Protean
|-supereffective|p1a: Zapdos
|-damage|p1a: Zapdos|35/100
|-hitcount|p1a: Zapdos|1
|
|upkeep
|turn|15
|
|t:|1758963459
|move|p1a: Zapdos|Roost|p1a: Zapdos
|-heal|p1a: Zapdos|85/100
|-singleturn|p1a: Zapdos|move: Roost
|move|p2a: Meowscarada|Triple Axel|p1a: Zapdos
|-damage|p1a: Zapdos|68/100
|-damage|p1a: Zapdos|36/100
|-damage|p1a: Zapdos|0 fnt
|faint|p1a: Zapdos
|-hitcount|p1: Zapdos|3
|
|upkeep
|
|t:|1758963466
|switch|p1a: Iron Crown|Iron Crown, tera:Steel|32/100
|turn|16
|
|t:|1758963473
|switch|p2a: Alomomola|Alomomola, M, shiny|49/100
|move|p1a: Iron Crown|Psyshock|p2a: Alomomola
|-damage|p2a: Alomomola|6/100
|
|upkeep
|turn|17
|
|t:|1758963480
|-end|p1a: Iron Crown|Quark Drive|[silent]
|switch|p1a: Dragapult|Dragapult, M|100/100
|switch|p2a: Meowscarada|Meowscarada, M, shiny|100/100 par
|
|upkeep
|turn|18
|
|t:|1758963486
|move|p1a: Dragapult|U-turn|p2a: Meowscarada
|-supereffective|p2a: Meowscarada
|-damage|p2a: Meowscarada|0 fnt
|faint|p2a: Meowscarada
|
|t:|1758963496
|switch|p1a: Weezing|Weezing-Galar, F|90/100|[from] U-turn
|-ability|p1a: Weezing|Neutralizing Gas
|
|upkeep
|
|t:|1758963499
|switch|p2a: Kyurem|Kyurem, shiny|84/100
|turn|19
|
|t:|1758963506
|move|p2a: Kyurem|Ice Beam|p1a: Weezing
|-damage|p1a: Weezing|0 fnt
|faint|p1a: Weezing
|-end|p1a: Weezing|ability: Neutralizing Gas
|-ability|p2a: Kyurem|Pressure
|
|upkeep
|
|t:|1758963512
|switch|p1a: Dragapult|Dragapult, M|100/100
|turn|20
|
|t:|1758963518
|switch|p2a: Pecharunt|Pecharunt|100/100
|move|p1a: Dragapult|Dragon Darts|p2a: Pecharunt
|-damage|p2a: Pecharunt|90/100
|-anim|p1a: Dragapult|Dragon Darts|p2a: Pecharunt
|-damage|p2a: Pecharunt|80/100
|
|-heal|p2a: Pecharunt|86/100|[from] item: Black Sludge
|upkeep
|turn|21
|
|t:|1758963525
|move|p1a: Dragapult|U-turn|p2a: Pecharunt
|-resisted|p2a: Pecharunt
|-damage|p2a: Pecharunt|84/100
|
|t:|1758963532
|switch|p1a: Iron Crown|Iron Crown, tera:Steel|32/100|[from] U-turn
|move|p2a: Pecharunt|Shadow Ball|p1a: Iron Crown
|-damage|p1a: Iron Crown|6/100
|
|-heal|p2a: Pecharunt|90/100|[from] item: Black Sludge
|upkeep
|turn|22
|
|t:|1758963539
|move|p1a: Iron Crown|Volt Switch|p2a: Pecharunt
|-damage|p2a: Pecharunt|57/100
|
|t:|1758963546
|-end|p1a: Iron Crown|Quark Drive|[silent]
|switch|p1a: Dragapult|Dragapult, M|100/100|[from] Volt Switch
|move|p2a: Pecharunt|Shadow Ball|p1a: Dragapult
|-supereffective|p1a: Dragapult
|-damage|p1a: Dragapult|25/100
|-unboost|p1a: Dragapult|spd|1
|-start|p2a: Pecharunt|Disable|Shadow Ball|[from] ability: Cursed Body|[of] p1a: Dragapult
|
|-heal|p2a: Pecharunt|63/100|[from] item: Black Sludge
|upkeep
|turn|23
|
|t:|1758963553
|move|p1a: Dragapult|Hex|p2a: Pecharunt
|-supereffective|p2a: Pecharunt
|-damage|p2a: Pecharunt|5/100
|move|p2a: Pecharunt|Malignant Chain|p1a: Dragapult
|-resisted|p1a: Dragapult
|-damage|p1a: Dragapult|0 fnt
|faint|p1a: Dragapult
|
|-heal|p2a: Pecharunt|11/100|[from] item: Black Sludge
|upkeep
|
|t:|1758963560
|switch|p1a: Iron Crown|Iron Crown, tera:Steel|6/100
|turn|24
|
|t:|1758963567
|move|p1a: Iron Crown|Focus Blast|p2a: Pecharunt
|-immune|p2a: Pecharunt
|move|p2a: Pecharunt|Parting Shot|p1a: Iron Crown
|-unboost|p1a: Iron Crown|atk|1
|-unboost|p1a: Iron Crown|spa|1
|
|t:|1758963571
|switch|p2a: Alomomola|Alomomola, M, shiny|39/100|[from] Parting Shot
|
|upkeep
|turn|25
|
|t:|1758963574
|move|p1a: Iron Crown|Focus Blast|p2a: Alomomola
|-damage|p2a: Alomomola|19/100
|move|p2a: Alomomola|Flip Turn|p1a: Iron Crown
|-damage|p1a: Iron Crown|0 fnt
|faint|p1a: Iron Crown
|-end|p1a: Iron Crown|Quark Drive|[silent]
|
|win|KuroNoTamashi
|raw|Shibuya Arc's rating: 1766 &rarr; <strong>1743</strong><br />(-23 for losing)
|raw|KuroNoTamashi's rating: 1706 &rarr; <strong>1729</strong><br />(+23 for winning)
|l|☆Shibuya Arc
|player|p1|
|l|☆KuroNoTamashi
|player|p2|
