|j|☆Jdawg_2100
|j|☆luca1996
|t:|1758917987
|gametype|singles
|player|p1|Jdawg_2100|hilbert|1378
|player|p2|luca1996|boarder|1331
|gen|9
|tier|[Gen 9] OU
|rated|
|rule|HP Percentage Mod: HP is shown in percentages
|rule|Endless Battle Clause: Forcing endless battles is banned
|rule|Species Clause: Limit one of each Pokémon
|rule|OHKO Clause: OHKO moves are banned
|rule|Evasion Items Clause: Evasion items are banned
|rule|Evasion Moves Clause: Evasion moves are banned
|rule|Evasion Abilities Clause: Evasion abilities are banned
|rule|Sleep Moves Clause: Sleep-inducing moves are banned
|clearpoke
|poke|p1|Enamorus, F|
|poke|p1|Iron Treads|
|poke|p1|Volcanion|
|poke|p1|Meowscarada, M|
|poke|p1|Slowking-Galar, F|
|poke|p1|Zamazenta-*|
|poke|p2|Goodra, M|
|poke|p2|Snorlax, M|
|poke|p2|Primarina, M|
|poke|p2|Cinderace, F|
|poke|p2|Primeape, F|
|poke|p2|Iron Jugulis|
|teampreview
|inactive|Battle timer is ON: inactive players will automatically lose when time's up. (requested by Jdawg_2100)
|c|☆Jdawg_2100|glhf
|c|☆luca1996|u2
|c|☆Jdawg_2100|hm primape,normal goodra,snorlax,and iron jug
|inactive|Jdawg_2100 has 120 seconds left.
|inactive|luca1996 has 120 seconds left.
|
|t:|1758918030
|teamsize|p1|6
|teamsize|p2|6
|start
|switch|p1a: Meowscarada|Meowscarada, M, shiny|100/100
|switch|p2a: Primeape|Primeape, F|100/100
|turn|1
|
|t:|1758918037
|move|p1a: Meowscarada|U-turn|p2a: Primeape
|-resisted|p2a: Primeape
|-damage|p2a: Primeape|83/100
|
|t:|1758918041
|switch|p1a: Slowking|Slowking-Galar, F, shiny|100/100|[from] U-turn
|move|p2a: Primeape|Drain Punch|p1a: Slowking
|-resisted|p1a: Slowking
|-damage|p1a: Slowking|95/100
|-heal|p2a: Primeape|86/100|[from] drain|[of] p1a: Slowking
|
|upkeep
|turn|2
|
|t:|1758918051
|switch|p2a: Iron Jugulis|Iron Jugulis|100/100
|move|p1a: Slowking|Ice Beam|p2a: Iron Jugulis
|-supereffective|p2a: Iron Jugulis
|-damage|p2a: Iron Jugulis|47/100
|
|upkeep
|turn|3
|
|t:|1758918055
|move|p2a: Iron Jugulis|Tailwind|p2a: Iron Jugulis
|-sidestart|p2: luca1996|move: Tailwind
|move|p1a: Slowking|Ice Beam|p2a: Iron Jugulis
|-supereffective|p2a: Iron Jugulis
|-damage|p2a: Iron Jugulis|0 fnt
|faint|p2a: Iron Jugulis
|-end|p2a: Iron Jugulis|Quark Drive|[silent]
|
|upkeep
|
|t:|1758918058
|switch|p2a: Primeape|Primeape, F|86/100
|turn|4
|c|☆Jdawg_2100|predicted:D
|c|☆luca1996|thats ok
|
|t:|1758918065
|move|p2a: Primeape|Bulk Up|p2a: Primeape
|-boost|p2a: Primeape|atk|1
|-boost|p2a: Primeape|def|1
|move|p1a: Slowking|Psychic Noise|p2a: Primeape
|-supereffective|p2a: Primeape
|-damage|p2a: Primeape|48/100
|-start|p2a: Primeape|move: Heal Block
|
|upkeep
|turn|5
|
|t:|1758918073
|move|p2a: Primeape|Rage Fist|p1a: Slowking
|-supereffective|p1a: Slowking
|-damage|p1a: Slowking|13/100
|move|p1a: Slowking|Sludge Bomb|p2a: Primeape
|-damage|p2a: Primeape|24/100
|
|-end|p2a: Primeape|move: Heal Block
|upkeep
|turn|6
|c|☆Jdawg_2100|A A A
|c|☆Jdawg_2100|CHIl
|
|t:|1758918086
|move|p2a: Primeape|Drain Punch|p1a: Slowking
|-resisted|p1a: Slowking
|-damage|p1a: Slowking|6/100
|-heal|p2a: Primeape|29/100|[from] drain|[of] p1a: Slowking
|move|p1a: Slowking|Psychic Noise|p2a: Primeape
|-supereffective|p2a: Primeape
|-damage|p2a: Primeape|0 fnt
|faint|p2a: Primeape
|
|-sideend|p2: luca1996|move: Tailwind
|upkeep
|
|t:|1758918089
|switch|p2a: Goodra|Goodra, M|100/100
|turn|7
|
|t:|1758918092
|move|p2a: Goodra|Dragon Pulse|p1a: Slowking
|-damage|p1a: Slowking|0 fnt
|faint|p1a: Slowking
|
|upkeep
|c|☆luca1996|im an idiot
|
|t:|1758918102
|switch|p1a: Meowscarada|Meowscarada, M, shiny|100/100
|turn|8
|
|t:|1758918106
|-terastallize|p2a: Goodra|Fire
|move|p1a: Meowscarada|Triple Axel|p2a: Goodra
|-resisted|p2a: Goodra
|-damage|p2a: Goodra|95/100
|-ability|p2a: Goodra|Gooey
|-unboost|p1a: Meowscarada|spe|1
|-resisted|p2a: Goodra
|-crit|p2a: Goodra
|-damage|p2a: Goodra|79/100
|-ability|p2a: Goodra|Gooey
|-unboost|p1a: Meowscarada|spe|1
|-resisted|p2a: Goodra
|-damage|p2a: Goodra|63/100
|-ability|p2a: Goodra|Gooey
|-unboost|p1a: Meowscarada|spe|1
|-hitcount|p2a: Goodra|3
|move|p2a: Goodra|Fire Blast|p1a: Meowscarada
|-supereffective|p1a: Meowscarada
|-damage|p1a: Meowscarada|0 fnt
|faint|p1a: Meowscarada
|
|upkeep
|c|☆Jdawg_2100|...................................................
|c|☆Jdawg_2100|uhm
|c|☆Jdawg_2100|we dont speak on this
|
|t:|1758918130
|switch|p1a: Volcanion|Volcanion|100/100
|turn|9
|
|t:|1758918140
|switch|p2a: Cinderace|Cinderace, F|100/100
|move|p1a: Volcanion|Sludge Bomb|p2a: Cinderace
|-damage|p2a: Cinderace|33/100
|-status|p2a: Cinderace|psn
|
|-damage|p2a: Cinderace|20/100 psn|[from] psn
|upkeep
|turn|10
|
|t:|1758918144
|move|p2a: Cinderace|High Jump Kick|p1a: Volcanion
|-start|p2a: Cinderace|typechange|Fighting|[from] ability: Libero
|-damage|p1a: Volcanion|19/100
|-damage|p2a: Cinderace|10/100 psn|[from] item: Life Orb
|move|p1a: Volcanion|Sludge Bomb|p2a: Cinderace
|-damage|p2a: Cinderace|0 fnt
|faint|p2a: Cinderace
|
|upkeep
|c|☆Jdawg_2100|ouch
|c|☆Jdawg_2100|thats choice band 100%
|
|t:|1758918155
|switch|p2a: Snorlax|Snorlax, M|100/100
|turn|11
|c|☆luca1996|no life orb
|c|☆Jdawg_2100|..
|
|t:|1758918167
|switch|p1a: Iron Treads|Iron Treads, shiny|100/100
|-enditem|p1a: Iron Treads|Booster Energy
|-activate|p1a: Iron Treads|ability: Quark Drive|[fromitem]
|-start|p1a: Iron Treads|quarkdrivespe
|move|p2a: Snorlax|Body Slam|p1a: Iron Treads
|-resisted|p1a: Iron Treads
|-damage|p1a: Iron Treads|81/100
|
|upkeep
|turn|12
|
|t:|1758918174
|move|p1a: Iron Treads|Earthquake|p2a: Snorlax
|-damage|p2a: Snorlax|54/100
|move|p2a: Snorlax|Curse|p2a: Snorlax
|-unboost|p2a: Snorlax|spe|1
|-boost|p2a: Snorlax|atk|1
|-boost|p2a: Snorlax|def|1
|
|-heal|p2a: Snorlax|60/100|[from] item: Leftovers
|upkeep
|turn|13
|
|t:|1758918177
|move|p1a: Iron Treads|Earthquake|p2a: Snorlax
|-damage|p2a: Snorlax|29/100
|move|p2a: Snorlax|Earthquake|p1a: Iron Treads
|-supereffective|p1a: Iron Treads
|-damage|p1a: Iron Treads|0 fnt
|faint|p1a: Iron Treads
|-end|p1a: Iron Treads|Quark Drive|[silent]
|
|-heal|p2a: Snorlax|35/100|[from] item: Leftovers
|upkeep
|
|t:|1758918184
|switch|p1a: Zamazenta|Zamazenta, shiny|100/100
|-ability|p1a: Zamazenta|Dauntless Shield|boost
|-boost|p1a: Zamazenta|def|1
|turn|14
|
|t:|1758918188
|move|p1a: Zamazenta|Substitute|p1a: Zamazenta
|-start|p1a: Zamazenta|Substitute
|-damage|p1a: Zamazenta|76/100
|move|p2a: Snorlax|Body Slam|p1a: Zamazenta
|-end|p1a: Zamazenta|Substitute
|
|-heal|p1a: Zamazenta|82/100|[from] item: Leftovers
|-heal|p2a: Snorlax|41/100|[from] item: Leftovers
|upkeep
|turn|15
|
|t:|1758918191
|move|p1a: Zamazenta|Body Press|p2a: Snorlax
|-supereffective|p2a: Snorlax
|-damage|p2a: Snorlax|0 fnt
|faint|p2a: Snorlax
|
|-heal|p1a: Zamazenta|88/100|[from] item: Leftovers
|upkeep
|
|t:|1758918194
|switch|p2a: Primarina|Primarina, M|100/100
|turn|16
|
|t:|1758918207
|-terastallize|p1a: Zamazenta|Fire
|move|p1a: Zamazenta|Substitute|p1a: Zamazenta
|-start|p1a: Zamazenta|Substitute
|-damage|p1a: Zamazenta|63/100
|move|p2a: Primarina|Psychic Noise|p1a: Zamazenta
|-damage|p1a: Zamazenta|40/100
|-start|p1a: Zamazenta|move: Heal Block
|
|upkeep
|turn|17
|
|t:|1758918211
|move|p1a: Zamazenta|Iron Defense|p1a: Zamazenta
|-boost|p1a: Zamazenta|def|2
|move|p2a: Primarina|Surf|p1a: Zamazenta
|-supereffective|p1a: Zamazenta
|-end|p1a: Zamazenta|Substitute
|
|-end|p1a: Zamazenta|move: Heal Block
|upkeep
|turn|18
|
|t:|1758918217
|move|p1a: Zamazenta|Body Press|p2a: Primarina
|-resisted|p2a: Primarina
|-damage|p2a: Primarina|53/100
|move|p2a: Primarina|Calm Mind|p2a: Primarina
|-boost|p2a: Primarina|spa|1
|-boost|p2a: Primarina|spd|1
|
|-heal|p1a: Zamazenta|46/100|[from] item: Leftovers
|-heal|p2a: Primarina|59/100|[from] item: Leftovers
|upkeep
|turn|19
|
|t:|1758918221
|move|p1a: Zamazenta|Body Press|p2a: Primarina
|-resisted|p2a: Primarina
|-damage|p2a: Primarina|6/100
|move|p2a: Primarina|Surf|p1a: Zamazenta
|-supereffective|p1a: Zamazenta
|-damage|p1a: Zamazenta|0 fnt
|faint|p1a: Zamazenta
|
|-heal|p2a: Primarina|12/100|[from] item: Leftovers
|upkeep
|
|t:|1758918224
|switch|p1a: Enamorus|Enamorus, F, shiny|100/100
|turn|20
|
|t:|1758918231
|move|p1a: Enamorus|Earth Power|p2a: Primarina
|-damage|p2a: Primarina|0 fnt
|faint|p2a: Primarina
|
|upkeep
|
|t:|1758918233
|switch|p2a: Goodra|Goodra, M, tera:Fire|63/100
|turn|21
|c|☆Jdawg_2100|gg
|
|t:|1758918238
|move|p1a: Enamorus|Earth Power|p2a: Goodra
|-supereffective|p2a: Goodra
|-damage|p2a: Goodra|36/100
|move|p2a: Goodra|Sludge Wave|p1a: Enamorus
|-supereffective|p1a: Enamorus
|-damage|p1a: Enamorus|2/100
|
|upkeep
|turn|22
|c|☆luca1996|gg
|c|☆luca1996|damnnnn
|
|t:|1758918244
|move|p1a: Enamorus|Earth Power|p2a: Goodra
|-supereffective|p2a: Goodra
|-damage|p2a: Goodra|10/100
|-unboost|p2a: Goodra|spd|1
|move|p2a: Goodra|Sludge Wave|p1a: Enamorus
|-supereffective|p1a: Enamorus
|-crit|p1a: Enamorus
|-damage|p1a: Enamorus|0 fnt
|faint|p1a: Enamorus
|
|upkeep
|c|☆Jdawg_2100|yeahhhh
|c|☆luca1996|how fast is your volcanion
|c|☆Jdawg_2100|goodra aint that great
|c|☆Jdawg_2100|233
|c|☆luca1996|goodra is the goat
|c|☆luca1996|507 sp. def.
|inactive|Jdawg_2100 has 120 seconds left.
|c|☆luca1996|eats everything
|
|t:|1758918289
|switch|p1a: Volcanion|Volcanion|19/100
|turn|23
|inactive|Jdawg_2100 has 120 seconds left.
|
|t:|1758918296
|move|p1a: Volcanion|Earthquake|p2a: Goodra
|-supereffective|p2a: Goodra
|-damage|p2a: Goodra|0 fnt
|faint|p2a: Goodra
|
|win|Jdawg_2100
|raw|Jdawg_2100's rating: 1378 &rarr; <strong>1395</strong><br />(+17 for winning)
|raw|luca1996's rating: 1331 &rarr; <strong>1314</strong><br />(-17 for losing)
|l|☆luca1996
|player|p2|
|c|☆Jdawg_2100|ment to run earth power but forgor to change it
|l|☆Jdawg_2100
|player|p1|
