|j|☆GotYoEyes
|j|☆Mr_Stonks0406
|t:|1759033556
|gametype|singles
|player|p1|GotYoEyes|swimmerf|1200
|player|p2|Mr_Stonks0406|rocketgrunt|1212
|gen|9
|tier|[Gen 9] OU
|rated|
|rule|HP Percentage Mod: HP is shown in percentages
|rule|Endless Battle Clause: Forcing endless battles is banned
|rule|Species Clause: Limit one of each Pokémon
|rule|OHKO Clause: OHKO moves are banned
|rule|Evasion Items Clause: Evasion items are banned
|rule|Evasion Moves Clause: Evasion moves are banned
|rule|Evasion Abilities Clause: Evasion abilities are banned
|rule|Sleep Moves Clause: Sleep-inducing moves are banned
|clearpoke
|poke|p1|Ursaluna, M|
|poke|p1|Gholdengo|
|poke|p1|Kyurem|
|poke|p1|Cinderace, M|
|poke|p1|Zapdos|
|poke|p1|Toxapex, F|
|poke|p2|Quagsire, F|
|poke|p2|Blissey, F|
|poke|p2|Toxapex, F|
|poke|p2|Sinistcha|
|poke|p2|Gliscor, F|
|poke|p2|Corviknight, M|
|teampreview
|inactive|Battle timer is ON: inactive players will automatically lose when time's up. (requested by Mr_Stonks0406)
|c|☆GotYoEyes|old ahh team
|c|☆GotYoEyes|u ain't winning with lil manblud
|c|☆Mr_Stonks0406|well see about that
|inactive|Mr_Stonks0406 has 120 seconds left.
|
|t:|1759033595
|teamsize|p1|6
|teamsize|p2|6
|start
|switch|p1a: Kyurem|Kyurem|100/100
|switch|p2a: Lobster|Gliscor, F|100/100
|-ability|p1a: Kyurem|Pressure
|turn|1
|
|t:|1759033605
|move|p2a: Lobster|Protect|p2a: Lobster
|-singleturn|p2a: Lobster|Protect
|move|p1a: Kyurem|Freeze-Dry|p2a: Lobster
|-activate|p2a: Lobster|move: Protect
|
|-status|p2a: Lobster|tox|[from] item: Toxic Orb
|upkeep
|turn|2
|
|t:|1759033623
|switch|p2a: Chungus|Blissey, F|100/100
|move|p1a: Kyurem|Freeze-Dry|p2a: Chungus
|-damage|p2a: Chungus|90/100
|
|upkeep
|turn|3
|
|t:|1759033631
|switch|p1a: Gholdengo|Gholdengo|100/100
|move|p2a: Chungus|Alluring Voice|p1a: Gholdengo
|-resisted|p1a: Gholdengo
|-damage|p1a: Gholdengo|93/100
|
|-heal|p1a: Gholdengo|99/100|[from] item: Leftovers
|upkeep
|turn|4
|c|☆GotYoEyes|bring out that cm
|c|☆GotYoEyes|Ik u got it
|
|t:|1759033657
|switch|p2a: Lobster|Gliscor, F|100/100 tox
|move|p1a: Gholdengo|Nasty Plot|p1a: Gholdengo
|-boost|p1a: Gholdengo|spa|2
|
|-heal|p1a: Gholdengo|100/100|[from] item: Leftovers
|upkeep
|turn|5
|c|☆GotYoEyes|huh
|
|t:|1759033671
|move|p2a: Lobster|Knock Off|p1a: Gholdengo
|-supereffective|p1a: Gholdengo
|-damage|p1a: Gholdengo|71/100
|-enditem|p1a: Gholdengo|Leftovers|[from] move: Knock Off|[of] p2a: Lobster
|move|p1a: Gholdengo|Make It Rain|p2a: Lobster
|-damage|p2a: Lobster|7/100 tox
|-unboost|p1a: Gholdengo|spa|1
|
|-heal|p2a: Lobster|19/100 tox|[from] ability: Poison Heal
|upkeep
|turn|6
|inactive|Mr_Stonks0406 has 120 seconds left.
|c|☆GotYoEyes|ts not even funny lmfaooo
|inactive|Mr_Stonks0406 has 90 seconds left.
|
|t:|1759033719
|move|p2a: Lobster|Earthquake|p1a: Gholdengo
|-supereffective|p1a: Gholdengo
|-damage|p1a: Gholdengo|23/100
|move|p1a: Gholdengo|Dazzling Gleam|p2a: Lobster
|-damage|p2a: Lobster|0 fnt
|faint|p2a: Lobster
|
|upkeep
|inactive|Mr_Stonks0406 has 90 seconds left.
|
|t:|1759033729
|switch|p2a: Greninga|Quagsire, F|100/100
|turn|7
|
|t:|1759033737
|switch|p1a: Kyurem|Kyurem|100/100
|-ability|p1a: Kyurem|Pressure
|move|p2a: Greninga|Earthquake|p1a: Kyurem
|-damage|p1a: Kyurem|76/100
|
|-heal|p1a: Kyurem|82/100|[from] item: Leftovers
|upkeep
|turn|8
|inactive|Mr_Stonks0406 has 90 seconds left.
|
|t:|1759033757
|-terastallize|p2a: Greninga|Steel
|move|p1a: Kyurem|Substitute|p1a: Kyurem
|-start|p1a: Kyurem|Substitute
|-damage|p1a: Kyurem|57/100
|move|p2a: Greninga|Toxic||[still]
|-fail|p2a: Greninga
|
|-heal|p1a: Kyurem|63/100|[from] item: Leftovers
|upkeep
|turn|9
|c|☆GotYoEyes|lmfao quag eq can't break my sub
|inactive|Mr_Stonks0406 has 90 seconds left.
|
|t:|1759033767
|-terastallize|p1a: Kyurem|Ground
|move|p1a: Kyurem|Earth Power|p2a: Greninga
|-supereffective|p2a: Greninga
|-damage|p2a: Greninga|0 fnt
|faint|p2a: Greninga
|
|-heal|p1a: Kyurem|69/100|[from] item: Leftovers
|upkeep
|inactive|Mr_Stonks0406 has 90 seconds left.
|c|☆Mr_Stonks0406|wtf
|c|☆GotYoEyes|100 def 100 hp bbg
|c|☆Mr_Stonks0406|yeah im cooked
|c|☆GotYoEyes|that's the investment
|
|t:|1759033792
|switch|p2a: Matcha|Sinistcha|100/100
|turn|10
|c|☆GotYoEyes|survives garg's salt cure
|c|☆GotYoEyes|with sub
|
|t:|1759033802
|switch|p2a: Chungus|Blissey, F|90/100
|move|p1a: Kyurem|Freeze-Dry|p2a: Chungus
|-damage|p2a: Chungus|81/100
|
|-heal|p1a: Kyurem|76/100|[from] item: Leftovers
|upkeep
|turn|11
|
|t:|1759033816
|move|p1a: Kyurem|Earth Power|p2a: Chungus
|-damage|p2a: Chungus|67/100
|move|p2a: Chungus|Seismic Toss|p1a: Kyurem
|-activate|p1a: Kyurem|move: Substitute|[damage]
|
|-heal|p1a: Kyurem|82/100|[from] item: Leftovers
|upkeep
|turn|12
|
|t:|1759033842
|move|p1a: Kyurem|Earth Power|p2a: Chungus
|-crit|p2a: Chungus
|-damage|p2a: Chungus|49/100
|move|p2a: Chungus|Alluring Voice|p1a: Kyurem
|-damage|p1a: Kyurem|69/100
|
|-heal|p1a: Kyurem|76/100|[from] item: Leftovers
|upkeep
|turn|13
|inactive|Mr_Stonks0406 has 90 seconds left.
|
|t:|1759033850
|move|p1a: Kyurem|Earth Power|p2a: Chungus
|-crit|p2a: Chungus
|-damage|p2a: Chungus|32/100
|move|p2a: Chungus|Soft-Boiled|p2a: Chungus
|-heal|p2a: Chungus|82/100
|
|-heal|p1a: Kyurem|82/100|[from] item: Leftovers
|upkeep
|turn|14
|c|☆GotYoEyes|oo lucky
|inactive|Mr_Stonks0406 has 90 seconds left.
|
|t:|1759033872
|switch|p2a: Raven|Corviknight, M, shiny|100/100
|-ability|p2a: Raven|Pressure
|move|p1a: Kyurem|Earth Power|p2a: Raven
|-immune|p2a: Raven
|
|-heal|p1a: Kyurem|88/100|[from] item: Leftovers
|upkeep
|turn|15
|
|t:|1759033896
|move|p1a: Kyurem|Protect|p1a: Kyurem
|-singleturn|p1a: Kyurem|Protect
|move|p2a: Raven|Iron Defense|p2a: Raven
|-boost|p2a: Raven|def|2
|
|-heal|p1a: Kyurem|94/100|[from] item: Leftovers
|upkeep
|turn|16
|c|☆GotYoEyes|oh u rlly going down that route....
|
|t:|1759033912
|move|p1a: Kyurem|Freeze-Dry|p2a: Raven
|-crit|p2a: Raven
|-damage|p2a: Raven|46/100
|move|p2a: Raven|Body Press|p1a: Kyurem
|-crit|p1a: Kyurem
|-end|p1a: Kyurem|Substitute
|
|-heal|p1a: Kyurem|100/100|[from] item: Leftovers
|upkeep
|turn|17
|
|t:|1759033920
|switch|p1a: Gholdengo|Gholdengo|23/100
|move|p2a: Raven|Body Press|p1a: Gholdengo
|-immune|p1a: Gholdengo
|
|upkeep
|turn|18
|
|t:|1759033936
|switch|p2a: Chungus|Blissey, F|82/100
|move|p1a: Gholdengo|Nasty Plot|p1a: Gholdengo
|-boost|p1a: Gholdengo|spa|2
|
|upkeep
|turn|19
|inactive|Mr_Stonks0406 has 60 seconds left.
|
|t:|1759033956
|switch|p2a: Prickly|Toxapex, F|100/100
|move|p1a: Gholdengo|Make It Rain|p2a: Prickly
|-resisted|p2a: Prickly
|-damage|p2a: Prickly|68/100
|-unboost|p1a: Gholdengo|spa|1
|
|upkeep
|turn|20
|inactive|Mr_Stonks0406 has 60 seconds left.
|
|t:|1759033967
|move|p1a: Gholdengo|Shadow Ball|p2a: Prickly
|-damage|p2a: Prickly|32/100
|move|p2a: Prickly|Toxic|p1a: Gholdengo
|-immune|p1a: Gholdengo|[from] ability: Good as Gold
|
|upkeep
|turn|21
|inactive|Mr_Stonks0406 has 60 seconds left.
|
|t:|1759033977
|switch|p2a: Chungus|Blissey, F|82/100
|move|p1a: Gholdengo|Nasty Plot|p1a: Gholdengo
|-boost|p1a: Gholdengo|spa|2
|
|upkeep
|turn|22
|inactive|Mr_Stonks0406 has 60 seconds left.
|
|t:|1759033987
|switch|p2a: Prickly|Toxapex, F|66/100
|move|p1a: Gholdengo|Make It Rain|p2a: Prickly
|-resisted|p2a: Prickly
|-damage|p2a: Prickly|23/100
|-unboost|p1a: Gholdengo|spa|1
|
|upkeep
|turn|23
|c|☆GotYoEyes|LMFAOOO
|
|t:|1759033996
|switch|p2a: Chungus|Blissey, F|82/100
|move|p1a: Gholdengo|Make It Rain|p2a: Chungus
|-damage|p2a: Chungus|53/100
|-unboost|p1a: Gholdengo|spa|1
|
|upkeep
|turn|24
|c|☆GotYoEyes|resist getting fucked
|c|☆Mr_Stonks0406|bruh
|c|☆GotYoEyes|crazy
|inactive|Mr_Stonks0406 has 60 seconds left.
|c|☆GotYoEyes|aight gg
|c|☆Mr_Stonks0406|bruh how tf did i lose in two turns
|c|☆GotYoEyes|this game getting boring
|
|t:|1759034024
|switch|p1a: Ursaluna|Ursaluna, M|100/100
|move|p2a: Chungus|Alluring Voice|p1a: Ursaluna
|-damage|p1a: Ursaluna|87/100
|
|-status|p1a: Ursaluna|brn|[from] item: Flame Orb
|upkeep
|turn|25
|c|☆GotYoEyes|cuz I said so
|
|t:|1759034032
|switch|p2a: Raven|Corviknight, M, shiny|46/100
|-ability|p2a: Raven|Pressure
|move|p1a: Ursaluna|Fire Punch|p2a: Raven
|-supereffective|p2a: Raven
|-damage|p2a: Raven|0 fnt
|faint|p2a: Raven
|
|-damage|p1a: Ursaluna|81/100 brn|[from] brn
|upkeep
|c|☆Mr_Stonks0406|bro
|c|☆Mr_Stonks0406|how
|
|t:|1759034046
|switch|p2a: Prickly|Toxapex, F|56/100
|turn|26
|
|t:|1759034056
|move|p2a: Prickly|Baneful Bunker|p2a: Prickly
|-singleturn|p2a: Prickly|move: Protect
|move|p1a: Ursaluna|Facade|p2a: Prickly
|-activate|p2a: Prickly|move: Protect
|
|-damage|p1a: Ursaluna|75/100 brn|[from] brn
|upkeep
|turn|27
|inactive|Mr_Stonks0406 has 60 seconds left.
|
|t:|1759034063
|switch|p2a: Matcha|Sinistcha|100/100
|move|p1a: Ursaluna|Facade|p2a: Matcha
|-immune|p2a: Matcha
|
|-damage|p1a: Ursaluna|68/100 brn|[from] brn
|upkeep
|turn|28
|inactive|Mr_Stonks0406 has 60 seconds left.
|
|t:|1759034074
|switch|p1a: Toxapex|Toxapex, F|100/100
|move|p2a: Matcha|Matcha Gotcha|p1a: Toxapex
|-damage|p1a: Toxapex|81/100
|
|-heal|p1a: Toxapex|87/100|[from] item: Leftovers
|upkeep
|turn|29
|c|☆GotYoEyes|oh lol toxic bait
|inactive|Mr_Stonks0406 has 60 seconds left.
|
|t:|1759034085
|move|p2a: Matcha|Hex|p1a: Toxapex
|-damage|p1a: Toxapex|69/100
|move|p1a: Toxapex|Toxic|p2a: Matcha
|-status|p2a: Matcha|tox
|
|-heal|p1a: Toxapex|75/100|[from] item: Leftovers
|-damage|p2a: Matcha|94/100 tox|[from] psn
|upkeep
|turn|30
|inactive|Mr_Stonks0406 has 60 seconds left.
|
|t:|1759034097
|switch|p2a: Chungus|Blissey, F|53/100
|switch|p1a: Zapdos|Zapdos|100/100
|
|upkeep
|turn|31
|c|☆GotYoEyes|this team old asl
|c|☆GotYoEyes|don't use it
|
|t:|1759034104
|move|p1a: Zapdos|Volt Switch|p2a: Chungus
|-damage|p2a: Chungus|43/100
|
|t:|1759034107
|switch|p1a: Cinderace|Cinderace, M|100/100|[from] Volt Switch
|move|p2a: Chungus|Soft-Boiled|p2a: Chungus
|-heal|p2a: Chungus|93/100
|
|upkeep
|turn|32
|
|t:|1759034120
|switch|p2a: Prickly|Toxapex, F|90/100
|move|p1a: Cinderace|U-turn|p2a: Prickly
|-start|p1a: Cinderace|typechange|Bug|[from] ability: Libero
|-resisted|p2a: Prickly
|-damage|p2a: Prickly|77/100
|
|t:|1759034126
|switch|p1a: Zapdos|Zapdos|100/100|[from] U-turn
|
|upkeep
|turn|33
|
|t:|1759034139
|switch|p2a: Chungus|Blissey, F|93/100
|move|p1a: Zapdos|Volt Switch|p2a: Chungus
|-damage|p2a: Chungus|82/100
|
|t:|1759034154
|switch|p1a: Ursaluna|Ursaluna, M|68/100 brn|[from] Volt Switch
|
|-damage|p1a: Ursaluna|62/100 brn|[from] brn
|upkeep
|turn|34
|
|t:|1759034163
|switch|p2a: Matcha|Sinistcha|94/100 tox
|move|p1a: Ursaluna|Fire Punch|p2a: Matcha
|-supereffective|p2a: Matcha
|-damage|p2a: Matcha|63/100 tox
|
|-damage|p2a: Matcha|57/100 tox|[from] psn
|-damage|p1a: Ursaluna|56/100 brn|[from] brn
|upkeep
|turn|35
|inactive|Mr_Stonks0406 has 90 seconds left.
|
|t:|1759034178
|switch|p1a: Cinderace|Cinderace, M|100/100
|move|p2a: Matcha|Strength Sap|p1a: Cinderace
|-unboost|p1a: Cinderace|atk|1
|-heal|p2a: Matcha|100/100 tox
|
|-damage|p2a: Matcha|88/100 tox|[from] psn
|upkeep
|turn|36
|inactive|Mr_Stonks0406 has 90 seconds left.
|
|t:|1759034196
|move|p1a: Cinderace|U-turn|p2a: Matcha
|-start|p1a: Cinderace|typechange|Bug|[from] ability: Libero
|-damage|p2a: Matcha|72/100 tox
|
|t:|1759034218
|switch|p1a: Kyurem|Kyurem, tera:Ground|100/100|[from] U-turn
|-ability|p1a: Kyurem|Pressure
|move|p2a: Matcha|Foul Play|p1a: Kyurem
|-damage|p1a: Kyurem|83/100
|
|-heal|p1a: Kyurem|89/100|[from] item: Leftovers
|-damage|p2a: Matcha|53/100 tox|[from] psn
|upkeep
|turn|37
|inactive|Mr_Stonks0406 has 90 seconds left.
|
|t:|1759034232
|switch|p2a: Chungus|Blissey, F|82/100
|move|p1a: Kyurem|Freeze-Dry|p2a: Chungus
|-damage|p2a: Chungus|73/100
|
|-heal|p1a: Kyurem|95/100|[from] item: Leftovers
|upkeep
|turn|38
|inactive|Mr_Stonks0406 has 90 seconds left.
|
|t:|1759034244
|move|p1a: Kyurem|Substitute|p1a: Kyurem
|-start|p1a: Kyurem|Substitute
|-damage|p1a: Kyurem|70/100
|move|p2a: Chungus|Heal Bell|p2a: Chungus
|-activate|p2a: Chungus|move: Heal Bell
|-curestatus|p2: Matcha|tox|[msg]
|
|-heal|p1a: Kyurem|77/100|[from] item: Leftovers
|upkeep
|turn|39
|inactive|Mr_Stonks0406 has 90 seconds left.
|
|t:|1759034259
|move|p1a: Kyurem|Earth Power|p2a: Chungus
|-damage|p2a: Chungus|60/100
|move|p2a: Chungus|Alluring Voice|p1a: Kyurem
|-damage|p1a: Kyurem|63/100
|
|-heal|p1a: Kyurem|70/100|[from] item: Leftovers
|upkeep
|turn|40
|
|t:|1759034267
|move|p1a: Kyurem|Earth Power|p2a: Chungus
|-damage|p2a: Chungus|47/100
|move|p2a: Chungus|Alluring Voice|p1a: Kyurem
|-damage|p1a: Kyurem|56/100
|
|-heal|p1a: Kyurem|62/100|[from] item: Leftovers
|upkeep
|turn|41
|
|t:|1759034274
|move|p1a: Kyurem|Earth Power|p2a: Chungus
|-damage|p2a: Chungus|34/100
|move|p2a: Chungus|Soft-Boiled|p2a: Chungus
|-heal|p2a: Chungus|85/100
|
|-heal|p1a: Kyurem|68/100|[from] item: Leftovers
|upkeep
|turn|42
|
|t:|1759034282
|move|p1a: Kyurem|Protect|p1a: Kyurem
|-singleturn|p1a: Kyurem|Protect
|move|p2a: Chungus|Alluring Voice|p1a: Kyurem
|-activate|p1a: Kyurem|move: Protect
|
|-heal|p1a: Kyurem|75/100|[from] item: Leftovers
|upkeep
|turn|43
|inactive|GotYoEyes has 120 seconds left.
|
|t:|1759034313
|move|p1a: Kyurem|Earth Power|p2a: Chungus
|-damage|p2a: Chungus|72/100
|move|p2a: Chungus|Alluring Voice|p1a: Kyurem
|-damage|p1a: Kyurem|63/100
|
|-heal|p1a: Kyurem|69/100|[from] item: Leftovers
|upkeep
|turn|44
|
|t:|1759034326
|switch|p2a: Matcha|Sinistcha|53/100
|move|p1a: Kyurem|Earth Power|p2a: Matcha
|-resisted|p2a: Matcha
|-damage|p2a: Matcha|27/100
|
|-heal|p1a: Kyurem|75/100|[from] item: Leftovers
|upkeep
|turn|45
|
|t:|1759034339
|move|p1a: Kyurem|Freeze-Dry|p2a: Matcha
|-supereffective|p2a: Matcha
|-damage|p2a: Matcha|0 fnt
|faint|p2a: Matcha
|
|-heal|p1a: Kyurem|81/100|[from] item: Leftovers
|upkeep
|
|t:|1759034348
|switch|p2a: Chungus|Blissey, F|72/100
|turn|46
|
|t:|1759034370
|move|p1a: Kyurem|Earth Power|p2a: Chungus
|-damage|p2a: Chungus|59/100
|move|p2a: Chungus|Alluring Voice|p1a: Kyurem
|-damage|p1a: Kyurem|69/100
|
|-heal|p1a: Kyurem|75/100|[from] item: Leftovers
|upkeep
|turn|47
|
|t:|1759034379
|move|p1a: Kyurem|Earth Power|p2a: Chungus
|-crit|p2a: Chungus
|-damage|p2a: Chungus|41/100
|move|p2a: Chungus|Seismic Toss|p1a: Kyurem
|-activate|p1a: Kyurem|move: Substitute|[damage]
|
|-heal|p1a: Kyurem|81/100|[from] item: Leftovers
|upkeep
|turn|48
|inactive|Mr_Stonks0406 has 120 seconds left.
|
|t:|1759034388
|move|p1a: Kyurem|Earth Power|p2a: Chungus
|-damage|p2a: Chungus|29/100
|move|p2a: Chungus|Soft-Boiled|p2a: Chungus
|-heal|p2a: Chungus|79/100
|
|-heal|p1a: Kyurem|87/100|[from] item: Leftovers
|upkeep
|turn|49
|
|t:|1759034400
|move|p1a: Kyurem|Earth Power|p2a: Chungus
|-crit|p2a: Chungus
|-damage|p2a: Chungus|60/100
|move|p2a: Chungus|Seismic Toss|p1a: Kyurem
|-end|p1a: Kyurem|Substitute
|
|-heal|p1a: Kyurem|94/100|[from] item: Leftovers
|upkeep
|turn|50
|
|t:|1759034411
|move|p1a: Kyurem|Substitute|p1a: Kyurem
|-start|p1a: Kyurem|Substitute
|-damage|p1a: Kyurem|69/100
|move|p2a: Chungus|Seismic Toss|p1a: Kyurem
|-activate|p1a: Kyurem|move: Substitute|[damage]
|
|-heal|p1a: Kyurem|75/100|[from] item: Leftovers
|upkeep
|turn|51
|
|t:|1759034422
|move|p1a: Kyurem|Earth Power|p2a: Chungus
|-damage|p2a: Chungus|47/100
|move|p2a: Chungus|Seismic Toss|p1a: Kyurem
|-end|p1a: Kyurem|Substitute
|
|-heal|p1a: Kyurem|81/100|[from] item: Leftovers
|upkeep
|turn|52
|
|t:|1759034433
|move|p1a: Kyurem|Protect|p1a: Kyurem
|-singleturn|p1a: Kyurem|Protect
|move|p2a: Chungus|Soft-Boiled|p2a: Chungus
|-heal|p2a: Chungus|97/100
|
|-heal|p1a: Kyurem|87/100|[from] item: Leftovers
|upkeep
|turn|53
|
|t:|1759034440
|move|p1a: Kyurem|Substitute|p1a: Kyurem
|-start|p1a: Kyurem|Substitute
|-damage|p1a: Kyurem|62/100
|move|p2a: Chungus|Seismic Toss|p1a: Kyurem
|-activate|p1a: Kyurem|move: Substitute|[damage]
|
|-heal|p1a: Kyurem|69/100|[from] item: Leftovers
|upkeep
|turn|54
|
|t:|1759034456
|move|p1a: Kyurem|Protect|p1a: Kyurem
|-singleturn|p1a: Kyurem|Protect
|move|p2a: Chungus|Seismic Toss|p1a: Kyurem
|-activate|p1a: Kyurem|move: Protect
|
|-heal|p1a: Kyurem|75/100|[from] item: Leftovers
|upkeep
|turn|55
|c|☆Mr_Stonks0406|nah screw this
|c|☆Mr_Stonks0406|gg
|c|☆GotYoEyes|gg
|c|☆Mr_Stonks0406|ill think about getting a new team
|-message|Mr_Stonks0406 forfeited.
|
|win|GotYoEyes
|raw|GotYoEyes's rating: 1200 &rarr; <strong>1226</strong><br />(+26 for winning)
|raw|Mr_Stonks0406's rating: 1212 &rarr; <strong>1186</strong><br />(-26 for losing)
|l|☆Mr_Stonks0406
|player|p2|
|l|☆GotYoEyes
|player|p1|
