|j|☆TheBigbadd
|j|☆h0w do i play
|t:|1758924742
|gametype|singles
|player|p1|TheBigbadd|musician|1221
|player|p2|h0w do i play|cheryl|1262
|gen|9
|tier|[Gen 9] OU
|rated|
|rule|HP Percentage Mod: HP is shown in percentages
|rule|Endless Battle Clause: Forcing endless battles is banned
|rule|Species Clause: Limit one of each Pokémon
|rule|OHKO Clause: OHKO moves are banned
|rule|Evasion Items Clause: Evasion items are banned
|rule|Evasion Moves Clause: Evasion moves are banned
|rule|Evasion Abilities Clause: Evasion abilities are banned
|rule|Sleep Moves Clause: Sleep-inducing moves are banned
|clearpoke
|poke|p1|Incineroar, F|
|poke|p1|Lokix, M|
|poke|p1|Samurott-Hisui, F|
|poke|p1|Torkoal, M|
|poke|p1|Grimmsnarl, M|
|poke|p1|Shaymin|
|poke|p2|Ninetales, F|
|poke|p2|Raging Bolt|
|poke|p2|Hatterene, F|
|poke|p2|Walking Wake|
|poke|p2|Great Tusk|
|poke|p2|Scizor, M|
|teampreview
|inactive|Battle timer is ON: inactive players will automatically lose when time's up. (requested by TheBigbadd)
|
|t:|1758924745
|teamsize|p1|6
|teamsize|p2|6
|start
|switch|p1a: Torkoal|Torkoal, M|100/100
|switch|p2a: Ninetales|Ninetales, F, shiny|100/100
|-weather|SunnyDay|[from] ability: Drought|[of] p2a: Ninetales
|turn|1
|
|t:|1758924760
|switch|p2a: Walking Wake|Walking Wake|100/100
|-activate|p2a: Walking Wake|ability: Protosynthesis
|-start|p2a: Walking Wake|protosynthesisspe
|move|p1a: Torkoal|Flamethrower|p2a: Walking Wake
|-resisted|p2a: Walking Wake
|-damage|p2a: Walking Wake|88/100
|
|-weather|SunnyDay|[upkeep]
|upkeep
|turn|2
|
|t:|1758924777
|move|p2a: Walking Wake|Draco Meteor|p1a: Torkoal
|-damage|p1a: Torkoal|0 fnt
|-unboost|p2a: Walking Wake|spa|2
|faint|p1a: Torkoal
|
|-weather|SunnyDay|[upkeep]
|upkeep
|
|t:|1758924781
|switch|p1a: Grimmsnarl|Grimmsnarl, M|100/100
|turn|3
|
|t:|1758924790
|-end|p2a: Walking Wake|Protosynthesis|[silent]
|switch|p2a: Hatterene|Hatterene, F|100/100
|move|p1a: Grimmsnarl|Fake Out|p2a: Hatterene
|-crit|p2a: Hatterene
|-damage|p2a: Hatterene|81/100
|
|-weather|SunnyDay|[upkeep]
|upkeep
|turn|4
|
|t:|1758924814
|move|p1a: Grimmsnarl|Light Screen|p1a: Grimmsnarl
|-sidestart|p1: TheBigbadd|move: Light Screen
|move|p2a: Hatterene|Draining Kiss|p1a: Grimmsnarl
|-supereffective|p1a: Grimmsnarl
|-damage|p1a: Grimmsnarl|75/100
|-heal|p2a: Hatterene|100/100|[from] drain|[of] p1a: Grimmsnarl
|-enditem|p1a: Grimmsnarl|Red Card|[of] p2a: Hatterene
|drag|p2a: Great Tusk|Great Tusk, shiny|100/100
|-activate|p2a: Great Tusk|ability: Protosynthesis
|-start|p2a: Great Tusk|protosynthesisatk
|
|-weather|SunnyDay|[upkeep]
|upkeep
|turn|5
|inactive|h0w do i play has 120 seconds left.
|
|t:|1758924842
|move|p2a: Great Tusk|Megahorn|p1a: Grimmsnarl
|-damage|p1a: Grimmsnarl|8/100
|move|p1a: Grimmsnarl|Spirit Break|p2a: Great Tusk
|-supereffective|p2a: Great Tusk
|-damage|p2a: Great Tusk|37/100
|-unboost|p2a: Great Tusk|spa|1
|
|-weather|SunnyDay|[upkeep]
|upkeep
|turn|6
|
|t:|1758924850
|move|p1a: Grimmsnarl|Parting Shot|p2a: Great Tusk
|-unboost|p2a: Great Tusk|atk|1
|-unboost|p2a: Great Tusk|spa|1
|
|t:|1758924856
|switch|p1a: Incineroar|Incineroar, F|100/100|[from] Parting Shot
|-ability|p1a: Incineroar|Intimidate|boost
|-unboost|p2a: Great Tusk|atk|1
|move|p2a: Great Tusk|Rapid Spin|p1a: Incineroar
|-damage|p1a: Incineroar|89/100
|-boost|p2a: Great Tusk|spe|1
|
|-weather|SunnyDay|[upkeep]
|upkeep
|turn|7
|
|t:|1758924867
|-end|p2a: Great Tusk|Protosynthesis|[silent]
|switch|p2a: Walking Wake|Walking Wake|88/100
|-activate|p2a: Walking Wake|ability: Protosynthesis
|-start|p2a: Walking Wake|protosynthesisspe
|move|p1a: Incineroar|Fake Out|p2a: Walking Wake
|-damage|p2a: Walking Wake|72/100
|
|-weather|SunnyDay|[upkeep]
|upkeep
|turn|8
|
|t:|1758924873
|move|p2a: Walking Wake|Hydro Steam|p1a: Incineroar
|-supereffective|p1a: Incineroar
|-damage|p1a: Incineroar|28/100
|move|p1a: Incineroar|U-turn|p2a: Walking Wake
|-damage|p2a: Walking Wake|46/100
|
|t:|1758924883
|switch|p1a: Samurott|Samurott-Hisui, F|100/100|[from] U-turn
|
|-weather|none
|-end|p2a: Walking Wake|Protosynthesis
|-sideend|p1: TheBigbadd|move: Light Screen
|upkeep
|turn|9
|
|t:|1758924891
|-end|p2a: Walking Wake|Protosynthesis|[silent]
|switch|p2a: Ninetales|Ninetales, F, shiny|100/100
|-weather|SunnyDay|[from] ability: Drought|[of] p2a: Ninetales
|move|p1a: Samurott|Ceaseless Edge|p2a: Ninetales
|-damage|p2a: Ninetales|25/100
|-sidestart|p2: h0w do i play|Spikes
|
|-weather|SunnyDay|[upkeep]
|upkeep
|turn|10
|
|t:|1758924902
|switch|p2a: Scizor|Scizor, M|100/100
|-damage|p2a: Scizor|88/100|[from] Spikes
|switch|p1a: Grimmsnarl|Grimmsnarl, M|8/100
|
|-weather|SunnyDay|[upkeep]
|upkeep
|turn|11
|
|t:|1758924909
|move|p2a: Scizor|Bullet Punch|p1a: Grimmsnarl
|-supereffective|p1a: Grimmsnarl
|-damage|p1a: Grimmsnarl|0 fnt
|faint|p1a: Grimmsnarl
|-damage|p2a: Scizor|78/100|[from] item: Life Orb
|
|-weather|SunnyDay|[upkeep]
|upkeep
|
|t:|1758924914
|switch|p1a: Samurott|Samurott-Hisui, F|100/100
|turn|12
|
|t:|1758924929
|move|p1a: Samurott|Aqua Jet|p2a: Scizor
|-damage|p2a: Scizor|64/100
|move|p2a: Scizor|Close Combat|p1a: Samurott
|-supereffective|p1a: Samurott
|-damage|p1a: Samurott|0 fnt
|-unboost|p2a: Scizor|def|1
|-unboost|p2a: Scizor|spd|1
|faint|p1a: Samurott
|-damage|p2a: Scizor|54/100|[from] item: Life Orb
|
|-weather|SunnyDay|[upkeep]
|upkeep
|
|t:|1758924935
|switch|p1a: Lokix|Lokix, M|100/100
|turn|13
|
|t:|1758924945
|move|p1a: Lokix|First Impression|p2a: Scizor
|-resisted|p2a: Scizor
|-damage|p2a: Scizor|0 fnt
|faint|p2a: Scizor
|
|-weather|SunnyDay|[upkeep]
|upkeep
|
|t:|1758924948
|switch|p2a: Great Tusk|Great Tusk, shiny|37/100
|-damage|p2a: Great Tusk|25/100|[from] Spikes
|-activate|p2a: Great Tusk|ability: Protosynthesis
|-start|p2a: Great Tusk|protosynthesisatk
|turn|14
|
|t:|1758924958
|move|p1a: Lokix|Leech Life|p2a: Great Tusk
|-resisted|p2a: Great Tusk
|-damage|p2a: Great Tusk|0 fnt
|faint|p2a: Great Tusk
|-end|p2a: Great Tusk|Protosynthesis|[silent]
|
|-weather|SunnyDay|[upkeep]
|upkeep
|
|t:|1758924966
|switch|p2a: Walking Wake|Walking Wake|46/100
|-damage|p2a: Walking Wake|34/100|[from] Spikes
|-activate|p2a: Walking Wake|ability: Protosynthesis
|-start|p2a: Walking Wake|protosynthesisspe
|turn|15
|
|t:|1758924974
|switch|p1a: Incineroar|Incineroar, F|28/100
|-ability|p1a: Incineroar|Intimidate|boost
|-unboost|p2a: Walking Wake|atk|1
|move|p2a: Walking Wake|Draco Meteor|p1a: Incineroar
|-damage|p1a: Incineroar|0 fnt
|-unboost|p2a: Walking Wake|spa|2
|faint|p1a: Incineroar
|
|-weather|SunnyDay|[upkeep]
|upkeep
|
|t:|1758924985
|switch|p1a: Shaymin|Shaymin|100/100
|turn|16
|
|t:|1758924990
|-end|p2a: Walking Wake|Protosynthesis|[silent]
|switch|p2a: Hatterene|Hatterene, F|100/100
|-damage|p2a: Hatterene|88/100|[from] Spikes
|move|p1a: Shaymin|Substitute|p1a: Shaymin
|-start|p1a: Shaymin|Substitute
|-damage|p1a: Shaymin|75/100
|
|-weather|none
|-heal|p1a: Shaymin|82/100|[from] item: Leftovers
|upkeep
|turn|17
|
|t:|1758925001
|move|p1a: Shaymin|Air Slash|p2a: Hatterene
|-damage|p2a: Hatterene|71/100
|move|p2a: Hatterene|Calm Mind|p2a: Hatterene
|-boost|p2a: Hatterene|spa|1
|-boost|p2a: Hatterene|spd|1
|
|-heal|p1a: Shaymin|88/100|[from] item: Leftovers
|upkeep
|turn|18
|
|t:|1758925008
|switch|p1a: Lokix|Lokix, M|100/100
|move|p2a: Hatterene|Calm Mind|p2a: Hatterene
|-boost|p2a: Hatterene|spa|1
|-boost|p2a: Hatterene|spd|1
|
|upkeep
|turn|19
|
|t:|1758925033
|move|p1a: Lokix|First Impression|p2a: Hatterene
|-damage|p2a: Hatterene|30/100
|move|p2a: Hatterene|Mystical Fire|p1a: Lokix
|-supereffective|p1a: Lokix
|-damage|p1a: Lokix|0 fnt
|faint|p1a: Lokix
|
|upkeep
|
|t:|1758925039
|switch|p1a: Shaymin|Shaymin|88/100
|turn|20
|
|t:|1758925041
|move|p1a: Shaymin|Seed Flare|p2a: Hatterene
|-damage|p2a: Hatterene|8/100
|move|p2a: Hatterene|Mystical Fire|p1a: Shaymin
|-supereffective|p1a: Shaymin
|-damage|p1a: Shaymin|32/100
|-unboost|p1a: Shaymin|spa|1
|
|-heal|p1a: Shaymin|39/100|[from] item: Leftovers
|upkeep
|turn|21
|
|t:|1758925047
|move|p1a: Shaymin|Seed Flare|p2a: Hatterene
|-damage|p2a: Hatterene|0 fnt
|faint|p2a: Hatterene
|
|-heal|p1a: Shaymin|45/100|[from] item: Leftovers
|upkeep
|
|t:|1758925050
|switch|p2a: Ninetales|Ninetales, F, shiny|25/100
|-damage|p2a: Ninetales|13/100|[from] Spikes
|-weather|SunnyDay|[from] ability: Drought|[of] p2a: Ninetales
|turn|22
|
|t:|1758925056
|move|p2a: Ninetales|Weather Ball|p1a: Shaymin
|-supereffective|p1a: Shaymin
|-damage|p1a: Shaymin|0 fnt
|faint|p1a: Shaymin
|
|win|h0w do i play
|raw|TheBigbadd's rating: 1221 &rarr; <strong>1199</strong><br />(-22 for losing)
|raw|h0w do i play's rating: 1262 &rarr; <strong>1284</strong><br />(+22 for winning)
|l|☆TheBigbadd
|player|p1|
|l|☆h0w do i play
|player|p2|
