|j|☆skater66
|j|☆victory 4 u
|t:|1759059692
|gametype|singles
|player|p1|skater66|170|1192
|player|p2|victory 4 u|102|1153
|gen|9
|tier|[Gen 9] OU
|rated|
|rule|HP Percentage Mod: HP is shown in percentages
|rule|Endless Battle Clause: Forcing endless battles is banned
|rule|Species Clause: Limit one of each Pokémon
|rule|OHKO Clause: OHKO moves are banned
|rule|Evasion Items Clause: Evasion items are banned
|rule|Evasion Moves Clause: Evasion moves are banned
|rule|Evasion Abilities Clause: Evasion abilities are banned
|rule|Sleep Moves Clause: Sleep-inducing moves are banned
|clearpoke
|poke|p1|Hatterene, F|
|poke|p1|Raging Bolt|
|poke|p1|Walking Wake|
|poke|p1|Dragapult, M|
|poke|p1|Torkoal, F|
|poke|p1|Enamorus, F|
|poke|p2|Gengar, M|
|poke|p2|Sudowoodo, M|
|poke|p2|Articuno-Galar|
|poke|p2|Hitmontop, M|
|poke|p2|Incineroar, M|
|poke|p2|Iron Valiant|
|teampreview
|inactive|Battle timer is ON: inactive players will automatically lose when time's up. (requested by victory 4 u)
|
|t:|1759059759
|teamsize|p1|6
|teamsize|p2|6
|start
|switch|p1a: Torkoal|Torkoal, F|100/100
|switch|p2a: Gengar|Gengar, M|100/100
|-weather|SunnyDay|[from] ability: Drought|[of] p1a: Torkoal
|turn|1
|
|t:|1759059767
|-terastallize|p2a: Gengar|Ghost
|move|p2a: Gengar|Shadow Ball|p1a: Torkoal
|-damage|p1a: Torkoal|0 fnt
|faint|p1a: Torkoal
|
|-weather|SunnyDay|[upkeep]
|upkeep
|
|t:|1759059773
|switch|p1a: Walking Wake|Walking Wake|100/100
|-activate|p1a: Walking Wake|ability: Protosynthesis
|-start|p1a: Walking Wake|protosynthesisspe
|turn|2
|
|t:|1759059786
|switch|p2a: Hitmontop|Hitmontop, M|100/100
|-ability|p2a: Hitmontop|Intimidate|boost
|-unboost|p1a: Walking Wake|atk|1
|move|p1a: Walking Wake|Hydro Steam|p2a: Hitmontop
|-damage|p2a: Hitmontop|19/100
|-damage|p1a: Walking Wake|91/100|[from] item: Life Orb
|
|-weather|SunnyDay|[upkeep]
|upkeep
|turn|3
|
|t:|1759059801
|move|p1a: Walking Wake|Hydro Steam|p2a: Hitmontop
|-damage|p2a: Hitmontop|0 fnt
|faint|p2a: Hitmontop
|-damage|p1a: Walking Wake|81/100|[from] item: Life Orb
|
|-weather|SunnyDay|[upkeep]
|upkeep
|
|t:|1759059808
|switch|p2a: Sudowoodo|Sudowoodo, M|100/100
|turn|4
|
|t:|1759059811
|move|p1a: Walking Wake|Hydro Steam|p2a: Sudowoodo
|-supereffective|p2a: Sudowoodo
|-ability|p2a: Sudowoodo|Sturdy
|-damage|p2a: Sudowoodo|1/100
|-damage|p1a: Walking Wake|71/100|[from] item: Life Orb
|move|p2a: Sudowoodo|Head Smash|p1a: Walking Wake
|-damage|p1a: Walking Wake|0 fnt
|faint|p1a: Walking Wake
|-end|p1a: Walking Wake|Protosynthesis|[silent]
|-damage|p2a: Sudowoodo|0 fnt|[from] Recoil
|faint|p2a: Sudowoodo
|
|-weather|SunnyDay|[upkeep]
|upkeep
|
|t:|1759059825
|switch|p1a: Raging Bolt|Raging Bolt|100/100
|switch|p2a: Incineroar|Incineroar, M|100/100
|-ability|p2a: Incineroar|Intimidate|boost
|-unboost|p1a: Raging Bolt|atk|1
|-activate|p1a: Raging Bolt|ability: Protosynthesis
|-start|p1a: Raging Bolt|protosynthesisspa
|turn|5
|
|t:|1759059850
|move|p1a: Raging Bolt|Thunderbolt|p2a: Incineroar
|-damage|p2a: Incineroar|27/100
|-damage|p1a: Raging Bolt|91/100|[from] item: Life Orb
|move|p2a: Incineroar|Parting Shot|p1a: Raging Bolt
|-unboost|p1a: Raging Bolt|atk|1
|-unboost|p1a: Raging Bolt|spa|1
|inactive|victory 4 u has 120 seconds left.
|
|t:|1759059862
|switch|p2a: Gengar|Gengar, M, tera:Ghost|100/100|[from] Parting Shot
|
|-weather|SunnyDay|[upkeep]
|upkeep
|turn|6
|
|t:|1759059869
|switch|p2a: Incineroar|Incineroar, M|27/100
|-ability|p2a: Incineroar|Intimidate|boost
|-unboost|p1a: Raging Bolt|atk|1
|move|p1a: Raging Bolt|Thunderbolt|p2a: Incineroar
|-damage|p2a: Incineroar|0 fnt
|faint|p2a: Incineroar
|-damage|p1a: Raging Bolt|81/100|[from] item: Life Orb
|
|-weather|SunnyDay|[upkeep]
|upkeep
|inactive|victory 4 u has 120 seconds left.
|
|t:|1759059879
|switch|p2a: Gengar|Gengar, M, tera:Ghost|100/100
|turn|7
|
|t:|1759059883
|move|p2a: Gengar|Shadow Ball|p1a: Raging Bolt
|-damage|p1a: Raging Bolt|0 fnt
|faint|p1a: Raging Bolt
|-end|p1a: Raging Bolt|Protosynthesis|[silent]
|
|-weather|SunnyDay|[upkeep]
|upkeep
|
|t:|1759059896
|switch|p1a: Enamorus|Enamorus, F|100/100
|turn|8
|
|t:|1759059902
|move|p1a: Enamorus|Mystical Fire|p2a: Gengar
|-damage|p2a: Gengar|32/100
|-unboost|p2a: Gengar|spa|1
|move|p2a: Gengar|Shadow Ball|p1a: Enamorus
|-damage|p1a: Enamorus|19/100
|
|-weather|none
|upkeep
|turn|9
|
|t:|1759059910
|move|p1a: Enamorus|Mystical Fire|p2a: Gengar
|-damage|p2a: Gengar|0 fnt
|faint|p2a: Gengar
|
|upkeep
|
|t:|1759059914
|switch|p2a: Articuno|Articuno-Galar|100/100
|turn|10
|
|t:|1759059918
|move|p1a: Enamorus|Mystical Fire|p2a: Articuno
|-damage|p2a: Articuno|80/100
|-unboost|p2a: Articuno|spa|1
|-ability|p2a: Articuno|Competitive|boost
|-boost|p2a: Articuno|spa|2
|move|p2a: Articuno|Agility|p2a: Articuno
|-boost|p2a: Articuno|spe|2
|
|upkeep
|turn|11
|
|t:|1759059931
|move|p1a: Enamorus|Mystical Fire|p2a: Articuno
|-damage|p2a: Articuno|60/100
|-unboost|p2a: Articuno|spa|1
|-ability|p2a: Articuno|Competitive|boost
|-boost|p2a: Articuno|spa|2
|move|p2a: Articuno|Calm Mind|p2a: Articuno
|-boost|p2a: Articuno|spa|1
|-boost|p2a: Articuno|spd|1
|
|upkeep
|turn|12
|-message|skater66 forfeited.
|
|win|victory 4 u
|raw|skater66's rating: 1192 &rarr; <strong>1164</strong><br />(-28 for losing)
|raw|victory 4 u's rating: 1153 &rarr; <strong>1181</strong><br />(+28 for winning)
|l|☆skater66
|player|p1|
