|j|☆krampus gon get u
|j|☆RAZ0R258
|t:|1758949711
|gametype|singles
|player|p1|krampus gon get u|ninjaboy|1605
|player|p2|RAZ0R258|ethan-masters|1671
|gen|9
|tier|[Gen 9] OU
|rated|
|rule|HP Percentage Mod: HP is shown in percentages
|rule|Endless Battle Clause: Forcing endless battles is banned
|rule|Species Clause: Limit one of each Pokémon
|rule|OHKO Clause: OHKO moves are banned
|rule|Evasion Items Clause: Evasion items are banned
|rule|Evasion Moves Clause: Evasion moves are banned
|rule|Evasion Abilities Clause: Evasion abilities are banned
|rule|Sleep Moves Clause: Sleep-inducing moves are banned
|clearpoke
|poke|p1|Ceruledge, F|
|poke|p1|Iron Treads|
|poke|p1|Kyurem|
|poke|p1|Ogerpon-Wellspring, F|
|poke|p1|Iron Valiant|
|poke|p1|Pecharunt|
|poke|p2|Samurott-Hisui, M|
|poke|p2|Iron Valiant|
|poke|p2|Pecharunt|
|poke|p2|Reuniclus, F|
|poke|p2|Darkrai|
|poke|p2|Kingambit, F|
|teampreview
|inactive|Battle timer is ON: inactive players will automatically lose when time's up. (requested by RAZ0R258)
|
|t:|1758949735
|teamsize|p1|6
|teamsize|p2|6
|start
|switch|p1a: Ogerpon|Ogerpon-Wellspring, F|100/100
|switch|p2a: Kola|Samurott-Hisui, M|100/100
|turn|1
|
|t:|1758949741
|move|p1a: Ogerpon|U-turn|p2a: Kola
|-supereffective|p2a: Kola
|-damage|p2a: Kola|31/100
|
|t:|1758949767
|switch|p1a: Iron Treads|Iron Treads|100/100|[from] U-turn
|move|p2a: Kola|Ceaseless Edge|p1a: Iron Treads
|-damage|p1a: Iron Treads|68/100
|-sidestart|p1: krampus gon get u|Spikes
|
|-heal|p1a: Iron Treads|74/100|[from] item: Leftovers
|upkeep
|turn|2
|
|t:|1758949776
|-end|p1a: Iron Treads|Quark Drive|[silent]
|switch|p1a: Ogerpon|Ogerpon-Wellspring, F|100/100
|-damage|p1a: Ogerpon|88/100|[from] Spikes
|move|p2a: Kola|Aqua Cutter|p1a: Ogerpon
|-heal|p1a: Ogerpon|100/100|[from] ability: Water Absorb|[of] p2a: Kola
|
|upkeep
|turn|3
|
|t:|1758949792
|switch|p2a: You know the vibes|Pecharunt|100/100
|move|p1a: Ogerpon|Ivy Cudgel|p2a: You know the vibes|[anim] Ivy Cudgel Water
|-damage|p2a: You know the vibes|58/100
|
|upkeep
|turn|4
|
|t:|1758949800
|move|p1a: Ogerpon|U-turn|p2a: You know the vibes
|-resisted|p2a: You know the vibes
|-damage|p2a: You know the vibes|53/100
|
|t:|1758949802
|switch|p1a: Iron Treads|Iron Treads|74/100|[from] U-turn
|-damage|p1a: Iron Treads|62/100|[from] Spikes
|move|p2a: You know the vibes|Malignant Chain|p1a: Iron Treads
|-immune|p1a: Iron Treads
|
|-heal|p1a: Iron Treads|68/100|[from] item: Leftovers
|upkeep
|turn|5
|
|t:|1758949810
|move|p2a: You know the vibes|Shadow Ball|p1a: Iron Treads
|-damage|p1a: Iron Treads|41/100
|move|p1a: Iron Treads|Stealth Rock|p2a: You know the vibes
|-sidestart|p2: RAZ0R258|move: Stealth Rock
|
|-heal|p1a: Iron Treads|47/100|[from] item: Leftovers
|upkeep
|turn|6
|
|t:|1758949818
|move|p2a: You know the vibes|Shadow Ball|p1a: Iron Treads
|-damage|p1a: Iron Treads|22/100
|move|p1a: Iron Treads|Earthquake|p2a: You know the vibes
|-supereffective|p2a: You know the vibes
|-enditem|p2a: You know the vibes|Shuca Berry|[eat]
|-enditem|p2a: You know the vibes|Shuca Berry|[weaken]
|-damage|p2a: You know the vibes|23/100
|
|-heal|p1a: Iron Treads|28/100|[from] item: Leftovers
|upkeep
|turn|7
|inactive|krampus gon get u has 120 seconds left.
|
|t:|1758949853
|move|p2a: You know the vibes|Shadow Ball|p1a: Iron Treads
|-damage|p1a: Iron Treads|4/100
|move|p1a: Iron Treads|Earthquake|p2a: You know the vibes
|-supereffective|p2a: You know the vibes
|-damage|p2a: You know the vibes|0 fnt
|faint|p2a: You know the vibes
|
|-heal|p1a: Iron Treads|10/100|[from] item: Leftovers
|upkeep
|
|t:|1758949862
|switch|p2a: Kola|Samurott-Hisui, M|31/100
|-damage|p2a: Kola|19/100|[from] Stealth Rock
|turn|8
|
|t:|1758949867
|move|p2a: Kola|Ceaseless Edge|p1a: Iron Treads|[miss]
|-miss|p2a: Kola|p1a: Iron Treads
|move|p1a: Iron Treads|Rapid Spin|p2a: Kola
|-damage|p2a: Kola|3/100
|-boost|p1a: Iron Treads|spe|1
|-sideend|p1: krampus gon get u|Spikes|[from] move: Rapid Spin|[of] p1a: Iron Treads
|
|-heal|p1a: Iron Treads|16/100|[from] item: Leftovers
|upkeep
|turn|9
|
|t:|1758949870
|move|p2a: Kola|Aqua Jet|p1a: Iron Treads
|-supereffective|p1a: Iron Treads
|-damage|p1a: Iron Treads|0 fnt
|faint|p1a: Iron Treads
|-end|p1a: Iron Treads|Quark Drive|[silent]
|
|upkeep
|
|t:|1758949876
|switch|p1a: Ogerpon|Ogerpon-Wellspring, F|100/100
|turn|10
|
|t:|1758949881
|move|p1a: Ogerpon|U-turn|p2a: Kola
|-supereffective|p2a: Kola
|-damage|p2a: Kola|0 fnt
|faint|p2a: Kola
|
|t:|1758949891
|switch|p1a: Kyurem|Kyurem|100/100|[from] U-turn
|-ability|p1a: Kyurem|Pressure
|
|upkeep
|
|t:|1758949900
|switch|p2a: Sparg0|Iron Valiant|100/100
|-damage|p2a: Sparg0|94/100|[from] Stealth Rock
|-enditem|p2a: Sparg0|Booster Energy
|-activate|p2a: Sparg0|ability: Quark Drive|[fromitem]
|-start|p2a: Sparg0|quarkdrivespa
|turn|11
|
|t:|1758949913
|-terastallize|p1a: Kyurem|Ice
|move|p2a: Sparg0|Moonblast|p1a: Kyurem
|-crit|p1a: Kyurem
|-damage|p1a: Kyurem|9/100
|move|p1a: Kyurem|Ice Beam|p2a: Sparg0
|-damage|p2a: Sparg0|0 fnt
|faint|p2a: Sparg0
|-end|p2a: Sparg0|Quark Drive|[silent]
|
|upkeep
|
|t:|1758949918
|switch|p2a: Light|Darkrai|100/100
|-damage|p2a: Light|88/100|[from] Stealth Rock
|turn|12
|
|t:|1758949922
|move|p2a: Light|Knock Off|p1a: Kyurem
|-damage|p1a: Kyurem|0 fnt
|-enditem|p1a: Kyurem|Choice Specs|[from] move: Knock Off|[of] p2a: Light
|faint|p1a: Kyurem
|
|upkeep
|
|t:|1758949942
|switch|p1a: Ogerpon|Ogerpon-Wellspring, F|100/100
|turn|13
|
|t:|1758949944
|move|p2a: Light|Dark Pulse|p1a: Ogerpon
|-damage|p1a: Ogerpon|40/100
|move|p1a: Ogerpon|U-turn|p2a: Light
|-supereffective|p2a: Light
|-damage|p2a: Light|10/100
|
|t:|1758949951
|switch|p1a: Ceruledge|Ceruledge, F|100/100|[from] U-turn
|
|upkeep
|turn|14
|
|t:|1758949954
|move|p2a: Light|Sucker Punch|p1a: Ceruledge
|-supereffective|p1a: Ceruledge
|-damage|p1a: Ceruledge|16/100
|-ability|p1a: Ceruledge|Weak Armor|boost
|-unboost|p1a: Ceruledge|def|1
|-boost|p1a: Ceruledge|spe|2
|move|p1a: Ceruledge|Shadow Sneak|p2a: Light
|-resisted|p2a: Light
|-damage|p2a: Light|0 fnt
|faint|p2a: Light
|
|upkeep
|
|t:|1758949958
|switch|p2a: MK-Schmix-O|Reuniclus, F|100/100
|turn|15
|
|t:|1758949962
|-terastallize|p2a: MK-Schmix-O|Fighting
|move|p1a: Ceruledge|Poltergeist|p2a: MK-Schmix-O
|-activate|p2a: MK-Schmix-O|move: Poltergeist|Life Orb
|-damage|p2a: MK-Schmix-O|42/100
|move|p2a: MK-Schmix-O|Trick Room|p2a: MK-Schmix-O
|-fieldstart|move: Trick Room|[of] p2a: MK-Schmix-O
|
|upkeep
|turn|16
|
|t:|1758949971
|move|p2a: MK-Schmix-O|Psychic Noise|p1a: Ceruledge
|-damage|p1a: Ceruledge|0 fnt
|faint|p1a: Ceruledge
|
|upkeep
|
|t:|1758949976
|switch|p1a: Pecharunt|Pecharunt|100/100
|turn|17
|
|t:|1758949980
|move|p2a: MK-Schmix-O|Psychic Noise|p1a: Pecharunt
|-supereffective|p1a: Pecharunt
|-damage|p1a: Pecharunt|0 fnt
|faint|p1a: Pecharunt
|
|upkeep
|
|t:|1758949986
|switch|p1a: Ogerpon|Ogerpon-Wellspring, F|40/100
|turn|18
|
|t:|1758949989
|move|p2a: MK-Schmix-O|Psychic Noise|p1a: Ogerpon
|-damage|p1a: Ogerpon|0 fnt
|faint|p1a: Ogerpon
|
|upkeep
|
|t:|1758949991
|switch|p1a: Iron Valiant|Iron Valiant|100/100
|-enditem|p1a: Iron Valiant|Booster Energy
|-activate|p1a: Iron Valiant|ability: Quark Drive|[fromitem]
|-start|p1a: Iron Valiant|quarkdrivespe
|turn|19
|
|t:|1758949995
|move|p2a: MK-Schmix-O|Psychic Noise|p1a: Iron Valiant
|-supereffective|p1a: Iron Valiant
|-damage|p1a: Iron Valiant|0 fnt
|faint|p1a: Iron Valiant
|-end|p1a: Iron Valiant|Quark Drive|[silent]
|
|win|RAZ0R258
|raw|krampus gon get u's rating: 1605 &rarr; <strong>1589</strong><br />(-16 for losing)
|raw|RAZ0R258's rating: 1671 &rarr; <strong>1687</strong><br />(+16 for winning)
|l|☆krampus gon get u
|player|p1|
|c|☆RAZ0R258|gg
|l|☆RAZ0R258
|player|p2|
