|j|☆dr. drake6782
|j|☆jpkeeks
|t:|1759008528
|gametype|singles
|player|p1|dr. drake6782|2|1477
|player|p2|jpkeeks|266|1464
|gen|9
|tier|[Gen 9] OU
|rated|
|rule|HP Percentage Mod: HP is shown in percentages
|rule|Endless Battle Clause: Forcing endless battles is banned
|rule|Species Clause: Limit one of each Pokémon
|rule|OHKO Clause: OHKO moves are banned
|rule|Evasion Items Clause: Evasion items are banned
|rule|Evasion Moves Clause: Evasion moves are banned
|rule|Evasion Abilities Clause: Evasion abilities are banned
|rule|Sleep Moves Clause: Sleep-inducing moves are banned
|clearpoke
|poke|p1|Gholdengo|
|poke|p1|Ceruledge, F|
|poke|p1|Enamorus, F|
|poke|p1|Ribombee, M|
|poke|p1|Quaquaval, F|
|poke|p1|Iron Treads|
|poke|p2|Meowscarada, F|
|poke|p2|Cinderace, F|
|poke|p2|Great Tusk|
|poke|p2|Ting-Lu|
|poke|p2|Latios, M|
|poke|p2|Pecharunt|
|teampreview
|inactive|Battle timer is ON: inactive players will automatically lose when time's up. (requested by dr. drake6782)
|
|t:|1759008539
|teamsize|p1|6
|teamsize|p2|6
|start
|switch|p1a: Quaquaval|Quaquaval, F|100/100
|switch|p2a: Meowscarada|Meowscarada, F|100/100
|turn|1
|
|t:|1759008546
|-terastallize|p1a: Quaquaval|Steel
|move|p2a: Meowscarada|U-turn|p1a: Quaquaval
|-start|p2a: Meowscarada|typechange|Bug|[from] ability: Protean
|-resisted|p1a: Quaquaval
|-damage|p1a: Quaquaval|78/100
|
|t:|1759008552
|switch|p2a: Great Tusk|Great Tusk|100/100|[from] U-turn
|move|p1a: Quaquaval|Close Combat|p2a: Great Tusk
|-damage|p2a: Great Tusk|57/100
|-unboost|p1a: Quaquaval|def|1
|-unboost|p1a: Quaquaval|spd|1
|-damage|p1a: Quaquaval|62/100|[from] item: Rocky Helmet|[of] p2a: Great Tusk
|
|upkeep
|turn|2
|
|t:|1759008560
|switch|p1a: Enamorus|Enamorus, F|100/100
|move|p2a: Great Tusk|Ice Spinner|p1a: Enamorus
|-supereffective|p1a: Enamorus
|-damage|p1a: Enamorus|14/100
|
|upkeep
|turn|3
|
|t:|1759008563
|-end|p2a: Great Tusk|Protosynthesis|[silent]
|switch|p2a: Ting-Lu|Ting-Lu|100/100
|-ability|p2a: Ting-Lu|Vessel of Ruin
|move|p1a: Enamorus|Moonblast|p2a: Ting-Lu
|-supereffective|p2a: Ting-Lu
|-damage|p2a: Ting-Lu|43/100
|
|-heal|p2a: Ting-Lu|49/100|[from] item: Leftovers
|upkeep
|turn|4
|
|t:|1759008567
|switch|p2a: Cinderace|Cinderace, F|100/100
|move|p1a: Enamorus|Moonblast|p2a: Cinderace
|-resisted|p2a: Cinderace
|-crit|p2a: Cinderace
|-damage|p2a: Cinderace|32/100
|-unboost|p2a: Cinderace|spa|1
|
|upkeep
|turn|5
|
|t:|1759008573
|switch|p1a: Ceruledge|Ceruledge, F|100/100
|move|p2a: Cinderace|U-turn|p1a: Ceruledge
|-start|p2a: Cinderace|typechange|Bug|[from] ability: Libero
|-resisted|p1a: Ceruledge
|-damage|p1a: Ceruledge|81/100
|-ability|p1a: Ceruledge|Weak Armor|boost
|-unboost|p1a: Ceruledge|def|1
|-boost|p1a: Ceruledge|spe|2
|
|t:|1759008580
|switch|p2a: Great Tusk|Great Tusk|57/100|[from] U-turn
|
|upkeep
|turn|6
|
|t:|1759008588
|move|p1a: Ceruledge|Poltergeist|p2a: Great Tusk|[miss]
|-miss|p1a: Ceruledge|p2a: Great Tusk
|move|p2a: Great Tusk|Headlong Rush|p1a: Ceruledge
|-supereffective|p1a: Ceruledge
|-damage|p1a: Ceruledge|0 fnt
|-unboost|p2a: Great Tusk|def|1
|-unboost|p2a: Great Tusk|spd|1
|faint|p1a: Ceruledge
|
|upkeep
|
|t:|1759008592
|switch|p1a: Enamorus|Enamorus, F|14/100
|turn|7
|
|t:|1759008597
|move|p1a: Enamorus|Moonblast|p2a: Great Tusk
|-supereffective|p2a: Great Tusk
|-damage|p2a: Great Tusk|0 fnt
|faint|p2a: Great Tusk
|-end|p2a: Great Tusk|Protosynthesis|[silent]
|
|upkeep
|
|t:|1759008599
|switch|p2a: Cinderace|Cinderace, F|32/100
|turn|8
|
|t:|1759008616
|switch|p1a: Quaquaval|Quaquaval, F, tera:Steel|62/100
|move|p2a: Cinderace|U-turn|p1a: Quaquaval
|-start|p2a: Cinderace|typechange|Bug|[from] ability: Libero
|-resisted|p1a: Quaquaval
|-damage|p1a: Quaquaval|30/100
|
|t:|1759008624
|switch|p2a: Latios|Latios, M|100/100|[from] U-turn
|
|upkeep
|turn|9
|
|t:|1759008627
|move|p2a: Latios|Luster Purge|p1a: Quaquaval
|-resisted|p1a: Quaquaval
|-damage|p1a: Quaquaval|0 fnt
|faint|p1a: Quaquaval
|
|upkeep
|
|t:|1759008634
|switch|p1a: Ribombee|Ribombee, M, shiny|100/100
|turn|10
|
|t:|1759008636
|move|p1a: Ribombee|Stun Spore|p2a: Latios
|-status|p2a: Latios|par
|move|p2a: Latios|Luster Purge|p1a: Ribombee
|-enditem|p1a: Ribombee|Focus Sash
|-damage|p1a: Ribombee|1/100
|
|upkeep
|turn|11
|
|t:|1759008643
|move|p1a: Ribombee|Sticky Web|p2a: Latios
|-sidestart|p2: jpkeeks|move: Sticky Web
|move|p2a: Latios|Luster Purge|p1a: Ribombee
|-damage|p1a: Ribombee|0 fnt
|faint|p1a: Ribombee
|
|upkeep
|
|t:|1759008653
|switch|p1a: Iron Treads|Iron Treads|100/100
|-enditem|p1a: Iron Treads|Booster Energy
|-activate|p1a: Iron Treads|ability: Quark Drive|[fromitem]
|-start|p1a: Iron Treads|quarkdriveatk
|turn|12
|
|t:|1759008657
|move|p1a: Iron Treads|Rapid Spin|p2a: Latios
|-damage|p2a: Latios|72/100 par
|-boost|p1a: Iron Treads|spe|1
|move|p2a: Latios|Luster Purge|p1a: Iron Treads
|-resisted|p1a: Iron Treads
|-damage|p1a: Iron Treads|55/100
|
|upkeep
|turn|13
|
|t:|1759008664
|-terastallize|p2a: Latios|Steel
|move|p1a: Iron Treads|Ice Spinner|p2a: Latios
|-resisted|p2a: Latios
|-crit|p2a: Latios
|-damage|p2a: Latios|33/100 par
|cant|p2a: Latios|par
|
|upkeep
|turn|14
|
|t:|1759008669
|move|p1a: Iron Treads|Supercell Slam|p2a: Latios
|-damage|p2a: Latios|0 fnt
|faint|p2a: Latios
|
|upkeep
|
|t:|1759008695
|switch|p2a: Pecharunt|Pecharunt|100/100
|-item|p2a: Pecharunt|Air Balloon
|turn|15
|
|t:|1759008702
|move|p1a: Iron Treads|Ice Spinner|p2a: Pecharunt
|-damage|p2a: Pecharunt|78/100
|-enditem|p2a: Pecharunt|Air Balloon
|move|p2a: Pecharunt|Parting Shot|p1a: Iron Treads
|-unboost|p1a: Iron Treads|atk|1
|-unboost|p1a: Iron Treads|spa|1
|
|t:|1759008703
|switch|p2a: Ting-Lu|Ting-Lu|49/100|[from] Parting Shot
|-activate|p2a: Ting-Lu|move: Sticky Web
|-unboost|p2a: Ting-Lu|spe|1
|-ability|p2a: Ting-Lu|Vessel of Ruin
|
|-heal|p2a: Ting-Lu|55/100|[from] item: Leftovers
|upkeep
|turn|16
|
|t:|1759008715
|move|p1a: Iron Treads|Ice Spinner|p2a: Ting-Lu
|-supereffective|p2a: Ting-Lu
|-damage|p2a: Ting-Lu|30/100
|move|p2a: Ting-Lu|Whirlwind|p1a: Iron Treads
|-end|p1a: Iron Treads|Quark Drive|[silent]
|drag|p1a: Enamorus|Enamorus, F|14/100
|
|-heal|p2a: Ting-Lu|36/100|[from] item: Leftovers
|upkeep
|turn|17
|
|t:|1759008721
|move|p1a: Enamorus|Moonblast|p2a: Ting-Lu
|-supereffective|p2a: Ting-Lu
|-damage|p2a: Ting-Lu|0 fnt
|faint|p2a: Ting-Lu
|
|upkeep
|
|t:|1759008723
|switch|p2a: Meowscarada|Meowscarada, F|100/100
|-activate|p2a: Meowscarada|move: Sticky Web
|-unboost|p2a: Meowscarada|spe|1
|turn|18
|
|t:|1759008725
|move|p2a: Meowscarada|Knock Off|p1a: Enamorus
|-start|p2a: Meowscarada|typechange|Dark|[from] ability: Protean
|-resisted|p1a: Enamorus
|-damage|p1a: Enamorus|0 fnt
|-enditem|p1a: Enamorus|Fairy Feather|[from] move: Knock Off|[of] p2a: Meowscarada
|faint|p1a: Enamorus
|
|upkeep
|
|t:|1759008732
|switch|p1a: Iron Treads|Iron Treads|55/100
|turn|19
|
|t:|1759008737
|switch|p2a: Pecharunt|Pecharunt|78/100
|-activate|p2a: Pecharunt|move: Sticky Web
|-unboost|p2a: Pecharunt|spe|1
|move|p1a: Iron Treads|Rapid Spin|p2a: Pecharunt
|-immune|p2a: Pecharunt
|
|upkeep
|turn|20
|
|t:|1759008745
|move|p1a: Iron Treads|Earthquake|p2a: Pecharunt
|-supereffective|p2a: Pecharunt
|-damage|p2a: Pecharunt|20/100
|move|p2a: Pecharunt|Parting Shot|p1a: Iron Treads
|-unboost|p1a: Iron Treads|atk|1
|-unboost|p1a: Iron Treads|spa|1
|
|t:|1759008747
|switch|p2a: Meowscarada|Meowscarada, F|100/100|[from] Parting Shot
|-activate|p2a: Meowscarada|move: Sticky Web
|-unboost|p2a: Meowscarada|spe|1
|
|upkeep
|turn|21
|
|t:|1759008769
|move|p2a: Meowscarada|Trick|p1a: Iron Treads
|-start|p2a: Meowscarada|typechange|Psychic|[from] ability: Protean
|-activate|p2a: Meowscarada|move: Trick|[of] p1a: Iron Treads
|-item|p1a: Iron Treads|Choice Scarf|[from] move: Trick
|-enditem|p2a: Meowscarada|Choice Scarf|[silent]|[from] move: Trick
|move|p1a: Iron Treads|Ice Spinner|p2a: Meowscarada
|-damage|p2a: Meowscarada|70/100
|
|upkeep
|turn|22
|
|t:|1759008779
|-end|p1a: Iron Treads|Quark Drive|[silent]
|switch|p1a: Gholdengo|Gholdengo|100/100
|-item|p1a: Gholdengo|Air Balloon
|switch|p2a: Pecharunt|Pecharunt|20/100
|-activate|p2a: Pecharunt|move: Sticky Web
|-unboost|p2a: Pecharunt|spe|1
|
|upkeep
|turn|23
|
|t:|1759008781
|move|p1a: Gholdengo|Shadow Ball|p2a: Pecharunt
|-supereffective|p2a: Pecharunt
|-damage|p2a: Pecharunt|0 fnt
|faint|p2a: Pecharunt
|
|upkeep
|
|t:|1759008783
|switch|p2a: Meowscarada|Meowscarada, F|70/100
|-activate|p2a: Meowscarada|move: Sticky Web
|-unboost|p2a: Meowscarada|spe|1
|turn|24
|
|t:|1759008786
|move|p1a: Gholdengo|Dazzling Gleam|p2a: Meowscarada
|-supereffective|p2a: Meowscarada
|-damage|p2a: Meowscarada|0 fnt
|faint|p2a: Meowscarada
|
|upkeep
|-message|jpkeeks forfeited.
|
|win|dr. drake6782
|raw|dr. drake6782's rating: 1477 &rarr; <strong>1496</strong><br />(+19 for winning)
|raw|jpkeeks's rating: 1464 &rarr; <strong>1445</strong><br />(-19 for losing)
|l|☆jpkeeks
|player|p2|
