|j|☆FairyDustQWQ苍炎刃鬼侠
|j|☆amaso420
|t:|1758947115
|gametype|singles
|player|p1|FairyDustQWQ苍炎刃鬼侠|iono|1183
|player|p2|amaso420|pokekid|1139
|gen|9
|tier|[Gen 9] OU
|rated|
|rule|HP Percentage Mod: HP is shown in percentages
|rule|Endless Battle Clause: Forcing endless battles is banned
|rule|Species Clause: Limit one of each Pokémon
|rule|OHKO Clause: OHKO moves are banned
|rule|Evasion Items Clause: Evasion items are banned
|rule|Evasion Moves Clause: Evasion moves are banned
|rule|Evasion Abilities Clause: Evasion abilities are banned
|rule|Sleep Moves Clause: Sleep-inducing moves are banned
|clearpoke
|poke|p1|Charizard, M|
|poke|p1|Torkoal, M|
|poke|p1|Hatterene, F|
|poke|p1|Great Tusk|
|poke|p1|Lilligant-Hisui, F|
|poke|p1|Walking Wake|
|poke|p2|Thundurus-Therian, M|
|poke|p2|Meowscarada, F|
|poke|p2|Hatterene, F|
|poke|p2|Great Tusk|
|poke|p2|Toxapex, F|
|poke|p2|Slither Wing|
|teampreview
|inactive|Battle timer is ON: inactive players will automatically lose when time's up. (requested by amaso420)
|inactive|FairyDustQWQ苍炎刃鬼侠 also wants the timer to be on.
|
|t:|1758947126
|teamsize|p1|6
|teamsize|p2|6
|start
|switch|p1a: 诹访原戒|Lilligant-Hisui, F|100/100
|switch|p2a: Thundurus|Thundurus-Therian, M|100/100
|turn|1
|
|t:|1758947137
|-terastallize|p2a: Thundurus|Flying
|move|p2a: Thundurus|Tera Blast|p1a: 诹访原戒|[anim] Tera Blast Flying
|-supereffective|p1a: 诹访原戒
|-damage|p1a: 诹访原戒|0 fnt
|faint|p1a: 诹访原戒
|
|upkeep
|
|t:|1758947156
|switch|p1a: 河内恭介|Torkoal, M|100/100
|-weather|SunnyDay|[from] ability: Drought|[of] p1a: 河内恭介
|turn|2
|
|t:|1758947165
|move|p2a: Thundurus|Tera Blast|p1a: 河内恭介|[anim] Tera Blast Flying
|-damage|p1a: 河内恭介|0 fnt
|faint|p1a: 河内恭介
|
|-weather|SunnyDay|[upkeep]
|upkeep
|
|t:|1758947168
|switch|p1a: 东和马|Charizard, M|100/100
|turn|3
|
|t:|1758947173
|move|p2a: Thundurus|Tera Blast|p1a: 东和马|[anim] Tera Blast Flying
|-damage|p1a: 东和马|0 fnt
|faint|p1a: 东和马
|
|-weather|SunnyDay|[upkeep]
|upkeep
|
|t:|1758947179
|switch|p1a: 松代健|Great Tusk|100/100
|-activate|p1a: 松代健|ability: Protosynthesis
|-start|p1a: 松代健|protosynthesisatk
|turn|4
|
|t:|1758947185
|move|p2a: Thundurus|Tera Blast|p1a: 松代健|[anim] Tera Blast Flying
|-supereffective|p1a: 松代健
|-damage|p1a: 松代健|0 fnt
|faint|p1a: 松代健
|-end|p1a: 松代健|Protosynthesis|[silent]
|
|-weather|SunnyDay|[upkeep]
|upkeep
|
|t:|1758947189
|switch|p1a: 冠茂|Walking Wake|100/100
|-activate|p1a: 冠茂|ability: Protosynthesis
|-start|p1a: 冠茂|protosynthesisspe
|turn|5
|
|t:|1758947196
|-terastallize|p1a: 冠茂|Water
|move|p1a: 冠茂|Hydro Steam|p2a: Thundurus
|-damage|p2a: Thundurus|0 fnt
|faint|p2a: Thundurus
|
|-weather|SunnyDay|[upkeep]
|upkeep
|
|t:|1758947208
|switch|p2a: Meowscarada|Meowscarada, F|100/100
|turn|6
|
|t:|1758947213
|-end|p1a: 冠茂|Protosynthesis|[silent]
|switch|p1a: 梓川月乃|Hatterene, F|100/100
|move|p2a: Meowscarada|Flower Trick|p1a: 梓川月乃
|-start|p2a: Meowscarada|typechange|Grass|[from] ability: Protean
|-crit|p1a: 梓川月乃
|-damage|p1a: 梓川月乃|53/100
|-enditem|p1a: 梓川月乃|Eject Button
|
|t:|1758947218
|switch|p1a: 冠茂|Walking Wake, tera:Water|100/100
|-activate|p1a: 冠茂|ability: Protosynthesis
|-start|p1a: 冠茂|protosynthesisspe
|
|-weather|SunnyDay|[upkeep]
|upkeep
|turn|7
|
|t:|1758947228
|move|p2a: Meowscarada|Flower Trick|p1a: 冠茂
|-supereffective|p1a: 冠茂
|-crit|p1a: 冠茂
|-damage|p1a: 冠茂|0 fnt
|faint|p1a: 冠茂
|-end|p1a: 冠茂|Protosynthesis|[silent]
|
|-weather|SunnyDay|[upkeep]
|upkeep
|
|t:|1758947231
|switch|p1a: 梓川月乃|Hatterene, F|53/100
|turn|8
|
|t:|1758947237
|move|p2a: Meowscarada|Flower Trick|p1a: 梓川月乃
|-crit|p1a: 梓川月乃
|-damage|p1a: 梓川月乃|5/100
|move|p1a: 梓川月乃|Dazzling Gleam|p2a: Meowscarada
|-damage|p2a: Meowscarada|48/100
|
|-weather|SunnyDay|[upkeep]
|upkeep
|turn|9
|
|t:|1758947246
|move|p2a: Meowscarada|Flower Trick|p1a: 梓川月乃
|-crit|p1a: 梓川月乃
|-damage|p1a: 梓川月乃|0 fnt
|faint|p1a: 梓川月乃
|
|win|amaso420
|raw|FairyDustQWQ苍炎刃鬼侠's rating: 1183 &rarr; <strong>1155</strong><br />(-28 for losing)
|raw|amaso420's rating: 1139 &rarr; <strong>1167</strong><br />(+28 for winning)
|l|☆amaso420
|player|p2|
|l|☆FairyDustQWQ苍炎刃鬼侠
|player|p1|
