|j|☆polgo
|j|☆VeryMerryBerry
|t:|1759067668
|gametype|singles
|player|p1|polgo|swimmer-gen4|1052
|player|p2|VeryMerryBerry|cheryl|1061
|gen|9
|tier|[Gen 9] OU
|rated|
|rule|HP Percentage Mod: HP is shown in percentages
|rule|Endless Battle Clause: Forcing endless battles is banned
|rule|Species Clause: Limit one of each Pokémon
|rule|OHKO Clause: OHKO moves are banned
|rule|Evasion Items Clause: Evasion items are banned
|rule|Evasion Moves Clause: Evasion moves are banned
|rule|Evasion Abilities Clause: Evasion abilities are banned
|rule|Sleep Moves Clause: Sleep-inducing moves are banned
|clearpoke
|poke|p1|Krookodile, F|
|poke|p1|Ariados, M|
|poke|p1|Scrafty, F|
|poke|p1|Drifblim, F|
|poke|p1|Dewgong, M|
|poke|p1|Magnezone|
|poke|p2|Alomomola, M|
|poke|p2|Toxapex, M|
|poke|p2|Clodsire, F|
|poke|p2|Blissey, F|
|poke|p2|Dondozo, M|
|poke|p2|Talonflame, M|
|teampreview
|c|☆polgo|talonflame just to be different right?
|
|t:|1759067691
|teamsize|p1|6
|teamsize|p2|6
|start
|switch|p1a: Krookodile|Krookodile, F, shiny|100/100
|switch|p2a: Alomomola|Alomomola, M|100/100
|turn|1
|
|t:|1759067703
|switch|p1a: Magnezone|Magnezone, shiny|100/100
|move|p2a: Alomomola|Whirlpool|p1a: Magnezone
|-damage|p1a: Magnezone|96/100
|-activate|p1a: Magnezone|move: Whirlpool|[of] p2a: Alomomola
|
|-damage|p1a: Magnezone|83/100|[from] move: Whirlpool|[partiallytrapped]
|upkeep
|turn|2
|
|t:|1759067714
|switch|p2a: Clodsire|Clodsire, F|100/100
|move|p1a: Magnezone|Thunderbolt|p2a: Clodsire
|-immune|p2a: Clodsire
|
|-end|p1a: Magnezone|Whirlpool|[partiallytrapped]|[silent]
|upkeep
|turn|3
|
|t:|1759067731
|switch|p1a: Krookodile|Krookodile, F, shiny|100/100
|move|p2a: Clodsire|Earthquake|p1a: Krookodile
|-damage|p1a: Krookodile|74/100
|
|upkeep
|turn|4
|
|t:|1759067746
|switch|p2a: Alomomola|Alomomola, M|100/100
|move|p1a: Krookodile|Bulk Up|p1a: Krookodile
|-boost|p1a: Krookodile|atk|1
|-boost|p1a: Krookodile|def|1
|
|upkeep
|turn|5
|
|t:|1759067758
|switch|p2a: Dondozo|Dondozo, M|100/100
|move|p1a: Krookodile|Taunt|p2a: Dondozo
|-start|p2a: Dondozo|move: Taunt
|
|upkeep
|turn|6
|
|t:|1759067770
|switch|p1a: Dewgong|Dewgong, M, shiny|100/100
|move|p2a: Dondozo|Body Press|p1a: Dewgong
|-supereffective|p1a: Dewgong
|-damage|p1a: Dewgong|46/100
|
|-heal|p1a: Dewgong|53/100|[from] item: Leftovers
|upkeep
|turn|7
|
|t:|1759067779
|move|p1a: Dewgong|Perish Song|p1a: Dewgong
|-start|p1a: Dewgong|perish3|[silent]
|-start|p2a: Dondozo|perish3|[silent]
|-fieldactivate|move: Perish Song
|move|p2a: Dondozo|Body Press|p1a: Dewgong
|-supereffective|p1a: Dewgong
|-damage|p1a: Dewgong|0 fnt
|faint|p1a: Dewgong
|
|-end|p2a: Dondozo|move: Taunt
|-start|p2a: Dondozo|perish3
|upkeep
|
|t:|1759067788
|switch|p1a: Scrafty|Scrafty, F, shiny|100/100
|turn|8
|inactive|Battle timer is ON: inactive players will automatically lose when time's up. (requested by polgo)
|
|t:|1759067814
|switch|p2a: Blissey|Blissey, F|100/100
|move|p1a: Scrafty|Bulk Up|p1a: Scrafty
|-boost|p1a: Scrafty|atk|1
|-boost|p1a: Scrafty|def|1
|
|upkeep
|turn|9
|
|t:|1759067822
|switch|p2a: Dondozo|Dondozo, M|100/100
|move|p1a: Scrafty|Payback|p2a: Dondozo
|-damage|p2a: Dondozo|93/100
|
|upkeep
|turn|10
|
|t:|1759067831
|switch|p1a: Drifblim|Drifblim, F, shiny|100/100
|move|p2a: Dondozo|Body Press|p1a: Drifblim
|-immune|p1a: Drifblim
|
|-status|p1a: Drifblim|brn|[from] item: Flame Orb
|upkeep
|turn|11
|
|t:|1759067844
|switch|p2a: Blissey|Blissey, F|100/100
|move|p1a: Drifblim|Trick|p2a: Blissey
|-activate|p1a: Drifblim|move: Trick|[of] p2a: Blissey
|-item|p2a: Blissey|Flame Orb|[from] move: Trick
|-item|p1a: Drifblim|Heavy-Duty Boots|[from] move: Trick
|
|-damage|p1a: Drifblim|94/100 brn|[from] brn
|-status|p2a: Blissey|brn|[from] item: Flame Orb
|upkeep
|turn|12
|
|t:|1759067865
|switch|p1a: Magnezone|Magnezone, shiny|83/100
|move|p2a: Blissey|Stealth Rock|p1a: Magnezone
|-sidestart|p1: polgo|move: Stealth Rock
|
|-damage|p2a: Blissey|94/100 brn|[from] brn
|upkeep
|turn|13
|
|t:|1759067879
|move|p1a: Magnezone|Steel Beam|p2a: Blissey
|-damage|p2a: Blissey|74/100 brn
|-damage|p1a: Magnezone|33/100|[from] steelbeam
|move|p2a: Blissey|Seismic Toss|p1a: Magnezone
|-damage|p1a: Magnezone|4/100
|
|-damage|p2a: Blissey|68/100 brn|[from] brn
|upkeep
|turn|14
|
|t:|1759067894
|move|p1a: Magnezone|Thunderbolt|p2a: Blissey
|-damage|p2a: Blissey|55/100 brn
|move|p2a: Blissey|Seismic Toss|p1a: Magnezone
|-damage|p1a: Magnezone|0 fnt
|faint|p1a: Magnezone
|
|-damage|p2a: Blissey|49/100 brn|[from] brn
|upkeep
|
|t:|1759067899
|switch|p1a: Krookodile|Krookodile, F, shiny|74/100
|-damage|p1a: Krookodile|68/100|[from] Stealth Rock
|turn|15
|
|t:|1759067913
|-curestatus|p2a: Blissey|brn|[from] ability: Natural Cure
|switch|p2a: Toxapex|Toxapex, M|100/100
|move|p1a: Krookodile|Bulk Up|p1a: Krookodile
|-boost|p1a: Krookodile|atk|1
|-boost|p1a: Krookodile|def|1
|
|upkeep
|turn|16
|
|t:|1759067922
|switch|p2a: Dondozo|Dondozo, M|93/100
|-terastallize|p1a: Krookodile|Poison
|move|p1a: Krookodile|Earthquake|p2a: Dondozo
|-damage|p2a: Dondozo|76/100
|
|upkeep
|turn|17
|
|t:|1759067947
|move|p1a: Krookodile|Taunt|p2a: Dondozo
|-start|p2a: Dondozo|move: Taunt
|move|p2a: Dondozo|Heavy Slam|p1a: Krookodile
|-damage|p1a: Krookodile|54/100
|
|upkeep
|turn|18
|
|t:|1759067954
|move|p1a: Krookodile|Knock Off|p2a: Dondozo
|-damage|p2a: Dondozo|60/100
|-enditem|p2a: Dondozo|Heavy-Duty Boots|[from] move: Knock Off|[of] p1a: Krookodile
|move|p2a: Dondozo|Heavy Slam|p1a: Krookodile
|-damage|p1a: Krookodile|38/100
|
|upkeep
|turn|19
|
|t:|1759067963
|move|p1a: Krookodile|Earthquake|p2a: Dondozo
|-damage|p2a: Dondozo|42/100
|move|p2a: Dondozo|Heavy Slam|p1a: Krookodile
|-crit|p1a: Krookodile
|-damage|p1a: Krookodile|18/100
|
|-end|p2a: Dondozo|move: Taunt
|upkeep
|turn|20
|
|t:|1759067980
|move|p1a: Krookodile|Earthquake|p2a: Dondozo
|-damage|p2a: Dondozo|23/100
|move|p2a: Dondozo|Rest|p2a: Dondozo
|-status|p2a: Dondozo|slp|[from] move: Rest
|-heal|p2a: Dondozo|100/100 slp|[silent]
|
|upkeep
|turn|21
|
|t:|1759067989
|switch|p1a: Drifblim|Drifblim, F, shiny|94/100 brn
|cant|p2a: Dondozo|slp
|move|p2a: Dondozo|Sleep Talk|p2a: Dondozo
|move|p2a: Dondozo|Heavy Slam|p1a: Drifblim|[from] move: Sleep Talk
|-damage|p1a: Drifblim|61/100 brn
|
|-damage|p1a: Drifblim|55/100 brn|[from] brn
|upkeep
|turn|22
|
|t:|1759068000
|move|p1a: Drifblim|Hex|p2a: Dondozo
|-damage|p2a: Dondozo|21/100 slp
|cant|p2a: Dondozo|slp
|move|p2a: Dondozo|Sleep Talk|p2a: Dondozo
|move|p2a: Dondozo|Body Press|p1a: Drifblim|[from] move: Sleep Talk
|-immune|p1a: Drifblim
|
|-damage|p1a: Drifblim|49/100 brn|[from] brn
|upkeep
|turn|23
|
|t:|1759068013
|switch|p2a: Blissey|Blissey, F|49/100
|move|p1a: Drifblim|Air Slash|p2a: Blissey
|-damage|p2a: Blissey|36/100
|
|-damage|p1a: Drifblim|43/100 brn|[from] brn
|-status|p2a: Blissey|brn|[from] item: Flame Orb
|upkeep
|turn|24
|
|t:|1759068023
|move|p1a: Drifblim|Air Slash|p2a: Blissey
|-damage|p2a: Blissey|24/100 brn
|move|p2a: Blissey|Soft-Boiled|p2a: Blissey
|-heal|p2a: Blissey|74/100 brn
|
|-damage|p1a: Drifblim|37/100 brn|[from] brn
|-damage|p2a: Blissey|68/100 brn|[from] brn
|upkeep
|turn|25
|
|t:|1759068031
|move|p1a: Drifblim|Strength Sap|p2a: Blissey
|-unboost|p2a: Blissey|atk|1
|-heal|p1a: Drifblim|42/100 brn
|move|p2a: Blissey|Soft-Boiled|p2a: Blissey
|-heal|p2a: Blissey|100/100 brn
|
|-damage|p1a: Drifblim|36/100 brn|[from] brn
|-damage|p2a: Blissey|94/100 brn|[from] brn
|upkeep
|turn|26
|
|t:|1759068052
|move|p1a: Drifblim|Hex|p2a: Blissey
|-immune|p2a: Blissey
|move|p2a: Blissey|Shadow Ball|p1a: Drifblim
|-supereffective|p1a: Drifblim
|-damage|p1a: Drifblim|3/100 brn
|
|-damage|p1a: Drifblim|0 fnt|[from] brn
|faint|p1a: Drifblim
|-damage|p2a: Blissey|88/100 brn|[from] brn
|upkeep
|
|t:|1759068062
|switch|p1a: Scrafty|Scrafty, F, shiny|100/100
|-damage|p1a: Scrafty|95/100|[from] Stealth Rock
|turn|27
|
|t:|1759068071
|-curestatus|p2a: Blissey|brn|[from] ability: Natural Cure
|switch|p2a: Toxapex|Toxapex, M|100/100
|move|p1a: Scrafty|Bulk Up|p1a: Scrafty
|-boost|p1a: Scrafty|atk|1
|-boost|p1a: Scrafty|def|1
|
|-heal|p1a: Scrafty|100/100|[from] item: Leftovers
|upkeep
|turn|28
|
|t:|1759068081
|move|p1a: Scrafty|Bulk Up|p1a: Scrafty
|-boost|p1a: Scrafty|atk|1
|-boost|p1a: Scrafty|def|1
|move|p2a: Toxapex|Haze|p2a: Toxapex
|-clearallboost
|
|upkeep
|turn|29
|
|t:|1759068092
|move|p1a: Scrafty|Bulk Up|p1a: Scrafty
|-boost|p1a: Scrafty|atk|1
|-boost|p1a: Scrafty|def|1
|move|p2a: Toxapex|Toxic|p1a: Scrafty
|-status|p1a: Scrafty|tox
|
|-damage|p1a: Scrafty|95/100 tox|[from] psn
|upkeep
|turn|30
|
|t:|1759068103
|move|p1a: Scrafty|Payback|p2a: Toxapex
|-damage|p2a: Toxapex|87/100
|move|p2a: Toxapex|Haze|p2a: Toxapex
|-clearallboost
|
|-heal|p1a: Scrafty|100/100 tox|[from] item: Leftovers
|-damage|p1a: Scrafty|89/100 tox|[from] psn
|upkeep
|turn|31
|
|t:|1759068114
|move|p1a: Scrafty|Bulk Up|p1a: Scrafty
|-boost|p1a: Scrafty|atk|1
|-boost|p1a: Scrafty|def|1
|move|p2a: Toxapex|Infestation|p1a: Scrafty
|-damage|p1a: Scrafty|86/100 tox
|-activate|p1a: Scrafty|move: Infestation|[of] p2a: Toxapex
|
|-activate|p1a: Scrafty|ability: Shed Skin
|-curestatus|p1a: Scrafty|tox|[msg]
|-heal|p1a: Scrafty|92/100|[from] item: Leftovers
|-damage|p1a: Scrafty|80/100|[from] move: Infestation|[partiallytrapped]
|upkeep
|turn|32
|
|t:|1759068126
|move|p1a: Scrafty|Payback|p2a: Toxapex
|-damage|p2a: Toxapex|73/100
|move|p2a: Toxapex|Toxic|p1a: Scrafty
|-status|p1a: Scrafty|tox
|
|-heal|p1a: Scrafty|86/100 tox|[from] item: Leftovers
|-damage|p1a: Scrafty|80/100 tox|[from] psn
|-damage|p1a: Scrafty|68/100 tox|[from] move: Infestation|[partiallytrapped]
|upkeep
|turn|33
|
|t:|1759068138
|move|p1a: Scrafty|Payback|p2a: Toxapex
|-damage|p2a: Toxapex|58/100
|move|p2a: Toxapex|Haze|p2a: Toxapex
|-clearallboost
|
|-heal|p1a: Scrafty|74/100 tox|[from] item: Leftovers
|-damage|p1a: Scrafty|62/100 tox|[from] psn
|-damage|p1a: Scrafty|49/100 tox|[from] move: Infestation|[partiallytrapped]
|upkeep
|turn|34
|
|t:|1759068149
|move|p1a: Scrafty|Payback|p2a: Toxapex
|-damage|p2a: Toxapex|49/100
|move|p2a: Toxapex|Recover|p2a: Toxapex
|-heal|p2a: Toxapex|99/100
|
|-activate|p1a: Scrafty|ability: Shed Skin
|-curestatus|p1a: Scrafty|tox|[msg]
|-heal|p1a: Scrafty|55/100|[from] item: Leftovers
|-damage|p1a: Scrafty|43/100|[from] move: Infestation|[partiallytrapped]
|upkeep
|turn|35
|-message|polgo forfeited.
|
|win|VeryMerryBerry
|raw|polgo's rating: 1052 &rarr; <strong>1035</strong><br />(-17 for losing)
|raw|VeryMerryBerry's rating: 1061 &rarr; <strong>1091</strong><br />(+30 for winning)
|l|☆polgo
|player|p1|
|l|☆VeryMerryBerry
|player|p2|
