|j|☆wiggilydiggily
|j|☆Gible808
|t:|1759011337
|gametype|singles
|player|p1|wiggilydiggily|265|1628
|player|p2|Gible808|170|1706
|gen|9
|tier|[Gen 9] OU
|rated|
|rule|HP Percentage Mod: HP is shown in percentages
|rule|Endless Battle Clause: Forcing endless battles is banned
|rule|Species Clause: Limit one of each Pokémon
|rule|OHKO Clause: OHKO moves are banned
|rule|Evasion Items Clause: Evasion items are banned
|rule|Evasion Moves Clause: Evasion moves are banned
|rule|Evasion Abilities Clause: Evasion abilities are banned
|rule|Sleep Moves Clause: Sleep-inducing moves are banned
|clearpoke
|poke|p1|Glimmora, F|
|poke|p1|Zamazenta-*|
|poke|p1|Iron Crown|
|poke|p1|Lycanroc-Dusk, M|
|poke|p1|Kyurem|
|poke|p1|Rillaboom, M|
|poke|p2|Cinderace, M|
|poke|p2|Tinkaton, F|
|poke|p2|Great Tusk|
|poke|p2|Dragapult, M|
|poke|p2|Muk-Alola, M|
|poke|p2|Alomomola, F|
|teampreview
|
|t:|1759011345
|teamsize|p1|6
|teamsize|p2|6
|start
|switch|p1a: Glimmora|Glimmora, F|100/100
|switch|p2a: Tinkaton|Tinkaton, F|100/100
|-item|p2a: Tinkaton|Air Balloon
|turn|1
|
|t:|1759011353
|move|p2a: Tinkaton|Gigaton Hammer|p1a: Glimmora
|-supereffective|p1a: Glimmora
|-enditem|p1a: Glimmora|Focus Sash
|-damage|p1a: Glimmora|1/100
|-activate|p1a: Glimmora|ability: Toxic Debris
|-sidestart|p2: Gible808|move: Toxic Spikes
|move|p1a: Glimmora|Power Gem|p2a: Tinkaton
|-resisted|p2a: Tinkaton
|-damage|p2a: Tinkaton|75/100
|-enditem|p2a: Tinkaton|Air Balloon
|
|upkeep
|turn|2
|
|t:|1759011358
|move|p2a: Tinkaton|Encore|p1a: Glimmora
|-start|p1a: Glimmora|Encore
|move|p1a: Glimmora|Power Gem|p2a: Tinkaton
|-resisted|p2a: Tinkaton
|-damage|p2a: Tinkaton|50/100
|
|upkeep
|turn|3
|
|t:|1759011361
|move|p2a: Tinkaton|Stealth Rock|p1a: Glimmora
|-sidestart|p1: wiggilydiggily|move: Stealth Rock
|move|p1a: Glimmora|Power Gem|p2a: Tinkaton
|-resisted|p2a: Tinkaton
|-damage|p2a: Tinkaton|28/100
|
|upkeep
|turn|4
|
|t:|1759011365
|move|p2a: Tinkaton|Gigaton Hammer|p1a: Glimmora
|-supereffective|p1a: Glimmora
|-damage|p1a: Glimmora|0 fnt
|-activate|p1a: Glimmora|ability: Toxic Debris
|-sidestart|p2: Gible808|move: Toxic Spikes
|faint|p1a: Glimmora
|
|upkeep
|
|t:|1759011396
|switch|p1a: Kyurem|Kyurem|100/100
|-damage|p1a: Kyurem|76/100|[from] Stealth Rock
|-ability|p1a: Kyurem|Pressure
|turn|5
|
|t:|1759011406
|switch|p2a: Muk|Muk-Alola, M|100/100
|-sideend|p2: Gible808|move: Toxic Spikes|[of] p2a: Muk
|move|p1a: Kyurem|Earth Power|p2a: Muk
|-supereffective|p2a: Muk
|-damage|p2a: Muk|51/100
|
|upkeep
|turn|6
|
|t:|1759011415
|move|p1a: Kyurem|Earth Power|p2a: Muk
|-supereffective|p2a: Muk
|-damage|p2a: Muk|3/100
|-unboost|p2a: Muk|spd|1
|move|p2a: Muk|Drain Punch|p1a: Kyurem
|-supereffective|p1a: Kyurem
|-damage|p1a: Kyurem|29/100
|-heal|p2a: Muk|26/100|[from] drain|[of] p1a: Kyurem
|
|upkeep
|turn|7
|
|t:|1759011423
|move|p1a: Kyurem|Earth Power|p2a: Muk
|-supereffective|p2a: Muk
|-damage|p2a: Muk|0 fnt
|faint|p2a: Muk
|
|upkeep
|
|t:|1759011425
|switch|p2a: Cinderace|Cinderace, M|100/100
|turn|8
|
|t:|1759011429
|move|p2a: Cinderace|Pyro Ball|p1a: Kyurem
|-damage|p1a: Kyurem|0 fnt
|faint|p1a: Kyurem
|
|upkeep
|
|t:|1759011438
|switch|p1a: Lycanroc|Lycanroc-Dusk, M|100/100
|-damage|p1a: Lycanroc|88/100|[from] Stealth Rock
|turn|9
|
|t:|1759011442
|switch|p2a: Alomomola|Alomomola, F|100/100
|move|p1a: Lycanroc|Psychic Fangs|p2a: Alomomola
|-damage|p2a: Alomomola|72/100
|-damage|p1a: Lycanroc|72/100|[from] item: Rocky Helmet|[of] p2a: Alomomola
|
|upkeep
|turn|10
|
|t:|1759011451
|switch|p1a: Iron Crown|Iron Crown|100/100
|-damage|p1a: Iron Crown|94/100|[from] Stealth Rock
|move|p2a: Alomomola|Wish|p2a: Alomomola
|
|upkeep
|turn|11
|
|t:|1759011463
|switch|p2a: Great Tusk|Great Tusk|100/100
|move|p1a: Iron Crown|Psychic Noise|p2a: Great Tusk
|-supereffective|p2a: Great Tusk
|-damage|p2a: Great Tusk|0 fnt
|faint|p2a: Great Tusk
|-end|p2a: Great Tusk|Protosynthesis|[silent]
|
|upkeep
|
|t:|1759011467
|switch|p2a: Tinkaton|Tinkaton, F|28/100
|turn|12
|j| Nikator98
|
|t:|1759011473
|move|p1a: Iron Crown|Psychic Noise|p2a: Tinkaton
|-resisted|p2a: Tinkaton
|-damage|p2a: Tinkaton|0 fnt
|faint|p2a: Tinkaton
|
|upkeep
|
|t:|1759011475
|switch|p2a: Cinderace|Cinderace, M|100/100
|turn|13
|l| Nikator98
|
|t:|1759011483
|-end|p1a: Iron Crown|Quark Drive|[silent]
|switch|p1a: Zamazenta|Zamazenta|100/100
|-damage|p1a: Zamazenta|94/100|[from] Stealth Rock
|-ability|p1a: Zamazenta|Dauntless Shield|boost
|-boost|p1a: Zamazenta|def|1
|move|p2a: Cinderace|Pyro Ball|p1a: Zamazenta|[miss]
|-miss|p2a: Cinderace|p1a: Zamazenta
|
|upkeep
|turn|14
|inactive|Battle timer is ON: inactive players will automatically lose when time's up. (requested by Gible808)
|
|t:|1759011509
|switch|p1a: Rillaboom|Rillaboom, M|100/100
|-damage|p1a: Rillaboom|88/100|[from] Stealth Rock
|-fieldstart|move: Grassy Terrain|[from] ability: Grassy Surge|[of] p1a: Rillaboom
|move|p2a: Cinderace|Will-O-Wisp|p1a: Rillaboom
|-status|p1a: Rillaboom|brn
|
|-heal|p1a: Rillaboom|94/100 brn|[from] Grassy Terrain
|-damage|p1a: Rillaboom|88/100 brn|[from] brn
|upkeep
|turn|15
|
|t:|1759011517
|move|p2a: Cinderace|Pyro Ball|p1a: Rillaboom
|-supereffective|p1a: Rillaboom
|-damage|p1a: Rillaboom|0 fnt
|faint|p1a: Rillaboom
|
|upkeep
|
|t:|1759011519
|switch|p1a: Zamazenta|Zamazenta|94/100
|-damage|p1a: Zamazenta|88/100|[from] Stealth Rock
|turn|16
|
|t:|1759011521
|move|p1a: Zamazenta|Close Combat|p2a: Cinderace
|-damage|p2a: Cinderace|0 fnt
|-unboost|p1a: Zamazenta|def|1
|-unboost|p1a: Zamazenta|spd|1
|faint|p2a: Cinderace
|
|-heal|p1a: Zamazenta|94/100|[from] Grassy Terrain
|upkeep
|
|t:|1759011524
|switch|p2a: Dragapult|Dragapult, M|100/100
|turn|17
|
|t:|1759011529
|switch|p1a: Iron Crown|Iron Crown|94/100
|-damage|p1a: Iron Crown|88/100|[from] Stealth Rock
|move|p2a: Dragapult|Shadow Ball|p1a: Iron Crown
|-supereffective|p1a: Iron Crown
|-damage|p1a: Iron Crown|0 fnt
|faint|p1a: Iron Crown
|-end|p1a: Iron Crown|Quark Drive|[silent]
|
|upkeep
|
|t:|1759011534
|switch|p1a: Zamazenta|Zamazenta|94/100
|-damage|p1a: Zamazenta|88/100|[from] Stealth Rock
|turn|18
|
|t:|1759011537
|switch|p2a: Alomomola|Alomomola, F|100/100
|-terastallize|p1a: Zamazenta|Dark
|move|p1a: Zamazenta|Crunch|p2a: Alomomola
|-damage|p2a: Alomomola|68/100
|-damage|p1a: Zamazenta|72/100|[from] item: Rocky Helmet|[of] p2a: Alomomola
|
|-heal|p1a: Zamazenta|78/100|[from] Grassy Terrain
|-heal|p2a: Alomomola|74/100|[from] Grassy Terrain
|-fieldend|move: Grassy Terrain
|upkeep
|turn|19
|
|t:|1759011541
|switch|p1a: Lycanroc|Lycanroc-Dusk, M|72/100
|-damage|p1a: Lycanroc|59/100|[from] Stealth Rock
|move|p2a: Alomomola|Flip Turn|p1a: Lycanroc
|-supereffective|p1a: Lycanroc
|-damage|p1a: Lycanroc|5/100
|
|t:|1759011543
|switch|p2a: Dragapult|Dragapult, M|100/100|[from] Flip Turn
|
|upkeep
|turn|20
|
|t:|1759011545
|move|p1a: Lycanroc|Accelerock|p2a: Dragapult
|-damage|p2a: Dragapult|48/100
|move|p2a: Dragapult|Shadow Ball|p1a: Lycanroc
|-damage|p1a: Lycanroc|0 fnt
|faint|p1a: Lycanroc
|
|upkeep
|
|t:|1759011547
|switch|p1a: Zamazenta|Zamazenta, tera:Dark|78/100
|-damage|p1a: Zamazenta|65/100|[from] Stealth Rock
|turn|21
|
|t:|1759011549
|switch|p2a: Alomomola|Alomomola, F|100/100
|move|p1a: Zamazenta|Crunch|p2a: Alomomola
|-damage|p2a: Alomomola|67/100
|-damage|p1a: Zamazenta|49/100|[from] item: Rocky Helmet|[of] p2a: Alomomola
|
|upkeep
|turn|22
|
|t:|1759011553
|move|p1a: Zamazenta|Crunch|p2a: Alomomola
|-damage|p2a: Alomomola|39/100
|-damage|p1a: Zamazenta|32/100|[from] item: Rocky Helmet|[of] p2a: Alomomola
|move|p2a: Alomomola|Flip Turn|p1a: Zamazenta
|-damage|p1a: Zamazenta|15/100
|
|t:|1759011555
|switch|p2a: Dragapult|Dragapult, M|48/100|[from] Flip Turn
|
|upkeep
|turn|23
|
|t:|1759011557
|move|p2a: Dragapult|Dragon Darts|p1a: Zamazenta
|-damage|p1a: Zamazenta|0 fnt
|faint|p1a: Zamazenta
|
|win|Gible808
|raw|wiggilydiggily's rating: 1628 &rarr; <strong>1612</strong><br />(-16 for losing)
|raw|Gible808's rating: 1706 &rarr; <strong>1722</strong><br />(+16 for winning)
|l|☆Gible808
|player|p2|
|l|☆wiggilydiggily
|player|p1|
