|j|☆Cmayron
|j|☆hungrymane
|t:|1759001003
|gametype|singles
|player|p1|Cmayron|ethan|1655
|player|p2|hungrymane|101|1715
|gen|9
|tier|[Gen 9] OU
|rated|
|rule|HP Percentage Mod: HP is shown in percentages
|rule|Endless Battle Clause: Forcing endless battles is banned
|rule|Species Clause: Limit one of each Pokémon
|rule|OHKO Clause: OHKO moves are banned
|rule|Evasion Items Clause: Evasion items are banned
|rule|Evasion Moves Clause: Evasion moves are banned
|rule|Evasion Abilities Clause: Evasion abilities are banned
|rule|Sleep Moves Clause: Sleep-inducing moves are banned
|clearpoke
|poke|p1|Iron Treads|
|poke|p1|Dragapult, M|
|poke|p1|Serperior, F|
|poke|p1|Dragonite, M|
|poke|p1|Greninja-*, M|
|poke|p1|Ceruledge, M|
|poke|p2|Chandelure, M|
|poke|p2|Greninja-*, M|
|poke|p2|Ribombee, M|
|poke|p2|Drifblim, M|
|poke|p2|Gyarados, F|
|poke|p2|Ceruledge, M|
|teampreview
|
|t:|1759001058
|teamsize|p1|6
|teamsize|p2|6
|start
|switch|p1a: Iron Treads|Iron Treads|100/100
|switch|p2a: Greninja|Greninja, M|100/100
|-enditem|p1a: Iron Treads|Booster Energy
|-activate|p1a: Iron Treads|ability: Quark Drive|[fromitem]
|-start|p1a: Iron Treads|quarkdrivespe
|turn|1
|
|t:|1759001066
|move|p1a: Iron Treads|Earthquake|p2a: Greninja
|-damage|p2a: Greninja|23/100
|move|p2a: Greninja|Grass Knot|p1a: Iron Treads
|-start|p2a: Greninja|typechange|Grass|[from] ability: Protean
|-damage|p1a: Iron Treads|24/100
|
|upkeep
|turn|2
|
|t:|1759001074
|switch|p2a: Drifblim|Drifblim, M|100/100
|move|p1a: Iron Treads|Ice Spinner|p2a: Drifblim
|-supereffective|p2a: Drifblim
|-damage|p2a: Drifblim|52/100
|-enditem|p2a: Drifblim|Kee Berry|[eat]
|-boost|p2a: Drifblim|def|1|[from] item: Kee Berry
|
|upkeep
|turn|3
|
|t:|1759001082
|move|p2a: Drifblim|Tailwind|p2a: Drifblim
|-sidestart|p2: hungrymane|move: Tailwind
|move|p1a: Iron Treads|Stealth Rock|p2a: Drifblim
|-sidestart|p2: hungrymane|move: Stealth Rock
|
|upkeep
|turn|4
|
|t:|1759001085
|move|p2a: Drifblim|Explosion|p1a: Iron Treads
|-resisted|p1a: Iron Treads
|-damage|p1a: Iron Treads|4/100
|faint|p2a: Drifblim
|move|p1a: Iron Treads|Ice Spinner|p2: Drifblim|[notarget]
|-fail|p1a: Iron Treads
|
|upkeep
|
|t:|1759001089
|switch|p2a: Greninja|Greninja, M|23/100
|-damage|p2a: Greninja|11/100|[from] Stealth Rock
|turn|5
|
|t:|1759001094
|move|p2a: Greninja|Spikes|p1a: Iron Treads
|-start|p2a: Greninja|typechange|Ground|[from] ability: Protean
|-sidestart|p1: Cmayron|Spikes
|move|p1a: Iron Treads|Earthquake|p2a: Greninja
|-damage|p2a: Greninja|0 fnt
|faint|p2a: Greninja
|
|upkeep
|
|t:|1759001107
|switch|p2a: Gyarados|Gyarados, F|100/100
|turn|6
|
|t:|1759001111
|move|p2a: Gyarados|Temper Flare|p1a: Iron Treads
|-supereffective|p1a: Iron Treads
|-damage|p1a: Iron Treads|0 fnt
|faint|p1a: Iron Treads
|-end|p1a: Iron Treads|Quark Drive|[silent]
|-ability|p2a: Gyarados|Moxie|boost
|-boost|p2a: Gyarados|atk|1
|
|-sideend|p2: hungrymane|move: Tailwind
|upkeep
|
|t:|1759001122
|switch|p1a: Dragonite|Dragonite, M, shiny|100/100
|turn|7
|
|t:|1759001127
|move|p2a: Gyarados|Dragon Dance|p2a: Gyarados
|-boost|p2a: Gyarados|atk|1
|-boost|p2a: Gyarados|spe|1
|move|p1a: Dragonite|Dragon Dance|p1a: Dragonite
|-boost|p1a: Dragonite|atk|1
|-boost|p1a: Dragonite|spe|1
|
|upkeep
|turn|8
|
|t:|1759001133
|-terastallize|p2a: Gyarados|Dragon
|move|p2a: Gyarados|Outrage|p1a: Dragonite
|-supereffective|p1a: Dragonite
|-damage|p1a: Dragonite|0 fnt
|faint|p1a: Dragonite
|-ability|p2a: Gyarados|Moxie|boost
|-boost|p2a: Gyarados|atk|1
|
|upkeep
|
|t:|1759001144
|switch|p1a: Serperior|Serperior, F, shiny|100/100
|-damage|p1a: Serperior|88/100|[from] Spikes
|turn|9
|
|t:|1759001146
|move|p1a: Serperior|Endure|p1a: Serperior
|-singleturn|p1a: Serperior|move: Endure
|move|p2a: Gyarados|Outrage|p1a: Serperior|[from] lockedmove
|-activate|p1a: Serperior|move: Endure
|-damage|p1a: Serperior|1/100
|-start|p2a: Gyarados|confusion|[fatigue]
|
|upkeep
|turn|10
|-enditem|p1a: Serperior|Custap Berry|[eat]
|-activate|p1a: Serperior|item: Custap Berry|[consumed]
|
|t:|1759001166
|switch|p2a: Ribombee|Ribombee, M|100/100
|-damage|p2a: Ribombee|76/100|[from] Stealth Rock
|move|p1a: Serperior|Dragon Pulse|p2a: Ribombee
|-immune|p2a: Ribombee
|
|upkeep
|turn|11
|
|t:|1759001185
|switch|p1a: Ceruledge|Ceruledge, M, shiny|100/100
|-damage|p1a: Ceruledge|88/100|[from] Spikes
|move|p2a: Ribombee|Sticky Web|p1a: Ceruledge
|-sidestart|p1: Cmayron|move: Sticky Web
|
|upkeep
|turn|12
|
|t:|1759001191
|switch|p2a: Chandelure|Chandelure, M|100/100
|-damage|p2a: Chandelure|76/100|[from] Stealth Rock
|move|p1a: Ceruledge|Bulk Up|p1a: Ceruledge
|-boost|p1a: Ceruledge|atk|1
|-boost|p1a: Ceruledge|def|1
|
|upkeep
|turn|13
|
|t:|1759001197
|-terastallize|p1a: Ceruledge|Bug
|move|p2a: Chandelure|Shadow Ball|p1a: Ceruledge
|-damage|p1a: Ceruledge|34/100
|move|p1a: Ceruledge|Bulk Up|p1a: Ceruledge
|-boost|p1a: Ceruledge|atk|1
|-boost|p1a: Ceruledge|def|1
|
|upkeep
|turn|14
|
|t:|1759001206
|move|p1a: Ceruledge|Shadow Sneak|p2a: Chandelure
|-supereffective|p2a: Chandelure
|-damage|p2a: Chandelure|0 fnt
|faint|p2a: Chandelure
|
|upkeep
|
|t:|1759001223
|switch|p2a: Gyarados|Gyarados, F, tera:Dragon|100/100
|turn|15
|
|t:|1759001226
|move|p2a: Gyarados|Outrage|p1a: Ceruledge
|-damage|p1a: Ceruledge|0 fnt
|faint|p1a: Ceruledge
|-ability|p2a: Gyarados|Moxie|boost
|-boost|p2a: Gyarados|atk|1
|
|upkeep
|
|t:|1759001234
|switch|p1a: Greninja|Greninja, M|100/100
|-damage|p1a: Greninja|88/100|[from] Spikes
|-activate|p1a: Greninja|move: Sticky Web
|-unboost|p1a: Greninja|spe|1
|turn|16
|
|t:|1759001235
|move|p2a: Gyarados|Outrage|p1a: Greninja|[from] lockedmove
|-damage|p1a: Greninja|0 fnt
|faint|p1a: Greninja
|-ability|p2a: Gyarados|Moxie|boost
|-boost|p2a: Gyarados|atk|1
|
|upkeep
|
|t:|1759001239
|switch|p1a: Serperior|Serperior, F, shiny|1/100
|-damage|p1a: Serperior|0 fnt|[from] Spikes
|faint|p1a: Serperior
|
|t:|1759001240
|switch|p1a: Dragapult|Dragapult, M|100/100
|-damage|p1a: Dragapult|88/100|[from] Spikes
|-activate|p1a: Dragapult|move: Sticky Web
|-unboost|p1a: Dragapult|spe|1
|turn|17
|
|t:|1759001243
|move|p2a: Gyarados|Outrage|p1a: Dragapult|[from] lockedmove
|-supereffective|p1a: Dragapult
|-damage|p1a: Dragapult|0 fnt
|faint|p1a: Dragapult
|-start|p2a: Gyarados|confusion|[fatigue]
|
|win|hungrymane
|raw|Cmayron's rating: 1655 &rarr; <strong>1638</strong><br />(-17 for losing)
|raw|hungrymane's rating: 1715 &rarr; <strong>1732</strong><br />(+17 for winning)
|l|☆Cmayron
|player|p1|
