|j|‽Agnirathaa
|j|☆meruem97
|t:|1758975124
|gametype|singles
|player|p1|Agnirathaa|n|1190
|player|p2|meruem97|plasmagrunt-gen5bw|1138
|gen|9
|tier|[Gen 9] OU
|rated|
|rule|HP Percentage Mod: HP is shown in percentages
|rule|Endless Battle Clause: Forcing endless battles is banned
|rule|Species Clause: Limit one of each Pokémon
|rule|OHKO Clause: OHKO moves are banned
|rule|Evasion Items Clause: Evasion items are banned
|rule|Evasion Moves Clause: Evasion moves are banned
|rule|Evasion Abilities Clause: Evasion abilities are banned
|rule|Sleep Moves Clause: Sleep-inducing moves are banned
|clearpoke
|poke|p1|Samurott-Hisui, M|
|poke|p1|Dragapult, M|
|poke|p1|Glimmora, M|
|poke|p1|Great Tusk|
|poke|p1|Kingambit, M|
|poke|p1|Landorus-Therian, M|
|poke|p2|Hitmonchan, M|
|poke|p2|Garchomp, F|
|poke|p2|Scizor, M|
|poke|p2|Feraligatr, M|
|poke|p2|Charizard, M|
|poke|p2|Moltres-Galar|
|teampreview
|inactive|Battle timer is ON: inactive players will automatically lose when time's up. (requested by Agnirathaa)
|
|t:|1758975135
|teamsize|p1|6
|teamsize|p2|6
|start
|switch|p1a: Great Tusk|Great Tusk|100/100
|switch|p2a: Scizor|Scizor, M|100/100
|-enditem|p1a: Great Tusk|Booster Energy
|-activate|p1a: Great Tusk|ability: Protosynthesis|[fromitem]
|-start|p1a: Great Tusk|protosynthesisatk
|turn|1
|
|t:|1758975140
|move|p1a: Great Tusk|Stealth Rock|p2a: Scizor
|-sidestart|p2: meruem97|move: Stealth Rock
|move|p2a: Scizor|Swords Dance|p2a: Scizor
|-boost|p2a: Scizor|atk|2
|
|upkeep
|turn|2
|
|t:|1758975149
|move|p1a: Great Tusk|Earthquake|p2a: Scizor
|-damage|p2a: Scizor|29/100
|move|p2a: Scizor|Swords Dance|p2a: Scizor
|-boost|p2a: Scizor|atk|2
|
|upkeep
|turn|3
|
|t:|1758975159
|-terastallize|p2a: Scizor|Steel
|move|p2a: Scizor|Bullet Punch|p1a: Great Tusk
|-damage|p1a: Great Tusk|7/100
|-damage|p2a: Scizor|19/100|[from] item: Life Orb
|move|p1a: Great Tusk|Earthquake|p2a: Scizor
|-supereffective|p2a: Scizor
|-damage|p2a: Scizor|0 fnt
|faint|p2a: Scizor
|
|upkeep
|
|t:|1758975172
|switch|p2a: Garchomp|Garchomp, F|100/100
|-damage|p2a: Garchomp|94/100|[from] Stealth Rock
|turn|4
|
|t:|1758975178
|-end|p1a: Great Tusk|Protosynthesis|[silent]
|switch|p1a: Landorus|Landorus-Therian, M|100/100
|-ability|p1a: Landorus|Intimidate|boost
|-unboost|p2a: Garchomp|atk|1
|move|p2a: Garchomp|Earthquake|p1a: Landorus
|-immune|p1a: Landorus
|
|upkeep
|turn|5
|
|t:|1758975194
|move|p1a: Landorus|U-turn|p2a: Garchomp
|-damage|p2a: Garchomp|80/100
|-damage|p1a: Landorus|88/100|[from] ability: Rough Skin|[of] p2a: Garchomp
|-damage|p1a: Landorus|72/100|[from] item: Rocky Helmet|[of] p2a: Garchomp
|
|t:|1758975200
|switch|p1a: Glimmora|Glimmora, M|100/100|[from] U-turn
|move|p2a: Garchomp|Stealth Rock|p1a: Glimmora
|-sidestart|p1: Agnirathaa|move: Stealth Rock
|
|upkeep
|turn|6
|inactive|meruem97 has 120 seconds left.
|
|t:|1758975253
|move|p1a: Glimmora|Mortal Spin|p2a: Garchomp
|-resisted|p2a: Garchomp
|-damage|p2a: Garchomp|77/100
|-status|p2a: Garchomp|psn
|-damage|p1a: Glimmora|88/100|[from] ability: Rough Skin|[of] p2a: Garchomp
|-damage|p1a: Glimmora|72/100|[from] item: Rocky Helmet|[of] p2a: Garchomp
|-sideend|p1: Agnirathaa|Stealth Rock|[from] move: Mortal Spin|[of] p1a: Glimmora
|move|p2a: Garchomp|Spikes|p1a: Glimmora
|-sidestart|p1: Agnirathaa|Spikes
|
|-damage|p2a: Garchomp|65/100 psn|[from] psn
|upkeep
|turn|7
|
|t:|1758975265
|move|p1a: Glimmora|Mortal Spin|p2a: Garchomp
|-resisted|p2a: Garchomp
|-damage|p2a: Garchomp|63/100 psn
|-damage|p1a: Glimmora|59/100|[from] ability: Rough Skin|[of] p2a: Garchomp
|-damage|p1a: Glimmora|43/100|[from] item: Rocky Helmet|[of] p2a: Garchomp
|-sideend|p1: Agnirathaa|Spikes|[from] move: Mortal Spin|[of] p1a: Glimmora
|move|p2a: Garchomp|Earthquake|p1a: Glimmora
|-supereffective|p1a: Glimmora
|-damage|p1a: Glimmora|0 fnt
|-activate|p1a: Glimmora|ability: Toxic Debris
|-sidestart|p2: meruem97|move: Toxic Spikes
|faint|p1a: Glimmora
|
|-damage|p2a: Garchomp|51/100 psn|[from] psn
|upkeep
|
|t:|1758975281
|switch|p1a: Dragapult|Dragapult, M|100/100
|turn|8
|
|t:|1758975286
|move|p1a: Dragapult|U-turn|p2a: Garchomp
|-damage|p2a: Garchomp|40/100 psn
|-damage|p1a: Dragapult|88/100|[from] ability: Rough Skin|[of] p2a: Garchomp
|-damage|p1a: Dragapult|72/100|[from] item: Rocky Helmet|[of] p2a: Garchomp
|
|t:|1758975293
|switch|p1a: Landorus|Landorus-Therian, M|72/100|[from] U-turn
|-ability|p1a: Landorus|Intimidate|boost
|-unboost|p2a: Garchomp|atk|1
|move|p2a: Garchomp|Stealth Rock|p1a: Landorus
|-sidestart|p1: Agnirathaa|move: Stealth Rock
|
|-damage|p2a: Garchomp|28/100 psn|[from] psn
|upkeep
|turn|9
|
|t:|1758975304
|move|p1a: Landorus|Earthquake|p2a: Garchomp
|-damage|p2a: Garchomp|0 fnt
|faint|p2a: Garchomp
|
|upkeep
|
|t:|1758975310
|switch|p2a: Hitmonchan|Hitmonchan, M, shiny|100/100
|-damage|p2a: Hitmonchan|94/100|[from] Stealth Rock
|-status|p2a: Hitmonchan|psn
|turn|10
|
|t:|1758975317
|move|p1a: Landorus|U-turn|p2a: Hitmonchan
|-resisted|p2a: Hitmonchan
|-damage|p2a: Hitmonchan|78/100 psn
|
|t:|1758975323
|switch|p1a: Dragapult|Dragapult, M|72/100|[from] U-turn
|-damage|p1a: Dragapult|59/100|[from] Stealth Rock
|move|p2a: Hitmonchan|Rapid Spin|p1a: Dragapult
|-immune|p1a: Dragapult
|
|-damage|p2a: Hitmonchan|66/100 psn|[from] psn
|upkeep
|turn|11
|
|t:|1758975339
|switch|p2a: Charizard|Charizard, M, shiny|100/100
|move|p1a: Dragapult|Shadow Ball|p2a: Charizard
|-damage|p2a: Charizard|34/100
|
|upkeep
|turn|12
|
|t:|1758975346
|move|p1a: Dragapult|Shadow Ball|p2a: Charizard
|-damage|p2a: Charizard|0 fnt
|faint|p2a: Charizard
|
|upkeep
|
|t:|1758975349
|switch|p2a: Moltres|Moltres-Galar|100/100
|-damage|p2a: Moltres|76/100|[from] Stealth Rock
|turn|13
|
|t:|1758975364
|switch|p1a: Samurott|Samurott-Hisui, M, shiny|100/100
|-damage|p1a: Samurott|88/100|[from] Stealth Rock
|move|p2a: Moltres|Agility|p2a: Moltres
|-boost|p2a: Moltres|spe|2
|
|upkeep
|turn|14
|
|t:|1758975382
|move|p2a: Moltres|Fiery Wrath|p1a: Samurott
|-resisted|p1a: Samurott
|-damage|p1a: Samurott|65/100
|move|p1a: Samurott|Ceaseless Edge|p2a: Moltres|[miss]
|-miss|p1a: Samurott|p2a: Moltres
|
|upkeep
|turn|15
|
|t:|1758975393
|move|p2a: Moltres|Fiery Wrath|p1a: Samurott
|-resisted|p1a: Samurott
|-damage|p1a: Samurott|43/100
|move|p1a: Samurott|Ceaseless Edge|p2a: Moltres
|-resisted|p2a: Moltres
|-damage|p2a: Moltres|54/100
|-sidestart|p2: meruem97|Spikes
|
|upkeep
|turn|16
|
|t:|1758975420
|move|p2a: Moltres|Fiery Wrath|p1a: Samurott
|-resisted|p1a: Samurott
|-damage|p1a: Samurott|22/100
|move|p1a: Samurott|Knock Off|p2a: Moltres
|-resisted|p2a: Moltres
|-damage|p2a: Moltres|31/100
|-enditem|p2a: Moltres|Chesto Berry|[from] move: Knock Off|[of] p1a: Samurott
|-ability|p2a: Moltres|Berserk|boost
|-boost|p2a: Moltres|spa|1
|
|upkeep
|turn|17
|inactive|Agnirathaa has 120 seconds left.
|inactive|meruem97 has 120 seconds left.
|
|t:|1758975456
|switch|p1a: Great Tusk|Great Tusk|7/100
|-damage|p1a: Great Tusk|4/100|[from] Stealth Rock
|move|p2a: Moltres|Tera Blast|p1a: Great Tusk
|-damage|p1a: Great Tusk|0 fnt
|faint|p1a: Great Tusk
|-end|p1a: Great Tusk|Protosynthesis|[silent]
|
|upkeep
|inactive|Agnirathaa has 120 seconds left.
|
|t:|1758975480
|switch|p1a: Kingambit|Kingambit, M|100/100
|-damage|p1a: Kingambit|94/100|[from] Stealth Rock
|-activate|p1a: Kingambit|ability: Supreme Overlord
|-start|p1a: Kingambit|fallen2|[silent]
|turn|18
|inactive|meruem97 has 120 seconds left.
|
|t:|1758975491
|move|p1a: Kingambit|Sucker Punch|p2a: Moltres
|-resisted|p2a: Moltres
|-damage|p2a: Moltres|5/100
|move|p2a: Moltres|Fiery Wrath|p1a: Kingambit
|-resisted|p1a: Kingambit
|-damage|p1a: Kingambit|60/100
|
|-heal|p1a: Kingambit|67/100|[from] item: Leftovers
|upkeep
|turn|19
|inactive|Agnirathaa has 120 seconds left.
|inactive|meruem97 has 120 seconds left.
|
|t:|1758975517
|move|p2a: Moltres|Fiery Wrath|p1a: Kingambit
|-resisted|p1a: Kingambit
|-damage|p1a: Kingambit|33/100
|move|p1a: Kingambit|Iron Head|p2a: Moltres
|-damage|p2a: Moltres|0 fnt
|faint|p2a: Moltres
|
|-heal|p1a: Kingambit|39/100|[from] item: Leftovers
|upkeep
|
|t:|1758975521
|switch|p2a: Hitmonchan|Hitmonchan, M, shiny|66/100 psn
|-damage|p2a: Hitmonchan|60/100 psn|[from] Stealth Rock
|-damage|p2a: Hitmonchan|47/100 psn|[from] Spikes
|turn|20
|inactive|Agnirathaa has 120 seconds left.
|
|t:|1758975532
|-end|p1a: Kingambit|fallen2|[silent]
|switch|p1a: Dragapult|Dragapult, M|59/100
|-damage|p1a: Dragapult|47/100|[from] Stealth Rock
|move|p2a: Hitmonchan|Knock Off|p1a: Dragapult
|-supereffective|p1a: Dragapult
|-damage|p1a: Dragapult|0 fnt
|-enditem|p1a: Dragapult|Choice Specs|[from] move: Knock Off|[of] p2a: Hitmonchan
|faint|p1a: Dragapult
|
|-damage|p2a: Hitmonchan|35/100 psn|[from] psn
|upkeep
|
|t:|1758975554
|switch|p1a: Landorus|Landorus-Therian, M|72/100
|-damage|p1a: Landorus|59/100|[from] Stealth Rock
|-ability|p1a: Landorus|Intimidate|boost
|-unboost|p2a: Hitmonchan|atk|1
|turn|21
|
|t:|1758975564
|move|p1a: Landorus|Earthquake|p2a: Hitmonchan
|-damage|p2a: Hitmonchan|0 fnt
|faint|p2a: Hitmonchan
|
|upkeep
|
|t:|1758975574
|switch|p2a: Feraligatr|Feraligatr, M|100/100
|-damage|p2a: Feraligatr|88/100|[from] Stealth Rock
|-status|p2a: Feraligatr|psn
|-damage|p2a: Feraligatr|75/100 psn|[from] Spikes
|turn|22
|
|t:|1758975579
|move|p1a: Landorus|U-turn|p2a: Feraligatr
|-damage|p2a: Feraligatr|51/100 psn
|
|t:|1758975584
|switch|p1a: Samurott|Samurott-Hisui, M, shiny|22/100|[from] U-turn
|-damage|p1a: Samurott|9/100|[from] Stealth Rock
|move|p2a: Feraligatr|Dragon Dance|p2a: Feraligatr
|-boost|p2a: Feraligatr|atk|1
|-boost|p2a: Feraligatr|spe|1
|
|-damage|p2a: Feraligatr|39/100 psn|[from] psn
|upkeep
|turn|23
|inactive|Agnirathaa has 120 seconds left.
|l|☆meruem97
|inactive|meruem97 disconnected and has a minute to reconnect!
|player|p2|
|inactive|meruem97 has 30 seconds to reconnect!
|inactive|meruem97 has 20 seconds to reconnect!
|inactive|meruem97 has 15 seconds to reconnect!
|inactive|meruem97 has 10 seconds to reconnect!
|inactive|meruem97 has 5 seconds to reconnect!
|-message|meruem97 lost due to inactivity.
|
|win|Agnirathaa
|raw|Agnirathaa's rating: 1190 &rarr; <strong>1211</strong><br />(+21 for winning)
|raw|meruem97's rating: 1138 &rarr; <strong>1117</strong><br />(-21 for losing)
|j|☆meruem97
|player|p2|meruem97|plasmagrunt-gen5bw|
|l|☆meruem97
|player|p2|
|l|‽Agnirathaa
|player|p1|
