|j|☆krookodile fangirl
|j|☆iougb08hg80h
|t:|1758923711
|gametype|singles
|player|p1|krookodile fangirl|roughneck|1234
|player|p2|iougb08hg80h|266|1238
|gen|9
|tier|[Gen 9] OU
|rated|
|rule|HP Percentage Mod: HP is shown in percentages
|rule|Endless Battle Clause: Forcing endless battles is banned
|rule|Species Clause: Limit one of each Pokémon
|rule|OHKO Clause: OHKO moves are banned
|rule|Evasion Items Clause: Evasion items are banned
|rule|Evasion Moves Clause: Evasion moves are banned
|rule|Evasion Abilities Clause: Evasion abilities are banned
|rule|Sleep Moves Clause: Sleep-inducing moves are banned
|clearpoke
|poke|p1|Krookodile, M|
|poke|p1|Ogerpon-Wellspring, F|
|poke|p1|Pecharunt|
|poke|p1|Cyclizar, M|
|poke|p1|Iron Valiant|
|poke|p1|Skarmory, M|
|poke|p2|Sableye, F|
|poke|p2|Frosmoth, M|
|poke|p2|Moltres|
|poke|p2|Meowscarada, F|
|poke|p2|Blastoise, M|
|poke|p2|Gulpin, M|
|teampreview
|
|t:|1758923723
|teamsize|p1|6
|teamsize|p2|6
|start
|switch|p1a: Pizza Delivery Guy|Cyclizar, M|100/100
|switch|p2a: Meowscarada|Meowscarada, F|100/100
|turn|1
|c|☆krookodile fangirl|W Gulpin
|
|t:|1758923735
|switch|p1a: Ogerpon|Ogerpon-Wellspring, F|100/100
|move|p2a: Meowscarada|Triple Axel|p1a: Ogerpon
|-start|p2a: Meowscarada|typechange|Ice|[from] ability: Protean
|-damage|p1a: Ogerpon|89/100
|-damage|p1a: Ogerpon|67/100
|-damage|p1a: Ogerpon|31/100
|-hitcount|p1a: Ogerpon|3
|
|upkeep
|turn|2
|inactive|Battle timer is ON: inactive players will automatically lose when time's up. (requested by krookodile fangirl)
|
|t:|1758923750
|switch|p1a: John The Fisherman|Skarmory, M|100/100
|move|p2a: Meowscarada|Triple Axel|p1a: John The Fisherman
|-damage|p1a: John The Fisherman|94/100
|-damage|p1a: John The Fisherman|81/100
|-damage|p1a: John The Fisherman|62/100
|-hitcount|p1a: John The Fisherman|3
|-enditem|p1a: John The Fisherman|Red Card|[of] p2a: Meowscarada
|drag|p2a: Gulpin|Gulpin, M|100/100
|
|upkeep
|turn|3
|
|t:|1758923762
|switch|p2a: Blastoise|Blastoise, M|100/100
|move|p1a: John The Fisherman|Stealth Rock|p2a: Blastoise
|-sidestart|p2: iougb08hg80h|move: Stealth Rock
|
|upkeep
|turn|4
|
|t:|1758923770
|switch|p1a: T-800|Iron Valiant, shiny|100/100
|-enditem|p1a: T-800|Booster Energy
|-activate|p1a: T-800|ability: Quark Drive|[fromitem]
|-start|p1a: T-800|quarkdrivespe
|move|p2a: Blastoise|Flip Turn|p1a: T-800
|-damage|p1a: T-800|70/100
|
|t:|1758923783
|switch|p2a: Moltres|Moltres|100/100|[from] Flip Turn
|
|upkeep
|turn|5
|
|t:|1758923792
|-terastallize|p1a: T-800|Stellar
|move|p1a: T-800|Thunderbolt|p2a: Moltres
|-supereffective|p2a: Moltres
|-damage|p2a: Moltres|27/100
|move|p2a: Moltres|Hurricane|p1a: T-800|[miss]
|-miss|p2a: Moltres|p1a: T-800
|
|upkeep
|turn|6
|
|t:|1758923801
|switch|p2a: Sableye|Sableye, F|100/100
|-damage|p2a: Sableye|88/100|[from] Stealth Rock
|move|p1a: T-800|Calm Mind|p1a: T-800
|-boost|p1a: T-800|spa|1
|-boost|p1a: T-800|spd|1
|
|-heal|p2a: Sableye|94/100|[from] item: Leftovers
|upkeep
|turn|7
|
|t:|1758923809
|move|p2a: Sableye|Encore|p1a: T-800
|-start|p1a: T-800|Encore
|move|p1a: T-800|Calm Mind|p1a: T-800
|-boost|p1a: T-800|spa|1
|-boost|p1a: T-800|spd|1
|
|-heal|p2a: Sableye|99/100|[from] item: Leftovers
|upkeep
|turn|8
|
|t:|1758923815
|move|p2a: Sableye|Substitute|p2a: Sableye
|-start|p2a: Sableye|Substitute
|-damage|p2a: Sableye|75/100
|move|p1a: T-800|Calm Mind|p1a: T-800
|-boost|p1a: T-800|spa|1
|-boost|p1a: T-800|spd|1
|
|-heal|p2a: Sableye|81/100|[from] item: Leftovers
|upkeep
|turn|9
|
|t:|1758923823
|-end|p1a: T-800|Quark Drive|[silent]
|switch|p1a: John The Fisherman|Skarmory, M|62/100
|move|p2a: Sableye|Night Shade|p1a: John The Fisherman
|-damage|p1a: John The Fisherman|29/100
|
|-heal|p2a: Sableye|87/100|[from] item: Leftovers
|upkeep
|turn|10
|
|t:|1758923829
|move|p1a: John The Fisherman|Roost|p1a: John The Fisherman
|-heal|p1a: John The Fisherman|79/100
|-singleturn|p1a: John The Fisherman|move: Roost
|move|p2a: Sableye|Night Shade|p1a: John The Fisherman
|-damage|p1a: John The Fisherman|47/100
|
|-heal|p2a: Sableye|93/100|[from] item: Leftovers
|upkeep
|turn|11
|
|t:|1758923838
|switch|p1a: Pizza Delivery Guy|Cyclizar, M|100/100
|move|p2a: Sableye|Encore||[still]
|-fail|p2a: Sableye
|
|-heal|p2a: Sableye|99/100|[from] item: Leftovers
|upkeep
|turn|12
|
|t:|1758923847
|move|p2a: Sableye|Substitute|p2a: Sableye
|-fail|p2a: Sableye|move: Substitute
|move|p1a: Pizza Delivery Guy|Taunt|p2a: Sableye
|-start|p2a: Sableye|move: Taunt
|
|-heal|p2a: Sableye|100/100|[from] item: Leftovers
|upkeep
|turn|13
|
|t:|1758923856
|move|p1a: Pizza Delivery Guy|U-turn|p2a: Sableye
|-activate|p2a: Sableye|move: Substitute|[damage]
|
|t:|1758923858
|switch|p1a: Geek Bar|Pecharunt|100/100|[from] U-turn
|move|p2a: Sableye|Night Shade|p1a: Geek Bar
|-damage|p1a: Geek Bar|70/100
|
|upkeep
|turn|14
|
|t:|1758923864
|move|p1a: Geek Bar|Malignant Chain|p2a: Sableye
|-resisted|p2a: Sableye
|-crit|p2a: Sableye
|-end|p2a: Sableye|Substitute
|move|p2a: Sableye|Night Shade|p1a: Geek Bar
|-damage|p1a: Geek Bar|40/100
|
|upkeep
|turn|15
|
|t:|1758923873
|switch|p2a: Gulpin|Gulpin, M|100/100
|-damage|p2a: Gulpin|88/100|[from] Stealth Rock
|move|p1a: Geek Bar|Malignant Chain|p2a: Gulpin
|-resisted|p2a: Gulpin
|-damage|p2a: Gulpin|73/100
|
|upkeep
|turn|16
|
|t:|1758923889
|move|p1a: Geek Bar|Recover|p1a: Geek Bar
|-heal|p1a: Geek Bar|90/100
|move|p2a: Gulpin|Encore|p1a: Geek Bar
|-start|p1a: Geek Bar|Encore
|
|upkeep
|turn|17
|
|t:|1758923897
|switch|p1a: Baconator|Krookodile, M, shiny|100/100
|switch|p2a: Blastoise|Blastoise, M|100/100
|-damage|p2a: Blastoise|88/100|[from] Stealth Rock
|
|upkeep
|turn|18
|
|t:|1758923904
|switch|p1a: Ogerpon|Ogerpon-Wellspring, F|31/100
|move|p2a: Blastoise|Rapid Spin|p1a: Ogerpon
|-damage|p1a: Ogerpon|16/100
|-boost|p2a: Blastoise|spe|1
|-sideend|p2: iougb08hg80h|Stealth Rock|[from] move: Rapid Spin|[of] p2a: Blastoise
|
|upkeep
|turn|19
|
|t:|1758923920
|move|p1a: Ogerpon|Horn Leech|p2a: Blastoise
|-supereffective|p2a: Blastoise
|-damage|p2a: Blastoise|15/100
|-heal|p1a: Ogerpon|56/100|[from] drain|[of] p2a: Blastoise
|move|p2a: Blastoise|Rapid Spin|p1a: Ogerpon
|-damage|p1a: Ogerpon|41/100
|-boost|p2a: Blastoise|spe|1
|
|upkeep
|turn|20
|
|t:|1758923929
|switch|p2a: Gulpin|Gulpin, M|73/100
|move|p1a: Ogerpon|Horn Leech|p2a: Gulpin
|-resisted|p2a: Gulpin
|-damage|p2a: Gulpin|55/100
|-heal|p1a: Ogerpon|49/100|[from] drain|[of] p2a: Gulpin
|
|upkeep
|turn|21
|
|t:|1758923940
|move|p1a: Ogerpon|Ivy Cudgel|p2a: Gulpin|[anim] Ivy Cudgel Water
|-damage|p2a: Gulpin|9/100
|move|p2a: Gulpin|Pain Split|p1a: Ogerpon
|-sethp|p1a: Ogerpon|29/100|[from] move: Pain Split|[silent]
|-sethp|p2a: Gulpin|33/100|[from] move: Pain Split
|
|upkeep
|turn|22
|
|t:|1758923949
|move|p1a: Ogerpon|Swords Dance|p1a: Ogerpon
|-boost|p1a: Ogerpon|atk|2
|move|p2a: Gulpin|Toxic|p1a: Ogerpon
|-status|p1a: Ogerpon|tox
|
|-damage|p1a: Ogerpon|23/100 tox|[from] psn
|upkeep
|turn|23
|
|t:|1758923959
|move|p1a: Ogerpon|Horn Leech|p2a: Gulpin
|-resisted|p2a: Gulpin
|-damage|p2a: Gulpin|0 fnt
|-heal|p1a: Ogerpon|37/100 tox|[from] drain|[of] p2a: Gulpin
|faint|p2a: Gulpin
|
|-damage|p1a: Ogerpon|24/100 tox|[from] psn
|upkeep
|
|t:|1758923968
|switch|p2a: Sableye|Sableye, F|100/100
|turn|24
|
|t:|1758923970
|move|p2a: Sableye|Disable|p1a: Ogerpon
|-start|p1a: Ogerpon|Disable|Horn Leech
|cant|p1a: Ogerpon|Disable|Horn Leech
|
|-damage|p1a: Ogerpon|6/100 tox|[from] psn
|upkeep
|turn|25
|
|t:|1758923977
|move|p2a: Sableye|Substitute|p2a: Sableye
|-start|p2a: Sableye|Substitute
|-damage|p2a: Sableye|76/100
|move|p1a: Ogerpon|Ivy Cudgel|p2a: Sableye|[anim] Ivy Cudgel Water
|-end|p2a: Sableye|Substitute
|
|-heal|p2a: Sableye|82/100|[from] item: Leftovers
|-damage|p1a: Ogerpon|0 fnt|[from] psn
|faint|p1a: Ogerpon
|upkeep
|
|t:|1758923981
|switch|p1a: Pizza Delivery Guy|Cyclizar, M|100/100
|turn|26
|
|t:|1758924001
|switch|p2a: Moltres|Moltres|27/100
|move|p1a: Pizza Delivery Guy|Taunt|p2a: Moltres
|-start|p2a: Moltres|move: Taunt
|
|upkeep
|turn|27
|
|t:|1758924008
|move|p1a: Pizza Delivery Guy|Draco Meteor|p2a: Moltres
|-crit|p2a: Moltres
|-damage|p2a: Moltres|0 fnt
|-unboost|p1a: Pizza Delivery Guy|spa|2
|faint|p2a: Moltres
|
|upkeep
|
|t:|1758924014
|switch|p2a: Frosmoth|Frosmoth, M|100/100
|turn|28
|
|t:|1758924017
|move|p1a: Pizza Delivery Guy|Taunt|p2a: Frosmoth
|-start|p2a: Frosmoth|move: Taunt
|move|p2a: Frosmoth|Ice Beam|p1a: Pizza Delivery Guy
|-supereffective|p1a: Pizza Delivery Guy
|-damage|p1a: Pizza Delivery Guy|0 fnt
|faint|p1a: Pizza Delivery Guy
|
|upkeep
|
|t:|1758924019
|switch|p1a: T-800|Iron Valiant, shiny, tera:Stellar|70/100
|turn|29
|
|t:|1758924032
|switch|p2a: Blastoise|Blastoise, M|15/100
|move|p1a: T-800|Calm Mind|p1a: T-800
|-boost|p1a: T-800|spa|1
|-boost|p1a: T-800|spd|1
|
|upkeep
|turn|30
|
|t:|1758924037
|move|p1a: T-800|Moonblast|p2a: Blastoise
|-damage|p2a: Blastoise|0 fnt
|faint|p2a: Blastoise
|
|upkeep
|
|t:|1758924045
|switch|p2a: Sableye|Sableye, F|82/100
|turn|31
|
|t:|1758924048
|move|p2a: Sableye|Disable|p1a: T-800
|-start|p1a: T-800|Disable|Moonblast
|move|p1a: T-800|Encore|p2a: Sableye
|-start|p2a: Sableye|Encore
|
|-heal|p2a: Sableye|88/100|[from] item: Leftovers
|upkeep
|turn|32
|
|t:|1758924055
|-end|p1a: T-800|Quark Drive|[silent]
|switch|p1a: John The Fisherman|Skarmory, M|47/100
|switch|p2a: Meowscarada|Meowscarada, F|100/100
|
|upkeep
|turn|33
|
|t:|1758924067
|move|p2a: Meowscarada|Trick|p1a: John The Fisherman
|-start|p2a: Meowscarada|typechange|Psychic|[from] ability: Protean
|-activate|p2a: Meowscarada|move: Trick|[of] p1a: John The Fisherman
|-item|p1a: John The Fisherman|Choice Scarf|[from] move: Trick
|-enditem|p2a: Meowscarada|Choice Scarf|[silent]|[from] move: Trick
|move|p1a: John The Fisherman|Stealth Rock|p2a: Meowscarada
|-sidestart|p2: iougb08hg80h|move: Stealth Rock
|
|upkeep
|turn|34
|
|t:|1758924075
|switch|p1a: Baconator|Krookodile, M, shiny|100/100
|move|p2a: Meowscarada|Triple Axel|p1a: Baconator
|-supereffective|p1a: Baconator
|-damage|p1a: Baconator|84/100
|-supereffective|p1a: Baconator
|-damage|p1a: Baconator|55/100
|-supereffective|p1a: Baconator
|-crit|p1a: Baconator
|-damage|p1a: Baconator|0 fnt
|faint|p1a: Baconator
|-hitcount|p1: Baconator|3
|
|upkeep
|-message|krookodile fangirl forfeited.
|
|win|iougb08hg80h
|raw|krookodile fangirl's rating: 1234 &rarr; <strong>1209</strong><br />(-25 for losing)
|raw|iougb08hg80h's rating: 1238 &rarr; <strong>1263</strong><br />(+25 for winning)
|l|☆krookodile fangirl
|player|p1|
|l|☆iougb08hg80h
|player|p2|
