|j|☆Herris456
|j|☆Inder-House
|t:|1759073964
|gametype|singles
|player|p1|Herris456|pryce|
|player|p2|Inder-House|170|
|gen|9
|tier|[Gen 9] OU
|rule|HP Percentage Mod: HP is shown in percentages
|rule|Endless Battle Clause: Forcing endless battles is banned
|rule|Species Clause: Limit one of each Pokémon
|rule|OHKO Clause: OHKO moves are banned
|rule|Evasion Items Clause: Evasion items are banned
|rule|Evasion Moves Clause: Evasion moves are banned
|rule|Evasion Abilities Clause: Evasion abilities are banned
|rule|Sleep Moves Clause: Sleep-inducing moves are banned
|clearpoke
|poke|p1|Kyurem|
|poke|p1|Slowking-Galar, F|
|poke|p1|Cinderace, F|
|poke|p1|Ting-Lu|
|poke|p1|Corviknight, F|
|poke|p1|Dragapult, M|
|poke|p2|Dondozo, M|
|poke|p2|Ting-Lu|
|poke|p2|Rotom-Wash|
|poke|p2|Iron Valiant|
|poke|p2|Heatran, M|
|poke|p2|Pecharunt|
|teampreview
|
|t:|1759073981
|teamsize|p1|6
|teamsize|p2|6
|start
|switch|p1a: Kyurem|Kyurem|100/100
|switch|p2a: Rotom|Rotom-Wash|100/100
|-ability|p1a: Kyurem|Pressure
|turn|1
|
|t:|1759073991
|move|p2a: Rotom|Volt Switch|p1a: Kyurem
|-resisted|p1a: Kyurem
|-damage|p1a: Kyurem|85/100
|
|t:|1759074009
|switch|p2a: Ting-Lu|Ting-Lu|100/100|[from] Volt Switch
|-ability|p2a: Ting-Lu|Vessel of Ruin
|move|p1a: Kyurem|Draco Meteor|p2a: Ting-Lu
|-damage|p2a: Ting-Lu|52/100
|-unboost|p1a: Kyurem|spa|2
|
|-heal|p2a: Ting-Lu|58/100|[from] item: Leftovers
|upkeep
|turn|2
|
|t:|1759074046
|switch|p1a: Corviknight|Corviknight, F|100/100
|-ability|p1a: Corviknight|Pressure
|switch|p2a: Pecharunt|Pecharunt|100/100
|
|upkeep
|turn|3
|
|t:|1759074057
|move|p2a: Pecharunt|Parting Shot|p1a: Corviknight
|-unboost|p1a: Corviknight|atk|1
|-unboost|p1a: Corviknight|spa|1
|
|t:|1759074063
|switch|p2a: Heatran|Heatran, M|100/100|[from] Parting Shot
|move|p1a: Corviknight|U-turn|p2a: Heatran
|-resisted|p2a: Heatran
|-damage|p2a: Heatran|99/100
|
|t:|1759074076
|switch|p1a: Ting-Lu|Ting-Lu|100/100|[from] U-turn
|-ability|p1a: Ting-Lu|Vessel of Ruin
|
|-heal|p2a: Heatran|100/100|[from] item: Leftovers
|upkeep
|turn|4
|
|t:|1759074084
|move|p2a: Heatran|Protect|p2a: Heatran
|-singleturn|p2a: Heatran|Protect
|move|p1a: Ting-Lu|Ruination|p2a: Heatran
|-activate|p2a: Heatran|move: Protect
|
|upkeep
|turn|5
|
|t:|1759074098
|switch|p2a: Rotom|Rotom-Wash|100/100
|move|p1a: Ting-Lu|Ruination|p2a: Rotom
|-damage|p2a: Rotom|51/100
|
|upkeep
|turn|6
|
|t:|1759074107
|switch|p1a: Slowking|Slowking-Galar, F, shiny|100/100
|move|p2a: Rotom|Hydro Pump|p1a: Slowking
|-damage|p1a: Slowking|72/100
|
|upkeep
|turn|7
|
|t:|1759074120
|switch|p2a: Heatran|Heatran, M|100/100
|-prepare|p1a: Slowking|Chilly Reception|[premajor]
|move|p1a: Slowking|Chilly Reception|p1a: Slowking
|-weather|Snowscape
|
|t:|1759074126
|switch|p1a: Ting-Lu|Ting-Lu|100/100|[from] Chilly Reception
|-ability|p1a: Ting-Lu|Vessel of Ruin
|
|-weather|Snowscape|[upkeep]
|upkeep
|turn|8
|
|t:|1759074135
|move|p2a: Heatran|Protect|p2a: Heatran
|-singleturn|p2a: Heatran|Protect
|move|p1a: Ting-Lu|Earthquake|p2a: Heatran
|-activate|p2a: Heatran|move: Protect
|
|-weather|Snowscape|[upkeep]
|upkeep
|turn|9
|
|t:|1759074147
|switch|p2a: Rotom|Rotom-Wash|51/100
|move|p1a: Ting-Lu|Ruination|p2a: Rotom
|-damage|p2a: Rotom|26/100
|
|-weather|Snowscape|[upkeep]
|upkeep
|turn|10
|
|t:|1759074159
|switch|p1a: Slowking|Slowking-Galar, F, shiny|100/100
|move|p2a: Rotom|Trick|p1a: Slowking
|-activate|p2a: Rotom|move: Trick|[of] p1a: Slowking
|-item|p1a: Slowking|Choice Scarf|[from] move: Trick
|-item|p2a: Rotom|Heavy-Duty Boots|[from] move: Trick
|
|-weather|Snowscape|[upkeep]
|upkeep
|turn|11
|
|t:|1759074179
|move|p2a: Rotom|Volt Switch|p1a: Slowking
|-damage|p1a: Slowking|83/100
|
|t:|1759074193
|switch|p2a: Heatran|Heatran, M|100/100|[from] Volt Switch
|-prepare|p1a: Slowking|Chilly Reception|[premajor]
|move|p1a: Slowking|Chilly Reception|p1a: Slowking
|
|t:|1759074200
|switch|p1a: Ting-Lu|Ting-Lu|100/100|[from] Chilly Reception
|-ability|p1a: Ting-Lu|Vessel of Ruin
|
|-weather|none
|upkeep
|turn|12
|
|t:|1759074205
|move|p2a: Heatran|Protect|p2a: Heatran
|-singleturn|p2a: Heatran|Protect
|move|p1a: Ting-Lu|Earthquake|p2a: Heatran
|-activate|p2a: Heatran|move: Protect
|
|upkeep
|turn|13
|
|t:|1759074215
|switch|p2a: Dondozo|Dondozo, M|100/100
|move|p1a: Ting-Lu|Earthquake|p2a: Dondozo
|-damage|p2a: Dondozo|85/100
|
|-heal|p2a: Dondozo|91/100|[from] item: Leftovers
|upkeep
|turn|14
|
|t:|1759074221
|switch|p1a: Corviknight|Corviknight, F|100/100
|-ability|p1a: Corviknight|Pressure
|move|p2a: Dondozo|Wave Crash|p1a: Corviknight
|-crit|p1a: Corviknight
|-damage|p1a: Corviknight|66/100
|-damage|p2a: Dondozo|75/100|[from] item: Rocky Helmet|[of] p1a: Corviknight
|-damage|p2a: Dondozo|66/100|[from] Recoil
|
|-heal|p2a: Dondozo|72/100|[from] item: Leftovers
|upkeep
|turn|15
|
|t:|1759074229
|move|p1a: Corviknight|Body Press|p2a: Dondozo
|-damage|p2a: Dondozo|60/100
|move|p2a: Dondozo|Wave Crash|p1a: Corviknight
|-damage|p1a: Corviknight|40/100
|-damage|p2a: Dondozo|43/100|[from] item: Rocky Helmet|[of] p1a: Corviknight
|-damage|p2a: Dondozo|37/100|[from] Recoil
|
|-heal|p2a: Dondozo|43/100|[from] item: Leftovers
|upkeep
|turn|16
|
|t:|1759074249
|move|p1a: Corviknight|U-turn|p2a: Dondozo
|-damage|p2a: Dondozo|37/100
|
|t:|1759074255
|switch|p1a: Slowking|Slowking-Galar, F, shiny|100/100|[from] U-turn
|move|p2a: Dondozo|Avalanche|p1a: Slowking
|-damage|p1a: Slowking|86/100
|
|-heal|p2a: Dondozo|43/100|[from] item: Leftovers
|upkeep
|turn|17
|
|t:|1759074275
|move|p2a: Dondozo|Rest|p2a: Dondozo
|-status|p2a: Dondozo|slp|[from] move: Rest
|-heal|p2a: Dondozo|100/100 slp|[silent]
|move|p1a: Slowking|Future Sight|p2a: Dondozo
|-start|p1a: Slowking|move: Future Sight
|
|upkeep
|turn|18
|
|t:|1759074284
|switch|p1a: Corviknight|Corviknight, F|40/100
|-ability|p1a: Corviknight|Pressure
|cant|p2a: Dondozo|slp
|move|p2a: Dondozo|Sleep Talk|p2a: Dondozo
|move|p2a: Dondozo|Wave Crash|p1a: Corviknight|[from] move: Sleep Talk
|-damage|p1a: Corviknight|16/100
|-damage|p2a: Dondozo|84/100 slp|[from] item: Rocky Helmet|[of] p1a: Corviknight
|-damage|p2a: Dondozo|78/100 slp|[from] Recoil
|
|-heal|p2a: Dondozo|84/100 slp|[from] item: Leftovers
|upkeep
|turn|19
|c|☆Herris456|Peak OU
|c|☆Herris456|😂
|c|☆Inder-House|legit hey
|
|t:|1759074379
|switch|p2a: Ting-Lu|Ting-Lu|58/100
|-ability|p2a: Ting-Lu|Vessel of Ruin
|move|p1a: Corviknight|Roost|p1a: Corviknight
|-heal|p1a: Corviknight|66/100
|-singleturn|p1a: Corviknight|move: Roost
|
|-end|p2a: Ting-Lu|move: Future Sight
|-immune|p2a: Ting-Lu
|-heal|p2a: Ting-Lu|64/100|[from] item: Leftovers
|upkeep
|turn|20
|
|t:|1759074389
|switch|p2a: Pecharunt|Pecharunt|100/100
|move|p1a: Corviknight|Body Press|p2a: Pecharunt
|-immune|p2a: Pecharunt
|
|upkeep
|turn|21
|
|t:|1759074396
|move|p2a: Pecharunt|Malignant Chain|p1a: Corviknight
|-immune|p1a: Corviknight
|move|p1a: Corviknight|U-turn|p2a: Pecharunt
|-resisted|p2a: Pecharunt
|-damage|p2a: Pecharunt|98/100
|
|t:|1759074405
|switch|p1a: Slowking|Slowking-Galar, F, shiny|100/100|[from] U-turn
|
|-heal|p2a: Pecharunt|100/100|[from] item: Leftovers
|upkeep
|turn|22
|
|t:|1759074423
|move|p2a: Pecharunt|Hex|p1a: Slowking
|-supereffective|p1a: Slowking
|-damage|p1a: Slowking|67/100
|-prepare|p1a: Slowking|Chilly Reception|[premajor]
|move|p1a: Slowking|Chilly Reception|p1a: Slowking
|-weather|Snowscape
|
|t:|1759074434
|switch|p1a: Kyurem|Kyurem|85/100|[from] Chilly Reception
|-ability|p1a: Kyurem|Pressure
|
|-weather|Snowscape|[upkeep]
|upkeep
|turn|23
|c|☆Inder-House|your guys are the perfect amount of slow to annoy this team haha
|
|t:|1759074468
|-terastallize|p2a: Pecharunt|Dark
|move|p1a: Kyurem|Blizzard|p2a: Pecharunt
|-damage|p2a: Pecharunt|12/100
|move|p2a: Pecharunt|Malignant Chain|p1a: Kyurem
|-damage|p1a: Kyurem|41/100
|
|-weather|Snowscape|[upkeep]
|-heal|p2a: Pecharunt|18/100|[from] item: Leftovers
|upkeep
|turn|24
|c|☆Inder-House|was really expecting an earth power at some point hey
|c|☆Herris456|I told you I’m really proud of my team 😢
|
|t:|1759074498
|switch|p2a: Heatran|Heatran, M|100/100
|move|p1a: Kyurem|Blizzard|p2a: Heatran
|-resisted|p2a: Heatran
|-damage|p2a: Heatran|86/100
|
|-weather|Snowscape|[upkeep]
|-heal|p2a: Heatran|92/100|[from] item: Leftovers
|upkeep
|turn|25
|c|☆Herris456|Blizzard annihilates everythint
|c|☆Inder-House|yeah I've never seen it in all my practice
|c|☆Inder-House|dealt with so many sun teams
|c|☆Herris456|Except heattran but still chipw
|
|t:|1759074530
|switch|p1a: Ting-Lu|Ting-Lu|100/100
|-ability|p1a: Ting-Lu|Vessel of Ruin
|move|p2a: Heatran|Magma Storm|p1a: Ting-Lu|[miss]
|-miss|p2a: Heatran|p1a: Ting-Lu
|
|-weather|Snowscape|[upkeep]
|-heal|p2a: Heatran|98/100|[from] item: Leftovers
|upkeep
|turn|26
|c|☆Herris456|Vs if you send out the Rotom I’m sad
|
|t:|1759074543
|switch|p1a: Dragapult|Dragapult, M|100/100
|move|p2a: Heatran|Protect||[still]
|-fail|p2a: Heatran
|
|-weather|none
|-heal|p2a: Heatran|100/100|[from] item: Leftovers
|upkeep
|turn|27
|
|t:|1759074553
|switch|p1a: Ting-Lu|Ting-Lu|100/100
|-ability|p1a: Ting-Lu|Vessel of Ruin
|move|p2a: Heatran|Magma Storm|p1a: Ting-Lu
|-damage|p1a: Ting-Lu|78/100
|-activate|p1a: Ting-Lu|move: Magma Storm|[of] p2a: Heatran
|
|-heal|p1a: Ting-Lu|84/100|[from] item: Leftovers
|-damage|p1a: Ting-Lu|71/100|[from] move: Magma Storm|[partiallytrapped]
|upkeep
|turn|28
|
|t:|1759074560
|move|p2a: Heatran|Protect|p2a: Heatran
|-singleturn|p2a: Heatran|Protect
|move|p1a: Ting-Lu|Ruination|p2a: Heatran
|-activate|p2a: Heatran|move: Protect
|
|-heal|p1a: Ting-Lu|78/100|[from] item: Leftovers
|-damage|p1a: Ting-Lu|65/100|[from] move: Magma Storm|[partiallytrapped]
|upkeep
|turn|29
|
|t:|1759074566
|switch|p2a: Rotom|Rotom-Wash|26/100
|move|p1a: Ting-Lu|Ruination|p2a: Rotom
|-damage|p2a: Rotom|13/100
|
|-heal|p1a: Ting-Lu|71/100|[from] item: Leftovers
|-end|p1a: Ting-Lu|Magma Storm|[partiallytrapped]|[silent]
|upkeep
|turn|30
|
|t:|1759074572
|switch|p1a: Slowking|Slowking-Galar, F, shiny|99/100
|move|p2a: Rotom|Will-O-Wisp|p1a: Slowking|[miss]
|-miss|p2a: Rotom|p1a: Slowking
|
|upkeep
|turn|31
|
|t:|1759074580
|move|p2a: Rotom|Volt Switch|p1a: Slowking
|-damage|p1a: Slowking|83/100
|
|t:|1759074590
|switch|p2a: Heatran|Heatran, M|100/100|[from] Volt Switch
|-prepare|p1a: Slowking|Chilly Reception|[premajor]
|move|p1a: Slowking|Chilly Reception|p1a: Slowking
|-weather|Snowscape
|
|t:|1759074603
|switch|p1a: Kyurem|Kyurem|41/100|[from] Chilly Reception
|-ability|p1a: Kyurem|Pressure
|
|-weather|Snowscape|[upkeep]
|upkeep
|turn|32
|
|t:|1759074611
|move|p2a: Heatran|Protect|p2a: Heatran
|-singleturn|p2a: Heatran|Protect
|move|p1a: Kyurem|Earth Power|p2a: Heatran
|-activate|p2a: Heatran|move: Protect
|
|-weather|Snowscape|[upkeep]
|upkeep
|turn|33
|c|☆Inder-House|theeeeere we go
|
|t:|1759074624
|switch|p1a: Dragapult|Dragapult, M|100/100
|move|p2a: Heatran|Magma Storm|p1a: Dragapult
|-resisted|p1a: Dragapult
|-damage|p1a: Dragapult|65/100
|-activate|p1a: Dragapult|move: Magma Storm|[of] p2a: Heatran
|
|-weather|Snowscape|[upkeep]
|-damage|p1a: Dragapult|53/100|[from] move: Magma Storm|[partiallytrapped]
|upkeep
|turn|34
|c|☆Herris456|Snap
|c|☆Inder-House|my only viable option now is to out-dupe you haha
|
|t:|1759074647
|move|p2a: Heatran|Protect|p2a: Heatran
|-singleturn|p2a: Heatran|Protect
|move|p1a: Dragapult|Shadow Ball|p2a: Heatran
|-activate|p2a: Heatran|move: Protect
|
|-weather|Snowscape|[upkeep]
|-damage|p1a: Dragapult|41/100|[from] move: Magma Storm|[partiallytrapped]
|upkeep
|turn|35
|
|t:|1759074661
|move|p1a: Dragapult|Shadow Ball|p2a: Heatran
|-damage|p2a: Heatran|72/100
|-damage|p1a: Dragapult|31/100|[from] item: Life Orb
|move|p2a: Heatran|Will-O-Wisp|p1a: Dragapult
|-status|p1a: Dragapult|brn
|
|-weather|none
|-heal|p2a: Heatran|78/100|[from] item: Leftovers
|-damage|p1a: Dragapult|25/100 brn|[from] brn
|-damage|p1a: Dragapult|13/100 brn|[from] move: Magma Storm|[partiallytrapped]
|upkeep
|turn|36
|
|t:|1759074672
|move|p2a: Heatran|Protect|p2a: Heatran
|-singleturn|p2a: Heatran|Protect
|move|p1a: Dragapult|Shadow Ball|p2a: Heatran
|-activate|p2a: Heatran|move: Protect
|
|-heal|p2a: Heatran|85/100|[from] item: Leftovers
|-damage|p1a: Dragapult|7/100 brn|[from] brn
|-damage|p1a: Dragapult|0 fnt|[from] move: Magma Storm|[partiallytrapped]
|faint|p1a: Dragapult
|upkeep
|
|t:|1759074679
|switch|p1a: Slowking|Slowking-Galar, F, shiny|100/100
|turn|37
|
|t:|1759074687
|move|p2a: Heatran|Magma Storm|p1a: Slowking
|-damage|p1a: Slowking|74/100
|-activate|p1a: Slowking|move: Magma Storm|[of] p2a: Heatran
|-prepare|p1a: Slowking|Chilly Reception|[premajor]
|move|p1a: Slowking|Chilly Reception|p1a: Slowking
|-weather|Snowscape
|
|t:|1759074691
|switch|p1a: Ting-Lu|Ting-Lu|71/100|[from] Chilly Reception
|-ability|p1a: Ting-Lu|Vessel of Ruin
|
|-weather|Snowscape|[upkeep]
|-heal|p2a: Heatran|91/100|[from] item: Leftovers
|-heal|p1a: Ting-Lu|78/100|[from] item: Leftovers
|upkeep
|turn|38
|
|t:|1759074693
|move|p2a: Heatran|Protect|p2a: Heatran
|-singleturn|p2a: Heatran|Protect
|move|p1a: Ting-Lu|Ruination|p2a: Heatran
|-activate|p2a: Heatran|move: Protect
|
|-weather|Snowscape|[upkeep]
|-heal|p2a: Heatran|97/100|[from] item: Leftovers
|-heal|p1a: Ting-Lu|84/100|[from] item: Leftovers
|upkeep
|turn|39
|
|t:|1759074700
|switch|p2a: Rotom|Rotom-Wash|13/100
|move|p1a: Ting-Lu|Earthquake|p2a: Rotom
|-immune|p2a: Rotom|[from] ability: Levitate
|
|-weather|Snowscape|[upkeep]
|-heal|p1a: Ting-Lu|90/100|[from] item: Leftovers
|upkeep
|turn|40
|
|t:|1759074720
|switch|p1a: Slowking|Slowking-Galar, F, shiny|100/100
|move|p2a: Rotom|Volt Switch|p1a: Slowking
|-damage|p1a: Slowking|81/100
|c|☆Herris456|You keeping that heattran in on earth power is wild
|c|☆Herris456|But
|c|☆Inder-House|hahaha
|c|☆Herris456|it made you so much progress
|c|☆Inder-House|gotta be done
|c|☆Inder-House|gotta take risks in this game
|c|☆Herris456|Yeah ofc
|
|t:|1759074754
|switch|p2a: Pecharunt|Pecharunt, tera:Dark|18/100|[from] Volt Switch
|
|-weather|Snowscape|[upkeep]
|-heal|p2a: Pecharunt|24/100|[from] item: Leftovers
|upkeep
|turn|41
|c|☆Herris456|What did you think I was gonna do?
|c|☆Inder-House|just playing 5D chess
|
|t:|1759074779
|move|p2a: Pecharunt|Recover|p2a: Pecharunt
|-heal|p2a: Pecharunt|74/100
|move|p1a: Slowking|Thunder Wave|p2a: Pecharunt
|-status|p2a: Pecharunt|par
|
|-weather|none
|-heal|p2a: Pecharunt|80/100 par|[from] item: Leftovers
|upkeep
|turn|42
|
|t:|1759074789
|switch|p1a: Corviknight|Corviknight, F|66/100
|-ability|p1a: Corviknight|Pressure
|move|p2a: Pecharunt|Parting Shot|p1a: Corviknight
|-unboost|p1a: Corviknight|atk|1
|-unboost|p1a: Corviknight|spa|1
|
|t:|1759074795
|switch|p2a: Rotom|Rotom-Wash|13/100|[from] Parting Shot
|
|upkeep
|turn|43
|
|t:|1759074802
|switch|p1a: Slowking|Slowking-Galar, F, shiny|100/100
|move|p2a: Rotom|Hydro Pump|p1a: Slowking
|-damage|p1a: Slowking|73/100
|
|upkeep
|turn|44
|
|t:|1759074817
|move|p2a: Rotom|Volt Switch|p1a: Slowking
|-damage|p1a: Slowking|53/100
|
|t:|1759074822
|switch|p2a: Pecharunt|Pecharunt, tera:Dark|80/100 par|[from] Volt Switch
|move|p1a: Slowking|Sludge Bomb|p2a: Pecharunt
|-damage|p2a: Pecharunt|45/100 par
|
|-heal|p2a: Pecharunt|51/100 par|[from] item: Leftovers
|upkeep
|turn|45
|
|t:|1759074831
|move|p2a: Pecharunt|Parting Shot|p1a: Slowking
|-unboost|p1a: Slowking|atk|1
|-unboost|p1a: Slowking|spa|1
|
|t:|1759074837
|switch|p2a: Heatran|Heatran, M|97/100|[from] Parting Shot
|move|p1a: Slowking|Sludge Bomb|p2a: Heatran
|-immune|p2a: Heatran
|
|-heal|p2a: Heatran|100/100|[from] item: Leftovers
|upkeep
|turn|46
|
|t:|1759074847
|switch|p1a: Ting-Lu|Ting-Lu|90/100
|-ability|p1a: Ting-Lu|Vessel of Ruin
|move|p2a: Heatran|Magma Storm|p1a: Ting-Lu
|-damage|p1a: Ting-Lu|68/100
|-activate|p1a: Ting-Lu|move: Magma Storm|[of] p2a: Heatran
|
|-heal|p1a: Ting-Lu|74/100|[from] item: Leftovers
|-damage|p1a: Ting-Lu|62/100|[from] move: Magma Storm|[partiallytrapped]
|upkeep
|turn|47
|
|t:|1759074854
|move|p2a: Heatran|Protect|p2a: Heatran
|-singleturn|p2a: Heatran|Protect
|move|p1a: Ting-Lu|Ruination|p2a: Heatran
|-activate|p2a: Heatran|move: Protect
|
|-heal|p1a: Ting-Lu|68/100|[from] item: Leftovers
|-damage|p1a: Ting-Lu|56/100|[from] move: Magma Storm|[partiallytrapped]
|upkeep
|turn|48
|
|t:|1759074861
|switch|p2a: Rotom|Rotom-Wash|13/100
|move|p1a: Ting-Lu|Ruination|p2a: Rotom
|-damage|p2a: Rotom|7/100
|
|-heal|p1a: Ting-Lu|62/100|[from] item: Leftovers
|-end|p1a: Ting-Lu|Magma Storm|[partiallytrapped]|[silent]
|upkeep
|turn|49
|
|t:|1759074870
|switch|p1a: Slowking|Slowking-Galar, F, shiny|87/100
|move|p2a: Rotom|Will-O-Wisp|p1a: Slowking
|-status|p1a: Slowking|brn
|
|-damage|p1a: Slowking|80/100 brn|[from] brn
|upkeep
|turn|50
|
|t:|1759074875
|move|p2a: Rotom|Volt Switch|p1a: Slowking
|-damage|p1a: Slowking|61/100 brn
|
|t:|1759074889
|switch|p2a: Pecharunt|Pecharunt, tera:Dark|51/100 par|[from] Volt Switch
|-prepare|p1a: Slowking|Chilly Reception|[premajor]
|move|p1a: Slowking|Chilly Reception|p1a: Slowking
|-weather|Snowscape
|
|t:|1759074894
|switch|p1a: Kyurem|Kyurem|41/100|[from] Chilly Reception
|-ability|p1a: Kyurem|Pressure
|
|-weather|Snowscape|[upkeep]
|-heal|p2a: Pecharunt|57/100 par|[from] item: Leftovers
|upkeep
|turn|51
|
|t:|1759074903
|move|p1a: Kyurem|Earth Power|p2a: Pecharunt
|-damage|p2a: Pecharunt|10/100 par
|move|p2a: Pecharunt|Malignant Chain|p1a: Kyurem
|-damage|p1a: Kyurem|0 fnt
|faint|p1a: Kyurem
|
|-weather|Snowscape|[upkeep]
|-heal|p2a: Pecharunt|16/100 par|[from] item: Leftovers
|upkeep
|c|☆Inder-House|YES
|c|☆Herris456|Gg
|c|☆Herris456|Lol
|c|☆Inder-House|not yet
|
|t:|1759074918
|switch|p1a: Cinderace|Cinderace, F|100/100
|turn|52
|c|☆Herris456|Yes
|c|☆Herris456|lol
|
|t:|1759074936
|switch|p2a: Dondozo|Dondozo, M|84/100 slp
|move|p1a: Cinderace|U-turn|p2a: Dondozo
|-damage|p2a: Dondozo|76/100 slp
|
|t:|1759074941
|switch|p1a: Slowking|Slowking-Galar, F, shiny|95/100 brn|[from] U-turn
|
|-weather|Snowscape|[upkeep]
|-heal|p2a: Dondozo|82/100 slp|[from] item: Leftovers
|-damage|p1a: Slowking|89/100 brn|[from] brn
|upkeep
|turn|53
|
|t:|1759074946
|switch|p2a: Ting-Lu|Ting-Lu|64/100
|-ability|p2a: Ting-Lu|Vessel of Ruin
|move|p1a: Slowking|Future Sight|p2a: Ting-Lu
|-start|p1a: Slowking|move: Future Sight
|
|-weather|Snowscape|[upkeep]
|-heal|p2a: Ting-Lu|71/100|[from] item: Leftovers
|-damage|p1a: Slowking|82/100 brn|[from] brn
|upkeep
|turn|54
|
|t:|1759074959
|switch|p1a: Corviknight|Corviknight, F|66/100
|-ability|p1a: Corviknight|Pressure
|move|p2a: Ting-Lu|Earthquake|p1a: Corviknight
|-immune|p1a: Corviknight
|
|-weather|none
|-heal|p2a: Ting-Lu|77/100|[from] item: Leftovers
|upkeep
|turn|55
|c|☆Herris456|Gonna just be another 40 turns or me slowly wielding away
|c|☆Inder-House|hahahaha
|c|☆Inder-House|gotta play this carefully so I dont throw it away lol
|c|☆Herris456|Yeah you ought to play it AA safe AA possible
|c|☆Herris456|I have no breakers
|
|t:|1759075065
|move|p1a: Corviknight|U-turn|p2a: Ting-Lu
|-supereffective|p2a: Ting-Lu
|-damage|p2a: Ting-Lu|63/100
|
|t:|1759075070
|switch|p1a: Ting-Lu|Ting-Lu|62/100|[from] U-turn
|-ability|p1a: Ting-Lu|Vessel of Ruin
|move|p2a: Ting-Lu|Payback|p1a: Ting-Lu
|-resisted|p1a: Ting-Lu
|-damage|p1a: Ting-Lu|58/100
|
|-end|p2a: Ting-Lu|move: Future Sight
|-immune|p2a: Ting-Lu
|-heal|p1a: Ting-Lu|64/100|[from] item: Leftovers
|-heal|p2a: Ting-Lu|69/100|[from] item: Leftovers
|upkeep
|turn|56
|
|t:|1759075080
|switch|p2a: Rotom|Rotom-Wash|7/100
|move|p1a: Ting-Lu|Ruination|p2a: Rotom
|-damage|p2a: Rotom|4/100
|
|-heal|p1a: Ting-Lu|71/100|[from] item: Leftovers
|upkeep
|turn|57
|c|☆Herris456|Fucking
|c|☆Herris456|roton
|c|☆Inder-House|hahaha
|c|☆Herris456|If that thing was dead
|c|☆Herris456|😢
|c|☆Inder-House|Akeem told me Rotom isn't any good, but did I listen?
|c|☆Herris456|I’m
|
|t:|1759075114
|switch|p1a: Slowking|Slowking-Galar, F, shiny|100/100 brn
|move|p2a: Rotom|Hydro Pump|p1a: Slowking
|-damage|p1a: Slowking|71/100 brn
|
|-damage|p1a: Slowking|65/100 brn|[from] brn
|upkeep
|turn|58
|c|☆Herris456|Hes helpful here and walls my whatsitcalled
|c|☆Herris456|ting
|c|☆Herris456|I’ll brb. I’ve got like
|
|t:|1759075155
|switch|p2a: Ting-Lu|Ting-Lu|69/100
|-ability|p2a: Ting-Lu|Vessel of Ruin
|move|p1a: Slowking|Future Sight|p2a: Ting-Lu
|-start|p1a: Slowking|move: Future Sight
|
|-heal|p2a: Ting-Lu|76/100|[from] item: Leftovers
|-damage|p1a: Slowking|59/100 brn|[from] brn
|upkeep
|turn|59
|c|☆Herris456|worj to do don’t exit game
|c|☆Herris456|lol
|c|☆Inder-House|all g haha
|c|☆Inder-House|i won't
|c|☆Herris456|K
|c|☆Inder-House|hello
|
|t:|1759075696
|switch|p1a: Corviknight|Corviknight, F|66/100
|-ability|p1a: Corviknight|Pressure
|move|p2a: Ting-Lu|Earthquake|p1a: Corviknight
|-immune|p1a: Corviknight
|
|-heal|p2a: Ting-Lu|82/100|[from] item: Leftovers
|upkeep
|turn|60
|
|t:|1759075733
|switch|p2a: Heatran|Heatran, M|100/100
|move|p1a: Corviknight|Body Press|p2a: Heatran
|-supereffective|p2a: Heatran
|-damage|p2a: Heatran|53/100
|
|-end|p2a: Heatran|move: Future Sight
|-resisted|p2a: Heatran
|-damage|p2a: Heatran|39/100
|-heal|p2a: Heatran|45/100|[from] item: Leftovers
|upkeep
|turn|61
|
|t:|1759075754
|switch|p1a: Slowking|Slowking-Galar, F, shiny|92/100 brn
|move|p2a: Heatran|Protect||[still]
|-fail|p2a: Heatran
|
|-heal|p2a: Heatran|51/100|[from] item: Leftovers
|-damage|p1a: Slowking|86/100 brn|[from] brn
|upkeep
|turn|62
|
|t:|1759075768
|move|p2a: Heatran|Magma Storm|p1a: Slowking
|-damage|p1a: Slowking|61/100 brn
|-activate|p1a: Slowking|move: Magma Storm|[of] p2a: Heatran
|move|p1a: Slowking|Future Sight|p2a: Heatran
|-start|p1a: Slowking|move: Future Sight
|
|-heal|p2a: Heatran|57/100|[from] item: Leftovers
|-damage|p1a: Slowking|55/100 brn|[from] brn
|-damage|p1a: Slowking|42/100 brn|[from] move: Magma Storm|[partiallytrapped]
|upkeep
|turn|63
|c|☆Herris456|Ah whoops
|c|☆Herris456|gg
|c|☆Herris456|lol
|c|☆Inder-House|haha
|
|t:|1759075783
|move|p2a: Heatran|Magma Storm|p1a: Slowking
|-damage|p1a: Slowking|19/100 brn
|move|p1a: Slowking|Future Sight||[still]
|-fail|p1a: Slowking
|
|-heal|p2a: Heatran|63/100|[from] item: Leftovers
|-damage|p1a: Slowking|13/100 brn|[from] brn
|-damage|p1a: Slowking|0 fnt|[from] move: Magma Storm|[partiallytrapped]
|faint|p1a: Slowking
|upkeep
|c|☆Herris456|Forgot about that
|c|☆Inder-House|heatran mvp
|
|t:|1759075809
|switch|p1a: Corviknight|Corviknight, F|66/100
|-ability|p1a: Corviknight|Pressure
|turn|64
|
|t:|1759075813
|move|p2a: Heatran|Protect|p2a: Heatran
|-singleturn|p2a: Heatran|Protect
|move|p1a: Corviknight|Body Press|p2a: Heatran
|-activate|p2a: Heatran|move: Protect
|
|-end|p2a: Heatran|move: Future Sight
|-resisted|p2a: Heatran
|-damage|p2a: Heatran|49/100
|-heal|p2a: Heatran|55/100|[from] item: Leftovers
|upkeep
|turn|65
|c|☆Herris456|I can’t bring this back
|
|t:|1759075851
|switch|p2a: Iron Valiant|Iron Valiant|100/100
|-enditem|p2a: Iron Valiant|Booster Energy
|-activate|p2a: Iron Valiant|ability: Quark Drive|[fromitem]
|-start|p2a: Iron Valiant|quarkdrivespe
|move|p1a: Corviknight|Body Press|p2a: Iron Valiant
|-resisted|p2a: Iron Valiant
|-damage|p2a: Iron Valiant|84/100
|
|upkeep
|turn|66
|
|t:|1759075858
|move|p2a: Iron Valiant|Aura Sphere|p1a: Corviknight
|-damage|p1a: Corviknight|30/100
|move|p1a: Corviknight|U-turn|p2a: Iron Valiant
|-resisted|p2a: Iron Valiant
|-crit|p2a: Iron Valiant
|-damage|p2a: Iron Valiant|77/100
|
|t:|1759075861
|switch|p1a: Cinderace|Cinderace, F|100/100|[from] U-turn
|
|upkeep
|turn|67
|
|t:|1759075872
|move|p2a: Iron Valiant|Aura Sphere|p1a: Cinderace
|-damage|p1a: Cinderace|52/100
|move|p1a: Cinderace|Pyro Ball|p2a: Iron Valiant
|-damage|p2a: Iron Valiant|14/100
|
|upkeep
|turn|68
|
|t:|1759075880
|move|p2a: Iron Valiant|Aura Sphere|p1a: Cinderace
|-damage|p1a: Cinderace|2/100
|move|p1a: Cinderace|Pyro Ball|p2a: Iron Valiant
|-damage|p2a: Iron Valiant|0 fnt
|faint|p2a: Iron Valiant
|-end|p2a: Iron Valiant|Quark Drive|[silent]
|
|upkeep
|c|☆Inder-House|2% again lol
|
|t:|1759075893
|switch|p2a: Dondozo|Dondozo, M|82/100 slp
|turn|69
|
|t:|1759075941
|move|p1a: Cinderace|U-turn|p2a: Dondozo
|-damage|p2a: Dondozo|74/100 slp
|
|t:|1759075944
|switch|p1a: Corviknight|Corviknight, F|30/100|[from] U-turn
|-ability|p1a: Corviknight|Pressure
|cant|p2a: Dondozo|slp
|move|p2a: Dondozo|Sleep Talk|p2a: Dondozo
|move|p2a: Dondozo|Wave Crash|p1a: Corviknight|[from] move: Sleep Talk
|-damage|p1a: Corviknight|3/100
|-damage|p2a: Dondozo|58/100 slp|[from] item: Rocky Helmet|[of] p1a: Corviknight
|-damage|p2a: Dondozo|51/100 slp|[from] Recoil
|
|-heal|p2a: Dondozo|57/100 slp|[from] item: Leftovers
|upkeep
|turn|70
|
|t:|1759075953
|move|p1a: Corviknight|Roost|p1a: Corviknight
|-heal|p1a: Corviknight|53/100
|-singleturn|p1a: Corviknight|move: Roost
|-curestatus|p2a: Dondozo|slp|[msg]
|move|p2a: Dondozo|Wave Crash|p1a: Corviknight
|-crit|p1a: Corviknight
|-damage|p1a: Corviknight|14/100
|-damage|p2a: Dondozo|40/100|[from] item: Rocky Helmet|[of] p1a: Corviknight
|-damage|p2a: Dondozo|30/100|[from] Recoil
|
|-heal|p2a: Dondozo|36/100|[from] item: Leftovers
|upkeep
|turn|71
|
|t:|1759075975
|move|p1a: Corviknight|Roost|p1a: Corviknight
|-heal|p1a: Corviknight|64/100
|-singleturn|p1a: Corviknight|move: Roost
|move|p2a: Dondozo|Rest|p2a: Dondozo
|-status|p2a: Dondozo|slp|[from] move: Rest
|-heal|p2a: Dondozo|100/100 slp|[silent]
|
|upkeep
|turn|72
|
|t:|1759075984
|move|p1a: Corviknight|U-turn|p2a: Dondozo
|-damage|p2a: Dondozo|94/100 slp
|
|t:|1759075986
|switch|p1a: Ting-Lu|Ting-Lu|71/100|[from] U-turn
|-ability|p1a: Ting-Lu|Vessel of Ruin
|cant|p2a: Dondozo|slp
|move|p2a: Dondozo|Sleep Talk|p2a: Dondozo
|move|p2a: Dondozo|Avalanche|p1a: Ting-Lu|[from] move: Sleep Talk
|-supereffective|p1a: Ting-Lu
|-damage|p1a: Ting-Lu|58/100
|
|-heal|p1a: Ting-Lu|64/100|[from] item: Leftovers
|-heal|p2a: Dondozo|99/100 slp|[from] item: Leftovers
|upkeep
|turn|73
|
|t:|1759075996
|switch|p2a: Rotom|Rotom-Wash|4/100
|-terastallize|p1a: Ting-Lu|Poison
|move|p1a: Ting-Lu|Ruination|p2a: Rotom
|-damage|p2a: Rotom|2/100
|
|-heal|p1a: Ting-Lu|71/100|[from] item: Leftovers
|upkeep
|turn|74
|c|☆Herris456|Hm
|
|t:|1759076029
|switch|p1a: Corviknight|Corviknight, F|64/100
|-ability|p1a: Corviknight|Pressure
|move|p2a: Rotom|Volt Switch|p1a: Corviknight
|-supereffective|p1a: Corviknight
|-damage|p1a: Corviknight|4/100
|
|t:|1759076055
|switch|p2a: Dondozo|Dondozo, M|99/100 slp|[from] Volt Switch
|
|-heal|p2a: Dondozo|100/100 slp|[from] item: Leftovers
|upkeep
|turn|75
|
|t:|1759076061
|move|p1a: Corviknight|Roost|p1a: Corviknight
|-heal|p1a: Corviknight|54/100
|-singleturn|p1a: Corviknight|move: Roost
|cant|p2a: Dondozo|slp
|move|p2a: Dondozo|Sleep Talk|p2a: Dondozo
|move|p2a: Dondozo|Wave Crash|p1a: Corviknight|[from] move: Sleep Talk
|-damage|p1a: Corviknight|28/100
|-damage|p2a: Dondozo|84/100 slp|[from] item: Rocky Helmet|[of] p1a: Corviknight
|-damage|p2a: Dondozo|77/100 slp|[from] Recoil
|
|-heal|p2a: Dondozo|83/100 slp|[from] item: Leftovers
|upkeep
|turn|76
|
|t:|1759076065
|move|p1a: Corviknight|Roost|p1a: Corviknight
|-heal|p1a: Corviknight|78/100
|-singleturn|p1a: Corviknight|move: Roost
|-curestatus|p2a: Dondozo|slp|[msg]
|move|p2a: Dondozo|Wave Crash|p1a: Corviknight
|-damage|p1a: Corviknight|53/100
|-damage|p2a: Dondozo|67/100|[from] item: Rocky Helmet|[of] p1a: Corviknight
|-damage|p2a: Dondozo|60/100|[from] Recoil
|
|-heal|p2a: Dondozo|66/100|[from] item: Leftovers
|upkeep
|turn|77
|
|t:|1759076073
|move|p1a: Corviknight|Roost|p1a: Corviknight
|-heal|p1a: Corviknight|100/100
|-singleturn|p1a: Corviknight|move: Roost
|move|p2a: Dondozo|Wave Crash|p1a: Corviknight
|-damage|p1a: Corviknight|76/100
|-damage|p2a: Dondozo|50/100|[from] item: Rocky Helmet|[of] p1a: Corviknight
|-damage|p2a: Dondozo|43/100|[from] Recoil
|
|-heal|p2a: Dondozo|49/100|[from] item: Leftovers
|upkeep
|turn|78
|
|t:|1759076079
|move|p1a: Corviknight|Body Press|p2a: Dondozo
|-damage|p2a: Dondozo|38/100
|move|p2a: Dondozo|Rest|p2a: Dondozo
|-status|p2a: Dondozo|slp|[from] move: Rest
|-heal|p2a: Dondozo|100/100 slp|[silent]
|
|upkeep
|turn|79
|
|t:|1759076086
|move|p1a: Corviknight|Body Press|p2a: Dondozo
|-damage|p2a: Dondozo|89/100 slp
|cant|p2a: Dondozo|slp
|move|p2a: Dondozo|Sleep Talk|p2a: Dondozo
|move|p2a: Dondozo|Avalanche|p1a: Corviknight|[from] move: Sleep Talk
|-damage|p1a: Corviknight|58/100
|-damage|p2a: Dondozo|72/100 slp|[from] item: Rocky Helmet|[of] p1a: Corviknight
|
|-heal|p2a: Dondozo|78/100 slp|[from] item: Leftovers
|upkeep
|turn|80
|
|t:|1759076089
|move|p1a: Corviknight|Body Press|p2a: Dondozo
|-damage|p2a: Dondozo|66/100 slp
|cant|p2a: Dondozo|slp
|move|p2a: Dondozo|Sleep Talk|p2a: Dondozo
|move|p2a: Dondozo|Rest||[from] move: Sleep Talk|[still]
|-fail|p2a: Dondozo
|
|-heal|p2a: Dondozo|72/100 slp|[from] item: Leftovers
|upkeep
|turn|81
|
|t:|1759076099
|move|p1a: Corviknight|Body Press|p2a: Dondozo
|-damage|p2a: Dondozo|60/100 slp
|-curestatus|p2a: Dondozo|slp|[msg]
|move|p2a: Dondozo|Avalanche|p1a: Corviknight
|-damage|p1a: Corviknight|41/100
|-damage|p2a: Dondozo|44/100|[from] item: Rocky Helmet|[of] p1a: Corviknight
|
|-heal|p2a: Dondozo|50/100|[from] item: Leftovers
|upkeep
|turn|82
|
|t:|1759076108
|move|p1a: Corviknight|Roost|p1a: Corviknight
|-heal|p1a: Corviknight|91/100
|-singleturn|p1a: Corviknight|move: Roost
|move|p2a: Dondozo|Avalanche|p1a: Corviknight
|-resisted|p1a: Corviknight
|-damage|p1a: Corviknight|87/100
|-damage|p2a: Dondozo|34/100|[from] item: Rocky Helmet|[of] p1a: Corviknight
|
|-heal|p2a: Dondozo|40/100|[from] item: Leftovers
|upkeep
|turn|83
|
|t:|1759076115
|move|p1a: Corviknight|U-turn|p2a: Dondozo
|-damage|p2a: Dondozo|33/100
|
|t:|1759076116
|switch|p1a: Cinderace|Cinderace, F|2/100|[from] U-turn
|move|p2a: Dondozo|Rest|p2a: Dondozo
|-status|p2a: Dondozo|slp|[from] move: Rest
|-heal|p2a: Dondozo|100/100 slp|[silent]
|
|upkeep
|turn|84
|
|t:|1759076120
|move|p1a: Cinderace|U-turn|p2a: Dondozo
|-damage|p2a: Dondozo|93/100 slp
|
|t:|1759076122
|switch|p1a: Ting-Lu|Ting-Lu, tera:Poison|71/100|[from] U-turn
|-ability|p1a: Ting-Lu|Vessel of Ruin
|cant|p2a: Dondozo|slp
|move|p2a: Dondozo|Sleep Talk|p2a: Dondozo
|move|p2a: Dondozo|Rest||[from] move: Sleep Talk|[still]
|-fail|p2a: Dondozo
|
|-heal|p1a: Ting-Lu|77/100|[from] item: Leftovers
|-heal|p2a: Dondozo|99/100 slp|[from] item: Leftovers
|upkeep
|turn|85
|
|t:|1759076134
|switch|p1a: Cinderace|Cinderace, F|2/100
|cant|p2a: Dondozo|slp
|move|p2a: Dondozo|Sleep Talk|p2a: Dondozo
|move|p2a: Dondozo|Wave Crash|p1a: Cinderace|[from] move: Sleep Talk
|-supereffective|p1a: Cinderace
|-damage|p1a: Cinderace|0 fnt
|faint|p1a: Cinderace
|-damage|p2a: Dondozo|99/100 slp|[from] Recoil
|
|-heal|p2a: Dondozo|100/100 slp|[from] item: Leftovers
|upkeep
|-message|Herris456 forfeited.
|
|win|Inder-House
|c|☆Herris456|Told ya
|c|☆Inder-House|Round 3!
|c|☆Herris456|40 turns
|c|☆Herris456|of being widdle
|c|☆Inder-House|lmao
|c|☆Herris456|lol
