|j|☆Soft Wock
|j|☆mkyn
|t:|1759074715
|gametype|singles
|player|p1|Soft Wock|picnicker|1464
|player|p2|mkyn|102|1462
|gen|9
|tier|[Gen 9] OU
|rated|
|rule|HP Percentage Mod: HP is shown in percentages
|rule|Endless Battle Clause: Forcing endless battles is banned
|rule|Species Clause: Limit one of each Pokémon
|rule|OHKO Clause: OHKO moves are banned
|rule|Evasion Items Clause: Evasion items are banned
|rule|Evasion Moves Clause: Evasion moves are banned
|rule|Evasion Abilities Clause: Evasion abilities are banned
|rule|Sleep Moves Clause: Sleep-inducing moves are banned
|clearpoke
|poke|p1|Zapdos|
|poke|p1|Pelipper, M|
|poke|p1|Greninja-*, M|
|poke|p1|Barraskewda, F|
|poke|p1|Dragapult, F|
|poke|p1|Scizor, M|
|poke|p2|Ting-Lu|
|poke|p2|Alomomola, M|
|poke|p2|Dragapult, F|
|poke|p2|Ogerpon-Wellspring, F|
|poke|p2|Great Tusk|
|poke|p2|Hatterene, F|
|teampreview
|inactive|Battle timer is ON: inactive players will automatically lose when time's up. (requested by Soft Wock)
|
|t:|1759074725
|teamsize|p1|6
|teamsize|p2|6
|start
|switch|p1a: Pelipper|Pelipper, M|100/100
|switch|p2a: Dragapult|Dragapult, F|100/100
|-weather|RainDance|[from] ability: Drizzle|[of] p1a: Pelipper
|turn|1
|inactive|mkyn has 120 seconds left.
|inactive|mkyn has 90 seconds left.
|inactive|mkyn has 60 seconds left.
|
|t:|1759074833
|switch|p1a: Scizor|Scizor, M|100/100
|move|p2a: Dragapult|Dragon Darts|p1a: Scizor
|-resisted|p1a: Scizor
|-damage|p1a: Scizor|85/100
|-anim|p2a: Dragapult|Dragon Darts|p1a: Scizor
|-resisted|p1a: Scizor
|-damage|p1a: Scizor|68/100
|
|-weather|RainDance|[upkeep]
|upkeep
|turn|2
|
|t:|1759074838
|switch|p2a: Alomomola|Alomomola, M|100/100
|move|p1a: Scizor|U-turn|p2a: Alomomola
|-damage|p2a: Alomomola|82/100
|
|t:|1759074841
|switch|p1a: Zapdos|Zapdos|100/100|[from] U-turn
|
|-weather|RainDance|[upkeep]
|upkeep
|turn|3
|
|t:|1759074849
|move|p2a: Alomomola|Protect|p2a: Alomomola
|-singleturn|p2a: Alomomola|Protect
|move|p1a: Zapdos|Hurricane|p2a: Alomomola
|-activate|p2a: Alomomola|move: Protect
|
|-weather|RainDance|[upkeep]
|upkeep
|turn|4
|
|t:|1759074854
|move|p1a: Zapdos|Hurricane|p2a: Alomomola
|-damage|p2a: Alomomola|0 fnt
|faint|p2a: Alomomola
|
|-weather|RainDance|[upkeep]
|upkeep
|
|t:|1759074858
|switch|p2a: Ting-Lu|Ting-Lu|100/100
|-ability|p2a: Ting-Lu|Vessel of Ruin
|turn|5
|
|t:|1759074861
|move|p1a: Zapdos|Hurricane|p2a: Ting-Lu
|-damage|p2a: Ting-Lu|67/100
|-start|p2a: Ting-Lu|confusion
|-activate|p2a: Ting-Lu|confusion
|-damage|p2a: Ting-Lu|61/100|[from] confusion
|
|-weather|RainDance|[upkeep]
|-heal|p2a: Ting-Lu|67/100|[from] item: Leftovers
|upkeep
|turn|6
|
|t:|1759074864
|move|p1a: Zapdos|Hurricane|p2a: Ting-Lu
|-damage|p2a: Ting-Lu|35/100
|-activate|p2a: Ting-Lu|confusion
|move|p2a: Ting-Lu|Stealth Rock|p1a: Zapdos
|-sidestart|p1: Soft Wock|move: Stealth Rock
|
|-weather|RainDance|[upkeep]
|-heal|p2a: Ting-Lu|41/100|[from] item: Leftovers
|upkeep
|turn|7
|
|t:|1759074871
|move|p1a: Zapdos|Hurricane|p2a: Ting-Lu
|-damage|p2a: Ting-Lu|8/100
|-activate|p2a: Ting-Lu|confusion
|move|p2a: Ting-Lu|Ruination|p1a: Zapdos
|-damage|p1a: Zapdos|51/100
|
|-weather|RainDance|[upkeep]
|-heal|p2a: Ting-Lu|14/100|[from] item: Leftovers
|upkeep
|turn|8
|
|t:|1759074876
|switch|p2a: Hatterene|Hatterene, F|100/100
|move|p1a: Zapdos|Hurricane|p2a: Hatterene
|-damage|p2a: Hatterene|45/100
|
|-weather|none
|upkeep
|turn|9
|
|t:|1759074881
|switch|p1a: Scizor|Scizor, M|68/100
|move|p2a: Hatterene|Mystical Fire|p1a: Scizor
|-supereffective|p1a: Scizor
|-damage|p1a: Scizor|0 fnt
|faint|p1a: Scizor
|
|upkeep
|
|t:|1759074894
|switch|p1a: Dragapult|Dragapult, F|100/100
|-damage|p1a: Dragapult|88/100|[from] Stealth Rock
|turn|10
|
|t:|1759074898
|switch|p2a: Ting-Lu|Ting-Lu|14/100
|-ability|p2a: Ting-Lu|Vessel of Ruin
|move|p1a: Dragapult|Shadow Ball|p2a: Ting-Lu
|-resisted|p2a: Ting-Lu
|-damage|p2a: Ting-Lu|5/100
|-damage|p1a: Dragapult|78/100|[from] item: Life Orb
|
|-heal|p2a: Ting-Lu|11/100|[from] item: Leftovers
|upkeep
|turn|11
|
|t:|1759074908
|move|p1a: Dragapult|Dragon Darts|p2a: Ting-Lu
|-damage|p2a: Ting-Lu|0 fnt
|faint|p2a: Ting-Lu
|-damage|p1a: Dragapult|69/100|[from] item: Life Orb
|
|upkeep
|
|t:|1759074916
|switch|p2a: Great Tusk|Great Tusk|100/100
|-enditem|p2a: Great Tusk|Booster Energy
|-activate|p2a: Great Tusk|ability: Protosynthesis|[fromitem]
|-start|p2a: Great Tusk|protosynthesisspe
|turn|12
|
|t:|1759074921
|switch|p1a: Pelipper|Pelipper, M|100/100
|-damage|p1a: Pelipper|76/100|[from] Stealth Rock
|-weather|RainDance|[from] ability: Drizzle|[of] p1a: Pelipper
|move|p2a: Great Tusk|Bulk Up|p2a: Great Tusk
|-boost|p2a: Great Tusk|atk|1
|-boost|p2a: Great Tusk|def|1
|
|-weather|RainDance|[upkeep]
|upkeep
|turn|13
|
|t:|1759074927
|-terastallize|p2a: Great Tusk|Ice
|move|p2a: Great Tusk|Ice Spinner|p1a: Pelipper
|-damage|p1a: Pelipper|37/100
|move|p1a: Pelipper|Surf|p2a: Great Tusk
|-damage|p2a: Great Tusk|43/100
|
|-weather|RainDance|[upkeep]
|upkeep
|turn|14
|
|t:|1759074940
|move|p2a: Great Tusk|Ice Spinner|p1a: Pelipper
|-damage|p1a: Pelipper|0 fnt
|faint|p1a: Pelipper
|
|-weather|RainDance|[upkeep]
|upkeep
|
|t:|1759074941
|switch|p1a: Barraskewda|Barraskewda, F|100/100
|-damage|p1a: Barraskewda|88/100|[from] Stealth Rock
|turn|15
|
|t:|1759074950
|-end|p2a: Great Tusk|Protosynthesis|[silent]
|switch|p2a: Hatterene|Hatterene, F|45/100
|move|p1a: Barraskewda|Liquidation|p2a: Hatterene
|-damage|p2a: Hatterene|0 fnt
|faint|p2a: Hatterene
|-damage|p1a: Barraskewda|78/100|[from] item: Life Orb
|
|-weather|RainDance|[upkeep]
|upkeep
|
|t:|1759074957
|switch|p2a: Ogerpon|Ogerpon-Wellspring, F|100/100
|turn|16
|
|t:|1759074959
|move|p1a: Barraskewda|Poison Jab|p2a: Ogerpon
|-supereffective|p2a: Ogerpon
|-damage|p2a: Ogerpon|0 fnt
|faint|p2a: Ogerpon
|-damage|p1a: Barraskewda|69/100|[from] item: Life Orb
|
|-weather|RainDance|[upkeep]
|upkeep
|
|t:|1759074962
|switch|p2a: Dragapult|Dragapult, F|100/100
|turn|17
|
|t:|1759074964
|move|p1a: Barraskewda|Flip Turn|p2a: Dragapult
|-resisted|p2a: Dragapult
|-damage|p2a: Dragapult|58/100
|-damage|p1a: Barraskewda|59/100|[from] item: Life Orb
|
|t:|1759074970
|switch|p1a: Zapdos|Zapdos|51/100|[from] Flip Turn
|-damage|p1a: Zapdos|26/100|[from] Stealth Rock
|move|p2a: Dragapult|Dragon Darts|p1a: Zapdos
|-damage|p1a: Zapdos|0 fnt
|faint|p1a: Zapdos
|
|-weather|RainDance|[upkeep]
|upkeep
|
|t:|1759074973
|switch|p1a: Barraskewda|Barraskewda, F|59/100
|-damage|p1a: Barraskewda|47/100|[from] Stealth Rock
|turn|18
|
|t:|1759074977
|switch|p2a: Great Tusk|Great Tusk, tera:Ice|43/100
|-terastallize|p1a: Barraskewda|Water
|move|p1a: Barraskewda|Liquidation|p2a: Great Tusk
|-damage|p2a: Great Tusk|0 fnt
|faint|p2a: Great Tusk
|-end|p2a: Great Tusk|Protosynthesis|[silent]
|-damage|p1a: Barraskewda|37/100|[from] item: Life Orb
|
|-weather|RainDance|[upkeep]
|upkeep
|
|t:|1759074979
|switch|p2a: Dragapult|Dragapult, F|58/100
|turn|19
|
|t:|1759074981
|move|p1a: Barraskewda|Liquidation|p2a: Dragapult
|-resisted|p2a: Dragapult
|-damage|p2a: Dragapult|0 fnt
|faint|p2a: Dragapult
|-damage|p1a: Barraskewda|27/100|[from] item: Life Orb
|
|win|Soft Wock
|raw|Soft Wock's rating: 1464 &rarr; <strong>1484</strong><br />(+20 for winning)
|raw|mkyn's rating: 1462 &rarr; <strong>1442</strong><br />(-20 for losing)
|l|☆mkyn
|player|p2|
|l|☆Soft Wock
|player|p1|
|j|☆Soft Wock
|player|p1|Soft Wock|picnicker|
