|j|☆Noxthebest10
|j|☆c3baby
|t:|1758962323
|gametype|singles
|player|p1|Noxthebest10|1|1209
|player|p2|c3baby|101|1158
|gen|9
|tier|[Gen 9] OU
|rated|
|rule|HP Percentage Mod: HP is shown in percentages
|rule|Endless Battle Clause: Forcing endless battles is banned
|rule|Species Clause: Limit one of each Pokémon
|rule|OHKO Clause: OHKO moves are banned
|rule|Evasion Items Clause: Evasion items are banned
|rule|Evasion Moves Clause: Evasion moves are banned
|rule|Evasion Abilities Clause: Evasion abilities are banned
|rule|Sleep Moves Clause: Sleep-inducing moves are banned
|clearpoke
|poke|p1|Thundurus, M|
|poke|p1|Zamazenta-*|
|poke|p1|Dragapult, M|
|poke|p1|Araquanid, F|
|poke|p1|Toxtricity-Low-Key, M|
|poke|p1|Metagross|
|poke|p2|Charizard, F|
|poke|p2|Pelipper, F|
|poke|p2|Great Tusk|
|poke|p2|Galvantula, F|
|poke|p2|Salamence, M|
|poke|p2|Glimmora, M|
|teampreview
|inactive|Battle timer is ON: inactive players will automatically lose when time's up. (requested by Noxthebest10)
|
|t:|1758962339
|teamsize|p1|6
|teamsize|p2|6
|start
|switch|p1a: Araquanid|Araquanid, F|100/100
|switch|p2a: Glimmora|Glimmora, M|100/100
|turn|1
|
|t:|1758962350
|move|p2a: Glimmora|Toxic|p1a: Araquanid
|-status|p1a: Araquanid|tox
|move|p1a: Araquanid|Liquidation|p2a: Glimmora
|-supereffective|p2a: Glimmora
|-damage|p2a: Glimmora|16/100
|-activate|p2a: Glimmora|ability: Toxic Debris
|-sidestart|p1: Noxthebest10|move: Toxic Spikes
|
|-damage|p1a: Araquanid|94/100 tox|[from] psn
|upkeep
|turn|2
|
|t:|1758962361
|move|p2a: Glimmora|Stealth Rock|p1a: Araquanid
|-sidestart|p1: Noxthebest10|move: Stealth Rock
|move|p1a: Araquanid|Sticky Web|p2a: Glimmora
|-sidestart|p2: c3baby|move: Sticky Web
|
|-heal|p1a: Araquanid|100/100 tox|[from] item: Leftovers
|-damage|p1a: Araquanid|88/100 tox|[from] psn
|upkeep
|turn|3
|
|t:|1758962369
|move|p2a: Glimmora|Mortal Spin|p1a: Araquanid
|-damage|p1a: Araquanid|82/100 tox
|-sideend|p2: c3baby|Sticky Web|[from] move: Mortal Spin|[of] p2a: Glimmora
|move|p1a: Araquanid|Liquidation|p2a: Glimmora
|-supereffective|p2a: Glimmora
|-damage|p2a: Glimmora|0 fnt
|-activate|p2a: Glimmora|ability: Toxic Debris
|-sidestart|p1: Noxthebest10|move: Toxic Spikes
|faint|p2a: Glimmora
|
|-heal|p1a: Araquanid|89/100 tox|[from] item: Leftovers
|-damage|p1a: Araquanid|70/100 tox|[from] psn
|upkeep
|
|t:|1758962392
|switch|p2a: Galvantula|Galvantula, F|100/100
|turn|4
|
|t:|1758962402
|move|p2a: Galvantula|Thunder|p1a: Araquanid
|-supereffective|p1a: Araquanid
|-damage|p1a: Araquanid|0 fnt
|faint|p1a: Araquanid
|
|upkeep
|c|☆c3baby|EZ GAME FOR ME
|
|t:|1758962417
|switch|p1a: Toxtricity|Toxtricity-Low-Key, M|100/100
|-sideend|p1: Noxthebest10|move: Toxic Spikes|[of] p1a: Toxtricity
|-damage|p1a: Toxtricity|88/100|[from] Stealth Rock
|turn|5
|
|t:|1758962431
|move|p2a: Galvantula|Sticky Web|p1a: Toxtricity
|-sidestart|p1: Noxthebest10|move: Sticky Web
|move|p1a: Toxtricity|Boomburst|p2a: Galvantula
|-enditem|p2a: Galvantula|Focus Sash
|-damage|p2a: Galvantula|1/100
|
|upkeep
|turn|6
|
|t:|1758962442
|move|p2a: Galvantula|Bug Buzz|p1a: Toxtricity
|-resisted|p1a: Toxtricity
|-damage|p1a: Toxtricity|74/100
|-unboost|p1a: Toxtricity|spd|1
|move|p1a: Toxtricity|Boomburst|p2a: Galvantula
|-damage|p2a: Galvantula|0 fnt
|faint|p2a: Galvantula
|
|upkeep
|inactive|c3baby has 120 seconds left.
|
|t:|1758962463
|switch|p2a: Great Tusk|Great Tusk|100/100
|-enditem|p2a: Great Tusk|Booster Energy
|-activate|p2a: Great Tusk|ability: Protosynthesis|[fromitem]
|-start|p2a: Great Tusk|protosynthesisatk
|turn|7
|inactive|c3baby has 120 seconds left.
|
|t:|1758962479
|switch|p1a: Thundurus|Thundurus, M|100/100
|move|p2a: Great Tusk|Knock Off|p1a: Thundurus
|-damage|p1a: Thundurus|24/100
|-enditem|p1a: Thundurus|Heavy-Duty Boots|[from] move: Knock Off|[of] p2a: Great Tusk
|
|upkeep
|turn|8
|inactive|c3baby has 120 seconds left.
|
|t:|1758962500
|-end|p2a: Great Tusk|Protosynthesis|[silent]
|switch|p2a: Pelipper|Pelipper, F|100/100
|-weather|RainDance|[from] ability: Drizzle|[of] p2a: Pelipper
|move|p1a: Thundurus|Grass Knot|p2a: Pelipper
|-damage|p2a: Pelipper|70/100
|
|-weather|RainDance|[upkeep]
|upkeep
|turn|9
|
|t:|1758962511
|move|p1a: Thundurus|Volt Switch|p2a: Pelipper
|-supereffective|p2a: Pelipper
|-damage|p2a: Pelipper|0 fnt
|faint|p2a: Pelipper
|
|t:|1758962519
|switch|p1a: Dragapult|Dragapult, M|100/100|[from] Volt Switch
|-damage|p1a: Dragapult|88/100|[from] Stealth Rock
|-activate|p1a: Dragapult|move: Sticky Web
|-fail|p1a: Dragapult|unboost|[from] ability: Clear Body|[of] p1a: Dragapult
|
|-weather|RainDance|[upkeep]
|upkeep
|
|t:|1758962528
|switch|p2a: Charizard|Charizard, F|100/100
|turn|10
|inactive|c3baby has 120 seconds left.
|
|t:|1758962545
|-terastallize|p2a: Charizard|Water
|move|p1a: Dragapult|U-turn|p2a: Charizard
|-damage|p2a: Charizard|75/100
|
|t:|1758962550
|switch|p1a: Toxtricity|Toxtricity-Low-Key, M|74/100|[from] U-turn
|-damage|p1a: Toxtricity|62/100|[from] Stealth Rock
|-activate|p1a: Toxtricity|move: Sticky Web
|-unboost|p1a: Toxtricity|spe|1
|move|p2a: Charizard|Weather Ball|p1a: Toxtricity
|-damage|p1a: Toxtricity|0 fnt
|faint|p1a: Toxtricity
|-damage|p2a: Charizard|65/100|[from] item: Life Orb
|
|-weather|RainDance|[upkeep]
|upkeep
|
|t:|1758962563
|switch|p1a: Thundurus|Thundurus, M|24/100
|-damage|p1a: Thundurus|0 fnt|[from] Stealth Rock
|faint|p1a: Thundurus
|c|☆c3baby|EZ GAME FOR ME
|
|t:|1758962580
|switch|p1a: Metagross|Metagross, shiny|100/100
|-damage|p1a: Metagross|95/100|[from] Stealth Rock
|-activate|p1a: Metagross|move: Sticky Web
|-fail|p1a: Metagross|unboost|[from] ability: Clear Body|[of] p1a: Metagross
|turn|11
|
|t:|1758962604
|move|p2a: Charizard|Weather Ball|p1a: Metagross
|-damage|p1a: Metagross|0 fnt
|faint|p1a: Metagross
|-damage|p2a: Charizard|55/100|[from] item: Life Orb
|
|-weather|RainDance|[upkeep]
|upkeep
|c|☆c3baby|EZ GAME FOR ME
|c|☆c3baby|JUST QUIT
|inactive|Noxthebest10 has 120 seconds left.
|
|t:|1758962625
|switch|p1a: Dragapult|Dragapult, M|88/100
|-damage|p1a: Dragapult|76/100|[from] Stealth Rock
|-activate|p1a: Dragapult|move: Sticky Web
|-fail|p1a: Dragapult|unboost|[from] ability: Clear Body|[of] p1a: Dragapult
|turn|12
|inactive|Noxthebest10 has 120 seconds left.
|
|t:|1758962637
|move|p1a: Dragapult|Draco Meteor|p2a: Charizard
|-crit|p2a: Charizard
|-damage|p2a: Charizard|0 fnt
|-unboost|p1a: Dragapult|spa|2
|faint|p2a: Charizard
|
|-weather|RainDance|[upkeep]
|upkeep
|
|t:|1758962645
|switch|p2a: Great Tusk|Great Tusk|100/100
|turn|13
|
|t:|1758962653
|move|p1a: Dragapult|U-turn|p2a: Great Tusk
|-resisted|p2a: Great Tusk
|-damage|p2a: Great Tusk|95/100
|
|t:|1758962656
|switch|p1a: Zamazenta|Zamazenta|100/100|[from] U-turn
|-damage|p1a: Zamazenta|94/100|[from] Stealth Rock
|-activate|p1a: Zamazenta|move: Sticky Web
|-unboost|p1a: Zamazenta|spe|1
|-ability|p1a: Zamazenta|Dauntless Shield|boost
|-boost|p1a: Zamazenta|def|1
|move|p2a: Great Tusk|Knock Off|p1a: Zamazenta
|-resisted|p1a: Zamazenta
|-crit|p1a: Zamazenta
|-damage|p1a: Zamazenta|78/100
|-enditem|p1a: Zamazenta|Leftovers|[from] move: Knock Off|[of] p2a: Great Tusk
|
|-weather|RainDance|[upkeep]
|upkeep
|turn|14
|inactive|c3baby has 120 seconds left.
|
|t:|1758962692
|move|p2a: Great Tusk|Rapid Spin|p1a: Zamazenta
|-damage|p1a: Zamazenta|70/100
|-boost|p2a: Great Tusk|spe|1
|move|p1a: Zamazenta|Iron Defense|p1a: Zamazenta
|-boost|p1a: Zamazenta|def|2
|
|-weather|RainDance|[upkeep]
|upkeep
|turn|15
|inactive|c3baby has 120 seconds left.
|
|t:|1758962704
|move|p2a: Great Tusk|Earthquake|p1a: Zamazenta
|-crit|p1a: Zamazenta
|-damage|p1a: Zamazenta|16/100
|move|p1a: Zamazenta|Body Press|p2a: Great Tusk
|-damage|p2a: Great Tusk|31/100
|
|-weather|none
|upkeep
|turn|16
|inactive|c3baby has 120 seconds left.
|
|t:|1758962743
|move|p2a: Great Tusk|Earthquake|p1a: Zamazenta
|-damage|p1a: Zamazenta|1/100
|move|p1a: Zamazenta|Body Press|p2a: Great Tusk
|-damage|p2a: Great Tusk|0 fnt
|faint|p2a: Great Tusk
|-end|p2a: Great Tusk|Protosynthesis|[silent]
|
|upkeep
|
|t:|1758962750
|switch|p2a: Salamence|Salamence, M|100/100
|turn|17
|
|t:|1758962758
|move|p2a: Salamence|Dragon Dance|p2a: Salamence
|-boost|p2a: Salamence|atk|1
|-boost|p2a: Salamence|spe|1
|move|p1a: Zamazenta|Body Press|p2a: Salamence
|-resisted|p2a: Salamence
|-damage|p2a: Salamence|37/100
|
|upkeep
|turn|18
|inactive|c3baby has 90 seconds left.
|
|t:|1758962785
|move|p2a: Salamence|Dragon Claw|p1a: Zamazenta
|-damage|p1a: Zamazenta|0 fnt
|faint|p1a: Zamazenta
|-ability|p2a: Salamence|Moxie|boost
|-boost|p2a: Salamence|atk|1
|-damage|p2a: Salamence|27/100|[from] item: Life Orb
|
|upkeep
|
|t:|1758962793
|switch|p1a: Dragapult|Dragapult, M|76/100
|-damage|p1a: Dragapult|64/100|[from] Stealth Rock
|-activate|p1a: Dragapult|move: Sticky Web
|-fail|p1a: Dragapult|unboost|[from] ability: Clear Body|[of] p1a: Dragapult
|turn|19
|inactive|c3baby has 90 seconds left.
|
|t:|1758962825
|move|p2a: Salamence|Dragon Claw|p1a: Dragapult
|-supereffective|p1a: Dragapult
|-damage|p1a: Dragapult|0 fnt
|faint|p1a: Dragapult
|-damage|p2a: Salamence|17/100|[from] item: Life Orb
|
|win|c3baby
|raw|Noxthebest10's rating: 1209 &rarr; <strong>1180</strong><br />(-29 for losing)
|raw|c3baby's rating: 1158 &rarr; <strong>1187</strong><br />(+29 for winning)
|c|☆c3baby|EZ
|l|☆c3baby
|player|p2|
|l|☆Noxthebest10
|player|p1|
