|j|‽zeep vs zoop
|j|‽theonlydork
|t:|1759021439
|gametype|singles
|player|p1|zeep vs zoop|iris-gen5bw2|1756
|player|p2|theonlydork|102|1726
|gen|9
|tier|[Gen 9] OU
|rated|
|rule|HP Percentage Mod: HP is shown in percentages
|rule|Endless Battle Clause: Forcing endless battles is banned
|rule|Species Clause: Limit one of each Pokémon
|rule|OHKO Clause: OHKO moves are banned
|rule|Evasion Items Clause: Evasion items are banned
|rule|Evasion Moves Clause: Evasion moves are banned
|rule|Evasion Abilities Clause: Evasion abilities are banned
|rule|Sleep Moves Clause: Sleep-inducing moves are banned
|clearpoke
|poke|p1|Zamazenta-*|
|poke|p1|Latios, M|
|poke|p1|Weezing-Galar, F|
|poke|p1|Moltres|
|poke|p1|Ting-Lu|
|poke|p1|Gholdengo|
|poke|p2|Dragonite, F|
|poke|p2|Gholdengo|
|poke|p2|Iron Treads|
|poke|p2|Quaquaval, F|
|poke|p2|Slowking-Galar, M|
|poke|p2|Ting-Lu|
|teampreview
|inactive|Battle timer is ON: inactive players will automatically lose when time's up. (requested by zeep vs zoop)
|
|t:|1759021479
|teamsize|p1|6
|teamsize|p2|6
|start
|switch|p1a: Latios|Latios, M|100/100
|switch|p2a: Slowking|Slowking-Galar, M|100/100
|turn|1
|
|t:|1759021484
|move|p1a: Latios|Draco Meteor|p2a: Slowking
|-damage|p2a: Slowking|20/100
|-unboost|p1a: Latios|spa|2
|move|p2a: Slowking|Ice Beam|p1a: Latios
|-supereffective|p1a: Latios
|-damage|p1a: Latios|53/100
|
|upkeep
|turn|2
|
|t:|1759021493
|switch|p1a: Weezing|Weezing-Galar, F|100/100
|-ability|p1a: Weezing|Neutralizing Gas
|-prepare|p2a: Slowking|Chilly Reception|[premajor]
|move|p2a: Slowking|Chilly Reception|p2a: Slowking
|-weather|Snowscape
|j| Squallskip
|
|t:|1759021502
|switch|p2a: Iron Treads|Iron Treads|100/100|[from] Chilly Reception
|
|-weather|Snowscape|[upkeep]
|upkeep
|turn|3
|
|t:|1759021505
|move|p2a: Iron Treads|Earthquake|p1a: Weezing
|-supereffective|p1a: Weezing
|-damage|p1a: Weezing|35/100
|move|p1a: Weezing|Will-O-Wisp|p2a: Iron Treads|[miss]
|-miss|p1a: Weezing|p2a: Iron Treads
|
|-weather|Snowscape|[upkeep]
|upkeep
|turn|4
|
|t:|1759021510
|move|p2a: Iron Treads|Stealth Rock|p1a: Weezing
|-sidestart|p1: zeep vs zoop|move: Stealth Rock
|move|p1a: Weezing|Will-O-Wisp|p2a: Iron Treads
|-status|p2a: Iron Treads|brn
|
|-weather|Snowscape|[upkeep]
|-damage|p2a: Iron Treads|94/100 brn|[from] brn
|upkeep
|turn|5
|
|t:|1759021515
|-end|p1a: Weezing|ability: Neutralizing Gas
|switch|p1a: Ting-Lu|Ting-Lu|100/100
|-damage|p1a: Ting-Lu|94/100|[from] Stealth Rock
|-ability|p1a: Ting-Lu|Vessel of Ruin
|move|p2a: Iron Treads|Earthquake|p1a: Ting-Lu
|-damage|p1a: Ting-Lu|81/100
|
|-weather|Snowscape|[upkeep]
|-heal|p2a: Iron Treads|100/100 brn|[from] item: Leftovers
|-damage|p2a: Iron Treads|94/100 brn|[from] brn
|upkeep
|turn|6
|
|t:|1759021518
|move|p2a: Iron Treads|Knock Off|p1a: Ting-Lu
|-resisted|p1a: Ting-Lu
|-damage|p1a: Ting-Lu|77/100
|-damage|p2a: Iron Treads|78/100 brn|[from] item: Rocky Helmet|[of] p1a: Ting-Lu
|-enditem|p1a: Ting-Lu|Rocky Helmet|[from] move: Knock Off|[of] p2a: Iron Treads
|move|p1a: Ting-Lu|Stealth Rock|p2a: Iron Treads
|-sidestart|p2: theonlydork|move: Stealth Rock
|
|-weather|none
|-heal|p2a: Iron Treads|84/100 brn|[from] item: Leftovers
|-damage|p2a: Iron Treads|78/100 brn|[from] brn
|upkeep
|turn|7
|
|t:|1759021525
|-end|p2a: Iron Treads|Quark Drive|[silent]
|switch|p2a: Ting-Lu|Ting-Lu|100/100
|-damage|p2a: Ting-Lu|94/100|[from] Stealth Rock
|-ability|p2a: Ting-Lu|Vessel of Ruin
|-terastallize|p1a: Ting-Lu|Ghost
|move|p1a: Ting-Lu|Earthquake|p2a: Ting-Lu
|-damage|p2a: Ting-Lu|74/100
|
|-heal|p2a: Ting-Lu|80/100|[from] item: Leftovers
|upkeep
|turn|8
|
|t:|1759021530
|switch|p1a: Zamazenta|Zamazenta|100/100
|-damage|p1a: Zamazenta|94/100|[from] Stealth Rock
|-ability|p1a: Zamazenta|Dauntless Shield|boost
|-boost|p1a: Zamazenta|def|1
|move|p2a: Ting-Lu|Ruination|p1a: Zamazenta
|-damage|p1a: Zamazenta|48/100
|
|-heal|p2a: Ting-Lu|87/100|[from] item: Leftovers
|upkeep
|turn|9
|
|t:|1759021538
|move|p1a: Zamazenta|Close Combat|p2a: Ting-Lu
|-supereffective|p2a: Ting-Lu
|-damage|p2a: Ting-Lu|0 fnt
|-unboost|p1a: Zamazenta|def|1
|-unboost|p1a: Zamazenta|spd|1
|faint|p2a: Ting-Lu
|
|upkeep
|
|t:|1759021541
|switch|p2a: Gholdengo|Gholdengo|100/100
|-damage|p2a: Gholdengo|94/100|[from] Stealth Rock
|turn|10
|l| Squallskip
|
|t:|1759021569
|switch|p1a: Moltres|Moltres|100/100
|move|p2a: Gholdengo|Shadow Ball|p1a: Moltres
|-damage|p1a: Moltres|53/100
|
|upkeep
|turn|11
|
|t:|1759021579
|switch|p2a: Quaquaval|Quaquaval, F|100/100
|-damage|p2a: Quaquaval|94/100|[from] Stealth Rock
|move|p1a: Moltres|Roost|p1a: Moltres
|-heal|p1a: Moltres|100/100
|-singleturn|p1a: Moltres|move: Roost
|
|upkeep
|turn|12
|inactive|zeep vs zoop has 120 seconds left.
|
|t:|1759021619
|move|p2a: Quaquaval|Aqua Step|p1a: Moltres
|-supereffective|p1a: Moltres
|-damage|p1a: Moltres|17/100
|-boost|p2a: Quaquaval|spe|1
|-status|p2a: Quaquaval|brn|[from] ability: Flame Body|[of] p1a: Moltres
|move|p1a: Moltres|Will-O-Wisp|p2a: Quaquaval|[miss]
|-miss|p1a: Moltres|p2a: Quaquaval
|
|-damage|p2a: Quaquaval|88/100 brn|[from] brn
|upkeep
|turn|13
|
|t:|1759021626
|switch|p1a: Gholdengo|Gholdengo|100/100
|-damage|p1a: Gholdengo|94/100|[from] Stealth Rock
|move|p2a: Quaquaval|Aqua Step|p1a: Gholdengo
|-damage|p1a: Gholdengo|55/100
|-boost|p2a: Quaquaval|spe|1
|
|-damage|p2a: Quaquaval|82/100 brn|[from] brn
|upkeep
|turn|14
|
|t:|1759021631
|move|p2a: Quaquaval|Aqua Step|p1a: Gholdengo
|-damage|p1a: Gholdengo|21/100
|-boost|p2a: Quaquaval|spe|1
|move|p1a: Gholdengo|Shadow Ball|p2a: Quaquaval
|-damage|p2a: Quaquaval|28/100 brn
|-unboost|p2a: Quaquaval|spd|1
|
|-damage|p2a: Quaquaval|22/100 brn|[from] brn
|upkeep
|turn|15
|
|t:|1759021644
|switch|p1a: Ting-Lu|Ting-Lu, tera:Ghost|77/100
|-damage|p1a: Ting-Lu|64/100|[from] Stealth Rock
|-ability|p1a: Ting-Lu|Vessel of Ruin
|move|p2a: Quaquaval|Aqua Step|p1a: Ting-Lu
|-damage|p1a: Ting-Lu|46/100
|-boost|p2a: Quaquaval|spe|1
|
|-damage|p2a: Quaquaval|16/100 brn|[from] brn
|upkeep
|turn|16
|
|t:|1759021648
|move|p2a: Quaquaval|Aqua Step|p1a: Ting-Lu
|-damage|p1a: Ting-Lu|29/100
|-boost|p2a: Quaquaval|spe|1
|move|p1a: Ting-Lu|Earthquake|p2a: Quaquaval
|-damage|p2a: Quaquaval|0 fnt
|faint|p2a: Quaquaval
|
|upkeep
|
|t:|1759021652
|switch|p2a: Gholdengo|Gholdengo|94/100
|-damage|p2a: Gholdengo|88/100|[from] Stealth Rock
|turn|17
|
|t:|1759021659
|move|p2a: Gholdengo|Shadow Ball|p1a: Ting-Lu
|-supereffective|p1a: Ting-Lu
|-damage|p1a: Ting-Lu|0 fnt
|faint|p1a: Ting-Lu
|
|upkeep
|
|t:|1759021661
|switch|p1a: Gholdengo|Gholdengo|21/100
|-damage|p1a: Gholdengo|15/100|[from] Stealth Rock
|turn|18
|
|t:|1759021671
|switch|p2a: Slowking|Slowking-Galar, M|20/100
|-damage|p2a: Slowking|8/100|[from] Stealth Rock
|move|p1a: Gholdengo|Shadow Ball|p2a: Slowking
|-supereffective|p2a: Slowking
|-damage|p2a: Slowking|0 fnt
|faint|p2a: Slowking
|
|upkeep
|
|t:|1759021674
|switch|p2a: Dragonite|Dragonite, F|100/100
|turn|19
|
|t:|1759021693
|switch|p1a: Moltres|Moltres|17/100
|move|p2a: Dragonite|Dragon Dance|p2a: Dragonite
|-boost|p2a: Dragonite|atk|1
|-boost|p2a: Dragonite|spe|1
|
|upkeep
|turn|20
|
|t:|1759021696
|move|p2a: Dragonite|Extreme Speed|p1a: Moltres
|-damage|p1a: Moltres|0 fnt
|faint|p1a: Moltres
|
|upkeep
|
|t:|1759021703
|switch|p1a: Zamazenta|Zamazenta|48/100
|-damage|p1a: Zamazenta|41/100|[from] Stealth Rock
|turn|21
|
|t:|1759021714
|switch|p2a: Gholdengo|Gholdengo|88/100
|-damage|p2a: Gholdengo|82/100|[from] Stealth Rock
|move|p1a: Zamazenta|Stone Edge|p2a: Gholdengo
|-resisted|p2a: Gholdengo
|-damage|p2a: Gholdengo|54/100
|
|upkeep
|turn|22
|
|t:|1759021724
|switch|p1a: Weezing|Weezing-Galar, F|35/100
|-ability|p1a: Weezing|Neutralizing Gas
|move|p2a: Gholdengo|Shadow Ball|p1a: Weezing
|-damage|p1a: Weezing|0 fnt
|faint|p1a: Weezing
|-end|p1a: Weezing|ability: Neutralizing Gas
|
|upkeep
|
|t:|1759021726
|switch|p1a: Gholdengo|Gholdengo|15/100
|-damage|p1a: Gholdengo|9/100|[from] Stealth Rock
|turn|23
|
|t:|1759021739
|move|p2a: Gholdengo|Shadow Ball|p1a: Gholdengo
|-supereffective|p1a: Gholdengo
|-damage|p1a: Gholdengo|0 fnt
|faint|p1a: Gholdengo
|
|upkeep
|-message|zeep vs zoop forfeited.
|
|win|theonlydork
|raw|zeep vs zoop's rating: 1742 &rarr; <strong>1721</strong><br />(-21 for losing)
|raw|theonlydork's rating: 1726 &rarr; <strong>1747</strong><br />(+21 for winning)
|l|‽zeep vs zoop
|player|p1|
|l|‽theonlydork
|player|p2|
