|badge|p1|bronze|gen9ou|100-6
|html|<div class="broadcast-red"><strong>This battle is required to be public due to one or more player having a season medal.</strong><br />During the public phase, you can discuss the state of the ladder <a href="/seasondiscussion">in a special chatroom.</a></div>
|uhtml|medal-msg|<div class="broadcast-blue">Curious what those medals under the avatar are? PS now has Ladder Seasons! For more information, check out the <a href="https://www.smogon.com/forums/threads/3740067/">thread on Smogon.</a></div>
|raw|<div class="broadcast-blue"><strong>This battle is required to be public due to a player having a name starting with 'medal'.</div>
|j|☆LT124YH Ghoul
|j|☆Segahay
|t:|1759067213
|gametype|singles
|player|p1|LT124YH Ghoul|#wcop2024asia|1889
|player|p2|Segahay|1|1752
|gen|9
|tier|[Gen 9] OU
|rated|
|rule|HP Percentage Mod: HP is shown in percentages
|rule|Endless Battle Clause: Forcing endless battles is banned
|rule|Species Clause: Limit one of each Pokémon
|rule|OHKO Clause: OHKO moves are banned
|rule|Evasion Items Clause: Evasion items are banned
|rule|Evasion Moves Clause: Evasion moves are banned
|rule|Evasion Abilities Clause: Evasion abilities are banned
|rule|Sleep Moves Clause: Sleep-inducing moves are banned
|clearpoke
|poke|p1|Veluza, M|
|poke|p1|Hatterene, F|
|poke|p1|Deoxys-Speed|
|poke|p1|Iron Valiant|
|poke|p1|Glimmora, M|
|poke|p1|Gliscor, M|
|poke|p2|Rillaboom, M|
|poke|p2|Hawlucha, M|
|poke|p2|Feraligatr, F|
|poke|p2|Slowbro-Galar, F|
|poke|p2|Glimmora, M|
|poke|p2|Mew|
|teampreview
|inactive|Battle timer is ON: inactive players will automatically lose when time's up. (requested by Segahay)
|inactive|LT124YH Ghoul also wants the timer to be on.
|
|t:|1759067229
|teamsize|p1|6
|teamsize|p2|6
|start
|switch|p1a: Deoxys|Deoxys-Speed|100/100
|switch|p2a: Rillaboom|Rillaboom, M|100/100
|-ability|p1a: Deoxys|Pressure
|-fieldstart|move: Grassy Terrain|[from] ability: Grassy Surge|[of] p2a: Rillaboom
|turn|1
|
|t:|1759067233
|move|p2a: Rillaboom|Fake Out|p1a: Deoxys
|-damage|p1a: Deoxys|83/100
|cant|p1a: Deoxys|flinch
|
|-heal|p1a: Deoxys|89/100|[from] Grassy Terrain
|upkeep
|turn|2
|
|t:|1759067235
|move|p1a: Deoxys|Reflect|p1a: Deoxys
|-sidestart|p1: LT124YH Ghoul|Reflect
|move|p2a: Rillaboom|Knock Off|p1a: Deoxys
|-supereffective|p1a: Deoxys
|-damage|p1a: Deoxys|47/100
|-enditem|p1a: Deoxys|Light Clay|[from] move: Knock Off|[of] p2a: Rillaboom
|
|-heal|p1a: Deoxys|53/100|[from] Grassy Terrain
|upkeep
|turn|3
|
|t:|1759067237
|move|p1a: Deoxys|Light Screen|p1a: Deoxys
|-sidestart|p1: LT124YH Ghoul|move: Light Screen
|move|p2a: Rillaboom|U-turn|p1a: Deoxys
|-supereffective|p1a: Deoxys
|-damage|p1a: Deoxys|19/100
|
|t:|1759067242
|switch|p2a: Glimmora|Glimmora, M|100/100|[from] U-turn
|
|-heal|p1a: Deoxys|25/100|[from] Grassy Terrain
|upkeep
|turn|4
|
|t:|1759067246
|move|p1a: Deoxys|Psycho Boost|p2a: Glimmora
|-supereffective|p2a: Glimmora
|-damage|p2a: Glimmora|0 fnt
|-unboost|p1a: Deoxys|spa|2
|faint|p2a: Glimmora
|
|-heal|p1a: Deoxys|31/100|[from] Grassy Terrain
|upkeep
|
|t:|1759067249
|switch|p2a: Rillaboom|Rillaboom, M|100/100
|turn|5
|
|t:|1759067262
|switch|p1a: Gliscor|Gliscor, M|100/100
|move|p2a: Rillaboom|Knock Off|p1a: Gliscor
|-damage|p1a: Gliscor|85/100
|-enditem|p1a: Gliscor|Toxic Orb|[from] move: Knock Off|[of] p2a: Rillaboom
|
|-fieldend|move: Grassy Terrain
|upkeep
|turn|6
|
|t:|1759067276
|move|p1a: Gliscor|Earthquake|p2a: Rillaboom
|-resisted|p2a: Rillaboom
|-damage|p2a: Rillaboom|82/100
|move|p2a: Rillaboom|U-turn|p1a: Gliscor
|-resisted|p1a: Gliscor
|-damage|p1a: Gliscor|80/100
|
|t:|1759067278
|switch|p2a: Hawlucha|Hawlucha, M|100/100|[from] U-turn
|
|upkeep
|turn|7
|
|t:|1759067284
|switch|p2a: Rillaboom|Rillaboom, M|82/100
|-fieldstart|move: Grassy Terrain|[from] ability: Grassy Surge|[of] p2a: Rillaboom
|switch|p1a: Hatterene|Hatterene, F|100/100
|
|-heal|p2a: Rillaboom|88/100|[from] Grassy Terrain
|-sideend|p1: LT124YH Ghoul|move: Light Screen
|upkeep
|turn|8
|
|t:|1759067288
|move|p2a: Rillaboom|Fake Out|p1a: Hatterene
|-damage|p1a: Hatterene|92/100
|cant|p1a: Hatterene|flinch
|
|-heal|p2a: Rillaboom|94/100|[from] Grassy Terrain
|-heal|p1a: Hatterene|98/100|[from] Grassy Terrain
|-heal|p1a: Hatterene|100/100|[from] item: Leftovers
|upkeep
|turn|9
|
|t:|1759067290
|move|p2a: Rillaboom|Knock Off|p1a: Hatterene
|-damage|p1a: Hatterene|80/100
|-enditem|p1a: Hatterene|Leftovers|[from] move: Knock Off|[of] p2a: Rillaboom
|move|p1a: Hatterene|Calm Mind|p1a: Hatterene
|-boost|p1a: Hatterene|spa|1
|-boost|p1a: Hatterene|spd|1
|
|-heal|p2a: Rillaboom|100/100|[from] Grassy Terrain
|-heal|p1a: Hatterene|86/100|[from] Grassy Terrain
|-sideend|p1: LT124YH Ghoul|Reflect
|upkeep
|turn|10
|
|t:|1759067299
|move|p2a: Rillaboom|U-turn|p1a: Hatterene
|-damage|p1a: Hatterene|55/100
|
|t:|1759067301
|switch|p2a: Slowbro|Slowbro-Galar, F, shiny|100/100|[from] U-turn
|move|p1a: Hatterene|Calm Mind|p1a: Hatterene
|-boost|p1a: Hatterene|spa|1
|-boost|p1a: Hatterene|spd|1
|
|-heal|p1a: Hatterene|61/100|[from] Grassy Terrain
|upkeep
|turn|11
|
|t:|1759067303
|move|p1a: Hatterene|Stored Power|p2a: Slowbro
|-crit|p2a: Slowbro
|-damage|p2a: Slowbro|0 fnt
|faint|p2a: Slowbro
|
|-heal|p1a: Hatterene|67/100|[from] Grassy Terrain
|-fieldend|move: Grassy Terrain
|upkeep
|
|t:|1759067309
|switch|p2a: Rillaboom|Rillaboom, M|100/100
|-fieldstart|move: Grassy Terrain|[from] ability: Grassy Surge|[of] p2a: Rillaboom
|turn|12
|
|t:|1759067310
|move|p2a: Rillaboom|Fake Out|p1a: Hatterene
|-damage|p1a: Hatterene|51/100
|cant|p1a: Hatterene|flinch
|
|-heal|p1a: Hatterene|57/100|[from] Grassy Terrain
|upkeep
|turn|13
|
|t:|1759067314
|move|p2a: Rillaboom|Grassy Glide|p1a: Hatterene
|-damage|p1a: Hatterene|9/100
|move|p1a: Hatterene|Draining Kiss|p2a: Rillaboom
|-damage|p2a: Rillaboom|67/100
|-heal|p1a: Hatterene|38/100|[from] drain|[of] p2a: Rillaboom
|
|-heal|p2a: Rillaboom|73/100|[from] Grassy Terrain
|-heal|p1a: Hatterene|44/100|[from] Grassy Terrain
|upkeep
|turn|14
|
|t:|1759067321
|move|p2a: Rillaboom|Grassy Glide|p1a: Hatterene
|-damage|p1a: Hatterene|0 fnt
|faint|p1a: Hatterene
|
|-heal|p2a: Rillaboom|79/100|[from] Grassy Terrain
|upkeep
|j| cryyysneasel
|
|t:|1759067343
|switch|p1a: Iron Valiant|Iron Valiant|100/100
|-enditem|p1a: Iron Valiant|Booster Energy
|-activate|p1a: Iron Valiant|ability: Quark Drive|[fromitem]
|-start|p1a: Iron Valiant|quarkdrivespe
|turn|15
|c| cryyysneasel|what tier is this
|c|☆LT124YH Ghoul|ru
|j| poor ce
|
|t:|1759067354
|move|p1a: Iron Valiant|Moonblast|p2a: Rillaboom
|-damage|p2a: Rillaboom|49/100
|move|p2a: Rillaboom|U-turn|p1a: Iron Valiant
|-resisted|p1a: Iron Valiant
|-damage|p1a: Iron Valiant|92/100
|
|t:|1759067357
|switch|p2a: Hawlucha|Hawlucha, M|100/100|[from] U-turn
|-enditem|p2a: Hawlucha|Grassy Seed
|-boost|p2a: Hawlucha|def|1|[from] item: Grassy Seed
|
|-heal|p1a: Iron Valiant|98/100|[from] Grassy Terrain
|upkeep
|turn|16
|
|t:|1759067359
|-end|p1a: Iron Valiant|Quark Drive|[silent]
|switch|p1a: Glimmora|Glimmora, M|100/100
|move|p2a: Hawlucha|Substitute|p2a: Hawlucha
|-start|p2a: Hawlucha|Substitute
|-damage|p2a: Hawlucha|76/100
|
|-fieldend|move: Grassy Terrain
|upkeep
|turn|17
|
|t:|1759067363
|move|p2a: Hawlucha|Swords Dance|p2a: Hawlucha
|-boost|p2a: Hawlucha|atk|2
|move|p1a: Glimmora|Power Gem|p2a: Hawlucha
|-end|p2a: Hawlucha|Substitute
|
|upkeep
|turn|18
|
|t:|1759067368
|-terastallize|p2a: Hawlucha|Ground
|move|p2a: Hawlucha|Close Combat|p1a: Glimmora
|-damage|p1a: Glimmora|14/100
|-unboost|p2a: Hawlucha|def|1
|-unboost|p2a: Hawlucha|spd|1
|-activate|p1a: Glimmora|ability: Toxic Debris
|-sidestart|p2: Segahay|move: Toxic Spikes
|-enditem|p1a: Glimmora|Red Card|[of] p2a: Hawlucha
|drag|p2a: Rillaboom|Rillaboom, M|49/100
|-status|p2a: Rillaboom|psn
|-fieldstart|move: Grassy Terrain|[from] ability: Grassy Surge|[of] p2a: Rillaboom
|move|p1a: Glimmora|Power Gem|p2a: Rillaboom
|-damage|p2a: Rillaboom|24/100 psn
|
|-heal|p1a: Glimmora|20/100|[from] Grassy Terrain
|-heal|p2a: Rillaboom|30/100 psn|[from] Grassy Terrain
|-damage|p2a: Rillaboom|18/100 psn|[from] psn
|upkeep
|turn|19
|
|t:|1759067373
|move|p2a: Rillaboom|Grassy Glide|p1a: Glimmora
|-damage|p1a: Glimmora|0 fnt
|-activate|p1a: Glimmora|ability: Toxic Debris
|-sidestart|p2: Segahay|move: Toxic Spikes
|faint|p1a: Glimmora
|
|-heal|p2a: Rillaboom|24/100 psn|[from] Grassy Terrain
|-damage|p2a: Rillaboom|12/100 psn|[from] psn
|upkeep
|
|t:|1759067382
|switch|p1a: Gliscor|Gliscor, M|80/100
|turn|20
|
|t:|1759067396
|move|p2a: Rillaboom|Grassy Glide|p1a: Gliscor
|-crit|p1a: Gliscor
|-damage|p1a: Gliscor|28/100
|move|p1a: Gliscor|Swords Dance|p1a: Gliscor
|-boost|p1a: Gliscor|atk|2
|
|-heal|p2a: Rillaboom|18/100 psn|[from] Grassy Terrain
|-damage|p2a: Rillaboom|6/100 psn|[from] psn
|upkeep
|turn|21
|
|t:|1759067401
|move|p1a: Gliscor|Protect|p1a: Gliscor
|-singleturn|p1a: Gliscor|Protect
|move|p2a: Rillaboom|Grassy Glide|p1a: Gliscor
|-activate|p1a: Gliscor|move: Protect
|
|-heal|p2a: Rillaboom|12/100 psn|[from] Grassy Terrain
|-damage|p2a: Rillaboom|0 fnt|[from] psn
|faint|p2a: Rillaboom
|upkeep
|
|t:|1759067405
|switch|p2a: Hawlucha|Hawlucha, M, tera:Ground|76/100
|-status|p2a: Hawlucha|tox
|turn|22
|j| wgw2333
|
|t:|1759067410
|move|p2a: Hawlucha|Acrobatics|p1a: Gliscor
|-damage|p1a: Gliscor|0 fnt
|faint|p1a: Gliscor
|
|-heal|p2a: Hawlucha|82/100 tox|[from] Grassy Terrain
|-damage|p2a: Hawlucha|76/100 tox|[from] psn
|-fieldend|move: Grassy Terrain
|upkeep
|
|t:|1759067415
|switch|p1a: Deoxys|Deoxys-Speed|31/100
|-ability|p1a: Deoxys|Pressure
|turn|23
|
|t:|1759067417
|move|p1a: Deoxys|Reflect|p1a: Deoxys
|-sidestart|p1: LT124YH Ghoul|Reflect
|move|p2a: Hawlucha|Acrobatics|p1a: Deoxys
|-damage|p1a: Deoxys|0 fnt
|faint|p1a: Deoxys
|
|-damage|p2a: Hawlucha|64/100 tox|[from] psn
|upkeep
|
|t:|1759067425
|switch|p1a: Triple Lobotomy|Veluza, M|100/100
|turn|24
|
|t:|1759067429
|move|p2a: Hawlucha|Acrobatics|p1a: Triple Lobotomy
|-damage|p1a: Triple Lobotomy|64/100
|move|p1a: Triple Lobotomy|Fillet Away|p1a: Triple Lobotomy
|-boost|p1a: Triple Lobotomy|atk|2
|-boost|p1a: Triple Lobotomy|spa|2
|-boost|p1a: Triple Lobotomy|spe|2
|-damage|p1a: Triple Lobotomy|14/100
|-enditem|p1a: Triple Lobotomy|Sitrus Berry|[eat]
|-heal|p1a: Triple Lobotomy|38/100|[from] item: Sitrus Berry
|
|-damage|p2a: Hawlucha|45/100 tox|[from] psn
|upkeep
|turn|25
|
|t:|1759067438
|move|p1a: Triple Lobotomy|Psycho Cut|p2a: Hawlucha
|-damage|p2a: Hawlucha|0 fnt
|faint|p2a: Hawlucha
|
|upkeep
|
|t:|1759067443
|switch|p2a: Feraligatr|Feraligatr, F|100/100
|-status|p2a: Feraligatr|tox
|turn|26
|
|t:|1759067446
|move|p1a: Triple Lobotomy|Psycho Cut|p2a: Feraligatr
|-damage|p2a: Feraligatr|0 fnt
|faint|p2a: Feraligatr
|
|upkeep
|
|t:|1759067448
|switch|p2a: Mew|Mew|100/100
|-status|p2a: Mew|tox
|turn|27
|
|t:|1759067453
|-terastallize|p1a: Triple Lobotomy|Water
|move|p1a: Triple Lobotomy|Aqua Cutter|p2a: Mew
|-damage|p2a: Mew|0 fnt
|faint|p2a: Mew
|
|win|LT124YH Ghoul
|raw|LT124YH Ghoul's rating: 1889 &rarr; <strong>1901</strong><br />(+12 for winning)
|raw|Segahay's rating: 1752 &rarr; <strong>1740</strong><br />(-12 for losing)
|l|☆Segahay
|player|p2|
|c|☆LT124YH Ghoul|secret elo generator team
|l|☆LT124YH Ghoul
|player|p1|
|l| cryyysneasel
|l| wgw2333
