|j|☆KingKaido107
|j|☆a calm mind
|t:|1758933922
|gametype|singles
|player|p1|KingKaido107|dragontamer-gen6|1694
|player|p2|a calm mind|unknownf|1726
|gen|9
|tier|[Gen 9] OU
|rated|
|rule|HP Percentage Mod: HP is shown in percentages
|rule|Endless Battle Clause: Forcing endless battles is banned
|rule|Species Clause: Limit one of each Pokémon
|rule|OHKO Clause: OHKO moves are banned
|rule|Evasion Items Clause: Evasion items are banned
|rule|Evasion Moves Clause: Evasion moves are banned
|rule|Evasion Abilities Clause: Evasion abilities are banned
|rule|Sleep Moves Clause: Sleep-inducing moves are banned
|clearpoke
|poke|p1|Kingambit, M|
|poke|p1|Slowking-Galar, F|
|poke|p1|Magnezone|
|poke|p1|Ting-Lu|
|poke|p1|Tornadus-Therian, M|
|poke|p1|Corviknight, M|
|poke|p2|Iron Valiant|
|poke|p2|Squawkabilly, M|
|poke|p2|Zoroark, F|
|poke|p2|Great Tusk|
|poke|p2|Cinderace, M|
|poke|p2|Empoleon, M|
|teampreview
|inactive|Battle timer is ON: inactive players will automatically lose when time's up. (requested by KingKaido107)
|
|t:|1758933934
|teamsize|p1|6
|teamsize|p2|6
|start
|switch|p1a: Slowking|Slowking-Galar, F|100/100
|switch|p2a: squawk tua|Squawkabilly, M|100/100
|-ability|p2a: squawk tua|Intimidate|boost
|-unboost|p1a: Slowking|atk|1
|turn|1
|
|t:|1758933938
|move|p2a: squawk tua|Final Gambit|p1a: Slowking
|-damage|p1a: Slowking|7/100
|faint|p2a: squawk tua
|move|p1a: Slowking|Toxic|p2: squawk tua|[notarget]
|-fail|p1a: Slowking
|
|upkeep
|
|t:|1758933948
|switch|p2a: Cinderace|Cinderace, M|100/100
|turn|2
|
|t:|1758933952
|switch|p1a: Tornadus|Tornadus-Therian, M|100/100
|move|p2a: Cinderace|Pyro Ball|p1a: Tornadus
|-damage|p1a: Tornadus|35/100
|
|upkeep
|turn|3
|
|t:|1758933956
|move|p2a: Cinderace|Sucker Punch|p1a: Tornadus
|-start|p2a: Cinderace|typechange|Dark|[from] ability: Libero
|-damage|p1a: Tornadus|0 fnt
|faint|p1a: Tornadus
|
|upkeep
|
|t:|1758933964
|switch|p1a: Magnezone|Magnezone|100/100
|turn|4
|
|t:|1758933984
|move|p2a: Cinderace|Pyro Ball|p1a: Magnezone
|-supereffective|p1a: Magnezone
|-damage|p1a: Magnezone|48/100
|move|p1a: Magnezone|Flash Cannon|p2a: Cinderace
|-damage|p2a: Cinderace|51/100
|
|upkeep
|turn|5
|
|t:|1758933993
|move|p2a: Cinderace|High Jump Kick|p1a: Magnezone
|-supereffective|p1a: Magnezone
|-damage|p1a: Magnezone|0 fnt
|faint|p1a: Magnezone
|
|upkeep
|
|t:|1758933999
|switch|p1a: Ting-Lu|Ting-Lu|100/100
|-ability|p1a: Ting-Lu|Vessel of Ruin
|turn|6
|
|t:|1758934011
|move|p2a: Cinderace|High Jump Kick|p1a: Ting-Lu
|-supereffective|p1a: Ting-Lu
|-damage|p1a: Ting-Lu|53/100
|move|p1a: Ting-Lu|Earthquake|p2a: Cinderace
|-damage|p2a: Cinderace|0 fnt
|faint|p2a: Cinderace
|
|-heal|p1a: Ting-Lu|59/100|[from] item: Leftovers
|upkeep
|inactive|a calm mind has 120 seconds left.
|
|t:|1758934041
|switch|p2a: Empoleon|Empoleon, M|100/100
|turn|7
|
|t:|1758934046
|switch|p1a: Corviknight|Corviknight, M|100/100
|-ability|p1a: Corviknight|Pressure
|move|p2a: Empoleon|Grass Knot|p1a: Corviknight
|-resisted|p1a: Corviknight
|-damage|p1a: Corviknight|96/100
|
|-heal|p1a: Corviknight|100/100|[from] item: Leftovers
|upkeep
|turn|8
|
|t:|1758934052
|move|p1a: Corviknight|Body Press|p2a: Empoleon
|-supereffective|p2a: Empoleon
|-damage|p2a: Empoleon|29/100
|replace|p2a: Zoroark|Zoroark, F, shiny
|-end|p2a: Zoroark|Illusion
|move|p2a: Zoroark|Counter|p1a: Corviknight
|-damage|p1a: Corviknight|7/100
|
|-heal|p1a: Corviknight|13/100|[from] item: Leftovers
|upkeep
|turn|9
|
|t:|1758934060
|move|p2a: Zoroark|Dark Pulse|p1a: Corviknight
|-damage|p1a: Corviknight|0 fnt
|faint|p1a: Corviknight
|
|upkeep
|
|t:|1758934062
|switch|p1a: Ting-Lu|Ting-Lu|59/100
|-ability|p1a: Ting-Lu|Vessel of Ruin
|turn|10
|
|t:|1758934066
|move|p2a: Zoroark|Grass Knot|p1a: Ting-Lu
|-supereffective|p1a: Ting-Lu
|-damage|p1a: Ting-Lu|28/100
|move|p1a: Ting-Lu|Earthquake|p2a: Zoroark
|-damage|p2a: Zoroark|0 fnt
|faint|p2a: Zoroark
|
|-heal|p1a: Ting-Lu|34/100|[from] item: Leftovers
|upkeep
|
|t:|1758934095
|switch|p2a: Empoleon|Empoleon, M|100/100
|turn|11
|
|t:|1758934101
|move|p2a: Empoleon|Surf|p1a: Ting-Lu
|-supereffective|p1a: Ting-Lu
|-damage|p1a: Ting-Lu|0 fnt
|faint|p1a: Ting-Lu
|
|upkeep
|
|t:|1758934108
|switch|p1a: Kingambit|Kingambit, M|100/100
|-activate|p1a: Kingambit|ability: Supreme Overlord
|-start|p1a: Kingambit|fallen4|[silent]
|turn|12
|
|t:|1758934119
|move|p2a: Empoleon|Surf|p1a: Kingambit
|-damage|p1a: Kingambit|56/100
|move|p1a: Kingambit|Swords Dance|p1a: Kingambit
|-boost|p1a: Kingambit|atk|2
|
|upkeep
|turn|13
|
|t:|1758934123
|move|p1a: Kingambit|Sucker Punch||[still]
|-fail|p1a: Kingambit
|move|p2a: Empoleon|Substitute|p2a: Empoleon
|-start|p2a: Empoleon|Substitute
|-damage|p2a: Empoleon|75/100
|
|upkeep
|turn|14
|
|t:|1758934125
|-terastallize|p2a: Empoleon|Water
|move|p1a: Kingambit|Sucker Punch|p2a: Empoleon
|-end|p2a: Empoleon|Substitute
|move|p2a: Empoleon|Surf|p1a: Kingambit
|-damage|p1a: Kingambit|0 fnt
|faint|p1a: Kingambit
|-end|p1a: Kingambit|fallen4|[silent]
|
|upkeep
|-message|KingKaido107 forfeited.
|
|win|a calm mind
|raw|KingKaido107's rating: 1694 &rarr; <strong>1676</strong><br />(-18 for losing)
|raw|a calm mind's rating: 1726 &rarr; <strong>1744</strong><br />(+18 for winning)
|l|☆KingKaido107
|player|p1|
|l|☆a calm mind
|player|p2|
