|j|☆puffpasties
|j|☆Plata251
|t:|1759035797
|gametype|singles
|player|p1|puffpasties|dawn|1055
|player|p2|Plata251|pokefan-gen2|1105
|gen|9
|tier|[Gen 9] OU
|rated|
|rule|HP Percentage Mod: HP is shown in percentages
|rule|Endless Battle Clause: Forcing endless battles is banned
|rule|Species Clause: Limit one of each Pokémon
|rule|OHKO Clause: OHKO moves are banned
|rule|Evasion Items Clause: Evasion items are banned
|rule|Evasion Moves Clause: Evasion moves are banned
|rule|Evasion Abilities Clause: Evasion abilities are banned
|rule|Sleep Moves Clause: Sleep-inducing moves are banned
|clearpoke
|poke|p1|Scizor, M|
|poke|p1|Zoroark-Hisui, F|
|poke|p1|Gardevoir, F|
|poke|p1|Gyarados, M|
|poke|p1|Garchomp, M|
|poke|p1|Clefable, F|
|poke|p2|Tauros, M|
|poke|p2|Maushold|
|poke|p2|Inteleon, M|
|poke|p2|Bombirdier, F|
|poke|p2|Electivire, F|
|poke|p2|Swalot, F|
|teampreview
|inactive|Battle timer is ON: inactive players will automatically lose when time's up. (requested by Plata251)
|
|t:|1759035809
|teamsize|p1|6
|teamsize|p2|6
|start
|switch|p1a: Gardevoir|Gardevoir, F|100/100
|switch|p2a: Inteleon|Inteleon, M|100/100
|-ability|p1a: Gardevoir|Sniper|Trace|[from] ability: Trace|[of] p2a: Inteleon
|turn|1
|
|t:|1759035818
|move|p2a: Inteleon|Snipe Shot|p1a: Gardevoir
|-damage|p1a: Gardevoir|62/100
|move|p1a: Gardevoir|Shadow Ball|p2a: Inteleon
|-damage|p2a: Inteleon|62/100
|
|upkeep
|turn|2
|
|t:|1759035827
|move|p2a: Inteleon|Snipe Shot|p1a: Gardevoir
|-damage|p1a: Gardevoir|23/100
|move|p1a: Gardevoir|Psychic|p2a: Inteleon
|-damage|p2a: Inteleon|0 fnt
|faint|p2a: Inteleon
|
|upkeep
|c|☆Plata251|clover coat?
|c|☆Plata251|nice
|
|t:|1759035837
|switch|p2a: Swalot|Swalot, F|100/100
|turn|3
|
|t:|1759035845
|switch|p1a: Garchomp|Garchomp, M|100/100
|switch|p2a: Bombirdier|Bombirdier, F|100/100
|
|upkeep
|turn|4
|
|t:|1759035851
|move|p1a: Garchomp|Stealth Rock|p2a: Bombirdier
|-sidestart|p2: Plata251|move: Stealth Rock
|move|p2a: Bombirdier|Hone Claws|p2a: Bombirdier
|-boost|p2a: Bombirdier|atk|1
|-boost|p2a: Bombirdier|accuracy|1
|
|upkeep
|turn|5
|
|t:|1759035858
|move|p1a: Garchomp|Swords Dance|p1a: Garchomp
|-boost|p1a: Garchomp|atk|2
|move|p2a: Bombirdier|Knock Off|p1a: Garchomp
|-damage|p1a: Garchomp|13/100
|-damage|p2a: Bombirdier|88/100|[from] ability: Rough Skin|[of] p1a: Garchomp
|-enditem|p1a: Garchomp|Leftovers|[from] move: Knock Off|[of] p2a: Bombirdier
|-damage|p2a: Bombirdier|78/100|[from] item: Life Orb
|
|upkeep
|turn|6
|
|t:|1759035870
|move|p2a: Bombirdier|Sucker Punch|p1a: Garchomp
|-damage|p1a: Garchomp|0 fnt
|-damage|p2a: Bombirdier|66/100|[from] ability: Rough Skin|[of] p1a: Garchomp
|faint|p1a: Garchomp
|-damage|p2a: Bombirdier|56/100|[from] item: Life Orb
|
|upkeep
|
|t:|1759035881
|switch|p1a: Clefable|Clefable, F, shiny|100/100
|turn|7
|
|t:|1759035886
|move|p2a: Bombirdier|Stone Edge|p1a: Clefable
|-damage|p1a: Clefable|36/100
|-damage|p2a: Bombirdier|46/100|[from] item: Life Orb
|move|p1a: Clefable|Wish|p1a: Clefable
|
|-heal|p1a: Clefable|42/100|[from] item: Leftovers
|upkeep
|turn|8
|
|t:|1759035897
|move|p1a: Clefable|Protect|p1a: Clefable
|-singleturn|p1a: Clefable|Protect
|move|p2a: Bombirdier|Hone Claws|p2a: Bombirdier
|-boost|p2a: Bombirdier|atk|1
|-boost|p2a: Bombirdier|accuracy|1
|
|-heal|p1a: Clefable|92/100|[from] move: Wish|[wisher] Clefable
|-heal|p1a: Clefable|98/100|[from] item: Leftovers
|upkeep
|turn|9
|
|t:|1759035906
|move|p2a: Bombirdier|Stone Edge|p1a: Clefable
|-damage|p1a: Clefable|11/100
|-damage|p2a: Bombirdier|36/100|[from] item: Life Orb
|move|p1a: Clefable|Calm Mind|p1a: Clefable
|-boost|p1a: Clefable|spa|1
|-boost|p1a: Clefable|spd|1
|
|-heal|p1a: Clefable|17/100|[from] item: Leftovers
|upkeep
|turn|10
|
|t:|1759035926
|move|p1a: Clefable|Protect|p1a: Clefable
|-singleturn|p1a: Clefable|Protect
|move|p2a: Bombirdier|Stone Edge|p1a: Clefable
|-activate|p1a: Clefable|move: Protect
|
|-heal|p1a: Clefable|23/100|[from] item: Leftovers
|upkeep
|turn|11
|
|t:|1759035935
|move|p2a: Bombirdier|Stone Edge|p1a: Clefable
|-damage|p1a: Clefable|0 fnt
|faint|p1a: Clefable
|-damage|p2a: Bombirdier|26/100|[from] item: Life Orb
|
|upkeep
|
|t:|1759035944
|switch|p1a: Scizor|Scizor, M|100/100
|turn|12
|
|t:|1759035947
|move|p2a: Bombirdier|Sucker Punch|p1a: Scizor
|-damage|p1a: Scizor|25/100
|-damage|p2a: Bombirdier|16/100|[from] item: Life Orb
|move|p1a: Scizor|Bullet Punch|p2a: Bombirdier
|-damage|p2a: Bombirdier|0 fnt
|faint|p2a: Bombirdier
|
|-heal|p1a: Scizor|31/100|[from] item: Leftovers
|upkeep
|
|t:|1759035951
|switch|p2a: Swalot|Swalot, F|100/100
|-damage|p2a: Swalot|88/100|[from] Stealth Rock
|turn|13
|
|t:|1759035961
|move|p1a: Scizor|Swords Dance|p1a: Scizor
|-boost|p1a: Scizor|atk|2
|move|p2a: Swalot|Stuff Cheeks|p2a: Swalot
|-boost|p2a: Swalot|def|2
|-enditem|p2a: Swalot|Starf Berry|[eat]
|-boost|p2a: Swalot|spe|2|[from] item: Starf Berry
|
|-heal|p1a: Scizor|37/100|[from] item: Leftovers
|upkeep
|turn|14
|
|t:|1759035969
|move|p2a: Swalot|Thief|p1a: Scizor
|-damage|p1a: Scizor|26/100
|-enditem|p1a: Scizor|Leftovers|[silent]|[from] move: Thief|[of] p2a: Swalot
|-item|p2a: Swalot|Leftovers|[from] move: Thief|[of] p1a: Scizor
|move|p1a: Scizor|Swords Dance|p1a: Scizor
|-boost|p1a: Scizor|atk|2
|
|-heal|p2a: Swalot|94/100|[from] item: Leftovers
|upkeep
|turn|15
|
|t:|1759035978
|move|p1a: Scizor|Bullet Punch|p2a: Swalot
|-damage|p2a: Swalot|45/100
|move|p2a: Swalot|Body Press|p1a: Scizor
|-damage|p1a: Scizor|0 fnt
|faint|p1a: Scizor
|
|-heal|p2a: Swalot|51/100|[from] item: Leftovers
|upkeep
|
|t:|1759035998
|switch|p1a: Gyarados|Gyarados, M|100/100
|-ability|p1a: Gyarados|Intimidate|boost
|-unboost|p2a: Swalot|atk|1
|turn|16
|
|t:|1759036003
|move|p2a: Swalot|Belch|p1a: Gyarados
|-crit|p1a: Gyarados
|-damage|p1a: Gyarados|52/100
|move|p1a: Gyarados|Dragon Dance|p1a: Gyarados
|-boost|p1a: Gyarados|atk|1
|-boost|p1a: Gyarados|spe|1
|
|-heal|p1a: Gyarados|58/100|[from] item: Leftovers
|-heal|p2a: Swalot|57/100|[from] item: Leftovers
|upkeep
|turn|17
|
|t:|1759036014
|move|p1a: Gyarados|Dragon Dance|p1a: Gyarados
|-boost|p1a: Gyarados|atk|1
|-boost|p1a: Gyarados|spe|1
|move|p2a: Swalot|Belch|p1a: Gyarados
|-damage|p1a: Gyarados|27/100
|
|-heal|p1a: Gyarados|33/100|[from] item: Leftovers
|-heal|p2a: Swalot|63/100|[from] item: Leftovers
|upkeep
|turn|18
|
|t:|1759036023
|move|p1a: Gyarados|Waterfall|p2a: Swalot
|-damage|p2a: Swalot|18/100
|move|p2a: Swalot|Body Press|p1a: Gyarados
|-resisted|p1a: Gyarados
|-damage|p1a: Gyarados|12/100
|
|-heal|p1a: Gyarados|18/100|[from] item: Leftovers
|-heal|p2a: Swalot|24/100|[from] item: Leftovers
|upkeep
|turn|19
|
|t:|1759036033
|move|p1a: Gyarados|Waterfall|p2a: Swalot
|-damage|p2a: Swalot|0 fnt
|faint|p2a: Swalot
|
|-heal|p1a: Gyarados|24/100|[from] item: Leftovers
|upkeep
|
|t:|1759036039
|switch|p2a: Electivire|Electivire, F|100/100
|-damage|p2a: Electivire|88/100|[from] Stealth Rock
|turn|20
|
|t:|1759036044
|move|p1a: Gyarados|Waterfall|p2a: Electivire
|-damage|p2a: Electivire|0 fnt
|faint|p2a: Electivire
|
|-heal|p1a: Gyarados|30/100|[from] item: Leftovers
|upkeep
|
|t:|1759036048
|switch|p2a: Tauros|Tauros, M|100/100
|-damage|p2a: Tauros|88/100|[from] Stealth Rock
|turn|21
|
|t:|1759036056
|move|p1a: Gyarados|Waterfall|p2a: Tauros
|-damage|p2a: Tauros|0 fnt
|faint|p2a: Tauros
|
|-heal|p1a: Gyarados|36/100|[from] item: Leftovers
|upkeep
|
|t:|1759036058
|switch|p2a: Maushold|Maushold|100/100
|-damage|p2a: Maushold|88/100|[from] Stealth Rock
|turn|22
|
|t:|1759036064
|move|p1a: Gyarados|Waterfall|p2a: Maushold
|-damage|p2a: Maushold|0 fnt
|faint|p2a: Maushold
|
|win|puffpasties
|raw|puffpasties's rating: 1055 &rarr; <strong>1091</strong><br />(+36 for winning)
|raw|Plata251's rating: 1105 &rarr; <strong>1076</strong><br />(-29 for losing)
|l|☆Plata251
|player|p2|
|l|☆puffpasties
|player|p1|
