|j|☆ServineLover123
|j|☆roryta
|t:|1758976833
|gametype|singles
|player|p1|ServineLover123|richboy|1081
|player|p2|roryta|hilbert|1070
|gen|9
|tier|[Gen 9] OU
|rated|
|rule|HP Percentage Mod: HP is shown in percentages
|rule|Endless Battle Clause: Forcing endless battles is banned
|rule|Species Clause: Limit one of each Pokémon
|rule|OHKO Clause: OHKO moves are banned
|rule|Evasion Items Clause: Evasion items are banned
|rule|Evasion Moves Clause: Evasion moves are banned
|rule|Evasion Abilities Clause: Evasion abilities are banned
|rule|Sleep Moves Clause: Sleep-inducing moves are banned
|clearpoke
|poke|p1|Araquanid, M|
|poke|p1|Enamorus, F|
|poke|p1|Serperior, M|
|poke|p1|Cinderace, F|
|poke|p1|Servine, M|
|poke|p1|Kingambit, F|
|poke|p2|Kyurem|
|poke|p2|Darkrai|
|poke|p2|Iron Treads|
|poke|p2|Primarina, M|
|poke|p2|Whiscash, M|
|poke|p2|Infernape, F|
|teampreview
|inactive|Battle timer is ON: inactive players will automatically lose when time's up. (requested by roryta)
|
|t:|1758976851
|teamsize|p1|6
|teamsize|p2|6
|start
|switch|p1a: Michelle|Araquanid, M|100/100
|switch|p2a: Darkrai|Darkrai|100/100
|turn|1
|
|t:|1758976874
|move|p2a: Darkrai|Nasty Plot|p2a: Darkrai
|-boost|p2a: Darkrai|spa|2
|move|p1a: Michelle|Sticky Web|p2a: Darkrai
|-sidestart|p2: roryta|move: Sticky Web
|
|upkeep
|turn|2
|
|t:|1758976879
|move|p2a: Darkrai|Dark Pulse|p1a: Michelle
|-damage|p1a: Michelle|14/100
|-damage|p2a: Darkrai|91/100|[from] item: Life Orb
|cant|p1a: Michelle|flinch
|
|upkeep
|turn|3
|-enditem|p1a: Michelle|Custap Berry|[eat]
|-activate|p1a: Michelle|item: Custap Berry|[consumed]
|
|t:|1758976893
|move|p1a: Michelle|Bug Buzz|p2a: Darkrai
|-supereffective|p2a: Darkrai
|-damage|p2a: Darkrai|15/100
|move|p2a: Darkrai|Dark Pulse|p1a: Michelle
|-damage|p1a: Michelle|0 fnt
|faint|p1a: Michelle
|-damage|p2a: Darkrai|5/100|[from] item: Life Orb
|
|upkeep
|
|t:|1758976900
|switch|p1a: Servine|Servine, M|100/100
|turn|4
|
|t:|1758976906
|move|p2a: Darkrai|Sludge Bomb|p1a: Servine
|-supereffective|p1a: Servine
|-damage|p1a: Servine|0 fnt
|faint|p1a: Servine
|-damage|p2a: Darkrai|0 fnt|[from] item: Life Orb
|faint|p2a: Darkrai
|
|upkeep
|
|t:|1758976924
|switch|p2a: Iron Treads|Iron Treads, shiny|100/100
|switch|p1a: Piper|Cinderace, F|100/100
|-activate|p2a: Iron Treads|move: Sticky Web
|-unboost|p2a: Iron Treads|spe|1
|turn|5
|
|t:|1758976932
|move|p1a: Piper|Court Change|p1a: Piper
|-swapsideconditions
|-activate|p1a: Piper|move: Court Change
|move|p2a: Iron Treads|Rapid Spin|p1a: Piper
|-damage|p1a: Piper|75/100
|-boost|p2a: Iron Treads|spe|1
|
|upkeep
|turn|6
|
|t:|1758976945
|-terastallize|p2a: Iron Treads|Ground
|move|p1a: Piper|Will-O-Wisp|p2a: Iron Treads|[miss]
|-miss|p1a: Piper|p2a: Iron Treads
|move|p2a: Iron Treads|Earthquake|p1a: Piper
|-supereffective|p1a: Piper
|-damage|p1a: Piper|0 fnt
|faint|p1a: Piper
|
|upkeep
|inactive|ServineLover123 has 120 seconds left.
|
|t:|1758976979
|switch|p1a: Luis|Serperior, M|100/100
|-activate|p1a: Luis|move: Sticky Web
|-boost|p1a: Luis|spe|1
|turn|7
|
|t:|1758976984
|move|p1a: Luis|Glare|p2a: Iron Treads
|-status|p2a: Iron Treads|par
|cant|p2a: Iron Treads|par
|
|upkeep
|turn|8
|
|t:|1758976995
|move|p1a: Luis|Leaf Storm|p2a: Iron Treads
|-supereffective|p2a: Iron Treads
|-damage|p2a: Iron Treads|25/100 par
|-boost|p1a: Luis|spa|2
|move|p2a: Iron Treads|Ice Spinner|p1a: Luis
|-supereffective|p1a: Luis
|-damage|p1a: Luis|31/100
|
|-heal|p1a: Luis|37/100|[from] item: Leftovers
|upkeep
|turn|9
|inactive|ServineLover123 has 120 seconds left.
|
|t:|1758977022
|move|p1a: Luis|Leaf Storm|p2a: Iron Treads
|-supereffective|p2a: Iron Treads
|-damage|p2a: Iron Treads|0 fnt
|-boost|p1a: Luis|spa|2
|faint|p2a: Iron Treads
|-end|p2a: Iron Treads|Quark Drive|[silent]
|
|-heal|p1a: Luis|43/100|[from] item: Leftovers
|upkeep
|
|t:|1758977024
|switch|p2a: Kyurem|Kyurem, shiny|100/100
|-ability|p2a: Kyurem|Pressure
|turn|10
|
|t:|1758977032
|move|p1a: Luis|Glare|p2a: Kyurem
|-status|p2a: Kyurem|par
|move|p2a: Kyurem|Ice Beam|p1a: Luis
|-supereffective|p1a: Luis
|-crit|p1a: Luis
|-damage|p1a: Luis|0 fnt
|faint|p1a: Luis
|
|upkeep
|inactive|ServineLover123 has 120 seconds left.
|
|t:|1758977048
|switch|p1a: Penelope|Kingambit, F|100/100
|-activate|p1a: Penelope|move: Sticky Web
|-unboost|p1a: Penelope|spe|1
|-ability|p1a: Penelope|Defiant|boost
|-boost|p1a: Penelope|atk|2
|turn|11
|inactive|ServineLover123 has 120 seconds left.
|
|t:|1758977071
|switch|p2a: Whiscash|Whiscash, M|100/100
|-terastallize|p1a: Penelope|Dark
|move|p1a: Penelope|Sucker Punch||[still]
|-fail|p1a: Penelope
|
|upkeep
|turn|12
|
|t:|1758977078
|move|p2a: Whiscash|Curse|p2a: Whiscash
|-unboost|p2a: Whiscash|spe|1
|-boost|p2a: Whiscash|atk|1
|-boost|p2a: Whiscash|def|1
|move|p1a: Penelope|Kowtow Cleave|p2a: Whiscash
|-damage|p2a: Whiscash|0 fnt
|faint|p2a: Whiscash
|
|upkeep
|
|t:|1758977087
|switch|p2a: Infernape|Infernape, F|100/100
|turn|13
|
|t:|1758977097
|switch|p1a: Patrick|Enamorus, F|100/100
|move|p2a: Infernape|Mach Punch|p1a: Patrick
|-resisted|p1a: Patrick
|-damage|p1a: Patrick|92/100
|
|upkeep
|turn|14
|
|t:|1758977115
|move|p2a: Infernape|Thunder Punch|p1a: Patrick
|-supereffective|p1a: Patrick
|-damage|p1a: Patrick|0 fnt
|faint|p1a: Patrick
|
|upkeep
|
|t:|1758977119
|switch|p1a: Penelope|Kingambit, F, tera:Dark|100/100
|-activate|p1a: Penelope|move: Sticky Web
|-unboost|p1a: Penelope|spe|1
|-ability|p1a: Penelope|Defiant|boost
|-boost|p1a: Penelope|atk|2
|turn|15
|
|t:|1758977136
|move|p2a: Infernape|Drain Punch|p1a: Penelope
|-supereffective|p1a: Penelope
|-damage|p1a: Penelope|19/100
|move|p1a: Penelope|Kowtow Cleave|p2a: Infernape
|-resisted|p2a: Infernape
|-damage|p2a: Infernape|0 fnt
|faint|p2a: Infernape
|
|upkeep
|inactive|roryta has 120 seconds left.
|
|t:|1758977169
|switch|p2a: Primarina|Primarina, M, shiny|100/100
|turn|16
|
|t:|1758977186
|move|p2a: Primarina|Moonblast|p1a: Penelope
|-supereffective|p1a: Penelope
|-damage|p1a: Penelope|0 fnt
|faint|p1a: Penelope
|
|win|roryta
|raw|ServineLover123's rating: 1081 &rarr; <strong>1058</strong><br />(-23 for losing)
|raw|roryta's rating: 1070 &rarr; <strong>1100</strong><br />(+30 for winning)
|l|☆ServineLover123
|player|p1|
|l|☆roryta
|player|p2|
