|j|☆ROUGHDIMAINS
|j|☆kaspair
|t:|1758968841
|gametype|singles
|player|p1|ROUGHDIMAINS|169|1329
|player|p2|kaspair|hexmaniac-gen3|1357
|gen|9
|tier|[Gen 9] OU
|rated|
|rule|HP Percentage Mod: HP is shown in percentages
|rule|Endless Battle Clause: Forcing endless battles is banned
|rule|Species Clause: Limit one of each Pokémon
|rule|OHKO Clause: OHKO moves are banned
|rule|Evasion Items Clause: Evasion items are banned
|rule|Evasion Moves Clause: Evasion moves are banned
|rule|Evasion Abilities Clause: Evasion abilities are banned
|rule|Sleep Moves Clause: Sleep-inducing moves are banned
|clearpoke
|poke|p1|Primarina, M|
|poke|p1|Great Tusk|
|poke|p1|Kingambit, M|
|poke|p1|Slowking-Galar, M|
|poke|p1|Ogerpon, F|
|poke|p1|Enamorus, F|
|poke|p2|Raikou|
|poke|p2|Slowking-Galar, F|
|poke|p2|Samurott-Hisui, F|
|poke|p2|Iron Treads|
|poke|p2|Hydrapple, F|
|poke|p2|Zamazenta-*|
|teampreview
|inactive|Battle timer is ON: inactive players will automatically lose when time's up. (requested by kaspair)
|
|t:|1758968848
|teamsize|p1|6
|teamsize|p2|6
|start
|switch|p1a: Anonymous|Ogerpon, F|100/100
|switch|p2a: Die Sekiro|Samurott-Hisui, F|100/100
|turn|1
|
|t:|1758968861
|-terastallize|p2a: Die Sekiro|Fire
|move|p1a: Anonymous|Knock Off|p2a: Die Sekiro
|-damage|p2a: Die Sekiro|36/100
|-enditem|p2a: Die Sekiro|Heavy-Duty Boots|[from] move: Knock Off|[of] p1a: Anonymous
|move|p2a: Die Sekiro|Ceaseless Edge|p1a: Anonymous
|-damage|p1a: Anonymous|41/100
|-sidestart|p1: ROUGHDIMAINS|Spikes
|
|upkeep
|turn|2
|
|t:|1758968882
|switch|p1a: Celestine|Primarina, M, shiny|100/100
|-damage|p1a: Celestine|88/100|[from] Spikes
|move|p2a: Die Sekiro|Ceaseless Edge|p1a: Celestine
|-resisted|p1a: Celestine
|-crit|p1a: Celestine
|-damage|p1a: Celestine|40/100
|-sidestart|p1: ROUGHDIMAINS|Spikes
|
|-heal|p1a: Celestine|46/100|[from] item: Leftovers
|upkeep
|turn|3
|
|t:|1758968895
|switch|p2a: Rai Charles|Raikou|100/100
|-ability|p2a: Rai Charles|Pressure
|move|p1a: Celestine|Psychic Noise|p2a: Rai Charles
|-damage|p2a: Rai Charles|56/100
|-start|p2a: Rai Charles|move: Heal Block
|
|-heal|p1a: Celestine|52/100|[from] item: Leftovers
|upkeep
|turn|4
|
|t:|1758968905
|switch|p1a: Behemoth|Great Tusk, shiny|100/100
|-damage|p1a: Behemoth|84/100|[from] Spikes
|move|p2a: Rai Charles|Volt Switch|p1a: Behemoth
|-immune|p1a: Behemoth
|
|-end|p2a: Rai Charles|move: Heal Block
|upkeep
|turn|5
|
|t:|1758968916
|move|p2a: Rai Charles|Scald|p1a: Behemoth
|-supereffective|p1a: Behemoth
|-damage|p1a: Behemoth|4/100
|move|p1a: Behemoth|Stealth Rock|p2a: Rai Charles
|-sidestart|p2: kaspair|move: Stealth Rock
|
|upkeep
|turn|6
|
|t:|1758968931
|-end|p1a: Behemoth|Protosynthesis|[silent]
|switch|p1a: Mantra|Slowking-Galar, M, shiny|100/100
|-damage|p1a: Mantra|84/100|[from] Spikes
|move|p2a: Rai Charles|Scald|p1a: Mantra
|-damage|p1a: Mantra|70/100
|-status|p1a: Mantra|brn
|
|-damage|p1a: Mantra|64/100 brn|[from] brn
|upkeep
|turn|7
|
|t:|1758968941
|switch|p1a: Gin|Enamorus, F|100/100
|move|p2a: Rai Charles|Volt Switch|p1a: Gin
|-supereffective|p1a: Gin
|-damage|p1a: Gin|0 fnt
|faint|p1a: Gin
|
|t:|1758968948
|switch|p2a: Treadmill Tungsten|Iron Treads|100/100|[from] Volt Switch
|
|upkeep
|
|t:|1758968954
|switch|p1a: Anonymous|Ogerpon, F|41/100
|-damage|p1a: Anonymous|25/100|[from] Spikes
|turn|8
|
|t:|1758968960
|move|p1a: Anonymous|Ivy Cudgel|p2a: Treadmill Tungsten
|-damage|p2a: Treadmill Tungsten|36/100
|move|p2a: Treadmill Tungsten|Ice Spinner|p1a: Anonymous
|-supereffective|p1a: Anonymous
|-damage|p1a: Anonymous|0 fnt
|faint|p1a: Anonymous
|
|upkeep
|
|t:|1758968967
|switch|p1a: Mantra|Slowking-Galar, M, shiny|97/100 brn
|-damage|p1a: Mantra|80/100 brn|[from] Spikes
|turn|9
|
|t:|1758968972
|move|p2a: Treadmill Tungsten|Earthquake|p1a: Mantra
|-supereffective|p1a: Mantra
|-damage|p1a: Mantra|18/100 brn
|move|p1a: Mantra|Flamethrower|p2a: Treadmill Tungsten
|-supereffective|p2a: Treadmill Tungsten
|-damage|p2a: Treadmill Tungsten|0 fnt
|faint|p2a: Treadmill Tungsten
|-end|p2a: Treadmill Tungsten|Quark Drive|[silent]
|
|-damage|p1a: Mantra|12/100 brn|[from] brn
|upkeep
|
|t:|1758968983
|switch|p2a: Rai Charles|Raikou|56/100
|-ability|p2a: Rai Charles|Pressure
|turn|10
|
|t:|1758968993
|switch|p1a: Behemoth|Great Tusk, shiny|4/100
|-damage|p1a: Behemoth|0 fnt|[from] Spikes
|faint|p1a: Behemoth
|-end|p1a: Behemoth|Protosynthesis|[silent]
|move|p2a: Rai Charles|Scald|p1: Behemoth|[notarget]
|-fail|p2a: Rai Charles
|
|upkeep
|
|t:|1758968998
|switch|p1a: Overgod|Kingambit, M, shiny|100/100
|-damage|p1a: Overgod|84/100|[from] Spikes
|-activate|p1a: Overgod|ability: Supreme Overlord
|-start|p1a: Overgod|fallen3|[silent]
|turn|11
|
|t:|1758969005
|move|p1a: Overgod|Sucker Punch|p2a: Rai Charles
|-damage|p2a: Rai Charles|0 fnt
|faint|p2a: Rai Charles
|
|-heal|p1a: Overgod|90/100|[from] item: Leftovers
|upkeep
|
|t:|1758969013
|switch|p2a: Fighting Master|Zamazenta|100/100
|-damage|p2a: Fighting Master|94/100|[from] Stealth Rock
|-ability|p2a: Fighting Master|Dauntless Shield|boost
|-boost|p2a: Fighting Master|def|1
|turn|12
|
|t:|1758969019
|-end|p1a: Overgod|fallen3|[silent]
|switch|p1a: Celestine|Primarina, M, shiny|52/100
|-damage|p1a: Celestine|35/100|[from] Spikes
|move|p2a: Fighting Master|Body Press|p1a: Celestine
|-resisted|p1a: Celestine
|-damage|p1a: Celestine|0 fnt
|faint|p1a: Celestine
|
|-heal|p2a: Fighting Master|100/100|[from] item: Leftovers
|upkeep
|
|t:|1758969026
|switch|p1a: Mantra|Slowking-Galar, M, shiny|45/100 brn
|-damage|p1a: Mantra|28/100 brn|[from] Spikes
|turn|13
|
|t:|1758969035
|move|p2a: Fighting Master|Substitute|p2a: Fighting Master
|-start|p2a: Fighting Master|Substitute
|-damage|p2a: Fighting Master|76/100
|move|p1a: Mantra|Psychic Noise|p2a: Fighting Master
|-supereffective|p2a: Fighting Master
|-damage|p2a: Fighting Master|29/100
|-start|p2a: Fighting Master|move: Heal Block
|
|-damage|p1a: Mantra|22/100 brn|[from] brn
|upkeep
|turn|14
|
|t:|1758969045
|move|p2a: Fighting Master|Crunch|p1a: Mantra
|-supereffective|p1a: Mantra
|-damage|p1a: Mantra|0 fnt
|faint|p1a: Mantra
|
|-end|p2a: Fighting Master|move: Heal Block
|upkeep
|
|t:|1758969047
|switch|p1a: Overgod|Kingambit, M, shiny|90/100
|-damage|p1a: Overgod|73/100|[from] Spikes
|-activate|p1a: Overgod|ability: Supreme Overlord
|-start|p1a: Overgod|fallen5|[silent]
|turn|15
|
|t:|1758969055
|move|p2a: Fighting Master|Body Press|p1a: Overgod
|-supereffective|p1a: Overgod
|-damage|p1a: Overgod|0 fnt
|faint|p1a: Overgod
|-end|p1a: Overgod|fallen5|[silent]
|
|win|kaspair
|raw|ROUGHDIMAINS's rating: 1329 &rarr; <strong>1311</strong><br />(-18 for losing)
|raw|kaspair's rating: 1357 &rarr; <strong>1375</strong><br />(+18 for winning)
|l|☆ROUGHDIMAINS
|player|p1|
|l|☆kaspair
|player|p2|
