|j|☆Vibe_Space_
|j|☆WetWaterTypes
|t:|1758947872
|gametype|singles
|player|p1|Vibe_Space_|red|1433
|player|p2|WetWaterTypes|yellow|1358
|gen|9
|tier|[Gen 9] OU
|rated|
|rule|HP Percentage Mod: HP is shown in percentages
|rule|Endless Battle Clause: Forcing endless battles is banned
|rule|Species Clause: Limit one of each Pokémon
|rule|OHKO Clause: OHKO moves are banned
|rule|Evasion Items Clause: Evasion items are banned
|rule|Evasion Moves Clause: Evasion moves are banned
|rule|Evasion Abilities Clause: Evasion abilities are banned
|rule|Sleep Moves Clause: Sleep-inducing moves are banned
|clearpoke
|poke|p1|Dragapult, M|
|poke|p1|Primarina, F|
|poke|p1|Kingambit, F|
|poke|p1|Gliscor, F|
|poke|p1|Weavile, F|
|poke|p1|Cinderace, M|
|poke|p2|Bruxish, F|
|poke|p2|Alomomola, F|
|poke|p2|Pecharunt|
|poke|p2|Iron Treads|
|poke|p2|Meowscarada, F|
|poke|p2|Darkrai|
|teampreview
|j| mustang Dijon
|
|t:|1758947892
|teamsize|p1|6
|teamsize|p2|6
|start
|switch|p1a: Dragapult|Dragapult, M|100/100
|switch|p2a: Meowscarada|Meowscarada, F|100/100
|turn|1
|
|t:|1758947909
|switch|p2a: Pecharunt|Pecharunt|100/100
|move|p1a: Dragapult|U-turn|p2a: Pecharunt
|-resisted|p2a: Pecharunt
|-damage|p2a: Pecharunt|99/100
|
|t:|1758947916
|switch|p1a: Weavile|Weavile, F|100/100|[from] U-turn
|-ability|p1a: Weavile|Pressure
|
|upkeep
|turn|2
|
|t:|1758947924
|move|p1a: Weavile|Knock Off|p2a: Pecharunt
|-supereffective|p2a: Pecharunt
|-damage|p2a: Pecharunt|35/100
|-enditem|p2a: Pecharunt|Heavy-Duty Boots|[from] move: Knock Off|[of] p1a: Weavile
|move|p2a: Pecharunt|Malignant Chain|p1a: Weavile
|-damage|p1a: Weavile|57/100
|-status|p1a: Weavile|tox
|-start|p1a: Weavile|confusion|[from] ability: Poison Puppeteer|[of] p2a: Pecharunt
|
|-damage|p1a: Weavile|51/100 tox|[from] psn
|upkeep
|turn|3
|
|t:|1758947933
|switch|p1a: Gliscor|Gliscor, F|100/100
|move|p2a: Pecharunt|Recover|p2a: Pecharunt
|-heal|p2a: Pecharunt|85/100
|
|-status|p1a: Gliscor|tox|[from] item: Toxic Orb
|upkeep
|turn|4
|
|t:|1758947941
|move|p1a: Gliscor|U-turn|p2a: Pecharunt
|-resisted|p2a: Pecharunt
|-damage|p2a: Pecharunt|83/100
|
|t:|1758947944
|switch|p1a: Weavile|Weavile, F|51/100 tox|[from] U-turn
|-ability|p1a: Weavile|Pressure
|move|p2a: Pecharunt|Parting Shot|p1a: Weavile
|-unboost|p1a: Weavile|atk|1
|-unboost|p1a: Weavile|spa|1
|inactive|Battle timer is ON: inactive players will automatically lose when time's up. (requested by Vibe_Space_)
|
|t:|1758947975
|switch|p2a: Iron Treads|Iron Treads|100/100|[from] Parting Shot
|
|-damage|p1a: Weavile|45/100 tox|[from] psn
|upkeep
|turn|5
|
|t:|1758947997
|switch|p1a: Gliscor|Gliscor, F|100/100 tox
|move|p2a: Iron Treads|Earthquake|p1a: Gliscor
|-immune|p1a: Gliscor
|
|upkeep
|turn|6
|
|t:|1758948003
|-end|p2a: Iron Treads|Quark Drive|[silent]
|switch|p2a: Pecharunt|Pecharunt|83/100
|move|p1a: Gliscor|Earthquake|p2a: Pecharunt
|-supereffective|p2a: Pecharunt
|-damage|p2a: Pecharunt|53/100
|
|upkeep
|turn|7
|
|t:|1758948015
|move|p1a: Gliscor|Spikes|p2a: Pecharunt
|-sidestart|p2: WetWaterTypes|Spikes
|move|p2a: Pecharunt|Recover|p2a: Pecharunt
|-heal|p2a: Pecharunt|100/100
|
|upkeep
|turn|8
|
|t:|1758948027
|move|p1a: Gliscor|Earthquake|p2a: Pecharunt
|-supereffective|p2a: Pecharunt
|-damage|p2a: Pecharunt|67/100
|move|p2a: Pecharunt|Parting Shot|p1a: Gliscor
|-unboost|p1a: Gliscor|atk|1
|-unboost|p1a: Gliscor|spa|1
|
|t:|1758948049
|switch|p2a: Bruxish|Bruxish, F|100/100|[from] Parting Shot
|-damage|p2a: Bruxish|88/100|[from] Spikes
|
|upkeep
|turn|9
|
|t:|1758948062
|switch|p1a: Dragapult|Dragapult, M|100/100
|move|p2a: Bruxish|Flip Turn|p1a: Dragapult
|-resisted|p1a: Dragapult
|-crit|p1a: Dragapult
|-damage|p1a: Dragapult|59/100
|
|t:|1758948065
|switch|p2a: Darkrai|Darkrai|100/100|[from] Flip Turn
|-damage|p2a: Darkrai|88/100|[from] Spikes
|
|upkeep
|turn|10
|
|t:|1758948071
|move|p2a: Darkrai|Dark Pulse|p1a: Dragapult
|-supereffective|p1a: Dragapult
|-damage|p1a: Dragapult|0 fnt
|faint|p1a: Dragapult
|
|upkeep
|
|t:|1758948079
|switch|p1a: Primarina|Primarina, F|100/100
|turn|11
|
|t:|1758948084
|switch|p2a: Alomomola|Alomomola, F|100/100
|-damage|p2a: Alomomola|88/100|[from] Spikes
|move|p1a: Primarina|Moonblast|p2a: Alomomola
|-damage|p2a: Alomomola|58/100
|
|upkeep
|turn|12
|
|t:|1758948090
|move|p1a: Primarina|Calm Mind|p1a: Primarina
|-boost|p1a: Primarina|spa|1
|-boost|p1a: Primarina|spd|1
|move|p2a: Alomomola|Flip Turn|p1a: Primarina
|-resisted|p1a: Primarina
|-crit|p1a: Primarina
|-damage|p1a: Primarina|86/100
|
|t:|1758948096
|switch|p2a: Darkrai|Darkrai|88/100|[from] Flip Turn
|-damage|p2a: Darkrai|76/100|[from] Spikes
|
|-heal|p1a: Primarina|92/100|[from] item: Leftovers
|upkeep
|turn|13
|
|t:|1758948102
|switch|p2a: Alomomola|Alomomola, F|91/100
|-damage|p2a: Alomomola|79/100|[from] Spikes
|move|p1a: Primarina|Moonblast|p2a: Alomomola
|-damage|p2a: Alomomola|35/100
|
|-heal|p1a: Primarina|98/100|[from] item: Leftovers
|upkeep
|turn|14
|l|☆WetWaterTypes
|inactive|WetWaterTypes disconnected and has a minute to reconnect!
|player|p2|
|inactive|WetWaterTypes has 30 seconds to reconnect!
|inactive|WetWaterTypes has 20 seconds to reconnect!
|inactive|WetWaterTypes has 15 seconds to reconnect!
|inactive|WetWaterTypes has 10 seconds to reconnect!
|inactive|WetWaterTypes has 5 seconds to reconnect!
|-message|WetWaterTypes lost due to inactivity.
|
|win|Vibe_Space_
|raw|Vibe_Space_'s rating: 1433 &rarr; <strong>1449</strong><br />(+16 for winning)
|raw|WetWaterTypes's rating: 1358 &rarr; <strong>1342</strong><br />(-16 for losing)
|l|☆Vibe_Space_
|player|p1|
