|j|☆Pizzaboytoy
|j|☆lobotomiagames
|t:|1758927987
|gametype|singles
|player|p1|Pizzaboytoy|preschooler|1322
|player|p2|lobotomiagames|harlequin|1337
|gen|9
|tier|[Gen 9] OU
|rated|
|rule|HP Percentage Mod: HP is shown in percentages
|rule|Endless Battle Clause: Forcing endless battles is banned
|rule|Species Clause: Limit one of each Pokémon
|rule|OHKO Clause: OHKO moves are banned
|rule|Evasion Items Clause: Evasion items are banned
|rule|Evasion Moves Clause: Evasion moves are banned
|rule|Evasion Abilities Clause: Evasion abilities are banned
|rule|Sleep Moves Clause: Sleep-inducing moves are banned
|clearpoke
|poke|p1|Garganacl, M|
|poke|p1|Gliscor, M|
|poke|p1|Weezing-Galar, M|
|poke|p1|Cinderace, F|
|poke|p1|Gholdengo|
|poke|p1|Ogerpon-Wellspring, F|
|poke|p2|Mismagius, F|
|poke|p2|Gliscor, M|
|poke|p2|Primarina, M|
|poke|p2|Raging Bolt|
|poke|p2|Latios, M|
|poke|p2|Weezing-Galar, F|
|teampreview
|inactive|Battle timer is ON: inactive players will automatically lose when time's up. (requested by lobotomiagames)
|
|t:|1758928000
|teamsize|p1|6
|teamsize|p2|6
|start
|switch|p1a: Cinderace|Cinderace, F|100/100
|switch|p2a: Raging Bolt|Raging Bolt|100/100
|turn|1
|
|t:|1758928007
|move|p1a: Cinderace|U-turn|p2a: Raging Bolt
|-start|p1a: Cinderace|typechange|Bug|[from] ability: Libero
|-damage|p2a: Raging Bolt|70/100
|
|t:|1758928010
|switch|p1a: Gliscor|Gliscor, M|100/100|[from] U-turn
|move|p2a: Raging Bolt|Volt Switch|p1a: Gliscor
|-immune|p1a: Gliscor
|
|-status|p1a: Gliscor|tox|[from] item: Toxic Orb
|upkeep
|turn|2
|inactive|lobotomiagames has 120 seconds left.
|inactive|lobotomiagames has 90 seconds left.
|l|☆lobotomiagames
|inactive|lobotomiagames disconnected and has a minute to reconnect!
|player|p2|
|j|☆lobotomiagames
|inactive|lobotomiagames reconnected and has 45 seconds left.
|player|p2|lobotomiagames|harlequin|
|
|t:|1758928130
|-end|p2a: Raging Bolt|Protosynthesis|[silent]
|switch|p2a: Weezing|Weezing-Galar, F|100/100
|switch|p1a: Ogerpon|Ogerpon-Wellspring, F|100/100
|
|upkeep
|turn|3
|
|t:|1758928136
|move|p1a: Ogerpon|Swords Dance|p1a: Ogerpon
|-boost|p1a: Ogerpon|atk|2
|move|p2a: Weezing|Will-O-Wisp|p1a: Ogerpon|[miss]
|-miss|p2a: Weezing|p1a: Ogerpon
|
|upkeep
|turn|4
|
|t:|1758928150
|move|p1a: Ogerpon|Ivy Cudgel|p2a: Weezing|[anim] Ivy Cudgel Water
|-damage|p2a: Weezing|29/100
|move|p2a: Weezing|Will-O-Wisp|p1a: Ogerpon
|-status|p1a: Ogerpon|brn
|
|-heal|p2a: Weezing|35/100|[from] item: Leftovers
|-damage|p1a: Ogerpon|95/100 brn|[from] brn
|upkeep
|turn|5
|
|t:|1758928154
|switch|p2a: Raging Bolt|Raging Bolt|70/100
|move|p1a: Ogerpon|Ivy Cudgel|p2a: Raging Bolt|[anim] Ivy Cudgel Water
|-resisted|p2a: Raging Bolt
|-crit|p2a: Raging Bolt
|-damage|p2a: Raging Bolt|31/100
|
|-damage|p1a: Ogerpon|89/100 brn|[from] brn
|upkeep
|turn|6
|
|t:|1758928161
|move|p2a: Raging Bolt|Thunderclap|p1a: Ogerpon
|-damage|p1a: Ogerpon|38/100 brn
|move|p1a: Ogerpon|Ivy Cudgel|p2a: Raging Bolt|[anim] Ivy Cudgel Water
|-resisted|p2a: Raging Bolt
|-crit|p2a: Raging Bolt
|-damage|p2a: Raging Bolt|0 fnt
|faint|p2a: Raging Bolt
|-end|p2a: Raging Bolt|Protosynthesis|[silent]
|
|-damage|p1a: Ogerpon|32/100 brn|[from] brn
|upkeep
|
|t:|1758928167
|switch|p2a: Mismagius|Mismagius, F|100/100
|turn|7
|
|t:|1758928173
|move|p2a: Mismagius|Shadow Ball|p1a: Ogerpon
|-damage|p1a: Ogerpon|0 fnt
|faint|p1a: Ogerpon
|
|upkeep
|
|t:|1758928182
|switch|p1a: Garganacl|Garganacl, M|100/100
|turn|8
|
|t:|1758928185
|switch|p2a: Latios|Latios, M, shiny|100/100
|move|p1a: Garganacl|Salt Cure|p2a: Latios
|-damage|p2a: Latios|82/100
|
|upkeep
|turn|9
|
|t:|1758928197
|switch|p1a: Gliscor|Gliscor, M|100/100 tox
|move|p2a: Latios|Psychic Noise|p1a: Gliscor
|-damage|p1a: Gliscor|55/100 tox
|-start|p1a: Gliscor|move: Heal Block
|
|upkeep
|turn|10
|
|t:|1758928210
|switch|p2a: Weezing|Weezing-Galar, F|35/100
|switch|p1a: Cinderace|Cinderace, F|100/100
|
|-heal|p2a: Weezing|41/100|[from] item: Leftovers
|upkeep
|turn|11
|
|t:|1758928214
|switch|p2a: Gliscor|Gliscor, M, shiny|100/100
|move|p1a: Cinderace|Pyro Ball|p2a: Gliscor
|-damage|p2a: Gliscor|56/100
|
|-status|p2a: Gliscor|tox|[from] item: Toxic Orb
|upkeep
|turn|12
|
|t:|1758928221
|move|p1a: Cinderace|Pyro Ball|p2a: Gliscor
|-damage|p2a: Gliscor|13/100 tox
|move|p2a: Gliscor|Stealth Rock|p1a: Cinderace
|-sidestart|p1: Pizzaboytoy|move: Stealth Rock
|
|-heal|p2a: Gliscor|26/100 tox|[from] ability: Poison Heal
|upkeep
|turn|13
|
|t:|1758928230
|move|p2a: Gliscor|Protect|p2a: Gliscor
|-singleturn|p2a: Gliscor|Protect
|move|p1a: Cinderace|Pyro Ball|p2a: Gliscor
|-activate|p2a: Gliscor|move: Protect
|
|-heal|p2a: Gliscor|38/100 tox|[from] ability: Poison Heal
|upkeep
|turn|14
|
|t:|1758928237
|switch|p2a: Celestine|Primarina, M|100/100
|move|p1a: Cinderace|Pyro Ball|p2a: Celestine
|-resisted|p2a: Celestine
|-damage|p2a: Celestine|59/100
|
|-heal|p2a: Celestine|66/100|[from] item: Leftovers
|upkeep
|turn|15
|
|t:|1758928243
|switch|p1a: Gholdengo|Gholdengo|100/100
|-damage|p1a: Gholdengo|94/100|[from] Stealth Rock
|-item|p1a: Gholdengo|Air Balloon
|move|p2a: Celestine|Psychic Noise|p1a: Gholdengo
|-damage|p1a: Gholdengo|56/100
|-start|p1a: Gholdengo|move: Heal Block
|-enditem|p1a: Gholdengo|Air Balloon
|
|-heal|p2a: Celestine|72/100|[from] item: Leftovers
|upkeep
|turn|16
|
|t:|1758928249
|move|p1a: Gholdengo|Make It Rain|p2a: Celestine
|-damage|p2a: Celestine|12/100
|-unboost|p1a: Gholdengo|spa|1
|move|p2a: Celestine|Substitute|p2a: Celestine
|-fail|p2a: Celestine|move: Substitute|[weak]
|
|-heal|p2a: Celestine|18/100|[from] item: Leftovers
|-end|p1a: Gholdengo|move: Heal Block
|upkeep
|turn|17
|
|t:|1758928255
|switch|p2a: Latios|Latios, M, shiny|82/100
|move|p1a: Gholdengo|Make It Rain|p2a: Latios
|-crit|p2a: Latios
|-damage|p2a: Latios|0 fnt
|-unboost|p1a: Gholdengo|spa|1
|faint|p2a: Latios
|
|upkeep
|
|t:|1758928260
|switch|p2a: Mismagius|Mismagius, F|100/100
|turn|18
|
|t:|1758928268
|move|p2a: Mismagius|Shadow Ball|p1a: Gholdengo
|-supereffective|p1a: Gholdengo
|-damage|p1a: Gholdengo|0 fnt
|faint|p1a: Gholdengo
|
|upkeep
|
|t:|1758928272
|switch|p1a: Garganacl|Garganacl, M|100/100
|-damage|p1a: Garganacl|88/100|[from] Stealth Rock
|turn|19
|
|t:|1758928278
|switch|p2a: Gliscor|Gliscor, M, shiny|38/100 tox
|move|p1a: Garganacl|Salt Cure|p2a: Gliscor
|-damage|p2a: Gliscor|28/100 tox
|-start|p2a: Gliscor|Salt Cure
|
|-heal|p1a: Garganacl|94/100|[from] item: Leftovers
|-heal|p2a: Gliscor|41/100 tox|[from] ability: Poison Heal
|-damage|p2a: Gliscor|28/100 tox|[from] Salt Cure
|upkeep
|turn|20
|
|t:|1758928291
|move|p2a: Gliscor|Knock Off|p1a: Garganacl
|-damage|p1a: Garganacl|83/100
|-enditem|p1a: Garganacl|Leftovers|[from] move: Knock Off|[of] p2a: Gliscor
|move|p1a: Garganacl|Stealth Rock|p2a: Gliscor
|-sidestart|p2: lobotomiagames|move: Stealth Rock
|
|-heal|p2a: Gliscor|41/100 tox|[from] ability: Poison Heal
|-damage|p2a: Gliscor|28/100 tox|[from] Salt Cure
|upkeep
|turn|21
|
|t:|1758928302
|move|p2a: Gliscor|Earthquake|p1a: Garganacl
|-supereffective|p1a: Garganacl
|-damage|p1a: Garganacl|52/100
|move|p1a: Garganacl|Salt Cure|p2a: Gliscor
|-damage|p2a: Gliscor|18/100 tox
|
|-heal|p2a: Gliscor|30/100 tox|[from] ability: Poison Heal
|-damage|p2a: Gliscor|18/100 tox|[from] Salt Cure
|upkeep
|turn|22
|-message|lobotomiagames forfeited.
|
|win|Pizzaboytoy
|raw|Pizzaboytoy's rating: 1322 &rarr; <strong>1343</strong><br />(+21 for winning)
|raw|lobotomiagames's rating: 1337 &rarr; <strong>1316</strong><br />(-21 for losing)
|l|☆lobotomiagames
|player|p2|
|l|☆Pizzaboytoy
|player|p1|
