|inactive|Battle timer is ON: inactive players will automatically lose when time's up.
|t:|1758988934
|gametype|singles
|player|p1|heileone2|pokemonbreederf-gen4|
|player|p2|Niko|#scl5dynamos|
|gen|9
|tier|[Gen 9] OU
|rule|HP Percentage Mod: HP is shown in percentages
|rule|Endless Battle Clause: Forcing endless battles is banned
|rule|Species Clause: Limit one of each Pokémon
|rule|OHKO Clause: OHKO moves are banned
|rule|Evasion Items Clause: Evasion items are banned
|rule|Evasion Moves Clause: Evasion moves are banned
|rule|Evasion Abilities Clause: Evasion abilities are banned
|rule|Sleep Moves Clause: Sleep-inducing moves are banned
|clearpoke
|poke|p1|Kyurem|
|poke|p1|Glimmora, F|
|poke|p1|Great Tusk|
|poke|p1|Ogerpon-Wellspring, F|
|poke|p1|Enamorus, F|
|poke|p1|Kingambit, M|
|poke|p2|Iron Valiant|
|poke|p2|Gholdengo|
|poke|p2|Dragonite, F|
|poke|p2|Ting-Lu|
|poke|p2|Glimmora, F|
|poke|p2|Zamazenta-*|
|teampreview
|c|☆heileone2|hf
|rated|Smogon Champions League
|c|☆Niko|u2
|inactive|heileone2 has 270 seconds left.
|inactive|Niko has 270 seconds left.
|inactive|heileone2 has 240 seconds left.
|inactive|Niko has 240 seconds left.
|inactive|Niko has 210 seconds left.
|
|t:|1758989029
|teamsize|p1|6
|teamsize|p2|6
|start
|switch|p1a: Ogerpon|Ogerpon-Wellspring, F|100/100
|switch|p2a: Zamazenta|Zamazenta|100/100
|-ability|p2a: Zamazenta|Dauntless Shield|boost
|-boost|p2a: Zamazenta|def|1
|turn|1
|inactive|Niko has 270 seconds left.
|inactive|heileone2 has 270 seconds left.
|
|t:|1758989068
|move|p2a: Zamazenta|Close Combat|p1a: Ogerpon
|-damage|p1a: Ogerpon|27/100
|-unboost|p2a: Zamazenta|def|1
|-unboost|p2a: Zamazenta|spd|1
|move|p1a: Ogerpon|Ivy Cudgel|p2a: Zamazenta|[anim] Ivy Cudgel Water
|-damage|p2a: Zamazenta|44/100
|
|upkeep
|turn|2
|inactive|Niko has 240 seconds left.
|inactive|heileone2 has 240 seconds left.
|inactive|Niko has 210 seconds left.
|
|t:|1758989118
|move|p2a: Zamazenta|Close Combat|p1a: Ogerpon
|-damage|p1a: Ogerpon|0 fnt
|-unboost|p2a: Zamazenta|def|1
|-unboost|p2a: Zamazenta|spd|1
|faint|p1a: Ogerpon
|
|upkeep
|
|t:|1758989122
|switch|p1a: Enamorus|Enamorus, F|100/100
|turn|3
|inactive|Niko has 210 seconds left.
|
|t:|1758989139
|switch|p2a: Gholdengo|Gholdengo|100/100
|move|p1a: Enamorus|Moonblast|p2a: Gholdengo
|-resisted|p2a: Gholdengo
|-damage|p2a: Gholdengo|73/100
|
|upkeep
|turn|4
|
|t:|1758989149
|switch|p1a: Kingambit|Kingambit, M|100/100
|-activate|p1a: Kingambit|ability: Supreme Overlord
|-start|p1a: Kingambit|fallen1|[silent]
|move|p2a: Gholdengo|Make It Rain|p1a: Kingambit
|-resisted|p1a: Kingambit
|-damage|p1a: Kingambit|62/100
|-unboost|p2a: Gholdengo|spa|1
|
|-heal|p1a: Kingambit|68/100|[from] item: Leftovers
|upkeep
|turn|5
|inactive|heileone2 has 240 seconds left.
|inactive|Niko has 210 seconds left.
|inactive|Niko has 180 seconds left.
|inactive|heileone2 has 210 seconds left.
|
|t:|1758989215
|switch|p2a: Ting-Lu|Ting-Lu|100/100
|-ability|p2a: Ting-Lu|Vessel of Ruin
|move|p1a: Kingambit|Swords Dance|p1a: Kingambit
|-boost|p1a: Kingambit|atk|2
|
|-heal|p1a: Kingambit|74/100|[from] item: Leftovers
|upkeep
|turn|6
|inactive|heileone2 has 210 seconds left.
|inactive|Niko has 150 seconds left.
|
|t:|1758989248
|move|p1a: Kingambit|Iron Head|p2a: Ting-Lu
|-damage|p2a: Ting-Lu|47/100
|move|p2a: Ting-Lu|Earthquake|p1a: Kingambit
|-supereffective|p1a: Kingambit
|-damage|p1a: Kingambit|15/100
|
|-heal|p1a: Kingambit|21/100|[from] item: Leftovers
|-heal|p2a: Ting-Lu|53/100|[from] item: Leftovers
|upkeep
|turn|7
|inactive|Niko has 120 seconds left.
|
|t:|1758989302
|switch|p2a: Gholdengo|Gholdengo|73/100
|move|p1a: Kingambit|Iron Head|p2a: Gholdengo
|-resisted|p2a: Gholdengo
|-damage|p2a: Gholdengo|21/100
|
|-heal|p1a: Kingambit|27/100|[from] item: Leftovers
|upkeep
|turn|8
|inactive|Niko has 90 seconds left.
|inactive|heileone2 has 180 seconds left.
|
|t:|1758989345
|move|p1a: Kingambit|Sucker Punch||[still]
|-fail|p1a: Kingambit
|move|p2a: Gholdengo|Recover|p2a: Gholdengo
|-heal|p2a: Gholdengo|71/100
|
|-heal|p1a: Kingambit|33/100|[from] item: Leftovers
|upkeep
|turn|9
|
|t:|1758989352
|switch|p2a: Glimmora|Glimmora, F|100/100
|move|p1a: Kingambit|Sucker Punch||[still]
|-fail|p1a: Kingambit
|
|-heal|p1a: Kingambit|39/100|[from] item: Leftovers
|upkeep
|turn|10
|inactive|heileone2 has 180 seconds left.
|inactive|Niko has 90 seconds left.
|
|t:|1758989366
|move|p1a: Kingambit|Sucker Punch|p2a: Glimmora
|-damage|p2a: Glimmora|32/100
|-activate|p2a: Glimmora|ability: Toxic Debris
|-sidestart|p1: heileone2|move: Toxic Spikes
|-enditem|p2a: Glimmora|Red Card|[of] p1a: Kingambit
|-end|p1a: Kingambit|fallen1|[silent]
|drag|p1a: Kyurem|Kyurem|100/100
|-status|p1a: Kyurem|psn
|-ability|p1a: Kyurem|Pressure
|move|p2a: Glimmora|Earth Power|p1a: Kyurem
|-damage|p1a: Kyurem|77/100 psn
|
|-damage|p1a: Kyurem|64/100 psn|[from] psn
|upkeep
|turn|11
|inactive|heileone2 has 180 seconds left.
|inactive|Niko has 90 seconds left.
|inactive|Niko has 60 seconds left.
|
|t:|1758989413
|move|p1a: Kyurem|Scale Shot|p2a: Glimmora
|-damage|p2a: Glimmora|22/100
|-activate|p2a: Glimmora|ability: Toxic Debris
|-sidestart|p1: heileone2|move: Toxic Spikes
|-damage|p2a: Glimmora|12/100
|-damage|p2a: Glimmora|3/100
|-damage|p2a: Glimmora|0 fnt
|faint|p2a: Glimmora
|-hitcount|p2: Glimmora|4
|-unboost|p1a: Kyurem|def|1
|-boost|p1a: Kyurem|spe|1
|
|-damage|p1a: Kyurem|52/100 psn|[from] psn
|upkeep
|inactive|Niko has 60 seconds left.
|inactive|Niko has 30 seconds left.
|
|t:|1758989457
|switch|p2a: Gholdengo|Gholdengo|71/100
|turn|12
|
|t:|1758989473
|-terastallize|p1a: Kyurem|Fire
|move|p1a: Kyurem|Tera Blast|p2a: Gholdengo|[anim] Tera Blast Fire
|-supereffective|p2a: Gholdengo
|-damage|p2a: Gholdengo|0 fnt
|faint|p2a: Gholdengo
|
|-damage|p1a: Kyurem|40/100 psn|[from] psn
|upkeep
|inactive|Niko has 30 seconds left.
|inactive|Niko has 20 seconds left.
|
|t:|1758989494
|switch|p2a: Iron Valiant|Iron Valiant|100/100
|-enditem|p2a: Iron Valiant|Booster Energy
|-activate|p2a: Iron Valiant|ability: Quark Drive|[fromitem]
|-start|p2a: Iron Valiant|quarkdrivespe
|turn|13
|inactive|Niko has 30 seconds left this turn.
|inactive|Niko has 20 seconds left.
|
|t:|1758989510
|move|p2a: Iron Valiant|Calm Mind|p2a: Iron Valiant
|-boost|p2a: Iron Valiant|spa|1
|-boost|p2a: Iron Valiant|spd|1
|move|p1a: Kyurem|Icicle Spear|p2a: Iron Valiant
|-damage|p2a: Iron Valiant|84/100
|-damage|p2a: Iron Valiant|66/100
|-damage|p2a: Iron Valiant|49/100
|-damage|p2a: Iron Valiant|31/100
|-hitcount|p2a: Iron Valiant|4
|
|-damage|p1a: Kyurem|28/100 psn|[from] psn
|upkeep
|turn|14
|inactive|Niko has 30 seconds left this turn.
|inactive|Niko has 20 seconds left.
|
|t:|1758989521
|move|p2a: Iron Valiant|Psyshock|p1a: Kyurem
|-damage|p1a: Kyurem|0 fnt
|faint|p1a: Kyurem
|
|upkeep
|
|t:|1758989523
|switch|p1a: Glimmora|Glimmora, F|100/100
|-sideend|p1: heileone2|move: Toxic Spikes|[of] p1a: Glimmora
|turn|15
|inactive|Niko has 30 seconds left.
|inactive|heileone2 has 180 seconds left.
|
|t:|1758989536
|move|p2a: Iron Valiant|Psyshock|p1a: Glimmora
|-supereffective|p1a: Glimmora
|-damage|p1a: Glimmora|41/100
|-enditem|p1a: Glimmora|Red Card|[of] p2a: Iron Valiant
|-end|p2a: Iron Valiant|Quark Drive|[silent]
|drag|p2a: Zamazenta|Zamazenta|44/100
|move|p1a: Glimmora|Earth Power|p2a: Zamazenta
|-damage|p2a: Zamazenta|18/100
|-unboost|p2a: Zamazenta|spd|1
|
|upkeep
|turn|16
|inactive|Niko has 30 seconds left.
|
|t:|1758989543
|move|p2a: Zamazenta|Heavy Slam|p1a: Glimmora
|-supereffective|p1a: Glimmora
|-damage|p1a: Glimmora|0 fnt
|-activate|p1a: Glimmora|ability: Toxic Debris
|-sidestart|p2: Niko|move: Toxic Spikes
|faint|p1a: Glimmora
|
|upkeep
|inactive|heileone2 has 180 seconds left.
|
|t:|1758989578
|switch|p1a: Great Tusk|Great Tusk|100/100
|-enditem|p1a: Great Tusk|Booster Energy
|-activate|p1a: Great Tusk|ability: Protosynthesis|[fromitem]
|-start|p1a: Great Tusk|protosynthesisspe
|turn|17
|inactive|Niko has 30 seconds left.
|
|t:|1758989599
|switch|p2a: Ting-Lu|Ting-Lu|53/100
|-status|p2a: Ting-Lu|psn
|-ability|p2a: Ting-Lu|Vessel of Ruin
|move|p1a: Great Tusk|Earthquake|p2a: Ting-Lu
|-damage|p2a: Ting-Lu|33/100 psn
|
|-heal|p2a: Ting-Lu|39/100 psn|[from] item: Leftovers
|-damage|p2a: Ting-Lu|27/100 psn|[from] psn
|upkeep
|turn|18
|inactive|Niko has 30 seconds left.
|
|t:|1758989608
|move|p1a: Great Tusk|Taunt|p2a: Ting-Lu
|-start|p2a: Ting-Lu|move: Taunt
|move|p2a: Ting-Lu|Ruination|p1a: Great Tusk|[miss]
|-miss|p2a: Ting-Lu|p1a: Great Tusk
|
|-heal|p2a: Ting-Lu|33/100 psn|[from] item: Leftovers
|-damage|p2a: Ting-Lu|20/100 psn|[from] psn
|upkeep
|turn|19
|
|t:|1758989613
|move|p1a: Great Tusk|Bulk Up|p1a: Great Tusk
|-boost|p1a: Great Tusk|atk|1
|-boost|p1a: Great Tusk|def|1
|move|p2a: Ting-Lu|Ruination|p1a: Great Tusk
|-damage|p1a: Great Tusk|51/100
|
|-heal|p2a: Ting-Lu|27/100 psn|[from] item: Leftovers
|-damage|p2a: Ting-Lu|14/100 psn|[from] psn
|upkeep
|turn|20
|
|t:|1758989618
|move|p1a: Great Tusk|Earthquake|p2a: Ting-Lu
|-damage|p2a: Ting-Lu|0 fnt
|faint|p2a: Ting-Lu
|
|upkeep
|
|t:|1758989636
|switch|p2a: Dragonite|Dragonite, F|100/100
|turn|21
|
|t:|1758989649
|-terastallize|p2a: Dragonite|Normal
|move|p1a: Great Tusk|Stone Edge|p2a: Dragonite
|-damage|p2a: Dragonite|80/100
|move|p2a: Dragonite|Dragon Dance|p2a: Dragonite
|-boost|p2a: Dragonite|atk|1
|-boost|p2a: Dragonite|spe|1
|
|upkeep
|turn|22
|inactive|heileone2 has 210 seconds left.
|inactive|Niko has 30 seconds left.
|inactive|heileone2 has 180 seconds left.
|inactive|Niko has 20 seconds left.
|inactive|heileone2 has 150 seconds left.
|inactive|heileone2 has 120 seconds left.
|
|t:|1758989758
|move|p2a: Dragonite|Extreme Speed|p1a: Great Tusk
|-damage|p1a: Great Tusk|26/100
|move|p1a: Great Tusk|Bulk Up|p1a: Great Tusk
|-boost|p1a: Great Tusk|atk|1
|-boost|p1a: Great Tusk|def|1
|
|upkeep
|turn|23
|inactive|Niko has 30 seconds left this turn.
|inactive|heileone2 has 120 seconds left.
|inactive|Niko has 20 seconds left.
|inactive|Niko has 15 seconds left.
|inactive|Niko has 10 seconds left.
|
|t:|1758989780
|move|p2a: Dragonite|Extreme Speed|p1a: Great Tusk
|-damage|p1a: Great Tusk|7/100
|move|p1a: Great Tusk|Earthquake|p2a: Dragonite
|-damage|p2a: Dragonite|3/100
|
|upkeep
|turn|24
|inactive|Niko has 20 seconds left this turn.
|inactive|heileone2 has 120 seconds left.
|
|t:|1758989787
|move|p2a: Dragonite|Extreme Speed|p1a: Great Tusk
|-damage|p1a: Great Tusk|0 fnt
|faint|p1a: Great Tusk
|-end|p1a: Great Tusk|Protosynthesis|[silent]
|
|upkeep
|inactive|heileone2 has 120 seconds left.
|
|t:|1758989798
|switch|p1a: Enamorus|Enamorus, F|100/100
|turn|25
|
|t:|1758989802
|move|p2a: Dragonite|Extreme Speed|p1a: Enamorus
|-damage|p1a: Enamorus|4/100
|move|p1a: Enamorus|Moonblast|p2a: Dragonite
|-damage|p2a: Dragonite|0 fnt
|faint|p2a: Dragonite
|
|upkeep
|
|t:|1758989811
|switch|p2a: Iron Valiant|Iron Valiant|31/100
|-status|p2a: Iron Valiant|psn
|turn|26
|
|t:|1758989813
|move|p1a: Enamorus|Moonblast|p2a: Iron Valiant
|-supereffective|p2a: Iron Valiant
|-damage|p2a: Iron Valiant|0 fnt
|faint|p2a: Iron Valiant
|-end|p2a: Iron Valiant|Quark Drive|[silent]
|
|upkeep
|-message|Niko forfeited.
|
|win|heileone2
|c|☆heileone2|gg
|c|☆Niko|xd
|player|p2|
