|j|☆Deafoman
|j|☆bio2.0
|t:|1758957088
|gametype|singles
|player|p1|Deafoman|hoopster|1260
|player|p2|bio2.0|2|1318
|gen|9
|tier|[Gen 9] OU
|rated|
|rule|HP Percentage Mod: HP is shown in percentages
|rule|Endless Battle Clause: Forcing endless battles is banned
|rule|Species Clause: Limit one of each Pokémon
|rule|OHKO Clause: OHKO moves are banned
|rule|Evasion Items Clause: Evasion items are banned
|rule|Evasion Moves Clause: Evasion moves are banned
|rule|Evasion Abilities Clause: Evasion abilities are banned
|rule|Sleep Moves Clause: Sleep-inducing moves are banned
|clearpoke
|poke|p1|Skeledirge, M|
|poke|p1|Empoleon, M|
|poke|p1|Kyurem|
|poke|p1|Meowscarada, M|
|poke|p1|Iron Boulder|
|poke|p1|Okidogi, M|
|poke|p2|Iron Boulder|
|poke|p2|Shiftry, M|
|poke|p2|Garchomp, M|
|poke|p2|Iron Valiant|
|poke|p2|Snorlax, M|
|poke|p2|Great Tusk|
|teampreview
|inactive|Battle timer is ON: inactive players will automatically lose when time's up. (requested by Deafoman)
|
|t:|1758957124
|teamsize|p1|6
|teamsize|p2|6
|start
|switch|p1a: Kitty Soft Paws|Meowscarada, M|100/100
|switch|p2a: Snorlax|Snorlax, M|100/100
|turn|1
|
|t:|1758957140
|move|p1a: Kitty Soft Paws|Knock Off|p2a: Snorlax
|-start|p1a: Kitty Soft Paws|typechange|Dark|[from] ability: Protean
|-damage|p2a: Snorlax|57/100
|-enditem|p2a: Snorlax|Custap Berry|[from] move: Knock Off|[of] p1a: Kitty Soft Paws
|move|p2a: Snorlax|Double-Edge|p1a: Kitty Soft Paws
|-damage|p1a: Kitty Soft Paws|6/100
|-damage|p2a: Snorlax|39/100|[from] Recoil
|
|upkeep
|turn|2
|
|t:|1758957150
|move|p1a: Kitty Soft Paws|Flower Trick|p2a: Snorlax
|-crit|p2a: Snorlax
|-damage|p2a: Snorlax|11/100
|move|p2a: Snorlax|Earthquake|p1a: Kitty Soft Paws
|-damage|p1a: Kitty Soft Paws|0 fnt
|faint|p1a: Kitty Soft Paws
|
|upkeep
|
|t:|1758957157
|switch|p1a: Skeledirge|Skeledirge, M|100/100
|turn|3
|
|t:|1758957159
|move|p1a: Skeledirge|Torch Song|p2a: Snorlax
|-damage|p2a: Snorlax|0 fnt
|-boost|p1a: Skeledirge|spa|1
|faint|p2a: Snorlax
|
|upkeep
|
|t:|1758957162
|switch|p2a: Garchomp|Garchomp, M|100/100
|turn|4
|
|t:|1758957166
|move|p2a: Garchomp|Earthquake|p1a: Skeledirge
|-supereffective|p1a: Skeledirge
|-damage|p1a: Skeledirge|0 fnt
|faint|p1a: Skeledirge
|-damage|p2a: Garchomp|91/100|[from] item: Life Orb
|
|upkeep
|
|t:|1758957172
|switch|p1a: Kyurem|Kyurem, shiny|100/100
|-ability|p1a: Kyurem|Pressure
|turn|5
|
|t:|1758957174
|move|p1a: Kyurem|Freeze-Dry|p2a: Garchomp
|-supereffective|p2a: Garchomp
|-damage|p2a: Garchomp|0 fnt
|faint|p2a: Garchomp
|
|upkeep
|
|t:|1758957181
|switch|p2a: Shiftry|Shiftry, M|100/100
|turn|6
|
|t:|1758957184
|move|p1a: Kyurem|Freeze-Dry|p2a: Shiftry
|-supereffective|p2a: Shiftry
|-enditem|p2a: Shiftry|Focus Sash
|-damage|p2a: Shiftry|1/100
|-status|p2a: Shiftry|frz
|cant|p2a: Shiftry|frz
|
|upkeep
|turn|7
|
|t:|1758957189
|move|p1a: Kyurem|Freeze-Dry|p2a: Shiftry
|-supereffective|p2a: Shiftry
|-damage|p2a: Shiftry|0 fnt
|faint|p2a: Shiftry
|
|upkeep
|
|t:|1758957194
|switch|p2a: Iron Valiant|Iron Valiant|100/100
|-enditem|p2a: Iron Valiant|Booster Energy
|-activate|p2a: Iron Valiant|ability: Quark Drive|[fromitem]
|-start|p2a: Iron Valiant|quarkdrivespe
|turn|8
|
|t:|1758957213
|-terastallize|p1a: Kyurem|Fairy
|move|p2a: Iron Valiant|Calm Mind|p2a: Iron Valiant
|-boost|p2a: Iron Valiant|spa|1
|-boost|p2a: Iron Valiant|spd|1
|move|p1a: Kyurem|Earth Power|p2a: Iron Valiant
|-damage|p2a: Iron Valiant|65/100
|
|upkeep
|turn|9
|
|t:|1758957224
|move|p2a: Iron Valiant|Thunderbolt|p1a: Kyurem
|-damage|p1a: Kyurem|73/100
|move|p1a: Kyurem|Freeze-Dry|p2a: Iron Valiant
|-damage|p2a: Iron Valiant|24/100
|
|upkeep
|turn|10
|
|t:|1758957226
|move|p2a: Iron Valiant|Moonblast|p1a: Kyurem
|-damage|p1a: Kyurem|30/100
|-unboost|p1a: Kyurem|spa|1
|move|p1a: Kyurem|Freeze-Dry|p2a: Iron Valiant
|-damage|p2a: Iron Valiant|0 fnt
|faint|p2a: Iron Valiant
|-end|p2a: Iron Valiant|Quark Drive|[silent]
|
|upkeep
|
|t:|1758957230
|switch|p2a: Iron Boulder|Iron Boulder|100/100
|turn|11
|
|t:|1758957233
|move|p2a: Iron Boulder|Earthquake|p1a: Kyurem
|-damage|p1a: Kyurem|0 fnt
|faint|p1a: Kyurem
|
|upkeep
|
|t:|1758957236
|switch|p1a: Iron Boulder|Iron Boulder|100/100
|-enditem|p1a: Iron Boulder|Booster Energy
|-activate|p1a: Iron Boulder|ability: Quark Drive|[fromitem]
|-start|p1a: Iron Boulder|quarkdrivespe
|turn|12
|
|t:|1758957240
|-terastallize|p2a: Iron Boulder|Fairy
|move|p1a: Iron Boulder|Swords Dance|p1a: Iron Boulder
|-boost|p1a: Iron Boulder|atk|2
|move|p2a: Iron Boulder|Counter||[still]
|-fail|p2a: Iron Boulder
|
|upkeep
|turn|13
|
|t:|1758957251
|move|p1a: Iron Boulder|Mighty Cleave|p2a: Iron Boulder
|-enditem|p2a: Iron Boulder|Focus Sash
|-damage|p2a: Iron Boulder|1/100
|move|p2a: Iron Boulder|Earthquake|p1a: Iron Boulder
|-supereffective|p1a: Iron Boulder
|-damage|p1a: Iron Boulder|9/100
|
|upkeep
|turn|14
|-message|bio2.0 forfeited.
|
|win|Deafoman
|raw|Deafoman's rating: 1260 &rarr; <strong>1289</strong><br />(+29 for winning)
|raw|bio2.0's rating: 1318 &rarr; <strong>1295</strong><br />(-23 for losing)
|l|☆bio2.0
|player|p2|
|l|☆Deafoman
|player|p1|
