|j|☆Natole
|j|☆Argentavis_Gaming
|t:|1759072750
|gametype|singles
|player|p1|Natole|265|1426
|player|p2|Argentavis_Gaming|unknown|1506
|gen|9
|tier|[Gen 9] OU
|rated|
|rule|HP Percentage Mod: HP is shown in percentages
|rule|Endless Battle Clause: Forcing endless battles is banned
|rule|Species Clause: Limit one of each Pokémon
|rule|OHKO Clause: OHKO moves are banned
|rule|Evasion Items Clause: Evasion items are banned
|rule|Evasion Moves Clause: Evasion moves are banned
|rule|Evasion Abilities Clause: Evasion abilities are banned
|rule|Sleep Moves Clause: Sleep-inducing moves are banned
|clearpoke
|poke|p1|Great Tusk|
|poke|p1|Slowking-Galar, F|
|poke|p1|Alomomola, M|
|poke|p1|Kingambit, F|
|poke|p1|Dragapult, M|
|poke|p1|Toucannon, M|
|poke|p2|Latias, F|
|poke|p2|Moltres|
|poke|p2|Great Tusk|
|poke|p2|Raging Bolt|
|poke|p2|Primarina, M|
|poke|p2|Rillaboom, M|
|teampreview
|
|t:|1759072780
|teamsize|p1|6
|teamsize|p2|6
|start
|switch|p1a: Toucannon|Toucannon, M|100/100
|switch|p2a: Raging Bolt|Raging Bolt|100/100
|turn|1
|
|t:|1759072791
|switch|p1a: Slowking|Slowking-Galar, F|100/100
|move|p2a: Raging Bolt|Taunt|p1a: Slowking
|-start|p1a: Slowking|move: Taunt
|
|upkeep
|turn|2
|
|t:|1759072798
|move|p2a: Raging Bolt|Volt Switch|p1a: Slowking
|-damage|p1a: Slowking|74/100
|
|t:|1759072801
|-end|p2a: Raging Bolt|Protosynthesis|[silent]
|switch|p2a: Great Tusk|Great Tusk|100/100|[from] Volt Switch
|move|p1a: Slowking|Sludge Bomb|p2a: Great Tusk
|-resisted|p2a: Great Tusk
|-damage|p2a: Great Tusk|74/100
|
|-heal|p2a: Great Tusk|80/100|[from] item: Leftovers
|upkeep
|turn|3
|
|t:|1759072809
|switch|p1a: Alomomola|Alomomola, M|100/100
|move|p2a: Great Tusk|Headlong Rush|p1a: Alomomola
|-damage|p1a: Alomomola|65/100
|-unboost|p2a: Great Tusk|def|1
|-unboost|p2a: Great Tusk|spd|1
|
|-heal|p2a: Great Tusk|86/100|[from] item: Leftovers
|upkeep
|turn|4
|
|t:|1759072818
|-end|p2a: Great Tusk|Protosynthesis|[silent]
|switch|p2a: Primarina|Primarina, M|100/100
|move|p1a: Alomomola|Flip Turn|p2a: Primarina
|-resisted|p2a: Primarina
|-damage|p2a: Primarina|94/100
|
|t:|1759072825
|switch|p1a: Toucannon|Toucannon, M|100/100|[from] Flip Turn
|
|-heal|p2a: Primarina|99/100|[from] item: Leftovers
|upkeep
|turn|5
|
|t:|1759072830
|move|p1a: Toucannon|Bullet Seed|p2a: Primarina
|-supereffective|p2a: Primarina
|-damage|p2a: Primarina|79/100
|-supereffective|p2a: Primarina
|-damage|p2a: Primarina|58/100
|-supereffective|p2a: Primarina
|-damage|p2a: Primarina|36/100
|-supereffective|p2a: Primarina
|-damage|p2a: Primarina|14/100
|-supereffective|p2a: Primarina
|-damage|p2a: Primarina|0 fnt
|faint|p2a: Primarina
|-hitcount|p2: Primarina|5
|
|upkeep
|
|t:|1759072835
|switch|p2a: Raging Bolt|Raging Bolt|100/100
|turn|6
|
|t:|1759072843
|switch|p1a: Slowking|Slowking-Galar, F|100/100
|move|p2a: Raging Bolt|Dragon Pulse|p1a: Slowking
|-damage|p1a: Slowking|70/100
|
|upkeep
|turn|7
|
|t:|1759072853
|move|p2a: Raging Bolt|Volt Switch|p1a: Slowking
|-damage|p1a: Slowking|46/100
|
|t:|1759072858
|-end|p2a: Raging Bolt|Protosynthesis|[silent]
|switch|p2a: Great Tusk|Great Tusk|86/100|[from] Volt Switch
|move|p1a: Slowking|Sludge Bomb|p2a: Great Tusk
|-resisted|p2a: Great Tusk
|-damage|p2a: Great Tusk|59/100
|
|-heal|p2a: Great Tusk|65/100|[from] item: Leftovers
|upkeep
|turn|8
|
|t:|1759072866
|switch|p1a: Alomomola|Alomomola, M|98/100
|move|p2a: Great Tusk|Ice Spinner|p1a: Alomomola
|-resisted|p1a: Alomomola
|-damage|p1a: Alomomola|91/100
|
|-heal|p2a: Great Tusk|72/100|[from] item: Leftovers
|upkeep
|turn|9
|
|t:|1759072874
|-end|p2a: Great Tusk|Protosynthesis|[silent]
|switch|p2a: Raging Bolt|Raging Bolt|100/100
|move|p1a: Alomomola|Scald|p2a: Raging Bolt
|-resisted|p2a: Raging Bolt
|-damage|p2a: Raging Bolt|94/100
|
|upkeep
|turn|10
|
|t:|1759072884
|switch|p1a: Slowking|Slowking-Galar, F|79/100
|move|p2a: Raging Bolt|Dragon Pulse|p1a: Slowking
|-damage|p1a: Slowking|49/100
|
|upkeep
|turn|11
|
|t:|1759072892
|switch|p1a: Great Tusk|Great Tusk|100/100
|move|p2a: Raging Bolt|Dragon Pulse|p1a: Great Tusk
|-damage|p1a: Great Tusk|29/100
|
|upkeep
|turn|12
|
|t:|1759072900
|-end|p2a: Raging Bolt|Protosynthesis|[silent]
|switch|p2a: Moltres|Moltres, shiny|100/100
|move|p1a: Great Tusk|Stealth Rock|p2a: Moltres
|-sidestart|p2: Argentavis_Gaming|move: Stealth Rock
|
|upkeep
|turn|13
|
|t:|1759072906
|-end|p1a: Great Tusk|Protosynthesis|[silent]
|switch|p1a: Alomomola|Alomomola, M|100/100
|move|p2a: Moltres|Scorching Sands|p1a: Alomomola
|-damage|p1a: Alomomola|76/100
|-status|p1a: Alomomola|brn
|
|-damage|p1a: Alomomola|70/100 brn|[from] brn
|upkeep
|turn|14
|
|t:|1759072919
|move|p2a: Moltres|U-turn|p1a: Alomomola
|-damage|p1a: Alomomola|62/100 brn
|
|t:|1759072920
|switch|p2a: Raging Bolt|Raging Bolt|94/100|[from] U-turn
|move|p1a: Alomomola|Wish|p1a: Alomomola
|
|-damage|p1a: Alomomola|56/100 brn|[from] brn
|upkeep
|turn|15
|
|t:|1759072927
|switch|p1a: Slowking|Slowking-Galar, F|82/100
|move|p2a: Raging Bolt|Volt Switch|p1a: Slowking
|-damage|p1a: Slowking|59/100
|
|t:|1759072931
|-end|p2a: Raging Bolt|Protosynthesis|[silent]
|switch|p2a: Great Tusk|Great Tusk|72/100|[from] Volt Switch
|-damage|p2a: Great Tusk|69/100|[from] Stealth Rock
|
|-heal|p1a: Slowking|100/100|[from] move: Wish|[wisher] Alomomola
|-heal|p2a: Great Tusk|75/100|[from] item: Leftovers
|upkeep
|turn|16
|
|t:|1759072946
|switch|p1a: Alomomola|Alomomola, M|89/100 brn
|move|p2a: Great Tusk|Headlong Rush|p1a: Alomomola
|-damage|p1a: Alomomola|57/100 brn
|-unboost|p2a: Great Tusk|def|1
|-unboost|p2a: Great Tusk|spd|1
|
|-heal|p2a: Great Tusk|81/100|[from] item: Leftovers
|-damage|p1a: Alomomola|51/100 brn|[from] brn
|upkeep
|turn|17
|
|t:|1759072955
|move|p2a: Great Tusk|Rapid Spin|p1a: Alomomola
|-damage|p1a: Alomomola|42/100 brn
|-boost|p2a: Great Tusk|spe|1
|-sideend|p2: Argentavis_Gaming|Stealth Rock|[from] move: Rapid Spin|[of] p2a: Great Tusk
|move|p1a: Alomomola|Scald|p2a: Great Tusk
|-supereffective|p2a: Great Tusk
|-damage|p2a: Great Tusk|22/100
|
|-heal|p2a: Great Tusk|29/100|[from] item: Leftovers
|-damage|p1a: Alomomola|35/100 brn|[from] brn
|upkeep
|turn|18
|
|t:|1759072970
|-end|p2a: Great Tusk|Protosynthesis|[silent]
|switch|p2a: Rillaboom|Rillaboom, M|100/100
|-fieldstart|move: Grassy Terrain|[from] ability: Grassy Surge|[of] p2a: Rillaboom
|move|p1a: Alomomola|Wish|p1a: Alomomola
|
|-heal|p1a: Alomomola|42/100 brn|[from] Grassy Terrain
|-damage|p1a: Alomomola|35/100 brn|[from] brn
|upkeep
|turn|19
|
|t:|1759072979
|move|p1a: Alomomola|Protect|p1a: Alomomola
|-singleturn|p1a: Alomomola|Protect
|move|p2a: Rillaboom|Knock Off|p1a: Alomomola
|-activate|p1a: Alomomola|move: Protect
|
|-heal|p1a: Alomomola|85/100 brn|[from] move: Wish|[wisher] Alomomola
|-heal|p1a: Alomomola|92/100 brn|[from] Grassy Terrain
|-damage|p1a: Alomomola|85/100 brn|[from] brn
|upkeep
|turn|20
|
|t:|1759073021
|switch|p1a: Toucannon|Toucannon, M|100/100
|move|p2a: Rillaboom|Knock Off|p1a: Toucannon
|-crit|p1a: Toucannon
|-damage|p1a: Toucannon|0 fnt
|-enditem|p1a: Toucannon|Choice Band|[from] move: Knock Off|[of] p2a: Rillaboom
|faint|p1a: Toucannon
|
|upkeep
|
|t:|1759073032
|switch|p1a: Kingambit|Kingambit, F|100/100
|-activate|p1a: Kingambit|ability: Supreme Overlord
|-start|p1a: Kingambit|fallen1|[silent]
|turn|21
|
|t:|1759073036
|switch|p2a: Moltres|Moltres, shiny|100/100
|move|p1a: Kingambit|Swords Dance|p1a: Kingambit
|-boost|p1a: Kingambit|atk|2
|
|upkeep
|turn|22
|
|t:|1759073045
|-terastallize|p1a: Kingambit|Fire
|move|p2a: Moltres|Scorching Sands|p1a: Kingambit
|-supereffective|p1a: Kingambit
|-damage|p1a: Kingambit|52/100
|move|p1a: Kingambit|Kowtow Cleave|p2a: Moltres
|-damage|p2a: Moltres|18/100
|
|-heal|p1a: Kingambit|58/100|[from] Grassy Terrain
|-heal|p1a: Kingambit|64/100|[from] item: Leftovers
|-fieldend|move: Grassy Terrain
|upkeep
|turn|23
|
|t:|1759073056
|move|p1a: Kingambit|Sucker Punch|p2a: Moltres
|-damage|p2a: Moltres|0 fnt
|faint|p2a: Moltres
|
|-heal|p1a: Kingambit|70/100|[from] item: Leftovers
|upkeep
|
|t:|1759073058
|switch|p2a: Great Tusk|Great Tusk|29/100
|turn|24
|
|t:|1759073065
|move|p1a: Kingambit|Sucker Punch|p2a: Great Tusk
|-resisted|p2a: Great Tusk
|-damage|p2a: Great Tusk|0 fnt
|faint|p2a: Great Tusk
|-end|p2a: Great Tusk|Protosynthesis|[silent]
|
|-heal|p1a: Kingambit|76/100|[from] item: Leftovers
|upkeep
|
|t:|1759073073
|switch|p2a: Raging Bolt|Raging Bolt|94/100
|turn|25
|
|t:|1759073079
|move|p2a: Raging Bolt|Thunderclap|p1a: Kingambit
|-damage|p1a: Kingambit|28/100
|move|p1a: Kingambit|Kowtow Cleave|p2a: Raging Bolt
|-damage|p2a: Raging Bolt|0 fnt
|faint|p2a: Raging Bolt
|-end|p2a: Raging Bolt|Protosynthesis|[silent]
|
|-heal|p1a: Kingambit|34/100|[from] item: Leftovers
|upkeep
|
|t:|1759073083
|switch|p2a: Rillaboom|Rillaboom, M|100/100
|-fieldstart|move: Grassy Terrain|[from] ability: Grassy Surge|[of] p2a: Rillaboom
|turn|26
|
|t:|1759073092
|-terastallize|p2a: Rillaboom|Grass
|move|p2a: Rillaboom|Grassy Glide|p1a: Kingambit
|-resisted|p1a: Kingambit
|-damage|p1a: Kingambit|3/100
|move|p1a: Kingambit|Sucker Punch||[still]
|-fail|p1a: Kingambit
|
|-heal|p1a: Kingambit|9/100|[from] Grassy Terrain
|-heal|p1a: Kingambit|15/100|[from] item: Leftovers
|upkeep
|turn|27
|
|t:|1759073116
|-end|p1a: Kingambit|fallen1|[silent]
|switch|p1a: Slowking|Slowking-Galar, F|100/100
|move|p2a: Rillaboom|Grassy Glide|p1a: Slowking
|-resisted|p1a: Slowking
|-damage|p1a: Slowking|59/100
|
|-heal|p1a: Slowking|65/100|[from] Grassy Terrain
|upkeep
|turn|28
|
|t:|1759073126
|switch|p2a: Latias|Latias, F, shiny|100/100
|move|p1a: Slowking|Thunder Wave|p2a: Latias|[miss]
|-miss|p1a: Slowking|p2a: Latias
|
|-heal|p1a: Slowking|71/100|[from] Grassy Terrain
|upkeep
|turn|29
|inactive|Battle timer is ON: inactive players will automatically lose when time's up. (requested by Natole)
|
|t:|1759073136
|move|p2a: Latias|Calm Mind|p2a: Latias
|-boost|p2a: Latias|spa|1
|-boost|p2a: Latias|spd|1
|move|p1a: Slowking|Thunder Wave|p2a: Latias
|-status|p2a: Latias|par
|
|-heal|p1a: Slowking|77/100|[from] Grassy Terrain
|upkeep
|turn|30
|
|t:|1759073146
|move|p2a: Latias|Calm Mind|p2a: Latias
|-boost|p2a: Latias|spa|1
|-boost|p2a: Latias|spd|1
|-prepare|p1a: Slowking|Chilly Reception|[premajor]
|move|p1a: Slowking|Chilly Reception|p1a: Slowking
|-weather|Snowscape
|
|t:|1759073153
|switch|p1a: Kingambit|Kingambit, F, tera:Fire|15/100|[from] Chilly Reception
|-activate|p1a: Kingambit|ability: Supreme Overlord
|-start|p1a: Kingambit|fallen1|[silent]
|
|-weather|Snowscape|[upkeep]
|-heal|p1a: Kingambit|21/100|[from] Grassy Terrain
|-heal|p1a: Kingambit|27/100|[from] item: Leftovers
|-fieldend|move: Grassy Terrain
|upkeep
|turn|31
|
|t:|1759073162
|move|p1a: Kingambit|Kowtow Cleave|p2a: Latias
|-supereffective|p2a: Latias
|-damage|p2a: Latias|5/100 par
|-enditem|p2a: Latias|Weakness Policy
|-boost|p2a: Latias|atk|2|[from] item: Weakness Policy
|-boost|p2a: Latias|spa|2|[from] item: Weakness Policy
|move|p2a: Latias|Stored Power|p1a: Kingambit
|-damage|p1a: Kingambit|0 fnt
|faint|p1a: Kingambit
|-end|p1a: Kingambit|fallen1|[silent]
|
|-weather|Snowscape|[upkeep]
|upkeep
|-message|Argentavis_Gaming forfeited.
|
|win|Natole
|raw|Natole's rating: 1426 &rarr; <strong>1451</strong><br />(+25 for winning)
|raw|Argentavis_Gaming's rating: 1506 &rarr; <strong>1481</strong><br />(-25 for losing)
|l|☆Argentavis_Gaming
|player|p2|
