|j|☆missingyat
|j|☆nicerioknight
|t:|1759070432
|gametype|singles
|player|p1|missingyat|clerk|1139
|player|p2|nicerioknight|169|1259
|gen|9
|tier|[Gen 9] OU
|rated|
|rule|HP Percentage Mod: HP is shown in percentages
|rule|Endless Battle Clause: Forcing endless battles is banned
|rule|Species Clause: Limit one of each Pokémon
|rule|OHKO Clause: OHKO moves are banned
|rule|Evasion Items Clause: Evasion items are banned
|rule|Evasion Moves Clause: Evasion moves are banned
|rule|Evasion Abilities Clause: Evasion abilities are banned
|rule|Sleep Moves Clause: Sleep-inducing moves are banned
|clearpoke
|poke|p1|Komala, F|
|poke|p1|Granbull, F|
|poke|p1|Oricorio-Sensu, M|
|poke|p1|Quaquaval, M|
|poke|p1|Galvantula, F|
|poke|p1|Heracross, M|
|poke|p2|Corviknight, M|
|poke|p2|Alomomola, F|
|poke|p2|Blissey, F|
|poke|p2|Deoxys-Speed|
|poke|p2|Scizor, F|
|poke|p2|Garganacl, F|
|teampreview
|inactive|Battle timer is ON: inactive players will automatically lose when time's up. (requested by nicerioknight)
|l|☆nicerioknight
|inactive|nicerioknight disconnected and has a minute to reconnect!
|player|p2|
|inactive|missingyat has 120 seconds left.
|j|☆nicerioknight
|inactive|nicerioknight reconnected.
|player|p2|nicerioknight|169|
|l|☆nicerioknight
|inactive|nicerioknight disconnected and has a minute to reconnect!
|player|p2|
|
|t:|1759070503
|teamsize|p1|6
|teamsize|p2|6
|start
|switch|p1a: Oricorio|Oricorio-Sensu, M, shiny|100/100
|switch|p2a: Deoxys|Deoxys-Speed|100/100
|-ability|p2a: Deoxys|Pressure
|turn|1
|j|☆nicerioknight
|inactive|nicerioknight reconnected and has 140 seconds left.
|player|p2|nicerioknight|169|
|
|t:|1759070518
|move|p2a: Deoxys|Psycho Boost|p1a: Oricorio
|-damage|p1a: Oricorio|28/100
|-unboost|p2a: Deoxys|spa|2
|-enditem|p2a: Deoxys|Eject Pack
|
|t:|1759070523
|switch|p2a: Blissey|Blissey, F|100/100
|move|p1a: Oricorio|Quiver Dance|p1a: Oricorio
|-boost|p1a: Oricorio|spa|1
|-boost|p1a: Oricorio|spd|1
|-boost|p1a: Oricorio|spe|1
|
|upkeep
|turn|2
|
|t:|1759070528
|move|p1a: Oricorio|Air Slash|p2a: Blissey
|-damage|p2a: Blissey|80/100
|cant|p2a: Blissey|flinch
|
|-heal|p2a: Blissey|86/100|[from] item: Leftovers
|upkeep
|turn|3
|
|t:|1759070537
|move|p1a: Oricorio|Air Slash|p2a: Blissey
|-damage|p2a: Blissey|66/100
|move|p2a: Blissey|Shadow Ball|p1a: Oricorio
|-supereffective|p1a: Oricorio
|-damage|p1a: Oricorio|0 fnt
|faint|p1a: Oricorio
|
|-heal|p2a: Blissey|72/100|[from] item: Leftovers
|upkeep
|
|t:|1759070551
|switch|p1a: Galvantula|Galvantula, F|100/100
|turn|4
|
|t:|1759070555
|move|p1a: Galvantula|Volt Switch|p2a: Blissey
|-damage|p2a: Blissey|56/100
|
|t:|1759070563
|switch|p1a: Slizzy|Komala, F, shiny|100/100|[from] Volt Switch
|-ability|p1a: Slizzy|Comatose
|move|p2a: Blissey|Seismic Toss|p1a: Slizzy
|-damage|p1a: Slizzy|64/100
|
|-heal|p2a: Blissey|62/100|[from] item: Leftovers
|upkeep
|turn|5
|
|t:|1759070571
|switch|p2a: Alomomola|Alomomola, F, shiny|100/100
|move|p1a: Slizzy|Body Slam|p2a: Alomomola
|-damage|p2a: Alomomola|78/100
|-status|p2a: Alomomola|par
|
|upkeep
|turn|6
|
|t:|1759070583
|switch|p1a: Galvantula|Galvantula, F|100/100
|cant|p2a: Alomomola|par
|
|upkeep
|turn|7
|
|t:|1759070590
|move|p1a: Galvantula|Volt Switch|p2a: Alomomola
|-supereffective|p2a: Alomomola
|-damage|p2a: Alomomola|0 fnt
|faint|p2a: Alomomola
|
|t:|1759070598
|switch|p1a: Granbull|Granbull, F|100/100|[from] Volt Switch
|
|upkeep
|c|☆nicerioknight|Mb
|c|☆nicerioknight|I assumed you would do something else
|
|t:|1759070612
|switch|p2a: Garganacl|Garganacl, F, shiny|100/100
|turn|8
|
|t:|1759070616
|move|p1a: Granbull|Earthquake|p2a: Garganacl
|-supereffective|p2a: Garganacl
|-damage|p2a: Garganacl|69/100
|move|p2a: Garganacl|Curse|p2a: Garganacl
|-unboost|p2a: Garganacl|spe|1
|-boost|p2a: Garganacl|atk|1
|-boost|p2a: Garganacl|def|1
|
|-heal|p2a: Garganacl|75/100|[from] item: Leftovers
|upkeep
|turn|9
|
|t:|1759070631
|switch|p1a: Galvantula|Galvantula, F|100/100
|move|p2a: Garganacl|Curse|p2a: Garganacl
|-unboost|p2a: Garganacl|spe|1
|-boost|p2a: Garganacl|atk|1
|-boost|p2a: Garganacl|def|1
|
|-heal|p2a: Garganacl|82/100|[from] item: Leftovers
|upkeep
|turn|10
|
|t:|1759070634
|move|p1a: Galvantula|Energy Ball|p2a: Garganacl
|-supereffective|p2a: Garganacl
|-damage|p2a: Garganacl|10/100
|move|p2a: Garganacl|Salt Cure|p1a: Galvantula
|-supereffective|p1a: Galvantula
|-damage|p1a: Galvantula|0 fnt
|faint|p1a: Galvantula
|
|-heal|p2a: Garganacl|16/100|[from] item: Leftovers
|upkeep
|
|t:|1759070643
|switch|p1a: Slizzy|Komala, F, shiny|64/100
|-ability|p1a: Slizzy|Comatose
|turn|11
|
|t:|1759070649
|move|p1a: Slizzy|Earthquake|p2a: Garganacl
|-supereffective|p2a: Garganacl
|-damage|p2a: Garganacl|1/100
|move|p2a: Garganacl|Recover|p2a: Garganacl
|-heal|p2a: Garganacl|51/100
|
|-heal|p2a: Garganacl|57/100|[from] item: Leftovers
|upkeep
|turn|12
|c|☆missingyat|lol
|
|t:|1759070662
|move|p1a: Slizzy|Earthquake|p2a: Garganacl
|-supereffective|p2a: Garganacl
|-damage|p2a: Garganacl|40/100
|move|p2a: Garganacl|Recover|p2a: Garganacl
|-heal|p2a: Garganacl|90/100
|
|-heal|p2a: Garganacl|96/100|[from] item: Leftovers
|upkeep
|turn|13
|c|☆missingyat|u got it
|-message|missingyat forfeited.
|
|win|nicerioknight
|raw|missingyat's rating: 1139 &rarr; <strong>1122</strong><br />(-17 for losing)
|raw|nicerioknight's rating: 1259 &rarr; <strong>1276</strong><br />(+17 for winning)
|l|☆missingyat
|player|p1|
|l|☆nicerioknight
|player|p2|
