|j|☆LaFlareDaGOD
|j|‽mantikarp2.0
|t:|1758918033
|gametype|singles
|player|p1|LaFlareDaGOD|iris-gen5bw2|1520
|player|p2|mantikarp2.0|medium|1585
|gen|9
|tier|[Gen 9] OU
|rated|
|rule|HP Percentage Mod: HP is shown in percentages
|rule|Endless Battle Clause: Forcing endless battles is banned
|rule|Species Clause: Limit one of each Pokémon
|rule|OHKO Clause: OHKO moves are banned
|rule|Evasion Items Clause: Evasion items are banned
|rule|Evasion Moves Clause: Evasion moves are banned
|rule|Evasion Abilities Clause: Evasion abilities are banned
|rule|Sleep Moves Clause: Sleep-inducing moves are banned
|clearpoke
|poke|p1|Garchomp, M|
|poke|p1|Iron Valiant|
|poke|p1|Glimmora, F|
|poke|p1|Gholdengo|
|poke|p1|Meowscarada, F|
|poke|p1|Raikou|
|poke|p2|Garchomp, F|
|poke|p2|Tinkaton, F|
|poke|p2|Hydrapple, F|
|poke|p2|Maushold-Four|
|poke|p2|Moltres|
|poke|p2|Okidogi, M|
|teampreview
|inactive|Battle timer is ON: inactive players will automatically lose when time's up. (requested by mantikarp2.0)
|
|t:|1758918058
|teamsize|p1|6
|teamsize|p2|6
|start
|switch|p1a: Raikou|Raikou|100/100
|switch|p2a: Tinkaton|Tinkaton, F|100/100
|-ability|p1a: Raikou|Pressure
|-ability|p2a: Tinkaton|Mold Breaker
|turn|1
|inactive|mantikarp2.0 has 120 seconds left.
|inactive|mantikarp2.0 has 90 seconds left.
|inactive|mantikarp2.0 has 60 seconds left.
|
|t:|1758918152
|move|p1a: Raikou|Calm Mind|p1a: Raikou
|-boost|p1a: Raikou|spa|1
|-boost|p1a: Raikou|spd|1
|move|p2a: Tinkaton|Stealth Rock|p1a: Raikou
|-sidestart|p1: LaFlareDaGOD|move: Stealth Rock
|
|upkeep
|turn|2
|
|t:|1758918158
|move|p1a: Raikou|Thunderbolt|p2a: Tinkaton
|-damage|p2a: Tinkaton|55/100
|move|p2a: Tinkaton|Encore|p1a: Raikou
|-start|p1a: Raikou|Encore
|
|-heal|p2a: Tinkaton|61/100|[from] item: Leftovers
|upkeep
|turn|3
|
|t:|1758918167
|switch|p2a: Garchomp|Garchomp, F|100/100
|move|p1a: Raikou|Thunderbolt|p2a: Garchomp
|-immune|p2a: Garchomp
|
|upkeep
|turn|4
|
|t:|1758918176
|switch|p1a: Meowscarada|Meowscarada, F, shiny|100/100
|-damage|p1a: Meowscarada|88/100|[from] Stealth Rock
|move|p2a: Garchomp|Earthquake|p1a: Meowscarada
|-resisted|p1a: Meowscarada
|-damage|p1a: Meowscarada|45/100
|
|upkeep
|turn|5
|inactive|mantikarp2.0 has 90 seconds left.
|
|t:|1758918185
|switch|p2a: Moltres|Moltres|100/100
|move|p1a: Meowscarada|Knock Off|p2a: Moltres
|-start|p1a: Meowscarada|typechange|Dark|[from] ability: Protean
|-damage|p2a: Moltres|57/100
|-enditem|p2a: Moltres|Heavy-Duty Boots|[from] move: Knock Off|[of] p1a: Meowscarada
|
|upkeep
|turn|6
|
|t:|1758918194
|switch|p1a: Glimmora|Glimmora, F|100/100
|-damage|p1a: Glimmora|88/100|[from] Stealth Rock
|move|p2a: Moltres|Roost|p2a: Moltres
|-heal|p2a: Moltres|100/100
|-singleturn|p2a: Moltres|move: Roost
|
|upkeep
|turn|7
|
|t:|1758918203
|switch|p2a: Tinkaton|Tinkaton, F|61/100
|-ability|p2a: Tinkaton|Mold Breaker
|move|p1a: Glimmora|Stealth Rock|p2a: Tinkaton
|-sidestart|p2: mantikarp2.0|move: Stealth Rock
|
|-heal|p2a: Tinkaton|67/100|[from] item: Leftovers
|upkeep
|turn|8
|
|t:|1758918211
|switch|p1a: Gholdengo|Gholdengo, shiny|100/100
|-damage|p1a: Gholdengo|94/100|[from] Stealth Rock
|move|p2a: Tinkaton|Gigaton Hammer|p1a: Gholdengo
|-resisted|p1a: Gholdengo
|-damage|p1a: Gholdengo|72/100
|
|-heal|p2a: Tinkaton|73/100|[from] item: Leftovers
|upkeep
|turn|9
|
|t:|1758918221
|move|p1a: Gholdengo|Shadow Ball|p2a: Tinkaton
|-damage|p2a: Tinkaton|41/100
|move|p2a: Tinkaton|Knock Off|p1a: Gholdengo
|-supereffective|p1a: Gholdengo
|-damage|p1a: Gholdengo|30/100
|-enditem|p1a: Gholdengo|Assault Vest|[from] move: Knock Off|[of] p2a: Tinkaton
|
|-heal|p2a: Tinkaton|47/100|[from] item: Leftovers
|upkeep
|turn|10
|inactive|mantikarp2.0 has 120 seconds left.
|
|t:|1758918231
|move|p1a: Gholdengo|Make It Rain|p2a: Tinkaton
|-damage|p2a: Tinkaton|0 fnt
|-unboost|p1a: Gholdengo|spa|1
|faint|p2a: Tinkaton
|
|upkeep
|inactive|mantikarp2.0 has 120 seconds left.
|
|t:|1758918239
|switch|p2a: Garchomp|Garchomp, F|100/100
|-damage|p2a: Garchomp|94/100|[from] Stealth Rock
|turn|11
|j| Nikator98
|
|t:|1758918246
|move|p2a: Garchomp|Earthquake|p1a: Gholdengo
|-supereffective|p1a: Gholdengo
|-damage|p1a: Gholdengo|0 fnt
|faint|p1a: Gholdengo
|
|-heal|p2a: Garchomp|100/100|[from] item: Leftovers
|upkeep
|
|t:|1758918268
|switch|p1a: Garchomp|Garchomp, M, shiny|100/100
|-damage|p1a: Garchomp|94/100|[from] Stealth Rock
|turn|12
|inactive|mantikarp2.0 has 120 seconds left.
|
|t:|1758918317
|move|p1a: Garchomp|Scale Shot|p2a: Garchomp
|-supereffective|p2a: Garchomp
|-damage|p2a: Garchomp|74/100
|-supereffective|p2a: Garchomp
|-damage|p2a: Garchomp|48/100
|-supereffective|p2a: Garchomp
|-damage|p2a: Garchomp|23/100
|-supereffective|p2a: Garchomp
|-damage|p2a: Garchomp|0 fnt
|faint|p2a: Garchomp
|-hitcount|p2: Garchomp|4
|-unboost|p1a: Garchomp|def|1
|-boost|p1a: Garchomp|spe|1
|
|upkeep
|
|t:|1758918324
|switch|p2a: Okidogi|Okidogi, M|100/100
|-damage|p2a: Okidogi|94/100|[from] Stealth Rock
|turn|13
|
|t:|1758918334
|switch|p1a: Glimmora|Glimmora, F|88/100
|-damage|p1a: Glimmora|76/100|[from] Stealth Rock
|-terastallize|p2a: Okidogi|Ice
|move|p2a: Okidogi|Ice Punch|p1a: Glimmora
|-damage|p1a: Glimmora|49/100
|-activate|p1a: Glimmora|ability: Toxic Debris
|-sidestart|p2: mantikarp2.0|move: Toxic Spikes
|-enditem|p1a: Glimmora|Red Card|[of] p2a: Okidogi
|-activate|p2a: Okidogi|ability: Guard Dog
|
|-heal|p2a: Okidogi|100/100|[from] item: Leftovers
|upkeep
|turn|14
|l| Nikator98
|
|t:|1758918353
|move|p2a: Okidogi|Drain Punch|p1a: Glimmora
|-crit|p1a: Glimmora
|-damage|p1a: Glimmora|7/100
|-activate|p1a: Glimmora|ability: Toxic Debris
|-sidestart|p2: mantikarp2.0|move: Toxic Spikes
|move|p1a: Glimmora|Power Gem|p2a: Okidogi
|-supereffective|p2a: Okidogi
|-damage|p2a: Okidogi|37/100
|
|-heal|p2a: Okidogi|43/100|[from] item: Leftovers
|upkeep
|turn|15
|
|t:|1758918372
|move|p2a: Okidogi|Drain Punch|p1a: Glimmora
|-damage|p1a: Glimmora|0 fnt
|-heal|p2a: Okidogi|46/100|[from] drain|[of] p1a: Glimmora
|faint|p1a: Glimmora
|
|-heal|p2a: Okidogi|52/100|[from] item: Leftovers
|upkeep
|inactive|LaFlareDaGOD has 120 seconds left.
|
|t:|1758918406
|switch|p1a: Iron Valiant|Iron Valiant, shiny|100/100
|-damage|p1a: Iron Valiant|94/100|[from] Stealth Rock
|-enditem|p1a: Iron Valiant|Booster Energy
|-activate|p1a: Iron Valiant|ability: Quark Drive|[fromitem]
|-start|p1a: Iron Valiant|quarkdrivespe
|turn|16
|inactive|mantikarp2.0 has 90 seconds left.
|
|t:|1758918438
|move|p1a: Iron Valiant|Close Combat|p2a: Okidogi
|-supereffective|p2a: Okidogi
|-damage|p2a: Okidogi|0 fnt
|-unboost|p1a: Iron Valiant|def|1
|-unboost|p1a: Iron Valiant|spd|1
|faint|p2a: Okidogi
|
|upkeep
|
|t:|1758918440
|switch|p2a: Moltres|Moltres|100/100
|-damage|p2a: Moltres|50/100|[from] Stealth Rock
|turn|17
|inactive|LaFlareDaGOD has 120 seconds left.
|
|t:|1758918456
|-end|p1a: Iron Valiant|Quark Drive|[silent]
|switch|p1a: Raikou|Raikou|100/100
|-damage|p1a: Raikou|88/100|[from] Stealth Rock
|-ability|p1a: Raikou|Pressure
|move|p2a: Moltres|Fire Blast|p1a: Raikou|[miss]
|-miss|p2a: Moltres|p1a: Raikou
|
|-heal|p1a: Raikou|94/100|[from] item: Leftovers
|upkeep
|turn|18
|-message|mantikarp2.0 forfeited.
|
|win|LaFlareDaGOD
|raw|LaFlareDaGOD's rating: 1520 &rarr; <strong>1544</strong><br />(+24 for winning)
|raw|mantikarp2.0's rating: 1585 &rarr; <strong>1561</strong><br />(-24 for losing)
|l|‽mantikarp2.0
|player|p2|
|l|☆LaFlareDaGOD
|player|p1|
