|j|☆Lezhaper
|j|☆dwightsrevenge
|t:|1759068020
|gametype|singles
|player|p1|Lezhaper|rocketgruntf|1072
|player|p2|dwightsrevenge|169|1079
|gen|9
|tier|[Gen 9] OU
|rated|
|rule|HP Percentage Mod: HP is shown in percentages
|rule|Endless Battle Clause: Forcing endless battles is banned
|rule|Species Clause: Limit one of each Pokémon
|rule|OHKO Clause: OHKO moves are banned
|rule|Evasion Items Clause: Evasion items are banned
|rule|Evasion Moves Clause: Evasion moves are banned
|rule|Evasion Abilities Clause: Evasion abilities are banned
|rule|Sleep Moves Clause: Sleep-inducing moves are banned
|clearpoke
|poke|p1|Garganacl, M|
|poke|p1|Scyther, F|
|poke|p1|Gengar, F|
|poke|p1|Great Tusk|
|poke|p1|Bisharp, F|
|poke|p1|Walking Wake|
|poke|p2|Arcanine, M|
|poke|p2|Hitmonchan, M|
|poke|p2|Scyther, M|
|poke|p2|Lapras, F|
|poke|p2|Dragonite, M|
|poke|p2|Clefable, F|
|teampreview
|inactive|Battle timer is ON: inactive players will automatically lose when time's up. (requested by dwightsrevenge)
|
|t:|1759068032
|teamsize|p1|6
|teamsize|p2|6
|start
|switch|p1a: Gengar|Gengar, F|100/100
|switch|p2a: Hitmonchan|Hitmonchan, M|100/100
|turn|1
|
|t:|1759068050
|switch|p1a: Scyther|Scyther, F|100/100
|move|p2a: Hitmonchan|Knock Off|p1a: Scyther
|-damage|p1a: Scyther|67/100
|-enditem|p1a: Scyther|Eviolite|[from] move: Knock Off|[of] p2a: Hitmonchan
|
|upkeep
|turn|2
|
|t:|1759068056
|switch|p2a: Arcanine|Arcanine, M|100/100
|-ability|p2a: Arcanine|Intimidate|boost
|-unboost|p1a: Scyther|atk|1
|move|p1a: Scyther|Dual Wingbeat|p2a: Arcanine
|-damage|p2a: Arcanine|85/100
|-damage|p1a: Scyther|50/100|[from] item: Rocky Helmet|[of] p2a: Arcanine
|-damage|p2a: Arcanine|71/100
|-damage|p1a: Scyther|34/100|[from] item: Rocky Helmet|[of] p2a: Arcanine
|-hitcount|p2a: Arcanine|2
|
|upkeep
|turn|3
|
|t:|1759068085
|switch|p1a: Walking Wake|Walking Wake|100/100
|-enditem|p1a: Walking Wake|Booster Energy
|-activate|p1a: Walking Wake|ability: Protosynthesis|[fromitem]
|-start|p1a: Walking Wake|protosynthesisspa
|move|p2a: Arcanine|Will-O-Wisp|p1a: Walking Wake
|-status|p1a: Walking Wake|brn
|
|-damage|p1a: Walking Wake|94/100 brn|[from] brn
|upkeep
|turn|4
|
|t:|1759068095
|switch|p2a: Lapras|Lapras, F|100/100
|move|p1a: Walking Wake|Agility|p1a: Walking Wake
|-boost|p1a: Walking Wake|spe|2
|
|-damage|p1a: Walking Wake|88/100 brn|[from] brn
|upkeep
|turn|5
|
|t:|1759068102
|move|p1a: Walking Wake|Dragon Pulse|p2a: Lapras
|-damage|p2a: Lapras|56/100
|move|p2a: Lapras|Freeze-Dry|p1a: Walking Wake
|-supereffective|p1a: Walking Wake
|-damage|p1a: Walking Wake|0 fnt
|faint|p1a: Walking Wake
|-end|p1a: Walking Wake|Protosynthesis|[silent]
|
|upkeep
|
|t:|1759068111
|switch|p1a: Great Tusk|Great Tusk|100/100
|-enditem|p1a: Great Tusk|Booster Energy
|-activate|p1a: Great Tusk|ability: Protosynthesis|[fromitem]
|-start|p1a: Great Tusk|protosynthesisatk
|turn|6
|
|t:|1759068115
|switch|p2a: Arcanine|Arcanine, M|71/100
|-ability|p2a: Arcanine|Intimidate|boost
|-unboost|p1a: Great Tusk|atk|1
|move|p1a: Great Tusk|Supercell Slam|p2a: Arcanine
|-damage|p2a: Arcanine|49/100
|-damage|p1a: Great Tusk|84/100|[from] item: Rocky Helmet|[of] p2a: Arcanine
|
|upkeep
|turn|7
|
|t:|1759068130
|-end|p1a: Great Tusk|Protosynthesis|[silent]
|switch|p1a: Garganacl|Garganacl, M|100/100
|move|p2a: Arcanine|Morning Sun|p2a: Arcanine
|-heal|p2a: Arcanine|98/100
|
|upkeep
|turn|8
|
|t:|1759068136
|switch|p2a: Clefable|Clefable, F|100/100
|move|p1a: Garganacl|Stealth Rock|p2a: Clefable
|-sidestart|p2: dwightsrevenge|move: Stealth Rock
|
|upkeep
|turn|9
|
|t:|1759068141
|move|p2a: Clefable|Calm Mind|p2a: Clefable
|-boost|p2a: Clefable|spa|1
|-boost|p2a: Clefable|spd|1
|move|p1a: Garganacl|Salt Cure|p2a: Clefable
|-damage|p2a: Clefable|81/100
|-start|p2a: Clefable|Salt Cure
|
|-heal|p2a: Clefable|88/100|[from] item: Leftovers
|upkeep
|turn|10
|
|t:|1759068149
|move|p2a: Clefable|Calm Mind|p2a: Clefable
|-boost|p2a: Clefable|spa|1
|-boost|p2a: Clefable|spd|1
|move|p1a: Garganacl|Salt Cure|p2a: Clefable
|-damage|p2a: Clefable|69/100
|
|-heal|p2a: Clefable|75/100|[from] item: Leftovers
|upkeep
|turn|11
|
|t:|1759068170
|switch|p1a: Scyther|Scyther, F|34/100
|move|p2a: Clefable|Moonblast|p1a: Scyther
|-damage|p1a: Scyther|0 fnt
|faint|p1a: Scyther
|
|-heal|p2a: Clefable|81/100|[from] item: Leftovers
|upkeep
|
|t:|1759068174
|switch|p1a: Gengar|Gengar, F|100/100
|turn|12
|inactive|dwightsrevenge has 120 seconds left.
|
|t:|1759068214
|move|p1a: Gengar|Sludge Bomb|p2a: Clefable
|-supereffective|p2a: Clefable
|-damage|p2a: Clefable|44/100
|move|p2a: Clefable|Moonblast|p1a: Gengar
|-resisted|p1a: Gengar
|-damage|p1a: Gengar|46/100
|-unboost|p1a: Gengar|spa|1
|
|-heal|p1a: Gengar|53/100|[from] item: Black Sludge
|-heal|p2a: Clefable|50/100|[from] item: Leftovers
|upkeep
|turn|13
|
|t:|1759068224
|move|p1a: Gengar|Sludge Bomb|p2a: Clefable
|-supereffective|p2a: Clefable
|-damage|p2a: Clefable|25/100
|move|p2a: Clefable|Moonlight|p2a: Clefable
|-heal|p2a: Clefable|75/100
|
|-heal|p1a: Gengar|59/100|[from] item: Black Sludge
|-heal|p2a: Clefable|81/100|[from] item: Leftovers
|upkeep
|turn|14
|inactive|dwightsrevenge has 120 seconds left.
|
|t:|1759068232
|move|p1a: Gengar|Sludge Bomb|p2a: Clefable
|-supereffective|p2a: Clefable
|-damage|p2a: Clefable|55/100
|move|p2a: Clefable|Ice Beam|p1a: Gengar
|-damage|p1a: Gengar|0 fnt
|faint|p1a: Gengar
|
|-heal|p2a: Clefable|61/100|[from] item: Leftovers
|upkeep
|
|t:|1759068248
|switch|p1a: Great Tusk|Great Tusk|84/100
|turn|15
|
|t:|1759068252
|move|p1a: Great Tusk|Head Smash|p2a: Clefable|[miss]
|-miss|p1a: Great Tusk|p2a: Clefable
|move|p2a: Clefable|Moonblast|p1a: Great Tusk
|-supereffective|p1a: Great Tusk
|-damage|p1a: Great Tusk|0 fnt
|faint|p1a: Great Tusk
|-end|p1a: Great Tusk|Protosynthesis|[silent]
|
|-heal|p2a: Clefable|67/100|[from] item: Leftovers
|upkeep
|-message|Lezhaper forfeited.
|
|win|dwightsrevenge
|raw|Lezhaper's rating: 1072 &rarr; <strong>1052</strong><br />(-20 for losing)
|raw|dwightsrevenge's rating: 1079 &rarr; <strong>1107</strong><br />(+28 for winning)
|l|☆Lezhaper
|player|p1|
|l|☆dwightsrevenge
|player|p2|
