|j|☆123ebolaman
|j|‽Tsaun
|t:|1758975965
|gametype|singles
|player|p1|123ebolaman|blackbelt-gen4dp|1410
|player|p2|Tsaun|101|1352
|gen|9
|tier|[Gen 9] OU
|rated|
|rule|HP Percentage Mod: HP is shown in percentages
|rule|Endless Battle Clause: Forcing endless battles is banned
|rule|Species Clause: Limit one of each Pokémon
|rule|OHKO Clause: OHKO moves are banned
|rule|Evasion Items Clause: Evasion items are banned
|rule|Evasion Moves Clause: Evasion moves are banned
|rule|Evasion Abilities Clause: Evasion abilities are banned
|rule|Sleep Moves Clause: Sleep-inducing moves are banned
|clearpoke
|poke|p1|Ceruledge, F|
|poke|p1|Araquanid, M|
|poke|p1|Gholdengo|
|poke|p1|Great Tusk|
|poke|p1|Enamorus, F|
|poke|p1|Ursaluna, F|
|poke|p2|Ceruledge, F|
|poke|p2|Iron Crown|
|poke|p2|Slowking-Galar, M|
|poke|p2|Great Tusk|
|poke|p2|Dragapult, M|
|poke|p2|Cloyster, M|
|teampreview
|
|t:|1758975981
|teamsize|p1|6
|teamsize|p2|6
|start
|switch|p1a: Araquanid|Araquanid, M|100/100
|switch|p2a: Dragapult|Dragapult, M|100/100
|turn|1
|inactive|Battle timer is ON: inactive players will automatically lose when time's up. (requested by 123ebolaman)
|
|t:|1758975986
|move|p2a: Dragapult|Dragon Darts|p1a: Araquanid
|-damage|p1a: Araquanid|59/100
|-anim|p2a: Dragapult|Dragon Darts|p1a: Araquanid
|-damage|p1a: Araquanid|24/100
|move|p1a: Araquanid|Sticky Web|p2a: Dragapult
|-sidestart|p2: Tsaun|move: Sticky Web
|
|upkeep
|turn|2
|-enditem|p1a: Araquanid|Custap Berry|[eat]
|-activate|p1a: Araquanid|item: Custap Berry|[consumed]
|
|t:|1758975993
|move|p1a: Araquanid|Endure|p1a: Araquanid
|-singleturn|p1a: Araquanid|move: Endure
|move|p2a: Dragapult|Dragon Darts|p1a: Araquanid
|-activate|p1a: Araquanid|move: Endure
|-damage|p1a: Araquanid|1/100
|-anim|p2a: Dragapult|Dragon Darts|p1a: Araquanid
|-activate|p1a: Araquanid|move: Endure
|-damage|p1a: Araquanid|1/100
|
|upkeep
|turn|3
|
|t:|1758976002
|move|p2a: Dragapult|Dragon Darts|p1a: Araquanid
|-damage|p1a: Araquanid|0 fnt
|faint|p1a: Araquanid
|
|upkeep
|
|t:|1758976006
|switch|p1a: Enamorus|Enamorus, F|100/100
|turn|4
|inactive|123ebolaman has 120 seconds left.
|
|t:|1758976050
|switch|p2a: Slowking|Slowking-Galar, M|100/100
|move|p1a: Enamorus|Moonblast|p2a: Slowking
|-resisted|p2a: Slowking
|-damage|p2a: Slowking|85/100
|-unboost|p2a: Slowking|spa|1
|
|upkeep
|turn|5
|inactive|123ebolaman has 120 seconds left.
|
|t:|1758976060
|switch|p1a: Gholdengo|Gholdengo|100/100
|move|p2a: Slowking|Thunder Wave|p1a: Gholdengo
|-immune|p1a: Gholdengo|[from] ability: Good as Gold
|
|upkeep
|turn|6
|
|t:|1758976066
|move|p1a: Gholdengo|Shadow Ball|p2a: Slowking
|-supereffective|p2a: Slowking
|-damage|p2a: Slowking|31/100
|-unboost|p2a: Slowking|spd|1
|-prepare|p2a: Slowking|Chilly Reception|[premajor]
|move|p2a: Slowking|Chilly Reception|p2a: Slowking
|-weather|Snowscape
|
|t:|1758976074
|switch|p2a: Ceruledge|Ceruledge, F|100/100|[from] Chilly Reception
|-activate|p2a: Ceruledge|move: Sticky Web
|-unboost|p2a: Ceruledge|spe|1
|
|-weather|Snowscape|[upkeep]
|upkeep
|turn|7
|
|t:|1758976086
|move|p2a: Ceruledge|Endure|p2a: Ceruledge
|-singleturn|p2a: Ceruledge|move: Endure
|move|p1a: Gholdengo|Shadow Ball|p2a: Ceruledge
|-supereffective|p2a: Ceruledge
|-activate|p2a: Ceruledge|move: Endure
|-damage|p2a: Ceruledge|1/100
|-enditem|p2a: Ceruledge|Weakness Policy
|-boost|p2a: Ceruledge|atk|2|[from] item: Weakness Policy
|-boost|p2a: Ceruledge|spa|2|[from] item: Weakness Policy
|
|-weather|Snowscape|[upkeep]
|upkeep
|turn|8
|
|t:|1758976099
|switch|p1a: Great Tusk|Great Tusk|100/100
|move|p2a: Ceruledge|Shadow Sneak|p1a: Great Tusk
|-damage|p1a: Great Tusk|81/100
|
|-weather|Snowscape|[upkeep]
|-heal|p1a: Great Tusk|87/100|[from] item: Leftovers
|upkeep
|turn|9
|
|t:|1758976107
|move|p2a: Ceruledge|Endure|p2a: Ceruledge
|-singleturn|p2a: Ceruledge|move: Endure
|move|p1a: Great Tusk|Knock Off|p2a: Ceruledge
|-supereffective|p2a: Ceruledge
|-activate|p2a: Ceruledge|move: Endure
|-damage|p2a: Ceruledge|1/100
|-ability|p2a: Ceruledge|Weak Armor|boost
|-unboost|p2a: Ceruledge|def|1
|-boost|p2a: Ceruledge|spe|2
|
|-weather|Snowscape|[upkeep]
|-heal|p1a: Great Tusk|94/100|[from] item: Leftovers
|upkeep
|turn|10
|
|t:|1758976117
|move|p2a: Ceruledge|Bitter Blade|p1a: Great Tusk
|-damage|p1a: Great Tusk|55/100
|-heal|p2a: Ceruledge|30/100|[from] drain|[of] p1a: Great Tusk
|move|p1a: Great Tusk|Knock Off|p2a: Ceruledge
|-supereffective|p2a: Ceruledge
|-damage|p2a: Ceruledge|0 fnt
|faint|p2a: Ceruledge
|
|-weather|none
|-heal|p1a: Great Tusk|61/100|[from] item: Leftovers
|upkeep
|
|t:|1758976123
|switch|p2a: Great Tusk|Great Tusk|100/100
|-activate|p2a: Great Tusk|move: Sticky Web
|-unboost|p2a: Great Tusk|spe|1
|turn|11
|
|t:|1758976130
|-end|p1a: Great Tusk|Protosynthesis|[silent]
|switch|p1a: Gholdengo|Gholdengo|100/100
|move|p2a: Great Tusk|Earthquake|p1a: Gholdengo
|-supereffective|p1a: Gholdengo
|-damage|p1a: Gholdengo|3/100
|
|-heal|p1a: Gholdengo|9/100|[from] item: Leftovers
|upkeep
|turn|12
|
|t:|1758976148
|-end|p2a: Great Tusk|Protosynthesis|[silent]
|switch|p2a: Slowking|Slowking-Galar, M|64/100
|-terastallize|p1a: Gholdengo|Steel
|move|p1a: Gholdengo|Make It Rain|p2a: Slowking
|-damage|p2a: Slowking|4/100
|-unboost|p1a: Gholdengo|spa|1
|
|-heal|p1a: Gholdengo|15/100|[from] item: Leftovers
|upkeep
|turn|13
|
|t:|1758976158
|switch|p2a: Dragapult|Dragapult, M|100/100
|-activate|p2a: Dragapult|move: Sticky Web
|-fail|p2a: Dragapult|unboost|[from] ability: Clear Body|[of] p2a: Dragapult
|move|p1a: Gholdengo|Make It Rain|p2a: Dragapult
|-damage|p2a: Dragapult|17/100
|-unboost|p1a: Gholdengo|spa|1
|
|-heal|p1a: Gholdengo|21/100|[from] item: Leftovers
|upkeep
|turn|14
|
|t:|1758976173
|switch|p1a: Great Tusk|Great Tusk|61/100
|move|p2a: Dragapult|Dragon Darts|p1a: Great Tusk
|-damage|p1a: Great Tusk|43/100
|-anim|p2a: Dragapult|Dragon Darts|p1a: Great Tusk
|-damage|p1a: Great Tusk|27/100
|
|-heal|p1a: Great Tusk|33/100|[from] item: Leftovers
|upkeep
|turn|15
|
|t:|1758976184
|switch|p2a: Great Tusk|Great Tusk|100/100
|-activate|p2a: Great Tusk|move: Sticky Web
|-unboost|p2a: Great Tusk|spe|1
|move|p1a: Great Tusk|Ice Spinner|p2a: Great Tusk
|-supereffective|p2a: Great Tusk
|-damage|p2a: Great Tusk|77/100
|-damage|p1a: Great Tusk|16/100|[from] item: Rocky Helmet|[of] p2a: Great Tusk
|
|-heal|p1a: Great Tusk|23/100|[from] item: Leftovers
|upkeep
|turn|16
|
|t:|1758976197
|-end|p1a: Great Tusk|Protosynthesis|[silent]
|switch|p1a: Enamorus|Enamorus, F|100/100
|move|p2a: Great Tusk|Rapid Spin|p1a: Enamorus
|-damage|p1a: Enamorus|78/100
|-boost|p2a: Great Tusk|spe|1
|-sideend|p2: Tsaun|Sticky Web|[from] move: Rapid Spin|[of] p2a: Great Tusk
|
|upkeep
|turn|17
|
|t:|1758976210
|-end|p2a: Great Tusk|Protosynthesis|[silent]
|switch|p2a: Dragapult|Dragapult, M|17/100
|move|p1a: Enamorus|Moonblast|p2a: Dragapult
|-supereffective|p2a: Dragapult
|-damage|p2a: Dragapult|0 fnt
|faint|p2a: Dragapult
|
|upkeep
|
|t:|1758976214
|switch|p2a: Iron Crown|Iron Crown|100/100
|-enditem|p2a: Iron Crown|Booster Energy
|-activate|p2a: Iron Crown|ability: Quark Drive|[fromitem]
|-start|p2a: Iron Crown|quarkdrivespe
|turn|18
|
|t:|1758976223
|switch|p1a: Great Tusk|Great Tusk|23/100
|move|p2a: Iron Crown|Calm Mind|p2a: Iron Crown
|-boost|p2a: Iron Crown|spa|1
|-boost|p2a: Iron Crown|spd|1
|
|-heal|p1a: Great Tusk|29/100|[from] item: Leftovers
|upkeep
|turn|19
|
|t:|1758976233
|move|p2a: Iron Crown|Stored Power|p1a: Great Tusk
|-supereffective|p1a: Great Tusk
|-damage|p1a: Great Tusk|0 fnt
|faint|p1a: Great Tusk
|-end|p1a: Great Tusk|Protosynthesis|[silent]
|
|upkeep
|
|t:|1758976238
|switch|p1a: Ceruledge|Ceruledge, F|100/100
|turn|20
|
|t:|1758976246
|-terastallize|p2a: Iron Crown|Fighting
|move|p2a: Iron Crown|Stored Power|p1a: Ceruledge
|-damage|p1a: Ceruledge|55/100
|move|p1a: Ceruledge|Poltergeist||[still]
|-fail|p1a: Ceruledge
|
|upkeep
|turn|21
|
|t:|1758976253
|move|p2a: Iron Crown|Calm Mind|p2a: Iron Crown
|-boost|p2a: Iron Crown|spa|1
|-boost|p2a: Iron Crown|spd|1
|move|p1a: Ceruledge|Bitter Blade|p2a: Iron Crown
|-damage|p2a: Iron Crown|45/100
|-heal|p1a: Ceruledge|87/100|[from] drain|[of] p2a: Iron Crown
|
|upkeep
|turn|22
|
|t:|1758976260
|move|p2a: Iron Crown|Stored Power|p1a: Ceruledge
|-damage|p1a: Ceruledge|0 fnt
|faint|p1a: Ceruledge
|
|upkeep
|
|t:|1758976268
|switch|p1a: Enamorus|Enamorus, F|78/100
|turn|23
|
|t:|1758976271
|move|p1a: Enamorus|Moonblast|p2a: Iron Crown
|-supereffective|p2a: Iron Crown
|-damage|p2a: Iron Crown|0 fnt
|faint|p2a: Iron Crown
|-end|p2a: Iron Crown|Quark Drive|[silent]
|
|upkeep
|
|t:|1758976276
|switch|p2a: Slowking|Slowking-Galar, M|37/100
|turn|24
|
|t:|1758976279
|switch|p1a: Gholdengo|Gholdengo, tera:Steel|21/100
|-prepare|p2a: Slowking|Chilly Reception|[premajor]
|move|p2a: Slowking|Chilly Reception|p2a: Slowking
|-weather|Snowscape
|
|t:|1758976285
|switch|p2a: Cloyster|Cloyster, M|100/100|[from] Chilly Reception
|
|-weather|Snowscape|[upkeep]
|-heal|p1a: Gholdengo|27/100|[from] item: Leftovers
|upkeep
|turn|25
|
|t:|1758976293
|move|p1a: Gholdengo|Make It Rain|p2a: Cloyster
|-damage|p2a: Cloyster|0 fnt
|-unboost|p1a: Gholdengo|spa|1
|faint|p2a: Cloyster
|
|-weather|Snowscape|[upkeep]
|-heal|p1a: Gholdengo|34/100|[from] item: Leftovers
|upkeep
|
|t:|1758976298
|switch|p2a: Great Tusk|Great Tusk|77/100
|turn|26
|
|t:|1758976303
|move|p1a: Gholdengo|Make It Rain|p2a: Great Tusk
|-damage|p2a: Great Tusk|0 fnt
|-unboost|p1a: Gholdengo|spa|1
|faint|p2a: Great Tusk
|-end|p2a: Great Tusk|Protosynthesis|[silent]
|
|-weather|Snowscape|[upkeep]
|-heal|p1a: Gholdengo|40/100|[from] item: Leftovers
|upkeep
|-message|Tsaun forfeited.
|
|win|123ebolaman
|raw|123ebolaman's rating: 1410 &rarr; <strong>1427</strong><br />(+17 for winning)
|raw|Tsaun's rating: 1352 &rarr; <strong>1335</strong><br />(-17 for losing)
|l|‽Tsaun
|player|p2|
|l|☆123ebolaman
|player|p1|
