|j|☆kuraiyagare
|j|☆Sleepcaking
|t:|1759064538
|gametype|singles
|player|p1|kuraiyagare|mars|1368
|player|p2|Sleepcaking|erika|1356
|gen|9
|tier|[Gen 9] OU
|rated|
|rule|HP Percentage Mod: HP is shown in percentages
|rule|Endless Battle Clause: Forcing endless battles is banned
|rule|Species Clause: Limit one of each Pokémon
|rule|OHKO Clause: OHKO moves are banned
|rule|Evasion Items Clause: Evasion items are banned
|rule|Evasion Moves Clause: Evasion moves are banned
|rule|Evasion Abilities Clause: Evasion abilities are banned
|rule|Sleep Moves Clause: Sleep-inducing moves are banned
|clearpoke
|poke|p1|Talonflame, M|
|poke|p1|Drifblim, M|
|poke|p1|Bastiodon, F|
|poke|p1|Lokix, F|
|poke|p1|Gardevoir, F|
|poke|p1|Haxorus, F|
|poke|p2|Torkoal, F|
|poke|p2|Raging Bolt|
|poke|p2|Walking Wake|
|poke|p2|Slither Wing|
|poke|p2|Hatterene, F|
|poke|p2|Lilligant-Hisui, F|
|teampreview
|
|t:|1759064554
|teamsize|p1|6
|teamsize|p2|6
|start
|switch|p1a: Haxorus|Haxorus, F|100/100
|switch|p2a: Torkoal|Torkoal, F, shiny|100/100
|-ability|p1a: Haxorus|Mold Breaker
|-weather|SunnyDay|[from] ability: Drought|[of] p2a: Torkoal
|turn|1
|inactive|Battle timer is ON: inactive players will automatically lose when time's up. (requested by kuraiyagare)
|
|t:|1759064559
|switch|p2a: Hatterene|Hatterene, F, shiny|100/100
|move|p1a: Haxorus|Dragon Dance|p1a: Haxorus
|-boost|p1a: Haxorus|atk|1
|-boost|p1a: Haxorus|spe|1
|
|-weather|SunnyDay|[upkeep]
|upkeep
|turn|2
|
|t:|1759064569
|move|p1a: Haxorus|Earthquake|p2a: Hatterene
|-damage|p2a: Hatterene|35/100
|-enditem|p2a: Hatterene|Eject Button
|
|t:|1759064584
|switch|p2a: Walking Wake|Walking Wake|100/100
|-activate|p2a: Walking Wake|ability: Protosynthesis
|-start|p2a: Walking Wake|protosynthesisspe
|
|-weather|SunnyDay|[upkeep]
|upkeep
|turn|3
|
|t:|1759064594
|move|p2a: Walking Wake|Dragon Pulse|p1a: Haxorus
|-supereffective|p1a: Haxorus
|-damage|p1a: Haxorus|0 fnt
|faint|p1a: Haxorus
|-damage|p2a: Walking Wake|91/100|[from] item: Life Orb
|
|-weather|SunnyDay|[upkeep]
|upkeep
|
|t:|1759064618
|switch|p1a: Gardenia|Gardevoir, F|100/100
|turn|4
|
|t:|1759064640
|-end|p2a: Walking Wake|Protosynthesis|[silent]
|switch|p2a: Hatterene|Hatterene, F, shiny|35/100
|-ability|p1a: Gardenia|Magic Bounce|Trace|[from] ability: Trace|[of] p2a: Hatterene
|move|p1a: Gardenia|Moonblast|p2a: Hatterene
|-damage|p2a: Hatterene|0 fnt
|faint|p2a: Hatterene
|
|-weather|SunnyDay|[upkeep]
|upkeep
|inactive|Sleepcaking has 120 seconds left.
|
|t:|1759064663
|switch|p2a: Lilligant|Lilligant-Hisui, F|100/100
|turn|5
|
|t:|1759064685
|move|p2a: Lilligant|Solar Blade||[still]
|-prepare|p2a: Lilligant|Solar Blade
|-anim|p2a: Lilligant|Solar Blade|p1a: Gardenia
|-enditem|p1a: Gardenia|Focus Sash
|-damage|p1a: Gardenia|1/100
|-damage|p2a: Lilligant|91/100|[from] item: Life Orb
|move|p1a: Gardenia|Moonblast|p2a: Lilligant
|-supereffective|p2a: Lilligant
|-damage|p2a: Lilligant|0 fnt
|faint|p2a: Lilligant
|
|-weather|SunnyDay|[upkeep]
|upkeep
|inactive|Sleepcaking has 120 seconds left.
|
|t:|1759064709
|switch|p2a: Walking Wake|Walking Wake|91/100
|-activate|p2a: Walking Wake|ability: Protosynthesis
|-start|p2a: Walking Wake|protosynthesisspe
|turn|6
|
|t:|1759064719
|move|p1a: Gardenia|Vacuum Wave|p2a: Walking Wake
|-damage|p2a: Walking Wake|74/100
|move|p2a: Walking Wake|Hydro Steam|p1a: Gardenia
|-damage|p1a: Gardenia|0 fnt
|faint|p1a: Gardenia
|-damage|p2a: Walking Wake|64/100|[from] item: Life Orb
|
|-weather|SunnyDay|[upkeep]
|upkeep
|
|t:|1759064722
|switch|p1a: Bastiodon|Bastiodon, F|100/100
|turn|7
|
|t:|1759064728
|move|p2a: Walking Wake|Hydro Steam|p1a: Bastiodon
|-supereffective|p1a: Bastiodon
|-ability|p1a: Bastiodon|Sturdy
|-damage|p1a: Bastiodon|1/100
|-damage|p2a: Walking Wake|54/100|[from] item: Life Orb
|move|p1a: Bastiodon|Metal Burst|p2a: Walking Wake
|-damage|p2a: Walking Wake|0 fnt
|faint|p2a: Walking Wake
|-end|p2a: Walking Wake|Protosynthesis|[silent]
|
|-weather|SunnyDay|[upkeep]
|upkeep
|inactive|Sleepcaking has 120 seconds left.
|
|t:|1759064752
|switch|p2a: Slither Wing|Slither Wing|100/100
|-activate|p2a: Slither Wing|ability: Protosynthesis
|-start|p2a: Slither Wing|protosynthesisatk
|turn|8
|
|t:|1759064761
|move|p2a: Slither Wing|First Impression|p1a: Bastiodon
|-resisted|p1a: Bastiodon
|-damage|p1a: Bastiodon|0 fnt
|faint|p1a: Bastiodon
|
|-weather|none
|-end|p2a: Slither Wing|Protosynthesis
|upkeep
|
|t:|1759064768
|switch|p1a: Drifflim|Drifblim, M|100/100
|turn|9
|
|t:|1759064772
|-end|p2a: Slither Wing|Protosynthesis|[silent]
|switch|p2a: Torkoal|Torkoal, F, shiny|100/100
|-weather|SunnyDay|[from] ability: Drought|[of] p2a: Torkoal
|move|p1a: Drifflim|Calm Mind|p1a: Drifflim
|-boost|p1a: Drifflim|spa|1
|-boost|p1a: Drifflim|spd|1
|
|-weather|SunnyDay|[upkeep]
|upkeep
|turn|10
|
|t:|1759064782
|move|p1a: Drifflim|Calm Mind|p1a: Drifflim
|-boost|p1a: Drifflim|spa|1
|-boost|p1a: Drifflim|spd|1
|move|p2a: Torkoal|Eruption|p1a: Drifflim
|-damage|p1a: Drifflim|42/100
|
|-weather|SunnyDay|[upkeep]
|upkeep
|turn|11
|
|t:|1759064788
|move|p1a: Drifflim|Shadow Ball|p2a: Torkoal
|-damage|p2a: Torkoal|7/100
|-unboost|p2a: Torkoal|spd|1
|move|p2a: Torkoal|Flamethrower|p1a: Drifflim
|-damage|p1a: Drifflim|5/100
|
|-weather|SunnyDay|[upkeep]
|upkeep
|turn|12
|
|t:|1759064796
|move|p1a: Drifflim|Shadow Ball|p2a: Torkoal
|-damage|p2a: Torkoal|0 fnt
|faint|p2a: Torkoal
|
|-weather|SunnyDay|[upkeep]
|upkeep
|
|t:|1759064801
|switch|p2a: Slither Wing|Slither Wing|100/100
|-activate|p2a: Slither Wing|ability: Protosynthesis
|-start|p2a: Slither Wing|protosynthesisatk
|turn|13
|
|t:|1759064805
|move|p2a: Slither Wing|First Impression|p1a: Drifflim
|-resisted|p1a: Drifflim
|-damage|p1a: Drifflim|0 fnt
|faint|p1a: Drifflim
|
|-weather|SunnyDay|[upkeep]
|upkeep
|
|t:|1759064808
|switch|p1a: Vatra|Talonflame, M|100/100
|turn|14
|inactive|Sleepcaking has 120 seconds left.
|
|t:|1759064852
|-terastallize|p2a: Slither Wing|Fire
|move|p1a: Vatra|Flare Blitz|p2a: Slither Wing
|-resisted|p2a: Slither Wing
|-damage|p2a: Slither Wing|65/100
|-damage|p1a: Vatra|86/100|[from] Recoil
|move|p2a: Slither Wing|U-turn|p1a: Vatra
|-resisted|p1a: Vatra
|-damage|p1a: Vatra|65/100
|
|t:|1759064858
|-end|p2a: Slither Wing|Protosynthesis|[silent]
|switch|p2a: Raging Bolt|Raging Bolt|100/100|[from] U-turn
|-activate|p2a: Raging Bolt|ability: Protosynthesis
|-start|p2a: Raging Bolt|protosynthesisspa
|
|-weather|SunnyDay|[upkeep]
|upkeep
|turn|15
|
|t:|1759064872
|move|p1a: Vatra|Will-O-Wisp|p2a: Raging Bolt
|-status|p2a: Raging Bolt|brn
|move|p2a: Raging Bolt|Thunderbolt|p1a: Vatra
|-supereffective|p1a: Vatra
|-damage|p1a: Vatra|0 fnt
|faint|p1a: Vatra
|
|-weather|SunnyDay|[upkeep]
|-damage|p2a: Raging Bolt|94/100 brn|[from] brn
|upkeep
|
|t:|1759064874
|switch|p1a: avg linux user|Lokix, F|100/100
|turn|16
|
|t:|1759064880
|-terastallize|p1a: avg linux user|Dark
|move|p1a: avg linux user|Knock Off|p2a: Raging Bolt
|-damage|p2a: Raging Bolt|40/100 brn
|-enditem|p2a: Raging Bolt|Leftovers|[from] move: Knock Off|[of] p1a: avg linux user
|move|p2a: Raging Bolt|Weather Ball|p1a: avg linux user
|-damage|p1a: avg linux user|0 fnt
|faint|p1a: avg linux user
|
|win|Sleepcaking
|raw|kuraiyagare's rating: 1368 &rarr; <strong>1347</strong><br />(-21 for losing)
|raw|Sleepcaking's rating: 1356 &rarr; <strong>1377</strong><br />(+21 for winning)
|l|☆kuraiyagare
|player|p1|
|l|☆Sleepcaking
|player|p2|
