|j|☆LL8888
|j|☆pablefe
|t:|1759066172
|gametype|singles
|player|p1|LL8888|unknownf|1295
|player|p2|pablefe|clair|1357
|gen|9
|tier|[Gen 9] OU
|rated|
|rule|HP Percentage Mod: HP is shown in percentages
|rule|Endless Battle Clause: Forcing endless battles is banned
|rule|Species Clause: Limit one of each Pokémon
|rule|OHKO Clause: OHKO moves are banned
|rule|Evasion Items Clause: Evasion items are banned
|rule|Evasion Moves Clause: Evasion moves are banned
|rule|Evasion Abilities Clause: Evasion abilities are banned
|rule|Sleep Moves Clause: Sleep-inducing moves are banned
|clearpoke
|poke|p1|Tyranitar, F|
|poke|p1|Dragapult, F|
|poke|p1|Dragonite, F|
|poke|p1|Garchomp, F|
|poke|p1|Metagross|
|poke|p1|Hydreigon, M|
|poke|p2|Zarude|
|poke|p2|Corviknight, F|
|poke|p2|Dragapult, F|
|poke|p2|Ting-Lu|
|poke|p2|Pecharunt|
|poke|p2|Iron Valiant|
|teampreview
|inactive|Battle timer is ON: inactive players will automatically lose when time's up. (requested by pablefe)
|
|t:|1759066183
|teamsize|p1|6
|teamsize|p2|6
|start
|switch|p1a: Garchomp|Garchomp, F|100/100
|switch|p2a: Zarude|Zarude|100/100
|turn|1
|
|t:|1759066192
|switch|p2a: Corviknight|Corviknight, F|100/100
|-ability|p2a: Corviknight|Pressure
|move|p1a: Garchomp|Stealth Rock|p2a: Corviknight
|-sidestart|p2: pablefe|move: Stealth Rock
|
|upkeep
|turn|2
|
|t:|1759066204
|move|p2a: Corviknight|Defog|p1a: Garchomp
|-unboost|p1a: Garchomp|evasion|1
|-sideend|p2: pablefe|Stealth Rock|[from] move: Defog|[of] p2a: Corviknight
|move|p1a: Garchomp|Dragon Tail|p2a: Corviknight
|-resisted|p2a: Corviknight
|-damage|p2a: Corviknight|92/100
|-damage|p1a: Garchomp|84/100|[from] item: Rocky Helmet|[of] p2a: Corviknight
|drag|p2a: Iron Valiant|Iron Valiant, shiny|100/100
|
|upkeep
|turn|3
|
|t:|1759066221
|switch|p1a: Metagross|Metagross, shiny|100/100
|move|p2a: Iron Valiant|Moonblast|p1a: Metagross
|-resisted|p1a: Metagross
|-damage|p1a: Metagross|64/100
|
|upkeep
|turn|4
|
|t:|1759066232
|-end|p2a: Iron Valiant|Quark Drive|[silent]
|switch|p2a: Zarude|Zarude|100/100
|move|p1a: Metagross|Bullet Punch|p2a: Zarude
|-damage|p2a: Zarude|70/100
|
|upkeep
|turn|5
|
|t:|1759066241
|switch|p1a: Garchomp|Garchomp, F|84/100
|move|p2a: Zarude|Knock Off|p1a: Garchomp
|-damage|p1a: Garchomp|54/100
|-damage|p2a: Zarude|57/100|[from] ability: Rough Skin|[of] p1a: Garchomp
|-damage|p2a: Zarude|41/100|[from] item: Rocky Helmet|[of] p1a: Garchomp
|-enditem|p1a: Garchomp|Rocky Helmet|[from] move: Knock Off|[of] p2a: Zarude
|
|upkeep
|turn|6
|
|t:|1759066264
|switch|p2a: Corviknight|Corviknight, F|92/100
|-ability|p2a: Corviknight|Pressure
|move|p1a: Garchomp|Dragon Tail|p2a: Corviknight
|-resisted|p2a: Corviknight
|-damage|p2a: Corviknight|84/100
|-damage|p1a: Garchomp|37/100|[from] item: Rocky Helmet|[of] p2a: Corviknight
|drag|p2a: Pecharunt|Pecharunt|100/100
|
|upkeep
|turn|7
|
|t:|1759066282
|switch|p2a: Corviknight|Corviknight, F|84/100
|-ability|p2a: Corviknight|Pressure
|move|p1a: Garchomp|Stealth Rock|p2a: Corviknight
|-sidestart|p2: pablefe|move: Stealth Rock
|
|upkeep
|turn|8
|inactive|LL8888 has 120 seconds left.
|
|t:|1759066302
|switch|p1a: Hydreigon|Hydreigon, M, shiny|100/100
|move|p2a: Corviknight|Defog|p1a: Hydreigon
|-unboost|p1a: Hydreigon|evasion|1
|-sideend|p2: pablefe|Stealth Rock|[from] move: Defog|[of] p2a: Corviknight
|
|upkeep
|turn|9
|
|t:|1759066311
|move|p1a: Hydreigon|Flamethrower|p2a: Corviknight
|-supereffective|p2a: Corviknight
|-damage|p2a: Corviknight|0 fnt
|faint|p2a: Corviknight
|
|upkeep
|
|t:|1759066330
|switch|p2a: Dragapult|Dragapult, F, shiny|100/100
|turn|10
|inactive|LL8888 has 120 seconds left.
|
|t:|1759066357
|switch|p1a: Tyranitar|Tyranitar, F, shiny|100/100
|-weather|Sandstorm|[from] ability: Sand Stream|[of] p1a: Tyranitar
|move|p2a: Dragapult|U-turn|p1a: Tyranitar
|-supereffective|p1a: Tyranitar
|-damage|p1a: Tyranitar|68/100
|
|t:|1759066361
|switch|p2a: Zarude|Zarude|41/100|[from] U-turn
|
|-weather|Sandstorm|[upkeep]
|-damage|p2a: Zarude|35/100|[from] Sandstorm
|upkeep
|turn|11
|inactive|LL8888 has 120 seconds left.
|
|t:|1759066372
|switch|p1a: Garchomp|Garchomp, F|37/100
|move|p2a: Zarude|Trailblaze|p1a: Garchomp
|-damage|p1a: Garchomp|21/100
|-boost|p2a: Zarude|spe|1
|-damage|p2a: Zarude|23/100|[from] ability: Rough Skin|[of] p1a: Garchomp
|
|-weather|Sandstorm|[upkeep]
|-damage|p2a: Zarude|17/100|[from] Sandstorm
|upkeep
|turn|12
|inactive|LL8888 has 120 seconds left.
|
|t:|1759066393
|move|p2a: Zarude|Low Kick|p1a: Garchomp
|-damage|p1a: Garchomp|3/100
|-damage|p2a: Zarude|4/100|[from] ability: Rough Skin|[of] p1a: Garchomp
|move|p1a: Garchomp|Stealth Rock|p2a: Zarude
|-sidestart|p2: pablefe|move: Stealth Rock
|
|-weather|Sandstorm|[upkeep]
|-damage|p2a: Zarude|0 fnt|[from] Sandstorm
|faint|p2a: Zarude
|upkeep
|
|t:|1759066398
|switch|p2a: Ting-Lu|Ting-Lu|100/100
|-damage|p2a: Ting-Lu|94/100|[from] Stealth Rock
|-ability|p2a: Ting-Lu|Vessel of Ruin
|turn|13
|inactive|LL8888 has 120 seconds left.
|
|t:|1759066420
|move|p2a: Ting-Lu|Stealth Rock|p1a: Garchomp
|-sidestart|p1: LL8888|move: Stealth Rock
|move|p1a: Garchomp|Dragon Tail|p2a: Ting-Lu
|-damage|p2a: Ting-Lu|81/100
|drag|p2a: Dragapult|Dragapult, F, shiny|100/100
|
|-weather|Sandstorm|[upkeep]
|-damage|p2a: Dragapult|95/100|[from] Sandstorm
|upkeep
|turn|14
|inactive|LL8888 has 120 seconds left.
|
|t:|1759066434
|move|p2a: Dragapult|Hex|p1a: Garchomp
|-damage|p1a: Garchomp|0 fnt
|faint|p1a: Garchomp
|
|-weather|none
|upkeep
|
|t:|1759066442
|switch|p1a: Tyranitar|Tyranitar, F, shiny|68/100
|-damage|p1a: Tyranitar|56/100|[from] Stealth Rock
|-weather|Sandstorm|[from] ability: Sand Stream|[of] p1a: Tyranitar
|turn|15
|inactive|LL8888 has 120 seconds left.
|
|t:|1759066477
|move|p2a: Dragapult|U-turn|p1a: Tyranitar
|-supereffective|p1a: Tyranitar
|-damage|p1a: Tyranitar|24/100
|
|t:|1759066486
|switch|p2a: Ting-Lu|Ting-Lu|81/100|[from] U-turn
|-damage|p2a: Ting-Lu|75/100|[from] Stealth Rock
|-ability|p2a: Ting-Lu|Vessel of Ruin
|move|p1a: Tyranitar|Knock Off|p2a: Ting-Lu
|-resisted|p2a: Ting-Lu
|-damage|p2a: Ting-Lu|63/100
|-enditem|p2a: Ting-Lu|Leftovers|[from] move: Knock Off|[of] p1a: Tyranitar
|
|-weather|Sandstorm|[upkeep]
|upkeep
|turn|16
|
|t:|1759066501
|move|p1a: Tyranitar|Low Kick|p2a: Ting-Lu
|-supereffective|p2a: Ting-Lu
|-damage|p2a: Ting-Lu|21/100
|move|p2a: Ting-Lu|Whirlwind|p1a: Tyranitar
|drag|p1a: Dragapult|Dragapult, F, shiny|100/100
|-damage|p1a: Dragapult|88/100|[from] Stealth Rock
|
|-weather|Sandstorm|[upkeep]
|-damage|p1a: Dragapult|82/100|[from] Sandstorm
|upkeep
|turn|17
|inactive|LL8888 has 90 seconds left.
|
|t:|1759066538
|move|p1a: Dragapult|Light Screen|p1a: Dragapult
|-sidestart|p1: LL8888|move: Light Screen
|move|p2a: Ting-Lu|Payback|p1a: Dragapult
|-supereffective|p1a: Dragapult
|-damage|p1a: Dragapult|14/100
|
|-weather|Sandstorm|[upkeep]
|-damage|p1a: Dragapult|8/100|[from] Sandstorm
|upkeep
|turn|18
|inactive|LL8888 has 60 seconds left.
|
|t:|1759066569
|move|p1a: Dragapult|Curse|p2a: Ting-Lu
|-start|p2a: Ting-Lu|Curse|[of] p1a: Dragapult
|-damage|p1a: Dragapult|0 fnt
|faint|p1a: Dragapult
|move|p2a: Ting-Lu|Whirlwind|p1: Dragapult|[notarget]
|-fail|p2a: Ting-Lu
|
|-weather|Sandstorm|[upkeep]
|-damage|p2a: Ting-Lu|0 fnt|[from] Curse
|faint|p2a: Ting-Lu
|upkeep
|
|t:|1759066590
|switch|p1a: Metagross|Metagross, shiny|64/100
|switch|p2a: Dragapult|Dragapult, F, shiny|95/100
|-damage|p1a: Metagross|58/100|[from] Stealth Rock
|turn|19
|inactive|LL8888 has 30 seconds left.
|inactive|LL8888 has 20 seconds left.
|
|t:|1759066617
|-terastallize|p1a: Metagross|Steel
|move|p1a: Metagross|Bullet Punch|p2a: Dragapult
|-damage|p2a: Dragapult|26/100
|move|p2a: Dragapult|Will-O-Wisp|p1a: Metagross
|-status|p1a: Metagross|brn
|
|-weather|none
|-damage|p1a: Metagross|52/100 brn|[from] brn
|upkeep
|turn|20
|inactive|LL8888 has 30 seconds left this turn.
|inactive|LL8888 has 20 seconds left.
|
|t:|1759066629
|move|p1a: Metagross|Bullet Punch|p2a: Dragapult
|-damage|p2a: Dragapult|0 fnt
|faint|p2a: Dragapult
|
|-damage|p1a: Metagross|46/100 brn|[from] brn
|upkeep
|
|t:|1759066632
|switch|p2a: Pecharunt|Pecharunt|100/100
|turn|21
|inactive|LL8888 has 30 seconds left.
|
|t:|1759066642
|move|p1a: Metagross|Bullet Punch|p2a: Pecharunt
|-damage|p2a: Pecharunt|87/100
|move|p2a: Pecharunt|Hex|p1a: Metagross
|-damage|p1a: Metagross|24/100 brn
|
|-damage|p1a: Metagross|18/100 brn|[from] brn
|upkeep
|turn|22
|
|t:|1759066651
|move|p1a: Metagross|Bullet Punch|p2a: Pecharunt
|-damage|p2a: Pecharunt|71/100
|move|p2a: Pecharunt|Recover|p2a: Pecharunt
|-heal|p2a: Pecharunt|100/100
|
|-damage|p1a: Metagross|12/100 brn|[from] brn
|upkeep
|turn|23
|
|t:|1759066659
|move|p1a: Metagross|Bullet Punch|p2a: Pecharunt
|-damage|p2a: Pecharunt|87/100
|move|p2a: Pecharunt|Recover|p2a: Pecharunt
|-heal|p2a: Pecharunt|100/100
|
|-damage|p1a: Metagross|6/100 brn|[from] brn
|upkeep
|turn|24
|
|t:|1759066668
|move|p1a: Metagross|Bullet Punch|p2a: Pecharunt
|-damage|p2a: Pecharunt|86/100
|move|p2a: Pecharunt|Hex|p1a: Metagross
|-damage|p1a: Metagross|0 fnt
|faint|p1a: Metagross
|
|-sideend|p1: LL8888|move: Light Screen
|upkeep
|
|t:|1759066682
|switch|p1a: Hydreigon|Hydreigon, M, shiny|100/100
|-damage|p1a: Hydreigon|88/100|[from] Stealth Rock
|turn|25
|
|t:|1759066693
|-terastallize|p2a: Pecharunt|Dark
|move|p1a: Hydreigon|Flash Cannon|p2a: Pecharunt
|-damage|p2a: Pecharunt|39/100
|-unboost|p2a: Pecharunt|spd|1
|move|p2a: Pecharunt|Malignant Chain|p1a: Hydreigon
|-damage|p1a: Hydreigon|56/100
|
|upkeep
|turn|26
|
|t:|1759066704
|move|p1a: Hydreigon|Flash Cannon|p2a: Pecharunt
|-damage|p2a: Pecharunt|0 fnt
|faint|p2a: Pecharunt
|
|upkeep
|
|t:|1759066707
|switch|p2a: Iron Valiant|Iron Valiant, shiny|100/100
|-damage|p2a: Iron Valiant|94/100|[from] Stealth Rock
|turn|27
|
|t:|1759066713
|move|p2a: Iron Valiant|Shadow Ball|p1a: Hydreigon
|-resisted|p1a: Hydreigon
|-damage|p1a: Hydreigon|32/100
|move|p1a: Hydreigon|Flash Cannon|p2a: Iron Valiant
|-supereffective|p2a: Iron Valiant
|-damage|p2a: Iron Valiant|0 fnt
|faint|p2a: Iron Valiant
|-end|p2a: Iron Valiant|Quark Drive|[silent]
|
|win|LL8888
|raw|LL8888's rating: 1295 &rarr; <strong>1324</strong><br />(+29 for winning)
|raw|pablefe's rating: 1357 &rarr; <strong>1333</strong><br />(-24 for losing)
|l|☆pablefe
|player|p2|
|l|☆LL8888
|player|p1|
