|j|☆MASTER BIG LOOSER
|j|☆PokePro551
|t:|1759031640
|gametype|singles
|player|p1|MASTER BIG LOOSER|battlegirl-gen4|1408
|player|p2|PokePro551|giovanni-gen1rb|1453
|gen|9
|tier|[Gen 9] OU
|rated|
|rule|HP Percentage Mod: HP is shown in percentages
|rule|Endless Battle Clause: Forcing endless battles is banned
|rule|Species Clause: Limit one of each Pokémon
|rule|OHKO Clause: OHKO moves are banned
|rule|Evasion Items Clause: Evasion items are banned
|rule|Evasion Moves Clause: Evasion moves are banned
|rule|Evasion Abilities Clause: Evasion abilities are banned
|rule|Sleep Moves Clause: Sleep-inducing moves are banned
|clearpoke
|poke|p1|Clodsire, F|
|poke|p1|Toxapex, F|
|poke|p1|Corviknight, M|
|poke|p1|Blissey, F|
|poke|p1|Garganacl, F|
|poke|p1|Great Tusk|
|poke|p2|Dondozo, F|
|poke|p2|Blissey, F|
|poke|p2|Corviknight, F|
|poke|p2|Toxapex, M|
|poke|p2|Gliscor, F|
|poke|p2|Weezing-Galar, F|
|teampreview
|c|☆MASTER BIG LOOSER|100 turn basic
|c|☆PokePro551|yeah
|c|☆PokePro551|lets have fun; and a good game!
|
|t:|1759031693
|teamsize|p1|6
|teamsize|p2|6
|start
|switch|p1a: Clodsire|Clodsire, F|100/100
|switch|p2a: Weezing|Weezing-Galar, F|100/100
|-ability|p2a: Weezing|Neutralizing Gas
|turn|1
|
|t:|1759031703
|-end|p2a: Weezing|ability: Neutralizing Gas
|switch|p2a: Gliscor|Gliscor, F|100/100
|move|p1a: Clodsire|Stealth Rock|p2a: Gliscor
|-sidestart|p2: PokePro551|move: Stealth Rock
|
|-status|p2a: Gliscor|tox|[from] item: Toxic Orb
|upkeep
|turn|2
|
|t:|1759031714
|switch|p1a: Corviknight|Corviknight, M|100/100
|-ability|p1a: Corviknight|Pressure
|move|p2a: Gliscor|Knock Off|p1a: Corviknight
|-damage|p1a: Corviknight|87/100
|-enditem|p1a: Corviknight|Leftovers|[from] move: Knock Off|[of] p2a: Gliscor
|
|upkeep
|turn|3
|
|t:|1759031731
|move|p2a: Gliscor|Spikes|p1a: Corviknight
|-sidestart|p1: MASTER BIG LOOSER|Spikes
|move|p1a: Corviknight|Brave Bird|p2a: Gliscor
|-damage|p2a: Gliscor|72/100 tox
|-damage|p1a: Corviknight|78/100|[from] Recoil
|
|-heal|p2a: Gliscor|85/100 tox|[from] ability: Poison Heal
|upkeep
|turn|4
|
|t:|1759031742
|switch|p2a: Weezing|Weezing-Galar, F|100/100
|-ability|p2a: Weezing|Neutralizing Gas
|switch|p1a: Great Tusk|Great Tusk|100/100
|-damage|p1a: Great Tusk|88/100|[from] Spikes
|
|-heal|p1a: Great Tusk|94/100|[from] item: Leftovers
|upkeep
|turn|5
|
|t:|1759031753
|-terastallize|p1a: Great Tusk|Ground
|move|p1a: Great Tusk|Earthquake|p2a: Weezing
|-supereffective|p2a: Weezing
|-damage|p2a: Weezing|30/100
|move|p2a: Weezing|Will-O-Wisp|p1a: Great Tusk
|-status|p1a: Great Tusk|brn
|
|-heal|p1a: Great Tusk|100/100 brn|[from] item: Leftovers
|-damage|p1a: Great Tusk|94/100 brn|[from] brn
|upkeep
|turn|6
|
|t:|1759031774
|-end|p2a: Weezing|ability: Neutralizing Gas
|switch|p2a: Corviknight|Corviknight, F, shiny|100/100
|-damage|p2a: Corviknight|88/100|[from] Stealth Rock
|-ability|p2a: Corviknight|Pressure
|move|p1a: Great Tusk|Knock Off|p2a: Corviknight
|-damage|p2a: Corviknight|80/100
|-enditem|p2a: Corviknight|Leftovers|[from] move: Knock Off|[of] p1a: Great Tusk
|
|-heal|p1a: Great Tusk|100/100 brn|[from] item: Leftovers
|-damage|p1a: Great Tusk|94/100 brn|[from] brn
|upkeep
|turn|7
|
|t:|1759031798
|-end|p1a: Great Tusk|Protosynthesis|[silent]
|switch|p1a: Blissey|Blissey, F|100/100
|move|p2a: Corviknight|Defog|p1a: Blissey
|-unboost|p1a: Blissey|evasion|1
|-sideend|p1: MASTER BIG LOOSER|Spikes|[from] move: Defog|[of] p2a: Corviknight
|-sideend|p2: PokePro551|Stealth Rock|[from] move: Defog|[of] p2a: Corviknight
|
|upkeep
|turn|8
|
|t:|1759031804
|move|p2a: Corviknight|Body Press|p1a: Blissey
|-supereffective|p1a: Blissey
|-damage|p1a: Blissey|44/100
|move|p1a: Blissey|Thunder Wave|p2a: Corviknight
|-status|p2a: Corviknight|par
|
|upkeep
|turn|9
|
|t:|1759031813
|move|p1a: Blissey|Soft-Boiled|p1a: Blissey
|-heal|p1a: Blissey|94/100
|move|p2a: Corviknight|Body Press|p1a: Blissey
|-supereffective|p1a: Blissey
|-damage|p1a: Blissey|35/100
|
|upkeep
|turn|10
|
|t:|1759031820
|move|p1a: Blissey|Soft-Boiled|p1a: Blissey
|-heal|p1a: Blissey|85/100
|move|p2a: Corviknight|Body Press|p1a: Blissey
|-supereffective|p1a: Blissey
|-damage|p1a: Blissey|28/100
|
|upkeep
|turn|11
|
|t:|1759031825
|move|p1a: Blissey|Soft-Boiled|p1a: Blissey
|-heal|p1a: Blissey|78/100
|move|p2a: Corviknight|Body Press|p1a: Blissey
|-supereffective|p1a: Blissey
|-damage|p1a: Blissey|27/100
|
|upkeep
|turn|12
|
|t:|1759031832
|move|p1a: Blissey|Soft-Boiled|p1a: Blissey
|-heal|p1a: Blissey|77/100
|cant|p2a: Corviknight|par
|
|upkeep
|turn|13
|
|t:|1759031843
|switch|p2a: Weezing|Weezing-Galar, F|30/100
|-ability|p2a: Weezing|Neutralizing Gas
|move|p1a: Blissey|Heal Bell|p1a: Blissey
|-activate|p1a: Blissey|move: Heal Bell
|-curestatus|p1: Great Tusk|brn|[msg]
|
|upkeep
|turn|14
|
|t:|1759031850
|move|p2a: Weezing|Pain Split|p1a: Blissey
|-sethp|p1a: Blissey|46/100|[from] move: Pain Split|[silent]
|-sethp|p2a: Weezing|89/100|[from] move: Pain Split
|move|p1a: Blissey|Seismic Toss|p2a: Weezing
|-damage|p2a: Weezing|59/100
|
|upkeep
|turn|15
|
|t:|1759031863
|-end|p2a: Weezing|ability: Neutralizing Gas
|switch|p2a: Corviknight|Corviknight, F, shiny|80/100 par
|-ability|p2a: Corviknight|Pressure
|move|p1a: Blissey|Soft-Boiled|p1a: Blissey
|-heal|p1a: Blissey|96/100
|
|upkeep
|turn|16
|
|t:|1759031911
|switch|p1a: Garganacl|Garganacl, F|100/100
|move|p2a: Corviknight|Body Press|p1a: Garganacl
|-supereffective|p1a: Garganacl
|-damage|p1a: Garganacl|66/100
|
|-heal|p1a: Garganacl|72/100|[from] item: Leftovers
|upkeep
|turn|17
|
|t:|1759031924
|switch|p2a: Weezing|Weezing-Galar, F|59/100
|-ability|p2a: Weezing|Neutralizing Gas
|move|p1a: Garganacl|Salt Cure|p2a: Weezing
|-damage|p2a: Weezing|50/100
|-start|p2a: Weezing|Salt Cure
|
|-heal|p1a: Garganacl|78/100|[from] item: Leftovers
|-damage|p2a: Weezing|38/100|[from] Salt Cure
|upkeep
|turn|18
|
|t:|1759031932
|move|p1a: Garganacl|Protect|p1a: Garganacl
|-singleturn|p1a: Garganacl|Protect
|move|p2a: Weezing|Pain Split|p1a: Garganacl
|-activate|p1a: Garganacl|move: Protect
|
|-heal|p1a: Garganacl|84/100|[from] item: Leftovers
|-damage|p2a: Weezing|26/100|[from] Salt Cure
|upkeep
|turn|19
|
|t:|1759031945
|move|p2a: Weezing|Pain Split|p1a: Garganacl
|-sethp|p1a: Garganacl|53/100|[from] move: Pain Split|[silent]
|-sethp|p2a: Weezing|64/100|[from] move: Pain Split
|move|p1a: Garganacl|Recover|p1a: Garganacl
|-heal|p1a: Garganacl|100/100
|
|-damage|p2a: Weezing|51/100|[from] Salt Cure
|upkeep
|turn|20
|
|t:|1759031955
|move|p1a: Garganacl|Protect|p1a: Garganacl
|-singleturn|p1a: Garganacl|Protect
|move|p2a: Weezing|Will-O-Wisp|p1a: Garganacl
|-activate|p1a: Garganacl|move: Protect
|
|-damage|p2a: Weezing|39/100|[from] Salt Cure
|upkeep
|turn|21
|
|t:|1759031965
|switch|p1a: Blissey|Blissey, F|96/100
|move|p2a: Weezing|Pain Split|p1a: Blissey
|-sethp|p1a: Blissey|58/100|[from] move: Pain Split|[silent]
|-sethp|p2a: Weezing|100/100|[from] move: Pain Split
|
|-damage|p2a: Weezing|88/100|[from] Salt Cure
|upkeep
|turn|22
|
|t:|1759031976
|-end|p2a: Weezing|ability: Neutralizing Gas
|switch|p2a: Corviknight|Corviknight, F, shiny|80/100 par
|-ability|p2a: Corviknight|Pressure
|move|p1a: Blissey|Seismic Toss|p2a: Corviknight
|-damage|p2a: Corviknight|55/100 par
|
|upkeep
|turn|23
|
|t:|1759031989
|switch|p1a: Clodsire|Clodsire, F|100/100
|cant|p2a: Corviknight|par
|
|upkeep
|turn|24
|
|t:|1759031996
|cant|p2a: Corviknight|par
|move|p1a: Clodsire|Stealth Rock|p2a: Corviknight
|-sidestart|p2: PokePro551|move: Stealth Rock
|
|upkeep
|turn|25
|
|t:|1759032008
|switch|p1a: Garganacl|Garganacl, F|100/100
|move|p2a: Corviknight|Roost|p2a: Corviknight
|-heal|p2a: Corviknight|100/100 par
|-singleturn|p2a: Corviknight|move: Roost
|
|upkeep
|turn|26
|
|t:|1759032015
|switch|p2a: Gliscor|Gliscor, F|85/100 tox
|-damage|p2a: Gliscor|72/100 tox|[from] Stealth Rock
|move|p1a: Garganacl|Salt Cure|p2a: Gliscor
|-damage|p2a: Gliscor|61/100 tox
|-start|p2a: Gliscor|Salt Cure
|
|-heal|p2a: Gliscor|74/100 tox|[from] ability: Poison Heal
|-damage|p2a: Gliscor|61/100 tox|[from] Salt Cure
|upkeep
|turn|27
|
|t:|1759032037
|move|p1a: Garganacl|Protect|p1a: Garganacl
|-singleturn|p1a: Garganacl|Protect
|move|p2a: Gliscor|Knock Off|p1a: Garganacl
|-activate|p1a: Garganacl|move: Protect
|
|-heal|p2a: Gliscor|74/100 tox|[from] ability: Poison Heal
|-damage|p2a: Gliscor|61/100 tox|[from] Salt Cure
|upkeep
|turn|28
|
|t:|1759032049
|switch|p1a: Corviknight|Corviknight, M|78/100
|-ability|p1a: Corviknight|Pressure
|move|p2a: Gliscor|Spikes|p1a: Corviknight
|-sidestart|p1: MASTER BIG LOOSER|Spikes
|
|-heal|p2a: Gliscor|74/100 tox|[from] ability: Poison Heal
|-damage|p2a: Gliscor|61/100 tox|[from] Salt Cure
|upkeep
|turn|29
|
|t:|1759032057
|switch|p2a: Weezing|Weezing-Galar, F|88/100
|-ability|p2a: Weezing|Neutralizing Gas
|move|p1a: Corviknight|Brave Bird|p2a: Weezing
|-damage|p2a: Weezing|66/100
|-damage|p1a: Corviknight|72/100|[from] Recoil
|
|upkeep
|turn|30
|
|t:|1759032065
|move|p1a: Corviknight|U-turn|p2a: Weezing
|-resisted|p2a: Weezing
|-damage|p2a: Weezing|64/100
|
|t:|1759032068
|switch|p1a: Great Tusk|Great Tusk, tera:Ground|94/100|[from] U-turn
|-damage|p1a: Great Tusk|82/100|[from] Spikes
|move|p2a: Weezing|Will-O-Wisp|p1a: Great Tusk
|-status|p1a: Great Tusk|brn
|
|-heal|p1a: Great Tusk|88/100 brn|[from] item: Leftovers
|-damage|p1a: Great Tusk|82/100 brn|[from] brn
|upkeep
|turn|31
|
|t:|1759032076
|move|p1a: Great Tusk|Rapid Spin|p2a: Weezing
|-damage|p2a: Weezing|59/100
|-boost|p1a: Great Tusk|spe|1
|-sideend|p1: MASTER BIG LOOSER|Spikes|[from] move: Rapid Spin|[of] p1a: Great Tusk
|move|p2a: Weezing|Pain Split|p1a: Great Tusk
|-sethp|p1a: Great Tusk|63/100 brn|[from] move: Pain Split|[silent]
|-sethp|p2a: Weezing|82/100|[from] move: Pain Split
|
|-heal|p1a: Great Tusk|70/100 brn|[from] item: Leftovers
|-damage|p1a: Great Tusk|63/100 brn|[from] brn
|upkeep
|turn|32
|
|t:|1759032092
|-end|p1a: Great Tusk|Protosynthesis|[silent]
|switch|p1a: Blissey|Blissey, F|58/100
|-end|p2a: Weezing|ability: Neutralizing Gas
|switch|p2a: Corviknight|Corviknight, F, shiny|100/100 par
|-damage|p2a: Corviknight|88/100 par|[from] Stealth Rock
|-ability|p2a: Corviknight|Pressure
|
|upkeep
|turn|33
|
|t:|1759032099
|move|p1a: Blissey|Heal Bell|p1a: Blissey
|-activate|p1a: Blissey|move: Heal Bell
|-curestatus|p1: Great Tusk|brn|[msg]
|move|p2a: Corviknight|Body Press|p1a: Blissey
|-supereffective|p1a: Blissey
|-damage|p1a: Blissey|1/100
|
|upkeep
|turn|34
|
|t:|1759032109
|move|p1a: Blissey|Soft-Boiled|p1a: Blissey
|-heal|p1a: Blissey|51/100
|cant|p2a: Corviknight|par
|
|upkeep
|turn|35
|
|t:|1759032125
|switch|p1a: Garganacl|Garganacl, F|100/100
|move|p2a: Corviknight|Body Press|p1a: Garganacl
|-supereffective|p1a: Garganacl
|-damage|p1a: Garganacl|65/100
|
|-heal|p1a: Garganacl|71/100|[from] item: Leftovers
|upkeep
|turn|36
|
|t:|1759032157
|switch|p2a: Gliscor|Gliscor, F|61/100 tox
|-damage|p2a: Gliscor|49/100 tox|[from] Stealth Rock
|move|p1a: Garganacl|Salt Cure|p2a: Gliscor
|-damage|p2a: Gliscor|39/100 tox
|-start|p2a: Gliscor|Salt Cure
|
|-heal|p1a: Garganacl|77/100|[from] item: Leftovers
|-heal|p2a: Gliscor|51/100 tox|[from] ability: Poison Heal
|-damage|p2a: Gliscor|39/100 tox|[from] Salt Cure
|upkeep
|turn|37
|
|t:|1759032169
|switch|p1a: Blissey|Blissey, F|51/100
|move|p2a: Gliscor|Knock Off|p1a: Blissey
|-damage|p1a: Blissey|28/100
|-enditem|p1a: Blissey|Heavy-Duty Boots|[from] move: Knock Off|[of] p2a: Gliscor
|
|-heal|p2a: Gliscor|51/100 tox|[from] ability: Poison Heal
|-damage|p2a: Gliscor|39/100 tox|[from] Salt Cure
|upkeep
|turn|38
|
|t:|1759032179
|switch|p2a: Corviknight|Corviknight, F, shiny|88/100 par
|-damage|p2a: Corviknight|75/100 par|[from] Stealth Rock
|-ability|p2a: Corviknight|Pressure
|switch|p1a: Corviknight|Corviknight, M|72/100
|-ability|p1a: Corviknight|Pressure
|
|upkeep
|turn|39
|
|t:|1759032196
|move|p1a: Corviknight|Brave Bird|p2a: Corviknight
|-resisted|p2a: Corviknight
|-damage|p2a: Corviknight|65/100 par
|-damage|p1a: Corviknight|69/100|[from] Recoil
|move|p2a: Corviknight|Body Press|p1a: Corviknight
|-damage|p1a: Corviknight|52/100
|
|upkeep
|turn|40
|
|t:|1759032204
|move|p1a: Corviknight|Roost|p1a: Corviknight
|-heal|p1a: Corviknight|100/100
|-singleturn|p1a: Corviknight|move: Roost
|cant|p2a: Corviknight|par
|
|upkeep
|turn|41
|
|t:|1759032207
|switch|p1a: Garganacl|Garganacl, F|77/100
|move|p2a: Corviknight|Iron Defense|p2a: Corviknight
|-boost|p2a: Corviknight|def|2
|
|-heal|p1a: Garganacl|83/100|[from] item: Leftovers
|upkeep
|turn|42
|
|t:|1759032222
|move|p1a: Garganacl|Salt Cure|p2a: Corviknight
|-damage|p2a: Corviknight|61/100 par
|-start|p2a: Corviknight|Salt Cure
|cant|p2a: Corviknight|par
|
|-heal|p1a: Garganacl|90/100|[from] item: Leftovers
|-damage|p2a: Corviknight|36/100 par|[from] Salt Cure
|upkeep
|turn|43
|
|t:|1759032231
|switch|p2a: Weezing|Weezing-Galar, F|82/100
|-ability|p2a: Weezing|Neutralizing Gas
|move|p1a: Garganacl|Body Press|p2a: Weezing
|-resisted|p2a: Weezing
|-damage|p2a: Weezing|79/100
|
|-heal|p1a: Garganacl|96/100|[from] item: Leftovers
|upkeep
|turn|44
|
|t:|1759032243
|move|p1a: Garganacl|Protect|p1a: Garganacl
|-singleturn|p1a: Garganacl|Protect
|move|p2a: Weezing|Will-O-Wisp|p1a: Garganacl
|-activate|p1a: Garganacl|move: Protect
|
|-heal|p1a: Garganacl|100/100|[from] item: Leftovers
|upkeep
|turn|45
|
|t:|1759032258
|switch|p1a: Blissey|Blissey, F|28/100
|move|p2a: Weezing|Will-O-Wisp|p1a: Blissey
|-status|p1a: Blissey|brn
|
|-damage|p1a: Blissey|22/100 brn|[from] brn
|upkeep
|turn|46
|
|t:|1759032291
|-end|p2a: Weezing|ability: Neutralizing Gas
|switch|p2a: Blissey|Blissey, F|100/100
|-damage|p2a: Blissey|88/100|[from] Stealth Rock
|move|p1a: Blissey|Soft-Boiled|p1a: Blissey
|-heal|p1a: Blissey|72/100 brn
|
|-heal|p2a: Blissey|94/100|[from] item: Leftovers
|-damage|p1a: Blissey|66/100 brn|[from] brn
|upkeep
|turn|47
|
|t:|1759032303
|move|p1a: Blissey|Soft-Boiled|p1a: Blissey
|-heal|p1a: Blissey|100/100 brn
|move|p2a: Blissey|Stealth Rock|p1a: Blissey
|-sidestart|p1: MASTER BIG LOOSER|move: Stealth Rock
|
|-heal|p2a: Blissey|100/100|[from] item: Leftovers
|-damage|p1a: Blissey|94/100 brn|[from] brn
|upkeep
|turn|48
|
|t:|1759032325
|-curestatus|p1a: Blissey|brn|[from] ability: Natural Cure
|switch|p1a: Great Tusk|Great Tusk, tera:Ground|63/100
|-damage|p1a: Great Tusk|57/100|[from] Stealth Rock
|move|p2a: Blissey|Seismic Toss|p1a: Great Tusk
|-damage|p1a: Great Tusk|34/100
|
|-heal|p1a: Great Tusk|40/100|[from] item: Leftovers
|upkeep
|turn|49
|
|t:|1759032342
|switch|p2a: Whale Wednesdays|Dondozo, F|100/100
|-damage|p2a: Whale Wednesdays|88/100|[from] Stealth Rock
|move|p1a: Great Tusk|Knock Off|p2a: Whale Wednesdays
|-damage|p2a: Whale Wednesdays|77/100
|-enditem|p2a: Whale Wednesdays|Leftovers|[from] move: Knock Off|[of] p1a: Great Tusk
|
|-heal|p1a: Great Tusk|47/100|[from] item: Leftovers
|upkeep
|turn|50
|
|t:|1759032368
|-end|p1a: Great Tusk|Protosynthesis|[silent]
|switch|p1a: Toxapex|Toxapex, F|100/100
|-damage|p1a: Toxapex|88/100|[from] Stealth Rock
|move|p2a: Whale Wednesdays|Avalanche|p1a: Toxapex
|-resisted|p1a: Toxapex
|-damage|p1a: Toxapex|84/100
|
|-heal|p1a: Toxapex|90/100|[from] item: Black Sludge
|upkeep
|turn|51
|
|t:|1759032386
|switch|p2a: Blissey|Blissey, F|100/100
|-damage|p2a: Blissey|88/100|[from] Stealth Rock
|move|p1a: Toxapex|Toxic Spikes|p2a: Blissey
|-sidestart|p2: PokePro551|move: Toxic Spikes
|
|-heal|p2a: Blissey|94/100|[from] item: Leftovers
|-heal|p1a: Toxapex|96/100|[from] item: Black Sludge
|upkeep
|turn|52
|
|t:|1759032400
|move|p2a: Blissey|Seismic Toss|p1a: Toxapex
|-damage|p1a: Toxapex|63/100
|move|p1a: Toxapex|Chilling Water|p2a: Blissey
|-crit|p2a: Blissey
|-damage|p2a: Blissey|89/100
|-unboost|p2a: Blissey|atk|1
|
|-heal|p2a: Blissey|95/100|[from] item: Leftovers
|-heal|p1a: Toxapex|70/100|[from] item: Black Sludge
|upkeep
|turn|53
|
|t:|1759032423
|switch|p1a: Clodsire|Clodsire, F|100/100
|-damage|p1a: Clodsire|94/100|[from] Stealth Rock
|move|p2a: Blissey|Seismic Toss|p1a: Clodsire
|-damage|p1a: Clodsire|73/100
|
|-heal|p2a: Blissey|100/100|[from] item: Leftovers
|-heal|p1a: Clodsire|79/100|[from] item: Black Sludge
|upkeep
|turn|54
|
|t:|1759032440
|switch|p2a: Toxapex|Toxapex, M, shiny|100/100
|-damage|p2a: Toxapex|88/100|[from] Stealth Rock
|-sideend|p2: PokePro551|move: Toxic Spikes|[of] p2a: Toxapex
|move|p1a: Clodsire|Toxic|p2a: Toxapex
|-immune|p2a: Toxapex
|
|-heal|p2a: Toxapex|94/100|[from] item: Leftovers
|-heal|p1a: Clodsire|85/100|[from] item: Black Sludge
|upkeep
|turn|55
|
|t:|1759032455
|switch|p2a: Corviknight|Corviknight, F, shiny|36/100 par
|-damage|p2a: Corviknight|23/100 par|[from] Stealth Rock
|-ability|p2a: Corviknight|Pressure
|move|p1a: Clodsire|Earthquake|p2a: Corviknight
|-immune|p2a: Corviknight
|
|-heal|p1a: Clodsire|91/100|[from] item: Black Sludge
|upkeep
|turn|56
|
|t:|1759032463
|switch|p1a: Garganacl|Garganacl, F|100/100
|-damage|p1a: Garganacl|88/100|[from] Stealth Rock
|move|p2a: Corviknight|Roost|p2a: Corviknight
|-heal|p2a: Corviknight|73/100 par
|-singleturn|p2a: Corviknight|move: Roost
|
|-heal|p1a: Garganacl|94/100|[from] item: Leftovers
|upkeep
|turn|57
|
|t:|1759032476
|switch|p2a: Weezing|Weezing-Galar, F|79/100
|-ability|p2a: Weezing|Neutralizing Gas
|move|p1a: Garganacl|Salt Cure|p2a: Weezing
|-damage|p2a: Weezing|69/100
|-start|p2a: Weezing|Salt Cure
|
|-heal|p1a: Garganacl|100/100|[from] item: Leftovers
|-damage|p2a: Weezing|57/100|[from] Salt Cure
|upkeep
|turn|58
|
|t:|1759032489
|switch|p1a: Toxapex|Toxapex, F|100/100
|-damage|p1a: Toxapex|88/100|[from] Stealth Rock
|move|p2a: Weezing|Pain Split|p1a: Toxapex
|-sethp|p1a: Toxapex|75/100|[from] move: Pain Split|[silent]
|-sethp|p2a: Weezing|68/100|[from] move: Pain Split
|
|-heal|p1a: Toxapex|81/100|[from] item: Black Sludge
|-damage|p2a: Weezing|56/100|[from] Salt Cure
|upkeep
|turn|59
|
|t:|1759032498
|-end|p2a: Weezing|ability: Neutralizing Gas
|switch|p2a: Blissey|Blissey, F|100/100
|-damage|p2a: Blissey|88/100|[from] Stealth Rock
|move|p1a: Toxapex|Toxic Spikes|p2a: Blissey
|-sidestart|p2: PokePro551|move: Toxic Spikes
|
|-heal|p2a: Blissey|94/100|[from] item: Leftovers
|-heal|p1a: Toxapex|88/100|[from] item: Black Sludge
|upkeep
|turn|60
|
|t:|1759032507
|switch|p1a: Clodsire|Clodsire, F|91/100
|-damage|p1a: Clodsire|85/100|[from] Stealth Rock
|move|p2a: Blissey|Seismic Toss|p1a: Clodsire
|-damage|p1a: Clodsire|64/100
|
|-heal|p2a: Blissey|100/100|[from] item: Leftovers
|-heal|p1a: Clodsire|70/100|[from] item: Black Sludge
|upkeep
|turn|61
|
|t:|1759032518
|switch|p2a: Corviknight|Corviknight, F, shiny|73/100 par
|-damage|p2a: Corviknight|61/100 par|[from] Stealth Rock
|-ability|p2a: Corviknight|Pressure
|switch|p1a: Garganacl|Garganacl, F|100/100
|-damage|p1a: Garganacl|88/100|[from] Stealth Rock
|
|-heal|p1a: Garganacl|94/100|[from] item: Leftovers
|upkeep
|turn|62
|inactive|Battle timer is ON: inactive players will automatically lose when time's up. (requested by MASTER BIG LOOSER)
|
|t:|1759032532
|switch|p2a: Toxapex|Toxapex, M, shiny|100/100
|-damage|p2a: Toxapex|88/100|[from] Stealth Rock
|-sideend|p2: PokePro551|move: Toxic Spikes|[of] p2a: Toxapex
|move|p1a: Garganacl|Salt Cure|p2a: Toxapex
|-damage|p2a: Toxapex|76/100
|-start|p2a: Toxapex|Salt Cure
|
|-heal|p2a: Toxapex|82/100|[from] item: Leftovers
|-heal|p1a: Garganacl|100/100|[from] item: Leftovers
|-damage|p2a: Toxapex|57/100|[from] Salt Cure
|upkeep
|turn|63
|
|t:|1759032543
|switch|p2a: Weezing|Weezing-Galar, F|56/100
|-ability|p2a: Weezing|Neutralizing Gas
|move|p1a: Garganacl|Protect||[still]
|-fail|p1a: Garganacl
|
|upkeep
|turn|64
|
|t:|1759032562
|switch|p1a: Great Tusk|Great Tusk, tera:Ground|47/100
|-damage|p1a: Great Tusk|40/100|[from] Stealth Rock
|move|p2a: Weezing|Pain Split|p1a: Great Tusk
|-sethp|p1a: Great Tusk|42/100|[from] move: Pain Split|[silent]
|-sethp|p2a: Weezing|54/100|[from] move: Pain Split
|
|-heal|p1a: Great Tusk|48/100|[from] item: Leftovers
|upkeep
|turn|65
|
|t:|1759032575
|-end|p2a: Weezing|ability: Neutralizing Gas
|switch|p2a: Corviknight|Corviknight, F, shiny|61/100 par
|-damage|p2a: Corviknight|48/100 par|[from] Stealth Rock
|-ability|p2a: Corviknight|Pressure
|move|p1a: Great Tusk|Earthquake|p2a: Corviknight
|-immune|p2a: Corviknight
|
|-heal|p1a: Great Tusk|54/100|[from] item: Leftovers
|upkeep
|turn|66
|
|t:|1759032587
|move|p1a: Great Tusk|Ice Spinner|p2a: Corviknight
|-damage|p2a: Corviknight|34/100 par
|move|p2a: Corviknight|Roost|p2a: Corviknight
|-heal|p2a: Corviknight|84/100 par
|-singleturn|p2a: Corviknight|move: Roost
|
|-heal|p1a: Great Tusk|60/100|[from] item: Leftovers
|upkeep
|turn|67
|
|t:|1759032598
|move|p1a: Great Tusk|Ice Spinner|p2a: Corviknight
|-damage|p2a: Corviknight|69/100 par
|move|p2a: Corviknight|Body Press|p1a: Great Tusk
|-damage|p1a: Great Tusk|48/100
|
|-heal|p1a: Great Tusk|55/100|[from] item: Leftovers
|upkeep
|turn|68
|
|t:|1759032607
|move|p1a: Great Tusk|Rapid Spin|p2a: Corviknight
|-resisted|p2a: Corviknight
|-damage|p2a: Corviknight|65/100 par
|-boost|p1a: Great Tusk|spe|1
|-sideend|p1: MASTER BIG LOOSER|Stealth Rock|[from] move: Rapid Spin|[of] p1a: Great Tusk
|cant|p2a: Corviknight|par
|
|-heal|p1a: Great Tusk|61/100|[from] item: Leftovers
|upkeep
|turn|69
|
|t:|1759032615
|-end|p1a: Great Tusk|Protosynthesis|[silent]
|switch|p1a: Garganacl|Garganacl, F|100/100
|switch|p2a: Whale Wednesdays|Dondozo, F|77/100
|-damage|p2a: Whale Wednesdays|64/100|[from] Stealth Rock
|
|upkeep
|turn|70
|
|t:|1759032627
|switch|p2a: Weezing|Weezing-Galar, F|54/100
|-ability|p2a: Weezing|Neutralizing Gas
|move|p1a: Garganacl|Protect||[still]
|-fail|p1a: Garganacl
|
|upkeep
|turn|71
|
|t:|1759032637
|switch|p1a: Blissey|Blissey, F|94/100
|move|p2a: Weezing|Will-O-Wisp|p1a: Blissey|[miss]
|-miss|p2a: Weezing|p1a: Blissey
|
|upkeep
|turn|72
|
|t:|1759032648
|move|p2a: Weezing|Pain Split|p1a: Blissey
|-sethp|p1a: Blissey|61/100|[from] move: Pain Split|[silent]
|-sethp|p2a: Weezing|100/100|[from] move: Pain Split
|move|p1a: Blissey|Thunder Wave|p2a: Weezing
|-status|p2a: Weezing|par
|
|upkeep
|turn|73
|
|t:|1759032655
|move|p1a: Blissey|Seismic Toss|p2a: Weezing
|-damage|p2a: Weezing|71/100 par
|move|p2a: Weezing|Defog|p1a: Blissey
|-unboost|p1a: Blissey|evasion|1
|-sideend|p2: PokePro551|Stealth Rock|[from] move: Defog|[of] p2a: Weezing
|
|upkeep
|turn|74
|
|t:|1759032664
|move|p1a: Blissey|Seismic Toss|p2a: Weezing
|-damage|p2a: Weezing|41/100 par
|cant|p2a: Weezing|par
|
|upkeep
|turn|75
|
|t:|1759032668
|move|p1a: Blissey|Seismic Toss|p2a: Weezing
|-damage|p2a: Weezing|11/100 par
|move|p2a: Weezing|Pain Split|p1a: Blissey
|-sethp|p1a: Blissey|33/100|[from] move: Pain Split|[silent]
|-sethp|p2a: Weezing|65/100 par|[from] move: Pain Split
|
|upkeep
|turn|76
|inactive|PokePro551 has 120 seconds left.
|
|t:|1759032708
|-end|p2a: Weezing|ability: Neutralizing Gas
|switch|p2a: Blissey|Blissey, F|100/100
|move|p1a: Blissey|Seismic Toss|p2a: Blissey
|-damage|p2a: Blissey|85/100
|
|-heal|p2a: Blissey|92/100|[from] item: Leftovers
|upkeep
|turn|77
|
|t:|1759032715
|move|p2a: Blissey|Stealth Rock|p1a: Blissey
|-sidestart|p1: MASTER BIG LOOSER|move: Stealth Rock
|move|p1a: Blissey|Thunder Wave|p2a: Blissey
|-status|p2a: Blissey|par
|
|-heal|p2a: Blissey|98/100 par|[from] item: Leftovers
|upkeep
|turn|78
|inactive|PokePro551 has 120 seconds left.
|
|t:|1759032729
|switch|p1a: Garganacl|Garganacl, F|100/100
|-damage|p1a: Garganacl|88/100|[from] Stealth Rock
|move|p2a: Blissey|Seismic Toss|p1a: Garganacl
|-damage|p1a: Garganacl|63/100
|
|-heal|p1a: Garganacl|70/100|[from] item: Leftovers
|-heal|p2a: Blissey|100/100 par|[from] item: Leftovers
|upkeep
|turn|79
|inactive|PokePro551 has 120 seconds left.
|
|t:|1759032742
|-curestatus|p2a: Blissey|par|[from] ability: Natural Cure
|switch|p2a: Weezing|Weezing-Galar, F|65/100 par
|-ability|p2a: Weezing|Neutralizing Gas
|move|p1a: Garganacl|Body Press|p2a: Weezing
|-resisted|p2a: Weezing
|-damage|p2a: Weezing|61/100 par
|
|-heal|p1a: Garganacl|76/100|[from] item: Leftovers
|upkeep
|turn|80
|
|t:|1759032755
|move|p1a: Garganacl|Protect|p1a: Garganacl
|-singleturn|p1a: Garganacl|Protect
|move|p2a: Weezing|Will-O-Wisp|p1a: Garganacl
|-activate|p1a: Garganacl|move: Protect
|
|-heal|p1a: Garganacl|82/100|[from] item: Leftovers
|upkeep
|turn|81
|
|t:|1759032772
|switch|p1a: Blissey|Blissey, F|33/100
|-damage|p1a: Blissey|21/100|[from] Stealth Rock
|move|p2a: Weezing|Will-O-Wisp|p1a: Blissey
|-status|p1a: Blissey|brn
|
|-damage|p1a: Blissey|15/100 brn|[from] brn
|upkeep
|turn|82
|
|t:|1759032780
|switch|p1a: Great Tusk|Great Tusk, tera:Ground|61/100
|-damage|p1a: Great Tusk|55/100|[from] Stealth Rock
|-end|p2a: Weezing|ability: Neutralizing Gas
|switch|p2a: Blissey|Blissey, F|100/100
|
|-heal|p1a: Great Tusk|61/100|[from] item: Leftovers
|upkeep
|turn|83
|
|t:|1759032786
|switch|p2a: Corviknight|Corviknight, F, shiny|65/100 par
|-ability|p2a: Corviknight|Pressure
|move|p1a: Great Tusk|Earthquake|p2a: Corviknight
|-immune|p2a: Corviknight
|
|-heal|p1a: Great Tusk|67/100|[from] item: Leftovers
|upkeep
|turn|84
|
|t:|1759032795
|move|p1a: Great Tusk|Ice Spinner|p2a: Corviknight
|-damage|p2a: Corviknight|52/100 par
|move|p2a: Corviknight|Iron Defense|p2a: Corviknight
|-boost|p2a: Corviknight|def|2
|
|-heal|p1a: Great Tusk|73/100|[from] item: Leftovers
|upkeep
|turn|85
|
|t:|1759032812
|-end|p1a: Great Tusk|Protosynthesis|[silent]
|switch|p1a: Garganacl|Garganacl, F|82/100
|-damage|p1a: Garganacl|70/100|[from] Stealth Rock
|move|p2a: Corviknight|Body Press|p1a: Garganacl
|-supereffective|p1a: Garganacl
|-damage|p1a: Garganacl|2/100
|
|-heal|p1a: Garganacl|8/100|[from] item: Leftovers
|upkeep
|turn|86
|
|t:|1759032829
|move|p1a: Garganacl|Protect|p1a: Garganacl
|-singleturn|p1a: Garganacl|Protect
|move|p2a: Corviknight|Body Press|p1a: Garganacl
|-activate|p1a: Garganacl|move: Protect
|
|-heal|p1a: Garganacl|14/100|[from] item: Leftovers
|upkeep
|turn|87
|
|t:|1759032843
|move|p1a: Garganacl|Recover|p1a: Garganacl
|-heal|p1a: Garganacl|64/100
|cant|p2a: Corviknight|par
|
|-heal|p1a: Garganacl|70/100|[from] item: Leftovers
|upkeep
|turn|88
|
|t:|1759032855
|switch|p2a: Weezing|Weezing-Galar, F|61/100 par
|-ability|p2a: Weezing|Neutralizing Gas
|move|p1a: Garganacl|Salt Cure|p2a: Weezing
|-damage|p2a: Weezing|52/100 par
|-start|p2a: Weezing|Salt Cure
|
|-heal|p1a: Garganacl|76/100|[from] item: Leftovers
|-damage|p2a: Weezing|40/100 par|[from] Salt Cure
|upkeep
|turn|89
|
|t:|1759032868
|move|p1a: Garganacl|Salt Cure|p2a: Weezing
|-damage|p2a: Weezing|31/100 par
|move|p2a: Weezing|Will-O-Wisp|p1a: Garganacl|[miss]
|-miss|p2a: Weezing|p1a: Garganacl
|
|-heal|p1a: Garganacl|83/100|[from] item: Leftovers
|-damage|p2a: Weezing|19/100 par|[from] Salt Cure
|upkeep
|turn|90
|
|t:|1759032876
|move|p1a: Garganacl|Salt Cure|p2a: Weezing
|-damage|p2a: Weezing|9/100 par
|cant|p2a: Weezing|par
|
|-heal|p1a: Garganacl|89/100|[from] item: Leftovers
|-damage|p2a: Weezing|0 fnt|[from] Salt Cure
|faint|p2a: Weezing
|-end|p2a: Weezing|ability: Neutralizing Gas
|upkeep
|
|t:|1759032903
|switch|p2a: Gliscor|Gliscor, F|39/100 tox
|turn|91
|
|t:|1759032908
|move|p2a: Gliscor|Protect|p2a: Gliscor
|-singleturn|p2a: Gliscor|Protect
|move|p1a: Garganacl|Salt Cure|p2a: Gliscor
|-activate|p2a: Gliscor|move: Protect
|
|-heal|p1a: Garganacl|95/100|[from] item: Leftovers
|-heal|p2a: Gliscor|51/100 tox|[from] ability: Poison Heal
|upkeep
|turn|92
|
|t:|1759032915
|move|p2a: Gliscor|Knock Off|p1a: Garganacl
|-damage|p1a: Garganacl|80/100
|-enditem|p1a: Garganacl|Leftovers|[from] move: Knock Off|[of] p2a: Gliscor
|move|p1a: Garganacl|Salt Cure|p2a: Gliscor
|-damage|p2a: Gliscor|41/100 tox
|-start|p2a: Gliscor|Salt Cure
|
|-heal|p2a: Gliscor|53/100 tox|[from] ability: Poison Heal
|-damage|p2a: Gliscor|41/100 tox|[from] Salt Cure
|upkeep
|turn|93
|
|t:|1759032941
|switch|p2a: Toxapex|Toxapex, M, shiny|91/100
|move|p1a: Garganacl|Salt Cure|p2a: Toxapex
|-damage|p2a: Toxapex|79/100
|-start|p2a: Toxapex|Salt Cure
|
|-heal|p2a: Toxapex|85/100|[from] item: Leftovers
|-damage|p2a: Toxapex|60/100|[from] Salt Cure
|upkeep
|turn|94
|
|t:|1759032951
|switch|p2a: Gliscor|Gliscor, F|41/100 tox
|move|p1a: Garganacl|Salt Cure|p2a: Gliscor
|-damage|p2a: Gliscor|29/100 tox
|-start|p2a: Gliscor|Salt Cure
|
|-heal|p2a: Gliscor|41/100 tox|[from] ability: Poison Heal
|-damage|p2a: Gliscor|29/100 tox|[from] Salt Cure
|upkeep
|turn|95
|
|t:|1759032958
|move|p2a: Gliscor|Protect|p2a: Gliscor
|-singleturn|p2a: Gliscor|Protect
|move|p1a: Garganacl|Salt Cure|p2a: Gliscor
|-activate|p2a: Gliscor|move: Protect
|
|-heal|p2a: Gliscor|41/100 tox|[from] ability: Poison Heal
|-damage|p2a: Gliscor|29/100 tox|[from] Salt Cure
|upkeep
|turn|96
|
|t:|1759032968
|switch|p2a: Toxapex|Toxapex, M, shiny|93/100
|move|p1a: Garganacl|Salt Cure|p2a: Toxapex
|-damage|p2a: Toxapex|81/100
|-start|p2a: Toxapex|Salt Cure
|
|-heal|p2a: Toxapex|88/100|[from] item: Leftovers
|-damage|p2a: Toxapex|63/100|[from] Salt Cure
|upkeep
|turn|97
|
|t:|1759032979
|switch|p2a: Blissey|Blissey, F|100/100
|move|p1a: Garganacl|Salt Cure|p2a: Blissey
|-damage|p2a: Blissey|86/100
|-start|p2a: Blissey|Salt Cure
|
|-heal|p2a: Blissey|92/100|[from] item: Leftovers
|-damage|p2a: Blissey|79/100|[from] Salt Cure
|upkeep
|turn|98
|
|t:|1759032991
|move|p2a: Blissey|Stealth Rock||[still]
|-fail|p2a: Blissey
|move|p1a: Garganacl|Body Press|p2a: Blissey
|-supereffective|p2a: Blissey
|-damage|p2a: Blissey|31/100
|
|-heal|p2a: Blissey|37/100|[from] item: Leftovers
|-damage|p2a: Blissey|24/100|[from] Salt Cure
|upkeep
|turn|99
|
|t:|1759032999
|switch|p2a: Gliscor|Gliscor, F|29/100 tox
|move|p1a: Garganacl|Body Press|p2a: Gliscor
|-resisted|p2a: Gliscor
|-damage|p2a: Gliscor|20/100 tox
|
|-heal|p2a: Gliscor|33/100 tox|[from] ability: Poison Heal
|upkeep
|turn|100
|
|t:|1759033004
|move|p2a: Gliscor|Protect|p2a: Gliscor
|-singleturn|p2a: Gliscor|Protect
|move|p1a: Garganacl|Salt Cure|p2a: Gliscor
|-activate|p2a: Gliscor|move: Protect
|
|-heal|p2a: Gliscor|45/100 tox|[from] ability: Poison Heal
|upkeep
|turn|101
|
|t:|1759033016
|move|p2a: Gliscor|Earthquake|p1a: Garganacl
|-supereffective|p1a: Garganacl
|-damage|p1a: Garganacl|38/100
|move|p1a: Garganacl|Salt Cure|p2a: Gliscor
|-damage|p2a: Gliscor|35/100 tox
|-start|p2a: Gliscor|Salt Cure
|
|-heal|p2a: Gliscor|47/100 tox|[from] ability: Poison Heal
|-damage|p2a: Gliscor|35/100 tox|[from] Salt Cure
|upkeep
|turn|102
|
|t:|1759033024
|move|p1a: Garganacl|Protect|p1a: Garganacl
|-singleturn|p1a: Garganacl|Protect
|move|p2a: Gliscor|Earthquake|p1a: Garganacl
|-activate|p1a: Garganacl|move: Protect
|
|-heal|p2a: Gliscor|47/100 tox|[from] ability: Poison Heal
|-damage|p2a: Gliscor|35/100 tox|[from] Salt Cure
|upkeep
|turn|103
|
|t:|1759033035
|switch|p1a: Corviknight|Corviknight, M|100/100
|-damage|p1a: Corviknight|88/100|[from] Stealth Rock
|-ability|p1a: Corviknight|Pressure
|move|p2a: Gliscor|Earthquake|p1a: Corviknight
|-immune|p1a: Corviknight
|
|-heal|p2a: Gliscor|47/100 tox|[from] ability: Poison Heal
|-damage|p2a: Gliscor|35/100 tox|[from] Salt Cure
|upkeep
|turn|104
|
|t:|1759033044
|switch|p2a: Toxapex|Toxapex, M, shiny|96/100
|move|p1a: Corviknight|U-turn|p2a: Toxapex
|-resisted|p2a: Toxapex
|-damage|p2a: Toxapex|90/100
|
|t:|1759033048
|switch|p1a: Garganacl|Garganacl, F|38/100|[from] U-turn
|-damage|p1a: Garganacl|26/100|[from] Stealth Rock
|
|-heal|p2a: Toxapex|96/100|[from] item: Leftovers
|upkeep
|turn|105
|
|t:|1759033054
|switch|p2a: Gliscor|Gliscor, F|35/100 tox
|move|p1a: Garganacl|Recover|p1a: Garganacl
|-heal|p1a: Garganacl|76/100
|
|-heal|p2a: Gliscor|47/100 tox|[from] ability: Poison Heal
|upkeep
|turn|106
|
|t:|1759033059
|move|p2a: Gliscor|Protect|p2a: Gliscor
|-singleturn|p2a: Gliscor|Protect
|move|p1a: Garganacl|Protect||[still]
|-fail|p1a: Garganacl
|
|-heal|p2a: Gliscor|60/100 tox|[from] ability: Poison Heal
|upkeep
|turn|107
|
|t:|1759033072
|switch|p1a: Corviknight|Corviknight, M|88/100
|-damage|p1a: Corviknight|75/100|[from] Stealth Rock
|-ability|p1a: Corviknight|Pressure
|move|p2a: Gliscor|Earthquake|p1a: Corviknight
|-immune|p1a: Corviknight
|
|-heal|p2a: Gliscor|72/100 tox|[from] ability: Poison Heal
|upkeep
|turn|108
|
|t:|1759033080
|move|p2a: Gliscor|Spikes|p1a: Corviknight
|-sidestart|p1: MASTER BIG LOOSER|Spikes
|move|p1a: Corviknight|Defog|p2a: Gliscor
|-unboost|p2a: Gliscor|evasion|1
|-sideend|p1: MASTER BIG LOOSER|Spikes|[from] move: Defog|[of] p1a: Corviknight
|-sideend|p1: MASTER BIG LOOSER|Stealth Rock|[from] move: Defog|[of] p1a: Corviknight
|
|-heal|p2a: Gliscor|85/100 tox|[from] ability: Poison Heal
|upkeep
|turn|109
|
|t:|1759033088
|move|p2a: Gliscor|Spikes|p1a: Corviknight
|-sidestart|p1: MASTER BIG LOOSER|Spikes
|move|p1a: Corviknight|Brave Bird|p2a: Gliscor
|-damage|p2a: Gliscor|54/100 tox
|-damage|p1a: Corviknight|66/100|[from] Recoil
|
|-heal|p2a: Gliscor|67/100 tox|[from] ability: Poison Heal
|upkeep
|turn|110
|
|t:|1759033104
|switch|p2a: Corviknight|Corviknight, F, shiny|52/100 par
|-ability|p2a: Corviknight|Pressure
|move|p1a: Corviknight|Brave Bird|p2a: Corviknight
|-resisted|p2a: Corviknight
|-damage|p2a: Corviknight|42/100 par
|-damage|p1a: Corviknight|63/100|[from] Recoil
|
|upkeep
|turn|111
|
|t:|1759033111
|move|p1a: Corviknight|U-turn|p2a: Corviknight
|-resisted|p2a: Corviknight
|-damage|p2a: Corviknight|39/100 par
|
|t:|1759033115
|switch|p1a: Garganacl|Garganacl, F|76/100|[from] U-turn
|-damage|p1a: Garganacl|64/100|[from] Spikes
|move|p2a: Corviknight|Roost|p2a: Corviknight
|-heal|p2a: Corviknight|89/100 par
|-singleturn|p2a: Corviknight|move: Roost
|
|upkeep
|turn|112
|
|t:|1759033123
|switch|p2a: Gliscor|Gliscor, F|67/100 tox
|move|p1a: Garganacl|Salt Cure|p2a: Gliscor
|-damage|p2a: Gliscor|56/100 tox
|-start|p2a: Gliscor|Salt Cure
|
|-heal|p2a: Gliscor|69/100 tox|[from] ability: Poison Heal
|-damage|p2a: Gliscor|56/100 tox|[from] Salt Cure
|upkeep
|turn|113
|
|t:|1759033132
|switch|p1a: Corviknight|Corviknight, M|63/100
|-ability|p1a: Corviknight|Pressure
|move|p2a: Gliscor|Knock Off|p1a: Corviknight
|-crit|p1a: Corviknight
|-damage|p1a: Corviknight|49/100
|
|-heal|p2a: Gliscor|69/100 tox|[from] ability: Poison Heal
|-damage|p2a: Gliscor|56/100 tox|[from] Salt Cure
|upkeep
|turn|114
|
|t:|1759033141
|switch|p2a: Corviknight|Corviknight, F, shiny|89/100 par
|-ability|p2a: Corviknight|Pressure
|move|p1a: Corviknight|Roost|p1a: Corviknight
|-heal|p1a: Corviknight|99/100
|-singleturn|p1a: Corviknight|move: Roost
|
|upkeep
|turn|115
|
|t:|1759033149
|move|p1a: Corviknight|U-turn|p2a: Corviknight
|-resisted|p2a: Corviknight
|-damage|p2a: Corviknight|87/100 par
|
|t:|1759033152
|switch|p1a: Garganacl|Garganacl, F|64/100|[from] U-turn
|-damage|p1a: Garganacl|51/100|[from] Spikes
|move|p2a: Corviknight|Body Press|p1a: Garganacl
|-supereffective|p1a: Garganacl
|-crit|p1a: Garganacl
|-damage|p1a: Garganacl|0 fnt
|faint|p1a: Garganacl
|
|upkeep
|
|t:|1759033173
|switch|p1a: Great Tusk|Great Tusk, tera:Ground|73/100
|-damage|p1a: Great Tusk|61/100|[from] Spikes
|turn|116
|
|t:|1759033181
|move|p1a: Great Tusk|Ice Spinner|p2a: Corviknight
|-damage|p2a: Corviknight|74/100 par
|move|p2a: Corviknight|Iron Defense|p2a: Corviknight
|-boost|p2a: Corviknight|def|2
|
|-heal|p1a: Great Tusk|67/100|[from] item: Leftovers
|upkeep
|turn|117
|
|t:|1759033189
|move|p1a: Great Tusk|Ice Spinner|p2a: Corviknight
|-damage|p2a: Corviknight|68/100 par
|move|p2a: Corviknight|Body Press|p1a: Great Tusk
|-damage|p1a: Great Tusk|41/100
|
|-heal|p1a: Great Tusk|47/100|[from] item: Leftovers
|upkeep
|turn|118
|
|t:|1759033200
|-end|p1a: Great Tusk|Protosynthesis|[silent]
|switch|p1a: Toxapex|Toxapex, F|100/100
|-damage|p1a: Toxapex|88/100|[from] Spikes
|cant|p2a: Corviknight|par
|
|-heal|p1a: Toxapex|94/100|[from] item: Black Sludge
|upkeep
|turn|119
|
|t:|1759033210
|switch|p2a: Blissey|Blissey, F|24/100
|move|p1a: Toxapex|Haze|p1a: Toxapex
|-clearallboost
|
|-heal|p2a: Blissey|31/100|[from] item: Leftovers
|-heal|p1a: Toxapex|100/100|[from] item: Black Sludge
|upkeep
|turn|120
|
|t:|1759033222
|switch|p1a: Clodsire|Clodsire, F|70/100
|-damage|p1a: Clodsire|57/100|[from] Spikes
|move|p2a: Blissey|Soft-Boiled|p2a: Blissey
|-heal|p2a: Blissey|81/100
|
|-heal|p2a: Blissey|87/100|[from] item: Leftovers
|-heal|p1a: Clodsire|64/100|[from] item: Black Sludge
|upkeep
|turn|121
|
|t:|1759033235
|switch|p2a: Gliscor|Gliscor, F|56/100 tox
|move|p1a: Clodsire|Stealth Rock|p2a: Gliscor
|-sidestart|p2: PokePro551|move: Stealth Rock
|
|-heal|p1a: Clodsire|70/100|[from] item: Black Sludge
|-heal|p2a: Gliscor|69/100 tox|[from] ability: Poison Heal
|upkeep
|turn|122
|
|t:|1759033244
|switch|p1a: Corviknight|Corviknight, M|99/100
|-ability|p1a: Corviknight|Pressure
|move|p2a: Gliscor|Knock Off|p1a: Corviknight
|-damage|p1a: Corviknight|90/100
|
|-heal|p2a: Gliscor|81/100 tox|[from] ability: Poison Heal
|upkeep
|turn|123
|
|t:|1759033255
|move|p2a: Gliscor|Spikes|p1a: Corviknight
|-sidestart|p1: MASTER BIG LOOSER|Spikes
|move|p1a: Corviknight|U-turn|p2a: Gliscor
|-resisted|p2a: Gliscor
|-damage|p2a: Gliscor|75/100 tox
|
|t:|1759033260
|switch|p1a: Great Tusk|Great Tusk, tera:Ground|47/100|[from] U-turn
|-damage|p1a: Great Tusk|30/100|[from] Spikes
|
|-heal|p1a: Great Tusk|37/100|[from] item: Leftovers
|-heal|p2a: Gliscor|88/100 tox|[from] ability: Poison Heal
|upkeep
|turn|124
|
|t:|1759033266
|switch|p2a: Corviknight|Corviknight, F, shiny|68/100 par
|-damage|p2a: Corviknight|55/100 par|[from] Stealth Rock
|-ability|p2a: Corviknight|Pressure
|move|p1a: Great Tusk|Rapid Spin|p2a: Corviknight
|-resisted|p2a: Corviknight
|-damage|p2a: Corviknight|51/100 par
|-boost|p1a: Great Tusk|spe|1
|-sideend|p1: MASTER BIG LOOSER|Spikes|[from] move: Rapid Spin|[of] p1a: Great Tusk
|
|-heal|p1a: Great Tusk|43/100|[from] item: Leftovers
|upkeep
|turn|125
|
|t:|1759033281
|-end|p1a: Great Tusk|Protosynthesis|[silent]
|switch|p1a: Clodsire|Clodsire, F|70/100
|move|p2a: Corviknight|Roost|p2a: Corviknight
|-heal|p2a: Corviknight|100/100 par
|-singleturn|p2a: Corviknight|move: Roost
|
|-heal|p1a: Clodsire|76/100|[from] item: Black Sludge
|upkeep
|turn|126
|
|t:|1759033292
|switch|p2a: Gliscor|Gliscor, F|88/100 tox
|-damage|p2a: Gliscor|75/100 tox|[from] Stealth Rock
|move|p1a: Clodsire|Recover|p1a: Clodsire
|-heal|p1a: Clodsire|100/100
|
|-heal|p2a: Gliscor|88/100 tox|[from] ability: Poison Heal
|upkeep
|turn|127
|inactive|PokePro551 has 120 seconds left.
|
|t:|1759033302
|switch|p1a: Corviknight|Corviknight, M|90/100
|-ability|p1a: Corviknight|Pressure
|move|p2a: Gliscor|Spikes|p1a: Corviknight
|-sidestart|p1: MASTER BIG LOOSER|Spikes
|
|-heal|p2a: Gliscor|100/100 tox|[from] ability: Poison Heal
|upkeep
|turn|128
|inactive|PokePro551 has 120 seconds left.
|
|t:|1759033314
|switch|p2a: Corviknight|Corviknight, F, shiny|100/100 par
|-damage|p2a: Corviknight|88/100 par|[from] Stealth Rock
|-ability|p2a: Corviknight|Pressure
|move|p1a: Corviknight|U-turn|p2a: Corviknight
|-resisted|p2a: Corviknight
|-damage|p2a: Corviknight|86/100 par
|
|t:|1759033319
|switch|p1a: Great Tusk|Great Tusk, tera:Ground|43/100|[from] U-turn
|-damage|p1a: Great Tusk|30/100|[from] Spikes
|
|-heal|p1a: Great Tusk|37/100|[from] item: Leftovers
|upkeep
|turn|129
|inactive|PokePro551 has 120 seconds left.
|
|t:|1759033328
|move|p1a: Great Tusk|Rapid Spin|p2a: Corviknight
|-resisted|p2a: Corviknight
|-damage|p2a: Corviknight|82/100 par
|-boost|p1a: Great Tusk|spe|1
|-sideend|p1: MASTER BIG LOOSER|Spikes|[from] move: Rapid Spin|[of] p1a: Great Tusk
|cant|p2a: Corviknight|par
|
|-heal|p1a: Great Tusk|43/100|[from] item: Leftovers
|upkeep
|turn|130
|inactive|PokePro551 has 120 seconds left.
|
|t:|1759033335
|move|p1a: Great Tusk|Ice Spinner|p2a: Corviknight
|-damage|p2a: Corviknight|69/100 par
|cant|p2a: Corviknight|par
|
|-heal|p1a: Great Tusk|49/100|[from] item: Leftovers
|upkeep
|turn|131
|
|t:|1759033347
|-end|p1a: Great Tusk|Protosynthesis|[silent]
|switch|p1a: Clodsire|Clodsire, F|100/100
|move|p2a: Corviknight|Body Press|p1a: Clodsire
|-resisted|p1a: Clodsire
|-damage|p1a: Clodsire|87/100
|
|-heal|p1a: Clodsire|93/100|[from] item: Black Sludge
|upkeep
|turn|132
|inactive|PokePro551 has 120 seconds left.
|
|t:|1759033369
|cant|p2a: Corviknight|par
|move|p1a: Clodsire|Earthquake|p2a: Corviknight
|-immune|p2a: Corviknight
|
|-heal|p1a: Clodsire|99/100|[from] item: Black Sludge
|upkeep
|turn|133
|inactive|PokePro551 has 120 seconds left.
|
|t:|1759033374
|move|p2a: Corviknight|Defog|p1a: Clodsire
|-unboost|p1a: Clodsire|evasion|1
|-sideend|p2: PokePro551|Stealth Rock|[from] move: Defog|[of] p2a: Corviknight
|move|p1a: Clodsire|Stealth Rock|p2a: Corviknight
|-sidestart|p2: PokePro551|move: Stealth Rock
|
|-heal|p1a: Clodsire|100/100|[from] item: Black Sludge
|upkeep
|turn|134
|
|t:|1759033383
|move|p2a: Corviknight|Defog|p1a: Clodsire
|-unboost|p1a: Clodsire|evasion|1
|-sideend|p2: PokePro551|Stealth Rock|[from] move: Defog|[of] p2a: Corviknight
|move|p1a: Clodsire|Stealth Rock|p2a: Corviknight
|-sidestart|p2: PokePro551|move: Stealth Rock
|
|upkeep
|turn|135
|
|t:|1759033392
|move|p2a: Corviknight|Defog|p1a: Clodsire
|-unboost|p1a: Clodsire|evasion|1
|-sideend|p2: PokePro551|Stealth Rock|[from] move: Defog|[of] p2a: Corviknight
|move|p1a: Clodsire|Stealth Rock|p2a: Corviknight
|-sidestart|p2: PokePro551|move: Stealth Rock
|
|upkeep
|turn|136
|
|t:|1759033400
|move|p2a: Corviknight|Defog|p1a: Clodsire
|-unboost|p1a: Clodsire|evasion|1
|-sideend|p2: PokePro551|Stealth Rock|[from] move: Defog|[of] p2a: Corviknight
|move|p1a: Clodsire|Stealth Rock|p2a: Corviknight
|-sidestart|p2: PokePro551|move: Stealth Rock
|
|upkeep
|turn|137
|
|t:|1759033405
|cant|p2a: Corviknight|par
|move|p1a: Clodsire|Stealth Rock||[still]
|-fail|p1a: Clodsire
|
|upkeep
|turn|138
|
|t:|1759033413
|move|p2a: Corviknight|Iron Defense|p2a: Corviknight
|-boost|p2a: Corviknight|def|2
|move|p1a: Clodsire|Toxic||[still]
|-fail|p1a: Clodsire
|
|upkeep
|turn|139
|
|t:|1759033429
|switch|p1a: Toxapex|Toxapex, F|100/100
|move|p2a: Corviknight|Defog|p1a: Toxapex
|-unboost|p1a: Toxapex|evasion|1
|-sideend|p2: PokePro551|Stealth Rock|[from] move: Defog|[of] p2a: Corviknight
|
|upkeep
|turn|140
|
|t:|1759033438
|switch|p2a: Blissey|Blissey, F|87/100
|move|p1a: Toxapex|Haze|p1a: Toxapex
|-clearallboost
|
|-heal|p2a: Blissey|93/100|[from] item: Leftovers
|upkeep
|turn|141
|
|t:|1759033448
|switch|p1a: Clodsire|Clodsire, F|100/100
|move|p2a: Blissey|Stealth Rock|p1a: Clodsire
|-sidestart|p1: MASTER BIG LOOSER|move: Stealth Rock
|
|-heal|p2a: Blissey|99/100|[from] item: Leftovers
|upkeep
|turn|142
|
|t:|1759033455
|switch|p2a: Gliscor|Gliscor, F|100/100 tox
|move|p1a: Clodsire|Stealth Rock|p2a: Gliscor
|-sidestart|p2: PokePro551|move: Stealth Rock
|
|upkeep
|turn|143
|
|t:|1759033464
|switch|p1a: Corviknight|Corviknight, M|90/100
|-damage|p1a: Corviknight|78/100|[from] Stealth Rock
|-ability|p1a: Corviknight|Pressure
|move|p2a: Gliscor|Spikes|p1a: Corviknight
|-sidestart|p1: MASTER BIG LOOSER|Spikes
|
|upkeep
|turn|144
|
|t:|1759033476
|switch|p2a: Corviknight|Corviknight, F, shiny|69/100 par
|-damage|p2a: Corviknight|57/100 par|[from] Stealth Rock
|-ability|p2a: Corviknight|Pressure
|move|p1a: Corviknight|Defog|p2a: Corviknight
|-unboost|p2a: Corviknight|evasion|1
|-sideend|p2: PokePro551|Stealth Rock|[from] move: Defog|[of] p1a: Corviknight
|-sideend|p1: MASTER BIG LOOSER|Spikes|[from] move: Defog|[of] p1a: Corviknight
|-sideend|p1: MASTER BIG LOOSER|Stealth Rock|[from] move: Defog|[of] p1a: Corviknight
|
|upkeep
|turn|145
|inactive|PokePro551 has 120 seconds left.
|
|t:|1759033501
|switch|p2a: Gliscor|Gliscor, F|100/100 tox
|move|p1a: Corviknight|U-turn|p2a: Gliscor
|-resisted|p2a: Gliscor
|-damage|p2a: Gliscor|95/100 tox
|
|t:|1759033520
|switch|p1a: Great Tusk|Great Tusk, tera:Ground|49/100|[from] U-turn
|
|-heal|p1a: Great Tusk|55/100|[from] item: Leftovers
|-heal|p2a: Gliscor|100/100 tox|[from] ability: Poison Heal
|upkeep
|turn|146
|
|t:|1759033530
|switch|p2a: Toxapex|Toxapex, M, shiny|100/100
|move|p1a: Great Tusk|Ice Spinner|p2a: Toxapex
|-resisted|p2a: Toxapex
|-damage|p2a: Toxapex|91/100
|
|-heal|p1a: Great Tusk|62/100|[from] item: Leftovers
|-heal|p2a: Toxapex|98/100|[from] item: Leftovers
|upkeep
|turn|147
|
|t:|1759033538
|move|p1a: Great Tusk|Earthquake|p2a: Toxapex
|-supereffective|p2a: Toxapex
|-damage|p2a: Toxapex|0 fnt
|faint|p2a: Toxapex
|
|-heal|p1a: Great Tusk|68/100|[from] item: Leftovers
|upkeep
|-message|PokePro551 forfeited.
|
|win|MASTER BIG LOOSER
|raw|MASTER BIG LOOSER's rating: 1408 &rarr; <strong>1431</strong><br />(+23 for winning)
|raw|PokePro551's rating: 1453 &rarr; <strong>1430</strong><br />(-23 for losing)
|l|☆PokePro551
|player|p2|
|j| aquiles.exe
|l| aquiles.exe
|l|☆MASTER BIG LOOSER
|player|p1|
|j| zugbunj
