|j|☆ironcalves
|j|☆BIGBODY55
|t:|1758923548
|gametype|singles
|player|p1|ironcalves|lucas|1109
|player|p2|BIGBODY55|brock|1148
|gen|9
|tier|[Gen 9] OU
|rated|
|rule|HP Percentage Mod: HP is shown in percentages
|rule|Endless Battle Clause: Forcing endless battles is banned
|rule|Species Clause: Limit one of each Pokémon
|rule|OHKO Clause: OHKO moves are banned
|rule|Evasion Items Clause: Evasion items are banned
|rule|Evasion Moves Clause: Evasion moves are banned
|rule|Evasion Abilities Clause: Evasion abilities are banned
|rule|Sleep Moves Clause: Sleep-inducing moves are banned
|clearpoke
|poke|p1|Heatran, F|
|poke|p1|Venusaur, M|
|poke|p1|Ninetales, M|
|poke|p1|Gliscor, F|
|poke|p1|Garganacl, F|
|poke|p1|Dragapult, F|
|poke|p2|Gastrodon, F|
|poke|p2|Slowking-Galar, M|
|poke|p2|Orthworm, M|
|poke|p2|Mismagius, F|
|poke|p2|Ribombee, M|
|poke|p2|Greninja-*, M|
|teampreview
|
|t:|1758923554
|teamsize|p1|6
|teamsize|p2|6
|start
|switch|p1a: Ninetales|Ninetales, M|100/100
|switch|p2a: Gastrodon|Gastrodon, F|100/100
|-weather|SunnyDay|[from] ability: Drought|[of] p1a: Ninetales
|turn|1
|
|t:|1758923564
|switch|p1a: Venusaur|Venusaur, M|100/100
|move|p2a: Gastrodon|Earth Power|p1a: Venusaur
|-damage|p1a: Venusaur|34/100
|
|-weather|SunnyDay|[upkeep]
|upkeep
|turn|2
|
|t:|1758923575
|switch|p2a: Slowking|Slowking-Galar, M|100/100
|move|p1a: Venusaur|Energy Ball|p2a: Slowking
|-resisted|p2a: Slowking
|-damage|p2a: Slowking|79/100
|-damage|p1a: Venusaur|24/100|[from] item: Life Orb
|
|-weather|SunnyDay|[upkeep]
|upkeep
|turn|3
|
|t:|1758923584
|-terastallize|p1a: Venusaur|Ground
|move|p1a: Venusaur|Earth Power|p2a: Slowking
|-supereffective|p2a: Slowking
|-damage|p2a: Slowking|0 fnt
|faint|p2a: Slowking
|-damage|p1a: Venusaur|14/100|[from] item: Life Orb
|
|-weather|SunnyDay|[upkeep]
|upkeep
|
|t:|1758923616
|switch|p2a: Orthworm|Orthworm, M, shiny|100/100
|turn|4
|
|t:|1758923621
|move|p1a: Venusaur|Earth Power|p2a: Orthworm
|-immune|p2a: Orthworm|[from] ability: Earth Eater
|move|p2a: Orthworm|Iron Defense|p2a: Orthworm
|-boost|p2a: Orthworm|def|2
|
|-weather|SunnyDay|[upkeep]
|upkeep
|turn|5
|
|t:|1758923631
|move|p1a: Venusaur|Energy Ball|p2a: Orthworm
|-resisted|p2a: Orthworm
|-damage|p2a: Orthworm|69/100
|-damage|p1a: Venusaur|4/100|[from] item: Life Orb
|move|p2a: Orthworm|Stealth Rock|p1a: Venusaur
|-sidestart|p1: ironcalves|move: Stealth Rock
|
|-weather|SunnyDay|[upkeep]
|-heal|p2a: Orthworm|75/100|[from] item: Leftovers
|upkeep
|turn|6
|
|t:|1758923650
|move|p1a: Venusaur|Growth|p1a: Venusaur
|-boost|p1a: Venusaur|atk|2
|-boost|p1a: Venusaur|spa|2
|move|p2a: Orthworm|Body Press|p1a: Venusaur
|-damage|p1a: Venusaur|0 fnt
|faint|p1a: Venusaur
|
|-weather|SunnyDay|[upkeep]
|-heal|p2a: Orthworm|81/100|[from] item: Leftovers
|upkeep
|
|t:|1758923670
|switch|p1a: Heatran|Heatran, F|100/100
|-damage|p1a: Heatran|88/100|[from] Stealth Rock
|turn|7
|
|t:|1758923678
|-terastallize|p2a: Orthworm|Electric
|move|p1a: Heatran|Magma Storm|p2a: Orthworm
|-damage|p2a: Orthworm|0 fnt
|faint|p2a: Orthworm
|
|-weather|SunnyDay|[upkeep]
|upkeep
|
|t:|1758923687
|switch|p2a: Gastrodon|Gastrodon, F|100/100
|turn|8
|
|t:|1758923692
|switch|p1a: Dragapult|Dragapult, F|100/100
|move|p2a: Gastrodon|Ice Beam|p1a: Dragapult
|-supereffective|p1a: Dragapult
|-damage|p1a: Dragapult|0 fnt
|faint|p1a: Dragapult
|
|-weather|none
|upkeep
|
|t:|1758923701
|switch|p1a: Ninetales|Ninetales, M|100/100
|-damage|p1a: Ninetales|76/100|[from] Stealth Rock
|-weather|SunnyDay|[from] ability: Drought|[of] p1a: Ninetales
|turn|9
|
|t:|1758923726
|switch|p2a: Mismagius|Mismagius, F, shiny|100/100
|move|p1a: Ninetales|Overheat|p2a: Mismagius
|-crit|p2a: Mismagius
|-damage|p2a: Mismagius|0 fnt
|-unboost|p1a: Ninetales|spa|2
|faint|p2a: Mismagius
|
|-weather|SunnyDay|[upkeep]
|upkeep
|
|t:|1758923736
|switch|p2a: Gastrodon|Gastrodon, F|100/100
|turn|10
|
|t:|1758923746
|move|p1a: Ninetales|Will-O-Wisp|p2a: Gastrodon
|-status|p2a: Gastrodon|brn
|move|p2a: Gastrodon|Earth Power|p1a: Ninetales
|-supereffective|p1a: Ninetales
|-damage|p1a: Ninetales|0 fnt
|faint|p1a: Ninetales
|
|-weather|SunnyDay|[upkeep]
|-damage|p2a: Gastrodon|94/100 brn|[from] brn
|upkeep
|inactive|Battle timer is ON: inactive players will automatically lose when time's up. (requested by BIGBODY55)
|
|t:|1758923764
|switch|p1a: Gliscor|Gliscor, F|100/100
|-damage|p1a: Gliscor|88/100|[from] Stealth Rock
|turn|11
|
|t:|1758923771
|switch|p2a: Ribombee|Ribombee, M|100/100
|move|p1a: Gliscor|Protect||[still]
|-fail|p1a: Gliscor
|
|-weather|SunnyDay|[upkeep]
|-status|p1a: Gliscor|tox|[from] item: Toxic Orb
|upkeep
|turn|12
|
|t:|1758923785
|move|p2a: Ribombee|Moonblast|p1a: Gliscor
|-damage|p1a: Gliscor|21/100 tox
|-unboost|p1a: Gliscor|spa|1
|move|p1a: Gliscor|Facade|p2a: Ribombee
|-damage|p2a: Ribombee|17/100
|
|-weather|SunnyDay|[upkeep]
|-heal|p1a: Gliscor|33/100 tox|[from] ability: Poison Heal
|upkeep
|turn|13
|
|t:|1758923801
|move|p2a: Ribombee|Moonblast|p1a: Gliscor
|-damage|p1a: Gliscor|0 fnt
|faint|p1a: Gliscor
|
|-weather|SunnyDay|[upkeep]
|upkeep
|
|t:|1758923805
|switch|p1a: Garganacl|Garganacl, F|100/100
|-damage|p1a: Garganacl|88/100|[from] Stealth Rock
|turn|14
|
|t:|1758923813
|move|p2a: Ribombee|Moonblast|p1a: Garganacl
|-damage|p1a: Garganacl|47/100
|-unboost|p1a: Garganacl|spa|1
|move|p1a: Garganacl|Salt Cure|p2a: Ribombee
|-supereffective|p2a: Ribombee
|-damage|p2a: Ribombee|0 fnt
|faint|p2a: Ribombee
|
|-weather|SunnyDay|[upkeep]
|-heal|p1a: Garganacl|53/100|[from] item: Leftovers
|upkeep
|
|t:|1758923816
|switch|p2a: Gastrodon|Gastrodon, F|94/100 brn
|turn|15
|
|t:|1758923837
|move|p2a: Gastrodon|Earth Power|p1a: Garganacl
|-supereffective|p1a: Garganacl
|-damage|p1a: Garganacl|0 fnt
|faint|p1a: Garganacl
|
|-weather|SunnyDay|[upkeep]
|-damage|p2a: Gastrodon|88/100 brn|[from] brn
|upkeep
|
|t:|1758923844
|switch|p1a: Heatran|Heatran, F|88/100
|-damage|p1a: Heatran|76/100|[from] Stealth Rock
|turn|16
|c|☆BIGBODY55|GOOOOOOOO
|
|t:|1758923850
|move|p1a: Heatran|Solar Beam||[still]
|-prepare|p1a: Heatran|Solar Beam
|-anim|p1a: Heatran|Solar Beam|p2a: Gastrodon
|-supereffective|p2a: Gastrodon
|-damage|p2a: Gastrodon|0 fnt
|faint|p2a: Gastrodon
|
|-weather|none
|upkeep
|
|t:|1758923853
|switch|p2a: Greninja|Greninja, M, shiny|100/100
|turn|17
|
|t:|1758923858
|move|p2a: Greninja|Hydro Pump|p1a: Heatran
|-start|p2a: Greninja|typechange|Water|[from] ability: Protean
|-supereffective|p1a: Heatran
|-damage|p1a: Heatran|0 fnt
|faint|p1a: Heatran
|
|win|BIGBODY55
|raw|ironcalves's rating: 1109 &rarr; <strong>1087</strong><br />(-22 for losing)
|raw|BIGBODY55's rating: 1148 &rarr; <strong>1170</strong><br />(+22 for winning)
