|j|‽XIXINANA
|j|☆Darkyrios
|t:|1758920415
|gametype|singles
|player|p1|XIXINANA|nate|1149
|player|p2|Darkyrios|veteran|1117
|gen|9
|tier|[Gen 9] OU
|rated|
|rule|HP Percentage Mod: HP is shown in percentages
|rule|Endless Battle Clause: Forcing endless battles is banned
|rule|Species Clause: Limit one of each Pokémon
|rule|OHKO Clause: OHKO moves are banned
|rule|Evasion Items Clause: Evasion items are banned
|rule|Evasion Moves Clause: Evasion moves are banned
|rule|Evasion Abilities Clause: Evasion abilities are banned
|rule|Sleep Moves Clause: Sleep-inducing moves are banned
|clearpoke
|poke|p1|Lycanroc-Midnight, M|
|poke|p1|Zoroark-Hisui, M|
|poke|p1|Ceruledge, F|
|poke|p1|Polteageist-Antique|
|poke|p1|Typhlosion-Hisui, M|
|poke|p1|Regidrago|
|poke|p2|Regice|
|poke|p2|Dondozo, M|
|poke|p2|Araquanid, M|
|poke|p2|Iron Hands|
|poke|p2|Incineroar, F|
|poke|p2|Zapdos|
|teampreview
|inactive|Battle timer is ON: inactive players will automatically lose when time's up. (requested by Darkyrios)
|
|t:|1758920444
|teamsize|p1|6
|teamsize|p2|6
|start
|switch|p1a: Lycanroc|Lycanroc-Midnight, M|100/100
|switch|p2a: Regice|Regice|100/100
|turn|1
|
|t:|1758920474
|move|p1a: Lycanroc|Stone Edge|p2a: Regice
|-supereffective|p2a: Regice
|-damage|p2a: Regice|4/100
|-damage|p1a: Lycanroc|91/100|[from] item: Life Orb
|move|p2a: Regice|Snowscape|p2a: Regice
|-weather|Snowscape
|
|-weather|Snowscape|[upkeep]
|-heal|p2a: Regice|10/100|[from] ability: Ice Body
|-heal|p2a: Regice|16/100|[from] item: Leftovers
|upkeep
|turn|2
|
|t:|1758920490
|move|p2a: Regice|Protect|p2a: Regice
|-singleturn|p2a: Regice|Protect
|move|p1a: Lycanroc|Stone Edge|p2a: Regice
|-activate|p2a: Regice|move: Protect
|
|-weather|Snowscape|[upkeep]
|-heal|p2a: Regice|22/100|[from] ability: Ice Body
|-heal|p2a: Regice|28/100|[from] item: Leftovers
|upkeep
|turn|3
|
|t:|1758920501
|switch|p2a: Dondozo|Dondozo, M|100/100
|move|p1a: Lycanroc|Stone Edge|p2a: Dondozo
|-damage|p2a: Dondozo|71/100
|-damage|p1a: Lycanroc|81/100|[from] item: Life Orb
|
|-weather|Snowscape|[upkeep]
|-heal|p2a: Dondozo|77/100|[from] item: Leftovers
|upkeep
|turn|4
|
|t:|1758920523
|switch|p1a: Regidrago|Regidrago|100/100
|move|p2a: Dondozo|Curse|p2a: Dondozo
|-unboost|p2a: Dondozo|spe|1
|-boost|p2a: Dondozo|atk|1
|-boost|p2a: Dondozo|def|1
|
|-weather|Snowscape|[upkeep]
|-heal|p2a: Dondozo|83/100|[from] item: Leftovers
|upkeep
|turn|5
|
|t:|1758920533
|move|p1a: Regidrago|Dragon Energy|p2a: Dondozo
|-damage|p2a: Dondozo|0 fnt
|faint|p2a: Dondozo
|
|-weather|none
|upkeep
|
|t:|1758920545
|switch|p2a: Araquanid|Araquanid, M|100/100
|turn|6
|
|t:|1758920549
|switch|p1a: Lycanroc|Lycanroc-Midnight, M|81/100
|move|p2a: Araquanid|Sticky Web|p1a: Lycanroc
|-sidestart|p1: XIXINANA|move: Sticky Web
|
|upkeep
|turn|7
|
|t:|1758920560
|switch|p2a: Incineroar|Incineroar, F|100/100
|-ability|p2a: Incineroar|Intimidate|boost
|-unboost|p1a: Lycanroc|atk|1
|move|p1a: Lycanroc|Stone Edge|p2a: Incineroar
|-supereffective|p2a: Incineroar
|-damage|p2a: Incineroar|25/100
|-damage|p1a: Lycanroc|71/100|[from] item: Life Orb
|
|-heal|p2a: Incineroar|31/100|[from] item: Leftovers
|upkeep
|turn|8
|
|t:|1758920573
|switch|p2a: Araquanid|Araquanid, M|100/100
|move|p1a: Lycanroc|Stone Edge|p2a: Araquanid
|-supereffective|p2a: Araquanid
|-damage|p2a: Araquanid|10/100
|-damage|p1a: Lycanroc|61/100|[from] item: Life Orb
|
|-heal|p2a: Araquanid|16/100|[from] item: Leftovers
|upkeep
|turn|9
|
|t:|1758920585
|switch|p2a: Iron Hands|Iron Hands|100/100
|move|p1a: Lycanroc|Stone Edge|p2a: Iron Hands
|-resisted|p2a: Iron Hands
|-damage|p2a: Iron Hands|87/100
|-damage|p1a: Lycanroc|51/100|[from] item: Life Orb
|
|upkeep
|turn|10
|
|t:|1758920599
|move|p1a: Lycanroc|Psychic Fangs|p2a: Iron Hands
|-supereffective|p2a: Iron Hands
|-damage|p2a: Iron Hands|51/100
|-damage|p1a: Lycanroc|41/100|[from] item: Life Orb
|move|p2a: Iron Hands|Belly Drum|p2a: Iron Hands
|-damage|p2a: Iron Hands|1/100
|-setboost|p2a: Iron Hands|atk|6|[from] move: Belly Drum
|-enditem|p2a: Iron Hands|Sitrus Berry|[eat]
|-heal|p2a: Iron Hands|26/100|[from] item: Sitrus Berry
|
|upkeep
|turn|11
|
|t:|1758920610
|move|p1a: Lycanroc|Psychic Fangs|p2a: Iron Hands
|-supereffective|p2a: Iron Hands
|-damage|p2a: Iron Hands|0 fnt
|faint|p2a: Iron Hands
|-end|p2a: Iron Hands|Quark Drive|[silent]
|-damage|p1a: Lycanroc|31/100|[from] item: Life Orb
|
|upkeep
|-message|Darkyrios forfeited.
|
|win|XIXINANA
|raw|XIXINANA's rating: 1149 &rarr; <strong>1172</strong><br />(+23 for winning)
|raw|Darkyrios's rating: 1117 &rarr; <strong>1094</strong><br />(-23 for losing)
|l|☆Darkyrios
|player|p2|
|l|‽XIXINANA
|player|p1|
