|j|☆kaz2109
|j|☆dr. drake6782
|t:|1759077192
|gametype|singles
|player|p1|kaz2109|lady-gen4|1434
|player|p2|dr. drake6782|170|1482
|gen|9
|tier|[Gen 9] OU
|rated|
|rule|HP Percentage Mod: HP is shown in percentages
|rule|Endless Battle Clause: Forcing endless battles is banned
|rule|Species Clause: Limit one of each Pokémon
|rule|OHKO Clause: OHKO moves are banned
|rule|Evasion Items Clause: Evasion items are banned
|rule|Evasion Moves Clause: Evasion moves are banned
|rule|Evasion Abilities Clause: Evasion abilities are banned
|rule|Sleep Moves Clause: Sleep-inducing moves are banned
|clearpoke
|poke|p1|Slowking-Galar, F|
|poke|p1|Kyurem|
|poke|p1|Great Tusk|
|poke|p1|Gholdengo|
|poke|p1|Zapdos|
|poke|p1|Zamazenta-*|
|poke|p2|Tyranitar, F|
|poke|p2|Excadrill, M|
|poke|p2|Kingambit, M|
|poke|p2|Garchomp, M|
|poke|p2|Pecharunt|
|poke|p2|Rotom-Wash|
|teampreview
|inactive|Battle timer is ON: inactive players will automatically lose when time's up. (requested by dr. drake6782)
|
|t:|1759077205
|teamsize|p1|6
|teamsize|p2|6
|start
|switch|p1a: Great Tusk|Great Tusk|100/100
|switch|p2a: Rotom|Rotom-Wash|100/100
|turn|1
|
|t:|1759077210
|-end|p1a: Great Tusk|Protosynthesis|[silent]
|switch|p1a: Gholdengo|Gholdengo|100/100
|move|p2a: Rotom|Hydro Pump|p1a: Gholdengo
|-damage|p1a: Gholdengo|58/100
|
|-heal|p1a: Gholdengo|65/100|[from] item: Leftovers
|upkeep
|turn|2
|
|t:|1759077218
|move|p1a: Gholdengo|Thunder Wave|p2a: Rotom
|-immune|p2a: Rotom
|move|p2a: Rotom|Volt Switch|p1a: Gholdengo
|-damage|p1a: Gholdengo|39/100
|inactive|dr. drake6782 has 120 seconds left.
|
|t:|1759077256
|switch|p2a: Excadrill|Excadrill, M|100/100|[from] Volt Switch
|
|-heal|p1a: Gholdengo|45/100|[from] item: Leftovers
|upkeep
|turn|3
|
|t:|1759077260
|switch|p1a: Zapdos|Zapdos|100/100
|move|p2a: Excadrill|Earthquake|p1a: Zapdos
|-immune|p1a: Zapdos
|
|upkeep
|turn|4
|
|t:|1759077268
|move|p2a: Excadrill|Rock Slide|p1a: Zapdos
|-supereffective|p1a: Zapdos
|-damage|p1a: Zapdos|38/100
|-damage|p2a: Excadrill|91/100|[from] item: Life Orb
|cant|p1a: Zapdos|flinch
|
|upkeep
|turn|5
|
|t:|1759077276
|switch|p1a: Zamazenta|Zamazenta|100/100
|-ability|p1a: Zamazenta|Dauntless Shield|boost
|-boost|p1a: Zamazenta|def|1
|move|p2a: Excadrill|Rock Slide|p1a: Zamazenta
|-resisted|p1a: Zamazenta
|-damage|p1a: Zamazenta|91/100
|-damage|p2a: Excadrill|81/100|[from] item: Life Orb
|
|-heal|p1a: Zamazenta|97/100|[from] item: Leftovers
|upkeep
|turn|6
|
|t:|1759077282
|switch|p2a: Pecharunt|Pecharunt|100/100
|-item|p2a: Pecharunt|Air Balloon
|move|p1a: Zamazenta|Substitute|p1a: Zamazenta
|-start|p1a: Zamazenta|Substitute
|-damage|p1a: Zamazenta|72/100
|
|-heal|p1a: Zamazenta|79/100|[from] item: Leftovers
|upkeep
|turn|7
|
|t:|1759077294
|move|p1a: Zamazenta|Crunch|p2a: Pecharunt
|-supereffective|p2a: Pecharunt
|-damage|p2a: Pecharunt|80/100
|-enditem|p2a: Pecharunt|Air Balloon
|move|p2a: Pecharunt|Malignant Chain|p1a: Zamazenta
|-end|p1a: Zamazenta|Substitute
|
|-heal|p1a: Zamazenta|85/100|[from] item: Leftovers
|upkeep
|turn|8
|
|t:|1759077303
|move|p1a: Zamazenta|Substitute|p1a: Zamazenta
|-start|p1a: Zamazenta|Substitute
|-damage|p1a: Zamazenta|60/100
|move|p2a: Pecharunt|Malignant Chain|p1a: Zamazenta
|-activate|p1a: Zamazenta|move: Substitute|[damage]
|
|-heal|p1a: Zamazenta|66/100|[from] item: Leftovers
|upkeep
|turn|9
|
|t:|1759077313
|move|p1a: Zamazenta|Crunch|p2a: Pecharunt
|-supereffective|p2a: Pecharunt
|-damage|p2a: Pecharunt|58/100
|move|p2a: Pecharunt|Parting Shot|p1a: Zamazenta
|-unboost|p1a: Zamazenta|atk|1
|-unboost|p1a: Zamazenta|spa|1
|
|t:|1759077318
|switch|p2a: Tyranitar|Tyranitar, F|100/100|[from] Parting Shot
|-weather|Sandstorm|[from] ability: Sand Stream|[of] p2a: Tyranitar
|
|-weather|Sandstorm|[upkeep]
|-damage|p1a: Zamazenta|60/100|[from] Sandstorm
|-heal|p1a: Zamazenta|66/100|[from] item: Leftovers
|upkeep
|turn|10
|
|t:|1759077322
|switch|p2a: Pecharunt|Pecharunt|58/100
|move|p1a: Zamazenta|Iron Defense|p1a: Zamazenta
|-boost|p1a: Zamazenta|def|2
|
|-weather|Sandstorm|[upkeep]
|-damage|p1a: Zamazenta|60/100|[from] Sandstorm
|-damage|p2a: Pecharunt|52/100|[from] Sandstorm
|-heal|p1a: Zamazenta|66/100|[from] item: Leftovers
|upkeep
|turn|11
|
|t:|1759077328
|move|p1a: Zamazenta|Crunch|p2a: Pecharunt
|-supereffective|p2a: Pecharunt
|-damage|p2a: Pecharunt|40/100
|move|p2a: Pecharunt|Recover|p2a: Pecharunt
|-heal|p2a: Pecharunt|90/100
|
|-weather|Sandstorm|[upkeep]
|-damage|p1a: Zamazenta|60/100|[from] Sandstorm
|-damage|p2a: Pecharunt|84/100|[from] Sandstorm
|-heal|p1a: Zamazenta|66/100|[from] item: Leftovers
|upkeep
|turn|12
|inactive|dr. drake6782 has 120 seconds left.
|
|t:|1759077366
|move|p1a: Zamazenta|Crunch|p2a: Pecharunt
|-supereffective|p2a: Pecharunt
|-damage|p2a: Pecharunt|69/100
|-unboost|p2a: Pecharunt|def|1
|move|p2a: Pecharunt|Shadow Ball|p1a: Zamazenta
|-end|p1a: Zamazenta|Substitute
|
|-weather|Sandstorm|[upkeep]
|-damage|p1a: Zamazenta|60/100|[from] Sandstorm
|-damage|p2a: Pecharunt|63/100|[from] Sandstorm
|-heal|p1a: Zamazenta|66/100|[from] item: Leftovers
|upkeep
|turn|13
|inactive|dr. drake6782 has 120 seconds left.
|
|t:|1759077378
|move|p1a: Zamazenta|Substitute|p1a: Zamazenta
|-start|p1a: Zamazenta|Substitute
|-damage|p1a: Zamazenta|41/100
|move|p2a: Pecharunt|Parting Shot|p1a: Zamazenta
|-unboost|p1a: Zamazenta|atk|1
|-unboost|p1a: Zamazenta|spa|1
|
|t:|1759077383
|switch|p2a: Rotom|Rotom-Wash|100/100|[from] Parting Shot
|
|-weather|Sandstorm|[upkeep]
|-damage|p1a: Zamazenta|35/100|[from] Sandstorm
|-damage|p2a: Rotom|94/100|[from] Sandstorm
|-heal|p1a: Zamazenta|41/100|[from] item: Leftovers
|-heal|p2a: Rotom|100/100|[from] item: Leftovers
|upkeep
|turn|14
|
|t:|1759077385
|move|p1a: Zamazenta|Body Press|p2a: Rotom
|-damage|p2a: Rotom|32/100
|move|p2a: Rotom|Volt Switch|p1a: Zamazenta
|-activate|p1a: Zamazenta|move: Substitute|[damage]
|
|t:|1759077398
|switch|p2a: Pecharunt|Pecharunt|63/100|[from] Volt Switch
|
|-weather|Sandstorm|[upkeep]
|-damage|p1a: Zamazenta|35/100|[from] Sandstorm
|-damage|p2a: Pecharunt|57/100|[from] Sandstorm
|-heal|p1a: Zamazenta|41/100|[from] item: Leftovers
|upkeep
|turn|15
|
|t:|1759077401
|move|p1a: Zamazenta|Crunch|p2a: Pecharunt
|-supereffective|p2a: Pecharunt
|-damage|p2a: Pecharunt|46/100
|move|p2a: Pecharunt|Recover|p2a: Pecharunt
|-heal|p2a: Pecharunt|96/100
|
|-weather|Sandstorm|[upkeep]
|-damage|p1a: Zamazenta|35/100|[from] Sandstorm
|-damage|p2a: Pecharunt|90/100|[from] Sandstorm
|-heal|p1a: Zamazenta|41/100|[from] item: Leftovers
|upkeep
|turn|16
|
|t:|1759077407
|move|p1a: Zamazenta|Crunch|p2a: Pecharunt
|-supereffective|p2a: Pecharunt
|-damage|p2a: Pecharunt|80/100
|move|p2a: Pecharunt|Shadow Ball|p1a: Zamazenta
|-end|p1a: Zamazenta|Substitute
|
|-weather|none
|-heal|p1a: Zamazenta|47/100|[from] item: Leftovers
|upkeep
|turn|17
|
|t:|1759077417
|switch|p1a: Slowking|Slowking-Galar, F|100/100
|move|p2a: Pecharunt|Malignant Chain|p1a: Slowking
|-resisted|p1a: Slowking
|-damage|p1a: Slowking|91/100
|
|upkeep
|turn|18
|
|t:|1759077422
|move|p2a: Pecharunt|Shadow Ball|p1a: Slowking
|-supereffective|p1a: Slowking
|-damage|p1a: Slowking|59/100
|-unboost|p1a: Slowking|spd|1
|move|p1a: Slowking|Thunder Wave|p2a: Pecharunt|[miss]
|-miss|p1a: Slowking|p2a: Pecharunt
|
|upkeep
|turn|19
|
|t:|1759077435
|-terastallize|p1a: Slowking|Dark
|move|p2a: Pecharunt|Shadow Ball|p1a: Slowking
|-resisted|p1a: Slowking
|-damage|p1a: Slowking|48/100
|move|p1a: Slowking|Thunder Wave|p2a: Pecharunt
|-status|p2a: Pecharunt|par
|
|upkeep
|turn|20
|
|t:|1759077437
|move|p2a: Pecharunt|Malignant Chain|p1a: Slowking
|-damage|p1a: Slowking|21/100
|-status|p1a: Slowking|tox
|-start|p1a: Slowking|confusion|[from] ability: Poison Puppeteer|[of] p2a: Pecharunt
|-prepare|p1a: Slowking|Chilly Reception|[premajor]
|-activate|p1a: Slowking|confusion
|move|p1a: Slowking|Chilly Reception|p1a: Slowking
|-weather|Snowscape
|
|t:|1759077442
|switch|p1a: Kyurem|Kyurem|100/100|[from] Chilly Reception
|-ability|p1a: Kyurem|Pressure
|
|-weather|Snowscape|[upkeep]
|upkeep
|turn|21
|
|t:|1759077447
|switch|p2a: Tyranitar|Tyranitar, F|100/100
|-weather|Sandstorm|[from] ability: Sand Stream|[of] p2a: Tyranitar
|move|p1a: Kyurem|Earth Power|p2a: Tyranitar
|-supereffective|p2a: Tyranitar
|-damage|p2a: Tyranitar|62/100
|-unboost|p2a: Tyranitar|spd|1
|
|-weather|Sandstorm|[upkeep]
|-damage|p1a: Kyurem|94/100|[from] Sandstorm
|upkeep
|turn|22
|
|t:|1759077455
|switch|p1a: Zapdos|Zapdos|38/100
|switch|p2a: Rotom|Rotom-Wash|32/100
|
|-weather|Sandstorm|[upkeep]
|-damage|p1a: Zapdos|32/100|[from] Sandstorm
|-damage|p2a: Rotom|26/100|[from] Sandstorm
|-heal|p2a: Rotom|32/100|[from] item: Leftovers
|upkeep
|turn|23
|
|t:|1759077460
|move|p1a: Zapdos|Roost|p1a: Zapdos
|-heal|p1a: Zapdos|82/100
|-singleturn|p1a: Zapdos|move: Roost
|move|p2a: Rotom|Hydro Pump|p1a: Zapdos|[miss]
|-miss|p2a: Rotom|p1a: Zapdos
|
|-weather|Sandstorm|[upkeep]
|-damage|p1a: Zapdos|76/100|[from] Sandstorm
|-damage|p2a: Rotom|26/100|[from] Sandstorm
|-heal|p2a: Rotom|32/100|[from] item: Leftovers
|upkeep
|turn|24
|
|t:|1759077465
|move|p1a: Zapdos|Heat Wave|p2a: Rotom
|-resisted|p2a: Rotom
|-damage|p2a: Rotom|19/100
|move|p2a: Rotom|Pain Split|p1a: Zapdos
|-sethp|p1a: Zapdos|45/100|[from] move: Pain Split|[silent]
|-sethp|p2a: Rotom|57/100|[from] move: Pain Split
|
|-weather|Sandstorm|[upkeep]
|-damage|p1a: Zapdos|39/100|[from] Sandstorm
|-damage|p2a: Rotom|51/100|[from] Sandstorm
|-heal|p2a: Rotom|57/100|[from] item: Leftovers
|upkeep
|turn|25
|
|t:|1759077475
|move|p1a: Zapdos|U-turn|p2a: Rotom
|-damage|p2a: Rotom|46/100
|
|t:|1759077477
|switch|p1a: Slowking|Slowking-Galar, F, tera:Dark|55/100 tox|[from] U-turn
|move|p2a: Rotom|Hydro Pump|p1a: Slowking|[miss]
|-miss|p2a: Rotom|p1a: Slowking
|
|-weather|Sandstorm|[upkeep]
|-damage|p2a: Rotom|40/100|[from] Sandstorm
|-damage|p1a: Slowking|49/100 tox|[from] Sandstorm
|-heal|p2a: Rotom|46/100|[from] item: Leftovers
|-damage|p1a: Slowking|42/100 tox|[from] psn
|upkeep
|turn|26
|
|t:|1759077482
|move|p2a: Rotom|Volt Switch|p1a: Slowking
|-damage|p1a: Slowking|28/100 tox
|
|t:|1759077487
|switch|p2a: Excadrill|Excadrill, M|81/100|[from] Volt Switch
|move|p1a: Slowking|Future Sight|p2a: Excadrill
|-start|p1a: Slowking|move: Future Sight
|
|-weather|Sandstorm|[upkeep]
|-damage|p1a: Slowking|22/100 tox|[from] Sandstorm
|-damage|p1a: Slowking|10/100 tox|[from] psn
|upkeep
|turn|27
|
|t:|1759077503
|switch|p1a: Great Tusk|Great Tusk|100/100
|move|p2a: Excadrill|Rapid Spin|p1a: Great Tusk
|-damage|p1a: Great Tusk|83/100
|-boost|p2a: Excadrill|spe|1
|-damage|p2a: Excadrill|71/100|[from] item: Life Orb
|
|-weather|Sandstorm|[upkeep]
|upkeep
|turn|28
|
|t:|1759077507
|switch|p2a: Rotom|Rotom-Wash|46/100
|move|p1a: Great Tusk|Close Combat|p2a: Rotom
|-damage|p2a: Rotom|0 fnt
|-unboost|p1a: Great Tusk|def|1
|-unboost|p1a: Great Tusk|spd|1
|faint|p2a: Rotom
|-enditem|p1a: Great Tusk|Eject Pack
|
|t:|1759077519
|-end|p1a: Great Tusk|Protosynthesis|[silent]
|switch|p1a: Slowking|Slowking-Galar, F, tera:Dark|44/100 tox
|
|-weather|none
|-hint|Future Sight did not hit because the target is fainted.
|-damage|p1a: Slowking|37/100 tox|[from] psn
|upkeep
|
|t:|1759077547
|switch|p2a: Excadrill|Excadrill, M|71/100
|turn|29
|
|t:|1759077560
|switch|p1a: Zapdos|Zapdos|39/100
|move|p2a: Excadrill|Swords Dance|p2a: Excadrill
|-boost|p2a: Excadrill|atk|2
|
|upkeep
|turn|30
|
|t:|1759077565
|move|p2a: Excadrill|Rock Slide|p1a: Zapdos
|-supereffective|p1a: Zapdos
|-damage|p1a: Zapdos|0 fnt
|faint|p1a: Zapdos
|-damage|p2a: Excadrill|61/100|[from] item: Life Orb
|
|upkeep
|
|t:|1759077568
|switch|p1a: Zamazenta|Zamazenta|47/100
|turn|31
|
|t:|1759077580
|switch|p2a: Pecharunt|Pecharunt|80/100 par
|move|p1a: Zamazenta|Crunch|p2a: Pecharunt
|-supereffective|p2a: Pecharunt
|-damage|p2a: Pecharunt|60/100 par
|-unboost|p2a: Pecharunt|def|1
|
|-heal|p1a: Zamazenta|53/100|[from] item: Leftovers
|upkeep
|turn|32
|
|t:|1759077587
|move|p1a: Zamazenta|Substitute|p1a: Zamazenta
|-start|p1a: Zamazenta|Substitute
|-damage|p1a: Zamazenta|28/100
|move|p2a: Pecharunt|Parting Shot|p1a: Zamazenta
|-unboost|p1a: Zamazenta|atk|1
|-unboost|p1a: Zamazenta|spa|1
|
|t:|1759077592
|switch|p2a: Garchomp|Garchomp, M|100/100|[from] Parting Shot
|
|-heal|p1a: Zamazenta|35/100|[from] item: Leftovers
|upkeep
|turn|33
|
|t:|1759077595
|move|p1a: Zamazenta|Iron Defense|p1a: Zamazenta
|-boost|p1a: Zamazenta|def|2
|move|p2a: Garchomp|Scale Shot|p1a: Zamazenta
|-activate|p1a: Zamazenta|move: Substitute|[damage]
|-activate|p1a: Zamazenta|move: Substitute|[damage]
|-activate|p1a: Zamazenta|move: Substitute|[damage]
|-activate|p1a: Zamazenta|move: Substitute|[damage]
|-hitcount|p1a: Zamazenta|4
|-unboost|p2a: Garchomp|def|1
|-boost|p2a: Garchomp|spe|1
|
|-heal|p1a: Zamazenta|41/100|[from] item: Leftovers
|upkeep
|turn|34
|
|t:|1759077605
|switch|p2a: Pecharunt|Pecharunt|60/100 par
|move|p1a: Zamazenta|Body Press|p2a: Pecharunt
|-immune|p2a: Pecharunt
|
|-heal|p1a: Zamazenta|47/100|[from] item: Leftovers
|upkeep
|turn|35
|
|t:|1759077609
|move|p1a: Zamazenta|Crunch|p2a: Pecharunt
|-supereffective|p2a: Pecharunt
|-damage|p2a: Pecharunt|45/100 par
|cant|p2a: Pecharunt|par
|
|-heal|p1a: Zamazenta|53/100|[from] item: Leftovers
|upkeep
|turn|36
|
|t:|1759077615
|move|p1a: Zamazenta|Crunch|p2a: Pecharunt
|-supereffective|p2a: Pecharunt
|-damage|p2a: Pecharunt|32/100 par
|move|p2a: Pecharunt|Recover|p2a: Pecharunt
|-heal|p2a: Pecharunt|82/100 par
|
|-heal|p1a: Zamazenta|59/100|[from] item: Leftovers
|upkeep
|turn|37
|
|t:|1759077621
|move|p1a: Zamazenta|Crunch|p2a: Pecharunt
|-supereffective|p2a: Pecharunt
|-crit|p2a: Pecharunt
|-damage|p2a: Pecharunt|51/100 par
|cant|p2a: Pecharunt|par
|
|-heal|p1a: Zamazenta|65/100|[from] item: Leftovers
|upkeep
|turn|38
|
|t:|1759077626
|move|p1a: Zamazenta|Crunch|p2a: Pecharunt
|-supereffective|p2a: Pecharunt
|-damage|p2a: Pecharunt|38/100 par
|cant|p2a: Pecharunt|par
|
|-heal|p1a: Zamazenta|72/100|[from] item: Leftovers
|upkeep
|turn|39
|
|t:|1759077632
|move|p1a: Zamazenta|Crunch|p2a: Pecharunt
|-supereffective|p2a: Pecharunt
|-damage|p2a: Pecharunt|24/100 par
|cant|p2a: Pecharunt|par
|
|-heal|p1a: Zamazenta|78/100|[from] item: Leftovers
|upkeep
|turn|40
|
|t:|1759077637
|move|p1a: Zamazenta|Crunch|p2a: Pecharunt
|-supereffective|p2a: Pecharunt
|-damage|p2a: Pecharunt|12/100 par
|move|p2a: Pecharunt|Recover|p2a: Pecharunt
|-heal|p2a: Pecharunt|62/100 par
|
|-heal|p1a: Zamazenta|84/100|[from] item: Leftovers
|upkeep
|turn|41
|
|t:|1759077643
|move|p1a: Zamazenta|Crunch|p2a: Pecharunt
|-supereffective|p2a: Pecharunt
|-damage|p2a: Pecharunt|48/100 par
|move|p2a: Pecharunt|Recover|p2a: Pecharunt
|-heal|p2a: Pecharunt|98/100 par
|
|-heal|p1a: Zamazenta|90/100|[from] item: Leftovers
|upkeep
|turn|42
|
|t:|1759077648
|switch|p2a: Tyranitar|Tyranitar, F|62/100
|-weather|Sandstorm|[from] ability: Sand Stream|[of] p2a: Tyranitar
|move|p1a: Zamazenta|Crunch|p2a: Tyranitar
|-resisted|p2a: Tyranitar
|-damage|p2a: Tyranitar|57/100
|-unboost|p2a: Tyranitar|def|1
|
|-weather|Sandstorm|[upkeep]
|-damage|p1a: Zamazenta|84/100|[from] Sandstorm
|-heal|p1a: Zamazenta|90/100|[from] item: Leftovers
|upkeep
|turn|43
|
|t:|1759077652
|switch|p2a: Pecharunt|Pecharunt|98/100 par
|move|p1a: Zamazenta|Crunch|p2a: Pecharunt
|-supereffective|p2a: Pecharunt
|-damage|p2a: Pecharunt|85/100 par
|-unboost|p2a: Pecharunt|def|1
|
|-weather|Sandstorm|[upkeep]
|-damage|p1a: Zamazenta|84/100|[from] Sandstorm
|-damage|p2a: Pecharunt|79/100 par|[from] Sandstorm
|-heal|p1a: Zamazenta|90/100|[from] item: Leftovers
|upkeep
|turn|44
|
|t:|1759077658
|move|p1a: Zamazenta|Crunch|p2a: Pecharunt
|-supereffective|p2a: Pecharunt
|-damage|p2a: Pecharunt|57/100 par
|move|p2a: Pecharunt|Parting Shot|p1a: Zamazenta
|-unboost|p1a: Zamazenta|atk|1
|-unboost|p1a: Zamazenta|spa|1
|
|t:|1759077663
|switch|p2a: Tyranitar|Tyranitar, F|57/100|[from] Parting Shot
|
|-weather|Sandstorm|[upkeep]
|-damage|p1a: Zamazenta|84/100|[from] Sandstorm
|-heal|p1a: Zamazenta|90/100|[from] item: Leftovers
|upkeep
|turn|45
|
|t:|1759077664
|switch|p2a: Pecharunt|Pecharunt|57/100 par
|move|p1a: Zamazenta|Body Press|p2a: Pecharunt
|-immune|p2a: Pecharunt
|
|-weather|Sandstorm|[upkeep]
|-damage|p1a: Zamazenta|84/100|[from] Sandstorm
|-damage|p2a: Pecharunt|51/100 par|[from] Sandstorm
|-heal|p1a: Zamazenta|90/100|[from] item: Leftovers
|upkeep
|turn|46
|
|t:|1759077668
|move|p1a: Zamazenta|Crunch|p2a: Pecharunt
|-supereffective|p2a: Pecharunt
|-damage|p2a: Pecharunt|40/100 par
|move|p2a: Pecharunt|Recover|p2a: Pecharunt
|-heal|p2a: Pecharunt|90/100 par
|
|-weather|Sandstorm|[upkeep]
|-damage|p1a: Zamazenta|84/100|[from] Sandstorm
|-damage|p2a: Pecharunt|84/100 par|[from] Sandstorm
|-heal|p1a: Zamazenta|90/100|[from] item: Leftovers
|upkeep
|turn|47
|
|t:|1759077674
|switch|p2a: Garchomp|Garchomp, M|100/100
|move|p1a: Zamazenta|Crunch|p2a: Garchomp
|-damage|p2a: Garchomp|90/100
|-damage|p1a: Zamazenta|78/100|[from] ability: Rough Skin|[of] p2a: Garchomp
|
|-weather|Sandstorm|[upkeep]
|-damage|p1a: Zamazenta|72/100|[from] Sandstorm
|-heal|p1a: Zamazenta|78/100|[from] item: Leftovers
|upkeep
|turn|48
|
|t:|1759077681
|move|p1a: Zamazenta|Body Press|p2a: Garchomp
|-damage|p2a: Garchomp|23/100
|-damage|p1a: Zamazenta|65/100|[from] ability: Rough Skin|[of] p2a: Garchomp
|move|p2a: Garchomp|Earthquake|p1a: Zamazenta
|-end|p1a: Zamazenta|Substitute
|
|-weather|Sandstorm|[upkeep]
|-damage|p1a: Zamazenta|59/100|[from] Sandstorm
|-heal|p1a: Zamazenta|65/100|[from] item: Leftovers
|upkeep
|turn|49
|
|t:|1759077686
|switch|p2a: Pecharunt|Pecharunt|84/100 par
|move|p1a: Zamazenta|Body Press|p2a: Pecharunt
|-immune|p2a: Pecharunt
|
|-weather|none
|-heal|p1a: Zamazenta|72/100|[from] item: Leftovers
|upkeep
|turn|50
|
|t:|1759077693
|switch|p1a: Gholdengo|Gholdengo|45/100
|move|p2a: Pecharunt|Parting Shot|p1a: Gholdengo
|-immune|p1a: Gholdengo|[from] ability: Good as Gold
|
|-heal|p1a: Gholdengo|51/100|[from] item: Leftovers
|upkeep
|turn|51
|
|t:|1759077700
|switch|p2a: Tyranitar|Tyranitar, F|57/100
|-weather|Sandstorm|[from] ability: Sand Stream|[of] p2a: Tyranitar
|move|p1a: Gholdengo|Hex|p2a: Tyranitar
|-resisted|p2a: Tyranitar
|-damage|p2a: Tyranitar|51/100
|
|-weather|Sandstorm|[upkeep]
|-heal|p1a: Gholdengo|57/100|[from] item: Leftovers
|upkeep
|turn|52
|
|t:|1759077717
|move|p1a: Gholdengo|Focus Blast|p2a: Tyranitar
|-supereffective|p2a: Tyranitar
|-crit|p2a: Tyranitar
|-damage|p2a: Tyranitar|0 fnt
|faint|p2a: Tyranitar
|
|-weather|Sandstorm|[upkeep]
|-heal|p1a: Gholdengo|63/100|[from] item: Leftovers
|upkeep
|
|t:|1759077721
|switch|p2a: Excadrill|Excadrill, M|61/100
|turn|53
|
|t:|1759077731
|switch|p1a: Great Tusk|Great Tusk|83/100
|move|p2a: Excadrill|Earthquake|p1a: Great Tusk
|-damage|p1a: Great Tusk|28/100
|-damage|p2a: Excadrill|51/100|[from] item: Life Orb
|
|-weather|Sandstorm|[upkeep]
|upkeep
|turn|54
|
|t:|1759077734
|move|p2a: Excadrill|Earthquake|p1a: Great Tusk
|-damage|p1a: Great Tusk|0 fnt
|faint|p1a: Great Tusk
|-end|p1a: Great Tusk|Protosynthesis|[silent]
|-damage|p2a: Excadrill|41/100|[from] item: Life Orb
|
|-weather|Sandstorm|[upkeep]
|upkeep
|
|t:|1759077736
|switch|p1a: Zamazenta|Zamazenta|72/100
|turn|55
|
|t:|1759077741
|-terastallize|p2a: Excadrill|Ground
|move|p2a: Excadrill|Earthquake|p1a: Zamazenta
|-damage|p1a: Zamazenta|0 fnt
|faint|p1a: Zamazenta
|-damage|p2a: Excadrill|31/100|[from] item: Life Orb
|
|-weather|Sandstorm|[upkeep]
|upkeep
|
|t:|1759077745
|switch|p1a: Kyurem|Kyurem|94/100
|-ability|p1a: Kyurem|Pressure
|turn|56
|inactive|dr. drake6782 has 120 seconds left.
|
|t:|1759077777
|move|p2a: Excadrill|Earthquake|p1a: Kyurem
|-damage|p1a: Kyurem|0 fnt
|faint|p1a: Kyurem
|-damage|p2a: Excadrill|21/100|[from] item: Life Orb
|
|-weather|Sandstorm|[upkeep]
|upkeep
|c|☆dr. drake6782|gg
|-message|kaz2109 forfeited.
|
|win|dr. drake6782
|raw|kaz2109's rating: 1434 &rarr; <strong>1417</strong><br />(-17 for losing)
|raw|dr. drake6782's rating: 1482 &rarr; <strong>1499</strong><br />(+17 for winning)
|l|☆kaz2109
|player|p1|
