|badge|p1|bronze|gen9ou|100-6
|uhtml|medal-msg|<div class="broadcast-blue">Curious what those medals under the avatar are? PS now has Ladder Seasons! For more information, check out the <a href="https://www.smogon.com/forums/threads/3740067/">thread on Smogon.</a></div>
|j|☆Prav33n
|j|☆lerendezvous
|t:|1758918977
|gametype|singles
|player|p1|Prav33n|koga|1818
|player|p2|lerendezvous|101|1728
|gen|9
|tier|[Gen 9] OU
|rated|
|rule|HP Percentage Mod: HP is shown in percentages
|rule|Endless Battle Clause: Forcing endless battles is banned
|rule|Species Clause: Limit one of each Pokémon
|rule|OHKO Clause: OHKO moves are banned
|rule|Evasion Items Clause: Evasion items are banned
|rule|Evasion Moves Clause: Evasion moves are banned
|rule|Evasion Abilities Clause: Evasion abilities are banned
|rule|Sleep Moves Clause: Sleep-inducing moves are banned
|clearpoke
|poke|p1|Kyurem|
|poke|p1|Great Tusk|
|poke|p1|Ogerpon-Wellspring, F|
|poke|p1|Heatran, F|
|poke|p1|Enamorus, F|
|poke|p1|Pecharunt|
|poke|p2|Ogerpon-Wellspring, F|
|poke|p2|Slowking-Galar, F|
|poke|p2|Great Tusk|
|poke|p2|Moltres|
|poke|p2|Dragapult, M|
|poke|p2|Kingambit, M|
|teampreview
|inactive|Battle timer is ON: inactive players will automatically lose when time's up. (requested by Prav33n)
|inactive|lerendezvous also wants the timer to be on.
|
|t:|1758919000
|teamsize|p1|6
|teamsize|p2|6
|start
|switch|p1a: Heatran|Heatran, F|100/100
|switch|p2a: Ogerpon|Ogerpon-Wellspring, F|100/100
|turn|1
|
|t:|1758919016
|switch|p1a: Kyurem|Kyurem, shiny|100/100
|-ability|p1a: Kyurem|Pressure
|move|p2a: Ogerpon|Knock Off|p1a: Kyurem
|-damage|p1a: Kyurem|64/100
|-enditem|p1a: Kyurem|Leftovers|[from] move: Knock Off|[of] p2a: Ogerpon
|
|upkeep
|turn|2
|
|t:|1758919023
|move|p2a: Ogerpon|U-turn|p1a: Kyurem
|-damage|p1a: Kyurem|40/100
|
|t:|1758919030
|switch|p2a: Slowking|Slowking-Galar, F|100/100|[from] U-turn
|move|p1a: Kyurem|Freeze-Dry|p2a: Slowking
|-damage|p2a: Slowking|81/100
|-status|p2a: Slowking|frz
|
|upkeep
|turn|3
|
|t:|1758919037
|switch|p2a: Moltres|Moltres|100/100
|move|p1a: Kyurem|Earth Power|p2a: Moltres
|-immune|p2a: Moltres
|
|upkeep
|turn|4
|
|t:|1758919043
|move|p1a: Kyurem|Freeze-Dry|p2a: Moltres
|-damage|p2a: Moltres|67/100
|move|p2a: Moltres|Flamethrower|p1a: Kyurem
|-damage|p1a: Kyurem|4/100
|
|upkeep
|turn|5
|
|t:|1758919049
|move|p1a: Kyurem|Freeze-Dry|p2a: Moltres
|-damage|p2a: Moltres|29/100
|move|p2a: Moltres|Roost|p2a: Moltres
|-heal|p2a: Moltres|79/100
|-singleturn|p2a: Moltres|move: Roost
|
|upkeep
|turn|6
|
|t:|1758919055
|move|p1a: Kyurem|Freeze-Dry|p2a: Moltres
|-damage|p2a: Moltres|43/100
|move|p2a: Moltres|Roost|p2a: Moltres
|-heal|p2a: Moltres|93/100
|-singleturn|p2a: Moltres|move: Roost
|
|upkeep
|turn|7
|
|t:|1758919061
|move|p1a: Kyurem|Protect|p1a: Kyurem
|-singleturn|p1a: Kyurem|Protect
|move|p2a: Moltres|Roost|p2a: Moltres
|-heal|p2a: Moltres|100/100
|-singleturn|p2a: Moltres|move: Roost
|
|upkeep
|turn|8
|
|t:|1758919067
|switch|p2a: Slowking|Slowking-Galar, F|100/100 frz
|move|p1a: Kyurem|Freeze-Dry|p2a: Slowking
|-damage|p2a: Slowking|81/100 frz
|
|upkeep
|turn|9
|
|t:|1758919073
|move|p1a: Kyurem|Earth Power|p2a: Slowking
|-supereffective|p2a: Slowking
|-damage|p2a: Slowking|49/100 frz
|-curestatus|p2a: Slowking|frz|[msg]
|move|p2a: Slowking|Sludge Bomb|p1a: Kyurem
|-damage|p1a: Kyurem|0 fnt
|faint|p1a: Kyurem
|
|upkeep
|
|t:|1758919078
|switch|p1a: Heatran|Heatran, F|100/100
|turn|10
|
|t:|1758919084
|switch|p2a: Ogerpon|Ogerpon-Wellspring, F|100/100
|move|p1a: Heatran|Magma Storm|p2a: Ogerpon|[miss]
|-miss|p1a: Heatran|p2a: Ogerpon
|
|upkeep
|turn|11
|
|t:|1758919092
|switch|p1a: Ogerpon|Ogerpon-Wellspring, F|100/100
|move|p2a: Ogerpon|Knock Off|p1a: Ogerpon
|-damage|p1a: Ogerpon|65/100
|
|upkeep
|turn|12
|
|t:|1758919097
|switch|p1a: Enamorus|Enamorus, F, shiny|100/100
|move|p2a: Ogerpon|Knock Off|p1a: Enamorus
|-resisted|p1a: Enamorus
|-damage|p1a: Enamorus|70/100
|-enditem|p1a: Enamorus|Choice Scarf|[from] move: Knock Off|[of] p2a: Ogerpon
|
|upkeep
|turn|13
|
|t:|1758919106
|switch|p1a: Ogerpon|Ogerpon-Wellspring, F|65/100
|move|p2a: Ogerpon|Knock Off|p1a: Ogerpon
|-damage|p1a: Ogerpon|28/100
|
|upkeep
|turn|14
|
|t:|1758919113
|switch|p1a: Pecharunt|Pecharunt|100/100
|-item|p1a: Pecharunt|Air Balloon
|move|p2a: Ogerpon|Knock Off|p1a: Pecharunt
|-supereffective|p1a: Pecharunt
|-damage|p1a: Pecharunt|66/100
|-enditem|p1a: Pecharunt|Air Balloon
|
|upkeep
|turn|15
|
|t:|1758919120
|move|p2a: Ogerpon|Ivy Cudgel|p1a: Pecharunt|[anim] Ivy Cudgel Water
|-damage|p1a: Pecharunt|38/100
|move|p1a: Pecharunt|Malignant Chain|p2a: Ogerpon
|-supereffective|p2a: Ogerpon
|-damage|p2a: Ogerpon|32/100
|-status|p2a: Ogerpon|tox
|-start|p2a: Ogerpon|confusion|[from] ability: Poison Puppeteer|[of] p1a: Pecharunt
|
|-damage|p2a: Ogerpon|26/100 tox|[from] psn
|upkeep
|turn|16
|
|t:|1758919126
|switch|p2a: Great Tusk|Great Tusk|100/100
|move|p1a: Pecharunt|Recover|p1a: Pecharunt
|-heal|p1a: Pecharunt|88/100
|
|upkeep
|turn|17
|
|t:|1758919132
|move|p2a: Great Tusk|Stealth Rock|p1a: Pecharunt
|-sidestart|p1: Prav33n|move: Stealth Rock
|move|p1a: Pecharunt|Malignant Chain|p2a: Great Tusk
|-resisted|p2a: Great Tusk
|-damage|p2a: Great Tusk|79/100
|-status|p2a: Great Tusk|tox
|-start|p2a: Great Tusk|confusion|[from] ability: Poison Puppeteer|[of] p1a: Pecharunt
|
|-damage|p2a: Great Tusk|72/100 tox|[from] psn
|upkeep
|turn|18
|
|t:|1758919138
|-end|p2a: Great Tusk|Protosynthesis|[silent]
|switch|p2a: Slowking|Slowking-Galar, F|82/100
|move|p1a: Pecharunt|Recover|p1a: Pecharunt
|-heal|p1a: Pecharunt|100/100
|
|upkeep
|turn|19
|
|t:|1758919144
|move|p1a: Pecharunt|Shadow Ball|p2a: Slowking
|-supereffective|p2a: Slowking
|-damage|p2a: Slowking|56/100
|move|p2a: Slowking|Psyshock|p1a: Pecharunt
|-supereffective|p1a: Pecharunt
|-damage|p1a: Pecharunt|65/100
|
|upkeep
|turn|20
|
|t:|1758919150
|move|p1a: Pecharunt|Parting Shot|p2a: Slowking
|-unboost|p2a: Slowking|atk|1
|-unboost|p2a: Slowking|spa|1
|
|t:|1758919152
|switch|p1a: Heatran|Heatran, F|100/100|[from] Parting Shot
|-damage|p1a: Heatran|88/100|[from] Stealth Rock
|move|p2a: Slowking|Ice Beam|p1a: Heatran
|-resisted|p1a: Heatran
|-damage|p1a: Heatran|85/100
|
|-heal|p1a: Heatran|91/100|[from] item: Leftovers
|upkeep
|turn|21
|
|t:|1758919160
|switch|p2a: Ogerpon|Ogerpon-Wellspring, F|26/100 tox
|move|p1a: Heatran|Magma Storm|p2a: Ogerpon|[miss]
|-miss|p1a: Heatran|p2a: Ogerpon
|
|-heal|p1a: Heatran|98/100|[from] item: Leftovers
|-damage|p2a: Ogerpon|20/100 tox|[from] psn
|upkeep
|turn|22
|
|t:|1758919168
|move|p2a: Ogerpon|Ivy Cudgel|p1a: Heatran|[anim] Ivy Cudgel Water
|-supereffective|p1a: Heatran
|-damage|p1a: Heatran|0 fnt
|faint|p1a: Heatran
|
|-damage|p2a: Ogerpon|8/100 tox|[from] psn
|upkeep
|
|t:|1758919176
|switch|p1a: Ogerpon|Ogerpon-Wellspring, F|28/100
|-damage|p1a: Ogerpon|16/100|[from] Stealth Rock
|turn|23
|
|t:|1758919181
|move|p2a: Ogerpon|U-turn|p1a: Ogerpon
|-supereffective|p1a: Ogerpon
|-damage|p1a: Ogerpon|0 fnt
|faint|p1a: Ogerpon
|-message|Prav33n forfeited.
|
|win|lerendezvous
|raw|Prav33n's rating: 1818 &rarr; <strong>1793</strong><br />(-25 for losing)
|raw|lerendezvous's rating: 1728 &rarr; <strong>1753</strong><br />(+25 for winning)
|l|☆Prav33n
|player|p1|
|l|☆lerendezvous
|player|p2|
