|j|☆thegreatestnone
|j|☆aa78
|t:|1759020563
|gametype|singles
|player|p1|thegreatestnone|170|1435
|player|p2|aa78|acetrainercouple|1404
|gen|9
|tier|[Gen 9] OU
|rated|
|rule|HP Percentage Mod: HP is shown in percentages
|rule|Endless Battle Clause: Forcing endless battles is banned
|rule|Species Clause: Limit one of each Pokémon
|rule|OHKO Clause: OHKO moves are banned
|rule|Evasion Items Clause: Evasion items are banned
|rule|Evasion Moves Clause: Evasion moves are banned
|rule|Evasion Abilities Clause: Evasion abilities are banned
|rule|Sleep Moves Clause: Sleep-inducing moves are banned
|clearpoke
|poke|p1|Empoleon, M|
|poke|p1|Ting-Lu|
|poke|p1|Skeledirge, M|
|poke|p1|Gholdengo|
|poke|p1|Weezing-Galar, M|
|poke|p1|Slowking, F|
|poke|p2|Vikavolt, F|
|poke|p2|Tornadus-Therian, M|
|poke|p2|Raging Bolt|
|poke|p2|Cinderace, F|
|poke|p2|Slowking-Galar, M|
|poke|p2|Zamazenta-*|
|teampreview
|
|t:|1759020567
|teamsize|p1|6
|teamsize|p2|6
|start
|switch|p1a: Empoleon|Empoleon, M|100/100
|switch|p2a: Vikavolt|Vikavolt, F|100/100
|turn|1
|
|t:|1759020575
|move|p1a: Empoleon|Knock Off|p2a: Vikavolt
|-damage|p2a: Vikavolt|81/100
|-enditem|p2a: Vikavolt|Heavy-Duty Boots|[from] move: Knock Off|[of] p1a: Empoleon
|move|p2a: Vikavolt|Volt Switch|p1a: Empoleon
|-supereffective|p1a: Empoleon
|-damage|p1a: Empoleon|48/100
|
|t:|1759020580
|switch|p2a: Zamazenta|Zamazenta|100/100|[from] Volt Switch
|-ability|p2a: Zamazenta|Dauntless Shield|boost
|-boost|p2a: Zamazenta|def|1
|
|-heal|p1a: Empoleon|55/100|[from] item: Leftovers
|upkeep
|turn|2
|
|t:|1759020587
|switch|p2a: Slowking|Slowking-Galar, M|100/100
|move|p1a: Empoleon|Protect||[still]
|-fail|p1a: Empoleon
|
|-heal|p1a: Empoleon|61/100|[from] item: Leftovers
|upkeep
|turn|3
|
|t:|1759020593
|switch|p2a: Vikavolt|Vikavolt, F|81/100
|move|p1a: Empoleon|Roost|p1a: Empoleon
|-heal|p1a: Empoleon|100/100
|-singleturn|p1a: Empoleon|move: Roost
|
|upkeep
|turn|4
|
|t:|1759020597
|move|p1a: Empoleon|Knock Off|p2a: Vikavolt
|-damage|p2a: Vikavolt|69/100
|move|p2a: Vikavolt|Energy Ball|p1a: Empoleon
|-damage|p1a: Empoleon|79/100
|
|-heal|p1a: Empoleon|85/100|[from] item: Leftovers
|upkeep
|turn|5
|
|t:|1759020604
|move|p1a: Empoleon|Protect|p1a: Empoleon
|-singleturn|p1a: Empoleon|Protect
|move|p2a: Vikavolt|Energy Ball|p1a: Empoleon
|-activate|p1a: Empoleon|move: Protect
|
|-heal|p1a: Empoleon|92/100|[from] item: Leftovers
|upkeep
|turn|6
|
|t:|1759020611
|move|p1a: Empoleon|Ice Beam|p2a: Vikavolt
|-damage|p2a: Vikavolt|40/100
|move|p2a: Vikavolt|Energy Ball|p1a: Empoleon
|-damage|p1a: Empoleon|71/100
|
|-heal|p1a: Empoleon|77/100|[from] item: Leftovers
|upkeep
|turn|7
|
|t:|1759020618
|move|p1a: Empoleon|Ice Beam|p2a: Vikavolt
|-damage|p2a: Vikavolt|13/100
|move|p2a: Vikavolt|Volt Switch|p1a: Empoleon
|-supereffective|p1a: Empoleon
|-damage|p1a: Empoleon|22/100
|
|t:|1759020625
|switch|p2a: Tornadus|Tornadus-Therian, M|100/100|[from] Volt Switch
|
|-heal|p1a: Empoleon|28/100|[from] item: Leftovers
|upkeep
|turn|8
|
|t:|1759020632
|move|p1a: Empoleon|Protect|p1a: Empoleon
|-singleturn|p1a: Empoleon|Protect
|move|p2a: Tornadus|Focus Blast|p1a: Empoleon
|-activate|p1a: Empoleon|move: Protect
|
|-heal|p1a: Empoleon|34/100|[from] item: Leftovers
|upkeep
|turn|9
|
|t:|1759020637
|move|p2a: Tornadus|Nasty Plot|p2a: Tornadus
|-boost|p2a: Tornadus|spa|2
|move|p1a: Empoleon|Knock Off|p2a: Tornadus
|-damage|p2a: Tornadus|73/100
|-enditem|p2a: Tornadus|Life Orb|[from] move: Knock Off|[of] p1a: Empoleon
|
|-heal|p1a: Empoleon|41/100|[from] item: Leftovers
|upkeep
|turn|10
|
|t:|1759020645
|move|p1a: Empoleon|Protect|p1a: Empoleon
|-singleturn|p1a: Empoleon|Protect
|move|p2a: Tornadus|Focus Blast|p1a: Empoleon
|-activate|p1a: Empoleon|move: Protect
|
|-heal|p1a: Empoleon|47/100|[from] item: Leftovers
|upkeep
|turn|11
|
|t:|1759020651
|-terastallize|p2a: Tornadus|Dark
|move|p2a: Tornadus|Dark Pulse|p1a: Empoleon
|-damage|p1a: Empoleon|0 fnt
|faint|p1a: Empoleon
|
|upkeep
|inactive|Battle timer is ON: inactive players will automatically lose when time's up. (requested by aa78)
|
|t:|1759020670
|switch|p1a: Ting-Lu|Ting-Lu|100/100
|-ability|p1a: Ting-Lu|Vessel of Ruin
|turn|12
|
|t:|1759020674
|move|p2a: Tornadus|Nasty Plot|p2a: Tornadus
|-boost|p2a: Tornadus|spa|2
|move|p1a: Ting-Lu|Earthquake|p2a: Tornadus
|-damage|p2a: Tornadus|19/100
|
|upkeep
|turn|13
|
|t:|1759020681
|move|p2a: Tornadus|Focus Blast|p1a: Ting-Lu
|-supereffective|p1a: Ting-Lu
|-damage|p1a: Ting-Lu|7/100
|move|p1a: Ting-Lu|Earthquake|p2a: Tornadus
|-damage|p2a: Tornadus|0 fnt
|faint|p2a: Tornadus
|
|-heal|p1a: Ting-Lu|13/100|[from] item: Leftovers
|upkeep
|
|t:|1759020687
|switch|p2a: Cinderace|Cinderace, F|100/100
|turn|14
|
|t:|1759020692
|switch|p1a: Skeledirge|Skeledirge, M|100/100
|move|p2a: Cinderace|Temper Flare|p1a: Skeledirge
|-resisted|p1a: Skeledirge
|-damage|p1a: Skeledirge|91/100
|
|upkeep
|turn|15
|
|t:|1759020699
|switch|p2a: Vikavolt|Vikavolt, F|13/100
|move|p1a: Skeledirge|Will-O-Wisp|p2a: Vikavolt
|-status|p2a: Vikavolt|brn
|
|-damage|p2a: Vikavolt|6/100 brn|[from] brn
|upkeep
|turn|16
|
|t:|1759020714
|move|p1a: Skeledirge|Slack Off|p1a: Skeledirge
|-heal|p1a: Skeledirge|100/100
|move|p2a: Vikavolt|Volt Switch|p1a: Skeledirge
|-damage|p1a: Skeledirge|59/100
|
|t:|1759020718
|switch|p2a: Raging Bolt|Raging Bolt|100/100|[from] Volt Switch
|-enditem|p2a: Raging Bolt|Booster Energy
|-activate|p2a: Raging Bolt|ability: Protosynthesis|[fromitem]
|-start|p2a: Raging Bolt|protosynthesisspa
|
|upkeep
|turn|17
|
|t:|1759020721
|switch|p1a: Ting-Lu|Ting-Lu|13/100
|-ability|p1a: Ting-Lu|Vessel of Ruin
|move|p2a: Raging Bolt|Dragon Pulse|p1a: Ting-Lu
|-damage|p1a: Ting-Lu|0 fnt
|faint|p1a: Ting-Lu
|
|upkeep
|
|t:|1759020728
|switch|p1a: Slowking|Slowking, F|100/100
|turn|18
|
|t:|1759020734
|-end|p2a: Raging Bolt|Protosynthesis|[silent]
|switch|p2a: Vikavolt|Vikavolt, F|6/100 brn
|-terastallize|p1a: Slowking|Fairy
|move|p1a: Slowking|Calm Mind|p1a: Slowking
|-boost|p1a: Slowking|spa|1
|-boost|p1a: Slowking|spd|1
|
|-damage|p2a: Vikavolt|0 fnt|[from] brn
|faint|p2a: Vikavolt
|upkeep
|
|t:|1759020741
|switch|p2a: Slowking|Slowking-Galar, M|100/100
|turn|19
|
|t:|1759020745
|switch|p1a: Gholdengo|Gholdengo|100/100
|move|p2a: Slowking|Sludge Bomb|p1a: Gholdengo
|-immune|p1a: Gholdengo
|
|upkeep
|turn|20
|
|t:|1759020750
|move|p1a: Gholdengo|Shadow Ball|p2a: Slowking
|-supereffective|p2a: Slowking
|-damage|p2a: Slowking|52/100
|-prepare|p2a: Slowking|Chilly Reception|[premajor]
|move|p2a: Slowking|Chilly Reception|p2a: Slowking
|-weather|Snowscape
|
|t:|1759020754
|switch|p2a: Cinderace|Cinderace, F|100/100|[from] Chilly Reception
|
|-weather|Snowscape|[upkeep]
|upkeep
|turn|21
|
|t:|1759020757
|switch|p1a: Skeledirge|Skeledirge, M|59/100
|move|p2a: Cinderace|Temper Flare|p1a: Skeledirge
|-resisted|p1a: Skeledirge
|-damage|p1a: Skeledirge|50/100
|
|-weather|Snowscape|[upkeep]
|upkeep
|turn|22
|
|t:|1759020761
|switch|p2a: Slowking|Slowking-Galar, M|85/100
|move|p1a: Skeledirge|Slack Off|p1a: Skeledirge
|-heal|p1a: Skeledirge|99/100
|
|-weather|Snowscape|[upkeep]
|upkeep
|turn|23
|
|t:|1759020764
|move|p1a: Skeledirge|Will-O-Wisp|p2a: Slowking|[miss]
|-miss|p1a: Skeledirge|p2a: Slowking
|move|p2a: Slowking|Future Sight|p1a: Skeledirge
|-start|p2a: Slowking|move: Future Sight
|
|-weather|Snowscape|[upkeep]
|upkeep
|turn|24
|
|t:|1759020767
|move|p1a: Skeledirge|Will-O-Wisp|p2a: Slowking
|-status|p2a: Slowking|brn
|move|p2a: Slowking|Sludge Bomb|p1a: Skeledirge
|-resisted|p1a: Skeledirge
|-damage|p1a: Skeledirge|81/100
|
|-weather|none
|-damage|p2a: Slowking|79/100 brn|[from] brn
|upkeep
|turn|25
|
|t:|1759020772
|switch|p1a: Slowking|Slowking, F, tera:Fairy|100/100
|move|p2a: Slowking|Sludge Bomb|p1a: Slowking
|-supereffective|p1a: Slowking
|-damage|p1a: Slowking|59/100
|
|-end|p1a: Slowking|move: Future Sight
|-damage|p1a: Slowking|32/100
|-damage|p2a: Slowking|73/100 brn|[from] brn
|upkeep
|turn|26
|
|t:|1759020779
|-prepare|p1a: Slowking|Chilly Reception|[premajor]
|move|p1a: Slowking|Chilly Reception|p1a: Slowking
|-weather|Snowscape
|
|t:|1759020782
|switch|p1a: Gholdengo|Gholdengo|100/100|[from] Chilly Reception
|-prepare|p2a: Slowking|Chilly Reception|[premajor]
|move|p2a: Slowking|Chilly Reception|p2a: Slowking
|
|t:|1759020784
|switch|p2a: Cinderace|Cinderace, F|100/100|[from] Chilly Reception
|
|-weather|Snowscape|[upkeep]
|upkeep
|turn|27
|
|t:|1759020789
|switch|p1a: Skeledirge|Skeledirge, M|81/100
|move|p2a: Cinderace|Temper Flare|p1a: Skeledirge
|-resisted|p1a: Skeledirge
|-damage|p1a: Skeledirge|72/100
|
|-weather|Snowscape|[upkeep]
|upkeep
|turn|28
|
|t:|1759020793
|move|p2a: Cinderace|Will-O-Wisp|p1a: Skeledirge
|-immune|p1a: Skeledirge
|move|p1a: Skeledirge|Torch Song|p2a: Cinderace
|-resisted|p2a: Cinderace
|-damage|p2a: Cinderace|81/100
|-boost|p1a: Skeledirge|spa|1
|
|-weather|Snowscape|[upkeep]
|upkeep
|turn|29
|
|t:|1759020796
|move|p2a: Cinderace|Temper Flare|p1a: Skeledirge
|-resisted|p1a: Skeledirge
|-damage|p1a: Skeledirge|55/100
|move|p1a: Skeledirge|Torch Song|p2a: Cinderace
|-resisted|p2a: Cinderace
|-damage|p2a: Cinderace|53/100
|-boost|p1a: Skeledirge|spa|1
|
|-weather|Snowscape|[upkeep]
|upkeep
|turn|30
|-message|aa78 forfeited.
|
|win|thegreatestnone
|raw|thegreatestnone's rating: 1435 &rarr; <strong>1453</strong><br />(+18 for winning)
|raw|aa78's rating: 1404 &rarr; <strong>1386</strong><br />(-18 for losing)
|l|☆aa78
|player|p2|
|l|☆thegreatestnone
|player|p1|
