|badge|p2|silver|gen9ou|30-6
|html|<div class="broadcast-red"><strong>This battle is required to be public due to one or more player having a season medal.</strong><br />During the public phase, you can discuss the state of the ladder <a href="/seasondiscussion">in a special chatroom.</a></div>
|uhtml|medal-msg|<div class="broadcast-blue">Curious what those medals under the avatar are? PS now has Ladder Seasons! For more information, check out the <a href="https://www.smogon.com/forums/threads/3740067/">thread on Smogon.</a></div>
|raw|<div class="broadcast-blue"><strong>This battle is required to be public due to a player having a name starting with 'medal'.</div>
|j|☆Shibuya Arc
|j|☆Chaotic Crashout
|t:|1759002822
|gametype|singles
|player|p1|Shibuya Arc|169|1832
|player|p2|Chaotic Crashout|lass-gen4dp|1958
|gen|9
|tier|[Gen 9] OU
|rated|
|rule|HP Percentage Mod: HP is shown in percentages
|rule|Endless Battle Clause: Forcing endless battles is banned
|rule|Species Clause: Limit one of each Pokémon
|rule|OHKO Clause: OHKO moves are banned
|rule|Evasion Items Clause: Evasion items are banned
|rule|Evasion Moves Clause: Evasion moves are banned
|rule|Evasion Abilities Clause: Evasion abilities are banned
|rule|Sleep Moves Clause: Sleep-inducing moves are banned
|clearpoke
|poke|p1|Dragapult, F|
|poke|p1|Dragonite, F|
|poke|p1|Ting-Lu|
|poke|p1|Weezing-Galar, F|
|poke|p1|Iron Crown|
|poke|p1|Zapdos|
|poke|p2|Ogerpon-Wellspring, F|
|poke|p2|Kingambit, M|
|poke|p2|Landorus-Therian, M|
|poke|p2|Glimmora, M|
|poke|p2|Dragapult, M|
|poke|p2|Iron Valiant|
|teampreview
|inactive|Battle timer is ON: inactive players will automatically lose when time's up. (requested by Chaotic Crashout)
|inactive|Shibuya Arc also wants the timer to be on.
|
|t:|1759002835
|teamsize|p1|6
|teamsize|p2|6
|start
|switch|p1a: Dragonite|Dragonite, F|100/100
|switch|p2a: Dragapult|Dragapult, M|100/100
|turn|1
|
|t:|1759002841
|switch|p1a: Ting-Lu|Ting-Lu|100/100
|-ability|p1a: Ting-Lu|Vessel of Ruin
|move|p2a: Dragapult|Draco Meteor|p1a: Ting-Lu
|-damage|p1a: Ting-Lu|62/100
|-unboost|p2a: Dragapult|spa|2
|
|-heal|p1a: Ting-Lu|69/100|[from] item: Leftovers
|upkeep
|turn|2
|
|t:|1759002852
|switch|p2a: Ogerpon|Ogerpon-Wellspring, F|100/100
|move|p1a: Ting-Lu|Ruination|p2a: Ogerpon
|-damage|p2a: Ogerpon|51/100
|
|-heal|p1a: Ting-Lu|75/100|[from] item: Leftovers
|upkeep
|turn|3
|
|t:|1759002858
|switch|p2a: Glimmora|Glimmora, M|100/100
|switch|p1a: Dragonite|Dragonite, F|100/100
|
|upkeep
|turn|4
|
|t:|1759002864
|switch|p2a: Landorus|Landorus-Therian, M|100/100
|-ability|p2a: Landorus|Intimidate|boost
|-unboost|p1a: Dragonite|atk|1
|switch|p1a: Iron Crown|Iron Crown|100/100
|
|upkeep
|turn|5
|
|t:|1759002870
|switch|p2a: Kingambit|Kingambit, M|100/100
|-terastallize|p1a: Iron Crown|Steel
|move|p1a: Iron Crown|Tachyon Cutter|p2a: Kingambit
|-resisted|p2a: Kingambit
|-crit|p2a: Kingambit
|-damage|p2a: Kingambit|65/100
|-resisted|p2a: Kingambit
|-damage|p2a: Kingambit|40/100
|-hitcount|p2a: Kingambit|2
|
|-heal|p2a: Kingambit|46/100|[from] item: Leftovers
|upkeep
|turn|6
|
|t:|1759002882
|move|p2a: Kingambit|Sucker Punch|p1a: Iron Crown
|-damage|p1a: Iron Crown|54/100
|move|p1a: Iron Crown|Tachyon Cutter|p2a: Kingambit
|-resisted|p2a: Kingambit
|-damage|p2a: Kingambit|21/100
|-resisted|p2a: Kingambit
|-damage|p2a: Kingambit|0 fnt
|faint|p2a: Kingambit
|-end|p2a: Kingambit|fallenundefined|[silent]
|-hitcount|p2: Kingambit|2
|
|upkeep
|
|t:|1759002886
|switch|p2a: Ogerpon|Ogerpon-Wellspring, F|51/100
|turn|7
|
|t:|1759002892
|switch|p2a: Landorus|Landorus-Therian, M|100/100
|-ability|p2a: Landorus|Intimidate|boost
|-unboost|p1a: Iron Crown|atk|1
|-end|p1a: Iron Crown|Quark Drive|[silent]
|switch|p1a: Dragapult|Dragapult, F|100/100
|
|upkeep
|turn|8
|
|t:|1759002897
|move|p1a: Dragapult|Dragon Darts|p2a: Landorus
|-damage|p2a: Landorus|81/100
|-anim|p1a: Dragapult|Dragon Darts|p2a: Landorus
|-damage|p2a: Landorus|60/100
|move|p2a: Landorus|Stealth Rock|p1a: Dragapult
|-sidestart|p1: Shibuya Arc|move: Stealth Rock
|
|upkeep
|turn|9
|
|t:|1759002904
|move|p1a: Dragapult|Dragon Darts|p2a: Landorus
|-damage|p2a: Landorus|41/100
|-anim|p1a: Dragapult|Dragon Darts|p2a: Landorus
|-damage|p2a: Landorus|18/100
|move|p2a: Landorus|U-turn|p1a: Dragapult
|-resisted|p1a: Dragapult
|-damage|p1a: Dragapult|86/100
|
|t:|1759002906
|switch|p2a: Glimmora|Glimmora, M|100/100|[from] U-turn
|
|upkeep
|turn|10
|
|t:|1759002911
|move|p1a: Dragapult|U-turn|p2a: Glimmora
|-resisted|p2a: Glimmora
|-damage|p2a: Glimmora|88/100
|-activate|p2a: Glimmora|ability: Toxic Debris
|-sidestart|p1: Shibuya Arc|move: Toxic Spikes
|
|t:|1759002920
|switch|p1a: Iron Crown|Iron Crown, tera:Steel|54/100|[from] U-turn
|-damage|p1a: Iron Crown|48/100|[from] Stealth Rock
|move|p2a: Glimmora|Mortal Spin|p1a: Iron Crown
|-immune|p1a: Iron Crown
|
|upkeep
|turn|11
|
|t:|1759002926
|switch|p2a: Landorus|Landorus-Therian, M|18/100
|-ability|p2a: Landorus|Intimidate|boost
|-unboost|p1a: Iron Crown|atk|1
|move|p1a: Iron Crown|Psyshock|p2a: Landorus
|-crit|p2a: Landorus
|-damage|p2a: Landorus|0 fnt
|faint|p2a: Landorus
|
|upkeep
|
|t:|1759002928
|switch|p2a: Ogerpon|Ogerpon-Wellspring, F|51/100
|turn|12
|
|t:|1759002933
|-end|p1a: Iron Crown|Quark Drive|[silent]
|switch|p1a: Dragapult|Dragapult, F|86/100
|move|p2a: Ogerpon|Play Rough|p1a: Dragapult
|-supereffective|p1a: Dragapult
|-damage|p1a: Dragapult|0 fnt
|faint|p1a: Dragapult
|
|upkeep
|
|t:|1759002939
|switch|p1a: Dragonite|Dragonite, F|100/100
|turn|13
|j| shrek5baby
|l| shrek5baby
|
|t:|1759002945
|move|p2a: Ogerpon|Taunt|p1a: Dragonite
|-start|p1a: Dragonite|move: Taunt
|cant|p1a: Dragonite|move: Taunt|Dragon Dance
|
|upkeep
|turn|14
|j| shrek5baby
|
|t:|1759002951
|move|p1a: Dragonite|Extreme Speed|p2a: Ogerpon
|-damage|p2a: Ogerpon|9/100
|move|p2a: Ogerpon|Play Rough|p1a: Dragonite
|-supereffective|p1a: Dragonite
|-damage|p1a: Dragonite|63/100
|
|upkeep
|turn|15
|
|t:|1759002957
|switch|p2a: Dragapult|Dragapult, M|100/100
|move|p1a: Dragonite|Extreme Speed|p2a: Dragapult
|-immune|p2a: Dragapult
|
|-end|p1a: Dragonite|move: Taunt
|upkeep
|turn|16
|
|t:|1759002964
|switch|p1a: Ting-Lu|Ting-Lu|75/100
|-damage|p1a: Ting-Lu|69/100|[from] Stealth Rock
|-status|p1a: Ting-Lu|psn
|-ability|p1a: Ting-Lu|Vessel of Ruin
|move|p2a: Dragapult|U-turn|p1a: Ting-Lu
|-supereffective|p1a: Ting-Lu
|-damage|p1a: Ting-Lu|51/100 psn
|
|t:|1759002967
|switch|p2a: Ogerpon|Ogerpon-Wellspring, F|9/100|[from] U-turn
|
|-heal|p1a: Ting-Lu|58/100 psn|[from] item: Leftovers
|-damage|p1a: Ting-Lu|45/100 psn|[from] psn
|upkeep
|turn|17
|
|t:|1759002972
|switch|p1a: Dragonite|Dragonite, F|63/100
|move|p2a: Ogerpon|Ivy Cudgel|p1a: Dragonite|[anim] Ivy Cudgel Water
|-resisted|p1a: Dragonite
|-damage|p1a: Dragonite|35/100
|
|upkeep
|turn|18
|
|t:|1759002978
|switch|p2a: Dragapult|Dragapult, M|100/100
|move|p1a: Dragonite|Extreme Speed|p2a: Dragapult
|-immune|p2a: Dragapult
|
|upkeep
|turn|19
|
|t:|1759002997
|move|p2a: Dragapult|Shadow Ball|p1a: Dragonite
|-damage|p1a: Dragonite|0 fnt
|faint|p1a: Dragonite
|
|upkeep
|
|t:|1759003003
|switch|p1a: Ting-Lu|Ting-Lu|45/100 psn
|-damage|p1a: Ting-Lu|39/100 psn|[from] Stealth Rock
|-ability|p1a: Ting-Lu|Vessel of Ruin
|turn|20
|
|t:|1759003009
|switch|p2a: Ogerpon|Ogerpon-Wellspring, F|9/100
|move|p1a: Ting-Lu|Earthquake|p2a: Ogerpon
|-resisted|p2a: Ogerpon
|-damage|p2a: Ogerpon|0 fnt
|faint|p2a: Ogerpon
|
|-heal|p1a: Ting-Lu|45/100 psn|[from] item: Leftovers
|-damage|p1a: Ting-Lu|33/100 psn|[from] psn
|upkeep
|
|t:|1759003011
|switch|p2a: Iron Valiant|Iron Valiant|100/100
|-enditem|p2a: Iron Valiant|Booster Energy
|-activate|p2a: Iron Valiant|ability: Quark Drive|[fromitem]
|-start|p2a: Iron Valiant|quarkdrivespe
|turn|21
|
|t:|1759003017
|move|p2a: Iron Valiant|Spirit Break|p1a: Ting-Lu
|-supereffective|p1a: Ting-Lu
|-damage|p1a: Ting-Lu|0 fnt
|faint|p1a: Ting-Lu
|
|upkeep
|
|t:|1759003024
|switch|p1a: Zapdos|Zapdos|100/100
|turn|22
|
|t:|1759003030
|move|p2a: Iron Valiant|Spirit Break|p1a: Zapdos
|-damage|p1a: Zapdos|57/100
|-unboost|p1a: Zapdos|spa|1
|move|p1a: Zapdos|Volt Switch|p2a: Iron Valiant
|-damage|p2a: Iron Valiant|61/100
|
|t:|1759003038
|switch|p1a: Iron Crown|Iron Crown, tera:Steel|48/100|[from] Volt Switch
|-damage|p1a: Iron Crown|42/100|[from] Stealth Rock
|
|upkeep
|turn|23
|
|t:|1759003046
|-end|p1a: Iron Crown|Quark Drive|[silent]
|switch|p1a: Zapdos|Zapdos|57/100
|move|p2a: Iron Valiant|Knock Off|p1a: Zapdos
|-damage|p1a: Zapdos|18/100
|-status|p2a: Iron Valiant|par|[from] ability: Static|[of] p1a: Zapdos
|-enditem|p1a: Zapdos|Heavy-Duty Boots|[from] move: Knock Off|[of] p2a: Iron Valiant
|
|upkeep
|turn|24
|
|t:|1759003052
|move|p1a: Zapdos|Hurricane|p2a: Iron Valiant|[miss]
|-miss|p1a: Zapdos|p2a: Iron Valiant
|cant|p2a: Iron Valiant|par
|
|upkeep
|turn|25
|
|t:|1759003058
|move|p1a: Zapdos|Hurricane|p2a: Iron Valiant
|-supereffective|p2a: Iron Valiant
|-damage|p2a: Iron Valiant|0 fnt
|faint|p2a: Iron Valiant
|-end|p2a: Iron Valiant|Quark Drive|[silent]
|
|upkeep
|
|t:|1759003059
|switch|p2a: Dragapult|Dragapult, M|100/100
|turn|26
|
|t:|1759003064
|move|p2a: Dragapult|Shadow Ball|p1a: Zapdos
|-damage|p1a: Zapdos|0 fnt
|faint|p1a: Zapdos
|
|upkeep
|
|t:|1759003069
|switch|p1a: Iron Crown|Iron Crown, tera:Steel|42/100
|-damage|p1a: Iron Crown|36/100|[from] Stealth Rock
|turn|27
|
|t:|1759003075
|-end|p1a: Iron Crown|Quark Drive|[silent]
|switch|p1a: Weezing|Weezing-Galar, F|100/100
|-ability|p1a: Weezing|Neutralizing Gas
|-sideend|p1: Shibuya Arc|move: Toxic Spikes|[of] p1a: Weezing
|move|p2a: Dragapult|Shadow Ball|p1a: Weezing
|-damage|p1a: Weezing|34/100
|
|upkeep
|turn|28
|
|t:|1759003080
|move|p2a: Dragapult|Shadow Ball|p1a: Weezing
|-damage|p1a: Weezing|0 fnt
|faint|p1a: Weezing
|-end|p1a: Weezing|ability: Neutralizing Gas
|
|upkeep
|
|t:|1759003085
|switch|p1a: Iron Crown|Iron Crown, tera:Steel|36/100
|-damage|p1a: Iron Crown|29/100|[from] Stealth Rock
|turn|29
|
|t:|1759003087
|move|p2a: Dragapult|Shadow Ball|p1a: Iron Crown
|-damage|p1a: Iron Crown|0 fnt
|faint|p1a: Iron Crown
|-end|p1a: Iron Crown|Quark Drive|[silent]
|
|win|Chaotic Crashout
|raw|Shibuya Arc's rating: 1832 &rarr; <strong>1819</strong><br />(-13 for losing)
|raw|Chaotic Crashout's rating: 1958 &rarr; <strong>1971</strong><br />(+13 for winning)
