|j|☆Shibuya Arc
|j|☆Shabooya1
|t:|1758931636
|gametype|singles
|player|p1|Shibuya Arc|265|1429
|player|p2|Shabooya1|unknown|1394
|gen|9
|tier|[Gen 9] OU
|rated|
|rule|HP Percentage Mod: HP is shown in percentages
|rule|Endless Battle Clause: Forcing endless battles is banned
|rule|Species Clause: Limit one of each Pokémon
|rule|OHKO Clause: OHKO moves are banned
|rule|Evasion Items Clause: Evasion items are banned
|rule|Evasion Moves Clause: Evasion moves are banned
|rule|Evasion Abilities Clause: Evasion abilities are banned
|rule|Sleep Moves Clause: Sleep-inducing moves are banned
|clearpoke
|poke|p1|Dragapult, M|
|poke|p1|Dragonite, F|
|poke|p1|Ting-Lu|
|poke|p1|Weezing-Galar, F|
|poke|p1|Iron Crown|
|poke|p1|Zapdos|
|poke|p2|Cresselia, F|
|poke|p2|Torkoal, F|
|poke|p2|Mimikyu, F|
|poke|p2|Iron Hands|
|poke|p2|Hatterene, F|
|poke|p2|Glastrier|
|teampreview
|inactive|Battle timer is ON: inactive players will automatically lose when time's up. (requested by Shibuya Arc)
|
|t:|1758931652
|teamsize|p1|6
|teamsize|p2|6
|start
|switch|p1a: Iron Crown|Iron Crown|100/100
|switch|p2a: Hatterene|Hatterene, F, shiny|100/100
|turn|1
|
|t:|1758931657
|-end|p1a: Iron Crown|Quark Drive|[silent]
|switch|p1a: Ting-Lu|Ting-Lu|100/100
|-ability|p1a: Ting-Lu|Vessel of Ruin
|move|p2a: Hatterene|Trick Room|p2a: Hatterene
|-fieldstart|move: Trick Room|[of] p2a: Hatterene
|
|upkeep
|turn|2
|
|t:|1758931664
|move|p2a: Hatterene|Misty Explosion|p1a: Ting-Lu
|-supereffective|p1a: Ting-Lu
|-damage|p1a: Ting-Lu|63/100
|faint|p2a: Hatterene
|move|p1a: Ting-Lu|Ruination|p2: Hatterene|[notarget]
|-fail|p1a: Ting-Lu
|
|-heal|p1a: Ting-Lu|69/100|[from] item: Leftovers
|upkeep
|
|t:|1758931667
|switch|p2a: EZAF|Torkoal, F, shiny|100/100
|-weather|SunnyDay|[from] ability: Drought|[of] p2a: EZAF
|turn|3
|
|t:|1758931674
|-terastallize|p2a: EZAF|Fire
|move|p2a: EZAF|Eruption|p1a: Ting-Lu
|-damage|p1a: Ting-Lu|0 fnt
|faint|p1a: Ting-Lu
|
|-weather|SunnyDay|[upkeep]
|upkeep
|
|t:|1758931684
|switch|p1a: Dragonite|Dragonite, F|100/100
|turn|4
|
|t:|1758931690
|move|p2a: EZAF|Eruption|p1a: Dragonite
|-resisted|p1a: Dragonite
|-damage|p1a: Dragonite|57/100
|move|p1a: Dragonite|Earthquake|p2a: EZAF
|-supereffective|p2a: EZAF
|-damage|p2a: EZAF|38/100
|
|-weather|SunnyDay|[upkeep]
|upkeep
|turn|5
|
|t:|1758931696
|switch|p2a: Hit me|Mimikyu, F, shiny|100/100
|move|p1a: Dragonite|Roost|p1a: Dragonite
|-heal|p1a: Dragonite|100/100
|-singleturn|p1a: Dragonite|move: Roost
|
|-weather|SunnyDay|[upkeep]
|-fieldend|move: Trick Room
|upkeep
|turn|6
|
|t:|1758931702
|-terastallize|p1a: Dragonite|Normal
|move|p1a: Dragonite|Dragon Dance|p1a: Dragonite
|-boost|p1a: Dragonite|atk|1
|-boost|p1a: Dragonite|spe|1
|move|p2a: Hit me|Play Rough|p1a: Dragonite
|-damage|p1a: Dragonite|81/100
|
|-weather|SunnyDay|[upkeep]
|upkeep
|turn|7
|
|t:|1758931709
|move|p1a: Dragonite|Earthquake|p2a: Hit me
|-activate|p2a: Hit me|ability: Disguise
|-damage|p2a: Hit me|100/100
|detailschange|p2a: Hit me|Mimikyu-Busted, F, shiny
|-damage|p2a: Hit me|88/100|[from] pokemon: Mimikyu-Busted
|-enditem|p2a: Hit me|Red Card|[of] p1a: Dragonite
|drag|p1a: Zapdos|Zapdos|100/100
|move|p2a: Hit me|Trick Room|p2a: Hit me
|-fieldstart|move: Trick Room|[of] p2a: Hit me
|
|-weather|none
|upkeep
|turn|8
|
|t:|1758931722
|switch|p2a: Glastrier|Glastrier|100/100
|move|p1a: Zapdos|Volt Switch|p2a: Glastrier
|-damage|p2a: Glastrier|72/100
|
|t:|1758931729
|switch|p1a: Weezing|Weezing-Galar, F|100/100|[from] Volt Switch
|-ability|p1a: Weezing|Neutralizing Gas
|
|upkeep
|turn|9
|
|t:|1758931736
|switch|p2a: EZAF|Torkoal, F, shiny, tera:Fire|38/100
|move|p1a: Weezing|Will-O-Wisp|p2a: EZAF
|-immune|p2a: EZAF
|
|upkeep
|turn|10
|
|t:|1758931742
|-end|p1a: Weezing|ability: Neutralizing Gas
|-weather|SunnyDay|[from] ability: Drought|[of] p2a: EZAF
|switch|p1a: Dragonite|Dragonite, F, tera:Normal|81/100
|move|p2a: EZAF|Flamethrower|p1a: Dragonite
|-damage|p1a: Dragonite|0 fnt
|faint|p1a: Dragonite
|
|-weather|SunnyDay|[upkeep]
|upkeep
|
|t:|1758931748
|switch|p1a: Dragapult|Dragapult, M|100/100
|turn|11
|
|t:|1758931759
|switch|p2a: Glastrier|Glastrier|72/100
|move|p1a: Dragapult|Hex|p2a: Glastrier
|-damage|p2a: Glastrier|49/100
|
|-weather|SunnyDay|[upkeep]
|-fieldend|move: Trick Room
|upkeep
|turn|12
|
|t:|1758931766
|move|p1a: Dragapult|U-turn|p2a: Glastrier
|-damage|p2a: Glastrier|36/100
|
|t:|1758931773
|switch|p1a: Iron Crown|Iron Crown|100/100|[from] U-turn
|move|p2a: Glastrier|Swords Dance|p2a: Glastrier
|-boost|p2a: Glastrier|atk|2
|
|-weather|SunnyDay|[upkeep]
|upkeep
|turn|13
|
|t:|1758931779
|move|p1a: Iron Crown|Tachyon Cutter|p2a: Glastrier
|-supereffective|p2a: Glastrier
|-damage|p2a: Glastrier|0 fnt
|faint|p2a: Glastrier
|-hitcount|p2: Glastrier|1
|
|-weather|SunnyDay|[upkeep]
|upkeep
|
|t:|1758931781
|switch|p2a: Git gud|Cresselia, F, shiny|100/100
|turn|14
|
|t:|1758931787
|move|p1a: Iron Crown|Tachyon Cutter|p2a: Git gud
|-damage|p2a: Git gud|80/100
|-damage|p2a: Git gud|61/100
|-hitcount|p2a: Git gud|2
|move|p2a: Git gud|Trick Room|p2a: Git gud
|-fieldstart|move: Trick Room|[of] p2a: Git gud
|
|-weather|none
|upkeep
|turn|15
|
|t:|1758931794
|move|p2a: Git gud|Lunar Dance|p2a: Git gud
|faint|p2a: Git gud
|move|p1a: Iron Crown|Tachyon Cutter|p2: Git gud|[notarget]
|-fail|p1a: Iron Crown
|
|upkeep
|
|t:|1758931801
|switch|p2a: EZAF|Torkoal, F, shiny, tera:Fire|38/100
|-heal|p2a: EZAF|100/100|[from] move: Lunar Dance
|-weather|SunnyDay|[from] ability: Drought|[of] p2a: EZAF
|turn|16
|
|t:|1758931806
|-end|p1a: Iron Crown|Quark Drive|[silent]
|switch|p1a: Weezing|Weezing-Galar, F|100/100
|-ability|p1a: Weezing|Neutralizing Gas
|move|p2a: EZAF|Eruption|p1a: Weezing
|-damage|p1a: Weezing|0 fnt
|faint|p1a: Weezing
|-end|p1a: Weezing|ability: Neutralizing Gas
|
|-weather|SunnyDay|[upkeep]
|upkeep
|
|t:|1758931812
|switch|p1a: Iron Crown|Iron Crown|100/100
|turn|17
|
|t:|1758931818
|move|p2a: EZAF|Eruption|p1a: Iron Crown
|-supereffective|p1a: Iron Crown
|-damage|p1a: Iron Crown|0 fnt
|faint|p1a: Iron Crown
|-end|p1a: Iron Crown|Quark Drive|[silent]
|
|-weather|SunnyDay|[upkeep]
|upkeep
|
|t:|1758931824
|switch|p1a: Dragapult|Dragapult, M|100/100
|turn|18
|
|t:|1758931829
|move|p2a: EZAF|Eruption|p1a: Dragapult
|-resisted|p1a: Dragapult
|-damage|p1a: Dragapult|0 fnt
|faint|p1a: Dragapult
|
|-weather|SunnyDay|[upkeep]
|-fieldend|move: Trick Room
|upkeep
|
|t:|1758931835
|switch|p1a: Zapdos|Zapdos|100/100
|turn|19
|
|t:|1758931841
|switch|p2a: Iron Hands|Iron Hands|100/100
|-enditem|p2a: Iron Hands|Booster Energy
|-activate|p2a: Iron Hands|ability: Quark Drive|[fromitem]
|-start|p2a: Iron Hands|quarkdriveatk
|move|p1a: Zapdos|Hurricane|p2a: Iron Hands|[miss]
|-miss|p1a: Zapdos|p2a: Iron Hands
|
|-weather|SunnyDay|[upkeep]
|upkeep
|turn|20
|
|t:|1758931846
|move|p1a: Zapdos|Roost||[still]
|-fail|p1a: Zapdos|heal
|move|p2a: Iron Hands|Supercell Slam|p1a: Zapdos
|-damage|p1a: Zapdos|9/100
|
|-weather|none
|upkeep
|turn|21
|
|t:|1758931852
|move|p1a: Zapdos|Hurricane|p2a: Iron Hands|[miss]
|-miss|p1a: Zapdos|p2a: Iron Hands
|move|p2a: Iron Hands|Earthquake|p1a: Zapdos
|-immune|p1a: Zapdos
|
|upkeep
|turn|22
|
|t:|1758931855
|move|p1a: Zapdos|Hurricane|p2a: Iron Hands|[miss]
|-miss|p1a: Zapdos|p2a: Iron Hands
|move|p2a: Iron Hands|Earthquake|p1a: Zapdos
|-immune|p1a: Zapdos
|
|upkeep
|turn|23
|
|t:|1758931859
|move|p1a: Zapdos|Hurricane|p2a: Iron Hands
|-damage|p2a: Iron Hands|54/100
|move|p2a: Iron Hands|Supercell Slam|p1a: Zapdos
|-damage|p1a: Zapdos|0 fnt
|faint|p1a: Zapdos
|
|win|Shabooya1
|raw|Shibuya Arc's rating: 1429 &rarr; <strong>1407</strong><br />(-22 for losing)
|raw|Shabooya1's rating: 1394 &rarr; <strong>1416</strong><br />(+22 for winning)
