|j|☆doctor coolress
|j|☆afdtv
|t:|1759075313
|gametype|singles
|player|p1|doctor coolress|colress|1354
|player|p2|afdtv|hilbert|1350
|gen|9
|tier|[Gen 9] OU
|rated|
|rule|HP Percentage Mod: HP is shown in percentages
|rule|Endless Battle Clause: Forcing endless battles is banned
|rule|Species Clause: Limit one of each Pokémon
|rule|OHKO Clause: OHKO moves are banned
|rule|Evasion Items Clause: Evasion items are banned
|rule|Evasion Moves Clause: Evasion moves are banned
|rule|Evasion Abilities Clause: Evasion abilities are banned
|rule|Sleep Moves Clause: Sleep-inducing moves are banned
|clearpoke
|poke|p1|Wo-Chien|
|poke|p1|Moltres|
|poke|p1|Bellibolt, F|
|poke|p1|Ribombee, M|
|poke|p1|Scizor, F|
|poke|p1|Dragonite, M|
|poke|p2|Meloetta|
|poke|p2|Zapdos|
|poke|p2|Great Tusk|
|poke|p2|Kingambit, M|
|poke|p2|Gholdengo|
|poke|p2|Samurott-Hisui, F|
|teampreview
|inactive|Battle timer is ON: inactive players will automatically lose when time's up. (requested by doctor coolress)
|inactive|afdtv has 120 seconds left.
|
|t:|1759075350
|teamsize|p1|6
|teamsize|p2|6
|start
|switch|p1a: Ribombee|Ribombee, M|100/100
|switch|p2a: Zapdos|Zapdos|100/100
|turn|1
|
|t:|1759075359
|move|p1a: Ribombee|Moonblast|p2a: Zapdos
|-damage|p2a: Zapdos|51/100
|move|p2a: Zapdos|Heat Wave|p1a: Ribombee
|-supereffective|p1a: Ribombee
|-enditem|p1a: Ribombee|Focus Sash
|-damage|p1a: Ribombee|1/100
|
|upkeep
|turn|2
|
|t:|1759075365
|move|p1a: Ribombee|Sticky Web|p2a: Zapdos
|-sidestart|p2: afdtv|move: Sticky Web
|move|p2a: Zapdos|Heat Wave|p1a: Ribombee
|-supereffective|p1a: Ribombee
|-damage|p1a: Ribombee|0 fnt
|faint|p1a: Ribombee
|
|upkeep
|
|t:|1759075368
|switch|p1a: Bellibolt|Bellibolt, F|100/100
|turn|3
|
|t:|1759075372
|switch|p2a: Great Tusk|Great Tusk|100/100
|-activate|p2a: Great Tusk|move: Sticky Web
|-unboost|p2a: Great Tusk|spe|1
|move|p1a: Bellibolt|Parabolic Charge|p2a: Great Tusk
|-immune|p2a: Great Tusk
|
|upkeep
|turn|4
|
|t:|1759075378
|switch|p1a: Moltres|Moltres|100/100
|move|p2a: Great Tusk|Rapid Spin|p1a: Moltres
|-damage|p1a: Moltres|90/100
|-boost|p2a: Great Tusk|spe|1
|-sideend|p2: afdtv|Sticky Web|[from] move: Rapid Spin|[of] p2a: Great Tusk
|
|upkeep
|turn|5
|
|t:|1759075385
|-end|p2a: Great Tusk|Protosynthesis|[silent]
|switch|p2a: Meloetta|Meloetta|100/100
|move|p1a: Moltres|Hurricane|p2a: Meloetta
|-damage|p2a: Meloetta|79/100
|
|upkeep
|turn|6
|inactive|afdtv has 120 seconds left.
|
|t:|1759075437
|switch|p1a: Scizor|Scizor, F|100/100
|move|p2a: Meloetta|Thunderbolt|p1a: Scizor
|-damage|p1a: Scizor|59/100
|
|-heal|p1a: Scizor|65/100|[from] item: Leftovers
|upkeep
|turn|7
|
|t:|1759075444
|switch|p2a: Great Tusk|Great Tusk|100/100
|move|p1a: Scizor|Knock Off|p2a: Great Tusk
|-resisted|p2a: Great Tusk
|-damage|p2a: Great Tusk|88/100
|-damage|p1a: Scizor|48/100|[from] item: Rocky Helmet|[of] p2a: Great Tusk
|-enditem|p2a: Great Tusk|Rocky Helmet|[from] move: Knock Off|[of] p1a: Scizor
|
|-heal|p1a: Scizor|55/100|[from] item: Leftovers
|upkeep
|turn|8
|
|t:|1759075455
|-end|p2a: Great Tusk|Protosynthesis|[silent]
|switch|p2a: Zapdos|Zapdos|51/100
|switch|p1a: Moltres|Moltres|90/100
|
|upkeep
|turn|9
|
|t:|1759075460
|switch|p1a: Bellibolt|Bellibolt, F|100/100
|move|p2a: Zapdos|Volt Switch|p1a: Bellibolt
|-resisted|p1a: Bellibolt
|-damage|p1a: Bellibolt|76/100
|-start|p1a: Bellibolt|Charge|Volt Switch|[from] ability: Electromorphosis
|inactive|afdtv has 120 seconds left.
|inactive|afdtv has 90 seconds left.
|
|t:|1759075505
|switch|p2a: Great Tusk|Great Tusk|88/100|[from] Volt Switch
|
|-heal|p1a: Bellibolt|82/100|[from] item: Leftovers
|upkeep
|turn|10
|
|t:|1759075510
|switch|p1a: Moltres|Moltres|90/100
|move|p2a: Great Tusk|Headlong Rush|p1a: Moltres
|-immune|p1a: Moltres
|
|upkeep
|turn|11
|
|t:|1759075519
|-end|p2a: Great Tusk|Protosynthesis|[silent]
|switch|p2a: Samurott|Samurott-Hisui, F|100/100
|switch|p1a: Scizor|Scizor, F|55/100
|
|-heal|p1a: Scizor|61/100|[from] item: Leftovers
|upkeep
|turn|12
|
|t:|1759075524
|move|p2a: Samurott|Razor Shell|p1a: Scizor
|-damage|p1a: Scizor|12/100
|move|p1a: Scizor|U-turn|p2a: Samurott
|-supereffective|p2a: Samurott
|-damage|p2a: Samurott|10/100
|
|t:|1759075528
|switch|p1a: Dragonite|Dragonite, M|100/100|[from] U-turn
|
|upkeep
|turn|13
|inactive|afdtv has 120 seconds left.
|
|t:|1759075536
|switch|p2a: Great Tusk|Great Tusk|88/100
|move|p1a: Dragonite|Dragon Dance|p1a: Dragonite
|-boost|p1a: Dragonite|atk|1
|-boost|p1a: Dragonite|spe|1
|
|upkeep
|turn|14
|
|t:|1759075543
|move|p1a: Dragonite|Ice Spinner|p2a: Great Tusk
|-supereffective|p2a: Great Tusk
|-damage|p2a: Great Tusk|29/100
|move|p2a: Great Tusk|Rapid Spin|p1a: Dragonite
|-damage|p1a: Dragonite|92/100
|-boost|p2a: Great Tusk|spe|1
|
|upkeep
|turn|15
|
|t:|1759075550
|move|p2a: Great Tusk|Ice Spinner|p1a: Dragonite
|-supereffective|p1a: Dragonite
|-damage|p1a: Dragonite|0 fnt
|faint|p1a: Dragonite
|
|upkeep
|
|t:|1759075552
|switch|p1a: Moltres|Moltres|90/100
|turn|16
|
|t:|1759075555
|-end|p2a: Great Tusk|Protosynthesis|[silent]
|switch|p2a: Samurott|Samurott-Hisui, F|10/100
|move|p1a: Moltres|Flamethrower|p2a: Samurott
|-resisted|p2a: Samurott
|-crit|p2a: Samurott
|-damage|p2a: Samurott|0 fnt
|faint|p2a: Samurott
|
|upkeep
|
|t:|1759075558
|switch|p2a: Zapdos|Zapdos|51/100
|turn|17
|
|t:|1759075566
|switch|p1a: Wo-Chien|Wo-Chien, shiny|100/100
|-ability|p1a: Wo-Chien|Tablets of Ruin
|move|p2a: Zapdos|Heat Wave|p1a: Wo-Chien
|-supereffective|p1a: Wo-Chien
|-damage|p1a: Wo-Chien|49/100
|
|-heal|p1a: Wo-Chien|55/100|[from] item: Leftovers
|upkeep
|turn|18
|
|t:|1759075569
|move|p1a: Wo-Chien|Protect|p1a: Wo-Chien
|-singleturn|p1a: Wo-Chien|Protect
|move|p2a: Zapdos|Heat Wave|p1a: Wo-Chien
|-activate|p1a: Wo-Chien|move: Protect
|
|-heal|p1a: Wo-Chien|61/100|[from] item: Leftovers
|upkeep
|turn|19
|
|t:|1759075573
|move|p2a: Zapdos|Heat Wave|p1a: Wo-Chien|[miss]
|-miss|p2a: Zapdos|p1a: Wo-Chien
|move|p1a: Wo-Chien|Leech Seed|p2a: Zapdos
|-start|p2a: Zapdos|move: Leech Seed
|
|-heal|p1a: Wo-Chien|67/100|[from] item: Leftovers
|-damage|p2a: Zapdos|39/100|[from] Leech Seed|[of] p1a: Wo-Chien
|-heal|p1a: Wo-Chien|78/100|[silent]
|upkeep
|turn|20
|
|t:|1759075581
|switch|p2a: Meloetta|Meloetta|79/100
|move|p1a: Wo-Chien|Giga Drain|p2a: Meloetta
|-damage|p2a: Meloetta|69/100
|-heal|p1a: Wo-Chien|83/100|[from] drain|[of] p2a: Meloetta
|
|-heal|p1a: Wo-Chien|90/100|[from] item: Leftovers
|upkeep
|turn|21
|
|t:|1759075589
|move|p2a: Meloetta|U-turn|p1a: Wo-Chien
|-supereffective|p1a: Wo-Chien
|-damage|p1a: Wo-Chien|56/100
|
|t:|1759075591
|switch|p2a: Zapdos|Zapdos|39/100|[from] U-turn
|move|p1a: Wo-Chien|Leech Seed|p2a: Zapdos
|-start|p2a: Zapdos|move: Leech Seed
|
|-heal|p1a: Wo-Chien|63/100|[from] item: Leftovers
|-damage|p2a: Zapdos|26/100|[from] Leech Seed|[of] p1a: Wo-Chien
|-heal|p1a: Wo-Chien|73/100|[silent]
|upkeep
|turn|22
|
|t:|1759075597
|move|p1a: Wo-Chien|Protect|p1a: Wo-Chien
|-singleturn|p1a: Wo-Chien|Protect
|move|p2a: Zapdos|Hurricane|p1a: Wo-Chien
|-activate|p1a: Wo-Chien|move: Protect
|
|-heal|p1a: Wo-Chien|79/100|[from] item: Leftovers
|-damage|p2a: Zapdos|14/100|[from] Leech Seed|[of] p1a: Wo-Chien
|-heal|p1a: Wo-Chien|90/100|[silent]
|upkeep
|turn|23
|
|t:|1759075601
|switch|p1a: Scizor|Scizor, F|12/100
|move|p2a: Zapdos|Hurricane|p1a: Scizor
|-damage|p1a: Scizor|0 fnt
|faint|p1a: Scizor
|
|upkeep
|
|t:|1759075604
|switch|p1a: Bellibolt|Bellibolt, F|82/100
|turn|24
|
|t:|1759075606
|move|p2a: Zapdos|Hurricane|p1a: Bellibolt
|-resisted|p1a: Bellibolt
|-damage|p1a: Bellibolt|44/100
|-start|p1a: Bellibolt|confusion
|-start|p1a: Bellibolt|Charge|Hurricane|[from] ability: Electromorphosis
|-activate|p1a: Bellibolt|confusion
|move|p1a: Bellibolt|Slack Off|p1a: Bellibolt
|-heal|p1a: Bellibolt|94/100
|
|-heal|p1a: Bellibolt|99/100|[from] item: Leftovers
|-damage|p2a: Zapdos|1/100|[from] Leech Seed|[of] p1a: Bellibolt
|-heal|p1a: Bellibolt|100/100|[silent]
|upkeep
|turn|25
|
|t:|1759075613
|switch|p2a: Kingambit|Kingambit, M|100/100
|-activate|p2a: Kingambit|ability: Supreme Overlord
|-start|p2a: Kingambit|fallen1|[silent]
|-activate|p1a: Bellibolt|confusion
|move|p1a: Bellibolt|Slack Off||[still]
|-fail|p1a: Bellibolt|heal
|
|upkeep
|turn|26
|
|t:|1759075617
|move|p2a: Kingambit|Swords Dance|p2a: Kingambit
|-boost|p2a: Kingambit|atk|2
|-activate|p1a: Bellibolt|confusion
|move|p1a: Bellibolt|Chilling Water|p2a: Kingambit
|-damage|p2a: Kingambit|89/100
|-unboost|p2a: Kingambit|atk|1
|
|-heal|p2a: Kingambit|95/100|[from] item: Leftovers
|upkeep
|turn|27
|
|t:|1759075624
|move|p2a: Kingambit|Kowtow Cleave|p1a: Bellibolt
|-damage|p1a: Bellibolt|51/100
|-start|p1a: Bellibolt|Charge|Kowtow Cleave|[from] ability: Electromorphosis
|-end|p1a: Bellibolt|confusion
|move|p1a: Bellibolt|Parabolic Charge|p2a: Kingambit
|-damage|p2a: Kingambit|50/100
|-heal|p1a: Bellibolt|73/100|[from] drain|[of] p2a: Kingambit
|-end|p1a: Bellibolt|Charge|[silent]
|
|-heal|p2a: Kingambit|56/100|[from] item: Leftovers
|-heal|p1a: Bellibolt|79/100|[from] item: Leftovers
|upkeep
|turn|28
|
|t:|1759075633
|move|p2a: Kingambit|Swords Dance|p2a: Kingambit
|-boost|p2a: Kingambit|atk|2
|move|p1a: Bellibolt|Parabolic Charge|p2a: Kingambit
|-damage|p2a: Kingambit|31/100
|-heal|p1a: Bellibolt|91/100|[from] drain|[of] p2a: Kingambit
|
|-heal|p2a: Kingambit|37/100|[from] item: Leftovers
|-heal|p1a: Bellibolt|97/100|[from] item: Leftovers
|upkeep
|turn|29
|
|t:|1759075639
|move|p2a: Kingambit|Kowtow Cleave|p1a: Bellibolt
|-damage|p1a: Bellibolt|14/100
|-start|p1a: Bellibolt|Charge|Kowtow Cleave|[from] ability: Electromorphosis
|move|p1a: Bellibolt|Parabolic Charge|p2a: Kingambit
|-damage|p2a: Kingambit|0 fnt
|-heal|p1a: Bellibolt|31/100|[from] drain|[of] p2a: Kingambit
|faint|p2a: Kingambit
|-end|p2a: Kingambit|fallen1|[silent]
|-end|p1a: Bellibolt|Charge|[silent]
|
|-heal|p1a: Bellibolt|37/100|[from] item: Leftovers
|upkeep
|
|t:|1759075644
|switch|p2a: Gholdengo|Gholdengo|100/100
|turn|30
|
|t:|1759075656
|move|p2a: Gholdengo|Make It Rain|p1a: Bellibolt
|-resisted|p1a: Bellibolt
|-damage|p1a: Bellibolt|6/100
|-unboost|p2a: Gholdengo|spa|1
|-start|p1a: Bellibolt|Charge|Make It Rain|[from] ability: Electromorphosis
|move|p1a: Bellibolt|Parabolic Charge|p2a: Gholdengo
|-crit|p2a: Gholdengo
|-damage|p2a: Gholdengo|18/100
|-heal|p1a: Bellibolt|37/100|[from] drain|[of] p2a: Gholdengo
|-end|p1a: Bellibolt|Charge|[silent]
|
|-heal|p1a: Bellibolt|43/100|[from] item: Leftovers
|upkeep
|turn|31
|
|t:|1759075661
|switch|p2a: Great Tusk|Great Tusk|29/100
|move|p1a: Bellibolt|Chilling Water|p2a: Great Tusk
|-supereffective|p2a: Great Tusk
|-damage|p2a: Great Tusk|0 fnt
|faint|p2a: Great Tusk
|-end|p2a: Great Tusk|Protosynthesis|[silent]
|
|-heal|p1a: Bellibolt|49/100|[from] item: Leftovers
|upkeep
|c|☆afdtv|wtf
|
|t:|1759075670
|switch|p2a: Meloetta|Meloetta|69/100
|turn|32
|
|t:|1759075674
|move|p2a: Meloetta|Psyshock|p1a: Bellibolt
|-damage|p1a: Bellibolt|19/100
|-start|p1a: Bellibolt|Charge|Psyshock|[from] ability: Electromorphosis
|move|p1a: Bellibolt|Slack Off|p1a: Bellibolt
|-heal|p1a: Bellibolt|69/100
|
|-heal|p1a: Bellibolt|75/100|[from] item: Leftovers
|upkeep
|turn|33
|
|t:|1759075677
|move|p2a: Meloetta|Psyshock|p1a: Bellibolt
|-damage|p1a: Bellibolt|45/100
|-start|p1a: Bellibolt|Charge|Psyshock|[from] ability: Electromorphosis
|move|p1a: Bellibolt|Parabolic Charge|p2a: Meloetta
|-damage|p2a: Meloetta|48/100
|-heal|p1a: Bellibolt|55/100|[from] drain|[of] p2a: Meloetta
|-end|p1a: Bellibolt|Charge|[silent]
|
|-heal|p1a: Bellibolt|61/100|[from] item: Leftovers
|upkeep
|turn|34
|
|t:|1759075686
|move|p2a: Meloetta|Shadow Ball|p1a: Bellibolt
|-damage|p1a: Bellibolt|32/100
|-unboost|p1a: Bellibolt|spd|1
|-start|p1a: Bellibolt|Charge|Shadow Ball|[from] ability: Electromorphosis
|move|p1a: Bellibolt|Slack Off|p1a: Bellibolt
|-heal|p1a: Bellibolt|82/100
|
|-heal|p1a: Bellibolt|88/100|[from] item: Leftovers
|upkeep
|turn|35
|
|t:|1759075691
|switch|p1a: Wo-Chien|Wo-Chien, shiny|90/100
|-ability|p1a: Wo-Chien|Tablets of Ruin
|move|p2a: Meloetta|Shadow Ball|p1a: Wo-Chien
|-resisted|p1a: Wo-Chien
|-damage|p1a: Wo-Chien|82/100
|
|-heal|p1a: Wo-Chien|88/100|[from] item: Leftovers
|upkeep
|turn|36
|
|t:|1759075700
|move|p2a: Meloetta|U-turn|p1a: Wo-Chien
|-supereffective|p1a: Wo-Chien
|-damage|p1a: Wo-Chien|52/100
|
|t:|1759075702
|switch|p2a: Gholdengo|Gholdengo|18/100|[from] U-turn
|move|p1a: Wo-Chien|Leech Seed|p2a: Gholdengo
|-immune|p2a: Gholdengo|[from] ability: Good as Gold
|
|-heal|p1a: Wo-Chien|58/100|[from] item: Leftovers
|upkeep
|turn|37
|
|t:|1759075705
|move|p1a: Wo-Chien|Protect|p1a: Wo-Chien
|-singleturn|p1a: Wo-Chien|Protect
|move|p2a: Gholdengo|Focus Blast|p1a: Wo-Chien
|-activate|p1a: Wo-Chien|move: Protect
|
|-heal|p1a: Wo-Chien|64/100|[from] item: Leftovers
|upkeep
|turn|38
|
|t:|1759075709
|switch|p1a: Moltres|Moltres|90/100
|move|p2a: Gholdengo|Focus Blast|p1a: Moltres|[miss]
|-miss|p2a: Gholdengo|p1a: Moltres
|
|upkeep
|turn|39
|
|t:|1759075713
|switch|p2a: Meloetta|Meloetta|48/100
|move|p1a: Moltres|Flamethrower|p2a: Meloetta
|-damage|p2a: Meloetta|31/100
|
|upkeep
|turn|40
|
|t:|1759075720
|move|p2a: Meloetta|Thunderbolt|p1a: Moltres
|-supereffective|p1a: Moltres
|-crit|p1a: Moltres
|-damage|p1a: Moltres|0 fnt
|faint|p1a: Moltres
|
|upkeep
|
|t:|1759075725
|switch|p1a: Wo-Chien|Wo-Chien, shiny|64/100
|-ability|p1a: Wo-Chien|Tablets of Ruin
|turn|41
|
|t:|1759075728
|move|p1a: Wo-Chien|Protect|p1a: Wo-Chien
|-singleturn|p1a: Wo-Chien|Protect
|move|p2a: Meloetta|U-turn|p1a: Wo-Chien
|-activate|p1a: Wo-Chien|move: Protect
|
|-heal|p1a: Wo-Chien|71/100|[from] item: Leftovers
|upkeep
|turn|42
|
|t:|1759075734
|move|p2a: Meloetta|U-turn|p1a: Wo-Chien
|-supereffective|p1a: Wo-Chien
|-damage|p1a: Wo-Chien|32/100
|
|t:|1759075737
|switch|p2a: Gholdengo|Gholdengo|18/100|[from] U-turn
|move|p1a: Wo-Chien|Knock Off|p2a: Gholdengo
|-supereffective|p2a: Gholdengo
|-damage|p2a: Gholdengo|0 fnt
|-enditem|p2a: Gholdengo|Choice Scarf|[from] move: Knock Off|[of] p1a: Wo-Chien
|faint|p2a: Gholdengo
|
|-heal|p1a: Wo-Chien|38/100|[from] item: Leftovers
|upkeep
|
|t:|1759075739
|switch|p2a: Zapdos|Zapdos|1/100
|turn|43
|
|t:|1759075750
|move|p1a: Wo-Chien|Protect|p1a: Wo-Chien
|-singleturn|p1a: Wo-Chien|Protect
|move|p2a: Zapdos|Heat Wave|p1a: Wo-Chien
|-activate|p1a: Wo-Chien|move: Protect
|
|-heal|p1a: Wo-Chien|44/100|[from] item: Leftovers
|upkeep
|turn|44
|
|t:|1759075767
|-terastallize|p1a: Wo-Chien|Poison
|move|p2a: Zapdos|Heat Wave|p1a: Wo-Chien
|-damage|p1a: Wo-Chien|19/100
|move|p1a: Wo-Chien|Giga Drain|p2a: Zapdos
|-resisted|p2a: Zapdos
|-damage|p2a: Zapdos|0 fnt
|-heal|p1a: Wo-Chien|20/100|[from] drain|[of] p2a: Zapdos
|faint|p2a: Zapdos
|
|-heal|p1a: Wo-Chien|26/100|[from] item: Leftovers
|upkeep
|
|t:|1759075770
|switch|p2a: Meloetta|Meloetta|31/100
|turn|45
|
|t:|1759075775
|move|p2a: Meloetta|Psyshock|p1a: Wo-Chien
|-supereffective|p1a: Wo-Chien
|-damage|p1a: Wo-Chien|0 fnt
|faint|p1a: Wo-Chien
|
|upkeep
|
|t:|1759075777
|switch|p1a: Bellibolt|Bellibolt, F|88/100
|turn|46
|
|t:|1759075779
|move|p2a: Meloetta|Shadow Ball|p1a: Bellibolt
|-damage|p1a: Bellibolt|61/100
|-start|p1a: Bellibolt|Charge|Shadow Ball|[from] ability: Electromorphosis
|move|p1a: Bellibolt|Parabolic Charge|p2a: Meloetta
|-damage|p2a: Meloetta|8/100
|-heal|p1a: Bellibolt|72/100|[from] drain|[of] p2a: Meloetta
|-end|p1a: Bellibolt|Charge|[silent]
|
|-heal|p1a: Bellibolt|78/100|[from] item: Leftovers
|upkeep
|turn|47
|
|t:|1759075782
|move|p2a: Meloetta|Shadow Ball|p1a: Bellibolt
|-crit|p1a: Bellibolt
|-damage|p1a: Bellibolt|39/100
|-unboost|p1a: Bellibolt|spd|1
|-start|p1a: Bellibolt|Charge|Shadow Ball|[from] ability: Electromorphosis
|move|p1a: Bellibolt|Parabolic Charge|p2a: Meloetta
|-damage|p2a: Meloetta|0 fnt
|-heal|p1a: Bellibolt|42/100|[from] drain|[of] p2a: Meloetta
|faint|p2a: Meloetta
|-end|p1a: Bellibolt|Charge|[silent]
|
|win|doctor coolress
|raw|doctor coolress's rating: 1354 &rarr; <strong>1374</strong><br />(+20 for winning)
|raw|afdtv's rating: 1350 &rarr; <strong>1330</strong><br />(-20 for losing)
|l|☆afdtv
|player|p2|
|l|☆doctor coolress
|player|p1|
