|j|☆Cx297
|j|‽supraxd
|t:|1759000569
|gametype|singles
|player|p1|Cx297|101|1358
|player|p2|supraxd|steven|1306
|gen|9
|tier|[Gen 9] OU
|rated|
|rule|HP Percentage Mod: HP is shown in percentages
|rule|Endless Battle Clause: Forcing endless battles is banned
|rule|Species Clause: Limit one of each Pokémon
|rule|OHKO Clause: OHKO moves are banned
|rule|Evasion Items Clause: Evasion items are banned
|rule|Evasion Moves Clause: Evasion moves are banned
|rule|Evasion Abilities Clause: Evasion abilities are banned
|rule|Sleep Moves Clause: Sleep-inducing moves are banned
|clearpoke
|poke|p1|Slowking-Galar, F|
|poke|p1|Primarina, M|
|poke|p1|Dragonite, F|
|poke|p1|Quaquaval, M|
|poke|p1|Cinderace, F|
|poke|p1|Gholdengo|
|poke|p2|Infernape, M|
|poke|p2|Morpeko, M|
|poke|p2|Iron Treads|
|poke|p2|Vaporeon, F|
|poke|p2|Conkeldurr, F|
|poke|p2|Sinistcha|
|teampreview
|inactive|Battle timer is ON: inactive players will automatically lose when time's up. (requested by Cx297)
|
|t:|1759000594
|teamsize|p1|6
|teamsize|p2|6
|start
|switch|p1a: Primarina|Primarina, M|100/100
|switch|p2a: Infernape|Infernape, M|100/100
|turn|1
|
|t:|1759000601
|switch|p2a: Vaporeon|Vaporeon, F|100/100
|move|p1a: Primarina|Substitute|p1a: Primarina
|-start|p1a: Primarina|Substitute
|-damage|p1a: Primarina|76/100
|
|upkeep
|turn|2
|
|t:|1759000615
|-terastallize|p2a: Vaporeon|Fire
|move|p1a: Primarina|Draining Kiss|p2a: Vaporeon
|-resisted|p2a: Vaporeon
|-crit|p2a: Vaporeon
|-damage|p2a: Vaporeon|85/100
|-heal|p1a: Primarina|93/100|[from] drain|[of] p2a: Vaporeon
|move|p2a: Vaporeon|Flip Turn|p1a: Primarina
|-resisted|p1a: Primarina
|-activate|p1a: Primarina|move: Substitute|[damage]
|
|t:|1759000626
|switch|p2a: Infernape|Infernape, M|100/100|[from] Flip Turn
|
|upkeep
|turn|3
|
|t:|1759000633
|move|p2a: Infernape|Overheat|p1a: Primarina|[miss]
|-miss|p2a: Infernape|p1a: Primarina
|move|p1a: Primarina|Draining Kiss|p2a: Infernape
|-damage|p2a: Infernape|56/100
|-heal|p1a: Primarina|100/100|[from] drain|[of] p2a: Infernape
|
|upkeep
|turn|4
|
|t:|1759000638
|move|p2a: Infernape|Overheat|p1a: Primarina|[miss]
|-miss|p2a: Infernape|p1a: Primarina
|move|p1a: Primarina|Substitute|p1a: Primarina
|-fail|p1a: Primarina|move: Substitute
|
|upkeep
|turn|5
|
|t:|1759000640
|move|p2a: Infernape|Overheat|p1a: Primarina|[miss]
|-miss|p2a: Infernape|p1a: Primarina
|move|p1a: Primarina|Substitute|p1a: Primarina
|-fail|p1a: Primarina|move: Substitute
|
|upkeep
|turn|6
|
|t:|1759000651
|switch|p2a: Sinistcha|Sinistcha|100/100
|move|p1a: Primarina|Substitute|p1a: Primarina
|-fail|p1a: Primarina|move: Substitute
|
|upkeep
|turn|7
|
|t:|1759000666
|move|p1a: Primarina|Whirlpool|p2a: Sinistcha
|-resisted|p2a: Sinistcha
|-damage|p2a: Sinistcha|89/100
|-activate|p2a: Sinistcha|move: Whirlpool|[of] p1a: Primarina
|move|p2a: Sinistcha|Calm Mind|p2a: Sinistcha
|-boost|p2a: Sinistcha|spa|1
|-boost|p2a: Sinistcha|spd|1
|
|-heal|p2a: Sinistcha|95/100|[from] item: Leftovers
|-damage|p2a: Sinistcha|83/100|[from] move: Whirlpool|[partiallytrapped]
|upkeep
|turn|8
|
|t:|1759000673
|move|p1a: Primarina|Psychic Noise|p2a: Sinistcha
|-resisted|p2a: Sinistcha
|-damage|p2a: Sinistcha|65/100
|-start|p2a: Sinistcha|move: Heal Block
|move|p2a: Sinistcha|Calm Mind|p2a: Sinistcha
|-boost|p2a: Sinistcha|spa|1
|-boost|p2a: Sinistcha|spd|1
|
|-damage|p2a: Sinistcha|53/100|[from] move: Whirlpool|[partiallytrapped]
|upkeep
|turn|9
|
|t:|1759000680
|move|p1a: Primarina|Draining Kiss|p2a: Sinistcha
|-damage|p2a: Sinistcha|36/100
|move|p2a: Sinistcha|Shadow Ball|p1a: Primarina
|-end|p1a: Primarina|Substitute
|
|-damage|p2a: Sinistcha|24/100|[from] move: Whirlpool|[partiallytrapped]
|-end|p2a: Sinistcha|move: Heal Block
|upkeep
|turn|10
|
|t:|1759000687
|move|p1a: Primarina|Psychic Noise|p2a: Sinistcha
|-resisted|p2a: Sinistcha
|-damage|p2a: Sinistcha|11/100
|-start|p2a: Sinistcha|move: Heal Block
|cant|p2a: Sinistcha|move: Heal Block|Matcha Gotcha
|
|-damage|p2a: Sinistcha|0 fnt|[from] move: Whirlpool|[partiallytrapped]
|faint|p2a: Sinistcha
|upkeep
|
|t:|1759000692
|switch|p2a: Morpeko|Morpeko, M|100/100
|turn|11
|
|t:|1759000696
|switch|p1a: Slowking|Slowking-Galar, F|100/100
|move|p2a: Morpeko|Aura Wheel|p1a: Slowking
|-damage|p1a: Slowking|48/100
|-boost|p2a: Morpeko|spe|1
|-damage|p2a: Morpeko|91/100|[from] item: Life Orb
|
|-formechange|p2a: Morpeko|Morpeko-Hangry||[from] ability: Hunger Switch
|upkeep
|turn|12
|inactive|Cx297 has 120 seconds left.
|
|t:|1759000741
|switch|p1a: Cinderace|Cinderace, F|100/100
|move|p2a: Morpeko|Aura Wheel|p1a: Cinderace
|-damage|p1a: Cinderace|8/100
|-boost|p2a: Morpeko|spe|1
|-damage|p2a: Morpeko|81/100|[from] item: Life Orb
|
|-formechange|p2a: Morpeko|Morpeko||[from] ability: Hunger Switch
|upkeep
|turn|13
|
|t:|1759000747
|move|p2a: Morpeko|Aura Wheel|p1a: Cinderace
|-damage|p1a: Cinderace|0 fnt
|-boost|p2a: Morpeko|spe|1
|faint|p1a: Cinderace
|-damage|p2a: Morpeko|71/100|[from] item: Life Orb
|
|-formechange|p2a: Morpeko|Morpeko-Hangry||[from] ability: Hunger Switch
|upkeep
|inactive|Cx297 has 120 seconds left.
|
|t:|1759000753
|switch|p1a: Dragonite|Dragonite, F|100/100
|turn|14
|
|t:|1759000757
|move|p2a: Morpeko|Aura Wheel|p1a: Dragonite
|-damage|p1a: Dragonite|67/100
|-boost|p2a: Morpeko|spe|1
|-damage|p2a: Morpeko|62/100|[from] item: Life Orb
|move|p1a: Dragonite|Earthquake|p2a: Morpeko
|-supereffective|p2a: Morpeko
|-damage|p2a: Morpeko|0 fnt
|faint|p2a: Morpeko
|
|upkeep
|
|t:|1759000763
|switch|p2a: Conkeldurr|Conkeldurr, F|100/100
|turn|15
|
|t:|1759000769
|switch|p1a: Slowking|Slowking-Galar, F|81/100
|move|p2a: Conkeldurr|Ice Punch|p1a: Slowking
|-damage|p1a: Slowking|49/100
|
|upkeep
|turn|16
|
|t:|1759000775
|switch|p2a: Iron Treads|Iron Treads|100/100
|-enditem|p2a: Iron Treads|Booster Energy
|-activate|p2a: Iron Treads|ability: Quark Drive|[fromitem]
|-start|p2a: Iron Treads|quarkdrivespe
|-prepare|p1a: Slowking|Chilly Reception|[premajor]
|move|p1a: Slowking|Chilly Reception|p1a: Slowking
|-weather|Snowscape
|
|t:|1759000793
|switch|p1a: Quaquaval|Quaquaval, M|100/100|[from] Chilly Reception
|
|-weather|Snowscape|[upkeep]
|upkeep
|turn|17
|
|t:|1759000801
|move|p2a: Iron Treads|Volt Switch|p1a: Quaquaval
|-supereffective|p1a: Quaquaval
|-damage|p1a: Quaquaval|55/100
|
|t:|1759000804
|-end|p2a: Iron Treads|Quark Drive|[silent]
|switch|p2a: Vaporeon|Vaporeon, F, tera:Fire|85/100|[from] Volt Switch
|move|p1a: Quaquaval|Close Combat|p2a: Vaporeon
|-damage|p2a: Vaporeon|11/100
|-unboost|p1a: Quaquaval|def|1
|-unboost|p1a: Quaquaval|spd|1
|
|-weather|Snowscape|[upkeep]
|-heal|p2a: Vaporeon|17/100|[from] item: Leftovers
|upkeep
|turn|18
|
|t:|1759000810
|move|p1a: Quaquaval|Close Combat|p2a: Vaporeon
|-damage|p2a: Vaporeon|0 fnt
|-unboost|p1a: Quaquaval|def|1
|-unboost|p1a: Quaquaval|spd|1
|faint|p2a: Vaporeon
|-ability|p1a: Quaquaval|Moxie|boost
|-boost|p1a: Quaquaval|atk|1
|
|-weather|Snowscape|[upkeep]
|upkeep
|
|t:|1759000816
|switch|p2a: Infernape|Infernape, M|56/100
|turn|19
|
|t:|1759000819
|switch|p1a: Slowking|Slowking-Galar, F|82/100
|move|p2a: Infernape|Mach Punch|p1a: Slowking
|-resisted|p1a: Slowking
|-damage|p1a: Slowking|79/100
|
|-weather|Snowscape|[upkeep]
|upkeep
|turn|20
|
|t:|1759000823
|move|p2a: Infernape|Stealth Rock|p1a: Slowking
|-sidestart|p1: Cx297|move: Stealth Rock
|move|p1a: Slowking|Psychic Noise|p2a: Infernape
|-supereffective|p2a: Infernape
|-damage|p2a: Infernape|0 fnt
|faint|p2a: Infernape
|
|-weather|none
|upkeep
|
|t:|1759000827
|switch|p2a: Iron Treads|Iron Treads|100/100
|turn|21
|
|t:|1759000830
|move|p2a: Iron Treads|Earth Power|p1a: Slowking
|-supereffective|p1a: Slowking
|-damage|p1a: Slowking|39/100
|-prepare|p1a: Slowking|Chilly Reception|[premajor]
|move|p1a: Slowking|Chilly Reception|p1a: Slowking
|-weather|Snowscape
|
|t:|1759000846
|switch|p1a: Primarina|Primarina, M|100/100|[from] Chilly Reception
|-damage|p1a: Primarina|88/100|[from] Stealth Rock
|
|-weather|Snowscape|[upkeep]
|upkeep
|turn|22
|
|t:|1759000852
|move|p2a: Iron Treads|Earth Power|p1a: Primarina
|-damage|p1a: Primarina|56/100
|move|p1a: Primarina|Psychic Noise|p2a: Iron Treads
|-supereffective|p2a: Iron Treads
|-damage|p2a: Iron Treads|0 fnt
|faint|p2a: Iron Treads
|-end|p2a: Iron Treads|Quark Drive|[silent]
|
|-weather|Snowscape|[upkeep]
|upkeep
|
|t:|1759000855
|switch|p2a: Conkeldurr|Conkeldurr, F|100/100
|turn|23
|
|t:|1759000859
|move|p1a: Primarina|Draining Kiss|p2a: Conkeldurr
|-supereffective|p2a: Conkeldurr
|-damage|p2a: Conkeldurr|54/100
|-heal|p1a: Primarina|100/100|[from] drain|[of] p2a: Conkeldurr
|move|p2a: Conkeldurr|Thunder Punch|p1a: Primarina
|-supereffective|p1a: Primarina
|-damage|p1a: Primarina|0 fnt
|faint|p1a: Primarina
|
|-weather|Snowscape|[upkeep]
|upkeep
|
|t:|1759000868
|switch|p1a: Quaquaval|Quaquaval, M|55/100
|-damage|p1a: Quaquaval|49/100|[from] Stealth Rock
|turn|24
|
|t:|1759000875
|move|p1a: Quaquaval|Close Combat|p2a: Conkeldurr
|-damage|p2a: Conkeldurr|0 fnt
|-unboost|p1a: Quaquaval|def|1
|-unboost|p1a: Quaquaval|spd|1
|faint|p2a: Conkeldurr
|
|win|Cx297
|raw|Cx297's rating: 1358 &rarr; <strong>1375</strong><br />(+17 for winning)
|raw|supraxd's rating: 1306 &rarr; <strong>1289</strong><br />(-17 for losing)
|l|‽supraxd
|player|p2|
|l|☆Cx297
|player|p1|
