|j|☆zhongxing
|j|☆forgettablealex
|t:|1758942574
|gametype|singles
|player|p1|zhongxing|170|1061
|player|p2|forgettablealex|102|1066
|gen|9
|tier|[Gen 9] OU
|rated|
|rule|HP Percentage Mod: HP is shown in percentages
|rule|Endless Battle Clause: Forcing endless battles is banned
|rule|Species Clause: Limit one of each Pokémon
|rule|OHKO Clause: OHKO moves are banned
|rule|Evasion Items Clause: Evasion items are banned
|rule|Evasion Moves Clause: Evasion moves are banned
|rule|Evasion Abilities Clause: Evasion abilities are banned
|rule|Sleep Moves Clause: Sleep-inducing moves are banned
|clearpoke
|poke|p1|Blastoise, M|
|poke|p1|Hydrapple, F|
|poke|p1|Thundurus, M|
|poke|p1|Blaziken, M|
|poke|p1|Kleavor, M|
|poke|p1|Chansey, F|
|poke|p2|Gliscor, F|
|poke|p2|Grafaiai, F|
|poke|p2|Zoroark-Hisui, M|
|poke|p2|Weavile, F|
|poke|p2|Bastiodon, M|
|poke|p2|Reuniclus, M|
|teampreview
|
|t:|1758942589
|teamsize|p1|6
|teamsize|p2|6
|start
|switch|p1a: Kleavor|Kleavor, M|100/100
|switch|p2a: Grafaiai|Grafaiai, F|100/100
|turn|1
|
|t:|1758942603
|move|p2a: Grafaiai|Switcheroo|p1a: Kleavor
|-activate|p2a: Grafaiai|move: Trick|[of] p1a: Kleavor
|-item|p1a: Kleavor|Flame Orb|[from] move: Switcheroo
|-item|p2a: Grafaiai|Focus Sash|[from] move: Switcheroo
|move|p1a: Kleavor|Swords Dance|p1a: Kleavor
|-boost|p1a: Kleavor|atk|2
|
|-status|p1a: Kleavor|brn|[from] item: Flame Orb
|upkeep
|turn|2
|
|t:|1758942613
|move|p1a: Kleavor|Stone Axe|p2a: Grafaiai
|-damage|p2a: Grafaiai|14/100
|-sidestart|p2: forgettablealex|move: Stealth Rock
|move|p2a: Grafaiai|Super Fang|p1a: Kleavor
|-damage|p1a: Kleavor|50/100 brn
|
|-damage|p1a: Kleavor|44/100 brn|[from] brn
|upkeep
|turn|3
|
|t:|1758942623
|move|p1a: Kleavor|U-turn|p2a: Grafaiai
|-resisted|p2a: Grafaiai
|-damage|p2a: Grafaiai|0 fnt
|faint|p2a: Grafaiai
|
|t:|1758942639
|switch|p1a: Thundurus|Thundurus, M|100/100|[from] U-turn
|
|upkeep
|
|t:|1758942646
|switch|p2a: Weavile|Weavile, F|100/100
|-damage|p2a: Weavile|76/100|[from] Stealth Rock
|-ability|p2a: Weavile|Pressure
|turn|4
|
|t:|1758942654
|move|p1a: Thundurus|Thunder Wave|p2a: Weavile
|-hint|Since gen 7, Dark is immune to Prankster moves.
|-immune|p2a: Weavile
|move|p2a: Weavile|Knock Off|p1a: Thundurus
|-damage|p1a: Thundurus|12/100
|-enditem|p1a: Thundurus|Blunder Policy|[from] move: Knock Off|[of] p2a: Weavile
|-damage|p2a: Weavile|66/100|[from] item: Life Orb
|
|upkeep
|turn|5
|
|t:|1758942669
|move|p2a: Weavile|Knock Off|p1a: Thundurus
|-damage|p1a: Thundurus|0 fnt
|faint|p1a: Thundurus
|-damage|p2a: Weavile|56/100|[from] item: Life Orb
|
|upkeep
|
|t:|1758942678
|switch|p1a: Hydrapple|Hydrapple, F|100/100
|turn|6
|
|t:|1758942684
|move|p1a: Hydrapple|Sucker Punch|p2a: Weavile
|-resisted|p2a: Weavile
|-damage|p2a: Weavile|45/100
|move|p2a: Weavile|Triple Axel|p1a: Hydrapple
|-supereffective|p1a: Hydrapple
|-damage|p1a: Hydrapple|70/100
|-supereffective|p1a: Hydrapple
|-damage|p1a: Hydrapple|14/100
|-supereffective|p1a: Hydrapple
|-damage|p1a: Hydrapple|0 fnt
|faint|p1a: Hydrapple
|-hitcount|p1: Hydrapple|3
|-damage|p2a: Weavile|35/100|[from] item: Life Orb
|
|upkeep
|
|t:|1758942701
|switch|p1a: Blaziken|Blaziken, M|100/100
|turn|7
|
|t:|1758942715
|switch|p2a: Reuniclus|Reuniclus, M|100/100
|move|p1a: Blaziken|Blaze Kick|p2a: Reuniclus
|-damage|p2a: Reuniclus|56/100
|
|-heal|p2a: Reuniclus|62/100|[from] item: Leftovers
|-ability|p1a: Blaziken|Speed Boost|boost
|-boost|p1a: Blaziken|spe|1
|upkeep
|turn|8
|
|t:|1758942728
|-singleturn|p1a: Blaziken|move: Focus Punch
|move|p2a: Reuniclus|Psyshock|p1a: Blaziken
|-supereffective|p1a: Blaziken
|-damage|p1a: Blaziken|0 fnt
|faint|p1a: Blaziken
|
|-heal|p2a: Reuniclus|68/100|[from] item: Leftovers
|upkeep
|
|t:|1758942739
|switch|p1a: Blastoise|Blastoise, M|100/100
|turn|9
|
|t:|1758942744
|move|p1a: Blastoise|Shell Smash|p1a: Blastoise
|-unboost|p1a: Blastoise|def|1
|-unboost|p1a: Blastoise|spd|1
|-boost|p1a: Blastoise|atk|2
|-boost|p1a: Blastoise|spa|2
|-boost|p1a: Blastoise|spe|2
|-enditem|p1a: Blastoise|White Herb
|-clearnegativeboost|p1a: Blastoise|[silent]
|move|p2a: Reuniclus|Calm Mind|p2a: Reuniclus
|-boost|p2a: Reuniclus|spa|1
|-boost|p2a: Reuniclus|spd|1
|
|-heal|p2a: Reuniclus|74/100|[from] item: Leftovers
|upkeep
|turn|10
|
|t:|1758942757
|-terastallize|p1a: Blastoise|Water
|move|p1a: Blastoise|Surf|p2a: Reuniclus
|-damage|p2a: Reuniclus|2/100
|move|p2a: Reuniclus|Grass Knot|p1a: Blastoise
|-supereffective|p1a: Blastoise
|-damage|p1a: Blastoise|15/100
|
|-heal|p2a: Reuniclus|9/100|[from] item: Leftovers
|upkeep
|turn|11
|
|t:|1758942768
|move|p1a: Blastoise|Surf|p2a: Reuniclus
|-damage|p2a: Reuniclus|0 fnt
|faint|p2a: Reuniclus
|
|upkeep
|
|t:|1758942776
|switch|p2a: Gliscor|Gliscor, F, shiny|100/100
|-damage|p2a: Gliscor|88/100|[from] Stealth Rock
|turn|12
|
|t:|1758942785
|-terastallize|p2a: Gliscor|Normal
|move|p1a: Blastoise|Surf|p2a: Gliscor
|-damage|p2a: Gliscor|0 fnt
|faint|p2a: Gliscor
|
|upkeep
|
|t:|1758942793
|switch|p2a: Bastiodon|Bastiodon, M|100/100
|-damage|p2a: Bastiodon|94/100|[from] Stealth Rock
|turn|13
|
|t:|1758942800
|move|p1a: Blastoise|Surf|p2a: Bastiodon
|-supereffective|p2a: Bastiodon
|-damage|p2a: Bastiodon|0 fnt
|faint|p2a: Bastiodon
|
|upkeep
|
|t:|1758942806
|switch|p2a: Weavile|Weavile, F|35/100
|-damage|p2a: Weavile|10/100|[from] Stealth Rock
|-ability|p2a: Weavile|Pressure
|turn|14
|
|t:|1758942813
|move|p1a: Blastoise|Surf|p2a: Weavile
|-damage|p2a: Weavile|0 fnt
|faint|p2a: Weavile
|
|upkeep
|
|t:|1758942817
|switch|p2a: Zoroark|Zoroark-Hisui, M|100/100
|-damage|p2a: Zoroark|88/100|[from] Stealth Rock
|turn|15
|
|t:|1758942824
|move|p1a: Blastoise|Surf|p2a: Zoroark
|-damage|p2a: Zoroark|0 fnt
|faint|p2a: Zoroark
|
|win|zhongxing
|raw|zhongxing's rating: 1061 &rarr; <strong>1092</strong><br />(+31 for winning)
|raw|forgettablealex's rating: 1066 &rarr; <strong>1046</strong><br />(-20 for losing)
|l|☆forgettablealex
|player|p2|
