|j|☆upover
|j|☆Kidhub
|t:|1759037734
|gametype|singles
|player|p1|upover|rocketgrunt|1404
|player|p2|Kidhub|101|1420
|gen|9
|tier|[Gen 9] OU
|rated|
|rule|HP Percentage Mod: HP is shown in percentages
|rule|Endless Battle Clause: Forcing endless battles is banned
|rule|Species Clause: Limit one of each Pokémon
|rule|OHKO Clause: OHKO moves are banned
|rule|Evasion Items Clause: Evasion items are banned
|rule|Evasion Moves Clause: Evasion moves are banned
|rule|Evasion Abilities Clause: Evasion abilities are banned
|rule|Sleep Moves Clause: Sleep-inducing moves are banned
|clearpoke
|poke|p1|Slowbro, M|
|poke|p1|Goodra-Hisui, F|
|poke|p1|Ursaluna, M|
|poke|p1|Rillaboom, F|
|poke|p1|Tinkaton, F|
|poke|p1|Zamazenta-*|
|poke|p2|Ogerpon-Cornerstone, F|
|poke|p2|Hatterene, F|
|poke|p2|Pecharunt|
|poke|p2|Landorus-Therian, M|
|poke|p2|Kingambit, F|
|poke|p2|Latios, M|
|teampreview
|inactive|Battle timer is ON: inactive players will automatically lose when time's up. (requested by upover)
|inactive|Kidhub has 120 seconds left.
|
|t:|1759037768
|teamsize|p1|6
|teamsize|p2|6
|start
|switch|p1a: Tinkaton|Tinkaton, F|100/100
|switch|p2a: Landorus|Landorus-Therian, M|100/100
|-ability|p1a: Tinkaton|Mold Breaker
|-item|p1a: Tinkaton|Air Balloon
|-ability|p2a: Landorus|Intimidate|boost
|-unboost|p1a: Tinkaton|atk|1
|turn|1
|
|t:|1759037780
|switch|p2a: Hatterene|Hatterene, F|100/100
|move|p1a: Tinkaton|Stealth Rock|p2a: Hatterene
|-sidestart|p2: Kidhub|move: Stealth Rock
|
|upkeep
|turn|2
|c|☆Kidhub|Right lol
|
|t:|1759037802
|switch|p2a: Landorus|Landorus-Therian, M|100/100
|-damage|p2a: Landorus|88/100|[from] Stealth Rock
|-ability|p2a: Landorus|Intimidate|boost
|-unboost|p1a: Tinkaton|atk|1
|move|p1a: Tinkaton|Gigaton Hammer|p2a: Landorus
|-damage|p2a: Landorus|68/100
|
|upkeep
|turn|3
|
|t:|1759037811
|switch|p1a: Rillaboom|Rillaboom, F|100/100
|-fieldstart|move: Grassy Terrain|[from] ability: Grassy Surge|[of] p1a: Rillaboom
|move|p2a: Landorus|Stealth Rock|p1a: Rillaboom
|-sidestart|p1: upover|move: Stealth Rock
|
|upkeep
|turn|4
|
|t:|1759037818
|move|p1a: Rillaboom|Wood Hammer|p2a: Landorus
|-damage|p2a: Landorus|16/100
|-damage|p1a: Rillaboom|84/100|[from] item: Rocky Helmet|[of] p2a: Landorus
|-damage|p1a: Rillaboom|67/100|[from] Recoil
|move|p2a: Landorus|U-turn|p1a: Rillaboom
|-supereffective|p1a: Rillaboom
|-damage|p1a: Rillaboom|27/100
|
|t:|1759037827
|switch|p2a: Pecharunt|Pecharunt|100/100|[from] U-turn
|
|-heal|p1a: Rillaboom|33/100|[from] Grassy Terrain
|upkeep
|turn|5
|
|t:|1759037833
|move|p1a: Rillaboom|U-turn|p2a: Pecharunt
|-resisted|p2a: Pecharunt
|-damage|p2a: Pecharunt|98/100
|
|t:|1759037836
|switch|p1a: snail|Goodra-Hisui, F|100/100|[from] U-turn
|-damage|p1a: snail|94/100|[from] Stealth Rock
|move|p2a: Pecharunt|Shadow Ball|p1a: snail
|-damage|p1a: snail|83/100
|
|-heal|p2a: Pecharunt|100/100|[from] Grassy Terrain
|-heal|p1a: snail|89/100|[from] Grassy Terrain
|upkeep
|turn|6
|
|t:|1759037857
|move|p2a: Pecharunt|Parting Shot|p1a: snail
|-unboost|p1a: snail|atk|1
|-unboost|p1a: snail|spa|1
|
|t:|1759037860
|switch|p2a: Kingambit|Kingambit, F|100/100|[from] Parting Shot
|-damage|p2a: Kingambit|94/100|[from] Stealth Rock
|move|p1a: snail|Dragon Tail|p2a: Kingambit|[miss]
|-miss|p1a: snail|p2a: Kingambit
|
|-heal|p2a: Kingambit|100/100|[from] Grassy Terrain
|-heal|p1a: snail|95/100|[from] Grassy Terrain
|upkeep
|turn|7
|
|t:|1759037873
|switch|p1a: Zamazenta|Zamazenta|100/100
|-damage|p1a: Zamazenta|94/100|[from] Stealth Rock
|-ability|p1a: Zamazenta|Dauntless Shield|boost
|-boost|p1a: Zamazenta|def|1
|move|p2a: Kingambit|Swords Dance|p2a: Kingambit
|-boost|p2a: Kingambit|atk|2
|
|-heal|p1a: Zamazenta|100/100|[from] Grassy Terrain
|upkeep
|turn|8
|
|t:|1759037884
|-end|p2a: Kingambit|fallenundefined|[silent]
|switch|p2a: Hatterene|Hatterene, F|100/100
|-damage|p2a: Hatterene|88/100|[from] Stealth Rock
|move|p1a: Zamazenta|Crunch|p2a: Hatterene
|-damage|p2a: Hatterene|62/100
|-unboost|p2a: Hatterene|def|1
|
|-heal|p2a: Hatterene|68/100|[from] Grassy Terrain
|upkeep
|turn|9
|
|t:|1759037897
|move|p1a: Zamazenta|Substitute|p1a: Zamazenta
|-start|p1a: Zamazenta|Substitute
|-damage|p1a: Zamazenta|75/100
|move|p2a: Hatterene|Draining Kiss|p1a: Zamazenta
|-supereffective|p1a: Zamazenta
|-end|p1a: Zamazenta|Substitute
|-heal|p2a: Hatterene|91/100|[from] drain|[of] p1a: Zamazenta
|
|-heal|p1a: Zamazenta|82/100|[from] Grassy Terrain
|-heal|p1a: Zamazenta|88/100|[from] item: Leftovers
|-heal|p2a: Hatterene|97/100|[from] Grassy Terrain
|upkeep
|turn|10
|
|t:|1759037910
|switch|p1a: snail|Goodra-Hisui, F|95/100
|-damage|p1a: snail|89/100|[from] Stealth Rock
|move|p2a: Hatterene|Psychic Noise|p1a: snail
|-resisted|p1a: snail
|-damage|p1a: snail|80/100
|-start|p1a: snail|move: Heal Block
|
|-heal|p2a: Hatterene|100/100|[from] Grassy Terrain
|-fieldend|move: Grassy Terrain
|upkeep
|turn|11
|
|t:|1759037924
|switch|p2a: Kingambit|Kingambit, F|100/100
|-damage|p2a: Kingambit|94/100|[from] Stealth Rock
|move|p1a: snail|Flash Cannon|p2a: Kingambit
|-resisted|p2a: Kingambit
|-damage|p2a: Kingambit|72/100
|
|-heal|p2a: Kingambit|79/100|[from] item: Leftovers
|-end|p1a: snail|move: Heal Block
|upkeep
|turn|12
|
|t:|1759037934
|move|p2a: Kingambit|Low Kick|p1a: snail
|-supereffective|p1a: snail
|-crit|p1a: snail
|-damage|p1a: snail|0 fnt
|faint|p1a: snail
|
|-heal|p2a: Kingambit|85/100|[from] item: Leftovers
|upkeep
|
|t:|1759037952
|switch|p1a: Rillaboom|Rillaboom, F|33/100
|-damage|p1a: Rillaboom|21/100|[from] Stealth Rock
|-fieldstart|move: Grassy Terrain|[from] ability: Grassy Surge|[of] p1a: Rillaboom
|turn|13
|
|t:|1759037957
|switch|p1a: Ursaluna|Ursaluna, M|100/100
|-damage|p1a: Ursaluna|94/100|[from] Stealth Rock
|move|p2a: Kingambit|Sucker Punch||[still]
|-fail|p2a: Kingambit
|
|-heal|p2a: Kingambit|91/100|[from] Grassy Terrain
|-heal|p2a: Kingambit|97/100|[from] item: Leftovers
|-heal|p1a: Ursaluna|100/100|[from] Grassy Terrain
|upkeep
|turn|14
|
|t:|1759037970
|-end|p2a: Kingambit|fallenundefined|[silent]
|switch|p2a: Landorus|Landorus-Therian, M|16/100
|-damage|p2a: Landorus|4/100|[from] Stealth Rock
|-ability|p2a: Landorus|Intimidate|boost
|-unboost|p1a: Ursaluna|atk|1
|move|p1a: Ursaluna|Bulk Up|p1a: Ursaluna
|-boost|p1a: Ursaluna|atk|1
|-boost|p1a: Ursaluna|def|1
|
|upkeep
|turn|15
|
|t:|1759037979
|move|p2a: Landorus|Taunt|p1a: Ursaluna
|-start|p1a: Ursaluna|move: Taunt
|move|p1a: Ursaluna|Body Slam|p2a: Landorus
|-damage|p2a: Landorus|0 fnt
|-damage|p1a: Ursaluna|84/100|[from] item: Rocky Helmet|[of] p2a: Landorus
|faint|p2a: Landorus
|
|-heal|p1a: Ursaluna|90/100|[from] Grassy Terrain
|-heal|p1a: Ursaluna|96/100|[from] item: Leftovers
|upkeep
|
|t:|1759037990
|switch|p2a: Ogerpon|Ogerpon-Cornerstone, F|100/100
|-damage|p2a: Ogerpon|88/100|[from] Stealth Rock
|turn|16
|
|t:|1759037998
|move|p2a: Ogerpon|Power Whip|p1a: Ursaluna
|-supereffective|p1a: Ursaluna
|-damage|p1a: Ursaluna|8/100
|move|p1a: Ursaluna|Body Slam|p2a: Ogerpon
|-resisted|p2a: Ogerpon
|-damage|p2a: Ogerpon|64/100
|-status|p2a: Ogerpon|par
|
|-heal|p2a: Ogerpon|70/100 par|[from] Grassy Terrain
|-heal|p1a: Ursaluna|14/100|[from] Grassy Terrain
|-heal|p1a: Ursaluna|21/100|[from] item: Leftovers
|upkeep
|turn|17
|
|t:|1759038019
|switch|p1a: Zamazenta|Zamazenta|88/100
|-damage|p1a: Zamazenta|82/100|[from] Stealth Rock
|move|p2a: Ogerpon|Power Whip|p1a: Zamazenta
|-damage|p1a: Zamazenta|11/100
|
|-heal|p1a: Zamazenta|18/100|[from] Grassy Terrain
|-heal|p1a: Zamazenta|24/100|[from] item: Leftovers
|-heal|p2a: Ogerpon|76/100 par|[from] Grassy Terrain
|upkeep
|turn|18
|
|t:|1759038031
|switch|p2a: Hatterene|Hatterene, F|100/100
|-damage|p2a: Hatterene|88/100|[from] Stealth Rock
|move|p1a: Zamazenta|Body Press|p2a: Hatterene
|-resisted|p2a: Hatterene
|-damage|p2a: Hatterene|79/100
|
|-heal|p1a: Zamazenta|30/100|[from] Grassy Terrain
|-heal|p1a: Zamazenta|36/100|[from] item: Leftovers
|-heal|p2a: Hatterene|85/100|[from] Grassy Terrain
|upkeep
|turn|19
|
|t:|1759038042
|switch|p1a: Tinkaton|Tinkaton, F|100/100
|-damage|p1a: Tinkaton|94/100|[from] Stealth Rock
|-ability|p1a: Tinkaton|Mold Breaker
|-item|p1a: Tinkaton|Air Balloon
|move|p2a: Hatterene|Draining Kiss|p1a: Tinkaton
|-resisted|p1a: Tinkaton
|-crit|p1a: Tinkaton
|-damage|p1a: Tinkaton|77/100
|-heal|p2a: Hatterene|100/100|[from] drain|[of] p1a: Tinkaton
|-enditem|p1a: Tinkaton|Air Balloon
|
|-heal|p1a: Tinkaton|83/100|[from] Grassy Terrain
|upkeep
|turn|20
|
|t:|1759038056
|switch|p2a: Pecharunt|Pecharunt|100/100
|move|p1a: Tinkaton|Thunder Wave|p2a: Pecharunt
|-status|p2a: Pecharunt|par
|
|-heal|p1a: Tinkaton|89/100|[from] Grassy Terrain
|-fieldend|move: Grassy Terrain
|upkeep
|turn|21
|
|t:|1759038073
|move|p1a: Tinkaton|Gigaton Hammer|p2a: Pecharunt
|-damage|p2a: Pecharunt|80/100 par
|move|p2a: Pecharunt|Parting Shot|p1a: Tinkaton
|-unboost|p1a: Tinkaton|atk|1
|-unboost|p1a: Tinkaton|spa|1
|
|t:|1759038088
|switch|p2a: Latios|Latios, M|100/100|[from] Parting Shot
|-damage|p2a: Latios|88/100|[from] Stealth Rock
|
|upkeep
|turn|22
|
|t:|1759038093
|move|p2a: Latios|Trick|p1a: Tinkaton
|-activate|p2a: Latios|move: Trick|[of] p1a: Tinkaton
|-item|p1a: Tinkaton|Choice Scarf|[from] move: Trick
|-enditem|p2a: Latios|Choice Scarf|[silent]|[from] move: Trick
|move|p1a: Tinkaton|Thunder Wave|p2a: Latios
|-status|p2a: Latios|par
|
|upkeep
|turn|23
|
|t:|1759038102
|switch|p1a: Rillaboom|Rillaboom, F|21/100
|-damage|p1a: Rillaboom|8/100|[from] Stealth Rock
|-fieldstart|move: Grassy Terrain|[from] ability: Grassy Surge|[of] p1a: Rillaboom
|cant|p2a: Latios|par
|
|-heal|p1a: Rillaboom|14/100|[from] Grassy Terrain
|upkeep
|turn|24
|
|t:|1759038113
|switch|p2a: Pecharunt|Pecharunt|80/100 par
|move|p1a: Rillaboom|U-turn|p2a: Pecharunt
|-resisted|p2a: Pecharunt
|-damage|p2a: Pecharunt|78/100 par
|
|t:|1759038120
|switch|p1a: Ursaluna|Ursaluna, M|21/100|[from] U-turn
|-damage|p1a: Ursaluna|14/100|[from] Stealth Rock
|
|-heal|p1a: Ursaluna|21/100|[from] Grassy Terrain
|-heal|p1a: Ursaluna|27/100|[from] item: Leftovers
|-heal|p2a: Pecharunt|84/100 par|[from] Grassy Terrain
|upkeep
|turn|25
|
|t:|1759038133
|switch|p2a: Ogerpon|Ogerpon-Cornerstone, F|76/100 par
|-damage|p2a: Ogerpon|64/100 par|[from] Stealth Rock
|move|p1a: Ursaluna|Protect||[still]
|-fail|p1a: Ursaluna
|
|-heal|p2a: Ogerpon|70/100 par|[from] Grassy Terrain
|-heal|p1a: Ursaluna|33/100|[from] Grassy Terrain
|-heal|p1a: Ursaluna|39/100|[from] item: Leftovers
|upkeep
|turn|26
|
|t:|1759038143
|-terastallize|p1a: Ursaluna|Poison
|move|p2a: Ogerpon|Power Whip|p1a: Ursaluna
|-resisted|p1a: Ursaluna
|-crit|p1a: Ursaluna
|-damage|p1a: Ursaluna|0 fnt
|faint|p1a: Ursaluna
|
|-heal|p2a: Ogerpon|76/100 par|[from] Grassy Terrain
|upkeep
|-message|upover forfeited.
|
|win|Kidhub
|raw|upover's rating: 1404 &rarr; <strong>1385</strong><br />(-19 for losing)
|raw|Kidhub's rating: 1420 &rarr; <strong>1439</strong><br />(+19 for winning)
|l|☆upover
|player|p1|
|c|☆Kidhub|Gg
|l|☆Kidhub
|player|p2|
|j|☆Kidhub
|player|p2|Kidhub|101|
