|j|☆JoeSwanson96
|j|☆Cuison
|t:|1759052478
|gametype|singles
|player|p1|JoeSwanson96|265|1290
|player|p2|Cuison|waiter-gen4dp|1281
|gen|9
|tier|[Gen 9] OU
|rated|
|rule|HP Percentage Mod: HP is shown in percentages
|rule|Endless Battle Clause: Forcing endless battles is banned
|rule|Species Clause: Limit one of each Pokémon
|rule|OHKO Clause: OHKO moves are banned
|rule|Evasion Items Clause: Evasion items are banned
|rule|Evasion Moves Clause: Evasion moves are banned
|rule|Evasion Abilities Clause: Evasion abilities are banned
|rule|Sleep Moves Clause: Sleep-inducing moves are banned
|clearpoke
|poke|p1|Hatterene, F|
|poke|p1|Glastrier|
|poke|p1|Ursaluna, M|
|poke|p1|Darkrai|
|poke|p1|Dragonite, M|
|poke|p1|Klefki, F|
|poke|p2|Kommo-o, M|
|poke|p2|Gholdengo|
|poke|p2|Ninetales-Alola, M|
|poke|p2|Hatterene, F|
|poke|p2|Great Tusk|
|poke|p2|Kingambit, M|
|teampreview
|c|☆JoeSwanson96|glhf!
|
|t:|1759052500
|teamsize|p1|6
|teamsize|p2|6
|start
|switch|p1a: Queen Von|Hatterene, F|100/100
|switch|p2a: Hatterene|Hatterene, F|100/100
|turn|1
|
|t:|1759052503
|move|p2a: Hatterene|Calm Mind|p2a: Hatterene
|-boost|p2a: Hatterene|spa|1
|-boost|p2a: Hatterene|spd|1
|move|p1a: Queen Von|Trick Room|p1a: Queen Von
|-fieldstart|move: Trick Room|[of] p1a: Queen Von
|
|upkeep
|turn|2
|
|t:|1759052509
|move|p1a: Queen Von|Healing Wish|p1a: Queen Von
|faint|p1a: Queen Von
|move|p2a: Hatterene|Calm Mind|p2a: Hatterene
|-boost|p2a: Hatterene|spa|1
|-boost|p2a: Hatterene|spd|1
|
|upkeep
|
|t:|1759052514
|switch|p1a: Ursagoona|Ursaluna, M|100/100
|turn|3
|
|t:|1759052521
|switch|p2a: Ninetales|Ninetales-Alola, M|100/100
|-weather|Snowscape|[from] ability: Snow Warning|[of] p2a: Ninetales
|move|p1a: Ursagoona|Headlong Rush|p2a: Ninetales
|-damage|p2a: Ninetales|42/100
|-unboost|p1a: Ursagoona|def|1
|-unboost|p1a: Ursagoona|spd|1
|
|-weather|Snowscape|[upkeep]
|-status|p1a: Ursagoona|brn|[from] item: Flame Orb
|upkeep
|turn|4
|
|t:|1759052540
|move|p1a: Ursagoona|Facade|p2a: Ninetales
|-damage|p2a: Ninetales|0 fnt
|faint|p2a: Ninetales
|
|-weather|Snowscape|[upkeep]
|-damage|p1a: Ursagoona|94/100 brn|[from] brn
|upkeep
|
|t:|1759052549
|switch|p2a: Hatterene|Hatterene, F|100/100
|turn|5
|
|t:|1759052558
|switch|p2a: Gholdengo|Gholdengo|100/100
|move|p1a: Ursagoona|Facade|p2a: Gholdengo
|-immune|p2a: Gholdengo
|
|-weather|Snowscape|[upkeep]
|-damage|p1a: Ursagoona|88/100 brn|[from] brn
|-fieldend|move: Trick Room
|upkeep
|turn|6
|
|t:|1759052567
|switch|p1a: Klinkling|Klefki, F|100/100
|move|p2a: Gholdengo|Focus Blast|p1a: Klinkling|[miss]
|-miss|p2a: Gholdengo|p1a: Klinkling
|
|-weather|Snowscape|[upkeep]
|upkeep
|turn|7
|
|t:|1759052577
|move|p2a: Gholdengo|Focus Blast|p1a: Klinkling
|-damage|p1a: Klinkling|44/100
|move|p1a: Klinkling|Trick Room|p1a: Klinkling
|-fieldstart|move: Trick Room|[of] p1a: Klinkling
|
|-weather|none
|-heal|p1a: Klinkling|50/100|[from] item: Leftovers
|upkeep
|turn|8
|
|t:|1759052591
|switch|p1a: Dragoonite|Dragonite, M|100/100
|move|p2a: Gholdengo|Focus Blast|p1a: Dragoonite
|-resisted|p1a: Dragoonite
|-damage|p1a: Dragoonite|88/100
|
|upkeep
|turn|9
|
|t:|1759052599
|switch|p1a: Ursagoona|Ursaluna, M|88/100 brn
|-heal|p1a: Ursagoona|100/100|[from] move: Healing Wish
|move|p2a: Gholdengo|Nasty Plot|p2a: Gholdengo
|-boost|p2a: Gholdengo|spa|2
|
|-status|p1a: Ursagoona|brn|[from] item: Flame Orb
|upkeep
|turn|10
|
|t:|1759052607
|switch|p2a: Kingambit|Kingambit, M|100/100
|-activate|p2a: Kingambit|ability: Supreme Overlord
|-start|p2a: Kingambit|fallen1|[silent]
|-item|p2a: Kingambit|Air Balloon
|move|p1a: Ursagoona|Headlong Rush|p2a: Kingambit
|-immune|p2a: Kingambit
|
|-damage|p1a: Ursagoona|94/100 brn|[from] brn
|upkeep
|turn|11
|
|t:|1759052642
|-end|p2a: Kingambit|fallen1|[silent]
|switch|p2a: Great Tusk|Great Tusk|100/100
|move|p1a: Ursagoona|Facade|p2a: Great Tusk
|-damage|p2a: Great Tusk|6/100
|-damage|p1a: Ursagoona|78/100 brn|[from] item: Rocky Helmet|[of] p2a: Great Tusk
|
|-damage|p1a: Ursagoona|72/100 brn|[from] brn
|-fieldend|move: Trick Room
|upkeep
|turn|12
|
|t:|1759052676
|switch|p1a: Dragoonite|Dragonite, M|88/100
|move|p2a: Great Tusk|Ice Spinner|p1a: Dragoonite
|-supereffective|p1a: Dragoonite
|-damage|p1a: Dragoonite|0 fnt
|faint|p1a: Dragoonite
|
|upkeep
|
|t:|1759052682
|switch|p1a: DarkraiCenat|Darkrai|100/100
|turn|13
|
|t:|1759052689
|-end|p2a: Great Tusk|Protosynthesis|[silent]
|switch|p2a: Hatterene|Hatterene, F|100/100
|move|p1a: DarkraiCenat|Dark Pulse|p2a: Hatterene
|-damage|p2a: Hatterene|58/100
|
|upkeep
|turn|14
|
|t:|1759052693
|move|p1a: DarkraiCenat|Dark Pulse|p2a: Hatterene
|-damage|p2a: Hatterene|11/100
|move|p2a: Hatterene|Draining Kiss|p1a: DarkraiCenat
|-supereffective|p1a: DarkraiCenat
|-damage|p1a: DarkraiCenat|45/100
|-heal|p2a: Hatterene|47/100|[from] drain|[of] p1a: DarkraiCenat
|
|upkeep
|turn|15
|
|t:|1759052705
|move|p1a: DarkraiCenat|Dark Pulse|p2a: Hatterene
|-damage|p2a: Hatterene|4/100
|move|p2a: Hatterene|Draining Kiss|p1a: DarkraiCenat
|-supereffective|p1a: DarkraiCenat
|-damage|p1a: DarkraiCenat|0 fnt
|-heal|p2a: Hatterene|33/100|[from] drain|[of] p1a: DarkraiCenat
|faint|p1a: DarkraiCenat
|
|upkeep
|
|t:|1759052714
|switch|p1a: Klinkling|Klefki, F|50/100
|turn|16
|
|t:|1759052719
|move|p2a: Hatterene|Nuzzle|p1a: Klinkling
|-damage|p1a: Klinkling|47/100
|-status|p1a: Klinkling|par
|move|p1a: Klinkling|Trick Room|p1a: Klinkling
|-fieldstart|move: Trick Room|[of] p1a: Klinkling
|
|-heal|p1a: Klinkling|53/100 par|[from] item: Leftovers
|upkeep
|turn|17
|
|t:|1759052729
|switch|p1a: AdinRosstrier|Glastrier|100/100
|move|p2a: Hatterene|Draining Kiss|p1a: AdinRosstrier
|-damage|p1a: AdinRosstrier|83/100
|-heal|p2a: Hatterene|50/100|[from] drain|[of] p1a: AdinRosstrier
|
|upkeep
|turn|18
|
|t:|1759052735
|move|p1a: AdinRosstrier|Icicle Crash|p2a: Hatterene
|-damage|p2a: Hatterene|7/100
|move|p2a: Hatterene|Psychic Noise|p1a: AdinRosstrier
|-damage|p1a: AdinRosstrier|58/100
|-start|p1a: AdinRosstrier|move: Heal Block
|
|upkeep
|turn|19
|
|t:|1759052742
|move|p1a: AdinRosstrier|Icicle Crash|p2a: Hatterene
|-damage|p2a: Hatterene|0 fnt
|faint|p2a: Hatterene
|-ability|p1a: AdinRosstrier|Chilling Neigh|boost
|-boost|p1a: AdinRosstrier|atk|1
|
|-end|p1a: AdinRosstrier|move: Heal Block
|upkeep
|
|t:|1759052753
|switch|p2a: Gholdengo|Gholdengo|100/100
|turn|20
|
|t:|1759052756
|switch|p2a: Kingambit|Kingambit, M|100/100
|-activate|p2a: Kingambit|ability: Supreme Overlord
|-start|p2a: Kingambit|fallen2|[silent]
|-item|p2a: Kingambit|Air Balloon
|move|p1a: AdinRosstrier|Throat Chop|p2a: Kingambit
|-resisted|p2a: Kingambit
|-damage|p2a: Kingambit|81/100
|-start|p2a: Kingambit|Throat Chop|[silent]
|-enditem|p2a: Kingambit|Air Balloon
|
|-fieldend|move: Trick Room
|upkeep
|turn|21
|
|t:|1759052762
|move|p2a: Kingambit|Iron Head|p1a: AdinRosstrier
|-supereffective|p1a: AdinRosstrier
|-damage|p1a: AdinRosstrier|0 fnt
|faint|p1a: AdinRosstrier
|
|-end|p2a: Kingambit|Throat Chop|[silent]
|upkeep
|
|t:|1759052765
|switch|p1a: Ursagoona|Ursaluna, M|72/100 brn
|turn|22
|
|t:|1759052772
|-end|p2a: Kingambit|fallen2|[silent]
|switch|p2a: Great Tusk|Great Tusk|6/100
|move|p1a: Ursagoona|Headlong Rush|p2a: Great Tusk
|-damage|p2a: Great Tusk|0 fnt
|-unboost|p1a: Ursagoona|def|1
|-unboost|p1a: Ursagoona|spd|1
|-damage|p1a: Ursagoona|55/100 brn|[from] item: Rocky Helmet|[of] p2a: Great Tusk
|faint|p2a: Great Tusk
|-end|p2a: Great Tusk|Protosynthesis|[silent]
|
|-damage|p1a: Ursagoona|49/100 brn|[from] brn
|upkeep
|
|t:|1759052781
|switch|p2a: Gholdengo|Gholdengo|100/100
|turn|23
|
|t:|1759052784
|switch|p1a: Klinkling|Klefki, F|53/100 par
|move|p2a: Gholdengo|Focus Blast|p1a: Klinkling
|-damage|p1a: Klinkling|0 fnt
|faint|p1a: Klinkling
|
|upkeep
|
|t:|1759052789
|switch|p1a: Ursagoona|Ursaluna, M|49/100 brn
|turn|24
|
|t:|1759052797
|-terastallize|p2a: Gholdengo|Fighting
|-terastallize|p1a: Ursagoona|Ground
|move|p2a: Gholdengo|Focus Blast|p1a: Ursagoona
|-damage|p1a: Ursagoona|0 fnt
|faint|p1a: Ursagoona
|
|win|Cuison
|raw|JoeSwanson96's rating: 1290 &rarr; <strong>1264</strong><br />(-26 for losing)
|raw|Cuison's rating: 1281 &rarr; <strong>1307</strong><br />(+26 for winning)
|l|☆JoeSwanson96
|player|p1|
|l|☆Cuison
|player|p2|
