|j|☆Phanthom_Ex4
|j|☆egoist1111
|t:|1758985239
|gametype|singles
|player|p1|Phanthom_Ex4|burglar|1347
|player|p2|egoist1111|pokemonrangerf-gen4|1333
|gen|9
|tier|[Gen 9] OU
|rated|
|rule|HP Percentage Mod: HP is shown in percentages
|rule|Endless Battle Clause: Forcing endless battles is banned
|rule|Species Clause: Limit one of each Pokémon
|rule|OHKO Clause: OHKO moves are banned
|rule|Evasion Items Clause: Evasion items are banned
|rule|Evasion Moves Clause: Evasion moves are banned
|rule|Evasion Abilities Clause: Evasion abilities are banned
|rule|Sleep Moves Clause: Sleep-inducing moves are banned
|clearpoke
|poke|p1|Jolteon, F|
|poke|p1|Jirachi|
|poke|p1|Ribombee, F|
|poke|p1|Arcanine-Hisui, M|
|poke|p1|Okidogi, M|
|poke|p1|Brambleghast, M|
|poke|p2|Raging Bolt|
|poke|p2|Ninetales, F|
|poke|p2|Walking Wake|
|poke|p2|Hatterene, F|
|poke|p2|Landorus-Therian, M|
|poke|p2|Lokix, F|
|teampreview
|inactive|Battle timer is ON: inactive players will automatically lose when time's up. (requested by Phanthom_Ex4)
|inactive|egoist1111 also wants the timer to be on.
|
|t:|1758985249
|teamsize|p1|6
|teamsize|p2|6
|start
|switch|p1a: Arcanine|Arcanine-Hisui, M|100/100
|switch|p2a: Ninetales|Ninetales, F, shiny|100/100
|-weather|SunnyDay|[from] ability: Drought|[of] p2a: Ninetales
|turn|1
|
|t:|1758985265
|switch|p1a: Jolteon|Jolteon, F|100/100
|switch|p2a: Landorus|Landorus-Therian, M, shiny|100/100
|-ability|p2a: Landorus|Intimidate|boost
|-unboost|p1a: Jolteon|atk|1
|
|-weather|SunnyDay|[upkeep]
|-status|p1a: Jolteon|brn|[from] item: Flame Orb
|upkeep
|turn|2
|
|t:|1758985276
|move|p1a: Jolteon|Protect|p1a: Jolteon
|-singleturn|p1a: Jolteon|Protect
|move|p2a: Landorus|Earthquake|p1a: Jolteon
|-activate|p1a: Jolteon|move: Protect
|
|-weather|SunnyDay|[upkeep]
|-damage|p1a: Jolteon|95/100 brn|[from] brn
|upkeep
|turn|3
|
|t:|1758985285
|-terastallize|p1a: Jolteon|Ice
|move|p1a: Jolteon|Tera Blast|p2a: Landorus|[anim] Tera Blast Ice
|-supereffective|p2a: Landorus
|-damage|p2a: Landorus|0 fnt
|faint|p2a: Landorus
|
|-weather|SunnyDay|[upkeep]
|-damage|p1a: Jolteon|89/100 brn|[from] brn
|upkeep
|inactive|egoist1111 has 120 seconds left.
|inactive|egoist1111 has 90 seconds left.
|
|t:|1758985349
|switch|p2a: Raging Bolt|Raging Bolt|100/100
|-activate|p2a: Raging Bolt|ability: Protosynthesis
|-start|p2a: Raging Bolt|protosynthesisspa
|turn|4
|
|t:|1758985375
|-terastallize|p2a: Raging Bolt|Fairy
|move|p1a: Jolteon|Tera Blast|p2a: Raging Bolt|[anim] Tera Blast Ice
|-damage|p2a: Raging Bolt|64/100
|move|p2a: Raging Bolt|Weather Ball|p1a: Jolteon
|-supereffective|p1a: Jolteon
|-damage|p1a: Jolteon|0 fnt
|faint|p1a: Jolteon
|
|-weather|SunnyDay|[upkeep]
|upkeep
|
|t:|1758985382
|switch|p1a: Okidogi|Okidogi, M|100/100
|turn|5
|inactive|egoist1111 has 90 seconds left.
|
|t:|1758985410
|move|p2a: Raging Bolt|Weather Ball|p1a: Okidogi
|-damage|p1a: Okidogi|41/100
|move|p1a: Okidogi|Poison Jab|p2a: Raging Bolt
|-supereffective|p2a: Raging Bolt
|-damage|p2a: Raging Bolt|0 fnt
|faint|p2a: Raging Bolt
|-end|p2a: Raging Bolt|Protosynthesis|[silent]
|
|-weather|SunnyDay|[upkeep]
|upkeep
|inactive|egoist1111 has 90 seconds left.
|
|t:|1758985422
|switch|p2a: Walking Wake|Walking Wake|100/100
|-activate|p2a: Walking Wake|ability: Protosynthesis
|-start|p2a: Walking Wake|protosynthesisspa
|turn|6
|inactive|egoist1111 has 90 seconds left.
|
|t:|1758985444
|switch|p1a: Brambleghast|Brambleghast, M|100/100
|move|p2a: Walking Wake|Hydro Steam|p1a: Brambleghast
|-resisted|p1a: Brambleghast
|-enditem|p1a: Brambleghast|Focus Sash
|-damage|p1a: Brambleghast|1/100
|
|-weather|SunnyDay|[upkeep]
|upkeep
|turn|7
|
|t:|1758985451
|move|p1a: Brambleghast|Shadow Sneak|p2a: Walking Wake
|-damage|p2a: Walking Wake|78/100
|move|p2a: Walking Wake|Hydro Steam|p1a: Brambleghast
|-resisted|p1a: Brambleghast
|-damage|p1a: Brambleghast|0 fnt
|faint|p1a: Brambleghast
|
|-weather|SunnyDay|[upkeep]
|upkeep
|
|t:|1758985463
|switch|p1a: Ribombee|Ribombee, F|100/100
|turn|8
|
|t:|1758985473
|-end|p2a: Walking Wake|Protosynthesis|[silent]
|switch|p2a: Hatterene|Hatterene, F, shiny|100/100
|move|p1a: Ribombee|Moonblast|p2a: Hatterene
|-damage|p2a: Hatterene|68/100
|-unboost|p2a: Hatterene|spa|1
|
|-weather|none
|-heal|p2a: Hatterene|74/100|[from] item: Leftovers
|upkeep
|turn|9
|
|t:|1758985482
|switch|p1a: Jirachi|Jirachi|100/100
|switch|p2a: Ninetales|Ninetales, F, shiny|100/100
|-weather|SunnyDay|[from] ability: Drought|[of] p2a: Ninetales
|
|-weather|SunnyDay|[upkeep]
|upkeep
|turn|10
|inactive|egoist1111 has 120 seconds left.
|
|t:|1758985489
|move|p2a: Ninetales|Weather Ball|p1a: Jirachi
|-supereffective|p1a: Jirachi
|-damage|p1a: Jirachi|24/100
|move|p1a: Jirachi|Stealth Rock|p2a: Ninetales
|-sidestart|p2: egoist1111|move: Stealth Rock
|
|-weather|SunnyDay|[upkeep]
|-heal|p1a: Jirachi|30/100|[from] item: Leftovers
|upkeep
|turn|11
|inactive|egoist1111 has 120 seconds left.
|
|t:|1758985502
|switch|p2a: Walking Wake|Walking Wake|78/100
|-damage|p2a: Walking Wake|66/100|[from] Stealth Rock
|-activate|p2a: Walking Wake|ability: Protosynthesis
|-start|p2a: Walking Wake|protosynthesisspa
|switch|p1a: Arcanine|Arcanine-Hisui, M|100/100
|
|-weather|SunnyDay|[upkeep]
|upkeep
|turn|12
|
|t:|1758985524
|switch|p1a: Okidogi|Okidogi, M|41/100
|move|p2a: Walking Wake|Hydro Steam|p1a: Okidogi
|-damage|p1a: Okidogi|0 fnt
|faint|p1a: Okidogi
|
|-weather|SunnyDay|[upkeep]
|upkeep
|
|t:|1758985529
|switch|p1a: Ribombee|Ribombee, F|100/100
|turn|13
|
|t:|1758985533
|-end|p2a: Walking Wake|Protosynthesis|[silent]
|switch|p2a: Hatterene|Hatterene, F, shiny|74/100
|-damage|p2a: Hatterene|62/100|[from] Stealth Rock
|move|p1a: Ribombee|Moonblast|p2a: Hatterene
|-damage|p2a: Hatterene|28/100
|
|-weather|SunnyDay|[upkeep]
|-heal|p2a: Hatterene|34/100|[from] item: Leftovers
|upkeep
|turn|14
|
|t:|1758985543
|move|p1a: Ribombee|Moonblast|p2a: Hatterene
|-damage|p2a: Hatterene|0 fnt
|faint|p2a: Hatterene
|
|-weather|SunnyDay|[upkeep]
|upkeep
|
|t:|1758985551
|switch|p2a: Lokix|Lokix, F, shiny|100/100
|-damage|p2a: Lokix|76/100|[from] Stealth Rock
|turn|15
|
|t:|1758985556
|switch|p1a: Jirachi|Jirachi|30/100
|move|p2a: Lokix|First Impression|p1a: Jirachi
|-damage|p1a: Jirachi|0 fnt
|faint|p1a: Jirachi
|
|-weather|SunnyDay|[upkeep]
|upkeep
|
|t:|1758985565
|switch|p1a: Arcanine|Arcanine-Hisui, M|100/100
|turn|16
|
|t:|1758985570
|move|p2a: Lokix|First Impression||[still]
|-hint|First Impression only works on your first turn out.
|-fail|p2a: Lokix
|move|p1a: Arcanine|Head Smash|p2a: Lokix|[miss]
|-miss|p1a: Arcanine|p2a: Lokix
|
|-weather|none
|upkeep
|turn|17
|
|t:|1758985576
|switch|p2a: Ninetales|Ninetales, F, shiny|100/100
|-damage|p2a: Ninetales|76/100|[from] Stealth Rock
|-weather|SunnyDay|[from] ability: Drought|[of] p2a: Ninetales
|move|p1a: Arcanine|Head Smash|p2a: Ninetales
|-supereffective|p2a: Ninetales
|-damage|p2a: Ninetales|0 fnt
|faint|p2a: Ninetales
|
|-weather|SunnyDay|[upkeep]
|upkeep
|
|t:|1758985583
|switch|p2a: Walking Wake|Walking Wake|66/100
|-damage|p2a: Walking Wake|53/100|[from] Stealth Rock
|-activate|p2a: Walking Wake|ability: Protosynthesis
|-start|p2a: Walking Wake|protosynthesisspa
|turn|18
|
|t:|1758985593
|move|p1a: Arcanine|Head Smash|p2a: Walking Wake
|-damage|p2a: Walking Wake|0 fnt
|faint|p2a: Walking Wake
|-end|p2a: Walking Wake|Protosynthesis|[silent]
|
|-weather|SunnyDay|[upkeep]
|upkeep
|-message|egoist1111 forfeited.
|
|win|Phanthom_Ex4
|raw|Phanthom_Ex4's rating: 1347 &rarr; <strong>1366</strong><br />(+19 for winning)
|raw|egoist1111's rating: 1333 &rarr; <strong>1314</strong><br />(-19 for losing)
|l|☆egoist1111
|player|p2|
|l|☆Phanthom_Ex4
|player|p1|
