|badge|p1|bronze|gen9ou|100-6
|html|<div class="broadcast-red"><strong>This battle is required to be public due to one or more player having a season medal.</strong><br />During the public phase, you can discuss the state of the ladder <a href="/seasondiscussion">in a special chatroom.</a></div>
|uhtml|medal-msg|<div class="broadcast-blue">Curious what those medals under the avatar are? PS now has Ladder Seasons! For more information, check out the <a href="https://www.smogon.com/forums/threads/3740067/">thread on Smogon.</a></div>
|j|☆healorant
|j|☆ilytrix
|t:|1759051477
|gametype|singles
|player|p1|healorant|alder|1825
|player|p2|ilytrix|n-masters|1837
|gen|9
|tier|[Gen 9] OU
|rated|
|rule|HP Percentage Mod: HP is shown in percentages
|rule|Endless Battle Clause: Forcing endless battles is banned
|rule|Species Clause: Limit one of each Pokémon
|rule|OHKO Clause: OHKO moves are banned
|rule|Evasion Items Clause: Evasion items are banned
|rule|Evasion Moves Clause: Evasion moves are banned
|rule|Evasion Abilities Clause: Evasion abilities are banned
|rule|Sleep Moves Clause: Sleep-inducing moves are banned
|clearpoke
|poke|p1|Rillaboom, M|
|poke|p1|Raging Bolt|
|poke|p1|Gholdengo|
|poke|p1|Great Tusk|
|poke|p1|Pecharunt|
|poke|p1|Darkrai|
|poke|p2|Ceruledge, F|
|poke|p2|Raging Bolt|
|poke|p2|Latias, F|
|poke|p2|Kyurem|
|poke|p2|Ninetales-Alola, F|
|poke|p2|Iron Moth|
|teampreview
|inactive|Battle timer is ON: inactive players will automatically lose when time's up. (requested by healorant)
|inactive|ilytrix has 120 seconds left.
|
|t:|1759051531
|teamsize|p1|6
|teamsize|p2|6
|start
|switch|p1a: Darkrai|Darkrai|100/100
|switch|p2a: MoveMerchant|Iron Moth|100/100
|-enditem|p2a: MoveMerchant|Booster Energy
|-activate|p2a: MoveMerchant|ability: Quark Drive|[fromitem]
|-start|p2a: MoveMerchant|quarkdrivespe
|turn|1
|
|t:|1759051542
|move|p2a: MoveMerchant|Fiery Dance|p1a: Darkrai
|-damage|p1a: Darkrai|42/100
|-boost|p2a: MoveMerchant|spa|1
|move|p1a: Darkrai|Dark Pulse|p2a: MoveMerchant
|-damage|p2a: MoveMerchant|60/100
|
|-heal|p1a: Darkrai|48/100|[from] item: Leftovers
|upkeep
|turn|2
|j| iswearidontknow3
|
|t:|1759051548
|move|p2a: MoveMerchant|Fiery Dance|p1a: Darkrai
|-damage|p1a: Darkrai|0 fnt
|-boost|p2a: MoveMerchant|spa|1
|faint|p1a: Darkrai
|
|upkeep
|l| iswearidontknow3
|
|t:|1759051552
|switch|p1a: Raging Bolt|Raging Bolt|100/100
|turn|3
|
|t:|1759051555
|move|p2a: MoveMerchant|Dazzling Gleam|p1a: Raging Bolt
|-supereffective|p1a: Raging Bolt
|-damage|p1a: Raging Bolt|4/100
|move|p1a: Raging Bolt|Thunderbolt|p2a: MoveMerchant
|-damage|p2a: MoveMerchant|12/100
|
|-heal|p1a: Raging Bolt|10/100|[from] item: Leftovers
|upkeep
|turn|4
|
|t:|1759051558
|move|p1a: Raging Bolt|Thunderclap|p2a: MoveMerchant
|-damage|p2a: MoveMerchant|0 fnt
|faint|p2a: MoveMerchant
|-end|p2a: MoveMerchant|Quark Drive|[silent]
|
|-heal|p1a: Raging Bolt|17/100|[from] item: Leftovers
|upkeep
|
|t:|1759051560
|switch|p2a: snow bunny|Ninetales-Alola, F|100/100
|-weather|Snowscape|[from] ability: Snow Warning|[of] p2a: snow bunny
|turn|5
|
|t:|1759051567
|-end|p1a: Raging Bolt|Protosynthesis|[silent]
|switch|p1a: Pecharunt|Pecharunt|100/100
|move|p2a: snow bunny|Encore||[still]
|-fail|p2a: snow bunny
|
|-weather|Snowscape|[upkeep]
|upkeep
|turn|6
|
|t:|1759051572
|move|p2a: snow bunny|Aurora Veil|p2a: snow bunny
|-sidestart|p2: ilytrix|move: Aurora Veil
|move|p1a: Pecharunt|Malignant Chain|p2a: snow bunny
|-supereffective|p2a: snow bunny
|-damage|p2a: snow bunny|53/100
|
|-weather|Snowscape|[upkeep]
|upkeep
|turn|7
|
|t:|1759051575
|switch|p2a: bury the light|Ceruledge, F|100/100
|move|p1a: Pecharunt|Malignant Chain|p2a: bury the light
|-resisted|p2a: bury the light
|-damage|p2a: bury the light|88/100
|-status|p2a: bury the light|tox
|-start|p2a: bury the light|confusion|[from] ability: Poison Puppeteer|[of] p1a: Pecharunt
|
|-weather|Snowscape|[upkeep]
|-damage|p2a: bury the light|82/100 tox|[from] psn
|upkeep
|turn|8
|j| cynasaurus
|
|t:|1759051585
|move|p1a: Pecharunt|Nasty Plot|p1a: Pecharunt
|-boost|p1a: Pecharunt|spa|2
|-activate|p2a: bury the light|confusion
|-damage|p2a: bury the light|62/100 tox|[from] confusion
|
|-weather|Snowscape|[upkeep]
|-damage|p2a: bury the light|50/100 tox|[from] psn
|upkeep
|turn|9
|j| heatraniac
|
|t:|1759051587
|move|p1a: Pecharunt|Shadow Ball|p2a: bury the light
|-supereffective|p2a: bury the light
|-damage|p2a: bury the light|0 fnt
|faint|p2a: bury the light
|
|-weather|none
|upkeep
|
|t:|1759051591
|switch|p2a: 50/50|Raging Bolt|100/100
|-enditem|p2a: 50/50|Booster Energy
|-activate|p2a: 50/50|ability: Protosynthesis|[fromitem]
|-start|p2a: 50/50|protosynthesisspa
|turn|10
|
|t:|1759051596
|move|p1a: Pecharunt|Malignant Chain|p2a: 50/50
|-crit|p2a: 50/50
|-damage|p2a: 50/50|3/100
|-status|p2a: 50/50|tox
|-start|p2a: 50/50|confusion|[from] ability: Poison Puppeteer|[of] p1a: Pecharunt
|-activate|p2a: 50/50|confusion
|move|p2a: 50/50|Calm Mind|p2a: 50/50
|-boost|p2a: 50/50|spa|1
|-boost|p2a: 50/50|spd|1
|
|-damage|p2a: 50/50|0 fnt|[from] psn
|faint|p2a: 50/50
|-end|p2a: 50/50|Protosynthesis|[silent]
|upkeep
|c|☆healorant|mb
|c|☆ilytrix|it’s aight
|j| iswearidontknow3
|
|t:|1759051609
|switch|p2a: rng my ahh|Kyurem|100/100
|-ability|p2a: rng my ahh|Pressure
|turn|11
|
|t:|1759051611
|move|p1a: Pecharunt|Malignant Chain|p2a: rng my ahh
|-damage|p2a: rng my ahh|64/100
|move|p2a: rng my ahh|Dragon Dance|p2a: rng my ahh
|-boost|p2a: rng my ahh|atk|1
|-boost|p2a: rng my ahh|spe|1
|
|upkeep
|turn|12
|l| iswearidontknow3
|
|t:|1759051613
|move|p2a: rng my ahh|Icicle Spear|p1a: Pecharunt
|-damage|p1a: Pecharunt|85/100
|-damage|p1a: Pecharunt|69/100
|-damage|p1a: Pecharunt|54/100
|-damage|p1a: Pecharunt|38/100
|-hitcount|p1a: Pecharunt|4
|move|p1a: Pecharunt|Malignant Chain|p2a: rng my ahh
|-damage|p2a: rng my ahh|28/100
|
|upkeep
|turn|13
|
|t:|1759051616
|move|p2a: rng my ahh|Icicle Spear|p1a: Pecharunt
|-damage|p1a: Pecharunt|22/100
|-damage|p1a: Pecharunt|6/100
|-damage|p1a: Pecharunt|0 fnt
|faint|p1a: Pecharunt
|-hitcount|p1: Pecharunt|3
|
|-sideend|p2: ilytrix|move: Aurora Veil
|upkeep
|
|t:|1759051624
|switch|p1a: Rillaboom|Rillaboom, M|100/100
|-fieldstart|move: Grassy Terrain|[from] ability: Grassy Surge|[of] p1a: Rillaboom
|turn|14
|
|t:|1759051628
|move|p2a: rng my ahh|Icicle Spear|p1a: Rillaboom
|-supereffective|p1a: Rillaboom
|-damage|p1a: Rillaboom|58/100
|-supereffective|p1a: Rillaboom
|-damage|p1a: Rillaboom|15/100
|-supereffective|p1a: Rillaboom
|-damage|p1a: Rillaboom|0 fnt
|faint|p1a: Rillaboom
|-hitcount|p1: Rillaboom|3
|
|-heal|p2a: rng my ahh|34/100|[from] Grassy Terrain
|upkeep
|
|t:|1759051629
|switch|p1a: Gholdengo|Gholdengo|100/100
|-enditem|p1a: Gholdengo|Grassy Seed
|-boost|p1a: Gholdengo|def|1|[from] item: Grassy Seed
|turn|15
|
|t:|1759051632
|move|p2a: rng my ahh|Icicle Spear|p1a: Gholdengo
|-resisted|p1a: Gholdengo
|-damage|p1a: Gholdengo|95/100
|-resisted|p1a: Gholdengo
|-damage|p1a: Gholdengo|90/100
|-resisted|p1a: Gholdengo
|-damage|p1a: Gholdengo|85/100
|-resisted|p1a: Gholdengo
|-crit|p1a: Gholdengo
|-damage|p1a: Gholdengo|75/100
|-resisted|p1a: Gholdengo
|-damage|p1a: Gholdengo|69/100
|-hitcount|p1a: Gholdengo|5
|move|p1a: Gholdengo|Nasty Plot|p1a: Gholdengo
|-boost|p1a: Gholdengo|spa|2
|
|-heal|p2a: rng my ahh|40/100|[from] Grassy Terrain
|-heal|p1a: Gholdengo|75/100|[from] Grassy Terrain
|upkeep
|turn|16
|
|t:|1759051635
|-terastallize|p2a: rng my ahh|Fire
|move|p2a: rng my ahh|Tera Blast|p1a: Gholdengo|[anim] Tera Blast Fire
|-supereffective|p1a: Gholdengo
|-damage|p1a: Gholdengo|15/100
|move|p1a: Gholdengo|Recover|p1a: Gholdengo
|-heal|p1a: Gholdengo|65/100
|
|-heal|p2a: rng my ahh|46/100|[from] Grassy Terrain
|-heal|p1a: Gholdengo|71/100|[from] Grassy Terrain
|upkeep
|turn|17
|
|t:|1759051640
|-terastallize|p1a: Gholdengo|Fairy
|move|p2a: rng my ahh|Tera Blast|p1a: Gholdengo|[anim] Tera Blast Fire
|-crit|p1a: Gholdengo
|-damage|p1a: Gholdengo|0 fnt
|faint|p1a: Gholdengo
|
|-heal|p2a: rng my ahh|52/100|[from] Grassy Terrain
|upkeep
|c|☆ilytrix|mb
|j| wgw2333
|c|☆healorant|its ok
|c|☆healorant|now i lose lol
|
|t:|1759051660
|switch|p1a: Great Tusk|Great Tusk|100/100
|turn|18
|
|t:|1759051663
|move|p2a: rng my ahh|Icicle Spear|p1a: Great Tusk
|-supereffective|p1a: Great Tusk
|-damage|p1a: Great Tusk|68/100
|-supereffective|p1a: Great Tusk
|-damage|p1a: Great Tusk|33/100
|-supereffective|p1a: Great Tusk
|-damage|p1a: Great Tusk|1/100
|-supereffective|p1a: Great Tusk
|-damage|p1a: Great Tusk|0 fnt
|faint|p1a: Great Tusk
|-end|p1a: Great Tusk|Protosynthesis|[silent]
|-hitcount|p1: Great Tusk|4
|
|-heal|p2a: rng my ahh|58/100|[from] Grassy Terrain
|-fieldend|move: Grassy Terrain
|upkeep
|-message|healorant forfeited.
|
|win|ilytrix
|raw|healorant's rating: 1825 &rarr; <strong>1806</strong><br />(-19 for losing)
|raw|ilytrix's rating: 1837 &rarr; <strong>1856</strong><br />(+19 for winning)
|c|☆ilytrix|ggwp
|l|☆healorant
|player|p1|
|l| cynasaurus
|l| heatraniac
