|j|☆sam playplu
|j|☆davod26
|t:|1759067943
|gametype|singles
|player|p1|sam playplu|1|1395
|player|p2|davod26|brock|1312
|gen|9
|tier|[Gen 9] OU
|rated|
|rule|HP Percentage Mod: HP is shown in percentages
|rule|Endless Battle Clause: Forcing endless battles is banned
|rule|Species Clause: Limit one of each Pokémon
|rule|OHKO Clause: OHKO moves are banned
|rule|Evasion Items Clause: Evasion items are banned
|rule|Evasion Moves Clause: Evasion moves are banned
|rule|Evasion Abilities Clause: Evasion abilities are banned
|rule|Sleep Moves Clause: Sleep-inducing moves are banned
|clearpoke
|poke|p1|Ninetales, M|
|poke|p1|Charizard, F|
|poke|p1|Great Tusk|
|poke|p1|Walking Wake|
|poke|p1|Raging Bolt|
|poke|p1|Hatterene, F|
|poke|p2|Blaziken, F|
|poke|p2|Iron Boulder|
|poke|p2|Kingambit, M|
|poke|p2|Gliscor, M|
|poke|p2|Tentacruel, M|
|poke|p2|Dragapult, F|
|teampreview
|inactive|Battle timer is ON: inactive players will automatically lose when time's up. (requested by sam playplu)
|
|t:|1759067958
|teamsize|p1|6
|teamsize|p2|6
|start
|switch|p1a: Ninetales|Ninetales, M|100/100
|switch|p2a: Tentacruel|Tentacruel, M|100/100
|-weather|SunnyDay|[from] ability: Drought|[of] p1a: Ninetales
|turn|1
|
|t:|1759067969
|move|p1a: Ninetales|Will-O-Wisp|p2a: Tentacruel
|-status|p2a: Tentacruel|brn
|move|p2a: Tentacruel|Knock Off|p1a: Ninetales
|-damage|p1a: Ninetales|91/100
|-enditem|p1a: Ninetales|Heat Rock|[from] move: Knock Off|[of] p2a: Tentacruel
|
|-weather|SunnyDay|[upkeep]
|-damage|p2a: Tentacruel|94/100 brn|[from] brn
|upkeep
|turn|2
|
|t:|1759067980
|switch|p1a: Great Tusk|Great Tusk|100/100
|-activate|p1a: Great Tusk|ability: Protosynthesis
|-start|p1a: Great Tusk|protosynthesisspe
|move|p2a: Tentacruel|Flip Turn|p1a: Great Tusk
|-supereffective|p1a: Great Tusk
|-damage|p1a: Great Tusk|96/100
|
|t:|1759067993
|switch|p2a: Gliscor|Gliscor, M|100/100|[from] Flip Turn
|
|-weather|SunnyDay|[upkeep]
|-status|p2a: Gliscor|tox|[from] item: Toxic Orb
|upkeep
|turn|3
|
|t:|1759068004
|move|p2a: Gliscor|Protect|p2a: Gliscor
|-singleturn|p2a: Gliscor|Protect
|move|p1a: Great Tusk|Stealth Rock|p2a: Gliscor
|-sidestart|p2: davod26|move: Stealth Rock
|
|-weather|SunnyDay|[upkeep]
|upkeep
|turn|4
|
|t:|1759068011
|move|p1a: Great Tusk|Ice Spinner|p2a: Gliscor
|-supereffective|p2a: Gliscor
|-damage|p2a: Gliscor|39/100 tox
|move|p2a: Gliscor|Knock Off|p1a: Great Tusk
|-resisted|p1a: Great Tusk
|-damage|p1a: Great Tusk|90/100
|-enditem|p1a: Great Tusk|Heavy-Duty Boots|[from] move: Knock Off|[of] p2a: Gliscor
|
|-weather|SunnyDay|[upkeep]
|-heal|p2a: Gliscor|52/100 tox|[from] ability: Poison Heal
|upkeep
|turn|5
|
|t:|1759068022
|move|p2a: Gliscor|Protect|p2a: Gliscor
|-singleturn|p2a: Gliscor|Protect
|move|p1a: Great Tusk|Ice Spinner|p2a: Gliscor
|-activate|p2a: Gliscor|move: Protect
|
|-weather|SunnyDay|[upkeep]
|-heal|p2a: Gliscor|64/100 tox|[from] ability: Poison Heal
|upkeep
|turn|6
|inactive|davod26 has 120 seconds left.
|
|t:|1759068059
|move|p1a: Great Tusk|Ice Spinner|p2a: Gliscor
|-supereffective|p2a: Gliscor
|-damage|p2a: Gliscor|8/100 tox
|move|p2a: Gliscor|Spikes|p1a: Great Tusk
|-sidestart|p1: sam playplu|Spikes
|
|-weather|SunnyDay|[upkeep]
|-heal|p2a: Gliscor|20/100 tox|[from] ability: Poison Heal
|upkeep
|turn|7
|inactive|davod26 has 120 seconds left.
|
|t:|1759068075
|move|p2a: Gliscor|Protect|p2a: Gliscor
|-singleturn|p2a: Gliscor|Protect
|move|p1a: Great Tusk|Rapid Spin|p2a: Gliscor
|-activate|p2a: Gliscor|move: Protect
|
|-weather|SunnyDay|[upkeep]
|-heal|p2a: Gliscor|33/100 tox|[from] ability: Poison Heal
|upkeep
|turn|8
|
|t:|1759068083
|switch|p2a: Dragapult|Dragapult, F|100/100
|-damage|p2a: Dragapult|88/100|[from] Stealth Rock
|move|p1a: Great Tusk|Ice Spinner|p2a: Dragapult
|-supereffective|p2a: Dragapult
|-damage|p2a: Dragapult|23/100
|
|-weather|none
|-end|p1a: Great Tusk|Protosynthesis
|upkeep
|turn|9
|inactive|davod26 has 120 seconds left.
|
|t:|1759068103
|move|p2a: Dragapult|Draco Meteor|p1a: Great Tusk
|-damage|p1a: Great Tusk|0 fnt
|-unboost|p2a: Dragapult|spa|2
|faint|p1a: Great Tusk
|-end|p1a: Great Tusk|Protosynthesis|[silent]
|
|upkeep
|
|t:|1759068116
|switch|p1a: Ninetales|Ninetales, M|91/100
|-damage|p1a: Ninetales|78/100|[from] Spikes
|-weather|SunnyDay|[from] ability: Drought|[of] p1a: Ninetales
|turn|10
|
|t:|1759068127
|switch|p2a: Tentacruel|Tentacruel, M|94/100 brn
|-damage|p2a: Tentacruel|82/100 brn|[from] Stealth Rock
|switch|p1a: Charizard|Charizard, F|100/100
|
|-weather|SunnyDay|[upkeep]
|-damage|p1a: Charizard|88/100|[from] ability: Solar Power|[of] p1a: Charizard
|-damage|p2a: Tentacruel|76/100 brn|[from] brn
|upkeep
|turn|11
|inactive|davod26 has 120 seconds left.
|
|t:|1759068141
|move|p1a: Charizard|Weather Ball|p2a: Tentacruel
|-resisted|p2a: Tentacruel
|-damage|p2a: Tentacruel|39/100 brn
|move|p2a: Tentacruel|Rapid Spin|p1a: Charizard
|-damage|p1a: Charizard|82/100
|-boost|p2a: Tentacruel|spe|1
|-sideend|p2: davod26|Stealth Rock|[from] move: Rapid Spin|[of] p2a: Tentacruel
|
|-weather|SunnyDay|[upkeep]
|-damage|p1a: Charizard|69/100|[from] ability: Solar Power|[of] p1a: Charizard
|-damage|p2a: Tentacruel|32/100 brn|[from] brn
|upkeep
|turn|12
|inactive|davod26 has 120 seconds left.
|
|t:|1759068158
|move|p2a: Tentacruel|Knock Off|p1a: Charizard
|-damage|p1a: Charizard|58/100
|-enditem|p1a: Charizard|Choice Specs|[from] move: Knock Off|[of] p2a: Tentacruel
|move|p1a: Charizard|Weather Ball|p2a: Tentacruel
|-resisted|p2a: Tentacruel
|-damage|p2a: Tentacruel|8/100 brn
|
|-weather|SunnyDay|[upkeep]
|-damage|p1a: Charizard|45/100|[from] ability: Solar Power|[of] p1a: Charizard
|-damage|p2a: Tentacruel|2/100 brn|[from] brn
|upkeep
|turn|13
|
|t:|1759068176
|move|p2a: Tentacruel|Flip Turn|p1a: Charizard
|-supereffective|p1a: Charizard
|-damage|p1a: Charizard|35/100
|inactive|davod26 has 90 seconds left.
|
|t:|1759068196
|switch|p2a: Blaziken|Blaziken, F|100/100|[from] Flip Turn
|move|p1a: Charizard|Scorching Sands|p2a: Blaziken
|-supereffective|p2a: Blaziken
|-damage|p2a: Blaziken|1/100
|
|-weather|SunnyDay|[upkeep]
|-damage|p1a: Charizard|23/100|[from] ability: Solar Power|[of] p1a: Charizard
|upkeep
|turn|14
|inactive|davod26 has 90 seconds left.
|
|t:|1759068208
|move|p2a: Blaziken|Endure|p2a: Blaziken
|-singleturn|p2a: Blaziken|move: Endure
|move|p1a: Charizard|Scorching Sands|p2a: Blaziken
|-supereffective|p2a: Blaziken
|-activate|p2a: Blaziken|move: Endure
|-damage|p2a: Blaziken|1/100
|
|-weather|none
|-ability|p2a: Blaziken|Speed Boost|boost
|-boost|p2a: Blaziken|spe|1
|upkeep
|turn|15
|inactive|davod26 has 90 seconds left.
|
|t:|1759068221
|move|p2a: Blaziken|Reversal|p1a: Charizard
|-resisted|p1a: Charizard
|-damage|p1a: Charizard|0 fnt
|faint|p1a: Charizard
|
|-ability|p2a: Blaziken|Speed Boost|boost
|-boost|p2a: Blaziken|spe|1
|upkeep
|
|t:|1759068228
|switch|p1a: Raging Bolt|Raging Bolt|100/100
|-damage|p1a: Raging Bolt|88/100|[from] Spikes
|turn|16
|
|t:|1759068233
|move|p2a: Blaziken|Upper Hand||[still]
|-fail|p2a: Blaziken
|move|p1a: Raging Bolt|Volt Switch|p2a: Blaziken
|-damage|p2a: Blaziken|0 fnt
|faint|p2a: Blaziken
|
|t:|1759068241
|-end|p1a: Raging Bolt|Protosynthesis|[silent]
|switch|p1a: Ninetales|Ninetales, M|78/100|[from] Volt Switch
|-damage|p1a: Ninetales|66/100|[from] Spikes
|-weather|SunnyDay|[from] ability: Drought|[of] p1a: Ninetales
|
|-weather|SunnyDay|[upkeep]
|upkeep
|
|t:|1759068257
|switch|p2a: Dragapult|Dragapult, F|23/100
|turn|17
|
|t:|1759068263
|move|p2a: Dragapult|Shadow Ball|p1a: Ninetales
|-damage|p1a: Ninetales|16/100
|move|p1a: Ninetales|Weather Ball|p2a: Dragapult
|-resisted|p2a: Dragapult
|-damage|p2a: Dragapult|0 fnt
|faint|p2a: Dragapult
|
|-weather|SunnyDay|[upkeep]
|upkeep
|
|t:|1759068284
|switch|p2a: Iron Boulder|Iron Boulder|100/100
|-enditem|p2a: Iron Boulder|Booster Energy
|-activate|p2a: Iron Boulder|ability: Quark Drive|[fromitem]
|-start|p2a: Iron Boulder|quarkdrivespe
|turn|18
|
|t:|1759068295
|move|p2a: Iron Boulder|Mighty Cleave|p1a: Ninetales
|-supereffective|p1a: Ninetales
|-damage|p1a: Ninetales|0 fnt
|faint|p1a: Ninetales
|
|-weather|SunnyDay|[upkeep]
|upkeep
|
|t:|1759068305
|switch|p1a: Hatterene|Hatterene, F|100/100
|-damage|p1a: Hatterene|88/100|[from] Spikes
|turn|19
|
|t:|1759068314
|move|p2a: Iron Boulder|Swords Dance|p2a: Iron Boulder
|-boost|p2a: Iron Boulder|atk|2
|move|p1a: Hatterene|Draining Kiss|p2a: Iron Boulder
|-damage|p2a: Iron Boulder|74/100
|-heal|p1a: Hatterene|100/100|[from] drain|[of] p2a: Iron Boulder
|
|-weather|SunnyDay|[upkeep]
|upkeep
|turn|20
|
|t:|1759068325
|move|p2a: Iron Boulder|Mighty Cleave|p1a: Hatterene
|-damage|p1a: Hatterene|0 fnt
|faint|p1a: Hatterene
|
|-weather|none
|upkeep
|
|t:|1759068332
|switch|p1a: Raging Bolt|Raging Bolt|88/100
|-damage|p1a: Raging Bolt|76/100|[from] Spikes
|turn|21
|
|t:|1759068336
|move|p1a: Raging Bolt|Thunderclap|p2a: Iron Boulder
|-damage|p2a: Iron Boulder|30/100
|move|p2a: Iron Boulder|Earthquake|p1a: Raging Bolt
|-supereffective|p1a: Raging Bolt
|-damage|p1a: Raging Bolt|0 fnt
|faint|p1a: Raging Bolt
|-end|p1a: Raging Bolt|Protosynthesis|[silent]
|
|upkeep
|-message|sam playplu forfeited.
|
|win|davod26
|raw|sam playplu's rating: 1395 &rarr; <strong>1370</strong><br />(-25 for losing)
|raw|davod26's rating: 1312 &rarr; <strong>1337</strong><br />(+25 for winning)
|l|☆sam playplu
|player|p1|
|l|☆davod26
|player|p2|
