|j|☆Games_Elias
|j|☆pokemaster rico
|t:|1758931317
|gametype|singles
|player|p1|Games_Elias|hiker-gen4|1126
|player|p2|pokemaster rico|169|1093
|gen|9
|tier|[Gen 9] OU
|rated|
|rule|HP Percentage Mod: HP is shown in percentages
|rule|Endless Battle Clause: Forcing endless battles is banned
|rule|Species Clause: Limit one of each Pokémon
|rule|OHKO Clause: OHKO moves are banned
|rule|Evasion Items Clause: Evasion items are banned
|rule|Evasion Moves Clause: Evasion moves are banned
|rule|Evasion Abilities Clause: Evasion abilities are banned
|rule|Sleep Moves Clause: Sleep-inducing moves are banned
|clearpoke
|poke|p1|Garganacl, M|
|poke|p1|Ogerpon-Wellspring, F|
|poke|p1|Dragonite, M|
|poke|p1|Gholdengo|
|poke|p1|Primarina, F|
|poke|p1|Iron Treads|
|poke|p2|Brambleghast, F|
|poke|p2|Magmar, M|
|poke|p2|Gardevoir, F|
|poke|p2|Hitmonlee, M|
|poke|p2|Orthworm, M|
|poke|p2|Cramorant, M|
|teampreview
|c|☆Games_Elias|glhf
|
|t:|1758931329
|teamsize|p1|6
|teamsize|p2|6
|start
|switch|p1a: Hardy|Garganacl, M|100/100
|switch|p2a: Cramorant|Cramorant, M, shiny|100/100
|turn|1
|
|t:|1758931338
|move|p2a: Cramorant|Surf|p1a: Hardy
|-formechange|p2a: Cramorant|Cramorant-Gulping|
|-supereffective|p1a: Hardy
|-damage|p1a: Hardy|53/100
|move|p1a: Hardy|Salt Cure|p2a: Cramorant
|-supereffective|p2a: Cramorant
|-damage|p2a: Cramorant|43/100
|-start|p2a: Cramorant|Salt Cure
|-damage|p1a: Hardy|28/100|[from] ability: Gulp Missile|[of] p2a: Cramorant
|-unboost|p1a: Hardy|def|1
|-formechange|p2a: Cramorant|Cramorant|
|
|-heal|p1a: Hardy|34/100|[from] item: Leftovers
|-damage|p2a: Cramorant|18/100|[from] Salt Cure
|upkeep
|turn|2
|
|t:|1758931356
|move|p2a: Cramorant|Surf|p1a: Hardy
|-formechange|p2a: Cramorant|Cramorant-Gorging|
|-supereffective|p1a: Hardy
|-damage|p1a: Hardy|0 fnt
|faint|p1a: Hardy
|
|-damage|p2a: Cramorant|0 fnt|[from] Salt Cure
|faint|p2a: Cramorant
|upkeep
|
|t:|1758931370
|switch|p2a: Gardevoir|Gardevoir, F, shiny|100/100
|switch|p1a: Mermaid|Primarina, F|100/100
|-ability|p2a: Gardevoir|Liquid Voice|Trace|[from] ability: Trace|[of] p1a: Mermaid
|turn|3
|
|t:|1758931382
|move|p2a: Gardevoir|Charge Beam|p1a: Mermaid
|-supereffective|p1a: Mermaid
|-damage|p1a: Mermaid|74/100
|-boost|p2a: Gardevoir|spa|1
|move|p1a: Mermaid|Hyper Voice|p2a: Gardevoir
|-damage|p2a: Gardevoir|43/100
|-enditem|p1a: Mermaid|Throat Spray
|-boost|p1a: Mermaid|spa|1|[from] item: Throat Spray
|-enditem|p2a: Gardevoir|Mirror Herb
|-boost|p2a: Gardevoir|spa|1|[from] item: Mirror Herb
|
|upkeep
|turn|4
|
|t:|1758931396
|move|p2a: Gardevoir|Draining Kiss|p1a: Mermaid
|-damage|p1a: Mermaid|35/100
|-heal|p2a: Gardevoir|81/100|[from] drain|[of] p1a: Mermaid
|move|p1a: Mermaid|Hyper Voice|p2a: Gardevoir
|-damage|p2a: Gardevoir|0 fnt
|faint|p2a: Gardevoir
|
|upkeep
|
|t:|1758931411
|switch|p2a: Hitmonlee|Hitmonlee, M, shiny|100/100
|turn|5
|
|t:|1758931419
|move|p2a: Hitmonlee|Poison Jab|p1a: Mermaid
|-supereffective|p1a: Mermaid
|-damage|p1a: Mermaid|0 fnt
|faint|p1a: Mermaid
|
|upkeep
|
|t:|1758931426
|switch|p1a: Scrooge|Gholdengo|100/100
|turn|6
|
|t:|1758931434
|move|p1a: Scrooge|Nasty Plot|p1a: Scrooge
|-boost|p1a: Scrooge|spa|2
|move|p2a: Hitmonlee|Bulk Up|p2a: Hitmonlee
|-boost|p2a: Hitmonlee|atk|1
|-boost|p2a: Hitmonlee|def|1
|
|upkeep
|turn|7
|
|t:|1758931441
|move|p1a: Scrooge|Nasty Plot|p1a: Scrooge
|-boost|p1a: Scrooge|spa|2
|move|p2a: Hitmonlee|Knock Off|p1a: Scrooge
|-supereffective|p1a: Scrooge
|-damage|p1a: Scrooge|3/100
|-enditem|p1a: Scrooge|Heavy-Duty Boots|[from] move: Knock Off|[of] p2a: Hitmonlee
|
|upkeep
|turn|8
|
|t:|1758931455
|move|p1a: Scrooge|Dazzling Gleam|p2a: Hitmonlee
|-supereffective|p2a: Hitmonlee
|-damage|p2a: Hitmonlee|0 fnt
|faint|p2a: Hitmonlee
|
|upkeep
|
|t:|1758931469
|switch|p2a: Magmar|Magmar, M, shiny|100/100
|turn|9
|
|t:|1758931475
|move|p2a: Magmar|Flame Charge|p1a: Scrooge
|-supereffective|p1a: Scrooge
|-damage|p1a: Scrooge|0 fnt
|-boost|p2a: Magmar|spe|1
|faint|p1a: Scrooge
|
|upkeep
|
|t:|1758931486
|switch|p1a: Chunky|Dragonite, M|100/100
|turn|10
|
|t:|1758931495
|-terastallize|p2a: Magmar|Fairy
|move|p2a: Magmar|Belly Drum|p2a: Magmar
|-damage|p2a: Magmar|51/100
|-setboost|p2a: Magmar|atk|6|[from] move: Belly Drum
|move|p1a: Chunky|Outrage|p2a: Magmar
|-immune|p2a: Magmar
|
|upkeep
|turn|11
|
|t:|1758931506
|switch|p1a: Thomas|Iron Treads|100/100
|move|p2a: Magmar|Flame Charge|p1a: Thomas
|-supereffective|p1a: Thomas
|-damage|p1a: Thomas|0 fnt
|-boost|p2a: Magmar|spe|1
|faint|p1a: Thomas
|-end|p1a: Thomas|Quark Drive|[silent]
|
|upkeep
|
|t:|1758931514
|switch|p1a: Fiona|Ogerpon-Wellspring, F|100/100
|turn|12
|
|t:|1758931520
|move|p2a: Magmar|Giga Impact|p1a: Fiona|[miss]
|-miss|p2a: Magmar|p1a: Fiona
|move|p1a: Fiona|Ivy Cudgel|p2a: Magmar|[anim] Ivy Cudgel Water
|-damage|p2a: Magmar|0 fnt
|faint|p2a: Magmar
|
|upkeep
|
|t:|1758931528
|switch|p2a: Brambleghast|Brambleghast, F, shiny|100/100
|turn|13
|
|t:|1758931548
|move|p1a: Fiona|Play Rough|p2a: Brambleghast
|-damage|p2a: Brambleghast|47/100
|move|p2a: Brambleghast|Curse|p1a: Fiona
|-start|p1a: Fiona|Curse|[of] p2a: Brambleghast
|-damage|p2a: Brambleghast|0 fnt
|faint|p2a: Brambleghast
|
|-damage|p1a: Fiona|76/100|[from] Curse
|upkeep
|
|t:|1758931564
|switch|p2a: Orthworm|Orthworm, M, shiny|100/100
|turn|14
|
|t:|1758931570
|move|p1a: Fiona|Ivy Cudgel|p2a: Orthworm|[anim] Ivy Cudgel Water
|-damage|p2a: Orthworm|60/100
|move|p2a: Orthworm|Iron Head|p1a: Fiona
|-resisted|p1a: Fiona
|-damage|p1a: Fiona|53/100
|
|-damage|p1a: Fiona|28/100|[from] Curse
|upkeep
|turn|15
|
|t:|1758931587
|move|p1a: Fiona|Ivy Cudgel|p2a: Orthworm|[anim] Ivy Cudgel Water
|-damage|p2a: Orthworm|15/100
|move|p2a: Orthworm|Iron Head|p1a: Fiona
|-resisted|p1a: Fiona
|-damage|p1a: Fiona|6/100
|
|-damage|p1a: Fiona|0 fnt|[from] Curse
|faint|p1a: Fiona
|upkeep
|
|t:|1758931599
|switch|p1a: Chunky|Dragonite, M|100/100
|turn|16
|
|t:|1758931604
|move|p1a: Chunky|Fire Punch|p2a: Orthworm
|-supereffective|p2a: Orthworm
|-damage|p2a: Orthworm|0 fnt
|-damage|p1a: Chunky|84/100|[from] item: Rocky Helmet|[of] p2a: Orthworm
|faint|p2a: Orthworm
|
|win|Games_Elias
|raw|Games_Elias's rating: 1126 &rarr; <strong>1149</strong><br />(+23 for winning)
|raw|pokemaster rico's rating: 1093 &rarr; <strong>1071</strong><br />(-22 for losing)
|c|☆Games_Elias|gg wp
|l|☆Games_Elias
|player|p1|
|l|☆pokemaster rico
|player|p2|
