|j|☆llr6236
|j|☆heemheem
|t:|1759008506
|gametype|singles
|player|p1|llr6236|allister|1190
|player|p2|heemheem|backersf|1194
|gen|9
|tier|[Gen 9] OU
|rated|
|rule|HP Percentage Mod: HP is shown in percentages
|rule|Endless Battle Clause: Forcing endless battles is banned
|rule|Species Clause: Limit one of each Pokémon
|rule|OHKO Clause: OHKO moves are banned
|rule|Evasion Items Clause: Evasion items are banned
|rule|Evasion Moves Clause: Evasion moves are banned
|rule|Evasion Abilities Clause: Evasion abilities are banned
|rule|Sleep Moves Clause: Sleep-inducing moves are banned
|clearpoke
|poke|p1|Ceruledge, F|
|poke|p1|Goodra-Hisui, F|
|poke|p1|Electivire, M|
|poke|p1|Suicune|
|poke|p1|Tentacruel, M|
|poke|p1|Copperajah, M|
|poke|p2|Garganacl, F|
|poke|p2|Corviknight, M|
|poke|p2|Blissey, F|
|poke|p2|Dondozo, M|
|poke|p2|Clodsire, F|
|poke|p2|Gliscor, M|
|teampreview
|inactive|Battle timer is ON: inactive players will automatically lose when time's up. (requested by llr6236)
|
|t:|1759008536
|teamsize|p1|6
|teamsize|p2|6
|start
|switch|p1a: Heavy🪨|Copperajah, M, shiny|100/100
|switch|p2a: Clodsire|Clodsire, F|100/100
|-item|p1a: Heavy🪨|Air Balloon
|turn|1
|
|t:|1759008550
|move|p1a: Heavy🪨|Stealth Rock|p2a: Clodsire
|-sidestart|p2: heemheem|move: Stealth Rock
|move|p2a: Clodsire|Stealth Rock|p1a: Heavy🪨
|-sidestart|p1: llr6236|move: Stealth Rock
|
|upkeep
|turn|2
|
|t:|1759008566
|switch|p2a: Gliscor|Gliscor, M|100/100
|-damage|p2a: Gliscor|88/100|[from] Stealth Rock
|move|p1a: Heavy🪨|Knock Off|p2a: Gliscor
|-damage|p2a: Gliscor|65/100
|-enditem|p2a: Gliscor|Toxic Orb|[from] move: Knock Off|[of] p1a: Heavy🪨
|
|upkeep
|turn|3
|
|t:|1759008578
|move|p2a: Gliscor|Spikes|p1a: Heavy🪨
|-sidestart|p1: llr6236|Spikes
|move|p1a: Heavy🪨|Heavy Slam|p2a: Gliscor
|-crit|p2a: Gliscor
|-damage|p2a: Gliscor|2/100
|
|upkeep
|turn|4
|
|t:|1759008587
|move|p2a: Gliscor|Spikes|p1a: Heavy🪨
|-sidestart|p1: llr6236|Spikes
|move|p1a: Heavy🪨|Heavy Slam|p2a: Gliscor
|-damage|p2a: Gliscor|0 fnt
|faint|p2a: Gliscor
|
|upkeep
|
|t:|1759008608
|switch|p2a: Corviknight|Corviknight, M|100/100
|-damage|p2a: Corviknight|88/100|[from] Stealth Rock
|-ability|p2a: Corviknight|Pressure
|turn|5
|
|t:|1759008618
|move|p2a: Corviknight|Iron Head|p1a: Heavy🪨
|-resisted|p1a: Heavy🪨
|-damage|p1a: Heavy🪨|87/100
|-enditem|p1a: Heavy🪨|Air Balloon
|move|p1a: Heavy🪨|Heat Crash|p2a: Corviknight
|-supereffective|p2a: Corviknight
|-damage|p2a: Corviknight|37/100
|
|-heal|p2a: Corviknight|43/100|[from] item: Leftovers
|upkeep
|turn|6
|
|t:|1759008628
|move|p2a: Corviknight|U-turn|p1a: Heavy🪨
|-resisted|p1a: Heavy🪨
|-damage|p1a: Heavy🪨|80/100
|
|t:|1759008631
|switch|p2a: Clodsire|Clodsire, F|100/100|[from] U-turn
|move|p1a: Heavy🪨|Heat Crash|p2a: Clodsire
|-damage|p2a: Clodsire|49/100
|
|upkeep
|turn|7
|-message|heemheem forfeited.
|
|win|llr6236
|raw|llr6236's rating: 1190 &rarr; <strong>1215</strong><br />(+25 for winning)
|raw|heemheem's rating: 1194 &rarr; <strong>1169</strong><br />(-25 for losing)
|l|☆heemheem
|player|p2|
|l|☆llr6236
|player|p1|
