|j|☆KingWhacka
|j|☆Bossvgl
|t:|1758950733
|gametype|singles
|player|p1|KingWhacka|101|1525
|player|p2|Bossvgl|265|1550
|gen|9
|tier|[Gen 9] OU
|rated|
|rule|HP Percentage Mod: HP is shown in percentages
|rule|Endless Battle Clause: Forcing endless battles is banned
|rule|Species Clause: Limit one of each Pokémon
|rule|OHKO Clause: OHKO moves are banned
|rule|Evasion Items Clause: Evasion items are banned
|rule|Evasion Moves Clause: Evasion moves are banned
|rule|Evasion Abilities Clause: Evasion abilities are banned
|rule|Sleep Moves Clause: Sleep-inducing moves are banned
|clearpoke
|poke|p1|Pelipper, F|
|poke|p1|Overqwil, F|
|poke|p1|Barraskewda, F|
|poke|p1|Iron Treads|
|poke|p1|Iron Jugulis|
|poke|p1|Scizor, F|
|poke|p2|Moltres|
|poke|p2|Samurott-Hisui, F|
|poke|p2|Garganacl, M|
|poke|p2|Sinistcha|
|poke|p2|Clodsire, F|
|poke|p2|Weavile, M|
|teampreview
|
|t:|1758950741
|teamsize|p1|6
|teamsize|p2|6
|start
|switch|p1a: Scizor|Scizor, F|100/100
|switch|p2a: Samurott|Samurott-Hisui, F|100/100
|turn|1
|
|t:|1758950745
|switch|p2a: Moltres|Moltres|100/100
|move|p1a: Scizor|U-turn|p2a: Moltres
|-resisted|p2a: Moltres
|-damage|p2a: Moltres|90/100
|
|t:|1758950748
|switch|p1a: Pelipper|Pelipper, F|100/100|[from] U-turn
|-weather|RainDance|[from] ability: Drizzle|[of] p1a: Pelipper
|
|-weather|RainDance|[upkeep]
|upkeep
|turn|2
|
|t:|1758950753
|move|p2a: Moltres|U-turn|p1a: Pelipper
|-resisted|p1a: Pelipper
|-damage|p1a: Pelipper|93/100
|
|t:|1758950760
|switch|p2a: Sinistcha|Sinistcha|100/100|[from] U-turn
|move|p1a: Pelipper|U-turn|p2a: Sinistcha
|-damage|p2a: Sinistcha|95/100
|
|t:|1758950766
|switch|p1a: Iron Jugulis|Iron Jugulis|100/100|[from] U-turn
|
|-weather|RainDance|[upkeep]
|upkeep
|turn|3
|
|t:|1758950771
|switch|p2a: Clodsire|Clodsire, F|100/100
|move|p1a: Iron Jugulis|Hurricane|p2a: Clodsire
|-damage|p2a: Clodsire|57/100
|
|-weather|RainDance|[upkeep]
|upkeep
|turn|4
|
|t:|1758950784
|-end|p1a: Iron Jugulis|Quark Drive|[silent]
|switch|p1a: Scizor|Scizor, F|100/100
|move|p2a: Clodsire|Stealth Rock|p1a: Scizor
|-sidestart|p1: KingWhacka|move: Stealth Rock
|
|-weather|RainDance|[upkeep]
|upkeep
|turn|5
|
|t:|1758950791
|switch|p2a: Moltres|Moltres|90/100
|move|p1a: Scizor|U-turn|p2a: Moltres
|-resisted|p2a: Moltres
|-damage|p2a: Moltres|80/100
|
|t:|1758950795
|switch|p1a: Barraskewda|Barraskewda, F|100/100|[from] U-turn
|-damage|p1a: Barraskewda|88/100|[from] Stealth Rock
|
|-weather|RainDance|[upkeep]
|upkeep
|turn|6
|
|t:|1758950800
|switch|p2a: Sinistcha|Sinistcha|95/100
|move|p1a: Barraskewda|Flip Turn|p2a: Sinistcha
|-resisted|p2a: Sinistcha
|-damage|p2a: Sinistcha|68/100
|
|t:|1758950805
|switch|p1a: Iron Treads|Iron Treads|100/100|[from] Flip Turn
|-damage|p1a: Iron Treads|97/100|[from] Stealth Rock
|
|-weather|RainDance|[upkeep]
|upkeep
|turn|7
|
|t:|1758950810
|move|p1a: Iron Treads|Thunder|p2a: Sinistcha
|-resisted|p2a: Sinistcha
|-damage|p2a: Sinistcha|54/100
|move|p2a: Sinistcha|Matcha Gotcha|p1a: Iron Treads
|-damage|p1a: Iron Treads|66/100
|-heal|p2a: Sinistcha|68/100|[from] drain|[of] p1a: Iron Treads
|-status|p1a: Iron Treads|brn
|
|-weather|RainDance|[upkeep]
|-damage|p1a: Iron Treads|59/100 brn|[from] brn
|upkeep
|turn|8
|
|t:|1758950820
|-end|p1a: Iron Treads|Quark Drive|[silent]
|switch|p1a: Scizor|Scizor, F|100/100
|-damage|p1a: Scizor|88/100|[from] Stealth Rock
|move|p2a: Sinistcha|Matcha Gotcha|p1a: Scizor
|-resisted|p1a: Scizor
|-damage|p1a: Scizor|80/100
|-heal|p2a: Sinistcha|73/100|[from] drain|[of] p1a: Scizor
|
|-weather|none
|upkeep
|turn|9
|
|t:|1758950830
|switch|p2a: Moltres|Moltres|80/100
|move|p1a: Scizor|U-turn|p2a: Moltres
|-resisted|p2a: Moltres
|-damage|p2a: Moltres|70/100
|-status|p1a: Scizor|brn|[from] ability: Flame Body|[of] p2a: Moltres
|
|t:|1758950840
|switch|p1a: Pelipper|Pelipper, F|93/100|[from] U-turn
|-damage|p1a: Pelipper|68/100|[from] Stealth Rock
|-weather|RainDance|[from] ability: Drizzle|[of] p1a: Pelipper
|
|-weather|RainDance|[upkeep]
|upkeep
|turn|10
|
|t:|1758950844
|move|p2a: Moltres|U-turn|p1a: Pelipper
|-resisted|p1a: Pelipper
|-damage|p1a: Pelipper|60/100
|
|t:|1758950847
|switch|p2a: Sinistcha|Sinistcha|73/100|[from] U-turn
|move|p1a: Pelipper|Weather Ball|p2a: Sinistcha
|-resisted|p2a: Sinistcha
|-damage|p2a: Sinistcha|42/100
|
|-weather|RainDance|[upkeep]
|upkeep
|turn|11
|
|t:|1758950850
|move|p1a: Pelipper|Hurricane|p2a: Sinistcha
|-supereffective|p2a: Sinistcha
|-crit|p2a: Sinistcha
|-damage|p2a: Sinistcha|0 fnt
|faint|p2a: Sinistcha
|
|-weather|RainDance|[upkeep]
|upkeep
|
|t:|1758950853
|switch|p2a: Samurott|Samurott-Hisui, F|100/100
|turn|12
|
|t:|1758950856
|move|p2a: Samurott|Ceaseless Edge|p1a: Pelipper|[miss]
|-miss|p2a: Samurott|p1a: Pelipper
|move|p1a: Pelipper|U-turn|p2a: Samurott
|-supereffective|p2a: Samurott
|-damage|p2a: Samurott|79/100
|
|t:|1758950858
|switch|p1a: Iron Treads|Iron Treads|59/100 brn|[from] U-turn
|-damage|p1a: Iron Treads|56/100 brn|[from] Stealth Rock
|
|-weather|RainDance|[upkeep]
|-damage|p1a: Iron Treads|50/100 brn|[from] brn
|upkeep
|turn|13
|
|t:|1758950863
|move|p1a: Iron Treads|Rapid Spin|p2a: Samurott
|-damage|p2a: Samurott|71/100
|-boost|p1a: Iron Treads|spe|1
|-sideend|p1: KingWhacka|Stealth Rock|[from] move: Rapid Spin|[of] p1a: Iron Treads
|move|p2a: Samurott|Ceaseless Edge|p1a: Iron Treads
|-damage|p1a: Iron Treads|13/100 brn
|-sidestart|p1: KingWhacka|Spikes
|
|-weather|RainDance|[upkeep]
|-damage|p1a: Iron Treads|7/100 brn|[from] brn
|upkeep
|turn|14
|
|t:|1758950871
|move|p1a: Iron Treads|Thunder|p2a: Samurott
|-supereffective|p2a: Samurott
|-damage|p2a: Samurott|16/100
|move|p2a: Samurott|Ceaseless Edge|p1a: Iron Treads
|-damage|p1a: Iron Treads|0 fnt
|-sidestart|p1: KingWhacka|Spikes
|faint|p1a: Iron Treads
|-end|p1a: Iron Treads|Quark Drive|[silent]
|
|-weather|RainDance|[upkeep]
|upkeep
|
|t:|1758950878
|switch|p1a: Iron Jugulis|Iron Jugulis|100/100
|turn|15
|
|t:|1758950884
|move|p2a: Samurott|Sucker Punch|p1a: Iron Jugulis
|-resisted|p1a: Iron Jugulis
|-damage|p1a: Iron Jugulis|80/100
|move|p1a: Iron Jugulis|U-turn|p2a: Samurott
|-supereffective|p2a: Samurott
|-damage|p2a: Samurott|0 fnt
|faint|p2a: Samurott
|
|t:|1758950891
|-end|p1a: Iron Jugulis|Quark Drive|[silent]
|switch|p1a: Barraskewda|Barraskewda, F|88/100|[from] U-turn
|-damage|p1a: Barraskewda|72/100|[from] Spikes
|
|-weather|RainDance|[upkeep]
|upkeep
|
|t:|1758950900
|switch|p2a: Garganacl|Garganacl, M|100/100
|turn|16
|
|t:|1758950903
|-terastallize|p2a: Garganacl|Water
|move|p1a: Barraskewda|Flip Turn|p2a: Garganacl
|-resisted|p2a: Garganacl
|-damage|p2a: Garganacl|76/100
|
|t:|1758950911
|switch|p1a: Scizor|Scizor, F|80/100 brn|[from] Flip Turn
|-damage|p1a: Scizor|63/100 brn|[from] Spikes
|move|p2a: Garganacl|Curse|p2a: Garganacl
|-unboost|p2a: Garganacl|spe|1
|-boost|p2a: Garganacl|atk|1
|-boost|p2a: Garganacl|def|1
|
|-weather|none
|-heal|p2a: Garganacl|82/100|[from] item: Leftovers
|-damage|p1a: Scizor|57/100 brn|[from] brn
|upkeep
|turn|17
|
|t:|1758950918
|move|p1a: Scizor|Knock Off|p2a: Garganacl
|-damage|p2a: Garganacl|71/100
|-enditem|p2a: Garganacl|Leftovers|[from] move: Knock Off|[of] p1a: Scizor
|move|p2a: Garganacl|Curse|p2a: Garganacl
|-unboost|p2a: Garganacl|spe|1
|-boost|p2a: Garganacl|atk|1
|-boost|p2a: Garganacl|def|1
|
|-damage|p1a: Scizor|51/100 brn|[from] brn
|upkeep
|turn|18
|
|t:|1758950924
|switch|p1a: Pelipper|Pelipper, F|60/100
|-weather|RainDance|[from] ability: Drizzle|[of] p1a: Pelipper
|move|p2a: Garganacl|Salt Cure|p1a: Pelipper
|-supereffective|p1a: Pelipper
|-damage|p1a: Pelipper|6/100
|-start|p1a: Pelipper|Salt Cure
|
|-weather|RainDance|[upkeep]
|-damage|p1a: Pelipper|0 fnt|[from] Salt Cure
|faint|p1a: Pelipper
|upkeep
|
|t:|1758950927
|switch|p1a: Iron Jugulis|Iron Jugulis|80/100
|turn|19
|
|t:|1758950934
|-terastallize|p1a: Iron Jugulis|Grass
|move|p1a: Iron Jugulis|Hurricane|p2a: Garganacl
|-damage|p2a: Garganacl|12/100
|-start|p2a: Garganacl|confusion
|-activate|p2a: Garganacl|confusion
|-damage|p2a: Garganacl|6/100|[from] confusion
|
|-weather|RainDance|[upkeep]
|upkeep
|turn|20
|
|t:|1758950947
|move|p1a: Iron Jugulis|Hurricane|p2a: Garganacl
|-damage|p2a: Garganacl|0 fnt
|faint|p2a: Garganacl
|
|-weather|RainDance|[upkeep]
|upkeep
|
|t:|1758950951
|switch|p2a: Weavile|Weavile, M|100/100
|turn|21
|
|t:|1758950955
|-end|p1a: Iron Jugulis|Quark Drive|[silent]
|switch|p1a: Scizor|Scizor, F|51/100 brn
|-damage|p1a: Scizor|34/100 brn|[from] Spikes
|move|p2a: Weavile|Triple Axel|p1a: Scizor
|-resisted|p1a: Scizor
|-damage|p1a: Scizor|29/100 brn
|-resisted|p1a: Scizor
|-damage|p1a: Scizor|20/100 brn
|-resisted|p1a: Scizor
|-damage|p1a: Scizor|6/100 brn
|-hitcount|p1a: Scizor|3
|
|-weather|RainDance|[upkeep]
|-damage|p1a: Scizor|0 fnt|[from] brn
|faint|p1a: Scizor
|upkeep
|
|t:|1758950957
|switch|p1a: Overqwil|Overqwil, F, shiny|100/100
|-damage|p1a: Overqwil|84/100|[from] Spikes
|turn|22
|
|t:|1758950967
|switch|p2a: Moltres|Moltres|70/100
|move|p1a: Overqwil|Liquidation|p2a: Moltres
|-supereffective|p2a: Moltres
|-damage|p2a: Moltres|0 fnt
|-status|p1a: Overqwil|brn|[from] ability: Flame Body|[of] p2a: Moltres
|faint|p2a: Moltres
|-damage|p1a: Overqwil|74/100 brn|[from] item: Life Orb
|
|-weather|RainDance|[upkeep]
|-damage|p1a: Overqwil|68/100 brn|[from] brn
|upkeep
|
|t:|1758950973
|switch|p2a: Weavile|Weavile, M|100/100
|turn|23
|
|t:|1758950975
|move|p1a: Overqwil|Gunk Shot|p2a: Weavile
|-damage|p2a: Weavile|27/100
|-damage|p1a: Overqwil|58/100 brn|[from] item: Life Orb
|move|p2a: Weavile|Triple Axel|p1a: Overqwil
|-damage|p1a: Overqwil|49/100 brn
|-damage|p1a: Overqwil|28/100 brn
|-damage|p1a: Overqwil|0 fnt
|faint|p1a: Overqwil
|-hitcount|p1: Overqwil|3
|
|-weather|RainDance|[upkeep]
|upkeep
|
|t:|1758950978
|switch|p1a: Barraskewda|Barraskewda, F|72/100
|-damage|p1a: Barraskewda|56/100|[from] Spikes
|turn|24
|
|t:|1758950987
|switch|p2a: Clodsire|Clodsire, F|57/100
|move|p1a: Barraskewda|Liquidation|p2a: Clodsire
|-supereffective|p2a: Clodsire
|-damage|p2a: Clodsire|0 fnt
|faint|p2a: Clodsire
|
|-weather|RainDance|[upkeep]
|upkeep
|
|t:|1758950992
|switch|p2a: Weavile|Weavile, M|27/100
|turn|25
|
|t:|1758950996
|move|p1a: Barraskewda|Liquidation|p2a: Weavile
|-damage|p2a: Weavile|0 fnt
|faint|p2a: Weavile
|
|win|KingWhacka
|raw|KingWhacka's rating: 1525 &rarr; <strong>1546</strong><br />(+21 for winning)
|raw|Bossvgl's rating: 1550 &rarr; <strong>1529</strong><br />(-21 for losing)
|l|☆KingWhacka
|player|p1|
|l|☆Bossvgl
|player|p2|
|j|☆Bossvgl
|player|p2|Bossvgl|265|
|l|☆Bossvgl
|player|p2|
