|j|☆ohjeebus
|j|☆FlyiingHaduken
|t:|1758972333
|gametype|singles
|player|p1|ohjeebus|koga|1443
|player|p2|FlyiingHaduken|1|1406
|gen|9
|tier|[Gen 9] OU
|rated|
|rule|HP Percentage Mod: HP is shown in percentages
|rule|Endless Battle Clause: Forcing endless battles is banned
|rule|Species Clause: Limit one of each Pokémon
|rule|OHKO Clause: OHKO moves are banned
|rule|Evasion Items Clause: Evasion items are banned
|rule|Evasion Moves Clause: Evasion moves are banned
|rule|Evasion Abilities Clause: Evasion abilities are banned
|rule|Sleep Moves Clause: Sleep-inducing moves are banned
|clearpoke
|poke|p1|Zamazenta-*|
|poke|p1|Weezing-Galar, M|
|poke|p1|Kingambit, M|
|poke|p1|Weavile, M|
|poke|p1|Ceruledge, M|
|poke|p1|Ting-Lu|
|poke|p2|Alomomola, F|
|poke|p2|Rillaboom, M|
|poke|p2|Zamazenta-*|
|poke|p2|Slowking-Galar, M|
|poke|p2|Great Tusk|
|poke|p2|Hatterene, F|
|teampreview
|inactive|Battle timer is ON: inactive players will automatically lose when time's up. (requested by ohjeebus)
|
|t:|1758972357
|teamsize|p1|6
|teamsize|p2|6
|start
|switch|p1a: Ceruledge|Ceruledge, M|100/100
|switch|p2a: Great Tusk|Great Tusk|100/100
|turn|1
|
|t:|1758972370
|switch|p1a: Zamazenta|Zamazenta|100/100
|-ability|p1a: Zamazenta|Dauntless Shield|boost
|-boost|p1a: Zamazenta|def|1
|move|p2a: Great Tusk|Headlong Rush|p1a: Zamazenta
|-damage|p1a: Zamazenta|66/100
|-unboost|p2a: Great Tusk|def|1
|-unboost|p2a: Great Tusk|spd|1
|
|upkeep
|turn|2
|
|t:|1758972385
|-end|p2a: Great Tusk|Protosynthesis|[silent]
|switch|p2a: Alomomola|Alomomola, F|100/100
|move|p1a: Zamazenta|Crunch|p2a: Alomomola
|-damage|p2a: Alomomola|87/100
|-damage|p1a: Zamazenta|50/100|[from] item: Rocky Helmet|[of] p2a: Alomomola
|
|upkeep
|turn|3
|
|t:|1758972396
|move|p1a: Zamazenta|Close Combat|p2a: Alomomola
|-damage|p2a: Alomomola|58/100
|-unboost|p1a: Zamazenta|def|1
|-unboost|p1a: Zamazenta|spd|1
|-damage|p1a: Zamazenta|33/100|[from] item: Rocky Helmet|[of] p2a: Alomomola
|move|p2a: Alomomola|Flip Turn|p1a: Zamazenta
|-damage|p1a: Zamazenta|18/100
|
|t:|1758972412
|switch|p2a: Rillaboom|Rillaboom, M|100/100|[from] Flip Turn
|-fieldstart|move: Grassy Terrain|[from] ability: Grassy Surge|[of] p2a: Rillaboom
|
|-heal|p1a: Zamazenta|24/100|[from] Grassy Terrain
|upkeep
|turn|4
|
|t:|1758972421
|switch|p1a: Weezing|Weezing-Galar, M|100/100
|-ability|p1a: Weezing|Neutralizing Gas
|move|p2a: Rillaboom|Grassy Glide|p1a: Weezing
|-resisted|p1a: Weezing
|-damage|p1a: Weezing|82/100
|-damage|p2a: Rillaboom|84/100|[from] item: Rocky Helmet|[of] p1a: Weezing
|
|-heal|p2a: Rillaboom|90/100|[from] Grassy Terrain
|-heal|p1a: Weezing|88/100|[from] Grassy Terrain
|upkeep
|turn|5
|
|t:|1758972439
|switch|p2a: Slowking|Slowking-Galar, M|100/100
|move|p1a: Weezing|Will-O-Wisp|p2a: Slowking
|-status|p2a: Slowking|brn
|
|-heal|p1a: Weezing|94/100|[from] Grassy Terrain
|-damage|p2a: Slowking|94/100 brn|[from] brn
|upkeep
|turn|6
|
|t:|1758972445
|-end|p1a: Weezing|ability: Neutralizing Gas
|switch|p1a: Zamazenta|Zamazenta|24/100
|move|p2a: Slowking|Psyshock|p1a: Zamazenta
|-supereffective|p1a: Zamazenta
|-damage|p1a: Zamazenta|0 fnt
|faint|p1a: Zamazenta
|
|-heal|p2a: Slowking|100/100 brn|[from] Grassy Terrain
|-damage|p2a: Slowking|94/100 brn|[from] brn
|upkeep
|
|t:|1758972448
|switch|p1a: Kingambit|Kingambit, M|100/100
|-activate|p1a: Kingambit|ability: Supreme Overlord
|-start|p1a: Kingambit|fallen1|[silent]
|turn|7
|inactive|FlyiingHaduken has 120 seconds left.
|
|t:|1758972481
|switch|p2a: Hatterene|Hatterene, F|100/100
|-enditem|p2a: Hatterene|Grassy Seed
|-boost|p2a: Hatterene|def|1|[from] item: Grassy Seed
|move|p1a: Kingambit|Swords Dance|p1a: Kingambit
|-boost|p1a: Kingambit|atk|2
|
|-fieldend|move: Grassy Terrain
|upkeep
|turn|8
|inactive|FlyiingHaduken has 120 seconds left.
|
|t:|1758972491
|-terastallize|p2a: Hatterene|Water
|move|p1a: Kingambit|Iron Head|p2a: Hatterene
|-resisted|p2a: Hatterene
|-crit|p2a: Hatterene
|-damage|p2a: Hatterene|32/100
|cant|p2a: Hatterene|flinch
|
|upkeep
|turn|9
|
|t:|1758972500
|move|p1a: Kingambit|Sucker Punch|p2a: Hatterene
|-damage|p2a: Hatterene|0 fnt
|faint|p2a: Hatterene
|
|upkeep
|
|t:|1758972507
|switch|p2a: Zamazenta|Zamazenta|100/100
|-ability|p2a: Zamazenta|Dauntless Shield|boost
|-boost|p2a: Zamazenta|def|1
|turn|10
|
|t:|1758972513
|-terastallize|p1a: Kingambit|Fairy
|move|p2a: Zamazenta|Body Press|p1a: Kingambit
|-resisted|p1a: Kingambit
|-damage|p1a: Kingambit|79/100
|move|p1a: Kingambit|Tera Blast|p2a: Zamazenta|[anim] Tera Blast Fairy
|-supereffective|p2a: Zamazenta
|-damage|p2a: Zamazenta|0 fnt
|faint|p2a: Zamazenta
|
|-heal|p1a: Kingambit|86/100|[from] item: Leftovers
|upkeep
|l|☆FlyiingHaduken
|inactive|FlyiingHaduken disconnected and has a minute to reconnect!
|player|p2|
|inactive|FlyiingHaduken has 30 seconds to reconnect!
|inactive|FlyiingHaduken has 20 seconds to reconnect!
|inactive|FlyiingHaduken has 15 seconds to reconnect!
|inactive|FlyiingHaduken has 10 seconds to reconnect!
|inactive|FlyiingHaduken has 5 seconds to reconnect!
|-message|FlyiingHaduken lost due to inactivity.
|
|win|ohjeebus
|raw|ohjeebus's rating: 1443 &rarr; <strong>1461</strong><br />(+18 for winning)
|raw|FlyiingHaduken's rating: 1406 &rarr; <strong>1388</strong><br />(-18 for losing)
