|j|☆DjGoat23
|j|☆jhaoni
|t:|1759046911
|gametype|singles
|player|p1|DjGoat23|burglar|1125
|player|p2|jhaoni|steven|1096
|gen|9
|tier|[Gen 9] OU
|rated|
|rule|HP Percentage Mod: HP is shown in percentages
|rule|Endless Battle Clause: Forcing endless battles is banned
|rule|Species Clause: Limit one of each Pokémon
|rule|OHKO Clause: OHKO moves are banned
|rule|Evasion Items Clause: Evasion items are banned
|rule|Evasion Moves Clause: Evasion moves are banned
|rule|Evasion Abilities Clause: Evasion abilities are banned
|rule|Sleep Moves Clause: Sleep-inducing moves are banned
|clearpoke
|poke|p1|Samurott-Hisui, M|
|poke|p1|Krookodile, M|
|poke|p1|Braviary, M|
|poke|p1|Typhlosion, M|
|poke|p1|Tinkaton, F|
|poke|p1|Lycanroc-Midnight, M|
|poke|p2|Zamazenta-*|
|poke|p2|Slowking-Galar, F|
|poke|p2|Kingambit, M|
|poke|p2|Clefable, F|
|poke|p2|Gliscor, M|
|poke|p2|Kyurem|
|teampreview
|
|t:|1759046921
|teamsize|p1|6
|teamsize|p2|6
|start
|switch|p1a: Good Boy|Lycanroc-Midnight, M, shiny|100/100
|switch|p2a: Gliscor|Gliscor, M|100/100
|turn|1
|
|t:|1759046936
|move|p1a: Good Boy|Swords Dance|p1a: Good Boy
|-boost|p1a: Good Boy|atk|2
|move|p2a: Gliscor|Toxic|p1a: Good Boy
|-status|p1a: Good Boy|tox
|
|-damage|p1a: Good Boy|94/100 tox|[from] psn
|-status|p2a: Gliscor|tox|[from] item: Toxic Orb
|upkeep
|turn|2
|
|t:|1759046951
|move|p1a: Good Boy|Stone Edge|p2a: Gliscor
|-damage|p2a: Gliscor|45/100 tox
|move|p2a: Gliscor|Earthquake|p1a: Good Boy
|-supereffective|p1a: Good Boy
|-damage|p1a: Good Boy|0 fnt
|faint|p1a: Good Boy
|
|-heal|p2a: Gliscor|57/100 tox|[from] ability: Poison Heal
|upkeep
|
|t:|1759046970
|switch|p1a: Samurott|Samurott-Hisui, M, shiny|100/100
|turn|3
|
|t:|1759046977
|-terastallize|p1a: Samurott|Water
|move|p2a: Gliscor|Protect|p2a: Gliscor
|-singleturn|p2a: Gliscor|Protect
|move|p1a: Samurott|Liquidation|p2a: Gliscor
|-activate|p2a: Gliscor|move: Protect
|
|-heal|p2a: Gliscor|69/100 tox|[from] ability: Poison Heal
|upkeep
|turn|4
|
|t:|1759046985
|switch|p2a: Clefable|Clefable, F|100/100
|move|p1a: Samurott|Liquidation|p2a: Clefable
|-damage|p2a: Clefable|45/100
|-damage|p1a: Samurott|91/100|[from] item: Life Orb
|
|-heal|p2a: Clefable|51/100|[from] item: Leftovers
|upkeep
|turn|5
|
|t:|1759046993
|move|p1a: Samurott|Liquidation|p2a: Clefable
|-damage|p2a: Clefable|0 fnt
|faint|p2a: Clefable
|-damage|p1a: Samurott|81/100|[from] item: Life Orb
|
|upkeep
|
|t:|1759046997
|switch|p2a: Gliscor|Gliscor, M|69/100 tox
|turn|6
|
|t:|1759047001
|move|p1a: Samurott|Liquidation|p2a: Gliscor
|-supereffective|p2a: Gliscor
|-damage|p2a: Gliscor|0 fnt
|faint|p2a: Gliscor
|-damage|p1a: Samurott|71/100|[from] item: Life Orb
|
|upkeep
|
|t:|1759047003
|switch|p2a: Slowking|Slowking-Galar, F|100/100
|turn|7
|
|t:|1759047010
|move|p1a: Samurott|Ceaseless Edge|p2a: Slowking
|-supereffective|p2a: Slowking
|-damage|p2a: Slowking|0 fnt
|-sidestart|p2: jhaoni|Spikes
|faint|p2a: Slowking
|-damage|p1a: Samurott|61/100|[from] item: Life Orb
|
|upkeep
|
|t:|1759047012
|switch|p2a: Zamazenta|Zamazenta|100/100
|-damage|p2a: Zamazenta|88/100|[from] Spikes
|-ability|p2a: Zamazenta|Dauntless Shield|boost
|-boost|p2a: Zamazenta|def|1
|turn|8
|
|t:|1759047020
|move|p2a: Zamazenta|Iron Defense|p2a: Zamazenta
|-boost|p2a: Zamazenta|def|2
|move|p1a: Samurott|Liquidation|p2a: Zamazenta
|-damage|p2a: Zamazenta|65/100
|-damage|p1a: Samurott|51/100|[from] item: Life Orb
|
|-heal|p2a: Zamazenta|71/100|[from] item: Leftovers
|upkeep
|turn|9
|
|t:|1759047031
|move|p2a: Zamazenta|Iron Defense|p2a: Zamazenta
|-boost|p2a: Zamazenta|def|2
|move|p1a: Samurott|Liquidation|p2a: Zamazenta
|-damage|p2a: Zamazenta|54/100
|-damage|p1a: Samurott|41/100|[from] item: Life Orb
|
|-heal|p2a: Zamazenta|60/100|[from] item: Leftovers
|upkeep
|turn|10
|
|t:|1759047044
|move|p2a: Zamazenta|Body Press|p1a: Samurott
|-damage|p1a: Samurott|0 fnt
|faint|p1a: Samurott
|
|-heal|p2a: Zamazenta|66/100|[from] item: Leftovers
|upkeep
|
|t:|1759047052
|switch|p1a: Molotov|Typhlosion, M, shiny|100/100
|turn|11
|
|t:|1759047063
|move|p1a: Molotov|Eruption|p2a: Zamazenta
|-damage|p2a: Zamazenta|10/100
|move|p2a: Zamazenta|Body Press|p1a: Molotov
|-damage|p1a: Molotov|0 fnt
|faint|p1a: Molotov
|
|-heal|p2a: Zamazenta|16/100|[from] item: Leftovers
|upkeep
|
|t:|1759047074
|switch|p1a: Maid|Tinkaton, F, shiny|100/100
|-ability|p1a: Maid|Mold Breaker
|turn|12
|
|t:|1759047081
|move|p2a: Zamazenta|Body Press|p1a: Maid
|-damage|p1a: Maid|0 fnt
|faint|p1a: Maid
|
|-heal|p2a: Zamazenta|22/100|[from] item: Leftovers
|upkeep
|
|t:|1759047086
|switch|p1a: Gatorade|Krookodile, M, shiny|100/100
|turn|13
|
|t:|1759047093
|move|p2a: Zamazenta|Body Press|p1a: Gatorade
|-supereffective|p1a: Gatorade
|-damage|p1a: Gatorade|0 fnt
|faint|p1a: Gatorade
|
|-heal|p2a: Zamazenta|28/100|[from] item: Leftovers
|upkeep
|
|t:|1759047097
|switch|p1a: Liberty|Braviary, M, shiny|100/100
|turn|14
|
|t:|1759047105
|move|p2a: Zamazenta|Body Press|p1a: Liberty
|-damage|p1a: Liberty|0 fnt
|faint|p1a: Liberty
|
|win|jhaoni
|raw|DjGoat23's rating: 1125 &rarr; <strong>1098</strong><br />(-27 for losing)
|raw|jhaoni's rating: 1096 &rarr; <strong>1124</strong><br />(+28 for winning)
|l|☆DjGoat23
|player|p1|
