|j|☆Latentpotential
|j|‽SirPops
|t:|1758999983
|gametype|singles
|player|p1|Latentpotential|2|1110
|player|p2|SirPops|red|1097
|gen|9
|tier|[Gen 9] OU
|rated|
|rule|HP Percentage Mod: HP is shown in percentages
|rule|Endless Battle Clause: Forcing endless battles is banned
|rule|Species Clause: Limit one of each Pokémon
|rule|OHKO Clause: OHKO moves are banned
|rule|Evasion Items Clause: Evasion items are banned
|rule|Evasion Moves Clause: Evasion moves are banned
|rule|Evasion Abilities Clause: Evasion abilities are banned
|rule|Sleep Moves Clause: Sleep-inducing moves are banned
|clearpoke
|poke|p1|Dragonite, M|
|poke|p1|Landorus-Therian, M|
|poke|p1|Toxapex, M|
|poke|p1|Clefable, F|
|poke|p1|Dragapult, F|
|poke|p1|Rillaboom, F|
|poke|p2|Charizard, M|
|poke|p2|Pawmot, M|
|poke|p2|Sableye, M|
|poke|p2|Basculin-White-Striped, M|
|poke|p2|Weezing-Galar, F|
|poke|p2|Drowzee, M|
|teampreview
|inactive|Battle timer is ON: inactive players will automatically lose when time's up. (requested by SirPops)
|
|t:|1759000000
|teamsize|p1|6
|teamsize|p2|6
|start
|switch|p1a: 911|Dragapult, F|100/100
|switch|p2a: Sableye|Sableye, M, shiny|100/100
|turn|1
|
|t:|1759000008
|move|p2a: Sableye|Trick|p1a: 911
|-activate|p2a: Sableye|move: Trick|[of] p1a: 911
|-item|p1a: 911|Sticky Barb|[from] move: Trick
|-item|p2a: Sableye|Choice Specs|[from] move: Trick
|move|p1a: 911|Shadow Ball|p2a: Sableye
|-damage|p2a: Sableye|54/100
|
|-damage|p1a: 911|88/100|[from] item: Sticky Barb
|upkeep
|turn|2
|
|t:|1759000030
|move|p2a: Sableye|Recover|p2a: Sableye
|-heal|p2a: Sableye|100/100
|move|p1a: 911|Shadow Ball|p2a: Sableye
|-damage|p2a: Sableye|57/100
|
|-damage|p1a: 911|76/100|[from] item: Sticky Barb
|upkeep
|turn|3
|
|t:|1759000050
|move|p2a: Sableye|Recover|p2a: Sableye
|-heal|p2a: Sableye|100/100
|move|p1a: 911|Draco Meteor|p2a: Sableye
|-damage|p2a: Sableye|24/100
|-unboost|p1a: 911|spa|2
|
|-damage|p1a: 911|64/100|[from] item: Sticky Barb
|upkeep
|turn|4
|inactive|SirPops has 120 seconds left.
|
|t:|1759000093
|move|p2a: Sableye|Recover|p2a: Sableye
|-heal|p2a: Sableye|74/100
|move|p1a: 911|U-turn|p2a: Sableye
|-damage|p2a: Sableye|51/100
|
|t:|1759000101
|switch|p1a: HIM|Dragonite, M|100/100|[from] U-turn
|
|upkeep
|turn|5
|inactive|SirPops has 120 seconds left.
|
|t:|1759000127
|switch|p2a: Weezing|Weezing-Galar, F|100/100
|move|p1a: HIM|Dragon Dance|p1a: HIM
|-boost|p1a: HIM|atk|1
|-boost|p1a: HIM|spe|1
|
|upkeep
|turn|6
|
|t:|1759000137
|move|p1a: HIM|Dragon Dance|p1a: HIM
|-boost|p1a: HIM|atk|1
|-boost|p1a: HIM|spe|1
|move|p2a: Weezing|Toxic|p1a: HIM
|-status|p1a: HIM|tox
|
|-damage|p1a: HIM|94/100 tox|[from] psn
|upkeep
|turn|7
|
|t:|1759000147
|move|p1a: HIM|Extreme Speed|p2a: Weezing
|-damage|p2a: Weezing|45/100
|-enditem|p2a: Weezing|Sitrus Berry|[eat]
|-heal|p2a: Weezing|69/100|[from] item: Sitrus Berry
|move|p2a: Weezing|Venoshock|p1a: HIM
|-damage|p1a: HIM|45/100 tox
|
|-damage|p1a: HIM|33/100 tox|[from] psn
|upkeep
|turn|8
|inactive|SirPops has 120 seconds left.
|
|t:|1759000171
|switch|p2a: Sableye|Sableye, M, shiny|51/100
|move|p1a: HIM|Dragon Claw|p2a: Sableye
|-damage|p2a: Sableye|0 fnt
|faint|p2a: Sableye
|
|-damage|p1a: HIM|14/100 tox|[from] psn
|upkeep
|inactive|SirPops has 90 seconds left.
|
|t:|1759000214
|switch|p2a: Pawmot|Pawmot, M|100/100
|turn|9
|
|t:|1759000220
|switch|p2a: Weezing|Weezing-Galar, F|69/100
|move|p1a: HIM|Extreme Speed|p2a: Weezing
|-damage|p2a: Weezing|8/100
|
|-damage|p1a: HIM|0 fnt|[from] psn
|faint|p1a: HIM
|upkeep
|
|t:|1759000238
|switch|p1a: 911|Dragapult, F|64/100
|turn|10
|
|t:|1759000260
|move|p1a: 911|Shadow Ball|p2a: Weezing
|-damage|p2a: Weezing|0 fnt
|faint|p2a: Weezing
|
|-damage|p1a: 911|51/100|[from] item: Sticky Barb
|upkeep
|inactive|SirPops has 90 seconds left.
|
|t:|1759000283
|switch|p2a: Basculin|Basculin-White-Striped, M|100/100
|turn|11
|
|t:|1759000293
|move|p1a: 911|U-turn|p2a: Basculin
|-damage|p2a: Basculin|76/100
|
|t:|1759000299
|switch|p1a: Your mom|Clefable, F|100/100|[from] U-turn
|move|p2a: Basculin|Agility|p2a: Basculin
|-boost|p2a: Basculin|spe|2
|
|upkeep
|turn|12
|
|t:|1759000309
|move|p2a: Basculin|Waterfall|p1a: Your mom
|-damage|p1a: Your mom|62/100
|move|p1a: Your mom|Thunderbolt|p2a: Basculin
|-supereffective|p2a: Basculin
|-damage|p2a: Basculin|9/100
|
|-heal|p1a: Your mom|69/100|[from] item: Leftovers
|upkeep
|turn|13
|
|t:|1759000323
|move|p2a: Basculin|Waterfall|p1a: Your mom
|-damage|p1a: Your mom|31/100
|move|p1a: Your mom|Thunderbolt|p2a: Basculin
|-supereffective|p2a: Basculin
|-damage|p2a: Basculin|0 fnt
|faint|p2a: Basculin
|
|-heal|p1a: Your mom|37/100|[from] item: Leftovers
|upkeep
|
|t:|1759000331
|switch|p2a: Charizard|Charizard, M, shiny|100/100
|turn|14
|
|t:|1759000346
|-terastallize|p2a: Charizard|Ground
|move|p2a: Charizard|Substitute|p2a: Charizard
|-start|p2a: Charizard|Substitute
|-damage|p2a: Charizard|76/100
|move|p1a: Your mom|Thunderbolt|p2a: Charizard
|-immune|p2a: Charizard
|
|-heal|p1a: Your mom|43/100|[from] item: Leftovers
|upkeep
|turn|15
|inactive|SirPops has 120 seconds left.
|
|t:|1759000372
|move|p2a: Charizard|Fire Blast|p1a: Your mom
|-damage|p1a: Your mom|0 fnt
|faint|p1a: Your mom
|
|upkeep
|inactive|Latentpotential has 120 seconds left.
|
|t:|1759000396
|switch|p1a: Fake Jesus|Landorus-Therian, M|100/100
|-ability|p1a: Fake Jesus|Intimidate|boost
|-immune|p2a: Charizard
|turn|16
|inactive|SirPops has 120 seconds left.
|inactive|Latentpotential has 120 seconds left.
|
|t:|1759000412
|move|p2a: Charizard|Fire Blast|p1a: Fake Jesus
|-damage|p1a: Fake Jesus|39/100
|move|p1a: Fake Jesus|U-turn|p2a: Charizard
|-end|p2a: Charizard|Substitute
|-damage|p1a: Fake Jesus|30/100|[from] item: Life Orb
|
|t:|1759000420
|switch|p1a: 911|Dragapult, F|51/100|[from] U-turn
|
|-damage|p1a: 911|39/100|[from] item: Sticky Barb
|upkeep
|turn|17
|inactive|Latentpotential has 120 seconds left.
|inactive|SirPops has 120 seconds left.
|
|t:|1759000436
|move|p1a: 911|Draco Meteor|p2a: Charizard
|-damage|p2a: Charizard|0 fnt
|-unboost|p1a: 911|spa|2
|faint|p2a: Charizard
|
|-damage|p1a: 911|27/100|[from] item: Sticky Barb
|upkeep
|
|t:|1759000440
|switch|p2a: Pawmot|Pawmot, M|100/100
|turn|18
|
|t:|1759000449
|switch|p1a: Fake Jesus|Landorus-Therian, M|30/100
|-ability|p1a: Fake Jesus|Intimidate|boost
|-unboost|p2a: Pawmot|atk|1
|move|p2a: Pawmot|Fire Punch|p1a: Fake Jesus
|-damage|p1a: Fake Jesus|6/100
|
|upkeep
|turn|19
|
|t:|1759000459
|move|p2a: Pawmot|Mach Punch|p1a: Fake Jesus
|-resisted|p1a: Fake Jesus
|-crit|p1a: Fake Jesus
|-damage|p1a: Fake Jesus|0 fnt
|faint|p1a: Fake Jesus
|
|upkeep
|
|t:|1759000469
|switch|p1a: Druski|Rillaboom, F|100/100
|-fieldstart|move: Grassy Terrain|[from] ability: Grassy Surge|[of] p1a: Druski
|turn|20
|
|t:|1759000478
|switch|p2a: Drowzee|Drowzee, M|100/100
|-activate|p2a: Drowzee|ability: Forewarn|Drain Punch|[of] p1a: Druski
|move|p1a: Druski|Swords Dance|p1a: Druski
|-boost|p1a: Druski|atk|2
|
|upkeep
|turn|21
|
|t:|1759000491
|move|p1a: Druski|Grassy Glide|p2a: Drowzee
|-enditem|p2a: Drowzee|Focus Sash
|-damage|p2a: Drowzee|1/100
|-damage|p1a: Druski|91/100|[from] item: Life Orb
|move|p2a: Drowzee|Endeavor|p1a: Druski
|-damage|p1a: Druski|1/100
|
|-heal|p1a: Druski|7/100|[from] Grassy Terrain
|-heal|p2a: Drowzee|7/100|[from] Grassy Terrain
|upkeep
|turn|22
|
|t:|1759000503
|move|p1a: Druski|Grassy Glide|p2a: Drowzee
|-damage|p2a: Drowzee|0 fnt
|faint|p2a: Drowzee
|-damage|p1a: Druski|0 fnt|[from] item: Life Orb
|faint|p1a: Druski
|
|upkeep
|
|t:|1759000513
|switch|p1a: 911|Dragapult, F|27/100
|switch|p2a: Pawmot|Pawmot, M|100/100
|turn|23
|
|t:|1759000520
|move|p1a: 911|Draco Meteor|p2a: Pawmot
|-damage|p2a: Pawmot|5/100
|-unboost|p1a: 911|spa|2
|move|p2a: Pawmot|Ice Punch|p1a: 911
|-supereffective|p1a: 911
|-damage|p1a: 911|0 fnt
|faint|p1a: 911
|
|-heal|p2a: Pawmot|11/100|[from] Grassy Terrain
|upkeep
|
|t:|1759000531
|switch|p1a: Skibidi toilet|Toxapex, M|100/100
|turn|24
|
|t:|1759000537
|move|p1a: Skibidi toilet|Baneful Bunker|p1a: Skibidi toilet
|-singleturn|p1a: Skibidi toilet|move: Protect
|move|p2a: Pawmot|Thunder Punch|p1a: Skibidi toilet
|-activate|p1a: Skibidi toilet|move: Protect
|
|-heal|p2a: Pawmot|18/100|[from] Grassy Terrain
|-fieldend|move: Grassy Terrain
|upkeep
|turn|25
|
|t:|1759000547
|move|p2a: Pawmot|Thunder Punch|p1a: Skibidi toilet
|-supereffective|p1a: Skibidi toilet
|-damage|p1a: Skibidi toilet|45/100
|move|p1a: Skibidi toilet|Liquidation|p2a: Pawmot
|-damage|p2a: Pawmot|0 fnt
|faint|p2a: Pawmot
|
|win|Latentpotential
|raw|Latentpotential's rating: 1110 &rarr; <strong>1134</strong><br />(+24 for winning)
|raw|SirPops's rating: 1090 &rarr; <strong>1068</strong><br />(-22 for losing)
|l|‽SirPops
|player|p2|
|l|☆Latentpotential
|player|p1|
