|j|☆Phanthom_Ex4
|j|☆dark besk
|t:|1759032460
|gametype|singles
|player|p1|Phanthom_Ex4|burglar|1364
|player|p2|dark besk|169|1331
|gen|9
|tier|[Gen 9] OU
|rated|
|rule|HP Percentage Mod: HP is shown in percentages
|rule|Endless Battle Clause: Forcing endless battles is banned
|rule|Species Clause: Limit one of each Pokémon
|rule|OHKO Clause: OHKO moves are banned
|rule|Evasion Items Clause: Evasion items are banned
|rule|Evasion Moves Clause: Evasion moves are banned
|rule|Evasion Abilities Clause: Evasion abilities are banned
|rule|Sleep Moves Clause: Sleep-inducing moves are banned
|clearpoke
|poke|p1|Jolteon, F|
|poke|p1|Jirachi|
|poke|p1|Ribombee, F|
|poke|p1|Arcanine-Hisui, M|
|poke|p1|Okidogi, M|
|poke|p1|Brambleghast, M|
|poke|p2|Basculegion, M|
|poke|p2|Pelipper, M|
|poke|p2|Iron Treads|
|poke|p2|Dragapult, M|
|poke|p2|Overqwil, M|
|poke|p2|Iron Valiant|
|teampreview
|inactive|Battle timer is ON: inactive players will automatically lose when time's up. (requested by dark besk)
|
|t:|1759032473
|teamsize|p1|6
|teamsize|p2|6
|start
|switch|p1a: Ribombee|Ribombee, F|100/100
|switch|p2a: Messenger|Pelipper, M, shiny|100/100
|-weather|RainDance|[from] ability: Drizzle|[of] p2a: Messenger
|turn|1
|
|t:|1759032478
|move|p1a: Ribombee|Sticky Web|p2a: Messenger
|-sidestart|p2: dark besk|move: Sticky Web
|move|p2a: Messenger|Hurricane|p1a: Ribombee
|-supereffective|p1a: Ribombee
|-damage|p1a: Ribombee|0 fnt
|faint|p1a: Ribombee
|
|-weather|RainDance|[upkeep]
|upkeep
|
|t:|1759032481
|switch|p1a: Jolteon|Jolteon, F|100/100
|turn|2
|
|t:|1759032489
|switch|p1a: Brambleghast|Brambleghast, M|100/100
|switch|p2a: Rage|Iron Treads, shiny|100/100
|-activate|p2a: Rage|move: Sticky Web
|-unboost|p2a: Rage|spe|1
|-enditem|p2a: Rage|Booster Energy
|-activate|p2a: Rage|ability: Quark Drive|[fromitem]
|-start|p2a: Rage|quarkdrivedef
|
|-weather|RainDance|[upkeep]
|upkeep
|turn|3
|
|t:|1759032497
|-end|p2a: Rage|Quark Drive|[silent]
|switch|p2a: Predator|Overqwil, M, shiny|100/100
|-activate|p2a: Predator|move: Sticky Web
|-unboost|p2a: Predator|spe|1
|move|p1a: Brambleghast|Power Whip|p2a: Predator
|-resisted|p2a: Predator
|-damage|p2a: Predator|70/100
|
|-weather|RainDance|[upkeep]
|upkeep
|turn|4
|
|t:|1759032506
|switch|p2a: Rage|Iron Treads, shiny|100/100
|-activate|p2a: Rage|move: Sticky Web
|-unboost|p2a: Rage|spe|1
|switch|p1a: Okidogi|Okidogi, M|100/100
|
|-weather|RainDance|[upkeep]
|upkeep
|turn|5
|
|t:|1759032511
|switch|p1a: Brambleghast|Brambleghast, M|100/100
|move|p2a: Rage|Stealth Rock|p1a: Brambleghast
|-sidestart|p1: Phanthom_Ex4|move: Stealth Rock
|
|-weather|RainDance|[upkeep]
|upkeep
|turn|6
|
|t:|1759032519
|-end|p2a: Rage|Quark Drive|[silent]
|switch|p2a: Calamity|Iron Valiant, shiny|100/100
|-activate|p2a: Calamity|move: Sticky Web
|-unboost|p2a: Calamity|spe|1
|move|p1a: Brambleghast|Power Whip|p2a: Calamity
|-damage|p2a: Calamity|24/100
|
|-weather|RainDance|[upkeep]
|upkeep
|turn|7
|
|t:|1759032532
|move|p1a: Brambleghast|Power Whip|p2a: Calamity
|-damage|p2a: Calamity|0 fnt
|faint|p2a: Calamity
|-end|p2a: Calamity|Quark Drive|[silent]
|
|-weather|RainDance|[upkeep]
|upkeep
|
|t:|1759032542
|switch|p2a: Predator|Overqwil, M, shiny|70/100
|-activate|p2a: Predator|move: Sticky Web
|-unboost|p2a: Predator|spe|1
|turn|8
|inactive|Phanthom_Ex4 has 120 seconds left.
|
|t:|1759032572
|move|p2a: Predator|Gunk Shot|p1a: Brambleghast
|-enditem|p1a: Brambleghast|Focus Sash
|-damage|p1a: Brambleghast|1/100
|-damage|p2a: Predator|60/100|[from] item: Life Orb
|move|p1a: Brambleghast|Rapid Spin|p2a: Predator
|-damage|p2a: Predator|43/100
|-boost|p1a: Brambleghast|spe|1
|-sideend|p1: Phanthom_Ex4|Stealth Rock|[from] move: Rapid Spin|[of] p1a: Brambleghast
|
|-weather|none
|upkeep
|turn|9
|inactive|Phanthom_Ex4 has 120 seconds left.
|
|t:|1759032584
|move|p1a: Brambleghast|Power Whip|p2a: Predator
|-resisted|p2a: Predator
|-damage|p2a: Predator|10/100
|move|p2a: Predator|Liquidation|p1a: Brambleghast
|-resisted|p1a: Brambleghast
|-damage|p1a: Brambleghast|0 fnt
|faint|p1a: Brambleghast
|-damage|p2a: Predator|0 fnt|[from] item: Life Orb
|faint|p2a: Predator
|
|upkeep
|inactive|Phanthom_Ex4 has 120 seconds left.
|
|t:|1759032597
|switch|p1a: Jolteon|Jolteon, F|100/100
|switch|p2a: Rage|Iron Treads, shiny|100/100
|-activate|p2a: Rage|move: Sticky Web
|-unboost|p2a: Rage|spe|1
|turn|10
|
|t:|1759032600
|move|p1a: Jolteon|Protect|p1a: Jolteon
|-singleturn|p1a: Jolteon|Protect
|move|p2a: Rage|Rapid Spin|p1a: Jolteon
|-activate|p1a: Jolteon|move: Protect
|
|-status|p1a: Jolteon|brn|[from] item: Flame Orb
|upkeep
|turn|11
|
|t:|1759032610
|switch|p1a: Jirachi|Jirachi|100/100
|move|p2a: Rage|Rapid Spin|p1a: Jirachi
|-resisted|p1a: Jirachi
|-damage|p1a: Jirachi|97/100
|-boost|p2a: Rage|spe|1
|-sideend|p2: dark besk|Sticky Web|[from] move: Rapid Spin|[of] p2a: Rage
|
|-heal|p1a: Jirachi|100/100|[from] item: Leftovers
|upkeep
|turn|12
|
|t:|1759032617
|-end|p2a: Rage|Quark Drive|[silent]
|switch|p2a: Messenger|Pelipper, M, shiny|100/100
|-weather|RainDance|[from] ability: Drizzle|[of] p2a: Messenger
|move|p1a: Jirachi|Stealth Rock|p2a: Messenger
|-sidestart|p2: dark besk|move: Stealth Rock
|
|-weather|RainDance|[upkeep]
|upkeep
|turn|13
|
|t:|1759032620
|move|p2a: Messenger|Surf|p1a: Jirachi
|-damage|p1a: Jirachi|48/100
|move|p1a: Jirachi|Doom Desire|p2a: Messenger
|-start|p1a: Jirachi|Doom Desire
|
|-weather|RainDance|[upkeep]
|-heal|p1a: Jirachi|54/100|[from] item: Leftovers
|upkeep
|turn|14
|
|t:|1759032630
|move|p2a: Messenger|Surf|p1a: Jirachi
|-damage|p1a: Jirachi|8/100
|move|p1a: Jirachi|Thunder Wave|p2a: Messenger
|-status|p2a: Messenger|par
|
|-weather|RainDance|[upkeep]
|-heal|p1a: Jirachi|14/100|[from] item: Leftovers
|upkeep
|turn|15
|
|t:|1759032640
|switch|p1a: Okidogi|Okidogi, M|100/100
|move|p2a: Messenger|Surf|p1a: Okidogi
|-damage|p1a: Okidogi|55/100
|
|-weather|RainDance|[upkeep]
|-end|p2a: Messenger|move: Doom Desire
|-resisted|p2a: Messenger
|-damage|p2a: Messenger|53/100 par
|upkeep
|turn|16
|
|t:|1759032647
|move|p1a: Okidogi|Drain Punch|p2a: Messenger
|-resisted|p2a: Messenger
|-damage|p2a: Messenger|30/100 par
|-heal|p1a: Okidogi|65/100|[from] drain|[of] p2a: Messenger
|move|p2a: Messenger|U-turn|p1a: Okidogi
|-resisted|p1a: Okidogi
|-damage|p1a: Okidogi|63/100
|
|t:|1759032652
|switch|p2a: Jaws|Basculegion, M, shiny|100/100|[from] U-turn
|-damage|p2a: Jaws|88/100|[from] Stealth Rock
|
|-weather|RainDance|[upkeep]
|upkeep
|turn|17
|inactive|Phanthom_Ex4 has 120 seconds left.
|
|t:|1759032682
|switch|p1a: Jirachi|Jirachi|14/100
|-terastallize|p2a: Jaws|Water
|move|p2a: Jaws|Wave Crash|p1a: Jirachi
|-damage|p1a: Jirachi|0 fnt
|faint|p1a: Jirachi
|-damage|p2a: Jaws|83/100|[from] Recoil
|
|-weather|RainDance|[upkeep]
|upkeep
|inactive|Phanthom_Ex4 has 120 seconds left.
|inactive|Phanthom_Ex4 has 90 seconds left.
|
|t:|1759032718
|switch|p1a: Arcanine|Arcanine-Hisui, M|100/100
|turn|18
|
|t:|1759032735
|switch|p2a: Leviathan|Dragapult, M, shiny|100/100
|-damage|p2a: Leviathan|88/100|[from] Stealth Rock
|move|p1a: Arcanine|Extreme Speed|p2a: Leviathan
|-immune|p2a: Leviathan
|
|-weather|RainDance|[upkeep]
|upkeep
|turn|19
|inactive|Phanthom_Ex4 has 90 seconds left.
|
|t:|1759032762
|switch|p1a: Jolteon|Jolteon, F|100/100 brn
|move|p2a: Leviathan|Draco Meteor|p1a: Jolteon
|-damage|p1a: Jolteon|11/100 brn
|-unboost|p2a: Leviathan|spa|2
|-damage|p2a: Leviathan|78/100|[from] item: Life Orb
|
|-weather|none
|-damage|p1a: Jolteon|5/100 brn|[from] brn
|upkeep
|turn|20
|
|t:|1759032766
|-terastallize|p1a: Jolteon|Ice
|move|p1a: Jolteon|Tera Blast|p2a: Leviathan|[anim] Tera Blast Ice
|-supereffective|p2a: Leviathan
|-damage|p2a: Leviathan|0 fnt
|faint|p2a: Leviathan
|
|-damage|p1a: Jolteon|0 fnt|[from] brn
|faint|p1a: Jolteon
|upkeep
|
|t:|1759032775
|switch|p2a: Messenger|Pelipper, M, shiny|30/100 par
|switch|p1a: Okidogi|Okidogi, M|63/100
|-damage|p2a: Messenger|5/100 par|[from] Stealth Rock
|-weather|RainDance|[from] ability: Drizzle|[of] p2a: Messenger
|turn|21
|
|t:|1759032778
|move|p1a: Okidogi|Drain Punch|p2a: Messenger
|-resisted|p2a: Messenger
|-damage|p2a: Messenger|0 fnt
|-heal|p1a: Okidogi|65/100|[from] drain|[of] p2a: Messenger
|faint|p2a: Messenger
|
|-weather|RainDance|[upkeep]
|upkeep
|
|t:|1759032784
|switch|p2a: Jaws|Basculegion, M, shiny, tera:Water|83/100
|-damage|p2a: Jaws|71/100|[from] Stealth Rock
|turn|22
|
|t:|1759032793
|move|p1a: Okidogi|Drain Punch|p2a: Jaws
|-crit|p2a: Jaws
|-damage|p2a: Jaws|0 fnt
|-heal|p1a: Okidogi|100/100|[from] drain|[of] p2a: Jaws
|faint|p2a: Jaws
|
|-weather|RainDance|[upkeep]
|upkeep
|c|☆dark besk|noooo
|c|☆dark besk|I played well
|c|☆dark besk|Rng
|
|t:|1759032819
|switch|p2a: Rage|Iron Treads, shiny|100/100
|-damage|p2a: Rage|97/100|[from] Stealth Rock
|turn|23
|c|☆Phanthom_Ex4|What? No Swift Swim?
|inactive|Phanthom_Ex4 has 120 seconds left.
|c|☆dark besk|Adapt
|c|☆Phanthom_Ex4|Lol
|
|t:|1759032837
|move|p2a: Rage|Thunder|p1a: Okidogi
|-damage|p1a: Okidogi|80/100
|move|p1a: Okidogi|Drain Punch|p2a: Rage
|-supereffective|p2a: Rage
|-crit|p2a: Rage
|-damage|p2a: Rage|0 fnt
|-heal|p1a: Okidogi|100/100|[from] drain|[of] p2a: Rage
|faint|p2a: Rage
|-end|p2a: Rage|Quark Drive|[silent]
|
|win|Phanthom_Ex4
|raw|Phanthom_Ex4's rating: 1364 &rarr; <strong>1382</strong><br />(+18 for winning)
|raw|dark besk's rating: 1331 &rarr; <strong>1313</strong><br />(-18 for losing)
|c|☆dark besk|It can tank anything
|l|☆dark besk
|player|p2|
|c|☆Phanthom_Ex4|Seems not allá
