|j|☆toohightofly
|j|☆primarinaboy19
|t:|1759036840
|gametype|singles
|player|p1|toohightofly|marshal|1212
|player|p2|primarinaboy19|lucian|1203
|gen|9
|tier|[Gen 9] OU
|rated|
|rule|HP Percentage Mod: HP is shown in percentages
|rule|Endless Battle Clause: Forcing endless battles is banned
|rule|Species Clause: Limit one of each Pokémon
|rule|OHKO Clause: OHKO moves are banned
|rule|Evasion Items Clause: Evasion items are banned
|rule|Evasion Moves Clause: Evasion moves are banned
|rule|Evasion Abilities Clause: Evasion abilities are banned
|rule|Sleep Moves Clause: Sleep-inducing moves are banned
|clearpoke
|poke|p1|Alomomola, F|
|poke|p1|Dragalge, F|
|poke|p1|Lokix, M|
|poke|p1|Great Tusk|
|poke|p1|Gholdengo|
|poke|p1|Moltres|
|poke|p2|Iron Moth|
|poke|p2|Araquanid, M|
|poke|p2|Garganacl, F|
|poke|p2|Kingambit, F|
|poke|p2|Weezing-Galar, F|
|poke|p2|Dragapult, M|
|teampreview
|
|t:|1759036860
|teamsize|p1|6
|teamsize|p2|6
|start
|switch|p1a: Great Tusk|Great Tusk|100/100
|switch|p2a: Araquanid|Araquanid, M|100/100
|turn|1
|
|t:|1759036870
|-terastallize|p1a: Great Tusk|Dragon
|move|p1a: Great Tusk|Stealth Rock|p2a: Araquanid
|-sidestart|p2: primarinaboy19|move: Stealth Rock
|move|p2a: Araquanid|Liquidation|p1a: Great Tusk
|-resisted|p1a: Great Tusk
|-damage|p1a: Great Tusk|74/100
|-unboost|p1a: Great Tusk|def|1
|
|upkeep
|turn|2
|
|t:|1759036879
|-terastallize|p2a: Araquanid|Water
|move|p1a: Great Tusk|Rapid Spin|p2a: Araquanid
|-crit|p2a: Araquanid
|-damage|p2a: Araquanid|73/100
|-boost|p1a: Great Tusk|spe|1
|move|p2a: Araquanid|Liquidation|p1a: Great Tusk
|-resisted|p1a: Great Tusk
|-damage|p1a: Great Tusk|22/100
|
|upkeep
|turn|3
|
|t:|1759036886
|move|p1a: Great Tusk|Rapid Spin|p2a: Araquanid
|-damage|p2a: Araquanid|53/100
|-boost|p1a: Great Tusk|spe|1
|move|p2a: Araquanid|Liquidation|p1a: Great Tusk
|-resisted|p1a: Great Tusk
|-damage|p1a: Great Tusk|0 fnt
|faint|p1a: Great Tusk
|-end|p1a: Great Tusk|Protosynthesis|[silent]
|
|upkeep
|
|t:|1759036894
|switch|p1a: Lokix|Lokix, M|100/100
|turn|4
|
|t:|1759036898
|move|p1a: Lokix|Knock Off|p2a: Araquanid
|-damage|p2a: Araquanid|0 fnt
|-enditem|p2a: Araquanid|Mystic Water|[from] move: Knock Off|[of] p1a: Lokix
|faint|p2a: Araquanid
|
|upkeep
|
|t:|1759036918
|switch|p2a: Kingambit|Kingambit, F|100/100
|-damage|p2a: Kingambit|94/100|[from] Stealth Rock
|turn|5
|
|t:|1759036924
|move|p1a: Lokix|Knock Off|p2a: Kingambit
|-resisted|p2a: Kingambit
|-damage|p2a: Kingambit|47/100
|-enditem|p2a: Kingambit|Assault Vest|[from] move: Knock Off|[of] p1a: Lokix
|move|p2a: Kingambit|Iron Head|p1a: Lokix
|-damage|p1a: Lokix|32/100
|
|upkeep
|turn|6
|
|t:|1759036932
|switch|p1a: Moltres|Moltres|100/100
|move|p2a: Kingambit|Sucker Punch||[still]
|-fail|p2a: Kingambit
|
|upkeep
|turn|7
|
|t:|1759036937
|switch|p2a: Weezing|Weezing-Galar, F|100/100
|-damage|p2a: Weezing|88/100|[from] Stealth Rock
|move|p1a: Moltres|U-turn|p2a: Weezing
|-resisted|p2a: Weezing
|-damage|p2a: Weezing|85/100
|
|t:|1759036946
|switch|p1a: Gholdengo|Gholdengo|100/100|[from] U-turn
|
|upkeep
|turn|8
|
|t:|1759036952
|move|p1a: Gholdengo|Make It Rain|p2a: Weezing
|-supereffective|p2a: Weezing
|-damage|p2a: Weezing|0 fnt
|-unboost|p1a: Gholdengo|spa|1
|faint|p2a: Weezing
|
|upkeep
|
|t:|1759036955
|switch|p2a: Iron Moth|Iron Moth|100/100
|-damage|p2a: Iron Moth|76/100|[from] Stealth Rock
|turn|9
|
|t:|1759036961
|switch|p1a: Alomomola|Alomomola, F|100/100
|move|p2a: Iron Moth|Fiery Dance|p1a: Alomomola
|-resisted|p1a: Alomomola
|-damage|p1a: Alomomola|82/100
|-boost|p2a: Iron Moth|spa|1
|-damage|p2a: Iron Moth|66/100|[from] item: Life Orb
|
|upkeep
|turn|10
|
|t:|1759036966
|move|p2a: Iron Moth|Energy Ball|p1a: Alomomola
|-supereffective|p1a: Alomomola
|-damage|p1a: Alomomola|2/100
|-damage|p2a: Iron Moth|56/100|[from] item: Life Orb
|move|p1a: Alomomola|Flip Turn|p2a: Iron Moth
|-supereffective|p2a: Iron Moth
|-damage|p2a: Iron Moth|0 fnt
|faint|p2a: Iron Moth
|-end|p2a: Iron Moth|Quark Drive|[silent]
|
|t:|1759036977
|switch|p1a: Lokix|Lokix, M|32/100|[from] Flip Turn
|
|upkeep
|
|t:|1759036984
|switch|p2a: Garganacl|Garganacl, F|100/100
|-damage|p2a: Garganacl|88/100|[from] Stealth Rock
|turn|11
|
|t:|1759036991
|move|p1a: Lokix|U-turn|p2a: Garganacl
|-damage|p2a: Garganacl|53/100
|
|t:|1759036994
|switch|p1a: Alomomola|Alomomola, F|35/100|[from] U-turn
|move|p2a: Garganacl|Stealth Rock|p1a: Alomomola
|-sidestart|p1: toohightofly|move: Stealth Rock
|
|-heal|p2a: Garganacl|59/100|[from] item: Leftovers
|upkeep
|turn|12
|
|t:|1759036997
|move|p1a: Alomomola|Flip Turn|p2a: Garganacl
|-supereffective|p2a: Garganacl
|-damage|p2a: Garganacl|36/100
|
|t:|1759037002
|switch|p1a: Lokix|Lokix, M|32/100|[from] Flip Turn
|-damage|p1a: Lokix|7/100|[from] Stealth Rock
|move|p2a: Garganacl|Salt Cure|p1a: Lokix
|-supereffective|p1a: Lokix
|-damage|p1a: Lokix|0 fnt
|faint|p1a: Lokix
|
|-heal|p2a: Garganacl|42/100|[from] item: Leftovers
|upkeep
|
|t:|1759037008
|switch|p1a: Gholdengo|Gholdengo|100/100
|-damage|p1a: Gholdengo|94/100|[from] Stealth Rock
|turn|13
|
|t:|1759037012
|move|p1a: Gholdengo|Trick|p2a: Garganacl
|-activate|p1a: Gholdengo|move: Trick|[of] p2a: Garganacl
|-item|p2a: Garganacl|Choice Scarf|[from] move: Trick
|-item|p1a: Gholdengo|Leftovers|[from] move: Trick
|move|p2a: Garganacl|Salt Cure|p1a: Gholdengo
|-resisted|p1a: Gholdengo
|-damage|p1a: Gholdengo|87/100
|-start|p1a: Gholdengo|Salt Cure
|
|-heal|p1a: Gholdengo|93/100|[from] item: Leftovers
|-damage|p1a: Gholdengo|68/100|[from] Salt Cure
|upkeep
|turn|14
|
|t:|1759037017
|move|p1a: Gholdengo|Make It Rain|p2a: Garganacl
|-supereffective|p2a: Garganacl
|-damage|p2a: Garganacl|0 fnt
|-unboost|p1a: Gholdengo|spa|1
|faint|p2a: Garganacl
|
|-heal|p1a: Gholdengo|74/100|[from] item: Leftovers
|-damage|p1a: Gholdengo|49/100|[from] Salt Cure
|upkeep
|
|t:|1759037021
|switch|p2a: Kingambit|Kingambit, F|47/100
|-damage|p2a: Kingambit|41/100|[from] Stealth Rock
|turn|15
|
|t:|1759037025
|move|p1a: Gholdengo|Dazzling Gleam|p2a: Kingambit
|-damage|p2a: Kingambit|21/100
|move|p2a: Kingambit|Kowtow Cleave|p1a: Gholdengo
|-supereffective|p1a: Gholdengo
|-damage|p1a: Gholdengo|0 fnt
|faint|p1a: Gholdengo
|
|upkeep
|
|t:|1759037032
|switch|p1a: Moltres|Moltres|100/100
|turn|16
|
|t:|1759037036
|move|p1a: Moltres|Flamethrower|p2a: Kingambit
|-supereffective|p2a: Kingambit
|-damage|p2a: Kingambit|0 fnt
|faint|p2a: Kingambit
|
|upkeep
|
|t:|1759037039
|switch|p2a: Dragapult|Dragapult, M|100/100
|-damage|p2a: Dragapult|88/100|[from] Stealth Rock
|turn|17
|
|t:|1759037044
|move|p2a: Dragapult|Dragon Darts|p1a: Moltres
|-damage|p1a: Moltres|72/100
|-anim|p2a: Dragapult|Dragon Darts|p1a: Moltres
|-damage|p1a: Moltres|43/100
|move|p1a: Moltres|U-turn|p2a: Dragapult
|-resisted|p2a: Dragapult
|-damage|p2a: Dragapult|78/100
|
|t:|1759037055
|switch|p1a: Alomomola|Alomomola, F|68/100|[from] U-turn
|-damage|p1a: Alomomola|56/100|[from] Stealth Rock
|
|upkeep
|turn|18
|
|t:|1759037060
|switch|p1a: Moltres|Moltres|43/100
|move|p2a: Dragapult|Dragon Darts|p1a: Moltres
|-damage|p1a: Moltres|16/100
|-anim|p2a: Dragapult|Dragon Darts|p1a: Moltres
|-damage|p1a: Moltres|0 fnt
|faint|p1a: Moltres
|
|upkeep
|
|t:|1759037063
|switch|p1a: Alomomola|Alomomola, F|89/100
|-damage|p1a: Alomomola|77/100|[from] Stealth Rock
|turn|19
|
|t:|1759037069
|move|p2a: Dragapult|Dragon Darts|p1a: Alomomola
|-damage|p1a: Alomomola|58/100
|-anim|p2a: Dragapult|Dragon Darts|p1a: Alomomola
|-damage|p1a: Alomomola|40/100
|move|p1a: Alomomola|Scald|p2a: Dragapult
|-resisted|p2a: Dragapult
|-damage|p2a: Dragapult|69/100
|
|upkeep
|turn|20
|inactive|Battle timer is ON: inactive players will automatically lose when time's up. (requested by toohightofly)
|
|t:|1759037109
|move|p2a: Dragapult|Dragon Darts|p1a: Alomomola
|-damage|p1a: Alomomola|20/100
|-anim|p2a: Dragapult|Dragon Darts|p1a: Alomomola
|-damage|p1a: Alomomola|1/100
|move|p1a: Alomomola|Scald|p2a: Dragapult
|-resisted|p2a: Dragapult
|-damage|p2a: Dragapult|60/100
|
|upkeep
|turn|21
|
|t:|1759037117
|move|p2a: Dragapult|Dragon Darts|p1a: Alomomola
|-damage|p1a: Alomomola|0 fnt
|faint|p1a: Alomomola
|
|upkeep
|
|t:|1759037119
|switch|p1a: Dragalge|Dragalge, F|100/100
|-damage|p1a: Dragalge|88/100|[from] Stealth Rock
|turn|22
|c|☆toohightofly|gg
|
|t:|1759037126
|move|p2a: Dragapult|Dragon Darts|p1a: Dragalge
|-supereffective|p1a: Dragalge
|-damage|p1a: Dragalge|21/100
|-anim|p2a: Dragapult|Dragon Darts|p1a: Dragalge
|-supereffective|p1a: Dragalge
|-damage|p1a: Dragalge|0 fnt
|faint|p1a: Dragalge
|
|win|primarinaboy19
|raw|toohightofly's rating: 1212 &rarr; <strong>1186</strong><br />(-26 for losing)
|raw|primarinaboy19's rating: 1203 &rarr; <strong>1229</strong><br />(+26 for winning)
|l|☆primarinaboy19
|player|p2|
|l|☆toohightofly
|player|p1|
