|j|☆Mky27
|j|☆yoke tv
|t:|1759049240
|gametype|singles
|player|p1|Mky27|ltsurge|1574
|player|p2|yoke tv|1|1576
|gen|9
|tier|[Gen 9] OU
|rated|
|rule|HP Percentage Mod: HP is shown in percentages
|rule|Endless Battle Clause: Forcing endless battles is banned
|rule|Species Clause: Limit one of each Pokémon
|rule|OHKO Clause: OHKO moves are banned
|rule|Evasion Items Clause: Evasion items are banned
|rule|Evasion Moves Clause: Evasion moves are banned
|rule|Evasion Abilities Clause: Evasion abilities are banned
|rule|Sleep Moves Clause: Sleep-inducing moves are banned
|clearpoke
|poke|p1|Walking Wake|
|poke|p1|Great Tusk|
|poke|p1|Torkoal, F|
|poke|p1|Indeedee, M|
|poke|p1|Exeggutor, M|
|poke|p1|Kingambit, M|
|poke|p2|Great Tusk|
|poke|p2|Ting-Lu|
|poke|p2|Skarmory, M|
|poke|p2|Meowscarada, M|
|poke|p2|Kyurem|
|poke|p2|Slowking-Galar, M|
|teampreview
|inactive|Battle timer is ON: inactive players will automatically lose when time's up. (requested by Mky27)
|inactive|yoke tv has 120 seconds left.
|
|t:|1759049272
|teamsize|p1|6
|teamsize|p2|6
|start
|switch|p1a: Trollkoal|Torkoal, F, shiny|100/100
|switch|p2a: Slowking|Slowking-Galar, M|100/100
|-weather|SunnyDay|[from] ability: Drought|[of] p1a: Trollkoal
|turn|1
|
|t:|1759049280
|-prepare|p2a: Slowking|Chilly Reception|[premajor]
|move|p2a: Slowking|Chilly Reception|p2a: Slowking
|-weather|Snowscape
|
|t:|1759049284
|switch|p2a: Ting-Lu|Ting-Lu|100/100|[from] Chilly Reception
|-ability|p2a: Ting-Lu|Vessel of Ruin
|move|p1a: Trollkoal|Stealth Rock|p2a: Ting-Lu
|-sidestart|p2: yoke tv|move: Stealth Rock
|
|-weather|Snowscape|[upkeep]
|upkeep
|turn|2
|
|t:|1759049293
|switch|p1a: Exxegcutor|Exeggutor, M, shiny|100/100
|move|p2a: Ting-Lu|Stealth Rock|p1a: Exxegcutor
|-sidestart|p1: Mky27|move: Stealth Rock
|
|-weather|Snowscape|[upkeep]
|upkeep
|turn|3
|
|t:|1759049315
|move|p1a: Exxegcutor|Energy Ball|p2a: Ting-Lu
|-supereffective|p2a: Ting-Lu
|-damage|p2a: Ting-Lu|54/100
|move|p2a: Ting-Lu|Ruination|p1a: Exxegcutor
|-damage|p1a: Exxegcutor|51/100
|
|-weather|Snowscape|[upkeep]
|-heal|p2a: Ting-Lu|61/100|[from] item: Leftovers
|upkeep
|turn|4
|
|t:|1759049334
|switch|p2a: Skarmory|Skarmory, M|100/100
|-damage|p2a: Skarmory|88/100|[from] Stealth Rock
|move|p1a: Exxegcutor|Expanding Force|p2a: Skarmory
|-resisted|p2a: Skarmory
|-damage|p2a: Skarmory|58/100
|
|-weather|Snowscape|[upkeep]
|upkeep
|turn|5
|
|t:|1759049350
|-terastallize|p1a: Exxegcutor|Fire
|move|p1a: Exxegcutor|Tera Blast|p2a: Skarmory|[anim] Tera Blast Fire
|-supereffective|p2a: Skarmory
|-damage|p2a: Skarmory|0 fnt
|faint|p2a: Skarmory
|
|-weather|none
|upkeep
|
|t:|1759049356
|switch|p2a: Great Tusk|Great Tusk|100/100
|turn|6
|
|t:|1759049363
|move|p2a: Great Tusk|Headlong Rush|p1a: Exxegcutor
|-supereffective|p1a: Exxegcutor
|-damage|p1a: Exxegcutor|0 fnt
|-unboost|p2a: Great Tusk|def|1
|-unboost|p2a: Great Tusk|spd|1
|faint|p1a: Exxegcutor
|
|upkeep
|
|t:|1759049376
|switch|p1a: PaleoRaptor|Walking Wake|100/100
|-damage|p1a: PaleoRaptor|88/100|[from] Stealth Rock
|turn|7
|
|t:|1759049382
|-end|p2a: Great Tusk|Protosynthesis|[silent]
|switch|p2a: Slowking|Slowking-Galar, M|100/100
|move|p1a: PaleoRaptor|Flip Turn|p2a: Slowking
|-damage|p2a: Slowking|80/100
|
|t:|1759049388
|-end|p1a: PaleoRaptor|Protosynthesis|[silent]
|switch|p1a: Paleomut|Great Tusk, shiny|100/100|[from] Flip Turn
|-damage|p1a: Paleomut|97/100|[from] Stealth Rock
|
|-heal|p1a: Paleomut|100/100|[from] item: Leftovers
|upkeep
|turn|8
|
|t:|1759049397
|move|p1a: Paleomut|Rapid Spin|p2a: Slowking
|-damage|p2a: Slowking|65/100
|-boost|p1a: Paleomut|spe|1
|-sideend|p1: Mky27|Stealth Rock|[from] move: Rapid Spin|[of] p1a: Paleomut
|move|p2a: Slowking|Future Sight|p1a: Paleomut
|-start|p2a: Slowking|move: Future Sight
|
|upkeep
|turn|9
|
|t:|1759049404
|switch|p2a: Ting-Lu|Ting-Lu|61/100
|-damage|p2a: Ting-Lu|54/100|[from] Stealth Rock
|-ability|p2a: Ting-Lu|Vessel of Ruin
|move|p1a: Paleomut|Headlong Rush|p2a: Ting-Lu
|-damage|p2a: Ting-Lu|27/100
|-unboost|p1a: Paleomut|def|1
|-unboost|p1a: Paleomut|spd|1
|
|-heal|p2a: Ting-Lu|33/100|[from] item: Leftovers
|upkeep
|turn|10
|
|t:|1759049417
|-end|p1a: Paleomut|Protosynthesis|[silent]
|switch|p1a: Kingsharp|Kingambit, M|100/100
|move|p2a: Ting-Lu|Earthquake|p1a: Kingsharp
|-supereffective|p1a: Kingsharp
|-damage|p1a: Kingsharp|46/100
|
|-end|p1a: Kingsharp|move: Future Sight
|-immune|p1a: Kingsharp
|-heal|p2a: Ting-Lu|39/100|[from] item: Leftovers
|upkeep
|turn|11
|
|t:|1759049428
|move|p1a: Kingsharp|Brick Break|p2a: Ting-Lu
|-supereffective|p2a: Ting-Lu
|-damage|p2a: Ting-Lu|16/100
|move|p2a: Ting-Lu|Stealth Rock|p1a: Kingsharp
|-sidestart|p1: Mky27|move: Stealth Rock
|
|-heal|p2a: Ting-Lu|22/100|[from] item: Leftovers
|upkeep
|turn|12
|
|t:|1759049441
|switch|p2a: Meowscarada|Meowscarada, M|100/100
|move|p1a: Kingsharp|Brick Break|p2a: Meowscarada
|-supereffective|p2a: Meowscarada
|-damage|p2a: Meowscarada|30/100
|
|upkeep
|turn|13
|
|t:|1759049452
|switch|p2a: Great Tusk|Great Tusk|100/100
|switch|p1a: Trollkoal|Torkoal, F, shiny|100/100
|-damage|p1a: Trollkoal|76/100|[from] Stealth Rock
|-weather|SunnyDay|[from] ability: Drought|[of] p1a: Trollkoal
|-activate|p2a: Great Tusk|ability: Protosynthesis
|-start|p2a: Great Tusk|protosynthesisatk
|
|-weather|SunnyDay|[upkeep]
|upkeep
|turn|14
|
|t:|1759049467
|switch|p1a: Paleomut|Great Tusk, shiny|100/100
|-damage|p1a: Paleomut|97/100|[from] Stealth Rock
|-activate|p1a: Paleomut|ability: Protosynthesis
|-start|p1a: Paleomut|protosynthesisspe
|move|p2a: Great Tusk|Headlong Rush|p1a: Paleomut
|-damage|p1a: Paleomut|47/100
|-unboost|p2a: Great Tusk|def|1
|-unboost|p2a: Great Tusk|spd|1
|
|-weather|SunnyDay|[upkeep]
|-heal|p1a: Paleomut|53/100|[from] item: Leftovers
|upkeep
|turn|15
|
|t:|1759049483
|move|p1a: Paleomut|Bulk Up|p1a: Paleomut
|-boost|p1a: Paleomut|atk|1
|-boost|p1a: Paleomut|def|1
|move|p2a: Great Tusk|Rapid Spin|p1a: Paleomut
|-damage|p1a: Paleomut|43/100
|-boost|p2a: Great Tusk|spe|1
|-sideend|p2: yoke tv|Stealth Rock|[from] move: Rapid Spin|[of] p2a: Great Tusk
|
|-weather|SunnyDay|[upkeep]
|-heal|p1a: Paleomut|50/100|[from] item: Leftovers
|upkeep
|turn|16
|
|t:|1759049502
|move|p1a: Paleomut|Rapid Spin|p2a: Great Tusk
|-damage|p2a: Great Tusk|78/100
|-boost|p1a: Paleomut|spe|1
|-sideend|p1: Mky27|Stealth Rock|[from] move: Rapid Spin|[of] p1a: Paleomut
|move|p2a: Great Tusk|Ice Spinner|p1a: Paleomut
|-supereffective|p1a: Paleomut
|-damage|p1a: Paleomut|18/100
|
|-weather|SunnyDay|[upkeep]
|-heal|p1a: Paleomut|24/100|[from] item: Leftovers
|upkeep
|turn|17
|
|t:|1759049514
|move|p1a: Paleomut|Ice Spinner|p2a: Great Tusk
|-supereffective|p2a: Great Tusk
|-damage|p2a: Great Tusk|0 fnt
|faint|p2a: Great Tusk
|-end|p2a: Great Tusk|Protosynthesis|[silent]
|
|-weather|SunnyDay|[upkeep]
|-heal|p1a: Paleomut|30/100|[from] item: Leftovers
|upkeep
|
|t:|1759049519
|switch|p2a: Slowking|Slowking-Galar, M|99/100
|turn|18
|
|t:|1759049525
|-terastallize|p2a: Slowking|Water
|move|p1a: Paleomut|Headlong Rush|p2a: Slowking
|-damage|p2a: Slowking|19/100
|-unboost|p1a: Paleomut|def|1
|-unboost|p1a: Paleomut|spd|1
|-prepare|p2a: Slowking|Chilly Reception|[premajor]
|move|p2a: Slowking|Chilly Reception|p2a: Slowking
|-weather|Snowscape
|-end|p1a: Paleomut|Protosynthesis
|
|t:|1759049532
|switch|p2a: Kyurem|Kyurem|100/100|[from] Chilly Reception
|-ability|p2a: Kyurem|Pressure
|
|-weather|Snowscape|[upkeep]
|-heal|p1a: Paleomut|36/100|[from] item: Leftovers
|upkeep
|turn|19
|
|t:|1759049549
|-end|p1a: Paleomut|Protosynthesis|[silent]
|switch|p1a: Trollkoal|Torkoal, F, shiny|76/100
|-weather|SunnyDay|[from] ability: Drought|[of] p1a: Trollkoal
|move|p2a: Kyurem|Earth Power|p1a: Trollkoal
|-supereffective|p1a: Trollkoal
|-damage|p1a: Trollkoal|0 fnt
|faint|p1a: Trollkoal
|
|-weather|SunnyDay|[upkeep]
|upkeep
|inactive|Mky27 has 120 seconds left.
|
|t:|1759049577
|switch|p1a: PaleoRaptor|Walking Wake|88/100
|-activate|p1a: PaleoRaptor|ability: Protosynthesis
|-start|p1a: PaleoRaptor|protosynthesisspe
|turn|20
|inactive|Mky27 has 120 seconds left.
|
|t:|1759049591
|switch|p2a: Ting-Lu|Ting-Lu|22/100
|-ability|p2a: Ting-Lu|Vessel of Ruin
|move|p1a: PaleoRaptor|Hydro Steam|p2a: Ting-Lu
|-supereffective|p2a: Ting-Lu
|-damage|p2a: Ting-Lu|0 fnt
|faint|p2a: Ting-Lu
|
|-weather|SunnyDay|[upkeep]
|upkeep
|
|t:|1759049596
|switch|p2a: Slowking|Slowking-Galar, M, tera:Water|52/100
|turn|21
|
|t:|1759049604
|move|p1a: PaleoRaptor|Draco Meteor|p2a: Slowking
|-damage|p2a: Slowking|13/100
|-unboost|p1a: PaleoRaptor|spa|2
|-prepare|p2a: Slowking|Chilly Reception|[premajor]
|move|p2a: Slowking|Chilly Reception|p2a: Slowking
|-weather|Snowscape
|-end|p1a: PaleoRaptor|Protosynthesis
|
|t:|1759049621
|switch|p2a: Kyurem|Kyurem|100/100|[from] Chilly Reception
|-ability|p2a: Kyurem|Pressure
|
|-weather|Snowscape|[upkeep]
|upkeep
|turn|22
|
|t:|1759049630
|move|p1a: PaleoRaptor|Draco Meteor|p2a: Kyurem
|-supereffective|p2a: Kyurem
|-damage|p2a: Kyurem|36/100
|-unboost|p1a: PaleoRaptor|spa|2
|move|p2a: Kyurem|Blizzard|p1a: PaleoRaptor
|-damage|p1a: PaleoRaptor|0 fnt
|faint|p1a: PaleoRaptor
|-end|p1a: PaleoRaptor|Protosynthesis|[silent]
|
|-weather|Snowscape|[upkeep]
|upkeep
|
|t:|1759049644
|switch|p1a: Indimacho|Indeedee, M|100/100
|-fieldstart|move: Psychic Terrain|[from] ability: Psychic Surge|[of] p1a: Indimacho
|turn|23
|
|t:|1759049651
|move|p1a: Indimacho|Dazzling Gleam|p2a: Kyurem
|-supereffective|p2a: Kyurem
|-damage|p2a: Kyurem|0 fnt
|faint|p2a: Kyurem
|
|-weather|Snowscape|[upkeep]
|upkeep
|
|t:|1759049656
|switch|p2a: Meowscarada|Meowscarada, M|30/100
|turn|24
|
|t:|1759049661
|move|p1a: Indimacho|Dazzling Gleam|p2a: Meowscarada
|-supereffective|p2a: Meowscarada
|-damage|p2a: Meowscarada|0 fnt
|faint|p2a: Meowscarada
|
|-weather|Snowscape|[upkeep]
|upkeep
|
|t:|1759049663
|switch|p2a: Slowking|Slowking-Galar, M, tera:Water|46/100
|turn|25
|-message|yoke tv forfeited.
|
|win|Mky27
|raw|Mky27's rating: 1574 &rarr; <strong>1593</strong><br />(+19 for winning)
|raw|yoke tv's rating: 1559 &rarr; <strong>1540</strong><br />(-19 for losing)
|l|☆yoke tv
|player|p2|
|l|☆Mky27
|player|p1|
