|j|☆kuraiyagare
|j|☆Free Pooh Shiesty
|t:|1759022012
|gametype|singles
|player|p1|kuraiyagare|mars|1329
|player|p2|Free Pooh Shiesty|burglar|1325
|gen|9
|tier|[Gen 9] OU
|rated|
|rule|HP Percentage Mod: HP is shown in percentages
|rule|Endless Battle Clause: Forcing endless battles is banned
|rule|Species Clause: Limit one of each Pokémon
|rule|OHKO Clause: OHKO moves are banned
|rule|Evasion Items Clause: Evasion items are banned
|rule|Evasion Moves Clause: Evasion moves are banned
|rule|Evasion Abilities Clause: Evasion abilities are banned
|rule|Sleep Moves Clause: Sleep-inducing moves are banned
|clearpoke
|poke|p1|Talonflame, F|
|poke|p1|Drifblim, F|
|poke|p1|Bastiodon, M|
|poke|p1|Lokix, F|
|poke|p1|Gardevoir, F|
|poke|p1|Flygon, M|
|poke|p2|Salamence, M|
|poke|p2|Hatterene, F|
|poke|p2|Ting-Lu|
|poke|p2|Scizor, M|
|poke|p2|Pecharunt|
|poke|p2|Zapdos|
|teampreview
|
|t:|1759022032
|teamsize|p1|6
|teamsize|p2|6
|start
|switch|p1a: Gardenia|Gardevoir, F|100/100
|switch|p2a: Zapdos|Zapdos, shiny|100/100
|-ability|p1a: Gardenia|Static|Trace|[from] ability: Trace|[of] p2a: Zapdos
|turn|1
|inactive|Battle timer is ON: inactive players will automatically lose when time's up. (requested by Free Pooh Shiesty)
|
|t:|1759022044
|move|p2a: Zapdos|Volt Switch|p1a: Gardenia
|-damage|p1a: Gardenia|52/100
|-damage|p2a: Zapdos|91/100|[from] item: Life Orb
|
|t:|1759022049
|switch|p2a: Hatterene|Hatterene, F|100/100|[from] Volt Switch
|move|p1a: Gardenia|Moonblast|p2a: Hatterene
|-damage|p2a: Hatterene|60/100
|
|upkeep
|turn|2
|
|t:|1759022059
|move|p1a: Gardenia|Moonblast|p2a: Hatterene
|-damage|p2a: Hatterene|22/100
|move|p2a: Hatterene|Nuzzle|p1a: Gardenia
|-damage|p1a: Gardenia|45/100
|-status|p1a: Gardenia|par
|-status|p2a: Hatterene|par|[from] ability: Static|[of] p1a: Gardenia
|
|upkeep
|turn|3
|inactive|kuraiyagare has 120 seconds left.
|
|t:|1759022100
|switch|p2a: Scizor|Scizor, M|100/100
|cant|p1a: Gardenia|par
|
|upkeep
|turn|4
|
|t:|1759022110
|switch|p1a: Bastiodon|Bastiodon, M|100/100
|move|p2a: Scizor|U-turn|p1a: Bastiodon
|-resisted|p1a: Bastiodon
|-crit|p1a: Bastiodon
|-damage|p1a: Bastiodon|76/100
|
|t:|1759022127
|switch|p2a: Ting-Lu|Ting-Lu, shiny|100/100|[from] U-turn
|-ability|p2a: Ting-Lu|Vessel of Ruin
|
|upkeep
|turn|5
|inactive|kuraiyagare has 120 seconds left.
|
|t:|1759022150
|switch|p1a: Vatra|Talonflame, F|100/100
|move|p2a: Ting-Lu|Earthquake|p1a: Vatra
|-immune|p1a: Vatra
|
|upkeep
|turn|6
|
|t:|1759022155
|move|p1a: Vatra|Will-O-Wisp|p2a: Ting-Lu
|-status|p2a: Ting-Lu|brn
|move|p2a: Ting-Lu|Stealth Rock|p1a: Vatra
|-sidestart|p1: kuraiyagare|move: Stealth Rock
|
|-damage|p2a: Ting-Lu|94/100 brn|[from] brn
|upkeep
|turn|7
|inactive|kuraiyagare has 120 seconds left.
|
|t:|1759022180
|move|p1a: Vatra|Defog|p2a: Ting-Lu
|-unboost|p2a: Ting-Lu|evasion|1
|-sideend|p1: kuraiyagare|Stealth Rock|[from] move: Defog|[of] p1a: Vatra
|move|p2a: Ting-Lu|Ruination|p1a: Vatra
|-damage|p1a: Vatra|51/100
|
|-heal|p2a: Ting-Lu|100/100 brn|[from] item: Leftovers
|-damage|p2a: Ting-Lu|94/100 brn|[from] brn
|upkeep
|turn|8
|inactive|kuraiyagare has 120 seconds left.
|
|t:|1759022188
|switch|p1a: avg linux user|Lokix, F|100/100
|move|p2a: Ting-Lu|Stealth Rock|p1a: avg linux user
|-sidestart|p1: kuraiyagare|move: Stealth Rock
|
|-heal|p2a: Ting-Lu|100/100 brn|[from] item: Leftovers
|-damage|p2a: Ting-Lu|94/100 brn|[from] brn
|upkeep
|turn|9
|
|t:|1759022196
|move|p1a: avg linux user|Knock Off|p2a: Ting-Lu
|-resisted|p2a: Ting-Lu
|-damage|p2a: Ting-Lu|72/100 brn
|-enditem|p2a: Ting-Lu|Leftovers|[from] move: Knock Off|[of] p1a: avg linux user
|move|p2a: Ting-Lu|Ruination|p1a: avg linux user
|-damage|p1a: avg linux user|51/100
|
|-damage|p2a: Ting-Lu|66/100 brn|[from] brn
|upkeep
|turn|10
|inactive|kuraiyagare has 120 seconds left.
|
|t:|1759022232
|move|p1a: avg linux user|Axe Kick|p2a: Ting-Lu
|-supereffective|p2a: Ting-Lu
|-damage|p2a: Ting-Lu|29/100 brn
|move|p2a: Ting-Lu|Whirlwind|p1a: avg linux user
|drag|p1a: Vatra|Talonflame, F|51/100
|
|-damage|p2a: Ting-Lu|22/100 brn|[from] brn
|upkeep
|turn|11
|
|t:|1759022244
|move|p1a: Vatra|Defog|p2a: Ting-Lu
|-unboost|p2a: Ting-Lu|evasion|1
|-sideend|p1: kuraiyagare|Stealth Rock|[from] move: Defog|[of] p1a: Vatra
|move|p2a: Ting-Lu|Whirlwind|p1a: Vatra
|drag|p1a: Flygon|Flygon, M|100/100
|
|-damage|p2a: Ting-Lu|16/100 brn|[from] brn
|upkeep
|turn|12
|inactive|kuraiyagare has 120 seconds left.
|inactive|kuraiyagare has 90 seconds left.
|
|t:|1759022285
|move|p1a: Flygon|Earthquake|p2a: Ting-Lu
|-damage|p2a: Ting-Lu|0 fnt
|faint|p2a: Ting-Lu
|
|upkeep
|
|t:|1759022292
|switch|p2a: Salamence|Salamence, M|100/100
|turn|13
|inactive|kuraiyagare has 90 seconds left.
|
|t:|1759022319
|switch|p1a: Gardenia|Gardevoir, F|45/100 par
|-ability|p1a: Gardenia|Moxie|Trace|[from] ability: Trace|[of] p2a: Salamence
|move|p2a: Salamence|Dragon Claw|p1a: Gardenia
|-immune|p1a: Gardenia
|
|upkeep
|turn|14
|
|t:|1759022332
|switch|p2a: Hatterene|Hatterene, F|22/100 par
|switch|p1a: avg linux user|Lokix, F|51/100
|
|upkeep
|turn|15
|
|t:|1759022339
|move|p1a: avg linux user|Knock Off|p2a: Hatterene
|-damage|p2a: Hatterene|0 fnt
|-enditem|p2a: Hatterene|Assault Vest|[from] move: Knock Off|[of] p1a: avg linux user
|faint|p2a: Hatterene
|
|upkeep
|
|t:|1759022344
|switch|p2a: Salamence|Salamence, M|100/100
|turn|16
|inactive|kuraiyagare has 90 seconds left.
|inactive|kuraiyagare has 60 seconds left.
|
|t:|1759022388
|move|p1a: avg linux user|Sucker Punch|p2a: Salamence
|-damage|p2a: Salamence|57/100
|move|p2a: Salamence|Dual Wingbeat|p1a: avg linux user
|-supereffective|p1a: avg linux user
|-damage|p1a: avg linux user|0 fnt
|faint|p1a: avg linux user
|-ability|p2a: Salamence|Moxie|boost
|-boost|p2a: Salamence|atk|1
|-hitcount|p1: avg linux user|1
|
|upkeep
|
|t:|1759022391
|switch|p1a: Bastiodon|Bastiodon, M|76/100
|turn|17
|
|t:|1759022402
|switch|p2a: Scizor|Scizor, M|100/100
|move|p1a: Bastiodon|Stealth Rock|p2a: Scizor
|-sidestart|p2: Free Pooh Shiesty|move: Stealth Rock
|
|upkeep
|turn|18
|inactive|kuraiyagare has 60 seconds left.
|inactive|kuraiyagare has 30 seconds left.
|
|t:|1759022458
|switch|p1a: Gardenia|Gardevoir, F|45/100 par
|-ability|p1a: Gardenia|Technician|Trace|[from] ability: Trace|[of] p2a: Scizor
|move|p2a: Scizor|Knock Off|p1a: Gardenia
|-damage|p1a: Gardenia|0 fnt
|-enditem|p1a: Gardenia|Focus Sash|[from] move: Knock Off|[of] p2a: Scizor
|faint|p1a: Gardenia
|
|upkeep
|inactive|kuraiyagare has 30 seconds left.
|
|t:|1759022464
|switch|p1a: Vatra|Talonflame, F|51/100
|turn|19
|
|t:|1759022481
|-terastallize|p2a: Scizor|Fighting
|move|p1a: Vatra|Will-O-Wisp|p2a: Scizor
|-status|p2a: Scizor|brn
|move|p2a: Scizor|Knock Off|p1a: Vatra
|-damage|p1a: Vatra|8/100
|-enditem|p1a: Vatra|Heavy-Duty Boots|[from] move: Knock Off|[of] p2a: Scizor
|
|-damage|p2a: Scizor|94/100 brn|[from] brn
|upkeep
|turn|20
|inactive|kuraiyagare has 30 seconds left.
|
|t:|1759022503
|move|p1a: Vatra|Will-O-Wisp|p2a: Scizor
|-fail|p2a: Scizor|brn
|move|p2a: Scizor|Knock Off|p1a: Vatra
|-damage|p1a: Vatra|0 fnt
|faint|p1a: Vatra
|
|-damage|p2a: Scizor|88/100 brn|[from] brn
|upkeep
|inactive|kuraiyagare has 30 seconds left.
|
|t:|1759022510
|switch|p1a: Drifflim|Drifblim, F|100/100
|turn|21
|
|t:|1759022514
|move|p1a: Drifflim|Calm Mind|p1a: Drifflim
|-boost|p1a: Drifflim|spa|1
|-boost|p1a: Drifflim|spd|1
|move|p2a: Scizor|Knock Off|p1a: Drifflim
|-supereffective|p1a: Drifflim
|-damage|p1a: Drifflim|36/100
|-enditem|p1a: Drifflim|Weakness Policy
|-boost|p1a: Drifflim|atk|2|[from] item: Weakness Policy
|-boost|p1a: Drifflim|spa|2|[from] item: Weakness Policy
|
|-damage|p2a: Scizor|82/100 brn|[from] brn
|upkeep
|turn|22
|
|t:|1759022525
|move|p1a: Drifflim|Strength Sap|p2a: Scizor
|-unboost|p2a: Scizor|atk|1
|-heal|p1a: Drifflim|100/100
|move|p2a: Scizor|Knock Off|p1a: Drifflim
|-supereffective|p1a: Drifflim
|-damage|p1a: Drifflim|68/100
|
|-damage|p2a: Scizor|76/100 brn|[from] brn
|upkeep
|turn|23
|
|t:|1759022538
|move|p1a: Drifflim|Strength Sap|p2a: Scizor
|-unboost|p2a: Scizor|atk|1
|-heal|p1a: Drifflim|100/100
|move|p2a: Scizor|Knock Off|p1a: Drifflim
|-supereffective|p1a: Drifflim
|-damage|p1a: Drifflim|80/100
|
|-damage|p2a: Scizor|70/100 brn|[from] brn
|upkeep
|turn|24
|inactive|kuraiyagare has 60 seconds left.
|
|t:|1759022554
|switch|p2a: Zapdos|Zapdos, shiny|91/100
|-damage|p2a: Zapdos|66/100|[from] Stealth Rock
|move|p1a: Drifflim|Calm Mind|p1a: Drifflim
|-boost|p1a: Drifflim|spa|1
|-boost|p1a: Drifflim|spd|1
|
|upkeep
|turn|25
|
|t:|1759022562
|move|p1a: Drifflim|Shadow Ball|p2a: Zapdos
|-damage|p2a: Zapdos|0 fnt
|faint|p2a: Zapdos
|
|upkeep
|-message|Free Pooh Shiesty forfeited.
|
|win|kuraiyagare
|raw|kuraiyagare's rating: 1329 &rarr; <strong>1349</strong><br />(+20 for winning)
|raw|Free Pooh Shiesty's rating: 1325 &rarr; <strong>1305</strong><br />(-20 for losing)
|l|☆Free Pooh Shiesty
|player|p2|
|l|☆kuraiyagare
|player|p1|
