|j|☆ScrambledEggsSLAP
|j|☆OUDJ Tungstennedge
|t:|1759030366
|gametype|singles
|player|p1|ScrambledEggsSLAP|unknown|1508
|player|p2|OUDJ Tungstennedge|101|1567
|gen|9
|tier|[Gen 9] OU
|rated|
|rule|HP Percentage Mod: HP is shown in percentages
|rule|Endless Battle Clause: Forcing endless battles is banned
|rule|Species Clause: Limit one of each Pokémon
|rule|OHKO Clause: OHKO moves are banned
|rule|Evasion Items Clause: Evasion items are banned
|rule|Evasion Moves Clause: Evasion moves are banned
|rule|Evasion Abilities Clause: Evasion abilities are banned
|rule|Sleep Moves Clause: Sleep-inducing moves are banned
|clearpoke
|poke|p1|Ogerpon-Wellspring, F|
|poke|p1|Hatterene, F|
|poke|p1|Landorus-Therian, M|
|poke|p1|Alomomola, F|
|poke|p1|Corviknight, F|
|poke|p1|Darkrai|
|poke|p2|Kingdra, M|
|poke|p2|Pelipper, M|
|poke|p2|Indeedee, M|
|poke|p2|Barraskewda, F|
|poke|p2|Iron Treads|
|poke|p2|Golduck, F|
|teampreview
|inactive|Battle timer is ON: inactive players will automatically lose when time's up. (requested by ScrambledEggsSLAP)
|
|t:|1759030383
|teamsize|p1|6
|teamsize|p2|6
|start
|switch|p1a: Alomomola|Alomomola, F, shiny|100/100
|switch|p2a: Pelipper|Pelipper, M|100/100
|-weather|RainDance|[from] ability: Drizzle|[of] p2a: Pelipper
|turn|1
|
|t:|1759030385
|move|p1a: Alomomola|Flip Turn|p2a: Pelipper
|-resisted|p2a: Pelipper
|-damage|p2a: Pelipper|90/100
|
|t:|1759030389
|switch|p1a: Corviknight|Corviknight, F, shiny|100/100|[from] Flip Turn
|-ability|p1a: Corviknight|Pressure
|move|p2a: Pelipper|U-turn|p1a: Corviknight
|-resisted|p1a: Corviknight
|-damage|p1a: Corviknight|99/100
|-damage|p2a: Pelipper|74/100|[from] item: Rocky Helmet|[of] p1a: Corviknight
|
|t:|1759030399
|switch|p2a: Golduck|Golduck, F|100/100|[from] U-turn
|
|-weather|RainDance|[upkeep]
|upkeep
|turn|2
|
|t:|1759030406
|switch|p1a: Alomomola|Alomomola, F, shiny|100/100
|move|p2a: Golduck|Nasty Plot|p2a: Golduck
|-boost|p2a: Golduck|spa|2
|
|-weather|RainDance|[upkeep]
|upkeep
|turn|3
|
|t:|1759030413
|move|p2a: Golduck|Nasty Plot|p2a: Golduck
|-boost|p2a: Golduck|spa|2
|move|p1a: Alomomola|Mirror Coat||[still]
|-fail|p1a: Alomomola
|
|-weather|RainDance|[upkeep]
|upkeep
|turn|4
|
|t:|1759030416
|-terastallize|p1a: Alomomola|Steel
|move|p2a: Golduck|Psyshock|p1a: Alomomola
|-resisted|p1a: Alomomola
|-damage|p1a: Alomomola|74/100
|-damage|p2a: Golduck|91/100|[from] item: Life Orb
|move|p1a: Alomomola|Mirror Coat|p2a: Golduck
|-damage|p2a: Golduck|9/100
|
|-weather|RainDance|[upkeep]
|upkeep
|turn|5
|
|t:|1759030422
|move|p1a: Alomomola|Protect|p1a: Alomomola
|-singleturn|p1a: Alomomola|Protect
|move|p2a: Golduck|Surf|p1a: Alomomola
|-activate|p1a: Alomomola|move: Protect
|
|-weather|RainDance|[upkeep]
|upkeep
|turn|6
|
|t:|1759030431
|switch|p1a: Corviknight|Corviknight, F, shiny|99/100
|-ability|p1a: Corviknight|Pressure
|move|p2a: Golduck|Psyshock|p1a: Corviknight
|-resisted|p1a: Corviknight
|-damage|p1a: Corviknight|75/100
|-damage|p2a: Golduck|0 fnt|[from] item: Life Orb
|faint|p2a: Golduck
|
|-weather|RainDance|[upkeep]
|upkeep
|
|t:|1759030436
|switch|p2a: Barraskewda|Barraskewda, F|100/100
|turn|7
|
|t:|1759030454
|switch|p1a: Alomomola|Alomomola, F, shiny, tera:Steel|100/100
|-terastallize|p2a: Barraskewda|Water
|move|p2a: Barraskewda|Liquidation|p1a: Alomomola
|-damage|p1a: Alomomola|20/100
|-unboost|p1a: Alomomola|def|1
|-damage|p2a: Barraskewda|84/100|[from] item: Rocky Helmet|[of] p1a: Alomomola
|-damage|p2a: Barraskewda|74/100|[from] item: Life Orb
|
|-weather|RainDance|[upkeep]
|upkeep
|turn|8
|
|t:|1759030460
|move|p1a: Alomomola|Protect|p1a: Alomomola
|-singleturn|p1a: Alomomola|Protect
|move|p2a: Barraskewda|Close Combat|p1a: Alomomola
|-activate|p1a: Alomomola|move: Protect
|
|-weather|none
|upkeep
|turn|9
|
|t:|1759030472
|switch|p1a: Landorus|Landorus-Therian, M, shiny|100/100
|-ability|p1a: Landorus|Intimidate|boost
|-unboost|p2a: Barraskewda|atk|1
|move|p2a: Barraskewda|Liquidation|p1a: Landorus
|-supereffective|p1a: Landorus
|-damage|p1a: Landorus|0 fnt
|-damage|p2a: Barraskewda|58/100|[from] item: Rocky Helmet|[of] p1a: Landorus
|faint|p1a: Landorus
|-damage|p2a: Barraskewda|48/100|[from] item: Life Orb
|
|upkeep
|
|t:|1759030490
|switch|p1a: Alomomola|Alomomola, F, shiny, tera:Steel|53/100
|turn|10
|
|t:|1759030494
|move|p2a: Barraskewda|Close Combat|p1a: Alomomola
|-supereffective|p1a: Alomomola
|-damage|p1a: Alomomola|0 fnt
|-unboost|p2a: Barraskewda|def|1
|-unboost|p2a: Barraskewda|spd|1
|-damage|p2a: Barraskewda|32/100|[from] item: Rocky Helmet|[of] p1a: Alomomola
|faint|p1a: Alomomola
|-damage|p2a: Barraskewda|22/100|[from] item: Life Orb
|
|upkeep
|
|t:|1759030497
|switch|p1a: Corviknight|Corviknight, F, shiny|75/100
|-ability|p1a: Corviknight|Pressure
|turn|11
|
|t:|1759030501
|switch|p2a: Indeedee|Indeedee, M|100/100
|-fieldstart|move: Psychic Terrain|[from] ability: Psychic Surge|[of] p2a: Indeedee
|move|p1a: Corviknight|U-turn|p2a: Indeedee
|-supereffective|p2a: Indeedee
|-damage|p2a: Indeedee|52/100
|
|t:|1759030505
|switch|p1a: Darkrai|Darkrai, shiny|100/100|[from] U-turn
|
|upkeep
|turn|12
|
|t:|1759030516
|switch|p2a: Pelipper|Pelipper, M|74/100
|-weather|RainDance|[from] ability: Drizzle|[of] p2a: Pelipper
|move|p1a: Darkrai|Dark Pulse|p2a: Pelipper
|-damage|p2a: Pelipper|13/100
|
|-weather|RainDance|[upkeep]
|upkeep
|turn|13
|
|t:|1759030520
|switch|p2a: Indeedee|Indeedee, M|52/100
|move|p1a: Darkrai|Dark Pulse|p2a: Indeedee
|-supereffective|p2a: Indeedee
|-damage|p2a: Indeedee|0 fnt
|faint|p2a: Indeedee
|
|-weather|RainDance|[upkeep]
|upkeep
|
|t:|1759030522
|switch|p2a: Kingdra|Kingdra, M|100/100
|turn|14
|
|t:|1759030527
|switch|p1a: Hatterene|Hatterene, F, shiny|100/100
|move|p2a: Kingdra|Weather Ball|p1a: Hatterene
|-damage|p1a: Hatterene|48/100
|-damage|p2a: Kingdra|91/100|[from] item: Life Orb
|
|-weather|RainDance|[upkeep]
|upkeep
|turn|15
|
|t:|1759030533
|switch|p1a: Ogerpon|Ogerpon-Wellspring, F|100/100
|move|p2a: Kingdra|Weather Ball|p1a: Ogerpon
|-immune|p1a: Ogerpon|[from] ability: Water Absorb
|
|-weather|RainDance|[upkeep]
|upkeep
|turn|16
|
|t:|1759030548
|switch|p1a: Corviknight|Corviknight, F, shiny|75/100
|-ability|p1a: Corviknight|Pressure
|move|p2a: Kingdra|Hurricane|p1a: Corviknight
|-resisted|p1a: Corviknight
|-damage|p1a: Corviknight|56/100
|-damage|p2a: Kingdra|81/100|[from] item: Life Orb
|
|-weather|RainDance|[upkeep]
|upkeep
|turn|17
|
|t:|1759030563
|switch|p1a: Ogerpon|Ogerpon-Wellspring, F|100/100
|move|p2a: Kingdra|Weather Ball|p1a: Ogerpon
|-immune|p1a: Ogerpon|[from] ability: Water Absorb
|
|-weather|RainDance|[upkeep]
|upkeep
|turn|18
|
|t:|1759030566
|move|p2a: Kingdra|Hurricane|p1a: Ogerpon
|-supereffective|p1a: Ogerpon
|-damage|p1a: Ogerpon|8/100
|-damage|p2a: Kingdra|71/100|[from] item: Life Orb
|move|p1a: Ogerpon|U-turn|p2a: Kingdra
|-damage|p2a: Kingdra|37/100
|
|t:|1759030576
|switch|p1a: Corviknight|Corviknight, F, shiny|56/100|[from] U-turn
|-ability|p1a: Corviknight|Pressure
|
|-weather|RainDance|[upkeep]
|-fieldend|move: Psychic Terrain
|upkeep
|turn|19
|
|t:|1759030585
|switch|p1a: Ogerpon|Ogerpon-Wellspring, F|8/100
|move|p2a: Kingdra|Weather Ball|p1a: Ogerpon
|-heal|p1a: Ogerpon|33/100|[from] ability: Water Absorb|[of] p2a: Kingdra
|
|-weather|none
|upkeep
|turn|20
|
|t:|1759030593
|switch|p2a: Pelipper|Pelipper, M|13/100
|-weather|RainDance|[from] ability: Drizzle|[of] p2a: Pelipper
|move|p1a: Ogerpon|Horn Leech|p2a: Pelipper
|-damage|p2a: Pelipper|0 fnt
|-heal|p1a: Ogerpon|40/100|[from] drain|[of] p2a: Pelipper
|faint|p2a: Pelipper
|
|-weather|RainDance|[upkeep]
|upkeep
|
|t:|1759030600
|switch|p2a: Barraskewda|Barraskewda, F, tera:Water|22/100
|turn|21
|
|t:|1759030611
|move|p2a: Barraskewda|Liquidation|p1a: Ogerpon
|-heal|p1a: Ogerpon|65/100|[from] ability: Water Absorb|[of] p2a: Barraskewda
|move|p1a: Ogerpon|U-turn|p2a: Barraskewda
|-damage|p2a: Barraskewda|0 fnt
|faint|p2a: Barraskewda
|-message|OUDJ Tungstennedge forfeited.
|
|win|ScrambledEggsSLAP
|raw|ScrambledEggsSLAP's rating: 1508 &rarr; <strong>1531</strong><br />(+23 for winning)
|raw|OUDJ Tungstennedge's rating: 1567 &rarr; <strong>1544</strong><br />(-23 for losing)
|l|☆OUDJ Tungstennedge
|player|p2|
|c|☆ScrambledEggsSLAP|ez
|l|☆ScrambledEggsSLAP
|player|p1|
