|j|☆Excelio21
|j|☆MVA Monotype
|t:|1759062057
|gametype|singles
|player|p1|Excelio21|riley|1257
|player|p2|MVA Monotype|riley|1201
|gen|9
|tier|[Gen 9] OU
|rated|
|rule|HP Percentage Mod: HP is shown in percentages
|rule|Endless Battle Clause: Forcing endless battles is banned
|rule|Species Clause: Limit one of each Pokémon
|rule|OHKO Clause: OHKO moves are banned
|rule|Evasion Items Clause: Evasion items are banned
|rule|Evasion Moves Clause: Evasion moves are banned
|rule|Evasion Abilities Clause: Evasion abilities are banned
|rule|Sleep Moves Clause: Sleep-inducing moves are banned
|clearpoke
|poke|p1|Pelipper, F|
|poke|p1|Crawdaunt, M|
|poke|p1|Hatterene, F|
|poke|p1|Tinkaton, F|
|poke|p1|Primarina, M|
|poke|p1|Gholdengo|
|poke|p2|Dragapult, M|
|poke|p2|Hydreigon, M|
|poke|p2|Dragalge, F|
|poke|p2|Goodra-Hisui, M|
|poke|p2|Latios, M|
|poke|p2|Haxorus, M|
|teampreview
|inactive|Battle timer is ON: inactive players will automatically lose when time's up. (requested by MVA Monotype)
|
|t:|1759062073
|teamsize|p1|6
|teamsize|p2|6
|start
|switch|p1a: Primarina|Primarina, M|100/100
|switch|p2a: Dragalge|Dragalge, F, shiny|100/100
|turn|1
|
|t:|1759062083
|switch|p1a: Tinkaton|Tinkaton, F|100/100
|-item|p1a: Tinkaton|Air Balloon
|move|p2a: Dragalge|Sludge Wave|p1a: Tinkaton
|-immune|p1a: Tinkaton
|
|upkeep
|turn|2
|
|t:|1759062096
|move|p1a: Tinkaton|Stealth Rock|p2a: Dragalge
|-sidestart|p2: MVA Monotype|move: Stealth Rock
|move|p2a: Dragalge|Thunder|p1a: Tinkaton|[miss]
|-miss|p2a: Dragalge|p1a: Tinkaton
|
|upkeep
|turn|3
|
|t:|1759062104
|move|p1a: Tinkaton|Thunder Wave|p2a: Dragalge
|-status|p2a: Dragalge|par
|move|p2a: Dragalge|Thunder|p1a: Tinkaton
|-damage|p1a: Tinkaton|63/100
|-enditem|p1a: Tinkaton|Air Balloon
|-damage|p2a: Dragalge|91/100 par|[from] item: Life Orb
|
|upkeep
|turn|4
|
|t:|1759062116
|move|p1a: Tinkaton|Knock Off|p2a: Dragalge
|-damage|p2a: Dragalge|70/100 par
|-enditem|p2a: Dragalge|Life Orb|[from] move: Knock Off|[of] p1a: Tinkaton
|move|p2a: Dragalge|Thunder|p1a: Tinkaton|[miss]
|-miss|p2a: Dragalge|p1a: Tinkaton
|
|upkeep
|turn|5
|
|t:|1759062125
|move|p1a: Tinkaton|Gigaton Hammer|p2a: Dragalge
|-damage|p2a: Dragalge|19/100 par
|move|p2a: Dragalge|Thunder|p1a: Tinkaton|[miss]
|-miss|p2a: Dragalge|p1a: Tinkaton
|
|upkeep
|turn|6
|
|t:|1759062132
|move|p1a: Tinkaton|Knock Off|p2a: Dragalge
|-damage|p2a: Dragalge|5/100 par
|move|p2a: Dragalge|Thunder|p1a: Tinkaton
|-damage|p1a: Tinkaton|35/100
|
|upkeep
|turn|7
|
|t:|1759062137
|move|p1a: Tinkaton|Knock Off|p2a: Dragalge
|-damage|p2a: Dragalge|0 fnt
|faint|p2a: Dragalge
|
|upkeep
|
|t:|1759062141
|switch|p2a: Dragapult|Dragapult, M|100/100
|-damage|p2a: Dragapult|88/100|[from] Stealth Rock
|turn|8
|
|t:|1759062159
|move|p2a: Dragapult|Fire Blast|p1a: Tinkaton|[miss]
|-miss|p2a: Dragapult|p1a: Tinkaton
|move|p1a: Tinkaton|Thunder Wave|p2a: Dragapult|[miss]
|-miss|p1a: Tinkaton|p2a: Dragapult
|
|upkeep
|turn|9
|
|t:|1759062169
|switch|p1a: Pelipper|Pelipper, F|100/100
|-weather|RainDance|[from] ability: Drizzle|[of] p1a: Pelipper
|move|p2a: Dragapult|Substitute|p2a: Dragapult
|-start|p2a: Dragapult|Substitute
|-damage|p2a: Dragapult|63/100
|
|-weather|RainDance|[upkeep]
|upkeep
|turn|10
|
|t:|1759062177
|move|p2a: Dragapult|Draco Meteor|p1a: Pelipper
|-damage|p1a: Pelipper|7/100
|-unboost|p2a: Dragapult|spa|2
|-damage|p2a: Dragapult|53/100|[from] item: Life Orb
|move|p1a: Pelipper|Ice Beam|p2a: Dragapult
|-supereffective|p2a: Dragapult
|-end|p2a: Dragapult|Substitute
|
|-weather|RainDance|[upkeep]
|upkeep
|turn|11
|
|t:|1759062190
|move|p2a: Dragapult|Substitute|p2a: Dragapult
|-start|p2a: Dragapult|Substitute
|-damage|p2a: Dragapult|29/100
|move|p1a: Pelipper|Ice Beam|p2a: Dragapult
|-supereffective|p2a: Dragapult
|-end|p2a: Dragapult|Substitute
|
|-weather|RainDance|[upkeep]
|upkeep
|turn|12
|
|t:|1759062196
|move|p2a: Dragapult|Tera Blast|p1a: Pelipper
|-damage|p1a: Pelipper|0 fnt
|faint|p1a: Pelipper
|-damage|p2a: Dragapult|19/100|[from] item: Life Orb
|
|-weather|RainDance|[upkeep]
|upkeep
|
|t:|1759062200
|switch|p1a: Crawdaunt|Crawdaunt, M|100/100
|turn|13
|
|t:|1759062204
|move|p1a: Crawdaunt|Aqua Jet|p2a: Dragapult
|-resisted|p2a: Dragapult
|-damage|p2a: Dragapult|0 fnt
|faint|p2a: Dragapult
|-damage|p1a: Crawdaunt|90/100|[from] item: Life Orb
|
|-weather|none
|upkeep
|
|t:|1759062212
|switch|p2a: Hydreigon|Hydreigon, M|100/100
|-damage|p2a: Hydreigon|88/100|[from] Stealth Rock
|turn|14
|
|t:|1759062216
|switch|p1a: Tinkaton|Tinkaton, F|35/100
|move|p2a: Hydreigon|Nasty Plot|p2a: Hydreigon
|-boost|p2a: Hydreigon|spa|2
|
|upkeep
|turn|15
|
|t:|1759062225
|move|p2a: Hydreigon|Flash Cannon|p1a: Tinkaton
|-damage|p1a: Tinkaton|0 fnt
|faint|p1a: Tinkaton
|
|upkeep
|
|t:|1759062236
|switch|p1a: Gholdengo|Gholdengo|100/100
|turn|16
|
|t:|1759062243
|move|p1a: Gholdengo|Trick|p2a: Hydreigon
|-activate|p1a: Gholdengo|move: Trick|[of] p2a: Hydreigon
|-item|p2a: Hydreigon|Choice Scarf|[from] move: Trick
|-item|p1a: Gholdengo|Yache Berry|[from] move: Trick
|move|p2a: Hydreigon|Flash Cannon|p1a: Gholdengo
|-resisted|p1a: Gholdengo
|-damage|p1a: Gholdengo|68/100
|
|upkeep
|turn|17
|
|t:|1759062252
|move|p2a: Hydreigon|Flash Cannon|p1a: Gholdengo
|-resisted|p1a: Gholdengo
|-damage|p1a: Gholdengo|34/100
|move|p1a: Gholdengo|Make It Rain|p2a: Hydreigon
|-damage|p2a: Hydreigon|8/100
|-unboost|p1a: Gholdengo|spa|1
|
|upkeep
|turn|18
|
|t:|1759062264
|move|p2a: Hydreigon|Flash Cannon|p1a: Gholdengo
|-resisted|p1a: Gholdengo
|-damage|p1a: Gholdengo|3/100
|move|p1a: Gholdengo|Make It Rain|p2a: Hydreigon
|-damage|p2a: Hydreigon|0 fnt
|-unboost|p1a: Gholdengo|spa|1
|faint|p2a: Hydreigon
|
|upkeep
|
|t:|1759062270
|switch|p2a: Latios|Latios, M|100/100
|-damage|p2a: Latios|88/100|[from] Stealth Rock
|turn|19
|
|t:|1759062280
|move|p2a: Latios|Luster Purge|p1a: Gholdengo
|-resisted|p1a: Gholdengo
|-crit|p1a: Gholdengo
|-damage|p1a: Gholdengo|0 fnt
|faint|p1a: Gholdengo
|
|upkeep
|
|t:|1759062284
|switch|p1a: Hatterene|Hatterene, F|100/100
|turn|20
|
|t:|1759062288
|switch|p2a: Goodra|Goodra-Hisui, M|100/100
|-damage|p2a: Goodra|94/100|[from] Stealth Rock
|move|p1a: Hatterene|Nuzzle|p2a: Goodra
|-resisted|p2a: Goodra
|-damage|p2a: Goodra|92/100
|-status|p2a: Goodra|par
|
|upkeep
|turn|21
|inactive|Excelio21 has 120 seconds left.
|
|t:|1759062318
|switch|p1a: Crawdaunt|Crawdaunt, M|90/100
|move|p2a: Goodra|Flash Cannon|p1a: Crawdaunt
|-resisted|p1a: Crawdaunt
|-damage|p1a: Crawdaunt|57/100
|
|upkeep
|turn|22
|
|t:|1759062327
|move|p1a: Crawdaunt|Knock Off|p2a: Goodra
|-damage|p2a: Goodra|3/100 par
|-enditem|p2a: Goodra|Assault Vest|[from] move: Knock Off|[of] p1a: Crawdaunt
|-damage|p1a: Crawdaunt|47/100|[from] item: Life Orb
|move|p2a: Goodra|Draco Meteor|p1a: Crawdaunt|[miss]
|-miss|p2a: Goodra|p1a: Crawdaunt
|
|upkeep
|turn|23
|
|t:|1759062339
|move|p1a: Crawdaunt|Knock Off|p2a: Goodra
|-damage|p2a: Goodra|0 fnt
|faint|p2a: Goodra
|-damage|p1a: Crawdaunt|37/100|[from] item: Life Orb
|
|upkeep
|
|t:|1759062349
|switch|p2a: Latios|Latios, M|88/100
|-damage|p2a: Latios|76/100|[from] Stealth Rock
|turn|24
|
|t:|1759062360
|switch|p1a: Hatterene|Hatterene, F|100/100
|move|p2a: Latios|Draco Meteor|p1a: Hatterene
|-immune|p1a: Hatterene
|
|upkeep
|turn|25
|
|t:|1759062368
|move|p2a: Latios|Draco Meteor|p1a: Hatterene
|-immune|p1a: Hatterene
|move|p1a: Hatterene|Nuzzle|p2a: Latios
|-resisted|p2a: Latios
|-damage|p2a: Latios|73/100
|-status|p2a: Latios|par
|
|upkeep
|turn|26
|
|t:|1759062373
|move|p2a: Latios|Draco Meteor|p1a: Hatterene
|-immune|p1a: Hatterene
|move|p1a: Hatterene|Dazzling Gleam|p2a: Latios
|-supereffective|p2a: Latios
|-damage|p2a: Latios|0 fnt
|faint|p2a: Latios
|
|upkeep
|
|t:|1759062376
|switch|p2a: Haxorus|Haxorus, M, shiny|100/100
|-damage|p2a: Haxorus|88/100|[from] Stealth Rock
|-ability|p2a: Haxorus|Mold Breaker
|turn|27
|
|t:|1759062385
|-terastallize|p2a: Haxorus|Electric
|move|p2a: Haxorus|Swords Dance|p2a: Haxorus
|-boost|p2a: Haxorus|atk|2
|move|p1a: Hatterene|Nuzzle|p2a: Haxorus
|-resisted|p2a: Haxorus
|-damage|p2a: Haxorus|85/100
|
|upkeep
|turn|28
|
|t:|1759062395
|move|p2a: Haxorus|Tera Blast|p1a: Hatterene|[anim] Tera Blast Electric
|-damage|p1a: Hatterene|0 fnt
|faint|p1a: Hatterene
|-damage|p2a: Haxorus|76/100|[from] item: Life Orb
|
|upkeep
|
|t:|1759062406
|switch|p1a: Crawdaunt|Crawdaunt, M|37/100
|turn|29
|
|t:|1759062413
|-terastallize|p1a: Crawdaunt|Water
|move|p1a: Crawdaunt|Aqua Jet|p2a: Haxorus
|-damage|p2a: Haxorus|23/100
|-damage|p1a: Crawdaunt|27/100|[from] item: Life Orb
|move|p2a: Haxorus|Tera Blast|p1a: Crawdaunt|[anim] Tera Blast Electric
|-supereffective|p1a: Crawdaunt
|-damage|p1a: Crawdaunt|0 fnt
|faint|p1a: Crawdaunt
|-damage|p2a: Haxorus|13/100|[from] item: Life Orb
|
|upkeep
|
|t:|1759062419
|switch|p1a: Primarina|Primarina, M|100/100
|turn|30
|
|t:|1759062421
|move|p2a: Haxorus|Tera Blast|p1a: Primarina|[anim] Tera Blast Electric
|-supereffective|p1a: Primarina
|-damage|p1a: Primarina|0 fnt
|faint|p1a: Primarina
|-damage|p2a: Haxorus|3/100|[from] item: Life Orb
|
|win|MVA Monotype
|raw|Excelio21's rating: 1257 &rarr; <strong>1228</strong><br />(-29 for losing)
|raw|MVA Monotype's rating: 1201 &rarr; <strong>1230</strong><br />(+29 for winning)
|l|☆Excelio21
|player|p1|
