|j|☆Cadne1208
|j|☆Big boy ted
|t:|1758991771
|gametype|singles
|player|p1|Cadne1208|riley|1096
|player|p2|Big boy ted|gentleman-gen4|1088
|gen|9
|tier|[Gen 9] OU
|rated|
|rule|HP Percentage Mod: HP is shown in percentages
|rule|Endless Battle Clause: Forcing endless battles is banned
|rule|Species Clause: Limit one of each Pokémon
|rule|OHKO Clause: OHKO moves are banned
|rule|Evasion Items Clause: Evasion items are banned
|rule|Evasion Moves Clause: Evasion moves are banned
|rule|Evasion Abilities Clause: Evasion abilities are banned
|rule|Sleep Moves Clause: Sleep-inducing moves are banned
|clearpoke
|poke|p1|Ursaluna, M|
|poke|p1|Deoxys-Defense|
|poke|p1|Lycanroc-Dusk, M|
|poke|p1|Moltres-Galar|
|poke|p1|Dondozo, M|
|poke|p1|Mamoswine, M|
|poke|p2|Kingambit, M|
|poke|p2|Skeledirge, F|
|poke|p2|Ambipom, M|
|poke|p2|Dondozo, M|
|poke|p2|Smeargle, M|
|poke|p2|Gengar, F|
|teampreview
|inactive|Battle timer is ON: inactive players will automatically lose when time's up. (requested by Big boy ted)
|
|t:|1758991778
|teamsize|p1|6
|teamsize|p2|6
|start
|switch|p1a: Deoxys|Deoxys-Defense|100/100
|switch|p2a: Smeargle|Smeargle, M, shiny|100/100
|-ability|p1a: Deoxys|Pressure
|turn|1
|
|t:|1758991787
|move|p2a: Smeargle|Sticky Web|p1a: Deoxys
|-sidestart|p1: Cadne1208|move: Sticky Web
|move|p1a: Deoxys|Trick Room|p1a: Deoxys
|-fieldstart|move: Trick Room|[of] p1a: Deoxys
|
|upkeep
|turn|2
|
|t:|1758991794
|switch|p1a: Ursaluna|Ursaluna, M|100/100
|-activate|p1a: Ursaluna|move: Sticky Web
|-unboost|p1a: Ursaluna|spe|1
|move|p2a: Smeargle|Burning Bulwark||[still]
|-fail|p2a: Smeargle
|
|-status|p1a: Ursaluna|brn|[from] item: Flame Orb
|upkeep
|turn|3
|
|t:|1758991803
|move|p1a: Ursaluna|Substitute|p1a: Ursaluna
|-start|p1a: Ursaluna|Substitute
|-damage|p1a: Ursaluna|76/100 brn
|move|p2a: Smeargle|Endeavor|p1a: Ursaluna
|-activate|p1a: Ursaluna|move: Substitute|[damage]
|
|-damage|p1a: Ursaluna|70/100 brn|[from] brn
|upkeep
|turn|4
|
|t:|1758991821
|move|p1a: Ursaluna|Earthquake|p2a: Smeargle
|-crit|p2a: Smeargle
|-enditem|p2a: Smeargle|Focus Sash
|-damage|p2a: Smeargle|1/100
|move|p2a: Smeargle|Endeavor|p1a: Ursaluna
|-end|p1a: Ursaluna|Substitute
|
|-damage|p1a: Ursaluna|64/100 brn|[from] brn
|upkeep
|turn|5
|
|t:|1758991833
|move|p1a: Ursaluna|Earthquake|p2a: Smeargle
|-damage|p2a: Smeargle|0 fnt
|faint|p2a: Smeargle
|
|-damage|p1a: Ursaluna|58/100 brn|[from] brn
|-fieldend|move: Trick Room
|upkeep
|
|t:|1758991836
|switch|p2a: Gengar|Gengar, F, shiny|100/100
|turn|6
|
|t:|1758991846
|move|p2a: Gengar|Sludge Bomb|p1a: Ursaluna
|-resisted|p1a: Ursaluna
|-damage|p1a: Ursaluna|37/100 brn
|move|p1a: Ursaluna|Earthquake|p2a: Gengar
|-supereffective|p2a: Gengar
|-enditem|p2a: Gengar|Focus Sash
|-damage|p2a: Gengar|1/100
|
|-damage|p1a: Ursaluna|31/100 brn|[from] brn
|upkeep
|turn|7
|
|t:|1758991857
|move|p2a: Gengar|Destiny Bond|p2a: Gengar
|-singlemove|p2a: Gengar|Destiny Bond
|move|p1a: Ursaluna|Earthquake|p2a: Gengar
|-supereffective|p2a: Gengar
|-damage|p2a: Gengar|0 fnt
|faint|p2a: Gengar
|-activate|p2a: Gengar|move: Destiny Bond
|faint|p1a: Ursaluna
|
|upkeep
|
|t:|1758991867
|switch|p2a: Ambipom|Ambipom, M, shiny|100/100
|switch|p1a: Deoxys|Deoxys-Defense|100/100
|-activate|p1a: Deoxys|move: Sticky Web
|-unboost|p1a: Deoxys|spe|1
|-ability|p1a: Deoxys|Pressure
|turn|8
|
|t:|1758991876
|-terastallize|p2a: Ambipom|Normal
|move|p2a: Ambipom|Fake Out|p1a: Deoxys
|-damage|p1a: Deoxys|67/100
|cant|p1a: Deoxys|flinch
|
|-heal|p1a: Deoxys|73/100|[from] item: Leftovers
|upkeep
|turn|9
|
|t:|1758991885
|move|p2a: Ambipom|Last Resort|p1a: Deoxys
|-damage|p1a: Deoxys|0 fnt
|faint|p1a: Deoxys
|
|upkeep
|
|t:|1758991894
|switch|p1a: Dondozo|Dondozo, M|100/100
|-activate|p1a: Dondozo|move: Sticky Web
|-unboost|p1a: Dondozo|spe|1
|turn|10
|
|t:|1758991906
|switch|p2a: Skeledirge|Skeledirge, F, shiny|100/100
|move|p1a: Dondozo|Outrage|p2a: Skeledirge
|-damage|p2a: Skeledirge|78/100
|
|-heal|p2a: Skeledirge|84/100|[from] item: Leftovers
|upkeep
|turn|11
|
|t:|1758991917
|move|p2a: Skeledirge|Shadow Ball|p1a: Dondozo
|-damage|p1a: Dondozo|70/100
|-unboost|p1a: Dondozo|spd|1
|move|p1a: Dondozo|Outrage|p2a: Skeledirge|[from] lockedmove
|-damage|p2a: Skeledirge|60/100
|
|-heal|p2a: Skeledirge|66/100|[from] item: Leftovers
|-heal|p1a: Dondozo|76/100|[from] item: Leftovers
|upkeep
|turn|12
|
|t:|1758991929
|move|p2a: Skeledirge|Shadow Ball|p1a: Dondozo
|-damage|p1a: Dondozo|48/100
|-unboost|p1a: Dondozo|spd|1
|move|p1a: Dondozo|Outrage|p2a: Skeledirge|[from] lockedmove
|-damage|p2a: Skeledirge|42/100
|-start|p1a: Dondozo|confusion|[fatigue]
|
|-heal|p2a: Skeledirge|48/100|[from] item: Leftovers
|-heal|p1a: Dondozo|54/100|[from] item: Leftovers
|upkeep
|turn|13
|
|t:|1758991941
|switch|p1a: Moltres|Moltres-Galar|100/100
|move|p2a: Skeledirge|Shadow Ball|p1a: Moltres
|-resisted|p1a: Moltres
|-damage|p1a: Moltres|87/100
|
|-heal|p1a: Moltres|94/100|[from] item: Leftovers
|-heal|p2a: Skeledirge|54/100|[from] item: Leftovers
|upkeep
|turn|14
|
|t:|1758991952
|move|p1a: Moltres|Nasty Plot|p1a: Moltres
|-boost|p1a: Moltres|spa|2
|move|p2a: Skeledirge|Slack Off|p2a: Skeledirge
|-heal|p2a: Skeledirge|100/100
|
|-heal|p1a: Moltres|99/100|[from] item: Leftovers
|upkeep
|turn|15
|
|t:|1758991969
|move|p1a: Moltres|Fiery Wrath|p2a: Skeledirge
|-supereffective|p2a: Skeledirge
|-damage|p2a: Skeledirge|16/100
|move|p2a: Skeledirge|Torch Song|p1a: Moltres
|-damage|p1a: Moltres|73/100
|-boost|p2a: Skeledirge|spa|1
|
|-heal|p1a: Moltres|79/100|[from] item: Leftovers
|-heal|p2a: Skeledirge|22/100|[from] item: Leftovers
|upkeep
|turn|16
|
|t:|1758991980
|move|p1a: Moltres|Fiery Wrath|p2a: Skeledirge
|-supereffective|p2a: Skeledirge
|-crit|p2a: Skeledirge
|-damage|p2a: Skeledirge|0 fnt
|faint|p2a: Skeledirge
|
|-heal|p1a: Moltres|85/100|[from] item: Leftovers
|upkeep
|
|t:|1758991983
|switch|p2a: Ambipom|Ambipom, M, shiny, tera:Normal|100/100
|turn|17
|
|t:|1758991991
|move|p1a: Moltres|Protect|p1a: Moltres
|-singleturn|p1a: Moltres|Protect
|move|p2a: Ambipom|Fake Out|p1a: Moltres
|-activate|p1a: Moltres|move: Protect
|
|-heal|p1a: Moltres|91/100|[from] item: Leftovers
|upkeep
|turn|18
|
|t:|1758992001
|switch|p2a: Dondozo|Dondozo, M, shiny|100/100
|move|p1a: Moltres|Fiery Wrath|p2a: Dondozo
|-damage|p2a: Dondozo|60/100
|
|-heal|p1a: Moltres|98/100|[from] item: Leftovers
|upkeep
|turn|19
|
|t:|1758992009
|move|p1a: Moltres|Fiery Wrath|p2a: Dondozo
|-damage|p2a: Dondozo|22/100
|-enditem|p2a: Dondozo|Sitrus Berry|[eat]
|-heal|p2a: Dondozo|47/100|[from] item: Sitrus Berry
|move|p2a: Dondozo|Wave Crash|p1a: Moltres
|-damage|p1a: Moltres|47/100
|-damage|p2a: Dondozo|37/100|[from] Recoil
|-ability|p1a: Moltres|Berserk|boost
|-boost|p1a: Moltres|spa|1
|
|-heal|p1a: Moltres|53/100|[from] item: Leftovers
|upkeep
|turn|20
|
|t:|1758992022
|move|p1a: Moltres|Fiery Wrath|p2a: Dondozo
|-damage|p2a: Dondozo|0 fnt
|faint|p2a: Dondozo
|
|-heal|p1a: Moltres|60/100|[from] item: Leftovers
|upkeep
|
|t:|1758992028
|switch|p2a: Check|Kingambit, M, shiny|100/100
|-activate|p2a: Check|ability: Supreme Overlord
|-start|p2a: Check|fallen4|[silent]
|turn|21
|
|t:|1758992034
|move|p1a: Moltres|Fiery Wrath|p2a: Check
|-resisted|p2a: Check
|-damage|p2a: Check|41/100
|move|p2a: Check|Swords Dance|p2a: Check
|-boost|p2a: Check|atk|2
|
|-heal|p1a: Moltres|66/100|[from] item: Leftovers
|upkeep
|turn|22
|
|t:|1758992043
|move|p1a: Moltres|Protect|p1a: Moltres
|-singleturn|p1a: Moltres|Protect
|move|p2a: Check|Sucker Punch||[still]
|-fail|p2a: Check
|
|-heal|p1a: Moltres|72/100|[from] item: Leftovers
|upkeep
|turn|23
|
|t:|1758992051
|move|p1a: Moltres|Fiery Wrath|p2a: Check
|-resisted|p2a: Check
|-damage|p2a: Check|0 fnt
|faint|p2a: Check
|-end|p2a: Check|fallen4|[silent]
|
|-heal|p1a: Moltres|78/100|[from] item: Leftovers
|upkeep
|-message|Big boy ted forfeited.
|
|win|Cadne1208
|raw|Cadne1208's rating: 1096 &rarr; <strong>1121</strong><br />(+25 for winning)
|raw|Big boy ted's rating: 1088 &rarr; <strong>1065</strong><br />(-23 for losing)
|l|☆Big boy ted
|player|p2|
