|j|☆noelihccor
|j|☆ServineLover123
|t:|1758977536
|gametype|singles
|player|p1|noelihccor|psychic-gen4|1062
|player|p2|ServineLover123|richboy|1084
|gen|9
|tier|[Gen 9] OU
|rated|
|rule|HP Percentage Mod: HP is shown in percentages
|rule|Endless Battle Clause: Forcing endless battles is banned
|rule|Species Clause: Limit one of each Pokémon
|rule|OHKO Clause: OHKO moves are banned
|rule|Evasion Items Clause: Evasion items are banned
|rule|Evasion Moves Clause: Evasion moves are banned
|rule|Evasion Abilities Clause: Evasion abilities are banned
|rule|Sleep Moves Clause: Sleep-inducing moves are banned
|clearpoke
|poke|p1|Porygon-Z|
|poke|p1|Sableye, M|
|poke|p1|Serperior, M|
|poke|p1|Reuniclus, M|
|poke|p1|Mimikyu, F|
|poke|p1|Skarmory, F|
|poke|p2|Araquanid, F|
|poke|p2|Enamorus, F|
|poke|p2|Serperior, M|
|poke|p2|Cinderace, M|
|poke|p2|Servine, F|
|poke|p2|Kingambit, F|
|teampreview
|
|t:|1758977553
|teamsize|p1|6
|teamsize|p2|6
|start
|switch|p1a: Skarmory|Skarmory, F|100/100
|switch|p2a: Servine|Servine, F|100/100
|turn|1
|
|t:|1758977559
|move|p2a: Servine|Glare|p1a: Skarmory
|-status|p1a: Skarmory|par
|move|p1a: Skarmory|Stealth Rock|p2a: Servine
|-sidestart|p2: ServineLover123|move: Stealth Rock
|
|upkeep
|turn|2
|
|t:|1758977565
|move|p2a: Servine|Leech Seed|p1a: Skarmory|[miss]
|-miss|p2a: Servine|p1a: Skarmory
|move|p1a: Skarmory|Spikes|p2a: Servine
|-sidestart|p2: ServineLover123|Spikes
|
|upkeep
|turn|3
|
|t:|1758977573
|move|p2a: Servine|Leech Seed|p1a: Skarmory
|-start|p1a: Skarmory|move: Leech Seed
|cant|p1a: Skarmory|par
|
|-damage|p1a: Skarmory|88/100 par|[from] Leech Seed|[of] p2a: Servine
|upkeep
|turn|4
|
|t:|1758977580
|move|p2a: Servine|Substitute|p2a: Servine
|-start|p2a: Servine|Substitute
|-damage|p2a: Servine|76/100
|move|p1a: Skarmory|Whirlwind|p2a: Servine
|drag|p2a: Patrick|Enamorus, F|100/100
|-damage|p2a: Patrick|76/100|[from] Stealth Rock
|
|-damage|p1a: Skarmory|75/100 par|[from] Leech Seed|[of] p2a: Patrick
|-heal|p2a: Patrick|89/100|[silent]
|upkeep
|turn|5
|
|t:|1758977589
|move|p2a: Patrick|Mystical Fire|p1a: Skarmory
|-supereffective|p1a: Skarmory
|-damage|p1a: Skarmory|0 fnt
|faint|p1a: Skarmory
|
|upkeep
|
|t:|1758977614
|switch|p1a: Porygon-Z|Porygon-Z|100/100
|turn|6
|
|t:|1758977623
|move|p2a: Patrick|Mystical Fire|p1a: Porygon-Z
|-damage|p1a: Porygon-Z|36/100
|-unboost|p1a: Porygon-Z|spa|1
|move|p1a: Porygon-Z|Nasty Plot|p1a: Porygon-Z
|-boost|p1a: Porygon-Z|spa|2
|
|upkeep
|turn|7
|
|t:|1758977630
|move|p2a: Patrick|Mystical Fire|p1a: Porygon-Z
|-damage|p1a: Porygon-Z|0 fnt
|faint|p1a: Porygon-Z
|
|upkeep
|
|t:|1758977635
|switch|p1a: Sableye|Sableye, M|100/100
|turn|8
|
|t:|1758977638
|move|p1a: Sableye|Light Screen|p1a: Sableye
|-sidestart|p1: noelihccor|move: Light Screen
|move|p2a: Patrick|Mystical Fire|p1a: Sableye
|-damage|p1a: Sableye|73/100
|-unboost|p1a: Sableye|spa|1
|
|upkeep
|turn|9
|
|t:|1758977649
|switch|p2a: Servine|Servine, F|76/100
|-damage|p2a: Servine|63/100|[from] Stealth Rock
|-damage|p2a: Servine|51/100|[from] Spikes
|move|p1a: Sableye|Thunder Wave|p2a: Servine
|-status|p2a: Servine|par
|
|upkeep
|turn|10
|
|t:|1758977664
|switch|p1a: Reuniclus|Reuniclus, M|100/100
|cant|p2a: Servine|par
|
|upkeep
|turn|11
|
|t:|1758977672
|cant|p2a: Servine|par
|move|p1a: Reuniclus|Psychic|p2a: Servine
|-damage|p2a: Servine|0 fnt
|faint|p2a: Servine
|
|upkeep
|
|t:|1758977681
|switch|p2a: Piper|Cinderace, M|100/100
|turn|12
|
|t:|1758977686
|move|p2a: Piper|Court Change|p2a: Piper
|-swapsideconditions
|-activate|p2a: Piper|move: Court Change
|move|p1a: Reuniclus|Thunder Wave|p2a: Piper|[miss]
|-miss|p1a: Reuniclus|p2a: Piper
|
|upkeep
|turn|13
|
|t:|1758977697
|move|p2a: Piper|U-turn|p1a: Reuniclus
|-supereffective|p1a: Reuniclus
|-damage|p1a: Reuniclus|56/100
|
|t:|1758977699
|switch|p2a: Michelle|Araquanid, F|100/100|[from] U-turn
|move|p1a: Reuniclus|Thunder Wave|p2a: Michelle|[miss]
|-miss|p1a: Reuniclus|p2a: Michelle
|
|upkeep
|turn|14
|
|t:|1758977718
|move|p2a: Michelle|Bug Buzz|p1a: Reuniclus
|-supereffective|p1a: Reuniclus
|-damage|p1a: Reuniclus|6/100
|move|p1a: Reuniclus|Psychic|p2a: Michelle
|-damage|p2a: Michelle|73/100
|
|upkeep
|turn|15
|
|t:|1758977724
|move|p2a: Michelle|Bug Buzz|p1a: Reuniclus
|-supereffective|p1a: Reuniclus
|-damage|p1a: Reuniclus|0 fnt
|faint|p1a: Reuniclus
|
|-sideend|p2: ServineLover123|move: Light Screen
|upkeep
|
|t:|1758977734
|switch|p1a: Sableye|Sableye, M|73/100
|-damage|p1a: Sableye|61/100|[from] Stealth Rock
|-damage|p1a: Sableye|49/100|[from] Spikes
|turn|16
|
|t:|1758977745
|move|p1a: Sableye|Light Screen|p1a: Sableye
|-sidestart|p1: noelihccor|move: Light Screen
|move|p2a: Michelle|Surf|p1a: Sableye
|-damage|p1a: Sableye|12/100
|
|upkeep
|turn|17
|
|t:|1758977752
|move|p1a: Sableye|Reflect|p1a: Sableye
|-sidestart|p1: noelihccor|Reflect
|move|p2a: Michelle|Surf|p1a: Sableye
|-damage|p1a: Sableye|0 fnt
|faint|p1a: Sableye
|
|upkeep
|
|t:|1758977759
|switch|p1a: Mimikyu|Mimikyu, F|100/100
|-damage|p1a: Mimikyu|88/100|[from] Stealth Rock
|-damage|p1a: Mimikyu|76/100|[from] Spikes
|turn|18
|
|t:|1758977768
|move|p1a: Mimikyu|Play Rough|p2a: Michelle
|-damage|p2a: Michelle|37/100
|move|p2a: Michelle|Surf|p1a: Mimikyu
|-activate|p1a: Mimikyu|ability: Disguise
|-damage|p1a: Mimikyu|76/100
|detailschange|p1a: Mimikyu|Mimikyu-Busted, F
|-damage|p1a: Mimikyu|63/100|[from] pokemon: Mimikyu-Busted
|
|upkeep
|turn|19
|
|t:|1758977777
|move|p1a: Mimikyu|Play Rough|p2a: Michelle
|-damage|p2a: Michelle|3/100
|-unboost|p2a: Michelle|atk|1
|move|p2a: Michelle|Surf|p1a: Mimikyu
|-damage|p1a: Mimikyu|40/100
|
|upkeep
|turn|20
|-enditem|p2a: Michelle|Custap Berry|[eat]
|-activate|p2a: Michelle|item: Custap Berry|[consumed]
|
|t:|1758977787
|move|p2a: Michelle|Surf|p1a: Mimikyu
|-damage|p1a: Mimikyu|16/100
|move|p1a: Mimikyu|Leech Life|p2a: Michelle
|-damage|p2a: Michelle|0 fnt
|-heal|p1a: Mimikyu|18/100|[from] drain|[of] p2a: Michelle
|faint|p2a: Michelle
|
|upkeep
|
|t:|1758977801
|switch|p2a: Luis|Serperior, M|100/100
|turn|21
|
|t:|1758977804
|move|p2a: Luis|Leaf Storm|p1a: Mimikyu|[miss]
|-miss|p2a: Luis|p1a: Mimikyu
|move|p1a: Mimikyu|Leech Life|p2a: Luis
|-supereffective|p2a: Luis
|-damage|p2a: Luis|51/100
|-heal|p1a: Mimikyu|47/100|[from] drain|[of] p2a: Luis
|
|-heal|p2a: Luis|57/100|[from] item: Leftovers
|upkeep
|turn|22
|
|t:|1758977813
|move|p2a: Luis|Glare|p1a: Mimikyu
|-status|p1a: Mimikyu|par
|cant|p1a: Mimikyu|par
|
|-heal|p2a: Luis|63/100|[from] item: Leftovers
|upkeep
|turn|23
|
|t:|1758977823
|move|p2a: Luis|Leaf Storm|p1a: Mimikyu|[miss]
|-miss|p2a: Luis|p1a: Mimikyu
|move|p1a: Mimikyu|Leech Life|p2a: Luis
|-supereffective|p2a: Luis
|-damage|p2a: Luis|7/100
|-heal|p1a: Mimikyu|81/100 par|[from] drain|[of] p2a: Luis
|
|-heal|p2a: Luis|13/100|[from] item: Leftovers
|-sideend|p1: noelihccor|move: Light Screen
|upkeep
|turn|24
|
|t:|1758977832
|move|p2a: Luis|Leaf Storm|p1a: Mimikyu
|-damage|p1a: Mimikyu|42/100 par
|-boost|p2a: Luis|spa|2
|move|p1a: Mimikyu|Leech Life|p2a: Luis
|-supereffective|p2a: Luis
|-damage|p2a: Luis|0 fnt
|-heal|p1a: Mimikyu|50/100 par|[from] drain|[of] p2a: Luis
|faint|p2a: Luis
|
|-sideend|p1: noelihccor|Reflect
|upkeep
|
|t:|1758977842
|switch|p2a: Patrick|Enamorus, F|89/100
|turn|25
|
|t:|1758977850
|move|p2a: Patrick|Moonblast|p1a: Mimikyu
|-damage|p1a: Mimikyu|0 fnt
|faint|p1a: Mimikyu
|
|upkeep
|
|t:|1758977855
|switch|p1a: Serperior|Serperior, M, shiny|100/100
|-damage|p1a: Serperior|88/100|[from] Stealth Rock
|-damage|p1a: Serperior|76/100|[from] Spikes
|turn|26
|
|t:|1758977867
|move|p2a: Patrick|Moonblast|p1a: Serperior
|-damage|p1a: Serperior|0 fnt
|faint|p1a: Serperior
|
|win|ServineLover123
|raw|noelihccor's rating: 1062 &rarr; <strong>1044</strong><br />(-18 for losing)
|raw|ServineLover123's rating: 1084 &rarr; <strong>1110</strong><br />(+26 for winning)
|l|☆noelihccor
|player|p1|
|l|☆ServineLover123
|player|p2|
