|badge|p2|silver|gen9ou|30-6
|html|<div class="broadcast-red"><strong>This battle is required to be public due to one or more player having a season medal.</strong><br />During the public phase, you can discuss the state of the ladder <a href="/seasondiscussion">in a special chatroom.</a></div>
|uhtml|medal-msg|<div class="broadcast-blue">Curious what those medals under the avatar are? PS now has Ladder Seasons! For more information, check out the <a href="https://www.smogon.com/forums/threads/3740067/">thread on Smogon.</a></div>
|j|☆jojosworld
|j|☆OUWW Miguel o Hara
|t:|1758955177
|gametype|singles
|player|p1|jojosworld|cynthia|1766
|player|p2|OUWW Miguel o Hara|giovanni|1979
|gen|9
|tier|[Gen 9] OU
|rated|
|rule|HP Percentage Mod: HP is shown in percentages
|rule|Endless Battle Clause: Forcing endless battles is banned
|rule|Species Clause: Limit one of each Pokémon
|rule|OHKO Clause: OHKO moves are banned
|rule|Evasion Items Clause: Evasion items are banned
|rule|Evasion Moves Clause: Evasion moves are banned
|rule|Evasion Abilities Clause: Evasion abilities are banned
|rule|Sleep Moves Clause: Sleep-inducing moves are banned
|clearpoke
|poke|p1|Alomomola, F|
|poke|p1|Amoonguss, F|
|poke|p1|Great Tusk|
|poke|p1|Goodra-Hisui, F|
|poke|p1|Clefable, F|
|poke|p1|Dragapult, F|
|poke|p2|Zamazenta-*|
|poke|p2|Iron Moth|
|poke|p2|Gliscor, F|
|poke|p2|Clefable, F|
|poke|p2|Blissey, F|
|poke|p2|Dragapult, M|
|teampreview
|inactive|Battle timer is ON: inactive players will automatically lose when time's up. (requested by jojosworld)
|inactive|jojosworld has 120 seconds left.
|j| amefurikoneko
|
|t:|1758955217
|teamsize|p1|6
|teamsize|p2|6
|start
|switch|p1a: Clefable|Clefable, F, shiny|100/100
|switch|p2a: Blissey|Blissey, F|100/100
|turn|1
|
|t:|1758955229
|switch|p1a: Great Tusk|Great Tusk, shiny|100/100
|move|p2a: Blissey|Thunder Wave|p1a: Great Tusk
|-immune|p1a: Great Tusk
|
|upkeep
|turn|2
|j| larp legion
|
|t:|1758955234
|switch|p2a: Zamazenta|Zamazenta|100/100
|-ability|p2a: Zamazenta|Dauntless Shield|boost
|-boost|p2a: Zamazenta|def|1
|move|p1a: Great Tusk|Ice Spinner|p2a: Zamazenta
|-damage|p2a: Zamazenta|87/100
|
|-heal|p2a: Zamazenta|94/100|[from] item: Leftovers
|upkeep
|turn|3
|
|t:|1758955241
|-end|p1a: Great Tusk|Protosynthesis|[silent]
|switch|p1a: Alomomola|Alomomola, F, shiny|100/100
|move|p2a: Zamazenta|Body Press|p1a: Alomomola
|-damage|p1a: Alomomola|69/100
|
|-heal|p2a: Zamazenta|99/100|[from] item: Leftovers
|upkeep
|turn|4
|
|t:|1758955248
|move|p2a: Zamazenta|Body Press|p1a: Alomomola
|-damage|p1a: Alomomola|38/100
|move|p1a: Alomomola|Scald|p2a: Zamazenta
|-damage|p2a: Zamazenta|88/100
|
|-heal|p2a: Zamazenta|94/100|[from] item: Leftovers
|upkeep
|turn|5
|
|t:|1758955251
|switch|p1a: Clefable|Clefable, F, shiny|100/100
|move|p2a: Zamazenta|Body Press|p1a: Clefable
|-resisted|p1a: Clefable
|-crit|p1a: Clefable
|-damage|p1a: Clefable|68/100
|
|-heal|p2a: Zamazenta|99/100|[from] item: Leftovers
|-heal|p1a: Clefable|74/100|[from] item: Leftovers
|upkeep
|turn|6
|
|t:|1758955255
|switch|p2a: Blissey|Blissey, F|100/100
|move|p1a: Clefable|Stealth Rock|p2a: Blissey
|-sidestart|p2: OUWW Miguel o Hara|move: Stealth Rock
|
|-heal|p1a: Clefable|80/100|[from] item: Leftovers
|upkeep
|turn|7
|j| ghostlyplanets
|
|t:|1758955261
|switch|p1a: Great Tusk|Great Tusk, shiny|100/100
|move|p2a: Blissey|Ice Beam|p1a: Great Tusk
|-supereffective|p1a: Great Tusk
|-damage|p1a: Great Tusk|47/100
|
|upkeep
|turn|8
|
|t:|1758955267
|switch|p2a: Zamazenta|Zamazenta|99/100
|-damage|p2a: Zamazenta|94/100|[from] Stealth Rock
|move|p1a: Great Tusk|Close Combat|p2a: Zamazenta
|-damage|p2a: Zamazenta|49/100
|-unboost|p1a: Great Tusk|def|1
|-unboost|p1a: Great Tusk|spd|1
|
|-heal|p2a: Zamazenta|55/100|[from] item: Leftovers
|upkeep
|turn|9
|
|t:|1758955270
|-end|p1a: Great Tusk|Protosynthesis|[silent]
|switch|p1a: Alomomola|Alomomola, F, shiny|72/100
|move|p2a: Zamazenta|Body Press|p1a: Alomomola
|-damage|p1a: Alomomola|50/100
|
|-heal|p2a: Zamazenta|61/100|[from] item: Leftovers
|upkeep
|turn|10
|
|t:|1758955273
|move|p2a: Zamazenta|Iron Defense|p2a: Zamazenta
|-boost|p2a: Zamazenta|def|2
|move|p1a: Alomomola|Wish|p1a: Alomomola
|
|-heal|p2a: Zamazenta|67/100|[from] item: Leftovers
|upkeep
|turn|11
|
|t:|1758955278
|move|p2a: Zamazenta|Body Press|p1a: Alomomola
|-damage|p1a: Alomomola|3/100
|move|p1a: Alomomola|Flip Turn|p2a: Zamazenta
|-damage|p2a: Zamazenta|62/100
|
|t:|1758955281
|switch|p1a: Great Tusk|Great Tusk, shiny|47/100|[from] Flip Turn
|
|-heal|p1a: Great Tusk|100/100|[from] move: Wish|[wisher] Alomomola
|-heal|p2a: Zamazenta|68/100|[from] item: Leftovers
|upkeep
|turn|12
|
|t:|1758955285
|-end|p1a: Great Tusk|Protosynthesis|[silent]
|switch|p1a: Clefable|Clefable, F, shiny|80/100
|move|p2a: Zamazenta|Body Press|p1a: Clefable
|-resisted|p1a: Clefable
|-damage|p1a: Clefable|47/100
|
|-heal|p2a: Zamazenta|74/100|[from] item: Leftovers
|-heal|p1a: Clefable|53/100|[from] item: Leftovers
|upkeep
|turn|13
|
|t:|1758955288
|switch|p2a: Blissey|Blissey, F|100/100
|move|p1a: Clefable|Moonlight|p1a: Clefable
|-heal|p1a: Clefable|100/100
|
|upkeep
|turn|14
|
|t:|1758955292
|switch|p1a: Great Tusk|Great Tusk, shiny|100/100
|move|p2a: Blissey|Ice Beam|p1a: Great Tusk
|-supereffective|p1a: Great Tusk
|-damage|p1a: Great Tusk|53/100
|-status|p1a: Great Tusk|frz
|
|upkeep
|turn|15
|
|t:|1758955300
|-end|p1a: Great Tusk|Protosynthesis|[silent]
|switch|p1a: Alomomola|Alomomola, F, shiny|36/100
|switch|p2a: Dragapult|Dragapult, M|100/100
|
|upkeep
|turn|16
|
|t:|1758955312
|switch|p1a: Clefable|Clefable, F, shiny|100/100
|move|p2a: Dragapult|Will-O-Wisp|p1a: Clefable|[miss]
|-miss|p2a: Dragapult|p1a: Clefable
|
|upkeep
|turn|17
|
|t:|1758955317
|switch|p2a: Blissey|Blissey, F|100/100
|move|p1a: Clefable|Thunder Wave|p2a: Blissey
|-status|p2a: Blissey|par
|
|upkeep
|turn|18
|
|t:|1758955320
|switch|p1a: Alomomola|Alomomola, F, shiny|69/100
|move|p2a: Blissey|Stealth Rock|p1a: Alomomola
|-sidestart|p1: jojosworld|move: Stealth Rock
|
|upkeep
|turn|19
|
|t:|1758955323
|move|p1a: Alomomola|Wish|p1a: Alomomola
|move|p2a: Blissey|Thunder Wave|p1a: Alomomola
|-status|p1a: Alomomola|par
|
|upkeep
|turn|20
|
|t:|1758955329
|-curestatus|p2a: Blissey|par|[from] ability: Natural Cure
|switch|p2a: Dragapult|Dragapult, M|100/100
|switch|p1a: Great Tusk|Great Tusk, shiny|53/100 frz
|
|-heal|p1a: Great Tusk|100/100 frz|[from] move: Wish|[wisher] Alomomola
|upkeep
|turn|21
|
|t:|1758955333
|move|p2a: Dragapult|Substitute|p2a: Dragapult
|-start|p2a: Dragapult|Substitute
|-damage|p2a: Dragapult|76/100
|cant|p1a: Great Tusk|frz
|
|upkeep
|turn|22
|l| ghostlyplanets
|
|t:|1758955335
|move|p2a: Dragapult|Hex|p1a: Great Tusk
|-damage|p1a: Great Tusk|22/100 frz
|cant|p1a: Great Tusk|frz
|
|upkeep
|turn|23
|
|t:|1758955338
|-end|p1a: Great Tusk|Protosynthesis|[silent]
|switch|p1a: Amoonguss|Amoonguss, F, shiny|100/100
|move|p2a: Dragapult|Hex|p1a: Amoonguss
|-damage|p1a: Amoonguss|76/100
|
|upkeep
|turn|24
|
|t:|1758955340
|move|p2a: Dragapult|Will-O-Wisp|p1a: Amoonguss
|-status|p1a: Amoonguss|brn
|move|p1a: Amoonguss|Foul Play|p2a: Dragapult
|-supereffective|p2a: Dragapult
|-end|p2a: Dragapult|Substitute
|
|-damage|p1a: Amoonguss|70/100 brn|[from] brn
|upkeep
|turn|25
|
|t:|1758955344
|switch|p2a: Blissey|Blissey, F|100/100
|move|p1a: Amoonguss|Toxic|p2a: Blissey
|-status|p2a: Blissey|tox
|
|-damage|p2a: Blissey|94/100 tox|[from] psn
|-damage|p1a: Amoonguss|63/100 brn|[from] brn
|upkeep
|turn|26
|
|t:|1758955349
|-curestatus|p2a: Blissey|tox|[from] ability: Natural Cure
|switch|p2a: Gliscor|Gliscor, F|100/100
|-damage|p2a: Gliscor|88/100|[from] Stealth Rock
|switch|p1a: Clefable|Clefable, F, shiny|100/100
|
|-status|p2a: Gliscor|tox|[from] item: Toxic Orb
|upkeep
|turn|27
|-message|jojosworld forfeited.
|
|win|OUWW Miguel o Hara
|raw|jojosworld's rating: 1766 &rarr; <strong>1757</strong><br />(-9 for losing)
|raw|OUWW Miguel o Hara's rating: 1979 &rarr; <strong>1988</strong><br />(+9 for winning)
|l|☆jojosworld
|player|p1|
|l| amefurikoneko
