|j|☆trauma dumping
|j|☆Havestol
|t:|1758936317
|gametype|singles
|player|p1|trauma dumping|preschooler|1535
|player|p2|Havestol|mars|1468
|gen|9
|tier|[Gen 9] OU
|rated|
|rule|HP Percentage Mod: HP is shown in percentages
|rule|Endless Battle Clause: Forcing endless battles is banned
|rule|Species Clause: Limit one of each Pokémon
|rule|OHKO Clause: OHKO moves are banned
|rule|Evasion Items Clause: Evasion items are banned
|rule|Evasion Moves Clause: Evasion moves are banned
|rule|Evasion Abilities Clause: Evasion abilities are banned
|rule|Sleep Moves Clause: Sleep-inducing moves are banned
|clearpoke
|poke|p1|Scizor, F|
|poke|p1|Great Tusk|
|poke|p1|Weavile, F|
|poke|p1|Ogerpon-Wellspring, F|
|poke|p1|Enamorus, F|
|poke|p1|Heatran, M|
|poke|p2|Pelipper, M|
|poke|p2|Raging Bolt|
|poke|p2|Ludicolo, F|
|poke|p2|Iron Treads|
|poke|p2|Barraskewda, F|
|poke|p2|Beartic, M|
|teampreview
|inactive|Battle timer is ON: inactive players will automatically lose when time's up. (requested by trauma dumping)
|
|t:|1758936345
|teamsize|p1|6
|teamsize|p2|6
|start
|switch|p1a: Bojuka|Weavile, F|100/100
|switch|p2a: Pelipper|Pelipper, M|100/100
|-ability|p1a: Bojuka|Pressure
|-weather|RainDance|[from] ability: Drizzle|[of] p2a: Pelipper
|turn|1
|
|t:|1758936353
|move|p1a: Bojuka|Knock Off|p2a: Pelipper
|-damage|p2a: Pelipper|49/100
|-enditem|p2a: Pelipper|Damp Rock|[from] move: Knock Off|[of] p1a: Bojuka
|-damage|p1a: Bojuka|91/100|[from] item: Life Orb
|move|p2a: Pelipper|U-turn|p1a: Bojuka
|-supereffective|p1a: Bojuka
|-damage|p1a: Bojuka|59/100
|
|t:|1758936381
|switch|p2a: Beartic|Beartic, M|100/100|[from] U-turn
|
|-weather|RainDance|[upkeep]
|upkeep
|turn|2
|
|t:|1758936391
|switch|p1a: Skullclamp|Scizor, F|100/100
|move|p2a: Beartic|Close Combat|p1a: Skullclamp
|-damage|p1a: Skullclamp|56/100
|-unboost|p2a: Beartic|def|1
|-unboost|p2a: Beartic|spd|1
|
|-weather|RainDance|[upkeep]
|upkeep
|turn|3
|
|t:|1758936400
|switch|p2a: Raging Bolt|Raging Bolt|100/100
|-enditem|p2a: Raging Bolt|Booster Energy
|-activate|p2a: Raging Bolt|ability: Protosynthesis|[fromitem]
|-start|p2a: Raging Bolt|protosynthesisspa
|move|p1a: Skullclamp|Bullet Punch|p2a: Raging Bolt
|-resisted|p2a: Raging Bolt
|-damage|p2a: Raging Bolt|85/100
|
|-weather|RainDance|[upkeep]
|upkeep
|turn|4
|
|t:|1758936412
|switch|p1a: Craterhoof|Great Tusk|100/100
|-enditem|p1a: Craterhoof|Booster Energy
|-activate|p1a: Craterhoof|ability: Protosynthesis|[fromitem]
|-start|p1a: Craterhoof|protosynthesisatk
|move|p2a: Raging Bolt|Weather Ball|p1a: Craterhoof
|-supereffective|p1a: Craterhoof
|-damage|p1a: Craterhoof|0 fnt
|faint|p1a: Craterhoof
|-end|p1a: Craterhoof|Protosynthesis|[silent]
|
|-weather|RainDance|[upkeep]
|upkeep
|
|t:|1758936430
|switch|p1a: Bojuka|Weavile, F|59/100
|-ability|p1a: Bojuka|Pressure
|turn|5
|
|t:|1758936442
|-terastallize|p2a: Raging Bolt|Water
|move|p1a: Bojuka|Ice Shard|p2a: Raging Bolt
|-resisted|p2a: Raging Bolt
|-damage|p2a: Raging Bolt|73/100
|-damage|p1a: Bojuka|49/100|[from] item: Life Orb
|move|p2a: Raging Bolt|Thunder|p1a: Bojuka
|-damage|p1a: Bojuka|0 fnt
|faint|p1a: Bojuka
|
|-weather|RainDance|[upkeep]
|upkeep
|inactive|trauma dumping has 120 seconds left.
|
|t:|1758936481
|switch|p1a: Tatyova|Ogerpon-Wellspring, F|100/100
|turn|6
|
|t:|1758936486
|move|p2a: Raging Bolt|Thunderclap|p1a: Tatyova
|-damage|p1a: Tatyova|41/100
|move|p1a: Tatyova|Trailblaze|p2a: Raging Bolt
|-supereffective|p2a: Raging Bolt
|-damage|p2a: Raging Bolt|11/100
|-boost|p1a: Tatyova|spe|1
|
|-weather|RainDance|[upkeep]
|upkeep
|turn|7
|
|t:|1758936494
|move|p2a: Raging Bolt|Thunderclap||[still]
|-fail|p2a: Raging Bolt
|move|p1a: Tatyova|Synthesis|p1a: Tatyova
|-heal|p1a: Tatyova|66/100
|
|-weather|RainDance|[upkeep]
|upkeep
|turn|8
|
|t:|1758936501
|move|p1a: Tatyova|Trailblaze|p2a: Raging Bolt
|-supereffective|p2a: Raging Bolt
|-damage|p2a: Raging Bolt|0 fnt
|-boost|p1a: Tatyova|spe|1
|faint|p2a: Raging Bolt
|-end|p2a: Raging Bolt|Protosynthesis|[silent]
|
|-weather|none
|upkeep
|
|t:|1758936504
|switch|p2a: Pelipper|Pelipper, M|49/100
|-weather|RainDance|[from] ability: Drizzle|[of] p2a: Pelipper
|turn|9
|inactive|trauma dumping has 120 seconds left.
|
|t:|1758936538
|switch|p1a: Skullclamp|Scizor, F|56/100
|move|p2a: Pelipper|Roost|p2a: Pelipper
|-heal|p2a: Pelipper|99/100
|-singleturn|p2a: Pelipper|move: Roost
|
|-weather|RainDance|[upkeep]
|upkeep
|turn|10
|
|t:|1758936546
|move|p1a: Skullclamp|U-turn|p2a: Pelipper
|-resisted|p2a: Pelipper
|-damage|p2a: Pelipper|85/100
|
|t:|1758936549
|switch|p1a: Gitrog|Heatran, M|100/100|[from] U-turn
|move|p2a: Pelipper|U-turn|p1a: Gitrog
|-resisted|p1a: Gitrog
|-damage|p1a: Gitrog|99/100
|-status|p2a: Pelipper|brn|[from] ability: Flame Body|[of] p1a: Gitrog
|
|t:|1758936561
|switch|p2a: Iron Treads|Iron Treads|100/100|[from] U-turn
|-enditem|p2a: Iron Treads|Booster Energy
|-activate|p2a: Iron Treads|ability: Quark Drive|[fromitem]
|-start|p2a: Iron Treads|quarkdrivespe
|
|-weather|RainDance|[upkeep]
|-heal|p1a: Gitrog|100/100|[from] item: Leftovers
|upkeep
|turn|11
|
|t:|1758936576
|move|p2a: Iron Treads|Stealth Rock|p1a: Gitrog
|-sidestart|p1: trauma dumping|move: Stealth Rock
|move|p1a: Gitrog|Stealth Rock|p2a: Iron Treads
|-sidestart|p2: Havestol|move: Stealth Rock
|
|-weather|RainDance|[upkeep]
|upkeep
|turn|12
|
|t:|1758936581
|switch|p1a: Skullclamp|Scizor, F|56/100
|-damage|p1a: Skullclamp|44/100|[from] Stealth Rock
|-enditem|p1a: Skullclamp|Sitrus Berry|[eat]
|-heal|p1a: Skullclamp|69/100|[from] item: Sitrus Berry
|move|p2a: Iron Treads|Rapid Spin|p1a: Skullclamp
|-resisted|p1a: Skullclamp
|-damage|p1a: Skullclamp|61/100
|-boost|p2a: Iron Treads|spe|1
|-sideend|p2: Havestol|Stealth Rock|[from] move: Rapid Spin|[of] p2a: Iron Treads
|
|-weather|RainDance|[upkeep]
|upkeep
|turn|13
|
|t:|1758936584
|move|p2a: Iron Treads|Earthquake|p1a: Skullclamp
|-damage|p1a: Skullclamp|14/100
|move|p1a: Skullclamp|Defog|p2a: Iron Treads
|-unboost|p2a: Iron Treads|evasion|1
|-sideend|p1: trauma dumping|Stealth Rock|[from] move: Defog|[of] p1a: Skullclamp
|
|-weather|none
|upkeep
|turn|14
|
|t:|1758936595
|switch|p1a: Tatyova|Ogerpon-Wellspring, F|66/100
|move|p2a: Iron Treads|Earthquake|p1a: Tatyova
|-resisted|p1a: Tatyova
|-damage|p1a: Tatyova|38/100
|
|upkeep
|turn|15
|
|t:|1758936607
|move|p2a: Iron Treads|Earthquake|p1a: Tatyova
|-resisted|p1a: Tatyova
|-damage|p1a: Tatyova|9/100
|move|p1a: Tatyova|Synthesis|p1a: Tatyova
|-heal|p1a: Tatyova|59/100
|
|upkeep
|turn|16
|
|t:|1758936611
|move|p2a: Iron Treads|Iron Head|p1a: Tatyova
|-resisted|p1a: Tatyova
|-crit|p1a: Tatyova
|-damage|p1a: Tatyova|25/100
|move|p1a: Tatyova|Synthesis|p1a: Tatyova
|-heal|p1a: Tatyova|75/100
|
|upkeep
|turn|17
|
|t:|1758936614
|-end|p2a: Iron Treads|Quark Drive|[silent]
|switch|p2a: Pelipper|Pelipper, M|85/100 brn
|-weather|RainDance|[from] ability: Drizzle|[of] p2a: Pelipper
|move|p1a: Tatyova|Synthesis|p1a: Tatyova
|-heal|p1a: Tatyova|99/100
|
|-weather|RainDance|[upkeep]
|-damage|p2a: Pelipper|79/100 brn|[from] brn
|upkeep
|turn|18
|
|t:|1758936623
|move|p1a: Tatyova|Ivy Cudgel|p2a: Pelipper|[anim] Ivy Cudgel Water
|-resisted|p2a: Pelipper
|-crit|p2a: Pelipper
|-damage|p2a: Pelipper|20/100 brn
|move|p2a: Pelipper|Hurricane|p1a: Tatyova
|-supereffective|p1a: Tatyova
|-damage|p1a: Tatyova|21/100
|
|-weather|RainDance|[upkeep]
|-damage|p2a: Pelipper|14/100 brn|[from] brn
|upkeep
|turn|19
|
|t:|1758936632
|switch|p2a: Ludicolo|Ludicolo, F|100/100
|move|p1a: Tatyova|Ivy Cudgel|p2a: Ludicolo|[anim] Ivy Cudgel Water
|-resisted|p2a: Ludicolo
|-crit|p2a: Ludicolo
|-damage|p2a: Ludicolo|47/100
|
|-weather|RainDance|[upkeep]
|upkeep
|turn|20
|
|t:|1758936645
|switch|p1a: Skullclamp|Scizor, F|14/100
|move|p2a: Ludicolo|Ice Beam|p1a: Skullclamp
|-resisted|p1a: Skullclamp
|-damage|p1a: Skullclamp|0 fnt
|faint|p1a: Skullclamp
|-damage|p2a: Ludicolo|37/100|[from] item: Life Orb
|
|-weather|RainDance|[upkeep]
|upkeep
|
|t:|1758936647
|switch|p1a: Gitrog|Heatran, M|100/100
|turn|21
|inactive|Havestol has 120 seconds left.
|inactive|Havestol has 90 seconds left.
|
|t:|1758936712
|-terastallize|p1a: Gitrog|Ghost
|move|p2a: Ludicolo|Surf|p1a: Gitrog
|-damage|p1a: Gitrog|49/100
|-damage|p2a: Ludicolo|27/100|[from] item: Life Orb
|move|p1a: Gitrog|Stealth Rock|p2a: Ludicolo
|-sidestart|p2: Havestol|move: Stealth Rock
|
|-weather|none
|-heal|p1a: Gitrog|55/100|[from] item: Leftovers
|upkeep
|turn|22
|
|t:|1758936736
|move|p2a: Ludicolo|Giga Drain|p1a: Gitrog
|-damage|p1a: Gitrog|26/100
|-heal|p2a: Ludicolo|45/100|[from] drain|[of] p1a: Gitrog
|-damage|p2a: Ludicolo|35/100|[from] item: Life Orb
|move|p1a: Gitrog|Magma Storm|p2a: Ludicolo
|-damage|p2a: Ludicolo|0 fnt
|faint|p2a: Ludicolo
|
|-heal|p1a: Gitrog|32/100|[from] item: Leftovers
|upkeep
|
|t:|1758936746
|switch|p2a: Iron Treads|Iron Treads|100/100
|-damage|p2a: Iron Treads|97/100|[from] Stealth Rock
|turn|23
|
|t:|1758936754
|move|p2a: Iron Treads|Earthquake|p1a: Gitrog
|-damage|p1a: Gitrog|0 fnt
|faint|p1a: Gitrog
|
|upkeep
|inactive|trauma dumping has 120 seconds left.
|inactive|trauma dumping has 90 seconds left.
|
|t:|1758936839
|switch|p1a: Serra Angel|Enamorus, F|100/100
|turn|24
|
|t:|1758936844
|move|p1a: Serra Angel|Earth Power|p2a: Iron Treads
|-supereffective|p2a: Iron Treads
|-damage|p2a: Iron Treads|5/100
|-unboost|p2a: Iron Treads|spd|1
|move|p2a: Iron Treads|Rapid Spin|p1a: Serra Angel
|-damage|p1a: Serra Angel|78/100
|-boost|p2a: Iron Treads|spe|1
|-sideend|p2: Havestol|Stealth Rock|[from] move: Rapid Spin|[of] p2a: Iron Treads
|
|upkeep
|turn|25
|
|t:|1758936847
|move|p2a: Iron Treads|Iron Head|p1a: Serra Angel
|-supereffective|p1a: Serra Angel
|-damage|p1a: Serra Angel|0 fnt
|faint|p1a: Serra Angel
|
|upkeep
|
|t:|1758936853
|switch|p1a: Tatyova|Ogerpon-Wellspring, F|21/100
|turn|26
|
|t:|1758936866
|move|p2a: Iron Treads|Earthquake|p1a: Tatyova
|-resisted|p1a: Tatyova
|-damage|p1a: Tatyova|0 fnt
|faint|p1a: Tatyova
|
|win|Havestol
|raw|trauma dumping's rating: 1535 &rarr; <strong>1511</strong><br />(-24 for losing)
|raw|Havestol's rating: 1468 &rarr; <strong>1492</strong><br />(+24 for winning)
|l|☆trauma dumping
|player|p1|
