|j|☆Shampoogini
|j|☆Shibuya Arc
|t:|1758917351
|gametype|singles
|player|p1|Shampoogini|hilda|1364
|player|p2|Shibuya Arc|265|1405
|gen|9
|tier|[Gen 9] OU
|rated|
|rule|HP Percentage Mod: HP is shown in percentages
|rule|Endless Battle Clause: Forcing endless battles is banned
|rule|Species Clause: Limit one of each Pokémon
|rule|OHKO Clause: OHKO moves are banned
|rule|Evasion Items Clause: Evasion items are banned
|rule|Evasion Moves Clause: Evasion moves are banned
|rule|Evasion Abilities Clause: Evasion abilities are banned
|rule|Sleep Moves Clause: Sleep-inducing moves are banned
|clearpoke
|poke|p1|Skeledirge, M|
|poke|p1|Clodsire, M|
|poke|p1|Dondozo, F|
|poke|p1|Serperior, M|
|poke|p1|Corviknight, M|
|poke|p1|Grimmsnarl, M|
|poke|p2|Dragapult, M|
|poke|p2|Dragonite, F|
|poke|p2|Ting-Lu|
|poke|p2|Weezing-Galar, F|
|poke|p2|Iron Crown|
|poke|p2|Zapdos|
|teampreview
|inactive|Battle timer is ON: inactive players will automatically lose when time's up. (requested by Shibuya Arc)
|
|t:|1758917378
|teamsize|p1|6
|teamsize|p2|6
|start
|switch|p1a: Clodsire|Clodsire, M|100/100
|switch|p2a: Iron Crown|Iron Crown|100/100
|turn|1
|
|t:|1758917384
|move|p2a: Iron Crown|Psyshock|p1a: Clodsire
|-supereffective|p1a: Clodsire
|-damage|p1a: Clodsire|7/100
|move|p1a: Clodsire|Earthquake|p2a: Iron Crown
|-supereffective|p2a: Iron Crown
|-damage|p2a: Iron Crown|46/100
|
|-heal|p1a: Clodsire|14/100|[from] item: Leftovers
|upkeep
|turn|2
|
|t:|1758917397
|-end|p2a: Iron Crown|Quark Drive|[silent]
|switch|p2a: Dragapult|Dragapult, M|100/100
|switch|p1a: Grimmsnarl|Grimmsnarl, M|100/100
|
|upkeep
|turn|3
|
|t:|1758917402
|move|p1a: Grimmsnarl|Reflect|p1a: Grimmsnarl
|-sidestart|p1: Shampoogini|Reflect
|move|p2a: Dragapult|U-turn|p1a: Grimmsnarl
|-damage|p1a: Grimmsnarl|92/100
|
|t:|1758917412
|switch|p2a: Iron Crown|Iron Crown|46/100|[from] U-turn
|
|upkeep
|turn|4
|
|t:|1758917418
|move|p1a: Grimmsnarl|Light Screen|p1a: Grimmsnarl
|-sidestart|p1: Shampoogini|move: Light Screen
|move|p2a: Iron Crown|Tachyon Cutter|p1a: Grimmsnarl
|-supereffective|p1a: Grimmsnarl
|-damage|p1a: Grimmsnarl|53/100
|-supereffective|p1a: Grimmsnarl
|-damage|p1a: Grimmsnarl|13/100
|-hitcount|p1a: Grimmsnarl|2
|
|upkeep
|turn|5
|
|t:|1758917425
|move|p1a: Grimmsnarl|Parting Shot|p2a: Iron Crown
|-unboost|p2a: Iron Crown|atk|1
|-unboost|p2a: Iron Crown|spa|1
|
|t:|1758917428
|switch|p1a: Skeledirge|Skeledirge, M|100/100|[from] Parting Shot
|move|p2a: Iron Crown|Tachyon Cutter|p1a: Skeledirge
|-resisted|p1a: Skeledirge
|-damage|p1a: Skeledirge|93/100
|-resisted|p1a: Skeledirge
|-damage|p1a: Skeledirge|87/100
|-hitcount|p1a: Skeledirge|2
|
|-heal|p1a: Skeledirge|93/100|[from] item: Leftovers
|upkeep
|turn|6
|
|t:|1758917436
|-end|p2a: Iron Crown|Quark Drive|[silent]
|switch|p2a: Ting-Lu|Ting-Lu|100/100
|-ability|p2a: Ting-Lu|Vessel of Ruin
|move|p1a: Skeledirge|Torch Song|p2a: Ting-Lu
|-damage|p2a: Ting-Lu|87/100
|-boost|p1a: Skeledirge|spa|1
|
|-heal|p1a: Skeledirge|99/100|[from] item: Leftovers
|-heal|p2a: Ting-Lu|93/100|[from] item: Leftovers
|upkeep
|turn|7
|
|t:|1758917444
|move|p1a: Skeledirge|Torch Song|p2a: Ting-Lu
|-damage|p2a: Ting-Lu|74/100
|-boost|p1a: Skeledirge|spa|1
|move|p2a: Ting-Lu|Stealth Rock|p1a: Skeledirge
|-sidestart|p1: Shampoogini|move: Stealth Rock
|
|-heal|p1a: Skeledirge|100/100|[from] item: Leftovers
|-heal|p2a: Ting-Lu|80/100|[from] item: Leftovers
|upkeep
|turn|8
|
|t:|1758917451
|move|p1a: Skeledirge|Torch Song|p2a: Ting-Lu
|-damage|p2a: Ting-Lu|54/100
|-boost|p1a: Skeledirge|spa|1
|move|p2a: Ting-Lu|Whirlwind|p1a: Skeledirge
|drag|p1a: Corviknight|Corviknight, M|100/100
|-damage|p1a: Corviknight|88/100|[from] Stealth Rock
|
|-heal|p2a: Ting-Lu|60/100|[from] item: Leftovers
|upkeep
|turn|9
|
|t:|1758917457
|switch|p2a: Zapdos|Zapdos|100/100
|move|p1a: Corviknight|Defog|p2a: Zapdos
|-unboost|p2a: Zapdos|evasion|1
|-sideend|p1: Shampoogini|Stealth Rock|[from] move: Defog|[of] p1a: Corviknight
|
|upkeep
|turn|10
|
|t:|1758917463
|switch|p2a: Dragonite|Dragonite, F|100/100
|switch|p1a: Clodsire|Clodsire, M|14/100
|
|-heal|p1a: Clodsire|20/100|[from] item: Leftovers
|-sideend|p1: Shampoogini|Reflect
|upkeep
|turn|11
|
|t:|1758917469
|move|p2a: Dragonite|Earthquake|p1a: Clodsire
|-supereffective|p1a: Clodsire
|-damage|p1a: Clodsire|0 fnt
|faint|p1a: Clodsire
|
|-sideend|p1: Shampoogini|move: Light Screen
|upkeep
|-message|Shampoogini forfeited.
|
|win|Shibuya Arc
|raw|Shampoogini's rating: 1364 &rarr; <strong>1346</strong><br />(-18 for losing)
|raw|Shibuya Arc's rating: 1405 &rarr; <strong>1423</strong><br />(+18 for winning)
