|j|☆Sonzaisonder
|j|☆The Moz
|t:|1758951724
|gametype|singles
|player|p1|Sonzaisonder|steven|1320
|player|p2|The Moz|brock|1307
|gen|9
|tier|[Gen 9] OU
|rated|
|rule|HP Percentage Mod: HP is shown in percentages
|rule|Endless Battle Clause: Forcing endless battles is banned
|rule|Species Clause: Limit one of each Pokémon
|rule|OHKO Clause: OHKO moves are banned
|rule|Evasion Items Clause: Evasion items are banned
|rule|Evasion Moves Clause: Evasion moves are banned
|rule|Evasion Abilities Clause: Evasion abilities are banned
|rule|Sleep Moves Clause: Sleep-inducing moves are banned
|clearpoke
|poke|p1|Hoopa-Unbound|
|poke|p1|Slowking-Galar, F|
|poke|p1|Great Tusk|
|poke|p1|Moltres|
|poke|p1|Keldeo-Resolute|
|poke|p1|Kingambit, M|
|poke|p2|Mew|
|poke|p2|Mimikyu, M|
|poke|p2|Mamoswine, F|
|poke|p2|Volcanion|
|poke|p2|Zapdos-Galar|
|poke|p2|Gardevoir, F|
|teampreview
|
|t:|1758951745
|teamsize|p1|6
|teamsize|p2|6
|start
|switch|p1a: Keldeo|Keldeo-Resolute|100/100
|switch|p2a: Mimikyu|Mimikyu, M|100/100
|turn|1
|
|t:|1758951751
|move|p1a: Keldeo|Flip Turn|p2a: Mimikyu
|-activate|p2a: Mimikyu|ability: Disguise
|-damage|p2a: Mimikyu|100/100
|detailschange|p2a: Mimikyu|Mimikyu-Busted, M
|-damage|p2a: Mimikyu|88/100|[from] pokemon: Mimikyu-Busted
|
|t:|1758951757
|switch|p1a: Moltres|Moltres|100/100|[from] Flip Turn
|move|p2a: Mimikyu|Swords Dance|p2a: Mimikyu
|-boost|p2a: Mimikyu|atk|2
|
|upkeep
|turn|2
|
|t:|1758951768
|move|p2a: Mimikyu|Play Rough|p1a: Moltres
|-resisted|p1a: Moltres
|-damage|p1a: Moltres|66/100
|-damage|p2a: Mimikyu|78/100|[from] item: Life Orb
|move|p1a: Moltres|Flamethrower|p2a: Mimikyu
|-damage|p2a: Mimikyu|34/100
|
|upkeep
|turn|3
|
|t:|1758951779
|move|p2a: Mimikyu|Play Rough|p1a: Moltres
|-resisted|p1a: Moltres
|-damage|p1a: Moltres|33/100
|-damage|p2a: Mimikyu|24/100|[from] item: Life Orb
|move|p1a: Moltres|Roost|p1a: Moltres
|-heal|p1a: Moltres|83/100
|-singleturn|p1a: Moltres|move: Roost
|
|upkeep
|turn|4
|
|t:|1758951788
|move|p2a: Mimikyu|Swords Dance|p2a: Mimikyu
|-boost|p2a: Mimikyu|atk|2
|move|p1a: Moltres|Flamethrower|p2a: Mimikyu
|-damage|p2a: Mimikyu|0 fnt
|faint|p2a: Mimikyu
|
|upkeep
|
|t:|1758951800
|switch|p2a: Mew|Mew|100/100
|turn|5
|
|t:|1758951804
|move|p2a: Mew|Stealth Rock|p1a: Moltres
|-sidestart|p1: Sonzaisonder|move: Stealth Rock
|move|p1a: Moltres|U-turn|p2a: Mew
|-supereffective|p2a: Mew
|-damage|p2a: Mew|75/100
|
|t:|1758951810
|switch|p1a: Hoopa|Hoopa-Unbound|100/100|[from] U-turn
|-damage|p1a: Hoopa|88/100|[from] Stealth Rock
|
|upkeep
|turn|6
|
|t:|1758951816
|move|p2a: Mew|Knock Off|p1a: Hoopa
|-damage|p1a: Hoopa|50/100
|-enditem|p1a: Hoopa|Choice Band|[from] move: Knock Off|[of] p2a: Mew
|move|p1a: Hoopa|Hyperspace Fury|p2a: Mew
|-supereffective|p2a: Mew
|-damage|p2a: Mew|0 fnt
|-unboost|p1a: Hoopa|def|1
|faint|p2a: Mew
|-item|p1a: Hoopa|Mental Herb|[from] ability: Magician|[of] p2: Mew
|
|upkeep
|
|t:|1758951840
|switch|p2a: Gardevoir|Gardevoir, F|100/100
|-ability|p2a: Gardevoir|Magician|Trace|[from] ability: Trace|[of] p1a: Hoopa
|turn|7
|
|t:|1758951848
|switch|p1a: Slowking|Slowking-Galar, F|100/100
|move|p2a: Gardevoir|Moonblast|p1a: Slowking
|-resisted|p1a: Slowking
|-damage|p1a: Slowking|88/100
|
|upkeep
|turn|8
|l|☆Sonzaisonder
|player|p1|
|j|☆Sonzaisonder
|player|p1|Sonzaisonder|steven|
|
|t:|1758951864
|switch|p2a: Mamoswine|Mamoswine, F|100/100
|move|p1a: Slowking|Sludge Bomb|p2a: Mamoswine
|-resisted|p2a: Mamoswine
|-damage|p2a: Mamoswine|78/100
|-status|p2a: Mamoswine|psn
|
|-damage|p2a: Mamoswine|66/100 psn|[from] psn
|upkeep
|turn|9
|
|t:|1758951879
|switch|p1a: Keldeo|Keldeo-Resolute|100/100
|-damage|p1a: Keldeo|94/100|[from] Stealth Rock
|move|p2a: Mamoswine|Icicle Crash|p1a: Keldeo|[miss]
|-miss|p2a: Mamoswine|p1a: Keldeo
|
|-damage|p2a: Mamoswine|53/100 psn|[from] psn
|upkeep
|turn|10
|
|t:|1758951892
|move|p1a: Keldeo|Secret Sword|p2a: Mamoswine
|-supereffective|p2a: Mamoswine
|-damage|p2a: Mamoswine|0 fnt
|faint|p2a: Mamoswine
|
|upkeep
|
|t:|1758951899
|switch|p2a: Zapdos|Zapdos-Galar|100/100
|turn|11
|l|☆Sonzaisonder
|player|p1|
|j|☆Sonzaisonder
|player|p1|Sonzaisonder|steven|
|
|t:|1758951966
|switch|p1a: Hoopa|Hoopa-Unbound|50/100
|-damage|p1a: Hoopa|38/100|[from] Stealth Rock
|move|p2a: Zapdos|Bulk Up|p2a: Zapdos
|-boost|p2a: Zapdos|atk|1
|-boost|p2a: Zapdos|def|1
|
|upkeep
|turn|12
|
|t:|1758951990
|-terastallize|p2a: Zapdos|Fire
|move|p2a: Zapdos|Bulk Up|p2a: Zapdos
|-boost|p2a: Zapdos|atk|1
|-boost|p2a: Zapdos|def|1
|move|p1a: Hoopa|Zen Headbutt|p2a: Zapdos
|-damage|p2a: Zapdos|69/100
|
|upkeep
|turn|13
|
|t:|1758952002
|move|p2a: Zapdos|Acrobatics|p1a: Hoopa
|-damage|p1a: Hoopa|0 fnt
|faint|p1a: Hoopa
|
|upkeep
|
|t:|1758952009
|switch|p1a: Keldeo|Keldeo-Resolute|94/100
|-damage|p1a: Keldeo|88/100|[from] Stealth Rock
|turn|14
|
|t:|1758952013
|move|p1a: Keldeo|Surf|p2a: Zapdos
|-supereffective|p2a: Zapdos
|-damage|p2a: Zapdos|0 fnt
|faint|p2a: Zapdos
|
|upkeep
|
|t:|1758952020
|switch|p2a: Gardevoir|Gardevoir, F|100/100
|-ability|p2a: Gardevoir|Justified|Trace|[from] ability: Trace|[of] p1a: Keldeo
|turn|15
|
|t:|1758952031
|switch|p1a: Slowking|Slowking-Galar, F|100/100
|move|p2a: Gardevoir|Psychic|p1a: Slowking
|-damage|p1a: Slowking|75/100
|
|upkeep
|turn|16
|inactive|Battle timer is ON: inactive players will automatically lose when time's up. (requested by Sonzaisonder)
|
|t:|1758952039
|move|p2a: Gardevoir|Psychic|p1a: Slowking
|-damage|p1a: Slowking|47/100
|move|p1a: Slowking|Sludge Bomb|p2a: Gardevoir
|-supereffective|p2a: Gardevoir
|-damage|p2a: Gardevoir|24/100
|-status|p2a: Gardevoir|psn
|
|-damage|p2a: Gardevoir|12/100 psn|[from] psn
|upkeep
|turn|17
|
|t:|1758952047
|move|p2a: Gardevoir|Psychic|p1a: Slowking
|-damage|p1a: Slowking|18/100
|move|p1a: Slowking|Sludge Bomb|p2a: Gardevoir
|-supereffective|p2a: Gardevoir
|-damage|p2a: Gardevoir|0 fnt
|faint|p2a: Gardevoir
|
|upkeep
|
|t:|1758952055
|switch|p2a: Volcanion|Volcanion|100/100
|turn|18
|
|t:|1758952060
|switch|p1a: Moltres|Moltres|83/100
|move|p2a: Volcanion|Steam Eruption|p1a: Moltres
|-supereffective|p1a: Moltres
|-damage|p1a: Moltres|0 fnt
|faint|p1a: Moltres
|
|upkeep
|
|t:|1758952067
|switch|p1a: Keldeo|Keldeo-Resolute|88/100
|-damage|p1a: Keldeo|82/100|[from] Stealth Rock
|turn|19
|
|t:|1758952079
|move|p1a: Keldeo|Secret Sword|p2a: Volcanion
|-damage|p2a: Volcanion|44/100
|move|p2a: Volcanion|Focus Blast|p1a: Keldeo
|-damage|p1a: Keldeo|33/100
|
|upkeep
|turn|20
|
|t:|1758952086
|move|p1a: Keldeo|Secret Sword|p2a: Volcanion
|-damage|p2a: Volcanion|0 fnt
|faint|p2a: Volcanion
|
|win|Sonzaisonder
|raw|Sonzaisonder's rating: 1320 &rarr; <strong>1339</strong><br />(+19 for winning)
|raw|The Moz's rating: 1307 &rarr; <strong>1288</strong><br />(-19 for losing)
|l|☆The Moz
|player|p2|
|l|☆Sonzaisonder
|player|p1|
