|j|☆55 tacos
|j|☆Kyokatsu2009
|t:|1758945968
|gametype|singles
|player|p1|55 tacos|red|1262
|player|p2|Kyokatsu2009|169|1294
|gen|9
|tier|[Gen 9] OU
|rated|
|rule|HP Percentage Mod: HP is shown in percentages
|rule|Endless Battle Clause: Forcing endless battles is banned
|rule|Species Clause: Limit one of each Pokémon
|rule|OHKO Clause: OHKO moves are banned
|rule|Evasion Items Clause: Evasion items are banned
|rule|Evasion Moves Clause: Evasion moves are banned
|rule|Evasion Abilities Clause: Evasion abilities are banned
|rule|Sleep Moves Clause: Sleep-inducing moves are banned
|clearpoke
|poke|p1|Garganacl, F|
|poke|p1|Tatsugiri-Stretchy, F|
|poke|p1|Terrakion|
|poke|p1|Ogerpon-Wellspring, F|
|poke|p1|Landorus-Therian, M|
|poke|p1|Thundurus-Therian, M|
|poke|p2|Weavile, F|
|poke|p2|Magnezone|
|poke|p2|Landorus-Therian, M|
|poke|p2|Weezing-Galar, F|
|poke|p2|Slowking, M|
|poke|p2|Dragapult, F|
|teampreview
|inactive|Battle timer is ON: inactive players will automatically lose when time's up. (requested by 55 tacos)
|
|t:|1758945982
|teamsize|p1|6
|teamsize|p2|6
|start
|switch|p1a: Landorus|Landorus-Therian, M, shiny|100/100
|switch|p2a: Landorus|Landorus-Therian, M|100/100
|-ability|p1a: Landorus|Intimidate|boost
|-unboost|p2a: Landorus|atk|1
|-ability|p2a: Landorus|Intimidate|boost
|-unboost|p1a: Landorus|atk|1
|turn|1
|
|t:|1758945991
|move|p1a: Landorus|Taunt|p2a: Landorus
|-start|p2a: Landorus|move: Taunt
|cant|p2a: Landorus|move: Taunt|Stealth Rock
|
|upkeep
|turn|2
|
|t:|1758945997
|move|p1a: Landorus|U-turn|p2a: Landorus
|-resisted|p2a: Landorus
|-damage|p2a: Landorus|94/100
|-damage|p1a: Landorus|84/100|[from] item: Rocky Helmet|[of] p2a: Landorus
|
|t:|1758946003
|switch|p1a: Garganacl|Garganacl, F, shiny|100/100|[from] U-turn
|move|p2a: Landorus|U-turn|p1a: Garganacl
|-damage|p1a: Garganacl|93/100
|
|t:|1758946011
|switch|p2a: Magnezone|Magnezone|100/100|[from] U-turn
|
|-heal|p1a: Garganacl|99/100|[from] item: Leftovers
|upkeep
|turn|3
|
|t:|1758946029
|-terastallize|p1a: Garganacl|Ghost
|move|p2a: Magnezone|Flash Cannon|p1a: Garganacl
|-damage|p1a: Garganacl|54/100
|move|p1a: Garganacl|Stealth Rock|p2a: Magnezone
|-sidestart|p2: Kyokatsu2009|move: Stealth Rock
|
|-heal|p1a: Garganacl|60/100|[from] item: Leftovers
|upkeep
|turn|4
|
|t:|1758946035
|move|p1a: Garganacl|Protect|p1a: Garganacl
|-singleturn|p1a: Garganacl|Protect
|move|p2a: Magnezone|Thunderbolt|p1a: Garganacl
|-activate|p1a: Garganacl|move: Protect
|
|-heal|p1a: Garganacl|66/100|[from] item: Leftovers
|upkeep
|turn|5
|
|t:|1758946052
|move|p2a: Magnezone|Thunderbolt|p1a: Garganacl
|-damage|p1a: Garganacl|18/100
|move|p1a: Garganacl|Salt Cure|p2a: Magnezone
|-resisted|p2a: Magnezone
|-damage|p2a: Magnezone|94/100
|-start|p2a: Magnezone|Salt Cure
|
|-heal|p1a: Garganacl|25/100|[from] item: Leftovers
|-damage|p2a: Magnezone|69/100|[from] Salt Cure
|upkeep
|turn|6
|
|t:|1758946059
|move|p1a: Garganacl|Protect|p1a: Garganacl
|-singleturn|p1a: Garganacl|Protect
|move|p2a: Magnezone|Volt Switch|p1a: Garganacl
|-activate|p1a: Garganacl|move: Protect
|
|-heal|p1a: Garganacl|31/100|[from] item: Leftovers
|-damage|p2a: Magnezone|45/100|[from] Salt Cure
|upkeep
|turn|7
|
|t:|1758946069
|switch|p2a: Landorus|Landorus-Therian, M|94/100
|-damage|p2a: Landorus|82/100|[from] Stealth Rock
|-ability|p2a: Landorus|Intimidate|boost
|-unboost|p1a: Garganacl|atk|1
|switch|p1a: Landorus|Landorus-Therian, M, shiny|84/100
|-ability|p1a: Landorus|Intimidate|boost
|-unboost|p2a: Landorus|atk|1
|
|upkeep
|turn|8
|
|t:|1758946074
|move|p1a: Landorus|Taunt|p2a: Landorus
|-start|p2a: Landorus|move: Taunt
|move|p2a: Landorus|U-turn|p1a: Landorus
|-resisted|p1a: Landorus
|-damage|p1a: Landorus|75/100
|-damage|p2a: Landorus|66/100|[from] item: Rocky Helmet|[of] p1a: Landorus
|
|t:|1758946086
|switch|p2a: Dragapult|Dragapult, F|100/100|[from] U-turn
|
|upkeep
|turn|9
|
|t:|1758946100
|switch|p1a: Thundurus|Thundurus-Therian, M, shiny|100/100
|move|p2a: Dragapult|Dragon Dance|p2a: Dragapult
|-boost|p2a: Dragapult|atk|1
|-boost|p2a: Dragapult|spe|1
|
|upkeep
|turn|10
|
|t:|1758946111
|move|p2a: Dragapult|Dragon Darts|p1a: Thundurus
|-damage|p1a: Thundurus|40/100
|-anim|p2a: Dragapult|Dragon Darts|p1a: Thundurus
|-damage|p1a: Thundurus|0 fnt
|faint|p1a: Thundurus
|
|upkeep
|
|t:|1758946126
|switch|p1a: Landorus|Landorus-Therian, M, shiny|75/100
|-ability|p1a: Landorus|Intimidate|boost
|-fail|p2a: Dragapult|unboost|[from] ability: Clear Body|[of] p2a: Dragapult
|turn|11
|
|t:|1758946133
|move|p2a: Dragapult|Dragon Darts|p1a: Landorus
|-damage|p1a: Landorus|23/100
|-anim|p2a: Dragapult|Dragon Darts|p1a: Landorus
|-damage|p1a: Landorus|0 fnt
|faint|p1a: Landorus
|
|upkeep
|
|t:|1758946144
|switch|p1a: Terrakion|Terrakion, shiny|100/100
|turn|12
|
|t:|1758946148
|move|p2a: Dragapult|Dragon Darts|p1a: Terrakion
|-damage|p1a: Terrakion|52/100
|-anim|p2a: Dragapult|Dragon Darts|p1a: Terrakion
|-damage|p1a: Terrakion|7/100
|move|p1a: Terrakion|Stone Edge|p2a: Dragapult
|-damage|p2a: Dragapult|0 fnt
|faint|p2a: Dragapult
|
|upkeep
|
|t:|1758946158
|switch|p2a: Weavile|Weavile, F|100/100
|-ability|p2a: Weavile|Pressure
|turn|13
|
|t:|1758946162
|move|p2a: Weavile|Ice Shard|p1a: Terrakion
|-damage|p1a: Terrakion|0 fnt
|faint|p1a: Terrakion
|
|upkeep
|
|t:|1758946176
|switch|p1a: Ogerpon|Ogerpon-Wellspring, F|100/100
|turn|14
|
|t:|1758946182
|switch|p2a: Magnezone|Magnezone|45/100
|-damage|p2a: Magnezone|38/100|[from] Stealth Rock
|move|p1a: Ogerpon|Leech Seed|p2a: Magnezone
|-start|p2a: Magnezone|move: Leech Seed
|
|-damage|p2a: Magnezone|26/100|[from] Leech Seed|[of] p1a: Ogerpon
|upkeep
|turn|15
|
|t:|1758946190
|move|p1a: Ogerpon|Spiky Shield|p1a: Ogerpon
|-singleturn|p1a: Ogerpon|move: Protect
|move|p2a: Magnezone|Volt Switch|p1a: Ogerpon
|-activate|p1a: Ogerpon|move: Protect
|
|-damage|p2a: Magnezone|14/100|[from] Leech Seed|[of] p1a: Ogerpon
|upkeep
|turn|16
|
|t:|1758946197
|move|p1a: Ogerpon|Ivy Cudgel|p2a: Magnezone|[anim] Ivy Cudgel Water
|-damage|p2a: Magnezone|0 fnt
|faint|p2a: Magnezone
|
|upkeep
|
|t:|1758946207
|switch|p2a: Landorus|Landorus-Therian, M|66/100
|-damage|p2a: Landorus|53/100|[from] Stealth Rock
|-ability|p2a: Landorus|Intimidate|boost
|-unboost|p1a: Ogerpon|atk|1
|turn|17
|
|t:|1758946214
|switch|p2a: Slowking|Slowking, M|100/100
|-damage|p2a: Slowking|88/100|[from] Stealth Rock
|move|p1a: Ogerpon|Ivy Cudgel|p2a: Slowking|[anim] Ivy Cudgel Water
|-resisted|p2a: Slowking
|-damage|p2a: Slowking|76/100
|
|-heal|p2a: Slowking|82/100|[from] item: Leftovers
|upkeep
|turn|18
|
|t:|1758946218
|move|p1a: Ogerpon|Ivy Cudgel|p2a: Slowking|[anim] Ivy Cudgel Water
|-resisted|p2a: Slowking
|-damage|p2a: Slowking|70/100
|-prepare|p2a: Slowking|Chilly Reception|[premajor]
|move|p2a: Slowking|Chilly Reception|p2a: Slowking
|-weather|Snowscape
|
|t:|1758946229
|switch|p2a: Weavile|Weavile, F|100/100|[from] Chilly Reception
|-ability|p2a: Weavile|Pressure
|
|-weather|Snowscape|[upkeep]
|upkeep
|turn|19
|
|t:|1758946237
|move|p1a: Ogerpon|Spiky Shield|p1a: Ogerpon
|-singleturn|p1a: Ogerpon|move: Protect
|move|p2a: Weavile|Swords Dance|p2a: Weavile
|-boost|p2a: Weavile|atk|2
|
|-weather|Snowscape|[upkeep]
|upkeep
|turn|20
|
|t:|1758946249
|switch|p1a: Garganacl|Garganacl, F, shiny, tera:Ghost|31/100
|move|p2a: Weavile|Knock Off|p1a: Garganacl
|-supereffective|p1a: Garganacl
|-damage|p1a: Garganacl|0 fnt
|-enditem|p1a: Garganacl|Leftovers|[from] move: Knock Off|[of] p2a: Weavile
|faint|p1a: Garganacl
|
|-weather|Snowscape|[upkeep]
|upkeep
|
|t:|1758946254
|switch|p1a: Tatsugiri|Tatsugiri-Stretchy, F, shiny|100/100
|turn|21
|
|t:|1758946261
|move|p2a: Weavile|Knock Off|p1a: Tatsugiri
|-damage|p1a: Tatsugiri|0 fnt
|-enditem|p1a: Tatsugiri|Heavy-Duty Boots|[from] move: Knock Off|[of] p2a: Weavile
|faint|p1a: Tatsugiri
|
|-weather|Snowscape|[upkeep]
|upkeep
|
|t:|1758946264
|switch|p1a: Ogerpon|Ogerpon-Wellspring, F|100/100
|turn|22
|
|t:|1758946268
|move|p2a: Weavile|Icicle Crash|p1a: Ogerpon
|-damage|p1a: Ogerpon|10/100
|move|p1a: Ogerpon|Leech Seed|p2a: Weavile
|-start|p2a: Weavile|move: Leech Seed
|
|-weather|none
|-damage|p2a: Weavile|88/100|[from] Leech Seed|[of] p1a: Ogerpon
|-heal|p1a: Ogerpon|20/100|[silent]
|upkeep
|turn|23
|
|t:|1758946275
|move|p1a: Ogerpon|Spiky Shield|p1a: Ogerpon
|-singleturn|p1a: Ogerpon|move: Protect
|move|p2a: Weavile|Knock Off|p1a: Ogerpon
|-activate|p1a: Ogerpon|move: Protect
|-damage|p2a: Weavile|76/100|[from] Spiky Shield|[of] p1a: Ogerpon
|
|-damage|p2a: Weavile|63/100|[from] Leech Seed|[of] p1a: Ogerpon
|-heal|p1a: Ogerpon|30/100|[silent]
|upkeep
|turn|24
|
|t:|1758946282
|move|p2a: Weavile|Knock Off|p1a: Ogerpon
|-damage|p1a: Ogerpon|0 fnt
|faint|p1a: Ogerpon
|
|win|Kyokatsu2009
|raw|55 tacos's rating: 1262 &rarr; <strong>1239</strong><br />(-23 for losing)
|raw|Kyokatsu2009's rating: 1294 &rarr; <strong>1317</strong><br />(+23 for winning)
|l|☆55 tacos
|player|p1|
|l|☆Kyokatsu2009
|player|p2|
|j| raditzisthebest
|l| raditzisthebest
