|j|☆zhuangmou
|j|☆Shubway
|t:|1758971016
|gametype|singles
|player|p1|zhuangmou|red|1513
|player|p2|Shubway|265|1496
|gen|9
|tier|[Gen 9] OU
|rated|
|rule|HP Percentage Mod: HP is shown in percentages
|rule|Endless Battle Clause: Forcing endless battles is banned
|rule|Species Clause: Limit one of each Pokémon
|rule|OHKO Clause: OHKO moves are banned
|rule|Evasion Items Clause: Evasion items are banned
|rule|Evasion Moves Clause: Evasion moves are banned
|rule|Evasion Abilities Clause: Evasion abilities are banned
|rule|Sleep Moves Clause: Sleep-inducing moves are banned
|clearpoke
|poke|p1|Darkrai|
|poke|p1|Great Tusk|
|poke|p1|Landorus-Therian, M|
|poke|p1|Dragapult, M|
|poke|p1|Heatran, M|
|poke|p1|Bronzong|
|poke|p2|Cinderace, M|
|poke|p2|Ting-Lu|
|poke|p2|Enamorus, F|
|poke|p2|Quaquaval, F|
|poke|p2|Scizor, F|
|poke|p2|Raging Bolt|
|teampreview
|inactive|Battle timer is ON: inactive players will automatically lose when time's up. (requested by zhuangmou)
|inactive|zhuangmou has 120 seconds left.
|
|t:|1758971058
|teamsize|p1|6
|teamsize|p2|6
|start
|switch|p1a: Dragapult|Dragapult, M|100/100
|switch|p2a: Cinderace|Cinderace, M|100/100
|turn|1
|
|t:|1758971065
|move|p2a: Cinderace|Sucker Punch|p1a: Dragapult
|-start|p2a: Cinderace|typechange|Dark|[from] ability: Libero
|-supereffective|p1a: Dragapult
|-damage|p1a: Dragapult|8/100
|move|p1a: Dragapult|Dragon Darts|p2a: Cinderace
|-damage|p2a: Cinderace|46/100
|-anim|p1a: Dragapult|Dragon Darts|p2a: Cinderace
|-damage|p2a: Cinderace|0 fnt
|faint|p2a: Cinderace
|
|upkeep
|
|t:|1758971070
|switch|p2a: Quaquaval|Quaquaval, F|100/100
|turn|2
|
|t:|1758971100
|-terastallize|p2a: Quaquaval|Steel
|move|p1a: Dragapult|Dragon Darts|p2a: Quaquaval
|-resisted|p2a: Quaquaval
|-damage|p2a: Quaquaval|77/100
|-anim|p1a: Dragapult|Dragon Darts|p2a: Quaquaval
|-resisted|p2a: Quaquaval
|-damage|p2a: Quaquaval|55/100
|move|p2a: Quaquaval|Aqua Step|p1a: Dragapult
|-resisted|p1a: Dragapult
|-damage|p1a: Dragapult|0 fnt
|-boost|p2a: Quaquaval|spe|1
|faint|p1a: Dragapult
|-ability|p2a: Quaquaval|Moxie|boost
|-boost|p2a: Quaquaval|atk|1
|
|-heal|p2a: Quaquaval|61/100|[from] item: Leftovers
|upkeep
|inactive|zhuangmou has 120 seconds left.
|
|t:|1758971124
|switch|p1a: Landorus|Landorus-Therian, M|100/100
|-ability|p1a: Landorus|Intimidate|boost
|-unboost|p2a: Quaquaval|atk|1
|turn|3
|
|t:|1758971138
|move|p2a: Quaquaval|Ice Spinner|p1a: Landorus
|-supereffective|p1a: Landorus
|-damage|p1a: Landorus|19/100
|-damage|p2a: Quaquaval|45/100|[from] item: Rocky Helmet|[of] p1a: Landorus
|move|p1a: Landorus|Earthquake|p2a: Quaquaval
|-supereffective|p2a: Quaquaval
|-damage|p2a: Quaquaval|0 fnt
|faint|p2a: Quaquaval
|
|upkeep
|
|t:|1758971150
|switch|p2a: Enamorus|Enamorus, F|100/100
|turn|4
|inactive|zhuangmou has 120 seconds left.
|inactive|zhuangmou has 90 seconds left.
|
|t:|1758971191
|switch|p1a: Bronzong|Bronzong|100/100
|move|p2a: Enamorus|Mystical Fire|p1a: Bronzong
|-supereffective|p1a: Bronzong
|-damage|p1a: Bronzong|48/100
|-unboost|p1a: Bronzong|spa|1
|-damage|p2a: Enamorus|91/100|[from] item: Life Orb
|
|upkeep
|turn|5
|inactive|zhuangmou has 90 seconds left.
|
|t:|1758971204
|-terastallize|p1a: Bronzong|Fairy
|move|p2a: Enamorus|Mystical Fire|p1a: Bronzong
|-damage|p1a: Bronzong|21/100
|-unboost|p1a: Bronzong|spa|1
|-damage|p2a: Enamorus|81/100|[from] item: Life Orb
|move|p1a: Bronzong|Gyro Ball|p2a: Enamorus
|-supereffective|p2a: Enamorus
|-damage|p2a: Enamorus|0 fnt
|faint|p2a: Enamorus
|
|upkeep
|
|t:|1758971213
|switch|p2a: Scizor|Scizor, F|100/100
|turn|6
|
|t:|1758971223
|switch|p1a: Landorus|Landorus-Therian, M|19/100
|-ability|p1a: Landorus|Intimidate|boost
|-unboost|p2a: Scizor|atk|1
|move|p2a: Scizor|Bullet Punch|p1a: Landorus
|-damage|p1a: Landorus|2/100
|-damage|p2a: Scizor|84/100|[from] item: Rocky Helmet|[of] p1a: Landorus
|
|upkeep
|turn|7
|
|t:|1758971226
|move|p2a: Scizor|Bullet Punch|p1a: Landorus
|-damage|p1a: Landorus|0 fnt
|-damage|p2a: Scizor|67/100|[from] item: Rocky Helmet|[of] p1a: Landorus
|faint|p1a: Landorus
|
|upkeep
|inactive|zhuangmou has 90 seconds left.
|
|t:|1758971259
|switch|p1a: Great Tusk|Great Tusk|100/100
|-enditem|p1a: Great Tusk|Booster Energy
|-activate|p1a: Great Tusk|ability: Protosynthesis|[fromitem]
|-start|p1a: Great Tusk|protosynthesisatk
|turn|8
|inactive|zhuangmou has 90 seconds left.
|
|t:|1758971283
|move|p1a: Great Tusk|Headlong Rush|p2a: Scizor
|-damage|p2a: Scizor|0 fnt
|-unboost|p1a: Great Tusk|def|1
|-unboost|p1a: Great Tusk|spd|1
|-damage|p1a: Great Tusk|84/100|[from] item: Rocky Helmet|[of] p2a: Scizor
|faint|p2a: Scizor
|
|upkeep
|
|t:|1758971286
|switch|p2a: Ting-Lu|Ting-Lu|100/100
|-ability|p2a: Ting-Lu|Vessel of Ruin
|turn|9
|
|t:|1758971290
|move|p1a: Great Tusk|Close Combat|p2a: Ting-Lu
|-supereffective|p2a: Ting-Lu
|-damage|p2a: Ting-Lu|17/100
|-unboost|p1a: Great Tusk|def|1
|-unboost|p1a: Great Tusk|spd|1
|-damage|p1a: Great Tusk|68/100|[from] item: Rocky Helmet|[of] p2a: Ting-Lu
|move|p2a: Ting-Lu|Earthquake|p1a: Great Tusk
|-damage|p1a: Great Tusk|13/100
|
|upkeep
|turn|10
|
|t:|1758971296
|move|p1a: Great Tusk|Ice Spinner|p2a: Ting-Lu
|-supereffective|p2a: Ting-Lu
|-damage|p2a: Ting-Lu|0 fnt
|-damage|p1a: Great Tusk|0 fnt|[from] item: Rocky Helmet|[of] p2a: Ting-Lu
|faint|p2a: Ting-Lu
|faint|p1a: Great Tusk
|-end|p1a: Great Tusk|Protosynthesis|[silent]
|
|upkeep
|
|t:|1758971304
|switch|p1a: Heatran|Heatran, M|100/100
|switch|p2a: Raging Bolt|Raging Bolt|100/100
|turn|11
|
|t:|1758971308
|move|p1a: Heatran|Magma Storm|p2a: Raging Bolt|[miss]
|-miss|p1a: Heatran|p2a: Raging Bolt
|move|p2a: Raging Bolt|Calm Mind|p2a: Raging Bolt
|-boost|p2a: Raging Bolt|spa|1
|-boost|p2a: Raging Bolt|spd|1
|
|upkeep
|turn|12
|
|t:|1758971310
|move|p1a: Heatran|Earth Power|p2a: Raging Bolt
|-supereffective|p2a: Raging Bolt
|-damage|p2a: Raging Bolt|64/100
|move|p2a: Raging Bolt|Calm Mind|p2a: Raging Bolt
|-boost|p2a: Raging Bolt|spa|1
|-boost|p2a: Raging Bolt|spd|1
|
|-heal|p2a: Raging Bolt|71/100|[from] item: Leftovers
|upkeep
|turn|13
|
|t:|1758971314
|move|p1a: Heatran|Earth Power|p2a: Raging Bolt
|-supereffective|p2a: Raging Bolt
|-damage|p2a: Raging Bolt|42/100
|move|p2a: Raging Bolt|Thunderbolt|p1a: Heatran
|-damage|p1a: Heatran|40/100
|
|-heal|p1a: Heatran|47/100|[from] item: Leftovers
|-heal|p2a: Raging Bolt|49/100|[from] item: Leftovers
|upkeep
|turn|14
|
|t:|1758971317
|move|p1a: Heatran|Earth Power|p2a: Raging Bolt
|-supereffective|p2a: Raging Bolt
|-damage|p2a: Raging Bolt|22/100
|move|p2a: Raging Bolt|Thunderbolt|p1a: Heatran
|-damage|p1a: Heatran|0 fnt
|faint|p1a: Heatran
|
|-heal|p2a: Raging Bolt|28/100|[from] item: Leftovers
|upkeep
|
|t:|1758971321
|switch|p1a: Darkrai|Darkrai|100/100
|turn|15
|
|t:|1758971325
|move|p1a: Darkrai|Ice Beam|p2a: Raging Bolt
|-supereffective|p2a: Raging Bolt
|-damage|p2a: Raging Bolt|0 fnt
|faint|p2a: Raging Bolt
|-end|p2a: Raging Bolt|Protosynthesis|[silent]
|-damage|p1a: Darkrai|91/100|[from] item: Life Orb
|
|win|zhuangmou
|raw|zhuangmou's rating: 1513 &rarr; <strong>1532</strong><br />(+19 for winning)
|raw|Shubway's rating: 1496 &rarr; <strong>1477</strong><br />(-19 for losing)
|l|☆Shubway
|player|p2|
|l|☆zhuangmou
|player|p1|
