|j|☆nono_229
|j|☆enesthesans
|t:|1759063014
|gametype|singles
|player|p1|nono_229|102|1108
|player|p2|enesthesans|koga|1071
|gen|9
|tier|[Gen 9] OU
|rated|
|rule|HP Percentage Mod: HP is shown in percentages
|rule|Endless Battle Clause: Forcing endless battles is banned
|rule|Species Clause: Limit one of each Pokémon
|rule|OHKO Clause: OHKO moves are banned
|rule|Evasion Items Clause: Evasion items are banned
|rule|Evasion Moves Clause: Evasion moves are banned
|rule|Evasion Abilities Clause: Evasion abilities are banned
|rule|Sleep Moves Clause: Sleep-inducing moves are banned
|clearpoke
|poke|p1|Charizard, F|
|poke|p1|Torkoal, F|
|poke|p1|Hatterene, F|
|poke|p1|Great Tusk|
|poke|p1|Lilligant-Hisui, F|
|poke|p1|Walking Wake|
|poke|p2|Empoleon, M|
|poke|p2|Lycanroc, M|
|poke|p2|Granbull, M|
|poke|p2|Breloom, F|
|poke|p2|Mabosstiff, M|
|poke|p2|Polteageist|
|teampreview
|inactive|Battle timer is ON: inactive players will automatically lose when time's up. (requested by enesthesans)
|
|t:|1759063029
|teamsize|p1|6
|teamsize|p2|6
|start
|switch|p1a: 梓川月乃|Hatterene, F|100/100
|switch|p2a: Sweeper|Empoleon, M, shiny|100/100
|turn|1
|
|t:|1759063039
|move|p2a: Sweeper|Agility|p2a: Sweeper
|-boost|p2a: Sweeper|spe|2
|move|p1a: 梓川月乃|Nuzzle|p2a: Sweeper
|-supereffective|p2a: Sweeper
|-damage|p2a: Sweeper|91/100
|-status|p2a: Sweeper|par
|
|upkeep
|turn|2
|
|t:|1759063059
|switch|p1a: 河内恭介|Torkoal, F, shiny|100/100
|-weather|SunnyDay|[from] ability: Drought|[of] p1a: 河内恭介
|move|p2a: Sweeper|Agility|p2a: Sweeper
|-boost|p2a: Sweeper|spe|2
|
|-weather|SunnyDay|[upkeep]
|upkeep
|turn|3
|inactive|nono_229 has 120 seconds left.
|
|t:|1759063083
|switch|p1a: 诹访原戒|Lilligant-Hisui, F, shiny|100/100
|move|p2a: Sweeper|Metal Sound|p1a: 诹访原戒
|-unboost|p1a: 诹访原戒|spd|2
|-enditem|p2a: Sweeper|Throat Spray
|-boost|p2a: Sweeper|spa|1|[from] item: Throat Spray
|
|-weather|SunnyDay|[upkeep]
|upkeep
|turn|4
|inactive|nono_229 has 120 seconds left.
|
|t:|1759063098
|move|p1a: 诹访原戒|Close Combat|p2a: Sweeper
|-supereffective|p2a: Sweeper
|-damage|p2a: Sweeper|0 fnt
|-unboost|p1a: 诹访原戒|def|1
|-unboost|p1a: 诹访原戒|spd|1
|faint|p2a: Sweeper
|-damage|p1a: 诹访原戒|91/100|[from] item: Life Orb
|
|-weather|SunnyDay|[upkeep]
|upkeep
|
|t:|1759063109
|switch|p2a: Rocky|Lycanroc, M|100/100
|turn|5
|inactive|nono_229 has 120 seconds left.
|
|t:|1759063125
|move|p1a: 诹访原戒|Solar Blade||[still]
|-prepare|p1a: 诹访原戒|Solar Blade
|-anim|p1a: 诹访原戒|Solar Blade|p2a: Rocky
|-supereffective|p2a: Rocky
|-enditem|p2a: Rocky|Focus Sash
|-damage|p2a: Rocky|1/100
|-damage|p1a: 诹访原戒|81/100|[from] item: Life Orb
|move|p2a: Rocky|Endeavor|p1a: 诹访原戒
|-damage|p1a: 诹访原戒|1/100
|
|-weather|SunnyDay|[upkeep]
|upkeep
|turn|6
|
|t:|1759063129
|move|p2a: Rocky|Accelerock|p1a: 诹访原戒
|-resisted|p1a: 诹访原戒
|-damage|p1a: 诹访原戒|0 fnt
|faint|p1a: 诹访原戒
|
|-weather|SunnyDay|[upkeep]
|upkeep
|inactive|nono_229 has 120 seconds left.
|
|t:|1759063153
|switch|p1a: 松代健|Great Tusk|100/100
|-activate|p1a: 松代健|ability: Protosynthesis
|-start|p1a: 松代健|protosynthesisatk
|turn|7
|inactive|nono_229 has 120 seconds left.
|
|t:|1759063160
|move|p2a: Rocky|Endeavor|p1a: 松代健
|-damage|p1a: 松代健|1/100
|move|p1a: 松代健|Knock Off|p2a: Rocky
|-damage|p2a: Rocky|0 fnt
|faint|p2a: Rocky
|
|-weather|SunnyDay|[upkeep]
|upkeep
|
|t:|1759063171
|switch|p2a: Doge|Mabosstiff, M|100/100
|-ability|p2a: Doge|Intimidate|boost
|-unboost|p1a: 松代健|atk|1
|-enditem|p1a: 松代健|Eject Pack
|inactive|nono_229 has 120 seconds left.
|
|t:|1759063196
|-end|p1a: 松代健|Protosynthesis|[silent]
|switch|p1a: 东和马|Charizard, F, shiny|100/100
|turn|8
|
|t:|1759063207
|move|p2a: Doge|Crunch|p1a: 东和马
|-damage|p1a: 东和马|43/100
|move|p1a: 东和马|Focus Blast|p2a: Doge
|-supereffective|p2a: Doge
|-damage|p2a: Doge|0 fnt
|faint|p2a: Doge
|
|-weather|SunnyDay|[upkeep]
|-damage|p1a: 东和马|30/100|[from] ability: Solar Power|[of] p1a: 东和马
|upkeep
|
|t:|1759063212
|switch|p2a: Polteageist|Polteageist|100/100
|turn|9
|
|t:|1759063220
|move|p1a: 东和马|Focus Blast|p2a: Polteageist
|-immune|p2a: Polteageist
|move|p2a: Polteageist|Shell Smash|p2a: Polteageist
|-unboost|p2a: Polteageist|def|1
|-unboost|p2a: Polteageist|spd|1
|-boost|p2a: Polteageist|atk|2
|-boost|p2a: Polteageist|spa|2
|-boost|p2a: Polteageist|spe|2
|-enditem|p2a: Polteageist|White Herb
|-clearnegativeboost|p2a: Polteageist|[silent]
|
|-weather|none
|upkeep
|turn|10
|inactive|nono_229 has 120 seconds left.
|
|t:|1759063233
|switch|p1a: 松代健|Great Tusk|1/100
|move|p2a: Polteageist|Shell Smash|p2a: Polteageist
|-unboost|p2a: Polteageist|def|1
|-unboost|p2a: Polteageist|spd|1
|-boost|p2a: Polteageist|atk|2
|-boost|p2a: Polteageist|spa|2
|-boost|p2a: Polteageist|spe|2
|
|upkeep
|turn|11
|inactive|nono_229 has 120 seconds left.
|
|t:|1759063240
|move|p2a: Polteageist|Shadow Ball|p1a: 松代健
|-damage|p1a: 松代健|0 fnt
|faint|p1a: 松代健
|-end|p1a: 松代健|Protosynthesis|[silent]
|
|upkeep
|inactive|nono_229 has 120 seconds left.
|
|t:|1759063246
|switch|p1a: 梓川月乃|Hatterene, F|100/100
|turn|12
|inactive|nono_229 has 120 seconds left.
|
|t:|1759063256
|-terastallize|p1a: 梓川月乃|Dark
|move|p2a: Polteageist|Shadow Ball|p1a: 梓川月乃
|-resisted|p1a: 梓川月乃
|-damage|p1a: 梓川月乃|34/100
|-enditem|p1a: 梓川月乃|Eject Button
|inactive|nono_229 has 120 seconds left.
|
|t:|1759063263
|switch|p1a: 河内恭介|Torkoal, F, shiny|100/100
|-weather|SunnyDay|[from] ability: Drought|[of] p1a: 河内恭介
|
|-weather|SunnyDay|[upkeep]
|upkeep
|turn|13
|
|t:|1759063268
|move|p2a: Polteageist|Stored Power|p1a: 河内恭介
|-damage|p1a: 河内恭介|0 fnt
|faint|p1a: 河内恭介
|
|-weather|SunnyDay|[upkeep]
|upkeep
|l|☆nono_229
|inactive|nono_229 disconnected and has a minute to reconnect!
|player|p1|
|j|☆nono_229
|inactive|nono_229 reconnected and has 120 seconds left.
|player|p1|nono_229|102|
|c|☆enesthesans|can you just forfeit?
|inactive|nono_229 has 90 seconds left.
|inactive|nono_229 has 60 seconds left.
|inactive|nono_229 has 30 seconds left.
|inactive|nono_229 has 20 seconds left.
|inactive|nono_229 has 15 seconds left.
|inactive|nono_229 has 10 seconds left.
|inactive|nono_229 has 5 seconds left.
|-message|nono_229 lost due to inactivity.
|
|win|enesthesans
|raw|nono_229's rating: 1108 &rarr; <strong>1080</strong><br />(-28 for losing)
|raw|enesthesans's rating: 1071 &rarr; <strong>1103</strong><br />(+32 for winning)
