|j|☆jyvon12811
|j|☆Cinder D Ace
|t:|1758975625
|gametype|singles
|player|p1|jyvon12811|266|1527
|player|p2|Cinder D Ace|parasollady|1535
|gen|9
|tier|[Gen 9] OU
|rated|
|rule|HP Percentage Mod: HP is shown in percentages
|rule|Endless Battle Clause: Forcing endless battles is banned
|rule|Species Clause: Limit one of each Pokémon
|rule|OHKO Clause: OHKO moves are banned
|rule|Evasion Items Clause: Evasion items are banned
|rule|Evasion Moves Clause: Evasion moves are banned
|rule|Evasion Abilities Clause: Evasion abilities are banned
|rule|Sleep Moves Clause: Sleep-inducing moves are banned
|clearpoke
|poke|p1|Rillaboom, F|
|poke|p1|Gholdengo|
|poke|p1|Raging Bolt|
|poke|p1|Zamazenta-*|
|poke|p1|Slowking-Galar, F|
|poke|p1|Great Tusk|
|poke|p2|Dragonite, F|
|poke|p2|Garganacl, F|
|poke|p2|Great Tusk|
|poke|p2|Primarina, M|
|poke|p2|Hydrapple, F|
|poke|p2|Darkrai|
|teampreview
|inactive|Battle timer is ON: inactive players will automatically lose when time's up. (requested by jyvon12811)
|
|t:|1758975641
|teamsize|p1|6
|teamsize|p2|6
|start
|switch|p1a: Zamazenta|Zamazenta|100/100
|switch|p2a: Hydrapple|Hydrapple, F, shiny|100/100
|-ability|p1a: Zamazenta|Dauntless Shield|boost
|-boost|p1a: Zamazenta|def|1
|turn|1
|
|t:|1758975645
|move|p1a: Zamazenta|Ice Fang|p2a: Hydrapple
|-supereffective|p2a: Hydrapple
|-damage|p2a: Hydrapple|29/100
|-damage|p1a: Zamazenta|91/100|[from] item: Life Orb
|move|p2a: Hydrapple|Fickle Beam|p1a: Zamazenta|[anim] Fickle Beam All Out
|-activate|p2a: Hydrapple|move: Fickle Beam
|-damage|p1a: Zamazenta|34/100
|
|upkeep
|turn|2
|
|t:|1758975653
|switch|p2a: Great Tusk|Great Tusk|100/100
|move|p1a: Zamazenta|Close Combat|p2a: Great Tusk
|-damage|p2a: Great Tusk|56/100
|-unboost|p1a: Zamazenta|def|1
|-unboost|p1a: Zamazenta|spd|1
|-damage|p1a: Zamazenta|17/100|[from] item: Rocky Helmet|[of] p2a: Great Tusk
|-damage|p1a: Zamazenta|8/100|[from] item: Life Orb
|
|upkeep
|turn|3
|
|t:|1758975667
|switch|p1a: Great Tusk|Great Tusk|100/100
|-end|p2a: Great Tusk|Protosynthesis|[silent]
|switch|p2a: Primarina|Primarina, M|100/100
|
|upkeep
|turn|4
|
|t:|1758975673
|move|p1a: Great Tusk|Stealth Rock|p2a: Primarina
|-sidestart|p2: Cinder D Ace|move: Stealth Rock
|move|p2a: Primarina|Flip Turn|p1a: Great Tusk
|-supereffective|p1a: Great Tusk
|-damage|p1a: Great Tusk|83/100
|
|t:|1758975675
|switch|p2a: Hydrapple|Hydrapple, F, shiny|62/100|[from] Flip Turn
|
|upkeep
|turn|5
|
|t:|1758975683
|-end|p1a: Great Tusk|Protosynthesis|[silent]
|switch|p1a: Slowking|Slowking-Galar, F|100/100
|switch|p2a: Great Tusk|Great Tusk|56/100
|-damage|p2a: Great Tusk|53/100|[from] Stealth Rock
|
|upkeep
|turn|6
|
|t:|1758975692
|switch|p1a: Rillaboom|Rillaboom, F|100/100
|-fieldstart|move: Grassy Terrain|[from] ability: Grassy Surge|[of] p1a: Rillaboom
|move|p2a: Great Tusk|Earthquake|p1a: Rillaboom
|-resisted|p1a: Rillaboom
|-damage|p1a: Rillaboom|91/100
|
|-heal|p2a: Great Tusk|60/100|[from] Grassy Terrain
|-heal|p1a: Rillaboom|97/100|[from] Grassy Terrain
|upkeep
|turn|7
|
|t:|1758975695
|-end|p2a: Great Tusk|Protosynthesis|[silent]
|switch|p2a: Hydrapple|Hydrapple, F, shiny|96/100
|switch|p1a: Gholdengo|Gholdengo|100/100
|-enditem|p1a: Gholdengo|Grassy Seed
|-boost|p1a: Gholdengo|def|1|[from] item: Grassy Seed
|
|-heal|p2a: Hydrapple|100/100|[from] Grassy Terrain
|upkeep
|turn|8
|
|t:|1758975702
|move|p1a: Gholdengo|Nasty Plot|p1a: Gholdengo
|-boost|p1a: Gholdengo|spa|2
|move|p2a: Hydrapple|Dragon Tail|p1a: Gholdengo
|-resisted|p1a: Gholdengo
|-damage|p1a: Gholdengo|97/100
|drag|p1a: Great Tusk|Great Tusk|83/100
|
|-heal|p1a: Great Tusk|89/100|[from] Grassy Terrain
|upkeep
|turn|9
|
|t:|1758975706
|move|p1a: Great Tusk|Ice Spinner|p2a: Hydrapple
|-supereffective|p2a: Hydrapple
|-damage|p2a: Hydrapple|46/100
|-fieldend|move: Grassy Terrain
|move|p2a: Hydrapple|Giga Drain|p1a: Great Tusk
|-supereffective|p1a: Great Tusk
|-damage|p1a: Great Tusk|14/100
|-heal|p2a: Hydrapple|85/100|[from] drain|[of] p1a: Great Tusk
|
|upkeep
|turn|10
|
|t:|1758975712
|-end|p1a: Great Tusk|Protosynthesis|[silent]
|switch|p1a: Slowking|Slowking-Galar, F|100/100
|move|p2a: Hydrapple|Giga Drain|p1a: Slowking
|-resisted|p1a: Slowking
|-damage|p1a: Slowking|93/100
|-heal|p2a: Hydrapple|89/100|[from] drain|[of] p1a: Slowking
|
|upkeep
|turn|11
|
|t:|1758975718
|switch|p2a: Garganacl|Garganacl, F|100/100
|-damage|p2a: Garganacl|88/100|[from] Stealth Rock
|move|p1a: Slowking|Ice Beam|p2a: Garganacl
|-damage|p2a: Garganacl|67/100
|
|-heal|p2a: Garganacl|74/100|[from] item: Leftovers
|upkeep
|turn|12
|
|t:|1758975727
|switch|p1a: Rillaboom|Rillaboom, F|97/100
|-fieldstart|move: Grassy Terrain|[from] ability: Grassy Surge|[of] p1a: Rillaboom
|move|p2a: Garganacl|Salt Cure|p1a: Rillaboom
|-damage|p1a: Rillaboom|84/100
|-start|p1a: Rillaboom|Salt Cure
|
|-heal|p1a: Rillaboom|90/100|[from] Grassy Terrain
|-heal|p2a: Garganacl|80/100|[from] Grassy Terrain
|-heal|p2a: Garganacl|86/100|[from] item: Leftovers
|-damage|p1a: Rillaboom|78/100|[from] Salt Cure
|upkeep
|turn|13
|
|t:|1758975740
|switch|p2a: Hydrapple|Hydrapple, F, shiny|100/100
|move|p1a: Rillaboom|U-turn|p2a: Hydrapple
|-supereffective|p2a: Hydrapple
|-damage|p2a: Hydrapple|70/100
|
|t:|1758975744
|switch|p1a: Raging Bolt|Raging Bolt|100/100|[from] U-turn
|-enditem|p1a: Raging Bolt|Grassy Seed
|-boost|p1a: Raging Bolt|def|1|[from] item: Grassy Seed
|
|-heal|p2a: Hydrapple|76/100|[from] Grassy Terrain
|upkeep
|turn|14
|
|t:|1758975750
|-terastallize|p1a: Raging Bolt|Fairy
|move|p1a: Raging Bolt|Calm Mind|p1a: Raging Bolt
|-boost|p1a: Raging Bolt|spa|1
|-boost|p1a: Raging Bolt|spd|1
|move|p2a: Hydrapple|Fickle Beam|p1a: Raging Bolt
|-immune|p1a: Raging Bolt
|
|-heal|p2a: Hydrapple|82/100|[from] Grassy Terrain
|upkeep
|turn|15
|
|t:|1758975764
|switch|p2a: Primarina|Primarina, M|100/100
|-damage|p2a: Primarina|88/100|[from] Stealth Rock
|move|p1a: Raging Bolt|Calm Mind|p1a: Raging Bolt
|-boost|p1a: Raging Bolt|spa|1
|-boost|p1a: Raging Bolt|spd|1
|
|-heal|p2a: Primarina|94/100|[from] Grassy Terrain
|upkeep
|turn|16
|
|t:|1758975772
|move|p1a: Raging Bolt|Thunderbolt|p2a: Primarina
|-supereffective|p2a: Primarina
|-damage|p2a: Primarina|0 fnt
|faint|p2a: Primarina
|
|-fieldend|move: Grassy Terrain
|upkeep
|
|t:|1758975774
|switch|p2a: Garganacl|Garganacl, F|86/100
|-damage|p2a: Garganacl|74/100|[from] Stealth Rock
|turn|17
|
|t:|1758975777
|move|p1a: Raging Bolt|Thunderbolt|p2a: Garganacl
|-damage|p2a: Garganacl|0 fnt
|faint|p2a: Garganacl
|
|upkeep
|
|t:|1758975781
|switch|p2a: Great Tusk|Great Tusk|60/100
|-damage|p2a: Great Tusk|57/100|[from] Stealth Rock
|turn|18
|
|t:|1758975787
|move|p2a: Great Tusk|Earthquake|p1a: Raging Bolt
|-damage|p1a: Raging Bolt|75/100
|move|p1a: Raging Bolt|Tera Blast|p2a: Great Tusk|[anim] Tera Blast Fairy
|-supereffective|p2a: Great Tusk
|-damage|p2a: Great Tusk|0 fnt
|faint|p2a: Great Tusk
|-end|p2a: Great Tusk|Protosynthesis|[silent]
|
|upkeep
|
|t:|1758975792
|switch|p2a: Dragonite|Dragonite, F|100/100
|turn|19
|
|t:|1758975799
|-terastallize|p2a: Dragonite|Fairy
|move|p2a: Dragonite|Tera Blast|p1a: Raging Bolt|[anim] Tera Blast Fairy
|-damage|p1a: Raging Bolt|46/100
|move|p1a: Raging Bolt|Tera Blast|p2a: Dragonite|[anim] Tera Blast Fairy
|-damage|p2a: Dragonite|55/100
|
|upkeep
|turn|20
|
|t:|1758975806
|move|p2a: Dragonite|Roost|p2a: Dragonite
|-heal|p2a: Dragonite|100/100
|move|p1a: Raging Bolt|Thunderbolt|p2a: Dragonite
|-damage|p2a: Dragonite|50/100
|
|upkeep
|turn|21
|
|t:|1758975811
|move|p2a: Dragonite|Tera Blast|p1a: Raging Bolt|[anim] Tera Blast Fairy
|-damage|p1a: Raging Bolt|17/100
|move|p1a: Raging Bolt|Thunderbolt|p2a: Dragonite
|-damage|p2a: Dragonite|0 fnt
|faint|p2a: Dragonite
|
|upkeep
|
|t:|1758975814
|switch|p2a: Darkrai|Darkrai|100/100
|turn|22
|
|t:|1758975818
|move|p1a: Raging Bolt|Thunderclap||[still]
|-fail|p1a: Raging Bolt
|move|p2a: Darkrai|Nasty Plot|p2a: Darkrai
|-boost|p2a: Darkrai|spa|2
|
|upkeep
|turn|23
|
|t:|1758975821
|move|p1a: Raging Bolt|Thunderclap|p2a: Darkrai
|-damage|p2a: Darkrai|0 fnt
|faint|p2a: Darkrai
|
|upkeep
|-message|Cinder D Ace forfeited.
|
|win|jyvon12811
|raw|jyvon12811's rating: 1527 &rarr; <strong>1547</strong><br />(+20 for winning)
|raw|Cinder D Ace's rating: 1535 &rarr; <strong>1515</strong><br />(-20 for losing)
|l|☆Cinder D Ace
|player|p2|
