|j|‽theonlydork
|j|☆eraax10
|t:|1758987082
|gametype|singles
|player|p1|theonlydork|170|1633
|player|p2|eraax10|170|1637
|gen|9
|tier|[Gen 9] OU
|rated|
|rule|HP Percentage Mod: HP is shown in percentages
|rule|Endless Battle Clause: Forcing endless battles is banned
|rule|Species Clause: Limit one of each Pokémon
|rule|OHKO Clause: OHKO moves are banned
|rule|Evasion Items Clause: Evasion items are banned
|rule|Evasion Moves Clause: Evasion moves are banned
|rule|Evasion Abilities Clause: Evasion abilities are banned
|rule|Sleep Moves Clause: Sleep-inducing moves are banned
|clearpoke
|poke|p1|Dragonite, M|
|poke|p1|Gholdengo|
|poke|p1|Iron Treads|
|poke|p1|Quaquaval, M|
|poke|p1|Slowking-Galar, M|
|poke|p1|Ting-Lu|
|poke|p2|Gholdengo|
|poke|p2|Dragonite, F|
|poke|p2|Raging Bolt|
|poke|p2|Great Tusk|
|poke|p2|Iron Valiant|
|poke|p2|Ting-Lu|
|teampreview
|
|t:|1758987088
|teamsize|p1|6
|teamsize|p2|6
|start
|switch|p1a: Gholdengo|Gholdengo|100/100
|switch|p2a: Great Tusk|Great Tusk, shiny|100/100
|turn|1
|
|t:|1758987097
|-end|p2a: Great Tusk|Protosynthesis|[silent]
|switch|p2a: Ting-Lu|Ting-Lu|100/100
|-ability|p2a: Ting-Lu|Vessel of Ruin
|move|p1a: Gholdengo|Dazzling Gleam|p2a: Ting-Lu
|-supereffective|p2a: Ting-Lu
|-damage|p2a: Ting-Lu|76/100
|
|-heal|p2a: Ting-Lu|82/100|[from] item: Leftovers
|upkeep
|turn|2
|inactive|Battle timer is ON: inactive players will automatically lose when time's up. (requested by theonlydork)
|
|t:|1758987105
|switch|p1a: Ting-Lu|Ting-Lu|100/100
|-ability|p1a: Ting-Lu|Vessel of Ruin
|move|p2a: Ting-Lu|Ruination|p1a: Ting-Lu
|-damage|p1a: Ting-Lu|51/100
|
|-heal|p2a: Ting-Lu|88/100|[from] item: Leftovers
|-heal|p1a: Ting-Lu|57/100|[from] item: Leftovers
|upkeep
|turn|3
|
|t:|1758987112
|move|p2a: Ting-Lu|Stealth Rock|p1a: Ting-Lu
|-sidestart|p1: theonlydork|move: Stealth Rock
|move|p1a: Ting-Lu|Spikes|p2a: Ting-Lu
|-sidestart|p2: eraax10|Spikes
|
|-heal|p2a: Ting-Lu|94/100|[from] item: Leftovers
|-heal|p1a: Ting-Lu|63/100|[from] item: Leftovers
|upkeep
|turn|4
|
|t:|1758987116
|move|p2a: Ting-Lu|Ruination|p1a: Ting-Lu
|-damage|p1a: Ting-Lu|32/100
|move|p1a: Ting-Lu|Ruination|p2a: Ting-Lu
|-damage|p2a: Ting-Lu|47/100
|
|-heal|p2a: Ting-Lu|54/100|[from] item: Leftovers
|-heal|p1a: Ting-Lu|38/100|[from] item: Leftovers
|upkeep
|turn|5
|
|t:|1758987123
|switch|p1a: Dragonite|Dragonite, M|100/100
|move|p2a: Ting-Lu|Earthquake|p1a: Dragonite
|-immune|p1a: Dragonite
|
|-heal|p2a: Ting-Lu|60/100|[from] item: Leftovers
|upkeep
|turn|6
|
|t:|1758987132
|switch|p1a: Slowking|Slowking-Galar, M|100/100
|-damage|p1a: Slowking|88/100|[from] Stealth Rock
|move|p2a: Ting-Lu|Ruination|p1a: Slowking
|-damage|p1a: Slowking|44/100
|
|-heal|p2a: Ting-Lu|66/100|[from] item: Leftovers
|upkeep
|turn|7
|
|t:|1758987137
|move|p2a: Ting-Lu|Earthquake|p1a: Slowking
|-supereffective|p1a: Slowking
|-enditem|p1a: Slowking|Shuca Berry|[eat]
|-enditem|p1a: Slowking|Shuca Berry|[weaken]
|-damage|p1a: Slowking|18/100
|-prepare|p1a: Slowking|Chilly Reception|[premajor]
|move|p1a: Slowking|Chilly Reception|p1a: Slowking
|-weather|Snowscape
|
|t:|1758987141
|switch|p1a: Quaquaval|Quaquaval, M|100/100|[from] Chilly Reception
|-damage|p1a: Quaquaval|94/100|[from] Stealth Rock
|
|-weather|Snowscape|[upkeep]
|-heal|p2a: Ting-Lu|72/100|[from] item: Leftovers
|upkeep
|turn|8
|
|t:|1758987149
|-terastallize|p2a: Ting-Lu|Water
|move|p1a: Quaquaval|U-turn|p2a: Ting-Lu
|-damage|p2a: Ting-Lu|54/100
|
|t:|1758987168
|switch|p1a: Dragonite|Dragonite, M|100/100|[from] U-turn
|move|p2a: Ting-Lu|Earthquake|p1a: Dragonite
|-immune|p1a: Dragonite
|
|-weather|Snowscape|[upkeep]
|-heal|p2a: Ting-Lu|60/100|[from] item: Leftovers
|upkeep
|turn|9
|
|t:|1758987174
|switch|p1a: Gholdengo|Gholdengo|100/100
|-damage|p1a: Gholdengo|94/100|[from] Stealth Rock
|move|p2a: Ting-Lu|Ruination|p1a: Gholdengo
|-damage|p1a: Gholdengo|47/100
|
|-weather|Snowscape|[upkeep]
|-heal|p2a: Ting-Lu|67/100|[from] item: Leftovers
|upkeep
|turn|10
|
|t:|1758987180
|move|p1a: Gholdengo|Trick|p2a: Ting-Lu
|-activate|p1a: Gholdengo|move: Trick|[of] p2a: Ting-Lu
|-item|p2a: Ting-Lu|Choice Scarf|[from] move: Trick
|-item|p1a: Gholdengo|Leftovers|[from] move: Trick
|move|p2a: Ting-Lu|Earthquake|p1a: Gholdengo
|-supereffective|p1a: Gholdengo
|-damage|p1a: Gholdengo|0 fnt
|faint|p1a: Gholdengo
|
|-weather|Snowscape|[upkeep]
|upkeep
|
|t:|1758987189
|switch|p1a: Dragonite|Dragonite, M|100/100
|turn|11
|
|t:|1758987192
|switch|p1a: Quaquaval|Quaquaval, M|94/100
|-damage|p1a: Quaquaval|88/100|[from] Stealth Rock
|switch|p2a: Great Tusk|Great Tusk, shiny|100/100
|-damage|p2a: Great Tusk|88/100|[from] Spikes
|
|-weather|none
|upkeep
|turn|12
|
|t:|1758987198
|-end|p2a: Great Tusk|Protosynthesis|[silent]
|switch|p2a: Ting-Lu|Ting-Lu, tera:Water|67/100
|-damage|p2a: Ting-Lu|54/100|[from] Spikes
|-ability|p2a: Ting-Lu|Vessel of Ruin
|move|p1a: Quaquaval|Aqua Step|p2a: Ting-Lu
|-resisted|p2a: Ting-Lu
|-damage|p2a: Ting-Lu|39/100
|-boost|p1a: Quaquaval|spe|1
|
|upkeep
|turn|13
|
|t:|1758987218
|switch|p1a: Ting-Lu|Ting-Lu|38/100
|-damage|p1a: Ting-Lu|32/100|[from] Stealth Rock
|-ability|p1a: Ting-Lu|Vessel of Ruin
|move|p2a: Ting-Lu|Earthquake|p1a: Ting-Lu
|-damage|p1a: Ting-Lu|9/100
|
|-heal|p1a: Ting-Lu|15/100|[from] item: Leftovers
|upkeep
|turn|14
|
|t:|1758987226
|switch|p1a: Dragonite|Dragonite, M|100/100
|move|p2a: Ting-Lu|Earthquake|p1a: Dragonite
|-immune|p1a: Dragonite
|
|upkeep
|turn|15
|
|t:|1758987232
|switch|p1a: Quaquaval|Quaquaval, M|88/100
|-damage|p1a: Quaquaval|82/100|[from] Stealth Rock
|switch|p2a: Great Tusk|Great Tusk, shiny|88/100
|-damage|p2a: Great Tusk|76/100|[from] Spikes
|
|upkeep
|turn|16
|
|t:|1758987243
|-end|p2a: Great Tusk|Protosynthesis|[silent]
|switch|p2a: Ting-Lu|Ting-Lu, tera:Water|39/100
|-damage|p2a: Ting-Lu|27/100|[from] Spikes
|-ability|p2a: Ting-Lu|Vessel of Ruin
|move|p1a: Quaquaval|Aqua Step|p2a: Ting-Lu
|-resisted|p2a: Ting-Lu
|-damage|p2a: Ting-Lu|11/100
|-boost|p1a: Quaquaval|spe|1
|
|upkeep
|turn|17
|
|t:|1758987251
|move|p1a: Quaquaval|Aqua Step|p2a: Ting-Lu
|-resisted|p2a: Ting-Lu
|-damage|p2a: Ting-Lu|0 fnt
|-boost|p1a: Quaquaval|spe|1
|faint|p2a: Ting-Lu
|-ability|p1a: Quaquaval|Moxie|boost
|-boost|p1a: Quaquaval|atk|1
|
|upkeep
|
|t:|1758987255
|switch|p2a: Great Neck|Raging Bolt|100/100
|-damage|p2a: Great Neck|88/100|[from] Spikes
|turn|18
|
|t:|1758987259
|switch|p1a: Iron Treads|Iron Treads|100/100
|-damage|p1a: Iron Treads|97/100|[from] Stealth Rock
|move|p2a: Great Neck|Draco Meteor|p1a: Iron Treads
|-resisted|p1a: Iron Treads
|-damage|p1a: Iron Treads|16/100
|-unboost|p2a: Great Neck|spa|2
|
|-heal|p1a: Iron Treads|22/100|[from] item: Leftovers
|upkeep
|turn|19
|
|t:|1758987271
|-end|p2a: Great Neck|Protosynthesis|[silent]
|switch|p2a: Great Tusk|Great Tusk, shiny|76/100
|-damage|p2a: Great Tusk|63/100|[from] Spikes
|move|p1a: Iron Treads|Stealth Rock|p2a: Great Tusk
|-sidestart|p2: eraax10|move: Stealth Rock
|
|-heal|p1a: Iron Treads|28/100|[from] item: Leftovers
|upkeep
|turn|20
|
|t:|1758987276
|-terastallize|p1a: Iron Treads|Ghost
|move|p1a: Iron Treads|Rapid Spin|p2a: Great Tusk
|-damage|p2a: Great Tusk|53/100
|-boost|p1a: Iron Treads|spe|1
|-sideend|p1: theonlydork|Stealth Rock|[from] move: Rapid Spin|[of] p1a: Iron Treads
|move|p2a: Great Tusk|Rapid Spin|p1a: Iron Treads
|-immune|p1a: Iron Treads
|
|-heal|p1a: Iron Treads|34/100|[from] item: Leftovers
|upkeep
|turn|21
|
|t:|1758987286
|move|p1a: Iron Treads|Earthquake|p2a: Great Tusk
|-damage|p2a: Great Tusk|23/100
|move|p2a: Great Tusk|Headlong Rush|p1a: Iron Treads
|-crit|p1a: Iron Treads
|-damage|p1a: Iron Treads|0 fnt
|-unboost|p2a: Great Tusk|def|1
|-unboost|p2a: Great Tusk|spd|1
|faint|p1a: Iron Treads
|-end|p1a: Iron Treads|Quark Drive|[silent]
|
|upkeep
|
|t:|1758987294
|switch|p1a: Dragonite|Dragonite, M|100/100
|turn|22
|
|t:|1758987297
|move|p1a: Dragonite|Extreme Speed|p2a: Great Tusk
|-damage|p2a: Great Tusk|0 fnt
|faint|p2a: Great Tusk
|-end|p2a: Great Tusk|Protosynthesis|[silent]
|
|upkeep
|
|t:|1758987307
|switch|p2a: Gholdengo|Gholdengo, shiny|100/100
|-damage|p2a: Gholdengo|88/100|[from] Spikes
|-damage|p2a: Gholdengo|82/100|[from] Stealth Rock
|turn|23
|
|t:|1758987314
|switch|p1a: Ting-Lu|Ting-Lu|15/100
|-ability|p1a: Ting-Lu|Vessel of Ruin
|move|p2a: Gholdengo|Trick|p1a: Ting-Lu
|-activate|p2a: Gholdengo|move: Trick|[of] p1a: Ting-Lu
|-item|p1a: Ting-Lu|Choice Specs|[from] move: Trick
|-item|p2a: Gholdengo|Leftovers|[from] move: Trick
|
|-heal|p2a: Gholdengo|88/100|[from] item: Leftovers
|upkeep
|turn|24
|
|t:|1758987322
|switch|p2a: Dragonite|Dragonite, F, shiny|100/100
|move|p1a: Ting-Lu|Earthquake|p2a: Dragonite
|-immune|p2a: Dragonite
|
|upkeep
|turn|25
|
|t:|1758987329
|switch|p1a: Slowking|Slowking-Galar, M|52/100
|move|p2a: Dragonite|Earthquake|p1a: Slowking
|-supereffective|p1a: Slowking
|-damage|p1a: Slowking|0 fnt
|faint|p1a: Slowking
|
|upkeep
|
|t:|1758987334
|switch|p1a: Dragonite|Dragonite, M|100/100
|turn|26
|
|t:|1758987338
|move|p2a: Dragonite|Dragon Dance|p2a: Dragonite
|-boost|p2a: Dragonite|atk|1
|-boost|p2a: Dragonite|spe|1
|move|p1a: Dragonite|Dragon Dance|p1a: Dragonite
|-boost|p1a: Dragonite|atk|1
|-boost|p1a: Dragonite|spe|1
|
|upkeep
|turn|27
|
|t:|1758987346
|move|p2a: Dragonite|Outrage|p1a: Dragonite
|-supereffective|p1a: Dragonite
|-damage|p1a: Dragonite|0 fnt
|faint|p1a: Dragonite
|
|upkeep
|-message|theonlydork forfeited.
|
|win|eraax10
|raw|theonlydork's rating: 1633 &rarr; <strong>1613</strong><br />(-20 for losing)
|raw|eraax10's rating: 1637 &rarr; <strong>1657</strong><br />(+20 for winning)
|l|‽theonlydork
|player|p1|
|l|☆eraax10
|player|p2|
