|j|☆go b3yond
|j|☆acad_aver
|t:|1758990322
|gametype|singles
|player|p1|go b3yond|eusine|1428
|player|p2|acad_aver|n|1385
|gen|9
|tier|[Gen 9] OU
|rated|
|rule|HP Percentage Mod: HP is shown in percentages
|rule|Endless Battle Clause: Forcing endless battles is banned
|rule|Species Clause: Limit one of each Pokémon
|rule|OHKO Clause: OHKO moves are banned
|rule|Evasion Items Clause: Evasion items are banned
|rule|Evasion Moves Clause: Evasion moves are banned
|rule|Evasion Abilities Clause: Evasion abilities are banned
|rule|Sleep Moves Clause: Sleep-inducing moves are banned
|clearpoke
|poke|p1|Torkoal, M|
|poke|p1|Brute Bonnet|
|poke|p1|Walking Wake|
|poke|p1|Hatterene, F|
|poke|p1|Leavanny, M|
|poke|p1|Ceruledge, M|
|poke|p2|Conkeldurr, F|
|poke|p2|Alomomola, F|
|poke|p2|Slowking-Galar, M|
|poke|p2|Zamazenta-*|
|poke|p2|Iron Treads|
|poke|p2|Gholdengo|
|teampreview
|c|☆acad_aver|hf
|c|☆go b3yond|u2
|inactive|Battle timer is ON: inactive players will automatically lose when time's up. (requested by go b3yond)
|
|t:|1758990347
|teamsize|p1|6
|teamsize|p2|6
|start
|switch|p1a: Torkoal|Torkoal, M|100/100
|switch|p2a: Slowking|Slowking-Galar, M|100/100
|-weather|SunnyDay|[from] ability: Drought|[of] p1a: Torkoal
|turn|1
|
|t:|1758990361
|move|p1a: Torkoal|Stealth Rock|p2a: Slowking
|-sidestart|p2: acad_aver|move: Stealth Rock
|-prepare|p2a: Slowking|Chilly Reception|[premajor]
|move|p2a: Slowking|Chilly Reception|p2a: Slowking
|-weather|Snowscape
|
|t:|1758990374
|switch|p2a: Conkeldurr|Conkeldurr, F, shiny|100/100|[from] Chilly Reception
|-damage|p2a: Conkeldurr|94/100|[from] Stealth Rock
|
|-weather|Snowscape|[upkeep]
|-status|p2a: Conkeldurr|brn|[from] item: Flame Orb
|upkeep
|turn|2
|
|t:|1758990385
|switch|p1a: Witch|Hatterene, F, shiny|100/100
|move|p2a: Conkeldurr|Knock Off|p1a: Witch
|-damage|p1a: Witch|54/100
|-enditem|p1a: Witch|Eject Button|[from] move: Knock Off|[of] p2a: Conkeldurr
|
|-weather|Snowscape|[upkeep]
|-damage|p2a: Conkeldurr|88/100 brn|[from] brn
|upkeep
|turn|3
|
|t:|1758990396
|move|p2a: Conkeldurr|Facade|p1a: Witch
|-damage|p1a: Witch|0 fnt
|faint|p1a: Witch
|
|-weather|Snowscape|[upkeep]
|-damage|p2a: Conkeldurr|82/100 brn|[from] brn
|upkeep
|
|t:|1758990402
|switch|p1a: Leavanny|Leavanny, M|100/100
|turn|4
|
|t:|1758990408
|move|p1a: Leavanny|Leaf Storm|p2a: Conkeldurr
|-damage|p2a: Conkeldurr|28/100 brn
|-unboost|p1a: Leavanny|spa|2
|-enditem|p1a: Leavanny|Eject Pack
|
|t:|1758990412
|switch|p1a: Ceruledge|Ceruledge, M|100/100
|move|p2a: Conkeldurr|Facade|p1a: Ceruledge
|-immune|p1a: Ceruledge
|
|-weather|Snowscape|[upkeep]
|-damage|p2a: Conkeldurr|22/100 brn|[from] brn
|upkeep
|turn|5
|
|t:|1758990428
|switch|p2a: Alomomola|Alomomola, F|100/100
|-damage|p2a: Alomomola|88/100|[from] Stealth Rock
|move|p1a: Ceruledge|Swords Dance|p1a: Ceruledge
|-boost|p1a: Ceruledge|atk|2
|
|-weather|none
|upkeep
|turn|6
|
|t:|1758990445
|move|p1a: Ceruledge|Swords Dance|p1a: Ceruledge
|-boost|p1a: Ceruledge|atk|2
|move|p2a: Alomomola|Scald|p1a: Ceruledge
|-supereffective|p1a: Ceruledge
|-damage|p1a: Ceruledge|67/100
|
|upkeep
|turn|7
|c|☆acad_aver|I might be cooked
|
|t:|1758990462
|move|p1a: Ceruledge|Bitter Blade|p2a: Alomomola
|-resisted|p2a: Alomomola
|-damage|p2a: Alomomola|53/100
|-heal|p1a: Ceruledge|99/100|[from] drain|[of] p2a: Alomomola
|-damage|p1a: Ceruledge|82/100|[from] item: Rocky Helmet|[of] p2a: Alomomola
|move|p2a: Alomomola|Scald|p1a: Ceruledge
|-supereffective|p1a: Ceruledge
|-damage|p1a: Ceruledge|53/100
|
|upkeep
|turn|8
|
|t:|1758990478
|move|p1a: Ceruledge|Poltergeist|p2a: Alomomola
|-activate|p2a: Alomomola|move: Poltergeist|Rocky Helmet
|-damage|p2a: Alomomola|0 fnt
|faint|p2a: Alomomola
|
|upkeep
|
|t:|1758990481
|switch|p2a: Iron Treads|Iron Treads, shiny|100/100
|-damage|p2a: Iron Treads|97/100|[from] Stealth Rock
|turn|9
|
|t:|1758990493
|move|p1a: Ceruledge|Shadow Sneak|p2a: Iron Treads
|-damage|p2a: Iron Treads|47/100
|move|p2a: Iron Treads|Knock Off|p1a: Ceruledge
|-supereffective|p1a: Ceruledge
|-damage|p1a: Ceruledge|0 fnt
|-enditem|p1a: Ceruledge|Focus Sash|[from] move: Knock Off|[of] p2a: Iron Treads
|faint|p1a: Ceruledge
|
|-heal|p2a: Iron Treads|53/100|[from] item: Leftovers
|upkeep
|c|☆go b3yond|no ur good
|c|☆acad_aver|I got spooked
|
|t:|1758990515
|switch|p1a: Shark|Walking Wake|100/100
|turn|10
|
|t:|1758990528
|-end|p2a: Iron Treads|Quark Drive|[silent]
|switch|p2a: Slowking|Slowking-Galar, M|100/100
|move|p1a: Shark|Flip Turn|p2a: Slowking
|-damage|p2a: Slowking|83/100
|
|t:|1758990537
|-end|p1a: Shark|Protosynthesis|[silent]
|switch|p1a: Leavanny|Leavanny, M|100/100|[from] Flip Turn
|
|upkeep
|turn|11
|
|t:|1758990553
|move|p1a: Leavanny|Sticky Web|p2a: Slowking
|-sidestart|p2: acad_aver|move: Sticky Web
|move|p2a: Slowking|Sludge Bomb|p1a: Leavanny
|-supereffective|p1a: Leavanny
|-damage|p1a: Leavanny|0 fnt
|faint|p1a: Leavanny
|
|upkeep
|
|t:|1758990561
|switch|p1a: BRUTE FORCE|Brute Bonnet|100/100
|turn|12
|
|t:|1758990566
|switch|p2a: Zamazenta|Zamazenta|100/100
|-damage|p2a: Zamazenta|94/100|[from] Stealth Rock
|-activate|p2a: Zamazenta|move: Sticky Web
|-unboost|p2a: Zamazenta|spe|1
|-ability|p2a: Zamazenta|Dauntless Shield|boost
|-boost|p2a: Zamazenta|def|1
|-terastallize|p1a: BRUTE FORCE|Fire
|move|p1a: BRUTE FORCE|Growth|p1a: BRUTE FORCE
|-boost|p1a: BRUTE FORCE|atk|1
|-boost|p1a: BRUTE FORCE|spa|1
|
|-heal|p2a: Zamazenta|100/100|[from] item: Leftovers
|upkeep
|turn|13
|
|t:|1758990586
|move|p2a: Zamazenta|Iron Defense|p2a: Zamazenta
|-boost|p2a: Zamazenta|def|2
|move|p1a: BRUTE FORCE|Bullet Seed|p2a: Zamazenta
|-damage|p2a: Zamazenta|94/100
|-damage|p2a: Zamazenta|88/100
|-damage|p2a: Zamazenta|81/100
|-damage|p2a: Zamazenta|75/100
|-hitcount|p2a: Zamazenta|4
|
|-heal|p2a: Zamazenta|81/100|[from] item: Leftovers
|upkeep
|turn|14
|
|t:|1758990592
|-end|p1a: BRUTE FORCE|Protosynthesis|[silent]
|switch|p1a: Torkoal|Torkoal, M|100/100
|-weather|SunnyDay|[from] ability: Drought|[of] p1a: Torkoal
|move|p2a: Zamazenta|Body Press|p1a: Torkoal
|-damage|p1a: Torkoal|45/100
|
|-weather|SunnyDay|[upkeep]
|-heal|p2a: Zamazenta|88/100|[from] item: Leftovers
|upkeep
|turn|15
|
|t:|1758990600
|switch|p2a: Slowking|Slowking-Galar, M|100/100
|move|p1a: Torkoal|Flamethrower|p2a: Slowking
|-damage|p2a: Slowking|74/100
|
|-weather|SunnyDay|[upkeep]
|upkeep
|turn|16
|
|t:|1758990607
|move|p1a: Torkoal|Body Press|p2a: Slowking
|-resisted|p2a: Slowking
|-crit|p2a: Slowking
|-damage|p2a: Slowking|62/100
|-prepare|p2a: Slowking|Chilly Reception|[premajor]
|move|p2a: Slowking|Chilly Reception|p2a: Slowking
|-weather|Snowscape
|
|t:|1758990610
|switch|p2a: Iron Treads|Iron Treads, shiny|53/100|[from] Chilly Reception
|-damage|p2a: Iron Treads|50/100|[from] Stealth Rock
|-activate|p2a: Iron Treads|move: Sticky Web
|-unboost|p2a: Iron Treads|spe|1
|
|-weather|Snowscape|[upkeep]
|-heal|p2a: Iron Treads|56/100|[from] item: Leftovers
|upkeep
|turn|17
|
|t:|1758990615
|move|p2a: Iron Treads|Rapid Spin|p1a: Torkoal
|-damage|p1a: Torkoal|36/100
|-boost|p2a: Iron Treads|spe|1
|-sideend|p2: acad_aver|Stealth Rock|[from] move: Rapid Spin|[of] p2a: Iron Treads
|-sideend|p2: acad_aver|Sticky Web|[from] move: Rapid Spin|[of] p2a: Iron Treads
|move|p1a: Torkoal|Body Press|p2a: Iron Treads
|-supereffective|p2a: Iron Treads
|-damage|p2a: Iron Treads|0 fnt
|faint|p2a: Iron Treads
|-end|p2a: Iron Treads|Quark Drive|[silent]
|
|-weather|Snowscape|[upkeep]
|upkeep
|
|t:|1758990623
|switch|p2a: Conkeldurr|Conkeldurr, F, shiny|22/100 brn
|turn|18
|
|t:|1758990629
|switch|p1a: Shark|Walking Wake|100/100
|move|p2a: Conkeldurr|Facade|p1a: Shark
|-damage|p1a: Shark|8/100
|
|-weather|Snowscape|[upkeep]
|-damage|p2a: Conkeldurr|16/100 brn|[from] brn
|upkeep
|turn|19
|
|t:|1758990634
|move|p2a: Conkeldurr|Mach Punch|p1a: Shark
|-damage|p1a: Shark|0 fnt
|faint|p1a: Shark
|-end|p1a: Shark|Protosynthesis|[silent]
|
|-weather|Snowscape|[upkeep]
|-damage|p2a: Conkeldurr|10/100 brn|[from] brn
|upkeep
|-message|go b3yond forfeited.
|
|win|acad_aver
|raw|go b3yond's rating: 1428 &rarr; <strong>1406</strong><br />(-22 for losing)
|raw|acad_aver's rating: 1385 &rarr; <strong>1407</strong><br />(+22 for winning)
|l|☆go b3yond
|player|p1|
|c|☆acad_aver|gg
|l|☆acad_aver
|player|p2|
