|j|☆witdflow
|j|☆aria4games
|t:|1758983802
|gametype|singles
|player|p1|witdflow|norman|1306
|player|p2|aria4games|janine|1272
|gen|9
|tier|[Gen 9] OU
|rated|
|rule|HP Percentage Mod: HP is shown in percentages
|rule|Endless Battle Clause: Forcing endless battles is banned
|rule|Species Clause: Limit one of each Pokémon
|rule|OHKO Clause: OHKO moves are banned
|rule|Evasion Items Clause: Evasion items are banned
|rule|Evasion Moves Clause: Evasion moves are banned
|rule|Evasion Abilities Clause: Evasion abilities are banned
|rule|Sleep Moves Clause: Sleep-inducing moves are banned
|clearpoke
|poke|p1|Clefable, F|
|poke|p1|Weezing-Galar, M|
|poke|p1|Alomomola, F|
|poke|p1|Ting-Lu|
|poke|p1|Ditto|
|poke|p1|Vileplume, M|
|poke|p2|Gliscor, M|
|poke|p2|Reuniclus, M|
|poke|p2|Gholdengo|
|poke|p2|Weavile, F|
|poke|p2|Glimmora, M|
|poke|p2|Electrode-Hisui|
|teampreview
|
|t:|1758983806
|teamsize|p1|6
|teamsize|p2|6
|start
|switch|p1a: Ditto|Ditto, shiny|100/100
|switch|p2a: Anthony Davis|Electrode-Hisui|100/100
|-transform|p1a: Ditto|p2a: Anthony Davis|[from] ability: Imposter
|turn|1
|
|t:|1758983828
|move|p1a: Ditto|Volt Switch|p2a: Anthony Davis
|-resisted|p2a: Anthony Davis
|-damage|p2a: Anthony Davis|94/100
|
|t:|1758983832
|switch|p1a: Ting-Lu|Ting-Lu, shiny|100/100|[from] Volt Switch
|-ability|p1a: Ting-Lu|Vessel of Ruin
|move|p2a: Anthony Davis|Taunt|p1a: Ting-Lu
|-start|p1a: Ting-Lu|move: Taunt
|
|upkeep
|turn|2
|
|t:|1758983855
|switch|p2a: miami vile|Weavile, F, shiny|100/100
|-ability|p2a: miami vile|Pressure
|switch|p1a: Vileplume|Vileplume, M, shiny|100/100
|
|upkeep
|turn|3
|
|t:|1758983882
|switch|p1a: Alomomola|Alomomola, F, shiny|100/100
|move|p2a: miami vile|Triple Axel|p1a: Alomomola
|-resisted|p1a: Alomomola
|-damage|p1a: Alomomola|98/100
|-damage|p2a: miami vile|84/100|[from] item: Rocky Helmet|[of] p1a: Alomomola
|-resisted|p1a: Alomomola
|-damage|p1a: Alomomola|92/100
|-damage|p2a: miami vile|68/100|[from] item: Rocky Helmet|[of] p1a: Alomomola
|-resisted|p1a: Alomomola
|-damage|p1a: Alomomola|84/100
|-damage|p2a: miami vile|51/100|[from] item: Rocky Helmet|[of] p1a: Alomomola
|-hitcount|p1a: Alomomola|3
|
|upkeep
|turn|4
|
|t:|1758983888
|move|p2a: miami vile|Swords Dance|p2a: miami vile
|-boost|p2a: miami vile|atk|2
|move|p1a: Alomomola|Light Screen|p1a: Alomomola
|-sidestart|p1: witdflow|move: Light Screen
|
|upkeep
|turn|5
|
|t:|1758983892
|move|p2a: miami vile|Knock Off|p1a: Alomomola
|-damage|p1a: Alomomola|30/100
|-damage|p2a: miami vile|35/100|[from] item: Rocky Helmet|[of] p1a: Alomomola
|-enditem|p1a: Alomomola|Rocky Helmet|[from] move: Knock Off|[of] p2a: miami vile
|move|p1a: Alomomola|Flip Turn|p2a: miami vile
|-damage|p2a: miami vile|7/100
|
|t:|1758983899
|switch|p1a: Ditto|Ditto, shiny|100/100|[from] Flip Turn
|-transform|p1a: Ditto|p2a: miami vile|[from] ability: Imposter
|-ability|p1a: Ditto|Pressure
|
|upkeep
|turn|6
|
|t:|1758983907
|move|p2a: miami vile|Ice Shard|p1a: Ditto
|-resisted|p1a: Ditto
|-damage|p1a: Ditto|67/100
|move|p1a: Ditto|Knock Off|p2a: miami vile
|-resisted|p2a: miami vile
|-damage|p2a: miami vile|0 fnt
|-enditem|p2a: miami vile|Heavy-Duty Boots|[from] move: Knock Off|[of] p1a: Ditto
|faint|p2a: miami vile
|
|upkeep
|
|t:|1758983915
|switch|p2a: Anthony Davis|Electrode-Hisui|94/100
|turn|7
|
|t:|1758983919
|move|p1a: Ditto|Knock Off|p2a: Anthony Davis
|-damage|p2a: Anthony Davis|0 fnt
|-damage|p1a: Ditto|42/100|[from] ability: Aftermath|[of] p2a: Anthony Davis
|-enditem|p2a: Anthony Davis|Heavy-Duty Boots|[from] move: Knock Off|[of] p1a: Ditto
|faint|p2a: Anthony Davis
|
|upkeep
|
|t:|1758983923
|switch|p2a: holy moly|Glimmora, M|100/100
|-item|p2a: holy moly|Air Balloon
|turn|8
|
|t:|1758983933
|move|p1a: Ditto|Knock Off|p2a: holy moly
|-damage|p2a: holy moly|0 fnt
|-activate|p2a: holy moly|ability: Toxic Debris
|-sidestart|p1: witdflow|move: Toxic Spikes
|-enditem|p2a: holy moly|Air Balloon
|faint|p2a: holy moly
|
|-sideend|p1: witdflow|move: Light Screen
|upkeep
|
|t:|1758983940
|switch|p2a: guaphunter 777|Gholdengo|100/100
|turn|9
|
|t:|1758983946
|-terastallize|p2a: guaphunter 777|Fairy
|move|p1a: Ditto|Knock Off|p2a: guaphunter 777
|-resisted|p2a: guaphunter 777
|-damage|p2a: guaphunter 777|50/100
|-enditem|p2a: guaphunter 777|Choice Scarf|[from] move: Knock Off|[of] p1a: Ditto
|move|p2a: guaphunter 777|Make It Rain|p1a: Ditto
|-supereffective|p1a: Ditto
|-damage|p1a: Ditto|0 fnt
|-unboost|p2a: guaphunter 777|spa|1
|faint|p1a: Ditto
|
|upkeep
|
|t:|1758983956
|switch|p1a: Vileplume|Vileplume, M, shiny|100/100
|-sideend|p1: witdflow|move: Toxic Spikes|[of] p1a: Vileplume
|turn|10
|
|t:|1758983962
|switch|p2a: zero aura :(((|Gliscor, M, shiny|100/100
|move|p1a: Vileplume|Substitute|p1a: Vileplume
|-start|p1a: Vileplume|Substitute
|-damage|p1a: Vileplume|76/100
|
|-heal|p1a: Vileplume|82/100|[from] item: Leftovers
|-status|p2a: zero aura :(((|tox|[from] item: Toxic Orb
|upkeep
|turn|11
|
|t:|1758983968
|move|p2a: zero aura :(((|Swords Dance|p2a: zero aura :(((
|-boost|p2a: zero aura :(((|atk|2
|move|p1a: Vileplume|Leech Seed|p2a: zero aura :(((
|-start|p2a: zero aura :(((|move: Leech Seed
|
|-heal|p1a: Vileplume|88/100|[from] item: Leftovers
|-damage|p2a: zero aura :(((|88/100 tox|[from] Leech Seed|[of] p1a: Vileplume
|-heal|p1a: Vileplume|100/100|[silent]
|-heal|p2a: zero aura :(((|100/100 tox|[from] ability: Poison Heal
|upkeep
|turn|12
|
|t:|1758983972
|move|p2a: zero aura :(((|Swords Dance|p2a: zero aura :(((
|-boost|p2a: zero aura :(((|atk|2
|move|p1a: Vileplume|Substitute|p1a: Vileplume
|-fail|p1a: Vileplume|move: Substitute
|
|-damage|p2a: zero aura :(((|88/100 tox|[from] Leech Seed|[of] p1a: Vileplume
|-heal|p2a: zero aura :(((|100/100 tox|[from] ability: Poison Heal
|upkeep
|turn|13
|
|t:|1758983980
|switch|p1a: Clefable|Clefable, F, shiny|100/100
|move|p2a: zero aura :(((|Swords Dance|p2a: zero aura :(((
|-boost|p2a: zero aura :(((|atk|2
|
|-damage|p2a: zero aura :(((|88/100 tox|[from] Leech Seed|[of] p1a: Clefable
|-heal|p2a: zero aura :(((|100/100 tox|[from] ability: Poison Heal
|upkeep
|turn|14
|
|t:|1758983986
|move|p2a: zero aura :(((|Earthquake|p1a: Clefable
|-damage|p1a: Clefable|67/100
|move|p1a: Clefable|Cosmic Power|p1a: Clefable
|-boost|p1a: Clefable|def|1
|-boost|p1a: Clefable|spd|1
|
|-heal|p1a: Clefable|73/100|[from] item: Leftovers
|-damage|p2a: zero aura :(((|88/100 tox|[from] Leech Seed|[of] p1a: Clefable
|-heal|p1a: Clefable|84/100|[silent]
|-heal|p2a: zero aura :(((|100/100 tox|[from] ability: Poison Heal
|upkeep
|turn|15
|
|t:|1758983990
|move|p2a: zero aura :(((|Facade|p1a: Clefable
|-damage|p1a: Clefable|62/100
|move|p1a: Clefable|Wish|p1a: Clefable
|
|-heal|p1a: Clefable|69/100|[from] item: Leftovers
|-damage|p2a: zero aura :(((|88/100 tox|[from] Leech Seed|[of] p1a: Clefable
|-heal|p1a: Clefable|80/100|[silent]
|-heal|p2a: zero aura :(((|100/100 tox|[from] ability: Poison Heal
|upkeep
|turn|16
|
|t:|1758983993
|move|p2a: zero aura :(((|Earthquake|p1a: Clefable
|-crit|p1a: Clefable
|-damage|p1a: Clefable|23/100
|move|p1a: Clefable|Cosmic Power|p1a: Clefable
|-boost|p1a: Clefable|def|1
|-boost|p1a: Clefable|spd|1
|
|-heal|p1a: Clefable|73/100|[from] move: Wish|[wisher] Clefable
|-heal|p1a: Clefable|79/100|[from] item: Leftovers
|-damage|p2a: zero aura :(((|88/100 tox|[from] Leech Seed|[of] p1a: Clefable
|-heal|p1a: Clefable|90/100|[silent]
|-heal|p2a: zero aura :(((|100/100 tox|[from] ability: Poison Heal
|upkeep
|turn|17
|
|t:|1758983997
|move|p2a: zero aura :(((|Earthquake|p1a: Clefable
|-crit|p1a: Clefable
|-damage|p1a: Clefable|39/100
|move|p1a: Clefable|Cosmic Power|p1a: Clefable
|-boost|p1a: Clefable|def|1
|-boost|p1a: Clefable|spd|1
|
|-heal|p1a: Clefable|45/100|[from] item: Leftovers
|-damage|p2a: zero aura :(((|88/100 tox|[from] Leech Seed|[of] p1a: Clefable
|-heal|p1a: Clefable|56/100|[silent]
|-heal|p2a: zero aura :(((|100/100 tox|[from] ability: Poison Heal
|upkeep
|turn|18
|
|t:|1758983999
|move|p2a: zero aura :(((|Earthquake|p1a: Clefable
|-damage|p1a: Clefable|42/100
|move|p1a: Clefable|Wish|p1a: Clefable
|
|-heal|p1a: Clefable|48/100|[from] item: Leftovers
|-damage|p2a: zero aura :(((|88/100 tox|[from] Leech Seed|[of] p1a: Clefable
|-heal|p1a: Clefable|59/100|[silent]
|-heal|p2a: zero aura :(((|100/100 tox|[from] ability: Poison Heal
|upkeep
|turn|19
|
|t:|1758984002
|move|p2a: zero aura :(((|Facade|p1a: Clefable
|-damage|p1a: Clefable|45/100
|move|p1a: Clefable|Cosmic Power|p1a: Clefable
|-boost|p1a: Clefable|def|1
|-boost|p1a: Clefable|spd|1
|
|-heal|p1a: Clefable|95/100|[from] move: Wish|[wisher] Clefable
|-heal|p1a: Clefable|100/100|[from] item: Leftovers
|-damage|p2a: zero aura :(((|88/100 tox|[from] Leech Seed|[of] p1a: Clefable
|-heal|p2a: zero aura :(((|100/100 tox|[from] ability: Poison Heal
|upkeep
|turn|20
|
|t:|1758984005
|move|p2a: zero aura :(((|Earthquake|p1a: Clefable
|-damage|p1a: Clefable|87/100
|move|p1a: Clefable|Cosmic Power|p1a: Clefable
|-boost|p1a: Clefable|def|1
|-boost|p1a: Clefable|spd|1
|
|-heal|p1a: Clefable|93/100|[from] item: Leftovers
|-damage|p2a: zero aura :(((|88/100 tox|[from] Leech Seed|[of] p1a: Clefable
|-heal|p1a: Clefable|100/100|[silent]
|-heal|p2a: zero aura :(((|100/100 tox|[from] ability: Poison Heal
|upkeep
|turn|21
|
|t:|1758984010
|switch|p2a: guaphunter 777|Gholdengo, tera:Fairy|50/100
|move|p1a: Clefable|Cosmic Power|p1a: Clefable
|-boost|p1a: Clefable|def|1
|-boost|p1a: Clefable|spd|1
|
|upkeep
|turn|22
|
|t:|1758984014
|move|p2a: guaphunter 777|Make It Rain|p1a: Clefable
|-supereffective|p1a: Clefable
|-damage|p1a: Clefable|80/100
|-unboost|p2a: guaphunter 777|spa|1
|move|p1a: Clefable|Charge Beam|p2a: guaphunter 777
|-damage|p2a: guaphunter 777|37/100
|-boost|p1a: Clefable|spa|1
|
|-heal|p1a: Clefable|86/100|[from] item: Leftovers
|upkeep
|turn|23
|-message|aria4games forfeited.
|
|win|witdflow
|raw|witdflow's rating: 1306 &rarr; <strong>1324</strong><br />(+18 for winning)
|raw|aria4games's rating: 1272 &rarr; <strong>1249</strong><br />(-23 for losing)
|l|☆aria4games
|player|p2|
|l|☆witdflow
|player|p1|
