|j|☆SuperNinjaMan
|j|☆malamarFriend25
|t:|1758920443
|gametype|singles
|player|p1|SuperNinjaMan|koga|1363
|player|p2|malamarFriend25|marley|1314
|gen|9
|tier|[Gen 9] OU
|rated|
|rule|HP Percentage Mod: HP is shown in percentages
|rule|Endless Battle Clause: Forcing endless battles is banned
|rule|Species Clause: Limit one of each Pokémon
|rule|OHKO Clause: OHKO moves are banned
|rule|Evasion Items Clause: Evasion items are banned
|rule|Evasion Moves Clause: Evasion moves are banned
|rule|Evasion Abilities Clause: Evasion abilities are banned
|rule|Sleep Moves Clause: Sleep-inducing moves are banned
|clearpoke
|poke|p1|Tyranitar, F|
|poke|p1|Scizor, F|
|poke|p1|Latias, F|
|poke|p1|Excadrill, M|
|poke|p1|Tropius, F|
|poke|p1|Rotom-Heat|
|poke|p2|Malamar, M|
|poke|p2|Araquanid, M|
|poke|p2|Gengar, M|
|poke|p2|Iron Crown|
|poke|p2|Great Tusk|
|poke|p2|Dragonite, F|
|teampreview
|
|t:|1758920465
|teamsize|p1|6
|teamsize|p2|6
|start
|switch|p1a: Scizor|Scizor, F|100/100
|switch|p2a: Araquanid|Araquanid, M|100/100
|turn|1
|
|t:|1758920469
|move|p1a: Scizor|U-turn|p2a: Araquanid
|-damage|p2a: Araquanid|33/100
|
|t:|1758920475
|switch|p1a: Rotom|Rotom-Heat|100/100|[from] U-turn
|move|p2a: Araquanid|Liquidation|p1a: Rotom
|-supereffective|p1a: Rotom
|-damage|p1a: Rotom|0 fnt
|faint|p1a: Rotom
|
|upkeep
|
|t:|1758920478
|switch|p1a: Scizor|Scizor, F|100/100
|turn|2
|
|t:|1758920485
|switch|p2a: Great Tusk|Great Tusk|100/100
|move|p1a: Scizor|U-turn|p2a: Great Tusk
|-resisted|p2a: Great Tusk
|-damage|p2a: Great Tusk|84/100
|
|t:|1758920490
|switch|p1a: Latias|Latias, F|100/100|[from] U-turn
|
|-heal|p2a: Great Tusk|91/100|[from] item: Leftovers
|upkeep
|turn|3
|
|t:|1758920496
|-end|p2a: Great Tusk|Protosynthesis|[silent]
|switch|p2a: Malamar|Malamar, M, shiny|100/100
|move|p1a: Latias|Psychic|p2a: Malamar
|-immune|p2a: Malamar
|
|upkeep
|turn|4
|
|t:|1758920504
|switch|p1a: Scizor|Scizor, F|100/100
|move|p2a: Malamar|Trick Room|p2a: Malamar
|-fieldstart|move: Trick Room|[of] p2a: Malamar
|
|upkeep
|turn|5
|
|t:|1758920519
|move|p2a: Malamar|Destiny Bond|p2a: Malamar
|-singlemove|p2a: Malamar|Destiny Bond
|move|p1a: Scizor|U-turn|p2a: Malamar
|-supereffective|p2a: Malamar
|-enditem|p2a: Malamar|Focus Sash
|-damage|p2a: Malamar|1/100
|
|t:|1758920525
|switch|p1a: Tyranitar|Tyranitar, F|100/100|[from] U-turn
|-weather|Sandstorm|[from] ability: Sand Stream|[of] p1a: Tyranitar
|
|-weather|Sandstorm|[upkeep]
|-damage|p2a: Malamar|0 fnt|[from] Sandstorm
|faint|p2a: Malamar
|upkeep
|
|t:|1758920533
|switch|p2a: Araquanid|Araquanid, M|33/100
|turn|6
|
|t:|1758920540
|move|p2a: Araquanid|Liquidation|p1a: Tyranitar
|-supereffective|p1a: Tyranitar
|-damage|p1a: Tyranitar|0 fnt
|faint|p1a: Tyranitar
|
|-weather|Sandstorm|[upkeep]
|-damage|p2a: Araquanid|27/100|[from] Sandstorm
|upkeep
|
|t:|1758920544
|switch|p1a: Tropius|Tropius, F|100/100
|turn|7
|
|t:|1758920548
|move|p2a: Araquanid|Liquidation|p1a: Tropius
|-resisted|p1a: Tropius
|-damage|p1a: Tropius|67/100
|move|p1a: Tropius|Substitute|p1a: Tropius
|-start|p1a: Tropius|Substitute
|-damage|p1a: Tropius|43/100
|-enditem|p1a: Tropius|Sitrus Berry|[eat]
|-heal|p1a: Tropius|67/100|[from] item: Sitrus Berry
|
|-weather|Sandstorm|[upkeep]
|-damage|p2a: Araquanid|21/100|[from] Sandstorm
|-damage|p1a: Tropius|61/100|[from] Sandstorm
|upkeep
|turn|8
|
|t:|1758920562
|switch|p2a: Iron Crown|Iron Crown|100/100
|-enditem|p2a: Iron Crown|Booster Energy
|-activate|p2a: Iron Crown|ability: Quark Drive|[fromitem]
|-start|p2a: Iron Crown|quarkdrivespe
|move|p1a: Tropius|Protect||[still]
|-fail|p1a: Tropius
|
|-weather|Sandstorm|[upkeep]
|-damage|p1a: Tropius|55/100|[from] Sandstorm
|-fieldend|move: Trick Room
|-item|p1a: Tropius|Sitrus Berry|[from] ability: Harvest
|upkeep
|turn|9
|
|t:|1758920578
|move|p2a: Iron Crown|Tachyon Cutter|p1a: Tropius
|-activate|p1a: Tropius|move: Substitute|[damage]
|-crit|p1a: Tropius
|-end|p1a: Tropius|Substitute
|-hitcount|p1a: Tropius|2
|move|p1a: Tropius|Leech Seed|p2a: Iron Crown|[miss]
|-miss|p1a: Tropius|p2a: Iron Crown
|
|-weather|none
|upkeep
|turn|10
|
|t:|1758920588
|move|p2a: Iron Crown|Calm Mind|p2a: Iron Crown
|-boost|p2a: Iron Crown|spa|1
|-boost|p2a: Iron Crown|spd|1
|move|p1a: Tropius|Leech Seed|p2a: Iron Crown
|-start|p2a: Iron Crown|move: Leech Seed
|
|-damage|p2a: Iron Crown|88/100|[from] Leech Seed|[of] p1a: Tropius
|-heal|p1a: Tropius|65/100|[silent]
|upkeep
|turn|11
|
|t:|1758920595
|-terastallize|p2a: Iron Crown|Flying
|move|p2a: Iron Crown|Tera Blast|p1a: Tropius|[anim] Tera Blast Flying
|-supereffective|p1a: Tropius
|-damage|p1a: Tropius|0 fnt
|faint|p1a: Tropius
|
|upkeep
|
|t:|1758920603
|switch|p1a: Scizor|Scizor, F|100/100
|turn|12
|
|t:|1758920608
|-end|p2a: Iron Crown|Quark Drive|[silent]
|switch|p2a: Araquanid|Araquanid, M|21/100
|-terastallize|p1a: Scizor|Steel
|move|p1a: Scizor|Bullet Punch|p2a: Araquanid
|-resisted|p2a: Araquanid
|-damage|p2a: Araquanid|0 fnt
|faint|p2a: Araquanid
|
|upkeep
|
|t:|1758920616
|switch|p2a: Great Tusk|Great Tusk|91/100
|turn|13
|
|t:|1758920621
|switch|p1a: Latias|Latias, F|100/100
|move|p2a: Great Tusk|Knock Off|p1a: Latias
|-supereffective|p1a: Latias
|-damage|p1a: Latias|37/100
|-enditem|p1a: Latias|Leftovers|[from] move: Knock Off|[of] p2a: Great Tusk
|
|-heal|p2a: Great Tusk|97/100|[from] item: Leftovers
|upkeep
|turn|14
|
|t:|1758920629
|-end|p2a: Great Tusk|Protosynthesis|[silent]
|switch|p2a: Iron Crown|Iron Crown, tera:Flying|88/100
|move|p1a: Latias|Psychic|p2a: Iron Crown
|-damage|p2a: Iron Crown|56/100
|
|upkeep
|turn|15
|
|t:|1758920637
|switch|p1a: Excadrill|Excadrill, M|100/100
|-item|p1a: Excadrill|Air Balloon
|move|p2a: Iron Crown|Tachyon Cutter|p1a: Excadrill
|-resisted|p1a: Excadrill
|-damage|p1a: Excadrill|88/100
|-enditem|p1a: Excadrill|Air Balloon
|-resisted|p1a: Excadrill
|-damage|p1a: Excadrill|74/100
|-hitcount|p1a: Excadrill|2
|
|upkeep
|turn|16
|
|t:|1758920643
|move|p2a: Iron Crown|Tera Blast|p1a: Excadrill|[anim] Tera Blast Flying
|-resisted|p1a: Excadrill
|-damage|p1a: Excadrill|54/100
|move|p1a: Excadrill|Rapid Spin|p2a: Iron Crown
|-damage|p2a: Iron Crown|37/100
|-boost|p1a: Excadrill|spe|1
|
|upkeep
|turn|17
|
|t:|1758920653
|-end|p2a: Iron Crown|Quark Drive|[silent]
|switch|p2a: Great Tusk|Great Tusk|97/100
|move|p1a: Excadrill|Stealth Rock|p2a: Great Tusk
|-sidestart|p2: malamarFriend25|move: Stealth Rock
|
|-heal|p2a: Great Tusk|100/100|[from] item: Leftovers
|upkeep
|turn|18
|
|t:|1758920661
|move|p1a: Excadrill|Rapid Spin|p2a: Great Tusk
|-damage|p2a: Great Tusk|91/100
|-boost|p1a: Excadrill|spe|1
|move|p2a: Great Tusk|Rapid Spin|p1a: Excadrill
|-resisted|p1a: Excadrill
|-damage|p1a: Excadrill|45/100
|-boost|p2a: Great Tusk|spe|1
|-sideend|p2: malamarFriend25|Stealth Rock|[from] move: Rapid Spin|[of] p2a: Great Tusk
|
|-heal|p2a: Great Tusk|97/100|[from] item: Leftovers
|upkeep
|turn|19
|
|t:|1758920668
|move|p1a: Excadrill|Iron Head|p2a: Great Tusk
|-damage|p2a: Great Tusk|73/100
|move|p2a: Great Tusk|Earthquake|p1a: Excadrill
|-supereffective|p1a: Excadrill
|-damage|p1a: Excadrill|0 fnt
|faint|p1a: Excadrill
|
|-heal|p2a: Great Tusk|79/100|[from] item: Leftovers
|upkeep
|
|t:|1758920671
|switch|p1a: Latias|Latias, F|37/100
|turn|20
|
|t:|1758920679
|-end|p2a: Great Tusk|Protosynthesis|[silent]
|switch|p2a: Iron Crown|Iron Crown, tera:Flying|37/100
|move|p1a: Latias|Psychic|p2a: Iron Crown
|-damage|p2a: Iron Crown|7/100
|
|upkeep
|turn|21
|
|t:|1758920685
|move|p1a: Latias|Psychic|p2a: Iron Crown
|-damage|p2a: Iron Crown|0 fnt
|faint|p2a: Iron Crown
|-end|p2a: Iron Crown|Quark Drive|[silent]
|
|upkeep
|
|t:|1758920687
|switch|p2a: Gengar|Gengar, M|100/100
|turn|22
|
|t:|1758920691
|move|p1a: Latias|Psychic|p2a: Gengar
|-supereffective|p2a: Gengar
|-enditem|p2a: Gengar|Focus Sash
|-damage|p2a: Gengar|1/100
|-unboost|p2a: Gengar|spd|1
|move|p2a: Gengar|Shadow Ball|p1a: Latias
|-supereffective|p1a: Latias
|-damage|p1a: Latias|0 fnt
|faint|p1a: Latias
|
|upkeep
|
|t:|1758920693
|switch|p1a: Scizor|Scizor, F, tera:Steel|100/100
|turn|23
|
|t:|1758920702
|move|p1a: Scizor|Bullet Punch|p2a: Gengar
|-damage|p2a: Gengar|0 fnt
|faint|p2a: Gengar
|
|upkeep
|
|t:|1758920704
|switch|p2a: Great Tusk|Great Tusk|79/100
|turn|24
|
|t:|1758920707
|move|p1a: Scizor|Bullet Punch|p2a: Great Tusk
|-damage|p2a: Great Tusk|44/100
|move|p2a: Great Tusk|Earthquake|p1a: Scizor
|-supereffective|p1a: Scizor
|-damage|p1a: Scizor|2/100
|
|-heal|p2a: Great Tusk|50/100|[from] item: Leftovers
|upkeep
|turn|25
|
|t:|1758920714
|move|p1a: Scizor|Bullet Punch|p2a: Great Tusk
|-damage|p2a: Great Tusk|14/100
|move|p2a: Great Tusk|Earthquake|p1a: Scizor
|-supereffective|p1a: Scizor
|-damage|p1a: Scizor|0 fnt
|faint|p1a: Scizor
|
|win|malamarFriend25
|raw|SuperNinjaMan's rating: 1363 &rarr; <strong>1340</strong><br />(-23 for losing)
|raw|malamarFriend25's rating: 1314 &rarr; <strong>1337</strong><br />(+23 for winning)
|l|☆SuperNinjaMan
|player|p1|
|l|☆malamarFriend25
|player|p2|
