|j|☆lerendezvous
|j|☆Juniper xx
|t:|1758918437
|gametype|singles
|player|p1|lerendezvous|101|1706
|player|p2|Juniper xx|lady-gen4|1734
|gen|9
|tier|[Gen 9] OU
|rated|
|rule|HP Percentage Mod: HP is shown in percentages
|rule|Endless Battle Clause: Forcing endless battles is banned
|rule|Species Clause: Limit one of each Pokémon
|rule|OHKO Clause: OHKO moves are banned
|rule|Evasion Items Clause: Evasion items are banned
|rule|Evasion Moves Clause: Evasion moves are banned
|rule|Evasion Abilities Clause: Evasion abilities are banned
|rule|Sleep Moves Clause: Sleep-inducing moves are banned
|clearpoke
|poke|p1|Ogerpon-Wellspring, F|
|poke|p1|Slowking-Galar, M|
|poke|p1|Great Tusk|
|poke|p1|Moltres|
|poke|p1|Dragapult, F|
|poke|p1|Kingambit, M|
|poke|p2|Iron Moth|
|poke|p2|Slowking-Galar, M|
|poke|p2|Corviknight, F|
|poke|p2|Cinderace, M|
|poke|p2|Landorus-Therian, M|
|poke|p2|Kyurem|
|teampreview
|inactive|Battle timer is ON: inactive players will automatically lose when time's up. (requested by Juniper xx)
|
|t:|1758918445
|teamsize|p1|6
|teamsize|p2|6
|start
|switch|p1a: Slowking|Slowking-Galar, M|100/100
|switch|p2a: Kyurem|Kyurem|100/100
|-ability|p2a: Kyurem|Pressure
|turn|1
|inactive|lerendezvous also wants the timer to be on.
|
|t:|1758918452
|switch|p2a: Landorus|Landorus-Therian, M|100/100
|-ability|p2a: Landorus|Intimidate|boost
|-unboost|p1a: Slowking|atk|1
|move|p1a: Slowking|Sludge Bomb|p2a: Landorus
|-resisted|p2a: Landorus
|-damage|p2a: Landorus|75/100
|
|upkeep
|turn|2
|
|t:|1758918460
|move|p2a: Landorus|Stone Edge|p1a: Slowking
|-damage|p1a: Slowking|62/100
|move|p1a: Slowking|Psyshock|p2a: Landorus
|-damage|p2a: Landorus|32/100
|
|upkeep
|turn|3
|
|t:|1758918467
|switch|p2a: Slowking|Slowking-Galar, M|100/100
|move|p1a: Slowking|Sludge Bomb|p2a: Slowking
|-resisted|p2a: Slowking
|-damage|p2a: Slowking|89/100
|
|-heal|p2a: Slowking|95/100|[from] item: Black Sludge
|upkeep
|turn|4
|
|t:|1758918477
|switch|p1a: Kingambit|Kingambit, M|100/100
|move|p2a: Slowking|Thunder Wave|p1a: Kingambit
|-status|p1a: Kingambit|par
|
|-heal|p2a: Slowking|100/100|[from] item: Black Sludge
|upkeep
|turn|5
|
|t:|1758918485
|switch|p2a: Corviknight|Corviknight, F|100/100
|-ability|p2a: Corviknight|Pressure
|move|p1a: Kingambit|Swords Dance|p1a: Kingambit
|-boost|p1a: Kingambit|atk|2
|
|upkeep
|turn|6
|
|t:|1758918491
|move|p2a: Corviknight|Body Press|p1a: Kingambit
|-supereffective|p1a: Kingambit
|-damage|p1a: Kingambit|10/100 par
|move|p1a: Kingambit|Swords Dance|p1a: Kingambit
|-boost|p1a: Kingambit|atk|2
|
|-heal|p1a: Kingambit|16/100 par|[from] item: Leftovers
|upkeep
|turn|7
|
|t:|1758918502
|move|p1a: Kingambit|Sucker Punch||[still]
|-fail|p1a: Kingambit
|move|p2a: Corviknight|Iron Defense|p2a: Corviknight
|-boost|p2a: Corviknight|def|2
|
|-heal|p1a: Kingambit|22/100 par|[from] item: Leftovers
|upkeep
|turn|8
|
|t:|1758918509
|-terastallize|p1a: Kingambit|Ghost
|move|p2a: Corviknight|Body Press|p1a: Kingambit
|-immune|p1a: Kingambit
|move|p1a: Kingambit|Swords Dance|p1a: Kingambit
|-boost|p1a: Kingambit|atk|2
|
|-heal|p1a: Kingambit|29/100 par|[from] item: Leftovers
|upkeep
|turn|9
|
|t:|1758918519
|move|p2a: Corviknight|Iron Defense|p2a: Corviknight
|-boost|p2a: Corviknight|def|2
|move|p1a: Kingambit|Low Kick|p2a: Corviknight
|-damage|p2a: Corviknight|76/100
|-damage|p1a: Kingambit|12/100 par|[from] item: Rocky Helmet|[of] p2a: Corviknight
|
|-heal|p1a: Kingambit|18/100 par|[from] item: Leftovers
|upkeep
|turn|10
|
|t:|1758918527
|move|p2a: Corviknight|Iron Defense|p2a: Corviknight
|-boost|p2a: Corviknight|def|2
|move|p1a: Kingambit|Swords Dance|p1a: Kingambit
|-boost|p1a: Kingambit|atk|0
|
|-heal|p1a: Kingambit|24/100 par|[from] item: Leftovers
|upkeep
|turn|11
|
|t:|1758918547
|move|p2a: Corviknight|Roost|p2a: Corviknight
|-heal|p2a: Corviknight|100/100
|-singleturn|p2a: Corviknight|move: Roost
|cant|p1a: Kingambit|par
|
|-heal|p1a: Kingambit|31/100 par|[from] item: Leftovers
|upkeep
|turn|12
|
|t:|1758918559
|move|p2a: Corviknight|U-turn|p1a: Kingambit
|-resisted|p1a: Kingambit
|-damage|p1a: Kingambit|25/100 par
|
|t:|1758918561
|switch|p2a: Cinderace|Cinderace, M|100/100|[from] U-turn
|cant|p1a: Kingambit|par
|
|-heal|p1a: Kingambit|31/100 par|[from] item: Leftovers
|upkeep
|turn|13
|
|t:|1758918570
|move|p2a: Cinderace|Sucker Punch||[still]
|-fail|p2a: Cinderace
|move|p1a: Kingambit|Swords Dance|p1a: Kingambit
|-boost|p1a: Kingambit|atk|0
|
|-heal|p1a: Kingambit|38/100 par|[from] item: Leftovers
|upkeep
|turn|14
|
|t:|1758918577
|move|p2a: Cinderace|Pyro Ball|p1a: Kingambit
|-damage|p1a: Kingambit|0 fnt
|faint|p1a: Kingambit
|-end|p1a: Kingambit|fallenundefined|[silent]
|
|upkeep
|
|t:|1758918586
|switch|p1a: Dragapult|Dragapult, F|100/100
|turn|15
|
|t:|1758918607
|move|p2a: Cinderace|Sucker Punch|p1a: Dragapult
|-start|p2a: Cinderace|typechange|Dark|[from] ability: Libero
|-supereffective|p1a: Dragapult
|-damage|p1a: Dragapult|10/100
|move|p1a: Dragapult|Dragon Darts|p2a: Cinderace
|-damage|p2a: Cinderace|70/100
|-anim|p1a: Dragapult|Dragon Darts|p2a: Cinderace
|-damage|p2a: Cinderace|38/100
|
|upkeep
|turn|16
|
|t:|1758918619
|switch|p2a: Corviknight|Corviknight, F|100/100
|-ability|p2a: Corviknight|Pressure
|move|p1a: Dragapult|Will-O-Wisp|p2a: Corviknight
|-status|p2a: Corviknight|brn
|
|-damage|p2a: Corviknight|94/100 brn|[from] brn
|upkeep
|turn|17
|
|t:|1758918627
|move|p1a: Dragapult|Hex|p2a: Corviknight
|-damage|p2a: Corviknight|39/100 brn
|move|p2a: Corviknight|U-turn|p1a: Dragapult
|-resisted|p1a: Dragapult
|-damage|p1a: Dragapult|5/100
|
|t:|1758918635
|switch|p2a: Kyurem|Kyurem|100/100|[from] U-turn
|-ability|p2a: Kyurem|Pressure
|
|upkeep
|turn|18
|
|t:|1758918642
|move|p2a: Kyurem|Freeze-Dry|p1a: Dragapult
|-supereffective|p1a: Dragapult
|-damage|p1a: Dragapult|0 fnt
|faint|p1a: Dragapult
|
|upkeep
|
|t:|1758918650
|switch|p1a: Slowking|Slowking-Galar, M|95/100
|turn|19
|
|t:|1758918660
|switch|p2a: Slowking|Slowking-Galar, M|100/100
|move|p1a: Slowking|Psyshock|p2a: Slowking
|-damage|p2a: Slowking|64/100
|
|-heal|p2a: Slowking|71/100|[from] item: Black Sludge
|upkeep
|turn|20
|
|t:|1758918667
|move|p1a: Slowking|Psyshock|p2a: Slowking
|-damage|p2a: Slowking|30/100
|-prepare|p2a: Slowking|Chilly Reception|[premajor]
|move|p2a: Slowking|Chilly Reception|p2a: Slowking
|-weather|Snowscape
|
|t:|1758918676
|switch|p2a: Cinderace|Cinderace, M|38/100|[from] Chilly Reception
|
|-weather|Snowscape|[upkeep]
|upkeep
|turn|21
|
|t:|1758918682
|move|p2a: Cinderace|Pyro Ball|p1a: Slowking
|-damage|p1a: Slowking|35/100
|move|p1a: Slowking|Psyshock|p2a: Cinderace
|-damage|p2a: Cinderace|0 fnt
|faint|p2a: Cinderace
|
|-weather|Snowscape|[upkeep]
|upkeep
|
|t:|1758918690
|switch|p2a: Kyurem|Kyurem|100/100
|-ability|p2a: Kyurem|Pressure
|turn|22
|
|t:|1758918696
|move|p2a: Kyurem|Blizzard|p1a: Slowking
|-damage|p1a: Slowking|4/100
|move|p1a: Slowking|Sludge Bomb|p2a: Kyurem
|-damage|p2a: Kyurem|59/100
|
|-weather|Snowscape|[upkeep]
|upkeep
|turn|23
|
|t:|1758918704
|switch|p1a: Moltres|Moltres|100/100
|move|p2a: Kyurem|Blizzard|p1a: Moltres
|-damage|p1a: Moltres|34/100
|
|-weather|Snowscape|[upkeep]
|upkeep
|turn|24
|
|t:|1758918710
|move|p2a: Kyurem|Blizzard|p1a: Moltres
|-damage|p1a: Moltres|0 fnt
|faint|p1a: Moltres
|
|-weather|none
|upkeep
|
|t:|1758918716
|switch|p1a: Slowking|Slowking-Galar, M|38/100
|turn|25
|
|t:|1758918722
|move|p2a: Kyurem|Blizzard|p1a: Slowking|[miss]
|-miss|p2a: Kyurem|p1a: Slowking
|move|p1a: Slowking|Sludge Bomb|p2a: Kyurem
|-damage|p2a: Kyurem|21/100
|-status|p2a: Kyurem|psn
|
|-damage|p2a: Kyurem|9/100 psn|[from] psn
|upkeep
|turn|26
|
|t:|1758918733
|switch|p2a: Slowking|Slowking-Galar, M|63/100
|switch|p1a: Ogerpon|Ogerpon-Wellspring, F|100/100
|
|-heal|p2a: Slowking|69/100|[from] item: Black Sludge
|upkeep
|turn|27
|
|t:|1758918756
|move|p1a: Ogerpon|U-turn|p2a: Slowking
|-damage|p2a: Slowking|39/100
|
|t:|1758918763
|switch|p1a: Great Tusk|Great Tusk|100/100|[from] U-turn
|-prepare|p2a: Slowking|Chilly Reception|[premajor]
|move|p2a: Slowking|Chilly Reception|p2a: Slowking
|-weather|Snowscape
|
|t:|1758918777
|switch|p2a: Corviknight|Corviknight, F|39/100 brn|[from] Chilly Reception
|-ability|p2a: Corviknight|Pressure
|
|-weather|Snowscape|[upkeep]
|-damage|p2a: Corviknight|32/100 brn|[from] brn
|upkeep
|turn|28
|
|t:|1758918785
|move|p1a: Great Tusk|Stealth Rock|p2a: Corviknight
|-sidestart|p2: Juniper xx|move: Stealth Rock
|move|p2a: Corviknight|Roost|p2a: Corviknight
|-heal|p2a: Corviknight|82/100 brn
|-singleturn|p2a: Corviknight|move: Roost
|
|-weather|Snowscape|[upkeep]
|-damage|p2a: Corviknight|76/100 brn|[from] brn
|upkeep
|turn|29
|
|t:|1758918793
|move|p1a: Great Tusk|Headlong Rush|p2a: Corviknight
|-immune|p2a: Corviknight
|move|p2a: Corviknight|U-turn|p1a: Great Tusk
|-resisted|p1a: Great Tusk
|-damage|p1a: Great Tusk|98/100
|-damage|p2a: Corviknight|60/100 brn|[from] item: Rocky Helmet|[of] p1a: Great Tusk
|
|t:|1758918804
|switch|p2a: Iron Moth|Iron Moth|100/100|[from] U-turn
|-damage|p2a: Iron Moth|76/100|[from] Stealth Rock
|-enditem|p2a: Iron Moth|Booster Energy
|-activate|p2a: Iron Moth|ability: Quark Drive|[fromitem]
|-start|p2a: Iron Moth|quarkdrivespe
|
|-weather|Snowscape|[upkeep]
|upkeep
|turn|30
|
|t:|1758918811
|move|p2a: Iron Moth|Substitute|p2a: Iron Moth
|-start|p2a: Iron Moth|Substitute
|-damage|p2a: Iron Moth|51/100
|move|p1a: Great Tusk|Headlong Rush|p2a: Iron Moth
|-supereffective|p2a: Iron Moth
|-end|p2a: Iron Moth|Substitute
|-unboost|p1a: Great Tusk|def|1
|-unboost|p1a: Great Tusk|spd|1
|
|-weather|Snowscape|[upkeep]
|upkeep
|turn|31
|
|t:|1758918820
|-end|p1a: Great Tusk|Protosynthesis|[silent]
|switch|p1a: Slowking|Slowking-Galar, M|71/100
|move|p2a: Iron Moth|Fiery Dance|p1a: Slowking
|-damage|p1a: Slowking|51/100
|
|-weather|none
|upkeep
|turn|32
|
|t:|1758918835
|-terastallize|p2a: Iron Moth|Grass
|move|p2a: Iron Moth|Fiery Dance|p1a: Slowking
|-damage|p1a: Slowking|28/100
|-boost|p2a: Iron Moth|spa|1
|move|p1a: Slowking|Psyshock|p2a: Iron Moth
|-damage|p2a: Iron Moth|0 fnt
|faint|p2a: Iron Moth
|-end|p2a: Iron Moth|Quark Drive|[silent]
|
|upkeep
|
|t:|1758918852
|switch|p2a: Landorus|Landorus-Therian, M|32/100
|-damage|p2a: Landorus|19/100|[from] Stealth Rock
|-ability|p2a: Landorus|Intimidate|boost
|-unboost|p1a: Slowking|atk|1
|turn|33
|
|t:|1758918858
|switch|p1a: Great Tusk|Great Tusk|98/100
|move|p2a: Landorus|Earthquake|p1a: Great Tusk
|-damage|p1a: Great Tusk|55/100
|
|upkeep
|turn|34
|
|t:|1758918864
|move|p2a: Landorus|Earthquake|p1a: Great Tusk
|-damage|p1a: Great Tusk|8/100
|move|p1a: Great Tusk|Ice Spinner|p2a: Landorus
|-supereffective|p2a: Landorus
|-damage|p2a: Landorus|0 fnt
|faint|p2a: Landorus
|
|upkeep
|
|t:|1758918870
|switch|p2a: Corviknight|Corviknight, F|60/100 brn
|-damage|p2a: Corviknight|47/100 brn|[from] Stealth Rock
|-ability|p2a: Corviknight|Pressure
|turn|35
|
|t:|1758918876
|-end|p1a: Great Tusk|Protosynthesis|[silent]
|switch|p1a: Slowking|Slowking-Galar, M|62/100
|move|p2a: Corviknight|Roost|p2a: Corviknight
|-heal|p2a: Corviknight|97/100 brn
|-singleturn|p2a: Corviknight|move: Roost
|
|-damage|p2a: Corviknight|91/100 brn|[from] brn
|upkeep
|turn|36
|j| kakashihatakehere
|
|t:|1758918884
|switch|p2a: Slowking|Slowking-Galar, M|72/100
|-damage|p2a: Slowking|59/100|[from] Stealth Rock
|move|p1a: Slowking|Psyshock|p2a: Slowking
|-damage|p2a: Slowking|19/100
|
|-heal|p2a: Slowking|25/100|[from] item: Black Sludge
|upkeep
|turn|37
|
|t:|1758918893
|switch|p2a: Corviknight|Corviknight, F|91/100 brn
|-damage|p2a: Corviknight|78/100 brn|[from] Stealth Rock
|-ability|p2a: Corviknight|Pressure
|move|p1a: Slowking|Psyshock|p2a: Corviknight
|-resisted|p2a: Corviknight
|-damage|p2a: Corviknight|68/100 brn
|
|-damage|p2a: Corviknight|62/100 brn|[from] brn
|upkeep
|turn|38
|
|t:|1758918903
|move|p2a: Corviknight|Roost|p2a: Corviknight
|-heal|p2a: Corviknight|100/100 brn
|-singleturn|p2a: Corviknight|move: Roost
|move|p1a: Slowking|Flamethrower|p2a: Corviknight
|-supereffective|p2a: Corviknight
|-damage|p2a: Corviknight|44/100 brn
|
|-damage|p2a: Corviknight|38/100 brn|[from] brn
|upkeep
|turn|39
|
|t:|1758918912
|move|p2a: Corviknight|U-turn|p1a: Slowking
|-damage|p1a: Slowking|55/100
|
|t:|1758918920
|switch|p2a: Kyurem|Kyurem|9/100 psn|[from] U-turn
|-damage|p2a: Kyurem|0 fnt|[from] Stealth Rock
|faint|p2a: Kyurem
|move|p1a: Slowking|Flamethrower|p2: Kyurem|[notarget]
|-fail|p1a: Slowking
|
|upkeep
|
|t:|1758918927
|switch|p2a: Slowking|Slowking-Galar, M|58/100
|-damage|p2a: Slowking|46/100|[from] Stealth Rock
|turn|40
|
|t:|1758918936
|switch|p1a: Ogerpon|Ogerpon-Wellspring, F|100/100
|move|p2a: Slowking|Thunder Wave|p1a: Ogerpon
|-status|p1a: Ogerpon|par
|
|-heal|p2a: Slowking|52/100|[from] item: Black Sludge
|upkeep
|turn|41
|
|t:|1758918943
|switch|p2a: Corviknight|Corviknight, F|38/100 brn
|-damage|p2a: Corviknight|26/100 brn|[from] Stealth Rock
|-ability|p2a: Corviknight|Pressure
|cant|p1a: Ogerpon|par
|
|-damage|p2a: Corviknight|19/100 brn|[from] brn
|upkeep
|turn|42
|
|t:|1758918952
|move|p1a: Ogerpon|Knock Off|p2a: Corviknight
|-damage|p2a: Corviknight|0 fnt
|-damage|p1a: Ogerpon|84/100 par|[from] item: Rocky Helmet|[of] p2a: Corviknight
|-enditem|p2a: Corviknight|Rocky Helmet|[from] move: Knock Off|[of] p1a: Ogerpon
|faint|p2a: Corviknight
|
|upkeep
|
|t:|1758918957
|switch|p2a: Slowking|Slowking-Galar, M|85/100
|-damage|p2a: Slowking|73/100|[from] Stealth Rock
|turn|43
|
|t:|1758918962
|move|p1a: Ogerpon|Knock Off|p2a: Slowking
|-supereffective|p2a: Slowking
|-damage|p2a: Slowking|0 fnt
|-enditem|p2a: Slowking|Black Sludge|[from] move: Knock Off|[of] p1a: Ogerpon
|faint|p2a: Slowking
|
|win|lerendezvous
|raw|lerendezvous's rating: 1706 &rarr; <strong>1728</strong><br />(+22 for winning)
|raw|Juniper xx's rating: 1734 &rarr; <strong>1712</strong><br />(-22 for losing)
