|j|☆Mr Tpen
|j|☆Swagataka
|t:|1759074598
|gametype|singles
|player|p1|Mr Tpen|2|1730
|player|p2|Swagataka|byron|1765
|gen|9
|tier|[Gen 9] OU
|rated|
|rule|HP Percentage Mod: HP is shown in percentages
|rule|Endless Battle Clause: Forcing endless battles is banned
|rule|Species Clause: Limit one of each Pokémon
|rule|OHKO Clause: OHKO moves are banned
|rule|Evasion Items Clause: Evasion items are banned
|rule|Evasion Moves Clause: Evasion moves are banned
|rule|Evasion Abilities Clause: Evasion abilities are banned
|rule|Sleep Moves Clause: Sleep-inducing moves are banned
|clearpoke
|poke|p1|Enamorus, F|
|poke|p1|Kyurem|
|poke|p1|Landorus-Therian, M|
|poke|p1|Kingambit, F|
|poke|p1|Ogerpon-Wellspring, F|
|poke|p1|Glimmora, F|
|poke|p2|Quaquaval, M|
|poke|p2|Pecharunt|
|poke|p2|Great Tusk|
|poke|p2|Iron Crown|
|poke|p2|Lokix, M|
|poke|p2|Kingambit, F|
|teampreview
|
|t:|1759074619
|teamsize|p1|6
|teamsize|p2|6
|start
|switch|p1a: Ogerpon|Ogerpon-Wellspring, F|100/100
|switch|p2a: Irönhead|Kingambit, F|100/100
|-item|p2a: Irönhead|Air Balloon
|turn|1
|
|t:|1759074625
|switch|p2a: Apacherunt|Pecharunt|100/100
|move|p1a: Ogerpon|Taunt|p2a: Apacherunt
|-start|p2a: Apacherunt|move: Taunt
|
|upkeep
|turn|2
|
|t:|1759074628
|move|p1a: Ogerpon|U-turn|p2a: Apacherunt
|-resisted|p2a: Apacherunt
|-damage|p2a: Apacherunt|97/100
|
|t:|1759074630
|switch|p1a: Kingambit|Kingambit, F|100/100|[from] U-turn
|-item|p1a: Kingambit|Air Balloon
|move|p2a: Apacherunt|Shadow Ball|p1a: Kingambit
|-resisted|p1a: Kingambit
|-damage|p1a: Kingambit|87/100
|-enditem|p1a: Kingambit|Air Balloon
|
|upkeep
|turn|3
|
|t:|1759074636
|switch|p2a: Quack Sabbath|Quaquaval, M|100/100
|move|p1a: Kingambit|Iron Head|p2a: Quack Sabbath
|-resisted|p2a: Quack Sabbath
|-damage|p2a: Quack Sabbath|76/100
|
|-heal|p2a: Quack Sabbath|83/100|[from] item: Leftovers
|upkeep
|turn|4
|
|t:|1759074643
|-end|p1a: Kingambit|fallenundefined|[silent]
|switch|p1a: Ogerpon|Ogerpon-Wellspring, F|100/100
|move|p2a: Quack Sabbath|Close Combat|p1a: Ogerpon
|-damage|p1a: Ogerpon|30/100
|-unboost|p2a: Quack Sabbath|def|1
|-unboost|p2a: Quack Sabbath|spd|1
|
|-heal|p2a: Quack Sabbath|89/100|[from] item: Leftovers
|upkeep
|turn|5
|
|t:|1759074646
|switch|p2a: Apacherunt|Pecharunt|97/100
|move|p1a: Ogerpon|Knock Off|p2a: Apacherunt
|-supereffective|p2a: Apacherunt
|-damage|p2a: Apacherunt|60/100
|-enditem|p2a: Apacherunt|Heavy-Duty Boots|[from] move: Knock Off|[of] p1a: Ogerpon
|
|upkeep
|turn|6
|
|t:|1759074650
|move|p1a: Ogerpon|U-turn|p2a: Apacherunt
|-resisted|p2a: Apacherunt
|-damage|p2a: Apacherunt|57/100
|
|t:|1759074652
|switch|p1a: Landorus|Landorus-Therian, M|100/100|[from] U-turn
|-ability|p1a: Landorus|Intimidate|boost
|-unboost|p2a: Apacherunt|atk|1
|move|p2a: Apacherunt|Shadow Ball|p1a: Landorus
|-damage|p1a: Landorus|74/100
|
|upkeep
|turn|7
|
|t:|1759074656
|switch|p2a: Irönhead|Kingambit, F|100/100
|-item|p2a: Irönhead|Air Balloon
|move|p1a: Landorus|Stealth Rock|p2a: Irönhead
|-sidestart|p2: Swagataka|move: Stealth Rock
|
|upkeep
|turn|8
|
|t:|1759074658
|move|p1a: Landorus|Smack Down|p2a: Irönhead
|-resisted|p2a: Irönhead
|-damage|p2a: Irönhead|94/100
|-enditem|p2a: Irönhead|Air Balloon
|move|p2a: Irönhead|Stealth Rock|p1a: Landorus
|-sidestart|p1: Mr Tpen|move: Stealth Rock
|
|upkeep
|turn|9
|
|t:|1759074664
|move|p1a: Landorus|Earthquake|p2a: Irönhead
|-supereffective|p2a: Irönhead
|-damage|p2a: Irönhead|22/100
|move|p2a: Irönhead|Thief|p1a: Landorus
|-damage|p1a: Landorus|37/100
|-damage|p2a: Irönhead|6/100|[from] item: Rocky Helmet|[of] p1a: Landorus
|-enditem|p1a: Landorus|Rocky Helmet|[silent]|[from] move: Thief|[of] p2a: Irönhead
|-item|p2a: Irönhead|Rocky Helmet|[from] move: Thief|[of] p1a: Landorus
|
|upkeep
|turn|10
|
|t:|1759074673
|move|p2a: Irönhead|Sucker Punch|p1a: Landorus
|-damage|p1a: Landorus|0 fnt
|faint|p1a: Landorus
|
|upkeep
|
|t:|1759074678
|switch|p1a: Enamorus|Enamorus, F|100/100
|turn|11
|
|t:|1759074680
|move|p1a: Enamorus|Superpower|p2a: Irönhead
|-supereffective|p2a: Irönhead
|-damage|p2a: Irönhead|0 fnt
|-boost|p1a: Enamorus|atk|1
|-boost|p1a: Enamorus|def|1
|-damage|p1a: Enamorus|84/100|[from] item: Rocky Helmet|[of] p2a: Irönhead
|faint|p2a: Irönhead
|
|upkeep
|
|t:|1759074690
|switch|p2a: System Of A Crown|Iron Crown|100/100
|-damage|p2a: System Of A Crown|94/100|[from] Stealth Rock
|turn|12
|
|t:|1759074695
|-terastallize|p1a: Enamorus|Stellar
|move|p1a: Enamorus|Superpower|p2a: System Of A Crown
|-damage|p2a: System Of A Crown|35/100
|-boost|p1a: Enamorus|atk|1
|-boost|p1a: Enamorus|def|1
|move|p2a: System Of A Crown|Tachyon Cutter|p1a: Enamorus
|-supereffective|p1a: Enamorus
|-damage|p1a: Enamorus|0 fnt
|faint|p1a: Enamorus
|-hitcount|p1: Enamorus|1
|
|upkeep
|
|t:|1759074700
|switch|p1a: Ogerpon|Ogerpon-Wellspring, F|30/100
|-damage|p1a: Ogerpon|18/100|[from] Stealth Rock
|turn|13
|j| tiochicodobos
|
|t:|1759074704
|move|p1a: Ogerpon|Knock Off|p2a: System Of A Crown
|-supereffective|p2a: System Of A Crown
|-damage|p2a: System Of A Crown|0 fnt
|-enditem|p2a: System Of A Crown|Choice Specs|[from] move: Knock Off|[of] p1a: Ogerpon
|faint|p2a: System Of A Crown
|-end|p2a: System Of A Crown|Quark Drive|[silent]
|
|upkeep
|
|t:|1759074711
|switch|p2a: Apacherunt|Pecharunt|57/100
|-damage|p2a: Apacherunt|44/100|[from] Stealth Rock
|turn|14
|
|t:|1759074713
|move|p1a: Ogerpon|Taunt|p2a: Apacherunt
|-start|p2a: Apacherunt|move: Taunt
|cant|p2a: Apacherunt|move: Taunt|Recover
|
|upkeep
|turn|15
|
|t:|1759074714
|move|p1a: Ogerpon|Ivy Cudgel|p2a: Apacherunt|[anim] Ivy Cudgel Water
|-damage|p2a: Apacherunt|19/100
|move|p2a: Apacherunt|Shadow Ball|p1a: Ogerpon
|-damage|p1a: Ogerpon|0 fnt
|faint|p1a: Ogerpon
|
|upkeep
|
|t:|1759074720
|switch|p1a: Glimmora|Glimmora, F|100/100
|-damage|p1a: Glimmora|88/100|[from] Stealth Rock
|turn|16
|
|t:|1759074724
|move|p1a: Glimmora|Earth Power|p2a: Apacherunt
|-supereffective|p2a: Apacherunt
|-damage|p2a: Apacherunt|0 fnt
|faint|p2a: Apacherunt
|
|upkeep
|
|t:|1759074729
|switch|p2a: Steely Don|Great Tusk|100/100
|turn|17
|
|t:|1759074732
|move|p2a: Steely Don|Headlong Rush|p1a: Glimmora
|-supereffective|p1a: Glimmora
|-damage|p1a: Glimmora|0 fnt
|-unboost|p2a: Steely Don|def|1
|-unboost|p2a: Steely Don|spd|1
|-activate|p1a: Glimmora|ability: Toxic Debris
|-sidestart|p2: Swagataka|move: Toxic Spikes
|faint|p1a: Glimmora
|
|upkeep
|
|t:|1759074734
|switch|p1a: Kyurem|Kyurem|100/100
|-damage|p1a: Kyurem|76/100|[from] Stealth Rock
|-ability|p1a: Kyurem|Pressure
|turn|18
|
|t:|1759074737
|-terastallize|p2a: Steely Don|Ice
|move|p1a: Kyurem|Freeze-Dry|p2a: Steely Don
|-resisted|p2a: Steely Don
|-damage|p2a: Steely Don|57/100
|move|p2a: Steely Don|Rapid Spin|p1a: Kyurem
|-damage|p1a: Kyurem|58/100
|-boost|p2a: Steely Don|spe|1
|-sideend|p2: Swagataka|Toxic Spikes|[from] move: Rapid Spin|[of] p2a: Steely Don
|-sideend|p2: Swagataka|Stealth Rock|[from] move: Rapid Spin|[of] p2a: Steely Don
|
|upkeep
|turn|19
|
|t:|1759074745
|move|p2a: Steely Don|Ice Spinner|p1a: Kyurem
|-damage|p1a: Kyurem|20/100
|move|p1a: Kyurem|Freeze-Dry|p2a: Steely Don
|-resisted|p2a: Steely Don
|-damage|p2a: Steely Don|10/100
|
|upkeep
|turn|20
|
|t:|1759074748
|move|p2a: Steely Don|Ice Spinner|p1a: Kyurem
|-damage|p1a: Kyurem|0 fnt
|faint|p1a: Kyurem
|
|upkeep
|
|t:|1759074749
|switch|p1a: Kingambit|Kingambit, F|87/100
|-damage|p1a: Kingambit|81/100|[from] Stealth Rock
|-activate|p1a: Kingambit|ability: Supreme Overlord
|-start|p1a: Kingambit|fallen5|[silent]
|turn|21
|
|t:|1759074753
|move|p1a: Kingambit|Sucker Punch|p2a: Steely Don
|-damage|p2a: Steely Don|0 fnt
|faint|p2a: Steely Don
|-end|p2a: Steely Don|Protosynthesis|[silent]
|
|upkeep
|
|t:|1759074755
|switch|p2a: Quack Sabbath|Quaquaval, M|89/100
|turn|22
|
|t:|1759074758
|move|p2a: Quack Sabbath|Close Combat|p1a: Kingambit
|-supereffective|p1a: Kingambit
|-damage|p1a: Kingambit|0 fnt
|-unboost|p2a: Quack Sabbath|def|1
|-unboost|p2a: Quack Sabbath|spd|1
|faint|p1a: Kingambit
|-end|p1a: Kingambit|fallen5|[silent]
|
|win|Swagataka
|raw|Mr Tpen's rating: 1730 &rarr; <strong>1712</strong><br />(-18 for losing)
|raw|Swagataka's rating: 1765 &rarr; <strong>1783</strong><br />(+18 for winning)
|l|☆Mr Tpen
|player|p1|
|l|☆Swagataka
|player|p2|
|j| Nikator98
