|j|‽jlce
|j|☆fregene97
|t:|1758918483
|gametype|singles
|player|p1|jlce|169|1455
|player|p2|fregene97|pokemonranger|1429
|gen|9
|tier|[Gen 9] OU
|rated|
|rule|HP Percentage Mod: HP is shown in percentages
|rule|Endless Battle Clause: Forcing endless battles is banned
|rule|Species Clause: Limit one of each Pokémon
|rule|OHKO Clause: OHKO moves are banned
|rule|Evasion Items Clause: Evasion items are banned
|rule|Evasion Moves Clause: Evasion moves are banned
|rule|Evasion Abilities Clause: Evasion abilities are banned
|rule|Sleep Moves Clause: Sleep-inducing moves are banned
|clearpoke
|poke|p1|Skeledirge, M|
|poke|p1|Smeargle, M|
|poke|p1|Zoroark-Hisui, F|
|poke|p1|Gholdengo|
|poke|p1|Quaquaval, F|
|poke|p1|Gallade, M|
|poke|p2|Ceruledge, M|
|poke|p2|Scizor, F|
|poke|p2|Polteageist|
|poke|p2|Zapdos|
|poke|p2|Dragonite, M|
|poke|p2|Great Tusk|
|teampreview
|
|t:|1758918500
|teamsize|p1|6
|teamsize|p2|6
|start
|switch|p1a: Smeargle|Smeargle, M|100/100
|switch|p2a: Ceruledge|Ceruledge, M|100/100
|turn|1
|
|t:|1758918508
|move|p2a: Ceruledge|Swords Dance|p2a: Ceruledge
|-boost|p2a: Ceruledge|atk|2
|move|p1a: Smeargle|Sticky Web|p2a: Ceruledge
|-sidestart|p2: fregene97|move: Sticky Web
|
|upkeep
|turn|2
|
|t:|1758918519
|move|p2a: Ceruledge|Bitter Blade|p1a: Smeargle
|-enditem|p1a: Smeargle|Focus Sash
|-damage|p1a: Smeargle|1/100
|move|p1a: Smeargle|Nuzzle|p2a: Ceruledge
|-damage|p2a: Ceruledge|96/100
|-status|p2a: Ceruledge|par
|-ability|p2a: Ceruledge|Weak Armor|boost
|-unboost|p2a: Ceruledge|def|1
|-boost|p2a: Ceruledge|spe|2
|
|upkeep
|turn|3
|
|t:|1758918533
|cant|p2a: Ceruledge|par
|move|p1a: Smeargle|Stone Axe|p2a: Ceruledge
|-supereffective|p2a: Ceruledge
|-damage|p2a: Ceruledge|61/100 par
|-ability|p2a: Ceruledge|Weak Armor|boost
|-unboost|p2a: Ceruledge|def|1
|-boost|p2a: Ceruledge|spe|2
|-sidestart|p2: fregene97|move: Stealth Rock
|
|upkeep
|turn|4
|
|t:|1758918542
|cant|p2a: Ceruledge|par
|move|p1a: Smeargle|Stone Axe|p2a: Ceruledge|[miss]
|-miss|p1a: Smeargle|p2a: Ceruledge
|
|upkeep
|turn|5
|inactive|Battle timer is ON: inactive players will automatically lose when time's up. (requested by fregene97)
|
|t:|1758918546
|move|p2a: Ceruledge|Bitter Blade|p1a: Smeargle
|-damage|p1a: Smeargle|0 fnt
|-heal|p2a: Ceruledge|61/100 par|[from] drain|[of] p1a: Smeargle
|faint|p1a: Smeargle
|
|upkeep
|
|t:|1758918551
|switch|p1a: Skeledirge|Skeledirge, M|100/100
|turn|6
|
|t:|1758918563
|-terastallize|p2a: Ceruledge|Ghost
|move|p2a: Ceruledge|Poltergeist|p1a: Skeledirge
|-activate|p1a: Skeledirge|move: Poltergeist|Heavy-Duty Boots
|-supereffective|p1a: Skeledirge
|-damage|p1a: Skeledirge|0 fnt
|faint|p1a: Skeledirge
|
|upkeep
|
|t:|1758918570
|switch|p1a: Gallade|Gallade, M|100/100
|turn|7
|
|t:|1758918575
|move|p2a: Ceruledge|Bitter Blade|p1a: Gallade
|-damage|p1a: Gallade|0 fnt
|-heal|p2a: Ceruledge|100/100 par|[from] drain|[of] p1a: Gallade
|replace|p1a: Zoroark|Zoroark-Hisui, F
|-end|p1a: Zoroark|Illusion
|faint|p1a: Zoroark
|
|upkeep
|-message|jlce forfeited.
|
|win|fregene97
|raw|jlce's rating: 1455 &rarr; <strong>1434</strong><br />(-21 for losing)
|raw|fregene97's rating: 1429 &rarr; <strong>1450</strong><br />(+21 for winning)
|l|‽jlce
|player|p1|
|l|☆fregene97
|player|p2|
