|j|☆Etarnus XD
|j|☆noon tide pearl
|t:|1759055522
|gametype|singles
|player|p1|Etarnus XD|2|1367
|player|p2|noon tide pearl|shadowtriad|1318
|gen|9
|tier|[Gen 9] OU
|rated|
|rule|HP Percentage Mod: HP is shown in percentages
|rule|Endless Battle Clause: Forcing endless battles is banned
|rule|Species Clause: Limit one of each Pokémon
|rule|OHKO Clause: OHKO moves are banned
|rule|Evasion Items Clause: Evasion items are banned
|rule|Evasion Moves Clause: Evasion moves are banned
|rule|Evasion Abilities Clause: Evasion abilities are banned
|rule|Sleep Moves Clause: Sleep-inducing moves are banned
|clearpoke
|poke|p1|Glimmora, M|
|poke|p1|Zamazenta-*|
|poke|p1|Kingambit, M|
|poke|p1|Hatterene, F|
|poke|p1|Alomomola, M|
|poke|p1|Rillaboom, F|
|poke|p2|Frosmoth, F|
|poke|p2|Pincurchin, M|
|poke|p2|Raichu-Alola, F|
|poke|p2|Iron Hands|
|poke|p2|Rotom-Wash|
|poke|p2|Pawmot, M|
|teampreview
|
|t:|1759055527
|teamsize|p1|6
|teamsize|p2|6
|start
|switch|p1a: Glimmora|Glimmora, M|100/100
|switch|p2a: Rotom|Rotom-Wash|100/100
|turn|1
|inactive|Battle timer is ON: inactive players will automatically lose when time's up. (requested by Etarnus XD)
|inactive|noon tide pearl also wants the timer to be on.
|
|t:|1759055554
|switch|p1a: Hatterene|Hatterene, F|100/100
|move|p2a: Rotom|Hydro Pump|p1a: Hatterene|[miss]
|-miss|p2a: Rotom|p1a: Hatterene
|
|upkeep
|turn|2
|
|t:|1759055569
|move|p2a: Rotom|Light Screen|p2a: Rotom
|-sidestart|p2: noon tide pearl|move: Light Screen
|move|p1a: Hatterene|Draining Kiss|p2a: Rotom
|-damage|p2a: Rotom|87/100
|
|upkeep
|turn|3
|
|t:|1759055580
|move|p2a: Rotom|Reflect|p2a: Rotom
|-sidestart|p2: noon tide pearl|Reflect
|move|p1a: Hatterene|Psyshock|p2a: Rotom
|-damage|p2a: Rotom|63/100
|
|upkeep
|turn|4
|
|t:|1759055587
|switch|p2a: Pincurchin|Pincurchin, M|100/100
|-fieldstart|move: Electric Terrain|[from] ability: Electric Surge|[of] p2a: Pincurchin
|move|p1a: Hatterene|Psyshock|p2a: Pincurchin
|-damage|p2a: Pincurchin|75/100
|
|upkeep
|turn|5
|
|t:|1759055599
|switch|p1a: Rillaboom|Rillaboom, F|100/100
|-fieldstart|move: Grassy Terrain|[from] ability: Grassy Surge|[of] p1a: Rillaboom
|switch|p2a: Raichu|Raichu-Alola, F|100/100
|
|upkeep
|turn|6
|
|t:|1759055609
|switch|p2a: Iron Hands|Iron Hands|100/100
|move|p1a: Rillaboom|Knock Off|p2a: Iron Hands
|-resisted|p2a: Iron Hands
|-damage|p2a: Iron Hands|95/100
|-enditem|p2a: Iron Hands|Quick Claw|[from] move: Knock Off|[of] p1a: Rillaboom
|
|-heal|p2a: Iron Hands|100/100|[from] Grassy Terrain
|upkeep
|turn|7
|
|t:|1759055620
|move|p1a: Rillaboom|U-turn|p2a: Iron Hands
|-resisted|p2a: Iron Hands
|-damage|p2a: Iron Hands|97/100
|
|t:|1759055628
|switch|p1a: Alomomola|Alomomola, M|100/100|[from] U-turn
|move|p2a: Iron Hands|Swords Dance|p2a: Iron Hands
|-boost|p2a: Iron Hands|atk|2
|
|-heal|p2a: Iron Hands|100/100|[from] Grassy Terrain
|upkeep
|turn|8
|
|t:|1759055648
|move|p2a: Iron Hands|Supercell Slam|p1a: Alomomola
|-supereffective|p1a: Alomomola
|-damage|p1a: Alomomola|0 fnt
|faint|p1a: Alomomola
|
|upkeep
|
|t:|1759055659
|switch|p1a: Zamazenta|Zamazenta|100/100
|-ability|p1a: Zamazenta|Dauntless Shield|boost
|-boost|p1a: Zamazenta|def|1
|turn|9
|
|t:|1759055667
|move|p1a: Zamazenta|Iron Defense|p1a: Zamazenta
|-boost|p1a: Zamazenta|def|2
|move|p2a: Iron Hands|Supercell Slam|p1a: Zamazenta
|-damage|p1a: Zamazenta|67/100
|
|-heal|p1a: Zamazenta|73/100|[from] Grassy Terrain
|-heal|p1a: Zamazenta|79/100|[from] item: Leftovers
|-sideend|p2: noon tide pearl|move: Light Screen
|upkeep
|turn|10
|
|t:|1759055680
|-end|p2a: Iron Hands|Quark Drive|[silent]
|switch|p2a: Pincurchin|Pincurchin, M|75/100
|-fieldstart|move: Electric Terrain|[from] ability: Electric Surge|[of] p2a: Pincurchin
|move|p1a: Zamazenta|Iron Defense|p1a: Zamazenta
|-boost|p1a: Zamazenta|def|2
|
|-heal|p1a: Zamazenta|86/100|[from] item: Leftovers
|-sideend|p2: noon tide pearl|Reflect
|upkeep
|turn|11
|
|t:|1759055694
|switch|p2a: Rotom|Rotom-Wash|63/100
|move|p1a: Zamazenta|Body Press|p2a: Rotom
|-damage|p2a: Rotom|0 fnt
|faint|p2a: Rotom
|
|-heal|p1a: Zamazenta|92/100|[from] item: Leftovers
|upkeep
|
|t:|1759055705
|switch|p2a: Raichu|Raichu-Alola, F|100/100
|turn|12
|
|t:|1759055714
|-terastallize|p1a: Zamazenta|Fire
|move|p2a: Raichu|Psychic|p1a: Zamazenta
|-damage|p1a: Zamazenta|47/100
|-damage|p2a: Raichu|91/100|[from] item: Life Orb
|move|p1a: Zamazenta|Body Press|p2a: Raichu
|-resisted|p2a: Raichu
|-damage|p2a: Raichu|0 fnt
|faint|p2a: Raichu
|
|-heal|p1a: Zamazenta|54/100|[from] item: Leftovers
|upkeep
|
|t:|1759055730
|switch|p2a: Pawmot|Pawmot, M|100/100
|turn|13
|
|t:|1759055734
|-terastallize|p2a: Pawmot|Ghost
|move|p1a: Zamazenta|Body Press|p2a: Pawmot
|-immune|p2a: Pawmot
|move|p2a: Pawmot|Nuzzle|p1a: Zamazenta
|-damage|p1a: Zamazenta|51/100
|-status|p1a: Zamazenta|par
|
|-heal|p1a: Zamazenta|57/100 par|[from] item: Leftovers
|upkeep
|turn|14
|
|t:|1759055746
|move|p2a: Pawmot|Revival Blessing|p2a: Pawmot
|-enditem|p2a: Pawmot|Leppa Berry|[eat]
|-activate|p2a: Pawmot|item: Leppa Berry|Revival Blessing|[consumed]
|
|t:|1759055748
|-heal|p2: Rotom|50/100|[from] move: Revival Blessing
|move|p1a: Zamazenta|Crunch|p2a: Pawmot
|-supereffective|p2a: Pawmot
|-damage|p2a: Pawmot|49/100
|
|-heal|p1a: Zamazenta|64/100 par|[from] item: Leftovers
|upkeep
|turn|15
|
|t:|1759055759
|move|p2a: Pawmot|Revival Blessing|p2a: Pawmot
|
|t:|1759055762
|-heal|p2: Raichu|50/100|[from] move: Revival Blessing
|move|p1a: Zamazenta|Crunch|p2a: Pawmot
|-supereffective|p2a: Pawmot
|-damage|p2a: Pawmot|0 fnt
|faint|p2a: Pawmot
|
|-heal|p1a: Zamazenta|70/100 par|[from] item: Leftovers
|upkeep
|
|t:|1759055770
|switch|p2a: Rotom|Rotom-Wash|50/100
|turn|16
|
|t:|1759055798
|move|p2a: Rotom|Hydro Pump|p1a: Zamazenta
|-supereffective|p1a: Zamazenta
|-damage|p1a: Zamazenta|0 fnt
|faint|p1a: Zamazenta
|
|upkeep
|inactive|Etarnus XD has 120 seconds left.
|
|t:|1759055814
|switch|p1a: Rillaboom|Rillaboom, F|100/100
|-fieldstart|move: Grassy Terrain|[from] ability: Grassy Surge|[of] p1a: Rillaboom
|turn|17
|inactive|Etarnus XD has 120 seconds left.
|
|t:|1759055819
|switch|p2a: Pincurchin|Pincurchin, M|75/100
|-fieldstart|move: Electric Terrain|[from] ability: Electric Surge|[of] p2a: Pincurchin
|move|p1a: Rillaboom|Grassy Glide|p2a: Pincurchin
|-damage|p2a: Pincurchin|38/100
|
|upkeep
|turn|18
|
|t:|1759055830
|move|p1a: Rillaboom|Grassy Glide|p2a: Pincurchin
|-damage|p2a: Pincurchin|0 fnt
|faint|p2a: Pincurchin
|
|upkeep
|
|t:|1759055850
|switch|p2a: Frosmoth|Frosmoth, F, shiny|100/100
|turn|19
|
|t:|1759055863
|switch|p1a: Hatterene|Hatterene, F|100/100
|move|p2a: Frosmoth|Quiver Dance|p2a: Frosmoth
|-boost|p2a: Frosmoth|spa|1
|-boost|p2a: Frosmoth|spd|1
|-boost|p2a: Frosmoth|spe|1
|
|upkeep
|turn|20
|
|t:|1759055872
|move|p2a: Frosmoth|Quiver Dance|p2a: Frosmoth
|-boost|p2a: Frosmoth|spa|1
|-boost|p2a: Frosmoth|spd|1
|-boost|p2a: Frosmoth|spe|1
|move|p1a: Hatterene|Mystical Fire|p2a: Frosmoth
|-supereffective|p2a: Frosmoth
|-damage|p2a: Frosmoth|70/100
|-unboost|p2a: Frosmoth|spa|1
|
|upkeep
|turn|21
|
|t:|1759055881
|move|p2a: Frosmoth|Ice Beam|p1a: Hatterene
|-damage|p1a: Hatterene|61/100
|move|p1a: Hatterene|Mystical Fire|p2a: Frosmoth
|-supereffective|p2a: Frosmoth
|-damage|p2a: Frosmoth|33/100
|-unboost|p2a: Frosmoth|spa|1
|
|upkeep
|turn|22
|
|t:|1759055891
|move|p2a: Frosmoth|Quiver Dance|p2a: Frosmoth
|-boost|p2a: Frosmoth|spa|1
|-boost|p2a: Frosmoth|spd|1
|-boost|p2a: Frosmoth|spe|1
|move|p1a: Hatterene|Mystical Fire|p2a: Frosmoth
|-supereffective|p2a: Frosmoth
|-damage|p2a: Frosmoth|8/100
|-unboost|p2a: Frosmoth|spa|1
|
|upkeep
|turn|23
|
|t:|1759055900
|move|p2a: Frosmoth|Ice Beam|p1a: Hatterene
|-damage|p1a: Hatterene|35/100
|move|p1a: Hatterene|Nuzzle|p2a: Frosmoth
|-damage|p2a: Frosmoth|0 fnt
|faint|p2a: Frosmoth
|
|upkeep
|
|t:|1759055903
|switch|p2a: Rotom|Rotom-Wash|50/100
|turn|24
|
|t:|1759055919
|move|p2a: Rotom|Reflect|p2a: Rotom
|-sidestart|p2: noon tide pearl|Reflect
|move|p1a: Hatterene|Draining Kiss|p2a: Rotom
|-damage|p2a: Rotom|22/100
|-heal|p1a: Hatterene|55/100|[from] drain|[of] p2a: Rotom
|
|-fieldend|move: Electric Terrain
|upkeep
|turn|25
|
|t:|1759055926
|move|p2a: Rotom|Light Screen|p2a: Rotom
|-sidestart|p2: noon tide pearl|move: Light Screen
|move|p1a: Hatterene|Psyshock|p2a: Rotom
|-damage|p2a: Rotom|0 fnt
|faint|p2a: Rotom
|
|upkeep
|
|t:|1759055937
|switch|p2a: Raichu|Raichu-Alola, F|50/100
|turn|26
|
|t:|1759055942
|move|p2a: Raichu|Nasty Plot|p2a: Raichu
|-boost|p2a: Raichu|spa|2
|move|p1a: Hatterene|Mystical Fire|p2a: Raichu
|-damage|p2a: Raichu|32/100
|-unboost|p2a: Raichu|spa|1
|
|upkeep
|turn|27
|
|t:|1759055950
|move|p2a: Raichu|Thunderbolt|p1a: Hatterene
|-damage|p1a: Hatterene|0 fnt
|faint|p1a: Hatterene
|-damage|p2a: Raichu|22/100|[from] item: Life Orb
|
|upkeep
|
|t:|1759055961
|switch|p1a: Glimmora|Glimmora, M|100/100
|turn|28
|
|t:|1759055964
|move|p2a: Raichu|Psychic|p1a: Glimmora
|-supereffective|p1a: Glimmora
|-enditem|p1a: Glimmora|Focus Sash
|-damage|p1a: Glimmora|1/100
|-damage|p2a: Raichu|12/100|[from] item: Life Orb
|move|p1a: Glimmora|Earth Power|p2a: Raichu
|-supereffective|p2a: Raichu
|-damage|p2a: Raichu|0 fnt
|faint|p2a: Raichu
|
|upkeep
|
|t:|1759055967
|switch|p2a: Iron Hands|Iron Hands|100/100
|turn|29
|
|t:|1759055992
|move|p1a: Glimmora|Mortal Spin|p2a: Iron Hands
|-damage|p2a: Iron Hands|99/100
|-status|p2a: Iron Hands|psn
|move|p2a: Iron Hands|Drain Punch|p1a: Glimmora
|-damage|p1a: Glimmora|0 fnt
|-heal|p2a: Iron Hands|99/100 psn|[from] drain|[of] p1a: Glimmora
|-activate|p1a: Glimmora|ability: Toxic Debris
|-sidestart|p2: noon tide pearl|move: Toxic Spikes
|faint|p1a: Glimmora
|
|-damage|p2a: Iron Hands|87/100 psn|[from] psn
|upkeep
|inactive|Etarnus XD has 120 seconds left.
|
|t:|1759056012
|switch|p1a: Rillaboom|Rillaboom, F|100/100
|-fieldstart|move: Grassy Terrain|[from] ability: Grassy Surge|[of] p1a: Rillaboom
|turn|30
|
|t:|1759056019
|move|p1a: Rillaboom|Grassy Glide|p2a: Iron Hands
|-damage|p2a: Iron Hands|74/100 psn
|move|p2a: Iron Hands|Swords Dance|p2a: Iron Hands
|-boost|p2a: Iron Hands|atk|2
|
|-heal|p2a: Iron Hands|80/100 psn|[from] Grassy Terrain
|-damage|p2a: Iron Hands|68/100 psn|[from] psn
|upkeep
|turn|31
|
|t:|1759056029
|move|p1a: Rillaboom|Grassy Glide|p2a: Iron Hands
|-damage|p2a: Iron Hands|55/100 psn
|move|p2a: Iron Hands|Drain Punch|p1a: Rillaboom
|-damage|p1a: Rillaboom|19/100
|-heal|p2a: Iron Hands|90/100 psn|[from] drain|[of] p1a: Rillaboom
|
|-heal|p1a: Rillaboom|25/100|[from] Grassy Terrain
|-heal|p2a: Iron Hands|96/100 psn|[from] Grassy Terrain
|-damage|p2a: Iron Hands|84/100 psn|[from] psn
|-sideend|p2: noon tide pearl|Reflect
|upkeep
|turn|32
|-message|Etarnus XD forfeited.
|
|win|noon tide pearl
|raw|Etarnus XD's rating: 1367 &rarr; <strong>1344</strong><br />(-23 for losing)
|raw|noon tide pearl's rating: 1318 &rarr; <strong>1341</strong><br />(+23 for winning)
|l|☆Etarnus XD
|player|p1|
|l|☆noon tide pearl
|player|p2|
