|j|☆4arms67
|j|☆suprya
|t:|1758946444
|gametype|singles
|player|p1|4arms67|101|1487
|player|p2|suprya|preschooler|1569
|gen|9
|tier|[Gen 9] OU
|rated|
|rule|HP Percentage Mod: HP is shown in percentages
|rule|Endless Battle Clause: Forcing endless battles is banned
|rule|Species Clause: Limit one of each Pokémon
|rule|OHKO Clause: OHKO moves are banned
|rule|Evasion Items Clause: Evasion items are banned
|rule|Evasion Moves Clause: Evasion moves are banned
|rule|Evasion Abilities Clause: Evasion abilities are banned
|rule|Sleep Moves Clause: Sleep-inducing moves are banned
|clearpoke
|poke|p1|Landorus-Therian, M|
|poke|p1|Dragapult, F|
|poke|p1|Samurott-Hisui, F|
|poke|p1|Scizor, F|
|poke|p1|Cinderace, F|
|poke|p1|Iron Valiant|
|poke|p2|Jolteon, M|
|poke|p2|Serperior, F|
|poke|p2|Dragapult, F|
|poke|p2|Heatran, M|
|poke|p2|Gliscor, F|
|poke|p2|Alomomola, F|
|teampreview
|inactive|Battle timer is ON: inactive players will automatically lose when time's up. (requested by suprya)
|
|t:|1758946457
|teamsize|p1|6
|teamsize|p2|6
|start
|switch|p1a: Samurott|Samurott-Hisui, F|100/100
|switch|p2a: Heatran|Heatran, M|100/100
|turn|1
|
|t:|1758946462
|switch|p2a: Alomomola|Alomomola, F|100/100
|move|p1a: Samurott|Flip Turn|p2a: Alomomola
|-resisted|p2a: Alomomola
|-damage|p2a: Alomomola|90/100
|
|t:|1758946468
|switch|p1a: Iron Valiant|Iron Valiant|100/100|[from] Flip Turn
|
|upkeep
|turn|2
|
|t:|1758946474
|switch|p2a: Heatran|Heatran, M|100/100
|move|p1a: Iron Valiant|Knock Off|p2a: Heatran
|-damage|p2a: Heatran|67/100
|-enditem|p2a: Heatran|Heavy-Duty Boots|[from] move: Knock Off|[of] p1a: Iron Valiant
|
|upkeep
|turn|3
|
|t:|1758946487
|-end|p1a: Iron Valiant|Quark Drive|[silent]
|switch|p1a: Samurott|Samurott-Hisui, F|100/100
|switch|p2a: Alomomola|Alomomola, F|100/100
|
|upkeep
|turn|4
|
|t:|1758946495
|move|p1a: Samurott|Knock Off|p2a: Alomomola
|-damage|p2a: Alomomola|66/100
|-enditem|p2a: Alomomola|Heavy-Duty Boots|[from] move: Knock Off|[of] p1a: Samurott
|move|p2a: Alomomola|Flip Turn|p1a: Samurott
|-resisted|p1a: Samurott
|-damage|p1a: Samurott|92/100
|
|t:|1758946499
|switch|p2a: Serperior|Serperior, F|100/100|[from] Flip Turn
|
|upkeep
|turn|5
|
|t:|1758946503
|switch|p1a: Scizor|Scizor, F|100/100
|move|p2a: Serperior|Glare|p1a: Scizor
|-status|p1a: Scizor|par
|
|upkeep
|turn|6
|
|t:|1758946511
|switch|p2a: Alomomola|Alomomola, F|99/100
|cant|p1a: Scizor|par
|
|upkeep
|turn|7
|
|t:|1758946515
|move|p2a: Alomomola|Wish|p2a: Alomomola
|move|p1a: Scizor|U-turn|p2a: Alomomola
|-damage|p2a: Alomomola|55/100
|
|t:|1758946524
|switch|p1a: Samurott|Samurott-Hisui, F|92/100|[from] U-turn
|
|upkeep
|turn|8
|
|t:|1758946528
|switch|p2a: Serperior|Serperior, F|100/100
|move|p1a: Samurott|Ceaseless Edge|p2a: Serperior
|-damage|p2a: Serperior|43/100
|-sidestart|p2: suprya|Spikes
|
|-heal|p2a: Serperior|100/100|[from] move: Wish|[wisher] Alomomola
|upkeep
|turn|9
|
|t:|1758946534
|switch|p1a: Scizor|Scizor, F|100/100 par
|move|p2a: Serperior|Knock Off|p1a: Scizor
|-damage|p1a: Scizor|79/100 par
|-enditem|p1a: Scizor|Choice Band|[from] move: Knock Off|[of] p2a: Serperior
|
|upkeep
|turn|10
|
|t:|1758946542
|switch|p2a: Heatran|Heatran, M|67/100
|-damage|p2a: Heatran|55/100|[from] Spikes
|move|p1a: Scizor|U-turn|p2a: Heatran
|-resisted|p2a: Heatran
|-damage|p2a: Heatran|48/100
|
|t:|1758946548
|switch|p1a: Samurott|Samurott-Hisui, F|92/100|[from] U-turn
|
|upkeep
|turn|11
|
|t:|1758946555
|switch|p2a: Alomomola|Alomomola, F|89/100
|-damage|p2a: Alomomola|76/100|[from] Spikes
|move|p1a: Samurott|Flip Turn|p2a: Alomomola
|-resisted|p2a: Alomomola
|-damage|p2a: Alomomola|65/100
|
|t:|1758946564
|switch|p1a: Landorus|Landorus-Therian, M|100/100|[from] Flip Turn
|-ability|p1a: Landorus|Intimidate|boost
|-unboost|p2a: Alomomola|atk|1
|
|upkeep
|turn|12
|
|t:|1758946568
|move|p1a: Landorus|Earthquake|p2a: Alomomola
|-damage|p2a: Alomomola|16/100
|move|p2a: Alomomola|Wish|p2a: Alomomola
|
|upkeep
|turn|13
|
|t:|1758946575
|switch|p1a: Samurott|Samurott-Hisui, F|92/100
|move|p2a: Alomomola|Protect||[still]
|-fail|p2a: Alomomola
|
|-heal|p2a: Alomomola|66/100|[from] move: Wish|[wisher] Alomomola
|upkeep
|turn|14
|
|t:|1758946586
|move|p1a: Samurott|Ceaseless Edge|p2a: Alomomola
|-damage|p2a: Alomomola|33/100
|-sidestart|p2: suprya|Spikes
|move|p2a: Alomomola|Wish|p2a: Alomomola
|
|upkeep
|turn|15
|
|t:|1758946590
|move|p2a: Alomomola|Protect|p2a: Alomomola
|-singleturn|p2a: Alomomola|Protect
|move|p1a: Samurott|Ceaseless Edge|p2a: Alomomola
|-activate|p2a: Alomomola|move: Protect
|
|-heal|p2a: Alomomola|83/100|[from] move: Wish|[wisher] Alomomola
|upkeep
|turn|16
|
|t:|1758946596
|move|p1a: Samurott|Ceaseless Edge|p2a: Alomomola
|-damage|p2a: Alomomola|47/100
|-sidestart|p2: suprya|Spikes
|move|p2a: Alomomola|Wish|p2a: Alomomola
|
|upkeep
|turn|17
|
|t:|1758946600
|switch|p1a: Iron Valiant|Iron Valiant|100/100
|move|p2a: Alomomola|Protect||[still]
|-fail|p2a: Alomomola
|
|-heal|p2a: Alomomola|97/100|[from] move: Wish|[wisher] Alomomola
|upkeep
|turn|18
|
|t:|1758946614
|move|p1a: Iron Valiant|Close Combat|p2a: Alomomola
|-damage|p2a: Alomomola|36/100
|-unboost|p1a: Iron Valiant|def|1
|-unboost|p1a: Iron Valiant|spd|1
|move|p2a: Alomomola|Wish|p2a: Alomomola
|
|upkeep
|turn|19
|
|t:|1758946626
|-end|p1a: Iron Valiant|Quark Drive|[silent]
|switch|p1a: Samurott|Samurott-Hisui, F|92/100
|move|p2a: Alomomola|Protect||[still]
|-fail|p2a: Alomomola
|
|-heal|p2a: Alomomola|86/100|[from] move: Wish|[wisher] Alomomola
|upkeep
|turn|20
|
|t:|1758946636
|move|p1a: Samurott|Flip Turn|p2a: Alomomola
|-resisted|p2a: Alomomola
|-crit|p2a: Alomomola
|-damage|p2a: Alomomola|70/100
|
|t:|1758946640
|switch|p1a: Iron Valiant|Iron Valiant|100/100|[from] Flip Turn
|move|p2a: Alomomola|Wish|p2a: Alomomola
|
|upkeep
|turn|21
|
|t:|1758946646
|move|p1a: Iron Valiant|Spirit Break|p2a: Alomomola
|-damage|p2a: Alomomola|28/100
|-unboost|p2a: Alomomola|spa|1
|move|p2a: Alomomola|Flip Turn|p1a: Iron Valiant
|-damage|p1a: Iron Valiant|87/100
|
|t:|1758946652
|switch|p2a: Gliscor|Gliscor, F|100/100|[from] Flip Turn
|
|-status|p2a: Gliscor|tox|[from] item: Toxic Orb
|upkeep
|turn|22
|
|t:|1758946663
|move|p1a: Iron Valiant|Spirit Break|p2a: Gliscor
|-damage|p2a: Gliscor|57/100 tox
|-unboost|p2a: Gliscor|spa|1
|move|p2a: Gliscor|Earthquake|p1a: Iron Valiant
|-damage|p1a: Iron Valiant|42/100
|
|-heal|p2a: Gliscor|70/100 tox|[from] ability: Poison Heal
|upkeep
|turn|23
|
|t:|1758946678
|-end|p1a: Iron Valiant|Quark Drive|[silent]
|switch|p1a: Samurott|Samurott-Hisui, F|92/100
|move|p2a: Gliscor|Protect||[still]
|-fail|p2a: Gliscor
|
|-heal|p2a: Gliscor|82/100 tox|[from] ability: Poison Heal
|upkeep
|turn|24
|
|t:|1758946685
|move|p2a: Gliscor|Protect|p2a: Gliscor
|-singleturn|p2a: Gliscor|Protect
|move|p1a: Samurott|Razor Shell|p2a: Gliscor
|-activate|p2a: Gliscor|move: Protect
|
|-heal|p2a: Gliscor|95/100 tox|[from] ability: Poison Heal
|upkeep
|turn|25
|
|t:|1758946696
|switch|p2a: Serperior|Serperior, F|100/100
|move|p1a: Samurott|Razor Shell|p2a: Serperior
|-resisted|p2a: Serperior
|-damage|p2a: Serperior|66/100
|
|upkeep
|turn|26
|
|t:|1758946707
|switch|p2a: Heatran|Heatran, M|48/100
|-damage|p2a: Heatran|24/100|[from] Spikes
|switch|p1a: Scizor|Scizor, F|79/100 par
|
|upkeep
|turn|27
|
|t:|1758946711
|switch|p1a: Samurott|Samurott-Hisui, F|92/100
|move|p2a: Heatran|Stealth Rock|p1a: Samurott
|-sidestart|p1: 4arms67|move: Stealth Rock
|
|upkeep
|turn|28
|
|t:|1758946719
|switch|p2a: Alomomola|Alomomola, F|62/100
|-damage|p2a: Alomomola|37/100|[from] Spikes
|move|p1a: Samurott|Flip Turn|p2a: Alomomola
|-resisted|p2a: Alomomola
|-damage|p2a: Alomomola|27/100
|
|t:|1758946723
|switch|p1a: Dragapult|Dragapult, F|100/100|[from] Flip Turn
|-damage|p1a: Dragapult|88/100|[from] Stealth Rock
|
|upkeep
|turn|29
|
|t:|1758946727
|move|p2a: Alomomola|Protect|p2a: Alomomola
|-singleturn|p2a: Alomomola|Protect
|move|p1a: Dragapult|Dragon Darts|p2a: Alomomola
|-activate|p2a: Alomomola|move: Protect
|
|upkeep
|turn|30
|
|t:|1758946733
|switch|p2a: Heatran|Heatran, M|24/100
|-damage|p2a: Heatran|0 fnt|[from] Spikes
|faint|p2a: Heatran
|move|p1a: Dragapult|Dragon Darts|p2: Heatran|[notarget]
|-fail|p1a: Dragapult
|
|upkeep
|
|t:|1758946736
|switch|p2a: Gliscor|Gliscor, F|95/100 tox
|turn|31
|
|t:|1758946741
|switch|p1a: Iron Valiant|Iron Valiant|42/100
|-damage|p1a: Iron Valiant|36/100|[from] Stealth Rock
|move|p2a: Gliscor|Knock Off|p1a: Iron Valiant
|-resisted|p1a: Iron Valiant
|-damage|p1a: Iron Valiant|30/100
|-enditem|p1a: Iron Valiant|Choice Band|[from] move: Knock Off|[of] p2a: Gliscor
|
|-heal|p2a: Gliscor|100/100 tox|[from] ability: Poison Heal
|upkeep
|turn|32
|
|t:|1758946750
|move|p1a: Iron Valiant|Spirit Break|p2a: Gliscor
|-damage|p2a: Gliscor|71/100 tox
|-unboost|p2a: Gliscor|spa|1
|move|p2a: Gliscor|Earthquake|p1a: Iron Valiant
|-damage|p1a: Iron Valiant|0 fnt
|faint|p1a: Iron Valiant
|-end|p1a: Iron Valiant|Quark Drive|[silent]
|
|-heal|p2a: Gliscor|83/100 tox|[from] ability: Poison Heal
|upkeep
|
|t:|1758946751
|switch|p1a: Samurott|Samurott-Hisui, F|92/100
|-damage|p1a: Samurott|79/100|[from] Stealth Rock
|turn|33
|
|t:|1758946754
|move|p2a: Gliscor|Protect|p2a: Gliscor
|-singleturn|p2a: Gliscor|Protect
|move|p1a: Samurott|Razor Shell|p2a: Gliscor
|-activate|p2a: Gliscor|move: Protect
|
|-heal|p2a: Gliscor|96/100 tox|[from] ability: Poison Heal
|upkeep
|turn|34
|
|t:|1758946775
|switch|p2a: Dragapult|Dragapult, F|100/100
|move|p1a: Samurott|Razor Shell|p2a: Dragapult
|-resisted|p2a: Dragapult
|-damage|p2a: Dragapult|62/100
|
|upkeep
|turn|35
|
|t:|1758946786
|switch|p1a: Cinderace|Cinderace, F|100/100
|-damage|p1a: Cinderace|76/100|[from] Stealth Rock
|move|p2a: Dragapult|Will-O-Wisp|p1a: Cinderace
|-immune|p1a: Cinderace
|
|upkeep
|turn|36
|
|t:|1758946799
|move|p1a: Cinderace|Sucker Punch|p2a: Dragapult
|-start|p1a: Cinderace|typechange|Dark|[from] ability: Libero
|-supereffective|p2a: Dragapult
|-damage|p2a: Dragapult|0 fnt
|faint|p2a: Dragapult
|
|upkeep
|
|t:|1758946801
|switch|p2a: Jolteon|Jolteon, M|100/100
|turn|37
|
|t:|1758946809
|switch|p1a: Scizor|Scizor, F|79/100 par
|-damage|p1a: Scizor|67/100 par|[from] Stealth Rock
|move|p2a: Jolteon|Calm Mind|p2a: Jolteon
|-boost|p2a: Jolteon|spa|1
|-boost|p2a: Jolteon|spd|1
|
|upkeep
|turn|38
|
|t:|1758946814
|move|p2a: Jolteon|Electro Ball|p1a: Scizor
|-crit|p1a: Scizor
|-damage|p1a: Scizor|0 fnt
|faint|p1a: Scizor
|
|upkeep
|
|t:|1758946829
|switch|p1a: Dragapult|Dragapult, F|88/100
|-damage|p1a: Dragapult|76/100|[from] Stealth Rock
|turn|39
|
|t:|1758946834
|-terastallize|p1a: Dragapult|Ghost
|-terastallize|p2a: Jolteon|Fairy
|move|p1a: Dragapult|Tera Blast|p2a: Jolteon|[anim] Tera Blast Ghost
|-damage|p2a: Jolteon|0 fnt
|faint|p2a: Jolteon
|
|upkeep
|
|t:|1758946836
|switch|p2a: Gliscor|Gliscor, F|96/100 tox
|turn|40
|
|t:|1758946847
|switch|p1a: Landorus|Landorus-Therian, M|100/100
|-damage|p1a: Landorus|88/100|[from] Stealth Rock
|-ability|p1a: Landorus|Intimidate|boost
|-unboost|p2a: Gliscor|atk|1
|move|p2a: Gliscor|Knock Off|p1a: Landorus
|-damage|p1a: Landorus|74/100
|-enditem|p1a: Landorus|Choice Band|[from] move: Knock Off|[of] p2a: Gliscor
|
|-heal|p2a: Gliscor|100/100 tox|[from] ability: Poison Heal
|upkeep
|turn|41
|
|t:|1758946855
|move|p1a: Landorus|U-turn|p2a: Gliscor
|-resisted|p2a: Gliscor
|-damage|p2a: Gliscor|92/100 tox
|
|t:|1758946856
|switch|p1a: Samurott|Samurott-Hisui, F|79/100|[from] U-turn
|-damage|p1a: Samurott|67/100|[from] Stealth Rock
|move|p2a: Gliscor|Toxic|p1a: Samurott
|-status|p1a: Samurott|tox
|
|-heal|p2a: Gliscor|100/100 tox|[from] ability: Poison Heal
|-damage|p1a: Samurott|61/100 tox|[from] psn
|upkeep
|turn|42
|
|t:|1758946863
|move|p2a: Gliscor|Protect|p2a: Gliscor
|-singleturn|p2a: Gliscor|Protect
|move|p1a: Samurott|Razor Shell|p2a: Gliscor
|-activate|p2a: Gliscor|move: Protect
|
|-damage|p1a: Samurott|49/100 tox|[from] psn
|upkeep
|turn|43
|
|t:|1758946874
|switch|p2a: Alomomola|Alomomola, F|60/100
|-damage|p2a: Alomomola|35/100|[from] Spikes
|move|p1a: Samurott|Razor Shell|p2a: Alomomola
|-resisted|p2a: Alomomola
|-damage|p2a: Alomomola|14/100
|-unboost|p2a: Alomomola|def|1
|
|-damage|p1a: Samurott|31/100 tox|[from] psn
|upkeep
|turn|44
|
|t:|1758946878
|move|p2a: Alomomola|Protect|p2a: Alomomola
|-singleturn|p2a: Alomomola|Protect
|move|p1a: Samurott|Razor Shell|p2a: Alomomola
|-activate|p2a: Alomomola|move: Protect
|
|-damage|p1a: Samurott|7/100 tox|[from] psn
|upkeep
|turn|45
|
|t:|1758946880
|switch|p2a: Serperior|Serperior, F|66/100
|move|p1a: Samurott|Razor Shell|p2a: Serperior
|-resisted|p2a: Serperior
|-damage|p2a: Serperior|32/100
|-boost|p2a: Serperior|def|1
|
|-damage|p1a: Samurott|0 fnt|[from] psn
|faint|p1a: Samurott
|upkeep
|
|t:|1758946890
|switch|p1a: Cinderace|Cinderace, F|76/100
|-damage|p1a: Cinderace|51/100|[from] Stealth Rock
|turn|46
|
|t:|1758946895
|move|p1a: Cinderace|U-turn|p2a: Serperior
|-start|p1a: Cinderace|typechange|Bug|[from] ability: Libero
|-supereffective|p2a: Serperior
|-damage|p2a: Serperior|0 fnt
|faint|p2a: Serperior
|
|t:|1758946898
|switch|p1a: Dragapult|Dragapult, F, tera:Ghost|76/100|[from] U-turn
|-damage|p1a: Dragapult|64/100|[from] Stealth Rock
|
|upkeep
|
|t:|1758946901
|switch|p2a: Gliscor|Gliscor, F|100/100 tox
|turn|47
|
|t:|1758946920
|move|p1a: Dragapult|Tera Blast|p2a: Gliscor|[anim] Tera Blast Ghost
|-damage|p2a: Gliscor|40/100 tox
|move|p2a: Gliscor|Knock Off|p1a: Dragapult
|-supereffective|p1a: Dragapult
|-damage|p1a: Dragapult|9/100
|-enditem|p1a: Dragapult|Choice Band|[from] move: Knock Off|[of] p2a: Gliscor
|
|-heal|p2a: Gliscor|52/100 tox|[from] ability: Poison Heal
|upkeep
|turn|48
|
|t:|1758946926
|move|p2a: Gliscor|Protect|p2a: Gliscor
|-singleturn|p2a: Gliscor|Protect
|move|p1a: Dragapult|Tera Blast|p2a: Gliscor|[anim] Tera Blast Ghost
|-activate|p2a: Gliscor|move: Protect
|
|-heal|p2a: Gliscor|65/100 tox|[from] ability: Poison Heal
|upkeep
|turn|49
|
|t:|1758946940
|move|p1a: Dragapult|Tera Blast|p2a: Gliscor|[anim] Tera Blast Ghost
|-crit|p2a: Gliscor
|-damage|p2a: Gliscor|3/100 tox
|move|p2a: Gliscor|Toxic|p1a: Dragapult
|-status|p1a: Dragapult|tox
|
|-damage|p1a: Dragapult|3/100 tox|[from] psn
|-heal|p2a: Gliscor|16/100 tox|[from] ability: Poison Heal
|upkeep
|turn|50
|
|t:|1758946946
|move|p2a: Gliscor|Protect|p2a: Gliscor
|-singleturn|p2a: Gliscor|Protect
|move|p1a: Dragapult|Tera Blast|p2a: Gliscor|[anim] Tera Blast Ghost
|-activate|p2a: Gliscor|move: Protect
|
|-damage|p1a: Dragapult|0 fnt|[from] psn
|faint|p1a: Dragapult
|-heal|p2a: Gliscor|28/100 tox|[from] ability: Poison Heal
|upkeep
|
|t:|1758946948
|switch|p1a: Cinderace|Cinderace, F|51/100
|-damage|p1a: Cinderace|26/100|[from] Stealth Rock
|turn|51
|
|t:|1758946954
|move|p2a: Gliscor|Protect||[still]
|-fail|p2a: Gliscor
|move|p1a: Cinderace|Pyro Ball|p2a: Gliscor
|-damage|p2a: Gliscor|0 fnt
|faint|p2a: Gliscor
|
|upkeep
|
|t:|1758946956
|switch|p2a: Alomomola|Alomomola, F|47/100
|-damage|p2a: Alomomola|22/100|[from] Spikes
|turn|52
|
|t:|1758946959
|move|p1a: Cinderace|Pyro Ball|p2a: Alomomola|[miss]
|-miss|p1a: Cinderace|p2a: Alomomola
|move|p2a: Alomomola|Wish|p2a: Alomomola
|
|upkeep
|turn|53
|
|t:|1758946962
|move|p2a: Alomomola|Protect|p2a: Alomomola
|-singleturn|p2a: Alomomola|Protect
|move|p1a: Cinderace|Pyro Ball|p2a: Alomomola
|-activate|p2a: Alomomola|move: Protect
|
|-heal|p2a: Alomomola|72/100|[from] move: Wish|[wisher] Alomomola
|upkeep
|turn|54
|
|t:|1758946965
|move|p1a: Cinderace|Pyro Ball|p2a: Alomomola
|-resisted|p2a: Alomomola
|-damage|p2a: Alomomola|41/100
|move|p2a: Alomomola|Wish|p2a: Alomomola
|
|upkeep
|turn|55
|
|t:|1758946969
|switch|p1a: Landorus|Landorus-Therian, M|74/100
|-damage|p1a: Landorus|61/100|[from] Stealth Rock
|-ability|p1a: Landorus|Intimidate|boost
|-unboost|p2a: Alomomola|atk|1
|move|p2a: Alomomola|Protect||[still]
|-fail|p2a: Alomomola
|
|-heal|p2a: Alomomola|91/100|[from] move: Wish|[wisher] Alomomola
|upkeep
|turn|56
|
|t:|1758946975
|move|p1a: Landorus|Earthquake|p2a: Alomomola
|-damage|p2a: Alomomola|58/100
|move|p2a: Alomomola|Tickle|p1a: Landorus
|-unboost|p1a: Landorus|atk|1
|-unboost|p1a: Landorus|def|1
|
|upkeep
|turn|57
|
|t:|1758946985
|move|p1a: Landorus|Earthquake|p2a: Alomomola
|-damage|p2a: Alomomola|38/100
|move|p2a: Alomomola|Wish|p2a: Alomomola
|
|upkeep
|turn|58
|
|t:|1758946988
|move|p2a: Alomomola|Protect|p2a: Alomomola
|-singleturn|p2a: Alomomola|Protect
|move|p1a: Landorus|U-turn|p2a: Alomomola
|-activate|p2a: Alomomola|move: Protect
|
|-heal|p2a: Alomomola|88/100|[from] move: Wish|[wisher] Alomomola
|upkeep
|turn|59
|
|t:|1758946993
|move|p1a: Landorus|Stone Edge|p2a: Alomomola
|-damage|p2a: Alomomola|75/100
|move|p2a: Alomomola|Wish|p2a: Alomomola
|
|upkeep
|turn|60
|
|t:|1758946998
|move|p1a: Landorus|Earthquake|p2a: Alomomola
|-damage|p2a: Alomomola|54/100
|move|p2a: Alomomola|Flip Turn|p1a: Landorus
|-supereffective|p1a: Landorus
|-damage|p1a: Landorus|32/100
|
|-heal|p2a: Alomomola|100/100|[from] move: Wish|[wisher] Alomomola
|upkeep
|turn|61
|
|t:|1758947002
|move|p1a: Landorus|Stone Edge|p2a: Alomomola
|-damage|p2a: Alomomola|86/100
|move|p2a: Alomomola|Wish|p2a: Alomomola
|
|upkeep
|turn|62
|
|t:|1758947007
|move|p1a: Landorus|Earthquake|p2a: Alomomola
|-damage|p2a: Alomomola|64/100
|move|p2a: Alomomola|Flip Turn|p1a: Landorus
|-supereffective|p1a: Landorus
|-damage|p1a: Landorus|0 fnt
|faint|p1a: Landorus
|
|-heal|p2a: Alomomola|100/100|[from] move: Wish|[wisher] Alomomola
|upkeep
|
|t:|1758947009
|switch|p1a: Cinderace|Cinderace, F|26/100
|-damage|p1a: Cinderace|1/100|[from] Stealth Rock
|turn|63
|
|t:|1758947011
|move|p1a: Cinderace|U-turn|p2a: Alomomola
|-start|p1a: Cinderace|typechange|Bug|[from] ability: Libero
|-damage|p2a: Alomomola|68/100
|move|p2a: Alomomola|Flip Turn|p1a: Cinderace
|-crit|p1a: Cinderace
|-damage|p1a: Cinderace|0 fnt
|faint|p1a: Cinderace
|
|win|suprya
|raw|4arms67's rating: 1487 &rarr; <strong>1472</strong><br />(-15 for losing)
|raw|suprya's rating: 1569 &rarr; <strong>1584</strong><br />(+15 for winning)
|l|☆4arms67
|player|p1|
|l|☆suprya
|player|p2|
