|badge|p2|bronze|gen9ou|100-6
|html|<div class="broadcast-red"><strong>This battle is required to be public due to one or more player having a season medal.</strong><br />During the public phase, you can discuss the state of the ladder <a href="/seasondiscussion">in a special chatroom.</a></div>
|uhtml|medal-msg|<div class="broadcast-blue">Curious what those medals under the avatar are? PS now has Ladder Seasons! For more information, check out the <a href="https://www.smogon.com/forums/threads/3740067/">thread on Smogon.</a></div>
|raw|<div class="broadcast-blue"><strong>This battle is required to be public due to a player having a name starting with 'medal'.</div>
|j|☆suhui_
|j|☆osiris seth
|t:|1759043707
|gametype|singles
|player|p1|suhui_|102|1729
|player|p2|osiris seth|psychicf-gen4|1921
|gen|9
|tier|[Gen 9] OU
|rated|
|rule|HP Percentage Mod: HP is shown in percentages
|rule|Endless Battle Clause: Forcing endless battles is banned
|rule|Species Clause: Limit one of each Pokémon
|rule|OHKO Clause: OHKO moves are banned
|rule|Evasion Items Clause: Evasion items are banned
|rule|Evasion Moves Clause: Evasion moves are banned
|rule|Evasion Abilities Clause: Evasion abilities are banned
|rule|Sleep Moves Clause: Sleep-inducing moves are banned
|clearpoke
|poke|p1|Glimmora, F|
|poke|p1|Darkrai|
|poke|p1|Raging Bolt|
|poke|p1|Kingambit, M|
|poke|p1|Primarina, M|
|poke|p1|Iron Valiant|
|poke|p2|Darkrai|
|poke|p2|Primarina, F|
|poke|p2|Dragonite, M|
|poke|p2|Kingambit, F|
|poke|p2|Landorus-Therian, M|
|poke|p2|Kyurem|
|teampreview
|inactive|Battle timer is ON: inactive players will automatically lose when time's up. (requested by suhui_)
|
|t:|1759043719
|teamsize|p1|6
|teamsize|p2|6
|start
|switch|p1a: Raging Bolt|Raging Bolt|100/100
|switch|p2a: Darkrai|Darkrai|100/100
|-enditem|p1a: Raging Bolt|Booster Energy
|-activate|p1a: Raging Bolt|ability: Protosynthesis|[fromitem]
|-start|p1a: Raging Bolt|protosynthesisspa
|turn|1
|
|t:|1759043722
|move|p2a: Darkrai|Ice Beam|p1a: Raging Bolt
|-supereffective|p1a: Raging Bolt
|-damage|p1a: Raging Bolt|39/100
|move|p1a: Raging Bolt|Thunderbolt|p2a: Darkrai
|-damage|p2a: Darkrai|7/100
|
|upkeep
|turn|2
|
|t:|1759043725
|move|p1a: Raging Bolt|Thunderclap|p2a: Darkrai
|-damage|p2a: Darkrai|0 fnt
|faint|p2a: Darkrai
|
|upkeep
|
|t:|1759043728
|switch|p2a: Landorus|Landorus-Therian, M|100/100
|-ability|p2a: Landorus|Intimidate|boost
|-unboost|p1a: Raging Bolt|atk|1
|turn|3
|
|t:|1759043735
|-terastallize|p1a: Raging Bolt|Flying
|move|p2a: Landorus|Stealth Rock|p1a: Raging Bolt
|-sidestart|p1: suhui_|move: Stealth Rock
|move|p1a: Raging Bolt|Dragon Pulse|p2a: Landorus
|-damage|p2a: Landorus|27/100
|
|upkeep
|turn|4
|
|t:|1759043741
|move|p2a: Landorus|U-turn|p1a: Raging Bolt
|-resisted|p1a: Raging Bolt
|-damage|p1a: Raging Bolt|29/100
|
|t:|1759043743
|switch|p2a: Primarina|Primarina, F|100/100|[from] U-turn
|move|p1a: Raging Bolt|Dragon Pulse|p2a: Primarina
|-immune|p2a: Primarina
|
|upkeep
|turn|5
|
|t:|1759043746
|switch|p2a: Kyurem|Kyurem|100/100
|-ability|p2a: Kyurem|Pressure
|move|p1a: Raging Bolt|Thunderbolt|p2a: Kyurem
|-resisted|p2a: Kyurem
|-crit|p2a: Kyurem
|-damage|p2a: Kyurem|73/100
|
|upkeep
|turn|6
|
|t:|1759043750
|-end|p1a: Raging Bolt|Protosynthesis|[silent]
|switch|p1a: Glimmora|Glimmora, F|100/100
|-damage|p1a: Glimmora|88/100|[from] Stealth Rock
|move|p2a: Kyurem|Ice Beam|p1a: Glimmora
|-damage|p1a: Glimmora|18/100
|-enditem|p1a: Glimmora|Red Card|[of] p2a: Kyurem
|drag|p2a: Landorus|Landorus-Therian, M|27/100
|-ability|p2a: Landorus|Intimidate|boost
|-unboost|p1a: Glimmora|atk|1
|
|upkeep
|turn|7
|
|t:|1759043753
|move|p2a: Landorus|Earth Power|p1a: Glimmora
|-supereffective|p1a: Glimmora
|-damage|p1a: Glimmora|0 fnt
|faint|p1a: Glimmora
|
|upkeep
|
|t:|1759043765
|switch|p1a: Primarina|Primarina, M|100/100
|-damage|p1a: Primarina|88/100|[from] Stealth Rock
|turn|8
|
|t:|1759043770
|move|p2a: Landorus|U-turn|p1a: Primarina
|-resisted|p1a: Primarina
|-damage|p1a: Primarina|77/100
|
|t:|1759043773
|switch|p2a: Primarina|Primarina, F|100/100|[from] U-turn
|move|p1a: Primarina|Calm Mind|p1a: Primarina
|-boost|p1a: Primarina|spa|1
|-boost|p1a: Primarina|spd|1
|
|upkeep
|turn|9
|
|t:|1759043776
|move|p2a: Primarina|Moonblast|p1a: Primarina
|-damage|p1a: Primarina|44/100
|-unboost|p1a: Primarina|spa|1
|move|p1a: Primarina|Calm Mind|p1a: Primarina
|-boost|p1a: Primarina|spa|1
|-boost|p1a: Primarina|spd|1
|
|upkeep
|turn|10
|
|t:|1759043780
|move|p2a: Primarina|Calm Mind|p2a: Primarina
|-boost|p2a: Primarina|spa|1
|-boost|p2a: Primarina|spd|1
|move|p1a: Primarina|Moonblast|p2a: Primarina
|-damage|p2a: Primarina|48/100
|
|upkeep
|turn|11
|
|t:|1759043794
|move|p2a: Primarina|Surf|p1a: Primarina
|-resisted|p1a: Primarina
|-damage|p1a: Primarina|28/100
|move|p1a: Primarina|Moonblast|p2a: Primarina
|-damage|p2a: Primarina|0 fnt
|faint|p2a: Primarina
|
|upkeep
|
|t:|1759043799
|switch|p2a: Kyurem|Kyurem|73/100
|-ability|p2a: Kyurem|Pressure
|turn|12
|j| tabata toxapex
|
|t:|1759043802
|move|p2a: Kyurem|Freeze-Dry|p1a: Primarina
|-supereffective|p1a: Primarina
|-damage|p1a: Primarina|0 fnt
|faint|p1a: Primarina
|
|upkeep
|j| catarina valentine
|
|t:|1759043810
|switch|p1a: Iron Valiant|Iron Valiant|100/100
|-damage|p1a: Iron Valiant|94/100|[from] Stealth Rock
|-enditem|p1a: Iron Valiant|Booster Energy
|-activate|p1a: Iron Valiant|ability: Quark Drive|[fromitem]
|-start|p1a: Iron Valiant|quarkdrivespe
|turn|13
|
|t:|1759043814
|move|p1a: Iron Valiant|Moonblast|p2a: Kyurem
|-supereffective|p2a: Kyurem
|-damage|p2a: Kyurem|21/100
|move|p2a: Kyurem|Ice Beam|p1a: Iron Valiant
|-damage|p1a: Iron Valiant|0 fnt
|faint|p1a: Iron Valiant
|-end|p1a: Iron Valiant|Quark Drive|[silent]
|
|upkeep
|
|t:|1759043823
|switch|p1a: Darkrai|Darkrai|100/100
|-damage|p1a: Darkrai|88/100|[from] Stealth Rock
|turn|14
|
|t:|1759043826
|move|p1a: Darkrai|Dark Pulse|p2a: Kyurem
|-damage|p2a: Kyurem|0 fnt
|faint|p2a: Kyurem
|-damage|p1a: Darkrai|78/100|[from] item: Life Orb
|
|upkeep
|
|t:|1759043831
|switch|p2a: Dragonite|Dragonite, M|100/100
|turn|15
|j| Ateryx
|
|t:|1759043839
|-terastallize|p2a: Dragonite|Normal
|move|p1a: Darkrai|Taunt|p2a: Dragonite
|-start|p2a: Dragonite|move: Taunt
|cant|p2a: Dragonite|move: Taunt|Dragon Dance
|
|upkeep
|turn|16
|
|t:|1759043842
|move|p2a: Dragonite|Extreme Speed|p1a: Darkrai
|-damage|p1a: Darkrai|18/100
|move|p1a: Darkrai|Dark Pulse|p2a: Dragonite
|-crit|p2a: Dragonite
|-damage|p2a: Dragonite|59/100
|-damage|p1a: Darkrai|8/100|[from] item: Life Orb
|
|upkeep
|turn|17
|
|t:|1759043845
|move|p2a: Dragonite|Extreme Speed|p1a: Darkrai
|-damage|p1a: Darkrai|0 fnt
|faint|p1a: Darkrai
|
|-end|p2a: Dragonite|move: Taunt
|upkeep
|
|t:|1759043847
|switch|p1a: Kingambit|Kingambit, M|100/100
|-damage|p1a: Kingambit|94/100|[from] Stealth Rock
|-activate|p1a: Kingambit|ability: Supreme Overlord
|-start|p1a: Kingambit|fallen4|[silent]
|turn|18
|
|t:|1759043850
|move|p2a: Dragonite|Earthquake|p1a: Kingambit
|-supereffective|p1a: Kingambit
|-damage|p1a: Kingambit|33/100
|move|p1a: Kingambit|Low Kick|p2a: Dragonite
|-supereffective|p2a: Dragonite
|-damage|p2a: Dragonite|0 fnt
|faint|p2a: Dragonite
|
|upkeep
|
|t:|1759043856
|switch|p2a: Kingambit|Kingambit, F|100/100
|-activate|p2a: Kingambit|ability: Supreme Overlord
|-start|p2a: Kingambit|fallen4|[silent]
|turn|19
|
|t:|1759043859
|move|p2a: Kingambit|Low Kick|p1a: Kingambit
|-supereffective|p1a: Kingambit
|-damage|p1a: Kingambit|0 fnt
|faint|p1a: Kingambit
|-end|p1a: Kingambit|fallen4|[silent]
|
|upkeep
|
|t:|1759043861
|switch|p1a: Raging Bolt|Raging Bolt, tera:Flying|29/100
|-damage|p1a: Raging Bolt|5/100|[from] Stealth Rock
|turn|20
|
|t:|1759043864
|move|p1a: Raging Bolt|Thunderbolt|p2a: Kingambit
|-damage|p2a: Kingambit|44/100
|move|p2a: Kingambit|Low Kick|p1a: Raging Bolt
|-resisted|p1a: Raging Bolt
|-damage|p1a: Raging Bolt|0 fnt
|faint|p1a: Raging Bolt
|-end|p1a: Raging Bolt|Protosynthesis|[silent]
|
|win|osiris seth
|raw|suhui_'s rating: 1729 &rarr; <strong>1719</strong><br />(-10 for losing)
|raw|osiris seth's rating: 1921 &rarr; <strong>1931</strong><br />(+10 for winning)
|l|☆suhui_
|player|p1|
|l|☆osiris seth
|player|p2|
|l| Ateryx
|j| lt124yh 925
|l| lt124yh 925
|l| catarina valentine
