|j|☆fabyanwet
|j|☆pikachu12200
|t:|1759039695
|gametype|singles
|player|p1|fabyanwet|red|1085
|player|p2|pikachu12200|gentleman-gen4dp|1092
|gen|9
|tier|[Gen 9] OU
|rated|
|rule|HP Percentage Mod: HP is shown in percentages
|rule|Endless Battle Clause: Forcing endless battles is banned
|rule|Species Clause: Limit one of each Pokémon
|rule|OHKO Clause: OHKO moves are banned
|rule|Evasion Items Clause: Evasion items are banned
|rule|Evasion Moves Clause: Evasion moves are banned
|rule|Evasion Abilities Clause: Evasion abilities are banned
|rule|Sleep Moves Clause: Sleep-inducing moves are banned
|clearpoke
|poke|p1|Charizard, M|
|poke|p1|Lucario, M|
|poke|p1|Alcremie-Lemon-Cream, F|
|poke|p1|Volcanion|
|poke|p1|Eelektross, M|
|poke|p1|Ditto|
|poke|p2|Dragonite, M|
|poke|p2|Gholdengo|
|poke|p2|Gliscor, M|
|poke|p2|Garganacl, M|
|poke|p2|Ogerpon-Wellspring, F|
|poke|p2|Cinderace, F|
|teampreview
|inactive|Battle timer is ON: inactive players will automatically lose when time's up. (requested by fabyanwet)
|inactive|pikachu12200 also wants the timer to be on.
|
|t:|1759039706
|teamsize|p1|6
|teamsize|p2|6
|start
|switch|p1a: Volcanion|Volcanion|100/100
|switch|p2a: Garganacl|Garganacl, M, shiny|100/100
|turn|1
|
|t:|1759039713
|switch|p2a: Ogerpon|Ogerpon-Wellspring, F|100/100
|move|p1a: Volcanion|Steam Eruption|p2a: Ogerpon
|-immune|p2a: Ogerpon|[from] ability: Water Absorb
|
|upkeep
|turn|2
|
|t:|1759039723
|move|p2a: Ogerpon|Encore|p1a: Volcanion
|-start|p1a: Volcanion|Encore
|move|p1a: Volcanion|Steam Eruption|p2a: Ogerpon
|-immune|p2a: Ogerpon|[from] ability: Water Absorb
|
|upkeep
|turn|3
|
|t:|1759039731
|switch|p1a: Eelektross|Eelektross, M, shiny|100/100
|move|p2a: Ogerpon|Play Rough|p1a: Eelektross
|-damage|p1a: Eelektross|62/100
|-unboost|p1a: Eelektross|atk|1
|
|upkeep
|turn|4
|
|t:|1759039748
|switch|p2a: Gliscor|Gliscor, M, shiny|100/100
|move|p1a: Eelektross|Discharge|p2a: Gliscor
|-immune|p2a: Gliscor
|
|-status|p2a: Gliscor|tox|[from] item: Toxic Orb
|upkeep
|turn|5
|
|t:|1759039756
|move|p2a: Gliscor|Knock Off|p1a: Eelektross
|-damage|p1a: Eelektross|33/100
|-enditem|p1a: Eelektross|Assault Vest|[from] move: Knock Off|[of] p2a: Gliscor
|move|p1a: Eelektross|U-turn|p2a: Gliscor
|-resisted|p2a: Gliscor
|-damage|p2a: Gliscor|95/100 tox
|
|t:|1759039763
|switch|p1a: Volcanion|Volcanion|100/100|[from] U-turn
|
|-heal|p2a: Gliscor|100/100 tox|[from] ability: Poison Heal
|upkeep
|turn|6
|
|t:|1759039770
|move|p2a: Gliscor|Knock Off|p1a: Volcanion
|-damage|p1a: Volcanion|80/100
|-enditem|p1a: Volcanion|Heavy-Duty Boots|[from] move: Knock Off|[of] p2a: Gliscor
|move|p1a: Volcanion|Sludge Wave|p2a: Gliscor
|-resisted|p2a: Gliscor
|-damage|p2a: Gliscor|75/100 tox
|
|-heal|p2a: Gliscor|87/100 tox|[from] ability: Poison Heal
|upkeep
|turn|7
|
|t:|1759039780
|move|p2a: Gliscor|Earthquake|p1a: Volcanion
|-supereffective|p1a: Volcanion
|-damage|p1a: Volcanion|19/100
|move|p1a: Volcanion|Steam Eruption|p2a: Gliscor
|-supereffective|p2a: Gliscor
|-damage|p2a: Gliscor|0 fnt
|faint|p2a: Gliscor
|
|upkeep
|
|t:|1759039789
|switch|p2a: Ogerpon|Ogerpon-Wellspring, F|100/100
|turn|8
|
|t:|1759039794
|switch|p1a: Eelektross|Eelektross, M, shiny|33/100
|move|p2a: Ogerpon|Encore||[still]
|-fail|p2a: Ogerpon
|
|upkeep
|turn|9
|
|t:|1759039800
|move|p2a: Ogerpon|Play Rough|p1a: Eelektross
|-damage|p1a: Eelektross|0 fnt
|faint|p1a: Eelektross
|
|upkeep
|
|t:|1759039811
|switch|p1a: Alcremie|Alcremie-Lemon-Cream, F, shiny|100/100
|turn|10
|
|t:|1759039817
|-terastallize|p2a: Ogerpon|Water
|detailschange|p2a: Ogerpon|Ogerpon-Wellspring-Tera, F, tera:Water
|-ability|p2a: Ogerpon|Embody Aspect (Wellspring)|boost
|-boost|p2a: Ogerpon|spd|1
|move|p2a: Ogerpon|Ivy Cudgel|p1a: Alcremie|[anim] Ivy Cudgel Water
|-damage|p1a: Alcremie|29/100
|move|p1a: Alcremie|Acid Armor|p1a: Alcremie
|-boost|p1a: Alcremie|def|2
|
|-heal|p1a: Alcremie|35/100|[from] item: Leftovers
|upkeep
|turn|11
|
|t:|1759039830
|switch|p1a: Volcanion|Volcanion|19/100
|move|p2a: Ogerpon|Play Rough|p1a: Volcanion|[miss]
|-miss|p2a: Ogerpon|p1a: Volcanion
|
|upkeep
|turn|12
|
|t:|1759039850
|switch|p1a: Lucario|Lucario, M, shiny|100/100
|move|p2a: Ogerpon|Play Rough|p1a: Lucario
|-damage|p1a: Lucario|38/100
|
|upkeep
|turn|13
|
|t:|1759039859
|move|p2a: Ogerpon|Superpower|p1a: Lucario
|-supereffective|p1a: Lucario
|-crit|p1a: Lucario
|-damage|p1a: Lucario|0 fnt
|-unboost|p2a: Ogerpon|atk|1
|-unboost|p2a: Ogerpon|def|1
|faint|p1a: Lucario
|
|upkeep
|
|t:|1759039868
|switch|p1a: Charizard|Charizard, M, shiny|100/100
|turn|14
|
|t:|1759039878
|switch|p2a: Cinderace|Cinderace, F|100/100
|-terastallize|p1a: Charizard|Ghost
|move|p1a: Charizard|Tera Blast|p2a: Cinderace|[anim] Tera Blast Ghost
|-damage|p2a: Cinderace|19/100
|
|upkeep
|turn|15
|
|t:|1759039889
|switch|p1a: Alcremie|Alcremie-Lemon-Cream, F, shiny|35/100
|move|p2a: Cinderace|Court Change||[still]
|-start|p2a: Cinderace|typechange|Normal|[from] ability: Libero
|-fail|p2a: Cinderace
|
|-heal|p1a: Alcremie|41/100|[from] item: Leftovers
|upkeep
|turn|16
|
|t:|1759039899
|move|p2a: Cinderace|U-turn|p1a: Alcremie
|-resisted|p1a: Alcremie
|-damage|p1a: Alcremie|31/100
|
|t:|1759039902
|switch|p2a: Garganacl|Garganacl, M, shiny|100/100|[from] U-turn
|move|p1a: Alcremie|Acid Armor|p1a: Alcremie
|-boost|p1a: Alcremie|def|2
|
|-heal|p1a: Alcremie|37/100|[from] item: Leftovers
|upkeep
|turn|17
|
|t:|1759039911
|move|p1a: Alcremie|Calm Mind|p1a: Alcremie
|-boost|p1a: Alcremie|spa|1
|-boost|p1a: Alcremie|spd|1
|move|p2a: Garganacl|Salt Cure|p1a: Alcremie
|-damage|p1a: Alcremie|30/100
|-start|p1a: Alcremie|Salt Cure
|
|-heal|p1a: Alcremie|36/100|[from] item: Leftovers
|-damage|p1a: Alcremie|23/100|[from] Salt Cure
|upkeep
|turn|18
|
|t:|1759039922
|move|p1a: Alcremie|Draining Kiss|p2a: Garganacl
|-damage|p2a: Garganacl|81/100
|-heal|p1a: Alcremie|41/100|[from] drain|[of] p2a: Garganacl
|-damage|p1a: Alcremie|24/100|[from] item: Rocky Helmet|[of] p2a: Garganacl
|move|p2a: Garganacl|Recover|p2a: Garganacl
|-heal|p2a: Garganacl|100/100
|
|-heal|p1a: Alcremie|30/100|[from] item: Leftovers
|-damage|p1a: Alcremie|18/100|[from] Salt Cure
|upkeep
|turn|19
|
|t:|1759039933
|move|p1a: Alcremie|Calm Mind|p1a: Alcremie
|-boost|p1a: Alcremie|spa|1
|-boost|p1a: Alcremie|spd|1
|move|p2a: Garganacl|Salt Cure|p1a: Alcremie
|-damage|p1a: Alcremie|12/100
|
|-heal|p1a: Alcremie|18/100|[from] item: Leftovers
|-damage|p1a: Alcremie|5/100|[from] Salt Cure
|upkeep
|turn|20
|
|t:|1759039943
|move|p1a: Alcremie|Draining Kiss|p2a: Garganacl
|-damage|p2a: Garganacl|75/100
|-heal|p1a: Alcremie|28/100|[from] drain|[of] p2a: Garganacl
|-damage|p1a: Alcremie|12/100|[from] item: Rocky Helmet|[of] p2a: Garganacl
|move|p2a: Garganacl|Salt Cure|p1a: Alcremie
|-damage|p1a: Alcremie|5/100
|
|-heal|p1a: Alcremie|11/100|[from] item: Leftovers
|-damage|p1a: Alcremie|0 fnt|[from] Salt Cure
|faint|p1a: Alcremie
|upkeep
|
|t:|1759039955
|switch|p1a: Volcanion|Volcanion|19/100
|turn|21
|
|t:|1759039967
|switch|p2a: Ogerpon|Ogerpon-Wellspring-Tera, F, tera:Water|100/100
|-ability|p2a: Ogerpon|Embody Aspect (Wellspring)|boost
|-boost|p2a: Ogerpon|spd|1
|move|p1a: Volcanion|Sludge Wave|p2a: Ogerpon
|-damage|p2a: Ogerpon|76/100
|
|upkeep
|turn|22
|
|t:|1759039980
|switch|p1a: Ditto|Ditto, shiny|100/100
|move|p2a: Ogerpon|Play Rough|p1a: Ditto
|-damage|p1a: Ditto|45/100
|
|upkeep
|turn|23
|c|☆pikachu12200|What ?
|-message|fabyanwet forfeited.
|
|win|pikachu12200
|raw|fabyanwet's rating: 1085 &rarr; <strong>1063</strong><br />(-22 for losing)
|raw|pikachu12200's rating: 1092 &rarr; <strong>1118</strong><br />(+26 for winning)
|l|☆fabyanwet
|player|p1|
