|j|☆piratefish24
|j|☆masterjeyx
|t:|1758976822
|gametype|singles
|player|p1|piratefish24|ghetsis|1291
|player|p2|masterjeyx|riley|1300
|gen|9
|tier|[Gen 9] OU
|rated|
|rule|HP Percentage Mod: HP is shown in percentages
|rule|Endless Battle Clause: Forcing endless battles is banned
|rule|Species Clause: Limit one of each Pokémon
|rule|OHKO Clause: OHKO moves are banned
|rule|Evasion Items Clause: Evasion items are banned
|rule|Evasion Moves Clause: Evasion moves are banned
|rule|Evasion Abilities Clause: Evasion abilities are banned
|rule|Sleep Moves Clause: Sleep-inducing moves are banned
|clearpoke
|poke|p1|Dondozo, M|
|poke|p1|Blissey, F|
|poke|p1|Corviknight, F|
|poke|p1|Weezing-Galar, M|
|poke|p1|Gliscor, M|
|poke|p1|Toxapex, F|
|poke|p2|Kleavor, F|
|poke|p2|Indeedee, M|
|poke|p2|Tauros-Paldea-Blaze, M|
|poke|p2|Greedent, M|
|poke|p2|Floatzel, M|
|teampreview
|inactive|Battle timer is ON: inactive players will automatically lose when time's up. (requested by masterjeyx)
|inactive|piratefish24 also wants the timer to be on.
|
|t:|1758976830
|teamsize|p1|6
|teamsize|p2|5
|start
|switch|p1a: Gliscor|Gliscor, M|100/100
|switch|p2a: Floatzel|Floatzel, M|100/100
|turn|1
|
|t:|1758976839
|move|p1a: Gliscor|Protect|p1a: Gliscor
|-singleturn|p1a: Gliscor|Protect
|move|p2a: Floatzel|Ice Spinner|p1a: Gliscor
|-activate|p1a: Gliscor|move: Protect
|
|-status|p1a: Gliscor|tox|[from] item: Toxic Orb
|upkeep
|turn|2
|
|t:|1758976844
|switch|p1a: Toxapex|Toxapex, F|100/100
|move|p2a: Floatzel|Ice Spinner|p1a: Toxapex
|-resisted|p1a: Toxapex
|-damage|p1a: Toxapex|87/100
|
|-heal|p1a: Toxapex|93/100|[from] item: Leftovers
|upkeep
|turn|3
|
|t:|1758976849
|switch|p2a: Greedent|Greedent, M|100/100
|move|p1a: Toxapex|Toxic|p2a: Greedent
|-status|p2a: Greedent|tox
|
|-heal|p1a: Toxapex|99/100|[from] item: Leftovers
|-damage|p2a: Greedent|94/100 tox|[from] psn
|upkeep
|turn|4
|
|t:|1758976858
|move|p1a: Toxapex|Toxic Spikes|p2a: Greedent
|-sidestart|p2: masterjeyx|move: Toxic Spikes
|move|p2a: Greedent|Stuff Cheeks|p2a: Greedent
|-boost|p2a: Greedent|def|2
|-enditem|p2a: Greedent|Ganlon Berry|[eat]
|-boost|p2a: Greedent|def|1|[from] item: Ganlon Berry
|-heal|p2a: Greedent|100/100 tox|[from] ability: Cheek Pouch
|
|-heal|p1a: Toxapex|100/100|[from] item: Leftovers
|-damage|p2a: Greedent|88/100 tox|[from] psn
|upkeep
|turn|5
|
|t:|1758976868
|move|p1a: Toxapex|Toxic Spikes|p2a: Greedent
|-sidestart|p2: masterjeyx|move: Toxic Spikes
|move|p2a: Greedent|Earthquake|p1a: Toxapex
|-supereffective|p1a: Toxapex
|-damage|p1a: Toxapex|67/100
|
|-heal|p1a: Toxapex|73/100|[from] item: Leftovers
|-damage|p2a: Greedent|70/100 tox|[from] psn
|upkeep
|turn|6
|
|t:|1758976874
|move|p1a: Toxapex|Haze|p1a: Toxapex
|-clearallboost
|move|p2a: Greedent|Earthquake|p1a: Toxapex
|-supereffective|p1a: Toxapex
|-damage|p1a: Toxapex|41/100
|
|-heal|p1a: Toxapex|47/100|[from] item: Leftovers
|-damage|p2a: Greedent|46/100 tox|[from] psn
|upkeep
|turn|7
|
|t:|1758976880
|move|p1a: Toxapex|Recover|p1a: Toxapex
|-heal|p1a: Toxapex|97/100
|move|p2a: Greedent|Rest|p2a: Greedent
|-status|p2a: Greedent|slp|[from] move: Rest
|-heal|p2a: Greedent|100/100 slp|[silent]
|
|-heal|p1a: Toxapex|100/100|[from] item: Leftovers
|upkeep
|turn|8
|-message|masterjeyx forfeited.
|
|win|piratefish24
|raw|piratefish24's rating: 1291 &rarr; <strong>1317</strong><br />(+26 for winning)
|raw|masterjeyx's rating: 1300 &rarr; <strong>1274</strong><br />(-26 for losing)
|l|☆masterjeyx
|player|p2|
|l|☆piratefish24
|player|p1|
