|badge|p1|bronze|gen9ou|100-6
|badge|p1|bronze|gen9ru|100-6
|badge|p1|bronze|gen9uu|100-6
|html|<div class="broadcast-red"><strong>This battle is required to be public due to one or more player having a season medal.</strong><br />During the public phase, you can discuss the state of the ladder <a href="/seasondiscussion">in a special chatroom.</a></div>
|uhtml|medal-msg|<div class="broadcast-blue">Curious what those medals under the avatar are? PS now has Ladder Seasons! For more information, check out the <a href="https://www.smogon.com/forums/threads/3740067/">thread on Smogon.</a></div>
|raw|<div class="broadcast-blue"><strong>This battle is required to be public due to a player having a name starting with 'medal'.</div>
|j|☆Sirpeanutcronch
|j|☆Obito 2001
|t:|1759002904
|gametype|singles
|player|p1|Sirpeanutcronch|#wcop2025africa|1900
|player|p2|Obito 2001|blue-gen3two|1818
|gen|9
|tier|[Gen 9] OU
|rated|
|rule|HP Percentage Mod: HP is shown in percentages
|rule|Endless Battle Clause: Forcing endless battles is banned
|rule|Species Clause: Limit one of each Pokémon
|rule|OHKO Clause: OHKO moves are banned
|rule|Evasion Items Clause: Evasion items are banned
|rule|Evasion Moves Clause: Evasion moves are banned
|rule|Evasion Abilities Clause: Evasion abilities are banned
|rule|Sleep Moves Clause: Sleep-inducing moves are banned
|clearpoke
|poke|p1|Kyurem|
|poke|p1|Tornadus-Therian, M|
|poke|p1|Hatterene, F|
|poke|p1|Kingambit, F|
|poke|p1|Gliscor, F|
|poke|p1|Zamazenta-*|
|poke|p2|Kingambit, M|
|poke|p2|Landorus-Therian, M|
|poke|p2|Raging Bolt|
|poke|p2|Glimmora, F|
|poke|p2|Dragapult, M|
|poke|p2|Cinderace, F|
|teampreview
|inactive|Battle timer is ON: inactive players will automatically lose when time's up. (requested by Obito 2001)
|
|t:|1759002915
|teamsize|p1|6
|teamsize|p2|6
|start
|switch|p1a: Hatterene|Hatterene, F|100/100
|switch|p2a: BunnyGirlSenpai|Cinderace, F|100/100
|turn|1
|
|t:|1759002922
|switch|p1a: Gliscor|Gliscor, F|100/100
|move|p2a: BunnyGirlSenpai|U-turn|p1a: Gliscor
|-resisted|p1a: Gliscor
|-damage|p1a: Gliscor|95/100
|
|t:|1759002928
|switch|p2a: DraGhost|Dragapult, M|100/100|[from] U-turn
|
|-status|p1a: Gliscor|tox|[from] item: Toxic Orb
|upkeep
|turn|2
|
|t:|1759002932
|move|p1a: Gliscor|Protect|p1a: Gliscor
|-singleturn|p1a: Gliscor|Protect
|move|p2a: DraGhost|Hex|p1a: Gliscor
|-activate|p1a: Gliscor|move: Protect
|
|-heal|p1a: Gliscor|100/100 tox|[from] ability: Poison Heal
|upkeep
|turn|3
|
|t:|1759002935
|move|p2a: DraGhost|Substitute|p2a: DraGhost
|-start|p2a: DraGhost|Substitute
|-damage|p2a: DraGhost|76/100
|move|p1a: Gliscor|Toxic||[still]
|-fail|p1a: Gliscor
|
|-heal|p2a: DraGhost|82/100|[from] item: Leftovers
|upkeep
|turn|4
|
|t:|1759002937
|move|p2a: DraGhost|Hex|p1a: Gliscor
|-damage|p1a: Gliscor|36/100 tox
|move|p1a: Gliscor|U-turn|p2a: DraGhost
|-resisted|p2a: DraGhost
|-activate|p2a: DraGhost|move: Substitute|[damage]
|
|t:|1759002940
|switch|p1a: Tornadus|Tornadus-Therian, M|100/100|[from] U-turn
|
|-heal|p2a: DraGhost|88/100|[from] item: Leftovers
|upkeep
|turn|5
|
|t:|1759002945
|move|p2a: DraGhost|Thunder Wave|p1a: Tornadus
|-status|p1a: Tornadus|par
|move|p1a: Tornadus|Knock Off|p2a: DraGhost
|-supereffective|p2a: DraGhost
|-end|p2a: DraGhost|Substitute
|
|-heal|p2a: DraGhost|94/100|[from] item: Leftovers
|upkeep
|turn|6
|
|t:|1759002953
|switch|p1a: Hatterene|Hatterene, F|100/100
|move|p2a: DraGhost|Substitute|p2a: DraGhost
|-start|p2a: DraGhost|Substitute
|-damage|p2a: DraGhost|69/100
|
|-heal|p2a: DraGhost|75/100|[from] item: Leftovers
|upkeep
|turn|7
|
|t:|1759002957
|move|p2a: DraGhost|Hex|p1a: Hatterene
|-supereffective|p1a: Hatterene
|-damage|p1a: Hatterene|44/100
|move|p1a: Hatterene|Draining Kiss|p2a: DraGhost
|-supereffective|p2a: DraGhost
|-crit|p2a: DraGhost
|-end|p2a: DraGhost|Substitute
|-heal|p1a: Hatterene|63/100|[from] drain|[of] p2a: DraGhost
|
|-heal|p2a: DraGhost|81/100|[from] item: Leftovers
|upkeep
|turn|8
|
|t:|1759002965
|switch|p2a: Toxica|Glimmora, F|100/100
|move|p1a: Hatterene|Draining Kiss|p2a: Toxica
|-resisted|p2a: Toxica
|-damage|p2a: Toxica|86/100
|-heal|p1a: Hatterene|73/100|[from] drain|[of] p2a: Toxica
|
|upkeep
|turn|9
|
|t:|1759002968
|move|p2a: Toxica|Sludge Wave|p1a: Hatterene
|-supereffective|p1a: Hatterene
|-damage|p1a: Hatterene|0 fnt
|faint|p1a: Hatterene
|
|upkeep
|
|t:|1759002974
|switch|p1a: Kyurem|Kyurem|100/100
|-ability|p1a: Kyurem|Pressure
|turn|10
|
|t:|1759002981
|switch|p2a: Landorus|Landorus-Therian, M|100/100
|-ability|p2a: Landorus|Intimidate|boost
|-unboost|p1a: Kyurem|atk|1
|move|p1a: Kyurem|Draco Meteor|p2a: Landorus
|-damage|p2a: Landorus|24/100
|-unboost|p1a: Kyurem|spa|2
|
|upkeep
|turn|11
|
|t:|1759002988
|switch|p2a: BunnyGirlSenpai|Cinderace, F|100/100
|move|p1a: Kyurem|Draco Meteor|p2a: BunnyGirlSenpai
|-damage|p2a: BunnyGirlSenpai|59/100
|-unboost|p1a: Kyurem|spa|2
|
|upkeep
|turn|12
|
|t:|1759002997
|switch|p1a: Gliscor|Gliscor, F|36/100 tox
|move|p2a: BunnyGirlSenpai|U-turn|p1a: Gliscor
|-resisted|p1a: Gliscor
|-damage|p1a: Gliscor|31/100 tox
|
|t:|1759003000
|switch|p2a: DraGhost|Dragapult, M|81/100|[from] U-turn
|
|-heal|p2a: DraGhost|87/100|[from] item: Leftovers
|-heal|p1a: Gliscor|43/100 tox|[from] ability: Poison Heal
|upkeep
|turn|13
|
|t:|1759003004
|move|p2a: DraGhost|Hex|p1a: Gliscor
|-damage|p1a: Gliscor|0 fnt
|faint|p1a: Gliscor
|
|-heal|p2a: DraGhost|93/100|[from] item: Leftovers
|upkeep
|
|t:|1759003006
|switch|p1a: Kyurem|Kyurem|100/100
|-ability|p1a: Kyurem|Pressure
|turn|14
|
|t:|1759003015
|switch|p2a: Sosuke Aizen|Kingambit, M, shiny|100/100
|move|p1a: Kyurem|Ice Beam|p2a: Sosuke Aizen
|-resisted|p2a: Sosuke Aizen
|-damage|p2a: Sosuke Aizen|75/100
|
|-heal|p2a: Sosuke Aizen|81/100|[from] item: Leftovers
|upkeep
|turn|15
|
|t:|1759003023
|switch|p1a: Zamazenta|Zamazenta|100/100
|-ability|p1a: Zamazenta|Dauntless Shield|boost
|-boost|p1a: Zamazenta|def|1
|move|p2a: Sosuke Aizen|Iron Head|p1a: Zamazenta
|-damage|p1a: Zamazenta|73/100
|
|-heal|p1a: Zamazenta|80/100|[from] item: Leftovers
|-heal|p2a: Sosuke Aizen|87/100|[from] item: Leftovers
|upkeep
|turn|16
|
|t:|1759003030
|-end|p2a: Sosuke Aizen|fallenundefined|[silent]
|switch|p2a: Landorus|Landorus-Therian, M|24/100
|-ability|p2a: Landorus|Intimidate|boost
|-unboost|p1a: Zamazenta|atk|1
|move|p1a: Zamazenta|Iron Defense|p1a: Zamazenta
|-boost|p1a: Zamazenta|def|2
|
|-heal|p1a: Zamazenta|86/100|[from] item: Leftovers
|upkeep
|turn|17
|
|t:|1759003039
|switch|p2a: DraGhost|Dragapult, M|93/100
|move|p1a: Zamazenta|Body Press|p2a: DraGhost
|-immune|p2a: DraGhost
|
|-heal|p2a: DraGhost|99/100|[from] item: Leftovers
|-heal|p1a: Zamazenta|92/100|[from] item: Leftovers
|upkeep
|turn|18
|
|t:|1759003051
|move|p2a: DraGhost|Will-O-Wisp|p1a: Zamazenta
|-status|p1a: Zamazenta|brn
|move|p1a: Zamazenta|Crunch|p2a: DraGhost
|-supereffective|p2a: DraGhost
|-damage|p2a: DraGhost|79/100
|
|-heal|p2a: DraGhost|85/100|[from] item: Leftovers
|-heal|p1a: Zamazenta|98/100 brn|[from] item: Leftovers
|-damage|p1a: Zamazenta|92/100 brn|[from] brn
|upkeep
|turn|19
|-message|Sirpeanutcronch forfeited.
|
|win|Obito 2001
|raw|Sirpeanutcronch's rating: 1900 &rarr; <strong>1875</strong><br />(-25 for losing)
|raw|Obito 2001's rating: 1818 &rarr; <strong>1843</strong><br />(+25 for winning)
