|j|☆bellaisokay
|j|☆lzc123456
|t:|1759044407
|gametype|singles
|player|p1|bellaisokay|sabrina|1612
|player|p2|lzc123456|cynthia-gen4|1607
|gen|9
|tier|[Gen 9] OU
|rated|
|rule|HP Percentage Mod: HP is shown in percentages
|rule|Endless Battle Clause: Forcing endless battles is banned
|rule|Species Clause: Limit one of each Pokémon
|rule|OHKO Clause: OHKO moves are banned
|rule|Evasion Items Clause: Evasion items are banned
|rule|Evasion Moves Clause: Evasion moves are banned
|rule|Evasion Abilities Clause: Evasion abilities are banned
|rule|Sleep Moves Clause: Sleep-inducing moves are banned
|clearpoke
|poke|p1|Kyurem|
|poke|p1|Corviknight, F|
|poke|p1|Ting-Lu|
|poke|p1|Suicune|
|poke|p1|Slowking-Galar, F|
|poke|p1|Cinderace, M|
|poke|p2|Iron Valiant|
|poke|p2|Gholdengo|
|poke|p2|Glimmora, F|
|poke|p2|Dragonite, M|
|poke|p2|Samurott-Hisui, M|
|poke|p2|Garchomp, F|
|teampreview
|inactive|Battle timer is ON: inactive players will automatically lose when time's up. (requested by lzc123456)
|
|t:|1759044417
|teamsize|p1|6
|teamsize|p2|6
|start
|switch|p1a: Cinderace|Cinderace, M|100/100
|switch|p2a: Samurott|Samurott-Hisui, M|100/100
|turn|1
|
|t:|1759044420
|move|p2a: Samurott|Razor Shell|p1a: Cinderace
|-supereffective|p1a: Cinderace
|-damage|p1a: Cinderace|0 fnt
|faint|p1a: Cinderace
|
|upkeep
|
|t:|1759044424
|switch|p1a: Suicune|Suicune|100/100
|-ability|p1a: Suicune|Pressure
|turn|2
|
|t:|1759044428
|switch|p2a: Gholdengo|Gholdengo|100/100
|-item|p2a: Gholdengo|Air Balloon
|move|p1a: Suicune|Substitute|p1a: Suicune
|-start|p1a: Suicune|Substitute
|-damage|p1a: Suicune|75/100
|
|-heal|p1a: Suicune|82/100|[from] item: Leftovers
|upkeep
|turn|3
|
|t:|1759044431
|move|p2a: Gholdengo|Hex|p1a: Suicune
|-activate|p1a: Suicune|move: Substitute|[damage]
|move|p1a: Suicune|Calm Mind|p1a: Suicune
|-boost|p1a: Suicune|spa|1
|-boost|p1a: Suicune|spd|1
|
|-heal|p1a: Suicune|88/100|[from] item: Leftovers
|upkeep
|turn|4
|
|t:|1759044434
|move|p1a: Suicune|Protect|p1a: Suicune
|-singleturn|p1a: Suicune|Protect
|move|p2a: Gholdengo|Hex|p1a: Suicune
|-activate|p1a: Suicune|move: Protect
|
|-heal|p1a: Suicune|94/100|[from] item: Leftovers
|upkeep
|turn|5
|
|t:|1759044438
|move|p2a: Gholdengo|Hex|p1a: Suicune
|-end|p1a: Suicune|Substitute
|move|p1a: Suicune|Substitute|p1a: Suicune
|-start|p1a: Suicune|Substitute
|-damage|p1a: Suicune|69/100
|
|-heal|p1a: Suicune|75/100|[from] item: Leftovers
|upkeep
|turn|6
|
|t:|1759044448
|switch|p2a: Garchomp|Garchomp, F|100/100
|move|p1a: Suicune|Protect||[still]
|-fail|p1a: Suicune
|
|-heal|p1a: Suicune|81/100|[from] item: Leftovers
|upkeep
|turn|7
|
|t:|1759044454
|move|p2a: Garchomp|Swords Dance|p2a: Garchomp
|-boost|p2a: Garchomp|atk|2
|move|p1a: Suicune|Scald|p2a: Garchomp
|-crit|p2a: Garchomp
|-damage|p2a: Garchomp|39/100
|
|-heal|p1a: Suicune|88/100|[from] item: Leftovers
|upkeep
|turn|8
|
|t:|1759044460
|move|p1a: Suicune|Protect|p1a: Suicune
|-singleturn|p1a: Suicune|Protect
|move|p2a: Garchomp|Scale Shot|p1a: Suicune
|-activate|p1a: Suicune|move: Protect
|
|-heal|p1a: Suicune|94/100|[from] item: Leftovers
|upkeep
|turn|9
|
|t:|1759044465
|-terastallize|p1a: Suicune|Fairy
|move|p2a: Garchomp|Scale Shot|p1a: Suicune
|-immune|p1a: Suicune
|move|p1a: Suicune|Scald|p2a: Garchomp
|-damage|p2a: Garchomp|0 fnt
|faint|p2a: Garchomp
|
|-heal|p1a: Suicune|99/100|[from] item: Leftovers
|upkeep
|
|t:|1759044470
|switch|p2a: Glimmora|Glimmora, F|100/100
|turn|10
|
|t:|1759044473
|move|p1a: Suicune|Protect|p1a: Suicune
|-singleturn|p1a: Suicune|Protect
|move|p2a: Glimmora|Stealth Rock|p1a: Suicune
|-sidestart|p1: bellaisokay|move: Stealth Rock
|
|-heal|p1a: Suicune|100/100|[from] item: Leftovers
|upkeep
|turn|11
|
|t:|1759044476
|move|p2a: Glimmora|Power Gem|p1a: Suicune
|-activate|p1a: Suicune|move: Substitute|[damage]
|move|p1a: Suicune|Calm Mind|p1a: Suicune
|-boost|p1a: Suicune|spa|1
|-boost|p1a: Suicune|spd|1
|
|upkeep
|turn|12
|
|t:|1759044480
|move|p1a: Suicune|Protect|p1a: Suicune
|-singleturn|p1a: Suicune|Protect
|move|p2a: Glimmora|Sludge Wave|p1a: Suicune
|-activate|p1a: Suicune|move: Protect
|
|upkeep
|turn|13
|
|t:|1759044482
|move|p2a: Glimmora|Sludge Wave|p1a: Suicune
|-supereffective|p1a: Suicune
|-end|p1a: Suicune|Substitute
|move|p1a: Suicune|Substitute|p1a: Suicune
|-start|p1a: Suicune|Substitute
|-damage|p1a: Suicune|75/100
|
|-heal|p1a: Suicune|82/100|[from] item: Leftovers
|upkeep
|turn|14
|
|t:|1759044485
|move|p1a: Suicune|Protect|p1a: Suicune
|-singleturn|p1a: Suicune|Protect
|move|p2a: Glimmora|Sludge Wave|p1a: Suicune
|-activate|p1a: Suicune|move: Protect
|
|-heal|p1a: Suicune|88/100|[from] item: Leftovers
|upkeep
|turn|15
|
|t:|1759044491
|move|p2a: Glimmora|Sludge Wave|p1a: Suicune
|-supereffective|p1a: Suicune
|-end|p1a: Suicune|Substitute
|move|p1a: Suicune|Calm Mind|p1a: Suicune
|-boost|p1a: Suicune|spa|1
|-boost|p1a: Suicune|spd|1
|
|-heal|p1a: Suicune|94/100|[from] item: Leftovers
|upkeep
|turn|16
|
|t:|1759044498
|move|p1a: Suicune|Protect|p1a: Suicune
|-singleturn|p1a: Suicune|Protect
|move|p2a: Glimmora|Sludge Wave|p1a: Suicune
|-activate|p1a: Suicune|move: Protect
|
|-heal|p1a: Suicune|99/100|[from] item: Leftovers
|upkeep
|turn|17
|
|t:|1759044502
|move|p2a: Glimmora|Sludge Wave|p1a: Suicune
|-supereffective|p1a: Suicune
|-damage|p1a: Suicune|74/100
|move|p1a: Suicune|Substitute|p1a: Suicune
|-start|p1a: Suicune|Substitute
|-damage|p1a: Suicune|49/100
|
|-heal|p1a: Suicune|55/100|[from] item: Leftovers
|upkeep
|turn|18
|
|t:|1759044506
|move|p1a: Suicune|Protect|p1a: Suicune
|-singleturn|p1a: Suicune|Protect
|move|p2a: Glimmora|Sludge Wave|p1a: Suicune
|-activate|p1a: Suicune|move: Protect
|
|-heal|p1a: Suicune|61/100|[from] item: Leftovers
|upkeep
|turn|19
|
|t:|1759044512
|move|p1a: Suicune|Protect||[still]
|-fail|p1a: Suicune
|move|p2a: Glimmora|Sludge Wave|p1a: Suicune
|-supereffective|p1a: Suicune
|-activate|p1a: Suicune|move: Substitute|[damage]
|
|-heal|p1a: Suicune|67/100|[from] item: Leftovers
|upkeep
|turn|20
|
|t:|1759044518
|move|p2a: Glimmora|Power Gem|p1a: Suicune
|-end|p1a: Suicune|Substitute
|move|p1a: Suicune|Calm Mind|p1a: Suicune
|-boost|p1a: Suicune|spa|1
|-boost|p1a: Suicune|spd|1
|
|-heal|p1a: Suicune|73/100|[from] item: Leftovers
|upkeep
|turn|21
|
|t:|1759044521
|move|p2a: Glimmora|Mortal Spin|p1a: Suicune
|-supereffective|p1a: Suicune
|-damage|p1a: Suicune|67/100
|-status|p1a: Suicune|psn
|move|p1a: Suicune|Substitute|p1a: Suicune
|-start|p1a: Suicune|Substitute
|-damage|p1a: Suicune|42/100 psn
|
|-heal|p1a: Suicune|48/100 psn|[from] item: Leftovers
|-damage|p1a: Suicune|36/100 psn|[from] psn
|upkeep
|turn|22
|
|t:|1759044528
|move|p2a: Glimmora|Power Gem|p1a: Suicune
|-activate|p1a: Suicune|move: Substitute|[damage]
|move|p1a: Suicune|Scald|p2a: Glimmora
|-supereffective|p2a: Glimmora
|-damage|p2a: Glimmora|0 fnt
|faint|p2a: Glimmora
|
|-heal|p1a: Suicune|42/100 psn|[from] item: Leftovers
|-damage|p1a: Suicune|29/100 psn|[from] psn
|upkeep
|
|t:|1759044534
|switch|p2a: Samurott|Samurott-Hisui, M|100/100
|turn|23
|
|t:|1759044536
|move|p2a: Samurott|Ceaseless Edge|p1a: Suicune
|-resisted|p1a: Suicune
|-activate|p1a: Suicune|move: Substitute|[damage]
|-sidestart|p1: bellaisokay|Spikes
|move|p1a: Suicune|Scald|p2a: Samurott
|-resisted|p2a: Samurott
|-damage|p2a: Samurott|42/100
|
|-heal|p1a: Suicune|36/100 psn|[from] item: Leftovers
|-damage|p1a: Suicune|23/100 psn|[from] psn
|upkeep
|turn|24
|
|t:|1759044541
|move|p2a: Samurott|Ceaseless Edge|p1a: Suicune
|-resisted|p1a: Suicune
|-end|p1a: Suicune|Substitute
|-sidestart|p1: bellaisokay|Spikes
|move|p1a: Suicune|Scald|p2a: Samurott
|-resisted|p2a: Samurott
|-damage|p2a: Samurott|0 fnt
|faint|p2a: Samurott
|
|-heal|p1a: Suicune|29/100 psn|[from] item: Leftovers
|-damage|p1a: Suicune|17/100 psn|[from] psn
|upkeep
|
|t:|1759044548
|switch|p2a: Dragonite|Dragonite, M|100/100
|turn|25
|
|t:|1759044551
|move|p2a: Dragonite|Dragon Dance|p2a: Dragonite
|-boost|p2a: Dragonite|atk|1
|-boost|p2a: Dragonite|spe|1
|move|p1a: Suicune|Scald|p2a: Dragonite
|-resisted|p2a: Dragonite
|-damage|p2a: Dragonite|82/100
|
|-heal|p1a: Suicune|23/100 psn|[from] item: Leftovers
|-damage|p1a: Suicune|11/100 psn|[from] psn
|upkeep
|turn|26
|
|t:|1759044554
|move|p2a: Dragonite|Dragon Dance|p2a: Dragonite
|-boost|p2a: Dragonite|atk|1
|-boost|p2a: Dragonite|spe|1
|move|p1a: Suicune|Scald|p2a: Dragonite
|-resisted|p2a: Dragonite
|-damage|p2a: Dragonite|43/100
|
|-heal|p1a: Suicune|17/100 psn|[from] item: Leftovers
|-damage|p1a: Suicune|5/100 psn|[from] psn
|upkeep
|turn|27
|
|t:|1759044556
|move|p2a: Dragonite|Roost|p2a: Dragonite
|-heal|p2a: Dragonite|93/100
|-singleturn|p2a: Dragonite|move: Roost
|move|p1a: Suicune|Scald|p2a: Dragonite
|-resisted|p2a: Dragonite
|-damage|p2a: Dragonite|53/100
|
|-heal|p1a: Suicune|11/100 psn|[from] item: Leftovers
|-damage|p1a: Suicune|0 fnt|[from] psn
|faint|p1a: Suicune
|upkeep
|
|t:|1759044561
|switch|p1a: Corviknight|Corviknight, F|100/100
|-damage|p1a: Corviknight|88/100|[from] Stealth Rock
|-ability|p1a: Corviknight|Pressure
|turn|28
|
|t:|1759044564
|move|p2a: Dragonite|Roost|p2a: Dragonite
|-heal|p2a: Dragonite|100/100
|-singleturn|p2a: Dragonite|move: Roost
|move|p1a: Corviknight|Iron Defense|p1a: Corviknight
|-boost|p1a: Corviknight|def|2
|
|upkeep
|turn|29
|
|t:|1759044570
|switch|p2a: Iron Valiant|Iron Valiant|100/100
|-enditem|p2a: Iron Valiant|Booster Energy
|-activate|p2a: Iron Valiant|ability: Quark Drive|[fromitem]
|-start|p2a: Iron Valiant|quarkdrivespe
|move|p1a: Corviknight|Body Press|p2a: Iron Valiant
|-resisted|p2a: Iron Valiant
|-crit|p2a: Iron Valiant
|-damage|p2a: Iron Valiant|49/100
|
|upkeep
|turn|30
|
|t:|1759044573
|switch|p1a: Slowking|Slowking-Galar, F|100/100
|move|p2a: Iron Valiant|Thunderbolt|p1a: Slowking
|-damage|p1a: Slowking|83/100
|
|upkeep
|turn|31
|
|t:|1759044577
|move|p2a: Iron Valiant|Knock Off|p1a: Slowking
|-supereffective|p1a: Slowking
|-crit|p1a: Slowking
|-damage|p1a: Slowking|0 fnt
|-enditem|p1a: Slowking|Heavy-Duty Boots|[from] move: Knock Off|[of] p2a: Iron Valiant
|faint|p1a: Slowking
|
|upkeep
|
|t:|1759044586
|switch|p1a: Ting-Lu|Ting-Lu|100/100
|-damage|p1a: Ting-Lu|94/100|[from] Stealth Rock
|-damage|p1a: Ting-Lu|78/100|[from] Spikes
|-ability|p1a: Ting-Lu|Vessel of Ruin
|turn|32
|
|t:|1759044589
|move|p2a: Iron Valiant|Knock Off|p1a: Ting-Lu
|-resisted|p1a: Ting-Lu
|-damage|p1a: Ting-Lu|70/100
|-enditem|p1a: Ting-Lu|Leftovers|[from] move: Knock Off|[of] p2a: Iron Valiant
|move|p1a: Ting-Lu|Earthquake|p2a: Iron Valiant
|-damage|p2a: Iron Valiant|0 fnt
|faint|p2a: Iron Valiant
|-end|p2a: Iron Valiant|Quark Drive|[silent]
|
|upkeep
|
|t:|1759044593
|switch|p2a: Dragonite|Dragonite, M|100/100
|turn|33
|
|t:|1759044595
|switch|p1a: Corviknight|Corviknight, F|88/100
|-damage|p1a: Corviknight|76/100|[from] Stealth Rock
|-ability|p1a: Corviknight|Pressure
|move|p2a: Dragonite|Dragon Dance|p2a: Dragonite
|-boost|p2a: Dragonite|atk|1
|-boost|p2a: Dragonite|spe|1
|
|upkeep
|turn|34
|
|t:|1759044598
|switch|p2a: Gholdengo|Gholdengo|100/100
|-item|p2a: Gholdengo|Air Balloon
|move|p1a: Corviknight|Iron Defense|p1a: Corviknight
|-boost|p1a: Corviknight|def|2
|
|upkeep
|turn|35
|
|t:|1759044603
|switch|p1a: Ting-Lu|Ting-Lu|70/100
|-damage|p1a: Ting-Lu|64/100|[from] Stealth Rock
|-damage|p1a: Ting-Lu|47/100|[from] Spikes
|-ability|p1a: Ting-Lu|Vessel of Ruin
|move|p2a: Gholdengo|Focus Blast|p1a: Ting-Lu
|-supereffective|p1a: Ting-Lu
|-damage|p1a: Ting-Lu|18/100
|
|upkeep
|turn|36
|
|t:|1759044610
|move|p2a: Gholdengo|Focus Blast|p1a: Ting-Lu|[miss]
|-miss|p2a: Gholdengo|p1a: Ting-Lu
|move|p1a: Ting-Lu|Rest|p1a: Ting-Lu
|-status|p1a: Ting-Lu|slp|[from] move: Rest
|-heal|p1a: Ting-Lu|100/100 slp|[silent]
|
|upkeep
|turn|37
|
|t:|1759044613
|move|p2a: Gholdengo|Focus Blast|p1a: Ting-Lu
|-supereffective|p1a: Ting-Lu
|-damage|p1a: Ting-Lu|74/100 slp
|cant|p1a: Ting-Lu|slp
|move|p1a: Ting-Lu|Sleep Talk|p1a: Ting-Lu
|move|p1a: Ting-Lu|Payback|p2a: Gholdengo|[from] move: Sleep Talk
|-supereffective|p2a: Gholdengo
|-damage|p2a: Gholdengo|49/100
|-enditem|p2a: Gholdengo|Air Balloon
|
|upkeep
|turn|38
|
|t:|1759044616
|move|p2a: Gholdengo|Focus Blast|p1a: Ting-Lu|[miss]
|-miss|p2a: Gholdengo|p1a: Ting-Lu
|cant|p1a: Ting-Lu|slp
|move|p1a: Ting-Lu|Sleep Talk|p1a: Ting-Lu
|move|p1a: Ting-Lu|Rest||[from] move: Sleep Talk|[still]
|-fail|p1a: Ting-Lu
|
|upkeep
|turn|39
|
|t:|1759044618
|move|p2a: Gholdengo|Recover|p2a: Gholdengo
|-heal|p2a: Gholdengo|99/100
|-curestatus|p1a: Ting-Lu|slp|[msg]
|move|p1a: Ting-Lu|Payback|p2a: Gholdengo
|-supereffective|p2a: Gholdengo
|-damage|p2a: Gholdengo|40/100
|
|upkeep
|turn|40
|
|t:|1759044620
|move|p2a: Gholdengo|Recover|p2a: Gholdengo
|-heal|p2a: Gholdengo|90/100
|move|p1a: Ting-Lu|Earthquake|p2a: Gholdengo
|-supereffective|p2a: Gholdengo
|-damage|p2a: Gholdengo|29/100
|
|upkeep
|turn|41
|
|t:|1759044624
|switch|p2a: Dragonite|Dragonite, M|100/100
|move|p1a: Ting-Lu|Payback|p2a: Dragonite
|-damage|p2a: Dragonite|90/100
|
|upkeep
|turn|42
|
|t:|1759044627
|switch|p1a: Corviknight|Corviknight, F|76/100
|-damage|p1a: Corviknight|64/100|[from] Stealth Rock
|-ability|p1a: Corviknight|Pressure
|move|p2a: Dragonite|Dragon Dance|p2a: Dragonite
|-boost|p2a: Dragonite|atk|1
|-boost|p2a: Dragonite|spe|1
|
|upkeep
|turn|43
|
|t:|1759044630
|move|p2a: Dragonite|Dragon Dance|p2a: Dragonite
|-boost|p2a: Dragonite|atk|1
|-boost|p2a: Dragonite|spe|1
|move|p1a: Corviknight|Roost|p1a: Corviknight
|-heal|p1a: Corviknight|100/100
|-singleturn|p1a: Corviknight|move: Roost
|
|upkeep
|turn|44
|
|t:|1759044634
|move|p2a: Dragonite|Dragon Dance|p2a: Dragonite
|-boost|p2a: Dragonite|atk|1
|-boost|p2a: Dragonite|spe|1
|move|p1a: Corviknight|Iron Defense|p1a: Corviknight
|-boost|p1a: Corviknight|def|2
|
|upkeep
|turn|45
|
|t:|1759044636
|switch|p2a: Gholdengo|Gholdengo|29/100
|move|p1a: Corviknight|Body Press|p2a: Gholdengo
|-immune|p2a: Gholdengo
|
|upkeep
|turn|46
|
|t:|1759044638
|switch|p1a: Ting-Lu|Ting-Lu|74/100
|-damage|p1a: Ting-Lu|67/100|[from] Stealth Rock
|-damage|p1a: Ting-Lu|51/100|[from] Spikes
|-ability|p1a: Ting-Lu|Vessel of Ruin
|move|p2a: Gholdengo|Recover|p2a: Gholdengo
|-heal|p2a: Gholdengo|79/100
|
|upkeep
|turn|47
|
|t:|1759044646
|move|p2a: Gholdengo|Focus Blast|p1a: Ting-Lu
|-supereffective|p1a: Ting-Lu
|-damage|p1a: Ting-Lu|22/100
|move|p1a: Ting-Lu|Payback|p2a: Gholdengo
|-supereffective|p2a: Gholdengo
|-damage|p2a: Gholdengo|21/100
|
|upkeep
|turn|48
|
|t:|1759044652
|move|p2a: Gholdengo|Focus Blast|p1a: Ting-Lu
|-supereffective|p1a: Ting-Lu
|-damage|p1a: Ting-Lu|0 fnt
|faint|p1a: Ting-Lu
|
|upkeep
|
|t:|1759044653
|switch|p1a: Kyurem|Kyurem|100/100
|-damage|p1a: Kyurem|75/100|[from] Stealth Rock
|-damage|p1a: Kyurem|59/100|[from] Spikes
|-ability|p1a: Kyurem|Pressure
|turn|49
|
|t:|1759044657
|move|p1a: Kyurem|Earth Power|p2a: Gholdengo
|-supereffective|p2a: Gholdengo
|-damage|p2a: Gholdengo|0 fnt
|faint|p2a: Gholdengo
|
|-heal|p1a: Kyurem|65/100|[from] item: Leftovers
|upkeep
|
|t:|1759044659
|switch|p2a: Dragonite|Dragonite, M|90/100
|turn|50
|
|t:|1759044663
|-terastallize|p2a: Dragonite|Fairy
|move|p1a: Kyurem|Freeze-Dry|p2a: Dragonite
|-damage|p2a: Dragonite|51/100
|move|p2a: Dragonite|Dragon Dance|p2a: Dragonite
|-boost|p2a: Dragonite|atk|1
|-boost|p2a: Dragonite|spe|1
|
|-heal|p1a: Kyurem|71/100|[from] item: Leftovers
|upkeep
|turn|51
|
|t:|1759044667
|move|p2a: Dragonite|Roost|p2a: Dragonite
|-heal|p2a: Dragonite|100/100
|move|p1a: Kyurem|Freeze-Dry|p2a: Dragonite
|-damage|p2a: Dragonite|83/100
|
|-heal|p1a: Kyurem|77/100|[from] item: Leftovers
|upkeep
|turn|52
|
|t:|1759044669
|move|p2a: Dragonite|Dragon Dance|p2a: Dragonite
|-boost|p2a: Dragonite|atk|1
|-boost|p2a: Dragonite|spe|1
|move|p1a: Kyurem|Freeze-Dry|p2a: Dragonite
|-damage|p2a: Dragonite|43/100
|
|-heal|p1a: Kyurem|84/100|[from] item: Leftovers
|upkeep
|turn|53
|
|t:|1759044672
|switch|p1a: Corviknight|Corviknight, F|100/100
|-damage|p1a: Corviknight|88/100|[from] Stealth Rock
|-ability|p1a: Corviknight|Pressure
|move|p2a: Dragonite|Roost|p2a: Dragonite
|-heal|p2a: Dragonite|93/100
|
|upkeep
|turn|54
|
|t:|1759044674
|move|p2a: Dragonite|Tera Blast|p1a: Corviknight|[anim] Tera Blast Fairy
|-resisted|p1a: Corviknight
|-damage|p1a: Corviknight|63/100
|move|p1a: Corviknight|Iron Defense|p1a: Corviknight
|-boost|p1a: Corviknight|def|2
|
|upkeep
|turn|55
|
|t:|1759044676
|move|p2a: Dragonite|Tera Blast|p1a: Corviknight|[anim] Tera Blast Fairy
|-resisted|p1a: Corviknight
|-damage|p1a: Corviknight|52/100
|move|p1a: Corviknight|Iron Defense|p1a: Corviknight
|-boost|p1a: Corviknight|def|2
|
|upkeep
|turn|56
|
|t:|1759044679
|move|p2a: Dragonite|Tera Blast|p1a: Corviknight|[anim] Tera Blast Fairy
|-resisted|p1a: Corviknight
|-damage|p1a: Corviknight|43/100
|move|p1a: Corviknight|Roost|p1a: Corviknight
|-heal|p1a: Corviknight|93/100
|-singleturn|p1a: Corviknight|move: Roost
|
|upkeep
|turn|57
|
|t:|1759044681
|move|p2a: Dragonite|Dragon Dance|p2a: Dragonite
|-boost|p2a: Dragonite|atk|1
|-boost|p2a: Dragonite|spe|1
|move|p1a: Corviknight|Iron Defense|p1a: Corviknight
|-boost|p1a: Corviknight|def|2
|
|upkeep
|turn|58
|
|t:|1759044683
|move|p2a: Dragonite|Dragon Dance|p2a: Dragonite
|-boost|p2a: Dragonite|atk|1
|-boost|p2a: Dragonite|spe|1
|move|p1a: Corviknight|Body Press|p2a: Dragonite
|-resisted|p2a: Dragonite
|-damage|p2a: Dragonite|35/100
|
|upkeep
|turn|59
|
|t:|1759044686
|move|p2a: Dragonite|Roost|p2a: Dragonite
|-heal|p2a: Dragonite|85/100
|move|p1a: Corviknight|Body Press|p2a: Dragonite
|-resisted|p2a: Dragonite
|-damage|p2a: Dragonite|30/100
|
|upkeep
|turn|60
|
|t:|1759044688
|move|p2a: Dragonite|Tera Blast|p1a: Corviknight|[anim] Tera Blast Fairy
|-resisted|p1a: Corviknight
|-damage|p1a: Corviknight|83/100
|move|p1a: Corviknight|Body Press|p2a: Dragonite
|-resisted|p2a: Dragonite
|-damage|p2a: Dragonite|0 fnt
|faint|p2a: Dragonite
|
|win|bellaisokay
|raw|bellaisokay's rating: 1612 &rarr; <strong>1632</strong><br />(+20 for winning)
|raw|lzc123456's rating: 1607 &rarr; <strong>1587</strong><br />(-20 for losing)
|l|☆lzc123456
|player|p2|
|c|☆bellaisokay|ggs
|l|☆bellaisokay
|player|p1|
