|j|☆Melgeta 07
|j|☆Jenkinss
|t:|1758971777
|gametype|singles
|player|p1|Melgeta 07|alder|1177
|player|p2|Jenkinss|170|1129
|gen|9
|tier|[Gen 9] OU
|rated|
|rule|HP Percentage Mod: HP is shown in percentages
|rule|Endless Battle Clause: Forcing endless battles is banned
|rule|Species Clause: Limit one of each Pokémon
|rule|OHKO Clause: OHKO moves are banned
|rule|Evasion Items Clause: Evasion items are banned
|rule|Evasion Moves Clause: Evasion moves are banned
|rule|Evasion Abilities Clause: Evasion abilities are banned
|rule|Sleep Moves Clause: Sleep-inducing moves are banned
|clearpoke
|poke|p1|Clefable, M|
|poke|p1|Dondozo, M|
|poke|p1|Gliscor, F|
|poke|p1|Toxapex, F|
|poke|p1|Skarmory, M|
|poke|p1|Corviknight, F|
|poke|p2|Toxtricity, F|
|poke|p2|Braviary-Hisui, M|
|poke|p2|Graveler-Alola, M|
|poke|p2|Hitmonlee, M|
|poke|p2|Arbok, F|
|poke|p2|Orthworm, M|
|teampreview
|inactive|Battle timer is ON: inactive players will automatically lose when time's up. (requested by Jenkinss)
|
|t:|1758971789
|teamsize|p1|6
|teamsize|p2|6
|start
|switch|p1a: Clefable|Clefable, M|100/100
|switch|p2a: Braviary|Braviary-Hisui, M|100/100
|turn|1
|
|t:|1758971797
|move|p2a: Braviary|Calm Mind|p2a: Braviary
|-boost|p2a: Braviary|spa|1
|-boost|p2a: Braviary|spd|1
|move|p1a: Clefable|Thunderbolt|p2a: Braviary
|-supereffective|p2a: Braviary
|-damage|p2a: Braviary|43/100
|
|upkeep
|turn|2
|
|t:|1758971804
|move|p2a: Braviary|Esper Wing|p1a: Clefable
|-crit|p1a: Clefable
|-damage|p1a: Clefable|0 fnt
|-boost|p2a: Braviary|spe|1
|faint|p1a: Clefable
|
|upkeep
|
|t:|1758971824
|switch|p1a: The GOAT|Skarmory, M, shiny|100/100
|turn|3
|
|t:|1758971828
|move|p2a: Braviary|Heat Wave|p1a: The GOAT
|-supereffective|p1a: The GOAT
|-damage|p1a: The GOAT|0 fnt
|faint|p1a: The GOAT
|
|upkeep
|
|t:|1758971832
|switch|p1a: Corviknight|Corviknight, F, shiny|100/100
|turn|4
|
|t:|1758971836
|move|p2a: Braviary|Heat Wave|p1a: Corviknight
|-supereffective|p1a: Corviknight
|-damage|p1a: Corviknight|1/100
|move|p1a: Corviknight|Iron Head|p2a: Braviary
|-damage|p2a: Braviary|14/100
|
|-heal|p1a: Corviknight|7/100|[from] item: Leftovers
|upkeep
|turn|5
|
|t:|1758971845
|move|p1a: Corviknight|Protect|p1a: Corviknight
|-singleturn|p1a: Corviknight|Protect
|move|p2a: Braviary|Esper Wing|p1a: Corviknight
|-activate|p1a: Corviknight|move: Protect
|
|-heal|p1a: Corviknight|13/100|[from] item: Leftovers
|upkeep
|turn|6
|
|t:|1758971854
|move|p2a: Braviary|Esper Wing|p1a: Corviknight
|-resisted|p1a: Corviknight
|-crit|p1a: Corviknight
|-damage|p1a: Corviknight|0 fnt
|-boost|p2a: Braviary|spe|1
|faint|p1a: Corviknight
|
|upkeep
|
|t:|1758971859
|switch|p1a: Gliscor|Gliscor, F|100/100
|turn|7
|
|t:|1758971864
|move|p2a: Braviary|Esper Wing|p1a: Gliscor
|-crit|p1a: Gliscor
|-damage|p1a: Gliscor|20/100
|-boost|p2a: Braviary|spe|1
|move|p1a: Gliscor|Facade|p2a: Braviary
|-damage|p2a: Braviary|0 fnt
|faint|p2a: Braviary
|
|-status|p1a: Gliscor|tox|[from] item: Toxic Orb
|upkeep
|
|t:|1758971879
|switch|p2a: Orthworm|Orthworm, M|100/100
|turn|8
|
|t:|1758971893
|switch|p1a: Dondozo|Dondozo, M, shiny|100/100
|move|p2a: Orthworm|Heavy Slam|p1a: Dondozo
|-resisted|p1a: Dondozo
|-damage|p1a: Dondozo|97/100
|
|upkeep
|turn|9
|
|t:|1758971902
|switch|p2a: Arbok|Arbok, F|100/100
|-ability|p2a: Arbok|Intimidate|boost
|-unboost|p1a: Dondozo|atk|1
|move|p1a: Dondozo|Earthquake|p2a: Arbok
|-supereffective|p2a: Arbok
|-damage|p2a: Arbok|0 fnt
|faint|p2a: Arbok
|
|upkeep
|
|t:|1758971918
|switch|p2a: Graveler|Graveler-Alola, M|100/100
|turn|10
|
|t:|1758971925
|-terastallize|p1a: Dondozo|Ground
|move|p2a: Graveler|Body Slam|p1a: Dondozo
|-immune|p1a: Dondozo
|move|p1a: Dondozo|Earthquake|p2a: Graveler
|-supereffective|p2a: Graveler
|-damage|p2a: Graveler|0 fnt
|faint|p2a: Graveler
|
|upkeep
|
|t:|1758971940
|switch|p2a: Orthworm|Orthworm, M|100/100
|turn|11
|
|t:|1758971944
|move|p2a: Orthworm|Coil|p2a: Orthworm
|-boost|p2a: Orthworm|atk|1
|-boost|p2a: Orthworm|def|1
|-boost|p2a: Orthworm|accuracy|1
|move|p1a: Dondozo|Earthquake|p2a: Orthworm
|-immune|p2a: Orthworm|[from] ability: Earth Eater
|
|upkeep
|turn|12
|
|t:|1758971961
|switch|p1a: Toxapex|Toxapex, F, shiny|100/100
|move|p2a: Orthworm|Coil|p2a: Orthworm
|-boost|p2a: Orthworm|atk|1
|-boost|p2a: Orthworm|def|1
|-boost|p2a: Orthworm|accuracy|1
|
|upkeep
|turn|13
|
|t:|1758971968
|move|p2a: Orthworm|Coil|p2a: Orthworm
|-boost|p2a: Orthworm|atk|1
|-boost|p2a: Orthworm|def|1
|-boost|p2a: Orthworm|accuracy|1
|move|p1a: Toxapex|Hydro Pump|p2a: Orthworm
|-damage|p2a: Orthworm|45/100
|
|-heal|p2a: Orthworm|51/100|[from] item: Leftovers
|upkeep
|turn|14
|
|t:|1758971983
|move|p2a: Orthworm|Heavy Slam|p1a: Toxapex
|-resisted|p1a: Toxapex
|-damage|p1a: Toxapex|66/100
|move|p1a: Toxapex|Hydro Pump|p2a: Orthworm
|-damage|p2a: Orthworm|0 fnt
|faint|p2a: Orthworm
|
|upkeep
|
|t:|1758971992
|switch|p2a: Toxtricity|Toxtricity, F|100/100
|turn|15
|
|t:|1758972002
|switch|p1a: Dondozo|Dondozo, M, shiny, tera:Ground|97/100
|move|p2a: Toxtricity|Shift Gear|p2a: Toxtricity
|-boost|p2a: Toxtricity|spe|2
|-boost|p2a: Toxtricity|atk|1
|
|upkeep
|turn|16
|
|t:|1758972009
|move|p2a: Toxtricity|Boomburst|p1a: Dondozo
|-damage|p1a: Dondozo|44/100
|-enditem|p2a: Toxtricity|Throat Spray
|-boost|p2a: Toxtricity|spa|1|[from] item: Throat Spray
|move|p1a: Dondozo|Earthquake|p2a: Toxtricity
|-supereffective|p2a: Toxtricity
|-damage|p2a: Toxtricity|0 fnt
|faint|p2a: Toxtricity
|
|upkeep
|
|t:|1758972019
|switch|p2a: Hitmonlee|Hitmonlee, M|100/100
|turn|17
|
|t:|1758972024
|move|p2a: Hitmonlee|Endure|p2a: Hitmonlee
|-singleturn|p2a: Hitmonlee|move: Endure
|move|p1a: Dondozo|Earthquake|p2a: Hitmonlee
|-activate|p2a: Hitmonlee|move: Endure
|-damage|p2a: Hitmonlee|1/100
|-enditem|p2a: Hitmonlee|Liechi Berry|[eat]
|-boost|p2a: Hitmonlee|atk|1|[from] item: Liechi Berry
|
|upkeep
|turn|18
|
|t:|1758972041
|move|p2a: Hitmonlee|Reversal|p1a: Dondozo
|-damage|p1a: Dondozo|0 fnt
|faint|p1a: Dondozo
|
|upkeep
|inactive|Melgeta 07 has 120 seconds left.
|
|t:|1758972063
|switch|p1a: Toxapex|Toxapex, F, shiny|99/100
|turn|19
|
|t:|1758972081
|-terastallize|p2a: Hitmonlee|Fighting
|move|p2a: Hitmonlee|Reversal|p1a: Toxapex
|-resisted|p1a: Toxapex
|-damage|p1a: Toxapex|12/100
|move|p1a: Toxapex|Sludge Bomb|p2a: Hitmonlee
|-crit|p2a: Hitmonlee
|-damage|p2a: Hitmonlee|0 fnt
|faint|p2a: Hitmonlee
|
|win|Melgeta 07
|raw|Melgeta 07's rating: 1177 &rarr; <strong>1199</strong><br />(+22 for winning)
|raw|Jenkinss's rating: 1129 &rarr; <strong>1107</strong><br />(-22 for losing)
|l|☆Jenkinss
|player|p2|
|l|☆Melgeta 07
|player|p1|
