|j|☆AndreRWright
|j|☆borutokun88
|t:|1759058838
|gametype|singles
|player|p1|AndreRWright|giovanni|1317
|player|p2|borutokun88|veteran|1332
|gen|9
|tier|[Gen 9] OU
|rated|
|rule|HP Percentage Mod: HP is shown in percentages
|rule|Endless Battle Clause: Forcing endless battles is banned
|rule|Species Clause: Limit one of each Pokémon
|rule|OHKO Clause: OHKO moves are banned
|rule|Evasion Items Clause: Evasion items are banned
|rule|Evasion Moves Clause: Evasion moves are banned
|rule|Evasion Abilities Clause: Evasion abilities are banned
|rule|Sleep Moves Clause: Sleep-inducing moves are banned
|clearpoke
|poke|p1|Indeedee-F, F|
|poke|p1|Grafaiai, M|
|poke|p1|Okidogi, M|
|poke|p1|Milotic, F|
|poke|p1|Electrode-Hisui|
|poke|p1|Ceruledge, F|
|poke|p2|Gliscor, F|
|poke|p2|Weavile, F|
|poke|p2|Raging Bolt|
|poke|p2|Clefable, M|
|poke|p2|Gholdengo|
|poke|p2|Great Tusk|
|teampreview
|
|t:|1759058852
|teamsize|p1|6
|teamsize|p2|6
|start
|switch|p1a: Indeedee|Indeedee-F, F|100/100
|switch|p2a: Weavile|Weavile, F|100/100
|-fieldstart|move: Psychic Terrain|[from] ability: Psychic Surge|[of] p1a: Indeedee
|turn|1
|inactive|Battle timer is ON: inactive players will automatically lose when time's up. (requested by borutokun88)
|inactive|AndreRWright has 120 seconds left.
|
|t:|1759058904
|-terastallize|p1a: Indeedee|Fighting
|move|p2a: Weavile|Knock Off|p1a: Indeedee
|-resisted|p1a: Indeedee
|-damage|p1a: Indeedee|53/100
|-enditem|p1a: Indeedee|Terrain Extender|[from] move: Knock Off|[of] p2a: Weavile
|move|p1a: Indeedee|Tera Blast|p2a: Weavile|[anim] Tera Blast Fighting
|-supereffective|p2a: Weavile
|-damage|p2a: Weavile|0 fnt
|faint|p2a: Weavile
|
|upkeep
|
|t:|1759058921
|switch|p2a: Clefable|Clefable, M|100/100
|turn|2
|
|t:|1759058928
|switch|p1a: Grafaiai|Grafaiai, M|100/100
|-enditem|p1a: Grafaiai|Psychic Seed
|-boost|p1a: Grafaiai|spd|1|[from] item: Psychic Seed
|move|p2a: Clefable|Thunder Wave|p1a: Grafaiai
|-status|p1a: Grafaiai|par
|
|upkeep
|turn|3
|
|t:|1759058934
|move|p1a: Grafaiai|Swords Dance|p1a: Grafaiai
|-boost|p1a: Grafaiai|atk|2
|move|p2a: Clefable|Stealth Rock|p1a: Grafaiai
|-sidestart|p1: AndreRWright|move: Stealth Rock
|
|upkeep
|turn|4
|
|t:|1759058944
|switch|p2a: Gliscor|Gliscor, F|100/100
|move|p1a: Grafaiai|Knock Off|p2a: Gliscor
|-damage|p2a: Gliscor|50/100
|-enditem|p2a: Gliscor|Toxic Orb|[from] move: Knock Off|[of] p1a: Grafaiai
|
|upkeep
|turn|5
|
|t:|1759058954
|cant|p1a: Grafaiai|par
|move|p2a: Gliscor|Earthquake|p1a: Grafaiai
|-supereffective|p1a: Grafaiai
|-damage|p1a: Grafaiai|0 fnt
|faint|p1a: Grafaiai
|
|upkeep
|
|t:|1759058962
|switch|p1a: Electrode|Electrode-Hisui|100/100
|-damage|p1a: Electrode|88/100|[from] Stealth Rock
|turn|6
|
|t:|1759058976
|move|p1a: Electrode|Giga Drain|p2a: Gliscor
|-damage|p2a: Gliscor|25/100
|-heal|p1a: Electrode|100/100|[from] drain|[of] p2a: Gliscor
|-damage|p1a: Electrode|91/100|[from] item: Life Orb
|move|p2a: Gliscor|Earthquake|p1a: Electrode
|-damage|p1a: Electrode|33/100
|
|upkeep
|turn|7
|
|t:|1759058985
|move|p1a: Electrode|Giga Drain|p2a: Gliscor
|-damage|p2a: Gliscor|0 fnt
|-heal|p1a: Electrode|50/100|[from] drain|[of] p2a: Gliscor
|faint|p2a: Gliscor
|-damage|p1a: Electrode|40/100|[from] item: Life Orb
|
|upkeep
|
|t:|1759058994
|switch|p2a: Raging Bolt|Raging Bolt|100/100
|turn|8
|
|t:|1759058998
|move|p1a: Electrode|Volt Switch|p2a: Raging Bolt
|-resisted|p2a: Raging Bolt
|-damage|p2a: Raging Bolt|94/100
|-damage|p1a: Electrode|30/100|[from] item: Life Orb
|
|t:|1759059009
|switch|p1a: Milotic|Milotic, F|100/100|[from] Volt Switch
|-damage|p1a: Milotic|88/100|[from] Stealth Rock
|-enditem|p1a: Milotic|Psychic Seed
|-boost|p1a: Milotic|spd|1|[from] item: Psychic Seed
|move|p2a: Raging Bolt|Dragon Pulse|p1a: Milotic
|-damage|p1a: Milotic|62/100
|
|-fieldend|move: Psychic Terrain
|upkeep
|turn|9
|
|t:|1759059018
|move|p1a: Milotic|Ice Beam|p2a: Raging Bolt
|-supereffective|p2a: Raging Bolt
|-damage|p2a: Raging Bolt|52/100
|move|p2a: Raging Bolt|Volt Switch|p1a: Milotic
|-supereffective|p1a: Milotic
|-damage|p1a: Milotic|12/100
|
|t:|1759059027
|-end|p2a: Raging Bolt|Protosynthesis|[silent]
|switch|p2a: Great Tusk|Great Tusk|100/100|[from] Volt Switch
|
|upkeep
|turn|10
|
|t:|1759059033
|switch|p1a: Indeedee|Indeedee-F, F, tera:Fighting|53/100
|-damage|p1a: Indeedee|47/100|[from] Stealth Rock
|-fieldstart|move: Psychic Terrain|[from] ability: Psychic Surge|[of] p1a: Indeedee
|move|p2a: Great Tusk|Rapid Spin|p1a: Indeedee
|-damage|p1a: Indeedee|24/100
|-boost|p2a: Great Tusk|spe|1
|
|upkeep
|turn|11
|
|t:|1759059041
|move|p2a: Great Tusk|Rapid Spin|p1a: Indeedee
|-damage|p1a: Indeedee|0 fnt
|-boost|p2a: Great Tusk|spe|1
|faint|p1a: Indeedee
|
|upkeep
|
|t:|1759059057
|switch|p1a: Ceruledge|Ceruledge, F|100/100
|-damage|p1a: Ceruledge|76/100|[from] Stealth Rock
|turn|12
|
|t:|1759059082
|move|p1a: Ceruledge|Endure|p1a: Ceruledge
|-singleturn|p1a: Ceruledge|move: Endure
|move|p2a: Great Tusk|Headlong Rush|p1a: Ceruledge
|-supereffective|p1a: Ceruledge
|-activate|p1a: Ceruledge|move: Endure
|-damage|p1a: Ceruledge|1/100
|-unboost|p2a: Great Tusk|def|1
|-unboost|p2a: Great Tusk|spd|1
|-ability|p1a: Ceruledge|Weak Armor|boost
|-unboost|p1a: Ceruledge|def|1
|-boost|p1a: Ceruledge|spe|2
|-enditem|p1a: Ceruledge|Weakness Policy
|-boost|p1a: Ceruledge|atk|2|[from] item: Weakness Policy
|-boost|p1a: Ceruledge|spa|2|[from] item: Weakness Policy
|
|upkeep
|turn|13
|
|t:|1759059094
|move|p1a: Ceruledge|Endure|p1a: Ceruledge
|-singleturn|p1a: Ceruledge|move: Endure
|move|p2a: Great Tusk|Headlong Rush|p1a: Ceruledge
|-supereffective|p1a: Ceruledge
|-activate|p1a: Ceruledge|move: Endure
|-damage|p1a: Ceruledge|1/100
|-unboost|p2a: Great Tusk|def|1
|-unboost|p2a: Great Tusk|spd|1
|-ability|p1a: Ceruledge|Weak Armor|boost
|-unboost|p1a: Ceruledge|def|1
|-boost|p1a: Ceruledge|spe|2
|
|upkeep
|turn|14
|
|t:|1759059104
|move|p1a: Ceruledge|Stored Power|p2a: Great Tusk
|-supereffective|p2a: Great Tusk
|-damage|p2a: Great Tusk|0 fnt
|faint|p2a: Great Tusk
|-end|p2a: Great Tusk|Protosynthesis|[silent]
|
|-fieldend|move: Psychic Terrain
|upkeep
|
|t:|1759059109
|switch|p2a: Raging Bolt|Raging Bolt|52/100
|turn|15
|
|t:|1759059111
|move|p1a: Ceruledge|Endure|p1a: Ceruledge
|-singleturn|p1a: Ceruledge|move: Endure
|move|p2a: Raging Bolt|Thunderclap||[still]
|-fail|p2a: Raging Bolt
|
|upkeep
|turn|16
|
|t:|1759059121
|move|p1a: Ceruledge|Endure||[still]
|-fail|p1a: Ceruledge
|move|p2a: Raging Bolt|Thunderclap||[still]
|-fail|p2a: Raging Bolt
|
|upkeep
|turn|17
|
|t:|1759059127
|move|p1a: Ceruledge|Endure|p1a: Ceruledge
|-singleturn|p1a: Ceruledge|move: Endure
|move|p2a: Raging Bolt|Thunderclap||[still]
|-fail|p2a: Raging Bolt
|
|upkeep
|turn|18
|
|t:|1759059133
|move|p1a: Ceruledge|Endure||[still]
|-fail|p1a: Ceruledge
|move|p2a: Raging Bolt|Thunderclap||[still]
|-fail|p2a: Raging Bolt
|
|upkeep
|turn|19
|
|t:|1759059136
|move|p1a: Ceruledge|Endure|p1a: Ceruledge
|-singleturn|p1a: Ceruledge|move: Endure
|move|p2a: Raging Bolt|Thunderclap||[still]
|-fail|p2a: Raging Bolt
|
|upkeep
|turn|20
|
|t:|1759059141
|move|p1a: Ceruledge|Endure||[still]
|-fail|p1a: Ceruledge
|move|p2a: Raging Bolt|Volt Switch|p1a: Ceruledge
|-damage|p1a: Ceruledge|0 fnt
|faint|p1a: Ceruledge
|
|t:|1759059160
|-end|p2a: Raging Bolt|Protosynthesis|[silent]
|switch|p2a: Clefable|Clefable, M|100/100|[from] Volt Switch
|
|upkeep
|
|t:|1759059170
|switch|p1a: Milotic|Milotic, F|12/100
|-damage|p1a: Milotic|0 fnt|[from] Stealth Rock
|faint|p1a: Milotic
|
|t:|1759059184
|switch|p1a: Electrode|Electrode-Hisui|30/100
|-damage|p1a: Electrode|18/100|[from] Stealth Rock
|turn|21
|-message|AndreRWright forfeited.
|
|win|borutokun88
|raw|AndreRWright's rating: 1317 &rarr; <strong>1298</strong><br />(-19 for losing)
|raw|borutokun88's rating: 1332 &rarr; <strong>1351</strong><br />(+19 for winning)
|l|☆AndreRWright
|player|p1|
|l|☆borutokun88
|player|p2|
