|j|☆hellcome69
|j|☆panzershock
|t:|1758992158
|gametype|singles
|player|p1|hellcome69|265|1296
|player|p2|panzershock|170|1301
|gen|9
|tier|[Gen 9] OU
|rated|
|rule|HP Percentage Mod: HP is shown in percentages
|rule|Endless Battle Clause: Forcing endless battles is banned
|rule|Species Clause: Limit one of each Pokémon
|rule|OHKO Clause: OHKO moves are banned
|rule|Evasion Items Clause: Evasion items are banned
|rule|Evasion Moves Clause: Evasion moves are banned
|rule|Evasion Abilities Clause: Evasion abilities are banned
|rule|Sleep Moves Clause: Sleep-inducing moves are banned
|clearpoke
|poke|p1|Gliscor, M|
|poke|p1|Slowking-Galar, F|
|poke|p1|Iron Crown|
|poke|p1|Great Tusk|
|poke|p1|Rotom-Wash|
|poke|p1|Meowscarada, M|
|poke|p2|Tornadus-Therian, M|
|poke|p2|Decidueye, F|
|poke|p2|Oinkologne-F, F|
|poke|p2|Dusclops, F|
|poke|p2|Jirachi|
|poke|p2|Toxtricity-Low-Key, M|
|teampreview
|
|t:|1758992173
|teamsize|p1|6
|teamsize|p2|6
|start
|switch|p1a: Rotom|Rotom-Wash|100/100
|switch|p2a: Tornadus|Tornadus-Therian, M|100/100
|turn|1
|
|t:|1758992181
|move|p1a: Rotom|Thunderbolt|p2a: Tornadus
|-supereffective|p2a: Tornadus
|-damage|p2a: Tornadus|4/100
|move|p2a: Tornadus|Taunt|p1a: Rotom
|-start|p1a: Rotom|move: Taunt
|
|upkeep
|turn|2
|
|t:|1758992195
|switch|p1a: Gliscor|Gliscor, M|100/100
|switch|p2a: Decidueye|Decidueye, F|100/100
|-item|p2a: Decidueye|Air Balloon
|
|-status|p1a: Gliscor|tox|[from] item: Toxic Orb
|upkeep
|turn|3
|
|t:|1758992211
|move|p1a: Gliscor|Stealth Rock|p2a: Decidueye
|-sidestart|p2: panzershock|move: Stealth Rock
|move|p2a: Decidueye|U-turn|p1a: Gliscor
|-resisted|p1a: Gliscor
|-damage|p1a: Gliscor|93/100 tox
|
|t:|1758992223
|switch|p2a: Dusclops|Dusclops, F|100/100|[from] U-turn
|-damage|p2a: Dusclops|88/100|[from] Stealth Rock
|-ability|p2a: Dusclops|Pressure
|
|-heal|p1a: Gliscor|100/100 tox|[from] ability: Poison Heal
|upkeep
|turn|4
|
|t:|1758992230
|move|p1a: Gliscor|Spikes|p2a: Dusclops
|-sidestart|p2: panzershock|Spikes
|move|p2a: Dusclops|Curse|p1a: Gliscor
|-start|p1a: Gliscor|Curse|[of] p2a: Dusclops
|-damage|p2a: Dusclops|39/100
|
|-damage|p1a: Gliscor|76/100 tox|[from] Curse
|upkeep
|turn|5
|
|t:|1758992236
|move|p1a: Gliscor|U-turn|p2a: Dusclops
|-resisted|p2a: Dusclops
|-damage|p2a: Dusclops|33/100
|
|t:|1758992240
|switch|p1a: Meowscarada|Meowscarada, M|100/100|[from] U-turn
|move|p2a: Dusclops|Pain Split|p1a: Meowscarada
|-sethp|p1a: Meowscarada|63/100|[from] move: Pain Split|[silent]
|-sethp|p2a: Dusclops|83/100|[from] move: Pain Split
|
|upkeep
|turn|6
|
|t:|1758992251
|move|p1a: Meowscarada|Knock Off|p2a: Dusclops
|-start|p1a: Meowscarada|typechange|Dark|[from] ability: Protean
|-supereffective|p2a: Dusclops
|-damage|p2a: Dusclops|0 fnt
|-enditem|p2a: Dusclops|Eviolite|[from] move: Knock Off|[of] p1a: Meowscarada
|faint|p2a: Dusclops
|
|upkeep
|
|t:|1758992262
|switch|p2a: Jirachi|Jirachi|100/100
|-damage|p2a: Jirachi|94/100|[from] Stealth Rock
|-damage|p2a: Jirachi|82/100|[from] Spikes
|turn|7
|
|t:|1758992271
|-terastallize|p2a: Jirachi|Steel
|move|p1a: Meowscarada|Knock Off|p2a: Jirachi
|-damage|p2a: Jirachi|4/100
|-enditem|p2a: Jirachi|Leftovers|[from] move: Knock Off|[of] p1a: Meowscarada
|move|p2a: Jirachi|Iron Head|p1a: Meowscarada
|-damage|p1a: Meowscarada|2/100
|
|upkeep
|turn|8
|-message|panzershock forfeited.
|
|win|hellcome69
|raw|hellcome69's rating: 1296 &rarr; <strong>1321</strong><br />(+25 for winning)
|raw|panzershock's rating: 1301 &rarr; <strong>1281</strong><br />(-20 for losing)
|l|☆panzershock
|player|p2|
