|j|☆ven2zama
|j|☆Foot2RueCreteil
|t:|1759008962
|gametype|singles
|player|p1|ven2zama|266|1289
|player|p2|Foot2RueCreteil|265|1344
|gen|9
|tier|[Gen 9] OU
|rated|
|rule|HP Percentage Mod: HP is shown in percentages
|rule|Endless Battle Clause: Forcing endless battles is banned
|rule|Species Clause: Limit one of each Pokémon
|rule|OHKO Clause: OHKO moves are banned
|rule|Evasion Items Clause: Evasion items are banned
|rule|Evasion Moves Clause: Evasion moves are banned
|rule|Evasion Abilities Clause: Evasion abilities are banned
|rule|Sleep Moves Clause: Sleep-inducing moves are banned
|clearpoke
|poke|p1|Indeedee, M|
|poke|p1|Hatterene, F|
|poke|p1|Ursaluna, F|
|poke|p1|Iron Hands|
|poke|p1|Hoopa-Unbound|
|poke|p1|Mimikyu, F|
|poke|p2|Dragapult, M|
|poke|p2|Corviknight, M|
|poke|p2|Darkrai|
|poke|p2|Ogerpon-Wellspring, F|
|poke|p2|Slowking-Galar, F|
|poke|p2|Landorus-Therian, M|
|teampreview
|
|t:|1759008976
|teamsize|p1|6
|teamsize|p2|6
|start
|switch|p1a: Subaru|Indeedee, M, shiny|100/100
|switch|p2a: Darkrai|Darkrai|100/100
|-fieldstart|move: Psychic Terrain|[from] ability: Psychic Surge|[of] p1a: Subaru
|turn|1
|
|t:|1759008991
|switch|p1a: LEBRON|Iron Hands, shiny|100/100
|-enditem|p1a: LEBRON|Booster Energy
|-activate|p1a: LEBRON|ability: Quark Drive|[fromitem]
|-start|p1a: LEBRON|quarkdriveatk
|move|p2a: Darkrai|Psychic|p1a: LEBRON
|-supereffective|p1a: LEBRON
|-damage|p1a: LEBRON|1/100
|
|upkeep
|turn|2
|
|t:|1759009001
|switch|p2a: Corviknight|Corviknight, M|100/100
|-ability|p2a: Corviknight|Pressure
|move|p1a: LEBRON|Close Combat|p2a: Corviknight
|-crit|p2a: Corviknight
|-damage|p2a: Corviknight|8/100
|-unboost|p1a: LEBRON|def|1
|-unboost|p1a: LEBRON|spd|1
|-damage|p1a: LEBRON|0 fnt|[from] item: Rocky Helmet|[of] p2a: Corviknight
|faint|p1a: LEBRON
|-end|p1a: LEBRON|Quark Drive|[silent]
|
|upkeep
|
|t:|1759009006
|switch|p1a: King Von|Hoopa-Unbound|100/100
|-enditem|p1a: King Von|Psychic Seed
|-boost|p1a: King Von|spd|1|[from] item: Psychic Seed
|turn|3
|
|t:|1759009022
|-terastallize|p1a: King Von|Psychic
|move|p2a: Corviknight|U-turn|p1a: King Von
|-supereffective|p1a: King Von
|-damage|p1a: King Von|72/100
|
|t:|1759009031
|switch|p2a: Slowking|Slowking-Galar, F|100/100|[from] U-turn
|move|p1a: King Von|Trick Room|p1a: King Von
|-fieldstart|move: Trick Room|[of] p1a: King Von
|
|upkeep
|turn|4
|
|t:|1759009051
|move|p2a: Slowking|Sludge Bomb|p1a: King Von
|-damage|p1a: King Von|55/100
|move|p1a: King Von|Hyperspace Fury|p2a: Slowking
|-supereffective|p2a: Slowking
|-damage|p2a: Slowking|0 fnt
|-unboost|p1a: King Von|def|1
|faint|p2a: Slowking
|-item|p1a: King Von|Heavy-Duty Boots|[from] ability: Magician|[of] p2: Slowking
|
|upkeep
|
|t:|1759009065
|switch|p2a: Landorus|Landorus-Therian, M|100/100
|-ability|p2a: Landorus|Intimidate|boost
|-unboost|p1a: King Von|atk|1
|turn|5
|
|t:|1759009073
|switch|p2a: Corviknight|Corviknight, M|8/100
|-ability|p2a: Corviknight|Pressure
|move|p1a: King Von|Expanding Force|p2a: Corviknight
|-resisted|p2a: Corviknight
|-damage|p2a: Corviknight|0 fnt
|faint|p2a: Corviknight
|
|upkeep
|
|t:|1759009083
|switch|p2a: Landorus|Landorus-Therian, M|100/100
|-ability|p2a: Landorus|Intimidate|boost
|-unboost|p1a: King Von|atk|1
|turn|6
|
|t:|1759009095
|move|p1a: King Von|Expanding Force|p2a: Landorus
|-damage|p2a: Landorus|0 fnt
|faint|p2a: Landorus
|
|upkeep
|
|t:|1759009104
|switch|p2a: Darkrai|Darkrai|100/100
|turn|7
|
|t:|1759009113
|move|p1a: King Von|Focus Blast|p2a: Darkrai
|-supereffective|p2a: Darkrai
|-damage|p2a: Darkrai|0 fnt
|faint|p2a: Darkrai
|
|-fieldend|move: Trick Room
|upkeep
|
|t:|1759009120
|switch|p2a: Dragapult|Dragapult, M|100/100
|turn|8
|
|t:|1759009126
|switch|p1a: Crashout YN|Ursaluna, F, shiny|100/100
|move|p2a: Dragapult|U-turn|p1a: Crashout YN
|-damage|p1a: Crashout YN|86/100
|
|t:|1759009131
|switch|p2a: Ogerpon|Ogerpon-Wellspring, F|100/100|[from] U-turn
|
|-fieldend|move: Psychic Terrain
|-status|p1a: Crashout YN|brn|[from] item: Flame Orb
|upkeep
|turn|9
|
|t:|1759009139
|-terastallize|p2a: Ogerpon|Water
|detailschange|p2a: Ogerpon|Ogerpon-Wellspring-Tera, F, tera:Water
|-ability|p2a: Ogerpon|Embody Aspect (Wellspring)|boost
|-boost|p2a: Ogerpon|spd|1
|move|p2a: Ogerpon|Ivy Cudgel|p1a: Crashout YN|[anim] Ivy Cudgel Water
|-supereffective|p1a: Crashout YN
|-damage|p1a: Crashout YN|0 fnt
|faint|p1a: Crashout YN
|
|upkeep
|
|t:|1759009147
|switch|p1a: Subaru|Indeedee, M, shiny|100/100
|-fieldstart|move: Psychic Terrain|[from] ability: Psychic Surge|[of] p1a: Subaru
|turn|10
|
|t:|1759009152
|move|p2a: Ogerpon|Ivy Cudgel|p1a: Subaru|[anim] Ivy Cudgel Water
|-damage|p1a: Subaru|8/100
|move|p1a: Subaru|Trick Room|p1a: Subaru
|-fieldstart|move: Trick Room|[of] p1a: Subaru
|
|upkeep
|turn|11
|
|t:|1759009160
|switch|p2a: Dragapult|Dragapult, M|100/100
|move|p1a: Subaru|Expanding Force|p2a: Dragapult
|-damage|p2a: Dragapult|22/100
|
|upkeep
|turn|12
|
|t:|1759009167
|move|p1a: Subaru|Expanding Force|p2a: Dragapult
|-damage|p2a: Dragapult|0 fnt
|faint|p2a: Dragapult
|
|upkeep
|-message|Foot2RueCreteil forfeited.
|
|win|ven2zama
|raw|ven2zama's rating: 1289 &rarr; <strong>1318</strong><br />(+29 for winning)
|raw|Foot2RueCreteil's rating: 1344 &rarr; <strong>1321</strong><br />(-23 for losing)
|l|☆Foot2RueCreteil
|player|p2|
