|j|☆Kingtrainer
|j|☆hungrymane
|t:|1759047202
|gametype|singles
|player|p1|Kingtrainer|101|1553
|player|p2|hungrymane|266|1469
|gen|9
|tier|[Gen 9] OU
|rated|
|rule|HP Percentage Mod: HP is shown in percentages
|rule|Endless Battle Clause: Forcing endless battles is banned
|rule|Species Clause: Limit one of each Pokémon
|rule|OHKO Clause: OHKO moves are banned
|rule|Evasion Items Clause: Evasion items are banned
|rule|Evasion Moves Clause: Evasion moves are banned
|rule|Evasion Abilities Clause: Evasion abilities are banned
|rule|Sleep Moves Clause: Sleep-inducing moves are banned
|clearpoke
|poke|p1|Slowking-Galar, M|
|poke|p1|Great Tusk|
|poke|p1|Rillaboom, M|
|poke|p1|Alomomola, M|
|poke|p1|Zapdos|
|poke|p1|Dragapult, F|
|poke|p2|Whimsicott, F|
|poke|p2|Torkoal, M|
|poke|p2|Walking Wake|
|poke|p2|Cinderace, F|
|poke|p2|Great Tusk|
|poke|p2|Sandy Shocks|
|teampreview
|
|t:|1759047220
|teamsize|p1|6
|teamsize|p2|6
|start
|switch|p1a: Slowking|Slowking-Galar, M|100/100
|switch|p2a: Cinderace|Cinderace, F|100/100
|turn|1
|
|t:|1759047230
|switch|p2a: Sandy Shocks|Sandy Shocks|100/100
|move|p1a: Slowking|Future Sight|p2a: Sandy Shocks
|-start|p1a: Slowking|move: Future Sight
|
|upkeep
|turn|2
|
|t:|1759047243
|switch|p1a: Zapdos|Zapdos|100/100
|move|p2a: Sandy Shocks|Earth Power|p1a: Zapdos
|-immune|p1a: Zapdos
|
|upkeep
|turn|3
|
|t:|1759047257
|-end|p2a: Sandy Shocks|Protosynthesis|[silent]
|switch|p2a: Walking Wake|Walking Wake|100/100
|move|p1a: Zapdos|Hurricane|p2a: Walking Wake
|-damage|p2a: Walking Wake|51/100
|-start|p2a: Walking Wake|confusion
|
|-end|p2a: Walking Wake|move: Future Sight
|-damage|p2a: Walking Wake|10/100
|upkeep
|turn|4
|
|t:|1759047267
|-end|p2a: Walking Wake|Protosynthesis|[silent]
|switch|p2a: Torkoal|Torkoal, M|100/100
|-weather|SunnyDay|[from] ability: Drought|[of] p2a: Torkoal
|move|p1a: Zapdos|Volt Switch|p2a: Torkoal
|-damage|p2a: Torkoal|67/100
|inactive|Battle timer is ON: inactive players will automatically lose when time's up. (requested by Kingtrainer)
|
|t:|1759047275
|switch|p1a: Slowking|Slowking-Galar, M|100/100|[from] Volt Switch
|
|-weather|SunnyDay|[upkeep]
|upkeep
|turn|5
|
|t:|1759047278
|-prepare|p1a: Slowking|Chilly Reception|[premajor]
|move|p1a: Slowking|Chilly Reception|p1a: Slowking
|-weather|Snowscape
|
|t:|1759047285
|switch|p1a: Zapdos|Zapdos|100/100|[from] Chilly Reception
|move|p2a: Torkoal|Sunny Day|p2a: Torkoal
|-weather|SunnyDay
|
|-weather|SunnyDay|[upkeep]
|upkeep
|turn|6
|
|t:|1759047293
|switch|p2a: Sandy Shocks|Sandy Shocks|100/100
|-activate|p2a: Sandy Shocks|ability: Protosynthesis
|-start|p2a: Sandy Shocks|protosynthesisspa
|move|p1a: Zapdos|Volt Switch|p2a: Sandy Shocks
|-immune|p2a: Sandy Shocks
|
|-weather|SunnyDay|[upkeep]
|upkeep
|turn|7
|
|t:|1759047312
|switch|p1a: Great Tusk|Great Tusk|100/100
|-activate|p1a: Great Tusk|ability: Protosynthesis
|-start|p1a: Great Tusk|protosynthesisatk
|-terastallize|p2a: Sandy Shocks|Fire
|move|p2a: Sandy Shocks|Tera Blast|p1a: Great Tusk|[anim] Tera Blast Fire
|-damage|p1a: Great Tusk|7/100
|
|-weather|SunnyDay|[upkeep]
|upkeep
|turn|8
|inactive|Kingtrainer has 120 seconds left.
|
|t:|1759047338
|-end|p1a: Great Tusk|Protosynthesis|[silent]
|switch|p1a: Alomomola|Alomomola, M|100/100
|move|p2a: Sandy Shocks|Tera Blast|p1a: Alomomola|[anim] Tera Blast Fire
|-resisted|p1a: Alomomola
|-damage|p1a: Alomomola|70/100
|
|-weather|SunnyDay|[upkeep]
|upkeep
|turn|9
|
|t:|1759047345
|-end|p2a: Sandy Shocks|Protosynthesis|[silent]
|switch|p2a: Walking Wake|Walking Wake|10/100
|-activate|p2a: Walking Wake|ability: Protosynthesis
|-start|p2a: Walking Wake|protosynthesisspa
|switch|p1a: Great Tusk|Great Tusk|7/100
|-activate|p1a: Great Tusk|ability: Protosynthesis
|-start|p1a: Great Tusk|protosynthesisatk
|
|-weather|SunnyDay|[upkeep]
|upkeep
|turn|10
|
|t:|1759047352
|-end|p1a: Great Tusk|Protosynthesis|[silent]
|switch|p1a: Alomomola|Alomomola, M|100/100
|move|p2a: Walking Wake|Flip Turn|p1a: Alomomola
|-resisted|p1a: Alomomola
|-damage|p1a: Alomomola|98/100
|
|t:|1759047356
|-end|p2a: Walking Wake|Protosynthesis|[silent]
|switch|p2a: Cinderace|Cinderace, F|100/100|[from] Flip Turn
|
|-weather|SunnyDay|[upkeep]
|upkeep
|turn|11
|
|t:|1759047368
|move|p2a: Cinderace|Flame Charge|p1a: Alomomola
|-resisted|p1a: Alomomola
|-damage|p1a: Alomomola|87/100
|-boost|p2a: Cinderace|spe|1
|move|p1a: Alomomola|Flip Turn|p2a: Cinderace
|-supereffective|p2a: Cinderace
|-damage|p2a: Cinderace|80/100
|
|t:|1759047376
|switch|p1a: Slowking|Slowking-Galar, M|100/100|[from] Flip Turn
|
|-weather|SunnyDay|[upkeep]
|upkeep
|turn|12
|
|t:|1759047381
|move|p2a: Cinderace|Pyro Ball|p1a: Slowking
|-crit|p1a: Slowking
|-damage|p1a: Slowking|13/100
|move|p1a: Slowking|Future Sight|p2a: Cinderace
|-start|p1a: Slowking|move: Future Sight
|
|-weather|none
|upkeep
|turn|13
|
|t:|1759047389
|switch|p2a: Torkoal|Torkoal, M|67/100
|-weather|SunnyDay|[from] ability: Drought|[of] p2a: Torkoal
|switch|p1a: Alomomola|Alomomola, M|100/100
|
|-weather|SunnyDay|[upkeep]
|upkeep
|turn|14
|
|t:|1759047396
|move|p1a: Alomomola|Flip Turn|p2a: Torkoal
|-supereffective|p2a: Torkoal
|-damage|p2a: Torkoal|55/100
|
|t:|1759047400
|switch|p1a: Slowking|Slowking-Galar, M|46/100|[from] Flip Turn
|move|p2a: Torkoal|Stealth Rock|p1a: Slowking
|-sidestart|p1: Kingtrainer|move: Stealth Rock
|
|-weather|SunnyDay|[upkeep]
|-end|p2a: Torkoal|move: Future Sight
|-damage|p2a: Torkoal|12/100
|upkeep
|turn|15
|
|t:|1759047410
|switch|p2a: Whimsicott|Whimsicott, F|100/100
|-prepare|p1a: Slowking|Chilly Reception|[premajor]
|move|p1a: Slowking|Chilly Reception|p1a: Slowking
|-weather|Snowscape
|
|t:|1759047423
|switch|p1a: Zapdos|Zapdos|100/100|[from] Chilly Reception
|
|-weather|Snowscape|[upkeep]
|upkeep
|turn|16
|
|t:|1759047450
|switch|p2a: Sandy Shocks|Sandy Shocks, tera:Fire|100/100
|move|p1a: Zapdos|Hurricane|p2a: Sandy Shocks
|-damage|p2a: Sandy Shocks|36/100
|
|-weather|Snowscape|[upkeep]
|upkeep
|turn|17
|
|t:|1759047460
|move|p2a: Sandy Shocks|Volt Switch|p1a: Zapdos
|-damage|p1a: Zapdos|36/100
|
|t:|1759047465
|-end|p2a: Sandy Shocks|Protosynthesis|[silent]
|switch|p2a: Great Tusk|Great Tusk|100/100|[from] Volt Switch
|move|p1a: Zapdos|Volt Switch|p2a: Great Tusk
|-immune|p2a: Great Tusk
|
|-weather|Snowscape|[upkeep]
|upkeep
|turn|18
|
|t:|1759047474
|move|p1a: Zapdos|Weather Ball|p2a: Great Tusk
|-supereffective|p2a: Great Tusk
|-damage|p2a: Great Tusk|54/100
|move|p2a: Great Tusk|Ice Spinner|p1a: Zapdos
|-supereffective|p1a: Zapdos
|-damage|p1a: Zapdos|0 fnt
|-status|p2a: Great Tusk|par|[from] ability: Static|[of] p1a: Zapdos
|faint|p1a: Zapdos
|
|-weather|Snowscape|[upkeep]
|upkeep
|
|t:|1759047483
|switch|p1a: Great Tusk|Great Tusk|7/100
|-damage|p1a: Great Tusk|4/100|[from] Stealth Rock
|turn|19
|
|t:|1759047487
|-end|p2a: Great Tusk|Protosynthesis|[silent]
|switch|p2a: Walking Wake|Walking Wake|10/100
|move|p1a: Great Tusk|Rapid Spin|p2a: Walking Wake
|-damage|p2a: Walking Wake|0 fnt
|-boost|p1a: Great Tusk|spe|1
|-damage|p1a: Great Tusk|0 fnt|[from] item: Rocky Helmet|[of] p2a: Walking Wake
|faint|p2a: Walking Wake
|-end|p2a: Walking Wake|Protosynthesis|[silent]
|faint|p1a: Great Tusk
|-end|p1a: Great Tusk|Protosynthesis|[silent]
|
|-weather|none
|upkeep
|
|t:|1759047502
|switch|p2a: Sandy Shocks|Sandy Shocks, tera:Fire|36/100
|switch|p1a: Slowking|Slowking-Galar, M|79/100
|-damage|p1a: Slowking|67/100|[from] Stealth Rock
|turn|20
|
|t:|1759047520
|switch|p1a: Rillaboom|Rillaboom, M|100/100
|-damage|p1a: Rillaboom|88/100|[from] Stealth Rock
|-fieldstart|move: Grassy Terrain|[from] ability: Grassy Surge|[of] p1a: Rillaboom
|move|p2a: Sandy Shocks|Volt Switch|p1a: Rillaboom
|-resisted|p1a: Rillaboom
|-crit|p1a: Rillaboom
|-damage|p1a: Rillaboom|33/100
|
|t:|1759047526
|-end|p2a: Sandy Shocks|Protosynthesis|[silent]
|switch|p2a: Torkoal|Torkoal, M|12/100|[from] Volt Switch
|-weather|SunnyDay|[from] ability: Drought|[of] p2a: Torkoal
|
|-weather|SunnyDay|[upkeep]
|-heal|p1a: Rillaboom|40/100|[from] Grassy Terrain
|-heal|p2a: Torkoal|18/100|[from] Grassy Terrain
|upkeep
|turn|21
|
|t:|1759047534
|switch|p2a: Cinderace|Cinderace, F|80/100
|move|p1a: Rillaboom|Grassy Glide|p2a: Cinderace
|-resisted|p2a: Cinderace
|-damage|p2a: Cinderace|42/100
|
|-weather|SunnyDay|[upkeep]
|-heal|p2a: Cinderace|48/100|[from] Grassy Terrain
|-heal|p1a: Rillaboom|46/100|[from] Grassy Terrain
|upkeep
|turn|22
|
|t:|1759047545
|-terastallize|p1a: Rillaboom|Grass
|move|p1a: Rillaboom|Grassy Glide|p2a: Cinderace
|-resisted|p2a: Cinderace
|-damage|p2a: Cinderace|0 fnt
|faint|p2a: Cinderace
|
|-weather|SunnyDay|[upkeep]
|-heal|p1a: Rillaboom|52/100|[from] Grassy Terrain
|upkeep
|
|t:|1759047552
|switch|p2a: Whimsicott|Whimsicott, F|100/100
|turn|23
|
|t:|1759047557
|switch|p1a: Slowking|Slowking-Galar, M|99/100
|-damage|p1a: Slowking|88/100|[from] Stealth Rock
|move|p2a: Whimsicott|U-turn|p1a: Slowking
|-damage|p1a: Slowking|80/100
|-damage|p2a: Whimsicott|84/100|[from] item: Rocky Helmet|[of] p1a: Slowking
|
|t:|1759047559
|switch|p2a: Sandy Shocks|Sandy Shocks, tera:Fire|36/100|[from] U-turn
|-activate|p2a: Sandy Shocks|ability: Protosynthesis
|-start|p2a: Sandy Shocks|protosynthesisspa
|
|-weather|SunnyDay|[upkeep]
|-heal|p2a: Sandy Shocks|42/100|[from] Grassy Terrain
|-heal|p1a: Slowking|87/100|[from] Grassy Terrain
|upkeep
|turn|24
|
|t:|1759047575
|move|p2a: Sandy Shocks|Earth Power|p1a: Slowking
|-supereffective|p1a: Slowking
|-damage|p1a: Slowking|0 fnt
|faint|p1a: Slowking
|
|-weather|SunnyDay|[upkeep]
|-heal|p2a: Sandy Shocks|48/100|[from] Grassy Terrain
|-fieldend|move: Grassy Terrain
|upkeep
|
|t:|1759047582
|switch|p1a: Dragapult|Dragapult, F|100/100
|-damage|p1a: Dragapult|88/100|[from] Stealth Rock
|turn|25
|
|t:|1759047588
|-end|p2a: Sandy Shocks|Protosynthesis|[silent]
|switch|p2a: Great Tusk|Great Tusk|54/100 par
|-activate|p2a: Great Tusk|ability: Protosynthesis
|-start|p2a: Great Tusk|protosynthesisdef
|move|p1a: Dragapult|Dragon Darts|p2a: Great Tusk
|-damage|p2a: Great Tusk|41/100 par
|-anim|p1a: Dragapult|Dragon Darts|p2a: Great Tusk
|-damage|p2a: Great Tusk|30/100 par
|
|-weather|SunnyDay|[upkeep]
|-heal|p1a: Dragapult|94/100|[from] item: Leftovers
|upkeep
|turn|26
|
|t:|1759047604
|move|p1a: Dragapult|Hex|p2a: Great Tusk
|-damage|p2a: Great Tusk|0 fnt
|faint|p2a: Great Tusk
|-end|p2a: Great Tusk|Protosynthesis|[silent]
|
|-weather|SunnyDay|[upkeep]
|-heal|p1a: Dragapult|99/100|[from] item: Leftovers
|upkeep
|
|t:|1759047606
|switch|p2a: Whimsicott|Whimsicott, F|84/100
|turn|27
|
|t:|1759047632
|move|p2a: Whimsicott|Moonblast|p1a: Dragapult
|-supereffective|p1a: Dragapult
|-damage|p1a: Dragapult|0 fnt
|-start|p2a: Whimsicott|Disable|Moonblast|[from] ability: Cursed Body|[of] p1a: Dragapult
|faint|p1a: Dragapult
|
|-weather|none
|upkeep
|inactive|Kingtrainer has 120 seconds left.
|
|t:|1759047647
|switch|p1a: Alomomola|Alomomola, M|100/100
|-damage|p1a: Alomomola|88/100|[from] Stealth Rock
|turn|28
|
|t:|1759047649
|switch|p2a: Torkoal|Torkoal, M|18/100
|-weather|SunnyDay|[from] ability: Drought|[of] p2a: Torkoal
|move|p1a: Alomomola|Whirlpool|p2a: Torkoal
|-supereffective|p2a: Torkoal
|-damage|p2a: Torkoal|14/100
|-activate|p2a: Torkoal|move: Whirlpool|[of] p1a: Alomomola
|
|-weather|SunnyDay|[upkeep]
|-damage|p2a: Torkoal|1/100|[from] move: Whirlpool|[partiallytrapped]
|upkeep
|turn|29
|
|t:|1759047659
|move|p1a: Alomomola|Whirlpool|p2a: Torkoal
|-supereffective|p2a: Torkoal
|-damage|p2a: Torkoal|0 fnt
|faint|p2a: Torkoal
|
|-weather|SunnyDay|[upkeep]
|upkeep
|
|t:|1759047662
|switch|p2a: Sandy Shocks|Sandy Shocks, tera:Fire|48/100
|-activate|p2a: Sandy Shocks|ability: Protosynthesis
|-start|p2a: Sandy Shocks|protosynthesisspa
|turn|30
|
|t:|1759047669
|move|p2a: Sandy Shocks|Thunderbolt|p1a: Alomomola
|-supereffective|p1a: Alomomola
|-damage|p1a: Alomomola|0 fnt
|faint|p1a: Alomomola
|
|-weather|SunnyDay|[upkeep]
|upkeep
|
|t:|1759047672
|switch|p1a: Rillaboom|Rillaboom, M, tera:Grass|52/100
|-damage|p1a: Rillaboom|40/100|[from] Stealth Rock
|-fieldstart|move: Grassy Terrain|[from] ability: Grassy Surge|[of] p1a: Rillaboom
|turn|31
|
|t:|1759047674
|move|p1a: Rillaboom|Grassy Glide|p2a: Sandy Shocks
|-resisted|p2a: Sandy Shocks
|-damage|p2a: Sandy Shocks|5/100
|move|p2a: Sandy Shocks|Thunderbolt|p1a: Rillaboom
|-resisted|p1a: Rillaboom
|-damage|p1a: Rillaboom|0 fnt
|faint|p1a: Rillaboom
|
|win|hungrymane
|raw|Kingtrainer's rating: 1553 &rarr; <strong>1528</strong><br />(-25 for losing)
|raw|hungrymane's rating: 1469 &rarr; <strong>1494</strong><br />(+25 for winning)
|l|☆Kingtrainer
|player|p1|
|l|☆hungrymane
|player|p2|
