|j|☆zonix14
|j|☆palcom
|t:|1759064525
|gametype|singles
|player|p1|zonix14|170|1377
|player|p2|palcom|2|1405
|gen|9
|tier|[Gen 9] OU
|rated|
|rule|HP Percentage Mod: HP is shown in percentages
|rule|Endless Battle Clause: Forcing endless battles is banned
|rule|Species Clause: Limit one of each Pokémon
|rule|OHKO Clause: OHKO moves are banned
|rule|Evasion Items Clause: Evasion items are banned
|rule|Evasion Moves Clause: Evasion moves are banned
|rule|Evasion Abilities Clause: Evasion abilities are banned
|rule|Sleep Moves Clause: Sleep-inducing moves are banned
|clearpoke
|poke|p1|Masquerain, M|
|poke|p1|Cinderace, M|
|poke|p1|Serperior, M|
|poke|p1|Gholdengo|
|poke|p1|Iron Moth|
|poke|p1|Hawlucha, M|
|poke|p2|Charizard, F|
|poke|p2|Torkoal, M|
|poke|p2|Raging Bolt|
|poke|p2|Leafeon, F|
|poke|p2|Hatterene, F|
|poke|p2|Gliscor, M|
|teampreview
|inactive|Battle timer is ON: inactive players will automatically lose when time's up. (requested by zonix14)
|
|t:|1759064535
|teamsize|p1|6
|teamsize|p2|6
|start
|switch|p1a: Masquerain|Masquerain, M|100/100
|switch|p2a: Torkoal|Torkoal, M|100/100
|-ability|p1a: Masquerain|Intimidate|boost
|-unboost|p2a: Torkoal|atk|1
|-weather|SunnyDay|[from] ability: Drought|[of] p2a: Torkoal
|turn|1
|
|t:|1759064539
|switch|p2a: Hatterene|Hatterene, F, shiny|100/100
|move|p1a: Masquerain|Sticky Web|p2a: Hatterene
|move|p2a: Hatterene|Sticky Web|p1a: Masquerain|[from] ability: Magic Bounce
|-sidestart|p1: zonix14|move: Sticky Web
|
|-weather|SunnyDay|[upkeep]
|upkeep
|turn|2
|
|t:|1759064554
|move|p1a: Masquerain|Bug Buzz|p2a: Hatterene
|-damage|p2a: Hatterene|63/100
|-unboost|p2a: Hatterene|spd|1
|-enditem|p2a: Hatterene|Eject Button
|
|t:|1759064575
|switch|p2a: Charizard|Charizard, F, shiny|100/100
|
|-weather|SunnyDay|[upkeep]
|-damage|p2a: Charizard|88/100|[from] ability: Solar Power|[of] p2a: Charizard
|upkeep
|turn|3
|
|t:|1759064579
|move|p2a: Charizard|Weather Ball|p1a: Masquerain
|-supereffective|p1a: Masquerain
|-enditem|p1a: Masquerain|Focus Sash
|-damage|p1a: Masquerain|1/100
|move|p1a: Masquerain|Sticky Web|p2a: Charizard
|-sidestart|p2: palcom|move: Sticky Web
|
|-weather|SunnyDay|[upkeep]
|-damage|p2a: Charizard|76/100|[from] ability: Solar Power|[of] p2a: Charizard
|upkeep
|turn|4
|
|t:|1759064584
|move|p2a: Charizard|Weather Ball|p1a: Masquerain
|-supereffective|p1a: Masquerain
|-damage|p1a: Masquerain|0 fnt
|faint|p1a: Masquerain
|
|-weather|SunnyDay|[upkeep]
|-damage|p2a: Charizard|63/100|[from] ability: Solar Power|[of] p2a: Charizard
|upkeep
|
|t:|1759064595
|switch|p1a: Cinderace|Cinderace, M|100/100
|-activate|p1a: Cinderace|move: Sticky Web
|-unboost|p1a: Cinderace|spe|1
|turn|5
|
|t:|1759064603
|move|p2a: Charizard|Weather Ball|p1a: Cinderace
|-resisted|p1a: Cinderace
|-enditem|p1a: Cinderace|Focus Sash
|-damage|p1a: Cinderace|1/100
|move|p1a: Cinderace|Pyro Ball|p2a: Charizard
|-resisted|p2a: Charizard
|-damage|p2a: Charizard|0 fnt
|faint|p2a: Charizard
|
|-weather|SunnyDay|[upkeep]
|upkeep
|
|t:|1759064621
|switch|p2a: Leafeon|Leafeon, F|100/100
|-activate|p2a: Leafeon|move: Sticky Web
|-unboost|p2a: Leafeon|spe|1
|turn|6
|
|t:|1759064625
|move|p2a: Leafeon|Knock Off|p1a: Cinderace
|-damage|p1a: Cinderace|0 fnt
|faint|p1a: Cinderace
|-damage|p2a: Leafeon|91/100|[from] item: Life Orb
|
|-weather|SunnyDay|[upkeep]
|upkeep
|
|t:|1759064629
|switch|p1a: Iron Moth|Iron Moth|100/100
|turn|7
|
|t:|1759064652
|-terastallize|p2a: Leafeon|Fire
|move|p2a: Leafeon|Knock Off|p1a: Iron Moth
|-damage|p1a: Iron Moth|24/100
|-enditem|p1a: Iron Moth|Heavy-Duty Boots|[from] move: Knock Off|[of] p2a: Leafeon
|-damage|p2a: Leafeon|81/100|[from] item: Life Orb
|move|p1a: Iron Moth|Fiery Dance|p2a: Leafeon
|-resisted|p2a: Leafeon
|-damage|p2a: Leafeon|18/100
|
|-weather|SunnyDay|[upkeep]
|upkeep
|turn|8
|
|t:|1759064665
|move|p2a: Leafeon|Tera Blast|p1a: Iron Moth|[anim] Tera Blast Fire
|-resisted|p1a: Iron Moth
|-damage|p1a: Iron Moth|0 fnt
|faint|p1a: Iron Moth
|-end|p1a: Iron Moth|Quark Drive|[silent]
|-damage|p2a: Leafeon|8/100|[from] item: Life Orb
|
|-weather|none
|upkeep
|
|t:|1759064670
|switch|p1a: Serperior|Serperior, M|100/100
|-activate|p1a: Serperior|move: Sticky Web
|-boost|p1a: Serperior|spe|1
|turn|9
|
|t:|1759064679
|switch|p2a: Torkoal|Torkoal, M|100/100
|-activate|p2a: Torkoal|move: Sticky Web
|-unboost|p2a: Torkoal|spe|1
|-weather|SunnyDay|[from] ability: Drought|[of] p2a: Torkoal
|move|p1a: Serperior|Leaf Storm|p2a: Torkoal
|-resisted|p2a: Torkoal
|-damage|p2a: Torkoal|69/100
|-boost|p1a: Serperior|spa|2
|
|-weather|SunnyDay|[upkeep]
|upkeep
|turn|10
|
|t:|1759064698
|-terastallize|p1a: Serperior|Ghost
|move|p1a: Serperior|Leaf Storm|p2a: Torkoal
|-resisted|p2a: Torkoal
|-damage|p2a: Torkoal|5/100
|-boost|p1a: Serperior|spa|2
|move|p2a: Torkoal|Clear Smog|p1a: Serperior
|-resisted|p1a: Serperior
|-damage|p1a: Serperior|95/100
|-clearboost|p1a: Serperior
|
|-weather|SunnyDay|[upkeep]
|upkeep
|turn|11
|
|t:|1759064719
|move|p1a: Serperior|Leaf Storm|p2a: Torkoal
|-resisted|p2a: Torkoal
|-damage|p2a: Torkoal|0 fnt
|-boost|p1a: Serperior|spa|2
|faint|p2a: Torkoal
|
|-weather|SunnyDay|[upkeep]
|upkeep
|
|t:|1759064721
|switch|p2a: Leafeon|Leafeon, F, tera:Fire|8/100
|-activate|p2a: Leafeon|move: Sticky Web
|-unboost|p2a: Leafeon|spe|1
|turn|12
|
|t:|1759064730
|switch|p1a: Gholdengo|Gholdengo|100/100
|-item|p1a: Gholdengo|Air Balloon
|move|p2a: Leafeon|Knock Off|p1a: Gholdengo
|-supereffective|p1a: Gholdengo
|-damage|p1a: Gholdengo|5/100
|-enditem|p1a: Gholdengo|Air Balloon
|-damage|p2a: Leafeon|0 fnt|[from] item: Life Orb
|faint|p2a: Leafeon
|
|-weather|SunnyDay|[upkeep]
|upkeep
|
|t:|1759064743
|switch|p2a: Raging Bolt|Raging Bolt|100/100
|-item|p2a: Raging Bolt|Air Balloon
|-activate|p2a: Raging Bolt|ability: Protosynthesis
|-start|p2a: Raging Bolt|protosynthesisspa
|turn|13
|
|t:|1759064750
|move|p1a: Gholdengo|Dazzling Gleam|p2a: Raging Bolt
|-supereffective|p2a: Raging Bolt
|-damage|p2a: Raging Bolt|55/100
|-enditem|p2a: Raging Bolt|Air Balloon
|move|p2a: Raging Bolt|Weather Ball|p1a: Gholdengo
|-supereffective|p1a: Gholdengo
|-damage|p1a: Gholdengo|0 fnt
|faint|p1a: Gholdengo
|
|-weather|SunnyDay|[upkeep]
|upkeep
|
|t:|1759064755
|switch|p1a: Serperior|Serperior, M, tera:Ghost|95/100
|-activate|p1a: Serperior|move: Sticky Web
|-boost|p1a: Serperior|spe|1
|turn|14
|
|t:|1759064764
|move|p1a: Serperior|Dragon Pulse|p2a: Raging Bolt
|-supereffective|p2a: Raging Bolt
|-damage|p2a: Raging Bolt|20/100
|move|p2a: Raging Bolt|Draco Meteor|p1a: Serperior|[miss]
|-miss|p2a: Raging Bolt|p1a: Serperior
|
|-weather|SunnyDay|[upkeep]
|upkeep
|turn|15
|
|t:|1759064773
|move|p2a: Raging Bolt|Thunderclap||[still]
|-fail|p2a: Raging Bolt
|move|p1a: Serperior|Substitute|p1a: Serperior
|-start|p1a: Serperior|Substitute
|-damage|p1a: Serperior|70/100
|
|-weather|SunnyDay|[upkeep]
|upkeep
|turn|16
|
|t:|1759064777
|move|p2a: Raging Bolt|Thunderclap|p1a: Serperior
|-end|p1a: Serperior|Substitute
|move|p1a: Serperior|Dragon Pulse|p2a: Raging Bolt
|-supereffective|p2a: Raging Bolt
|-damage|p2a: Raging Bolt|0 fnt
|faint|p2a: Raging Bolt
|-end|p2a: Raging Bolt|Protosynthesis|[silent]
|
|-weather|none
|upkeep
|
|t:|1759064781
|switch|p2a: Gliscor|Gliscor, M|100/100
|turn|17
|
|t:|1759064786
|move|p1a: Serperior|Leaf Storm|p2a: Gliscor
|-damage|p2a: Gliscor|59/100
|-boost|p1a: Serperior|spa|2
|move|p2a: Gliscor|Knock Off|p1a: Serperior
|-supereffective|p1a: Serperior
|-crit|p1a: Serperior
|-damage|p1a: Serperior|0 fnt
|-enditem|p1a: Serperior|Wide Lens|[from] move: Knock Off|[of] p2a: Gliscor
|faint|p1a: Serperior
|
|-status|p2a: Gliscor|tox|[from] item: Toxic Orb
|upkeep
|
|t:|1759064789
|switch|p1a: Hawlucha|Hawlucha, M|100/100
|-ability|p1a: Hawlucha|Mold Breaker
|turn|18
|
|t:|1759064807
|move|p1a: Hawlucha|Swords Dance|p1a: Hawlucha
|-boost|p1a: Hawlucha|atk|2
|move|p2a: Gliscor|U-turn|p1a: Hawlucha
|-resisted|p1a: Hawlucha
|-damage|p1a: Hawlucha|95/100
|
|t:|1759064813
|switch|p2a: Hatterene|Hatterene, F, shiny|63/100|[from] U-turn
|-activate|p2a: Hatterene|move: Sticky Web
|-unboost|p2a: Hatterene|spe|1
|
|upkeep
|turn|19
|
|t:|1759064819
|move|p1a: Hawlucha|Swords Dance|p1a: Hawlucha
|-boost|p1a: Hawlucha|atk|2
|move|p2a: Hatterene|Psychic Noise|p1a: Hawlucha
|-supereffective|p1a: Hawlucha
|-damage|p1a: Hawlucha|0 fnt
|faint|p1a: Hawlucha
|
|win|palcom
|raw|zonix14's rating: 1377 &rarr; <strong>1359</strong><br />(-18 for losing)
|raw|palcom's rating: 1405 &rarr; <strong>1423</strong><br />(+18 for winning)
|l|☆zonix14
|player|p1|
|l|☆palcom
|player|p2|
