|j|☆gouguix
|j|☆jtremes
|t:|1759033843
|gametype|singles
|player|p1|gouguix|266|1414
|player|p2|jtremes|1|1368
|gen|9
|tier|[Gen 9] OU
|rated|
|rule|HP Percentage Mod: HP is shown in percentages
|rule|Endless Battle Clause: Forcing endless battles is banned
|rule|Species Clause: Limit one of each Pokémon
|rule|OHKO Clause: OHKO moves are banned
|rule|Evasion Items Clause: Evasion items are banned
|rule|Evasion Moves Clause: Evasion moves are banned
|rule|Evasion Abilities Clause: Evasion abilities are banned
|rule|Sleep Moves Clause: Sleep-inducing moves are banned
|clearpoke
|poke|p1|Glimmora, F|
|poke|p1|Kingambit, M|
|poke|p1|Dragapult, F|
|poke|p1|Zamazenta-*|
|poke|p1|Dragonite, F|
|poke|p1|Iron Valiant|
|poke|p2|Hawlucha, F|
|poke|p2|Rillaboom, F|
|poke|p2|Skeledirge, M|
|poke|p2|Ting-Lu|
|poke|p2|Keldeo-Resolute|
|poke|p2|Corviknight, M|
|teampreview
|inactive|Battle timer is ON: inactive players will automatically lose when time's up. (requested by gouguix)
|
|t:|1759033859
|teamsize|p1|6
|teamsize|p2|6
|start
|switch|p1a: Glimmora|Glimmora, F|100/100
|switch|p2a: Corviknight|Corviknight, M|100/100
|-ability|p2a: Corviknight|Pressure
|turn|1
|
|t:|1759033862
|move|p1a: Glimmora|Stealth Rock|p2a: Corviknight
|-sidestart|p2: jtremes|move: Stealth Rock
|move|p2a: Corviknight|U-turn|p1a: Glimmora
|-resisted|p1a: Glimmora
|-damage|p1a: Glimmora|92/100
|-activate|p1a: Glimmora|ability: Toxic Debris
|-sidestart|p2: jtremes|move: Toxic Spikes
|
|t:|1759033871
|switch|p2a: Ting-Lu|Ting-Lu|100/100|[from] U-turn
|-damage|p2a: Ting-Lu|94/100|[from] Stealth Rock
|-status|p2a: Ting-Lu|psn
|-ability|p2a: Ting-Lu|Vessel of Ruin
|
|-heal|p2a: Ting-Lu|100/100 psn|[from] item: Leftovers
|-damage|p2a: Ting-Lu|88/100 psn|[from] psn
|upkeep
|turn|2
|
|t:|1759033897
|switch|p1a: Iron Valiant|Iron Valiant|100/100
|-enditem|p1a: Iron Valiant|Booster Energy
|-activate|p1a: Iron Valiant|ability: Quark Drive|[fromitem]
|-start|p1a: Iron Valiant|quarkdrivespe
|move|p2a: Ting-Lu|Earthquake|p1a: Iron Valiant
|-damage|p1a: Iron Valiant|53/100
|
|-heal|p2a: Ting-Lu|94/100 psn|[from] item: Leftovers
|-damage|p2a: Ting-Lu|82/100 psn|[from] psn
|upkeep
|turn|3
|
|t:|1759033907
|-end|p1a: Iron Valiant|Quark Drive|[silent]
|switch|p1a: Dragapult|Dragapult, F|100/100
|switch|p2a: Corviknight|Corviknight, M|100/100
|-damage|p2a: Corviknight|88/100|[from] Stealth Rock
|-ability|p2a: Corviknight|Pressure
|
|-heal|p2a: Corviknight|94/100|[from] item: Leftovers
|upkeep
|turn|4
|
|t:|1759033911
|move|p1a: Dragapult|Draco Meteor|p2a: Corviknight
|-resisted|p2a: Corviknight
|-damage|p2a: Corviknight|48/100
|-unboost|p1a: Dragapult|spa|2
|move|p2a: Corviknight|Defog|p1a: Dragapult
|-unboost|p1a: Dragapult|evasion|1
|-sideend|p2: jtremes|Toxic Spikes|[from] move: Defog|[of] p2a: Corviknight
|-sideend|p2: jtremes|Stealth Rock|[from] move: Defog|[of] p2a: Corviknight
|
|-heal|p2a: Corviknight|54/100|[from] item: Leftovers
|upkeep
|turn|5
|
|t:|1759033916
|switch|p1a: Glimmora|Glimmora, F|92/100
|move|p2a: Corviknight|Roost|p2a: Corviknight
|-heal|p2a: Corviknight|100/100
|-singleturn|p2a: Corviknight|move: Roost
|
|upkeep
|turn|6
|
|t:|1759033922
|switch|p2a: Keldeo|Keldeo-Resolute|100/100
|move|p1a: Glimmora|Stealth Rock|p2a: Keldeo
|-sidestart|p2: jtremes|move: Stealth Rock
|
|upkeep
|turn|7
|
|t:|1759033927
|switch|p1a: Iron Valiant|Iron Valiant|53/100
|move|p2a: Keldeo|Substitute|p2a: Keldeo
|-start|p2a: Keldeo|Substitute
|-damage|p2a: Keldeo|76/100
|
|-heal|p2a: Keldeo|82/100|[from] item: Leftovers
|upkeep
|turn|8
|
|t:|1759033946
|move|p1a: Iron Valiant|Moonblast|p2a: Keldeo
|-supereffective|p2a: Keldeo
|-end|p2a: Keldeo|Substitute
|move|p2a: Keldeo|Surf|p1a: Iron Valiant
|-damage|p1a: Iron Valiant|0 fnt
|faint|p1a: Iron Valiant
|-end|p1a: Iron Valiant|Quark Drive|[silent]
|
|-heal|p2a: Keldeo|88/100|[from] item: Leftovers
|upkeep
|
|t:|1759033962
|switch|p1a: Dragapult|Dragapult, F|100/100
|turn|9
|
|t:|1759033985
|switch|p2a: Ting-Lu|Ting-Lu|82/100 psn
|-damage|p2a: Ting-Lu|76/100 psn|[from] Stealth Rock
|-ability|p2a: Ting-Lu|Vessel of Ruin
|move|p1a: Dragapult|Shadow Ball|p2a: Ting-Lu
|-resisted|p2a: Ting-Lu
|-damage|p2a: Ting-Lu|63/100 psn
|
|-heal|p2a: Ting-Lu|69/100 psn|[from] item: Leftovers
|-damage|p2a: Ting-Lu|57/100 psn|[from] psn
|upkeep
|turn|10
|
|t:|1759033993
|switch|p1a: Glimmora|Glimmora, F|92/100
|move|p2a: Ting-Lu|Ruination|p1a: Glimmora
|-damage|p1a: Glimmora|46/100
|
|-heal|p2a: Ting-Lu|63/100 psn|[from] item: Leftovers
|-damage|p2a: Ting-Lu|50/100 psn|[from] psn
|upkeep
|turn|11
|
|t:|1759034011
|move|p1a: Glimmora|Power Gem|p2a: Ting-Lu
|-resisted|p2a: Ting-Lu
|-damage|p2a: Ting-Lu|42/100 psn
|move|p2a: Ting-Lu|Earthquake|p1a: Glimmora
|-supereffective|p1a: Glimmora
|-damage|p1a: Glimmora|0 fnt
|-activate|p1a: Glimmora|ability: Toxic Debris
|-sidestart|p2: jtremes|move: Toxic Spikes
|faint|p1a: Glimmora
|
|-heal|p2a: Ting-Lu|48/100 psn|[from] item: Leftovers
|-damage|p2a: Ting-Lu|36/100 psn|[from] psn
|upkeep
|
|t:|1759034016
|switch|p1a: Zamazenta|Zamazenta|100/100
|-ability|p1a: Zamazenta|Dauntless Shield|boost
|-boost|p1a: Zamazenta|def|1
|turn|12
|
|t:|1759034037
|switch|p2a: Skeledirge|Skeledirge, M|100/100
|move|p1a: Zamazenta|Body Press|p2a: Skeledirge
|-immune|p2a: Skeledirge
|
|upkeep
|turn|13
|
|t:|1759034042
|switch|p1a: Dragapult|Dragapult, F|100/100
|move|p2a: Skeledirge|Hex|p1a: Dragapult
|-supereffective|p1a: Dragapult
|-damage|p1a: Dragapult|38/100
|
|upkeep
|turn|14
|
|t:|1759034050
|switch|p2a: Corviknight|Corviknight, M|100/100
|-damage|p2a: Corviknight|88/100|[from] Stealth Rock
|-ability|p2a: Corviknight|Pressure
|move|p1a: Dragapult|Shadow Ball|p2a: Corviknight
|-damage|p2a: Corviknight|36/100
|
|-heal|p2a: Corviknight|42/100|[from] item: Leftovers
|upkeep
|turn|15
|
|t:|1759034064
|switch|p2a: Ting-Lu|Ting-Lu|36/100 psn
|-damage|p2a: Ting-Lu|30/100 psn|[from] Stealth Rock
|-ability|p2a: Ting-Lu|Vessel of Ruin
|move|p1a: Dragapult|Shadow Ball|p2a: Ting-Lu
|-resisted|p2a: Ting-Lu
|-damage|p2a: Ting-Lu|17/100 psn
|-unboost|p2a: Ting-Lu|spd|1
|
|-heal|p2a: Ting-Lu|24/100 psn|[from] item: Leftovers
|-damage|p2a: Ting-Lu|11/100 psn|[from] psn
|upkeep
|turn|16
|
|t:|1759034068
|move|p1a: Dragapult|Shadow Ball|p2a: Ting-Lu
|-resisted|p2a: Ting-Lu
|-damage|p2a: Ting-Lu|0 fnt
|faint|p2a: Ting-Lu
|
|upkeep
|
|t:|1759034070
|switch|p2a: Rillaboom|Rillaboom, F|100/100
|-damage|p2a: Rillaboom|88/100|[from] Stealth Rock
|-status|p2a: Rillaboom|psn
|-fieldstart|move: Grassy Terrain|[from] ability: Grassy Surge|[of] p2a: Rillaboom
|turn|17
|
|t:|1759034074
|move|p2a: Rillaboom|Grassy Glide|p1a: Dragapult
|-resisted|p1a: Dragapult
|-damage|p1a: Dragapult|17/100
|move|p1a: Dragapult|Shadow Ball|p2a: Rillaboom
|-damage|p2a: Rillaboom|33/100 psn
|
|-heal|p1a: Dragapult|23/100|[from] Grassy Terrain
|-heal|p2a: Rillaboom|39/100 psn|[from] Grassy Terrain
|-damage|p2a: Rillaboom|27/100 psn|[from] psn
|upkeep
|turn|18
|
|t:|1759034080
|switch|p1a: Kingambit|Kingambit, M|100/100
|-activate|p1a: Kingambit|ability: Supreme Overlord
|-start|p1a: Kingambit|fallen2|[silent]
|move|p2a: Rillaboom|Grassy Glide|p1a: Kingambit
|-resisted|p1a: Kingambit
|-damage|p1a: Kingambit|89/100
|
|-heal|p2a: Rillaboom|33/100 psn|[from] Grassy Terrain
|-heal|p1a: Kingambit|95/100|[from] Grassy Terrain
|-damage|p2a: Rillaboom|20/100 psn|[from] psn
|upkeep
|turn|19
|
|t:|1759034093
|-end|p1a: Kingambit|fallen2|[silent]
|switch|p1a: Dragapult|Dragapult, F|23/100
|move|p2a: Rillaboom|Low Kick|p1a: Dragapult
|-immune|p1a: Dragapult
|
|-heal|p1a: Dragapult|29/100|[from] Grassy Terrain
|-heal|p2a: Rillaboom|26/100 psn|[from] Grassy Terrain
|-damage|p2a: Rillaboom|14/100 psn|[from] psn
|upkeep
|turn|20
|
|t:|1759034098
|switch|p1a: Kingambit|Kingambit, M|95/100
|-activate|p1a: Kingambit|ability: Supreme Overlord
|-start|p1a: Kingambit|fallen2|[silent]
|move|p2a: Rillaboom|Leech Seed|p1a: Kingambit
|-start|p1a: Kingambit|move: Leech Seed
|
|-heal|p2a: Rillaboom|20/100 psn|[from] Grassy Terrain
|-heal|p1a: Kingambit|100/100|[from] Grassy Terrain
|-damage|p1a: Kingambit|88/100|[from] Leech Seed|[of] p2a: Rillaboom
|-heal|p2a: Rillaboom|31/100 psn|[silent]
|-damage|p2a: Rillaboom|18/100 psn|[from] psn
|upkeep
|turn|21
|
|t:|1759034104
|-end|p1a: Kingambit|fallen2|[silent]
|switch|p1a: Dragapult|Dragapult, F|29/100
|move|p2a: Rillaboom|Leech Seed|p1a: Dragapult
|-start|p1a: Dragapult|move: Leech Seed
|
|-heal|p1a: Dragapult|35/100|[from] Grassy Terrain
|-heal|p2a: Rillaboom|24/100 psn|[from] Grassy Terrain
|-damage|p1a: Dragapult|23/100|[from] Leech Seed|[of] p2a: Rillaboom
|-heal|p2a: Rillaboom|34/100 psn|[silent]
|-damage|p2a: Rillaboom|22/100 psn|[from] psn
|upkeep
|turn|22
|
|t:|1759034109
|move|p1a: Dragapult|Shadow Ball|p2a: Rillaboom
|-damage|p2a: Rillaboom|0 fnt
|faint|p2a: Rillaboom
|
|-heal|p1a: Dragapult|28/100|[from] Grassy Terrain
|upkeep
|
|t:|1759034112
|switch|p2a: Hawlucha|Hawlucha, F|100/100
|-damage|p2a: Hawlucha|88/100|[from] Stealth Rock
|-enditem|p2a: Hawlucha|Grassy Seed
|-boost|p2a: Hawlucha|def|1|[from] item: Grassy Seed
|turn|23
|
|t:|1759034117
|move|p2a: Hawlucha|Acrobatics|p1a: Dragapult
|-damage|p1a: Dragapult|0 fnt
|faint|p1a: Dragapult
|
|upkeep
|
|t:|1759034123
|switch|p1a: Zamazenta|Zamazenta|100/100
|turn|24
|
|t:|1759034137
|move|p2a: Hawlucha|Acrobatics|p1a: Zamazenta
|-supereffective|p1a: Zamazenta
|-damage|p1a: Zamazenta|29/100
|move|p1a: Zamazenta|Roar|p2a: Hawlucha
|drag|p2a: Skeledirge|Skeledirge, M|100/100
|
|-heal|p1a: Zamazenta|36/100|[from] Grassy Terrain
|-heal|p1a: Zamazenta|42/100|[from] item: Leftovers
|-fieldend|move: Grassy Terrain
|upkeep
|turn|25
|
|t:|1759034144
|move|p1a: Zamazenta|Crunch|p2a: Skeledirge
|-supereffective|p2a: Skeledirge
|-damage|p2a: Skeledirge|68/100
|move|p2a: Skeledirge|Will-O-Wisp|p1a: Zamazenta
|-status|p1a: Zamazenta|brn
|
|-heal|p1a: Zamazenta|48/100 brn|[from] item: Leftovers
|-damage|p1a: Zamazenta|42/100 brn|[from] brn
|upkeep
|turn|26
|
|t:|1759034158
|move|p2a: Skeledirge|Slack Off|p2a: Skeledirge
|-heal|p2a: Skeledirge|100/100
|move|p1a: Zamazenta|Roar|p2a: Skeledirge
|drag|p2a: Keldeo|Keldeo-Resolute|88/100
|-damage|p2a: Keldeo|82/100|[from] Stealth Rock
|-status|p2a: Keldeo|psn
|
|-heal|p1a: Zamazenta|48/100 brn|[from] item: Leftovers
|-heal|p2a: Keldeo|88/100 psn|[from] item: Leftovers
|-damage|p2a: Keldeo|76/100 psn|[from] psn
|-damage|p1a: Zamazenta|42/100 brn|[from] brn
|upkeep
|turn|27
|
|t:|1759034163
|move|p2a: Keldeo|Surf|p1a: Zamazenta
|-damage|p1a: Zamazenta|10/100 brn
|move|p1a: Zamazenta|Roar|p2a: Keldeo
|drag|p2a: Skeledirge|Skeledirge, M|100/100
|
|-heal|p1a: Zamazenta|16/100 brn|[from] item: Leftovers
|-damage|p1a: Zamazenta|10/100 brn|[from] brn
|upkeep
|turn|28
|
|t:|1759034168
|move|p2a: Skeledirge|Hex|p1a: Zamazenta
|-damage|p1a: Zamazenta|0 fnt
|faint|p1a: Zamazenta
|
|upkeep
|
|t:|1759034171
|switch|p1a: Kingambit|Kingambit, M|88/100
|-activate|p1a: Kingambit|ability: Supreme Overlord
|-start|p1a: Kingambit|fallen4|[silent]
|turn|29
|
|t:|1759034174
|-terastallize|p2a: Skeledirge|Fairy
|move|p1a: Kingambit|Swords Dance|p1a: Kingambit
|-boost|p1a: Kingambit|atk|2
|move|p2a: Skeledirge|Will-O-Wisp|p1a: Kingambit
|-status|p1a: Kingambit|brn
|
|-damage|p1a: Kingambit|82/100 brn|[from] brn
|upkeep
|turn|30
|
|t:|1759034189
|switch|p2a: Corviknight|Corviknight, M|42/100
|-damage|p2a: Corviknight|30/100|[from] Stealth Rock
|-ability|p2a: Corviknight|Pressure
|move|p1a: Kingambit|Iron Head|p2a: Corviknight
|-resisted|p2a: Corviknight
|-damage|p2a: Corviknight|9/100
|
|-heal|p2a: Corviknight|15/100|[from] item: Leftovers
|-damage|p1a: Kingambit|76/100 brn|[from] brn
|upkeep
|turn|31
|
|t:|1759034195
|move|p1a: Kingambit|Swords Dance|p1a: Kingambit
|-boost|p1a: Kingambit|atk|2
|move|p2a: Corviknight|U-turn|p1a: Kingambit
|-damage|p1a: Kingambit|64/100 brn
|
|t:|1759034216
|switch|p2a: Keldeo|Keldeo-Resolute|76/100 psn|[from] U-turn
|-damage|p2a: Keldeo|69/100 psn|[from] Stealth Rock
|
|-heal|p2a: Keldeo|76/100 psn|[from] item: Leftovers
|-damage|p2a: Keldeo|63/100 psn|[from] psn
|-damage|p1a: Kingambit|58/100 brn|[from] brn
|upkeep
|turn|32
|
|t:|1759034220
|move|p1a: Kingambit|Sucker Punch|p2a: Keldeo
|-resisted|p2a: Keldeo
|-damage|p2a: Keldeo|9/100 psn
|-ability|p2a: Keldeo|Justified|boost
|-boost|p2a: Keldeo|atk|1
|move|p2a: Keldeo|Secret Sword|p1a: Kingambit
|-supereffective|p1a: Kingambit
|-damage|p1a: Kingambit|0 fnt
|faint|p1a: Kingambit
|-end|p1a: Kingambit|fallen4|[silent]
|
|-heal|p2a: Keldeo|15/100 psn|[from] item: Leftovers
|-damage|p2a: Keldeo|3/100 psn|[from] psn
|upkeep
|
|t:|1759034222
|switch|p1a: Dragonite|Dragonite, F|100/100
|turn|33
|
|t:|1759034225
|switch|p2a: Skeledirge|Skeledirge, M, tera:Fairy|100/100
|move|p1a: Dragonite|Extreme Speed|p2a: Skeledirge
|-damage|p2a: Skeledirge|73/100
|
|upkeep
|turn|34
|
|t:|1759034230
|-terastallize|p1a: Dragonite|Normal
|move|p1a: Dragonite|Extreme Speed|p2a: Skeledirge
|-damage|p2a: Skeledirge|37/100
|move|p2a: Skeledirge|Will-O-Wisp|p1a: Dragonite
|-status|p1a: Dragonite|brn
|
|-damage|p1a: Dragonite|94/100 brn|[from] brn
|upkeep
|turn|35
|
|t:|1759034243
|move|p1a: Dragonite|Extreme Speed|p2a: Skeledirge
|-damage|p2a: Skeledirge|18/100
|move|p2a: Skeledirge|Slack Off|p2a: Skeledirge
|-heal|p2a: Skeledirge|68/100
|
|-damage|p1a: Dragonite|88/100 brn|[from] brn
|upkeep
|turn|36
|-message|gouguix forfeited.
|
|win|jtremes
|raw|gouguix's rating: 1414 &rarr; <strong>1391</strong><br />(-23 for losing)
|raw|jtremes's rating: 1368 &rarr; <strong>1391</strong><br />(+23 for winning)
|l|☆gouguix
|player|p1|
