|j|☆pokentus
|j|☆imfleecy
|t:|1758970506
|gametype|singles
|player|p1|pokentus|170|1071
|player|p2|imfleecy|n|1084
|gen|9
|tier|[Gen 9] OU
|rated|
|rule|HP Percentage Mod: HP is shown in percentages
|rule|Endless Battle Clause: Forcing endless battles is banned
|rule|Species Clause: Limit one of each Pokémon
|rule|OHKO Clause: OHKO moves are banned
|rule|Evasion Items Clause: Evasion items are banned
|rule|Evasion Moves Clause: Evasion moves are banned
|rule|Evasion Abilities Clause: Evasion abilities are banned
|rule|Sleep Moves Clause: Sleep-inducing moves are banned
|clearpoke
|poke|p1|Weezing, F|
|poke|p1|Seviper, F|
|poke|p1|Toxicroak, F|
|poke|p1|Toxtricity, F|
|poke|p1|Gengar, M|
|poke|p1|Pecharunt|
|poke|p2|Torkoal, M|
|poke|p2|Sceptile, M|
|poke|p2|Dragonite, F|
|poke|p2|Deoxys-Speed|
|poke|p2|Scizor, F|
|poke|p2|Glimmora, F|
|teampreview
|inactive|Battle timer is ON: inactive players will automatically lose when time's up. (requested by pokentus)
|
|t:|1758970517
|teamsize|p1|6
|teamsize|p2|6
|start
|switch|p1a: Toxicroak|Toxicroak, F|100/100
|switch|p2a: Torkoal|Torkoal, M|100/100
|-weather|SunnyDay|[from] ability: Drought|[of] p2a: Torkoal
|turn|1
|
|t:|1758970527
|move|p1a: Toxicroak|Gunk Shot|p2a: Torkoal
|-damage|p2a: Torkoal|54/100
|move|p2a: Torkoal|Will-O-Wisp|p1a: Toxicroak
|-status|p1a: Toxicroak|brn
|
|-weather|SunnyDay|[upkeep]
|-heal|p2a: Torkoal|60/100|[from] item: Leftovers
|-damage|p1a: Toxicroak|94/100 brn|[from] brn
|upkeep
|turn|2
|
|t:|1758970539
|move|p2a: Torkoal|Protect|p2a: Torkoal
|-singleturn|p2a: Torkoal|Protect
|move|p1a: Toxicroak|Gunk Shot|p2a: Torkoal
|-activate|p2a: Torkoal|move: Protect
|
|-weather|SunnyDay|[upkeep]
|-heal|p2a: Torkoal|66/100|[from] item: Leftovers
|-damage|p1a: Toxicroak|88/100 brn|[from] brn
|upkeep
|turn|3
|
|t:|1758970556
|switch|p1a: Weezing|Weezing, F|100/100
|move|p2a: Torkoal|Gyro Ball|p1a: Weezing
|-damage|p1a: Weezing|86/100
|-damage|p2a: Torkoal|50/100|[from] item: Rocky Helmet|[of] p1a: Weezing
|
|-weather|SunnyDay|[upkeep]
|-heal|p2a: Torkoal|56/100|[from] item: Leftovers
|upkeep
|turn|4
|
|t:|1758970571
|switch|p2a: Deoxys|Deoxys-Speed|100/100
|-ability|p2a: Deoxys|Pressure
|move|p1a: Weezing|Toxic Spikes|p2a: Deoxys
|-sidestart|p2: imfleecy|move: Toxic Spikes
|
|-weather|SunnyDay|[upkeep]
|upkeep
|turn|5
|
|t:|1758970584
|move|p2a: Deoxys|Knock Off|p1a: Weezing
|-damage|p1a: Weezing|68/100
|-damage|p2a: Deoxys|84/100|[from] item: Rocky Helmet|[of] p1a: Weezing
|-enditem|p1a: Weezing|Rocky Helmet|[from] move: Knock Off|[of] p2a: Deoxys
|move|p1a: Weezing|Explosion|p2a: Deoxys
|-damage|p2a: Deoxys|0 fnt
|faint|p1a: Weezing
|faint|p2a: Deoxys
|
|-weather|none
|upkeep
|
|t:|1758970602
|switch|p2a: Sceptile|Sceptile, M, shiny|100/100
|switch|p1a: Seviper|Seviper, F|100/100
|-status|p2a: Sceptile|psn
|turn|6
|inactive|pokentus has 120 seconds left.
|
|t:|1758970624
|-terastallize|p2a: Sceptile|Dragon
|move|p2a: Sceptile|Dragon Dance|p2a: Sceptile
|-boost|p2a: Sceptile|atk|1
|-boost|p2a: Sceptile|spe|1
|move|p1a: Seviper|Switcheroo|p2a: Sceptile
|-activate|p1a: Seviper|move: Trick|[of] p2a: Sceptile
|-item|p2a: Sceptile|Choice Band|[from] move: Switcheroo
|-item|p1a: Seviper|Loaded Dice|[from] move: Switcheroo
|
|-damage|p2a: Sceptile|88/100 psn|[from] psn
|upkeep
|turn|7
|inactive|pokentus has 120 seconds left.
|
|t:|1758970637
|move|p2a: Sceptile|Outrage|p1a: Seviper
|-damage|p1a: Seviper|0 fnt
|faint|p1a: Seviper
|
|-damage|p2a: Sceptile|76/100 psn|[from] psn
|upkeep
|inactive|pokentus has 120 seconds left.
|l|☆imfleecy
|inactive|imfleecy disconnected and has a minute to reconnect!
|player|p2|
|
|t:|1758970651
|switch|p1a: Toxicroak|Toxicroak, F|88/100 brn
|turn|8
|j|☆imfleecy
|inactive|imfleecy reconnected and has 145 seconds left.
|player|p2|imfleecy|n|
|
|t:|1758970666
|move|p1a: Toxicroak|Sucker Punch|p2a: Sceptile
|-damage|p2a: Sceptile|59/100 psn
|move|p2a: Sceptile|Outrage|p1a: Toxicroak|[from] lockedmove
|-damage|p1a: Toxicroak|0 fnt
|faint|p1a: Toxicroak
|-start|p2a: Sceptile|confusion|[fatigue]
|
|-damage|p2a: Sceptile|46/100 psn|[from] psn
|upkeep
|inactive|pokentus has 120 seconds left.
|
|t:|1758970676
|switch|p1a: Gengar|Gengar, M|100/100
|turn|9
|
|t:|1758970680
|-activate|p2a: Sceptile|confusion
|-damage|p2a: Sceptile|23/100 psn|[from] confusion
|move|p1a: Gengar|Shadow Ball|p2a: Sceptile
|-damage|p2a: Sceptile|0 fnt
|faint|p2a: Sceptile
|
|upkeep
|
|t:|1758970688
|switch|p2a: Torkoal|Torkoal, M|56/100
|-status|p2a: Torkoal|psn
|-weather|SunnyDay|[from] ability: Drought|[of] p2a: Torkoal
|turn|10
|
|t:|1758970698
|move|p1a: Gengar|Shadow Ball|p2a: Torkoal
|-damage|p2a: Torkoal|12/100 psn
|move|p2a: Torkoal|Will-O-Wisp|p1a: Gengar
|-status|p1a: Gengar|brn
|
|-weather|SunnyDay|[upkeep]
|-heal|p2a: Torkoal|18/100 psn|[from] item: Leftovers
|-damage|p2a: Torkoal|6/100 psn|[from] psn
|-damage|p1a: Gengar|94/100 brn|[from] brn
|upkeep
|turn|11
|
|t:|1758970724
|switch|p2a: Dragonite|Dragonite, F|100/100
|move|p1a: Gengar|Giga Drain|p2a: Dragonite
|-resisted|p2a: Dragonite
|-damage|p2a: Dragonite|97/100
|-heal|p1a: Gengar|97/100 brn|[from] drain|[of] p2a: Dragonite
|
|-weather|SunnyDay|[upkeep]
|-damage|p1a: Gengar|91/100 brn|[from] brn
|upkeep
|turn|12
|inactive|imfleecy has 120 seconds left.
|
|t:|1758970739
|move|p1a: Gengar|Shadow Ball|p2a: Dragonite
|-damage|p2a: Dragonite|45/100
|-unboost|p2a: Dragonite|spd|1
|move|p2a: Dragonite|Dragon Dance|p2a: Dragonite
|-boost|p2a: Dragonite|atk|1
|-boost|p2a: Dragonite|spe|1
|
|-weather|SunnyDay|[upkeep]
|-damage|p1a: Gengar|84/100 brn|[from] brn
|upkeep
|turn|13
|inactive|imfleecy has 120 seconds left.
|
|t:|1758970751
|move|p2a: Dragonite|Weather Ball|p1a: Gengar
|-damage|p1a: Gengar|43/100 brn
|-start|p2a: Dragonite|Disable|Weather Ball|[from] ability: Cursed Body|[of] p1a: Gengar
|move|p1a: Gengar|Shadow Ball|p2a: Dragonite
|-damage|p2a: Dragonite|0 fnt
|faint|p2a: Dragonite
|
|-weather|SunnyDay|[upkeep]
|-damage|p1a: Gengar|37/100 brn|[from] brn
|upkeep
|inactive|imfleecy has 120 seconds left.
|
|t:|1758970764
|switch|p2a: Glimmora|Glimmora, F|100/100
|-item|p2a: Glimmora|Air Balloon
|turn|14
|inactive|imfleecy has 120 seconds left.
|
|t:|1758970784
|move|p1a: Gengar|Focus Blast|p2a: Glimmora|[miss]
|-miss|p1a: Gengar|p2a: Glimmora
|move|p2a: Glimmora|Acid Armor|p2a: Glimmora
|-boost|p2a: Glimmora|def|2
|
|-weather|none
|-damage|p1a: Gengar|31/100 brn|[from] brn
|upkeep
|turn|15
|inactive|imfleecy has 120 seconds left.
|
|t:|1758970800
|move|p1a: Gengar|Focus Blast|p2a: Glimmora
|-damage|p2a: Glimmora|59/100
|-enditem|p2a: Glimmora|Air Balloon
|move|p2a: Glimmora|Mortal Spin|p1a: Gengar
|-resisted|p1a: Gengar
|-damage|p1a: Gengar|28/100 brn
|-sideend|p2: imfleecy|Toxic Spikes|[from] move: Mortal Spin|[of] p2a: Glimmora
|
|-damage|p1a: Gengar|22/100 brn|[from] brn
|upkeep
|turn|16
|
|t:|1758970812
|move|p1a: Gengar|Shadow Ball|p2a: Glimmora
|-damage|p2a: Glimmora|22/100
|move|p2a: Glimmora|Dazzling Gleam|p1a: Gengar
|-resisted|p1a: Gengar
|-damage|p1a: Gengar|8/100 brn
|
|-damage|p1a: Gengar|2/100 brn|[from] brn
|upkeep
|turn|17
|inactive|imfleecy has 90 seconds left.
|
|t:|1758970846
|move|p1a: Gengar|Shadow Ball|p2a: Glimmora
|-damage|p2a: Glimmora|0 fnt
|faint|p2a: Glimmora
|
|-damage|p1a: Gengar|0 fnt|[from] brn
|faint|p1a: Gengar
|upkeep
|inactive|imfleecy has 90 seconds left.
|
|t:|1758970854
|switch|p1a: Pecharunt|Pecharunt|100/100
|switch|p2a: Scizor|Scizor, F|100/100
|turn|18
|inactive|imfleecy has 90 seconds left.
|
|t:|1758970864
|move|p2a: Scizor|Knock Off|p1a: Pecharunt
|-supereffective|p1a: Pecharunt
|-damage|p1a: Pecharunt|72/100
|-enditem|p1a: Pecharunt|Leftovers|[from] move: Knock Off|[of] p2a: Scizor
|move|p1a: Pecharunt|Substitute|p1a: Pecharunt
|-start|p1a: Pecharunt|Substitute
|-damage|p1a: Pecharunt|47/100
|
|upkeep
|turn|19
|
|t:|1758970886
|move|p2a: Scizor|Tailwind|p2a: Scizor
|-sidestart|p2: imfleecy|move: Tailwind
|move|p1a: Pecharunt|Parting Shot|p2a: Scizor
|-unboost|p2a: Scizor|atk|1
|-unboost|p2a: Scizor|spa|1
|
|t:|1758970890
|switch|p1a: Toxtricity|Toxtricity, F|100/100|[from] Parting Shot
|
|upkeep
|turn|20
|
|t:|1758970898
|move|p2a: Scizor|Knock Off|p1a: Toxtricity
|-damage|p1a: Toxtricity|68/100
|-enditem|p1a: Toxtricity|Choice Specs|[from] move: Knock Off|[of] p2a: Scizor
|move|p1a: Toxtricity|Overdrive|p2a: Scizor
|-damage|p2a: Scizor|24/100
|-enditem|p2a: Scizor|Salac Berry|[eat]
|-boost|p2a: Scizor|spe|1|[from] item: Salac Berry
|
|upkeep
|turn|21
|
|t:|1758970909
|move|p2a: Scizor|Acrobatics|p1a: Toxtricity
|-resisted|p1a: Toxtricity
|-damage|p1a: Toxtricity|49/100
|move|p1a: Toxtricity|Overdrive|p2a: Scizor
|-damage|p2a: Scizor|0 fnt
|faint|p2a: Scizor
|
|upkeep
|
|t:|1758970917
|switch|p2a: Torkoal|Torkoal, M|6/100 psn
|-weather|SunnyDay|[from] ability: Drought|[of] p2a: Torkoal
|turn|22
|
|t:|1758970923
|move|p1a: Toxtricity|Boomburst|p2a: Torkoal
|-damage|p2a: Torkoal|0 fnt
|faint|p2a: Torkoal
|
|win|pokentus
|raw|pokentus's rating: 1071 &rarr; <strong>1101</strong><br />(+30 for winning)
|raw|imfleecy's rating: 1084 &rarr; <strong>1061</strong><br />(-23 for losing)
|l|☆pokentus
|player|p1|
|l|☆imfleecy
|player|p2|
