|j|☆SmogonSmellsButts
|j|☆hgfhvb
|t:|1758932032
|gametype|singles
|player|p1|SmogonSmellsButts|maid|1040
|player|p2|hgfhvb|266|1000
|gen|9
|tier|[Gen 9] OU
|rated|
|rule|HP Percentage Mod: HP is shown in percentages
|rule|Endless Battle Clause: Forcing endless battles is banned
|rule|Species Clause: Limit one of each Pokémon
|rule|OHKO Clause: OHKO moves are banned
|rule|Evasion Items Clause: Evasion items are banned
|rule|Evasion Moves Clause: Evasion moves are banned
|rule|Evasion Abilities Clause: Evasion abilities are banned
|rule|Sleep Moves Clause: Sleep-inducing moves are banned
|clearpoke
|poke|p1|Alomomola, F|
|poke|p1|Amoonguss, F|
|poke|p1|Tornadus-Therian, M|
|poke|p1|Mienshao, F|
|poke|p1|Gliscor, M|
|poke|p1|Zangoose, M|
|poke|p2|Luxray, M|
|poke|p2|Iron Treads|
|poke|p2|Ting-Lu|
|poke|p2|Gholdengo|
|poke|p2|Zamazenta-*|
|poke|p2|Tornadus-Therian, M|
|teampreview
|inactive|Battle timer is ON: inactive players will automatically lose when time's up. (requested by SmogonSmellsButts)
|inactive|hgfhvb has 120 seconds left.
|inactive|hgfhvb has 90 seconds left.
|
|t:|1758932101
|teamsize|p1|6
|teamsize|p2|6
|start
|switch|p1a: Crynge|Gliscor, M|100/100
|switch|p2a: Tornadus|Tornadus-Therian, M|100/100
|turn|1
|
|t:|1758932113
|move|p2a: Tornadus|Nasty Plot|p2a: Tornadus
|-boost|p2a: Tornadus|spa|2
|move|p1a: Crynge|Stealth Rock|p2a: Tornadus
|-sidestart|p2: hgfhvb|move: Stealth Rock
|
|-status|p1a: Crynge|tox|[from] item: Toxic Orb
|upkeep
|turn|2
|
|t:|1758932117
|move|p2a: Tornadus|Bleakwind Storm|p1a: Crynge|[miss]
|-miss|p2a: Tornadus|p1a: Crynge
|move|p1a: Crynge|U-turn|p2a: Tornadus
|-resisted|p2a: Tornadus
|-damage|p2a: Tornadus|89/100
|
|t:|1758932119
|switch|p1a: Cringe|Alomomola, F|100/100|[from] U-turn
|
|upkeep
|turn|3
|
|t:|1758932121
|move|p2a: Tornadus|Bleakwind Storm|p1a: Cringe|[miss]
|-miss|p2a: Tornadus|p1a: Cringe
|move|p1a: Cringe|Mirror Coat||[still]
|-fail|p1a: Cringe
|
|upkeep
|turn|4
|
|t:|1758932126
|switch|p2a: Iron Treads|Iron Treads|100/100
|-damage|p2a: Iron Treads|98/100|[from] Stealth Rock
|-enditem|p2a: Iron Treads|Booster Energy
|-activate|p2a: Iron Treads|ability: Quark Drive|[fromitem]
|-start|p2a: Iron Treads|quarkdrivespe
|move|p1a: Cringe|Soak|p2a: Iron Treads
|-start|p2a: Iron Treads|typechange|Water
|
|upkeep
|turn|5
|
|t:|1758932131
|move|p2a: Iron Treads|Rapid Spin|p1a: Cringe
|-damage|p1a: Cringe|92/100
|-boost|p2a: Iron Treads|spe|1
|-sideend|p2: hgfhvb|Stealth Rock|[from] move: Rapid Spin|[of] p2a: Iron Treads
|move|p1a: Cringe|Flip Turn|p2a: Iron Treads
|-resisted|p2a: Iron Treads
|-damage|p2a: Iron Treads|91/100
|
|t:|1758932135
|switch|p1a: Cronge|Amoonguss, F|100/100|[from] Flip Turn
|
|upkeep
|turn|6
|
|t:|1758932146
|move|p2a: Iron Treads|Ice Spinner|p1a: Cronge
|-supereffective|p1a: Cronge
|-damage|p1a: Cronge|44/100
|move|p1a: Cronge|Toxic|p2a: Iron Treads
|-status|p2a: Iron Treads|tox
|
|-damage|p2a: Iron Treads|84/100 tox|[from] psn
|upkeep
|turn|7
|
|t:|1758932159
|-end|p2a: Iron Treads|Quark Drive|[silent]
|switch|p2a: Ting-Lu|Ting-Lu|100/100
|-ability|p2a: Ting-Lu|Vessel of Ruin
|switch|p1a: Cringe|Alomomola, F|100/100
|
|upkeep
|turn|8
|
|t:|1758932163
|move|p1a: Cringe|Flip Turn|p2a: Ting-Lu
|-supereffective|p2a: Ting-Lu
|-damage|p2a: Ting-Lu|84/100
|-enditem|p2a: Ting-Lu|Weakness Policy
|-boost|p2a: Ting-Lu|atk|2|[from] item: Weakness Policy
|-boost|p2a: Ting-Lu|spa|2|[from] item: Weakness Policy
|
|t:|1758932166
|switch|p1a: Cronge|Amoonguss, F|77/100|[from] Flip Turn
|move|p2a: Ting-Lu|Stealth Rock|p1a: Cronge
|-sidestart|p1: SmogonSmellsButts|move: Stealth Rock
|
|upkeep
|turn|9
|
|t:|1758932171
|move|p2a: Ting-Lu|Earthquake|p1a: Cronge
|-crit|p1a: Cronge
|-damage|p1a: Cronge|0 fnt
|faint|p1a: Cronge
|
|upkeep
|
|t:|1758932180
|switch|p1a: Crange|Mienshao, F|100/100
|turn|10
|
|t:|1758932184
|move|p1a: Crange|Fake Out|p2a: Ting-Lu
|-damage|p2a: Ting-Lu|77/100
|cant|p2a: Ting-Lu|flinch
|
|upkeep
|turn|11
|
|t:|1758932187
|move|p1a: Crange|High Jump Kick|p2a: Ting-Lu
|-supereffective|p2a: Ting-Lu
|-damage|p2a: Ting-Lu|11/100
|move|p2a: Ting-Lu|Earthquake|p1a: Crange
|-damage|p1a: Crange|0 fnt
|faint|p1a: Crange
|
|upkeep
|
|t:|1758932190
|switch|p1a: Crynge|Gliscor, M|100/100 tox
|-damage|p1a: Crynge|88/100 tox|[from] Stealth Rock
|turn|12
|
|t:|1758932202
|switch|p2a: Iron Treads|Iron Treads|84/100 tox
|move|p1a: Crynge|Stealth Rock|p2a: Iron Treads
|-sidestart|p2: hgfhvb|move: Stealth Rock
|
|-damage|p2a: Iron Treads|78/100 tox|[from] psn
|-heal|p1a: Crynge|100/100 tox|[from] ability: Poison Heal
|upkeep
|turn|13
|
|t:|1758932207
|-terastallize|p1a: Crynge|Ground
|move|p2a: Iron Treads|Rapid Spin|p1a: Crynge
|-damage|p1a: Crynge|88/100 tox
|-boost|p2a: Iron Treads|spe|1
|-sideend|p2: hgfhvb|Stealth Rock|[from] move: Rapid Spin|[of] p2a: Iron Treads
|move|p1a: Crynge|Earthquake|p2a: Iron Treads
|-supereffective|p2a: Iron Treads
|-damage|p2a: Iron Treads|3/100 tox
|
|-damage|p2a: Iron Treads|0 fnt|[from] psn
|faint|p2a: Iron Treads
|-end|p2a: Iron Treads|Quark Drive|[silent]
|-heal|p1a: Crynge|100/100 tox|[from] ability: Poison Heal
|upkeep
|
|t:|1758932223
|switch|p2a: Luxray|Luxray, M, shiny|100/100
|turn|14
|
|t:|1758932227
|-terastallize|p2a: Luxray|Normal
|move|p2a: Luxray|Trailblaze|p1a: Crynge
|-supereffective|p1a: Crynge
|-damage|p1a: Crynge|74/100 tox
|-boost|p2a: Luxray|spe|1
|move|p1a: Crynge|Earthquake|p2a: Luxray
|-damage|p2a: Luxray|44/100
|
|-heal|p1a: Crynge|86/100 tox|[from] ability: Poison Heal
|-status|p2a: Luxray|brn|[from] item: Flame Orb
|upkeep
|turn|15
|
|t:|1758932235
|move|p2a: Luxray|Facade|p1a: Crynge
|-damage|p1a: Crynge|0 fnt
|faint|p1a: Crynge
|
|-damage|p2a: Luxray|38/100 brn|[from] brn
|upkeep
|
|t:|1758932241
|switch|p1a: Crenge|Tornadus-Therian, M|100/100
|turn|16
|
|t:|1758932249
|switch|p2a: Ting-Lu|Ting-Lu|11/100
|-ability|p2a: Ting-Lu|Vessel of Ruin
|move|p1a: Crenge|U-turn|p2a: Ting-Lu
|-supereffective|p2a: Ting-Lu
|-damage|p2a: Ting-Lu|0 fnt
|faint|p2a: Ting-Lu
|
|t:|1758932251
|switch|p1a: Carl|Zangoose, M|100/100|[from] U-turn
|-damage|p1a: Carl|88/100|[from] Stealth Rock
|
|-status|p1a: Carl|tox|[from] item: Toxic Orb
|upkeep
|
|t:|1758932255
|switch|p2a: Zamazenta|Zamazenta|100/100
|-ability|p2a: Zamazenta|Dauntless Shield|boost
|-boost|p2a: Zamazenta|def|1
|turn|17
|
|t:|1758932259
|move|p2a: Zamazenta|Body Press|p1a: Carl
|-supereffective|p1a: Carl
|-damage|p1a: Carl|0 fnt
|faint|p1a: Carl
|
|upkeep
|
|t:|1758932261
|switch|p1a: Cringe|Alomomola, F|100/100
|turn|18
|
|t:|1758932264
|move|p2a: Zamazenta|Iron Defense|p2a: Zamazenta
|-boost|p2a: Zamazenta|def|2
|move|p1a: Cringe|Flip Turn|p2a: Zamazenta
|-damage|p2a: Zamazenta|96/100
|-message|SmogonSmellsButts forfeited.
|
|win|hgfhvb
|raw|SmogonSmellsButts's rating: 1040 &rarr; <strong>1022</strong><br />(-18 for losing)
|raw|hgfhvb's rating: 1000 &rarr; <strong>1045</strong><br />(+45 for winning)
|l|☆SmogonSmellsButts
|player|p1|
