|j|☆ymfm45
|j|☆Sudimals
|t:|1759057152
|gametype|singles
|player|p1|ymfm45|170|1183
|player|p2|Sudimals|266|1178
|gen|9
|tier|[Gen 9] OU
|rated|
|rule|HP Percentage Mod: HP is shown in percentages
|rule|Endless Battle Clause: Forcing endless battles is banned
|rule|Species Clause: Limit one of each Pokémon
|rule|OHKO Clause: OHKO moves are banned
|rule|Evasion Items Clause: Evasion items are banned
|rule|Evasion Moves Clause: Evasion moves are banned
|rule|Evasion Abilities Clause: Evasion abilities are banned
|rule|Sleep Moves Clause: Sleep-inducing moves are banned
|clearpoke
|poke|p1|Ceruledge, M|
|poke|p1|Dondozo, M|
|poke|p1|Iron Moth|
|poke|p1|Darkrai|
|poke|p1|Gliscor, F|
|poke|p1|Iron Crown|
|poke|p2|Ursaluna, F|
|poke|p2|Porygon2|
|poke|p2|Zoroark-Hisui, F|
|poke|p2|Blissey, F|
|poke|p2|Sawsbuck, F|
|poke|p2|Arboliva, F|
|teampreview
|inactive|Battle timer is ON: inactive players will automatically lose when time's up. (requested by ymfm45)
|
|t:|1759057165
|teamsize|p1|6
|teamsize|p2|6
|start
|switch|p1a: Gliscor|Gliscor, F|100/100
|switch|p2a: Ursaluna|Ursaluna, F|100/100
|turn|1
|
|t:|1759057176
|move|p1a: Gliscor|Knock Off|p2a: Ursaluna
|-damage|p2a: Ursaluna|85/100
|-enditem|p2a: Ursaluna|Flame Orb|[from] move: Knock Off|[of] p1a: Gliscor
|move|p2a: Ursaluna|Avalanche|p1a: Gliscor
|-supereffective|p1a: Gliscor
|-damage|p1a: Gliscor|0 fnt
|faint|p1a: Gliscor
|
|upkeep
|
|t:|1759057192
|switch|p1a: Ceruledge|Ceruledge, M|100/100
|turn|2
|
|t:|1759057199
|move|p1a: Ceruledge|Close Combat|p2a: Ursaluna
|-supereffective|p2a: Ursaluna
|-damage|p2a: Ursaluna|13/100
|-unboost|p1a: Ceruledge|def|1
|-unboost|p1a: Ceruledge|spd|1
|-damage|p1a: Ceruledge|91/100|[from] item: Life Orb
|move|p2a: Ursaluna|Earthquake|p1a: Ceruledge
|-supereffective|p1a: Ceruledge
|-damage|p1a: Ceruledge|0 fnt
|faint|p1a: Ceruledge
|
|upkeep
|
|t:|1759057208
|switch|p1a: Iron Moth|Iron Moth|100/100
|-enditem|p1a: Iron Moth|Booster Energy
|-activate|p1a: Iron Moth|ability: Quark Drive|[fromitem]
|-start|p1a: Iron Moth|quarkdrivespe
|turn|3
|
|t:|1759057216
|move|p1a: Iron Moth|Fiery Dance|p2a: Ursaluna
|-damage|p2a: Ursaluna|0 fnt
|faint|p2a: Ursaluna
|
|upkeep
|
|t:|1759057225
|switch|p2a: Porygon2|Porygon2|100/100
|-ability|p2a: Porygon2|Download|boost
|-boost|p2a: Porygon2|atk|1
|turn|4
|
|t:|1759057234
|-terastallize|p2a: Porygon2|Water
|move|p1a: Iron Moth|Substitute|p1a: Iron Moth
|-start|p1a: Iron Moth|Substitute
|-damage|p1a: Iron Moth|76/100
|move|p2a: Porygon2|Tera Blast|p1a: Iron Moth|[anim] Tera Blast Water
|-supereffective|p1a: Iron Moth
|-end|p1a: Iron Moth|Substitute
|
|upkeep
|turn|5
|
|t:|1759057252
|-terastallize|p1a: Iron Moth|Fairy
|move|p1a: Iron Moth|Sludge Wave|p2a: Porygon2
|-damage|p2a: Porygon2|72/100
|move|p2a: Porygon2|Electroweb|p1a: Iron Moth
|-damage|p1a: Iron Moth|57/100
|-unboost|p1a: Iron Moth|spe|1
|
|upkeep
|turn|6
|
|t:|1759057265
|-end|p1a: Iron Moth|Quark Drive|[silent]
|switch|p1a: Iron Crown|Iron Crown|100/100
|move|p2a: Porygon2|Trick Room|p2a: Porygon2
|-fieldstart|move: Trick Room|[of] p2a: Porygon2
|
|upkeep
|turn|7
|
|t:|1759057288
|switch|p2a: Arboliva|Arboliva, F|100/100
|move|p1a: Iron Crown|Volt Switch|p2a: Arboliva
|-resisted|p2a: Arboliva
|-damage|p2a: Arboliva|90/100
|
|t:|1759057300
|-end|p1a: Iron Crown|Quark Drive|[silent]
|switch|p1a: Iron Moth|Iron Moth, tera:Fairy|57/100|[from] Volt Switch
|
|upkeep
|turn|8
|
|t:|1759057316
|switch|p2a: Blissey|Blissey, F|100/100
|move|p1a: Iron Moth|Fiery Dance|p2a: Blissey
|-damage|p2a: Blissey|90/100
|
|-heal|p2a: Blissey|96/100|[from] item: Leftovers
|upkeep
|turn|9
|
|t:|1759057330
|-end|p1a: Iron Moth|Quark Drive|[silent]
|switch|p1a: Iron Crown|Iron Crown|100/100
|move|p2a: Blissey|Thunder Wave|p1a: Iron Crown
|-status|p1a: Iron Crown|par
|
|-heal|p2a: Blissey|100/100|[from] item: Leftovers
|upkeep
|turn|10
|
|t:|1759057342
|switch|p2a: Arboliva|Arboliva, F|100/100
|move|p1a: Iron Crown|Tachyon Cutter|p2a: Arboliva
|-damage|p2a: Arboliva|45/100
|replace|p2a: Zoroark|Zoroark-Hisui, F
|-end|p2a: Zoroark|Illusion
|-damage|p2a: Zoroark|0 fnt
|faint|p2a: Zoroark
|-hitcount|p2: Zoroark|2
|
|-fieldend|move: Trick Room
|upkeep
|inactive|Sudimals has 120 seconds left.
|
|t:|1759057374
|switch|p2a: Arboliva|Arboliva, F|90/100
|turn|11
|
|t:|1759057382
|move|p1a: Iron Crown|Focus Blast|p2a: Arboliva
|-supereffective|p2a: Arboliva
|-damage|p2a: Arboliva|17/100
|-enditem|p2a: Arboliva|Sitrus Berry|[eat]
|-heal|p2a: Arboliva|42/100|[from] item: Sitrus Berry
|move|p2a: Arboliva|Leech Seed|p1a: Iron Crown|[miss]
|-miss|p2a: Arboliva|p1a: Iron Crown
|
|upkeep
|turn|12
|
|t:|1759057396
|move|p1a: Iron Crown|Tachyon Cutter|p2a: Arboliva
|-damage|p2a: Arboliva|20/100
|-damage|p2a: Arboliva|0 fnt
|faint|p2a: Arboliva
|-hitcount|p2: Arboliva|2
|
|upkeep
|
|t:|1759057408
|switch|p2a: Porygon2|Porygon2, tera:Water|72/100
|-ability|p2a: Porygon2|Download|boost
|-boost|p2a: Porygon2|atk|1
|turn|13
|
|t:|1759057415
|move|p2a: Porygon2|Tera Blast|p1a: Iron Crown|[anim] Tera Blast Water
|-damage|p1a: Iron Crown|76/100 par
|move|p1a: Iron Crown|Volt Switch|p2a: Porygon2
|-supereffective|p2a: Porygon2
|-damage|p2a: Porygon2|43/100
|
|t:|1759057433
|-end|p1a: Iron Crown|Quark Drive|[silent]
|switch|p1a: Dondozo|Dondozo, M|100/100|[from] Volt Switch
|
|upkeep
|turn|14
|
|t:|1759057449
|switch|p2a: Blissey|Blissey, F|100/100
|move|p1a: Dondozo|Heavy Slam|p2a: Blissey
|-damage|p2a: Blissey|35/100
|
|-heal|p2a: Blissey|42/100|[from] item: Leftovers
|upkeep
|turn|15
|
|t:|1759057464
|move|p2a: Blissey|Healing Wish|p2a: Blissey
|faint|p2a: Blissey
|move|p1a: Dondozo|Heavy Slam|p2: Blissey|[notarget]
|-fail|p1a: Dondozo
|
|upkeep
|
|t:|1759057469
|switch|p2a: Porygon2|Porygon2, tera:Water|43/100
|-heal|p2a: Porygon2|100/100|[from] move: Healing Wish
|-ability|p2a: Porygon2|Download|boost
|-boost|p2a: Porygon2|spa|1
|turn|16
|
|t:|1759057484
|move|p2a: Porygon2|Electroweb|p1a: Dondozo
|-supereffective|p1a: Dondozo
|-damage|p1a: Dondozo|72/100
|-unboost|p1a: Dondozo|spe|1
|move|p1a: Dondozo|Heavy Slam|p2a: Porygon2
|-resisted|p2a: Porygon2
|-damage|p2a: Porygon2|86/100
|
|-heal|p1a: Dondozo|78/100|[from] item: Leftovers
|upkeep
|turn|17
|
|t:|1759057498
|switch|p1a: Iron Crown|Iron Crown|76/100 par
|move|p2a: Porygon2|Electroweb|p1a: Iron Crown
|-damage|p1a: Iron Crown|61/100 par
|-unboost|p1a: Iron Crown|spe|1
|
|upkeep
|turn|18
|
|t:|1759057507
|move|p2a: Porygon2|Tera Blast|p1a: Iron Crown|[anim] Tera Blast Water
|-damage|p1a: Iron Crown|25/100 par
|move|p1a: Iron Crown|Volt Switch|p2a: Porygon2
|-supereffective|p2a: Porygon2
|-damage|p2a: Porygon2|60/100
|
|t:|1759057518
|-end|p1a: Iron Crown|Quark Drive|[silent]
|switch|p1a: Dondozo|Dondozo, M|78/100|[from] Volt Switch
|
|-heal|p1a: Dondozo|84/100|[from] item: Leftovers
|upkeep
|turn|19
|
|t:|1759057528
|switch|p2a: Sawsbuck|Sawsbuck, F|100/100
|move|p1a: Dondozo|Order Up|p2a: Sawsbuck
|-damage|p2a: Sawsbuck|59/100
|
|-heal|p1a: Dondozo|90/100|[from] item: Leftovers
|upkeep
|turn|20
|
|t:|1759057539
|move|p2a: Sawsbuck|Horn Leech|p1a: Dondozo
|-supereffective|p1a: Dondozo
|-damage|p1a: Dondozo|46/100
|-heal|p2a: Sawsbuck|97/100|[from] drain|[of] p1a: Dondozo
|move|p1a: Dondozo|Earthquake|p2a: Sawsbuck
|-resisted|p2a: Sawsbuck
|-damage|p2a: Sawsbuck|72/100
|
|-heal|p1a: Dondozo|52/100|[from] item: Leftovers
|upkeep
|turn|21
|
|t:|1759057550
|switch|p1a: Iron Moth|Iron Moth, tera:Fairy|57/100
|move|p2a: Sawsbuck|Horn Leech|p1a: Iron Moth
|-damage|p1a: Iron Moth|7/100
|-heal|p2a: Sawsbuck|97/100|[from] drain|[of] p1a: Iron Moth
|
|upkeep
|turn|22
|
|t:|1759057557
|move|p2a: Sawsbuck|Horn Leech|p1a: Iron Moth
|-damage|p1a: Iron Moth|0 fnt
|-heal|p2a: Sawsbuck|99/100|[from] drain|[of] p1a: Iron Moth
|faint|p1a: Iron Moth
|-end|p1a: Iron Moth|Quark Drive|[silent]
|
|upkeep
|
|t:|1759057565
|switch|p1a: Darkrai|Darkrai|100/100
|turn|23
|
|t:|1759057572
|move|p2a: Sawsbuck|Horn Leech|p1a: Darkrai
|-damage|p1a: Darkrai|49/100
|-heal|p2a: Sawsbuck|100/100|[from] drain|[of] p1a: Darkrai
|move|p1a: Darkrai|Sludge Bomb|p2a: Sawsbuck
|-supereffective|p2a: Sawsbuck
|-damage|p2a: Sawsbuck|0 fnt
|faint|p2a: Sawsbuck
|
|-heal|p1a: Darkrai|55/100|[from] item: Leftovers
|upkeep
|
|t:|1759057583
|switch|p2a: Porygon2|Porygon2, tera:Water|60/100
|-ability|p2a: Porygon2|Download|boost
|-boost|p2a: Porygon2|atk|1
|turn|24
|
|t:|1759057592
|move|p1a: Darkrai|Dark Pulse|p2a: Porygon2
|-damage|p2a: Porygon2|34/100
|move|p2a: Porygon2|Tera Blast|p1a: Darkrai|[anim] Tera Blast Water
|-damage|p1a: Darkrai|10/100
|
|-heal|p1a: Darkrai|16/100|[from] item: Leftovers
|upkeep
|turn|25
|
|t:|1759057604
|move|p1a: Darkrai|Dark Pulse|p2a: Porygon2
|-damage|p2a: Porygon2|6/100
|move|p2a: Porygon2|Electroweb|p1a: Darkrai
|-damage|p1a: Darkrai|0 fnt
|faint|p1a: Darkrai
|
|upkeep
|
|t:|1759057612
|switch|p1a: Dondozo|Dondozo, M|52/100
|turn|26
|
|t:|1759057616
|move|p2a: Porygon2|Electroweb|p1a: Dondozo
|-supereffective|p1a: Dondozo
|-damage|p1a: Dondozo|22/100
|-unboost|p1a: Dondozo|spe|1
|move|p1a: Dondozo|Heavy Slam|p2a: Porygon2
|-resisted|p2a: Porygon2
|-damage|p2a: Porygon2|0 fnt
|faint|p2a: Porygon2
|
|win|ymfm45
|raw|ymfm45's rating: 1183 &rarr; <strong>1208</strong><br />(+25 for winning)
|raw|Sudimals's rating: 1178 &rarr; <strong>1153</strong><br />(-25 for losing)
|l|☆Sudimals
|player|p2|
|l|☆ymfm45
|player|p1|
